{"id": "gen9ubers-2540517980", "format": "[Gen 9] Ubers", "players": ["Santino696969", "Cold_grits"], "log": "|j|☆Santino696969\n|j|☆Cold_grits\n|t:|1771212092\n|gametype|singles\n|player|p1|Santino696969|ash-kalos|1576\n|player|p2|Cold_grits|fisherman|1582\n|gen|9\n|tier|[Gen 9] Ubers\n|rated|\n|rule|HP Percentage Mod: HP is shown in percentages\n|rule|Endless Battle Clause: Forcing endless battles is banned\n|rule|Sleep Clause Mod: Limit one foe put to sleep\n|rule|Species Clause: Limit one of each Pokémon\n|rule|OHKO Clause: OHKO moves are banned\n|rule|Evasion Items Clause: Evasion items are banned\n|rule|Evasion Moves Clause: Evasion moves are banned\n|clearpoke\n|poke|p1|Koraidon|\n|poke|p1|Kyurem-Black|\n|poke|p1|Deoxys-Attack|\n|poke|p1|Rayquaza|\n|poke|p1|Necrozma-Dusk-Mane|\n|poke|p1|Arceus-Ground|\n|poke|p2|Arceus|\n|poke|p2|Blissey, F|\n|poke|p2|Tyranitar, F|\n|poke|p2|Dondozo, M|\n|poke|p2|Gliscor, M|\n|poke|p2|Ho-Oh|\n|teampreview\n|inactive|Battle timer is ON: inactive players will automatically lose when time's up. (requested by Cold_grits)\n|inactive|Santino696969 also wants the timer to be on.\n|\n|t:|1771212098\n|teamsize|p1|6\n|teamsize|p2|6\n|start\n|switch|p1a: Rayquaza|Rayquaza|100/100\n|switch|p2a: Gliscor|Gliscor, M|100/100\n|-ability|p1a: Rayquaza|Air Lock\n|turn|1\n|\n|t:|1771212103\n|move|p1a: Rayquaza|Ice Beam|p2a: Gliscor\n|-supereffective|p2a: Gliscor\n|-damage|p2a: Gliscor|0 fnt\n|faint|p2a: Gliscor\n|\n|upkeep\n|\n|t:|1771212110\n|switch|p2a: Tyranitar|Tyranitar, F, shiny|100/100\n|-weather|Sandstorm|[from] ability: Sand Stream|[of] p2a: Tyranitar\n|turn|2\n|\n|t:|1771212112\n|move|p1a: Rayquaza|Stealth Rock|p2a: Tyranitar\n|-sidestart|p2: Cold_grits|move: Stealth Rock\n|move|p2a: Tyranitar|Thunder Wave|p1a: Rayquaza\n|-status|p1a: Rayquaza|par\n|\n|-weather|Sandstorm|[upkeep]\n|upkeep\n|turn|3\n|\n|t:|1771212117\n|move|p1a: Rayquaza|Dragon Ascent|p2a: Tyranitar\n|-resisted|p2a: Tyranitar\n|-damage|p2a: Tyranitar|79/100\n|-unboost|p1a: Rayquaza|def|1\n|-unboost|p1a: Rayquaza|spd|1\n|move|p2a: Tyranitar|Knock Off|p1a: Rayquaza\n|-damage|p1a: Rayquaza|25/100 par\n|-enditem|p1a: Rayquaza|Focus Sash|[from] move: Knock Off|[of] p2a: Tyranitar\n|\n|-weather|Sandstorm|[upkeep]\n|upkeep\n|turn|4\n|\n|t:|1771212124\n|move|p2a: Tyranitar|Knock Off|p1a: Rayquaza\n|-damage|p1a: Rayquaza|0 fnt\n|faint|p1a: Rayquaza\n|\n|-weather|Sandstorm|[upkeep]\n|upkeep\n|c|☆Cold_grits|Wow\n|\n|t:|1771212134\n|switch|p1a: Arceus|Arceus-Ground|100/100\n|turn|5\n|c|☆Cold_grits|Never expected ice beam\n|c|☆Santino696969|It’s a cool lead set I made\n|\n|t:|1771212151\n|move|p1a: Arceus|Calm Mind|p1a: Arceus\n|-boost|p1a: Arceus|spa|1\n|-boost|p1a: Arceus|spd|1\n|move|p2a: Tyranitar|Roar|p1a: Arceus\n|drag|p1a: Necrozma|Necrozma-Dusk-Mane|100/100\n|\n|-weather|Sandstorm|[upkeep]\n|upkeep\n|turn|6\n|\n|t:|1771212157\n|switch|p1a: Arceus|Arceus-Ground|100/100\n|switch|p2a: Ho-Oh|Ho-Oh|100/100\n|\n|-weather|none\n|upkeep\n|turn|7\n|\n|t:|1771212162\n|move|p1a: Arceus|Calm Mind|p1a: Arceus\n|-boost|p1a: Arceus|spa|1\n|-boost|p1a: Arceus|spd|1\n|move|p2a: Ho-Oh|Whirlwind|p1a: Arceus\n|drag|p1a: Koraidon|Koraidon|100/100\n|-weather|SunnyDay|[from] ability: Orichalcum Pulse|[of] p1a: Koraidon\n|-activate|p1a: Koraidon|Orichalcum Pulse|[source]\n|\n|-weather|SunnyDay|[upkeep]\n|upkeep\n|turn|8\n|\n|t:|1771212166\n|switch|p1a: Arceus|Arceus-Ground|100/100\n|move|p2a: Ho-Oh|Sacred Fire|p1a: Arceus\n|-damage|p1a: Arceus|54/100\n|\n|-weather|SunnyDay|[upkeep]\n|upkeep\n|turn|9\n|\n|t:|1771212169\n|move|p1a: Arceus|Power Gem|p2a: Ho-Oh\n|-supereffective|p2a: Ho-Oh\n|-damage|p2a: Ho-Oh|40/100\n|move|p2a: Ho-Oh|Sacred Fire|p1a: Arceus\n|-damage|p1a: Arceus|7/100\n|-status|p1a: Arceus|brn\n|\n|-weather|SunnyDay|[upkeep]\n|-damage|p1a: Arceus|1/100 brn|[from] brn\n|upkeep\n|turn|10\n|\n|t:|1771212185\n|switch|p2a: Arceus|Arceus|100/100\n|move|p1a: Arceus|Ice Beam|p2a: Arceus\n|-damage|p2a: Arceus|82/100\n|\n|-weather|SunnyDay|[upkeep]\n|-damage|p1a: Arceus|0 fnt|[from] brn\n|faint|p1a: Arceus\n|upkeep\n|\n|t:|1771212189\n|switch|p1a: Necrozma|Necrozma-Dusk-Mane|100/100\n|turn|11\n|\n|t:|1771212192\n|move|p2a: Arceus|Will-O-Wisp|p1a: Necrozma\n|-status|p1a: Necrozma|brn\n|move|p1a: Necrozma|Dragon Dance|p1a: Necrozma\n|-boost|p1a: Necrozma|atk|1\n|-boost|p1a: Necrozma|spe|1\n|\n|-weather|none\n|-damage|p1a: Necrozma|95/100 brn|[from] brn\n|upkeep\n|turn|12\n|\n|t:|1771212197\n|move|p1a: Necrozma|Knock Off|p2a: Arceus\n|-damage|p2a: Arceus|67/100\n|-enditem|p2a: Arceus|Heavy-Duty Boots|[from] move: Knock Off|[of] p1a: Necrozma\n|move|p2a: Arceus|Foul Play|p1a: Necrozma\n|-supereffective|p1a: Necrozma\n|-damage|p1a: Necrozma|29/100 brn\n|-enditem|p1a: Necrozma|Weakness Policy\n|-boost|p1a: Necrozma|atk|2|[from] item: Weakness Policy\n|-boost|p1a: Necrozma|spa|2|[from] item: Weakness Policy\n|\n|-damage|p1a: Necrozma|23/100 brn|[from] brn\n|upkeep\n|turn|13\n|\n|t:|1771212206\n|switch|p2a: Dondozo|Dondozo, M, shiny|100/100\n|move|p1a: Necrozma|Photon Geyser|p2a: Dondozo\n|-damage|p2a: Dondozo|67/100\n|\n|-damage|p1a: Necrozma|17/100 brn|[from] brn\n|upkeep\n|turn|14\n|\n|t:|1771212220\n|move|p1a: Necrozma|Knock Off|p2a: Dondozo\n|-damage|p2a: Dondozo|59/100\n|-enditem|p2a: Dondozo|Heavy-Duty Boots|[from] move: Knock Off|[of] p1a: Necrozma\n|move|p2a: Dondozo|Curse|p2a: Dondozo\n|-unboost|p2a: Dondozo|spe|1\n|-boost|p2a: Dondozo|atk|1\n|-boost|p2a: Dondozo|def|1\n|\n|-damage|p1a: Necrozma|11/100 brn|[from] brn\n|upkeep\n|turn|15\n|\n|t:|1771212224\n|move|p1a: Necrozma|Photon Geyser|p2a: Dondozo\n|-damage|p2a: Dondozo|36/100\n|move|p2a: Dondozo|Rest|p2a: Dondozo\n|-status|p2a: Dondozo|slp|[from] move: Rest\n|-heal|p2a: Dondozo|100/100 slp|[silent]\n|\n|-damage|p1a: Necrozma|5/100 brn|[from] brn\n|upkeep\n|turn|16\n|\n|t:|1771212227\n|move|p1a: Necrozma|Photon Geyser|p2a: Dondozo\n|-damage|p2a: Dondozo|78/100 slp\n|cant|p2a: Dondozo|slp\n|move|p2a: Dondozo|Sleep Talk|p2a: Dondozo\n|move|p2a: Dondozo|Curse|p2a: Dondozo|[from] move: Sleep Talk\n|-unboost|p2a: Dondozo|spe|1\n|-boost|p2a: Dondozo|atk|1\n|-boost|p2a: Dondozo|def|1\n|\n|-damage|p1a: Necrozma|0 fnt|[from] brn\n|faint|p1a: Necrozma\n|upkeep\n|\n|t:|1771212229\n|switch|p1a: Deoxys|Deoxys-Attack|100/100\n|-ability|p1a: Deoxys|Pressure\n|turn|17\n|\n|t:|1771212237\n|switch|p2a: Tyranitar|Tyranitar, F, shiny|79/100\n|-weather|Sandstorm|[from] ability: Sand Stream|[of] p2a: Tyranitar\n|move|p1a: Deoxys|Psycho Boost|p2a: Tyranitar\n|-immune|p2a: Tyranitar\n|\n|-weather|Sandstorm|[upkeep]\n|-damage|p1a: Deoxys|94/100|[from] Sandstorm\n|upkeep\n|turn|18\n|\n|t:|1771212243\n|switch|p1a: Kyurem|Kyurem-Black|100/100\n|-ability|p1a: Kyurem|Teravolt\n|move|p2a: Tyranitar|Thunder Wave|p1a: Kyurem\n|-status|p1a: Kyurem|par\n|\n|-weather|Sandstorm|[upkeep]\n|-damage|p1a: Kyurem|94/100 par|[from] Sandstorm\n|upkeep\n|turn|19\n|\n|t:|1771212252\n|move|p1a: Kyurem|Fusion Bolt|p2a: Tyranitar\n|-damage|p2a: Tyranitar|54/100\n|move|p2a: Tyranitar|Knock Off|p1a: Kyurem\n|-damage|p1a: Kyurem|56/100 par\n|-enditem|p1a: Kyurem|Heavy-Duty Boots|[from] move: Knock Off|[of] p2a: Tyranitar\n|\n|-weather|Sandstorm|[upkeep]\n|-damage|p1a: Kyurem|50/100 par|[from] Sandstorm\n|upkeep\n|turn|20\n|\n|t:|1771212274\n|move|p1a: Kyurem|Icicle Spear|p2a: Tyranitar\n|-damage|p2a: Tyranitar|43/100\n|-damage|p2a: Tyranitar|32/100\n|-damage|p2a: Tyranitar|23/100\n|-hitcount|p2a: Tyranitar|3\n|move|p2a: Tyranitar|Roar|p1a: Kyurem\n|drag|p1a: Deoxys|Deoxys-Attack|94/100\n|-ability|p1a: Deoxys|Pressure\n|\n|-weather|Sandstorm|[upkeep]\n|-damage|p1a: Deoxys|88/100|[from] Sandstorm\n|upkeep\n|turn|21\n|\n|t:|1771212278\n|move|p1a: Deoxys|Rock Slide|p2a: Tyranitar\n|-damage|p2a: Tyranitar|0 fnt\n|faint|p2a: Tyranitar\n|-damage|p1a: Deoxys|78/100|[from] item: Life Orb\n|\n|-weather|none\n|upkeep\n|\n|t:|1771212281\n|switch|p2a: Arceus|Arceus|67/100\n|-damage|p2a: Arceus|55/100|[from] Stealth Rock\n|turn|22\n|c|☆Cold_grits|Misclick\n|c|☆Cold_grits|damn\n|\n|t:|1771212300\n|switch|p1a: Kyurem|Kyurem-Black|50/100 par\n|-ability|p1a: Kyurem|Teravolt\n|move|p2a: Arceus|Recover|p2a: Arceus\n|-heal|p2a: Arceus|100/100\n|\n|upkeep\n|turn|23\n|\n|t:|1771212302\n|move|p2a: Arceus|Foul Play|p1a: Kyurem\n|-damage|p1a: Kyurem|17/100 par\n|move|p1a: Kyurem|Icicle Spear|p2a: Arceus\n|-damage|p2a: Arceus|92/100\n|-damage|p2a: Arceus|83/100\n|-damage|p2a: Arceus|75/100\n|-hitcount|p2a: Arceus|3\n|\n|upkeep\n|turn|24\n|\n|t:|1771212307\n|move|p2a: Arceus|Foul Play|p1a: Kyurem\n|-damage|p1a: Kyurem|0 fnt\n|faint|p1a: Kyurem\n|\n|upkeep\n|\n|t:|1771212311\n|switch|p1a: Koraidon|Koraidon|100/100\n|-weather|SunnyDay|[from] ability: Orichalcum Pulse|[of] p1a: Koraidon\n|-activate|p1a: Koraidon|Orichalcum Pulse|[source]\n|turn|25\n|\n|t:|1771212326\n|switch|p2a: Ho-Oh|Ho-Oh|73/100\n|move|p1a: Koraidon|Flare Blitz|p2a: Ho-Oh\n|-resisted|p2a: Ho-Oh\n|-damage|p2a: Ho-Oh|45/100\n|-damage|p1a: Koraidon|89/100|[from] Recoil\n|\n|-weather|SunnyDay|[upkeep]\n|upkeep\n|turn|26\n|\n|t:|1771212344\n|switch|p2a: Dondozo|Dondozo, M, shiny|78/100 slp\n|-damage|p2a: Dondozo|66/100 slp|[from] Stealth Rock\n|move|p1a: Koraidon|Scale Shot|p2a: Dondozo|[miss]\n|-miss|p1a: Koraidon|p2a: Dondozo\n|\n|-weather|SunnyDay|[upkeep]\n|upkeep\n|turn|27\n|\n|t:|1771212350\n|move|p1a: Koraidon|Scale Shot|p2a: Dondozo\n|-damage|p2a: Dondozo|58/100 slp\n|-damage|p2a: Dondozo|50/100 slp\n|-damage|p2a: Dondozo|42/100 slp\n|-damage|p2a: Dondozo|34/100 slp\n|-damage|p2a: Dondozo|26/100 slp\n|-hitcount|p2a: Dondozo|5\n|-unboost|p1a: Koraidon|def|1\n|-boost|p1a: Koraidon|spe|1\n|cant|p2a: Dondozo|slp\n|move|p2a: Dondozo|Sleep Talk|p2a: Dondozo\n|move|p2a: Dondozo|Rest||[from] move: Sleep Talk|[still]\n|-fail|p2a: Dondozo\n|\n|-weather|SunnyDay|[upkeep]\n|upkeep\n|turn|28\n|\n|t:|1771212368\n|-terastallize|p2a: Dondozo|Fairy\n|move|p1a: Koraidon|Scale Shot|p2a: Dondozo\n|-immune|p2a: Dondozo\n|-curestatus|p2a: Dondozo|slp|[msg]\n|move|p2a: Dondozo|Rest|p2a: Dondozo\n|-status|p2a: Dondozo|slp|[from] move: Rest\n|-heal|p2a: Dondozo|100/100 slp|[silent]\n|\n|-weather|SunnyDay|[upkeep]\n|upkeep\n|turn|29\n|\n|t:|1771212372\n|switch|p1a: Deoxys|Deoxys-Attack|78/100\n|-ability|p1a: Deoxys|Pressure\n|cant|p2a: Dondozo|slp\n|move|p2a: Dondozo|Sleep Talk|p2a: Dondozo\n|move|p2a: Dondozo|Rest||[from] move: Sleep Talk|[still]\n|-fail|p2a: Dondozo\n|\n|-weather|none\n|upkeep\n|turn|30\n|\n|t:|1771212377\n|switch|p2a: Blissey|Blissey, F|100/100\n|move|p1a: Deoxys|Psycho Boost|p2a: Blissey\n|-damage|p2a: Blissey|64/100\n|-unboost|p1a: Deoxys|spa|2\n|-damage|p1a: Deoxys|68/100|[from] item: Life Orb\n|\n|upkeep\n|turn|31\n|\n|t:|1771212383\n|switch|p1a: Koraidon|Koraidon|89/100\n|-weather|SunnyDay|[from] ability: Orichalcum Pulse|[of] p1a: Koraidon\n|-activate|p1a: Koraidon|Orichalcum Pulse|[source]\n|switch|p2a: Arceus|Arceus|75/100\n|-damage|p2a: Arceus|62/100|[from] Stealth Rock\n|\n|-weather|SunnyDay|[upkeep]\n|upkeep\n|turn|32\n|\n|t:|1771212398\n|switch|p2a: Ho-Oh|Ho-Oh|79/100\n|move|p1a: Koraidon|Flare Blitz|p2a: Ho-Oh\n|-resisted|p2a: Ho-Oh\n|-damage|p2a: Ho-Oh|51/100\n|-damage|p1a: Koraidon|78/100|[from] Recoil\n|\n|-weather|SunnyDay|[upkeep]\n|upkeep\n|turn|33\n|\n|t:|1771212406\n|switch|p1a: Deoxys|Deoxys-Attack|68/100\n|-ability|p1a: Deoxys|Pressure\n|switch|p2a: Dondozo|Dondozo, M, shiny, tera:Fairy|100/100 slp\n|-damage|p2a: Dondozo|88/100 slp|[from] Stealth Rock\n|\n|-weather|SunnyDay|[upkeep]\n|upkeep\n|turn|34\n|\n|t:|1771212412\n|switch|p2a: Blissey|Blissey, F|64/100\n|move|p1a: Deoxys|Psycho Boost|p2a: Blissey\n|-damage|p2a: Blissey|29/100\n|-unboost|p1a: Deoxys|spa|2\n|-damage|p1a: Deoxys|58/100|[from] item: Life Orb\n|\n|-weather|SunnyDay|[upkeep]\n|upkeep\n|turn|35\n|\n|t:|1771212419\n|move|p1a: Deoxys|Fire Punch|p2a: Blissey\n|-damage|p2a: Blissey|0 fnt\n|faint|p2a: Blissey\n|-damage|p1a: Deoxys|48/100|[from] item: Life Orb\n|\n|-weather|none\n|upkeep\n|\n|t:|1771212424\n|switch|p2a: Arceus|Arceus|62/100\n|-damage|p2a: Arceus|50/100|[from] Stealth Rock\n|turn|36\n|\n|t:|1771212429\n|switch|p1a: Koraidon|Koraidon|78/100\n|-weather|SunnyDay|[from] ability: Orichalcum Pulse|[of] p1a: Koraidon\n|-activate|p1a: Koraidon|Orichalcum Pulse|[source]\n|move|p2a: Arceus|Will-O-Wisp|p1a: Koraidon\n|-status|p1a: Koraidon|brn\n|\n|-weather|SunnyDay|[upkeep]\n|-damage|p1a: Koraidon|72/100 brn|[from] brn\n|upkeep\n|turn|37\n|\n|t:|1771212435\n|switch|p2a: Ho-Oh|Ho-Oh|84/100\n|move|p1a: Koraidon|Swords Dance|p1a: Koraidon\n|-boost|p1a: Koraidon|atk|2\n|\n|-weather|SunnyDay|[upkeep]\n|-damage|p1a: Koraidon|66/100 brn|[from] brn\n|upkeep\n|turn|38\n|\n|t:|1771212438\n|switch|p2a: Dondozo|Dondozo, M, shiny, tera:Fairy|88/100 slp\n|-damage|p2a: Dondozo|76/100 slp|[from] Stealth Rock\n|move|p1a: Koraidon|Scale Shot|p2a: Dondozo\n|-immune|p2a: Dondozo\n|\n|-weather|SunnyDay|[upkeep]\n|-damage|p1a: Koraidon|60/100 brn|[from] brn\n|upkeep\n|turn|39\n|\n|t:|1771212442\n|move|p1a: Koraidon|Flare Blitz|p2a: Dondozo\n|-damage|p2a: Dondozo|58/100 slp\n|-damage|p1a: Koraidon|51/100 brn|[from] Recoil\n|cant|p2a: Dondozo|slp\n|move|p2a: Dondozo|Sleep Talk|p2a: Dondozo\n|move|p2a: Dondozo|Curse|p2a: Dondozo|[from] move: Sleep Talk\n|-unboost|p2a: Dondozo|spe|1\n|-boost|p2a: Dondozo|atk|1\n|-boost|p2a: Dondozo|def|1\n|\n|-weather|SunnyDay|[upkeep]\n|-damage|p1a: Koraidon|45/100 brn|[from] brn\n|upkeep\n|turn|40\n|\n|t:|1771212445\n|move|p1a: Koraidon|Flare Blitz|p2a: Dondozo\n|-damage|p2a: Dondozo|46/100 slp\n|-damage|p1a: Koraidon|39/100 brn|[from] Recoil\n|-curestatus|p2a: Dondozo|slp|[msg]\n|move|p2a: Dondozo|Waterfall|p1a: Koraidon\n|-resisted|p1a: Koraidon\n|-damage|p1a: Koraidon|31/100 brn\n|\n|-weather|none\n|-damage|p1a: Koraidon|25/100 brn|[from] brn\n|upkeep\n|turn|41\n|\n|t:|1771212449\n|move|p1a: Koraidon|Flare Blitz|p2a: Dondozo\n|-damage|p2a: Dondozo|40/100\n|-damage|p1a: Koraidon|22/100 brn|[from] Recoil\n|move|p2a: Dondozo|Waterfall|p1a: Koraidon\n|-resisted|p1a: Koraidon\n|-damage|p1a: Koraidon|2/100 brn\n|\n|-damage|p1a: Koraidon|0 fnt|[from] brn\n|faint|p1a: Koraidon\n|upkeep\n|\n|t:|1771212452\n|switch|p1a: Deoxys|Deoxys-Attack|48/100\n|-ability|p1a: Deoxys|Pressure\n|turn|42\n|c|☆Cold_grits|Gg wp\n|\n|t:|1771212460\n|move|p1a: Deoxys|Psycho Boost|p2a: Dondozo\n|-crit|p2a: Dondozo\n|-damage|p2a: Dondozo|0 fnt\n|-unboost|p1a: Deoxys|spa|2\n|faint|p2a: Dondozo\n|-damage|p1a: Deoxys|38/100|[from] item: Life Orb\n|\n|upkeep\n|\n|t:|1771212465\n|switch|p2a: Arceus|Arceus|50/100\n|-damage|p2a: Arceus|37/100|[from] Stealth Rock\n|turn|43\n|\n|t:|1771212472\n|-terastallize|p1a: Deoxys|Ghost\n|move|p2a: Arceus|Extreme Speed|p1a: Deoxys\n|-immune|p1a: Deoxys\n|move|p1a: Deoxys|Rock Slide|p2a: Arceus\n|-damage|p2a: Arceus|16/100\n|-damage|p1a: Deoxys|28/100|[from] item: Life Orb\n|\n|upkeep\n|turn|44\n|c|☆Cold_grits|Oh\n|c|☆Santino696969|gg\n|c|☆Cold_grits|I thought I had this lmao\n|c|☆Santino696969|very well played\n|\n|t:|1771212497\n|move|p1a: Deoxys|Rock Slide|p2a: Arceus\n|-damage|p2a: Arceus|0 fnt\n|faint|p2a: Arceus\n|-damage|p1a: Deoxys|18/100|[from] item: Life Orb\n|\n|upkeep\n|\n|t:|1771212499\n|switch|p2a: Ho-Oh|Ho-Oh|100/100\n|turn|45\n|\n|t:|1771212504\n|move|p1a: Deoxys|Rock Slide|p2a: Ho-Oh\n|-supereffective|p2a: Ho-Oh\n|-damage|p2a: Ho-Oh|0 fnt\n|faint|p2a: Ho-Oh\n|-damage|p1a: Deoxys|8/100|[from] item: Life Orb\n|\n|win|Santino696969\n|raw|Santino696969's rating: 1576 &rarr; <strong>1596</strong><br />(+20 for winning)\n|raw|Cold_grits's rating: 1582 &rarr; <strong>1562</strong><br />(-20 for losing)\n|c|☆Cold_grits|Gg\n|c|☆Santino696969|gg\n|c|☆Cold_grits|Cool sets\n|l|☆Cold_grits\n|player|p2|\n|c|☆Santino696969|Thank you\n", "uploadtime": 1771212522, "views": 35, "formatid": "gen9ubers", "rating": 1562, "private": 0, "password": null}