{"id": "gen9ubers-2638951821", "format": "[Gen 9] Ubers", "players": ["jason986", "maelizondo2"], "log": "|badge|p2|bronze|gen9ubers|100-9\n|uhtml|medal-msg|<div class=\"broadcast-blue\">Curious what those medals under the avatar are? PS now has Ladder Seasons! For more information, check out the <a href=\"https://www.smogon.com/forums/threads/3740067/\">thread on Smogon.</a></div>\n|j|☆jason986\n|j|☆maelizondo2\n|t:|1782402585\n|gametype|singles\n|player|p1|jason986|1|1534\n|player|p2|maelizondo2|lance|1622\n|gen|9\n|tier|[Gen 9] Ubers\n|rated|\n|rule|HP Percentage Mod: HP is shown in percentages\n|rule|Endless Battle Clause: Forcing endless battles is banned\n|rule|Sleep Clause Mod: Limit one foe put to sleep\n|rule|Species Clause: Limit one of each Pokémon\n|rule|OHKO Clause: OHKO moves are banned\n|rule|Evasion Items Clause: Evasion items are banned\n|rule|Evasion Moves Clause: Evasion moves are banned\n|clearpoke\n|poke|p1|Deoxys-Speed|\n|poke|p1|Lunala|\n|poke|p1|Koraidon|\n|poke|p1|Zacian-*|\n|poke|p1|Arceus|\n|poke|p1|Kingambit, M|\n|poke|p2|Hatterene, F|\n|poke|p2|Arceus-Electric|\n|poke|p2|Calyrex-Ice|\n|poke|p2|Ho-Oh|\n|poke|p2|Kyogre|\n|poke|p2|Koraidon|\n|teampreview\n|\n|t:|1782402623\n|teamsize|p1|6\n|teamsize|p2|6\n|start\n|switch|p1a: Arceus|Arceus|100/100\n|switch|p2a: Kyogre|Kyogre|100/100\n|-weather|RainDance|[from] ability: Drizzle|[of] p2a: Kyogre\n|turn|1\n|inactive|Battle timer is ON: inactive players will automatically lose when time's up. (requested by maelizondo2)\n|\n|t:|1782402629\n|move|p1a: Arceus|Extreme Speed|p2a: Kyogre\n|-damage|p2a: Kyogre|68/100\n|move|p2a: Kyogre|Origin Pulse|p1a: Arceus\n|-damage|p1a: Arceus|38/100\n|\n|-weather|RainDance|[upkeep]\n|-heal|p2a: Kyogre|74/100|[from] item: Leftovers\n|upkeep\n|turn|2\n|\n|t:|1782402636\n|move|p1a: Arceus|Extreme Speed|p2a: Kyogre\n|-damage|p2a: Kyogre|37/100\n|move|p2a: Kyogre|Origin Pulse|p1a: Arceus\n|-damage|p1a: Arceus|0 fnt\n|faint|p1a: Arceus\n|\n|-weather|RainDance|[upkeep]\n|-heal|p2a: Kyogre|43/100|[from] item: Leftovers\n|upkeep\n|\n|t:|1782402658\n|switch|p1a: Lunala|Lunala|100/100\n|turn|3\n|\n|t:|1782402669\n|-terastallize|p1a: Lunala|Ghost\n|move|p1a: Lunala|Moongeist Beam|p2a: Kyogre\n|-damage|p2a: Kyogre|0 fnt\n|faint|p2a: Kyogre\n|\n|-weather|RainDance|[upkeep]\n|upkeep\n|\n|t:|1782402689\n|switch|p2a: Koraidon|Koraidon|100/100\n|-weather|SunnyDay|[from] ability: Orichalcum Pulse|[of] p2a: Koraidon\n|-activate|p2a: Koraidon|Orichalcum Pulse|[source]\n|turn|4\n|\n|t:|1782402696\n|switch|p1a: Deoxys|Deoxys-Speed|100/100\n|-ability|p1a: Deoxys|Pressure\n|move|p2a: Koraidon|Scale Shot|p1a: Deoxys|[miss]\n|-miss|p2a: Koraidon|p1a: Deoxys\n|\n|-weather|SunnyDay|[upkeep]\n|upkeep\n|turn|5\n|\n|t:|1782402704\n|move|p1a: Deoxys|Psycho Boost|p2a: Koraidon\n|-supereffective|p2a: Koraidon\n|-damage|p2a: Koraidon|9/100\n|-unboost|p1a: Deoxys|spa|2\n|move|p2a: Koraidon|Scale Shot|p1a: Deoxys\n|-damage|p1a: Deoxys|77/100\n|-damage|p1a: Deoxys|54/100\n|-damage|p1a: Deoxys|30/100\n|-hitcount|p1a: Deoxys|3\n|-unboost|p2a: Koraidon|def|1\n|-boost|p2a: Koraidon|spe|1\n|-damage|p2a: Koraidon|0 fnt|[from] item: Life Orb\n|faint|p2a: Koraidon\n|\n|-weather|SunnyDay|[upkeep]\n|upkeep\n|\n|t:|1782402721\n|switch|p2a: Arceus|Arceus-Electric|100/100\n|turn|6\n|\n|t:|1782402724\n|switch|p2a: Hatterene|Hatterene, F|100/100\n|move|p1a: Deoxys|Taunt|p2a: Hatterene\n|move|p2a: Hatterene|Taunt|p1a: Deoxys|[from] ability: Magic Bounce\n|-start|p1a: Deoxys|move: Taunt\n|\n|-weather|SunnyDay|[upkeep]\n|upkeep\n|turn|7\n|\n|t:|1782402732\n|switch|p2a: Arceus|Arceus-Electric|100/100\n|move|p1a: Deoxys|Psycho Boost|p2a: Arceus\n|-damage|p2a: Arceus|85/100\n|-unboost|p1a: Deoxys|spa|2\n|\n|-weather|SunnyDay|[upkeep]\n|upkeep\n|turn|8\n|\n|t:|1782402748\n|switch|p1a: Koraidon|Koraidon|100/100\n|-activate|p1a: Koraidon|ability: Orichalcum Pulse\n|move|p2a: Arceus|Calm Mind|p2a: Arceus\n|-boost|p2a: Arceus|spa|1\n|-boost|p2a: Arceus|spd|1\n|\n|-weather|none\n|upkeep\n|turn|9\n|\n|t:|1782402756\n|switch|p1a: Deoxys|Deoxys-Speed|30/100\n|-ability|p1a: Deoxys|Pressure\n|move|p2a: Arceus|Will-O-Wisp|p1a: Deoxys\n|-status|p1a: Deoxys|brn\n|\n|-damage|p1a: Deoxys|24/100 brn|[from] brn\n|upkeep\n|turn|10\n|j| Idiot2000\n|\n|t:|1782402766\n|move|p1a: Deoxys|Taunt|p2a: Arceus\n|-start|p2a: Arceus|move: Taunt\n|cant|p2a: Arceus|move: Taunt|Calm Mind\n|\n|-damage|p1a: Deoxys|17/100 brn|[from] brn\n|upkeep\n|turn|11\n|l| Idiot2000\n|\n|t:|1782402772\n|move|p1a: Deoxys|Psycho Boost|p2a: Arceus|[miss]\n|-miss|p1a: Deoxys|p2a: Arceus\n|move|p2a: Arceus|Judgment|p1a: Deoxys\n|-damage|p1a: Deoxys|0 fnt\n|faint|p1a: Deoxys\n|\n|upkeep\n|\n|t:|1782402778\n|switch|p1a: Koraidon|Koraidon|100/100\n|-weather|SunnyDay|[from] ability: Orichalcum Pulse|[of] p1a: Koraidon\n|-activate|p1a: Koraidon|Orichalcum Pulse|[source]\n|turn|12\n|\n|t:|1782402783\n|move|p1a: Koraidon|Swords Dance|p1a: Koraidon\n|-boost|p1a: Koraidon|atk|2\n|move|p2a: Arceus|Judgment|p1a: Koraidon\n|-resisted|p1a: Koraidon\n|-damage|p1a: Koraidon|62/100\n|\n|-weather|SunnyDay|[upkeep]\n|-end|p2a: Arceus|move: Taunt\n|upkeep\n|turn|13\n|\n|t:|1782402791\n|switch|p2a: Hatterene|Hatterene, F|100/100\n|move|p1a: Koraidon|Scale Shot|p2a: Hatterene\n|-immune|p2a: Hatterene\n|\n|-weather|SunnyDay|[upkeep]\n|upkeep\n|turn|14\n|\n|t:|1782402798\n|switch|p2a: Ho-Oh|Ho-Oh|100/100\n|move|p1a: Koraidon|Flare Blitz|p2a: Ho-Oh\n|-resisted|p2a: Ho-Oh\n|-damage|p2a: Ho-Oh|41/100\n|-damage|p1a: Koraidon|39/100|[from] Recoil\n|\n|-weather|SunnyDay|[upkeep]\n|upkeep\n|turn|15\n|\n|t:|1782402806\n|switch|p2a: Hatterene|Hatterene, F|100/100\n|move|p1a: Koraidon|Flare Blitz|p2a: Hatterene\n|-damage|p2a: Hatterene|0 fnt\n|-damage|p1a: Koraidon|22/100|[from] item: Rocky Helmet|[of] p2a: Hatterene\n|faint|p2a: Hatterene\n|-damage|p1a: Koraidon|0 fnt|[from] Recoil\n|faint|p1a: Koraidon\n|\n|-weather|SunnyDay|[upkeep]\n|upkeep\n|\n|t:|1782402816\n|switch|p1a: Lunala|Lunala, tera:Ghost|100/100\n|switch|p2a: Arceus|Arceus-Electric|85/100\n|turn|16\n|\n|t:|1782402822\n|move|p1a: Lunala|Meteor Beam||[still]\n|-prepare|p1a: Lunala|Meteor Beam\n|-boost|p1a: Lunala|spa|1\n|-enditem|p1a: Lunala|Power Herb\n|-anim|p1a: Lunala|Meteor Beam|p2a: Arceus\n|-damage|p2a: Arceus|43/100\n|move|p2a: Arceus|Calm Mind|p2a: Arceus\n|-boost|p2a: Arceus|spa|1\n|-boost|p2a: Arceus|spd|1\n|\n|-weather|none\n|upkeep\n|turn|17\n|\n|t:|1782402831\n|move|p1a: Lunala|Moongeist Beam|p2a: Arceus\n|-damage|p2a: Arceus|0 fnt\n|faint|p2a: Arceus\n|\n|upkeep\n|\n|t:|1782402837\n|switch|p2a: Ho-Oh|Ho-Oh|74/100\n|turn|18\n|\n|t:|1782402839\n|move|p1a: Lunala|Moongeist Beam|p2a: Ho-Oh\n|-damage|p2a: Ho-Oh|18/100\n|move|p2a: Ho-Oh|Whirlwind|p1a: Lunala\n|drag|p1a: Kingambit|Kingambit, M|100/100\n|-activate|p1a: Kingambit|ability: Supreme Overlord\n|-start|p1a: Kingambit|fallen3|[silent]\n|\n|upkeep\n|turn|19\n|\n|t:|1782402857\n|move|p2a: Ho-Oh|Recover|p2a: Ho-Oh\n|-heal|p2a: Ho-Oh|68/100\n|move|p1a: Kingambit|Kowtow Cleave|p2a: Ho-Oh\n|-damage|p2a: Ho-Oh|15/100\n|\n|upkeep\n|turn|20\n|\n|t:|1782402866\n|move|p2a: Ho-Oh|Recover|p2a: Ho-Oh\n|-heal|p2a: Ho-Oh|65/100\n|move|p1a: Kingambit|Kowtow Cleave|p2a: Ho-Oh\n|-damage|p2a: Ho-Oh|11/100\n|\n|upkeep\n|turn|21\n|\n|t:|1782402883\n|move|p2a: Ho-Oh|Recover|p2a: Ho-Oh\n|-heal|p2a: Ho-Oh|61/100\n|move|p1a: Kingambit|Kowtow Cleave|p2a: Ho-Oh\n|-damage|p2a: Ho-Oh|13/100\n|\n|upkeep\n|turn|22\n|\n|t:|1782402888\n|move|p2a: Ho-Oh|Recover|p2a: Ho-Oh\n|-heal|p2a: Ho-Oh|63/100\n|move|p1a: Kingambit|Kowtow Cleave|p2a: Ho-Oh\n|-damage|p2a: Ho-Oh|8/100\n|\n|upkeep\n|turn|23\n|\n|t:|1782402894\n|move|p2a: Ho-Oh|Recover|p2a: Ho-Oh\n|-heal|p2a: Ho-Oh|58/100\n|move|p1a: Kingambit|Kowtow Cleave|p2a: Ho-Oh\n|-damage|p2a: Ho-Oh|3/100\n|\n|upkeep\n|turn|24\n|\n|t:|1782402900\n|move|p2a: Ho-Oh|Sacred Fire|p1a: Kingambit\n|-supereffective|p1a: Kingambit\n|-damage|p1a: Kingambit|38/100\n|move|p1a: Kingambit|Kowtow Cleave|p2a: Ho-Oh\n|-damage|p2a: Ho-Oh|0 fnt\n|faint|p2a: Ho-Oh\n|\n|upkeep\n|\n|t:|1782402907\n|switch|p2a: Calyrex|Calyrex-Ice|100/100\n|-ability|p2a: Calyrex|As One\n|-ability|p2a: Calyrex|Unnerve\n|turn|25\n|\n|t:|1782402915\n|-terastallize|p2a: Calyrex|Fire\n|move|p2a: Calyrex|Swords Dance|p2a: Calyrex\n|-boost|p2a: Calyrex|atk|2\n|move|p1a: Kingambit|Kowtow Cleave|p2a: Calyrex\n|-damage|p2a: Calyrex|56/100\n|\n|upkeep\n|turn|26\n|\n|t:|1782402924\n|move|p1a: Kingambit|Kowtow Cleave|p2a: Calyrex\n|-damage|p2a: Calyrex|11/100\n|move|p2a: Calyrex|Trick Room|p2a: Calyrex\n|-fieldstart|move: Trick Room|[of] p2a: Calyrex\n|\n|upkeep\n|turn|27\n|\n|t:|1782402928\n|move|p1a: Kingambit|Sucker Punch|p2a: Calyrex\n|-damage|p2a: Calyrex|0 fnt\n|faint|p2a: Calyrex\n|\n|win|jason986\n|raw|jason986's rating: 1551 &rarr; <strong>1575</strong><br />(+24 for winning)\n|raw|maelizondo2's rating: 1622 &rarr; <strong>1598</strong><br />(-24 for losing)\n|c|☆jason986|noob\n|l|☆maelizondo2\n|player|p2|\n", "uploadtime": 1782402939, "views": 18, "formatid": "gen9ubers", "rating": 1575, "private": 0, "password": null}