{"id": "gen9ubers-2639360445", "format": "[Gen 9] Ubers", "players": ["merrypasta", "mesorottodinuovo"], "log": "|badge|p2|bronze|gen9ubers|100-9\n|uhtml|medal-msg|<div class=\"broadcast-blue\">Curious what those medals under the avatar are? PS now has Ladder Seasons! For more information, check out the <a href=\"https://www.smogon.com/forums/threads/3740067/\">thread on Smogon.</a></div>\n|j|☆merrypasta\n|j|‽mesorottodinuovo\n|t:|1782460788\n|gametype|singles\n|player|p1|merrypasta|carmine|1512\n|player|p2|mesorottodinuovo|palmer|1650\n|gen|9\n|tier|[Gen 9] Ubers\n|rated|\n|rule|HP Percentage Mod: HP is shown in percentages\n|rule|Endless Battle Clause: Forcing endless battles is banned\n|rule|Sleep Clause Mod: Limit one foe put to sleep\n|rule|Species Clause: Limit one of each Pokémon\n|rule|OHKO Clause: OHKO moves are banned\n|rule|Evasion Items Clause: Evasion items are banned\n|rule|Evasion Moves Clause: Evasion moves are banned\n|clearpoke\n|poke|p1|Lunala|\n|poke|p1|Zacian-*|\n|poke|p1|Groudon|\n|poke|p1|Koraidon|\n|poke|p1|Arceus|\n|poke|p1|Terapagos, M|\n|poke|p2|Hatterene, F|\n|poke|p2|Calyrex-Ice|\n|poke|p2|Necrozma-Dusk-Mane|\n|poke|p2|Ursaluna, F|\n|poke|p2|Arceus-Fairy|\n|poke|p2|Palkia|\n|teampreview\n|l|‽mesorottodinuovo\n|player|p2|\n|j|‽mesorottodinuovo\n|player|p2|mesorottodinuovo|palmer|\n|n|‽mesorottodinuovo|mesorottodinuovo\n|n|‽mesorottodinuovo|mesorottodinuovo\n|l|‽mesorottodinuovo\n|player|p2|\n|j|‽mesorottodinuovo\n|player|p2|mesorottodinuovo|palmer|\n|n|‽mesorottodinuovo|mesorottodinuovo\n|n|‽mesorottodinuovo|mesorottodinuovo\n|l|‽mesorottodinuovo\n|player|p2|\n|j|‽mesorottodinuovo\n|player|p2|mesorottodinuovo|palmer|\n|n|‽mesorottodinuovo|mesorottodinuovo\n|n|‽mesorottodinuovo|mesorottodinuovo\n|\n|t:|1782460907\n|teamsize|p1|6\n|teamsize|p2|6\n|start\n|switch|p1a: Arceus|Arceus|100/100\n|switch|p2a: Hatterene|Hatterene, F|100/100\n|turn|1\n|\n|t:|1782460930\n|switch|p2a: Calyrex|Calyrex-Ice|100/100\n|-ability|p2a: Calyrex|As One\n|-ability|p2a: Calyrex|Unnerve\n|move|p1a: Arceus|Bulk Up|p1a: Arceus\n|-boost|p1a: Arceus|atk|1\n|-boost|p1a: Arceus|def|1\n|\n|upkeep\n|turn|2\n|\n|t:|1782460939\n|-terastallize|p2a: Calyrex|Ice\n|move|p1a: Arceus|Taunt|p2a: Calyrex\n|-start|p2a: Calyrex|move: Taunt\n|move|p2a: Calyrex|Glacial Lance|p1a: Arceus\n|-damage|p1a: Arceus|32/100\n|\n|-heal|p1a: Arceus|38/100|[from] item: Leftovers\n|upkeep\n|turn|3\n|\n|t:|1782460951\n|move|p1a: Arceus|Extreme Speed|p2a: Calyrex\n|-damage|p2a: Calyrex|65/100\n|move|p2a: Calyrex|Glacial Lance|p1a: Arceus\n|-damage|p1a: Arceus|0 fnt\n|faint|p1a: Arceus\n|-ability|p2a: Calyrex|Chilling Neigh|boost\n|-boost|p2a: Calyrex|atk|1\n|\n|upkeep\n|\n|t:|1782460966\n|switch|p1a: Lunala|Lunala|100/100\n|turn|4\n|l|‽mesorottodinuovo\n|player|p2|\n|j|‽mesorottodinuovo\n|player|p2|mesorottodinuovo|palmer|\n|n|‽mesorottodinuovo|mesorottodinuovo\n|n|‽mesorottodinuovo|mesorottodinuovo\n|\n|t:|1782460993\n|switch|p2a: Ursaluna|Ursaluna, F|100/100\n|move|p1a: Lunala|Meteor Beam||[still]\n|-prepare|p1a: Lunala|Meteor Beam\n|-boost|p1a: Lunala|spa|1\n|-enditem|p1a: Lunala|Power Herb\n|-anim|p1a: Lunala|Meteor Beam|p2a: Ursaluna\n|-resisted|p2a: Ursaluna\n|-damage|p2a: Ursaluna|72/100\n|\n|-status|p2a: Ursaluna|brn|[from] item: Flame Orb\n|upkeep\n|turn|5\n|\n|t:|1782461004\n|move|p1a: Lunala|Psyshock|p2a: Ursaluna\n|-damage|p2a: Ursaluna|27/100 brn\n|move|p2a: Ursaluna|Shadow Claw|p1a: Lunala\n|-supereffective|p1a: Lunala\n|-damage|p1a: Lunala|19/100\n|\n|-damage|p2a: Ursaluna|21/100 brn|[from] brn\n|upkeep\n|turn|6\n|\n|t:|1782461020\n|move|p1a: Lunala|Psyshock|p2a: Ursaluna\n|-damage|p2a: Ursaluna|0 fnt\n|faint|p2a: Ursaluna\n|\n|upkeep\n|\n|t:|1782461027\n|switch|p2a: Palkia|Palkia|100/100\n|-ability|p2a: Palkia|Pressure\n|turn|7\n|\n|t:|1782461037\n|move|p1a: Lunala|Moongeist Beam|p2a: Palkia\n|-damage|p2a: Palkia|52/100\n|move|p2a: Palkia|Trick Room|p2a: Palkia\n|-fieldstart|move: Trick Room|[of] p2a: Palkia\n|\n|upkeep\n|turn|8\n|\n|t:|1782461044\n|move|p2a: Palkia|Draco Meteor|p1a: Lunala\n|-damage|p1a: Lunala|0 fnt\n|-unboost|p2a: Palkia|spa|2\n|faint|p1a: Lunala\n|-enditem|p2a: Palkia|Eject Pack\n|\n|t:|1782461050\n|switch|p2a: Calyrex|Calyrex-Ice, tera:Ice|65/100\n|-ability|p2a: Calyrex|As One\n|-ability|p2a: Calyrex|Unnerve\n|\n|upkeep\n|\n|t:|1782461055\n|switch|p1a: Terapagos|Terapagos, M|100/100\n|-activate|p1a: Terapagos|ability: Tera Shift\n|detailschange|p1a: Terapagos|Terapagos-Terastal, M\n|-heal|p1a: Terapagos|100/100|[silent]\n|turn|9\n|\n|t:|1782461062\n|move|p2a: Calyrex|Glacial Lance|p1a: Terapagos\n|-activate|p1a: Terapagos|ability: Tera Shell\n|-resisted|p1a: Terapagos\n|-damage|p1a: Terapagos|38/100\n|move|p1a: Terapagos|Flamethrower|p2a: Calyrex\n|-supereffective|p2a: Calyrex\n|-damage|p2a: Calyrex|25/100\n|\n|upkeep\n|turn|10\n|\n|t:|1782461074\n|move|p2a: Calyrex|Glacial Lance|p1a: Terapagos\n|-damage|p1a: Terapagos|0 fnt\n|faint|p1a: Terapagos\n|-ability|p2a: Calyrex|Chilling Neigh|boost\n|-boost|p2a: Calyrex|atk|1\n|\n|upkeep\n|\n|t:|1782461076\n|switch|p1a: Zacian|Zacian-Crowned|100/100\n|-ability|p1a: Zacian|Intrepid Sword|boost\n|-boost|p1a: Zacian|atk|1\n|turn|11\n|\n|t:|1782461087\n|switch|p2a: Necrozma|Necrozma-Dusk-Mane|100/100\n|move|p1a: Zacian|Swords Dance|p1a: Zacian\n|-boost|p1a: Zacian|atk|2\n|\n|-fieldend|move: Trick Room\n|upkeep\n|turn|12\n|\n|t:|1782461095\n|-terastallize|p1a: Zacian|Fighting\n|move|p1a: Zacian|Close Combat|p2a: Necrozma\n|-damage|p2a: Necrozma|5/100\n|-unboost|p1a: Zacian|def|1\n|-unboost|p1a: Zacian|spd|1\n|move|p2a: Necrozma|Trick Room|p2a: Necrozma\n|-fieldstart|move: Trick Room|[of] p2a: Necrozma\n|\n|upkeep\n|turn|13\n|\n|t:|1782461104\n|switch|p1a: Groudon|Groudon|100/100\n|-weather|SunnyDay|[from] ability: Drought|[of] p1a: Groudon\n|move|p2a: Necrozma|Swords Dance|p2a: Necrozma\n|-boost|p2a: Necrozma|atk|2\n|\n|-weather|SunnyDay|[upkeep]\n|upkeep\n|turn|14\n|\n|t:|1782461116\n|move|p2a: Necrozma|Sunsteel Strike|p1a: Groudon\n|-crit|p1a: Groudon\n|-damage|p1a: Groudon|25/100\n|move|p1a: Groudon|Precipice Blades|p2a: Necrozma\n|-supereffective|p2a: Necrozma\n|-damage|p2a: Necrozma|0 fnt\n|faint|p2a: Necrozma\n|\n|-weather|SunnyDay|[upkeep]\n|-heal|p1a: Groudon|31/100|[from] item: Leftovers\n|upkeep\n|\n|t:|1782461127\n|switch|p2a: Calyrex|Calyrex-Ice, tera:Ice|25/100\n|-ability|p2a: Calyrex|As One\n|-ability|p2a: Calyrex|Unnerve\n|turn|15\n|\n|t:|1782461133\n|move|p2a: Calyrex|Glacial Lance|p1a: Groudon\n|-supereffective|p1a: Groudon\n|-damage|p1a: Groudon|0 fnt\n|faint|p1a: Groudon\n|-ability|p2a: Calyrex|Chilling Neigh|boost\n|-boost|p2a: Calyrex|atk|1\n|\n|-weather|SunnyDay|[upkeep]\n|upkeep\n|\n|t:|1782461135\n|switch|p1a: Koraidon|Koraidon|100/100\n|-activate|p1a: Koraidon|ability: Orichalcum Pulse\n|turn|16\n|\n|t:|1782461145\n|move|p2a: Calyrex|Glacial Lance|p1a: Koraidon\n|-supereffective|p1a: Koraidon\n|-damage|p1a: Koraidon|0 fnt\n|faint|p1a: Koraidon\n|-ability|p2a: Calyrex|Chilling Neigh|boost\n|-boost|p2a: Calyrex|atk|1\n|\n|-weather|SunnyDay|[upkeep]\n|-fieldend|move: Trick Room\n|upkeep\n|\n|t:|1782461152\n|switch|p1a: Zacian|Zacian-Crowned, tera:Fighting|100/100\n|turn|17\n|l|‽mesorottodinuovo\n|player|p2|\n|j|‽mesorottodinuovo\n|player|p2|mesorottodinuovo|palmer|\n|n|‽mesorottodinuovo|mesorottodinuovo\n|n|‽mesorottodinuovo|mesorottodinuovo\n|\n|t:|1782461190\n|switch|p2a: Palkia|Palkia|52/100\n|-ability|p2a: Palkia|Pressure\n|move|p1a: Zacian|Behemoth Blade|p2a: Palkia\n|-resisted|p2a: Palkia\n|-damage|p2a: Palkia|24/100\n|\n|-weather|none\n|upkeep\n|turn|18\n|\n|t:|1782461200\n|move|p1a: Zacian|Behemoth Blade|p2a: Palkia\n|-resisted|p2a: Palkia\n|-damage|p2a: Palkia|0 fnt\n|faint|p2a: Palkia\n|\n|upkeep\n|\n|t:|1782461206\n|switch|p2a: Hatterene|Hatterene, F|100/100\n|turn|19\n|\n|t:|1782461209\n|move|p1a: Zacian|Behemoth Blade|p2a: Hatterene\n|-supereffective|p2a: Hatterene\n|-damage|p2a: Hatterene|12/100\n|move|p2a: Hatterene|Trick Room|p2a: Hatterene\n|-fieldstart|move: Trick Room|[of] p2a: Hatterene\n|\n|upkeep\n|turn|20\n|\n|t:|1782461215\n|move|p2a: Hatterene|Dazzling Gleam|p1a: Zacian\n|-supereffective|p1a: Zacian\n|-crit|p1a: Zacian\n|-damage|p1a: Zacian|0 fnt\n|faint|p1a: Zacian\n|\n|win|mesorottodinuovo\n|raw|merrypasta's rating: 1512 &rarr; <strong>1500</strong><br />(-12 for losing)\n|raw|mesorottodinuovo's rating: 1650 &rarr; <strong>1662</strong><br />(+12 for winning)\n", "uploadtime": 1782461215, "views": 5, "formatid": "gen9ubers", "rating": 1500, "private": 0, "password": null}