{"id": "gen9ubers-2639984829", "format": "[Gen 9] Ubers", "players": ["mesorottodinuovo", "jason986"], "log": "|badge|p1|bronze|gen9ubers|100-9\n|html|<div class=\"broadcast-red\"><strong>This battle is required to be public due to one or more player having a season medal.</strong><br />During the public phase, you can discuss the state of the ladder <a href=\"/seasondiscussion\">in a special chatroom.</a></div>\n|uhtml|medal-msg|<div class=\"broadcast-blue\">Curious what those medals under the avatar are? PS now has Ladder Seasons! For more information, check out the <a href=\"https://www.smogon.com/forums/threads/3740067/\">thread on Smogon.</a></div>\n|badge|p2|silver|gen9ubers|30-9\n|uhtml|medal-msg|<div class=\"broadcast-blue\">Curious what those medals under the avatar are? PS now has Ladder Seasons! For more information, check out the <a href=\"https://www.smogon.com/forums/threads/3740067/\">thread on Smogon.</a></div>\n|j|‽mesorottodinuovo\n|j|‽jason986\n|t:|1782558281\n|gametype|singles\n|player|p1|mesorottodinuovo|palmer|1584\n|player|p2|jason986|lass-gen4|1702\n|gen|9\n|tier|[Gen 9] Ubers\n|rated|\n|rule|HP Percentage Mod: HP is shown in percentages\n|rule|Endless Battle Clause: Forcing endless battles is banned\n|rule|Sleep Clause Mod: Limit one foe put to sleep\n|rule|Species Clause: Limit one of each Pokémon\n|rule|OHKO Clause: OHKO moves are banned\n|rule|Evasion Items Clause: Evasion items are banned\n|rule|Evasion Moves Clause: Evasion moves are banned\n|clearpoke\n|poke|p1|Hatterene, F|\n|poke|p1|Calyrex-Ice|\n|poke|p1|Necrozma-Dusk-Mane|\n|poke|p1|Ursaluna, M|\n|poke|p1|Arceus-Fairy|\n|poke|p1|Palkia|\n|poke|p2|Koraidon|\n|poke|p2|Lunala|\n|poke|p2|Kyogre|\n|poke|p2|Calyrex-Ice|\n|poke|p2|Necrozma-Dusk-Mane|\n|poke|p2|Hatterene, F|\n|teampreview\n|\n|t:|1782558296\n|teamsize|p1|6\n|teamsize|p2|6\n|start\n|switch|p1a: Hatterene|Hatterene, F|100/100\n|switch|p2a: Koraidon|Koraidon|100/100\n|-weather|SunnyDay|[from] ability: Orichalcum Pulse|[of] p2a: Koraidon\n|-activate|p2a: Koraidon|Orichalcum Pulse|[source]\n|turn|1\n|\n|t:|1782558304\n|move|p2a: Koraidon|Flare Blitz|p1a: Hatterene\n|-damage|p1a: Hatterene|34/100\n|-damage|p2a: Koraidon|80/100|[from] Recoil\n|move|p1a: Hatterene|Trick Room|p1a: Hatterene\n|-fieldstart|move: Trick Room|[of] p1a: Hatterene\n|\n|-weather|SunnyDay|[upkeep]\n|upkeep\n|turn|2\n|inactive|Battle timer is ON: inactive players will automatically lose when time's up. (requested by mesorottodinuovo)\n|\n|t:|1782558323\n|switch|p2a: Calyrex|Calyrex-Ice|100/100\n|-ability|p2a: Calyrex|As One\n|-ability|p2a: Calyrex|Unnerve\n|move|p1a: Hatterene|Healing Wish|p1a: Hatterene\n|faint|p1a: Hatterene\n|\n|-weather|SunnyDay|[upkeep]\n|upkeep\n|\n|t:|1782558333\n|switch|p1a: Calyrex|Calyrex-Ice|100/100\n|-ability|p1a: Calyrex|As One\n|-ability|p1a: Calyrex|Unnerve\n|turn|3\n|\n|t:|1782558348\n|-terastallize|p1a: Calyrex|Ice\n|move|p2a: Calyrex|Swords Dance|p2a: Calyrex\n|-boost|p2a: Calyrex|atk|2\n|move|p1a: Calyrex|Glacial Lance|p2a: Calyrex\n|-resisted|p2a: Calyrex\n|-crit|p2a: Calyrex\n|-damage|p2a: Calyrex|32/100\n|\n|-weather|SunnyDay|[upkeep]\n|upkeep\n|turn|4\n|\n|t:|1782558358\n|move|p2a: Calyrex|Glacial Lance|p1a: Calyrex\n|-resisted|p1a: Calyrex\n|-damage|p1a: Calyrex|39/100\n|move|p1a: Calyrex|Glacial Lance|p2a: Calyrex\n|-resisted|p2a: Calyrex\n|-damage|p2a: Calyrex|0 fnt\n|faint|p2a: Calyrex\n|-ability|p1a: Calyrex|Chilling Neigh|boost\n|-boost|p1a: Calyrex|atk|1\n|\n|-weather|SunnyDay|[upkeep]\n|upkeep\n|\n|t:|1782558370\n|switch|p2a: Hatterene|Hatterene, F|100/100\n|turn|5\n|\n|t:|1782558389\n|move|p2a: Hatterene|Healing Wish|p2a: Hatterene\n|faint|p2a: Hatterene\n|move|p1a: Calyrex|Glacial Lance|p2: Hatterene|[notarget]\n|-fail|p1a: Calyrex\n|\n|-weather|none\n|-fieldend|move: Trick Room\n|upkeep\n|\n|t:|1782558405\n|switch|p2a: Necrozma|Necrozma-Dusk-Mane|100/100\n|turn|6\n|\n|t:|1782558412\n|switch|p1a: Ursaluna|Ursaluna, M|100/100\n|move|p2a: Necrozma|Swords Dance|p2a: Necrozma\n|-boost|p2a: Necrozma|atk|2\n|\n|-status|p1a: Ursaluna|brn|[from] item: Flame Orb\n|upkeep\n|turn|7\n|\n|t:|1782558420\n|move|p2a: Necrozma|Photon Geyser|p1a: Ursaluna\n|-damage|p1a: Ursaluna|14/100 brn\n|move|p1a: Ursaluna|Earthquake|p2a: Necrozma\n|-supereffective|p2a: Necrozma\n|-damage|p2a: Necrozma|8/100\n|-enditem|p2a: Necrozma|Weakness Policy\n|-boost|p2a: Necrozma|atk|2|[from] item: Weakness Policy\n|-boost|p2a: Necrozma|spa|2|[from] item: Weakness Policy\n|\n|-damage|p1a: Ursaluna|7/100 brn|[from] brn\n|upkeep\n|turn|8\n|\n|t:|1782558434\n|move|p2a: Necrozma|Earthquake|p1a: Ursaluna\n|-damage|p1a: Ursaluna|0 fnt\n|faint|p1a: Ursaluna\n|\n|upkeep\n|\n|t:|1782558442\n|switch|p1a: Arceus|Arceus-Fairy|100/100\n|turn|9\n|\n|t:|1782558455\n|switch|p2a: Kyogre|Kyogre|100/100\n|-weather|RainDance|[from] ability: Drizzle|[of] p2a: Kyogre\n|move|p1a: Arceus|Judgment|p2a: Kyogre\n|-damage|p2a: Kyogre|70/100\n|\n|-weather|RainDance|[upkeep]\n|upkeep\n|turn|10\n|\n|t:|1782558480\n|switch|p1a: Palkia|Palkia|100/100\n|-ability|p1a: Palkia|Pressure\n|switch|p2a: Necrozma|Necrozma-Dusk-Mane|8/100\n|-heal|p2a: Necrozma|100/100|[from] move: Healing Wish\n|\n|-weather|RainDance|[upkeep]\n|upkeep\n|turn|11\n|\n|t:|1782558490\n|move|p1a: Palkia|Thunder|p2a: Necrozma\n|-damage|p2a: Necrozma|69/100\n|move|p2a: Necrozma|Swords Dance|p2a: Necrozma\n|-boost|p2a: Necrozma|atk|2\n|\n|-weather|RainDance|[upkeep]\n|upkeep\n|turn|12\n|\n|t:|1782558498\n|move|p1a: Palkia|Thunder|p2a: Necrozma\n|-damage|p2a: Necrozma|39/100\n|move|p2a: Necrozma|Photon Geyser|p1a: Palkia\n|-damage|p1a: Palkia|0 fnt\n|faint|p1a: Palkia\n|\n|-weather|RainDance|[upkeep]\n|upkeep\n|l|‽mesorottodinuovo\n|inactive|mesorottodinuovo disconnected and has a minute to reconnect!\n|player|p1|\n|j|‽mesorottodinuovo\n|inactive|mesorottodinuovo reconnected and has 115 seconds left.\n|player|p1|mesorottodinuovo|palmer|\n|n|‽mesorottodinuovo|mesorottodinuovo\n|n|‽mesorottodinuovo|mesorottodinuovo\n|\n|t:|1782558540\n|switch|p1a: Necrozma|Necrozma-Dusk-Mane|100/100\n|turn|13\n|\n|t:|1782558545\n|move|p2a: Necrozma|Earthquake|p1a: Necrozma\n|-supereffective|p1a: Necrozma\n|-damage|p1a: Necrozma|32/100\n|move|p1a: Necrozma|Trick Room|p1a: Necrozma\n|-fieldstart|move: Trick Room|[of] p1a: Necrozma\n|\n|-weather|none\n|upkeep\n|turn|14\n|inactive|mesorottodinuovo has 120 seconds left.\n|inactive|jason986 has 120 seconds left.\n|\n|t:|1782558600\n|switch|p1a: Calyrex|Calyrex-Ice, tera:Ice|39/100\n|-ability|p1a: Calyrex|As One\n|-ability|p1a: Calyrex|Unnerve\n|-heal|p1a: Calyrex|100/100|[from] move: Healing Wish\n|move|p2a: Necrozma|Earthquake|p1a: Calyrex\n|-damage|p1a: Calyrex|50/100\n|\n|upkeep\n|turn|15\n|\n|t:|1782558614\n|move|p1a: Calyrex|Glacial Lance|p2a: Necrozma\n|-resisted|p2a: Necrozma\n|-damage|p2a: Necrozma|0 fnt\n|faint|p2a: Necrozma\n|-ability|p1a: Calyrex|Chilling Neigh|boost\n|-boost|p1a: Calyrex|atk|1\n|\n|upkeep\n|inactive|jason986 has 90 seconds left.\n|\n|t:|1782558639\n|switch|p2a: Koraidon|Koraidon|80/100\n|-weather|SunnyDay|[from] ability: Orichalcum Pulse|[of] p2a: Koraidon\n|-activate|p2a: Koraidon|Orichalcum Pulse|[source]\n|turn|16\n|\n|t:|1782558644\n|-terastallize|p2a: Koraidon|Fire\n|move|p1a: Calyrex|Glacial Lance|p2a: Koraidon\n|-resisted|p2a: Koraidon\n|-damage|p2a: Koraidon|0 fnt\n|faint|p2a: Koraidon\n|-ability|p1a: Calyrex|Chilling Neigh|boost\n|-boost|p1a: Calyrex|atk|1\n|\n|-weather|SunnyDay|[upkeep]\n|upkeep\n|inactive|jason986 has 90 seconds left.\n|\n|t:|1782558649\n|switch|p2a: Lunala|Lunala|100/100\n|turn|17\n|\n|t:|1782558664\n|switch|p1a: Necrozma|Necrozma-Dusk-Mane|32/100\n|move|p2a: Lunala|Meteor Beam||[still]\n|-prepare|p2a: Lunala|Meteor Beam\n|-boost|p2a: Lunala|spa|1\n|-enditem|p2a: Lunala|Power Herb\n|-anim|p2a: Lunala|Meteor Beam|p1a: Necrozma\n|-resisted|p1a: Necrozma\n|-damage|p1a: Necrozma|4/100\n|\n|-weather|SunnyDay|[upkeep]\n|-fieldend|move: Trick Room\n|upkeep\n|turn|18\n|\n|t:|1782558675\n|move|p2a: Lunala|Moongeist Beam|p1a: Necrozma\n|-supereffective|p1a: Necrozma\n|-damage|p1a: Necrozma|0 fnt\n|faint|p1a: Necrozma\n|\n|-weather|SunnyDay|[upkeep]\n|upkeep\n|\n|t:|1782558682\n|switch|p1a: Arceus|Arceus-Fairy|100/100\n|turn|19\n|\n|t:|1782558685\n|move|p1a: Arceus|Trick Room|p1a: Arceus\n|-fieldstart|move: Trick Room|[of] p1a: Arceus\n|move|p2a: Lunala|Trick Room|p2a: Lunala\n|-fieldend|move: Trick Room\n|\n|-weather|SunnyDay|[upkeep]\n|upkeep\n|turn|20\n|\n|t:|1782558692\n|move|p1a: Arceus|Trick Room|p1a: Arceus\n|-fieldstart|move: Trick Room|[of] p1a: Arceus\n|move|p2a: Lunala|Trick Room|p2a: Lunala\n|-fieldend|move: Trick Room\n|\n|-weather|none\n|upkeep\n|turn|21\n|\n|t:|1782558701\n|move|p1a: Arceus|Taunt|p2a: Lunala\n|-start|p2a: Lunala|move: Taunt\n|move|p2a: Lunala|Moongeist Beam|p1a: Arceus\n|-damage|p1a: Arceus|43/100\n|\n|upkeep\n|turn|22\n|\n|t:|1782558709\n|move|p2a: Lunala|Moongeist Beam|p1a: Arceus\n|-damage|p1a: Arceus|0 fnt\n|faint|p1a: Arceus\n|\n|upkeep\n|-message|mesorottodinuovo forfeited.\n|\n|win|jason986\n|raw|mesorottodinuovo's rating: 1584 &rarr; <strong>1571</strong><br />(-13 for losing)\n|raw|jason986's rating: 1702 &rarr; <strong>1715</strong><br />(+13 for winning)\n|l|‽mesorottodinuovo\n|player|p1|\n", "uploadtime": 1782558789, "views": 8, "formatid": "gen9ubers", "rating": 1571, "private": 0, "password": null}