{"id": "gen8ou-2540253931", "format": "[Gen 8] OU", "players": ["sslt s2w2 mati", "SSLTS2W2 Ack"], "log": "|raw|<div class=\"broadcast-blue\"><strong>This battle is required to be public due to a player having a name starting with 'sslt'.</div>\n|j|☆sslt s2w2 mati\n|j|☆SSLTS2W2 Ack\n|t:|1771181131\n|gametype|singles\n|player|p1|sslt s2w2 mati|2|1553\n|player|p2|SSLTS2W2 Ack|skierf|1566\n|gen|8\n|tier|[Gen 8] OU\n|rated|\n|rule|Sleep Clause Mod: Limit one foe put to sleep\n|rule|Species Clause: Limit one of each Pokémon\n|rule|OHKO Clause: OHKO moves are banned\n|rule|Evasion Items Clause: Evasion items are banned\n|rule|Evasion Moves Clause: Evasion moves are banned\n|rule|Endless Battle Clause: Forcing endless battles is banned\n|rule|HP Percentage Mod: HP is shown in percentages\n|rule|Dynamax Clause: You cannot dynamax\n|clearpoke\n|poke|p1|Kartana|\n|poke|p1|Heatran, M|\n|poke|p1|Landorus-Therian, M|\n|poke|p1|Blacephalon|\n|poke|p1|Crawdaunt, F|\n|poke|p1|Dragapult, M|\n|poke|p2|Blaziken, F|\n|poke|p2|Rillaboom, F|\n|poke|p2|Heatran, M|\n|poke|p2|Dragapult, F|\n|poke|p2|Dragonite, M|\n|poke|p2|Hawlucha, F|\n|teampreview\n|inactive|Battle timer is ON: inactive players will automatically lose when time's up. (requested by SSLTS2W2 Ack)\n|inactive|sslt s2w2 mati has 120 seconds left.\n|inactive|sslt s2w2 mati has 90 seconds left.\n|\n|t:|1771181195\n|teamsize|p1|6\n|teamsize|p2|6\n|start\n|switch|p1a: Crawdaunt|Crawdaunt, F|100/100\n|switch|p2a: Dragapult|Dragapult, F|100/100\n|turn|1\n|\n|t:|1771181206\n|move|p2a: Dragapult|Dragon Darts|p1a: Crawdaunt\n|-damage|p1a: Crawdaunt|64/100\n|-anim|p2a: Dragapult|Dragon Darts|p1a: Crawdaunt\n|-damage|p1a: Crawdaunt|30/100\n|move|p1a: Crawdaunt|Knock Off|p2a: Dragapult\n|-supereffective|p2a: Dragapult\n|-enditem|p2a: Dragapult|Focus Sash\n|-damage|p2a: Dragapult|1/100\n|-damage|p1a: Crawdaunt|20/100|[from] item: Life Orb\n|\n|upkeep\n|turn|2\n|\n|t:|1771181214\n|move|p1a: Crawdaunt|Aqua Jet|p2a: Dragapult\n|-resisted|p2a: Dragapult\n|-damage|p2a: Dragapult|0 fnt\n|faint|p2a: Dragapult\n|-damage|p1a: Crawdaunt|11/100|[from] item: Life Orb\n|\n|upkeep\n|j| sslts2w2 I\n|\n|t:|1771181220\n|switch|p2a: Rillaboom|Rillaboom, F|100/100\n|-fieldstart|move: Grassy Terrain|[from] ability: Grassy Surge|[of] p2a: Rillaboom\n|turn|3\n|\n|t:|1771181226\n|switch|p1a: Heatran|Heatran, M|100/100\n|-item|p1a: Heatran|Air Balloon\n|move|p2a: Rillaboom|Knock Off|p1a: Heatran\n|-damage|p1a: Heatran|74/100\n|-enditem|p1a: Heatran|Air Balloon\n|-damage|p2a: Rillaboom|91/100|[from] item: Life Orb\n|\n|-heal|p2a: Rillaboom|97/100|[from] Grassy Terrain\n|-heal|p1a: Heatran|80/100|[from] Grassy Terrain\n|upkeep\n|turn|4\n|\n|t:|1771181237\n|switch|p2a: Heatran|Heatran, M|100/100\n|-item|p2a: Heatran|Air Balloon\n|move|p1a: Heatran|Stealth Rock|p2a: Heatran\n|-sidestart|p2: SSLTS2W2 Ack|move: Stealth Rock\n|\n|-heal|p1a: Heatran|86/100|[from] Grassy Terrain\n|upkeep\n|turn|5\n|l| sslts2w2 I\n|inactive|sslt s2w2 mati has 120 seconds left.\n|\n|t:|1771181281\n|switch|p1a: Crawdaunt|Crawdaunt, F|11/100\n|move|p2a: Heatran|Earth Power|p1a: Crawdaunt\n|-damage|p1a: Crawdaunt|0 fnt\n|faint|p1a: Crawdaunt\n|\n|upkeep\n|inactive|sslt s2w2 mati has 90 seconds left.\n|\n|t:|1771181326\n|switch|p1a: Dragapult|Dragapult, M|100/100\n|turn|6\n|j| sslt s2w2 limon\n|\n|t:|1771181333\n|move|p1a: Dragapult|Dragon Dance|p1a: Dragapult\n|-boost|p1a: Dragapult|atk|1\n|-boost|p1a: Dragapult|spe|1\n|move|p2a: Heatran|Stealth Rock|p1a: Dragapult\n|-sidestart|p1: sslt s2w2 mati|move: Stealth Rock\n|\n|upkeep\n|turn|7\n|\n|t:|1771181342\n|move|p1a: Dragapult|Dragon Dance|p1a: Dragapult\n|-boost|p1a: Dragapult|atk|1\n|-boost|p1a: Dragapult|spe|1\n|move|p2a: Heatran|Earth Power|p1a: Dragapult\n|-damage|p1a: Dragapult|68/100\n|\n|-heal|p1a: Dragapult|74/100|[from] Grassy Terrain\n|-fieldend|move: Grassy Terrain\n|upkeep\n|turn|8\n|inactive|sslt s2w2 mati has 90 seconds left.\n|inactive|sslt s2w2 mati has 60 seconds left.\n|inactive|sslt s2w2 mati has 30 seconds left.\n|\n|t:|1771181414\n|move|p1a: Dragapult|Phantom Force||[still]\n|-prepare|p1a: Dragapult|Phantom Force\n|move|p2a: Heatran|Earth Power|p1a: Dragapult|[miss]\n|-miss|p2a: Heatran|p1a: Dragapult\n|\n|upkeep\n|turn|9\n|\n|t:|1771181418\n|move|p1a: Dragapult|Phantom Force|p2a: Heatran|[from] lockedmove\n|-damage|p2a: Heatran|2/100\n|-enditem|p2a: Heatran|Air Balloon\n|-damage|p1a: Dragapult|64/100|[from] item: Life Orb\n|move|p2a: Heatran|Earth Power|p1a: Dragapult\n|-damage|p1a: Dragapult|28/100\n|\n|upkeep\n|turn|10\n|\n|t:|1771181432\n|move|p1a: Dragapult|Dragon Darts|p2a: Heatran\n|-resisted|p2a: Heatran\n|-damage|p2a: Heatran|0 fnt\n|faint|p2a: Heatran\n|-damage|p1a: Dragapult|18/100|[from] item: Life Orb\n|\n|upkeep\n|\n|t:|1771181435\n|switch|p2a: Rillaboom|Rillaboom, F|97/100\n|-damage|p2a: Rillaboom|84/100|[from] Stealth Rock\n|-fieldstart|move: Grassy Terrain|[from] ability: Grassy Surge|[of] p2a: Rillaboom\n|turn|11\n|\n|t:|1771181438\n|switch|p1a: Heatran|Heatran, M|86/100\n|-damage|p1a: Heatran|74/100|[from] Stealth Rock\n|move|p2a: Rillaboom|Grassy Glide|p1a: Heatran\n|-resisted|p1a: Heatran\n|-damage|p1a: Heatran|63/100\n|-damage|p2a: Rillaboom|74/100|[from] item: Life Orb\n|\n|-heal|p2a: Rillaboom|81/100|[from] Grassy Terrain\n|-heal|p1a: Heatran|70/100|[from] Grassy Terrain\n|upkeep\n|turn|12\n|\n|t:|1771181447\n|switch|p2a: Blaziken|Blaziken, F|100/100\n|-damage|p2a: Blaziken|88/100|[from] Stealth Rock\n|move|p1a: Heatran|Toxic|p2a: Blaziken\n|-status|p2a: Blaziken|tox\n|\n|-heal|p2a: Blaziken|94/100 tox|[from] Grassy Terrain\n|-heal|p1a: Heatran|76/100|[from] Grassy Terrain\n|-damage|p2a: Blaziken|88/100 tox|[from] psn\n|upkeep\n|turn|13\n|inactive|sslt s2w2 mati has 60 seconds left.\n|\n|t:|1771181454\n|move|p2a: Blaziken|Swords Dance|p2a: Blaziken\n|-boost|p2a: Blaziken|atk|2\n|move|p1a: Heatran|Lava Plume|p2a: Blaziken\n|-resisted|p2a: Blaziken\n|-damage|p2a: Blaziken|61/100 tox\n|\n|-heal|p2a: Blaziken|67/100 tox|[from] Grassy Terrain\n|-heal|p1a: Heatran|82/100|[from] Grassy Terrain\n|-damage|p2a: Blaziken|55/100 tox|[from] psn\n|-ability|p2a: Blaziken|Speed Boost|boost\n|-boost|p2a: Blaziken|spe|1\n|upkeep\n|turn|14\n|\n|t:|1771181460\n|move|p1a: Heatran|Protect|p1a: Heatran\n|-singleturn|p1a: Heatran|Protect\n|move|p2a: Blaziken|Flare Blitz|p1a: Heatran\n|-activate|p1a: Heatran|move: Protect\n|\n|-heal|p2a: Blaziken|61/100 tox|[from] Grassy Terrain\n|-heal|p1a: Heatran|88/100|[from] Grassy Terrain\n|-damage|p2a: Blaziken|43/100 tox|[from] psn\n|-ability|p2a: Blaziken|Speed Boost|boost\n|-boost|p2a: Blaziken|spe|1\n|upkeep\n|turn|15\n|inactive|sslt s2w2 mati has 60 seconds left.\n|\n|t:|1771181501\n|switch|p1a: Landorus|Landorus-Therian, M|100/100\n|-damage|p1a: Landorus|88/100|[from] Stealth Rock\n|-ability|p1a: Landorus|Intimidate|boost\n|-unboost|p2a: Blaziken|atk|1\n|move|p2a: Blaziken|Flare Blitz|p1a: Landorus\n|-damage|p1a: Landorus|0 fnt\n|faint|p1a: Landorus\n|-damage|p2a: Blaziken|6/100 tox|[from] Recoil\n|-damage|p2a: Blaziken|0 fnt|[from] item: Life Orb\n|faint|p2a: Blaziken\n|\n|-fieldend|move: Grassy Terrain\n|upkeep\n|j| mrfraud\n|inactive|sslt s2w2 mati has 30 seconds left.\n|inactive|sslt s2w2 mati has 20 seconds left.\n|inactive|sslt s2w2 mati has 15 seconds left.\n|\n|t:|1771181532\n|switch|p2a: Dragonite|Dragonite, M|100/100\n|switch|p1a: Blacephalon|Blacephalon|100/100\n|-damage|p1a: Blacephalon|76/100|[from] Stealth Rock\n|turn|16\n|inactive|sslt s2w2 mati has 25 seconds left this turn.\n|inactive|sslt s2w2 mati has 20 seconds left.\n|\n|t:|1771181541\n|move|p1a: Blacephalon|Trick|p2a: Dragonite\n|-activate|p1a: Blacephalon|move: Trick|[of] p2a: Dragonite\n|-item|p2a: Dragonite|Choice Specs|[from] move: Trick\n|-item|p1a: Blacephalon|Heavy-Duty Boots|[from] move: Trick\n|move|p2a: Dragonite|Earthquake|p1a: Blacephalon\n|-supereffective|p1a: Blacephalon\n|-damage|p1a: Blacephalon|0 fnt\n|faint|p1a: Blacephalon\n|\n|upkeep\n|inactive|sslt s2w2 mati has 25 seconds left this turn.\n|inactive|sslt s2w2 mati has 20 seconds left.\n|\n|t:|1771181548\n|switch|p1a: Dragapult|Dragapult, M|18/100\n|-damage|p1a: Dragapult|6/100|[from] Stealth Rock\n|turn|17\n|inactive|sslt s2w2 mati has 30 seconds left this turn.\n|\n|t:|1771181553\n|move|p1a: Dragapult|Dragon Darts|p2a: Dragonite\n|-supereffective|p2a: Dragonite\n|-damage|p2a: Dragonite|63/100\n|-anim|p1a: Dragapult|Dragon Darts|p2a: Dragonite\n|-supereffective|p2a: Dragonite\n|-damage|p2a: Dragonite|0 fnt\n|faint|p2a: Dragonite\n|-damage|p1a: Dragapult|0 fnt|[from] item: Life Orb\n|faint|p1a: Dragapult\n|\n|upkeep\n|inactive|sslt s2w2 mati has 30 seconds left.\n|\n|t:|1771181565\n|switch|p1a: Heatran|Heatran, M|88/100\n|switch|p2a: Rillaboom|Rillaboom, F|81/100\n|-damage|p2a: Rillaboom|68/100|[from] Stealth Rock\n|-fieldstart|move: Grassy Terrain|[from] ability: Grassy Surge|[of] p2a: Rillaboom\n|-damage|p1a: Heatran|76/100|[from] Stealth Rock\n|turn|18\n|inactive|sslt s2w2 mati has 30 seconds left.\n|inactive|sslt s2w2 mati has 20 seconds left.\n|inactive|sslt s2w2 mati has 15 seconds left.\n|\n|t:|1771181586\n|move|p2a: Rillaboom|Drain Punch|p1a: Heatran\n|-supereffective|p1a: Heatran\n|-damage|p1a: Heatran|33/100\n|-heal|p2a: Rillaboom|93/100|[from] drain|[of] p1a: Heatran\n|-damage|p2a: Rillaboom|83/100|[from] item: Life Orb\n|move|p1a: Heatran|Lava Plume|p2a: Rillaboom\n|-supereffective|p2a: Rillaboom\n|-damage|p2a: Rillaboom|0 fnt\n|faint|p2a: Rillaboom\n|\n|-heal|p1a: Heatran|39/100|[from] Grassy Terrain\n|upkeep\n|\n|t:|1771181590\n|switch|p2a: Hawlucha|Hawlucha, F|100/100\n|-damage|p2a: Hawlucha|88/100|[from] Stealth Rock\n|-enditem|p2a: Hawlucha|Grassy Seed\n|-boost|p2a: Hawlucha|def|1|[from] item: Grassy Seed\n|turn|19\n|inactive|sslt s2w2 mati has 30 seconds left this turn.\n|\n|t:|1771181595\n|move|p2a: Hawlucha|Close Combat|p1a: Heatran\n|-supereffective|p1a: Heatran\n|-damage|p1a: Heatran|0 fnt\n|-unboost|p2a: Hawlucha|def|1\n|-unboost|p2a: Hawlucha|spd|1\n|faint|p1a: Heatran\n|\n|upkeep\n|\n|t:|1771181598\n|switch|p1a: Kartana|Kartana|100/100\n|-damage|p1a: Kartana|94/100|[from] Stealth Rock\n|turn|20\n|j| sslts2w2 fei\n|\n|t:|1771181604\n|move|p2a: Hawlucha|Close Combat|p1a: Kartana\n|-supereffective|p1a: Kartana\n|-damage|p1a: Kartana|0 fnt\n|-unboost|p2a: Hawlucha|def|1\n|-unboost|p2a: Hawlucha|spd|1\n|faint|p1a: Kartana\n|\n|win|SSLTS2W2 Ack\n|raw|sslt s2w2 mati's rating: 1553 &rarr; <strong>1534</strong><br />(-19 for losing)\n|raw|SSLTS2W2 Ack's rating: 1566 &rarr; <strong>1585</strong><br />(+19 for winning)\n|c|☆SSLTS2W2 Ack|gg\n|c|☆sslt s2w2 mati|gg\n|l| sslts2w2 fei\n|l| mrfraud\n|j| Thajester\n|l| sslt s2w2 limon\n|j| SSLTS2W2 za\n|l| Thajester\n|l|☆sslt s2w2 mati\n|player|p1|\n|l| SSLTS2W2 za\n|j| SSLTS2W2 za\n|l| SSLTS2W2 za\n|j| sslts2w2 fei\n|l| sslts2w2 fei\n|j| schlepin\n", "uploadtime": 1771185488, "views": 55, "formatid": "gen8ou", "rating": 1534, "private": 0, "password": null}