{"id": "gen8ou-2540617490", "format": "[Gen 8] OU", "players": ["unzipscrogre", "sslts2w2 I"], "log": "|badge|p1|bronze|gen9uu|100-8\n|badge|p1|bronze|gen9ru|100-8\n|uhtml|medal-msg|<div class=\"broadcast-blue\">Curious what those medals under the avatar are? PS now has Ladder Seasons! For more information, check out the <a href=\"https://www.smogon.com/forums/threads/3740067/\">thread on Smogon.</a></div>\n|raw|<div class=\"broadcast-blue\"><strong>This battle is required to be public due to a player having a name starting with 'sslt'.</div>\n|j|☆unzipscrogre\n|j|☆sslts2w2 I\n|t:|1771228144\n|gametype|singles\n|player|p1|unzipscrogre|unknown|1529\n|player|p2|sslts2w2 I|fisherman-gen4|1645\n|gen|8\n|tier|[Gen 8] OU\n|rated|\n|rule|Sleep Clause Mod: Limit one foe put to sleep\n|rule|Species Clause: Limit one of each Pokémon\n|rule|OHKO Clause: OHKO moves are banned\n|rule|Evasion Items Clause: Evasion items are banned\n|rule|Evasion Moves Clause: Evasion moves are banned\n|rule|Endless Battle Clause: Forcing endless battles is banned\n|rule|HP Percentage Mod: HP is shown in percentages\n|rule|Dynamax Clause: You cannot dynamax\n|clearpoke\n|poke|p1|Melmetal|\n|poke|p1|Cresselia, F|\n|poke|p1|Crawdaunt, M|\n|poke|p1|Hatterene, F|\n|poke|p1|Porygon2|\n|poke|p1|Marowak-Alola, F|\n|poke|p2|Landorus-Therian, M|\n|poke|p2|Weavile, M|\n|poke|p2|Ferrothorn, M|\n|poke|p2|Zapdos|\n|poke|p2|Urshifu-*, M|\n|poke|p2|Dragapult, M|\n|teampreview\n|inactive|Battle timer is ON: inactive players will automatically lose when time's up. (requested by unzipscrogre)\n|inactive|sslts2w2 I has 120 seconds left.\n|\n|t:|1771228192\n|teamsize|p1|6\n|teamsize|p2|6\n|start\n|switch|p1a: Hatterene|Hatterene, F|100/100\n|switch|p2a: Bandit|Weavile, M, shiny|100/100\n|-ability|p2a: Bandit|Pressure\n|turn|1\n|\n|t:|1771228220\n|move|p2a: Bandit|Knock Off|p1a: Hatterene\n|-damage|p1a: Hatterene|17/100\n|-enditem|p1a: Hatterene|Focus Sash|[from] move: Knock Off|[of] p2a: Bandit\n|move|p1a: Hatterene|Trick Room|p1a: Hatterene\n|-fieldstart|move: Trick Room|[of] p1a: Hatterene\n|\n|upkeep\n|turn|2\n|\n|t:|1771228231\n|switch|p2a: Temple|Ferrothorn, M, shiny|100/100\n|move|p1a: Hatterene|Healing Wish|p1a: Hatterene\n|faint|p1a: Hatterene\n|\n|upkeep\n|\n|t:|1771228233\n|switch|p1a: Marowak|Marowak-Alola, F|100/100\n|turn|3\n|inactive|sslts2w2 I has 120 seconds left.\n|inactive|sslts2w2 I has 90 seconds left.\n|\n|t:|1771228286\n|switch|p2a: Enten|Landorus-Therian, M, shiny|100/100\n|-ability|p2a: Enten|Intimidate|boost\n|-unboost|p1a: Marowak|atk|1\n|move|p1a: Marowak|Swords Dance|p1a: Marowak\n|-boost|p1a: Marowak|atk|2\n|\n|upkeep\n|turn|4\n|inactive|sslts2w2 I has 90 seconds left.\n|\n|t:|1771228317\n|switch|p2a: Poseidon-Blade|Urshifu-Rapid-Strike, M|100/100\n|move|p1a: Marowak|Poltergeist|p2a: Poseidon-Blade\n|-activate|p2a: Poseidon-Blade|move: Poltergeist|Choice Scarf\n|-crit|p2a: Poseidon-Blade\n|-damage|p2a: Poseidon-Blade|0 fnt\n|faint|p2a: Poseidon-Blade\n|\n|upkeep\n|\n|t:|1771228320\n|switch|p2a: Enten|Landorus-Therian, M, shiny|100/100\n|-ability|p2a: Enten|Intimidate|boost\n|-unboost|p1a: Marowak|atk|1\n|turn|5\n|\n|t:|1771228322\n|move|p1a: Marowak|Flare Blitz|p2a: Enten\n|-damage|p2a: Enten|9/100\n|move|p2a: Enten|U-turn|p1a: Marowak\n|-resisted|p1a: Marowak\n|-damage|p1a: Marowak|96/100\n|inactive|sslts2w2 I has 60 seconds left.\n|\n|t:|1771228354\n|switch|p2a: Bandit|Weavile, M, shiny|100/100|[from] U-turn\n|-ability|p2a: Bandit|Pressure\n|\n|-fieldend|move: Trick Room\n|upkeep\n|turn|6\n|\n|t:|1771228357\n|switch|p1a: Melmetal|Melmetal|100/100\n|move|p2a: Bandit|Knock Off|p1a: Melmetal\n|-damage|p1a: Melmetal|61/100\n|-enditem|p1a: Melmetal|Choice Band|[from] move: Knock Off|[of] p2a: Bandit\n|\n|upkeep\n|turn|7\n|\n|t:|1771228361\n|switch|p2a: Temple|Ferrothorn, M, shiny|100/100\n|move|p1a: Melmetal|Rock Slide|p2a: Temple\n|-resisted|p2a: Temple\n|-damage|p2a: Temple|92/100\n|\n|-heal|p2a: Temple|98/100|[from] item: Leftovers\n|upkeep\n|turn|8\n|\n|t:|1771228364\n|move|p2a: Temple|Stealth Rock|p1a: Melmetal\n|-sidestart|p1: unzipscrogre|move: Stealth Rock\n|move|p1a: Melmetal|Superpower|p2a: Temple\n|-supereffective|p2a: Temple\n|-damage|p2a: Temple|45/100\n|-unboost|p1a: Melmetal|atk|1\n|-unboost|p1a: Melmetal|def|1\n|-damage|p1a: Melmetal|49/100|[from] ability: Iron Barbs|[of] p2a: Temple\n|\n|-heal|p2a: Temple|51/100|[from] item: Leftovers\n|upkeep\n|turn|9\n|\n|t:|1771228372\n|move|p2a: Temple|Leech Seed|p1a: Melmetal\n|-start|p1a: Melmetal|move: Leech Seed\n|move|p1a: Melmetal|Double Iron Bash|p2a: Temple\n|-resisted|p2a: Temple\n|-damage|p2a: Temple|43/100\n|-damage|p1a: Melmetal|36/100|[from] ability: Iron Barbs|[of] p2a: Temple\n|-resisted|p2a: Temple\n|-damage|p2a: Temple|34/100\n|-damage|p1a: Melmetal|24/100|[from] ability: Iron Barbs|[of] p2a: Temple\n|-hitcount|p2a: Temple|2\n|\n|-heal|p2a: Temple|40/100|[from] item: Leftovers\n|-damage|p1a: Melmetal|11/100|[from] Leech Seed|[of] p2a: Temple\n|-heal|p2a: Temple|57/100|[silent]\n|upkeep\n|turn|10\n|inactive|sslts2w2 I has 90 seconds left.\n|\n|t:|1771228391\n|move|p2a: Temple|Body Press|p1a: Melmetal\n|-supereffective|p1a: Melmetal\n|-damage|p1a: Melmetal|0 fnt\n|faint|p1a: Melmetal\n|\n|-heal|p2a: Temple|63/100|[from] item: Leftovers\n|upkeep\n|\n|t:|1771228405\n|switch|p1a: Marowak|Marowak-Alola, F|96/100\n|-heal|p1a: Marowak|100/100|[from] move: Healing Wish\n|-damage|p1a: Marowak|76/100|[from] Stealth Rock\n|turn|11\n|inactive|sslts2w2 I has 90 seconds left.\n|\n|t:|1771228421\n|switch|p2a: Enten|Landorus-Therian, M, shiny|9/100\n|-ability|p2a: Enten|Intimidate|boost\n|-unboost|p1a: Marowak|atk|1\n|move|p1a: Marowak|Flare Blitz|p2a: Enten\n|-damage|p2a: Enten|0 fnt\n|faint|p2a: Enten\n|\n|upkeep\n|\n|t:|1771228423\n|switch|p2a: Bandit|Weavile, M, shiny|100/100\n|-ability|p2a: Bandit|Pressure\n|turn|12\n|\n|t:|1771228426\n|switch|p1a: Mr. Craw|Crawdaunt, M, shiny|100/100\n|-damage|p1a: Mr. Craw|88/100|[from] Stealth Rock\n|move|p2a: Bandit|Knock Off|p1a: Mr. Craw\n|-resisted|p1a: Mr. Craw\n|-damage|p1a: Mr. Craw|44/100\n|-enditem|p1a: Mr. Craw|Life Orb|[from] move: Knock Off|[of] p2a: Bandit\n|\n|upkeep\n|turn|13\n|\n|t:|1771228439\n|switch|p2a: Temple|Ferrothorn, M, shiny|63/100\n|move|p1a: Mr. Craw|Knock Off|p2a: Temple\n|-damage|p2a: Temple|20/100\n|-damage|p1a: Mr. Craw|32/100|[from] ability: Iron Barbs|[of] p2a: Temple\n|-enditem|p2a: Temple|Leftovers|[from] move: Knock Off|[of] p1a: Mr. Craw\n|\n|upkeep\n|turn|14\n|\n|t:|1771228443\n|move|p1a: Mr. Craw|Knock Off|p2a: Temple\n|-damage|p2a: Temple|0 fnt\n|-damage|p1a: Mr. Craw|19/100|[from] ability: Iron Barbs|[of] p2a: Temple\n|faint|p2a: Temple\n|\n|upkeep\n|\n|t:|1771228450\n|switch|p2a: Byakko|Zapdos, shiny|100/100\n|turn|15\n|\n|t:|1771228453\n|move|p1a: Mr. Craw|Aqua Jet|p2a: Byakko\n|-damage|p2a: Byakko|68/100\n|-status|p1a: Mr. Craw|par|[from] ability: Static|[of] p2a: Byakko\n|move|p2a: Byakko|Thunderbolt|p1a: Mr. Craw\n|-supereffective|p1a: Mr. Craw\n|-damage|p1a: Mr. Craw|0 fnt\n|faint|p1a: Mr. Craw\n|\n|upkeep\n|\n|t:|1771228469\n|switch|p1a: Cresselia|Cresselia, F|100/100\n|-damage|p1a: Cresselia|88/100|[from] Stealth Rock\n|turn|16\n|inactive|sslts2w2 I has 120 seconds left.\n|inactive|sslts2w2 I has 90 seconds left.\n|\n|t:|1771228531\n|move|p2a: Byakko|Thunderbolt|p1a: Cresselia\n|-damage|p1a: Cresselia|46/100\n|move|p1a: Cresselia|Trick Room|p1a: Cresselia\n|-fieldstart|move: Trick Room|[of] p1a: Cresselia\n|\n|upkeep\n|turn|17\n|\n|t:|1771228535\n|move|p1a: Cresselia|Lunar Dance|p1a: Cresselia\n|faint|p1a: Cresselia\n|move|p2a: Byakko|Thunderbolt|p1: Cresselia|[notarget]\n|-fail|p2a: Byakko\n|\n|upkeep\n|\n|t:|1771228537\n|switch|p1a: Marowak|Marowak-Alola, F|76/100\n|-heal|p1a: Marowak|100/100|[from] move: Lunar Dance\n|-damage|p1a: Marowak|76/100|[from] Stealth Rock\n|turn|18\n|\n|t:|1771228542\n|switch|p2a: Leviathan|Dragapult, M, shiny|100/100\n|move|p1a: Marowak|Flare Blitz|p2a: Leviathan\n|-resisted|p2a: Leviathan\n|-crit|p2a: Leviathan\n|-damage|p2a: Leviathan|0 fnt\n|faint|p2a: Leviathan\n|\n|upkeep\n|\n|t:|1771228546\n|switch|p2a: Byakko|Zapdos, shiny|68/100\n|turn|19\n|\n|t:|1771228548\n|move|p1a: Marowak|Flare Blitz|p2a: Byakko\n|-damage|p2a: Byakko|0 fnt\n|faint|p2a: Byakko\n|\n|upkeep\n|\n|t:|1771228551\n|switch|p2a: Bandit|Weavile, M, shiny|100/100\n|-ability|p2a: Bandit|Pressure\n|turn|20\n|\n|t:|1771228552\n|move|p1a: Marowak|Flare Blitz|p2a: Bandit\n|-supereffective|p2a: Bandit\n|-damage|p2a: Bandit|0 fnt\n|faint|p2a: Bandit\n|\n|win|unzipscrogre\n|raw|unzipscrogre's rating: 1529 &rarr; <strong>1556</strong><br />(+27 for winning)\n|raw|sslts2w2 I's rating: 1650 &rarr; <strong>1623</strong><br />(-27 for losing)\n|c|☆unzipscrogre|gg\n|l|☆sslts2w2 I\n|player|p2|\n", "uploadtime": 1771228559, "views": 32, "formatid": "gen8ou", "rating": 1556, "private": 0, "password": null}