{"id": "gen8ou-2540258742", "format": "[Gen 8] OU", "players": ["SSLTS2W2 za", "sslt s2w2 mati"], "log": "|raw|<div class=\"broadcast-blue\"><strong>This battle is required to be public due to a player having a name starting with 'sslt'.</div>\n|j|☆SSLTS2W2 za\n|j|☆sslt s2w2 mati\n|t:|1771181681\n|gametype|singles\n|player|p1|SSLTS2W2 za|psychicf-gen4|1570\n|player|p2|sslt s2w2 mati|2|1534\n|gen|8\n|tier|[Gen 8] OU\n|rated|\n|rule|Sleep Clause Mod: Limit one foe put to sleep\n|rule|Species Clause: Limit one of each Pokémon\n|rule|OHKO Clause: OHKO moves are banned\n|rule|Evasion Items Clause: Evasion items are banned\n|rule|Evasion Moves Clause: Evasion moves are banned\n|rule|Endless Battle Clause: Forcing endless battles is banned\n|rule|HP Percentage Mod: HP is shown in percentages\n|rule|Dynamax Clause: You cannot dynamax\n|clearpoke\n|poke|p1|Landorus-Therian, M|\n|poke|p1|Ferrothorn, M|\n|poke|p1|Slowking-Galar, F|\n|poke|p1|Mandibuzz, F|\n|poke|p1|Urshifu-*, M|\n|poke|p1|Tapu Koko|\n|poke|p2|Kartana|\n|poke|p2|Heatran, F|\n|poke|p2|Landorus-Therian, M|\n|poke|p2|Blacephalon|\n|poke|p2|Crawdaunt, F|\n|poke|p2|Dragapult, M|\n|teampreview\n|inactive|Battle timer is ON: inactive players will automatically lose when time's up. (requested by SSLTS2W2 za)\n|j| sslts2w2 I\n|j| Thajester\n|inactive|sslt s2w2 mati has 120 seconds left.\n|\n|t:|1771181733\n|teamsize|p1|6\n|teamsize|p2|6\n|start\n|switch|p1a: Mandibuzz|Mandibuzz, F, shiny|100/100\n|switch|p2a: Dragapult|Dragapult, M|100/100\n|turn|1\n|\n|t:|1771181742\n|switch|p2a: Heatran|Heatran, F|100/100\n|-item|p2a: Heatran|Air Balloon\n|move|p1a: Mandibuzz|Foul Play|p2a: Heatran\n|-damage|p2a: Heatran|86/100\n|-enditem|p2a: Heatran|Air Balloon\n|\n|upkeep\n|turn|2\n|inactive|sslt s2w2 mati has 120 seconds left.\n|\n|t:|1771181795\n|move|p1a: Mandibuzz|U-turn|p2a: Heatran\n|-resisted|p2a: Heatran\n|-damage|p2a: Heatran|84/100\n|\n|t:|1771181806\n|switch|p1a: Landorus|Landorus-Therian, M, shiny|100/100|[from] U-turn\n|-ability|p1a: Landorus|Intimidate|boost\n|-unboost|p2a: Heatran|atk|1\n|move|p2a: Heatran|Toxic|p1a: Landorus\n|-status|p1a: Landorus|tox\n|\n|-damage|p1a: Landorus|95/100 tox|[from] psn\n|upkeep\n|turn|3\n|\n|t:|1771181812\n|switch|p2a: Landorus|Landorus-Therian, M|100/100\n|-ability|p2a: Landorus|Intimidate|boost\n|-unboost|p1a: Landorus|atk|1\n|move|p1a: Landorus|Stealth Rock|p2a: Landorus\n|-sidestart|p2: sslt s2w2 mati|move: Stealth Rock\n|\n|-heal|p1a: Landorus|100/100 tox|[from] item: Leftovers\n|-damage|p1a: Landorus|89/100 tox|[from] psn\n|upkeep\n|turn|4\n|j| sslt s2w2 limon\n|\n|t:|1771181830\n|move|p1a: Landorus|Knock Off|p2a: Landorus\n|-damage|p2a: Landorus|78/100\n|-enditem|p2a: Landorus|Leftovers|[from] move: Knock Off|[of] p1a: Landorus\n|move|p2a: Landorus|Defog|p1a: Landorus\n|-unboost|p1a: Landorus|evasion|1\n|-sideend|p2: sslt s2w2 mati|Stealth Rock|[from] move: Defog|[of] p2a: Landorus\n|\n|-heal|p1a: Landorus|95/100 tox|[from] item: Leftovers\n|-damage|p1a: Landorus|77/100 tox|[from] psn\n|upkeep\n|turn|5\n|\n|t:|1771181841\n|move|p1a: Landorus|Stealth Rock|p2a: Landorus\n|-sidestart|p2: sslt s2w2 mati|move: Stealth Rock\n|move|p2a: Landorus|U-turn|p1a: Landorus\n|-resisted|p1a: Landorus\n|-damage|p1a: Landorus|64/100 tox\n|inactive|sslt s2w2 mati has 90 seconds left.\n|\n|t:|1771181873\n|switch|p2a: Blacephalon|Blacephalon|100/100|[from] U-turn\n|-damage|p2a: Blacephalon|76/100|[from] Stealth Rock\n|\n|-heal|p1a: Landorus|70/100 tox|[from] item: Leftovers\n|-damage|p1a: Landorus|46/100 tox|[from] psn\n|upkeep\n|turn|6\n|\n|t:|1771181878\n|switch|p1a: Slowking|Slowking-Galar, F, shiny|100/100\n|move|p2a: Blacephalon|Shadow Ball|p1a: Slowking\n|-supereffective|p1a: Slowking\n|-damage|p1a: Slowking|30/100\n|\n|upkeep\n|turn|7\n|\n|t:|1771181885\n|switch|p2a: Landorus|Landorus-Therian, M|78/100\n|-damage|p2a: Landorus|66/100|[from] Stealth Rock\n|-ability|p2a: Landorus|Intimidate|boost\n|-unboost|p1a: Slowking|atk|1\n|switch|p1a: Mandibuzz|Mandibuzz, F, shiny|100/100\n|\n|upkeep\n|turn|8\n|\n|t:|1771181892\n|switch|p1a: Ferrothorn|Ferrothorn, M, shiny|100/100\n|move|p2a: Landorus|Defog|p1a: Ferrothorn\n|-unboost|p1a: Ferrothorn|evasion|1\n|-sideend|p2: sslt s2w2 mati|Stealth Rock|[from] move: Defog|[of] p2a: Landorus\n|\n|upkeep\n|turn|9\n|\n|t:|1771181901\n|switch|p2a: Heatran|Heatran, F|84/100\n|move|p1a: Ferrothorn|Leech Seed|p2a: Heatran\n|-start|p2a: Heatran|move: Leech Seed\n|\n|-damage|p2a: Heatran|72/100|[from] Leech Seed|[of] p1a: Ferrothorn\n|upkeep\n|turn|10\n|\n|t:|1771181906\n|switch|p2a: Blacephalon|Blacephalon|76/100\n|switch|p1a: Slowking|Slowking-Galar, F, shiny|63/100\n|\n|upkeep\n|turn|11\n|inactive|SSLTS2W2 za has 120 seconds left.\n|inactive|SSLTS2W2 za has 90 seconds left.\n|\n|t:|1771181966\n|switch|p1a: Landorus|Landorus-Therian, M, shiny|46/100 tox\n|-ability|p1a: Landorus|Intimidate|boost\n|-unboost|p2a: Blacephalon|atk|1\n|move|p2a: Blacephalon|Shadow Ball|p1a: Landorus\n|-damage|p1a: Landorus|0 fnt\n|faint|p1a: Landorus\n|-ability|p2a: Blacephalon|Beast Boost|boost\n|-boost|p2a: Blacephalon|spa|1\n|\n|upkeep\n|\n|t:|1771181969\n|switch|p1a: Mandibuzz|Mandibuzz, F, shiny|100/100\n|turn|12\n|inactive|sslt s2w2 mati has 120 seconds left.\n|\n|t:|1771182010\n|switch|p2a: Heatran|Heatran, F|72/100\n|move|p1a: Mandibuzz|Foul Play|p2a: Heatran\n|-damage|p2a: Heatran|56/100\n|\n|upkeep\n|turn|13\n|\n|t:|1771182026\n|switch|p1a: Slowking|Slowking-Galar, F, shiny|96/100\n|move|p2a: Heatran|Stealth Rock|p1a: Slowking\n|-sidestart|p1: SSLTS2W2 za|move: Stealth Rock\n|\n|upkeep\n|turn|14\n|inactive|sslt s2w2 mati has 90 seconds left.\n|\n|t:|1771182043\n|switch|p2a: Crawdaunt|Crawdaunt, F|100/100\n|switch|p1a: Urshifu|Urshifu-Rapid-Strike, M|100/100\n|-damage|p1a: Urshifu|94/100|[from] Stealth Rock\n|\n|upkeep\n|turn|15\n|inactive|sslt s2w2 mati has 90 seconds left.\n|inactive|SSLTS2W2 za has 90 seconds left.\n|\n|t:|1771182086\n|switch|p2a: Heatran|Heatran, F|56/100\n|move|p1a: Urshifu|U-turn|p2a: Heatran\n|-resisted|p2a: Heatran\n|-damage|p2a: Heatran|53/100\n|l|☆sslt s2w2 mati\n|inactive|sslt s2w2 mati disconnected and has a minute to reconnect!\n|player|p2|\n|\n|t:|1771182098\n|switch|p1a: Slowking|Slowking-Galar, F, shiny|100/100|[from] U-turn\n|-damage|p1a: Slowking|88/100|[from] Stealth Rock\n|\n|upkeep\n|turn|16\n|j|☆sslt s2w2 mati\n|inactive|sslt s2w2 mati reconnected and has 70 seconds left.\n|player|p2|sslt s2w2 mati|2|\n|inactive|sslt s2w2 mati has 60 seconds left.\n|\n|t:|1771182130\n|switch|p2a: Crawdaunt|Crawdaunt, F|100/100\n|move|p1a: Slowking|Scald|p2a: Crawdaunt\n|-resisted|p2a: Crawdaunt\n|-damage|p2a: Crawdaunt|71/100\n|\n|upkeep\n|turn|17\n|\n|t:|1771182137\n|switch|p1a: Ferrothorn|Ferrothorn, M, shiny|100/100\n|-damage|p1a: Ferrothorn|94/100|[from] Stealth Rock\n|move|p2a: Crawdaunt|Swords Dance|p2a: Crawdaunt\n|-boost|p2a: Crawdaunt|atk|2\n|\n|-heal|p1a: Ferrothorn|100/100|[from] item: Leftovers\n|upkeep\n|turn|18\n|\n|t:|1771182142\n|move|p2a: Crawdaunt|Knock Off|p1a: Ferrothorn\n|-damage|p1a: Ferrothorn|0 fnt\n|-damage|p2a: Crawdaunt|58/100|[from] ability: Iron Barbs|[of] p1a: Ferrothorn\n|-enditem|p1a: Ferrothorn|Leftovers|[from] move: Knock Off|[of] p2a: Crawdaunt\n|faint|p1a: Ferrothorn\n|-damage|p2a: Crawdaunt|48/100|[from] item: Life Orb\n|\n|upkeep\n|\n|t:|1771182147\n|switch|p1a: Urshifu|Urshifu-Rapid-Strike, M|94/100\n|-damage|p1a: Urshifu|88/100|[from] Stealth Rock\n|turn|19\n|l| sslts2w2 I\n|\n|t:|1771182171\n|move|p2a: Crawdaunt|Aqua Jet|p1a: Urshifu\n|-resisted|p1a: Urshifu\n|-damage|p1a: Urshifu|50/100\n|-damage|p2a: Crawdaunt|39/100|[from] item: Life Orb\n|move|p1a: Urshifu|U-turn|p2a: Crawdaunt\n|-supereffective|p2a: Crawdaunt\n|-damage|p2a: Crawdaunt|0 fnt\n|faint|p2a: Crawdaunt\n|\n|t:|1771182175\n|switch|p1a: Mandibuzz|Mandibuzz, F, shiny|100/100|[from] U-turn\n|\n|upkeep\n|inactive|sslt s2w2 mati has 60 seconds left.\n|\n|t:|1771182203\n|switch|p2a: Heatran|Heatran, F|53/100\n|turn|20\n|inactive|sslt s2w2 mati has 60 seconds left.\n|\n|t:|1771182221\n|move|p1a: Mandibuzz|Defog|p2a: Heatran\n|-unboost|p2a: Heatran|evasion|1\n|-sideend|p1: SSLTS2W2 za|Stealth Rock|[from] move: Defog|[of] p1a: Mandibuzz\n|move|p2a: Heatran|Lava Plume|p1a: Mandibuzz\n|-damage|p1a: Mandibuzz|75/100\n|\n|upkeep\n|turn|21\n|inactive|sslt s2w2 mati has 60 seconds left.\n|\n|t:|1771182227\n|switch|p1a: Urshifu|Urshifu-Rapid-Strike, M|50/100\n|move|p2a: Heatran|Toxic|p1a: Urshifu\n|-status|p1a: Urshifu|tox\n|\n|-damage|p1a: Urshifu|44/100 tox|[from] psn\n|upkeep\n|turn|22\n|inactive|SSLTS2W2 za has 120 seconds left.\n|\n|t:|1771182232\n|move|p1a: Urshifu|Surging Strikes|p2a: Heatran\n|-supereffective|p2a: Heatran\n|-crit|p2a: Heatran\n|-damage|p2a: Heatran|28/100\n|-supereffective|p2a: Heatran\n|-crit|p2a: Heatran\n|-damage|p2a: Heatran|4/100\n|-supereffective|p2a: Heatran\n|-crit|p2a: Heatran\n|-damage|p2a: Heatran|0 fnt\n|faint|p2a: Heatran\n|-hitcount|p2: Heatran|3\n|\n|-damage|p1a: Urshifu|32/100 tox|[from] psn\n|upkeep\n|j| bbleed\n|\n|t:|1771182241\n|switch|p2a: Dragapult|Dragapult, M|100/100\n|turn|23\n|l| bbleed\n|\n|t:|1771182257\n|switch|p1a: Tapu Koko|Tapu Koko, shiny|100/100\n|-fieldstart|move: Electric Terrain|[from] ability: Electric Surge|[of] p1a: Tapu Koko\n|move|p2a: Dragapult|Dragon Darts|p1a: Tapu Koko\n|-immune|p1a: Tapu Koko\n|\n|upkeep\n|turn|24\n|\n|t:|1771182263\n|switch|p2a: Landorus|Landorus-Therian, M|66/100\n|-ability|p2a: Landorus|Intimidate|boost\n|-unboost|p1a: Tapu Koko|atk|1\n|move|p1a: Tapu Koko|Dazzling Gleam|p2a: Landorus\n|-damage|p2a: Landorus|26/100\n|\n|upkeep\n|turn|25\n|\n|t:|1771182280\n|move|p1a: Tapu Koko|Dazzling Gleam|p2a: Landorus\n|-damage|p2a: Landorus|0 fnt\n|faint|p2a: Landorus\n|\n|upkeep\n|inactive|sslt s2w2 mati has 60 seconds left.\n|\n|t:|1771182291\n|switch|p2a: Blacephalon|Blacephalon|76/100\n|turn|26\n|\n|t:|1771182310\n|switch|p1a: Urshifu|Urshifu-Rapid-Strike, M|32/100 tox\n|move|p2a: Blacephalon|Flamethrower|p1a: Urshifu\n|-resisted|p1a: Urshifu\n|-damage|p1a: Urshifu|0 fnt\n|faint|p1a: Urshifu\n|-ability|p2a: Blacephalon|Beast Boost|boost\n|-boost|p2a: Blacephalon|spa|1\n|\n|upkeep\n|inactive|SSLTS2W2 za has 120 seconds left.\n|inactive|SSLTS2W2 za has 90 seconds left.\n|inactive|SSLTS2W2 za has 60 seconds left.\n|\n|t:|1771182401\n|switch|p1a: Tapu Koko|Tapu Koko, shiny|100/100\n|turn|27\n|\n|t:|1771182406\n|move|p1a: Tapu Koko|Volt Switch|p2a: Blacephalon\n|-damage|p2a: Blacephalon|0 fnt\n|faint|p2a: Blacephalon\n|\n|t:|1771182409\n|switch|p1a: Mandibuzz|Mandibuzz, F, shiny|75/100|[from] Volt Switch\n|\n|-fieldend|move: Electric Terrain\n|upkeep\n|inactive|sslt s2w2 mati has 90 seconds left.\n|\n|t:|1771182430\n|switch|p2a: Kartana|Kartana|100/100\n|turn|28\n|inactive|SSLTS2W2 za has 60 seconds left.\n|\n|t:|1771182450\n|move|p2a: Kartana|Smart Strike|p1a: Mandibuzz\n|-damage|p1a: Mandibuzz|43/100\n|move|p1a: Mandibuzz|Roost|p1a: Mandibuzz\n|-heal|p1a: Mandibuzz|93/100\n|-singleturn|p1a: Mandibuzz|move: Roost\n|\n|upkeep\n|turn|29\n|\n|t:|1771182455\n|move|p2a: Kartana|Smart Strike|p1a: Mandibuzz\n|-damage|p1a: Mandibuzz|65/100\n|move|p1a: Mandibuzz|Roost|p1a: Mandibuzz\n|-heal|p1a: Mandibuzz|100/100\n|-singleturn|p1a: Mandibuzz|move: Roost\n|\n|upkeep\n|turn|30\n|\n|t:|1771182459\n|move|p2a: Kartana|Smart Strike|p1a: Mandibuzz\n|-damage|p1a: Mandibuzz|68/100\n|move|p1a: Mandibuzz|Foul Play|p2a: Kartana\n|-damage|p2a: Kartana|31/100\n|\n|upkeep\n|turn|31\n|\n|t:|1771182463\n|move|p2a: Kartana|Smart Strike|p1a: Mandibuzz\n|-damage|p1a: Mandibuzz|39/100\n|move|p1a: Mandibuzz|Roost|p1a: Mandibuzz\n|-heal|p1a: Mandibuzz|89/100\n|-singleturn|p1a: Mandibuzz|move: Roost\n|\n|upkeep\n|turn|32\n|\n|t:|1771182465\n|move|p2a: Kartana|Smart Strike|p1a: Mandibuzz\n|-damage|p1a: Mandibuzz|57/100\n|move|p1a: Mandibuzz|Roost|p1a: Mandibuzz\n|-heal|p1a: Mandibuzz|100/100\n|-singleturn|p1a: Mandibuzz|move: Roost\n|\n|upkeep\n|turn|33\n|\n|t:|1771182469\n|move|p2a: Kartana|Smart Strike|p1a: Mandibuzz\n|-damage|p1a: Mandibuzz|71/100\n|move|p1a: Mandibuzz|Foul Play|p2a: Kartana\n|-damage|p2a: Kartana|0 fnt\n|faint|p2a: Kartana\n|\n|upkeep\n|\n|t:|1771182472\n|switch|p2a: Dragapult|Dragapult, M|100/100\n|turn|34\n|\n|t:|1771182477\n|move|p2a: Dragapult|Dragon Dance|p2a: Dragapult\n|-boost|p2a: Dragapult|atk|1\n|-boost|p2a: Dragapult|spe|1\n|move|p1a: Mandibuzz|Foul Play|p2a: Dragapult\n|-supereffective|p2a: Dragapult\n|-damage|p2a: Dragapult|0 fnt\n|faint|p2a: Dragapult\n|\n|win|SSLTS2W2 za\n|raw|SSLTS2W2 za's rating: 1570 &rarr; <strong>1588</strong><br />(+18 for winning)\n|raw|sslt s2w2 mati's rating: 1534 &rarr; <strong>1516</strong><br />(-18 for losing)\n|c|☆sslt s2w2 mati|gg\n|c|☆SSLTS2W2 za|gg\n|l|☆sslt s2w2 mati\n|player|p2|\n", "uploadtime": 1771182534, "views": 76, "formatid": "gen8ou", "rating": 1516, "private": 0, "password": null}