{"id": "gen9randombattle-2540257348", "format": "[Gen 9] Random Battle", "players": ["TheDragonCowboy", "Valenteddi"], "log": "|j|☆TheDragonCowboy\n|j|☆Valenteddi\n|t:|1771181520\n|gametype|singles\n|player|p1|TheDragonCowboy|darach-caitlin|1812\n|player|p2|Valenteddi|266|1808\n|gen|9\n|tier|[Gen 9] Random Battle\n|rated|\n|rule|Species Clause: Limit one of each Pokémon\n|rule|HP Percentage Mod: HP is shown in percentages\n|rule|Sleep Clause Mod: Limit one foe put to sleep\n|rule|Illusion Level Mod: Illusion disguises the Pokémon's true level\n|\n|t:|1771181520\n|teamsize|p1|6\n|teamsize|p2|6\n|start\n|switch|p1a: Zarude|Zarude-Dada, L77|288/288\n|switch|p2a: Passimian|Passimian, L83, F|302/302\n|turn|1\n|\n|t:|1771181531\n|switch|p1a: Palossand|Palossand, L89, M|296/296\n|move|p2a: Passimian|Bulk Up|p2a: Passimian\n|-boost|p2a: Passimian|atk|1\n|-boost|p2a: Passimian|def|1\n|\n|upkeep\n|turn|2\n|inactive|Battle timer is ON: inactive players will automatically lose when time's up. (requested by TheDragonCowboy)\n|inactive|Valenteddi has 120 seconds left.\n|\n|t:|1771181590\n|move|p2a: Passimian|Knock Off|p1a: Palossand\n|-supereffective|p1a: Palossand\n|-damage|p1a: Palossand|110/296\n|-enditem|p1a: Palossand|Leftovers|[from] move: Knock Off|[of] p2a: Passimian\n|move|p1a: Palossand|Shadow Ball|p2a: Passimian\n|-damage|p2a: Passimian|166/302\n|\n|-heal|p2a: Passimian|184/302|[from] item: Leftovers\n|upkeep\n|turn|3\n|\n|t:|1771181598\n|move|p2a: Passimian|Knock Off|p1a: Palossand\n|-supereffective|p1a: Palossand\n|-damage|p1a: Palossand|0 fnt\n|faint|p1a: Palossand\n|\n|-heal|p2a: Passimian|202/302|[from] item: Leftovers\n|upkeep\n|\n|t:|1771181601\n|switch|p1a: Rotom|Rotom, L88|231/231\n|turn|4\n|\n|t:|1771181615\n|move|p1a: Rotom|Will-O-Wisp|p2a: Passimian\n|-status|p2a: Passimian|brn\n|move|p2a: Passimian|Knock Off|p1a: Rotom\n|-supereffective|p1a: Rotom\n|-damage|p1a: Rotom|97/231\n|-enditem|p1a: Rotom|Life Orb|[from] move: Knock Off|[of] p2a: Passimian\n|\n|-heal|p2a: Passimian|220/302 brn|[from] item: Leftovers\n|-damage|p2a: Passimian|202/302 brn|[from] brn\n|upkeep\n|turn|5\n|\n|t:|1771181623\n|move|p1a: Rotom|Nasty Plot|p1a: Rotom\n|-boost|p1a: Rotom|spa|2\n|move|p2a: Passimian|Knock Off|p1a: Rotom\n|-supereffective|p1a: Rotom\n|-damage|p1a: Rotom|5/231\n|\n|-heal|p2a: Passimian|220/302 brn|[from] item: Leftovers\n|-damage|p2a: Passimian|202/302 brn|[from] brn\n|upkeep\n|turn|6\n|\n|t:|1771181625\n|move|p1a: Rotom|Thunderbolt|p2a: Passimian\n|-damage|p2a: Passimian|0 fnt\n|faint|p2a: Passimian\n|\n|upkeep\n|\n|t:|1771181643\n|switch|p2a: Hariyama|Hariyama, L87, M|392/392\n|turn|7\n|\n|t:|1771181647\n|move|p2a: Hariyama|Bullet Punch|p1a: Rotom\n|-resisted|p1a: Rotom\n|-crit|p1a: Rotom\n|-damage|p1a: Rotom|0 fnt\n|faint|p1a: Rotom\n|\n|upkeep\n|\n|t:|1771181650\n|switch|p1a: Kricketune|Kricketune, L99, F|312/312\n|turn|8\n|\n|t:|1771181666\n|switch|p2a: Mimikyu|Mimikyu, L79, F|216/216\n|move|p1a: Kricketune|Sticky Web|p2a: Mimikyu\n|-sidestart|p2: Valenteddi|move: Sticky Web\n|\n|upkeep\n|turn|9\n|\n|t:|1771181672\n|move|p2a: Mimikyu|Swords Dance|p2a: Mimikyu\n|-boost|p2a: Mimikyu|atk|2\n|move|p1a: Kricketune|Taunt|p2a: Mimikyu\n|-start|p2a: Mimikyu|move: Taunt\n|\n|upkeep\n|turn|10\n|\n|t:|1771181675\n|move|p2a: Mimikyu|Play Rough|p1a: Kricketune\n|-damage|p1a: Kricketune|73/312\n|-damage|p2a: Mimikyu|195/216|[from] item: Life Orb\n|move|p1a: Kricketune|Pounce|p2a: Mimikyu\n|-activate|p2a: Mimikyu|ability: Disguise\n|-damage|p2a: Mimikyu|195/216\n|-unboost|p2a: Mimikyu|spe|1\n|detailschange|p2a: Mimikyu|Mimikyu-Busted, L79, F\n|-damage|p2a: Mimikyu|168/216|[from] pokemon: Mimikyu-Busted\n|\n|upkeep\n|turn|11\n|inactive|TheDragonCowboy has 120 seconds left.\n|\n|t:|1771181712\n|move|p1a: Kricketune|Pounce|p2a: Mimikyu\n|-resisted|p2a: Mimikyu\n|-damage|p2a: Mimikyu|140/216\n|-unboost|p2a: Mimikyu|spe|1\n|move|p2a: Mimikyu|Play Rough|p1a: Kricketune\n|-damage|p1a: Kricketune|0 fnt\n|faint|p1a: Kricketune\n|-damage|p2a: Mimikyu|119/216|[from] item: Life Orb\n|\n|upkeep\n|\n|t:|1771181718\n|switch|p1a: Probopass|Probopass, L91, M|257/257\n|turn|12\n|\n|t:|1771181723\n|move|p1a: Probopass|Flash Cannon|p2a: Mimikyu\n|-supereffective|p2a: Mimikyu\n|-damage|p2a: Mimikyu|0 fnt\n|faint|p2a: Mimikyu\n|\n|upkeep\n|\n|t:|1771181729\n|switch|p2a: Lumineon|Lumineon, L93, F|279/279\n|-activate|p2a: Lumineon|move: Sticky Web\n|-unboost|p2a: Lumineon|spe|1\n|turn|13\n|\n|t:|1771181733\n|switch|p1a: Zarude|Zarude-Dada, L77|288/288\n|move|p2a: Lumineon|Encore||[still]\n|-fail|p2a: Lumineon\n|\n|upkeep\n|turn|14\n|\n|t:|1771181741\n|move|p1a: Zarude|Power Whip|p2a: Lumineon\n|-supereffective|p2a: Lumineon\n|-damage|p2a: Lumineon|0 fnt\n|faint|p2a: Lumineon\n|-damage|p1a: Zarude|260/288|[from] item: Life Orb\n|\n|upkeep\n|\n|t:|1771181744\n|switch|p2a: Hariyama|Hariyama, L87, M|392/392\n|-activate|p2a: Hariyama|move: Sticky Web\n|-unboost|p2a: Hariyama|spe|1\n|turn|15\n|\n|t:|1771181753\n|move|p1a: Zarude|Power Whip|p2a: Hariyama\n|-damage|p2a: Hariyama|185/392\n|-damage|p1a: Zarude|232/288|[from] item: Life Orb\n|move|p2a: Hariyama|Close Combat|p1a: Zarude\n|-supereffective|p1a: Zarude\n|-damage|p1a: Zarude|0 fnt\n|-unboost|p2a: Hariyama|def|1\n|-unboost|p2a: Hariyama|spd|1\n|faint|p1a: Zarude\n|\n|upkeep\n|\n|t:|1771181758\n|switch|p1a: Probopass|Probopass, L91, M|257/257\n|turn|16\n|\n|t:|1771181765\n|-terastallize|p1a: Probopass|Fighting\n|move|p1a: Probopass|Iron Defense|p1a: Probopass\n|-boost|p1a: Probopass|def|2\n|move|p2a: Hariyama|Knock Off|p1a: Probopass\n|-resisted|p1a: Probopass\n|-damage|p1a: Probopass|244/257\n|-enditem|p1a: Probopass|Chesto Berry|[from] move: Knock Off|[of] p2a: Hariyama\n|\n|upkeep\n|turn|17\n|\n|t:|1771181769\n|switch|p2a: Dondozo|Dondozo, L78, M|362/362\n|-activate|p2a: Dondozo|move: Sticky Web\n|-unboost|p2a: Dondozo|spe|1\n|move|p1a: Probopass|Body Press|p2a: Dondozo\n|-damage|p2a: Dondozo|248/362\n|\n|-heal|p2a: Dondozo|270/362|[from] item: Leftovers\n|upkeep\n|turn|18\n|\n|t:|1771181773\n|move|p1a: Probopass|Body Press|p2a: Dondozo\n|-damage|p2a: Dondozo|143/362\n|move|p2a: Dondozo|Curse|p2a: Dondozo\n|-unboost|p2a: Dondozo|spe|1\n|-boost|p2a: Dondozo|atk|1\n|-boost|p2a: Dondozo|def|1\n|\n|-heal|p2a: Dondozo|165/362|[from] item: Leftovers\n|upkeep\n|turn|19\n|\n|t:|1771181777\n|move|p1a: Probopass|Body Press|p2a: Dondozo\n|-damage|p2a: Dondozo|83/362\n|move|p2a: Dondozo|Rest|p2a: Dondozo\n|-status|p2a: Dondozo|slp|[from] move: Rest\n|-heal|p2a: Dondozo|362/362 slp|[silent]\n|\n|upkeep\n|turn|20\n|\n|t:|1771181782\n|move|p1a: Probopass|Body Press|p2a: Dondozo\n|-damage|p2a: Dondozo|286/362 slp\n|cant|p2a: Dondozo|slp\n|move|p2a: Dondozo|Sleep Talk|p2a: Dondozo\n|move|p2a: Dondozo|Rest||[from] move: Sleep Talk|[still]\n|-fail|p2a: Dondozo\n|\n|-heal|p2a: Dondozo|308/362 slp|[from] item: Leftovers\n|upkeep\n|turn|21\n|-message|TheDragonCowboy forfeited.\n|\n|win|Valenteddi\n|raw|TheDragonCowboy's rating: 1812 &rarr; <strong>1792</strong><br />(-20 for losing)\n|raw|Valenteddi's rating: 1808 &rarr; <strong>1828</strong><br />(+20 for winning)\n|l|☆TheDragonCowboy\n|player|p1|\n", "inputlog": ">version 686819e5e19f8a7fd2345cfc5a08a5085efa2cc3\n>start {\"formatid\":\"gen9randombattle\",\"seed\":\"sodium,e8ee2997966b915bb1175041c3a96399\",\"rated\":\"Rated battle\"}\n>player p1 {\"name\":\"TheDragonCowboy\",\"avatar\":\"darach-caitlin\",\"rating\":1812,\"seed\":\"sodium,ceefcdd2ace34eda92dac8e35432c695\"}\n>player p2 {\"name\":\"Valenteddi\",\"avatar\":\"266\",\"rating\":1808,\"seed\":\"sodium,05f54bd1e3b839a469a848ddfe92c3d9\"}\n>p1 switch 6\n>p2 move bulkup\n>p1 move shadowball\n>p2 move knockoff\n>p1 move shadowball\n>p2 move knockoff\n>p1 switch 4\n>p1 move willowisp\n>p2 move knockoff\n>p1 move nastyplot\n>p2 move knockoff\n>p1 move thunderbolt\n>p2 move knockoff\n>p2 switch 4\n>p1 move thunderbolt\n>p2 move bulletpunch\n>p1 switch 2\n>p1 move stickyweb\n>p2 switch 5\n>p1 move taunt\n>p2 move swordsdance\n>p1 move pounce\n>p2 move playrough\n>p1 move pounce\n>p2 move playrough\n>p1 switch 5\n>p1 move flashcannon\n>p2 move drainpunch\n>p2 switch 3\n>p1 switch 6\n>p2 move encore\n>p1 move powerwhip\n>p2 move alluringvoice\n>p2 switch 5\n>p1 move powerwhip\n>p2 move closecombat\n>p1 switch 6\n>p1 move irondefense terastallize\n>p2 move knockoff\n>p1 move bodypress\n>p2 switch 2\n>p1 move bodypress\n>p2 move curse\n>p1 move bodypress\n>p2 move rest\n>p1 move bodypress\n>p2 move sleeptalk\n>forcelose p1", "uploadtime": 1771181787, "views": 8, "formatid": "gen9randombattle", "rating": 1792, "private": 0, "password": null}