{"id": "gen9randombattle-2540032440", "format": "[Gen 9] Random Battle", "players": ["whosenickulooking", "YOU ARE LOSER LOL"], "log": "|j|☆whosenickulooking\n|j|‽YOU ARE LOSER LOL\n|t:|1771148848\n|gametype|singles\n|player|p1|whosenickulooking|266|1523\n|player|p2|YOU ARE LOSER LOL|crasherwake|1580\n|gen|9\n|tier|[Gen 9] Random Battle\n|rated|\n|rule|Species Clause: Limit one of each Pokémon\n|rule|HP Percentage Mod: HP is shown in percentages\n|rule|Sleep Clause Mod: Limit one foe put to sleep\n|rule|Illusion Level Mod: Illusion disguises the Pokémon's true level\n|\n|t:|1771148848\n|teamsize|p1|6\n|teamsize|p2|6\n|start\n|switch|p1a: Frosmoth|Frosmoth, L82, M|249/249\n|switch|p2a: Houndstone|Houndstone, L86, M|264/264\n|turn|1\n|inactive|Battle timer is ON: inactive players will automatically lose when time's up. (requested by YOU ARE LOSER LOL)\n|inactive|whosenickulooking has 120 seconds left.\n|\n|t:|1771148905\n|switch|p1a: Lanturn|Lanturn, L89, F|367/367\n|move|p2a: Houndstone|Poltergeist|p1a: Lanturn\n|-activate|p1a: Lanturn|move: Poltergeist|Leftovers\n|-damage|p1a: Lanturn|201/367\n|\n|-heal|p1a: Lanturn|223/367|[from] item: Leftovers\n|upkeep\n|turn|2\n|\n|t:|1771148916\n|move|p1a: Lanturn|Scald|p2a: Houndstone\n|-damage|p2a: Houndstone|188/264\n|move|p2a: Houndstone|Poltergeist|p1a: Lanturn\n|-activate|p1a: Lanturn|move: Poltergeist|Leftovers\n|-damage|p1a: Lanturn|73/367\n|\n|-heal|p1a: Lanturn|95/367|[from] item: Leftovers\n|-heal|p2a: Houndstone|204/264|[from] item: Leftovers\n|upkeep\n|turn|3\n|\n|t:|1771148920\n|move|p2a: Houndstone|Shadow Sneak|p1a: Lanturn\n|-damage|p1a: Lanturn|34/367\n|move|p1a: Lanturn|Scald|p2a: Houndstone\n|-damage|p2a: Houndstone|131/264\n|-status|p2a: Houndstone|brn\n|\n|-heal|p1a: Lanturn|56/367|[from] item: Leftovers\n|-heal|p2a: Houndstone|147/264 brn|[from] item: Leftovers\n|-damage|p2a: Houndstone|131/264 brn|[from] brn\n|upkeep\n|turn|4\n|\n|t:|1771148935\n|switch|p1a: Heracross|Heracross, L80, M|259/259\n|move|p2a: Houndstone|Poltergeist|p1a: Heracross\n|-activate|p1a: Heracross|move: Poltergeist|Choice Scarf\n|-damage|p1a: Heracross|181/259\n|\n|-heal|p2a: Houndstone|147/264 brn|[from] item: Leftovers\n|-damage|p2a: Houndstone|131/264 brn|[from] brn\n|upkeep\n|turn|5\n|\n|t:|1771148954\n|move|p1a: Heracross|Knock Off|p2a: Houndstone\n|-supereffective|p2a: Houndstone\n|-damage|p2a: Houndstone|56/264 brn\n|-enditem|p2a: Houndstone|Leftovers|[from] move: Knock Off|[of] p1a: Heracross\n|move|p2a: Houndstone|Poltergeist|p1a: Heracross|[miss]\n|-miss|p2a: Houndstone|p1a: Heracross\n|\n|-damage|p2a: Houndstone|40/264 brn|[from] brn\n|upkeep\n|turn|6\n|\n|t:|1771148965\n|switch|p1a: Lanturn|Lanturn, L89, F|56/367\n|move|p2a: Houndstone|Shadow Sneak|p1a: Lanturn\n|-damage|p1a: Lanturn|29/367\n|\n|-heal|p1a: Lanturn|51/367|[from] item: Leftovers\n|-damage|p2a: Houndstone|24/264 brn|[from] brn\n|upkeep\n|turn|7\n|inactive|whosenickulooking has 120 seconds left.\n|\n|t:|1771149013\n|switch|p1a: Frosmoth|Frosmoth, L82, M|249/249\n|move|p2a: Houndstone|Shadow Sneak|p1a: Frosmoth\n|-damage|p1a: Frosmoth|219/249\n|\n|-damage|p2a: Houndstone|8/264 brn|[from] brn\n|upkeep\n|turn|8\n|\n|t:|1771149029\n|move|p1a: Frosmoth|Quiver Dance|p1a: Frosmoth\n|-boost|p1a: Frosmoth|spa|1\n|-boost|p1a: Frosmoth|spd|1\n|-boost|p1a: Frosmoth|spe|1\n|move|p2a: Houndstone|Roar|p1a: Frosmoth\n|drag|p1a: Lanturn|Lanturn, L89, F|51/367\n|\n|-heal|p1a: Lanturn|73/367|[from] item: Leftovers\n|-damage|p2a: Houndstone|0 fnt|[from] brn\n|faint|p2a: Houndstone\n|upkeep\n|\n|t:|1771149033\n|switch|p2a: Leavanny|Leavanny, L86, M|269/269\n|turn|9\n|c|☆whosenickulooking|nice pred\n|inactive|whosenickulooking has 120 seconds left.\n|\n|t:|1771149043\n|switch|p1a: Heracross|Heracross, L80, M|181/259\n|move|p2a: Leavanny|Sticky Web|p1a: Heracross\n|-sidestart|p1: whosenickulooking|move: Sticky Web\n|\n|upkeep\n|turn|10\n|\n|t:|1771149054\n|switch|p2a: Alomomola|Alomomola, L87, F|429/429\n|move|p1a: Heracross|Megahorn|p2a: Alomomola\n|-damage|p2a: Alomomola|273/429\n|\n|upkeep\n|turn|11\n|\n|t:|1771149072\n|switch|p1a: Minun|Minun, L95, M|268/268\n|-activate|p1a: Minun|move: Sticky Web\n|-unboost|p1a: Minun|spe|1\n|move|p2a: Alomomola|Flip Turn|p1a: Minun\n|-damage|p1a: Minun|195/268\n|\n|t:|1771149084\n|switch|p2a: Leavanny|Leavanny, L86, M|269/269|[from] Flip Turn\n|\n|upkeep\n|turn|12\n|\n|t:|1771149102\n|switch|p1a: Frosmoth|Frosmoth, L82, M|219/249\n|move|p2a: Leavanny|Bullet Seed|p1a: Frosmoth\n|-resisted|p1a: Frosmoth\n|-damage|p1a: Frosmoth|201/249\n|-resisted|p1a: Frosmoth\n|-damage|p1a: Frosmoth|181/249\n|-resisted|p1a: Frosmoth\n|-damage|p1a: Frosmoth|161/249\n|-resisted|p1a: Frosmoth\n|-damage|p1a: Frosmoth|141/249\n|-hitcount|p1a: Frosmoth|4\n|\n|upkeep\n|turn|13\n|\n|t:|1771149116\n|move|p2a: Leavanny|Knock Off|p1a: Frosmoth\n|-damage|p1a: Frosmoth|48/249\n|-enditem|p1a: Frosmoth|Heavy-Duty Boots|[from] move: Knock Off|[of] p2a: Leavanny\n|move|p1a: Frosmoth|Quiver Dance|p1a: Frosmoth\n|-boost|p1a: Frosmoth|spa|1\n|-boost|p1a: Frosmoth|spd|1\n|-boost|p1a: Frosmoth|spe|1\n|\n|upkeep\n|turn|14\n|\n|t:|1771149127\n|switch|p2a: Inteleon|Inteleon, L81, M|246/246\n|move|p1a: Frosmoth|Ice Beam|p2a: Inteleon\n|-resisted|p2a: Inteleon\n|-damage|p2a: Inteleon|141/246\n|\n|upkeep\n|turn|15\n|\n|t:|1771149131\n|move|p2a: Inteleon|U-turn|p1a: Frosmoth\n|-damage|p1a: Frosmoth|0 fnt\n|faint|p1a: Frosmoth\n|\n|t:|1771149138\n|switch|p2a: Alomomola|Alomomola, L87, F|416/429|[from] U-turn\n|\n|upkeep\n|inactive|whosenickulooking has 120 seconds left.\n|inactive|whosenickulooking has 90 seconds left.\n|\n|t:|1771149203\n|switch|p1a: Great Tusk|Great Tusk, L77|304/304\n|-activate|p1a: Great Tusk|move: Sticky Web\n|-unboost|p1a: Great Tusk|spe|1\n|turn|16\n|\n|t:|1771149207\n|move|p2a: Alomomola|Scald|p1a: Great Tusk\n|-supereffective|p1a: Great Tusk\n|-damage|p1a: Great Tusk|196/304\n|-status|p1a: Great Tusk|brn\n|move|p1a: Great Tusk|Rapid Spin|p2a: Alomomola\n|-damage|p2a: Alomomola|398/429\n|-boost|p1a: Great Tusk|spe|1\n|-sideend|p1: whosenickulooking|Sticky Web|[from] move: Rapid Spin|[of] p1a: Great Tusk\n|\n|-damage|p1a: Great Tusk|177/304 brn|[from] brn\n|upkeep\n|turn|17\n|c|☆whosenickulooking|I need to risk\n|c|☆whosenickulooking|ofc\n|\n|t:|1771149226\n|-end|p1a: Great Tusk|Protosynthesis|[silent]\n|switch|p1a: Lanturn|Lanturn, L89, F|73/367\n|move|p2a: Alomomola|Flip Turn|p1a: Lanturn\n|-resisted|p1a: Lanturn\n|-damage|p1a: Lanturn|35/367\n|\n|t:|1771149231\n|switch|p2a: Leavanny|Leavanny, L86, M|269/269|[from] Flip Turn\n|\n|-heal|p1a: Lanturn|57/367|[from] item: Leftovers\n|upkeep\n|turn|18\n|\n|t:|1771149234\n|move|p2a: Leavanny|Sticky Web|p1a: Lanturn\n|-sidestart|p1: whosenickulooking|move: Sticky Web\n|move|p1a: Lanturn|Ice Beam|p2a: Leavanny\n|-supereffective|p2a: Leavanny\n|-damage|p2a: Leavanny|141/269\n|\n|-heal|p1a: Lanturn|79/367|[from] item: Leftovers\n|upkeep\n|turn|19\n|\n|t:|1771149239\n|move|p2a: Leavanny|Bullet Seed|p1a: Lanturn\n|-supereffective|p1a: Lanturn\n|-damage|p1a: Lanturn|1/367\n|-supereffective|p1a: Lanturn\n|-damage|p1a: Lanturn|0 fnt\n|faint|p1a: Lanturn\n|-hitcount|p1: Lanturn|2\n|\n|upkeep\n|\n|t:|1771149246\n|switch|p1a: Great Tusk|Great Tusk, L77|177/304 brn\n|-activate|p1a: Great Tusk|move: Sticky Web\n|-unboost|p1a: Great Tusk|spe|1\n|turn|20\n|\n|t:|1771149250\n|move|p2a: Leavanny|Bullet Seed|p1a: Great Tusk\n|-supereffective|p1a: Great Tusk\n|-damage|p1a: Great Tusk|133/304 brn\n|-supereffective|p1a: Great Tusk\n|-damage|p1a: Great Tusk|79/304 brn\n|-supereffective|p1a: Great Tusk\n|-damage|p1a: Great Tusk|25/304 brn\n|-supereffective|p1a: Great Tusk\n|-damage|p1a: Great Tusk|0 fnt\n|faint|p1a: Great Tusk\n|-end|p1a: Great Tusk|Protosynthesis|[silent]\n|-hitcount|p1: Great Tusk|4\n|\n|upkeep\n|-message|whosenickulooking forfeited.\n|\n|win|YOU ARE LOSER LOL\n|raw|whosenickulooking's rating: 1523 &rarr; <strong>1506</strong><br />(-17 for losing)\n|raw|YOU ARE LOSER LOL's rating: 1580 &rarr; <strong>1597</strong><br />(+17 for winning)\n|l|☆whosenickulooking\n|player|p1|\n", "inputlog": ">version 686819e5e19f8a7fd2345cfc5a08a5085efa2cc3\n>start {\"formatid\":\"gen9randombattle\",\"seed\":\"sodium,fa879a54055a329f6d94604a01e969c6\",\"rated\":\"Rated battle\"}\n>player p1 {\"name\":\"whosenickulooking\",\"avatar\":\"266\",\"rating\":1523,\"seed\":\"sodium,e91b1dce33962a90a2b1216d66d6df27\"}\n>player p2 {\"name\":\"YOU ARE LOSER LOL\",\"avatar\":\"crasherwake\",\"rating\":1580,\"seed\":\"sodium,3897a9f2614a9a9964d5e0cfeeb6ba72\"}\n>p1 switch 3\n>p2 move poltergeist\n>p1 move scald\n>p2 move poltergeist\n>p1 move scald\n>p2 move shadowsneak\n>p1 switch 2\n>p2 move poltergeist\n>p1 move knockoff\n>p2 move poltergeist\n>p1 switch 2\n>p2 move shadowsneak\n>p1 switch 3\n>p2 move shadowsneak\n>p1 move quiverdance\n>p2 move roar\n>p2 switch 4\n>chat ☆whosenickulooking|nice pred\n>p1 switch 2\n>p2 move stickyweb\n>p1 move megahorn\n>p2 switch 6\n>p1 switch 6\n>p2 move flipturn\n>p2 switch 6\n>p1 switch 3\n>p2 move bulletseed\n>p1 move quiverdance\n>p2 move knockoff\n>p1 move icebeam\n>p2 switch 5\n>p1 move bugbuzz\n>p2 move uturn\n>p2 switch 6\n>p1 switch 4\n>p1 move rapidspin\n>p2 move scald\n>chat ☆whosenickulooking|I need to risk\n>chat ☆whosenickulooking|ofc\n>p1 switch 2\n>p2 move flipturn\n>p2 switch 5\n>p1 move icebeam\n>p2 move stickyweb\n>p1 move thunderwave\n>p2 move bulletseed\n>p1 switch 2\n>p1 move rapidspin\n>p2 move bulletseed\n>forcelose p1", "uploadtime": 1771149316, "views": 15, "formatid": "gen9randombattle", "rating": 1506, "private": 0, "password": null}