{"id": "gen9randombattle-2540411108", "format": "[Gen 9] Random Battle", "players": ["paranoiddandroid", "effern"], "log": "|j|☆paranoiddandroid\n|j|☆effern\n|t:|1771198717\n|gametype|singles\n|player|p1|paranoiddandroid|unknown|1912\n|player|p2|effern|pokemaniac|1852\n|gen|9\n|tier|[Gen 9] Random Battle\n|rated|\n|rule|Species Clause: Limit one of each Pokémon\n|rule|HP Percentage Mod: HP is shown in percentages\n|rule|Sleep Clause Mod: Limit one foe put to sleep\n|rule|Illusion Level Mod: Illusion disguises the Pokémon's true level\n|\n|t:|1771198717\n|teamsize|p1|6\n|teamsize|p2|6\n|start\n|switch|p1a: Arceus|Arceus-Fire, L72|291/291\n|switch|p2a: Articuno|Articuno-Galar, L84|288/288\n|turn|1\n|\n|t:|1771198747\n|move|p1a: Arceus|Calm Mind|p1a: Arceus\n|-boost|p1a: Arceus|spa|1\n|-boost|p1a: Arceus|spd|1\n|move|p2a: Articuno|Hurricane|p1a: Arceus\n|-damage|p1a: Arceus|200/291\n|\n|upkeep\n|turn|2\n|\n|t:|1771198759\n|switch|p2a: Dragapult|Dragapult, L77, M|262/262\n|move|p1a: Arceus|Calm Mind|p1a: Arceus\n|-boost|p1a: Arceus|spa|1\n|-boost|p1a: Arceus|spd|1\n|\n|upkeep\n|turn|3\n|\n|t:|1771198766\n|move|p2a: Dragapult|U-turn|p1a: Arceus\n|-resisted|p1a: Arceus\n|-damage|p1a: Arceus|177/291\n|\n|t:|1771198770\n|switch|p2a: Misdreavus|Misdreavus, L90, M|254/254|[from] U-turn\n|move|p1a: Arceus|Recover|p1a: Arceus\n|-heal|p1a: Arceus|291/291\n|\n|upkeep\n|turn|4\n|\n|t:|1771198780\n|move|p1a: Arceus|Judgment|p2a: Misdreavus\n|-damage|p2a: Misdreavus|100/254\n|move|p2a: Misdreavus|Calm Mind|p2a: Misdreavus\n|-boost|p2a: Misdreavus|spa|1\n|-boost|p2a: Misdreavus|spd|1\n|\n|upkeep\n|turn|5\n|\n|t:|1771198787\n|move|p1a: Arceus|Judgment|p2a: Misdreavus\n|-damage|p2a: Misdreavus|12/254\n|move|p2a: Misdreavus|Draining Kiss|p1a: Arceus\n|-resisted|p1a: Arceus\n|-damage|p1a: Arceus|279/291\n|-heal|p2a: Misdreavus|21/254|[from] drain|[of] p1a: Arceus\n|\n|upkeep\n|turn|6\n|\n|t:|1771198802\n|move|p1a: Arceus|Judgment|p2a: Misdreavus\n|-damage|p2a: Misdreavus|0 fnt\n|faint|p2a: Misdreavus\n|\n|upkeep\n|\n|t:|1771198806\n|switch|p2a: Passimian|Passimian, L83, M|302/302\n|turn|7\n|\n|t:|1771198813\n|move|p2a: Passimian|Rock Slide|p1a: Arceus\n|-supereffective|p1a: Arceus\n|-damage|p1a: Arceus|171/291\n|move|p1a: Arceus|Judgment|p2a: Passimian\n|-damage|p2a: Passimian|14/302\n|\n|upkeep\n|turn|8\n|\n|t:|1771198826\n|move|p2a: Passimian|Rock Slide|p1a: Arceus\n|-supereffective|p1a: Arceus\n|-damage|p1a: Arceus|55/291\n|move|p1a: Arceus|Recover|p1a: Arceus\n|-heal|p1a: Arceus|201/291\n|\n|upkeep\n|turn|9\n|\n|t:|1771198837\n|-terastallize|p1a: Arceus|Grass\n|move|p2a: Passimian|Rock Slide|p1a: Arceus\n|-damage|p1a: Arceus|139/291\n|move|p1a: Arceus|Recover|p1a: Arceus\n|-heal|p1a: Arceus|285/291\n|\n|upkeep\n|turn|10\n|inactive|Battle timer is ON: inactive players will automatically lose when time's up. (requested by paranoiddandroid)\n|\n|t:|1771198881\n|switch|p2a: Rotom|Rotom-Fan, L86|226/226\n|move|p1a: Arceus|Calm Mind|p1a: Arceus\n|-boost|p1a: Arceus|spa|1\n|-boost|p1a: Arceus|spd|1\n|\n|upkeep\n|turn|11\n|\n|t:|1771198888\n|move|p1a: Arceus|Judgment|p2a: Rotom\n|-damage|p2a: Rotom|7/226\n|move|p2a: Rotom|Thunder Wave|p1a: Arceus\n|-status|p1a: Arceus|par\n|\n|upkeep\n|turn|12\n|\n|t:|1771198896\n|move|p2a: Rotom|Air Slash|p1a: Arceus\n|-supereffective|p1a: Arceus\n|-crit|p1a: Arceus\n|-damage|p1a: Arceus|55/291 par\n|cant|p1a: Arceus|flinch\n|\n|upkeep\n|turn|13\n|inactive|effern has 120 seconds left.\n|\n|t:|1771198926\n|move|p2a: Rotom|Air Slash|p1a: Arceus\n|-supereffective|p1a: Arceus\n|-damage|p1a: Arceus|0 fnt\n|faint|p1a: Arceus\n|\n|upkeep\n|\n|t:|1771198946\n|switch|p1a: Maushold|Maushold, L76|238/238\n|turn|14\n|inactive|effern has 120 seconds left.\n|\n|t:|1771198966\n|move|p1a: Maushold|Bite|p2a: Rotom\n|-damage|p2a: Rotom|0 fnt\n|faint|p2a: Rotom\n|\n|upkeep\n|\n|t:|1771198970\n|switch|p2a: Passimian|Passimian, L83, M|14/302\n|turn|15\n|\n|t:|1771198973\n|switch|p1a: Slowking|Slowking, L88, F|310/310\n|move|p2a: Passimian|Close Combat|p1a: Slowking\n|-resisted|p1a: Slowking\n|-damage|p1a: Slowking|240/310\n|-unboost|p2a: Passimian|def|1\n|-unboost|p2a: Passimian|spd|1\n|\n|upkeep\n|turn|16\n|inactive|effern has 120 seconds left.\n|\n|t:|1771199000\n|switch|p2a: Dragapult|Dragapult, L77, M|262/262\n|-prepare|p1a: Slowking|Chilly Reception|[premajor]\n|move|p1a: Slowking|Chilly Reception|p1a: Slowking\n|-weather|Snowscape\n|\n|t:|1771199009\n|switch|p1a: Greedent|Greedent, L86, M|347/347|[from] Chilly Reception\n|\n|-weather|Snowscape|[upkeep]\n|upkeep\n|turn|17\n|inactive|effern has 120 seconds left.\n|\n|t:|1771199042\n|move|p2a: Dragapult|Draco Meteor|p1a: Greedent\n|-damage|p1a: Greedent|164/347\n|-unboost|p2a: Dragapult|spa|2\n|-enditem|p1a: Greedent|Sitrus Berry|[eat]\n|-heal|p1a: Greedent|250/347|[from] item: Sitrus Berry\n|-heal|p1a: Greedent|347/347|[from] ability: Cheek Pouch\n|move|p1a: Greedent|Knock Off|p2a: Dragapult\n|-supereffective|p2a: Dragapult\n|-damage|p2a: Dragapult|84/262\n|-enditem|p2a: Dragapult|Choice Specs|[from] move: Knock Off|[of] p1a: Greedent\n|\n|-weather|Snowscape|[upkeep]\n|upkeep\n|turn|18\n|\n|t:|1771199056\n|switch|p2a: Articuno|Articuno-Galar, L84|288/288\n|move|p1a: Greedent|Knock Off|p2a: Articuno\n|-supereffective|p2a: Articuno\n|-damage|p2a: Articuno|146/288\n|-enditem|p2a: Articuno|Heavy-Duty Boots|[from] move: Knock Off|[of] p1a: Greedent\n|\n|-weather|Snowscape|[upkeep]\n|upkeep\n|turn|19\n|inactive|effern has 90 seconds left.\n|\n|t:|1771199082\n|move|p2a: Articuno|Recover|p2a: Articuno\n|-heal|p2a: Articuno|288/288\n|move|p1a: Greedent|Double-Edge|p2a: Articuno\n|-damage|p2a: Articuno|150/288\n|-damage|p1a: Greedent|301/347|[from] Recoil\n|\n|-weather|Snowscape|[upkeep]\n|upkeep\n|turn|20\n|\n|t:|1771199090\n|-terastallize|p2a: Articuno|Steel\n|move|p2a: Articuno|Recover|p2a: Articuno\n|-heal|p2a: Articuno|288/288\n|move|p1a: Greedent|Double-Edge|p2a: Articuno\n|-resisted|p2a: Articuno\n|-damage|p2a: Articuno|224/288\n|-damage|p1a: Greedent|280/347|[from] Recoil\n|\n|-weather|none\n|upkeep\n|turn|21\n|\n|t:|1771199100\n|move|p2a: Articuno|Hurricane|p1a: Greedent\n|-damage|p1a: Greedent|114/347\n|-start|p1a: Greedent|confusion\n|-activate|p1a: Greedent|confusion\n|move|p1a: Greedent|Earthquake|p2a: Articuno\n|-supereffective|p2a: Articuno\n|-crit|p2a: Articuno\n|-damage|p2a: Articuno|8/288\n|\n|upkeep\n|turn|22\n|\n|t:|1771199111\n|move|p2a: Articuno|Freezing Glare|p1a: Greedent\n|-damage|p1a: Greedent|0 fnt\n|faint|p1a: Greedent\n|\n|upkeep\n|\n|t:|1771199126\n|switch|p1a: Maushold|Maushold, L76|238/238\n|turn|23\n|inactive|effern has 120 seconds left.\n|\n|t:|1771199139\n|switch|p2a: Arceus|Arceus-Poison, L70|284/284\n|move|p1a: Maushold|Bite|p2a: Arceus\n|-damage|p2a: Arceus|240/284\n|\n|upkeep\n|turn|24\n|inactive|effern has 120 seconds left.\n|\n|t:|1771199146\n|switch|p1a: Slowking|Slowking, L88, F|310/310\n|move|p2a: Arceus|Swords Dance|p2a: Arceus\n|-boost|p2a: Arceus|atk|2\n|\n|upkeep\n|turn|25\n|\n|t:|1771199152\n|move|p2a: Arceus|Gunk Shot|p1a: Slowking\n|-damage|p1a: Slowking|48/310\n|move|p1a: Slowking|Future Sight|p2a: Arceus\n|-start|p1a: Slowking|move: Future Sight\n|\n|upkeep\n|turn|26\n|\n|t:|1771199159\n|move|p2a: Arceus|Extreme Speed|p1a: Slowking\n|-crit|p1a: Slowking\n|-damage|p1a: Slowking|0 fnt\n|faint|p1a: Slowking\n|\n|upkeep\n|\n|t:|1771199167\n|switch|p1a: Armarouge|Armarouge, L80, M|267/267\n|turn|27\n|\n|t:|1771199187\n|move|p2a: Arceus|Swords Dance|p2a: Arceus\n|-boost|p2a: Arceus|atk|2\n|move|p1a: Armarouge|Meteor Beam||[still]\n|-prepare|p1a: Armarouge|Meteor Beam\n|-boost|p1a: Armarouge|spa|1\n|-enditem|p1a: Armarouge|Power Herb\n|-anim|p1a: Armarouge|Meteor Beam|p2a: Arceus\n|-damage|p2a: Arceus|105/284\n|\n|-end|p2a: Arceus|move: Future Sight\n|-supereffective|p2a: Arceus\n|-damage|p2a: Arceus|0 fnt\n|faint|p2a: Arceus\n|upkeep\n|\n|t:|1771199199\n|switch|p2a: Dragapult|Dragapult, L77, M|84/262\n|turn|28\n|\n|t:|1771199206\n|move|p2a: Dragapult|Shadow Ball|p1a: Armarouge\n|-supereffective|p1a: Armarouge\n|-damage|p1a: Armarouge|109/267\n|move|p1a: Armarouge|Psyshock|p2a: Dragapult\n|-damage|p2a: Dragapult|0 fnt\n|faint|p2a: Dragapult\n|\n|upkeep\n|\n|t:|1771199218\n|switch|p2a: Articuno|Articuno-Galar, L84, tera:Steel|8/288\n|turn|29\n|\n|t:|1771199224\n|move|p2a: Articuno|Hurricane|p1a: Armarouge\n|-damage|p1a: Armarouge|0 fnt\n|faint|p1a: Armarouge\n|\n|upkeep\n|\n|t:|1771199229\n|switch|p1a: Maushold|Maushold, L76|238/238\n|turn|30\n|\n|t:|1771199241\n|move|p1a: Maushold|Population Bomb|p2a: Articuno\n|-resisted|p2a: Articuno\n|-damage|p2a: Articuno|0 fnt\n|faint|p2a: Articuno\n|-hitcount|p2: Articuno|1\n|\n|upkeep\n|\n|t:|1771199244\n|switch|p2a: Passimian|Passimian, L83, M|14/302\n|turn|31\n|\n|t:|1771199251\n|move|p2a: Passimian|Close Combat|p1a: Maushold\n|-supereffective|p1a: Maushold\n|-crit|p1a: Maushold\n|-damage|p1a: Maushold|0 fnt\n|-unboost|p2a: Passimian|def|1\n|-unboost|p2a: Passimian|spd|1\n|faint|p1a: Maushold\n|\n|upkeep\n|\n|t:|1771199257\n|switch|p1a: Exeggutor|Exeggutor-Alola, L89, F|314/314\n|turn|32\n|\n|t:|1771199262\n|move|p2a: Passimian|Close Combat|p1a: Exeggutor\n|-damage|p1a: Exeggutor|164/314\n|-unboost|p2a: Passimian|def|1\n|-unboost|p2a: Passimian|spd|1\n|move|p1a: Exeggutor|Giga Drain|p2a: Passimian\n|-damage|p2a: Passimian|0 fnt\n|-heal|p1a: Exeggutor|171/314|[from] drain|[of] p2a: Passimian\n|faint|p2a: Passimian\n|\n|win|paranoiddandroid\n|raw|paranoiddandroid's rating: 1912 &rarr; <strong>1929</strong><br />(+17 for winning)\n|raw|effern's rating: 1852 &rarr; <strong>1835</strong><br />(-17 for losing)\n|c|☆paranoiddandroid|gg\n", "inputlog": ">version 686819e5e19f8a7fd2345cfc5a08a5085efa2cc3\n>start {\"formatid\":\"gen9randombattle\",\"seed\":\"sodium,c57ae44e0889364563618b04af95f565\",\"rated\":\"Rated battle\"}\n>player p1 {\"name\":\"paranoiddandroid\",\"avatar\":\"unknown\",\"rating\":1912,\"seed\":\"sodium,2e96df6e260e5f97256266bca1ffa728\"}\n>player p2 {\"name\":\"effern\",\"avatar\":\"pokemaniac\",\"rating\":1852,\"seed\":\"sodium,3f32070e2e26c02bad7e54332b9305b7\"}\n>p1 move calmmind\n>p2 move hurricane\n>p1 move calmmind\n>p2 switch 4\n>p1 move recover\n>p2 move uturn\n>p2 switch 2\n>p1 move judgment\n>p2 move calmmind\n>p1 move judgment\n>p2 move drainingkiss\n>p1 move judgment\n>p2 move shadowball\n>p2 switch 5\n>p1 move judgment\n>p2 move rockslide\n>p1 move recover\n>p2 move rockslide\n>p1 move recover terastallize\n>p2 move rockslide\n>p1 move calmmind\n>p2 switch 3\n>p1 move judgment\n>p2 move thunderwave\n>p1 move judgment\n>p2 move airslash\n>p1 move judgment\n>p2 move airslash\n>p1 switch 2\n>p1 move bite\n>p2 move thunderwave\n>p2 switch 3\n>p1 switch 3\n>p2 move closecombat\n>p1 move chillyreception\n>p2 switch 2\n>p1 switch 6\n>p1 move knockoff\n>p2 move dracometeor\n>p1 move knockoff\n>p2 switch 4\n>p1 move doubleedge\n>p2 move recover\n>p1 move doubleedge\n>p2 move recover terastallize\n>p1 move earthquake\n>p2 move hurricane\n>p1 move earthquake\n>p2 move freezingglare\n>p1 switch 3\n>p1 move bite\n>p2 switch 6\n>p1 switch 6\n>p2 move swordsdance\n>p1 move futuresight\n>p2 move gunkshot\n>p1 move scald\n>p2 move extremespeed\n>p1 switch 4\n>p1 move meteorbeam\n>p2 move swordsdance\n>p2 switch 4\n>p1 move psyshock\n>p2 move shadowball\n>p2 switch 6\n>p1 move armorcannon\n>p2 move hurricane\n>p1 switch 6\n>p1 move populationbomb\n>p2 move recover\n>p2 switch 2\n>p1 move populationbomb\n>p2 move closecombat\n>p1 switch 5\n>p1 move gigadrain\n>p2 move closecombat", "uploadtime": 1771199272, "views": 10, "formatid": "gen9randombattle", "rating": 1835, "private": 0, "password": null}