{"id": "gen9randombattle-2540444106", "format": "[Gen 9] Random Battle", "players": ["giganticcricket", "treeshhhh"], "log": "|j|☆giganticcricket\n|j|☆treeshhhh\n|t:|1771202755\n|gametype|singles\n|player|p1|giganticcricket|2|1755\n|player|p2|treeshhhh|169|1704\n|gen|9\n|tier|[Gen 9] Random Battle\n|rated|\n|rule|Species Clause: Limit one of each Pokémon\n|rule|HP Percentage Mod: HP is shown in percentages\n|rule|Sleep Clause Mod: Limit one foe put to sleep\n|rule|Illusion Level Mod: Illusion disguises the Pokémon's true level\n|\n|t:|1771202755\n|teamsize|p1|6\n|teamsize|p2|6\n|start\n|switch|p1a: Dragonite|Dragonite, L74, F|257/257\n|switch|p2a: Yanmega|Yanmega, L82, M|275/275\n|turn|1\n|\n|t:|1771202772\n|-terastallize|p1a: Dragonite|Flying\n|move|p2a: Yanmega|U-turn|p1a: Dragonite\n|-resisted|p1a: Dragonite\n|-damage|p1a: Dragonite|226/257\n|\n|t:|1771202778\n|switch|p2a: Salamence|Salamence, L77, F|273/273|[from] U-turn\n|-ability|p2a: Salamence|Intimidate|boost\n|-unboost|p1a: Dragonite|atk|1\n|move|p1a: Dragonite|Tera Blast|p2a: Salamence|[anim] Tera Blast Flying\n|-damage|p2a: Salamence|173/273\n|\n|upkeep\n|turn|2\n|\n|t:|1771202789\n|move|p2a: Salamence|Dragon Dance|p2a: Salamence\n|-boost|p2a: Salamence|atk|1\n|-boost|p2a: Salamence|spe|1\n|move|p1a: Dragonite|Outrage|p2a: Salamence\n|-supereffective|p2a: Salamence\n|-damage|p2a: Salamence|0 fnt\n|faint|p2a: Salamence\n|\n|upkeep\n|\n|t:|1771202807\n|switch|p2a: Arceus|Arceus-Steel, L70|284/284\n|turn|3\n|\n|t:|1771202810\n|move|p2a: Arceus|Calm Mind|p2a: Arceus\n|-boost|p2a: Arceus|spa|1\n|-boost|p2a: Arceus|spd|1\n|move|p1a: Dragonite|Outrage|p2a: Arceus|[from] lockedmove\n|-resisted|p2a: Arceus\n|-damage|p2a: Arceus|248/284\n|\n|upkeep\n|turn|4\n|\n|t:|1771202814\n|move|p2a: Arceus|Calm Mind|p2a: Arceus\n|-boost|p2a: Arceus|spa|1\n|-boost|p2a: Arceus|spd|1\n|move|p1a: Dragonite|Outrage|p2a: Arceus|[from] lockedmove\n|-resisted|p2a: Arceus\n|-damage|p2a: Arceus|211/284\n|-start|p1a: Dragonite|confusion|[fatigue]\n|\n|upkeep\n|turn|5\n|\n|t:|1771202819\n|switch|p1a: Toxapex|Toxapex, L82, F|216/216\n|move|p2a: Arceus|Judgment|p1a: Toxapex\n|-resisted|p1a: Toxapex\n|-damage|p1a: Toxapex|136/216\n|\n|upkeep\n|turn|6\n|\n|t:|1771202823\n|move|p2a: Arceus|Earth Power|p1a: Toxapex\n|-supereffective|p1a: Toxapex\n|-damage|p1a: Toxapex|0 fnt\n|faint|p1a: Toxapex\n|\n|upkeep\n|inactive|Battle timer is ON: inactive players will automatically lose when time's up. (requested by treeshhhh)\n|\n|t:|1771202843\n|switch|p1a: Meganium|Meganium, L90, M|290/290\n|turn|7\n|\n|t:|1771202863\n|-terastallize|p2a: Arceus|Ghost\n|move|p2a: Arceus|Judgment|p1a: Meganium\n|-damage|p1a: Meganium|107/290\n|move|p1a: Meganium|Leech Seed|p2a: Arceus\n|-start|p2a: Arceus|move: Leech Seed\n|\n|-heal|p1a: Meganium|125/290|[from] item: Leftovers\n|-damage|p2a: Arceus|176/284|[from] Leech Seed|[of] p1a: Meganium\n|-heal|p1a: Meganium|160/290|[silent]\n|upkeep\n|turn|8\n|\n|t:|1771202878\n|switch|p1a: Pachirisu|Pachirisu, L96, M|271/271\n|move|p2a: Arceus|Judgment|p1a: Pachirisu\n|-resisted|p1a: Pachirisu\n|-damage|p1a: Pachirisu|187/271\n|\n|-damage|p2a: Arceus|141/284|[from] Leech Seed|[of] p1a: Pachirisu\n|-heal|p1a: Pachirisu|222/271|[silent]\n|upkeep\n|turn|9\n|\n|t:|1771202882\n|move|p1a: Pachirisu|Encore|p2a: Arceus\n|-start|p2a: Arceus|Encore\n|move|p2a: Arceus|Judgment|p1a: Pachirisu\n|-resisted|p1a: Pachirisu\n|-damage|p1a: Pachirisu|129/271\n|\n|-damage|p2a: Arceus|106/284|[from] Leech Seed|[of] p1a: Pachirisu\n|-heal|p1a: Pachirisu|164/271|[silent]\n|upkeep\n|turn|10\n|\n|t:|1771202890\n|switch|p2a: Sandaconda|Sandaconda, L84, F|258/258\n|move|p1a: Pachirisu|Discharge|p2a: Sandaconda\n|-immune|p2a: Sandaconda\n|\n|upkeep\n|turn|11\n|\n|t:|1771202898\n|switch|p2a: Yanmega|Yanmega, L82, M|275/275\n|move|p1a: Pachirisu|Super Fang|p2a: Yanmega\n|-damage|p2a: Yanmega|138/275\n|\n|upkeep\n|turn|12\n|\n|t:|1771202903\n|switch|p2a: Sandaconda|Sandaconda, L84, F|258/258\n|move|p1a: Pachirisu|Discharge|p2a: Sandaconda\n|-immune|p2a: Sandaconda\n|\n|upkeep\n|turn|13\n|\n|t:|1771202908\n|move|p1a: Pachirisu|U-turn|p2a: Sandaconda\n|-damage|p2a: Sandaconda|230/258\n|\n|t:|1771202915\n|switch|p1a: Meganium|Meganium, L90, M|160/290|[from] U-turn\n|move|p2a: Sandaconda|Earthquake|p1a: Meganium\n|-resisted|p1a: Meganium\n|-damage|p1a: Meganium|109/290\n|\n|-heal|p1a: Meganium|127/290|[from] item: Leftovers\n|-heal|p2a: Sandaconda|246/258|[from] item: Leftovers\n|upkeep\n|turn|14\n|\n|t:|1771202930\n|move|p1a: Meganium|Leech Seed|p2a: Sandaconda\n|-start|p2a: Sandaconda|move: Leech Seed\n|move|p2a: Sandaconda|Glare|p1a: Meganium\n|-status|p1a: Meganium|par\n|\n|-heal|p2a: Sandaconda|258/258|[from] item: Leftovers\n|-heal|p1a: Meganium|145/290 par|[from] item: Leftovers\n|-damage|p2a: Sandaconda|226/258|[from] Leech Seed|[of] p1a: Meganium\n|-heal|p1a: Meganium|177/290 par|[silent]\n|upkeep\n|turn|15\n|\n|t:|1771202938\n|switch|p2a: Arceus|Arceus-Steel, L70, tera:Ghost|106/284\n|move|p1a: Meganium|Knock Off|p2a: Arceus\n|-supereffective|p2a: Arceus\n|-damage|p2a: Arceus|16/284\n|\n|-heal|p1a: Meganium|195/290 par|[from] item: Leftovers\n|upkeep\n|turn|16\n|\n|t:|1771202943\n|move|p2a: Arceus|Recover|p2a: Arceus\n|-heal|p2a: Arceus|158/284\n|move|p1a: Meganium|Energy Ball|p2a: Arceus\n|-damage|p2a: Arceus|73/284\n|\n|-heal|p1a: Meganium|213/290 par|[from] item: Leftovers\n|upkeep\n|turn|17\n|\n|t:|1771202946\n|move|p2a: Arceus|Recover|p2a: Arceus\n|-heal|p2a: Arceus|215/284\n|move|p1a: Meganium|Leech Seed|p2a: Arceus\n|-start|p2a: Arceus|move: Leech Seed\n|\n|-heal|p1a: Meganium|231/290 par|[from] item: Leftovers\n|-damage|p2a: Arceus|180/284|[from] Leech Seed|[of] p1a: Meganium\n|-heal|p1a: Meganium|266/290 par|[silent]\n|upkeep\n|turn|18\n|\n|t:|1771202956\n|switch|p2a: Yanmega|Yanmega, L82, M|138/275\n|cant|p1a: Meganium|par\n|\n|-heal|p1a: Meganium|284/290 par|[from] item: Leftovers\n|upkeep\n|turn|19\n|\n|t:|1771202962\n|move|p2a: Yanmega|Bug Buzz|p1a: Meganium\n|-supereffective|p1a: Meganium\n|-damage|p1a: Meganium|38/290 par\n|cant|p1a: Meganium|par\n|\n|-heal|p1a: Meganium|56/290 par|[from] item: Leftovers\n|upkeep\n|turn|20\n|\n|t:|1771202972\n|switch|p1a: Pachirisu|Pachirisu, L96, M|164/271\n|move|p2a: Yanmega|Bug Buzz|p1a: Pachirisu\n|-damage|p1a: Pachirisu|25/271\n|\n|upkeep\n|turn|21\n|\n|t:|1771202977\n|switch|p2a: Sandaconda|Sandaconda, L84, F|226/258\n|move|p1a: Pachirisu|U-turn|p2a: Sandaconda\n|-damage|p2a: Sandaconda|196/258\n|\n|t:|1771202985\n|switch|p1a: Dragonite|Dragonite, L74, F, tera:Flying|226/257|[from] U-turn\n|\n|-heal|p2a: Sandaconda|212/258|[from] item: Leftovers\n|upkeep\n|turn|22\n|\n|t:|1771202989\n|move|p2a: Sandaconda|Glare|p1a: Dragonite\n|-status|p1a: Dragonite|par\n|cant|p1a: Dragonite|par\n|\n|-heal|p2a: Sandaconda|228/258|[from] item: Leftovers\n|upkeep\n|turn|23\n|\n|t:|1771202992\n|move|p2a: Sandaconda|Coil|p2a: Sandaconda\n|-boost|p2a: Sandaconda|atk|1\n|-boost|p2a: Sandaconda|def|1\n|-boost|p2a: Sandaconda|accuracy|1\n|cant|p1a: Dragonite|par\n|\n|-heal|p2a: Sandaconda|244/258|[from] item: Leftovers\n|upkeep\n|turn|24\n|\n|t:|1771203006\n|switch|p1a: Pachirisu|Pachirisu, L96, M|25/271\n|move|p2a: Sandaconda|Stone Edge|p1a: Pachirisu\n|-damage|p1a: Pachirisu|0 fnt\n|faint|p1a: Pachirisu\n|\n|-heal|p2a: Sandaconda|258/258|[from] item: Leftovers\n|upkeep\n|-message|giganticcricket forfeited.\n|\n|win|treeshhhh\n|raw|giganticcricket's rating: 1755 &rarr; <strong>1732</strong><br />(-23 for losing)\n|raw|treeshhhh's rating: 1704 &rarr; <strong>1727</strong><br />(+23 for winning)\n|l|☆giganticcricket\n|player|p1|\n", "inputlog": ">version 686819e5e19f8a7fd2345cfc5a08a5085efa2cc3\n>start {\"formatid\":\"gen9randombattle\",\"seed\":\"sodium,bf0627eb2468581f76c3a3f2095fc110\",\"rated\":\"Rated battle\"}\n>player p1 {\"name\":\"giganticcricket\",\"avatar\":\"2\",\"rating\":1755,\"seed\":\"sodium,fb6c981559e3a8696875feff0b042e95\"}\n>player p2 {\"name\":\"treeshhhh\",\"avatar\":\"169\",\"rating\":1704,\"seed\":\"sodium,f2ce11013b712f528b7dc14d9bdad176\"}\n>p1 move terablast terastallize\n>p2 move uturn\n>p2 switch 4\n>p1 move outrage\n>p2 move dragondance\n>p2 switch 2\n>p1 move outrage\n>p2 move calmmind\n>p1 move outrage\n>p2 move calmmind\n>p1 switch 6\n>p2 move judgment\n>p1 move haze\n>p2 move earthpower\n>p1 switch 3\n>p1 move leechseed\n>p2 move judgment terastallize\n>p1 switch 4\n>p2 move judgment\n>p1 move encore\n>p2 move recover\n>p1 move discharge\n>p2 switch 3\n>p1 move superfang\n>p2 switch 4\n>p1 move discharge\n>p2 switch 4\n>p1 move uturn\n>p2 move earthquake\n>p1 switch 4\n>p1 move leechseed\n>p2 move glare\n>p1 move knockoff\n>p2 switch 3\n>p1 move energyball\n>p2 move recover\n>p1 move leechseed\n>p2 move recover\n>p1 move energyball\n>p2 switch 4\n>p1 move knockoff\n>p2 move bugbuzz\n>p1 switch 4\n>p2 move bugbuzz\n>p1 move uturn\n>p2 switch 3\n>p1 switch 6\n>p1 move dragondance\n>p2 move glare\n>p1 move dragondance\n>p2 move coil\n>p1 switch 6\n>p2 move stoneedge\n>forcelose p1", "uploadtime": 1771203019, "views": 11, "formatid": "gen9randombattle", "rating": 1727, "private": 0, "password": null}