{"id": "gen9randombattle-2540470715", "format": "[Gen 9] Random Battle", "players": ["Maka_cutie", "Henry Screaver"], "log": "|j|‽Maka_cutie\n|j|☆Henry Screaver\n|t:|1771206077\n|gametype|singles\n|player|p1|Maka_cutie|169|1562\n|player|p2|Henry Screaver|266|1621\n|gen|9\n|tier|[Gen 9] Random Battle\n|rated|\n|rule|Species Clause: Limit one of each Pokémon\n|rule|HP Percentage Mod: HP is shown in percentages\n|rule|Sleep Clause Mod: Limit one foe put to sleep\n|rule|Illusion Level Mod: Illusion disguises the Pokémon's true level\n|\n|t:|1771206077\n|teamsize|p1|6\n|teamsize|p2|6\n|start\n|switch|p1a: Yanmega|Yanmega, L82, F|275/275\n|switch|p2a: Alomomola|Alomomola, L87, M|429/429\n|turn|1\n|inactive|Battle timer is ON: inactive players will automatically lose when time's up. (requested by Maka_cutie)\n|\n|t:|1771206092\n|move|p1a: Yanmega|Giga Drain|p2a: Alomomola\n|-supereffective|p2a: Alomomola\n|-damage|p2a: Alomomola|155/429\n|move|p2a: Alomomola|Flip Turn|p1a: Yanmega\n|-damage|p1a: Yanmega|217/275\n|\n|t:|1771206096\n|switch|p2a: Thundurus|Thundurus, L80, M|258/258|[from] Flip Turn\n|\n|upkeep\n|turn|2\n|\n|t:|1771206117\n|switch|p1a: Snorlax|Snorlax, L82, F|397/397\n|move|p2a: Thundurus|Knock Off|p1a: Snorlax\n|-damage|p1a: Snorlax|301/397\n|-enditem|p1a: Snorlax|Leftovers|[from] move: Knock Off|[of] p2a: Thundurus\n|\n|upkeep\n|turn|3\n|\n|t:|1771206126\n|switch|p2a: Alomomola|Alomomola, L87, M|298/429\n|move|p1a: Snorlax|Body Slam|p2a: Alomomola\n|-damage|p2a: Alomomola|195/429\n|-status|p2a: Alomomola|par\n|\n|upkeep\n|turn|4\n|\n|t:|1771206140\n|move|p1a: Snorlax|Crunch|p2a: Alomomola\n|-damage|p2a: Alomomola|133/429 par\n|move|p2a: Alomomola|Wish|p2a: Alomomola\n|\n|upkeep\n|turn|5\n|\n|t:|1771206147\n|move|p1a: Snorlax|Curse|p1a: Snorlax\n|-unboost|p1a: Snorlax|spe|1\n|-boost|p1a: Snorlax|atk|1\n|-boost|p1a: Snorlax|def|1\n|move|p2a: Alomomola|Scald|p1a: Snorlax\n|-damage|p1a: Snorlax|256/397\n|\n|-heal|p2a: Alomomola|347/429 par|[from] move: Wish|[wisher] Alomomola\n|upkeep\n|turn|6\n|\n|t:|1771206159\n|move|p2a: Alomomola|Flip Turn|p1a: Snorlax\n|-damage|p1a: Snorlax|205/397\n|\n|t:|1771206160\n|switch|p2a: Hippowdon|Hippowdon, L82, M|311/311|[from] Flip Turn\n|-weather|Sandstorm|[from] ability: Sand Stream|[of] p2a: Hippowdon\n|move|p1a: Snorlax|Body Slam|p2a: Hippowdon\n|-damage|p2a: Hippowdon|202/311\n|-status|p2a: Hippowdon|par\n|\n|-weather|Sandstorm|[upkeep]\n|-damage|p1a: Snorlax|181/397|[from] Sandstorm\n|-heal|p2a: Hippowdon|221/311 par|[from] item: Leftovers\n|upkeep\n|turn|7\n|\n|t:|1771206174\n|move|p1a: Snorlax|Crunch|p2a: Hippowdon\n|-damage|p2a: Hippowdon|145/311 par\n|-unboost|p2a: Hippowdon|def|1\n|move|p2a: Hippowdon|Whirlwind|p1a: Snorlax\n|drag|p1a: Mamoswine|Mamoswine, L81, M|311/311\n|\n|-weather|Sandstorm|[upkeep]\n|-heal|p2a: Hippowdon|164/311 par|[from] item: Leftovers\n|upkeep\n|turn|8\n|\n|t:|1771206179\n|switch|p2a: Alomomola|Alomomola, L87, M|429/429 par\n|move|p1a: Mamoswine|Icicle Crash|p2a: Alomomola|[miss]\n|-miss|p1a: Mamoswine|p2a: Alomomola\n|\n|-weather|Sandstorm|[upkeep]\n|-damage|p2a: Alomomola|403/429 par|[from] Sandstorm\n|upkeep\n|turn|9\n|\n|t:|1771206184\n|move|p1a: Mamoswine|Stealth Rock|p2a: Alomomola\n|-sidestart|p2: Henry Screaver|move: Stealth Rock\n|cant|p2a: Alomomola|par\n|\n|-weather|Sandstorm|[upkeep]\n|-damage|p2a: Alomomola|377/429 par|[from] Sandstorm\n|upkeep\n|turn|10\n|\n|t:|1771206188\n|switch|p1a: Yanmega|Yanmega, L82, F|217/275\n|cant|p2a: Alomomola|par\n|\n|-weather|none\n|upkeep\n|turn|11\n|\n|t:|1771206204\n|move|p1a: Yanmega|Giga Drain|p2a: Alomomola\n|-supereffective|p2a: Alomomola\n|-damage|p2a: Alomomola|115/429 par\n|-heal|p1a: Yanmega|275/275|[from] drain|[of] p2a: Alomomola\n|move|p2a: Alomomola|Wish|p2a: Alomomola\n|\n|upkeep\n|turn|12\n|\n|t:|1771206209\n|switch|p2a: Thundurus|Thundurus, L80, M|258/258\n|-damage|p2a: Thundurus|194/258|[from] Stealth Rock\n|move|p1a: Yanmega|Giga Drain|p2a: Thundurus\n|-resisted|p2a: Thundurus\n|-damage|p2a: Thundurus|102/258\n|\n|-heal|p2a: Thundurus|258/258|[from] move: Wish|[wisher] Alomomola\n|upkeep\n|turn|13\n|\n|t:|1771206222\n|switch|p1a: Snorlax|Snorlax, L82, F|181/397\n|move|p2a: Thundurus|Acrobatics|p1a: Snorlax\n|-damage|p1a: Snorlax|31/397\n|\n|upkeep\n|turn|14\n|\n|t:|1771206227\n|move|p2a: Thundurus|Acrobatics|p1a: Snorlax\n|-damage|p1a: Snorlax|0 fnt\n|faint|p1a: Snorlax\n|\n|upkeep\n|\n|t:|1771206235\n|switch|p1a: Mamoswine|Mamoswine, L81, M|311/311\n|turn|15\n|inactive|Henry Screaver has 120 seconds left.\n|inactive|Henry Screaver has 90 seconds left.\n|\n|t:|1771206297\n|move|p2a: Thundurus|Grass Knot|p1a: Mamoswine\n|-supereffective|p1a: Mamoswine\n|-damage|p1a: Mamoswine|47/311\n|move|p1a: Mamoswine|Icicle Crash|p2a: Thundurus\n|-supereffective|p2a: Thundurus\n|-damage|p2a: Thundurus|0 fnt\n|faint|p2a: Thundurus\n|-damage|p1a: Mamoswine|16/311|[from] item: Life Orb\n|\n|upkeep\n|inactive|Henry Screaver has 90 seconds left.\n|\n|t:|1771206319\n|switch|p2a: Alomomola|Alomomola, L87, M|258/429 par\n|turn|16\n|\n|t:|1771206328\n|switch|p1a: Yanmega|Yanmega, L82, F|275/275\n|move|p2a: Alomomola|Wish|p2a: Alomomola\n|\n|upkeep\n|turn|17\n|inactive|Henry Screaver has 90 seconds left.\n|\n|t:|1771206348\n|switch|p2a: Vileplume|Vileplume, L85, M|266/266\n|-damage|p2a: Vileplume|233/266|[from] Stealth Rock\n|move|p1a: Yanmega|Giga Drain|p2a: Vileplume\n|-resisted|p2a: Vileplume\n|-damage|p2a: Vileplume|195/266\n|\n|-heal|p2a: Vileplume|266/266|[from] move: Wish|[wisher] Alomomola\n|upkeep\n|turn|18\n|\n|t:|1771206357\n|switch|p1a: Mamoswine|Mamoswine, L81, M|16/311\n|move|p2a: Vileplume|Sludge Bomb|p1a: Mamoswine\n|-resisted|p1a: Mamoswine\n|-damage|p1a: Mamoswine|0 fnt\n|faint|p1a: Mamoswine\n|\n|upkeep\n|\n|t:|1771206359\n|switch|p1a: Salamence|Salamence, L77, F|273/273\n|-ability|p1a: Salamence|Intimidate|boost\n|-unboost|p2a: Vileplume|atk|1\n|turn|19\n|inactive|Henry Screaver has 90 seconds left.\n|\n|t:|1771206374\n|move|p1a: Salamence|Dual Wingbeat|p2a: Vileplume\n|-supereffective|p2a: Vileplume\n|-damage|p2a: Vileplume|170/266\n|-supereffective|p2a: Vileplume\n|-damage|p2a: Vileplume|68/266\n|-hitcount|p2a: Vileplume|2\n|move|p2a: Vileplume|Strength Sap|p1a: Salamence\n|-unboost|p1a: Salamence|atk|1\n|-heal|p2a: Vileplume|266/266\n|\n|upkeep\n|turn|20\n|\n|t:|1771206383\n|switch|p1a: Yanmega|Yanmega, L82, F|275/275\n|move|p2a: Vileplume|Leech Seed|p1a: Yanmega\n|-start|p1a: Yanmega|move: Leech Seed\n|\n|-damage|p1a: Yanmega|241/275|[from] Leech Seed|[of] p2a: Vileplume\n|upkeep\n|turn|21\n|\n|t:|1771206391\n|switch|p2a: Hippowdon|Hippowdon, L82, M|164/311 par\n|-damage|p2a: Hippowdon|145/311 par|[from] Stealth Rock\n|-weather|Sandstorm|[from] ability: Sand Stream|[of] p2a: Hippowdon\n|move|p1a: Yanmega|Air Slash|p2a: Hippowdon\n|-damage|p2a: Hippowdon|0 fnt\n|faint|p2a: Hippowdon\n|\n|-weather|Sandstorm|[upkeep]\n|-damage|p1a: Yanmega|224/275|[from] Sandstorm\n|upkeep\n|inactive|Henry Screaver has 90 seconds left.\n|\n|t:|1771206427\n|switch|p2a: Vileplume|Vileplume, L85, M|266/266\n|-damage|p2a: Vileplume|233/266|[from] Stealth Rock\n|turn|22\n|\n|t:|1771206432\n|-terastallize|p2a: Vileplume|Steel\n|move|p1a: Yanmega|Air Slash|p2a: Vileplume\n|-resisted|p2a: Vileplume\n|-damage|p2a: Vileplume|113/266\n|move|p2a: Vileplume|Sludge Bomb|p1a: Yanmega\n|-damage|p1a: Yanmega|80/275\n|\n|-weather|Sandstorm|[upkeep]\n|-damage|p1a: Yanmega|63/275|[from] Sandstorm\n|-heal|p2a: Vileplume|129/266|[from] item: Leftovers\n|-damage|p1a: Yanmega|29/275|[from] Leech Seed|[of] p2a: Vileplume\n|-heal|p2a: Vileplume|163/266|[silent]\n|upkeep\n|turn|23\n|inactive|Maka_cutie has 120 seconds left.\n|inactive|Henry Screaver has 60 seconds left.\n|\n|t:|1771206465\n|switch|p1a: Pawmot|Pawmot, L80, M|243/243\n|move|p2a: Vileplume|Leech Seed|p1a: Pawmot|[miss]\n|-miss|p2a: Vileplume|p1a: Pawmot\n|\n|-weather|Sandstorm|[upkeep]\n|-damage|p1a: Pawmot|228/243|[from] Sandstorm\n|-heal|p2a: Vileplume|179/266|[from] item: Leftovers\n|upkeep\n|turn|24\n|\n|t:|1771206474\n|move|p1a: Pawmot|Close Combat|p2a: Vileplume\n|-supereffective|p2a: Vileplume\n|-damage|p2a: Vileplume|0 fnt\n|-unboost|p1a: Pawmot|def|1\n|-unboost|p1a: Pawmot|spd|1\n|faint|p2a: Vileplume\n|-damage|p1a: Pawmot|204/243|[from] item: Life Orb\n|\n|-weather|Sandstorm|[upkeep]\n|-damage|p1a: Pawmot|189/243|[from] Sandstorm\n|upkeep\n|inactive|Henry Screaver has 60 seconds left.\n|\n|t:|1771206498\n|switch|p2a: Ditto|Ditto, L87|225/225\n|-damage|p2a: Ditto|197/225|[from] Stealth Rock\n|-transform|p2a: Ditto|p1a: Pawmot|[from] ability: Imposter\n|turn|25\n|inactive|Henry Screaver has 30 seconds left.\n|\n|t:|1771206528\n|move|p2a: Ditto|Close Combat|p1a: Pawmot\n|-damage|p1a: Pawmot|0 fnt\n|-unboost|p2a: Ditto|def|1\n|-unboost|p2a: Ditto|spd|1\n|faint|p1a: Pawmot\n|\n|-weather|none\n|upkeep\n|\n|t:|1771206533\n|switch|p1a: Salamence|Salamence, L77, F|273/273\n|-ability|p1a: Salamence|Intimidate|boost\n|-unboost|p2a: Ditto|atk|1\n|turn|26\n|\n|t:|1771206536\n|switch|p2a: Avalugg|Avalugg-Hisui, L90, F|317/317\n|move|p1a: Salamence|Dragon Dance|p1a: Salamence\n|-boost|p1a: Salamence|atk|1\n|-boost|p1a: Salamence|spe|1\n|\n|upkeep\n|turn|27\n|\n|t:|1771206546\n|move|p1a: Salamence|Outrage|p2a: Avalugg\n|-damage|p2a: Avalugg|203/317\n|move|p2a: Avalugg|Avalanche|p1a: Salamence\n|-supereffective|p1a: Salamence\n|-damage|p1a: Salamence|0 fnt\n|faint|p1a: Salamence\n|\n|upkeep\n|\n|t:|1771206550\n|switch|p1a: Rabsca|Rabsca, L91, F|284/284\n|turn|28\n|inactive|Henry Screaver has 60 seconds left.\n|\n|t:|1771206567\n|switch|p1a: Yanmega|Yanmega, L82, F|29/275\n|move|p2a: Avalugg|Rapid Spin|p1a: Yanmega\n|-damage|p1a: Yanmega|0 fnt\n|-boost|p2a: Avalugg|spe|1\n|-sideend|p2: Henry Screaver|Stealth Rock|[from] move: Rapid Spin|[of] p2a: Avalugg\n|faint|p1a: Yanmega\n|\n|upkeep\n|\n|t:|1771206569\n|switch|p1a: Rabsca|Rabsca, L91, F|284/284\n|turn|29\n|inactive|Henry Screaver has 60 seconds left.\n|\n|t:|1771206582\n|move|p2a: Avalugg|Rapid Spin|p1a: Rabsca\n|-damage|p1a: Rabsca|236/284\n|-boost|p2a: Avalugg|spe|1\n|move|p1a: Rabsca|Revival Blessing|p1a: Rabsca\n|\n|t:|1771206596\n|-heal|p1: Pawmot|121/243|[from] move: Revival Blessing\n|\n|upkeep\n|turn|30\n|inactive|Henry Screaver has 60 seconds left.\n|\n|t:|1771206617\n|move|p2a: Avalugg|Stone Edge|p1a: Rabsca|[miss]\n|-miss|p2a: Avalugg|p1a: Rabsca\n|move|p1a: Rabsca|Bug Buzz|p2a: Avalugg\n|-damage|p2a: Avalugg|0 fnt\n|faint|p2a: Avalugg\n|\n|upkeep\n|inactive|Henry Screaver has 60 seconds left.\n|\n|t:|1771206634\n|switch|p2a: Ditto|Ditto, L87|197/225\n|-transform|p2a: Ditto|p1a: Rabsca|[from] ability: Imposter\n|turn|31\n|\n|t:|1771206649\n|move|p2a: Ditto|Revival Blessing|p2a: Ditto\n|\n|t:|1771206652\n|-heal|p2: Thundurus|129/258|[from] move: Revival Blessing\n|move|p1a: Rabsca|Bug Buzz|p2a: Ditto\n|-supereffective|p2a: Ditto\n|-damage|p2a: Ditto|0 fnt\n|faint|p2a: Ditto\n|\n|upkeep\n|\n|t:|1771206656\n|switch|p2a: Thundurus|Thundurus, L80, M|129/258\n|turn|32\n|\n|t:|1771206666\n|-terastallize|p1a: Rabsca|Steel\n|move|p2a: Thundurus|Acrobatics|p1a: Rabsca\n|-resisted|p1a: Rabsca\n|-damage|p1a: Rabsca|176/284\n|move|p1a: Rabsca|Psychic|p2a: Thundurus\n|-damage|p2a: Thundurus|0 fnt\n|faint|p2a: Thundurus\n|\n|upkeep\n|-message|Henry Screaver forfeited.\n|\n|win|Maka_cutie\n|raw|Maka_cutie's rating: 1562 &rarr; <strong>1585</strong><br />(+23 for winning)\n|raw|Henry Screaver's rating: 1621 &rarr; <strong>1598</strong><br />(-23 for losing)\n|l|☆Henry Screaver\n|player|p2|\n", "inputlog": ">version 686819e5e19f8a7fd2345cfc5a08a5085efa2cc3\n>start {\"formatid\":\"gen9randombattle\",\"seed\":\"sodium,b6a6a3e0f17fa9919e8b2861fb5fdc28\",\"rated\":\"Rated battle\"}\n>player p1 {\"name\":\"Maka_cutie\",\"avatar\":\"169\",\"rating\":1562,\"seed\":\"sodium,3f789fa01fb348f2f6b0a1cd55a6f202\"}\n>player p2 {\"name\":\"Henry Screaver\",\"avatar\":\"266\",\"rating\":1621,\"seed\":\"sodium,2ed437efba98da7b5633cb765948b9a3\"}\n>p1 move gigadrain\n>p2 move flipturn\n>p2 switch 5\n>p1 switch 5\n>p2 move knockoff\n>p1 move bodyslam\n>p2 switch 5\n>p1 move crunch\n>p2 move wish\n>p1 move curse\n>p2 move scald\n>p1 move bodyslam\n>p2 move flipturn\n>p2 switch 2\n>p1 move crunch\n>p2 move whirlwind\n>p1 move iciclecrash\n>p2 switch 2\n>p1 move stealthrock\n>p2 move wish\n>p1 switch 5\n>p2 move wish\n>p1 move gigadrain\n>p2 move wish\n>p1 move gigadrain\n>p2 switch 5\n>p1 switch 6\n>p2 move acrobatics\n>p1 move bodyslam\n>p2 move acrobatics\n>p1 switch 5\n>p1 move iciclecrash\n>p2 move grassknot\n>p2 switch 5\n>p1 switch 6\n>p2 move wish\n>p1 move gigadrain\n>p2 switch 3\n>p1 switch 6\n>p2 move sludgebomb\n>p1 switch 3\n>p1 move dualwingbeat\n>p2 move strengthsap\n>p1 switch 6\n>p2 move leechseed\n>p1 move airslash\n>p2 switch 2\n>p2 switch 2\n>p1 move airslash\n>p2 move sludgebomb terastallize\n>p1 switch 2\n>p2 move leechseed\n>p1 move closecombat\n>p2 move strengthsap\n>p2 switch 4\n>p1 move closecombat\n>p2 move closecombat\n>p1 switch 6\n>p1 move dragondance\n>p2 switch 6\n>p1 move outrage\n>p2 move avalanche\n>p1 switch 4\n>p1 switch 2\n>p2 move rapidspin\n>p1 switch 2\n>p1 move revivalblessing\n>p2 move rapidspin\n>p1 switch 6\n>p1 move bugbuzz\n>p2 move stoneedge\n>p2 switch 6\n>p1 move bugbuzz\n>p2 move revivalblessing\n>p2 switch 5\n>p2 switch 5\n>p1 move psychic terastallize\n>p2 move acrobatics\n>forcelose p2", "uploadtime": 1771206687, "views": 19, "formatid": "gen9randombattle", "rating": 1585, "private": 0, "password": null}