{"id": "gen9randombattle-2540735195", "format": "[Gen 9] Random Battle", "players": ["moody supreme", "trickytreecko"], "log": "|j|☆moody supreme\n|j|☆trickytreecko\n|t:|1771247630\n|gametype|singles\n|player|p1|moody supreme|guitarist-gen2|1869\n|player|p2|trickytreecko|flannery|1904\n|gen|9\n|tier|[Gen 9] Random Battle\n|rated|\n|rule|Species Clause: Limit one of each Pokémon\n|rule|HP Percentage Mod: HP is shown in percentages\n|rule|Sleep Clause Mod: Limit one foe put to sleep\n|rule|Illusion Level Mod: Illusion disguises the Pokémon's true level\n|\n|t:|1771247630\n|teamsize|p1|6\n|teamsize|p2|6\n|start\n|switch|p1a: Victreebel|Victreebel, L90, F|290/290\n|switch|p2a: Trevenant|Trevenant, L89, F|296/296\n|turn|1\n|\n|t:|1771247656\n|move|p1a: Victreebel|Sunny Day|p1a: Victreebel\n|-weather|SunnyDay\n|move|p2a: Trevenant|Poltergeist|p1a: Victreebel\n|-activate|p1a: Victreebel|move: Poltergeist|Life Orb\n|-damage|p1a: Victreebel|112/290\n|\n|-weather|SunnyDay|[upkeep]\n|upkeep\n|turn|2\n|\n|t:|1771247661\n|move|p2a: Trevenant|Protect|p2a: Trevenant\n|-singleturn|p2a: Trevenant|Protect\n|move|p1a: Victreebel|Weather Ball|p2a: Trevenant\n|-activate|p2a: Trevenant|move: Protect\n|\n|-weather|SunnyDay|[upkeep]\n|upkeep\n|turn|3\n|\n|t:|1771247679\n|switch|p2a: Slaking|Slaking, L84, F|389/389\n|move|p1a: Victreebel|Weather Ball|p2a: Slaking\n|-damage|p2a: Slaking|198/389\n|-damage|p1a: Victreebel|83/290|[from] item: Life Orb\n|\n|-weather|SunnyDay|[upkeep]\n|upkeep\n|turn|4\n|\n|t:|1771247687\n|move|p1a: Victreebel|Power Whip|p2a: Slaking\n|-damage|p2a: Slaking|29/389\n|-damage|p1a: Victreebel|54/290|[from] item: Life Orb\n|move|p2a: Slaking|Double-Edge|p1a: Victreebel\n|-damage|p1a: Victreebel|0 fnt\n|faint|p1a: Victreebel\n|-damage|p2a: Slaking|11/389|[from] Recoil\n|\n|-weather|SunnyDay|[upkeep]\n|upkeep\n|\n|t:|1771247705\n|switch|p1a: Excadrill|Excadrill, L79, F|303/303\n|-ability|p1a: Excadrill|Mold Breaker\n|turn|5\n|\n|t:|1771247709\n|cant|p2a: Slaking|ability: Truant\n|move|p1a: Excadrill|Swords Dance|p1a: Excadrill\n|-boost|p1a: Excadrill|atk|2\n|\n|-weather|none\n|upkeep\n|turn|6\n|\n|t:|1771247713\n|move|p2a: Slaking|Double-Edge|p1a: Excadrill\n|-resisted|p1a: Excadrill\n|-damage|p1a: Excadrill|180/303\n|-damage|p2a: Slaking|0 fnt|[from] Recoil\n|faint|p2a: Slaking\n|move|p1a: Excadrill|Rapid Spin|p2: Slaking|[notarget]\n|-fail|p1a: Excadrill\n|\n|-heal|p1a: Excadrill|198/303|[from] item: Leftovers\n|upkeep\n|\n|t:|1771247727\n|switch|p2a: Suicune|Suicune, L82|298/298\n|-ability|p2a: Suicune|Pressure\n|turn|7\n|\n|t:|1771247732\n|-terastallize|p1a: Excadrill|Grass\n|move|p2a: Suicune|Scald|p1a: Excadrill\n|-resisted|p1a: Excadrill\n|-damage|p1a: Excadrill|150/303\n|move|p1a: Excadrill|Rapid Spin|p2a: Suicune\n|-damage|p2a: Suicune|227/298\n|-boost|p1a: Excadrill|spe|1\n|\n|-heal|p1a: Excadrill|168/303|[from] item: Leftovers\n|-heal|p2a: Suicune|245/298|[from] item: Leftovers\n|upkeep\n|turn|8\n|\n|t:|1771247741\n|move|p1a: Excadrill|Earthquake|p2a: Suicune\n|-damage|p2a: Suicune|49/298\n|move|p2a: Suicune|Scald|p1a: Excadrill\n|-resisted|p1a: Excadrill\n|-damage|p1a: Excadrill|116/303\n|\n|-heal|p1a: Excadrill|134/303|[from] item: Leftovers\n|-heal|p2a: Suicune|67/298|[from] item: Leftovers\n|upkeep\n|turn|9\n|\n|t:|1771247748\n|move|p1a: Excadrill|Earthquake|p2a: Suicune\n|-damage|p2a: Suicune|0 fnt\n|faint|p2a: Suicune\n|\n|-heal|p1a: Excadrill|152/303|[from] item: Leftovers\n|upkeep\n|\n|t:|1771247752\n|switch|p2a: Talonflame|Talonflame, L83, M|265/265\n|turn|10\n|\n|t:|1771247758\n|move|p1a: Excadrill|Iron Head|p2a: Talonflame\n|-resisted|p2a: Talonflame\n|-crit|p2a: Talonflame\n|-damage|p2a: Talonflame|105/265\n|cant|p2a: Talonflame|flinch\n|\n|-heal|p1a: Excadrill|170/303|[from] item: Leftovers\n|upkeep\n|turn|11\n|\n|t:|1771247767\n|move|p1a: Excadrill|Iron Head|p2a: Talonflame\n|-resisted|p2a: Talonflame\n|-damage|p2a: Talonflame|0 fnt\n|faint|p2a: Talonflame\n|\n|-heal|p1a: Excadrill|188/303|[from] item: Leftovers\n|upkeep\n|\n|t:|1771247772\n|switch|p2a: Trevenant|Trevenant, L89, F|296/296\n|turn|12\n|\n|t:|1771247776\n|move|p1a: Excadrill|Iron Head|p2a: Trevenant\n|-damage|p2a: Trevenant|94/296\n|-enditem|p2a: Trevenant|Sitrus Berry|[eat]\n|-heal|p2a: Trevenant|168/296|[from] item: Sitrus Berry\n|cant|p2a: Trevenant|flinch\n|\n|-heal|p1a: Excadrill|206/303|[from] item: Leftovers\n|upkeep\n|turn|13\n|-message|trickytreecko forfeited.\n|\n|win|moody supreme\n|raw|moody supreme's rating: 1869 &rarr; <strong>1891</strong><br />(+22 for winning)\n|raw|trickytreecko's rating: 1904 &rarr; <strong>1882</strong><br />(-22 for losing)\n|l|☆trickytreecko\n|player|p2|\n", "inputlog": ">version 686819e5e19f8a7fd2345cfc5a08a5085efa2cc3\n>start {\"formatid\":\"gen9randombattle\",\"seed\":\"sodium,007c480ae7ac8519ae59e53e50a06abe\",\"rated\":\"Rated battle\"}\n>player p1 {\"name\":\"moody supreme\",\"avatar\":\"guitarist-gen2\",\"rating\":1869,\"seed\":\"sodium,5fbf8805adf8eaccfa8dc62e269d53b3\"}\n>player p2 {\"name\":\"trickytreecko\",\"avatar\":\"flannery\",\"rating\":1904,\"seed\":\"sodium,579d6cf365d18189ce3d44145c02b314\"}\n>p1 move sunnyday\n>p2 move poltergeist\n>p1 move weatherball\n>p2 move protect\n>p1 move weatherball\n>p2 switch 5\n>p1 move powerwhip\n>p2 move doubleedge\n>p1 switch 2\n>p1 move swordsdance\n>p2 move doubleedge\n>p1 move rapidspin\n>p2 move doubleedge\n>p2 switch 4\n>p1 move rapidspin terastallize\n>p2 move scald\n>p1 move earthquake\n>p2 move scald\n>p1 move earthquake\n>p2 move scald\n>p2 switch 3\n>p1 move ironhead\n>p2 move bravebird\n>p1 move ironhead\n>p2 move roost\n>p2 switch 5\n>p1 move ironhead\n>p2 move poltergeist\n>forcelose p2", "uploadtime": 1771247789, "views": 21, "formatid": "gen9randombattle", "rating": 1882, "private": 0, "password": null}