{"id": "gen9randombattle-2540581448", "format": "[Gen 9] Random Battle", "players": ["perenniumfalcon", "Calibold"], "log": "|j|☆perenniumfalcon\n|j|☆Calibold\n|t:|1771221495\n|gametype|singles\n|player|p1|perenniumfalcon|266|2189\n|player|p2|Calibold|larry|2113\n|gen|9\n|tier|[Gen 9] Random Battle\n|rated|\n|rule|Species Clause: Limit one of each Pokémon\n|rule|HP Percentage Mod: HP is shown in percentages\n|rule|Sleep Clause Mod: Limit one foe put to sleep\n|rule|Illusion Level Mod: Illusion disguises the Pokémon's true level\n|\n|t:|1771221495\n|teamsize|p1|6\n|teamsize|p2|6\n|start\n|switch|p1a: Azelf|Azelf, L82|257/257\n|switch|p2a: Dondozo|Dondozo, L78, F|362/362\n|turn|1\n|inactive|Battle timer is ON: inactive players will automatically lose when time's up. (requested by Calibold)\n|\n|t:|1771221507\n|switch|p2a: Coalossal|Coalossal, L89, F|341/341\n|move|p1a: Azelf|Stealth Rock|p2a: Coalossal\n|-sidestart|p2: Calibold|move: Stealth Rock\n|\n|upkeep\n|turn|2\n|\n|t:|1771221512\n|switch|p1a: Rhydon|Rhydon, L85, F|317/317\n|move|p2a: Coalossal|Rapid Spin|p1a: Rhydon\n|-resisted|p1a: Rhydon\n|-damage|p1a: Rhydon|308/317\n|-boost|p2a: Coalossal|spe|1\n|-sideend|p2: Calibold|Stealth Rock|[from] move: Rapid Spin|[of] p2a: Coalossal\n|\n|upkeep\n|turn|3\n|\n|t:|1771221519\n|switch|p2a: Vaporeon|Vaporeon, L86, F|364/364\n|switch|p1a: Azelf|Azelf, L82|257/257\n|\n|upkeep\n|turn|4\n|\n|t:|1771221522\n|move|p1a: Azelf|Knock Off|p2a: Vaporeon\n|-damage|p2a: Vaporeon|258/364\n|-enditem|p2a: Vaporeon|Leftovers|[from] move: Knock Off|[of] p1a: Azelf\n|move|p2a: Vaporeon|Flip Turn|p1a: Azelf\n|-damage|p1a: Azelf|194/257\n|\n|t:|1771221552\n|switch|p2a: Mew|Mew, L82|298/298|[from] Flip Turn\n|\n|upkeep\n|turn|5\n|\n|t:|1771221566\n|move|p1a: Azelf|Knock Off|p2a: Mew\n|-supereffective|p2a: Mew\n|-damage|p2a: Mew|152/298\n|-enditem|p2a: Mew|Life Orb|[from] move: Knock Off|[of] p1a: Azelf\n|move|p2a: Mew|Leech Life|p1a: Azelf\n|-supereffective|p1a: Azelf\n|-damage|p1a: Azelf|60/257\n|-heal|p2a: Mew|219/298|[from] drain|[of] p1a: Azelf\n|\n|upkeep\n|turn|6\n|\n|t:|1771221574\n|switch|p1a: Rhydon|Rhydon, L85, F|308/317\n|move|p2a: Mew|Leech Life|p1a: Rhydon\n|-damage|p1a: Rhydon|277/317\n|-heal|p2a: Mew|235/298|[from] drain|[of] p1a: Rhydon\n|\n|upkeep\n|turn|7\n|\n|t:|1771221580\n|switch|p2a: Vaporeon|Vaporeon, L86, F|258/364\n|move|p1a: Rhydon|Earthquake|p2a: Vaporeon\n|-damage|p2a: Vaporeon|81/364\n|\n|upkeep\n|turn|8\n|\n|t:|1771221587\n|move|p2a: Vaporeon|Flip Turn|p1a: Rhydon\n|-supereffective|p1a: Rhydon\n|-damage|p1a: Rhydon|177/317\n|\n|t:|1771221593\n|switch|p2a: Mew|Mew, L82|235/298|[from] Flip Turn\n|move|p1a: Rhydon|Earthquake|p2a: Mew\n|-damage|p2a: Mew|100/298\n|\n|upkeep\n|turn|9\n|\n|t:|1771221596\n|move|p2a: Mew|Close Combat|p1a: Rhydon\n|-supereffective|p1a: Rhydon\n|-damage|p1a: Rhydon|95/317\n|-unboost|p2a: Mew|def|1\n|-unboost|p2a: Mew|spd|1\n|move|p1a: Rhydon|Earthquake|p2a: Mew\n|-damage|p2a: Mew|0 fnt\n|faint|p2a: Mew\n|\n|upkeep\n|\n|t:|1771221599\n|switch|p2a: Vaporeon|Vaporeon, L86, F|81/364\n|turn|10\n|\n|t:|1771221603\n|switch|p1a: Girafarig|Girafarig, L89, M|269/269\n|move|p2a: Vaporeon|Scald|p1a: Girafarig\n|-damage|p1a: Girafarig|187/269\n|\n|upkeep\n|turn|11\n|\n|t:|1771221607\n|move|p1a: Girafarig|Thunderbolt|p2a: Vaporeon\n|-supereffective|p2a: Vaporeon\n|-damage|p2a: Vaporeon|0 fnt\n|faint|p2a: Vaporeon\n|\n|upkeep\n|\n|t:|1771221619\n|switch|p2a: Coalossal|Coalossal, L89, F|341/341\n|turn|12\n|\n|t:|1771221626\n|move|p1a: Girafarig|Nasty Plot|p1a: Girafarig\n|-boost|p1a: Girafarig|spa|2\n|move|p2a: Coalossal|Flamethrower|p1a: Girafarig\n|-damage|p1a: Girafarig|114/269\n|\n|upkeep\n|turn|13\n|\n|t:|1771221631\n|move|p1a: Girafarig|Psychic|p2a: Coalossal\n|-damage|p2a: Coalossal|164/341\n|move|p2a: Coalossal|Flamethrower|p1a: Girafarig\n|-damage|p1a: Girafarig|41/269\n|\n|upkeep\n|turn|14\n|\n|t:|1771221637\n|move|p1a: Girafarig|Psychic|p2a: Coalossal\n|-damage|p2a: Coalossal|0 fnt\n|faint|p2a: Coalossal\n|\n|upkeep\n|\n|t:|1771221642\n|switch|p2a: Armarouge|Armarouge, L80, F|267/267\n|turn|15\n|\n|t:|1771221645\n|move|p1a: Girafarig|Thunderbolt|p2a: Armarouge\n|-damage|p2a: Armarouge|111/267\n|move|p2a: Armarouge|Meteor Beam||[still]\n|-prepare|p2a: Armarouge|Meteor Beam\n|-boost|p2a: Armarouge|spa|1\n|-enditem|p2a: Armarouge|Power Herb\n|-anim|p2a: Armarouge|Meteor Beam|p1a: Girafarig\n|-damage|p1a: Girafarig|0 fnt\n|faint|p1a: Girafarig\n|\n|upkeep\n|\n|t:|1771221649\n|switch|p1a: Azelf|Azelf, L82|60/257\n|turn|16\n|inactive|Calibold has 120 seconds left.\n|\n|t:|1771221686\n|switch|p1a: Rhydon|Rhydon, L85, F|95/317\n|-terastallize|p2a: Armarouge|Grass\n|move|p2a: Armarouge|Meteor Beam||[still]\n|-prepare|p2a: Armarouge|Meteor Beam\n|-boost|p2a: Armarouge|spa|1\n|\n|upkeep\n|turn|17\n|\n|t:|1771221691\n|move|p2a: Armarouge|Meteor Beam|p1a: Rhydon|[from] lockedmove\n|-resisted|p1a: Rhydon\n|-damage|p1a: Rhydon|0 fnt\n|faint|p1a: Rhydon\n|\n|upkeep\n|\n|t:|1771221695\n|switch|p1a: Azelf|Azelf, L82|60/257\n|turn|18\n|\n|t:|1771221700\n|move|p1a: Azelf|Psychic|p2a: Armarouge\n|-damage|p2a: Armarouge|0 fnt\n|faint|p2a: Armarouge\n|\n|upkeep\n|\n|t:|1771221703\n|switch|p2a: Dondozo|Dondozo, L78, F|362/362\n|turn|19\n|\n|t:|1771221724\n|move|p1a: Azelf|Psychic|p2a: Dondozo\n|-damage|p2a: Dondozo|227/362\n|move|p2a: Dondozo|Wave Crash|p1a: Azelf\n|-damage|p1a: Azelf|0 fnt\n|faint|p1a: Azelf\n|-damage|p2a: Dondozo|207/362|[from] Recoil\n|\n|-heal|p2a: Dondozo|229/362|[from] item: Leftovers\n|upkeep\n|\n|t:|1771221727\n|switch|p1a: Talonflame|Talonflame, L83, M|265/265\n|turn|20\n|\n|t:|1771221736\n|move|p1a: Talonflame|Overheat|p2a: Dondozo\n|-resisted|p2a: Dondozo\n|-damage|p2a: Dondozo|157/362\n|-unboost|p1a: Talonflame|spa|2\n|move|p2a: Dondozo|Wave Crash|p1a: Talonflame\n|-supereffective|p1a: Talonflame\n|-damage|p1a: Talonflame|13/265\n|-damage|p2a: Dondozo|74/362|[from] Recoil\n|\n|-heal|p2a: Dondozo|96/362|[from] item: Leftovers\n|upkeep\n|turn|21\n|\n|t:|1771221740\n|move|p1a: Talonflame|Taunt|p2a: Dondozo\n|-start|p2a: Dondozo|move: Taunt\n|cant|p2a: Dondozo|move: Taunt|Rest\n|\n|-heal|p2a: Dondozo|118/362|[from] item: Leftovers\n|upkeep\n|turn|22\n|\n|t:|1771221741\n|move|p1a: Talonflame|Brave Bird|p2a: Dondozo\n|-damage|p2a: Dondozo|21/362\n|-damage|p1a: Talonflame|0 fnt|[from] Recoil\n|faint|p1a: Talonflame\n|move|p2a: Dondozo|Wave Crash|p1: Talonflame|[notarget]\n|-fail|p2a: Dondozo\n|\n|-heal|p2a: Dondozo|43/362|[from] item: Leftovers\n|upkeep\n|\n|t:|1771221744\n|switch|p1a: Cobalion|Cobalion, L80|277/277\n|turn|23\n|\n|t:|1771221746\n|move|p1a: Cobalion|Body Press|p2a: Dondozo\n|-damage|p2a: Dondozo|0 fnt\n|faint|p2a: Dondozo\n|\n|upkeep\n|\n|t:|1771221748\n|switch|p2a: Pecharunt|Pecharunt, L77|262/262\n|turn|24\n|\n|t:|1771221752\n|move|p1a: Cobalion|Thunder Wave|p2a: Pecharunt\n|-status|p2a: Pecharunt|par\n|move|p2a: Pecharunt|Shadow Ball|p1a: Cobalion\n|-damage|p1a: Cobalion|192/277\n|-unboost|p1a: Cobalion|spd|1\n|\n|-heal|p1a: Cobalion|209/277|[from] item: Leftovers\n|upkeep\n|turn|25\n|\n|t:|1771221759\n|move|p1a: Cobalion|Iron Head|p2a: Pecharunt\n|-damage|p2a: Pecharunt|213/262 par\n|cant|p2a: Pecharunt|par\n|\n|-heal|p1a: Cobalion|226/277|[from] item: Leftovers\n|-heal|p2a: Pecharunt|229/262 par|[from] item: Leftovers\n|upkeep\n|turn|26\n|\n|t:|1771221762\n|move|p1a: Cobalion|Iron Head|p2a: Pecharunt\n|-damage|p2a: Pecharunt|178/262 par\n|cant|p2a: Pecharunt|par\n|\n|-heal|p1a: Cobalion|243/277|[from] item: Leftovers\n|-heal|p2a: Pecharunt|194/262 par|[from] item: Leftovers\n|upkeep\n|turn|27\n|\n|t:|1771221765\n|move|p1a: Cobalion|Iron Head|p2a: Pecharunt\n|-damage|p2a: Pecharunt|140/262 par\n|cant|p2a: Pecharunt|par\n|\n|-heal|p1a: Cobalion|260/277|[from] item: Leftovers\n|-heal|p2a: Pecharunt|156/262 par|[from] item: Leftovers\n|upkeep\n|turn|28\n|\n|t:|1771221767\n|move|p1a: Cobalion|Iron Head|p2a: Pecharunt\n|-damage|p2a: Pecharunt|108/262 par\n|cant|p2a: Pecharunt|par\n|\n|-heal|p1a: Cobalion|277/277|[from] item: Leftovers\n|-heal|p2a: Pecharunt|124/262 par|[from] item: Leftovers\n|upkeep\n|turn|29\n|\n|t:|1771221771\n|move|p1a: Cobalion|Iron Head|p2a: Pecharunt\n|-damage|p2a: Pecharunt|75/262 par\n|cant|p2a: Pecharunt|flinch\n|\n|-heal|p2a: Pecharunt|91/262 par|[from] item: Leftovers\n|upkeep\n|turn|30\n|\n|t:|1771221774\n|move|p1a: Cobalion|Iron Head|p2a: Pecharunt\n|-damage|p2a: Pecharunt|39/262 par\n|cant|p2a: Pecharunt|flinch\n|\n|-heal|p2a: Pecharunt|55/262 par|[from] item: Leftovers\n|upkeep\n|turn|31\n|\n|t:|1771221777\n|move|p1a: Cobalion|Iron Head|p2a: Pecharunt\n|-damage|p2a: Pecharunt|3/262 par\n|move|p2a: Pecharunt|Recover|p2a: Pecharunt\n|-heal|p2a: Pecharunt|134/262 par\n|\n|-heal|p2a: Pecharunt|150/262 par|[from] item: Leftovers\n|upkeep\n|turn|32\n|\n|t:|1771221781\n|move|p1a: Cobalion|Iron Head|p2a: Pecharunt\n|-damage|p2a: Pecharunt|96/262 par\n|cant|p2a: Pecharunt|par\n|\n|-heal|p2a: Pecharunt|112/262 par|[from] item: Leftovers\n|upkeep\n|turn|33\n|\n|t:|1771221786\n|move|p1a: Cobalion|Iron Head|p2a: Pecharunt\n|-damage|p2a: Pecharunt|64/262 par\n|move|p2a: Pecharunt|Recover|p2a: Pecharunt\n|-heal|p2a: Pecharunt|195/262 par\n|\n|-heal|p2a: Pecharunt|211/262 par|[from] item: Leftovers\n|upkeep\n|turn|34\n|\n|t:|1771221800\n|move|p1a: Cobalion|Iron Head|p2a: Pecharunt\n|-damage|p2a: Pecharunt|159/262 par\n|cant|p2a: Pecharunt|flinch\n|\n|-heal|p2a: Pecharunt|175/262 par|[from] item: Leftovers\n|upkeep\n|turn|35\n|\n|t:|1771221804\n|move|p1a: Cobalion|Iron Head|p2a: Pecharunt\n|-damage|p2a: Pecharunt|126/262 par\n|move|p2a: Pecharunt|Recover|p2a: Pecharunt\n|-heal|p2a: Pecharunt|257/262 par\n|\n|-heal|p2a: Pecharunt|262/262 par|[from] item: Leftovers\n|upkeep\n|turn|36\n|\n|t:|1771221808\n|move|p1a: Cobalion|Iron Head|p2a: Pecharunt\n|-damage|p2a: Pecharunt|207/262 par\n|move|p2a: Pecharunt|Nasty Plot|p2a: Pecharunt\n|-boost|p2a: Pecharunt|spa|2\n|\n|-heal|p2a: Pecharunt|223/262 par|[from] item: Leftovers\n|upkeep\n|turn|37\n|\n|t:|1771221813\n|move|p1a: Cobalion|Iron Head|p2a: Pecharunt\n|-damage|p2a: Pecharunt|177/262 par\n|cant|p2a: Pecharunt|par\n|\n|-heal|p2a: Pecharunt|193/262 par|[from] item: Leftovers\n|upkeep\n|turn|38\n|\n|t:|1771221817\n|move|p1a: Cobalion|Iron Head|p2a: Pecharunt\n|-damage|p2a: Pecharunt|139/262 par\n|move|p2a: Pecharunt|Recover|p2a: Pecharunt\n|-heal|p2a: Pecharunt|262/262 par\n|\n|upkeep\n|turn|39\n|\n|t:|1771221820\n|move|p1a: Cobalion|Iron Head|p2a: Pecharunt\n|-damage|p2a: Pecharunt|207/262 par\n|cant|p2a: Pecharunt|par\n|\n|-heal|p2a: Pecharunt|223/262 par|[from] item: Leftovers\n|upkeep\n|turn|40\n|\n|t:|1771221826\n|move|p1a: Cobalion|Iron Head|p2a: Pecharunt\n|-damage|p2a: Pecharunt|177/262 par\n|move|p2a: Pecharunt|Nasty Plot|p2a: Pecharunt\n|-boost|p2a: Pecharunt|spa|2\n|\n|-heal|p2a: Pecharunt|193/262 par|[from] item: Leftovers\n|upkeep\n|turn|41\n|\n|t:|1771221828\n|move|p1a: Cobalion|Iron Head|p2a: Pecharunt\n|-damage|p2a: Pecharunt|138/262 par\n|cant|p2a: Pecharunt|par\n|\n|-heal|p2a: Pecharunt|154/262 par|[from] item: Leftovers\n|upkeep\n|turn|42\n|\n|t:|1771221832\n|switch|p1a: Eiscue|Eiscue, L88, F|274/274\n|move|p2a: Pecharunt|Recover|p2a: Pecharunt\n|-heal|p2a: Pecharunt|262/262 par\n|\n|upkeep\n|turn|43\n|\n|t:|1771221841\n|move|p1a: Eiscue|Zen Headbutt|p2a: Pecharunt\n|-supereffective|p2a: Pecharunt\n|-damage|p2a: Pecharunt|194/262 par\n|move|p2a: Pecharunt|Malignant Chain|p1a: Eiscue\n|-damage|p1a: Eiscue|60/274\n|-status|p1a: Eiscue|tox\n|-start|p1a: Eiscue|confusion|[from] ability: Poison Puppeteer|[of] p2a: Pecharunt\n|-enditem|p1a: Eiscue|Sitrus Berry|[eat]\n|-heal|p1a: Eiscue|128/274 tox|[from] item: Sitrus Berry\n|\n|-heal|p2a: Pecharunt|210/262 par|[from] item: Leftovers\n|-damage|p1a: Eiscue|111/274 tox|[from] psn\n|upkeep\n|turn|44\n|\n|t:|1771221853\n|-activate|p1a: Eiscue|confusion\n|-damage|p1a: Eiscue|90/274 tox|[from] confusion\n|cant|p2a: Pecharunt|par\n|\n|-heal|p2a: Pecharunt|226/262 par|[from] item: Leftovers\n|-damage|p1a: Eiscue|56/274 tox|[from] psn\n|upkeep\n|turn|45\n|\n|t:|1771221858\n|-end|p1a: Eiscue|confusion\n|move|p1a: Eiscue|Zen Headbutt|p2a: Pecharunt\n|-supereffective|p2a: Pecharunt\n|-damage|p2a: Pecharunt|156/262 par\n|move|p2a: Pecharunt|Shadow Ball|p1a: Eiscue\n|-damage|p1a: Eiscue|0 fnt\n|faint|p1a: Eiscue\n|\n|-heal|p2a: Pecharunt|172/262 par|[from] item: Leftovers\n|upkeep\n|\n|t:|1771221860\n|switch|p1a: Cobalion|Cobalion, L80|277/277\n|turn|46\n|\n|t:|1771221867\n|move|p1a: Cobalion|Iron Head|p2a: Pecharunt\n|-damage|p2a: Pecharunt|120/262 par\n|cant|p2a: Pecharunt|par\n|\n|-heal|p2a: Pecharunt|136/262 par|[from] item: Leftovers\n|upkeep\n|turn|47\n|\n|t:|1771221870\n|move|p1a: Cobalion|Iron Head|p2a: Pecharunt\n|-damage|p2a: Pecharunt|84/262 par\n|move|p2a: Pecharunt|Recover|p2a: Pecharunt\n|-heal|p2a: Pecharunt|215/262 par\n|\n|-heal|p2a: Pecharunt|231/262 par|[from] item: Leftovers\n|upkeep\n|turn|48\n|\n|t:|1771221875\n|move|p1a: Cobalion|Iron Head|p2a: Pecharunt\n|-damage|p2a: Pecharunt|180/262 par\n|move|p2a: Pecharunt|Shadow Ball|p1a: Cobalion\n|-damage|p1a: Cobalion|31/277\n|\n|-heal|p1a: Cobalion|48/277|[from] item: Leftovers\n|-heal|p2a: Pecharunt|196/262 par|[from] item: Leftovers\n|upkeep\n|turn|49\n|-message|perenniumfalcon forfeited.\n|\n|win|Calibold\n|raw|perenniumfalcon's rating: 2189 &rarr; <strong>2165</strong><br />(-24 for losing)\n|raw|Calibold's rating: 2113 &rarr; <strong>2137</strong><br />(+24 for winning)\n|l|☆perenniumfalcon\n|player|p1|\n", "inputlog": ">version 686819e5e19f8a7fd2345cfc5a08a5085efa2cc3\n>start {\"formatid\":\"gen9randombattle\",\"seed\":\"sodium,bec72a17a9fa4ccd182dd773892a2174\",\"rated\":\"Rated battle\"}\n>player p1 {\"name\":\"perenniumfalcon\",\"avatar\":\"266\",\"rating\":2189,\"seed\":\"sodium,1781d8c8212720f443411ba877339268\"}\n>player p2 {\"name\":\"Calibold\",\"avatar\":\"larry\",\"rating\":2113,\"seed\":\"sodium,a1834901ddd732cbdf81e5cc08edcdf4\"}\n>p1 move stealthrock\n>p2 switch 3\n>p1 switch 6\n>p2 move rapidspin\n>p1 switch 6\n>p2 switch 2\n>p1 move knockoff\n>p2 move flipturn\n>p2 switch 6\n>p1 move knockoff\n>p2 move leechlife\n>p1 switch 6\n>p2 move leechlife\n>p1 move earthquake\n>p2 switch 6\n>p1 move earthquake\n>p2 move flipturn\n>p2 switch 6\n>p1 move earthquake\n>p2 move closecombat\n>p2 switch 6\n>p1 switch 2\n>p2 move scald\n>p1 move thunderbolt\n>p2 move wish\n>p2 switch 2\n>p1 move nastyplot\n>p2 move flamethrower\n>p1 move psychic\n>p2 move flamethrower\n>p1 move psychic\n>p2 move flamethrower\n>p2 switch 5\n>p1 move thunderbolt\n>p2 move meteorbeam\n>p1 switch 6\n>p1 switch 2\n>p2 move meteorbeam terastallize\n>p1 move megahorn\n>p2 move meteorbeam\n>p1 switch 2\n>p1 move psychic\n>p2 move armorcannon\n>p2 switch 3\n>p1 move psychic\n>p2 move wavecrash\n>p1 switch 3\n>p1 move overheat\n>p2 move wavecrash\n>p1 move taunt\n>p2 move rest\n>p1 move bravebird\n>p2 move wavecrash\n>p1 switch 4\n>p1 move bodypress\n>p2 move wavecrash\n>p2 switch 4\n>p1 move thunderwave\n>p2 move shadowball\n>p1 move ironhead\n>p2 move nastyplot\n>p1 move ironhead\n>p2 move nastyplot\n>p1 move ironhead\n>p2 move nastyplot\n>p1 move ironhead\n>p2 move recover\n>p1 move ironhead\n>p2 move recover\n>p1 move ironhead\n>p2 move recover\n>p1 move ironhead\n>p2 move recover\n>p1 move ironhead\n>p2 move recover\n>p1 move ironhead\n>p2 move recover\n>p1 move ironhead\n>p2 move nastyplot\n>p1 move ironhead\n>p2 move recover\n>p1 move ironhead\n>p2 move nastyplot\n>p1 move ironhead\n>p2 move shadowball\n>p1 move ironhead\n>p2 move recover\n>p1 move ironhead\n>p2 move shadowball\n>p1 move ironhead\n>p2 move nastyplot\n>p1 move ironhead\n>p2 move recover\n>p1 switch 5\n>p2 move recover\n>p1 move zenheadbutt\n>p2 move malignantchain\n>p1 move zenheadbutt\n>p2 move shadowball\n>p1 move zenheadbutt\n>p2 move shadowball\n>p1 switch 5\n>p1 move ironhead\n>p2 move shadowball\n>p1 move ironhead\n>p2 move recover\n>p1 move ironhead\n>p2 move shadowball\n>forcelose p1", "uploadtime": 1771221885, "views": 15, "formatid": "gen9randombattle", "rating": 2137, "private": 0, "password": null}