{"id": "gen9randombattle-2540212516", "format": "[Gen 9] Random Battle", "players": ["hwakey", "Dusty Mustard"], "log": "|j|☆hwakey\n|j|☆Dusty Mustard\n|t:|1771176422\n|gametype|singles\n|player|p1|hwakey|blackbelt-gen4dp|1554\n|player|p2|Dusty Mustard|cynthia-gen4|1530\n|gen|9\n|tier|[Gen 9] Random Battle\n|rated|\n|rule|Species Clause: Limit one of each Pokémon\n|rule|HP Percentage Mod: HP is shown in percentages\n|rule|Sleep Clause Mod: Limit one foe put to sleep\n|rule|Illusion Level Mod: Illusion disguises the Pokémon's true level\n|\n|t:|1771176422\n|teamsize|p1|6\n|teamsize|p2|6\n|start\n|switch|p1a: Toucannon|Toucannon, L88, F|284/284\n|switch|p2a: Mightyena|Mightyena, L96, F|290/290\n|-ability|p2a: Mightyena|Intimidate|boost\n|-unboost|p1a: Toucannon|atk|1\n|turn|1\n|inactive|Battle timer is ON: inactive players will automatically lose when time's up. (requested by Dusty Mustard)\n|inactive|hwakey has 120 seconds left.\n|\n|t:|1771176454\n|-singleturn|p1a: Toucannon|move: Beak Blast\n|move|p2a: Mightyena|Taunt|p1a: Toucannon\n|-start|p1a: Toucannon|move: Taunt\n|move|p1a: Toucannon|Beak Blast|p2a: Mightyena\n|-damage|p2a: Mightyena|193/290\n|\n|-heal|p2a: Mightyena|211/290|[from] item: Leftovers\n|upkeep\n|turn|2\n|\n|t:|1771176471\n|switch|p2a: Skarmory|Skarmory, L80, F|235/235\n|-singleturn|p1a: Toucannon|move: Beak Blast\n|move|p1a: Toucannon|Beak Blast|p2a: Skarmory\n|-resisted|p2a: Skarmory\n|-damage|p2a: Skarmory|200/235\n|\n|-heal|p2a: Skarmory|214/235|[from] item: Leftovers\n|upkeep\n|turn|3\n|inactive|hwakey has 120 seconds left.\n|\n|t:|1771176513\n|switch|p1a: Oricorio|Oricorio-Sensu, L85, M|266/266\n|move|p2a: Skarmory|Iron Defense|p2a: Skarmory\n|-boost|p2a: Skarmory|def|2\n|\n|-heal|p2a: Skarmory|228/235|[from] item: Leftovers\n|upkeep\n|turn|4\n|\n|t:|1771176520\n|switch|p2a: Mightyena|Mightyena, L96, F|211/290\n|-ability|p2a: Mightyena|Intimidate|boost\n|-unboost|p1a: Oricorio|atk|1\n|move|p1a: Oricorio|Quiver Dance|p1a: Oricorio\n|-boost|p1a: Oricorio|spa|1\n|-boost|p1a: Oricorio|spd|1\n|-boost|p1a: Oricorio|spe|1\n|\n|-heal|p2a: Mightyena|229/290|[from] item: Leftovers\n|upkeep\n|turn|5\n|\n|t:|1771176529\n|switch|p1a: Toucannon|Toucannon, L88, F|284/284\n|move|p2a: Mightyena|Throat Chop|p1a: Toucannon\n|-damage|p1a: Toucannon|173/284\n|-start|p1a: Toucannon|Throat Chop|[silent]\n|\n|-heal|p2a: Mightyena|247/290|[from] item: Leftovers\n|upkeep\n|turn|6\n|\n|t:|1771176535\n|-singleturn|p1a: Toucannon|move: Beak Blast\n|move|p2a: Mightyena|Poison Fang|p1a: Toucannon\n|-damage|p1a: Toucannon|122/284\n|-status|p2a: Mightyena|brn\n|-status|p1a: Toucannon|tox\n|move|p1a: Toucannon|Beak Blast|p2a: Mightyena\n|-damage|p2a: Mightyena|96/290 brn\n|\n|-heal|p2a: Mightyena|114/290 brn|[from] item: Leftovers\n|-damage|p1a: Toucannon|105/284 tox|[from] psn\n|-damage|p2a: Mightyena|96/290 brn|[from] brn\n|-end|p1a: Toucannon|Throat Chop|[silent]\n|upkeep\n|turn|7\n|\n|t:|1771176552\n|switch|p2a: Phione|Phione, L91|293/293\n|move|p1a: Toucannon|Roost|p1a: Toucannon\n|-heal|p1a: Toucannon|247/284 tox\n|-singleturn|p1a: Toucannon|move: Roost\n|\n|-damage|p1a: Toucannon|213/284 tox|[from] psn\n|upkeep\n|turn|8\n|\n|t:|1771176560\n|move|p2a: Phione|Take Heart|p2a: Phione\n|-boost|p2a: Phione|spa|1\n|-boost|p2a: Phione|spd|1\n|move|p1a: Toucannon|Bullet Seed|p2a: Phione\n|-supereffective|p2a: Phione\n|-damage|p2a: Phione|249/293\n|-supereffective|p2a: Phione\n|-damage|p2a: Phione|201/293\n|-supereffective|p2a: Phione\n|-damage|p2a: Phione|157/293\n|-supereffective|p2a: Phione\n|-damage|p2a: Phione|111/293\n|-supereffective|p2a: Phione\n|-damage|p2a: Phione|63/293\n|-hitcount|p2a: Phione|5\n|\n|-heal|p2a: Phione|81/293|[from] item: Leftovers\n|-damage|p1a: Toucannon|162/284 tox|[from] psn\n|upkeep\n|turn|9\n|\n|t:|1771176574\n|move|p2a: Phione|Rest|p2a: Phione\n|-status|p2a: Phione|slp|[from] move: Rest\n|-heal|p2a: Phione|293/293 slp|[silent]\n|move|p1a: Toucannon|Bullet Seed|p2a: Phione\n|-supereffective|p2a: Phione\n|-damage|p2a: Phione|245/293 slp\n|-supereffective|p2a: Phione\n|-damage|p2a: Phione|199/293 slp\n|-supereffective|p2a: Phione\n|-damage|p2a: Phione|149/293 slp\n|-supereffective|p2a: Phione\n|-damage|p2a: Phione|105/293 slp\n|-supereffective|p2a: Phione\n|-damage|p2a: Phione|55/293 slp\n|-hitcount|p2a: Phione|5\n|\n|-heal|p2a: Phione|73/293 slp|[from] item: Leftovers\n|-damage|p1a: Toucannon|94/284 tox|[from] psn\n|upkeep\n|turn|10\n|\n|t:|1771176590\n|cant|p2a: Phione|slp\n|move|p2a: Phione|Sleep Talk|p2a: Phione\n|move|p2a: Phione|Take Heart|p2a: Phione|[from] move: Sleep Talk\n|-boost|p2a: Phione|spa|1\n|-boost|p2a: Phione|spd|1\n|-curestatus|p2a: Phione|slp|[msg]\n|move|p1a: Toucannon|Bullet Seed|p2a: Phione\n|-supereffective|p2a: Phione\n|-damage|p2a: Phione|23/293\n|-supereffective|p2a: Phione\n|-damage|p2a: Phione|0 fnt\n|faint|p2a: Phione\n|-hitcount|p2: Phione|2\n|\n|-damage|p1a: Toucannon|9/284 tox|[from] psn\n|upkeep\n|\n|t:|1771176603\n|switch|p2a: Mightyena|Mightyena, L96, F|96/290 brn\n|-ability|p2a: Mightyena|Intimidate|boost\n|-unboost|p1a: Toucannon|atk|1\n|turn|11\n|\n|t:|1771176607\n|move|p2a: Mightyena|Sucker Punch|p1a: Toucannon\n|-damage|p1a: Toucannon|0 fnt\n|faint|p1a: Toucannon\n|\n|-heal|p2a: Mightyena|114/290 brn|[from] item: Leftovers\n|-damage|p2a: Mightyena|96/290 brn|[from] brn\n|upkeep\n|\n|t:|1771176614\n|switch|p1a: Persian|Persian, L92, F|269/269\n|turn|12\n|\n|t:|1771176621\n|switch|p2a: Scyther|Scyther, L82, M|249/249\n|move|p1a: Persian|Fake Out|p2a: Scyther\n|-damage|p2a: Scyther|164/249\n|\n|upkeep\n|turn|13\n|\n|t:|1771176633\n|move|p1a: Persian|Double-Edge|p2a: Scyther\n|-damage|p2a: Scyther|10/249\n|-damage|p1a: Persian|218/269|[from] Recoil\n|move|p2a: Scyther|Swords Dance|p2a: Scyther\n|-boost|p2a: Scyther|atk|2\n|\n|upkeep\n|turn|14\n|\n|t:|1771176640\n|move|p1a: Persian|Knock Off|p2a: Scyther\n|-crit|p2a: Scyther\n|-damage|p2a: Scyther|0 fnt\n|-enditem|p2a: Scyther|Heavy-Duty Boots|[from] move: Knock Off|[of] p1a: Persian\n|faint|p2a: Scyther\n|\n|upkeep\n|\n|t:|1771176645\n|switch|p2a: Skarmory|Skarmory, L80, F|228/235\n|turn|15\n|\n|t:|1771176650\n|move|p1a: Persian|Knock Off|p2a: Skarmory\n|-damage|p2a: Skarmory|182/235\n|-enditem|p2a: Skarmory|Leftovers|[from] move: Knock Off|[of] p1a: Persian\n|move|p2a: Skarmory|Brave Bird|p1a: Persian\n|-damage|p1a: Persian|97/269\n|-damage|p2a: Skarmory|142/235|[from] Recoil\n|\n|upkeep\n|turn|16\n|\n|t:|1771176657\n|move|p1a: Persian|U-turn|p2a: Skarmory\n|-resisted|p2a: Skarmory\n|-damage|p2a: Skarmory|134/235\n|\n|t:|1771176670\n|switch|p1a: Iron Boulder|Iron Boulder, L77|265/265|[from] U-turn\n|-enditem|p1a: Iron Boulder|Booster Energy\n|-activate|p1a: Iron Boulder|ability: Quark Drive|[fromitem]\n|-start|p1a: Iron Boulder|quarkdrivespe\n|move|p2a: Skarmory|Brave Bird|p1a: Iron Boulder\n|-resisted|p1a: Iron Boulder\n|-damage|p1a: Iron Boulder|208/265\n|-damage|p2a: Skarmory|115/235|[from] Recoil\n|\n|upkeep\n|turn|17\n|\n|t:|1771176683\n|move|p1a: Iron Boulder|Swords Dance|p1a: Iron Boulder\n|-boost|p1a: Iron Boulder|atk|2\n|move|p2a: Skarmory|Iron Defense|p2a: Skarmory\n|-boost|p2a: Skarmory|def|2\n|\n|upkeep\n|turn|18\n|\n|t:|1771176688\n|move|p1a: Iron Boulder|Mighty Cleave|p2a: Skarmory\n|-damage|p2a: Skarmory|39/235\n|move|p2a: Skarmory|Roost|p2a: Skarmory\n|-heal|p2a: Skarmory|157/235\n|-singleturn|p2a: Skarmory|move: Roost\n|\n|upkeep\n|turn|19\n|\n|t:|1771176698\n|-end|p1a: Iron Boulder|Quark Drive|[silent]\n|switch|p1a: Oricorio|Oricorio-Sensu, L85, M|266/266\n|move|p2a: Skarmory|Body Press|p1a: Oricorio\n|-immune|p1a: Oricorio\n|\n|upkeep\n|turn|20\n|\n|t:|1771176703\n|move|p1a: Oricorio|Quiver Dance|p1a: Oricorio\n|-boost|p1a: Oricorio|spa|1\n|-boost|p1a: Oricorio|spd|1\n|-boost|p1a: Oricorio|spe|1\n|move|p2a: Skarmory|Brave Bird|p1a: Oricorio\n|-crit|p1a: Oricorio\n|-damage|p1a: Oricorio|85/266\n|-damage|p2a: Skarmory|97/235|[from] Recoil\n|\n|upkeep\n|turn|21\n|\n|t:|1771176711\n|move|p1a: Oricorio|Roost|p1a: Oricorio\n|-heal|p1a: Oricorio|218/266\n|-singleturn|p1a: Oricorio|move: Roost\n|move|p2a: Skarmory|Roost|p2a: Skarmory\n|-heal|p2a: Skarmory|215/235\n|-singleturn|p2a: Skarmory|move: Roost\n|\n|upkeep\n|turn|22\n|\n|t:|1771176718\n|move|p1a: Oricorio|Quiver Dance|p1a: Oricorio\n|-boost|p1a: Oricorio|spa|1\n|-boost|p1a: Oricorio|spd|1\n|-boost|p1a: Oricorio|spe|1\n|move|p2a: Skarmory|Brave Bird|p1a: Oricorio\n|-damage|p1a: Oricorio|100/266\n|-damage|p2a: Skarmory|176/235|[from] Recoil\n|\n|upkeep\n|turn|23\n|\n|t:|1771176725\n|move|p1a: Oricorio|Roost|p1a: Oricorio\n|-heal|p1a: Oricorio|233/266\n|-singleturn|p1a: Oricorio|move: Roost\n|move|p2a: Skarmory|Brave Bird|p1a: Oricorio\n|-damage|p1a: Oricorio|113/266\n|-damage|p2a: Skarmory|136/235|[from] Recoil\n|\n|upkeep\n|turn|24\n|\n|t:|1771176732\n|move|p1a: Oricorio|Roost|p1a: Oricorio\n|-heal|p1a: Oricorio|246/266\n|-singleturn|p1a: Oricorio|move: Roost\n|move|p2a: Skarmory|Roost|p2a: Skarmory\n|-heal|p2a: Skarmory|235/235\n|-singleturn|p2a: Skarmory|move: Roost\n|\n|upkeep\n|turn|25\n|\n|t:|1771176740\n|move|p1a: Oricorio|Revelation Dance|p2a: Skarmory\n|-ability|p2a: Skarmory|Sturdy\n|-damage|p2a: Skarmory|1/235\n|move|p2a: Skarmory|Brave Bird|p1a: Oricorio\n|-damage|p1a: Oricorio|122/266\n|-damage|p2a: Skarmory|0 fnt|[from] Recoil\n|faint|p2a: Skarmory\n|\n|upkeep\n|\n|t:|1771176749\n|switch|p2a: Mightyena|Mightyena, L96, F|96/290 brn\n|-ability|p2a: Mightyena|Intimidate|boost\n|-unboost|p1a: Oricorio|atk|1\n|turn|26\n|\n|t:|1771176754\n|move|p1a: Oricorio|Roost|p1a: Oricorio\n|-heal|p1a: Oricorio|255/266\n|-singleturn|p1a: Oricorio|move: Roost\n|move|p2a: Mightyena|Throat Chop|p1a: Oricorio\n|-supereffective|p1a: Oricorio\n|-damage|p1a: Oricorio|138/266\n|-start|p1a: Oricorio|Throat Chop|[silent]\n|\n|-heal|p2a: Mightyena|114/290 brn|[from] item: Leftovers\n|-damage|p2a: Mightyena|96/290 brn|[from] brn\n|upkeep\n|turn|27\n|\n|t:|1771176763\n|move|p1a: Oricorio|Roost|p1a: Oricorio\n|-heal|p1a: Oricorio|266/266\n|-singleturn|p1a: Oricorio|move: Roost\n|move|p2a: Mightyena|Poison Fang|p1a: Oricorio\n|-resisted|p1a: Oricorio\n|-damage|p1a: Oricorio|254/266\n|\n|-heal|p2a: Mightyena|114/290 brn|[from] item: Leftovers\n|-damage|p2a: Mightyena|96/290 brn|[from] brn\n|-end|p1a: Oricorio|Throat Chop|[silent]\n|upkeep\n|turn|28\n|\n|t:|1771176772\n|move|p2a: Mightyena|Sucker Punch|p1a: Oricorio\n|-supereffective|p1a: Oricorio\n|-damage|p1a: Oricorio|145/266\n|move|p1a: Oricorio|Revelation Dance|p2a: Mightyena\n|-resisted|p2a: Mightyena\n|-damage|p2a: Mightyena|0 fnt\n|faint|p2a: Mightyena\n|\n|upkeep\n|\n|t:|1771176787\n|switch|p2a: Falinks|Falinks, L84|246/246\n|turn|29\n|\n|t:|1771176791\n|-terastallize|p2a: Falinks|Dark\n|move|p1a: Oricorio|Hurricane|p2a: Falinks\n|-damage|p2a: Falinks|0 fnt\n|faint|p2a: Falinks\n|\n|upkeep\n|-message|Dusty Mustard forfeited.\n|\n|win|hwakey\n|raw|hwakey's rating: 1554 &rarr; <strong>1573</strong><br />(+19 for winning)\n|raw|Dusty Mustard's rating: 1530 &rarr; <strong>1511</strong><br />(-19 for losing)\n|l|☆Dusty Mustard\n|player|p2|\n", "inputlog": ">version 686819e5e19f8a7fd2345cfc5a08a5085efa2cc3\n>start {\"formatid\":\"gen9randombattle\",\"seed\":\"sodium,5043c06e6b67e4fd01c40a9101f9cda4\",\"rated\":\"Rated battle\"}\n>player p1 {\"name\":\"hwakey\",\"avatar\":\"blackbelt-gen4dp\",\"rating\":1554,\"seed\":\"sodium,327205559db95a1a1de8145bdcef4fb3\"}\n>player p2 {\"name\":\"Dusty Mustard\",\"avatar\":\"cynthia-gen4\",\"rating\":1530,\"seed\":\"sodium,0d8c99b661bbc892237a5ebf791edc0f\"}\n>p1 move beakblast\n>p2 move taunt\n>p1 move beakblast\n>p2 switch 3\n>p1 switch 4\n>p2 move irondefense\n>p1 move quiverdance\n>p2 switch 3\n>p1 switch 4\n>p2 move throatchop\n>p1 move beakblast\n>p2 move poisonfang\n>p1 move roost\n>p2 switch 4\n>p1 move bulletseed\n>p2 move takeheart\n>p1 move bulletseed\n>p2 move rest\n>p1 move bulletseed\n>p2 move sleeptalk\n>p2 switch 4\n>p1 move boomburst\n>p2 move suckerpunch\n>p1 switch 2\n>p1 move fakeout\n>p2 switch 5\n>p1 move doubleedge\n>p2 move swordsdance\n>p1 move knockoff\n>p2 move closecombat\n>p2 switch 3\n>p1 move knockoff\n>p2 move bravebird\n>p1 move uturn\n>p2 move bravebird\n>p1 switch 6\n>p1 move swordsdance\n>p2 move irondefense\n>p1 move mightycleave\n>p2 move roost\n>p1 switch 4\n>p2 move bodypress\n>p1 move quiverdance\n>p2 move bravebird\n>p1 move roost\n>p2 move roost\n>p1 move quiverdance\n>p2 move bravebird\n>p1 move roost\n>p2 move bravebird\n>p1 move roost\n>p2 move roost\n>p1 move revelationdance\n>p2 move bravebird\n>p2 switch 5\n>p1 move roost\n>p2 move throatchop\n>p1 move roost\n>p2 move poisonfang\n>p1 move revelationdance\n>p2 move suckerpunch\n>p2 switch 6\n>p1 move hurricane\n>p2 move noretreat terastallize\n>forcelose p2", "uploadtime": 1771176808, "views": 9, "formatid": "gen9randombattle", "rating": 1511, "private": 0, "password": null}