{"id": "gen9randombattle-2540359106", "format": "[Gen 9] Random Battle", "players": ["snof2", "trongofthetriads"], "log": "|j|☆snof2\n|j|☆trongofthetriads\n|t:|1771192656\n|gametype|singles\n|player|p1|snof2|alder|1938\n|player|p2|trongofthetriads|170|1922\n|gen|9\n|tier|[Gen 9] Random Battle\n|rated|\n|rule|Species Clause: Limit one of each Pokémon\n|rule|HP Percentage Mod: HP is shown in percentages\n|rule|Sleep Clause Mod: Limit one foe put to sleep\n|rule|Illusion Level Mod: Illusion disguises the Pokémon's true level\n|\n|t:|1771192656\n|teamsize|p1|6\n|teamsize|p2|6\n|start\n|switch|p1a: Blaziken|Blaziken, L76, M|247/247\n|switch|p2a: Meganium|Meganium, L90, M|290/290\n|turn|1\n|\n|t:|1771192682\n|move|p2a: Meganium|Earthquake|p1a: Blaziken\n|-supereffective|p1a: Blaziken\n|-damage|p1a: Blaziken|69/247\n|move|p1a: Blaziken|Swords Dance|p1a: Blaziken\n|-boost|p1a: Blaziken|atk|2\n|\n|-ability|p1a: Blaziken|Speed Boost|boost\n|-boost|p1a: Blaziken|spe|1\n|upkeep\n|turn|2\n|\n|t:|1771192695\n|-terastallize|p1a: Blaziken|Fighting\n|move|p1a: Blaziken|Close Combat|p2a: Meganium\n|-damage|p2a: Meganium|0 fnt\n|-unboost|p1a: Blaziken|def|1\n|-unboost|p1a: Blaziken|spd|1\n|faint|p2a: Meganium\n|-damage|p1a: Blaziken|45/247|[from] item: Life Orb\n|\n|-ability|p1a: Blaziken|Speed Boost|boost\n|-boost|p1a: Blaziken|spe|1\n|upkeep\n|\n|t:|1771192708\n|switch|p2a: Volbeat|Volbeat, L90, M|263/263\n|turn|3\n|inactive|Battle timer is ON: inactive players will automatically lose when time's up. (requested by trongofthetriads)\n|\n|t:|1771192750\n|switch|p2a: Goodra|Goodra, L85, M|292/292\n|move|p1a: Blaziken|Stone Edge|p2a: Goodra\n|-crit|p2a: Goodra\n|-damage|p2a: Goodra|0 fnt\n|faint|p2a: Goodra\n|-damage|p1a: Blaziken|21/247|[from] item: Life Orb\n|\n|-ability|p1a: Blaziken|Speed Boost|boost\n|-boost|p1a: Blaziken|spe|1\n|upkeep\n|\n|t:|1771192757\n|switch|p2a: Volbeat|Volbeat, L90, M|263/263\n|turn|4\n|\n|t:|1771192762\n|-terastallize|p2a: Volbeat|Steel\n|move|p2a: Volbeat|Encore|p1a: Blaziken\n|-start|p1a: Blaziken|Encore\n|move|p1a: Blaziken|Stone Edge|p2a: Volbeat\n|-resisted|p2a: Volbeat\n|-damage|p2a: Volbeat|166/263\n|-damage|p1a: Blaziken|0 fnt|[from] item: Life Orb\n|faint|p1a: Blaziken\n|\n|upkeep\n|\n|t:|1771192769\n|switch|p1a: Donphan|Donphan, L84, F|288/288\n|turn|5\n|\n|t:|1771192771\n|switch|p2a: Mismagius|Mismagius, L86, M|243/243\n|move|p1a: Donphan|Earthquake|p2a: Mismagius\n|-immune|p2a: Mismagius|[from] ability: Levitate\n|\n|upkeep\n|turn|6\n|\n|t:|1771192776\n|move|p2a: Mismagius|Nasty Plot|p2a: Mismagius\n|-boost|p2a: Mismagius|spa|2\n|move|p1a: Donphan|Knock Off|p2a: Mismagius\n|-supereffective|p2a: Mismagius\n|-damage|p2a: Mismagius|23/243\n|-enditem|p2a: Mismagius|Leftovers|[from] move: Knock Off|[of] p1a: Donphan\n|\n|upkeep\n|turn|7\n|\n|t:|1771192780\n|move|p1a: Donphan|Ice Shard|p2a: Mismagius\n|-damage|p2a: Mismagius|0 fnt\n|faint|p2a: Mismagius\n|\n|upkeep\n|-message|trongofthetriads forfeited.\n|\n|win|snof2\n|raw|snof2's rating: 1938 &rarr; <strong>1957</strong><br />(+19 for winning)\n|raw|trongofthetriads's rating: 1922 &rarr; <strong>1903</strong><br />(-19 for losing)\n|l|☆trongofthetriads\n|player|p2|\n", "inputlog": ">version 686819e5e19f8a7fd2345cfc5a08a5085efa2cc3\n>start {\"formatid\":\"gen9randombattle\",\"seed\":\"sodium,60d718bcf9c05cd4b5ccc33d99acb3e7\",\"rated\":\"Rated battle\"}\n>player p1 {\"name\":\"snof2\",\"avatar\":\"alder\",\"rating\":1938,\"seed\":\"sodium,ae55c161cc601f63e05f68c1485ca714\"}\n>player p2 {\"name\":\"trongofthetriads\",\"avatar\":\"170\",\"rating\":1922,\"seed\":\"sodium,f05cdc8c575f31df62968fab413a03f7\"}\n>p1 move swordsdance\n>p2 move earthquake\n>p1 move closecombat terastallize\n>p2 move earthquake\n>p2 switch 5\n>p1 move stoneedge\n>p2 switch 2\n>p2 switch 2\n>p1 move flareblitz\n>p2 move encore terastallize\n>p1 switch 3\n>p1 move earthquake\n>p2 switch 3\n>p1 move knockoff\n>p2 move nastyplot\n>p1 move iceshard\n>p2 move shadowball\n>forcelose p2", "uploadtime": 1771192788, "views": 8, "formatid": "gen9randombattle", "rating": 1903, "private": 0, "password": null}