{"id": "gen9randombattle-2540394205", "format": "[Gen 9] Random Battle", "players": ["reyrafasuper", "Micael Lopes"], "log": "|j|☆reyrafasuper\n|j|☆Micael Lopes\n|t:|1771196679\n|gametype|singles\n|player|p1|reyrafasuper|colress|1775\n|player|p2|Micael Lopes|benga|1849\n|gen|9\n|tier|[Gen 9] Random Battle\n|rated|\n|rule|Species Clause: Limit one of each Pokémon\n|rule|HP Percentage Mod: HP is shown in percentages\n|rule|Sleep Clause Mod: Limit one foe put to sleep\n|rule|Illusion Level Mod: Illusion disguises the Pokémon's true level\n|\n|t:|1771196679\n|teamsize|p1|6\n|teamsize|p2|6\n|start\n|switch|p1a: Delphox|Delphox, L84, F|263/263\n|switch|p2a: Oranguru|Oranguru, L92, M|315/315\n|turn|1\n|inactive|Battle timer is ON: inactive players will automatically lose when time's up. (requested by Micael Lopes)\n|c|☆reyrafasuper|good luck hf!\n|inactive|Micael Lopes has 120 seconds left.\n|c|☆Micael Lopes|Thanks, you too!\n|\n|t:|1771196721\n|move|p1a: Delphox|Nasty Plot|p1a: Delphox\n|-boost|p1a: Delphox|spa|2\n|move|p2a: Oranguru|Nasty Plot|p2a: Oranguru\n|-boost|p2a: Oranguru|spa|2\n|\n|upkeep\n|turn|2\n|\n|t:|1771196728\n|move|p1a: Delphox|Fire Blast|p2a: Oranguru\n|-damage|p2a: Oranguru|119/315\n|move|p2a: Oranguru|Thunderbolt|p1a: Delphox\n|-damage|p1a: Delphox|135/263\n|\n|-heal|p2a: Oranguru|138/315|[from] item: Leftovers\n|upkeep\n|turn|3\n|inactive|Micael Lopes has 120 seconds left.\n|\n|t:|1771196764\n|move|p1a: Delphox|Fire Blast|p2a: Oranguru\n|-damage|p2a: Oranguru|0 fnt\n|faint|p2a: Oranguru\n|\n|upkeep\n|\n|t:|1771196789\n|switch|p2a: Dewgong|Dewgong, L94, M|322/322\n|turn|4\n|\n|t:|1771196798\n|move|p1a: Delphox|Focus Blast|p2a: Dewgong|[miss]\n|-miss|p1a: Delphox|p2a: Dewgong\n|move|p2a: Dewgong|Flip Turn|p1a: Delphox\n|-supereffective|p1a: Delphox\n|-damage|p1a: Delphox|0 fnt\n|faint|p1a: Delphox\n|c|☆reyrafasuper|:(\n|c|☆Micael Lopes|Phew.\n|c|☆Micael Lopes|Not a KO anyway.\n|\n|t:|1771196815\n|switch|p2a: Pikachu|Pikachu-Original, L93, F|216/216|[from] Flip Turn\n|\n|upkeep\n|\n|t:|1771196823\n|switch|p1a: Flygon|Flygon, L82, M|265/265\n|turn|5\n|c|☆reyrafasuper|yeah, but would had loved the chip\n|\n|t:|1771196847\n|move|p2a: Pikachu|Fake Out|p1a: Flygon\n|-damage|p1a: Flygon|213/265\n|cant|p1a: Flygon|flinch\n|\n|upkeep\n|turn|6\n|\n|t:|1771196855\n|switch|p2a: Rotom|Rotom-Wash, L83|219/219\n|move|p1a: Flygon|Dragon Dance|p1a: Flygon\n|-boost|p1a: Flygon|atk|1\n|-boost|p1a: Flygon|spe|1\n|\n|upkeep\n|turn|7\n|\n|t:|1771196861\n|move|p1a: Flygon|Outrage|p2a: Rotom\n|-damage|p2a: Rotom|51/219\n|move|p2a: Rotom|Will-O-Wisp|p1a: Flygon|[miss]\n|-miss|p2a: Rotom|p1a: Flygon\n|\n|-heal|p2a: Rotom|64/219|[from] item: Leftovers\n|upkeep\n|turn|8\n|\n|t:|1771196866\n|move|p1a: Flygon|Outrage|p2a: Rotom|[from] lockedmove\n|-damage|p2a: Rotom|0 fnt\n|faint|p2a: Rotom\n|-start|p1a: Flygon|confusion|[fatigue]\n|-enditem|p1a: Flygon|Lum Berry|[eat]\n|-end|p1a: Flygon|confusion\n|\n|upkeep\n|\n|t:|1771196869\n|switch|p2a: Pikachu|Pikachu-Original, L93, F|216/216\n|turn|9\n|\n|t:|1771196871\n|move|p2a: Pikachu|Fake Out|p1a: Flygon\n|-damage|p1a: Flygon|163/265\n|cant|p1a: Flygon|flinch\n|\n|upkeep\n|turn|10\n|\n|t:|1771196881\n|switch|p2a: Gurdurr|Gurdurr, L85, M|283/283\n|move|p1a: Flygon|Earthquake|p2a: Gurdurr\n|-damage|p2a: Gurdurr|177/283\n|\n|upkeep\n|turn|11\n|\n|t:|1771196889\n|switch|p1a: Dachsbun|Dachsbun, L92, M|254/254\n|move|p2a: Gurdurr|Drain Punch|p1a: Dachsbun\n|-resisted|p1a: Dachsbun\n|-damage|p1a: Dachsbun|218/254\n|-heal|p2a: Gurdurr|195/283|[from] drain|[of] p1a: Dachsbun\n|\n|-heal|p1a: Dachsbun|233/254|[from] item: Leftovers\n|upkeep\n|turn|12\n|\n|t:|1771196907\n|switch|p2a: Dewgong|Dewgong, L94, M|322/322\n|move|p1a: Dachsbun|Play Rough|p2a: Dewgong\n|-damage|p2a: Dewgong|229/322\n|\n|-heal|p1a: Dachsbun|248/254|[from] item: Leftovers\n|upkeep\n|turn|13\n|\n|t:|1771196919\n|switch|p1a: Dialga|Dialga, L73|266/266\n|-ability|p1a: Dialga|Pressure\n|move|p2a: Dewgong|Encore||[still]\n|-fail|p2a: Dewgong\n|\n|upkeep\n|turn|14\n|\n|t:|1771196923\n|move|p2a: Dewgong|Ice Beam|p1a: Dialga\n|-damage|p1a: Dialga|194/266\n|-status|p1a: Dialga|frz\n|cant|p1a: Dialga|frz\n|\n|upkeep\n|turn|15\n|c|☆reyrafasuper|come on\n|c|☆reyrafasuper|:(\n|\n|t:|1771196931\n|move|p2a: Dewgong|Ice Beam|p1a: Dialga\n|-damage|p1a: Dialga|133/266 frz\n|cant|p1a: Dialga|frz\n|\n|upkeep\n|turn|16\n|c|☆Micael Lopes|Luckiest Dewgong.\n|\n|t:|1771196939\n|move|p2a: Dewgong|Ice Beam|p1a: Dialga\n|-damage|p1a: Dialga|70/266 frz\n|cant|p1a: Dialga|frz\n|\n|upkeep\n|turn|17\n|c|☆reyrafasuper|yeah\n|\n|t:|1771196945\n|move|p2a: Dewgong|Flip Turn|p1a: Dialga\n|-resisted|p1a: Dialga\n|-damage|p1a: Dialga|43/266 frz\n|\n|t:|1771196947\n|switch|p2a: Meganium|Meganium, L90, F|290/290|[from] Flip Turn\n|cant|p1a: Dialga|frz\n|\n|upkeep\n|turn|18\n|\n|t:|1771196951\n|move|p2a: Meganium|Swords Dance|p2a: Meganium\n|-boost|p2a: Meganium|atk|2\n|cant|p1a: Dialga|frz\n|\n|upkeep\n|turn|19\n|c|☆reyrafasuper|come on!\n|\n|t:|1771196963\n|move|p2a: Meganium|Swords Dance|p2a: Meganium\n|-boost|p2a: Meganium|atk|2\n|cant|p1a: Dialga|frz\n|\n|upkeep\n|turn|20\n|\n|t:|1771196967\n|move|p2a: Meganium|Earthquake|p1a: Dialga\n|-supereffective|p1a: Dialga\n|-damage|p1a: Dialga|0 fnt\n|faint|p1a: Dialga\n|\n|upkeep\n|\n|t:|1771196978\n|switch|p1a: Flygon|Flygon, L82, M|163/265\n|turn|21\n|\n|t:|1771196993\n|move|p1a: Flygon|Outrage|p2a: Meganium\n|-damage|p2a: Meganium|182/290\n|move|p2a: Meganium|Petal Blizzard|p1a: Flygon\n|-damage|p1a: Flygon|0 fnt\n|faint|p1a: Flygon\n|\n|-heal|p2a: Meganium|200/290|[from] item: Leftovers\n|upkeep\n|\n|t:|1771197002\n|switch|p1a: Dachsbun|Dachsbun, L92, M|248/254\n|turn|22\n|\n|t:|1771197010\n|move|p1a: Dachsbun|Play Rough|p2a: Meganium\n|-damage|p2a: Meganium|121/290\n|move|p2a: Meganium|Petal Blizzard|p1a: Dachsbun\n|-damage|p1a: Dachsbun|43/254\n|\n|-heal|p1a: Dachsbun|58/254|[from] item: Leftovers\n|-heal|p2a: Meganium|139/290|[from] item: Leftovers\n|upkeep\n|turn|23\n|\n|t:|1771197018\n|move|p1a: Dachsbun|Play Rough|p2a: Meganium\n|-damage|p2a: Meganium|60/290\n|-unboost|p2a: Meganium|atk|1\n|move|p2a: Meganium|Petal Blizzard|p1a: Dachsbun\n|-damage|p1a: Dachsbun|0 fnt\n|faint|p1a: Dachsbun\n|\n|-heal|p2a: Meganium|78/290|[from] item: Leftovers\n|upkeep\n|\n|t:|1771197020\n|switch|p1a: Gardevoir|Gardevoir, L83, F|249/249\n|-ability|p1a: Gardevoir|Overgrow|Trace|[from] ability: Trace|[of] p2a: Meganium\n|turn|24\n|\n|t:|1771197042\n|switch|p2a: Dewgong|Dewgong, L94, M|229/322\n|-terastallize|p1a: Gardevoir|Fire\n|move|p1a: Gardevoir|Mystical Fire|p2a: Dewgong\n|-damage|p2a: Dewgong|177/322\n|-unboost|p2a: Dewgong|spa|1\n|-damage|p1a: Gardevoir|225/249|[from] item: Life Orb\n|\n|upkeep\n|turn|25\n|\n|t:|1771197047\n|switch|p1a: Greedent|Greedent, L86, F|347/347\n|move|p2a: Dewgong|Flip Turn|p1a: Greedent\n|-damage|p1a: Greedent|290/347\n|\n|t:|1771197050\n|switch|p2a: Gurdurr|Gurdurr, L85, M|195/283|[from] Flip Turn\n|\n|upkeep\n|turn|26\n|\n|t:|1771197053\n|switch|p1a: Gardevoir|Gardevoir, L83, F, tera:Fire|225/249\n|-ability|p1a: Gardevoir|Guts|Trace|[from] ability: Trace|[of] p2a: Gurdurr\n|move|p2a: Gurdurr|Knock Off|p1a: Gardevoir\n|-damage|p1a: Gardevoir|135/249\n|-enditem|p1a: Gardevoir|Life Orb|[from] move: Knock Off|[of] p2a: Gurdurr\n|\n|upkeep\n|turn|27\n|\n|t:|1771197060\n|switch|p2a: Pikachu|Pikachu-Original, L93, F|216/216\n|move|p1a: Gardevoir|Moonblast|p2a: Pikachu\n|-damage|p2a: Pikachu|63/216\n|-unboost|p2a: Pikachu|spa|1\n|\n|upkeep\n|turn|28\n|\n|t:|1771197069\n|move|p2a: Pikachu|Volt Tackle|p1a: Gardevoir\n|-crit|p1a: Gardevoir\n|-damage|p1a: Gardevoir|0 fnt\n|faint|p1a: Gardevoir\n|-damage|p2a: Pikachu|18/216|[from] Recoil\n|\n|upkeep\n|\n|t:|1771197071\n|switch|p1a: Greedent|Greedent, L86, F|290/347\n|turn|29\n|\n|t:|1771197088\n|move|p2a: Pikachu|Volt Switch|p1a: Greedent\n|-damage|p1a: Greedent|200/347\n|\n|t:|1771197089\n|switch|p2a: Gurdurr|Gurdurr, L85, M|195/283|[from] Volt Switch\n|move|p1a: Greedent|Swords Dance|p1a: Greedent\n|-boost|p1a: Greedent|atk|2\n|\n|upkeep\n|turn|30\n|\n|t:|1771197097\n|move|p2a: Gurdurr|Drain Punch|p1a: Greedent\n|-supereffective|p1a: Greedent\n|-damage|p1a: Greedent|38/347\n|-heal|p2a: Gurdurr|276/283|[from] drain|[of] p1a: Greedent\n|-enditem|p1a: Greedent|Sitrus Berry|[eat]\n|-heal|p1a: Greedent|124/347|[from] item: Sitrus Berry\n|-heal|p1a: Greedent|239/347|[from] ability: Cheek Pouch\n|move|p1a: Greedent|Double-Edge|p2a: Gurdurr\n|-damage|p2a: Gurdurr|108/283\n|-damage|p1a: Greedent|184/347|[from] Recoil\n|\n|upkeep\n|turn|31\n|\n|t:|1771197105\n|move|p2a: Gurdurr|Drain Punch|p1a: Greedent\n|-supereffective|p1a: Greedent\n|-damage|p1a: Greedent|16/347\n|-heal|p2a: Gurdurr|192/283|[from] drain|[of] p1a: Greedent\n|move|p1a: Greedent|Double-Edge|p2a: Gurdurr\n|-damage|p2a: Gurdurr|15/283\n|-damage|p1a: Greedent|0 fnt|[from] Recoil\n|faint|p1a: Greedent\n|\n|win|Micael Lopes\n|raw|reyrafasuper's rating: 1775 &rarr; <strong>1759</strong><br />(-16 for losing)\n|raw|Micael Lopes's rating: 1850 &rarr; <strong>1866</strong><br />(+16 for winning)\n|c|☆reyrafasuper|gg\n|l|☆reyrafasuper\n|player|p1|\n|c|☆Micael Lopes|**__Sexy game.__**\n", "inputlog": ">version 686819e5e19f8a7fd2345cfc5a08a5085efa2cc3\n>start {\"formatid\":\"gen9randombattle\",\"seed\":\"sodium,a1f16af4d8315503e919b56aed478895\",\"rated\":\"Rated battle\"}\n>player p1 {\"name\":\"reyrafasuper\",\"avatar\":\"colress\",\"rating\":1775,\"seed\":\"sodium,38f7b3d9ddb8ea57b5a2c6aadf732237\"}\n>player p2 {\"name\":\"Micael Lopes\",\"avatar\":\"benga\",\"rating\":1849,\"seed\":\"sodium,e81b9f7062713f755379e58e669ee141\"}\n>chat ☆reyrafasuper|good luck hf!\n>chat ☆Micael Lopes|Thanks, you too!\n>p1 move nastyplot\n>p2 move nastyplot\n>p1 move fireblast\n>p2 move thunderbolt\n>p1 move fireblast\n>p2 move thunderbolt\n>p2 switch 3\n>p1 move focusblast\n>p2 move flipturn\n>chat ☆reyrafasuper|:(\n>chat ☆Micael Lopes|Phew.\n>chat ☆Micael Lopes|Not a KO anyway.\n>p2 switch 2\n>p1 switch 3\n>chat ☆reyrafasuper|yeah, but would had loved the chip\n>p1 move dragondance\n>p2 move fakeout\n>p1 move dragondance\n>p2 switch 5\n>p1 move outrage\n>p2 move willowisp\n>p1 move outrage\n>p2 move willowisp\n>p2 switch 5\n>p1 move earthquake\n>p2 move fakeout\n>p1 move earthquake\n>p2 switch 4\n>p1 switch 2\n>p2 move drainpunch\n>p1 move playrough\n>p2 switch 2\n>p1 switch 6\n>p2 move encore\n>p1 move dracometeor\n>p2 move icebeam\n>chat ☆reyrafasuper|come on\n>chat ☆reyrafasuper|:(\n>p1 move dracometeor\n>p2 move icebeam\n>chat ☆Micael Lopes|Luckiest Dewgong.\n>p1 move dracometeor\n>p2 move icebeam\n>chat ☆reyrafasuper|yeah\n>p1 move dracometeor\n>p2 move flipturn\n>p2 switch 6\n>p1 move fireblast\n>p2 move swordsdance\n>chat ☆reyrafasuper|come on!\n>p1 move dragontail\n>p2 move swordsdance\n>p1 move dragontail\n>p2 move earthquake\n>p1 switch 2\n>p1 move outrage\n>p2 move petalblizzard\n>p1 switch 6\n>p1 move playrough\n>p2 move petalblizzard\n>p1 move playrough\n>p2 move petalblizzard\n>p1 switch 4\n>p1 move mysticalfire terastallize\n>p2 switch 6\n>p1 switch 5\n>p2 move flipturn\n>p2 switch 2\n>p1 switch 5\n>p2 move knockoff\n>p1 move moonblast\n>p2 switch 4\n>p1 move mysticalfire\n>p2 move volttackle\n>p1 switch 5\n>p1 move swordsdance\n>p2 move voltswitch\n>p2 switch 4\n>p1 move doubleedge\n>p2 move drainpunch\n>p1 move doubleedge\n>p2 move drainpunch", "uploadtime": 1771197120, "views": 7, "formatid": "gen9randombattle", "rating": 1759, "private": 0, "password": null}