{"id": "gen9randombattle-2540715231", "format": "[Gen 9] Random Battle", "players": ["melkor64", "theogredop"], "log": "|j|☆melkor64\n|j|☆theogredop\n|t:|1771244791\n|gametype|singles\n|player|p1|melkor64|hiker|1843\n|player|p2|theogredop|lady|1785\n|gen|9\n|tier|[Gen 9] Random Battle\n|rated|\n|rule|Species Clause: Limit one of each Pokémon\n|rule|HP Percentage Mod: HP is shown in percentages\n|rule|Sleep Clause Mod: Limit one foe put to sleep\n|rule|Illusion Level Mod: Illusion disguises the Pokémon's true level\n|\n|t:|1771244791\n|teamsize|p1|6\n|teamsize|p2|6\n|start\n|switch|p1a: Clawitzer|Clawitzer, L87, M|265/265\n|switch|p2a: Iron Treads|Iron Treads, L77|265/265\n|turn|1\n|inactive|Battle timer is ON: inactive players will automatically lose when time's up. (requested by melkor64)\n|inactive|theogredop also wants the timer to be on.\n|\n|t:|1771244815\n|-end|p2a: Iron Treads|Quark Drive|[silent]\n|switch|p2a: Frosmoth|Frosmoth, L82, F|249/249\n|move|p1a: Clawitzer|Water Pulse|p2a: Frosmoth\n|-damage|p2a: Frosmoth|158/249\n|\n|upkeep\n|turn|2\n|\n|t:|1771244822\n|switch|p1a: Iron Treads|Iron Treads, L77|265/265\n|move|p2a: Frosmoth|Quiver Dance|p2a: Frosmoth\n|-boost|p2a: Frosmoth|spa|1\n|-boost|p2a: Frosmoth|spd|1\n|-boost|p2a: Frosmoth|spe|1\n|\n|upkeep\n|turn|3\n|\n|t:|1771244849\n|move|p2a: Frosmoth|Ice Beam|p1a: Iron Treads\n|-damage|p1a: Iron Treads|121/265\n|move|p1a: Iron Treads|Rapid Spin|p2a: Frosmoth\n|-damage|p2a: Frosmoth|116/249\n|-boost|p1a: Iron Treads|spe|1\n|\n|upkeep\n|turn|4\n|\n|t:|1771244856\n|move|p1a: Iron Treads|Iron Head|p2a: Frosmoth\n|-supereffective|p2a: Frosmoth\n|-damage|p2a: Frosmoth|0 fnt\n|faint|p2a: Frosmoth\n|\n|upkeep\n|\n|t:|1771244863\n|switch|p2a: Passimian|Passimian, L83, M|302/302\n|turn|5\n|\n|t:|1771244873\n|-end|p1a: Iron Treads|Quark Drive|[silent]\n|switch|p1a: Vivillon|Vivillon-Modern, L83, F|268/268\n|move|p2a: Passimian|Drain Punch|p1a: Vivillon\n|-resisted|p1a: Vivillon\n|-crit|p1a: Vivillon\n|-damage|p1a: Vivillon|219/268\n|\n|upkeep\n|turn|6\n|\n|t:|1771244896\n|switch|p2a: Iron Treads|Iron Treads, L77|265/265\n|move|p1a: Vivillon|Sleep Powder|p2a: Iron Treads\n|-status|p2a: Iron Treads|slp|[from] move: Sleep Powder\n|\n|upkeep\n|turn|7\n|\n|t:|1771244903\n|-end|p2a: Iron Treads|Quark Drive|[silent]\n|switch|p2a: Flamigo|Flamigo, L82, F|269/269\n|switch|p1a: Clawitzer|Clawitzer, L87, M|265/265\n|\n|upkeep\n|turn|8\n|\n|t:|1771244926\n|move|p2a: Flamigo|Close Combat|p1a: Clawitzer\n|-damage|p1a: Clawitzer|108/265\n|-unboost|p2a: Flamigo|def|1\n|-unboost|p2a: Flamigo|spd|1\n|-damage|p2a: Flamigo|243/269|[from] item: Life Orb\n|move|p1a: Clawitzer|Ice Beam|p2a: Flamigo\n|-supereffective|p2a: Flamigo\n|-damage|p2a: Flamigo|0 fnt\n|faint|p2a: Flamigo\n|\n|upkeep\n|\n|t:|1771244936\n|switch|p2a: Tinkaton|Tinkaton, L82, F|274/274\n|-ability|p2a: Tinkaton|Mold Breaker\n|turn|9\n|\n|t:|1771244952\n|switch|p2a: Passimian|Passimian, L83, M|302/302\n|move|p1a: Clawitzer|Ice Beam|p2a: Passimian\n|-damage|p2a: Passimian|149/302\n|\n|-heal|p2a: Passimian|167/302|[from] item: Leftovers\n|upkeep\n|turn|10\n|\n|t:|1771244969\n|move|p2a: Passimian|Drain Punch|p1a: Clawitzer\n|-damage|p1a: Clawitzer|24/265\n|-heal|p2a: Passimian|209/302|[from] drain|[of] p1a: Clawitzer\n|move|p1a: Clawitzer|Ice Beam|p2a: Passimian\n|-damage|p2a: Passimian|49/302\n|\n|-heal|p2a: Passimian|67/302|[from] item: Leftovers\n|upkeep\n|turn|11\n|\n|t:|1771244980\n|move|p2a: Passimian|Drain Punch|p1a: Clawitzer\n|-damage|p1a: Clawitzer|0 fnt\n|-heal|p2a: Passimian|79/302|[from] drain|[of] p1a: Clawitzer\n|faint|p1a: Clawitzer\n|\n|-heal|p2a: Passimian|97/302|[from] item: Leftovers\n|upkeep\n|inactive|melkor64 has 120 seconds left.\n|\n|t:|1771245004\n|switch|p1a: Vivillon|Vivillon-Modern, L83, F|219/268\n|turn|12\n|inactive|melkor64 has 120 seconds left.\n|\n|t:|1771245013\n|switch|p2a: Tinkaton|Tinkaton, L82, F|274/274\n|-ability|p2a: Tinkaton|Mold Breaker\n|move|p1a: Vivillon|Hurricane|p2a: Tinkaton\n|-resisted|p2a: Tinkaton\n|-damage|p2a: Tinkaton|229/274\n|\n|-heal|p2a: Tinkaton|246/274|[from] item: Leftovers\n|upkeep\n|turn|13\n|\n|t:|1771245021\n|switch|p1a: Veluza|Veluza, L85, F|292/292\n|move|p2a: Tinkaton|Gigaton Hammer|p1a: Veluza\n|-resisted|p1a: Veluza\n|-crit|p1a: Veluza\n|-damage|p1a: Veluza|186/292\n|\n|-heal|p2a: Tinkaton|263/274|[from] item: Leftovers\n|upkeep\n|turn|14\n|\n|t:|1771245032\n|switch|p2a: Passimian|Passimian, L83, M|97/302\n|move|p1a: Veluza|Aqua Cutter|p2a: Passimian\n|-damage|p2a: Passimian|0 fnt\n|faint|p2a: Passimian\n|\n|upkeep\n|\n|t:|1771245044\n|switch|p2a: Tinkaton|Tinkaton, L82, F|263/274\n|-ability|p2a: Tinkaton|Mold Breaker\n|turn|15\n|\n|t:|1771245047\n|move|p2a: Tinkaton|Swords Dance|p2a: Tinkaton\n|-boost|p2a: Tinkaton|atk|2\n|move|p1a: Veluza|Aqua Cutter|p2a: Tinkaton\n|-damage|p2a: Tinkaton|61/274\n|\n|-heal|p2a: Tinkaton|78/274|[from] item: Leftovers\n|upkeep\n|turn|16\n|\n|t:|1771245050\n|switch|p1a: Iron Treads|Iron Treads, L77|121/265\n|move|p2a: Tinkaton|Play Rough|p1a: Iron Treads\n|-resisted|p1a: Iron Treads\n|-damage|p1a: Iron Treads|61/265\n|\n|-heal|p2a: Tinkaton|95/274|[from] item: Leftovers\n|upkeep\n|turn|17\n|\n|t:|1771245057\n|move|p2a: Tinkaton|Protect|p2a: Tinkaton\n|-singleturn|p2a: Tinkaton|Protect\n|move|p1a: Iron Treads|Earthquake|p2a: Tinkaton\n|-activate|p2a: Tinkaton|move: Protect\n|\n|-heal|p2a: Tinkaton|112/274|[from] item: Leftovers\n|upkeep\n|turn|18\n|\n|t:|1771245062\n|move|p1a: Iron Treads|Earthquake|p2a: Tinkaton\n|-supereffective|p2a: Tinkaton\n|-damage|p2a: Tinkaton|0 fnt\n|faint|p2a: Tinkaton\n|\n|upkeep\n|\n|t:|1771245067\n|switch|p2a: Enamorus|Enamorus-Therian, L83, F|259/259\n|turn|19\n|\n|t:|1771245076\n|move|p1a: Iron Treads|Knock Off|p2a: Enamorus\n|-resisted|p2a: Enamorus\n|-damage|p2a: Enamorus|231/259\n|-enditem|p2a: Enamorus|Weakness Policy|[from] move: Knock Off|[of] p1a: Iron Treads\n|move|p2a: Enamorus|Agility|p2a: Enamorus\n|-boost|p2a: Enamorus|spe|2\n|\n|upkeep\n|turn|20\n|\n|t:|1771245085\n|move|p2a: Enamorus|Earth Power|p1a: Iron Treads\n|-supereffective|p1a: Iron Treads\n|-damage|p1a: Iron Treads|0 fnt\n|faint|p1a: Iron Treads\n|-end|p1a: Iron Treads|Quark Drive|[silent]\n|\n|upkeep\n|\n|t:|1771245087\n|switch|p1a: Vivillon|Vivillon-Modern, L83, F|219/268\n|turn|21\n|\n|t:|1771245092\n|move|p2a: Enamorus|Moonblast|p1a: Vivillon\n|-damage|p1a: Vivillon|24/268\n|-unboost|p1a: Vivillon|spa|1\n|move|p1a: Vivillon|Quiver Dance|p1a: Vivillon\n|-boost|p1a: Vivillon|spa|1\n|-boost|p1a: Vivillon|spd|1\n|-boost|p1a: Vivillon|spe|1\n|\n|upkeep\n|turn|22\n|\n|t:|1771245096\n|move|p1a: Vivillon|Hurricane|p2a: Enamorus\n|-damage|p2a: Enamorus|132/259\n|move|p2a: Enamorus|Moonblast|p1a: Vivillon\n|-damage|p1a: Vivillon|0 fnt\n|faint|p1a: Vivillon\n|\n|upkeep\n|\n|t:|1771245104\n|switch|p1a: Dunsparce|Dunsparce, L86, M|312/312\n|turn|23\n|\n|t:|1771245111\n|move|p2a: Enamorus|Superpower|p1a: Dunsparce\n|-supereffective|p1a: Dunsparce\n|-damage|p1a: Dunsparce|168/312\n|-unboost|p2a: Enamorus|atk|1\n|-unboost|p2a: Enamorus|def|1\n|move|p1a: Dunsparce|Body Slam|p2a: Enamorus\n|-damage|p2a: Enamorus|42/259\n|\n|upkeep\n|turn|24\n|\n|t:|1771245121\n|-terastallize|p1a: Dunsparce|Ghost\n|move|p2a: Enamorus|Moonblast|p1a: Dunsparce\n|-damage|p1a: Dunsparce|56/312\n|move|p1a: Dunsparce|Body Slam|p2a: Enamorus\n|-damage|p2a: Enamorus|0 fnt\n|faint|p2a: Enamorus\n|\n|upkeep\n|\n|t:|1771245126\n|switch|p2a: Iron Treads|Iron Treads, L77|265/265 slp\n|turn|25\n|\n|t:|1771245131\n|cant|p2a: Iron Treads|slp\n|move|p1a: Dunsparce|Roost|p1a: Dunsparce\n|-heal|p1a: Dunsparce|212/312\n|\n|upkeep\n|turn|26\n|\n|t:|1771245133\n|cant|p2a: Iron Treads|slp\n|move|p1a: Dunsparce|Coil|p1a: Dunsparce\n|-boost|p1a: Dunsparce|atk|1\n|-boost|p1a: Dunsparce|def|1\n|-boost|p1a: Dunsparce|accuracy|1\n|\n|upkeep\n|turn|27\n|\n|t:|1771245135\n|-curestatus|p2a: Iron Treads|slp|[msg]\n|move|p2a: Iron Treads|Knock Off|p1a: Dunsparce\n|-supereffective|p1a: Dunsparce\n|-damage|p1a: Dunsparce|148/312\n|-enditem|p1a: Dunsparce|Eviolite|[from] move: Knock Off|[of] p2a: Iron Treads\n|move|p1a: Dunsparce|Coil|p1a: Dunsparce\n|-boost|p1a: Dunsparce|atk|1\n|-boost|p1a: Dunsparce|def|1\n|-boost|p1a: Dunsparce|accuracy|1\n|\n|upkeep\n|turn|28\n|\n|t:|1771245147\n|move|p2a: Iron Treads|Iron Head|p1a: Dunsparce\n|-crit|p1a: Dunsparce\n|-damage|p1a: Dunsparce|18/312\n|cant|p1a: Dunsparce|flinch\n|\n|upkeep\n|turn|29\n|\n|t:|1771245165\n|move|p2a: Iron Treads|Earthquake|p1a: Dunsparce\n|-damage|p1a: Dunsparce|0 fnt\n|faint|p1a: Dunsparce\n|\n|upkeep\n|\n|t:|1771245167\n|switch|p1a: Veluza|Veluza, L85, F|186/292\n|turn|30\n|c|☆theogredop|Crazy turn\n|\n|t:|1771245177\n|-terastallize|p2a: Iron Treads|Dragon\n|move|p2a: Iron Treads|Knock Off|p1a: Veluza\n|-supereffective|p1a: Veluza\n|-damage|p1a: Veluza|44/292\n|-enditem|p1a: Veluza|Choice Band|[from] move: Knock Off|[of] p2a: Iron Treads\n|move|p1a: Veluza|Aqua Cutter|p2a: Iron Treads\n|-resisted|p2a: Iron Treads\n|-damage|p2a: Iron Treads|218/265\n|\n|upkeep\n|turn|31\n|\n|t:|1771245185\n|move|p2a: Iron Treads|Rapid Spin|p1a: Veluza\n|-damage|p1a: Veluza|5/292\n|-boost|p2a: Iron Treads|spe|1\n|move|p1a: Veluza|Psycho Cut|p2a: Iron Treads\n|-damage|p2a: Iron Treads|106/265\n|\n|upkeep\n|turn|32\n|\n|t:|1771245189\n|move|p2a: Iron Treads|Rapid Spin|p1a: Veluza\n|-damage|p1a: Veluza|0 fnt\n|-boost|p2a: Iron Treads|spe|1\n|faint|p1a: Veluza\n|\n|upkeep\n|\n|t:|1771245191\n|switch|p1a: Meloetta|Meloetta, L82|298/298\n|turn|33\n|\n|t:|1771245200\n|move|p2a: Iron Treads|Knock Off|p1a: Meloetta\n|-supereffective|p1a: Meloetta\n|-damage|p1a: Meloetta|164/298\n|-enditem|p1a: Meloetta|Choice Specs|[from] move: Knock Off|[of] p2a: Iron Treads\n|move|p1a: Meloetta|Hyper Voice|p2a: Iron Treads\n|-damage|p2a: Iron Treads|6/265\n|\n|upkeep\n|turn|34\n|\n|t:|1771245205\n|move|p2a: Iron Treads|Iron Head|p1a: Meloetta\n|-damage|p1a: Meloetta|74/298\n|cant|p1a: Meloetta|flinch\n|\n|upkeep\n|turn|35\n|c|☆theogredop|Hell nah\n|c|☆theogredop|Sorry dude\n|c|☆melkor64|Thats the game 🤷🤣\n|inactive|melkor64 has 120 seconds left.\n|\n|t:|1771245237\n|move|p2a: Iron Treads|Earthquake|p1a: Meloetta\n|-damage|p1a: Meloetta|0 fnt\n|faint|p1a: Meloetta\n|\n|win|theogredop\n|raw|melkor64's rating: 1843 &rarr; <strong>1820</strong><br />(-23 for losing)\n|raw|theogredop's rating: 1785 &rarr; <strong>1808</strong><br />(+23 for winning)\n|c|☆melkor64|Gg\n|c|☆theogredop|Gg\n", "inputlog": ">version 686819e5e19f8a7fd2345cfc5a08a5085efa2cc3\n>start {\"formatid\":\"gen9randombattle\",\"seed\":\"sodium,529dd5878ad66b6afc9c1f46e0ec6a96\",\"rated\":\"Rated battle\"}\n>player p1 {\"name\":\"melkor64\",\"avatar\":\"hiker\",\"rating\":1843,\"seed\":\"sodium,91e25e3e7e5de05fe9046aab10e7dca8\"}\n>player p2 {\"name\":\"theogredop\",\"avatar\":\"lady\",\"rating\":1785,\"seed\":\"sodium,5322a898cd86230dc4d16831c66fbbd5\"}\n>p1 move waterpulse\n>p2 switch 6\n>p1 switch 6\n>p2 move quiverdance\n>p1 move rapidspin\n>p2 move icebeam\n>p1 move ironhead\n>p2 move icebeam\n>p2 switch 2\n>p1 switch 4\n>p2 move drainpunch\n>p1 move sleeppowder\n>p2 switch 6\n>p1 switch 6\n>p2 switch 5\n>p1 move icebeam\n>p2 move closecombat\n>p2 switch 3\n>p1 move icebeam\n>p2 switch 6\n>p1 move icebeam\n>p2 move drainpunch\n>p1 move icebeam\n>p2 move drainpunch\n>p1 switch 6\n>p1 move hurricane\n>p2 switch 6\n>p1 switch 2\n>p2 move gigatonhammer\n>p1 move aquacutter\n>p2 switch 6\n>p2 switch 6\n>p1 move aquacutter\n>p2 move swordsdance\n>p1 switch 4\n>p2 move playrough\n>p1 move earthquake\n>p2 move protect\n>p1 move earthquake\n>p2 move gigatonhammer\n>p2 switch 4\n>p1 move knockoff\n>p2 move agility\n>p1 move ironhead\n>p2 move earthpower\n>p1 switch 2\n>p1 move quiverdance\n>p2 move moonblast\n>p1 move hurricane\n>p2 move moonblast\n>p1 switch 5\n>p1 move bodyslam\n>p2 move superpower\n>p1 move bodyslam terastallize\n>p2 move moonblast\n>p2 switch 5\n>p1 move roost\n>p2 move knockoff\n>p1 move coil\n>p2 move knockoff\n>p1 move coil\n>p2 move knockoff\n>p1 move roost\n>p2 move ironhead\n>p1 move earthquake\n>p2 move earthquake\n>p1 switch 4\n>chat ☆theogredop|Crazy turn \n>p1 move aquacutter\n>p2 move knockoff terastallize\n>p1 move psychocut\n>p2 move rapidspin\n>p1 move psychocut\n>p2 move rapidspin\n>p1 switch 3\n>p1 move hypervoice\n>p2 move knockoff\n>p1 move hypervoice\n>p2 move ironhead\n>chat ☆theogredop|Hell nah\n>chat ☆theogredop|Sorry dude\n>chat ☆melkor64|Thats the game 🤷🤣\n>p1 move hypervoice\n>p2 move earthquake", "uploadtime": 1771245248, "views": 6, "formatid": "gen9randombattle", "rating": 1808, "private": 0, "password": null}