{"id": "gen9randombattle-2539977363", "format": "[Gen 9] Random Battle", "players": ["cmykhub", "jason775"], "log": "|j|☆cmykhub\n|j|☆jason775\n|t:|1771137040\n|gametype|singles\n|player|p1|cmykhub|youngster-gen4dp|1494\n|player|p2|jason775|101|1528\n|gen|9\n|tier|[Gen 9] Random Battle\n|rated|\n|rule|Species Clause: Limit one of each Pokémon\n|rule|HP Percentage Mod: HP is shown in percentages\n|rule|Sleep Clause Mod: Limit one foe put to sleep\n|rule|Illusion Level Mod: Illusion disguises the Pokémon's true level\n|\n|t:|1771137040\n|teamsize|p1|6\n|teamsize|p2|6\n|start\n|switch|p1a: Porygon-Z|Porygon-Z, L83|277/277\n|switch|p2a: Pawmot|Pawmot, L80, M|243/243\n|turn|1\n|inactive|Battle timer is ON: inactive players will automatically lose when time's up. (requested by jason775)\n|\n|t:|1771137062\n|move|p1a: Porygon-Z|Tri Attack|p2a: Pawmot\n|-damage|p2a: Pawmot|53/243\n|move|p2a: Pawmot|Close Combat|p1a: Porygon-Z\n|-supereffective|p1a: Porygon-Z\n|-damage|p1a: Porygon-Z|0 fnt\n|-unboost|p2a: Pawmot|def|1\n|-unboost|p2a: Pawmot|spd|1\n|faint|p1a: Porygon-Z\n|-damage|p2a: Pawmot|29/243|[from] item: Life Orb\n|\n|upkeep\n|\n|t:|1771137091\n|switch|p1a: Leafeon|Leafeon, L88, M|258/258\n|turn|2\n|\n|t:|1771137103\n|switch|p2a: Delibird|Delibird, F|252/252\n|move|p1a: Leafeon|Leaf Blade|p2a: Delibird\n|-resisted|p2a: Delibird\n|-damage|p2a: Delibird|143/252\n|-damage|p1a: Leafeon|233/258|[from] item: Life Orb\n|\n|upkeep\n|turn|3\n|\n|t:|1771137118\n|move|p1a: Leafeon|Knock Off|p2a: Delibird\n|-damage|p2a: Delibird|0 fnt\n|-enditem|p2a: Delibird|Heavy-Duty Boots|[from] move: Knock Off|[of] p1a: Leafeon\n|faint|p2a: Delibird\n|-damage|p1a: Leafeon|208/258|[from] item: Life Orb\n|\n|upkeep\n|\n|t:|1771137132\n|switch|p2a: Stonjourner|Stonjourner, L91, F|330/330\n|turn|4\n|\n|t:|1771137142\n|move|p1a: Leafeon|Swords Dance|p1a: Leafeon\n|-boost|p1a: Leafeon|atk|2\n|move|p2a: Stonjourner|Stealth Rock|p1a: Leafeon\n|-sidestart|p1: cmykhub|move: Stealth Rock\n|\n|upkeep\n|turn|5\n|\n|t:|1771137150\n|move|p1a: Leafeon|Leaf Blade|p2a: Stonjourner\n|-supereffective|p2a: Stonjourner\n|-damage|p2a: Stonjourner|0 fnt\n|faint|p2a: Stonjourner\n|-damage|p1a: Leafeon|183/258|[from] item: Life Orb\n|\n|upkeep\n|\n|t:|1771137156\n|switch|p2a: Tinkaton|Tinkaton, L82, F|274/274\n|-ability|p2a: Tinkaton|Mold Breaker\n|turn|6\n|\n|t:|1771137165\n|move|p1a: Leafeon|Knock Off|p2a: Tinkaton\n|-resisted|p2a: Tinkaton\n|-damage|p2a: Tinkaton|154/274\n|-enditem|p2a: Tinkaton|Leftovers|[from] move: Knock Off|[of] p1a: Leafeon\n|-damage|p1a: Leafeon|158/258|[from] item: Life Orb\n|move|p2a: Tinkaton|Thunder Wave|p1a: Leafeon\n|-status|p1a: Leafeon|par\n|\n|upkeep\n|turn|7\n|\n|t:|1771137178\n|move|p2a: Tinkaton|Gigaton Hammer|p1a: Leafeon\n|-damage|p1a: Leafeon|61/258 par\n|move|p1a: Leafeon|Synthesis|p1a: Leafeon\n|-heal|p1a: Leafeon|190/258 par\n|\n|upkeep\n|turn|8\n|\n|t:|1771137188\n|move|p2a: Tinkaton|Knock Off|p1a: Leafeon\n|-damage|p1a: Leafeon|154/258 par\n|-enditem|p1a: Leafeon|Life Orb|[from] move: Knock Off|[of] p2a: Tinkaton\n|cant|p1a: Leafeon|par\n|\n|upkeep\n|turn|9\n|\n|t:|1771137195\n|move|p2a: Tinkaton|Gigaton Hammer|p1a: Leafeon\n|-damage|p1a: Leafeon|66/258 par\n|move|p1a: Leafeon|Synthesis|p1a: Leafeon\n|-heal|p1a: Leafeon|195/258 par\n|\n|upkeep\n|turn|10\n|\n|t:|1771137203\n|move|p2a: Tinkaton|Play Rough|p1a: Leafeon\n|-damage|p1a: Leafeon|140/258 par\n|cant|p1a: Leafeon|par\n|\n|upkeep\n|turn|11\n|\n|t:|1771137211\n|move|p2a: Tinkaton|Gigaton Hammer|p1a: Leafeon\n|-damage|p1a: Leafeon|49/258 par\n|move|p1a: Leafeon|Synthesis|p1a: Leafeon\n|-heal|p1a: Leafeon|178/258 par\n|\n|upkeep\n|turn|12\n|\n|t:|1771137220\n|move|p2a: Tinkaton|Play Rough|p1a: Leafeon\n|-crit|p1a: Leafeon\n|-damage|p1a: Leafeon|94/258 par\n|move|p1a: Leafeon|Leaf Blade|p2a: Tinkaton\n|-resisted|p2a: Tinkaton\n|-damage|p2a: Tinkaton|28/274\n|\n|upkeep\n|turn|13\n|\n|t:|1771137230\n|move|p2a: Tinkaton|Gigaton Hammer|p1a: Leafeon\n|-damage|p1a: Leafeon|0 fnt\n|faint|p1a: Leafeon\n|\n|upkeep\n|\n|t:|1771137245\n|switch|p1a: Tentacruel|Tentacruel, L84, M|272/272\n|-damage|p1a: Tentacruel|238/272|[from] Stealth Rock\n|turn|14\n|\n|t:|1771137258\n|move|p1a: Tentacruel|Surf|p2a: Tinkaton\n|-damage|p2a: Tinkaton|0 fnt\n|faint|p2a: Tinkaton\n|\n|-heal|p1a: Tentacruel|255/272|[from] item: Leftovers\n|upkeep\n|\n|t:|1771137261\n|switch|p2a: Pawmot|Pawmot, L80, M|29/243\n|turn|15\n|\n|t:|1771137278\n|switch|p1a: Morpeko|Morpeko, L88, F|245/245\n|-damage|p1a: Morpeko|215/245|[from] Stealth Rock\n|move|p2a: Pawmot|Revival Blessing|p2a: Pawmot\n|\n|t:|1771137290\n|-heal|p2: Stonjourner|165/330|[from] move: Revival Blessing\n|\n|-heal|p1a: Morpeko|230/245|[from] item: Leftovers\n|-formechange|p1a: Morpeko|Morpeko-Hangry||[from] ability: Hunger Switch\n|upkeep\n|turn|16\n|\n|t:|1771137304\n|move|p1a: Morpeko|Rapid Spin|p2a: Pawmot\n|-damage|p2a: Pawmot|0 fnt\n|-boost|p1a: Morpeko|spe|1\n|-sideend|p1: cmykhub|Stealth Rock|[from] move: Rapid Spin|[of] p1a: Morpeko\n|faint|p2a: Pawmot\n|\n|-heal|p1a: Morpeko|245/245|[from] item: Leftovers\n|-formechange|p1a: Morpeko|Morpeko||[from] ability: Hunger Switch\n|upkeep\n|\n|t:|1771137310\n|switch|p2a: Torterra|Torterra, L78, F|276/276\n|turn|17\n|\n|t:|1771137323\n|move|p1a: Morpeko|Protect|p1a: Morpeko\n|-singleturn|p1a: Morpeko|Protect\n|move|p2a: Torterra|Shell Smash|p2a: Torterra\n|-unboost|p2a: Torterra|def|1\n|-unboost|p2a: Torterra|spd|1\n|-boost|p2a: Torterra|atk|2\n|-boost|p2a: Torterra|spa|2\n|-boost|p2a: Torterra|spe|2\n|\n|-formechange|p1a: Morpeko|Morpeko-Hangry||[from] ability: Hunger Switch\n|upkeep\n|turn|18\n|\n|t:|1771137342\n|move|p1a: Morpeko|Aura Wheel|p2a: Torterra\n|-damage|p2a: Torterra|99/276\n|-boost|p1a: Morpeko|spe|1\n|move|p2a: Torterra|Rock Blast|p1a: Morpeko\n|-damage|p1a: Morpeko|201/245\n|-damage|p1a: Morpeko|158/245\n|-damage|p1a: Morpeko|114/245\n|-damage|p1a: Morpeko|73/245\n|-damage|p1a: Morpeko|28/245\n|-hitcount|p1a: Morpeko|5\n|\n|-heal|p1a: Morpeko|43/245|[from] item: Leftovers\n|-formechange|p1a: Morpeko|Morpeko||[from] ability: Hunger Switch\n|upkeep\n|turn|19\n|\n|t:|1771137359\n|move|p1a: Morpeko|Knock Off|p2a: Torterra\n|-damage|p2a: Torterra|0 fnt\n|-enditem|p2a: Torterra|Loaded Dice|[from] move: Knock Off|[of] p1a: Morpeko\n|faint|p2a: Torterra\n|\n|-heal|p1a: Morpeko|58/245|[from] item: Leftovers\n|-formechange|p1a: Morpeko|Morpeko-Hangry||[from] ability: Hunger Switch\n|upkeep\n|\n|t:|1771137362\n|switch|p2a: Stonjourner|Stonjourner, L91, F|165/330\n|turn|20\n|\n|t:|1771137386\n|move|p1a: Morpeko|Aura Wheel|p2a: Stonjourner\n|-damage|p2a: Stonjourner|83/330\n|-boost|p1a: Morpeko|spe|1\n|move|p2a: Stonjourner|Earthquake|p1a: Morpeko\n|-supereffective|p1a: Morpeko\n|-damage|p1a: Morpeko|0 fnt\n|faint|p1a: Morpeko\n|-damage|p2a: Stonjourner|50/330|[from] item: Life Orb\n|\n|upkeep\n|\n|t:|1771137400\n|switch|p1a: Tentacruel|Tentacruel, L84, M|255/272\n|turn|21\n|\n|t:|1771137407\n|move|p1a: Tentacruel|Surf|p2a: Stonjourner\n|-supereffective|p2a: Stonjourner\n|-damage|p2a: Stonjourner|0 fnt\n|faint|p2a: Stonjourner\n|\n|-heal|p1a: Tentacruel|272/272|[from] item: Leftovers\n|upkeep\n|\n|t:|1771137410\n|switch|p2a: Furret|Furret, L94, F|312/312\n|-item|p1a: Tentacruel|Leftovers|[from] ability: Frisk|[of] p2a: Furret\n|turn|22\n|\n|t:|1771137428\n|move|p2a: Furret|Tidy Up|p2a: Furret\n|-boost|p2a: Furret|atk|1\n|-boost|p2a: Furret|spe|1\n|move|p1a: Tentacruel|Toxic|p2a: Furret\n|-status|p2a: Furret|tox\n|\n|-damage|p2a: Furret|293/312 tox|[from] psn\n|upkeep\n|turn|23\n|\n|t:|1771137437\n|switch|p1a: Incineroar|Incineroar, L82, M|290/290\n|-ability|p1a: Incineroar|Intimidate|boost\n|-unboost|p2a: Furret|atk|1\n|-terastallize|p2a: Furret|Normal\n|move|p2a: Furret|Double-Edge|p1a: Incineroar\n|-damage|p1a: Incineroar|79/290\n|-damage|p2a: Furret|223/312 tox|[from] Recoil\n|-damage|p2a: Furret|192/312 tox|[from] item: Life Orb\n|\n|-damage|p2a: Furret|154/312 tox|[from] psn\n|upkeep\n|turn|24\n|\n|t:|1771137452\n|switch|p1a: Tentacruel|Tentacruel, L84, M|272/272\n|move|p2a: Furret|Brick Break|p1a: Tentacruel\n|-resisted|p1a: Tentacruel\n|-damage|p1a: Tentacruel|228/272\n|-damage|p2a: Furret|123/312 tox|[from] item: Life Orb\n|\n|-heal|p1a: Tentacruel|245/272|[from] item: Leftovers\n|-damage|p2a: Furret|66/312 tox|[from] psn\n|upkeep\n|turn|25\n|\n|t:|1771137465\n|move|p2a: Furret|Double-Edge|p1a: Tentacruel\n|-damage|p1a: Tentacruel|0 fnt\n|faint|p1a: Tentacruel\n|-damage|p2a: Furret|0 fnt|[from] Recoil\n|faint|p2a: Furret\n|\n|win|cmykhub\n|raw|cmykhub's rating: 1494 &rarr; <strong>1516</strong><br />(+22 for winning)\n|raw|jason775's rating: 1528 &rarr; <strong>1506</strong><br />(-22 for losing)\n|l|☆jason775\n|player|p2|\n", "inputlog": ">version 686819e5e19f8a7fd2345cfc5a08a5085efa2cc3\n>start {\"formatid\":\"gen9randombattle\",\"seed\":\"sodium,bb95dbb046779594d4964c56ad0e0ee6\",\"rated\":\"Rated battle\"}\n>player p1 {\"name\":\"cmykhub\",\"avatar\":\"youngster-gen4dp\",\"rating\":1494,\"seed\":\"sodium,41a7bf3999314b7ba409e90f8cc0431b\"}\n>player p2 {\"name\":\"jason775\",\"avatar\":\"101\",\"rating\":1528,\"seed\":\"sodium,6329154a933d90810f53d8ab72c6518f\"}\n>p1 move triattack\n>p2 move closecombat\n>p1 switch 5\n>p1 move leafblade\n>p2 switch 4\n>p1 move knockoff\n>p2 move spikes\n>p2 switch 2\n>p1 move swordsdance\n>p2 move stealthrock\n>p1 move leafblade\n>p2 move heatcrash\n>p2 switch 3\n>p1 move knockoff\n>p2 move thunderwave\n>p1 move synthesis\n>p2 move gigatonhammer\n>p1 move swordsdance\n>p2 move knockoff\n>p1 move synthesis\n>p2 move gigatonhammer\n>p1 move swordsdance\n>p2 move playrough\n>p1 move synthesis\n>p2 move gigatonhammer\n>p1 move leafblade\n>p2 move playrough\n>p1 move synthesis\n>p2 move gigatonhammer\n>p1 switch 4\n>p1 move surf\n>p2 move thunderwave\n>p2 switch 4\n>p1 switch 3\n>p2 move revivalblessing\n>p2 switch 3\n>p1 move rapidspin\n>p2 move closecombat\n>p2 switch 5\n>p1 move protect\n>p2 move shellsmash\n>p1 move aurawheel\n>p2 move rockblast\n>p1 move knockoff\n>p2 move shellsmash\n>p2 switch 3\n>p1 move aurawheel\n>p2 move earthquake\n>p1 switch 3\n>p1 move surf\n>p2 move stoneedge\n>p2 switch 6\n>p1 move toxic\n>p2 move tidyup\n>p1 switch 2\n>p2 move doubleedge terastallize\n>p1 switch 2\n>p2 move brickbreak\n>p1 move surf\n>p2 move doubleedge", "uploadtime": 1771137474, "views": 16, "formatid": "gen9randombattle", "rating": 1506, "private": 0, "password": null}