{"id": "gen9randombattle-2540300219", "format": "[Gen 9] Random Battle", "players": ["Micael Lopes", "LychClickedRecover"], "log": "|j|☆Micael Lopes\n|j|☆LychClickedRecover\n|t:|1771186222\n|gametype|singles\n|player|p1|Micael Lopes|benga|1754\n|player|p2|LychClickedRecover|cyclist|1768\n|gen|9\n|tier|[Gen 9] Random Battle\n|rated|\n|rule|Species Clause: Limit one of each Pokémon\n|rule|HP Percentage Mod: HP is shown in percentages\n|rule|Sleep Clause Mod: Limit one foe put to sleep\n|rule|Illusion Level Mod: Illusion disguises the Pokémon's true level\n|\n|t:|1771186222\n|teamsize|p1|6\n|teamsize|p2|6\n|start\n|switch|p1a: Magearna|Magearna-Original, L77|250/250\n|switch|p2a: Morpeko|Morpeko, L88, F|245/245\n|turn|1\n|inactive|Battle timer is ON: inactive players will automatically lose when time's up. (requested by Micael Lopes)\n|\n|t:|1771186235\n|switch|p2a: Armarouge|Armarouge, L80, F|267/267\n|move|p1a: Magearna|Spikes|p2a: Armarouge\n|-sidestart|p2: LychClickedRecover|Spikes\n|\n|upkeep\n|turn|2\n|\n|t:|1771186240\n|switch|p1a: Incineroar|Incineroar, L82, M|290/290\n|-ability|p1a: Incineroar|Intimidate|boost\n|-unboost|p2a: Armarouge|atk|1\n|move|p2a: Armarouge|Meteor Beam||[still]\n|-prepare|p2a: Armarouge|Meteor Beam\n|-boost|p2a: Armarouge|spa|1\n|-enditem|p2a: Armarouge|Power Herb\n|-anim|p2a: Armarouge|Meteor Beam|p1a: Incineroar\n|-supereffective|p1a: Incineroar\n|-damage|p1a: Incineroar|108/290\n|\n|upkeep\n|turn|3\n|\n|t:|1771186255\n|switch|p2a: Primarina|Primarina, L83, F|268/268\n|-damage|p2a: Primarina|235/268|[from] Spikes\n|switch|p1a: Misdreavus|Misdreavus, L90, F|254/254\n|\n|-heal|p2a: Primarina|251/268|[from] item: Leftovers\n|upkeep\n|turn|4\n|\n|t:|1771186262\n|switch|p1a: Shaymin|Shaymin, L82|298/298\n|move|p2a: Primarina|Calm Mind|p2a: Primarina\n|-boost|p2a: Primarina|spa|1\n|-boost|p2a: Primarina|spd|1\n|\n|-heal|p2a: Primarina|267/268|[from] item: Leftovers\n|upkeep\n|turn|5\n|\n|t:|1771186266\n|move|p1a: Shaymin|Seed Flare|p2a: Primarina\n|-supereffective|p2a: Primarina\n|-damage|p2a: Primarina|139/268\n|move|p2a: Primarina|Draining Kiss|p1a: Shaymin\n|-damage|p1a: Shaymin|207/298\n|-heal|p2a: Primarina|207/268|[from] drain|[of] p1a: Shaymin\n|\n|-heal|p1a: Shaymin|225/298|[from] item: Leftovers\n|-heal|p2a: Primarina|223/268|[from] item: Leftovers\n|upkeep\n|turn|6\n|\n|t:|1771186280\n|move|p1a: Shaymin|Seed Flare|p2a: Primarina|[miss]\n|-miss|p1a: Shaymin|p2a: Primarina\n|move|p2a: Primarina|Draining Kiss|p1a: Shaymin\n|-damage|p1a: Shaymin|128/298\n|-heal|p2a: Primarina|268/268|[from] drain|[of] p1a: Shaymin\n|\n|-heal|p1a: Shaymin|146/298|[from] item: Leftovers\n|upkeep\n|turn|7\n|\n|t:|1771186285\n|move|p1a: Shaymin|Seed Flare|p2a: Primarina\n|-supereffective|p2a: Primarina\n|-damage|p2a: Primarina|130/268\n|move|p2a: Primarina|Draining Kiss|p1a: Shaymin\n|-damage|p1a: Shaymin|61/298\n|-heal|p2a: Primarina|194/268|[from] drain|[of] p1a: Shaymin\n|\n|-heal|p1a: Shaymin|79/298|[from] item: Leftovers\n|-heal|p2a: Primarina|210/268|[from] item: Leftovers\n|upkeep\n|turn|8\n|\n|t:|1771186300\n|switch|p2a: Rotom|Rotom-Mow, L87|229/229\n|move|p1a: Shaymin|Synthesis|p1a: Shaymin\n|-heal|p1a: Shaymin|228/298\n|\n|-heal|p1a: Shaymin|246/298|[from] item: Leftovers\n|upkeep\n|turn|9\n|inactive|Micael Lopes has 120 seconds left.\n|\n|t:|1771186332\n|move|p2a: Rotom|Trick|p1a: Shaymin\n|-activate|p2a: Rotom|move: Trick|[of] p1a: Shaymin\n|-item|p1a: Shaymin|Choice Scarf|[from] move: Trick\n|-item|p2a: Rotom|Leftovers|[from] move: Trick\n|move|p1a: Shaymin|Air Slash|p2a: Rotom\n|-damage|p2a: Rotom|182/229\n|\n|-heal|p2a: Rotom|196/229|[from] item: Leftovers\n|upkeep\n|turn|10\n|inactive|Micael Lopes has 120 seconds left.\n|\n|t:|1771186339\n|switch|p1a: Pachirisu|Pachirisu, L96, M|271/271\n|move|p2a: Rotom|Volt Switch|p1a: Pachirisu\n|-immune|p1a: Pachirisu|[from] ability: Volt Absorb\n|\n|-heal|p2a: Rotom|210/229|[from] item: Leftovers\n|upkeep\n|turn|11\n|\n|t:|1771186349\n|switch|p2a: Morpeko|Morpeko, L88, F|245/245\n|-damage|p2a: Morpeko|215/245|[from] Spikes\n|move|p1a: Pachirisu|Super Fang|p2a: Morpeko\n|-damage|p2a: Morpeko|108/245\n|\n|-heal|p2a: Morpeko|123/245|[from] item: Leftovers\n|-formechange|p2a: Morpeko|Morpeko-Hangry||[from] ability: Hunger Switch\n|upkeep\n|turn|12\n|\n|t:|1771186361\n|move|p1a: Pachirisu|U-turn|p2a: Morpeko\n|-supereffective|p2a: Morpeko\n|-damage|p2a: Morpeko|25/245\n|\n|t:|1771186363\n|switch|p1a: Incineroar|Incineroar, L82, M|108/290|[from] U-turn\n|-ability|p1a: Incineroar|Intimidate|boost\n|-unboost|p2a: Morpeko|atk|1\n|move|p2a: Morpeko|Aura Wheel|p1a: Incineroar\n|-resisted|p1a: Incineroar\n|-damage|p1a: Incineroar|63/290\n|-boost|p2a: Morpeko|spe|1\n|\n|-heal|p2a: Morpeko|40/245|[from] item: Leftovers\n|-formechange|p2a: Morpeko|Morpeko||[from] ability: Hunger Switch\n|upkeep\n|turn|13\n|\n|t:|1771186369\n|switch|p1a: Pachirisu|Pachirisu, L96, M|271/271\n|move|p2a: Morpeko|Protect||[still]\n|-fail|p2a: Morpeko\n|\n|-heal|p2a: Morpeko|55/245|[from] item: Leftovers\n|-formechange|p2a: Morpeko|Morpeko-Hangry||[from] ability: Hunger Switch\n|upkeep\n|turn|14\n|\n|t:|1771186382\n|move|p2a: Morpeko|Aura Wheel|p1a: Pachirisu\n|-damage|p1a: Pachirisu|186/271\n|-boost|p2a: Morpeko|spe|1\n|move|p1a: Pachirisu|U-turn|p2a: Morpeko\n|-supereffective|p2a: Morpeko\n|-damage|p2a: Morpeko|0 fnt\n|faint|p2a: Morpeko\n|\n|t:|1771186390\n|switch|p1a: Misdreavus|Misdreavus, L90, F|254/254|[from] U-turn\n|\n|upkeep\n|\n|t:|1771186395\n|switch|p2a: Hoopa|Hoopa-Unbound, L80|259/259\n|-damage|p2a: Hoopa|227/259|[from] Spikes\n|turn|15\n|\n|t:|1771186415\n|-terastallize|p1a: Misdreavus|Fairy\n|move|p1a: Misdreavus|Will-O-Wisp|p2a: Hoopa\n|-status|p2a: Hoopa|brn\n|move|p2a: Hoopa|Hyperspace Fury|p1a: Misdreavus\n|-resisted|p1a: Misdreavus\n|-damage|p1a: Misdreavus|224/254\n|-unboost|p2a: Hoopa|def|1\n|\n|-damage|p2a: Hoopa|211/259 brn|[from] brn\n|upkeep\n|turn|16\n|\n|t:|1771186423\n|move|p1a: Misdreavus|Calm Mind|p1a: Misdreavus\n|-boost|p1a: Misdreavus|spa|1\n|-boost|p1a: Misdreavus|spd|1\n|move|p2a: Hoopa|Gunk Shot|p1a: Misdreavus|[miss]\n|-miss|p2a: Hoopa|p1a: Misdreavus\n|\n|-damage|p2a: Hoopa|195/259 brn|[from] brn\n|upkeep\n|turn|17\n|\n|t:|1771186427\n|move|p1a: Misdreavus|Calm Mind|p1a: Misdreavus\n|-boost|p1a: Misdreavus|spa|1\n|-boost|p1a: Misdreavus|spd|1\n|move|p2a: Hoopa|Gunk Shot|p1a: Misdreavus\n|-supereffective|p1a: Misdreavus\n|-damage|p1a: Misdreavus|126/254\n|\n|-damage|p2a: Hoopa|179/259 brn|[from] brn\n|upkeep\n|turn|18\n|\n|t:|1771186434\n|switch|p2a: Armarouge|Armarouge, L80, F|267/267\n|-damage|p2a: Armarouge|234/267|[from] Spikes\n|move|p1a: Misdreavus|Draining Kiss|p2a: Armarouge\n|-resisted|p2a: Armarouge\n|-damage|p2a: Armarouge|165/267\n|-heal|p1a: Misdreavus|178/254|[from] drain|[of] p2a: Armarouge\n|\n|upkeep\n|turn|19\n|\n|t:|1771186442\n|move|p1a: Misdreavus|Shadow Ball|p2a: Armarouge\n|-supereffective|p2a: Armarouge\n|-damage|p2a: Armarouge|0 fnt\n|faint|p2a: Armarouge\n|\n|upkeep\n|-message|LychClickedRecover forfeited.\n|\n|win|Micael Lopes\n|raw|Micael Lopes's rating: 1733 &rarr; <strong>1755</strong><br />(+22 for winning)\n|raw|LychClickedRecover's rating: 1768 &rarr; <strong>1746</strong><br />(-22 for losing)\n|l|☆LychClickedRecover\n|player|p2|\n|c|☆Micael Lopes|**__Sexy game.__**\n", "inputlog": ">version 686819e5e19f8a7fd2345cfc5a08a5085efa2cc3\n>start {\"formatid\":\"gen9randombattle\",\"seed\":\"sodium,e90727b0488bd10ad40599ddee463399\",\"rated\":\"Rated battle\"}\n>player p1 {\"name\":\"Micael Lopes\",\"avatar\":\"benga\",\"rating\":1754,\"seed\":\"sodium,f90b943da8e6babe6f9fca1b819daa84\"}\n>player p2 {\"name\":\"LychClickedRecover\",\"avatar\":\"cyclist\",\"rating\":1768,\"seed\":\"sodium,976c8121800572c54f72f8d81f4831cd\"}\n>p1 move spikes\n>p2 switch 6\n>p1 switch 3\n>p2 move meteorbeam\n>p1 switch 5\n>p2 switch 3\n>p1 switch 4\n>p2 move calmmind\n>p1 move seedflare\n>p2 move drainingkiss\n>p1 move seedflare\n>p2 move drainingkiss\n>p1 move seedflare\n>p2 move drainingkiss\n>p1 move synthesis\n>p2 switch 5\n>p1 move airslash\n>p2 move trick\n>p1 switch 2\n>p2 move voltswitch\n>p1 move superfang\n>p2 switch 6\n>p1 move uturn\n>p2 move aurawheel\n>p1 switch 5\n>p1 switch 5\n>p2 move protect\n>p1 move uturn\n>p2 move aurawheel\n>p1 switch 4\n>p2 switch 4\n>p1 move willowisp terastallize\n>p2 move hyperspacefury\n>p1 move calmmind\n>p2 move gunkshot\n>p1 move calmmind\n>p2 move gunkshot\n>p1 move drainingkiss\n>p2 switch 3\n>p1 move shadowball\n>p2 move psyshock\n>forcelose p2", "uploadtime": 1771186455, "views": 8, "formatid": "gen9randombattle", "rating": 1746, "private": 0, "password": null}