{"id": "gen9randombattle-2539958796", "format": "[Gen 9] Random Battle", "players": ["PaCromer", "vorpaldevil"], "log": "|j|☆PaCromer\n|j|☆vorpaldevil\n|t:|1771133537\n|gametype|singles\n|player|p1|PaCromer|pilot|1560\n|player|p2|vorpaldevil|workerice|1521\n|gen|9\n|tier|[Gen 9] Random Battle\n|rated|\n|rule|Species Clause: Limit one of each Pokémon\n|rule|HP Percentage Mod: HP is shown in percentages\n|rule|Sleep Clause Mod: Limit one foe put to sleep\n|rule|Illusion Level Mod: Illusion disguises the Pokémon's true level\n|\n|t:|1771133537\n|teamsize|p1|6\n|teamsize|p2|6\n|start\n|switch|p1a: Persian|Persian, L92, M|269/269\n|switch|p2a: Azumarill|Azumarill, L82, M|298/298\n|turn|1\n|inactive|Battle timer is ON: inactive players will automatically lose when time's up. (requested by PaCromer)\n|\n|t:|1771133548\n|switch|p2a: Amoonguss|Amoonguss, L82, M|321/321\n|move|p1a: Persian|Fake Out|p2a: Amoonguss\n|-damage|p2a: Amoonguss|231/321\n|\n|-heal|p2a: Amoonguss|251/321|[from] item: Leftovers\n|upkeep\n|turn|2\n|\n|t:|1771133563\n|move|p1a: Persian|Knock Off|p2a: Amoonguss\n|-damage|p2a: Amoonguss|178/321\n|-enditem|p2a: Amoonguss|Leftovers|[from] move: Knock Off|[of] p1a: Persian\n|move|p2a: Amoonguss|Sludge Bomb|p1a: Persian\n|-damage|p1a: Persian|167/269\n|\n|upkeep\n|turn|3\n|\n|t:|1771133572\n|switch|p2a: Overqwil|Overqwil, L82, M|274/274\n|-ability|p2a: Overqwil|Intimidate|boost\n|-unboost|p1a: Persian|atk|1\n|move|p1a: Persian|Double-Edge|p2a: Overqwil\n|-damage|p2a: Overqwil|181/274\n|-damage|p1a: Persian|136/269|[from] Recoil\n|\n|upkeep\n|turn|4\n|\n|t:|1771133578\n|move|p1a: Persian|U-turn|p2a: Overqwil\n|-damage|p2a: Overqwil|150/274\n|\n|t:|1771133586\n|switch|p1a: Whiscash|Whiscash, L88, M|337/337|[from] U-turn\n|move|p2a: Overqwil|Swords Dance|p2a: Overqwil\n|-boost|p2a: Overqwil|atk|2\n|\n|upkeep\n|turn|5\n|\n|t:|1771133603\n|switch|p2a: Azumarill|Azumarill, L82, M|298/298\n|move|p1a: Whiscash|Earthquake|p2a: Azumarill\n|-damage|p2a: Azumarill|165/298\n|-damage|p1a: Whiscash|304/337|[from] item: Life Orb\n|\n|upkeep\n|turn|6\n|\n|t:|1771133613\n|move|p1a: Whiscash|Earthquake|p2a: Azumarill\n|-damage|p2a: Azumarill|17/298\n|-damage|p1a: Whiscash|271/337|[from] item: Life Orb\n|move|p2a: Azumarill|Play Rough|p1a: Whiscash|[miss]\n|-miss|p2a: Azumarill|p1a: Whiscash\n|\n|upkeep\n|turn|7\n|\n|t:|1771133621\n|move|p1a: Whiscash|Earthquake|p2a: Azumarill\n|-damage|p2a: Azumarill|0 fnt\n|faint|p2a: Azumarill\n|-damage|p1a: Whiscash|238/337|[from] item: Life Orb\n|\n|upkeep\n|\n|t:|1771133630\n|switch|p2a: Incineroar|Incineroar, L82, M|290/290\n|-ability|p2a: Incineroar|Intimidate|boost\n|-fail|p1a: Whiscash|unboost|Attack|[from] ability: Oblivious|[of] p1a: Whiscash\n|turn|8\n|\n|t:|1771133637\n|-terastallize|p2a: Incineroar|Grass\n|move|p1a: Whiscash|Dragon Dance|p1a: Whiscash\n|-boost|p1a: Whiscash|atk|1\n|-boost|p1a: Whiscash|spe|1\n|move|p2a: Incineroar|Swords Dance|p2a: Incineroar\n|-boost|p2a: Incineroar|atk|2\n|\n|upkeep\n|turn|9\n|\n|t:|1771133644\n|move|p1a: Whiscash|Stone Edge|p2a: Incineroar|[miss]\n|-miss|p1a: Whiscash|p2a: Incineroar\n|move|p2a: Incineroar|Trailblaze|p1a: Whiscash\n|-supereffective|p1a: Whiscash\n|-damage|p1a: Whiscash|0 fnt\n|-boost|p2a: Incineroar|spe|1\n|faint|p1a: Whiscash\n|\n|upkeep\n|\n|t:|1771133652\n|switch|p1a: Persian|Persian, L92, M|136/269\n|turn|10\n|\n|t:|1771133656\n|move|p1a: Persian|Fake Out|p2a: Incineroar\n|-damage|p2a: Incineroar|215/290\n|cant|p2a: Incineroar|flinch\n|\n|upkeep\n|turn|11\n|\n|t:|1771133670\n|move|p1a: Persian|Double-Edge|p2a: Incineroar\n|-damage|p2a: Incineroar|79/290\n|-damage|p1a: Persian|91/269|[from] Recoil\n|move|p2a: Incineroar|Knock Off|p1a: Persian\n|-damage|p1a: Persian|0 fnt\n|-enditem|p1a: Persian|Silk Scarf|[from] move: Knock Off|[of] p2a: Incineroar\n|faint|p1a: Persian\n|\n|upkeep\n|\n|t:|1771133694\n|switch|p1a: Cinccino|Cinccino, L83, M|260/260\n|turn|12\n|\n|t:|1771133706\n|move|p1a: Cinccino|Tail Slap|p2a: Incineroar|[miss]\n|-miss|p1a: Cinccino|p2a: Incineroar\n|move|p2a: Incineroar|Trailblaze|p1a: Cinccino\n|-damage|p1a: Cinccino|71/260\n|-boost|p2a: Incineroar|spe|1\n|\n|upkeep\n|turn|13\n|-message|PaCromer forfeited.\n|\n|win|vorpaldevil\n|raw|PaCromer's rating: 1560 &rarr; <strong>1538</strong><br />(-22 for losing)\n|raw|vorpaldevil's rating: 1521 &rarr; <strong>1543</strong><br />(+22 for winning)\n|l|☆PaCromer\n|player|p1|\n", "inputlog": ">version 686819e5e19f8a7fd2345cfc5a08a5085efa2cc3\n>start {\"formatid\":\"gen9randombattle\",\"seed\":\"sodium,b1520497140eae532fa00cd20ba0a057\",\"rated\":\"Rated battle\"}\n>player p1 {\"name\":\"PaCromer\",\"avatar\":\"pilot\",\"rating\":1560,\"seed\":\"sodium,1b105c4890bf711e7ddc5ca5634ae803\"}\n>player p2 {\"name\":\"vorpaldevil\",\"avatar\":\"workerice\",\"rating\":1521,\"seed\":\"sodium,71ca094de1c791669209db1efdd568e0\"}\n>p1 move fakeout\n>p2 switch 4\n>p1 move knockoff\n>p2 move sludgebomb\n>p1 move doubleedge\n>p2 switch 2\n>p1 move uturn\n>p2 move swordsdance\n>p1 switch 3\n>p1 move earthquake\n>p2 switch 4\n>p1 move earthquake\n>p2 move playrough\n>p1 move earthquake\n>p2 move playrough\n>p2 switch 5\n>p1 move dragondance\n>p2 move swordsdance terastallize\n>p1 move stoneedge\n>p2 move trailblaze\n>p1 switch 3\n>p1 move fakeout\n>p2 move trailblaze\n>p1 move doubleedge\n>p2 move knockoff\n>p1 switch 4\n>p1 move tailslap\n>p2 move trailblaze\n>forcelose p1", "uploadtime": 1771133720, "views": 14, "formatid": "gen9randombattle", "rating": 1538, "private": 0, "password": null}