{"id": "gen9randombattle-2540073632", "format": "[Gen 9] Random Battle", "players": ["seandotexe", "17rndl"], "log": "|j|☆seandotexe\n|j|☆17rndl\n|t:|1771157125\n|gametype|singles\n|player|p1|seandotexe|265|1545\n|player|p2|17rndl|swimmer-gen4|1547\n|gen|9\n|tier|[Gen 9] Random Battle\n|rated|\n|rule|Species Clause: Limit one of each Pokémon\n|rule|HP Percentage Mod: HP is shown in percentages\n|rule|Sleep Clause Mod: Limit one foe put to sleep\n|rule|Illusion Level Mod: Illusion disguises the Pokémon's true level\n|\n|t:|1771157125\n|teamsize|p1|6\n|teamsize|p2|6\n|start\n|switch|p1a: Rabsca|Rabsca, L91, F|284/284\n|switch|p2a: Diancie|Diancie, L82|216/216\n|turn|1\n|inactive|Battle timer is ON: inactive players will automatically lose when time's up. (requested by seandotexe)\n|\n|t:|1771157136\n|switch|p1a: Sudowoodo|Sudowoodo, L94, M|284/284\n|move|p2a: Diancie|Calm Mind|p2a: Diancie\n|-boost|p2a: Diancie|spa|1\n|-boost|p2a: Diancie|spd|1\n|\n|upkeep\n|turn|2\n|\n|t:|1771157160\n|move|p2a: Diancie|Earth Power|p1a: Sudowoodo\n|-supereffective|p1a: Sudowoodo\n|-damage|p1a: Sudowoodo|72/284\n|move|p1a: Sudowoodo|Wood Hammer|p2a: Diancie\n|-supereffective|p2a: Diancie\n|-damage|p2a: Diancie|14/216\n|\n|-heal|p2a: Diancie|27/216|[from] item: Leftovers\n|upkeep\n|turn|3\n|\n|t:|1771157168\n|move|p2a: Diancie|Earth Power|p1a: Sudowoodo\n|-supereffective|p1a: Sudowoodo\n|-damage|p1a: Sudowoodo|0 fnt\n|faint|p1a: Sudowoodo\n|\n|-heal|p2a: Diancie|40/216|[from] item: Leftovers\n|upkeep\n|\n|t:|1771157183\n|switch|p1a: Dudunsparce|Dudunsparce, L83, F|343/343\n|turn|4\n|\n|t:|1771157187\n|move|p1a: Dudunsparce|Earthquake|p2a: Diancie\n|-supereffective|p2a: Diancie\n|-damage|p2a: Diancie|0 fnt\n|faint|p2a: Diancie\n|\n|upkeep\n|\n|t:|1771157206\n|switch|p2a: Palkia|Palkia-Origin, L72|249/249\n|-ability|p2a: Palkia|Pressure\n|turn|5\n|\n|t:|1771157210\n|move|p2a: Palkia|Thunder Wave|p1a: Dudunsparce\n|-status|p1a: Dudunsparce|par\n|move|p1a: Dudunsparce|Glare|p2a: Palkia\n|-status|p2a: Palkia|par\n|\n|upkeep\n|turn|6\n|\n|t:|1771157218\n|move|p2a: Palkia|Hydro Pump|p1a: Dudunsparce\n|-damage|p1a: Dudunsparce|177/343 par\n|cant|p1a: Dudunsparce|par\n|\n|-heal|p1a: Dudunsparce|198/343 par|[from] item: Leftovers\n|upkeep\n|turn|7\n|\n|t:|1771157222\n|move|p2a: Palkia|Hydro Pump|p1a: Dudunsparce\n|-damage|p1a: Dudunsparce|18/343 par\n|move|p1a: Dudunsparce|Roost|p1a: Dudunsparce\n|-heal|p1a: Dudunsparce|190/343 par\n|-singleturn|p1a: Dudunsparce|move: Roost\n|\n|-heal|p1a: Dudunsparce|211/343 par|[from] item: Leftovers\n|upkeep\n|turn|8\n|\n|t:|1771157226\n|move|p2a: Palkia|Hydro Pump|p1a: Dudunsparce\n|-crit|p1a: Dudunsparce\n|-damage|p1a: Dudunsparce|0 fnt\n|faint|p1a: Dudunsparce\n|\n|upkeep\n|\n|t:|1771157230\n|switch|p1a: Bellibolt|Bellibolt, L84, F|320/320\n|turn|9\n|\n|t:|1771157237\n|move|p1a: Bellibolt|Muddy Water|p2a: Palkia\n|-resisted|p2a: Palkia\n|-damage|p2a: Palkia|233/249 par\n|cant|p2a: Palkia|par\n|\n|upkeep\n|turn|10\n|\n|t:|1771157242\n|move|p1a: Bellibolt|Muddy Water|p2a: Palkia\n|-resisted|p2a: Palkia\n|-damage|p2a: Palkia|217/249 par\n|move|p2a: Palkia|Hydro Pump|p1a: Bellibolt\n|-damage|p1a: Bellibolt|164/320\n|-start|p1a: Bellibolt|Charge|Hydro Pump|[from] ability: Electromorphosis\n|\n|-heal|p1a: Bellibolt|184/320|[from] item: Leftovers\n|upkeep\n|turn|11\n|\n|t:|1771157247\n|move|p1a: Bellibolt|Thunderbolt|p2a: Palkia\n|-damage|p2a: Palkia|33/249 par\n|-end|p1a: Bellibolt|Charge|[silent]\n|move|p2a: Palkia|Draco Meteor|p1a: Bellibolt\n|-damage|p1a: Bellibolt|0 fnt\n|-unboost|p2a: Palkia|spa|2\n|faint|p1a: Bellibolt\n|\n|upkeep\n|\n|t:|1771157256\n|switch|p1a: Latios|Latios, L78, M|253/253\n|turn|12\n|\n|t:|1771157261\n|move|p1a: Latios|Luster Purge|p2a: Palkia\n|-damage|p2a: Palkia|0 fnt\n|faint|p2a: Palkia\n|\n|upkeep\n|\n|t:|1771157276\n|switch|p2a: Regice|Regice, L88|284/284\n|turn|13\n|\n|t:|1771157282\n|move|p1a: Latios|Luster Purge|p2a: Regice\n|-damage|p2a: Regice|208/284\n|move|p2a: Regice|Thunder Wave|p1a: Latios\n|-status|p1a: Latios|par\n|\n|upkeep\n|turn|14\n|\n|t:|1771157296\n|move|p2a: Regice|Ice Beam|p1a: Latios\n|-supereffective|p1a: Latios\n|-damage|p1a: Latios|59/253 par\n|move|p1a: Latios|Luster Purge|p2a: Regice\n|-damage|p2a: Regice|130/284\n|\n|upkeep\n|turn|15\n|\n|t:|1771157300\n|move|p2a: Regice|Ice Beam|p1a: Latios\n|-supereffective|p1a: Latios\n|-damage|p1a: Latios|0 fnt\n|faint|p1a: Latios\n|\n|upkeep\n|\n|t:|1771157304\n|switch|p1a: Rabsca|Rabsca, L91, F|284/284\n|turn|16\n|\n|t:|1771157311\n|move|p2a: Regice|Ice Beam|p1a: Rabsca\n|-damage|p1a: Rabsca|199/284\n|move|p1a: Rabsca|Psychic|p2a: Regice\n|-damage|p2a: Regice|70/284\n|\n|upkeep\n|turn|17\n|\n|t:|1771157321\n|move|p2a: Regice|Ice Beam|p1a: Rabsca\n|-damage|p1a: Rabsca|106/284\n|move|p1a: Rabsca|Recover|p1a: Rabsca\n|-heal|p1a: Rabsca|248/284\n|\n|upkeep\n|turn|18\n|\n|t:|1771157326\n|move|p2a: Regice|Ice Beam|p1a: Rabsca\n|-damage|p1a: Rabsca|157/284\n|move|p1a: Rabsca|Psychic|p2a: Regice\n|-damage|p2a: Regice|1/284\n|\n|upkeep\n|turn|19\n|\n|t:|1771157330\n|move|p2a: Regice|Ice Beam|p1a: Rabsca\n|-damage|p1a: Rabsca|72/284\n|-status|p1a: Rabsca|frz\n|cant|p1a: Rabsca|frz\n|\n|upkeep\n|turn|20\n|\n|t:|1771157342\n|switch|p2a: Phione|Phione, L91|293/293\n|cant|p1a: Rabsca|frz\n|\n|upkeep\n|turn|21\n|\n|t:|1771157351\n|move|p2a: Phione|Take Heart|p2a: Phione\n|-boost|p2a: Phione|spa|1\n|-boost|p2a: Phione|spd|1\n|cant|p1a: Rabsca|frz\n|\n|upkeep\n|turn|22\n|\n|t:|1771157353\n|move|p2a: Phione|Take Heart|p2a: Phione\n|-boost|p2a: Phione|spa|1\n|-boost|p2a: Phione|spd|1\n|cant|p1a: Rabsca|frz\n|\n|upkeep\n|turn|23\n|\n|t:|1771157355\n|move|p2a: Phione|Take Heart|p2a: Phione\n|-boost|p2a: Phione|spa|1\n|-boost|p2a: Phione|spd|1\n|cant|p1a: Rabsca|frz\n|\n|upkeep\n|turn|24\n|\n|t:|1771157358\n|move|p2a: Phione|Take Heart|p2a: Phione\n|-boost|p2a: Phione|spa|1\n|-boost|p2a: Phione|spd|1\n|cant|p1a: Rabsca|frz\n|\n|upkeep\n|turn|25\n|c|☆seandotexe|oh lord lol\n|\n|t:|1771157364\n|move|p2a: Phione|Take Heart|p2a: Phione\n|-boost|p2a: Phione|spa|1\n|-boost|p2a: Phione|spd|1\n|cant|p1a: Rabsca|frz\n|\n|upkeep\n|turn|26\n|\n|t:|1771157366\n|move|p2a: Phione|Take Heart|p2a: Phione\n|-boost|p2a: Phione|spa|1\n|-boost|p2a: Phione|spd|1\n|cant|p1a: Rabsca|frz\n|\n|upkeep\n|turn|27\n|\n|t:|1771157370\n|move|p2a: Phione|Take Heart||[still]\n|-boost|p2a: Phione|spa|0\n|-boost|p2a: Phione|spd|0\n|-fail|p2a: Phione\n|cant|p1a: Rabsca|frz\n|\n|upkeep\n|turn|28\n|\n|t:|1771157376\n|move|p2a: Phione|Take Heart||[still]\n|-boost|p2a: Phione|spa|0\n|-boost|p2a: Phione|spd|0\n|-fail|p2a: Phione\n|cant|p1a: Rabsca|frz\n|\n|upkeep\n|turn|29\n|\n|t:|1771157380\n|move|p2a: Phione|Take Heart||[still]\n|-boost|p2a: Phione|spa|0\n|-boost|p2a: Phione|spd|0\n|-fail|p2a: Phione\n|cant|p1a: Rabsca|frz\n|\n|upkeep\n|turn|30\n|c|☆seandotexe|holy shit\n|\n|t:|1771157386\n|move|p2a: Phione|Take Heart||[still]\n|-boost|p2a: Phione|spa|0\n|-boost|p2a: Phione|spd|0\n|-fail|p2a: Phione\n|-curestatus|p1a: Rabsca|frz|[msg]\n|move|p1a: Rabsca|Revival Blessing|p1a: Rabsca\n|c|☆17rndl|lol\n|c|☆17rndl|mb bri\n|c|☆17rndl|bro\n|\n|t:|1771157397\n|-heal|p1: Bellibolt|160/320|[from] move: Revival Blessing\n|\n|upkeep\n|turn|31\n|c|☆17rndl|didnt mean it\n|c|☆seandotexe|nah its cool\n|c|☆seandotexe|never seen frz do that bad\n|c|☆17rndl|yeah\n|c|☆17rndl|first time seeing one that long too\n|inactive|seandotexe has 120 seconds left.\n|c|☆seandotexe|11 turns\n|c|☆seandotexe|thats got to be a record\n|\n|t:|1771157446\n|move|p2a: Phione|Scald|p1a: Rabsca\n|-damage|p1a: Rabsca|0 fnt\n|faint|p1a: Rabsca\n|\n|upkeep\n|\n|t:|1771157450\n|switch|p1a: Roaring Moon|Roaring Moon, L72|270/270\n|turn|32\n|\n|t:|1771157457\n|-terastallize|p1a: Roaring Moon|Dragon\n|move|p1a: Roaring Moon|Outrage|p2a: Phione\n|-damage|p2a: Phione|47/293\n|move|p2a: Phione|Ice Beam|p1a: Roaring Moon\n|-supereffective|p1a: Roaring Moon\n|-damage|p1a: Roaring Moon|0 fnt\n|faint|p1a: Roaring Moon\n|-end|p1a: Roaring Moon|Protosynthesis|[silent]\n|\n|-heal|p2a: Phione|65/293|[from] item: Leftovers\n|upkeep\n|inactive|seandotexe has 120 seconds left.\n|\n|t:|1771157464\n|switch|p1a: Bellibolt|Bellibolt, L84, F|160/320\n|turn|33\n|c|☆17rndl|I think my longest is 8\n|c|☆17rndl|and my mon is the one that is frozen\n|\n|t:|1771157482\n|move|p2a: Phione|Scald|p1a: Bellibolt\n|-damage|p1a: Bellibolt|0 fnt\n|faint|p1a: Bellibolt\n|\n|win|17rndl\n|raw|seandotexe's rating: 1545 &rarr; <strong>1525</strong><br />(-20 for losing)\n|raw|17rndl's rating: 1547 &rarr; <strong>1567</strong><br />(+20 for winning)\n|c|☆17rndl|gg bro\n|c|☆seandotexe|gg\n|l|☆seandotexe\n|player|p1|\n|c|☆17rndl|have a good daay\n", "inputlog": ">version 686819e5e19f8a7fd2345cfc5a08a5085efa2cc3\n>start {\"formatid\":\"gen9randombattle\",\"seed\":\"sodium,103536abb1726e093161bf0d57d1eb3d\",\"rated\":\"Rated battle\"}\n>player p1 {\"name\":\"seandotexe\",\"avatar\":\"265\",\"rating\":1545,\"seed\":\"sodium,8113e118ecdc7b1ef529f5c5f7dccb80\"}\n>player p2 {\"name\":\"17rndl\",\"avatar\":\"swimmer-gen4\",\"rating\":1547,\"seed\":\"sodium,4d8f9c6b4b084c0589863e12522c8288\"}\n>p1 switch 2\n>p2 move calmmind\n>p1 move woodhammer\n>p2 move earthpower\n>p1 move woodhammer\n>p2 move earthpower\n>p1 switch 3\n>p1 move earthquake\n>p2 move drainingkiss\n>p2 switch 6\n>p1 move glare\n>p2 move thunderwave\n>p1 move headbutt\n>p2 move hydropump\n>p1 move roost\n>p2 move hydropump\n>p1 move roost\n>p2 move hydropump\n>p1 switch 6\n>p1 move muddywater\n>p2 move hydropump\n>p1 move muddywater\n>p2 move hydropump\n>p1 move thunderbolt\n>p2 move dracometeor\n>p1 switch 5\n>p1 move lusterpurge\n>p2 move thunderwave\n>p2 switch 3\n>p1 move lusterpurge\n>p2 move thunderwave\n>p1 move lusterpurge\n>p2 move icebeam\n>p1 move lusterpurge\n>p2 move icebeam\n>p1 switch 2\n>p1 move psychic\n>p2 move icebeam\n>p1 move recover\n>p2 move icebeam\n>p1 move psychic\n>p2 move icebeam\n>p1 move recover\n>p2 move icebeam\n>p1 move recover\n>p2 switch 5\n>p1 move revivalblessing\n>p2 move takeheart\n>p1 move revivalblessing\n>p2 move takeheart\n>p1 move revivalblessing\n>p2 move takeheart\n>p1 move revivalblessing\n>p2 move takeheart\n>chat ☆seandotexe|oh lord lol\n>p1 move revivalblessing\n>p2 move takeheart\n>p1 move revivalblessing\n>p2 move takeheart\n>p1 move revivalblessing\n>p2 move takeheart\n>p1 move revivalblessing\n>p2 move takeheart\n>p1 move revivalblessing\n>p2 move takeheart\n>chat ☆seandotexe|holy shit\n>p1 move revivalblessing\n>p2 move takeheart\n>chat ☆17rndl|lol\n>chat ☆17rndl|mb bri\n>chat ☆17rndl|bro\n>p1 switch 5\n>chat ☆17rndl|didnt mean it\n>chat ☆seandotexe|nah its cool\n>chat ☆seandotexe|never seen frz do that bad\n>chat ☆17rndl|yeah\n>chat ☆17rndl|first time seeing one that long too\n>chat ☆seandotexe|11 turns\n>chat ☆seandotexe|thats got to be a record\n>p1 move recover\n>p2 move scald\n>p1 switch 4\n>p1 move outrage terastallize\n>p2 move icebeam\n>p1 switch 5\n>chat ☆17rndl|I think my longest is 8\n>chat ☆17rndl|and my mon is the one that is frozen\n>p1 move slackoff\n>p2 move scald", "uploadtime": 1771157508, "views": 28, "formatid": "gen9randombattle", "rating": 1525, "private": 0, "password": null}