{"id": "gen9randombattle-2540448663", "format": "[Gen 9] Random Battle", "players": ["shuri2060", "Overload3d"], "log": "|j|‽shuri2060\n|j|‽Overload3d\n|t:|1771203322\n|gametype|singles\n|player|p1|shuri2060|2|1734\n|player|p2|Overload3d|265|1743\n|gen|9\n|tier|[Gen 9] Random Battle\n|rated|\n|rule|Species Clause: Limit one of each Pokémon\n|rule|HP Percentage Mod: HP is shown in percentages\n|rule|Sleep Clause Mod: Limit one foe put to sleep\n|rule|Illusion Level Mod: Illusion disguises the Pokémon's true level\n|\n|t:|1771203322\n|teamsize|p1|6\n|teamsize|p2|6\n|start\n|switch|p1a: Eternatus|Eternatus, L69|308/308\n|switch|p2a: Ambipom|Ambipom, L84, M|263/263\n|-ability|p1a: Eternatus|Pressure\n|turn|1\n|\n|t:|1771203345\n|move|p2a: Ambipom|Fake Out|p1a: Eternatus\n|-damage|p1a: Eternatus|221/308\n|cant|p1a: Eternatus|flinch\n|\n|upkeep\n|turn|2\n|inactive|Battle timer is ON: inactive players will automatically lose when time's up. (requested by shuri2060)\n|\n|t:|1771203383\n|switch|p1a: Gliscor|Gliscor, L76, M|239/239\n|-terastallize|p2a: Ambipom|Normal\n|move|p2a: Ambipom|Double-Edge|p1a: Gliscor\n|-damage|p1a: Gliscor|63/239\n|-damage|p2a: Ambipom|205/263|[from] Recoil\n|\n|-status|p1a: Gliscor|tox|[from] item: Toxic Orb\n|upkeep\n|turn|3\n|\n|t:|1771203391\n|move|p1a: Gliscor|Protect|p1a: Gliscor\n|-singleturn|p1a: Gliscor|Protect\n|move|p2a: Ambipom|Double-Edge|p1a: Gliscor\n|-activate|p1a: Gliscor|move: Protect\n|\n|-heal|p1a: Gliscor|92/239 tox|[from] ability: Poison Heal\n|upkeep\n|turn|4\n|\n|t:|1771203414\n|switch|p1a: Lokix|Lokix, L82, F|251/251\n|move|p2a: Ambipom|Double-Edge|p1a: Lokix\n|-damage|p1a: Lokix|5/251\n|-damage|p2a: Ambipom|124/263|[from] Recoil\n|\n|upkeep\n|turn|5\n|\n|t:|1771203421\n|switch|p2a: Gurdurr|Gurdurr, L85, M|283/283\n|move|p1a: Lokix|Sucker Punch||[still]\n|-fail|p1a: Lokix\n|\n|upkeep\n|turn|6\n|\n|t:|1771203431\n|move|p2a: Gurdurr|Mach Punch|p1a: Lokix\n|-damage|p1a: Lokix|0 fnt\n|faint|p1a: Lokix\n|\n|upkeep\n|\n|t:|1771203434\n|switch|p1a: Gliscor|Gliscor, L76, M|92/239 tox\n|turn|7\n|\n|t:|1771203447\n|move|p1a: Gliscor|Toxic Spikes|p2a: Gurdurr\n|-sidestart|p2: Overload3d|move: Toxic Spikes\n|move|p2a: Gurdurr|Bulk Up|p2a: Gurdurr\n|-boost|p2a: Gurdurr|atk|1\n|-boost|p2a: Gurdurr|def|1\n|\n|-heal|p1a: Gliscor|121/239 tox|[from] ability: Poison Heal\n|upkeep\n|turn|8\n|\n|t:|1771203457\n|move|p1a: Gliscor|Knock Off|p2a: Gurdurr\n|-resisted|p2a: Gurdurr\n|-damage|p2a: Gurdurr|271/283\n|-enditem|p2a: Gurdurr|Eviolite|[from] move: Knock Off|[of] p1a: Gliscor\n|move|p2a: Gurdurr|Bulk Up|p2a: Gurdurr\n|-boost|p2a: Gurdurr|atk|1\n|-boost|p2a: Gurdurr|def|1\n|\n|-heal|p1a: Gliscor|150/239 tox|[from] ability: Poison Heal\n|upkeep\n|turn|9\n|\n|t:|1771203464\n|move|p1a: Gliscor|Toxic Spikes|p2a: Gurdurr\n|-sidestart|p2: Overload3d|move: Toxic Spikes\n|move|p2a: Gurdurr|Drain Punch|p1a: Gliscor\n|-resisted|p1a: Gliscor\n|-damage|p1a: Gliscor|81/239 tox\n|-heal|p2a: Gurdurr|283/283|[from] drain|[of] p1a: Gliscor\n|\n|-heal|p1a: Gliscor|110/239 tox|[from] ability: Poison Heal\n|upkeep\n|turn|10\n|\n|t:|1771203475\n|switch|p1a: Quagsire|Quagsire, L84, M|297/297\n|move|p2a: Gurdurr|Bulk Up|p2a: Gurdurr\n|-boost|p2a: Gurdurr|atk|1\n|-boost|p2a: Gurdurr|def|1\n|\n|upkeep\n|turn|11\n|\n|t:|1771203484\n|move|p2a: Gurdurr|Knock Off|p1a: Quagsire\n|-damage|p1a: Quagsire|216/297\n|-enditem|p1a: Quagsire|Leftovers|[from] move: Knock Off|[of] p2a: Gurdurr\n|move|p1a: Quagsire|Earthquake|p2a: Gurdurr\n|-damage|p2a: Gurdurr|189/283\n|\n|upkeep\n|turn|12\n|\n|t:|1771203490\n|move|p2a: Gurdurr|Drain Punch|p1a: Quagsire\n|-damage|p1a: Quagsire|117/297\n|-heal|p2a: Gurdurr|239/283|[from] drain|[of] p1a: Quagsire\n|move|p1a: Quagsire|Earthquake|p2a: Gurdurr\n|-damage|p2a: Gurdurr|148/283\n|\n|upkeep\n|turn|13\n|\n|t:|1771203493\n|move|p2a: Gurdurr|Drain Punch|p1a: Quagsire\n|-damage|p1a: Quagsire|30/297\n|-heal|p2a: Gurdurr|192/283|[from] drain|[of] p1a: Quagsire\n|move|p1a: Quagsire|Recover|p1a: Quagsire\n|-heal|p1a: Quagsire|179/297\n|\n|upkeep\n|turn|14\n|\n|t:|1771203496\n|move|p2a: Gurdurr|Drain Punch|p1a: Quagsire\n|-damage|p1a: Quagsire|86/297\n|-heal|p2a: Gurdurr|239/283|[from] drain|[of] p1a: Quagsire\n|move|p1a: Quagsire|Recover|p1a: Quagsire\n|-heal|p1a: Quagsire|235/297\n|\n|upkeep\n|turn|15\n|\n|t:|1771203503\n|move|p2a: Gurdurr|Drain Punch|p1a: Quagsire\n|-damage|p1a: Quagsire|145/297\n|-heal|p2a: Gurdurr|283/283|[from] drain|[of] p1a: Quagsire\n|move|p1a: Quagsire|Ice Beam|p2a: Gurdurr\n|-damage|p2a: Gurdurr|210/283\n|\n|upkeep\n|turn|16\n|\n|t:|1771203512\n|move|p2a: Gurdurr|Drain Punch|p1a: Quagsire\n|-damage|p1a: Quagsire|52/297\n|-heal|p2a: Gurdurr|257/283|[from] drain|[of] p1a: Quagsire\n|move|p1a: Quagsire|Recover|p1a: Quagsire\n|-heal|p1a: Quagsire|201/297\n|\n|upkeep\n|turn|17\n|\n|t:|1771203515\n|move|p2a: Gurdurr|Drain Punch|p1a: Quagsire\n|-damage|p1a: Quagsire|113/297\n|-heal|p2a: Gurdurr|283/283|[from] drain|[of] p1a: Quagsire\n|move|p1a: Quagsire|Recover|p1a: Quagsire\n|-heal|p1a: Quagsire|262/297\n|\n|upkeep\n|turn|18\n|\n|t:|1771203519\n|move|p2a: Gurdurr|Drain Punch|p1a: Quagsire\n|-damage|p1a: Quagsire|178/297\n|move|p1a: Quagsire|Toxic|p2a: Gurdurr\n|-status|p2a: Gurdurr|tox\n|\n|-damage|p2a: Gurdurr|266/283 tox|[from] psn\n|upkeep\n|turn|19\n|\n|t:|1771203525\n|move|p2a: Gurdurr|Drain Punch|p1a: Quagsire\n|-damage|p1a: Quagsire|45/297\n|-heal|p2a: Gurdurr|283/283 tox|[from] drain|[of] p1a: Quagsire\n|move|p1a: Quagsire|Recover|p1a: Quagsire\n|-heal|p1a: Quagsire|194/297\n|\n|-damage|p2a: Gurdurr|249/283 tox|[from] psn\n|upkeep\n|turn|20\n|\n|t:|1771203529\n|move|p2a: Gurdurr|Drain Punch|p1a: Quagsire\n|-crit|p1a: Quagsire\n|-damage|p1a: Quagsire|1/297\n|-heal|p2a: Gurdurr|283/283 tox|[from] drain|[of] p1a: Quagsire\n|move|p1a: Quagsire|Recover|p1a: Quagsire\n|-heal|p1a: Quagsire|150/297\n|\n|-damage|p2a: Gurdurr|232/283 tox|[from] psn\n|upkeep\n|turn|21\n|\n|t:|1771203540\n|switch|p2a: Serperior|Serperior, L79, M|248/248\n|-status|p2a: Serperior|tox\n|move|p1a: Quagsire|Recover|p1a: Quagsire\n|-heal|p1a: Quagsire|297/297\n|\n|-damage|p2a: Serperior|233/248 tox|[from] psn\n|upkeep\n|turn|22\n|\n|t:|1771203544\n|switch|p1a: Ho-Oh|Ho-Oh, L71|268/268\n|move|p2a: Serperior|Leaf Storm|p1a: Ho-Oh\n|-resisted|p1a: Ho-Oh\n|-damage|p1a: Ho-Oh|248/268\n|-boost|p2a: Serperior|spa|2\n|\n|-heal|p2a: Serperior|248/248 tox|[from] item: Leftovers\n|-damage|p2a: Serperior|218/248 tox|[from] psn\n|upkeep\n|turn|23\n|\n|t:|1771203559\n|switch|p2a: Pachirisu|Pachirisu, L96, M|271/271\n|move|p1a: Ho-Oh|Brave Bird|p2a: Pachirisu\n|-resisted|p2a: Pachirisu\n|-damage|p2a: Pachirisu|208/271\n|-damage|p1a: Ho-Oh|227/268|[from] Recoil\n|\n|upkeep\n|turn|24\n|\n|t:|1771203567\n|switch|p1a: Quagsire|Quagsire, L84, M|297/297\n|move|p2a: Pachirisu|Super Fang|p1a: Quagsire\n|-damage|p1a: Quagsire|149/297\n|\n|upkeep\n|turn|25\n|\n|t:|1771203575\n|move|p2a: Pachirisu|U-turn|p1a: Quagsire\n|-damage|p1a: Quagsire|109/297\n|\n|t:|1771203578\n|switch|p2a: Gurdurr|Gurdurr, L85, M|232/283 tox|[from] U-turn\n|move|p1a: Quagsire|Toxic|p2a: Gurdurr\n|-fail|p2a: Gurdurr|tox\n|\n|-damage|p2a: Gurdurr|215/283 tox|[from] psn\n|upkeep\n|turn|26\n|\n|t:|1771203584\n|switch|p1a: Ho-Oh|Ho-Oh, L71|268/268\n|move|p2a: Gurdurr|Drain Punch|p1a: Ho-Oh\n|-resisted|p1a: Ho-Oh\n|-damage|p1a: Ho-Oh|198/268\n|-heal|p2a: Gurdurr|250/283 tox|[from] drain|[of] p1a: Ho-Oh\n|\n|-damage|p2a: Gurdurr|216/283 tox|[from] psn\n|upkeep\n|turn|27\n|\n|t:|1771203595\n|switch|p2a: Pachirisu|Pachirisu, L96, M|208/271\n|move|p1a: Ho-Oh|Sacred Fire|p2a: Pachirisu\n|-damage|p2a: Pachirisu|112/271\n|\n|upkeep\n|turn|28\n|\n|t:|1771203606\n|switch|p1a: Gliscor|Gliscor, L76, M|110/239 tox\n|move|p2a: Pachirisu|Super Fang|p1a: Gliscor\n|-damage|p1a: Gliscor|55/239 tox\n|\n|-heal|p1a: Gliscor|84/239 tox|[from] ability: Poison Heal\n|upkeep\n|turn|29\n|\n|t:|1771203618\n|switch|p2a: Rayquaza|Rayquaza, L72|270/270\n|-ability|p2a: Rayquaza|Air Lock\n|move|p1a: Gliscor|Knock Off|p2a: Rayquaza\n|-damage|p2a: Rayquaza|205/270\n|-enditem|p2a: Rayquaza|Loaded Dice|[from] move: Knock Off|[of] p1a: Gliscor\n|\n|-heal|p1a: Gliscor|113/239 tox|[from] ability: Poison Heal\n|upkeep\n|turn|30\n|\n|t:|1771203635\n|switch|p1a: Ho-Oh|Ho-Oh, L71|268/268\n|move|p2a: Rayquaza|Dragon Ascent|p1a: Ho-Oh\n|-damage|p1a: Ho-Oh|126/268\n|-unboost|p2a: Rayquaza|def|1\n|-unboost|p2a: Rayquaza|spd|1\n|\n|upkeep\n|turn|31\n|\n|t:|1771203652\n|switch|p1a: Gliscor|Gliscor, L76, M|113/239 tox\n|move|p2a: Rayquaza|Dragon Ascent|p1a: Gliscor\n|-damage|p1a: Gliscor|10/239 tox\n|-unboost|p2a: Rayquaza|def|1\n|-unboost|p2a: Rayquaza|spd|1\n|\n|-heal|p1a: Gliscor|39/239 tox|[from] ability: Poison Heal\n|upkeep\n|turn|32\n|\n|t:|1771203659\n|move|p1a: Gliscor|Knock Off|p2a: Rayquaza\n|-damage|p2a: Rayquaza|118/270\n|move|p2a: Rayquaza|Dragon Ascent|p1a: Gliscor\n|-damage|p1a: Gliscor|0 fnt\n|-unboost|p2a: Rayquaza|def|1\n|-unboost|p2a: Rayquaza|spd|1\n|faint|p1a: Gliscor\n|\n|upkeep\n|\n|t:|1771203668\n|switch|p1a: Galvantula|Galvantula, L82, F|249/249\n|turn|33\n|\n|t:|1771203678\n|switch|p2a: Pachirisu|Pachirisu, L96, M|112/271\n|move|p1a: Galvantula|Bug Buzz|p2a: Pachirisu\n|-damage|p2a: Pachirisu|40/271\n|-unboost|p2a: Pachirisu|spd|1\n|\n|upkeep\n|turn|34\n|\n|t:|1771203686\n|move|p2a: Pachirisu|Super Fang|p1a: Galvantula\n|-damage|p1a: Galvantula|125/249\n|move|p1a: Galvantula|Sticky Web|p2a: Pachirisu\n|-sidestart|p2: Overload3d|move: Sticky Web\n|\n|upkeep\n|turn|35\n|\n|t:|1771203693\n|move|p2a: Pachirisu|Discharge|p1a: Galvantula\n|-resisted|p1a: Galvantula\n|-damage|p1a: Galvantula|85/249\n|move|p1a: Galvantula|Bug Buzz|p2a: Pachirisu\n|-damage|p2a: Pachirisu|0 fnt\n|faint|p2a: Pachirisu\n|\n|upkeep\n|\n|t:|1771203703\n|switch|p2a: Ambipom|Ambipom, L84, M, tera:Normal|124/263\n|-status|p2a: Ambipom|tox\n|-activate|p2a: Ambipom|move: Sticky Web\n|-unboost|p2a: Ambipom|spe|1\n|turn|36\n|\n|t:|1771203715\n|switch|p1a: Quagsire|Quagsire, L84, M|109/297\n|move|p2a: Ambipom|Fake Out|p1a: Quagsire\n|-damage|p1a: Quagsire|0 fnt\n|faint|p1a: Quagsire\n|\n|-damage|p2a: Ambipom|108/263 tox|[from] psn\n|upkeep\n|\n|t:|1771203734\n|switch|p1a: Ho-Oh|Ho-Oh, L71|215/268\n|turn|37\n|\n|t:|1771203742\n|switch|p2a: Serperior|Serperior, L79, M|218/248 tox\n|-activate|p2a: Serperior|move: Sticky Web\n|-boost|p2a: Serperior|spe|1\n|move|p1a: Ho-Oh|Recover|p1a: Ho-Oh\n|-heal|p1a: Ho-Oh|268/268\n|\n|-heal|p2a: Serperior|233/248 tox|[from] item: Leftovers\n|-damage|p2a: Serperior|218/248 tox|[from] psn\n|upkeep\n|turn|38\n|\n|t:|1771203750\n|move|p2a: Serperior|Leech Seed|p1a: Ho-Oh|[miss]\n|-miss|p2a: Serperior|p1a: Ho-Oh\n|move|p1a: Ho-Oh|Brave Bird|p2a: Serperior\n|-supereffective|p2a: Serperior\n|-damage|p2a: Serperior|2/248 tox\n|-damage|p1a: Ho-Oh|197/268|[from] Recoil\n|\n|-heal|p2a: Serperior|17/248 tox|[from] item: Leftovers\n|-damage|p2a: Serperior|0 fnt|[from] psn\n|faint|p2a: Serperior\n|upkeep\n|\n|t:|1771203765\n|switch|p2a: Plusle|Plusle, L95, M|268/268\n|-status|p2a: Plusle|tox\n|-activate|p2a: Plusle|move: Sticky Web\n|-unboost|p2a: Plusle|spe|1\n|turn|39\n|\n|t:|1771203776\n|-terastallize|p1a: Ho-Oh|Ground\n|move|p1a: Ho-Oh|Earthquake|p2a: Plusle\n|-supereffective|p2a: Plusle\n|-damage|p2a: Plusle|0 fnt\n|faint|p2a: Plusle\n|\n|upkeep\n|\n|t:|1771203785\n|switch|p2a: Gurdurr|Gurdurr, L85, M|216/283 tox\n|-activate|p2a: Gurdurr|move: Sticky Web\n|-unboost|p2a: Gurdurr|spe|1\n|turn|40\n|\n|t:|1771203800\n|move|p1a: Ho-Oh|Brave Bird|p2a: Gurdurr\n|-supereffective|p2a: Gurdurr\n|-damage|p2a: Gurdurr|0 fnt\n|faint|p2a: Gurdurr\n|-damage|p1a: Ho-Oh|126/268|[from] Recoil\n|\n|upkeep\n|\n|t:|1771203807\n|switch|p2a: Ambipom|Ambipom, L84, M, tera:Normal|108/263 tox\n|-activate|p2a: Ambipom|move: Sticky Web\n|-unboost|p2a: Ambipom|spe|1\n|turn|41\n|\n|t:|1771203811\n|switch|p1a: Galvantula|Galvantula, L82, F|85/249\n|move|p2a: Ambipom|Fake Out|p1a: Galvantula\n|-damage|p1a: Galvantula|0 fnt\n|faint|p1a: Galvantula\n|\n|-damage|p2a: Ambipom|92/263 tox|[from] psn\n|upkeep\n|\n|t:|1771203821\n|switch|p1a: Eternatus|Eternatus, L69|221/308\n|-ability|p1a: Eternatus|Pressure\n|turn|42\n|\n|t:|1771203831\n|move|p1a: Eternatus|Meteor Beam||[still]\n|-prepare|p1a: Eternatus|Meteor Beam\n|-boost|p1a: Eternatus|spa|1\n|-enditem|p1a: Eternatus|Power Herb\n|-anim|p1a: Eternatus|Meteor Beam|p2a: Ambipom\n|-damage|p2a: Ambipom|0 fnt\n|faint|p2a: Ambipom\n|\n|upkeep\n|\n|t:|1771203833\n|switch|p2a: Rayquaza|Rayquaza, L72|118/270\n|-ability|p2a: Rayquaza|Air Lock\n|turn|43\n|\n|t:|1771203841\n|move|p1a: Eternatus|Dynamax Cannon|p2a: Rayquaza\n|-supereffective|p2a: Rayquaza\n|-damage|p2a: Rayquaza|0 fnt\n|faint|p2a: Rayquaza\n|\n|win|shuri2060\n|raw|shuri2060's rating: 1734 &rarr; <strong>1755</strong><br />(+21 for winning)\n|raw|Overload3d's rating: 1743 &rarr; <strong>1722</strong><br />(-21 for losing)\n|l|‽Overload3d\n|player|p2|\n", "inputlog": ">version 686819e5e19f8a7fd2345cfc5a08a5085efa2cc3\n>start {\"formatid\":\"gen9randombattle\",\"seed\":\"sodium,97acebbf8775a9f963095c250ae0146d\",\"rated\":\"Rated battle\"}\n>player p1 {\"name\":\"shuri2060\",\"avatar\":\"2\",\"rating\":1734,\"seed\":\"sodium,bc4a35b799701fe0c591afb35fff092f\"}\n>player p2 {\"name\":\"Overload3d\",\"avatar\":\"265\",\"rating\":1743,\"seed\":\"sodium,c099319606f79c4205c52671283de09e\"}\n>p1 move meteorbeam\n>p2 move fakeout\n>p1 switch 4\n>p2 move doubleedge terastallize\n>p1 move protect\n>p2 move doubleedge\n>p1 switch 5\n>p2 move doubleedge\n>p1 move suckerpunch\n>p2 switch 6\n>p1 move knockoff\n>p2 move machpunch\n>p1 switch 5\n>p1 move toxicspikes\n>p2 move bulkup\n>p1 move knockoff\n>p2 move bulkup\n>p1 move toxicspikes\n>p2 move drainpunch\n>p1 switch 3\n>p2 move bulkup\n>p1 move earthquake\n>p2 move knockoff\n>p1 move earthquake\n>p2 move drainpunch\n>p1 move recover\n>p2 move drainpunch\n>p1 move recover\n>p2 move drainpunch\n>p1 move icebeam\n>p2 move drainpunch\n>p1 move recover\n>p2 move drainpunch\n>p1 move recover\n>p2 move drainpunch\n>p1 move toxic\n>p2 move drainpunch\n>p1 move recover\n>p2 move drainpunch\n>p1 move recover\n>p2 move drainpunch\n>p1 move recover\n>p2 switch 4\n>p1 switch 2\n>p2 move leafstorm\n>p1 move bravebird\n>p2 switch 5\n>p1 switch 2\n>p2 move superfang\n>p1 move toxic\n>p2 move uturn\n>p2 switch 4\n>p1 switch 2\n>p2 move drainpunch\n>p1 move sacredfire\n>p2 switch 4\n>p1 switch 3\n>p2 move superfang\n>p1 move knockoff\n>p2 switch 2\n>p1 switch 3\n>p2 move dragonascent\n>p1 switch 3\n>p2 move dragonascent\n>p1 move knockoff\n>p2 move dragonascent\n>p1 switch 6\n>p1 move bugbuzz\n>p2 switch 2\n>p1 move stickyweb\n>p2 move superfang\n>p1 move bugbuzz\n>p2 move discharge\n>p2 switch 6\n>p1 switch 2\n>p2 move fakeout\n>p1 switch 3\n>p1 move recover\n>p2 switch 5\n>p1 move bravebird\n>p2 move leechseed\n>p2 switch 3\n>p1 move earthquake terastallize\n>p2 move thunderbolt\n>p2 switch 4\n>p1 move bravebird\n>p2 move drainpunch\n>p2 switch 5\n>p1 switch 2\n>p2 move fakeout\n>p1 switch 4\n>p1 move meteorbeam\n>p2 move doubleedge\n>p2 switch 2\n>p1 move dynamaxcannon\n>p2 move scaleshot", "uploadtime": 1771203847, "views": 9, "formatid": "gen9randombattle", "rating": 1722, "private": 0, "password": null}