{"id": "gen9randombattle-2540574633", "format": "[Gen 9] Random Battle", "players": ["BladeDiamond", "bardic inspo"], "log": "|j|☆BladeDiamond\n|j|☆bardic inspo\n|t:|1771220377\n|gametype|singles\n|player|p1|BladeDiamond|n-masters3|1665\n|player|p2|bardic inspo|beauty-gen7|1620\n|gen|9\n|tier|[Gen 9] Random Battle\n|rated|\n|rule|Species Clause: Limit one of each Pokémon\n|rule|HP Percentage Mod: HP is shown in percentages\n|rule|Sleep Clause Mod: Limit one foe put to sleep\n|rule|Illusion Level Mod: Illusion disguises the Pokémon's true level\n|\n|t:|1771220377\n|teamsize|p1|6\n|teamsize|p2|6\n|start\n|switch|p1a: Delphox|Delphox, L84, F|263/263\n|switch|p2a: Tentacruel|Tentacruel, L84, F|272/272\n|turn|1\n|\n|t:|1771220418\n|move|p1a: Delphox|Psyshock|p2a: Tentacruel\n|-supereffective|p2a: Tentacruel\n|-damage|p2a: Tentacruel|18/272\n|move|p2a: Tentacruel|Surf|p1a: Delphox\n|-supereffective|p1a: Delphox\n|-damage|p1a: Delphox|117/263\n|\n|-heal|p2a: Tentacruel|35/272|[from] item: Leftovers\n|upkeep\n|turn|2\n|\n|t:|1771220442\n|switch|p2a: Toedscruel|Toedscruel, L87, M|281/281\n|move|p1a: Delphox|Psyshock|p2a: Toedscruel\n|-crit|p2a: Toedscruel\n|-damage|p2a: Toedscruel|121/281\n|\n|-heal|p2a: Toedscruel|138/281|[from] item: Leftovers\n|upkeep\n|turn|3\n|\n|t:|1771220461\n|switch|p1a: Ursaring|Ursaring, L84, F|288/288\n|move|p2a: Toedscruel|Earth Power|p1a: Ursaring\n|-damage|p1a: Ursaring|182/288\n|\n|-heal|p2a: Toedscruel|155/281|[from] item: Leftovers\n|-status|p1a: Ursaring|tox|[from] item: Toxic Orb\n|upkeep\n|turn|4\n|\n|t:|1771220471\n|move|p2a: Toedscruel|Earth Power|p1a: Ursaring\n|-damage|p1a: Ursaring|83/288 tox\n|move|p1a: Ursaring|Facade|p2a: Toedscruel\n|-damage|p2a: Toedscruel|0 fnt\n|faint|p2a: Toedscruel\n|\n|-damage|p1a: Ursaring|65/288 tox|[from] psn\n|upkeep\n|\n|t:|1771220476\n|switch|p2a: Klawf|Klawf, L90, M|272/272\n|turn|5\n|\n|t:|1771220496\n|move|p1a: Ursaring|Swords Dance|p1a: Ursaring\n|-boost|p1a: Ursaring|atk|2\n|move|p2a: Klawf|Swords Dance|p2a: Klawf\n|-boost|p2a: Klawf|atk|2\n|\n|-damage|p1a: Ursaring|29/288 tox|[from] psn\n|upkeep\n|turn|6\n|\n|t:|1771220501\n|move|p1a: Ursaring|Close Combat|p2a: Klawf\n|-supereffective|p2a: Klawf\n|-damage|p2a: Klawf|0 fnt\n|-unboost|p1a: Ursaring|def|1\n|-unboost|p1a: Ursaring|spd|1\n|faint|p2a: Klawf\n|\n|-damage|p1a: Ursaring|0 fnt|[from] psn\n|faint|p1a: Ursaring\n|upkeep\n|\n|t:|1771220511\n|switch|p2a: Chandelure|Chandelure, L83, F|235/235\n|switch|p1a: Delphox|Delphox, L84, F|117/263\n|turn|7\n|\n|t:|1771220517\n|switch|p1a: Skuntank|Skuntank, L84, F|310/310\n|move|p2a: Chandelure|Shadow Ball|p1a: Skuntank\n|-resisted|p1a: Skuntank\n|-damage|p1a: Skuntank|231/310\n|\n|upkeep\n|turn|8\n|\n|t:|1771220542\n|switch|p2a: Clefable|Clefable, L83, M|293/293\n|move|p1a: Skuntank|Knock Off|p2a: Clefable\n|-resisted|p2a: Clefable\n|-damage|p2a: Clefable|218/293\n|-enditem|p2a: Clefable|Life Orb|[from] move: Knock Off|[of] p1a: Skuntank\n|-damage|p1a: Skuntank|200/310|[from] item: Life Orb\n|\n|upkeep\n|turn|9\n|\n|t:|1771220553\n|move|p1a: Skuntank|Gunk Shot|p2a: Clefable\n|-supereffective|p2a: Clefable\n|-damage|p2a: Clefable|0 fnt\n|faint|p2a: Clefable\n|-damage|p1a: Skuntank|169/310|[from] item: Life Orb\n|\n|upkeep\n|\n|t:|1771220557\n|switch|p2a: Keldeo|Keldeo-Resolute, L79|273/273\n|turn|10\n|\n|t:|1771220567\n|move|p2a: Keldeo|Substitute|p2a: Keldeo\n|-start|p2a: Keldeo|Substitute\n|-damage|p2a: Keldeo|205/273\n|move|p1a: Skuntank|Gunk Shot|p2a: Keldeo\n|-end|p2a: Keldeo|Substitute\n|-damage|p1a: Skuntank|138/310|[from] item: Life Orb\n|\n|-heal|p2a: Keldeo|222/273|[from] item: Leftovers\n|upkeep\n|turn|11\n|\n|t:|1771220609\n|move|p2a: Keldeo|Secret Sword|p1a: Skuntank\n|-damage|p1a: Skuntank|20/310\n|move|p1a: Skuntank|Knock Off|p2a: Keldeo\n|-resisted|p2a: Keldeo\n|-damage|p2a: Keldeo|160/273\n|-ability|p2a: Keldeo|Justified|boost\n|-boost|p2a: Keldeo|atk|1\n|-enditem|p2a: Keldeo|Leftovers|[from] move: Knock Off|[of] p1a: Skuntank\n|-damage|p1a: Skuntank|0 fnt|[from] item: Life Orb\n|faint|p1a: Skuntank\n|\n|upkeep\n|\n|t:|1771220628\n|switch|p1a: Delphox|Delphox, L84, F|117/263\n|turn|12\n|\n|t:|1771220641\n|move|p1a: Delphox|Psyshock|p2a: Keldeo\n|-supereffective|p2a: Keldeo\n|-damage|p2a: Keldeo|0 fnt\n|faint|p2a: Keldeo\n|\n|upkeep\n|\n|t:|1771220646\n|switch|p2a: Chandelure|Chandelure, L83, F|235/235\n|turn|13\n|\n|t:|1771220650\n|switch|p1a: Poliwrath|Poliwrath, L88, F|302/302\n|move|p2a: Chandelure|Shadow Ball|p1a: Poliwrath\n|-damage|p1a: Poliwrath|230/302\n|\n|upkeep\n|turn|14\n|\n|t:|1771220683\n|move|p2a: Chandelure|Shadow Ball|p1a: Poliwrath\n|-damage|p1a: Poliwrath|155/302\n|move|p1a: Poliwrath|Liquidation|p2a: Chandelure\n|-supereffective|p2a: Chandelure\n|-damage|p2a: Chandelure|49/235\n|\n|upkeep\n|turn|15\n|-message|bardic inspo forfeited.\n|\n|win|BladeDiamond\n|raw|BladeDiamond's rating: 1665 &rarr; <strong>1682</strong><br />(+17 for winning)\n|raw|bardic inspo's rating: 1620 &rarr; <strong>1603</strong><br />(-17 for losing)\n|l|☆bardic inspo\n|player|p2|\n", "inputlog": ">version 686819e5e19f8a7fd2345cfc5a08a5085efa2cc3\n>start {\"formatid\":\"gen9randombattle\",\"seed\":\"sodium,eca410f21f31fc029cd2ca5b7a1d47f3\",\"rated\":\"Rated battle\"}\n>player p1 {\"name\":\"BladeDiamond\",\"avatar\":\"n-masters3\",\"rating\":1665,\"seed\":\"sodium,987af04b6068436ef50123badbce00a0\"}\n>player p2 {\"name\":\"bardic inspo\",\"avatar\":\"beauty-gen7\",\"rating\":1620,\"seed\":\"sodium,e4d82900d19bcfe9c1fa16441b526773\"}\n>p1 move psyshock\n>p2 move surf\n>p1 move psyshock\n>p2 switch 5\n>p1 switch 5\n>p2 move earthpower\n>p1 move facade\n>p2 move earthpower\n>p2 switch 3\n>p1 move swordsdance\n>p2 move swordsdance\n>p1 move closecombat\n>p2 move knockoff\n>p1 switch 5\n>p2 switch 4\n>p1 switch 6\n>p2 move shadowball\n>p1 move knockoff\n>p2 switch 6\n>p1 move gunkshot\n>p2 move moonblast\n>p2 switch 2\n>p1 move gunkshot\n>p2 move substitute\n>p1 move knockoff\n>p2 move secretsword\n>p1 switch 6\n>p1 move psyshock\n>p2 move hydropump\n>p2 switch 6\n>p1 switch 2\n>p2 move shadowball\n>p1 move liquidation\n>p2 move shadowball\n>forcelose p2", "uploadtime": 1771220694, "views": 13, "formatid": "gen9randombattle", "rating": 1603, "private": 0, "password": null}