{"id": "gen9randombattle-2540364911", "format": "[Gen 9] Random Battle", "players": ["xcom-jenkins", "jfer4"], "log": "|j|☆xcom-jenkins\n|j|☆jfer4\n|t:|1771193319\n|gametype|singles\n|player|p1|xcom-jenkins|102|1718\n|player|p2|jfer4|169|1773\n|gen|9\n|tier|[Gen 9] Random Battle\n|rated|\n|rule|Species Clause: Limit one of each Pokémon\n|rule|HP Percentage Mod: HP is shown in percentages\n|rule|Sleep Clause Mod: Limit one foe put to sleep\n|rule|Illusion Level Mod: Illusion disguises the Pokémon's true level\n|\n|t:|1771193319\n|teamsize|p1|6\n|teamsize|p2|6\n|start\n|switch|p1a: Annihilape|Annihilape, L76, F|292/292\n|switch|p2a: Arbok|Arbok, L87, M|246/246\n|-ability|p2a: Arbok|Intimidate|boost\n|-unboost|p1a: Annihilape|atk|1\n|-ability|p1a: Annihilape|Defiant|boost\n|-boost|p1a: Annihilape|atk|2\n|turn|1\n|inactive|Battle timer is ON: inactive players will automatically lose when time's up. (requested by xcom-jenkins)\n|\n|t:|1771193331\n|move|p2a: Arbok|Toxic Spikes|p1a: Annihilape\n|-sidestart|p1: xcom-jenkins|move: Toxic Spikes\n|move|p1a: Annihilape|Taunt|p2a: Arbok\n|-start|p2a: Arbok|move: Taunt\n|\n|upkeep\n|turn|2\n|\n|t:|1771193347\n|switch|p2a: Suicune|Suicune, L82|298/298\n|-ability|p2a: Suicune|Pressure\n|move|p1a: Annihilape|Bulk Up|p1a: Annihilape\n|-boost|p1a: Annihilape|atk|1\n|-boost|p1a: Annihilape|def|1\n|\n|upkeep\n|turn|3\n|\n|t:|1771193355\n|move|p2a: Suicune|Substitute|p2a: Suicune\n|-start|p2a: Suicune|Substitute\n|-damage|p2a: Suicune|224/298\n|move|p1a: Annihilape|Drain Punch|p2a: Suicune\n|-end|p2a: Suicune|Substitute\n|\n|-heal|p2a: Suicune|242/298|[from] item: Leftovers\n|upkeep\n|turn|4\n|\n|t:|1771193362\n|move|p2a: Suicune|Scald|p1a: Annihilape\n|-damage|p1a: Annihilape|207/292\n|move|p1a: Annihilape|Drain Punch|p2a: Suicune\n|-damage|p2a: Suicune|109/298\n|-heal|p1a: Annihilape|274/292|[from] drain|[of] p2a: Suicune\n|\n|-heal|p2a: Suicune|127/298|[from] item: Leftovers\n|-heal|p1a: Annihilape|292/292|[from] item: Leftovers\n|upkeep\n|turn|5\n|\n|t:|1771193370\n|move|p2a: Suicune|Scald|p1a: Annihilape\n|-damage|p1a: Annihilape|208/292\n|move|p1a: Annihilape|Drain Punch|p2a: Suicune\n|-damage|p2a: Suicune|4/298\n|-heal|p1a: Annihilape|270/292|[from] drain|[of] p2a: Suicune\n|\n|-heal|p2a: Suicune|22/298|[from] item: Leftovers\n|-heal|p1a: Annihilape|288/292|[from] item: Leftovers\n|upkeep\n|turn|6\n|\n|t:|1771193375\n|move|p2a: Suicune|Scald|p1a: Annihilape\n|-damage|p1a: Annihilape|210/292\n|move|p1a: Annihilape|Rage Fist|p2a: Suicune\n|-damage|p2a: Suicune|0 fnt\n|faint|p2a: Suicune\n|\n|-heal|p1a: Annihilape|228/292|[from] item: Leftovers\n|upkeep\n|\n|t:|1771193390\n|switch|p2a: Espeon|Espeon, L84, M|246/246\n|turn|7\n|\n|t:|1771193395\n|-terastallize|p1a: Annihilape|Fairy\n|move|p2a: Espeon|Psychic|p1a: Annihilape\n|-damage|p1a: Annihilape|72/292\n|-damage|p2a: Espeon|222/246|[from] item: Life Orb\n|move|p1a: Annihilape|Rage Fist|p2a: Espeon\n|-supereffective|p2a: Espeon\n|-damage|p2a: Espeon|0 fnt\n|faint|p2a: Espeon\n|\n|-heal|p1a: Annihilape|90/292|[from] item: Leftovers\n|upkeep\n|\n|t:|1771193407\n|switch|p2a: Arbok|Arbok, L87, M|246/246\n|-ability|p2a: Arbok|Intimidate|boost\n|-unboost|p1a: Annihilape|atk|1\n|-ability|p1a: Annihilape|Defiant|boost\n|-boost|p1a: Annihilape|atk|2\n|turn|8\n|\n|t:|1771193413\n|move|p2a: Arbok|Gunk Shot|p1a: Annihilape\n|-supereffective|p1a: Annihilape\n|-damage|p1a: Annihilape|0 fnt\n|faint|p1a: Annihilape\n|\n|upkeep\n|\n|t:|1771193419\n|switch|p1a: Venomoth|Venomoth, L84, M|255/255\n|-sideend|p1: xcom-jenkins|move: Toxic Spikes|[of] p1a: Venomoth\n|turn|9\n|\n|t:|1771193424\n|move|p1a: Venomoth|Sleep Powder|p2a: Arbok\n|-status|p2a: Arbok|slp|[from] move: Sleep Powder\n|cant|p2a: Arbok|slp\n|\n|upkeep\n|turn|10\n|\n|t:|1771193429\n|switch|p2a: Hippowdon|Hippowdon, L82, F|311/311\n|-weather|Sandstorm|[from] ability: Sand Stream|[of] p2a: Hippowdon\n|move|p1a: Venomoth|Quiver Dance|p1a: Venomoth\n|-boost|p1a: Venomoth|spa|1\n|-boost|p1a: Venomoth|spd|1\n|-boost|p1a: Venomoth|spe|1\n|\n|-weather|Sandstorm|[upkeep]\n|-damage|p1a: Venomoth|240/255|[from] Sandstorm\n|upkeep\n|turn|11\n|\n|t:|1771193437\n|move|p1a: Venomoth|Bug Buzz|p2a: Hippowdon\n|-crit|p2a: Hippowdon\n|-damage|p2a: Hippowdon|73/311\n|move|p2a: Hippowdon|Stone Edge|p1a: Venomoth\n|-supereffective|p1a: Venomoth\n|-damage|p1a: Venomoth|52/255\n|\n|-weather|Sandstorm|[upkeep]\n|-damage|p1a: Venomoth|37/255|[from] Sandstorm\n|-heal|p2a: Hippowdon|92/311|[from] item: Leftovers\n|upkeep\n|turn|12\n|\n|t:|1771193444\n|move|p1a: Venomoth|Bug Buzz|p2a: Hippowdon\n|-damage|p2a: Hippowdon|0 fnt\n|faint|p2a: Hippowdon\n|\n|-weather|Sandstorm|[upkeep]\n|-damage|p1a: Venomoth|22/255|[from] Sandstorm\n|upkeep\n|\n|t:|1771193450\n|switch|p2a: Iron Treads|Iron Treads, L77|265/265\n|turn|13\n|\n|t:|1771193458\n|switch|p1a: Mismagius|Mismagius, L86, M|243/243\n|move|p2a: Iron Treads|Rapid Spin|p1a: Mismagius\n|-immune|p1a: Mismagius\n|\n|-weather|Sandstorm|[upkeep]\n|-damage|p1a: Mismagius|228/243|[from] Sandstorm\n|upkeep\n|turn|14\n|\n|t:|1771193465\n|move|p1a: Mismagius|Nasty Plot|p1a: Mismagius\n|-boost|p1a: Mismagius|spa|2\n|move|p2a: Iron Treads|Iron Head|p1a: Mismagius\n|-damage|p1a: Mismagius|120/243\n|\n|-weather|none\n|upkeep\n|turn|15\n|\n|t:|1771193469\n|move|p1a: Mismagius|Mystical Fire|p2a: Iron Treads\n|-supereffective|p2a: Iron Treads\n|-damage|p2a: Iron Treads|0 fnt\n|faint|p2a: Iron Treads\n|-end|p2a: Iron Treads|Quark Drive|[silent]\n|-damage|p1a: Mismagius|96/243|[from] item: Life Orb\n|\n|upkeep\n|\n|t:|1771193472\n|switch|p2a: Dondozo|Dondozo, L78, F|362/362\n|turn|16\n|\n|t:|1771193484\n|switch|p1a: Shiftry|Shiftry, L89, M|305/305\n|move|p2a: Dondozo|Curse|p2a: Dondozo\n|-unboost|p2a: Dondozo|spe|1\n|-boost|p2a: Dondozo|atk|1\n|-boost|p2a: Dondozo|def|1\n|\n|upkeep\n|turn|17\n|\n|t:|1771193504\n|switch|p2a: Arbok|Arbok, L87, M|246/246 slp\n|-ability|p2a: Arbok|Intimidate|boost\n|-unboost|p1a: Shiftry|atk|1\n|move|p1a: Shiftry|Tailwind|p1a: Shiftry\n|-sidestart|p1: xcom-jenkins|move: Tailwind\n|-ability|p1a: Shiftry|Wind Rider|boost\n|-boost|p1a: Shiftry|atk|1\n|\n|upkeep\n|turn|18\n|\n|t:|1771193511\n|move|p1a: Shiftry|Knock Off|p2a: Arbok\n|-damage|p2a: Arbok|58/246 slp\n|-enditem|p2a: Arbok|Focus Sash|[from] move: Knock Off|[of] p1a: Shiftry\n|-damage|p1a: Shiftry|275/305|[from] item: Life Orb\n|cant|p2a: Arbok|slp\n|\n|upkeep\n|turn|19\n|\n|t:|1771193514\n|move|p1a: Shiftry|Knock Off|p2a: Arbok\n|-damage|p2a: Arbok|0 fnt\n|faint|p2a: Arbok\n|-damage|p1a: Shiftry|245/305|[from] item: Life Orb\n|\n|upkeep\n|\n|t:|1771193517\n|switch|p2a: Dondozo|Dondozo, L78, F|362/362\n|turn|20\n|\n|t:|1771193522\n|-terastallize|p2a: Dondozo|Fairy\n|move|p1a: Shiftry|Knock Off|p2a: Dondozo\n|-resisted|p2a: Dondozo\n|-damage|p2a: Dondozo|289/362\n|-enditem|p2a: Dondozo|Leftovers|[from] move: Knock Off|[of] p1a: Shiftry\n|-damage|p1a: Shiftry|215/305|[from] item: Life Orb\n|move|p2a: Dondozo|Curse|p2a: Dondozo\n|-unboost|p2a: Dondozo|spe|1\n|-boost|p2a: Dondozo|atk|1\n|-boost|p2a: Dondozo|def|1\n|\n|-sideend|p1: xcom-jenkins|move: Tailwind\n|upkeep\n|turn|21\n|\n|t:|1771193531\n|switch|p1a: Mismagius|Mismagius, L86, M|96/243\n|move|p2a: Dondozo|Curse|p2a: Dondozo\n|-unboost|p2a: Dondozo|spe|1\n|-boost|p2a: Dondozo|atk|1\n|-boost|p2a: Dondozo|def|1\n|\n|upkeep\n|turn|22\n|\n|t:|1771193540\n|move|p1a: Mismagius|Shadow Ball|p2a: Dondozo\n|-damage|p2a: Dondozo|128/362\n|-damage|p1a: Mismagius|72/243|[from] item: Life Orb\n|move|p2a: Dondozo|Rest|p2a: Dondozo\n|-status|p2a: Dondozo|slp|[from] move: Rest\n|-heal|p2a: Dondozo|362/362 slp|[silent]\n|\n|upkeep\n|turn|23\n|\n|t:|1771193547\n|move|p1a: Mismagius|Shadow Ball|p2a: Dondozo\n|-damage|p2a: Dondozo|206/362 slp\n|-damage|p1a: Mismagius|48/243|[from] item: Life Orb\n|cant|p2a: Dondozo|slp\n|move|p2a: Dondozo|Sleep Talk|p2a: Dondozo\n|move|p2a: Dondozo|Wave Crash|p1a: Mismagius|[from] move: Sleep Talk\n|-damage|p1a: Mismagius|0 fnt\n|faint|p1a: Mismagius\n|-damage|p2a: Dondozo|190/362 slp|[from] Recoil\n|\n|upkeep\n|\n|t:|1771193550\n|switch|p1a: Venomoth|Venomoth, L84, M|22/255\n|turn|24\n|\n|t:|1771193560\n|move|p1a: Venomoth|Sludge Wave|p2a: Dondozo\n|-supereffective|p2a: Dondozo\n|-damage|p2a: Dondozo|0 fnt\n|faint|p2a: Dondozo\n|\n|win|xcom-jenkins\n|raw|xcom-jenkins's rating: 1718 &rarr; <strong>1741</strong><br />(+23 for winning)\n|raw|jfer4's rating: 1773 &rarr; <strong>1750</strong><br />(-23 for losing)\n", "inputlog": ">version 686819e5e19f8a7fd2345cfc5a08a5085efa2cc3\n>start {\"formatid\":\"gen9randombattle\",\"seed\":\"sodium,321b5130dedbc5c2b4d9794a652fa563\",\"rated\":\"Rated battle\"}\n>player p1 {\"name\":\"xcom-jenkins\",\"avatar\":\"102\",\"rating\":1718,\"seed\":\"sodium,ce2e761b2d73dc5ea07de95d7c859f93\"}\n>player p2 {\"name\":\"jfer4\",\"avatar\":\"169\",\"rating\":1773,\"seed\":\"sodium,45de11a073da693edb15683f0aa3fa31\"}\n>p1 move taunt\n>p2 move toxicspikes\n>p1 move bulkup\n>p2 switch 2\n>p1 move drainpunch\n>p2 move substitute\n>p1 move drainpunch\n>p2 move scald\n>p1 move drainpunch\n>p2 move scald\n>p1 move ragefist\n>p2 move scald\n>p2 switch 3\n>p1 move ragefist terastallize\n>p2 move psychic\n>p2 switch 2\n>p1 move ragefist\n>p2 move gunkshot\n>p1 switch 3\n>p1 move sleeppowder\n>p2 move knockoff\n>p1 move quiverdance\n>p2 switch 5\n>p1 move bugbuzz\n>p2 move stoneedge\n>p1 move bugbuzz\n>p2 move earthquake\n>p2 switch 4\n>p1 switch 2\n>p2 move rapidspin\n>p1 move nastyplot\n>p2 move ironhead\n>p1 move mysticalfire\n>p2 move ironhead\n>p2 switch 6\n>p1 switch 4\n>p2 move curse\n>p1 move tailwind\n>p2 switch 5\n>p1 move knockoff\n>p2 move gunkshot\n>p1 move knockoff\n>p2 move gunkshot\n>p2 switch 5\n>p1 move knockoff\n>p2 move curse terastallize\n>p1 switch 4\n>p2 move curse\n>p1 move shadowball\n>p2 move rest\n>p1 move shadowball\n>p2 move sleeptalk\n>p1 switch 2\n>p1 move sludgewave\n>p2 move sleeptalk", "uploadtime": 1771193562, "views": 6, "formatid": "gen9randombattle", "rating": 1741, "private": 0, "password": null}