{"id": "gen9randombattle-2540713380", "format": "[Gen 9] Random Battle", "players": ["SmartSh!t", "Flakenz"], "log": "|j|☆SmartSh!t\n|j|☆Flakenz\n|t:|1771244517\n|gametype|singles\n|player|p1|SmartSh!t|blue-gen2|1611\n|player|p2|Flakenz|102|1593\n|gen|9\n|tier|[Gen 9] Random Battle\n|rated|\n|rule|Species Clause: Limit one of each Pokémon\n|rule|HP Percentage Mod: HP is shown in percentages\n|rule|Sleep Clause Mod: Limit one foe put to sleep\n|rule|Illusion Level Mod: Illusion disguises the Pokémon's true level\n|\n|t:|1771244517\n|teamsize|p1|6\n|teamsize|p2|6\n|start\n|switch|p1a: Vaporeon|Vaporeon, L86, M|364/364\n|switch|p2a: Munkidori|Munkidori, L79, M|269/269\n|turn|1\n|inactive|Battle timer is ON: inactive players will automatically lose when time's up. (requested by SmartSh!t)\n|\n|t:|1771244529\n|move|p1a: Vaporeon|Protect|p1a: Vaporeon\n|-singleturn|p1a: Vaporeon|Protect\n|move|p2a: Munkidori|Fake Out|p1a: Vaporeon\n|-activate|p1a: Vaporeon|move: Protect\n|\n|upkeep\n|turn|2\n|\n|t:|1771244546\n|move|p2a: Munkidori|U-turn|p1a: Vaporeon\n|-damage|p1a: Vaporeon|320/364\n|-status|p1a: Vaporeon|tox|[from] ability: Toxic Chain|[of] p2a: Munkidori\n|\n|t:|1771244556\n|switch|p2a: Electrode|Electrode-Hisui, L87|246/246|[from] U-turn\n|move|p1a: Vaporeon|Wish|p1a: Vaporeon\n|\n|-heal|p1a: Vaporeon|342/364 tox|[from] item: Leftovers\n|-damage|p1a: Vaporeon|320/364 tox|[from] psn\n|upkeep\n|turn|3\n|\n|t:|1771244568\n|switch|p1a: Jolteon|Jolteon, L84, F|246/246\n|move|p2a: Electrode|Substitute|p2a: Electrode\n|-start|p2a: Electrode|Substitute\n|-damage|p2a: Electrode|185/246\n|\n|-heal|p2a: Electrode|200/246|[from] item: Leftovers\n|upkeep\n|turn|4\n|\n|t:|1771244583\n|move|p2a: Electrode|Leech Seed|p1a: Jolteon\n|-start|p1a: Jolteon|move: Leech Seed\n|move|p1a: Jolteon|Alluring Voice|p2a: Electrode\n|-immune|p2a: Electrode|[from] ability: Soundproof\n|\n|-heal|p2a: Electrode|215/246|[from] item: Leftovers\n|-damage|p1a: Jolteon|216/246|[from] Leech Seed|[of] p2a: Electrode\n|-heal|p2a: Electrode|245/246|[silent]\n|upkeep\n|turn|5\n|\n|t:|1771244595\n|switch|p1a: Vaporeon|Vaporeon, L86, M|320/364 tox\n|move|p2a: Electrode|Giga Drain|p1a: Vaporeon\n|-supereffective|p1a: Vaporeon\n|-damage|p1a: Vaporeon|192/364 tox\n|-heal|p2a: Electrode|246/246|[from] drain|[of] p1a: Vaporeon\n|\n|-heal|p1a: Vaporeon|214/364 tox|[from] item: Leftovers\n|-damage|p1a: Vaporeon|192/364 tox|[from] psn\n|upkeep\n|turn|6\n|\n|t:|1771244606\n|switch|p1a: Snorlax|Snorlax, L82, F|397/397\n|move|p2a: Electrode|Leech Seed|p1a: Snorlax\n|-start|p1a: Snorlax|move: Leech Seed\n|\n|-damage|p1a: Snorlax|348/397|[from] Leech Seed|[of] p2a: Electrode\n|upkeep\n|turn|7\n|inactive|Flakenz has 120 seconds left.\n|\n|t:|1771244627\n|switch|p2a: Infernape|Infernape, L82, F|259/259\n|move|p1a: Snorlax|Body Slam|p2a: Infernape\n|-damage|p2a: Infernape|153/259\n|\n|-heal|p1a: Snorlax|372/397|[from] item: Leftovers\n|-damage|p1a: Snorlax|323/397|[from] Leech Seed|[of] p2a: Infernape\n|-heal|p2a: Infernape|202/259|[silent]\n|upkeep\n|turn|8\n|inactive|Flakenz has 120 seconds left.\n|\n|t:|1771244638\n|switch|p1a: Hoopa|Hoopa, L85|275/275\n|move|p2a: Infernape|Close Combat|p1a: Hoopa\n|-immune|p1a: Hoopa\n|\n|upkeep\n|turn|9\n|inactive|Flakenz has 120 seconds left.\n|\n|t:|1771244649\n|switch|p2a: Spiritomb|Spiritomb, L89, F|234/234\n|move|p1a: Hoopa|Psyshock|p2a: Spiritomb\n|-immune|p2a: Spiritomb\n|\n|upkeep\n|turn|10\n|inactive|Flakenz has 120 seconds left.\n|\n|t:|1771244666\n|switch|p1a: Jolteon|Jolteon, L84, F|216/246\n|move|p2a: Spiritomb|Foul Play|p1a: Jolteon\n|-damage|p1a: Jolteon|141/246\n|\n|upkeep\n|turn|11\n|inactive|Flakenz has 120 seconds left.\n|\n|t:|1771244682\n|switch|p2a: Munkidori|Munkidori, L79, M|269/269\n|move|p1a: Jolteon|Volt Switch|p2a: Munkidori\n|-damage|p2a: Munkidori|179/269\n|\n|t:|1771244685\n|switch|p1a: Vaporeon|Vaporeon, L86, M|192/364 tox|[from] Volt Switch\n|\n|-heal|p1a: Vaporeon|214/364 tox|[from] item: Leftovers\n|-damage|p1a: Vaporeon|192/364 tox|[from] psn\n|upkeep\n|turn|12\n|inactive|Flakenz has 120 seconds left.\n|\n|t:|1771244696\n|move|p1a: Vaporeon|Protect|p1a: Vaporeon\n|-singleturn|p1a: Vaporeon|Protect\n|move|p2a: Munkidori|U-turn|p1a: Vaporeon\n|-activate|p1a: Vaporeon|move: Protect\n|\n|-heal|p1a: Vaporeon|214/364 tox|[from] item: Leftovers\n|-damage|p1a: Vaporeon|170/364 tox|[from] psn\n|upkeep\n|turn|13\n|inactive|Flakenz has 120 seconds left.\n|\n|t:|1771244709\n|move|p2a: Munkidori|U-turn|p1a: Vaporeon\n|-damage|p1a: Vaporeon|122/364 tox\n|\n|t:|1771244714\n|switch|p2a: Electrode|Electrode-Hisui, L87|246/246|[from] U-turn\n|move|p1a: Vaporeon|Wish|p1a: Vaporeon\n|\n|-heal|p1a: Vaporeon|144/364 tox|[from] item: Leftovers\n|-damage|p1a: Vaporeon|78/364 tox|[from] psn\n|upkeep\n|turn|14\n|\n|t:|1771244724\n|move|p2a: Electrode|Giga Drain|p1a: Vaporeon\n|-supereffective|p1a: Vaporeon\n|-damage|p1a: Vaporeon|0 fnt\n|faint|p1a: Vaporeon\n|\n|upkeep\n|\n|t:|1771244731\n|switch|p1a: Sudowoodo|Sudowoodo, L94, M|284/284\n|turn|15\n|inactive|Flakenz has 120 seconds left.\n|\n|t:|1771244752\n|switch|p2a: Goodra|Goodra, L85, M|292/292\n|move|p1a: Sudowoodo|Head Smash|p2a: Goodra\n|-damage|p2a: Goodra|64/292\n|\n|upkeep\n|turn|16\n|inactive|Flakenz has 120 seconds left.\n|\n|t:|1771244762\n|move|p1a: Sudowoodo|Sucker Punch|p2a: Goodra\n|-damage|p2a: Goodra|0 fnt\n|faint|p2a: Goodra\n|\n|upkeep\n|inactive|Flakenz has 120 seconds left.\n|\n|t:|1771244774\n|switch|p2a: Shaymin|Shaymin-Sky, L73|266/266\n|turn|17\n|inactive|Flakenz has 120 seconds left.\n|\n|t:|1771244785\n|move|p2a: Shaymin|Seed Flare|p1a: Sudowoodo\n|-supereffective|p1a: Sudowoodo\n|-damage|p1a: Sudowoodo|6/284\n|-unboost|p1a: Sudowoodo|spd|2\n|move|p1a: Sudowoodo|Head Smash|p2a: Shaymin\n|-supereffective|p2a: Shaymin\n|-damage|p2a: Shaymin|0 fnt\n|faint|p2a: Shaymin\n|\n|-heal|p1a: Sudowoodo|23/284|[from] item: Leftovers\n|upkeep\n|inactive|Flakenz has 120 seconds left.\n|\n|t:|1771244797\n|switch|p2a: Munkidori|Munkidori, L79, M|179/269\n|turn|18\n|inactive|Flakenz has 120 seconds left.\n|\n|t:|1771244802\n|switch|p1a: Hoopa|Hoopa, L85|275/275\n|move|p2a: Munkidori|Fake Out|p1a: Hoopa\n|-immune|p1a: Hoopa\n|\n|upkeep\n|turn|19\n|inactive|Flakenz has 120 seconds left.\n|\n|t:|1771244828\n|-terastallize|p2a: Munkidori|Dark\n|move|p1a: Hoopa|Shadow Ball|p2a: Munkidori\n|-resisted|p2a: Munkidori\n|-damage|p2a: Munkidori|135/269\n|move|p2a: Munkidori|U-turn|p1a: Hoopa\n|-damage|p1a: Hoopa|224/275\n|-status|p1a: Hoopa|tox|[from] ability: Toxic Chain|[of] p2a: Munkidori\n|\n|t:|1771244836\n|switch|p2a: Spiritomb|Spiritomb, L89, F|234/234|[from] U-turn\n|\n|-damage|p1a: Hoopa|207/275 tox|[from] psn\n|upkeep\n|turn|20\n|\n|t:|1771244846\n|switch|p1a: Sudowoodo|Sudowoodo, L94, M|23/284\n|move|p2a: Spiritomb|Foul Play|p1a: Sudowoodo\n|-damage|p1a: Sudowoodo|0 fnt\n|faint|p1a: Sudowoodo\n|\n|upkeep\n|\n|t:|1771244852\n|switch|p1a: Necrozma|Necrozma, L80|286/286\n|turn|21\n|\n|t:|1771244869\n|move|p1a: Necrozma|Dragon Dance|p1a: Necrozma\n|-boost|p1a: Necrozma|atk|1\n|-boost|p1a: Necrozma|spe|1\n|move|p2a: Spiritomb|Poltergeist|p1a: Necrozma\n|-activate|p1a: Necrozma|move: Poltergeist|Weakness Policy\n|-supereffective|p1a: Necrozma\n|-damage|p1a: Necrozma|115/286\n|-enditem|p1a: Necrozma|Weakness Policy\n|-boost|p1a: Necrozma|atk|2|[from] item: Weakness Policy\n|-boost|p1a: Necrozma|spa|2|[from] item: Weakness Policy\n|\n|upkeep\n|turn|22\n|\n|t:|1771244880\n|-terastallize|p1a: Necrozma|Ground\n|move|p2a: Spiritomb|Sucker Punch|p1a: Necrozma\n|-damage|p1a: Necrozma|42/286\n|move|p1a: Necrozma|Knock Off|p2a: Spiritomb\n|-damage|p2a: Spiritomb|85/234\n|-enditem|p2a: Spiritomb|Leftovers|[from] move: Knock Off|[of] p1a: Necrozma\n|\n|upkeep\n|turn|23\n|\n|t:|1771244890\n|move|p2a: Spiritomb|Sucker Punch||[still]\n|-fail|p2a: Spiritomb\n|move|p1a: Necrozma|Dragon Dance|p1a: Necrozma\n|-boost|p1a: Necrozma|atk|1\n|-boost|p1a: Necrozma|spe|1\n|\n|upkeep\n|turn|24\n|\n|t:|1771244903\n|move|p1a: Necrozma|Earthquake|p2a: Spiritomb\n|-damage|p2a: Spiritomb|0 fnt\n|faint|p2a: Spiritomb\n|\n|upkeep\n|\n|t:|1771244913\n|switch|p2a: Electrode|Electrode-Hisui, L87|246/246\n|turn|25\n|\n|t:|1771244930\n|switch|p2a: Infernape|Infernape, L82, F|202/259\n|move|p1a: Necrozma|Earthquake|p2a: Infernape\n|-supereffective|p2a: Infernape\n|-damage|p2a: Infernape|0 fnt\n|faint|p2a: Infernape\n|\n|upkeep\n|\n|t:|1771244937\n|switch|p2a: Munkidori|Munkidori, L79, M, tera:Dark|135/269\n|turn|26\n|\n|t:|1771244940\n|move|p2a: Munkidori|Fake Out|p1a: Necrozma\n|-damage|p1a: Necrozma|21/286\n|-status|p1a: Necrozma|tox|[from] ability: Toxic Chain|[of] p2a: Munkidori\n|cant|p1a: Necrozma|flinch\n|\n|-damage|p1a: Necrozma|4/286 tox|[from] psn\n|upkeep\n|turn|27\n|\n|t:|1771244949\n|move|p1a: Necrozma|Earthquake|p2a: Munkidori\n|-damage|p2a: Munkidori|0 fnt\n|faint|p2a: Munkidori\n|\n|-damage|p1a: Necrozma|0 fnt|[from] psn\n|faint|p1a: Necrozma\n|upkeep\n|\n|t:|1771244955\n|switch|p2a: Electrode|Electrode-Hisui, L87|246/246\n|switch|p1a: Hoopa|Hoopa, L85|207/275 tox\n|turn|28\n|inactive|Flakenz has 120 seconds left.\n|\n|t:|1771244965\n|move|p2a: Electrode|Leech Seed|p1a: Hoopa\n|-start|p1a: Hoopa|move: Leech Seed\n|move|p1a: Hoopa|Trick|p2a: Electrode\n|-activate|p1a: Hoopa|move: Trick|[of] p2a: Electrode\n|-item|p2a: Electrode|Choice Scarf|[from] move: Trick\n|-item|p1a: Hoopa|Leftovers|[from] move: Trick\n|\n|-heal|p1a: Hoopa|224/275 tox|[from] item: Leftovers\n|-damage|p1a: Hoopa|190/275 tox|[from] Leech Seed|[of] p2a: Electrode\n|-damage|p1a: Hoopa|173/275 tox|[from] psn\n|upkeep\n|turn|29\n|inactive|Flakenz has 120 seconds left.\n|\n|t:|1771244988\n|move|p2a: Electrode|Giga Drain|p1a: Hoopa\n|-damage|p1a: Hoopa|119/275 tox\n|move|p1a: Hoopa|Psyshock|p2a: Electrode\n|-damage|p2a: Electrode|110/246\n|\n|-heal|p1a: Hoopa|136/275 tox|[from] item: Leftovers\n|-damage|p1a: Hoopa|102/275 tox|[from] Leech Seed|[of] p2a: Electrode\n|-heal|p2a: Electrode|144/246|[silent]\n|-damage|p1a: Hoopa|68/275 tox|[from] psn\n|upkeep\n|turn|30\n|\n|t:|1771244997\n|move|p2a: Electrode|Giga Drain|p1a: Hoopa\n|-damage|p1a: Hoopa|14/275 tox\n|-heal|p2a: Electrode|171/246|[from] drain|[of] p1a: Hoopa\n|move|p1a: Hoopa|Psyshock|p2a: Electrode\n|-crit|p2a: Electrode\n|-damage|p2a: Electrode|0 fnt\n|faint|p2a: Electrode\n|\n|win|SmartSh!t\n|raw|SmartSh!t's rating: 1611 &rarr; <strong>1630</strong><br />(+19 for winning)\n|raw|Flakenz's rating: 1593 &rarr; <strong>1574</strong><br />(-19 for losing)\n", "inputlog": ">version 686819e5e19f8a7fd2345cfc5a08a5085efa2cc3\n>start {\"formatid\":\"gen9randombattle\",\"seed\":\"sodium,d8a0153f91192409ae2fb1602bf2db2c\",\"rated\":\"Rated battle\"}\n>player p1 {\"name\":\"SmartSh!t\",\"avatar\":\"blue-gen2\",\"rating\":1611,\"seed\":\"sodium,19561497a04a8c77c95cf19d1fc78540\"}\n>player p2 {\"name\":\"Flakenz\",\"avatar\":\"102\",\"rating\":1593,\"seed\":\"sodium,975bc948ae1b508bf1c99ccddcf2921a\"}\n>p1 move protect\n>p2 move fakeout\n>p1 move wish\n>p2 move uturn\n>p2 switch 4\n>p1 switch 2\n>p2 move substitute\n>p1 move alluringvoice\n>p2 move leechseed\n>p1 switch 2\n>p2 move gigadrain\n>p1 switch 4\n>p2 move leechseed\n>p1 move bodyslam\n>p2 switch 5\n>p1 switch 5\n>p2 move closecombat\n>p1 move psyshock\n>p2 switch 3\n>p1 switch 2\n>p2 move foulplay\n>p1 move voltswitch\n>p2 switch 4\n>p1 switch 4\n>p1 move protect\n>p2 move uturn\n>p1 move wish\n>p2 move uturn\n>p2 switch 5\n>p1 move scald\n>p2 move gigadrain\n>p1 switch 6\n>p1 move headsmash\n>p2 switch 2\n>p1 move suckerpunch\n>p2 move dracometeor\n>p2 switch 6\n>p1 move headsmash\n>p2 move seedflare\n>p2 switch 5\n>p1 switch 2\n>p2 move fakeout\n>p1 move shadowball\n>p2 move uturn terastallize\n>p2 switch 4\n>p1 switch 2\n>p2 move foulplay\n>p1 switch 3\n>p1 move dragondance\n>p2 move poltergeist\n>p1 move knockoff terastallize\n>p2 move suckerpunch\n>p1 move dragondance\n>p2 move suckerpunch\n>p1 move earthquake\n>p2 move foulplay\n>p2 switch 2\n>p1 move earthquake\n>p2 switch 3\n>p2 switch 4\n>p1 move earthquake\n>p2 move fakeout\n>p1 move earthquake\n>p2 move psychicnoise\n>p1 switch 2\n>p2 switch 3\n>p1 move trick\n>p2 move leechseed\n>p1 move psyshock\n>p2 move gigadrain\n>p1 move psyshock\n>p2 move gigadrain", "uploadtime": 1771244998, "views": 6, "formatid": "gen9randombattle", "rating": 1574, "private": 0, "password": null}