{"id": "gen9randombattle-2540289118", "format": "[Gen 9] Random Battle", "players": ["69latrikpelo69", "Axtell"], "log": "|j|☆69latrikpelo69\n|j|☆Axtell\n|t:|1771185026\n|gametype|singles\n|player|p1|69latrikpelo69|102|1891\n|player|p2|Axtell|cynthia|1947\n|gen|9\n|tier|[Gen 9] Random Battle\n|rated|\n|rule|Species Clause: Limit one of each Pokémon\n|rule|HP Percentage Mod: HP is shown in percentages\n|rule|Sleep Clause Mod: Limit one foe put to sleep\n|rule|Illusion Level Mod: Illusion disguises the Pokémon's true level\n|\n|t:|1771185026\n|teamsize|p1|6\n|teamsize|p2|6\n|start\n|switch|p1a: Registeel|Registeel, L81|262/262\n|switch|p2a: Sableye|Sableye, L88, F|231/231\n|turn|1\n|inactive|Battle timer is ON: inactive players will automatically lose when time's up. (requested by Axtell)\n|\n|t:|1771185037\n|switch|p1a: Honchkrow|Honchkrow, L86, M|312/312\n|move|p2a: Sableye|Will-O-Wisp|p1a: Honchkrow\n|-hint|Since gen 7, Dark is immune to Prankster moves.\n|-immune|p1a: Honchkrow\n|\n|upkeep\n|turn|2\n|\n|t:|1771185047\n|move|p1a: Honchkrow|U-turn|p2a: Sableye\n|-damage|p2a: Sableye|156/231\n|\n|t:|1771185054\n|switch|p1a: Donphan|Donphan, L84, F|288/288|[from] U-turn\n|move|p2a: Sableye|Knock Off|p1a: Donphan\n|-crit|p1a: Donphan\n|-damage|p1a: Donphan|183/288\n|-enditem|p1a: Donphan|Leftovers|[from] move: Knock Off|[of] p2a: Sableye\n|\n|-heal|p2a: Sableye|170/231|[from] item: Leftovers\n|upkeep\n|turn|3\n|\n|t:|1771185059\n|move|p2a: Sableye|Will-O-Wisp|p1a: Donphan\n|-status|p1a: Donphan|brn\n|move|p1a: Donphan|Stealth Rock|p2a: Sableye\n|-sidestart|p2: Axtell|move: Stealth Rock\n|\n|-heal|p2a: Sableye|184/231|[from] item: Leftovers\n|-damage|p1a: Donphan|165/288 brn|[from] brn\n|upkeep\n|turn|4\n|\n|t:|1771185063\n|switch|p1a: Honchkrow|Honchkrow, L86, M|312/312\n|move|p2a: Sableye|Knock Off|p1a: Honchkrow\n|-resisted|p1a: Honchkrow\n|-damage|p1a: Honchkrow|250/312\n|-enditem|p1a: Honchkrow|Heavy-Duty Boots|[from] move: Knock Off|[of] p2a: Sableye\n|\n|-heal|p2a: Sableye|198/231|[from] item: Leftovers\n|upkeep\n|turn|5\n|\n|t:|1771185075\n|switch|p2a: Bellibolt|Bellibolt, L84, M|320/320\n|-damage|p2a: Bellibolt|280/320|[from] Stealth Rock\n|move|p1a: Honchkrow|Brave Bird|p2a: Bellibolt\n|-resisted|p2a: Bellibolt\n|-damage|p2a: Bellibolt|201/320\n|-start|p2a: Bellibolt|Charge|Brave Bird|[from] ability: Electromorphosis\n|-damage|p1a: Honchkrow|224/312|[from] Recoil\n|\n|-heal|p2a: Bellibolt|221/320|[from] item: Leftovers\n|upkeep\n|turn|6\n|\n|t:|1771185081\n|move|p1a: Honchkrow|U-turn|p2a: Bellibolt\n|-damage|p2a: Bellibolt|155/320\n|-start|p2a: Bellibolt|Charge|U-turn|[from] ability: Electromorphosis\n|\n|t:|1771185083\n|switch|p1a: Electrode|Electrode-Hisui, L87|246/246|[from] U-turn\n|move|p2a: Bellibolt|Muddy Water|p1a: Electrode\n|-resisted|p1a: Electrode\n|-damage|p1a: Electrode|215/246\n|\n|-heal|p2a: Bellibolt|175/320|[from] item: Leftovers\n|upkeep\n|turn|7\n|\n|t:|1771185091\n|move|p1a: Electrode|Giga Drain|p2a: Bellibolt\n|-damage|p2a: Bellibolt|72/320\n|-heal|p1a: Electrode|246/246|[from] drain|[of] p2a: Bellibolt\n|-start|p2a: Bellibolt|Charge|Giga Drain|[from] ability: Electromorphosis\n|-damage|p1a: Electrode|222/246|[from] item: Life Orb\n|move|p2a: Bellibolt|Slack Off|p2a: Bellibolt\n|-heal|p2a: Bellibolt|232/320\n|\n|-heal|p2a: Bellibolt|252/320|[from] item: Leftovers\n|upkeep\n|turn|8\n|\n|t:|1771185096\n|move|p1a: Electrode|Giga Drain|p2a: Bellibolt\n|-damage|p2a: Bellibolt|151/320\n|-heal|p1a: Electrode|246/246|[from] drain|[of] p2a: Bellibolt\n|-start|p2a: Bellibolt|Charge|Giga Drain|[from] ability: Electromorphosis\n|-damage|p1a: Electrode|222/246|[from] item: Life Orb\n|move|p2a: Bellibolt|Slack Off|p2a: Bellibolt\n|-heal|p2a: Bellibolt|311/320\n|\n|-heal|p2a: Bellibolt|320/320|[from] item: Leftovers\n|upkeep\n|turn|9\n|\n|t:|1771185098\n|move|p1a: Electrode|Giga Drain|p2a: Bellibolt\n|-damage|p2a: Bellibolt|217/320\n|-heal|p1a: Electrode|246/246|[from] drain|[of] p2a: Bellibolt\n|-start|p2a: Bellibolt|Charge|Giga Drain|[from] ability: Electromorphosis\n|-damage|p1a: Electrode|222/246|[from] item: Life Orb\n|move|p2a: Bellibolt|Volt Switch|p1a: Electrode\n|-resisted|p1a: Electrode\n|-damage|p1a: Electrode|185/246\n|-end|p2a: Bellibolt|Charge|[silent]\n|\n|t:|1771185108\n|switch|p2a: Regice|Regice, L88|284/284|[from] Volt Switch\n|\n|upkeep\n|turn|10\n|\n|t:|1771185114\n|move|p1a: Electrode|Volt Switch|p2a: Regice\n|-damage|p2a: Regice|236/284\n|-damage|p1a: Electrode|161/246|[from] item: Life Orb\n|\n|t:|1771185116\n|switch|p1a: Registeel|Registeel, L81|262/262|[from] Volt Switch\n|move|p2a: Regice|Body Press|p1a: Registeel\n|-supereffective|p1a: Registeel\n|-damage|p1a: Registeel|170/262\n|\n|upkeep\n|turn|11\n|\n|t:|1771185125\n|move|p2a: Regice|Body Press|p1a: Registeel\n|-supereffective|p1a: Registeel\n|-damage|p1a: Registeel|76/262\n|move|p1a: Registeel|Iron Head|p2a: Regice\n|-supereffective|p2a: Regice\n|-damage|p2a: Regice|132/284\n|\n|upkeep\n|turn|12\n|\n|t:|1771185131\n|move|p2a: Regice|Body Press|p1a: Registeel\n|-supereffective|p1a: Registeel\n|-crit|p1a: Registeel\n|-damage|p1a: Registeel|0 fnt\n|faint|p1a: Registeel\n|\n|upkeep\n|\n|t:|1771185143\n|switch|p1a: Honchkrow|Honchkrow, L86, M|224/312\n|turn|13\n|\n|t:|1771185150\n|move|p1a: Honchkrow|Brave Bird|p2a: Regice\n|-damage|p2a: Regice|0 fnt\n|faint|p2a: Regice\n|-ability|p1a: Honchkrow|Moxie|boost\n|-boost|p1a: Honchkrow|atk|1\n|-damage|p1a: Honchkrow|180/312|[from] Recoil\n|\n|upkeep\n|\n|t:|1771185156\n|switch|p2a: Bisharp|Bisharp, L79, M|232/232\n|-damage|p2a: Bisharp|218/232|[from] Stealth Rock\n|turn|14\n|\n|t:|1771185158\n|move|p1a: Honchkrow|Heat Wave|p2a: Bisharp\n|-supereffective|p2a: Bisharp\n|-damage|p2a: Bisharp|96/232\n|move|p2a: Bisharp|Iron Head|p1a: Honchkrow\n|-damage|p1a: Honchkrow|45/312\n|\n|upkeep\n|turn|15\n|\n|t:|1771185164\n|move|p1a: Honchkrow|Sucker Punch|p2a: Bisharp\n|-resisted|p2a: Bisharp\n|-damage|p2a: Bisharp|48/232\n|move|p2a: Bisharp|Sucker Punch||[still]\n|-fail|p2a: Bisharp\n|\n|upkeep\n|turn|16\n|\n|t:|1771185170\n|move|p1a: Honchkrow|Sucker Punch|p2a: Bisharp\n|-resisted|p2a: Bisharp\n|-damage|p2a: Bisharp|6/232\n|move|p2a: Bisharp|Sucker Punch||[still]\n|-fail|p2a: Bisharp\n|\n|upkeep\n|turn|17\n|\n|t:|1771185173\n|move|p1a: Honchkrow|Sucker Punch|p2a: Bisharp\n|-resisted|p2a: Bisharp\n|-damage|p2a: Bisharp|0 fnt\n|faint|p2a: Bisharp\n|-ability|p1a: Honchkrow|Moxie|boost\n|-boost|p1a: Honchkrow|atk|1\n|\n|upkeep\n|\n|t:|1771185180\n|switch|p2a: Gurdurr|Gurdurr, L85, F|283/283\n|-damage|p2a: Gurdurr|266/283|[from] Stealth Rock\n|turn|18\n|\n|t:|1771185196\n|move|p1a: Honchkrow|Sucker Punch|p2a: Gurdurr\n|-resisted|p2a: Gurdurr\n|-damage|p2a: Gurdurr|203/283\n|move|p2a: Gurdurr|Mach Punch|p1a: Honchkrow\n|-damage|p1a: Honchkrow|0 fnt\n|faint|p1a: Honchkrow\n|\n|upkeep\n|\n|t:|1771185201\n|switch|p1a: Mewtwo|Mewtwo, L72|272/272\n|-ability|p1a: Mewtwo|Unnerve\n|turn|19\n|\n|t:|1771185219\n|switch|p1a: Donphan|Donphan, L84, F|165/288 brn\n|move|p2a: Gurdurr|Knock Off|p1a: Donphan\n|-damage|p1a: Donphan|125/288 brn\n|\n|-damage|p1a: Donphan|107/288 brn|[from] brn\n|upkeep\n|turn|20\n|\n|t:|1771185227\n|move|p1a: Donphan|Earthquake|p2a: Gurdurr\n|-damage|p2a: Gurdurr|160/283\n|move|p2a: Gurdurr|Defog|p1a: Donphan\n|-unboost|p1a: Donphan|evasion|1\n|-sideend|p2: Axtell|Stealth Rock|[from] move: Defog|[of] p2a: Gurdurr\n|\n|-damage|p1a: Donphan|89/288 brn|[from] brn\n|upkeep\n|turn|21\n|\n|t:|1771185230\n|move|p1a: Donphan|Stealth Rock|p2a: Gurdurr\n|-sidestart|p2: Axtell|move: Stealth Rock\n|move|p2a: Gurdurr|Drain Punch|p1a: Donphan\n|-damage|p1a: Donphan|20/288 brn\n|-heal|p2a: Gurdurr|195/283|[from] drain|[of] p1a: Donphan\n|\n|-damage|p1a: Donphan|2/288 brn|[from] brn\n|upkeep\n|turn|22\n|\n|t:|1771185234\n|move|p1a: Donphan|Stealth Rock||[still]\n|-fail|p1a: Donphan\n|move|p2a: Gurdurr|Defog|p1a: Donphan\n|-unboost|p1a: Donphan|evasion|1\n|-sideend|p2: Axtell|Stealth Rock|[from] move: Defog|[of] p2a: Gurdurr\n|\n|-damage|p1a: Donphan|0 fnt|[from] brn\n|faint|p1a: Donphan\n|upkeep\n|inactive|69latrikpelo69 has 120 seconds left.\n|\n|t:|1771185287\n|switch|p1a: Electrode|Electrode-Hisui, L87|161/246\n|turn|23\n|\n|t:|1771185291\n|move|p1a: Electrode|Thunderbolt|p2a: Gurdurr\n|-damage|p2a: Gurdurr|77/283\n|-damage|p1a: Electrode|137/246|[from] item: Life Orb\n|move|p2a: Gurdurr|Knock Off|p1a: Electrode\n|-damage|p1a: Electrode|58/246\n|-enditem|p1a: Electrode|Life Orb|[from] move: Knock Off|[of] p2a: Gurdurr\n|\n|upkeep\n|turn|24\n|inactive|69latrikpelo69 has 120 seconds left.\n|\n|t:|1771185298\n|move|p2a: Gurdurr|Mach Punch|p1a: Electrode\n|-damage|p1a: Electrode|7/246\n|move|p1a: Electrode|Thunderbolt|p2a: Gurdurr\n|-damage|p2a: Gurdurr|0 fnt\n|faint|p2a: Gurdurr\n|\n|upkeep\n|\n|t:|1771185303\n|switch|p2a: Bellibolt|Bellibolt, L84, M|217/320\n|turn|25\n|inactive|69latrikpelo69 has 120 seconds left.\n|\n|t:|1771185324\n|move|p1a: Electrode|Giga Drain|p2a: Bellibolt\n|-damage|p2a: Bellibolt|136/320\n|-heal|p1a: Electrode|48/246|[from] drain|[of] p2a: Bellibolt\n|-start|p2a: Bellibolt|Charge|Giga Drain|[from] ability: Electromorphosis\n|move|p2a: Bellibolt|Thunderbolt|p1a: Electrode\n|-resisted|p1a: Electrode\n|-damage|p1a: Electrode|0 fnt\n|faint|p1a: Electrode\n|-end|p2a: Bellibolt|Charge|[silent]\n|\n|-heal|p2a: Bellibolt|156/320|[from] item: Leftovers\n|upkeep\n|\n|t:|1771185329\n|switch|p1a: Mewtwo|Mewtwo, L72|272/272\n|-ability|p1a: Mewtwo|Unnerve\n|turn|26\n|inactive|69latrikpelo69 has 120 seconds left.\n|\n|t:|1771185336\n|move|p1a: Mewtwo|Fire Blast|p2a: Bellibolt\n|-damage|p2a: Bellibolt|38/320\n|-start|p2a: Bellibolt|Charge|Fire Blast|[from] ability: Electromorphosis\n|-damage|p1a: Mewtwo|245/272|[from] item: Life Orb\n|move|p2a: Bellibolt|Volt Switch|p1a: Mewtwo\n|-damage|p1a: Mewtwo|85/272\n|-end|p2a: Bellibolt|Charge|[silent]\n|\n|t:|1771185344\n|switch|p2a: Inteleon|Inteleon, L81, F|246/246|[from] Volt Switch\n|\n|upkeep\n|turn|27\n|\n|t:|1771185352\n|move|p2a: Inteleon|Scald|p1a: Mewtwo\n|-damage|p1a: Mewtwo|0 fnt\n|faint|p1a: Mewtwo\n|\n|upkeep\n|\n|t:|1771185354\n|switch|p1a: Greedent|Greedent, L86, M|347/347\n|turn|28\n|\n|t:|1771185361\n|-terastallize|p2a: Inteleon|Water\n|move|p2a: Inteleon|Scald|p1a: Greedent\n|-damage|p1a: Greedent|117/347\n|-enditem|p1a: Greedent|Sitrus Berry|[eat]\n|-heal|p1a: Greedent|203/347|[from] item: Sitrus Berry\n|-heal|p1a: Greedent|318/347|[from] ability: Cheek Pouch\n|move|p1a: Greedent|Swords Dance|p1a: Greedent\n|-boost|p1a: Greedent|atk|2\n|\n|upkeep\n|turn|29\n|j| biwhohatesgliscorg\n|\n|t:|1771185370\n|move|p2a: Inteleon|Scald|p1a: Greedent\n|-damage|p1a: Greedent|112/347\n|move|p1a: Greedent|Body Slam|p2a: Inteleon\n|-damage|p2a: Inteleon|21/246\n|\n|upkeep\n|turn|30\n|l| biwhohatesgliscorg\n|-message|69latrikpelo69 forfeited.\n|\n|win|Axtell\n|raw|69latrikpelo69's rating: 1891 &rarr; <strong>1874</strong><br />(-17 for losing)\n|raw|Axtell's rating: 1947 &rarr; <strong>1964</strong><br />(+17 for winning)\n|l|☆69latrikpelo69\n|player|p1|\n", "inputlog": ">version 686819e5e19f8a7fd2345cfc5a08a5085efa2cc3\n>start {\"formatid\":\"gen9randombattle\",\"seed\":\"sodium,324898097f7188f03bce839a962b0195\",\"rated\":\"Rated battle\"}\n>player p1 {\"name\":\"69latrikpelo69\",\"avatar\":\"102\",\"rating\":1891,\"seed\":\"sodium,10f6e5489a65762d347962875fbf3115\"}\n>player p2 {\"name\":\"Axtell\",\"avatar\":\"cynthia\",\"rating\":1947,\"seed\":\"sodium,258752eb4f891829ebcc9983a3d350db\"}\n>p1 switch 5\n>p2 move willowisp\n>p1 move uturn\n>p2 move knockoff\n>p1 switch 2\n>p1 move stealthrock\n>p2 move willowisp\n>p1 switch 2\n>p2 move knockoff\n>p1 move bravebird\n>p2 switch 2\n>p1 move uturn\n>p2 move muddywater\n>p1 switch 3\n>p1 move gigadrain\n>p2 move slackoff\n>p1 move gigadrain\n>p2 move slackoff\n>p1 move gigadrain\n>p2 move voltswitch\n>p2 switch 3\n>p1 move voltswitch\n>p2 move bodypress\n>p1 switch 5\n>p1 move ironhead\n>p2 move bodypress\n>p1 move bodypress\n>p2 move bodypress\n>p1 switch 3\n>p1 move bravebird\n>p2 move icebeam\n>p2 switch 6\n>p1 move heatwave\n>p2 move ironhead\n>p1 move suckerpunch\n>p2 move suckerpunch\n>p1 move suckerpunch\n>p2 move suckerpunch\n>p1 move suckerpunch\n>p2 move suckerpunch\n>p2 switch 5\n>p1 move suckerpunch\n>p2 move machpunch\n>p1 switch 4\n>p1 switch 2\n>p2 move knockoff\n>p1 move earthquake\n>p2 move defog\n>p1 move stealthrock\n>p2 move drainpunch\n>p1 move stealthrock\n>p2 move defog\n>p1 switch 5\n>p1 move thunderbolt\n>p2 move knockoff\n>p1 move thunderbolt\n>p2 move machpunch\n>p2 switch 3\n>p1 move gigadrain\n>p2 move thunderbolt\n>p1 switch 2\n>p1 move fireblast\n>p2 move voltswitch\n>p2 switch 4\n>p1 move psystrike\n>p2 move scald\n>p1 switch 6\n>p1 move swordsdance\n>p2 move scald terastallize\n>p1 move bodyslam\n>p2 move scald\n>forcelose p1", "uploadtime": 1771185393, "views": 8, "formatid": "gen9randombattle", "rating": 1874, "private": 0, "password": null}