{"id": "gen9randombattle-2540318458", "format": "[Gen 9] Random Battle", "players": ["improvguy", "prof. al sada"], "log": "|j|☆improvguy\n|j|☆prof. al sada\n|t:|1771188195\n|gametype|singles\n|player|p1|improvguy|cameraman|1754\n|player|p2|prof. al sada|depotagent|1758\n|gen|9\n|tier|[Gen 9] Random Battle\n|rated|\n|rule|Species Clause: Limit one of each Pokémon\n|rule|HP Percentage Mod: HP is shown in percentages\n|rule|Sleep Clause Mod: Limit one foe put to sleep\n|rule|Illusion Level Mod: Illusion disguises the Pokémon's true level\n|\n|t:|1771188195\n|teamsize|p1|6\n|teamsize|p2|6\n|start\n|switch|p1a: Oinkologne|Oinkologne, L92, M|352/352\n|switch|p2a: Giratina|Giratina, L75|349/349\n|-ability|p2a: Giratina|Pressure\n|turn|1\n|inactive|Battle timer is ON: inactive players will automatically lose when time's up. (requested by prof. al sada)\n|\n|t:|1771188203\n|switch|p1a: Araquanid|Araquanid, L82, M|246/246\n|move|p2a: Giratina|Will-O-Wisp|p1a: Araquanid|[miss]\n|-miss|p2a: Giratina|p1a: Araquanid\n|\n|upkeep\n|turn|2\n|\n|t:|1771188210\n|move|p2a: Giratina|Will-O-Wisp|p1a: Araquanid\n|-immune|p1a: Araquanid|[from] ability: Water Bubble\n|move|p1a: Araquanid|Sticky Web|p2a: Giratina\n|-sidestart|p2: prof. al sada|move: Sticky Web\n|\n|upkeep\n|turn|3\n|\n|t:|1771188218\n|move|p2a: Giratina|Defog|p1a: Araquanid\n|-unboost|p1a: Araquanid|evasion|1\n|-sideend|p2: prof. al sada|Sticky Web|[from] move: Defog|[of] p2a: Giratina\n|move|p1a: Araquanid|Liquidation|p2a: Giratina\n|-resisted|p2a: Giratina\n|-damage|p2a: Giratina|292/349\n|\n|-heal|p2a: Giratina|313/349|[from] item: Leftovers\n|upkeep\n|turn|4\n|\n|t:|1771188222\n|move|p1a: Araquanid|Liquidation|p2a: Giratina\n|-resisted|p2a: Giratina\n|-damage|p2a: Giratina|252/349\n|move|p2a: Giratina|Dragon Tail|p1a: Araquanid\n|-damage|p1a: Araquanid|197/246\n|drag|p1a: Masquerain|Masquerain, L87, M|264/264\n|-ability|p1a: Masquerain|Intimidate|boost\n|-unboost|p2a: Giratina|atk|1\n|\n|-heal|p2a: Giratina|273/349|[from] item: Leftovers\n|upkeep\n|turn|5\n|\n|t:|1771188229\n|switch|p2a: Goodra|Goodra-Hisui, L82, M|265/265\n|move|p1a: Masquerain|Hurricane|p2a: Goodra|[miss]\n|-miss|p1a: Masquerain|p2a: Goodra\n|\n|upkeep\n|turn|6\n|\n|t:|1771188237\n|switch|p1a: Seviper|Seviper, L93, M|287/287\n|move|p2a: Goodra|Draco Meteor|p1a: Seviper\n|-damage|p1a: Seviper|106/287\n|-unboost|p2a: Goodra|spa|2\n|\n|upkeep\n|turn|7\n|\n|t:|1771188248\n|switch|p2a: Talonflame|Talonflame, L83, M|265/265\n|move|p1a: Seviper|Knock Off|p2a: Talonflame\n|-damage|p2a: Talonflame|130/265\n|-enditem|p2a: Talonflame|Heavy-Duty Boots|[from] move: Knock Off|[of] p1a: Seviper\n|-damage|p1a: Seviper|78/287|[from] item: Life Orb\n|\n|upkeep\n|turn|8\n|\n|t:|1771188255\n|move|p2a: Talonflame|Roost|p2a: Talonflame\n|-heal|p2a: Talonflame|263/265\n|-singleturn|p2a: Talonflame|move: Roost\n|move|p1a: Seviper|Glare|p2a: Talonflame\n|-status|p2a: Talonflame|par\n|\n|upkeep\n|turn|9\n|\n|t:|1771188263\n|move|p1a: Seviper|Gunk Shot|p2a: Talonflame\n|-damage|p2a: Talonflame|2/265 par\n|-damage|p1a: Seviper|50/287|[from] item: Life Orb\n|move|p2a: Talonflame|Brave Bird|p1a: Seviper\n|-damage|p1a: Seviper|0 fnt\n|faint|p1a: Seviper\n|-damage|p2a: Talonflame|0 fnt|[from] Recoil\n|faint|p2a: Talonflame\n|\n|upkeep\n|\n|t:|1771188282\n|switch|p2a: Giratina|Giratina, L75|273/349\n|switch|p1a: Masquerain|Masquerain, L87, M|264/264\n|-ability|p1a: Masquerain|Intimidate|boost\n|-unboost|p2a: Giratina|atk|1\n|-ability|p2a: Giratina|Pressure\n|turn|10\n|\n|t:|1771188295\n|move|p1a: Masquerain|Quiver Dance|p1a: Masquerain\n|-boost|p1a: Masquerain|spa|1\n|-boost|p1a: Masquerain|spd|1\n|-boost|p1a: Masquerain|spe|1\n|move|p2a: Giratina|Dragon Tail|p1a: Masquerain\n|-damage|p1a: Masquerain|222/264\n|drag|p1a: Iron Jugulis|Iron Jugulis, L77|271/271\n|\n|-heal|p2a: Giratina|294/349|[from] item: Leftovers\n|upkeep\n|turn|11\n|\n|t:|1771188300\n|switch|p2a: Goodra|Goodra-Hisui, L82, M|265/265\n|move|p1a: Iron Jugulis|Dark Pulse|p2a: Goodra\n|-damage|p2a: Goodra|228/265\n|\n|upkeep\n|turn|12\n|\n|t:|1771188308\n|-end|p1a: Iron Jugulis|Quark Drive|[silent]\n|switch|p1a: Araquanid|Araquanid, L82, M|197/246\n|move|p2a: Goodra|Draco Meteor|p1a: Araquanid|[miss]\n|-miss|p2a: Goodra|p1a: Araquanid\n|\n|upkeep\n|turn|13\n|\n|t:|1771188312\n|switch|p2a: Giratina|Giratina, L75|294/349\n|-ability|p2a: Giratina|Pressure\n|move|p1a: Araquanid|Leech Life|p2a: Giratina\n|-resisted|p2a: Giratina\n|-damage|p2a: Giratina|266/349\n|-heal|p1a: Araquanid|211/246|[from] drain|[of] p2a: Giratina\n|\n|-heal|p2a: Giratina|287/349|[from] item: Leftovers\n|upkeep\n|turn|14\n|\n|t:|1771188318\n|move|p2a: Giratina|Shadow Ball|p1a: Araquanid\n|-damage|p1a: Araquanid|162/246\n|move|p1a: Araquanid|Liquidation|p2a: Giratina\n|-resisted|p2a: Giratina\n|-damage|p2a: Giratina|229/349\n|\n|-heal|p2a: Giratina|250/349|[from] item: Leftovers\n|upkeep\n|turn|15\n|\n|t:|1771188326\n|switch|p2a: Cacturne|Cacturne, L92, M|278/278\n|switch|p1a: Iron Jugulis|Iron Jugulis, L77|271/271\n|\n|upkeep\n|turn|16\n|\n|t:|1771188332\n|switch|p2a: Goodra|Goodra-Hisui, L82, M|228/265\n|move|p1a: Iron Jugulis|Meteor Beam||[still]\n|-prepare|p1a: Iron Jugulis|Meteor Beam\n|-boost|p1a: Iron Jugulis|spa|1\n|-enditem|p1a: Iron Jugulis|Power Herb\n|-anim|p1a: Iron Jugulis|Meteor Beam|p2a: Goodra|[miss]\n|-miss|p1a: Iron Jugulis|p2a: Goodra\n|\n|upkeep\n|turn|17\n|\n|t:|1771188336\n|move|p1a: Iron Jugulis|Earth Power|p2a: Goodra\n|-supereffective|p2a: Goodra\n|-damage|p2a: Goodra|150/265\n|move|p2a: Goodra|Draco Meteor|p1a: Iron Jugulis\n|-damage|p1a: Iron Jugulis|114/271\n|-unboost|p2a: Goodra|spa|2\n|\n|upkeep\n|turn|18\n|\n|t:|1771188342\n|move|p1a: Iron Jugulis|Earth Power|p2a: Goodra\n|-supereffective|p2a: Goodra\n|-damage|p2a: Goodra|68/265\n|move|p2a: Goodra|Heavy Slam|p1a: Iron Jugulis\n|-damage|p1a: Iron Jugulis|17/271\n|\n|upkeep\n|turn|19\n|\n|t:|1771188348\n|switch|p2a: Cacturne|Cacturne, L92, M|278/278\n|move|p1a: Iron Jugulis|Earth Power|p2a: Cacturne\n|-resisted|p2a: Cacturne\n|-damage|p2a: Cacturne|221/278\n|\n|upkeep\n|turn|20\n|\n|t:|1771188353\n|move|p2a: Cacturne|Sucker Punch|p1a: Iron Jugulis\n|-resisted|p1a: Iron Jugulis\n|-damage|p1a: Iron Jugulis|0 fnt\n|faint|p1a: Iron Jugulis\n|-end|p1a: Iron Jugulis|Quark Drive|[silent]\n|-damage|p2a: Cacturne|194/278|[from] item: Life Orb\n|\n|upkeep\n|\n|t:|1771188363\n|switch|p1a: Masquerain|Masquerain, L87, M|222/264\n|-ability|p1a: Masquerain|Intimidate|boost\n|-unboost|p2a: Cacturne|atk|1\n|turn|21\n|\n|t:|1771188366\n|switch|p2a: Goodra|Goodra-Hisui, L82, M|68/265\n|move|p1a: Masquerain|Quiver Dance|p1a: Masquerain\n|-boost|p1a: Masquerain|spa|1\n|-boost|p1a: Masquerain|spd|1\n|-boost|p1a: Masquerain|spe|1\n|\n|upkeep\n|turn|22\n|\n|t:|1771188371\n|move|p1a: Masquerain|Hurricane|p2a: Goodra|[miss]\n|-miss|p1a: Masquerain|p2a: Goodra\n|move|p2a: Goodra|Fire Blast|p1a: Masquerain\n|-supereffective|p1a: Masquerain\n|-damage|p1a: Masquerain|102/264\n|\n|upkeep\n|turn|23\n|\n|t:|1771188377\n|move|p1a: Masquerain|Hurricane|p2a: Goodra\n|-resisted|p2a: Goodra\n|-damage|p2a: Goodra|25/265\n|-start|p2a: Goodra|confusion\n|-activate|p2a: Goodra|confusion\n|move|p2a: Goodra|Heavy Slam|p1a: Masquerain\n|-damage|p1a: Masquerain|0 fnt\n|faint|p1a: Masquerain\n|\n|upkeep\n|\n|t:|1771188383\n|switch|p1a: Oinkologne|Oinkologne, L92, M|352/352\n|turn|24\n|\n|t:|1771188386\n|move|p1a: Oinkologne|High Horsepower|p2a: Goodra\n|-supereffective|p2a: Goodra\n|-damage|p2a: Goodra|0 fnt\n|faint|p2a: Goodra\n|\n|upkeep\n|\n|t:|1771188389\n|switch|p2a: Giratina|Giratina, L75|250/349\n|-ability|p2a: Giratina|Pressure\n|turn|25\n|\n|t:|1771188392\n|switch|p1a: Araquanid|Araquanid, L82, M|162/246\n|move|p2a: Giratina|Dragon Tail|p1a: Araquanid\n|-damage|p1a: Araquanid|110/246\n|drag|p1a: Serperior|Serperior, L79, F|248/248\n|\n|-heal|p2a: Giratina|271/349|[from] item: Leftovers\n|upkeep\n|turn|26\n|\n|t:|1771188396\n|move|p1a: Serperior|Glare|p2a: Giratina\n|-status|p2a: Giratina|par\n|move|p2a: Giratina|Dragon Tail|p1a: Serperior\n|-crit|p1a: Serperior\n|-damage|p1a: Serperior|163/248\n|drag|p1a: Araquanid|Araquanid, L82, M|110/246\n|\n|-heal|p2a: Giratina|292/349 par|[from] item: Leftovers\n|upkeep\n|turn|27\n|\n|t:|1771188402\n|move|p1a: Araquanid|Leech Life|p2a: Giratina\n|-resisted|p2a: Giratina\n|-damage|p2a: Giratina|265/349 par\n|-heal|p1a: Araquanid|124/246|[from] drain|[of] p2a: Giratina\n|move|p2a: Giratina|Shadow Ball|p1a: Araquanid\n|-damage|p1a: Araquanid|75/246\n|-unboost|p1a: Araquanid|spd|1\n|\n|-heal|p2a: Giratina|286/349 par|[from] item: Leftovers\n|upkeep\n|turn|28\n|\n|t:|1771188407\n|move|p1a: Araquanid|Sticky Web|p2a: Giratina\n|-sidestart|p2: prof. al sada|move: Sticky Web\n|move|p2a: Giratina|Dragon Tail|p1a: Araquanid\n|-damage|p1a: Araquanid|20/246\n|drag|p1a: Oinkologne|Oinkologne, L92, M|352/352\n|\n|-heal|p2a: Giratina|307/349 par|[from] item: Leftovers\n|upkeep\n|turn|29\n|\n|t:|1771188411\n|move|p1a: Oinkologne|Lash Out|p2a: Giratina\n|-supereffective|p2a: Giratina\n|-damage|p2a: Giratina|187/349 par\n|move|p2a: Giratina|Defog|p1a: Oinkologne\n|-unboost|p1a: Oinkologne|evasion|1\n|-sideend|p2: prof. al sada|Sticky Web|[from] move: Defog|[of] p2a: Giratina\n|\n|-heal|p2a: Giratina|208/349 par|[from] item: Leftovers\n|upkeep\n|turn|30\n|\n|t:|1771188416\n|switch|p2a: Cacturne|Cacturne, L92, M|194/278\n|move|p1a: Oinkologne|Lash Out|p2a: Cacturne\n|-resisted|p2a: Cacturne\n|-damage|p2a: Cacturne|158/278\n|\n|upkeep\n|turn|31\n|\n|t:|1771188422\n|move|p1a: Oinkologne|Double-Edge|p2a: Cacturne\n|-damage|p2a: Cacturne|0 fnt\n|faint|p2a: Cacturne\n|-damage|p1a: Oinkologne|300/352|[from] Recoil\n|\n|-heal|p1a: Oinkologne|322/352|[from] item: Leftovers\n|upkeep\n|\n|t:|1771188425\n|switch|p2a: Slither Wing|Slither Wing, L81|270/270\n|turn|32\n|\n|t:|1771188431\n|move|p2a: Slither Wing|U-turn|p1a: Oinkologne\n|-damage|p1a: Oinkologne|235/352\n|\n|t:|1771188433\n|-end|p2a: Slither Wing|Protosynthesis|[silent]\n|switch|p2a: Giratina|Giratina, L75|208/349 par|[from] U-turn\n|-ability|p2a: Giratina|Pressure\n|move|p1a: Oinkologne|Double-Edge|p2a: Giratina\n|-immune|p2a: Giratina\n|\n|-heal|p1a: Oinkologne|257/352|[from] item: Leftovers\n|-heal|p2a: Giratina|229/349 par|[from] item: Leftovers\n|upkeep\n|turn|33\n|\n|t:|1771188438\n|switch|p1a: Araquanid|Araquanid, L82, M|20/246\n|cant|p2a: Giratina|par\n|\n|-heal|p2a: Giratina|250/349 par|[from] item: Leftovers\n|upkeep\n|turn|34\n|\n|t:|1771188445\n|move|p1a: Araquanid|Liquidation|p2a: Giratina\n|-resisted|p2a: Giratina\n|-damage|p2a: Giratina|187/349 par\n|move|p2a: Giratina|Shadow Ball|p1a: Araquanid\n|-damage|p1a: Araquanid|0 fnt\n|faint|p1a: Araquanid\n|\n|-heal|p2a: Giratina|208/349 par|[from] item: Leftovers\n|upkeep\n|\n|t:|1771188449\n|switch|p1a: Serperior|Serperior, L79, F|163/248\n|turn|35\n|\n|t:|1771188451\n|move|p1a: Serperior|Leaf Storm|p2a: Giratina\n|-resisted|p2a: Giratina\n|-damage|p2a: Giratina|150/349 par\n|-boost|p1a: Serperior|spa|2\n|-damage|p1a: Serperior|139/248|[from] item: Life Orb\n|move|p2a: Giratina|Shadow Ball|p1a: Serperior\n|-damage|p1a: Serperior|72/248\n|\n|-heal|p2a: Giratina|171/349 par|[from] item: Leftovers\n|upkeep\n|turn|36\n|\n|t:|1771188459\n|move|p1a: Serperior|Synthesis|p1a: Serperior\n|-heal|p1a: Serperior|196/248\n|move|p2a: Giratina|Shadow Ball|p1a: Serperior\n|-damage|p1a: Serperior|127/248\n|\n|-heal|p2a: Giratina|192/349 par|[from] item: Leftovers\n|upkeep\n|turn|37\n|\n|t:|1771188463\n|move|p1a: Serperior|Leaf Storm|p2a: Giratina\n|-resisted|p2a: Giratina\n|-damage|p2a: Giratina|87/349 par\n|-boost|p1a: Serperior|spa|2\n|-damage|p1a: Serperior|103/248|[from] item: Life Orb\n|move|p2a: Giratina|Dragon Tail|p1a: Serperior\n|-damage|p1a: Serperior|48/248\n|drag|p1a: Oinkologne|Oinkologne, L92, M|257/352\n|\n|-heal|p1a: Oinkologne|279/352|[from] item: Leftovers\n|-heal|p2a: Giratina|108/349 par|[from] item: Leftovers\n|upkeep\n|turn|38\n|\n|t:|1771188469\n|move|p1a: Oinkologne|Lash Out|p2a: Giratina\n|-supereffective|p2a: Giratina\n|-damage|p2a: Giratina|0 fnt\n|faint|p2a: Giratina\n|\n|-heal|p1a: Oinkologne|301/352|[from] item: Leftovers\n|upkeep\n|\n|t:|1771188472\n|switch|p2a: Slither Wing|Slither Wing, L81|270/270\n|turn|39\n|\n|t:|1771188477\n|-terastallize|p1a: Oinkologne|Ground\n|move|p2a: Slither Wing|Will-O-Wisp|p1a: Oinkologne\n|-status|p1a: Oinkologne|brn\n|move|p1a: Oinkologne|Double-Edge|p2a: Slither Wing\n|-damage|p2a: Slither Wing|191/270\n|-damage|p1a: Oinkologne|275/352 brn|[from] Recoil\n|\n|-heal|p1a: Oinkologne|297/352 brn|[from] item: Leftovers\n|-damage|p1a: Oinkologne|275/352 brn|[from] brn\n|upkeep\n|turn|40\n|\n|t:|1771188481\n|move|p2a: Slither Wing|U-turn|p1a: Oinkologne\n|-damage|p1a: Oinkologne|179/352 brn\n|\n|t:|1771188483\n|-end|p2a: Slither Wing|Protosynthesis|[silent]\n|switch|p2a: Bellossom|Bellossom, L84, F|263/263|[from] U-turn\n|move|p1a: Oinkologne|Curse|p1a: Oinkologne\n|-unboost|p1a: Oinkologne|spe|1\n|-boost|p1a: Oinkologne|atk|1\n|-boost|p1a: Oinkologne|def|1\n|\n|-heal|p1a: Oinkologne|201/352 brn|[from] item: Leftovers\n|-damage|p1a: Oinkologne|179/352 brn|[from] brn\n|upkeep\n|turn|41\n|\n|t:|1771188487\n|move|p2a: Bellossom|Giga Drain|p1a: Oinkologne\n|-supereffective|p1a: Oinkologne\n|-damage|p1a: Oinkologne|27/352 brn\n|move|p1a: Oinkologne|Double-Edge|p2a: Bellossom\n|-damage|p2a: Bellossom|151/263\n|-damage|p1a: Oinkologne|0 fnt|[from] Recoil\n|faint|p1a: Oinkologne\n|\n|-heal|p2a: Bellossom|167/263|[from] item: Leftovers\n|upkeep\n|\n|t:|1771188489\n|switch|p1a: Serperior|Serperior, L79, F|48/248\n|turn|42\n|\n|t:|1771188492\n|move|p1a: Serperior|Synthesis|p1a: Serperior\n|-heal|p1a: Serperior|172/248\n|move|p2a: Bellossom|Moonblast|p1a: Serperior\n|-damage|p1a: Serperior|108/248\n|\n|-heal|p2a: Bellossom|183/263|[from] item: Leftovers\n|upkeep\n|turn|43\n|\n|t:|1771188495\n|move|p1a: Serperior|Glare|p2a: Bellossom\n|-status|p2a: Bellossom|par\n|cant|p2a: Bellossom|par\n|\n|-heal|p2a: Bellossom|199/263 par|[from] item: Leftovers\n|upkeep\n|turn|44\n|\n|t:|1771188497\n|move|p1a: Serperior|Synthesis|p1a: Serperior\n|-heal|p1a: Serperior|232/248\n|move|p2a: Bellossom|Quiver Dance|p2a: Bellossom\n|-boost|p2a: Bellossom|spa|1\n|-boost|p2a: Bellossom|spd|1\n|-boost|p2a: Bellossom|spe|1\n|\n|-heal|p2a: Bellossom|215/263 par|[from] item: Leftovers\n|upkeep\n|turn|45\n|\n|t:|1771188502\n|move|p1a: Serperior|Leaf Storm|p2a: Bellossom\n|-resisted|p2a: Bellossom\n|-damage|p2a: Bellossom|179/263 par\n|-boost|p1a: Serperior|spa|2\n|-damage|p1a: Serperior|208/248|[from] item: Life Orb\n|move|p2a: Bellossom|Moonblast|p1a: Serperior\n|-damage|p1a: Serperior|121/248\n|\n|-heal|p2a: Bellossom|195/263 par|[from] item: Leftovers\n|upkeep\n|turn|46\n|\n|t:|1771188509\n|move|p1a: Serperior|Leaf Storm|p2a: Bellossom|[miss]\n|-miss|p1a: Serperior|p2a: Bellossom\n|cant|p2a: Bellossom|par\n|\n|-heal|p2a: Bellossom|211/263 par|[from] item: Leftovers\n|upkeep\n|turn|47\n|\n|t:|1771188514\n|move|p1a: Serperior|Leaf Storm|p2a: Bellossom\n|-resisted|p2a: Bellossom\n|-damage|p2a: Bellossom|130/263 par\n|-boost|p1a: Serperior|spa|2\n|-damage|p1a: Serperior|97/248|[from] item: Life Orb\n|move|p2a: Bellossom|Moonblast|p1a: Serperior\n|-damage|p1a: Serperior|2/248\n|-boost|p1a: Serperior|spa|1\n|\n|-heal|p2a: Bellossom|146/263 par|[from] item: Leftovers\n|upkeep\n|turn|48\n|\n|t:|1771188523\n|move|p1a: Serperior|Synthesis|p1a: Serperior\n|-heal|p1a: Serperior|126/248\n|cant|p2a: Bellossom|par\n|\n|-heal|p2a: Bellossom|162/263 par|[from] item: Leftovers\n|upkeep\n|turn|49\n|\n|t:|1771188527\n|move|p1a: Serperior|Synthesis|p1a: Serperior\n|-heal|p1a: Serperior|248/248\n|cant|p2a: Bellossom|par\n|\n|-heal|p2a: Bellossom|178/263 par|[from] item: Leftovers\n|upkeep\n|turn|50\n|\n|t:|1771188529\n|move|p1a: Serperior|Leaf Storm|p2a: Bellossom\n|-resisted|p2a: Bellossom\n|-crit|p2a: Bellossom\n|-damage|p2a: Bellossom|0 fnt\n|-boost|p1a: Serperior|spa|1\n|faint|p2a: Bellossom\n|-damage|p1a: Serperior|224/248|[from] item: Life Orb\n|\n|upkeep\n|\n|t:|1771188532\n|switch|p2a: Slither Wing|Slither Wing, L81|191/270\n|turn|51\n|\n|t:|1771188535\n|move|p1a: Serperior|Tera Blast|p2a: Slither Wing\n|-damage|p2a: Slither Wing|0 fnt\n|faint|p2a: Slither Wing\n|-end|p2a: Slither Wing|Protosynthesis|[silent]\n|-damage|p1a: Serperior|200/248|[from] item: Life Orb\n|\n|win|improvguy\n|raw|improvguy's rating: 1754 &rarr; <strong>1774</strong><br />(+20 for winning)\n|raw|prof. al sada's rating: 1758 &rarr; <strong>1738</strong><br />(-20 for losing)\n|l|☆prof. al sada\n|player|p2|\n|c|☆improvguy|gg\n", "inputlog": ">version 686819e5e19f8a7fd2345cfc5a08a5085efa2cc3\n>start {\"formatid\":\"gen9randombattle\",\"seed\":\"sodium,e85da0dbf65f8aebe27ca5f0745f0864\",\"rated\":\"Rated battle\"}\n>player p1 {\"name\":\"improvguy\",\"avatar\":\"cameraman\",\"rating\":1754,\"seed\":\"sodium,8bda49724781d1de11e9a137cfbc2537\"}\n>player p2 {\"name\":\"prof. al sada\",\"avatar\":\"depotagent\",\"rating\":1758,\"seed\":\"sodium,da17f7f7f9287430a09fed74118f82d6\"}\n>p1 switch 5\n>p2 move willowisp\n>p1 move stickyweb\n>p2 move willowisp\n>p1 move liquidation\n>p2 move defog\n>p1 move liquidation\n>p2 move dragontail\n>p1 move hurricane\n>p2 switch 2\n>p1 switch 3\n>p2 move dracometeor\n>p1 move knockoff\n>p2 switch 6\n>p1 move glare\n>p2 move roost\n>p1 move gunkshot\n>p2 move bravebird\n>p1 switch 3\n>p2 switch 2\n>p1 move quiverdance\n>p2 move dragontail\n>p1 move darkpulse\n>p2 switch 6\n>p1 switch 2\n>p2 move dracometeor\n>p1 move leechlife\n>p2 switch 6\n>p1 move liquidation\n>p2 move shadowball\n>p1 switch 2\n>p2 switch 4\n>p1 move meteorbeam\n>p2 switch 6\n>p1 move earthpower\n>p2 move dracometeor\n>p1 move earthpower\n>p2 move heavyslam\n>p1 move earthpower\n>p2 switch 6\n>p1 move hurricane\n>p2 move suckerpunch\n>p1 switch 6\n>p1 move quiverdance\n>p2 switch 6\n>p1 move hurricane\n>p2 move fireblast\n>p1 move hurricane\n>p2 move heavyslam\n>p1 switch 5\n>p1 move highhorsepower\n>p2 move dracometeor\n>p2 switch 4\n>p1 switch 2\n>p2 move dragontail\n>p1 move glare\n>p2 move dragontail\n>p1 move leechlife\n>p2 move shadowball\n>p1 move stickyweb\n>p2 move dragontail\n>p1 move lashout\n>p2 move defog\n>p1 move lashout\n>p2 switch 6\n>p1 move doubleedge\n>p2 move knockoff\n>p2 switch 5\n>p1 move doubleedge\n>p2 move uturn\n>p2 switch 6\n>p1 switch 2\n>p2 move willowisp\n>p1 move liquidation\n>p2 move shadowball\n>p1 switch 4\n>p1 move leafstorm\n>p2 move shadowball\n>p1 move synthesis\n>p2 move shadowball\n>p1 move leafstorm\n>p2 move dragontail\n>p1 move lashout\n>p2 move willowisp\n>p2 switch 6\n>p1 move doubleedge terastallize\n>p2 move willowisp\n>p1 move curse\n>p2 move uturn\n>p2 switch 3\n>p1 move doubleedge\n>p2 move gigadrain\n>p1 switch 2\n>p1 move synthesis\n>p2 move moonblast\n>p1 move glare\n>p2 move quiverdance\n>p1 move synthesis\n>p2 move quiverdance\n>p1 move leafstorm\n>p2 move moonblast\n>p1 move leafstorm\n>p2 move moonblast\n>p1 move leafstorm\n>p2 move moonblast\n>p1 move synthesis\n>p2 move moonblast\n>p1 move synthesis\n>p2 move moonblast\n>p1 move leafstorm\n>p2 move moonblast\n>p2 switch 3\n>p1 move terablast\n>p2 move uturn", "uploadtime": 1771188555, "views": 14, "formatid": "gen9randombattle", "rating": 1738, "private": 0, "password": null}