{"id": "gen9randombattle-2540787388", "format": "[Gen 9] Random Battle", "players": ["AlIoutdragadarts", "Mr.Fuji245"], "log": "|badge|p2|bronze|gen9randombattle|100-8\n|uhtml|medal-msg|<div class=\"broadcast-blue\">Curious what those medals under the avatar are? PS now has Ladder Seasons! For more information, check out the <a href=\"https://www.smogon.com/forums/threads/3740067/\">thread on Smogon.</a></div>\n|j|☆AlIoutdragadarts\n|j|☆Mr.Fuji245\n|t:|1771253981\n|gametype|singles\n|player|p1|AlIoutdragadarts|schoolkid|2248\n|player|p2|Mr.Fuji245|mrfuji-gen3|2332\n|gen|9\n|tier|[Gen 9] Random Battle\n|rated|\n|rule|Species Clause: Limit one of each Pokémon\n|rule|HP Percentage Mod: HP is shown in percentages\n|rule|Sleep Clause Mod: Limit one foe put to sleep\n|rule|Illusion Level Mod: Illusion disguises the Pokémon's true level\n|\n|t:|1771253981\n|teamsize|p1|6\n|teamsize|p2|6\n|start\n|switch|p1a: Gardevoir|Gardevoir, L83, F|249/249\n|switch|p2a: Hydreigon|Hydreigon, L79, F|275/275\n|-ability|p1a: Gardevoir|Levitate|Trace|[from] ability: Trace|[of] p2a: Hydreigon\n|turn|1\n|\n|t:|1771253990\n|switch|p2a: Zamazenta|Zamazenta-Crowned, L68|238/238\n|-ability|p2a: Zamazenta|Dauntless Shield|boost\n|-boost|p2a: Zamazenta|def|1\n|move|p1a: Gardevoir|Focus Blast|p2a: Zamazenta\n|-supereffective|p2a: Zamazenta\n|-crit|p2a: Zamazenta\n|-damage|p2a: Zamazenta|0 fnt\n|faint|p2a: Zamazenta\n|-damage|p1a: Gardevoir|225/249|[from] item: Life Orb\n|\n|upkeep\n|\n|t:|1771254011\n|switch|p2a: Beartic|Beartic, L91, F|321/321\n|turn|2\n|\n|t:|1771254027\n|switch|p1a: Sandslash|Sandslash-Alola, L88, M|275/275\n|move|p2a: Beartic|Icicle Crash|p1a: Sandslash\n|-resisted|p1a: Sandslash\n|-damage|p1a: Sandslash|250/275\n|\n|upkeep\n|turn|3\n|\n|t:|1771254037\n|switch|p1a: Gardevoir|Gardevoir, L83, F|225/249\n|-ability|p1a: Gardevoir|Slush Rush|Trace|[from] ability: Trace|[of] p2a: Beartic\n|move|p2a: Beartic|Earthquake|p1a: Gardevoir\n|-damage|p1a: Gardevoir|83/249\n|\n|upkeep\n|turn|4\n|\n|t:|1771254047\n|move|p1a: Gardevoir|Focus Blast|p2a: Beartic\n|-supereffective|p2a: Beartic\n|-damage|p2a: Beartic|56/321\n|-damage|p1a: Gardevoir|59/249|[from] item: Life Orb\n|move|p2a: Beartic|Earthquake|p1a: Gardevoir\n|-damage|p1a: Gardevoir|0 fnt\n|faint|p1a: Gardevoir\n|\n|upkeep\n|\n|t:|1771254070\n|switch|p1a: Sandslash|Sandslash-Alola, L88, M|250/275\n|turn|5\n|\n|t:|1771254075\n|move|p1a: Sandslash|Earthquake|p2a: Beartic\n|-damage|p2a: Beartic|0 fnt\n|faint|p2a: Beartic\n|-damage|p1a: Sandslash|223/275|[from] item: Life Orb\n|\n|upkeep\n|\n|t:|1771254080\n|switch|p2a: Honchkrow|Honchkrow, L86, M|312/312\n|turn|6\n|\n|t:|1771254088\n|switch|p1a: Morpeko|Morpeko, L88, M|245/245\n|move|p2a: Honchkrow|Heat Wave|p1a: Morpeko\n|-damage|p1a: Morpeko|143/245\n|\n|-formechange|p1a: Morpeko|Morpeko-Hangry||[from] ability: Hunger Switch\n|upkeep\n|turn|7\n|\n|t:|1771254096\n|move|p1a: Morpeko|Parting Shot|p2a: Honchkrow\n|-unboost|p2a: Honchkrow|atk|1\n|-unboost|p2a: Honchkrow|spa|1\n|\n|t:|1771254107\n|switch|p1a: Iron Jugulis|Iron Jugulis, L77|271/271|[from] Parting Shot\n|move|p2a: Honchkrow|U-turn|p1a: Iron Jugulis\n|-damage|p1a: Iron Jugulis|224/271\n|\n|t:|1771254116\n|switch|p2a: Hydreigon|Hydreigon, L79, F|275/275|[from] U-turn\n|\n|upkeep\n|turn|8\n|\n|t:|1771254130\n|-end|p1a: Iron Jugulis|Quark Drive|[silent]\n|switch|p1a: Sandslash|Sandslash-Alola, L88, M|223/275\n|move|p2a: Hydreigon|Draco Meteor|p1a: Sandslash\n|-resisted|p1a: Sandslash\n|-damage|p1a: Sandslash|106/275\n|-unboost|p2a: Hydreigon|spa|2\n|-damage|p2a: Hydreigon|248/275|[from] item: Life Orb\n|\n|upkeep\n|turn|9\n|\n|t:|1771254138\n|switch|p2a: Swampert|Swampert, L83, F|302/302\n|move|p1a: Sandslash|Triple Axel|p2a: Swampert\n|-damage|p2a: Swampert|270/302\n|-damage|p2a: Swampert|204/302\n|-damage|p2a: Swampert|113/302\n|-hitcount|p2a: Swampert|3\n|-damage|p1a: Sandslash|79/275|[from] item: Life Orb\n|\n|-heal|p2a: Swampert|131/302|[from] item: Leftovers\n|upkeep\n|turn|10\n|\n|t:|1771254145\n|move|p1a: Sandslash|Triple Axel|p2a: Swampert\n|-damage|p2a: Swampert|100/302\n|-damage|p2a: Swampert|40/302\n|-damage|p2a: Swampert|0 fnt\n|faint|p2a: Swampert\n|-hitcount|p2: Swampert|3\n|-damage|p1a: Sandslash|52/275|[from] item: Life Orb\n|\n|upkeep\n|\n|t:|1771254153\n|switch|p2a: Honchkrow|Honchkrow, L86, M|312/312\n|turn|11\n|\n|t:|1771254155\n|move|p1a: Sandslash|Ice Shard|p2a: Honchkrow\n|-supereffective|p2a: Honchkrow\n|-damage|p2a: Honchkrow|130/312\n|-damage|p1a: Sandslash|25/275|[from] item: Life Orb\n|move|p2a: Honchkrow|Heat Wave|p1a: Sandslash\n|-supereffective|p1a: Sandslash\n|-damage|p1a: Sandslash|0 fnt\n|faint|p1a: Sandslash\n|-ability|p2a: Honchkrow|Moxie|boost\n|-boost|p2a: Honchkrow|atk|1\n|\n|upkeep\n|\n|t:|1771254168\n|switch|p1a: Iron Jugulis|Iron Jugulis, L77|224/271\n|turn|12\n|\n|t:|1771254176\n|move|p2a: Honchkrow|Sucker Punch|p1a: Iron Jugulis\n|-resisted|p1a: Iron Jugulis\n|-damage|p1a: Iron Jugulis|141/271\n|move|p1a: Iron Jugulis|Meteor Beam||[still]\n|-prepare|p1a: Iron Jugulis|Meteor Beam\n|-boost|p1a: Iron Jugulis|spa|1\n|-enditem|p1a: Iron Jugulis|Power Herb\n|-anim|p1a: Iron Jugulis|Meteor Beam|p2a: Honchkrow\n|-supereffective|p2a: Honchkrow\n|-damage|p2a: Honchkrow|0 fnt\n|faint|p2a: Honchkrow\n|\n|upkeep\n|\n|t:|1771254181\n|switch|p2a: Hydreigon|Hydreigon, L79, F|248/275\n|turn|13\n|\n|t:|1771254184\n|move|p1a: Iron Jugulis|Hurricane|p2a: Hydreigon\n|-damage|p2a: Hydreigon|61/275\n|move|p2a: Hydreigon|Draco Meteor|p1a: Iron Jugulis\n|-damage|p1a: Iron Jugulis|0 fnt\n|-unboost|p2a: Hydreigon|spa|2\n|faint|p1a: Iron Jugulis\n|-end|p1a: Iron Jugulis|Quark Drive|[silent]\n|-damage|p2a: Hydreigon|34/275|[from] item: Life Orb\n|\n|upkeep\n|\n|t:|1771254190\n|switch|p1a: Morpeko|Morpeko, L88, M|143/245\n|turn|14\n|\n|t:|1771254192\n|move|p1a: Morpeko|Aura Wheel|p2a: Hydreigon\n|-resisted|p2a: Hydreigon\n|-damage|p2a: Hydreigon|0 fnt\n|-boost|p1a: Morpeko|spe|1\n|faint|p2a: Hydreigon\n|\n|-formechange|p1a: Morpeko|Morpeko-Hangry||[from] ability: Hunger Switch\n|upkeep\n|\n|t:|1771254195\n|switch|p2a: Rayquaza|Rayquaza, L72|270/270\n|-ability|p2a: Rayquaza|Air Lock\n|turn|15\n|\n|t:|1771254204\n|move|p1a: Morpeko|Aura Wheel|p2a: Rayquaza\n|-damage|p2a: Rayquaza|120/270\n|-boost|p1a: Morpeko|spe|1\n|move|p2a: Rayquaza|Earthquake|p1a: Morpeko\n|-supereffective|p1a: Morpeko\n|-damage|p1a: Morpeko|0 fnt\n|faint|p1a: Morpeko\n|\n|upkeep\n|\n|t:|1771254211\n|switch|p1a: Raikou|Raikou, L81|278/278\n|-ability|p1a: Raikou|Pressure\n|turn|16\n|\n|t:|1771254216\n|move|p1a: Raikou|Substitute|p1a: Raikou\n|-start|p1a: Raikou|Substitute\n|-damage|p1a: Raikou|209/278\n|move|p2a: Rayquaza|Dragon Dance|p2a: Rayquaza\n|-boost|p2a: Rayquaza|atk|1\n|-boost|p2a: Rayquaza|spe|1\n|\n|-heal|p1a: Raikou|226/278|[from] item: Leftovers\n|upkeep\n|turn|17\n|\n|t:|1771254222\n|move|p2a: Rayquaza|Earthquake|p1a: Raikou\n|-supereffective|p1a: Raikou\n|-end|p1a: Raikou|Substitute\n|move|p1a: Raikou|Thunderbolt|p2a: Rayquaza\n|-damage|p2a: Rayquaza|0 fnt\n|faint|p2a: Rayquaza\n|\n|win|AlIoutdragadarts\n|raw|AlIoutdragadarts's rating: 2248 &rarr; <strong>2273</strong><br />(+25 for winning)\n|raw|Mr.Fuji245's rating: 2332 &rarr; <strong>2307</strong><br />(-25 for losing)\n|l|☆Mr.Fuji245\n|player|p2|\n", "inputlog": ">version 686819e5e19f8a7fd2345cfc5a08a5085efa2cc3\n>start {\"formatid\":\"gen9randombattle\",\"seed\":\"sodium,821d644ec4996c9e5ea4cb1e89ee2900\",\"rated\":\"Rated battle\"}\n>player p1 {\"name\":\"AlIoutdragadarts\",\"avatar\":\"schoolkid\",\"rating\":2248,\"seed\":\"sodium,6c36e3667d5b7aa789f501068bf2f9b4\"}\n>player p2 {\"name\":\"Mr.Fuji245\",\"avatar\":\"mrfuji-gen3\",\"rating\":2332,\"seed\":\"sodium,979b6391e9afd35904fc8eea1843e9e9\"}\n>p1 move focusblast\n>p2 switch 2\n>p2 switch 3\n>p1 switch 4\n>p2 move iciclecrash\n>p1 switch 4\n>p2 move earthquake\n>p1 move focusblast\n>p2 move earthquake\n>p1 switch 4\n>p1 move earthquake\n>p2 move earthquake\n>p2 switch 6\n>p1 switch 5\n>p2 move heatwave\n>p1 move partingshot\n>p2 move uturn\n>p1 switch 3\n>p2 switch 2\n>p1 switch 5\n>p2 move dracometeor\n>p1 move tripleaxel\n>p2 switch 4\n>p1 move tripleaxel\n>p2 move flipturn\n>p2 switch 2\n>p1 move iceshard\n>p2 move heatwave\n>p1 switch 5\n>p1 move meteorbeam\n>p2 move suckerpunch\n>p2 switch 4\n>p1 move hurricane\n>p2 move dracometeor\n>p1 switch 3\n>p1 move aurawheel\n>p2 move dracometeor\n>p2 switch 5\n>p1 move aurawheel\n>p2 move earthquake\n>p1 switch 2\n>p1 move substitute\n>p2 move dragondance\n>p1 move thunderbolt\n>p2 move earthquake", "uploadtime": 1771254231, "views": 5, "formatid": "gen9randombattle", "rating": 2273, "private": 0, "password": null}