{"id": "gen9randombattle-2540347059", "format": "[Gen 9] Random Battle", "players": ["Yoshinon_7474", "plzlemmein"], "log": "|j|☆Yoshinon_7474\n|j|☆plzlemmein\n|t:|1771191320\n|gametype|singles\n|player|p1|Yoshinon_7474|clair|1550\n|player|p2|plzlemmein|nurse|1517\n|gen|9\n|tier|[Gen 9] Random Battle\n|rated|\n|rule|Species Clause: Limit one of each Pokémon\n|rule|HP Percentage Mod: HP is shown in percentages\n|rule|Sleep Clause Mod: Limit one foe put to sleep\n|rule|Illusion Level Mod: Illusion disguises the Pokémon's true level\n|\n|t:|1771191320\n|teamsize|p1|6\n|teamsize|p2|6\n|start\n|switch|p1a: Porygon2|Porygon2, L81|270/270\n|switch|p2a: Crawdaunt|Crawdaunt, L84, F|243/243\n|-ability|p1a: Porygon2|Download|boost\n|-boost|p1a: Porygon2|spa|1\n|turn|1\n|inactive|Battle timer is ON: inactive players will automatically lose when time's up. (requested by plzlemmein)\n|\n|t:|1771191331\n|-terastallize|p1a: Porygon2|Fairy\n|move|p1a: Porygon2|Tera Blast|p2a: Crawdaunt|[anim] Tera Blast Fairy\n|-supereffective|p2a: Crawdaunt\n|-damage|p2a: Crawdaunt|0 fnt\n|faint|p2a: Crawdaunt\n|\n|upkeep\n|\n|t:|1771191339\n|switch|p2a: Dialga|Dialga, L73|266/266\n|-ability|p2a: Dialga|Pressure\n|turn|2\n|\n|t:|1771191346\n|move|p2a: Dialga|Heavy Slam|p1a: Porygon2\n|-supereffective|p1a: Porygon2\n|-damage|p1a: Porygon2|102/270\n|move|p1a: Porygon2|Thunder Wave|p2a: Dialga\n|-status|p2a: Dialga|par\n|\n|upkeep\n|turn|3\n|\n|t:|1771191351\n|move|p1a: Porygon2|Recover|p1a: Porygon2\n|-heal|p1a: Porygon2|237/270\n|cant|p2a: Dialga|par\n|\n|upkeep\n|turn|4\n|\n|t:|1771191354\n|move|p1a: Porygon2|Tera Blast|p2a: Dialga|[anim] Tera Blast Fairy\n|-damage|p2a: Dialga|128/266 par\n|cant|p2a: Dialga|par\n|\n|-heal|p2a: Dialga|144/266 par|[from] item: Leftovers\n|upkeep\n|turn|5\n|\n|t:|1771191357\n|move|p1a: Porygon2|Tera Blast|p2a: Dialga|[anim] Tera Blast Fairy\n|-damage|p2a: Dialga|14/266 par\n|move|p2a: Dialga|Thunder Wave|p1a: Porygon2\n|-status|p1a: Porygon2|par\n|\n|-heal|p2a: Dialga|30/266 par|[from] item: Leftovers\n|upkeep\n|turn|6\n|\n|t:|1771191361\n|move|p2a: Dialga|Heavy Slam|p1a: Porygon2\n|-supereffective|p1a: Porygon2\n|-damage|p1a: Porygon2|73/270 par\n|cant|p1a: Porygon2|par\n|\n|-heal|p2a: Dialga|46/266 par|[from] item: Leftovers\n|upkeep\n|turn|7\n|\n|t:|1771191365\n|move|p2a: Dialga|Heavy Slam|p1a: Porygon2\n|-supereffective|p1a: Porygon2\n|-damage|p1a: Porygon2|0 fnt\n|faint|p1a: Porygon2\n|\n|-heal|p2a: Dialga|62/266 par|[from] item: Leftovers\n|upkeep\n|\n|t:|1771191367\n|switch|p1a: Hitmontop|Hitmontop, L88, M|231/231\n|-ability|p1a: Hitmontop|Intimidate|boost\n|-unboost|p2a: Dialga|atk|1\n|turn|8\n|\n|t:|1771191370\n|move|p1a: Hitmontop|Earthquake|p2a: Dialga\n|-supereffective|p2a: Dialga\n|-damage|p2a: Dialga|0 fnt\n|faint|p2a: Dialga\n|\n|upkeep\n|\n|t:|1771191380\n|switch|p2a: Golduck|Golduck, L90, M|290/290\n|-ability|p2a: Golduck|Cloud Nine\n|turn|9\n|\n|t:|1771191383\n|move|p2a: Golduck|Nasty Plot|p2a: Golduck\n|-boost|p2a: Golduck|spa|2\n|move|p1a: Hitmontop|Close Combat|p2a: Golduck\n|-damage|p2a: Golduck|137/290\n|-unboost|p1a: Hitmontop|def|1\n|-unboost|p1a: Hitmontop|spd|1\n|\n|-heal|p2a: Golduck|155/290|[from] item: Leftovers\n|upkeep\n|turn|10\n|\n|t:|1771191391\n|switch|p1a: Noivern|Noivern, L82, F|274/274\n|move|p2a: Golduck|Hydro Pump|p1a: Noivern\n|-resisted|p1a: Noivern\n|-damage|p1a: Noivern|136/274\n|\n|-heal|p2a: Golduck|173/290|[from] item: Leftovers\n|upkeep\n|turn|11\n|\n|t:|1771191394\n|move|p1a: Noivern|Draco Meteor|p2a: Golduck\n|-damage|p2a: Golduck|0 fnt\n|-unboost|p1a: Noivern|spa|2\n|faint|p2a: Golduck\n|\n|upkeep\n|\n|t:|1771191397\n|switch|p2a: Necrozma|Necrozma-Dusk-Mane, L69|248/248\n|turn|12\n|\n|t:|1771191401\n|switch|p1a: Hitmontop|Hitmontop, L88, M|231/231\n|-ability|p1a: Hitmontop|Intimidate|boost\n|-unboost|p2a: Necrozma|atk|1\n|move|p2a: Necrozma|Dragon Dance|p2a: Necrozma\n|-boost|p2a: Necrozma|atk|1\n|-boost|p2a: Necrozma|spe|1\n|\n|upkeep\n|turn|13\n|\n|t:|1771191404\n|move|p2a: Necrozma|Dragon Dance|p2a: Necrozma\n|-boost|p2a: Necrozma|atk|1\n|-boost|p2a: Necrozma|spe|1\n|move|p1a: Hitmontop|Close Combat|p2a: Necrozma\n|-damage|p2a: Necrozma|122/248\n|-unboost|p1a: Hitmontop|def|1\n|-unboost|p1a: Hitmontop|spd|1\n|\n|upkeep\n|turn|14\n|\n|t:|1771191427\n|move|p2a: Necrozma|Morning Sun|p2a: Necrozma\n|-heal|p2a: Necrozma|246/248\n|move|p1a: Hitmontop|Close Combat|p2a: Necrozma\n|-damage|p2a: Necrozma|131/248\n|-unboost|p1a: Hitmontop|def|1\n|-unboost|p1a: Hitmontop|spd|1\n|\n|upkeep\n|turn|15\n|\n|t:|1771191445\n|move|p2a: Necrozma|Sunsteel Strike|p1a: Hitmontop\n|-damage|p1a: Hitmontop|0 fnt\n|faint|p1a: Hitmontop\n|\n|upkeep\n|\n|t:|1771191462\n|switch|p1a: Mandibuzz|Mandibuzz, L85, F|326/326\n|turn|16\n|inactive|plzlemmein has 120 seconds left.\n|\n|t:|1771191484\n|move|p2a: Necrozma|Morning Sun|p2a: Necrozma\n|-heal|p2a: Necrozma|248/248\n|move|p1a: Mandibuzz|Foul Play|p2a: Necrozma\n|-supereffective|p2a: Necrozma\n|-damage|p2a: Necrozma|5/248\n|-enditem|p2a: Necrozma|Weakness Policy\n|-boost|p2a: Necrozma|atk|2|[from] item: Weakness Policy\n|-boost|p2a: Necrozma|spa|2|[from] item: Weakness Policy\n|\n|upkeep\n|turn|17\n|inactive|plzlemmein has 120 seconds left.\n|\n|t:|1771191503\n|move|p2a: Necrozma|Sunsteel Strike|p1a: Mandibuzz\n|-damage|p1a: Mandibuzz|106/326\n|move|p1a: Mandibuzz|Foul Play|p2a: Necrozma\n|-supereffective|p2a: Necrozma\n|-damage|p2a: Necrozma|0 fnt\n|faint|p2a: Necrozma\n|\n|upkeep\n|\n|t:|1771191505\n|switch|p2a: Regidrago|Regidrago, L77|435/435\n|turn|18\n|\n|t:|1771191508\n|move|p2a: Regidrago|Dragon Energy|p1a: Mandibuzz\n|-damage|p1a: Mandibuzz|0 fnt\n|faint|p1a: Mandibuzz\n|\n|upkeep\n|\n|t:|1771191511\n|switch|p1a: Gengar|Gengar, L81, F|230/230\n|turn|19\n|\n|t:|1771191531\n|-terastallize|p2a: Regidrago|Dragon\n|move|p2a: Regidrago|Dragon Energy|p1a: Gengar\n|-damage|p1a: Gengar|0 fnt\n|-start|p2a: Regidrago|Disable|Dragon Energy|[from] ability: Cursed Body|[of] p1a: Gengar\n|faint|p1a: Gengar\n|\n|upkeep\n|\n|t:|1771191542\n|switch|p1a: Infernape|Infernape, L82, F|259/259\n|turn|20\n|\n|t:|1771191545\n|switch|p2a: Hippowdon|Hippowdon, L82, M|311/311\n|-weather|Sandstorm|[from] ability: Sand Stream|[of] p2a: Hippowdon\n|move|p1a: Infernape|Close Combat|p2a: Hippowdon\n|-damage|p2a: Hippowdon|167/311\n|-unboost|p1a: Infernape|def|1\n|-unboost|p1a: Infernape|spd|1\n|-damage|p1a: Infernape|216/259|[from] item: Rocky Helmet|[of] p2a: Hippowdon\n|-damage|p1a: Infernape|191/259|[from] item: Life Orb\n|\n|-weather|Sandstorm|[upkeep]\n|-damage|p1a: Infernape|175/259|[from] Sandstorm\n|upkeep\n|turn|21\n|\n|t:|1771191552\n|switch|p1a: Noivern|Noivern, L82, F|136/274\n|move|p2a: Hippowdon|Slack Off|p2a: Hippowdon\n|-heal|p2a: Hippowdon|311/311\n|\n|-weather|Sandstorm|[upkeep]\n|-damage|p1a: Noivern|119/274|[from] Sandstorm\n|upkeep\n|turn|22\n|\n|t:|1771191555\n|move|p1a: Noivern|Hurricane|p2a: Hippowdon\n|-damage|p2a: Hippowdon|113/311\n|move|p2a: Hippowdon|Stone Edge|p1a: Noivern\n|-supereffective|p1a: Noivern\n|-crit|p1a: Noivern\n|-damage|p1a: Noivern|0 fnt\n|faint|p1a: Noivern\n|\n|-weather|Sandstorm|[upkeep]\n|upkeep\n|\n|t:|1771191559\n|switch|p1a: Infernape|Infernape, L82, F|175/259\n|turn|23\n|\n|t:|1771191562\n|move|p1a: Infernape|Close Combat|p2a: Hippowdon\n|-crit|p2a: Hippowdon\n|-damage|p2a: Hippowdon|0 fnt\n|-unboost|p1a: Infernape|def|1\n|-unboost|p1a: Infernape|spd|1\n|-damage|p1a: Infernape|132/259|[from] item: Rocky Helmet|[of] p2a: Hippowdon\n|faint|p2a: Hippowdon\n|-damage|p1a: Infernape|107/259|[from] item: Life Orb\n|\n|-weather|Sandstorm|[upkeep]\n|-damage|p1a: Infernape|91/259|[from] Sandstorm\n|upkeep\n|\n|t:|1771191565\n|switch|p2a: Regidrago|Regidrago, L77, tera:Dragon|435/435\n|turn|24\n|\n|t:|1771191567\n|move|p2a: Regidrago|Dragon Energy|p1a: Infernape\n|-crit|p1a: Infernape\n|-damage|p1a: Infernape|0 fnt\n|faint|p1a: Infernape\n|\n|win|plzlemmein\n|raw|Yoshinon_7474's rating: 1550 &rarr; <strong>1528</strong><br />(-22 for losing)\n|raw|plzlemmein's rating: 1517 &rarr; <strong>1539</strong><br />(+22 for winning)\n|l|☆Yoshinon_7474\n|player|p1|\n", "inputlog": ">version 686819e5e19f8a7fd2345cfc5a08a5085efa2cc3\n>start {\"formatid\":\"gen9randombattle\",\"seed\":\"sodium,5028f7af037086e8a10dbc0ed7036b73\",\"rated\":\"Rated battle\"}\n>player p1 {\"name\":\"Yoshinon_7474\",\"avatar\":\"clair\",\"rating\":1550,\"seed\":\"sodium,ea5c0b68d7e11a55b46ae91642d1e477\"}\n>player p2 {\"name\":\"plzlemmein\",\"avatar\":\"nurse\",\"rating\":1517,\"seed\":\"sodium,9fb0e0ad5c6ade06004796f4bff1080c\"}\n>p1 move terablast terastallize\n>p2 move dragondance\n>p2 switch 2\n>p1 move thunderwave\n>p2 move heavyslam\n>p1 move recover\n>p2 move heavyslam\n>p1 move terablast\n>p2 move heavyslam\n>p1 move terablast\n>p2 move thunderwave\n>p1 move terablast\n>p2 move heavyslam\n>p1 move terablast\n>p2 move heavyslam\n>p1 switch 5\n>p1 move earthquake\n>p2 move thunderwave\n>p2 switch 5\n>p1 move closecombat\n>p2 move nastyplot\n>p1 switch 2\n>p2 move hydropump\n>p1 move dracometeor\n>p2 move icebeam\n>p2 switch 6\n>p1 switch 2\n>p2 move dragondance\n>p1 move closecombat\n>p2 move dragondance\n>p1 move closecombat\n>p2 move morningsun\n>p1 move closecombat\n>p2 move sunsteelstrike\n>p1 switch 6\n>p1 move foulplay\n>p2 move morningsun\n>p1 move foulplay\n>p2 move sunsteelstrike\n>p2 switch 3\n>p1 move toxic\n>p2 move dragonenergy\n>p1 switch 4\n>p1 move shadowball\n>p2 move dragonenergy terastallize\n>p1 switch 3\n>p1 move closecombat\n>p2 switch 4\n>p1 switch 2\n>p2 move slackoff\n>p1 move hurricane\n>p2 move stoneedge\n>p1 switch 2\n>p1 move closecombat\n>p2 move earthquake\n>p2 switch 4\n>p1 move closecombat\n>p2 move dragonenergy", "uploadtime": 1771191569, "views": 9, "formatid": "gen9randombattle", "rating": 1528, "private": 0, "password": null}