{"id": "gen9randombattle-2540199267", "format": "[Gen 9] Random Battle", "players": ["rewa00", "lafaucheuse28"], "log": "|j|☆rewa00\n|j|☆lafaucheuse28\n|t:|1771174887\n|gametype|singles\n|player|p1|rewa00|101|1688\n|player|p2|lafaucheuse28|elesa|1738\n|gen|9\n|tier|[Gen 9] Random Battle\n|rated|\n|rule|Species Clause: Limit one of each Pokémon\n|rule|HP Percentage Mod: HP is shown in percentages\n|rule|Sleep Clause Mod: Limit one foe put to sleep\n|rule|Illusion Level Mod: Illusion disguises the Pokémon's true level\n|\n|t:|1771174887\n|teamsize|p1|6\n|teamsize|p2|6\n|start\n|switch|p1a: Malamar|Malamar, L82, M|275/275\n|switch|p2a: Groudon|Groudon, L72|263/263\n|-weather|SunnyDay|[from] ability: Drought|[of] p2a: Groudon\n|turn|1\n|inactive|Battle timer is ON: inactive players will automatically lose when time's up. (requested by lafaucheuse28)\n|\n|t:|1771174894\n|move|p2a: Groudon|Thunder Wave|p1a: Malamar\n|-status|p1a: Malamar|par\n|move|p1a: Malamar|Superpower|p2a: Groudon\n|-damage|p2a: Groudon|202/263\n|-boost|p1a: Malamar|atk|1\n|-boost|p1a: Malamar|def|1\n|\n|-weather|SunnyDay|[upkeep]\n|-heal|p2a: Groudon|218/263|[from] item: Leftovers\n|upkeep\n|turn|2\n|\n|t:|1771174903\n|switch|p2a: Regirock|Regirock, L83|268/268\n|move|p1a: Malamar|Superpower|p2a: Regirock\n|-supereffective|p2a: Regirock\n|-damage|p2a: Regirock|144/268\n|-boost|p1a: Malamar|atk|1\n|-boost|p1a: Malamar|def|1\n|\n|-weather|SunnyDay|[upkeep]\n|-heal|p2a: Regirock|160/268|[from] item: Leftovers\n|upkeep\n|turn|3\n|\n|t:|1771174909\n|move|p2a: Regirock|Stealth Rock|p1a: Malamar\n|-sidestart|p1: rewa00|move: Stealth Rock\n|move|p1a: Malamar|Rest|p1a: Malamar\n|-fail|p1a: Malamar|heal\n|\n|-weather|SunnyDay|[upkeep]\n|-heal|p2a: Regirock|176/268|[from] item: Leftovers\n|upkeep\n|turn|4\n|\n|t:|1771174913\n|move|p2a: Regirock|Stone Edge|p1a: Malamar\n|-damage|p1a: Malamar|223/275 par\n|cant|p1a: Malamar|par\n|\n|-weather|SunnyDay|[upkeep]\n|-heal|p2a: Regirock|192/268|[from] item: Leftovers\n|-heal|p1a: Malamar|240/275 par|[from] item: Leftovers\n|upkeep\n|turn|5\n|\n|t:|1771174916\n|move|p2a: Regirock|Body Press|p1a: Malamar\n|-damage|p1a: Malamar|189/275 par\n|move|p1a: Malamar|Rest|p1a: Malamar\n|-status|p1a: Malamar|slp|[from] move: Rest\n|-heal|p1a: Malamar|275/275 slp|[silent]\n|\n|-weather|none\n|-heal|p2a: Regirock|208/268|[from] item: Leftovers\n|upkeep\n|turn|6\n|\n|t:|1771174922\n|cant|p1a: Malamar|slp\n|move|p1a: Malamar|Sleep Talk|p1a: Malamar\n|move|p1a: Malamar|Rest||[from] move: Sleep Talk|[still]\n|-fail|p1a: Malamar\n|move|p2a: Regirock|Stone Edge|p1a: Malamar|[miss]\n|-miss|p2a: Regirock|p1a: Malamar\n|\n|-heal|p2a: Regirock|224/268|[from] item: Leftovers\n|upkeep\n|turn|7\n|\n|t:|1771174928\n|cant|p1a: Malamar|slp\n|move|p1a: Malamar|Sleep Talk|p1a: Malamar\n|move|p1a: Malamar|Knock Off|p2a: Regirock|[from] move: Sleep Talk\n|-damage|p2a: Regirock|122/268\n|-enditem|p2a: Regirock|Leftovers|[from] move: Knock Off|[of] p1a: Malamar\n|move|p2a: Regirock|Body Press|p1a: Malamar\n|-crit|p1a: Malamar\n|-damage|p1a: Malamar|132/275 slp\n|\n|-heal|p1a: Malamar|149/275 slp|[from] item: Leftovers\n|upkeep\n|turn|8\n|\n|t:|1771174934\n|-curestatus|p1a: Malamar|slp|[msg]\n|move|p1a: Malamar|Superpower|p2a: Regirock\n|-supereffective|p2a: Regirock\n|-damage|p2a: Regirock|0 fnt\n|-boost|p1a: Malamar|atk|1\n|-boost|p1a: Malamar|def|1\n|faint|p2a: Regirock\n|\n|-heal|p1a: Malamar|166/275|[from] item: Leftovers\n|upkeep\n|\n|t:|1771174945\n|switch|p2a: Zebstrika|Zebstrika, L87, F|272/272\n|turn|9\n|\n|t:|1771174949\n|move|p2a: Zebstrika|Volt Switch|p1a: Malamar\n|-damage|p1a: Malamar|57/275\n|-damage|p2a: Zebstrika|245/272|[from] item: Life Orb\n|\n|t:|1771174953\n|switch|p2a: Swanna|Swanna, L89, M|278/278|[from] Volt Switch\n|move|p1a: Malamar|Knock Off|p2a: Swanna\n|-damage|p2a: Swanna|7/278\n|-enditem|p2a: Swanna|Heavy-Duty Boots|[from] move: Knock Off|[of] p1a: Malamar\n|\n|-heal|p1a: Malamar|74/275|[from] item: Leftovers\n|upkeep\n|turn|10\n|\n|t:|1771174958\n|move|p2a: Swanna|Hydro Pump|p1a: Malamar\n|-damage|p1a: Malamar|0 fnt\n|faint|p1a: Malamar\n|\n|upkeep\n|\n|t:|1771174975\n|switch|p1a: Solgaleo|Solgaleo, L74|325/325\n|-damage|p1a: Solgaleo|305/325|[from] Stealth Rock\n|turn|11\n|\n|t:|1771174985\n|move|p2a: Swanna|Roost|p2a: Swanna\n|-heal|p2a: Swanna|146/278\n|-singleturn|p2a: Swanna|move: Roost\n|move|p1a: Solgaleo|Knock Off|p2a: Swanna\n|-damage|p2a: Swanna|90/278\n|\n|upkeep\n|turn|12\n|\n|t:|1771174994\n|switch|p1a: Regirock|Regirock, L83|268/268\n|-damage|p1a: Regirock|235/268|[from] Stealth Rock\n|move|p2a: Swanna|Roost|p2a: Swanna\n|-heal|p2a: Swanna|229/278\n|-singleturn|p2a: Swanna|move: Roost\n|\n|-heal|p1a: Regirock|251/268|[from] item: Leftovers\n|upkeep\n|turn|13\n|\n|t:|1771174998\n|move|p2a: Swanna|Hydro Pump|p1a: Regirock|[miss]\n|-miss|p2a: Swanna|p1a: Regirock\n|move|p1a: Regirock|Stone Edge|p2a: Swanna\n|-supereffective|p2a: Swanna\n|-damage|p2a: Swanna|0 fnt\n|faint|p2a: Swanna\n|\n|-heal|p1a: Regirock|267/268|[from] item: Leftovers\n|upkeep\n|\n|t:|1771175003\n|switch|p2a: Ursaluna|Ursaluna, L79, M|335/335\n|turn|14\n|\n|t:|1771175012\n|-terastallize|p1a: Regirock|Fighting\n|move|p1a: Regirock|Body Press|p2a: Ursaluna\n|-supereffective|p2a: Ursaluna\n|-damage|p2a: Ursaluna|77/335\n|move|p2a: Ursaluna|Swords Dance|p2a: Ursaluna\n|-boost|p2a: Ursaluna|atk|2\n|\n|-heal|p1a: Regirock|268/268|[from] item: Leftovers\n|-status|p2a: Ursaluna|brn|[from] item: Flame Orb\n|upkeep\n|turn|15\n|\n|t:|1771175018\n|move|p1a: Regirock|Body Press|p2a: Ursaluna\n|-supereffective|p2a: Ursaluna\n|-damage|p2a: Ursaluna|0 fnt\n|faint|p2a: Ursaluna\n|\n|upkeep\n|\n|t:|1771175022\n|switch|p2a: Glaceon|Glaceon, L94, M|275/275\n|turn|16\n|\n|t:|1771175024\n|move|p2a: Glaceon|Freeze-Dry|p1a: Regirock\n|-damage|p1a: Regirock|153/268\n|move|p1a: Regirock|Stealth Rock|p2a: Glaceon\n|-sidestart|p2: lafaucheuse28|move: Stealth Rock\n|\n|-heal|p1a: Regirock|169/268|[from] item: Leftovers\n|upkeep\n|turn|17\n|\n|t:|1771175029\n|move|p2a: Glaceon|Freeze-Dry|p1a: Regirock\n|-damage|p1a: Regirock|66/268\n|move|p1a: Regirock|Body Press|p2a: Glaceon\n|-supereffective|p2a: Glaceon\n|-damage|p2a: Glaceon|57/275\n|\n|-heal|p1a: Regirock|82/268|[from] item: Leftovers\n|upkeep\n|turn|18\n|\n|t:|1771175035\n|switch|p1a: Charizard|Charizard, L85, M|271/271\n|move|p2a: Glaceon|Freeze-Dry|p1a: Charizard\n|-damage|p1a: Charizard|145/271\n|\n|upkeep\n|turn|19\n|\n|t:|1771175042\n|move|p1a: Charizard|Swords Dance|p1a: Charizard\n|-boost|p1a: Charizard|atk|2\n|move|p2a: Glaceon|Wish|p2a: Glaceon\n|\n|upkeep\n|turn|20\n|\n|t:|1771175047\n|move|p1a: Charizard|Flare Blitz|p2a: Glaceon\n|-supereffective|p2a: Glaceon\n|-damage|p2a: Glaceon|0 fnt\n|faint|p2a: Glaceon\n|-damage|p1a: Charizard|126/271|[from] Recoil\n|\n|upkeep\n|\n|t:|1771175051\n|switch|p2a: Zebstrika|Zebstrika, L87, F|245/272\n|-damage|p2a: Zebstrika|211/272|[from] Stealth Rock\n|turn|21\n|\n|t:|1771175056\n|move|p2a: Zebstrika|Volt Switch|p1a: Charizard\n|-supereffective|p1a: Charizard\n|-damage|p1a: Charizard|0 fnt\n|faint|p1a: Charizard\n|-damage|p2a: Zebstrika|184/272|[from] item: Life Orb\n|\n|t:|1771175058\n|switch|p2a: Groudon|Groudon, L72|218/263|[from] Volt Switch\n|-damage|p2a: Groudon|202/263|[from] Stealth Rock\n|-weather|SunnyDay|[from] ability: Drought|[of] p2a: Groudon\n|\n|-weather|SunnyDay|[upkeep]\n|-heal|p2a: Groudon|218/263|[from] item: Leftovers\n|upkeep\n|\n|t:|1771175072\n|switch|p1a: Solgaleo|Solgaleo, L74|305/325\n|-damage|p1a: Solgaleo|285/325|[from] Stealth Rock\n|turn|22\n|\n|t:|1771175076\n|move|p1a: Solgaleo|Knock Off|p2a: Groudon\n|-damage|p2a: Groudon|164/263\n|-enditem|p2a: Groudon|Leftovers|[from] move: Knock Off|[of] p1a: Solgaleo\n|move|p2a: Groudon|Precipice Blades|p1a: Solgaleo\n|-supereffective|p1a: Solgaleo\n|-damage|p1a: Solgaleo|21/325\n|\n|-weather|SunnyDay|[upkeep]\n|upkeep\n|turn|23\n|\n|t:|1771175080\n|move|p1a: Solgaleo|Morning Sun|p1a: Solgaleo\n|-heal|p1a: Solgaleo|238/325\n|move|p2a: Groudon|Heat Crash|p1a: Solgaleo\n|-supereffective|p1a: Solgaleo\n|-damage|p1a: Solgaleo|20/325\n|-damage|p2a: Groudon|121/263|[from] item: Rocky Helmet|[of] p1a: Solgaleo\n|\n|-weather|SunnyDay|[upkeep]\n|upkeep\n|turn|24\n|\n|t:|1771175085\n|move|p1a: Solgaleo|Morning Sun|p1a: Solgaleo\n|-heal|p1a: Solgaleo|237/325\n|move|p2a: Groudon|Precipice Blades|p1a: Solgaleo\n|-supereffective|p1a: Solgaleo\n|-damage|p1a: Solgaleo|0 fnt\n|faint|p1a: Solgaleo\n|\n|-weather|SunnyDay|[upkeep]\n|upkeep\n|\n|t:|1771175091\n|switch|p1a: Virizion|Virizion, L82|283/283\n|-damage|p1a: Virizion|266/283|[from] Stealth Rock\n|turn|25\n|\n|t:|1771175096\n|-terastallize|p2a: Groudon|Fire\n|move|p1a: Virizion|Leaf Blade|p2a: Groudon\n|-resisted|p2a: Groudon\n|-damage|p2a: Groudon|78/263\n|-damage|p1a: Virizion|238/283|[from] item: Life Orb\n|move|p2a: Groudon|Heat Crash|p1a: Virizion\n|-supereffective|p1a: Virizion\n|-damage|p1a: Virizion|0 fnt\n|faint|p1a: Virizion\n|\n|-weather|none\n|upkeep\n|\n|t:|1771175106\n|switch|p1a: Regirock|Regirock, L83, tera:Fighting|82/268\n|-damage|p1a: Regirock|66/268|[from] Stealth Rock\n|turn|26\n|\n|t:|1771175109\n|move|p2a: Groudon|Precipice Blades|p1a: Regirock\n|-damage|p1a: Regirock|0 fnt\n|faint|p1a: Regirock\n|\n|upkeep\n|\n|t:|1771175112\n|switch|p1a: Moltres|Moltres-Galar, L79|271/271\n|-damage|p1a: Moltres|204/271|[from] Stealth Rock\n|turn|27\n|\n|t:|1771175116\n|move|p1a: Moltres|Agility|p1a: Moltres\n|-boost|p1a: Moltres|spe|2\n|move|p2a: Groudon|Heat Crash|p1a: Moltres\n|-damage|p1a: Moltres|68/271\n|-ability|p1a: Moltres|Berserk|boost\n|-boost|p1a: Moltres|spa|1\n|\n|upkeep\n|turn|28\n|\n|t:|1771175122\n|move|p1a: Moltres|Fiery Wrath|p2a: Groudon\n|-damage|p2a: Groudon|0 fnt\n|faint|p2a: Groudon\n|\n|upkeep\n|\n|t:|1771175124\n|switch|p2a: Zebstrika|Zebstrika, L87, F|184/272\n|-damage|p2a: Zebstrika|150/272|[from] Stealth Rock\n|turn|29\n|\n|t:|1771175128\n|move|p1a: Moltres|Fiery Wrath|p2a: Zebstrika\n|-damage|p2a: Zebstrika|2/272\n|move|p2a: Zebstrika|Volt Switch|p1a: Moltres\n|-supereffective|p1a: Moltres\n|-damage|p1a: Moltres|0 fnt\n|faint|p1a: Moltres\n|-damage|p2a: Zebstrika|0 fnt|[from] item: Life Orb\n|faint|p2a: Zebstrika\n|\n|win|lafaucheuse28\n|raw|rewa00's rating: 1688 &rarr; <strong>1671</strong><br />(-17 for losing)\n|raw|lafaucheuse28's rating: 1738 &rarr; <strong>1755</strong><br />(+17 for winning)\n|c|☆rewa00|gg\n|c|☆rewa00|peak final\n|l|☆lafaucheuse28\n|player|p2|\n", "inputlog": ">version 686819e5e19f8a7fd2345cfc5a08a5085efa2cc3\n>start {\"formatid\":\"gen9randombattle\",\"seed\":\"sodium,4dc3e044830d5d8b13429705297b9f71\",\"rated\":\"Rated battle\"}\n>player p1 {\"name\":\"rewa00\",\"avatar\":\"101\",\"rating\":1688,\"seed\":\"sodium,9797e4f2577bf819ee34f61e2aa6345c\"}\n>player p2 {\"name\":\"lafaucheuse28\",\"avatar\":\"elesa\",\"rating\":1738,\"seed\":\"sodium,11e7cd38c97a82481aae55e47196481a\"}\n>p1 move superpower\n>p2 move thunderwave\n>p1 move superpower\n>p2 switch 2\n>p1 move rest\n>p2 move stealthrock\n>p1 move superpower\n>p2 move stoneedge\n>p1 move rest\n>p2 move bodypress\n>p1 move sleeptalk\n>p2 move stoneedge\n>p1 move sleeptalk\n>p2 move bodypress\n>p1 move superpower\n>p2 move bodypress\n>p2 switch 6\n>p1 move knockoff\n>p2 move voltswitch\n>p2 switch 4\n>p1 move rest\n>p2 move hydropump\n>p1 switch 5\n>p1 move knockoff\n>p2 move roost\n>p1 switch 6\n>p2 move roost\n>p1 move stoneedge\n>p2 move hydropump\n>p2 switch 5\n>p1 move bodypress terastallize\n>p2 move swordsdance\n>p1 move bodypress\n>p2 move facade\n>p2 switch 3\n>p1 move stealthrock\n>p2 move freezedry\n>p1 move bodypress\n>p2 move freezedry\n>p1 switch 2\n>p2 move freezedry\n>p1 move swordsdance\n>p2 move wish\n>p1 move flareblitz\n>p2 move freezedry\n>p2 switch 4\n>p1 move outrage\n>p2 move voltswitch\n>p2 switch 2\n>p1 switch 6\n>p1 move knockoff\n>p2 move precipiceblades\n>p1 move morningsun\n>p2 move heatcrash\n>p1 move morningsun\n>p2 move precipiceblades\n>p1 switch 4\n>p1 move leafblade\n>p2 move heatcrash terastallize\n>p1 switch 2\n>p1 move bodypress\n>p2 move precipiceblades\n>p1 switch 3\n>p1 move agility\n>p2 move heatcrash\n>p1 move fierywrath\n>p2 move heatcrash\n>p2 switch 2\n>p1 move fierywrath\n>p2 move voltswitch", "uploadtime": 1771175144, "views": 9, "formatid": "gen9randombattle", "rating": 1671, "private": 0, "password": null}