{"id": "gen9randombattle-2540311733", "format": "[Gen 9] Random Battle", "players": ["Turbovirgin69", "improvguy"], "log": "|j|☆Turbovirgin69\n|j|☆improvguy\n|t:|1771187461\n|gametype|singles\n|player|p1|Turbovirgin69|169|1720\n|player|p2|improvguy|cameraman|1735\n|gen|9\n|tier|[Gen 9] Random Battle\n|rated|\n|rule|Species Clause: Limit one of each Pokémon\n|rule|HP Percentage Mod: HP is shown in percentages\n|rule|Sleep Clause Mod: Limit one foe put to sleep\n|rule|Illusion Level Mod: Illusion disguises the Pokémon's true level\n|\n|t:|1771187461\n|teamsize|p1|6\n|teamsize|p2|6\n|start\n|switch|p1a: Cramorant|Cramorant, L86, M|261/261\n|switch|p2a: Annihilape|Annihilape, L76, F|292/292\n|turn|1\n|\n|t:|1771187473\n|switch|p2a: Manaphy|Manaphy, L78|284/284\n|move|p1a: Cramorant|Brave Bird|p2a: Manaphy\n|-damage|p2a: Manaphy|175/284\n|-damage|p1a: Cramorant|225/261|[from] Recoil\n|\n|-heal|p2a: Manaphy|192/284|[from] item: Leftovers\n|upkeep\n|turn|2\n|\n|t:|1771187505\n|move|p2a: Manaphy|Tail Glow|p2a: Manaphy\n|-boost|p2a: Manaphy|spa|3\n|move|p1a: Cramorant|Brave Bird|p2a: Manaphy\n|-damage|p2a: Manaphy|74/284\n|-damage|p1a: Cramorant|186/261|[from] Recoil\n|\n|-heal|p2a: Manaphy|91/284|[from] item: Leftovers\n|upkeep\n|turn|3\n|\n|t:|1771187514\n|move|p2a: Manaphy|Ice Beam|p1a: Cramorant\n|-damage|p1a: Cramorant|47/261\n|move|p1a: Cramorant|Brave Bird|p2a: Manaphy\n|-damage|p2a: Manaphy|0 fnt\n|faint|p2a: Manaphy\n|-damage|p1a: Cramorant|17/261|[from] Recoil\n|\n|upkeep\n|\n|t:|1771187523\n|switch|p2a: Gengar|Gengar, L81, F|230/230\n|turn|4\n|\n|t:|1771187536\n|switch|p1a: Garganacl|Garganacl, L80, M|291/291\n|move|p2a: Gengar|Shadow Ball|p1a: Garganacl\n|-damage|p1a: Garganacl|216/291\n|\n|-heal|p1a: Garganacl|234/291|[from] item: Leftovers\n|upkeep\n|turn|5\n|\n|t:|1771187557\n|switch|p2a: Donphan|Donphan, L84, F|288/288\n|move|p1a: Garganacl|Stealth Rock|p2a: Donphan\n|-sidestart|p2: improvguy|move: Stealth Rock\n|\n|-heal|p1a: Garganacl|252/291|[from] item: Leftovers\n|upkeep\n|turn|6\n|\n|t:|1771187567\n|move|p2a: Donphan|Stealth Rock|p1a: Garganacl\n|-sidestart|p1: Turbovirgin69|move: Stealth Rock\n|move|p1a: Garganacl|Salt Cure|p2a: Donphan\n|-resisted|p2a: Donphan\n|-damage|p2a: Donphan|272/288\n|-start|p2a: Donphan|Salt Cure\n|\n|-heal|p2a: Donphan|288/288|[from] item: Leftovers\n|-heal|p1a: Garganacl|270/291|[from] item: Leftovers\n|-damage|p2a: Donphan|252/288|[from] Salt Cure\n|upkeep\n|turn|7\n|\n|t:|1771187586\n|switch|p1a: Appletun|Appletun, L92, F|352/352\n|-damage|p1a: Appletun|308/352|[from] Stealth Rock\n|move|p2a: Donphan|Knock Off|p1a: Appletun\n|-damage|p1a: Appletun|225/352\n|-enditem|p1a: Appletun|Leftovers|[from] move: Knock Off|[of] p2a: Donphan\n|\n|-heal|p2a: Donphan|270/288|[from] item: Leftovers\n|-damage|p2a: Donphan|234/288|[from] Salt Cure\n|upkeep\n|turn|8\n|\n|t:|1771187599\n|switch|p2a: Annihilape|Annihilape, L76, F|292/292\n|-damage|p2a: Annihilape|274/292|[from] Stealth Rock\n|move|p1a: Appletun|Dragon Tail|p2a: Annihilape\n|-damage|p2a: Annihilape|190/292\n|drag|p2a: Gengar|Gengar, L81, F|230/230\n|-damage|p2a: Gengar|202/230|[from] Stealth Rock\n|\n|upkeep\n|turn|9\n|\n|t:|1771187615\n|switch|p1a: Garganacl|Garganacl, L80, M|270/291\n|-damage|p1a: Garganacl|234/291|[from] Stealth Rock\n|move|p2a: Gengar|Trick|p1a: Garganacl\n|-activate|p2a: Gengar|move: Trick|[of] p1a: Garganacl\n|-item|p1a: Garganacl|Choice Specs|[from] move: Trick\n|-item|p2a: Gengar|Leftovers|[from] move: Trick\n|\n|-heal|p2a: Gengar|216/230|[from] item: Leftovers\n|upkeep\n|turn|10\n|\n|t:|1771187630\n|move|p2a: Gengar|Focus Blast|p1a: Garganacl\n|-supereffective|p1a: Garganacl\n|-damage|p1a: Garganacl|24/291\n|move|p1a: Garganacl|Salt Cure|p2a: Gengar\n|-damage|p2a: Gengar|164/230\n|-start|p2a: Gengar|Salt Cure\n|-start|p1a: Garganacl|Disable|Salt Cure|[from] ability: Cursed Body|[of] p2a: Gengar\n|\n|-heal|p2a: Gengar|178/230|[from] item: Leftovers\n|-damage|p2a: Gengar|150/230|[from] Salt Cure\n|upkeep\n|turn|11\n|\n|t:|1771187642\n|move|p2a: Gengar|Shadow Ball|p1a: Garganacl\n|-damage|p1a: Garganacl|0 fnt\n|faint|p1a: Garganacl\n|\n|-heal|p2a: Gengar|164/230|[from] item: Leftovers\n|-damage|p2a: Gengar|136/230|[from] Salt Cure\n|upkeep\n|\n|t:|1771187656\n|switch|p1a: Salazzle|Salazzle, L83, F|249/249\n|turn|12\n|\n|t:|1771187666\n|move|p1a: Salazzle|Nasty Plot|p1a: Salazzle\n|-boost|p1a: Salazzle|spa|2\n|move|p2a: Gengar|Shadow Ball|p1a: Salazzle\n|-damage|p1a: Salazzle|108/249\n|\n|-heal|p2a: Gengar|150/230|[from] item: Leftovers\n|-damage|p2a: Gengar|122/230|[from] Salt Cure\n|upkeep\n|turn|13\n|\n|t:|1771187677\n|move|p1a: Salazzle|Fire Blast|p2a: Gengar\n|-damage|p2a: Gengar|0 fnt\n|faint|p2a: Gengar\n|\n|upkeep\n|\n|t:|1771187680\n|switch|p2a: Komala|Komala, L89, F|260/260\n|-damage|p2a: Komala|228/260|[from] Stealth Rock\n|-ability|p2a: Komala|Comatose\n|turn|14\n|\n|t:|1771187688\n|move|p1a: Salazzle|Fire Blast|p2a: Komala\n|-damage|p2a: Komala|78/260\n|move|p2a: Komala|Rapid Spin|p1a: Salazzle\n|-damage|p1a: Salazzle|15/249\n|-boost|p2a: Komala|spe|1\n|-sideend|p2: improvguy|Stealth Rock|[from] move: Rapid Spin|[of] p2a: Komala\n|\n|upkeep\n|turn|15\n|\n|t:|1771187698\n|move|p2a: Komala|Rapid Spin|p1a: Salazzle\n|-damage|p1a: Salazzle|0 fnt\n|-boost|p2a: Komala|spe|1\n|faint|p1a: Salazzle\n|\n|upkeep\n|\n|t:|1771187711\n|switch|p1a: Appletun|Appletun, L92, F|225/352\n|-damage|p1a: Appletun|181/352|[from] Stealth Rock\n|turn|16\n|\n|t:|1771187715\n|move|p2a: Komala|Body Slam|p1a: Appletun\n|-crit|p1a: Appletun\n|-damage|p1a: Appletun|12/352\n|-status|p1a: Appletun|par\n|move|p1a: Appletun|Recover|p1a: Appletun\n|-heal|p1a: Appletun|188/352 par\n|\n|upkeep\n|turn|17\n|\n|t:|1771187725\n|move|p2a: Komala|Body Slam|p1a: Appletun\n|-damage|p1a: Appletun|65/352 par\n|move|p1a: Appletun|Apple Acid|p2a: Komala\n|-damage|p2a: Komala|20/260\n|-unboost|p2a: Komala|spd|1\n|\n|upkeep\n|turn|18\n|\n|t:|1771187735\n|move|p2a: Komala|Body Slam|p1a: Appletun\n|-damage|p1a: Appletun|0 fnt\n|faint|p1a: Appletun\n|\n|upkeep\n|-message|Turbovirgin69 forfeited.\n|\n|win|improvguy\n|raw|Turbovirgin69's rating: 1720 &rarr; <strong>1701</strong><br />(-19 for losing)\n|raw|improvguy's rating: 1735 &rarr; <strong>1754</strong><br />(+19 for winning)\n|l|☆Turbovirgin69\n|player|p1|\n", "inputlog": ">version 686819e5e19f8a7fd2345cfc5a08a5085efa2cc3\n>start {\"formatid\":\"gen9randombattle\",\"seed\":\"sodium,adfb06f8ef2ce2f8a5a2ba0a5000324a\",\"rated\":\"Rated battle\"}\n>player p1 {\"name\":\"Turbovirgin69\",\"avatar\":\"169\",\"rating\":1720,\"seed\":\"sodium,7e2ad55432edb6d3dcc4308e64940e1e\"}\n>player p2 {\"name\":\"improvguy\",\"avatar\":\"cameraman\",\"rating\":1735,\"seed\":\"sodium,2335f1338be15f5a8aeffb36352cb74f\"}\n>p1 move bravebird\n>p2 switch 2\n>p1 move bravebird\n>p2 move tailglow\n>p1 move bravebird\n>p2 move icebeam\n>p2 switch 3\n>p1 switch 5\n>p2 move shadowball\n>p1 move stealthrock\n>p2 switch 6\n>p1 move saltcure\n>p2 move stealthrock\n>p1 switch 6\n>p2 move knockoff\n>p1 move dragontail\n>p2 switch 2\n>p1 switch 6\n>p2 move trick\n>p1 move saltcure\n>p2 move focusblast\n>p1 move struggle\n>p2 move shadowball\n>p1 switch 3\n>p1 move nastyplot\n>p2 move shadowball\n>p1 move fireblast\n>p2 move shadowball\n>p2 switch 4\n>p1 move fireblast\n>p2 move rapidspin\n>p1 move sludgewave\n>p2 move rapidspin\n>p1 switch 6\n>p1 move recover\n>p2 move bodyslam\n>p1 move appleacid\n>p2 move bodyslam\n>p1 move recover\n>p2 move bodyslam\n>forcelose p1", "uploadtime": 1771187758, "views": 18, "formatid": "gen9randombattle", "rating": 1701, "private": 0, "password": null}