{"id": "gen9randombattle-2540302567", "format": "[Gen 9] Random Battle", "players": ["flipflopss", "Micael Lopes"], "log": "|j|☆flipflopss\n|j|☆Micael Lopes\n|t:|1771186469\n|gametype|singles\n|player|p1|flipflopss|1|1693\n|player|p2|Micael Lopes|benga|1755\n|gen|9\n|tier|[Gen 9] Random Battle\n|rated|\n|rule|Species Clause: Limit one of each Pokémon\n|rule|HP Percentage Mod: HP is shown in percentages\n|rule|Sleep Clause Mod: Limit one foe put to sleep\n|rule|Illusion Level Mod: Illusion disguises the Pokémon's true level\n|\n|t:|1771186469\n|teamsize|p1|6\n|teamsize|p2|6\n|start\n|switch|p1a: Wugtrio|Wugtrio, L91, M|212/212\n|switch|p2a: Spectrier|Spectrier, L75|274/274\n|turn|1\n|inactive|Battle timer is ON: inactive players will automatically lose when time's up. (requested by Micael Lopes)\n|inactive|flipflopss also wants the timer to be on.\n|\n|t:|1771186483\n|switch|p2a: Gogoat|Gogoat, L88, M|360/360\n|move|p1a: Wugtrio|Throat Chop|p2a: Gogoat\n|-damage|p2a: Gogoat|235/360\n|-start|p2a: Gogoat|Throat Chop|[silent]\n|\n|-heal|p2a: Gogoat|257/360|[from] item: Leftovers\n|upkeep\n|turn|2\n|\n|t:|1771186491\n|switch|p1a: Typhlosion|Typhlosion-Hisui, L83, F|257/257\n|move|p2a: Gogoat|Earthquake|p1a: Typhlosion\n|-supereffective|p1a: Typhlosion\n|-crit|p1a: Typhlosion\n|-damage|p1a: Typhlosion|0 fnt\n|faint|p1a: Typhlosion\n|\n|-heal|p2a: Gogoat|279/360|[from] item: Leftovers\n|-end|p2a: Gogoat|Throat Chop|[silent]\n|upkeep\n|\n|t:|1771186508\n|switch|p1a: Meowscarada|Meowscarada, L78, M|247/247\n|turn|3\n|\n|t:|1771186516\n|switch|p2a: Sableye|Sableye, L88, F|231/231\n|move|p1a: Meowscarada|U-turn|p2a: Sableye\n|-start|p1a: Meowscarada|typechange|Bug|[from] ability: Protean\n|-damage|p2a: Sableye|152/231\n|\n|t:|1771186524\n|switch|p1a: Carbink|Carbink, L90|236/236|[from] U-turn\n|\n|-heal|p2a: Sableye|166/231|[from] item: Leftovers\n|upkeep\n|turn|4\n|\n|t:|1771186531\n|move|p2a: Sableye|Will-O-Wisp|p1a: Carbink|[miss]\n|-miss|p2a: Sableye|p1a: Carbink\n|move|p1a: Carbink|Moonblast|p2a: Sableye\n|-supereffective|p2a: Sableye\n|-damage|p2a: Sableye|0 fnt\n|faint|p2a: Sableye\n|\n|upkeep\n|\n|t:|1771186538\n|switch|p2a: Gogoat|Gogoat, L88, M|279/360\n|turn|5\n|\n|t:|1771186548\n|move|p2a: Gogoat|Bulk Up|p2a: Gogoat\n|-boost|p2a: Gogoat|atk|1\n|-boost|p2a: Gogoat|def|1\n|move|p1a: Carbink|Iron Defense|p1a: Carbink\n|-boost|p1a: Carbink|def|2\n|\n|-heal|p2a: Gogoat|301/360|[from] item: Leftovers\n|upkeep\n|turn|6\n|inactive|Micael Lopes has 120 seconds left.\n|\n|t:|1771186578\n|switch|p2a: Spectrier|Spectrier, L75|274/274\n|move|p1a: Carbink|Iron Defense|p1a: Carbink\n|-boost|p1a: Carbink|def|2\n|\n|upkeep\n|turn|7\n|\n|t:|1771186587\n|move|p2a: Spectrier|Substitute|p2a: Spectrier\n|-start|p2a: Spectrier|Substitute\n|-damage|p2a: Spectrier|206/274\n|move|p1a: Carbink|Rock Polish|p1a: Carbink\n|-boost|p1a: Carbink|spe|2\n|\n|-heal|p2a: Spectrier|223/274|[from] item: Leftovers\n|upkeep\n|turn|8\n|\n|t:|1771186591\n|move|p1a: Carbink|Moonblast|p2a: Spectrier\n|-end|p2a: Spectrier|Substitute\n|move|p2a: Spectrier|Nasty Plot|p2a: Spectrier\n|-boost|p2a: Spectrier|spa|2\n|\n|-heal|p2a: Spectrier|240/274|[from] item: Leftovers\n|upkeep\n|turn|9\n|\n|t:|1771186594\n|move|p1a: Carbink|Moonblast|p2a: Spectrier\n|-damage|p2a: Spectrier|144/274\n|move|p2a: Spectrier|Nasty Plot|p2a: Spectrier\n|-boost|p2a: Spectrier|spa|2\n|\n|-heal|p2a: Spectrier|161/274|[from] item: Leftovers\n|upkeep\n|turn|10\n|\n|t:|1771186597\n|move|p1a: Carbink|Moonblast|p2a: Spectrier\n|-damage|p2a: Spectrier|71/274\n|-unboost|p2a: Spectrier|spa|1\n|move|p2a: Spectrier|Shadow Ball|p1a: Carbink\n|-damage|p1a: Carbink|98/236\n|\n|-heal|p1a: Carbink|112/236|[from] item: Leftovers\n|-heal|p2a: Spectrier|88/274|[from] item: Leftovers\n|upkeep\n|turn|11\n|\n|t:|1771186606\n|move|p1a: Carbink|Moonblast|p2a: Spectrier\n|-damage|p2a: Spectrier|6/274\n|move|p2a: Spectrier|Shadow Ball|p1a: Carbink\n|-damage|p1a: Carbink|0 fnt\n|faint|p1a: Carbink\n|-ability|p2a: Spectrier|Grim Neigh|boost\n|-boost|p2a: Spectrier|spa|1\n|\n|-heal|p2a: Spectrier|23/274|[from] item: Leftovers\n|upkeep\n|\n|t:|1771186614\n|switch|p1a: Wugtrio|Wugtrio, L91, M|212/212\n|turn|12\n|\n|t:|1771186624\n|switch|p2a: Meganium|Meganium, L90, F|290/290\n|move|p1a: Wugtrio|Liquidation|p2a: Meganium\n|-resisted|p2a: Meganium\n|-damage|p2a: Meganium|223/290\n|\n|-heal|p2a: Meganium|241/290|[from] item: Leftovers\n|upkeep\n|turn|13\n|\n|t:|1771186638\n|switch|p1a: Leafeon|Leafeon, L88, F|258/258\n|move|p2a: Meganium|Knock Off|p1a: Leafeon\n|-damage|p1a: Leafeon|211/258\n|-enditem|p1a: Leafeon|Leftovers|[from] move: Knock Off|[of] p2a: Meganium\n|\n|-heal|p2a: Meganium|259/290|[from] item: Leftovers\n|upkeep\n|turn|14\n|\n|t:|1771186645\n|move|p1a: Leafeon|Substitute|p1a: Leafeon\n|-start|p1a: Leafeon|Substitute\n|-damage|p1a: Leafeon|147/258\n|move|p2a: Meganium|Encore|p1a: Leafeon\n|-start|p1a: Leafeon|Encore\n|\n|-heal|p2a: Meganium|277/290|[from] item: Leftovers\n|upkeep\n|turn|15\n|\n|t:|1771186670\n|switch|p2a: Spectrier|Spectrier, L75|23/274\n|move|p1a: Leafeon|Substitute|p1a: Leafeon\n|-fail|p1a: Leafeon|move: Substitute\n|\n|-heal|p2a: Spectrier|40/274|[from] item: Leftovers\n|upkeep\n|turn|16\n|\n|t:|1771186677\n|switch|p1a: Kingambit|Kingambit, L74, M|270/270\n|-activate|p1a: Kingambit|ability: Supreme Overlord\n|-start|p1a: Kingambit|fallen2|[silent]\n|move|p2a: Spectrier|Shadow Ball|p1a: Kingambit\n|-resisted|p1a: Kingambit\n|-damage|p1a: Kingambit|218/270\n|\n|-heal|p2a: Spectrier|57/274|[from] item: Leftovers\n|-heal|p1a: Kingambit|234/270|[from] item: Leftovers\n|upkeep\n|turn|17\n|\n|t:|1771186687\n|-terastallize|p2a: Spectrier|Fighting\n|move|p2a: Spectrier|Tera Blast|p1a: Kingambit|[anim] Tera Blast Fighting\n|-supereffective|p1a: Kingambit\n|-damage|p1a: Kingambit|0 fnt\n|faint|p1a: Kingambit\n|-end|p1a: Kingambit|fallen2|[silent]\n|-ability|p2a: Spectrier|Grim Neigh|boost\n|-boost|p2a: Spectrier|spa|1\n|\n|-heal|p2a: Spectrier|74/274|[from] item: Leftovers\n|upkeep\n|\n|t:|1771186692\n|switch|p1a: Wugtrio|Wugtrio, L91, M|212/212\n|turn|18\n|\n|t:|1771186708\n|switch|p2a: Meganium|Meganium, L90, F|277/290\n|move|p1a: Wugtrio|Liquidation|p2a: Meganium\n|-resisted|p2a: Meganium\n|-damage|p2a: Meganium|205/290\n|\n|-heal|p2a: Meganium|223/290|[from] item: Leftovers\n|upkeep\n|turn|19\n|\n|t:|1771186718\n|switch|p1a: Meowscarada|Meowscarada, L78, M|247/247\n|switch|p2a: Spectrier|Spectrier, L75, tera:Fighting|74/274\n|\n|-heal|p2a: Spectrier|91/274|[from] item: Leftovers\n|upkeep\n|turn|20\n|\n|t:|1771186723\n|move|p2a: Spectrier|Tera Blast|p1a: Meowscarada|[anim] Tera Blast Fighting\n|-supereffective|p1a: Meowscarada\n|-damage|p1a: Meowscarada|7/247\n|move|p1a: Meowscarada|Flower Trick|p2a: Spectrier\n|-start|p1a: Meowscarada|typechange|Grass|[from] ability: Protean\n|-crit|p2a: Spectrier\n|-damage|p2a: Spectrier|0 fnt\n|faint|p2a: Spectrier\n|\n|upkeep\n|\n|t:|1771186730\n|switch|p2a: Revavroom|Revavroom, L79, F|256/256\n|turn|21\n|\n|t:|1771186737\n|switch|p2a: Gogoat|Gogoat, L88, M|301/360\n|move|p1a: Meowscarada|U-turn|p2a: Gogoat\n|-supereffective|p2a: Gogoat\n|-damage|p2a: Gogoat|183/360\n|\n|t:|1771186742\n|switch|p1a: Leafeon|Leafeon, L88, F|147/258|[from] U-turn\n|\n|-heal|p2a: Gogoat|205/360|[from] item: Leftovers\n|upkeep\n|turn|22\n|\n|t:|1771186768\n|move|p1a: Leafeon|Substitute|p1a: Leafeon\n|-start|p1a: Leafeon|Substitute\n|-damage|p1a: Leafeon|83/258\n|move|p2a: Gogoat|Bulk Up|p2a: Gogoat\n|-boost|p2a: Gogoat|atk|1\n|-boost|p2a: Gogoat|def|1\n|\n|-heal|p2a: Gogoat|227/360|[from] item: Leftovers\n|upkeep\n|turn|23\n|\n|t:|1771186772\n|move|p1a: Leafeon|Swords Dance|p1a: Leafeon\n|-boost|p1a: Leafeon|atk|2\n|move|p2a: Gogoat|Horn Leech|p1a: Leafeon\n|-resisted|p1a: Leafeon\n|-crit|p1a: Leafeon\n|-end|p1a: Leafeon|Substitute\n|-heal|p2a: Gogoat|259/360|[from] drain|[of] p1a: Leafeon\n|\n|-heal|p2a: Gogoat|281/360|[from] item: Leftovers\n|upkeep\n|turn|24\n|\n|t:|1771186786\n|move|p1a: Leafeon|Swords Dance|p1a: Leafeon\n|-boost|p1a: Leafeon|atk|2\n|move|p2a: Gogoat|Horn Leech|p1a: Leafeon\n|-resisted|p1a: Leafeon\n|-damage|p1a: Leafeon|38/258\n|-heal|p2a: Gogoat|304/360|[from] drain|[of] p1a: Leafeon\n|\n|-heal|p2a: Gogoat|326/360|[from] item: Leftovers\n|upkeep\n|turn|25\n|\n|t:|1771186795\n|-terastallize|p1a: Leafeon|Dark\n|move|p1a: Leafeon|Knock Off|p2a: Gogoat\n|-damage|p2a: Gogoat|31/360\n|-enditem|p2a: Gogoat|Leftovers|[from] move: Knock Off|[of] p1a: Leafeon\n|move|p2a: Gogoat|Horn Leech|p1a: Leafeon\n|-damage|p1a: Leafeon|0 fnt\n|-heal|p2a: Gogoat|50/360|[from] drain|[of] p1a: Leafeon\n|faint|p1a: Leafeon\n|\n|upkeep\n|\n|t:|1771186803\n|switch|p1a: Meowscarada|Meowscarada, L78, M|7/247\n|turn|26\n|\n|t:|1771186811\n|move|p1a: Meowscarada|Knock Off|p2a: Gogoat\n|-start|p1a: Meowscarada|typechange|Dark|[from] ability: Protean\n|-damage|p2a: Gogoat|0 fnt\n|faint|p2a: Gogoat\n|\n|upkeep\n|\n|t:|1771186815\n|switch|p2a: Revavroom|Revavroom, L79, F|256/256\n|turn|27\n|\n|t:|1771186820\n|switch|p1a: Wugtrio|Wugtrio, L91, M|212/212\n|move|p2a: Revavroom|Shift Gear|p2a: Revavroom\n|-boost|p2a: Revavroom|spe|2\n|-boost|p2a: Revavroom|atk|1\n|\n|upkeep\n|turn|28\n|\n|t:|1771186842\n|move|p2a: Revavroom|Gunk Shot|p1a: Wugtrio\n|-damage|p1a: Wugtrio|0 fnt\n|faint|p1a: Wugtrio\n|-damage|p2a: Revavroom|231/256|[from] item: Life Orb\n|\n|upkeep\n|\n|t:|1771186844\n|switch|p1a: Meowscarada|Meowscarada, L78, M|7/247\n|turn|29\n|\n|t:|1771186846\n|move|p2a: Revavroom|Iron Head|p1a: Meowscarada\n|-damage|p1a: Meowscarada|0 fnt\n|faint|p1a: Meowscarada\n|-damage|p2a: Revavroom|206/256|[from] item: Life Orb\n|\n|win|Micael Lopes\n|raw|flipflopss's rating: 1693 &rarr; <strong>1675</strong><br />(-18 for losing)\n|raw|Micael Lopes's rating: 1732 &rarr; <strong>1750</strong><br />(+18 for winning)\n|l|☆flipflopss\n|player|p1|\n|c|☆Micael Lopes|**__Sexy game.__**\n", "inputlog": ">version 686819e5e19f8a7fd2345cfc5a08a5085efa2cc3\n>start {\"formatid\":\"gen9randombattle\",\"seed\":\"sodium,f10e8b7e97fe8ee6e4c09449e6c91a0f\",\"rated\":\"Rated battle\"}\n>player p1 {\"name\":\"flipflopss\",\"avatar\":\"1\",\"rating\":1693,\"seed\":\"sodium,dd2a3cc36bb88e7b4f8bcfd429abc901\"}\n>player p2 {\"name\":\"Micael Lopes\",\"avatar\":\"benga\",\"rating\":1755,\"seed\":\"sodium,dd002874e81f5f6efc61815bb2d91b10\"}\n>p1 move throatchop\n>p2 switch 5\n>p1 switch 6\n>p2 move earthquake\n>p1 switch 5\n>p1 move uturn\n>p2 switch 2\n>p1 switch 2\n>p1 move moonblast\n>p2 move willowisp\n>p2 switch 2\n>p1 move irondefense\n>p2 move bulkup\n>p1 move irondefense\n>p2 switch 5\n>p1 move rockpolish\n>p2 move substitute\n>p1 move moonblast\n>p2 move nastyplot\n>p1 move moonblast\n>p2 move nastyplot\n>p1 move moonblast\n>p2 move shadowball\n>p1 move moonblast\n>p2 move shadowball\n>p1 switch 6\n>p1 move liquidation\n>p2 switch 4\n>p1 switch 3\n>p2 move knockoff\n>p1 move substitute\n>p2 move encore\n>p1 move substitute\n>p2 switch 4\n>p1 switch 4\n>p2 move shadowball\n>p1 move swordsdance\n>p2 move terablast terastallize\n>p1 switch 3\n>p1 move liquidation\n>p2 switch 4\n>p1 switch 2\n>p2 switch 4\n>p1 move flowertrick\n>p2 move terablast\n>p2 switch 6\n>p1 move uturn\n>p2 switch 5\n>p1 switch 4\n>p1 move substitute\n>p2 move bulkup\n>p1 move swordsdance\n>p2 move hornleech\n>p1 move swordsdance\n>p2 move hornleech\n>p1 move knockoff terastallize\n>p2 move hornleech\n>p1 switch 4\n>p1 move knockoff\n>p2 move milkdrink\n>p2 switch 5\n>p1 switch 2\n>p2 move shiftgear\n>p1 move stompingtantrum\n>p2 move gunkshot\n>p1 switch 2\n>p1 move flowertrick\n>p2 move ironhead", "uploadtime": 1771186851, "views": 8, "formatid": "gen9randombattle", "rating": 1675, "private": 0, "password": null}