{"id": "gen9randombattle-2540765571", "format": "[Gen 9] Random Battle", "players": ["viksep", "FantasyWind"], "log": "|j|‽viksep\n|j|‽FantasyWind\n|t:|1771251495\n|gametype|singles\n|player|p1|viksep|101|1683\n|player|p2|FantasyWind|rosa|1705\n|gen|9\n|tier|[Gen 9] Random Battle\n|rated|\n|rule|Species Clause: Limit one of each Pokémon\n|rule|HP Percentage Mod: HP is shown in percentages\n|rule|Sleep Clause Mod: Limit one foe put to sleep\n|rule|Illusion Level Mod: Illusion disguises the Pokémon's true level\n|\n|t:|1771251495\n|teamsize|p1|6\n|teamsize|p2|6\n|start\n|switch|p1a: Kyogre|Kyogre, L71|259/259\n|switch|p2a: Copperajah|Copperajah, L86, M|349/349\n|-weather|RainDance|[from] ability: Drizzle|[of] p1a: Kyogre\n|turn|1\n|inactive|Battle timer is ON: inactive players will automatically lose when time's up. (requested by FantasyWind)\n|inactive|viksep also wants the timer to be on.\n|inactive|FantasyWind has 120 seconds left.\n|\n|t:|1771251538\n|switch|p1a: Eternatus|Eternatus, L69|308/308\n|-ability|p1a: Eternatus|Pressure\n|switch|p2a: Vileplume|Vileplume, L85, M|266/266\n|\n|-weather|RainDance|[upkeep]\n|upkeep\n|turn|2\n|\n|t:|1771251557\n|move|p1a: Eternatus|Toxic Spikes|p2a: Vileplume\n|-sidestart|p2: FantasyWind|move: Toxic Spikes\n|move|p2a: Vileplume|Leech Seed|p1a: Eternatus\n|-start|p1a: Eternatus|move: Leech Seed\n|\n|-weather|RainDance|[upkeep]\n|-damage|p1a: Eternatus|270/308|[from] Leech Seed|[of] p2a: Vileplume\n|upkeep\n|turn|3\n|\n|t:|1771251567\n|switch|p1a: Empoleon|Empoleon, L84, M|278/278\n|switch|p2a: Copperajah|Copperajah, L86, M|349/349\n|\n|-weather|RainDance|[upkeep]\n|upkeep\n|turn|4\n|\n|t:|1771251577\n|move|p1a: Empoleon|Knock Off|p2a: Copperajah\n|-damage|p2a: Copperajah|269/349\n|-enditem|p2a: Copperajah|Choice Band|[from] move: Knock Off|[of] p1a: Empoleon\n|move|p2a: Copperajah|Supercell Slam|p1a: Empoleon\n|-supereffective|p1a: Empoleon\n|-damage|p1a: Empoleon|92/278\n|\n|-weather|RainDance|[upkeep]\n|-heal|p1a: Empoleon|109/278|[from] item: Leftovers\n|upkeep\n|turn|5\n|\n|t:|1771251591\n|switch|p2a: Vileplume|Vileplume, L85, M|266/266\n|-sideend|p2: FantasyWind|move: Toxic Spikes|[of] p2a: Vileplume\n|move|p1a: Empoleon|Flip Turn|p2a: Vileplume\n|-resisted|p2a: Vileplume\n|-damage|p2a: Vileplume|218/266\n|inactive|viksep has 120 seconds left.\n|\n|t:|1771251625\n|switch|p1a: Chandelure|Chandelure, L83, M|235/235|[from] Flip Turn\n|\n|-weather|none\n|-heal|p2a: Vileplume|234/266|[from] item: Leftovers\n|upkeep\n|turn|6\n|inactive|viksep has 120 seconds left.\n|\n|t:|1771251638\n|move|p1a: Chandelure|Trick|p2a: Vileplume\n|-activate|p1a: Chandelure|move: Trick|[of] p2a: Vileplume\n|-item|p2a: Vileplume|Choice Scarf|[from] move: Trick\n|-item|p1a: Chandelure|Leftovers|[from] move: Trick\n|move|p2a: Vileplume|Leech Seed|p1a: Chandelure|[miss]\n|-miss|p2a: Vileplume|p1a: Chandelure\n|\n|upkeep\n|turn|7\n|\n|t:|1771251644\n|switch|p1a: Scovillain|Scovillain, L91, F|266/266\n|move|p2a: Vileplume|Leech Seed|p1a: Scovillain\n|-immune|p1a: Scovillain\n|\n|upkeep\n|turn|8\n|\n|t:|1771251654\n|switch|p2a: Ceruledge|Ceruledge, L78, F|245/245\n|move|p1a: Scovillain|Overheat|p2a: Ceruledge\n|-resisted|p2a: Ceruledge\n|-damage|p2a: Ceruledge|164/245\n|-unboost|p1a: Scovillain|spa|2\n|\n|upkeep\n|turn|9\n|\n|t:|1771251662\n|switch|p1a: Brambleghast|Brambleghast, L88, M|240/240\n|move|p2a: Ceruledge|Poltergeist|p1a: Brambleghast\n|-activate|p1a: Brambleghast|move: Poltergeist|Leftovers\n|-supereffective|p1a: Brambleghast\n|-damage|p1a: Brambleghast|0 fnt\n|faint|p1a: Brambleghast\n|\n|upkeep\n|\n|t:|1771251664\n|switch|p1a: Kyogre|Kyogre, L71|259/259\n|-weather|RainDance|[from] ability: Drizzle|[of] p1a: Kyogre\n|turn|10\n|\n|t:|1771251670\n|move|p2a: Ceruledge|Shadow Sneak|p1a: Kyogre\n|-damage|p1a: Kyogre|205/259\n|move|p1a: Kyogre|Origin Pulse|p2a: Ceruledge\n|-supereffective|p2a: Ceruledge\n|-damage|p2a: Ceruledge|0 fnt\n|faint|p2a: Ceruledge\n|\n|-weather|RainDance|[upkeep]\n|-heal|p1a: Kyogre|221/259|[from] item: Leftovers\n|upkeep\n|\n|t:|1771251675\n|switch|p2a: Vileplume|Vileplume, L85, M|234/266\n|turn|11\n|\n|t:|1771251679\n|move|p2a: Vileplume|Sludge Bomb|p1a: Kyogre\n|-damage|p1a: Kyogre|136/259\n|-status|p1a: Kyogre|psn\n|move|p1a: Kyogre|Calm Mind|p1a: Kyogre\n|-boost|p1a: Kyogre|spa|1\n|-boost|p1a: Kyogre|spd|1\n|\n|-weather|RainDance|[upkeep]\n|-heal|p1a: Kyogre|152/259 psn|[from] item: Leftovers\n|-damage|p1a: Kyogre|120/259 psn|[from] psn\n|upkeep\n|turn|12\n|\n|t:|1771251700\n|move|p2a: Vileplume|Sludge Bomb|p1a: Kyogre\n|-crit|p1a: Kyogre\n|-damage|p1a: Kyogre|0 fnt\n|faint|p1a: Kyogre\n|\n|-weather|RainDance|[upkeep]\n|upkeep\n|\n|t:|1771251703\n|switch|p1a: Empoleon|Empoleon, L84, M|109/278\n|turn|13\n|\n|t:|1771251712\n|switch|p2a: Copperajah|Copperajah, L86, M|269/349\n|move|p1a: Empoleon|Roost|p1a: Empoleon\n|-heal|p1a: Empoleon|248/278\n|-singleturn|p1a: Empoleon|move: Roost\n|\n|-weather|RainDance|[upkeep]\n|-heal|p1a: Empoleon|265/278|[from] item: Leftovers\n|upkeep\n|turn|14\n|\n|t:|1771251737\n|move|p1a: Empoleon|Surf|p2a: Copperajah\n|-damage|p2a: Copperajah|89/349\n|move|p2a: Copperajah|Supercell Slam|p1a: Empoleon\n|-supereffective|p1a: Empoleon\n|-damage|p1a: Empoleon|71/278\n|\n|-weather|none\n|-heal|p1a: Empoleon|88/278|[from] item: Leftovers\n|upkeep\n|turn|15\n|\n|t:|1771251744\n|move|p1a: Empoleon|Surf|p2a: Copperajah\n|-damage|p2a: Copperajah|0 fnt\n|faint|p2a: Copperajah\n|\n|-heal|p1a: Empoleon|105/278|[from] item: Leftovers\n|upkeep\n|\n|t:|1771251747\n|switch|p2a: Sandy Shocks|Sandy Shocks, L80|267/267\n|turn|16\n|\n|t:|1771251753\n|switch|p1a: Eternatus|Eternatus, L69|270/308\n|-ability|p1a: Eternatus|Pressure\n|move|p2a: Sandy Shocks|Earth Power|p1a: Eternatus\n|-supereffective|p1a: Eternatus\n|-damage|p1a: Eternatus|40/308\n|\n|-heal|p1a: Eternatus|59/308|[from] item: Leftovers\n|upkeep\n|turn|17\n|\n|t:|1771251765\n|move|p1a: Eternatus|Toxic Spikes|p2a: Sandy Shocks\n|-sidestart|p2: FantasyWind|move: Toxic Spikes\n|move|p2a: Sandy Shocks|Earth Power|p1a: Eternatus\n|-supereffective|p1a: Eternatus\n|-damage|p1a: Eternatus|0 fnt\n|faint|p1a: Eternatus\n|\n|upkeep\n|\n|t:|1771251780\n|switch|p1a: Scovillain|Scovillain, L91, F|266/266\n|turn|18\n|\n|t:|1771251791\n|-end|p2a: Sandy Shocks|Protosynthesis|[silent]\n|switch|p2a: Vileplume|Vileplume, L85, M|234/266\n|-sideend|p2: FantasyWind|move: Toxic Spikes|[of] p2a: Vileplume\n|move|p1a: Scovillain|Leaf Storm|p2a: Vileplume\n|-resisted|p2a: Vileplume\n|-damage|p2a: Vileplume|192/266\n|-unboost|p1a: Scovillain|spa|2\n|\n|upkeep\n|turn|19\n|\n|t:|1771251808\n|switch|p1a: Chandelure|Chandelure, L83, M|235/235\n|move|p2a: Vileplume|Giga Drain|p1a: Chandelure\n|-resisted|p1a: Chandelure\n|-damage|p1a: Chandelure|193/235\n|-heal|p2a: Vileplume|213/266|[from] drain|[of] p1a: Chandelure\n|\n|-heal|p1a: Chandelure|207/235|[from] item: Leftovers\n|upkeep\n|turn|20\n|\n|t:|1771251817\n|move|p2a: Vileplume|Giga Drain|p1a: Chandelure\n|-resisted|p1a: Chandelure\n|-damage|p1a: Chandelure|165/235\n|-heal|p2a: Vileplume|234/266|[from] drain|[of] p1a: Chandelure\n|move|p1a: Chandelure|Shadow Ball|p2a: Vileplume\n|-damage|p2a: Vileplume|128/266\n|\n|-heal|p1a: Chandelure|179/235|[from] item: Leftovers\n|upkeep\n|turn|21\n|\n|t:|1771251819\n|move|p2a: Vileplume|Giga Drain|p1a: Chandelure\n|-resisted|p1a: Chandelure\n|-damage|p1a: Chandelure|137/235\n|-heal|p2a: Vileplume|149/266|[from] drain|[of] p1a: Chandelure\n|move|p1a: Chandelure|Fire Blast|p2a: Vileplume|[miss]\n|-miss|p1a: Chandelure|p2a: Vileplume\n|\n|-heal|p1a: Chandelure|151/235|[from] item: Leftovers\n|upkeep\n|turn|22\n|\n|t:|1771251823\n|move|p2a: Vileplume|Giga Drain|p1a: Chandelure\n|-resisted|p1a: Chandelure\n|-damage|p1a: Chandelure|106/235\n|-heal|p2a: Vileplume|172/266|[from] drain|[of] p1a: Chandelure\n|move|p1a: Chandelure|Fire Blast|p2a: Vileplume\n|-supereffective|p2a: Vileplume\n|-damage|p2a: Vileplume|0 fnt\n|faint|p2a: Vileplume\n|\n|-heal|p1a: Chandelure|120/235|[from] item: Leftovers\n|upkeep\n|\n|t:|1771251834\n|switch|p2a: Sandy Shocks|Sandy Shocks, L80|267/267\n|turn|23\n|\n|t:|1771251839\n|move|p2a: Sandy Shocks|Earth Power|p1a: Chandelure\n|-supereffective|p1a: Chandelure\n|-damage|p1a: Chandelure|0 fnt\n|faint|p1a: Chandelure\n|\n|upkeep\n|\n|t:|1771251842\n|switch|p1a: Scovillain|Scovillain, L91, F|266/266\n|turn|24\n|\n|t:|1771251864\n|switch|p1a: Empoleon|Empoleon, L84, M|105/278\n|move|p2a: Sandy Shocks|Thunder Wave|p1a: Empoleon\n|-status|p1a: Empoleon|par\n|\n|-heal|p1a: Empoleon|122/278 par|[from] item: Leftovers\n|upkeep\n|turn|25\n|\n|t:|1771251872\n|-terastallize|p1a: Empoleon|Grass\n|move|p2a: Sandy Shocks|Earth Power|p1a: Empoleon\n|-resisted|p1a: Empoleon\n|-damage|p1a: Empoleon|78/278 par\n|move|p1a: Empoleon|Surf|p2a: Sandy Shocks\n|-supereffective|p2a: Sandy Shocks\n|-damage|p2a: Sandy Shocks|49/267\n|\n|-heal|p2a: Sandy Shocks|65/267|[from] item: Leftovers\n|-heal|p1a: Empoleon|95/278 par|[from] item: Leftovers\n|upkeep\n|turn|26\n|\n|t:|1771251881\n|move|p2a: Sandy Shocks|Stealth Rock|p1a: Empoleon\n|-sidestart|p1: viksep|move: Stealth Rock\n|move|p1a: Empoleon|Roost|p1a: Empoleon\n|-heal|p1a: Empoleon|234/278 par\n|\n|-heal|p2a: Sandy Shocks|81/267|[from] item: Leftovers\n|-heal|p1a: Empoleon|251/278 par|[from] item: Leftovers\n|upkeep\n|turn|27\n|\n|t:|1771251887\n|move|p2a: Sandy Shocks|Thunderbolt|p1a: Empoleon\n|-resisted|p1a: Empoleon\n|-damage|p1a: Empoleon|202/278 par\n|move|p1a: Empoleon|Flip Turn|p2a: Sandy Shocks\n|-supereffective|p2a: Sandy Shocks\n|-damage|p2a: Sandy Shocks|0 fnt\n|faint|p2a: Sandy Shocks\n|-end|p2a: Sandy Shocks|Protosynthesis|[silent]\n|\n|t:|1771251889\n|switch|p1a: Scovillain|Scovillain, L91, F|266/266|[from] Flip Turn\n|-damage|p1a: Scovillain|200/266|[from] Stealth Rock\n|\n|upkeep\n|\n|t:|1771251899\n|switch|p2a: Dondozo|Dondozo, L78, F|362/362\n|turn|28\n|\n|t:|1771251905\n|switch|p1a: Empoleon|Empoleon, L84, M, tera:Grass|202/278 par\n|-damage|p1a: Empoleon|168/278 par|[from] Stealth Rock\n|-terastallize|p2a: Dondozo|Dragon\n|move|p2a: Dondozo|Curse|p2a: Dondozo\n|-unboost|p2a: Dondozo|spe|1\n|-boost|p2a: Dondozo|atk|1\n|-boost|p2a: Dondozo|def|1\n|\n|-heal|p1a: Empoleon|185/278 par|[from] item: Leftovers\n|upkeep\n|turn|29\n|\n|t:|1771251913\n|move|p1a: Empoleon|Knock Off|p2a: Dondozo\n|-damage|p2a: Dondozo|323/362\n|-enditem|p2a: Dondozo|Leftovers|[from] move: Knock Off|[of] p1a: Empoleon\n|move|p2a: Dondozo|Curse|p2a: Dondozo\n|-unboost|p2a: Dondozo|spe|1\n|-boost|p2a: Dondozo|atk|1\n|-boost|p2a: Dondozo|def|1\n|\n|-heal|p1a: Empoleon|202/278 par|[from] item: Leftovers\n|upkeep\n|turn|30\n|\n|t:|1771251920\n|move|p1a: Empoleon|Surf|p2a: Dondozo\n|-resisted|p2a: Dondozo\n|-crit|p2a: Dondozo\n|-damage|p2a: Dondozo|226/362\n|move|p2a: Dondozo|Curse|p2a: Dondozo\n|-unboost|p2a: Dondozo|spe|1\n|-boost|p2a: Dondozo|atk|1\n|-boost|p2a: Dondozo|def|1\n|\n|-heal|p1a: Empoleon|219/278 par|[from] item: Leftovers\n|upkeep\n|turn|31\n|\n|t:|1771251924\n|move|p1a: Empoleon|Surf|p2a: Dondozo\n|-resisted|p2a: Dondozo\n|-damage|p2a: Dondozo|154/362\n|move|p2a: Dondozo|Curse|p2a: Dondozo\n|-unboost|p2a: Dondozo|spe|1\n|-boost|p2a: Dondozo|atk|1\n|-boost|p2a: Dondozo|def|1\n|\n|-heal|p1a: Empoleon|236/278 par|[from] item: Leftovers\n|upkeep\n|turn|32\n|\n|t:|1771251929\n|move|p1a: Empoleon|Flip Turn|p2a: Dondozo\n|-resisted|p2a: Dondozo\n|-damage|p2a: Dondozo|145/362\n|\n|t:|1771251931\n|switch|p1a: Scovillain|Scovillain, L91, F|200/266|[from] Flip Turn\n|-damage|p1a: Scovillain|134/266|[from] Stealth Rock\n|move|p2a: Dondozo|Curse|p2a: Dondozo\n|-unboost|p2a: Dondozo|spe|1\n|-boost|p2a: Dondozo|atk|1\n|-boost|p2a: Dondozo|def|1\n|\n|upkeep\n|turn|33\n|\n|t:|1771251947\n|move|p1a: Scovillain|Energy Ball|p2a: Dondozo\n|-resisted|p2a: Dondozo\n|-damage|p2a: Dondozo|66/362\n|move|p2a: Dondozo|Rest|p2a: Dondozo\n|-status|p2a: Dondozo|slp|[from] move: Rest\n|-heal|p2a: Dondozo|362/362 slp|[silent]\n|\n|upkeep\n|turn|34\n|\n|t:|1771251954\n|move|p1a: Scovillain|Energy Ball|p2a: Dondozo\n|-resisted|p2a: Dondozo\n|-damage|p2a: Dondozo|276/362 slp\n|cant|p2a: Dondozo|slp\n|move|p2a: Dondozo|Sleep Talk|p2a: Dondozo\n|move|p2a: Dondozo|Rest||[from] move: Sleep Talk|[still]\n|-fail|p2a: Dondozo\n|\n|upkeep\n|turn|35\n|\n|t:|1771251957\n|move|p1a: Scovillain|Energy Ball|p2a: Dondozo\n|-resisted|p2a: Dondozo\n|-damage|p2a: Dondozo|194/362 slp\n|cant|p2a: Dondozo|slp\n|move|p2a: Dondozo|Sleep Talk|p2a: Dondozo\n|move|p2a: Dondozo|Rest||[from] move: Sleep Talk|[still]\n|-fail|p2a: Dondozo\n|\n|upkeep\n|turn|36\n|\n|t:|1771251960\n|move|p1a: Scovillain|Energy Ball|p2a: Dondozo\n|-resisted|p2a: Dondozo\n|-damage|p2a: Dondozo|107/362 slp\n|-curestatus|p2a: Dondozo|slp|[msg]\n|move|p2a: Dondozo|Wave Crash|p1a: Scovillain\n|-damage|p1a: Scovillain|0 fnt\n|faint|p1a: Scovillain\n|-damage|p2a: Dondozo|63/362|[from] Recoil\n|\n|upkeep\n|\n|t:|1771251963\n|switch|p1a: Empoleon|Empoleon, L84, M, tera:Grass|236/278 par\n|-damage|p1a: Empoleon|202/278 par|[from] Stealth Rock\n|turn|37\n|\n|t:|1771251966\n|move|p1a: Empoleon|Surf|p2a: Dondozo\n|-resisted|p2a: Dondozo\n|-damage|p2a: Dondozo|0 fnt\n|faint|p2a: Dondozo\n|\n|-heal|p1a: Empoleon|219/278 par|[from] item: Leftovers\n|upkeep\n|\n|t:|1771251968\n|switch|p2a: Falinks|Falinks, L84|246/246\n|turn|38\n|\n|t:|1771251972\n|move|p2a: Falinks|No Retreat|p2a: Falinks\n|-boost|p2a: Falinks|atk|1\n|-boost|p2a: Falinks|def|1\n|-boost|p2a: Falinks|spa|1\n|-boost|p2a: Falinks|spd|1\n|-boost|p2a: Falinks|spe|1\n|-start|p2a: Falinks|move: No Retreat\n|move|p1a: Empoleon|Surf|p2a: Falinks\n|-damage|p2a: Falinks|149/246\n|\n|-heal|p1a: Empoleon|236/278 par|[from] item: Leftovers\n|upkeep\n|turn|39\n|\n|t:|1771251978\n|move|p2a: Falinks|Knock Off|p1a: Empoleon\n|-damage|p1a: Empoleon|97/278 par\n|-enditem|p1a: Empoleon|Leftovers|[from] move: Knock Off|[of] p2a: Falinks\n|-damage|p2a: Falinks|125/246|[from] item: Life Orb\n|move|p1a: Empoleon|Surf|p2a: Falinks\n|-damage|p2a: Falinks|26/246\n|\n|upkeep\n|turn|40\n|\n|t:|1771251986\n|move|p2a: Falinks|Close Combat|p1a: Empoleon\n|-damage|p1a: Empoleon|0 fnt\n|-unboost|p2a: Falinks|def|1\n|-unboost|p2a: Falinks|spd|1\n|faint|p1a: Empoleon\n|-damage|p2a: Falinks|2/246|[from] item: Life Orb\n|\n|win|FantasyWind\n|raw|viksep's rating: 1683 &rarr; <strong>1664</strong><br />(-19 for losing)\n|raw|FantasyWind's rating: 1705 &rarr; <strong>1724</strong><br />(+19 for winning)\n|l|‽viksep\n|player|p1|\n", "inputlog": ">version 686819e5e19f8a7fd2345cfc5a08a5085efa2cc3\n>start {\"formatid\":\"gen9randombattle\",\"seed\":\"sodium,68600cbb9c61ab57c3220f8ee9033bc6\",\"rated\":\"Rated battle\"}\n>player p1 {\"name\":\"viksep\",\"avatar\":\"101\",\"rating\":1683,\"seed\":\"sodium,134de42c2657909093e9f478f2090baf\"}\n>player p2 {\"name\":\"FantasyWind\",\"avatar\":\"rosa\",\"rating\":1705,\"seed\":\"sodium,b733ee031bf0fe41ea897550b2959bb9\"}\n>p1 switch 5\n>p2 switch 3\n>p1 move toxicspikes\n>p2 move leechseed\n>p1 switch 4\n>p2 switch 3\n>p1 move knockoff\n>p2 move supercellslam\n>p1 move flipturn\n>p2 switch 3\n>p1 switch 6\n>p1 move trick\n>p2 move leechseed\n>p1 switch 2\n>p2 move leechseed\n>p1 move overheat\n>p2 switch 5\n>p1 switch 3\n>p2 move poltergeist\n>p1 switch 5\n>p1 move originpulse\n>p2 move shadowsneak\n>p2 switch 5\n>p1 move calmmind\n>p2 move sludgebomb\n>p1 move icebeam\n>p2 move sludgebomb\n>p1 switch 6\n>p1 move roost\n>p2 switch 3\n>p1 move surf\n>p2 move supercellslam\n>p1 move surf\n>p2 move supercellslam\n>p2 switch 2\n>p1 switch 4\n>p2 move earthpower\n>p1 move toxicspikes\n>p2 move earthpower\n>p1 switch 3\n>p1 move leafstorm\n>p2 switch 3\n>p1 switch 2\n>p2 move gigadrain\n>p1 move shadowball\n>p2 move gigadrain\n>p1 move fireblast\n>p2 move gigadrain\n>p1 move fireblast\n>p2 move gigadrain\n>p2 switch 3\n>p1 move energyball\n>p2 move earthpower\n>p1 switch 2\n>p1 switch 4\n>p2 move thunderwave\n>p1 move surf terastallize\n>p2 move earthpower\n>p1 move roost\n>p2 move stealthrock\n>p1 move flipturn\n>p2 move thunderbolt\n>p1 switch 4\n>p2 switch 6\n>p1 switch 4\n>p2 move curse terastallize\n>p1 move knockoff\n>p2 move curse\n>p1 move surf\n>p2 move curse\n>p1 move surf\n>p2 move curse\n>p1 move flipturn\n>p2 move curse\n>p1 switch 4\n>p1 move energyball\n>p2 move rest\n>p1 move energyball\n>p2 move sleeptalk\n>p1 move energyball\n>p2 move sleeptalk\n>p1 move energyball\n>p2 move wavecrash\n>p1 switch 4\n>p1 move surf\n>p2 move rest\n>p2 switch 4\n>p1 move surf\n>p2 move noretreat\n>p1 move surf\n>p2 move knockoff\n>p1 move roost\n>p2 move closecombat", "uploadtime": 1771251988, "views": 6, "formatid": "gen9randombattle", "rating": 1664, "private": 0, "password": null}