{"id": "gen9randombattle-2540373637", "format": "[Gen 9] Random Battle", "players": ["Nightslash4", "Dmacriz"], "log": "|j|☆Nightslash4\n|j|☆Dmacriz\n|t:|1771194304\n|gametype|singles\n|player|p1|Nightslash4|veteran|1619\n|player|p2|Dmacriz|cyrus|1662\n|gen|9\n|tier|[Gen 9] Random Battle\n|rated|\n|rule|Species Clause: Limit one of each Pokémon\n|rule|HP Percentage Mod: HP is shown in percentages\n|rule|Sleep Clause Mod: Limit one foe put to sleep\n|rule|Illusion Level Mod: Illusion disguises the Pokémon's true level\n|\n|t:|1771194304\n|teamsize|p1|6\n|teamsize|p2|6\n|start\n|switch|p1a: Kricketune|Kricketune, L99, F|311/311\n|switch|p2a: Slither Wing|Slither Wing, L81|270/270\n|turn|1\n|\n|t:|1771194318\n|move|p1a: Kricketune|Sticky Web|p2a: Slither Wing\n|-sidestart|p2: Dmacriz|move: Sticky Web\n|move|p2a: Slither Wing|Will-O-Wisp|p1a: Kricketune\n|-status|p1a: Kricketune|brn\n|\n|-damage|p1a: Kricketune|292/311 brn|[from] brn\n|upkeep\n|turn|2\n|\n|t:|1771194325\n|move|p1a: Kricketune|Knock Off|p2a: Slither Wing\n|-resisted|p2a: Slither Wing\n|-damage|p2a: Slither Wing|249/270\n|-enditem|p2a: Slither Wing|Heavy-Duty Boots|[from] move: Knock Off|[of] p1a: Kricketune\n|move|p2a: Slither Wing|U-turn|p1a: Kricketune\n|-damage|p1a: Kricketune|172/311 brn\n|\n|t:|1771194343\n|-end|p2a: Slither Wing|Protosynthesis|[silent]\n|switch|p2a: Torkoal|Torkoal, L88, M|266/266|[from] U-turn\n|-weather|SunnyDay|[from] ability: Drought|[of] p2a: Torkoal\n|\n|-weather|SunnyDay|[upkeep]\n|-damage|p1a: Kricketune|153/311 brn|[from] brn\n|upkeep\n|turn|3\n|\n|t:|1771194367\n|switch|p1a: Flygon|Flygon, L82, M|265/265\n|move|p2a: Torkoal|Lava Plume|p1a: Flygon\n|-resisted|p1a: Flygon\n|-damage|p1a: Flygon|200/265\n|\n|-weather|SunnyDay|[upkeep]\n|upkeep\n|turn|4\n|\n|t:|1771194380\n|move|p1a: Flygon|Earthquake|p2a: Torkoal\n|-supereffective|p2a: Torkoal\n|-damage|p2a: Torkoal|134/266\n|move|p2a: Torkoal|Yawn|p1a: Flygon\n|-start|p1a: Flygon|move: Yawn|[of] p2a: Torkoal\n|\n|-weather|SunnyDay|[upkeep]\n|upkeep\n|turn|5\n|\n|t:|1771194392\n|switch|p2a: Kilowattrel|Kilowattrel, L83, F|252/252\n|move|p1a: Flygon|Earthquake|p2a: Kilowattrel\n|-immune|p2a: Kilowattrel\n|\n|-weather|SunnyDay|[upkeep]\n|-end|p1a: Flygon|move: Yawn|[silent]\n|-status|p1a: Flygon|slp\n|upkeep\n|turn|6\n|\n|t:|1771194402\n|switch|p1a: Chansey|Chansey, L85, F|564/564\n|move|p2a: Kilowattrel|U-turn|p1a: Chansey\n|-damage|p1a: Chansey|478/564\n|\n|t:|1771194413\n|switch|p2a: Muk|Muk-Alola, L82, M|306/306|[from] U-turn\n|-activate|p2a: Muk|move: Sticky Web\n|-unboost|p2a: Muk|spe|1\n|\n|-weather|none\n|upkeep\n|turn|7\n|\n|t:|1771194425\n|switch|p1a: Noctowl|Noctowl, L95, M|344/344\n|move|p2a: Muk|Knock Off|p1a: Noctowl\n|-damage|p1a: Noctowl|200/344\n|-enditem|p1a: Noctowl|Heavy-Duty Boots|[from] move: Knock Off|[of] p2a: Muk\n|\n|upkeep\n|turn|8\n|\n|t:|1771194433\n|move|p1a: Noctowl|Roost|p1a: Noctowl\n|-heal|p1a: Noctowl|344/344\n|-singleturn|p1a: Noctowl|move: Roost\n|move|p2a: Muk|Ice Punch|p1a: Noctowl\n|-damage|p1a: Noctowl|278/344\n|-status|p1a: Noctowl|psn|[from] ability: Poison Touch|[of] p2a: Muk\n|\n|-damage|p1a: Noctowl|235/344 psn|[from] psn\n|upkeep\n|turn|9\n|\n|t:|1771194447\n|move|p1a: Noctowl|Hurricane|p2a: Muk|[miss]\n|-miss|p1a: Noctowl|p2a: Muk\n|move|p2a: Muk|Poison Jab|p1a: Noctowl\n|-damage|p1a: Noctowl|121/344 psn\n|\n|-damage|p1a: Noctowl|78/344 psn|[from] psn\n|upkeep\n|turn|10\n|\n|t:|1771194456\n|move|p1a: Noctowl|Roost|p1a: Noctowl\n|-heal|p1a: Noctowl|250/344 psn\n|-singleturn|p1a: Noctowl|move: Roost\n|move|p2a: Muk|Drain Punch|p1a: Noctowl\n|-supereffective|p1a: Noctowl\n|-damage|p1a: Noctowl|106/344 psn\n|\n|-damage|p1a: Noctowl|63/344 psn|[from] psn\n|upkeep\n|turn|11\n|\n|t:|1771194466\n|move|p1a: Noctowl|Roost|p1a: Noctowl\n|-heal|p1a: Noctowl|235/344 psn\n|-singleturn|p1a: Noctowl|move: Roost\n|move|p2a: Muk|Poison Jab|p1a: Noctowl\n|-damage|p1a: Noctowl|123/344 psn\n|\n|-damage|p1a: Noctowl|80/344 psn|[from] psn\n|upkeep\n|turn|12\n|\n|t:|1771194476\n|move|p1a: Noctowl|Roost|p1a: Noctowl\n|-heal|p1a: Noctowl|252/344 psn\n|-singleturn|p1a: Noctowl|move: Roost\n|move|p2a: Muk|Poison Jab|p1a: Noctowl\n|-damage|p1a: Noctowl|140/344 psn\n|\n|-damage|p1a: Noctowl|97/344 psn|[from] psn\n|upkeep\n|turn|13\n|\n|t:|1771194485\n|move|p1a: Noctowl|Roost|p1a: Noctowl\n|-heal|p1a: Noctowl|269/344 psn\n|-singleturn|p1a: Noctowl|move: Roost\n|move|p2a: Muk|Drain Punch|p1a: Noctowl\n|-supereffective|p1a: Noctowl\n|-damage|p1a: Noctowl|141/344 psn\n|\n|-damage|p1a: Noctowl|98/344 psn|[from] psn\n|upkeep\n|turn|14\n|\n|t:|1771194495\n|move|p1a: Noctowl|Roost|p1a: Noctowl\n|-heal|p1a: Noctowl|270/344 psn\n|-singleturn|p1a: Noctowl|move: Roost\n|move|p2a: Muk|Drain Punch|p1a: Noctowl\n|-supereffective|p1a: Noctowl\n|-damage|p1a: Noctowl|132/344 psn\n|\n|-damage|p1a: Noctowl|89/344 psn|[from] psn\n|upkeep\n|turn|15\n|\n|t:|1771194505\n|move|p1a: Noctowl|Hurricane|p2a: Muk\n|-damage|p2a: Muk|222/306\n|move|p2a: Muk|Drain Punch|p1a: Noctowl\n|-damage|p1a: Noctowl|25/344 psn\n|-heal|p2a: Muk|254/306|[from] drain|[of] p1a: Noctowl\n|\n|-damage|p1a: Noctowl|0 fnt|[from] psn\n|faint|p1a: Noctowl\n|upkeep\n|\n|t:|1771194531\n|switch|p1a: Sylveon|Sylveon, L85, F|300/300\n|turn|16\n|\n|t:|1771194538\n|move|p1a: Sylveon|Hyper Voice|p2a: Muk\n|-damage|p2a: Muk|175/306\n|move|p2a: Muk|Poison Jab|p1a: Sylveon\n|-supereffective|p1a: Sylveon\n|-damage|p1a: Sylveon|94/300\n|-status|p1a: Sylveon|psn\n|\n|-heal|p1a: Sylveon|112/300 psn|[from] item: Leftovers\n|-damage|p1a: Sylveon|75/300 psn|[from] psn\n|upkeep\n|turn|17\n|\n|t:|1771194550\n|move|p1a: Sylveon|Wish|p1a: Sylveon\n|move|p2a: Muk|Knock Off|p1a: Sylveon\n|-resisted|p1a: Sylveon\n|-crit|p1a: Sylveon\n|-damage|p1a: Sylveon|0 fnt\n|-enditem|p1a: Sylveon|Leftovers|[from] move: Knock Off|[of] p2a: Muk\n|faint|p1a: Sylveon\n|\n|upkeep\n|\n|t:|1771194552\n|switch|p1a: Chansey|Chansey, L85, F|478/564\n|turn|18\n|\n|t:|1771194559\n|move|p1a: Chansey|Heal Bell|p1a: Chansey\n|-activate|p1a: Chansey|move: Heal Bell\n|-curestatus|p1: Kricketune|brn|[msg]\n|-curestatus|p1: Flygon|slp|[msg]\n|move|p2a: Muk|Knock Off|p1a: Chansey\n|-damage|p1a: Chansey|232/564\n|-enditem|p1a: Chansey|Eviolite|[from] move: Knock Off|[of] p2a: Muk\n|\n|-heal|p1a: Chansey|382/564|[from] move: Wish|[wisher] Sylveon\n|upkeep\n|turn|19\n|\n|t:|1771194572\n|switch|p1a: Flygon|Flygon, L82, M|200/265\n|move|p2a: Muk|Poison Jab|p1a: Flygon\n|-resisted|p1a: Flygon\n|-damage|p1a: Flygon|155/265\n|\n|upkeep\n|turn|20\n|\n|t:|1771194581\n|switch|p2a: Kilowattrel|Kilowattrel, L83, F|252/252\n|move|p1a: Flygon|Stone Edge|p2a: Kilowattrel\n|-supereffective|p2a: Kilowattrel\n|-damage|p2a: Kilowattrel|80/252\n|\n|upkeep\n|turn|21\n|\n|t:|1771194593\n|move|p1a: Flygon|Stone Edge|p2a: Kilowattrel\n|-supereffective|p2a: Kilowattrel\n|-damage|p2a: Kilowattrel|0 fnt\n|faint|p2a: Kilowattrel\n|\n|upkeep\n|\n|t:|1771194599\n|switch|p2a: Muk|Muk-Alola, L82, M|175/306\n|-activate|p2a: Muk|move: Sticky Web\n|-unboost|p2a: Muk|spe|1\n|turn|22\n|\n|t:|1771194617\n|switch|p1a: Kricketune|Kricketune, L99, F|153/311\n|move|p2a: Muk|Ice Punch|p1a: Kricketune\n|-damage|p1a: Kricketune|83/311\n|-status|p1a: Kricketune|frz\n|\n|upkeep\n|turn|23\n|\n|t:|1771194626\n|cant|p1a: Kricketune|frz\n|move|p2a: Muk|Drain Punch|p1a: Kricketune\n|-resisted|p1a: Kricketune\n|-damage|p1a: Kricketune|51/311 frz\n|-heal|p2a: Muk|191/306|[from] drain|[of] p1a: Kricketune\n|\n|upkeep\n|turn|24\n|\n|t:|1771194634\n|-curestatus|p1a: Kricketune|frz|[msg]\n|move|p1a: Kricketune|Knock Off|p2a: Muk\n|-resisted|p2a: Muk\n|-damage|p2a: Muk|139/306\n|-enditem|p2a: Muk|Assault Vest|[from] move: Knock Off|[of] p1a: Kricketune\n|move|p2a: Muk|Drain Punch|p1a: Kricketune\n|-resisted|p1a: Kricketune\n|-damage|p1a: Kricketune|18/311\n|-heal|p2a: Muk|156/306|[from] drain|[of] p1a: Kricketune\n|\n|upkeep\n|turn|25\n|\n|t:|1771194645\n|move|p1a: Kricketune|Pounce|p2a: Muk\n|-damage|p2a: Muk|35/306\n|-unboost|p2a: Muk|spe|1\n|move|p2a: Muk|Drain Punch|p1a: Kricketune\n|-resisted|p1a: Kricketune\n|-damage|p1a: Kricketune|0 fnt\n|-heal|p2a: Muk|44/306|[from] drain|[of] p1a: Kricketune\n|faint|p1a: Kricketune\n|\n|upkeep\n|\n|t:|1771194652\n|switch|p1a: Flygon|Flygon, L82, M|155/265\n|turn|26\n|\n|t:|1771194661\n|move|p1a: Flygon|Stone Edge|p2a: Muk\n|-damage|p2a: Muk|0 fnt\n|faint|p2a: Muk\n|\n|upkeep\n|\n|t:|1771194666\n|switch|p2a: Tatsugiri|Tatsugiri, L87, F|260/260\n|turn|27\n|\n|t:|1771194671\n|switch|p1a: Chansey|Chansey, L85, F|382/564\n|move|p2a: Tatsugiri|Rapid Spin|p1a: Chansey\n|-damage|p1a: Chansey|304/564\n|-boost|p2a: Tatsugiri|spe|1\n|-sideend|p2: Dmacriz|Sticky Web|[from] move: Rapid Spin|[of] p2a: Tatsugiri\n|\n|upkeep\n|turn|28\n|\n|t:|1771194686\n|switch|p2a: Slither Wing|Slither Wing, L81|249/270\n|move|p1a: Chansey|Thunder Wave|p2a: Slither Wing\n|-status|p2a: Slither Wing|par\n|\n|upkeep\n|turn|29\n|\n|t:|1771194703\n|switch|p1a: Lugia|Lugia, L73|275/275\n|move|p2a: Slither Wing|U-turn|p1a: Lugia\n|-crit|p1a: Lugia\n|-damage|p1a: Lugia|218/275\n|\n|t:|1771194716\n|-end|p2a: Slither Wing|Protosynthesis|[silent]\n|switch|p2a: Cloyster|Cloyster, L80, M|211/211|[from] U-turn\n|\n|upkeep\n|turn|30\n|\n|t:|1771194748\n|-terastallize|p1a: Lugia|Steel\n|move|p1a: Lugia|Recover|p1a: Lugia\n|-heal|p1a: Lugia|275/275\n|move|p2a: Cloyster|Shell Smash|p2a: Cloyster\n|-unboost|p2a: Cloyster|def|1\n|-unboost|p2a: Cloyster|spd|1\n|-boost|p2a: Cloyster|atk|2\n|-boost|p2a: Cloyster|spa|2\n|-boost|p2a: Cloyster|spe|2\n|-enditem|p2a: Cloyster|White Herb\n|-clearnegativeboost|p2a: Cloyster|[silent]\n|\n|upkeep\n|turn|31\n|\n|t:|1771194765\n|-terastallize|p2a: Cloyster|Ground\n|move|p2a: Cloyster|Drill Run|p1a: Lugia\n|-supereffective|p1a: Lugia\n|-damage|p1a: Lugia|140/275\n|move|p1a: Lugia|Psychic Noise|p2a: Cloyster\n|-damage|p2a: Cloyster|108/211\n|-start|p2a: Cloyster|move: Heal Block\n|\n|upkeep\n|turn|32\n|\n|t:|1771194775\n|switch|p1a: Flygon|Flygon, L82, M|155/265\n|move|p2a: Cloyster|Drill Run|p1a: Flygon\n|-immune|p1a: Flygon|[from] ability: Levitate\n|\n|-end|p2a: Cloyster|move: Heal Block\n|upkeep\n|turn|33\n|\n|t:|1771194789\n|move|p2a: Cloyster|Icicle Spear|p1a: Flygon\n|-supereffective|p1a: Flygon\n|-damage|p1a: Flygon|0 fnt\n|faint|p1a: Flygon\n|-hitcount|p1: Flygon|1\n|\n|upkeep\n|\n|t:|1771194795\n|switch|p1a: Lugia|Lugia, L73, tera:Steel|140/275\n|turn|34\n|\n|t:|1771194798\n|move|p2a: Cloyster|Drill Run|p1a: Lugia\n|-supereffective|p1a: Lugia\n|-damage|p1a: Lugia|0 fnt\n|faint|p1a: Lugia\n|\n|upkeep\n|\n|t:|1771194802\n|switch|p1a: Chansey|Chansey, L85, F|304/564\n|turn|35\n|\n|t:|1771194806\n|move|p2a: Cloyster|Icicle Spear|p1a: Chansey\n|-damage|p1a: Chansey|141/564\n|-damage|p1a: Chansey|0 fnt\n|faint|p1a: Chansey\n|-hitcount|p1: Chansey|2\n|\n|win|Dmacriz\n|raw|Nightslash4's rating: 1619 &rarr; <strong>1601</strong><br />(-18 for losing)\n|raw|Dmacriz's rating: 1662 &rarr; <strong>1680</strong><br />(+18 for winning)\n|l|☆Nightslash4\n|player|p1|\n", "inputlog": ">version 686819e5e19f8a7fd2345cfc5a08a5085efa2cc3\n>start {\"formatid\":\"gen9randombattle\",\"seed\":\"sodium,24534dc6bb9ddc3e1e8870777b05b234\",\"rated\":\"Rated battle\"}\n>player p1 {\"name\":\"Nightslash4\",\"avatar\":\"veteran\",\"rating\":1619,\"seed\":\"sodium,8e59daa5958d9b9c53194423d52bdb4f\"}\n>player p2 {\"name\":\"Dmacriz\",\"avatar\":\"cyrus\",\"rating\":1662,\"seed\":\"sodium,609cbf83f2614a425ea52f55c5cca226\"}\n>p1 move stickyweb\n>p2 move willowisp\n>p1 move knockoff\n>p2 move uturn\n>p2 switch 3\n>p1 switch 4\n>p2 move lavaplume\n>p1 move earthquake\n>p2 move yawn\n>p1 move earthquake\n>p2 switch 4\n>p1 switch 6\n>p2 move uturn\n>p2 switch 6\n>p1 switch 5\n>p2 move knockoff\n>p1 move roost\n>p2 move icepunch\n>p1 move hurricane\n>p2 move poisonjab\n>p1 move roost\n>p2 move drainpunch\n>p1 move roost\n>p2 move poisonjab\n>p1 move roost\n>p2 move poisonjab\n>p1 move roost\n>p2 move drainpunch\n>p1 move roost\n>p2 move drainpunch\n>p1 move hurricane\n>p2 move drainpunch\n>p1 switch 2\n>p1 move hypervoice\n>p2 move poisonjab\n>p1 move wish\n>p2 move knockoff\n>p1 switch 5\n>p1 move healbell\n>p2 move knockoff\n>p1 switch 6\n>p2 move poisonjab\n>p1 move stoneedge\n>p2 switch 6\n>p1 move stoneedge\n>p2 move uturn\n>p2 switch 6\n>p1 switch 4\n>p2 move icepunch\n>p1 move knockoff\n>p2 move drainpunch\n>p1 move knockoff\n>p2 move drainpunch\n>p1 move pounce\n>p2 move drainpunch\n>p1 switch 4\n>p1 move stoneedge\n>p2 move icepunch\n>p2 switch 5\n>p1 switch 6\n>p2 move rapidspin\n>p1 move thunderwave\n>p2 switch 3\n>p1 switch 3\n>p2 move uturn\n>p2 switch 2\n>p1 move recover terastallize\n>p2 move shellsmash\n>p1 move psychicnoise\n>p2 move drillrun terastallize\n>p1 switch 6\n>p2 move drillrun\n>p1 move outrage\n>p2 move iciclespear\n>p1 switch 6\n>p1 move recover\n>p2 move drillrun\n>p1 switch 3\n>p1 move seismictoss\n>p2 move iciclespear", "uploadtime": 1771194811, "views": 8, "formatid": "gen9randombattle", "rating": 1601, "private": 0, "password": null}