{"id": "gen9randombattle-2540598440", "format": "[Gen 9] Random Battle", "players": ["DonovanIsNotHere", "jondellisola03"], "log": "|j|☆DonovanIsNotHere\n|j|☆jondellisola03\n|t:|1771224537\n|gametype|singles\n|player|p1|DonovanIsNotHere|102|1592\n|player|p2|jondellisola03|wallace|1545\n|gen|9\n|tier|[Gen 9] Random Battle\n|rated|\n|rule|Species Clause: Limit one of each Pokémon\n|rule|HP Percentage Mod: HP is shown in percentages\n|rule|Sleep Clause Mod: Limit one foe put to sleep\n|rule|Illusion Level Mod: Illusion disguises the Pokémon's true level\n|\n|t:|1771224537\n|teamsize|p1|6\n|teamsize|p2|6\n|start\n|switch|p1a: Decidueye|Decidueye, L88, F|281/281\n|switch|p2a: Ariados|Ariados, L95, F|287/287\n|turn|1\n|inactive|Battle timer is ON: inactive players will automatically lose when time's up. (requested by jondellisola03)\n|\n|t:|1771224558\n|switch|p1a: Jumpluff|Jumpluff, L87, F|271/271\n|move|p2a: Ariados|Sticky Web|p1a: Jumpluff\n|-sidestart|p1: DonovanIsNotHere|move: Sticky Web\n|\n|upkeep\n|turn|2\n|inactive|jondellisola03 has 120 seconds left.\n|\n|t:|1771224593\n|switch|p2a: Dedenne|Dedenne, L88, M|261/261\n|move|p1a: Jumpluff|Encore||[still]\n|-fail|p1a: Jumpluff\n|\n|upkeep\n|turn|3\n|inactive|jondellisola03 has 120 seconds left.\n|\n|t:|1771224603\n|move|p1a: Jumpluff|U-turn|p2a: Dedenne\n|-resisted|p2a: Dedenne\n|-damage|p2a: Dedenne|240/261\n|\n|t:|1771224613\n|switch|p1a: Orthworm|Orthworm, L88, M|266/266|[from] U-turn\n|-activate|p1a: Orthworm|move: Sticky Web\n|-unboost|p1a: Orthworm|spe|1\n|move|p2a: Dedenne|Super Fang|p1a: Orthworm\n|-damage|p1a: Orthworm|133/266\n|\n|upkeep\n|turn|4\n|inactive|jondellisola03 has 120 seconds left.\n|\n|t:|1771224632\n|switch|p2a: Gurdurr|Gurdurr, L85, F|283/283\n|move|p1a: Orthworm|Coil|p1a: Orthworm\n|-boost|p1a: Orthworm|atk|1\n|-boost|p1a: Orthworm|def|1\n|-boost|p1a: Orthworm|accuracy|1\n|\n|upkeep\n|turn|5\n|inactive|jondellisola03 has 120 seconds left.\n|\n|t:|1771224644\n|move|p2a: Gurdurr|Bulk Up|p2a: Gurdurr\n|-boost|p2a: Gurdurr|atk|1\n|-boost|p2a: Gurdurr|def|1\n|move|p1a: Orthworm|Coil|p1a: Orthworm\n|-boost|p1a: Orthworm|atk|1\n|-boost|p1a: Orthworm|def|1\n|-boost|p1a: Orthworm|accuracy|1\n|\n|upkeep\n|turn|6\n|inactive|DonovanIsNotHere has 120 seconds left.\n|\n|t:|1771224678\n|move|p2a: Gurdurr|Bulk Up|p2a: Gurdurr\n|-boost|p2a: Gurdurr|atk|1\n|-boost|p2a: Gurdurr|def|1\n|move|p1a: Orthworm|Iron Tail|p2a: Gurdurr\n|-damage|p2a: Gurdurr|204/283\n|\n|upkeep\n|turn|7\n|\n|t:|1771224688\n|switch|p1a: Jumpluff|Jumpluff, L87, F|271/271\n|move|p2a: Gurdurr|Bulk Up|p2a: Gurdurr\n|-boost|p2a: Gurdurr|atk|1\n|-boost|p2a: Gurdurr|def|1\n|\n|upkeep\n|turn|8\n|\n|t:|1771224696\n|-terastallize|p2a: Gurdurr|Steel\n|move|p1a: Jumpluff|Encore|p2a: Gurdurr\n|-start|p2a: Gurdurr|Encore\n|move|p2a: Gurdurr|Bulk Up|p2a: Gurdurr\n|-boost|p2a: Gurdurr|atk|1\n|-boost|p2a: Gurdurr|def|1\n|\n|upkeep\n|turn|9\n|\n|t:|1771224705\n|move|p1a: Jumpluff|Acrobatics|p2a: Gurdurr\n|-resisted|p2a: Gurdurr\n|-damage|p2a: Gurdurr|195/283\n|move|p2a: Gurdurr|Bulk Up|p2a: Gurdurr\n|-boost|p2a: Gurdurr|atk|1\n|-boost|p2a: Gurdurr|def|1\n|\n|upkeep\n|turn|10\n|\n|t:|1771224712\n|move|p1a: Jumpluff|Acrobatics|p2a: Gurdurr\n|-resisted|p2a: Gurdurr\n|-damage|p2a: Gurdurr|186/283\n|move|p2a: Gurdurr|Bulk Up|p2a: Gurdurr\n|-boost|p2a: Gurdurr|atk|1\n|-boost|p2a: Gurdurr|def|1\n|\n|-end|p2a: Gurdurr|Encore\n|upkeep\n|turn|11\n|\n|t:|1771224718\n|move|p2a: Gurdurr|Mach Punch|p1a: Jumpluff\n|-resisted|p1a: Jumpluff\n|-damage|p1a: Jumpluff|160/271\n|move|p1a: Jumpluff|Encore|p2a: Gurdurr\n|-start|p2a: Gurdurr|Encore\n|\n|upkeep\n|turn|12\n|\n|t:|1771224726\n|move|p2a: Gurdurr|Mach Punch|p1a: Jumpluff\n|-resisted|p1a: Jumpluff\n|-damage|p1a: Jumpluff|61/271\n|move|p1a: Jumpluff|Strength Sap|p2a: Gurdurr\n|-unboost|p2a: Gurdurr|atk|1\n|-heal|p1a: Jumpluff|271/271\n|\n|upkeep\n|turn|13\n|\n|t:|1771224732\n|move|p2a: Gurdurr|Mach Punch|p1a: Jumpluff\n|-resisted|p1a: Jumpluff\n|-damage|p1a: Jumpluff|176/271\n|move|p1a: Jumpluff|Strength Sap|p2a: Gurdurr\n|-unboost|p2a: Gurdurr|atk|1\n|-heal|p1a: Jumpluff|271/271\n|\n|upkeep\n|turn|14\n|\n|t:|1771224737\n|move|p2a: Gurdurr|Mach Punch|p1a: Jumpluff\n|-resisted|p1a: Jumpluff\n|-damage|p1a: Jumpluff|191/271\n|move|p1a: Jumpluff|Acrobatics|p2a: Gurdurr\n|-resisted|p2a: Gurdurr\n|-crit|p2a: Gurdurr\n|-damage|p2a: Gurdurr|145/283\n|\n|-end|p2a: Gurdurr|Encore\n|upkeep\n|turn|15\n|\n|t:|1771224742\n|move|p1a: Jumpluff|Encore|p2a: Gurdurr\n|-start|p2a: Gurdurr|Encore\n|move|p2a: Gurdurr|Mach Punch|p1a: Jumpluff\n|-resisted|p1a: Jumpluff\n|-damage|p1a: Jumpluff|116/271\n|\n|upkeep\n|turn|16\n|\n|t:|1771224746\n|switch|p2a: Dedenne|Dedenne, L88, M|240/261\n|move|p1a: Jumpluff|Strength Sap|p2a: Dedenne\n|-unboost|p2a: Dedenne|atk|1\n|-heal|p1a: Jumpluff|268/271\n|\n|upkeep\n|turn|17\n|\n|t:|1771224750\n|move|p1a: Jumpluff|U-turn|p2a: Dedenne\n|-resisted|p2a: Dedenne\n|-damage|p2a: Dedenne|216/261\n|\n|t:|1771224752\n|switch|p1a: Orthworm|Orthworm, L88, M|133/266|[from] U-turn\n|-activate|p1a: Orthworm|move: Sticky Web\n|-unboost|p1a: Orthworm|spe|1\n|move|p2a: Dedenne|Nuzzle|p1a: Orthworm\n|-damage|p1a: Orthworm|126/266\n|-status|p1a: Orthworm|par\n|\n|upkeep\n|turn|18\n|\n|t:|1771224761\n|move|p2a: Dedenne|Thunderbolt|p1a: Orthworm\n|-crit|p1a: Orthworm\n|-damage|p1a: Orthworm|0 fnt\n|faint|p1a: Orthworm\n|\n|upkeep\n|\n|t:|1771224770\n|switch|p1a: Decidueye|Decidueye, L88, F|281/281\n|-activate|p1a: Decidueye|move: Sticky Web\n|-unboost|p1a: Decidueye|spe|1\n|turn|19\n|\n|t:|1771224779\n|move|p2a: Dedenne|Nuzzle|p1a: Decidueye\n|-resisted|p1a: Decidueye\n|-damage|p1a: Decidueye|275/281\n|-status|p1a: Decidueye|par\n|move|p1a: Decidueye|Poltergeist|p2a: Dedenne\n|-activate|p2a: Dedenne|move: Poltergeist|Sitrus Berry\n|-damage|p2a: Dedenne|0 fnt\n|faint|p2a: Dedenne\n|-damage|p1a: Decidueye|247/281 par|[from] item: Life Orb\n|\n|upkeep\n|\n|t:|1771224794\n|switch|p2a: Gurdurr|Gurdurr, L85, F, tera:Steel|145/283\n|turn|20\n|\n|t:|1771224802\n|move|p2a: Gurdurr|Knock Off|p1a: Decidueye\n|-supereffective|p1a: Decidueye\n|-damage|p1a: Decidueye|77/281 par\n|-enditem|p1a: Decidueye|Life Orb|[from] move: Knock Off|[of] p2a: Gurdurr\n|move|p1a: Decidueye|Poltergeist|p2a: Gurdurr\n|-activate|p2a: Gurdurr|move: Poltergeist|Eviolite\n|-damage|p2a: Gurdurr|49/283\n|\n|upkeep\n|turn|21\n|\n|t:|1771224811\n|cant|p1a: Decidueye|par\n|move|p2a: Gurdurr|Knock Off|p1a: Decidueye\n|-supereffective|p1a: Decidueye\n|-damage|p1a: Decidueye|0 fnt\n|faint|p1a: Decidueye\n|\n|upkeep\n|\n|t:|1771224820\n|switch|p1a: Iron Jugulis|Iron Jugulis, L77|271/271\n|turn|22\n|\n|t:|1771224825\n|move|p2a: Gurdurr|Mach Punch|p1a: Iron Jugulis\n|-damage|p1a: Iron Jugulis|220/271\n|move|p1a: Iron Jugulis|Earth Power|p2a: Gurdurr\n|-supereffective|p2a: Gurdurr\n|-damage|p2a: Gurdurr|0 fnt\n|faint|p2a: Gurdurr\n|\n|upkeep\n|\n|t:|1771224839\n|switch|p2a: Cyclizar|Cyclizar, L83, F|252/252\n|turn|23\n|\n|t:|1771224856\n|-end|p1a: Iron Jugulis|Quark Drive|[silent]\n|switch|p1a: Vigoroth|Vigoroth, L85, F|275/275\n|-activate|p1a: Vigoroth|move: Sticky Web\n|-unboost|p1a: Vigoroth|spe|1\n|move|p2a: Cyclizar|Shed Tail|p2a: Cyclizar\n|-start|p2a: Cyclizar|Substitute|[from] move: Shed Tail\n|-damage|p2a: Cyclizar|126/252\n|\n|t:|1771224874\n|switch|p2a: Arceus|Arceus-Rock, L74, shiny|300/300|[from] Shed Tail\n|\n|upkeep\n|turn|24\n|\n|t:|1771224886\n|move|p2a: Arceus|Dragon Dance|p2a: Arceus\n|-boost|p2a: Arceus|atk|1\n|-boost|p2a: Arceus|spe|1\n|move|p1a: Vigoroth|Bulk Up|p1a: Vigoroth\n|-boost|p1a: Vigoroth|atk|1\n|-boost|p1a: Vigoroth|def|1\n|\n|upkeep\n|turn|25\n|\n|t:|1771224900\n|move|p2a: Arceus|Stone Edge|p1a: Vigoroth|[miss]\n|-miss|p2a: Arceus|p1a: Vigoroth\n|move|p1a: Vigoroth|Bulk Up|p1a: Vigoroth\n|-boost|p1a: Vigoroth|atk|1\n|-boost|p1a: Vigoroth|def|1\n|\n|upkeep\n|turn|26\n|\n|t:|1771224906\n|move|p2a: Arceus|Dragon Dance|p2a: Arceus\n|-boost|p2a: Arceus|atk|1\n|-boost|p2a: Arceus|spe|1\n|move|p1a: Vigoroth|Knock Off|p2a: Arceus\n|-end|p2a: Arceus|Substitute\n|\n|upkeep\n|turn|27\n|\n|t:|1771224913\n|move|p2a: Arceus|Stone Edge|p1a: Vigoroth|[miss]\n|-miss|p2a: Arceus|p1a: Vigoroth\n|move|p1a: Vigoroth|Bulk Up|p1a: Vigoroth\n|-boost|p1a: Vigoroth|atk|1\n|-boost|p1a: Vigoroth|def|1\n|\n|upkeep\n|turn|28\n|\n|t:|1771224918\n|move|p2a: Arceus|Stone Edge|p1a: Vigoroth|[miss]\n|-miss|p2a: Arceus|p1a: Vigoroth\n|move|p1a: Vigoroth|Knock Off|p2a: Arceus\n|-damage|p2a: Arceus|206/300\n|\n|upkeep\n|turn|29\n|\n|t:|1771224921\n|move|p2a: Arceus|Stone Edge|p1a: Vigoroth\n|-damage|p1a: Vigoroth|208/275\n|move|p1a: Vigoroth|Bulk Up|p1a: Vigoroth\n|-boost|p1a: Vigoroth|atk|1\n|-boost|p1a: Vigoroth|def|1\n|\n|upkeep\n|turn|30\n|\n|t:|1771224926\n|move|p2a: Arceus|Dragon Dance|p2a: Arceus\n|-boost|p2a: Arceus|atk|1\n|-boost|p2a: Arceus|spe|1\n|move|p1a: Vigoroth|Bulk Up|p1a: Vigoroth\n|-boost|p1a: Vigoroth|atk|1\n|-boost|p1a: Vigoroth|def|1\n|\n|upkeep\n|turn|31\n|\n|t:|1771224935\n|move|p2a: Arceus|Stone Edge|p1a: Vigoroth\n|-damage|p1a: Vigoroth|153/275\n|move|p1a: Vigoroth|Bulk Up|p1a: Vigoroth\n|-boost|p1a: Vigoroth|atk|1\n|-boost|p1a: Vigoroth|def|1\n|\n|upkeep\n|turn|32\n|\n|t:|1771224940\n|move|p2a: Arceus|Stone Edge|p1a: Vigoroth\n|-damage|p1a: Vigoroth|102/275\n|move|p1a: Vigoroth|Knock Off|p2a: Arceus\n|-damage|p2a: Arceus|61/300\n|\n|upkeep\n|turn|33\n|\n|t:|1771224951\n|move|p2a: Arceus|Recover|p2a: Arceus\n|-heal|p2a: Arceus|211/300\n|move|p1a: Vigoroth|Slack Off|p1a: Vigoroth\n|-heal|p1a: Vigoroth|240/275\n|\n|upkeep\n|turn|34\n|\n|t:|1771224958\n|move|p2a: Arceus|Stone Edge|p1a: Vigoroth\n|-crit|p1a: Vigoroth\n|-damage|p1a: Vigoroth|0 fnt\n|faint|p1a: Vigoroth\n|\n|upkeep\n|\n|t:|1771224963\n|switch|p1a: Golduck|Golduck, L90, F|290/290\n|-activate|p1a: Golduck|move: Sticky Web\n|-unboost|p1a: Golduck|spe|1\n|-ability|p1a: Golduck|Cloud Nine\n|turn|35\n|\n|t:|1771224975\n|move|p2a: Arceus|Stone Edge|p1a: Golduck\n|-crit|p1a: Golduck\n|-damage|p1a: Golduck|0 fnt\n|faint|p1a: Golduck\n|\n|upkeep\n|\n|t:|1771224978\n|switch|p1a: Jumpluff|Jumpluff, L87, F|268/271\n|turn|36\n|\n|t:|1771224999\n|move|p2a: Arceus|Recover|p2a: Arceus\n|-heal|p2a: Arceus|300/300\n|move|p1a: Jumpluff|Acrobatics|p2a: Arceus\n|-resisted|p2a: Arceus\n|-damage|p2a: Arceus|263/300\n|\n|upkeep\n|turn|37\n|c|☆DonovanIsNotHere|The other move is EQ isn't it lol\n|\n|t:|1771225018\n|switch|p2a: Ariados|Ariados, L95, F|287/287\n|move|p1a: Jumpluff|Acrobatics|p2a: Ariados\n|-supereffective|p2a: Ariados\n|-damage|p2a: Ariados|111/287\n|\n|upkeep\n|turn|38\n|\n|t:|1771225025\n|move|p1a: Jumpluff|Acrobatics|p2a: Ariados\n|-supereffective|p2a: Ariados\n|-damage|p2a: Ariados|0 fnt\n|faint|p2a: Ariados\n|\n|upkeep\n|\n|t:|1771225028\n|switch|p2a: Cyclizar|Cyclizar, L83, F|210/252\n|turn|39\n|inactive|jondellisola03 has 120 seconds left.\n|\n|t:|1771225055\n|move|p2a: Cyclizar|Draco Meteor|p1a: Jumpluff\n|-damage|p1a: Jumpluff|166/271\n|-unboost|p2a: Cyclizar|spa|2\n|move|p1a: Jumpluff|Acrobatics|p2a: Cyclizar\n|-damage|p2a: Cyclizar|111/252\n|\n|upkeep\n|turn|40\n|inactive|jondellisola03 has 120 seconds left.\n|\n|t:|1771225066\n|move|p2a: Cyclizar|Taunt|p1a: Jumpluff\n|-start|p1a: Jumpluff|move: Taunt\n|move|p1a: Jumpluff|Acrobatics|p2a: Cyclizar\n|-damage|p2a: Cyclizar|12/252\n|\n|upkeep\n|turn|41\n|\n|t:|1771225075\n|move|p2a: Cyclizar|Rapid Spin|p1a: Jumpluff\n|-damage|p1a: Jumpluff|111/271\n|-boost|p2a: Cyclizar|spe|1\n|move|p1a: Jumpluff|U-turn|p2a: Cyclizar\n|-damage|p2a: Cyclizar|0 fnt\n|faint|p2a: Cyclizar\n|\n|t:|1771225078\n|switch|p1a: Iron Jugulis|Iron Jugulis, L77|220/271|[from] U-turn\n|\n|upkeep\n|\n|t:|1771225084\n|switch|p2a: Meganium|Meganium, L90, F|290/290\n|turn|42\n|\n|t:|1771225098\n|move|p1a: Iron Jugulis|Hurricane|p2a: Meganium\n|-supereffective|p2a: Meganium\n|-damage|p2a: Meganium|84/290\n|-start|p2a: Meganium|confusion\n|-activate|p2a: Meganium|confusion\n|move|p2a: Meganium|Leech Seed|p1a: Iron Jugulis\n|-start|p1a: Iron Jugulis|move: Leech Seed\n|\n|-heal|p2a: Meganium|102/290|[from] item: Leftovers\n|-damage|p1a: Iron Jugulis|187/271|[from] Leech Seed|[of] p2a: Meganium\n|-heal|p2a: Meganium|135/290|[silent]\n|upkeep\n|turn|43\n|c|☆jondellisola03|It sure is lmao\n|c|☆jondellisola03|gg\n|\n|t:|1771225113\n|move|p1a: Iron Jugulis|Hurricane|p2a: Meganium\n|-supereffective|p2a: Meganium\n|-damage|p2a: Meganium|0 fnt\n|faint|p2a: Meganium\n|\n|upkeep\n|\n|t:|1771225116\n|switch|p2a: Arceus|Arceus-Rock, L74, shiny|263/300\n|turn|44\n|c|☆DonovanIsNotHere|lmao gg\n|\n|t:|1771225121\n|move|p2a: Arceus|Earthquake|p1a: Iron Jugulis\n|-immune|p1a: Iron Jugulis\n|move|p1a: Iron Jugulis|Meteor Beam||[still]\n|-prepare|p1a: Iron Jugulis|Meteor Beam\n|-boost|p1a: Iron Jugulis|spa|1\n|-enditem|p1a: Iron Jugulis|Power Herb\n|-anim|p1a: Iron Jugulis|Meteor Beam|p2a: Arceus\n|-damage|p2a: Arceus|144/300\n|\n|-damage|p1a: Iron Jugulis|154/271|[from] Leech Seed|[of] p2a: Arceus\n|-heal|p2a: Arceus|177/300|[silent]\n|upkeep\n|turn|45\n|\n|t:|1771225129\n|move|p2a: Arceus|Earthquake|p1a: Iron Jugulis\n|-immune|p1a: Iron Jugulis\n|move|p1a: Iron Jugulis|Earth Power|p2a: Arceus\n|-supereffective|p2a: Arceus\n|-damage|p2a: Arceus|0 fnt\n|faint|p2a: Arceus\n|\n|win|DonovanIsNotHere\n|raw|DonovanIsNotHere's rating: 1592 &rarr; <strong>1609</strong><br />(+17 for winning)\n|raw|jondellisola03's rating: 1545 &rarr; <strong>1528</strong><br />(-17 for losing)\n", "inputlog": ">version 686819e5e19f8a7fd2345cfc5a08a5085efa2cc3\n>start {\"formatid\":\"gen9randombattle\",\"seed\":\"sodium,a95336c5a26278d8570fbe429f8def58\",\"rated\":\"Rated battle\"}\n>player p1 {\"name\":\"DonovanIsNotHere\",\"avatar\":\"102\",\"rating\":1592,\"seed\":\"sodium,5211c77b605cf4ae3737f2bc964cf02f\"}\n>player p2 {\"name\":\"jondellisola03\",\"avatar\":\"wallace\",\"rating\":1545,\"seed\":\"sodium,3bda76d7277072c9e538f9287a1c0fc4\"}\n>p1 switch 2\n>p2 move stickyweb\n>p1 move encore\n>p2 switch 2\n>p1 move uturn\n>p2 move superfang\n>p1 switch 5\n>p1 move coil\n>p2 switch 6\n>p1 move coil\n>p2 move bulkup\n>p1 move irontail\n>p2 move bulkup\n>p1 switch 5\n>p2 move bulkup\n>p1 move encore\n>p2 move knockoff terastallize\n>p1 move acrobatics\n>p2 move bulkup\n>p1 move acrobatics\n>p2 move bulkup\n>p1 move encore\n>p2 move machpunch\n>p1 move strengthsap\n>p2 move machpunch\n>p1 move strengthsap\n>p2 move machpunch\n>p1 move acrobatics\n>p2 move machpunch\n>p1 move encore\n>p2 move knockoff\n>p1 move strengthsap\n>p2 switch 6\n>p1 move uturn\n>p2 move nuzzle\n>p1 switch 5\n>p1 move coil\n>p2 move thunderbolt\n>p1 switch 2\n>p1 move poltergeist\n>p2 move nuzzle\n>p2 switch 6\n>p1 move poltergeist\n>p2 move knockoff\n>p1 move shadowsneak\n>p2 move knockoff\n>p1 switch 6\n>p1 move earthpower\n>p2 move machpunch\n>p2 switch 5\n>p1 switch 4\n>p2 move shedtail\n>p2 switch 4\n>p1 move bulkup\n>p2 move dragondance\n>p1 move bulkup\n>p2 move stoneedge\n>p1 move knockoff\n>p2 move dragondance\n>p1 move bulkup\n>p2 move stoneedge\n>p1 move knockoff\n>p2 move stoneedge\n>p1 move bulkup\n>p2 move stoneedge\n>p1 move bulkup\n>p2 move dragondance\n>p1 move bulkup\n>p2 move stoneedge\n>p1 move knockoff\n>p2 move stoneedge\n>p1 move slackoff\n>p2 move recover\n>p1 move knockoff\n>p2 move stoneedge\n>p1 switch 3\n>p1 move hydropump\n>p2 move stoneedge\n>p1 switch 5\n>p1 move acrobatics\n>p2 move recover\n>chat ☆DonovanIsNotHere|The other move is EQ isn't it lol\n>p1 move acrobatics\n>p2 switch 2\n>p1 move acrobatics\n>p2 move poisonjab\n>p2 switch 4\n>p1 move acrobatics\n>p2 move dracometeor\n>p1 move acrobatics\n>p2 move taunt\n>p1 move uturn\n>p2 move rapidspin\n>p1 switch 4\n>p2 switch 3\n>p1 move hurricane\n>p2 move leechseed\n>chat ☆jondellisola03|It sure is lmao\n>chat ☆jondellisola03|gg\n>p1 move hurricane\n>p2 move synthesis\n>p2 switch 2\n>chat ☆DonovanIsNotHere|lmao gg\n>p1 move meteorbeam\n>p2 move earthquake\n>p1 move earthpower\n>p2 move earthquake", "uploadtime": 1771225134, "views": 13, "formatid": "gen9randombattle", "rating": 1528, "private": 0, "password": null}