{"id": "gen9randombattle-2540583336", "format": "[Gen 9] Random Battle", "players": ["ROCK ROSE", "Tt2041"], "log": "|j|☆ROCK ROSE\n|j|☆Tt2041\n|t:|1771221829\n|gametype|singles\n|player|p1|ROCK ROSE|maid|1734\n|player|p2|Tt2041|2|1753\n|gen|9\n|tier|[Gen 9] Random Battle\n|rated|\n|rule|Species Clause: Limit one of each Pokémon\n|rule|HP Percentage Mod: HP is shown in percentages\n|rule|Sleep Clause Mod: Limit one foe put to sleep\n|rule|Illusion Level Mod: Illusion disguises the Pokémon's true level\n|\n|t:|1771221829\n|teamsize|p1|6\n|teamsize|p2|6\n|start\n|switch|p1a: Reshiram|Reshiram, L76|277/277\n|switch|p2a: Salazzle|Salazzle, L83, F|249/249\n|-ability|p1a: Reshiram|Turboblaze\n|turn|1\n|inactive|Battle timer is ON: inactive players will automatically lose when time's up. (requested by ROCK ROSE)\n|\n|t:|1771221849\n|switch|p2a: Swampert|Swampert, L83, F|302/302\n|move|p1a: Reshiram|Dragon Dance|p1a: Reshiram\n|-boost|p1a: Reshiram|atk|1\n|-boost|p1a: Reshiram|spe|1\n|\n|upkeep\n|turn|2\n|\n|t:|1771221868\n|switch|p1a: Misdreavus|Misdreavus, L90, F|254/254\n|move|p2a: Swampert|Stealth Rock|p1a: Misdreavus\n|-sidestart|p1: ROCK ROSE|move: Stealth Rock\n|\n|upkeep\n|turn|3\n|\n|t:|1771221877\n|switch|p2a: Salazzle|Salazzle, L83, F|249/249\n|move|p1a: Misdreavus|Will-O-Wisp|p2a: Salazzle\n|-immune|p2a: Salazzle\n|\n|upkeep\n|turn|4\n|\n|t:|1771221904\n|switch|p1a: Pikachu|Pikachu-Alola, L93, F|216/216\n|-damage|p1a: Pikachu|189/216|[from] Stealth Rock\n|move|p2a: Salazzle|Nasty Plot|p2a: Salazzle\n|-boost|p2a: Salazzle|spa|2\n|\n|upkeep\n|turn|5\n|\n|t:|1771221911\n|move|p1a: Pikachu|Fake Out|p2a: Salazzle\n|-damage|p2a: Salazzle|191/249\n|cant|p2a: Salazzle|flinch\n|\n|upkeep\n|turn|6\n|\n|t:|1771221928\n|switch|p1a: Reshiram|Reshiram, L76|277/277\n|-ability|p1a: Reshiram|Turboblaze\n|move|p2a: Salazzle|Sludge Wave|p1a: Reshiram\n|-damage|p1a: Reshiram|73/277\n|\n|upkeep\n|turn|7\n|\n|t:|1771221940\n|move|p2a: Salazzle|Sludge Wave|p1a: Reshiram\n|-damage|p1a: Reshiram|0 fnt\n|faint|p1a: Reshiram\n|\n|upkeep\n|inactive|ROCK ROSE has 120 seconds left.\n|\n|t:|1771221956\n|switch|p1a: Gouging Fire|Gouging Fire, L74|277/277\n|turn|8\n|\n|t:|1771221960\n|move|p2a: Salazzle|Sludge Wave|p1a: Gouging Fire\n|-damage|p1a: Gouging Fire|33/277\n|move|p1a: Gouging Fire|Dragon Dance|p1a: Gouging Fire\n|-boost|p1a: Gouging Fire|atk|1\n|-boost|p1a: Gouging Fire|spe|1\n|\n|upkeep\n|turn|9\n|\n|t:|1771221967\n|switch|p2a: Zapdos|Zapdos-Galar, L77|265/265\n|move|p1a: Gouging Fire|Earthquake|p2a: Zapdos\n|-immune|p2a: Zapdos\n|\n|upkeep\n|turn|10\n|\n|t:|1771221975\n|move|p2a: Zapdos|Knock Off|p1a: Gouging Fire\n|-damage|p1a: Gouging Fire|0 fnt\n|-enditem|p1a: Gouging Fire|Heavy-Duty Boots|[from] move: Knock Off|[of] p2a: Zapdos\n|faint|p1a: Gouging Fire\n|-end|p1a: Gouging Fire|Protosynthesis|[silent]\n|\n|upkeep\n|\n|t:|1771221989\n|switch|p1a: Wigglytuff|Wigglytuff, L96, F|424/424\n|-damage|p1a: Wigglytuff|371/424|[from] Stealth Rock\n|turn|11\n|\n|t:|1771221994\n|switch|p2a: Salazzle|Salazzle, L83, F|191/249\n|move|p1a: Wigglytuff|Thunder Wave|p2a: Salazzle\n|-status|p2a: Salazzle|par\n|\n|-heal|p1a: Wigglytuff|397/424|[from] item: Leftovers\n|upkeep\n|turn|12\n|\n|t:|1771222010\n|switch|p1a: Pikachu|Pikachu-Alola, L93, F|189/216\n|-damage|p1a: Pikachu|162/216|[from] Stealth Rock\n|move|p2a: Salazzle|Sludge Wave|p1a: Pikachu\n|-damage|p1a: Pikachu|11/216\n|\n|upkeep\n|turn|13\n|\n|t:|1771222018\n|move|p1a: Pikachu|Fake Out|p2a: Salazzle\n|-damage|p2a: Salazzle|126/249 par\n|cant|p2a: Salazzle|flinch\n|\n|upkeep\n|turn|14\n|\n|t:|1771222023\n|move|p1a: Pikachu|Surf|p2a: Salazzle\n|-supereffective|p2a: Salazzle\n|-damage|p2a: Salazzle|0 fnt\n|faint|p2a: Salazzle\n|\n|upkeep\n|\n|t:|1771222027\n|switch|p2a: Zapdos|Zapdos-Galar, L77|265/265\n|turn|15\n|\n|t:|1771222030\n|move|p2a: Zapdos|U-turn|p1a: Pikachu\n|-damage|p1a: Pikachu|0 fnt\n|faint|p1a: Pikachu\n|\n|t:|1771222044\n|switch|p2a: Iron Bundle|Iron Bundle, L78|215/215|[from] U-turn\n|\n|upkeep\n|\n|t:|1771222063\n|switch|p1a: Misdreavus|Misdreavus, L90, F|254/254\n|-damage|p1a: Misdreavus|223/254|[from] Stealth Rock\n|turn|16\n|\n|t:|1771222068\n|move|p2a: Iron Bundle|Ice Beam|p1a: Misdreavus\n|-damage|p1a: Misdreavus|162/254\n|move|p1a: Misdreavus|Calm Mind|p1a: Misdreavus\n|-boost|p1a: Misdreavus|spa|1\n|-boost|p1a: Misdreavus|spd|1\n|\n|upkeep\n|turn|17\n|\n|t:|1771222084\n|-end|p2a: Iron Bundle|Quark Drive|[silent]\n|switch|p2a: Zapdos|Zapdos-Galar, L77|265/265\n|move|p1a: Misdreavus|Calm Mind|p1a: Misdreavus\n|-boost|p1a: Misdreavus|spa|1\n|-boost|p1a: Misdreavus|spd|1\n|\n|upkeep\n|turn|18\n|\n|t:|1771222094\n|-terastallize|p2a: Zapdos|Steel\n|-terastallize|p1a: Misdreavus|Fairy\n|move|p2a: Zapdos|Brave Bird|p1a: Misdreavus\n|-damage|p1a: Misdreavus|53/254\n|-damage|p2a: Zapdos|229/265|[from] Recoil\n|move|p1a: Misdreavus|Draining Kiss|p2a: Zapdos\n|-resisted|p2a: Zapdos\n|-damage|p2a: Zapdos|160/265\n|-heal|p1a: Misdreavus|105/254|[from] drain|[of] p2a: Zapdos\n|\n|upkeep\n|turn|19\n|\n|t:|1771222104\n|move|p2a: Zapdos|Brave Bird|p1a: Misdreavus\n|-damage|p1a: Misdreavus|0 fnt\n|faint|p1a: Misdreavus\n|-damage|p2a: Zapdos|125/265|[from] Recoil\n|\n|upkeep\n|\n|t:|1771222114\n|switch|p1a: Wigglytuff|Wigglytuff, L96, F|397/424\n|-damage|p1a: Wigglytuff|344/424|[from] Stealth Rock\n|turn|20\n|\n|t:|1771222118\n|switch|p2a: Swampert|Swampert, L83, F|302/302\n|move|p1a: Wigglytuff|Thunder Wave|p2a: Swampert\n|-immune|p2a: Swampert\n|\n|-heal|p1a: Wigglytuff|370/424|[from] item: Leftovers\n|upkeep\n|turn|21\n|\n|t:|1771222126\n|move|p2a: Swampert|Earthquake|p1a: Wigglytuff\n|-damage|p1a: Wigglytuff|217/424\n|move|p1a: Wigglytuff|Knock Off|p2a: Swampert\n|-damage|p2a: Swampert|231/302\n|-enditem|p2a: Swampert|Leftovers|[from] move: Knock Off|[of] p1a: Wigglytuff\n|\n|-heal|p1a: Wigglytuff|243/424|[from] item: Leftovers\n|upkeep\n|turn|22\n|\n|t:|1771222133\n|move|p2a: Swampert|Earthquake|p1a: Wigglytuff\n|-damage|p1a: Wigglytuff|87/424\n|move|p1a: Wigglytuff|Dazzling Gleam|p2a: Swampert\n|-damage|p2a: Swampert|137/302\n|\n|-heal|p1a: Wigglytuff|113/424|[from] item: Leftovers\n|upkeep\n|turn|23\n|\n|t:|1771222140\n|move|p2a: Swampert|Earthquake|p1a: Wigglytuff\n|-damage|p1a: Wigglytuff|0 fnt\n|faint|p1a: Wigglytuff\n|\n|upkeep\n|\n|t:|1771222143\n|switch|p1a: Regigigas|Regigigas, L84|322/322\n|-damage|p1a: Regigigas|282/322|[from] Stealth Rock\n|-start|p1a: Regigigas|ability: Slow Start\n|turn|24\n|\n|t:|1771222148\n|move|p2a: Swampert|Flip Turn|p1a: Regigigas\n|-damage|p1a: Regigigas|218/322\n|\n|t:|1771222151\n|switch|p2a: Zapdos|Zapdos-Galar, L77, tera:Steel|125/265|[from] Flip Turn\n|move|p1a: Regigigas|Substitute|p1a: Regigigas\n|-start|p1a: Regigigas|Substitute\n|-damage|p1a: Regigigas|138/322\n|\n|-heal|p1a: Regigigas|158/322|[from] item: Leftovers\n|upkeep\n|turn|25\n|\n|t:|1771222164\n|move|p1a: Regigigas|Protect|p1a: Regigigas\n|-singleturn|p1a: Regigigas|Protect\n|move|p2a: Zapdos|Close Combat|p1a: Regigigas\n|-activate|p1a: Regigigas|move: Protect\n|\n|-heal|p1a: Regigigas|178/322|[from] item: Leftovers\n|upkeep\n|turn|26\n|\n|t:|1771222171\n|move|p2a: Zapdos|Close Combat|p1a: Regigigas\n|-supereffective|p1a: Regigigas\n|-end|p1a: Regigigas|Substitute\n|-unboost|p2a: Zapdos|def|1\n|-unboost|p2a: Zapdos|spd|1\n|move|p1a: Regigigas|Substitute|p1a: Regigigas\n|-start|p1a: Regigigas|Substitute\n|-damage|p1a: Regigigas|98/322\n|\n|-heal|p1a: Regigigas|118/322|[from] item: Leftovers\n|upkeep\n|turn|27\n|\n|t:|1771222184\n|move|p1a: Regigigas|Protect|p1a: Regigigas\n|-singleturn|p1a: Regigigas|Protect\n|move|p2a: Zapdos|Close Combat|p1a: Regigigas\n|-activate|p1a: Regigigas|move: Protect\n|\n|-heal|p1a: Regigigas|138/322|[from] item: Leftovers\n|upkeep\n|turn|28\n|\n|t:|1771222193\n|move|p2a: Zapdos|Close Combat|p1a: Regigigas\n|-supereffective|p1a: Regigigas\n|-end|p1a: Regigigas|Substitute\n|-unboost|p2a: Zapdos|def|1\n|-unboost|p2a: Zapdos|spd|1\n|move|p1a: Regigigas|Substitute|p1a: Regigigas\n|-start|p1a: Regigigas|Substitute\n|-damage|p1a: Regigigas|58/322\n|\n|-heal|p1a: Regigigas|78/322|[from] item: Leftovers\n|-end|p1a: Regigigas|Slow Start\n|upkeep\n|turn|29\n|\n|t:|1771222204\n|move|p1a: Regigigas|Protect|p1a: Regigigas\n|-singleturn|p1a: Regigigas|Protect\n|move|p2a: Zapdos|Close Combat|p1a: Regigigas\n|-activate|p1a: Regigigas|move: Protect\n|\n|-heal|p1a: Regigigas|98/322|[from] item: Leftovers\n|upkeep\n|turn|30\n|\n|t:|1771222211\n|move|p2a: Zapdos|Close Combat|p1a: Regigigas\n|-supereffective|p1a: Regigigas\n|-crit|p1a: Regigigas\n|-end|p1a: Regigigas|Substitute\n|-unboost|p2a: Zapdos|def|1\n|-unboost|p2a: Zapdos|spd|1\n|move|p1a: Regigigas|Knock Off|p2a: Zapdos\n|-damage|p2a: Zapdos|0 fnt\n|-enditem|p2a: Zapdos|Choice Scarf|[from] move: Knock Off|[of] p1a: Regigigas\n|faint|p2a: Zapdos\n|\n|-heal|p1a: Regigigas|118/322|[from] item: Leftovers\n|upkeep\n|\n|t:|1771222221\n|switch|p2a: Iron Bundle|Iron Bundle, L78|215/215\n|turn|31\n|\n|t:|1771222224\n|move|p1a: Regigigas|Protect|p1a: Regigigas\n|-singleturn|p1a: Regigigas|Protect\n|move|p2a: Iron Bundle|Ice Beam|p1a: Regigigas\n|-activate|p1a: Regigigas|move: Protect\n|\n|-heal|p1a: Regigigas|138/322|[from] item: Leftovers\n|upkeep\n|turn|32\n|\n|t:|1771222231\n|move|p2a: Iron Bundle|Ice Beam|p1a: Regigigas\n|-damage|p1a: Regigigas|56/322\n|move|p1a: Regigigas|Body Slam|p2a: Iron Bundle\n|-damage|p2a: Iron Bundle|100/215\n|-status|p2a: Iron Bundle|par\n|\n|-heal|p1a: Regigigas|76/322|[from] item: Leftovers\n|-heal|p2a: Iron Bundle|113/215 par|[from] item: Leftovers\n|upkeep\n|turn|33\n|\n|t:|1771222243\n|-end|p2a: Iron Bundle|Quark Drive|[silent]\n|switch|p2a: Zamazenta|Zamazenta-Crowned, L68|238/238\n|-ability|p2a: Zamazenta|Dauntless Shield|boost\n|-boost|p2a: Zamazenta|def|1\n|move|p1a: Regigigas|Protect||[still]\n|-fail|p1a: Regigigas\n|\n|-heal|p1a: Regigigas|96/322|[from] item: Leftovers\n|upkeep\n|turn|34\n|\n|t:|1771222250\n|move|p1a: Regigigas|Substitute|p1a: Regigigas\n|-start|p1a: Regigigas|Substitute\n|-damage|p1a: Regigigas|16/322\n|move|p2a: Zamazenta|Body Press|p1a: Regigigas\n|-supereffective|p1a: Regigigas\n|-end|p1a: Regigigas|Substitute\n|\n|-heal|p1a: Regigigas|36/322|[from] item: Leftovers\n|upkeep\n|turn|35\n|\n|t:|1771222257\n|move|p1a: Regigigas|Body Slam|p2a: Zamazenta\n|-resisted|p2a: Zamazenta\n|-damage|p2a: Zamazenta|197/238\n|move|p2a: Zamazenta|Body Press|p1a: Regigigas\n|-supereffective|p1a: Regigigas\n|-damage|p1a: Regigigas|0 fnt\n|faint|p1a: Regigigas\n|-end|p1a: Regigigas|Slow Start|[silent]\n|\n|win|Tt2041\n|raw|ROCK ROSE's rating: 1734 &rarr; <strong>1715</strong><br />(-19 for losing)\n|raw|Tt2041's rating: 1753 &rarr; <strong>1772</strong><br />(+19 for winning)\n", "inputlog": ">version 686819e5e19f8a7fd2345cfc5a08a5085efa2cc3\n>start {\"formatid\":\"gen9randombattle\",\"seed\":\"sodium,5e1ebd4581df915a68de04abd396d853\",\"rated\":\"Rated battle\"}\n>player p1 {\"name\":\"ROCK ROSE\",\"avatar\":\"maid\",\"rating\":1734,\"seed\":\"sodium,bd0d9327648299357795700c95c12bd3\"}\n>player p2 {\"name\":\"Tt2041\",\"avatar\":\"2\",\"rating\":1753,\"seed\":\"sodium,0c2e4fd3193c0224c3a3aeaca1ea0bc3\"}\n>p1 move dragondance\n>p2 switch 4\n>p1 switch 3\n>p2 move stealthrock\n>p1 move willowisp\n>p2 switch 4\n>p1 switch 4\n>p2 move nastyplot\n>p1 move fakeout\n>p2 move sludgewave\n>p1 switch 3\n>p2 move sludgewave\n>p1 move stoneedge\n>p2 move sludgewave\n>p1 switch 2\n>p1 move dragondance\n>p2 move sludgewave\n>p1 move earthquake\n>p2 switch 2\n>p1 move heatcrash\n>p2 move knockoff\n>p1 switch 5\n>p1 move thunderwave\n>p2 switch 2\n>p1 switch 3\n>p2 move sludgewave\n>p1 move fakeout\n>p2 move sludgewave\n>p1 move surf\n>p2 move sludgewave\n>p2 switch 2\n>p1 move volttackle\n>p2 move uturn\n>p2 switch 3\n>p1 switch 4\n>p1 move calmmind\n>p2 move icebeam\n>p1 move calmmind\n>p2 switch 3\n>p1 move drainingkiss terastallize\n>p2 move bravebird terastallize\n>p1 move willowisp\n>p2 move bravebird\n>p1 switch 3\n>p1 move thunderwave\n>p2 switch 4\n>p1 move knockoff\n>p2 move earthquake\n>p1 move dazzlinggleam\n>p2 move earthquake\n>p1 move dazzlinggleam\n>p2 move earthquake\n>p1 switch 6\n>p1 move substitute\n>p2 move flipturn\n>p2 switch 4\n>p1 move protect\n>p2 move closecombat\n>p1 move substitute\n>p2 move closecombat\n>p1 move protect\n>p2 move closecombat\n>p1 move substitute\n>p2 move closecombat\n>p1 move protect\n>p2 move closecombat\n>p1 move knockoff\n>p2 move closecombat\n>p2 switch 3\n>p1 move protect\n>p2 move icebeam\n>p1 move bodyslam\n>p2 move icebeam\n>p1 move protect\n>p2 switch 5\n>p1 move substitute\n>p2 move bodypress\n>p1 move bodyslam\n>p2 move bodypress", "uploadtime": 1771222260, "views": 12, "formatid": "gen9randombattle", "rating": 1715, "private": 0, "password": null}