{"id": "gen9randombattle-2540750665", "format": "[Gen 9] Random Battle", "players": ["Lol61", "JustHaxRelax"], "log": "|badge|p2|bronze|gen9randombattle|100-8\n|uhtml|medal-msg|<div class=\"broadcast-blue\">Curious what those medals under the avatar are? PS now has Ladder Seasons! For more information, check out the <a href=\"https://www.smogon.com/forums/threads/3740067/\">thread on Smogon.</a></div>\n|j|☆Lol61\n|j|☆JustHaxRelax\n|t:|1771249647\n|gametype|singles\n|player|p1|Lol61|1|2202\n|player|p2|JustHaxRelax|ash|2301\n|gen|9\n|tier|[Gen 9] Random Battle\n|rated|\n|rule|Species Clause: Limit one of each Pokémon\n|rule|HP Percentage Mod: HP is shown in percentages\n|rule|Sleep Clause Mod: Limit one foe put to sleep\n|rule|Illusion Level Mod: Illusion disguises the Pokémon's true level\n|\n|t:|1771249647\n|teamsize|p1|6\n|teamsize|p2|6\n|start\n|switch|p1a: Gogoat|Gogoat, L88, F|360/360\n|switch|p2a: Tornadus|Tornadus-Therian, L79, M|254/254\n|turn|1\n|\n|t:|1771249662\n|switch|p1a: Rhydon|Rhydon, L85, M|317/317\n|move|p2a: Tornadus|Knock Off|p1a: Rhydon\n|-damage|p1a: Rhydon|281/317\n|-enditem|p1a: Rhydon|Eviolite|[from] move: Knock Off|[of] p2a: Tornadus\n|\n|upkeep\n|turn|2\n|\n|t:|1771249673\n|move|p2a: Tornadus|U-turn|p1a: Rhydon\n|-damage|p1a: Rhydon|242/317\n|\n|t:|1771249688\n|switch|p2a: Iron Valiant|Iron Valiant, L78|244/244|[from] U-turn\n|move|p1a: Rhydon|Stone Edge|p2a: Iron Valiant\n|-resisted|p2a: Iron Valiant\n|-damage|p2a: Iron Valiant|172/244\n|\n|upkeep\n|turn|3\n|\n|t:|1771249702\n|move|p2a: Iron Valiant|Close Combat|p1a: Rhydon\n|-supereffective|p1a: Rhydon\n|-damage|p1a: Rhydon|0 fnt\n|-unboost|p2a: Iron Valiant|def|1\n|-unboost|p2a: Iron Valiant|spd|1\n|faint|p1a: Rhydon\n|-damage|p2a: Iron Valiant|148/244|[from] item: Life Orb\n|\n|upkeep\n|\n|t:|1771249708\n|switch|p1a: Slaking|Slaking, L84, M|389/389\n|turn|4\n|\n|t:|1771249724\n|move|p1a: Slaking|Double-Edge|p2a: Iron Valiant\n|-damage|p2a: Iron Valiant|0 fnt\n|faint|p2a: Iron Valiant\n|-end|p2a: Iron Valiant|Quark Drive|[silent]\n|-damage|p1a: Slaking|340/389|[from] Recoil\n|\n|upkeep\n|\n|t:|1771249768\n|switch|p2a: Mienshao|Mienshao, L83, F|243/243\n|turn|5\n|\n|t:|1771249774\n|switch|p1a: Tauros|Tauros-Paldea-Combat, L82, M|257/257\n|-ability|p1a: Tauros|Intimidate|boost\n|-unboost|p2a: Mienshao|atk|1\n|move|p2a: Mienshao|U-turn|p1a: Tauros\n|-resisted|p1a: Tauros\n|-damage|p1a: Tauros|232/257\n|\n|t:|1771249785\n|switch|p2a: Tornadus|Tornadus-Therian, L79, M|254/254|[from] U-turn\n|\n|upkeep\n|turn|6\n|\n|t:|1771249790\n|switch|p1a: Slaking|Slaking, L84, M|340/389\n|move|p2a: Tornadus|Bleakwind Storm|p1a: Slaking\n|-damage|p1a: Slaking|219/389\n|-unboost|p1a: Slaking|spe|1\n|\n|upkeep\n|turn|7\n|\n|t:|1771249803\n|move|p2a: Tornadus|U-turn|p1a: Slaking\n|-damage|p1a: Slaking|175/389\n|\n|t:|1771249808\n|switch|p2a: Snorlax|Snorlax, L82, F|397/397|[from] U-turn\n|move|p1a: Slaking|Double-Edge|p2a: Snorlax\n|-damage|p2a: Snorlax|168/397\n|-damage|p1a: Slaking|99/389|[from] Recoil\n|\n|upkeep\n|turn|8\n|\n|t:|1771249815\n|switch|p1a: Gogoat|Gogoat, L88, F|360/360\n|move|p2a: Snorlax|Rest|p2a: Snorlax\n|-status|p2a: Snorlax|slp|[from] move: Rest\n|-heal|p2a: Snorlax|397/397 slp|[silent]\n|-enditem|p2a: Snorlax|Chesto Berry|[eat]\n|-curestatus|p2a: Snorlax|slp|[msg]\n|\n|upkeep\n|turn|9\n|\n|t:|1771249820\n|switch|p2a: Tornadus|Tornadus-Therian, L79, M|254/254\n|move|p1a: Gogoat|Bulk Up|p1a: Gogoat\n|-boost|p1a: Gogoat|atk|1\n|-boost|p1a: Gogoat|def|1\n|\n|upkeep\n|turn|10\n|\n|t:|1771249829\n|-terastallize|p1a: Gogoat|Ground\n|move|p2a: Tornadus|Bleakwind Storm|p1a: Gogoat|[miss]\n|-miss|p2a: Tornadus|p1a: Gogoat\n|move|p1a: Gogoat|Bulk Up|p1a: Gogoat\n|-boost|p1a: Gogoat|atk|1\n|-boost|p1a: Gogoat|def|1\n|\n|upkeep\n|turn|11\n|\n|t:|1771249839\n|move|p2a: Tornadus|Knock Off|p1a: Gogoat\n|-damage|p1a: Gogoat|323/360\n|-enditem|p1a: Gogoat|Leftovers|[from] move: Knock Off|[of] p2a: Tornadus\n|move|p1a: Gogoat|Horn Leech|p2a: Tornadus\n|-resisted|p2a: Tornadus\n|-damage|p2a: Tornadus|148/254\n|-heal|p1a: Gogoat|360/360|[from] drain|[of] p2a: Tornadus\n|\n|upkeep\n|turn|12\n|\n|t:|1771249863\n|move|p2a: Tornadus|Bleakwind Storm|p1a: Gogoat\n|-damage|p1a: Gogoat|246/360\n|move|p1a: Gogoat|Horn Leech|p2a: Tornadus\n|-resisted|p2a: Tornadus\n|-damage|p2a: Tornadus|46/254\n|-heal|p1a: Gogoat|297/360|[from] drain|[of] p2a: Tornadus\n|\n|upkeep\n|turn|13\n|\n|t:|1771249874\n|move|p2a: Tornadus|U-turn|p1a: Gogoat\n|-damage|p1a: Gogoat|269/360\n|\n|t:|1771249875\n|switch|p2a: Toxtricity|Toxtricity, L82, M|257/257|[from] U-turn\n|move|p1a: Gogoat|Horn Leech|p2a: Toxtricity\n|-resisted|p2a: Toxtricity\n|-damage|p2a: Toxtricity|149/257\n|-heal|p1a: Gogoat|323/360|[from] drain|[of] p2a: Toxtricity\n|\n|upkeep\n|turn|14\n|\n|t:|1771249886\n|move|p1a: Gogoat|Earthquake|p2a: Toxtricity\n|-supereffective|p2a: Toxtricity\n|-damage|p2a: Toxtricity|0 fnt\n|faint|p2a: Toxtricity\n|\n|upkeep\n|\n|t:|1771249904\n|switch|p2a: Mienshao|Mienshao, L83, F|243/243\n|turn|15\n|\n|t:|1771249907\n|-terastallize|p2a: Mienshao|Fighting\n|move|p2a: Mienshao|High Jump Kick|p1a: Gogoat\n|-damage|p1a: Gogoat|89/360\n|move|p1a: Gogoat|Horn Leech|p2a: Mienshao\n|-damage|p2a: Mienshao|2/243\n|-heal|p1a: Gogoat|210/360|[from] drain|[of] p2a: Mienshao\n|\n|upkeep\n|turn|16\n|\n|t:|1771249923\n|switch|p1a: Rayquaza|Rayquaza, L72|270/270\n|-ability|p1a: Rayquaza|Air Lock\n|move|p2a: Mienshao|High Jump Kick|p1a: Rayquaza\n|-resisted|p1a: Rayquaza\n|-damage|p1a: Rayquaza|58/270\n|\n|upkeep\n|turn|17\n|\n|t:|1771249940\n|switch|p2a: Snorlax|Snorlax, L82, F|397/397\n|move|p1a: Rayquaza|Extreme Speed|p2a: Snorlax\n|-damage|p2a: Snorlax|293/397\n|\n|upkeep\n|turn|18\n|\n|t:|1771249949\n|switch|p1a: Gogoat|Gogoat, L88, F, tera:Ground|210/360\n|move|p2a: Snorlax|Body Slam|p1a: Gogoat\n|-damage|p1a: Gogoat|90/360\n|-status|p1a: Gogoat|par\n|\n|upkeep\n|turn|19\n|\n|t:|1771249953\n|move|p2a: Snorlax|Body Slam|p1a: Gogoat\n|-damage|p1a: Gogoat|0 fnt\n|faint|p1a: Gogoat\n|\n|upkeep\n|\n|t:|1771249955\n|switch|p1a: Tauros|Tauros-Paldea-Combat, L82, M|232/257\n|-ability|p1a: Tauros|Intimidate|boost\n|-unboost|p2a: Snorlax|atk|1\n|turn|20\n|\n|t:|1771249971\n|move|p1a: Tauros|Close Combat|p2a: Snorlax\n|-supereffective|p2a: Snorlax\n|-damage|p2a: Snorlax|0 fnt\n|-unboost|p1a: Tauros|def|1\n|-unboost|p1a: Tauros|spd|1\n|faint|p2a: Snorlax\n|-damage|p1a: Tauros|207/257|[from] item: Life Orb\n|\n|upkeep\n|\n|t:|1771249979\n|switch|p2a: Tornadus|Tornadus-Therian, L79, M|130/254\n|turn|21\n|\n|t:|1771249988\n|move|p2a: Tornadus|Bleakwind Storm|p1a: Tauros\n|-supereffective|p1a: Tauros\n|-damage|p1a: Tauros|0 fnt\n|faint|p1a: Tauros\n|\n|upkeep\n|\n|t:|1771249990\n|switch|p1a: Slaking|Slaking, L84, M|99/389\n|turn|22\n|\n|t:|1771250000\n|switch|p2a: Mienshao|Mienshao, L83, F, tera:Fighting|2/243\n|move|p1a: Slaking|Double-Edge|p2a: Mienshao\n|-damage|p2a: Mienshao|0 fnt\n|faint|p2a: Mienshao\n|-damage|p1a: Slaking|98/389|[from] Recoil\n|\n|upkeep\n|\n|t:|1771250005\n|switch|p2a: Tornadus|Tornadus-Therian, L79, M|214/254\n|turn|23\n|\n|t:|1771250015\n|switch|p1a: Rayquaza|Rayquaza, L72|58/270\n|-ability|p1a: Rayquaza|Air Lock\n|move|p2a: Tornadus|Knock Off|p1a: Rayquaza\n|-damage|p1a: Rayquaza|0 fnt\n|-enditem|p1a: Rayquaza|Choice Band|[from] move: Knock Off|[of] p2a: Tornadus\n|faint|p1a: Rayquaza\n|\n|upkeep\n|\n|t:|1771250018\n|switch|p1a: Slaking|Slaking, L84, M|98/389\n|turn|24\n|\n|t:|1771250040\n|move|p1a: Slaking|Giga Impact|p2a: Tornadus\n|-damage|p2a: Tornadus|0 fnt\n|-mustrecharge|p1a: Slaking\n|faint|p2a: Tornadus\n|\n|upkeep\n|\n|t:|1771250043\n|switch|p2a: Maushold|Maushold-Four, L76|238/238\n|turn|25\n|\n|t:|1771250054\n|cant|p1a: Slaking|recharge\n|move|p2a: Maushold|Population Bomb|p1a: Slaking\n|-damage|p1a: Slaking|77/389\n|-damage|p1a: Slaking|58/389\n|-damage|p1a: Slaking|37/389\n|-damage|p1a: Slaking|18/389\n|-damage|p1a: Slaking|0 fnt\n|faint|p1a: Slaking\n|-hitcount|p1: Slaking|5\n|\n|upkeep\n|\n|t:|1771250055\n|switch|p1a: Kyurem|Kyurem-White, L73|303/303\n|-ability|p1a: Kyurem|Turboblaze\n|turn|26\n|\n|t:|1771250072\n|move|p2a: Maushold|Tidy Up|p2a: Maushold\n|-boost|p2a: Maushold|atk|1\n|-boost|p2a: Maushold|spe|1\n|move|p1a: Kyurem|Draco Meteor|p2a: Maushold\n|-damage|p2a: Maushold|0 fnt\n|-unboost|p1a: Kyurem|spa|2\n|faint|p2a: Maushold\n|\n|win|Lol61\n|raw|Lol61's rating: 2218 &rarr; <strong>2243</strong><br />(+25 for winning)\n|raw|JustHaxRelax's rating: 2301 &rarr; <strong>2276</strong><br />(-25 for losing)\n", "inputlog": ">version 686819e5e19f8a7fd2345cfc5a08a5085efa2cc3\n>start {\"formatid\":\"gen9randombattle\",\"seed\":\"sodium,65814b1e9c05c67ceeb45a3cf8fd28f1\",\"rated\":\"Rated battle\"}\n>player p1 {\"name\":\"Lol61\",\"avatar\":\"1\",\"rating\":2202,\"seed\":\"sodium,55c561baac5d7d12fd10c0daabe295fc\"}\n>player p2 {\"name\":\"JustHaxRelax\",\"avatar\":\"ash\",\"rating\":2301,\"seed\":\"sodium,b105ce6306749ae069575c477c88a973\"}\n>p1 switch 5\n>p2 move knockoff\n>p1 move stoneedge\n>p2 move uturn\n>p2 switch 6\n>p1 move earthquake\n>p2 move closecombat\n>p1 switch 4\n>p1 move doubleedge\n>p2 move closecombat\n>p2 switch 4\n>p1 switch 6\n>p2 move uturn\n>p2 switch 6\n>p1 switch 6\n>p2 move bleakwindstorm\n>p1 move doubleedge\n>p2 move uturn\n>p2 switch 2\n>p1 switch 5\n>p2 move rest\n>p1 move bulkup\n>p2 switch 2\n>p1 move bulkup terastallize\n>p2 move bleakwindstorm\n>p1 move hornleech\n>p2 move knockoff\n>p1 move hornleech\n>p2 move bleakwindstorm\n>p1 move hornleech\n>p2 move uturn\n>p2 switch 3\n>p1 move earthquake\n>p2 move boomburst\n>p2 switch 6\n>p1 move hornleech\n>p2 move highjumpkick terastallize\n>p1 switch 3\n>p2 move highjumpkick\n>p1 move extremespeed\n>p2 switch 2\n>p1 switch 3\n>p2 move bodyslam\n>p1 move hornleech\n>p2 move bodyslam\n>p1 switch 6\n>p1 move closecombat\n>p2 move bodyslam\n>p2 switch 3\n>p1 move closecombat\n>p2 move bleakwindstorm\n>p1 switch 5\n>p1 move doubleedge\n>p2 switch 2\n>p2 switch 2\n>p1 switch 3\n>p2 move knockoff\n>p1 switch 3\n>p1 move gigaimpact\n>p2 move knockoff\n>p2 switch 5\n>p1 move recharge\n>p2 move populationbomb\n>p1 switch 2\n>p1 move dracometeor\n>p2 move tidyup", "uploadtime": 1771249650, "views": 8, "formatid": "gen9randombattle", "rating": 2243, "private": 0, "password": null}