{"id": "gen9randombattle-2540630694", "format": "[Gen 9] Random Battle", "players": ["CD370", "Mattattac"], "log": "|j|☆CD370\n|j|☆Mattattac\n|t:|1771230645\n|gametype|singles\n|player|p1|CD370|169|1569\n|player|p2|Mattattac|169|1570\n|gen|9\n|tier|[Gen 9] Random Battle\n|rated|\n|rule|Species Clause: Limit one of each Pokémon\n|rule|HP Percentage Mod: HP is shown in percentages\n|rule|Sleep Clause Mod: Limit one foe put to sleep\n|rule|Illusion Level Mod: Illusion disguises the Pokémon's true level\n|\n|t:|1771230645\n|teamsize|p1|6\n|teamsize|p2|6\n|start\n|switch|p1a: Sawsbuck|Sawsbuck-Winter, L88, F|284/284\n|switch|p2a: Charizard|Charizard, L85, F|271/271\n|turn|1\n|inactive|Battle timer is ON: inactive players will automatically lose when time's up. (requested by CD370)\n|\n|t:|1771230661\n|switch|p1a: Coalossal|Coalossal, L89, F|341/341\n|move|p2a: Charizard|Swords Dance|p2a: Charizard\n|-boost|p2a: Charizard|atk|2\n|\n|upkeep\n|turn|2\n|\n|t:|1771230669\n|move|p2a: Charizard|Earthquake|p1a: Coalossal\n|-supereffective|p1a: Coalossal\n|-damage|p1a: Coalossal|0 fnt\n|faint|p1a: Coalossal\n|\n|upkeep\n|\n|t:|1771230672\n|switch|p1a: Phione|Phione, L91|293/293\n|turn|3\n|\n|t:|1771230678\n|switch|p2a: Lapras|Lapras, L87, M|368/368\n|move|p1a: Phione|Scald|p2a: Lapras\n|-immune|p2a: Lapras|[from] ability: Water Absorb\n|\n|upkeep\n|turn|4\n|\n|t:|1771230686\n|move|p1a: Phione|Grass Knot|p2a: Lapras\n|-supereffective|p2a: Lapras\n|-damage|p2a: Lapras|206/368\n|move|p2a: Lapras|Freeze-Dry|p1a: Phione\n|-supereffective|p1a: Phione\n|-damage|p1a: Phione|147/293\n|-status|p1a: Phione|frz\n|\n|-heal|p1a: Phione|165/293 frz|[from] item: Leftovers\n|upkeep\n|turn|5\n|\n|t:|1771230694\n|cant|p1a: Phione|frz\n|move|p2a: Lapras|Rest|p2a: Lapras\n|-status|p2a: Lapras|slp|[from] move: Rest\n|-heal|p2a: Lapras|368/368 slp|[silent]\n|\n|-heal|p1a: Phione|183/293 frz|[from] item: Leftovers\n|upkeep\n|turn|6\n|c|☆Mattattac|lol\n|\n|t:|1771230707\n|cant|p1a: Phione|frz\n|cant|p2a: Lapras|slp\n|move|p2a: Lapras|Sleep Talk|p2a: Lapras\n|move|p2a: Lapras|Sparkling Aria|p1a: Phione|[from] move: Sleep Talk\n|-resisted|p1a: Phione\n|-damage|p1a: Phione|136/293 frz\n|\n|-heal|p1a: Phione|154/293 frz|[from] item: Leftovers\n|upkeep\n|turn|7\n|\n|t:|1771230713\n|cant|p1a: Phione|frz\n|cant|p2a: Lapras|slp\n|move|p2a: Lapras|Sleep Talk|p2a: Lapras\n|move|p2a: Lapras|Sparkling Aria|p1a: Phione|[from] move: Sleep Talk\n|-resisted|p1a: Phione\n|-damage|p1a: Phione|106/293 frz\n|\n|-heal|p1a: Phione|124/293 frz|[from] item: Leftovers\n|upkeep\n|turn|8\n|\n|t:|1771230718\n|-curestatus|p1a: Phione|frz|[msg]\n|move|p1a: Phione|Take Heart|p1a: Phione\n|-boost|p1a: Phione|spa|1\n|-boost|p1a: Phione|spd|1\n|-curestatus|p2a: Lapras|slp|[msg]\n|move|p2a: Lapras|Sleep Talk||[still]\n|-fail|p2a: Lapras\n|\n|-heal|p1a: Phione|142/293|[from] item: Leftovers\n|upkeep\n|turn|9\n|c|☆Mattattac|bro I'm stupid lol\n|c|☆Mattattac|I stopped payin attention lmao\n|\n|t:|1771230738\n|move|p1a: Phione|Grass Knot|p2a: Lapras\n|-supereffective|p2a: Lapras\n|-damage|p2a: Lapras|126/368\n|move|p2a: Lapras|Freeze-Dry|p1a: Phione\n|-supereffective|p1a: Phione\n|-damage|p1a: Phione|46/293\n|\n|-heal|p1a: Phione|64/293|[from] item: Leftovers\n|upkeep\n|turn|10\n|\n|t:|1771230744\n|switch|p2a: Charizard|Charizard, L85, F|271/271\n|move|p1a: Phione|Grass Knot|p2a: Charizard\n|-resisted|p2a: Charizard\n|-damage|p2a: Charizard|249/271\n|\n|-heal|p1a: Phione|82/293|[from] item: Leftovers\n|upkeep\n|turn|11\n|\n|t:|1771230753\n|switch|p2a: Lapras|Lapras, L87, M|126/368\n|move|p1a: Phione|Scald|p2a: Lapras\n|-heal|p2a: Lapras|218/368|[from] ability: Water Absorb|[of] p1a: Phione\n|\n|-heal|p1a: Phione|100/293|[from] item: Leftovers\n|upkeep\n|turn|12\n|inactive|Mattattac has 120 seconds left.\n|\n|t:|1771230784\n|switch|p2a: Morpeko|Morpeko, L88, M|245/245\n|move|p1a: Phione|Grass Knot|p2a: Morpeko\n|-damage|p2a: Morpeko|215/245\n|\n|-heal|p2a: Morpeko|230/245|[from] item: Leftovers\n|-heal|p1a: Phione|118/293|[from] item: Leftovers\n|-formechange|p2a: Morpeko|Morpeko-Hangry||[from] ability: Hunger Switch\n|upkeep\n|turn|13\n|\n|t:|1771230790\n|move|p2a: Morpeko|Aura Wheel|p1a: Phione\n|-damage|p1a: Phione|0 fnt\n|-boost|p2a: Morpeko|spe|1\n|faint|p1a: Phione\n|\n|-heal|p2a: Morpeko|245/245|[from] item: Leftovers\n|-formechange|p2a: Morpeko|Morpeko||[from] ability: Hunger Switch\n|upkeep\n|\n|t:|1771230796\n|switch|p1a: Electivire|Electivire, L84, F|263/263\n|turn|14\n|\n|t:|1771230809\n|move|p2a: Morpeko|Protect|p2a: Morpeko\n|-singleturn|p2a: Morpeko|Protect\n|move|p1a: Electivire|Bulk Up|p1a: Electivire\n|-boost|p1a: Electivire|atk|1\n|-boost|p1a: Electivire|def|1\n|\n|-formechange|p2a: Morpeko|Morpeko-Hangry||[from] ability: Hunger Switch\n|upkeep\n|turn|15\n|\n|t:|1771230812\n|move|p2a: Morpeko|Knock Off|p1a: Electivire\n|-damage|p1a: Electivire|179/263\n|-enditem|p1a: Electivire|Life Orb|[from] move: Knock Off|[of] p2a: Morpeko\n|move|p1a: Electivire|Earthquake|p2a: Morpeko\n|-supereffective|p2a: Morpeko\n|-damage|p2a: Morpeko|0 fnt\n|faint|p2a: Morpeko\n|\n|upkeep\n|\n|t:|1771230820\n|switch|p2a: Charizard|Charizard, L85, F|249/271\n|turn|16\n|\n|t:|1771230827\n|-terastallize|p2a: Charizard|Dragon\n|move|p2a: Charizard|Swords Dance|p2a: Charizard\n|-boost|p2a: Charizard|atk|2\n|move|p1a: Electivire|Bulk Up|p1a: Electivire\n|-boost|p1a: Electivire|atk|1\n|-boost|p1a: Electivire|def|1\n|\n|upkeep\n|turn|17\n|c|☆Mattattac|welp\n|c|☆Mattattac|ggs lol\n|\n|t:|1771230850\n|-terastallize|p1a: Electivire|Flying\n|move|p2a: Charizard|Earthquake|p1a: Electivire\n|-immune|p1a: Electivire\n|move|p1a: Electivire|Ice Punch|p2a: Charizard\n|-supereffective|p2a: Charizard\n|-damage|p2a: Charizard|0 fnt\n|faint|p2a: Charizard\n|\n|upkeep\n|inactive|Mattattac has 120 seconds left.\n|\n|t:|1771230867\n|switch|p2a: Hoopa|Hoopa, L85|275/275\n|turn|18\n|\n|t:|1771230873\n|move|p1a: Electivire|Earthquake|p2a: Hoopa\n|-damage|p2a: Hoopa|68/275\n|move|p2a: Hoopa|Psychic|p1a: Electivire\n|-damage|p1a: Electivire|6/263\n|-unboost|p1a: Electivire|spd|1\n|-damage|p2a: Hoopa|41/275|[from] item: Life Orb\n|\n|upkeep\n|turn|19\n|\n|t:|1771230880\n|move|p1a: Electivire|Ice Punch|p2a: Hoopa\n|-damage|p2a: Hoopa|0 fnt\n|faint|p2a: Hoopa\n|\n|upkeep\n|\n|t:|1771230882\n|switch|p2a: Crawdaunt|Crawdaunt, L84, F|243/243\n|turn|20\n|\n|t:|1771230888\n|move|p2a: Crawdaunt|Aqua Jet|p1a: Electivire\n|-damage|p1a: Electivire|0 fnt\n|faint|p1a: Electivire\n|-damage|p2a: Crawdaunt|219/243|[from] item: Life Orb\n|\n|upkeep\n|\n|t:|1771230893\n|switch|p1a: Sawsbuck|Sawsbuck-Winter, L88, F|284/284\n|turn|21\n|\n|t:|1771230903\n|move|p1a: Sawsbuck|Swords Dance|p1a: Sawsbuck\n|-boost|p1a: Sawsbuck|atk|2\n|move|p2a: Crawdaunt|Dragon Dance|p2a: Crawdaunt\n|-boost|p2a: Crawdaunt|atk|1\n|-boost|p2a: Crawdaunt|spe|1\n|\n|upkeep\n|turn|22\n|\n|t:|1771230907\n|move|p1a: Sawsbuck|Horn Leech|p2a: Crawdaunt\n|-supereffective|p2a: Crawdaunt\n|-crit|p2a: Crawdaunt\n|-damage|p2a: Crawdaunt|0 fnt\n|faint|p2a: Crawdaunt\n|-damage|p1a: Sawsbuck|256/284|[from] item: Life Orb\n|\n|upkeep\n|\n|t:|1771230913\n|switch|p2a: Regidrago|Regidrago, L77|435/435\n|turn|23\n|\n|t:|1771230922\n|move|p1a: Sawsbuck|Headbutt|p2a: Regidrago\n|-damage|p2a: Regidrago|83/435\n|-damage|p1a: Sawsbuck|228/284|[from] item: Life Orb\n|move|p2a: Regidrago|Dragon Dance|p2a: Regidrago\n|-boost|p2a: Regidrago|atk|1\n|-boost|p2a: Regidrago|spe|1\n|\n|upkeep\n|turn|24\n|\n|t:|1771230929\n|move|p2a: Regidrago|Dragon Claw|p1a: Sawsbuck\n|-damage|p1a: Sawsbuck|0 fnt\n|faint|p1a: Sawsbuck\n|-damage|p2a: Regidrago|40/435|[from] item: Life Orb\n|\n|upkeep\n|\n|t:|1771230934\n|switch|p1a: Trevenant|Trevenant, L89, F|296/296\n|turn|25\n|\n|t:|1771230941\n|move|p2a: Regidrago|Dragon Claw|p1a: Trevenant\n|-damage|p1a: Trevenant|58/296\n|-enditem|p1a: Trevenant|Sitrus Berry|[eat]\n|-heal|p1a: Trevenant|132/296|[from] item: Sitrus Berry\n|-damage|p2a: Regidrago|0 fnt|[from] item: Life Orb\n|faint|p2a: Regidrago\n|move|p1a: Trevenant|Drain Punch|p2: Regidrago|[notarget]\n|-fail|p1a: Trevenant\n|\n|upkeep\n|\n|t:|1771230945\n|switch|p2a: Lapras|Lapras, L87, M|218/368\n|turn|26\n|\n|t:|1771230952\n|move|p1a: Trevenant|Protect|p1a: Trevenant\n|-singleturn|p1a: Trevenant|Protect\n|move|p2a: Lapras|Rest|p2a: Lapras\n|-status|p2a: Lapras|slp|[from] move: Rest\n|-heal|p2a: Lapras|368/368 slp|[silent]\n|\n|upkeep\n|turn|27\n|\n|t:|1771230958\n|cant|p2a: Lapras|slp\n|move|p2a: Lapras|Sleep Talk|p2a: Lapras\n|move|p2a: Lapras|Sparkling Aria|p1a: Trevenant|[from] move: Sleep Talk\n|-resisted|p1a: Trevenant\n|-damage|p1a: Trevenant|86/296\n|move|p1a: Trevenant|Drain Punch|p2a: Lapras\n|-supereffective|p2a: Lapras\n|-damage|p2a: Lapras|220/368 slp\n|-heal|p1a: Trevenant|160/296|[from] drain|[of] p2a: Lapras\n|\n|upkeep\n|turn|28\n|\n|t:|1771230962\n|cant|p2a: Lapras|slp\n|move|p2a: Lapras|Sleep Talk|p2a: Lapras\n|move|p2a: Lapras|Freeze-Dry|p1a: Trevenant|[from] move: Sleep Talk\n|-supereffective|p1a: Trevenant\n|-damage|p1a: Trevenant|20/296\n|move|p1a: Trevenant|Drain Punch|p2a: Lapras\n|-supereffective|p2a: Lapras\n|-damage|p2a: Lapras|74/368 slp\n|-heal|p1a: Trevenant|93/296|[from] drain|[of] p2a: Lapras\n|\n|upkeep\n|turn|29\n|\n|t:|1771230967\n|-curestatus|p2a: Lapras|slp|[msg]\n|move|p2a: Lapras|Rest|p2a: Lapras\n|-status|p2a: Lapras|slp|[from] move: Rest\n|-heal|p2a: Lapras|368/368 slp|[silent]\n|move|p1a: Trevenant|Drain Punch|p2a: Lapras\n|-supereffective|p2a: Lapras\n|-damage|p2a: Lapras|232/368 slp\n|-heal|p1a: Trevenant|161/296|[from] drain|[of] p2a: Lapras\n|\n|upkeep\n|turn|30\n|\n|t:|1771230970\n|cant|p2a: Lapras|slp\n|move|p2a: Lapras|Sleep Talk|p2a: Lapras\n|move|p2a: Lapras|Freeze-Dry|p1a: Trevenant|[from] move: Sleep Talk\n|-supereffective|p1a: Trevenant\n|-damage|p1a: Trevenant|23/296\n|move|p1a: Trevenant|Drain Punch|p2a: Lapras\n|-supereffective|p2a: Lapras\n|-damage|p2a: Lapras|108/368 slp\n|-heal|p1a: Trevenant|85/296|[from] drain|[of] p2a: Lapras\n|\n|upkeep\n|turn|31\n|\n|t:|1771230976\n|cant|p2a: Lapras|slp\n|move|p2a: Lapras|Sleep Talk|p2a: Lapras\n|move|p2a: Lapras|Sparkling Aria|p1a: Trevenant|[from] move: Sleep Talk\n|-resisted|p1a: Trevenant\n|-damage|p1a: Trevenant|38/296\n|move|p1a: Trevenant|Drain Punch|p2a: Lapras\n|-supereffective|p2a: Lapras\n|-damage|p2a: Lapras|0 fnt\n|-heal|p1a: Trevenant|92/296|[from] drain|[of] p2a: Lapras\n|faint|p2a: Lapras\n|\n|win|CD370\n|raw|CD370's rating: 1569 &rarr; <strong>1589</strong><br />(+20 for winning)\n|raw|Mattattac's rating: 1570 &rarr; <strong>1550</strong><br />(-20 for losing)\n|l|☆CD370\n|player|p1|\n", "inputlog": ">version 686819e5e19f8a7fd2345cfc5a08a5085efa2cc3\n>start {\"formatid\":\"gen9randombattle\",\"seed\":\"sodium,0f855ef70999c8583391c05b2fbdb49f\",\"rated\":\"Rated battle\"}\n>player p1 {\"name\":\"CD370\",\"avatar\":\"169\",\"rating\":1569,\"seed\":\"sodium,b584a26349f2992f09a36cd4209f584f\"}\n>player p2 {\"name\":\"Mattattac\",\"avatar\":\"169\",\"rating\":1570,\"seed\":\"sodium,ac927f72aaadac0b095b94dbbde395a9\"}\n>p1 switch 6\n>p2 move swordsdance\n>p1 move stoneedge\n>p2 move earthquake\n>p1 switch 4\n>p1 move scald\n>p2 switch 5\n>p1 move grassknot\n>p2 move freezedry\n>p1 move takeheart\n>p2 move rest\n>chat ☆Mattattac|lol \n>p1 move takeheart\n>p2 move sleeptalk\n>p1 move takeheart\n>p2 move sleeptalk\n>p1 move takeheart\n>p2 move sleeptalk\n>chat ☆Mattattac|bro I'm stupid lol\n>chat ☆Mattattac|I stopped payin attention lmao \n>p1 move grassknot\n>p2 move freezedry\n>p1 move grassknot\n>p2 switch 5\n>p1 move scald\n>p2 switch 5\n>p1 move grassknot\n>p2 switch 4\n>p1 move scald\n>p2 move aurawheel\n>p1 switch 5\n>p1 move bulkup\n>p2 move protect\n>p1 move earthquake\n>p2 move knockoff\n>p2 switch 5\n>p1 move bulkup\n>p2 move swordsdance terastallize\n>chat ☆Mattattac|welp\n>chat ☆Mattattac|ggs lol \n>p1 move icepunch terastallize\n>p2 move earthquake\n>p2 switch 6\n>p1 move earthquake\n>p2 move psychic\n>p1 move icepunch\n>p2 move psychic\n>p2 switch 3\n>p1 move supercellslam\n>p2 move aquajet\n>p1 switch 6\n>p1 move swordsdance\n>p2 move dragondance\n>p1 move hornleech\n>p2 move knockoff\n>p2 switch 2\n>p1 move headbutt\n>p2 move dragondance\n>p1 move hornleech\n>p2 move dragonclaw\n>p1 switch 3\n>p1 move drainpunch\n>p2 move dragonclaw\n>p2 switch 4\n>p1 move protect\n>p2 move rest\n>p1 move drainpunch\n>p2 move sleeptalk\n>p1 move drainpunch\n>p2 move sleeptalk\n>p1 move drainpunch\n>p2 move rest\n>p1 move drainpunch\n>p2 move sleeptalk\n>p1 move drainpunch\n>p2 move sleeptalk", "uploadtime": 1771230982, "views": 16, "formatid": "gen9randombattle", "rating": 1550, "private": 0, "password": null}