{"id": "gen9randombattle-2540253787", "format": "[Gen 9] Random Battle", "players": ["Cubielubie", "Commandlist"], "log": "|j|☆Cubielubie\n|j|☆Commandlist\n|t:|1771181112\n|gametype|singles\n|player|p1|Cubielubie|170|1813\n|player|p2|Commandlist|2|1761\n|gen|9\n|tier|[Gen 9] Random Battle\n|rated|\n|rule|Species Clause: Limit one of each Pokémon\n|rule|HP Percentage Mod: HP is shown in percentages\n|rule|Sleep Clause Mod: Limit one foe put to sleep\n|rule|Illusion Level Mod: Illusion disguises the Pokémon's true level\n|\n|t:|1771181112\n|teamsize|p1|6\n|teamsize|p2|6\n|start\n|switch|p1a: Regieleki|Regieleki, L79|256/256\n|switch|p2a: Breloom|Breloom, L83, F|235/235\n|turn|1\n|inactive|Battle timer is ON: inactive players will automatically lose when time's up. (requested by Commandlist)\n|\n|t:|1771181133\n|move|p1a: Regieleki|Volt Switch|p2a: Breloom\n|-resisted|p2a: Breloom\n|-damage|p2a: Breloom|160/235\n|\n|t:|1771181143\n|switch|p1a: Toedscruel|Toedscruel, L87, F|281/281|[from] Volt Switch\n|move|p2a: Breloom|Spore|p1a: Toedscruel\n|-immune|p1a: Toedscruel\n|\n|upkeep\n|turn|2\n|\n|t:|1771181169\n|switch|p2a: Orthworm|Orthworm, L88, M|266/266\n|move|p1a: Toedscruel|Earth Power|p2a: Orthworm\n|-immune|p2a: Orthworm|[from] ability: Earth Eater\n|\n|upkeep\n|turn|3\n|\n|t:|1771181182\n|switch|p1a: Lunala|Lunala, L70|308/308\n|move|p2a: Orthworm|Stealth Rock|p1a: Lunala\n|-sidestart|p1: Cubielubie|move: Stealth Rock\n|\n|upkeep\n|turn|4\n|\n|t:|1771181194\n|switch|p2a: Hoopa|Hoopa, L85|275/275\n|move|p1a: Lunala|Calm Mind|p1a: Lunala\n|-boost|p1a: Lunala|spa|1\n|-boost|p1a: Lunala|spd|1\n|\n|upkeep\n|turn|5\n|\n|t:|1771181205\n|move|p2a: Hoopa|Trick|p1a: Lunala\n|-activate|p2a: Hoopa|move: Trick|[of] p1a: Lunala\n|-item|p1a: Lunala|Choice Scarf|[from] move: Trick\n|-item|p2a: Hoopa|Leftovers|[from] move: Trick\n|move|p1a: Lunala|Moongeist Beam|p2a: Hoopa\n|-supereffective|p2a: Hoopa\n|-damage|p2a: Hoopa|0 fnt\n|faint|p2a: Hoopa\n|\n|upkeep\n|inactive|Commandlist has 120 seconds left.\n|\n|t:|1771181222\n|switch|p2a: Hydreigon|Hydreigon, L79, F|275/275\n|turn|6\n|inactive|Commandlist has 120 seconds left.\n|\n|t:|1771181236\n|switch|p1a: Toedscruel|Toedscruel, L87, F|281/281\n|-damage|p1a: Toedscruel|264/281|[from] Stealth Rock\n|move|p2a: Hydreigon|U-turn|p1a: Toedscruel\n|-supereffective|p1a: Toedscruel\n|-damage|p1a: Toedscruel|156/281\n|inactive|Commandlist has 120 seconds left.\n|\n|t:|1771181247\n|switch|p2a: Orthworm|Orthworm, L88, M|266/266|[from] U-turn\n|\n|-heal|p1a: Toedscruel|173/281|[from] item: Leftovers\n|upkeep\n|turn|7\n|inactive|Commandlist has 120 seconds left.\n|\n|t:|1771181254\n|move|p2a: Orthworm|Spikes|p1a: Toedscruel\n|-sidestart|p1: Cubielubie|Spikes\n|move|p1a: Toedscruel|Spore|p2a: Orthworm\n|-status|p2a: Orthworm|slp|[from] move: Spore\n|\n|-heal|p1a: Toedscruel|190/281|[from] item: Leftovers\n|upkeep\n|turn|8\n|\n|t:|1771181262\n|switch|p1a: Regieleki|Regieleki, L79|256/256\n|-damage|p1a: Regieleki|224/256|[from] Stealth Rock\n|-damage|p1a: Regieleki|192/256|[from] Spikes\n|cant|p2a: Orthworm|slp\n|\n|upkeep\n|turn|9\n|\n|t:|1771181275\n|move|p1a: Regieleki|Rapid Spin|p2a: Orthworm\n|-resisted|p2a: Orthworm\n|-damage|p2a: Orthworm|255/266 slp\n|-boost|p1a: Regieleki|spe|1\n|-sideend|p1: Cubielubie|Spikes|[from] move: Rapid Spin|[of] p1a: Regieleki\n|-sideend|p1: Cubielubie|Stealth Rock|[from] move: Rapid Spin|[of] p1a: Regieleki\n|cant|p2a: Orthworm|slp\n|\n|-heal|p2a: Orthworm|266/266 slp|[from] item: Leftovers\n|upkeep\n|turn|10\n|\n|t:|1771181281\n|move|p1a: Regieleki|Volt Switch|p2a: Orthworm\n|-damage|p2a: Orthworm|122/266 slp\n|\n|t:|1771181288\n|switch|p1a: Lunala|Lunala, L70|308/308|[from] Volt Switch\n|cant|p2a: Orthworm|slp\n|\n|-heal|p2a: Orthworm|138/266 slp|[from] item: Leftovers\n|upkeep\n|turn|11\n|\n|t:|1771181296\n|switch|p2a: Hydreigon|Hydreigon, L79, F|275/275\n|move|p1a: Lunala|Moongeist Beam|p2a: Hydreigon\n|-resisted|p2a: Hydreigon\n|-damage|p2a: Hydreigon|224/275\n|\n|upkeep\n|turn|12\n|\n|t:|1771181317\n|switch|p1a: Toedscruel|Toedscruel, L87, F|190/281\n|move|p2a: Hydreigon|Fire Blast|p1a: Toedscruel\n|-supereffective|p1a: Toedscruel\n|-damage|p1a: Toedscruel|8/281\n|\n|-heal|p1a: Toedscruel|25/281|[from] item: Leftovers\n|upkeep\n|turn|13\n|\n|t:|1771181328\n|switch|p2a: Orthworm|Orthworm, L88, M|138/266 slp\n|move|p1a: Toedscruel|Leaf Storm|p2a: Orthworm\n|-resisted|p2a: Orthworm\n|-damage|p2a: Orthworm|57/266 slp\n|-unboost|p1a: Toedscruel|spa|2\n|\n|-heal|p1a: Toedscruel|42/281|[from] item: Leftovers\n|-heal|p2a: Orthworm|73/266 slp|[from] item: Leftovers\n|upkeep\n|turn|14\n|inactive|Commandlist has 120 seconds left.\n|\n|t:|1771181361\n|move|p1a: Toedscruel|Knock Off|p2a: Orthworm\n|-damage|p2a: Orthworm|34/266 slp\n|-enditem|p2a: Orthworm|Leftovers|[from] move: Knock Off|[of] p1a: Toedscruel\n|-curestatus|p2a: Orthworm|slp|[msg]\n|move|p2a: Orthworm|Body Press|p1a: Toedscruel\n|-damage|p1a: Toedscruel|0 fnt\n|faint|p1a: Toedscruel\n|\n|upkeep\n|\n|t:|1771181377\n|switch|p1a: Regieleki|Regieleki, L79|192/256\n|turn|15\n|inactive|Commandlist has 120 seconds left.\n|\n|t:|1771181389\n|move|p1a: Regieleki|Volt Switch|p2a: Orthworm\n|-damage|p2a: Orthworm|0 fnt\n|faint|p2a: Orthworm\n|\n|t:|1771181402\n|switch|p1a: Leafeon|Leafeon, L88, F|258/258|[from] Volt Switch\n|\n|upkeep\n|inactive|Commandlist has 120 seconds left.\n|\n|t:|1771181414\n|switch|p2a: Hydreigon|Hydreigon, L79, F|224/275\n|turn|16\n|inactive|Commandlist has 120 seconds left.\n|\n|t:|1771181422\n|switch|p1a: Lunala|Lunala, L70|308/308\n|move|p2a: Hydreigon|Fire Blast|p1a: Lunala\n|-damage|p1a: Lunala|247/308\n|\n|upkeep\n|turn|17\n|inactive|Commandlist has 120 seconds left.\n|\n|t:|1771181446\n|move|p1a: Lunala|Moongeist Beam|p2a: Hydreigon\n|-resisted|p2a: Hydreigon\n|-damage|p2a: Hydreigon|168/275\n|move|p2a: Hydreigon|Fire Blast|p1a: Lunala|[miss]\n|-miss|p2a: Hydreigon|p1a: Lunala\n|\n|upkeep\n|turn|18\n|\n|t:|1771181465\n|switch|p2a: Okidogi|Okidogi, L77, M|262/262\n|move|p1a: Lunala|Moongeist Beam|p2a: Okidogi\n|-damage|p2a: Okidogi|148/262\n|\n|-heal|p2a: Okidogi|164/262|[from] item: Leftovers\n|upkeep\n|turn|19\n|\n|t:|1771181473\n|move|p1a: Lunala|Moongeist Beam|p2a: Okidogi\n|-damage|p2a: Okidogi|52/262\n|move|p2a: Okidogi|Knock Off|p1a: Lunala\n|-supereffective|p1a: Lunala\n|-damage|p1a: Lunala|0 fnt\n|-enditem|p1a: Lunala|Choice Scarf|[from] move: Knock Off|[of] p2a: Okidogi\n|faint|p1a: Lunala\n|\n|-heal|p2a: Okidogi|68/262|[from] item: Leftovers\n|upkeep\n|\n|t:|1771181485\n|switch|p1a: Regieleki|Regieleki, L79|192/256\n|turn|20\n|inactive|Commandlist has 120 seconds left.\n|\n|t:|1771181491\n|move|p1a: Regieleki|Volt Switch|p2a: Okidogi\n|-damage|p2a: Okidogi|0 fnt\n|faint|p2a: Okidogi\n|\n|t:|1771181494\n|switch|p1a: Leafeon|Leafeon, L88, F|258/258|[from] Volt Switch\n|\n|upkeep\n|inactive|Commandlist has 120 seconds left.\n|\n|t:|1771181505\n|switch|p2a: Hydreigon|Hydreigon, L79, F|168/275\n|turn|21\n|\n|t:|1771181513\n|move|p1a: Leafeon|Double-Edge|p2a: Hydreigon\n|-damage|p2a: Hydreigon|22/275\n|-damage|p1a: Leafeon|210/258|[from] Recoil\n|-damage|p1a: Leafeon|185/258|[from] item: Life Orb\n|move|p2a: Hydreigon|Fire Blast|p1a: Leafeon\n|-supereffective|p1a: Leafeon\n|-damage|p1a: Leafeon|0 fnt\n|faint|p1a: Leafeon\n|\n|upkeep\n|\n|t:|1771181527\n|switch|p1a: Regieleki|Regieleki, L79|192/256\n|turn|22\n|\n|t:|1771181534\n|move|p1a: Regieleki|Thunderbolt|p2a: Hydreigon\n|-resisted|p2a: Hydreigon\n|-damage|p2a: Hydreigon|0 fnt\n|faint|p2a: Hydreigon\n|\n|upkeep\n|\n|t:|1771181541\n|switch|p2a: Tinkaton|Tinkaton, L82, F|274/274\n|-ability|p2a: Tinkaton|Mold Breaker\n|turn|23\n|\n|t:|1771181547\n|move|p1a: Regieleki|Volt Switch|p2a: Tinkaton\n|-damage|p2a: Tinkaton|184/274\n|\n|t:|1771181550\n|switch|p1a: Persian|Persian, L92, M|269/269|[from] Volt Switch\n|move|p2a: Tinkaton|Swords Dance|p2a: Tinkaton\n|-boost|p2a: Tinkaton|atk|2\n|\n|-heal|p2a: Tinkaton|201/274|[from] item: Leftovers\n|upkeep\n|turn|24\n|\n|t:|1771181571\n|move|p2a: Tinkaton|Protect|p2a: Tinkaton\n|-singleturn|p2a: Tinkaton|Protect\n|move|p1a: Persian|Switcheroo|p2a: Tinkaton\n|-activate|p2a: Tinkaton|move: Protect\n|\n|-heal|p2a: Tinkaton|218/274|[from] item: Leftovers\n|upkeep\n|turn|25\n|\n|t:|1771181599\n|move|p1a: Persian|Switcheroo|p2a: Tinkaton\n|-activate|p1a: Persian|move: Trick|[of] p2a: Tinkaton\n|-item|p2a: Tinkaton|Choice Band|[from] move: Switcheroo\n|-item|p1a: Persian|Leftovers|[from] move: Switcheroo\n|move|p2a: Tinkaton|Play Rough|p1a: Persian\n|-damage|p1a: Persian|0 fnt\n|faint|p1a: Persian\n|\n|upkeep\n|\n|t:|1771181607\n|switch|p1a: Regieleki|Regieleki, L79|192/256\n|turn|26\n|\n|t:|1771181617\n|move|p1a: Regieleki|Thunderbolt|p2a: Tinkaton\n|-damage|p2a: Tinkaton|101/274\n|move|p2a: Tinkaton|Play Rough|p1a: Regieleki\n|-damage|p1a: Regieleki|0 fnt\n|faint|p1a: Regieleki\n|\n|upkeep\n|\n|t:|1771181623\n|switch|p1a: Mesprit|Mesprit, L85|275/275\n|turn|27\n|\n|t:|1771181634\n|move|p2a: Tinkaton|Play Rough|p1a: Mesprit\n|-damage|p1a: Mesprit|82/275\n|move|p1a: Mesprit|Psychic|p2a: Tinkaton\n|-resisted|p2a: Tinkaton\n|-damage|p2a: Tinkaton|35/274\n|\n|upkeep\n|turn|28\n|\n|t:|1771181645\n|move|p2a: Tinkaton|Play Rough|p1a: Mesprit\n|-damage|p1a: Mesprit|0 fnt\n|faint|p1a: Mesprit\n|\n|win|Commandlist\n|raw|Cubielubie's rating: 1813 &rarr; <strong>1790</strong><br />(-23 for losing)\n|raw|Commandlist's rating: 1761 &rarr; <strong>1784</strong><br />(+23 for winning)\n", "inputlog": ">version 686819e5e19f8a7fd2345cfc5a08a5085efa2cc3\n>start {\"formatid\":\"gen9randombattle\",\"seed\":\"sodium,228996011addba540c250df13f33c35a\",\"rated\":\"Rated battle\"}\n>player p1 {\"name\":\"Cubielubie\",\"avatar\":\"170\",\"rating\":1813,\"seed\":\"sodium,e92cbb90fe4c91b1062241003f962e3f\"}\n>player p2 {\"name\":\"Commandlist\",\"avatar\":\"2\",\"rating\":1761,\"seed\":\"sodium,267886609b80fb1cda4abd74434c3a66\"}\n>p1 move voltswitch\n>p2 move spore\n>p1 switch 5\n>p1 move earthpower\n>p2 switch 5\n>p1 switch 4\n>p2 move stealthrock\n>p1 move calmmind\n>p2 switch 6\n>p1 move moongeistbeam\n>p2 move trick\n>p2 switch 3\n>p1 switch 4\n>p2 move uturn\n>p2 switch 6\n>p1 move spore\n>p2 move spikes\n>p1 switch 5\n>p2 move spikes\n>p1 move rapidspin\n>p2 move stealthrock\n>p1 move voltswitch\n>p2 move stealthrock\n>p1 switch 4\n>p1 move moongeistbeam\n>p2 switch 6\n>p1 switch 5\n>p2 move fireblast\n>p1 move leafstorm\n>p2 switch 6\n>p1 move knockoff\n>p2 move bodypress\n>p1 switch 4\n>p1 move voltswitch\n>p2 move stealthrock\n>p1 switch 2\n>p2 switch 6\n>p1 switch 5\n>p2 move fireblast\n>p1 move moongeistbeam\n>p2 move fireblast\n>p1 move moongeistbeam\n>p2 switch 2\n>p1 move moongeistbeam\n>p2 move knockoff\n>p1 switch 2\n>p1 move voltswitch\n>p2 move knockoff\n>p1 switch 5\n>p2 switch 2\n>p1 move doubleedge\n>p2 move fireblast\n>p1 switch 5\n>p1 move thunderbolt\n>p2 move fireblast\n>p2 switch 4\n>p1 move voltswitch\n>p2 move swordsdance\n>p1 switch 3\n>p1 move switcheroo\n>p2 move protect\n>p1 move switcheroo\n>p2 move playrough\n>p1 switch 3\n>p1 move thunderbolt\n>p2 move playrough\n>p1 switch 6\n>p1 move psychic\n>p2 move playrough\n>p1 move psychic\n>p2 move playrough", "uploadtime": 1771181656, "views": 9, "formatid": "gen9randombattle", "rating": 1784, "private": 0, "password": null}