{"id": "gen9randombattle-2540524382", "format": "[Gen 9] Random Battle", "players": ["suluxz", "asdfffg"], "log": "|j|‽suluxz\n|j|‽asdfffg\n|t:|1771212943\n|gametype|singles\n|player|p1|suluxz|acetrainerf|1579\n|player|p2|asdfffg|169|1582\n|gen|9\n|tier|[Gen 9] Random Battle\n|rated|\n|rule|Species Clause: Limit one of each Pokémon\n|rule|HP Percentage Mod: HP is shown in percentages\n|rule|Sleep Clause Mod: Limit one foe put to sleep\n|rule|Illusion Level Mod: Illusion disguises the Pokémon's true level\n|\n|t:|1771212943\n|teamsize|p1|6\n|teamsize|p2|6\n|start\n|switch|p1a: Ting-Lu|Ting-Lu, L78|370/370\n|switch|p2a: Samurott|Samurott, L88, M|310/310\n|-ability|p1a: Ting-Lu|Vessel of Ruin\n|turn|1\n|\n|t:|1771212955\n|switch|p1a: Virizion|Virizion, L82|283/283\n|move|p2a: Samurott|Liquidation|p1a: Virizion\n|-resisted|p1a: Virizion\n|-damage|p1a: Virizion|205/283\n|-damage|p2a: Samurott|279/310|[from] item: Life Orb\n|\n|upkeep\n|turn|2\n|\n|t:|1771212963\n|switch|p2a: Moltres|Moltres, L81|278/278\n|move|p1a: Virizion|Swords Dance|p1a: Virizion\n|-boost|p1a: Virizion|atk|2\n|\n|upkeep\n|turn|3\n|\n|t:|1771212967\n|move|p1a: Virizion|Stone Edge|p2a: Moltres\n|-supereffective|p2a: Moltres\n|-damage|p2a: Moltres|0 fnt\n|faint|p2a: Moltres\n|-damage|p1a: Virizion|177/283|[from] item: Life Orb\n|\n|upkeep\n|\n|t:|1771212969\n|switch|p2a: Weavile|Weavile, L79, F|240/240\n|turn|4\n|\n|t:|1771212978\n|switch|p2a: Sneasler|Sneasler, L74, F|240/240\n|switch|p1a: Golduck|Golduck, L90, M|290/290\n|-ability|p1a: Golduck|Cloud Nine\n|\n|upkeep\n|turn|5\n|\n|t:|1771212983\n|move|p2a: Sneasler|Swords Dance|p2a: Sneasler\n|-boost|p2a: Sneasler|atk|2\n|move|p1a: Golduck|Hydro Pump|p2a: Sneasler|[miss]\n|-miss|p1a: Golduck|p2a: Sneasler\n|\n|upkeep\n|turn|6\n|\n|t:|1771212985\n|move|p2a: Sneasler|Close Combat|p1a: Golduck\n|-damage|p1a: Golduck|40/290\n|-unboost|p2a: Sneasler|def|1\n|-unboost|p2a: Sneasler|spd|1\n|-enditem|p2a: Sneasler|White Herb\n|-clearnegativeboost|p2a: Sneasler|[silent]\n|move|p1a: Golduck|Hydro Pump|p2a: Sneasler|[miss]\n|-miss|p1a: Golduck|p2a: Sneasler\n|\n|-heal|p1a: Golduck|58/290|[from] item: Leftovers\n|upkeep\n|turn|7\n|\n|t:|1771212989\n|move|p2a: Sneasler|Close Combat|p1a: Golduck\n|-damage|p1a: Golduck|0 fnt\n|-unboost|p2a: Sneasler|def|1\n|-unboost|p2a: Sneasler|spd|1\n|faint|p1a: Golduck\n|\n|upkeep\n|\n|t:|1771213008\n|switch|p1a: Ting-Lu|Ting-Lu, L78|370/370\n|-ability|p1a: Ting-Lu|Vessel of Ruin\n|turn|8\n|\n|t:|1771213011\n|-terastallize|p1a: Ting-Lu|Ghost\n|move|p2a: Sneasler|Close Combat|p1a: Ting-Lu\n|-immune|p1a: Ting-Lu\n|move|p1a: Ting-Lu|Whirlwind|p2a: Sneasler\n|drag|p2a: Weavile|Weavile, L79, F|240/240\n|\n|upkeep\n|turn|9\n|\n|t:|1771213019\n|switch|p1a: Virizion|Virizion, L82|177/283\n|move|p2a: Weavile|Knock Off|p1a: Virizion\n|-resisted|p1a: Virizion\n|-damage|p1a: Virizion|114/283\n|-ability|p1a: Virizion|Justified|boost\n|-boost|p1a: Virizion|atk|1\n|-enditem|p1a: Virizion|Life Orb|[from] move: Knock Off|[of] p2a: Weavile\n|\n|upkeep\n|turn|10\n|\n|t:|1771213036\n|move|p2a: Weavile|Triple Axel|p1a: Virizion\n|-supereffective|p1a: Virizion\n|-damage|p1a: Virizion|58/283\n|-supereffective|p1a: Virizion\n|-damage|p1a: Virizion|0 fnt\n|faint|p1a: Virizion\n|-hitcount|p1: Virizion|2\n|\n|upkeep\n|\n|t:|1771213039\n|switch|p1a: Mimikyu|Mimikyu, L79, F|216/216\n|turn|11\n|\n|t:|1771213049\n|switch|p2a: Toedscruel|Toedscruel, L87, F|281/281\n|move|p1a: Mimikyu|Play Rough|p2a: Toedscruel\n|-damage|p2a: Toedscruel|164/281\n|-unboost|p2a: Toedscruel|atk|1\n|-damage|p1a: Mimikyu|195/216|[from] item: Life Orb\n|\n|upkeep\n|turn|12\n|\n|t:|1771213058\n|move|p2a: Toedscruel|Giga Drain|p1a: Mimikyu\n|-activate|p1a: Mimikyu|ability: Disguise\n|-damage|p1a: Mimikyu|195/216\n|detailschange|p1a: Mimikyu|Mimikyu-Busted, L79, F\n|-damage|p1a: Mimikyu|168/216|[from] pokemon: Mimikyu-Busted\n|move|p1a: Mimikyu|Play Rough|p2a: Toedscruel\n|-damage|p2a: Toedscruel|28/281\n|-damage|p1a: Mimikyu|147/216|[from] item: Life Orb\n|\n|upkeep\n|turn|13\n|\n|t:|1771213062\n|move|p1a: Mimikyu|Shadow Sneak|p2a: Toedscruel\n|-damage|p2a: Toedscruel|0 fnt\n|faint|p2a: Toedscruel\n|-damage|p1a: Mimikyu|126/216|[from] item: Life Orb\n|\n|upkeep\n|\n|t:|1771213066\n|switch|p2a: Clawitzer|Clawitzer, L87, F|265/265\n|turn|14\n|\n|t:|1771213073\n|switch|p1a: Ampharos|Ampharos, L88, F|302/302\n|move|p2a: Clawitzer|Water Pulse|p1a: Ampharos\n|-damage|p1a: Ampharos|127/302\n|-start|p1a: Ampharos|confusion\n|\n|upkeep\n|turn|15\n|\n|t:|1771213075\n|move|p2a: Clawitzer|Water Pulse|p1a: Ampharos\n|-damage|p1a: Ampharos|0 fnt\n|faint|p1a: Ampharos\n|\n|upkeep\n|\n|t:|1771213086\n|switch|p1a: Ting-Lu|Ting-Lu, L78, tera:Ghost|370/370\n|-ability|p1a: Ting-Lu|Vessel of Ruin\n|turn|16\n|\n|t:|1771213094\n|switch|p2a: Samurott|Samurott, L88, M|279/310\n|move|p1a: Ting-Lu|Stealth Rock|p2a: Samurott\n|-sidestart|p2: asdfffg|move: Stealth Rock\n|\n|upkeep\n|turn|17\n|\n|t:|1771213099\n|move|p2a: Samurott|Knock Off|p1a: Ting-Lu\n|-supereffective|p1a: Ting-Lu\n|-damage|p1a: Ting-Lu|209/370\n|-enditem|p1a: Ting-Lu|Leftovers|[from] move: Knock Off|[of] p2a: Samurott\n|-damage|p2a: Samurott|248/310|[from] item: Life Orb\n|move|p1a: Ting-Lu|Throat Chop|p2a: Samurott\n|-damage|p2a: Samurott|163/310\n|-start|p2a: Samurott|Throat Chop|[silent]\n|\n|upkeep\n|turn|18\n|\n|t:|1771213103\n|move|p2a: Samurott|Liquidation|p1a: Ting-Lu\n|-damage|p1a: Ting-Lu|100/370\n|-unboost|p1a: Ting-Lu|def|1\n|-damage|p2a: Samurott|132/310|[from] item: Life Orb\n|move|p1a: Ting-Lu|Earthquake|p2a: Samurott\n|-damage|p2a: Samurott|39/310\n|\n|-end|p2a: Samurott|Throat Chop|[silent]\n|upkeep\n|turn|19\n|\n|t:|1771213108\n|move|p2a: Samurott|Liquidation|p1a: Ting-Lu\n|-crit|p1a: Ting-Lu\n|-damage|p1a: Ting-Lu|0 fnt\n|faint|p1a: Ting-Lu\n|-damage|p2a: Samurott|8/310|[from] item: Life Orb\n|\n|upkeep\n|\n|t:|1771213112\n|switch|p1a: Porygon-Z|Porygon-Z, L83|277/277\n|turn|20\n|inactive|Battle timer is ON: inactive players will automatically lose when time's up. (requested by suluxz)\n|\n|t:|1771213138\n|move|p1a: Porygon-Z|Agility|p1a: Porygon-Z\n|-boost|p1a: Porygon-Z|spe|2\n|move|p2a: Samurott|Knock Off|p1a: Porygon-Z\n|-damage|p1a: Porygon-Z|163/277\n|-enditem|p1a: Porygon-Z|Life Orb|[from] move: Knock Off|[of] p2a: Samurott\n|-damage|p2a: Samurott|0 fnt|[from] item: Life Orb\n|faint|p2a: Samurott\n|\n|upkeep\n|\n|t:|1771213148\n|switch|p2a: Sneasler|Sneasler, L74, F|240/240\n|-damage|p2a: Sneasler|225/240|[from] Stealth Rock\n|turn|21\n|\n|t:|1771213152\n|move|p1a: Porygon-Z|Tera Blast|p2a: Sneasler\n|-damage|p2a: Sneasler|55/240\n|move|p2a: Sneasler|Close Combat|p1a: Porygon-Z\n|-supereffective|p1a: Porygon-Z\n|-damage|p1a: Porygon-Z|0 fnt\n|-unboost|p2a: Sneasler|def|1\n|-unboost|p2a: Sneasler|spd|1\n|faint|p1a: Porygon-Z\n|\n|upkeep\n|\n|t:|1771213155\n|switch|p1a: Mimikyu|Mimikyu-Busted, L79, F|126/216\n|turn|22\n|\n|t:|1771213157\n|move|p1a: Mimikyu|Shadow Sneak|p2a: Sneasler\n|-damage|p2a: Sneasler|0 fnt\n|faint|p2a: Sneasler\n|-damage|p1a: Mimikyu|105/216|[from] item: Life Orb\n|\n|upkeep\n|\n|t:|1771213160\n|switch|p2a: Clawitzer|Clawitzer, L87, F|265/265\n|-damage|p2a: Clawitzer|232/265|[from] Stealth Rock\n|turn|23\n|\n|t:|1771213162\n|move|p1a: Mimikyu|Play Rough|p2a: Clawitzer\n|-damage|p2a: Clawitzer|137/265\n|-damage|p1a: Mimikyu|84/216|[from] item: Life Orb\n|move|p2a: Clawitzer|Water Pulse|p1a: Mimikyu\n|-damage|p1a: Mimikyu|0 fnt\n|faint|p1a: Mimikyu\n|\n|win|asdfffg\n|raw|suluxz's rating: 1579 &rarr; <strong>1559</strong><br />(-20 for losing)\n|raw|asdfffg's rating: 1582 &rarr; <strong>1602</strong><br />(+20 for winning)\n|l|‽suluxz\n|player|p1|\n", "inputlog": ">version 686819e5e19f8a7fd2345cfc5a08a5085efa2cc3\n>start {\"formatid\":\"gen9randombattle\",\"seed\":\"sodium,c2d808c3b1046a3f421741df47ff35f2\",\"rated\":\"Rated battle\"}\n>player p1 {\"name\":\"suluxz\",\"avatar\":\"acetrainerf\",\"rating\":1579,\"seed\":\"sodium,bdeba29bba14979a37e0a6b4bcf831e2\"}\n>player p2 {\"name\":\"asdfffg\",\"avatar\":\"169\",\"rating\":1582,\"seed\":\"sodium,07e9d55ebd95fc595374de6392764a3b\"}\n>p1 switch 4\n>p2 move liquidation\n>p1 move swordsdance\n>p2 switch 3\n>p1 move stoneedge\n>p2 move bravebird\n>p2 switch 2\n>p1 switch 2\n>p2 switch 4\n>p1 move hydropump\n>p2 move swordsdance\n>p1 move hydropump\n>p2 move closecombat\n>p1 move hydropump\n>p2 move closecombat\n>p1 switch 4\n>p1 move whirlwind terastallize\n>p2 move closecombat\n>p1 switch 2\n>p2 move knockoff\n>p1 move closecombat\n>p2 move tripleaxel\n>p1 switch 6\n>p1 move playrough\n>p2 switch 6\n>p1 move playrough\n>p2 move gigadrain\n>p1 move shadowsneak\n>p2 move gigadrain\n>p2 switch 5\n>p1 switch 3\n>p2 move waterpulse\n>p1 move thunderbolt\n>p2 move waterpulse\n>p1 switch 2\n>p1 move stealthrock\n>p2 switch 3\n>p1 move throatchop\n>p2 move knockoff\n>p1 move earthquake\n>p2 move liquidation\n>p1 move throatchop\n>p2 move liquidation\n>p1 switch 5\n>p1 move agility\n>p2 move knockoff\n>p2 switch 4\n>p1 move terablast\n>p2 move closecombat\n>p1 switch 3\n>p1 move shadowsneak\n>p2 move acrobatics\n>p2 switch 3\n>p1 move playrough\n>p2 move waterpulse", "uploadtime": 1771213179, "views": 10, "formatid": "gen9randombattle", "rating": 1559, "private": 0, "password": null}