{"id": "gen9randombattle-2540097260", "format": "[Gen 9] Random Battle", "players": ["broutux", "Tigre Tigre"], "log": "|j|☆broutux\n|j|☆Tigre Tigre\n|t:|1771161307\n|gametype|singles\n|player|p1|broutux|blaine|1595\n|player|p2|Tigre Tigre|policeman-gen4|1550\n|gen|9\n|tier|[Gen 9] Random Battle\n|rated|\n|rule|Species Clause: Limit one of each Pokémon\n|rule|HP Percentage Mod: HP is shown in percentages\n|rule|Sleep Clause Mod: Limit one foe put to sleep\n|rule|Illusion Level Mod: Illusion disguises the Pokémon's true level\n|\n|t:|1771161307\n|teamsize|p1|6\n|teamsize|p2|6\n|start\n|switch|p1a: Gardevoir|Gardevoir, L83, M|249/249\n|switch|p2a: Bellibolt|Bellibolt, L84, M|320/320\n|-ability|p1a: Gardevoir|Electromorphosis|Trace|[from] ability: Trace|[of] p2a: Bellibolt\n|turn|1\n|inactive|Battle timer is ON: inactive players will automatically lose when time's up. (requested by broutux)\n|\n|t:|1771161334\n|switch|p1a: Reuniclus|Reuniclus, L88, M|337/337\n|switch|p2a: Ariados|Ariados, L95, M|287/287\n|\n|upkeep\n|turn|2\n|\n|t:|1771161340\n|move|p2a: Ariados|Sticky Web|p1a: Reuniclus\n|-sidestart|p1: broutux|move: Sticky Web\n|move|p1a: Reuniclus|Psychic|p2a: Ariados\n|-supereffective|p2a: Ariados\n|-damage|p2a: Ariados|0 fnt\n|faint|p2a: Ariados\n|\n|upkeep\n|\n|t:|1771161348\n|switch|p2a: Rabsca|Rabsca, L91, F|284/284\n|turn|3\n|\n|t:|1771161363\n|switch|p1a: Kricketune|Kricketune, L99, M|312/312\n|move|p2a: Rabsca|Bug Buzz|p1a: Kricketune\n|-damage|p1a: Kricketune|144/312\n|\n|upkeep\n|turn|4\n|\n|t:|1771161389\n|move|p1a: Kricketune|Sticky Web|p2a: Rabsca\n|-sidestart|p2: Tigre Tigre|move: Sticky Web\n|move|p2a: Rabsca|Bug Buzz|p1a: Kricketune\n|-damage|p1a: Kricketune|0 fnt\n|faint|p1a: Kricketune\n|\n|upkeep\n|inactive|broutux has 120 seconds left.\n|\n|t:|1771161410\n|switch|p1a: Avalugg|Avalugg-Hisui, L90, F|317/317\n|turn|5\n|inactive|Tigre Tigre has 120 seconds left.\n|\n|t:|1771161443\n|move|p2a: Rabsca|Revival Blessing|p2a: Rabsca\n|\n|t:|1771161445\n|-heal|p2: Ariados|143/287|[from] move: Revival Blessing\n|move|p1a: Avalugg|Rapid Spin|p2a: Rabsca\n|-damage|p2a: Rabsca|239/284\n|-boost|p1a: Avalugg|spe|1\n|-sideend|p1: broutux|Sticky Web|[from] move: Rapid Spin|[of] p1a: Avalugg\n|\n|upkeep\n|turn|6\n|inactive|Tigre Tigre has 120 seconds left.\n|\n|t:|1771161456\n|move|p1a: Avalugg|Stone Edge|p2a: Rabsca\n|-supereffective|p2a: Rabsca\n|-crit|p2a: Rabsca\n|-damage|p2a: Rabsca|0 fnt\n|faint|p2a: Rabsca\n|\n|upkeep\n|\n|t:|1771161469\n|switch|p2a: Hoopa|Hoopa, L85|275/275\n|-activate|p2a: Hoopa|move: Sticky Web\n|-unboost|p2a: Hoopa|spe|1\n|turn|7\n|\n|t:|1771161498\n|switch|p1a: Hydreigon|Hydreigon, L79, F|275/275\n|move|p2a: Hoopa|Shadow Ball|p1a: Hydreigon\n|-resisted|p1a: Hydreigon\n|-damage|p1a: Hydreigon|183/275\n|-damage|p2a: Hoopa|248/275|[from] item: Life Orb\n|\n|upkeep\n|turn|8\n|\n|t:|1771161508\n|move|p1a: Hydreigon|Dark Pulse|p2a: Hoopa\n|-supereffective|p2a: Hoopa\n|-damage|p2a: Hoopa|0 fnt\n|faint|p2a: Hoopa\n|\n|upkeep\n|\n|t:|1771161513\n|switch|p2a: Ditto|Ditto, L87|225/225\n|-activate|p2a: Ditto|move: Sticky Web\n|-unboost|p2a: Ditto|spe|1\n|-transform|p2a: Ditto|p1a: Hydreigon|[from] ability: Imposter\n|turn|9\n|\n|t:|1771161527\n|switch|p1a: Gardevoir|Gardevoir, L83, M|249/249\n|-ability|p1a: Gardevoir|Levitate|Trace|[from] ability: Trace|[of] p2a: Ditto\n|move|p2a: Ditto|Draco Meteor|p1a: Gardevoir\n|-immune|p1a: Gardevoir\n|\n|upkeep\n|turn|10\n|inactive|broutux has 120 seconds left.\n|\n|t:|1771161552\n|switch|p2a: Bellibolt|Bellibolt, L84, M|320/320\n|-activate|p2a: Bellibolt|move: Sticky Web\n|-unboost|p2a: Bellibolt|spe|1\n|move|p1a: Gardevoir|Calm Mind|p1a: Gardevoir\n|-boost|p1a: Gardevoir|spa|1\n|-boost|p1a: Gardevoir|spd|1\n|\n|upkeep\n|turn|11\n|inactive|Tigre Tigre has 120 seconds left.\n|\n|t:|1771161565\n|move|p1a: Gardevoir|Calm Mind|p1a: Gardevoir\n|-boost|p1a: Gardevoir|spa|1\n|-boost|p1a: Gardevoir|spd|1\n|move|p2a: Bellibolt|Toxic|p1a: Gardevoir\n|-status|p1a: Gardevoir|tox\n|\n|-damage|p1a: Gardevoir|234/249 tox|[from] psn\n|upkeep\n|turn|12\n|inactive|Tigre Tigre has 120 seconds left.\n|\n|t:|1771161572\n|move|p1a: Gardevoir|Moonblast|p2a: Bellibolt\n|-damage|p2a: Bellibolt|0 fnt\n|faint|p2a: Bellibolt\n|-damage|p1a: Gardevoir|210/249 tox|[from] item: Life Orb\n|\n|-damage|p1a: Gardevoir|180/249 tox|[from] psn\n|upkeep\n|inactive|Tigre Tigre has 120 seconds left.\n|\n|t:|1771161578\n|switch|p2a: Ditto|Ditto, L87|225/225\n|-activate|p2a: Ditto|move: Sticky Web\n|-unboost|p2a: Ditto|spe|1\n|-transform|p2a: Ditto|p1a: Gardevoir|[from] ability: Imposter\n|turn|13\n|inactive|Tigre Tigre has 120 seconds left.\n|\n|t:|1771161591\n|move|p2a: Ditto|Moonblast|p1a: Gardevoir\n|-damage|p1a: Gardevoir|83/249 tox\n|move|p1a: Gardevoir|Psyshock|p2a: Ditto\n|-resisted|p2a: Ditto\n|-damage|p2a: Ditto|69/225\n|-damage|p1a: Gardevoir|59/249 tox|[from] item: Life Orb\n|\n|-damage|p1a: Gardevoir|14/249 tox|[from] psn\n|upkeep\n|turn|14\n|\n|t:|1771161607\n|switch|p1a: Fezandipiti|Fezandipiti, L82, M|278/278\n|move|p2a: Ditto|Moonblast|p1a: Fezandipiti\n|-resisted|p1a: Fezandipiti\n|-damage|p1a: Fezandipiti|181/278\n|\n|-heal|p1a: Fezandipiti|198/278|[from] item: Leftovers\n|upkeep\n|turn|15\n|\n|t:|1771161623\n|switch|p2a: Ariados|Ariados, L95, M|143/287\n|move|p1a: Fezandipiti|Play Rough|p2a: Ariados\n|-resisted|p2a: Ariados\n|-damage|p2a: Ariados|99/287\n|\n|-heal|p1a: Fezandipiti|215/278|[from] item: Leftovers\n|upkeep\n|turn|16\n|\n|t:|1771161637\n|switch|p1a: Avalugg|Avalugg-Hisui, L90, F|317/317\n|move|p2a: Ariados|Sticky Web|p1a: Avalugg\n|-sidestart|p1: broutux|move: Sticky Web\n|\n|upkeep\n|turn|17\n|\n|t:|1771161655\n|-terastallize|p2a: Ariados|Ghost\n|move|p2a: Ariados|Megahorn|p1a: Avalugg\n|-damage|p1a: Avalugg|241/317\n|move|p1a: Avalugg|Rapid Spin|p2a: Ariados\n|-immune|p2a: Ariados\n|\n|upkeep\n|turn|18\n|\n|t:|1771161663\n|switch|p2a: Bellossom|Bellossom, L84, M|263/263\n|-activate|p2a: Bellossom|move: Sticky Web\n|-unboost|p2a: Bellossom|spe|1\n|move|p1a: Avalugg|Stone Edge|p2a: Bellossom\n|-damage|p2a: Bellossom|128/263\n|\n|-heal|p2a: Bellossom|144/263|[from] item: Leftovers\n|upkeep\n|turn|19\n|\n|t:|1771161681\n|-terastallize|p1a: Avalugg|Flying\n|move|p2a: Bellossom|Strength Sap|p1a: Avalugg\n|-unboost|p1a: Avalugg|atk|1\n|-heal|p2a: Bellossom|263/263\n|move|p1a: Avalugg|Avalanche|p2a: Bellossom\n|-supereffective|p2a: Bellossom\n|-damage|p2a: Bellossom|143/263\n|\n|-heal|p2a: Bellossom|159/263|[from] item: Leftovers\n|upkeep\n|turn|20\n|\n|t:|1771161694\n|move|p1a: Avalugg|Rapid Spin|p2a: Bellossom\n|-damage|p2a: Bellossom|129/263\n|-boost|p1a: Avalugg|spe|1\n|-sideend|p1: broutux|Sticky Web|[from] move: Rapid Spin|[of] p1a: Avalugg\n|move|p2a: Bellossom|Strength Sap|p1a: Avalugg\n|-unboost|p1a: Avalugg|atk|1\n|-heal|p2a: Bellossom|263/263\n|\n|upkeep\n|turn|21\n|\n|t:|1771161708\n|switch|p1a: Fezandipiti|Fezandipiti, L82, M|215/278\n|move|p2a: Bellossom|Quiver Dance|p2a: Bellossom\n|-boost|p2a: Bellossom|spa|1\n|-boost|p2a: Bellossom|spd|1\n|-boost|p2a: Bellossom|spe|1\n|\n|-heal|p1a: Fezandipiti|232/278|[from] item: Leftovers\n|upkeep\n|turn|22\n|\n|t:|1771161734\n|move|p1a: Fezandipiti|Gunk Shot|p2a: Bellossom\n|-supereffective|p2a: Bellossom\n|-damage|p2a: Bellossom|41/263\n|move|p2a: Bellossom|Quiver Dance|p2a: Bellossom\n|-boost|p2a: Bellossom|spa|1\n|-boost|p2a: Bellossom|spd|1\n|-boost|p2a: Bellossom|spe|1\n|\n|-heal|p1a: Fezandipiti|249/278|[from] item: Leftovers\n|-heal|p2a: Bellossom|57/263|[from] item: Leftovers\n|upkeep\n|turn|23\n|\n|t:|1771161744\n|move|p1a: Fezandipiti|Play Rough|p2a: Bellossom\n|-damage|p2a: Bellossom|0 fnt\n|faint|p2a: Bellossom\n|\n|-heal|p1a: Fezandipiti|266/278|[from] item: Leftovers\n|upkeep\n|\n|t:|1771161750\n|switch|p2a: Ariados|Ariados, L95, M, tera:Ghost|99/287\n|turn|24\n|\n|t:|1771161756\n|move|p1a: Fezandipiti|Play Rough|p2a: Ariados\n|-damage|p2a: Ariados|9/287\n|move|p2a: Ariados|Sticky Web|p1a: Fezandipiti\n|-sidestart|p1: broutux|move: Sticky Web\n|\n|-heal|p1a: Fezandipiti|278/278|[from] item: Leftovers\n|upkeep\n|turn|25\n|c|☆broutux|lol why\n|\n|t:|1771161766\n|move|p2a: Ariados|Sucker Punch|p1a: Fezandipiti\n|-resisted|p1a: Fezandipiti\n|-damage|p1a: Fezandipiti|248/278\n|move|p1a: Fezandipiti|Play Rough|p2a: Ariados\n|-damage|p2a: Ariados|0 fnt\n|faint|p2a: Ariados\n|\n|-heal|p1a: Fezandipiti|265/278|[from] item: Leftovers\n|upkeep\n|\n|t:|1771161783\n|switch|p2a: Ditto|Ditto, L87|69/225\n|-activate|p2a: Ditto|move: Sticky Web\n|-unboost|p2a: Ditto|spe|1\n|-transform|p2a: Ditto|p1a: Fezandipiti|[from] ability: Imposter\n|turn|26\n|c|☆broutux|gg ig\n|\n|t:|1771161802\n|move|p2a: Ditto|Gunk Shot|p1a: Fezandipiti\n|-damage|p1a: Fezandipiti|129/278\n|move|p1a: Fezandipiti|Gunk Shot|p2a: Ditto\n|-damage|p2a: Ditto|0 fnt\n|faint|p2a: Ditto\n|\n|win|broutux\n|raw|broutux's rating: 1595 &rarr; <strong>1612</strong><br />(+17 for winning)\n|raw|Tigre Tigre's rating: 1550 &rarr; <strong>1533</strong><br />(-17 for losing)\n|l|☆Tigre Tigre\n|player|p2|\n", "inputlog": ">version 686819e5e19f8a7fd2345cfc5a08a5085efa2cc3\n>start {\"formatid\":\"gen9randombattle\",\"seed\":\"sodium,2680409a7a673651bee545caff5b1680\",\"rated\":\"Rated battle\"}\n>player p1 {\"name\":\"broutux\",\"avatar\":\"blaine\",\"rating\":1595,\"seed\":\"sodium,02681b1216bd55885ba9a65d67fc1828\"}\n>player p2 {\"name\":\"Tigre Tigre\",\"avatar\":\"policeman-gen4\",\"rating\":1550,\"seed\":\"sodium,23019a1ec7d441f9728e04bcb6bbe8b6\"}\n>p1 switch 3\n>p2 switch 4\n>p1 move psychic\n>p2 move stickyweb\n>p2 switch 3\n>p1 switch 5\n>p2 move bugbuzz\n>p1 move stickyweb\n>p2 move bugbuzz\n>p1 switch 6\n>p1 move rapidspin\n>p2 move revivalblessing\n>p2 switch 3\n>p1 move stoneedge\n>p2 move psychic\n>p2 switch 6\n>p1 switch 2\n>p2 move shadowball\n>p1 move darkpulse\n>p2 move focusblast\n>p2 switch 2\n>p1 switch 3\n>p2 move dracometeor\n>p1 move calmmind\n>p2 switch 4\n>p1 move calmmind\n>p2 move toxic\n>p1 move moonblast\n>p2 move muddywater\n>p2 switch 4\n>p1 move psyshock\n>p2 move moonblast\n>p1 switch 4\n>p2 move moonblast\n>p1 move playrough\n>p2 switch 3\n>p1 switch 2\n>p2 move stickyweb\n>p1 move rapidspin\n>p2 move megahorn terastallize\n>p1 move stoneedge\n>p2 switch 5\n>p1 move avalanche terastallize\n>p2 move strengthsap\n>p1 move rapidspin\n>p2 move strengthsap\n>p1 switch 2\n>p2 move quiverdance\n>p1 move gunkshot\n>p2 move quiverdance\n>p1 move playrough\n>p2 move strengthsap\n>p2 switch 5\n>p1 move playrough\n>p2 move stickyweb\n>chat ☆broutux|lol why\n>p1 move playrough\n>p2 move suckerpunch\n>p2 switch 3\n>chat ☆broutux|gg ig\n>p1 move gunkshot\n>p2 move gunkshot", "uploadtime": 1771161817, "views": 22, "formatid": "gen9randombattle", "rating": 1533, "private": 0, "password": null}