{"id": "gen9randombattle-2540779332", "format": "[Gen 9] Random Battle", "players": ["purplebluegreen", "lazarwolf"], "log": "|j|☆purplebluegreen\n|j|☆lazarwolf\n|t:|1771253083\n|gametype|singles\n|player|p1|purplebluegreen|blue-gen1|1899\n|player|p2|lazarwolf|psychic-gen2|1911\n|gen|9\n|tier|[Gen 9] Random Battle\n|rated|\n|rule|Species Clause: Limit one of each Pokémon\n|rule|HP Percentage Mod: HP is shown in percentages\n|rule|Sleep Clause Mod: Limit one foe put to sleep\n|rule|Illusion Level Mod: Illusion disguises the Pokémon's true level\n|\n|t:|1771253083\n|teamsize|p1|6\n|teamsize|p2|6\n|start\n|switch|p1a: Flareon|Flareon, L90, F|263/263\n|switch|p2a: Mew|Mew, L82|298/298\n|turn|1\n|c|☆purplebluegreen|hf\n|inactive|Battle timer is ON: inactive players will automatically lose when time's up. (requested by purplebluegreen)\n|c|☆lazarwolf|u2\n|\n|t:|1771253101\n|move|p2a: Mew|Swords Dance|p2a: Mew\n|-boost|p2a: Mew|atk|2\n|move|p1a: Flareon|Trailblaze|p2a: Mew\n|-damage|p2a: Mew|247/298\n|-boost|p1a: Flareon|spe|1\n|\n|-status|p1a: Flareon|tox|[from] item: Toxic Orb\n|upkeep\n|turn|2\n|\n|t:|1771253107\n|move|p1a: Flareon|Flare Blitz|p2a: Mew\n|-damage|p2a: Mew|0 fnt\n|faint|p2a: Mew\n|-damage|p1a: Flareon|181/263 tox|[from] Recoil\n|\n|-damage|p1a: Flareon|165/263 tox|[from] psn\n|upkeep\n|\n|t:|1771253113\n|switch|p2a: Okidogi|Okidogi, L77, M|262/262\n|turn|3\n|\n|t:|1771253118\n|move|p1a: Flareon|Flare Blitz|p2a: Okidogi\n|-damage|p2a: Okidogi|33/262\n|-status|p2a: Okidogi|brn\n|-damage|p1a: Flareon|89/263 tox|[from] Recoil\n|move|p2a: Okidogi|Drain Punch|p1a: Flareon\n|-damage|p1a: Flareon|41/263 tox\n|-heal|p2a: Okidogi|57/262 brn|[from] drain|[of] p1a: Flareon\n|\n|-damage|p1a: Flareon|9/263 tox|[from] psn\n|-damage|p2a: Okidogi|41/262 brn|[from] brn\n|upkeep\n|turn|4\n|\n|t:|1771253126\n|move|p1a: Flareon|Facade|p2a: Okidogi\n|-damage|p2a: Okidogi|0 fnt\n|faint|p2a: Okidogi\n|\n|-damage|p1a: Flareon|0 fnt|[from] psn\n|faint|p1a: Flareon\n|upkeep\n|\n|t:|1771253134\n|switch|p2a: Amoonguss|Amoonguss, L82, F|321/321\n|switch|p1a: Greedent|Greedent, L86, M|347/347\n|turn|5\n|\n|t:|1771253139\n|switch|p1a: Espeon|Espeon, L84, F|246/246\n|move|p2a: Amoonguss|Spore|p1a: Espeon\n|move|p1a: Espeon|Spore|p2a: Amoonguss|[from] ability: Magic Bounce\n|-immune|p2a: Amoonguss\n|\n|upkeep\n|turn|6\n|\n|t:|1771253147\n|switch|p2a: Iron Crown|Iron Crown, L78|268/268\n|move|p1a: Espeon|Calm Mind|p1a: Espeon\n|-boost|p1a: Espeon|spa|1\n|-boost|p1a: Espeon|spd|1\n|\n|upkeep\n|turn|7\n|\n|t:|1771253156\n|switch|p1a: Armarouge|Armarouge, L80, F|267/267\n|move|p2a: Iron Crown|Calm Mind|p2a: Iron Crown\n|-boost|p2a: Iron Crown|spa|1\n|-boost|p2a: Iron Crown|spd|1\n|\n|upkeep\n|turn|8\n|\n|t:|1771253164\n|-end|p2a: Iron Crown|Quark Drive|[silent]\n|switch|p2a: Comfey|Comfey, L85, M|225/225\n|move|p1a: Armarouge|Armor Cannon|p2a: Comfey\n|-damage|p2a: Comfey|111/225\n|-unboost|p1a: Armarouge|def|1\n|-unboost|p1a: Armarouge|spd|1\n|\n|-heal|p2a: Comfey|125/225|[from] item: Leftovers\n|upkeep\n|turn|9\n|\n|t:|1771253171\n|switch|p1a: Lucario|Lucario, L84, F|255/255\n|move|p2a: Comfey|Calm Mind|p2a: Comfey\n|-boost|p2a: Comfey|spa|1\n|-boost|p2a: Comfey|spd|1\n|\n|-heal|p2a: Comfey|139/225|[from] item: Leftovers\n|upkeep\n|turn|10\n|\n|t:|1771253179\n|switch|p2a: Amoonguss|Amoonguss, L82, F|321/321\n|move|p1a: Lucario|Meteor Mash|p2a: Amoonguss\n|-damage|p2a: Amoonguss|137/321\n|-damage|p1a: Lucario|213/255|[from] item: Rocky Helmet|[of] p2a: Amoonguss\n|\n|upkeep\n|turn|11\n|\n|t:|1771253194\n|switch|p1a: Armarouge|Armarouge, L80, F|267/267\n|switch|p2a: Iron Crown|Iron Crown, L78|268/268\n|\n|upkeep\n|turn|12\n|\n|t:|1771253203\n|-terastallize|p2a: Iron Crown|Fighting\n|move|p2a: Iron Crown|Calm Mind|p2a: Iron Crown\n|-boost|p2a: Iron Crown|spa|1\n|-boost|p2a: Iron Crown|spd|1\n|move|p1a: Armarouge|Armor Cannon|p2a: Iron Crown\n|-damage|p2a: Iron Crown|175/268\n|-unboost|p1a: Armarouge|def|1\n|-unboost|p1a: Armarouge|spd|1\n|\n|-heal|p2a: Iron Crown|191/268|[from] item: Leftovers\n|upkeep\n|turn|13\n|\n|t:|1771253210\n|move|p2a: Iron Crown|Tachyon Cutter|p1a: Armarouge\n|-resisted|p1a: Armarouge\n|-damage|p1a: Armarouge|200/267\n|-resisted|p1a: Armarouge\n|-damage|p1a: Armarouge|131/267\n|-hitcount|p1a: Armarouge|2\n|move|p1a: Armarouge|Psyshock|p2a: Iron Crown\n|-supereffective|p2a: Iron Crown\n|-crit|p2a: Iron Crown\n|-damage|p2a: Iron Crown|0 fnt\n|faint|p2a: Iron Crown\n|-end|p2a: Iron Crown|Quark Drive|[silent]\n|\n|upkeep\n|\n|t:|1771253215\n|switch|p2a: Jolteon|Jolteon, L84, M|246/246\n|turn|14\n|\n|t:|1771253219\n|switch|p1a: Greedent|Greedent, L86, M|347/347\n|move|p2a: Jolteon|Thunderbolt|p1a: Greedent\n|-damage|p1a: Greedent|233/347\n|\n|upkeep\n|turn|15\n|\n|t:|1771253227\n|switch|p2a: Amoonguss|Amoonguss, L82, F|244/321\n|move|p1a: Greedent|Swords Dance|p1a: Greedent\n|-boost|p1a: Greedent|atk|2\n|\n|upkeep\n|turn|16\n|\n|t:|1771253231\n|switch|p1a: Espeon|Espeon, L84, F|246/246\n|move|p2a: Amoonguss|Spore|p1a: Espeon\n|move|p1a: Espeon|Spore|p2a: Amoonguss|[from] ability: Magic Bounce\n|-immune|p2a: Amoonguss\n|\n|upkeep\n|turn|17\n|\n|t:|1771253238\n|switch|p2a: Comfey|Comfey, L85, M|139/225\n|move|p1a: Espeon|Calm Mind|p1a: Espeon\n|-boost|p1a: Espeon|spa|1\n|-boost|p1a: Espeon|spd|1\n|\n|-heal|p2a: Comfey|153/225|[from] item: Leftovers\n|upkeep\n|turn|18\n|\n|t:|1771253241\n|move|p1a: Espeon|Calm Mind|p1a: Espeon\n|-boost|p1a: Espeon|spa|1\n|-boost|p1a: Espeon|spd|1\n|move|p2a: Comfey|Calm Mind|p2a: Comfey\n|-boost|p2a: Comfey|spa|1\n|-boost|p2a: Comfey|spd|1\n|\n|-heal|p2a: Comfey|167/225|[from] item: Leftovers\n|upkeep\n|turn|19\n|\n|t:|1771253244\n|move|p1a: Espeon|Calm Mind|p1a: Espeon\n|-boost|p1a: Espeon|spa|1\n|-boost|p1a: Espeon|spd|1\n|move|p2a: Comfey|Calm Mind|p2a: Comfey\n|-boost|p2a: Comfey|spa|1\n|-boost|p2a: Comfey|spd|1\n|\n|-heal|p2a: Comfey|181/225|[from] item: Leftovers\n|upkeep\n|turn|20\n|c|☆purplebluegreen|gg\n|c|☆lazarwolf|gg\n|\n|t:|1771253253\n|move|p1a: Espeon|Psyshock|p2a: Comfey\n|-damage|p2a: Comfey|0 fnt\n|faint|p2a: Comfey\n|-damage|p1a: Espeon|222/246|[from] item: Life Orb\n|\n|upkeep\n|-message|lazarwolf forfeited.\n|\n|win|purplebluegreen\n|raw|purplebluegreen's rating: 1899 &rarr; <strong>1920</strong><br />(+21 for winning)\n|raw|lazarwolf's rating: 1911 &rarr; <strong>1890</strong><br />(-21 for losing)\n|l|☆lazarwolf\n|player|p2|\n", "inputlog": ">version 686819e5e19f8a7fd2345cfc5a08a5085efa2cc3\n>start {\"formatid\":\"gen9randombattle\",\"seed\":\"sodium,7d6241e5173439a583648372345848e9\",\"rated\":\"Rated battle\"}\n>player p1 {\"name\":\"purplebluegreen\",\"avatar\":\"blue-gen1\",\"rating\":1899,\"seed\":\"sodium,a5487ca0b6e00fd9dba0af1577ffde3d\"}\n>player p2 {\"name\":\"lazarwolf\",\"avatar\":\"psychic-gen2\",\"rating\":1911,\"seed\":\"sodium,2331a14de52391d701c0b7b96f3b9386\"}\n>chat ☆purplebluegreen|hf\n>chat ☆lazarwolf|u2\n>p1 move trailblaze\n>p2 move swordsdance\n>p1 move flareblitz\n>p2 move psychicfangs\n>p2 switch 5\n>p1 move flareblitz\n>p2 move drainpunch\n>p1 move facade\n>p2 move drainpunch\n>p1 switch 3\n>p2 switch 3\n>p1 switch 5\n>p2 move spore\n>p1 move calmmind\n>p2 switch 6\n>p1 switch 6\n>p2 move calmmind\n>p1 move armorcannon\n>p2 switch 2\n>p1 switch 4\n>p2 move calmmind\n>p1 move meteormash\n>p2 switch 6\n>p1 switch 4\n>p2 switch 2\n>p1 move armorcannon\n>p2 move calmmind terastallize\n>p1 move psyshock\n>p2 move tachyoncutter\n>p2 switch 4\n>p1 switch 5\n>p2 move thunderbolt\n>p1 move swordsdance\n>p2 switch 2\n>p1 switch 6\n>p2 move spore\n>p1 move calmmind\n>p2 switch 6\n>p1 move calmmind\n>p2 move calmmind\n>p1 move calmmind\n>p2 move calmmind\n>chat ☆purplebluegreen|gg\n>chat ☆lazarwolf|gg\n>p1 move psyshock\n>p2 move calmmind\n>forcelose p2", "uploadtime": 1771253261, "views": 5, "formatid": "gen9randombattle", "rating": 1890, "private": 0, "password": null}