{"id": "gen9randombattle-2540319313", "format": "[Gen 9] Random Battle", "players": ["Micael Lopes", "nazcastorm"], "log": "|j|☆Micael Lopes\n|j|☆nazcastorm\n|t:|1771188290\n|gametype|singles\n|player|p1|Micael Lopes|benga|1724\n|player|p2|nazcastorm|1|1675\n|gen|9\n|tier|[Gen 9] Random Battle\n|rated|\n|rule|Species Clause: Limit one of each Pokémon\n|rule|HP Percentage Mod: HP is shown in percentages\n|rule|Sleep Clause Mod: Limit one foe put to sleep\n|rule|Illusion Level Mod: Illusion disguises the Pokémon's true level\n|\n|t:|1771188291\n|teamsize|p1|6\n|teamsize|p2|6\n|start\n|switch|p1a: Rampardos|Rampardos, L90, F|321/321\n|switch|p2a: Wo-Chien|Wo-Chien, L83|277/277\n|-ability|p2a: Wo-Chien|Tablets of Ruin\n|turn|1\n|inactive|Battle timer is ON: inactive players will automatically lose when time's up. (requested by Micael Lopes)\n|\n|t:|1771188316\n|move|p2a: Wo-Chien|Leech Seed|p1a: Rampardos\n|-start|p1a: Rampardos|move: Leech Seed\n|move|p1a: Rampardos|Fire Punch|p2a: Wo-Chien\n|-supereffective|p2a: Wo-Chien\n|-damage|p2a: Wo-Chien|61/277\n|\n|-heal|p2a: Wo-Chien|78/277|[from] item: Leftovers\n|-damage|p1a: Rampardos|281/321|[from] Leech Seed|[of] p2a: Wo-Chien\n|-heal|p2a: Wo-Chien|118/277|[silent]\n|upkeep\n|turn|2\n|\n|t:|1771188322\n|switch|p1a: Dodrio|Dodrio, L85, F|241/241\n|move|p2a: Wo-Chien|Protect||[still]\n|-fail|p2a: Wo-Chien\n|\n|-heal|p2a: Wo-Chien|135/277|[from] item: Leftovers\n|upkeep\n|turn|3\n|inactive|nazcastorm has 120 seconds left.\n|\n|t:|1771188353\n|switch|p2a: Clawitzer|Clawitzer, L87, M|265/265\n|move|p1a: Dodrio|Swords Dance|p1a: Dodrio\n|-boost|p1a: Dodrio|atk|2\n|\n|upkeep\n|turn|4\n|\n|t:|1771188357\n|move|p1a: Dodrio|Double-Edge|p2a: Clawitzer\n|-damage|p2a: Clawitzer|0 fnt\n|faint|p2a: Clawitzer\n|-damage|p1a: Dodrio|154/241|[from] Recoil\n|\n|upkeep\n|\n|t:|1771188366\n|switch|p2a: Honchkrow|Honchkrow, L86, M|312/312\n|turn|5\n|\n|t:|1771188387\n|move|p2a: Honchkrow|Sucker Punch|p1a: Dodrio\n|-damage|p1a: Dodrio|45/241\n|move|p1a: Dodrio|Double-Edge|p2a: Honchkrow\n|-damage|p2a: Honchkrow|0 fnt\n|faint|p2a: Honchkrow\n|-damage|p1a: Dodrio|0 fnt|[from] Recoil\n|faint|p1a: Dodrio\n|\n|upkeep\n|\n|t:|1771188398\n|switch|p1a: Dusknoir|Dusknoir, L89, M|225/225\n|switch|p2a: Blaziken|Blaziken, L76, M|247/247\n|-item|p2a: Blaziken|Life Orb|[from] ability: Frisk|[of] p1a: Dusknoir\n|turn|6\n|\n|t:|1771188402\n|switch|p2a: Wo-Chien|Wo-Chien, L83|135/277\n|-ability|p2a: Wo-Chien|Tablets of Ruin\n|move|p1a: Dusknoir|Earthquake|p2a: Wo-Chien\n|-resisted|p2a: Wo-Chien\n|-damage|p2a: Wo-Chien|108/277\n|\n|-heal|p2a: Wo-Chien|125/277|[from] item: Leftovers\n|upkeep\n|turn|7\n|\n|t:|1771188414\n|move|p2a: Wo-Chien|Ruination|p1a: Dusknoir\n|-damage|p1a: Dusknoir|113/225\n|move|p1a: Dusknoir|Will-O-Wisp|p2a: Wo-Chien\n|-status|p2a: Wo-Chien|brn\n|\n|-heal|p2a: Wo-Chien|142/277 brn|[from] item: Leftovers\n|-heal|p1a: Dusknoir|127/225|[from] item: Leftovers\n|-damage|p2a: Wo-Chien|125/277 brn|[from] brn\n|upkeep\n|turn|8\n|\n|t:|1771188420\n|move|p2a: Wo-Chien|Knock Off|p1a: Dusknoir\n|-supereffective|p1a: Dusknoir\n|-damage|p1a: Dusknoir|69/225\n|-enditem|p1a: Dusknoir|Leftovers|[from] move: Knock Off|[of] p2a: Wo-Chien\n|move|p1a: Dusknoir|Pain Split|p2a: Wo-Chien\n|-sethp|p2a: Wo-Chien|97/277 brn|[from] move: Pain Split|[silent]\n|-sethp|p1a: Dusknoir|97/225|[from] move: Pain Split\n|\n|-heal|p2a: Wo-Chien|114/277 brn|[from] item: Leftovers\n|-damage|p2a: Wo-Chien|97/277 brn|[from] brn\n|upkeep\n|turn|9\n|\n|t:|1771188428\n|switch|p1a: Cramorant|Cramorant, L86, F|261/261\n|move|p2a: Wo-Chien|Leech Seed|p1a: Cramorant\n|-start|p1a: Cramorant|move: Leech Seed\n|\n|-heal|p2a: Wo-Chien|114/277 brn|[from] item: Leftovers\n|-damage|p1a: Cramorant|229/261|[from] Leech Seed|[of] p2a: Wo-Chien\n|-heal|p2a: Wo-Chien|146/277 brn|[silent]\n|-damage|p2a: Wo-Chien|129/277 brn|[from] brn\n|upkeep\n|turn|10\n|\n|t:|1771188453\n|switch|p1a: Blaziken|Blaziken, L76, M|247/247\n|move|p2a: Wo-Chien|Knock Off|p1a: Blaziken\n|-resisted|p1a: Blaziken\n|-damage|p1a: Blaziken|217/247\n|-enditem|p1a: Blaziken|Life Orb|[from] move: Knock Off|[of] p2a: Wo-Chien\n|\n|-heal|p2a: Wo-Chien|146/277 brn|[from] item: Leftovers\n|-damage|p2a: Wo-Chien|129/277 brn|[from] brn\n|upkeep\n|turn|11\n|\n|t:|1771188479\n|move|p1a: Blaziken|Swords Dance|p1a: Blaziken\n|-boost|p1a: Blaziken|atk|2\n|move|p2a: Wo-Chien|Leech Seed|p1a: Blaziken\n|-start|p1a: Blaziken|move: Leech Seed\n|\n|-heal|p2a: Wo-Chien|146/277 brn|[from] item: Leftovers\n|-damage|p1a: Blaziken|187/247|[from] Leech Seed|[of] p2a: Wo-Chien\n|-heal|p2a: Wo-Chien|176/277 brn|[silent]\n|-damage|p2a: Wo-Chien|159/277 brn|[from] brn\n|-ability|p1a: Blaziken|Speed Boost|boost\n|-boost|p1a: Blaziken|spe|1\n|upkeep\n|turn|12\n|\n|t:|1771188485\n|move|p2a: Wo-Chien|Protect|p2a: Wo-Chien\n|-singleturn|p2a: Wo-Chien|Protect\n|move|p1a: Blaziken|Swords Dance|p1a: Blaziken\n|-boost|p1a: Blaziken|atk|2\n|\n|-heal|p2a: Wo-Chien|176/277 brn|[from] item: Leftovers\n|-damage|p1a: Blaziken|157/247|[from] Leech Seed|[of] p2a: Wo-Chien\n|-heal|p2a: Wo-Chien|206/277 brn|[silent]\n|-damage|p2a: Wo-Chien|189/277 brn|[from] brn\n|-ability|p1a: Blaziken|Speed Boost|boost\n|-boost|p1a: Blaziken|spe|1\n|upkeep\n|turn|13\n|\n|t:|1771188509\n|move|p1a: Blaziken|Close Combat|p2a: Wo-Chien\n|-supereffective|p2a: Wo-Chien\n|-damage|p2a: Wo-Chien|0 fnt\n|-unboost|p1a: Blaziken|def|1\n|-unboost|p1a: Blaziken|spd|1\n|faint|p2a: Wo-Chien\n|\n|-ability|p1a: Blaziken|Speed Boost|boost\n|-boost|p1a: Blaziken|spe|1\n|upkeep\n|\n|t:|1771188512\n|switch|p2a: Entei|Entei, L78|307/307\n|turn|14\n|inactive|Micael Lopes has 120 seconds left.\n|\n|t:|1771188533\n|move|p2a: Entei|Extreme Speed|p1a: Blaziken\n|-damage|p1a: Blaziken|4/247\n|move|p1a: Blaziken|Close Combat|p2a: Entei\n|-damage|p2a: Entei|0 fnt\n|-unboost|p1a: Blaziken|def|1\n|-unboost|p1a: Blaziken|spd|1\n|faint|p2a: Entei\n|\n|-ability|p1a: Blaziken|Speed Boost|boost\n|-boost|p1a: Blaziken|spe|1\n|upkeep\n|\n|t:|1771188538\n|switch|p2a: Blaziken|Blaziken, L76, M|247/247\n|turn|15\n|\n|t:|1771188545\n|switch|p1a: Cramorant|Cramorant, L86, F|229/261\n|move|p2a: Blaziken|Protect||[still]\n|-fail|p2a: Blaziken\n|\n|-ability|p2a: Blaziken|Speed Boost|boost\n|-boost|p2a: Blaziken|spe|1\n|upkeep\n|turn|16\n|\n|t:|1771188554\n|switch|p2a: Decidueye|Decidueye-Hisui, L87, F|295/295\n|move|p1a: Cramorant|Surf|p2a: Decidueye\n|-formechange|p1a: Cramorant|Cramorant-Gulping|\n|-resisted|p2a: Decidueye\n|-crit|p2a: Decidueye\n|-damage|p2a: Decidueye|233/295\n|\n|-heal|p2a: Decidueye|251/295|[from] item: Leftovers\n|upkeep\n|turn|17\n|\n|t:|1771188562\n|-terastallize|p2a: Decidueye|Water\n|move|p1a: Cramorant|Brave Bird|p2a: Decidueye\n|-damage|p2a: Decidueye|128/295\n|-damage|p1a: Cramorant|188/261|[from] Recoil\n|move|p2a: Decidueye|Triple Arrows|p1a: Cramorant\n|-resisted|p1a: Cramorant\n|-damage|p1a: Cramorant|110/261\n|-damage|p2a: Decidueye|55/295|[from] ability: Gulp Missile|[of] p1a: Cramorant\n|-unboost|p2a: Decidueye|def|1\n|-formechange|p1a: Cramorant|Cramorant|\n|\n|-heal|p2a: Decidueye|73/295|[from] item: Leftovers\n|upkeep\n|turn|18\n|-message|nazcastorm forfeited.\n|\n|win|Micael Lopes\n|raw|Micael Lopes's rating: 1744 &rarr; <strong>1760</strong><br />(+16 for winning)\n|raw|nazcastorm's rating: 1675 &rarr; <strong>1659</strong><br />(-16 for losing)\n|l|☆nazcastorm\n|player|p2|\n|c|☆Micael Lopes|**__Sexy game.__**\n", "inputlog": ">version 686819e5e19f8a7fd2345cfc5a08a5085efa2cc3\n>start {\"formatid\":\"gen9randombattle\",\"seed\":\"sodium,ce775478bf19b768805c92d501c62f23\",\"rated\":\"Rated battle\"}\n>player p1 {\"name\":\"Micael Lopes\",\"avatar\":\"benga\",\"rating\":1724,\"seed\":\"sodium,460f5a69507bd370673b3ac9b17cd0fb\"}\n>player p2 {\"name\":\"nazcastorm\",\"avatar\":\"1\",\"rating\":1675,\"seed\":\"sodium,38e0d23cf7365194f92f89a6b18c1059\"}\n>p1 move firepunch\n>p2 move leechseed\n>p1 switch 6\n>p2 move protect\n>p1 move swordsdance\n>p2 switch 6\n>p1 move doubleedge\n>p2 move waterpulse\n>p2 switch 4\n>p1 move doubleedge\n>p2 move suckerpunch\n>p1 switch 5\n>p2 switch 3\n>p1 move earthquake\n>p2 switch 6\n>p1 move willowisp\n>p2 move ruination\n>p1 move painsplit\n>p2 move knockoff\n>p1 switch 4\n>p2 move leechseed\n>p1 switch 2\n>p2 move knockoff\n>p1 move swordsdance\n>p2 move leechseed\n>p1 move swordsdance\n>p2 move protect\n>p1 move closecombat\n>p2 move ruination\n>p2 switch 5\n>p1 move closecombat\n>p2 move extremespeed\n>p2 switch 6\n>p1 switch 2\n>p2 move protect\n>p1 move surf\n>p2 switch 2\n>p1 move bravebird\n>p2 move triplearrows terastallize\n>forcelose p2", "uploadtime": 1771188580, "views": 8, "formatid": "gen9randombattle", "rating": 1659, "private": 0, "password": null}