{"id": "gen9randombattle-2540915636", "format": "[Gen 9] Random Battle", "players": ["Isrim", "Soul Gem"], "log": "|j|☆Isrim\n|j|☆Soul Gem\n|t:|1771266799\n|gametype|singles\n|player|p1|Isrim|rood|1837\n|player|p2|Soul Gem|misty|1884\n|gen|9\n|tier|[Gen 9] Random Battle\n|rated|\n|rule|Species Clause: Limit one of each Pokémon\n|rule|HP Percentage Mod: HP is shown in percentages\n|rule|Sleep Clause Mod: Limit one foe put to sleep\n|rule|Illusion Level Mod: Illusion disguises the Pokémon's true level\n|\n|t:|1771266799\n|teamsize|p1|6\n|teamsize|p2|6\n|start\n|switch|p1a: Kleavor|Kleavor, L78, F|237/237\n|switch|p2a: Meowscarada|Meowscarada, L78, F|247/247\n|turn|1\n|inactive|Battle timer is ON: inactive players will automatically lose when time's up. (requested by Isrim)\n|\n|t:|1771266831\n|move|p2a: Meowscarada|U-turn|p1a: Kleavor\n|-start|p2a: Meowscarada|typechange|Bug|[from] ability: Protean\n|-damage|p1a: Kleavor|122/237\n|\n|t:|1771266841\n|switch|p2a: Duraludon|Duraludon, L82, M|249/249|[from] U-turn\n|move|p1a: Kleavor|Stone Axe|p2a: Duraludon\n|-resisted|p2a: Duraludon\n|-damage|p2a: Duraludon|217/249\n|-sidestart|p2: Soul Gem|move: Stealth Rock\n|\n|upkeep\n|turn|2\n|inactive|Isrim has 120 seconds left.\n|\n|t:|1771266872\n|switch|p1a: Gastrodon|Gastrodon-East, L86, F|331/331\n|move|p2a: Duraludon|Stealth Rock|p1a: Gastrodon\n|-sidestart|p1: Isrim|move: Stealth Rock\n|\n|upkeep\n|turn|3\n|inactive|Isrim has 120 seconds left.\n|\n|t:|1771266882\n|switch|p2a: Girafarig|Girafarig, L89, F|269/269\n|-damage|p2a: Girafarig|236/269|[from] Stealth Rock\n|move|p1a: Gastrodon|Earthquake|p2a: Girafarig\n|-damage|p2a: Girafarig|154/269\n|\n|upkeep\n|turn|4\n|\n|t:|1771266892\n|move|p2a: Girafarig|Nasty Plot|p2a: Girafarig\n|-boost|p2a: Girafarig|spa|2\n|move|p1a: Gastrodon|Ice Beam|p2a: Girafarig\n|-damage|p2a: Girafarig|103/269\n|\n|upkeep\n|turn|5\n|\n|t:|1771266899\n|move|p2a: Girafarig|Psyshock|p1a: Gastrodon\n|-damage|p1a: Gastrodon|115/331\n|move|p1a: Gastrodon|Clear Smog|p2a: Girafarig\n|-damage|p2a: Girafarig|73/269\n|-clearboost|p2a: Girafarig\n|\n|-heal|p1a: Gastrodon|135/331|[from] item: Leftovers\n|upkeep\n|turn|6\n|\n|t:|1771266906\n|move|p2a: Girafarig|Psyshock|p1a: Gastrodon\n|-damage|p1a: Gastrodon|23/331\n|move|p1a: Gastrodon|Earthquake|p2a: Girafarig\n|-damage|p2a: Girafarig|1/269\n|\n|-heal|p1a: Gastrodon|43/331|[from] item: Leftovers\n|upkeep\n|turn|7\n|\n|t:|1771266910\n|move|p2a: Girafarig|Hyper Voice|p1a: Gastrodon\n|-damage|p1a: Gastrodon|0 fnt\n|faint|p1a: Gastrodon\n|\n|upkeep\n|\n|t:|1771266913\n|switch|p1a: Tentacruel|Tentacruel, L84, M|272/272\n|-damage|p1a: Tentacruel|238/272|[from] Stealth Rock\n|turn|8\n|\n|t:|1771266932\n|move|p1a: Tentacruel|Knock Off|p2a: Girafarig\n|-supereffective|p2a: Girafarig\n|-damage|p2a: Girafarig|0 fnt\n|-enditem|p2a: Girafarig|Eviolite|[from] move: Knock Off|[of] p1a: Tentacruel\n|faint|p2a: Girafarig\n|\n|-heal|p1a: Tentacruel|255/272|[from] item: Leftovers\n|upkeep\n|\n|t:|1771266940\n|switch|p2a: Staraptor|Staraptor, L79, M|263/263\n|-damage|p2a: Staraptor|198/263|[from] Stealth Rock\n|turn|9\n|\n|t:|1771266952\n|move|p1a: Tentacruel|Surf|p2a: Staraptor\n|-damage|p2a: Staraptor|78/263\n|move|p2a: Staraptor|Brave Bird|p1a: Tentacruel\n|-damage|p1a: Tentacruel|0 fnt\n|faint|p1a: Tentacruel\n|-damage|p2a: Staraptor|0 fnt|[from] Recoil\n|faint|p2a: Staraptor\n|\n|upkeep\n|\n|t:|1771266964\n|switch|p1a: Granbull|Granbull, L88, M|302/302\n|switch|p2a: Meowscarada|Meowscarada, L78, F|247/247\n|-damage|p2a: Meowscarada|217/247|[from] Stealth Rock\n|-damage|p1a: Granbull|265/302|[from] Stealth Rock\n|-ability|p1a: Granbull|Intimidate|boost\n|-unboost|p2a: Meowscarada|atk|1\n|turn|10\n|\n|t:|1771266970\n|move|p2a: Meowscarada|U-turn|p1a: Granbull\n|-start|p2a: Meowscarada|typechange|Bug|[from] ability: Protean\n|-resisted|p1a: Granbull\n|-damage|p1a: Granbull|225/302\n|\n|t:|1771266975\n|switch|p2a: Rhydon|Rhydon, L85, F|317/317|[from] U-turn\n|-damage|p2a: Rhydon|298/317|[from] Stealth Rock\n|move|p1a: Granbull|Play Rough|p2a: Rhydon\n|-damage|p2a: Rhydon|235/317\n|\n|-heal|p1a: Granbull|243/302|[from] item: Leftovers\n|upkeep\n|turn|11\n|\n|t:|1771267001\n|move|p1a: Granbull|Earthquake|p2a: Rhydon\n|-supereffective|p2a: Rhydon\n|-damage|p2a: Rhydon|139/317\n|move|p2a: Rhydon|Earthquake|p1a: Granbull\n|-damage|p1a: Granbull|81/302\n|\n|-heal|p1a: Granbull|99/302|[from] item: Leftovers\n|upkeep\n|turn|12\n|\n|t:|1771267011\n|move|p1a: Granbull|Earthquake|p2a: Rhydon\n|-supereffective|p2a: Rhydon\n|-damage|p2a: Rhydon|51/317\n|move|p2a: Rhydon|Earthquake|p1a: Granbull\n|-damage|p1a: Granbull|0 fnt\n|faint|p1a: Granbull\n|\n|upkeep\n|inactive|Isrim has 120 seconds left.\n|\n|t:|1771267030\n|switch|p1a: Gallade|Gallade, L80, M, shiny|240/240\n|-damage|p1a: Gallade|225/240|[from] Stealth Rock\n|turn|13\n|c|☆Soul Gem|nice\n|\n|t:|1771267049\n|move|p1a: Gallade|Sacred Sword|p2a: Rhydon\n|-supereffective|p2a: Rhydon\n|-damage|p2a: Rhydon|0 fnt\n|faint|p2a: Rhydon\n|\n|upkeep\n|\n|t:|1771267057\n|switch|p2a: Arceus|Arceus-Water, L71|288/288\n|-damage|p2a: Arceus|252/288|[from] Stealth Rock\n|turn|14\n|\n|t:|1771267063\n|move|p2a: Arceus|Judgment|p1a: Gallade\n|-damage|p1a: Gallade|125/240\n|move|p1a: Gallade|Sacred Sword|p2a: Arceus\n|-damage|p2a: Arceus|41/288\n|\n|upkeep\n|turn|15\n|\n|t:|1771267087\n|move|p2a: Arceus|Judgment|p1a: Gallade\n|-damage|p1a: Gallade|34/240\n|move|p1a: Gallade|Sacred Sword|p2a: Arceus\n|-damage|p2a: Arceus|0 fnt\n|faint|p2a: Arceus\n|\n|upkeep\n|\n|t:|1771267095\n|switch|p2a: Meowscarada|Meowscarada, L78, F|217/247\n|-damage|p2a: Meowscarada|187/247|[from] Stealth Rock\n|turn|16\n|\n|t:|1771267101\n|move|p2a: Meowscarada|U-turn|p1a: Gallade\n|-start|p2a: Meowscarada|typechange|Bug|[from] ability: Protean\n|-damage|p1a: Gallade|0 fnt\n|faint|p1a: Gallade\n|\n|t:|1771267103\n|switch|p2a: Duraludon|Duraludon, L82, M|217/249|[from] U-turn\n|-damage|p2a: Duraludon|202/249|[from] Stealth Rock\n|\n|upkeep\n|\n|t:|1771267117\n|switch|p1a: Kleavor|Kleavor, L78, F|122/237\n|turn|17\n|\n|t:|1771267125\n|move|p2a: Duraludon|Flash Cannon|p1a: Kleavor\n|-supereffective|p1a: Kleavor\n|-damage|p1a: Kleavor|0 fnt\n|faint|p1a: Kleavor\n|\n|upkeep\n|\n|t:|1771267127\n|switch|p1a: Terrakion|Terrakion, L79|273/273\n|-damage|p1a: Terrakion|256/273|[from] Stealth Rock\n|turn|18\n|\n|t:|1771267137\n|-terastallize|p1a: Terrakion|Fighting\n|-terastallize|p2a: Duraludon|Fighting\n|move|p1a: Terrakion|Close Combat|p2a: Duraludon\n|-damage|p2a: Duraludon|69/249\n|-unboost|p1a: Terrakion|def|1\n|-unboost|p1a: Terrakion|spd|1\n|-damage|p1a: Terrakion|229/273|[from] item: Life Orb\n|move|p2a: Duraludon|Body Press|p1a: Terrakion\n|-damage|p1a: Terrakion|96/273\n|\n|upkeep\n|turn|19\n|\n|t:|1771267145\n|move|p1a: Terrakion|Earthquake|p2a: Duraludon\n|-damage|p2a: Duraludon|9/249\n|-damage|p1a: Terrakion|69/273|[from] item: Life Orb\n|move|p2a: Duraludon|Body Press|p1a: Terrakion\n|-damage|p1a: Terrakion|0 fnt\n|faint|p1a: Terrakion\n|\n|win|Soul Gem\n|raw|Isrim's rating: 1837 &rarr; <strong>1820</strong><br />(-17 for losing)\n|raw|Soul Gem's rating: 1884 &rarr; <strong>1901</strong><br />(+17 for winning)\n|l|☆Isrim\n|player|p1|\n", "inputlog": ">version 686819e5e19f8a7fd2345cfc5a08a5085efa2cc3\n>start {\"formatid\":\"gen9randombattle\",\"seed\":\"sodium,d90b73f1ab7a4e5f280cc0473e7cd33c\",\"rated\":\"Rated battle\"}\n>player p1 {\"name\":\"Isrim\",\"avatar\":\"rood\",\"rating\":1837,\"seed\":\"sodium,07d09c24ffb632a6b3319e93288a68da\"}\n>player p2 {\"name\":\"Soul Gem\",\"avatar\":\"misty\",\"rating\":1884,\"seed\":\"sodium,3b636022b76bb5fb46294b3b456115d3\"}\n>p1 move stoneaxe\n>p2 move uturn\n>p2 switch 6\n>p1 switch 5\n>p2 move stealthrock\n>p1 move earthquake\n>p2 switch 2\n>p1 move icebeam\n>p2 move nastyplot\n>p1 move clearsmog\n>p2 move psyshock\n>p1 move earthquake\n>p2 move psyshock\n>p1 move recover\n>p2 move hypervoice\n>p1 switch 2\n>p1 move knockoff\n>p2 move psyshock\n>p2 switch 3\n>p1 move surf\n>p2 move bravebird\n>p1 switch 4\n>p2 switch 6\n>p1 move playrough\n>p2 move uturn\n>p2 switch 5\n>p1 move earthquake\n>p2 move earthquake\n>p1 move earthquake\n>p2 move earthquake\n>p1 switch 6\n>chat ☆Soul Gem|nice\n>p1 move sacredsword\n>p2 move earthquake\n>p2 switch 4\n>p1 move sacredsword\n>p2 move judgment\n>p1 move sacredsword\n>p2 move judgment\n>p2 switch 5\n>p1 move sacredsword\n>p2 move uturn\n>p2 switch 2\n>p1 switch 5\n>p1 move xscissor\n>p2 move flashcannon\n>p1 switch 3\n>p1 move closecombat terastallize\n>p2 move bodypress terastallize\n>p1 move earthquake\n>p2 move bodypress", "uploadtime": 1771267150, "views": 2, "formatid": "gen9randombattle", "rating": 1820, "private": 0, "password": null}