{"id": "gen9randombattle-2540548365", "format": "[Gen 9] Random Battle", "players": ["bajiiruu", "Ranzurant"], "log": "|j|☆bajiiruu\n|j|☆Ranzurant\n|t:|1771216298\n|gametype|singles\n|player|p1|bajiiruu|preschooler|1624\n|player|p2|Ranzurant|lucas-gen4pt|1580\n|gen|9\n|tier|[Gen 9] Random Battle\n|rated|\n|rule|Species Clause: Limit one of each Pokémon\n|rule|HP Percentage Mod: HP is shown in percentages\n|rule|Sleep Clause Mod: Limit one foe put to sleep\n|rule|Illusion Level Mod: Illusion disguises the Pokémon's true level\n|\n|t:|1771216298\n|teamsize|p1|6\n|teamsize|p2|6\n|start\n|switch|p1a: Samurott|Samurott-Hisui, L77, M|265/265\n|switch|p2a: Venusaur|Venusaur, L84, F|272/272\n|turn|1\n|\n|t:|1771216316\n|move|p2a: Venusaur|Leech Seed|p1a: Samurott\n|-start|p1a: Samurott|move: Leech Seed\n|move|p1a: Samurott|Ceaseless Edge|p2a: Venusaur\n|-damage|p2a: Venusaur|130/272\n|-sidestart|p2: Ranzurant|Spikes\n|\n|-heal|p2a: Venusaur|147/272|[from] item: Leftovers\n|-damage|p1a: Samurott|232/265|[from] Leech Seed|[of] p2a: Venusaur\n|-heal|p2a: Venusaur|180/272|[silent]\n|upkeep\n|turn|2\n|\n|t:|1771216325\n|move|p2a: Venusaur|Substitute|p2a: Venusaur\n|-start|p2a: Venusaur|Substitute\n|-damage|p2a: Venusaur|112/272\n|move|p1a: Samurott|Ceaseless Edge|p2a: Venusaur\n|-end|p2a: Venusaur|Substitute\n|-sidestart|p2: Ranzurant|Spikes\n|\n|-heal|p2a: Venusaur|129/272|[from] item: Leftovers\n|-damage|p1a: Samurott|199/265|[from] Leech Seed|[of] p2a: Venusaur\n|-heal|p2a: Venusaur|162/272|[silent]\n|upkeep\n|turn|3\n|\n|t:|1771216352\n|switch|p1a: Coalossal|Coalossal, L89, M|341/341\n|move|p2a: Venusaur|Substitute|p2a: Venusaur\n|-start|p2a: Venusaur|Substitute\n|-damage|p2a: Venusaur|94/272\n|\n|-heal|p2a: Venusaur|111/272|[from] item: Leftovers\n|upkeep\n|turn|4\n|inactive|Battle timer is ON: inactive players will automatically lose when time's up. (requested by bajiiruu)\n|\n|t:|1771216358\n|move|p2a: Venusaur|Sleep Powder|p1a: Coalossal|[miss]\n|-miss|p2a: Venusaur|p1a: Coalossal\n|move|p1a: Coalossal|Stealth Rock|p2a: Venusaur\n|-sidestart|p2: Ranzurant|move: Stealth Rock\n|\n|-heal|p2a: Venusaur|128/272|[from] item: Leftovers\n|upkeep\n|turn|5\n|\n|t:|1771216368\n|move|p2a: Venusaur|Leech Seed|p1a: Coalossal\n|-start|p1a: Coalossal|move: Leech Seed\n|move|p1a: Coalossal|Spikes|p2a: Venusaur\n|-sidestart|p2: Ranzurant|Spikes\n|\n|-heal|p2a: Venusaur|145/272|[from] item: Leftovers\n|-damage|p1a: Coalossal|299/341|[from] Leech Seed|[of] p2a: Venusaur\n|-heal|p2a: Venusaur|187/272|[silent]\n|upkeep\n|turn|6\n|\n|t:|1771216393\n|switch|p1a: Drifblim|Drifblim, L86, M|396/396\n|move|p2a: Venusaur|Sleep Powder|p1a: Drifblim|[miss]\n|-miss|p2a: Venusaur|p1a: Drifblim\n|\n|-heal|p2a: Venusaur|204/272|[from] item: Leftovers\n|upkeep\n|turn|7\n|\n|t:|1771216408\n|move|p1a: Drifblim|Air Slash|p2a: Venusaur\n|-supereffective|p2a: Venusaur\n|-end|p2a: Venusaur|Substitute\n|move|p2a: Venusaur|Sleep Powder|p1a: Drifblim\n|-status|p1a: Drifblim|slp|[from] move: Sleep Powder\n|\n|-heal|p2a: Venusaur|221/272|[from] item: Leftovers\n|upkeep\n|turn|8\n|inactive|bajiiruu has 120 seconds left.\n|\n|t:|1771216444\n|switch|p1a: Miraidon|Miraidon, L65|238/238\n|-fieldstart|move: Electric Terrain|[from] ability: Hadron Engine|[of] p1a: Miraidon\n|move|p2a: Venusaur|Leech Seed|p1a: Miraidon\n|-start|p1a: Miraidon|move: Leech Seed\n|\n|-heal|p2a: Venusaur|238/272|[from] item: Leftovers\n|-damage|p1a: Miraidon|209/238|[from] Leech Seed|[of] p2a: Venusaur\n|-heal|p2a: Venusaur|267/272|[silent]\n|upkeep\n|turn|9\n|\n|t:|1771216467\n|switch|p1a: Coalossal|Coalossal, L89, M|299/341\n|move|p2a: Venusaur|Substitute|p2a: Venusaur\n|-start|p2a: Venusaur|Substitute\n|-damage|p2a: Venusaur|199/272\n|\n|-heal|p2a: Venusaur|216/272|[from] item: Leftovers\n|upkeep\n|turn|10\n|inactive|Ranzurant has 120 seconds left.\n|\n|t:|1771216512\n|move|p2a: Venusaur|Leech Seed|p1a: Coalossal|[miss]\n|-miss|p2a: Venusaur|p1a: Coalossal\n|move|p1a: Coalossal|Stone Edge|p2a: Venusaur|[miss]\n|-miss|p1a: Coalossal|p2a: Venusaur\n|\n|-heal|p2a: Venusaur|233/272|[from] item: Leftovers\n|upkeep\n|turn|11\n|\n|t:|1771216526\n|move|p2a: Venusaur|Leech Seed|p1a: Coalossal\n|-start|p1a: Coalossal|move: Leech Seed\n|move|p1a: Coalossal|Stone Edge|p2a: Venusaur\n|-end|p2a: Venusaur|Substitute\n|\n|-heal|p2a: Venusaur|250/272|[from] item: Leftovers\n|-damage|p1a: Coalossal|257/341|[from] Leech Seed|[of] p2a: Venusaur\n|-heal|p2a: Venusaur|272/272|[silent]\n|upkeep\n|turn|12\n|\n|t:|1771216544\n|move|p2a: Venusaur|Substitute|p2a: Venusaur\n|-start|p2a: Venusaur|Substitute\n|-damage|p2a: Venusaur|204/272\n|move|p1a: Coalossal|Stone Edge|p2a: Venusaur\n|-end|p2a: Venusaur|Substitute\n|\n|-heal|p2a: Venusaur|221/272|[from] item: Leftovers\n|-damage|p1a: Coalossal|215/341|[from] Leech Seed|[of] p2a: Venusaur\n|-heal|p2a: Venusaur|263/272|[silent]\n|-fieldend|move: Electric Terrain\n|upkeep\n|turn|13\n|\n|t:|1771216554\n|switch|p1a: Mabosstiff|Mabosstiff, L86, F|278/278\n|move|p2a: Venusaur|Substitute|p2a: Venusaur\n|-start|p2a: Venusaur|Substitute\n|-damage|p2a: Venusaur|195/272\n|\n|-heal|p2a: Venusaur|212/272|[from] item: Leftovers\n|upkeep\n|turn|14\n|inactive|Ranzurant has 120 seconds left.\n|\n|t:|1771216582\n|move|p1a: Mabosstiff|Psychic Fangs|p2a: Venusaur\n|-supereffective|p2a: Venusaur\n|-end|p2a: Venusaur|Substitute\n|move|p2a: Venusaur|Leech Seed|p1a: Mabosstiff\n|-start|p1a: Mabosstiff|move: Leech Seed\n|\n|-heal|p2a: Venusaur|229/272|[from] item: Leftovers\n|-damage|p1a: Mabosstiff|244/278|[from] Leech Seed|[of] p2a: Venusaur\n|-heal|p2a: Venusaur|263/272|[silent]\n|upkeep\n|turn|15\n|\n|t:|1771216595\n|-terastallize|p2a: Venusaur|Steel\n|move|p1a: Mabosstiff|Psychic Fangs|p2a: Venusaur\n|-resisted|p2a: Venusaur\n|-damage|p2a: Venusaur|209/272\n|move|p2a: Venusaur|Substitute|p2a: Venusaur\n|-start|p2a: Venusaur|Substitute\n|-damage|p2a: Venusaur|141/272\n|\n|-heal|p2a: Venusaur|158/272|[from] item: Leftovers\n|-damage|p1a: Mabosstiff|210/278|[from] Leech Seed|[of] p2a: Venusaur\n|-heal|p2a: Venusaur|192/272|[silent]\n|upkeep\n|turn|16\n|inactive|Ranzurant has 90 seconds left.\n|inactive|bajiiruu has 90 seconds left.\n|inactive|Ranzurant has 60 seconds left.\n|\n|t:|1771216649\n|switch|p1a: Miraidon|Miraidon, L65|209/238\n|-fieldstart|move: Electric Terrain|[from] ability: Hadron Engine|[of] p1a: Miraidon\n|move|p2a: Venusaur|Sludge Bomb|p1a: Miraidon\n|-damage|p1a: Miraidon|110/238\n|\n|-heal|p1a: Miraidon|124/238|[from] item: Leftovers\n|-heal|p2a: Venusaur|209/272|[from] item: Leftovers\n|upkeep\n|turn|17\n|inactive|bajiiruu has 90 seconds left.\n|\n|t:|1771216665\n|move|p1a: Miraidon|Substitute|p1a: Miraidon\n|-start|p1a: Miraidon|Substitute\n|-damage|p1a: Miraidon|65/238\n|move|p2a: Venusaur|Leech Seed||[still]\n|-fail|p2a: Venusaur\n|\n|-heal|p1a: Miraidon|79/238|[from] item: Leftovers\n|-heal|p2a: Venusaur|226/272|[from] item: Leftovers\n|upkeep\n|turn|18\n|inactive|Ranzurant has 60 seconds left.\n|\n|t:|1771216697\n|move|p1a: Miraidon|Electro Drift|p2a: Venusaur\n|-end|p2a: Venusaur|Substitute\n|move|p2a: Venusaur|Sludge Bomb|p1a: Miraidon\n|-end|p1a: Miraidon|Substitute\n|\n|-heal|p1a: Miraidon|93/238|[from] item: Leftovers\n|-heal|p2a: Venusaur|243/272|[from] item: Leftovers\n|upkeep\n|turn|19\n|\n|t:|1771216712\n|move|p1a: Miraidon|Electro Drift|p2a: Venusaur\n|-damage|p2a: Venusaur|117/272\n|move|p2a: Venusaur|Substitute|p2a: Venusaur\n|-start|p2a: Venusaur|Substitute\n|-damage|p2a: Venusaur|49/272\n|\n|-heal|p1a: Miraidon|107/238|[from] item: Leftovers\n|-heal|p2a: Venusaur|66/272|[from] item: Leftovers\n|upkeep\n|turn|20\n|inactive|Ranzurant has 60 seconds left.\n|\n|t:|1771216720\n|move|p1a: Miraidon|Substitute|p1a: Miraidon\n|-start|p1a: Miraidon|Substitute\n|-damage|p1a: Miraidon|48/238\n|move|p2a: Venusaur|Sludge Bomb|p1a: Miraidon\n|-end|p1a: Miraidon|Substitute\n|\n|-heal|p1a: Miraidon|62/238|[from] item: Leftovers\n|-heal|p2a: Venusaur|83/272|[from] item: Leftovers\n|-fieldend|move: Electric Terrain\n|upkeep\n|turn|21\n|inactive|bajiiruu has 60 seconds left.\n|\n|t:|1771216751\n|move|p1a: Miraidon|Electro Drift|p2a: Venusaur\n|-end|p2a: Venusaur|Substitute\n|move|p2a: Venusaur|Sludge Bomb|p1a: Miraidon\n|-damage|p1a: Miraidon|0 fnt\n|faint|p1a: Miraidon\n|\n|-heal|p2a: Venusaur|100/272|[from] item: Leftovers\n|upkeep\n|c|☆Ranzurant|dude I alr completed another battle and u still cant take this out\n|\n|t:|1771216763\n|switch|p1a: Mabosstiff|Mabosstiff, L86, F|210/278\n|turn|22\n|\n|t:|1771216771\n|move|p1a: Mabosstiff|Crunch|p2a: Venusaur\n|-damage|p2a: Venusaur|0 fnt\n|faint|p2a: Venusaur\n|\n|upkeep\n|\n|t:|1771216777\n|switch|p2a: Lapras|Lapras, L87, M|368/368\n|turn|23\n|\n|t:|1771216792\n|switch|p1a: Swanna|Swanna, L89, F|278/278\n|move|p2a: Lapras|Sparkling Aria|p1a: Swanna\n|-resisted|p1a: Swanna\n|-crit|p1a: Swanna\n|-damage|p1a: Swanna|193/278\n|\n|upkeep\n|turn|24\n|c|☆bajiiruu|issa so hard\n|inactive|bajiiruu has 60 seconds left.\n|\n|t:|1771216811\n|move|p1a: Swanna|Brave Bird|p2a: Lapras\n|-damage|p2a: Lapras|244/368\n|-damage|p1a: Swanna|152/278|[from] Recoil\n|move|p2a: Lapras|Freeze-Dry|p1a: Swanna\n|-supereffective|p1a: Swanna\n|-damage|p1a: Swanna|0 fnt\n|faint|p1a: Swanna\n|\n|upkeep\n|inactive|bajiiruu has 60 seconds left.\n|\n|t:|1771216828\n|switch|p1a: Mabosstiff|Mabosstiff, L86, F|210/278\n|turn|25\n|\n|t:|1771216851\n|switch|p2a: Qwilfish|Qwilfish, L86, M|252/252\n|-damage|p2a: Qwilfish|189/252|[from] Spikes\n|-damage|p2a: Qwilfish|158/252|[from] Stealth Rock\n|-ability|p2a: Qwilfish|Intimidate|boost\n|-unboost|p1a: Mabosstiff|atk|1\n|move|p1a: Mabosstiff|Wild Charge|p2a: Qwilfish\n|-supereffective|p2a: Qwilfish\n|-damage|p2a: Qwilfish|0 fnt\n|faint|p2a: Qwilfish\n|-damage|p1a: Mabosstiff|170/278|[from] Recoil\n|\n|upkeep\n|inactive|Ranzurant has 90 seconds left.\n|\n|t:|1771216861\n|switch|p2a: Torterra|Torterra, L78, M|276/276\n|-damage|p2a: Torterra|207/276|[from] Spikes\n|-damage|p2a: Torterra|190/276|[from] Stealth Rock\n|turn|26\n|\n|t:|1771216875\n|switch|p1a: Drifblim|Drifblim, L86, M|396/396 slp\n|move|p2a: Torterra|Shell Smash|p2a: Torterra\n|-unboost|p2a: Torterra|def|1\n|-unboost|p2a: Torterra|spd|1\n|-boost|p2a: Torterra|atk|2\n|-boost|p2a: Torterra|spa|2\n|-boost|p2a: Torterra|spe|2\n|\n|upkeep\n|turn|27\n|inactive|bajiiruu has 60 seconds left.\n|\n|t:|1771216897\n|-terastallize|p1a: Drifblim|Ghost\n|move|p2a: Torterra|Rock Blast|p1a: Drifblim\n|-damage|p1a: Drifblim|344/396 slp\n|-damage|p1a: Drifblim|292/396 slp\n|-damage|p1a: Drifblim|237/396 slp\n|-damage|p1a: Drifblim|181/396 slp\n|-enditem|p1a: Drifblim|Sitrus Berry|[eat]\n|-heal|p1a: Drifblim|280/396 slp|[from] item: Sitrus Berry\n|-damage|p1a: Drifblim|231/396 slp\n|-hitcount|p1a: Drifblim|5\n|cant|p1a: Drifblim|slp\n|\n|upkeep\n|turn|28\n|inactive|bajiiruu has 60 seconds left.\n|c|☆Ranzurant|lmao did u forget that I put u on sleep?\n|\n|t:|1771216911\n|cant|p1a: Drifblim|slp\n|move|p2a: Torterra|Headlong Rush|p1a: Drifblim\n|-damage|p1a: Drifblim|0 fnt\n|-unboost|p2a: Torterra|def|1\n|-unboost|p2a: Torterra|spd|1\n|faint|p1a: Drifblim\n|\n|upkeep\n|\n|t:|1771216932\n|switch|p1a: Samurott|Samurott-Hisui, L77, M|199/265\n|turn|29\n|\n|t:|1771216935\n|move|p1a: Samurott|Sucker Punch|p2a: Torterra\n|-damage|p2a: Torterra|0 fnt\n|faint|p2a: Torterra\n|\n|upkeep\n|\n|t:|1771216942\n|switch|p2a: Hariyama|Hariyama, L87, M|392/392\n|-damage|p2a: Hariyama|294/392|[from] Spikes\n|-damage|p2a: Hariyama|270/392|[from] Stealth Rock\n|turn|30\n|inactive|bajiiruu has 60 seconds left.\n|\n|t:|1771216975\n|switch|p1a: Coalossal|Coalossal, L89, M|215/341\n|move|p2a: Hariyama|Close Combat|p1a: Coalossal\n|-supereffective|p1a: Coalossal\n|-damage|p1a: Coalossal|0 fnt\n|-unboost|p2a: Hariyama|def|1\n|-unboost|p2a: Hariyama|spd|1\n|-status|p2a: Hariyama|brn|[from] ability: Flame Body|[of] p1a: Coalossal\n|faint|p1a: Coalossal\n|\n|-damage|p2a: Hariyama|246/392 brn|[from] brn\n|upkeep\n|inactive|bajiiruu has 30 seconds left.\n|c|☆Ranzurant|Thnx\n|inactive|bajiiruu has 20 seconds left.\n|\n|t:|1771216997\n|switch|p1a: Samurott|Samurott-Hisui, L77, M|199/265\n|turn|31\n|inactive|bajiiruu has 30 seconds left this turn.\n|\n|t:|1771217005\n|move|p1a: Samurott|Razor Shell|p2a: Hariyama\n|-damage|p2a: Hariyama|0 fnt\n|faint|p2a: Hariyama\n|\n|upkeep\n|\n|t:|1771217010\n|switch|p2a: Lapras|Lapras, L87, M|244/368\n|turn|32\n|\n|t:|1771217026\n|switch|p1a: Mabosstiff|Mabosstiff, L86, F|170/278\n|move|p2a: Lapras|Freeze-Dry|p1a: Mabosstiff\n|-damage|p1a: Mabosstiff|94/278\n|\n|upkeep\n|turn|33\n|\n|t:|1771217034\n|switch|p2a: Froslass|Froslass, L87, F|263/263\n|-damage|p2a: Froslass|198/263|[from] Spikes\n|-damage|p2a: Froslass|133/263|[from] Stealth Rock\n|move|p1a: Mabosstiff|Wild Charge|p2a: Froslass\n|-damage|p2a: Froslass|0 fnt\n|faint|p2a: Froslass\n|-damage|p1a: Mabosstiff|61/278|[from] Recoil\n|\n|upkeep\n|\n|t:|1771217043\n|switch|p2a: Lapras|Lapras, L87, M|244/368\n|turn|34\n|c|☆bajiiruu|????????????\n|\n|t:|1771217048\n|move|p1a: Mabosstiff|Wild Charge|p2a: Lapras\n|-supereffective|p2a: Lapras\n|-damage|p2a: Lapras|0 fnt\n|faint|p2a: Lapras\n|-damage|p1a: Mabosstiff|0 fnt|[from] Recoil\n|faint|p1a: Mabosstiff\n|\n|win|bajiiruu\n|raw|bajiiruu's rating: 1624 &rarr; <strong>1643</strong><br />(+19 for winning)\n|raw|Ranzurant's rating: 1599 &rarr; <strong>1580</strong><br />(-19 for losing)\n|l|☆Ranzurant\n|player|p2|\n|c|☆bajiiruu|????????????????????\n|c|☆bajiiruu|WHAT\n|c|☆bajiiruu|WHAT\n|c|☆bajiiruu|WAS THAT\n", "inputlog": ">version 686819e5e19f8a7fd2345cfc5a08a5085efa2cc3\n>start {\"formatid\":\"gen9randombattle\",\"seed\":\"sodium,dc11e08b35c23a8a8b6073f8595f3ca1\",\"rated\":\"Rated battle\"}\n>player p1 {\"name\":\"bajiiruu\",\"avatar\":\"preschooler\",\"rating\":1624,\"seed\":\"sodium,97d460a17e36c7408216bc2702a3ed44\"}\n>player p2 {\"name\":\"Ranzurant\",\"avatar\":\"lucas-gen4pt\",\"rating\":1580,\"seed\":\"sodium,fb8478474742a867da648c7a51246c1d\"}\n>p1 move ceaselessedge\n>p2 move leechseed\n>p1 move ceaselessedge\n>p2 move substitute\n>p1 switch 4\n>p2 move substitute\n>p1 move stealthrock\n>p2 move sleeppowder\n>p1 move spikes\n>p2 move leechseed\n>p1 switch 5\n>p2 move sleeppowder\n>p1 move airslash\n>p2 move sleeppowder\n>p1 switch 6\n>p2 move leechseed\n>p1 switch 5\n>p2 move substitute\n>p1 move stoneedge\n>p2 move leechseed\n>p1 move stoneedge\n>p2 move leechseed\n>p1 move stoneedge\n>p2 move substitute\n>p1 switch 2\n>p2 move substitute\n>p1 move psychicfangs\n>p2 move leechseed\n>p1 move psychicfangs\n>p2 move substitute terastallize\n>p1 switch 5\n>p2 move sludgebomb\n>p1 move substitute\n>p2 move leechseed\n>p1 move electrodrift\n>p2 move sludgebomb\n>p1 move electrodrift\n>p2 move substitute\n>p1 move substitute\n>p2 move sludgebomb\n>p1 move electrodrift\n>p2 move sludgebomb\n>chat ☆Ranzurant|dude I alr completed another battle and u still cant take this out\n>p1 switch 5\n>p1 move crunch\n>p2 move leechseed\n>p2 switch 4\n>p1 switch 3\n>p2 move sparklingaria\n>chat ☆bajiiruu|issa so hard\n>p1 move bravebird\n>p2 move freezedry\n>p1 switch 3\n>p1 move wildcharge\n>p2 switch 5\n>p2 switch 2\n>p1 switch 6\n>p2 move shellsmash\n>p1 move airslash terastallize\n>p2 move rockblast\n>chat ☆Ranzurant|lmao did u forget that I put u on sleep?\n>p1 move strengthsap\n>p2 move headlongrush\n>p1 switch 4\n>p1 move suckerpunch\n>p2 move bulletseed\n>p2 switch 3\n>p1 switch 2\n>p2 move closecombat\n>chat ☆Ranzurant|Thnx\n>p1 switch 2\n>p1 move razorshell\n>p2 move closecombat\n>p2 switch 5\n>p1 switch 6\n>p2 move freezedry\n>p1 move wildcharge\n>p2 switch 6\n>p2 switch 6\n>chat ☆bajiiruu|????????????\n>p1 move wildcharge\n>p2 move rest", "uploadtime": 1771217068, "views": 15, "formatid": "gen9randombattle", "rating": 1580, "private": 0, "password": null}