{"id": "gen9randombattle-2540921779", "format": "[Gen 9] Random Battle", "players": ["Pleepage", "LloydDafydd"], "log": "|j|☆Pleepage\n|j|☆LloydDafydd\n|t:|1771267384\n|gametype|singles\n|player|p1|Pleepage|169|1844\n|player|p2|LloydDafydd|170|1797\n|gen|9\n|tier|[Gen 9] Random Battle\n|rated|\n|rule|Species Clause: Limit one of each Pokémon\n|rule|HP Percentage Mod: HP is shown in percentages\n|rule|Sleep Clause Mod: Limit one foe put to sleep\n|rule|Illusion Level Mod: Illusion disguises the Pokémon's true level\n|\n|t:|1771267384\n|teamsize|p1|6\n|teamsize|p2|6\n|start\n|switch|p1a: Emboar|Emboar, L84, M|322/322\n|switch|p2a: Bruxish|Bruxish, L85, F|254/254\n|turn|1\n|inactive|Battle timer is ON: inactive players will automatically lose when time's up. (requested by LloydDafydd)\n|\n|t:|1771267399\n|switch|p1a: Dewgong|Dewgong, L94, M|322/322\n|move|p2a: Bruxish|Swords Dance|p2a: Bruxish\n|-boost|p2a: Bruxish|atk|2\n|\n|upkeep\n|turn|2\n|\n|t:|1771267402\n|move|p2a: Bruxish|Psychic Fangs|p1a: Dewgong\n|-damage|p1a: Dewgong|0 fnt\n|faint|p1a: Dewgong\n|-damage|p2a: Bruxish|229/254|[from] item: Life Orb\n|\n|upkeep\n|\n|t:|1771267410\n|switch|p1a: Pyroar|Pyroar, L88, F|295/295\n|-ability|p1a: Pyroar|Unnerve\n|turn|3\n|\n|t:|1771267430\n|move|p1a: Pyroar|Dark Pulse|p2a: Bruxish\n|-supereffective|p2a: Bruxish\n|-damage|p2a: Bruxish|81/254\n|move|p2a: Bruxish|Psychic Fangs|p1a: Pyroar\n|-damage|p1a: Pyroar|0 fnt\n|faint|p1a: Pyroar\n|-damage|p2a: Bruxish|56/254|[from] item: Life Orb\n|\n|upkeep\n|\n|t:|1771267445\n|switch|p1a: Hitmonchan|Hitmonchan, L87, M|229/229\n|turn|4\n|\n|t:|1771267453\n|-terastallize|p1a: Hitmonchan|Steel\n|move|p2a: Bruxish|Psychic Fangs|p1a: Hitmonchan\n|-resisted|p1a: Hitmonchan\n|-damage|p1a: Hitmonchan|33/229\n|-damage|p2a: Bruxish|31/254|[from] item: Life Orb\n|move|p1a: Hitmonchan|Rapid Spin|p2a: Bruxish\n|-damage|p2a: Bruxish|0 fnt\n|-boost|p1a: Hitmonchan|spe|1\n|faint|p2a: Bruxish\n|\n|-heal|p1a: Hitmonchan|47/229|[from] item: Leftovers\n|upkeep\n|\n|t:|1771267468\n|switch|p2a: Hawlucha|Hawlucha, L80, M|256/256\n|turn|5\n|\n|t:|1771267474\n|switch|p1a: Toxtricity|Toxtricity, L82, M|257/257\n|move|p2a: Hawlucha|Close Combat|p1a: Toxtricity\n|-resisted|p1a: Toxtricity\n|-damage|p1a: Toxtricity|191/257\n|-unboost|p2a: Hawlucha|def|1\n|-unboost|p2a: Hawlucha|spd|1\n|-enditem|p2a: Hawlucha|White Herb\n|-clearnegativeboost|p2a: Hawlucha|[silent]\n|\n|upkeep\n|turn|6\n|\n|t:|1771267491\n|switch|p2a: Slaking|Slaking, L84, F|389/389\n|move|p1a: Toxtricity|Shift Gear|p1a: Toxtricity\n|-boost|p1a: Toxtricity|spe|2\n|-boost|p1a: Toxtricity|atk|1\n|\n|upkeep\n|turn|7\n|\n|t:|1771267498\n|move|p1a: Toxtricity|Gunk Shot|p2a: Slaking\n|-damage|p2a: Slaking|232/389\n|move|p2a: Slaking|Double-Edge|p1a: Toxtricity\n|-damage|p1a: Toxtricity|0 fnt\n|faint|p1a: Toxtricity\n|-damage|p2a: Slaking|169/389|[from] Recoil\n|\n|upkeep\n|\n|t:|1771267504\n|switch|p1a: Emboar|Emboar, L84, M|322/322\n|turn|8\n|\n|t:|1771267513\n|switch|p2a: Hawlucha|Hawlucha, L80, M|256/256\n|move|p1a: Emboar|Bulk Up|p1a: Emboar\n|-boost|p1a: Emboar|atk|1\n|-boost|p1a: Emboar|def|1\n|\n|upkeep\n|turn|9\n|\n|t:|1771267517\n|move|p2a: Hawlucha|Brave Bird|p1a: Emboar\n|-supereffective|p1a: Emboar\n|-damage|p1a: Emboar|130/322\n|-damage|p2a: Hawlucha|193/256|[from] Recoil\n|move|p1a: Emboar|Flare Blitz|p2a: Hawlucha\n|-damage|p2a: Hawlucha|0 fnt\n|faint|p2a: Hawlucha\n|-damage|p1a: Emboar|66/322|[from] Recoil\n|\n|-heal|p1a: Emboar|86/322|[from] item: Leftovers\n|upkeep\n|\n|t:|1771267525\n|switch|p2a: Tauros|Tauros-Paldea-Aqua, L81, M|254/254\n|-ability|p2a: Tauros|Intimidate|boost\n|-unboost|p1a: Emboar|atk|1\n|turn|10\n|\n|t:|1771267529\n|move|p2a: Tauros|Wave Crash|p1a: Emboar\n|-supereffective|p1a: Emboar\n|-damage|p1a: Emboar|0 fnt\n|faint|p1a: Emboar\n|-damage|p2a: Tauros|226/254|[from] Recoil\n|\n|upkeep\n|\n|t:|1771267534\n|switch|p1a: Hitmonchan|Hitmonchan, L87, M, tera:Steel|47/229\n|turn|11\n|\n|t:|1771267537\n|move|p2a: Tauros|Wave Crash|p1a: Hitmonchan\n|-damage|p1a: Hitmonchan|0 fnt\n|faint|p1a: Hitmonchan\n|-damage|p2a: Tauros|210/254|[from] Recoil\n|\n|upkeep\n|\n|t:|1771267539\n|switch|p1a: Baxcalibur|Baxcalibur, L75, M|295/295\n|turn|12\n|\n|t:|1771267543\n|switch|p2a: Slaking|Slaking, L84, F|169/389\n|move|p1a: Baxcalibur|Swords Dance|p1a: Baxcalibur\n|-boost|p1a: Baxcalibur|atk|2\n|\n|upkeep\n|turn|13\n|\n|t:|1771267547\n|move|p2a: Slaking|Double-Edge|p1a: Baxcalibur\n|-damage|p1a: Baxcalibur|0 fnt\n|faint|p1a: Baxcalibur\n|-damage|p2a: Slaking|72/389|[from] Recoil\n|\n|win|LloydDafydd\n|raw|Pleepage's rating: 1844 &rarr; <strong>1821</strong><br />(-23 for losing)\n|raw|LloydDafydd's rating: 1797 &rarr; <strong>1820</strong><br />(+23 for winning)\n|c|☆LloydDafydd|gg\n|l|☆Pleepage\n|player|p1|\n", "inputlog": ">version 686819e5e19f8a7fd2345cfc5a08a5085efa2cc3\n>start {\"formatid\":\"gen9randombattle\",\"seed\":\"sodium,27fd49efbd9391b920141babff4563c1\",\"rated\":\"Rated battle\"}\n>player p1 {\"name\":\"Pleepage\",\"avatar\":\"169\",\"rating\":1844,\"seed\":\"sodium,ec0730776b34bd33f9bdba6d206e05d3\"}\n>player p2 {\"name\":\"LloydDafydd\",\"avatar\":\"170\",\"rating\":1797,\"seed\":\"sodium,eb931cc0ae5ffe824eba32b59d3e924d\"}\n>p1 switch 5\n>p2 move swordsdance\n>p1 move knockoff\n>p2 move psychicfangs\n>p1 switch 6\n>p1 move darkpulse\n>p2 move psychicfangs\n>p1 switch 3\n>p1 move rapidspin terastallize\n>p2 move psychicfangs\n>p2 switch 2\n>p1 switch 4\n>p2 move closecombat\n>p1 move shiftgear\n>p2 switch 4\n>p1 move gunkshot\n>p2 move doubleedge\n>p1 switch 5\n>p1 move bulkup\n>p2 switch 4\n>p1 move flareblitz\n>p2 move bravebird\n>p2 switch 3\n>p1 move trailblaze\n>p2 move wavecrash\n>p1 switch 4\n>p1 move drainpunch\n>p2 move wavecrash\n>p1 switch 2\n>p1 move swordsdance\n>p2 switch 4\n>p1 move scaleshot\n>p2 move doubleedge", "uploadtime": 1771267552, "views": 3, "formatid": "gen9randombattle", "rating": 1820, "private": 0, "password": null}