{"id": "gen9randombattle-2540630989", "format": "[Gen 9] Random Battle", "players": ["Cookiebaby123", "DonovanIsNotHere"], "log": "|j|☆Cookiebaby123\n|j|☆DonovanIsNotHere\n|t:|1771230699\n|gametype|singles\n|player|p1|Cookiebaby123|266|1586\n|player|p2|DonovanIsNotHere|102|1626\n|gen|9\n|tier|[Gen 9] Random Battle\n|rated|\n|rule|Species Clause: Limit one of each Pokémon\n|rule|HP Percentage Mod: HP is shown in percentages\n|rule|Sleep Clause Mod: Limit one foe put to sleep\n|rule|Illusion Level Mod: Illusion disguises the Pokémon's true level\n|\n|t:|1771230699\n|teamsize|p1|6\n|teamsize|p2|6\n|start\n|switch|p1a: Leafeon|Leafeon, L88, F|258/258\n|switch|p2a: Araquanid|Araquanid, L82, F|246/246\n|turn|1\n|inactive|Battle timer is ON: inactive players will automatically lose when time's up. (requested by DonovanIsNotHere)\n|\n|t:|1771230713\n|move|p1a: Leafeon|Swords Dance|p1a: Leafeon\n|-boost|p1a: Leafeon|atk|2\n|move|p2a: Araquanid|Leech Life|p1a: Leafeon\n|-supereffective|p1a: Leafeon\n|-damage|p1a: Leafeon|162/258\n|\n|-heal|p1a: Leafeon|178/258|[from] item: Leftovers\n|upkeep\n|turn|2\n|\n|t:|1771230727\n|switch|p2a: Jumpluff|Jumpluff, L87, F|271/271\n|move|p1a: Leafeon|Leaf Blade|p2a: Jumpluff\n|-resisted|p2a: Jumpluff\n|-damage|p2a: Jumpluff|207/271\n|\n|-heal|p1a: Leafeon|194/258|[from] item: Leftovers\n|upkeep\n|turn|3\n|\n|t:|1771230738\n|switch|p1a: Probopass|Probopass, L91, M|257/257\n|move|p2a: Jumpluff|U-turn|p1a: Probopass\n|-resisted|p1a: Probopass\n|-damage|p1a: Probopass|245/257\n|\n|t:|1771230747\n|switch|p2a: Araquanid|Araquanid, L82, F|246/246|[from] U-turn\n|\n|-heal|p1a: Probopass|257/257|[from] item: Leftovers\n|upkeep\n|turn|4\n|\n|t:|1771230766\n|switch|p1a: Leafeon|Leafeon, L88, F|194/258\n|move|p2a: Araquanid|Hydro Pump|p1a: Leafeon|[miss]\n|-miss|p2a: Araquanid|p1a: Leafeon\n|\n|-heal|p1a: Leafeon|210/258|[from] item: Leftovers\n|upkeep\n|turn|5\n|\n|t:|1771230780\n|move|p1a: Leafeon|Substitute|p1a: Leafeon\n|-start|p1a: Leafeon|Substitute\n|-damage|p1a: Leafeon|146/258\n|move|p2a: Araquanid|Leech Life|p1a: Leafeon\n|-supereffective|p1a: Leafeon\n|-end|p1a: Leafeon|Substitute\n|\n|-heal|p1a: Leafeon|162/258|[from] item: Leftovers\n|upkeep\n|turn|6\n|\n|t:|1771230792\n|move|p1a: Leafeon|Swords Dance|p1a: Leafeon\n|-boost|p1a: Leafeon|atk|2\n|move|p2a: Araquanid|Leech Life|p1a: Leafeon\n|-supereffective|p1a: Leafeon\n|-damage|p1a: Leafeon|66/258\n|\n|-heal|p1a: Leafeon|82/258|[from] item: Leftovers\n|upkeep\n|turn|7\n|\n|t:|1771230802\n|move|p1a: Leafeon|Leaf Blade|p2a: Araquanid\n|-damage|p2a: Araquanid|11/246\n|move|p2a: Araquanid|Leech Life|p1a: Leafeon\n|-supereffective|p1a: Leafeon\n|-damage|p1a: Leafeon|0 fnt\n|-heal|p2a: Araquanid|52/246|[from] drain|[of] p1a: Leafeon\n|faint|p1a: Leafeon\n|\n|upkeep\n|\n|t:|1771230819\n|switch|p1a: Probopass|Probopass, L91, M|257/257\n|turn|8\n|\n|t:|1771230825\n|move|p1a: Probopass|Power Gem|p2a: Araquanid\n|-supereffective|p2a: Araquanid\n|-damage|p2a: Araquanid|0 fnt\n|faint|p2a: Araquanid\n|\n|upkeep\n|\n|t:|1771230830\n|switch|p2a: Hippowdon|Hippowdon, L82, M|311/311\n|-weather|Sandstorm|[from] ability: Sand Stream|[of] p2a: Hippowdon\n|turn|9\n|\n|t:|1771230841\n|switch|p1a: Toedscruel|Toedscruel, L87, M|281/281\n|move|p2a: Hippowdon|Earthquake|p1a: Toedscruel\n|-resisted|p1a: Toedscruel\n|-damage|p1a: Toedscruel|208/281\n|\n|-weather|Sandstorm|[upkeep]\n|-heal|p1a: Toedscruel|225/281|[from] item: Leftovers\n|upkeep\n|turn|10\n|\n|t:|1771230856\n|switch|p2a: Jumpluff|Jumpluff, L87, F|207/271\n|move|p1a: Toedscruel|Leaf Storm|p2a: Jumpluff\n|-resisted|p2a: Jumpluff\n|-damage|p2a: Jumpluff|178/271\n|-unboost|p1a: Toedscruel|spa|2\n|\n|-weather|Sandstorm|[upkeep]\n|-damage|p2a: Jumpluff|162/271|[from] Sandstorm\n|-heal|p1a: Toedscruel|242/281|[from] item: Leftovers\n|upkeep\n|turn|11\n|\n|t:|1771230868\n|switch|p1a: Probopass|Probopass, L91, M|257/257\n|move|p2a: Jumpluff|Strength Sap|p1a: Probopass\n|-unboost|p1a: Probopass|atk|1\n|-heal|p2a: Jumpluff|267/271\n|\n|-weather|Sandstorm|[upkeep]\n|-damage|p2a: Jumpluff|251/271|[from] Sandstorm\n|upkeep\n|turn|12\n|\n|t:|1771230882\n|move|p2a: Jumpluff|U-turn|p1a: Probopass\n|-resisted|p1a: Probopass\n|-damage|p1a: Probopass|245/257\n|\n|t:|1771230888\n|switch|p2a: Dondozo|Dondozo, L78, F|362/362|[from] U-turn\n|move|p1a: Probopass|Iron Defense|p1a: Probopass\n|-boost|p1a: Probopass|def|2\n|\n|-weather|Sandstorm|[upkeep]\n|-damage|p2a: Dondozo|340/362|[from] Sandstorm\n|-heal|p1a: Probopass|257/257|[from] item: Leftovers\n|-heal|p2a: Dondozo|362/362|[from] item: Leftovers\n|upkeep\n|turn|13\n|\n|t:|1771230906\n|switch|p1a: Toedscruel|Toedscruel, L87, M|242/281\n|move|p2a: Dondozo|Wave Crash|p1a: Toedscruel\n|-damage|p1a: Toedscruel|101/281\n|-damage|p2a: Dondozo|315/362|[from] Recoil\n|\n|-weather|none\n|-heal|p1a: Toedscruel|118/281|[from] item: Leftovers\n|-heal|p2a: Dondozo|337/362|[from] item: Leftovers\n|upkeep\n|turn|14\n|\n|t:|1771230919\n|switch|p1a: Probopass|Probopass, L91, M|257/257\n|switch|p2a: Jumpluff|Jumpluff, L87, F|251/271\n|\n|upkeep\n|turn|15\n|\n|t:|1771230929\n|move|p2a: Jumpluff|U-turn|p1a: Probopass\n|-resisted|p1a: Probopass\n|-damage|p1a: Probopass|246/257\n|\n|t:|1771230930\n|switch|p2a: Dondozo|Dondozo, L78, F|337/362|[from] U-turn\n|move|p1a: Probopass|Power Gem|p2a: Dondozo\n|-damage|p2a: Dondozo|226/362\n|\n|-heal|p1a: Probopass|257/257|[from] item: Leftovers\n|-heal|p2a: Dondozo|248/362|[from] item: Leftovers\n|upkeep\n|turn|16\n|\n|t:|1771230959\n|switch|p1a: Volcanion|Volcanion, L79|255/255\n|move|p2a: Dondozo|Wave Crash|p1a: Volcanion\n|-immune|p1a: Volcanion|[from] ability: Water Absorb\n|\n|-heal|p2a: Dondozo|270/362|[from] item: Leftovers\n|upkeep\n|turn|17\n|\n|t:|1771230986\n|switch|p2a: Mightyena|Mightyena, L96, F|290/290\n|-ability|p2a: Mightyena|Intimidate|boost\n|-unboost|p1a: Volcanion|atk|1\n|move|p1a: Volcanion|Sludge Bomb|p2a: Mightyena\n|-damage|p2a: Mightyena|237/290\n|\n|upkeep\n|turn|18\n|\n|t:|1771230995\n|switch|p1a: Probopass|Probopass, L91, M|257/257\n|move|p2a: Mightyena|Super Fang|p1a: Probopass\n|-damage|p1a: Probopass|129/257\n|\n|-heal|p1a: Probopass|145/257|[from] item: Leftovers\n|upkeep\n|turn|19\n|inactive|DonovanIsNotHere has 120 seconds left.\n|\n|t:|1771231029\n|move|p2a: Mightyena|Super Fang|p1a: Probopass\n|-damage|p1a: Probopass|73/257\n|move|p1a: Probopass|Body Press|p2a: Mightyena\n|-supereffective|p2a: Mightyena\n|-damage|p2a: Mightyena|55/290\n|\n|-heal|p1a: Probopass|89/257|[from] item: Leftovers\n|upkeep\n|turn|20\n|inactive|DonovanIsNotHere has 120 seconds left.\n|\n|t:|1771231047\n|move|p2a: Mightyena|Throat Chop|p1a: Probopass\n|-damage|p1a: Probopass|20/257\n|-start|p1a: Probopass|Throat Chop|[silent]\n|move|p1a: Probopass|Body Press|p2a: Mightyena\n|-supereffective|p2a: Mightyena\n|-damage|p2a: Mightyena|0 fnt\n|faint|p2a: Mightyena\n|\n|-heal|p1a: Probopass|36/257|[from] item: Leftovers\n|upkeep\n|\n|t:|1771231051\n|switch|p2a: Cryogonal|Cryogonal, L89|287/287\n|turn|21\n|inactive|Cookiebaby123 has 120 seconds left.\n|\n|t:|1771231075\n|move|p2a: Cryogonal|Ice Beam|p1a: Probopass\n|-resisted|p1a: Probopass\n|-damage|p1a: Probopass|4/257\n|move|p1a: Probopass|Body Press|p2a: Cryogonal\n|-supereffective|p2a: Cryogonal\n|-damage|p2a: Cryogonal|29/287\n|\n|-heal|p1a: Probopass|20/257|[from] item: Leftovers\n|-end|p1a: Probopass|Throat Chop|[silent]\n|upkeep\n|turn|22\n|inactive|Cookiebaby123 has 120 seconds left.\n|c|☆DonovanIsNotHere|oh\n|\n|t:|1771231088\n|move|p2a: Cryogonal|Ice Beam|p1a: Probopass\n|-resisted|p1a: Probopass\n|-damage|p1a: Probopass|0 fnt\n|faint|p1a: Probopass\n|\n|upkeep\n|inactive|Cookiebaby123 has 120 seconds left.\n|\n|t:|1771231103\n|switch|p1a: Wugtrio|Wugtrio, L91, M|212/212\n|turn|23\n|\n|t:|1771231109\n|switch|p2a: Dondozo|Dondozo, L78, F|270/362\n|move|p1a: Wugtrio|Liquidation|p2a: Dondozo\n|-resisted|p2a: Dondozo\n|-damage|p2a: Dondozo|198/362\n|-unboost|p2a: Dondozo|def|1\n|\n|-heal|p2a: Dondozo|220/362|[from] item: Leftovers\n|upkeep\n|turn|24\n|\n|t:|1771231119\n|switch|p1a: Volcanion|Volcanion, L79|255/255\n|move|p2a: Dondozo|Curse|p2a: Dondozo\n|-unboost|p2a: Dondozo|spe|1\n|-boost|p2a: Dondozo|atk|1\n|-boost|p2a: Dondozo|def|1\n|\n|-heal|p2a: Dondozo|242/362|[from] item: Leftovers\n|upkeep\n|turn|25\n|\n|t:|1771231133\n|move|p1a: Volcanion|Flamethrower|p2a: Dondozo\n|-resisted|p2a: Dondozo\n|-damage|p2a: Dondozo|167/362\n|move|p2a: Dondozo|Curse|p2a: Dondozo\n|-unboost|p2a: Dondozo|spe|1\n|-boost|p2a: Dondozo|atk|1\n|-boost|p2a: Dondozo|def|1\n|\n|-heal|p2a: Dondozo|189/362|[from] item: Leftovers\n|upkeep\n|turn|26\n|c|☆Cookiebaby123|?\n|inactive|Cookiebaby123 has 120 seconds left.\n|\n|t:|1771231152\n|move|p1a: Volcanion|Sludge Bomb|p2a: Dondozo\n|-damage|p2a: Dondozo|98/362\n|move|p2a: Dondozo|Curse|p2a: Dondozo\n|-unboost|p2a: Dondozo|spe|1\n|-boost|p2a: Dondozo|atk|1\n|-boost|p2a: Dondozo|def|1\n|\n|-heal|p2a: Dondozo|120/362|[from] item: Leftovers\n|upkeep\n|turn|27\n|inactive|Cookiebaby123 has 120 seconds left.\n|c|☆DonovanIsNotHere|what\n|\n|t:|1771231173\n|move|p1a: Volcanion|Sludge Bomb|p2a: Dondozo\n|-damage|p2a: Dondozo|27/362\n|move|p2a: Dondozo|Rest|p2a: Dondozo\n|-status|p2a: Dondozo|slp|[from] move: Rest\n|-heal|p2a: Dondozo|362/362 slp|[silent]\n|\n|upkeep\n|turn|28\n|\n|t:|1771231185\n|move|p1a: Volcanion|Sludge Bomb|p2a: Dondozo\n|-damage|p2a: Dondozo|271/362 slp\n|cant|p2a: Dondozo|slp\n|\n|-heal|p2a: Dondozo|293/362 slp|[from] item: Leftovers\n|upkeep\n|turn|29\n|inactive|Cookiebaby123 has 120 seconds left.\n|\n|t:|1771231197\n|move|p1a: Volcanion|Sludge Bomb|p2a: Dondozo\n|-damage|p2a: Dondozo|196/362 slp\n|cant|p2a: Dondozo|slp\n|\n|-heal|p2a: Dondozo|218/362 slp|[from] item: Leftovers\n|upkeep\n|turn|30\n|inactive|Cookiebaby123 has 120 seconds left.\n|\n|t:|1771231216\n|move|p1a: Volcanion|Sludge Bomb|p2a: Dondozo\n|-damage|p2a: Dondozo|125/362 slp\n|-curestatus|p2a: Dondozo|slp|[msg]\n|move|p2a: Dondozo|Curse|p2a: Dondozo\n|-unboost|p2a: Dondozo|spe|1\n|-boost|p2a: Dondozo|atk|1\n|-boost|p2a: Dondozo|def|1\n|\n|-heal|p2a: Dondozo|147/362|[from] item: Leftovers\n|upkeep\n|turn|31\n|inactive|Cookiebaby123 has 120 seconds left.\n|c|☆Cookiebaby123|I just can’t remember your fourth move\n|\n|t:|1771231235\n|move|p1a: Volcanion|Sludge Bomb|p2a: Dondozo\n|-damage|p2a: Dondozo|55/362\n|move|p2a: Dondozo|Rest|p2a: Dondozo\n|-status|p2a: Dondozo|slp|[from] move: Rest\n|-heal|p2a: Dondozo|362/362 slp|[silent]\n|\n|upkeep\n|turn|32\n|c|☆Cookiebaby123|I thought it was sleep talk\n|\n|t:|1771231258\n|move|p1a: Volcanion|Sludge Bomb|p2a: Dondozo\n|-damage|p2a: Dondozo|258/362 slp\n|cant|p2a: Dondozo|slp\n|\n|-heal|p2a: Dondozo|280/362 slp|[from] item: Leftovers\n|upkeep\n|turn|33\n|c|☆DonovanIsNotHere|it is\n|c|☆DonovanIsNotHere|but I use less pp if I click something else lol\n|\n|t:|1771231285\n|move|p1a: Volcanion|Sludge Bomb|p2a: Dondozo\n|-damage|p2a: Dondozo|183/362 slp\n|cant|p2a: Dondozo|slp\n|\n|-heal|p2a: Dondozo|205/362 slp|[from] item: Leftovers\n|upkeep\n|turn|34\n|inactive|DonovanIsNotHere has 120 seconds left.\n|\n|t:|1771231304\n|move|p1a: Volcanion|Sludge Bomb|p2a: Dondozo\n|-damage|p2a: Dondozo|113/362 slp\n|-curestatus|p2a: Dondozo|slp|[msg]\n|move|p2a: Dondozo|Curse|p2a: Dondozo\n|-unboost|p2a: Dondozo|spe|1\n|-boost|p2a: Dondozo|atk|1\n|-boost|p2a: Dondozo|def|1\n|\n|-heal|p2a: Dondozo|135/362|[from] item: Leftovers\n|upkeep\n|turn|35\n|\n|t:|1771231315\n|switch|p1a: Toedscruel|Toedscruel, L87, M|118/281\n|move|p2a: Dondozo|Rest|p2a: Dondozo\n|-status|p2a: Dondozo|slp|[from] move: Rest\n|-heal|p2a: Dondozo|362/362 slp|[silent]\n|\n|-heal|p1a: Toedscruel|135/281|[from] item: Leftovers\n|upkeep\n|turn|36\n|\n|t:|1771231326\n|switch|p2a: Jumpluff|Jumpluff, L87, F|251/271\n|move|p1a: Toedscruel|Leaf Storm|p2a: Jumpluff\n|-resisted|p2a: Jumpluff\n|-damage|p2a: Jumpluff|222/271\n|-unboost|p1a: Toedscruel|spa|2\n|\n|-heal|p1a: Toedscruel|152/281|[from] item: Leftovers\n|upkeep\n|turn|37\n|\n|t:|1771231336\n|switch|p1a: Volcanion|Volcanion, L79|255/255\n|move|p2a: Jumpluff|Acrobatics|p1a: Volcanion\n|-damage|p1a: Volcanion|186/255\n|\n|upkeep\n|turn|38\n|\n|t:|1771231348\n|move|p2a: Jumpluff|U-turn|p1a: Volcanion\n|-resisted|p1a: Volcanion\n|-damage|p1a: Volcanion|171/255\n|\n|t:|1771231351\n|switch|p2a: Dondozo|Dondozo, L78, F|362/362 slp|[from] U-turn\n|move|p1a: Volcanion|Flamethrower|p2a: Dondozo\n|-resisted|p2a: Dondozo\n|-damage|p2a: Dondozo|296/362 slp\n|\n|-heal|p2a: Dondozo|318/362 slp|[from] item: Leftovers\n|upkeep\n|turn|39\n|\n|t:|1771231363\n|switch|p1a: Toedscruel|Toedscruel, L87, M|152/281\n|cant|p2a: Dondozo|slp\n|\n|-heal|p1a: Toedscruel|169/281|[from] item: Leftovers\n|-heal|p2a: Dondozo|340/362 slp|[from] item: Leftovers\n|upkeep\n|turn|40\n|\n|t:|1771231390\n|switch|p2a: Jumpluff|Jumpluff, L87, F|222/271\n|move|p1a: Toedscruel|Leaf Storm|p2a: Jumpluff|[miss]\n|-miss|p1a: Toedscruel|p2a: Jumpluff\n|\n|-heal|p1a: Toedscruel|186/281|[from] item: Leftovers\n|upkeep\n|turn|41\n|inactive|Cookiebaby123 has 90 seconds left.\n|c|☆DonovanIsNotHere|sorry for stall lol\n|inactive|Cookiebaby123 has 60 seconds left.\n|inactive|Cookiebaby123 has 30 seconds left.\n|inactive|Cookiebaby123 has 20 seconds left.\n|\n|t:|1771231478\n|switch|p1a: Volcanion|Volcanion, L79|171/255\n|move|p2a: Jumpluff|Acrobatics|p1a: Volcanion\n|-damage|p1a: Volcanion|107/255\n|\n|upkeep\n|turn|42\n|inactive|Cookiebaby123 has 30 seconds left this turn.\n|\n|t:|1771231487\n|move|p2a: Jumpluff|U-turn|p1a: Volcanion\n|-resisted|p1a: Volcanion\n|-damage|p1a: Volcanion|92/255\n|\n|t:|1771231489\n|switch|p2a: Dondozo|Dondozo, L78, F|340/362 slp|[from] U-turn\n|move|p1a: Volcanion|Sludge Bomb|p2a: Dondozo\n|-damage|p2a: Dondozo|247/362 slp\n|\n|-heal|p2a: Dondozo|269/362 slp|[from] item: Leftovers\n|upkeep\n|turn|43\n|\n|t:|1771231498\n|move|p1a: Volcanion|Sludge Bomb|p2a: Dondozo\n|-damage|p2a: Dondozo|171/362 slp\n|cant|p2a: Dondozo|slp\n|\n|-heal|p2a: Dondozo|193/362 slp|[from] item: Leftovers\n|upkeep\n|turn|44\n|\n|t:|1771231508\n|switch|p1a: Krookodile|Krookodile, L80, M|283/283\n|-ability|p1a: Krookodile|Intimidate|boost\n|-unboost|p2a: Dondozo|atk|1\n|-curestatus|p2a: Dondozo|slp|[msg]\n|move|p2a: Dondozo|Rest|p2a: Dondozo\n|-status|p2a: Dondozo|slp|[from] move: Rest\n|-heal|p2a: Dondozo|362/362 slp|[silent]\n|\n|upkeep\n|turn|45\n|inactive|Cookiebaby123 has 30 seconds left.\n|inactive|Cookiebaby123 has 20 seconds left.\n|inactive|Cookiebaby123 has 15 seconds left.\n|\n|t:|1771231540\n|switch|p2a: Jumpluff|Jumpluff, L87, F|222/271\n|move|p1a: Krookodile|Gunk Shot|p2a: Jumpluff\n|-supereffective|p2a: Jumpluff\n|-damage|p2a: Jumpluff|24/271\n|\n|upkeep\n|turn|46\n|inactive|Cookiebaby123 has 25 seconds left this turn.\n|inactive|Cookiebaby123 has 20 seconds left.\n|c|☆DonovanIsNotHere|wp\n|inactive|Cookiebaby123 has 15 seconds left.\n|\n|t:|1771231551\n|move|p1a: Krookodile|Gunk Shot|p2a: Jumpluff\n|-supereffective|p2a: Jumpluff\n|-damage|p2a: Jumpluff|0 fnt\n|faint|p2a: Jumpluff\n|\n|upkeep\n|\n|t:|1771231556\n|switch|p2a: Hippowdon|Hippowdon, L82, M|311/311\n|-weather|Sandstorm|[from] ability: Sand Stream|[of] p2a: Hippowdon\n|turn|47\n|inactive|Cookiebaby123 has 30 seconds left this turn.\n|\n|t:|1771231563\n|switch|p1a: Toedscruel|Toedscruel, L87, M|186/281\n|switch|p2a: Cryogonal|Cryogonal, L89|29/287\n|\n|-weather|Sandstorm|[upkeep]\n|-damage|p2a: Cryogonal|12/287|[from] Sandstorm\n|-heal|p1a: Toedscruel|203/281|[from] item: Leftovers\n|upkeep\n|turn|48\n|inactive|Cookiebaby123 has 30 seconds left.\n|\n|t:|1771231576\n|switch|p1a: Volcanion|Volcanion, L79|92/255\n|move|p2a: Cryogonal|Recover|p2a: Cryogonal\n|-heal|p2a: Cryogonal|156/287\n|\n|-weather|Sandstorm|[upkeep]\n|-damage|p2a: Cryogonal|139/287|[from] Sandstorm\n|-damage|p1a: Volcanion|77/255|[from] Sandstorm\n|upkeep\n|turn|49\n|inactive|Cookiebaby123 has 30 seconds left.\n|inactive|Cookiebaby123 has 20 seconds left.\n|\n|t:|1771231593\n|-terastallize|p2a: Cryogonal|Electric\n|move|p2a: Cryogonal|Tera Blast|p1a: Volcanion|[anim] Tera Blast Electric\n|-supereffective|p1a: Volcanion\n|-damage|p1a: Volcanion|0 fnt\n|faint|p1a: Volcanion\n|\n|-weather|Sandstorm|[upkeep]\n|-damage|p2a: Cryogonal|122/287|[from] Sandstorm\n|upkeep\n|inactive|Cookiebaby123 has 25 seconds left this turn.\n|inactive|Cookiebaby123 has 20 seconds left.\n|inactive|Cookiebaby123 has 15 seconds left.\n|\n|t:|1771231607\n|switch|p1a: Krookodile|Krookodile, L80, M|283/283\n|-ability|p1a: Krookodile|Intimidate|boost\n|-unboost|p2a: Cryogonal|atk|1\n|turn|50\n|inactive|Cookiebaby123 has 25 seconds left this turn.\n|inactive|Cookiebaby123 has 20 seconds left.\n|\n|t:|1771231613\n|switch|p2a: Hippowdon|Hippowdon, L82, M|311/311\n|move|p1a: Krookodile|Knock Off|p2a: Hippowdon\n|-damage|p2a: Hippowdon|227/311\n|-enditem|p2a: Hippowdon|Leftovers|[from] move: Knock Off|[of] p1a: Krookodile\n|\n|-weather|Sandstorm|[upkeep]\n|upkeep\n|turn|51\n|inactive|Cookiebaby123 has 30 seconds left this turn.\n|\n|t:|1771231627\n|switch|p1a: Toedscruel|Toedscruel, L87, M|203/281\n|switch|p2a: Cryogonal|Cryogonal, L89, tera:Electric|122/287\n|\n|-weather|none\n|-heal|p1a: Toedscruel|220/281|[from] item: Leftovers\n|upkeep\n|turn|52\n|inactive|Cookiebaby123 has 30 seconds left.\n|inactive|Cookiebaby123 has 20 seconds left.\n|inactive|Cookiebaby123 has 15 seconds left.\n|\n|t:|1771231650\n|move|p2a: Cryogonal|Ice Beam|p1a: Toedscruel\n|-supereffective|p1a: Toedscruel\n|-damage|p1a: Toedscruel|0 fnt\n|faint|p1a: Toedscruel\n|\n|upkeep\n|inactive|Cookiebaby123 has 20 seconds left this turn.\n|inactive|Cookiebaby123 has 15 seconds left.\n|inactive|Cookiebaby123 has 10 seconds left.\n|\n|t:|1771231661\n|switch|p1a: Krookodile|Krookodile, L80, M|283/283\n|-ability|p1a: Krookodile|Intimidate|boost\n|-unboost|p2a: Cryogonal|atk|1\n|turn|53\n|inactive|Cookiebaby123 has 20 seconds left this turn.\n|inactive|Cookiebaby123 has 15 seconds left.\n|\n|t:|1771231667\n|switch|p2a: Hippowdon|Hippowdon, L82, M|227/311\n|-weather|Sandstorm|[from] ability: Sand Stream|[of] p2a: Hippowdon\n|move|p1a: Krookodile|Knock Off|p2a: Hippowdon\n|-damage|p2a: Hippowdon|169/311\n|\n|-weather|Sandstorm|[upkeep]\n|upkeep\n|turn|54\n|inactive|Cookiebaby123 has 25 seconds left this turn.\n|inactive|Cookiebaby123 has 20 seconds left.\n|inactive|Cookiebaby123 has 15 seconds left.\n|\n|t:|1771231677\n|switch|p1a: Wugtrio|Wugtrio, L91, M|212/212\n|move|p2a: Hippowdon|Earthquake|p1a: Wugtrio\n|-damage|p1a: Wugtrio|50/212\n|\n|-weather|Sandstorm|[upkeep]\n|-damage|p1a: Wugtrio|37/212|[from] Sandstorm\n|upkeep\n|turn|55\n|inactive|Cookiebaby123 has 25 seconds left this turn.\n|inactive|Cookiebaby123 has 20 seconds left.\n|inactive|Cookiebaby123 has 15 seconds left.\n|\n|t:|1771231690\n|switch|p2a: Dondozo|Dondozo, L78, F|362/362 slp\n|move|p1a: Wugtrio|Liquidation|p2a: Dondozo\n|-resisted|p2a: Dondozo\n|-damage|p2a: Dondozo|297/362 slp\n|\n|-weather|Sandstorm|[upkeep]\n|-damage|p1a: Wugtrio|24/212|[from] Sandstorm\n|-damage|p2a: Dondozo|275/362 slp|[from] Sandstorm\n|-heal|p2a: Dondozo|297/362 slp|[from] item: Leftovers\n|upkeep\n|turn|56\n|inactive|Cookiebaby123 has 25 seconds left this turn.\n|inactive|Cookiebaby123 has 20 seconds left.\n|inactive|Cookiebaby123 has 15 seconds left.\n|inactive|Cookiebaby123 has 10 seconds left.\n|\n|t:|1771231709\n|switch|p1a: Krookodile|Krookodile, L80, M|283/283\n|-ability|p1a: Krookodile|Intimidate|boost\n|-unboost|p2a: Dondozo|atk|1\n|cant|p2a: Dondozo|slp\n|move|p2a: Dondozo|Sleep Talk|p2a: Dondozo\n|move|p2a: Dondozo|Curse|p2a: Dondozo|[from] move: Sleep Talk\n|-unboost|p2a: Dondozo|spe|1\n|-boost|p2a: Dondozo|atk|1\n|-boost|p2a: Dondozo|def|1\n|\n|-weather|Sandstorm|[upkeep]\n|-damage|p2a: Dondozo|275/362 slp|[from] Sandstorm\n|-heal|p2a: Dondozo|297/362 slp|[from] item: Leftovers\n|upkeep\n|turn|57\n|inactive|Cookiebaby123 has 20 seconds left this turn.\n|inactive|Cookiebaby123 has 15 seconds left.\n|inactive|Cookiebaby123 has 10 seconds left.\n|inactive|Cookiebaby123 has 5 seconds left.\n|\n|t:|1771231727\n|switch|p2a: Hippowdon|Hippowdon, L82, M|169/311\n|-terastallize|p1a: Krookodile|Ground\n|move|p1a: Krookodile|Earthquake|p2a: Hippowdon\n|-damage|p2a: Hippowdon|53/311\n|\n|-weather|none\n|upkeep\n|turn|58\n|inactive|Cookiebaby123 has 15 seconds left this turn.\n|inactive|Cookiebaby123 has 10 seconds left.\n|\n|t:|1771231737\n|switch|p1a: Wugtrio|Wugtrio, L91, M|24/212\n|switch|p2a: Cryogonal|Cryogonal, L89, tera:Electric|122/287\n|\n|upkeep\n|turn|59\n|inactive|Cookiebaby123 has 20 seconds left this turn.\n|inactive|Cookiebaby123 has 15 seconds left.\n|inactive|Cookiebaby123 has 10 seconds left.\n|\n|t:|1771231747\n|switch|p1a: Krookodile|Krookodile, L80, M, tera:Ground|283/283\n|-ability|p1a: Krookodile|Intimidate|boost\n|-unboost|p2a: Cryogonal|atk|1\n|switch|p2a: Dondozo|Dondozo, L78, F|297/362 slp\n|\n|-heal|p2a: Dondozo|319/362 slp|[from] item: Leftovers\n|upkeep\n|turn|60\n|inactive|Cookiebaby123 has 20 seconds left this turn.\n|inactive|Cookiebaby123 has 15 seconds left.\n|\n|t:|1771231761\n|move|p1a: Krookodile|Knock Off|p2a: Dondozo\n|-damage|p2a: Dondozo|226/362 slp\n|-enditem|p2a: Dondozo|Leftovers|[from] move: Knock Off|[of] p1a: Krookodile\n|cant|p2a: Dondozo|slp\n|\n|upkeep\n|turn|61\n|inactive|Cookiebaby123 has 25 seconds left this turn.\n|inactive|Cookiebaby123 has 20 seconds left.\n|inactive|Cookiebaby123 has 15 seconds left.\n|\n|t:|1771231772\n|switch|p1a: Wugtrio|Wugtrio, L91, M|24/212\n|-curestatus|p2a: Dondozo|slp|[msg]\n|move|p2a: Dondozo|Wave Crash|p1a: Wugtrio\n|-resisted|p1a: Wugtrio\n|-damage|p1a: Wugtrio|0 fnt\n|-ability|p1a: Wugtrio|Gooey\n|-unboost|p2a: Dondozo|spe|1\n|faint|p1a: Wugtrio\n|-damage|p2a: Dondozo|218/362|[from] Recoil\n|\n|upkeep\n|inactive|Cookiebaby123 has 20 seconds left this turn.\n|inactive|Cookiebaby123 has 15 seconds left.\n|inactive|Cookiebaby123 has 10 seconds left.\n|\n|t:|1771231784\n|switch|p1a: Krookodile|Krookodile, L80, M, tera:Ground|283/283\n|-ability|p1a: Krookodile|Intimidate|boost\n|-unboost|p2a: Dondozo|atk|1\n|turn|62\n|inactive|Cookiebaby123 has 20 seconds left this turn.\n|inactive|Cookiebaby123 has 15 seconds left.\n|inactive|Cookiebaby123 has 10 seconds left.\n|inactive|Cookiebaby123 has 5 seconds left.\n|\n|t:|1771231812\n|move|p1a: Krookodile|Gunk Shot|p2a: Dondozo\n|-damage|p2a: Dondozo|136/362\n|move|p2a: Dondozo|Curse|p2a: Dondozo\n|-unboost|p2a: Dondozo|spe|1\n|-boost|p2a: Dondozo|atk|1\n|-boost|p2a: Dondozo|def|1\n|\n|upkeep\n|turn|63\n|inactive|Cookiebaby123 has 15 seconds left this turn.\n|\n|t:|1771231818\n|move|p1a: Krookodile|Gunk Shot|p2a: Dondozo\n|-damage|p2a: Dondozo|80/362\n|-status|p2a: Dondozo|psn\n|move|p2a: Dondozo|Rest|p2a: Dondozo\n|-status|p2a: Dondozo|slp|[from] move: Rest\n|-heal|p2a: Dondozo|362/362 slp|[silent]\n|\n|upkeep\n|turn|64\n|inactive|Cookiebaby123 has 25 seconds left this turn.\n|inactive|Cookiebaby123 has 20 seconds left.\n|inactive|Cookiebaby123 has 15 seconds left.\n|\n|t:|1771231832\n|move|p1a: Krookodile|Gunk Shot|p2a: Dondozo\n|-damage|p2a: Dondozo|307/362 slp\n|cant|p2a: Dondozo|slp\n|move|p2a: Dondozo|Sleep Talk|p2a: Dondozo\n|move|p2a: Dondozo|Wave Crash|p1a: Krookodile|[from] move: Sleep Talk\n|-supereffective|p1a: Krookodile\n|-damage|p1a: Krookodile|13/283\n|-damage|p2a: Dondozo|218/362 slp|[from] Recoil\n|\n|upkeep\n|turn|65\n|inactive|Cookiebaby123 has 25 seconds left this turn.\n|c|☆DonovanIsNotHere|gg\n|-message|Cookiebaby123 forfeited.\n|\n|win|DonovanIsNotHere\n|raw|Cookiebaby123's rating: 1586 &rarr; <strong>1569</strong><br />(-17 for losing)\n|raw|DonovanIsNotHere's rating: 1643 &rarr; <strong>1660</strong><br />(+17 for winning)\n|l|☆Cookiebaby123\n|player|p1|\n", "inputlog": ">version 686819e5e19f8a7fd2345cfc5a08a5085efa2cc3\n>start {\"formatid\":\"gen9randombattle\",\"seed\":\"sodium,de3ac2a2867aa1cc1cdf457a8259c665\",\"rated\":\"Rated battle\"}\n>player p1 {\"name\":\"Cookiebaby123\",\"avatar\":\"266\",\"rating\":1586,\"seed\":\"sodium,1da48d2324e5843c06297c90dbdf04b7\"}\n>player p2 {\"name\":\"DonovanIsNotHere\",\"avatar\":\"102\",\"rating\":1626,\"seed\":\"sodium,6abd29fd30294e55480523534f6aa1ad\"}\n>p1 move swordsdance\n>p2 move leechlife\n>p1 move leafblade\n>p2 switch 2\n>p1 switch 6\n>p2 move uturn\n>p2 switch 2\n>p1 switch 6\n>p2 move hydropump\n>p1 move substitute\n>p2 move leechlife\n>p1 move swordsdance\n>p2 move leechlife\n>p1 move leafblade\n>p2 move leechlife\n>p1 switch 6\n>p1 move powergem\n>p2 move liquidation\n>p2 switch 5\n>p1 switch 5\n>p2 move earthquake\n>p1 move leafstorm\n>p2 switch 2\n>p1 switch 5\n>p2 move strengthsap\n>p1 move irondefense\n>p2 move uturn\n>p2 switch 3\n>p1 switch 5\n>p2 move wavecrash\n>p1 switch 5\n>p2 switch 3\n>p1 move powergem\n>p2 move uturn\n>p2 switch 3\n>p1 switch 4\n>p2 move wavecrash\n>p1 move sludgebomb\n>p2 switch 4\n>p1 switch 4\n>p2 move superfang\n>p1 move bodypress\n>p2 move superfang\n>p1 move bodypress\n>p2 move throatchop\n>p2 switch 6\n>p1 move bodypress\n>p2 move icebeam\n>chat ☆DonovanIsNotHere|oh\n>p1 move powergem\n>p2 move icebeam\n>p1 switch 3\n>p1 move liquidation\n>p2 switch 4\n>p1 switch 4\n>p2 move curse\n>p1 move flamethrower\n>p2 move curse\n>chat ☆Cookiebaby123|?\n>p1 move sludgebomb\n>p2 move curse\n>chat ☆DonovanIsNotHere|what\n>p1 move sludgebomb\n>p2 move rest\n>p1 move sludgebomb\n>p2 move curse\n>p1 move sludgebomb\n>p2 move curse\n>p1 move sludgebomb\n>p2 move curse\n>chat ☆Cookiebaby123|I just can’t remember your fourth move\n>p1 move sludgebomb\n>p2 move rest\n>chat ☆Cookiebaby123|I thought it was sleep talk\n>p1 move sludgebomb\n>p2 move curse\n>chat ☆DonovanIsNotHere|it is\n>chat ☆DonovanIsNotHere|but I use less pp if I click something else lol\n>p1 move sludgebomb\n>p2 move curse\n>p1 move sludgebomb\n>p2 move curse\n>p1 switch 5\n>p2 move rest\n>p1 move leafstorm\n>p2 switch 3\n>p1 switch 5\n>p2 move acrobatics\n>p1 move flamethrower\n>p2 move uturn\n>p2 switch 3\n>p1 switch 5\n>p2 move curse\n>p1 move leafstorm\n>p2 switch 3\n>chat ☆DonovanIsNotHere|sorry for stall lol\n>p1 switch 5\n>p2 move acrobatics\n>p1 move sludgebomb\n>p2 move uturn\n>p2 switch 3\n>p1 move sludgebomb\n>p2 move curse\n>p1 switch 2\n>p2 move rest\n>p1 move gunkshot\n>p2 switch 3\n>chat ☆DonovanIsNotHere|wp\n>p1 move gunkshot\n>p2 move strengthsap\n>p2 switch 2\n>p1 switch 5\n>p2 switch 4\n>p1 switch 2\n>p2 move recover\n>p1 move flamethrower\n>p2 move terablast terastallize\n>p1 switch 5\n>p1 move knockoff\n>p2 switch 4\n>p1 switch 2\n>p2 switch 4\n>p1 move rapidspin\n>p2 move icebeam\n>p1 switch 2\n>p1 move knockoff\n>p2 switch 4\n>p1 switch 4\n>p2 move earthquake\n>p1 move liquidation\n>p2 switch 3\n>p1 switch 4\n>p2 move sleeptalk\n>p1 move earthquake terastallize\n>p2 switch 3\n>p1 switch 4\n>p2 switch 4\n>p1 switch 4\n>p2 switch 3\n>p1 move knockoff\n>p2 move wavecrash\n>p1 switch 4\n>p2 move wavecrash\n>p1 switch 4\n>p1 move gunkshot\n>p2 move curse\n>p1 move gunkshot\n>p2 move rest\n>p1 move gunkshot\n>p2 move sleeptalk\n>chat ☆DonovanIsNotHere|gg\n>forcelose p1", "uploadtime": 1771231839, "views": 14, "formatid": "gen9randombattle", "rating": 1569, "private": 0, "password": null}