{"id": "gen9randombattle-2540669894", "format": "[Gen 9] Random Battle", "players": ["M4teo010101", "infernen"], "log": "|j|☆M4teo010101\n|j|☆infernen\n|t:|1771237479\n|gametype|singles\n|player|p1|M4teo010101|sycamore-masters|1672\n|player|p2|infernen|lucas|1714\n|gen|9\n|tier|[Gen 9] Random Battle\n|rated|\n|rule|Species Clause: Limit one of each Pokémon\n|rule|HP Percentage Mod: HP is shown in percentages\n|rule|Sleep Clause Mod: Limit one foe put to sleep\n|rule|Illusion Level Mod: Illusion disguises the Pokémon's true level\n|\n|t:|1771237479\n|teamsize|p1|6\n|teamsize|p2|6\n|start\n|switch|p1a: Meganium|Meganium, L90, F|290/290\n|switch|p2a: Braviary|Braviary, L85, M|309/309\n|turn|1\n|inactive|Battle timer is ON: inactive players will automatically lose when time's up. (requested by infernen)\n|c|☆M4teo010101|hf\n|inactive|M4teo010101 also wants the timer to be on.\n|inactive|infernen has 120 seconds left.\n|\n|t:|1771237535\n|switch|p1a: Skarmory|Skarmory, L80, M|235/235\n|move|p2a: Braviary|Bulk Up|p2a: Braviary\n|-boost|p2a: Braviary|atk|1\n|-boost|p2a: Braviary|def|1\n|\n|upkeep\n|turn|2\n|\n|t:|1771237542\n|move|p2a: Braviary|Close Combat|p1a: Skarmory\n|-damage|p1a: Skarmory|129/235\n|-unboost|p2a: Braviary|def|1\n|-unboost|p2a: Braviary|spd|1\n|move|p1a: Skarmory|Iron Defense|p1a: Skarmory\n|-boost|p1a: Skarmory|def|2\n|\n|-heal|p1a: Skarmory|143/235|[from] item: Leftovers\n|upkeep\n|turn|3\n|\n|t:|1771237552\n|move|p2a: Braviary|Bulk Up|p2a: Braviary\n|-boost|p2a: Braviary|atk|1\n|-boost|p2a: Braviary|def|1\n|move|p1a: Skarmory|Body Press|p2a: Braviary\n|-damage|p2a: Braviary|204/309\n|\n|-heal|p1a: Skarmory|157/235|[from] item: Leftovers\n|upkeep\n|turn|4\n|\n|t:|1771237559\n|move|p2a: Braviary|Bulk Up|p2a: Braviary\n|-boost|p2a: Braviary|atk|1\n|-boost|p2a: Braviary|def|1\n|move|p1a: Skarmory|Body Press|p2a: Braviary\n|-damage|p2a: Braviary|126/309\n|\n|-heal|p1a: Skarmory|171/235|[from] item: Leftovers\n|upkeep\n|turn|5\n|\n|t:|1771237563\n|move|p2a: Braviary|Roost|p2a: Braviary\n|-heal|p2a: Braviary|281/309\n|-singleturn|p2a: Braviary|move: Roost\n|move|p1a: Skarmory|Iron Defense|p1a: Skarmory\n|-boost|p1a: Skarmory|def|2\n|\n|-heal|p1a: Skarmory|185/235|[from] item: Leftovers\n|upkeep\n|turn|6\n|\n|t:|1771237570\n|move|p2a: Braviary|Bulk Up|p2a: Braviary\n|-boost|p2a: Braviary|atk|1\n|-boost|p2a: Braviary|def|1\n|move|p1a: Skarmory|Body Press|p2a: Braviary\n|-damage|p2a: Braviary|183/309\n|\n|-heal|p1a: Skarmory|199/235|[from] item: Leftovers\n|upkeep\n|turn|7\n|\n|t:|1771237573\n|move|p2a: Braviary|Roost|p2a: Braviary\n|-heal|p2a: Braviary|309/309\n|-singleturn|p2a: Braviary|move: Roost\n|move|p1a: Skarmory|Body Press|p2a: Braviary\n|-supereffective|p2a: Braviary\n|-damage|p2a: Braviary|137/309\n|\n|-heal|p1a: Skarmory|213/235|[from] item: Leftovers\n|upkeep\n|turn|8\n|\n|t:|1771237576\n|move|p2a: Braviary|Roost|p2a: Braviary\n|-heal|p2a: Braviary|292/309\n|-singleturn|p2a: Braviary|move: Roost\n|move|p1a: Skarmory|Body Press|p2a: Braviary\n|-supereffective|p2a: Braviary\n|-damage|p2a: Braviary|88/309\n|\n|-heal|p1a: Skarmory|227/235|[from] item: Leftovers\n|upkeep\n|turn|9\n|\n|t:|1771237579\n|move|p2a: Braviary|Close Combat|p1a: Skarmory\n|-damage|p1a: Skarmory|144/235\n|-unboost|p2a: Braviary|def|1\n|-unboost|p2a: Braviary|spd|1\n|move|p1a: Skarmory|Body Press|p2a: Braviary\n|-damage|p2a: Braviary|0 fnt\n|faint|p2a: Braviary\n|\n|-heal|p1a: Skarmory|158/235|[from] item: Leftovers\n|upkeep\n|\n|t:|1771237589\n|switch|p2a: Raichu|Raichu-Alola, L87, F|246/246\n|turn|10\n|\n|t:|1771237590\n|switch|p1a: Meganium|Meganium, L90, F|290/290\n|move|p2a: Raichu|Thunderbolt|p1a: Meganium\n|-resisted|p1a: Meganium\n|-damage|p1a: Meganium|235/290\n|-damage|p2a: Raichu|222/246|[from] item: Life Orb\n|\n|-heal|p1a: Meganium|253/290|[from] item: Leftovers\n|upkeep\n|turn|11\n|\n|t:|1771237607\n|switch|p2a: Regigigas|Regigigas, L84|322/322\n|-start|p2a: Regigigas|ability: Slow Start\n|move|p1a: Meganium|Knock Off|p2a: Regigigas\n|-damage|p2a: Regigigas|258/322\n|-enditem|p2a: Regigigas|Leftovers|[from] move: Knock Off|[of] p1a: Meganium\n|\n|-heal|p1a: Meganium|271/290|[from] item: Leftovers\n|upkeep\n|turn|12\n|\n|t:|1771237614\n|move|p1a: Meganium|Energy Ball|p2a: Regigigas\n|-damage|p2a: Regigigas|173/322\n|move|p2a: Regigigas|Body Slam|p1a: Meganium\n|-damage|p1a: Meganium|211/290\n|-status|p1a: Meganium|par\n|\n|-heal|p1a: Meganium|229/290 par|[from] item: Leftovers\n|upkeep\n|turn|13\n|\n|t:|1771237621\n|move|p2a: Regigigas|Body Slam|p1a: Meganium\n|-damage|p1a: Meganium|177/290 par\n|move|p1a: Meganium|Synthesis|p1a: Meganium\n|-heal|p1a: Meganium|290/290 par\n|\n|upkeep\n|turn|14\n|\n|t:|1771237629\n|move|p2a: Regigigas|Body Slam|p1a: Meganium\n|-damage|p1a: Meganium|229/290 par\n|move|p1a: Meganium|Energy Ball|p2a: Regigigas\n|-damage|p2a: Regigigas|95/322\n|\n|-heal|p1a: Meganium|247/290 par|[from] item: Leftovers\n|upkeep\n|turn|15\n|\n|t:|1771237635\n|move|p2a: Regigigas|Body Slam|p1a: Meganium\n|-damage|p1a: Meganium|186/290 par\n|move|p1a: Meganium|Energy Ball|p2a: Regigigas\n|-damage|p2a: Regigigas|4/322\n|\n|-heal|p1a: Meganium|204/290 par|[from] item: Leftovers\n|upkeep\n|turn|16\n|\n|t:|1771237636\n|move|p2a: Regigigas|Rest|p2a: Regigigas\n|-status|p2a: Regigigas|slp|[from] move: Rest\n|-heal|p2a: Regigigas|322/322 slp|[silent]\n|cant|p1a: Meganium|par\n|\n|-heal|p1a: Meganium|222/290 par|[from] item: Leftovers\n|-end|p2a: Regigigas|Slow Start\n|upkeep\n|turn|17\n|\n|t:|1771237639\n|cant|p2a: Regigigas|slp\n|move|p2a: Regigigas|Sleep Talk|p2a: Regigigas\n|move|p2a: Regigigas|Body Slam|p1a: Meganium|[from] move: Sleep Talk\n|-damage|p1a: Meganium|99/290 par\n|move|p1a: Meganium|Synthesis|p1a: Meganium\n|-heal|p1a: Meganium|244/290 par\n|\n|-heal|p1a: Meganium|262/290 par|[from] item: Leftovers\n|upkeep\n|turn|18\n|\n|t:|1771237642\n|cant|p2a: Regigigas|slp\n|move|p2a: Regigigas|Sleep Talk|p2a: Regigigas\n|move|p2a: Regigigas|Knock Off|p1a: Meganium|[from] move: Sleep Talk\n|-damage|p1a: Meganium|172/290 par\n|-enditem|p1a: Meganium|Leftovers|[from] move: Knock Off|[of] p2a: Regigigas\n|move|p1a: Meganium|Energy Ball|p2a: Regigigas\n|-damage|p2a: Regigigas|234/322 slp\n|\n|upkeep\n|turn|19\n|\n|t:|1771237653\n|-curestatus|p2a: Regigigas|slp|[msg]\n|move|p2a: Regigigas|Body Slam|p1a: Meganium\n|-damage|p1a: Meganium|51/290 par\n|move|p1a: Meganium|Synthesis|p1a: Meganium\n|-heal|p1a: Meganium|196/290 par\n|\n|upkeep\n|turn|20\n|\n|t:|1771237657\n|move|p2a: Regigigas|Body Slam|p1a: Meganium\n|-damage|p1a: Meganium|79/290 par\n|cant|p1a: Meganium|par\n|\n|upkeep\n|turn|21\n|\n|t:|1771237659\n|move|p2a: Regigigas|Body Slam|p1a: Meganium\n|-damage|p1a: Meganium|0 fnt\n|faint|p1a: Meganium\n|\n|upkeep\n|\n|t:|1771237660\n|switch|p1a: Skarmory|Skarmory, L80, M|158/235\n|turn|22\n|\n|t:|1771237679\n|move|p2a: Regigigas|Knock Off|p1a: Skarmory\n|-damage|p1a: Skarmory|82/235\n|-enditem|p1a: Skarmory|Leftovers|[from] move: Knock Off|[of] p2a: Regigigas\n|move|p1a: Skarmory|Roost|p1a: Skarmory\n|-heal|p1a: Skarmory|200/235\n|-singleturn|p1a: Skarmory|move: Roost\n|\n|upkeep\n|turn|23\n|\n|t:|1771237691\n|move|p2a: Regigigas|Body Slam|p1a: Skarmory\n|-resisted|p1a: Skarmory\n|-crit|p1a: Skarmory\n|-damage|p1a: Skarmory|133/235\n|move|p1a: Skarmory|Body Press|p2a: Regigigas\n|-supereffective|p2a: Regigigas\n|-damage|p2a: Regigigas|114/322\n|\n|upkeep\n|turn|24\n|\n|t:|1771237695\n|move|p2a: Regigigas|Rest|p2a: Regigigas\n|-status|p2a: Regigigas|slp|[from] move: Rest\n|-heal|p2a: Regigigas|322/322 slp|[silent]\n|move|p1a: Skarmory|Roost|p1a: Skarmory\n|-heal|p1a: Skarmory|235/235\n|-singleturn|p1a: Skarmory|move: Roost\n|\n|upkeep\n|turn|25\n|\n|t:|1771237697\n|cant|p2a: Regigigas|slp\n|move|p2a: Regigigas|Sleep Talk|p2a: Regigigas\n|move|p2a: Regigigas|Body Slam|p1a: Skarmory|[from] move: Sleep Talk\n|-resisted|p1a: Skarmory\n|-damage|p1a: Skarmory|184/235\n|move|p1a: Skarmory|Body Press|p2a: Regigigas\n|-supereffective|p2a: Regigigas\n|-damage|p2a: Regigigas|204/322 slp\n|\n|upkeep\n|turn|26\n|\n|t:|1771237701\n|cant|p2a: Regigigas|slp\n|move|p2a: Regigigas|Sleep Talk|p2a: Regigigas\n|move|p2a: Regigigas|Knock Off|p1a: Skarmory|[from] move: Sleep Talk\n|-damage|p1a: Skarmory|137/235\n|move|p1a: Skarmory|Body Press|p2a: Regigigas\n|-supereffective|p2a: Regigigas\n|-damage|p2a: Regigigas|76/322 slp\n|\n|upkeep\n|turn|27\n|\n|t:|1771237703\n|-curestatus|p2a: Regigigas|slp|[msg]\n|move|p2a: Regigigas|Rest|p2a: Regigigas\n|-status|p2a: Regigigas|slp|[from] move: Rest\n|-heal|p2a: Regigigas|322/322 slp|[silent]\n|move|p1a: Skarmory|Roost|p1a: Skarmory\n|-heal|p1a: Skarmory|235/235\n|-singleturn|p1a: Skarmory|move: Roost\n|\n|upkeep\n|turn|28\n|\n|t:|1771237706\n|cant|p2a: Regigigas|slp\n|move|p2a: Regigigas|Sleep Talk|p2a: Regigigas\n|move|p2a: Regigigas|Body Slam|p1a: Skarmory|[from] move: Sleep Talk\n|-resisted|p1a: Skarmory\n|-damage|p1a: Skarmory|189/235\n|move|p1a: Skarmory|Body Press|p2a: Regigigas\n|-supereffective|p2a: Regigigas\n|-damage|p2a: Regigigas|210/322 slp\n|\n|upkeep\n|turn|29\n|\n|t:|1771237710\n|cant|p2a: Regigigas|slp\n|move|p2a: Regigigas|Sleep Talk|p2a: Regigigas\n|move|p2a: Regigigas|Rest||[from] move: Sleep Talk|[still]\n|-fail|p2a: Regigigas\n|move|p1a: Skarmory|Iron Defense|p1a: Skarmory\n|-boost|p1a: Skarmory|def|2\n|\n|upkeep\n|turn|30\n|\n|t:|1771237718\n|-curestatus|p2a: Regigigas|slp|[msg]\n|move|p2a: Regigigas|Rest|p2a: Regigigas\n|-status|p2a: Regigigas|slp|[from] move: Rest\n|-heal|p2a: Regigigas|322/322 slp|[silent]\n|move|p1a: Skarmory|Body Press|p2a: Regigigas\n|-supereffective|p2a: Regigigas\n|-damage|p2a: Regigigas|82/322 slp\n|\n|upkeep\n|turn|31\n|\n|t:|1771237728\n|cant|p2a: Regigigas|slp\n|move|p1a: Skarmory|Body Press|p2a: Regigigas\n|-supereffective|p2a: Regigigas\n|-damage|p2a: Regigigas|0 fnt\n|faint|p2a: Regigigas\n|-end|p2a: Regigigas|Slow Start|[silent]\n|\n|upkeep\n|\n|t:|1771237730\n|switch|p2a: Raichu|Raichu-Alola, L87, F|222/246\n|turn|32\n|\n|t:|1771237731\n|switch|p1a: Tsareena|Tsareena, L87, F|267/267\n|move|p2a: Raichu|Thunderbolt|p1a: Tsareena\n|-resisted|p1a: Tsareena\n|-damage|p1a: Tsareena|212/267\n|-damage|p2a: Raichu|198/246|[from] item: Life Orb\n|\n|upkeep\n|turn|33\n|\n|t:|1771237745\n|switch|p2a: Toxicroak|Toxicroak, L84, F|277/277\n|move|p1a: Tsareena|Knock Off|p2a: Toxicroak\n|-resisted|p2a: Toxicroak\n|-damage|p2a: Toxicroak|223/277\n|-enditem|p2a: Toxicroak|Life Orb|[from] move: Knock Off|[of] p1a: Tsareena\n|\n|upkeep\n|turn|34\n|\n|t:|1771237747\n|switch|p1a: Mew|Mew, L82|298/298\n|move|p2a: Toxicroak|Swords Dance|p2a: Toxicroak\n|-boost|p2a: Toxicroak|atk|2\n|\n|upkeep\n|turn|35\n|\n|t:|1771237763\n|move|p1a: Mew|Psychic Fangs|p2a: Toxicroak\n|-supereffective|p2a: Toxicroak\n|-damage|p2a: Toxicroak|0 fnt\n|faint|p2a: Toxicroak\n|-damage|p1a: Mew|269/298|[from] item: Life Orb\n|\n|upkeep\n|\n|t:|1771237768\n|switch|p2a: Lycanroc|Lycanroc-Midnight, L89, F|296/296\n|turn|36\n|\n|t:|1771237774\n|move|p1a: Mew|Swords Dance|p1a: Mew\n|-boost|p1a: Mew|atk|2\n|move|p2a: Lycanroc|Stone Edge|p1a: Mew\n|-damage|p1a: Mew|100/298\n|-damage|p2a: Lycanroc|267/296|[from] item: Life Orb\n|\n|upkeep\n|turn|37\n|\n|t:|1771237783\n|move|p1a: Mew|Close Combat|p2a: Lycanroc\n|-supereffective|p2a: Lycanroc\n|-damage|p2a: Lycanroc|0 fnt\n|-unboost|p1a: Mew|def|1\n|-unboost|p1a: Mew|spd|1\n|faint|p2a: Lycanroc\n|-damage|p1a: Mew|71/298|[from] item: Life Orb\n|\n|upkeep\n|\n|t:|1771237789\n|switch|p2a: Raichu|Raichu-Alola, L87, F|198/246\n|turn|38\n|\n|t:|1771237796\n|switch|p1a: Tsareena|Tsareena, L87, F|212/267\n|move|p2a: Raichu|Thunderbolt|p1a: Tsareena\n|-resisted|p1a: Tsareena\n|-damage|p1a: Tsareena|152/267\n|-damage|p2a: Raichu|174/246|[from] item: Life Orb\n|\n|upkeep\n|turn|39\n|\n|t:|1771237806\n|switch|p2a: Hitmonlee|Hitmonlee, L85, M|224/224\n|move|p1a: Tsareena|Knock Off|p2a: Hitmonlee\n|-resisted|p2a: Hitmonlee\n|-damage|p2a: Hitmonlee|162/224\n|-enditem|p2a: Hitmonlee|White Herb|[from] move: Knock Off|[of] p1a: Tsareena\n|\n|upkeep\n|turn|40\n|\n|t:|1771237816\n|move|p2a: Hitmonlee|Poison Jab|p1a: Tsareena\n|-supereffective|p1a: Tsareena\n|-damage|p1a: Tsareena|26/267\n|move|p1a: Tsareena|Power Whip|p2a: Hitmonlee\n|-damage|p2a: Hitmonlee|0 fnt\n|faint|p2a: Hitmonlee\n|\n|upkeep\n|\n|t:|1771237823\n|switch|p2a: Raichu|Raichu-Alola, L87, F|174/246\n|turn|41\n|\n|t:|1771237831\n|move|p2a: Raichu|Thunderbolt|p1a: Tsareena\n|-resisted|p1a: Tsareena\n|-damage|p1a: Tsareena|0 fnt\n|faint|p1a: Tsareena\n|-damage|p2a: Raichu|150/246|[from] item: Life Orb\n|\n|upkeep\n|\n|t:|1771237832\n|switch|p1a: Drifblim|Drifblim, L86, F|398/398\n|turn|42\n|\n|t:|1771237842\n|-terastallize|p2a: Raichu|Fighting\n|move|p2a: Raichu|Nasty Plot|p2a: Raichu\n|-boost|p2a: Raichu|spa|2\n|move|p1a: Drifblim|Shadow Ball|p2a: Raichu\n|-damage|p2a: Raichu|69/246\n|\n|upkeep\n|turn|43\n|\n|t:|1771237843\n|move|p2a: Raichu|Thunderbolt|p1a: Drifblim\n|-supereffective|p1a: Drifblim\n|-damage|p1a: Drifblim|0 fnt\n|faint|p1a: Drifblim\n|-damage|p2a: Raichu|45/246|[from] item: Life Orb\n|\n|upkeep\n|\n|t:|1771237844\n|switch|p1a: Blissey|Blissey, L85, F|572/572\n|turn|44\n|\n|t:|1771237849\n|move|p2a: Raichu|Psyshock|p1a: Blissey\n|-crit|p1a: Blissey\n|-damage|p1a: Blissey|0 fnt\n|faint|p1a: Blissey\n|-damage|p2a: Raichu|21/246|[from] item: Life Orb\n|\n|upkeep\n|\n|t:|1771237849\n|switch|p1a: Skarmory|Skarmory, L80, M|189/235\n|turn|45\n|\n|t:|1771237852\n|move|p2a: Raichu|Thunderbolt|p1a: Skarmory\n|-supereffective|p1a: Skarmory\n|-damage|p1a: Skarmory|0 fnt\n|faint|p1a: Skarmory\n|-damage|p2a: Raichu|0 fnt|[from] item: Life Orb\n|faint|p2a: Raichu\n|\n|win|M4teo010101\n|raw|M4teo010101's rating: 1672 &rarr; <strong>1694</strong><br />(+22 for winning)\n|raw|infernen's rating: 1714 &rarr; <strong>1692</strong><br />(-22 for losing)\n|c|☆M4teo010101|gg\n", "inputlog": ">version 686819e5e19f8a7fd2345cfc5a08a5085efa2cc3\n>start {\"formatid\":\"gen9randombattle\",\"seed\":\"sodium,bfab09d2aa694507a522819fa56c97d7\",\"rated\":\"Rated battle\"}\n>player p1 {\"name\":\"M4teo010101\",\"avatar\":\"sycamore-masters\",\"rating\":1672,\"seed\":\"sodium,a89914b5e2d3f70f5a69317224b20515\"}\n>player p2 {\"name\":\"infernen\",\"avatar\":\"lucas\",\"rating\":1714,\"seed\":\"sodium,99954f5accd23adbf65a61d301044402\"}\n>chat ☆M4teo010101|hf\n>p1 switch 5\n>p2 move bulkup\n>p1 move irondefense\n>p2 move closecombat\n>p1 move bodypress\n>p2 move bulkup\n>p1 move bodypress\n>p2 move bulkup\n>p1 move irondefense\n>p2 move roost\n>p1 move bodypress\n>p2 move bulkup\n>p1 move bodypress\n>p2 move roost\n>p1 move bodypress\n>p2 move roost\n>p1 move bodypress\n>p2 move closecombat\n>p2 switch 2\n>p1 switch 5\n>p2 move thunderbolt\n>p1 move knockoff\n>p2 switch 3\n>p1 move energyball\n>p2 move bodyslam\n>p1 move synthesis\n>p2 move bodyslam\n>p1 move energyball\n>p2 move bodyslam\n>p1 move energyball\n>p2 move bodyslam\n>p1 move synthesis\n>p2 move rest\n>p1 move synthesis\n>p2 move sleeptalk\n>p1 move energyball\n>p2 move sleeptalk\n>p1 move synthesis\n>p2 move bodyslam\n>p1 move synthesis\n>p2 move bodyslam\n>p1 move energyball\n>p2 move bodyslam\n>p1 switch 5\n>p1 move roost\n>p2 move knockoff\n>p1 move bodypress\n>p2 move bodyslam\n>p1 move roost\n>p2 move rest\n>p1 move bodypress\n>p2 move sleeptalk\n>p1 move bodypress\n>p2 move sleeptalk\n>p1 move roost\n>p2 move rest\n>p1 move bodypress\n>p2 move sleeptalk\n>p1 move irondefense\n>p2 move sleeptalk\n>p1 move bodypress\n>p2 move rest\n>p1 move bodypress\n>p2 move bodyslam\n>p2 switch 3\n>p1 switch 3\n>p2 move thunderbolt\n>p1 move knockoff\n>p2 switch 5\n>p1 switch 6\n>p2 move swordsdance\n>p1 move psychicfangs\n>p2 move gunkshot\n>p2 switch 4\n>p1 move swordsdance\n>p2 move stoneedge\n>p1 move closecombat\n>p2 move stoneedge\n>p2 switch 5\n>p1 switch 6\n>p2 move thunderbolt\n>p1 move knockoff\n>p2 switch 6\n>p1 move powerwhip\n>p2 move poisonjab\n>p2 switch 6\n>p1 move knockoff\n>p2 move thunderbolt\n>p1 switch 2\n>p1 move shadowball\n>p2 move nastyplot terastallize\n>p1 move airslash\n>p2 move thunderbolt\n>p1 switch 4\n>p1 move seismictoss\n>p2 move psyshock\n>p1 switch 3\n>p1 move irondefense\n>p2 move thunderbolt", "uploadtime": 1771237853, "views": 11, "formatid": "gen9randombattle", "rating": 1692, "private": 0, "password": null}