{"id": "gen9randombattle-2540906060", "format": "[Gen 9] Random Battle", "players": ["noKlew", "Arxz"], "log": "|j|☆noKlew\n|j|☆Arxz\n|t:|1771265879\n|gametype|singles\n|player|p1|noKlew|2|2188\n|player|p2|Arxz|hoopster|2116\n|gen|9\n|tier|[Gen 9] Random Battle\n|rated|\n|rule|Species Clause: Limit one of each Pokémon\n|rule|HP Percentage Mod: HP is shown in percentages\n|rule|Sleep Clause Mod: Limit one foe put to sleep\n|rule|Illusion Level Mod: Illusion disguises the Pokémon's true level\n|\n|t:|1771265879\n|teamsize|p1|6\n|teamsize|p2|6\n|start\n|switch|p1a: Typhlosion|Typhlosion-Hisui, L83, F|257/257\n|switch|p2a: Tornadus|Tornadus-Therian, L79, M|254/254\n|turn|1\n|inactive|Battle timer is ON: inactive players will automatically lose when time's up. (requested by noKlew)\n|\n|t:|1771265903\n|switch|p1a: Empoleon|Empoleon, L84, F|278/278\n|move|p2a: Tornadus|Knock Off|p1a: Empoleon\n|-damage|p1a: Empoleon|217/278\n|-enditem|p1a: Empoleon|Leftovers|[from] move: Knock Off|[of] p2a: Tornadus\n|\n|upkeep\n|turn|2\n|\n|t:|1771265909\n|move|p2a: Tornadus|U-turn|p1a: Empoleon\n|-resisted|p1a: Empoleon\n|-damage|p1a: Empoleon|193/278\n|\n|t:|1771265917\n|switch|p2a: Scovillain|Scovillain, L91, F|266/266|[from] U-turn\n|move|p1a: Empoleon|Knock Off|p2a: Scovillain\n|-damage|p2a: Scovillain|199/266\n|-enditem|p2a: Scovillain|Leftovers|[from] move: Knock Off|[of] p1a: Empoleon\n|\n|upkeep\n|turn|3\n|\n|t:|1771265939\n|move|p2a: Scovillain|Flamethrower|p1a: Empoleon\n|-damage|p1a: Empoleon|85/278\n|move|p1a: Empoleon|Surf|p2a: Scovillain\n|-damage|p2a: Scovillain|87/266\n|\n|upkeep\n|turn|4\n|\n|t:|1771265957\n|switch|p1a: Walking Wake|Walking Wake, L79|286/286\n|move|p2a: Scovillain|Flamethrower|p1a: Walking Wake\n|-resisted|p1a: Walking Wake\n|-damage|p1a: Walking Wake|254/286\n|\n|upkeep\n|turn|5\n|\n|t:|1771265963\n|move|p1a: Walking Wake|Flamethrower|p2a: Scovillain\n|-damage|p2a: Scovillain|0 fnt\n|faint|p2a: Scovillain\n|\n|upkeep\n|\n|t:|1771265966\n|switch|p2a: Rhydon|Rhydon, L85, M|317/317\n|turn|6\n|\n|t:|1771265981\n|-end|p1a: Walking Wake|Protosynthesis|[silent]\n|switch|p1a: Wigglytuff|Wigglytuff, L96, F|424/424\n|move|p2a: Rhydon|Earthquake|p1a: Wigglytuff\n|-damage|p1a: Wigglytuff|229/424\n|\n|-heal|p1a: Wigglytuff|255/424|[from] item: Leftovers\n|upkeep\n|turn|7\n|\n|t:|1771265986\n|move|p1a: Wigglytuff|Knock Off|p2a: Rhydon\n|-damage|p2a: Rhydon|283/317\n|-enditem|p2a: Rhydon|Eviolite|[from] move: Knock Off|[of] p1a: Wigglytuff\n|move|p2a: Rhydon|Earthquake|p1a: Wigglytuff\n|-damage|p1a: Wigglytuff|68/424\n|\n|-heal|p1a: Wigglytuff|94/424|[from] item: Leftovers\n|upkeep\n|turn|8\n|\n|t:|1771265994\n|move|p1a: Wigglytuff|Dazzling Gleam|p2a: Rhydon\n|-damage|p2a: Rhydon|120/317\n|move|p2a: Rhydon|Earthquake|p1a: Wigglytuff\n|-damage|p1a: Wigglytuff|0 fnt\n|faint|p1a: Wigglytuff\n|\n|upkeep\n|\n|t:|1771266011\n|switch|p1a: Walking Wake|Walking Wake, L79|254/286\n|turn|9\n|\n|t:|1771266014\n|switch|p2a: Vaporeon|Vaporeon, L86, F|364/364\n|move|p1a: Walking Wake|Flip Turn|p2a: Vaporeon\n|-immune|p2a: Vaporeon|[from] ability: Water Absorb\n|\n|upkeep\n|turn|10\n|\n|t:|1771266021\n|-end|p1a: Walking Wake|Protosynthesis|[silent]\n|switch|p1a: Empoleon|Empoleon, L84, F|85/278\n|move|p2a: Vaporeon|Flip Turn|p1a: Empoleon\n|-resisted|p1a: Empoleon\n|-damage|p1a: Empoleon|62/278\n|inactive|Arxz has 120 seconds left.\n|\n|t:|1771266052\n|switch|p2a: Arboliva|Arboliva, L91, M|290/290|[from] Flip Turn\n|\n|upkeep\n|turn|11\n|\n|t:|1771266059\n|move|p1a: Empoleon|Stealth Rock|p2a: Arboliva\n|-sidestart|p2: Arxz|move: Stealth Rock\n|move|p2a: Arboliva|Earth Power|p1a: Empoleon\n|-supereffective|p1a: Empoleon\n|-damage|p1a: Empoleon|0 fnt\n|faint|p1a: Empoleon\n|\n|upkeep\n|\n|t:|1771266079\n|switch|p1a: Typhlosion|Typhlosion-Hisui, L83, F|257/257\n|turn|12\n|\n|t:|1771266082\n|-terastallize|p1a: Typhlosion|Fire\n|move|p1a: Typhlosion|Eruption|p2a: Arboliva\n|-supereffective|p2a: Arboliva\n|-damage|p2a: Arboliva|0 fnt\n|-fieldstart|move: Grassy Terrain|[from] ability: Seed Sower|[of] p2a: Arboliva\n|faint|p2a: Arboliva\n|\n|upkeep\n|\n|t:|1771266090\n|switch|p2a: Vaporeon|Vaporeon, L86, F|364/364\n|-damage|p2a: Vaporeon|319/364|[from] Stealth Rock\n|turn|13\n|\n|t:|1771266096\n|switch|p1a: Walking Wake|Walking Wake, L79|254/286\n|move|p2a: Vaporeon|Scald|p1a: Walking Wake\n|-resisted|p1a: Walking Wake\n|-damage|p1a: Walking Wake|225/286\n|\n|-heal|p1a: Walking Wake|242/286|[from] Grassy Terrain\n|-heal|p2a: Vaporeon|341/364|[from] Grassy Terrain\n|-heal|p2a: Vaporeon|363/364|[from] item: Leftovers\n|upkeep\n|turn|14\n|\n|t:|1771266102\n|move|p2a: Vaporeon|Protect|p2a: Vaporeon\n|-singleturn|p2a: Vaporeon|Protect\n|move|p1a: Walking Wake|Draco Meteor|p2a: Vaporeon\n|-activate|p2a: Vaporeon|move: Protect\n|\n|-heal|p1a: Walking Wake|259/286|[from] Grassy Terrain\n|-heal|p2a: Vaporeon|364/364|[from] Grassy Terrain\n|upkeep\n|turn|15\n|\n|t:|1771266106\n|move|p1a: Walking Wake|Draco Meteor|p2a: Vaporeon\n|-damage|p2a: Vaporeon|150/364\n|-unboost|p1a: Walking Wake|spa|2\n|move|p2a: Vaporeon|Wish|p2a: Vaporeon\n|\n|-heal|p1a: Walking Wake|276/286|[from] Grassy Terrain\n|-heal|p2a: Vaporeon|172/364|[from] Grassy Terrain\n|-heal|p2a: Vaporeon|194/364|[from] item: Leftovers\n|upkeep\n|turn|16\n|\n|t:|1771266115\n|-end|p1a: Walking Wake|Protosynthesis|[silent]\n|switch|p1a: Iron Crown|Iron Crown, L78|268/268\n|move|p2a: Vaporeon|Scald|p1a: Iron Crown\n|-damage|p1a: Iron Crown|175/268\n|\n|-heal|p2a: Vaporeon|364/364|[from] move: Wish|[wisher] Vaporeon\n|-heal|p1a: Iron Crown|191/268|[from] Grassy Terrain\n|-fieldend|move: Grassy Terrain\n|upkeep\n|turn|17\n|\n|t:|1771266127\n|move|p1a: Iron Crown|Psyshock|p2a: Vaporeon\n|-damage|p2a: Vaporeon|178/364\n|move|p2a: Vaporeon|Scald|p1a: Iron Crown\n|-damage|p1a: Iron Crown|100/268\n|\n|-heal|p2a: Vaporeon|200/364|[from] item: Leftovers\n|upkeep\n|turn|18\n|\n|t:|1771266130\n|move|p2a: Vaporeon|Protect|p2a: Vaporeon\n|-singleturn|p2a: Vaporeon|Protect\n|move|p1a: Iron Crown|Psyshock|p2a: Vaporeon\n|-activate|p2a: Vaporeon|move: Protect\n|\n|-heal|p2a: Vaporeon|222/364|[from] item: Leftovers\n|upkeep\n|turn|19\n|\n|t:|1771266134\n|switch|p2a: Rhydon|Rhydon, L85, M|120/317\n|-damage|p2a: Rhydon|101/317|[from] Stealth Rock\n|move|p1a: Iron Crown|Psyshock|p2a: Rhydon\n|-damage|p2a: Rhydon|0 fnt\n|faint|p2a: Rhydon\n|\n|upkeep\n|\n|t:|1771266136\n|switch|p2a: Tornadus|Tornadus-Therian, L79, M|254/254\n|-damage|p2a: Tornadus|191/254|[from] Stealth Rock\n|turn|20\n|\n|t:|1771266146\n|-end|p1a: Iron Crown|Quark Drive|[silent]\n|switch|p1a: Krookodile|Krookodile, L80, M|283/283\n|-ability|p1a: Krookodile|Intimidate|boost\n|-unboost|p2a: Tornadus|atk|1\n|move|p2a: Tornadus|Knock Off|p1a: Krookodile\n|-resisted|p1a: Krookodile\n|-damage|p1a: Krookodile|261/283\n|-enditem|p1a: Krookodile|Choice Scarf|[from] move: Knock Off|[of] p2a: Tornadus\n|\n|upkeep\n|turn|21\n|\n|t:|1771266153\n|move|p2a: Tornadus|Bleakwind Storm|p1a: Krookodile\n|-damage|p1a: Krookodile|122/283\n|move|p1a: Krookodile|Knock Off|p2a: Tornadus\n|-damage|p2a: Tornadus|65/254\n|-enditem|p2a: Tornadus|Assault Vest|[from] move: Knock Off|[of] p1a: Krookodile\n|\n|upkeep\n|turn|22\n|\n|t:|1771266172\n|move|p2a: Tornadus|Bleakwind Storm|p1a: Krookodile|[miss]\n|-miss|p2a: Tornadus|p1a: Krookodile\n|move|p1a: Krookodile|Knock Off|p2a: Tornadus\n|-damage|p2a: Tornadus|0 fnt\n|faint|p2a: Tornadus\n|\n|upkeep\n|\n|t:|1771266176\n|switch|p2a: Dudunsparce|Dudunsparce, L83, M|343/343\n|-damage|p2a: Dudunsparce|301/343|[from] Stealth Rock\n|turn|23\n|\n|t:|1771266203\n|move|p1a: Krookodile|Earthquake|p2a: Dudunsparce\n|-damage|p2a: Dudunsparce|180/343\n|move|p2a: Dudunsparce|Roost|p2a: Dudunsparce\n|-heal|p2a: Dudunsparce|343/343\n|-singleturn|p2a: Dudunsparce|move: Roost\n|\n|upkeep\n|turn|24\n|\n|t:|1771266212\n|move|p1a: Krookodile|Gunk Shot|p2a: Dudunsparce\n|-damage|p2a: Dudunsparce|240/343\n|move|p2a: Dudunsparce|Calm Mind|p2a: Dudunsparce\n|-boost|p2a: Dudunsparce|spa|1\n|-boost|p2a: Dudunsparce|spd|1\n|\n|-heal|p2a: Dudunsparce|261/343|[from] item: Leftovers\n|upkeep\n|turn|25\n|\n|t:|1771266215\n|move|p1a: Krookodile|Gunk Shot|p2a: Dudunsparce\n|-damage|p2a: Dudunsparce|168/343\n|move|p2a: Dudunsparce|Calm Mind|p2a: Dudunsparce\n|-boost|p2a: Dudunsparce|spa|1\n|-boost|p2a: Dudunsparce|spd|1\n|\n|-heal|p2a: Dudunsparce|189/343|[from] item: Leftovers\n|upkeep\n|turn|26\n|\n|t:|1771266221\n|move|p1a: Krookodile|Gunk Shot|p2a: Dudunsparce\n|-damage|p2a: Dudunsparce|87/343\n|move|p2a: Dudunsparce|Roost|p2a: Dudunsparce\n|-heal|p2a: Dudunsparce|259/343\n|-singleturn|p2a: Dudunsparce|move: Roost\n|\n|-heal|p2a: Dudunsparce|280/343|[from] item: Leftovers\n|upkeep\n|turn|27\n|\n|t:|1771266224\n|move|p1a: Krookodile|Gunk Shot|p2a: Dudunsparce\n|-damage|p2a: Dudunsparce|187/343\n|-status|p2a: Dudunsparce|psn\n|move|p2a: Dudunsparce|Roost|p2a: Dudunsparce\n|-heal|p2a: Dudunsparce|343/343 psn\n|-singleturn|p2a: Dudunsparce|move: Roost\n|\n|-damage|p2a: Dudunsparce|301/343 psn|[from] psn\n|upkeep\n|turn|28\n|\n|t:|1771266238\n|move|p1a: Krookodile|Earthquake|p2a: Dudunsparce\n|-damage|p2a: Dudunsparce|186/343 psn\n|move|p2a: Dudunsparce|Boomburst|p1a: Krookodile\n|-damage|p1a: Krookodile|0 fnt\n|faint|p1a: Krookodile\n|\n|-heal|p2a: Dudunsparce|207/343 psn|[from] item: Leftovers\n|-damage|p2a: Dudunsparce|165/343 psn|[from] psn\n|upkeep\n|\n|t:|1771266255\n|switch|p1a: Iron Crown|Iron Crown, L78|100/268\n|turn|29\n|\n|t:|1771266261\n|move|p1a: Iron Crown|Psyshock|p2a: Dudunsparce\n|-damage|p2a: Dudunsparce|30/343 psn\n|move|p2a: Dudunsparce|Shadow Ball|p1a: Iron Crown\n|-supereffective|p1a: Iron Crown\n|-damage|p1a: Iron Crown|0 fnt\n|faint|p1a: Iron Crown\n|-end|p1a: Iron Crown|Quark Drive|[silent]\n|\n|-heal|p2a: Dudunsparce|51/343 psn|[from] item: Leftovers\n|-damage|p2a: Dudunsparce|9/343 psn|[from] psn\n|upkeep\n|inactive|noKlew has 120 seconds left.\n|\n|t:|1771266304\n|switch|p1a: Typhlosion|Typhlosion-Hisui, L83, F, tera:Fire|257/257\n|turn|30\n|\n|t:|1771266309\n|move|p1a: Typhlosion|Eruption|p2a: Dudunsparce\n|-damage|p2a: Dudunsparce|0 fnt\n|faint|p2a: Dudunsparce\n|\n|upkeep\n|\n|t:|1771266311\n|switch|p2a: Vaporeon|Vaporeon, L86, F|222/364\n|-damage|p2a: Vaporeon|177/364|[from] Stealth Rock\n|turn|31\n|inactive|noKlew has 120 seconds left.\n|\n|t:|1771266341\n|switch|p1a: Walking Wake|Walking Wake, L79|276/286\n|move|p2a: Vaporeon|Protect||[still]\n|-fail|p2a: Vaporeon\n|\n|-heal|p2a: Vaporeon|199/364|[from] item: Leftovers\n|upkeep\n|turn|32\n|\n|t:|1771266358\n|-end|p1a: Walking Wake|Protosynthesis|[silent]\n|switch|p1a: Typhlosion|Typhlosion-Hisui, L83, F, tera:Fire|257/257\n|move|p2a: Vaporeon|Protect||[still]\n|-fail|p2a: Vaporeon\n|\n|-heal|p2a: Vaporeon|221/364|[from] item: Leftovers\n|upkeep\n|turn|33\n|\n|t:|1771266360\n|switch|p1a: Walking Wake|Walking Wake, L79|276/286\n|move|p2a: Vaporeon|Protect||[still]\n|-fail|p2a: Vaporeon\n|\n|-heal|p2a: Vaporeon|243/364|[from] item: Leftovers\n|upkeep\n|turn|34\n|\n|t:|1771266363\n|-end|p1a: Walking Wake|Protosynthesis|[silent]\n|switch|p1a: Typhlosion|Typhlosion-Hisui, L83, F, tera:Fire|257/257\n|move|p2a: Vaporeon|Wish|p2a: Vaporeon\n|\n|-heal|p2a: Vaporeon|265/364|[from] item: Leftovers\n|upkeep\n|turn|35\n|\n|t:|1771266366\n|switch|p1a: Walking Wake|Walking Wake, L79|276/286\n|move|p2a: Vaporeon|Scald|p1a: Walking Wake\n|-resisted|p1a: Walking Wake\n|-damage|p1a: Walking Wake|249/286\n|\n|-heal|p2a: Vaporeon|364/364|[from] move: Wish|[wisher] Vaporeon\n|upkeep\n|turn|36\n|\n|t:|1771266373\n|move|p1a: Walking Wake|Draco Meteor|p2a: Vaporeon|[miss]\n|-miss|p1a: Walking Wake|p2a: Vaporeon\n|move|p2a: Vaporeon|Scald|p1a: Walking Wake\n|-resisted|p1a: Walking Wake\n|-damage|p1a: Walking Wake|220/286\n|-status|p1a: Walking Wake|brn\n|\n|-damage|p1a: Walking Wake|203/286 brn|[from] brn\n|upkeep\n|turn|37\n|\n|t:|1771266376\n|move|p1a: Walking Wake|Draco Meteor|p2a: Vaporeon\n|-damage|p2a: Vaporeon|150/364\n|-unboost|p1a: Walking Wake|spa|2\n|move|p2a: Vaporeon|Scald|p1a: Walking Wake\n|-resisted|p1a: Walking Wake\n|-damage|p1a: Walking Wake|174/286 brn\n|\n|-heal|p2a: Vaporeon|172/364|[from] item: Leftovers\n|-damage|p1a: Walking Wake|157/286 brn|[from] brn\n|upkeep\n|turn|38\n|\n|t:|1771266381\n|move|p1a: Walking Wake|Draco Meteor|p2a: Vaporeon\n|-damage|p2a: Vaporeon|66/364\n|-unboost|p1a: Walking Wake|spa|2\n|move|p2a: Vaporeon|Wish|p2a: Vaporeon\n|\n|-heal|p2a: Vaporeon|88/364|[from] item: Leftovers\n|-damage|p1a: Walking Wake|140/286 brn|[from] brn\n|upkeep\n|turn|39\n|\n|t:|1771266384\n|-end|p1a: Walking Wake|Protosynthesis|[silent]\n|switch|p1a: Typhlosion|Typhlosion-Hisui, L83, F, tera:Fire|257/257\n|move|p2a: Vaporeon|Protect||[still]\n|-fail|p2a: Vaporeon\n|\n|-heal|p2a: Vaporeon|270/364|[from] move: Wish|[wisher] Vaporeon\n|-heal|p2a: Vaporeon|292/364|[from] item: Leftovers\n|upkeep\n|turn|40\n|\n|t:|1771266389\n|move|p1a: Typhlosion|Shadow Ball|p2a: Vaporeon\n|-damage|p2a: Vaporeon|202/364\n|move|p2a: Vaporeon|Wish|p2a: Vaporeon\n|\n|-heal|p2a: Vaporeon|224/364|[from] item: Leftovers\n|upkeep\n|turn|41\n|\n|t:|1771266393\n|move|p1a: Typhlosion|Shadow Ball|p2a: Vaporeon\n|-damage|p2a: Vaporeon|128/364\n|move|p2a: Vaporeon|Scald|p1a: Typhlosion\n|-supereffective|p1a: Typhlosion\n|-damage|p1a: Typhlosion|53/257\n|\n|-heal|p2a: Vaporeon|310/364|[from] move: Wish|[wisher] Vaporeon\n|-heal|p2a: Vaporeon|332/364|[from] item: Leftovers\n|upkeep\n|turn|42\n|\n|t:|1771266399\n|move|p1a: Typhlosion|Shadow Ball|p2a: Vaporeon\n|-damage|p2a: Vaporeon|236/364\n|move|p2a: Vaporeon|Wish|p2a: Vaporeon\n|\n|-heal|p2a: Vaporeon|258/364|[from] item: Leftovers\n|upkeep\n|turn|43\n|\n|t:|1771266403\n|move|p1a: Typhlosion|Shadow Ball|p2a: Vaporeon\n|-crit|p2a: Vaporeon\n|-damage|p2a: Vaporeon|113/364\n|move|p2a: Vaporeon|Scald|p1a: Typhlosion\n|-supereffective|p1a: Typhlosion\n|-damage|p1a: Typhlosion|0 fnt\n|faint|p1a: Typhlosion\n|\n|-heal|p2a: Vaporeon|295/364|[from] move: Wish|[wisher] Vaporeon\n|-heal|p2a: Vaporeon|317/364|[from] item: Leftovers\n|upkeep\n|\n|t:|1771266407\n|switch|p1a: Walking Wake|Walking Wake, L79|140/286 brn\n|turn|44\n|\n|t:|1771266410\n|move|p2a: Vaporeon|Protect|p2a: Vaporeon\n|-singleturn|p2a: Vaporeon|Protect\n|move|p1a: Walking Wake|Draco Meteor|p2a: Vaporeon\n|-activate|p2a: Vaporeon|move: Protect\n|\n|-heal|p2a: Vaporeon|339/364|[from] item: Leftovers\n|-damage|p1a: Walking Wake|123/286 brn|[from] brn\n|upkeep\n|turn|45\n|\n|t:|1771266415\n|move|p1a: Walking Wake|Draco Meteor|p2a: Vaporeon|[miss]\n|-miss|p1a: Walking Wake|p2a: Vaporeon\n|move|p2a: Vaporeon|Wish|p2a: Vaporeon\n|\n|-heal|p2a: Vaporeon|361/364|[from] item: Leftovers\n|-damage|p1a: Walking Wake|106/286 brn|[from] brn\n|upkeep\n|turn|46\n|-message|noKlew forfeited.\n|\n|win|Arxz\n|raw|noKlew's rating: 2188 &rarr; <strong>2164</strong><br />(-24 for losing)\n|raw|Arxz's rating: 2116 &rarr; <strong>2140</strong><br />(+24 for winning)\n|l|☆noKlew\n|player|p1|\n", "inputlog": ">version 686819e5e19f8a7fd2345cfc5a08a5085efa2cc3\n>start {\"formatid\":\"gen9randombattle\",\"seed\":\"sodium,9fc8cd2df3f05d4fb99de8396d90b8c9\",\"rated\":\"Rated battle\"}\n>player p1 {\"name\":\"noKlew\",\"avatar\":\"2\",\"rating\":2188,\"seed\":\"sodium,752ae161af9908af112753af08bce470\"}\n>player p2 {\"name\":\"Arxz\",\"avatar\":\"hoopster\",\"rating\":2116,\"seed\":\"sodium,9e27919236801f571d34d4951cf7f7fe\"}\n>p1 switch 2\n>p2 move knockoff\n>p1 move knockoff\n>p2 move uturn\n>p2 switch 4\n>p1 move surf\n>p2 move flamethrower\n>p1 switch 5\n>p2 move flamethrower\n>p1 move flamethrower\n>p2 move leechseed\n>p2 switch 3\n>p1 switch 4\n>p2 move earthquake\n>p1 move knockoff\n>p2 move earthquake\n>p1 move dazzlinggleam\n>p2 move earthquake\n>p1 switch 4\n>p1 move flipturn\n>p2 switch 2\n>p1 switch 5\n>p2 move flipturn\n>p2 switch 5\n>p1 move stealthrock\n>p2 move earthpower\n>p1 switch 2\n>p1 move eruption terastallize\n>p2 move earthpower\n>p2 switch 5\n>p1 switch 5\n>p2 move scald\n>p1 move dracometeor\n>p2 move protect\n>p1 move dracometeor\n>p2 move wish\n>p1 switch 3\n>p2 move scald\n>p1 move psyshock\n>p2 move scald\n>p1 move psyshock\n>p2 move protect\n>p1 move psyshock\n>p2 switch 2\n>p2 switch 4\n>p1 switch 6\n>p2 move knockoff\n>p1 move knockoff\n>p2 move bleakwindstorm\n>p1 move knockoff\n>p2 move bleakwindstorm\n>p2 switch 6\n>p1 move earthquake\n>p2 move roost\n>p1 move gunkshot\n>p2 move calmmind\n>p1 move gunkshot\n>p2 move calmmind\n>p1 move gunkshot\n>p2 move roost\n>p1 move gunkshot\n>p2 move roost\n>p1 move earthquake\n>p2 move boomburst\n>p1 switch 6\n>p1 move psyshock\n>p2 move shadowball\n>p1 switch 5\n>p1 move eruption\n>p2 move boomburst\n>p2 switch 2\n>p1 switch 3\n>p2 move protect\n>p1 switch 3\n>p2 move protect\n>p1 switch 3\n>p2 move protect\n>p1 switch 3\n>p2 move wish\n>p1 switch 3\n>p2 move scald\n>p1 move dracometeor\n>p2 move scald\n>p1 move dracometeor\n>p2 move scald\n>p1 move dracometeor\n>p2 move wish\n>p1 switch 3\n>p2 move protect\n>p1 move shadowball\n>p2 move wish\n>p1 move shadowball\n>p2 move scald\n>p1 move shadowball\n>p2 move wish\n>p1 move shadowball\n>p2 move scald\n>p1 switch 3\n>p1 move dracometeor\n>p2 move protect\n>p1 move dracometeor\n>p2 move wish\n>forcelose p1", "uploadtime": 1771266426, "views": 2, "formatid": "gen9randombattle", "rating": 2140, "private": 0, "password": null}