{"id": "gen9randombattle-2540097637", "format": "[Gen 9] Random Battle", "players": ["gibthx", "AmroE13"], "log": "|j|☆gibthx\n|j|☆AmroE13\n|t:|1771161376\n|gametype|singles\n|player|p1|gibthx|101|1839\n|player|p2|AmroE13|170|1825\n|gen|9\n|tier|[Gen 9] Random Battle\n|rated|\n|rule|Species Clause: Limit one of each Pokémon\n|rule|HP Percentage Mod: HP is shown in percentages\n|rule|Sleep Clause Mod: Limit one foe put to sleep\n|rule|Illusion Level Mod: Illusion disguises the Pokémon's true level\n|\n|t:|1771161376\n|teamsize|p1|6\n|teamsize|p2|6\n|start\n|switch|p1a: Eiscue|Eiscue, L88, F|274/274\n|switch|p2a: Iron Crown|Iron Crown, L78|268/268\n|turn|1\n|inactive|Battle timer is ON: inactive players will automatically lose when time's up. (requested by AmroE13)\n|\n|t:|1771161396\n|switch|p1a: Ludicolo|Ludicolo, L90, F|290/290\n|move|p2a: Iron Crown|Focus Blast|p1a: Ludicolo|[miss]\n|-miss|p2a: Iron Crown|p1a: Ludicolo\n|\n|upkeep\n|turn|2\n|\n|t:|1771161403\n|move|p2a: Iron Crown|Focus Blast|p1a: Ludicolo|[miss]\n|-miss|p2a: Iron Crown|p1a: Ludicolo\n|move|p1a: Ludicolo|Rain Dance|p1a: Ludicolo\n|-weather|RainDance\n|\n|-weather|RainDance|[upkeep]\n|upkeep\n|turn|3\n|\n|t:|1771161405\n|move|p1a: Ludicolo|Hydro Pump|p2a: Iron Crown\n|-damage|p2a: Iron Crown|33/268\n|-damage|p1a: Ludicolo|261/290|[from] item: Life Orb\n|move|p2a: Iron Crown|Focus Blast|p1a: Ludicolo|[miss]\n|-miss|p2a: Iron Crown|p1a: Ludicolo\n|\n|-weather|RainDance|[upkeep]\n|upkeep\n|turn|4\n|\n|t:|1771161412\n|-end|p2a: Iron Crown|Quark Drive|[silent]\n|switch|p2a: Appletun|Appletun, L92, M|352/352\n|move|p1a: Ludicolo|Ice Beam|p2a: Appletun\n|-supereffective|p2a: Appletun\n|-damage|p2a: Appletun|170/352\n|-status|p2a: Appletun|frz\n|-damage|p1a: Ludicolo|232/290|[from] item: Life Orb\n|\n|-weather|RainDance|[upkeep]\n|-heal|p2a: Appletun|192/352 frz|[from] item: Leftovers\n|upkeep\n|turn|5\n|\n|t:|1771161423\n|switch|p2a: Muk|Muk-Alola, L82, F|306/306\n|move|p1a: Ludicolo|Ice Beam|p2a: Muk\n|-crit|p2a: Muk\n|-damage|p2a: Muk|225/306\n|-damage|p1a: Ludicolo|203/290|[from] item: Life Orb\n|\n|-weather|RainDance|[upkeep]\n|upkeep\n|turn|6\n|\n|t:|1771161428\n|move|p1a: Ludicolo|Hydro Pump|p2a: Muk\n|-damage|p2a: Muk|83/306\n|-damage|p1a: Ludicolo|174/290|[from] item: Life Orb\n|move|p2a: Muk|Gunk Shot|p1a: Ludicolo\n|-supereffective|p1a: Ludicolo\n|-damage|p1a: Ludicolo|0 fnt\n|faint|p1a: Ludicolo\n|\n|-weather|none\n|upkeep\n|\n|t:|1771161441\n|switch|p1a: Hippowdon|Hippowdon, L82, M|311/311\n|-weather|Sandstorm|[from] ability: Sand Stream|[of] p1a: Hippowdon\n|turn|7\n|\n|t:|1771161464\n|switch|p2a: Appletun|Appletun, L92, M|192/352 frz\n|move|p1a: Hippowdon|Earthquake|p2a: Appletun\n|-resisted|p2a: Appletun\n|-damage|p2a: Appletun|136/352 frz\n|\n|-weather|Sandstorm|[upkeep]\n|-damage|p2a: Appletun|114/352 frz|[from] Sandstorm\n|-heal|p2a: Appletun|136/352 frz|[from] item: Leftovers\n|upkeep\n|turn|8\n|\n|t:|1771161470\n|switch|p1a: Hitmonchan|Hitmonchan, L87, M|229/229\n|cant|p2a: Appletun|frz\n|\n|-weather|Sandstorm|[upkeep]\n|-damage|p1a: Hitmonchan|215/229|[from] Sandstorm\n|-damage|p2a: Appletun|114/352 frz|[from] Sandstorm\n|-heal|p1a: Hitmonchan|229/229|[from] item: Leftovers\n|-heal|p2a: Appletun|136/352 frz|[from] item: Leftovers\n|upkeep\n|turn|9\n|\n|t:|1771161477\n|switch|p2a: Hippowdon|Hippowdon, L82, F|311/311\n|move|p1a: Hitmonchan|Swords Dance|p1a: Hitmonchan\n|-boost|p1a: Hitmonchan|atk|2\n|\n|-weather|Sandstorm|[upkeep]\n|-damage|p1a: Hitmonchan|215/229|[from] Sandstorm\n|-heal|p1a: Hitmonchan|229/229|[from] item: Leftovers\n|upkeep\n|turn|10\n|\n|t:|1771161486\n|move|p1a: Hitmonchan|Drain Punch|p2a: Hippowdon\n|-damage|p2a: Hippowdon|142/311\n|-damage|p1a: Hitmonchan|191/229|[from] item: Rocky Helmet|[of] p2a: Hippowdon\n|move|p2a: Hippowdon|Whirlwind|p1a: Hitmonchan\n|drag|p1a: Eiscue|Eiscue, L88, F|274/274\n|\n|-weather|Sandstorm|[upkeep]\n|-damage|p1a: Eiscue|257/274|[from] Sandstorm\n|upkeep\n|turn|11\n|\n|t:|1771161495\n|switch|p1a: Exeggutor|Exeggutor, L89, M|312/312\n|move|p2a: Hippowdon|Whirlwind|p1a: Exeggutor\n|drag|p1a: Grimmsnarl|Grimmsnarl, L83, M|293/293\n|\n|-weather|none\n|upkeep\n|turn|12\n|\n|t:|1771161501\n|move|p1a: Grimmsnarl|Parting Shot|p2a: Hippowdon\n|-unboost|p2a: Hippowdon|atk|1\n|-unboost|p2a: Hippowdon|spa|1\n|\n|t:|1771161503\n|switch|p1a: Exeggutor|Exeggutor, L89, M|312/312|[from] Parting Shot\n|move|p2a: Hippowdon|Slack Off|p2a: Hippowdon\n|-heal|p2a: Hippowdon|298/311\n|\n|upkeep\n|turn|13\n|\n|t:|1771161513\n|switch|p2a: Appletun|Appletun, L92, M|136/352 frz\n|move|p1a: Exeggutor|Leech Seed|p2a: Appletun\n|-immune|p2a: Appletun\n|\n|-heal|p2a: Appletun|158/352 frz|[from] item: Leftovers\n|upkeep\n|turn|14\n|\n|t:|1771161517\n|move|p1a: Exeggutor|Psychic Noise|p2a: Appletun\n|-damage|p2a: Appletun|46/352 frz\n|-start|p2a: Appletun|move: Heal Block\n|cant|p2a: Appletun|frz\n|\n|upkeep\n|turn|15\n|\n|t:|1771161524\n|move|p1a: Exeggutor|Psychic Noise|p2a: Appletun\n|-damage|p2a: Appletun|0 fnt\n|faint|p2a: Appletun\n|\n|upkeep\n|\n|t:|1771161532\n|switch|p2a: Bombirdier|Bombirdier, L85, F|258/258\n|turn|16\n|\n|t:|1771161536\n|move|p1a: Exeggutor|Protect|p1a: Exeggutor\n|-singleturn|p1a: Exeggutor|Protect\n|move|p2a: Bombirdier|Knock Off|p1a: Exeggutor\n|-activate|p1a: Exeggutor|move: Protect\n|\n|upkeep\n|turn|17\n|\n|t:|1771161543\n|switch|p1a: Hippowdon|Hippowdon, L82, M|311/311\n|-weather|Sandstorm|[from] ability: Sand Stream|[of] p1a: Hippowdon\n|move|p2a: Bombirdier|Brave Bird|p1a: Hippowdon\n|-damage|p1a: Hippowdon|196/311\n|-damage|p2a: Bombirdier|220/258|[from] Recoil\n|\n|-weather|Sandstorm|[upkeep]\n|-damage|p2a: Bombirdier|204/258|[from] Sandstorm\n|-heal|p1a: Hippowdon|215/311|[from] item: Leftovers\n|upkeep\n|turn|18\n|\n|t:|1771161550\n|switch|p2a: Hippowdon|Hippowdon, L82, F|298/311\n|move|p1a: Hippowdon|Slack Off|p1a: Hippowdon\n|-heal|p1a: Hippowdon|311/311\n|\n|-weather|Sandstorm|[upkeep]\n|upkeep\n|turn|19\n|\n|t:|1771161555\n|move|p1a: Hippowdon|Curse|p1a: Hippowdon\n|-unboost|p1a: Hippowdon|spe|1\n|-boost|p1a: Hippowdon|atk|1\n|-boost|p1a: Hippowdon|def|1\n|move|p2a: Hippowdon|Stealth Rock|p1a: Hippowdon\n|-sidestart|p1: gibthx|move: Stealth Rock\n|\n|-weather|Sandstorm|[upkeep]\n|upkeep\n|turn|20\n|\n|t:|1771161557\n|move|p1a: Hippowdon|Earthquake|p2a: Hippowdon\n|-damage|p2a: Hippowdon|169/311\n|move|p2a: Hippowdon|Whirlwind|p1a: Hippowdon\n|drag|p1a: Hitmonchan|Hitmonchan, L87, M|191/229\n|-damage|p1a: Hitmonchan|177/229|[from] Stealth Rock\n|\n|-weather|Sandstorm|[upkeep]\n|-damage|p1a: Hitmonchan|163/229|[from] Sandstorm\n|-heal|p1a: Hitmonchan|177/229|[from] item: Leftovers\n|upkeep\n|turn|21\n|\n|t:|1771161561\n|move|p1a: Hitmonchan|Rapid Spin|p2a: Hippowdon\n|-damage|p2a: Hippowdon|139/311\n|-boost|p1a: Hitmonchan|spe|1\n|-damage|p1a: Hitmonchan|139/229|[from] item: Rocky Helmet|[of] p2a: Hippowdon\n|-sideend|p1: gibthx|Stealth Rock|[from] move: Rapid Spin|[of] p1a: Hitmonchan\n|move|p2a: Hippowdon|Slack Off|p2a: Hippowdon\n|-heal|p2a: Hippowdon|295/311\n|\n|-weather|none\n|-heal|p1a: Hitmonchan|153/229|[from] item: Leftovers\n|upkeep\n|turn|22\n|\n|t:|1771161565\n|move|p1a: Hitmonchan|Drain Punch|p2a: Hippowdon\n|-damage|p2a: Hippowdon|213/311\n|-heal|p1a: Hitmonchan|194/229|[from] drain|[of] p2a: Hippowdon\n|-damage|p1a: Hitmonchan|156/229|[from] item: Rocky Helmet|[of] p2a: Hippowdon\n|move|p2a: Hippowdon|Earthquake|p1a: Hitmonchan\n|-damage|p1a: Hitmonchan|44/229\n|\n|-heal|p1a: Hitmonchan|58/229|[from] item: Leftovers\n|upkeep\n|turn|23\n|\n|t:|1771161573\n|switch|p1a: Exeggutor|Exeggutor, L89, M|312/312\n|move|p2a: Hippowdon|Slack Off|p2a: Hippowdon\n|-heal|p2a: Hippowdon|311/311\n|\n|upkeep\n|turn|24\n|\n|t:|1771161579\n|switch|p2a: Muk|Muk-Alola, L82, F|83/306\n|move|p1a: Exeggutor|Leech Seed|p2a: Muk\n|-start|p2a: Muk|move: Leech Seed\n|\n|-damage|p2a: Muk|45/306|[from] Leech Seed|[of] p1a: Exeggutor\n|upkeep\n|turn|25\n|\n|t:|1771161585\n|switch|p2a: Iron Crown|Iron Crown, L78|33/268\n|move|p1a: Exeggutor|Protect||[still]\n|-fail|p1a: Exeggutor\n|\n|upkeep\n|turn|26\n|\n|t:|1771161588\n|move|p1a: Exeggutor|Protect|p1a: Exeggutor\n|-singleturn|p1a: Exeggutor|Protect\n|move|p2a: Iron Crown|Volt Switch|p1a: Exeggutor\n|-activate|p1a: Exeggutor|move: Protect\n|\n|upkeep\n|turn|27\n|\n|t:|1771161592\n|move|p2a: Iron Crown|Volt Switch|p1a: Exeggutor\n|-resisted|p1a: Exeggutor\n|-damage|p1a: Exeggutor|274/312\n|\n|t:|1771161602\n|-end|p2a: Iron Crown|Quark Drive|[silent]\n|switch|p2a: Bombirdier|Bombirdier, L85, F|204/258|[from] Volt Switch\n|move|p1a: Exeggutor|Leech Seed|p2a: Bombirdier\n|-start|p2a: Bombirdier|move: Leech Seed\n|\n|-damage|p2a: Bombirdier|172/258|[from] Leech Seed|[of] p1a: Exeggutor\n|-heal|p1a: Exeggutor|306/312|[silent]\n|upkeep\n|turn|28\n|\n|t:|1771161613\n|switch|p2a: Muk|Muk-Alola, L82, F|45/306\n|move|p1a: Exeggutor|Protect||[still]\n|-fail|p1a: Exeggutor\n|\n|upkeep\n|turn|29\n|\n|t:|1771161623\n|switch|p1a: Hippowdon|Hippowdon, L82, M|311/311\n|-weather|Sandstorm|[from] ability: Sand Stream|[of] p1a: Hippowdon\n|move|p2a: Muk|Gunk Shot|p1a: Hippowdon\n|-resisted|p1a: Hippowdon\n|-crit|p1a: Hippowdon\n|-damage|p1a: Hippowdon|227/311\n|\n|-weather|Sandstorm|[upkeep]\n|-damage|p2a: Muk|26/306|[from] Sandstorm\n|-heal|p1a: Hippowdon|246/311|[from] item: Leftovers\n|upkeep\n|turn|30\n|\n|t:|1771161631\n|move|p2a: Muk|Ice Punch|p1a: Hippowdon\n|-supereffective|p1a: Hippowdon\n|-damage|p1a: Hippowdon|154/311\n|-status|p1a: Hippowdon|psn|[from] ability: Poison Touch|[of] p2a: Muk\n|move|p1a: Hippowdon|Earthquake|p2a: Muk\n|-supereffective|p2a: Muk\n|-damage|p2a: Muk|0 fnt\n|faint|p2a: Muk\n|\n|-weather|Sandstorm|[upkeep]\n|-heal|p1a: Hippowdon|173/311 psn|[from] item: Leftovers\n|-damage|p1a: Hippowdon|135/311 psn|[from] psn\n|upkeep\n|\n|t:|1771161641\n|switch|p2a: Hippowdon|Hippowdon, L82, F|311/311\n|turn|31\n|\n|t:|1771161644\n|move|p1a: Hippowdon|Slack Off|p1a: Hippowdon\n|-heal|p1a: Hippowdon|291/311 psn\n|move|p2a: Hippowdon|Stealth Rock|p1a: Hippowdon\n|-sidestart|p1: gibthx|move: Stealth Rock\n|\n|-weather|Sandstorm|[upkeep]\n|-heal|p1a: Hippowdon|310/311 psn|[from] item: Leftovers\n|-damage|p1a: Hippowdon|272/311 psn|[from] psn\n|upkeep\n|turn|32\n|\n|t:|1771161649\n|move|p1a: Hippowdon|Earthquake|p2a: Hippowdon\n|-damage|p2a: Hippowdon|227/311\n|move|p2a: Hippowdon|Earthquake|p1a: Hippowdon\n|-damage|p1a: Hippowdon|172/311 psn\n|\n|-weather|Sandstorm|[upkeep]\n|-heal|p1a: Hippowdon|191/311 psn|[from] item: Leftovers\n|-damage|p1a: Hippowdon|153/311 psn|[from] psn\n|upkeep\n|turn|33\n|\n|t:|1771161654\n|move|p2a: Hippowdon|Earthquake|p1a: Hippowdon\n|-damage|p1a: Hippowdon|69/311 psn\n|move|p1a: Hippowdon|Slack Off|p1a: Hippowdon\n|-heal|p1a: Hippowdon|225/311 psn\n|\n|-weather|none\n|-heal|p1a: Hippowdon|244/311 psn|[from] item: Leftovers\n|-damage|p1a: Hippowdon|206/311 psn|[from] psn\n|upkeep\n|turn|34\n|\n|t:|1771161658\n|switch|p1a: Grimmsnarl|Grimmsnarl, L83, M|293/293\n|-damage|p1a: Grimmsnarl|257/293|[from] Stealth Rock\n|move|p2a: Hippowdon|Earthquake|p1a: Grimmsnarl\n|-damage|p1a: Grimmsnarl|109/293\n|\n|upkeep\n|turn|35\n|\n|t:|1771161665\n|move|p1a: Grimmsnarl|Reflect|p1a: Grimmsnarl\n|-sidestart|p1: gibthx|Reflect\n|move|p2a: Hippowdon|Earthquake|p1a: Grimmsnarl\n|-damage|p1a: Grimmsnarl|37/293\n|\n|upkeep\n|turn|36\n|\n|t:|1771161669\n|move|p1a: Grimmsnarl|Spirit Break|p2a: Hippowdon\n|-damage|p2a: Hippowdon|155/311\n|-unboost|p2a: Hippowdon|spa|1\n|-damage|p1a: Grimmsnarl|0 fnt|[from] item: Rocky Helmet|[of] p2a: Hippowdon\n|faint|p1a: Grimmsnarl\n|move|p2a: Hippowdon|Slack Off|p2a: Hippowdon\n|-heal|p2a: Hippowdon|311/311\n|\n|upkeep\n|\n|t:|1771161671\n|switch|p1a: Exeggutor|Exeggutor, L89, M|306/312\n|-damage|p1a: Exeggutor|267/312|[from] Stealth Rock\n|turn|37\n|\n|t:|1771161682\n|switch|p2a: Salazzle|Salazzle, L83, F|249/249\n|move|p1a: Exeggutor|Leech Seed|p2a: Salazzle\n|-start|p2a: Salazzle|move: Leech Seed\n|\n|-damage|p2a: Salazzle|218/249|[from] Leech Seed|[of] p1a: Exeggutor\n|-heal|p1a: Exeggutor|298/312|[silent]\n|upkeep\n|turn|38\n|\n|t:|1771161691\n|switch|p2a: Bombirdier|Bombirdier, L85, F|172/258\n|switch|p1a: Hippowdon|Hippowdon, L82, M|206/311 psn\n|-damage|p1a: Hippowdon|187/311 psn|[from] Stealth Rock\n|-weather|Sandstorm|[from] ability: Sand Stream|[of] p1a: Hippowdon\n|\n|-weather|Sandstorm|[upkeep]\n|-damage|p2a: Bombirdier|156/258|[from] Sandstorm\n|-heal|p1a: Hippowdon|206/311 psn|[from] item: Leftovers\n|-damage|p1a: Hippowdon|168/311 psn|[from] psn\n|upkeep\n|turn|39\n|\n|t:|1771161699\n|move|p2a: Bombirdier|Knock Off|p1a: Hippowdon\n|-damage|p1a: Hippowdon|120/311 psn\n|-enditem|p1a: Hippowdon|Leftovers|[from] move: Knock Off|[of] p2a: Bombirdier\n|move|p1a: Hippowdon|Stone Edge|p2a: Bombirdier\n|-supereffective|p2a: Bombirdier\n|-damage|p2a: Bombirdier|16/258\n|\n|-weather|Sandstorm|[upkeep]\n|-damage|p2a: Bombirdier|0 fnt|[from] Sandstorm\n|faint|p2a: Bombirdier\n|-damage|p1a: Hippowdon|82/311 psn|[from] psn\n|upkeep\n|\n|t:|1771161726\n|switch|p2a: Iron Crown|Iron Crown, L78|33/268\n|turn|40\n|\n|t:|1771161741\n|move|p2a: Iron Crown|Tachyon Cutter|p1a: Hippowdon\n|-damage|p1a: Hippowdon|0 fnt\n|faint|p1a: Hippowdon\n|-hitcount|p1: Hippowdon|1\n|\n|-weather|Sandstorm|[upkeep]\n|upkeep\n|\n|t:|1771161743\n|switch|p1a: Exeggutor|Exeggutor, L89, M|298/312\n|-damage|p1a: Exeggutor|259/312|[from] Stealth Rock\n|turn|41\n|\n|t:|1771161751\n|move|p2a: Iron Crown|Tachyon Cutter|p1a: Exeggutor\n|-damage|p1a: Exeggutor|165/312\n|-damage|p1a: Exeggutor|71/312\n|-enditem|p1a: Exeggutor|Sitrus Berry|[eat]\n|-heal|p1a: Exeggutor|149/312|[from] item: Sitrus Berry\n|-hitcount|p1a: Exeggutor|2\n|move|p1a: Exeggutor|Leech Seed|p2a: Iron Crown\n|-start|p2a: Iron Crown|move: Leech Seed\n|\n|-weather|Sandstorm|[upkeep]\n|-damage|p1a: Exeggutor|130/312|[from] Sandstorm\n|-damage|p2a: Iron Crown|0 fnt|[from] Leech Seed|[of] p1a: Exeggutor\n|-heal|p1a: Exeggutor|163/312|[silent]\n|faint|p2a: Iron Crown\n|-end|p2a: Iron Crown|Quark Drive|[silent]\n|upkeep\n|\n|t:|1771161765\n|switch|p2a: Salazzle|Salazzle, L83, F|218/249\n|turn|42\n|\n|t:|1771161780\n|-terastallize|p2a: Salazzle|Grass\n|move|p2a: Salazzle|Sludge Wave|p1a: Exeggutor\n|-supereffective|p1a: Exeggutor\n|-damage|p1a: Exeggutor|0 fnt\n|faint|p1a: Exeggutor\n|\n|-weather|none\n|-sideend|p1: gibthx|Reflect\n|upkeep\n|\n|t:|1771161785\n|switch|p1a: Eiscue|Eiscue, L88, F|257/274\n|-damage|p1a: Eiscue|189/274|[from] Stealth Rock\n|turn|43\n|\n|t:|1771161789\n|move|p2a: Salazzle|Tera Blast|p1a: Eiscue|[anim] Tera Blast Grass\n|-damage|p1a: Eiscue|101/274\n|-enditem|p1a: Eiscue|Sitrus Berry|[eat]\n|-heal|p1a: Eiscue|169/274|[from] item: Sitrus Berry\n|move|p1a: Eiscue|Ice Spinner|p2a: Salazzle\n|-supereffective|p2a: Salazzle\n|-damage|p2a: Salazzle|8/249\n|\n|upkeep\n|turn|44\n|\n|t:|1771161800\n|move|p2a: Salazzle|Sludge Wave|p1a: Eiscue\n|-damage|p1a: Eiscue|64/274\n|move|p1a: Eiscue|Ice Spinner|p2a: Salazzle\n|-supereffective|p2a: Salazzle\n|-damage|p2a: Salazzle|0 fnt\n|faint|p2a: Salazzle\n|\n|upkeep\n|\n|t:|1771161810\n|switch|p2a: Hippowdon|Hippowdon, L82, F|311/311\n|-weather|Sandstorm|[from] ability: Sand Stream|[of] p2a: Hippowdon\n|turn|45\n|\n|t:|1771161815\n|move|p1a: Eiscue|Ice Spinner|p2a: Hippowdon\n|-supereffective|p2a: Hippowdon\n|-damage|p2a: Hippowdon|183/311\n|-damage|p1a: Eiscue|19/274|[from] item: Rocky Helmet|[of] p2a: Hippowdon\n|move|p2a: Hippowdon|Whirlwind|p1a: Eiscue\n|drag|p1a: Hitmonchan|Hitmonchan, L87, M|58/229\n|-damage|p1a: Hitmonchan|44/229|[from] Stealth Rock\n|\n|-weather|Sandstorm|[upkeep]\n|-damage|p1a: Hitmonchan|30/229|[from] Sandstorm\n|-heal|p1a: Hitmonchan|44/229|[from] item: Leftovers\n|upkeep\n|turn|46\n|\n|t:|1771161831\n|move|p1a: Hitmonchan|Rapid Spin|p2a: Hippowdon\n|-damage|p2a: Hippowdon|152/311\n|-boost|p1a: Hitmonchan|spe|1\n|-damage|p1a: Hitmonchan|6/229|[from] item: Rocky Helmet|[of] p2a: Hippowdon\n|-sideend|p1: gibthx|Stealth Rock|[from] move: Rapid Spin|[of] p1a: Hitmonchan\n|move|p2a: Hippowdon|Earthquake|p1a: Hitmonchan\n|-damage|p1a: Hitmonchan|0 fnt\n|faint|p1a: Hitmonchan\n|\n|-weather|Sandstorm|[upkeep]\n|upkeep\n|\n|t:|1771161833\n|switch|p1a: Eiscue|Eiscue, L88, F|19/274\n|turn|47\n|\n|t:|1771161852\n|move|p1a: Eiscue|Ice Spinner|p2a: Hippowdon\n|-supereffective|p2a: Hippowdon\n|-damage|p2a: Hippowdon|12/311\n|-damage|p1a: Eiscue|0 fnt|[from] item: Rocky Helmet|[of] p2a: Hippowdon\n|faint|p1a: Eiscue\n|\n|win|AmroE13\n|raw|gibthx's rating: 1839 &rarr; <strong>1818</strong><br />(-21 for losing)\n|raw|AmroE13's rating: 1825 &rarr; <strong>1846</strong><br />(+21 for winning)\n", "inputlog": ">version 686819e5e19f8a7fd2345cfc5a08a5085efa2cc3\n>start {\"formatid\":\"gen9randombattle\",\"seed\":\"sodium,ebdb2caf579a9143c737f193b3fe75d5\",\"rated\":\"Rated battle\"}\n>player p1 {\"name\":\"gibthx\",\"avatar\":\"101\",\"rating\":1839,\"seed\":\"sodium,6851642c3fc507ecbd0da57b0c4cfb4d\"}\n>player p2 {\"name\":\"AmroE13\",\"avatar\":\"170\",\"rating\":1825,\"seed\":\"sodium,042c011e7131d4946cf61511271e0271\"}\n>p1 switch 5\n>p2 move focusblast\n>p1 move raindance\n>p2 move focusblast\n>p1 move hydropump\n>p2 move focusblast\n>p1 move icebeam\n>p2 switch 4\n>p1 move icebeam\n>p2 switch 3\n>p1 move hydropump\n>p2 move gunkshot\n>p1 switch 6\n>p1 move earthquake\n>p2 switch 3\n>p1 switch 3\n>p2 move recover\n>p1 move swordsdance\n>p2 switch 6\n>p1 move drainpunch\n>p2 move whirlwind\n>p1 switch 2\n>p2 move whirlwind\n>p1 move partingshot\n>p2 move slackoff\n>p1 switch 4\n>p1 move leechseed\n>p2 switch 6\n>p1 move psychicnoise\n>p2 move recover\n>p1 move psychicnoise\n>p2 move dragontail\n>p2 switch 2\n>p1 move protect\n>p2 move knockoff\n>p1 switch 3\n>p2 move bravebird\n>p1 move slackoff\n>p2 switch 6\n>p1 move curse\n>p2 move stealthrock\n>p1 move earthquake\n>p2 move whirlwind\n>p1 move rapidspin\n>p2 move slackoff\n>p1 move drainpunch\n>p2 move earthquake\n>p1 switch 3\n>p2 move slackoff\n>p1 move leechseed\n>p2 switch 3\n>p1 move protect\n>p2 switch 4\n>p1 move protect\n>p2 move voltswitch\n>p1 move leechseed\n>p2 move voltswitch\n>p2 switch 6\n>p1 move protect\n>p2 switch 4\n>p1 switch 5\n>p2 move gunkshot\n>p1 move earthquake\n>p2 move icepunch\n>p2 switch 3\n>p1 move slackoff\n>p2 move stealthrock\n>p1 move earthquake\n>p2 move earthquake\n>p1 move slackoff\n>p2 move earthquake\n>p1 switch 4\n>p2 move earthquake\n>p1 move reflect\n>p2 move earthquake\n>p1 move spiritbreak\n>p2 move slackoff\n>p1 switch 5\n>p1 move leechseed\n>p2 switch 5\n>p1 switch 4\n>p2 switch 4\n>p1 move stoneedge\n>p2 move knockoff\n>p2 switch 6\n>p1 move earthquake\n>p2 move tachyoncutter\n>p1 switch 4\n>p1 move leechseed\n>p2 move tachyoncutter\n>p2 switch 4\n>p1 move psychicnoise\n>p2 move sludgewave terastallize\n>p1 switch 2\n>p1 move icespinner\n>p2 move terablast\n>p1 move icespinner\n>p2 move sludgewave\n>p2 switch 5\n>p1 move icespinner\n>p2 move whirlwind\n>p1 move rapidspin\n>p2 move earthquake\n>p1 switch 3\n>p1 move icespinner\n>p2 move slackoff", "uploadtime": 1771161860, "views": 13, "formatid": "gen9randombattle", "rating": 1818, "private": 0, "password": null}