{"id": "gen9randombattle-2540597782", "format": "[Gen 9] Random Battle", "players": ["Kingtruk", "hindus curry"], "log": "|j|☆Kingtruk\n|j|☆hindus curry\n|t:|1771224414\n|gametype|singles\n|player|p1|Kingtruk|clay|1566\n|player|p2|hindus curry|265|1618\n|gen|9\n|tier|[Gen 9] Random Battle\n|rated|\n|rule|Species Clause: Limit one of each Pokémon\n|rule|HP Percentage Mod: HP is shown in percentages\n|rule|Sleep Clause Mod: Limit one foe put to sleep\n|rule|Illusion Level Mod: Illusion disguises the Pokémon's true level\n|\n|t:|1771224414\n|teamsize|p1|6\n|teamsize|p2|6\n|start\n|switch|p1a: Electrode|Electrode, L92|260/260\n|switch|p2a: Regieleki|Regieleki, L79|256/256\n|turn|1\n|inactive|Battle timer is ON: inactive players will automatically lose when time's up. (requested by Kingtruk)\n|inactive|hindus curry also wants the timer to be on.\n|\n|t:|1771224423\n|move|p2a: Regieleki|Volt Switch|p1a: Electrode\n|-resisted|p1a: Electrode\n|-damage|p1a: Electrode|212/260\n|\n|t:|1771224425\n|switch|p2a: Pachirisu|Pachirisu, L96, M|271/271|[from] Volt Switch\n|move|p1a: Electrode|Volt Switch|p2a: Pachirisu\n|-immune|p2a: Pachirisu|[from] ability: Volt Absorb\n|\n|upkeep\n|turn|2\n|\n|t:|1771224440\n|move|p1a: Electrode|Tera Blast|p2a: Pachirisu\n|-damage|p2a: Pachirisu|201/271\n|-damage|p1a: Electrode|186/260|[from] item: Life Orb\n|move|p2a: Pachirisu|U-turn|p1a: Electrode\n|-damage|p1a: Electrode|146/260\n|\n|t:|1771224450\n|switch|p2a: Dusknoir|Dusknoir, L89, F|225/225|[from] U-turn\n|-item|p1a: Electrode|Life Orb|[from] ability: Frisk|[of] p2a: Dusknoir\n|\n|upkeep\n|turn|3\n|\n|t:|1771224454\n|switch|p2a: Pachirisu|Pachirisu, L96, M|201/271\n|move|p1a: Electrode|Volt Switch|p2a: Pachirisu\n|-heal|p2a: Pachirisu|268/271|[from] ability: Volt Absorb|[of] p1a: Electrode\n|\n|upkeep\n|turn|4\n|\n|t:|1771224460\n|move|p1a: Electrode|Tera Blast|p2a: Pachirisu\n|-damage|p2a: Pachirisu|202/271\n|-damage|p1a: Electrode|120/260|[from] item: Life Orb\n|move|p2a: Pachirisu|U-turn|p1a: Electrode\n|-damage|p1a: Electrode|77/260\n|\n|t:|1771224469\n|switch|p2a: Dusknoir|Dusknoir, L89, F|225/225|[from] U-turn\n|-item|p1a: Electrode|Life Orb|[from] ability: Frisk|[of] p2a: Dusknoir\n|\n|upkeep\n|turn|5\n|\n|t:|1771224471\n|move|p2a: Dusknoir|Shadow Sneak|p1a: Electrode\n|-damage|p1a: Electrode|2/260\n|move|p1a: Electrode|Taunt|p2a: Dusknoir\n|-start|p2a: Dusknoir|move: Taunt\n|\n|upkeep\n|turn|6\n|\n|t:|1771224479\n|switch|p1a: Grafaiai|Grafaiai, L86, F|249/249\n|move|p2a: Dusknoir|Shadow Sneak|p1a: Grafaiai\n|-immune|p1a: Grafaiai\n|\n|upkeep\n|turn|7\n|\n|t:|1771224488\n|switch|p2a: Swanna|Swanna, L89, F|278/278\n|move|p1a: Grafaiai|Knock Off|p2a: Swanna\n|-damage|p2a: Swanna|191/278\n|-enditem|p2a: Swanna|Heavy-Duty Boots|[from] move: Knock Off|[of] p1a: Grafaiai\n|\n|upkeep\n|turn|8\n|\n|t:|1771224493\n|move|p1a: Grafaiai|Gunk Shot|p2a: Swanna\n|-damage|p2a: Swanna|31/278\n|-status|p2a: Swanna|psn\n|move|p2a: Swanna|Flip Turn|p1a: Grafaiai\n|-damage|p1a: Grafaiai|164/249\n|\n|t:|1771224496\n|switch|p2a: Regieleki|Regieleki, L79|256/256|[from] Flip Turn\n|\n|upkeep\n|turn|9\n|\n|t:|1771224500\n|move|p2a: Regieleki|Volt Switch|p1a: Grafaiai\n|-damage|p1a: Grafaiai|85/249\n|\n|t:|1771224504\n|switch|p2a: Swanna|Swanna, L89, F|31/278 psn|[from] Volt Switch\n|move|p1a: Grafaiai|Gunk Shot|p2a: Swanna\n|-damage|p2a: Swanna|0 fnt\n|faint|p2a: Swanna\n|\n|upkeep\n|\n|t:|1771224508\n|switch|p2a: Regieleki|Regieleki, L79|256/256\n|turn|10\n|\n|t:|1771224516\n|switch|p1a: Electrode|Electrode, L92|2/260\n|move|p2a: Regieleki|Thunderbolt|p1a: Electrode\n|-resisted|p1a: Electrode\n|-damage|p1a: Electrode|0 fnt\n|faint|p1a: Electrode\n|\n|upkeep\n|\n|t:|1771224521\n|switch|p1a: Eternatus|Eternatus, L69|308/308\n|-ability|p1a: Eternatus|Pressure\n|turn|11\n|\n|t:|1771224528\n|-terastallize|p2a: Regieleki|Ice\n|move|p2a: Regieleki|Tera Blast|p1a: Eternatus|[anim] Tera Blast Ice\n|-supereffective|p1a: Eternatus\n|-damage|p1a: Eternatus|126/308\n|move|p1a: Eternatus|Toxic|p2a: Regieleki\n|-status|p2a: Regieleki|tox\n|\n|-damage|p2a: Regieleki|240/256 tox|[from] psn\n|upkeep\n|turn|12\n|\n|t:|1771224541\n|switch|p1a: Granbull|Granbull, L88, F|302/302\n|-ability|p1a: Granbull|Intimidate|boost\n|-unboost|p2a: Regieleki|atk|1\n|move|p2a: Regieleki|Volt Switch|p1a: Granbull\n|-damage|p1a: Granbull|170/302\n|\n|t:|1771224566\n|switch|p2a: Calyrex|Calyrex-Shadow, L64|235/235|[from] Volt Switch\n|-ability|p2a: Calyrex|As One\n|-ability|p2a: Calyrex|Unnerve\n|\n|-heal|p1a: Granbull|188/302|[from] item: Leftovers\n|upkeep\n|turn|13\n|\n|t:|1771224571\n|move|p2a: Calyrex|Psyshock|p1a: Granbull\n|-damage|p1a: Granbull|73/302\n|move|p1a: Granbull|Thunder Wave|p2a: Calyrex\n|-status|p2a: Calyrex|par\n|\n|-heal|p1a: Granbull|91/302|[from] item: Leftovers\n|upkeep\n|turn|14\n|\n|t:|1771224575\n|move|p1a: Granbull|Play Rough|p2a: Calyrex\n|-damage|p2a: Calyrex|51/235 par\n|move|p2a: Calyrex|Psyshock|p1a: Granbull\n|-damage|p1a: Granbull|0 fnt\n|faint|p1a: Granbull\n|-ability|p2a: Calyrex|Grim Neigh|boost\n|-boost|p2a: Calyrex|spa|1\n|\n|upkeep\n|\n|t:|1771224588\n|switch|p1a: Grafaiai|Grafaiai, L86, F|85/249\n|turn|15\n|\n|t:|1771224591\n|move|p1a: Grafaiai|Knock Off|p2a: Calyrex\n|-supereffective|p2a: Calyrex\n|-damage|p2a: Calyrex|0 fnt\n|-enditem|p2a: Calyrex|Choice Specs|[from] move: Knock Off|[of] p1a: Grafaiai\n|faint|p2a: Calyrex\n|\n|upkeep\n|\n|t:|1771224592\n|switch|p2a: Regieleki|Regieleki, L79, tera:Ice|240/256 tox\n|turn|16\n|\n|t:|1771224596\n|switch|p1a: Breloom|Breloom, L83, M|235/235\n|move|p2a: Regieleki|Tera Blast|p1a: Breloom|[anim] Tera Blast Ice\n|-supereffective|p1a: Breloom\n|-damage|p1a: Breloom|43/235\n|\n|-damage|p2a: Regieleki|224/256 tox|[from] psn\n|upkeep\n|turn|17\n|\n|t:|1771224600\n|switch|p2a: Dusknoir|Dusknoir, L89, F|225/225\n|-item|p1a: Breloom|Life Orb|[from] ability: Frisk|[of] p2a: Dusknoir\n|move|p1a: Breloom|Mach Punch|p2a: Dusknoir\n|-immune|p2a: Dusknoir\n|\n|upkeep\n|turn|18\n|\n|t:|1771224607\n|switch|p1a: Grafaiai|Grafaiai, L86, F|85/249\n|move|p2a: Dusknoir|Earthquake|p1a: Grafaiai\n|-supereffective|p1a: Grafaiai\n|-damage|p1a: Grafaiai|0 fnt\n|faint|p1a: Grafaiai\n|\n|upkeep\n|\n|t:|1771224609\n|switch|p1a: Slowking|Slowking, L88, M|310/310\n|turn|19\n|\n|t:|1771224618\n|switch|p2a: Manaphy|Manaphy, L78|284/284\n|move|p1a: Slowking|Future Sight|p2a: Manaphy\n|-start|p1a: Slowking|move: Future Sight\n|\n|upkeep\n|turn|20\n|\n|t:|1771224623\n|move|p2a: Manaphy|Tail Glow|p2a: Manaphy\n|-boost|p2a: Manaphy|spa|3\n|-prepare|p1a: Slowking|Chilly Reception|[premajor]\n|move|p1a: Slowking|Chilly Reception|p1a: Slowking\n|-weather|Snowscape\n|\n|t:|1771224626\n|switch|p1a: Breloom|Breloom, L83, M|43/235|[from] Chilly Reception\n|\n|-weather|Snowscape|[upkeep]\n|upkeep\n|turn|21\n|\n|t:|1771224629\n|move|p2a: Manaphy|Ice Beam|p1a: Breloom\n|-supereffective|p1a: Breloom\n|-damage|p1a: Breloom|0 fnt\n|faint|p1a: Breloom\n|\n|-weather|Snowscape|[upkeep]\n|-end|p2a: Manaphy|move: Future Sight\n|-damage|p2a: Manaphy|136/284\n|-heal|p2a: Manaphy|153/284|[from] item: Leftovers\n|upkeep\n|-message|Kingtruk forfeited.\n|\n|win|hindus curry\n|raw|Kingtruk's rating: 1566 &rarr; <strong>1549</strong><br />(-17 for losing)\n|raw|hindus curry's rating: 1618 &rarr; <strong>1635</strong><br />(+17 for winning)\n|l|☆Kingtruk\n|player|p1|\n", "inputlog": ">version 686819e5e19f8a7fd2345cfc5a08a5085efa2cc3\n>start {\"formatid\":\"gen9randombattle\",\"seed\":\"sodium,38df6a408ee2c46fff3baccf537e166c\",\"rated\":\"Rated battle\"}\n>player p1 {\"name\":\"Kingtruk\",\"avatar\":\"clay\",\"rating\":1566,\"seed\":\"sodium,8f7d41c351de469d2819b00b7dde4468\"}\n>player p2 {\"name\":\"hindus curry\",\"avatar\":\"265\",\"rating\":1618,\"seed\":\"sodium,b9884c88d82958d4405752958252dc83\"}\n>p1 move voltswitch\n>p2 move voltswitch\n>p2 switch 5\n>p1 move terablast\n>p2 move uturn\n>p2 switch 4\n>p1 move voltswitch\n>p2 switch 4\n>p1 move terablast\n>p2 move uturn\n>p2 switch 4\n>p1 move taunt\n>p2 move shadowsneak\n>p1 switch 3\n>p2 move shadowsneak\n>p1 move knockoff\n>p2 switch 2\n>p1 move gunkshot\n>p2 move flipturn\n>p2 switch 5\n>p1 move gunkshot\n>p2 move voltswitch\n>p2 switch 5\n>p2 switch 5\n>p1 switch 3\n>p2 move thunderbolt\n>p1 switch 4\n>p1 move toxic\n>p2 move terablast terastallize\n>p1 switch 2\n>p2 move voltswitch\n>p2 switch 3\n>p1 move thunderwave\n>p2 move psyshock\n>p1 move playrough\n>p2 move psyshock\n>p1 switch 3\n>p1 move knockoff\n>p2 move psyshock\n>p2 switch 3\n>p1 switch 6\n>p2 move terablast\n>p1 move machpunch\n>p2 switch 2\n>p1 switch 6\n>p2 move earthquake\n>p1 switch 5\n>p1 move futuresight\n>p2 switch 6\n>p1 move chillyreception\n>p2 move tailglow\n>p1 switch 6\n>p1 move bulletseed\n>p2 move icebeam\n>forcelose p1", "uploadtime": 1771224636, "views": 13, "formatid": "gen9randombattle", "rating": 1549, "private": 0, "password": null}