{"id": "gen9randombattle-2540164549", "format": "[Gen 9] Random Battle", "players": ["booty-san", "Motorgis"], "log": "|j|☆booty-san\n|j|☆Motorgis\n|t:|1771170688\n|gametype|singles\n|player|p1|booty-san|roxie|1593\n|player|p2|Motorgis|biker-gen4|1563\n|gen|9\n|tier|[Gen 9] Random Battle\n|rated|\n|rule|Species Clause: Limit one of each Pokémon\n|rule|HP Percentage Mod: HP is shown in percentages\n|rule|Sleep Clause Mod: Limit one foe put to sleep\n|rule|Illusion Level Mod: Illusion disguises the Pokémon's true level\n|\n|t:|1771170688\n|teamsize|p1|6\n|teamsize|p2|6\n|start\n|switch|p1a: Spidops|Spidops, L96, F|271/271\n|switch|p2a: Regigigas|Regigigas, L84|322/322\n|-start|p2a: Regigigas|ability: Slow Start\n|turn|1\n|inactive|Battle timer is ON: inactive players will automatically lose when time's up. (requested by booty-san)\n|inactive|Motorgis has 120 seconds left.\n|\n|t:|1771170720\n|move|p1a: Spidops|Sticky Web|p2a: Regigigas\n|-sidestart|p2: Motorgis|move: Sticky Web\n|move|p2a: Regigigas|Knock Off|p1a: Spidops\n|-damage|p1a: Spidops|230/271\n|-enditem|p1a: Spidops|Heavy-Duty Boots|[from] move: Knock Off|[of] p2a: Regigigas\n|\n|upkeep\n|turn|2\n|\n|t:|1771170726\n|move|p1a: Spidops|Spikes|p2a: Regigigas\n|-sidestart|p2: Motorgis|Spikes\n|move|p2a: Regigigas|Body Slam|p1a: Spidops\n|-damage|p1a: Spidops|170/271\n|-status|p1a: Spidops|par\n|\n|upkeep\n|turn|3\n|\n|t:|1771170733\n|move|p2a: Regigigas|Body Slam|p1a: Spidops\n|-damage|p1a: Spidops|107/271 par\n|move|p1a: Spidops|Spikes|p2a: Regigigas\n|-sidestart|p2: Motorgis|Spikes\n|\n|upkeep\n|turn|4\n|\n|t:|1771170746\n|move|p2a: Regigigas|Body Slam|p1a: Spidops\n|-damage|p1a: Spidops|46/271 par\n|move|p1a: Spidops|Circle Throw|p2a: Regigigas\n|-supereffective|p2a: Regigigas\n|-damage|p2a: Regigigas|242/322\n|drag|p2a: Reshiram|Reshiram, L76|277/277\n|-ability|p2a: Reshiram|Turboblaze\n|\n|upkeep\n|turn|5\n|\n|t:|1771170764\n|move|p2a: Reshiram|Blue Flare|p1a: Spidops\n|-supereffective|p1a: Spidops\n|-damage|p1a: Spidops|0 fnt\n|faint|p1a: Spidops\n|\n|upkeep\n|inactive|booty-san has 120 seconds left.\n|\n|t:|1771170789\n|switch|p1a: Cresselia|Cresselia, L80, F|323/323\n|turn|6\n|\n|t:|1771170809\n|switch|p2a: Regigigas|Regigigas, L84|242/322\n|-activate|p2a: Regigigas|move: Sticky Web\n|-unboost|p2a: Regigigas|spe|1\n|-damage|p2a: Regigigas|189/322|[from] Spikes\n|-start|p2a: Regigigas|ability: Slow Start\n|move|p1a: Cresselia|Calm Mind|p1a: Cresselia\n|-boost|p1a: Cresselia|spa|1\n|-boost|p1a: Cresselia|spd|1\n|\n|-heal|p2a: Regigigas|209/322|[from] item: Leftovers\n|upkeep\n|turn|7\n|inactive|booty-san has 120 seconds left.\n|\n|t:|1771170829\n|switch|p1a: Amoonguss|Amoonguss, L82, F|321/321\n|move|p2a: Regigigas|Knock Off|p1a: Amoonguss\n|-damage|p1a: Amoonguss|256/321\n|-damage|p2a: Regigigas|156/322|[from] item: Rocky Helmet|[of] p1a: Amoonguss\n|-enditem|p1a: Amoonguss|Rocky Helmet|[from] move: Knock Off|[of] p2a: Regigigas\n|\n|-heal|p2a: Regigigas|176/322|[from] item: Leftovers\n|upkeep\n|turn|8\n|inactive|booty-san has 120 seconds left.\n|\n|t:|1771170850\n|move|p1a: Amoonguss|Spore|p2a: Regigigas\n|-status|p2a: Regigigas|slp|[from] move: Spore\n|cant|p2a: Regigigas|slp\n|\n|-heal|p2a: Regigigas|196/322 slp|[from] item: Leftovers\n|upkeep\n|turn|9\n|inactive|booty-san has 120 seconds left.\n|\n|t:|1771170864\n|switch|p1a: Cresselia|Cresselia, L80, F|323/323\n|cant|p2a: Regigigas|slp\n|move|p2a: Regigigas|Sleep Talk|p2a: Regigigas\n|move|p2a: Regigigas|Rest||[from] move: Sleep Talk|[still]\n|-fail|p2a: Regigigas\n|\n|-heal|p2a: Regigigas|216/322 slp|[from] item: Leftovers\n|upkeep\n|turn|10\n|inactive|booty-san has 120 seconds left.\n|\n|t:|1771170884\n|move|p1a: Cresselia|Psyshock|p2a: Regigigas\n|-damage|p2a: Regigigas|159/322 slp\n|-curestatus|p2a: Regigigas|slp|[msg]\n|move|p2a: Regigigas|Sleep Talk||[still]\n|-fail|p2a: Regigigas\n|\n|-heal|p2a: Regigigas|179/322|[from] item: Leftovers\n|upkeep\n|turn|11\n|\n|t:|1771170911\n|switch|p1a: Amoonguss|Amoonguss, L82, F|321/321\n|move|p2a: Regigigas|Knock Off|p1a: Amoonguss\n|-damage|p1a: Amoonguss|281/321\n|\n|-heal|p2a: Regigigas|199/322|[from] item: Leftovers\n|-end|p2a: Regigigas|Slow Start\n|upkeep\n|turn|12\n|\n|t:|1771170921\n|move|p2a: Regigigas|Rest|p2a: Regigigas\n|-status|p2a: Regigigas|slp|[from] move: Rest\n|-heal|p2a: Regigigas|322/322 slp|[silent]\n|move|p1a: Amoonguss|Spore|p2a: Regigigas\n|-fail|p2a: Regigigas|slp\n|\n|upkeep\n|turn|13\n|inactive|booty-san has 120 seconds left.\n|\n|t:|1771170931\n|cant|p2a: Regigigas|slp\n|move|p2a: Regigigas|Sleep Talk|p2a: Regigigas\n|move|p2a: Regigigas|Rest||[from] move: Sleep Talk|[still]\n|-fail|p2a: Regigigas\n|move|p1a: Amoonguss|Sludge Bomb|p2a: Regigigas\n|-damage|p2a: Regigigas|249/322 slp\n|\n|-heal|p2a: Regigigas|269/322 slp|[from] item: Leftovers\n|upkeep\n|turn|14\n|inactive|booty-san has 120 seconds left.\n|\n|t:|1771170955\n|cant|p2a: Regigigas|slp\n|move|p2a: Regigigas|Sleep Talk|p2a: Regigigas\n|move|p2a: Regigigas|Body Slam|p1a: Amoonguss|[from] move: Sleep Talk\n|-damage|p1a: Amoonguss|118/321\n|move|p1a: Amoonguss|Giga Drain|p2a: Regigigas\n|-crit|p2a: Regigigas\n|-damage|p2a: Regigigas|184/322 slp\n|-heal|p1a: Amoonguss|161/321|[from] drain|[of] p2a: Regigigas\n|\n|-heal|p2a: Regigigas|204/322 slp|[from] item: Leftovers\n|upkeep\n|turn|15\n|inactive|booty-san has 120 seconds left.\n|\n|t:|1771170981\n|switch|p1a: Salamence|Salamence, L77, M|273/273\n|-ability|p1a: Salamence|Intimidate|boost\n|-unboost|p2a: Regigigas|atk|1\n|-curestatus|p2a: Regigigas|slp|[msg]\n|move|p2a: Regigigas|Body Slam|p1a: Salamence\n|-damage|p1a: Salamence|165/273\n|\n|-heal|p2a: Regigigas|224/322|[from] item: Leftovers\n|upkeep\n|turn|16\n|\n|t:|1771170994\n|switch|p1a: Amoonguss|Amoonguss, L82, F|268/321\n|move|p2a: Regigigas|Body Slam|p1a: Amoonguss\n|-damage|p1a: Amoonguss|163/321\n|\n|-heal|p2a: Regigigas|244/322|[from] item: Leftovers\n|upkeep\n|turn|17\n|\n|t:|1771171005\n|move|p2a: Regigigas|Body Slam|p1a: Amoonguss\n|-damage|p1a: Amoonguss|46/321\n|-status|p1a: Amoonguss|par\n|move|p1a: Amoonguss|Sludge Bomb|p2a: Regigigas\n|-damage|p2a: Regigigas|175/322\n|\n|-heal|p2a: Regigigas|195/322|[from] item: Leftovers\n|upkeep\n|turn|18\n|\n|t:|1771171016\n|switch|p1a: Salamence|Salamence, L77, M|165/273\n|-ability|p1a: Salamence|Intimidate|boost\n|-unboost|p2a: Regigigas|atk|1\n|move|p2a: Regigigas|Body Slam|p1a: Salamence\n|-damage|p1a: Salamence|86/273\n|\n|-heal|p2a: Regigigas|215/322|[from] item: Leftovers\n|upkeep\n|turn|19\n|\n|t:|1771171025\n|switch|p1a: Amoonguss|Amoonguss, L82, F|153/321 par\n|move|p2a: Regigigas|Body Slam|p1a: Amoonguss\n|-damage|p1a: Amoonguss|71/321 par\n|\n|-heal|p2a: Regigigas|235/322|[from] item: Leftovers\n|upkeep\n|turn|20\n|\n|t:|1771171046\n|move|p2a: Regigigas|Body Slam|p1a: Amoonguss\n|-damage|p1a: Amoonguss|0 fnt\n|faint|p1a: Amoonguss\n|\n|-heal|p2a: Regigigas|255/322|[from] item: Leftovers\n|upkeep\n|\n|t:|1771171056\n|switch|p1a: Salamence|Salamence, L77, M|86/273\n|-ability|p1a: Salamence|Intimidate|boost\n|-unboost|p2a: Regigigas|atk|1\n|turn|21\n|c|☆Motorgis|come on regigigas, just one more\n|inactive|booty-san has 90 seconds left.\n|\n|t:|1771171092\n|move|p1a: Salamence|Dragon Dance|p1a: Salamence\n|-boost|p1a: Salamence|atk|1\n|-boost|p1a: Salamence|spe|1\n|move|p2a: Regigigas|Body Slam|p1a: Salamence\n|-damage|p1a: Salamence|22/273\n|\n|-heal|p2a: Regigigas|275/322|[from] item: Leftovers\n|upkeep\n|turn|22\n|inactive|booty-san has 90 seconds left.\n|\n|t:|1771171101\n|move|p1a: Salamence|Roost|p1a: Salamence\n|-heal|p1a: Salamence|159/273\n|-singleturn|p1a: Salamence|move: Roost\n|move|p2a: Regigigas|Body Slam|p1a: Salamence\n|-damage|p1a: Salamence|98/273\n|-status|p1a: Salamence|par\n|\n|-heal|p2a: Regigigas|295/322|[from] item: Leftovers\n|upkeep\n|turn|23\n|inactive|booty-san has 90 seconds left.\n|\n|t:|1771171115\n|move|p1a: Salamence|Dragon Dance|p1a: Salamence\n|-boost|p1a: Salamence|atk|1\n|-boost|p1a: Salamence|spe|1\n|move|p2a: Regigigas|Body Slam|p1a: Salamence\n|-damage|p1a: Salamence|37/273 par\n|\n|-heal|p2a: Regigigas|315/322|[from] item: Leftovers\n|upkeep\n|turn|24\n|\n|t:|1771171118\n|cant|p1a: Salamence|par\n|move|p2a: Regigigas|Body Slam|p1a: Salamence\n|-damage|p1a: Salamence|0 fnt\n|faint|p1a: Salamence\n|\n|-heal|p2a: Regigigas|322/322|[from] item: Leftovers\n|upkeep\n|\n|t:|1771171126\n|switch|p1a: Tauros|Tauros, L82, M|257/257\n|turn|25\n|c|☆Motorgis|you can't stop regigigas\n|\n|t:|1771171136\n|-terastallize|p2a: Regigigas|Ghost\n|move|p1a: Tauros|Close Combat|p2a: Regigigas\n|-immune|p2a: Regigigas\n|move|p2a: Regigigas|Body Slam|p1a: Tauros\n|-damage|p1a: Tauros|205/257\n|\n|upkeep\n|turn|26\n|\n|t:|1771171147\n|move|p1a: Tauros|Throat Chop|p2a: Regigigas\n|-supereffective|p2a: Regigigas\n|-damage|p2a: Regigigas|171/322\n|move|p2a: Regigigas|Body Slam|p1a: Tauros\n|-damage|p1a: Tauros|154/257\n|\n|-heal|p2a: Regigigas|191/322|[from] item: Leftovers\n|upkeep\n|turn|27\n|\n|t:|1771171155\n|move|p1a: Tauros|Throat Chop|p2a: Regigigas\n|-supereffective|p2a: Regigigas\n|-damage|p2a: Regigigas|35/322\n|move|p2a: Regigigas|Rest|p2a: Regigigas\n|-status|p2a: Regigigas|slp|[from] move: Rest\n|-heal|p2a: Regigigas|322/322 slp|[silent]\n|\n|upkeep\n|turn|28\n|inactive|booty-san has 120 seconds left.\n|\n|t:|1771171163\n|move|p1a: Tauros|Throat Chop|p2a: Regigigas\n|-supereffective|p2a: Regigigas\n|-damage|p2a: Regigigas|166/322 slp\n|cant|p2a: Regigigas|slp\n|move|p2a: Regigigas|Sleep Talk|p2a: Regigigas\n|move|p2a: Regigigas|Body Slam|p1a: Tauros|[from] move: Sleep Talk\n|-damage|p1a: Tauros|105/257\n|\n|-heal|p2a: Regigigas|186/322 slp|[from] item: Leftovers\n|upkeep\n|turn|29\n|\n|t:|1771171173\n|move|p1a: Tauros|Throat Chop|p2a: Regigigas\n|-supereffective|p2a: Regigigas\n|-damage|p2a: Regigigas|17/322 slp\n|cant|p2a: Regigigas|slp\n|move|p2a: Regigigas|Sleep Talk|p2a: Regigigas\n|move|p2a: Regigigas|Body Slam|p1a: Tauros|[from] move: Sleep Talk\n|-damage|p1a: Tauros|48/257\n|-status|p1a: Tauros|par\n|\n|-heal|p2a: Regigigas|37/322 slp|[from] item: Leftovers\n|upkeep\n|turn|30\n|\n|t:|1771171184\n|-curestatus|p2a: Regigigas|slp|[msg]\n|move|p2a: Regigigas|Body Slam|p1a: Tauros\n|-damage|p1a: Tauros|0 fnt\n|faint|p1a: Tauros\n|\n|-heal|p2a: Regigigas|57/322|[from] item: Leftovers\n|upkeep\n|inactive|booty-san has 120 seconds left.\n|\n|t:|1771171194\n|switch|p1a: Hatterene|Hatterene, L85, F|236/236\n|turn|31\n|\n|t:|1771171203\n|move|p2a: Regigigas|Knock Off|p1a: Hatterene\n|-damage|p1a: Hatterene|197/236\n|-enditem|p1a: Hatterene|Leftovers|[from] move: Knock Off|[of] p2a: Regigigas\n|move|p1a: Hatterene|Psychic|p2a: Regigigas\n|-damage|p2a: Regigigas|0 fnt\n|faint|p2a: Regigigas\n|-end|p2a: Regigigas|Slow Start|[silent]\n|\n|upkeep\n|\n|t:|1771171217\n|switch|p2a: Mamoswine|Mamoswine, L81, M|311/311\n|-activate|p2a: Mamoswine|move: Sticky Web\n|-unboost|p2a: Mamoswine|spe|1\n|-damage|p2a: Mamoswine|260/311|[from] Spikes\n|turn|32\n|\n|t:|1771171233\n|move|p2a: Mamoswine|Earthquake|p1a: Hatterene\n|-damage|p1a: Hatterene|36/236\n|-damage|p2a: Mamoswine|229/311|[from] item: Life Orb\n|move|p1a: Hatterene|Mystical Fire|p2a: Mamoswine\n|-supereffective|p2a: Mamoswine\n|-damage|p2a: Mamoswine|125/311\n|-unboost|p2a: Mamoswine|spa|1\n|\n|upkeep\n|turn|33\n|\n|t:|1771171251\n|switch|p1a: Cresselia|Cresselia, L80, F|323/323\n|move|p2a: Mamoswine|Icicle Crash|p1a: Cresselia\n|-damage|p1a: Cresselia|202/323\n|-damage|p2a: Mamoswine|94/311|[from] item: Life Orb\n|\n|-heal|p1a: Cresselia|222/323|[from] item: Leftovers\n|upkeep\n|turn|34\n|inactive|booty-san has 120 seconds left.\n|\n|t:|1771171268\n|switch|p1a: Hatterene|Hatterene, L85, F|36/236\n|move|p2a: Mamoswine|Stealth Rock|p1a: Hatterene\n|move|p1a: Hatterene|Stealth Rock|p2a: Mamoswine|[from] ability: Magic Bounce\n|-sidestart|p2: Motorgis|move: Stealth Rock\n|\n|upkeep\n|turn|35\n|\n|t:|1771171276\n|move|p2a: Mamoswine|Ice Shard|p1a: Hatterene\n|-damage|p1a: Hatterene|0 fnt\n|faint|p1a: Hatterene\n|-damage|p2a: Mamoswine|63/311|[from] item: Life Orb\n|\n|upkeep\n|\n|t:|1771171282\n|switch|p1a: Cresselia|Cresselia, L80, F|222/323\n|turn|36\n|\n|t:|1771171288\n|move|p1a: Cresselia|Psyshock|p2a: Mamoswine\n|-damage|p2a: Mamoswine|0 fnt\n|faint|p2a: Mamoswine\n|\n|-heal|p1a: Cresselia|242/323|[from] item: Leftovers\n|upkeep\n|\n|t:|1771171295\n|switch|p2a: Palkia|Palkia, L75|259/259\n|-activate|p2a: Palkia|move: Sticky Web\n|-unboost|p2a: Palkia|spe|1\n|-damage|p2a: Palkia|216/259|[from] Spikes\n|-damage|p2a: Palkia|184/259|[from] Stealth Rock\n|-ability|p2a: Palkia|Pressure\n|turn|37\n|inactive|booty-san has 120 seconds left.\n|\n|t:|1771171324\n|move|p1a: Cresselia|Calm Mind|p1a: Cresselia\n|-boost|p1a: Cresselia|spa|1\n|-boost|p1a: Cresselia|spd|1\n|move|p2a: Palkia|Spacial Rend|p1a: Cresselia\n|-crit|p1a: Cresselia\n|-damage|p1a: Cresselia|17/323\n|\n|-heal|p1a: Cresselia|37/323|[from] item: Leftovers\n|upkeep\n|turn|38\n|inactive|booty-san has 120 seconds left.\n|\n|t:|1771171336\n|-terastallize|p1a: Cresselia|Fairy\n|move|p1a: Cresselia|Moonlight|p1a: Cresselia\n|-heal|p1a: Cresselia|198/323\n|move|p2a: Palkia|Spacial Rend|p1a: Cresselia\n|-immune|p1a: Cresselia\n|\n|-heal|p1a: Cresselia|218/323|[from] item: Leftovers\n|upkeep\n|turn|39\n|inactive|booty-san has 120 seconds left.\n|\n|t:|1771171348\n|switch|p2a: Reshiram|Reshiram, L76|277/277\n|-ability|p2a: Reshiram|Turboblaze\n|move|p1a: Cresselia|Moonlight|p1a: Cresselia\n|-heal|p1a: Cresselia|323/323\n|\n|upkeep\n|turn|40\n|inactive|booty-san has 120 seconds left.\n|\n|t:|1771171360\n|move|p1a: Cresselia|Calm Mind|p1a: Cresselia\n|-boost|p1a: Cresselia|spa|1\n|-boost|p1a: Cresselia|spd|1\n|move|p2a: Reshiram|Will-O-Wisp|p1a: Cresselia\n|-status|p1a: Cresselia|brn\n|\n|-damage|p1a: Cresselia|303/323 brn|[from] brn\n|upkeep\n|turn|41\n|\n|t:|1771171370\n|move|p1a: Cresselia|Calm Mind|p1a: Cresselia\n|-boost|p1a: Cresselia|spa|1\n|-boost|p1a: Cresselia|spd|1\n|move|p2a: Reshiram|Blue Flare|p1a: Cresselia\n|-damage|p1a: Cresselia|245/323 brn\n|\n|-heal|p1a: Cresselia|265/323 brn|[from] item: Leftovers\n|-damage|p1a: Cresselia|245/323 brn|[from] brn\n|upkeep\n|turn|42\n|\n|t:|1771171381\n|move|p1a: Cresselia|Psyshock|p2a: Reshiram\n|-damage|p2a: Reshiram|129/277\n|move|p2a: Reshiram|Blue Flare|p1a: Cresselia\n|-crit|p1a: Cresselia\n|-damage|p1a: Cresselia|28/323 brn\n|\n|-heal|p1a: Cresselia|48/323 brn|[from] item: Leftovers\n|-damage|p1a: Cresselia|28/323 brn|[from] brn\n|upkeep\n|turn|43\n|inactive|booty-san has 120 seconds left.\n|\n|t:|1771171403\n|move|p1a: Cresselia|Moonlight|p1a: Cresselia\n|-heal|p1a: Cresselia|189/323 brn\n|move|p2a: Reshiram|Blue Flare|p1a: Cresselia\n|-damage|p1a: Cresselia|131/323 brn\n|\n|-heal|p1a: Cresselia|151/323 brn|[from] item: Leftovers\n|-damage|p1a: Cresselia|131/323 brn|[from] brn\n|upkeep\n|turn|44\n|\n|t:|1771171410\n|move|p1a: Cresselia|Psyshock|p2a: Reshiram\n|-damage|p2a: Reshiram|0 fnt\n|faint|p2a: Reshiram\n|\n|-heal|p1a: Cresselia|151/323 brn|[from] item: Leftovers\n|-damage|p1a: Cresselia|131/323 brn|[from] brn\n|upkeep\n|inactive|Motorgis has 120 seconds left.\n|\n|t:|1771171432\n|switch|p2a: Plusle|Plusle, L95, M|268/268\n|-activate|p2a: Plusle|move: Sticky Web\n|-unboost|p2a: Plusle|spe|1\n|-damage|p2a: Plusle|224/268|[from] Spikes\n|-damage|p2a: Plusle|191/268|[from] Stealth Rock\n|turn|45\n|\n|t:|1771171439\n|move|p1a: Cresselia|Moonlight|p1a: Cresselia\n|-heal|p1a: Cresselia|292/323 brn\n|move|p2a: Plusle|Alluring Voice|p1a: Cresselia\n|-damage|p1a: Cresselia|265/323 brn\n|-damage|p2a: Plusle|165/268|[from] item: Life Orb\n|\n|-heal|p1a: Cresselia|285/323 brn|[from] item: Leftovers\n|-damage|p1a: Cresselia|265/323 brn|[from] brn\n|upkeep\n|turn|46\n|\n|t:|1771171450\n|move|p1a: Cresselia|Psyshock|p2a: Plusle\n|-damage|p2a: Plusle|0 fnt\n|faint|p2a: Plusle\n|\n|-heal|p1a: Cresselia|285/323 brn|[from] item: Leftovers\n|-damage|p1a: Cresselia|265/323 brn|[from] brn\n|upkeep\n|\n|t:|1771171453\n|switch|p2a: Palkia|Palkia, L75|184/259\n|-activate|p2a: Palkia|move: Sticky Web\n|-unboost|p2a: Palkia|spe|1\n|-damage|p2a: Palkia|141/259|[from] Spikes\n|-damage|p2a: Palkia|109/259|[from] Stealth Rock\n|-ability|p2a: Palkia|Pressure\n|turn|47\n|\n|t:|1771171464\n|move|p1a: Cresselia|Moonblast|p2a: Palkia\n|-supereffective|p2a: Palkia\n|-damage|p2a: Palkia|0 fnt\n|faint|p2a: Palkia\n|\n|-heal|p1a: Cresselia|285/323 brn|[from] item: Leftovers\n|-damage|p1a: Cresselia|265/323 brn|[from] brn\n|upkeep\n|\n|t:|1771171469\n|switch|p2a: Smeargle|Smeargle, L95, M|258/258\n|-activate|p2a: Smeargle|move: Sticky Web\n|-unboost|p2a: Smeargle|spe|1\n|-damage|p2a: Smeargle|215/258|[from] Spikes\n|-damage|p2a: Smeargle|183/258|[from] Stealth Rock\n|turn|48\n|c|☆booty-san|almost had me\n|c|☆booty-san|gg tho\n|c|☆Motorgis|gg\n|\n|t:|1771171482\n|move|p1a: Cresselia|Psyshock|p2a: Smeargle\n|-damage|p2a: Smeargle|0 fnt\n|faint|p2a: Smeargle\n|\n|win|booty-san\n|raw|booty-san's rating: 1593 &rarr; <strong>1611</strong><br />(+18 for winning)\n|raw|Motorgis's rating: 1563 &rarr; <strong>1545</strong><br />(-18 for losing)\n", "inputlog": ">version 686819e5e19f8a7fd2345cfc5a08a5085efa2cc3\n>start {\"formatid\":\"gen9randombattle\",\"seed\":\"sodium,240f033937502d12659e1724d4868eea\",\"rated\":\"Rated battle\"}\n>player p1 {\"name\":\"booty-san\",\"avatar\":\"roxie\",\"rating\":1593,\"seed\":\"sodium,4d457037766e366e3deda80dc4818ef8\"}\n>player p2 {\"name\":\"Motorgis\",\"avatar\":\"biker-gen4\",\"rating\":1563,\"seed\":\"sodium,eb49278a90bf0c6f432ac1872320bc5a\"}\n>p1 move stickyweb\n>p2 move knockoff\n>p1 move spikes\n>p2 move bodyslam\n>p1 move spikes\n>p2 move bodyslam\n>p1 move circlethrow\n>p2 move bodyslam\n>p1 move circlethrow\n>p2 move blueflare\n>p1 switch 2\n>p1 move calmmind\n>p2 switch 6\n>p1 switch 3\n>p2 move knockoff\n>p1 move spore\n>p2 move rest\n>p1 switch 3\n>p2 move sleeptalk\n>p1 move psyshock\n>p2 move sleeptalk\n>p1 switch 3\n>p2 move knockoff\n>p1 move spore\n>p2 move rest\n>p1 move sludgebomb\n>p2 move sleeptalk\n>p1 move gigadrain\n>p2 move sleeptalk\n>p1 switch 4\n>p2 move bodyslam\n>p1 switch 4\n>p2 move bodyslam\n>p1 move sludgebomb\n>p2 move bodyslam\n>p1 switch 4\n>p2 move bodyslam\n>p1 switch 4\n>p2 move bodyslam\n>p1 move spore\n>p2 move bodyslam\n>p1 switch 4\n>chat ☆Motorgis|come on regigigas, just one more\n>p1 move dragondance\n>p2 move bodyslam\n>p1 move roost\n>p2 move bodyslam\n>p1 move dragondance\n>p2 move bodyslam\n>p1 move roost\n>p2 move bodyslam\n>p1 switch 5\n>chat ☆Motorgis|you can't stop regigigas\n>p1 move closecombat\n>p2 move bodyslam terastallize\n>p1 move throatchop\n>p2 move bodyslam\n>p1 move throatchop\n>p2 move rest\n>p1 move throatchop\n>p2 move sleeptalk\n>p1 move throatchop\n>p2 move sleeptalk\n>p1 move throatchop\n>p2 move bodyslam\n>p1 switch 6\n>p1 move psychic\n>p2 move knockoff\n>p2 switch 4\n>p1 move mysticalfire\n>p2 move earthquake\n>p1 switch 3\n>p2 move iciclecrash\n>p1 switch 3\n>p2 move stealthrock\n>p1 move mysticalfire\n>p2 move iceshard\n>p1 switch 3\n>p1 move psyshock\n>p2 move iciclecrash\n>p2 switch 3\n>p1 move calmmind\n>p2 move spacialrend\n>p1 move moonlight terastallize\n>p2 move spacialrend\n>p1 move moonlight\n>p2 switch 6\n>p1 move calmmind\n>p2 move willowisp\n>p1 move calmmind\n>p2 move blueflare\n>p1 move psyshock\n>p2 move blueflare\n>p1 move moonlight\n>p2 move blueflare\n>p1 move psyshock\n>p2 move blueflare\n>p2 switch 5\n>p1 move moonlight\n>p2 move alluringvoice\n>p1 move psyshock\n>p2 move alluringvoice\n>p2 switch 6\n>p1 move moonblast\n>p2 move hydropump\n>p2 switch 2\n>chat ☆booty-san|almost had me\n>chat ☆booty-san|gg tho\n>chat ☆Motorgis|gg\n>p1 move psyshock\n>p2 move ceaselessedge", "uploadtime": 1771171488, "views": 10, "formatid": "gen9randombattle", "rating": 1545, "private": 0, "password": null}