{"id": "gen9randombattle-2540839774", "format": "[Gen 9] Random Battle", "players": ["ratatz", "manofcheese144"], "log": "|j|☆ratatz\n|j|☆manofcheese144\n|t:|1771259415\n|gametype|singles\n|player|p1|ratatz|1|1536\n|player|p2|manofcheese144|265|1528\n|gen|9\n|tier|[Gen 9] Random Battle\n|rated|\n|rule|Species Clause: Limit one of each Pokémon\n|rule|HP Percentage Mod: HP is shown in percentages\n|rule|Sleep Clause Mod: Limit one foe put to sleep\n|rule|Illusion Level Mod: Illusion disguises the Pokémon's true level\n|\n|t:|1771259415\n|teamsize|p1|6\n|teamsize|p2|6\n|start\n|switch|p1a: Volbeat|Volbeat, L90, M|263/263\n|switch|p2a: Basculin|Basculin-Blue-Striped, L86, F|261/261\n|turn|1\n|inactive|Battle timer is ON: inactive players will automatically lose when time's up. (requested by manofcheese144)\n|\n|t:|1771259431\n|move|p1a: Volbeat|Thunder Wave|p2a: Basculin\n|-status|p2a: Basculin|par\n|move|p2a: Basculin|Flip Turn|p1a: Volbeat\n|-crit|p1a: Volbeat\n|-damage|p1a: Volbeat|75/263\n|\n|t:|1771259444\n|switch|p2a: Samurott|Samurott, L88, F|310/310|[from] Flip Turn\n|\n|upkeep\n|turn|2\n|\n|t:|1771259460\n|switch|p1a: Gastrodon|Gastrodon-East, L86, M|331/331\n|move|p2a: Samurott|Aqua Jet|p1a: Gastrodon\n|-ability|p1a: Gastrodon|Storm Drain|boost\n|-boost|p1a: Gastrodon|spa|1\n|\n|upkeep\n|turn|3\n|\n|t:|1771259472\n|switch|p2a: Virizion|Virizion, L82|283/283\n|move|p1a: Gastrodon|Earthquake|p2a: Virizion\n|-resisted|p2a: Virizion\n|-damage|p2a: Virizion|223/283\n|\n|upkeep\n|turn|4\n|\n|t:|1771259492\n|switch|p1a: Gothitelle|Gothitelle, L90, F|272/272\n|move|p2a: Virizion|Leaf Blade|p1a: Gothitelle\n|-damage|p1a: Gothitelle|175/272\n|-damage|p2a: Virizion|195/283|[from] item: Life Orb\n|\n|-heal|p1a: Gothitelle|192/272|[from] item: Leftovers\n|upkeep\n|turn|5\n|\n|t:|1771259500\n|move|p2a: Virizion|Leaf Blade|p1a: Gothitelle\n|-damage|p1a: Gothitelle|97/272\n|-damage|p2a: Virizion|167/283|[from] item: Life Orb\n|move|p1a: Gothitelle|Psychic Noise|p2a: Virizion\n|-supereffective|p2a: Virizion\n|-damage|p2a: Virizion|39/283\n|-start|p2a: Virizion|move: Heal Block\n|\n|-heal|p1a: Gothitelle|114/272|[from] item: Leftovers\n|upkeep\n|turn|6\n|\n|t:|1771259515\n|move|p2a: Virizion|Leaf Blade|p1a: Gothitelle\n|-damage|p1a: Gothitelle|20/272\n|-damage|p2a: Virizion|11/283|[from] item: Life Orb\n|move|p1a: Gothitelle|Psychic Noise|p2a: Virizion\n|-supereffective|p2a: Virizion\n|-damage|p2a: Virizion|0 fnt\n|faint|p2a: Virizion\n|\n|-heal|p1a: Gothitelle|37/272|[from] item: Leftovers\n|upkeep\n|\n|t:|1771259521\n|switch|p2a: Samurott|Samurott, L88, F|310/310\n|turn|7\n|\n|t:|1771259525\n|switch|p1a: Gastrodon|Gastrodon-East, L86, M|331/331\n|move|p2a: Samurott|Knock Off|p1a: Gastrodon\n|-damage|p1a: Gastrodon|246/331\n|-enditem|p1a: Gastrodon|Leftovers|[from] move: Knock Off|[of] p2a: Samurott\n|\n|upkeep\n|turn|8\n|\n|t:|1771259534\n|switch|p2a: Medicham|Medicham, L86, M|243/243\n|move|p1a: Gastrodon|Earthquake|p2a: Medicham\n|-damage|p2a: Medicham|140/243\n|\n|upkeep\n|turn|9\n|\n|t:|1771259546\n|move|p2a: Medicham|Close Combat|p1a: Gastrodon\n|-damage|p1a: Gastrodon|0 fnt\n|-unboost|p2a: Medicham|def|1\n|-unboost|p2a: Medicham|spd|1\n|faint|p1a: Gastrodon\n|\n|upkeep\n|\n|t:|1771259550\n|switch|p1a: Barraskewda|Barraskewda, L81, F|231/231\n|turn|10\n|\n|t:|1771259571\n|switch|p2a: Samurott|Samurott, L88, F|310/310\n|move|p1a: Barraskewda|Flip Turn|p2a: Samurott\n|-resisted|p2a: Samurott\n|-damage|p2a: Samurott|258/310\n|\n|t:|1771259583\n|switch|p1a: Bronzong|Bronzong, L88|261/261|[from] Flip Turn\n|\n|upkeep\n|turn|11\n|\n|t:|1771259589\n|move|p2a: Samurott|Knock Off|p1a: Bronzong\n|-supereffective|p1a: Bronzong\n|-damage|p1a: Bronzong|139/261\n|-enditem|p1a: Bronzong|Leftovers|[from] move: Knock Off|[of] p2a: Samurott\n|move|p1a: Bronzong|Hypnosis|p2a: Samurott|[miss]\n|-miss|p1a: Bronzong|p2a: Samurott\n|\n|upkeep\n|turn|12\n|\n|t:|1771259594\n|move|p2a: Samurott|Hydro Pump|p1a: Bronzong\n|-damage|p1a: Bronzong|34/261\n|move|p1a: Bronzong|Hypnosis|p2a: Samurott\n|-status|p2a: Samurott|slp|[from] move: Hypnosis\n|\n|upkeep\n|turn|13\n|\n|t:|1771259601\n|cant|p2a: Samurott|slp\n|move|p1a: Bronzong|Psychic Noise|p2a: Samurott\n|-damage|p2a: Samurott|200/310 slp\n|-start|p2a: Samurott|move: Heal Block\n|\n|upkeep\n|turn|14\n|\n|t:|1771259606\n|-curestatus|p2a: Samurott|slp|[msg]\n|move|p2a: Samurott|Knock Off|p1a: Bronzong\n|-supereffective|p1a: Bronzong\n|-damage|p1a: Bronzong|0 fnt\n|faint|p1a: Bronzong\n|\n|-end|p2a: Samurott|move: Heal Block\n|upkeep\n|\n|t:|1771259610\n|switch|p1a: Barraskewda|Barraskewda, L81, F|231/231\n|turn|15\n|\n|t:|1771259617\n|move|p1a: Barraskewda|Close Combat|p2a: Samurott\n|-damage|p2a: Samurott|61/310\n|-unboost|p1a: Barraskewda|def|1\n|-unboost|p1a: Barraskewda|spd|1\n|move|p2a: Samurott|Knock Off|p1a: Barraskewda\n|-damage|p1a: Barraskewda|77/231\n|-enditem|p1a: Barraskewda|Choice Band|[from] move: Knock Off|[of] p2a: Samurott\n|\n|upkeep\n|turn|16\n|\n|t:|1771259626\n|move|p2a: Samurott|Aqua Jet|p1a: Barraskewda\n|-resisted|p1a: Barraskewda\n|-damage|p1a: Barraskewda|0 fnt\n|faint|p1a: Barraskewda\n|\n|upkeep\n|\n|t:|1771259637\n|switch|p1a: Carbink|Carbink, L90|236/236\n|turn|17\n|\n|t:|1771259643\n|-terastallize|p1a: Carbink|Fighting\n|move|p2a: Samurott|Hydro Pump|p1a: Carbink\n|-damage|p1a: Carbink|97/236\n|move|p1a: Carbink|Iron Defense|p1a: Carbink\n|-boost|p1a: Carbink|def|2\n|\n|upkeep\n|turn|18\n|\n|t:|1771259654\n|move|p2a: Samurott|Hydro Pump|p1a: Carbink\n|-damage|p1a: Carbink|0 fnt\n|faint|p1a: Carbink\n|\n|upkeep\n|\n|t:|1771259656\n|switch|p1a: Volbeat|Volbeat, L90, M|75/263\n|turn|19\n|c|☆ratatz|free win\n|c|☆manofcheese144|ok\n|\n|t:|1771259670\n|move|p1a: Volbeat|Roost|p1a: Volbeat\n|-heal|p1a: Volbeat|207/263\n|-singleturn|p1a: Volbeat|move: Roost\n|move|p2a: Samurott|Aqua Jet|p1a: Volbeat\n|-damage|p1a: Volbeat|128/263\n|\n|upkeep\n|turn|20\n|\n|t:|1771259674\n|move|p1a: Volbeat|Lunge|p2a: Samurott\n|-damage|p2a: Samurott|0 fnt\n|faint|p2a: Samurott\n|\n|upkeep\n|\n|t:|1771259678\n|switch|p2a: Basculin|Basculin-Blue-Striped, L86, F|261/261 par\n|turn|21\n|\n|t:|1771259683\n|move|p1a: Volbeat|Roost|p1a: Volbeat\n|-heal|p1a: Volbeat|260/263\n|-singleturn|p1a: Volbeat|move: Roost\n|cant|p2a: Basculin|par\n|\n|upkeep\n|turn|22\n|\n|t:|1771259690\n|move|p1a: Volbeat|Lunge|p2a: Basculin\n|-damage|p2a: Basculin|162/261 par\n|-unboost|p2a: Basculin|atk|1\n|cant|p2a: Basculin|par\n|\n|upkeep\n|turn|23\n|\n|t:|1771259696\n|switch|p2a: Forretress|Forretress, L84, F|263/263\n|move|p1a: Volbeat|Lunge|p2a: Forretress\n|-resisted|p2a: Forretress\n|-damage|p2a: Forretress|236/263\n|-unboost|p2a: Forretress|atk|1\n|\n|-heal|p2a: Forretress|252/263|[from] item: Leftovers\n|upkeep\n|turn|24\n|\n|t:|1771259704\n|move|p1a: Volbeat|Thunder Wave|p2a: Forretress\n|-status|p2a: Forretress|par\n|move|p2a: Forretress|Iron Head|p1a: Volbeat\n|-damage|p1a: Volbeat|208/263\n|\n|-heal|p2a: Forretress|263/263 par|[from] item: Leftovers\n|upkeep\n|turn|25\n|\n|t:|1771259713\n|move|p1a: Volbeat|Lunge|p2a: Forretress\n|-resisted|p2a: Forretress\n|-damage|p2a: Forretress|236/263 par\n|-unboost|p2a: Forretress|atk|1\n|move|p2a: Forretress|Spikes|p1a: Volbeat\n|-sidestart|p1: ratatz|Spikes\n|\n|-heal|p2a: Forretress|252/263 par|[from] item: Leftovers\n|upkeep\n|turn|26\n|\n|t:|1771259719\n|switch|p1a: Gothitelle|Gothitelle, L90, F|37/272\n|-damage|p1a: Gothitelle|3/272|[from] Spikes\n|move|p2a: Forretress|Spikes|p1a: Gothitelle\n|-sidestart|p1: ratatz|Spikes\n|\n|-heal|p1a: Gothitelle|20/272|[from] item: Leftovers\n|-heal|p2a: Forretress|263/263 par|[from] item: Leftovers\n|upkeep\n|turn|27\n|\n|t:|1771259726\n|move|p1a: Gothitelle|Focus Blast|p2a: Forretress|[miss]\n|-miss|p1a: Gothitelle|p2a: Forretress\n|move|p2a: Forretress|Rapid Spin|p1a: Gothitelle\n|-crit|p1a: Gothitelle\n|-damage|p1a: Gothitelle|0 fnt\n|-boost|p2a: Forretress|spe|1\n|faint|p1a: Gothitelle\n|\n|upkeep\n|\n|t:|1771259728\n|switch|p1a: Volbeat|Volbeat, L90, M|208/263\n|turn|28\n|\n|t:|1771259735\n|switch|p2a: Arcanine|Arcanine-Hisui, L79, F|280/280\n|move|p1a: Volbeat|Encore||[still]\n|-fail|p1a: Volbeat\n|\n|upkeep\n|turn|29\n|\n|t:|1771259739\n|move|p1a: Volbeat|Thunder Wave|p2a: Arcanine\n|-status|p2a: Arcanine|par\n|move|p2a: Arcanine|Flare Blitz|p1a: Volbeat\n|-supereffective|p1a: Volbeat\n|-damage|p1a: Volbeat|0 fnt\n|faint|p1a: Volbeat\n|\n|win|manofcheese144\n|raw|ratatz's rating: 1536 &rarr; <strong>1516</strong><br />(-20 for losing)\n|raw|manofcheese144's rating: 1528 &rarr; <strong>1548</strong><br />(+20 for winning)\n|c|☆manofcheese144|gg\n|l|☆ratatz\n|player|p1|\n", "inputlog": ">version 686819e5e19f8a7fd2345cfc5a08a5085efa2cc3\n>start {\"formatid\":\"gen9randombattle\",\"seed\":\"sodium,337d454636a9205304b598fda404ac84\",\"rated\":\"Rated battle\"}\n>player p1 {\"name\":\"ratatz\",\"avatar\":\"1\",\"rating\":1536,\"seed\":\"sodium,c5ffb76a43cd91be2feea63a27924639\"}\n>player p2 {\"name\":\"manofcheese144\",\"avatar\":\"265\",\"rating\":1528,\"seed\":\"sodium,f66ed0e94da36a2a581e77ac0f1d51cd\"}\n>p1 move thunderwave\n>p2 move flipturn\n>p2 switch 5\n>p1 switch 3\n>p2 move aquajet\n>p1 move earthquake\n>p2 switch 3\n>p1 switch 2\n>p2 move leafblade\n>p1 move psychicnoise\n>p2 move leafblade\n>p1 move psychicnoise\n>p2 move leafblade\n>p2 switch 3\n>p1 switch 2\n>p2 move knockoff\n>p1 move earthquake\n>p2 switch 2\n>p1 move earthquake\n>p2 move closecombat\n>p1 switch 4\n>p1 move flipturn\n>p2 switch 2\n>p1 switch 6\n>p1 move hypnosis\n>p2 move knockoff\n>p1 move hypnosis\n>p2 move hydropump\n>p1 move psychicnoise\n>p2 move knockoff\n>p1 move psychicnoise\n>p2 move knockoff\n>p1 switch 6\n>p1 move closecombat\n>p2 move knockoff\n>p1 move closecombat\n>p2 move aquajet\n>p1 switch 5\n>p1 move irondefense terastallize\n>p2 move hydropump\n>p1 move rest\n>p2 move hydropump\n>p1 switch 3\n>chat ☆ratatz|free win\n>chat ☆manofcheese144|ok\n>p1 move roost\n>p2 move aquajet\n>p1 move lunge\n>p2 move hydropump\n>p2 switch 5\n>p1 move roost\n>p2 move wavecrash\n>p1 move lunge\n>p2 move wavecrash\n>p1 move lunge\n>p2 switch 4\n>p1 move thunderwave\n>p2 move ironhead\n>p1 move lunge\n>p2 move spikes\n>p1 switch 2\n>p2 move spikes\n>p1 move focusblast\n>p2 move rapidspin\n>p1 switch 2\n>p1 move encore\n>p2 switch 6\n>p1 move thunderwave\n>p2 move flareblitz", "uploadtime": 1771259746, "views": 5, "formatid": "gen9randombattle", "rating": 1516, "private": 0, "password": null}