{"id": "gen9randombattle-2540319227", "format": "[Gen 9] Random Battle", "players": ["Henry Screaver", "hindus curry"], "log": "|j|☆Henry Screaver\n|j|☆hindus curry\n|t:|1771188281\n|gametype|singles\n|player|p1|Henry Screaver|266|1622\n|player|p2|hindus curry|101|1619\n|gen|9\n|tier|[Gen 9] Random Battle\n|rated|\n|rule|Species Clause: Limit one of each Pokémon\n|rule|HP Percentage Mod: HP is shown in percentages\n|rule|Sleep Clause Mod: Limit one foe put to sleep\n|rule|Illusion Level Mod: Illusion disguises the Pokémon's true level\n|\n|t:|1771188281\n|teamsize|p1|6\n|teamsize|p2|6\n|start\n|switch|p1a: Bisharp|Bisharp, L79, F|232/232\n|switch|p2a: Dondozo|Dondozo, L78, F|362/362\n|turn|1\n|inactive|Battle timer is ON: inactive players will automatically lose when time's up. (requested by hindus curry)\n|\n|t:|1771188300\n|switch|p1a: Zarude|Zarude-Dada, L77|288/288\n|move|p2a: Dondozo|Curse|p2a: Dondozo\n|-unboost|p2a: Dondozo|spe|1\n|-boost|p2a: Dondozo|atk|1\n|-boost|p2a: Dondozo|def|1\n|\n|upkeep\n|turn|2\n|\n|t:|1771188311\n|switch|p2a: Scizor|Scizor, L79, M|240/240\n|move|p1a: Zarude|U-turn|p2a: Scizor\n|-resisted|p2a: Scizor\n|-damage|p2a: Scizor|217/240\n|\n|t:|1771188322\n|switch|p1a: Masquerain|Masquerain, L87, F|264/264|[from] U-turn\n|-ability|p1a: Masquerain|Intimidate|boost\n|-unboost|p2a: Scizor|atk|1\n|\n|-heal|p2a: Scizor|232/240|[from] item: Leftovers\n|upkeep\n|turn|3\n|\n|t:|1771188332\n|move|p1a: Masquerain|Quiver Dance|p1a: Masquerain\n|-boost|p1a: Masquerain|spa|1\n|-boost|p1a: Masquerain|spd|1\n|-boost|p1a: Masquerain|spe|1\n|move|p2a: Scizor|U-turn|p1a: Masquerain\n|-resisted|p1a: Masquerain\n|-damage|p1a: Masquerain|232/264\n|\n|t:|1771188335\n|switch|p2a: Metagross|Metagross, L79|256/256|[from] U-turn\n|\n|upkeep\n|turn|4\n|\n|t:|1771188359\n|move|p1a: Masquerain|Hydro Pump|p2a: Metagross\n|-damage|p2a: Metagross|124/256\n|move|p2a: Metagross|Heavy Slam|p1a: Masquerain\n|-damage|p1a: Masquerain|0 fnt\n|faint|p1a: Masquerain\n|\n|upkeep\n|\n|t:|1771188366\n|switch|p1a: Floatzel|Floatzel, L86, M|286/286\n|turn|5\n|\n|t:|1771188370\n|switch|p2a: Dondozo|Dondozo, L78, F|362/362\n|move|p1a: Floatzel|Flip Turn|p2a: Dondozo\n|-resisted|p2a: Dondozo\n|-damage|p2a: Dondozo|314/362\n|\n|t:|1771188373\n|switch|p1a: Zarude|Zarude-Dada, L77|288/288|[from] Flip Turn\n|\n|-heal|p2a: Dondozo|336/362|[from] item: Leftovers\n|upkeep\n|turn|6\n|\n|t:|1771188379\n|switch|p2a: Ampharos|Ampharos, L88, F|302/302\n|move|p1a: Zarude|Knock Off|p2a: Ampharos\n|-damage|p2a: Ampharos|197/302\n|-enditem|p2a: Ampharos|Life Orb|[from] move: Knock Off|[of] p1a: Zarude\n|\n|upkeep\n|turn|7\n|\n|t:|1771188390\n|switch|p1a: Porygon-Z|Porygon-Z, L83|277/277\n|move|p2a: Ampharos|Thunderbolt|p1a: Porygon-Z\n|-damage|p1a: Porygon-Z|142/277\n|\n|upkeep\n|turn|8\n|\n|t:|1771188410\n|move|p1a: Porygon-Z|Tri Attack|p2a: Ampharos\n|-damage|p2a: Ampharos|67/302\n|move|p2a: Ampharos|Thunderbolt|p1a: Porygon-Z\n|-damage|p1a: Porygon-Z|15/277\n|\n|upkeep\n|turn|9\n|\n|t:|1771188416\n|move|p1a: Porygon-Z|Tri Attack|p2a: Ampharos\n|-damage|p2a: Ampharos|0 fnt\n|faint|p2a: Ampharos\n|\n|upkeep\n|\n|t:|1771188418\n|switch|p2a: Scizor|Scizor, L79, M|232/240\n|turn|10\n|\n|t:|1771188422\n|switch|p1a: Floatzel|Floatzel, L86, M|286/286\n|move|p2a: Scizor|Bullet Punch|p1a: Floatzel\n|-resisted|p1a: Floatzel\n|-damage|p1a: Floatzel|241/286\n|\n|-heal|p2a: Scizor|240/240|[from] item: Leftovers\n|upkeep\n|turn|11\n|\n|t:|1771188428\n|switch|p2a: Dondozo|Dondozo, L78, F|336/362\n|move|p1a: Floatzel|Flip Turn|p2a: Dondozo\n|-resisted|p2a: Dondozo\n|-damage|p2a: Dondozo|294/362\n|\n|t:|1771188431\n|switch|p1a: Zarude|Zarude-Dada, L77|288/288|[from] Flip Turn\n|\n|-heal|p2a: Dondozo|316/362|[from] item: Leftovers\n|upkeep\n|turn|12\n|\n|t:|1771188441\n|switch|p2a: Scizor|Scizor, L79, M|240/240\n|move|p1a: Zarude|Knock Off|p2a: Scizor\n|-damage|p2a: Scizor|141/240\n|-enditem|p2a: Scizor|Leftovers|[from] move: Knock Off|[of] p1a: Zarude\n|\n|upkeep\n|turn|13\n|\n|t:|1771188454\n|switch|p1a: Floatzel|Floatzel, L86, M|241/286\n|move|p2a: Scizor|U-turn|p1a: Floatzel\n|-damage|p1a: Floatzel|135/286\n|\n|t:|1771188466\n|switch|p2a: Wo-Chien|Wo-Chien, L83|277/277|[from] U-turn\n|-ability|p2a: Wo-Chien|Tablets of Ruin\n|\n|upkeep\n|turn|14\n|\n|t:|1771188484\n|move|p1a: Floatzel|Flip Turn|p2a: Wo-Chien\n|-resisted|p2a: Wo-Chien\n|-damage|p2a: Wo-Chien|243/277\n|\n|t:|1771188487\n|switch|p1a: Zarude|Zarude-Dada, L77|288/288|[from] Flip Turn\n|move|p2a: Wo-Chien|Knock Off|p1a: Zarude\n|-resisted|p1a: Zarude\n|-damage|p1a: Zarude|246/288\n|-enditem|p1a: Zarude|Choice Scarf|[from] move: Knock Off|[of] p2a: Wo-Chien\n|\n|-heal|p2a: Wo-Chien|260/277|[from] item: Leftovers\n|upkeep\n|turn|15\n|\n|t:|1771188495\n|move|p2a: Wo-Chien|Protect|p2a: Wo-Chien\n|-singleturn|p2a: Wo-Chien|Protect\n|move|p1a: Zarude|Close Combat|p2a: Wo-Chien\n|-activate|p2a: Wo-Chien|move: Protect\n|\n|-heal|p2a: Wo-Chien|277/277|[from] item: Leftovers\n|upkeep\n|turn|16\n|\n|t:|1771188501\n|move|p1a: Zarude|U-turn|p2a: Wo-Chien\n|-supereffective|p2a: Wo-Chien\n|-damage|p2a: Wo-Chien|129/277\n|\n|t:|1771188505\n|switch|p1a: Bisharp|Bisharp, L79, F|232/232|[from] U-turn\n|move|p2a: Wo-Chien|Knock Off|p1a: Bisharp\n|-resisted|p1a: Bisharp\n|-damage|p1a: Bisharp|205/232\n|-enditem|p1a: Bisharp|Eviolite|[from] move: Knock Off|[of] p2a: Wo-Chien\n|\n|-heal|p2a: Wo-Chien|146/277|[from] item: Leftovers\n|upkeep\n|turn|17\n|\n|t:|1771188509\n|switch|p1a: Zarude|Zarude-Dada, L77|246/288\n|move|p2a: Wo-Chien|Leech Seed|p1a: Zarude\n|-immune|p1a: Zarude\n|\n|-heal|p2a: Wo-Chien|163/277|[from] item: Leftovers\n|upkeep\n|turn|18\n|\n|t:|1771188513\n|move|p2a: Wo-Chien|Protect|p2a: Wo-Chien\n|-singleturn|p2a: Wo-Chien|Protect\n|move|p1a: Zarude|Knock Off|p2a: Wo-Chien\n|-activate|p2a: Wo-Chien|move: Protect\n|\n|-heal|p2a: Wo-Chien|180/277|[from] item: Leftovers\n|upkeep\n|turn|19\n|\n|t:|1771188515\n|switch|p2a: Scizor|Scizor, L79, M|141/240\n|move|p1a: Zarude|Close Combat|p2a: Scizor\n|-damage|p2a: Scizor|54/240\n|-unboost|p1a: Zarude|def|1\n|-unboost|p1a: Zarude|spd|1\n|\n|upkeep\n|turn|20\n|\n|t:|1771188520\n|move|p2a: Scizor|Bullet Punch|p1a: Zarude\n|-damage|p1a: Zarude|143/288\n|move|p1a: Zarude|Close Combat|p2a: Scizor\n|-damage|p2a: Scizor|0 fnt\n|-unboost|p1a: Zarude|def|1\n|-unboost|p1a: Zarude|spd|1\n|faint|p2a: Scizor\n|\n|upkeep\n|\n|t:|1771188531\n|switch|p2a: Metagross|Metagross, L79|124/256\n|turn|21\n|\n|t:|1771188540\n|switch|p1a: Floatzel|Floatzel, L86, M|135/286\n|move|p2a: Metagross|Earthquake|p1a: Floatzel\n|-damage|p1a: Floatzel|0 fnt\n|faint|p1a: Floatzel\n|\n|upkeep\n|\n|t:|1771188545\n|switch|p1a: Azelf|Azelf, L82|257/257\n|turn|22\n|\n|t:|1771188551\n|switch|p2a: Wo-Chien|Wo-Chien, L83|180/277\n|-ability|p2a: Wo-Chien|Tablets of Ruin\n|move|p1a: Azelf|Dazzling Gleam|p2a: Wo-Chien\n|-supereffective|p2a: Wo-Chien\n|-damage|p2a: Wo-Chien|40/277\n|\n|-heal|p2a: Wo-Chien|57/277|[from] item: Leftovers\n|upkeep\n|turn|23\n|\n|t:|1771188559\n|switch|p1a: Zarude|Zarude-Dada, L77|143/288\n|switch|p2a: Metagross|Metagross, L79|124/256\n|\n|upkeep\n|turn|24\n|\n|t:|1771188564\n|-terastallize|p2a: Metagross|Water\n|move|p1a: Zarude|Knock Off|p2a: Metagross\n|-crit|p2a: Metagross\n|-damage|p2a: Metagross|15/256\n|-enditem|p2a: Metagross|Choice Band|[from] move: Knock Off|[of] p1a: Zarude\n|move|p2a: Metagross|Heavy Slam|p1a: Zarude\n|-damage|p1a: Zarude|0 fnt\n|faint|p1a: Zarude\n|\n|upkeep\n|\n|t:|1771188578\n|switch|p1a: Porygon-Z|Porygon-Z, L83|15/277\n|turn|25\n|\n|t:|1771188590\n|switch|p1a: Bisharp|Bisharp, L79, F|205/232\n|move|p2a: Metagross|Bullet Punch|p1a: Bisharp\n|-resisted|p1a: Bisharp\n|-damage|p1a: Bisharp|184/232\n|\n|upkeep\n|turn|26\n|\n|t:|1771188596\n|switch|p2a: Phione|Phione, L91|293/293\n|move|p1a: Bisharp|Sucker Punch||[still]\n|-fail|p1a: Bisharp\n|\n|upkeep\n|turn|27\n|\n|t:|1771188605\n|move|p2a: Phione|Scald|p1a: Bisharp\n|-damage|p1a: Bisharp|70/232\n|-status|p1a: Bisharp|brn\n|move|p1a: Bisharp|Swords Dance|p1a: Bisharp\n|-boost|p1a: Bisharp|atk|2\n|\n|-damage|p1a: Bisharp|56/232 brn|[from] brn\n|upkeep\n|turn|28\n|\n|t:|1771188611\n|move|p1a: Bisharp|Sucker Punch||[still]\n|-fail|p1a: Bisharp\n|move|p2a: Phione|Take Heart|p2a: Phione\n|-boost|p2a: Phione|spa|1\n|-boost|p2a: Phione|spd|1\n|\n|-damage|p1a: Bisharp|42/232 brn|[from] brn\n|upkeep\n|turn|29\n|\n|t:|1771188614\n|move|p1a: Bisharp|Sucker Punch|p2a: Phione\n|-damage|p2a: Phione|210/293\n|move|p2a: Phione|Scald|p1a: Bisharp\n|-damage|p1a: Bisharp|0 fnt\n|faint|p1a: Bisharp\n|\n|-heal|p2a: Phione|228/293|[from] item: Leftovers\n|upkeep\n|\n|t:|1771188625\n|switch|p1a: Azelf|Azelf, L82|257/257\n|turn|30\n|\n|t:|1771188629\n|move|p1a: Azelf|Thunderbolt|p2a: Phione\n|-supereffective|p2a: Phione\n|-damage|p2a: Phione|86/293\n|move|p2a: Phione|Scald|p1a: Azelf\n|-damage|p1a: Azelf|100/257\n|\n|-heal|p2a: Phione|104/293|[from] item: Leftovers\n|upkeep\n|turn|31\n|\n|t:|1771188638\n|move|p1a: Azelf|Thunderbolt|p2a: Phione\n|-supereffective|p2a: Phione\n|-damage|p2a: Phione|0 fnt\n|faint|p2a: Phione\n|\n|upkeep\n|\n|t:|1771188639\n|switch|p2a: Wo-Chien|Wo-Chien, L83|57/277\n|-ability|p2a: Wo-Chien|Tablets of Ruin\n|turn|32\n|\n|t:|1771188646\n|switch|p1a: Porygon-Z|Porygon-Z, L83|15/277\n|move|p2a: Wo-Chien|Knock Off|p1a: Porygon-Z\n|-damage|p1a: Porygon-Z|0 fnt\n|-enditem|p1a: Porygon-Z|Choice Scarf|[from] move: Knock Off|[of] p2a: Wo-Chien\n|faint|p1a: Porygon-Z\n|\n|-heal|p2a: Wo-Chien|74/277|[from] item: Leftovers\n|upkeep\n|\n|t:|1771188649\n|switch|p1a: Azelf|Azelf, L82|100/257\n|turn|33\n|\n|t:|1771188654\n|move|p2a: Wo-Chien|Protect|p2a: Wo-Chien\n|-singleturn|p2a: Wo-Chien|Protect\n|move|p1a: Azelf|Trick|p2a: Wo-Chien\n|-activate|p2a: Wo-Chien|move: Protect\n|\n|-heal|p2a: Wo-Chien|91/277|[from] item: Leftovers\n|upkeep\n|turn|34\n|c|☆hindus curry|gg\n|\n|t:|1771188662\n|move|p1a: Azelf|Trick|p2a: Wo-Chien\n|-activate|p1a: Azelf|move: Trick|[of] p2a: Wo-Chien\n|-item|p2a: Wo-Chien|Choice Specs|[from] move: Trick\n|-item|p1a: Azelf|Leftovers|[from] move: Trick\n|move|p2a: Wo-Chien|Knock Off|p1a: Azelf\n|-supereffective|p1a: Azelf\n|-damage|p1a: Azelf|0 fnt\n|-enditem|p1a: Azelf|Leftovers|[from] move: Knock Off|[of] p2a: Wo-Chien\n|faint|p1a: Azelf\n|\n|win|hindus curry\n|raw|Henry Screaver's rating: 1622 &rarr; <strong>1602</strong><br />(-20 for losing)\n|raw|hindus curry's rating: 1619 &rarr; <strong>1639</strong><br />(+20 for winning)\n", "inputlog": ">version 686819e5e19f8a7fd2345cfc5a08a5085efa2cc3\n>start {\"formatid\":\"gen9randombattle\",\"seed\":\"sodium,7dd87439e3fdc368be6a2812cdad9624\",\"rated\":\"Rated battle\"}\n>player p1 {\"name\":\"Henry Screaver\",\"avatar\":\"266\",\"rating\":1622,\"seed\":\"sodium,34b2281e31b37e713f84eb052228b64b\"}\n>player p2 {\"name\":\"hindus curry\",\"avatar\":\"101\",\"rating\":1619,\"seed\":\"sodium,7f5ebac444227a84f7b080c87e29354d\"}\n>p1 switch 2\n>p2 move curse\n>p1 move uturn\n>p2 switch 3\n>p1 switch 6\n>p1 move quiverdance\n>p2 move uturn\n>p2 switch 5\n>p1 move hydropump\n>p2 move heavyslam\n>p1 switch 5\n>p1 move flipturn\n>p2 switch 3\n>p1 switch 6\n>p1 move knockoff\n>p2 switch 6\n>p1 switch 4\n>p2 move thunderbolt\n>p1 move triattack\n>p2 move thunderbolt\n>p1 move triattack\n>p2 move thunderbolt\n>p2 switch 5\n>p1 switch 6\n>p2 move bulletpunch\n>p1 move flipturn\n>p2 switch 6\n>p1 switch 4\n>p1 move knockoff\n>p2 switch 6\n>p1 switch 4\n>p2 move uturn\n>p2 switch 4\n>p1 move flipturn\n>p2 move knockoff\n>p1 switch 4\n>p1 move closecombat\n>p2 move protect\n>p1 move uturn\n>p2 move knockoff\n>p1 switch 2\n>p1 switch 2\n>p2 move leechseed\n>p1 move knockoff\n>p2 move protect\n>p1 move closecombat\n>p2 switch 4\n>p1 move closecombat\n>p2 move bulletpunch\n>p2 switch 3\n>p1 switch 4\n>p2 move earthquake\n>p1 switch 3\n>p1 move dazzlinggleam\n>p2 switch 4\n>p1 switch 4\n>p2 switch 4\n>p1 move knockoff\n>p2 move heavyslam terastallize\n>p1 switch 6\n>p1 switch 2\n>p2 move bulletpunch\n>p1 move suckerpunch\n>p2 switch 2\n>p1 move swordsdance\n>p2 move scald\n>p1 move suckerpunch\n>p2 move takeheart\n>p1 move suckerpunch\n>p2 move scald\n>p1 switch 4\n>p1 move thunderbolt\n>p2 move scald\n>p1 move thunderbolt\n>p2 move scald\n>p2 switch 4\n>p1 switch 2\n>p2 move knockoff\n>p1 switch 2\n>p1 move trick\n>p2 move protect\n>chat ☆hindus curry|gg\n>p1 move trick\n>p2 move knockoff", "uploadtime": 1771188664, "views": 7, "formatid": "gen9randombattle", "rating": 1602, "private": 0, "password": null}