{"id": "gen9randombattle-2540906605", "format": "[Gen 9] Random Battle", "players": ["DayCrybabyTon", "metaloid"], "log": "|j|☆DayCrybabyTon\n|j|☆metaloid\n|t:|1771265930\n|gametype|singles\n|player|p1|DayCrybabyTon|102|2154\n|player|p2|metaloid|rood|2120\n|gen|9\n|tier|[Gen 9] Random Battle\n|rated|\n|rule|Species Clause: Limit one of each Pokémon\n|rule|HP Percentage Mod: HP is shown in percentages\n|rule|Sleep Clause Mod: Limit one foe put to sleep\n|rule|Illusion Level Mod: Illusion disguises the Pokémon's true level\n|\n|t:|1771265930\n|teamsize|p1|6\n|teamsize|p2|6\n|start\n|switch|p1a: Ursaluna|Ursaluna, L79, F|335/335\n|switch|p2a: Hariyama|Hariyama, L87, M|392/392\n|turn|1\n|j| Monkey bidniss\n|inactive|Battle timer is ON: inactive players will automatically lose when time's up. (requested by DayCrybabyTon)\n|\n|t:|1771265941\n|switch|p1a: Ho-Oh|Ho-Oh, L71|268/268\n|move|p2a: Hariyama|Fake Out|p1a: Ho-Oh\n|-damage|p1a: Ho-Oh|228/268\n|\n|-status|p2a: Hariyama|brn|[from] item: Flame Orb\n|upkeep\n|turn|2\n|\n|t:|1771265955\n|move|p1a: Ho-Oh|Brave Bird|p2a: Hariyama\n|-supereffective|p2a: Hariyama\n|-damage|p2a: Hariyama|114/392 brn\n|-damage|p1a: Ho-Oh|136/268|[from] Recoil\n|move|p2a: Hariyama|Facade|p1a: Ho-Oh\n|-damage|p1a: Ho-Oh|0 fnt\n|faint|p1a: Ho-Oh\n|\n|-damage|p2a: Hariyama|90/392 brn|[from] brn\n|upkeep\n|\n|t:|1771265962\n|switch|p1a: Whiscash|Whiscash, L88, F|337/337\n|turn|3\n|\n|t:|1771265986\n|switch|p2a: Venusaur|Venusaur, L84, M|272/272\n|move|p1a: Whiscash|Earthquake|p2a: Venusaur\n|-damage|p2a: Venusaur|169/272\n|\n|-heal|p2a: Venusaur|186/272|[from] item: Leftovers\n|upkeep\n|turn|4\n|\n|t:|1771265994\n|switch|p1a: Rotom|Rotom-Heat, L83|219/219\n|move|p2a: Venusaur|Giga Drain|p1a: Rotom\n|-resisted|p1a: Rotom\n|-damage|p1a: Rotom|186/219\n|-heal|p2a: Venusaur|203/272|[from] drain|[of] p1a: Rotom\n|\n|-heal|p2a: Venusaur|220/272|[from] item: Leftovers\n|upkeep\n|turn|5\n|\n|t:|1771266000\n|switch|p2a: Klawf|Klawf, L90, M|272/272\n|move|p1a: Rotom|Volt Switch|p2a: Klawf\n|-damage|p2a: Klawf|166/272\n|\n|t:|1771266003\n|switch|p1a: Whiscash|Whiscash, L88, F|337/337|[from] Volt Switch\n|\n|upkeep\n|turn|6\n|\n|t:|1771266016\n|switch|p2a: Venusaur|Venusaur, L84, M|220/272\n|move|p1a: Whiscash|Spikes|p2a: Venusaur\n|-sidestart|p2: metaloid|Spikes\n|\n|-heal|p2a: Venusaur|237/272|[from] item: Leftovers\n|upkeep\n|turn|7\n|\n|t:|1771266023\n|move|p2a: Venusaur|Sludge Bomb|p1a: Whiscash\n|-resisted|p1a: Whiscash\n|-damage|p1a: Whiscash|279/337\n|move|p1a: Whiscash|Spikes|p2a: Venusaur\n|-sidestart|p2: metaloid|Spikes\n|\n|-heal|p2a: Venusaur|254/272|[from] item: Leftovers\n|-heal|p1a: Whiscash|300/337|[from] item: Leftovers\n|upkeep\n|turn|8\n|\n|t:|1771266028\n|switch|p1a: Rotom|Rotom-Heat, L83|186/219\n|move|p2a: Venusaur|Substitute|p2a: Venusaur\n|-start|p2a: Venusaur|Substitute\n|-damage|p2a: Venusaur|186/272\n|\n|-heal|p2a: Venusaur|203/272|[from] item: Leftovers\n|upkeep\n|turn|9\n|\n|t:|1771266033\n|move|p1a: Rotom|Overheat|p2a: Venusaur\n|-supereffective|p2a: Venusaur\n|-end|p2a: Venusaur|Substitute\n|-unboost|p1a: Rotom|spa|2\n|move|p2a: Venusaur|Leech Seed|p1a: Rotom|[miss]\n|-miss|p2a: Venusaur|p1a: Rotom\n|\n|-heal|p2a: Venusaur|220/272|[from] item: Leftovers\n|upkeep\n|turn|10\n|\n|t:|1771266046\n|move|p1a: Rotom|Volt Switch|p2a: Venusaur\n|-resisted|p2a: Venusaur\n|-damage|p2a: Venusaur|201/272\n|\n|t:|1771266047\n|switch|p1a: Calyrex|Calyrex, L93|337/337|[from] Volt Switch\n|-ability|p1a: Calyrex|Unnerve\n|move|p2a: Venusaur|Leech Seed|p1a: Calyrex\n|-immune|p1a: Calyrex\n|\n|-heal|p2a: Venusaur|218/272|[from] item: Leftovers\n|upkeep\n|turn|11\n|\n|t:|1771266056\n|switch|p2a: Honchkrow|Honchkrow, L86, M|312/312\n|move|p1a: Calyrex|Psyshock|p2a: Honchkrow\n|-immune|p2a: Honchkrow\n|\n|upkeep\n|turn|12\n|\n|t:|1771266060\n|switch|p1a: Rotom|Rotom-Heat, L83|186/219\n|move|p2a: Honchkrow|U-turn|p1a: Rotom\n|-resisted|p1a: Rotom\n|-damage|p1a: Rotom|159/219\n|\n|t:|1771266077\n|switch|p2a: Wigglytuff|Wigglytuff, L96, M|424/424|[from] U-turn\n|-damage|p2a: Wigglytuff|354/424|[from] Spikes\n|\n|-heal|p2a: Wigglytuff|380/424|[from] item: Leftovers\n|upkeep\n|turn|13\n|\n|t:|1771266081\n|move|p1a: Rotom|Volt Switch|p2a: Wigglytuff\n|-damage|p2a: Wigglytuff|281/424\n|\n|t:|1771266083\n|switch|p1a: Ursaluna|Ursaluna, L79, F|335/335|[from] Volt Switch\n|move|p2a: Wigglytuff|Dazzling Gleam|p1a: Ursaluna\n|-damage|p1a: Ursaluna|217/335\n|\n|-heal|p2a: Wigglytuff|307/424|[from] item: Leftovers\n|-status|p1a: Ursaluna|brn|[from] item: Flame Orb\n|upkeep\n|turn|14\n|\n|t:|1771266098\n|move|p2a: Wigglytuff|Protect|p2a: Wigglytuff\n|-singleturn|p2a: Wigglytuff|Protect\n|move|p1a: Ursaluna|Trailblaze|p2a: Wigglytuff\n|-activate|p2a: Wigglytuff|move: Protect\n|\n|-heal|p2a: Wigglytuff|333/424|[from] item: Leftovers\n|-damage|p1a: Ursaluna|197/335 brn|[from] brn\n|upkeep\n|turn|15\n|\n|t:|1771266105\n|move|p2a: Wigglytuff|Dazzling Gleam|p1a: Ursaluna\n|-damage|p1a: Ursaluna|79/335 brn\n|move|p1a: Ursaluna|Facade|p2a: Wigglytuff\n|-damage|p2a: Wigglytuff|0 fnt\n|faint|p2a: Wigglytuff\n|\n|-damage|p1a: Ursaluna|59/335 brn|[from] brn\n|upkeep\n|\n|t:|1771266128\n|switch|p2a: Honchkrow|Honchkrow, L86, M|312/312\n|turn|16\n|inactive|metaloid has 120 seconds left.\n|\n|t:|1771266144\n|switch|p1a: Rotom|Rotom-Heat, L83|159/219\n|move|p2a: Honchkrow|Brave Bird|p1a: Rotom\n|-resisted|p1a: Rotom\n|-damage|p1a: Rotom|86/219\n|-damage|p2a: Honchkrow|288/312|[from] Recoil\n|\n|upkeep\n|turn|17\n|inactive|metaloid has 120 seconds left.\n|\n|t:|1771266166\n|switch|p2a: Hariyama|Hariyama, L87, M|90/392 brn\n|-damage|p2a: Hariyama|25/392 brn|[from] Spikes\n|move|p1a: Rotom|Will-O-Wisp|p2a: Hariyama|[miss]\n|-miss|p1a: Rotom|p2a: Hariyama\n|\n|-damage|p2a: Hariyama|1/392 brn|[from] brn\n|upkeep\n|turn|18\n|\n|t:|1771266171\n|switch|p1a: Calyrex|Calyrex, L93|337/337\n|-ability|p1a: Calyrex|Unnerve\n|move|p2a: Hariyama|Fake Out|p1a: Calyrex\n|-damage|p1a: Calyrex|286/337\n|\n|-heal|p1a: Calyrex|307/337|[from] item: Leftovers\n|-damage|p2a: Hariyama|0 fnt|[from] brn\n|faint|p2a: Hariyama\n|upkeep\n|inactive|metaloid has 120 seconds left.\n|\n|t:|1771266178\n|switch|p2a: Honchkrow|Honchkrow, L86, M|288/312\n|turn|19\n|\n|t:|1771266183\n|switch|p1a: Ursaluna|Ursaluna, L79, F|59/335 brn\n|move|p2a: Honchkrow|Brave Bird|p1a: Ursaluna\n|-damage|p1a: Ursaluna|0 fnt\n|faint|p1a: Ursaluna\n|-ability|p2a: Honchkrow|Moxie|boost\n|-boost|p2a: Honchkrow|atk|1\n|-damage|p2a: Honchkrow|269/312|[from] Recoil\n|\n|upkeep\n|\n|t:|1771266185\n|switch|p1a: Rotom|Rotom-Heat, L83|86/219\n|turn|20\n|\n|t:|1771266192\n|-terastallize|p2a: Honchkrow|Dark\n|move|p1a: Rotom|Will-O-Wisp|p2a: Honchkrow\n|-status|p2a: Honchkrow|brn\n|move|p2a: Honchkrow|Brave Bird|p1a: Rotom\n|-resisted|p1a: Rotom\n|-damage|p1a: Rotom|37/219\n|-damage|p2a: Honchkrow|253/312 brn|[from] Recoil\n|\n|-damage|p2a: Honchkrow|234/312 brn|[from] brn\n|upkeep\n|turn|21\n|\n|t:|1771266207\n|switch|p1a: Whiscash|Whiscash, L88, F|300/337\n|move|p2a: Honchkrow|Brave Bird|p1a: Whiscash\n|-damage|p1a: Whiscash|177/337\n|-damage|p2a: Honchkrow|193/312 brn|[from] Recoil\n|\n|-heal|p1a: Whiscash|198/337|[from] item: Leftovers\n|-damage|p2a: Honchkrow|174/312 brn|[from] brn\n|upkeep\n|turn|22\n|\n|t:|1771266211\n|switch|p2a: Venusaur|Venusaur, L84, M|218/272\n|-damage|p2a: Venusaur|173/272|[from] Spikes\n|move|p1a: Whiscash|Earthquake|p2a: Venusaur\n|-damage|p2a: Venusaur|67/272\n|\n|-heal|p2a: Venusaur|84/272|[from] item: Leftovers\n|-heal|p1a: Whiscash|219/337|[from] item: Leftovers\n|upkeep\n|turn|23\n|\n|t:|1771266215\n|switch|p1a: Rotom|Rotom-Heat, L83|37/219\n|move|p2a: Venusaur|Giga Drain|p1a: Rotom\n|-resisted|p1a: Rotom\n|-damage|p1a: Rotom|0 fnt\n|-heal|p2a: Venusaur|103/272|[from] drain|[of] p1a: Rotom\n|faint|p1a: Rotom\n|\n|-heal|p2a: Venusaur|120/272|[from] item: Leftovers\n|upkeep\n|\n|t:|1771266217\n|switch|p1a: Calyrex|Calyrex, L93|307/337\n|-ability|p1a: Calyrex|Unnerve\n|turn|24\n|\n|t:|1771266221\n|switch|p2a: Honchkrow|Honchkrow, L86, M, tera:Dark|174/312 brn\n|move|p1a: Calyrex|Psyshock|p2a: Honchkrow\n|-immune|p2a: Honchkrow\n|\n|-heal|p1a: Calyrex|328/337|[from] item: Leftovers\n|-damage|p2a: Honchkrow|155/312 brn|[from] brn\n|upkeep\n|turn|25\n|\n|t:|1771266232\n|move|p1a: Calyrex|Leech Seed|p2a: Honchkrow|[miss]\n|-miss|p1a: Calyrex|p2a: Honchkrow\n|move|p2a: Honchkrow|Brave Bird|p1a: Calyrex\n|-supereffective|p1a: Calyrex\n|-damage|p1a: Calyrex|177/337\n|-damage|p2a: Honchkrow|105/312 brn|[from] Recoil\n|\n|-heal|p1a: Calyrex|198/337|[from] item: Leftovers\n|-damage|p2a: Honchkrow|86/312 brn|[from] brn\n|upkeep\n|turn|26\n|\n|t:|1771266236\n|move|p1a: Calyrex|Body Press|p2a: Honchkrow\n|-supereffective|p2a: Honchkrow\n|-damage|p2a: Honchkrow|0 fnt\n|faint|p2a: Honchkrow\n|\n|-heal|p1a: Calyrex|219/337|[from] item: Leftovers\n|upkeep\n|\n|t:|1771266248\n|switch|p2a: Mewtwo|Mewtwo, L72|272/272\n|-ability|p2a: Mewtwo|Unnerve\n|-damage|p2a: Mewtwo|227/272|[from] Spikes\n|turn|27\n|\n|t:|1771266254\n|move|p2a: Mewtwo|Fire Blast|p1a: Calyrex\n|-supereffective|p1a: Calyrex\n|-damage|p1a: Calyrex|0 fnt\n|faint|p1a: Calyrex\n|\n|upkeep\n|\n|t:|1771266259\n|switch|p1a: Whiscash|Whiscash, L88, F|219/337\n|turn|28\n|\n|t:|1771266269\n|switch|p2a: Klawf|Klawf, L90, M|256/272\n|-damage|p2a: Klawf|211/272|[from] Spikes\n|move|p1a: Whiscash|Earthquake|p2a: Klawf\n|-supereffective|p2a: Klawf\n|-damage|p2a: Klawf|59/272\n|\n|-heal|p1a: Whiscash|240/337|[from] item: Leftovers\n|upkeep\n|turn|29\n|\n|t:|1771266278\n|move|p2a: Klawf|Knock Off|p1a: Whiscash\n|-damage|p1a: Whiscash|123/337\n|-enditem|p1a: Whiscash|Leftovers|[from] move: Knock Off|[of] p2a: Klawf\n|-damage|p2a: Klawf|32/272|[from] item: Life Orb\n|move|p1a: Whiscash|Earthquake|p2a: Klawf\n|-supereffective|p2a: Klawf\n|-damage|p2a: Klawf|0 fnt\n|faint|p2a: Klawf\n|\n|upkeep\n|\n|t:|1771266288\n|switch|p2a: Venusaur|Venusaur, L84, M|120/272\n|-damage|p2a: Venusaur|75/272|[from] Spikes\n|turn|30\n|\n|t:|1771266298\n|move|p2a: Venusaur|Substitute|p2a: Venusaur\n|-start|p2a: Venusaur|Substitute\n|-damage|p2a: Venusaur|7/272\n|move|p1a: Whiscash|Earthquake|p2a: Venusaur\n|-end|p2a: Venusaur|Substitute\n|\n|-heal|p2a: Venusaur|24/272|[from] item: Leftovers\n|upkeep\n|turn|31\n|\n|t:|1771266302\n|move|p2a: Venusaur|Giga Drain|p1a: Whiscash\n|-supereffective|p1a: Whiscash\n|-damage|p1a: Whiscash|0 fnt\n|-heal|p2a: Venusaur|86/272|[from] drain|[of] p1a: Whiscash\n|faint|p1a: Whiscash\n|\n|-heal|p2a: Venusaur|103/272|[from] item: Leftovers\n|upkeep\n|\n|t:|1771266308\n|switch|p1a: Cinccino|Cinccino, L83, M|260/260\n|turn|32\n|\n|t:|1771266317\n|move|p1a: Cinccino|Tail Slap|p2a: Venusaur\n|-damage|p2a: Venusaur|63/272\n|-damage|p2a: Venusaur|23/272\n|-damage|p2a: Venusaur|0 fnt\n|faint|p2a: Venusaur\n|-hitcount|p2: Venusaur|3\n|\n|upkeep\n|\n|t:|1771266321\n|switch|p2a: Mewtwo|Mewtwo, L72|227/272\n|-ability|p2a: Mewtwo|Unnerve\n|-damage|p2a: Mewtwo|182/272|[from] Spikes\n|turn|33\n|\n|t:|1771266325\n|-terastallize|p1a: Cinccino|Normal\n|move|p1a: Cinccino|Tail Slap|p2a: Mewtwo\n|-damage|p2a: Mewtwo|128/272\n|-damage|p2a: Mewtwo|72/272\n|-damage|p2a: Mewtwo|10/272\n|-damage|p2a: Mewtwo|0 fnt\n|faint|p2a: Mewtwo\n|-hitcount|p2: Mewtwo|4\n|\n|win|DayCrybabyTon\n|raw|DayCrybabyTon's rating: 2154 &rarr; <strong>2172</strong><br />(+18 for winning)\n|raw|metaloid's rating: 2120 &rarr; <strong>2102</strong><br />(-18 for losing)\n|c|☆DayCrybabyTon|gg\n", "inputlog": ">version 686819e5e19f8a7fd2345cfc5a08a5085efa2cc3\n>start {\"formatid\":\"gen9randombattle\",\"seed\":\"sodium,8aa312ec91b1b1542e5949e99bee19e6\",\"rated\":\"Rated battle\"}\n>player p1 {\"name\":\"DayCrybabyTon\",\"avatar\":\"102\",\"rating\":2154,\"seed\":\"sodium,861d6049be70a5807575d60664154a39\"}\n>player p2 {\"name\":\"metaloid\",\"avatar\":\"rood\",\"rating\":2120,\"seed\":\"sodium,96cdf55aee85aabd3ee7f9d612c4fa5e\"}\n>p1 switch 5\n>p2 move fakeout\n>p1 move bravebird\n>p2 move facade\n>p1 switch 2\n>p1 move earthquake\n>p2 switch 4\n>p1 switch 4\n>p2 move gigadrain\n>p1 move voltswitch\n>p2 switch 6\n>p1 switch 4\n>p1 move spikes\n>p2 switch 6\n>p1 move spikes\n>p2 move sludgebomb\n>p1 switch 4\n>p2 move substitute\n>p1 move overheat\n>p2 move leechseed\n>p1 move voltswitch\n>p2 move leechseed\n>p1 switch 3\n>p1 move psyshock\n>p2 switch 3\n>p1 switch 3\n>p2 move uturn\n>p2 switch 2\n>p1 move voltswitch\n>p2 move dazzlinggleam\n>p1 switch 5\n>p1 move trailblaze\n>p2 move protect\n>p1 move facade\n>p2 move dazzlinggleam\n>p2 switch 2\n>p1 switch 5\n>p2 move bravebird\n>p1 move willowisp\n>p2 switch 4\n>p1 switch 3\n>p2 move fakeout\n>p2 switch 4\n>p1 switch 5\n>p2 move bravebird\n>p1 switch 3\n>p1 move willowisp\n>p2 move bravebird terastallize\n>p1 switch 4\n>p2 move bravebird\n>p1 move earthquake\n>p2 switch 3\n>p1 switch 4\n>p2 move gigadrain\n>p1 switch 5\n>p1 move psyshock\n>p2 switch 3\n>p1 move leechseed\n>p2 move bravebird\n>p1 move bodypress\n>p2 move uturn\n>p2 switch 5\n>p1 move leechseed\n>p2 move fireblast\n>p1 switch 4\n>p1 move earthquake\n>p2 switch 6\n>p1 move earthquake\n>p2 move knockoff\n>p2 switch 3\n>p1 move earthquake\n>p2 move substitute\n>p1 move earthquake\n>p2 move gigadrain\n>p1 switch 6\n>p1 move tailslap\n>p2 move sludgebomb\n>p2 switch 6\n>p1 move tailslap terastallize\n>p2 move aurasphere", "uploadtime": 1771266330, "views": 2, "formatid": "gen9randombattle", "rating": 2102, "private": 0, "password": null}