{"id": "gen9randombattle-2540274581", "format": "[Gen 9] Random Battle", "players": ["LetsGoPlayer", "brunoty"], "log": "|j|☆LetsGoPlayer\n|j|☆brunoty\n|t:|1771183433\n|gametype|singles\n|player|p1|LetsGoPlayer|169|1629\n|player|p2|brunoty|102|1646\n|gen|9\n|tier|[Gen 9] Random Battle\n|rated|\n|rule|Species Clause: Limit one of each Pokémon\n|rule|HP Percentage Mod: HP is shown in percentages\n|rule|Sleep Clause Mod: Limit one foe put to sleep\n|rule|Illusion Level Mod: Illusion disguises the Pokémon's true level\n|\n|t:|1771183433\n|teamsize|p1|6\n|teamsize|p2|6\n|start\n|switch|p1a: Palossand|Palossand, L89, F|296/296\n|switch|p2a: Registeel|Registeel, L81|262/262\n|turn|1\n|inactive|Battle timer is ON: inactive players will automatically lose when time's up. (requested by LetsGoPlayer)\n|\n|t:|1771183442\n|switch|p2a: Zapdos|Zapdos-Galar, L77|265/265\n|move|p1a: Palossand|Stealth Rock|p2a: Zapdos\n|-sidestart|p2: brunoty|move: Stealth Rock\n|\n|upkeep\n|turn|2\n|\n|t:|1771183446\n|move|p2a: Zapdos|Bulk Up|p2a: Zapdos\n|-boost|p2a: Zapdos|atk|1\n|-boost|p2a: Zapdos|def|1\n|move|p1a: Palossand|Shadow Ball|p2a: Zapdos\n|-damage|p2a: Zapdos|156/265\n|\n|upkeep\n|turn|3\n|\n|t:|1771183449\n|move|p2a: Zapdos|Knock Off|p1a: Palossand\n|-supereffective|p1a: Palossand\n|-damage|p1a: Palossand|78/296\n|-enditem|p1a: Palossand|Leftovers|[from] move: Knock Off|[of] p2a: Zapdos\n|-damage|p2a: Zapdos|130/265|[from] item: Life Orb\n|move|p1a: Palossand|Shadow Ball|p2a: Zapdos\n|-damage|p2a: Zapdos|31/265\n|\n|upkeep\n|turn|4\n|\n|t:|1771183452\n|move|p2a: Zapdos|Knock Off|p1a: Palossand\n|-supereffective|p1a: Palossand\n|-damage|p1a: Palossand|0 fnt\n|faint|p1a: Palossand\n|-damage|p2a: Zapdos|5/265|[from] item: Life Orb\n|\n|upkeep\n|\n|t:|1771183462\n|switch|p1a: Froslass|Froslass, L87, F|263/263\n|turn|5\n|\n|t:|1771183465\n|move|p1a: Froslass|Triple Axel|p2a: Zapdos\n|-supereffective|p2a: Zapdos\n|-damage|p2a: Zapdos|0 fnt\n|faint|p2a: Zapdos\n|-hitcount|p2: Zapdos|1\n|\n|upkeep\n|\n|t:|1771183467\n|switch|p2a: Registeel|Registeel, L81|262/262\n|-damage|p2a: Registeel|246/262|[from] Stealth Rock\n|turn|6\n|\n|t:|1771183470\n|move|p1a: Froslass|Will-O-Wisp|p2a: Registeel|[miss]\n|-miss|p1a: Froslass|p2a: Registeel\n|move|p2a: Registeel|Iron Head|p1a: Froslass\n|-supereffective|p1a: Froslass\n|-damage|p1a: Froslass|113/263\n|-start|p2a: Registeel|Disable|Iron Head|[from] ability: Cursed Body|[of] p1a: Froslass\n|\n|upkeep\n|turn|7\n|\n|t:|1771183477\n|switch|p2a: Bastiodon|Bastiodon, L89, F|252/252\n|-damage|p2a: Bastiodon|237/252|[from] Stealth Rock\n|move|p1a: Froslass|Spikes|p2a: Bastiodon\n|-sidestart|p2: brunoty|Spikes\n|\n|upkeep\n|turn|8\n|\n|t:|1771183492\n|switch|p1a: Tropius|Tropius, L91, F|328/328\n|move|p2a: Bastiodon|Foul Play|p1a: Tropius\n|-damage|p1a: Tropius|289/328\n|\n|upkeep\n|turn|9\n|\n|t:|1771183506\n|switch|p2a: Altaria|Altaria, L89, M|278/278\n|move|p1a: Tropius|Leech Seed|p2a: Altaria\n|-start|p2a: Altaria|move: Leech Seed\n|\n|-damage|p2a: Altaria|244/278|[from] Leech Seed|[of] p1a: Tropius\n|-heal|p1a: Tropius|323/328|[silent]\n|upkeep\n|turn|10\n|\n|t:|1771183511\n|switch|p1a: Froslass|Froslass, L87, F|113/263\n|move|p2a: Altaria|Defog|p1a: Froslass\n|-unboost|p1a: Froslass|evasion|1\n|-sideend|p2: brunoty|Spikes|[from] move: Defog|[of] p2a: Altaria\n|-sideend|p2: brunoty|Stealth Rock|[from] move: Defog|[of] p2a: Altaria\n|\n|-damage|p2a: Altaria|210/278|[from] Leech Seed|[of] p1a: Froslass\n|-heal|p1a: Froslass|147/263|[silent]\n|upkeep\n|turn|11\n|\n|t:|1771183517\n|switch|p2a: Bastiodon|Bastiodon, L89, F|237/252\n|move|p1a: Froslass|Poltergeist|p2a: Bastiodon\n|-activate|p2a: Bastiodon|move: Poltergeist|Chesto Berry\n|-damage|p2a: Bastiodon|180/252\n|\n|upkeep\n|turn|12\n|\n|t:|1771183523\n|move|p1a: Froslass|Spikes|p2a: Bastiodon\n|-sidestart|p2: brunoty|Spikes\n|move|p2a: Bastiodon|Foul Play|p1a: Froslass\n|-supereffective|p1a: Froslass\n|-damage|p1a: Froslass|5/263\n|\n|upkeep\n|turn|13\n|\n|t:|1771183528\n|move|p1a: Froslass|Will-O-Wisp|p2a: Bastiodon\n|-status|p2a: Bastiodon|brn\n|move|p2a: Bastiodon|Foul Play|p1a: Froslass\n|-supereffective|p1a: Froslass\n|-damage|p1a: Froslass|0 fnt\n|faint|p1a: Froslass\n|\n|-damage|p2a: Bastiodon|165/252 brn|[from] brn\n|upkeep\n|\n|t:|1771183541\n|switch|p1a: Alcremie|Alcremie-Ruby-Cream, L90, F|263/263\n|turn|14\n|\n|t:|1771183548\n|switch|p2a: Registeel|Registeel, L81|246/262\n|-damage|p2a: Registeel|214/262|[from] Spikes\n|move|p1a: Alcremie|Calm Mind|p1a: Alcremie\n|-boost|p1a: Alcremie|spa|1\n|-boost|p1a: Alcremie|spd|1\n|\n|upkeep\n|turn|15\n|\n|t:|1771183552\n|-terastallize|p1a: Alcremie|Ground\n|move|p1a: Alcremie|Tera Blast|p2a: Registeel|[anim] Tera Blast Ground\n|-supereffective|p2a: Registeel\n|-damage|p2a: Registeel|0 fnt\n|faint|p2a: Registeel\n|\n|upkeep\n|\n|t:|1771183558\n|switch|p2a: Ting-Lu|Ting-Lu, L78|370/370\n|-damage|p2a: Ting-Lu|324/370|[from] Spikes\n|-ability|p2a: Ting-Lu|Vessel of Ruin\n|turn|16\n|\n|t:|1771183566\n|move|p1a: Alcremie|Alluring Voice|p2a: Ting-Lu\n|-supereffective|p2a: Ting-Lu\n|-damage|p2a: Ting-Lu|124/370\n|move|p2a: Ting-Lu|Ruination|p1a: Alcremie\n|-damage|p1a: Alcremie|132/263\n|\n|-heal|p1a: Alcremie|148/263|[from] item: Leftovers\n|upkeep\n|turn|17\n|\n|t:|1771183569\n|move|p1a: Alcremie|Alluring Voice|p2a: Ting-Lu\n|-supereffective|p2a: Ting-Lu\n|-damage|p2a: Ting-Lu|0 fnt\n|faint|p2a: Ting-Lu\n|\n|-heal|p1a: Alcremie|164/263|[from] item: Leftovers\n|upkeep\n|\n|t:|1771183572\n|switch|p2a: Swampert|Swampert, L83, M|302/302\n|-damage|p2a: Swampert|265/302|[from] Spikes\n|turn|18\n|\n|t:|1771183574\n|move|p1a: Alcremie|Alluring Voice|p2a: Swampert\n|-damage|p2a: Swampert|96/302\n|move|p2a: Swampert|Ice Beam|p1a: Alcremie\n|-supereffective|p1a: Alcremie\n|-damage|p1a: Alcremie|108/263\n|\n|-heal|p1a: Alcremie|124/263|[from] item: Leftovers\n|-heal|p2a: Swampert|114/302|[from] item: Leftovers\n|upkeep\n|turn|19\n|j| MidnightBeasts\n|-message|brunoty forfeited.\n|\n|win|LetsGoPlayer\n|raw|LetsGoPlayer's rating: 1629 &rarr; <strong>1650</strong><br />(+21 for winning)\n|raw|brunoty's rating: 1646 &rarr; <strong>1625</strong><br />(-21 for losing)\n|l|☆brunoty\n|player|p2|\n", "inputlog": ">version 686819e5e19f8a7fd2345cfc5a08a5085efa2cc3\n>start {\"formatid\":\"gen9randombattle\",\"seed\":\"sodium,8b3096e4b238c3b405925ce31ed96629\",\"rated\":\"Rated battle\"}\n>player p1 {\"name\":\"LetsGoPlayer\",\"avatar\":\"169\",\"rating\":1629,\"seed\":\"sodium,636f909ee7bab859ad3fc74dfba24af6\"}\n>player p2 {\"name\":\"brunoty\",\"avatar\":\"102\",\"rating\":1646,\"seed\":\"sodium,b8362975fcd79a89ee648b22bb711bc0\"}\n>p1 move stealthrock\n>p2 switch 4\n>p1 move shadowball\n>p2 move bulkup\n>p1 move shadowball\n>p2 move knockoff\n>p1 move shadowball\n>p2 move knockoff\n>p1 switch 4\n>p1 move tripleaxel\n>p2 move knockoff\n>p2 switch 4\n>p1 move willowisp\n>p2 move ironhead\n>p1 move spikes\n>p2 switch 6\n>p1 switch 2\n>p2 move foulplay\n>p1 move leechseed\n>p2 switch 5\n>p1 switch 2\n>p2 move defog\n>p1 move poltergeist\n>p2 switch 5\n>p1 move spikes\n>p2 move foulplay\n>p1 move willowisp\n>p2 move foulplay\n>p1 switch 5\n>p1 move calmmind\n>p2 switch 6\n>p1 move terablast terastallize\n>p2 move ironhead\n>p2 switch 3\n>p1 move alluringvoice\n>p2 move ruination\n>p1 move alluringvoice\n>p2 move heavyslam\n>p2 switch 2\n>p1 move alluringvoice\n>p2 move icebeam\n>forcelose p2", "uploadtime": 1771183584, "views": 9, "formatid": "gen9randombattle", "rating": 1625, "private": 0, "password": null}