{"id": "gen9randombattle-2539993881", "format": "[Gen 9] Random Battle", "players": ["Flakenz", "Fabiofrozone"], "log": "|j|☆Flakenz\n|j|☆Fabiofrozone\n|t:|1771140385\n|gametype|singles\n|player|p1|Flakenz|boarder|1651\n|player|p2|Fabiofrozone|pokefanf-gen4|1705\n|gen|9\n|tier|[Gen 9] Random Battle\n|rated|\n|rule|Species Clause: Limit one of each Pokémon\n|rule|HP Percentage Mod: HP is shown in percentages\n|rule|Sleep Clause Mod: Limit one foe put to sleep\n|rule|Illusion Level Mod: Illusion disguises the Pokémon's true level\n|\n|t:|1771140385\n|teamsize|p1|6\n|teamsize|p2|6\n|start\n|switch|p1a: Azelf|Azelf, L82|257/257\n|switch|p2a: Houndoom|Houndoom, L87, F|272/272\n|turn|1\n|inactive|Battle timer is ON: inactive players will automatically lose when time's up. (requested by Fabiofrozone)\n|\n|t:|1771140398\n|move|p1a: Azelf|U-turn|p2a: Houndoom\n|-damage|p2a: Houndoom|194/272\n|\n|t:|1771140410\n|switch|p1a: Grimmsnarl|Grimmsnarl, L83, M|293/293|[from] U-turn\n|move|p2a: Houndoom|Nasty Plot|p2a: Houndoom\n|-boost|p2a: Houndoom|spa|2\n|\n|upkeep\n|turn|2\n|\n|t:|1771140421\n|move|p1a: Grimmsnarl|Thunder Wave|p2a: Houndoom\n|-hint|Since gen 7, Dark is immune to Prankster moves.\n|-immune|p2a: Houndoom\n|move|p2a: Houndoom|Fire Blast|p1a: Grimmsnarl\n|-damage|p1a: Grimmsnarl|0 fnt\n|faint|p1a: Grimmsnarl\n|\n|upkeep\n|\n|t:|1771140445\n|switch|p1a: Regieleki|Regieleki, L79|256/256\n|turn|3\n|\n|t:|1771140449\n|move|p1a: Regieleki|Thunderbolt|p2a: Houndoom\n|-damage|p2a: Houndoom|62/272\n|move|p2a: Houndoom|Dark Pulse|p1a: Regieleki\n|-damage|p1a: Regieleki|0 fnt\n|faint|p1a: Regieleki\n|\n|upkeep\n|\n|t:|1771140474\n|switch|p1a: Flutter Mane|Flutter Mane, L74|203/203\n|turn|4\n|\n|t:|1771140480\n|move|p2a: Houndoom|Sucker Punch|p1a: Flutter Mane\n|-damage|p1a: Flutter Mane|94/203\n|move|p1a: Flutter Mane|Moonblast|p2a: Houndoom\n|-damage|p2a: Houndoom|0 fnt\n|faint|p2a: Houndoom\n|-damage|p1a: Flutter Mane|74/203|[from] item: Life Orb\n|\n|upkeep\n|\n|t:|1771140490\n|switch|p2a: Barraskewda|Barraskewda, L81, M|231/231\n|turn|5\n|\n|t:|1771140499\n|move|p2a: Barraskewda|Flip Turn|p1a: Flutter Mane\n|-damage|p1a: Flutter Mane|0 fnt\n|faint|p1a: Flutter Mane\n|-end|p1a: Flutter Mane|Protosynthesis|[silent]\n|\n|t:|1771140509\n|switch|p2a: Oinkologne|Oinkologne-F, L92, F|361/361|[from] Flip Turn\n|\n|upkeep\n|\n|t:|1771140513\n|switch|p1a: Zamazenta|Zamazenta, L71|248/248\n|-ability|p1a: Zamazenta|Dauntless Shield|boost\n|-boost|p1a: Zamazenta|def|1\n|turn|6\n|\n|t:|1771140532\n|move|p1a: Zamazenta|Iron Defense|p1a: Zamazenta\n|-boost|p1a: Zamazenta|def|2\n|move|p2a: Oinkologne|Body Slam|p1a: Zamazenta\n|-damage|p1a: Zamazenta|209/248\n|\n|-heal|p1a: Zamazenta|224/248|[from] item: Leftovers\n|upkeep\n|turn|7\n|\n|t:|1771140542\n|move|p1a: Zamazenta|Substitute|p1a: Zamazenta\n|-start|p1a: Zamazenta|Substitute\n|-damage|p1a: Zamazenta|162/248\n|move|p2a: Oinkologne|Body Slam|p1a: Zamazenta\n|-activate|p1a: Zamazenta|move: Substitute|[damage]\n|\n|-heal|p1a: Zamazenta|177/248|[from] item: Leftovers\n|upkeep\n|turn|8\n|\n|t:|1771140551\n|move|p1a: Zamazenta|Body Press|p2a: Oinkologne\n|-supereffective|p2a: Oinkologne\n|-damage|p2a: Oinkologne|0 fnt\n|faint|p2a: Oinkologne\n|\n|-heal|p1a: Zamazenta|192/248|[from] item: Leftovers\n|upkeep\n|\n|t:|1771140561\n|switch|p2a: Gastrodon|Gastrodon, L86, F|331/331\n|turn|9\n|\n|t:|1771140568\n|-terastallize|p2a: Gastrodon|Poison\n|move|p1a: Zamazenta|Body Press|p2a: Gastrodon\n|-resisted|p2a: Gastrodon\n|-damage|p2a: Gastrodon|236/331\n|move|p2a: Gastrodon|Sludge Bomb|p1a: Zamazenta\n|-end|p1a: Zamazenta|Substitute\n|\n|-heal|p1a: Zamazenta|207/248|[from] item: Leftovers\n|-heal|p2a: Gastrodon|256/331|[from] item: Leftovers\n|upkeep\n|turn|10\n|\n|t:|1771140583\n|-terastallize|p1a: Zamazenta|Steel\n|move|p1a: Zamazenta|Substitute|p1a: Zamazenta\n|-start|p1a: Zamazenta|Substitute\n|-damage|p1a: Zamazenta|145/248\n|move|p2a: Gastrodon|Sludge Bomb|p1a: Zamazenta\n|-immune|p1a: Zamazenta\n|\n|-heal|p1a: Zamazenta|160/248|[from] item: Leftovers\n|-heal|p2a: Gastrodon|276/331|[from] item: Leftovers\n|upkeep\n|turn|11\n|\n|t:|1771140596\n|move|p1a: Zamazenta|Body Press|p2a: Gastrodon\n|-resisted|p2a: Gastrodon\n|-damage|p2a: Gastrodon|177/331\n|move|p2a: Gastrodon|Surf|p1a: Zamazenta\n|-end|p1a: Zamazenta|Substitute\n|\n|-heal|p1a: Zamazenta|175/248|[from] item: Leftovers\n|-heal|p2a: Gastrodon|197/331|[from] item: Leftovers\n|upkeep\n|turn|12\n|\n|t:|1771140606\n|move|p1a: Zamazenta|Body Press|p2a: Gastrodon\n|-resisted|p2a: Gastrodon\n|-damage|p2a: Gastrodon|95/331\n|move|p2a: Gastrodon|Recover|p2a: Gastrodon\n|-heal|p2a: Gastrodon|261/331\n|\n|-heal|p1a: Zamazenta|190/248|[from] item: Leftovers\n|-heal|p2a: Gastrodon|281/331|[from] item: Leftovers\n|upkeep\n|turn|13\n|\n|t:|1771140616\n|move|p1a: Zamazenta|Iron Head|p2a: Gastrodon\n|-damage|p2a: Gastrodon|197/331\n|cant|p2a: Gastrodon|flinch\n|\n|-heal|p1a: Zamazenta|205/248|[from] item: Leftovers\n|-heal|p2a: Gastrodon|217/331|[from] item: Leftovers\n|upkeep\n|turn|14\n|\n|t:|1771140624\n|move|p1a: Zamazenta|Body Press|p2a: Gastrodon\n|-resisted|p2a: Gastrodon\n|-damage|p2a: Gastrodon|120/331\n|move|p2a: Gastrodon|Recover|p2a: Gastrodon\n|-heal|p2a: Gastrodon|286/331\n|\n|-heal|p1a: Zamazenta|220/248|[from] item: Leftovers\n|-heal|p2a: Gastrodon|306/331|[from] item: Leftovers\n|upkeep\n|turn|15\n|\n|t:|1771140635\n|move|p1a: Zamazenta|Iron Head|p2a: Gastrodon\n|-damage|p2a: Gastrodon|222/331\n|move|p2a: Gastrodon|Surf|p1a: Zamazenta\n|-damage|p1a: Zamazenta|133/248\n|\n|-heal|p1a: Zamazenta|148/248|[from] item: Leftovers\n|-heal|p2a: Gastrodon|242/331|[from] item: Leftovers\n|upkeep\n|turn|16\n|\n|t:|1771140650\n|move|p1a: Zamazenta|Iron Head|p2a: Gastrodon\n|-damage|p2a: Gastrodon|152/331\n|move|p2a: Gastrodon|Surf|p1a: Zamazenta\n|-damage|p1a: Zamazenta|51/248\n|\n|-heal|p1a: Zamazenta|66/248|[from] item: Leftovers\n|-heal|p2a: Gastrodon|172/331|[from] item: Leftovers\n|upkeep\n|turn|17\n|\n|t:|1771140660\n|move|p1a: Zamazenta|Iron Head|p2a: Gastrodon\n|-damage|p2a: Gastrodon|91/331\n|move|p2a: Gastrodon|Recover|p2a: Gastrodon\n|-heal|p2a: Gastrodon|257/331\n|\n|-heal|p1a: Zamazenta|81/248|[from] item: Leftovers\n|-heal|p2a: Gastrodon|277/331|[from] item: Leftovers\n|upkeep\n|turn|18\n|\n|t:|1771140670\n|switch|p1a: Azelf|Azelf, L82|257/257\n|move|p2a: Gastrodon|Surf|p1a: Azelf\n|-damage|p1a: Azelf|133/257\n|\n|-heal|p2a: Gastrodon|297/331|[from] item: Leftovers\n|upkeep\n|turn|19\n|\n|t:|1771140679\n|switch|p2a: Appletun|Appletun, L92, F|352/352\n|move|p1a: Azelf|Psychic|p2a: Appletun\n|-damage|p2a: Appletun|234/352\n|\n|-heal|p2a: Appletun|256/352|[from] item: Leftovers\n|upkeep\n|turn|20\n|\n|t:|1771140698\n|move|p1a: Azelf|U-turn|p2a: Appletun\n|-supereffective|p2a: Appletun\n|-damage|p2a: Appletun|144/352\n|\n|t:|1771140701\n|switch|p1a: Oinkologne|Oinkologne-F, L92, F|361/361|[from] U-turn\n|move|p2a: Appletun|Apple Acid|p1a: Oinkologne\n|-damage|p1a: Oinkologne|264/361\n|-unboost|p1a: Oinkologne|spd|1\n|\n|-heal|p1a: Oinkologne|286/361|[from] item: Leftovers\n|-heal|p2a: Appletun|166/352|[from] item: Leftovers\n|upkeep\n|turn|21\n|\n|t:|1771140721\n|move|p1a: Oinkologne|Body Slam|p2a: Appletun\n|-damage|p2a: Appletun|63/352\n|move|p2a: Appletun|Recover|p2a: Appletun\n|-heal|p2a: Appletun|239/352\n|\n|-heal|p1a: Oinkologne|308/361|[from] item: Leftovers\n|-heal|p2a: Appletun|261/352|[from] item: Leftovers\n|upkeep\n|turn|22\n|inactive|Fabiofrozone has 120 seconds left.\n|inactive|Fabiofrozone has 90 seconds left.\n|\n|t:|1771140786\n|move|p1a: Oinkologne|Body Slam|p2a: Appletun\n|-damage|p2a: Appletun|167/352\n|move|p2a: Appletun|Leech Seed|p1a: Oinkologne\n|-start|p1a: Oinkologne|move: Leech Seed\n|\n|-heal|p1a: Oinkologne|330/361|[from] item: Leftovers\n|-heal|p2a: Appletun|189/352|[from] item: Leftovers\n|-damage|p1a: Oinkologne|285/361|[from] Leech Seed|[of] p2a: Appletun\n|-heal|p2a: Appletun|234/352|[silent]\n|upkeep\n|turn|23\n|\n|t:|1771140796\n|switch|p1a: Azelf|Azelf, L82|133/257\n|move|p2a: Appletun|Apple Acid|p1a: Azelf\n|-damage|p1a: Azelf|3/257\n|-unboost|p1a: Azelf|spd|1\n|\n|-heal|p2a: Appletun|256/352|[from] item: Leftovers\n|upkeep\n|turn|24\n|\n|t:|1771140807\n|move|p1a: Azelf|Fire Blast|p2a: Appletun\n|-crit|p2a: Appletun\n|-damage|p2a: Appletun|190/352\n|move|p2a: Appletun|Apple Acid|p1a: Azelf\n|-damage|p1a: Azelf|0 fnt\n|faint|p1a: Azelf\n|\n|-heal|p2a: Appletun|212/352|[from] item: Leftovers\n|upkeep\n|-message|Flakenz forfeited.\n|\n|win|Fabiofrozone\n|raw|Flakenz's rating: 1651 &rarr; <strong>1634</strong><br />(-17 for losing)\n|raw|Fabiofrozone's rating: 1705 &rarr; <strong>1722</strong><br />(+17 for winning)\n", "inputlog": ">version 686819e5e19f8a7fd2345cfc5a08a5085efa2cc3\n>start {\"formatid\":\"gen9randombattle\",\"seed\":\"sodium,8a5446696cfce655f87e864e4ce128f3\",\"rated\":\"Rated battle\"}\n>player p1 {\"name\":\"Flakenz\",\"avatar\":\"boarder\",\"rating\":1651,\"seed\":\"sodium,8f0792b3e84c849137d0ec4c8fc48c47\"}\n>player p2 {\"name\":\"Fabiofrozone\",\"avatar\":\"pokefanf-gen4\",\"rating\":1705,\"seed\":\"sodium,eb8ec2615067d9622c04aac513b7e4cb\"}\n>p1 move uturn\n>p2 move nastyplot\n>p1 switch 3\n>p1 move thunderwave\n>p2 move fireblast\n>p1 switch 2\n>p1 move thunderbolt\n>p2 move darkpulse\n>p1 switch 5\n>p1 move moonblast\n>p2 move suckerpunch\n>p2 switch 5\n>p1 move thunderbolt\n>p2 move flipturn\n>p2 switch 3\n>p1 switch 4\n>p1 move irondefense\n>p2 move bodyslam\n>p1 move substitute\n>p2 move bodyslam\n>p1 move bodypress\n>p2 move bodyslam\n>p2 switch 6\n>p1 move bodypress\n>p2 move sludgebomb terastallize\n>p1 move substitute terastallize\n>p2 move sludgebomb\n>p1 move bodypress\n>p2 move surf\n>p1 move bodypress\n>p2 move recover\n>p1 move ironhead\n>p2 move surf\n>p1 move bodypress\n>p2 move recover\n>p1 move ironhead\n>p2 move surf\n>p1 move ironhead\n>p2 move surf\n>p1 move ironhead\n>p2 move recover\n>p1 switch 3\n>p2 move surf\n>p1 move psychic\n>p2 switch 4\n>p1 move uturn\n>p2 move appleacid\n>p1 switch 6\n>p1 move bodyslam\n>p2 move recover\n>p1 move bodyslam\n>p2 move leechseed\n>p1 switch 6\n>p2 move appleacid\n>p1 move fireblast\n>p2 move appleacid\n>forcelose p1", "uploadtime": 1771140815, "views": 22, "formatid": "gen9randombattle", "rating": 1634, "private": 0, "password": null}