{"id": "gen9randombattle-2540526382", "format": "[Gen 9] Random Battle", "players": ["treeshhhh", "untitledkamii"], "log": "|j|☆treeshhhh\n|j|☆untitledkamii\n|t:|1771213216\n|gametype|singles\n|player|p1|treeshhhh|169|1751\n|player|p2|untitledkamii|madame-gen4dp|1779\n|gen|9\n|tier|[Gen 9] Random Battle\n|rated|\n|rule|Species Clause: Limit one of each Pokémon\n|rule|HP Percentage Mod: HP is shown in percentages\n|rule|Sleep Clause Mod: Limit one foe put to sleep\n|rule|Illusion Level Mod: Illusion disguises the Pokémon's true level\n|\n|t:|1771213216\n|teamsize|p1|6\n|teamsize|p2|6\n|start\n|switch|p1a: Garchomp|Garchomp, L74, M|282/282\n|switch|p2a: Lurantis|Lurantis, L87, M|264/264\n|turn|1\n|inactive|Battle timer is ON: inactive players will automatically lose when time's up. (requested by treeshhhh)\n|\n|t:|1771213233\n|move|p1a: Garchomp|Swords Dance|p1a: Garchomp\n|-boost|p1a: Garchomp|atk|2\n|move|p2a: Lurantis|Leaf Storm|p1a: Garchomp\n|-damage|p1a: Garchomp|123/282\n|-boost|p2a: Lurantis|spa|2\n|\n|upkeep\n|turn|2\n|\n|t:|1771213240\n|switch|p2a: Dachsbun|Dachsbun, L92, F|254/254\n|move|p1a: Garchomp|Scale Shot|p2a: Dachsbun\n|-immune|p2a: Dachsbun\n|\n|upkeep\n|turn|3\n|\n|t:|1771213258\n|switch|p1a: Abomasnow|Abomasnow, L84, M|287/287\n|-weather|Snowscape|[from] ability: Snow Warning|[of] p1a: Abomasnow\n|move|p2a: Dachsbun|Play Rough|p1a: Abomasnow\n|-damage|p1a: Abomasnow|211/287\n|\n|-weather|Snowscape|[upkeep]\n|upkeep\n|turn|4\n|\n|t:|1771213268\n|switch|p2a: Lucario|Lucario, L84, M|255/255\n|move|p1a: Abomasnow|Aurora Veil|p1a: Abomasnow\n|-sidestart|p1: treeshhhh|move: Aurora Veil\n|\n|-weather|Snowscape|[upkeep]\n|upkeep\n|turn|5\n|\n|t:|1771213277\n|switch|p1a: Dondozo|Dondozo, L78, M|362/362\n|move|p2a: Lucario|Meteor Mash|p1a: Dondozo\n|-resisted|p1a: Dondozo\n|-damage|p1a: Dondozo|330/362\n|-boost|p2a: Lucario|atk|1\n|\n|-weather|Snowscape|[upkeep]\n|-heal|p1a: Dondozo|352/362|[from] item: Leftovers\n|upkeep\n|turn|6\n|\n|t:|1771213284\n|switch|p2a: Lurantis|Lurantis, L87, M|264/264\n|switch|p1a: Floatzel|Floatzel, L86, F|286/286\n|\n|-weather|Snowscape|[upkeep]\n|upkeep\n|turn|7\n|\n|t:|1771213292\n|switch|p2a: Dachsbun|Dachsbun, L92, F|254/254\n|move|p1a: Floatzel|Ice Spinner|p2a: Dachsbun\n|-damage|p2a: Dachsbun|189/254\n|\n|-weather|none\n|-heal|p2a: Dachsbun|204/254|[from] item: Leftovers\n|upkeep\n|turn|8\n|\n|t:|1771213300\n|switch|p1a: Dondozo|Dondozo, L78, M|352/362\n|move|p2a: Dachsbun|Play Rough|p1a: Dondozo\n|-damage|p1a: Dondozo|306/362\n|\n|-heal|p2a: Dachsbun|219/254|[from] item: Leftovers\n|-heal|p1a: Dondozo|328/362|[from] item: Leftovers\n|upkeep\n|turn|9\n|\n|t:|1771213322\n|move|p2a: Dachsbun|Wish|p2a: Dachsbun\n|move|p1a: Dondozo|Wave Crash|p2a: Dachsbun\n|-damage|p2a: Dachsbun|128/254\n|-damage|p1a: Dondozo|298/362|[from] Recoil\n|\n|-heal|p2a: Dachsbun|143/254|[from] item: Leftovers\n|-heal|p1a: Dondozo|320/362|[from] item: Leftovers\n|upkeep\n|turn|10\n|\n|t:|1771213328\n|switch|p2a: Lurantis|Lurantis, L87, M|264/264\n|move|p1a: Dondozo|Curse|p1a: Dondozo\n|-unboost|p1a: Dondozo|spe|1\n|-boost|p1a: Dondozo|atk|1\n|-boost|p1a: Dondozo|def|1\n|\n|-heal|p1a: Dondozo|342/362|[from] item: Leftovers\n|upkeep\n|turn|11\n|\n|t:|1771213334\n|switch|p1a: Abomasnow|Abomasnow, L84, M|211/287\n|-weather|Snowscape|[from] ability: Snow Warning|[of] p1a: Abomasnow\n|move|p2a: Lurantis|Superpower|p1a: Abomasnow\n|-supereffective|p1a: Abomasnow\n|-damage|p1a: Abomasnow|144/287\n|-boost|p2a: Lurantis|atk|1\n|-boost|p2a: Lurantis|def|1\n|\n|-weather|Snowscape|[upkeep]\n|-sideend|p1: treeshhhh|move: Aurora Veil\n|upkeep\n|turn|12\n|\n|t:|1771213338\n|move|p1a: Abomasnow|Blizzard|p2a: Lurantis\n|-supereffective|p2a: Lurantis\n|-damage|p2a: Lurantis|54/264\n|move|p2a: Lurantis|Superpower|p1a: Abomasnow\n|-supereffective|p1a: Abomasnow\n|-crit|p1a: Abomasnow\n|-damage|p1a: Abomasnow|0 fnt\n|-boost|p2a: Lurantis|atk|1\n|-boost|p2a: Lurantis|def|1\n|faint|p1a: Abomasnow\n|\n|-weather|Snowscape|[upkeep]\n|-heal|p2a: Lurantis|70/264|[from] item: Leftovers\n|upkeep\n|\n|t:|1771213358\n|switch|p1a: Floatzel|Floatzel, L86, F|286/286\n|turn|13\n|\n|t:|1771213368\n|-terastallize|p2a: Lurantis|Fighting\n|move|p1a: Floatzel|Ice Spinner|p2a: Lurantis\n|-damage|p2a: Lurantis|24/264\n|move|p2a: Lurantis|Synthesis|p2a: Lurantis\n|-heal|p2a: Lurantis|90/264\n|\n|-weather|Snowscape|[upkeep]\n|-heal|p2a: Lurantis|106/264|[from] item: Leftovers\n|upkeep\n|turn|14\n|\n|t:|1771213383\n|switch|p1a: Hatterene|Hatterene, L85, F|236/236\n|move|p2a: Lurantis|Synthesis|p2a: Lurantis\n|-heal|p2a: Lurantis|172/264\n|\n|-weather|Snowscape|[upkeep]\n|-heal|p2a: Lurantis|188/264|[from] item: Leftovers\n|upkeep\n|turn|15\n|\n|t:|1771213391\n|-terastallize|p1a: Hatterene|Fairy\n|move|p2a: Lurantis|Leaf Storm|p1a: Hatterene\n|-damage|p1a: Hatterene|134/236\n|-boost|p2a: Lurantis|spa|2\n|move|p1a: Hatterene|Draining Kiss|p2a: Lurantis\n|-supereffective|p2a: Lurantis\n|-crit|p2a: Lurantis\n|-damage|p2a: Lurantis|0 fnt\n|-heal|p1a: Hatterene|236/236|[from] drain|[of] p2a: Lurantis\n|faint|p2a: Lurantis\n|\n|-weather|none\n|upkeep\n|\n|t:|1771213395\n|switch|p2a: Lucario|Lucario, L84, M|255/255\n|turn|16\n|\n|t:|1771213405\n|switch|p2a: Gliscor|Gliscor, L76, F|239/239\n|switch|p1a: Dondozo|Dondozo, L78, M|342/362\n|\n|-heal|p1a: Dondozo|362/362|[from] item: Leftovers\n|-status|p2a: Gliscor|tox|[from] item: Toxic Orb\n|upkeep\n|turn|17\n|\n|t:|1771213412\n|move|p2a: Gliscor|Knock Off|p1a: Dondozo\n|-damage|p1a: Dondozo|311/362\n|-enditem|p1a: Dondozo|Leftovers|[from] move: Knock Off|[of] p2a: Gliscor\n|move|p1a: Dondozo|Curse|p1a: Dondozo\n|-unboost|p1a: Dondozo|spe|1\n|-boost|p1a: Dondozo|atk|1\n|-boost|p1a: Dondozo|def|1\n|\n|upkeep\n|turn|18\n|\n|t:|1771213416\n|move|p2a: Gliscor|Toxic Spikes|p1a: Dondozo\n|-sidestart|p1: treeshhhh|move: Toxic Spikes\n|move|p1a: Dondozo|Wave Crash|p2a: Gliscor\n|-supereffective|p2a: Gliscor\n|-damage|p2a: Gliscor|0 fnt\n|faint|p2a: Gliscor\n|-damage|p1a: Dondozo|232/362|[from] Recoil\n|\n|upkeep\n|\n|t:|1771213422\n|switch|p2a: Lucario|Lucario, L84, M|255/255\n|turn|19\n|\n|t:|1771213435\n|move|p2a: Lucario|Close Combat|p1a: Dondozo\n|-damage|p1a: Dondozo|115/362\n|-unboost|p2a: Lucario|def|1\n|-unboost|p2a: Lucario|spd|1\n|move|p1a: Dondozo|Curse|p1a: Dondozo\n|-unboost|p1a: Dondozo|spe|1\n|-boost|p1a: Dondozo|atk|1\n|-boost|p1a: Dondozo|def|1\n|\n|upkeep\n|turn|20\n|\n|t:|1771213438\n|move|p2a: Lucario|Close Combat|p1a: Dondozo\n|-damage|p1a: Dondozo|25/362\n|-unboost|p2a: Lucario|def|1\n|-unboost|p2a: Lucario|spd|1\n|move|p1a: Dondozo|Rest|p1a: Dondozo\n|-status|p1a: Dondozo|slp|[from] move: Rest\n|-heal|p1a: Dondozo|362/362 slp|[silent]\n|\n|upkeep\n|turn|21\n|-message|untitledkamii forfeited.\n|\n|win|treeshhhh\n|raw|treeshhhh's rating: 1751 &rarr; <strong>1773</strong><br />(+22 for winning)\n|raw|untitledkamii's rating: 1779 &rarr; <strong>1757</strong><br />(-22 for losing)\n|l|☆untitledkamii\n|player|p2|\n", "inputlog": ">version 686819e5e19f8a7fd2345cfc5a08a5085efa2cc3\n>start {\"formatid\":\"gen9randombattle\",\"seed\":\"sodium,f629beea893b1215c9c363d24c96611d\",\"rated\":\"Rated battle\"}\n>player p1 {\"name\":\"treeshhhh\",\"avatar\":\"169\",\"rating\":1751,\"seed\":\"sodium,dd184fbd38b674c9eb21a25f994c3868\"}\n>player p2 {\"name\":\"untitledkamii\",\"avatar\":\"madame-gen4dp\",\"rating\":1779,\"seed\":\"sodium,a4d3ecb26c8b33bcacb9a56f94e8256b\"}\n>p1 move swordsdance\n>p2 move leafstorm\n>p1 move scaleshot\n>p2 switch 4\n>p1 switch 5\n>p2 move playrough\n>p1 move auroraveil\n>p2 switch 5\n>p1 switch 3\n>p2 move meteormash\n>p1 switch 6\n>p2 switch 4\n>p1 move icespinner\n>p2 switch 5\n>p1 switch 6\n>p2 move playrough\n>p1 move wavecrash\n>p2 move wish\n>p1 move curse\n>p2 switch 5\n>p1 switch 3\n>p2 move superpower\n>p1 move blizzard\n>p2 move superpower\n>p1 switch 6\n>p1 move icespinner\n>p2 move synthesis terastallize\n>p1 switch 2\n>p2 move synthesis\n>p1 move drainingkiss terastallize\n>p2 move leafstorm\n>p2 switch 4\n>p1 switch 3\n>p2 switch 6\n>p1 move curse\n>p2 move knockoff\n>p1 move wavecrash\n>p2 move toxicspikes\n>p2 switch 6\n>p1 move curse\n>p2 move closecombat\n>p1 move rest\n>p2 move closecombat\n>forcelose p2", "uploadtime": 1771213444, "views": 10, "formatid": "gen9randombattle", "rating": 1757, "private": 0, "password": null}