{"id": "gen9randombattle-2540348052", "format": "[Gen 9] Random Battle", "players": ["RastaHimbo", "jaksas"], "log": "|j|☆RastaHimbo\n|j|☆jaksas\n|t:|1771191426\n|gametype|singles\n|player|p1|RastaHimbo|erbie-unite|1505\n|player|p2|jaksas|266|1547\n|gen|9\n|tier|[Gen 9] Random Battle\n|rated|\n|rule|Species Clause: Limit one of each Pokémon\n|rule|HP Percentage Mod: HP is shown in percentages\n|rule|Sleep Clause Mod: Limit one foe put to sleep\n|rule|Illusion Level Mod: Illusion disguises the Pokémon's true level\n|\n|t:|1771191426\n|teamsize|p1|6\n|teamsize|p2|6\n|start\n|switch|p1a: Spidops|Spidops, L96, M|271/271\n|switch|p2a: Slither Wing|Slither Wing, L81|270/270\n|turn|1\n|inactive|Battle timer is ON: inactive players will automatically lose when time's up. (requested by jaksas)\n|\n|t:|1771191452\n|move|p2a: Slither Wing|Will-O-Wisp|p1a: Spidops\n|-status|p1a: Spidops|brn\n|move|p1a: Spidops|Sticky Web|p2a: Slither Wing\n|-sidestart|p2: jaksas|move: Sticky Web\n|\n|-damage|p1a: Spidops|255/271 brn|[from] brn\n|upkeep\n|turn|2\n|\n|t:|1771191473\n|-end|p2a: Slither Wing|Protosynthesis|[silent]\n|switch|p2a: Cinderace|Cinderace, L77, F|249/249\n|-activate|p2a: Cinderace|move: Sticky Web\n|-unboost|p2a: Cinderace|spe|1\n|move|p1a: Spidops|Toxic Spikes|p2a: Cinderace\n|-sidestart|p2: jaksas|move: Toxic Spikes\n|\n|-damage|p1a: Spidops|239/271 brn|[from] brn\n|upkeep\n|turn|3\n|\n|t:|1771191483\n|-terastallize|p1a: Spidops|Ghost\n|move|p2a: Cinderace|Pyro Ball|p1a: Spidops\n|-damage|p1a: Spidops|74/271 brn\n|move|p1a: Spidops|Toxic Spikes|p2a: Cinderace\n|-sidestart|p2: jaksas|move: Toxic Spikes\n|\n|-damage|p1a: Spidops|58/271 brn|[from] brn\n|upkeep\n|turn|4\n|\n|t:|1771191491\n|move|p2a: Cinderace|Pyro Ball|p1a: Spidops\n|-damage|p1a: Spidops|0 fnt\n|faint|p1a: Spidops\n|\n|upkeep\n|c|☆jaksas|damn\n|\n|t:|1771191498\n|switch|p1a: Azumarill|Azumarill, L82, M|298/298\n|turn|5\n|c|☆jaksas|I got the only cinderace without court change\n|\n|t:|1771191511\n|switch|p2a: Leafeon|Leafeon, L88, F|258/258\n|-activate|p2a: Leafeon|move: Sticky Web\n|-unboost|p2a: Leafeon|spe|1\n|-status|p2a: Leafeon|tox\n|move|p1a: Azumarill|Belly Drum|p1a: Azumarill\n|-damage|p1a: Azumarill|149/298\n|-setboost|p1a: Azumarill|atk|6|[from] move: Belly Drum\n|-enditem|p1a: Azumarill|Sitrus Berry|[eat]\n|-heal|p1a: Azumarill|223/298|[from] item: Sitrus Berry\n|\n|-damage|p2a: Leafeon|242/258 tox|[from] psn\n|upkeep\n|turn|6\n|c|☆RastaHimbo|ha\n|\n|t:|1771191522\n|move|p2a: Leafeon|Leaf Blade|p1a: Azumarill\n|-supereffective|p1a: Azumarill\n|-damage|p1a: Azumarill|0 fnt\n|faint|p1a: Azumarill\n|-damage|p2a: Leafeon|217/258 tox|[from] item: Life Orb\n|\n|-damage|p2a: Leafeon|185/258 tox|[from] psn\n|upkeep\n|\n|t:|1771191530\n|switch|p1a: Koraidon|Koraidon, L64|235/235\n|-weather|SunnyDay|[from] ability: Orichalcum Pulse|[of] p1a: Koraidon\n|-activate|p1a: Koraidon|Orichalcum Pulse|[source]\n|turn|7\n|\n|t:|1771191542\n|move|p2a: Leafeon|Swords Dance|p2a: Leafeon\n|-boost|p2a: Leafeon|atk|2\n|move|p1a: Koraidon|Swords Dance|p1a: Koraidon\n|-boost|p1a: Koraidon|atk|2\n|\n|-weather|SunnyDay|[upkeep]\n|-damage|p2a: Leafeon|137/258 tox|[from] psn\n|upkeep\n|turn|8\n|\n|t:|1771191547\n|move|p2a: Leafeon|Double-Edge|p1a: Koraidon\n|-damage|p1a: Koraidon|0 fnt\n|faint|p1a: Koraidon\n|-damage|p2a: Leafeon|59/258 tox|[from] Recoil\n|-damage|p2a: Leafeon|34/258 tox|[from] item: Life Orb\n|\n|-weather|SunnyDay|[upkeep]\n|-damage|p2a: Leafeon|0 fnt|[from] psn\n|faint|p2a: Leafeon\n|upkeep\n|\n|t:|1771191559\n|switch|p2a: Cinderace|Cinderace, L77, F|249/249\n|switch|p1a: Hitmonchan|Hitmonchan, L87, M|229/229\n|-activate|p2a: Cinderace|move: Sticky Web\n|-unboost|p2a: Cinderace|spe|1\n|-status|p2a: Cinderace|tox\n|turn|9\n|\n|t:|1771191571\n|move|p1a: Hitmonchan|Knock Off|p2a: Cinderace\n|-damage|p2a: Cinderace|150/249 tox\n|-enditem|p2a: Cinderace|Choice Band|[from] move: Knock Off|[of] p1a: Hitmonchan\n|move|p2a: Cinderace|Pyro Ball|p1a: Hitmonchan\n|-damage|p1a: Hitmonchan|28/229\n|\n|-weather|SunnyDay|[upkeep]\n|-damage|p2a: Cinderace|135/249 tox|[from] psn\n|upkeep\n|turn|10\n|\n|t:|1771191580\n|move|p1a: Hitmonchan|Drain Punch|p2a: Cinderace\n|-damage|p2a: Cinderace|3/249 tox\n|-heal|p1a: Hitmonchan|94/229|[from] drain|[of] p2a: Cinderace\n|move|p2a: Cinderace|U-turn|p1a: Hitmonchan\n|-start|p2a: Cinderace|typechange|Bug|[from] ability: Libero\n|-resisted|p1a: Hitmonchan\n|-damage|p1a: Hitmonchan|55/229\n|\n|t:|1771191594\n|switch|p2a: Latios|Latios, L78, M|253/253|[from] U-turn\n|\n|-weather|SunnyDay|[upkeep]\n|upkeep\n|turn|11\n|\n|t:|1771191605\n|move|p2a: Latios|Aura Sphere|p1a: Hitmonchan\n|-damage|p1a: Hitmonchan|20/229\n|move|p1a: Hitmonchan|Knock Off|p2a: Latios\n|-supereffective|p2a: Latios\n|-damage|p2a: Latios|81/253\n|-enditem|p2a: Latios|Soul Dew|[from] move: Knock Off|[of] p1a: Hitmonchan\n|\n|-weather|none\n|upkeep\n|turn|12\n|\n|t:|1771191611\n|move|p2a: Latios|Aura Sphere|p1a: Hitmonchan\n|-damage|p1a: Hitmonchan|0 fnt\n|faint|p1a: Hitmonchan\n|\n|upkeep\n|c|☆jaksas|lol\n|c|☆jaksas|misspredict\n|\n|t:|1771191626\n|switch|p1a: Cresselia|Cresselia, L80, F|323/323\n|turn|13\n|\n|t:|1771191644\n|move|p2a: Latios|Recover|p2a: Latios\n|-heal|p2a: Latios|208/253\n|move|p1a: Cresselia|Calm Mind|p1a: Cresselia\n|-boost|p1a: Cresselia|spa|1\n|-boost|p1a: Cresselia|spd|1\n|\n|upkeep\n|turn|14\n|\n|t:|1771191665\n|move|p2a: Latios|Luster Purge|p1a: Cresselia\n|-resisted|p1a: Cresselia\n|-damage|p1a: Cresselia|292/323\n|-unboost|p1a: Cresselia|spd|1\n|move|p1a: Cresselia|Calm Mind|p1a: Cresselia\n|-boost|p1a: Cresselia|spa|1\n|-boost|p1a: Cresselia|spd|1\n|\n|-heal|p1a: Cresselia|312/323|[from] item: Leftovers\n|upkeep\n|turn|15\n|\n|t:|1771191680\n|switch|p2a: Slither Wing|Slither Wing, L81|270/270\n|move|p1a: Cresselia|Calm Mind|p1a: Cresselia\n|-boost|p1a: Cresselia|spa|1\n|-boost|p1a: Cresselia|spd|1\n|\n|-heal|p1a: Cresselia|323/323|[from] item: Leftovers\n|upkeep\n|turn|16\n|\n|t:|1771191692\n|-terastallize|p2a: Slither Wing|Steel\n|move|p1a: Cresselia|Psyshock|p2a: Slither Wing\n|-resisted|p2a: Slither Wing\n|-damage|p2a: Slither Wing|183/270\n|move|p2a: Slither Wing|U-turn|p1a: Cresselia\n|-supereffective|p1a: Cresselia\n|-damage|p1a: Cresselia|165/323\n|\n|t:|1771191700\n|-end|p2a: Slither Wing|Protosynthesis|[silent]\n|switch|p2a: Flygon|Flygon, L82, M|265/265|[from] U-turn\n|\n|-heal|p1a: Cresselia|185/323|[from] item: Leftovers\n|upkeep\n|turn|17\n|c|☆RastaHimbo|wow\n|c|☆RastaHimbo|my hazards are useless\n|\n|t:|1771191714\n|move|p2a: Flygon|U-turn|p1a: Cresselia\n|-supereffective|p1a: Cresselia\n|-damage|p1a: Cresselia|53/323\n|\n|t:|1771191717\n|switch|p2a: Slither Wing|Slither Wing, L81, tera:Steel|183/270|[from] U-turn\n|move|p1a: Cresselia|Moonlight|p1a: Cresselia\n|-heal|p1a: Cresselia|214/323\n|\n|-heal|p1a: Cresselia|234/323|[from] item: Leftovers\n|upkeep\n|turn|18\n|\n|t:|1771191725\n|move|p1a: Cresselia|Thunderbolt|p2a: Slither Wing\n|-damage|p2a: Slither Wing|66/270\n|-status|p2a: Slither Wing|par\n|cant|p2a: Slither Wing|par\n|\n|-heal|p1a: Cresselia|254/323|[from] item: Leftovers\n|upkeep\n|turn|19\n|c|☆jaksas|:8\n|\n|t:|1771191735\n|move|p1a: Cresselia|Psyshock|p2a: Slither Wing\n|-resisted|p2a: Slither Wing\n|-damage|p2a: Slither Wing|0 fnt\n|faint|p2a: Slither Wing\n|-end|p2a: Slither Wing|Protosynthesis|[silent]\n|\n|-heal|p1a: Cresselia|274/323|[from] item: Leftovers\n|upkeep\n|\n|t:|1771191740\n|switch|p2a: Plusle|Plusle, L95, F|268/268\n|-activate|p2a: Plusle|move: Sticky Web\n|-unboost|p2a: Plusle|spe|1\n|-status|p2a: Plusle|tox\n|turn|20\n|\n|t:|1771191746\n|move|p1a: Cresselia|Psyshock|p2a: Plusle\n|-damage|p2a: Plusle|33/268 tox\n|move|p2a: Plusle|Encore|p1a: Cresselia\n|-start|p1a: Cresselia|Encore\n|\n|-heal|p1a: Cresselia|294/323|[from] item: Leftovers\n|-damage|p2a: Plusle|17/268 tox|[from] psn\n|upkeep\n|turn|21\n|\n|t:|1771191754\n|move|p1a: Cresselia|Psyshock|p2a: Plusle\n|-damage|p2a: Plusle|0 fnt\n|faint|p2a: Plusle\n|\n|-heal|p1a: Cresselia|314/323|[from] item: Leftovers\n|upkeep\n|\n|t:|1771191756\n|switch|p2a: Flygon|Flygon, L82, M|265/265\n|turn|22\n|\n|t:|1771191770\n|move|p2a: Flygon|U-turn|p1a: Cresselia\n|-supereffective|p1a: Cresselia\n|-damage|p1a: Cresselia|196/323\n|\n|t:|1771191775\n|switch|p2a: Cinderace|Cinderace, L77, F|3/249 tox|[from] U-turn\n|-activate|p2a: Cinderace|move: Sticky Web\n|-unboost|p2a: Cinderace|spe|1\n|move|p1a: Cresselia|Psyshock|p2a: Cinderace\n|-damage|p2a: Cinderace|0 fnt\n|faint|p2a: Cinderace\n|\n|-heal|p1a: Cresselia|216/323|[from] item: Leftovers\n|upkeep\n|\n|t:|1771191777\n|switch|p2a: Flygon|Flygon, L82, M|265/265\n|turn|23\n|\n|t:|1771191790\n|move|p2a: Flygon|U-turn|p1a: Cresselia\n|-supereffective|p1a: Cresselia\n|-damage|p1a: Cresselia|98/323\n|\n|t:|1771191793\n|switch|p2a: Latios|Latios, L78, M|208/253|[from] U-turn\n|move|p1a: Cresselia|Psyshock|p2a: Latios\n|-resisted|p2a: Latios\n|-damage|p2a: Latios|121/253\n|\n|-heal|p1a: Cresselia|118/323|[from] item: Leftovers\n|-end|p1a: Cresselia|Encore\n|upkeep\n|turn|24\n|\n|t:|1771191801\n|move|p2a: Latios|Draco Meteor|p1a: Cresselia\n|-damage|p1a: Cresselia|60/323\n|-unboost|p2a: Latios|spa|2\n|move|p1a: Cresselia|Moonlight|p1a: Cresselia\n|-heal|p1a: Cresselia|221/323\n|\n|-heal|p1a: Cresselia|241/323|[from] item: Leftovers\n|upkeep\n|turn|25\n|l|☆jaksas\n|inactive|jaksas disconnected and has a minute to reconnect!\n|player|p2|\n|inactive|jaksas has 30 seconds to reconnect!\n|inactive|jaksas has 20 seconds to reconnect!\n|inactive|jaksas has 15 seconds to reconnect!\n|inactive|jaksas has 10 seconds to reconnect!\n|inactive|jaksas has 5 seconds to reconnect!\n|-message|jaksas lost due to inactivity.\n|\n|win|RastaHimbo\n|raw|RastaHimbo's rating: 1505 &rarr; <strong>1527</strong><br />(+22 for winning)\n|raw|jaksas's rating: 1547 &rarr; <strong>1525</strong><br />(-22 for losing)\n", "inputlog": ">version 686819e5e19f8a7fd2345cfc5a08a5085efa2cc3\n>start {\"formatid\":\"gen9randombattle\",\"seed\":\"sodium,6715b746d08cf08a56620d12df32f89c\",\"rated\":\"Rated battle\"}\n>player p1 {\"name\":\"RastaHimbo\",\"avatar\":\"erbie-unite\",\"rating\":1505,\"seed\":\"sodium,068899ea5fcd58b4c1fb3d1714c53e33\"}\n>player p2 {\"name\":\"jaksas\",\"avatar\":\"266\",\"rating\":1547,\"seed\":\"sodium,671aa92fab68f6e781060103b01776e7\"}\n>p1 move stickyweb\n>p2 move willowisp\n>p1 move toxicspikes\n>p2 switch 6\n>p1 move toxicspikes terastallize\n>p2 move pyroball\n>p1 move spikes\n>p2 move pyroball\n>chat ☆jaksas|damn\n>p1 switch 2\n>chat ☆jaksas|I got the only cinderace without court change\n>p1 move bellydrum\n>p2 switch 4\n>chat ☆RastaHimbo|ha\n>p1 move playrough\n>p2 move leafblade\n>p1 switch 3\n>p1 move swordsdance\n>p2 move swordsdance\n>p1 move scaleshot\n>p2 move doubleedge\n>p1 switch 5\n>p2 switch 4\n>p1 move knockoff\n>p2 move pyroball\n>p1 move drainpunch\n>p2 move uturn\n>p2 switch 5\n>p1 move knockoff\n>p2 move aurasphere\n>p1 move poisonjab\n>p2 move aurasphere\n>chat ☆jaksas|lol\n>chat ☆jaksas|misspredict\n>p1 switch 4\n>p1 move calmmind\n>p2 move recover\n>p1 move calmmind\n>p2 move lusterpurge\n>p1 move calmmind\n>p2 switch 6\n>p1 move psyshock\n>p2 move uturn terastallize\n>p2 switch 2\n>chat ☆RastaHimbo|wow\n>chat ☆RastaHimbo|my hazards are useless\n>p1 move moonlight\n>p2 move uturn\n>p2 switch 2\n>p1 move thunderbolt\n>p2 move willowisp\n>chat ☆jaksas|:8\n>p1 move psyshock\n>p2 move uturn\n>p2 switch 3\n>p1 move psyshock\n>p2 move encore\n>p1 move psyshock\n>p2 move thunderbolt\n>p2 switch 2\n>p1 move psyshock\n>p2 move uturn\n>p2 switch 5\n>p2 switch 5\n>p1 move psyshock\n>p2 move uturn\n>p2 switch 6\n>p1 move moonlight\n>p2 move dracometeor\n>forcelose p2", "uploadtime": 1771191942, "views": 7, "formatid": "gen9randombattle", "rating": 1525, "private": 0, "password": null}