{"id": "gen9randombattle-2540929383", "format": "[Gen 9] Random Battle", "players": ["noKlew", "poweroutage273"], "log": "|j|☆noKlew\n|j|☆poweroutage273\n|t:|1771268132\n|gametype|singles\n|player|p1|noKlew|2|2189\n|player|p2|poweroutage273|malva|2216\n|gen|9\n|tier|[Gen 9] Random Battle\n|rated|\n|rule|Species Clause: Limit one of each Pokémon\n|rule|HP Percentage Mod: HP is shown in percentages\n|rule|Sleep Clause Mod: Limit one foe put to sleep\n|rule|Illusion Level Mod: Illusion disguises the Pokémon's true level\n|\n|t:|1771268132\n|teamsize|p1|6\n|teamsize|p2|6\n|start\n|switch|p1a: Venomoth|Venomoth, L84, F|255/255\n|switch|p2a: Florges|Florges-Yellow, L85, F|271/271\n|turn|1\n|inactive|Battle timer is ON: inactive players will automatically lose when time's up. (requested by noKlew)\n|\n|t:|1771268150\n|switch|p2a: Houndstone|Houndstone, L86, M|264/264\n|move|p1a: Venomoth|Quiver Dance|p1a: Venomoth\n|-boost|p1a: Venomoth|spa|1\n|-boost|p1a: Venomoth|spd|1\n|-boost|p1a: Venomoth|spe|1\n|\n|upkeep\n|turn|2\n|\n|t:|1771268155\n|move|p1a: Venomoth|Sleep Powder|p2a: Houndstone|[miss]\n|-miss|p1a: Venomoth|p2a: Houndstone\n|move|p2a: Houndstone|Poltergeist|p1a: Venomoth\n|-activate|p1a: Venomoth|move: Poltergeist|Heavy-Duty Boots\n|-damage|p1a: Venomoth|84/255\n|\n|upkeep\n|turn|3\n|\n|t:|1771268159\n|move|p2a: Houndstone|Shadow Sneak|p1a: Venomoth\n|-damage|p1a: Venomoth|27/255\n|move|p1a: Venomoth|Sleep Powder|p2a: Houndstone|[miss]\n|-miss|p1a: Venomoth|p2a: Houndstone\n|\n|upkeep\n|turn|4\n|\n|t:|1771268176\n|move|p2a: Houndstone|Shadow Sneak|p1a: Venomoth\n|-damage|p1a: Venomoth|0 fnt\n|faint|p1a: Venomoth\n|\n|upkeep\n|\n|t:|1771268192\n|switch|p1a: Rhyperior|Rhyperior, L82, F|323/323\n|turn|5\n|\n|t:|1771268200\n|switch|p2a: Alomomola|Alomomola, L87, M|429/429\n|move|p1a: Rhyperior|Rock Polish|p1a: Rhyperior\n|-boost|p1a: Rhyperior|spe|2\n|\n|upkeep\n|turn|6\n|\n|t:|1771268210\n|move|p1a: Rhyperior|Earthquake|p2a: Alomomola\n|-damage|p2a: Alomomola|287/429\n|move|p2a: Alomomola|Scald|p1a: Rhyperior\n|-supereffective|p1a: Rhyperior\n|-damage|p1a: Rhyperior|113/323\n|-enditem|p1a: Rhyperior|Weakness Policy\n|-boost|p1a: Rhyperior|atk|2|[from] item: Weakness Policy\n|-boost|p1a: Rhyperior|spa|2|[from] item: Weakness Policy\n|\n|-heal|p2a: Alomomola|313/429|[from] item: Leftovers\n|upkeep\n|turn|7\n|\n|t:|1771268218\n|move|p1a: Rhyperior|Earthquake|p2a: Alomomola\n|-damage|p2a: Alomomola|28/429\n|move|p2a: Alomomola|Flip Turn|p1a: Rhyperior\n|-supereffective|p1a: Rhyperior\n|-damage|p1a: Rhyperior|0 fnt\n|faint|p1a: Rhyperior\n|\n|t:|1771268221\n|switch|p2a: Houndstone|Houndstone, L86, M|264/264|[from] Flip Turn\n|\n|upkeep\n|inactive|noKlew has 120 seconds left.\n|\n|t:|1771268256\n|switch|p1a: Toxapex|Toxapex, L82, M|216/216\n|turn|8\n|\n|t:|1771268267\n|move|p2a: Houndstone|Poltergeist|p1a: Toxapex\n|-activate|p1a: Toxapex|move: Poltergeist|Rocky Helmet\n|-damage|p1a: Toxapex|128/216\n|move|p1a: Toxapex|Toxic|p2a: Houndstone\n|-status|p2a: Houndstone|tox\n|\n|-damage|p2a: Houndstone|248/264 tox|[from] psn\n|upkeep\n|turn|9\n|\n|t:|1771268272\n|move|p2a: Houndstone|Poltergeist|p1a: Toxapex|[miss]\n|-miss|p2a: Houndstone|p1a: Toxapex\n|move|p1a: Toxapex|Recover|p1a: Toxapex\n|-heal|p1a: Toxapex|216/216\n|\n|-damage|p2a: Houndstone|216/264 tox|[from] psn\n|upkeep\n|turn|10\n|\n|t:|1771268277\n|move|p2a: Houndstone|Poltergeist|p1a: Toxapex\n|-activate|p1a: Toxapex|move: Poltergeist|Rocky Helmet\n|-damage|p1a: Toxapex|126/216\n|move|p1a: Toxapex|Toxic|p2a: Houndstone\n|-fail|p2a: Houndstone|tox\n|\n|-damage|p2a: Houndstone|168/264 tox|[from] psn\n|upkeep\n|turn|11\n|\n|t:|1771268279\n|move|p2a: Houndstone|Poltergeist|p1a: Toxapex\n|-activate|p1a: Toxapex|move: Poltergeist|Rocky Helmet\n|-damage|p1a: Toxapex|44/216\n|move|p1a: Toxapex|Recover|p1a: Toxapex\n|-heal|p1a: Toxapex|152/216\n|\n|-damage|p2a: Houndstone|104/264 tox|[from] psn\n|upkeep\n|turn|12\n|\n|t:|1771268286\n|move|p2a: Houndstone|Poltergeist|p1a: Toxapex\n|-activate|p1a: Toxapex|move: Poltergeist|Rocky Helmet\n|-damage|p1a: Toxapex|67/216\n|move|p1a: Toxapex|Toxic|p2a: Houndstone\n|-fail|p2a: Houndstone|tox\n|\n|-damage|p2a: Houndstone|24/264 tox|[from] psn\n|upkeep\n|turn|13\n|\n|t:|1771268290\n|switch|p1a: Furret|Furret, L94, F|312/312\n|-item|p2a: Houndstone|Assault Vest|[from] ability: Frisk|[of] p1a: Furret\n|move|p2a: Houndstone|Poltergeist|p1a: Furret\n|-immune|p1a: Furret\n|\n|-damage|p2a: Houndstone|0 fnt|[from] psn\n|faint|p2a: Houndstone\n|upkeep\n|\n|t:|1771268299\n|switch|p2a: Magcargo|Magcargo, L95, F|268/268\n|turn|14\n|\n|t:|1771268309\n|switch|p1a: Toxapex|Toxapex, L82, M|139/216\n|switch|p2a: Alomomola|Alomomola, L87, M|171/429\n|\n|-heal|p2a: Alomomola|197/429|[from] item: Leftovers\n|upkeep\n|turn|15\n|\n|t:|1771268333\n|move|p2a: Alomomola|Scald|p1a: Toxapex\n|-resisted|p1a: Toxapex\n|-damage|p1a: Toxapex|120/216\n|-status|p1a: Toxapex|brn\n|move|p1a: Toxapex|Toxic|p2a: Alomomola\n|-status|p2a: Alomomola|tox\n|\n|-heal|p2a: Alomomola|223/429 tox|[from] item: Leftovers\n|-damage|p2a: Alomomola|197/429 tox|[from] psn\n|-damage|p1a: Toxapex|107/216 brn|[from] brn\n|upkeep\n|turn|16\n|\n|t:|1771268349\n|move|p2a: Alomomola|Scald|p1a: Toxapex\n|-resisted|p1a: Toxapex\n|-damage|p1a: Toxapex|91/216 brn\n|move|p1a: Toxapex|Recover|p1a: Toxapex\n|-heal|p1a: Toxapex|199/216 brn\n|\n|-heal|p2a: Alomomola|223/429 tox|[from] item: Leftovers\n|-damage|p2a: Alomomola|171/429 tox|[from] psn\n|-damage|p1a: Toxapex|186/216 brn|[from] brn\n|upkeep\n|turn|17\n|inactive|noKlew has 120 seconds left.\n|\n|t:|1771268385\n|move|p2a: Alomomola|Scald|p1a: Toxapex\n|-resisted|p1a: Toxapex\n|-damage|p1a: Toxapex|170/216 brn\n|move|p1a: Toxapex|Toxic|p2a: Alomomola\n|-fail|p2a: Alomomola|tox\n|\n|-heal|p2a: Alomomola|197/429 tox|[from] item: Leftovers\n|-damage|p2a: Alomomola|119/429 tox|[from] psn\n|-damage|p1a: Toxapex|157/216 brn|[from] brn\n|upkeep\n|turn|18\n|\n|t:|1771268392\n|move|p2a: Alomomola|Protect|p2a: Alomomola\n|-singleturn|p2a: Alomomola|Protect\n|move|p1a: Toxapex|Toxic|p2a: Alomomola\n|-activate|p2a: Alomomola|move: Protect\n|\n|-heal|p2a: Alomomola|145/429 tox|[from] item: Leftovers\n|-damage|p2a: Alomomola|41/429 tox|[from] psn\n|-damage|p1a: Toxapex|144/216 brn|[from] brn\n|upkeep\n|turn|19\n|inactive|noKlew has 120 seconds left.\n|\n|t:|1771268403\n|move|p2a: Alomomola|Wish|p2a: Alomomola\n|move|p1a: Toxapex|Toxic|p2a: Alomomola\n|-fail|p2a: Alomomola|tox\n|\n|-heal|p2a: Alomomola|67/429 tox|[from] item: Leftovers\n|-damage|p2a: Alomomola|0 fnt|[from] psn\n|faint|p2a: Alomomola\n|-damage|p1a: Toxapex|131/216 brn|[from] brn\n|upkeep\n|\n|t:|1771268406\n|switch|p2a: Dragonite|Dragonite, L74, F|257/257\n|turn|20\n|inactive|noKlew has 120 seconds left.\n|\n|t:|1771268423\n|-terastallize|p2a: Dragonite|Steel\n|move|p2a: Dragonite|Dragon Dance|p2a: Dragonite\n|-boost|p2a: Dragonite|atk|1\n|-boost|p2a: Dragonite|spe|1\n|move|p1a: Toxapex|Toxic|p2a: Dragonite\n|-immune|p2a: Dragonite\n|\n|-damage|p1a: Toxapex|118/216 brn|[from] brn\n|upkeep\n|turn|21\n|\n|t:|1771268431\n|move|p2a: Dragonite|Earthquake|p1a: Toxapex\n|-supereffective|p1a: Toxapex\n|-damage|p1a: Toxapex|0 fnt\n|faint|p1a: Toxapex\n|\n|upkeep\n|inactive|noKlew has 120 seconds left.\n|\n|t:|1771268442\n|switch|p1a: Zapdos|Zapdos, L78|268/268\n|turn|22\n|\n|t:|1771268448\n|move|p2a: Dragonite|Dragon Dance|p2a: Dragonite\n|-boost|p2a: Dragonite|atk|1\n|-boost|p2a: Dragonite|spe|1\n|move|p1a: Zapdos|Discharge|p2a: Dragonite\n|-damage|p2a: Dragonite|215/257\n|\n|upkeep\n|turn|23\n|\n|t:|1771268450\n|move|p2a: Dragonite|Outrage|p1a: Zapdos\n|-damage|p1a: Zapdos|1/268\n|move|p1a: Zapdos|Discharge|p2a: Dragonite\n|-damage|p2a: Dragonite|122/257\n|\n|upkeep\n|turn|24\n|\n|t:|1771268461\n|move|p2a: Dragonite|Outrage|p1a: Zapdos|[from] lockedmove\n|-damage|p1a: Zapdos|0 fnt\n|faint|p1a: Zapdos\n|\n|upkeep\n|\n|t:|1771268471\n|switch|p1a: Tsareena|Tsareena, L87, F|267/267\n|turn|25\n|\n|t:|1771268473\n|move|p2a: Dragonite|Outrage|p1a: Tsareena|[from] lockedmove\n|-damage|p1a: Tsareena|50/267\n|-start|p2a: Dragonite|confusion|[fatigue]\n|move|p1a: Tsareena|High Jump Kick|p2a: Dragonite\n|-supereffective|p2a: Dragonite\n|-damage|p2a: Dragonite|0 fnt\n|faint|p2a: Dragonite\n|\n|upkeep\n|\n|t:|1771268478\n|switch|p2a: Florges|Florges-Yellow, L85, F|271/271\n|turn|26\n|\n|t:|1771268485\n|move|p1a: Tsareena|High Jump Kick|p2a: Florges\n|-resisted|p2a: Florges\n|-damage|p2a: Florges|199/271\n|move|p2a: Florges|Moonblast|p1a: Tsareena\n|-damage|p1a: Tsareena|0 fnt\n|faint|p1a: Tsareena\n|\n|-heal|p2a: Florges|215/271|[from] item: Leftovers\n|upkeep\n|\n|t:|1771268488\n|switch|p1a: Furret|Furret, L94, F|312/312\n|-item|p2a: Florges|Leftovers|[from] ability: Frisk|[of] p1a: Furret\n|turn|27\n|\n|t:|1771268496\n|move|p1a: Furret|Tidy Up|p1a: Furret\n|-boost|p1a: Furret|atk|1\n|-boost|p1a: Furret|spe|1\n|move|p2a: Florges|Moonblast|p1a: Furret\n|-damage|p1a: Furret|153/312\n|-unboost|p1a: Furret|spa|1\n|\n|-heal|p2a: Florges|231/271|[from] item: Leftovers\n|upkeep\n|turn|28\n|\n|t:|1771268499\n|move|p1a: Furret|Double-Edge|p2a: Florges\n|-damage|p2a: Florges|0 fnt\n|faint|p2a: Florges\n|-damage|p1a: Furret|77/312|[from] Recoil\n|-damage|p1a: Furret|46/312|[from] item: Life Orb\n|\n|upkeep\n|\n|t:|1771268502\n|switch|p2a: Magcargo|Magcargo, L95, F|268/268\n|turn|29\n|\n|t:|1771268508\n|-terastallize|p1a: Furret|Ghost\n|move|p1a: Furret|Brick Break|p2a: Magcargo\n|-supereffective|p2a: Magcargo\n|-damage|p2a: Magcargo|112/268\n|-ability|p2a: Magcargo|Weak Armor|boost\n|-unboost|p2a: Magcargo|def|1\n|-boost|p2a: Magcargo|spe|2\n|-damage|p1a: Furret|15/312|[from] item: Life Orb\n|move|p2a: Magcargo|Power Gem|p1a: Furret\n|-damage|p1a: Furret|0 fnt\n|faint|p1a: Furret\n|\n|win|poweroutage273\n|raw|noKlew's rating: 2189 &rarr; <strong>2171</strong><br />(-18 for losing)\n|raw|poweroutage273's rating: 2216 &rarr; <strong>2234</strong><br />(+18 for winning)\n|c|☆poweroutage273|ggs\n|l|☆noKlew\n|player|p1|\n", "inputlog": ">version 686819e5e19f8a7fd2345cfc5a08a5085efa2cc3\n>start {\"formatid\":\"gen9randombattle\",\"seed\":\"sodium,8b0355a92ed913d68ceb9e584f4471e4\",\"rated\":\"Rated battle\"}\n>player p1 {\"name\":\"noKlew\",\"avatar\":\"2\",\"rating\":2189,\"seed\":\"sodium,dad688b368fb44e5584cf5ff3833a538\"}\n>player p2 {\"name\":\"poweroutage273\",\"avatar\":\"malva\",\"rating\":2216,\"seed\":\"sodium,9ccc2aead257e6f1eaac20e9b1166eb2\"}\n>p1 move quiverdance\n>p2 switch 4\n>p1 move sleeppowder\n>p2 move poltergeist\n>p1 move sleeppowder\n>p2 move shadowsneak\n>p1 move sleeppowder\n>p2 move shadowsneak\n>p1 switch 5\n>p1 move rockpolish\n>p2 switch 6\n>p1 move earthquake\n>p2 move scald\n>p1 move earthquake\n>p2 move flipturn\n>p2 switch 6\n>p1 switch 4\n>p1 move toxic\n>p2 move poltergeist\n>p1 move recover\n>p2 move poltergeist\n>p1 move toxic\n>p2 move poltergeist\n>p1 move recover\n>p2 move poltergeist\n>p1 move toxic\n>p2 move poltergeist\n>p1 switch 6\n>p2 move poltergeist\n>p2 switch 5\n>p1 switch 6\n>p2 switch 6\n>p1 move toxic\n>p2 move scald\n>p1 move recover\n>p2 move scald\n>p1 move toxic\n>p2 move scald\n>p1 move toxic\n>p2 move protect\n>p1 move toxic\n>p2 move wish\n>p2 switch 3\n>p1 move toxic\n>p2 move dragondance terastallize\n>p1 move haze\n>p2 move earthquake\n>p1 switch 3\n>p1 move discharge\n>p2 move dragondance\n>p1 move discharge\n>p2 move outrage\n>p1 move discharge\n>p2 move outrage\n>p1 switch 2\n>p1 move highjumpkick\n>p2 move outrage\n>p2 switch 4\n>p1 move highjumpkick\n>p2 move moonblast\n>p1 switch 6\n>p1 move tidyup\n>p2 move moonblast\n>p1 move doubleedge\n>p2 move moonblast\n>p2 switch 6\n>p1 move brickbreak terastallize\n>p2 move powergem", "uploadtime": 1771268518, "views": 1, "formatid": "gen9randombattle", "rating": 2171, "private": 0, "password": null}