{"id": "gen9randombattle-2540584697", "format": "[Gen 9] Random Battle", "players": ["Kilobyt3", "silentpuff320"], "log": "|j|☆Kilobyt3\n|j|☆silentpuff320\n|t:|1771222079\n|gametype|singles\n|player|p1|Kilobyt3|ninjaboy|1621\n|player|p2|silentpuff320|flint|1642\n|gen|9\n|tier|[Gen 9] Random Battle\n|rated|\n|rule|Species Clause: Limit one of each Pokémon\n|rule|HP Percentage Mod: HP is shown in percentages\n|rule|Sleep Clause Mod: Limit one foe put to sleep\n|rule|Illusion Level Mod: Illusion disguises the Pokémon's true level\n|\n|t:|1771222079\n|teamsize|p1|6\n|teamsize|p2|6\n|start\n|switch|p1a: Araquanid|Araquanid, L82, F|246/246\n|switch|p2a: Lunala|Lunala, L70|308/308\n|turn|1\n|inactive|Battle timer is ON: inactive players will automatically lose when time's up. (requested by Kilobyt3)\n|\n|t:|1771222108\n|move|p2a: Lunala|Calm Mind|p2a: Lunala\n|-boost|p2a: Lunala|spa|1\n|-boost|p2a: Lunala|spd|1\n|move|p1a: Araquanid|Sticky Web|p2a: Lunala\n|-sidestart|p2: silentpuff320|move: Sticky Web\n|\n|upkeep\n|turn|2\n|\n|t:|1771222118\n|move|p2a: Lunala|Moongeist Beam|p1a: Araquanid\n|-damage|p1a: Araquanid|128/246\n|move|p1a: Araquanid|Liquidation|p2a: Lunala\n|-damage|p2a: Lunala|232/308\n|\n|-heal|p2a: Lunala|251/308|[from] item: Leftovers\n|upkeep\n|turn|3\n|\n|t:|1771222132\n|move|p2a: Lunala|Calm Mind|p2a: Lunala\n|-boost|p2a: Lunala|spa|1\n|-boost|p2a: Lunala|spd|1\n|move|p1a: Araquanid|Liquidation|p2a: Lunala\n|-damage|p2a: Lunala|80/308\n|\n|-heal|p2a: Lunala|99/308|[from] item: Leftovers\n|upkeep\n|turn|4\n|\n|t:|1771222141\n|move|p2a: Lunala|Moongeist Beam|p1a: Araquanid\n|-damage|p1a: Araquanid|0 fnt\n|faint|p1a: Araquanid\n|\n|-heal|p2a: Lunala|118/308|[from] item: Leftovers\n|upkeep\n|\n|t:|1771222153\n|switch|p1a: Walking Wake|Walking Wake, L79|286/286\n|turn|5\n|\n|t:|1771222162\n|move|p1a: Walking Wake|Draco Meteor|p2a: Lunala\n|-damage|p2a: Lunala|7/308\n|-unboost|p1a: Walking Wake|spa|2\n|move|p2a: Lunala|Moonlight|p2a: Lunala\n|-heal|p2a: Lunala|161/308\n|\n|-heal|p2a: Lunala|180/308|[from] item: Leftovers\n|upkeep\n|turn|6\n|\n|t:|1771222172\n|move|p1a: Walking Wake|Draco Meteor|p2a: Lunala\n|-damage|p2a: Lunala|122/308\n|-unboost|p1a: Walking Wake|spa|2\n|move|p2a: Lunala|Moonlight|p2a: Lunala\n|-heal|p2a: Lunala|276/308\n|\n|-heal|p2a: Lunala|295/308|[from] item: Leftovers\n|upkeep\n|turn|7\n|\n|t:|1771222177\n|-end|p1a: Walking Wake|Protosynthesis|[silent]\n|switch|p1a: Meloetta|Meloetta, L82|298/298\n|move|p2a: Lunala|Moonlight|p2a: Lunala\n|-heal|p2a: Lunala|308/308\n|\n|upkeep\n|turn|8\n|\n|t:|1771222184\n|move|p1a: Meloetta|Psyshock|p2a: Lunala\n|-resisted|p2a: Lunala\n|-damage|p2a: Lunala|267/308\n|move|p2a: Lunala|Focus Blast|p1a: Meloetta\n|-damage|p1a: Meloetta|168/298\n|\n|-heal|p2a: Lunala|286/308|[from] item: Leftovers\n|upkeep\n|turn|9\n|\n|t:|1771222191\n|move|p1a: Meloetta|Psyshock|p2a: Lunala\n|-resisted|p2a: Lunala\n|-damage|p2a: Lunala|202/308\n|move|p2a: Lunala|Calm Mind|p2a: Lunala\n|-boost|p2a: Lunala|spa|1\n|-boost|p2a: Lunala|spd|1\n|\n|-heal|p2a: Lunala|221/308|[from] item: Leftovers\n|upkeep\n|turn|10\n|\n|t:|1771222198\n|move|p1a: Meloetta|Psyshock|p2a: Lunala\n|-resisted|p2a: Lunala\n|-damage|p2a: Lunala|125/308\n|move|p2a: Lunala|Moonlight|p2a: Lunala\n|-heal|p2a: Lunala|279/308\n|\n|-heal|p2a: Lunala|298/308|[from] item: Leftovers\n|upkeep\n|turn|11\n|\n|t:|1771222202\n|move|p1a: Meloetta|Psyshock|p2a: Lunala\n|-resisted|p2a: Lunala\n|-damage|p2a: Lunala|204/308\n|move|p2a: Lunala|Focus Blast|p1a: Meloetta\n|-damage|p1a: Meloetta|3/298\n|\n|-heal|p2a: Lunala|223/308|[from] item: Leftovers\n|upkeep\n|turn|12\n|\n|t:|1771222206\n|move|p1a: Meloetta|Psyshock|p2a: Lunala\n|-resisted|p2a: Lunala\n|-damage|p2a: Lunala|139/308\n|move|p2a: Lunala|Moonlight|p2a: Lunala\n|-heal|p2a: Lunala|293/308\n|\n|-heal|p2a: Lunala|308/308|[from] item: Leftovers\n|upkeep\n|turn|13\n|\n|t:|1771222210\n|move|p1a: Meloetta|Psyshock|p2a: Lunala\n|-resisted|p2a: Lunala\n|-damage|p2a: Lunala|264/308\n|move|p2a: Lunala|Focus Blast|p1a: Meloetta\n|-damage|p1a: Meloetta|0 fnt\n|faint|p1a: Meloetta\n|\n|-heal|p2a: Lunala|283/308|[from] item: Leftovers\n|upkeep\n|\n|t:|1771222213\n|switch|p1a: Smeargle|Smeargle, L95, F|258/258\n|turn|14\n|\n|t:|1771222221\n|move|p1a: Smeargle|Spore|p2a: Lunala\n|-status|p2a: Lunala|slp|[from] move: Spore\n|cant|p2a: Lunala|slp\n|\n|-heal|p2a: Lunala|302/308 slp|[from] item: Leftovers\n|upkeep\n|turn|15\n|\n|t:|1771222224\n|move|p1a: Smeargle|Shell Smash|p1a: Smeargle\n|-unboost|p1a: Smeargle|def|1\n|-unboost|p1a: Smeargle|spd|1\n|-boost|p1a: Smeargle|atk|2\n|-boost|p1a: Smeargle|spa|2\n|-boost|p1a: Smeargle|spe|2\n|cant|p2a: Lunala|slp\n|\n|-heal|p2a: Lunala|308/308 slp|[from] item: Leftovers\n|upkeep\n|turn|16\n|\n|t:|1771222240\n|-terastallize|p1a: Smeargle|Ghost\n|move|p1a: Smeargle|Shell Smash|p1a: Smeargle\n|-unboost|p1a: Smeargle|def|1\n|-unboost|p1a: Smeargle|spd|1\n|-boost|p1a: Smeargle|atk|2\n|-boost|p1a: Smeargle|spa|2\n|-boost|p1a: Smeargle|spe|2\n|cant|p2a: Lunala|slp\n|\n|upkeep\n|turn|17\n|\n|t:|1771222248\n|move|p1a: Smeargle|Power Trip|p2a: Lunala\n|-supereffective|p2a: Lunala\n|-damage|p2a: Lunala|0 fnt\n|faint|p2a: Lunala\n|\n|upkeep\n|\n|t:|1771222272\n|switch|p2a: Muk|Muk, L86, F|321/321\n|-activate|p2a: Muk|move: Sticky Web\n|-unboost|p2a: Muk|spe|1\n|turn|18\n|\n|t:|1771222288\n|switch|p1a: Regirock|Regirock, L83|268/268\n|-terastallize|p2a: Muk|Dark\n|move|p2a: Muk|Knock Off|p1a: Regirock\n|-damage|p1a: Regirock|208/268\n|-enditem|p1a: Regirock|Chesto Berry|[from] move: Knock Off|[of] p2a: Muk\n|\n|upkeep\n|turn|19\n|\n|t:|1771222303\n|move|p1a: Regirock|Iron Defense|p1a: Regirock\n|-boost|p1a: Regirock|def|2\n|move|p2a: Muk|Drain Punch|p1a: Regirock\n|-supereffective|p1a: Regirock\n|-damage|p1a: Regirock|176/268\n|-status|p1a: Regirock|psn|[from] ability: Poison Touch|[of] p2a: Muk\n|\n|-damage|p1a: Regirock|143/268 psn|[from] psn\n|upkeep\n|turn|20\n|\n|t:|1771222310\n|switch|p2a: Eternatus|Eternatus, L69|308/308\n|-activate|p2a: Eternatus|move: Sticky Web\n|-unboost|p2a: Eternatus|spe|1\n|-ability|p2a: Eternatus|Pressure\n|move|p1a: Regirock|Body Press|p2a: Eternatus\n|-resisted|p2a: Eternatus\n|-damage|p2a: Eternatus|185/308\n|\n|-damage|p1a: Regirock|110/268 psn|[from] psn\n|upkeep\n|turn|21\n|\n|t:|1771222326\n|switch|p1a: Iron Crown|Iron Crown, L78|268/268\n|move|p2a: Eternatus|Dynamax Cannon|p1a: Iron Crown\n|-resisted|p1a: Iron Crown\n|-damage|p1a: Iron Crown|223/268\n|\n|upkeep\n|turn|22\n|\n|t:|1771222338\n|switch|p2a: Muk|Muk, L86, F, tera:Dark|321/321\n|-activate|p2a: Muk|move: Sticky Web\n|-unboost|p2a: Muk|spe|1\n|move|p1a: Iron Crown|Focus Blast|p2a: Muk|[miss]\n|-miss|p1a: Iron Crown|p2a: Muk\n|\n|upkeep\n|turn|23\n|\n|t:|1771222348\n|move|p1a: Iron Crown|Focus Blast|p2a: Muk\n|-supereffective|p2a: Muk\n|-damage|p2a: Muk|159/321\n|move|p2a: Muk|Knock Off|p1a: Iron Crown\n|-supereffective|p1a: Iron Crown\n|-damage|p1a: Iron Crown|0 fnt\n|-enditem|p1a: Iron Crown|Choice Specs|[from] move: Knock Off|[of] p2a: Muk\n|faint|p1a: Iron Crown\n|-end|p1a: Iron Crown|Quark Drive|[silent]\n|\n|upkeep\n|\n|t:|1771222355\n|switch|p1a: Walking Wake|Walking Wake, L79|286/286\n|turn|24\n|\n|t:|1771222376\n|switch|p2a: Eternatus|Eternatus, L69|185/308\n|-activate|p2a: Eternatus|move: Sticky Web\n|-unboost|p2a: Eternatus|spe|1\n|-ability|p2a: Eternatus|Pressure\n|move|p1a: Walking Wake|Draco Meteor|p2a: Eternatus\n|-supereffective|p2a: Eternatus\n|-damage|p2a: Eternatus|0 fnt\n|-unboost|p1a: Walking Wake|spa|2\n|faint|p2a: Eternatus\n|\n|upkeep\n|\n|t:|1771222390\n|switch|p2a: Pawmot|Pawmot, L80, F|243/243\n|-activate|p2a: Pawmot|move: Sticky Web\n|-unboost|p2a: Pawmot|spe|1\n|turn|25\n|\n|t:|1771222396\n|-end|p1a: Walking Wake|Protosynthesis|[silent]\n|switch|p1a: Regirock|Regirock, L83|110/268 psn\n|move|p2a: Pawmot|Revival Blessing|p2a: Pawmot\n|\n|t:|1771222399\n|-heal|p2: Lunala|154/308|[from] move: Revival Blessing\n|\n|-damage|p1a: Regirock|77/268 psn|[from] psn\n|upkeep\n|turn|26\n|\n|t:|1771222406\n|move|p2a: Pawmot|Close Combat|p1a: Regirock\n|-supereffective|p1a: Regirock\n|-damage|p1a: Regirock|0 fnt\n|-unboost|p2a: Pawmot|def|1\n|-unboost|p2a: Pawmot|spd|1\n|faint|p1a: Regirock\n|-damage|p2a: Pawmot|219/243|[from] item: Life Orb\n|\n|upkeep\n|\n|t:|1771222412\n|switch|p1a: Smeargle|Smeargle, L95, F, tera:Ghost|258/258\n|turn|27\n|\n|t:|1771222415\n|move|p1a: Smeargle|Spore|p2a: Pawmot\n|-status|p2a: Pawmot|slp|[from] move: Spore\n|cant|p2a: Pawmot|slp\n|\n|upkeep\n|turn|28\n|\n|t:|1771222426\n|switch|p2a: Muk|Muk, L86, F, tera:Dark|159/321\n|-activate|p2a: Muk|move: Sticky Web\n|-unboost|p2a: Muk|spe|1\n|move|p1a: Smeargle|Shell Smash|p1a: Smeargle\n|-unboost|p1a: Smeargle|def|1\n|-unboost|p1a: Smeargle|spd|1\n|-boost|p1a: Smeargle|atk|2\n|-boost|p1a: Smeargle|spa|2\n|-boost|p1a: Smeargle|spe|2\n|\n|upkeep\n|turn|29\n|\n|t:|1771222432\n|move|p1a: Smeargle|Population Bomb|p2a: Muk\n|-damage|p2a: Muk|123/321\n|-damage|p2a: Muk|89/321\n|-damage|p2a: Muk|55/321\n|-damage|p2a: Muk|18/321\n|-damage|p2a: Muk|0 fnt\n|faint|p2a: Muk\n|-hitcount|p2: Muk|5\n|\n|upkeep\n|\n|t:|1771222438\n|switch|p2a: Cloyster|Cloyster, L80, F|211/211\n|-activate|p2a: Cloyster|move: Sticky Web\n|-unboost|p2a: Cloyster|spe|1\n|-enditem|p2a: Cloyster|White Herb\n|-clearnegativeboost|p2a: Cloyster|[silent]\n|turn|30\n|\n|t:|1771222446\n|move|p1a: Smeargle|Population Bomb|p2a: Cloyster\n|-damage|p2a: Cloyster|190/211\n|-damage|p2a: Cloyster|171/211\n|-damage|p2a: Cloyster|150/211\n|-damage|p2a: Cloyster|129/211\n|-damage|p2a: Cloyster|110/211\n|-damage|p2a: Cloyster|91/211\n|-damage|p2a: Cloyster|72/211\n|-damage|p2a: Cloyster|53/211\n|-damage|p2a: Cloyster|34/211\n|-damage|p2a: Cloyster|15/211\n|-hitcount|p2a: Cloyster|10\n|move|p2a: Cloyster|Icicle Spear|p1a: Smeargle\n|-damage|p1a: Smeargle|200/258\n|-damage|p1a: Smeargle|142/258\n|-damage|p1a: Smeargle|79/258\n|-damage|p1a: Smeargle|21/258\n|-damage|p1a: Smeargle|0 fnt\n|faint|p1a: Smeargle\n|-hitcount|p1: Smeargle|5\n|\n|upkeep\n|\n|t:|1771222451\n|switch|p1a: Walking Wake|Walking Wake, L79|286/286\n|turn|31\n|\n|t:|1771222460\n|move|p1a: Walking Wake|Hydro Pump|p2a: Cloyster\n|-resisted|p2a: Cloyster\n|-damage|p2a: Cloyster|0 fnt\n|faint|p2a: Cloyster\n|\n|upkeep\n|\n|t:|1771222463\n|switch|p2a: Walking Wake|Walking Wake, L79|286/286\n|-activate|p2a: Walking Wake|move: Sticky Web\n|-unboost|p2a: Walking Wake|spe|1\n|turn|32\n|\n|t:|1771222467\n|move|p1a: Walking Wake|Hydro Pump|p2a: Walking Wake\n|-resisted|p2a: Walking Wake\n|-damage|p2a: Walking Wake|234/286\n|move|p2a: Walking Wake|Draco Meteor|p1a: Walking Wake\n|-supereffective|p1a: Walking Wake\n|-damage|p1a: Walking Wake|0 fnt\n|-unboost|p2a: Walking Wake|spa|2\n|faint|p1a: Walking Wake\n|-end|p1a: Walking Wake|Protosynthesis|[silent]\n|-damage|p2a: Walking Wake|206/286|[from] item: Life Orb\n|\n|win|silentpuff320\n|raw|Kilobyt3's rating: 1621 &rarr; <strong>1602</strong><br />(-19 for losing)\n|raw|silentpuff320's rating: 1642 &rarr; <strong>1661</strong><br />(+19 for winning)\n|l|☆Kilobyt3\n|player|p1|\n", "inputlog": ">version 686819e5e19f8a7fd2345cfc5a08a5085efa2cc3\n>start {\"formatid\":\"gen9randombattle\",\"seed\":\"sodium,e949815409818d1220a64d03475f7079\",\"rated\":\"Rated battle\"}\n>player p1 {\"name\":\"Kilobyt3\",\"avatar\":\"ninjaboy\",\"rating\":1621,\"seed\":\"sodium,4cd2ec61032882996a412c56197f2c1f\"}\n>player p2 {\"name\":\"silentpuff320\",\"avatar\":\"flint\",\"rating\":1642,\"seed\":\"sodium,d9a9c8cd67f2f01b8637491c5685fd52\"}\n>p1 move stickyweb\n>p2 move calmmind\n>p1 move liquidation\n>p2 move moongeistbeam\n>p1 move liquidation\n>p2 move calmmind\n>p1 move liquidation\n>p2 move moongeistbeam\n>p1 switch 2\n>p1 move dracometeor\n>p2 move moonlight\n>p1 move dracometeor\n>p2 move moonlight\n>p1 switch 3\n>p2 move moonlight\n>p1 move psyshock\n>p2 move focusblast\n>p1 move psyshock\n>p2 move calmmind\n>p1 move psyshock\n>p2 move moonlight\n>p1 move psyshock\n>p2 move focusblast\n>p1 move psyshock\n>p2 move moonlight\n>p1 move psyshock\n>p2 move focusblast\n>p1 switch 5\n>p1 move spore\n>p2 move focusblast\n>p1 move shellsmash\n>p2 move focusblast\n>p1 move shellsmash terastallize\n>p2 move focusblast\n>p1 move powertrip\n>p2 move moongeistbeam\n>p2 switch 4\n>p1 switch 4\n>p2 move knockoff terastallize\n>p1 move irondefense\n>p2 move drainpunch\n>p1 move bodypress\n>p2 switch 2\n>p1 switch 6\n>p2 move dynamaxcannon\n>p1 move focusblast\n>p2 switch 2\n>p1 move focusblast\n>p2 move knockoff\n>p1 switch 3\n>p1 move dracometeor\n>p2 switch 2\n>p2 switch 6\n>p1 switch 6\n>p2 move revivalblessing\n>p2 switch 4\n>p1 move bodypress\n>p2 move closecombat\n>p1 switch 4\n>p1 move spore\n>p2 move knockoff\n>p1 move shellsmash\n>p2 switch 2\n>p1 move populationbomb\n>p2 move knockoff\n>p2 switch 5\n>p1 move populationbomb\n>p2 move iciclespear\n>p1 switch 6\n>p1 move hydropump\n>p2 move iciclespear\n>p2 switch 3\n>p1 move hydropump\n>p2 move dracometeor", "uploadtime": 1771222476, "views": 12, "formatid": "gen9randombattle", "rating": 1602, "private": 0, "password": null}