{"id": "gen9randombattle-2540166626", "format": "[Gen 9] Random Battle", "players": ["xcom-jenkins", "renato_0_17"], "log": "|j|☆xcom-jenkins\n|j|☆renato_0_17\n|t:|1771170950\n|gametype|singles\n|player|p1|xcom-jenkins|169|1725\n|player|p2|renato_0_17|266|1767\n|gen|9\n|tier|[Gen 9] Random Battle\n|rated|\n|rule|Species Clause: Limit one of each Pokémon\n|rule|HP Percentage Mod: HP is shown in percentages\n|rule|Sleep Clause Mod: Limit one foe put to sleep\n|rule|Illusion Level Mod: Illusion disguises the Pokémon's true level\n|\n|t:|1771170950\n|teamsize|p1|6\n|teamsize|p2|6\n|start\n|switch|p1a: Ogerpon|Ogerpon-Cornerstone, L76, F|247/247\n|switch|p2a: Orthworm|Orthworm, L88, F|266/266\n|turn|1\n|inactive|Battle timer is ON: inactive players will automatically lose when time's up. (requested by xcom-jenkins)\n|\n|t:|1771170963\n|move|p1a: Ogerpon|Swords Dance|p1a: Ogerpon\n|-boost|p1a: Ogerpon|atk|2\n|move|p2a: Orthworm|Heavy Slam|p1a: Ogerpon\n|-supereffective|p1a: Ogerpon\n|-ability|p1a: Ogerpon|Sturdy\n|-damage|p1a: Ogerpon|1/247\n|\n|upkeep\n|turn|2\n|inactive|renato_0_17 has 120 seconds left.\n|\n|t:|1771170997\n|move|p1a: Ogerpon|Superpower|p2a: Orthworm\n|-supereffective|p2a: Orthworm\n|-damage|p2a: Orthworm|16/266\n|-unboost|p1a: Ogerpon|atk|1\n|-unboost|p1a: Ogerpon|def|1\n|move|p2a: Orthworm|Heavy Slam|p1a: Ogerpon\n|-supereffective|p1a: Ogerpon\n|-damage|p1a: Ogerpon|0 fnt\n|faint|p1a: Ogerpon\n|\n|-heal|p2a: Orthworm|32/266|[from] item: Leftovers\n|upkeep\n|inactive|xcom-jenkins has 120 seconds left.\n|\n|t:|1771171031\n|switch|p1a: Mesprit|Mesprit, L85|275/275\n|turn|3\n|\n|t:|1771171039\n|switch|p2a: Ting-Lu|Ting-Lu, L78|370/370\n|-ability|p2a: Ting-Lu|Vessel of Ruin\n|move|p1a: Mesprit|Thunderbolt|p2a: Ting-Lu\n|-immune|p2a: Ting-Lu\n|\n|upkeep\n|turn|4\n|\n|t:|1771171050\n|switch|p1a: Leavanny|Leavanny, L86, M|269/269\n|move|p2a: Ting-Lu|Spikes|p1a: Leavanny\n|-sidestart|p1: xcom-jenkins|Spikes\n|\n|upkeep\n|turn|5\n|\n|t:|1771171066\n|switch|p2a: Dragapult|Dragapult, L77, F|262/262\n|move|p1a: Leavanny|Sticky Web|p2a: Dragapult\n|-sidestart|p2: renato_0_17|move: Sticky Web\n|\n|upkeep\n|turn|6\n|\n|t:|1771171075\n|switch|p1a: Mesprit|Mesprit, L85|275/275\n|move|p2a: Dragapult|Fire Blast|p1a: Mesprit\n|-damage|p1a: Mesprit|204/275\n|-damage|p2a: Dragapult|236/262|[from] item: Life Orb\n|\n|upkeep\n|turn|7\n|\n|t:|1771171083\n|move|p2a: Dragapult|Dragon Dance|p2a: Dragapult\n|-boost|p2a: Dragapult|atk|1\n|-boost|p2a: Dragapult|spe|1\n|move|p1a: Mesprit|Ice Beam|p2a: Dragapult\n|-supereffective|p2a: Dragapult\n|-damage|p2a: Dragapult|0 fnt\n|faint|p2a: Dragapult\n|\n|upkeep\n|inactive|renato_0_17 has 120 seconds left.\n|\n|t:|1771171107\n|switch|p2a: Delibird|Delibird, F|252/252\n|turn|8\n|\n|t:|1771171116\n|switch|p1a: Necrozma|Necrozma-Dusk-Mane, L69|248/248\n|-damage|p1a: Necrozma|217/248|[from] Spikes\n|move|p2a: Delibird|Brave Bird|p1a: Necrozma\n|-resisted|p1a: Necrozma\n|-damage|p1a: Necrozma|142/248\n|-damage|p2a: Delibird|227/252|[from] Recoil\n|\n|upkeep\n|turn|9\n|inactive|renato_0_17 has 120 seconds left.\n|\n|t:|1771171135\n|move|p2a: Delibird|Drill Run|p1a: Necrozma\n|-supereffective|p1a: Necrozma\n|-damage|p1a: Necrozma|27/248\n|-enditem|p1a: Necrozma|Weakness Policy\n|-boost|p1a: Necrozma|atk|2|[from] item: Weakness Policy\n|-boost|p1a: Necrozma|spa|2|[from] item: Weakness Policy\n|move|p1a: Necrozma|Dragon Dance|p1a: Necrozma\n|-boost|p1a: Necrozma|atk|1\n|-boost|p1a: Necrozma|spe|1\n|\n|upkeep\n|turn|10\n|inactive|renato_0_17 has 120 seconds left.\n|\n|t:|1771171151\n|switch|p2a: Orthworm|Orthworm, L88, F|32/266\n|-activate|p2a: Orthworm|move: Sticky Web\n|-unboost|p2a: Orthworm|spe|1\n|move|p1a: Necrozma|Morning Sun|p1a: Necrozma\n|-heal|p1a: Necrozma|151/248\n|\n|-heal|p2a: Orthworm|48/266|[from] item: Leftovers\n|upkeep\n|turn|11\n|inactive|renato_0_17 has 120 seconds left.\n|\n|t:|1771171159\n|move|p1a: Necrozma|Sunsteel Strike|p2a: Orthworm\n|-resisted|p2a: Orthworm\n|-damage|p2a: Orthworm|0 fnt\n|faint|p2a: Orthworm\n|\n|upkeep\n|\n|t:|1771171164\n|switch|p2a: Ting-Lu|Ting-Lu, L78|370/370\n|-activate|p2a: Ting-Lu|move: Sticky Web\n|-unboost|p2a: Ting-Lu|spe|1\n|-ability|p2a: Ting-Lu|Vessel of Ruin\n|turn|12\n|\n|t:|1771171175\n|-terastallize|p1a: Necrozma|Ground\n|move|p1a: Necrozma|Earthquake|p2a: Ting-Lu\n|-damage|p2a: Ting-Lu|163/370\n|move|p2a: Ting-Lu|Payback|p1a: Necrozma\n|-damage|p1a: Necrozma|64/248\n|\n|-heal|p2a: Ting-Lu|186/370|[from] item: Leftovers\n|upkeep\n|turn|13\n|inactive|renato_0_17 has 120 seconds left.\n|\n|t:|1771171204\n|move|p1a: Necrozma|Earthquake|p2a: Ting-Lu\n|-damage|p2a: Ting-Lu|0 fnt\n|faint|p2a: Ting-Lu\n|\n|upkeep\n|\n|t:|1771171215\n|switch|p2a: Trevenant|Trevenant, L89, F|296/296\n|-activate|p2a: Trevenant|move: Sticky Web\n|-unboost|p2a: Trevenant|spe|1\n|turn|14\n|\n|t:|1771171224\n|move|p1a: Necrozma|Sunsteel Strike|p2a: Trevenant\n|-damage|p2a: Trevenant|4/296\n|-enditem|p2a: Trevenant|Sitrus Berry|[eat]\n|-heal|p2a: Trevenant|78/296|[from] item: Sitrus Berry\n|move|p2a: Trevenant|Toxic|p1a: Necrozma\n|-status|p1a: Necrozma|tox\n|\n|-damage|p1a: Necrozma|49/248 tox|[from] psn\n|-item|p2a: Trevenant|Sitrus Berry|[from] ability: Harvest\n|upkeep\n|-enditem|p2a: Trevenant|Sitrus Berry|[eat]\n|-heal|p2a: Trevenant|152/296|[from] item: Sitrus Berry\n|turn|15\n|inactive|renato_0_17 has 120 seconds left.\n|\n|t:|1771171232\n|move|p2a: Trevenant|Protect|p2a: Trevenant\n|-singleturn|p2a: Trevenant|Protect\n|move|p1a: Necrozma|Sunsteel Strike|p2a: Trevenant\n|-activate|p2a: Trevenant|move: Protect\n|\n|-damage|p1a: Necrozma|19/248 tox|[from] psn\n|-item|p2a: Trevenant|Sitrus Berry|[from] ability: Harvest\n|upkeep\n|turn|16\n|inactive|renato_0_17 has 120 seconds left.\n|\n|t:|1771171247\n|move|p2a: Trevenant|Protect||[still]\n|-fail|p2a: Trevenant\n|move|p1a: Necrozma|Morning Sun|p1a: Necrozma\n|-heal|p1a: Necrozma|143/248 tox\n|\n|-damage|p1a: Necrozma|98/248 tox|[from] psn\n|upkeep\n|turn|17\n|\n|t:|1771171252\n|move|p2a: Trevenant|Protect|p2a: Trevenant\n|-singleturn|p2a: Trevenant|Protect\n|move|p1a: Necrozma|Morning Sun|p1a: Necrozma\n|-heal|p1a: Necrozma|222/248 tox\n|\n|-damage|p1a: Necrozma|162/248 tox|[from] psn\n|upkeep\n|turn|18\n|\n|t:|1771171266\n|move|p2a: Trevenant|Protect|p2a: Trevenant\n|-singleturn|p2a: Trevenant|Protect\n|move|p1a: Necrozma|Sunsteel Strike|p2a: Trevenant\n|-activate|p2a: Trevenant|move: Protect\n|\n|-damage|p1a: Necrozma|87/248 tox|[from] psn\n|upkeep\n|turn|19\n|\n|t:|1771171273\n|move|p1a: Necrozma|Sunsteel Strike|p2a: Trevenant\n|-damage|p2a: Trevenant|0 fnt\n|faint|p2a: Trevenant\n|\n|-damage|p1a: Necrozma|0 fnt|[from] psn\n|faint|p1a: Necrozma\n|upkeep\n|\n|t:|1771171284\n|switch|p2a: Delibird|Delibird, F|227/252\n|switch|p1a: Regice|Regice, L88|284/284\n|turn|20\n|\n|t:|1771171290\n|switch|p2a: Sylveon|Sylveon, L85, F|300/300\n|-activate|p2a: Sylveon|move: Sticky Web\n|-unboost|p2a: Sylveon|spe|1\n|move|p1a: Regice|Thunder Wave|p2a: Sylveon\n|-status|p2a: Sylveon|par\n|\n|upkeep\n|turn|21\n|\n|t:|1771171301\n|switch|p1a: Leavanny|Leavanny, L86, M|269/269\n|-damage|p1a: Leavanny|236/269|[from] Spikes\n|move|p2a: Sylveon|Calm Mind|p2a: Sylveon\n|-boost|p2a: Sylveon|spa|1\n|-boost|p2a: Sylveon|spd|1\n|\n|upkeep\n|turn|22\n|\n|t:|1771171319\n|-terastallize|p2a: Sylveon|Steel\n|move|p1a: Leavanny|Knock Off|p2a: Sylveon\n|-damage|p2a: Sylveon|213/300 par\n|-enditem|p2a: Sylveon|Leftovers|[from] move: Knock Off|[of] p1a: Leavanny\n|cant|p2a: Sylveon|par\n|\n|upkeep\n|turn|23\n|\n|t:|1771171329\n|switch|p1a: Regice|Regice, L88|284/284\n|cant|p2a: Sylveon|par\n|\n|upkeep\n|turn|24\n|\n|t:|1771171336\n|move|p1a: Regice|Body Press|p2a: Sylveon\n|-supereffective|p2a: Sylveon\n|-crit|p2a: Sylveon\n|-damage|p2a: Sylveon|0 fnt\n|faint|p2a: Sylveon\n|\n|upkeep\n|\n|t:|1771171341\n|switch|p2a: Delibird|Delibird, F|227/252\n|turn|25\n|-message|renato_0_17 forfeited.\n|\n|win|xcom-jenkins\n|raw|xcom-jenkins's rating: 1725 &rarr; <strong>1747</strong><br />(+22 for winning)\n|raw|renato_0_17's rating: 1767 &rarr; <strong>1745</strong><br />(-22 for losing)\n|l|☆renato_0_17\n|player|p2|\n", "inputlog": ">version 686819e5e19f8a7fd2345cfc5a08a5085efa2cc3\n>start {\"formatid\":\"gen9randombattle\",\"seed\":\"sodium,27a8a8a26b0c4734df8120005e21db5f\",\"rated\":\"Rated battle\"}\n>player p1 {\"name\":\"xcom-jenkins\",\"avatar\":\"169\",\"rating\":1725,\"seed\":\"sodium,988af7833cddf38733d5fb449e09c440\"}\n>player p2 {\"name\":\"renato_0_17\",\"avatar\":\"266\",\"rating\":1767,\"seed\":\"sodium,28a6151eeceb96f764fa4ec56da72cd9\"}\n>p1 move swordsdance\n>p2 move heavyslam\n>p1 move superpower\n>p2 move heavyslam\n>p1 switch 2\n>p1 move thunderbolt\n>p2 switch 3\n>p1 switch 5\n>p2 move spikes\n>p1 move stickyweb\n>p2 switch 4\n>p1 switch 5\n>p2 move fireblast\n>p1 move icebeam\n>p2 move dragondance\n>p2 switch 6\n>p1 switch 3\n>p2 move bravebird\n>p1 move dragondance\n>p2 move drillrun\n>p1 move morningsun\n>p2 switch 3\n>p1 move sunsteelstrike\n>p2 move bodypress\n>p2 switch 4\n>p1 move earthquake terastallize\n>p2 move payback\n>p1 move earthquake\n>p2 move earthquake\n>p2 switch 2\n>p1 move sunsteelstrike\n>p2 move toxic\n>p1 move sunsteelstrike\n>p2 move protect\n>p1 move morningsun\n>p2 move protect\n>p1 move morningsun\n>p2 move protect\n>p1 move sunsteelstrike\n>p2 move protect\n>p1 move sunsteelstrike\n>p2 move drainpunch\n>p1 switch 6\n>p2 switch 3\n>p1 move thunderwave\n>p2 switch 5\n>p1 switch 5\n>p2 move calmmind\n>p1 move knockoff\n>p2 move calmmind terastallize\n>p1 switch 5\n>p2 move wish\n>p1 move bodypress\n>p2 move wish\n>p2 switch 5\n>forcelose p2", "uploadtime": 1771171346, "views": 12, "formatid": "gen9randombattle", "rating": 1745, "private": 0, "password": null}