{"id": "gen9randombattle-2540360600", "format": "[Gen 9] Random Battle", "players": ["Glennzor", "F1ish"], "log": "|badge|p2|bronze|gen9randombattle|100-8\n|uhtml|medal-msg|<div class=\"broadcast-blue\">Curious what those medals under the avatar are? PS now has Ladder Seasons! For more information, check out the <a href=\"https://www.smogon.com/forums/threads/3740067/\">thread on Smogon.</a></div>\n|j|☆Glennzor\n|j|‽F1ish\n|t:|1771192817\n|gametype|singles\n|player|p1|Glennzor|brycenman|2179\n|player|p2|F1ish|102|2336\n|gen|9\n|tier|[Gen 9] Random Battle\n|rated|\n|rule|Species Clause: Limit one of each Pokémon\n|rule|HP Percentage Mod: HP is shown in percentages\n|rule|Sleep Clause Mod: Limit one foe put to sleep\n|rule|Illusion Level Mod: Illusion disguises the Pokémon's true level\n|\n|t:|1771192817\n|teamsize|p1|6\n|teamsize|p2|6\n|start\n|switch|p1a: Cinccino|Cinccino, L83, M|260/260\n|switch|p2a: Tyranitar|Tyranitar, L78, M|284/284\n|-weather|Sandstorm|[from] ability: Sand Stream|[of] p2a: Tyranitar\n|turn|1\n|inactive|Battle timer is ON: inactive players will automatically lose when time's up. (requested by F1ish)\n|\n|t:|1771192829\n|move|p1a: Cinccino|Bullet Seed|p2a: Tyranitar\n|-supereffective|p2a: Tyranitar\n|-damage|p2a: Tyranitar|234/284\n|-enditem|p2a: Tyranitar|Weakness Policy\n|-boost|p2a: Tyranitar|atk|2|[from] item: Weakness Policy\n|-boost|p2a: Tyranitar|spa|2|[from] item: Weakness Policy\n|-supereffective|p2a: Tyranitar\n|-damage|p2a: Tyranitar|188/284\n|-supereffective|p2a: Tyranitar\n|-damage|p2a: Tyranitar|136/284\n|-supereffective|p2a: Tyranitar\n|-damage|p2a: Tyranitar|92/284\n|-hitcount|p2a: Tyranitar|4\n|move|p2a: Tyranitar|Knock Off|p1a: Cinccino\n|-damage|p1a: Cinccino|0 fnt\n|-enditem|p1a: Cinccino|Loaded Dice|[from] move: Knock Off|[of] p2a: Tyranitar\n|faint|p1a: Cinccino\n|\n|-weather|Sandstorm|[upkeep]\n|upkeep\n|\n|t:|1771192846\n|switch|p1a: Scyther|Scyther, L82, M|249/249\n|turn|2\n|\n|t:|1771192850\n|switch|p2a: Kilowattrel|Kilowattrel, L83, M|252/252\n|move|p1a: Scyther|Close Combat|p2a: Kilowattrel\n|-resisted|p2a: Kilowattrel\n|-damage|p2a: Kilowattrel|193/252\n|-unboost|p1a: Scyther|def|1\n|-unboost|p1a: Scyther|spd|1\n|\n|-weather|Sandstorm|[upkeep]\n|-damage|p2a: Kilowattrel|178/252|[from] Sandstorm\n|-damage|p1a: Scyther|234/249|[from] Sandstorm\n|upkeep\n|turn|3\n|\n|t:|1771192854\n|switch|p1a: Cacturne|Cacturne, L92, M|278/278\n|move|p2a: Kilowattrel|U-turn|p1a: Cacturne\n|-supereffective|p1a: Cacturne\n|-damage|p1a: Cacturne|90/278\n|\n|t:|1771192861\n|switch|p2a: Squawkabilly|Squawkabilly-Yellow, L89, M|291/291|[from] U-turn\n|\n|-weather|Sandstorm|[upkeep]\n|-damage|p2a: Squawkabilly|273/291|[from] Sandstorm\n|-damage|p1a: Cacturne|73/278|[from] Sandstorm\n|upkeep\n|turn|4\n|\n|t:|1771192865\n|move|p2a: Squawkabilly|Quick Attack|p1a: Cacturne\n|-damage|p1a: Cacturne|0 fnt\n|faint|p1a: Cacturne\n|\n|-weather|Sandstorm|[upkeep]\n|-damage|p2a: Squawkabilly|255/291|[from] Sandstorm\n|upkeep\n|\n|t:|1771192869\n|switch|p1a: Feraligatr|Feraligatr, L79, F|264/264\n|turn|5\n|\n|t:|1771192879\n|switch|p2a: Kilowattrel|Kilowattrel, L83, M|178/252\n|move|p1a: Feraligatr|Dragon Dance|p1a: Feraligatr\n|-boost|p1a: Feraligatr|atk|1\n|-boost|p1a: Feraligatr|spe|1\n|\n|-weather|none\n|upkeep\n|turn|6\n|\n|t:|1771192882\n|move|p2a: Kilowattrel|U-turn|p1a: Feraligatr\n|-damage|p1a: Feraligatr|229/264\n|\n|t:|1771192883\n|switch|p2a: Tyranitar|Tyranitar, L78, M|92/284|[from] U-turn\n|-weather|Sandstorm|[from] ability: Sand Stream|[of] p2a: Tyranitar\n|move|p1a: Feraligatr|Liquidation|p2a: Tyranitar\n|-supereffective|p2a: Tyranitar\n|-damage|p2a: Tyranitar|0 fnt\n|faint|p2a: Tyranitar\n|\n|-weather|Sandstorm|[upkeep]\n|-damage|p1a: Feraligatr|213/264|[from] Sandstorm\n|upkeep\n|\n|t:|1771192889\n|switch|p2a: Kilowattrel|Kilowattrel, L83, M|178/252\n|turn|7\n|\n|t:|1771192892\n|-terastallize|p1a: Feraligatr|Dragon\n|move|p2a: Kilowattrel|Discharge|p1a: Feraligatr\n|-resisted|p1a: Feraligatr\n|-damage|p1a: Feraligatr|161/264\n|move|p1a: Feraligatr|Dragon Dance|p1a: Feraligatr\n|-boost|p1a: Feraligatr|atk|1\n|-boost|p1a: Feraligatr|spe|1\n|\n|-weather|Sandstorm|[upkeep]\n|-damage|p1a: Feraligatr|145/264|[from] Sandstorm\n|-damage|p2a: Kilowattrel|163/252|[from] Sandstorm\n|upkeep\n|turn|8\n|\n|t:|1771192902\n|switch|p2a: Iron Leaves|Iron Leaves, L80|275/275\n|move|p1a: Feraligatr|Liquidation|p2a: Iron Leaves\n|-resisted|p2a: Iron Leaves\n|-damage|p2a: Iron Leaves|139/275\n|\n|-weather|Sandstorm|[upkeep]\n|-damage|p1a: Feraligatr|129/264|[from] Sandstorm\n|-damage|p2a: Iron Leaves|122/275|[from] Sandstorm\n|upkeep\n|turn|9\n|\n|t:|1771192906\n|move|p1a: Feraligatr|Crunch|p2a: Iron Leaves\n|-supereffective|p2a: Iron Leaves\n|-damage|p2a: Iron Leaves|0 fnt\n|faint|p2a: Iron Leaves\n|-end|p2a: Iron Leaves|Quark Drive|[silent]\n|\n|-weather|Sandstorm|[upkeep]\n|-damage|p1a: Feraligatr|113/264|[from] Sandstorm\n|upkeep\n|\n|t:|1771192907\n|switch|p2a: Squawkabilly|Squawkabilly-Yellow, L89, M|255/291\n|turn|10\n|\n|t:|1771192915\n|switch|p2a: Gurdurr|Gurdurr, L85, M|283/283\n|move|p1a: Feraligatr|Liquidation|p2a: Gurdurr\n|-damage|p2a: Gurdurr|96/283\n|\n|-weather|none\n|upkeep\n|turn|11\n|\n|t:|1771192920\n|move|p2a: Gurdurr|Mach Punch|p1a: Feraligatr\n|-damage|p1a: Feraligatr|67/264\n|move|p1a: Feraligatr|Liquidation|p2a: Gurdurr\n|-damage|p2a: Gurdurr|0 fnt\n|faint|p2a: Gurdurr\n|\n|upkeep\n|\n|t:|1771192922\n|switch|p2a: Squawkabilly|Squawkabilly-Yellow, L89, M|255/291\n|turn|12\n|\n|t:|1771192927\n|move|p2a: Squawkabilly|Quick Attack|p1a: Feraligatr\n|-damage|p1a: Feraligatr|0 fnt\n|faint|p1a: Feraligatr\n|\n|upkeep\n|\n|t:|1771192936\n|switch|p1a: Crawdaunt|Crawdaunt, L84, M|243/243\n|turn|13\n|\n|t:|1771192944\n|move|p2a: Squawkabilly|Quick Attack|p1a: Crawdaunt\n|-damage|p1a: Crawdaunt|131/243\n|move|p1a: Crawdaunt|Knock Off|p2a: Squawkabilly\n|-damage|p2a: Squawkabilly|0 fnt\n|-enditem|p2a: Squawkabilly|Choice Band|[from] move: Knock Off|[of] p1a: Crawdaunt\n|faint|p2a: Squawkabilly\n|-damage|p1a: Crawdaunt|107/243|[from] item: Life Orb\n|\n|upkeep\n|\n|t:|1771192947\n|switch|p2a: Kilowattrel|Kilowattrel, L83, M|163/252\n|turn|14\n|\n|t:|1771192950\n|move|p2a: Kilowattrel|Discharge|p1a: Crawdaunt\n|-supereffective|p1a: Crawdaunt\n|-damage|p1a: Crawdaunt|0 fnt\n|faint|p1a: Crawdaunt\n|\n|upkeep\n|\n|t:|1771192951\n|switch|p1a: Reuniclus|Reuniclus, L88, F|337/337\n|turn|15\n|\n|t:|1771192962\n|move|p2a: Kilowattrel|Discharge|p1a: Reuniclus\n|-damage|p1a: Reuniclus|244/337\n|-status|p1a: Reuniclus|par\n|cant|p1a: Reuniclus|par\n|\n|upkeep\n|turn|16\n|\n|t:|1771192969\n|move|p2a: Kilowattrel|Hurricane|p1a: Reuniclus\n|-damage|p1a: Reuniclus|127/337 par\n|move|p1a: Reuniclus|Recover|p1a: Reuniclus\n|-heal|p1a: Reuniclus|296/337 par\n|\n|upkeep\n|turn|17\n|\n|t:|1771192974\n|move|p2a: Kilowattrel|Hurricane|p1a: Reuniclus\n|-damage|p1a: Reuniclus|166/337 par\n|move|p1a: Reuniclus|Psychic|p2a: Kilowattrel\n|-damage|p2a: Kilowattrel|0 fnt\n|faint|p2a: Kilowattrel\n|\n|upkeep\n|\n|t:|1771192976\n|switch|p2a: Toxtricity|Toxtricity, L82, M|257/257\n|turn|18\n|\n|t:|1771192981\n|move|p2a: Toxtricity|Gunk Shot|p1a: Reuniclus|[miss]\n|-miss|p2a: Toxtricity|p1a: Reuniclus\n|move|p1a: Reuniclus|Psychic|p2a: Toxtricity\n|-supereffective|p2a: Toxtricity\n|-damage|p2a: Toxtricity|0 fnt\n|faint|p2a: Toxtricity\n|\n|win|Glennzor\n|raw|Glennzor's rating: 2179 &rarr; <strong>2207</strong><br />(+28 for winning)\n|raw|F1ish's rating: 2336 &rarr; <strong>2308</strong><br />(-28 for losing)\n|j| MidnightBeasts\n", "inputlog": ">version 686819e5e19f8a7fd2345cfc5a08a5085efa2cc3\n>start {\"formatid\":\"gen9randombattle\",\"seed\":\"sodium,0edc1ea4d9a247727ca5a583138949c5\",\"rated\":\"Rated battle\"}\n>player p1 {\"name\":\"Glennzor\",\"avatar\":\"brycenman\",\"rating\":2179,\"seed\":\"sodium,65595917828eeedf7b8518799007056b\"}\n>player p2 {\"name\":\"F1ish\",\"avatar\":\"102\",\"rating\":2336,\"seed\":\"sodium,74a9528e7befba1c517a83a3537b1bb0\"}\n>p1 move bulletseed\n>p2 move knockoff\n>p1 switch 5\n>p1 move closecombat\n>p2 switch 2\n>p1 switch 3\n>p2 move uturn\n>p2 switch 4\n>p1 move suckerpunch\n>p2 move quickattack\n>p1 switch 2\n>p1 move dragondance\n>p2 switch 4\n>p1 move liquidation\n>p2 move uturn\n>p2 switch 2\n>p2 switch 2\n>p1 move dragondance terastallize\n>p2 move discharge\n>p1 move liquidation\n>p2 switch 3\n>p1 move crunch\n>p2 move leafblade\n>p2 switch 4\n>p1 move liquidation\n>p2 switch 6\n>p1 move liquidation\n>p2 move machpunch\n>p2 switch 6\n>p1 move liquidation\n>p2 move quickattack\n>p1 switch 4\n>p1 move knockoff\n>p2 move quickattack\n>p2 switch 3\n>p1 move crabhammer\n>p2 move discharge\n>p1 switch 6\n>p1 move psychic\n>p2 move discharge\n>p1 move recover\n>p2 move hurricane\n>p1 move psychic\n>p2 move hurricane\n>p2 switch 5\n>p1 move psychic\n>p2 move gunkshot", "uploadtime": 1771194020, "views": 14, "formatid": "gen9randombattle", "rating": 2207, "private": 0, "password": null}