{"id": "gen9randombattle-2540288743", "format": "[Gen 9] Random Battle", "players": ["bluetentacruel", "av10n"], "log": "|j|☆bluetentacruel\n|j|☆av10n\n|t:|1771184982\n|gametype|singles\n|player|p1|bluetentacruel|brycen|1561\n|player|p2|av10n|cynthia|1572\n|gen|9\n|tier|[Gen 9] Random Battle\n|rated|\n|rule|Species Clause: Limit one of each Pokémon\n|rule|HP Percentage Mod: HP is shown in percentages\n|rule|Sleep Clause Mod: Limit one foe put to sleep\n|rule|Illusion Level Mod: Illusion disguises the Pokémon's true level\n|\n|t:|1771184982\n|teamsize|p1|6\n|teamsize|p2|6\n|start\n|switch|p1a: Whimsicott|Whimsicott, L84, M|238/238\n|switch|p2a: Rampardos|Rampardos, L90, F|321/321\n|turn|1\n|inactive|Battle timer is ON: inactive players will automatically lose when time's up. (requested by av10n)\n|\n|t:|1771184991\n|move|p1a: Whimsicott|Leech Seed|p2a: Rampardos\n|-start|p2a: Rampardos|move: Leech Seed\n|move|p2a: Rampardos|Fire Punch|p1a: Whimsicott\n|-supereffective|p1a: Whimsicott\n|-damage|p1a: Whimsicott|0 fnt\n|faint|p1a: Whimsicott\n|\n|upkeep\n|\n|t:|1771185002\n|switch|p1a: Luvdisc|Luvdisc, F|247/247\n|turn|2\n|\n|t:|1771185009\n|switch|p2a: Luxray|Luxray, L88, M|283/283\n|move|p1a: Luvdisc|Substitute|p1a: Luvdisc\n|-start|p1a: Luvdisc|Substitute\n|-damage|p1a: Luvdisc|186/247\n|\n|-status|p2a: Luxray|brn|[from] item: Flame Orb\n|upkeep\n|turn|3\n|\n|t:|1771185021\n|move|p1a: Luvdisc|Whirlpool|p2a: Luxray|[miss]\n|-miss|p1a: Luvdisc|p2a: Luxray\n|move|p2a: Luxray|Trailblaze|p1a: Luvdisc\n|-supereffective|p1a: Luvdisc\n|-end|p1a: Luvdisc|Substitute\n|-boost|p2a: Luxray|spe|1\n|\n|-damage|p2a: Luxray|266/283 brn|[from] brn\n|upkeep\n|turn|4\n|\n|t:|1771185032\n|move|p2a: Luxray|Supercell Slam|p1a: Luvdisc\n|-supereffective|p1a: Luvdisc\n|-damage|p1a: Luvdisc|0 fnt\n|faint|p1a: Luvdisc\n|\n|-damage|p2a: Luxray|249/283 brn|[from] brn\n|upkeep\n|\n|t:|1771185038\n|switch|p1a: Sableye|Sableye, L88, F|231/231\n|turn|5\n|\n|t:|1771185051\n|move|p2a: Luxray|Play Rough|p1a: Sableye|[miss]\n|-miss|p2a: Luxray|p1a: Sableye\n|move|p1a: Sableye|Knock Off|p2a: Luxray\n|-damage|p2a: Luxray|158/283 brn\n|-enditem|p2a: Luxray|Flame Orb|[from] move: Knock Off|[of] p1a: Sableye\n|\n|-damage|p2a: Luxray|141/283 brn|[from] brn\n|upkeep\n|turn|6\n|\n|t:|1771185066\n|move|p2a: Luxray|Play Rough|p1a: Sableye\n|-supereffective|p1a: Sableye\n|-damage|p1a: Sableye|0 fnt\n|faint|p1a: Sableye\n|\n|-damage|p2a: Luxray|124/283 brn|[from] brn\n|upkeep\n|\n|t:|1771185072\n|switch|p1a: Raikou|Raikou, L81|278/278\n|-ability|p1a: Raikou|Pressure\n|turn|7\n|inactive|av10n has 120 seconds left.\n|\n|t:|1771185111\n|-terastallize|p2a: Luxray|Normal\n|move|p2a: Luxray|Facade|p1a: Raikou\n|-damage|p1a: Raikou|0 fnt\n|faint|p1a: Raikou\n|\n|-damage|p2a: Luxray|107/283 brn|[from] brn\n|upkeep\n|\n|t:|1771185121\n|switch|p1a: Lokix|Lokix, L82, F|251/251\n|turn|8\n|\n|t:|1771185135\n|switch|p2a: Annihilape|Annihilape, L76, M|292/292\n|move|p1a: Lokix|First Impression|p2a: Annihilape\n|-resisted|p2a: Annihilape\n|-damage|p2a: Annihilape|219/292\n|-damage|p1a: Lokix|226/251|[from] item: Life Orb\n|\n|upkeep\n|turn|9\n|\n|t:|1771185143\n|move|p1a: Lokix|Knock Off|p2a: Annihilape\n|-damage|p2a: Annihilape|77/292\n|-enditem|p2a: Annihilape|Chesto Berry|[from] move: Knock Off|[of] p1a: Lokix\n|-damage|p1a: Lokix|201/251|[from] item: Life Orb\n|move|p2a: Annihilape|Bulk Up|p2a: Annihilape\n|-boost|p2a: Annihilape|atk|1\n|-boost|p2a: Annihilape|def|1\n|\n|upkeep\n|turn|10\n|\n|t:|1771185151\n|move|p1a: Lokix|Knock Off|p2a: Annihilape\n|-damage|p2a: Annihilape|11/292\n|-damage|p1a: Lokix|176/251|[from] item: Life Orb\n|move|p2a: Annihilape|Drain Punch|p1a: Lokix\n|-damage|p1a: Lokix|47/251\n|-heal|p2a: Annihilape|76/292|[from] drain|[of] p1a: Lokix\n|\n|upkeep\n|turn|11\n|\n|t:|1771185160\n|move|p1a: Lokix|Sucker Punch|p2a: Annihilape\n|-damage|p2a: Annihilape|6/292\n|-damage|p1a: Lokix|22/251|[from] item: Life Orb\n|move|p2a: Annihilape|Drain Punch|p1a: Lokix\n|-damage|p1a: Lokix|0 fnt\n|-heal|p2a: Annihilape|17/292|[from] drain|[of] p1a: Lokix\n|faint|p1a: Lokix\n|\n|upkeep\n|\n|t:|1771185169\n|switch|p1a: Palkia|Palkia, L75|259/259\n|-ability|p1a: Palkia|Pressure\n|turn|12\n|\n|t:|1771185178\n|switch|p2a: Cetitan|Cetitan, L82, M|413/413\n|move|p1a: Palkia|Spacial Rend|p2a: Cetitan\n|-damage|p2a: Cetitan|134/413\n|\n|upkeep\n|turn|13\n|\n|t:|1771185183\n|move|p1a: Palkia|Spacial Rend|p2a: Cetitan\n|-damage|p2a: Cetitan|0 fnt\n|faint|p2a: Cetitan\n|\n|upkeep\n|\n|t:|1771185185\n|switch|p2a: Roaring Moon|Roaring Moon, L72|270/270\n|turn|14\n|\n|t:|1771185190\n|-terastallize|p1a: Palkia|Dragon\n|move|p2a: Roaring Moon|Outrage|p1a: Palkia\n|-supereffective|p1a: Palkia\n|-damage|p1a: Palkia|0 fnt\n|faint|p1a: Palkia\n|\n|win|av10n\n|raw|bluetentacruel's rating: 1561 &rarr; <strong>1542</strong><br />(-19 for losing)\n|raw|av10n's rating: 1572 &rarr; <strong>1591</strong><br />(+19 for winning)\n|c|☆av10n|gg\n|l|☆bluetentacruel\n|player|p1|\n", "inputlog": ">version 686819e5e19f8a7fd2345cfc5a08a5085efa2cc3\n>start {\"formatid\":\"gen9randombattle\",\"seed\":\"sodium,037892623b2aa00cefcfb6041c746c6e\",\"rated\":\"Rated battle\"}\n>player p1 {\"name\":\"bluetentacruel\",\"avatar\":\"brycen\",\"rating\":1561,\"seed\":\"sodium,9314e2e0ba60e3f9231b98ae68b582a9\"}\n>player p2 {\"name\":\"av10n\",\"avatar\":\"cynthia\",\"rating\":1572,\"seed\":\"sodium,83318ed48eb4105cf87ad8834d18238d\"}\n>p1 move leechseed\n>p2 move firepunch\n>p1 switch 5\n>p1 move substitute\n>p2 switch 5\n>p1 move whirlpool\n>p2 move trailblaze\n>p1 move surf\n>p2 move supercellslam\n>p1 switch 3\n>p1 move knockoff\n>p2 move playrough\n>p1 move knockoff\n>p2 move playrough\n>p1 switch 2\n>p1 move shadowball\n>p2 move facade terastallize\n>p1 switch 6\n>p1 move firstimpression\n>p2 switch 2\n>p1 move knockoff\n>p2 move bulkup\n>p1 move knockoff\n>p2 move drainpunch\n>p1 move suckerpunch\n>p2 move drainpunch\n>p1 switch 4\n>p1 move spacialrend\n>p2 switch 4\n>p1 move spacialrend\n>p2 move iciclecrash\n>p2 switch 3\n>p1 move spacialrend terastallize\n>p2 move outrage", "uploadtime": 1771185199, "views": 10, "formatid": "gen9randombattle", "rating": 1542, "private": 0, "password": null}