{"id": "gen9randombattle-2540748541", "format": "[Gen 9] Random Battle", "players": ["Last guy standing", "stunningspore"], "log": "|j|☆Last guy standing\n|j|☆stunningspore\n|t:|1771249371\n|gametype|singles\n|player|p1|Last guy standing|pokekid|2064\n|player|p2|stunningspore|veteran|2175\n|gen|9\n|tier|[Gen 9] Random Battle\n|rated|\n|rule|Species Clause: Limit one of each Pokémon\n|rule|HP Percentage Mod: HP is shown in percentages\n|rule|Sleep Clause Mod: Limit one foe put to sleep\n|rule|Illusion Level Mod: Illusion disguises the Pokémon's true level\n|\n|t:|1771249371\n|teamsize|p1|6\n|teamsize|p2|6\n|start\n|switch|p1a: Gogoat|Gogoat, L88, M|360/360\n|switch|p2a: Mismagius|Mismagius, L86, F|243/243\n|turn|1\n|\n|t:|1771249397\n|switch|p2a: Meowstic|Meowstic, L89, M|277/277\n|switch|p1a: Salazzle|Salazzle, L83, F|249/249\n|\n|upkeep\n|turn|2\n|\n|t:|1771249412\n|switch|p1a: Slowbro|Slowbro-Galar, L87, M|307/307\n|move|p2a: Meowstic|Psychic Noise|p1a: Slowbro\n|-damage|p1a: Slowbro|250/307\n|-start|p1a: Slowbro|move: Heal Block\n|\n|upkeep\n|turn|3\n|\n|t:|1771249418\n|move|p2a: Meowstic|Light Screen|p2a: Meowstic\n|-sidestart|p2: stunningspore|move: Light Screen\n|move|p1a: Slowbro|Shell Side Arm|p2a: Meowstic|[anim] Shell Side Arm Physical\n|-damage|p2a: Meowstic|163/277\n|-hint|Physical Shell Side Arm\n|-status|p2a: Meowstic|psn\n|\n|-damage|p2a: Meowstic|129/277 psn|[from] psn\n|-end|p1a: Slowbro|move: Heal Block\n|upkeep\n|turn|4\n|\n|t:|1771249451\n|move|p2a: Meowstic|Reflect|p2a: Meowstic\n|-sidestart|p2: stunningspore|Reflect\n|move|p1a: Slowbro|Shell Side Arm|p2a: Meowstic|[anim] Shell Side Arm Physical\n|-damage|p2a: Meowstic|77/277 psn\n|-hint|Physical Shell Side Arm\n|\n|-damage|p2a: Meowstic|43/277 psn|[from] psn\n|upkeep\n|turn|5\n|\n|t:|1771249460\n|move|p2a: Meowstic|Psychic Noise|p1a: Slowbro\n|-damage|p1a: Slowbro|192/307\n|-start|p1a: Slowbro|move: Heal Block\n|move|p1a: Slowbro|Shell Side Arm|p2a: Meowstic|[anim] Shell Side Arm Physical\n|-damage|p2a: Meowstic|0 fnt\n|-hint|Physical Shell Side Arm\n|faint|p2a: Meowstic\n|\n|upkeep\n|inactive|Battle timer is ON: inactive players will automatically lose when time's up. (requested by stunningspore)\n|\n|t:|1771249468\n|switch|p2a: Mismagius|Mismagius, L86, F|243/243\n|turn|6\n|\n|t:|1771249477\n|switch|p1a: Gumshoos|Gumshoos, L95, F|321/321\n|move|p2a: Mismagius|Substitute|p2a: Mismagius\n|-start|p2a: Mismagius|Substitute\n|-damage|p2a: Mismagius|183/243\n|\n|-heal|p2a: Mismagius|198/243|[from] item: Leftovers\n|upkeep\n|turn|7\n|\n|t:|1771249500\n|-terastallize|p2a: Mismagius|Fighting\n|move|p2a: Mismagius|Tera Blast|p1a: Gumshoos|[anim] Tera Blast Fighting\n|-supereffective|p1a: Gumshoos\n|-damage|p1a: Gumshoos|93/321\n|move|p1a: Gumshoos|Knock Off|p2a: Mismagius\n|-resisted|p2a: Mismagius\n|-activate|p2a: Mismagius|move: Substitute|[damage]\n|\n|-heal|p2a: Mismagius|213/243|[from] item: Leftovers\n|upkeep\n|turn|8\n|inactive|Last guy standing has 120 seconds left.\n|\n|t:|1771249532\n|switch|p1a: Slowbro|Slowbro-Galar, L87, M|294/307\n|move|p2a: Mismagius|Nasty Plot|p2a: Mismagius\n|-boost|p2a: Mismagius|spa|2\n|\n|-heal|p2a: Mismagius|228/243|[from] item: Leftovers\n|upkeep\n|turn|9\n|\n|t:|1771249539\n|move|p2a: Mismagius|Shadow Ball|p1a: Slowbro\n|-supereffective|p1a: Slowbro\n|-damage|p1a: Slowbro|0 fnt\n|faint|p1a: Slowbro\n|\n|-heal|p2a: Mismagius|243/243|[from] item: Leftovers\n|upkeep\n|inactive|Last guy standing has 120 seconds left.\n|\n|t:|1771249560\n|switch|p1a: Palkia|Palkia, L75|259/259\n|-ability|p1a: Palkia|Pressure\n|turn|10\n|\n|t:|1771249569\n|move|p2a: Mismagius|Nasty Plot|p2a: Mismagius\n|-boost|p2a: Mismagius|spa|2\n|move|p1a: Palkia|Spacial Rend|p2a: Mismagius\n|-end|p2a: Mismagius|Substitute\n|\n|-sideend|p2: stunningspore|move: Light Screen\n|upkeep\n|turn|11\n|\n|t:|1771249583\n|move|p2a: Mismagius|Shadow Ball|p1a: Palkia\n|-damage|p1a: Palkia|10/259\n|move|p1a: Palkia|Spacial Rend|p2a: Mismagius\n|-damage|p2a: Mismagius|111/243\n|\n|-heal|p2a: Mismagius|126/243|[from] item: Leftovers\n|-sideend|p2: stunningspore|Reflect\n|upkeep\n|turn|12\n|\n|t:|1771249588\n|move|p2a: Mismagius|Shadow Ball|p1a: Palkia\n|-damage|p1a: Palkia|0 fnt\n|faint|p1a: Palkia\n|\n|-heal|p2a: Mismagius|141/243|[from] item: Leftovers\n|upkeep\n|\n|t:|1771249601\n|switch|p1a: Arceus|Arceus-Grass, L73|296/296\n|turn|13\n|\n|t:|1771249606\n|move|p2a: Mismagius|Shadow Ball|p1a: Arceus\n|-damage|p1a: Arceus|62/296\n|move|p1a: Arceus|Judgment|p2a: Mismagius\n|-damage|p2a: Mismagius|50/243\n|\n|-heal|p2a: Mismagius|65/243|[from] item: Leftovers\n|upkeep\n|turn|14\n|\n|t:|1771249610\n|move|p2a: Mismagius|Shadow Ball|p1a: Arceus\n|-damage|p1a: Arceus|0 fnt\n|faint|p1a: Arceus\n|\n|-heal|p2a: Mismagius|80/243|[from] item: Leftovers\n|upkeep\n|\n|t:|1771249613\n|switch|p1a: Salazzle|Salazzle, L83, F|249/249\n|turn|15\n|\n|t:|1771249630\n|move|p1a: Salazzle|Fire Blast|p2a: Mismagius\n|-crit|p2a: Mismagius\n|-damage|p2a: Mismagius|0 fnt\n|faint|p2a: Mismagius\n|\n|upkeep\n|\n|t:|1771249637\n|switch|p2a: Sceptile|Sceptile, L87, M|264/264\n|turn|16\n|\n|t:|1771249645\n|switch|p1a: Gumshoos|Gumshoos, L95, F|93/321\n|move|p2a: Sceptile|Focus Blast|p1a: Gumshoos|[miss]\n|-miss|p2a: Sceptile|p1a: Gumshoos\n|\n|upkeep\n|turn|17\n|\n|t:|1771249651\n|switch|p1a: Gogoat|Gogoat, L88, M|360/360\n|move|p2a: Sceptile|Earthquake|p1a: Gogoat\n|-resisted|p1a: Gogoat\n|-damage|p1a: Gogoat|303/360\n|-damage|p2a: Sceptile|238/264|[from] item: Life Orb\n|\n|-heal|p1a: Gogoat|325/360|[from] item: Leftovers\n|upkeep\n|turn|18\n|\n|t:|1771249665\n|move|p2a: Sceptile|Focus Blast|p1a: Gogoat|[miss]\n|-miss|p2a: Sceptile|p1a: Gogoat\n|move|p1a: Gogoat|Bulk Up|p1a: Gogoat\n|-boost|p1a: Gogoat|atk|1\n|-boost|p1a: Gogoat|def|1\n|\n|-heal|p1a: Gogoat|347/360|[from] item: Leftovers\n|upkeep\n|turn|19\n|\n|t:|1771249668\n|switch|p2a: Sylveon|Sylveon, L85, F|300/300\n|move|p1a: Gogoat|Horn Leech|p2a: Sylveon\n|-damage|p2a: Sylveon|138/300\n|-heal|p1a: Gogoat|360/360|[from] drain|[of] p2a: Sylveon\n|\n|-heal|p2a: Sylveon|156/300|[from] item: Leftovers\n|upkeep\n|turn|20\n|\n|t:|1771249674\n|move|p2a: Sylveon|Protect|p2a: Sylveon\n|-singleturn|p2a: Sylveon|Protect\n|move|p1a: Gogoat|Bulk Up|p1a: Gogoat\n|-boost|p1a: Gogoat|atk|1\n|-boost|p1a: Gogoat|def|1\n|\n|-heal|p2a: Sylveon|174/300|[from] item: Leftovers\n|upkeep\n|turn|21\n|\n|t:|1771249676\n|move|p1a: Gogoat|Horn Leech|p2a: Sylveon\n|-damage|p2a: Sylveon|0 fnt\n|faint|p2a: Sylveon\n|\n|upkeep\n|\n|t:|1771249680\n|switch|p2a: Gyarados|Gyarados, L79, F|280/280\n|-ability|p2a: Gyarados|Intimidate|boost\n|-unboost|p1a: Gogoat|atk|1\n|turn|22\n|\n|t:|1771249685\n|move|p2a: Gyarados|Dragon Dance|p2a: Gyarados\n|-boost|p2a: Gyarados|atk|1\n|-boost|p2a: Gyarados|spe|1\n|move|p1a: Gogoat|Bulk Up|p1a: Gogoat\n|-boost|p1a: Gogoat|atk|1\n|-boost|p1a: Gogoat|def|1\n|\n|upkeep\n|turn|23\n|\n|t:|1771249688\n|move|p2a: Gyarados|Dragon Dance|p2a: Gyarados\n|-boost|p2a: Gyarados|atk|1\n|-boost|p2a: Gyarados|spe|1\n|move|p1a: Gogoat|Bulk Up|p1a: Gogoat\n|-boost|p1a: Gogoat|atk|1\n|-boost|p1a: Gogoat|def|1\n|\n|upkeep\n|turn|24\n|\n|t:|1771249691\n|move|p2a: Gyarados|Temper Flare|p1a: Gogoat\n|-supereffective|p1a: Gogoat\n|-damage|p1a: Gogoat|270/360\n|move|p1a: Gogoat|Bulk Up|p1a: Gogoat\n|-boost|p1a: Gogoat|atk|1\n|-boost|p1a: Gogoat|def|1\n|\n|-heal|p1a: Gogoat|292/360|[from] item: Leftovers\n|upkeep\n|turn|25\n|\n|t:|1771249696\n|move|p2a: Gyarados|Temper Flare|p1a: Gogoat\n|-supereffective|p1a: Gogoat\n|-damage|p1a: Gogoat|210/360\n|move|p1a: Gogoat|Horn Leech|p2a: Gyarados\n|-damage|p2a: Gyarados|0 fnt\n|-heal|p1a: Gogoat|350/360|[from] drain|[of] p2a: Gyarados\n|faint|p2a: Gyarados\n|\n|-heal|p1a: Gogoat|360/360|[from] item: Leftovers\n|upkeep\n|\n|t:|1771249699\n|switch|p2a: Sceptile|Sceptile, L87, M|238/264\n|turn|26\n|\n|t:|1771249703\n|move|p2a: Sceptile|Focus Blast|p1a: Gogoat\n|-damage|p1a: Gogoat|244/360\n|-damage|p2a: Sceptile|212/264|[from] item: Life Orb\n|move|p1a: Gogoat|Horn Leech|p2a: Sceptile\n|-resisted|p2a: Sceptile\n|-damage|p2a: Sceptile|41/264\n|-heal|p1a: Gogoat|330/360|[from] drain|[of] p2a: Sceptile\n|\n|-heal|p1a: Gogoat|352/360|[from] item: Leftovers\n|upkeep\n|turn|27\n|c|☆Last guy standing|lol\n|c|☆Last guy standing|gogoat sweep\n|c|☆Last guy standing|comeback\n|\n|t:|1771249715\n|switch|p2a: Armarouge|Armarouge, L80, F|267/267\n|move|p1a: Gogoat|Horn Leech|p2a: Armarouge\n|-resisted|p2a: Armarouge\n|-damage|p2a: Armarouge|144/267\n|-heal|p1a: Gogoat|360/360|[from] drain|[of] p2a: Armarouge\n|-ability|p2a: Armarouge|Weak Armor|boost\n|-unboost|p2a: Armarouge|def|1\n|-boost|p2a: Armarouge|spe|2\n|\n|upkeep\n|turn|28\n|c|☆stunningspore|gogoat is good\n|c|☆Last guy standing|it is\n|\n|t:|1771249738\n|-terastallize|p1a: Gogoat|Ground\n|move|p2a: Armarouge|Armor Cannon|p1a: Gogoat\n|-damage|p1a: Gogoat|126/360\n|-unboost|p2a: Armarouge|def|1\n|-unboost|p2a: Armarouge|spd|1\n|move|p1a: Gogoat|Horn Leech|p2a: Armarouge\n|-resisted|p2a: Armarouge\n|-damage|p2a: Armarouge|0 fnt\n|-heal|p1a: Gogoat|198/360|[from] drain|[of] p2a: Armarouge\n|faint|p2a: Armarouge\n|\n|-heal|p1a: Gogoat|220/360|[from] item: Leftovers\n|upkeep\n|c|☆Last guy standing|the goat\n|\n|t:|1771249740\n|switch|p2a: Sceptile|Sceptile, L87, M|41/264\n|turn|29\n|\n|t:|1771249745\n|move|p2a: Sceptile|Focus Blast|p1a: Gogoat|[miss]\n|-miss|p2a: Sceptile|p1a: Gogoat\n|move|p1a: Gogoat|Horn Leech|p2a: Sceptile\n|-resisted|p2a: Sceptile\n|-damage|p2a: Sceptile|0 fnt\n|-heal|p1a: Gogoat|241/360|[from] drain|[of] p2a: Sceptile\n|faint|p2a: Sceptile\n|\n|win|Last guy standing\n|raw|Last guy standing's rating: 2064 &rarr; <strong>2090</strong><br />(+26 for winning)\n|raw|stunningspore's rating: 2175 &rarr; <strong>2149</strong><br />(-26 for losing)\n|c|☆stunningspore|also focus blast misses\n|c|☆stunningspore|gg\n|c|☆Last guy standing|meh\n|c|☆Last guy standing|milk drink\n|c|☆Last guy standing|gg\n", "inputlog": ">version 686819e5e19f8a7fd2345cfc5a08a5085efa2cc3\n>start {\"formatid\":\"gen9randombattle\",\"seed\":\"sodium,31032c8211cea60eee8df9fd7c6871cf\",\"rated\":\"Rated battle\"}\n>player p1 {\"name\":\"Last guy standing\",\"avatar\":\"pokekid\",\"rating\":2064,\"seed\":\"sodium,52cada6a3067e7d685b02831a0baf3a7\"}\n>player p2 {\"name\":\"stunningspore\",\"avatar\":\"veteran\",\"rating\":2175,\"seed\":\"sodium,35819100bb730531e1bb978ecb4b257b\"}\n>p1 switch 2\n>p2 switch 5\n>p1 switch 5\n>p2 move psychicnoise\n>p1 move shellsidearm\n>p2 move lightscreen\n>p1 move shellsidearm\n>p2 move reflect\n>p1 move shellsidearm\n>p2 move psychicnoise\n>p2 switch 5\n>p1 switch 3\n>p2 move substitute\n>p1 move knockoff\n>p2 move terablast terastallize\n>p1 switch 3\n>p2 move nastyplot\n>p1 move psychic\n>p2 move shadowball\n>p1 switch 4\n>p1 move spacialrend\n>p2 move nastyplot\n>p1 move spacialrend\n>p2 move shadowball\n>p1 move spacialrend\n>p2 move shadowball\n>p1 switch 6\n>p1 move judgment\n>p2 move shadowball\n>p1 move judgment\n>p2 move shadowball\n>p1 switch 5\n>p1 move fireblast\n>p2 move shadowball\n>p2 switch 2\n>p1 switch 3\n>p2 move focusblast\n>p1 switch 2\n>p2 move earthquake\n>p1 move bulkup\n>p2 move focusblast\n>p1 move hornleech\n>p2 switch 6\n>p1 move bulkup\n>p2 move protect\n>p1 move hornleech\n>p2 move hypervoice\n>p2 switch 3\n>p1 move bulkup\n>p2 move dragondance\n>p1 move bulkup\n>p2 move dragondance\n>p1 move bulkup\n>p2 move temperflare\n>p1 move hornleech\n>p2 move temperflare\n>p2 switch 6\n>p1 move hornleech\n>p2 move focusblast\n>chat ☆Last guy standing|lol\n>chat ☆Last guy standing|gogoat sweep\n>chat ☆Last guy standing|comeback\n>p1 move hornleech\n>p2 switch 4\n>chat ☆stunningspore|gogoat is good\n>chat ☆Last guy standing|it is\n>p1 move hornleech terastallize\n>p2 move armorcannon\n>chat ☆Last guy standing|the goat\n>p2 switch 4\n>p1 move hornleech\n>p2 move focusblast", "uploadtime": 1771249748, "views": 6, "formatid": "gen9randombattle", "rating": 2090, "private": 0, "password": null}