{"id": "gen9randombattle-2540045347", "format": "[Gen 9] Random Battle", "players": ["Arxz", "Marrickchill"], "log": "|j|☆Arxz\n|j|☆Marrickchill\n|t:|1771151542\n|gametype|singles\n|player|p1|Arxz|hoopster|2159\n|player|p2|Marrickchill|266|2333\n|gen|9\n|tier|[Gen 9] Random Battle\n|rated|\n|rule|Species Clause: Limit one of each Pokémon\n|rule|HP Percentage Mod: HP is shown in percentages\n|rule|Sleep Clause Mod: Limit one foe put to sleep\n|rule|Illusion Level Mod: Illusion disguises the Pokémon's true level\n|\n|t:|1771151542\n|teamsize|p1|6\n|teamsize|p2|6\n|start\n|switch|p1a: Dipplin|Dipplin, L88, F|284/284\n|switch|p2a: Chien-Pao|Chien-Pao, L72|234/234\n|-ability|p2a: Chien-Pao|Sword of Ruin\n|turn|1\n|inactive|Battle timer is ON: inactive players will automatically lose when time's up. (requested by Arxz)\n|\n|t:|1771151556\n|move|p2a: Chien-Pao|Swords Dance|p2a: Chien-Pao\n|-boost|p2a: Chien-Pao|atk|2\n|move|p1a: Dipplin|Dragon Pulse|p2a: Chien-Pao\n|-damage|p2a: Chien-Pao|81/234\n|\n|upkeep\n|turn|2\n|\n|t:|1771151564\n|switch|p1a: Snorlax|Snorlax, L82, M|397/397\n|move|p2a: Chien-Pao|Icicle Crash|p1a: Snorlax\n|-damage|p1a: Snorlax|268/397\n|\n|-heal|p1a: Snorlax|292/397|[from] item: Leftovers\n|upkeep\n|turn|3\n|\n|t:|1771151582\n|move|p2a: Chien-Pao|Sacred Sword|p1a: Snorlax\n|-supereffective|p1a: Snorlax\n|-damage|p1a: Snorlax|0 fnt\n|faint|p1a: Snorlax\n|\n|upkeep\n|\n|t:|1771151589\n|switch|p1a: Ariados|Ariados, L95, F|287/287\n|turn|4\n|\n|t:|1771151592\n|move|p2a: Chien-Pao|Icicle Crash|p1a: Ariados\n|-damage|p1a: Ariados|82/287\n|move|p1a: Ariados|Poison Jab|p2a: Chien-Pao\n|-damage|p2a: Chien-Pao|0 fnt\n|faint|p2a: Chien-Pao\n|\n|upkeep\n|\n|t:|1771151599\n|switch|p2a: Sceptile|Sceptile, L87, F|264/264\n|turn|5\n|\n|t:|1771151603\n|move|p2a: Sceptile|Rock Slide|p1a: Ariados\n|-supereffective|p1a: Ariados\n|-damage|p1a: Ariados|0 fnt\n|faint|p1a: Ariados\n|-damage|p2a: Sceptile|238/264|[from] item: Life Orb\n|\n|upkeep\n|\n|t:|1771151608\n|switch|p1a: Dipplin|Dipplin, L88, F|284/284\n|turn|6\n|\n|t:|1771151613\n|move|p2a: Sceptile|Shed Tail|p2a: Sceptile\n|-start|p2a: Sceptile|Substitute|[from] move: Shed Tail\n|-damage|p2a: Sceptile|106/264\n|\n|t:|1771151615\n|switch|p2a: Tentacruel|Tentacruel, L84, F|272/272|[from] Shed Tail\n|move|p1a: Dipplin|Dragon Pulse|p2a: Tentacruel\n|-activate|p2a: Tentacruel|move: Substitute|[damage]\n|\n|upkeep\n|turn|7\n|\n|t:|1771151624\n|move|p2a: Tentacruel|Sludge Bomb|p1a: Dipplin\n|-supereffective|p1a: Dipplin\n|-damage|p1a: Dipplin|162/284\n|move|p1a: Dipplin|Dragon Pulse|p2a: Tentacruel\n|-end|p2a: Tentacruel|Substitute\n|\n|upkeep\n|turn|8\n|\n|t:|1771151626\n|switch|p1a: Houndstone|Houndstone, L86, M|264/264\n|move|p2a: Tentacruel|Sludge Bomb|p1a: Houndstone\n|-resisted|p1a: Houndstone\n|-damage|p1a: Houndstone|228/264\n|\n|upkeep\n|turn|9\n|\n|t:|1771151633\n|move|p2a: Tentacruel|Flip Turn|p1a: Houndstone\n|-damage|p1a: Houndstone|204/264\n|\n|t:|1771151636\n|switch|p2a: Kilowattrel|Kilowattrel, L83, F|235/235|[from] Flip Turn\n|move|p1a: Houndstone|Poltergeist|p2a: Kilowattrel|[miss]\n|-miss|p1a: Houndstone|p2a: Kilowattrel\n|\n|upkeep\n|turn|10\n|\n|t:|1771151640\n|move|p2a: Kilowattrel|Nasty Plot|p2a: Kilowattrel\n|-boost|p2a: Kilowattrel|spa|2\n|move|p1a: Houndstone|Poltergeist|p2a: Kilowattrel\n|-activate|p2a: Kilowattrel|move: Poltergeist|Life Orb\n|-resisted|p2a: Kilowattrel\n|-crit|p2a: Kilowattrel\n|-damage|p2a: Kilowattrel|34/235\n|replace|p2a: Zoroark|Zoroark, L83, F\n|-end|p2a: Zoroark|Illusion\n|-hint|Illusion Level Mod is active, so this Pokémon's true level was hidden.\n|\n|upkeep\n|turn|11\n|\n|t:|1771151649\n|move|p2a: Zoroark|Dark Pulse|p1a: Houndstone\n|-supereffective|p1a: Houndstone\n|-damage|p1a: Houndstone|0 fnt\n|faint|p1a: Houndstone\n|-damage|p2a: Zoroark|11/235|[from] item: Life Orb\n|\n|upkeep\n|\n|t:|1771151653\n|switch|p1a: Dipplin|Dipplin, L88, F|162/284\n|turn|12\n|\n|t:|1771151656\n|move|p1a: Dipplin|Sucker Punch|p2a: Zoroark\n|-resisted|p2a: Zoroark\n|-damage|p2a: Zoroark|0 fnt\n|faint|p2a: Zoroark\n|\n|upkeep\n|\n|t:|1771151659\n|switch|p2a: Tentacruel|Tentacruel, L84, F|272/272\n|turn|13\n|\n|t:|1771151667\n|switch|p1a: Palossand|Palossand, L89, M|296/296\n|move|p2a: Tentacruel|Sludge Bomb|p1a: Palossand\n|-resisted|p1a: Palossand\n|-crit|p1a: Palossand\n|-damage|p1a: Palossand|262/296\n|\n|-heal|p1a: Palossand|280/296|[from] item: Leftovers\n|upkeep\n|turn|14\n|\n|t:|1771151673\n|switch|p2a: Sceptile|Sceptile, L87, F|106/264\n|move|p1a: Palossand|Earth Power|p2a: Sceptile\n|-resisted|p2a: Sceptile\n|-damage|p2a: Sceptile|52/264\n|\n|-heal|p1a: Palossand|296/296|[from] item: Leftovers\n|upkeep\n|turn|15\n|\n|t:|1771151678\n|switch|p2a: Medicham|Medicham, L86, F|243/243\n|move|p1a: Palossand|Earth Power|p2a: Medicham\n|-damage|p2a: Medicham|131/243\n|-unboost|p2a: Medicham|spd|1\n|\n|upkeep\n|turn|16\n|\n|t:|1771151683\n|switch|p2a: Kilowattrel|Kilowattrel, L83, F|252/252\n|move|p1a: Palossand|Shadow Ball|p2a: Kilowattrel\n|-damage|p2a: Kilowattrel|116/252\n|\n|upkeep\n|turn|17\n|\n|t:|1771151687\n|move|p2a: Kilowattrel|Hurricane|p1a: Palossand|[miss]\n|-miss|p2a: Kilowattrel|p1a: Palossand\n|move|p1a: Palossand|Shadow Ball|p2a: Kilowattrel\n|-damage|p2a: Kilowattrel|0 fnt\n|faint|p2a: Kilowattrel\n|\n|upkeep\n|\n|t:|1771151689\n|switch|p2a: Sceptile|Sceptile, L87, F|52/264\n|turn|18\n|\n|t:|1771151692\n|switch|p1a: Dipplin|Dipplin, L88, F|162/284\n|move|p2a: Sceptile|Giga Drain|p1a: Dipplin\n|-resisted|p1a: Dipplin\n|-damage|p1a: Dipplin|131/284\n|-heal|p2a: Sceptile|68/264|[from] drain|[of] p1a: Dipplin\n|-damage|p2a: Sceptile|42/264|[from] item: Life Orb\n|\n|upkeep\n|turn|19\n|\n|t:|1771151698\n|switch|p2a: Medicham|Medicham, L86, F|131/243\n|switch|p1a: Palossand|Palossand, L89, M|296/296\n|\n|upkeep\n|turn|20\n|\n|t:|1771151701\n|move|p2a: Medicham|Zen Headbutt|p1a: Palossand\n|-damage|p1a: Palossand|148/296\n|move|p1a: Palossand|Shadow Ball|p2a: Medicham\n|-supereffective|p2a: Medicham\n|-damage|p2a: Medicham|0 fnt\n|faint|p2a: Medicham\n|\n|-heal|p1a: Palossand|166/296|[from] item: Leftovers\n|upkeep\n|\n|t:|1771151704\n|switch|p2a: Sceptile|Sceptile, L87, F|42/264\n|turn|21\n|-message|Marrickchill forfeited.\n|\n|win|Arxz\n|raw|Arxz's rating: 2159 &rarr; <strong>2188</strong><br />(+29 for winning)\n|raw|Marrickchill's rating: 2333 &rarr; <strong>2304</strong><br />(-29 for losing)\n|l|☆Marrickchill\n|player|p2|\n", "inputlog": ">version 686819e5e19f8a7fd2345cfc5a08a5085efa2cc3\n>start {\"formatid\":\"gen9randombattle\",\"seed\":\"sodium,f26bb32c66de3a18885050809d031e34\",\"rated\":\"Rated battle\"}\n>player p1 {\"name\":\"Arxz\",\"avatar\":\"hoopster\",\"rating\":2159,\"seed\":\"sodium,ab149123166e82d47f9cd19450ed88c0\"}\n>player p2 {\"name\":\"Marrickchill\",\"avatar\":\"266\",\"rating\":2333,\"seed\":\"sodium,6d137365d219157984a7e043dc87e88c\"}\n>p1 move dragonpulse\n>p2 move swordsdance\n>p1 switch 6\n>p2 move iciclecrash\n>p1 move bodyslam\n>p2 move sacredsword\n>p1 switch 3\n>p1 move poisonjab\n>p2 move iciclecrash\n>p2 switch 6\n>p1 move poisonjab\n>p2 move rockslide\n>p1 switch 6\n>p1 move dragonpulse\n>p2 move shedtail\n>p2 switch 2\n>p1 move dragonpulse\n>p2 move sludgebomb\n>p1 switch 4\n>p2 move sludgebomb\n>p1 move poltergeist\n>p2 move flipturn\n>p2 switch 4\n>p1 move poltergeist\n>p2 move nastyplot\n>p1 move poltergeist\n>p2 move darkpulse\n>p1 switch 4\n>p1 move suckerpunch\n>p2 move sludgebomb\n>p2 switch 4\n>p1 switch 2\n>p2 move sludgebomb\n>p1 move earthpower\n>p2 switch 2\n>p1 move earthpower\n>p2 switch 3\n>p1 move shadowball\n>p2 switch 5\n>p1 move shadowball\n>p2 move hurricane\n>p2 switch 3\n>p1 switch 2\n>p2 move gigadrain\n>p1 switch 2\n>p2 switch 5\n>p1 move shadowball\n>p2 move zenheadbutt\n>p2 switch 5\n>forcelose p2", "uploadtime": 1771151710, "views": 16, "formatid": "gen9randombattle", "rating": 2188, "private": 0, "password": null}