{"id": "gen9randombattle-2540266800", "format": "[Gen 9] Random Battle", "players": ["escpd", "SourceDrop"], "log": "|j|☆escpd\n|j|☆SourceDrop\n|t:|1771182575\n|gametype|singles\n|player|p1|escpd|265|1663\n|player|p2|SourceDrop|170|1681\n|gen|9\n|tier|[Gen 9] Random Battle\n|rated|\n|rule|Species Clause: Limit one of each Pokémon\n|rule|HP Percentage Mod: HP is shown in percentages\n|rule|Sleep Clause Mod: Limit one foe put to sleep\n|rule|Illusion Level Mod: Illusion disguises the Pokémon's true level\n|\n|t:|1771182575\n|teamsize|p1|6\n|teamsize|p2|6\n|start\n|switch|p1a: Tinkaton|Tinkaton, L82, F|274/274\n|switch|p2a: Dedenne|Dedenne, L88, F|261/261\n|-ability|p1a: Tinkaton|Mold Breaker\n|turn|1\n|inactive|Battle timer is ON: inactive players will automatically lose when time's up. (requested by SourceDrop)\n|\n|t:|1771182582\n|move|p2a: Dedenne|Nuzzle|p1a: Tinkaton\n|-damage|p1a: Tinkaton|253/274\n|-status|p1a: Tinkaton|par\n|move|p1a: Tinkaton|Knock Off|p2a: Dedenne\n|-resisted|p2a: Dedenne\n|-damage|p2a: Dedenne|225/261\n|-enditem|p2a: Dedenne|Sitrus Berry|[from] move: Knock Off|[of] p1a: Tinkaton\n|\n|-heal|p1a: Tinkaton|270/274 par|[from] item: Leftovers\n|upkeep\n|turn|2\n|\n|t:|1771182589\n|move|p2a: Dedenne|Thunderbolt|p1a: Tinkaton\n|-damage|p1a: Tinkaton|186/274 par\n|move|p1a: Tinkaton|Gigaton Hammer|p2a: Dedenne\n|-damage|p2a: Dedenne|54/261\n|\n|-heal|p1a: Tinkaton|203/274 par|[from] item: Leftovers\n|upkeep\n|turn|3\n|\n|t:|1771182597\n|move|p2a: Dedenne|U-turn|p1a: Tinkaton\n|-resisted|p1a: Tinkaton\n|-damage|p1a: Tinkaton|193/274 par\n|\n|t:|1771182604\n|switch|p2a: Orthworm|Orthworm, L88, M|266/266|[from] U-turn\n|move|p1a: Tinkaton|Play Rough|p2a: Orthworm\n|-resisted|p2a: Orthworm\n|-damage|p2a: Orthworm|241/266\n|\n|-heal|p2a: Orthworm|257/266|[from] item: Leftovers\n|-heal|p1a: Tinkaton|210/274 par|[from] item: Leftovers\n|upkeep\n|turn|4\n|\n|t:|1771182617\n|switch|p1a: Chi-Yu|Chi-Yu, L77|211/211\n|-ability|p1a: Chi-Yu|Beads of Ruin\n|move|p2a: Orthworm|Body Press|p1a: Chi-Yu\n|-supereffective|p1a: Chi-Yu\n|-damage|p1a: Chi-Yu|7/211\n|\n|-heal|p2a: Orthworm|266/266|[from] item: Leftovers\n|upkeep\n|turn|5\n|\n|t:|1771182626\n|switch|p2a: Latias|Latias, L79, F|256/256\n|move|p1a: Chi-Yu|Fire Blast|p2a: Latias\n|-resisted|p2a: Latias\n|-damage|p2a: Latias|188/256\n|\n|upkeep\n|turn|6\n|\n|t:|1771182631\n|switch|p1a: Tinkaton|Tinkaton, L82, F|210/274 par\n|-ability|p1a: Tinkaton|Mold Breaker\n|move|p2a: Latias|Calm Mind|p2a: Latias\n|-boost|p2a: Latias|spa|1\n|-boost|p2a: Latias|spd|1\n|\n|-heal|p1a: Tinkaton|227/274 par|[from] item: Leftovers\n|upkeep\n|turn|7\n|\n|t:|1771182647\n|switch|p2a: Dedenne|Dedenne, L88, F|54/261\n|move|p1a: Tinkaton|Knock Off|p2a: Dedenne\n|-resisted|p2a: Dedenne\n|-damage|p2a: Dedenne|31/261\n|\n|-heal|p1a: Tinkaton|244/274 par|[from] item: Leftovers\n|upkeep\n|turn|8\n|\n|t:|1771182654\n|move|p2a: Dedenne|U-turn|p1a: Tinkaton\n|-resisted|p1a: Tinkaton\n|-crit|p1a: Tinkaton\n|-damage|p1a: Tinkaton|228/274 par\n|\n|t:|1771182657\n|switch|p2a: Orthworm|Orthworm, L88, M|266/266|[from] U-turn\n|move|p1a: Tinkaton|Play Rough|p2a: Orthworm\n|-resisted|p2a: Orthworm\n|-damage|p2a: Orthworm|241/266\n|\n|-heal|p2a: Orthworm|257/266|[from] item: Leftovers\n|-heal|p1a: Tinkaton|245/274 par|[from] item: Leftovers\n|upkeep\n|turn|9\n|\n|t:|1771182663\n|switch|p1a: Tornadus|Tornadus, L82, M|263/263\n|move|p2a: Orthworm|Body Press|p1a: Tornadus\n|-resisted|p1a: Tornadus\n|-damage|p1a: Tornadus|212/263\n|\n|-heal|p2a: Orthworm|266/266|[from] item: Leftovers\n|upkeep\n|turn|10\n|\n|t:|1771182677\n|switch|p2a: Dedenne|Dedenne, L88, F|31/261\n|move|p1a: Tornadus|Heat Wave|p2a: Dedenne|[miss]\n|-miss|p1a: Tornadus|p2a: Dedenne\n|\n|upkeep\n|turn|11\n|\n|t:|1771182685\n|move|p1a: Tornadus|Heat Wave|p2a: Dedenne|[miss]\n|-miss|p1a: Tornadus|p2a: Dedenne\n|move|p2a: Dedenne|Nuzzle|p1a: Tornadus\n|-supereffective|p1a: Tornadus\n|-damage|p1a: Tornadus|170/263\n|-status|p1a: Tornadus|par\n|\n|upkeep\n|turn|12\n|c|☆escpd|bro\n|\n|t:|1771182694\n|move|p2a: Dedenne|Thunderbolt|p1a: Tornadus\n|-supereffective|p1a: Tornadus\n|-damage|p1a: Tornadus|0 fnt\n|faint|p1a: Tornadus\n|\n|upkeep\n|c|☆escpd|thats absurd\n|\n|t:|1771182704\n|switch|p1a: Azumarill|Azumarill, L82, M|298/298\n|turn|13\n|\n|t:|1771182707\n|move|p1a: Azumarill|Aqua Jet|p2a: Dedenne\n|-damage|p2a: Dedenne|0 fnt\n|faint|p2a: Dedenne\n|\n|upkeep\n|\n|t:|1771182716\n|switch|p2a: Eelektross|Eelektross, L87, M|290/290\n|turn|14\n|\n|t:|1771182720\n|switch|p1a: Chi-Yu|Chi-Yu, L77|7/211\n|-ability|p1a: Chi-Yu|Beads of Ruin\n|move|p2a: Eelektross|Coil|p2a: Eelektross\n|-boost|p2a: Eelektross|atk|1\n|-boost|p2a: Eelektross|def|1\n|-boost|p2a: Eelektross|accuracy|1\n|\n|upkeep\n|turn|15\n|\n|t:|1771182725\n|move|p1a: Chi-Yu|Fire Blast|p2a: Eelektross|[miss]\n|-miss|p1a: Chi-Yu|p2a: Eelektross\n|move|p2a: Eelektross|Drain Punch|p1a: Chi-Yu\n|-supereffective|p1a: Chi-Yu\n|-damage|p1a: Chi-Yu|0 fnt\n|faint|p1a: Chi-Yu\n|\n|upkeep\n|c|☆escpd|DUDE\n|\n|t:|1771182736\n|switch|p1a: Tinkaton|Tinkaton, L82, F|245/274 par\n|-ability|p1a: Tinkaton|Mold Breaker\n|turn|16\n|c|☆SourceDrop|Yep sorry\n|\n|t:|1771182751\n|move|p2a: Eelektross|Fire Punch|p1a: Tinkaton\n|-supereffective|p1a: Tinkaton\n|-damage|p1a: Tinkaton|11/274 par\n|cant|p1a: Tinkaton|par\n|\n|-heal|p1a: Tinkaton|28/274 par|[from] item: Leftovers\n|upkeep\n|turn|17\n|c|☆escpd|....\n|c|☆SourceDrop|Ha\n|\n|t:|1771182759\n|move|p2a: Eelektross|Fire Punch|p1a: Tinkaton\n|-supereffective|p1a: Tinkaton\n|-damage|p1a: Tinkaton|0 fnt\n|faint|p1a: Tinkaton\n|\n|upkeep\n|\n|t:|1771182766\n|switch|p1a: Deoxys|Deoxys-Defense, L84|221/221\n|-ability|p1a: Deoxys|Pressure\n|turn|18\n|\n|t:|1771182773\n|move|p1a: Deoxys|Cosmic Power|p1a: Deoxys\n|-boost|p1a: Deoxys|def|1\n|-boost|p1a: Deoxys|spd|1\n|move|p2a: Eelektross|Supercell Slam|p1a: Deoxys\n|-damage|p1a: Deoxys|136/221\n|\n|-heal|p1a: Deoxys|149/221|[from] item: Leftovers\n|upkeep\n|turn|19\n|\n|t:|1771182785\n|switch|p2a: Zangoose|Zangoose, L85, F|263/263\n|move|p1a: Deoxys|Cosmic Power|p1a: Deoxys\n|-boost|p1a: Deoxys|def|1\n|-boost|p1a: Deoxys|spd|1\n|\n|-heal|p1a: Deoxys|162/221|[from] item: Leftovers\n|-status|p2a: Zangoose|tox|[from] item: Toxic Orb\n|upkeep\n|turn|20\n|\n|t:|1771182796\n|-terastallize|p1a: Deoxys|Steel\n|move|p2a: Zangoose|Swords Dance|p2a: Zangoose\n|-boost|p2a: Zangoose|atk|2\n|move|p1a: Deoxys|Cosmic Power|p1a: Deoxys\n|-boost|p1a: Deoxys|def|1\n|-boost|p1a: Deoxys|spd|1\n|\n|-heal|p1a: Deoxys|175/221|[from] item: Leftovers\n|-damage|p2a: Zangoose|247/263 tox|[from] psn\n|upkeep\n|turn|21\n|\n|t:|1771182800\n|move|p2a: Zangoose|Knock Off|p1a: Deoxys\n|-damage|p1a: Deoxys|117/221\n|-enditem|p1a: Deoxys|Leftovers|[from] move: Knock Off|[of] p2a: Zangoose\n|move|p1a: Deoxys|Stored Power|p2a: Zangoose\n|-damage|p2a: Zangoose|100/263 tox\n|\n|-damage|p2a: Zangoose|68/263 tox|[from] psn\n|upkeep\n|turn|22\n|\n|t:|1771182806\n|move|p2a: Zangoose|Facade|p1a: Deoxys\n|-resisted|p1a: Deoxys\n|-damage|p1a: Deoxys|51/221\n|move|p1a: Deoxys|Recover|p1a: Deoxys\n|-heal|p1a: Deoxys|162/221\n|\n|-damage|p2a: Zangoose|20/263 tox|[from] psn\n|upkeep\n|turn|23\n|\n|t:|1771182809\n|move|p2a: Zangoose|Facade|p1a: Deoxys\n|-resisted|p1a: Deoxys\n|-damage|p1a: Deoxys|102/221\n|move|p1a: Deoxys|Recover|p1a: Deoxys\n|-heal|p1a: Deoxys|213/221\n|\n|-damage|p2a: Zangoose|0 fnt|[from] psn\n|faint|p2a: Zangoose\n|upkeep\n|\n|t:|1771182819\n|switch|p2a: Great Tusk|Great Tusk, L77|304/304\n|-enditem|p2a: Great Tusk|Booster Energy\n|-activate|p2a: Great Tusk|ability: Protosynthesis|[fromitem]\n|-start|p2a: Great Tusk|protosynthesisatk\n|turn|24\n|\n|t:|1771182829\n|move|p1a: Deoxys|Stored Power|p2a: Great Tusk\n|-supereffective|p2a: Great Tusk\n|-damage|p2a: Great Tusk|0 fnt\n|faint|p2a: Great Tusk\n|-end|p2a: Great Tusk|Protosynthesis|[silent]\n|\n|upkeep\n|\n|t:|1771182836\n|switch|p2a: Latias|Latias, L79, F|188/256\n|turn|25\n|\n|t:|1771182841\n|move|p2a: Latias|Calm Mind|p2a: Latias\n|-boost|p2a: Latias|spa|1\n|-boost|p2a: Latias|spd|1\n|move|p1a: Deoxys|Cosmic Power|p1a: Deoxys\n|-boost|p1a: Deoxys|def|1\n|-boost|p1a: Deoxys|spd|1\n|\n|upkeep\n|turn|26\n|\n|t:|1771182844\n|move|p2a: Latias|Calm Mind|p2a: Latias\n|-boost|p2a: Latias|spa|1\n|-boost|p2a: Latias|spd|1\n|move|p1a: Deoxys|Cosmic Power|p1a: Deoxys\n|-boost|p1a: Deoxys|def|1\n|-boost|p1a: Deoxys|spd|1\n|\n|upkeep\n|turn|27\n|\n|t:|1771182846\n|move|p2a: Latias|Calm Mind|p2a: Latias\n|-boost|p2a: Latias|spa|1\n|-boost|p2a: Latias|spd|1\n|move|p1a: Deoxys|Night Shade|p2a: Latias\n|-damage|p2a: Latias|104/256\n|\n|upkeep\n|turn|28\n|\n|t:|1771182849\n|move|p2a: Latias|Recover|p2a: Latias\n|-heal|p2a: Latias|232/256\n|move|p1a: Deoxys|Night Shade|p2a: Latias\n|-damage|p2a: Latias|148/256\n|\n|upkeep\n|turn|29\n|\n|t:|1771182852\n|move|p2a: Latias|Calm Mind|p2a: Latias\n|-boost|p2a: Latias|spa|1\n|-boost|p2a: Latias|spd|1\n|move|p1a: Deoxys|Night Shade|p2a: Latias\n|-damage|p2a: Latias|64/256\n|\n|upkeep\n|turn|30\n|\n|t:|1771182855\n|move|p2a: Latias|Recover|p2a: Latias\n|-heal|p2a: Latias|192/256\n|move|p1a: Deoxys|Night Shade|p2a: Latias\n|-damage|p2a: Latias|108/256\n|\n|upkeep\n|turn|31\n|\n|t:|1771182858\n|move|p2a: Latias|Recover|p2a: Latias\n|-heal|p2a: Latias|236/256\n|move|p1a: Deoxys|Night Shade|p2a: Latias\n|-damage|p2a: Latias|152/256\n|\n|upkeep\n|turn|32\n|\n|t:|1771182862\n|move|p2a: Latias|Recover|p2a: Latias\n|-heal|p2a: Latias|256/256\n|move|p1a: Deoxys|Night Shade|p2a: Latias\n|-damage|p2a: Latias|172/256\n|\n|upkeep\n|turn|33\n|\n|t:|1771182865\n|move|p2a: Latias|Calm Mind|p2a: Latias\n|-boost|p2a: Latias|spa|1\n|-boost|p2a: Latias|spd|1\n|move|p1a: Deoxys|Night Shade|p2a: Latias\n|-damage|p2a: Latias|88/256\n|\n|upkeep\n|turn|34\n|\n|t:|1771182866\n|move|p2a: Latias|Recover|p2a: Latias\n|-heal|p2a: Latias|216/256\n|move|p1a: Deoxys|Night Shade|p2a: Latias\n|-damage|p2a: Latias|132/256\n|\n|upkeep\n|turn|35\n|\n|t:|1771182869\n|move|p2a: Latias|Recover|p2a: Latias\n|-heal|p2a: Latias|256/256\n|move|p1a: Deoxys|Night Shade|p2a: Latias\n|-damage|p2a: Latias|172/256\n|\n|upkeep\n|turn|36\n|\n|t:|1771182873\n|move|p2a: Latias|Psyshock|p1a: Deoxys\n|-resisted|p1a: Deoxys\n|-damage|p1a: Deoxys|183/221\n|move|p1a: Deoxys|Night Shade|p2a: Latias\n|-damage|p2a: Latias|88/256\n|\n|upkeep\n|turn|37\n|\n|t:|1771182875\n|move|p2a: Latias|Recover|p2a: Latias\n|-heal|p2a: Latias|216/256\n|move|p1a: Deoxys|Night Shade|p2a: Latias\n|-damage|p2a: Latias|132/256\n|\n|upkeep\n|turn|38\n|\n|t:|1771182879\n|move|p2a: Latias|Recover|p2a: Latias\n|-heal|p2a: Latias|256/256\n|move|p1a: Deoxys|Cosmic Power|p1a: Deoxys\n|-boost|p1a: Deoxys|def|1\n|-boost|p1a: Deoxys|spd|1\n|\n|upkeep\n|turn|39\n|\n|t:|1771182882\n|move|p2a: Latias|Psyshock|p1a: Deoxys\n|-resisted|p1a: Deoxys\n|-damage|p1a: Deoxys|158/221\n|move|p1a: Deoxys|Night Shade|p2a: Latias\n|-damage|p2a: Latias|172/256\n|\n|upkeep\n|turn|40\n|\n|t:|1771182884\n|move|p2a: Latias|Psyshock|p1a: Deoxys\n|-resisted|p1a: Deoxys\n|-damage|p1a: Deoxys|131/221\n|move|p1a: Deoxys|Night Shade|p2a: Latias\n|-damage|p2a: Latias|88/256\n|\n|upkeep\n|turn|41\n|\n|t:|1771182886\n|move|p2a: Latias|Psyshock|p1a: Deoxys\n|-resisted|p1a: Deoxys\n|-damage|p1a: Deoxys|105/221\n|move|p1a: Deoxys|Recover|p1a: Deoxys\n|-heal|p1a: Deoxys|216/221\n|\n|upkeep\n|turn|42\n|\n|t:|1771182889\n|move|p2a: Latias|Psyshock|p1a: Deoxys\n|-resisted|p1a: Deoxys\n|-damage|p1a: Deoxys|188/221\n|move|p1a: Deoxys|Night Shade|p2a: Latias\n|-damage|p2a: Latias|4/256\n|\n|upkeep\n|turn|43\n|\n|t:|1771182892\n|move|p2a: Latias|Draco Meteor|p1a: Deoxys\n|-resisted|p1a: Deoxys\n|-damage|p1a: Deoxys|143/221\n|-unboost|p2a: Latias|spa|2\n|move|p1a: Deoxys|Night Shade|p2a: Latias\n|-damage|p2a: Latias|0 fnt\n|faint|p2a: Latias\n|\n|upkeep\n|\n|t:|1771182896\n|switch|p2a: Eelektross|Eelektross, L87, M|290/290\n|turn|44\n|\n|t:|1771182899\n|move|p1a: Deoxys|Stored Power|p2a: Eelektross\n|-damage|p2a: Eelektross|74/290\n|move|p2a: Eelektross|Drain Punch|p1a: Deoxys\n|-supereffective|p1a: Deoxys\n|-crit|p1a: Deoxys\n|-damage|p1a: Deoxys|23/221\n|-heal|p2a: Eelektross|134/290|[from] drain|[of] p1a: Deoxys\n|\n|-heal|p2a: Eelektross|152/290|[from] item: Leftovers\n|upkeep\n|turn|45\n|\n|t:|1771182905\n|move|p1a: Deoxys|Stored Power|p2a: Eelektross\n|-damage|p2a: Eelektross|0 fnt\n|faint|p2a: Eelektross\n|\n|upkeep\n|\n|t:|1771182908\n|switch|p2a: Orthworm|Orthworm, L88, M|266/266\n|turn|46\n|\n|t:|1771182915\n|move|p1a: Deoxys|Recover|p1a: Deoxys\n|-heal|p1a: Deoxys|134/221\n|move|p2a: Orthworm|Body Press|p1a: Deoxys\n|-supereffective|p1a: Deoxys\n|-damage|p1a: Deoxys|108/221\n|\n|upkeep\n|turn|47\n|\n|t:|1771182922\n|move|p1a: Deoxys|Recover|p1a: Deoxys\n|-heal|p1a: Deoxys|219/221\n|move|p2a: Orthworm|Body Press|p1a: Deoxys\n|-supereffective|p1a: Deoxys\n|-damage|p1a: Deoxys|193/221\n|\n|upkeep\n|turn|48\n|\n|t:|1771182924\n|move|p1a: Deoxys|Stored Power|p2a: Orthworm\n|-resisted|p2a: Orthworm\n|-damage|p2a: Orthworm|118/266\n|move|p2a: Orthworm|Body Press|p1a: Deoxys\n|-supereffective|p1a: Deoxys\n|-damage|p1a: Deoxys|167/221\n|\n|-heal|p2a: Orthworm|134/266|[from] item: Leftovers\n|upkeep\n|turn|49\n|c|☆escpd|gg\n|\n|t:|1771182933\n|move|p1a: Deoxys|Stored Power|p2a: Orthworm\n|-resisted|p2a: Orthworm\n|-damage|p2a: Orthworm|0 fnt\n|faint|p2a: Orthworm\n|\n|win|escpd\n|raw|escpd's rating: 1663 &rarr; <strong>1684</strong><br />(+21 for winning)\n|raw|SourceDrop's rating: 1681 &rarr; <strong>1660</strong><br />(-21 for losing)\n|l|☆SourceDrop\n|player|p2|\n", "inputlog": ">version 686819e5e19f8a7fd2345cfc5a08a5085efa2cc3\n>start {\"formatid\":\"gen9randombattle\",\"seed\":\"sodium,1fa080ff6d4df159b637f99be34106ef\",\"rated\":\"Rated battle\"}\n>player p1 {\"name\":\"escpd\",\"avatar\":\"265\",\"rating\":1663,\"seed\":\"sodium,3305a352317ebf4c59c99975597597e4\"}\n>player p2 {\"name\":\"SourceDrop\",\"avatar\":\"170\",\"rating\":1681,\"seed\":\"sodium,66ac45027a35b2aa4e8141fce64a2d14\"}\n>p1 move knockoff\n>p2 move nuzzle\n>p1 move gigatonhammer\n>p2 move thunderbolt\n>p1 move playrough\n>p2 move uturn\n>p2 switch 6\n>p1 switch 5\n>p2 move bodypress\n>p1 move fireblast\n>p2 switch 5\n>p1 switch 5\n>p2 move calmmind\n>p1 move knockoff\n>p2 switch 6\n>p1 move playrough\n>p2 move uturn\n>p2 switch 5\n>p1 switch 6\n>p2 move bodypress\n>p1 move heatwave\n>p2 switch 5\n>p1 move heatwave\n>p2 move nuzzle\n>chat ☆escpd|bro\n>p1 move heatwave\n>p2 move thunderbolt\n>chat ☆escpd|thats absurd\n>p1 switch 3\n>p1 move aquajet\n>p2 move thunderbolt\n>p2 switch 3\n>p1 switch 5\n>p2 move coil\n>p1 move fireblast\n>p2 move drainpunch\n>chat ☆escpd|DUDE\n>p1 switch 6\n>chat ☆SourceDrop|Yep sorry\n>p1 move encore\n>p2 move firepunch\n>chat ☆escpd|....\n>chat ☆SourceDrop|Ha\n>p1 move gigatonhammer\n>p2 move firepunch\n>p1 switch 2\n>p1 move cosmicpower\n>p2 move supercellslam\n>p1 move cosmicpower\n>p2 switch 2\n>p1 move cosmicpower terastallize\n>p2 move swordsdance\n>p1 move storedpower\n>p2 move knockoff\n>p1 move recover\n>p2 move facade\n>p1 move recover\n>p2 move facade\n>p2 switch 4\n>p1 move storedpower\n>p2 move closecombat\n>p2 switch 6\n>p1 move cosmicpower\n>p2 move calmmind\n>p1 move cosmicpower\n>p2 move calmmind\n>p1 move nightshade\n>p2 move calmmind\n>p1 move nightshade\n>p2 move recover\n>p1 move nightshade\n>p2 move calmmind\n>p1 move nightshade\n>p2 move recover\n>p1 move nightshade\n>p2 move recover\n>p1 move nightshade\n>p2 move recover\n>p1 move nightshade\n>p2 move calmmind\n>p1 move nightshade\n>p2 move recover\n>p1 move nightshade\n>p2 move recover\n>p1 move nightshade\n>p2 move psyshock\n>p1 move nightshade\n>p2 move recover\n>p1 move cosmicpower\n>p2 move recover\n>p1 move nightshade\n>p2 move psyshock\n>p1 move nightshade\n>p2 move psyshock\n>p1 move recover\n>p2 move psyshock\n>p1 move nightshade\n>p2 move psyshock\n>p1 move nightshade\n>p2 move dracometeor\n>p2 switch 2\n>p1 move storedpower\n>p2 move drainpunch\n>p1 move storedpower\n>p2 move drainpunch\n>p2 switch 5\n>p1 move recover\n>p2 move bodypress\n>p1 move recover\n>p2 move bodypress\n>p1 move storedpower\n>p2 move bodypress\n>chat ☆escpd|gg\n>p1 move storedpower\n>p2 move bodypress", "uploadtime": 1771182943, "views": 12, "formatid": "gen9randombattle", "rating": 1660, "private": 0, "password": null}