{"id": "gen9randombattle-2540115098", "format": "[Gen 9] Random Battle", "players": ["sdor16", "AnubisRosalina"], "log": "|j|☆sdor16\n|j|☆AnubisRosalina\n|t:|1771164117\n|gametype|singles\n|player|p1|sdor16|170|1941\n|player|p2|AnubisRosalina|1|1879\n|gen|9\n|tier|[Gen 9] Random Battle\n|rated|\n|rule|Species Clause: Limit one of each Pokémon\n|rule|HP Percentage Mod: HP is shown in percentages\n|rule|Sleep Clause Mod: Limit one foe put to sleep\n|rule|Illusion Level Mod: Illusion disguises the Pokémon's true level\n|\n|t:|1771164117\n|teamsize|p1|6\n|teamsize|p2|6\n|start\n|switch|p1a: Quaquaval|Quaquaval, L79, M|264/264\n|switch|p2a: Toedscruel|Toedscruel, L87, F|281/281\n|turn|1\n|inactive|Battle timer is ON: inactive players will automatically lose when time's up. (requested by sdor16)\n|\n|t:|1771164160\n|switch|p1a: Dusknoir|Dusknoir, L89, F|225/225\n|-item|p2a: Toedscruel|Leftovers|[from] ability: Frisk|[of] p1a: Dusknoir\n|move|p2a: Toedscruel|Giga Drain|p1a: Dusknoir\n|-damage|p1a: Dusknoir|171/225\n|\n|-heal|p1a: Dusknoir|185/225|[from] item: Leftovers\n|upkeep\n|turn|2\n|\n|t:|1771164168\n|switch|p2a: Farigiraf|Farigiraf, L91, F|366/366\n|move|p1a: Dusknoir|Will-O-Wisp|p2a: Farigiraf\n|-status|p2a: Farigiraf|brn\n|\n|-heal|p1a: Dusknoir|199/225|[from] item: Leftovers\n|-damage|p2a: Farigiraf|344/366 brn|[from] brn\n|upkeep\n|turn|3\n|\n|t:|1771164174\n|switch|p1a: Noctowl|Noctowl, L95, M|344/344\n|move|p2a: Farigiraf|Future Sight|p1a: Noctowl\n|-start|p2a: Farigiraf|move: Future Sight\n|\n|-heal|p2a: Farigiraf|366/366 brn|[from] item: Leftovers\n|-damage|p2a: Farigiraf|344/366 brn|[from] brn\n|upkeep\n|turn|4\n|\n|t:|1771164179\n|move|p1a: Noctowl|Calm Mind|p1a: Noctowl\n|-boost|p1a: Noctowl|spa|1\n|-boost|p1a: Noctowl|spd|1\n|move|p2a: Farigiraf|Hyper Voice|p1a: Noctowl\n|-damage|p1a: Noctowl|271/344\n|\n|-heal|p2a: Farigiraf|366/366 brn|[from] item: Leftovers\n|-damage|p2a: Farigiraf|344/366 brn|[from] brn\n|upkeep\n|turn|5\n|\n|t:|1771164194\n|switch|p2a: Brambleghast|Brambleghast, L88, F|240/240\n|move|p1a: Noctowl|Calm Mind|p1a: Noctowl\n|-boost|p1a: Noctowl|spa|1\n|-boost|p1a: Noctowl|spd|1\n|\n|-end|p1a: Noctowl|move: Future Sight\n|-damage|p1a: Noctowl|198/344\n|upkeep\n|turn|6\n|\n|t:|1771164200\n|move|p2a: Brambleghast|Leech Seed|p1a: Noctowl\n|-start|p1a: Noctowl|move: Leech Seed\n|move|p1a: Noctowl|Roost|p1a: Noctowl\n|-heal|p1a: Noctowl|344/344\n|-singleturn|p1a: Noctowl|move: Roost\n|\n|-damage|p1a: Noctowl|301/344|[from] Leech Seed|[of] p2a: Brambleghast\n|upkeep\n|turn|7\n|\n|t:|1771164207\n|switch|p1a: Dusknoir|Dusknoir, L89, F|199/225\n|-item|p2a: Brambleghast|Leftovers|[from] ability: Frisk|[of] p1a: Dusknoir\n|move|p2a: Brambleghast|Substitute|p2a: Brambleghast\n|-start|p2a: Brambleghast|Substitute\n|-damage|p2a: Brambleghast|180/240\n|\n|-heal|p2a: Brambleghast|195/240|[from] item: Leftovers\n|-heal|p1a: Dusknoir|213/225|[from] item: Leftovers\n|upkeep\n|turn|8\n|\n|t:|1771164210\n|switch|p1a: Noctowl|Noctowl, L95, M|301/344\n|move|p2a: Brambleghast|Poltergeist|p1a: Noctowl\n|-immune|p1a: Noctowl\n|\n|-heal|p2a: Brambleghast|210/240|[from] item: Leftovers\n|upkeep\n|turn|9\n|inactive|sdor16 has 120 seconds left.\n|\n|t:|1771164248\n|switch|p1a: Dusknoir|Dusknoir, L89, F|213/225\n|-item|p2a: Brambleghast|Leftovers|[from] ability: Frisk|[of] p1a: Dusknoir\n|move|p2a: Brambleghast|Leech Seed|p1a: Dusknoir\n|-start|p1a: Dusknoir|move: Leech Seed\n|\n|-heal|p2a: Brambleghast|225/240|[from] item: Leftovers\n|-heal|p1a: Dusknoir|225/225|[from] item: Leftovers\n|-damage|p1a: Dusknoir|197/225|[from] Leech Seed|[of] p2a: Brambleghast\n|-heal|p2a: Brambleghast|240/240|[silent]\n|upkeep\n|turn|10\n|inactive|sdor16 has 120 seconds left.\n|inactive|AnubisRosalina has 120 seconds left.\n|\n|t:|1771164293\n|switch|p1a: Noctowl|Noctowl, L95, M|301/344\n|move|p2a: Brambleghast|Power Whip|p1a: Noctowl|[miss]\n|-miss|p2a: Brambleghast|p1a: Noctowl\n|\n|upkeep\n|turn|11\n|inactive|sdor16 has 120 seconds left.\n|\n|t:|1771164303\n|move|p2a: Brambleghast|Poltergeist|p1a: Noctowl\n|-immune|p1a: Noctowl\n|move|p1a: Noctowl|Calm Mind|p1a: Noctowl\n|-boost|p1a: Noctowl|spa|1\n|-boost|p1a: Noctowl|spd|1\n|\n|upkeep\n|turn|12\n|\n|t:|1771164308\n|move|p2a: Brambleghast|Leech Seed|p1a: Noctowl\n|-start|p1a: Noctowl|move: Leech Seed\n|move|p1a: Noctowl|Calm Mind|p1a: Noctowl\n|-boost|p1a: Noctowl|spa|1\n|-boost|p1a: Noctowl|spd|1\n|\n|-damage|p1a: Noctowl|258/344|[from] Leech Seed|[of] p2a: Brambleghast\n|upkeep\n|turn|13\n|\n|t:|1771164311\n|move|p2a: Brambleghast|Power Whip|p1a: Noctowl\n|-resisted|p1a: Noctowl\n|-damage|p1a: Noctowl|152/344\n|move|p1a: Noctowl|Calm Mind|p1a: Noctowl\n|-boost|p1a: Noctowl|spa|1\n|-boost|p1a: Noctowl|spd|1\n|\n|-damage|p1a: Noctowl|109/344|[from] Leech Seed|[of] p2a: Brambleghast\n|upkeep\n|turn|14\n|\n|t:|1771164314\n|move|p2a: Brambleghast|Power Whip|p1a: Noctowl\n|-resisted|p1a: Noctowl\n|-damage|p1a: Noctowl|7/344\n|move|p1a: Noctowl|Roost|p1a: Noctowl\n|-heal|p1a: Noctowl|179/344\n|-singleturn|p1a: Noctowl|move: Roost\n|\n|-damage|p1a: Noctowl|136/344|[from] Leech Seed|[of] p2a: Brambleghast\n|upkeep\n|turn|15\n|\n|t:|1771164320\n|move|p2a: Brambleghast|Power Whip|p1a: Noctowl\n|-resisted|p1a: Noctowl\n|-crit|p1a: Noctowl\n|-damage|p1a: Noctowl|0 fnt\n|faint|p1a: Noctowl\n|\n|upkeep\n|\n|t:|1771164324\n|switch|p1a: Dusknoir|Dusknoir, L89, F|197/225\n|-item|p2a: Brambleghast|Leftovers|[from] ability: Frisk|[of] p1a: Dusknoir\n|turn|16\n|\n|t:|1771164327\n|move|p2a: Brambleghast|Poltergeist|p1a: Dusknoir\n|-activate|p1a: Dusknoir|move: Poltergeist|Leftovers\n|-supereffective|p1a: Dusknoir\n|-damage|p1a: Dusknoir|0 fnt\n|faint|p1a: Dusknoir\n|\n|upkeep\n|\n|t:|1771164331\n|switch|p1a: Rhydon|Rhydon, L85, M|317/317\n|turn|17\n|\n|t:|1771164341\n|move|p2a: Brambleghast|Leech Seed|p1a: Rhydon\n|-start|p1a: Rhydon|move: Leech Seed\n|move|p1a: Rhydon|Megahorn|p2a: Brambleghast\n|-end|p2a: Brambleghast|Substitute\n|\n|-damage|p1a: Rhydon|278/317|[from] Leech Seed|[of] p2a: Brambleghast\n|upkeep\n|turn|18\n|\n|t:|1771164348\n|move|p2a: Brambleghast|Substitute|p2a: Brambleghast\n|-start|p2a: Brambleghast|Substitute\n|-damage|p2a: Brambleghast|180/240\n|move|p1a: Rhydon|Stealth Rock|p2a: Brambleghast\n|-sidestart|p2: AnubisRosalina|move: Stealth Rock\n|\n|-heal|p2a: Brambleghast|195/240|[from] item: Leftovers\n|-damage|p1a: Rhydon|239/317|[from] Leech Seed|[of] p2a: Brambleghast\n|-heal|p2a: Brambleghast|234/240|[silent]\n|upkeep\n|turn|19\n|\n|t:|1771164351\n|move|p2a: Brambleghast|Power Whip|p1a: Rhydon\n|-supereffective|p1a: Rhydon\n|-damage|p1a: Rhydon|0 fnt\n|faint|p1a: Rhydon\n|\n|-heal|p2a: Brambleghast|240/240|[from] item: Leftovers\n|upkeep\n|inactive|sdor16 has 120 seconds left.\n|c|☆sdor16|lol this shit destroys me\n|\n|t:|1771164396\n|switch|p1a: Quaquaval|Quaquaval, L79, M|264/264\n|turn|20\n|inactive|sdor16 has 120 seconds left.\n|\n|t:|1771164402\n|-terastallize|p1a: Quaquaval|Steel\n|move|p2a: Brambleghast|Power Whip|p1a: Quaquaval\n|-resisted|p1a: Quaquaval\n|-damage|p1a: Quaquaval|170/264\n|move|p1a: Quaquaval|Aqua Step|p2a: Brambleghast\n|-resisted|p2a: Brambleghast\n|-activate|p2a: Brambleghast|move: Substitute|[damage]\n|-boost|p1a: Quaquaval|spe|1\n|\n|-heal|p1a: Quaquaval|186/264|[from] item: Leftovers\n|upkeep\n|turn|21\n|\n|t:|1771164409\n|move|p1a: Quaquaval|Aqua Step|p2a: Brambleghast\n|-resisted|p2a: Brambleghast\n|-end|p2a: Brambleghast|Substitute\n|-boost|p1a: Quaquaval|spe|1\n|move|p2a: Brambleghast|Poltergeist|p1a: Quaquaval\n|-activate|p1a: Quaquaval|move: Poltergeist|Leftovers\n|-damage|p1a: Quaquaval|15/264\n|\n|-heal|p1a: Quaquaval|31/264|[from] item: Leftovers\n|upkeep\n|turn|22\n|\n|t:|1771164420\n|move|p1a: Quaquaval|Roost|p1a: Quaquaval\n|-heal|p1a: Quaquaval|163/264\n|move|p2a: Brambleghast|Poltergeist|p1a: Quaquaval\n|-activate|p1a: Quaquaval|move: Poltergeist|Leftovers\n|-damage|p1a: Quaquaval|0 fnt\n|faint|p1a: Quaquaval\n|\n|upkeep\n|\n|t:|1771164426\n|switch|p1a: Mew|Mew, L82|298/298\n|turn|23\n|\n|t:|1771164431\n|move|p1a: Mew|Nasty Plot|p1a: Mew\n|-boost|p1a: Mew|spa|2\n|move|p2a: Brambleghast|Poltergeist|p1a: Mew\n|-activate|p1a: Mew|move: Poltergeist|Life Orb\n|-supereffective|p1a: Mew\n|-damage|p1a: Mew|20/298\n|\n|upkeep\n|turn|24\n|\n|t:|1771164438\n|move|p1a: Mew|Dark Pulse|p2a: Brambleghast\n|-supereffective|p2a: Brambleghast\n|-damage|p2a: Brambleghast|0 fnt\n|faint|p2a: Brambleghast\n|-damage|p1a: Mew|0 fnt|[from] item: Life Orb\n|faint|p1a: Mew\n|\n|upkeep\n|\n|t:|1771164442\n|switch|p1a: Palafin|Palafin, L77, M|281/281\n|switch|p2a: Toedscruel|Toedscruel, L87, F|281/281\n|-damage|p2a: Toedscruel|264/281|[from] Stealth Rock\n|turn|25\n|\n|t:|1771164446\n|move|p2a: Toedscruel|Giga Drain|p1a: Palafin\n|-supereffective|p1a: Palafin\n|-damage|p1a: Palafin|87/281\n|-heal|p2a: Toedscruel|281/281|[from] drain|[of] p1a: Palafin\n|move|p1a: Palafin|Wave Crash|p2a: Toedscruel\n|-damage|p2a: Toedscruel|139/281\n|-damage|p1a: Palafin|40/281|[from] Recoil\n|\n|-heal|p2a: Toedscruel|156/281|[from] item: Leftovers\n|upkeep\n|turn|26\n|\n|t:|1771164449\n|move|p2a: Toedscruel|Giga Drain|p1a: Palafin\n|-supereffective|p1a: Palafin\n|-damage|p1a: Palafin|0 fnt\n|-heal|p2a: Toedscruel|176/281|[from] drain|[of] p1a: Palafin\n|faint|p1a: Palafin\n|\n|win|AnubisRosalina\n|raw|sdor16's rating: 1941 &rarr; <strong>1917</strong><br />(-24 for losing)\n|raw|AnubisRosalina's rating: 1879 &rarr; <strong>1903</strong><br />(+24 for winning)\n", "inputlog": ">version 686819e5e19f8a7fd2345cfc5a08a5085efa2cc3\n>start {\"formatid\":\"gen9randombattle\",\"seed\":\"sodium,b349273a4c9bc04ac468286c4d1068eb\",\"rated\":\"Rated battle\"}\n>player p1 {\"name\":\"sdor16\",\"avatar\":\"170\",\"rating\":1941,\"seed\":\"sodium,94421256b8878ecce1689f16d62caf15\"}\n>player p2 {\"name\":\"AnubisRosalina\",\"avatar\":\"1\",\"rating\":1879,\"seed\":\"sodium,9349c523c39f2cffa6da6603120156d2\"}\n>p1 switch 4\n>p2 move gigadrain\n>p1 move willowisp\n>p2 switch 3\n>p1 switch 5\n>p2 move futuresight\n>p1 move calmmind\n>p2 move hypervoice\n>p1 move calmmind\n>p2 switch 6\n>p1 move roost\n>p2 move leechseed\n>p1 switch 5\n>p2 move substitute\n>p1 switch 5\n>p2 move poltergeist\n>p1 switch 5\n>p2 move leechseed\n>p1 switch 5\n>p2 move powerwhip\n>p1 move calmmind\n>p2 move poltergeist\n>p1 move calmmind\n>p2 move leechseed\n>p1 move calmmind\n>p2 move powerwhip\n>p1 move roost\n>p2 move powerwhip\n>p1 move roost\n>p2 move powerwhip\n>p1 switch 5\n>p1 move poltergeist\n>p2 move poltergeist\n>p1 switch 2\n>p1 move megahorn\n>p2 move leechseed\n>p1 move stealthrock\n>p2 move substitute\n>p1 move megahorn\n>p2 move powerwhip\n>chat ☆sdor16|lol this shit destroys me\n>p1 switch 4\n>p1 move aquastep terastallize\n>p2 move powerwhip\n>p1 move aquastep\n>p2 move poltergeist\n>p1 move roost\n>p2 move poltergeist\n>p1 switch 6\n>p1 move nastyplot\n>p2 move poltergeist\n>p1 move darkpulse\n>p2 move substitute\n>p1 switch 3\n>p2 switch 3\n>p1 move wavecrash\n>p2 move gigadrain\n>p1 move wavecrash\n>p2 move gigadrain", "uploadtime": 1771164461, "views": 11, "formatid": "gen9randombattle", "rating": 1903, "private": 0, "password": null}