{"id": "gen9randombattle-2540384048", "format": "[Gen 9] Random Battle", "players": ["los chipirones", "stan jihyo 2026"], "log": "|j|☆los chipirones\n|j|☆stan jihyo 2026\n|t:|1771195501\n|gametype|singles\n|player|p1|los chipirones|266|2284\n|player|p2|stan jihyo 2026|n-masters2|2159\n|gen|9\n|tier|[Gen 9] Random Battle\n|rated|\n|rule|Species Clause: Limit one of each Pokémon\n|rule|HP Percentage Mod: HP is shown in percentages\n|rule|Sleep Clause Mod: Limit one foe put to sleep\n|rule|Illusion Level Mod: Illusion disguises the Pokémon's true level\n|\n|t:|1771195501\n|teamsize|p1|6\n|teamsize|p2|6\n|start\n|switch|p1a: Rhyperior|Rhyperior, L82, M|323/323\n|switch|p2a: Banette|Banette, L93, F|270/270\n|turn|1\n|\n|t:|1771195512\n|move|p2a: Banette|Poltergeist|p1a: Rhyperior\n|-activate|p1a: Rhyperior|move: Poltergeist|Weakness Policy\n|-damage|p1a: Rhyperior|150/323\n|-damage|p2a: Banette|243/270|[from] item: Life Orb\n|move|p1a: Rhyperior|Earthquake|p2a: Banette\n|-damage|p2a: Banette|83/270\n|\n|upkeep\n|turn|2\n|\n|t:|1771195534\n|move|p2a: Banette|Poltergeist|p1a: Rhyperior\n|-activate|p1a: Rhyperior|move: Poltergeist|Weakness Policy\n|-damage|p1a: Rhyperior|0 fnt\n|faint|p1a: Rhyperior\n|-damage|p2a: Banette|56/270|[from] item: Life Orb\n|\n|upkeep\n|\n|t:|1771195544\n|switch|p1a: Kyurem|Kyurem, L77|319/319\n|-ability|p1a: Kyurem|Pressure\n|turn|3\n|\n|t:|1771195549\n|move|p2a: Banette|Shadow Sneak|p1a: Kyurem\n|-damage|p1a: Kyurem|229/319\n|-damage|p2a: Banette|29/270|[from] item: Life Orb\n|move|p1a: Kyurem|Icicle Spear|p2a: Banette\n|-damage|p2a: Banette|0 fnt\n|faint|p2a: Banette\n|-hitcount|p2: Banette|1\n|\n|upkeep\n|\n|t:|1771195551\n|switch|p2a: Meloetta|Meloetta, L82|298/298\n|turn|4\n|\n|t:|1771195560\n|switch|p1a: Mesprit|Mesprit, L85|275/275\n|move|p2a: Meloetta|Relic Song|p1a: Mesprit\n|-damage|p1a: Mesprit|172/275\n|-formechange|p2a: Meloetta|Meloetta-Pirouette|[msg]\n|-damage|p2a: Meloetta|269/298|[from] item: Life Orb\n|\n|-heal|p1a: Mesprit|189/275|[from] item: Leftovers\n|upkeep\n|turn|5\n|\n|t:|1771195585\n|-terastallize|p1a: Mesprit|Dark\n|move|p2a: Meloetta|Knock Off|p1a: Mesprit\n|-resisted|p1a: Mesprit\n|-crit|p1a: Mesprit\n|-damage|p1a: Mesprit|119/275\n|-enditem|p1a: Mesprit|Leftovers|[from] move: Knock Off|[of] p2a: Meloetta\n|-damage|p2a: Meloetta|240/298|[from] item: Life Orb\n|move|p1a: Mesprit|Thunder Wave|p2a: Meloetta\n|-status|p2a: Meloetta|par\n|\n|upkeep\n|turn|6\n|\n|t:|1771195590\n|move|p1a: Mesprit|Psychic Noise|p2a: Meloetta\n|-supereffective|p2a: Meloetta\n|-damage|p2a: Meloetta|42/298 par\n|-start|p2a: Meloetta|move: Heal Block\n|cant|p2a: Meloetta|par\n|\n|upkeep\n|turn|7\n|\n|t:|1771195628\n|move|p1a: Mesprit|Knock Off|p2a: Meloetta\n|-resisted|p2a: Meloetta\n|-damage|p2a: Meloetta|0 fnt\n|-enditem|p2a: Meloetta|Life Orb|[from] move: Knock Off|[of] p1a: Mesprit\n|faint|p2a: Meloetta\n|\n|upkeep\n|\n|t:|1771195632\n|switch|p2a: Probopass|Probopass, L91, F|257/257\n|turn|8\n|\n|t:|1771195639\n|move|p1a: Mesprit|Thunder Wave|p2a: Probopass\n|-status|p2a: Probopass|par\n|move|p2a: Probopass|Body Press|p1a: Mesprit\n|-supereffective|p1a: Mesprit\n|-damage|p1a: Mesprit|0 fnt\n|faint|p1a: Mesprit\n|\n|upkeep\n|\n|t:|1771195651\n|switch|p1a: Orthworm|Orthworm, L88, M|266/266\n|turn|9\n|\n|t:|1771195659\n|move|p1a: Orthworm|Coil|p1a: Orthworm\n|-boost|p1a: Orthworm|atk|1\n|-boost|p1a: Orthworm|def|1\n|-boost|p1a: Orthworm|accuracy|1\n|move|p2a: Probopass|Iron Defense|p2a: Probopass\n|-boost|p2a: Probopass|def|2\n|\n|upkeep\n|turn|10\n|\n|t:|1771195674\n|-terastallize|p2a: Probopass|Fighting\n|move|p1a: Orthworm|Coil|p1a: Orthworm\n|-boost|p1a: Orthworm|atk|1\n|-boost|p1a: Orthworm|def|1\n|-boost|p1a: Orthworm|accuracy|1\n|cant|p2a: Probopass|par\n|\n|upkeep\n|turn|11\n|\n|t:|1771195682\n|move|p1a: Orthworm|Coil|p1a: Orthworm\n|-boost|p1a: Orthworm|atk|1\n|-boost|p1a: Orthworm|def|1\n|-boost|p1a: Orthworm|accuracy|1\n|move|p2a: Probopass|Iron Defense|p2a: Probopass\n|-boost|p2a: Probopass|def|2\n|\n|upkeep\n|turn|12\n|\n|t:|1771195701\n|move|p1a: Orthworm|Coil|p1a: Orthworm\n|-boost|p1a: Orthworm|atk|1\n|-boost|p1a: Orthworm|def|1\n|-boost|p1a: Orthworm|accuracy|1\n|move|p2a: Probopass|Iron Defense|p2a: Probopass\n|-boost|p2a: Probopass|def|2\n|\n|upkeep\n|turn|13\n|\n|t:|1771195708\n|move|p1a: Orthworm|Iron Tail|p2a: Probopass\n|-damage|p2a: Probopass|211/257 par\n|move|p2a: Probopass|Body Press|p1a: Orthworm\n|-supereffective|p1a: Orthworm\n|-damage|p1a: Orthworm|14/266\n|\n|upkeep\n|turn|14\n|\n|t:|1771195722\n|move|p1a: Orthworm|Iron Tail|p2a: Probopass\n|-damage|p2a: Probopass|160/257 par\n|move|p2a: Probopass|Body Press|p1a: Orthworm\n|-supereffective|p1a: Orthworm\n|-damage|p1a: Orthworm|0 fnt\n|faint|p1a: Orthworm\n|\n|upkeep\n|\n|t:|1771195728\n|switch|p1a: Espeon|Espeon, L84, M|246/246\n|turn|15\n|\n|t:|1771195731\n|switch|p2a: Umbreon|Umbreon, L84, F|297/297\n|move|p1a: Espeon|Alluring Voice|p2a: Umbreon\n|-supereffective|p2a: Umbreon\n|-damage|p2a: Umbreon|157/297\n|-damage|p1a: Espeon|222/246|[from] item: Life Orb\n|\n|-heal|p2a: Umbreon|175/297|[from] item: Leftovers\n|upkeep\n|turn|16\n|\n|t:|1771195740\n|move|p1a: Espeon|Calm Mind|p1a: Espeon\n|-boost|p1a: Espeon|spa|1\n|-boost|p1a: Espeon|spd|1\n|move|p2a: Umbreon|Toxic|p1a: Espeon\n|move|p1a: Espeon|Toxic|p2a: Umbreon|[from] ability: Magic Bounce\n|-status|p2a: Umbreon|tox\n|-activate|p2a: Umbreon|ability: Synchronize\n|-status|p1a: Espeon|tox\n|\n|-heal|p2a: Umbreon|193/297 tox|[from] item: Leftovers\n|-damage|p1a: Espeon|207/246 tox|[from] psn\n|-damage|p2a: Umbreon|175/297 tox|[from] psn\n|upkeep\n|turn|17\n|\n|t:|1771195743\n|move|p1a: Espeon|Alluring Voice|p2a: Umbreon\n|-supereffective|p2a: Umbreon\n|-damage|p2a: Umbreon|0 fnt\n|faint|p2a: Umbreon\n|-damage|p1a: Espeon|183/246 tox|[from] item: Life Orb\n|\n|-damage|p1a: Espeon|153/246 tox|[from] psn\n|upkeep\n|\n|t:|1771195745\n|switch|p2a: Slowbro|Slowbro-Galar, L87, F|307/307\n|turn|18\n|\n|t:|1771195753\n|move|p1a: Espeon|Psyshock|p2a: Slowbro\n|-damage|p2a: Slowbro|130/307\n|-damage|p1a: Espeon|129/246 tox|[from] item: Life Orb\n|move|p2a: Slowbro|Shell Side Arm|p1a: Espeon|[anim] Shell Side Arm Physical\n|-damage|p1a: Espeon|0 fnt\n|-hint|Physical Shell Side Arm\n|faint|p1a: Espeon\n|\n|upkeep\n|\n|t:|1771195757\n|switch|p1a: Rayquaza|Rayquaza, L72|270/270\n|-ability|p1a: Rayquaza|Air Lock\n|turn|19\n|\n|t:|1771195771\n|move|p1a: Rayquaza|Earthquake|p2a: Slowbro\n|-supereffective|p2a: Slowbro\n|-damage|p2a: Slowbro|2/307\n|move|p2a: Slowbro|Shell Side Arm|p1a: Rayquaza|[anim] Shell Side Arm Physical\n|-damage|p1a: Rayquaza|149/270\n|-hint|Physical Shell Side Arm\n|\n|upkeep\n|turn|20\n|\n|t:|1771195776\n|move|p1a: Rayquaza|Dragon Ascent|p2a: Slowbro\n|-damage|p2a: Slowbro|0 fnt\n|-unboost|p1a: Rayquaza|def|1\n|-unboost|p1a: Rayquaza|spd|1\n|-damage|p1a: Rayquaza|104/270|[from] item: Rocky Helmet|[of] p2a: Slowbro\n|faint|p2a: Slowbro\n|\n|upkeep\n|\n|t:|1771195779\n|switch|p2a: Hitmontop|Hitmontop, L88, M|231/231\n|turn|21\n|\n|t:|1771195783\n|move|p1a: Rayquaza|Dragon Ascent|p2a: Hitmontop\n|-supereffective|p2a: Hitmontop\n|-damage|p2a: Hitmontop|0 fnt\n|-unboost|p1a: Rayquaza|def|1\n|-unboost|p1a: Rayquaza|spd|1\n|faint|p2a: Hitmontop\n|\n|upkeep\n|\n|t:|1771195785\n|switch|p2a: Probopass|Probopass, L91, F, tera:Fighting|160/257 par\n|turn|22\n|\n|t:|1771195787\n|move|p1a: Rayquaza|Dragon Ascent|p2a: Probopass\n|-supereffective|p2a: Probopass\n|-damage|p2a: Probopass|0 fnt\n|-unboost|p1a: Rayquaza|def|1\n|-unboost|p1a: Rayquaza|spd|1\n|faint|p2a: Probopass\n|\n|win|los chipirones\n|raw|los chipirones's rating: 2284 &rarr; <strong>2297</strong><br />(+13 for winning)\n|raw|stan jihyo 2026's rating: 2165 &rarr; <strong>2152</strong><br />(-13 for losing)\n", "inputlog": ">version 686819e5e19f8a7fd2345cfc5a08a5085efa2cc3\n>start {\"formatid\":\"gen9randombattle\",\"seed\":\"sodium,fdbac010c38faca1e0e950857df42c94\",\"rated\":\"Rated battle\"}\n>player p1 {\"name\":\"los chipirones\",\"avatar\":\"266\",\"rating\":2284,\"seed\":\"sodium,d552be8e50a37388070545ae80258544\"}\n>player p2 {\"name\":\"stan jihyo 2026\",\"avatar\":\"n-masters2\",\"rating\":2159,\"seed\":\"sodium,5e7994c0fa32748633a82bc39fd24de6\"}\n>p1 move earthquake\n>p2 move poltergeist\n>p1 move earthquake\n>p2 move poltergeist\n>p1 switch 5\n>p1 move iciclespear\n>p2 move shadowsneak\n>p2 switch 3\n>p1 switch 2\n>p2 move relicsong\n>p1 move thunderwave terastallize\n>p2 move knockoff\n>p1 move psychicnoise\n>p2 move closecombat\n>p1 move knockoff\n>p2 move closecombat\n>p2 switch 4\n>p1 move thunderwave\n>p2 move bodypress\n>p1 switch 6\n>p1 move coil\n>p2 move irondefense\n>p1 move coil\n>p2 move irondefense terastallize\n>p1 move coil\n>p2 move irondefense\n>p1 move coil\n>p2 move irondefense\n>p1 move irontail\n>p2 move bodypress\n>p1 move irontail\n>p2 move bodypress\n>p1 switch 3\n>p1 move alluringvoice\n>p2 switch 6\n>p1 move calmmind\n>p2 move toxic\n>p1 move alluringvoice\n>p2 move foulplay\n>p2 switch 2\n>p1 move psyshock\n>p2 move shellsidearm\n>p1 switch 4\n>p1 move earthquake\n>p2 move shellsidearm\n>p1 move dragonascent\n>p2 move shellsidearm\n>p2 switch 5\n>p1 move dragonascent\n>p2 move rapidspin\n>p2 switch 6\n>p1 move dragonascent\n>p2 move rest", "uploadtime": 1771195789, "views": 9, "formatid": "gen9randombattle", "rating": 2152, "private": 0, "password": null}