{"id": "gen9randombattle-2540358313", "format": "[Gen 9] Random Battle", "players": ["BrutalBjoern", "hazardemulo"], "log": "|j|☆BrutalBjoern\n|j|☆hazardemulo\n|t:|1771192562\n|gametype|singles\n|player|p1|BrutalBjoern|lady-gen4|1767\n|player|p2|hazardemulo|2|1833\n|gen|9\n|tier|[Gen 9] Random Battle\n|rated|\n|rule|Species Clause: Limit one of each Pokémon\n|rule|HP Percentage Mod: HP is shown in percentages\n|rule|Sleep Clause Mod: Limit one foe put to sleep\n|rule|Illusion Level Mod: Illusion disguises the Pokémon's true level\n|\n|t:|1771192562\n|teamsize|p1|6\n|teamsize|p2|6\n|start\n|switch|p1a: Furret|Furret, L94, M|312/312\n|switch|p2a: Zebstrika|Zebstrika, L87, M|272/272\n|-item|p2a: Zebstrika|Life Orb|[from] ability: Frisk|[of] p1a: Furret\n|turn|1\n|inactive|Battle timer is ON: inactive players will automatically lose when time's up. (requested by hazardemulo)\n|inactive|hazardemulo has 120 seconds left.\n|inactive|BrutalBjoern has 120 seconds left.\n|\n|t:|1771192610\n|move|p2a: Zebstrika|Volt Switch|p1a: Furret\n|-damage|p1a: Furret|195/312\n|-damage|p2a: Zebstrika|245/272|[from] item: Life Orb\n|\n|t:|1771192615\n|switch|p2a: Wigglytuff|Wigglytuff, L96, F|424/424|[from] Volt Switch\n|move|p1a: Furret|Knock Off|p2a: Wigglytuff\n|-resisted|p2a: Wigglytuff\n|-damage|p2a: Wigglytuff|354/424\n|-enditem|p2a: Wigglytuff|Leftovers|[from] move: Knock Off|[of] p1a: Furret\n|\n|upkeep\n|turn|2\n|\n|t:|1771192630\n|switch|p1a: Skuntank|Skuntank, L84, F|310/310\n|move|p2a: Wigglytuff|Wish|p2a: Wigglytuff\n|\n|upkeep\n|turn|3\n|inactive|hazardemulo has 120 seconds left.\n|\n|t:|1771192671\n|switch|p2a: Ursaring|Ursaring, L84, M|288/288\n|move|p1a: Skuntank|Knock Off|p2a: Ursaring\n|-damage|p2a: Ursaring|213/288\n|-enditem|p2a: Ursaring|Eviolite|[from] move: Knock Off|[of] p1a: Skuntank\n|\n|-heal|p2a: Ursaring|288/288|[from] move: Wish|[wisher] Wigglytuff\n|upkeep\n|turn|4\n|\n|t:|1771192693\n|move|p1a: Skuntank|Toxic Spikes|p2a: Ursaring\n|-sidestart|p2: hazardemulo|move: Toxic Spikes\n|move|p2a: Ursaring|Body Slam|p1a: Skuntank\n|-damage|p1a: Skuntank|178/310\n|\n|-heal|p1a: Skuntank|197/310|[from] item: Leftovers\n|upkeep\n|turn|5\n|\n|t:|1771192711\n|move|p1a: Skuntank|Gunk Shot|p2a: Ursaring\n|-damage|p2a: Ursaring|156/288\n|move|p2a: Ursaring|Earthquake|p1a: Skuntank\n|-supereffective|p1a: Skuntank\n|-damage|p1a: Skuntank|0 fnt\n|faint|p1a: Skuntank\n|\n|upkeep\n|inactive|BrutalBjoern has 120 seconds left.\n|\n|t:|1771192727\n|switch|p1a: Furret|Furret, L94, M|195/312\n|turn|6\n|inactive|hazardemulo has 120 seconds left.\n|\n|t:|1771192756\n|switch|p2a: Zebstrika|Zebstrika, L87, M|245/272\n|-status|p2a: Zebstrika|psn\n|move|p1a: Furret|Double-Edge|p2a: Zebstrika\n|-damage|p2a: Zebstrika|20/272 psn\n|-damage|p1a: Furret|121/312|[from] Recoil\n|\n|-damage|p2a: Zebstrika|0 fnt|[from] psn\n|faint|p2a: Zebstrika\n|upkeep\n|inactive|hazardemulo has 90 seconds left.\n|\n|t:|1771192794\n|switch|p2a: Zacian|Zacian, L69|241/241\n|-status|p2a: Zacian|psn\n|-ability|p2a: Zacian|Intrepid Sword|boost\n|-boost|p2a: Zacian|atk|1\n|turn|7\n|\n|t:|1771192812\n|move|p2a: Zacian|Play Rough|p1a: Furret\n|-damage|p1a: Furret|0 fnt\n|faint|p1a: Furret\n|-damage|p2a: Zacian|217/241 psn|[from] item: Life Orb\n|\n|-damage|p2a: Zacian|187/241 psn|[from] psn\n|upkeep\n|\n|t:|1771192822\n|switch|p1a: Clefable|Clefable, L83, F|293/293\n|turn|8\n|\n|t:|1771192837\n|move|p2a: Zacian|Swords Dance|p2a: Zacian\n|-boost|p2a: Zacian|atk|2\n|move|p1a: Clefable|Moonblast|p2a: Zacian\n|-damage|p2a: Zacian|61/241 psn\n|\n|-damage|p2a: Zacian|31/241 psn|[from] psn\n|upkeep\n|turn|9\n|\n|t:|1771192862\n|-terastallize|p1a: Clefable|Steel\n|move|p2a: Zacian|Play Rough|p1a: Clefable\n|-resisted|p1a: Clefable\n|-damage|p1a: Clefable|154/293\n|-damage|p2a: Zacian|7/241 psn|[from] item: Life Orb\n|move|p1a: Clefable|Moonlight|p1a: Clefable\n|-heal|p1a: Clefable|293/293\n|\n|-damage|p2a: Zacian|0 fnt|[from] psn\n|faint|p2a: Zacian\n|upkeep\n|inactive|hazardemulo has 60 seconds left.\n|\n|t:|1771192902\n|switch|p2a: Wigglytuff|Wigglytuff, L96, F|354/424\n|-status|p2a: Wigglytuff|psn\n|turn|10\n|\n|t:|1771192916\n|switch|p1a: Umbreon|Umbreon, L84, F|297/297\n|move|p2a: Wigglytuff|Fire Blast|p1a: Umbreon\n|-damage|p1a: Umbreon|225/297\n|\n|-heal|p1a: Umbreon|243/297|[from] item: Leftovers\n|-damage|p2a: Wigglytuff|301/424 psn|[from] psn\n|upkeep\n|turn|11\n|\n|t:|1771192928\n|move|p1a: Umbreon|Wish|p1a: Umbreon\n|move|p2a: Wigglytuff|Wish|p2a: Wigglytuff\n|\n|-heal|p1a: Umbreon|261/297|[from] item: Leftovers\n|-damage|p2a: Wigglytuff|248/424 psn|[from] psn\n|upkeep\n|turn|12\n|\n|t:|1771192940\n|move|p1a: Umbreon|Foul Play|p2a: Wigglytuff\n|-resisted|p2a: Wigglytuff\n|-damage|p2a: Wigglytuff|200/424 psn\n|move|p2a: Wigglytuff|Dazzling Gleam|p1a: Umbreon\n|-supereffective|p1a: Umbreon\n|-damage|p1a: Umbreon|105/297\n|\n|-heal|p1a: Umbreon|253/297|[from] move: Wish|[wisher] Umbreon\n|-heal|p2a: Wigglytuff|412/424 psn|[from] move: Wish|[wisher] Wigglytuff\n|-heal|p1a: Umbreon|271/297|[from] item: Leftovers\n|-damage|p2a: Wigglytuff|359/424 psn|[from] psn\n|upkeep\n|turn|13\n|\n|t:|1771192952\n|move|p1a: Umbreon|Wish|p1a: Umbreon\n|move|p2a: Wigglytuff|Wish|p2a: Wigglytuff\n|\n|-heal|p1a: Umbreon|289/297|[from] item: Leftovers\n|-damage|p2a: Wigglytuff|306/424 psn|[from] psn\n|upkeep\n|turn|14\n|\n|t:|1771192962\n|move|p1a: Umbreon|Foul Play|p2a: Wigglytuff\n|-resisted|p2a: Wigglytuff\n|-damage|p2a: Wigglytuff|261/424 psn\n|move|p2a: Wigglytuff|Fire Blast|p1a: Umbreon\n|-damage|p1a: Umbreon|222/297\n|\n|-heal|p1a: Umbreon|297/297|[from] move: Wish|[wisher] Umbreon\n|-heal|p2a: Wigglytuff|424/424 psn|[from] move: Wish|[wisher] Wigglytuff\n|-damage|p2a: Wigglytuff|371/424 psn|[from] psn\n|upkeep\n|turn|15\n|\n|t:|1771192976\n|move|p1a: Umbreon|Foul Play|p2a: Wigglytuff\n|-resisted|p2a: Wigglytuff\n|-damage|p2a: Wigglytuff|321/424 psn\n|move|p2a: Wigglytuff|Wish|p2a: Wigglytuff\n|\n|-damage|p2a: Wigglytuff|268/424 psn|[from] psn\n|upkeep\n|turn|16\n|\n|t:|1771192989\n|switch|p2a: Ursaring|Ursaring, L84, M|156/288\n|-status|p2a: Ursaring|psn\n|move|p1a: Umbreon|Protect||[still]\n|-fail|p1a: Umbreon\n|\n|-heal|p2a: Ursaring|288/288 psn|[from] move: Wish|[wisher] Wigglytuff\n|-damage|p2a: Ursaring|252/288 psn|[from] psn\n|upkeep\n|turn|17\n|\n|t:|1771193005\n|move|p1a: Umbreon|Foul Play|p2a: Ursaring\n|-damage|p2a: Ursaring|108/288 psn\n|move|p2a: Ursaring|Body Slam|p1a: Umbreon\n|-damage|p1a: Umbreon|149/297\n|\n|-heal|p1a: Umbreon|167/297|[from] item: Leftovers\n|-damage|p2a: Ursaring|72/288 psn|[from] psn\n|upkeep\n|turn|18\n|inactive|hazardemulo has 30 seconds left.\n|\n|t:|1771193031\n|switch|p2a: Wigglytuff|Wigglytuff, L96, F|268/424 psn\n|move|p1a: Umbreon|Foul Play|p2a: Wigglytuff\n|-resisted|p2a: Wigglytuff\n|-damage|p2a: Wigglytuff|223/424 psn\n|\n|-heal|p1a: Umbreon|185/297|[from] item: Leftovers\n|-damage|p2a: Wigglytuff|170/424 psn|[from] psn\n|upkeep\n|turn|19\n|inactive|hazardemulo has 30 seconds left.\n|\n|t:|1771193042\n|switch|p1a: Clefable|Clefable, L83, F, tera:Steel|293/293\n|move|p2a: Wigglytuff|Wish|p2a: Wigglytuff\n|\n|-damage|p2a: Wigglytuff|117/424 psn|[from] psn\n|upkeep\n|turn|20\n|inactive|hazardemulo has 30 seconds left.\n|\n|t:|1771193058\n|move|p2a: Wigglytuff|Protect|p2a: Wigglytuff\n|-singleturn|p2a: Wigglytuff|Protect\n|move|p1a: Clefable|Moonblast|p2a: Wigglytuff\n|-activate|p2a: Wigglytuff|move: Protect\n|\n|-heal|p2a: Wigglytuff|329/424 psn|[from] move: Wish|[wisher] Wigglytuff\n|-damage|p2a: Wigglytuff|276/424 psn|[from] psn\n|upkeep\n|turn|21\n|inactive|hazardemulo has 30 seconds left.\n|\n|t:|1771193072\n|move|p1a: Clefable|Moonblast|p2a: Wigglytuff\n|-damage|p2a: Wigglytuff|107/424 psn\n|-unboost|p2a: Wigglytuff|spa|1\n|-ability|p2a: Wigglytuff|Competitive|boost\n|-boost|p2a: Wigglytuff|spa|2\n|move|p2a: Wigglytuff|Wish|p2a: Wigglytuff\n|\n|-damage|p2a: Wigglytuff|54/424 psn|[from] psn\n|upkeep\n|turn|22\n|inactive|hazardemulo has 30 seconds left.\n|\n|t:|1771193081\n|move|p2a: Wigglytuff|Protect|p2a: Wigglytuff\n|-singleturn|p2a: Wigglytuff|Protect\n|move|p1a: Clefable|Moonblast|p2a: Wigglytuff\n|-activate|p2a: Wigglytuff|move: Protect\n|\n|-heal|p2a: Wigglytuff|266/424 psn|[from] move: Wish|[wisher] Wigglytuff\n|-damage|p2a: Wigglytuff|213/424 psn|[from] psn\n|upkeep\n|turn|23\n|inactive|hazardemulo has 30 seconds left.\n|\n|t:|1771193101\n|move|p1a: Clefable|Moonblast|p2a: Wigglytuff\n|-damage|p2a: Wigglytuff|49/424 psn\n|-unboost|p2a: Wigglytuff|spa|1\n|-ability|p2a: Wigglytuff|Competitive|boost\n|-boost|p2a: Wigglytuff|spa|2\n|move|p2a: Wigglytuff|Fire Blast|p1a: Clefable\n|-supereffective|p1a: Clefable\n|-damage|p1a: Clefable|0 fnt\n|faint|p1a: Clefable\n|\n|-damage|p2a: Wigglytuff|0 fnt|[from] psn\n|faint|p2a: Wigglytuff\n|upkeep\n|inactive|hazardemulo has 30 seconds left this turn.\n|inactive|hazardemulo has 20 seconds left.\n|inactive|hazardemulo has 15 seconds left.\n|inactive|hazardemulo has 10 seconds left.\n|\n|t:|1771193125\n|switch|p1a: Palkia|Palkia-Origin, L72|249/249\n|switch|p2a: Trevenant|Trevenant, L89, M|296/296\n|-ability|p1a: Palkia|Pressure\n|-status|p2a: Trevenant|psn\n|turn|24\n|inactive|hazardemulo has 20 seconds left this turn.\n|inactive|hazardemulo has 15 seconds left.\n|inactive|hazardemulo has 10 seconds left.\n|inactive|hazardemulo has 5 seconds left.\n|\n|t:|1771193142\n|move|p1a: Palkia|Fire Blast|p2a: Trevenant|[miss]\n|-miss|p1a: Palkia|p2a: Trevenant\n|move|p2a: Trevenant|Toxic|p1a: Palkia|[miss]\n|-miss|p2a: Trevenant|p1a: Palkia\n|\n|-damage|p2a: Trevenant|259/296 psn|[from] psn\n|upkeep\n|turn|25\n|inactive|hazardemulo has 15 seconds left this turn.\n|inactive|hazardemulo has 10 seconds left.\n|inactive|hazardemulo has 5 seconds left.\n|\n|t:|1771193152\n|move|p1a: Palkia|Spacial Rend|p2a: Trevenant\n|-damage|p2a: Trevenant|123/296 psn\n|-enditem|p2a: Trevenant|Sitrus Berry|[eat]\n|-heal|p2a: Trevenant|197/296 psn|[from] item: Sitrus Berry\n|move|p2a: Trevenant|Toxic|p1a: Palkia\n|-status|p1a: Palkia|tox\n|\n|-damage|p1a: Palkia|234/249 tox|[from] psn\n|-damage|p2a: Trevenant|160/296 psn|[from] psn\n|-item|p2a: Trevenant|Sitrus Berry|[from] ability: Harvest\n|upkeep\n|turn|26\n|inactive|hazardemulo has 15 seconds left this turn.\n|inactive|hazardemulo has 10 seconds left.\n|inactive|hazardemulo has 5 seconds left.\n|\n|t:|1771193164\n|switch|p1a: Umbreon|Umbreon, L84, F|185/297\n|move|p2a: Trevenant|Poltergeist|p1a: Umbreon\n|-activate|p1a: Umbreon|move: Poltergeist|Leftovers\n|-resisted|p1a: Umbreon\n|-damage|p1a: Umbreon|123/297\n|\n|-heal|p1a: Umbreon|141/297|[from] item: Leftovers\n|-damage|p2a: Trevenant|123/296 psn|[from] psn\n|upkeep\n|-enditem|p2a: Trevenant|Sitrus Berry|[eat]\n|-heal|p2a: Trevenant|197/296 psn|[from] item: Sitrus Berry\n|turn|27\n|inactive|hazardemulo has 15 seconds left this turn.\n|inactive|hazardemulo has 10 seconds left.\n|inactive|hazardemulo has 5 seconds left.\n|\n|t:|1771193178\n|-terastallize|p2a: Trevenant|Dark\n|move|p1a: Umbreon|Protect|p1a: Umbreon\n|-singleturn|p1a: Umbreon|Protect\n|move|p2a: Trevenant|Toxic|p1a: Umbreon\n|-activate|p1a: Umbreon|move: Protect\n|\n|-heal|p1a: Umbreon|159/297|[from] item: Leftovers\n|-damage|p2a: Trevenant|160/296 psn|[from] psn\n|upkeep\n|turn|28\n|inactive|hazardemulo has 15 seconds left this turn.\n|inactive|hazardemulo has 10 seconds left.\n|inactive|hazardemulo has 5 seconds left.\n|\n|t:|1771193190\n|switch|p1a: Palkia|Palkia-Origin, L72|234/249 tox\n|-ability|p1a: Palkia|Pressure\n|move|p2a: Trevenant|Drain Punch|p1a: Palkia\n|-damage|p1a: Palkia|168/249 tox\n|-heal|p2a: Trevenant|193/296 psn|[from] drain|[of] p1a: Palkia\n|\n|-damage|p1a: Palkia|153/249 tox|[from] psn\n|-damage|p2a: Trevenant|156/296 psn|[from] psn\n|upkeep\n|turn|29\n|inactive|hazardemulo has 15 seconds left this turn.\n|inactive|hazardemulo has 10 seconds left.\n|inactive|hazardemulo has 5 seconds left.\n|\n|t:|1771193202\n|move|p2a: Trevenant|Protect|p2a: Trevenant\n|-singleturn|p2a: Trevenant|Protect\n|move|p1a: Palkia|Spacial Rend|p2a: Trevenant\n|-activate|p2a: Trevenant|move: Protect\n|\n|-damage|p1a: Palkia|123/249 tox|[from] psn\n|-damage|p2a: Trevenant|119/296 psn|[from] psn\n|-item|p2a: Trevenant|Sitrus Berry|[from] ability: Harvest\n|upkeep\n|-enditem|p2a: Trevenant|Sitrus Berry|[eat]\n|-heal|p2a: Trevenant|193/296 psn|[from] item: Sitrus Berry\n|turn|30\n|inactive|hazardemulo has 15 seconds left this turn.\n|inactive|hazardemulo has 10 seconds left.\n|inactive|hazardemulo has 5 seconds left.\n|\n|t:|1771193212\n|move|p1a: Palkia|Spacial Rend|p2a: Trevenant\n|-damage|p2a: Trevenant|49/296 psn\n|move|p2a: Trevenant|Drain Punch|p1a: Palkia\n|-damage|p1a: Palkia|54/249 tox\n|-heal|p2a: Trevenant|84/296 psn|[from] drain|[of] p1a: Palkia\n|\n|-damage|p1a: Palkia|9/249 tox|[from] psn\n|-damage|p2a: Trevenant|47/296 psn|[from] psn\n|-item|p2a: Trevenant|Sitrus Berry|[from] ability: Harvest\n|upkeep\n|-enditem|p2a: Trevenant|Sitrus Berry|[eat]\n|-heal|p2a: Trevenant|121/296 psn|[from] item: Sitrus Berry\n|turn|31\n|inactive|hazardemulo has 15 seconds left this turn.\n|inactive|hazardemulo has 10 seconds left.\n|inactive|hazardemulo has 5 seconds left.\n|\n|t:|1771193225\n|switch|p1a: Noivern|Noivern, L82, M|274/274\n|move|p2a: Trevenant|Protect||[still]\n|-fail|p2a: Trevenant\n|\n|-damage|p2a: Trevenant|84/296 psn|[from] psn\n|-item|p2a: Trevenant|Sitrus Berry|[from] ability: Harvest\n|upkeep\n|-enditem|p2a: Trevenant|Sitrus Berry|[eat]\n|-heal|p2a: Trevenant|158/296 psn|[from] item: Sitrus Berry\n|turn|32\n|inactive|hazardemulo has 15 seconds left this turn.\n|inactive|hazardemulo has 10 seconds left.\n|inactive|hazardemulo has 5 seconds left.\n|\n|t:|1771193235\n|switch|p2a: Ursaring|Ursaring, L84, M|72/288 psn\n|move|p1a: Noivern|Draco Meteor|p2a: Ursaring\n|-damage|p2a: Ursaring|0 fnt\n|-unboost|p1a: Noivern|spa|2\n|faint|p2a: Ursaring\n|\n|upkeep\n|inactive|hazardemulo has 10 seconds left this turn.\n|inactive|hazardemulo has 5 seconds left.\n|\n|t:|1771193243\n|switch|p2a: Piloswine|Piloswine, L85, F|309/309\n|-status|p2a: Piloswine|psn\n|turn|33\n|inactive|hazardemulo has 15 seconds left this turn.\n|inactive|hazardemulo has 10 seconds left.\n|\n|t:|1771193252\n|switch|p1a: Palkia|Palkia-Origin, L72|9/249 tox\n|-ability|p1a: Palkia|Pressure\n|move|p2a: Piloswine|Icicle Crash|p1a: Palkia\n|-damage|p1a: Palkia|0 fnt\n|faint|p1a: Palkia\n|\n|-damage|p2a: Piloswine|271/309 psn|[from] psn\n|upkeep\n|\n|t:|1771193258\n|switch|p1a: Umbreon|Umbreon, L84, F|159/297\n|turn|34\n|inactive|hazardemulo has 25 seconds left this turn.\n|inactive|hazardemulo has 20 seconds left.\n|\n|t:|1771193266\n|move|p1a: Umbreon|Wish|p1a: Umbreon\n|move|p2a: Piloswine|Roar|p1a: Umbreon\n|drag|p1a: Noivern|Noivern, L82, M|274/274\n|\n|-damage|p2a: Piloswine|233/309 psn|[from] psn\n|upkeep\n|turn|35\n|inactive|hazardemulo has 30 seconds left this turn.\n|inactive|hazardemulo has 20 seconds left.\n|\n|t:|1771193281\n|switch|p1a: Umbreon|Umbreon, L84, F|159/297\n|move|p2a: Piloswine|Icicle Crash|p1a: Umbreon\n|-damage|p1a: Umbreon|74/297\n|\n|-heal|p1a: Umbreon|222/297|[from] move: Wish|[wisher] Umbreon\n|-heal|p1a: Umbreon|240/297|[from] item: Leftovers\n|-damage|p2a: Piloswine|195/309 psn|[from] psn\n|upkeep\n|turn|36\n|inactive|hazardemulo has 30 seconds left this turn.\n|inactive|hazardemulo has 20 seconds left.\n|\n|t:|1771193291\n|switch|p2a: Trevenant|Trevenant, L89, M, tera:Dark|158/296 psn\n|move|p1a: Umbreon|Foul Play|p2a: Trevenant\n|-resisted|p2a: Trevenant\n|-damage|p2a: Trevenant|98/296 psn\n|\n|-heal|p1a: Umbreon|258/297|[from] item: Leftovers\n|-damage|p2a: Trevenant|61/296 psn|[from] psn\n|upkeep\n|turn|37\n|inactive|hazardemulo has 30 seconds left this turn.\n|inactive|hazardemulo has 20 seconds left.\n|inactive|hazardemulo has 15 seconds left.\n|\n|t:|1771193311\n|switch|p1a: Noivern|Noivern, L82, M|274/274\n|move|p2a: Trevenant|Poltergeist|p1a: Noivern\n|-activate|p1a: Noivern|move: Poltergeist|Heavy-Duty Boots\n|-damage|p1a: Noivern|120/274\n|\n|-damage|p2a: Trevenant|24/296 psn|[from] psn\n|-item|p2a: Trevenant|Sitrus Berry|[from] ability: Harvest\n|upkeep\n|-enditem|p2a: Trevenant|Sitrus Berry|[eat]\n|-heal|p2a: Trevenant|98/296 psn|[from] item: Sitrus Berry\n|turn|38\n|inactive|hazardemulo has 25 seconds left this turn.\n|inactive|hazardemulo has 20 seconds left.\n|inactive|hazardemulo has 15 seconds left.\n|\n|t:|1771193329\n|move|p2a: Trevenant|Protect|p2a: Trevenant\n|-singleturn|p2a: Trevenant|Protect\n|move|p1a: Noivern|Hurricane|p2a: Trevenant\n|-activate|p2a: Trevenant|move: Protect\n|\n|-damage|p2a: Trevenant|61/296 psn|[from] psn\n|upkeep\n|turn|39\n|inactive|hazardemulo has 25 seconds left this turn.\n|inactive|hazardemulo has 20 seconds left.\n|inactive|hazardemulo has 15 seconds left.\n|inactive|hazardemulo has 10 seconds left.\n|\n|t:|1771193349\n|switch|p2a: Piloswine|Piloswine, L85, F|195/309 psn\n|move|p1a: Noivern|Hurricane|p2a: Piloswine|[miss]\n|-miss|p1a: Noivern|p2a: Piloswine\n|\n|-damage|p2a: Piloswine|157/309 psn|[from] psn\n|upkeep\n|turn|40\n|inactive|hazardemulo has 20 seconds left this turn.\n|inactive|hazardemulo has 15 seconds left.\n|\n|t:|1771193358\n|switch|p1a: Umbreon|Umbreon, L84, F|258/297\n|move|p2a: Piloswine|Icicle Crash|p1a: Umbreon\n|-damage|p1a: Umbreon|173/297\n|\n|-heal|p1a: Umbreon|191/297|[from] item: Leftovers\n|-damage|p2a: Piloswine|119/309 psn|[from] psn\n|upkeep\n|turn|41\n|inactive|hazardemulo has 25 seconds left this turn.\n|inactive|hazardemulo has 20 seconds left.\n|inactive|hazardemulo has 15 seconds left.\n|-message|hazardemulo forfeited.\n|\n|win|BrutalBjoern\n|raw|BrutalBjoern's rating: 1767 &rarr; <strong>1791</strong><br />(+24 for winning)\n|raw|hazardemulo's rating: 1833 &rarr; <strong>1809</strong><br />(-24 for losing)\n", "inputlog": ">version 686819e5e19f8a7fd2345cfc5a08a5085efa2cc3\n>start {\"formatid\":\"gen9randombattle\",\"seed\":\"sodium,919a4f85ec1ac5ae597c81ddc2ff3c2d\",\"rated\":\"Rated battle\"}\n>player p1 {\"name\":\"BrutalBjoern\",\"avatar\":\"lady-gen4\",\"rating\":1767,\"seed\":\"sodium,5cae770d29b9ce0d3248da97aef6f1a1\"}\n>player p2 {\"name\":\"hazardemulo\",\"avatar\":\"2\",\"rating\":1833,\"seed\":\"sodium,f204efae1a1b48f795c1fbc717fa0002\"}\n>p1 move knockoff\n>p2 move voltswitch\n>p2 switch 4\n>p1 switch 2\n>p2 move wish\n>p1 move knockoff\n>p2 switch 2\n>p1 move toxicspikes\n>p2 move bodyslam\n>p1 move gunkshot\n>p2 move earthquake\n>p1 switch 2\n>p1 move doubleedge\n>p2 switch 4\n>p2 switch 6\n>p1 move doubleedge\n>p2 move playrough\n>p1 switch 4\n>p1 move moonblast\n>p2 move swordsdance\n>p1 move moonlight terastallize\n>p2 move playrough\n>p2 switch 2\n>p1 switch 6\n>p2 move fireblast\n>p1 move wish\n>p2 move wish\n>p1 move foulplay\n>p2 move dazzlinggleam\n>p1 move wish\n>p2 move wish\n>p1 move foulplay\n>p2 move fireblast\n>p1 move foulplay\n>p2 move wish\n>p1 move protect\n>p2 switch 4\n>p1 move foulplay\n>p2 move bodyslam\n>p1 move foulplay\n>p2 switch 4\n>p1 switch 6\n>p2 move wish\n>p1 move moonblast\n>p2 move protect\n>p1 move moonblast\n>p2 move wish\n>p1 move moonblast\n>p2 move protect\n>p1 move moonblast\n>p2 move fireblast\n>p1 switch 5\n>p2 switch 3\n>p1 move fireblast\n>p2 move toxic\n>p1 move spacialrend\n>p2 move toxic\n>p1 switch 6\n>p2 move poltergeist\n>p1 move protect\n>p2 move toxic terastallize\n>p1 switch 6\n>p2 move drainpunch\n>p1 move spacialrend\n>p2 move protect\n>p1 move spacialrend\n>p2 move drainpunch\n>p1 switch 3\n>p2 move protect\n>p1 move dracometeor\n>p2 switch 4\n>p2 switch 5\n>p1 switch 3\n>p2 move iciclecrash\n>p1 switch 6\n>p1 move wish\n>p2 move roar\n>p1 switch 3\n>p2 move iciclecrash\n>p1 move foulplay\n>p2 switch 4\n>p1 switch 3\n>p2 move poltergeist\n>p1 move hurricane\n>p2 move protect\n>p1 move hurricane\n>p2 switch 4\n>p1 switch 3\n>p2 move iciclecrash\n>forcelose p2", "uploadtime": 1771193370, "views": 6, "formatid": "gen9randombattle", "rating": 1791, "private": 0, "password": null}