{"id": "gen9randombattle-2540942393", "format": "[Gen 9] Random Battle", "players": ["ShadeGod", "Barhaladd"], "log": "|j|☆ShadeGod\n|j|☆Barhaladd\n|t:|1771269373\n|gametype|singles\n|player|p1|ShadeGod|dragontamer|1657\n|player|p2|Barhaladd|1|1646\n|gen|9\n|tier|[Gen 9] Random Battle\n|rated|\n|rule|Species Clause: Limit one of each Pokémon\n|rule|HP Percentage Mod: HP is shown in percentages\n|rule|Sleep Clause Mod: Limit one foe put to sleep\n|rule|Illusion Level Mod: Illusion disguises the Pokémon's true level\n|\n|t:|1771269373\n|teamsize|p1|6\n|teamsize|p2|6\n|start\n|switch|p1a: Yanmega|Yanmega, L82, F|275/275\n|switch|p2a: Gallade|Gallade, L80, M|240/240\n|turn|1\n|inactive|Battle timer is ON: inactive players will automatically lose when time's up. (requested by Barhaladd)\n|\n|t:|1771269385\n|switch|p2a: Iron Treads|Iron Treads, L77|265/265\n|move|p1a: Yanmega|Air Slash|p2a: Iron Treads\n|-resisted|p2a: Iron Treads\n|-damage|p2a: Iron Treads|205/265\n|\n|-heal|p2a: Iron Treads|221/265|[from] item: Leftovers\n|-ability|p1a: Yanmega|Speed Boost|boost\n|-boost|p1a: Yanmega|spe|1\n|upkeep\n|turn|2\n|\n|t:|1771269396\n|-end|p2a: Iron Treads|Quark Drive|[silent]\n|switch|p2a: Ho-Oh|Ho-Oh, L71|268/268\n|move|p1a: Yanmega|Bug Buzz|p2a: Ho-Oh\n|-resisted|p2a: Ho-Oh\n|-damage|p2a: Ho-Oh|247/268\n|\n|-ability|p1a: Yanmega|Speed Boost|boost\n|-boost|p1a: Yanmega|spe|1\n|upkeep\n|turn|3\n|\n|t:|1771269406\n|switch|p1a: Samurott|Samurott, L88, F|310/310\n|move|p2a: Ho-Oh|Sacred Fire|p1a: Samurott\n|-resisted|p1a: Samurott\n|-damage|p1a: Samurott|265/310\n|\n|upkeep\n|turn|4\n|\n|t:|1771269423\n|switch|p2a: Eternatus|Eternatus, L69|308/308\n|-ability|p2a: Eternatus|Pressure\n|move|p1a: Samurott|Hydro Pump|p2a: Eternatus\n|-resisted|p2a: Eternatus\n|-damage|p2a: Eternatus|235/308\n|\n|upkeep\n|turn|5\n|\n|t:|1771269435\n|move|p2a: Eternatus|Toxic Spikes|p1a: Samurott\n|-sidestart|p1: ShadeGod|move: Toxic Spikes\n|move|p1a: Samurott|Knock Off|p2a: Eternatus\n|-damage|p2a: Eternatus|149/308\n|-damage|p1a: Samurott|214/310|[from] item: Rocky Helmet|[of] p2a: Eternatus\n|-enditem|p2a: Eternatus|Rocky Helmet|[from] move: Knock Off|[of] p1a: Samurott\n|\n|upkeep\n|turn|6\n|\n|t:|1771269459\n|move|p2a: Eternatus|Recover|p2a: Eternatus\n|-heal|p2a: Eternatus|303/308\n|move|p1a: Samurott|Knock Off|p2a: Eternatus\n|-damage|p2a: Eternatus|242/308\n|\n|upkeep\n|turn|7\n|inactive|Barhaladd has 120 seconds left.\n|\n|t:|1771269509\n|switch|p1a: Toxtricity|Toxtricity, L82, F|257/257\n|-sideend|p1: ShadeGod|move: Toxic Spikes|[of] p1a: Toxtricity\n|move|p2a: Eternatus|Dynamax Cannon|p1a: Toxtricity\n|-damage|p1a: Toxtricity|128/257\n|\n|upkeep\n|turn|8\n|\n|t:|1771269526\n|switch|p1a: Yanmega|Yanmega, L82, F|275/275\n|move|p2a: Eternatus|Dynamax Cannon|p1a: Yanmega\n|-damage|p1a: Yanmega|128/275\n|\n|upkeep\n|turn|9\n|\n|t:|1771269531\n|switch|p2a: Ho-Oh|Ho-Oh, L71|268/268\n|move|p1a: Yanmega|Air Slash|p2a: Ho-Oh\n|-damage|p2a: Ho-Oh|205/268\n|\n|-ability|p1a: Yanmega|Speed Boost|boost\n|-boost|p1a: Yanmega|spe|1\n|upkeep\n|turn|10\n|\n|t:|1771269552\n|move|p1a: Yanmega|Air Slash|p2a: Ho-Oh|[miss]\n|-miss|p1a: Yanmega|p2a: Ho-Oh\n|move|p2a: Ho-Oh|Sacred Fire|p1a: Yanmega\n|-supereffective|p1a: Yanmega\n|-damage|p1a: Yanmega|0 fnt\n|faint|p1a: Yanmega\n|\n|upkeep\n|\n|t:|1771269564\n|switch|p1a: Wyrdeer|Wyrdeer, L87, F|321/321\n|-ability|p1a: Wyrdeer|Intimidate|boost\n|-unboost|p2a: Ho-Oh|atk|1\n|turn|11\n|\n|t:|1771269572\n|switch|p2a: Iron Treads|Iron Treads, L77|221/265\n|move|p1a: Wyrdeer|Body Slam|p2a: Iron Treads\n|-resisted|p2a: Iron Treads\n|-damage|p2a: Iron Treads|177/265\n|-status|p2a: Iron Treads|par\n|\n|-heal|p2a: Iron Treads|193/265 par|[from] item: Leftovers\n|upkeep\n|turn|12\n|\n|t:|1771269580\n|move|p1a: Wyrdeer|Earthquake|p2a: Iron Treads\n|-supereffective|p2a: Iron Treads\n|-damage|p2a: Iron Treads|59/265 par\n|move|p2a: Iron Treads|Stealth Rock|p1a: Wyrdeer\n|-sidestart|p1: ShadeGod|move: Stealth Rock\n|\n|-heal|p2a: Iron Treads|75/265 par|[from] item: Leftovers\n|upkeep\n|turn|13\n|\n|t:|1771269586\n|move|p1a: Wyrdeer|Earthquake|p2a: Iron Treads\n|-supereffective|p2a: Iron Treads\n|-damage|p2a: Iron Treads|0 fnt\n|faint|p2a: Iron Treads\n|-end|p2a: Iron Treads|Quark Drive|[silent]\n|\n|upkeep\n|\n|t:|1771269590\n|switch|p2a: Gallade|Gallade, L80, M|240/240\n|turn|14\n|\n|t:|1771269599\n|move|p2a: Gallade|Night Slash|p1a: Wyrdeer\n|-supereffective|p1a: Wyrdeer\n|-damage|p1a: Wyrdeer|71/321\n|-damage|p2a: Gallade|216/240|[from] item: Life Orb\n|move|p1a: Wyrdeer|Body Slam|p2a: Gallade\n|-damage|p2a: Gallade|74/240\n|\n|upkeep\n|turn|15\n|\n|t:|1771269610\n|move|p2a: Gallade|Sacred Sword|p1a: Wyrdeer\n|-damage|p1a: Wyrdeer|0 fnt\n|faint|p1a: Wyrdeer\n|-damage|p2a: Gallade|50/240|[from] item: Life Orb\n|\n|upkeep\n|\n|t:|1771269628\n|switch|p1a: Dipplin|Dipplin, L88, F|284/284\n|-damage|p1a: Dipplin|249/284|[from] Stealth Rock\n|turn|16\n|\n|t:|1771269653\n|switch|p2a: Ho-Oh|Ho-Oh, L71|268/268\n|move|p1a: Dipplin|Giga Drain|p2a: Ho-Oh\n|-resisted|p2a: Ho-Oh\n|-damage|p2a: Ho-Oh|253/268\n|-heal|p1a: Dipplin|257/284|[from] drain|[of] p2a: Ho-Oh\n|\n|upkeep\n|turn|17\n|inactive|Barhaladd has 120 seconds left.\n|inactive|Barhaladd has 90 seconds left.\n|inactive|Barhaladd has 60 seconds left.\n|\n|t:|1771269749\n|move|p2a: Ho-Oh|Brave Bird|p1a: Dipplin\n|-supereffective|p1a: Dipplin\n|-damage|p1a: Dipplin|137/284\n|-damage|p2a: Ho-Oh|213/268|[from] Recoil\n|move|p1a: Dipplin|Dragon Pulse|p2a: Ho-Oh\n|-damage|p2a: Ho-Oh|135/268\n|\n|upkeep\n|turn|18\n|inactive|Barhaladd has 30 seconds left.\n|\n|t:|1771269770\n|switch|p2a: Eternatus|Eternatus, L69|242/308\n|-ability|p2a: Eternatus|Pressure\n|move|p1a: Dipplin|Recover|p1a: Dipplin\n|-heal|p1a: Dipplin|279/284\n|\n|upkeep\n|turn|19\n|\n|t:|1771269777\n|move|p2a: Eternatus|Dynamax Cannon|p1a: Dipplin\n|-supereffective|p1a: Dipplin\n|-damage|p1a: Dipplin|139/284\n|move|p1a: Dipplin|Dragon Pulse|p2a: Eternatus\n|-supereffective|p2a: Eternatus\n|-damage|p2a: Eternatus|2/308\n|\n|upkeep\n|turn|20\n|\n|t:|1771269799\n|move|p2a: Eternatus|Dynamax Cannon|p1a: Dipplin\n|-supereffective|p1a: Dipplin\n|-damage|p1a: Dipplin|5/284\n|move|p1a: Dipplin|Dragon Pulse|p2a: Eternatus\n|-supereffective|p2a: Eternatus\n|-damage|p2a: Eternatus|0 fnt\n|faint|p2a: Eternatus\n|\n|upkeep\n|\n|t:|1771269812\n|switch|p2a: Gallade|Gallade, L80, M|50/240\n|turn|21\n|\n|t:|1771269823\n|switch|p2a: Ho-Oh|Ho-Oh, L71|224/268\n|move|p1a: Dipplin|Sucker Punch||[still]\n|-fail|p1a: Dipplin\n|\n|upkeep\n|turn|22\n|\n|t:|1771269831\n|move|p2a: Ho-Oh|Earthquake|p1a: Dipplin\n|-resisted|p1a: Dipplin\n|-damage|p1a: Dipplin|0 fnt\n|faint|p1a: Dipplin\n|\n|upkeep\n|\n|t:|1771269843\n|switch|p1a: Samurott|Samurott, L88, F|214/310\n|-damage|p1a: Samurott|176/310|[from] Stealth Rock\n|turn|23\n|\n|t:|1771269851\n|switch|p2a: Regigigas|Regigigas, L84|322/322\n|-start|p2a: Regigigas|ability: Slow Start\n|move|p1a: Samurott|Hydro Pump|p2a: Regigigas\n|-crit|p2a: Regigigas\n|-damage|p2a: Regigigas|156/322\n|\n|-heal|p2a: Regigigas|176/322|[from] item: Leftovers\n|upkeep\n|turn|24\n|inactive|Barhaladd has 60 seconds left.\n|\n|t:|1771269859\n|move|p1a: Samurott|Knock Off|p2a: Regigigas\n|-damage|p2a: Regigigas|108/322\n|-enditem|p2a: Regigigas|Leftovers|[from] move: Knock Off|[of] p1a: Samurott\n|move|p2a: Regigigas|Body Slam|p1a: Samurott\n|-damage|p1a: Samurott|107/310\n|\n|upkeep\n|turn|25\n|\n|t:|1771269872\n|move|p1a: Samurott|Hydro Pump|p2a: Regigigas\n|-damage|p2a: Regigigas|0 fnt\n|faint|p2a: Regigigas\n|-end|p2a: Regigigas|Slow Start|[silent]\n|\n|upkeep\n|\n|t:|1771269874\n|switch|p2a: Ho-Oh|Ho-Oh, L71|268/268\n|turn|26\n|\n|t:|1771269884\n|move|p1a: Samurott|Hydro Pump|p2a: Ho-Oh|[miss]\n|-miss|p1a: Samurott|p2a: Ho-Oh\n|move|p2a: Ho-Oh|Brave Bird|p1a: Samurott\n|-damage|p1a: Samurott|0 fnt\n|faint|p1a: Samurott\n|-damage|p2a: Ho-Oh|233/268|[from] Recoil\n|\n|upkeep\n|\n|t:|1771269908\n|switch|p1a: Toxtricity|Toxtricity, L82, F|128/257\n|-damage|p1a: Toxtricity|96/257|[from] Stealth Rock\n|turn|27\n|inactive|Barhaladd has 60 seconds left.\n|\n|t:|1771269940\n|-terastallize|p2a: Ho-Oh|Ground\n|move|p1a: Toxtricity|Overdrive|p2a: Ho-Oh\n|-immune|p2a: Ho-Oh\n|move|p2a: Ho-Oh|Earthquake|p1a: Toxtricity\n|-supereffective|p1a: Toxtricity\n|-damage|p1a: Toxtricity|0 fnt\n|faint|p1a: Toxtricity\n|\n|upkeep\n|\n|t:|1771269947\n|switch|p1a: Shiftry|Shiftry, L89, M|305/305\n|-damage|p1a: Shiftry|267/305|[from] Stealth Rock\n|turn|28\n|\n|t:|1771269952\n|move|p1a: Shiftry|Leaf Blade|p2a: Ho-Oh\n|-supereffective|p2a: Ho-Oh\n|-crit|p2a: Ho-Oh\n|-damage|p2a: Ho-Oh|0 fnt\n|faint|p2a: Ho-Oh\n|-damage|p1a: Shiftry|237/305|[from] item: Life Orb\n|\n|upkeep\n|\n|t:|1771269961\n|switch|p2a: Gallade|Gallade, L80, M|50/240\n|turn|29\n|\n|t:|1771269984\n|move|p1a: Shiftry|Leaf Blade|p2a: Gallade\n|-damage|p2a: Gallade|0 fnt\n|faint|p2a: Gallade\n|-damage|p1a: Shiftry|207/305|[from] item: Life Orb\n|\n|upkeep\n|\n|t:|1771270003\n|switch|p2a: Reuniclus|Reuniclus, L88, F|337/337\n|turn|30\n|\n|t:|1771270011\n|-terastallize|p1a: Shiftry|Dark\n|move|p1a: Shiftry|Knock Off|p2a: Reuniclus\n|-supereffective|p2a: Reuniclus\n|-damage|p2a: Reuniclus|0 fnt\n|-enditem|p2a: Reuniclus|Life Orb|[from] move: Knock Off|[of] p1a: Shiftry\n|faint|p2a: Reuniclus\n|-damage|p1a: Shiftry|177/305|[from] item: Life Orb\n|\n|win|ShadeGod\n|raw|ShadeGod's rating: 1657 &rarr; <strong>1676</strong><br />(+19 for winning)\n|raw|Barhaladd's rating: 1646 &rarr; <strong>1627</strong><br />(-19 for losing)\n", "inputlog": ">version 686819e5e19f8a7fd2345cfc5a08a5085efa2cc3\n>start {\"formatid\":\"gen9randombattle\",\"seed\":\"sodium,48c969d8846d6c1ac1f6c31161099399\",\"rated\":\"Rated battle\"}\n>player p1 {\"name\":\"ShadeGod\",\"avatar\":\"dragontamer\",\"rating\":1657,\"seed\":\"sodium,887daa5d6758dea4f9832306992cd75b\"}\n>player p2 {\"name\":\"Barhaladd\",\"avatar\":\"1\",\"rating\":1646,\"seed\":\"sodium,0c64c17d70f2f235b0f0e90b13f08178\"}\n>p1 move airslash\n>p2 switch 2\n>p1 move bugbuzz\n>p2 switch 5\n>p1 switch 6\n>p2 move sacredfire\n>p1 move hydropump\n>p2 switch 4\n>p1 move knockoff\n>p2 move toxicspikes\n>p1 move knockoff\n>p2 move recover\n>p1 switch 5\n>p2 move dynamaxcannon\n>p1 switch 6\n>p2 move dynamaxcannon\n>p1 move airslash\n>p2 switch 4\n>p1 move airslash\n>p2 move sacredfire\n>p1 switch 3\n>p1 move bodyslam\n>p2 switch 5\n>p1 move earthquake\n>p2 move stealthrock\n>p1 move earthquake\n>p2 move earthquake\n>p2 switch 2\n>p1 move bodyslam\n>p2 move nightslash\n>p1 move bodyslam\n>p2 move sacredsword\n>p1 switch 4\n>p1 move gigadrain\n>p2 switch 5\n>p1 move dragonpulse\n>p2 move bravebird\n>p1 move recover\n>p2 switch 4\n>p1 move dragonpulse\n>p2 move dynamaxcannon\n>p1 move dragonpulse\n>p2 move dynamaxcannon\n>p2 switch 5\n>p1 move suckerpunch\n>p2 switch 4\n>p1 move recover\n>p2 move earthquake\n>p1 switch 5\n>p1 move hydropump\n>p2 switch 3\n>p1 move knockoff\n>p2 move bodyslam\n>p1 move hydropump\n>p2 move bodyslam\n>p2 switch 3\n>p1 move hydropump\n>p2 move bravebird\n>p1 switch 6\n>p1 move overdrive\n>p2 move earthquake terastallize\n>p1 switch 2\n>p1 move leafblade\n>p2 move sacredfire\n>p2 switch 4\n>p1 move leafblade\n>p2 move sacredsword\n>p2 switch 6\n>p1 move knockoff terastallize\n>p2 move focusblast", "uploadtime": 1771270015, "views": 0, "formatid": "gen9randombattle", "rating": 1627, "private": 0, "password": null}