{"id": "gen9randombattle-2540137286", "format": "[Gen 9] Random Battle", "players": ["crossg", "Noidea1992"], "log": "|j|☆crossg\n|j|☆Noidea1992\n|t:|1771167208\n|gametype|singles\n|player|p1|crossg|169|1546\n|player|p2|Noidea1992|1|1602\n|gen|9\n|tier|[Gen 9] Random Battle\n|rated|\n|rule|Species Clause: Limit one of each Pokémon\n|rule|HP Percentage Mod: HP is shown in percentages\n|rule|Sleep Clause Mod: Limit one foe put to sleep\n|rule|Illusion Level Mod: Illusion disguises the Pokémon's true level\n|\n|t:|1771167208\n|teamsize|p1|6\n|teamsize|p2|6\n|start\n|switch|p1a: Banette|Banette, L93, M|270/270\n|switch|p2a: Glaceon|Glaceon, L94, M|275/275\n|turn|1\n|\n|t:|1771167219\n|switch|p2a: Meloetta|Meloetta, L82|298/298\n|move|p1a: Banette|Thunder Wave|p2a: Meloetta|[miss]\n|-miss|p1a: Banette|p2a: Meloetta\n|\n|upkeep\n|turn|2\n|\n|t:|1771167227\n|move|p2a: Meloetta|Psyshock|p1a: Banette\n|-damage|p1a: Banette|98/270\n|move|p1a: Banette|Thunder Wave|p2a: Meloetta\n|-status|p2a: Meloetta|par\n|\n|upkeep\n|turn|3\n|\n|t:|1771167233\n|switch|p1a: Galvantula|Galvantula, L82, M|249/249\n|cant|p2a: Meloetta|par\n|\n|upkeep\n|turn|4\n|\n|t:|1771167244\n|switch|p2a: Glaceon|Glaceon, L94, M|275/275\n|move|p1a: Galvantula|Sticky Web|p2a: Glaceon\n|-sidestart|p2: Noidea1992|move: Sticky Web\n|\n|upkeep\n|turn|5\n|\n|t:|1771167249\n|move|p1a: Galvantula|Volt Switch|p2a: Glaceon\n|-damage|p2a: Glaceon|217/275\n|\n|t:|1771167251\n|switch|p1a: Banette|Banette, L93, M|98/270|[from] Volt Switch\n|move|p2a: Glaceon|Freeze-Dry|p1a: Banette\n|-crit|p1a: Banette\n|-damage|p1a: Banette|0 fnt\n|faint|p1a: Banette\n|\n|upkeep\n|\n|t:|1771167262\n|switch|p1a: Jirachi|Jirachi, L80|291/291\n|turn|6\n|\n|t:|1771167282\n|switch|p2a: Charizard|Charizard, L85, M|271/271\n|move|p1a: Jirachi|Body Slam|p2a: Charizard\n|-damage|p2a: Charizard|214/271\n|-status|p2a: Charizard|par\n|\n|upkeep\n|turn|7\n|\n|t:|1771167294\n|switch|p1a: Muk|Muk, L86, M|321/321\n|move|p2a: Charizard|Will-O-Wisp|p1a: Muk\n|-status|p1a: Muk|brn\n|\n|-damage|p1a: Muk|301/321 brn|[from] brn\n|upkeep\n|turn|8\n|\n|t:|1771167306\n|switch|p2a: Meloetta|Meloetta, L82|298/298 par\n|-activate|p2a: Meloetta|move: Sticky Web\n|-unboost|p2a: Meloetta|spe|1\n|move|p1a: Muk|Toxic Spikes|p2a: Meloetta\n|-sidestart|p2: Noidea1992|move: Toxic Spikes\n|\n|-heal|p1a: Muk|321/321 brn|[from] item: Leftovers\n|-damage|p1a: Muk|301/321 brn|[from] brn\n|upkeep\n|turn|9\n|\n|t:|1771167312\n|move|p1a: Muk|Knock Off|p2a: Meloetta\n|-supereffective|p2a: Meloetta\n|-damage|p2a: Meloetta|216/298 par\n|-enditem|p2a: Meloetta|Choice Specs|[from] move: Knock Off|[of] p1a: Muk\n|cant|p2a: Meloetta|par\n|\n|-heal|p1a: Muk|321/321 brn|[from] item: Leftovers\n|-damage|p1a: Muk|301/321 brn|[from] brn\n|upkeep\n|turn|10\n|\n|t:|1771167322\n|move|p1a: Muk|Toxic Spikes|p2a: Meloetta\n|-sidestart|p2: Noidea1992|move: Toxic Spikes\n|move|p2a: Meloetta|U-turn|p1a: Muk\n|-resisted|p1a: Muk\n|-damage|p1a: Muk|281/321 brn\n|\n|t:|1771167339\n|switch|p2a: Charizard|Charizard, L85, M|214/271 par|[from] U-turn\n|\n|-heal|p1a: Muk|301/321 brn|[from] item: Leftovers\n|-damage|p1a: Muk|281/321 brn|[from] brn\n|upkeep\n|turn|11\n|\n|t:|1771167354\n|move|p1a: Muk|Knock Off|p2a: Charizard\n|-damage|p2a: Charizard|176/271 par\n|-enditem|p2a: Charizard|Heavy-Duty Boots|[from] move: Knock Off|[of] p1a: Muk\n|cant|p2a: Charizard|par\n|\n|-heal|p1a: Muk|301/321 brn|[from] item: Leftovers\n|-damage|p1a: Muk|281/321 brn|[from] brn\n|upkeep\n|turn|12\n|\n|t:|1771167400\n|move|p1a: Muk|Poison Jab|p2a: Charizard\n|-crit|p2a: Charizard\n|-damage|p2a: Charizard|101/271 par\n|move|p2a: Charizard|Flamethrower|p1a: Muk\n|-damage|p1a: Muk|191/321 brn\n|\n|-heal|p1a: Muk|211/321 brn|[from] item: Leftovers\n|-damage|p1a: Muk|191/321 brn|[from] brn\n|upkeep\n|turn|13\n|inactive|Battle timer is ON: inactive players will automatically lose when time's up. (requested by crossg)\n|\n|t:|1771167426\n|move|p1a: Muk|Poison Jab|p2a: Charizard\n|-crit|p2a: Charizard\n|-damage|p2a: Charizard|27/271 par\n|cant|p2a: Charizard|par\n|\n|-heal|p1a: Muk|211/321 brn|[from] item: Leftovers\n|-damage|p1a: Muk|191/321 brn|[from] brn\n|upkeep\n|turn|14\n|inactive|Noidea1992 has 120 seconds left.\n|\n|t:|1771167456\n|move|p1a: Muk|Poison Jab|p2a: Charizard\n|-damage|p2a: Charizard|0 fnt\n|faint|p2a: Charizard\n|\n|-heal|p1a: Muk|211/321 brn|[from] item: Leftovers\n|-damage|p1a: Muk|191/321 brn|[from] brn\n|upkeep\n|inactive|Noidea1992 has 120 seconds left.\n|inactive|Noidea1992 has 90 seconds left.\n|\n|t:|1771167497\n|switch|p2a: Samurott|Samurott, L88, M|310/310\n|-activate|p2a: Samurott|move: Sticky Web\n|-unboost|p2a: Samurott|spe|1\n|-status|p2a: Samurott|tox\n|turn|15\n|\n|t:|1771167502\n|move|p1a: Muk|Knock Off|p2a: Samurott\n|-damage|p2a: Samurott|273/310 tox\n|-enditem|p2a: Samurott|Life Orb|[from] move: Knock Off|[of] p1a: Muk\n|move|p2a: Samurott|Liquidation|p1a: Muk\n|-damage|p1a: Muk|82/321 brn\n|\n|-heal|p1a: Muk|102/321 brn|[from] item: Leftovers\n|-damage|p2a: Samurott|254/310 tox|[from] psn\n|-damage|p1a: Muk|82/321 brn|[from] brn\n|upkeep\n|turn|16\n|\n|t:|1771167511\n|move|p1a: Muk|Poison Jab|p2a: Samurott\n|-damage|p2a: Samurott|206/310 tox\n|move|p2a: Samurott|Liquidation|p1a: Muk\n|-damage|p1a: Muk|0 fnt\n|faint|p1a: Muk\n|\n|-damage|p2a: Samurott|168/310 tox|[from] psn\n|upkeep\n|\n|t:|1771167514\n|switch|p1a: Galvantula|Galvantula, L82, M|249/249\n|turn|17\n|\n|t:|1771167522\n|move|p2a: Samurott|Aqua Jet|p1a: Galvantula\n|-damage|p1a: Galvantula|179/249\n|move|p1a: Galvantula|Thunder|p2a: Samurott|[miss]\n|-miss|p1a: Galvantula|p2a: Samurott\n|\n|-damage|p2a: Samurott|111/310 tox|[from] psn\n|upkeep\n|turn|18\n|\n|t:|1771167528\n|move|p2a: Samurott|Aqua Jet|p1a: Galvantula\n|-damage|p1a: Galvantula|110/249\n|move|p1a: Galvantula|Thunder|p2a: Samurott\n|-supereffective|p2a: Samurott\n|-damage|p2a: Samurott|0 fnt\n|faint|p2a: Samurott\n|\n|upkeep\n|\n|t:|1771167532\n|switch|p2a: Glaceon|Glaceon, L94, M|217/275\n|turn|19\n|\n|t:|1771167537\n|move|p1a: Galvantula|Volt Switch|p2a: Glaceon\n|-damage|p2a: Glaceon|153/275\n|\n|t:|1771167539\n|switch|p1a: Jirachi|Jirachi, L80|291/291|[from] Volt Switch\n|move|p2a: Glaceon|Freeze-Dry|p1a: Jirachi\n|-resisted|p1a: Jirachi\n|-damage|p1a: Jirachi|240/291\n|\n|-heal|p1a: Jirachi|258/291|[from] item: Leftovers\n|upkeep\n|turn|20\n|\n|t:|1771167548\n|move|p1a: Jirachi|Iron Head|p2a: Glaceon\n|-supereffective|p2a: Glaceon\n|-damage|p2a: Glaceon|39/275\n|move|p2a: Glaceon|Wish|p2a: Glaceon\n|\n|-heal|p1a: Jirachi|276/291|[from] item: Leftovers\n|upkeep\n|turn|21\n|\n|t:|1771167554\n|move|p1a: Jirachi|Wish|p1a: Jirachi\n|move|p2a: Glaceon|Wish||[still]\n|-fail|p2a: Glaceon\n|\n|-heal|p2a: Glaceon|176/275|[from] move: Wish|[wisher] Glaceon\n|-heal|p1a: Jirachi|291/291|[from] item: Leftovers\n|upkeep\n|turn|22\n|\n|t:|1771167559\n|move|p2a: Glaceon|Protect|p2a: Glaceon\n|-singleturn|p2a: Glaceon|Protect\n|move|p1a: Jirachi|Body Slam|p2a: Glaceon\n|-activate|p2a: Glaceon|move: Protect\n|\n|upkeep\n|turn|23\n|\n|t:|1771167564\n|move|p1a: Jirachi|Body Slam|p2a: Glaceon\n|-damage|p2a: Glaceon|135/275\n|-status|p2a: Glaceon|par\n|cant|p2a: Glaceon|par\n|\n|upkeep\n|turn|24\n|\n|t:|1771167571\n|move|p1a: Jirachi|Iron Head|p2a: Glaceon\n|-supereffective|p2a: Glaceon\n|-damage|p2a: Glaceon|15/275 par\n|move|p2a: Glaceon|Wish|p2a: Glaceon\n|\n|upkeep\n|turn|25\n|\n|t:|1771167579\n|switch|p2a: Meowscarada|Meowscarada, L78, M|247/247\n|-activate|p2a: Meowscarada|move: Sticky Web\n|-unboost|p2a: Meowscarada|spe|1\n|-status|p2a: Meowscarada|tox\n|move|p1a: Jirachi|Iron Head|p2a: Meowscarada\n|-damage|p2a: Meowscarada|142/247 tox\n|\n|-heal|p2a: Meowscarada|247/247 tox|[from] move: Wish|[wisher] Glaceon\n|-damage|p2a: Meowscarada|232/247 tox|[from] psn\n|upkeep\n|turn|26\n|\n|t:|1771167589\n|switch|p1a: Regidrago|Regidrago, L77|435/435\n|move|p2a: Meowscarada|Knock Off|p1a: Regidrago\n|-start|p2a: Meowscarada|typechange|Dark|[from] ability: Protean\n|-damage|p1a: Regidrago|212/435\n|-enditem|p1a: Regidrago|Life Orb|[from] move: Knock Off|[of] p2a: Meowscarada\n|\n|-damage|p2a: Meowscarada|202/247 tox|[from] psn\n|upkeep\n|turn|27\n|\n|t:|1771167599\n|switch|p2a: Glaceon|Glaceon, L94, M|15/275 par\n|move|p1a: Regidrago|Dragon Claw|p2a: Glaceon\n|-damage|p2a: Glaceon|0 fnt\n|faint|p2a: Glaceon\n|\n|upkeep\n|\n|t:|1771167609\n|switch|p2a: Meowscarada|Meowscarada, L78, M|202/247 tox\n|-activate|p2a: Meowscarada|move: Sticky Web\n|-unboost|p2a: Meowscarada|spe|1\n|turn|28\n|\n|t:|1771167619\n|-terastallize|p1a: Regidrago|Steel\n|move|p1a: Regidrago|Dragon Claw|p2a: Meowscarada\n|-damage|p2a: Meowscarada|55/247 tox\n|move|p2a: Meowscarada|Triple Axel|p1a: Regidrago\n|-start|p2a: Meowscarada|typechange|Ice|[from] ability: Protean\n|-resisted|p1a: Regidrago\n|-damage|p1a: Regidrago|186/435\n|-resisted|p1a: Regidrago\n|-damage|p1a: Regidrago|133/435\n|-resisted|p1a: Regidrago\n|-damage|p1a: Regidrago|56/435\n|-hitcount|p1a: Regidrago|3\n|\n|-damage|p2a: Meowscarada|40/247 tox|[from] psn\n|upkeep\n|turn|29\n|\n|t:|1771167637\n|move|p1a: Regidrago|Dragon Claw|p2a: Meowscarada\n|-damage|p2a: Meowscarada|0 fnt\n|faint|p2a: Meowscarada\n|\n|upkeep\n|\n|t:|1771167651\n|switch|p2a: Meloetta|Meloetta, L82|216/298 par\n|-activate|p2a: Meloetta|move: Sticky Web\n|-unboost|p2a: Meloetta|spe|1\n|turn|30\n|\n|t:|1771167657\n|move|p1a: Regidrago|Dragon Claw|p2a: Meloetta\n|-damage|p2a: Meloetta|93/298 par\n|move|p2a: Meloetta|U-turn|p1a: Regidrago\n|-resisted|p1a: Regidrago\n|-damage|p1a: Regidrago|26/435\n|\n|t:|1771167660\n|switch|p2a: Rillaboom|Rillaboom, L79, M|288/288|[from] U-turn\n|-activate|p2a: Rillaboom|move: Sticky Web\n|-unboost|p2a: Rillaboom|spe|1\n|-status|p2a: Rillaboom|tox\n|-fieldstart|move: Grassy Terrain|[from] ability: Grassy Surge|[of] p2a: Rillaboom\n|\n|-heal|p1a: Regidrago|53/435|[from] Grassy Terrain\n|-damage|p2a: Rillaboom|270/288 tox|[from] psn\n|upkeep\n|turn|31\n|\n|t:|1771167665\n|move|p1a: Regidrago|Dragon Claw|p2a: Rillaboom\n|-damage|p2a: Rillaboom|147/288 tox\n|move|p2a: Rillaboom|Knock Off|p1a: Regidrago\n|-damage|p1a: Regidrago|0 fnt\n|faint|p1a: Regidrago\n|\n|-heal|p2a: Rillaboom|165/288 tox|[from] Grassy Terrain\n|-damage|p2a: Rillaboom|129/288 tox|[from] psn\n|upkeep\n|\n|t:|1771167676\n|switch|p1a: Galvantula|Galvantula, L82, M|110/249\n|turn|32\n|\n|t:|1771167682\n|move|p1a: Galvantula|Bug Buzz|p2a: Rillaboom\n|-supereffective|p2a: Rillaboom\n|-damage|p2a: Rillaboom|0 fnt\n|faint|p2a: Rillaboom\n|\n|-heal|p1a: Galvantula|125/249|[from] Grassy Terrain\n|upkeep\n|\n|t:|1771167684\n|switch|p2a: Meloetta|Meloetta, L82|93/298 par\n|-activate|p2a: Meloetta|move: Sticky Web\n|-unboost|p2a: Meloetta|spe|1\n|turn|33\n|\n|t:|1771167687\n|move|p1a: Galvantula|Bug Buzz|p2a: Meloetta\n|-supereffective|p2a: Meloetta\n|-damage|p2a: Meloetta|0 fnt\n|faint|p2a: Meloetta\n|\n|win|crossg\n|raw|crossg's rating: 1546 &rarr; <strong>1569</strong><br />(+23 for winning)\n|raw|Noidea1992's rating: 1602 &rarr; <strong>1579</strong><br />(-23 for losing)\n|c|☆crossg|gg\n|l|☆Noidea1992\n|player|p2|\n", "inputlog": ">version 686819e5e19f8a7fd2345cfc5a08a5085efa2cc3\n>start {\"formatid\":\"gen9randombattle\",\"seed\":\"sodium,5d77919927f6768c5c713347a5bfc8b6\",\"rated\":\"Rated battle\"}\n>player p1 {\"name\":\"crossg\",\"avatar\":\"169\",\"rating\":1546,\"seed\":\"sodium,77f33265e16b31d603cb1bb5085f6ad5\"}\n>player p2 {\"name\":\"Noidea1992\",\"avatar\":\"1\",\"rating\":1602,\"seed\":\"sodium,750ec8116ca0f63b0f4de2ab07a08093\"}\n>p1 move thunderwave\n>p2 switch 5\n>p1 move thunderwave\n>p2 move psyshock\n>p1 switch 5\n>p2 move psyshock\n>p1 move stickyweb\n>p2 switch 5\n>p1 move voltswitch\n>p2 move freezedry\n>p1 switch 5\n>p1 switch 4\n>p1 move bodyslam\n>p2 switch 6\n>p1 switch 3\n>p2 move willowisp\n>p1 move toxicspikes\n>p2 switch 5\n>p1 move knockoff\n>p2 move uturn\n>p1 move toxicspikes\n>p2 move uturn\n>p2 switch 5\n>p1 move knockoff\n>p2 move flamethrower\n>p1 move poisonjab\n>p2 move flamethrower\n>p1 move poisonjab\n>p2 move flamethrower\n>p1 move poisonjab\n>p2 move flamethrower\n>p2 switch 2\n>p1 move knockoff\n>p2 move liquidation\n>p1 move poisonjab\n>p2 move liquidation\n>p1 switch 5\n>p1 move thunder\n>p2 move aquajet\n>p1 move thunder\n>p2 move aquajet\n>p2 switch 6\n>p1 move voltswitch\n>p2 move freezedry\n>p1 switch 3\n>p1 move ironhead\n>p2 move wish\n>p1 move wish\n>p2 move wish\n>p1 move bodyslam\n>p2 move protect\n>p1 move bodyslam\n>p2 move wish\n>p1 move ironhead\n>p2 move wish\n>p1 move ironhead\n>p2 switch 4\n>p1 switch 6\n>p2 move knockoff\n>p1 move dragonclaw\n>p2 switch 4\n>p2 switch 4\n>p1 move dragonclaw terastallize\n>p2 move tripleaxel\n>p1 move dragonclaw\n>p2 move tripleaxel\n>p2 switch 5\n>p1 move dragonclaw\n>p2 move uturn\n>p2 switch 3\n>p1 move dragonclaw\n>p2 move knockoff\n>p1 switch 3\n>p1 move bugbuzz\n>p2 move knockoff\n>p2 switch 3\n>p1 move bugbuzz\n>p2 move hypervoice", "uploadtime": 1771167702, "views": 10, "formatid": "gen9randombattle", "rating": 1569, "private": 0, "password": null}