{"id": "gen9randombattle-2540634485", "format": "[Gen 9] Random Battle", "players": ["Norther2610", "FantasyWind"], "log": "|j|☆Norther2610\n|j|‽FantasyWind\n|t:|1771231337\n|gametype|singles\n|player|p1|Norther2610|169|1662\n|player|p2|FantasyWind|rosa|1707\n|gen|9\n|tier|[Gen 9] Random Battle\n|rated|\n|rule|Species Clause: Limit one of each Pokémon\n|rule|HP Percentage Mod: HP is shown in percentages\n|rule|Sleep Clause Mod: Limit one foe put to sleep\n|rule|Illusion Level Mod: Illusion disguises the Pokémon's true level\n|\n|t:|1771231337\n|teamsize|p1|6\n|teamsize|p2|6\n|start\n|switch|p1a: Luxray|Luxray, L88, M|283/283\n|switch|p2a: Raging Bolt|Raging Bolt, L78|323/323\n|turn|1\n|inactive|Battle timer is ON: inactive players will automatically lose when time's up. (requested by FantasyWind)\n|\n|t:|1771231365\n|-end|p2a: Raging Bolt|Protosynthesis|[silent]\n|switch|p2a: Greedent|Greedent, L86, M|347/347\n|move|p1a: Luxray|Play Rough|p2a: Greedent\n|-damage|p2a: Greedent|269/347\n|\n|-status|p1a: Luxray|brn|[from] item: Flame Orb\n|upkeep\n|turn|2\n|\n|t:|1771231378\n|switch|p1a: Bronzong|Bronzong, L88|261/261\n|move|p2a: Greedent|Swords Dance|p2a: Greedent\n|-boost|p2a: Greedent|atk|2\n|\n|upkeep\n|turn|3\n|\n|t:|1771231381\n|move|p1a: Bronzong|Iron Defense|p1a: Bronzong\n|-boost|p1a: Bronzong|def|2\n|move|p2a: Greedent|Knock Off|p1a: Bronzong\n|-supereffective|p1a: Bronzong\n|-damage|p1a: Bronzong|159/261\n|-enditem|p1a: Bronzong|Leftovers|[from] move: Knock Off|[of] p2a: Greedent\n|\n|upkeep\n|turn|4\n|\n|t:|1771231385\n|switch|p2a: Scream Tail|Scream Tail, L84|330/330\n|move|p1a: Bronzong|Iron Defense|p1a: Bronzong\n|-boost|p1a: Bronzong|def|2\n|\n|upkeep\n|turn|5\n|\n|t:|1771231388\n|move|p2a: Scream Tail|Encore|p1a: Bronzong\n|-start|p1a: Bronzong|Encore\n|move|p1a: Bronzong|Iron Defense|p1a: Bronzong\n|-boost|p1a: Bronzong|def|2\n|\n|upkeep\n|turn|6\n|\n|t:|1771231392\n|switch|p1a: Luxray|Luxray, L88, M|283/283 brn\n|move|p2a: Scream Tail|Play Rough|p1a: Luxray\n|-damage|p1a: Luxray|202/283 brn\n|\n|-damage|p1a: Luxray|185/283 brn|[from] brn\n|upkeep\n|turn|7\n|\n|t:|1771231394\n|move|p2a: Scream Tail|Play Rough|p1a: Luxray\n|-damage|p1a: Luxray|116/283 brn\n|-unboost|p1a: Luxray|atk|1\n|move|p1a: Luxray|Facade|p2a: Scream Tail\n|-damage|p2a: Scream Tail|203/330\n|\n|-heal|p2a: Scream Tail|223/330|[from] item: Leftovers\n|-damage|p1a: Luxray|99/283 brn|[from] brn\n|upkeep\n|turn|8\n|\n|t:|1771231407\n|switch|p1a: Bronzong|Bronzong, L88|159/261\n|move|p2a: Scream Tail|Play Rough|p1a: Bronzong|[miss]\n|-miss|p2a: Scream Tail|p1a: Bronzong\n|\n|-heal|p2a: Scream Tail|243/330|[from] item: Leftovers\n|upkeep\n|turn|9\n|\n|t:|1771231411\n|move|p2a: Scream Tail|Wish|p2a: Scream Tail\n|move|p1a: Bronzong|Iron Head|p2a: Scream Tail\n|-supereffective|p2a: Scream Tail\n|-damage|p2a: Scream Tail|87/330\n|\n|-heal|p2a: Scream Tail|107/330|[from] item: Leftovers\n|upkeep\n|turn|10\n|\n|t:|1771231414\n|-end|p2a: Scream Tail|Protosynthesis|[silent]\n|switch|p2a: Blastoise|Blastoise, L80, F|258/258\n|move|p1a: Bronzong|Iron Head|p2a: Blastoise\n|-resisted|p2a: Blastoise\n|-damage|p2a: Blastoise|214/258\n|\n|-heal|p2a: Blastoise|258/258|[from] move: Wish|[wisher] Scream Tail\n|upkeep\n|turn|11\n|\n|t:|1771231418\n|switch|p1a: Leafeon|Leafeon, L88, M|258/258\n|move|p2a: Blastoise|Shell Smash|p2a: Blastoise\n|-unboost|p2a: Blastoise|def|1\n|-unboost|p2a: Blastoise|spd|1\n|-boost|p2a: Blastoise|atk|2\n|-boost|p2a: Blastoise|spa|2\n|-boost|p2a: Blastoise|spe|2\n|-enditem|p2a: Blastoise|White Herb\n|-clearnegativeboost|p2a: Blastoise|[silent]\n|\n|upkeep\n|turn|12\n|\n|t:|1771231422\n|-terastallize|p2a: Blastoise|Electric\n|move|p2a: Blastoise|Ice Beam|p1a: Leafeon\n|-supereffective|p1a: Leafeon\n|-damage|p1a: Leafeon|10/258\n|-status|p1a: Leafeon|frz\n|cant|p1a: Leafeon|frz\n|\n|upkeep\n|turn|13\n|\n|t:|1771231432\n|move|p2a: Blastoise|Shell Smash|p2a: Blastoise\n|-unboost|p2a: Blastoise|def|1\n|-unboost|p2a: Blastoise|spd|1\n|-boost|p2a: Blastoise|atk|2\n|-boost|p2a: Blastoise|spa|2\n|-boost|p2a: Blastoise|spe|2\n|-curestatus|p1a: Leafeon|frz|[msg]\n|move|p1a: Leafeon|Leaf Blade|p2a: Blastoise\n|-damage|p2a: Blastoise|59/258\n|-damage|p1a: Leafeon|0 fnt|[from] item: Life Orb\n|faint|p1a: Leafeon\n|\n|upkeep\n|\n|t:|1771231447\n|switch|p1a: Ting-Lu|Ting-Lu, L78|370/370\n|-ability|p1a: Ting-Lu|Vessel of Ruin\n|turn|14\n|\n|t:|1771231457\n|-terastallize|p1a: Ting-Lu|Ghost\n|move|p2a: Blastoise|Hydro Pump|p1a: Ting-Lu\n|-damage|p1a: Ting-Lu|0 fnt\n|faint|p1a: Ting-Lu\n|\n|upkeep\n|-message|Norther2610 forfeited.\n|\n|win|FantasyWind\n|raw|Norther2610's rating: 1662 &rarr; <strong>1645</strong><br />(-17 for losing)\n|raw|FantasyWind's rating: 1707 &rarr; <strong>1724</strong><br />(+17 for winning)\n|l|☆Norther2610\n|player|p1|\n", "inputlog": ">version 686819e5e19f8a7fd2345cfc5a08a5085efa2cc3\n>start {\"formatid\":\"gen9randombattle\",\"seed\":\"sodium,26919e809134d8112346c9b18a80a549\",\"rated\":\"Rated battle\"}\n>player p1 {\"name\":\"Norther2610\",\"avatar\":\"169\",\"rating\":1662,\"seed\":\"sodium,8eaeb033f9562281e5181e70f66ecc15\"}\n>player p2 {\"name\":\"FantasyWind\",\"avatar\":\"rosa\",\"rating\":1707,\"seed\":\"sodium,1829f98ef72629373089987bd9ec4bc5\"}\n>p1 move playrough\n>p2 switch 6\n>p1 switch 2\n>p2 move swordsdance\n>p1 move irondefense\n>p2 move knockoff\n>p1 move irondefense\n>p2 switch 2\n>p1 move ironhead\n>p2 move encore\n>p1 switch 2\n>p2 move playrough\n>p1 move facade\n>p2 move playrough\n>p1 switch 2\n>p2 move playrough\n>p1 move ironhead\n>p2 move wish\n>p1 move ironhead\n>p2 switch 3\n>p1 switch 5\n>p2 move shellsmash\n>p1 move leafblade\n>p2 move icebeam terastallize\n>p1 move leafblade\n>p2 move shellsmash\n>p1 switch 6\n>p1 move earthquake terastallize\n>p2 move hydropump\n>forcelose p1", "uploadtime": 1771231464, "views": 13, "formatid": "gen9randombattle", "rating": 1645, "private": 0, "password": null}