{"id": "gen9randombattle-2540040898", "format": "[Gen 9] Random Battle", "players": ["AubreyBang", "nakr"], "log": "|j|☆AubreyBang\n|j|☆nakr\n|t:|1771150617\n|gametype|singles\n|player|p1|AubreyBang|karen|1626\n|player|p2|nakr|nurse|1625\n|gen|9\n|tier|[Gen 9] Random Battle\n|rated|\n|rule|Species Clause: Limit one of each Pokémon\n|rule|HP Percentage Mod: HP is shown in percentages\n|rule|Sleep Clause Mod: Limit one foe put to sleep\n|rule|Illusion Level Mod: Illusion disguises the Pokémon's true level\n|\n|t:|1771150617\n|teamsize|p1|6\n|teamsize|p2|6\n|start\n|switch|p1a: Orthworm|Orthworm, L88, F|266/266\n|switch|p2a: Araquanid|Araquanid, L82, F|246/246\n|turn|1\n|inactive|Battle timer is ON: inactive players will automatically lose when time's up. (requested by AubreyBang)\n|\n|t:|1771150634\n|switch|p1a: Skarmory|Skarmory, L80, M|235/235\n|move|p2a: Araquanid|Sticky Web|p1a: Skarmory\n|-sidestart|p1: AubreyBang|move: Sticky Web\n|\n|upkeep\n|turn|2\n|\n|t:|1771150647\n|move|p1a: Skarmory|Brave Bird|p2a: Araquanid\n|-supereffective|p2a: Araquanid\n|-damage|p2a: Araquanid|52/246\n|-damage|p1a: Skarmory|171/235|[from] Recoil\n|move|p2a: Araquanid|Hydro Pump|p1a: Skarmory\n|-damage|p1a: Skarmory|0 fnt\n|faint|p1a: Skarmory\n|\n|upkeep\n|\n|t:|1771150667\n|switch|p1a: Passimian|Passimian, L83, M|302/302\n|-activate|p1a: Passimian|move: Sticky Web\n|-unboost|p1a: Passimian|spe|1\n|-ability|p1a: Passimian|Defiant|boost\n|-boost|p1a: Passimian|atk|2\n|turn|3\n|\n|t:|1771150677\n|move|p1a: Passimian|Knock Off|p2a: Araquanid\n|-damage|p2a: Araquanid|0 fnt\n|-enditem|p2a: Araquanid|Heavy-Duty Boots|[from] move: Knock Off|[of] p1a: Passimian\n|faint|p2a: Araquanid\n|\n|upkeep\n|\n|t:|1771150684\n|switch|p2a: Dodrio|Dodrio, L85, F|241/241\n|turn|4\n|\n|t:|1771150691\n|switch|p1a: Orthworm|Orthworm, L88, F|266/266\n|-activate|p1a: Orthworm|move: Sticky Web\n|-unboost|p1a: Orthworm|spe|1\n|move|p2a: Dodrio|Brave Bird|p1a: Orthworm\n|-resisted|p1a: Orthworm\n|-damage|p1a: Orthworm|191/266\n|-damage|p2a: Dodrio|216/241|[from] Recoil\n|\n|upkeep\n|turn|5\n|\n|t:|1771150704\n|switch|p2a: Virizion|Virizion, L82|283/283\n|move|p1a: Orthworm|Coil|p1a: Orthworm\n|-boost|p1a: Orthworm|atk|1\n|-boost|p1a: Orthworm|def|1\n|-boost|p1a: Orthworm|accuracy|1\n|\n|upkeep\n|turn|6\n|\n|t:|1771150715\n|move|p2a: Virizion|Swords Dance|p2a: Virizion\n|-boost|p2a: Virizion|atk|2\n|move|p1a: Orthworm|Body Press|p2a: Virizion\n|-damage|p2a: Virizion|138/283\n|\n|upkeep\n|turn|7\n|\n|t:|1771150721\n|-terastallize|p1a: Orthworm|Fighting\n|move|p2a: Virizion|Close Combat|p1a: Orthworm\n|-damage|p1a: Orthworm|62/266\n|-unboost|p2a: Virizion|def|1\n|-unboost|p2a: Virizion|spd|1\n|-damage|p2a: Virizion|110/283|[from] item: Life Orb\n|move|p1a: Orthworm|Body Press|p2a: Virizion\n|-damage|p2a: Virizion|0 fnt\n|faint|p2a: Virizion\n|\n|upkeep\n|\n|t:|1771150729\n|switch|p2a: Dodrio|Dodrio, L85, F|216/241\n|turn|8\n|\n|t:|1771150735\n|move|p2a: Dodrio|Brave Bird|p1a: Orthworm\n|-supereffective|p1a: Orthworm\n|-damage|p1a: Orthworm|0 fnt\n|faint|p1a: Orthworm\n|-damage|p2a: Dodrio|196/241|[from] Recoil\n|\n|upkeep\n|\n|t:|1771150740\n|switch|p1a: Tentacruel|Tentacruel, L84, M|272/272\n|-activate|p1a: Tentacruel|move: Sticky Web\n|-unboost|p1a: Tentacruel|spe|1\n|turn|9\n|\n|t:|1771150748\n|switch|p2a: Klefki|Klefki, L84, M|233/233\n|move|p1a: Tentacruel|Rapid Spin|p2a: Klefki\n|-resisted|p2a: Klefki\n|-damage|p2a: Klefki|220/233\n|-boost|p1a: Tentacruel|spe|1\n|-sideend|p1: AubreyBang|Sticky Web|[from] move: Rapid Spin|[of] p1a: Tentacruel\n|\n|-heal|p2a: Klefki|233/233|[from] item: Leftovers\n|upkeep\n|turn|10\n|\n|t:|1771150752\n|move|p2a: Klefki|Thunder Wave|p1a: Tentacruel\n|-status|p1a: Tentacruel|par\n|move|p1a: Tentacruel|Surf|p2a: Klefki\n|-damage|p2a: Klefki|149/233\n|\n|-heal|p2a: Klefki|163/233|[from] item: Leftovers\n|upkeep\n|turn|11\n|\n|t:|1771150759\n|switch|p2a: Dunsparce|Dunsparce, L86, F|312/312\n|move|p1a: Tentacruel|Surf|p2a: Dunsparce\n|-damage|p2a: Dunsparce|243/312\n|\n|upkeep\n|turn|12\n|\n|t:|1771150766\n|move|p2a: Dunsparce|Coil|p2a: Dunsparce\n|-boost|p2a: Dunsparce|atk|1\n|-boost|p2a: Dunsparce|def|1\n|-boost|p2a: Dunsparce|accuracy|1\n|cant|p1a: Tentacruel|par\n|\n|upkeep\n|turn|13\n|\n|t:|1771150772\n|move|p2a: Dunsparce|Body Slam|p1a: Tentacruel\n|-damage|p1a: Tentacruel|136/272 par\n|cant|p1a: Tentacruel|par\n|\n|-heal|p1a: Tentacruel|153/272 par|[from] item: Leftovers\n|upkeep\n|turn|14\n|\n|t:|1771150778\n|move|p2a: Dunsparce|Earthquake|p1a: Tentacruel\n|-supereffective|p1a: Tentacruel\n|-damage|p1a: Tentacruel|0 fnt\n|faint|p1a: Tentacruel\n|\n|upkeep\n|\n|t:|1771150783\n|switch|p1a: Grimmsnarl|Grimmsnarl, L83, M|293/293\n|turn|15\n|\n|t:|1771150787\n|move|p1a: Grimmsnarl|Taunt|p2a: Dunsparce\n|-start|p2a: Dunsparce|move: Taunt\n|move|p2a: Dunsparce|Body Slam|p1a: Grimmsnarl\n|-damage|p1a: Grimmsnarl|146/293\n|\n|-heal|p1a: Grimmsnarl|164/293|[from] item: Leftovers\n|upkeep\n|turn|16\n|\n|t:|1771150793\n|move|p1a: Grimmsnarl|Parting Shot|p2a: Dunsparce\n|-unboost|p2a: Dunsparce|atk|1\n|-unboost|p2a: Dunsparce|spa|1\n|\n|t:|1771150795\n|switch|p1a: Passimian|Passimian, L83, M|302/302|[from] Parting Shot\n|move|p2a: Dunsparce|Body Slam|p1a: Passimian\n|-damage|p1a: Passimian|227/302\n|-status|p1a: Passimian|par\n|\n|upkeep\n|turn|17\n|\n|t:|1771150800\n|switch|p2a: Klefki|Klefki, L84, M|163/233\n|move|p1a: Passimian|Close Combat|p2a: Klefki\n|-damage|p2a: Klefki|27/233\n|-unboost|p1a: Passimian|def|1\n|-unboost|p1a: Passimian|spd|1\n|\n|-heal|p2a: Klefki|41/233|[from] item: Leftovers\n|upkeep\n|turn|18\n|\n|t:|1771150808\n|move|p2a: Klefki|Spikes|p1a: Passimian\n|-sidestart|p1: AubreyBang|Spikes\n|move|p1a: Passimian|Close Combat|p2a: Klefki\n|-damage|p2a: Klefki|0 fnt\n|-unboost|p1a: Passimian|def|1\n|-unboost|p1a: Passimian|spd|1\n|faint|p2a: Klefki\n|\n|upkeep\n|\n|t:|1771150814\n|switch|p2a: Dodrio|Dodrio, L85, F|196/241\n|turn|19\n|\n|t:|1771150817\n|move|p2a: Dodrio|Brave Bird|p1a: Passimian\n|-supereffective|p1a: Passimian\n|-damage|p1a: Passimian|0 fnt\n|faint|p1a: Passimian\n|-damage|p2a: Dodrio|121/241|[from] Recoil\n|\n|upkeep\n|\n|t:|1771150821\n|switch|p1a: Cloyster|Cloyster, L80, M|211/211\n|-damage|p1a: Cloyster|185/211|[from] Spikes\n|turn|20\n|\n|t:|1771150828\n|move|p2a: Dodrio|Brave Bird|p1a: Cloyster\n|-damage|p1a: Cloyster|58/211\n|-damage|p2a: Dodrio|79/241|[from] Recoil\n|move|p1a: Cloyster|Shell Smash|p1a: Cloyster\n|-unboost|p1a: Cloyster|def|1\n|-unboost|p1a: Cloyster|spd|1\n|-boost|p1a: Cloyster|atk|2\n|-boost|p1a: Cloyster|spa|2\n|-boost|p1a: Cloyster|spe|2\n|-enditem|p1a: Cloyster|White Herb\n|-clearnegativeboost|p1a: Cloyster|[silent]\n|\n|upkeep\n|turn|21\n|\n|t:|1771150834\n|move|p1a: Cloyster|Icicle Spear|p2a: Dodrio\n|-supereffective|p2a: Dodrio\n|-damage|p2a: Dodrio|0 fnt\n|faint|p2a: Dodrio\n|-hitcount|p2: Dodrio|1\n|\n|upkeep\n|\n|t:|1771150837\n|switch|p2a: Diancie|Diancie, L82|216/216\n|turn|22\n|\n|t:|1771150864\n|-terastallize|p2a: Diancie|Water\n|move|p1a: Cloyster|Drill Run|p2a: Diancie\n|-damage|p2a: Diancie|144/216\n|move|p2a: Diancie|Draining Kiss|p1a: Cloyster\n|-damage|p1a: Cloyster|0 fnt\n|-heal|p2a: Diancie|188/216|[from] drain|[of] p1a: Cloyster\n|faint|p1a: Cloyster\n|\n|-heal|p2a: Diancie|201/216|[from] item: Leftovers\n|upkeep\n|\n|t:|1771150868\n|switch|p1a: Grimmsnarl|Grimmsnarl, L83, M|164/293\n|-damage|p1a: Grimmsnarl|128/293|[from] Spikes\n|turn|23\n|\n|t:|1771150875\n|move|p1a: Grimmsnarl|Taunt|p2a: Diancie\n|-start|p2a: Diancie|move: Taunt\n|cant|p2a: Diancie|move: Taunt|Calm Mind\n|\n|-heal|p1a: Grimmsnarl|146/293|[from] item: Leftovers\n|-heal|p2a: Diancie|214/216|[from] item: Leftovers\n|upkeep\n|turn|24\n|\n|t:|1771150881\n|move|p1a: Grimmsnarl|Spirit Break|p2a: Diancie\n|-damage|p2a: Diancie|148/216\n|move|p2a: Diancie|Draining Kiss|p1a: Grimmsnarl\n|-supereffective|p1a: Grimmsnarl\n|-damage|p1a: Grimmsnarl|30/293\n|-heal|p2a: Diancie|216/216|[from] drain|[of] p1a: Grimmsnarl\n|\n|-heal|p1a: Grimmsnarl|48/293|[from] item: Leftovers\n|upkeep\n|turn|25\n|\n|t:|1771150887\n|move|p1a: Grimmsnarl|Spirit Break|p2a: Diancie\n|-damage|p2a: Diancie|155/216\n|move|p2a: Diancie|Diamond Storm|p1a: Grimmsnarl\n|-damage|p1a: Grimmsnarl|0 fnt\n|-boost|p2a: Diancie|def|2\n|faint|p1a: Grimmsnarl\n|\n|win|nakr\n|raw|AubreyBang's rating: 1626 &rarr; <strong>1606</strong><br />(-20 for losing)\n|raw|nakr's rating: 1625 &rarr; <strong>1645</strong><br />(+20 for winning)\n|l|☆AubreyBang\n|player|p1|\n", "inputlog": ">version 686819e5e19f8a7fd2345cfc5a08a5085efa2cc3\n>start {\"formatid\":\"gen9randombattle\",\"seed\":\"sodium,c5bd852a6280ff0920c13599a6c47bab\",\"rated\":\"Rated battle\"}\n>player p1 {\"name\":\"AubreyBang\",\"avatar\":\"karen\",\"rating\":1626,\"seed\":\"sodium,c829f52a661d14b4b5430099dd8a7cff\"}\n>player p2 {\"name\":\"nakr\",\"avatar\":\"nurse\",\"rating\":1625,\"seed\":\"sodium,2082b112b47aacb3846c3b08bd2c4fa0\"}\n>p1 switch 4\n>p2 move stickyweb\n>p1 move bravebird\n>p2 move hydropump\n>p1 switch 3\n>p1 move knockoff\n>p2 move liquidation\n>p2 switch 6\n>p1 switch 4\n>p2 move bravebird\n>p1 move coil\n>p2 switch 2\n>p1 move bodypress\n>p2 move swordsdance\n>p1 move bodypress terastallize\n>p2 move closecombat\n>p2 switch 2\n>p1 move rest\n>p2 move bravebird\n>p1 switch 2\n>p1 move rapidspin\n>p2 switch 3\n>p1 move surf\n>p2 move thunderwave\n>p1 move surf\n>p2 switch 4\n>p1 move sludgebomb\n>p2 move coil\n>p1 move sludgebomb\n>p2 move bodyslam\n>p1 move haze\n>p2 move earthquake\n>p1 switch 5\n>p1 move taunt\n>p2 move bodyslam\n>p1 move partingshot\n>p2 move bodyslam\n>p1 switch 4\n>p1 move closecombat\n>p2 switch 4\n>p1 move closecombat\n>p2 move spikes\n>p2 switch 3\n>p1 move closecombat\n>p2 move bravebird\n>p1 switch 6\n>p1 move shellsmash\n>p2 move bravebird\n>p1 move iciclespear\n>p2 move bravebird\n>p2 switch 5\n>p1 move drillrun\n>p2 move drainingkiss terastallize\n>p1 switch 4\n>p1 move taunt\n>p2 move calmmind\n>p1 move spiritbreak\n>p2 move drainingkiss\n>p1 move spiritbreak\n>p2 move diamondstorm", "uploadtime": 1771150893, "views": 14, "formatid": "gen9randombattle", "rating": 1606, "private": 0, "password": null}