{"id": "gen9randombattle-2540742236", "format": "[Gen 9] Random Battle", "players": ["shuem", "Honest Opp"], "log": "|j|☆shuem\n|j|☆Honest Opp\n|t:|1771248560\n|gametype|singles\n|player|p1|shuem|hoopster|1956\n|player|p2|Honest Opp|1|1958\n|gen|9\n|tier|[Gen 9] Random Battle\n|rated|\n|rule|Species Clause: Limit one of each Pokémon\n|rule|HP Percentage Mod: HP is shown in percentages\n|rule|Sleep Clause Mod: Limit one foe put to sleep\n|rule|Illusion Level Mod: Illusion disguises the Pokémon's true level\n|\n|t:|1771248560\n|teamsize|p1|6\n|teamsize|p2|6\n|start\n|switch|p1a: Regidrago|Regidrago, L77|435/435\n|switch|p2a: Bisharp|Bisharp, L79, M|232/232\n|turn|1\n|inactive|Battle timer is ON: inactive players will automatically lose when time's up. (requested by Honest Opp)\n|\n|t:|1771248570\n|move|p1a: Regidrago|Dragon Dance|p1a: Regidrago\n|-boost|p1a: Regidrago|atk|1\n|-boost|p1a: Regidrago|spe|1\n|move|p2a: Bisharp|Throat Chop|p1a: Regidrago\n|-damage|p1a: Regidrago|300/435\n|-start|p1a: Regidrago|Throat Chop|[silent]\n|\n|upkeep\n|turn|2\n|\n|t:|1771248576\n|move|p1a: Regidrago|Earthquake|p2a: Bisharp\n|-supereffective|p2a: Bisharp\n|-damage|p2a: Bisharp|81/232\n|-damage|p1a: Regidrago|257/435|[from] item: Life Orb\n|move|p2a: Bisharp|Iron Head|p1a: Regidrago\n|-damage|p1a: Regidrago|118/435\n|\n|-end|p1a: Regidrago|Throat Chop|[silent]\n|upkeep\n|turn|3\n|\n|t:|1771248595\n|move|p1a: Regidrago|Earthquake|p2a: Bisharp\n|-supereffective|p2a: Bisharp\n|-damage|p2a: Bisharp|0 fnt\n|faint|p2a: Bisharp\n|-damage|p1a: Regidrago|75/435|[from] item: Life Orb\n|\n|upkeep\n|\n|t:|1771248605\n|switch|p2a: Metagross|Metagross, L79|256/256\n|turn|4\n|\n|t:|1771248622\n|switch|p1a: Ursaring|Ursaring, L84, M|288/288\n|move|p2a: Metagross|Heavy Slam|p1a: Ursaring\n|-damage|p1a: Ursaring|192/288\n|\n|upkeep\n|turn|5\n|\n|t:|1771248629\n|move|p2a: Metagross|Knock Off|p1a: Ursaring\n|-damage|p1a: Ursaring|133/288\n|-enditem|p1a: Ursaring|Eviolite|[from] move: Knock Off|[of] p2a: Metagross\n|move|p1a: Ursaring|Body Slam|p2a: Metagross\n|-resisted|p2a: Metagross\n|-damage|p2a: Metagross|208/256\n|\n|upkeep\n|turn|6\n|\n|t:|1771248637\n|move|p2a: Metagross|Heavy Slam|p1a: Ursaring\n|-damage|p1a: Ursaring|3/288\n|move|p1a: Ursaring|Rest|p1a: Ursaring\n|-status|p1a: Ursaring|slp|[from] move: Rest\n|-heal|p1a: Ursaring|288/288 slp|[silent]\n|\n|upkeep\n|turn|7\n|\n|t:|1771248650\n|move|p2a: Metagross|Heavy Slam|p1a: Ursaring\n|-damage|p1a: Ursaring|152/288 slp\n|cant|p1a: Ursaring|slp\n|move|p1a: Ursaring|Sleep Talk|p1a: Ursaring\n|move|p1a: Ursaring|Rest||[from] move: Sleep Talk|[still]\n|-fail|p1a: Ursaring\n|\n|upkeep\n|turn|8\n|\n|t:|1771248658\n|move|p2a: Metagross|Heavy Slam|p1a: Ursaring\n|-damage|p1a: Ursaring|8/288 slp\n|cant|p1a: Ursaring|slp\n|move|p1a: Ursaring|Sleep Talk|p1a: Ursaring\n|move|p1a: Ursaring|Body Slam|p2a: Metagross|[from] move: Sleep Talk\n|-resisted|p2a: Metagross\n|-damage|p2a: Metagross|137/256\n|\n|upkeep\n|turn|9\n|\n|t:|1771248670\n|switch|p1a: Manaphy|Manaphy, L78|284/284\n|move|p2a: Metagross|Knock Off|p1a: Manaphy\n|-damage|p1a: Manaphy|210/284\n|-enditem|p1a: Manaphy|Leftovers|[from] move: Knock Off|[of] p2a: Metagross\n|\n|upkeep\n|turn|10\n|\n|t:|1771248691\n|switch|p2a: Chansey|Chansey, L85, F|564/564\n|move|p1a: Manaphy|Tail Glow|p1a: Manaphy\n|-boost|p1a: Manaphy|spa|3\n|\n|upkeep\n|turn|11\n|\n|t:|1771248706\n|switch|p1a: Tropius|Tropius, L91, F|328/328\n|move|p2a: Chansey|Thunder Wave|p1a: Tropius\n|-status|p1a: Tropius|par\n|\n|upkeep\n|turn|12\n|\n|t:|1771248727\n|switch|p2a: Calyrex|Calyrex-Ice, L72|263/263\n|-ability|p2a: Calyrex|As One\n|-ability|p2a: Calyrex|Unnerve\n|cant|p1a: Tropius|par\n|\n|upkeep\n|turn|13\n|\n|t:|1771248736\n|switch|p1a: Rotom|Rotom-Frost, L87|229/229\n|move|p2a: Calyrex|Glacial Lance|p1a: Rotom\n|-resisted|p1a: Rotom\n|-damage|p1a: Rotom|173/229\n|\n|upkeep\n|turn|14\n|\n|t:|1771248744\n|switch|p1a: Ursaring|Ursaring, L84, M|8/288 slp\n|switch|p2a: Chansey|Chansey, L85, F|564/564\n|\n|upkeep\n|turn|15\n|\n|t:|1771248757\n|switch|p2a: Metagross|Metagross, L79|137/256\n|-curestatus|p1a: Ursaring|slp|[msg]\n|move|p1a: Ursaring|Rest|p1a: Ursaring\n|-status|p1a: Ursaring|slp|[from] move: Rest\n|-heal|p1a: Ursaring|288/288 slp|[silent]\n|\n|upkeep\n|turn|16\n|\n|t:|1771248765\n|switch|p1a: Manaphy|Manaphy, L78|210/284\n|move|p2a: Metagross|Heavy Slam|p1a: Manaphy\n|-resisted|p1a: Manaphy\n|-damage|p1a: Manaphy|143/284\n|\n|upkeep\n|turn|17\n|\n|t:|1771248771\n|switch|p1a: Regidrago|Regidrago, L77|75/435\n|switch|p2a: Chansey|Chansey, L85, F|564/564\n|\n|upkeep\n|turn|18\n|\n|t:|1771248777\n|switch|p2a: Metagross|Metagross, L79|137/256\n|move|p1a: Regidrago|Dragon Dance|p1a: Regidrago\n|-boost|p1a: Regidrago|atk|1\n|-boost|p1a: Regidrago|spe|1\n|\n|upkeep\n|turn|19\n|\n|t:|1771248789\n|switch|p2a: Calyrex|Calyrex-Ice, L72|263/263\n|-ability|p2a: Calyrex|As One\n|-ability|p2a: Calyrex|Unnerve\n|move|p1a: Regidrago|Earthquake|p2a: Calyrex\n|-damage|p2a: Calyrex|167/263\n|-damage|p1a: Regidrago|32/435|[from] item: Life Orb\n|\n|upkeep\n|turn|20\n|\n|t:|1771248797\n|switch|p2a: Metagross|Metagross, L79|137/256\n|move|p1a: Regidrago|Dragon Claw|p2a: Metagross\n|-resisted|p2a: Metagross\n|-damage|p2a: Metagross|55/256\n|-damage|p1a: Regidrago|0 fnt|[from] item: Life Orb\n|faint|p1a: Regidrago\n|\n|upkeep\n|\n|t:|1771248807\n|switch|p1a: Rotom|Rotom-Frost, L87|173/229\n|turn|21\n|\n|t:|1771248812\n|switch|p1a: Ursaring|Ursaring, L84, M|288/288 slp\n|move|p2a: Metagross|Heavy Slam|p1a: Ursaring\n|-damage|p1a: Ursaring|149/288 slp\n|\n|upkeep\n|turn|22\n|\n|t:|1771248817\n|switch|p1a: Rotom|Rotom-Frost, L87|173/229\n|move|p2a: Metagross|Heavy Slam|p1a: Rotom\n|-damage|p1a: Rotom|43/229\n|\n|upkeep\n|turn|23\n|\n|t:|1771248822\n|switch|p2a: Chansey|Chansey, L85, F|564/564\n|move|p1a: Rotom|Thunderbolt|p2a: Chansey\n|-damage|p2a: Chansey|506/564\n|\n|upkeep\n|turn|24\n|\n|t:|1771248831\n|switch|p1a: Tropius|Tropius, L91, F|328/328 par\n|move|p2a: Chansey|Seismic Toss|p1a: Tropius\n|-damage|p1a: Tropius|243/328 par\n|\n|upkeep\n|turn|25\n|\n|t:|1771248846\n|switch|p2a: Calyrex|Calyrex-Ice, L72|167/263\n|-ability|p2a: Calyrex|As One\n|-ability|p2a: Calyrex|Unnerve\n|switch|p1a: Ursaring|Ursaring, L84, M|149/288 slp\n|\n|upkeep\n|turn|26\n|\n|t:|1771248858\n|cant|p1a: Ursaring|slp\n|move|p1a: Ursaring|Sleep Talk|p1a: Ursaring\n|move|p1a: Ursaring|Earthquake|p2a: Calyrex|[from] move: Sleep Talk\n|-damage|p2a: Calyrex|65/263\n|move|p2a: Calyrex|Trick Room|p2a: Calyrex\n|-fieldstart|move: Trick Room|[of] p2a: Calyrex\n|\n|upkeep\n|turn|27\n|\n|t:|1771248871\n|switch|p1a: Tropius|Tropius, L91, F|243/328 par\n|move|p2a: Calyrex|Glacial Lance|p1a: Tropius\n|-supereffective|p1a: Tropius\n|-damage|p1a: Tropius|0 fnt\n|faint|p1a: Tropius\n|-ability|p2a: Calyrex|Chilling Neigh|boost\n|-boost|p2a: Calyrex|atk|1\n|\n|upkeep\n|\n|t:|1771248889\n|switch|p1a: Manaphy|Manaphy, L78|143/284\n|turn|28\n|\n|t:|1771248895\n|move|p2a: Calyrex|Close Combat|p1a: Manaphy\n|-damage|p1a: Manaphy|8/284\n|-unboost|p2a: Calyrex|def|1\n|-unboost|p2a: Calyrex|spd|1\n|move|p1a: Manaphy|Surf|p2a: Calyrex\n|-damage|p2a: Calyrex|0 fnt\n|faint|p2a: Calyrex\n|\n|upkeep\n|\n|t:|1771248908\n|switch|p2a: Metagross|Metagross, L79|55/256\n|turn|29\n|\n|t:|1771248920\n|move|p2a: Metagross|Knock Off|p1a: Manaphy\n|-damage|p1a: Manaphy|0 fnt\n|faint|p1a: Manaphy\n|\n|upkeep\n|\n|t:|1771248925\n|switch|p1a: Ursaring|Ursaring, L84, M|149/288 slp\n|turn|30\n|\n|t:|1771248931\n|switch|p2a: Misdreavus|Misdreavus, L90, M|254/254\n|cant|p1a: Ursaring|slp\n|move|p1a: Ursaring|Sleep Talk|p1a: Ursaring\n|move|p1a: Ursaring|Rest||[from] move: Sleep Talk|[still]\n|-fail|p1a: Ursaring\n|\n|-fieldend|move: Trick Room\n|upkeep\n|turn|31\n|\n|t:|1771248944\n|switch|p1a: Rotom|Rotom-Frost, L87|43/229\n|move|p2a: Misdreavus|Calm Mind|p2a: Misdreavus\n|-boost|p2a: Misdreavus|spa|1\n|-boost|p2a: Misdreavus|spd|1\n|\n|upkeep\n|turn|32\n|\n|t:|1771248949\n|move|p2a: Misdreavus|Shadow Ball|p1a: Rotom\n|-damage|p1a: Rotom|0 fnt\n|faint|p1a: Rotom\n|\n|upkeep\n|\n|t:|1771248951\n|switch|p1a: Leafeon|Leafeon, L88, F|258/258\n|turn|33\n|\n|t:|1771248956\n|-terastallize|p2a: Misdreavus|Fairy\n|move|p1a: Leafeon|Substitute|p1a: Leafeon\n|-start|p1a: Leafeon|Substitute\n|-damage|p1a: Leafeon|194/258\n|move|p2a: Misdreavus|Will-O-Wisp||[still]\n|-fail|p2a: Misdreavus\n|\n|-heal|p1a: Leafeon|210/258|[from] item: Leftovers\n|upkeep\n|turn|34\n|\n|t:|1771248964\n|move|p1a: Leafeon|Swords Dance|p1a: Leafeon\n|-boost|p1a: Leafeon|atk|2\n|move|p2a: Misdreavus|Shadow Ball|p1a: Leafeon\n|-end|p1a: Leafeon|Substitute\n|\n|-heal|p1a: Leafeon|226/258|[from] item: Leftovers\n|upkeep\n|turn|35\n|\n|t:|1771248980\n|-terastallize|p1a: Leafeon|Dark\n|move|p1a: Leafeon|Substitute|p1a: Leafeon\n|-start|p1a: Leafeon|Substitute\n|-damage|p1a: Leafeon|162/258\n|move|p2a: Misdreavus|Draining Kiss|p1a: Leafeon\n|-supereffective|p1a: Leafeon\n|-end|p1a: Leafeon|Substitute\n|\n|-heal|p1a: Leafeon|178/258|[from] item: Leftovers\n|upkeep\n|turn|36\n|\n|t:|1771248987\n|move|p1a: Leafeon|Leaf Blade|p2a: Misdreavus\n|-damage|p2a: Misdreavus|55/254\n|move|p2a: Misdreavus|Draining Kiss|p1a: Leafeon\n|-supereffective|p1a: Leafeon\n|-damage|p1a: Leafeon|0 fnt\n|-heal|p2a: Misdreavus|189/254|[from] drain|[of] p1a: Leafeon\n|faint|p1a: Leafeon\n|\n|upkeep\n|l|☆shuem\n|inactive|shuem disconnected and has a minute to reconnect!\n|player|p1|\n|c|☆Honest Opp|p a c k e d\n|c|☆Honest Opp|they call me usps dawg\n|inactive|shuem has 30 seconds to reconnect!\n|inactive|shuem has 20 seconds to reconnect!\n|inactive|shuem has 15 seconds to reconnect!\n|inactive|shuem has 10 seconds to reconnect!\n|inactive|shuem has 5 seconds to reconnect!\n|-message|shuem lost due to inactivity.\n|\n|win|Honest Opp\n|raw|shuem's rating: 1956 &rarr; <strong>1936</strong><br />(-20 for losing)\n|raw|Honest Opp's rating: 1958 &rarr; <strong>1978</strong><br />(+20 for winning)\n", "inputlog": ">version 686819e5e19f8a7fd2345cfc5a08a5085efa2cc3\n>start {\"formatid\":\"gen9randombattle\",\"seed\":\"sodium,f69776e6a4790366ec59c28abca097a4\",\"rated\":\"Rated battle\"}\n>player p1 {\"name\":\"shuem\",\"avatar\":\"hoopster\",\"rating\":1956,\"seed\":\"sodium,05b6c92fff1c0d3980e300b72992443b\"}\n>player p2 {\"name\":\"Honest Opp\",\"avatar\":\"1\",\"rating\":1958,\"seed\":\"sodium,ce646141b156f348d993578bbdb72351\"}\n>p1 move dragondance\n>p2 move throatchop\n>p1 move earthquake\n>p2 move ironhead\n>p1 move earthquake\n>p2 move throatchop\n>p2 switch 4\n>p1 switch 4\n>p2 move heavyslam\n>p1 move bodyslam\n>p2 move knockoff\n>p1 move rest\n>p2 move heavyslam\n>p1 move sleeptalk\n>p2 move heavyslam\n>p1 move sleeptalk\n>p2 move heavyslam\n>p1 switch 3\n>p2 move knockoff\n>p1 move tailglow\n>p2 switch 6\n>p1 switch 2\n>p2 move thunderwave\n>p1 move dragondance\n>p2 switch 2\n>p1 switch 5\n>p2 move glaciallance\n>p1 switch 3\n>p2 switch 2\n>p1 move rest\n>p2 switch 6\n>p1 switch 2\n>p2 move heavyslam\n>p1 switch 4\n>p2 switch 6\n>p1 move dragondance\n>p2 switch 6\n>p1 move earthquake\n>p2 switch 2\n>p1 move dragonclaw\n>p2 switch 2\n>p1 switch 3\n>p1 switch 2\n>p2 move heavyslam\n>p1 switch 2\n>p2 move heavyslam\n>p1 move thunderbolt\n>p2 switch 6\n>p1 switch 5\n>p2 move seismictoss\n>p1 switch 2\n>p2 switch 2\n>p1 move sleeptalk\n>p2 move trickroom\n>p1 switch 2\n>p2 move glaciallance\n>p1 switch 4\n>p1 move surf\n>p2 move closecombat\n>p2 switch 6\n>p1 move surf\n>p2 move knockoff\n>p1 switch 2\n>p1 move sleeptalk\n>p2 switch 3\n>p1 switch 5\n>p2 move calmmind\n>p1 move willowisp\n>p2 move shadowball\n>p1 switch 6\n>p1 move substitute\n>p2 move willowisp terastallize\n>p1 move swordsdance\n>p2 move shadowball\n>p1 move substitute terastallize\n>p2 move drainingkiss\n>p1 move leafblade\n>p2 move drainingkiss\n>chat ☆Honest Opp|p a c k e d\n>chat ☆Honest Opp|they call me usps dawg\n>forcelose p1", "uploadtime": 1771249068, "views": 5, "formatid": "gen9randombattle", "rating": 1936, "private": 0, "password": null}