{"id": "gen9randombattle-2539966090", "format": "[Gen 9] Random Battle", "players": ["nooks n grannies", "LizarDune"], "log": "|badge|p1|bronze|gen9randombattle|100-8\n|uhtml|medal-msg|<div class=\"broadcast-blue\">Curious what those medals under the avatar are? PS now has Ladder Seasons! For more information, check out the <a href=\"https://www.smogon.com/forums/threads/3740067/\">thread on Smogon.</a></div>\n|badge|p2|bronze|gen9randombattle|100-8\n|uhtml|medal-msg|<div class=\"broadcast-blue\">Curious what those medals under the avatar are? PS now has Ladder Seasons! For more information, check out the <a href=\"https://www.smogon.com/forums/threads/3740067/\">thread on Smogon.</a></div>\n|j|☆nooks n grannies\n|j|☆LizarDune\n|t:|1771134867\n|gametype|singles\n|player|p1|nooks n grannies|madame|2318\n|player|p2|LizarDune|musician|2387\n|gen|9\n|tier|[Gen 9] Random Battle\n|rated|\n|rule|Species Clause: Limit one of each Pokémon\n|rule|HP Percentage Mod: HP is shown in percentages\n|rule|Sleep Clause Mod: Limit one foe put to sleep\n|rule|Illusion Level Mod: Illusion disguises the Pokémon's true level\n|\n|t:|1771134867\n|teamsize|p1|6\n|teamsize|p2|6\n|start\n|switch|p1a: Bronzong|Bronzong, L88|261/261\n|switch|p2a: Blaziken|Blaziken, L76, F|247/247\n|turn|1\n|inactive|Battle timer is ON: inactive players will automatically lose when time's up. (requested by LizarDune)\n|inactive|nooks n grannies also wants the timer to be on.\n|inactive|nooks n grannies has 120 seconds left.\n|\n|t:|1771134918\n|switch|p2a: Swampert|Swampert, L83, M|302/302\n|move|p1a: Bronzong|Psychic Noise|p2a: Swampert\n|-damage|p2a: Swampert|227/302\n|-start|p2a: Swampert|move: Heal Block\n|\n|upkeep\n|turn|2\n|\n|t:|1771134946\n|move|p2a: Swampert|Stealth Rock|p1a: Bronzong\n|-sidestart|p1: nooks n grannies|move: Stealth Rock\n|move|p1a: Bronzong|Iron Defense|p1a: Bronzong\n|-boost|p1a: Bronzong|def|2\n|\n|-end|p2a: Swampert|move: Heal Block\n|upkeep\n|turn|3\n|\n|t:|1771134953\n|move|p2a: Swampert|Yawn|p1a: Bronzong\n|-start|p1a: Bronzong|move: Yawn|[of] p2a: Swampert\n|move|p1a: Bronzong|Body Press|p2a: Swampert\n|-crit|p2a: Swampert\n|-damage|p2a: Swampert|13/302\n|\n|-heal|p2a: Swampert|31/302|[from] item: Leftovers\n|upkeep\n|turn|4\n|inactive|nooks n grannies has 120 seconds left.\n|\n|t:|1771134986\n|move|p2a: Swampert|Flip Turn|p1a: Bronzong\n|-damage|p1a: Bronzong|221/261\n|\n|t:|1771134989\n|switch|p2a: Tentacruel|Tentacruel, L84, F|272/272|[from] Flip Turn\n|move|p1a: Bronzong|Body Press|p2a: Tentacruel\n|-resisted|p2a: Tentacruel\n|-damage|p2a: Tentacruel|178/272\n|\n|-end|p1a: Bronzong|move: Yawn|[silent]\n|-status|p1a: Bronzong|slp\n|upkeep\n|-enditem|p1a: Bronzong|Chesto Berry|[eat]\n|-curestatus|p1a: Bronzong|slp|[msg]\n|turn|5\n|inactive|nooks n grannies has 120 seconds left.\n|\n|t:|1771135002\n|move|p2a: Tentacruel|Surf|p1a: Bronzong\n|-damage|p1a: Bronzong|154/261\n|move|p1a: Bronzong|Psychic Noise|p2a: Tentacruel\n|-supereffective|p2a: Tentacruel\n|-damage|p2a: Tentacruel|104/272\n|-start|p2a: Tentacruel|move: Heal Block\n|\n|upkeep\n|turn|6\n|inactive|nooks n grannies has 120 seconds left.\n|\n|t:|1771135016\n|move|p2a: Tentacruel|Surf|p1a: Bronzong\n|-damage|p1a: Bronzong|91/261\n|move|p1a: Bronzong|Body Press|p2a: Tentacruel\n|-resisted|p2a: Tentacruel\n|-damage|p2a: Tentacruel|18/272\n|\n|-end|p2a: Tentacruel|move: Heal Block\n|upkeep\n|turn|7\n|\n|t:|1771135027\n|switch|p2a: Blaziken|Blaziken, L76, F|247/247\n|move|p1a: Bronzong|Body Press|p2a: Blaziken\n|-damage|p2a: Blaziken|68/247\n|\n|upkeep\n|turn|8\n|inactive|nooks n grannies has 120 seconds left.\n|\n|t:|1771135054\n|move|p2a: Blaziken|Flare Blitz|p1a: Bronzong\n|-supereffective|p1a: Bronzong\n|-damage|p1a: Bronzong|0 fnt\n|faint|p1a: Bronzong\n|-damage|p2a: Blaziken|38/247|[from] Recoil\n|-damage|p2a: Blaziken|14/247|[from] item: Life Orb\n|\n|-ability|p2a: Blaziken|Speed Boost|boost\n|-boost|p2a: Blaziken|spe|1\n|upkeep\n|\n|t:|1771135059\n|switch|p1a: Conkeldurr|Conkeldurr, L80, F|299/299\n|-damage|p1a: Conkeldurr|281/299|[from] Stealth Rock\n|turn|9\n|\n|t:|1771135081\n|move|p1a: Conkeldurr|Mach Punch|p2a: Blaziken\n|-damage|p2a: Blaziken|0 fnt\n|faint|p2a: Blaziken\n|\n|-status|p1a: Conkeldurr|brn|[from] item: Flame Orb\n|upkeep\n|\n|t:|1771135090\n|switch|p2a: Mightyena|Mightyena, L96, F|290/290\n|-ability|p2a: Mightyena|Intimidate|boost\n|-unboost|p1a: Conkeldurr|atk|1\n|turn|10\n|inactive|nooks n grannies has 120 seconds left.\n|\n|t:|1771135110\n|switch|p1a: Grafaiai|Grafaiai, L86, F|249/249\n|-damage|p1a: Grafaiai|218/249|[from] Stealth Rock\n|-terastallize|p2a: Mightyena|Fairy\n|move|p2a: Mightyena|Play Rough|p1a: Grafaiai|[miss]\n|-miss|p2a: Mightyena|p1a: Grafaiai\n|\n|upkeep\n|turn|11\n|inactive|nooks n grannies has 120 seconds left.\n|\n|t:|1771135122\n|switch|p2a: Swampert|Swampert, L83, M|31/302\n|move|p1a: Grafaiai|Gunk Shot|p2a: Swampert\n|-resisted|p2a: Swampert\n|-damage|p2a: Swampert|0 fnt\n|faint|p2a: Swampert\n|\n|upkeep\n|inactive|LizarDune has 120 seconds left.\n|\n|t:|1771135160\n|switch|p2a: Zekrom|Zekrom, L71|259/259\n|-ability|p2a: Zekrom|Teravolt\n|turn|12\n|inactive|nooks n grannies has 120 seconds left.\n|\n|t:|1771135181\n|move|p1a: Grafaiai|U-turn|p2a: Zekrom\n|-damage|p2a: Zekrom|213/259\n|-status|p2a: Zekrom|psn|[from] ability: Poison Touch|[of] p1a: Grafaiai\n|\n|t:|1771135187\n|switch|p1a: Gardevoir|Gardevoir, L83, M|249/249|[from] U-turn\n|-damage|p1a: Gardevoir|218/249|[from] Stealth Rock\n|-ability|p1a: Gardevoir|Teravolt|Trace|[from] ability: Trace|[of] p2a: Zekrom\n|-ability|p1a: Gardevoir|Teravolt\n|move|p2a: Zekrom|Dragon Dance|p2a: Zekrom\n|-boost|p2a: Zekrom|atk|1\n|-boost|p2a: Zekrom|spe|1\n|\n|-heal|p2a: Zekrom|229/259 psn|[from] item: Leftovers\n|-damage|p2a: Zekrom|197/259 psn|[from] psn\n|upkeep\n|turn|13\n|inactive|nooks n grannies has 120 seconds left.\n|\n|t:|1771135195\n|move|p1a: Gardevoir|Moonblast|p2a: Zekrom\n|-supereffective|p2a: Zekrom\n|-damage|p2a: Zekrom|0 fnt\n|faint|p2a: Zekrom\n|\n|upkeep\n|-message|LizarDune forfeited.\n|\n|win|nooks n grannies\n|raw|nooks n grannies's rating: 2318 &rarr; <strong>2342</strong><br />(+24 for winning)\n|raw|LizarDune's rating: 2387 &rarr; <strong>2363</strong><br />(-24 for losing)\n|l|☆LizarDune\n|player|p2|\n", "inputlog": ">version 686819e5e19f8a7fd2345cfc5a08a5085efa2cc3\n>start {\"formatid\":\"gen9randombattle\",\"seed\":\"sodium,367b2a73a501c80b157a83fe6ad189bb\",\"rated\":\"Rated battle\"}\n>player p1 {\"name\":\"nooks n grannies\",\"avatar\":\"madame\",\"rating\":2318,\"seed\":\"sodium,8d4d0f11127f2546f35940db080bf310\"}\n>player p2 {\"name\":\"LizarDune\",\"avatar\":\"musician\",\"rating\":2387,\"seed\":\"sodium,96235ea5a50bd4b0614679b4024bf8eb\"}\n>p1 move psychicnoise\n>p2 switch 3\n>p1 move irondefense\n>p2 move stealthrock\n>p1 move bodypress\n>p2 move yawn\n>p1 move bodypress\n>p2 move flipturn\n>p2 switch 4\n>p1 move psychicnoise\n>p2 move surf\n>p1 move bodypress\n>p2 move surf\n>p1 move bodypress\n>p2 switch 3\n>p1 move bodypress\n>p2 move flareblitz\n>p1 switch 4\n>p1 move machpunch\n>p2 move closecombat\n>p2 switch 6\n>p1 switch 6\n>p2 move playrough terastallize\n>p1 move gunkshot\n>p2 switch 4\n>p2 switch 5\n>p1 move uturn\n>p2 move dragondance\n>p1 switch 3\n>p1 move moonblast\n>p2 move boltstrike\n>forcelose p2", "uploadtime": 1771135205, "views": 18, "formatid": "gen9randombattle", "rating": 2342, "private": 0, "password": null}