{"id": "gen9randombattle-2540482907", "format": "[Gen 9] Random Battle", "players": ["beeponi", "Phani42"], "log": "|j|☆beeponi\n|j|☆Phani42\n|t:|1771207610\n|gametype|singles\n|player|p1|beeponi|swimmer-gen4dp|1823\n|player|p2|Phani42|102|1776\n|gen|9\n|tier|[Gen 9] Random Battle\n|rated|\n|rule|Species Clause: Limit one of each Pokémon\n|rule|HP Percentage Mod: HP is shown in percentages\n|rule|Sleep Clause Mod: Limit one foe put to sleep\n|rule|Illusion Level Mod: Illusion disguises the Pokémon's true level\n|\n|t:|1771207610\n|teamsize|p1|6\n|teamsize|p2|6\n|start\n|switch|p1a: Okidogi|Okidogi, L77, M|262/262\n|switch|p2a: Qwilfish|Qwilfish, L86, M|252/252\n|-ability|p2a: Qwilfish|Intimidate|boost\n|-unboost|p1a: Okidogi|atk|1\n|turn|1\n|inactive|Battle timer is ON: inactive players will automatically lose when time's up. (requested by Phani42)\n|\n|t:|1771207621\n|move|p2a: Qwilfish|Thunder Wave|p1a: Okidogi\n|-status|p1a: Okidogi|par\n|move|p1a: Okidogi|Knock Off|p2a: Qwilfish\n|-damage|p2a: Qwilfish|201/252\n|-enditem|p2a: Qwilfish|Heavy-Duty Boots|[from] move: Knock Off|[of] p1a: Okidogi\n|\n|upkeep\n|turn|2\n|\n|t:|1771207628\n|move|p2a: Qwilfish|Flip Turn|p1a: Okidogi\n|-damage|p1a: Okidogi|201/262 par\n|\n|t:|1771207634\n|switch|p2a: Piloswine|Piloswine, L85, M|309/309|[from] Flip Turn\n|move|p1a: Okidogi|Psychic Fangs|p2a: Piloswine\n|-damage|p2a: Piloswine|277/309\n|\n|upkeep\n|turn|3\n|\n|t:|1771207641\n|move|p2a: Piloswine|Icicle Crash|p1a: Okidogi\n|-damage|p1a: Okidogi|117/262 par\n|cant|p1a: Okidogi|flinch\n|\n|upkeep\n|turn|4\n|\n|t:|1771207646\n|switch|p1a: Granbull|Granbull, L88, M|302/302\n|-ability|p1a: Granbull|Intimidate|boost\n|-unboost|p2a: Piloswine|atk|1\n|move|p2a: Piloswine|Earthquake|p1a: Granbull\n|-crit|p1a: Granbull\n|-damage|p1a: Granbull|107/302\n|\n|-heal|p1a: Granbull|125/302|[from] item: Leftovers\n|upkeep\n|turn|5\n|\n|t:|1771207653\n|move|p2a: Piloswine|Earthquake|p1a: Granbull\n|-damage|p1a: Granbull|40/302\n|move|p1a: Granbull|Play Rough|p2a: Piloswine\n|-damage|p2a: Piloswine|187/309\n|\n|-heal|p1a: Granbull|58/302|[from] item: Leftovers\n|upkeep\n|turn|6\n|\n|t:|1771207658\n|move|p2a: Piloswine|Earthquake|p1a: Granbull\n|-damage|p1a: Granbull|0 fnt\n|faint|p1a: Granbull\n|\n|upkeep\n|\n|t:|1771207664\n|switch|p1a: Ambipom|Ambipom, L84, F|263/263\n|turn|7\n|\n|t:|1771207669\n|switch|p2a: Qwilfish|Qwilfish, L86, M|201/252\n|-ability|p2a: Qwilfish|Intimidate|boost\n|-unboost|p1a: Ambipom|atk|1\n|move|p1a: Ambipom|Fake Out|p2a: Qwilfish\n|-damage|p2a: Qwilfish|147/252\n|\n|upkeep\n|turn|8\n|\n|t:|1771207683\n|move|p1a: Ambipom|U-turn|p2a: Qwilfish\n|-resisted|p2a: Qwilfish\n|-damage|p2a: Qwilfish|128/252\n|\n|t:|1771207685\n|switch|p1a: Okidogi|Okidogi, L77, M|117/262 par|[from] U-turn\n|move|p2a: Qwilfish|Flip Turn|p1a: Okidogi\n|-damage|p1a: Okidogi|63/262 par\n|\n|t:|1771207689\n|switch|p2a: Piloswine|Piloswine, L85, M|187/309|[from] Flip Turn\n|\n|upkeep\n|turn|9\n|\n|t:|1771207692\n|move|p2a: Piloswine|Earthquake|p1a: Okidogi\n|-supereffective|p1a: Okidogi\n|-damage|p1a: Okidogi|0 fnt\n|faint|p1a: Okidogi\n|\n|upkeep\n|\n|t:|1771207695\n|switch|p1a: Ambipom|Ambipom, L84, F|263/263\n|turn|10\n|\n|t:|1771207699\n|switch|p2a: Qwilfish|Qwilfish, L86, M|128/252\n|-ability|p2a: Qwilfish|Intimidate|boost\n|-unboost|p1a: Ambipom|atk|1\n|move|p1a: Ambipom|Fake Out|p2a: Qwilfish\n|-damage|p2a: Qwilfish|76/252\n|\n|upkeep\n|turn|11\n|\n|t:|1771207705\n|move|p1a: Ambipom|Double-Edge|p2a: Qwilfish\n|-damage|p2a: Qwilfish|0 fnt\n|faint|p2a: Qwilfish\n|-damage|p1a: Ambipom|238/263|[from] Recoil\n|\n|upkeep\n|\n|t:|1771207714\n|switch|p2a: Piloswine|Piloswine, L85, M|187/309\n|turn|12\n|\n|t:|1771207717\n|move|p1a: Ambipom|Knock Off|p2a: Piloswine\n|-damage|p2a: Piloswine|154/309\n|-enditem|p2a: Piloswine|Eviolite|[from] move: Knock Off|[of] p1a: Ambipom\n|move|p2a: Piloswine|Earthquake|p1a: Ambipom\n|-damage|p1a: Ambipom|96/263\n|\n|upkeep\n|turn|13\n|\n|t:|1771207729\n|move|p2a: Piloswine|Ice Shard|p1a: Ambipom\n|-damage|p1a: Ambipom|41/263\n|move|p1a: Ambipom|U-turn|p2a: Piloswine\n|-damage|p2a: Piloswine|119/309\n|\n|t:|1771207732\n|switch|p1a: Regice|Regice, L88|284/284|[from] U-turn\n|\n|upkeep\n|turn|14\n|\n|t:|1771207741\n|move|p1a: Regice|Body Press|p2a: Piloswine\n|-supereffective|p2a: Piloswine\n|-damage|p2a: Piloswine|0 fnt\n|faint|p2a: Piloswine\n|\n|upkeep\n|\n|t:|1771207746\n|switch|p2a: Golduck|Golduck, L90, F|290/290\n|-ability|p2a: Golduck|Cloud Nine\n|turn|15\n|\n|t:|1771207751\n|move|p2a: Golduck|Nasty Plot|p2a: Golduck\n|-boost|p2a: Golduck|spa|2\n|move|p1a: Regice|Thunder Wave|p2a: Golduck\n|-status|p2a: Golduck|par\n|\n|upkeep\n|turn|16\n|\n|t:|1771207756\n|move|p1a: Regice|Thunderbolt|p2a: Golduck\n|-supereffective|p2a: Golduck\n|-damage|p2a: Golduck|144/290 par\n|cant|p2a: Golduck|par\n|\n|upkeep\n|turn|17\n|\n|t:|1771207761\n|move|p1a: Regice|Thunderbolt|p2a: Golduck\n|-supereffective|p2a: Golduck\n|-damage|p2a: Golduck|0 fnt\n|faint|p2a: Golduck\n|\n|upkeep\n|\n|t:|1771207763\n|switch|p2a: Girafarig|Girafarig, L89, F|269/269\n|turn|18\n|\n|t:|1771207766\n|move|p2a: Girafarig|Nasty Plot|p2a: Girafarig\n|-boost|p2a: Girafarig|spa|2\n|move|p1a: Regice|Thunder Wave|p2a: Girafarig\n|-status|p2a: Girafarig|par\n|\n|upkeep\n|turn|19\n|\n|t:|1771207771\n|move|p1a: Regice|Ice Beam|p2a: Girafarig\n|-damage|p2a: Girafarig|190/269 par\n|move|p2a: Girafarig|Psyshock|p1a: Regice\n|-damage|p1a: Regice|136/284\n|\n|upkeep\n|turn|20\n|\n|t:|1771207777\n|move|p1a: Regice|Ice Beam|p2a: Girafarig\n|-damage|p2a: Girafarig|106/269 par\n|move|p2a: Girafarig|Psyshock|p1a: Regice\n|-damage|p1a: Regice|0 fnt\n|faint|p1a: Regice\n|\n|upkeep\n|\n|t:|1771207783\n|switch|p1a: Ambipom|Ambipom, L84, F|41/263\n|turn|21\n|\n|t:|1771207785\n|move|p1a: Ambipom|Fake Out|p2a: Girafarig\n|-damage|p2a: Girafarig|40/269 par\n|cant|p2a: Girafarig|flinch\n|\n|upkeep\n|turn|22\n|\n|t:|1771207790\n|move|p1a: Ambipom|Knock Off|p2a: Girafarig\n|-supereffective|p2a: Girafarig\n|-damage|p2a: Girafarig|0 fnt\n|-enditem|p2a: Girafarig|Eviolite|[from] move: Knock Off|[of] p1a: Ambipom\n|faint|p2a: Girafarig\n|\n|upkeep\n|\n|t:|1771207799\n|switch|p2a: Mimikyu|Mimikyu, L79, F|216/216\n|turn|23\n|\n|t:|1771207814\n|move|p1a: Ambipom|Knock Off|p2a: Mimikyu\n|-activate|p2a: Mimikyu|ability: Disguise\n|-damage|p2a: Mimikyu|216/216\n|-enditem|p2a: Mimikyu|Life Orb|[from] move: Knock Off|[of] p1a: Ambipom\n|detailschange|p2a: Mimikyu|Mimikyu-Busted, L79, F\n|-damage|p2a: Mimikyu|189/216|[from] pokemon: Mimikyu-Busted\n|move|p2a: Mimikyu|Swords Dance|p2a: Mimikyu\n|-boost|p2a: Mimikyu|atk|2\n|\n|upkeep\n|turn|24\n|\n|t:|1771207825\n|move|p1a: Ambipom|U-turn|p2a: Mimikyu\n|-resisted|p2a: Mimikyu\n|-damage|p2a: Mimikyu|174/216\n|\n|t:|1771207830\n|switch|p1a: Lunala|Lunala, L70|308/308|[from] U-turn\n|move|p2a: Mimikyu|Drain Punch|p1a: Lunala\n|-immune|p1a: Lunala\n|\n|upkeep\n|turn|25\n|\n|t:|1771207835\n|-terastallize|p1a: Lunala|Fairy\n|move|p2a: Mimikyu|Shadow Sneak|p1a: Lunala\n|-damage|p1a: Lunala|267/308\n|move|p1a: Lunala|Moongeist Beam|p2a: Mimikyu\n|-supereffective|p2a: Mimikyu\n|-damage|p2a: Mimikyu|0 fnt\n|faint|p2a: Mimikyu\n|\n|-heal|p1a: Lunala|286/308|[from] item: Leftovers\n|upkeep\n|\n|t:|1771207839\n|switch|p2a: Gengar|Gengar, L81, F|230/230\n|turn|26\n|\n|t:|1771207852\n|switch|p1a: Ambipom|Ambipom, L84, F|41/263\n|move|p2a: Gengar|Sludge Wave|p1a: Ambipom\n|-damage|p1a: Ambipom|0 fnt\n|faint|p1a: Ambipom\n|-damage|p2a: Gengar|207/230|[from] item: Life Orb\n|\n|upkeep\n|\n|t:|1771207861\n|switch|p1a: Cinccino|Cinccino, L83, F|260/260\n|turn|27\n|\n|t:|1771207867\n|move|p1a: Cinccino|Triple Axel|p2a: Gengar\n|-damage|p2a: Gengar|180/230\n|-start|p1a: Cinccino|Disable|Triple Axel|[from] ability: Cursed Body|[of] p2a: Gengar\n|-damage|p2a: Gengar|119/230\n|-damage|p2a: Gengar|38/230\n|-hitcount|p2a: Gengar|3\n|move|p2a: Gengar|Focus Blast|p1a: Cinccino\n|-supereffective|p1a: Cinccino\n|-damage|p1a: Cinccino|0 fnt\n|faint|p1a: Cinccino\n|-damage|p2a: Gengar|15/230|[from] item: Life Orb\n|\n|upkeep\n|\n|t:|1771207873\n|switch|p1a: Lunala|Lunala, L70, tera:Fairy|286/308\n|turn|28\n|\n|t:|1771207882\n|move|p2a: Gengar|Sludge Wave|p1a: Lunala\n|-supereffective|p1a: Lunala\n|-damage|p1a: Lunala|0 fnt\n|faint|p1a: Lunala\n|-damage|p2a: Gengar|0 fnt|[from] item: Life Orb\n|faint|p2a: Gengar\n|\n|win|Phani42\n|raw|beeponi's rating: 1823 &rarr; <strong>1800</strong><br />(-23 for losing)\n|raw|Phani42's rating: 1776 &rarr; <strong>1799</strong><br />(+23 for winning)\n|l|☆beeponi\n|player|p1|\n", "inputlog": ">version 686819e5e19f8a7fd2345cfc5a08a5085efa2cc3\n>start {\"formatid\":\"gen9randombattle\",\"seed\":\"sodium,5f8e078b9484a8f1854bbbbab27ad0f2\",\"rated\":\"Rated battle\"}\n>player p1 {\"name\":\"beeponi\",\"avatar\":\"swimmer-gen4dp\",\"rating\":1823,\"seed\":\"sodium,85b38548f32f70627da62139017e11de\"}\n>player p2 {\"name\":\"Phani42\",\"avatar\":\"102\",\"rating\":1776,\"seed\":\"sodium,bcdb49e01fb9a2a0314d78d5ea68c4b1\"}\n>p1 move knockoff\n>p2 move thunderwave\n>p1 move psychicfangs\n>p2 move flipturn\n>p2 switch 5\n>p1 move knockoff\n>p2 move iciclecrash\n>p1 switch 4\n>p2 move earthquake\n>p1 move playrough\n>p2 move earthquake\n>p1 move playrough\n>p2 move earthquake\n>p1 switch 3\n>p1 move fakeout\n>p2 switch 5\n>p1 move uturn\n>p2 move flipturn\n>p1 switch 4\n>p2 switch 5\n>p1 move knockoff\n>p2 move earthquake\n>p1 switch 4\n>p1 move fakeout\n>p2 switch 5\n>p1 move doubleedge\n>p2 move thunderwave\n>p2 switch 5\n>p1 move knockoff\n>p2 move earthquake\n>p1 move uturn\n>p2 move iceshard\n>p1 switch 6\n>p1 move bodypress\n>p2 move earthquake\n>p2 switch 3\n>p1 move thunderwave\n>p2 move nastyplot\n>p1 move thunderbolt\n>p2 move hydropump\n>p1 move thunderbolt\n>p2 move hydropump\n>p2 switch 6\n>p1 move thunderwave\n>p2 move nastyplot\n>p1 move icebeam\n>p2 move psyshock\n>p1 move icebeam\n>p2 move psyshock\n>p1 switch 6\n>p1 move fakeout\n>p2 move psyshock\n>p1 move knockoff\n>p2 move psyshock\n>p2 switch 4\n>p1 move knockoff\n>p2 move swordsdance\n>p1 move uturn\n>p2 move drainpunch\n>p1 switch 2\n>p1 move moongeistbeam terastallize\n>p2 move shadowsneak\n>p2 switch 2\n>p1 switch 2\n>p2 move sludgewave\n>p1 switch 5\n>p1 move tripleaxel\n>p2 move focusblast\n>p1 switch 2\n>p1 move psyshock\n>p2 move sludgewave", "uploadtime": 1771207885, "views": 8, "formatid": "gen9randombattle", "rating": 1799, "private": 0, "password": null}