{"id": "gen9randombattle-2540570811", "format": "[Gen 9] Random Battle", "players": ["FoonDesFleurs", "wdasdfsdxz"], "log": "|j|☆FoonDesFleurs\n|j|☆wdasdfsdxz\n|t:|1771219768\n|gametype|singles\n|player|p1|FoonDesFleurs|cynthia-masters|1500\n|player|p2|wdasdfsdxz|2|1529\n|gen|9\n|tier|[Gen 9] Random Battle\n|rated|\n|rule|Species Clause: Limit one of each Pokémon\n|rule|HP Percentage Mod: HP is shown in percentages\n|rule|Sleep Clause Mod: Limit one foe put to sleep\n|rule|Illusion Level Mod: Illusion disguises the Pokémon's true level\n|\n|t:|1771219768\n|teamsize|p1|6\n|teamsize|p2|6\n|start\n|switch|p1a: Articuno|Articuno, L86|295/295\n|switch|p2a: Oranguru|Oranguru, L92, F|315/315\n|-ability|p1a: Articuno|Pressure\n|turn|1\n|inactive|Battle timer is ON: inactive players will automatically lose when time's up. (requested by FoonDesFleurs)\n|\n|t:|1771219791\n|move|p1a: Articuno|Freeze-Dry|p2a: Oranguru\n|-damage|p2a: Oranguru|251/315\n|move|p2a: Oranguru|Nasty Plot|p2a: Oranguru\n|-boost|p2a: Oranguru|spa|2\n|\n|-heal|p2a: Oranguru|270/315|[from] item: Leftovers\n|upkeep\n|turn|2\n|\n|t:|1771219796\n|move|p1a: Articuno|Haze|p1a: Articuno\n|-clearallboost\n|move|p2a: Oranguru|Thunderbolt|p1a: Articuno\n|-supereffective|p1a: Articuno\n|-damage|p1a: Articuno|191/295\n|\n|-heal|p2a: Oranguru|289/315|[from] item: Leftovers\n|upkeep\n|turn|3\n|\n|t:|1771219799\n|move|p1a: Articuno|Freeze-Dry|p2a: Oranguru\n|-damage|p2a: Oranguru|225/315\n|move|p2a: Oranguru|Thunderbolt|p1a: Articuno\n|-supereffective|p1a: Articuno\n|-damage|p1a: Articuno|87/295\n|\n|-heal|p2a: Oranguru|244/315|[from] item: Leftovers\n|upkeep\n|turn|4\n|\n|t:|1771219802\n|move|p1a: Articuno|Roost|p1a: Articuno\n|-heal|p1a: Articuno|235/295\n|-singleturn|p1a: Articuno|move: Roost\n|move|p2a: Oranguru|Thunderbolt|p1a: Articuno\n|-damage|p1a: Articuno|182/295\n|\n|-heal|p2a: Oranguru|263/315|[from] item: Leftovers\n|upkeep\n|turn|5\n|\n|t:|1771219808\n|switch|p2a: Scream Tail|Scream Tail, L84|330/330\n|move|p1a: Articuno|Freeze-Dry|p2a: Scream Tail\n|-damage|p2a: Scream Tail|263/330\n|\n|-heal|p2a: Scream Tail|283/330|[from] item: Leftovers\n|upkeep\n|turn|6\n|\n|t:|1771219825\n|switch|p1a: Emboar|Emboar, L84, F|322/322\n|move|p2a: Scream Tail|Thunder Wave|p1a: Emboar|[miss]\n|-miss|p2a: Scream Tail|p1a: Emboar\n|\n|-heal|p2a: Scream Tail|303/330|[from] item: Leftovers\n|upkeep\n|turn|7\n|c|☆wdasdfsdxz|olololololol\n|c|☆wdasdfsdxz|missed 8 90% moves out of 9 in my last 2 games combined now\n|inactive|wdasdfsdxz has 120 seconds left.\n|\n|t:|1771219861\n|-end|p2a: Scream Tail|Protosynthesis|[silent]\n|switch|p2a: Rampardos|Rampardos, L90, F|321/321\n|move|p1a: Emboar|Knock Off|p2a: Rampardos\n|-damage|p2a: Rampardos|218/321\n|-enditem|p2a: Rampardos|Life Orb|[from] move: Knock Off|[of] p1a: Emboar\n|\n|upkeep\n|turn|8\n|inactive|wdasdfsdxz has 120 seconds left.\n|\n|t:|1771219868\n|switch|p2a: Scream Tail|Scream Tail, L84|303/330\n|move|p1a: Emboar|Close Combat|p2a: Scream Tail\n|-resisted|p2a: Scream Tail\n|-damage|p2a: Scream Tail|267/330\n|-unboost|p1a: Emboar|def|1\n|-unboost|p1a: Emboar|spd|1\n|\n|-heal|p2a: Scream Tail|287/330|[from] item: Leftovers\n|upkeep\n|turn|9\n|inactive|wdasdfsdxz has 120 seconds left.\n|c|☆FoonDesFleurs|luck is a skill\n|\n|t:|1771219896\n|-end|p2a: Scream Tail|Protosynthesis|[silent]\n|switch|p2a: Rampardos|Rampardos, L90, F|218/321\n|switch|p1a: Granbull|Granbull, L88, F|302/302\n|-ability|p1a: Granbull|Intimidate|boost\n|-unboost|p2a: Rampardos|atk|1\n|\n|upkeep\n|turn|10\n|c|☆wdasdfsdxz|how so\n|\n|t:|1771219912\n|switch|p2a: Sandaconda|Sandaconda, L84, F|258/258\n|move|p1a: Granbull|Earthquake|p2a: Sandaconda\n|-crit|p2a: Sandaconda\n|-damage|p2a: Sandaconda|152/258\n|\n|upkeep\n|turn|11\n|c|☆wdasdfsdxz|lololololololololl\n|c|☆wdasdfsdxz|lolololol\n|c|☆FoonDesFleurs|that's what I mean\n|inactive|FoonDesFleurs has 120 seconds left.\n|\n|t:|1771219933\n|move|p2a: Sandaconda|Coil|p2a: Sandaconda\n|-boost|p2a: Sandaconda|atk|1\n|-boost|p2a: Sandaconda|def|1\n|-boost|p2a: Sandaconda|accuracy|1\n|move|p1a: Granbull|Encore|p2a: Sandaconda\n|-start|p2a: Sandaconda|Encore\n|\n|upkeep\n|turn|12\n|c|☆wdasdfsdxz|explain the skill\n|\n|t:|1771219939\n|move|p2a: Sandaconda|Coil|p2a: Sandaconda\n|-boost|p2a: Sandaconda|atk|1\n|-boost|p2a: Sandaconda|def|1\n|-boost|p2a: Sandaconda|accuracy|1\n|move|p1a: Granbull|Earthquake|p2a: Sandaconda\n|-damage|p2a: Sandaconda|119/258\n|\n|upkeep\n|turn|13\n|\n|t:|1771219945\n|switch|p1a: Articuno|Articuno, L86|182/295\n|-ability|p1a: Articuno|Pressure\n|move|p2a: Sandaconda|Coil|p2a: Sandaconda\n|-boost|p2a: Sandaconda|atk|1\n|-boost|p2a: Sandaconda|def|1\n|-boost|p2a: Sandaconda|accuracy|1\n|\n|upkeep\n|turn|14\n|\n|t:|1771219950\n|switch|p2a: Scream Tail|Scream Tail, L84|287/330\n|move|p1a: Articuno|Freeze-Dry|p2a: Scream Tail\n|-damage|p2a: Scream Tail|227/330\n|\n|-heal|p2a: Scream Tail|247/330|[from] item: Leftovers\n|upkeep\n|turn|15\n|\n|t:|1771219958\n|switch|p1a: Granbull|Granbull, L88, F|302/302\n|-ability|p1a: Granbull|Intimidate|boost\n|-unboost|p2a: Scream Tail|atk|1\n|move|p2a: Scream Tail|Thunder Wave|p1a: Granbull\n|-status|p1a: Granbull|par\n|\n|-heal|p2a: Scream Tail|267/330|[from] item: Leftovers\n|upkeep\n|turn|16\n|\n|t:|1771219967\n|move|p2a: Scream Tail|Wish|p2a: Scream Tail\n|move|p1a: Granbull|Thunder Wave|p2a: Scream Tail\n|-status|p2a: Scream Tail|par\n|\n|-heal|p2a: Scream Tail|287/330 par|[from] item: Leftovers\n|upkeep\n|turn|17\n|\n|t:|1771219979\n|-end|p2a: Scream Tail|Protosynthesis|[silent]\n|switch|p2a: Sandaconda|Sandaconda, L84, F|119/258\n|move|p1a: Granbull|Encore||[still]\n|-fail|p1a: Granbull\n|\n|-heal|p2a: Sandaconda|258/258|[from] move: Wish|[wisher] Scream Tail\n|upkeep\n|turn|18\n|\n|t:|1771219988\n|move|p2a: Sandaconda|Rock Blast|p1a: Granbull\n|-damage|p1a: Granbull|280/302 par\n|-damage|p1a: Granbull|258/302 par\n|-crit|p1a: Granbull\n|-damage|p1a: Granbull|224/302 par\n|-damage|p1a: Granbull|202/302 par\n|-hitcount|p1a: Granbull|4\n|move|p1a: Granbull|Encore|p2a: Sandaconda\n|-start|p2a: Sandaconda|Encore\n|\n|-heal|p1a: Granbull|220/302 par|[from] item: Leftovers\n|upkeep\n|turn|19\n|\n|t:|1771220008\n|switch|p1a: Suicune|Suicune, L82|298/298\n|-ability|p1a: Suicune|Pressure\n|move|p2a: Sandaconda|Rock Blast|p1a: Suicune\n|-damage|p1a: Suicune|282/298\n|-damage|p1a: Suicune|264/298\n|-damage|p1a: Suicune|248/298\n|-damage|p1a: Suicune|230/298\n|-damage|p1a: Suicune|214/298\n|-hitcount|p1a: Suicune|5\n|\n|-heal|p1a: Suicune|232/298|[from] item: Leftovers\n|upkeep\n|turn|20\n|\n|t:|1771220015\n|-terastallize|p2a: Sandaconda|Dragon\n|move|p1a: Suicune|Calm Mind|p1a: Suicune\n|-boost|p1a: Suicune|spa|1\n|-boost|p1a: Suicune|spd|1\n|move|p2a: Sandaconda|Rock Blast|p1a: Suicune\n|-damage|p1a: Suicune|217/298\n|-damage|p1a: Suicune|201/298\n|-damage|p1a: Suicune|185/298\n|-damage|p1a: Suicune|170/298\n|-damage|p1a: Suicune|153/298\n|-hitcount|p1a: Suicune|5\n|\n|-heal|p1a: Suicune|171/298|[from] item: Leftovers\n|upkeep\n|turn|21\n|\n|t:|1771220021\n|move|p1a: Suicune|Scald|p2a: Sandaconda\n|-resisted|p2a: Sandaconda\n|-damage|p2a: Sandaconda|188/258\n|move|p2a: Sandaconda|Rock Blast|p1a: Suicune\n|-damage|p1a: Suicune|155/298\n|-damage|p1a: Suicune|137/298\n|-damage|p1a: Suicune|121/298\n|-damage|p1a: Suicune|105/298\n|-hitcount|p1a: Suicune|4\n|\n|-heal|p1a: Suicune|123/298|[from] item: Leftovers\n|-end|p2a: Sandaconda|Encore\n|upkeep\n|turn|22\n|\n|t:|1771220028\n|move|p1a: Suicune|Scald|p2a: Sandaconda\n|-resisted|p2a: Sandaconda\n|-damage|p2a: Sandaconda|119/258\n|-status|p2a: Sandaconda|brn\n|move|p2a: Sandaconda|Scale Shot|p1a: Suicune|[miss]\n|-miss|p2a: Sandaconda|p1a: Suicune\n|\n|-heal|p1a: Suicune|141/298|[from] item: Leftovers\n|-damage|p2a: Sandaconda|103/258 brn|[from] brn\n|upkeep\n|turn|23\n|c|☆wdasdfsdxz|lolololololololololo\n|c|☆wdasdfsdxz|kll urself\n|c|☆wdasdfsdxz|rtard\n|c|☆wdasdfsdxz|fg\n|c|☆FoonDesFleurs|uh huh\n|-message|wdasdfsdxz forfeited.\n|\n|win|FoonDesFleurs\n|raw|FoonDesFleurs's rating: 1500 &rarr; <strong>1522</strong><br />(+22 for winning)\n|raw|wdasdfsdxz's rating: 1529 &rarr; <strong>1507</strong><br />(-22 for losing)\n|l|☆wdasdfsdxz\n|player|p2|\n", "inputlog": ">version 686819e5e19f8a7fd2345cfc5a08a5085efa2cc3\n>start {\"formatid\":\"gen9randombattle\",\"seed\":\"sodium,ad7d270afcc61ad72624d31e2adc5fd5\",\"rated\":\"Rated battle\"}\n>player p1 {\"name\":\"FoonDesFleurs\",\"avatar\":\"cynthia-masters\",\"rating\":1500,\"seed\":\"sodium,2e49b1c55a779c3c1448e73770b24172\"}\n>player p2 {\"name\":\"wdasdfsdxz\",\"avatar\":\"2\",\"rating\":1529,\"seed\":\"sodium,fb29c4043e01789f9584dffe7b286b25\"}\n>p1 move freezedry\n>p2 move nastyplot\n>p1 move haze\n>p2 move thunderbolt\n>p1 move freezedry\n>p2 move thunderbolt\n>p1 move roost\n>p2 move thunderbolt\n>p1 move freezedry\n>p2 switch 2\n>p1 switch 2\n>p2 move thunderwave\n>chat ☆wdasdfsdxz|olololololol\n>chat ☆wdasdfsdxz|missed 8 90% moves out of 9 in my last 2 games combined now\n>p1 move knockoff\n>p2 switch 5\n>p1 move closecombat\n>p2 switch 5\n>chat ☆FoonDesFleurs|luck is a skill\n>p1 switch 4\n>p2 switch 5\n>chat ☆wdasdfsdxz|how so\n>p1 move earthquake\n>p2 switch 4\n>chat ☆wdasdfsdxz|lololololololololl\n>chat ☆wdasdfsdxz|lolololol\n>chat ☆FoonDesFleurs|that's what I mean\n>p1 move encore\n>p2 move coil\n>chat ☆wdasdfsdxz|explain the skill\n>p1 move earthquake\n>p2 move coil\n>p1 switch 2\n>p2 move coil\n>p1 move freezedry\n>p2 switch 5\n>p1 switch 2\n>p2 move thunderwave\n>p1 move thunderwave\n>p2 move wish\n>p1 move encore\n>p2 switch 5\n>p1 move encore\n>p2 move rockblast\n>p1 switch 6\n>p2 move rockblast\n>p1 move calmmind\n>p2 move rockblast terastallize\n>p1 move scald\n>p2 move rockblast\n>p1 move scald\n>p2 move scaleshot\n>chat ☆wdasdfsdxz|lolololololololololo\n>chat ☆wdasdfsdxz|kll urself\n>chat ☆wdasdfsdxz|rtard\n>chat ☆wdasdfsdxz|fg\n>chat ☆FoonDesFleurs|uh huh\n>forcelose p2", "uploadtime": 1771220065, "views": 14, "formatid": "gen9randombattle", "rating": 1507, "private": 0, "password": null}