{"id": "gen9randombattle-2540831365", "format": "[Gen 9] Random Battle", "players": ["ZariaLxss", "reubreub"], "log": "|j|☆ZariaLxss\n|j|☆reubreub\n|t:|1771258569\n|gametype|singles\n|player|p1|ZariaLxss|elesa|1594\n|player|p2|reubreub|youngster-gen4dp|1565\n|gen|9\n|tier|[Gen 9] Random Battle\n|rated|\n|rule|Species Clause: Limit one of each Pokémon\n|rule|HP Percentage Mod: HP is shown in percentages\n|rule|Sleep Clause Mod: Limit one foe put to sleep\n|rule|Illusion Level Mod: Illusion disguises the Pokémon's true level\n|\n|t:|1771258569\n|teamsize|p1|6\n|teamsize|p2|6\n|start\n|switch|p1a: Gurdurr|Gurdurr, L85, M|283/283\n|switch|p2a: Magearna|Magearna, L77|250/250\n|turn|1\n|inactive|Battle timer is ON: inactive players will automatically lose when time's up. (requested by reubreub)\n|\n|t:|1771258582\n|switch|p1a: Perrserker|Perrserker, L89, F|269/269\n|move|p2a: Magearna|Shift Gear|p2a: Magearna\n|-boost|p2a: Magearna|spe|2\n|-boost|p2a: Magearna|atk|1\n|\n|upkeep\n|turn|2\n|\n|t:|1771258596\n|-terastallize|p2a: Magearna|Ground\n|move|p2a: Magearna|Tera Blast|p1a: Perrserker|[anim] Tera Blast Ground\n|-supereffective|p1a: Perrserker\n|-damage|p1a: Perrserker|77/269\n|move|p1a: Perrserker|Iron Head|p2a: Magearna\n|-damage|p2a: Magearna|51/250\n|\n|upkeep\n|turn|3\n|\n|t:|1771258613\n|switch|p1a: Rotom|Rotom-Frost, L87|229/229\n|move|p2a: Magearna|Tera Blast|p1a: Rotom|[anim] Tera Blast Ground\n|-immune|p1a: Rotom|[from] ability: Levitate\n|\n|upkeep\n|turn|4\n|\n|t:|1771258619\n|move|p2a: Magearna|Iron Head|p1a: Rotom\n|-damage|p1a: Rotom|136/229\n|move|p1a: Rotom|Blizzard|p2a: Magearna|[miss]\n|-miss|p1a: Rotom|p2a: Magearna\n|\n|upkeep\n|turn|5\n|\n|t:|1771258630\n|move|p2a: Magearna|Iron Head|p1a: Rotom\n|-damage|p1a: Rotom|49/229\n|cant|p1a: Rotom|flinch\n|\n|upkeep\n|turn|6\n|c|☆ZariaLxss|Of course\n|\n|t:|1771258641\n|move|p2a: Magearna|Iron Head|p1a: Rotom\n|-damage|p1a: Rotom|0 fnt\n|faint|p1a: Rotom\n|-ability|p2a: Magearna|Soul-Heart|boost\n|-boost|p2a: Magearna|spa|1\n|\n|upkeep\n|inactive|ZariaLxss has 120 seconds left.\n|\n|t:|1771258683\n|switch|p1a: Deoxys|Deoxys, L74|196/196\n|-ability|p1a: Deoxys|Pressure\n|turn|7\n|\n|t:|1771258689\n|move|p1a: Deoxys|Extreme Speed|p2a: Magearna\n|-crit|p2a: Magearna\n|-damage|p2a: Magearna|0 fnt\n|faint|p2a: Magearna\n|-damage|p1a: Deoxys|177/196|[from] item: Life Orb\n|\n|upkeep\n|inactive|reubreub has 120 seconds left.\n|\n|t:|1771258725\n|switch|p2a: Golduck|Golduck, L90, M|290/290\n|-ability|p2a: Golduck|Cloud Nine\n|turn|8\n|\n|t:|1771258728\n|move|p1a: Deoxys|Knock Off|p2a: Golduck\n|-damage|p2a: Golduck|182/290\n|-enditem|p2a: Golduck|Choice Specs|[from] move: Knock Off|[of] p1a: Deoxys\n|-damage|p1a: Deoxys|158/196|[from] item: Life Orb\n|move|p2a: Golduck|Hydro Pump|p1a: Deoxys\n|-damage|p1a: Deoxys|0 fnt\n|faint|p1a: Deoxys\n|\n|upkeep\n|\n|t:|1771258743\n|switch|p1a: Gurdurr|Gurdurr, L85, M|283/283\n|turn|9\n|\n|t:|1771258749\n|move|p2a: Golduck|Hydro Pump|p1a: Gurdurr\n|-damage|p1a: Gurdurr|150/283\n|move|p1a: Gurdurr|Drain Punch|p2a: Golduck\n|-damage|p2a: Golduck|98/290\n|-heal|p1a: Gurdurr|192/283|[from] drain|[of] p2a: Golduck\n|\n|upkeep\n|turn|10\n|\n|t:|1771258755\n|move|p2a: Golduck|Hydro Pump|p1a: Gurdurr\n|-damage|p1a: Gurdurr|69/283\n|move|p1a: Gurdurr|Drain Punch|p2a: Golduck\n|-damage|p2a: Golduck|4/290\n|-heal|p1a: Gurdurr|116/283|[from] drain|[of] p2a: Golduck\n|\n|upkeep\n|turn|11\n|\n|t:|1771258761\n|move|p1a: Gurdurr|Mach Punch|p2a: Golduck\n|-damage|p2a: Golduck|0 fnt\n|faint|p2a: Golduck\n|\n|upkeep\n|\n|t:|1771258784\n|switch|p2a: Conkeldurr|Conkeldurr, L80, F|299/299\n|turn|12\n|\n|t:|1771258797\n|move|p2a: Conkeldurr|Knock Off|p1a: Gurdurr\n|-resisted|p1a: Gurdurr\n|-damage|p1a: Gurdurr|88/283\n|-enditem|p1a: Gurdurr|Eviolite|[from] move: Knock Off|[of] p2a: Conkeldurr\n|move|p1a: Gurdurr|Knock Off|p2a: Conkeldurr\n|-resisted|p2a: Conkeldurr\n|-damage|p2a: Conkeldurr|261/299\n|-enditem|p2a: Conkeldurr|Flame Orb|[from] move: Knock Off|[of] p1a: Gurdurr\n|\n|upkeep\n|turn|13\n|\n|t:|1771258806\n|move|p2a: Conkeldurr|Close Combat|p1a: Gurdurr\n|-damage|p1a: Gurdurr|0 fnt\n|-unboost|p2a: Conkeldurr|def|1\n|-unboost|p2a: Conkeldurr|spd|1\n|faint|p1a: Gurdurr\n|\n|upkeep\n|\n|t:|1771258812\n|switch|p1a: Qwilfish|Qwilfish-Hisui, L83, M|244/244\n|-ability|p1a: Qwilfish|Intimidate|boost\n|-unboost|p2a: Conkeldurr|atk|1\n|turn|14\n|\n|t:|1771258823\n|move|p1a: Qwilfish|Toxic Spikes|p2a: Conkeldurr\n|-sidestart|p2: reubreub|move: Toxic Spikes\n|move|p2a: Conkeldurr|Close Combat|p1a: Qwilfish\n|-damage|p1a: Qwilfish|171/244\n|-unboost|p2a: Conkeldurr|def|1\n|-unboost|p2a: Conkeldurr|spd|1\n|\n|upkeep\n|turn|15\n|\n|t:|1771258830\n|switch|p2a: Entei|Entei, L78|307/307\n|-status|p2a: Entei|psn\n|move|p1a: Qwilfish|Toxic Spikes|p2a: Entei\n|-sidestart|p2: reubreub|move: Toxic Spikes\n|\n|-damage|p2a: Entei|269/307 psn|[from] psn\n|upkeep\n|turn|16\n|\n|t:|1771258839\n|switch|p1a: Perrserker|Perrserker, L89, F|77/269\n|move|p2a: Entei|Sacred Fire|p1a: Perrserker\n|-supereffective|p1a: Perrserker\n|-damage|p1a: Perrserker|0 fnt\n|faint|p1a: Perrserker\n|\n|-damage|p2a: Entei|231/307 psn|[from] psn\n|upkeep\n|\n|t:|1771258843\n|switch|p1a: Qwilfish|Qwilfish-Hisui, L83, M|171/244\n|-ability|p1a: Qwilfish|Intimidate|boost\n|-fail|p2a: Entei|unboost|Attack|[from] ability: Inner Focus|[of] p2a: Entei\n|turn|17\n|\n|t:|1771258850\n|move|p2a: Entei|Sacred Fire|p1a: Qwilfish\n|-crit|p1a: Qwilfish\n|-damage|p1a: Qwilfish|3/244\n|-status|p1a: Qwilfish|brn\n|move|p1a: Qwilfish|Gunk Shot|p2a: Entei|[miss]\n|-miss|p1a: Qwilfish|p2a: Entei\n|\n|-damage|p2a: Entei|193/307 psn|[from] psn\n|-damage|p1a: Qwilfish|0 fnt|[from] brn\n|faint|p1a: Qwilfish\n|upkeep\n|c|☆ZariaLxss|Wow\n|c|☆ZariaLxss|u crit, burn, and I miss\n|\n|t:|1771258867\n|switch|p1a: Cloyster|Cloyster, L80, F|211/211\n|turn|18\n|\n|t:|1771258870\n|move|p2a: Entei|Sacred Fire|p1a: Cloyster|[miss]\n|-miss|p2a: Entei|p1a: Cloyster\n|move|p1a: Cloyster|Shell Smash|p1a: Cloyster\n|-unboost|p1a: Cloyster|def|1\n|-unboost|p1a: Cloyster|spd|1\n|-boost|p1a: Cloyster|atk|2\n|-boost|p1a: Cloyster|spa|2\n|-boost|p1a: Cloyster|spe|2\n|-enditem|p1a: Cloyster|White Herb\n|-clearnegativeboost|p1a: Cloyster|[silent]\n|\n|-damage|p2a: Entei|155/307 psn|[from] psn\n|upkeep\n|turn|19\n|\n|t:|1771258874\n|move|p1a: Cloyster|Rock Blast|p2a: Entei\n|-supereffective|p2a: Entei\n|-damage|p2a: Entei|87/307 psn\n|-supereffective|p2a: Entei\n|-damage|p2a: Entei|21/307 psn\n|-supereffective|p2a: Entei\n|-damage|p2a: Entei|0 fnt\n|faint|p2a: Entei\n|-hitcount|p2: Entei|3\n|\n|upkeep\n|\n|t:|1771258880\n|switch|p2a: Glastrier|Glastrier, L86|312/312\n|turn|20\n|\n|t:|1771258886\n|move|p1a: Cloyster|Rock Blast|p2a: Glastrier\n|-supereffective|p2a: Glastrier\n|-damage|p2a: Glastrier|268/312\n|-supereffective|p2a: Glastrier\n|-damage|p2a: Glastrier|220/312\n|-supereffective|p2a: Glastrier\n|-damage|p2a: Glastrier|170/312\n|-supereffective|p2a: Glastrier\n|-damage|p2a: Glastrier|120/312\n|-supereffective|p2a: Glastrier\n|-damage|p2a: Glastrier|76/312\n|-hitcount|p2a: Glastrier|5\n|move|p2a: Glastrier|Heavy Slam|p1a: Cloyster\n|-damage|p1a: Cloyster|134/211\n|\n|upkeep\n|turn|21\n|\n|t:|1771258890\n|move|p1a: Cloyster|Icicle Spear|p2a: Glastrier\n|-resisted|p2a: Glastrier\n|-damage|p2a: Glastrier|60/312\n|-resisted|p2a: Glastrier\n|-damage|p2a: Glastrier|42/312\n|-resisted|p2a: Glastrier\n|-crit|p2a: Glastrier\n|-damage|p2a: Glastrier|15/312\n|-resisted|p2a: Glastrier\n|-damage|p2a: Glastrier|0 fnt\n|faint|p2a: Glastrier\n|-hitcount|p2: Glastrier|4\n|\n|upkeep\n|\n|t:|1771258896\n|switch|p2a: Terrakion|Terrakion, L79|273/273\n|-status|p2a: Terrakion|tox\n|turn|22\n|\n|t:|1771258902\n|move|p1a: Cloyster|Hydro Pump|p2a: Terrakion|[miss]\n|-miss|p1a: Cloyster|p2a: Terrakion\n|move|p2a: Terrakion|Close Combat|p1a: Cloyster\n|-supereffective|p1a: Cloyster\n|-damage|p1a: Cloyster|0 fnt\n|-unboost|p2a: Terrakion|def|1\n|-unboost|p2a: Terrakion|spd|1\n|faint|p1a: Cloyster\n|-damage|p2a: Terrakion|246/273 tox|[from] item: Life Orb\n|\n|win|reubreub\n|raw|ZariaLxss's rating: 1594 &rarr; <strong>1572</strong><br />(-22 for losing)\n|raw|reubreub's rating: 1565 &rarr; <strong>1587</strong><br />(+22 for winning)\n", "inputlog": ">version 686819e5e19f8a7fd2345cfc5a08a5085efa2cc3\n>start {\"formatid\":\"gen9randombattle\",\"seed\":\"sodium,a2a447ede5d69962b1e08eff77349ea2\",\"rated\":\"Rated battle\"}\n>player p1 {\"name\":\"ZariaLxss\",\"avatar\":\"elesa\",\"rating\":1594,\"seed\":\"sodium,0900fc7d8773678a09184039bcbc273b\"}\n>player p2 {\"name\":\"reubreub\",\"avatar\":\"youngster-gen4dp\",\"rating\":1565,\"seed\":\"sodium,7ac5c8416ed4176fcf1d3f99f7e5b68e\"}\n>p1 switch 5\n>p2 move shiftgear\n>p1 move ironhead\n>p2 move terablast terastallize\n>p1 switch 4\n>p2 move terablast\n>p1 move blizzard\n>p2 move ironhead\n>p1 move blizzard\n>p2 move ironhead\n>chat ☆ZariaLxss|Of course\n>p1 move blizzard\n>p2 move ironhead\n>p1 switch 2\n>p1 move extremespeed\n>p2 move fleurcannon\n>p2 switch 6\n>p1 move knockoff\n>p2 move hydropump\n>p1 switch 5\n>p1 move drainpunch\n>p2 move hydropump\n>p1 move drainpunch\n>p2 move hydropump\n>p1 move machpunch\n>p2 move hydropump\n>p2 switch 4\n>p1 move knockoff\n>p2 move knockoff\n>p1 move bulkup\n>p2 move closecombat\n>p1 switch 6\n>p1 move toxicspikes\n>p2 move closecombat\n>p1 move toxicspikes\n>p2 switch 3\n>p1 switch 4\n>p2 move sacredfire\n>p1 switch 4\n>p1 move gunkshot\n>p2 move sacredfire\n>chat ☆ZariaLxss|Wow\n>chat ☆ZariaLxss|u crit, burn, and I miss\n>p1 switch 3\n>p1 move shellsmash\n>p2 move sacredfire\n>p1 move rockblast\n>p2 move sacredfire\n>p2 switch 5\n>p1 move rockblast\n>p2 move heavyslam\n>p1 move iciclespear\n>p2 move heavyslam\n>p2 switch 2\n>p1 move hydropump\n>p2 move closecombat", "uploadtime": 1771258903, "views": 8, "formatid": "gen9randombattle", "rating": 1572, "private": 0, "password": null}