{"id": "gen9randombattle-2540135370", "format": "[Gen 9] Random Battle", "players": ["temp91", "usuisirisuismybebe"], "log": "|j|☆temp91\n|j|☆usuisirisuismybebe\n|t:|1771166953\n|gametype|singles\n|player|p1|temp91|101|1666\n|player|p2|usuisirisuismybebe|lucian|1691\n|gen|9\n|tier|[Gen 9] Random Battle\n|rated|\n|rule|Species Clause: Limit one of each Pokémon\n|rule|HP Percentage Mod: HP is shown in percentages\n|rule|Sleep Clause Mod: Limit one foe put to sleep\n|rule|Illusion Level Mod: Illusion disguises the Pokémon's true level\n|\n|t:|1771166953\n|teamsize|p1|6\n|teamsize|p2|6\n|start\n|switch|p1a: Heatran|Heatran, L79, M|273/273\n|switch|p2a: Greedent|Greedent, L86, M|347/347\n|-item|p1a: Heatran|Air Balloon\n|turn|1\n|inactive|Battle timer is ON: inactive players will automatically lose when time's up. (requested by temp91)\n|inactive|usuisirisuismybebe also wants the timer to be on.\n|l|☆temp91\n|inactive|temp91 disconnected and has a minute to reconnect!\n|player|p1|\n|inactive|temp91 has 30 seconds to reconnect!\n|inactive|temp91 has 20 seconds to reconnect!\n|j|☆temp91\n|inactive|temp91 reconnected and has 95 seconds left.\n|player|p1|temp91|101|\n|\n|t:|1771167015\n|move|p1a: Heatran|Stealth Rock|p2a: Greedent\n|-sidestart|p2: usuisirisuismybebe|move: Stealth Rock\n|move|p2a: Greedent|Body Slam|p1a: Heatran\n|-resisted|p1a: Heatran\n|-damage|p1a: Heatran|231/273\n|-status|p1a: Heatran|par\n|-enditem|p1a: Heatran|Air Balloon\n|\n|upkeep\n|turn|2\n|\n|t:|1771167024\n|switch|p1a: Sinistcha|Sinistcha, L83|254/254\n|move|p2a: Greedent|Swords Dance|p2a: Greedent\n|-boost|p2a: Greedent|atk|2\n|\n|upkeep\n|turn|3\n|\n|t:|1771167032\n|move|p1a: Sinistcha|Strength Sap|p2a: Greedent\n|-unboost|p2a: Greedent|atk|1\n|move|p2a: Greedent|Knock Off|p1a: Sinistcha\n|-supereffective|p1a: Sinistcha\n|-damage|p1a: Sinistcha|62/254\n|-enditem|p1a: Sinistcha|Leftovers|[from] move: Knock Off|[of] p2a: Greedent\n|\n|upkeep\n|turn|4\n|\n|t:|1771167037\n|move|p1a: Sinistcha|Strength Sap|p2a: Greedent\n|-unboost|p2a: Greedent|atk|1\n|-heal|p1a: Sinistcha|254/254\n|move|p2a: Greedent|Swords Dance|p2a: Greedent\n|-boost|p2a: Greedent|atk|2\n|\n|upkeep\n|turn|5\n|\n|t:|1771167043\n|move|p1a: Sinistcha|Calm Mind|p1a: Sinistcha\n|-boost|p1a: Sinistcha|spa|1\n|-boost|p1a: Sinistcha|spd|1\n|move|p2a: Greedent|Swords Dance|p2a: Greedent\n|-boost|p2a: Greedent|atk|2\n|\n|upkeep\n|turn|6\n|\n|t:|1771167049\n|move|p1a: Sinistcha|Matcha Gotcha|p2a: Greedent\n|-damage|p2a: Greedent|178/347\n|move|p2a: Greedent|Knock Off|p1a: Sinistcha\n|-supereffective|p1a: Sinistcha\n|-damage|p1a: Sinistcha|20/254\n|\n|upkeep\n|turn|7\n|\n|t:|1771167060\n|move|p1a: Sinistcha|Strength Sap|p2a: Greedent\n|-unboost|p2a: Greedent|atk|1\n|-heal|p1a: Sinistcha|254/254\n|move|p2a: Greedent|Knock Off|p1a: Sinistcha\n|-supereffective|p1a: Sinistcha\n|-crit|p1a: Sinistcha\n|-damage|p1a: Sinistcha|0 fnt\n|faint|p1a: Sinistcha\n|\n|upkeep\n|\n|t:|1771167072\n|switch|p1a: Regirock|Regirock, L83|268/268\n|turn|8\n|\n|t:|1771167075\n|move|p1a: Regirock|Body Press|p2a: Greedent\n|-supereffective|p2a: Greedent\n|-damage|p2a: Greedent|6/347\n|-enditem|p2a: Greedent|Sitrus Berry|[eat]\n|-heal|p2a: Greedent|92/347|[from] item: Sitrus Berry\n|-heal|p2a: Greedent|207/347|[from] ability: Cheek Pouch\n|move|p2a: Greedent|Earthquake|p1a: Regirock\n|-supereffective|p1a: Regirock\n|-damage|p1a: Regirock|94/268\n|\n|upkeep\n|turn|9\n|\n|t:|1771167084\n|move|p1a: Regirock|Body Press|p2a: Greedent\n|-supereffective|p2a: Greedent\n|-damage|p2a: Greedent|37/347\n|move|p2a: Greedent|Earthquake|p1a: Regirock\n|-supereffective|p1a: Regirock\n|-damage|p1a: Regirock|0 fnt\n|faint|p1a: Regirock\n|\n|upkeep\n|\n|t:|1771167090\n|switch|p1a: Heatran|Heatran, L79, M|231/273 par\n|turn|10\n|\n|t:|1771167093\n|move|p2a: Greedent|Earthquake|p1a: Heatran\n|-supereffective|p1a: Heatran\n|-damage|p1a: Heatran|0 fnt\n|faint|p1a: Heatran\n|\n|upkeep\n|\n|t:|1771167098\n|switch|p1a: Wugtrio|Wugtrio, L91, M|212/212\n|turn|11\n|\n|t:|1771167103\n|move|p1a: Wugtrio|Liquidation|p2a: Greedent\n|-damage|p2a: Greedent|0 fnt\n|faint|p2a: Greedent\n|\n|upkeep\n|\n|t:|1771167108\n|switch|p2a: Vaporeon|Vaporeon, L86, F|364/364\n|-damage|p2a: Vaporeon|319/364|[from] Stealth Rock\n|turn|12\n|\n|t:|1771167111\n|switch|p1a: Appletun|Appletun, L92, F|352/352\n|move|p2a: Vaporeon|Scald|p1a: Appletun\n|-resisted|p1a: Appletun\n|-damage|p1a: Appletun|328/352\n|\n|-heal|p2a: Vaporeon|341/364|[from] item: Leftovers\n|-heal|p1a: Appletun|350/352|[from] item: Leftovers\n|upkeep\n|turn|13\n|\n|t:|1771167117\n|move|p2a: Vaporeon|Ice Beam|p1a: Appletun\n|-supereffective|p1a: Appletun\n|-damage|p1a: Appletun|210/352\n|move|p1a: Appletun|Apple Acid|p2a: Vaporeon\n|-supereffective|p2a: Vaporeon\n|-damage|p2a: Vaporeon|159/364\n|-unboost|p2a: Vaporeon|spd|1\n|\n|-heal|p2a: Vaporeon|181/364|[from] item: Leftovers\n|-heal|p1a: Appletun|232/352|[from] item: Leftovers\n|upkeep\n|turn|14\n|\n|t:|1771167133\n|switch|p2a: Hydreigon|Hydreigon, L79, F|275/275\n|-damage|p2a: Hydreigon|241/275|[from] Stealth Rock\n|move|p1a: Appletun|Apple Acid|p2a: Hydreigon\n|-resisted|p2a: Hydreigon\n|-damage|p2a: Hydreigon|186/275\n|-unboost|p2a: Hydreigon|spd|1\n|\n|-heal|p1a: Appletun|254/352|[from] item: Leftovers\n|upkeep\n|turn|15\n|\n|t:|1771167140\n|move|p2a: Hydreigon|Draco Meteor|p1a: Appletun|[miss]\n|-miss|p2a: Hydreigon|p1a: Appletun\n|move|p1a: Appletun|Recover|p1a: Appletun\n|-heal|p1a: Appletun|352/352\n|\n|upkeep\n|turn|16\n|\n|t:|1771167145\n|move|p2a: Hydreigon|Draco Meteor|p1a: Appletun\n|-supereffective|p1a: Appletun\n|-damage|p1a: Appletun|0 fnt\n|-unboost|p2a: Hydreigon|spa|2\n|faint|p1a: Appletun\n|\n|upkeep\n|\n|t:|1771167150\n|switch|p1a: Crawdaunt|Crawdaunt, L84, M|243/243\n|turn|17\n|\n|t:|1771167155\n|switch|p2a: Vaporeon|Vaporeon, L86, F|181/364\n|-damage|p2a: Vaporeon|136/364|[from] Stealth Rock\n|move|p1a: Crawdaunt|Dragon Dance|p1a: Crawdaunt\n|-boost|p1a: Crawdaunt|atk|1\n|-boost|p1a: Crawdaunt|spe|1\n|\n|-heal|p2a: Vaporeon|158/364|[from] item: Leftovers\n|upkeep\n|turn|18\n|\n|t:|1771167161\n|move|p1a: Crawdaunt|Dragon Dance|p1a: Crawdaunt\n|-boost|p1a: Crawdaunt|atk|1\n|-boost|p1a: Crawdaunt|spe|1\n|move|p2a: Vaporeon|Scald|p1a: Crawdaunt\n|-resisted|p1a: Crawdaunt\n|-damage|p1a: Crawdaunt|175/243\n|\n|-heal|p2a: Vaporeon|180/364|[from] item: Leftovers\n|upkeep\n|turn|19\n|\n|t:|1771167164\n|move|p1a: Crawdaunt|Knock Off|p2a: Vaporeon\n|-damage|p2a: Vaporeon|0 fnt\n|-enditem|p2a: Vaporeon|Leftovers|[from] move: Knock Off|[of] p1a: Crawdaunt\n|faint|p2a: Vaporeon\n|-damage|p1a: Crawdaunt|151/243|[from] item: Life Orb\n|\n|upkeep\n|\n|t:|1771167168\n|switch|p2a: Bastiodon|Bastiodon, L89, M|252/252\n|-damage|p2a: Bastiodon|237/252|[from] Stealth Rock\n|turn|20\n|\n|t:|1771167175\n|-terastallize|p1a: Crawdaunt|Fighting\n|-terastallize|p2a: Bastiodon|Fighting\n|move|p1a: Crawdaunt|Close Combat|p2a: Bastiodon\n|-damage|p2a: Bastiodon|0 fnt\n|-unboost|p1a: Crawdaunt|def|1\n|-unboost|p1a: Crawdaunt|spd|1\n|faint|p2a: Bastiodon\n|-damage|p1a: Crawdaunt|127/243|[from] item: Life Orb\n|\n|upkeep\n|\n|t:|1771167183\n|switch|p2a: Misdreavus|Misdreavus, L90, F|254/254\n|-damage|p2a: Misdreavus|223/254|[from] Stealth Rock\n|turn|21\n|\n|t:|1771167186\n|move|p1a: Crawdaunt|Knock Off|p2a: Misdreavus\n|-supereffective|p2a: Misdreavus\n|-damage|p2a: Misdreavus|0 fnt\n|-enditem|p2a: Misdreavus|Eviolite|[from] move: Knock Off|[of] p1a: Crawdaunt\n|faint|p2a: Misdreavus\n|-damage|p1a: Crawdaunt|103/243|[from] item: Life Orb\n|\n|upkeep\n|\n|t:|1771167187\n|switch|p2a: Hydreigon|Hydreigon, L79, F|186/275\n|-damage|p2a: Hydreigon|152/275|[from] Stealth Rock\n|turn|22\n|l|☆usuisirisuismybebe\n|inactive|usuisirisuismybebe disconnected and has a minute to reconnect!\n|player|p2|\n|\n|t:|1771167194\n|move|p1a: Crawdaunt|Close Combat|p2a: Hydreigon\n|-supereffective|p2a: Hydreigon\n|-damage|p2a: Hydreigon|0 fnt\n|-unboost|p1a: Crawdaunt|def|1\n|-unboost|p1a: Crawdaunt|spd|1\n|faint|p2a: Hydreigon\n|-damage|p1a: Crawdaunt|79/243|[from] item: Life Orb\n|\n|upkeep\n|inactive|usuisirisuismybebe has 30 seconds to reconnect!\n|inactive|usuisirisuismybebe has 20 seconds to reconnect!\n|inactive|usuisirisuismybebe has 15 seconds to reconnect!\n|inactive|usuisirisuismybebe has 10 seconds to reconnect!\n|inactive|usuisirisuismybebe has 5 seconds to reconnect!\n|-message|usuisirisuismybebe lost due to inactivity.\n|\n|win|temp91\n|raw|temp91's rating: 1666 &rarr; <strong>1687</strong><br />(+21 for winning)\n|raw|usuisirisuismybebe's rating: 1691 &rarr; <strong>1670</strong><br />(-21 for losing)\n", "inputlog": ">version 686819e5e19f8a7fd2345cfc5a08a5085efa2cc3\n>start {\"formatid\":\"gen9randombattle\",\"seed\":\"sodium,b9c7ab6bff0749589ad5cc0b7cc0e910\",\"rated\":\"Rated battle\"}\n>player p1 {\"name\":\"temp91\",\"avatar\":\"101\",\"rating\":1666,\"seed\":\"sodium,3fbd37affc399604bff366fed5d9b895\"}\n>player p2 {\"name\":\"usuisirisuismybebe\",\"avatar\":\"lucian\",\"rating\":1691,\"seed\":\"sodium,28bffbb542a611b77a9fac97c7175d92\"}\n>p1 move stealthrock\n>p2 move bodyslam\n>p1 switch 5\n>p2 move swordsdance\n>p1 move strengthsap\n>p2 move knockoff\n>p1 move strengthsap\n>p2 move swordsdance\n>p1 move calmmind\n>p2 move swordsdance\n>p1 move matchagotcha\n>p2 move knockoff\n>p1 move strengthsap\n>p2 move knockoff\n>p1 switch 6\n>p1 move bodypress\n>p2 move earthquake\n>p1 move bodypress\n>p2 move earthquake\n>p1 switch 5\n>p1 move heavyslam\n>p2 move earthquake\n>p1 switch 3\n>p1 move liquidation\n>p2 move bodyslam\n>p2 switch 6\n>p1 switch 2\n>p2 move scald\n>p1 move appleacid\n>p2 move icebeam\n>p1 move appleacid\n>p2 switch 2\n>p1 move recover\n>p2 move dracometeor\n>p1 move dragonpulse\n>p2 move dracometeor\n>p1 switch 4\n>p1 move dragondance\n>p2 switch 2\n>p1 move dragondance\n>p2 move scald\n>p1 move knockoff\n>p2 move scald\n>p2 switch 4\n>p1 move closecombat terastallize\n>p2 move bodypress terastallize\n>p2 switch 3\n>p1 move knockoff\n>p2 move drainingkiss\n>p2 switch 2\n>p1 move closecombat\n>p2 move flashcannon\n>forcelose p2", "uploadtime": 1771167257, "views": 13, "formatid": "gen9randombattle", "rating": 1670, "private": 0, "password": null}