{"id": "gen9randombattle-2540001877", "format": "[Gen 9] Random Battle", "players": ["kiwizoo00", "BigBob111"], "log": "|j|‽kiwizoo00\n|j|☆BigBob111\n|t:|1771142115\n|gametype|singles\n|player|p1|kiwizoo00|rood|1577\n|player|p2|BigBob111|acetrainerf-gen4dp|1595\n|gen|9\n|tier|[Gen 9] Random Battle\n|rated|\n|rule|Species Clause: Limit one of each Pokémon\n|rule|HP Percentage Mod: HP is shown in percentages\n|rule|Sleep Clause Mod: Limit one foe put to sleep\n|rule|Illusion Level Mod: Illusion disguises the Pokémon's true level\n|\n|t:|1771142115\n|teamsize|p1|6\n|teamsize|p2|6\n|start\n|switch|p1a: Kingambit|Kingambit, L74, F|270/270\n|switch|p2a: Pachirisu|Pachirisu, L96, F|271/271\n|turn|1\n|inactive|Battle timer is ON: inactive players will automatically lose when time's up. (requested by BigBob111)\n|\n|t:|1771142125\n|move|p2a: Pachirisu|Super Fang|p1a: Kingambit\n|-damage|p1a: Kingambit|135/270\n|move|p1a: Kingambit|Swords Dance|p1a: Kingambit\n|-boost|p1a: Kingambit|atk|2\n|\n|-heal|p1a: Kingambit|151/270|[from] item: Leftovers\n|upkeep\n|turn|2\n|\n|t:|1771142129\n|move|p2a: Pachirisu|Encore|p1a: Kingambit\n|-start|p1a: Kingambit|Encore\n|move|p1a: Kingambit|Swords Dance|p1a: Kingambit\n|-boost|p1a: Kingambit|atk|2\n|\n|-heal|p1a: Kingambit|167/270|[from] item: Leftovers\n|upkeep\n|turn|3\n|\n|t:|1771142154\n|-end|p1a: Kingambit|fallenundefined|[silent]\n|switch|p1a: Bellibolt|Bellibolt, L84, F|320/320\n|move|p2a: Pachirisu|Discharge|p1a: Bellibolt\n|-resisted|p1a: Bellibolt\n|-damage|p1a: Bellibolt|286/320\n|-start|p1a: Bellibolt|Charge|Discharge|[from] ability: Electromorphosis\n|\n|-heal|p1a: Bellibolt|306/320|[from] item: Leftovers\n|upkeep\n|turn|4\n|\n|t:|1771142167\n|move|p2a: Pachirisu|U-turn|p1a: Bellibolt\n|-damage|p1a: Bellibolt|271/320\n|-start|p1a: Bellibolt|Charge|U-turn|[from] ability: Electromorphosis\n|\n|t:|1771142170\n|switch|p2a: Vileplume|Vileplume, L85, M|266/266|[from] U-turn\n|move|p1a: Bellibolt|Muddy Water|p2a: Vileplume\n|-resisted|p2a: Vileplume\n|-damage|p2a: Vileplume|235/266\n|-unboost|p2a: Vileplume|accuracy|1\n|\n|-heal|p2a: Vileplume|251/266|[from] item: Leftovers\n|-heal|p1a: Bellibolt|291/320|[from] item: Leftovers\n|upkeep\n|turn|5\n|\n|t:|1771142184\n|switch|p1a: Slither Wing|Slither Wing, L81|270/270\n|-enditem|p1a: Slither Wing|Booster Energy\n|-activate|p1a: Slither Wing|ability: Protosynthesis|[fromitem]\n|-start|p1a: Slither Wing|protosynthesisatk\n|move|p2a: Vileplume|Sludge Bomb|p1a: Slither Wing|[miss]\n|-miss|p2a: Vileplume|p1a: Slither Wing\n|\n|-heal|p2a: Vileplume|266/266|[from] item: Leftovers\n|upkeep\n|turn|6\n|\n|t:|1771142193\n|switch|p2a: Toxapex|Toxapex, L82, M|216/216\n|move|p1a: Slither Wing|Bulk Up|p1a: Slither Wing\n|-boost|p1a: Slither Wing|atk|1\n|-boost|p1a: Slither Wing|def|1\n|\n|upkeep\n|turn|7\n|\n|t:|1771142196\n|move|p1a: Slither Wing|Wild Charge|p2a: Toxapex\n|-supereffective|p2a: Toxapex\n|-damage|p2a: Toxapex|4/216\n|-damage|p1a: Slither Wing|217/270|[from] Recoil\n|move|p2a: Toxapex|Haze|p2a: Toxapex\n|-clearallboost\n|\n|-heal|p2a: Toxapex|17/216|[from] item: Leftovers\n|upkeep\n|turn|8\n|\n|t:|1771142203\n|switch|p2a: Vileplume|Vileplume, L85, M|266/266\n|move|p1a: Slither Wing|Flame Charge|p2a: Vileplume\n|-supereffective|p2a: Vileplume\n|-damage|p2a: Vileplume|142/266\n|-boost|p1a: Slither Wing|spe|1\n|\n|-heal|p2a: Vileplume|158/266|[from] item: Leftovers\n|upkeep\n|turn|9\n|\n|t:|1771142213\n|move|p1a: Slither Wing|Bulk Up|p1a: Slither Wing\n|-boost|p1a: Slither Wing|atk|1\n|-boost|p1a: Slither Wing|def|1\n|move|p2a: Vileplume|Strength Sap|p1a: Slither Wing\n|-unboost|p1a: Slither Wing|atk|1\n|-heal|p2a: Vileplume|266/266\n|\n|upkeep\n|turn|10\n|\n|t:|1771142220\n|move|p1a: Slither Wing|Flame Charge|p2a: Vileplume\n|-supereffective|p2a: Vileplume\n|-damage|p2a: Vileplume|162/266\n|-boost|p1a: Slither Wing|spe|1\n|move|p2a: Vileplume|Sludge Bomb|p1a: Slither Wing\n|-damage|p1a: Slither Wing|112/270\n|\n|-heal|p2a: Vileplume|178/266|[from] item: Leftovers\n|upkeep\n|turn|11\n|\n|t:|1771142231\n|-end|p1a: Slither Wing|Protosynthesis|[silent]\n|switch|p1a: Zamazenta|Zamazenta, L71|248/248\n|-ability|p1a: Zamazenta|Dauntless Shield|boost\n|-boost|p1a: Zamazenta|def|1\n|move|p2a: Vileplume|Strength Sap|p1a: Zamazenta\n|-unboost|p1a: Zamazenta|atk|1\n|-heal|p2a: Vileplume|266/266\n|\n|upkeep\n|turn|12\n|\n|t:|1771142240\n|switch|p1a: Bellibolt|Bellibolt, L84, F|291/320\n|move|p2a: Vileplume|Sludge Bomb|p1a: Bellibolt\n|-damage|p1a: Bellibolt|174/320\n|-start|p1a: Bellibolt|Charge|Sludge Bomb|[from] ability: Electromorphosis\n|\n|-heal|p1a: Bellibolt|194/320|[from] item: Leftovers\n|upkeep\n|turn|13\n|\n|t:|1771142245\n|switch|p2a: Pachirisu|Pachirisu, L96, F|271/271\n|move|p1a: Bellibolt|Slack Off|p1a: Bellibolt\n|-heal|p1a: Bellibolt|320/320\n|\n|upkeep\n|turn|14\n|\n|t:|1771142250\n|move|p2a: Pachirisu|Encore|p1a: Bellibolt\n|-start|p1a: Bellibolt|Encore\n|move|p1a: Bellibolt|Slack Off||[still]\n|-fail|p1a: Bellibolt|heal\n|\n|upkeep\n|turn|15\n|\n|t:|1771142259\n|switch|p1a: Grimmsnarl|Grimmsnarl, L83, M|293/293\n|move|p2a: Pachirisu|U-turn|p1a: Grimmsnarl\n|-damage|p1a: Grimmsnarl|241/293\n|\n|t:|1771142265\n|switch|p2a: Toxapex|Toxapex, L82, M|89/216|[from] U-turn\n|\n|-heal|p1a: Grimmsnarl|259/293|[from] item: Leftovers\n|-heal|p2a: Toxapex|102/216|[from] item: Leftovers\n|upkeep\n|turn|16\n|\n|t:|1771142275\n|switch|p2a: Vileplume|Vileplume, L85, M|266/266\n|move|p1a: Grimmsnarl|Parting Shot|p2a: Vileplume\n|-unboost|p2a: Vileplume|atk|1\n|-unboost|p2a: Vileplume|spa|1\n|\n|t:|1771142283\n|switch|p1a: Bellibolt|Bellibolt, L84, F|320/320|[from] Parting Shot\n|\n|upkeep\n|turn|17\n|\n|t:|1771142289\n|move|p2a: Vileplume|Sludge Bomb|p1a: Bellibolt\n|-crit|p1a: Bellibolt\n|-damage|p1a: Bellibolt|137/320\n|-status|p1a: Bellibolt|psn\n|-start|p1a: Bellibolt|Charge|Sludge Bomb|[from] ability: Electromorphosis\n|move|p1a: Bellibolt|Muddy Water|p2a: Vileplume\n|-resisted|p2a: Vileplume\n|-damage|p2a: Vileplume|232/266\n|\n|-heal|p2a: Vileplume|248/266|[from] item: Leftovers\n|-heal|p1a: Bellibolt|157/320 psn|[from] item: Leftovers\n|-damage|p1a: Bellibolt|117/320 psn|[from] psn\n|upkeep\n|turn|18\n|\n|t:|1771142302\n|switch|p2a: Pachirisu|Pachirisu, L96, F|271/271\n|move|p1a: Bellibolt|Slack Off|p1a: Bellibolt\n|-heal|p1a: Bellibolt|277/320 psn\n|\n|-heal|p1a: Bellibolt|297/320 psn|[from] item: Leftovers\n|-damage|p1a: Bellibolt|257/320 psn|[from] psn\n|upkeep\n|turn|19\n|\n|t:|1771142306\n|move|p2a: Pachirisu|U-turn|p1a: Bellibolt\n|-damage|p1a: Bellibolt|217/320 psn\n|-start|p1a: Bellibolt|Charge|U-turn|[from] ability: Electromorphosis\n|\n|t:|1771142310\n|switch|p2a: Vileplume|Vileplume, L85, M|248/266|[from] U-turn\n|move|p1a: Bellibolt|Muddy Water|p2a: Vileplume\n|-resisted|p2a: Vileplume\n|-damage|p2a: Vileplume|216/266\n|-unboost|p2a: Vileplume|accuracy|1\n|\n|-heal|p2a: Vileplume|232/266|[from] item: Leftovers\n|-heal|p1a: Bellibolt|237/320 psn|[from] item: Leftovers\n|-damage|p1a: Bellibolt|197/320 psn|[from] psn\n|upkeep\n|turn|20\n|\n|t:|1771142326\n|switch|p1a: Dusknoir|Dusknoir, L89, F|225/225\n|-item|p2a: Vileplume|Leftovers|[from] ability: Frisk|[of] p1a: Dusknoir\n|move|p2a: Vileplume|Sludge Bomb|p1a: Dusknoir|[miss]\n|-miss|p2a: Vileplume|p1a: Dusknoir\n|\n|-heal|p2a: Vileplume|248/266|[from] item: Leftovers\n|upkeep\n|turn|21\n|\n|t:|1771142348\n|switch|p2a: Pachirisu|Pachirisu, L96, F|271/271\n|move|p1a: Dusknoir|Substitute|p1a: Dusknoir\n|-start|p1a: Dusknoir|Substitute\n|-damage|p1a: Dusknoir|169/225\n|\n|-heal|p1a: Dusknoir|183/225|[from] item: Leftovers\n|upkeep\n|turn|22\n|\n|t:|1771142359\n|move|p2a: Pachirisu|Encore|p1a: Dusknoir\n|-start|p1a: Dusknoir|Encore\n|move|p1a: Dusknoir|Substitute|p1a: Dusknoir\n|-fail|p1a: Dusknoir|move: Substitute\n|\n|-heal|p1a: Dusknoir|197/225|[from] item: Leftovers\n|upkeep\n|turn|23\n|\n|t:|1771142367\n|switch|p1a: Grimmsnarl|Grimmsnarl, L83, M|259/293\n|move|p2a: Pachirisu|Discharge|p1a: Grimmsnarl\n|-damage|p1a: Grimmsnarl|181/293\n|\n|-heal|p1a: Grimmsnarl|199/293|[from] item: Leftovers\n|upkeep\n|turn|24\n|\n|t:|1771142374\n|switch|p2a: Vileplume|Vileplume, L85, M|248/266\n|move|p1a: Grimmsnarl|Spirit Break|p2a: Vileplume\n|-resisted|p2a: Vileplume\n|-damage|p2a: Vileplume|204/266\n|-unboost|p2a: Vileplume|spa|1\n|\n|-heal|p1a: Grimmsnarl|217/293|[from] item: Leftovers\n|-heal|p2a: Vileplume|220/266|[from] item: Leftovers\n|upkeep\n|turn|25\n|\n|t:|1771142379\n|move|p1a: Grimmsnarl|Parting Shot|p2a: Vileplume\n|-unboost|p2a: Vileplume|atk|1\n|-unboost|p2a: Vileplume|spa|1\n|\n|t:|1771142391\n|switch|p1a: Kingambit|Kingambit, L74, F|167/270|[from] Parting Shot\n|move|p2a: Vileplume|Sludge Bomb|p1a: Kingambit\n|-immune|p1a: Kingambit\n|\n|-heal|p2a: Vileplume|236/266|[from] item: Leftovers\n|-heal|p1a: Kingambit|183/270|[from] item: Leftovers\n|upkeep\n|turn|26\n|\n|t:|1771142398\n|move|p2a: Vileplume|Strength Sap|p1a: Kingambit\n|-unboost|p1a: Kingambit|atk|1\n|-heal|p2a: Vileplume|266/266\n|move|p1a: Kingambit|Swords Dance|p1a: Kingambit\n|-boost|p1a: Kingambit|atk|2\n|\n|-heal|p1a: Kingambit|199/270|[from] item: Leftovers\n|upkeep\n|turn|27\n|\n|t:|1771142401\n|move|p2a: Vileplume|Sleep Powder|p1a: Kingambit\n|-status|p1a: Kingambit|slp|[from] move: Sleep Powder\n|cant|p1a: Kingambit|slp\n|\n|-heal|p1a: Kingambit|215/270 slp|[from] item: Leftovers\n|upkeep\n|turn|28\n|\n|t:|1771142404\n|switch|p2a: Pachirisu|Pachirisu, L96, F|271/271\n|cant|p1a: Kingambit|slp\n|\n|-heal|p1a: Kingambit|231/270 slp|[from] item: Leftovers\n|upkeep\n|turn|29\n|\n|t:|1771142409\n|move|p2a: Pachirisu|Encore|p1a: Kingambit\n|-start|p1a: Kingambit|Encore\n|cant|p1a: Kingambit|slp\n|\n|-heal|p1a: Kingambit|247/270 slp|[from] item: Leftovers\n|upkeep\n|turn|30\n|\n|t:|1771142413\n|move|p2a: Pachirisu|Super Fang|p1a: Kingambit\n|-damage|p1a: Kingambit|124/270 slp\n|-curestatus|p1a: Kingambit|slp|[msg]\n|move|p1a: Kingambit|Swords Dance|p1a: Kingambit\n|-boost|p1a: Kingambit|atk|2\n|\n|-heal|p1a: Kingambit|140/270|[from] item: Leftovers\n|upkeep\n|turn|31\n|\n|t:|1771142419\n|-end|p1a: Kingambit|fallenundefined|[silent]\n|switch|p1a: Dusknoir|Dusknoir, L89, F|197/225\n|-item|p2a: Pachirisu|Heavy-Duty Boots|[from] ability: Frisk|[of] p1a: Dusknoir\n|move|p2a: Pachirisu|Discharge|p1a: Dusknoir\n|-damage|p1a: Dusknoir|148/225\n|\n|-heal|p1a: Dusknoir|162/225|[from] item: Leftovers\n|upkeep\n|turn|32\n|\n|t:|1771142429\n|switch|p1a: Bellibolt|Bellibolt, L84, F|197/320 psn\n|move|p2a: Pachirisu|Discharge|p1a: Bellibolt\n|-resisted|p1a: Bellibolt\n|-damage|p1a: Bellibolt|162/320 psn\n|-start|p1a: Bellibolt|Charge|Discharge|[from] ability: Electromorphosis\n|\n|-heal|p1a: Bellibolt|182/320 psn|[from] item: Leftovers\n|-damage|p1a: Bellibolt|142/320 psn|[from] psn\n|upkeep\n|turn|33\n|\n|t:|1771142433\n|move|p2a: Pachirisu|Discharge|p1a: Bellibolt\n|-resisted|p1a: Bellibolt\n|-damage|p1a: Bellibolt|109/320 psn\n|-start|p1a: Bellibolt|Charge|Discharge|[from] ability: Electromorphosis\n|move|p1a: Bellibolt|Slack Off|p1a: Bellibolt\n|-heal|p1a: Bellibolt|269/320 psn\n|\n|-heal|p1a: Bellibolt|289/320 psn|[from] item: Leftovers\n|-damage|p1a: Bellibolt|249/320 psn|[from] psn\n|upkeep\n|turn|34\n|\n|t:|1771142442\n|move|p2a: Pachirisu|Encore|p1a: Bellibolt\n|-start|p1a: Bellibolt|Encore\n|move|p1a: Bellibolt|Slack Off|p1a: Bellibolt\n|-heal|p1a: Bellibolt|320/320 psn\n|\n|-damage|p1a: Bellibolt|280/320 psn|[from] psn\n|upkeep\n|turn|35\n|\n|t:|1771142450\n|switch|p1a: Dusknoir|Dusknoir, L89, F|162/225\n|-item|p2a: Pachirisu|Heavy-Duty Boots|[from] ability: Frisk|[of] p1a: Dusknoir\n|move|p2a: Pachirisu|Discharge|p1a: Dusknoir\n|-damage|p1a: Dusknoir|116/225\n|\n|-heal|p1a: Dusknoir|130/225|[from] item: Leftovers\n|upkeep\n|turn|36\n|\n|t:|1771142460\n|switch|p1a: Bellibolt|Bellibolt, L84, F|280/320 psn\n|move|p2a: Pachirisu|U-turn|p1a: Bellibolt\n|-damage|p1a: Bellibolt|242/320 psn\n|-start|p1a: Bellibolt|Charge|U-turn|[from] ability: Electromorphosis\n|\n|t:|1771142466\n|switch|p2a: Vileplume|Vileplume, L85, M|266/266|[from] U-turn\n|\n|-heal|p1a: Bellibolt|262/320 psn|[from] item: Leftovers\n|-damage|p1a: Bellibolt|222/320 psn|[from] psn\n|upkeep\n|turn|37\n|\n|t:|1771142469\n|move|p2a: Vileplume|Sludge Bomb|p1a: Bellibolt\n|-damage|p1a: Bellibolt|105/320 psn\n|-start|p1a: Bellibolt|Charge|Sludge Bomb|[from] ability: Electromorphosis\n|move|p1a: Bellibolt|Muddy Water|p2a: Vileplume\n|-resisted|p2a: Vileplume\n|-damage|p2a: Vileplume|236/266\n|\n|-heal|p2a: Vileplume|252/266|[from] item: Leftovers\n|-heal|p1a: Bellibolt|125/320 psn|[from] item: Leftovers\n|-damage|p1a: Bellibolt|85/320 psn|[from] psn\n|upkeep\n|turn|38\n|\n|t:|1771142482\n|switch|p2a: Falinks|Falinks, L84|246/246\n|switch|p1a: Zamazenta|Zamazenta, L71|248/248\n|\n|upkeep\n|turn|39\n|\n|t:|1771142487\n|switch|p2a: Vileplume|Vileplume, L85, M|252/266\n|move|p1a: Zamazenta|Psychic Fangs|p2a: Vileplume\n|-supereffective|p2a: Vileplume\n|-damage|p2a: Vileplume|96/266\n|\n|-heal|p2a: Vileplume|112/266|[from] item: Leftovers\n|upkeep\n|turn|40\n|\n|t:|1771142493\n|move|p1a: Zamazenta|Psychic Fangs|p2a: Vileplume\n|-supereffective|p2a: Vileplume\n|-damage|p2a: Vileplume|0 fnt\n|faint|p2a: Vileplume\n|\n|upkeep\n|\n|t:|1771142498\n|switch|p2a: Charizard|Charizard, L85, M|271/271\n|turn|41\n|\n|t:|1771142503\n|switch|p1a: Bellibolt|Bellibolt, L84, F|85/320 psn\n|move|p2a: Charizard|Swords Dance|p2a: Charizard\n|-boost|p2a: Charizard|atk|2\n|\n|-heal|p1a: Bellibolt|105/320 psn|[from] item: Leftovers\n|-damage|p1a: Bellibolt|65/320 psn|[from] psn\n|upkeep\n|turn|42\n|\n|t:|1771142513\n|move|p2a: Charizard|Earthquake|p1a: Bellibolt\n|-supereffective|p1a: Bellibolt\n|-damage|p1a: Bellibolt|0 fnt\n|faint|p1a: Bellibolt\n|\n|upkeep\n|\n|t:|1771142521\n|switch|p1a: Zamazenta|Zamazenta, L71|248/248\n|turn|43\n|\n|t:|1771142526\n|switch|p2a: Falinks|Falinks, L84|246/246\n|-terastallize|p1a: Zamazenta|Dark\n|move|p1a: Zamazenta|Crunch|p2a: Falinks\n|-resisted|p2a: Falinks\n|-damage|p2a: Falinks|198/246\n|\n|upkeep\n|turn|44\n|\n|t:|1771142534\n|switch|p1a: Dusknoir|Dusknoir, L89, F|130/225\n|-item|p2a: Falinks|Life Orb|[from] ability: Frisk|[of] p1a: Dusknoir\n|move|p2a: Falinks|No Retreat|p2a: Falinks\n|-boost|p2a: Falinks|atk|1\n|-boost|p2a: Falinks|def|1\n|-boost|p2a: Falinks|spa|1\n|-boost|p2a: Falinks|spd|1\n|-boost|p2a: Falinks|spe|1\n|-start|p2a: Falinks|move: No Retreat\n|\n|-heal|p1a: Dusknoir|144/225|[from] item: Leftovers\n|upkeep\n|turn|45\n|\n|t:|1771142541\n|move|p2a: Falinks|Knock Off|p1a: Dusknoir\n|-supereffective|p1a: Dusknoir\n|-damage|p1a: Dusknoir|0 fnt\n|-enditem|p1a: Dusknoir|Leftovers|[from] move: Knock Off|[of] p2a: Falinks\n|faint|p1a: Dusknoir\n|-damage|p2a: Falinks|174/246|[from] item: Life Orb\n|\n|upkeep\n|\n|t:|1771142544\n|switch|p1a: Grimmsnarl|Grimmsnarl, L83, M|217/293\n|turn|46\n|\n|t:|1771142552\n|move|p2a: Falinks|Iron Head|p1a: Grimmsnarl\n|-supereffective|p1a: Grimmsnarl\n|-damage|p1a: Grimmsnarl|0 fnt\n|faint|p1a: Grimmsnarl\n|-damage|p2a: Falinks|150/246|[from] item: Life Orb\n|\n|upkeep\n|\n|t:|1771142555\n|switch|p1a: Kingambit|Kingambit, L74, F|140/270\n|-activate|p1a: Kingambit|ability: Supreme Overlord\n|-start|p1a: Kingambit|fallen3|[silent]\n|turn|47\n|\n|t:|1771142562\n|-end|p1a: Kingambit|fallen3|[silent]\n|switch|p1a: Slither Wing|Slither Wing, L81|112/270\n|move|p2a: Falinks|Close Combat|p1a: Slither Wing\n|-resisted|p1a: Slither Wing\n|-damage|p1a: Slither Wing|0 fnt\n|-unboost|p2a: Falinks|def|1\n|-unboost|p2a: Falinks|spd|1\n|faint|p1a: Slither Wing\n|-end|p1a: Slither Wing|Protosynthesis|[silent]\n|-damage|p2a: Falinks|126/246|[from] item: Life Orb\n|\n|upkeep\n|\n|t:|1771142569\n|switch|p1a: Zamazenta|Zamazenta, L71, tera:Dark|248/248\n|turn|48\n|\n|t:|1771142574\n|move|p2a: Falinks|Close Combat|p1a: Zamazenta\n|-supereffective|p1a: Zamazenta\n|-damage|p1a: Zamazenta|0 fnt\n|-unboost|p2a: Falinks|def|1\n|-unboost|p2a: Falinks|spd|1\n|faint|p1a: Zamazenta\n|-damage|p2a: Falinks|102/246|[from] item: Life Orb\n|\n|upkeep\n|\n|t:|1771142576\n|switch|p1a: Kingambit|Kingambit, L74, F|140/270\n|-activate|p1a: Kingambit|ability: Supreme Overlord\n|-start|p1a: Kingambit|fallen5|[silent]\n|turn|49\n|\n|t:|1771142579\n|move|p1a: Kingambit|Sucker Punch|p2a: Falinks\n|-resisted|p2a: Falinks\n|-damage|p2a: Falinks|31/246\n|move|p2a: Falinks|Close Combat|p1a: Kingambit\n|-supereffective|p1a: Kingambit\n|-damage|p1a: Kingambit|0 fnt\n|-unboost|p2a: Falinks|def|1\n|-unboost|p2a: Falinks|spd|1\n|faint|p1a: Kingambit\n|-end|p1a: Kingambit|fallen5|[silent]\n|-damage|p2a: Falinks|7/246|[from] item: Life Orb\n|\n|win|BigBob111\n|raw|kiwizoo00's rating: 1577 &rarr; <strong>1558</strong><br />(-19 for losing)\n|raw|BigBob111's rating: 1595 &rarr; <strong>1614</strong><br />(+19 for winning)\n|l|‽kiwizoo00\n|player|p1|\n|c|☆BigBob111|gg\n", "inputlog": ">version 686819e5e19f8a7fd2345cfc5a08a5085efa2cc3\n>start {\"formatid\":\"gen9randombattle\",\"seed\":\"sodium,bcb3a5f555aa2dc8d41cf940e7fafb14\",\"rated\":\"Rated battle\"}\n>player p1 {\"name\":\"kiwizoo00\",\"avatar\":\"rood\",\"rating\":1577,\"seed\":\"sodium,695e9a73522c3063a5537bb00912a91a\"}\n>player p2 {\"name\":\"BigBob111\",\"avatar\":\"acetrainerf-gen4dp\",\"rating\":1595,\"seed\":\"sodium,bd385ffa4ecde43e71d3da9969d1ae58\"}\n>p1 move swordsdance\n>p2 move superfang\n>p1 move kowtowcleave\n>p2 move encore\n>p1 switch 4\n>p2 move discharge\n>p1 move muddywater\n>p2 move uturn\n>p2 switch 6\n>p1 switch 6\n>p2 move sludgebomb\n>p1 move bulkup\n>p2 switch 4\n>p1 move wildcharge\n>p2 move haze\n>p1 move flamecharge\n>p2 switch 4\n>p1 move bulkup\n>p2 move strengthsap\n>p1 move flamecharge\n>p2 move sludgebomb\n>p1 switch 2\n>p2 move strengthsap\n>p1 switch 6\n>p2 move sludgebomb\n>p1 move slackoff\n>p2 switch 6\n>p1 move muddywater\n>p2 move encore\n>p1 switch 3\n>p2 move uturn\n>p2 switch 4\n>p1 move partingshot\n>p2 switch 6\n>p1 switch 3\n>p1 move muddywater\n>p2 move sludgebomb\n>p1 move slackoff\n>p2 switch 4\n>p1 move muddywater\n>p2 move uturn\n>p2 switch 4\n>p1 switch 5\n>p2 move sludgebomb\n>p1 move substitute\n>p2 switch 4\n>p1 move poltergeist\n>p2 move encore\n>p1 switch 3\n>p2 move discharge\n>p1 move spiritbreak\n>p2 switch 4\n>p1 move partingshot\n>p2 move sludgebomb\n>p1 switch 4\n>p1 move swordsdance\n>p2 move strengthsap\n>p1 move swordsdance\n>p2 move sleeppowder\n>p1 move swordsdance\n>p2 switch 4\n>p1 move swordsdance\n>p2 move encore\n>p1 move swordsdance\n>p2 move superfang\n>p1 switch 3\n>p2 move discharge\n>p1 switch 5\n>p2 move discharge\n>p1 move slackoff\n>p2 move discharge\n>p1 move muddywater\n>p2 move encore\n>p1 switch 5\n>p2 move discharge\n>p1 switch 5\n>p2 move uturn\n>p2 switch 4\n>p1 move muddywater\n>p2 move sludgebomb\n>p1 switch 6\n>p2 switch 5\n>p1 move psychicfangs\n>p2 switch 5\n>p1 move psychicfangs\n>p2 move strengthsap\n>p2 switch 3\n>p1 switch 6\n>p2 move swordsdance\n>p1 move thunderbolt\n>p2 move earthquake\n>p1 switch 6\n>p1 move crunch terastallize\n>p2 switch 5\n>p1 switch 5\n>p2 move noretreat\n>p1 move poltergeist\n>p2 move knockoff\n>p1 switch 4\n>p1 move spiritbreak\n>p2 move ironhead\n>p1 switch 3\n>p1 switch 2\n>p2 move closecombat\n>p1 switch 5\n>p1 move psychicfangs\n>p2 move closecombat\n>p1 switch 2\n>p1 move suckerpunch\n>p2 move closecombat", "uploadtime": 1771142598, "views": 23, "formatid": "gen9randombattle", "rating": 1558, "private": 0, "password": null}