{"id": "gen9randombattle-2539993780", "format": "[Gen 9] Random Battle", "players": ["columbula", "BeastkidYT"], "log": "|j|☆columbula\n|j|‽BeastkidYT\n|t:|1771140366\n|gametype|singles\n|player|p1|columbula|winona|1584\n|player|p2|BeastkidYT|2|1591\n|gen|9\n|tier|[Gen 9] Random Battle\n|rated|\n|rule|Species Clause: Limit one of each Pokémon\n|rule|HP Percentage Mod: HP is shown in percentages\n|rule|Sleep Clause Mod: Limit one foe put to sleep\n|rule|Illusion Level Mod: Illusion disguises the Pokémon's true level\n|\n|t:|1771140366\n|teamsize|p1|6\n|teamsize|p2|6\n|start\n|switch|p1a: Blissey|Blissey, L85, F|572/572\n|switch|p2a: Swalot|Swalot, L90, F|326/326\n|turn|1\n|inactive|Battle timer is ON: inactive players will automatically lose when time's up. (requested by columbula)\n|c|☆columbula|Hi youtube\n|\n|t:|1771140390\n|move|p2a: Swalot|Knock Off|p1a: Blissey\n|-damage|p1a: Blissey|389/572\n|-enditem|p1a: Blissey|Leftovers|[from] move: Knock Off|[of] p2a: Swalot\n|move|p1a: Blissey|Stealth Rock|p2a: Swalot\n|-sidestart|p2: BeastkidYT|move: Stealth Rock\n|\n|upkeep\n|turn|2\n|n|☆BeastkidYT|beastkidyt\n|c|☆BeastkidYT|Not recording. I don't do showdown videos\n|\n|t:|1771140419\n|move|p2a: Swalot|Sludge Bomb|p1a: Blissey\n|-crit|p1a: Blissey\n|-damage|p1a: Blissey|301/572\n|move|p1a: Blissey|Thunder Wave|p2a: Swalot\n|-status|p2a: Swalot|par\n|\n|upkeep\n|turn|3\n|\n|t:|1771140428\n|move|p1a: Blissey|Soft-Boiled|p1a: Blissey\n|-heal|p1a: Blissey|572/572\n|cant|p2a: Swalot|par\n|\n|upkeep\n|turn|4\n|\n|t:|1771140444\n|move|p1a: Blissey|Seismic Toss|p2a: Swalot\n|-damage|p2a: Swalot|241/326 par\n|move|p2a: Swalot|Earthquake|p1a: Blissey\n|-damage|p1a: Blissey|371/572\n|\n|-heal|p2a: Swalot|261/326 par|[from] item: Leftovers\n|upkeep\n|turn|5\n|\n|t:|1771140458\n|switch|p2a: Galvantula|Galvantula, L82, M|249/249\n|move|p1a: Blissey|Seismic Toss|p2a: Galvantula\n|-damage|p2a: Galvantula|164/249\n|\n|upkeep\n|turn|6\n|\n|t:|1771140476\n|move|p2a: Galvantula|Sticky Web|p1a: Blissey\n|-sidestart|p1: columbula|move: Sticky Web\n|move|p1a: Blissey|Seismic Toss|p2a: Galvantula\n|-damage|p2a: Galvantula|79/249\n|\n|upkeep\n|turn|7\n|\n|t:|1771140485\n|move|p2a: Galvantula|Volt Switch|p1a: Blissey\n|-damage|p1a: Blissey|319/572\n|\n|t:|1771140490\n|switch|p2a: Sneasler|Sneasler, L74, M|240/240|[from] Volt Switch\n|-damage|p2a: Sneasler|225/240|[from] Stealth Rock\n|move|p1a: Blissey|Seismic Toss|p2a: Sneasler\n|-damage|p2a: Sneasler|140/240\n|\n|upkeep\n|turn|8\n|\n|t:|1771140503\n|-terastallize|p1a: Blissey|Ghost\n|move|p2a: Sneasler|U-turn|p1a: Blissey\n|-resisted|p1a: Blissey\n|-crit|p1a: Blissey\n|-damage|p1a: Blissey|155/572\n|\n|t:|1771140511\n|switch|p2a: Galvantula|Galvantula, L82, M|79/249|[from] U-turn\n|move|p1a: Blissey|Thunder Wave|p2a: Galvantula\n|-immune|p2a: Galvantula\n|\n|upkeep\n|turn|9\n|\n|t:|1771140517\n|move|p2a: Galvantula|Thunder|p1a: Blissey\n|-damage|p1a: Blissey|80/572\n|-status|p1a: Blissey|par\n|cant|p1a: Blissey|par\n|\n|upkeep\n|turn|10\n|\n|t:|1771140528\n|-curestatus|p1a: Blissey|par|[from] ability: Natural Cure\n|switch|p1a: Illumise|Illumise, L91, F|266/266\n|move|p2a: Galvantula|Thunder|p1a: Illumise\n|-damage|p1a: Illumise|158/266\n|\n|upkeep\n|turn|11\n|\n|t:|1771140545\n|move|p2a: Galvantula|Thunder|p1a: Illumise\n|-damage|p1a: Illumise|59/266\n|-status|p1a: Illumise|par\n|move|p1a: Illumise|Bug Buzz|p2a: Galvantula\n|-damage|p2a: Galvantula|0 fnt\n|faint|p2a: Galvantula\n|\n|upkeep\n|inactive|BeastkidYT has 120 seconds left.\n|\n|t:|1771140584\n|switch|p2a: Sneasler|Sneasler, L74, M|140/240\n|-damage|p2a: Sneasler|125/240|[from] Stealth Rock\n|turn|12\n|\n|t:|1771140590\n|-terastallize|p2a: Sneasler|Dark\n|move|p1a: Illumise|Thunder Wave|p2a: Sneasler\n|-hint|Since gen 7, Dark is immune to Prankster moves.\n|-immune|p2a: Sneasler\n|move|p2a: Sneasler|Throat Chop|p1a: Illumise\n|-damage|p1a: Illumise|0 fnt\n|faint|p1a: Illumise\n|\n|upkeep\n|\n|t:|1771140603\n|switch|p1a: Regirock|Regirock, L83|268/268\n|-activate|p1a: Regirock|move: Sticky Web\n|-fail|p1a: Regirock|unboost|[from] ability: Clear Body|[of] p1a: Regirock\n|turn|13\n|\n|t:|1771140610\n|move|p2a: Sneasler|Throat Chop|p1a: Regirock\n|-damage|p1a: Regirock|204/268\n|-start|p1a: Regirock|Throat Chop|[silent]\n|-status|p1a: Regirock|psn|[from] ability: Poison Touch|[of] p2a: Sneasler\n|move|p1a: Regirock|Curse|p1a: Regirock\n|-unboost|p1a: Regirock|spe|1\n|-boost|p1a: Regirock|atk|1\n|-boost|p1a: Regirock|def|1\n|\n|-damage|p1a: Regirock|171/268 psn|[from] psn\n|upkeep\n|turn|14\n|\n|t:|1771140629\n|switch|p2a: Espeon|Espeon, L84, M|246/246\n|-damage|p2a: Espeon|216/246|[from] Stealth Rock\n|move|p1a: Regirock|Curse|p1a: Regirock\n|-unboost|p1a: Regirock|spe|1\n|-boost|p1a: Regirock|atk|1\n|-boost|p1a: Regirock|def|1\n|\n|-damage|p1a: Regirock|138/268 psn|[from] psn\n|-end|p1a: Regirock|Throat Chop|[silent]\n|upkeep\n|turn|15\n|\n|t:|1771140644\n|move|p2a: Espeon|Trick|p1a: Regirock\n|-activate|p2a: Espeon|move: Trick|[of] p1a: Regirock\n|-item|p1a: Regirock|Choice Specs|[from] move: Trick\n|-item|p2a: Espeon|Chesto Berry|[from] move: Trick\n|move|p1a: Regirock|Stone Edge|p2a: Espeon|[miss]\n|-miss|p1a: Regirock|p2a: Espeon\n|\n|-damage|p1a: Regirock|105/268 psn|[from] psn\n|upkeep\n|turn|16\n|\n|t:|1771140659\n|switch|p1a: Blissey|Blissey, L85, F, tera:Ghost|80/572\n|-activate|p1a: Blissey|move: Sticky Web\n|-unboost|p1a: Blissey|spe|1\n|move|p2a: Espeon|Shadow Ball|p1a: Blissey\n|-supereffective|p1a: Blissey\n|-damage|p1a: Blissey|0 fnt\n|faint|p1a: Blissey\n|\n|upkeep\n|inactive|columbula has 120 seconds left.\n|\n|t:|1771140677\n|switch|p1a: Drednaw|Drednaw, L81, M|278/278\n|-activate|p1a: Drednaw|move: Sticky Web\n|-unboost|p1a: Drednaw|spe|1\n|-enditem|p1a: Drednaw|White Herb\n|-clearnegativeboost|p1a: Drednaw|[silent]\n|turn|17\n|inactive|columbula has 120 seconds left.\n|\n|t:|1771140688\n|move|p2a: Espeon|Psyshock|p1a: Drednaw\n|-damage|p1a: Drednaw|167/278\n|move|p1a: Drednaw|Shell Smash|p1a: Drednaw\n|-unboost|p1a: Drednaw|def|1\n|-unboost|p1a: Drednaw|spd|1\n|-boost|p1a: Drednaw|atk|2\n|-boost|p1a: Drednaw|spa|2\n|-boost|p1a: Drednaw|spe|2\n|\n|upkeep\n|turn|18\n|inactive|columbula has 120 seconds left.\n|\n|t:|1771140698\n|move|p1a: Drednaw|Liquidation|p2a: Espeon\n|-damage|p2a: Espeon|0 fnt\n|faint|p2a: Espeon\n|\n|upkeep\n|\n|t:|1771140710\n|switch|p2a: Sinistcha|Sinistcha-Masterpiece, L83|254/254\n|-damage|p2a: Sinistcha|223/254|[from] Stealth Rock\n|turn|19\n|\n|t:|1771140715\n|move|p1a: Drednaw|Stone Edge|p2a: Sinistcha|[miss]\n|-miss|p1a: Drednaw|p2a: Sinistcha\n|move|p2a: Sinistcha|Matcha Gotcha|p1a: Drednaw\n|-supereffective|p1a: Drednaw\n|-damage|p1a: Drednaw|0 fnt\n|-heal|p2a: Sinistcha|254/254|[from] drain|[of] p1a: Drednaw\n|faint|p1a: Drednaw\n|\n|upkeep\n|\n|t:|1771140724\n|switch|p1a: Victreebel|Victreebel, L90, M|290/290\n|-activate|p1a: Victreebel|move: Sticky Web\n|-unboost|p1a: Victreebel|spe|1\n|turn|20\n|\n|t:|1771140729\n|move|p2a: Sinistcha|Calm Mind|p2a: Sinistcha\n|-boost|p2a: Sinistcha|spa|1\n|-boost|p2a: Sinistcha|spd|1\n|move|p1a: Victreebel|Poison Jab|p2a: Sinistcha\n|-damage|p2a: Sinistcha|132/254\n|-damage|p1a: Victreebel|261/290|[from] item: Life Orb\n|\n|-heal|p2a: Sinistcha|147/254|[from] item: Leftovers\n|upkeep\n|turn|21\n|\n|t:|1771140734\n|move|p2a: Sinistcha|Shadow Ball|p1a: Victreebel\n|-damage|p1a: Victreebel|95/290\n|move|p1a: Victreebel|Poison Jab|p2a: Sinistcha\n|-damage|p2a: Sinistcha|37/254\n|-damage|p1a: Victreebel|66/290|[from] item: Life Orb\n|\n|-heal|p2a: Sinistcha|52/254|[from] item: Leftovers\n|upkeep\n|turn|22\n|\n|t:|1771140738\n|move|p1a: Victreebel|Sucker Punch|p2a: Sinistcha\n|-supereffective|p2a: Sinistcha\n|-damage|p2a: Sinistcha|0 fnt\n|faint|p2a: Sinistcha\n|-damage|p1a: Victreebel|37/290|[from] item: Life Orb\n|\n|upkeep\n|\n|t:|1771140747\n|switch|p2a: Iron Bundle|Iron Bundle, L78|215/215\n|-damage|p2a: Iron Bundle|162/215|[from] Stealth Rock\n|turn|23\n|\n|t:|1771140750\n|move|p1a: Victreebel|Sucker Punch||[still]\n|-fail|p1a: Victreebel\n|move|p2a: Iron Bundle|Substitute|p2a: Iron Bundle\n|-start|p2a: Iron Bundle|Substitute\n|-damage|p2a: Iron Bundle|109/215\n|\n|-heal|p2a: Iron Bundle|122/215|[from] item: Leftovers\n|upkeep\n|turn|24\n|\n|t:|1771140754\n|move|p2a: Iron Bundle|Freeze-Dry|p1a: Victreebel\n|-supereffective|p1a: Victreebel\n|-damage|p1a: Victreebel|0 fnt\n|faint|p1a: Victreebel\n|\n|-heal|p2a: Iron Bundle|135/215|[from] item: Leftovers\n|upkeep\n|\n|t:|1771140760\n|switch|p1a: Regirock|Regirock, L83|105/268 psn\n|-activate|p1a: Regirock|move: Sticky Web\n|-fail|p1a: Regirock|unboost|[from] ability: Clear Body|[of] p1a: Regirock\n|turn|25\n|\n|t:|1771140767\n|move|p2a: Iron Bundle|Hydro Pump|p1a: Regirock\n|-supereffective|p1a: Regirock\n|-damage|p1a: Regirock|0 fnt\n|faint|p1a: Regirock\n|\n|-heal|p2a: Iron Bundle|148/215|[from] item: Leftovers\n|upkeep\n|\n|t:|1771140770\n|switch|p1a: Golduck|Golduck, L90, M|290/290\n|-activate|p1a: Golduck|move: Sticky Web\n|-unboost|p1a: Golduck|spe|1\n|-ability|p1a: Golduck|Cloud Nine\n|turn|26\n|c|☆columbula|Gg\n|\n|t:|1771140778\n|move|p2a: Iron Bundle|Freeze-Dry|p1a: Golduck\n|-supereffective|p1a: Golduck\n|-damage|p1a: Golduck|120/290\n|-status|p1a: Golduck|frz\n|cant|p1a: Golduck|frz\n|\n|-heal|p2a: Iron Bundle|161/215|[from] item: Leftovers\n|-heal|p1a: Golduck|138/290 frz|[from] item: Leftovers\n|upkeep\n|turn|27\n|-message|columbula forfeited.\n|\n|win|BeastkidYT\n|raw|columbula's rating: 1584 &rarr; <strong>1564</strong><br />(-20 for losing)\n|raw|BeastkidYT's rating: 1591 &rarr; <strong>1611</strong><br />(+20 for winning)\n|l|☆columbula\n|player|p1|\n|n|☆BeastkidYT|beastkidyt\n", "inputlog": ">version 686819e5e19f8a7fd2345cfc5a08a5085efa2cc3\n>start {\"formatid\":\"gen9randombattle\",\"seed\":\"sodium,ac205fa3113e9ff724a697f32f71f99c\",\"rated\":\"Rated battle\"}\n>player p1 {\"name\":\"columbula\",\"avatar\":\"winona\",\"rating\":1584,\"seed\":\"sodium,03f74efd4e058508c37905615a0bd1ae\"}\n>player p2 {\"name\":\"BeastkidYT\",\"avatar\":\"2\",\"rating\":1591,\"seed\":\"sodium,1a3a4a18637f79952b4004d0c751c93e\"}\n>chat ☆columbula|Hi youtube\n>p1 move stealthrock\n>p2 move knockoff\n>chat ☆BeastkidYT|Not recording. I don't do showdown videos \n>p1 move thunderwave\n>p2 move sludgebomb\n>p1 move softboiled\n>p2 move earthquake\n>p1 move seismictoss\n>p2 move earthquake\n>p1 move seismictoss\n>p2 switch 4\n>p1 move seismictoss\n>p2 move stickyweb\n>p1 move seismictoss\n>p2 move voltswitch\n>p2 switch 2\n>p1 move thunderwave terastallize\n>p2 move uturn\n>p2 switch 2\n>p1 move softboiled\n>p2 move thunder\n>p1 switch 6\n>p2 move thunder\n>p1 move bugbuzz\n>p2 move thunder\n>p2 switch 2\n>p1 move thunderwave\n>p2 move throatchop terastallize\n>p1 switch 5\n>p1 move curse\n>p2 move throatchop\n>p1 move curse\n>p2 switch 5\n>p1 move stoneedge\n>p2 move trick\n>p1 switch 6\n>p2 move shadowball\n>p1 switch 2\n>p1 move shellsmash\n>p2 move psyshock\n>p1 move liquidation\n>p2 move psyshock\n>p2 switch 3\n>p1 move stoneedge\n>p2 move matchagotcha\n>p1 switch 3\n>p1 move poisonjab\n>p2 move calmmind\n>p1 move poisonjab\n>p2 move shadowball\n>p1 move suckerpunch\n>p2 move shadowball\n>p2 switch 6\n>p1 move suckerpunch\n>p2 move substitute\n>p1 move poisonjab\n>p2 move freezedry\n>p1 switch 6\n>p1 move rest\n>p2 move hydropump\n>p1 switch 4\n>chat ☆columbula|Gg\n>p1 move grassknot\n>p2 move freezedry\n>forcelose p1", "uploadtime": 1771140794, "views": 22, "formatid": "gen9randombattle", "rating": 1564, "private": 0, "password": null}