{"id": "gen9randombattle-2540258258", "format": "[Gen 9] Random Battle", "players": ["BeastkidYT", "turtlesaur"], "log": "|j|☆BeastkidYT\n|j|☆turtlesaur\n|t:|1771181629\n|gametype|singles\n|player|p1|BeastkidYT|265|1621\n|player|p2|turtlesaur|blackbelt-gen4dp|1686\n|gen|9\n|tier|[Gen 9] Random Battle\n|rated|\n|rule|Species Clause: Limit one of each Pokémon\n|rule|HP Percentage Mod: HP is shown in percentages\n|rule|Sleep Clause Mod: Limit one foe put to sleep\n|rule|Illusion Level Mod: Illusion disguises the Pokémon's true level\n|\n|t:|1771181629\n|teamsize|p1|6\n|teamsize|p2|6\n|start\n|switch|p1a: Ting-Lu|Ting-Lu, L78|370/370\n|switch|p2a: Jirachi|Jirachi, L80|291/291\n|-ability|p1a: Ting-Lu|Vessel of Ruin\n|turn|1\n|inactive|Battle timer is ON: inactive players will automatically lose when time's up. (requested by BeastkidYT)\n|\n|t:|1771181703\n|move|p2a: Jirachi|Body Slam|p1a: Ting-Lu\n|-damage|p1a: Ting-Lu|323/370\n|move|p1a: Ting-Lu|Stealth Rock|p2a: Jirachi\n|-sidestart|p2: turtlesaur|move: Stealth Rock\n|\n|-heal|p1a: Ting-Lu|346/370|[from] item: Leftovers\n|upkeep\n|turn|2\n|\n|t:|1771181712\n|move|p2a: Jirachi|U-turn|p1a: Ting-Lu\n|-supereffective|p1a: Ting-Lu\n|-damage|p1a: Ting-Lu|270/370\n|\n|t:|1771181717\n|switch|p2a: Sawsbuck|Sawsbuck-Summer, L88, M|284/284|[from] U-turn\n|-damage|p2a: Sawsbuck|249/284|[from] Stealth Rock\n|move|p1a: Ting-Lu|Earthquake|p2a: Sawsbuck\n|-resisted|p2a: Sawsbuck\n|-damage|p2a: Sawsbuck|196/284\n|\n|-heal|p1a: Ting-Lu|293/370|[from] item: Leftovers\n|upkeep\n|turn|3\n|\n|t:|1771181730\n|switch|p1a: Sneasler|Sneasler, L74, M|240/240\n|move|p2a: Sawsbuck|Swords Dance|p2a: Sawsbuck\n|-boost|p2a: Sawsbuck|atk|2\n|\n|upkeep\n|turn|4\n|\n|t:|1771181742\n|move|p1a: Sneasler|Close Combat|p2a: Sawsbuck\n|-supereffective|p2a: Sawsbuck\n|-damage|p2a: Sawsbuck|0 fnt\n|-unboost|p1a: Sneasler|def|1\n|-unboost|p1a: Sneasler|spd|1\n|faint|p2a: Sawsbuck\n|\n|upkeep\n|\n|t:|1771181749\n|switch|p2a: Jirachi|Jirachi, L80|291/291\n|-damage|p2a: Jirachi|273/291|[from] Stealth Rock\n|turn|5\n|\n|t:|1771181760\n|switch|p1a: Falinks|Falinks, L84|246/246\n|move|p2a: Jirachi|Body Slam|p1a: Falinks\n|-damage|p1a: Falinks|196/246\n|\n|upkeep\n|turn|6\n|\n|t:|1771181767\n|move|p2a: Jirachi|Body Slam|p1a: Falinks\n|-damage|p1a: Falinks|146/246\n|-status|p1a: Falinks|par\n|move|p1a: Falinks|No Retreat|p1a: Falinks\n|-boost|p1a: Falinks|atk|1\n|-boost|p1a: Falinks|def|1\n|-boost|p1a: Falinks|spa|1\n|-boost|p1a: Falinks|spd|1\n|-boost|p1a: Falinks|spe|1\n|-start|p1a: Falinks|move: No Retreat\n|\n|upkeep\n|turn|7\n|\n|t:|1771181775\n|move|p2a: Jirachi|Iron Head|p1a: Falinks\n|-damage|p1a: Falinks|97/246 par\n|cant|p1a: Falinks|flinch\n|\n|upkeep\n|turn|8\n|\n|t:|1771181781\n|move|p2a: Jirachi|Iron Head|p1a: Falinks\n|-damage|p1a: Falinks|49/246 par\n|cant|p1a: Falinks|par\n|\n|upkeep\n|turn|9\n|\n|t:|1771181787\n|move|p2a: Jirachi|Iron Head|p1a: Falinks\n|-damage|p1a: Falinks|4/246 par\n|cant|p1a: Falinks|flinch\n|\n|upkeep\n|turn|10\n|\n|t:|1771181799\n|move|p2a: Jirachi|Iron Head|p1a: Falinks\n|-damage|p1a: Falinks|0 fnt\n|faint|p1a: Falinks\n|\n|upkeep\n|\n|t:|1771181806\n|switch|p1a: Weavile|Weavile, L79, M|239/239\n|turn|11\n|\n|t:|1771181835\n|-terastallize|p2a: Jirachi|Water\n|move|p1a: Weavile|Knock Off|p2a: Jirachi\n|-damage|p2a: Jirachi|117/291\n|-enditem|p2a: Jirachi|Assault Vest|[from] move: Knock Off|[of] p1a: Weavile\n|move|p2a: Jirachi|Drain Punch|p1a: Weavile\n|-supereffective|p1a: Weavile\n|-damage|p1a: Weavile|0 fnt\n|-heal|p2a: Jirachi|237/291|[from] drain|[of] p1a: Weavile\n|faint|p1a: Weavile\n|\n|upkeep\n|\n|t:|1771181852\n|switch|p1a: Cryogonal|Cryogonal, L89|287/287\n|turn|12\n|inactive|turtlesaur has 120 seconds left.\n|inactive|turtlesaur has 90 seconds left.\n|\n|t:|1771181915\n|move|p1a: Cryogonal|Freeze-Dry|p2a: Jirachi\n|-supereffective|p2a: Jirachi\n|-damage|p2a: Jirachi|79/291\n|move|p2a: Jirachi|Drain Punch|p1a: Cryogonal\n|-supereffective|p1a: Cryogonal\n|-damage|p1a: Cryogonal|157/287\n|-heal|p2a: Jirachi|144/291|[from] drain|[of] p1a: Cryogonal\n|\n|upkeep\n|turn|13\n|inactive|turtlesaur has 60 seconds left.\n|inactive|turtlesaur has 30 seconds left.\n|\n|t:|1771181980\n|switch|p2a: Minun|Minun, L95, F|268/268\n|-damage|p2a: Minun|235/268|[from] Stealth Rock\n|move|p1a: Cryogonal|Freeze-Dry|p2a: Minun\n|-damage|p2a: Minun|162/268\n|\n|upkeep\n|turn|14\n|\n|t:|1771181999\n|switch|p1a: Ting-Lu|Ting-Lu, L78|293/370\n|-ability|p1a: Ting-Lu|Vessel of Ruin\n|move|p2a: Minun|Thunderbolt|p1a: Ting-Lu\n|-immune|p1a: Ting-Lu\n|\n|-heal|p1a: Ting-Lu|316/370|[from] item: Leftovers\n|upkeep\n|turn|15\n|\n|t:|1771182013\n|switch|p2a: Serperior|Serperior, L79, M|248/248\n|-damage|p2a: Serperior|217/248|[from] Stealth Rock\n|move|p1a: Ting-Lu|Earthquake|p2a: Serperior\n|-resisted|p2a: Serperior\n|-damage|p2a: Serperior|163/248\n|\n|-heal|p2a: Serperior|178/248|[from] item: Leftovers\n|-heal|p1a: Ting-Lu|339/370|[from] item: Leftovers\n|upkeep\n|turn|16\n|\n|t:|1771182020\n|move|p2a: Serperior|Substitute|p2a: Serperior\n|-start|p2a: Serperior|Substitute\n|-damage|p2a: Serperior|116/248\n|move|p1a: Ting-Lu|Heavy Slam|p2a: Serperior\n|-end|p2a: Serperior|Substitute\n|\n|-heal|p2a: Serperior|131/248|[from] item: Leftovers\n|-heal|p1a: Ting-Lu|362/370|[from] item: Leftovers\n|upkeep\n|turn|17\n|\n|t:|1771182023\n|move|p2a: Serperior|Leech Seed|p1a: Ting-Lu\n|-start|p1a: Ting-Lu|move: Leech Seed\n|move|p1a: Ting-Lu|Heavy Slam|p2a: Serperior\n|-crit|p2a: Serperior\n|-damage|p2a: Serperior|5/248\n|\n|-heal|p2a: Serperior|20/248|[from] item: Leftovers\n|-heal|p1a: Ting-Lu|370/370|[from] item: Leftovers\n|-damage|p1a: Ting-Lu|324/370|[from] Leech Seed|[of] p2a: Serperior\n|-heal|p2a: Serperior|66/248|[silent]\n|upkeep\n|turn|18\n|l|☆BeastkidYT\n|inactive|BeastkidYT disconnected and has a minute to reconnect!\n|player|p1|\n|j|☆BeastkidYT\n|inactive|BeastkidYT reconnected and has 145 seconds left.\n|player|p1|BeastkidYT|265|\n|\n|t:|1771182034\n|move|p2a: Serperior|Leaf Storm|p1a: Ting-Lu\n|-supereffective|p1a: Ting-Lu\n|-damage|p1a: Ting-Lu|132/370\n|-boost|p2a: Serperior|spa|2\n|move|p1a: Ting-Lu|Heavy Slam|p2a: Serperior\n|-damage|p2a: Serperior|0 fnt\n|faint|p2a: Serperior\n|\n|-heal|p1a: Ting-Lu|155/370|[from] item: Leftovers\n|upkeep\n|inactive|turtlesaur has 60 seconds left.\n|\n|t:|1771182046\n|switch|p2a: Jirachi|Jirachi, L80, tera:Water|144/291\n|-damage|p2a: Jirachi|108/291|[from] Stealth Rock\n|turn|19\n|\n|t:|1771182058\n|-terastallize|p1a: Ting-Lu|Poison\n|move|p2a: Jirachi|Iron Head|p1a: Ting-Lu\n|-damage|p1a: Ting-Lu|94/370\n|cant|p1a: Ting-Lu|flinch\n|\n|-heal|p1a: Ting-Lu|117/370|[from] item: Leftovers\n|-damage|p1a: Ting-Lu|71/370|[from] Leech Seed|[of] p2a: Jirachi\n|-heal|p2a: Jirachi|154/291|[silent]\n|upkeep\n|turn|20\n|\n|t:|1771182067\n|move|p2a: Jirachi|Iron Head|p1a: Ting-Lu\n|-damage|p1a: Ting-Lu|5/370\n|cant|p1a: Ting-Lu|flinch\n|\n|-heal|p1a: Ting-Lu|28/370|[from] item: Leftovers\n|-damage|p1a: Ting-Lu|0 fnt|[from] Leech Seed|[of] p2a: Jirachi\n|-heal|p2a: Jirachi|182/291|[silent]\n|faint|p1a: Ting-Lu\n|upkeep\n|c|☆BeastkidYT|I hate this mon\n|c|☆BeastkidYT|Jirachi is a cancer\n|c|☆turtlesaur|Hahaj\n|c|☆turtlesaur|I hate klefki\n|inactive|BeastkidYT has 120 seconds left.\n|\n|t:|1771182099\n|switch|p1a: Sneasler|Sneasler, L74, M|240/240\n|turn|21\n|inactive|BeastkidYT has 120 seconds left.\n|c|☆BeastkidYT|I rather deal with it than para flinch\n|\n|t:|1771182121\n|move|p1a: Sneasler|Dire Claw|p2a: Jirachi\n|-crit|p2a: Jirachi\n|-damage|p2a: Jirachi|17/291\n|-status|p2a: Jirachi|psn\n|move|p2a: Jirachi|Body Slam|p1a: Sneasler\n|-damage|p1a: Sneasler|149/240\n|\n|-damage|p2a: Jirachi|0 fnt|[from] psn\n|faint|p2a: Jirachi\n|upkeep\n|inactive|turtlesaur has 90 seconds left.\n|\n|t:|1771182132\n|switch|p2a: Dodrio|Dodrio, L85, M|241/241\n|turn|22\n|inactive|BeastkidYT has 120 seconds left.\n|inactive|turtlesaur has 90 seconds left.\n|\n|t:|1771182147\n|move|p2a: Dodrio|Brave Bird|p1a: Sneasler\n|-supereffective|p1a: Sneasler\n|-damage|p1a: Sneasler|0 fnt\n|faint|p1a: Sneasler\n|-damage|p2a: Dodrio|192/241|[from] Recoil\n|\n|upkeep\n|\n|t:|1771182152\n|switch|p1a: Cryogonal|Cryogonal, L89|157/287\n|turn|23\n|\n|t:|1771182158\n|move|p1a: Cryogonal|Freeze-Dry|p2a: Dodrio\n|-supereffective|p2a: Dodrio\n|-damage|p2a: Dodrio|0 fnt\n|faint|p2a: Dodrio\n|\n|upkeep\n|\n|t:|1771182165\n|switch|p2a: Politoed|Politoed, L88, M|302/302\n|-damage|p2a: Politoed|265/302|[from] Stealth Rock\n|-weather|RainDance|[from] ability: Drizzle|[of] p2a: Politoed\n|turn|24\n|\n|t:|1771182175\n|move|p1a: Cryogonal|Freeze-Dry|p2a: Politoed\n|-supereffective|p2a: Politoed\n|-damage|p2a: Politoed|119/302\n|move|p2a: Politoed|Hydro Pump|p1a: Cryogonal|[miss]\n|-miss|p2a: Politoed|p1a: Cryogonal\n|\n|-weather|RainDance|[upkeep]\n|upkeep\n|turn|25\n|\n|t:|1771182180\n|move|p1a: Cryogonal|Freeze-Dry|p2a: Politoed\n|-supereffective|p2a: Politoed\n|-damage|p2a: Politoed|0 fnt\n|faint|p2a: Politoed\n|\n|-weather|RainDance|[upkeep]\n|upkeep\n|\n|t:|1771182182\n|switch|p2a: Minun|Minun, L95, F|162/268\n|-damage|p2a: Minun|129/268|[from] Stealth Rock\n|turn|26\n|\n|t:|1771182189\n|move|p1a: Cryogonal|Recover|p1a: Cryogonal\n|-heal|p1a: Cryogonal|287/287\n|move|p2a: Minun|Thunderbolt|p1a: Cryogonal\n|-damage|p1a: Cryogonal|196/287\n|-damage|p2a: Minun|103/268|[from] item: Life Orb\n|\n|-weather|RainDance|[upkeep]\n|upkeep\n|turn|27\n|\n|t:|1771182193\n|move|p1a: Cryogonal|Freeze-Dry|p2a: Minun\n|-damage|p2a: Minun|31/268\n|move|p2a: Minun|Thunderbolt|p1a: Cryogonal\n|-damage|p1a: Cryogonal|110/287\n|-damage|p2a: Minun|5/268|[from] item: Life Orb\n|\n|-weather|RainDance|[upkeep]\n|upkeep\n|turn|28\n|c|☆BeastkidYT|Gg\n|\n|t:|1771182200\n|move|p1a: Cryogonal|Freeze-Dry|p2a: Minun\n|-damage|p2a: Minun|0 fnt\n|faint|p2a: Minun\n|\n|win|BeastkidYT\n|raw|BeastkidYT's rating: 1621 &rarr; <strong>1645</strong><br />(+24 for winning)\n|raw|turtlesaur's rating: 1686 &rarr; <strong>1662</strong><br />(-24 for losing)\n", "inputlog": ">version 686819e5e19f8a7fd2345cfc5a08a5085efa2cc3\n>start {\"formatid\":\"gen9randombattle\",\"seed\":\"sodium,80bccaf9186bf6ed6c9ea4efe5adfba4\",\"rated\":\"Rated battle\"}\n>player p1 {\"name\":\"BeastkidYT\",\"avatar\":\"265\",\"rating\":1621,\"seed\":\"sodium,ecf152622b04306bf9b061cc84114c9b\"}\n>player p2 {\"name\":\"turtlesaur\",\"avatar\":\"blackbelt-gen4dp\",\"rating\":1686,\"seed\":\"sodium,c79d4f8a0a6ac01f2f0b3c42fdc4b2ae\"}\n>p1 move stealthrock\n>p2 move bodyslam\n>p1 move earthquake\n>p2 move uturn\n>p2 switch 6\n>p1 switch 6\n>p2 move swordsdance\n>p1 move closecombat\n>p2 move highhorsepower\n>p2 switch 6\n>p1 switch 5\n>p2 move bodyslam\n>p1 move noretreat\n>p2 move bodyslam\n>p1 move knockoff\n>p2 move ironhead\n>p1 move knockoff\n>p2 move ironhead\n>p1 move knockoff\n>p2 move ironhead\n>p1 move knockoff\n>p2 move ironhead\n>p1 switch 2\n>p1 move knockoff\n>p2 move drainpunch terastallize\n>p1 switch 3\n>p1 move freezedry\n>p2 move drainpunch\n>p1 move freezedry\n>p2 switch 3\n>p1 switch 6\n>p2 move thunderbolt\n>p1 move earthquake\n>p2 switch 2\n>p1 move heavyslam\n>p2 move substitute\n>p1 move heavyslam\n>p2 move leechseed\n>p1 move heavyslam\n>p2 move leafstorm\n>p2 switch 3\n>p1 move earthquake terastallize\n>p2 move ironhead\n>p1 move earthquake\n>p2 move ironhead\n>chat ☆BeastkidYT|I hate this mon\n>chat ☆BeastkidYT|Jirachi is a cancer\n>chat ☆turtlesaur|Hahaj\n>chat ☆turtlesaur|I hate klefki\n>p1 switch 5\n>chat ☆BeastkidYT|I rather deal with it than para flinch \n>p1 move direclaw\n>p2 move bodyslam\n>p2 switch 5\n>p1 move direclaw\n>p2 move bravebird\n>p1 switch 6\n>p1 move freezedry\n>p2 move bravebird\n>p2 switch 4\n>p1 move freezedry\n>p2 move hydropump\n>p1 move freezedry\n>p2 move hydropump\n>p2 switch 2\n>p1 move recover\n>p2 move thunderbolt\n>p1 move freezedry\n>p2 move thunderbolt\n>chat ☆BeastkidYT|Gg\n>p1 move freezedry\n>p2 move thunderbolt", "uploadtime": 1771182205, "views": 9, "formatid": "gen9randombattle", "rating": 1645, "private": 0, "password": null}