{"id": "gen9randombattle-2540465136", "format": "[Gen 9] Random Battle", "players": ["treeshhhh", "Unstable Joe"], "log": "|j|☆treeshhhh\n|j|☆Unstable Joe\n|t:|1771205374\n|gametype|singles\n|player|p1|treeshhhh|169|1743\n|player|p2|Unstable Joe|265|1799\n|gen|9\n|tier|[Gen 9] Random Battle\n|rated|\n|rule|Species Clause: Limit one of each Pokémon\n|rule|HP Percentage Mod: HP is shown in percentages\n|rule|Sleep Clause Mod: Limit one foe put to sleep\n|rule|Illusion Level Mod: Illusion disguises the Pokémon's true level\n|\n|t:|1771205374\n|teamsize|p1|6\n|teamsize|p2|6\n|start\n|switch|p1a: Hypno|Hypno, L95, M|315/315\n|switch|p2a: Gliscor|Gliscor, L76, M|239/239\n|turn|1\n|inactive|Battle timer is ON: inactive players will automatically lose when time's up. (requested by Unstable Joe)\n|\n|t:|1771205398\n|switch|p1a: Malamar|Malamar, L82, M|275/275\n|move|p2a: Gliscor|Knock Off|p1a: Malamar\n|-damage|p1a: Malamar|216/275\n|-enditem|p1a: Malamar|Leftovers|[from] move: Knock Off|[of] p2a: Gliscor\n|\n|-status|p2a: Gliscor|tox|[from] item: Toxic Orb\n|upkeep\n|turn|2\n|\n|t:|1771205416\n|switch|p2a: Mabosstiff|Mabosstiff, L86, M|278/278\n|move|p1a: Malamar|Superpower|p2a: Mabosstiff\n|-supereffective|p2a: Mabosstiff\n|-damage|p2a: Mabosstiff|126/278\n|-boost|p1a: Malamar|atk|1\n|-boost|p1a: Malamar|def|1\n|\n|upkeep\n|turn|3\n|\n|t:|1771205430\n|move|p2a: Mabosstiff|Play Rough|p1a: Malamar\n|-supereffective|p1a: Malamar\n|-damage|p1a: Malamar|102/275\n|move|p1a: Malamar|Superpower|p2a: Mabosstiff\n|-supereffective|p2a: Mabosstiff\n|-damage|p2a: Mabosstiff|0 fnt\n|-boost|p1a: Malamar|atk|1\n|-boost|p1a: Malamar|def|1\n|faint|p2a: Mabosstiff\n|\n|upkeep\n|\n|t:|1771205440\n|switch|p2a: Forretress|Forretress, L84, F|263/263\n|turn|4\n|\n|t:|1771205449\n|move|p1a: Malamar|Superpower|p2a: Forretress\n|-crit|p2a: Forretress\n|-damage|p2a: Forretress|95/263\n|-boost|p1a: Malamar|atk|1\n|-boost|p1a: Malamar|def|1\n|move|p2a: Forretress|Rapid Spin|p1a: Malamar\n|-damage|p1a: Malamar|87/275\n|-boost|p2a: Forretress|spe|1\n|\n|-heal|p2a: Forretress|111/263|[from] item: Leftovers\n|upkeep\n|turn|5\n|\n|t:|1771205460\n|move|p2a: Forretress|Spikes|p1a: Malamar\n|-sidestart|p1: treeshhhh|Spikes\n|move|p1a: Malamar|Rest|p1a: Malamar\n|-status|p1a: Malamar|slp|[from] move: Rest\n|-heal|p1a: Malamar|275/275 slp|[silent]\n|\n|-heal|p2a: Forretress|127/263|[from] item: Leftovers\n|upkeep\n|turn|6\n|\n|t:|1771205468\n|move|p2a: Forretress|Spikes|p1a: Malamar\n|-sidestart|p1: treeshhhh|Spikes\n|cant|p1a: Malamar|slp\n|move|p1a: Malamar|Sleep Talk|p1a: Malamar\n|move|p1a: Malamar|Knock Off|p2a: Forretress|[from] move: Sleep Talk\n|-damage|p2a: Forretress|0 fnt\n|-enditem|p2a: Forretress|Leftovers|[from] move: Knock Off|[of] p1a: Malamar\n|faint|p2a: Forretress\n|\n|upkeep\n|\n|t:|1771205494\n|switch|p2a: Blastoise|Blastoise, L80, F|258/258\n|turn|7\n|\n|t:|1771205501\n|move|p2a: Blastoise|Shell Smash|p2a: Blastoise\n|-unboost|p2a: Blastoise|def|1\n|-unboost|p2a: Blastoise|spd|1\n|-boost|p2a: Blastoise|atk|2\n|-boost|p2a: Blastoise|spa|2\n|-boost|p2a: Blastoise|spe|2\n|-enditem|p2a: Blastoise|White Herb\n|-clearnegativeboost|p2a: Blastoise|[silent]\n|cant|p1a: Malamar|slp\n|move|p1a: Malamar|Sleep Talk|p1a: Malamar\n|move|p1a: Malamar|Knock Off|p2a: Blastoise|[from] move: Sleep Talk\n|-damage|p2a: Blastoise|122/258\n|\n|upkeep\n|turn|8\n|\n|t:|1771205517\n|move|p2a: Blastoise|Hydro Pump|p1a: Malamar\n|-damage|p1a: Malamar|32/275 slp\n|-curestatus|p1a: Malamar|slp|[msg]\n|move|p1a: Malamar|Superpower|p2a: Blastoise\n|-damage|p2a: Blastoise|0 fnt\n|-boost|p1a: Malamar|atk|1\n|-boost|p1a: Malamar|def|1\n|faint|p2a: Blastoise\n|\n|upkeep\n|inactive|Unstable Joe has 120 seconds left.\n|\n|t:|1771205543\n|switch|p2a: Breloom|Breloom, L83, F|235/235\n|turn|9\n|\n|t:|1771205547\n|move|p2a: Breloom|Mach Punch|p1a: Malamar\n|-crit|p1a: Malamar\n|-damage|p1a: Malamar|0 fnt\n|faint|p1a: Malamar\n|-damage|p2a: Breloom|212/235|[from] item: Life Orb\n|\n|upkeep\n|\n|t:|1771205551\n|switch|p1a: Vespiquen|Vespiquen, L99, F|299/299\n|-ability|p1a: Vespiquen|Pressure\n|turn|10\n|\n|t:|1771205557\n|switch|p2a: Gliscor|Gliscor, L76, M|239/239 tox\n|switch|p1a: Hypno|Hypno, L95, M|315/315\n|-damage|p1a: Hypno|263/315|[from] Spikes\n|\n|-heal|p1a: Hypno|282/315|[from] item: Leftovers\n|upkeep\n|turn|11\n|\n|t:|1771205566\n|move|p2a: Gliscor|Toxic Spikes|p1a: Hypno\n|-sidestart|p1: treeshhhh|move: Toxic Spikes\n|move|p1a: Hypno|Psychic Noise|p2a: Gliscor\n|-damage|p2a: Gliscor|127/239 tox\n|-start|p2a: Gliscor|move: Heal Block\n|\n|-heal|p1a: Hypno|301/315|[from] item: Leftovers\n|upkeep\n|turn|12\n|\n|t:|1771205575\n|move|p2a: Gliscor|Protect|p2a: Gliscor\n|-singleturn|p2a: Gliscor|Protect\n|move|p1a: Hypno|Psychic Noise|p2a: Gliscor\n|-activate|p2a: Gliscor|move: Protect\n|\n|-heal|p1a: Hypno|315/315|[from] item: Leftovers\n|-end|p2a: Gliscor|move: Heal Block\n|upkeep\n|turn|13\n|\n|t:|1771205588\n|move|p2a: Gliscor|Toxic Spikes|p1a: Hypno\n|-sidestart|p1: treeshhhh|move: Toxic Spikes\n|move|p1a: Hypno|Psychic Noise|p2a: Gliscor\n|-damage|p2a: Gliscor|28/239 tox\n|-start|p2a: Gliscor|move: Heal Block\n|\n|upkeep\n|turn|14\n|\n|t:|1771205597\n|switch|p2a: Registeel|Registeel, L81|262/262\n|move|p1a: Hypno|Psychic Noise|p2a: Registeel\n|-resisted|p2a: Registeel\n|-damage|p2a: Registeel|235/262\n|-start|p2a: Registeel|move: Heal Block\n|\n|upkeep\n|turn|15\n|\n|t:|1771205607\n|move|p1a: Hypno|Focus Blast|p2a: Registeel\n|-supereffective|p2a: Registeel\n|-damage|p2a: Registeel|117/262\n|move|p2a: Registeel|Iron Defense|p2a: Registeel\n|-boost|p2a: Registeel|def|2\n|\n|-end|p2a: Registeel|move: Heal Block\n|upkeep\n|turn|16\n|\n|t:|1771205618\n|move|p1a: Hypno|Focus Blast|p2a: Registeel\n|-supereffective|p2a: Registeel\n|-damage|p2a: Registeel|0 fnt\n|faint|p2a: Registeel\n|\n|upkeep\n|\n|t:|1771205630\n|switch|p2a: Gliscor|Gliscor, L76, M|28/239 tox\n|turn|17\n|\n|t:|1771205633\n|move|p2a: Gliscor|Protect|p2a: Gliscor\n|-singleturn|p2a: Gliscor|Protect\n|move|p1a: Hypno|Psychic Noise|p2a: Gliscor\n|-activate|p2a: Gliscor|move: Protect\n|\n|-heal|p2a: Gliscor|57/239 tox|[from] ability: Poison Heal\n|upkeep\n|turn|18\n|\n|t:|1771205641\n|move|p2a: Gliscor|Knock Off|p1a: Hypno\n|-supereffective|p1a: Hypno\n|-damage|p1a: Hypno|205/315\n|-enditem|p1a: Hypno|Leftovers|[from] move: Knock Off|[of] p2a: Gliscor\n|move|p1a: Hypno|Psychic Noise|p2a: Gliscor\n|-damage|p2a: Gliscor|0 fnt\n|faint|p2a: Gliscor\n|\n|upkeep\n|\n|t:|1771205650\n|switch|p2a: Breloom|Breloom, L83, F|212/235\n|turn|19\n|\n|t:|1771205660\n|switch|p1a: Suicune|Suicune, L82|298/298\n|-damage|p1a: Suicune|249/298|[from] Spikes\n|-status|p1a: Suicune|tox\n|-ability|p1a: Suicune|Pressure\n|move|p2a: Breloom|Spore||[still]\n|-fail|p2a: Breloom\n|\n|-heal|p1a: Suicune|267/298 tox|[from] item: Leftovers\n|-damage|p1a: Suicune|249/298 tox|[from] psn\n|upkeep\n|turn|20\n|\n|t:|1771205675\n|-terastallize|p2a: Breloom|Fighting\n|move|p1a: Suicune|Scald|p2a: Breloom\n|-damage|p2a: Breloom|103/235\n|move|p2a: Breloom|Swords Dance|p2a: Breloom\n|-boost|p2a: Breloom|atk|2\n|\n|-heal|p1a: Suicune|267/298 tox|[from] item: Leftovers\n|-damage|p1a: Suicune|231/298 tox|[from] psn\n|upkeep\n|turn|21\n|\n|t:|1771205687\n|move|p2a: Breloom|Mach Punch|p1a: Suicune\n|-damage|p1a: Suicune|0 fnt\n|faint|p1a: Suicune\n|-damage|p2a: Breloom|80/235|[from] item: Life Orb\n|\n|upkeep\n|\n|t:|1771205700\n|switch|p1a: Walking Wake|Walking Wake, L79|286/286\n|-damage|p1a: Walking Wake|239/286|[from] Spikes\n|-status|p1a: Walking Wake|tox\n|turn|22\n|\n|t:|1771205707\n|move|p2a: Breloom|Mach Punch|p1a: Walking Wake\n|-damage|p1a: Walking Wake|0 fnt\n|faint|p1a: Walking Wake\n|-end|p1a: Walking Wake|Protosynthesis|[silent]\n|-damage|p2a: Breloom|57/235|[from] item: Life Orb\n|\n|upkeep\n|\n|t:|1771205715\n|switch|p1a: Vespiquen|Vespiquen, L99, F|299/299\n|-ability|p1a: Vespiquen|Pressure\n|turn|23\n|\n|t:|1771205723\n|switch|p1a: Tauros|Tauros, L82, M|257/257\n|-damage|p1a: Tauros|215/257|[from] Spikes\n|-status|p1a: Tauros|tox\n|move|p2a: Breloom|Spore||[still]\n|-fail|p2a: Breloom\n|\n|-damage|p1a: Tauros|199/257 tox|[from] psn\n|upkeep\n|turn|24\n|\n|t:|1771205733\n|move|p2a: Breloom|Mach Punch|p1a: Tauros\n|-supereffective|p1a: Tauros\n|-damage|p1a: Tauros|0 fnt\n|faint|p1a: Tauros\n|-damage|p2a: Breloom|34/235|[from] item: Life Orb\n|\n|upkeep\n|\n|t:|1771205735\n|switch|p1a: Vespiquen|Vespiquen, L99, F|299/299\n|-ability|p1a: Vespiquen|Pressure\n|turn|25\n|\n|t:|1771205749\n|switch|p1a: Hypno|Hypno, L95, M|205/315\n|-damage|p1a: Hypno|153/315|[from] Spikes\n|-status|p1a: Hypno|tox\n|move|p2a: Breloom|Spore||[still]\n|-fail|p2a: Breloom\n|\n|-damage|p1a: Hypno|134/315 tox|[from] psn\n|upkeep\n|turn|26\n|\n|t:|1771205763\n|switch|p1a: Vespiquen|Vespiquen, L99, F|299/299\n|-ability|p1a: Vespiquen|Pressure\n|move|p2a: Breloom|Mach Punch|p1a: Vespiquen\n|-resisted|p1a: Vespiquen\n|-crit|p1a: Vespiquen\n|-damage|p1a: Vespiquen|225/299\n|-damage|p2a: Breloom|11/235|[from] item: Life Orb\n|\n|upkeep\n|turn|27\n|\n|t:|1771205776\n|move|p2a: Breloom|Bullet Seed|p1a: Vespiquen\n|-resisted|p1a: Vespiquen\n|-damage|p1a: Vespiquen|202/299\n|-resisted|p1a: Vespiquen\n|-damage|p1a: Vespiquen|180/299\n|-hitcount|p1a: Vespiquen|2\n|-damage|p2a: Breloom|0 fnt|[from] item: Life Orb\n|faint|p2a: Breloom\n|\n|win|treeshhhh\n|raw|treeshhhh's rating: 1743 &rarr; <strong>1766</strong><br />(+23 for winning)\n|raw|Unstable Joe's rating: 1799 &rarr; <strong>1776</strong><br />(-23 for losing)\n", "inputlog": ">version 686819e5e19f8a7fd2345cfc5a08a5085efa2cc3\n>start {\"formatid\":\"gen9randombattle\",\"seed\":\"sodium,f45523f6992a40ffe7eeb073bb10b5d7\",\"rated\":\"Rated battle\"}\n>player p1 {\"name\":\"treeshhhh\",\"avatar\":\"169\",\"rating\":1743,\"seed\":\"sodium,44ebb9d0e18ac40bb02afb7ef42cb4cb\"}\n>player p2 {\"name\":\"Unstable Joe\",\"avatar\":\"265\",\"rating\":1799,\"seed\":\"sodium,d8f57f8fbe60d2c910cafc569d2db1d1\"}\n>p1 switch 4\n>p2 move knockoff\n>p1 move superpower\n>p2 switch 5\n>p1 move superpower\n>p2 move playrough\n>p2 switch 6\n>p1 move superpower\n>p2 move rapidspin\n>p1 move rest\n>p2 move spikes\n>p1 move sleeptalk\n>p2 move spikes\n>p2 switch 3\n>p1 move sleeptalk\n>p2 move shellsmash\n>p1 move superpower\n>p2 move hydropump\n>p2 switch 2\n>p1 move superpower\n>p2 move machpunch\n>p1 switch 2\n>p1 switch 4\n>p2 switch 5\n>p1 move psychicnoise\n>p2 move toxicspikes\n>p1 move psychicnoise\n>p2 move protect\n>p1 move psychicnoise\n>p2 move toxicspikes\n>p1 move psychicnoise\n>p2 switch 4\n>p1 move focusblast\n>p2 move irondefense\n>p1 move focusblast\n>p2 move rest\n>p2 switch 4\n>p1 move psychicnoise\n>p2 move protect\n>p1 move psychicnoise\n>p2 move knockoff\n>p2 switch 5\n>p1 switch 3\n>p2 move spore\n>p1 move scald\n>p2 move swordsdance terastallize\n>p1 move scald\n>p2 move machpunch\n>p1 switch 6\n>p1 move flamethrower\n>p2 move machpunch\n>p1 switch 4\n>p1 switch 5\n>p2 move spore\n>p1 move zenheadbutt\n>p2 move machpunch\n>p1 switch 5\n>p1 switch 3\n>p2 move spore\n>p1 switch 3\n>p2 move machpunch\n>p1 move spikes\n>p2 move bulletseed", "uploadtime": 1771205779, "views": 8, "formatid": "gen9randombattle", "rating": 1766, "private": 0, "password": null}