{"id": "gen9randombattle-2540489301", "format": "[Gen 9] Random Battle", "players": ["red_velvet_fan", "whiiite01"], "log": "|j|☆red_velvet_fan\n|j|☆whiiite01\n|t:|1771208396\n|gametype|singles\n|player|p1|red_velvet_fan|policeman|1524\n|player|p2|whiiite01|harlequin|1524\n|gen|9\n|tier|[Gen 9] Random Battle\n|rated|\n|rule|Species Clause: Limit one of each Pokémon\n|rule|HP Percentage Mod: HP is shown in percentages\n|rule|Sleep Clause Mod: Limit one foe put to sleep\n|rule|Illusion Level Mod: Illusion disguises the Pokémon's true level\n|\n|t:|1771208396\n|teamsize|p1|6\n|teamsize|p2|6\n|start\n|switch|p1a: Lycanroc|Lycanroc, L86, M|269/269\n|switch|p2a: Gouging Fire|Gouging Fire, L74|277/277\n|turn|1\n|inactive|Battle timer is ON: inactive players will automatically lose when time's up. (requested by whiiite01)\n|\n|t:|1771208411\n|-end|p2a: Gouging Fire|Protosynthesis|[silent]\n|switch|p2a: Bastiodon|Bastiodon, L89, M|252/252\n|move|p1a: Lycanroc|Stone Edge|p2a: Bastiodon\n|-resisted|p2a: Bastiodon\n|-damage|p2a: Bastiodon|207/252\n|-damage|p1a: Lycanroc|243/269|[from] item: Life Orb\n|\n|upkeep\n|turn|2\n|\n|t:|1771208417\n|move|p1a: Lycanroc|Close Combat|p2a: Bastiodon\n|-supereffective|p2a: Bastiodon\n|-damage|p2a: Bastiodon|0 fnt\n|-unboost|p1a: Lycanroc|def|1\n|-unboost|p1a: Lycanroc|spd|1\n|faint|p2a: Bastiodon\n|-damage|p1a: Lycanroc|217/269|[from] item: Life Orb\n|\n|upkeep\n|c|☆red_velvet_fan|boom baby\n|c|☆red_velvet_fan|let's fucking go\n|\n|t:|1771208425\n|switch|p2a: Metagross|Metagross, L79|256/256\n|turn|3\n|c|☆red_velvet_fan|it's my time\n|\n|t:|1771208442\n|move|p1a: Lycanroc|Taunt|p2a: Metagross\n|-start|p2a: Metagross|move: Taunt\n|cant|p2a: Metagross|move: Taunt|Agility\n|\n|upkeep\n|turn|4\n|c|☆red_velvet_fan|im gonna fuckin silence ya\n|c|☆red_velvet_fan|let's do this baby\n|c|☆red_velvet_fan|my iq is astronomical\n|c|☆red_velvet_fan|you're done for\n|inactive|red_velvet_fan has 120 seconds left.\n|\n|t:|1771208482\n|switch|p1a: Iron Jugulis|Iron Jugulis, L77|271/271\n|move|p2a: Metagross|Heavy Slam|p1a: Iron Jugulis\n|-damage|p1a: Iron Jugulis|147/271\n|\n|upkeep\n|turn|5\n|c|☆red_velvet_fan|weak sauce\n|\n|t:|1771208500\n|switch|p2a: Keldeo|Keldeo-Resolute, L79|273/273\n|move|p1a: Iron Jugulis|Dark Pulse|p2a: Keldeo\n|-resisted|p2a: Keldeo\n|-damage|p2a: Keldeo|231/273\n|-ability|p2a: Keldeo|Justified|boost\n|-boost|p2a: Keldeo|atk|1\n|\n|upkeep\n|turn|6\n|c|☆red_velvet_fan|oh yeah that was useful\n|c|☆red_velvet_fan|damn bro what am i gonna do now\n|inactive|red_velvet_fan has 90 seconds left.\n|c|☆red_velvet_fan|ur spataker got atk\n|c|☆red_velvet_fan|HAHAHA\n|c|☆red_velvet_fan|THIS IS FREE HAHAA\n|\n|t:|1771208548\n|-end|p1a: Iron Jugulis|Quark Drive|[silent]\n|switch|p1a: Indeedee|Indeedee, L84, M|238/238\n|-fieldstart|move: Psychic Terrain|[from] ability: Psychic Surge|[of] p1a: Indeedee\n|move|p2a: Keldeo|Secret Sword|p1a: Indeedee\n|-damage|p1a: Indeedee|91/238\n|\n|upkeep\n|turn|7\n|c|☆red_velvet_fan|WEAK SAUCE\n|\n|t:|1771208559\n|move|p2a: Keldeo|Secret Sword|p1a: Indeedee\n|-damage|p1a: Indeedee|0 fnt\n|faint|p1a: Indeedee\n|\n|upkeep\n|\n|t:|1771208573\n|switch|p1a: Decidueye|Decidueye, L88, M|281/281\n|turn|8\n|c|☆red_velvet_fan|bye bud\n|c|☆red_velvet_fan|u gotta swap hhaahhaa\n|c|☆red_velvet_fan|let's fucking go\n|c|☆red_velvet_fan|let's do this\n|c|☆red_velvet_fan|let's FUCKING DO THIS\n|inactive|whiiite01 has 120 seconds left.\n|\n|t:|1771208620\n|switch|p2a: Metagross|Metagross, L79|256/256\n|move|p1a: Decidueye|Swords Dance|p1a: Decidueye\n|-boost|p1a: Decidueye|atk|2\n|\n|upkeep\n|turn|9\n|\n|t:|1771208640\n|move|p1a: Decidueye|Poltergeist|p2a: Metagross\n|-activate|p2a: Metagross|move: Poltergeist|Weakness Policy\n|-supereffective|p2a: Metagross\n|-damage|p2a: Metagross|0 fnt\n|faint|p2a: Metagross\n|-damage|p1a: Decidueye|253/281|[from] item: Life Orb\n|\n|upkeep\n|c|☆red_velvet_fan|HAAHA\n|c|☆red_velvet_fan|WTF WAS THA\n|\n|t:|1771208647\n|switch|p2a: Gouging Fire|Gouging Fire, L74|277/277\n|turn|10\n|c|☆red_velvet_fan|LOLLL\n|c|☆red_velvet_fan|GG WP\n|\n|t:|1771208660\n|-terastallize|p1a: Decidueye|Ghost\n|move|p2a: Gouging Fire|Heat Crash|p1a: Decidueye\n|-damage|p1a: Decidueye|132/281\n|move|p1a: Decidueye|Poltergeist|p2a: Gouging Fire\n|-activate|p2a: Gouging Fire|move: Poltergeist|Heavy-Duty Boots\n|-damage|p2a: Gouging Fire|0 fnt\n|faint|p2a: Gouging Fire\n|-end|p2a: Gouging Fire|Protosynthesis|[silent]\n|-damage|p1a: Decidueye|104/281|[from] item: Life Orb\n|\n|-fieldend|move: Psychic Terrain\n|upkeep\n|c|☆red_velvet_fan|WEAK SAUCE\n|c|☆red_velvet_fan|WEAK SAUCE!!!\n|c|☆red_velvet_fan|LET'S DO THIS\n|c|☆red_velvet_fan|LET'S FUCKING GOOOOOOOOOOO\n|\n|t:|1771208674\n|switch|p2a: Keldeo|Keldeo-Resolute, L79|231/273\n|turn|11\n|\n|t:|1771208680\n|move|p1a: Decidueye|Shadow Sneak|p2a: Keldeo\n|-damage|p2a: Keldeo|54/273\n|-damage|p1a: Decidueye|76/281|[from] item: Life Orb\n|move|p2a: Keldeo|Hydro Pump|p1a: Decidueye\n|-damage|p1a: Decidueye|0 fnt\n|faint|p1a: Decidueye\n|\n|upkeep\n|l|☆whiiite01\n|inactive|whiiite01 disconnected and has a minute to reconnect!\n|player|p2|\n|\n|t:|1771208701\n|switch|p1a: Lycanroc|Lycanroc, L86, M|217/269\n|turn|12\n|j|☆whiiite01\n|inactive|whiiite01 reconnected and has 95 seconds left.\n|player|p2|whiiite01|harlequin|\n|inactive|whiiite01 has 90 seconds left.\n|\n|t:|1771208735\n|switch|p2a: Brambleghast|Brambleghast, L88, M|240/240\n|move|p1a: Lycanroc|Accelerock|p2a: Brambleghast\n|-damage|p2a: Brambleghast|170/240\n|-damage|p1a: Lycanroc|191/269|[from] item: Life Orb\n|\n|-heal|p2a: Brambleghast|185/240|[from] item: Leftovers\n|upkeep\n|turn|13\n|\n|t:|1771208748\n|move|p1a: Lycanroc|Stone Edge|p2a: Brambleghast|[miss]\n|-miss|p1a: Lycanroc|p2a: Brambleghast\n|move|p2a: Brambleghast|Leech Seed|p1a: Lycanroc|[miss]\n|-miss|p2a: Brambleghast|p1a: Lycanroc\n|\n|-heal|p2a: Brambleghast|200/240|[from] item: Leftovers\n|upkeep\n|turn|14\n|\n|t:|1771208758\n|move|p1a: Lycanroc|Taunt|p2a: Brambleghast\n|-start|p2a: Brambleghast|move: Taunt\n|move|p2a: Brambleghast|Power Whip|p1a: Lycanroc\n|-supereffective|p1a: Lycanroc\n|-damage|p1a: Lycanroc|0 fnt\n|faint|p1a: Lycanroc\n|\n|-heal|p2a: Brambleghast|215/240|[from] item: Leftovers\n|upkeep\n|\n|t:|1771208776\n|switch|p1a: Sneasler|Sneasler, L74, M|240/240\n|turn|15\n|inactive|red_velvet_fan has 60 seconds left.\n|\n|t:|1771208798\n|switch|p2a: Chimecho|Chimecho, L93, M|290/290\n|move|p1a: Sneasler|Throat Chop|p2a: Chimecho\n|-supereffective|p2a: Chimecho\n|-damage|p2a: Chimecho|128/290\n|-start|p2a: Chimecho|Throat Chop|[silent]\n|\n|-heal|p2a: Chimecho|146/290|[from] item: Leftovers\n|upkeep\n|turn|16\n|l|☆whiiite01\n|inactive|whiiite01 disconnected and has a minute to reconnect!\n|player|p2|\n|inactive|whiiite01 has 30 seconds to reconnect!\n|j|☆whiiite01\n|inactive|whiiite01 reconnected and has 75 seconds left.\n|player|p2|whiiite01|harlequin|\n|\n|t:|1771208846\n|move|p1a: Sneasler|Throat Chop|p2a: Chimecho\n|-supereffective|p2a: Chimecho\n|-damage|p2a: Chimecho|0 fnt\n|faint|p2a: Chimecho\n|\n|upkeep\n|\n|t:|1771208849\n|switch|p2a: Keldeo|Keldeo-Resolute, L79|54/273\n|turn|17\n|\n|t:|1771208861\n|switch|p1a: Jirachi|Jirachi, L80|291/291\n|move|p2a: Keldeo|Air Slash|p1a: Jirachi\n|-resisted|p1a: Jirachi\n|-damage|p1a: Jirachi|265/291\n|\n|-heal|p1a: Jirachi|283/291|[from] item: Leftovers\n|upkeep\n|turn|18\n|\n|t:|1771208872\n|switch|p2a: Brambleghast|Brambleghast, L88, M|215/240\n|move|p1a: Jirachi|Iron Head|p2a: Brambleghast\n|-damage|p2a: Brambleghast|124/240\n|\n|-heal|p2a: Brambleghast|139/240|[from] item: Leftovers\n|-heal|p1a: Jirachi|291/291|[from] item: Leftovers\n|upkeep\n|turn|19\n|inactive|whiiite01 has 90 seconds left.\n|\n|t:|1771208880\n|switch|p1a: Iron Jugulis|Iron Jugulis, L77|147/271\n|move|p2a: Brambleghast|Leech Seed|p1a: Iron Jugulis\n|-start|p1a: Iron Jugulis|move: Leech Seed\n|\n|-heal|p2a: Brambleghast|154/240|[from] item: Leftovers\n|-damage|p1a: Iron Jugulis|114/271|[from] Leech Seed|[of] p2a: Brambleghast\n|-heal|p2a: Brambleghast|187/240|[silent]\n|upkeep\n|turn|20\n|inactive|whiiite01 has 90 seconds left.\n|\n|t:|1771208908\n|-end|p1a: Iron Jugulis|Quark Drive|[silent]\n|switch|p1a: Jirachi|Jirachi, L80|291/291\n|-terastallize|p2a: Brambleghast|Fairy\n|move|p2a: Brambleghast|Poltergeist|p1a: Jirachi\n|-activate|p1a: Jirachi|move: Poltergeist|Leftovers\n|-supereffective|p1a: Jirachi\n|-damage|p1a: Jirachi|27/291\n|\n|-heal|p2a: Brambleghast|202/240|[from] item: Leftovers\n|-heal|p1a: Jirachi|45/291|[from] item: Leftovers\n|upkeep\n|turn|21\n|\n|t:|1771208917\n|move|p1a: Jirachi|Protect|p1a: Jirachi\n|-singleturn|p1a: Jirachi|Protect\n|move|p2a: Brambleghast|Poltergeist|p1a: Jirachi\n|-activate|p1a: Jirachi|move: Protect\n|\n|-heal|p2a: Brambleghast|217/240|[from] item: Leftovers\n|-heal|p1a: Jirachi|63/291|[from] item: Leftovers\n|upkeep\n|turn|22\n|\n|t:|1771208924\n|switch|p1a: Iron Jugulis|Iron Jugulis, L77|114/271\n|move|p2a: Brambleghast|Substitute|p2a: Brambleghast\n|-start|p2a: Brambleghast|Substitute\n|-damage|p2a: Brambleghast|157/240\n|\n|-heal|p2a: Brambleghast|172/240|[from] item: Leftovers\n|upkeep\n|turn|23\n|inactive|whiiite01 has 90 seconds left.\n|\n|t:|1771208936\n|move|p1a: Iron Jugulis|Dark Pulse|p2a: Brambleghast\n|-resisted|p2a: Brambleghast\n|-activate|p2a: Brambleghast|move: Substitute|[damage]\n|move|p2a: Brambleghast|Leech Seed|p1a: Iron Jugulis\n|-start|p1a: Iron Jugulis|move: Leech Seed\n|\n|-heal|p2a: Brambleghast|187/240|[from] item: Leftovers\n|-damage|p1a: Iron Jugulis|81/271|[from] Leech Seed|[of] p2a: Brambleghast\n|-heal|p2a: Brambleghast|220/240|[silent]\n|upkeep\n|turn|24\n|inactive|whiiite01 has 90 seconds left.\n|\n|t:|1771208947\n|-end|p1a: Iron Jugulis|Quark Drive|[silent]\n|switch|p1a: Jirachi|Jirachi, L80|63/291\n|move|p2a: Brambleghast|Substitute|p2a: Brambleghast\n|-fail|p2a: Brambleghast|move: Substitute\n|\n|-heal|p2a: Brambleghast|235/240|[from] item: Leftovers\n|-heal|p1a: Jirachi|81/291|[from] item: Leftovers\n|upkeep\n|turn|25\n|\n|t:|1771208950\n|move|p2a: Brambleghast|Poltergeist|p1a: Jirachi\n|-activate|p1a: Jirachi|move: Poltergeist|Leftovers\n|-supereffective|p1a: Jirachi\n|-damage|p1a: Jirachi|0 fnt\n|faint|p1a: Jirachi\n|\n|-heal|p2a: Brambleghast|240/240|[from] item: Leftovers\n|upkeep\n|\n|t:|1771208953\n|switch|p1a: Iron Jugulis|Iron Jugulis, L77|81/271\n|turn|26\n|\n|t:|1771208957\n|move|p1a: Iron Jugulis|Earth Power|p2a: Brambleghast\n|-end|p2a: Brambleghast|Substitute\n|move|p2a: Brambleghast|Substitute|p2a: Brambleghast\n|-start|p2a: Brambleghast|Substitute\n|-damage|p2a: Brambleghast|180/240\n|\n|-heal|p2a: Brambleghast|195/240|[from] item: Leftovers\n|upkeep\n|turn|27\n|\n|t:|1771208964\n|move|p1a: Iron Jugulis|Meteor Beam||[still]\n|-prepare|p1a: Iron Jugulis|Meteor Beam\n|-boost|p1a: Iron Jugulis|spa|1\n|-enditem|p1a: Iron Jugulis|Power Herb\n|-anim|p1a: Iron Jugulis|Meteor Beam|p2a: Brambleghast\n|-end|p2a: Brambleghast|Substitute\n|move|p2a: Brambleghast|Leech Seed|p1a: Iron Jugulis\n|-start|p1a: Iron Jugulis|move: Leech Seed\n|\n|-heal|p2a: Brambleghast|210/240|[from] item: Leftovers\n|-damage|p1a: Iron Jugulis|48/271|[from] Leech Seed|[of] p2a: Brambleghast\n|-heal|p2a: Brambleghast|240/240|[silent]\n|upkeep\n|turn|28\n|inactive|red_velvet_fan has 120 seconds left.\n|inactive|whiiite01 has 120 seconds left.\n|\n|t:|1771208976\n|move|p1a: Iron Jugulis|Hurricane|p2a: Brambleghast\n|-ability|p2a: Brambleghast|Wind Rider|boost\n|-boost|p2a: Brambleghast|atk|1\n|move|p2a: Brambleghast|Substitute|p2a: Brambleghast\n|-start|p2a: Brambleghast|Substitute\n|-damage|p2a: Brambleghast|180/240\n|\n|-heal|p2a: Brambleghast|195/240|[from] item: Leftovers\n|-damage|p1a: Iron Jugulis|15/271|[from] Leech Seed|[of] p2a: Brambleghast\n|-heal|p2a: Brambleghast|228/240|[silent]\n|upkeep\n|turn|29\n|-message|red_velvet_fan forfeited.\n|\n|win|whiiite01\n|raw|red_velvet_fan's rating: 1524 &rarr; <strong>1504</strong><br />(-20 for losing)\n|raw|whiiite01's rating: 1524 &rarr; <strong>1544</strong><br />(+20 for winning)\n|l|☆red_velvet_fan\n|player|p1|\n", "inputlog": ">version 686819e5e19f8a7fd2345cfc5a08a5085efa2cc3\n>start {\"formatid\":\"gen9randombattle\",\"seed\":\"sodium,0d31a084c49cc658132a838a19c5efdf\",\"rated\":\"Rated battle\"}\n>player p1 {\"name\":\"red_velvet_fan\",\"avatar\":\"policeman\",\"rating\":1524,\"seed\":\"sodium,eff405cad543f11dbab98381a51ac9a1\"}\n>player p2 {\"name\":\"whiiite01\",\"avatar\":\"harlequin\",\"rating\":1524,\"seed\":\"sodium,503db137ee1a1381361fd47330d2b3cf\"}\n>p1 move stoneedge\n>p2 switch 2\n>p1 move closecombat\n>p2 move bodypress\n>chat ☆red_velvet_fan|boom baby\n>chat ☆red_velvet_fan|let's fucking go\n>p2 switch 3\n>chat ☆red_velvet_fan|it's my time \n>p1 move taunt\n>p2 move agility\n>chat ☆red_velvet_fan|im gonna fuckin silence ya\n>chat ☆red_velvet_fan|let's do this baby\n>chat ☆red_velvet_fan|my iq is astronomical\n>chat ☆red_velvet_fan|you're done for\n>p1 switch 4\n>p2 move heavyslam\n>chat ☆red_velvet_fan|weak sauce\n>p1 move darkpulse\n>p2 switch 6\n>chat ☆red_velvet_fan|oh yeah that was useful\n>chat ☆red_velvet_fan|damn bro what am i gonna do now\n>chat ☆red_velvet_fan|ur spataker got atk\n>chat ☆red_velvet_fan|HAHAHA\n>chat ☆red_velvet_fan|THIS IS FREE HAHAA\n>p1 switch 5\n>p2 move secretsword\n>chat ☆red_velvet_fan|WEAK SAUCE\n>p1 move expandingforce\n>p2 move secretsword\n>p1 switch 2\n>chat ☆red_velvet_fan|bye bud\n>chat ☆red_velvet_fan|u gotta swap hhaahhaa\n>chat ☆red_velvet_fan|let's fucking go\n>chat ☆red_velvet_fan|let's do this\n>chat ☆red_velvet_fan|let's FUCKING DO THIS\n>p1 move swordsdance\n>p2 switch 6\n>p1 move poltergeist\n>p2 move agility\n>chat ☆red_velvet_fan|HAAHA\n>chat ☆red_velvet_fan|WTF WAS THA\n>p2 switch 2\n>chat ☆red_velvet_fan|LOLLL\n>chat ☆red_velvet_fan|GG WP\n>p1 move poltergeist terastallize\n>p2 move heatcrash\n>chat ☆red_velvet_fan|WEAK SAUCE\n>chat ☆red_velvet_fan|WEAK SAUCE!!!\n>chat ☆red_velvet_fan|LET'S DO THIS\n>chat ☆red_velvet_fan|LET'S FUCKING GOOOOOOOOOOO\n>p2 switch 6\n>p1 move shadowsneak\n>p2 move hydropump\n>p1 switch 4\n>p1 move accelerock\n>p2 switch 4\n>p1 move stoneedge\n>p2 move leechseed\n>p1 move taunt\n>p2 move powerwhip\n>p1 switch 6\n>p1 move throatchop\n>p2 switch 5\n>p1 move throatchop\n>p2 move recover\n>p2 switch 4\n>p1 switch 3\n>p2 move airslash\n>p1 move ironhead\n>p2 switch 5\n>p1 switch 5\n>p2 move leechseed\n>p1 switch 5\n>p2 move poltergeist terastallize\n>p1 move protect\n>p2 move poltergeist\n>p1 switch 5\n>p2 move substitute\n>p1 move darkpulse\n>p2 move leechseed\n>p1 switch 5\n>p2 move substitute\n>p1 move wish\n>p2 move poltergeist\n>p1 switch 5\n>p1 move earthpower\n>p2 move substitute\n>p1 move meteorbeam\n>p2 move leechseed\n>p1 move hurricane\n>p2 move substitute\n>forcelose p1", "uploadtime": 1771208994, "views": 11, "formatid": "gen9randombattle", "rating": 1504, "private": 0, "password": null}