{"id": "gen9randombattle-2540330750", "format": "[Gen 9] Random Battle", "players": ["feraligatr08", "milkreo"], "log": "|badge|p2|bronze|gen9randombattle|100-8\n|uhtml|medal-msg|<div class=\"broadcast-blue\">Curious what those medals under the avatar are? PS now has Ladder Seasons! For more information, check out the <a href=\"https://www.smogon.com/forums/threads/3740067/\">thread on Smogon.</a></div>\n|j|☆feraligatr08\n|j|☆milkreo\n|t:|1771189536\n|gametype|singles\n|player|p1|feraligatr08|colress|2263\n|player|p2|milkreo|1|2326\n|gen|9\n|tier|[Gen 9] Random Battle\n|rated|\n|rule|Species Clause: Limit one of each Pokémon\n|rule|HP Percentage Mod: HP is shown in percentages\n|rule|Sleep Clause Mod: Limit one foe put to sleep\n|rule|Illusion Level Mod: Illusion disguises the Pokémon's true level\n|\n|t:|1771189536\n|teamsize|p1|6\n|teamsize|p2|6\n|start\n|switch|p1a: Ursaring|Ursaring, L84, M|288/288\n|switch|p2a: Ludicolo|Ludicolo, L90, F|290/290\n|turn|1\n|\n|t:|1771189547\n|switch|p2a: Diancie|Diancie, L82|216/216\n|move|p1a: Ursaring|Body Slam|p2a: Diancie\n|-resisted|p2a: Diancie\n|-damage|p2a: Diancie|177/216\n|-status|p2a: Diancie|par\n|\n|-heal|p2a: Diancie|190/216 par|[from] item: Leftovers\n|upkeep\n|turn|2\n|\n|t:|1771189575\n|move|p1a: Ursaring|Earthquake|p2a: Diancie\n|-supereffective|p2a: Diancie\n|-damage|p2a: Diancie|76/216 par\n|cant|p2a: Diancie|par\n|\n|-heal|p2a: Diancie|89/216 par|[from] item: Leftovers\n|upkeep\n|turn|3\n|\n|t:|1771189587\n|switch|p2a: Mandibuzz|Mandibuzz, L85, F|326/326\n|move|p1a: Ursaring|Earthquake|p2a: Mandibuzz\n|-immune|p2a: Mandibuzz\n|\n|upkeep\n|turn|4\n|\n|t:|1771189596\n|move|p2a: Mandibuzz|Foul Play|p1a: Ursaring\n|-damage|p1a: Ursaring|186/288\n|move|p1a: Ursaring|Body Slam|p2a: Mandibuzz\n|-damage|p2a: Mandibuzz|223/326\n|\n|upkeep\n|turn|5\n|\n|t:|1771189604\n|move|p2a: Mandibuzz|Foul Play|p1a: Ursaring\n|-damage|p1a: Ursaring|96/288\n|move|p1a: Ursaring|Rest|p1a: Ursaring\n|-status|p1a: Ursaring|slp|[from] move: Rest\n|-heal|p1a: Ursaring|288/288 slp|[silent]\n|\n|upkeep\n|turn|6\n|\n|t:|1771189606\n|move|p2a: Mandibuzz|Foul Play|p1a: Ursaring\n|-damage|p1a: Ursaring|189/288 slp\n|cant|p1a: Ursaring|slp\n|move|p1a: Ursaring|Sleep Talk|p1a: Ursaring\n|move|p1a: Ursaring|Earthquake|p2a: Mandibuzz|[from] move: Sleep Talk\n|-immune|p2a: Mandibuzz\n|\n|upkeep\n|turn|7\n|\n|t:|1771189611\n|switch|p1a: Iron Hands|Iron Hands, L79|373/373\n|move|p2a: Mandibuzz|Foul Play|p1a: Iron Hands\n|-resisted|p1a: Iron Hands\n|-damage|p1a: Iron Hands|318/373\n|\n|upkeep\n|turn|8\n|\n|t:|1771189631\n|move|p2a: Mandibuzz|Roost|p2a: Mandibuzz\n|-heal|p2a: Mandibuzz|326/326\n|-singleturn|p2a: Mandibuzz|move: Roost\n|move|p1a: Iron Hands|Volt Switch|p2a: Mandibuzz\n|-damage|p2a: Mandibuzz|290/326\n|\n|t:|1771189647\n|-end|p1a: Iron Hands|Quark Drive|[silent]\n|switch|p1a: Stonjourner|Stonjourner, L91, F|330/330|[from] Volt Switch\n|\n|upkeep\n|turn|9\n|\n|t:|1771189660\n|move|p2a: Mandibuzz|U-turn|p1a: Stonjourner\n|-damage|p1a: Stonjourner|303/330\n|\n|t:|1771189662\n|switch|p2a: Koraidon|Koraidon, L64|235/235|[from] U-turn\n|-weather|SunnyDay|[from] ability: Orichalcum Pulse|[of] p2a: Koraidon\n|-activate|p2a: Koraidon|Orichalcum Pulse|[source]\n|move|p1a: Stonjourner|Rock Polish|p1a: Stonjourner\n|-boost|p1a: Stonjourner|spe|2\n|\n|-weather|SunnyDay|[upkeep]\n|upkeep\n|turn|10\n|\n|t:|1771189680\n|move|p1a: Stonjourner|Earthquake|p2a: Koraidon\n|-damage|p2a: Koraidon|101/235\n|-damage|p1a: Stonjourner|270/330|[from] item: Life Orb\n|move|p2a: Koraidon|Close Combat|p1a: Stonjourner\n|-supereffective|p1a: Stonjourner\n|-damage|p1a: Stonjourner|12/330\n|-unboost|p2a: Koraidon|def|1\n|-unboost|p2a: Koraidon|spd|1\n|\n|-weather|SunnyDay|[upkeep]\n|upkeep\n|turn|11\n|\n|t:|1771189696\n|switch|p2a: Diancie|Diancie, L82|89/216 par\n|move|p1a: Stonjourner|Earthquake|p2a: Diancie\n|-supereffective|p2a: Diancie\n|-damage|p2a: Diancie|0 fnt\n|faint|p2a: Diancie\n|-damage|p1a: Stonjourner|0 fnt|[from] item: Life Orb\n|faint|p1a: Stonjourner\n|\n|-weather|SunnyDay|[upkeep]\n|upkeep\n|\n|t:|1771189715\n|switch|p1a: Talonflame|Talonflame, L83, M|265/265\n|switch|p2a: Mamoswine|Mamoswine, L81, F|311/311\n|turn|12\n|\n|t:|1771189728\n|switch|p2a: Pelipper|Pelipper, L86, F|243/243\n|-weather|RainDance|[from] ability: Drizzle|[of] p2a: Pelipper\n|move|p1a: Talonflame|Overheat|p2a: Pelipper\n|-resisted|p2a: Pelipper\n|-damage|p2a: Pelipper|210/243\n|-unboost|p1a: Talonflame|spa|2\n|\n|-weather|RainDance|[upkeep]\n|upkeep\n|turn|13\n|\n|t:|1771189737\n|switch|p1a: Palkia|Palkia, L75|259/259\n|-ability|p1a: Palkia|Pressure\n|move|p2a: Pelipper|Hurricane|p1a: Palkia\n|-damage|p1a: Palkia|160/259\n|-start|p1a: Palkia|confusion\n|\n|-weather|RainDance|[upkeep]\n|upkeep\n|turn|14\n|\n|t:|1771189773\n|-activate|p1a: Palkia|confusion\n|move|p1a: Palkia|Spacial Rend|p2a: Pelipper\n|-damage|p2a: Pelipper|47/243\n|move|p2a: Pelipper|Roost|p2a: Pelipper\n|-heal|p2a: Pelipper|169/243\n|-singleturn|p2a: Pelipper|move: Roost\n|\n|-weather|RainDance|[upkeep]\n|upkeep\n|turn|15\n|\n|t:|1771189804\n|switch|p2a: Mandibuzz|Mandibuzz, L85, F|290/326\n|-end|p1a: Palkia|confusion\n|move|p1a: Palkia|Spacial Rend|p2a: Mandibuzz\n|-damage|p2a: Mandibuzz|158/326\n|\n|-weather|RainDance|[upkeep]\n|upkeep\n|turn|16\n|\n|t:|1771189813\n|switch|p2a: Koraidon|Koraidon, L64|101/235\n|-weather|SunnyDay|[from] ability: Orichalcum Pulse|[of] p2a: Koraidon\n|-activate|p2a: Koraidon|Orichalcum Pulse|[source]\n|move|p1a: Palkia|Hydro Pump|p2a: Koraidon|[miss]\n|-miss|p1a: Palkia|p2a: Koraidon\n|\n|-weather|SunnyDay|[upkeep]\n|upkeep\n|turn|17\n|\n|t:|1771189836\n|switch|p1a: Talonflame|Talonflame, L83, M|265/265\n|move|p2a: Koraidon|Outrage|p1a: Talonflame\n|-damage|p1a: Talonflame|54/265\n|\n|-weather|SunnyDay|[upkeep]\n|upkeep\n|turn|18\n|\n|t:|1771189846\n|move|p1a: Talonflame|Brave Bird|p2a: Koraidon\n|-supereffective|p2a: Koraidon\n|-damage|p2a: Koraidon|0 fnt\n|faint|p2a: Koraidon\n|-damage|p1a: Talonflame|21/265|[from] Recoil\n|\n|-weather|SunnyDay|[upkeep]\n|upkeep\n|\n|t:|1771189872\n|switch|p2a: Pelipper|Pelipper, L86, F|169/243\n|-weather|RainDance|[from] ability: Drizzle|[of] p2a: Pelipper\n|turn|19\n|\n|t:|1771189906\n|switch|p1a: Iron Hands|Iron Hands, L79|318/373\n|move|p2a: Pelipper|Hurricane|p1a: Iron Hands\n|-damage|p1a: Iron Hands|210/373\n|\n|-weather|RainDance|[upkeep]\n|upkeep\n|turn|20\n|\n|t:|1771189940\n|move|p2a: Pelipper|Surf|p1a: Iron Hands\n|-damage|p1a: Iron Hands|71/373\n|move|p1a: Iron Hands|Drain Punch|p2a: Pelipper\n|-resisted|p2a: Pelipper\n|-damage|p2a: Pelipper|128/243\n|-heal|p1a: Iron Hands|92/373|[from] drain|[of] p2a: Pelipper\n|\n|-weather|RainDance|[upkeep]\n|upkeep\n|turn|21\n|\n|t:|1771189951\n|move|p2a: Pelipper|Hurricane|p1a: Iron Hands\n|-damage|p1a: Iron Hands|0 fnt\n|faint|p1a: Iron Hands\n|-end|p1a: Iron Hands|Quark Drive|[silent]\n|\n|-weather|RainDance|[upkeep]\n|upkeep\n|\n|t:|1771189953\n|switch|p1a: Palkia|Palkia, L75|160/259\n|-ability|p1a: Palkia|Pressure\n|turn|22\n|inactive|Battle timer is ON: inactive players will automatically lose when time's up. (requested by feraligatr08)\n|\n|t:|1771190017\n|move|p1a: Palkia|Spacial Rend|p2a: Pelipper\n|-damage|p2a: Pelipper|0 fnt\n|faint|p2a: Pelipper\n|\n|-weather|RainDance|[upkeep]\n|upkeep\n|\n|t:|1771190018\n|switch|p2a: Ludicolo|Ludicolo, L90, F|290/290\n|turn|23\n|\n|t:|1771190042\n|move|p2a: Ludicolo|Giga Drain|p1a: Palkia\n|-damage|p1a: Palkia|57/259\n|-damage|p2a: Ludicolo|261/290|[from] item: Life Orb\n|move|p1a: Palkia|Thunder Wave|p2a: Ludicolo\n|-status|p2a: Ludicolo|par\n|\n|-weather|none\n|upkeep\n|turn|24\n|\n|t:|1771190053\n|switch|p1a: Ursaring|Ursaring, L84, M|189/288 slp\n|cant|p2a: Ludicolo|par\n|\n|upkeep\n|turn|25\n|\n|t:|1771190062\n|cant|p1a: Ursaring|slp\n|move|p1a: Ursaring|Sleep Talk|p1a: Ursaring\n|move|p1a: Ursaring|Earthquake|p2a: Ludicolo|[from] move: Sleep Talk\n|-resisted|p2a: Ludicolo\n|-damage|p2a: Ludicolo|185/290 par\n|move|p2a: Ludicolo|Rain Dance|p2a: Ludicolo\n|-weather|RainDance\n|\n|-weather|RainDance|[upkeep]\n|upkeep\n|turn|26\n|\n|t:|1771190085\n|cant|p2a: Ludicolo|par\n|-curestatus|p1a: Ursaring|slp|[msg]\n|move|p1a: Ursaring|Rest|p1a: Ursaring\n|-status|p1a: Ursaring|slp|[from] move: Rest\n|-heal|p1a: Ursaring|288/288 slp|[silent]\n|\n|-weather|RainDance|[upkeep]\n|upkeep\n|turn|27\n|\n|t:|1771190104\n|move|p2a: Ludicolo|Hydro Pump|p1a: Ursaring\n|-damage|p1a: Ursaring|105/288 slp\n|-damage|p2a: Ludicolo|156/290 par|[from] item: Life Orb\n|cant|p1a: Ursaring|slp\n|move|p1a: Ursaring|Sleep Talk|p1a: Ursaring\n|move|p1a: Ursaring|Earthquake|p2a: Ludicolo|[from] move: Sleep Talk\n|-resisted|p2a: Ludicolo\n|-crit|p2a: Ludicolo\n|-damage|p2a: Ludicolo|51/290 par\n|\n|-weather|RainDance|[upkeep]\n|upkeep\n|turn|28\n|inactive|feraligatr08 has 120 seconds left.\n|\n|t:|1771190120\n|cant|p2a: Ludicolo|par\n|cant|p1a: Ursaring|slp\n|move|p1a: Ursaring|Sleep Talk|p1a: Ursaring\n|move|p1a: Ursaring|Rest||[from] move: Sleep Talk|[still]\n|-fail|p1a: Ursaring\n|\n|-weather|RainDance|[upkeep]\n|upkeep\n|turn|29\n|\n|t:|1771190126\n|move|p2a: Ludicolo|Hydro Pump|p1a: Ursaring|[miss]\n|-miss|p2a: Ludicolo|p1a: Ursaring\n|-curestatus|p1a: Ursaring|slp|[msg]\n|move|p1a: Ursaring|Body Slam|p2a: Ludicolo\n|-damage|p2a: Ludicolo|0 fnt\n|faint|p2a: Ludicolo\n|\n|-weather|none\n|upkeep\n|\n|t:|1771190130\n|switch|p2a: Mamoswine|Mamoswine, L81, F|311/311\n|turn|30\n|\n|t:|1771190138\n|move|p2a: Mamoswine|Earthquake|p1a: Ursaring\n|-damage|p1a: Ursaring|0 fnt\n|faint|p1a: Ursaring\n|-damage|p2a: Mamoswine|280/311|[from] item: Life Orb\n|\n|upkeep\n|inactive|feraligatr08 has 120 seconds left.\n|\n|t:|1771190168\n|switch|p1a: Poliwrath|Poliwrath, L88, F|302/302\n|turn|31\n|inactive|feraligatr08 has 120 seconds left.\n|\n|t:|1771190194\n|-terastallize|p2a: Mamoswine|Ground\n|move|p2a: Mamoswine|Earthquake|p1a: Poliwrath\n|-damage|p1a: Poliwrath|123/302\n|-damage|p2a: Mamoswine|249/311|[from] item: Life Orb\n|move|p1a: Poliwrath|Bulk Up|p1a: Poliwrath\n|-boost|p1a: Poliwrath|atk|1\n|-boost|p1a: Poliwrath|def|1\n|\n|-heal|p1a: Poliwrath|141/302|[from] item: Leftovers\n|upkeep\n|turn|32\n|\n|t:|1771190212\n|move|p2a: Mamoswine|Earthquake|p1a: Poliwrath\n|-damage|p1a: Poliwrath|19/302\n|-damage|p2a: Mamoswine|218/311|[from] item: Life Orb\n|move|p1a: Poliwrath|Liquidation|p2a: Mamoswine\n|-supereffective|p2a: Mamoswine\n|-damage|p2a: Mamoswine|0 fnt\n|faint|p2a: Mamoswine\n|\n|-heal|p1a: Poliwrath|37/302|[from] item: Leftovers\n|upkeep\n|\n|t:|1771190214\n|switch|p2a: Mandibuzz|Mandibuzz, L85, F|158/326\n|turn|33\n|\n|t:|1771190219\n|move|p2a: Mandibuzz|Foul Play|p1a: Poliwrath\n|-resisted|p1a: Poliwrath\n|-damage|p1a: Poliwrath|0 fnt\n|faint|p1a: Poliwrath\n|\n|upkeep\n|inactive|feraligatr08 has 90 seconds left.\n|\n|t:|1771190259\n|switch|p1a: Talonflame|Talonflame, L83, M|21/265\n|turn|34\n|\n|t:|1771190263\n|move|p1a: Talonflame|Roost|p1a: Talonflame\n|-heal|p1a: Talonflame|154/265\n|-singleturn|p1a: Talonflame|move: Roost\n|move|p2a: Mandibuzz|Roost|p2a: Mandibuzz\n|-heal|p2a: Mandibuzz|321/326\n|-singleturn|p2a: Mandibuzz|move: Roost\n|\n|upkeep\n|turn|35\n|inactive|feraligatr08 has 90 seconds left.\n|\n|t:|1771190272\n|move|p1a: Talonflame|Defog|p2a: Mandibuzz\n|-unboost|p2a: Mandibuzz|evasion|1\n|move|p2a: Mandibuzz|Foul Play|p1a: Talonflame\n|-damage|p1a: Talonflame|45/265\n|\n|upkeep\n|turn|36\n|\n|t:|1771190276\n|move|p1a: Talonflame|Roost|p1a: Talonflame\n|-heal|p1a: Talonflame|178/265\n|-singleturn|p1a: Talonflame|move: Roost\n|move|p2a: Mandibuzz|Foul Play|p1a: Talonflame\n|-damage|p1a: Talonflame|75/265\n|\n|upkeep\n|turn|37\n|\n|t:|1771190285\n|move|p1a: Talonflame|Roost|p1a: Talonflame\n|-heal|p1a: Talonflame|208/265\n|-singleturn|p1a: Talonflame|move: Roost\n|move|p2a: Mandibuzz|Foul Play|p1a: Talonflame\n|-damage|p1a: Talonflame|99/265\n|\n|upkeep\n|turn|38\n|\n|t:|1771190291\n|move|p1a: Talonflame|Roost|p1a: Talonflame\n|-heal|p1a: Talonflame|232/265\n|-singleturn|p1a: Talonflame|move: Roost\n|move|p2a: Mandibuzz|Foul Play|p1a: Talonflame\n|-damage|p1a: Talonflame|127/265\n|\n|upkeep\n|turn|39\n|\n|t:|1771190293\n|move|p1a: Talonflame|Roost|p1a: Talonflame\n|-heal|p1a: Talonflame|260/265\n|-singleturn|p1a: Talonflame|move: Roost\n|move|p2a: Mandibuzz|Foul Play|p1a: Talonflame\n|-damage|p1a: Talonflame|161/265\n|-status|p2a: Mandibuzz|brn|[from] ability: Flame Body|[of] p1a: Talonflame\n|\n|-damage|p2a: Mandibuzz|301/326 brn|[from] brn\n|upkeep\n|turn|40\n|\n|t:|1771190307\n|move|p1a: Talonflame|Brave Bird|p2a: Mandibuzz\n|-damage|p2a: Mandibuzz|202/326 brn\n|-damage|p1a: Talonflame|128/265|[from] Recoil\n|move|p2a: Mandibuzz|Foul Play|p1a: Talonflame\n|-damage|p1a: Talonflame|78/265\n|\n|-damage|p2a: Mandibuzz|182/326 brn|[from] brn\n|upkeep\n|turn|41\n|\n|t:|1771190314\n|move|p1a: Talonflame|Roost|p1a: Talonflame\n|-heal|p1a: Talonflame|211/265\n|-singleturn|p1a: Talonflame|move: Roost\n|move|p2a: Mandibuzz|Roost|p2a: Mandibuzz\n|-heal|p2a: Mandibuzz|326/326 brn\n|-singleturn|p2a: Mandibuzz|move: Roost\n|\n|-damage|p2a: Mandibuzz|306/326 brn|[from] brn\n|upkeep\n|turn|42\n|\n|t:|1771190319\n|move|p1a: Talonflame|Defog|p2a: Mandibuzz\n|-unboost|p2a: Mandibuzz|evasion|1\n|move|p2a: Mandibuzz|Foul Play|p1a: Talonflame\n|-damage|p1a: Talonflame|160/265\n|\n|-damage|p2a: Mandibuzz|286/326 brn|[from] brn\n|upkeep\n|turn|43\n|inactive|feraligatr08 has 120 seconds left.\n|\n|t:|1771190356\n|move|p1a: Talonflame|Brave Bird|p2a: Mandibuzz\n|-damage|p2a: Mandibuzz|186/326 brn\n|-damage|p1a: Talonflame|127/265|[from] Recoil\n|move|p2a: Mandibuzz|Foul Play|p1a: Talonflame\n|-damage|p1a: Talonflame|73/265\n|\n|-damage|p2a: Mandibuzz|166/326 brn|[from] brn\n|upkeep\n|turn|44\n|inactive|feraligatr08 has 120 seconds left.\n|\n|t:|1771190366\n|move|p1a: Talonflame|Roost|p1a: Talonflame\n|-heal|p1a: Talonflame|206/265\n|-singleturn|p1a: Talonflame|move: Roost\n|move|p2a: Mandibuzz|Roost|p2a: Mandibuzz\n|-heal|p2a: Mandibuzz|326/326 brn\n|-singleturn|p2a: Mandibuzz|move: Roost\n|\n|-damage|p2a: Mandibuzz|306/326 brn|[from] brn\n|upkeep\n|turn|45\n|inactive|feraligatr08 has 120 seconds left.\n|\n|t:|1771190387\n|move|p1a: Talonflame|Brave Bird|p2a: Mandibuzz\n|-damage|p2a: Mandibuzz|219/326 brn\n|-damage|p1a: Talonflame|177/265|[from] Recoil\n|move|p2a: Mandibuzz|Foul Play|p1a: Talonflame\n|-damage|p1a: Talonflame|124/265\n|\n|-damage|p2a: Mandibuzz|199/326 brn|[from] brn\n|upkeep\n|turn|46\n|\n|t:|1771190412\n|move|p1a: Talonflame|Brave Bird|p2a: Mandibuzz\n|-damage|p2a: Mandibuzz|100/326 brn\n|-damage|p1a: Talonflame|91/265|[from] Recoil\n|move|p2a: Mandibuzz|Roost|p2a: Mandibuzz\n|-heal|p2a: Mandibuzz|263/326 brn\n|-singleturn|p2a: Mandibuzz|move: Roost\n|\n|-damage|p2a: Mandibuzz|243/326 brn|[from] brn\n|upkeep\n|turn|47\n|\n|t:|1771190425\n|move|p1a: Talonflame|Brave Bird|p2a: Mandibuzz\n|-damage|p2a: Mandibuzz|152/326 brn\n|-damage|p1a: Talonflame|61/265|[from] Recoil\n|move|p2a: Mandibuzz|Foul Play|p1a: Talonflame\n|-damage|p1a: Talonflame|5/265\n|\n|-damage|p2a: Mandibuzz|132/326 brn|[from] brn\n|upkeep\n|turn|48\n|inactive|feraligatr08 has 90 seconds left.\n|inactive|feraligatr08 has 60 seconds left.\n|\n|t:|1771190484\n|move|p1a: Talonflame|Roost|p1a: Talonflame\n|-heal|p1a: Talonflame|138/265\n|-singleturn|p1a: Talonflame|move: Roost\n|move|p2a: Mandibuzz|Roost|p2a: Mandibuzz\n|-heal|p2a: Mandibuzz|295/326 brn\n|-singleturn|p2a: Mandibuzz|move: Roost\n|\n|-damage|p2a: Mandibuzz|275/326 brn|[from] brn\n|upkeep\n|turn|49\n|\n|t:|1771190491\n|move|p1a: Talonflame|Brave Bird|p2a: Mandibuzz\n|-damage|p2a: Mandibuzz|178/326 brn\n|-damage|p1a: Talonflame|106/265|[from] Recoil\n|move|p2a: Mandibuzz|Foul Play|p1a: Talonflame\n|-damage|p1a: Talonflame|56/265\n|\n|-damage|p2a: Mandibuzz|158/326 brn|[from] brn\n|upkeep\n|turn|50\n|\n|t:|1771190499\n|move|p1a: Talonflame|Overheat|p2a: Mandibuzz\n|-damage|p2a: Mandibuzz|58/326 brn\n|-unboost|p1a: Talonflame|spa|2\n|move|p2a: Mandibuzz|Roost|p2a: Mandibuzz\n|-heal|p2a: Mandibuzz|221/326 brn\n|-singleturn|p2a: Mandibuzz|move: Roost\n|\n|-damage|p2a: Mandibuzz|201/326 brn|[from] brn\n|upkeep\n|turn|51\n|\n|t:|1771190510\n|move|p1a: Talonflame|Overheat|p2a: Mandibuzz\n|-damage|p2a: Mandibuzz|147/326 brn\n|-unboost|p1a: Talonflame|spa|2\n|move|p2a: Mandibuzz|Roost|p2a: Mandibuzz\n|-heal|p2a: Mandibuzz|310/326 brn\n|-singleturn|p2a: Mandibuzz|move: Roost\n|\n|-damage|p2a: Mandibuzz|290/326 brn|[from] brn\n|upkeep\n|turn|52\n|\n|t:|1771190515\n|move|p1a: Talonflame|Overheat|p2a: Mandibuzz\n|-damage|p2a: Mandibuzz|257/326 brn\n|-unboost|p1a: Talonflame|spa|2\n|move|p2a: Mandibuzz|Foul Play|p1a: Talonflame\n|-damage|p1a: Talonflame|5/265\n|\n|-damage|p2a: Mandibuzz|237/326 brn|[from] brn\n|upkeep\n|turn|53\n|inactive|feraligatr08 has 90 seconds left.\n|\n|t:|1771190530\n|move|p1a: Talonflame|Brave Bird|p2a: Mandibuzz\n|-damage|p2a: Mandibuzz|134/326 brn\n|-damage|p1a: Talonflame|0 fnt|[from] Recoil\n|faint|p1a: Talonflame\n|move|p2a: Mandibuzz|Foul Play|p1: Talonflame|[notarget]\n|-fail|p2a: Mandibuzz\n|\n|-damage|p2a: Mandibuzz|114/326 brn|[from] brn\n|upkeep\n|\n|t:|1771190531\n|switch|p1a: Palkia|Palkia, L75|57/259\n|-ability|p1a: Palkia|Pressure\n|turn|54\n|inactive|feraligatr08 has 90 seconds left.\n|\n|t:|1771190542\n|-terastallize|p1a: Palkia|Water\n|move|p1a: Palkia|Hydro Pump|p2a: Mandibuzz\n|-damage|p2a: Mandibuzz|0 fnt\n|faint|p2a: Mandibuzz\n|\n|win|feraligatr08\n|raw|feraligatr08's rating: 2243 &rarr; <strong>2268</strong><br />(+25 for winning)\n|raw|milkreo's rating: 2326 &rarr; <strong>2301</strong><br />(-25 for losing)\n", "inputlog": ">version 686819e5e19f8a7fd2345cfc5a08a5085efa2cc3\n>start {\"formatid\":\"gen9randombattle\",\"seed\":\"sodium,c8088759389fa7e110e8c07a2b05e121\",\"rated\":\"Rated battle\"}\n>player p1 {\"name\":\"feraligatr08\",\"avatar\":\"colress\",\"rating\":2263,\"seed\":\"sodium,748839a19a7ce29f000ac505e1641ae1\"}\n>player p2 {\"name\":\"milkreo\",\"avatar\":\"1\",\"rating\":2326,\"seed\":\"sodium,0b86ac806297c4febdb083abfaf22202\"}\n>p1 move bodyslam\n>p2 switch 2\n>p1 move earthquake\n>p2 move bodypress\n>p1 move earthquake\n>p2 switch 6\n>p1 move bodyslam\n>p2 move foulplay\n>p1 move rest\n>p2 move foulplay\n>p1 move sleeptalk\n>p2 move foulplay\n>p1 switch 3\n>p2 move foulplay\n>p1 move voltswitch\n>p2 move roost\n>p1 switch 2\n>p1 move rockpolish\n>p2 move uturn\n>p2 switch 3\n>p1 move earthquake\n>p2 move closecombat\n>p1 move earthquake\n>p2 switch 6\n>p1 switch 4\n>p2 switch 5\n>p1 move overheat\n>p2 switch 4\n>p1 switch 6\n>p2 move hurricane\n>p1 move spacialrend\n>p2 move roost\n>p1 move spacialrend\n>p2 switch 3\n>p1 move hydropump\n>p2 switch 6\n>p1 switch 6\n>p2 move outrage\n>p1 move bravebird\n>p2 move outrage\n>p2 switch 3\n>p1 switch 2\n>p2 move hurricane\n>p1 move drainpunch\n>p2 move surf\n>p1 move thunderpunch\n>p2 move hurricane\n>p1 switch 6\n>p1 move spacialrend\n>p2 move hurricane\n>p2 switch 2\n>p1 move thunderwave\n>p2 move gigadrain\n>p1 switch 3\n>p2 move gigadrain\n>p1 move sleeptalk\n>p2 move raindance\n>p1 move rest\n>p2 move gigadrain\n>p1 move sleeptalk\n>p2 move hydropump\n>p1 move sleeptalk\n>p2 move gigadrain\n>p1 move bodyslam\n>p2 move hydropump\n>p2 switch 4\n>p1 move bodyslam\n>p2 move earthquake\n>p1 switch 5\n>p1 move bulkup\n>p2 move earthquake terastallize\n>p1 move liquidation\n>p2 move earthquake\n>p2 switch 6\n>p1 move drainpunch\n>p2 move foulplay\n>p1 switch 2\n>p1 move roost\n>p2 move roost\n>p1 move defog\n>p2 move foulplay\n>p1 move roost\n>p2 move foulplay\n>p1 move roost\n>p2 move foulplay\n>p1 move roost\n>p2 move foulplay\n>p1 move roost\n>p2 move foulplay\n>p1 move bravebird\n>p2 move foulplay\n>p1 move roost\n>p2 move roost\n>p1 move defog\n>p2 move foulplay\n>p1 move bravebird\n>p2 move foulplay\n>p1 move roost\n>p2 move roost\n>p1 move bravebird\n>p2 move foulplay\n>p1 move bravebird\n>p2 move roost\n>p1 move bravebird\n>p2 move foulplay\n>p1 move roost\n>p2 move roost\n>p1 move bravebird\n>p2 move foulplay\n>p1 move overheat\n>p2 move roost\n>p1 move overheat\n>p2 move roost\n>p1 move overheat\n>p2 move foulplay\n>p1 move bravebird\n>p2 move foulplay\n>p1 switch 3\n>p1 move hydropump terastallize\n>p2 move foulplay", "uploadtime": 1771190548, "views": 16, "formatid": "gen9randombattle", "rating": 2268, "private": 0, "password": null}