{"id": "gen9randombattle-2540684842", "format": "[Gen 9] Random Battle", "players": ["Benbougami", "Spashiva"], "log": "|j|☆Benbougami\n|j|☆Spashiva\n|t:|1771239927\n|gametype|singles\n|player|p1|Benbougami|roughneck|1569\n|player|p2|Spashiva|workerice|1527\n|gen|9\n|tier|[Gen 9] Random Battle\n|rated|\n|rule|Species Clause: Limit one of each Pokémon\n|rule|HP Percentage Mod: HP is shown in percentages\n|rule|Sleep Clause Mod: Limit one foe put to sleep\n|rule|Illusion Level Mod: Illusion disguises the Pokémon's true level\n|\n|t:|1771239927\n|teamsize|p1|6\n|teamsize|p2|6\n|start\n|switch|p1a: Deoxys|Deoxys-Speed, L82|216/216\n|switch|p2a: Whiscash|Whiscash, L88, F|337/337\n|-ability|p1a: Deoxys|Pressure\n|turn|1\n|inactive|Battle timer is ON: inactive players will automatically lose when time's up. (requested by Spashiva)\n|\n|t:|1771239939\n|move|p1a: Deoxys|Taunt|p2a: Whiscash\n|-immune|p2a: Whiscash|[from] ability: Oblivious\n|move|p2a: Whiscash|Dragon Dance|p2a: Whiscash\n|-boost|p2a: Whiscash|atk|1\n|-boost|p2a: Whiscash|spe|1\n|\n|upkeep\n|turn|2\n|\n|t:|1771239952\n|move|p1a: Deoxys|Stealth Rock|p2a: Whiscash\n|-sidestart|p2: Spashiva|move: Stealth Rock\n|move|p2a: Whiscash|Dragon Dance|p2a: Whiscash\n|-boost|p2a: Whiscash|atk|1\n|-boost|p2a: Whiscash|spe|1\n|\n|upkeep\n|turn|3\n|\n|t:|1771239961\n|move|p1a: Deoxys|Psycho Boost|p2a: Whiscash\n|-damage|p2a: Whiscash|169/337\n|-unboost|p1a: Deoxys|spa|2\n|move|p2a: Whiscash|Earthquake|p1a: Deoxys\n|-enditem|p1a: Deoxys|Focus Sash\n|-damage|p1a: Deoxys|1/216\n|-damage|p2a: Whiscash|136/337|[from] item: Life Orb\n|\n|upkeep\n|turn|4\n|\n|t:|1771239971\n|move|p1a: Deoxys|Superpower|p2a: Whiscash\n|-damage|p2a: Whiscash|42/337\n|-unboost|p1a: Deoxys|atk|1\n|-unboost|p1a: Deoxys|def|1\n|move|p2a: Whiscash|Liquidation|p1a: Deoxys\n|-damage|p1a: Deoxys|0 fnt\n|faint|p1a: Deoxys\n|-damage|p2a: Whiscash|9/337|[from] item: Life Orb\n|\n|upkeep\n|\n|t:|1771239983\n|switch|p1a: Comfey|Comfey, L85, M|225/225\n|turn|5\n|\n|t:|1771239988\n|move|p1a: Comfey|Draining Kiss|p2a: Whiscash\n|-damage|p2a: Whiscash|0 fnt\n|faint|p2a: Whiscash\n|\n|upkeep\n|\n|t:|1771239996\n|switch|p2a: Bisharp|Bisharp, L79, M|232/232\n|-damage|p2a: Bisharp|218/232|[from] Stealth Rock\n|turn|6\n|\n|t:|1771240009\n|switch|p1a: Ursaring|Ursaring, L84, M|288/288\n|move|p2a: Bisharp|Swords Dance|p2a: Bisharp\n|-boost|p2a: Bisharp|atk|2\n|\n|upkeep\n|turn|7\n|\n|t:|1771240019\n|move|p2a: Bisharp|Iron Head|p1a: Ursaring\n|-damage|p1a: Ursaring|138/288\n|move|p1a: Ursaring|Earthquake|p2a: Bisharp\n|-supereffective|p2a: Bisharp\n|-damage|p2a: Bisharp|100/232\n|\n|upkeep\n|turn|8\n|inactive|Benbougami has 120 seconds left.\n|\n|t:|1771240057\n|move|p2a: Bisharp|Iron Head|p1a: Ursaring\n|-damage|p1a: Ursaring|3/288\n|move|p1a: Ursaring|Earthquake|p2a: Bisharp\n|-supereffective|p2a: Bisharp\n|-damage|p2a: Bisharp|0 fnt\n|faint|p2a: Bisharp\n|\n|upkeep\n|\n|t:|1771240073\n|switch|p2a: Honchkrow|Honchkrow, L86, F|312/312\n|turn|9\n|inactive|Benbougami has 120 seconds left.\n|\n|t:|1771240094\n|move|p2a: Honchkrow|Lash Out|p1a: Ursaring\n|-damage|p1a: Ursaring|0 fnt\n|faint|p1a: Ursaring\n|-ability|p2a: Honchkrow|Moxie|boost\n|-boost|p2a: Honchkrow|atk|1\n|\n|upkeep\n|\n|t:|1771240106\n|switch|p1a: Comfey|Comfey, L85, M|225/225\n|turn|10\n|\n|t:|1771240113\n|-terastallize|p2a: Honchkrow|Flying\n|move|p1a: Comfey|Calm Mind|p1a: Comfey\n|-boost|p1a: Comfey|spa|1\n|-boost|p1a: Comfey|spd|1\n|move|p2a: Honchkrow|Thunder Wave|p1a: Comfey\n|-status|p1a: Comfey|par\n|\n|upkeep\n|turn|11\n|\n|t:|1771240125\n|move|p2a: Honchkrow|Brave Bird|p1a: Comfey\n|-damage|p1a: Comfey|0 fnt\n|faint|p1a: Comfey\n|-ability|p2a: Honchkrow|Moxie|boost\n|-boost|p2a: Honchkrow|atk|1\n|-damage|p2a: Honchkrow|238/312|[from] Recoil\n|\n|upkeep\n|\n|t:|1771240131\n|switch|p1a: Iron Bundle|Iron Bundle, L78|215/215\n|turn|12\n|\n|t:|1771240138\n|move|p1a: Iron Bundle|Ice Beam|p2a: Honchkrow\n|-supereffective|p2a: Honchkrow\n|-damage|p2a: Honchkrow|0 fnt\n|faint|p2a: Honchkrow\n|\n|upkeep\n|\n|t:|1771240145\n|switch|p2a: Meloetta|Meloetta, L82|298/298\n|-damage|p2a: Meloetta|261/298|[from] Stealth Rock\n|turn|13\n|inactive|Benbougami has 120 seconds left.\n|\n|t:|1771240157\n|move|p1a: Iron Bundle|Hydro Pump|p2a: Meloetta\n|-crit|p2a: Meloetta\n|-damage|p2a: Meloetta|123/298\n|move|p2a: Meloetta|Calm Mind|p2a: Meloetta\n|-boost|p2a: Meloetta|spa|1\n|-boost|p2a: Meloetta|spd|1\n|\n|upkeep\n|turn|14\n|\n|t:|1771240166\n|move|p1a: Iron Bundle|Encore|p2a: Meloetta\n|-start|p2a: Meloetta|Encore\n|move|p2a: Meloetta|Calm Mind|p2a: Meloetta\n|-boost|p2a: Meloetta|spa|1\n|-boost|p2a: Meloetta|spd|1\n|\n|upkeep\n|turn|15\n|\n|t:|1771240172\n|switch|p2a: Ogerpon|Ogerpon, L80, F|259/259\n|move|p1a: Iron Bundle|Ice Beam|p2a: Ogerpon\n|-supereffective|p2a: Ogerpon\n|-damage|p2a: Ogerpon|47/259\n|\n|upkeep\n|turn|16\n|\n|t:|1771240179\n|move|p1a: Iron Bundle|Ice Beam|p2a: Ogerpon\n|-supereffective|p2a: Ogerpon\n|-damage|p2a: Ogerpon|0 fnt\n|faint|p2a: Ogerpon\n|\n|upkeep\n|\n|t:|1771240183\n|switch|p2a: Samurott|Samurott, L88, M|310/310\n|-damage|p2a: Samurott|272/310|[from] Stealth Rock\n|turn|17\n|\n|t:|1771240193\n|move|p1a: Iron Bundle|Freeze-Dry|p2a: Samurott\n|-supereffective|p2a: Samurott\n|-crit|p2a: Samurott\n|-damage|p2a: Samurott|0 fnt\n|faint|p2a: Samurott\n|\n|upkeep\n|-message|Spashiva forfeited.\n|\n|win|Benbougami\n|raw|Benbougami's rating: 1569 &rarr; <strong>1587</strong><br />(+18 for winning)\n|raw|Spashiva's rating: 1527 &rarr; <strong>1509</strong><br />(-18 for losing)\n|l|☆Spashiva\n|player|p2|\n", "inputlog": ">version 686819e5e19f8a7fd2345cfc5a08a5085efa2cc3\n>start {\"formatid\":\"gen9randombattle\",\"seed\":\"sodium,0105774cb7a76a47962c1b4a1ff53b37\",\"rated\":\"Rated battle\"}\n>player p1 {\"name\":\"Benbougami\",\"avatar\":\"roughneck\",\"rating\":1569,\"seed\":\"sodium,dfd3fdcde176dc16cc159c2a95b5f548\"}\n>player p2 {\"name\":\"Spashiva\",\"avatar\":\"workerice\",\"rating\":1527,\"seed\":\"sodium,fde0310149a97cd49f2c719472126117\"}\n>p1 move taunt\n>p2 move dragondance\n>p1 move stealthrock\n>p2 move dragondance\n>p1 move psychoboost\n>p2 move earthquake\n>p1 move superpower\n>p2 move liquidation\n>p1 switch 2\n>p1 move drainingkiss\n>p2 move liquidation\n>p2 switch 4\n>p1 switch 5\n>p2 move swordsdance\n>p1 move earthquake\n>p2 move ironhead\n>p1 move earthquake\n>p2 move ironhead\n>p2 switch 3\n>p1 move rest\n>p2 move lashout\n>p1 switch 5\n>p1 move calmmind\n>p2 move thunderwave terastallize\n>p1 move calmmind\n>p2 move bravebird\n>p1 switch 4\n>p1 move icebeam\n>p2 move bravebird\n>p2 switch 2\n>p1 move hydropump\n>p2 move calmmind\n>p1 move encore\n>p2 move focusblast\n>p1 move icebeam\n>p2 switch 6\n>p1 move icebeam\n>p2 move ivycudgel\n>p2 switch 5\n>p1 move freezedry\n>p2 move knockoff\n>forcelose p2", "uploadtime": 1771240199, "views": 9, "formatid": "gen9randombattle", "rating": 1509, "private": 0, "password": null}