{"id": "gen9randombattle-2540202483", "format": "[Gen 9] Random Battle", "players": ["Necrovenator", "throwaway42795"], "log": "|j|☆Necrovenator\n|j|☆throwaway42795\n|t:|1771175265\n|gametype|singles\n|player|p1|Necrovenator|102|1962\n|player|p2|throwaway42795|steven|2058\n|gen|9\n|tier|[Gen 9] Random Battle\n|rated|\n|rule|Species Clause: Limit one of each Pokémon\n|rule|HP Percentage Mod: HP is shown in percentages\n|rule|Sleep Clause Mod: Limit one foe put to sleep\n|rule|Illusion Level Mod: Illusion disguises the Pokémon's true level\n|\n|t:|1771175265\n|teamsize|p1|6\n|teamsize|p2|6\n|start\n|switch|p1a: Rhyperior|Rhyperior, L82, F|323/323\n|switch|p2a: Regieleki|Regieleki, L79|256/256\n|turn|1\n|inactive|Battle timer is ON: inactive players will automatically lose when time's up. (requested by Necrovenator)\n|\n|t:|1771175277\n|switch|p2a: Orthworm|Orthworm, L88, F|266/266\n|move|p1a: Rhyperior|Megahorn|p2a: Orthworm|[miss]\n|-miss|p1a: Rhyperior|p2a: Orthworm\n|\n|upkeep\n|turn|2\n|\n|t:|1771175284\n|switch|p1a: Slowking|Slowking, L88, F|310/310\n|move|p2a: Orthworm|Coil|p2a: Orthworm\n|-boost|p2a: Orthworm|atk|1\n|-boost|p2a: Orthworm|def|1\n|-boost|p2a: Orthworm|accuracy|1\n|\n|upkeep\n|turn|3\n|\n|t:|1771175289\n|switch|p2a: Dudunsparce|Dudunsparce, L83, F|343/343\n|move|p1a: Slowking|Scald|p2a: Dudunsparce\n|-crit|p2a: Dudunsparce\n|-damage|p2a: Dudunsparce|181/343\n|\n|-heal|p2a: Dudunsparce|202/343|[from] item: Leftovers\n|upkeep\n|turn|4\n|\n|t:|1771175292\n|move|p2a: Dudunsparce|Glare|p1a: Slowking\n|-status|p1a: Slowking|par\n|move|p1a: Slowking|Future Sight|p2a: Dudunsparce\n|-start|p1a: Slowking|move: Future Sight\n|\n|-heal|p2a: Dudunsparce|223/343|[from] item: Leftovers\n|upkeep\n|turn|5\n|\n|t:|1771175296\n|move|p2a: Dudunsparce|Headbutt|p1a: Slowking\n|-damage|p1a: Slowking|237/310 par\n|-prepare|p1a: Slowking|Chilly Reception|[premajor]\n|cant|p1a: Slowking|flinch\n|\n|-heal|p2a: Dudunsparce|244/343|[from] item: Leftovers\n|upkeep\n|turn|6\n|\n|t:|1771175300\n|switch|p1a: Scrafty|Scrafty, L84, M|246/246\n|-ability|p1a: Scrafty|Intimidate|boost\n|-unboost|p2a: Dudunsparce|atk|1\n|move|p2a: Dudunsparce|Headbutt|p1a: Scrafty\n|-damage|p1a: Scrafty|209/246\n|\n|-end|p2a: Dudunsparce|move: Future Sight\n|-damage|p2a: Dudunsparce|93/343\n|-heal|p1a: Scrafty|224/246|[from] item: Leftovers\n|-heal|p2a: Dudunsparce|114/343|[from] item: Leftovers\n|upkeep\n|turn|7\n|\n|t:|1771175306\n|move|p1a: Scrafty|Knock Off|p2a: Dudunsparce\n|-damage|p2a: Dudunsparce|3/343\n|-enditem|p2a: Dudunsparce|Leftovers|[from] move: Knock Off|[of] p1a: Scrafty\n|move|p2a: Dudunsparce|Glare|p1a: Scrafty\n|-status|p1a: Scrafty|par\n|\n|-heal|p1a: Scrafty|239/246 par|[from] item: Leftovers\n|upkeep\n|turn|8\n|\n|t:|1771175309\n|move|p2a: Dudunsparce|Roost|p2a: Dudunsparce\n|-heal|p2a: Dudunsparce|175/343\n|-singleturn|p2a: Dudunsparce|move: Roost\n|move|p1a: Scrafty|Drain Punch|p2a: Dudunsparce\n|-supereffective|p2a: Dudunsparce\n|-damage|p2a: Dudunsparce|23/343\n|-heal|p1a: Scrafty|246/246 par|[from] drain|[of] p2a: Dudunsparce\n|\n|upkeep\n|turn|9\n|\n|t:|1771175312\n|move|p2a: Dudunsparce|Roost|p2a: Dudunsparce\n|-heal|p2a: Dudunsparce|195/343\n|-singleturn|p2a: Dudunsparce|move: Roost\n|move|p1a: Scrafty|Dragon Dance|p1a: Scrafty\n|-boost|p1a: Scrafty|atk|1\n|-boost|p1a: Scrafty|spe|1\n|\n|upkeep\n|turn|10\n|\n|t:|1771175314\n|move|p2a: Dudunsparce|Roost|p2a: Dudunsparce\n|-heal|p2a: Dudunsparce|343/343\n|-singleturn|p2a: Dudunsparce|move: Roost\n|move|p1a: Scrafty|Dragon Dance|p1a: Scrafty\n|-boost|p1a: Scrafty|atk|1\n|-boost|p1a: Scrafty|spe|1\n|\n|upkeep\n|turn|11\n|\n|t:|1771175321\n|switch|p2a: Regieleki|Regieleki, L79|256/256\n|cant|p1a: Scrafty|par\n|\n|upkeep\n|turn|12\n|\n|t:|1771175324\n|move|p2a: Regieleki|Thunderbolt|p1a: Scrafty\n|-damage|p1a: Scrafty|138/246 par\n|move|p1a: Scrafty|Dragon Dance|p1a: Scrafty\n|-boost|p1a: Scrafty|atk|1\n|-boost|p1a: Scrafty|spe|1\n|\n|-heal|p1a: Scrafty|153/246 par|[from] item: Leftovers\n|upkeep\n|turn|13\n|\n|t:|1771175327\n|move|p2a: Regieleki|Explosion|p1a: Scrafty\n|-crit|p1a: Scrafty\n|-damage|p1a: Scrafty|0 fnt\n|faint|p2a: Regieleki\n|faint|p1a: Scrafty\n|\n|upkeep\n|\n|t:|1771175335\n|switch|p2a: Orthworm|Orthworm, L88, F|266/266\n|switch|p1a: Malamar|Malamar, L82, F|275/275\n|turn|14\n|\n|t:|1771175341\n|switch|p2a: Medicham|Medicham, L86, F|243/243\n|move|p1a: Malamar|Superpower|p2a: Medicham\n|-resisted|p2a: Medicham\n|-damage|p2a: Medicham|199/243\n|-boost|p1a: Malamar|atk|1\n|-boost|p1a: Malamar|def|1\n|\n|upkeep\n|turn|15\n|\n|t:|1771175346\n|move|p2a: Medicham|Close Combat|p1a: Malamar\n|-damage|p1a: Malamar|86/275\n|-unboost|p2a: Medicham|def|1\n|-unboost|p2a: Medicham|spd|1\n|move|p1a: Malamar|Knock Off|p2a: Medicham\n|-damage|p2a: Medicham|0 fnt\n|-enditem|p2a: Medicham|Choice Band|[from] move: Knock Off|[of] p1a: Malamar\n|faint|p2a: Medicham\n|\n|-heal|p1a: Malamar|103/275|[from] item: Leftovers\n|upkeep\n|\n|t:|1771175358\n|switch|p2a: Dudunsparce|Dudunsparce, L83, F|343/343\n|turn|16\n|\n|t:|1771175361\n|-terastallize|p2a: Dudunsparce|Ground\n|move|p1a: Malamar|Rest|p1a: Malamar\n|-status|p1a: Malamar|slp|[from] move: Rest\n|-heal|p1a: Malamar|275/275 slp|[silent]\n|move|p2a: Dudunsparce|Glare||[still]\n|-fail|p2a: Dudunsparce\n|\n|upkeep\n|turn|17\n|\n|t:|1771175364\n|cant|p1a: Malamar|slp\n|move|p1a: Malamar|Sleep Talk|p1a: Malamar\n|move|p1a: Malamar|Knock Off|p2a: Dudunsparce|[from] move: Sleep Talk\n|-damage|p2a: Dudunsparce|241/343\n|move|p2a: Dudunsparce|Headbutt|p1a: Malamar\n|-damage|p1a: Malamar|224/275 slp\n|\n|-heal|p1a: Malamar|241/275 slp|[from] item: Leftovers\n|upkeep\n|turn|18\n|\n|t:|1771175366\n|cant|p1a: Malamar|slp\n|move|p1a: Malamar|Sleep Talk|p1a: Malamar\n|move|p1a: Malamar|Rest||[from] move: Sleep Talk|[still]\n|-fail|p1a: Malamar\n|move|p2a: Dudunsparce|Headbutt|p1a: Malamar\n|-damage|p1a: Malamar|192/275 slp\n|\n|-heal|p1a: Malamar|209/275 slp|[from] item: Leftovers\n|upkeep\n|turn|19\n|\n|t:|1771175368\n|-curestatus|p1a: Malamar|slp|[msg]\n|move|p1a: Malamar|Superpower|p2a: Dudunsparce\n|-damage|p2a: Dudunsparce|111/343\n|-boost|p1a: Malamar|atk|1\n|-boost|p1a: Malamar|def|1\n|move|p2a: Dudunsparce|Glare|p1a: Malamar\n|-status|p1a: Malamar|par\n|\n|-heal|p1a: Malamar|226/275 par|[from] item: Leftovers\n|upkeep\n|turn|20\n|\n|t:|1771175370\n|move|p2a: Dudunsparce|Roost|p2a: Dudunsparce\n|-heal|p2a: Dudunsparce|283/343\n|cant|p1a: Malamar|par\n|\n|-heal|p1a: Malamar|243/275 par|[from] item: Leftovers\n|upkeep\n|turn|21\n|\n|t:|1771175373\n|move|p2a: Dudunsparce|Headbutt|p1a: Malamar\n|-damage|p1a: Malamar|207/275 par\n|move|p1a: Malamar|Superpower|p2a: Dudunsparce\n|-damage|p2a: Dudunsparce|106/343\n|-boost|p1a: Malamar|atk|1\n|-boost|p1a: Malamar|def|1\n|\n|-heal|p1a: Malamar|224/275 par|[from] item: Leftovers\n|upkeep\n|turn|22\n|\n|t:|1771175376\n|move|p2a: Dudunsparce|Headbutt|p1a: Malamar\n|-damage|p1a: Malamar|193/275 par\n|cant|p1a: Malamar|flinch\n|\n|-heal|p1a: Malamar|210/275 par|[from] item: Leftovers\n|upkeep\n|turn|23\n|\n|t:|1771175388\n|move|p2a: Dudunsparce|Headbutt|p1a: Malamar\n|-damage|p1a: Malamar|179/275 par\n|cant|p1a: Malamar|flinch\n|\n|-heal|p1a: Malamar|196/275 par|[from] item: Leftovers\n|upkeep\n|turn|24\n|\n|t:|1771175390\n|move|p2a: Dudunsparce|Headbutt|p1a: Malamar\n|-damage|p1a: Malamar|162/275 par\n|cant|p1a: Malamar|flinch\n|\n|-heal|p1a: Malamar|179/275 par|[from] item: Leftovers\n|upkeep\n|turn|25\n|\n|t:|1771175413\n|move|p2a: Dudunsparce|Headbutt|p1a: Malamar\n|-damage|p1a: Malamar|146/275 par\n|cant|p1a: Malamar|par\n|\n|-heal|p1a: Malamar|163/275 par|[from] item: Leftovers\n|upkeep\n|turn|26\n|\n|t:|1771175415\n|move|p2a: Dudunsparce|Headbutt|p1a: Malamar\n|-damage|p1a: Malamar|135/275 par\n|move|p1a: Malamar|Rest|p1a: Malamar\n|-status|p1a: Malamar|slp|[from] move: Rest\n|-heal|p1a: Malamar|275/275 slp|[silent]\n|\n|upkeep\n|turn|27\n|\n|t:|1771175418\n|cant|p1a: Malamar|slp\n|move|p1a: Malamar|Sleep Talk|p1a: Malamar\n|move|p1a: Malamar|Superpower|p2a: Dudunsparce|[from] move: Sleep Talk\n|-damage|p2a: Dudunsparce|0 fnt\n|-boost|p1a: Malamar|atk|1\n|-boost|p1a: Malamar|def|1\n|faint|p2a: Dudunsparce\n|\n|upkeep\n|\n|t:|1771175424\n|switch|p2a: Whiscash|Whiscash, L88, F|337/337\n|turn|28\n|\n|t:|1771175426\n|cant|p1a: Malamar|slp\n|move|p1a: Malamar|Sleep Talk|p1a: Malamar\n|move|p1a: Malamar|Knock Off|p2a: Whiscash|[from] move: Sleep Talk\n|-damage|p2a: Whiscash|34/337\n|-enditem|p2a: Whiscash|Life Orb|[from] move: Knock Off|[of] p1a: Malamar\n|move|p2a: Whiscash|Dragon Dance|p2a: Whiscash\n|-boost|p2a: Whiscash|atk|1\n|-boost|p2a: Whiscash|spe|1\n|\n|upkeep\n|turn|29\n|\n|t:|1771175430\n|move|p2a: Whiscash|Earthquake|p1a: Malamar\n|-damage|p1a: Malamar|223/275 slp\n|-curestatus|p1a: Malamar|slp|[msg]\n|move|p1a: Malamar|Superpower|p2a: Whiscash\n|-damage|p2a: Whiscash|0 fnt\n|-boost|p1a: Malamar|atk|1\n|-boost|p1a: Malamar|def|1\n|faint|p2a: Whiscash\n|\n|-heal|p1a: Malamar|240/275|[from] item: Leftovers\n|upkeep\n|\n|t:|1771175432\n|switch|p2a: Cloyster|Cloyster, L80, F|211/211\n|turn|30\n|\n|t:|1771175435\n|move|p1a: Malamar|Superpower|p2a: Cloyster\n|-supereffective|p2a: Cloyster\n|-damage|p2a: Cloyster|0 fnt\n|-boost|p1a: Malamar|atk|1\n|-boost|p1a: Malamar|def|1\n|faint|p2a: Cloyster\n|\n|-heal|p1a: Malamar|257/275|[from] item: Leftovers\n|upkeep\n|\n|t:|1771175437\n|switch|p2a: Orthworm|Orthworm, L88, F|266/266\n|turn|31\n|\n|t:|1771175438\n|move|p1a: Malamar|Superpower|p2a: Orthworm\n|-supereffective|p2a: Orthworm\n|-damage|p2a: Orthworm|0 fnt\n|faint|p2a: Orthworm\n|\n|win|Necrovenator\n|raw|Necrovenator's rating: 1962 &rarr; <strong>1987</strong><br />(+25 for winning)\n|raw|throwaway42795's rating: 2058 &rarr; <strong>2033</strong><br />(-25 for losing)\n", "inputlog": ">version 686819e5e19f8a7fd2345cfc5a08a5085efa2cc3\n>start {\"formatid\":\"gen9randombattle\",\"seed\":\"sodium,e955cedeb67ffb8ee084327377e93795\",\"rated\":\"Rated battle\"}\n>player p1 {\"name\":\"Necrovenator\",\"avatar\":\"102\",\"rating\":1962,\"seed\":\"sodium,b828eb852d0c9b122bed8c19fe1448b9\"}\n>player p2 {\"name\":\"throwaway42795\",\"avatar\":\"steven\",\"rating\":2058,\"seed\":\"sodium,a6f6fb9f3126df4ad73872d7717224d5\"}\n>p1 move megahorn\n>p2 switch 5\n>p1 switch 4\n>p2 move coil\n>p1 move scald\n>p2 switch 6\n>p1 move futuresight\n>p2 move glare\n>p1 move chillyreception\n>p2 move headbutt\n>p1 switch 6\n>p2 move headbutt\n>p1 move knockoff\n>p2 move glare\n>p1 move drainpunch\n>p2 move roost\n>p1 move dragondance\n>p2 move roost\n>p1 move dragondance\n>p2 move roost\n>p1 move dragondance\n>p2 switch 5\n>p1 move dragondance\n>p2 move thunderbolt\n>p1 move drainpunch\n>p2 move explosion\n>p1 switch 5\n>p2 switch 6\n>p1 move superpower\n>p2 switch 2\n>p1 move knockoff\n>p2 move closecombat\n>p2 switch 5\n>p1 move rest\n>p2 move glare terastallize\n>p1 move sleeptalk\n>p2 move headbutt\n>p1 move sleeptalk\n>p2 move headbutt\n>p1 move superpower\n>p2 move glare\n>p1 move superpower\n>p2 move roost\n>p1 move superpower\n>p2 move headbutt\n>p1 move superpower\n>p2 move headbutt\n>p1 move superpower\n>p2 move headbutt\n>p1 move superpower\n>p2 move headbutt\n>p1 move superpower\n>p2 move headbutt\n>p1 move rest\n>p2 move headbutt\n>p1 move sleeptalk\n>p2 move roost\n>p2 switch 4\n>p1 move sleeptalk\n>p2 move dragondance\n>p1 move superpower\n>p2 move earthquake\n>p2 switch 3\n>p1 move superpower\n>p2 move shellsmash\n>p2 switch 2\n>p1 move superpower\n>p2 move coil", "uploadtime": 1771175441, "views": 12, "formatid": "gen9randombattle", "rating": 1987, "private": 0, "password": null}