{"id": "gen9randombattle-2540295324", "format": "[Gen 9] Random Battle", "players": ["achamoco", "Micael Lopes"], "log": "|j|‽achamoco\n|j|☆Micael Lopes\n|t:|1771185700\n|gametype|singles\n|player|p1|achamoco|morty-masters3|1738\n|player|p2|Micael Lopes|benga|1731\n|gen|9\n|tier|[Gen 9] Random Battle\n|rated|\n|rule|Species Clause: Limit one of each Pokémon\n|rule|HP Percentage Mod: HP is shown in percentages\n|rule|Sleep Clause Mod: Limit one foe put to sleep\n|rule|Illusion Level Mod: Illusion disguises the Pokémon's true level\n|\n|t:|1771185700\n|teamsize|p1|6\n|teamsize|p2|6\n|start\n|switch|p1a: Golduck|Golduck, L90, F|290/290\n|switch|p2a: Rotom|Rotom-Fan, L86|226/226\n|-ability|p1a: Golduck|Cloud Nine\n|turn|1\n|inactive|Battle timer is ON: inactive players will automatically lose when time's up. (requested by Micael Lopes)\n|\n|t:|1771185728\n|switch|p1a: Magnezone|Magnezone, L85|258/258\n|move|p2a: Rotom|Will-O-Wisp|p1a: Magnezone\n|-status|p1a: Magnezone|brn\n|\n|-damage|p1a: Magnezone|242/258 brn|[from] brn\n|upkeep\n|turn|2\n|\n|t:|1771185747\n|move|p1a: Magnezone|Volt Switch|p2a: Rotom\n|-damage|p2a: Rotom|147/226\n|\n|t:|1771185755\n|switch|p1a: Golduck|Golduck, L90, F|290/290|[from] Volt Switch\n|-ability|p1a: Golduck|Cloud Nine\n|move|p2a: Rotom|Nasty Plot|p2a: Rotom\n|-boost|p2a: Rotom|spa|2\n|\n|upkeep\n|turn|3\n|\n|t:|1771185768\n|switch|p2a: Munkidori|Munkidori, L79, M|269/269\n|move|p1a: Golduck|Ice Beam|p2a: Munkidori\n|-damage|p2a: Munkidori|208/269\n|-damage|p1a: Golduck|261/290|[from] item: Life Orb\n|\n|upkeep\n|turn|4\n|\n|t:|1771185778\n|switch|p1a: Magnezone|Magnezone, L85|242/258 brn\n|move|p2a: Munkidori|U-turn|p1a: Magnezone\n|-resisted|p1a: Magnezone\n|-damage|p1a: Magnezone|228/258 brn\n|\n|t:|1771185801\n|switch|p2a: Cinderace|Cinderace, L77, M|249/249|[from] U-turn\n|\n|-damage|p1a: Magnezone|212/258 brn|[from] brn\n|upkeep\n|turn|5\n|\n|t:|1771185819\n|move|p2a: Cinderace|Sucker Punch|p1a: Magnezone\n|-start|p2a: Cinderace|typechange|Dark|[from] ability: Libero\n|-damage|p1a: Magnezone|157/258 brn\n|move|p1a: Magnezone|Thunderbolt|p2a: Cinderace\n|-damage|p2a: Cinderace|41/249\n|\n|-damage|p1a: Magnezone|141/258 brn|[from] brn\n|upkeep\n|turn|6\n|\n|t:|1771185831\n|move|p2a: Cinderace|Sucker Punch|p1a: Magnezone\n|-damage|p1a: Magnezone|80/258 brn\n|move|p1a: Magnezone|Thunderbolt|p2a: Cinderace\n|-damage|p2a: Cinderace|0 fnt\n|faint|p2a: Cinderace\n|\n|-damage|p1a: Magnezone|64/258 brn|[from] brn\n|upkeep\n|\n|t:|1771185836\n|switch|p2a: Girafarig|Girafarig, L89, M|269/269\n|turn|7\n|\n|t:|1771185841\n|move|p1a: Magnezone|Thunderbolt|p2a: Girafarig\n|-damage|p2a: Girafarig|169/269\n|move|p2a: Girafarig|Nasty Plot|p2a: Girafarig\n|-boost|p2a: Girafarig|spa|2\n|\n|-damage|p1a: Magnezone|48/258 brn|[from] brn\n|upkeep\n|turn|8\n|\n|t:|1771185858\n|move|p1a: Magnezone|Thunderbolt|p2a: Girafarig\n|-damage|p2a: Girafarig|69/269\n|move|p2a: Girafarig|Psyshock|p1a: Magnezone\n|-resisted|p1a: Magnezone\n|-damage|p1a: Magnezone|0 fnt\n|faint|p1a: Magnezone\n|\n|upkeep\n|\n|t:|1771185882\n|switch|p1a: Spectrier|Spectrier, L75|274/274\n|turn|9\n|\n|t:|1771185903\n|switch|p2a: Milotic|Milotic, L83, M|293/293\n|move|p1a: Spectrier|Dark Pulse|p2a: Milotic\n|-damage|p2a: Milotic|235/293\n|-damage|p1a: Spectrier|247/274|[from] item: Life Orb\n|\n|-heal|p2a: Milotic|253/293|[from] item: Leftovers\n|upkeep\n|turn|10\n|\n|t:|1771185912\n|switch|p1a: Golduck|Golduck, L90, F|261/290\n|-ability|p1a: Golduck|Cloud Nine\n|move|p2a: Milotic|Dragon Tail|p1a: Golduck\n|-damage|p1a: Golduck|231/290\n|drag|p1a: Spectrier|Spectrier, L75|247/274\n|\n|-heal|p2a: Milotic|271/293|[from] item: Leftovers\n|upkeep\n|turn|11\n|\n|t:|1771185924\n|move|p1a: Spectrier|Nasty Plot|p1a: Spectrier\n|-boost|p1a: Spectrier|spa|2\n|move|p2a: Milotic|Dragon Tail|p1a: Spectrier\n|-damage|p1a: Spectrier|203/274\n|drag|p1a: Hatterene|Hatterene, L85, F|236/236\n|\n|-heal|p2a: Milotic|289/293|[from] item: Leftovers\n|upkeep\n|turn|12\n|\n|t:|1771185930\n|switch|p2a: Munkidori|Munkidori, L79, M|208/269\n|move|p1a: Hatterene|Nuzzle|p2a: Munkidori\n|-damage|p2a: Munkidori|189/269\n|-status|p2a: Munkidori|par\n|\n|upkeep\n|turn|13\n|\n|t:|1771185940\n|move|p2a: Munkidori|Fake Out|p1a: Hatterene\n|-damage|p1a: Hatterene|217/236\n|-status|p1a: Hatterene|tox|[from] ability: Toxic Chain|[of] p2a: Munkidori\n|cant|p1a: Hatterene|flinch\n|\n|-damage|p1a: Hatterene|203/236 tox|[from] psn\n|upkeep\n|turn|14\n|\n|t:|1771185946\n|cant|p2a: Munkidori|par\n|move|p1a: Hatterene|Psychic Noise|p2a: Munkidori\n|-damage|p2a: Munkidori|114/269 par\n|-start|p2a: Munkidori|move: Heal Block\n|\n|-damage|p1a: Hatterene|175/236 tox|[from] psn\n|upkeep\n|turn|15\n|\n|t:|1771185954\n|switch|p1a: Golduck|Golduck, L90, F|231/290\n|-ability|p1a: Golduck|Cloud Nine\n|move|p2a: Munkidori|Sludge Wave|p1a: Golduck\n|-damage|p1a: Golduck|113/290\n|\n|-end|p2a: Munkidori|move: Heal Block\n|upkeep\n|turn|16\n|\n|t:|1771185975\n|move|p1a: Golduck|Nasty Plot|p1a: Golduck\n|-boost|p1a: Golduck|spa|2\n|move|p2a: Munkidori|Sludge Wave|p1a: Golduck\n|-damage|p1a: Golduck|1/290\n|\n|upkeep\n|turn|17\n|\n|t:|1771185982\n|switch|p2a: Milotic|Milotic, L83, M|289/293\n|move|p1a: Golduck|Hydro Pump|p2a: Milotic\n|-resisted|p2a: Milotic\n|-damage|p2a: Milotic|167/293\n|-damage|p1a: Golduck|0 fnt|[from] item: Life Orb\n|faint|p1a: Golduck\n|\n|-heal|p2a: Milotic|185/293|[from] item: Leftovers\n|upkeep\n|\n|t:|1771185993\n|switch|p1a: Mightyena|Mightyena, L96, F|290/290\n|-ability|p1a: Mightyena|Intimidate|boost\n|-unboost|p2a: Milotic|atk|1\n|-ability|p2a: Milotic|Competitive|boost\n|-boost|p2a: Milotic|spa|2\n|turn|18\n|\n|t:|1771186019\n|move|p1a: Mightyena|Throat Chop|p2a: Milotic\n|-damage|p2a: Milotic|28/293\n|-start|p2a: Milotic|Throat Chop|[silent]\n|move|p2a: Milotic|Scald|p1a: Mightyena\n|-damage|p1a: Mightyena|95/290\n|\n|-heal|p2a: Milotic|46/293|[from] item: Leftovers\n|upkeep\n|turn|19\n|\n|t:|1771186027\n|move|p1a: Mightyena|Throat Chop|p2a: Milotic\n|-damage|p2a: Milotic|0 fnt\n|faint|p2a: Milotic\n|\n|upkeep\n|inactive|Micael Lopes has 120 seconds left.\n|\n|t:|1771186064\n|switch|p2a: Rotom|Rotom-Fan, L86|147/226\n|turn|20\n|\n|t:|1771186086\n|move|p2a: Rotom|Will-O-Wisp|p1a: Mightyena\n|-status|p1a: Mightyena|brn\n|move|p1a: Mightyena|Throat Chop|p2a: Rotom\n|-damage|p2a: Rotom|84/226\n|-start|p2a: Rotom|Throat Chop|[silent]\n|\n|-damage|p1a: Mightyena|77/290 brn|[from] brn\n|upkeep\n|turn|21\n|\n|t:|1771186090\n|move|p2a: Rotom|Air Slash|p1a: Mightyena\n|-damage|p1a: Mightyena|0 fnt\n|faint|p1a: Mightyena\n|\n|-end|p2a: Rotom|Throat Chop|[silent]\n|upkeep\n|\n|t:|1771186095\n|switch|p1a: Spectrier|Spectrier, L75|203/274\n|turn|22\n|\n|t:|1771186099\n|switch|p2a: Cetitan|Cetitan, L82, F|413/413\n|move|p1a: Spectrier|Nasty Plot|p1a: Spectrier\n|-boost|p1a: Spectrier|spa|2\n|\n|upkeep\n|turn|23\n|\n|t:|1771186106\n|move|p1a: Spectrier|Shadow Ball|p2a: Cetitan\n|-damage|p2a: Cetitan|49/413\n|-damage|p1a: Spectrier|176/274|[from] item: Life Orb\n|move|p2a: Cetitan|Icicle Crash|p1a: Spectrier\n|-damage|p1a: Spectrier|0 fnt\n|faint|p1a: Spectrier\n|\n|upkeep\n|\n|t:|1771186119\n|switch|p1a: Dondozo|Dondozo, L78, F|362/362\n|turn|24\n|\n|t:|1771186134\n|switch|p2a: Munkidori|Munkidori, L79, M|114/269 par\n|move|p1a: Dondozo|Curse|p1a: Dondozo\n|-unboost|p1a: Dondozo|spe|1\n|-boost|p1a: Dondozo|atk|1\n|-boost|p1a: Dondozo|def|1\n|\n|upkeep\n|turn|25\n|\n|t:|1771186139\n|move|p2a: Munkidori|Psychic Noise|p1a: Dondozo\n|-damage|p1a: Dondozo|235/362\n|-start|p1a: Dondozo|move: Heal Block\n|move|p1a: Dondozo|Wave Crash|p2a: Munkidori\n|-damage|p2a: Munkidori|0 fnt\n|faint|p2a: Munkidori\n|-damage|p1a: Dondozo|197/362|[from] Recoil\n|\n|upkeep\n|\n|t:|1771186143\n|switch|p2a: Rotom|Rotom-Fan, L86|84/226\n|turn|26\n|\n|t:|1771186149\n|switch|p1a: Hatterene|Hatterene, L85, F|175/236 tox\n|move|p2a: Rotom|Will-O-Wisp|p1a: Hatterene\n|move|p1a: Hatterene|Will-O-Wisp|p2a: Rotom|[from] ability: Magic Bounce\n|-status|p2a: Rotom|brn\n|\n|-damage|p1a: Hatterene|161/236 tox|[from] psn\n|-damage|p2a: Rotom|70/226 brn|[from] brn\n|upkeep\n|turn|27\n|\n|t:|1771186159\n|move|p2a: Rotom|Thunderbolt|p1a: Hatterene\n|-damage|p1a: Hatterene|101/236 tox\n|move|p1a: Hatterene|Draining Kiss|p2a: Rotom\n|-damage|p2a: Rotom|7/226 brn\n|-heal|p1a: Hatterene|148/236 tox|[from] drain|[of] p2a: Rotom\n|\n|-damage|p1a: Hatterene|120/236 tox|[from] psn\n|-damage|p2a: Rotom|0 fnt|[from] brn\n|faint|p2a: Rotom\n|upkeep\n|\n|t:|1771186177\n|switch|p2a: Cetitan|Cetitan, L82, F|49/413\n|turn|28\n|\n|t:|1771186187\n|-terastallize|p1a: Hatterene|Steel\n|move|p2a: Cetitan|Icicle Crash|p1a: Hatterene\n|-resisted|p1a: Hatterene\n|-damage|p1a: Hatterene|50/236 tox\n|move|p1a: Hatterene|Draining Kiss|p2a: Cetitan\n|-damage|p2a: Cetitan|0 fnt\n|-heal|p1a: Hatterene|87/236 tox|[from] drain|[of] p2a: Cetitan\n|faint|p2a: Cetitan\n|\n|-damage|p1a: Hatterene|45/236 tox|[from] psn\n|upkeep\n|\n|t:|1771186191\n|switch|p2a: Girafarig|Girafarig, L89, M|69/269\n|turn|29\n|\n|t:|1771186196\n|-terastallize|p2a: Girafarig|Electric\n|move|p2a: Girafarig|Thunderbolt|p1a: Hatterene\n|-damage|p1a: Hatterene|0 fnt\n|faint|p1a: Hatterene\n|\n|upkeep\n|\n|t:|1771186199\n|switch|p1a: Dondozo|Dondozo, L78, F|197/362\n|turn|30\n|\n|t:|1771186201\n|move|p2a: Girafarig|Thunderbolt|p1a: Dondozo\n|-supereffective|p1a: Dondozo\n|-damage|p1a: Dondozo|0 fnt\n|faint|p1a: Dondozo\n|\n|win|Micael Lopes\n|raw|achamoco's rating: 1738 &rarr; <strong>1719</strong><br />(-19 for losing)\n|raw|Micael Lopes's rating: 1754 &rarr; <strong>1773</strong><br />(+19 for winning)\n|l|‽achamoco\n|player|p1|\n|c|☆Micael Lopes|**__Sexy game.__**\n", "inputlog": ">version 686819e5e19f8a7fd2345cfc5a08a5085efa2cc3\n>start {\"formatid\":\"gen9randombattle\",\"seed\":\"sodium,e1819a31c2478f9a63fe7795d1db3a30\",\"rated\":\"Rated battle\"}\n>player p1 {\"name\":\"achamoco\",\"avatar\":\"morty-masters3\",\"rating\":1738,\"seed\":\"sodium,17e32bcb018088ff2ac3b84cfa26603d\"}\n>player p2 {\"name\":\"Micael Lopes\",\"avatar\":\"benga\",\"rating\":1731,\"seed\":\"sodium,3707f54b2f6658585f6414497a7eb602\"}\n>p1 switch 6\n>p2 move willowisp\n>p1 move voltswitch\n>p2 move nastyplot\n>p1 switch 6\n>p1 move icebeam\n>p2 switch 4\n>p1 switch 6\n>p2 move uturn\n>p2 switch 3\n>p1 move thunderbolt\n>p2 move suckerpunch\n>p1 move thunderbolt\n>p2 move suckerpunch\n>p2 switch 5\n>p1 move thunderbolt\n>p2 move nastyplot\n>p1 move thunderbolt\n>p2 move psyshock\n>p1 switch 4\n>p1 move darkpulse\n>p2 switch 2\n>p1 switch 6\n>p2 move dragontail\n>p1 move nastyplot\n>p2 move dragontail\n>p1 move nuzzle\n>p2 switch 3\n>p1 move psychicnoise\n>p2 move fakeout\n>p1 move psychicnoise\n>p2 move sludgewave\n>p1 switch 6\n>p2 move sludgewave\n>p1 move nastyplot\n>p2 move sludgewave\n>p1 move hydropump\n>p2 switch 3\n>p1 switch 5\n>p1 move throatchop\n>p2 move scald\n>p1 move throatchop\n>p2 move scald\n>p2 switch 4\n>p1 move throatchop\n>p2 move willowisp\n>p1 move throatchop\n>p2 move airslash\n>p1 switch 3\n>p1 move nastyplot\n>p2 switch 6\n>p1 move shadowball\n>p2 move iciclecrash\n>p1 switch 2\n>p1 move curse\n>p2 switch 3\n>p1 move wavecrash\n>p2 move psychicnoise\n>p2 switch 6\n>p1 switch 6\n>p2 move willowisp\n>p1 move drainingkiss\n>p2 move thunderbolt\n>p2 switch 3\n>p1 move drainingkiss terastallize\n>p2 move iciclecrash\n>p2 switch 2\n>p1 move nuzzle\n>p2 move thunderbolt terastallize\n>p1 switch 6\n>p1 move wavecrash\n>p2 move thunderbolt", "uploadtime": 1771186231, "views": 10, "formatid": "gen9randombattle", "rating": 1719, "private": 0, "password": null}