{"id": "gen9randombattle-2540139983", "format": "[Gen 9] Random Battle", "players": ["UnviaSai", "BlitzBurn1992"], "log": "|badge|p2|bronze|gen9randombattle|100-8\n|uhtml|medal-msg|<div class=\"broadcast-blue\">Curious what those medals under the avatar are? PS now has Ladder Seasons! For more information, check out the <a href=\"https://www.smogon.com/forums/threads/3740067/\">thread on Smogon.</a></div>\n|j|☆UnviaSai\n|j|☆BlitzBurn1992\n|t:|1771167565\n|gametype|singles\n|player|p1|UnviaSai|unknown|2183\n|player|p2|BlitzBurn1992|170|2352\n|gen|9\n|tier|[Gen 9] Random Battle\n|rated|\n|rule|Species Clause: Limit one of each Pokémon\n|rule|HP Percentage Mod: HP is shown in percentages\n|rule|Sleep Clause Mod: Limit one foe put to sleep\n|rule|Illusion Level Mod: Illusion disguises the Pokémon's true level\n|\n|t:|1771167565\n|teamsize|p1|6\n|teamsize|p2|6\n|start\n|switch|p1a: Lucario|Lucario, L84, M|255/255\n|switch|p2a: Honchkrow|Honchkrow, L86, F|312/312\n|turn|1\n|inactive|Battle timer is ON: inactive players will automatically lose when time's up. (requested by UnviaSai)\n|\n|t:|1771167591\n|switch|p1a: Thundurus|Thundurus-Therian, L80, M|258/258\n|move|p2a: Honchkrow|Heat Wave|p1a: Thundurus\n|-damage|p1a: Thundurus|167/258\n|\n|upkeep\n|turn|2\n|\n|t:|1771167598\n|switch|p2a: Kilowattrel|Kilowattrel, L83, F|252/252\n|move|p1a: Thundurus|Thunderbolt|p2a: Kilowattrel\n|-immune|p2a: Kilowattrel|[from] ability: Volt Absorb\n|\n|upkeep\n|turn|3\n|\n|t:|1771167606\n|switch|p1a: Froslass|Froslass, L87, F|263/263\n|move|p2a: Kilowattrel|U-turn|p1a: Froslass\n|-resisted|p1a: Froslass\n|-damage|p1a: Froslass|240/263\n|\n|t:|1771167617\n|switch|p2a: Forretress|Forretress, L84, F|263/263|[from] U-turn\n|\n|upkeep\n|turn|4\n|\n|t:|1771167622\n|move|p1a: Froslass|Will-O-Wisp|p2a: Forretress\n|-status|p2a: Forretress|brn\n|move|p2a: Forretress|Thunder Wave|p1a: Froslass\n|-status|p1a: Froslass|par\n|\n|-damage|p2a: Forretress|247/263 brn|[from] brn\n|upkeep\n|turn|5\n|\n|t:|1771167634\n|switch|p1a: Gengar|Gengar, L81, M|230/230\n|move|p2a: Forretress|Spikes|p1a: Gengar\n|-sidestart|p1: UnviaSai|Spikes\n|\n|-heal|p2a: Forretress|263/263 brn|[from] item: Leftovers\n|-damage|p2a: Forretress|247/263 brn|[from] brn\n|upkeep\n|turn|6\n|\n|t:|1771167650\n|move|p1a: Gengar|Shadow Ball|p2a: Forretress\n|-damage|p2a: Forretress|64/263 brn\n|-unboost|p2a: Forretress|spd|1\n|-damage|p1a: Gengar|207/230|[from] item: Life Orb\n|move|p2a: Forretress|Spikes|p1a: Gengar\n|-sidestart|p1: UnviaSai|Spikes\n|\n|-heal|p2a: Forretress|80/263 brn|[from] item: Leftovers\n|-damage|p2a: Forretress|64/263 brn|[from] brn\n|upkeep\n|turn|7\n|\n|t:|1771167660\n|move|p1a: Gengar|Shadow Ball|p2a: Forretress\n|-damage|p2a: Forretress|0 fnt\n|faint|p2a: Forretress\n|-damage|p1a: Gengar|184/230|[from] item: Life Orb\n|\n|upkeep\n|\n|t:|1771167666\n|switch|p2a: Honchkrow|Honchkrow, L86, F|312/312\n|turn|8\n|\n|t:|1771167669\n|move|p1a: Gengar|Encore||[still]\n|-fail|p1a: Gengar\n|move|p2a: Honchkrow|Brave Bird|p1a: Gengar\n|-damage|p1a: Gengar|0 fnt\n|faint|p1a: Gengar\n|-ability|p2a: Honchkrow|Moxie|boost\n|-boost|p2a: Honchkrow|atk|1\n|-damage|p2a: Honchkrow|251/312|[from] Recoil\n|\n|upkeep\n|\n|t:|1771167672\n|switch|p1a: Whimsicott|Whimsicott, L84, F|238/238\n|-damage|p1a: Whimsicott|199/238|[from] Spikes\n|turn|9\n|\n|t:|1771167676\n|switch|p2a: Excadrill|Excadrill, L79, F|303/303\n|-ability|p2a: Excadrill|Mold Breaker\n|move|p1a: Whimsicott|Moonblast|p2a: Excadrill\n|-resisted|p2a: Excadrill\n|-damage|p2a: Excadrill|247/303\n|\n|-heal|p1a: Whimsicott|213/238|[from] item: Leftovers\n|-heal|p2a: Excadrill|265/303|[from] item: Leftovers\n|upkeep\n|turn|10\n|\n|t:|1771167684\n|move|p1a: Whimsicott|Leech Seed|p2a: Excadrill\n|-start|p2a: Excadrill|move: Leech Seed\n|move|p2a: Excadrill|Iron Head|p1a: Whimsicott\n|-supereffective|p1a: Whimsicott\n|-damage|p1a: Whimsicott|27/238\n|\n|-heal|p1a: Whimsicott|41/238|[from] item: Leftovers\n|-heal|p2a: Excadrill|283/303|[from] item: Leftovers\n|-damage|p2a: Excadrill|246/303|[from] Leech Seed|[of] p1a: Whimsicott\n|-heal|p1a: Whimsicott|78/238|[silent]\n|upkeep\n|turn|11\n|\n|t:|1771167690\n|switch|p1a: Thundurus|Thundurus-Therian, L80, M|167/258\n|move|p2a: Excadrill|Rapid Spin|p1a: Thundurus\n|-damage|p1a: Thundurus|117/258\n|-boost|p2a: Excadrill|spe|1\n|-end|p2a: Excadrill|Leech Seed|[from] move: Rapid Spin|[of] p2a: Excadrill\n|\n|-heal|p2a: Excadrill|264/303|[from] item: Leftovers\n|upkeep\n|turn|12\n|\n|t:|1771167698\n|switch|p2a: Kilowattrel|Kilowattrel, L83, F|252/252\n|move|p1a: Thundurus|Psychic|p2a: Kilowattrel\n|-damage|p2a: Kilowattrel|148/252\n|\n|upkeep\n|turn|13\n|\n|t:|1771167717\n|move|p1a: Thundurus|Psychic|p2a: Kilowattrel\n|-damage|p2a: Kilowattrel|31/252\n|move|p2a: Kilowattrel|Hurricane|p1a: Thundurus|[miss]\n|-miss|p2a: Kilowattrel|p1a: Thundurus\n|\n|upkeep\n|turn|14\n|\n|t:|1771167722\n|switch|p2a: Honchkrow|Honchkrow, L86, F|251/312\n|move|p1a: Thundurus|Psychic|p2a: Honchkrow\n|-immune|p2a: Honchkrow\n|\n|upkeep\n|turn|15\n|\n|t:|1771167727\n|move|p1a: Thundurus|Psychic|p2a: Honchkrow\n|-immune|p2a: Honchkrow\n|move|p2a: Honchkrow|Brave Bird|p1a: Thundurus\n|-resisted|p1a: Thundurus\n|-damage|p1a: Thundurus|14/258\n|-damage|p2a: Honchkrow|217/312|[from] Recoil\n|\n|upkeep\n|turn|16\n|\n|t:|1771167736\n|switch|p1a: Froslass|Froslass, L87, F|240/263 par\n|-damage|p1a: Froslass|197/263 par|[from] Spikes\n|move|p2a: Honchkrow|U-turn|p1a: Froslass\n|-resisted|p1a: Froslass\n|-damage|p1a: Froslass|160/263 par\n|-start|p2a: Honchkrow|Disable|U-turn|[from] ability: Cursed Body|[of] p1a: Froslass\n|\n|t:|1771167743\n|switch|p2a: Excadrill|Excadrill, L79, F|264/303|[from] U-turn\n|-ability|p2a: Excadrill|Mold Breaker\n|\n|-heal|p2a: Excadrill|282/303|[from] item: Leftovers\n|upkeep\n|turn|17\n|\n|t:|1771167753\n|move|p2a: Excadrill|Iron Head|p1a: Froslass\n|-supereffective|p1a: Froslass\n|-damage|p1a: Froslass|0 fnt\n|faint|p1a: Froslass\n|\n|-heal|p2a: Excadrill|300/303|[from] item: Leftovers\n|upkeep\n|\n|t:|1771167759\n|switch|p1a: Lucario|Lucario, L84, M|255/255\n|-damage|p1a: Lucario|213/255|[from] Spikes\n|turn|18\n|\n|t:|1771167772\n|switch|p2a: Exeggutor|Exeggutor-Alola, L89, F|314/314\n|-item|p1a: Lucario|Choice Band|[from] ability: Frisk|[of] p2a: Exeggutor\n|move|p1a: Lucario|Close Combat|p2a: Exeggutor\n|-damage|p2a: Exeggutor|119/314\n|-unboost|p1a: Lucario|def|1\n|-unboost|p1a: Lucario|spd|1\n|\n|upkeep\n|turn|19\n|\n|t:|1771167779\n|move|p1a: Lucario|Close Combat|p2a: Exeggutor\n|-damage|p2a: Exeggutor|0 fnt\n|-unboost|p1a: Lucario|def|1\n|-unboost|p1a: Lucario|spd|1\n|faint|p2a: Exeggutor\n|\n|upkeep\n|inactive|BlitzBurn1992 has 120 seconds left.\n|\n|t:|1771167809\n|switch|p2a: Keldeo|Keldeo-Resolute, L79|273/273\n|turn|20\n|\n|t:|1771167814\n|switch|p1a: Thundurus|Thundurus-Therian, L80, M|14/258\n|move|p2a: Keldeo|Surf|p1a: Thundurus\n|-damage|p1a: Thundurus|0 fnt\n|faint|p1a: Thundurus\n|\n|upkeep\n|\n|t:|1771167821\n|switch|p1a: Whimsicott|Whimsicott, L84, F|78/238\n|-damage|p1a: Whimsicott|39/238|[from] Spikes\n|turn|21\n|\n|t:|1771167830\n|switch|p1a: Lucario|Lucario, L84, M|213/255\n|-damage|p1a: Lucario|171/255|[from] Spikes\n|move|p2a: Keldeo|Secret Sword|p1a: Lucario\n|-supereffective|p1a: Lucario\n|-damage|p1a: Lucario|0 fnt\n|faint|p1a: Lucario\n|\n|upkeep\n|\n|t:|1771167833\n|switch|p1a: Whimsicott|Whimsicott, L84, F|39/238\n|-damage|p1a: Whimsicott|0 fnt|[from] Spikes\n|faint|p1a: Whimsicott\n|-message|UnviaSai forfeited.\n|\n|win|BlitzBurn1992\n|raw|UnviaSai's rating: 2183 &rarr; <strong>2172</strong><br />(-11 for losing)\n|raw|BlitzBurn1992's rating: 2352 &rarr; <strong>2363</strong><br />(+11 for winning)\n|l|☆UnviaSai\n|player|p1|\n", "inputlog": ">version 686819e5e19f8a7fd2345cfc5a08a5085efa2cc3\n>start {\"formatid\":\"gen9randombattle\",\"seed\":\"sodium,35552392f1dc3b166d50c3ef31f5e4cb\",\"rated\":\"Rated battle\"}\n>player p1 {\"name\":\"UnviaSai\",\"avatar\":\"unknown\",\"rating\":2183,\"seed\":\"sodium,d0e80919fcf2ccbc7bb2718166832de1\"}\n>player p2 {\"name\":\"BlitzBurn1992\",\"avatar\":\"170\",\"rating\":2352,\"seed\":\"sodium,7d224ecbc5fff19352a548345c88468e\"}\n>p1 switch 2\n>p2 move heatwave\n>p1 move thunderbolt\n>p2 switch 2\n>p1 switch 5\n>p2 move uturn\n>p2 switch 3\n>p1 move willowisp\n>p2 move thunderwave\n>p1 switch 3\n>p2 move spikes\n>p1 move shadowball\n>p2 move spikes\n>p1 move shadowball\n>p2 move thunderwave\n>p2 switch 2\n>p1 move encore\n>p2 move bravebird\n>p1 switch 6\n>p1 move moonblast\n>p2 switch 6\n>p1 move leechseed\n>p2 move ironhead\n>p1 switch 5\n>p2 move rapidspin\n>p1 move psychic\n>p2 switch 3\n>p1 move psychic\n>p2 move hurricane\n>p1 move psychic\n>p2 switch 6\n>p1 move psychic\n>p2 move bravebird\n>p1 switch 3\n>p2 move uturn\n>p2 switch 3\n>p1 move willowisp\n>p2 move ironhead\n>p1 switch 2\n>p1 move closecombat\n>p2 switch 4\n>p1 move closecombat\n>p2 move flamethrower\n>p2 switch 5\n>p1 switch 3\n>p2 move surf\n>p1 switch 5\n>p1 switch 3\n>p2 move secretsword\n>p1 switch 3\n>forcelose p1", "uploadtime": 1771167855, "views": 15, "formatid": "gen9randombattle", "rating": 2172, "private": 0, "password": null}