{"id": "gen9randombattle-2540097642", "format": "[Gen 9] Random Battle", "players": ["yusei1789", "Dghfff"], "log": "|j|☆yusei1789\n|j|☆Dghfff\n|t:|1771161376\n|gametype|singles\n|player|p1|yusei1789|1|2320\n|player|p2|Dghfff|101|2287\n|gen|9\n|tier|[Gen 9] Random Battle\n|rated|\n|rule|Species Clause: Limit one of each Pokémon\n|rule|HP Percentage Mod: HP is shown in percentages\n|rule|Sleep Clause Mod: Limit one foe put to sleep\n|rule|Illusion Level Mod: Illusion disguises the Pokémon's true level\n|\n|t:|1771161376\n|teamsize|p1|6\n|teamsize|p2|6\n|start\n|switch|p1a: Dugtrio|Dugtrio, L84, F|196/196\n|switch|p2a: Iron Crown|Iron Crown, L78|268/268\n|turn|1\n|inactive|Battle timer is ON: inactive players will automatically lose when time's up. (requested by yusei1789)\n|\n|t:|1771161392\n|move|p1a: Dugtrio|Earthquake|p2a: Iron Crown\n|-supereffective|p2a: Iron Crown\n|-damage|p2a: Iron Crown|0 fnt\n|faint|p2a: Iron Crown\n|-end|p2a: Iron Crown|Quark Drive|[silent]\n|\n|upkeep\n|\n|t:|1771161397\n|switch|p2a: Ogerpon|Ogerpon, L80, F|259/259\n|turn|2\n|\n|t:|1771161404\n|switch|p1a: Scizor|Scizor, L79, M|240/240\n|move|p2a: Ogerpon|Swords Dance|p2a: Ogerpon\n|-boost|p2a: Ogerpon|atk|2\n|\n|upkeep\n|turn|3\n|\n|t:|1771161416\n|move|p1a: Scizor|Bullet Punch|p2a: Ogerpon\n|-damage|p2a: Ogerpon|162/259\n|-damage|p1a: Scizor|216/240|[from] item: Life Orb\n|move|p2a: Ogerpon|Knock Off|p1a: Scizor\n|-damage|p1a: Scizor|24/240\n|-enditem|p1a: Scizor|Life Orb|[from] move: Knock Off|[of] p2a: Ogerpon\n|-damage|p2a: Ogerpon|137/259|[from] item: Life Orb\n|\n|upkeep\n|turn|4\n|\n|t:|1771161432\n|move|p2a: Ogerpon|Knock Off|p1a: Scizor\n|-damage|p1a: Scizor|0 fnt\n|faint|p1a: Scizor\n|-damage|p2a: Ogerpon|112/259|[from] item: Life Orb\n|\n|upkeep\n|\n|t:|1771161440\n|switch|p1a: Cinccino|Cinccino, L83, F|260/260\n|turn|5\n|\n|t:|1771161444\n|-terastallize|p2a: Ogerpon|Grass\n|detailschange|p2a: Ogerpon|Ogerpon-Teal-Tera, L80, F, tera:Grass\n|-ability|p2a: Ogerpon|Embody Aspect (Teal)|boost\n|-boost|p2a: Ogerpon|spe|1\n|move|p2a: Ogerpon|Ivy Cudgel|p1a: Cinccino\n|-damage|p1a: Cinccino|0 fnt\n|faint|p1a: Cinccino\n|-damage|p2a: Ogerpon|87/259|[from] item: Life Orb\n|\n|upkeep\n|\n|t:|1771161454\n|switch|p1a: Breloom|Breloom, L83, F|235/235\n|turn|6\n|\n|t:|1771161463\n|move|p1a: Breloom|Mach Punch|p2a: Ogerpon\n|-damage|p2a: Ogerpon|0 fnt\n|faint|p2a: Ogerpon\n|detailschange|p2: Ogerpon|Ogerpon, L80, F|[silent]\n|-damage|p1a: Breloom|212/235|[from] item: Life Orb\n|\n|upkeep\n|\n|t:|1771161467\n|switch|p2a: Arcanine|Arcanine, L84, M|288/288\n|-ability|p2a: Arcanine|Intimidate|boost\n|-unboost|p1a: Breloom|atk|1\n|turn|7\n|\n|t:|1771161471\n|switch|p1a: Lumineon|Lumineon, L93, M|279/279\n|move|p2a: Arcanine|Flare Blitz|p1a: Lumineon\n|-resisted|p1a: Lumineon\n|-damage|p1a: Lumineon|209/279\n|-damage|p2a: Arcanine|265/288|[from] Recoil\n|\n|upkeep\n|turn|8\n|\n|t:|1771161485\n|switch|p2a: Zangoose|Zangoose, L85, M|263/263\n|move|p1a: Lumineon|Hydro Pump|p2a: Zangoose\n|-damage|p2a: Zangoose|68/263\n|-damage|p1a: Lumineon|182/279|[from] item: Life Orb\n|\n|-status|p2a: Zangoose|tox|[from] item: Toxic Orb\n|upkeep\n|turn|9\n|\n|t:|1771161495\n|move|p2a: Zangoose|Quick Attack|p1a: Lumineon\n|-damage|p1a: Lumineon|104/279\n|move|p1a: Lumineon|Ice Beam|p2a: Zangoose\n|-damage|p2a: Zangoose|0 fnt\n|faint|p2a: Zangoose\n|-damage|p1a: Lumineon|77/279|[from] item: Life Orb\n|\n|upkeep\n|\n|t:|1771161500\n|switch|p2a: Morpeko|Morpeko, L88, F|245/245\n|turn|10\n|\n|t:|1771161512\n|move|p1a: Lumineon|Alluring Voice|p2a: Morpeko\n|-supereffective|p2a: Morpeko\n|-damage|p2a: Morpeko|76/245\n|-damage|p1a: Lumineon|50/279|[from] item: Life Orb\n|move|p2a: Morpeko|Rapid Spin|p1a: Lumineon\n|-damage|p1a: Lumineon|14/279\n|-boost|p2a: Morpeko|spe|1\n|\n|-heal|p2a: Morpeko|91/245|[from] item: Leftovers\n|-formechange|p2a: Morpeko|Morpeko-Hangry||[from] ability: Hunger Switch\n|upkeep\n|turn|11\n|\n|t:|1771161520\n|move|p2a: Morpeko|Knock Off|p1a: Lumineon\n|-damage|p1a: Lumineon|0 fnt\n|-enditem|p1a: Lumineon|Life Orb|[from] move: Knock Off|[of] p2a: Morpeko\n|faint|p1a: Lumineon\n|\n|-heal|p2a: Morpeko|106/245|[from] item: Leftovers\n|-formechange|p2a: Morpeko|Morpeko||[from] ability: Hunger Switch\n|upkeep\n|\n|t:|1771161523\n|switch|p1a: Breloom|Breloom, L83, F|212/235\n|turn|12\n|\n|t:|1771161526\n|switch|p2a: Arcanine|Arcanine, L84, M|265/288\n|-ability|p2a: Arcanine|Intimidate|boost\n|-unboost|p1a: Breloom|atk|1\n|move|p1a: Breloom|Mach Punch|p2a: Arcanine\n|-damage|p2a: Arcanine|191/288\n|-damage|p1a: Breloom|189/235|[from] item: Life Orb\n|\n|upkeep\n|turn|13\n|\n|t:|1771161534\n|switch|p1a: Basculin|Basculin, L86, M|261/261\n|move|p2a: Arcanine|Flare Blitz|p1a: Basculin\n|-resisted|p1a: Basculin\n|-damage|p1a: Basculin|171/261\n|-damage|p2a: Arcanine|161/288|[from] Recoil\n|\n|upkeep\n|turn|14\n|\n|t:|1771161544\n|move|p2a: Arcanine|Extreme Speed|p1a: Basculin\n|-damage|p1a: Basculin|93/261\n|move|p1a: Basculin|Flip Turn|p2a: Arcanine\n|-supereffective|p2a: Arcanine\n|-damage|p2a: Arcanine|0 fnt\n|faint|p2a: Arcanine\n|\n|t:|1771161551\n|switch|p1a: Breloom|Breloom, L83, F|189/235|[from] Flip Turn\n|\n|upkeep\n|\n|t:|1771161555\n|switch|p2a: Garchomp|Garchomp, L74, M|282/282\n|turn|15\n|\n|t:|1771161560\n|move|p2a: Garchomp|Scale Shot|p1a: Breloom\n|-damage|p1a: Breloom|161/235\n|-damage|p1a: Breloom|130/235\n|-damage|p1a: Breloom|97/235\n|-damage|p1a: Breloom|69/235\n|-damage|p1a: Breloom|42/235\n|-hitcount|p1a: Breloom|5\n|-unboost|p2a: Garchomp|def|1\n|-boost|p2a: Garchomp|spe|1\n|move|p1a: Breloom|Spore|p2a: Garchomp\n|-status|p2a: Garchomp|slp|[from] move: Spore\n|\n|upkeep\n|turn|16\n|\n|t:|1771161576\n|cant|p2a: Garchomp|slp\n|move|p1a: Breloom|Rock Tomb|p2a: Garchomp\n|-resisted|p2a: Garchomp\n|-damage|p2a: Garchomp|198/282 slp\n|-unboost|p2a: Garchomp|spe|1\n|-damage|p1a: Breloom|19/235|[from] item: Life Orb\n|\n|upkeep\n|turn|17\n|\n|t:|1771161581\n|move|p1a: Breloom|Mach Punch|p2a: Garchomp\n|-damage|p2a: Garchomp|23/282 slp\n|-damage|p1a: Breloom|0 fnt|[from] ability: Rough Skin|[of] p2a: Garchomp\n|faint|p1a: Breloom\n|-curestatus|p2a: Garchomp|slp|[msg]\n|move|p2a: Garchomp|Scale Shot|p1: Breloom|[notarget]\n|-fail|p2a: Garchomp\n|\n|upkeep\n|\n|t:|1771161586\n|switch|p1a: Dugtrio|Dugtrio, L84, F|196/196\n|turn|18\n|\n|t:|1771161594\n|move|p1a: Dugtrio|Earthquake|p2a: Garchomp\n|-damage|p2a: Garchomp|0 fnt\n|faint|p2a: Garchomp\n|\n|upkeep\n|\n|t:|1771161596\n|switch|p2a: Morpeko|Morpeko, L88, F|106/245\n|turn|19\n|\n|t:|1771161601\n|move|p1a: Dugtrio|Earthquake|p2a: Morpeko\n|-supereffective|p2a: Morpeko\n|-damage|p2a: Morpeko|0 fnt\n|faint|p2a: Morpeko\n|\n|win|yusei1789\n|raw|yusei1789's rating: 2320 &rarr; <strong>2338</strong><br />(+18 for winning)\n|raw|Dghfff's rating: 2287 &rarr; <strong>2269</strong><br />(-18 for losing)\n", "inputlog": ">version 686819e5e19f8a7fd2345cfc5a08a5085efa2cc3\n>start {\"formatid\":\"gen9randombattle\",\"seed\":\"sodium,69c63ff9c54bba58838fd8bd9263c679\",\"rated\":\"Rated battle\"}\n>player p1 {\"name\":\"yusei1789\",\"avatar\":\"1\",\"rating\":2320,\"seed\":\"sodium,1579c04137a1c831467583b094390e72\"}\n>player p2 {\"name\":\"Dghfff\",\"avatar\":\"101\",\"rating\":2287,\"seed\":\"sodium,a5a8edf35f0e1e14e11b6337f5dbc3e3\"}\n>p1 move earthquake\n>p2 move tachyoncutter\n>p2 switch 5\n>p1 switch 6\n>p2 move swordsdance\n>p1 move bulletpunch\n>p2 move knockoff\n>p1 move closecombat\n>p2 move knockoff\n>p1 switch 5\n>p1 move tailslap\n>p2 move ivycudgel terastallize\n>p1 switch 3\n>p1 move machpunch\n>p2 move superpower\n>p2 switch 4\n>p1 switch 4\n>p2 move flareblitz\n>p1 move hydropump\n>p2 switch 3\n>p1 move icebeam\n>p2 move quickattack\n>p2 switch 2\n>p1 move alluringvoice\n>p2 move rapidspin\n>p1 move alluringvoice\n>p2 move knockoff\n>p1 switch 4\n>p1 move machpunch\n>p2 switch 3\n>p1 switch 2\n>p2 move flareblitz\n>p1 move flipturn\n>p2 move extremespeed\n>p1 switch 2\n>p2 switch 6\n>p1 move spore\n>p2 move scaleshot\n>p1 move rocktomb\n>p2 move swordsdance\n>p1 move machpunch\n>p2 move scaleshot\n>p1 switch 6\n>p1 move earthquake\n>p2 move earthquake\n>p2 switch 3\n>p1 move earthquake\n>p2 move rapidspin", "uploadtime": 1771161607, "views": 16, "formatid": "gen9randombattle", "rating": 2269, "private": 0, "password": null}