{"id": "gen9randombattle-2540779668", "format": "[Gen 9] Random Battle", "players": ["yoki", "AmroE13"], "log": "|j|☆yoki\n|j|☆AmroE13\n|t:|1771253122\n|gametype|singles\n|player|p1|yoki|1|1871\n|player|p2|AmroE13|2|1925\n|gen|9\n|tier|[Gen 9] Random Battle\n|rated|\n|rule|Species Clause: Limit one of each Pokémon\n|rule|HP Percentage Mod: HP is shown in percentages\n|rule|Sleep Clause Mod: Limit one foe put to sleep\n|rule|Illusion Level Mod: Illusion disguises the Pokémon's true level\n|\n|t:|1771253122\n|teamsize|p1|6\n|teamsize|p2|6\n|start\n|switch|p1a: Grumpig|Grumpig, L92, M|297/297\n|switch|p2a: Dragapult|Dragapult, L77, F|262/262\n|turn|1\n|inactive|Battle timer is ON: inactive players will automatically lose when time's up. (requested by yoki)\n|\n|t:|1771253155\n|switch|p1a: Ursaring|Ursaring, L84, M|288/288\n|move|p2a: Dragapult|U-turn|p1a: Ursaring\n|-damage|p1a: Ursaring|230/288\n|\n|t:|1771253171\n|switch|p2a: Mew|Mew, L82|298/298|[from] U-turn\n|\n|-status|p1a: Ursaring|tox|[from] item: Toxic Orb\n|upkeep\n|turn|2\n|\n|t:|1771253186\n|move|p2a: Mew|Nasty Plot|p2a: Mew\n|-boost|p2a: Mew|spa|2\n|move|p1a: Ursaring|Facade|p2a: Mew\n|-damage|p2a: Mew|129/298\n|\n|-damage|p1a: Ursaring|212/288 tox|[from] psn\n|upkeep\n|turn|3\n|\n|t:|1771253194\n|move|p2a: Mew|Aura Sphere|p1a: Ursaring\n|-supereffective|p1a: Ursaring\n|-damage|p1a: Ursaring|0 fnt\n|faint|p1a: Ursaring\n|-damage|p2a: Mew|100/298|[from] item: Life Orb\n|\n|upkeep\n|\n|t:|1771253202\n|switch|p1a: Persian|Persian-Alola, L86, F|252/252\n|turn|4\n|\n|t:|1771253209\n|switch|p2a: Pachirisu|Pachirisu, L96, M|271/271\n|move|p1a: Persian|Foul Play|p2a: Pachirisu\n|-damage|p2a: Pachirisu|195/271\n|\n|upkeep\n|turn|5\n|\n|t:|1771253217\n|move|p1a: Persian|Parting Shot|p2a: Pachirisu\n|-unboost|p2a: Pachirisu|atk|1\n|-unboost|p2a: Pachirisu|spa|1\n|\n|t:|1771253224\n|switch|p1a: Registeel|Registeel, L81|262/262|[from] Parting Shot\n|move|p2a: Pachirisu|Nuzzle|p1a: Registeel\n|-damage|p1a: Registeel|253/262\n|-status|p1a: Registeel|par\n|\n|-heal|p1a: Registeel|262/262 par|[from] item: Leftovers\n|upkeep\n|turn|6\n|\n|t:|1771253234\n|move|p2a: Pachirisu|U-turn|p1a: Registeel\n|-resisted|p1a: Registeel\n|-damage|p1a: Registeel|254/262 par\n|\n|t:|1771253237\n|switch|p2a: Cinderace|Cinderace, L77, M|249/249|[from] U-turn\n|cant|p1a: Registeel|par\n|\n|-heal|p1a: Registeel|262/262 par|[from] item: Leftovers\n|upkeep\n|turn|7\n|\n|t:|1771253246\n|switch|p1a: Grumpig|Grumpig, L92, M|297/297\n|move|p2a: Cinderace|Pyro Ball|p1a: Grumpig\n|-damage|p1a: Grumpig|224/297\n|\n|-heal|p1a: Grumpig|242/297|[from] item: Leftovers\n|upkeep\n|turn|8\n|\n|t:|1771253257\n|switch|p2a: Dragapult|Dragapult, L77, F|262/262\n|switch|p1a: Registeel|Registeel, L81|262/262 par\n|\n|upkeep\n|turn|9\n|\n|t:|1771253263\n|move|p2a: Dragapult|Hex|p1a: Registeel\n|-damage|p1a: Registeel|174/262 par\n|cant|p1a: Registeel|par\n|\n|-heal|p1a: Registeel|190/262 par|[from] item: Leftovers\n|upkeep\n|turn|10\n|\n|t:|1771253269\n|move|p2a: Dragapult|Hex|p1a: Registeel\n|-damage|p1a: Registeel|103/262 par\n|cant|p1a: Registeel|par\n|\n|-heal|p1a: Registeel|119/262 par|[from] item: Leftovers\n|upkeep\n|turn|11\n|\n|t:|1771253275\n|move|p2a: Dragapult|Hex|p1a: Registeel\n|-damage|p1a: Registeel|38/262 par\n|move|p1a: Registeel|Thunder Wave|p2a: Dragapult\n|-status|p2a: Dragapult|par\n|\n|-heal|p1a: Registeel|54/262 par|[from] item: Leftovers\n|upkeep\n|turn|12\n|\n|t:|1771253283\n|switch|p1a: Persian|Persian-Alola, L86, F|252/252\n|move|p2a: Dragapult|Hex|p1a: Persian\n|-resisted|p1a: Persian\n|-damage|p1a: Persian|218/252\n|\n|upkeep\n|turn|13\n|\n|t:|1771253295\n|switch|p2a: Pachirisu|Pachirisu, L96, M|195/271\n|move|p1a: Persian|Foul Play|p2a: Pachirisu\n|-crit|p2a: Pachirisu\n|-damage|p2a: Pachirisu|95/271\n|\n|upkeep\n|turn|14\n|\n|t:|1771253305\n|move|p1a: Persian|Parting Shot|p2a: Pachirisu\n|-unboost|p2a: Pachirisu|atk|1\n|-unboost|p2a: Pachirisu|spa|1\n|\n|t:|1771253308\n|switch|p1a: Registeel|Registeel, L81|54/262 par|[from] Parting Shot\n|move|p2a: Pachirisu|Nuzzle|p1a: Registeel\n|-damage|p1a: Registeel|45/262 par\n|\n|-heal|p1a: Registeel|61/262 par|[from] item: Leftovers\n|upkeep\n|turn|15\n|\n|t:|1771253316\n|move|p2a: Pachirisu|Thunderbolt|p1a: Registeel\n|-damage|p1a: Registeel|30/262 par\n|move|p1a: Registeel|Body Press|p2a: Pachirisu\n|-crit|p2a: Pachirisu\n|-damage|p2a: Pachirisu|0 fnt\n|faint|p2a: Pachirisu\n|\n|-heal|p1a: Registeel|46/262 par|[from] item: Leftovers\n|upkeep\n|\n|t:|1771253329\n|switch|p2a: Phione|Phione, L91|293/293\n|turn|16\n|\n|t:|1771253339\n|switch|p1a: Tinkaton|Tinkaton, L82, F|274/274\n|-ability|p1a: Tinkaton|Mold Breaker\n|move|p2a: Phione|Take Heart|p2a: Phione\n|-boost|p2a: Phione|spa|1\n|-boost|p2a: Phione|spd|1\n|\n|upkeep\n|turn|17\n|\n|t:|1771253344\n|move|p1a: Tinkaton|Encore|p2a: Phione\n|-start|p2a: Phione|Encore\n|move|p2a: Phione|Take Heart|p2a: Phione\n|-boost|p2a: Phione|spa|1\n|-boost|p2a: Phione|spd|1\n|\n|upkeep\n|turn|18\n|\n|t:|1771253356\n|switch|p1a: Persian|Persian-Alola, L86, F|218/252\n|switch|p2a: Cinderace|Cinderace, L77, M|249/249\n|\n|upkeep\n|turn|19\n|\n|t:|1771253363\n|move|p1a: Persian|Thunder Wave|p2a: Cinderace\n|-status|p2a: Cinderace|par\n|cant|p2a: Cinderace|par\n|\n|upkeep\n|turn|20\n|\n|t:|1771253380\n|switch|p2a: Dragapult|Dragapult, L77, F|262/262 par\n|move|p1a: Persian|Parting Shot|p2a: Dragapult\n|-unboost|p2a: Dragapult|atk|1\n|-unboost|p2a: Dragapult|spa|1\n|inactive|yoki has 120 seconds left.\n|inactive|yoki has 90 seconds left.\n|\n|t:|1771253435\n|switch|p1a: Grumpig|Grumpig, L92, M|242/297|[from] Parting Shot\n|\n|-heal|p1a: Grumpig|260/297|[from] item: Leftovers\n|upkeep\n|turn|21\n|\n|t:|1771253446\n|move|p1a: Grumpig|Shadow Ball|p2a: Dragapult\n|-supereffective|p2a: Dragapult\n|-damage|p2a: Dragapult|94/262 par\n|-unboost|p2a: Dragapult|spd|1\n|move|p2a: Dragapult|U-turn|p1a: Grumpig\n|-supereffective|p1a: Grumpig\n|-damage|p1a: Grumpig|188/297\n|inactive|AmroE13 has 120 seconds left.\n|\n|t:|1771253472\n|switch|p2a: Rabsca|Rabsca, L91, M|284/284|[from] U-turn\n|\n|-heal|p1a: Grumpig|206/297|[from] item: Leftovers\n|upkeep\n|turn|22\n|\n|t:|1771253481\n|switch|p1a: Tinkaton|Tinkaton, L82, F|274/274\n|-ability|p1a: Tinkaton|Mold Breaker\n|switch|p2a: Cinderace|Cinderace, L77, M|249/249 par\n|\n|upkeep\n|turn|23\n|\n|t:|1771253493\n|switch|p1a: Typhlosion|Typhlosion-Hisui, L83, M|257/257\n|move|p2a: Cinderace|Pyro Ball|p1a: Typhlosion\n|-resisted|p1a: Typhlosion\n|-damage|p1a: Typhlosion|193/257\n|\n|upkeep\n|turn|24\n|\n|t:|1771253498\n|move|p2a: Cinderace|Sucker Punch|p1a: Typhlosion\n|-start|p2a: Cinderace|typechange|Dark|[from] ability: Libero\n|-supereffective|p1a: Typhlosion\n|-crit|p1a: Typhlosion\n|-damage|p1a: Typhlosion|0 fnt\n|faint|p1a: Typhlosion\n|\n|upkeep\n|\n|t:|1771253514\n|switch|p1a: Tinkaton|Tinkaton, L82, F|274/274\n|-ability|p1a: Tinkaton|Mold Breaker\n|turn|25\n|\n|t:|1771253529\n|switch|p2a: Dragapult|Dragapult, L77, F|94/262 par\n|move|p1a: Tinkaton|Gigaton Hammer|p2a: Dragapult\n|-damage|p2a: Dragapult|0 fnt\n|faint|p2a: Dragapult\n|\n|upkeep\n|\n|t:|1771253540\n|switch|p2a: Cinderace|Cinderace, L77, M|249/249 par\n|turn|26\n|\n|t:|1771253544\n|switch|p1a: Registeel|Registeel, L81|46/262 par\n|cant|p2a: Cinderace|par\n|\n|-heal|p1a: Registeel|62/262 par|[from] item: Leftovers\n|upkeep\n|turn|27\n|\n|t:|1771253552\n|cant|p2a: Cinderace|par\n|cant|p1a: Registeel|par\n|\n|-heal|p1a: Registeel|78/262 par|[from] item: Leftovers\n|upkeep\n|turn|28\n|\n|t:|1771253555\n|move|p2a: Cinderace|Pyro Ball|p1a: Registeel\n|-supereffective|p1a: Registeel\n|-damage|p1a: Registeel|0 fnt\n|faint|p1a: Registeel\n|\n|upkeep\n|\n|t:|1771253562\n|switch|p1a: Persian|Persian-Alola, L86, F|218/252\n|turn|29\n|\n|t:|1771253567\n|move|p1a: Persian|Foul Play|p2a: Cinderace\n|-damage|p2a: Cinderace|105/249 par\n|move|p2a: Cinderace|High Jump Kick|p1a: Persian\n|-start|p2a: Cinderace|typechange|Fighting|[from] ability: Libero\n|-supereffective|p1a: Persian\n|-damage|p1a: Persian|38/252\n|\n|upkeep\n|turn|30\n|\n|t:|1771253577\n|move|p2a: Cinderace|Sucker Punch||[still]\n|-fail|p2a: Cinderace\n|move|p1a: Persian|Parting Shot|p2a: Cinderace\n|-unboost|p2a: Cinderace|atk|1\n|-unboost|p2a: Cinderace|spa|1\n|\n|t:|1771253583\n|switch|p1a: Tinkaton|Tinkaton, L82, F|274/274|[from] Parting Shot\n|-ability|p1a: Tinkaton|Mold Breaker\n|\n|upkeep\n|turn|31\n|\n|t:|1771253604\n|move|p1a: Tinkaton|Play Rough|p2a: Cinderace|[miss]\n|-miss|p1a: Tinkaton|p2a: Cinderace\n|move|p2a: Cinderace|Pyro Ball|p1a: Tinkaton\n|-supereffective|p1a: Tinkaton\n|-damage|p1a: Tinkaton|146/274\n|\n|-heal|p1a: Tinkaton|163/274|[from] item: Leftovers\n|upkeep\n|turn|32\n|\n|t:|1771253613\n|move|p1a: Tinkaton|Play Rough|p2a: Cinderace\n|-supereffective|p2a: Cinderace\n|-damage|p2a: Cinderace|0 fnt\n|faint|p2a: Cinderace\n|\n|-heal|p1a: Tinkaton|180/274|[from] item: Leftovers\n|upkeep\n|\n|t:|1771253618\n|switch|p2a: Phione|Phione, L91|293/293\n|turn|33\n|\n|t:|1771253624\n|switch|p1a: Grumpig|Grumpig, L92, M|206/297\n|move|p2a: Phione|Scald|p1a: Grumpig\n|-damage|p1a: Grumpig|134/297\n|-status|p1a: Grumpig|brn\n|\n|-heal|p1a: Grumpig|152/297 brn|[from] item: Leftovers\n|-damage|p1a: Grumpig|134/297 brn|[from] brn\n|upkeep\n|turn|34\n|\n|t:|1771253632\n|move|p1a: Grumpig|Nasty Plot|p1a: Grumpig\n|-boost|p1a: Grumpig|spa|2\n|move|p2a: Phione|Take Heart|p2a: Phione\n|-boost|p2a: Phione|spa|1\n|-boost|p2a: Phione|spd|1\n|\n|-heal|p1a: Grumpig|152/297 brn|[from] item: Leftovers\n|-damage|p1a: Grumpig|134/297 brn|[from] brn\n|upkeep\n|turn|35\n|\n|t:|1771253637\n|move|p1a: Grumpig|Psyshock|p2a: Phione\n|-damage|p2a: Phione|98/293\n|move|p2a: Phione|Scald|p1a: Grumpig\n|-damage|p1a: Grumpig|41/297 brn\n|\n|-heal|p1a: Grumpig|59/297 brn|[from] item: Leftovers\n|-heal|p2a: Phione|116/293|[from] item: Leftovers\n|-damage|p1a: Grumpig|41/297 brn|[from] brn\n|upkeep\n|turn|36\n|\n|t:|1771253655\n|move|p1a: Grumpig|Shadow Ball|p2a: Phione\n|-damage|p2a: Phione|38/293\n|-unboost|p2a: Phione|spd|1\n|move|p2a: Phione|Scald|p1a: Grumpig\n|-damage|p1a: Grumpig|0 fnt\n|faint|p1a: Grumpig\n|\n|-heal|p2a: Phione|56/293|[from] item: Leftovers\n|upkeep\n|\n|t:|1771253661\n|switch|p1a: Tinkaton|Tinkaton, L82, F|180/274\n|-ability|p1a: Tinkaton|Mold Breaker\n|turn|37\n|\n|t:|1771253675\n|move|p1a: Tinkaton|Play Rough|p2a: Phione\n|-damage|p2a: Phione|0 fnt\n|faint|p2a: Phione\n|\n|-heal|p1a: Tinkaton|197/274|[from] item: Leftovers\n|upkeep\n|\n|t:|1771253682\n|switch|p2a: Mew|Mew, L82|100/298\n|turn|38\n|\n|t:|1771253689\n|move|p2a: Mew|Fire Blast|p1a: Tinkaton\n|-supereffective|p1a: Tinkaton\n|-damage|p1a: Tinkaton|12/274\n|-damage|p2a: Mew|71/298|[from] item: Life Orb\n|move|p1a: Tinkaton|Play Rough|p2a: Mew\n|-damage|p2a: Mew|4/298\n|\n|-heal|p1a: Tinkaton|29/274|[from] item: Leftovers\n|upkeep\n|turn|39\n|\n|t:|1771253703\n|switch|p1a: Persian|Persian-Alola, L86, F|38/252\n|move|p2a: Mew|Aura Sphere|p1a: Persian\n|-supereffective|p1a: Persian\n|-damage|p1a: Persian|0 fnt\n|faint|p1a: Persian\n|-damage|p2a: Mew|0 fnt|[from] item: Life Orb\n|faint|p2a: Mew\n|\n|upkeep\n|\n|t:|1771253708\n|switch|p1a: Tinkaton|Tinkaton, L82, F|29/274\n|switch|p2a: Rabsca|Rabsca, L91, M|284/284\n|-ability|p1a: Tinkaton|Mold Breaker\n|turn|40\n|\n|t:|1771253722\n|move|p1a: Tinkaton|Gigaton Hammer|p2a: Rabsca\n|-damage|p2a: Rabsca|160/284\n|move|p2a: Rabsca|Revival Blessing|p2a: Rabsca\n|\n|t:|1771253743\n|-heal|p2: Cinderace|124/249|[from] move: Revival Blessing\n|\n|-heal|p1a: Tinkaton|46/274|[from] item: Leftovers\n|upkeep\n|turn|41\n|-message|yoki forfeited.\n|\n|win|AmroE13\n|raw|yoki's rating: 1871 &rarr; <strong>1853</strong><br />(-18 for losing)\n|raw|AmroE13's rating: 1910 &rarr; <strong>1928</strong><br />(+18 for winning)\n|l|☆yoki\n|player|p1|\n", "inputlog": ">version 686819e5e19f8a7fd2345cfc5a08a5085efa2cc3\n>start {\"formatid\":\"gen9randombattle\",\"seed\":\"sodium,acea390073989bbcc6841b845c2b3c96\",\"rated\":\"Rated battle\"}\n>player p1 {\"name\":\"yoki\",\"avatar\":\"1\",\"rating\":1871,\"seed\":\"sodium,d263cddcbfba6283a8692f816357b0b5\"}\n>player p2 {\"name\":\"AmroE13\",\"avatar\":\"2\",\"rating\":1925,\"seed\":\"sodium,e51a8d2f3809d8c7af822dc0b9576266\"}\n>p1 switch 4\n>p2 move uturn\n>p2 switch 3\n>p1 move facade\n>p2 move nastyplot\n>p1 move facade\n>p2 move aurasphere\n>p1 switch 5\n>p1 move foulplay\n>p2 switch 2\n>p1 move partingshot\n>p2 move nuzzle\n>p1 switch 3\n>p1 move bodypress\n>p2 move uturn\n>p2 switch 6\n>p1 switch 4\n>p2 move pyroball\n>p1 switch 4\n>p2 switch 3\n>p1 move thunderwave\n>p2 move hex\n>p1 move thunderwave\n>p2 move hex\n>p1 move thunderwave\n>p2 move hex\n>p1 switch 3\n>p2 move hex\n>p1 move foulplay\n>p2 switch 6\n>p1 move partingshot\n>p2 move nuzzle\n>p1 switch 3\n>p1 move bodypress\n>p2 move thunderbolt\n>p2 switch 4\n>p1 switch 2\n>p2 move takeheart\n>p1 move encore\n>p2 move scald\n>p1 switch 3\n>p2 switch 3\n>p1 move thunderwave\n>p2 move highjumpkick\n>p1 move partingshot\n>p2 switch 6\n>p1 switch 4\n>p1 move shadowball\n>p2 move uturn\n>p2 switch 5\n>p1 switch 3\n>p2 switch 6\n>p1 switch 6\n>p2 move pyroball\n>p1 move shadowball\n>p2 move suckerpunch\n>p1 switch 6\n>p1 move gigatonhammer\n>p2 switch 5\n>p2 switch 5\n>p1 switch 2\n>p2 move pyroball\n>p1 move bodypress\n>p2 move pyroball\n>p1 move bodypress\n>p2 move pyroball\n>p1 switch 4\n>p1 move foulplay\n>p2 move highjumpkick\n>p1 move partingshot\n>p2 move suckerpunch\n>p1 switch 2\n>p1 move playrough\n>p2 move pyroball\n>p1 move playrough\n>p2 move pyroball\n>p2 switch 3\n>p1 switch 3\n>p2 move scald\n>p1 move nastyplot\n>p2 move takeheart\n>p1 move psyshock\n>p2 move scald\n>p1 move shadowball\n>p2 move scald\n>p1 switch 3\n>p1 move playrough\n>p2 move rest\n>p2 switch 2\n>p1 move playrough\n>p2 move fireblast\n>p1 switch 2\n>p2 move aurasphere\n>p1 switch 2\n>p2 switch 6\n>p1 move gigatonhammer\n>p2 move revivalblessing\n>p2 switch 3\n>forcelose p1", "uploadtime": 1771253756, "views": 5, "formatid": "gen9randombattle", "rating": 1853, "private": 0, "password": null}