{"id": "gen9randombattle-2540916018", "format": "[Gen 9] Random Battle", "players": ["BrutalBjoern", "roskilde"], "log": "|j|☆BrutalBjoern\n|j|☆roskilde\n|t:|1771266836\n|gametype|singles\n|player|p1|BrutalBjoern|lady-gen4|1774\n|player|p2|roskilde|102|1748\n|gen|9\n|tier|[Gen 9] Random Battle\n|rated|\n|rule|Species Clause: Limit one of each Pokémon\n|rule|HP Percentage Mod: HP is shown in percentages\n|rule|Sleep Clause Mod: Limit one foe put to sleep\n|rule|Illusion Level Mod: Illusion disguises the Pokémon's true level\n|\n|t:|1771266836\n|teamsize|p1|6\n|teamsize|p2|6\n|start\n|switch|p1a: Hypno|Hypno, L95, M|315/315\n|switch|p2a: Garganacl|Garganacl, L80, M|291/291\n|turn|1\n|\n|t:|1771266855\n|move|p1a: Hypno|Knock Off|p2a: Garganacl\n|-damage|p2a: Garganacl|237/291\n|-enditem|p2a: Garganacl|Leftovers|[from] move: Knock Off|[of] p1a: Hypno\n|move|p2a: Garganacl|Salt Cure|p1a: Hypno\n|-damage|p1a: Hypno|275/315\n|-start|p1a: Hypno|Salt Cure\n|\n|-heal|p1a: Hypno|294/315|[from] item: Leftovers\n|-damage|p1a: Hypno|255/315|[from] Salt Cure\n|upkeep\n|turn|2\n|\n|t:|1771266875\n|move|p1a: Hypno|Psychic Noise|p2a: Garganacl\n|-damage|p2a: Garganacl|150/291\n|-start|p2a: Garganacl|move: Heal Block\n|move|p2a: Garganacl|Salt Cure|p1a: Hypno\n|-damage|p1a: Hypno|215/315\n|\n|-heal|p1a: Hypno|234/315|[from] item: Leftovers\n|-damage|p1a: Hypno|195/315|[from] Salt Cure\n|upkeep\n|turn|3\n|\n|t:|1771266894\n|switch|p2a: Noivern|Noivern, L82, F|274/274\n|move|p1a: Hypno|Psychic Noise|p2a: Noivern\n|-damage|p2a: Noivern|178/274\n|-start|p2a: Noivern|move: Heal Block\n|\n|-heal|p1a: Hypno|214/315|[from] item: Leftovers\n|-damage|p1a: Hypno|175/315|[from] Salt Cure\n|upkeep\n|turn|4\n|\n|t:|1771266936\n|switch|p1a: Alomomola|Alomomola, L87, M|429/429\n|move|p2a: Noivern|U-turn|p1a: Alomomola\n|-damage|p1a: Alomomola|392/429\n|-damage|p2a: Noivern|133/274|[from] item: Rocky Helmet|[of] p1a: Alomomola\n|\n|t:|1771266954\n|switch|p2a: Seviper|Seviper, L93, M|287/287|[from] U-turn\n|\n|upkeep\n|turn|5\n|\n|t:|1771266979\n|move|p2a: Seviper|Switcheroo|p1a: Alomomola\n|-activate|p2a: Seviper|move: Trick|[of] p1a: Alomomola\n|-item|p1a: Alomomola|Choice Scarf|[from] move: Switcheroo\n|-item|p2a: Seviper|Rocky Helmet|[from] move: Switcheroo\n|move|p1a: Alomomola|Flip Turn|p2a: Seviper\n|-damage|p2a: Seviper|221/287\n|-damage|p1a: Alomomola|321/429|[from] item: Rocky Helmet|[of] p2a: Seviper\n|\n|t:|1771266993\n|switch|p1a: Hypno|Hypno, L95, M|175/315|[from] Flip Turn\n|\n|-heal|p1a: Hypno|194/315|[from] item: Leftovers\n|upkeep\n|turn|6\n|\n|t:|1771267013\n|switch|p2a: Noivern|Noivern, L82, F|133/274\n|move|p1a: Hypno|Psychic Noise|p2a: Noivern\n|-damage|p2a: Noivern|36/274\n|-start|p2a: Noivern|move: Heal Block\n|\n|-heal|p1a: Hypno|213/315|[from] item: Leftovers\n|upkeep\n|turn|7\n|\n|t:|1771267027\n|move|p2a: Noivern|U-turn|p1a: Hypno\n|-supereffective|p1a: Hypno\n|-damage|p1a: Hypno|141/315\n|\n|t:|1771267043\n|switch|p2a: Indeedee|Indeedee-F, L90, F|272/272|[from] U-turn\n|-fieldstart|move: Psychic Terrain|[from] ability: Psychic Surge|[of] p2a: Indeedee\n|move|p1a: Hypno|Knock Off|p2a: Indeedee\n|-supereffective|p2a: Indeedee\n|-damage|p2a: Indeedee|108/272\n|-enditem|p2a: Indeedee|Life Orb|[from] move: Knock Off|[of] p1a: Hypno\n|\n|-heal|p1a: Hypno|160/315|[from] item: Leftovers\n|upkeep\n|turn|8\n|\n|t:|1771267073\n|switch|p1a: Leavanny|Leavanny, L86, F|269/269\n|move|p2a: Indeedee|Hyper Voice|p1a: Leavanny\n|-damage|p1a: Leavanny|151/269\n|\n|upkeep\n|turn|9\n|\n|t:|1771267082\n|move|p1a: Leavanny|Sticky Web|p2a: Indeedee\n|-sidestart|p2: roskilde|move: Sticky Web\n|move|p2a: Indeedee|Psyshock|p1a: Leavanny\n|-damage|p1a: Leavanny|16/269\n|\n|upkeep\n|turn|10\n|\n|t:|1771267097\n|switch|p2a: Seviper|Seviper, L93, M|221/287\n|-activate|p2a: Seviper|move: Sticky Web\n|-unboost|p2a: Seviper|spe|1\n|move|p1a: Leavanny|Knock Off|p2a: Seviper\n|-damage|p2a: Seviper|129/287\n|-damage|p1a: Leavanny|0 fnt|[from] item: Rocky Helmet|[of] p2a: Seviper\n|faint|p1a: Leavanny\n|\n|upkeep\n|\n|t:|1771267104\n|switch|p1a: Hypno|Hypno, L95, M|160/315\n|turn|11\n|\n|t:|1771267111\n|move|p1a: Hypno|Psychic Noise|p2a: Seviper\n|-supereffective|p2a: Seviper\n|-damage|p2a: Seviper|0 fnt\n|faint|p2a: Seviper\n|\n|-heal|p1a: Hypno|179/315|[from] item: Leftovers\n|-fieldend|move: Psychic Terrain\n|upkeep\n|\n|t:|1771267133\n|switch|p2a: Noivern|Noivern, L82, F|36/274\n|turn|12\n|\n|t:|1771267148\n|move|p2a: Noivern|Draco Meteor|p1a: Hypno\n|-damage|p1a: Hypno|43/315\n|-unboost|p2a: Noivern|spa|2\n|move|p1a: Hypno|Psychic Noise|p2a: Noivern\n|-damage|p2a: Noivern|0 fnt\n|faint|p2a: Noivern\n|\n|-heal|p1a: Hypno|62/315|[from] item: Leftovers\n|upkeep\n|\n|t:|1771267162\n|switch|p2a: Vivillon|Vivillon-High Plains, L83, F|268/268\n|turn|13\n|\n|t:|1771267167\n|move|p2a: Vivillon|Bug Buzz|p1a: Hypno\n|-supereffective|p1a: Hypno\n|-damage|p1a: Hypno|0 fnt\n|faint|p1a: Hypno\n|\n|upkeep\n|\n|t:|1771267177\n|switch|p1a: Rhyperior|Rhyperior, L82, M|323/323\n|turn|14\n|\n|t:|1771267186\n|move|p2a: Vivillon|Sleep Powder|p1a: Rhyperior\n|-status|p1a: Rhyperior|slp|[from] move: Sleep Powder\n|cant|p1a: Rhyperior|slp\n|\n|upkeep\n|turn|15\n|l|☆roskilde\n|player|p2|\n|j|☆roskilde\n|player|p2|roskilde|102|\n|\n|t:|1771267231\n|switch|p2a: Diancie|Diancie, L82|216/216\n|-activate|p2a: Diancie|move: Sticky Web\n|-fail|p2a: Diancie|unboost|[from] ability: Clear Body|[of] p2a: Diancie\n|cant|p1a: Rhyperior|slp\n|\n|upkeep\n|turn|16\n|\n|t:|1771267247\n|-terastallize|p2a: Diancie|Fighting\n|move|p2a: Diancie|Diamond Storm|p1a: Rhyperior\n|-resisted|p1a: Rhyperior\n|-damage|p1a: Rhyperior|287/323 slp\n|-curestatus|p1a: Rhyperior|slp|[msg]\n|move|p1a: Rhyperior|Rock Polish|p1a: Rhyperior\n|-boost|p1a: Rhyperior|spe|2\n|\n|upkeep\n|turn|17\n|\n|t:|1771267257\n|move|p1a: Rhyperior|Earthquake|p2a: Diancie\n|-damage|p2a: Diancie|131/216\n|move|p2a: Diancie|Diamond Storm|p1a: Rhyperior\n|-resisted|p1a: Rhyperior\n|-damage|p1a: Rhyperior|247/323\n|\n|-heal|p2a: Diancie|144/216|[from] item: Leftovers\n|upkeep\n|turn|18\n|\n|t:|1771267272\n|move|p1a: Rhyperior|Earthquake|p2a: Diancie\n|-damage|p2a: Diancie|53/216\n|move|p2a: Diancie|Diamond Storm|p1a: Rhyperior\n|-resisted|p1a: Rhyperior\n|-damage|p1a: Rhyperior|211/323\n|\n|-heal|p2a: Diancie|66/216|[from] item: Leftovers\n|upkeep\n|turn|19\n|\n|t:|1771267282\n|move|p1a: Rhyperior|Earthquake|p2a: Diancie\n|-damage|p2a: Diancie|0 fnt\n|faint|p2a: Diancie\n|\n|upkeep\n|\n|t:|1771267288\n|switch|p2a: Indeedee|Indeedee-F, L90, F|108/272\n|-activate|p2a: Indeedee|move: Sticky Web\n|-unboost|p2a: Indeedee|spe|1\n|-fieldstart|move: Psychic Terrain|[from] ability: Psychic Surge|[of] p2a: Indeedee\n|turn|20\n|\n|t:|1771267299\n|move|p1a: Rhyperior|Earthquake|p2a: Indeedee\n|-damage|p2a: Indeedee|0 fnt\n|faint|p2a: Indeedee\n|\n|upkeep\n|\n|t:|1771267307\n|switch|p2a: Garganacl|Garganacl, L80, M|150/291\n|-activate|p2a: Garganacl|move: Sticky Web\n|-unboost|p2a: Garganacl|spe|1\n|turn|21\n|-message|roskilde forfeited.\n|\n|win|BrutalBjoern\n|raw|BrutalBjoern's rating: 1774 &rarr; <strong>1793</strong><br />(+19 for winning)\n|raw|roskilde's rating: 1748 &rarr; <strong>1729</strong><br />(-19 for losing)\n", "inputlog": ">version 686819e5e19f8a7fd2345cfc5a08a5085efa2cc3\n>start {\"formatid\":\"gen9randombattle\",\"seed\":\"sodium,33d99a76c33de43017f3ec40e4c84abc\",\"rated\":\"Rated battle\"}\n>player p1 {\"name\":\"BrutalBjoern\",\"avatar\":\"lady-gen4\",\"rating\":1774,\"seed\":\"sodium,764617c1ff68d26a0c94af529ef303f7\"}\n>player p2 {\"name\":\"roskilde\",\"avatar\":\"102\",\"rating\":1748,\"seed\":\"sodium,25f91db87457d2d0c3fde7150ee488b0\"}\n>p1 move knockoff\n>p2 move saltcure\n>p1 move psychicnoise\n>p2 move saltcure\n>p1 move psychicnoise\n>p2 switch 5\n>p1 switch 6\n>p2 move uturn\n>p2 switch 2\n>p1 move flipturn\n>p2 move switcheroo\n>p1 switch 6\n>p1 move psychicnoise\n>p2 switch 2\n>p1 move knockoff\n>p2 move uturn\n>p2 switch 6\n>p1 switch 3\n>p2 move hypervoice\n>p1 move stickyweb\n>p2 move psyshock\n>p1 move knockoff\n>p2 switch 2\n>p1 switch 3\n>p1 move psychicnoise\n>p2 move gunkshot\n>p2 switch 6\n>p1 move psychicnoise\n>p2 move dracometeor\n>p2 switch 4\n>p1 move thunderwave\n>p2 move bugbuzz\n>p1 switch 5\n>p1 move rockpolish\n>p2 move sleeppowder\n>p1 move rockpolish\n>p2 switch 3\n>p1 move rockpolish\n>p2 move diamondstorm terastallize\n>p1 move earthquake\n>p2 move diamondstorm\n>p1 move earthquake\n>p2 move diamondstorm\n>p1 move earthquake\n>p2 move moonblast\n>p2 switch 2\n>p1 move earthquake\n>p2 move dazzlinggleam\n>p2 switch 5\n>forcelose p2", "uploadtime": 1771267310, "views": 2, "formatid": "gen9randombattle", "rating": 1729, "private": 0, "password": null}