{"id": "gen9randombattle-2540355708", "format": "[Gen 9] Random Battle", "players": ["manhattan mudbrays", "dermaestro"], "log": "|j|☆manhattan mudbrays\n|j|☆dermaestro\n|t:|1771192275\n|gametype|singles\n|player|p1|manhattan mudbrays|jasmine|1742\n|player|p2|dermaestro|102|1760\n|gen|9\n|tier|[Gen 9] Random Battle\n|rated|\n|rule|Species Clause: Limit one of each Pokémon\n|rule|HP Percentage Mod: HP is shown in percentages\n|rule|Sleep Clause Mod: Limit one foe put to sleep\n|rule|Illusion Level Mod: Illusion disguises the Pokémon's true level\n|\n|t:|1771192275\n|teamsize|p1|6\n|teamsize|p2|6\n|start\n|switch|p1a: Dudunsparce|Dudunsparce-Three-Segment, L83, M|343/343\n|switch|p2a: Gyarados|Gyarados, L79, F|280/280\n|-ability|p2a: Gyarados|Intimidate|boost\n|-unboost|p1a: Dudunsparce|atk|1\n|-ability|p1a: Dudunsparce|Rattled|boost\n|-boost|p1a: Dudunsparce|spe|1\n|turn|1\n|inactive|Battle timer is ON: inactive players will automatically lose when time's up. (requested by manhattan mudbrays)\n|\n|t:|1771192297\n|switch|p2a: Piloswine|Piloswine, L85, F|309/309\n|move|p1a: Dudunsparce|Calm Mind|p1a: Dudunsparce\n|-boost|p1a: Dudunsparce|spa|1\n|-boost|p1a: Dudunsparce|spd|1\n|\n|upkeep\n|turn|2\n|\n|t:|1771192303\n|move|p1a: Dudunsparce|Boomburst|p2a: Piloswine\n|-damage|p2a: Piloswine|152/309\n|move|p2a: Piloswine|Stealth Rock|p1a: Dudunsparce\n|-sidestart|p1: manhattan mudbrays|move: Stealth Rock\n|\n|upkeep\n|turn|3\n|\n|t:|1771192324\n|switch|p2a: Klefki|Klefki, L84, M|233/233\n|move|p1a: Dudunsparce|Boomburst|p2a: Klefki\n|-resisted|p2a: Klefki\n|-damage|p2a: Klefki|128/233\n|\n|-heal|p2a: Klefki|142/233|[from] item: Leftovers\n|upkeep\n|turn|4\n|\n|t:|1771192334\n|move|p2a: Klefki|Spikes|p1a: Dudunsparce\n|-sidestart|p1: manhattan mudbrays|Spikes\n|move|p1a: Dudunsparce|Shadow Ball|p2a: Klefki\n|-damage|p2a: Klefki|61/233\n|\n|-heal|p2a: Klefki|75/233|[from] item: Leftovers\n|upkeep\n|turn|5\n|\n|t:|1771192339\n|move|p2a: Klefki|Spikes|p1a: Dudunsparce\n|-sidestart|p1: manhattan mudbrays|Spikes\n|move|p1a: Dudunsparce|Shadow Ball|p2a: Klefki\n|-damage|p2a: Klefki|0 fnt\n|faint|p2a: Klefki\n|\n|upkeep\n|\n|t:|1771192347\n|switch|p2a: Tauros|Tauros-Paldea-Aqua, L81, M|254/254\n|-ability|p2a: Tauros|Intimidate|boost\n|-unboost|p1a: Dudunsparce|atk|1\n|-ability|p1a: Dudunsparce|Rattled|boost\n|-boost|p1a: Dudunsparce|spe|1\n|turn|6\n|\n|t:|1771192356\n|-terastallize|p1a: Dudunsparce|Ghost\n|move|p1a: Dudunsparce|Calm Mind|p1a: Dudunsparce\n|-boost|p1a: Dudunsparce|spa|1\n|-boost|p1a: Dudunsparce|spd|1\n|move|p2a: Tauros|Close Combat|p1a: Dudunsparce\n|-immune|p1a: Dudunsparce\n|\n|upkeep\n|turn|7\n|\n|t:|1771192375\n|switch|p2a: Piloswine|Piloswine, L85, F|152/309\n|move|p1a: Dudunsparce|Boomburst|p2a: Piloswine\n|-damage|p2a: Piloswine|0 fnt\n|faint|p2a: Piloswine\n|\n|upkeep\n|\n|t:|1771192382\n|switch|p2a: Mightyena|Mightyena, L96, F|290/290\n|-ability|p2a: Mightyena|Intimidate|boost\n|-unboost|p1a: Dudunsparce|atk|1\n|-ability|p1a: Dudunsparce|Rattled|boost\n|-boost|p1a: Dudunsparce|spe|1\n|turn|8\n|\n|t:|1771192387\n|move|p1a: Dudunsparce|Boomburst|p2a: Mightyena\n|-damage|p2a: Mightyena|0 fnt\n|faint|p2a: Mightyena\n|\n|upkeep\n|\n|t:|1771192398\n|switch|p2a: Terrakion|Terrakion, L79|273/273\n|turn|9\n|\n|t:|1771192404\n|move|p1a: Dudunsparce|Shadow Ball|p2a: Terrakion\n|-damage|p2a: Terrakion|123/273\n|-unboost|p2a: Terrakion|spd|1\n|move|p2a: Terrakion|Stone Edge|p1a: Dudunsparce\n|-crit|p1a: Dudunsparce\n|-damage|p1a: Dudunsparce|49/343\n|\n|-heal|p1a: Dudunsparce|70/343|[from] item: Leftovers\n|upkeep\n|turn|10\n|\n|t:|1771192413\n|move|p1a: Dudunsparce|Shadow Ball|p2a: Terrakion\n|-damage|p2a: Terrakion|0 fnt\n|faint|p2a: Terrakion\n|\n|-heal|p1a: Dudunsparce|91/343|[from] item: Leftovers\n|upkeep\n|\n|t:|1771192428\n|switch|p2a: Tauros|Tauros-Paldea-Aqua, L81, M|254/254\n|-ability|p2a: Tauros|Intimidate|boost\n|-unboost|p1a: Dudunsparce|atk|1\n|-ability|p1a: Dudunsparce|Rattled|boost\n|-boost|p1a: Dudunsparce|spe|1\n|turn|11\n|\n|t:|1771192434\n|move|p2a: Tauros|Aqua Jet|p1a: Dudunsparce\n|-damage|p1a: Dudunsparce|24/343\n|move|p1a: Dudunsparce|Boomburst|p2a: Tauros\n|-damage|p2a: Tauros|0 fnt\n|faint|p2a: Tauros\n|\n|-heal|p1a: Dudunsparce|45/343|[from] item: Leftovers\n|upkeep\n|\n|t:|1771192438\n|switch|p2a: Gyarados|Gyarados, L79, F|280/280\n|-ability|p2a: Gyarados|Intimidate|boost\n|-unboost|p1a: Dudunsparce|atk|1\n|-ability|p1a: Dudunsparce|Rattled|boost\n|-boost|p1a: Dudunsparce|spe|1\n|turn|12\n|\n|t:|1771192444\n|move|p1a: Dudunsparce|Boomburst|p2a: Gyarados\n|-damage|p2a: Gyarados|12/280\n|move|p2a: Gyarados|Waterfall|p1a: Dudunsparce\n|-damage|p1a: Dudunsparce|0 fnt\n|faint|p1a: Dudunsparce\n|\n|upkeep\n|\n|t:|1771192450\n|switch|p1a: Piloswine|Piloswine, L85, F|309/309\n|-damage|p1a: Piloswine|271/309|[from] Stealth Rock\n|-damage|p1a: Piloswine|220/309|[from] Spikes\n|turn|13\n|\n|t:|1771192456\n|move|p1a: Piloswine|Ice Shard|p2a: Gyarados\n|-damage|p2a: Gyarados|0 fnt\n|faint|p2a: Gyarados\n|\n|win|manhattan mudbrays\n|raw|manhattan mudbrays's rating: 1742 &rarr; <strong>1763</strong><br />(+21 for winning)\n|raw|dermaestro's rating: 1760 &rarr; <strong>1739</strong><br />(-21 for losing)\n|l|☆dermaestro\n|player|p2|\n", "inputlog": ">version 686819e5e19f8a7fd2345cfc5a08a5085efa2cc3\n>start {\"formatid\":\"gen9randombattle\",\"seed\":\"sodium,ac921b208347fee1b137a4bd8722304f\",\"rated\":\"Rated battle\"}\n>player p1 {\"name\":\"manhattan mudbrays\",\"avatar\":\"jasmine\",\"rating\":1742,\"seed\":\"sodium,8f2784c9bccb16937129e22d7ab00393\"}\n>player p2 {\"name\":\"dermaestro\",\"avatar\":\"102\",\"rating\":1760,\"seed\":\"sodium,1573e9e8367b86e3d2731cbfb1cb0f46\"}\n>p1 move calmmind\n>p2 switch 5\n>p1 move boomburst\n>p2 move stealthrock\n>p1 move boomburst\n>p2 switch 6\n>p1 move shadowball\n>p2 move spikes\n>p1 move shadowball\n>p2 move spikes\n>p2 switch 4\n>p1 move calmmind terastallize\n>p2 move closecombat\n>p1 move boomburst\n>p2 switch 6\n>p2 switch 3\n>p1 move boomburst\n>p2 move crunch\n>p2 switch 2\n>p1 move shadowball\n>p2 move stoneedge\n>p1 move shadowball\n>p2 move stoneedge\n>p2 switch 6\n>p1 move boomburst\n>p2 move aquajet\n>p2 switch 5\n>p1 move boomburst\n>p2 move waterfall\n>p1 switch 2\n>p1 move iceshard\n>p2 move waterfall", "uploadtime": 1771192462, "views": 14, "formatid": "gen9randombattle", "rating": 1739, "private": 0, "password": null}