{"id": "gen9randombattle-2540245524", "format": "[Gen 9] Random Battle", "players": ["gryphonkill", "PockettBuddy"], "log": "|j|☆gryphonkill\n|j|☆PockettBuddy\n|t:|1771180163\n|gametype|singles\n|player|p1|gryphonkill|blue|1740\n|player|p2|PockettBuddy|266|1742\n|gen|9\n|tier|[Gen 9] Random Battle\n|rated|\n|rule|Species Clause: Limit one of each Pokémon\n|rule|HP Percentage Mod: HP is shown in percentages\n|rule|Sleep Clause Mod: Limit one foe put to sleep\n|rule|Illusion Level Mod: Illusion disguises the Pokémon's true level\n|\n|t:|1771180163\n|teamsize|p1|6\n|teamsize|p2|6\n|start\n|switch|p1a: Toxapex|Toxapex, L82, M|216/216\n|switch|p2a: Qwilfish|Qwilfish-Hisui, L83, F|244/244\n|-ability|p2a: Qwilfish|Intimidate|boost\n|-unboost|p1a: Toxapex|atk|1\n|turn|1\n|inactive|Battle timer is ON: inactive players will automatically lose when time's up. (requested by gryphonkill)\n|\n|t:|1771180184\n|move|p2a: Qwilfish|Spikes|p1a: Toxapex\n|-sidestart|p1: gryphonkill|Spikes\n|move|p1a: Toxapex|Toxic Spikes|p2a: Qwilfish\n|-sidestart|p2: PockettBuddy|move: Toxic Spikes\n|\n|upkeep\n|turn|2\n|\n|t:|1771180191\n|move|p2a: Qwilfish|Spikes|p1a: Toxapex\n|-sidestart|p1: gryphonkill|Spikes\n|move|p1a: Toxapex|Toxic Spikes|p2a: Qwilfish\n|-sidestart|p2: PockettBuddy|move: Toxic Spikes\n|\n|upkeep\n|turn|3\n|\n|t:|1771180193\n|move|p2a: Qwilfish|Spikes|p1a: Toxapex\n|-sidestart|p1: gryphonkill|Spikes\n|move|p1a: Toxapex|Liquidation|p2a: Qwilfish\n|-damage|p2a: Qwilfish|213/244\n|-unboost|p2a: Qwilfish|def|1\n|\n|upkeep\n|turn|4\n|\n|t:|1771180207\n|switch|p2a: Revavroom|Revavroom, L79, M|256/256\n|-sideend|p2: PockettBuddy|move: Toxic Spikes|[of] p2a: Revavroom\n|move|p1a: Toxapex|Liquidation|p2a: Revavroom\n|-damage|p2a: Revavroom|208/256\n|\n|upkeep\n|turn|5\n|\n|t:|1771180214\n|move|p2a: Revavroom|High Horsepower|p1a: Toxapex\n|-supereffective|p1a: Toxapex\n|-damage|p1a: Toxapex|96/216\n|-damage|p2a: Revavroom|166/256|[from] item: Rocky Helmet|[of] p1a: Toxapex\n|-damage|p2a: Revavroom|141/256|[from] item: Life Orb\n|move|p1a: Toxapex|Haze|p1a: Toxapex\n|-clearallboost\n|\n|upkeep\n|turn|6\n|\n|t:|1771180225\n|switch|p1a: Masquerain|Masquerain, L87, F|264/264\n|-ability|p1a: Masquerain|Intimidate|boost\n|-unboost|p2a: Revavroom|atk|1\n|move|p2a: Revavroom|Shift Gear|p2a: Revavroom\n|-boost|p2a: Revavroom|spe|2\n|-boost|p2a: Revavroom|atk|1\n|\n|upkeep\n|turn|7\n|\n|t:|1771180241\n|move|p2a: Revavroom|Iron Head|p1a: Masquerain\n|-damage|p1a: Masquerain|124/264\n|-damage|p2a: Revavroom|116/256|[from] item: Life Orb\n|move|p1a: Masquerain|Hydro Pump|p2a: Revavroom\n|-damage|p2a: Revavroom|0 fnt\n|faint|p2a: Revavroom\n|\n|upkeep\n|\n|t:|1771180252\n|switch|p2a: Wugtrio|Wugtrio, L91, M|212/212\n|turn|8\n|\n|t:|1771180260\n|switch|p1a: Toxapex|Toxapex, L82, M|168/216\n|-damage|p1a: Toxapex|114/216|[from] Spikes\n|move|p2a: Wugtrio|Liquidation|p1a: Toxapex\n|-resisted|p1a: Toxapex\n|-damage|p1a: Toxapex|62/216\n|-damage|p2a: Wugtrio|177/212|[from] item: Rocky Helmet|[of] p1a: Toxapex\n|\n|upkeep\n|turn|9\n|\n|t:|1771180273\n|move|p2a: Wugtrio|Liquidation|p1a: Toxapex\n|-resisted|p1a: Toxapex\n|-damage|p1a: Toxapex|13/216\n|-damage|p2a: Wugtrio|142/212|[from] item: Rocky Helmet|[of] p1a: Toxapex\n|move|p1a: Toxapex|Recover|p1a: Toxapex\n|-heal|p1a: Toxapex|121/216\n|\n|upkeep\n|turn|10\n|inactive|PockettBuddy has 120 seconds left.\n|\n|t:|1771180324\n|switch|p2a: Luvdisc|Luvdisc, M|247/247\n|move|p1a: Toxapex|Recover|p1a: Toxapex\n|-heal|p1a: Toxapex|216/216\n|\n|upkeep\n|turn|11\n|\n|t:|1771180341\n|move|p2a: Luvdisc|Substitute|p2a: Luvdisc\n|-start|p2a: Luvdisc|Substitute\n|-damage|p2a: Luvdisc|186/247\n|move|p1a: Toxapex|Toxic Spikes|p2a: Luvdisc\n|-sidestart|p2: PockettBuddy|move: Toxic Spikes\n|\n|upkeep\n|turn|12\n|\n|t:|1771180367\n|switch|p1a: Komala|Komala, L89, F|260/260\n|-damage|p1a: Komala|195/260|[from] Spikes\n|-ability|p1a: Komala|Comatose\n|move|p2a: Luvdisc|Whirlpool|p1a: Komala\n|-damage|p1a: Komala|177/260\n|-activate|p1a: Komala|move: Whirlpool|[of] p2a: Luvdisc\n|\n|-damage|p1a: Komala|145/260|[from] move: Whirlpool|[partiallytrapped]\n|upkeep\n|turn|13\n|\n|t:|1771180377\n|-terastallize|p2a: Luvdisc|Ghost\n|move|p2a: Luvdisc|Surf|p1a: Komala\n|-damage|p1a: Komala|103/260\n|move|p1a: Komala|Rapid Spin|p2a: Luvdisc\n|-immune|p2a: Luvdisc\n|\n|-damage|p1a: Komala|71/260|[from] move: Whirlpool|[partiallytrapped]\n|upkeep\n|turn|14\n|\n|t:|1771180383\n|move|p2a: Luvdisc|Surf|p1a: Komala\n|-damage|p1a: Komala|28/260\n|move|p1a: Komala|Knock Off|p2a: Luvdisc\n|-supereffective|p2a: Luvdisc\n|-end|p2a: Luvdisc|Substitute\n|\n|-damage|p1a: Komala|0 fnt|[from] move: Whirlpool|[partiallytrapped]\n|faint|p1a: Komala\n|upkeep\n|\n|t:|1771180396\n|switch|p1a: Rillaboom|Rillaboom, L79, F|288/288\n|-damage|p1a: Rillaboom|216/288|[from] Spikes\n|-fieldstart|move: Grassy Terrain|[from] ability: Grassy Surge|[of] p1a: Rillaboom\n|turn|15\n|inactive|PockettBuddy has 120 seconds left.\n|\n|t:|1771180409\n|switch|p2a: Qwilfish|Qwilfish-Hisui, L83, F|213/244\n|-sideend|p2: PockettBuddy|move: Toxic Spikes|[of] p2a: Qwilfish\n|-ability|p2a: Qwilfish|Intimidate|boost\n|-unboost|p1a: Rillaboom|atk|1\n|move|p1a: Rillaboom|U-turn|p2a: Qwilfish\n|-crit|p2a: Qwilfish\n|-damage|p2a: Qwilfish|126/244\n|\n|t:|1771180411\n|switch|p1a: Masquerain|Masquerain, L87, F|124/264|[from] U-turn\n|-ability|p1a: Masquerain|Intimidate|boost\n|-unboost|p2a: Qwilfish|atk|1\n|\n|-heal|p2a: Qwilfish|141/244|[from] Grassy Terrain\n|upkeep\n|turn|16\n|\n|t:|1771180421\n|move|p2a: Qwilfish|Crunch|p1a: Masquerain\n|-damage|p1a: Masquerain|60/264\n|move|p1a: Masquerain|Sticky Web|p2a: Qwilfish\n|-sidestart|p2: PockettBuddy|move: Sticky Web\n|\n|-heal|p2a: Qwilfish|156/244|[from] Grassy Terrain\n|upkeep\n|turn|17\n|\n|t:|1771180426\n|switch|p1a: Toxapex|Toxapex, L82, M|216/216\n|-damage|p1a: Toxapex|162/216|[from] Spikes\n|move|p2a: Qwilfish|Crunch|p1a: Toxapex\n|-damage|p1a: Toxapex|123/216\n|-damage|p2a: Qwilfish|116/244|[from] item: Rocky Helmet|[of] p1a: Toxapex\n|\n|-heal|p2a: Qwilfish|131/244|[from] Grassy Terrain\n|-heal|p1a: Toxapex|136/216|[from] Grassy Terrain\n|upkeep\n|turn|18\n|\n|t:|1771180435\n|move|p2a: Qwilfish|Crunch|p1a: Toxapex\n|-damage|p1a: Toxapex|102/216\n|-damage|p2a: Qwilfish|91/244|[from] item: Rocky Helmet|[of] p1a: Toxapex\n|move|p1a: Toxapex|Liquidation|p2a: Qwilfish\n|-damage|p2a: Qwilfish|48/244\n|\n|-heal|p2a: Qwilfish|63/244|[from] Grassy Terrain\n|-heal|p1a: Toxapex|115/216|[from] Grassy Terrain\n|upkeep\n|turn|19\n|\n|t:|1771180440\n|move|p2a: Qwilfish|Crunch|p1a: Toxapex\n|-damage|p1a: Toxapex|78/216\n|-damage|p2a: Qwilfish|23/244|[from] item: Rocky Helmet|[of] p1a: Toxapex\n|move|p1a: Toxapex|Recover|p1a: Toxapex\n|-heal|p1a: Toxapex|186/216\n|\n|-heal|p2a: Qwilfish|38/244|[from] Grassy Terrain\n|-heal|p1a: Toxapex|199/216|[from] Grassy Terrain\n|-fieldend|move: Grassy Terrain\n|upkeep\n|turn|20\n|inactive|gryphonkill has 120 seconds left.\n|\n|t:|1771180487\n|switch|p2a: Wugtrio|Wugtrio, L91, M|142/212\n|-activate|p2a: Wugtrio|move: Sticky Web\n|-unboost|p2a: Wugtrio|spe|1\n|move|p1a: Toxapex|Toxic Spikes|p2a: Wugtrio\n|-sidestart|p2: PockettBuddy|move: Toxic Spikes\n|\n|upkeep\n|turn|21\n|\n|t:|1771180496\n|move|p2a: Wugtrio|Stomping Tantrum|p1a: Toxapex\n|-supereffective|p1a: Toxapex\n|-damage|p1a: Toxapex|81/216\n|-damage|p2a: Wugtrio|107/212|[from] item: Rocky Helmet|[of] p1a: Toxapex\n|move|p1a: Toxapex|Recover|p1a: Toxapex\n|-heal|p1a: Toxapex|189/216\n|\n|upkeep\n|turn|22\n|\n|t:|1771180512\n|switch|p2a: Qwilfish|Qwilfish-Hisui, L83, F|38/244\n|-activate|p2a: Qwilfish|move: Sticky Web\n|-unboost|p2a: Qwilfish|spe|1\n|-sideend|p2: PockettBuddy|move: Toxic Spikes|[of] p2a: Qwilfish\n|-ability|p2a: Qwilfish|Intimidate|boost\n|-unboost|p1a: Toxapex|atk|1\n|move|p1a: Toxapex|Toxic Spikes|p2a: Qwilfish\n|-sidestart|p2: PockettBuddy|move: Toxic Spikes\n|\n|upkeep\n|turn|23\n|inactive|gryphonkill has 120 seconds left.\n|\n|t:|1771180522\n|switch|p2a: Tinkaton|Tinkaton, L82, F|274/274\n|-activate|p2a: Tinkaton|move: Sticky Web\n|-unboost|p2a: Tinkaton|spe|1\n|-ability|p2a: Tinkaton|Mold Breaker\n|move|p1a: Toxapex|Liquidation|p2a: Tinkaton\n|-damage|p2a: Tinkaton|225/274\n|\n|-heal|p2a: Tinkaton|242/274|[from] item: Leftovers\n|upkeep\n|turn|24\n|inactive|gryphonkill has 120 seconds left.\n|\n|t:|1771180536\n|move|p2a: Tinkaton|Swords Dance|p2a: Tinkaton\n|-boost|p2a: Tinkaton|atk|2\n|move|p1a: Toxapex|Liquidation|p2a: Tinkaton\n|-damage|p2a: Tinkaton|197/274\n|-unboost|p2a: Tinkaton|def|1\n|\n|-heal|p2a: Tinkaton|214/274|[from] item: Leftovers\n|upkeep\n|turn|25\n|\n|t:|1771180546\n|move|p2a: Tinkaton|Gigaton Hammer|p1a: Toxapex\n|-resisted|p1a: Toxapex\n|-damage|p1a: Toxapex|109/216\n|move|p1a: Toxapex|Haze|p1a: Toxapex\n|-clearallboost\n|\n|-heal|p2a: Tinkaton|231/274|[from] item: Leftovers\n|upkeep\n|turn|26\n|inactive|gryphonkill has 120 seconds left.\n|\n|t:|1771180594\n|move|p2a: Tinkaton|Swords Dance|p2a: Tinkaton\n|-boost|p2a: Tinkaton|atk|2\n|move|p1a: Toxapex|Recover|p1a: Toxapex\n|-heal|p1a: Toxapex|216/216\n|\n|-heal|p2a: Tinkaton|248/274|[from] item: Leftovers\n|upkeep\n|turn|27\n|\n|t:|1771180613\n|move|p2a: Tinkaton|Gigaton Hammer|p1a: Toxapex\n|-resisted|p1a: Toxapex\n|-damage|p1a: Toxapex|132/216\n|move|p1a: Toxapex|Haze|p1a: Toxapex\n|-clearallboost\n|\n|-heal|p2a: Tinkaton|265/274|[from] item: Leftovers\n|upkeep\n|turn|28\n|inactive|gryphonkill has 90 seconds left.\n|\n|t:|1771180656\n|switch|p2a: Scrafty|Scrafty, L84, F|246/246\n|-activate|p2a: Scrafty|move: Sticky Web\n|-unboost|p2a: Scrafty|spe|1\n|-status|p2a: Scrafty|psn\n|switch|p1a: Rillaboom|Rillaboom, L79, F|216/288\n|-damage|p1a: Rillaboom|144/288|[from] Spikes\n|-fieldstart|move: Grassy Terrain|[from] ability: Grassy Surge|[of] p1a: Rillaboom\n|\n|-heal|p1a: Rillaboom|162/288|[from] Grassy Terrain\n|-damage|p2a: Scrafty|216/246 psn|[from] psn\n|upkeep\n|turn|29\n|inactive|PockettBuddy has 120 seconds left.\n|\n|t:|1771180686\n|move|p1a: Rillaboom|U-turn|p2a: Scrafty\n|-crit|p2a: Scrafty\n|-damage|p2a: Scrafty|115/246 psn\n|\n|t:|1771180696\n|switch|p1a: Masquerain|Masquerain, L87, F|60/264|[from] U-turn\n|-ability|p1a: Masquerain|Intimidate|boost\n|-unboost|p2a: Scrafty|atk|1\n|move|p2a: Scrafty|Bulk Up|p2a: Scrafty\n|-boost|p2a: Scrafty|atk|1\n|-boost|p2a: Scrafty|def|1\n|\n|-heal|p2a: Scrafty|130/246 psn|[from] Grassy Terrain\n|-activate|p2a: Scrafty|ability: Shed Skin\n|-curestatus|p2a: Scrafty|psn|[msg]\n|-heal|p2a: Scrafty|145/246|[from] item: Leftovers\n|upkeep\n|turn|30\n|inactive|PockettBuddy has 120 seconds left.\n|\n|t:|1771180717\n|switch|p2a: Qwilfish|Qwilfish-Hisui, L83, F|38/244\n|-activate|p2a: Qwilfish|move: Sticky Web\n|-unboost|p2a: Qwilfish|spe|1\n|-sideend|p2: PockettBuddy|move: Toxic Spikes|[of] p2a: Qwilfish\n|-ability|p2a: Qwilfish|Intimidate|boost\n|-unboost|p1a: Masquerain|atk|1\n|move|p1a: Masquerain|Hurricane|p2a: Qwilfish\n|-damage|p2a: Qwilfish|0 fnt\n|faint|p2a: Qwilfish\n|\n|upkeep\n|\n|t:|1771180725\n|switch|p2a: Wugtrio|Wugtrio, L91, M|107/212\n|-activate|p2a: Wugtrio|move: Sticky Web\n|-unboost|p2a: Wugtrio|spe|1\n|turn|31\n|inactive|gryphonkill has 90 seconds left.\n|\n|t:|1771180740\n|switch|p1a: Toxapex|Toxapex, L82, M|204/216\n|-damage|p1a: Toxapex|150/216|[from] Spikes\n|move|p2a: Wugtrio|Aqua Jet|p1a: Toxapex\n|-resisted|p1a: Toxapex\n|-damage|p1a: Toxapex|126/216\n|-damage|p2a: Wugtrio|72/212|[from] item: Rocky Helmet|[of] p1a: Toxapex\n|\n|-heal|p2a: Wugtrio|85/212|[from] Grassy Terrain\n|-heal|p1a: Toxapex|139/216|[from] Grassy Terrain\n|upkeep\n|turn|32\n|\n|t:|1771180749\n|switch|p2a: Luvdisc|Luvdisc, M, tera:Ghost|186/247\n|move|p1a: Toxapex|Toxic Spikes|p2a: Luvdisc\n|-sidestart|p2: PockettBuddy|move: Toxic Spikes\n|\n|-heal|p2a: Luvdisc|201/247|[from] Grassy Terrain\n|-heal|p1a: Toxapex|152/216|[from] Grassy Terrain\n|-fieldend|move: Grassy Terrain\n|upkeep\n|turn|33\n|\n|t:|1771180760\n|switch|p1a: Rillaboom|Rillaboom, L79, F|162/288\n|-damage|p1a: Rillaboom|90/288|[from] Spikes\n|-fieldstart|move: Grassy Terrain|[from] ability: Grassy Surge|[of] p1a: Rillaboom\n|move|p2a: Luvdisc|Whirlpool|p1a: Rillaboom\n|-resisted|p1a: Rillaboom\n|-damage|p1a: Rillaboom|72/288\n|-activate|p1a: Rillaboom|move: Whirlpool|[of] p2a: Luvdisc\n|\n|-heal|p2a: Luvdisc|216/247|[from] Grassy Terrain\n|-heal|p1a: Rillaboom|90/288|[from] Grassy Terrain\n|-damage|p1a: Rillaboom|54/288|[from] move: Whirlpool|[partiallytrapped]\n|upkeep\n|turn|34\n|inactive|PockettBuddy has 120 seconds left.\n|\n|t:|1771180776\n|switch|p2a: Wugtrio|Wugtrio, L91, M|85/212\n|-activate|p2a: Wugtrio|move: Sticky Web\n|-unboost|p2a: Wugtrio|spe|1\n|-status|p2a: Wugtrio|psn\n|move|p1a: Rillaboom|Grassy Glide|p2a: Wugtrio\n|-supereffective|p2a: Wugtrio\n|-damage|p2a: Wugtrio|0 fnt\n|-ability|p2a: Wugtrio|Gooey\n|-unboost|p1a: Rillaboom|spe|1\n|faint|p2a: Wugtrio\n|\n|-heal|p1a: Rillaboom|72/288|[from] Grassy Terrain\n|-end|p1a: Rillaboom|Whirlpool|[partiallytrapped]|[silent]\n|upkeep\n|inactive|PockettBuddy has 120 seconds left.\n|\n|t:|1771180795\n|switch|p2a: Tinkaton|Tinkaton, L82, F|265/274\n|-activate|p2a: Tinkaton|move: Sticky Web\n|-unboost|p2a: Tinkaton|spe|1\n|-ability|p2a: Tinkaton|Mold Breaker\n|turn|35\n|\n|t:|1771180805\n|move|p1a: Rillaboom|Grassy Glide|p2a: Tinkaton\n|-resisted|p2a: Tinkaton\n|-damage|p2a: Tinkaton|195/274\n|move|p2a: Tinkaton|Gigaton Hammer|p1a: Rillaboom\n|-damage|p1a: Rillaboom|0 fnt\n|faint|p1a: Rillaboom\n|\n|-heal|p2a: Tinkaton|212/274|[from] Grassy Terrain\n|-heal|p2a: Tinkaton|229/274|[from] item: Leftovers\n|upkeep\n|\n|t:|1771180818\n|switch|p1a: Arceus|Arceus-Poison, L70|284/284\n|-damage|p1a: Arceus|213/284|[from] Spikes\n|turn|36\n|\n|t:|1771180830\n|move|p1a: Arceus|Dragon Dance|p1a: Arceus\n|-boost|p1a: Arceus|atk|1\n|-boost|p1a: Arceus|spe|1\n|move|p2a: Tinkaton|Swords Dance|p2a: Tinkaton\n|-boost|p2a: Tinkaton|atk|2\n|\n|-heal|p1a: Arceus|230/284|[from] Grassy Terrain\n|-heal|p2a: Tinkaton|246/274|[from] Grassy Terrain\n|-heal|p2a: Tinkaton|263/274|[from] item: Leftovers\n|upkeep\n|turn|37\n|\n|t:|1771180834\n|move|p1a: Arceus|Earthquake|p2a: Tinkaton\n|-supereffective|p2a: Tinkaton\n|-damage|p2a: Tinkaton|151/274\n|move|p2a: Tinkaton|Gigaton Hammer|p1a: Arceus\n|-damage|p1a: Arceus|0 fnt\n|faint|p1a: Arceus\n|\n|-heal|p2a: Tinkaton|168/274|[from] Grassy Terrain\n|-heal|p2a: Tinkaton|185/274|[from] item: Leftovers\n|-fieldend|move: Grassy Terrain\n|upkeep\n|\n|t:|1771180841\n|switch|p1a: Jolteon|Jolteon, L84, M|246/246\n|-damage|p1a: Jolteon|185/246|[from] Spikes\n|turn|38\n|c|☆gryphonkill|right, terrain halves the dmg\n|\n|t:|1771180851\n|move|p1a: Jolteon|Calm Mind|p1a: Jolteon\n|-boost|p1a: Jolteon|spa|1\n|-boost|p1a: Jolteon|spd|1\n|move|p2a: Tinkaton|Play Rough|p1a: Jolteon\n|-damage|p1a: Jolteon|0 fnt\n|faint|p1a: Jolteon\n|\n|-heal|p2a: Tinkaton|202/274|[from] item: Leftovers\n|upkeep\n|c|☆gryphonkill|whjatever\n|c|☆gryphonkill|gg\n|-message|gryphonkill forfeited.\n|\n|win|PockettBuddy\n|raw|gryphonkill's rating: 1740 &rarr; <strong>1720</strong><br />(-20 for losing)\n|raw|PockettBuddy's rating: 1742 &rarr; <strong>1762</strong><br />(+20 for winning)\n|l|☆gryphonkill\n|player|p1|\n", "inputlog": ">version 686819e5e19f8a7fd2345cfc5a08a5085efa2cc3\n>start {\"formatid\":\"gen9randombattle\",\"seed\":\"sodium,447c7ec30f979789cca8f8626fc6aa93\",\"rated\":\"Rated battle\"}\n>player p1 {\"name\":\"gryphonkill\",\"avatar\":\"blue\",\"rating\":1740,\"seed\":\"sodium,5d5ee887b33c5376378f327ea4d0a530\"}\n>player p2 {\"name\":\"PockettBuddy\",\"avatar\":\"266\",\"rating\":1742,\"seed\":\"sodium,6aa64ab4fd70c132ab0729f2d422484f\"}\n>p1 move toxicspikes\n>p2 move spikes\n>p1 move toxicspikes\n>p2 move spikes\n>p1 move liquidation\n>p2 move spikes\n>p1 move liquidation\n>p2 switch 3\n>p1 move haze\n>p2 move highhorsepower\n>p1 switch 2\n>p2 move shiftgear\n>p1 move hydropump\n>p2 move ironhead\n>p2 switch 6\n>p1 switch 2\n>p2 move liquidation\n>p1 move recover\n>p2 move liquidation\n>p1 move recover\n>p2 switch 5\n>p1 move toxicspikes\n>p2 move substitute\n>p1 switch 5\n>p2 move whirlpool\n>p1 move rapidspin\n>p2 move surf terastallize\n>p1 move knockoff\n>p2 move surf\n>p1 switch 4\n>p1 move uturn\n>p2 switch 3\n>p1 switch 2\n>p1 move stickyweb\n>p2 move crunch\n>p1 switch 5\n>p2 move crunch\n>p1 move liquidation\n>p2 move crunch\n>p1 move recover\n>p2 move crunch\n>p1 move toxicspikes\n>p2 switch 5\n>p1 move recover\n>p2 move stompingtantrum\n>p1 move toxicspikes\n>p2 switch 5\n>p1 move liquidation\n>p2 switch 2\n>p1 move liquidation\n>p2 move swordsdance\n>p1 move haze\n>p2 move gigatonhammer\n>p1 move recover\n>p2 move swordsdance\n>p1 move haze\n>p2 move gigatonhammer\n>p1 switch 2\n>p2 switch 4\n>p1 move uturn\n>p2 move bulkup\n>p1 switch 5\n>p1 move hurricane\n>p2 switch 2\n>p2 switch 5\n>p1 switch 2\n>p2 move aquajet\n>p1 move toxicspikes\n>p2 switch 3\n>p1 switch 5\n>p2 move whirlpool\n>p1 move grassyglide\n>p2 switch 3\n>p2 switch 4\n>p1 move grassyglide\n>p2 move gigatonhammer\n>p1 switch 3\n>p1 move dragondance\n>p2 move swordsdance\n>p1 move earthquake\n>p2 move gigatonhammer\n>p1 switch 6\n>chat ☆gryphonkill|right, terrain halves the dmg\n>p1 move calmmind\n>p2 move playrough\n>chat ☆gryphonkill|whjatever\n>chat ☆gryphonkill|gg\n>forcelose p1", "uploadtime": 1771180868, "views": 10, "formatid": "gen9randombattle", "rating": 1720, "private": 0, "password": null}