{"id": "gen9randombattle-2540082297", "format": "[Gen 9] Random Battle", "players": ["sleepy gen 9", "isureadyorisuready"], "log": "|j|☆sleepy gen 9\n|j|☆isureadyorisuready\n|t:|1771158717\n|gametype|singles\n|player|p1|sleepy gen 9|chef|1951\n|player|p2|isureadyorisuready|169|1985\n|gen|9\n|tier|[Gen 9] Random Battle\n|rated|\n|rule|Species Clause: Limit one of each Pokémon\n|rule|HP Percentage Mod: HP is shown in percentages\n|rule|Sleep Clause Mod: Limit one foe put to sleep\n|rule|Illusion Level Mod: Illusion disguises the Pokémon's true level\n|\n|t:|1771158717\n|teamsize|p1|6\n|teamsize|p2|6\n|start\n|switch|p1a: Klefki|Klefki, L84, M|233/233\n|switch|p2a: Fezandipiti|Fezandipiti, L82, M|278/278\n|turn|1\n|inactive|Battle timer is ON: inactive players will automatically lose when time's up. (requested by sleepy gen 9)\n|\n|t:|1771158738\n|switch|p2a: Electivire|Electivire, L84, M|263/263\n|move|p1a: Klefki|Spikes|p2a: Electivire\n|-sidestart|p2: isureadyorisuready|Spikes\n|\n|upkeep\n|turn|2\n|\n|t:|1771158743\n|switch|p1a: Donphan|Donphan, L84, M|288/288\n|move|p2a: Electivire|Bulk Up|p2a: Electivire\n|-boost|p2a: Electivire|atk|1\n|-boost|p2a: Electivire|def|1\n|\n|upkeep\n|turn|3\n|\n|t:|1771158748\n|-terastallize|p2a: Electivire|Flying\n|move|p2a: Electivire|Bulk Up|p2a: Electivire\n|-boost|p2a: Electivire|atk|1\n|-boost|p2a: Electivire|def|1\n|move|p1a: Donphan|Earthquake|p2a: Electivire\n|-immune|p2a: Electivire\n|\n|upkeep\n|turn|4\n|\n|t:|1771158755\n|move|p2a: Electivire|Ice Punch|p1a: Donphan\n|-supereffective|p1a: Donphan\n|-damage|p1a: Donphan|41/288\n|-damage|p2a: Electivire|237/263|[from] item: Life Orb\n|move|p1a: Donphan|Ice Spinner|p2a: Electivire\n|-supereffective|p2a: Electivire\n|-damage|p2a: Electivire|149/263\n|\n|-heal|p1a: Donphan|59/288|[from] item: Leftovers\n|upkeep\n|turn|5\n|\n|t:|1771158760\n|move|p2a: Electivire|Ice Punch|p1a: Donphan\n|-supereffective|p1a: Donphan\n|-damage|p1a: Donphan|0 fnt\n|faint|p1a: Donphan\n|-damage|p2a: Electivire|123/263|[from] item: Life Orb\n|\n|upkeep\n|\n|t:|1771158763\n|switch|p1a: Gengar|Gengar, L81, F|230/230\n|turn|6\n|\n|t:|1771158778\n|switch|p2a: Fezandipiti|Fezandipiti, L82, M|278/278\n|-damage|p2a: Fezandipiti|244/278|[from] Spikes\n|move|p1a: Gengar|Sludge Wave|p2a: Fezandipiti\n|-crit|p2a: Fezandipiti\n|-damage|p2a: Fezandipiti|130/278\n|-damage|p1a: Gengar|207/230|[from] item: Life Orb\n|\n|upkeep\n|turn|7\n|\n|t:|1771158793\n|switch|p1a: Duraludon|Duraludon, L82, M|249/249\n|move|p2a: Fezandipiti|U-turn|p1a: Duraludon\n|-resisted|p1a: Duraludon\n|-damage|p1a: Duraludon|236/249\n|\n|t:|1771158800\n|switch|p2a: Trevenant|Trevenant, L89, M|296/296|[from] U-turn\n|-damage|p2a: Trevenant|259/296|[from] Spikes\n|\n|upkeep\n|turn|8\n|\n|t:|1771158807\n|switch|p1a: Abomasnow|Abomasnow, L84, F|287/287\n|-weather|Snowscape|[from] ability: Snow Warning|[of] p1a: Abomasnow\n|move|p2a: Trevenant|Will-O-Wisp|p1a: Abomasnow\n|-status|p1a: Abomasnow|brn\n|\n|-weather|Snowscape|[upkeep]\n|-damage|p1a: Abomasnow|270/287 brn|[from] brn\n|upkeep\n|turn|9\n|\n|t:|1771158814\n|move|p2a: Trevenant|Drain Punch|p1a: Abomasnow\n|-supereffective|p1a: Abomasnow\n|-damage|p1a: Abomasnow|153/287 brn\n|-heal|p2a: Trevenant|296/296|[from] drain|[of] p1a: Abomasnow\n|-damage|p2a: Trevenant|267/296|[from] item: Life Orb\n|move|p1a: Abomasnow|Blizzard|p2a: Trevenant\n|-supereffective|p2a: Trevenant\n|-damage|p2a: Trevenant|39/296\n|\n|-weather|Snowscape|[upkeep]\n|-damage|p1a: Abomasnow|136/287 brn|[from] brn\n|upkeep\n|turn|10\n|\n|t:|1771158821\n|move|p2a: Trevenant|Drain Punch|p1a: Abomasnow\n|-supereffective|p1a: Abomasnow\n|-damage|p1a: Abomasnow|9/287 brn\n|-heal|p2a: Trevenant|103/296|[from] drain|[of] p1a: Abomasnow\n|-damage|p2a: Trevenant|74/296|[from] item: Life Orb\n|move|p1a: Abomasnow|Aurora Veil|p1a: Abomasnow\n|-sidestart|p1: sleepy gen 9|move: Aurora Veil\n|\n|-weather|Snowscape|[upkeep]\n|-damage|p1a: Abomasnow|0 fnt|[from] brn\n|faint|p1a: Abomasnow\n|upkeep\n|\n|t:|1771158828\n|switch|p1a: Klefki|Klefki, L84, M|233/233\n|turn|11\n|\n|t:|1771158839\n|move|p1a: Klefki|Foul Play|p2a: Trevenant\n|-supereffective|p2a: Trevenant\n|-damage|p2a: Trevenant|0 fnt\n|faint|p2a: Trevenant\n|\n|-weather|Snowscape|[upkeep]\n|upkeep\n|\n|t:|1771158846\n|switch|p2a: Electivire|Electivire, L84, M, tera:Flying|123/263\n|turn|12\n|\n|t:|1771158852\n|move|p2a: Electivire|Earthquake|p1a: Klefki\n|-supereffective|p1a: Klefki\n|-damage|p1a: Klefki|117/233\n|-damage|p2a: Electivire|97/263|[from] item: Life Orb\n|move|p1a: Klefki|Foul Play|p2a: Electivire\n|-damage|p2a: Electivire|0 fnt\n|faint|p2a: Electivire\n|\n|-weather|none\n|-heal|p1a: Klefki|131/233|[from] item: Leftovers\n|upkeep\n|\n|t:|1771158869\n|switch|p2a: Toxtricity|Toxtricity, L82, F|257/257\n|-damage|p2a: Toxtricity|225/257|[from] Spikes\n|turn|13\n|\n|t:|1771158879\n|move|p1a: Klefki|Foul Play|p2a: Toxtricity\n|-damage|p2a: Toxtricity|161/257\n|move|p2a: Toxtricity|Overdrive|p1a: Klefki\n|-damage|p1a: Klefki|35/233\n|\n|-heal|p1a: Klefki|49/233|[from] item: Leftovers\n|upkeep\n|turn|14\n|\n|t:|1771158897\n|move|p1a: Klefki|Foul Play|p2a: Toxtricity\n|-damage|p2a: Toxtricity|102/257\n|move|p2a: Toxtricity|Overdrive|p1a: Klefki\n|-damage|p1a: Klefki|0 fnt\n|faint|p1a: Klefki\n|\n|upkeep\n|\n|t:|1771158904\n|switch|p1a: Gengar|Gengar, L81, F|207/230\n|turn|15\n|\n|t:|1771158907\n|move|p1a: Gengar|Shadow Ball|p2a: Toxtricity\n|-damage|p2a: Toxtricity|0 fnt\n|faint|p2a: Toxtricity\n|-damage|p1a: Gengar|184/230|[from] item: Life Orb\n|\n|upkeep\n|\n|t:|1771158911\n|switch|p2a: Spiritomb|Spiritomb, L89, M|234/234\n|-damage|p2a: Spiritomb|205/234|[from] Spikes\n|turn|16\n|\n|t:|1771158923\n|move|p1a: Gengar|Shadow Ball|p2a: Spiritomb\n|-damage|p2a: Spiritomb|92/234\n|-damage|p1a: Gengar|161/230|[from] item: Life Orb\n|move|p2a: Spiritomb|Poltergeist|p1a: Gengar\n|-activate|p1a: Gengar|move: Poltergeist|Life Orb\n|-supereffective|p1a: Gengar\n|-damage|p1a: Gengar|0 fnt\n|faint|p1a: Gengar\n|\n|-heal|p2a: Spiritomb|106/234|[from] item: Leftovers\n|upkeep\n|\n|t:|1771158926\n|switch|p1a: Duraludon|Duraludon, L82, M|236/249\n|turn|17\n|\n|t:|1771158936\n|move|p2a: Spiritomb|Shadow Sneak|p1a: Duraludon\n|-damage|p1a: Duraludon|212/249\n|move|p1a: Duraludon|Draco Meteor|p2a: Spiritomb\n|-damage|p2a: Spiritomb|0 fnt\n|-unboost|p1a: Duraludon|spa|2\n|faint|p2a: Spiritomb\n|\n|-sideend|p1: sleepy gen 9|move: Aurora Veil\n|upkeep\n|\n|t:|1771158947\n|switch|p2a: Haxorus|Haxorus, L77, F|244/244\n|-damage|p2a: Haxorus|214/244|[from] Spikes\n|-ability|p2a: Haxorus|Mold Breaker\n|turn|18\n|\n|t:|1771158957\n|-terastallize|p1a: Duraludon|Fighting\n|move|p2a: Haxorus|Swords Dance|p2a: Haxorus\n|-boost|p2a: Haxorus|atk|2\n|move|p1a: Duraludon|Iron Defense|p1a: Duraludon\n|-boost|p1a: Duraludon|def|2\n|\n|upkeep\n|turn|19\n|\n|t:|1771158976\n|move|p2a: Haxorus|Iron Head|p1a: Duraludon\n|-damage|p1a: Duraludon|176/249\n|cant|p1a: Duraludon|flinch\n|\n|upkeep\n|turn|20\n|\n|t:|1771158989\n|move|p2a: Haxorus|Swords Dance|p2a: Haxorus\n|-boost|p2a: Haxorus|atk|2\n|move|p1a: Duraludon|Body Press|p2a: Haxorus\n|-damage|p2a: Haxorus|4/244\n|\n|upkeep\n|turn|21\n|\n|t:|1771158998\n|move|p2a: Haxorus|Scale Shot|p1a: Duraludon\n|-damage|p1a: Duraludon|148/249\n|-damage|p1a: Duraludon|121/249\n|-damage|p1a: Duraludon|94/249\n|-damage|p1a: Duraludon|67/249\n|-damage|p1a: Duraludon|42/249\n|-hitcount|p1a: Duraludon|5\n|-unboost|p2a: Haxorus|def|1\n|-boost|p2a: Haxorus|spe|1\n|move|p1a: Duraludon|Flash Cannon|p2a: Haxorus\n|-damage|p2a: Haxorus|0 fnt\n|faint|p2a: Haxorus\n|\n|upkeep\n|\n|t:|1771159005\n|switch|p2a: Fezandipiti|Fezandipiti, L82, M|130/278\n|-damage|p2a: Fezandipiti|96/278|[from] Spikes\n|turn|22\n|\n|t:|1771159007\n|move|p2a: Fezandipiti|Moonblast|p1a: Duraludon\n|-supereffective|p1a: Duraludon\n|-damage|p1a: Duraludon|0 fnt\n|faint|p1a: Duraludon\n|\n|upkeep\n|\n|t:|1771159009\n|switch|p1a: Hatterene|Hatterene, L85, F|236/236\n|turn|23\n|\n|t:|1771159012\n|move|p2a: Fezandipiti|Gunk Shot|p1a: Hatterene\n|-supereffective|p1a: Hatterene\n|-damage|p1a: Hatterene|36/236\n|move|p1a: Hatterene|Psychic Noise|p2a: Fezandipiti\n|-supereffective|p2a: Fezandipiti\n|-damage|p2a: Fezandipiti|0 fnt\n|faint|p2a: Fezandipiti\n|\n|win|sleepy gen 9\n|raw|sleepy gen 9's rating: 1951 &rarr; <strong>1973</strong><br />(+22 for winning)\n|raw|isureadyorisuready's rating: 1985 &rarr; <strong>1963</strong><br />(-22 for losing)\n|c|☆sleepy gen 9|gg\n|c|☆isureadyorisuready|Gg\n", "inputlog": ">version 686819e5e19f8a7fd2345cfc5a08a5085efa2cc3\n>start {\"formatid\":\"gen9randombattle\",\"seed\":\"sodium,554b7ea8de09d8e59cddad194571be8b\",\"rated\":\"Rated battle\"}\n>player p1 {\"name\":\"sleepy gen 9\",\"avatar\":\"chef\",\"rating\":1951,\"seed\":\"sodium,d85ba5e6d0c5ee8613d53b2fffc1fa43\"}\n>player p2 {\"name\":\"isureadyorisuready\",\"avatar\":\"169\",\"rating\":1985,\"seed\":\"sodium,c7ff08ba2e26380b4c47d4835813be8e\"}\n>p1 move spikes\n>p2 switch 4\n>p1 switch 6\n>p2 move bulkup\n>p1 move earthquake\n>p2 move bulkup terastallize\n>p1 move icespinner\n>p2 move icepunch\n>p1 move icespinner\n>p2 move icepunch\n>p1 switch 4\n>p1 move sludgewave\n>p2 switch 4\n>p1 switch 3\n>p2 move uturn\n>p2 switch 2\n>p1 switch 2\n>p2 move willowisp\n>p1 move blizzard\n>p2 move drainpunch\n>p1 move auroraveil\n>p2 move drainpunch\n>p1 switch 6\n>p1 move foulplay\n>p2 move willowisp\n>p2 switch 4\n>p1 move foulplay\n>p2 move earthquake\n>p2 switch 5\n>p1 move foulplay\n>p2 move overdrive\n>p1 move foulplay\n>p2 move overdrive\n>p1 switch 3\n>p1 move shadowball\n>p2 move overdrive\n>p2 switch 6\n>p1 move shadowball\n>p2 move poltergeist\n>p1 switch 2\n>p1 move dracometeor\n>p2 move shadowsneak\n>p2 switch 3\n>p1 move irondefense terastallize\n>p2 move swordsdance\n>p1 move bodypress\n>p2 move ironhead\n>p1 move bodypress\n>p2 move swordsdance\n>p1 move flashcannon\n>p2 move scaleshot\n>p2 switch 2\n>p1 move flashcannon\n>p2 move moonblast\n>p1 switch 5\n>p1 move psychicnoise\n>p2 move gunkshot", "uploadtime": 1771159018, "views": 20, "formatid": "gen9randombattle", "rating": 1963, "private": 0, "password": null}