{"id": "gen9randombattle-2539994320", "format": "[Gen 9] Random Battle", "players": ["gingke", "Sanskiller55"], "log": "|j|☆gingke\n|j|☆Sanskiller55\n|t:|1771140478\n|gametype|singles\n|player|p1|gingke|2|1560\n|player|p2|Sanskiller55|acerola-masters|1599\n|gen|9\n|tier|[Gen 9] Random Battle\n|rated|\n|rule|Species Clause: Limit one of each Pokémon\n|rule|HP Percentage Mod: HP is shown in percentages\n|rule|Sleep Clause Mod: Limit one foe put to sleep\n|rule|Illusion Level Mod: Illusion disguises the Pokémon's true level\n|\n|t:|1771140478\n|teamsize|p1|6\n|teamsize|p2|6\n|start\n|switch|p1a: Bastiodon|Bastiodon, L89, M|252/252\n|switch|p2a: Gouging Fire|Gouging Fire, L74|277/277\n|turn|1\n|inactive|Battle timer is ON: inactive players will automatically lose when time's up. (requested by Sanskiller55)\n|\n|t:|1771140486\n|-end|p2a: Gouging Fire|Protosynthesis|[silent]\n|switch|p2a: Dusknoir|Dusknoir, L89, F|225/225\n|-item|p1a: Bastiodon|Chesto Berry|[from] ability: Frisk|[of] p2a: Dusknoir\n|move|p1a: Bastiodon|Iron Defense|p1a: Bastiodon\n|-boost|p1a: Bastiodon|def|2\n|\n|upkeep\n|turn|2\n|\n|t:|1771140492\n|switch|p1a: Umbreon|Umbreon, L84, M|297/297\n|move|p2a: Dusknoir|Will-O-Wisp|p1a: Umbreon\n|-status|p1a: Umbreon|brn\n|-activate|p1a: Umbreon|ability: Synchronize\n|-status|p2a: Dusknoir|brn\n|\n|-damage|p1a: Umbreon|279/297 brn|[from] brn\n|-damage|p2a: Dusknoir|211/225 brn|[from] brn\n|upkeep\n|turn|3\n|\n|t:|1771140498\n|move|p1a: Umbreon|Toxic||[still]\n|-fail|p1a: Umbreon\n|move|p2a: Dusknoir|Pain Split|p1a: Umbreon\n|-sethp|p1a: Umbreon|245/297 brn|[from] move: Pain Split|[silent]\n|-sethp|p2a: Dusknoir|225/225 brn|[from] move: Pain Split\n|\n|-heal|p1a: Umbreon|263/297 brn|[from] item: Leftovers\n|-damage|p1a: Umbreon|245/297 brn|[from] brn\n|-damage|p2a: Dusknoir|211/225 brn|[from] brn\n|upkeep\n|turn|4\n|\n|t:|1771140504\n|move|p1a: Umbreon|Toxic||[still]\n|-fail|p1a: Umbreon\n|move|p2a: Dusknoir|Poltergeist|p1a: Umbreon\n|-activate|p1a: Umbreon|move: Poltergeist|Leftovers\n|-resisted|p1a: Umbreon\n|-damage|p1a: Umbreon|218/297 brn\n|\n|-heal|p1a: Umbreon|236/297 brn|[from] item: Leftovers\n|-heal|p2a: Dusknoir|225/225 brn|[from] item: Leftovers\n|-damage|p1a: Umbreon|218/297 brn|[from] brn\n|-damage|p2a: Dusknoir|211/225 brn|[from] brn\n|upkeep\n|turn|5\n|\n|t:|1771140511\n|move|p1a: Umbreon|Wish|p1a: Umbreon\n|move|p2a: Dusknoir|Poltergeist|p1a: Umbreon\n|-activate|p1a: Umbreon|move: Poltergeist|Leftovers\n|-resisted|p1a: Umbreon\n|-damage|p1a: Umbreon|191/297 brn\n|\n|-heal|p1a: Umbreon|209/297 brn|[from] item: Leftovers\n|-heal|p2a: Dusknoir|225/225 brn|[from] item: Leftovers\n|-damage|p1a: Umbreon|191/297 brn|[from] brn\n|-damage|p2a: Dusknoir|211/225 brn|[from] brn\n|upkeep\n|turn|6\n|\n|t:|1771140524\n|move|p1a: Umbreon|Protect|p1a: Umbreon\n|-singleturn|p1a: Umbreon|Protect\n|move|p2a: Dusknoir|Will-O-Wisp|p1a: Umbreon\n|-activate|p1a: Umbreon|move: Protect\n|\n|-heal|p1a: Umbreon|297/297 brn|[from] move: Wish|[wisher] Umbreon\n|-heal|p2a: Dusknoir|225/225 brn|[from] item: Leftovers\n|-damage|p1a: Umbreon|279/297 brn|[from] brn\n|-damage|p2a: Dusknoir|211/225 brn|[from] brn\n|upkeep\n|turn|7\n|\n|t:|1771140531\n|move|p2a: Dusknoir|Shadow Sneak|p1a: Umbreon\n|-resisted|p1a: Umbreon\n|-damage|p1a: Umbreon|269/297 brn\n|move|p1a: Umbreon|Toxic||[still]\n|-fail|p1a: Umbreon\n|\n|-heal|p1a: Umbreon|287/297 brn|[from] item: Leftovers\n|-heal|p2a: Dusknoir|225/225 brn|[from] item: Leftovers\n|-damage|p1a: Umbreon|269/297 brn|[from] brn\n|-damage|p2a: Dusknoir|211/225 brn|[from] brn\n|upkeep\n|turn|8\n|\n|t:|1771140541\n|switch|p1a: Ursaring|Ursaring, L84, F|288/288\n|move|p2a: Dusknoir|Shadow Sneak|p1a: Ursaring\n|-immune|p1a: Ursaring\n|\n|-heal|p2a: Dusknoir|225/225 brn|[from] item: Leftovers\n|-damage|p2a: Dusknoir|211/225 brn|[from] brn\n|-status|p1a: Ursaring|tox|[from] item: Toxic Orb\n|upkeep\n|turn|9\n|\n|t:|1771140547\n|move|p1a: Ursaring|Swords Dance|p1a: Ursaring\n|-boost|p1a: Ursaring|atk|2\n|move|p2a: Dusknoir|Pain Split|p1a: Ursaring\n|-sethp|p1a: Ursaring|249/288 tox|[from] move: Pain Split|[silent]\n|-sethp|p2a: Dusknoir|225/225 brn|[from] move: Pain Split\n|\n|-damage|p1a: Ursaring|231/288 tox|[from] psn\n|-damage|p2a: Dusknoir|211/225 brn|[from] brn\n|upkeep\n|turn|10\n|\n|t:|1771140555\n|move|p1a: Ursaring|Swords Dance|p1a: Ursaring\n|-boost|p1a: Ursaring|atk|2\n|move|p2a: Dusknoir|Will-O-Wisp|p1a: Ursaring|[miss]\n|-miss|p2a: Dusknoir|p1a: Ursaring\n|\n|-heal|p2a: Dusknoir|225/225 brn|[from] item: Leftovers\n|-damage|p1a: Ursaring|195/288 tox|[from] psn\n|-damage|p2a: Dusknoir|211/225 brn|[from] brn\n|upkeep\n|turn|11\n|\n|t:|1771140557\n|move|p1a: Ursaring|Crunch|p2a: Dusknoir\n|-supereffective|p2a: Dusknoir\n|-damage|p2a: Dusknoir|0 fnt\n|faint|p2a: Dusknoir\n|\n|-damage|p1a: Ursaring|141/288 tox|[from] psn\n|upkeep\n|\n|t:|1771140562\n|switch|p2a: Mienshao|Mienshao, L83, F|243/243\n|turn|12\n|\n|t:|1771140567\n|move|p2a: Mienshao|High Jump Kick|p1a: Ursaring\n|-supereffective|p1a: Ursaring\n|-damage|p1a: Ursaring|0 fnt\n|faint|p1a: Ursaring\n|\n|upkeep\n|\n|t:|1771140573\n|switch|p1a: Golurk|Golurk, L87|297/297\n|turn|13\n|\n|t:|1771140580\n|switch|p2a: Iron Leaves|Iron Leaves, L80|275/275\n|move|p1a: Golurk|Dynamic Punch|p2a: Iron Leaves\n|-resisted|p2a: Iron Leaves\n|-damage|p2a: Iron Leaves|209/275\n|-start|p2a: Iron Leaves|confusion\n|\n|upkeep\n|turn|14\n|\n|t:|1771140587\n|switch|p1a: Eelektross|Eelektross, L87, M|290/290\n|-activate|p2a: Iron Leaves|confusion\n|move|p2a: Iron Leaves|Leaf Blade|p1a: Eelektross\n|-crit|p1a: Eelektross\n|-damage|p1a: Eelektross|35/290\n|\n|upkeep\n|turn|15\n|\n|t:|1771140595\n|-end|p2a: Iron Leaves|confusion\n|move|p2a: Iron Leaves|Leaf Blade|p1a: Eelektross\n|-damage|p1a: Eelektross|0 fnt\n|faint|p1a: Eelektross\n|\n|upkeep\n|\n|t:|1771140602\n|switch|p1a: Bastiodon|Bastiodon, L89, M|252/252\n|turn|16\n|\n|t:|1771140606\n|-end|p2a: Iron Leaves|Quark Drive|[silent]\n|switch|p2a: Mienshao|Mienshao, L83, F|243/243\n|switch|p1a: Bronzong|Bronzong, L88|261/261\n|\n|upkeep\n|turn|17\n|\n|t:|1771140610\n|move|p2a: Mienshao|Knock Off|p1a: Bronzong\n|-supereffective|p1a: Bronzong\n|-damage|p1a: Bronzong|85/261\n|-enditem|p1a: Bronzong|Leftovers|[from] move: Knock Off|[of] p2a: Mienshao\n|move|p1a: Bronzong|Psychic|p2a: Mienshao\n|-supereffective|p2a: Mienshao\n|-damage|p2a: Mienshao|15/243\n|\n|upkeep\n|turn|18\n|\n|t:|1771140619\n|move|p2a: Mienshao|Knock Off|p1a: Bronzong\n|-supereffective|p1a: Bronzong\n|-damage|p1a: Bronzong|0 fnt\n|faint|p1a: Bronzong\n|\n|upkeep\n|\n|t:|1771140625\n|switch|p1a: Umbreon|Umbreon, L84, M|269/297 brn\n|turn|19\n|\n|t:|1771140638\n|switch|p2a: Jolteon|Jolteon, L84, M|246/246\n|move|p1a: Umbreon|Toxic|p2a: Jolteon\n|-status|p2a: Jolteon|tox\n|\n|-heal|p1a: Umbreon|287/297 brn|[from] item: Leftovers\n|-damage|p2a: Jolteon|231/246 tox|[from] psn\n|-damage|p1a: Umbreon|269/297 brn|[from] brn\n|upkeep\n|turn|20\n|\n|t:|1771140643\n|move|p2a: Jolteon|Alluring Voice|p1a: Umbreon\n|-supereffective|p1a: Umbreon\n|-damage|p1a: Umbreon|131/297 brn\n|move|p1a: Umbreon|Wish|p1a: Umbreon\n|\n|-heal|p1a: Umbreon|149/297 brn|[from] item: Leftovers\n|-damage|p2a: Jolteon|201/246 tox|[from] psn\n|-damage|p1a: Umbreon|131/297 brn|[from] brn\n|upkeep\n|turn|21\n|\n|t:|1771140649\n|switch|p2a: Iron Leaves|Iron Leaves, L80|209/275\n|move|p1a: Umbreon|Protect||[still]\n|-fail|p1a: Umbreon\n|\n|-heal|p1a: Umbreon|279/297 brn|[from] move: Wish|[wisher] Umbreon\n|-heal|p1a: Umbreon|297/297 brn|[from] item: Leftovers\n|-damage|p1a: Umbreon|279/297 brn|[from] brn\n|upkeep\n|turn|22\n|\n|t:|1771140654\n|move|p2a: Iron Leaves|Close Combat|p1a: Umbreon\n|-supereffective|p1a: Umbreon\n|-damage|p1a: Umbreon|19/297 brn\n|-unboost|p2a: Iron Leaves|def|1\n|-unboost|p2a: Iron Leaves|spd|1\n|move|p1a: Umbreon|Toxic|p2a: Iron Leaves\n|-status|p2a: Iron Leaves|tox\n|\n|-heal|p1a: Umbreon|37/297 brn|[from] item: Leftovers\n|-damage|p2a: Iron Leaves|192/275 tox|[from] psn\n|-damage|p1a: Umbreon|19/297 brn|[from] brn\n|upkeep\n|turn|23\n|\n|t:|1771140666\n|-end|p2a: Iron Leaves|Quark Drive|[silent]\n|switch|p2a: Iron Boulder|Iron Boulder, L77|265/265\n|-enditem|p2a: Iron Boulder|Booster Energy\n|-activate|p2a: Iron Boulder|ability: Quark Drive|[fromitem]\n|-start|p2a: Iron Boulder|quarkdrivespe\n|move|p1a: Umbreon|Protect||[still]\n|-fail|p1a: Umbreon\n|\n|-heal|p1a: Umbreon|37/297 brn|[from] item: Leftovers\n|-damage|p1a: Umbreon|19/297 brn|[from] brn\n|upkeep\n|turn|24\n|\n|t:|1771140676\n|move|p2a: Iron Boulder|Mighty Cleave|p1a: Umbreon\n|-damage|p1a: Umbreon|0 fnt\n|faint|p1a: Umbreon\n|\n|upkeep\n|\n|t:|1771140680\n|switch|p1a: Golurk|Golurk, L87|297/297\n|turn|25\n|\n|t:|1771140686\n|move|p2a: Iron Boulder|Zen Headbutt|p1a: Golurk\n|-damage|p1a: Golurk|212/297\n|move|p1a: Golurk|Poltergeist||[still]\n|-fail|p1a: Golurk\n|\n|upkeep\n|turn|26\n|\n|t:|1771140689\n|move|p2a: Iron Boulder|Zen Headbutt|p1a: Golurk\n|-damage|p1a: Golurk|130/297\n|move|p1a: Golurk|Poltergeist||[still]\n|-fail|p1a: Golurk\n|\n|upkeep\n|turn|27\n|-message|gingke forfeited.\n|\n|win|Sanskiller55\n|raw|gingke's rating: 1560 &rarr; <strong>1542</strong><br />(-18 for losing)\n|raw|Sanskiller55's rating: 1599 &rarr; <strong>1617</strong><br />(+18 for winning)\n|l|☆gingke\n|player|p1|\n", "inputlog": ">version 686819e5e19f8a7fd2345cfc5a08a5085efa2cc3\n>start {\"formatid\":\"gen9randombattle\",\"seed\":\"sodium,370149b941f2bb0470ba5ec5264418a8\",\"rated\":\"Rated battle\"}\n>player p1 {\"name\":\"gingke\",\"avatar\":\"2\",\"rating\":1560,\"seed\":\"sodium,005e600f6995b95359852d583261a0ae\"}\n>player p2 {\"name\":\"Sanskiller55\",\"avatar\":\"acerola-masters\",\"rating\":1599,\"seed\":\"sodium,44b12d08e175b477930a9a4aa368ce6c\"}\n>p1 move irondefense\n>p2 switch 4\n>p1 switch 2\n>p2 move willowisp\n>p1 move toxic\n>p2 move painsplit\n>p1 move toxic\n>p2 move poltergeist\n>p1 move wish\n>p2 move poltergeist\n>p1 move protect\n>p2 move willowisp\n>p1 move toxic\n>p2 move shadowsneak\n>p1 switch 3\n>p2 move shadowsneak\n>p1 move swordsdance\n>p2 move painsplit\n>p1 move swordsdance\n>p2 move willowisp\n>p1 move crunch\n>p2 move willowisp\n>p2 switch 6\n>p1 move facade\n>p2 move highjumpkick\n>p1 switch 4\n>p1 move dynamicpunch\n>p2 switch 3\n>p1 switch 5\n>p2 move leafblade\n>p1 move uturn\n>p2 move leafblade\n>p1 switch 2\n>p1 switch 6\n>p2 switch 3\n>p1 move psychic\n>p2 move knockoff\n>p1 move ironhead\n>p2 move knockoff\n>p1 switch 3\n>p1 move toxic\n>p2 switch 2\n>p1 move wish\n>p2 move alluringvoice\n>p1 move protect\n>p2 switch 3\n>p1 move toxic\n>p2 move closecombat\n>p1 move protect\n>p2 switch 5\n>p1 move foulplay\n>p2 move mightycleave\n>p1 switch 5\n>p1 move poltergeist\n>p2 move zenheadbutt\n>p1 move poltergeist\n>p2 move zenheadbutt\n>forcelose p1", "uploadtime": 1771140697, "views": 16, "formatid": "gen9randombattle", "rating": 1542, "private": 0, "password": null}