{"id": "gen9randombattle-2540684459", "format": "[Gen 9] Random Battle", "players": ["pokemanwomanman", "ROCK ROSE"], "log": "|j|☆pokemanwomanman\n|j|☆ROCK ROSE\n|t:|1771239864\n|gametype|singles\n|player|p1|pokemanwomanman|170|1682\n|player|p2|ROCK ROSE|maid|1722\n|gen|9\n|tier|[Gen 9] Random Battle\n|rated|\n|rule|Species Clause: Limit one of each Pokémon\n|rule|HP Percentage Mod: HP is shown in percentages\n|rule|Sleep Clause Mod: Limit one foe put to sleep\n|rule|Illusion Level Mod: Illusion disguises the Pokémon's true level\n|\n|t:|1771239864\n|teamsize|p1|6\n|teamsize|p2|6\n|start\n|switch|p1a: Rayquaza|Rayquaza, L72|270/270\n|switch|p2a: Pyroar|Pyroar, L88, M|295/295\n|-ability|p2a: Pyroar|Unnerve\n|-ability|p1a: Rayquaza|Air Lock\n|turn|1\n|inactive|Battle timer is ON: inactive players will automatically lose when time's up. (requested by ROCK ROSE)\n|\n|t:|1771239878\n|move|p2a: Pyroar|Taunt|p1a: Rayquaza\n|-start|p1a: Rayquaza|move: Taunt\n|cant|p1a: Rayquaza|move: Taunt|Dragon Dance\n|\n|upkeep\n|turn|2\n|\n|t:|1771239904\n|switch|p2a: Cresselia|Cresselia, L80, F|323/323\n|switch|p1a: Chimecho|Chimecho, L93, F|290/290\n|\n|upkeep\n|turn|3\n|inactive|pokemanwomanman has 120 seconds left.\n|\n|t:|1771239922\n|move|p2a: Cresselia|Calm Mind|p2a: Cresselia\n|-boost|p2a: Cresselia|spa|1\n|-boost|p2a: Cresselia|spd|1\n|move|p1a: Chimecho|Cosmic Power|p1a: Chimecho\n|-boost|p1a: Chimecho|def|1\n|-boost|p1a: Chimecho|spd|1\n|\n|upkeep\n|turn|4\n|inactive|pokemanwomanman has 120 seconds left.\n|\n|t:|1771239945\n|move|p2a: Cresselia|Calm Mind|p2a: Cresselia\n|-boost|p2a: Cresselia|spa|1\n|-boost|p2a: Cresselia|spd|1\n|move|p1a: Chimecho|Cosmic Power|p1a: Chimecho\n|-boost|p1a: Chimecho|def|1\n|-boost|p1a: Chimecho|spd|1\n|\n|upkeep\n|turn|5\n|\n|t:|1771239948\n|move|p2a: Cresselia|Calm Mind|p2a: Cresselia\n|-boost|p2a: Cresselia|spa|1\n|-boost|p2a: Cresselia|spd|1\n|move|p1a: Chimecho|Cosmic Power|p1a: Chimecho\n|-boost|p1a: Chimecho|def|1\n|-boost|p1a: Chimecho|spd|1\n|\n|upkeep\n|turn|6\n|\n|t:|1771239950\n|move|p2a: Cresselia|Calm Mind|p2a: Cresselia\n|-boost|p2a: Cresselia|spa|1\n|-boost|p2a: Cresselia|spd|1\n|move|p1a: Chimecho|Cosmic Power|p1a: Chimecho\n|-boost|p1a: Chimecho|def|1\n|-boost|p1a: Chimecho|spd|1\n|\n|upkeep\n|turn|7\n|\n|t:|1771239953\n|move|p2a: Cresselia|Calm Mind|p2a: Cresselia\n|-boost|p2a: Cresselia|spa|1\n|-boost|p2a: Cresselia|spd|1\n|move|p1a: Chimecho|Cosmic Power|p1a: Chimecho\n|-boost|p1a: Chimecho|def|1\n|-boost|p1a: Chimecho|spd|1\n|\n|upkeep\n|turn|8\n|\n|t:|1771239956\n|move|p2a: Cresselia|Calm Mind|p2a: Cresselia\n|-boost|p2a: Cresselia|spa|1\n|-boost|p2a: Cresselia|spd|1\n|move|p1a: Chimecho|Cosmic Power|p1a: Chimecho\n|-boost|p1a: Chimecho|def|1\n|-boost|p1a: Chimecho|spd|1\n|\n|upkeep\n|turn|9\n|\n|t:|1771239958\n|move|p2a: Cresselia|Psyshock|p1a: Chimecho\n|-resisted|p1a: Chimecho\n|-damage|p1a: Chimecho|257/290\n|move|p1a: Chimecho|Cosmic Power|p1a: Chimecho\n|-boost|p1a: Chimecho|def|0\n|-boost|p1a: Chimecho|spd|0\n|\n|-heal|p1a: Chimecho|275/290|[from] item: Leftovers\n|upkeep\n|turn|10\n|\n|t:|1771239965\n|move|p2a: Cresselia|Moonblast|p1a: Chimecho\n|-damage|p1a: Chimecho|227/290\n|move|p1a: Chimecho|Stored Power|p2a: Cresselia\n|-resisted|p2a: Cresselia\n|-damage|p2a: Cresselia|291/323\n|\n|-heal|p2a: Cresselia|311/323|[from] item: Leftovers\n|-heal|p1a: Chimecho|245/290|[from] item: Leftovers\n|upkeep\n|turn|11\n|\n|t:|1771239973\n|move|p2a: Cresselia|Moonblast|p1a: Chimecho\n|-damage|p1a: Chimecho|196/290\n|-unboost|p1a: Chimecho|spa|1\n|move|p1a: Chimecho|Stored Power|p2a: Cresselia\n|-resisted|p2a: Cresselia\n|-damage|p2a: Cresselia|290/323\n|\n|-heal|p2a: Cresselia|310/323|[from] item: Leftovers\n|-heal|p1a: Chimecho|214/290|[from] item: Leftovers\n|upkeep\n|turn|12\n|\n|t:|1771239977\n|move|p2a: Cresselia|Moonblast|p1a: Chimecho\n|-damage|p1a: Chimecho|168/290\n|move|p1a: Chimecho|Stored Power|p2a: Cresselia\n|-resisted|p2a: Cresselia\n|-damage|p2a: Cresselia|288/323\n|\n|-heal|p2a: Cresselia|308/323|[from] item: Leftovers\n|-heal|p1a: Chimecho|186/290|[from] item: Leftovers\n|upkeep\n|turn|13\n|\n|t:|1771239980\n|move|p2a: Cresselia|Moonblast|p1a: Chimecho\n|-crit|p1a: Chimecho\n|-damage|p1a: Chimecho|0 fnt\n|faint|p1a: Chimecho\n|\n|-heal|p2a: Cresselia|323/323|[from] item: Leftovers\n|upkeep\n|-message|pokemanwomanman forfeited.\n|\n|win|ROCK ROSE\n|raw|pokemanwomanman's rating: 1682 &rarr; <strong>1664</strong><br />(-18 for losing)\n|raw|ROCK ROSE's rating: 1722 &rarr; <strong>1740</strong><br />(+18 for winning)\n|l|☆pokemanwomanman\n|player|p1|\n", "inputlog": ">version 686819e5e19f8a7fd2345cfc5a08a5085efa2cc3\n>start {\"formatid\":\"gen9randombattle\",\"seed\":\"sodium,6acc0653612a0dee12b3d8739f2926b6\",\"rated\":\"Rated battle\"}\n>player p1 {\"name\":\"pokemanwomanman\",\"avatar\":\"170\",\"rating\":1682,\"seed\":\"sodium,cc9c26b0094d606e2dbc599fae48d267\"}\n>player p2 {\"name\":\"ROCK ROSE\",\"avatar\":\"maid\",\"rating\":1722,\"seed\":\"sodium,f187cdbbeaddf70a308730eb76895927\"}\n>p1 move dragondance\n>p2 move taunt\n>p1 switch 5\n>p2 switch 4\n>p1 move cosmicpower\n>p2 move calmmind\n>p1 move cosmicpower\n>p2 move calmmind\n>p1 move cosmicpower\n>p2 move calmmind\n>p1 move cosmicpower\n>p2 move calmmind\n>p1 move cosmicpower\n>p2 move calmmind\n>p1 move cosmicpower\n>p2 move calmmind\n>p1 move cosmicpower\n>p2 move psyshock\n>p1 move storedpower\n>p2 move moonblast\n>p1 move storedpower\n>p2 move moonblast\n>p1 move storedpower\n>p2 move moonblast\n>p1 move storedpower\n>p2 move moonblast\n>forcelose p1", "uploadtime": 1771239986, "views": 9, "formatid": "gen9randombattle", "rating": 1664, "private": 0, "password": null}