{"id": "gen9randombattle-2540364283", "format": "[Gen 9] Random Battle", "players": ["champ bogar", "YinYangM00n"], "log": "|j|☆champ bogar\n|j|☆YinYangM00n\n|t:|1771193249\n|gametype|singles\n|player|p1|champ bogar|cynthia-masters3|1680\n|player|p2|YinYangM00n|psychic-gen4|1656\n|gen|9\n|tier|[Gen 9] Random Battle\n|rated|\n|rule|Species Clause: Limit one of each Pokémon\n|rule|HP Percentage Mod: HP is shown in percentages\n|rule|Sleep Clause Mod: Limit one foe put to sleep\n|rule|Illusion Level Mod: Illusion disguises the Pokémon's true level\n|\n|t:|1771193249\n|teamsize|p1|6\n|teamsize|p2|6\n|start\n|switch|p1a: Clodsire|Clodsire, L81, F|343/343\n|switch|p2a: Alomomola|Alomomola, L87, F|429/429\n|turn|1\n|inactive|Battle timer is ON: inactive players will automatically lose when time's up. (requested by YinYangM00n)\n|inactive|champ bogar also wants the timer to be on.\n|\n|t:|1771193268\n|move|p2a: Alomomola|Wish|p2a: Alomomola\n|move|p1a: Clodsire|Toxic|p2a: Alomomola\n|-status|p2a: Alomomola|tox\n|\n|-damage|p2a: Alomomola|403/429 tox|[from] psn\n|upkeep\n|turn|2\n|\n|t:|1771193290\n|switch|p2a: Staraptor|Staraptor, L79, F|263/263\n|move|p1a: Clodsire|Toxic|p2a: Staraptor\n|-status|p2a: Staraptor|tox\n|\n|-damage|p2a: Staraptor|247/263 tox|[from] psn\n|upkeep\n|turn|3\n|\n|t:|1771193299\n|switch|p1a: Cobalion|Cobalion, L80|277/277\n|move|p2a: Staraptor|Double-Edge|p1a: Cobalion\n|-resisted|p1a: Cobalion\n|-crit|p1a: Cobalion\n|-damage|p1a: Cobalion|132/277\n|-damage|p2a: Staraptor|199/263 tox|[from] Recoil\n|\n|-damage|p2a: Staraptor|167/263 tox|[from] psn\n|upkeep\n|turn|4\n|\n|t:|1771193306\n|move|p1a: Cobalion|Swords Dance|p1a: Cobalion\n|-boost|p1a: Cobalion|atk|2\n|move|p2a: Staraptor|Double-Edge|p1a: Cobalion\n|-resisted|p1a: Cobalion\n|-damage|p1a: Cobalion|34/277\n|-damage|p2a: Staraptor|135/263 tox|[from] Recoil\n|\n|-damage|p2a: Staraptor|87/263 tox|[from] psn\n|upkeep\n|turn|5\n|\n|t:|1771193311\n|switch|p2a: Alomomola|Alomomola, L87, F|429/429 tox\n|move|p1a: Cobalion|Iron Head|p2a: Alomomola\n|-resisted|p2a: Alomomola\n|-damage|p2a: Alomomola|321/429 tox\n|-damage|p1a: Cobalion|7/277|[from] item: Life Orb\n|\n|-damage|p2a: Alomomola|295/429 tox|[from] psn\n|upkeep\n|turn|6\n|\n|t:|1771193315\n|move|p1a: Cobalion|Close Combat|p2a: Alomomola\n|-damage|p2a: Alomomola|0 fnt\n|-unboost|p1a: Cobalion|def|1\n|-unboost|p1a: Cobalion|spd|1\n|faint|p2a: Alomomola\n|-damage|p1a: Cobalion|0 fnt|[from] item: Life Orb\n|faint|p1a: Cobalion\n|\n|upkeep\n|\n|t:|1771193323\n|switch|p1a: Flamigo|Flamigo, L82, F|269/269\n|switch|p2a: Staraptor|Staraptor, L79, F|87/263 tox\n|turn|7\n|\n|t:|1771193335\n|switch|p1a: Perrserker|Perrserker, L89, M|269/269\n|move|p2a: Staraptor|Brave Bird|p1a: Perrserker\n|-resisted|p1a: Perrserker\n|-crit|p1a: Perrserker\n|-damage|p1a: Perrserker|103/269\n|-damage|p2a: Staraptor|32/263 tox|[from] Recoil\n|\n|-damage|p2a: Staraptor|16/263 tox|[from] psn\n|upkeep\n|turn|8\n|\n|t:|1771193341\n|move|p2a: Staraptor|Brave Bird|p1a: Perrserker\n|-resisted|p1a: Perrserker\n|-damage|p1a: Perrserker|8/269\n|-damage|p2a: Staraptor|0 fnt|[from] Recoil\n|faint|p2a: Staraptor\n|move|p1a: Perrserker|Stealth Rock|p2: Staraptor\n|-sidestart|p2: YinYangM00n|move: Stealth Rock\n|\n|upkeep\n|\n|t:|1771193351\n|switch|p2a: Hitmonlee|Hitmonlee, L85, M|224/224\n|-damage|p2a: Hitmonlee|210/224|[from] Stealth Rock\n|turn|9\n|\n|t:|1771193357\n|move|p2a: Hitmonlee|Close Combat|p1a: Perrserker\n|-supereffective|p1a: Perrserker\n|-damage|p1a: Perrserker|0 fnt\n|-unboost|p2a: Hitmonlee|def|1\n|-unboost|p2a: Hitmonlee|spd|1\n|faint|p1a: Perrserker\n|-enditem|p2a: Hitmonlee|White Herb\n|-clearnegativeboost|p2a: Hitmonlee|[silent]\n|\n|upkeep\n|\n|t:|1771193366\n|switch|p1a: Flamigo|Flamigo, L82, F|269/269\n|turn|10\n|\n|t:|1771193369\n|move|p2a: Hitmonlee|Poison Jab|p1a: Flamigo\n|-damage|p1a: Flamigo|191/269\n|move|p1a: Flamigo|Brave Bird|p2a: Hitmonlee\n|-supereffective|p2a: Hitmonlee\n|-damage|p2a: Hitmonlee|0 fnt\n|faint|p2a: Hitmonlee\n|-damage|p1a: Flamigo|122/269|[from] Recoil\n|\n|upkeep\n|\n|t:|1771193384\n|switch|p2a: Blissey|Blissey, L85, F|572/572\n|-damage|p2a: Blissey|501/572|[from] Stealth Rock\n|turn|11\n|\n|t:|1771193391\n|move|p1a: Flamigo|Brave Bird|p2a: Blissey\n|-damage|p2a: Blissey|120/572\n|-damage|p1a: Flamigo|0 fnt|[from] Recoil\n|faint|p1a: Flamigo\n|move|p2a: Blissey|Thunder Wave|p1: Flamigo|[notarget]\n|-fail|p2a: Blissey\n|\n|-heal|p2a: Blissey|155/572|[from] item: Leftovers\n|upkeep\n|\n|t:|1771193398\n|switch|p1a: Honchkrow|Honchkrow, L86, M|312/312\n|turn|12\n|\n|t:|1771193404\n|move|p1a: Honchkrow|Lash Out|p2a: Blissey\n|-crit|p2a: Blissey\n|-damage|p2a: Blissey|0 fnt\n|faint|p2a: Blissey\n|-ability|p1a: Honchkrow|Moxie|boost\n|-boost|p1a: Honchkrow|atk|1\n|\n|upkeep\n|\n|t:|1771193409\n|switch|p2a: Palkia|Palkia, L75|259/259\n|-damage|p2a: Palkia|227/259|[from] Stealth Rock\n|-ability|p2a: Palkia|Pressure\n|turn|13\n|\n|t:|1771193423\n|move|p2a: Palkia|Spacial Rend|p1a: Honchkrow\n|-crit|p1a: Honchkrow\n|-damage|p1a: Honchkrow|15/312\n|move|p1a: Honchkrow|Lash Out|p2a: Palkia\n|-damage|p2a: Palkia|73/259\n|\n|upkeep\n|turn|14\n|\n|t:|1771193429\n|move|p1a: Honchkrow|Sucker Punch|p2a: Palkia\n|-damage|p2a: Palkia|0 fnt\n|faint|p2a: Palkia\n|-ability|p1a: Honchkrow|Moxie|boost\n|-boost|p1a: Honchkrow|atk|1\n|\n|upkeep\n|\n|t:|1771193432\n|switch|p2a: Shaymin|Shaymin, L82|298/298\n|-damage|p2a: Shaymin|261/298|[from] Stealth Rock\n|turn|15\n|\n|t:|1771193441\n|-terastallize|p2a: Shaymin|Steel\n|move|p2a: Shaymin|Leech Seed|p1a: Honchkrow\n|-start|p1a: Honchkrow|move: Leech Seed\n|move|p1a: Honchkrow|Lash Out|p2a: Shaymin\n|-damage|p2a: Shaymin|87/298\n|\n|-heal|p2a: Shaymin|105/298|[from] item: Leftovers\n|-damage|p1a: Honchkrow|0 fnt|[from] Leech Seed|[of] p2a: Shaymin\n|-heal|p2a: Shaymin|120/298|[silent]\n|faint|p1a: Honchkrow\n|upkeep\n|\n|t:|1771193449\n|switch|p1a: Ludicolo|Ludicolo, L90, F|290/290\n|turn|16\n|\n|t:|1771193453\n|move|p2a: Shaymin|Substitute|p2a: Shaymin\n|-start|p2a: Shaymin|Substitute\n|-damage|p2a: Shaymin|46/298\n|move|p1a: Ludicolo|Hydro Pump|p2a: Shaymin\n|-end|p2a: Shaymin|Substitute\n|\n|-heal|p2a: Shaymin|64/298|[from] item: Leftovers\n|upkeep\n|turn|17\n|\n|t:|1771193457\n|move|p2a: Shaymin|Air Slash|p1a: Ludicolo\n|-supereffective|p1a: Ludicolo\n|-damage|p1a: Ludicolo|208/290\n|cant|p1a: Ludicolo|flinch\n|\n|-heal|p2a: Shaymin|82/298|[from] item: Leftovers\n|upkeep\n|turn|18\n|\n|t:|1771193461\n|move|p2a: Shaymin|Substitute|p2a: Shaymin\n|-start|p2a: Shaymin|Substitute\n|-damage|p2a: Shaymin|8/298\n|move|p1a: Ludicolo|Hydro Pump|p2a: Shaymin\n|-end|p2a: Shaymin|Substitute\n|\n|-heal|p2a: Shaymin|26/298|[from] item: Leftovers\n|upkeep\n|turn|19\n|\n|t:|1771193464\n|move|p2a: Shaymin|Air Slash|p1a: Ludicolo\n|-supereffective|p1a: Ludicolo\n|-damage|p1a: Ludicolo|112/290\n|move|p1a: Ludicolo|Hydro Pump|p2a: Shaymin\n|-damage|p2a: Shaymin|0 fnt\n|faint|p2a: Shaymin\n|\n|win|champ bogar\n|raw|champ bogar's rating: 1680 &rarr; <strong>1699</strong><br />(+19 for winning)\n|raw|YinYangM00n's rating: 1656 &rarr; <strong>1637</strong><br />(-19 for losing)\n", "inputlog": ">version 686819e5e19f8a7fd2345cfc5a08a5085efa2cc3\n>start {\"formatid\":\"gen9randombattle\",\"seed\":\"sodium,e4f37683fcaa281fb19252cafeca187d\",\"rated\":\"Rated battle\"}\n>player p1 {\"name\":\"champ bogar\",\"avatar\":\"cynthia-masters3\",\"rating\":1680,\"seed\":\"sodium,518c30ea7f9027681460f32839a3450b\"}\n>player p2 {\"name\":\"YinYangM00n\",\"avatar\":\"psychic-gen4\",\"rating\":1656,\"seed\":\"sodium,55bc8d5477d6a2b1daa7f9b483b82802\"}\n>p1 move toxic\n>p2 move wish\n>p1 move toxic\n>p2 switch 3\n>p1 switch 3\n>p2 move doubleedge\n>p1 move swordsdance\n>p2 move doubleedge\n>p1 move ironhead\n>p2 switch 3\n>p1 move closecombat\n>p2 move wish\n>p1 switch 6\n>p2 switch 3\n>p1 switch 2\n>p2 move bravebird\n>p1 move stealthrock\n>p2 move bravebird\n>p2 switch 4\n>p1 move ironhead\n>p2 move closecombat\n>p1 switch 2\n>p1 move bravebird\n>p2 move poisonjab\n>p2 switch 5\n>p1 move bravebird\n>p2 move thunderwave\n>p1 switch 4\n>p1 move lashout\n>p2 move stealthrock\n>p2 switch 6\n>p1 move lashout\n>p2 move spacialrend\n>p1 move suckerpunch\n>p2 move spacialrend\n>p2 switch 2\n>p1 move lashout\n>p2 move leechseed terastallize\n>p1 switch 5\n>p1 move hydropump\n>p2 move substitute\n>p1 move hydropump\n>p2 move airslash\n>p1 move hydropump\n>p2 move substitute\n>p1 move hydropump\n>p2 move airslash", "uploadtime": 1771193469, "views": 6, "formatid": "gen9randombattle", "rating": 1637, "private": 0, "password": null}