{"id": "gen9randombattle-2540265736", "format": "[Gen 9] Random Battle", "players": ["Micael Lopes", "Gamblero"], "log": "|j|☆Micael Lopes\n|j|☆Gamblero\n|t:|1771182462\n|gametype|singles\n|player|p1|Micael Lopes|benga|1819\n|player|p2|Gamblero|preschooler|1868\n|gen|9\n|tier|[Gen 9] Random Battle\n|rated|\n|rule|Species Clause: Limit one of each Pokémon\n|rule|HP Percentage Mod: HP is shown in percentages\n|rule|Sleep Clause Mod: Limit one foe put to sleep\n|rule|Illusion Level Mod: Illusion disguises the Pokémon's true level\n|\n|t:|1771182462\n|teamsize|p1|6\n|teamsize|p2|6\n|start\n|switch|p1a: Spiritomb|Spiritomb, L89, F|234/234\n|switch|p2a: Calyrex|Calyrex-Shadow, L64|235/235\n|-ability|p2a: Calyrex|As One\n|-ability|p2a: Calyrex|Unnerve\n|turn|1\n|inactive|Battle timer is ON: inactive players will automatically lose when time's up. (requested by Micael Lopes)\n|\n|t:|1771182476\n|switch|p2a: Camerupt|Camerupt, L91, F|275/275\n|move|p1a: Spiritomb|Foul Play|p2a: Camerupt\n|-damage|p2a: Camerupt|140/275\n|\n|-heal|p2a: Camerupt|157/275|[from] item: Leftovers\n|upkeep\n|turn|2\n|\n|t:|1771182483\n|switch|p1a: Ursaluna|Ursaluna, L79, M|335/335\n|move|p2a: Camerupt|Stealth Rock|p1a: Ursaluna\n|-sidestart|p1: Micael Lopes|move: Stealth Rock\n|\n|-heal|p2a: Camerupt|174/275|[from] item: Leftovers\n|-status|p1a: Ursaluna|brn|[from] item: Flame Orb\n|upkeep\n|turn|3\n|inactive|Micael Lopes has 120 seconds left.\n|\n|t:|1771182526\n|move|p1a: Ursaluna|Headlong Rush|p2a: Camerupt\n|-supereffective|p2a: Camerupt\n|-damage|p2a: Camerupt|0 fnt\n|-unboost|p1a: Ursaluna|def|1\n|-unboost|p1a: Ursaluna|spd|1\n|faint|p2a: Camerupt\n|\n|-damage|p1a: Ursaluna|315/335 brn|[from] brn\n|upkeep\n|\n|t:|1771182536\n|switch|p2a: Exeggutor|Exeggutor-Alola, L89, F|314/314\n|turn|4\n|inactive|Micael Lopes has 120 seconds left.\n|\n|t:|1771182546\n|switch|p1a: Cacturne|Cacturne, L92, M|278/278\n|-damage|p1a: Cacturne|244/278|[from] Stealth Rock\n|move|p2a: Exeggutor|Wood Hammer|p1a: Cacturne\n|-resisted|p1a: Cacturne\n|-damage|p1a: Cacturne|154/278\n|-damage|p2a: Exeggutor|284/314|[from] Recoil\n|\n|upkeep\n|turn|5\n|\n|t:|1771182552\n|switch|p2a: Hariyama|Hariyama, L87, M|392/392\n|move|p1a: Cacturne|Swords Dance|p1a: Cacturne\n|-boost|p1a: Cacturne|atk|2\n|\n|upkeep\n|turn|6\n|\n|t:|1771182558\n|move|p1a: Cacturne|Seed Bomb|p2a: Hariyama\n|-damage|p2a: Hariyama|29/392\n|-damage|p1a: Cacturne|127/278|[from] item: Life Orb\n|move|p2a: Hariyama|Close Combat|p1a: Cacturne\n|-supereffective|p1a: Cacturne\n|-damage|p1a: Cacturne|0 fnt\n|-unboost|p2a: Hariyama|def|1\n|-unboost|p2a: Hariyama|spd|1\n|faint|p1a: Cacturne\n|\n|upkeep\n|\n|t:|1771182562\n|switch|p1a: Drifblim|Drifblim, L86, M|396/396\n|-damage|p1a: Drifblim|297/396|[from] Stealth Rock\n|turn|7\n|\n|t:|1771182567\n|move|p1a: Drifblim|Strength Sap|p2a: Hariyama\n|-unboost|p2a: Hariyama|atk|1\n|-heal|p1a: Drifblim|396/396\n|move|p2a: Hariyama|Knock Off|p1a: Drifblim\n|-supereffective|p1a: Drifblim\n|-damage|p1a: Drifblim|212/396\n|-enditem|p1a: Drifblim|Sitrus Berry|[from] move: Knock Off|[of] p2a: Hariyama\n|\n|upkeep\n|turn|8\n|\n|t:|1771182577\n|switch|p2a: Raichu|Raichu, L88, F|249/249\n|move|p1a: Drifblim|Calm Mind|p1a: Drifblim\n|-boost|p1a: Drifblim|spa|1\n|-boost|p1a: Drifblim|spd|1\n|\n|upkeep\n|turn|9\n|\n|t:|1771182588\n|-terastallize|p1a: Drifblim|Ghost\n|move|p1a: Drifblim|Shadow Ball|p2a: Raichu\n|-damage|p2a: Raichu|61/249\n|move|p2a: Raichu|Thunderbolt|p1a: Drifblim\n|-damage|p1a: Drifblim|95/396\n|-damage|p2a: Raichu|37/249|[from] item: Life Orb\n|\n|upkeep\n|turn|10\n|\n|t:|1771182596\n|move|p1a: Drifblim|Shadow Ball|p2a: Raichu\n|-damage|p2a: Raichu|0 fnt\n|faint|p2a: Raichu\n|\n|upkeep\n|\n|t:|1771182605\n|switch|p2a: Magmortar|Magmortar, L88, M|275/275\n|turn|11\n|\n|t:|1771182610\n|move|p1a: Drifblim|Strength Sap|p2a: Magmortar\n|-unboost|p2a: Magmortar|atk|1\n|-heal|p1a: Drifblim|312/396\n|move|p2a: Magmortar|Earthquake|p1a: Drifblim\n|-damage|p1a: Drifblim|232/396\n|\n|upkeep\n|turn|12\n|\n|t:|1771182613\n|move|p1a: Drifblim|Calm Mind|p1a: Drifblim\n|-boost|p1a: Drifblim|spa|1\n|-boost|p1a: Drifblim|spd|1\n|move|p2a: Magmortar|Fire Blast|p1a: Drifblim\n|-damage|p1a: Drifblim|130/396\n|\n|upkeep\n|turn|13\n|\n|t:|1771182619\n|move|p1a: Drifblim|Shadow Ball|p2a: Magmortar\n|-damage|p2a: Magmortar|59/275\n|move|p2a: Magmortar|Fire Blast|p1a: Drifblim\n|-damage|p1a: Drifblim|18/396\n|\n|upkeep\n|turn|14\n|\n|t:|1771182623\n|move|p1a: Drifblim|Shadow Ball|p2a: Magmortar\n|-damage|p2a: Magmortar|0 fnt\n|faint|p2a: Magmortar\n|\n|upkeep\n|\n|t:|1771182629\n|switch|p2a: Exeggutor|Exeggutor-Alola, L89, F|284/314\n|turn|15\n|\n|t:|1771182640\n|move|p1a: Drifblim|Strength Sap|p2a: Exeggutor\n|-unboost|p2a: Exeggutor|atk|1\n|-heal|p1a: Drifblim|256/396\n|move|p2a: Exeggutor|Draco Meteor|p1a: Drifblim|[miss]\n|-miss|p2a: Exeggutor|p1a: Drifblim\n|\n|upkeep\n|turn|16\n|\n|t:|1771182644\n|move|p1a: Drifblim|Calm Mind|p1a: Drifblim\n|-boost|p1a: Drifblim|spa|1\n|-boost|p1a: Drifblim|spd|1\n|move|p2a: Exeggutor|Draco Meteor|p1a: Drifblim\n|-damage|p1a: Drifblim|159/396\n|-unboost|p2a: Exeggutor|spa|2\n|\n|upkeep\n|turn|17\n|l|☆Gamblero\n|inactive|Gamblero disconnected and has a minute to reconnect!\n|player|p2|\n|inactive|Gamblero has 30 seconds to reconnect!\n|inactive|Gamblero has 20 seconds to reconnect!\n|inactive|Gamblero has 15 seconds to reconnect!\n|inactive|Gamblero has 10 seconds to reconnect!\n|inactive|Gamblero has 5 seconds to reconnect!\n|-message|Gamblero lost due to inactivity.\n|\n|win|Micael Lopes\n|raw|Micael Lopes's rating: 1803 &rarr; <strong>1827</strong><br />(+24 for winning)\n|raw|Gamblero's rating: 1868 &rarr; <strong>1844</strong><br />(-24 for losing)\n|c|☆Micael Lopes|**__Sexy game.__**\n", "inputlog": ">version 686819e5e19f8a7fd2345cfc5a08a5085efa2cc3\n>start {\"formatid\":\"gen9randombattle\",\"seed\":\"sodium,0c71bf169ef551fe655181b4e31d1bb4\",\"rated\":\"Rated battle\"}\n>player p1 {\"name\":\"Micael Lopes\",\"avatar\":\"benga\",\"rating\":1819,\"seed\":\"sodium,1e105d74e2c56141ff64ff2f8aaa9dd1\"}\n>player p2 {\"name\":\"Gamblero\",\"avatar\":\"preschooler\",\"rating\":1868,\"seed\":\"sodium,8d3ce0ee6089658de73de95ec0f36034\"}\n>p1 move foulplay\n>p2 switch 3\n>p1 switch 4\n>p2 move stealthrock\n>p1 move headlongrush\n>p2 move overheat\n>p2 switch 4\n>p1 switch 3\n>p2 move woodhammer\n>p1 move swordsdance\n>p2 switch 6\n>p1 move seedbomb\n>p2 move closecombat\n>p1 switch 5\n>p1 move strengthsap\n>p2 move knockoff\n>p1 move calmmind\n>p2 switch 5\n>p1 move shadowball terastallize\n>p2 move thunderbolt\n>p1 move shadowball\n>p2 move thunderbolt\n>p2 switch 2\n>p1 move strengthsap\n>p2 move earthquake\n>p1 move calmmind\n>p2 move fireblast\n>p1 move shadowball\n>p2 move fireblast\n>p1 move shadowball\n>p2 move fireblast\n>p2 switch 6\n>p1 move strengthsap\n>p2 move dracometeor\n>p1 move calmmind\n>p2 move dracometeor\n>forcelose p2", "uploadtime": 1771182737, "views": 9, "formatid": "gen9randombattle", "rating": 1827, "private": 0, "password": null}