{"id": "gen9randombattle-2540093595", "format": "[Gen 9] Random Battle", "players": ["BGoneTaterThot", "BrennainSan"], "log": "|j|☆BGoneTaterThot\n|j|☆BrennainSan\n|t:|1771160686\n|gametype|singles\n|player|p1|BGoneTaterThot|riley|1661\n|player|p2|BrennainSan|marshal|1643\n|gen|9\n|tier|[Gen 9] Random Battle\n|rated|\n|rule|Species Clause: Limit one of each Pokémon\n|rule|HP Percentage Mod: HP is shown in percentages\n|rule|Sleep Clause Mod: Limit one foe put to sleep\n|rule|Illusion Level Mod: Illusion disguises the Pokémon's true level\n|\n|t:|1771160686\n|teamsize|p1|6\n|teamsize|p2|6\n|start\n|switch|p1a: Latias|Latias, L79, F|256/256\n|switch|p2a: Orthworm|Orthworm, L88, F|266/266\n|turn|1\n|inactive|Battle timer is ON: inactive players will automatically lose when time's up. (requested by BGoneTaterThot)\n|\n|t:|1771160701\n|switch|p1a: Cobalion|Cobalion, L80|277/277\n|move|p2a: Orthworm|Heavy Slam|p1a: Cobalion\n|-resisted|p1a: Cobalion\n|-damage|p1a: Cobalion|260/277\n|\n|-heal|p1a: Cobalion|277/277|[from] item: Leftovers\n|upkeep\n|turn|2\n|\n|t:|1771160712\n|switch|p2a: Altaria|Altaria, L89, F|278/278\n|move|p1a: Cobalion|Thunder Wave|p2a: Altaria\n|-status|p2a: Altaria|par\n|\n|upkeep\n|turn|3\n|\n|t:|1771160727\n|-curestatus|p2a: Altaria|par|[from] ability: Natural Cure\n|switch|p2a: Pelipper|Pelipper, L86, F|243/243\n|-weather|RainDance|[from] ability: Drizzle|[of] p2a: Pelipper\n|move|p1a: Cobalion|Volt Switch|p2a: Pelipper\n|-supereffective|p2a: Pelipper\n|-damage|p2a: Pelipper|31/243\n|\n|t:|1771160746\n|switch|p1a: Latias|Latias, L79, F|256/256|[from] Volt Switch\n|\n|-weather|RainDance|[upkeep]\n|upkeep\n|turn|4\n|\n|t:|1771160750\n|move|p1a: Latias|Psyshock|p2a: Pelipper\n|-damage|p2a: Pelipper|0 fnt\n|faint|p2a: Pelipper\n|\n|-weather|RainDance|[upkeep]\n|upkeep\n|\n|t:|1771160770\n|switch|p2a: Cobalion|Cobalion, L80|277/277\n|turn|5\n|\n|t:|1771160777\n|move|p1a: Latias|Psyshock|p2a: Cobalion\n|-damage|p2a: Cobalion|205/277\n|move|p2a: Cobalion|Calm Mind|p2a: Cobalion\n|-boost|p2a: Cobalion|spa|1\n|-boost|p2a: Cobalion|spd|1\n|\n|-weather|RainDance|[upkeep]\n|-heal|p2a: Cobalion|222/277|[from] item: Leftovers\n|upkeep\n|turn|6\n|\n|t:|1771160785\n|switch|p1a: Jumpluff|Jumpluff, L87, M|271/271\n|move|p2a: Cobalion|Calm Mind|p2a: Cobalion\n|-boost|p2a: Cobalion|spa|1\n|-boost|p2a: Cobalion|spd|1\n|\n|-weather|RainDance|[upkeep]\n|-heal|p2a: Cobalion|239/277|[from] item: Leftovers\n|upkeep\n|turn|7\n|\n|t:|1771160793\n|move|p1a: Jumpluff|Encore|p2a: Cobalion\n|-start|p2a: Cobalion|Encore\n|move|p2a: Cobalion|Calm Mind|p2a: Cobalion\n|-boost|p2a: Cobalion|spa|1\n|-boost|p2a: Cobalion|spd|1\n|\n|-weather|none\n|-heal|p2a: Cobalion|256/277|[from] item: Leftovers\n|upkeep\n|turn|8\n|\n|t:|1771160801\n|move|p1a: Jumpluff|Acrobatics|p2a: Cobalion\n|-damage|p2a: Cobalion|196/277\n|move|p2a: Cobalion|Calm Mind|p2a: Cobalion\n|-boost|p2a: Cobalion|spa|1\n|-boost|p2a: Cobalion|spd|1\n|\n|-heal|p2a: Cobalion|213/277|[from] item: Leftovers\n|upkeep\n|turn|9\n|\n|t:|1771160808\n|switch|p2a: Orthworm|Orthworm, L88, F|266/266\n|move|p1a: Jumpluff|Acrobatics|p2a: Orthworm\n|-resisted|p2a: Orthworm\n|-damage|p2a: Orthworm|237/266\n|\n|-heal|p2a: Orthworm|253/266|[from] item: Leftovers\n|upkeep\n|turn|10\n|\n|t:|1771160817\n|move|p1a: Jumpluff|Sleep Powder|p2a: Orthworm|[miss]\n|-miss|p1a: Jumpluff|p2a: Orthworm\n|move|p2a: Orthworm|Shed Tail|p2a: Orthworm\n|-start|p2a: Orthworm|Substitute|[from] move: Shed Tail\n|-damage|p2a: Orthworm|120/266\n|\n|t:|1771160823\n|switch|p2a: Altaria|Altaria, L89, F|278/278|[from] Shed Tail\n|\n|upkeep\n|turn|11\n|\n|t:|1771160833\n|move|p1a: Jumpluff|Acrobatics|p2a: Altaria\n|-damage|p2a: Altaria|199/278\n|move|p2a: Altaria|Dragon Dance|p2a: Altaria\n|-boost|p2a: Altaria|atk|1\n|-boost|p2a: Altaria|spe|1\n|\n|upkeep\n|turn|12\n|\n|t:|1771160841\n|move|p2a: Altaria|Brave Bird|p1a: Jumpluff\n|-supereffective|p1a: Jumpluff\n|-damage|p1a: Jumpluff|0 fnt\n|faint|p1a: Jumpluff\n|-damage|p2a: Altaria|110/278|[from] Recoil\n|\n|upkeep\n|\n|t:|1771160854\n|switch|p1a: Ditto|Ditto, L87|225/225\n|turn|13\n|\n|t:|1771160863\n|switch|p1a: Revavroom|Revavroom, L79, M|256/256\n|move|p2a: Altaria|Roost|p2a: Altaria\n|-heal|p2a: Altaria|249/278\n|-singleturn|p2a: Altaria|move: Roost\n|\n|upkeep\n|turn|14\n|\n|t:|1771160872\n|-terastallize|p1a: Revavroom|Ground\n|move|p2a: Altaria|Earthquake|p1a: Revavroom\n|-damage|p1a: Revavroom|160/256\n|move|p1a: Revavroom|Shift Gear|p1a: Revavroom\n|-boost|p1a: Revavroom|spe|2\n|-boost|p1a: Revavroom|atk|1\n|\n|upkeep\n|turn|15\n|\n|t:|1771160882\n|move|p1a: Revavroom|Iron Head|p2a: Altaria\n|-end|p2a: Altaria|Substitute\n|-damage|p1a: Revavroom|135/256|[from] item: Life Orb\n|move|p2a: Altaria|Brave Bird|p1a: Revavroom\n|-crit|p1a: Revavroom\n|-damage|p1a: Revavroom|0 fnt\n|faint|p1a: Revavroom\n|-damage|p2a: Altaria|204/278|[from] Recoil\n|\n|upkeep\n|\n|t:|1771160891\n|switch|p1a: Ditto|Ditto, L87|225/225\n|-transform|p1a: Ditto|p2a: Altaria|[from] ability: Imposter\n|turn|16\n|\n|t:|1771160899\n|move|p1a: Ditto|Brave Bird|p2a: Altaria\n|-damage|p2a: Altaria|44/278\n|-damage|p1a: Ditto|172/225|[from] Recoil\n|move|p2a: Altaria|Roost|p2a: Altaria\n|-heal|p2a: Altaria|183/278\n|-singleturn|p2a: Altaria|move: Roost\n|\n|upkeep\n|turn|17\n|\n|t:|1771160907\n|move|p1a: Ditto|Brave Bird|p2a: Altaria\n|-damage|p2a: Altaria|33/278\n|-damage|p1a: Ditto|122/225|[from] Recoil\n|move|p2a: Altaria|Roost|p2a: Altaria\n|-heal|p2a: Altaria|172/278\n|-singleturn|p2a: Altaria|move: Roost\n|\n|upkeep\n|turn|18\n|\n|t:|1771160916\n|switch|p1a: Pachirisu|Pachirisu, L96, M|271/271\n|move|p2a: Altaria|Brave Bird|p1a: Pachirisu\n|-resisted|p1a: Pachirisu\n|-damage|p1a: Pachirisu|180/271\n|-damage|p2a: Altaria|142/278|[from] Recoil\n|\n|upkeep\n|turn|19\n|\n|t:|1771160924\n|move|p2a: Altaria|Earthquake|p1a: Pachirisu\n|-supereffective|p1a: Pachirisu\n|-damage|p1a: Pachirisu|0 fnt\n|faint|p1a: Pachirisu\n|\n|upkeep\n|-message|BGoneTaterThot forfeited.\n|\n|win|BrennainSan\n|raw|BGoneTaterThot's rating: 1661 &rarr; <strong>1640</strong><br />(-21 for losing)\n|raw|BrennainSan's rating: 1643 &rarr; <strong>1664</strong><br />(+21 for winning)\n|l|☆BGoneTaterThot\n|player|p1|\n", "inputlog": ">version 686819e5e19f8a7fd2345cfc5a08a5085efa2cc3\n>start {\"formatid\":\"gen9randombattle\",\"seed\":\"sodium,9a63bbfd9a099af5c577708b077e53b9\",\"rated\":\"Rated battle\"}\n>player p1 {\"name\":\"BGoneTaterThot\",\"avatar\":\"riley\",\"rating\":1661,\"seed\":\"sodium,644bf6cdf637aa2f4c99e42206516ce2\"}\n>player p2 {\"name\":\"BrennainSan\",\"avatar\":\"marshal\",\"rating\":1643,\"seed\":\"sodium,f8e36ddd12aaa36dc62fd96b22e3047a\"}\n>p1 switch 3\n>p2 move heavyslam\n>p1 move thunderwave\n>p2 switch 3\n>p1 move voltswitch\n>p2 switch 6\n>p1 switch 3\n>p1 move psyshock\n>p2 move hurricane\n>p2 switch 2\n>p1 move psyshock\n>p2 move calmmind\n>p1 switch 4\n>p2 move calmmind\n>p1 move encore\n>p2 move flashcannon\n>p1 move acrobatics\n>p2 move calmmind\n>p1 move acrobatics\n>p2 switch 3\n>p1 move sleeppowder\n>p2 move shedtail\n>p2 switch 6\n>p1 move acrobatics\n>p2 move dragondance\n>p1 move encore\n>p2 move bravebird\n>p1 switch 5\n>p1 switch 2\n>p2 move roost\n>p1 move shiftgear terastallize\n>p2 move earthquake\n>p1 move ironhead\n>p2 move bravebird\n>p1 switch 2\n>p1 move bravebird\n>p2 move roost\n>p1 move bravebird\n>p2 move roost\n>p1 switch 6\n>p2 move bravebird\n>p1 move encore\n>p2 move earthquake\n>forcelose p1", "uploadtime": 1771160933, "views": 10, "formatid": "gen9randombattle", "rating": 1640, "private": 0, "password": null}