{"id": "gen9randombattle-2540667354", "format": "[Gen 9] Random Battle", "players": ["morgandorfer", "Yep c moi"], "log": "|j|☆morgandorfer\n|j|☆Yep c moi\n|t:|1771237059\n|gametype|singles\n|player|p1|morgandorfer|camper|1657\n|player|p2|Yep c moi|aaron|1701\n|gen|9\n|tier|[Gen 9] Random Battle\n|rated|\n|rule|Species Clause: Limit one of each Pokémon\n|rule|HP Percentage Mod: HP is shown in percentages\n|rule|Sleep Clause Mod: Limit one foe put to sleep\n|rule|Illusion Level Mod: Illusion disguises the Pokémon's true level\n|\n|t:|1771237059\n|teamsize|p1|6\n|teamsize|p2|6\n|start\n|switch|p1a: Raikou|Raikou, L81|278/278\n|switch|p2a: Wigglytuff|Wigglytuff, L96, M|424/424\n|-ability|p1a: Raikou|Pressure\n|turn|1\n|inactive|Battle timer is ON: inactive players will automatically lose when time's up. (requested by morgandorfer)\n|\n|t:|1771237073\n|move|p1a: Raikou|Thunderbolt|p2a: Wigglytuff\n|-damage|p2a: Wigglytuff|217/424\n|move|p2a: Wigglytuff|Knock Off|p1a: Raikou\n|-damage|p1a: Raikou|199/278\n|-enditem|p1a: Raikou|Choice Specs|[from] move: Knock Off|[of] p2a: Wigglytuff\n|\n|-heal|p2a: Wigglytuff|243/424|[from] item: Leftovers\n|upkeep\n|turn|2\n|\n|t:|1771237078\n|switch|p2a: Amoonguss|Amoonguss, L82, M|321/321\n|move|p1a: Raikou|Scald|p2a: Amoonguss\n|-resisted|p2a: Amoonguss\n|-damage|p2a: Amoonguss|289/321\n|-status|p2a: Amoonguss|brn\n|\n|-heal|p2a: Amoonguss|309/321 brn|[from] item: Leftovers\n|-damage|p2a: Amoonguss|289/321 brn|[from] brn\n|upkeep\n|turn|3\n|\n|t:|1771237082\n|move|p1a: Raikou|Volt Switch|p2a: Amoonguss\n|-resisted|p2a: Amoonguss\n|-damage|p2a: Amoonguss|247/321 brn\n|\n|t:|1771237091\n|switch|p1a: Sinistcha|Sinistcha, L83|254/254|[from] Volt Switch\n|move|p2a: Amoonguss|Toxic|p1a: Sinistcha\n|-status|p1a: Sinistcha|tox\n|\n|-heal|p2a: Amoonguss|267/321 brn|[from] item: Leftovers\n|-damage|p1a: Sinistcha|239/254 tox|[from] psn\n|-damage|p2a: Amoonguss|247/321 brn|[from] brn\n|upkeep\n|turn|4\n|\n|t:|1771237098\n|switch|p1a: Reuniclus|Reuniclus, L88, F|337/337\n|switch|p2a: Mandibuzz|Mandibuzz, L85, F|326/326\n|\n|upkeep\n|turn|5\n|\n|t:|1771237102\n|move|p2a: Mandibuzz|Brave Bird|p1a: Reuniclus\n|-damage|p1a: Reuniclus|229/337\n|-damage|p2a: Mandibuzz|290/326|[from] Recoil\n|move|p1a: Reuniclus|Focus Blast|p2a: Mandibuzz|[miss]\n|-miss|p1a: Reuniclus|p2a: Mandibuzz\n|\n|upkeep\n|turn|6\n|\n|t:|1771237107\n|move|p2a: Mandibuzz|Foul Play|p1a: Reuniclus\n|-supereffective|p1a: Reuniclus\n|-damage|p1a: Reuniclus|103/337\n|move|p1a: Reuniclus|Recover|p1a: Reuniclus\n|-heal|p1a: Reuniclus|272/337\n|\n|upkeep\n|turn|7\n|\n|t:|1771237110\n|move|p2a: Mandibuzz|Foul Play|p1a: Reuniclus\n|-supereffective|p1a: Reuniclus\n|-damage|p1a: Reuniclus|140/337\n|move|p1a: Reuniclus|Focus Blast|p2a: Mandibuzz\n|-damage|p2a: Mandibuzz|142/326\n|\n|upkeep\n|turn|8\n|\n|t:|1771237113\n|move|p2a: Mandibuzz|Foul Play|p1a: Reuniclus\n|-supereffective|p1a: Reuniclus\n|-damage|p1a: Reuniclus|8/337\n|move|p1a: Reuniclus|Recover|p1a: Reuniclus\n|-heal|p1a: Reuniclus|177/337\n|\n|upkeep\n|turn|9\n|\n|t:|1771237121\n|switch|p2a: Barraskewda|Barraskewda, L81, F|231/231\n|switch|p1a: Raikou|Raikou, L81|199/278\n|-ability|p1a: Raikou|Pressure\n|\n|upkeep\n|turn|10\n|\n|t:|1771237129\n|move|p2a: Barraskewda|Flip Turn|p1a: Raikou\n|-crit|p1a: Raikou\n|-damage|p1a: Raikou|16/278\n|\n|t:|1771237133\n|switch|p2a: Amoonguss|Amoonguss, L82, M|321/321 brn|[from] Flip Turn\n|move|p1a: Raikou|Volt Switch|p2a: Amoonguss\n|-resisted|p2a: Amoonguss\n|-damage|p2a: Amoonguss|276/321 brn\n|\n|t:|1771237137\n|switch|p1a: Reuniclus|Reuniclus, L88, F|177/337|[from] Volt Switch\n|\n|-heal|p2a: Amoonguss|296/321 brn|[from] item: Leftovers\n|-damage|p2a: Amoonguss|276/321 brn|[from] brn\n|upkeep\n|turn|11\n|\n|t:|1771237148\n|switch|p1a: Raikou|Raikou, L81|16/278\n|-ability|p1a: Raikou|Pressure\n|move|p2a: Amoonguss|Spore|p1a: Raikou\n|-status|p1a: Raikou|slp|[from] move: Spore\n|\n|-heal|p2a: Amoonguss|296/321 brn|[from] item: Leftovers\n|-damage|p2a: Amoonguss|276/321 brn|[from] brn\n|upkeep\n|turn|12\n|\n|t:|1771237154\n|switch|p1a: Iron Boulder|Iron Boulder, L77|265/265\n|move|p2a: Amoonguss|Sludge Bomb|p1a: Iron Boulder\n|-resisted|p1a: Iron Boulder\n|-damage|p1a: Iron Boulder|226/265\n|\n|-heal|p2a: Amoonguss|296/321 brn|[from] item: Leftovers\n|-damage|p2a: Amoonguss|276/321 brn|[from] brn\n|upkeep\n|turn|13\n|\n|t:|1771237164\n|switch|p2a: Registeel|Registeel, L81|262/262\n|move|p1a: Iron Boulder|Mighty Cleave|p2a: Registeel\n|-resisted|p2a: Registeel\n|-damage|p2a: Registeel|218/262\n|-damage|p1a: Iron Boulder|200/265|[from] item: Life Orb\n|\n|upkeep\n|turn|14\n|\n|t:|1771237171\n|move|p1a: Iron Boulder|Close Combat|p2a: Registeel\n|-supereffective|p2a: Registeel\n|-damage|p2a: Registeel|59/262\n|-unboost|p1a: Iron Boulder|def|1\n|-unboost|p1a: Iron Boulder|spd|1\n|-damage|p1a: Iron Boulder|174/265|[from] item: Life Orb\n|move|p2a: Registeel|Iron Defense|p2a: Registeel\n|-boost|p2a: Registeel|def|2\n|\n|upkeep\n|turn|15\n|\n|t:|1771237175\n|-terastallize|p2a: Registeel|Fighting\n|move|p1a: Iron Boulder|Close Combat|p2a: Registeel\n|-damage|p2a: Registeel|20/262\n|-unboost|p1a: Iron Boulder|def|1\n|-unboost|p1a: Iron Boulder|spd|1\n|-damage|p1a: Iron Boulder|148/265|[from] item: Life Orb\n|move|p2a: Registeel|Rest|p2a: Registeel\n|-status|p2a: Registeel|slp|[from] move: Rest\n|-heal|p2a: Registeel|262/262 slp|[silent]\n|-enditem|p2a: Registeel|Chesto Berry|[eat]\n|-curestatus|p2a: Registeel|slp|[msg]\n|\n|upkeep\n|turn|16\n|\n|t:|1771237180\n|-end|p1a: Iron Boulder|Quark Drive|[silent]\n|switch|p1a: Sinistcha|Sinistcha, L83|239/254 tox\n|move|p2a: Registeel|Iron Defense|p2a: Registeel\n|-boost|p2a: Registeel|def|2\n|\n|-heal|p1a: Sinistcha|254/254 tox|[from] item: Leftovers\n|-damage|p1a: Sinistcha|239/254 tox|[from] psn\n|upkeep\n|turn|17\n|\n|t:|1771237183\n|move|p1a: Sinistcha|Calm Mind|p1a: Sinistcha\n|-boost|p1a: Sinistcha|spa|1\n|-boost|p1a: Sinistcha|spd|1\n|move|p2a: Registeel|Iron Defense|p2a: Registeel\n|-boost|p2a: Registeel|def|2\n|\n|-heal|p1a: Sinistcha|254/254 tox|[from] item: Leftovers\n|-damage|p1a: Sinistcha|224/254 tox|[from] psn\n|upkeep\n|turn|18\n|\n|t:|1771237186\n|move|p1a: Sinistcha|Matcha Gotcha|p2a: Registeel\n|-damage|p2a: Registeel|153/262\n|-heal|p1a: Sinistcha|254/254 tox|[from] drain|[of] p2a: Registeel\n|-status|p2a: Registeel|brn\n|move|p2a: Registeel|Iron Head|p1a: Sinistcha\n|-damage|p1a: Sinistcha|226/254 tox\n|\n|-heal|p1a: Sinistcha|241/254 tox|[from] item: Leftovers\n|-damage|p1a: Sinistcha|196/254 tox|[from] psn\n|-damage|p2a: Registeel|137/262 brn|[from] brn\n|upkeep\n|turn|19\n|\n|t:|1771237194\n|move|p1a: Sinistcha|Calm Mind|p1a: Sinistcha\n|-boost|p1a: Sinistcha|spa|1\n|-boost|p1a: Sinistcha|spd|1\n|move|p2a: Registeel|Rest|p2a: Registeel\n|-status|p2a: Registeel|slp|[from] move: Rest\n|-heal|p2a: Registeel|262/262 slp|[silent]\n|\n|-heal|p1a: Sinistcha|211/254 tox|[from] item: Leftovers\n|-damage|p1a: Sinistcha|151/254 tox|[from] psn\n|upkeep\n|turn|20\n|\n|t:|1771237199\n|move|p1a: Sinistcha|Matcha Gotcha|p2a: Registeel|[miss]\n|-miss|p1a: Sinistcha|p2a: Registeel\n|cant|p2a: Registeel|slp\n|\n|-heal|p1a: Sinistcha|166/254 tox|[from] item: Leftovers\n|-damage|p1a: Sinistcha|91/254 tox|[from] psn\n|upkeep\n|turn|21\n|\n|t:|1771237207\n|move|p1a: Sinistcha|Strength Sap|p2a: Registeel\n|-fail|p2a: Registeel|unboost|[from] ability: Clear Body|[of] p2a: Registeel\n|-heal|p1a: Sinistcha|254/254 tox\n|cant|p2a: Registeel|slp\n|\n|-damage|p1a: Sinistcha|164/254 tox|[from] psn\n|upkeep\n|turn|22\n|\n|t:|1771237213\n|switch|p1a: Reuniclus|Reuniclus, L88, F|177/337\n|-curestatus|p2a: Registeel|slp|[msg]\n|move|p2a: Registeel|Iron Head|p1a: Reuniclus\n|-damage|p1a: Reuniclus|108/337\n|\n|upkeep\n|turn|23\n|\n|t:|1771237221\n|switch|p1a: Sinistcha|Sinistcha, L83|164/254 tox\n|move|p2a: Registeel|Body Press|p1a: Sinistcha\n|-immune|p1a: Sinistcha\n|\n|-heal|p1a: Sinistcha|179/254 tox|[from] item: Leftovers\n|-damage|p1a: Sinistcha|164/254 tox|[from] psn\n|upkeep\n|turn|24\n|\n|t:|1771237224\n|move|p1a: Sinistcha|Matcha Gotcha|p2a: Registeel\n|-damage|p2a: Registeel|195/262\n|-heal|p1a: Sinistcha|198/254 tox|[from] drain|[of] p2a: Registeel\n|move|p2a: Registeel|Iron Head|p1a: Sinistcha\n|-damage|p1a: Sinistcha|141/254 tox\n|\n|-heal|p1a: Sinistcha|156/254 tox|[from] item: Leftovers\n|-damage|p1a: Sinistcha|126/254 tox|[from] psn\n|upkeep\n|turn|25\n|\n|t:|1771237229\n|move|p1a: Sinistcha|Strength Sap|p2a: Registeel\n|-fail|p2a: Registeel|unboost|[from] ability: Clear Body|[of] p2a: Registeel\n|-heal|p1a: Sinistcha|254/254 tox\n|move|p2a: Registeel|Iron Head|p1a: Sinistcha\n|-damage|p1a: Sinistcha|202/254 tox\n|\n|-heal|p1a: Sinistcha|217/254 tox|[from] item: Leftovers\n|-damage|p1a: Sinistcha|172/254 tox|[from] psn\n|upkeep\n|turn|26\n|\n|t:|1771237238\n|switch|p1a: Heracross|Heracross, L80, F|259/259\n|move|p2a: Registeel|Iron Head|p1a: Heracross\n|-damage|p1a: Heracross|186/259\n|\n|upkeep\n|turn|27\n|\n|t:|1771237251\n|move|p1a: Heracross|Close Combat|p2a: Registeel\n|-damage|p2a: Registeel|171/262\n|-unboost|p1a: Heracross|def|1\n|-unboost|p1a: Heracross|spd|1\n|move|p2a: Registeel|Body Press|p1a: Heracross\n|-resisted|p1a: Heracross\n|-damage|p1a: Heracross|0 fnt\n|faint|p1a: Heracross\n|\n|upkeep\n|\n|t:|1771237262\n|switch|p1a: Sinistcha|Sinistcha, L83|172/254 tox\n|turn|28\n|\n|t:|1771237267\n|move|p1a: Sinistcha|Matcha Gotcha|p2a: Registeel\n|-damage|p2a: Registeel|105/262\n|-heal|p1a: Sinistcha|205/254 tox|[from] drain|[of] p2a: Registeel\n|-status|p2a: Registeel|brn\n|move|p2a: Registeel|Iron Head|p1a: Sinistcha\n|-damage|p1a: Sinistcha|178/254 tox\n|\n|-heal|p1a: Sinistcha|193/254 tox|[from] item: Leftovers\n|-damage|p1a: Sinistcha|178/254 tox|[from] psn\n|-damage|p2a: Registeel|89/262 brn|[from] brn\n|upkeep\n|turn|29\n|\n|t:|1771237271\n|switch|p1a: Reuniclus|Reuniclus, L88, F|108/337\n|move|p2a: Registeel|Rest|p2a: Registeel\n|-status|p2a: Registeel|slp|[from] move: Rest\n|-heal|p2a: Registeel|262/262 slp|[silent]\n|\n|upkeep\n|turn|30\n|\n|t:|1771237277\n|cant|p2a: Registeel|slp\n|move|p1a: Reuniclus|Recover|p1a: Reuniclus\n|-heal|p1a: Reuniclus|277/337\n|\n|upkeep\n|turn|31\n|\n|t:|1771237280\n|cant|p2a: Registeel|slp\n|move|p1a: Reuniclus|Psychic|p2a: Registeel\n|-supereffective|p2a: Registeel\n|-damage|p2a: Registeel|49/262 slp\n|\n|upkeep\n|turn|32\n|\n|t:|1771237289\n|-curestatus|p2a: Registeel|slp|[msg]\n|move|p2a: Registeel|Rest|p2a: Registeel\n|-status|p2a: Registeel|slp|[from] move: Rest\n|-heal|p2a: Registeel|262/262 slp|[silent]\n|move|p1a: Reuniclus|Psychic|p2a: Registeel\n|-supereffective|p2a: Registeel\n|-damage|p2a: Registeel|49/262 slp\n|\n|upkeep\n|turn|33\n|\n|t:|1771237294\n|cant|p2a: Registeel|slp\n|move|p1a: Reuniclus|Focus Blast|p2a: Registeel\n|-damage|p2a: Registeel|0 fnt\n|faint|p2a: Registeel\n|\n|upkeep\n|\n|t:|1771237300\n|switch|p2a: Barraskewda|Barraskewda, L81, F|231/231\n|turn|34\n|\n|t:|1771237307\n|switch|p1a: Raikou|Raikou, L81|16/278 slp\n|-ability|p1a: Raikou|Pressure\n|move|p2a: Barraskewda|Throat Chop|p1a: Raikou\n|-damage|p1a: Raikou|0 fnt\n|faint|p1a: Raikou\n|\n|upkeep\n|\n|t:|1771237312\n|switch|p1a: Cloyster|Cloyster, L80, M|211/211\n|turn|35\n|\n|t:|1771237320\n|switch|p2a: Wigglytuff|Wigglytuff, L96, M|243/424\n|move|p1a: Cloyster|Shell Smash|p1a: Cloyster\n|-unboost|p1a: Cloyster|def|1\n|-unboost|p1a: Cloyster|spd|1\n|-boost|p1a: Cloyster|atk|2\n|-boost|p1a: Cloyster|spa|2\n|-boost|p1a: Cloyster|spe|2\n|-enditem|p1a: Cloyster|White Herb\n|-clearnegativeboost|p1a: Cloyster|[silent]\n|\n|-heal|p2a: Wigglytuff|269/424|[from] item: Leftovers\n|upkeep\n|turn|36\n|\n|t:|1771237323\n|move|p1a: Cloyster|Icicle Spear|p2a: Wigglytuff\n|-damage|p2a: Wigglytuff|206/424\n|-damage|p2a: Wigglytuff|134/424\n|-damage|p2a: Wigglytuff|71/424\n|-damage|p2a: Wigglytuff|5/424\n|-damage|p2a: Wigglytuff|0 fnt\n|faint|p2a: Wigglytuff\n|-hitcount|p2: Wigglytuff|5\n|\n|upkeep\n|\n|t:|1771237328\n|switch|p2a: Golduck|Golduck, L90, F|290/290\n|-ability|p2a: Golduck|Cloud Nine\n|turn|37\n|\n|t:|1771237337\n|move|p1a: Cloyster|Rock Blast|p2a: Golduck\n|-damage|p2a: Golduck|259/290\n|-damage|p2a: Golduck|224/290\n|-damage|p2a: Golduck|192/290\n|-damage|p2a: Golduck|158/290\n|-damage|p2a: Golduck|126/290\n|-hitcount|p2a: Golduck|5\n|move|p2a: Golduck|Grass Knot|p1a: Cloyster\n|-supereffective|p1a: Cloyster\n|-damage|p1a: Cloyster|0 fnt\n|faint|p1a: Cloyster\n|-damage|p2a: Golduck|97/290|[from] item: Life Orb\n|\n|upkeep\n|\n|t:|1771237347\n|switch|p1a: Iron Boulder|Iron Boulder, L77|148/265\n|turn|38\n|\n|t:|1771237359\n|move|p1a: Iron Boulder|Mighty Cleave|p2a: Golduck\n|-damage|p2a: Golduck|0 fnt\n|faint|p2a: Golduck\n|-damage|p1a: Iron Boulder|122/265|[from] item: Life Orb\n|\n|upkeep\n|\n|t:|1771237360\n|switch|p2a: Barraskewda|Barraskewda, L81, F|231/231\n|turn|39\n|\n|t:|1771237367\n|-end|p1a: Iron Boulder|Quark Drive|[silent]\n|switch|p1a: Sinistcha|Sinistcha, L83|178/254 tox\n|move|p2a: Barraskewda|Flip Turn|p1a: Sinistcha\n|-resisted|p1a: Sinistcha\n|-damage|p1a: Sinistcha|133/254 tox\n|\n|t:|1771237370\n|switch|p2a: Mandibuzz|Mandibuzz, L85, F|142/326|[from] Flip Turn\n|\n|-heal|p1a: Sinistcha|148/254 tox|[from] item: Leftovers\n|-damage|p1a: Sinistcha|133/254 tox|[from] psn\n|upkeep\n|turn|40\n|\n|t:|1771237380\n|-terastallize|p1a: Sinistcha|Steel\n|move|p2a: Mandibuzz|Roost|p2a: Mandibuzz\n|-heal|p2a: Mandibuzz|305/326\n|-singleturn|p2a: Mandibuzz|move: Roost\n|move|p1a: Sinistcha|Strength Sap|p2a: Mandibuzz\n|-unboost|p2a: Mandibuzz|atk|1\n|-heal|p1a: Sinistcha|254/254 tox\n|\n|-damage|p1a: Sinistcha|224/254 tox|[from] psn\n|upkeep\n|turn|41\n|\n|t:|1771237385\n|move|p2a: Mandibuzz|Foul Play|p1a: Sinistcha\n|-damage|p1a: Sinistcha|179/254 tox\n|move|p1a: Sinistcha|Matcha Gotcha|p2a: Mandibuzz\n|-resisted|p2a: Mandibuzz\n|-damage|p2a: Mandibuzz|257/326\n|-heal|p1a: Sinistcha|203/254 tox|[from] drain|[of] p2a: Mandibuzz\n|-status|p2a: Mandibuzz|brn\n|\n|-heal|p1a: Sinistcha|218/254 tox|[from] item: Leftovers\n|-damage|p1a: Sinistcha|173/254 tox|[from] psn\n|-damage|p2a: Mandibuzz|237/326 brn|[from] brn\n|upkeep\n|turn|42\n|\n|t:|1771237391\n|switch|p2a: Amoonguss|Amoonguss, L82, M|321/321 brn\n|switch|p1a: Iron Boulder|Iron Boulder, L77|122/265\n|\n|-damage|p2a: Amoonguss|301/321 brn|[from] brn\n|upkeep\n|turn|43\n|\n|t:|1771237396\n|move|p1a: Iron Boulder|Zen Headbutt|p2a: Amoonguss\n|-supereffective|p2a: Amoonguss\n|-damage|p2a: Amoonguss|49/321 brn\n|-damage|p1a: Iron Boulder|96/265|[from] item: Life Orb\n|move|p2a: Amoonguss|Giga Drain|p1a: Iron Boulder\n|-supereffective|p1a: Iron Boulder\n|-damage|p1a: Iron Boulder|0 fnt\n|-heal|p2a: Amoonguss|97/321 brn|[from] drain|[of] p1a: Iron Boulder\n|faint|p1a: Iron Boulder\n|-end|p1a: Iron Boulder|Quark Drive|[silent]\n|\n|-heal|p2a: Amoonguss|117/321 brn|[from] item: Leftovers\n|-damage|p2a: Amoonguss|97/321 brn|[from] brn\n|upkeep\n|\n|t:|1771237406\n|switch|p1a: Reuniclus|Reuniclus, L88, F|277/337\n|turn|44\n|\n|t:|1771237411\n|move|p1a: Reuniclus|Psychic|p2a: Amoonguss\n|-supereffective|p2a: Amoonguss\n|-crit|p2a: Amoonguss\n|-damage|p2a: Amoonguss|0 fnt\n|faint|p2a: Amoonguss\n|\n|upkeep\n|l|☆Yep c moi\n|inactive|Yep c moi disconnected and has a minute to reconnect!\n|player|p2|\n|j|☆Yep c moi\n|inactive|Yep c moi reconnected and has 120 seconds left.\n|player|p2|Yep c moi|aaron|\n|c|☆morgandorfer|Nice rage quit, baby gurl 😘\n|\n|t:|1771237449\n|switch|p2a: Barraskewda|Barraskewda, L81, F|231/231\n|turn|45\n|\n|t:|1771237457\n|move|p2a: Barraskewda|Throat Chop|p1a: Reuniclus\n|-supereffective|p1a: Reuniclus\n|-damage|p1a: Reuniclus|69/337\n|-start|p1a: Reuniclus|Throat Chop|[silent]\n|move|p1a: Reuniclus|Psychic|p2a: Barraskewda\n|-damage|p2a: Barraskewda|0 fnt\n|faint|p2a: Barraskewda\n|\n|upkeep\n|\n|t:|1771237462\n|switch|p2a: Mandibuzz|Mandibuzz, L85, F|237/326 brn\n|turn|46\n|\n|t:|1771237468\n|move|p2a: Mandibuzz|Foul Play|p1a: Reuniclus\n|-supereffective|p1a: Reuniclus\n|-damage|p1a: Reuniclus|5/337\n|move|p1a: Reuniclus|Recover|p1a: Reuniclus\n|-heal|p1a: Reuniclus|174/337\n|\n|-damage|p2a: Mandibuzz|217/326 brn|[from] brn\n|-end|p1a: Reuniclus|Throat Chop|[silent]\n|upkeep\n|turn|47\n|\n|t:|1771237478\n|move|p2a: Mandibuzz|Foul Play|p1a: Reuniclus\n|-supereffective|p1a: Reuniclus\n|-damage|p1a: Reuniclus|113/337\n|move|p1a: Reuniclus|Recover|p1a: Reuniclus\n|-heal|p1a: Reuniclus|282/337\n|\n|-damage|p2a: Mandibuzz|197/326 brn|[from] brn\n|upkeep\n|turn|48\n|\n|t:|1771237497\n|move|p2a: Mandibuzz|Roost|p2a: Mandibuzz\n|-heal|p2a: Mandibuzz|326/326 brn\n|-singleturn|p2a: Mandibuzz|move: Roost\n|move|p1a: Reuniclus|Calm Mind|p1a: Reuniclus\n|-boost|p1a: Reuniclus|spa|1\n|-boost|p1a: Reuniclus|spd|1\n|\n|-damage|p2a: Mandibuzz|306/326 brn|[from] brn\n|upkeep\n|turn|49\n|\n|t:|1771237502\n|move|p2a: Mandibuzz|Foul Play|p1a: Reuniclus\n|-supereffective|p1a: Reuniclus\n|-damage|p1a: Reuniclus|224/337\n|move|p1a: Reuniclus|Calm Mind|p1a: Reuniclus\n|-boost|p1a: Reuniclus|spa|1\n|-boost|p1a: Reuniclus|spd|1\n|\n|-damage|p2a: Mandibuzz|286/326 brn|[from] brn\n|upkeep\n|turn|50\n|-message|Yep c moi forfeited.\n|\n|win|morgandorfer\n|raw|morgandorfer's rating: 1657 &rarr; <strong>1680</strong><br />(+23 for winning)\n|raw|Yep c moi's rating: 1701 &rarr; <strong>1678</strong><br />(-23 for losing)\n|l|☆Yep c moi\n|player|p2|\n", "inputlog": ">version 686819e5e19f8a7fd2345cfc5a08a5085efa2cc3\n>start {\"formatid\":\"gen9randombattle\",\"seed\":\"sodium,a4a53d8a75356db110ec13baaceab953\",\"rated\":\"Rated battle\"}\n>player p1 {\"name\":\"morgandorfer\",\"avatar\":\"camper\",\"rating\":1657,\"seed\":\"sodium,f0d50327abf5973232bddb89238643f6\"}\n>player p2 {\"name\":\"Yep c moi\",\"avatar\":\"aaron\",\"rating\":1701,\"seed\":\"sodium,f82bbf8c68fb5a8bad00d901201bf2ca\"}\n>p1 move thunderbolt\n>p2 move knockoff\n>p1 move scald\n>p2 switch 5\n>p1 move voltswitch\n>p2 move toxic\n>p1 switch 6\n>p1 switch 3\n>p2 switch 6\n>p1 move focusblast\n>p2 move bravebird\n>p1 move recover\n>p2 move foulplay\n>p1 move focusblast\n>p2 move foulplay\n>p1 move recover\n>p2 move foulplay\n>p1 switch 6\n>p2 switch 3\n>p1 move voltswitch\n>p2 move flipturn\n>p2 switch 6\n>p1 switch 6\n>p1 switch 6\n>p2 move spore\n>p1 switch 4\n>p2 move sludgebomb\n>p1 move mightycleave\n>p2 switch 4\n>p1 move closecombat\n>p2 move irondefense\n>p1 move closecombat\n>p2 move rest terastallize\n>p1 switch 3\n>p2 move irondefense\n>p1 move calmmind\n>p2 move irondefense\n>p1 move matchagotcha\n>p2 move ironhead\n>p1 move calmmind\n>p2 move rest\n>p1 move matchagotcha\n>p2 move ironhead\n>p1 move strengthsap\n>p2 move ironhead\n>p1 switch 6\n>p2 move ironhead\n>p1 switch 6\n>p2 move bodypress\n>p1 move matchagotcha\n>p2 move ironhead\n>p1 move strengthsap\n>p2 move ironhead\n>p1 switch 5\n>p2 move ironhead\n>p1 move closecombat\n>p2 move bodypress\n>p1 switch 5\n>p1 move matchagotcha\n>p2 move ironhead\n>p1 switch 6\n>p2 move rest\n>p1 move recover\n>p2 move bodypress\n>p1 move psychic\n>p2 move bodypress\n>p1 move psychic\n>p2 move rest\n>p1 move focusblast\n>p2 move bodypress\n>p2 switch 6\n>p1 switch 4\n>p2 move throatchop\n>p1 switch 2\n>p1 move shellsmash\n>p2 switch 5\n>p1 move iciclespear\n>p2 move thunderwave\n>p2 switch 2\n>p1 move rockblast\n>p2 move grassknot\n>p1 switch 3\n>p1 move mightycleave\n>p2 move hydropump\n>p2 switch 5\n>p1 switch 6\n>p2 move flipturn\n>p2 switch 3\n>p1 move strengthsap terastallize\n>p2 move roost\n>p1 move matchagotcha\n>p2 move foulplay\n>p1 switch 6\n>p2 switch 4\n>p1 move zenheadbutt\n>p2 move gigadrain\n>p1 switch 4\n>p1 move psychic\n>p2 move spore\n>chat ☆morgandorfer|Nice rage quit, baby gurl 😘\n>p2 switch 3\n>p1 move psychic\n>p2 move throatchop\n>p2 switch 4\n>p1 move recover\n>p2 move foulplay\n>p1 move recover\n>p2 move foulplay\n>p1 move calmmind\n>p2 move roost\n>p1 move calmmind\n>p2 move foulplay\n>forcelose p2", "uploadtime": 1771237516, "views": 13, "formatid": "gen9randombattle", "rating": 1678, "private": 0, "password": null}