{"id": "gen9randombattle-2540184983", "format": "[Gen 9] Random Battle", "players": ["Thussy", "YouHavingAGiggle"], "log": "|j|‽Thussy\n|j|☆YouHavingAGiggle\n|t:|1771173193\n|gametype|singles\n|player|p1|Thussy|265|1634\n|player|p2|YouHavingAGiggle|2|1666\n|gen|9\n|tier|[Gen 9] Random Battle\n|rated|\n|rule|Species Clause: Limit one of each Pokémon\n|rule|HP Percentage Mod: HP is shown in percentages\n|rule|Sleep Clause Mod: Limit one foe put to sleep\n|rule|Illusion Level Mod: Illusion disguises the Pokémon's true level\n|\n|t:|1771173193\n|teamsize|p1|6\n|teamsize|p2|6\n|start\n|switch|p1a: Zekrom|Zekrom, L71|259/259\n|switch|p2a: Swampert|Swampert, L83, M|302/302\n|-ability|p1a: Zekrom|Teravolt\n|turn|1\n|\n|t:|1771173208\n|switch|p1a: Lumineon|Lumineon, L93, F|279/279\n|move|p2a: Swampert|Knock Off|p1a: Lumineon\n|-damage|p1a: Lumineon|203/279\n|-enditem|p1a: Lumineon|Life Orb|[from] move: Knock Off|[of] p2a: Swampert\n|\n|upkeep\n|turn|2\n|\n|t:|1771173251\n|switch|p2a: Houndstone|Houndstone, L86, F|264/264\n|move|p1a: Lumineon|Hydro Pump|p2a: Houndstone\n|-damage|p2a: Houndstone|161/264\n|\n|-heal|p2a: Houndstone|177/264|[from] item: Leftovers\n|upkeep\n|turn|3\n|\n|t:|1771173261\n|switch|p1a: Mandibuzz|Mandibuzz, L85, F|326/326\n|move|p2a: Houndstone|Roar|p1a: Mandibuzz\n|drag|p1a: Tyranitar|Tyranitar, L78, F|284/284\n|-weather|Sandstorm|[from] ability: Sand Stream|[of] p1a: Tyranitar\n|\n|-weather|Sandstorm|[upkeep]\n|-damage|p2a: Houndstone|161/264|[from] Sandstorm\n|-heal|p2a: Houndstone|177/264|[from] item: Leftovers\n|upkeep\n|turn|4\n|\n|t:|1771173271\n|move|p2a: Houndstone|Body Press|p1a: Tyranitar\n|-supereffective|p1a: Tyranitar\n|-damage|p1a: Tyranitar|64/284\n|move|p1a: Tyranitar|Knock Off|p2a: Houndstone\n|-supereffective|p2a: Houndstone\n|-damage|p2a: Houndstone|65/264\n|-enditem|p2a: Houndstone|Leftovers|[from] move: Knock Off|[of] p1a: Tyranitar\n|\n|-weather|Sandstorm|[upkeep]\n|-damage|p2a: Houndstone|49/264|[from] Sandstorm\n|-heal|p1a: Tyranitar|81/284|[from] item: Leftovers\n|upkeep\n|turn|5\n|\n|t:|1771173279\n|switch|p1a: Mandibuzz|Mandibuzz, L85, F|326/326\n|move|p2a: Houndstone|Body Press|p1a: Mandibuzz\n|-damage|p1a: Mandibuzz|271/326\n|\n|-weather|Sandstorm|[upkeep]\n|-damage|p2a: Houndstone|33/264|[from] Sandstorm\n|upkeep\n|turn|6\n|\n|t:|1771173292\n|move|p1a: Mandibuzz|Foul Play|p2a: Houndstone\n|-supereffective|p2a: Houndstone\n|-damage|p2a: Houndstone|0 fnt\n|faint|p2a: Houndstone\n|\n|-weather|Sandstorm|[upkeep]\n|upkeep\n|\n|t:|1771173306\n|switch|p2a: Perrserker|Perrserker, L89, M|269/269\n|turn|7\n|\n|t:|1771173315\n|move|p1a: Mandibuzz|Foul Play|p2a: Perrserker\n|-damage|p2a: Perrserker|164/269\n|move|p2a: Perrserker|Stealth Rock|p1a: Mandibuzz\n|-sidestart|p1: Thussy|move: Stealth Rock\n|\n|-weather|none\n|upkeep\n|turn|8\n|\n|t:|1771173325\n|move|p1a: Mandibuzz|Foul Play|p2a: Perrserker\n|-damage|p2a: Perrserker|55/269\n|move|p2a: Perrserker|Iron Head|p1a: Mandibuzz\n|-damage|p1a: Mandibuzz|84/326\n|-damage|p2a: Perrserker|29/269|[from] item: Life Orb\n|\n|upkeep\n|turn|9\n|\n|t:|1771173333\n|move|p1a: Mandibuzz|Roost|p1a: Mandibuzz\n|-heal|p1a: Mandibuzz|247/326\n|-singleturn|p1a: Mandibuzz|move: Roost\n|move|p2a: Perrserker|Iron Head|p1a: Mandibuzz\n|-damage|p1a: Mandibuzz|72/326\n|-damage|p2a: Perrserker|3/269|[from] item: Life Orb\n|\n|upkeep\n|turn|10\n|\n|t:|1771173342\n|move|p1a: Mandibuzz|Roost|p1a: Mandibuzz\n|-heal|p1a: Mandibuzz|235/326\n|-singleturn|p1a: Mandibuzz|move: Roost\n|move|p2a: Perrserker|Iron Head|p1a: Mandibuzz\n|-damage|p1a: Mandibuzz|52/326\n|-damage|p2a: Perrserker|0 fnt|[from] item: Life Orb\n|faint|p2a: Perrserker\n|\n|upkeep\n|\n|t:|1771173356\n|switch|p2a: Meloetta|Meloetta, L82|298/298\n|turn|11\n|\n|t:|1771173365\n|switch|p1a: Tyranitar|Tyranitar, L78, F|81/284\n|-damage|p1a: Tyranitar|46/284|[from] Stealth Rock\n|-weather|Sandstorm|[from] ability: Sand Stream|[of] p1a: Tyranitar\n|move|p2a: Meloetta|Relic Song|p1a: Tyranitar\n|-resisted|p1a: Tyranitar\n|-damage|p1a: Tyranitar|4/284\n|-formechange|p2a: Meloetta|Meloetta-Pirouette|[msg]\n|-damage|p2a: Meloetta|269/298|[from] item: Life Orb\n|\n|-weather|Sandstorm|[upkeep]\n|-damage|p2a: Meloetta|251/298|[from] Sandstorm\n|-heal|p1a: Tyranitar|21/284|[from] item: Leftovers\n|upkeep\n|turn|12\n|\n|t:|1771173382\n|move|p2a: Meloetta|Knock Off|p1a: Tyranitar\n|-resisted|p1a: Tyranitar\n|-damage|p1a: Tyranitar|0 fnt\n|-enditem|p1a: Tyranitar|Leftovers|[from] move: Knock Off|[of] p2a: Meloetta\n|faint|p1a: Tyranitar\n|-damage|p2a: Meloetta|222/298|[from] item: Life Orb\n|\n|-weather|Sandstorm|[upkeep]\n|-damage|p2a: Meloetta|204/298|[from] Sandstorm\n|upkeep\n|\n|t:|1771173394\n|switch|p1a: Lumineon|Lumineon, L93, F|203/279\n|-damage|p1a: Lumineon|169/279|[from] Stealth Rock\n|turn|13\n|\n|t:|1771173400\n|move|p2a: Meloetta|Close Combat|p1a: Lumineon\n|-damage|p1a: Lumineon|0 fnt\n|-unboost|p2a: Meloetta|def|1\n|-unboost|p2a: Meloetta|spd|1\n|faint|p1a: Lumineon\n|-damage|p2a: Meloetta|175/298|[from] item: Life Orb\n|\n|-weather|Sandstorm|[upkeep]\n|-damage|p2a: Meloetta|157/298|[from] Sandstorm\n|upkeep\n|\n|t:|1771173412\n|switch|p1a: Zekrom|Zekrom, L71|259/259\n|-damage|p1a: Zekrom|227/259|[from] Stealth Rock\n|-ability|p1a: Zekrom|Teravolt\n|turn|14\n|\n|t:|1771173427\n|-terastallize|p1a: Zekrom|Fairy\n|move|p2a: Meloetta|Triple Axel|p1a: Zekrom|[miss]\n|-miss|p2a: Meloetta|p1a: Zekrom\n|move|p1a: Zekrom|Substitute|p1a: Zekrom\n|-start|p1a: Zekrom|Substitute\n|-damage|p1a: Zekrom|163/259\n|\n|-weather|Sandstorm|[upkeep]\n|-damage|p2a: Meloetta|139/298|[from] Sandstorm\n|-damage|p1a: Zekrom|147/259|[from] Sandstorm\n|-heal|p1a: Zekrom|163/259|[from] item: Leftovers\n|upkeep\n|turn|15\n|\n|t:|1771173439\n|move|p2a: Meloetta|Relic Song|p1a: Zekrom\n|-damage|p1a: Zekrom|69/259\n|-formechange|p2a: Meloetta|Meloetta|[msg]\n|-damage|p2a: Meloetta|110/298|[from] item: Life Orb\n|move|p1a: Zekrom|Dragon Dance|p1a: Zekrom\n|-boost|p1a: Zekrom|atk|1\n|-boost|p1a: Zekrom|spe|1\n|\n|-weather|none\n|-heal|p1a: Zekrom|85/259|[from] item: Leftovers\n|upkeep\n|turn|16\n|\n|t:|1771173452\n|move|p1a: Zekrom|Bolt Strike|p2a: Meloetta|[miss]\n|-miss|p1a: Zekrom|p2a: Meloetta\n|move|p2a: Meloetta|Relic Song|p1a: Zekrom\n|-damage|p1a: Zekrom|0 fnt\n|faint|p1a: Zekrom\n|-formechange|p2a: Meloetta|Meloetta-Pirouette|[msg]\n|-damage|p2a: Meloetta|81/298|[from] item: Life Orb\n|\n|upkeep\n|\n|t:|1771173457\n|switch|p1a: Porygon2|Porygon2, L81|270/270\n|-damage|p1a: Porygon2|237/270|[from] Stealth Rock\n|-ability|p1a: Porygon2|Download|boost\n|-boost|p1a: Porygon2|spa|1\n|turn|17\n|\n|t:|1771173466\n|move|p2a: Meloetta|Close Combat|p1a: Porygon2\n|-supereffective|p1a: Porygon2\n|-damage|p1a: Porygon2|0 fnt\n|-unboost|p2a: Meloetta|def|1\n|-unboost|p2a: Meloetta|spd|1\n|faint|p1a: Porygon2\n|-damage|p2a: Meloetta|52/298|[from] item: Life Orb\n|\n|upkeep\n|\n|t:|1771173471\n|switch|p1a: Mandibuzz|Mandibuzz, L85, F|52/326\n|turn|18\n|-message|Thussy forfeited.\n|\n|win|YouHavingAGiggle\n|raw|Thussy's rating: 1634 &rarr; <strong>1616</strong><br />(-18 for losing)\n|raw|YouHavingAGiggle's rating: 1666 &rarr; <strong>1684</strong><br />(+18 for winning)\n|l|‽Thussy\n|player|p1|\n", "inputlog": ">version 686819e5e19f8a7fd2345cfc5a08a5085efa2cc3\n>start {\"formatid\":\"gen9randombattle\",\"seed\":\"sodium,c0affe4b03f07092a374c8e84eb5e4b8\",\"rated\":\"Rated battle\"}\n>player p1 {\"name\":\"Thussy\",\"avatar\":\"265\",\"rating\":1634,\"seed\":\"sodium,0a7131d8a2435e717e0ff22ddfc48eb7\"}\n>player p2 {\"name\":\"YouHavingAGiggle\",\"avatar\":\"2\",\"rating\":1666,\"seed\":\"sodium,2c7ab2a2db9f513c0cd32c1d7a584a0f\"}\n>p1 switch 5\n>p2 move knockoff\n>p1 move hydropump\n>p2 switch 6\n>p1 switch 2\n>p2 move roar\n>p1 move knockoff\n>p2 move bodypress\n>p1 switch 3\n>p2 move bodypress\n>p1 move foulplay\n>p2 move bodypress\n>p2 switch 2\n>p1 move foulplay\n>p2 move stealthrock\n>p1 move foulplay\n>p2 move ironhead\n>p1 move roost\n>p2 move ironhead\n>p1 move roost\n>p2 move ironhead\n>p2 switch 3\n>p1 switch 3\n>p2 move relicsong\n>p1 move thunderwave\n>p2 move knockoff\n>p1 switch 2\n>p1 move alluringvoice\n>p2 move closecombat\n>p1 switch 5\n>p1 move substitute terastallize\n>p2 move tripleaxel\n>p1 move dragondance\n>p2 move relicsong\n>p1 move boltstrike\n>p2 move relicsong\n>p1 switch 6\n>p1 move terablast\n>p2 move closecombat\n>p1 switch 3\n>forcelose p1", "uploadtime": 1771173480, "views": 11, "formatid": "gen9randombattle", "rating": 1616, "private": 0, "password": null}