{"id": "gen9randombattle-2540378260", "format": "[Gen 9] Random Battle", "players": ["Micael Lopes", "UBHCA"], "log": "|j|☆Micael Lopes\n|j|☆UBHCA\n|t:|1771194828\n|gametype|singles\n|player|p1|Micael Lopes|benga|1804\n|player|p2|UBHCA|266|1846\n|gen|9\n|tier|[Gen 9] Random Battle\n|rated|\n|rule|Species Clause: Limit one of each Pokémon\n|rule|HP Percentage Mod: HP is shown in percentages\n|rule|Sleep Clause Mod: Limit one foe put to sleep\n|rule|Illusion Level Mod: Illusion disguises the Pokémon's true level\n|\n|t:|1771194828\n|teamsize|p1|6\n|teamsize|p2|6\n|start\n|switch|p1a: Brute Bonnet|Brute Bonnet, L81|312/312\n|switch|p2a: Flapple|Flapple, L88, F|266/266\n|turn|1\n|inactive|Battle timer is ON: inactive players will automatically lose when time's up. (requested by Micael Lopes)\n|inactive|UBHCA also wants the timer to be on.\n|\n|t:|1771194839\n|move|p2a: Flapple|Grav Apple|p1a: Brute Bonnet\n|-resisted|p1a: Brute Bonnet\n|-damage|p1a: Brute Bonnet|245/312\n|-unboost|p1a: Brute Bonnet|def|1\n|move|p1a: Brute Bonnet|Crunch|p2a: Flapple\n|-damage|p2a: Flapple|160/266\n|-unboost|p2a: Flapple|def|1\n|\n|-heal|p1a: Brute Bonnet|264/312|[from] item: Leftovers\n|upkeep\n|turn|2\n|inactive|Micael Lopes has 120 seconds left.\n|inactive|UBHCA has 120 seconds left.\n|\n|t:|1771194888\n|switch|p2a: Granbull|Granbull, L88, F|302/302\n|-ability|p2a: Granbull|Intimidate|boost\n|-unboost|p1a: Brute Bonnet|atk|1\n|-end|p1a: Brute Bonnet|Protosynthesis|[silent]\n|switch|p1a: Enamorus|Enamorus, L79, F|247/247\n|\n|upkeep\n|turn|3\n|\n|t:|1771194907\n|move|p1a: Enamorus|Taunt|p2a: Granbull\n|-start|p2a: Granbull|move: Taunt\n|cant|p2a: Granbull|move: Taunt|Thunder Wave\n|\n|upkeep\n|turn|4\n|\n|t:|1771194921\n|switch|p1a: Archaludon|Archaludon, L78, M|268/268\n|switch|p2a: Araquanid|Araquanid, L82, F|246/246\n|\n|upkeep\n|turn|5\n|\n|t:|1771194932\n|move|p1a: Archaludon|Thunder Wave|p2a: Araquanid\n|-status|p2a: Araquanid|par\n|move|p2a: Araquanid|Sticky Web|p1a: Archaludon\n|-sidestart|p1: Micael Lopes|move: Sticky Web\n|\n|upkeep\n|turn|6\n|\n|t:|1771194940\n|switch|p1a: Electrode|Electrode, L92|260/260\n|-activate|p1a: Electrode|move: Sticky Web\n|-unboost|p1a: Electrode|spe|1\n|switch|p2a: Iron Hands|Iron Hands, L79|373/373\n|\n|upkeep\n|turn|7\n|\n|t:|1771194947\n|move|p1a: Electrode|Volt Switch|p2a: Iron Hands\n|-resisted|p2a: Iron Hands\n|-damage|p2a: Iron Hands|315/373\n|-damage|p1a: Electrode|234/260|[from] item: Life Orb\n|inactive|Micael Lopes has 120 seconds left.\n|\n|t:|1771194960\n|switch|p1a: Archaludon|Archaludon, L78, M|268/268|[from] Volt Switch\n|-activate|p1a: Archaludon|move: Sticky Web\n|-unboost|p1a: Archaludon|spe|1\n|move|p2a: Iron Hands|Ice Punch|p1a: Archaludon\n|-damage|p1a: Archaludon|214/268\n|-ability|p1a: Archaludon|Stamina|boost\n|-boost|p1a: Archaludon|def|1\n|\n|-heal|p2a: Iron Hands|338/373|[from] item: Leftovers\n|-heal|p1a: Archaludon|230/268|[from] item: Leftovers\n|upkeep\n|turn|8\n|inactive|UBHCA has 120 seconds left.\n|\n|t:|1771194974\n|-terastallize|p1a: Archaludon|Fighting\n|move|p2a: Iron Hands|Swords Dance|p2a: Iron Hands\n|-boost|p2a: Iron Hands|atk|2\n|move|p1a: Archaludon|Body Press|p2a: Iron Hands\n|-damage|p2a: Iron Hands|209/373\n|\n|-heal|p2a: Iron Hands|232/373|[from] item: Leftovers\n|-heal|p1a: Archaludon|246/268|[from] item: Leftovers\n|upkeep\n|turn|9\n|\n|t:|1771194983\n|move|p2a: Iron Hands|Drain Punch|p1a: Archaludon\n|-damage|p1a: Archaludon|153/268\n|-heal|p2a: Iron Hands|279/373|[from] drain|[of] p1a: Archaludon\n|-ability|p1a: Archaludon|Stamina|boost\n|-boost|p1a: Archaludon|def|1\n|move|p1a: Archaludon|Draco Meteor|p2a: Iron Hands\n|-damage|p2a: Iron Hands|90/373\n|-unboost|p1a: Archaludon|spa|2\n|\n|-heal|p2a: Iron Hands|113/373|[from] item: Leftovers\n|-heal|p1a: Archaludon|169/268|[from] item: Leftovers\n|upkeep\n|turn|10\n|\n|t:|1771194993\n|move|p2a: Iron Hands|Drain Punch|p1a: Archaludon\n|-damage|p1a: Archaludon|91/268\n|-heal|p2a: Iron Hands|152/373|[from] drain|[of] p1a: Archaludon\n|-ability|p1a: Archaludon|Stamina|boost\n|-boost|p1a: Archaludon|def|1\n|move|p1a: Archaludon|Body Press|p2a: Iron Hands\n|-damage|p2a: Iron Hands|0 fnt\n|faint|p2a: Iron Hands\n|-end|p2a: Iron Hands|Quark Drive|[silent]\n|\n|-heal|p1a: Archaludon|107/268|[from] item: Leftovers\n|upkeep\n|inactive|UBHCA has 120 seconds left.\n|\n|t:|1771195009\n|switch|p2a: Glaceon|Glaceon, L94, F|275/275\n|turn|11\n|\n|t:|1771195025\n|move|p2a: Glaceon|Freeze-Dry|p1a: Archaludon\n|-damage|p1a: Archaludon|0 fnt\n|faint|p1a: Archaludon\n|\n|upkeep\n|\n|t:|1771195029\n|switch|p1a: Hitmonlee|Hitmonlee, L85, M|223/223\n|-activate|p1a: Hitmonlee|move: Sticky Web\n|-unboost|p1a: Hitmonlee|spe|1\n|turn|12\n|\n|t:|1771195038\n|switch|p2a: Granbull|Granbull, L88, F|302/302\n|-ability|p2a: Granbull|Intimidate|boost\n|-unboost|p1a: Hitmonlee|atk|1\n|move|p1a: Hitmonlee|Poison Jab|p2a: Granbull\n|-supereffective|p2a: Granbull\n|-damage|p2a: Granbull|144/302\n|\n|-heal|p2a: Granbull|162/302|[from] item: Leftovers\n|upkeep\n|turn|13\n|\n|t:|1771195054\n|move|p1a: Hitmonlee|Poison Jab|p2a: Granbull\n|-supereffective|p2a: Granbull\n|-damage|p2a: Granbull|24/302\n|move|p2a: Granbull|Play Rough|p1a: Hitmonlee\n|-supereffective|p1a: Hitmonlee\n|-damage|p1a: Hitmonlee|0 fnt\n|faint|p1a: Hitmonlee\n|\n|-heal|p2a: Granbull|42/302|[from] item: Leftovers\n|upkeep\n|\n|t:|1771195058\n|switch|p1a: Enamorus|Enamorus, L79, F|247/247\n|turn|14\n|\n|t:|1771195075\n|switch|p2a: Latias|Latias, L79, F|256/256\n|move|p1a: Enamorus|Superpower|p2a: Latias\n|-resisted|p2a: Latias\n|-damage|p2a: Latias|212/256\n|-boost|p1a: Enamorus|atk|1\n|-boost|p1a: Enamorus|def|1\n|\n|upkeep\n|turn|15\n|inactive|UBHCA has 120 seconds left.\n|\n|t:|1771195104\n|move|p2a: Latias|Psyshock|p1a: Enamorus\n|-damage|p1a: Enamorus|163/247\n|move|p1a: Enamorus|Superpower|p2a: Latias\n|-resisted|p2a: Latias\n|-damage|p2a: Latias|144/256\n|-boost|p1a: Enamorus|atk|1\n|-boost|p1a: Enamorus|def|1\n|\n|upkeep\n|turn|16\n|\n|t:|1771195113\n|move|p2a: Latias|Psyshock|p1a: Enamorus\n|-crit|p1a: Enamorus\n|-damage|p1a: Enamorus|0 fnt\n|faint|p1a: Enamorus\n|\n|upkeep\n|\n|t:|1771195119\n|switch|p1a: Brute Bonnet|Brute Bonnet, L81|264/312\n|-activate|p1a: Brute Bonnet|move: Sticky Web\n|-unboost|p1a: Brute Bonnet|spe|1\n|turn|17\n|\n|t:|1771195130\n|switch|p2a: Araquanid|Araquanid, L82, F|246/246 par\n|move|p1a: Brute Bonnet|Crunch|p2a: Araquanid\n|-damage|p2a: Araquanid|141/246 par\n|\n|-heal|p1a: Brute Bonnet|283/312|[from] item: Leftovers\n|upkeep\n|turn|18\n|\n|t:|1771195135\n|move|p1a: Brute Bonnet|Crunch|p2a: Araquanid\n|-damage|p2a: Araquanid|50/246 par\n|cant|p2a: Araquanid|par\n|\n|-heal|p1a: Brute Bonnet|302/312|[from] item: Leftovers\n|upkeep\n|turn|19\n|\n|t:|1771195148\n|move|p1a: Brute Bonnet|Crunch|p2a: Araquanid\n|-damage|p2a: Araquanid|0 fnt\n|faint|p2a: Araquanid\n|\n|-heal|p1a: Brute Bonnet|312/312|[from] item: Leftovers\n|upkeep\n|\n|t:|1771195152\n|switch|p2a: Glaceon|Glaceon, L94, F|275/275\n|turn|20\n|\n|t:|1771195161\n|move|p2a: Glaceon|Freeze-Dry|p1a: Brute Bonnet\n|-supereffective|p1a: Brute Bonnet\n|-damage|p1a: Brute Bonnet|106/312\n|move|p1a: Brute Bonnet|Spore|p2a: Glaceon\n|-status|p2a: Glaceon|slp|[from] move: Spore\n|\n|-heal|p1a: Brute Bonnet|125/312|[from] item: Leftovers\n|upkeep\n|turn|21\n|\n|t:|1771195189\n|switch|p2a: Granbull|Granbull, L88, F|42/302\n|-ability|p2a: Granbull|Intimidate|boost\n|-unboost|p1a: Brute Bonnet|atk|1\n|move|p1a: Brute Bonnet|Close Combat|p2a: Granbull\n|-resisted|p2a: Granbull\n|-damage|p2a: Granbull|9/302\n|-unboost|p1a: Brute Bonnet|def|1\n|-unboost|p1a: Brute Bonnet|spd|1\n|\n|-heal|p2a: Granbull|27/302|[from] item: Leftovers\n|-heal|p1a: Brute Bonnet|144/312|[from] item: Leftovers\n|upkeep\n|turn|22\n|\n|t:|1771195208\n|move|p1a: Brute Bonnet|Sucker Punch|p2a: Granbull\n|-resisted|p2a: Granbull\n|-damage|p2a: Granbull|0 fnt\n|faint|p2a: Granbull\n|\n|-heal|p1a: Brute Bonnet|163/312|[from] item: Leftovers\n|upkeep\n|\n|t:|1771195212\n|switch|p2a: Flapple|Flapple, L88, F|160/266\n|turn|23\n|\n|t:|1771195217\n|-end|p1a: Brute Bonnet|Protosynthesis|[silent]\n|switch|p1a: Electrode|Electrode, L92|234/260\n|-activate|p1a: Electrode|move: Sticky Web\n|-unboost|p1a: Electrode|spe|1\n|move|p2a: Flapple|Outrage|p1a: Electrode\n|-damage|p1a: Electrode|0 fnt\n|-status|p2a: Flapple|par|[from] ability: Static|[of] p1a: Electrode\n|faint|p1a: Electrode\n|\n|upkeep\n|\n|t:|1771195221\n|switch|p1a: Bastiodon|Bastiodon, L89, M|252/252\n|-activate|p1a: Bastiodon|move: Sticky Web\n|-unboost|p1a: Bastiodon|spe|1\n|turn|24\n|\n|t:|1771195224\n|move|p2a: Flapple|Outrage|p1a: Bastiodon|[from] lockedmove|[miss]\n|-miss|p2a: Flapple|p1a: Bastiodon\n|-start|p2a: Flapple|confusion|[fatigue]\n|move|p1a: Bastiodon|Iron Defense|p1a: Bastiodon\n|-boost|p1a: Bastiodon|def|2\n|\n|upkeep\n|turn|25\n|\n|t:|1771195228\n|-activate|p2a: Flapple|confusion\n|move|p2a: Flapple|Grav Apple|p1a: Bastiodon\n|-damage|p1a: Bastiodon|209/252\n|-unboost|p1a: Bastiodon|def|1\n|move|p1a: Bastiodon|Iron Defense|p1a: Bastiodon\n|-boost|p1a: Bastiodon|def|2\n|\n|upkeep\n|turn|26\n|\n|t:|1771195234\n|-activate|p2a: Flapple|confusion\n|cant|p2a: Flapple|par\n|move|p1a: Bastiodon|Iron Defense|p1a: Bastiodon\n|-boost|p1a: Bastiodon|def|2\n|\n|upkeep\n|turn|27\n|\n|t:|1771195244\n|-activate|p2a: Flapple|confusion\n|-damage|p2a: Flapple|127/266 par|[from] confusion\n|move|p1a: Bastiodon|Body Press|p2a: Flapple\n|-damage|p2a: Flapple|0 fnt\n|faint|p2a: Flapple\n|\n|upkeep\n|\n|t:|1771195254\n|switch|p2a: Latias|Latias, L79, F|144/256\n|turn|28\n|\n|t:|1771195262\n|move|p2a: Latias|Draco Meteor|p1a: Bastiodon\n|-resisted|p1a: Bastiodon\n|-damage|p1a: Bastiodon|157/252\n|-unboost|p2a: Latias|spa|2\n|move|p1a: Bastiodon|Body Press|p2a: Latias\n|-resisted|p2a: Latias\n|-damage|p2a: Latias|0 fnt\n|faint|p2a: Latias\n|\n|upkeep\n|\n|t:|1771195264\n|switch|p2a: Glaceon|Glaceon, L94, F|275/275 slp\n|turn|29\n|\n|t:|1771195267\n|-terastallize|p2a: Glaceon|Ground\n|cant|p2a: Glaceon|slp\n|move|p1a: Bastiodon|Body Press|p2a: Glaceon\n|-damage|p2a: Glaceon|23/275 slp\n|\n|upkeep\n|turn|30\n|\n|t:|1771195276\n|cant|p2a: Glaceon|slp\n|move|p1a: Bastiodon|Body Press|p2a: Glaceon\n|-damage|p2a: Glaceon|0 fnt\n|faint|p2a: Glaceon\n|\n|win|Micael Lopes\n|raw|Micael Lopes's rating: 1783 &rarr; <strong>1807</strong><br />(+24 for winning)\n|raw|UBHCA's rating: 1846 &rarr; <strong>1822</strong><br />(-24 for losing)\n|c|☆Micael Lopes|**__Sexy game.__**\n|l|☆UBHCA\n|player|p2|\n", "inputlog": ">version 686819e5e19f8a7fd2345cfc5a08a5085efa2cc3\n>start {\"formatid\":\"gen9randombattle\",\"seed\":\"sodium,ab5ff425d9cef95b9ed850ad9a34b434\",\"rated\":\"Rated battle\"}\n>player p1 {\"name\":\"Micael Lopes\",\"avatar\":\"benga\",\"rating\":1804,\"seed\":\"sodium,de1b51773d2a6dd5e7d2fa87007f7dba\"}\n>player p2 {\"name\":\"UBHCA\",\"avatar\":\"266\",\"rating\":1846,\"seed\":\"sodium,7702d59c58779e3d1990753a743241a6\"}\n>p1 move crunch\n>p2 move gravapple\n>p1 switch 5\n>p2 switch 2\n>p1 move taunt\n>p2 move thunderwave\n>p1 switch 2\n>p2 switch 3\n>p1 move thunderwave\n>p2 move stickyweb\n>p1 switch 6\n>p2 switch 5\n>p1 move voltswitch\n>p2 move icepunch\n>p1 switch 6\n>p1 move bodypress terastallize\n>p2 move swordsdance\n>p1 move dracometeor\n>p2 move drainpunch\n>p1 move bodypress\n>p2 move drainpunch\n>p2 switch 4\n>p1 move thunderwave\n>p2 move freezedry\n>p1 switch 4\n>p1 move poisonjab\n>p2 switch 3\n>p1 move poisonjab\n>p2 move playrough\n>p1 switch 2\n>p1 move superpower\n>p2 switch 6\n>p1 move superpower\n>p2 move psyshock\n>p1 move playrough\n>p2 move psyshock\n>p1 switch 5\n>p1 move crunch\n>p2 switch 5\n>p1 move crunch\n>p2 move leechlife\n>p1 move crunch\n>p2 move leechlife\n>p2 switch 3\n>p1 move spore\n>p2 move freezedry\n>p1 move closecombat\n>p2 switch 6\n>p1 move suckerpunch\n>p2 move playrough\n>p2 switch 2\n>p1 switch 6\n>p2 move outrage\n>p1 switch 3\n>p1 move irondefense\n>p2 move outrage\n>p1 move irondefense\n>p2 move gravapple\n>p1 move irondefense\n>p2 move gravapple\n>p1 move bodypress\n>p2 move gravapple\n>p2 switch 5\n>p1 move bodypress\n>p2 move dracometeor\n>p2 switch 6\n>p1 move bodypress\n>p2 move mudshot terastallize\n>p1 move bodypress\n>p2 move mudshot", "uploadtime": 1771195282, "views": 9, "formatid": "gen9randombattle", "rating": 1807, "private": 0, "password": null}