{"id": "gen9randombattle-2540345255", "format": "[Gen 9] Random Battle", "players": ["The Kings Trio(YT)", "improvguy"], "log": "|j|☆The Kings Trio(YT)\n|j|☆improvguy\n|t:|1771191123\n|gametype|singles\n|player|p1|The Kings Trio(YT)|265|1736\n|player|p2|improvguy|cameraman|1688\n|gen|9\n|tier|[Gen 9] Random Battle\n|rated|\n|rule|Species Clause: Limit one of each Pokémon\n|rule|HP Percentage Mod: HP is shown in percentages\n|rule|Sleep Clause Mod: Limit one foe put to sleep\n|rule|Illusion Level Mod: Illusion disguises the Pokémon's true level\n|\n|t:|1771191123\n|teamsize|p1|6\n|teamsize|p2|6\n|start\n|switch|p1a: Haxorus|Haxorus, L77, F|244/244\n|switch|p2a: Mightyena|Mightyena, L96, F|290/290\n|-ability|p1a: Haxorus|Mold Breaker\n|-ability|p2a: Mightyena|Intimidate|boost\n|-unboost|p1a: Haxorus|atk|1\n|turn|1\n|\n|t:|1771191132\n|switch|p1a: Flygon|Flygon, L82, F|265/265\n|move|p2a: Mightyena|Play Rough|p1a: Flygon\n|-supereffective|p1a: Flygon\n|-damage|p1a: Flygon|89/265\n|\n|upkeep\n|turn|2\n|\n|t:|1771191138\n|move|p2a: Mightyena|Sucker Punch|p1a: Flygon\n|-damage|p1a: Flygon|0 fnt\n|faint|p1a: Flygon\n|\n|upkeep\n|\n|t:|1771191142\n|switch|p1a: Iron Moth|Iron Moth, L78|253/253\n|turn|3\n|\n|t:|1771191150\n|move|p1a: Iron Moth|Fiery Dance|p2a: Mightyena\n|-damage|p2a: Mightyena|209/290\n|move|p2a: Mightyena|Throat Chop|p1a: Iron Moth\n|-damage|p1a: Iron Moth|114/253\n|-start|p1a: Iron Moth|Throat Chop|[silent]\n|\n|upkeep\n|turn|4\n|\n|t:|1771191156\n|move|p1a: Iron Moth|Toxic Spikes|p2a: Mightyena\n|-sidestart|p2: improvguy|move: Toxic Spikes\n|move|p2a: Mightyena|Throat Chop|p1a: Iron Moth\n|-damage|p1a: Iron Moth|0 fnt\n|faint|p1a: Iron Moth\n|-end|p1a: Iron Moth|Quark Drive|[silent]\n|\n|upkeep\n|\n|t:|1771191163\n|switch|p1a: Haxorus|Haxorus, L77, F|244/244\n|-ability|p1a: Haxorus|Mold Breaker\n|turn|5\n|inactive|Battle timer is ON: inactive players will automatically lose when time's up. (requested by The Kings Trio(YT))\n|\n|t:|1771191190\n|-terastallize|p1a: Haxorus|Steel\n|move|p1a: Haxorus|Dragon Dance|p1a: Haxorus\n|-boost|p1a: Haxorus|atk|1\n|-boost|p1a: Haxorus|spe|1\n|move|p2a: Mightyena|Play Rough|p1a: Haxorus\n|-resisted|p1a: Haxorus\n|-damage|p1a: Haxorus|200/244\n|-unboost|p1a: Haxorus|atk|1\n|\n|upkeep\n|turn|6\n|\n|t:|1771191196\n|move|p1a: Haxorus|Iron Head|p2a: Mightyena\n|-damage|p2a: Mightyena|112/290\n|move|p2a: Mightyena|Throat Chop|p1a: Haxorus\n|-damage|p1a: Haxorus|92/244\n|-start|p1a: Haxorus|Throat Chop|[silent]\n|\n|upkeep\n|turn|7\n|\n|t:|1771191203\n|move|p1a: Haxorus|Iron Head|p2a: Mightyena\n|-damage|p2a: Mightyena|4/290\n|cant|p2a: Mightyena|flinch\n|\n|-end|p1a: Haxorus|Throat Chop|[silent]\n|upkeep\n|turn|8\n|\n|t:|1771191208\n|move|p2a: Mightyena|Sucker Punch|p1a: Haxorus\n|-damage|p1a: Haxorus|0 fnt\n|faint|p1a: Haxorus\n|\n|upkeep\n|\n|t:|1771191211\n|switch|p1a: Weavile|Weavile, L79, M|240/240\n|turn|9\n|\n|t:|1771191214\n|move|p1a: Weavile|Ice Shard|p2a: Mightyena\n|-damage|p2a: Mightyena|0 fnt\n|faint|p2a: Mightyena\n|\n|upkeep\n|\n|t:|1771191221\n|switch|p2a: Falinks|Falinks, L84|246/246\n|-status|p2a: Falinks|psn\n|turn|10\n|c|☆The Kings Trio(YT)|This dog did too much work\n|\n|t:|1771191229\n|move|p1a: Weavile|Triple Axel|p2a: Falinks\n|-damage|p2a: Falinks|224/246 psn\n|-damage|p2a: Falinks|184/246 psn\n|-damage|p2a: Falinks|117/246 psn\n|-hitcount|p2a: Falinks|3\n|move|p2a: Falinks|No Retreat|p2a: Falinks\n|-boost|p2a: Falinks|atk|1\n|-boost|p2a: Falinks|def|1\n|-boost|p2a: Falinks|spa|1\n|-boost|p2a: Falinks|spd|1\n|-boost|p2a: Falinks|spe|1\n|-start|p2a: Falinks|move: No Retreat\n|\n|-damage|p2a: Falinks|87/246 psn|[from] psn\n|upkeep\n|turn|11\n|\n|t:|1771191236\n|switch|p1a: Primarina|Primarina, L83, M|268/268\n|move|p2a: Falinks|Iron Head|p1a: Primarina\n|-crit|p1a: Primarina\n|-damage|p1a: Primarina|77/268\n|-damage|p2a: Falinks|63/246 psn|[from] item: Life Orb\n|\n|-damage|p2a: Falinks|33/246 psn|[from] psn\n|upkeep\n|turn|12\n|\n|t:|1771191239\n|move|p2a: Falinks|Iron Head|p1a: Primarina\n|-damage|p1a: Primarina|0 fnt\n|faint|p1a: Primarina\n|-damage|p2a: Falinks|9/246 psn|[from] item: Life Orb\n|\n|-damage|p2a: Falinks|0 fnt|[from] psn\n|faint|p2a: Falinks\n|upkeep\n|\n|t:|1771191242\n|switch|p2a: Donphan|Donphan, L84, F|288/288\n|switch|p1a: Dudunsparce|Dudunsparce-Three-Segment, L83, F|343/343\n|-status|p2a: Donphan|psn\n|turn|13\n|\n|t:|1771191250\n|move|p1a: Dudunsparce|Headbutt|p2a: Donphan\n|-damage|p2a: Donphan|228/288 psn\n|cant|p2a: Donphan|flinch\n|\n|-damage|p2a: Donphan|192/288 psn|[from] psn\n|upkeep\n|turn|14\n|\n|t:|1771191253\n|move|p1a: Dudunsparce|Headbutt|p2a: Donphan\n|-damage|p2a: Donphan|135/288 psn\n|cant|p2a: Donphan|flinch\n|\n|-damage|p2a: Donphan|99/288 psn|[from] psn\n|upkeep\n|turn|15\n|\n|t:|1771191256\n|move|p1a: Dudunsparce|Headbutt|p2a: Donphan\n|-damage|p2a: Donphan|36/288 psn\n|move|p2a: Donphan|Rapid Spin|p1a: Dudunsparce\n|-damage|p1a: Dudunsparce|295/343\n|-boost|p2a: Donphan|spe|1\n|-sideend|p2: improvguy|Toxic Spikes|[from] move: Rapid Spin|[of] p2a: Donphan\n|\n|-heal|p1a: Dudunsparce|316/343|[from] item: Leftovers\n|-damage|p2a: Donphan|0 fnt|[from] psn\n|faint|p2a: Donphan\n|upkeep\n|\n|t:|1771191264\n|switch|p2a: Gholdengo|Gholdengo, L77|261/261\n|turn|16\n|\n|t:|1771191267\n|move|p2a: Gholdengo|Thunder Wave|p1a: Dudunsparce\n|-status|p1a: Dudunsparce|par\n|cant|p1a: Dudunsparce|par\n|\n|-heal|p1a: Dudunsparce|337/343 par|[from] item: Leftovers\n|upkeep\n|turn|17\n|\n|t:|1771191272\n|switch|p2a: Shaymin|Shaymin, L82|298/298\n|move|p1a: Dudunsparce|Earthquake|p2a: Shaymin\n|-resisted|p2a: Shaymin\n|-damage|p2a: Shaymin|268/298\n|\n|-heal|p2a: Shaymin|286/298|[from] item: Leftovers\n|-heal|p1a: Dudunsparce|343/343 par|[from] item: Leftovers\n|upkeep\n|turn|18\n|\n|t:|1771191275\n|move|p2a: Shaymin|Seed Flare|p1a: Dudunsparce\n|-damage|p1a: Dudunsparce|193/343 par\n|move|p1a: Dudunsparce|Glare|p2a: Shaymin\n|-status|p2a: Shaymin|par\n|\n|-heal|p2a: Shaymin|298/298 par|[from] item: Leftovers\n|-heal|p1a: Dudunsparce|214/343 par|[from] item: Leftovers\n|upkeep\n|turn|19\n|\n|t:|1771191279\n|move|p2a: Shaymin|Seed Flare|p1a: Dudunsparce\n|-damage|p1a: Dudunsparce|66/343 par\n|cant|p1a: Dudunsparce|par\n|\n|-heal|p1a: Dudunsparce|87/343 par|[from] item: Leftovers\n|upkeep\n|turn|20\n|\n|t:|1771191283\n|move|p2a: Shaymin|Seed Flare|p1a: Dudunsparce\n|-damage|p1a: Dudunsparce|0 fnt\n|faint|p1a: Dudunsparce\n|\n|upkeep\n|\n|t:|1771191284\n|switch|p1a: Weavile|Weavile, L79, M|240/240\n|turn|21\n|\n|t:|1771191288\n|move|p1a: Weavile|Swords Dance|p1a: Weavile\n|-boost|p1a: Weavile|atk|2\n|move|p2a: Shaymin|Seed Flare|p1a: Weavile\n|-damage|p1a: Weavile|108/240\n|-unboost|p1a: Weavile|spd|2\n|\n|upkeep\n|turn|22\n|\n|t:|1771191291\n|move|p1a: Weavile|Triple Axel|p2a: Shaymin|[miss]\n|-miss|p1a: Weavile|p2a: Shaymin\n|move|p2a: Shaymin|Seed Flare|p1a: Weavile\n|-damage|p1a: Weavile|0 fnt\n|faint|p1a: Weavile\n|\n|win|improvguy\n|raw|The Kings Trio(YT)'s rating: 1736 &rarr; <strong>1713</strong><br />(-23 for losing)\n|raw|improvguy's rating: 1688 &rarr; <strong>1711</strong><br />(+23 for winning)\n|c|☆The Kings Trio(YT)|Miss lmao\n|c|☆improvguy|gg\n|c|☆The Kings Trio(YT)|gg\n|c|☆improvguy|i know that feel\n|c|☆improvguy|showdown rng is trash\n|c|☆The Kings Trio(YT)|100%\n|c|☆improvguy|it always fucks over someone. always.\n|c|☆The Kings Trio(YT)|feels worse kow\n|c|☆The Kings Trio(YT)|now\n|c|☆The Kings Trio(YT)|this year anyways\n|c|☆The Kings Trio(YT)|Anyways gg\n|c|☆improvguy|gg\n|c|☆The Kings Trio(YT)|the god messed me up\n|c|☆The Kings Trio(YT)|Dog\n|l|☆The Kings Trio(YT)\n|player|p1|\n", "inputlog": ">version 686819e5e19f8a7fd2345cfc5a08a5085efa2cc3\n>start {\"formatid\":\"gen9randombattle\",\"seed\":\"sodium,1b5edb94fb9dadcfc4d49a5d114cd0cc\",\"rated\":\"Rated battle\"}\n>player p1 {\"name\":\"The Kings Trio(YT)\",\"avatar\":\"265\",\"rating\":1736,\"seed\":\"sodium,d76b840d38fad7d7c9d5b8f635bd343e\"}\n>player p2 {\"name\":\"improvguy\",\"avatar\":\"cameraman\",\"rating\":1688,\"seed\":\"sodium,245d56dec9b5b722d1b435a50dc4bfbc\"}\n>p1 switch 5\n>p2 move playrough\n>p1 move earthquake\n>p2 move suckerpunch\n>p1 switch 2\n>p1 move fierydance\n>p2 move throatchop\n>p1 move toxicspikes\n>p2 move throatchop\n>p1 switch 5\n>p1 move dragondance terastallize\n>p2 move playrough\n>p1 move ironhead\n>p2 move throatchop\n>p1 move ironhead\n>p2 move throatchop\n>p1 move ironhead\n>p2 move suckerpunch\n>p1 switch 3\n>p1 move iceshard\n>p2 move playrough\n>p2 switch 6\n>chat ☆The Kings Trio(YT)|This dog did too much work\n>p1 move tripleaxel\n>p2 move noretreat\n>p1 switch 6\n>p2 move ironhead\n>p1 move moonblast\n>p2 move ironhead\n>p1 switch 4\n>p2 switch 3\n>p1 move headbutt\n>p2 move rapidspin\n>p1 move headbutt\n>p2 move rapidspin\n>p1 move headbutt\n>p2 move rapidspin\n>p2 switch 5\n>p1 move earthquake\n>p2 move thunderwave\n>p1 move earthquake\n>p2 switch 4\n>p1 move glare\n>p2 move seedflare\n>p1 move roost\n>p2 move seedflare\n>p1 move headbutt\n>p2 move seedflare\n>p1 switch 6\n>p1 move swordsdance\n>p2 move seedflare\n>p1 move tripleaxel\n>p2 move seedflare", "uploadtime": 1771191348, "views": 14, "formatid": "gen9randombattle", "rating": 1711, "private": 0, "password": null}