{"id": "gen9randombattle-2540530217", "format": "[Gen 9] Random Battle", "players": ["fortnightfan", "shuri2060"], "log": "|j|☆fortnightfan\n|j|‽shuri2060\n|t:|1771213730\n|gametype|singles\n|player|p1|fortnightfan|265|1841\n|player|p2|shuri2060|265|1799\n|gen|9\n|tier|[Gen 9] Random Battle\n|rated|\n|rule|Species Clause: Limit one of each Pokémon\n|rule|HP Percentage Mod: HP is shown in percentages\n|rule|Sleep Clause Mod: Limit one foe put to sleep\n|rule|Illusion Level Mod: Illusion disguises the Pokémon's true level\n|\n|t:|1771213730\n|teamsize|p1|6\n|teamsize|p2|6\n|start\n|switch|p1a: Misdreavus|Misdreavus, L90, M|254/254\n|switch|p2a: Braviary|Braviary, L85, M|309/309\n|turn|1\n|inactive|Battle timer is ON: inactive players will automatically lose when time's up. (requested by fortnightfan)\n|\n|t:|1771213749\n|switch|p2a: Vileplume|Vileplume, L85, M|266/266\n|move|p1a: Misdreavus|Will-O-Wisp|p2a: Vileplume\n|-status|p2a: Vileplume|brn\n|\n|-damage|p2a: Vileplume|250/266 brn|[from] brn\n|upkeep\n|turn|2\n|\n|t:|1771213761\n|switch|p1a: Spidops|Spidops, L96, F|271/271\n|move|p2a: Vileplume|Sleep Powder|p1a: Spidops\n|-status|p1a: Spidops|slp|[from] move: Sleep Powder\n|\n|-heal|p2a: Vileplume|266/266 brn|[from] item: Leftovers\n|-damage|p2a: Vileplume|250/266 brn|[from] brn\n|upkeep\n|turn|3\n|\n|t:|1771213775\n|switch|p2a: Delphox|Delphox, L84, F|263/263\n|switch|p1a: Skeledirge|Skeledirge, L79, F|294/294\n|\n|upkeep\n|turn|4\n|\n|t:|1771213795\n|switch|p2a: Braviary|Braviary, L85, M|309/309\n|move|p1a: Skeledirge|Torch Song|p2a: Braviary\n|-damage|p2a: Braviary|212/309\n|-boost|p1a: Skeledirge|spa|1\n|\n|upkeep\n|turn|5\n|\n|t:|1771213808\n|move|p2a: Braviary|Brave Bird|p1a: Skeledirge\n|-damage|p1a: Skeledirge|131/294\n|-damage|p2a: Braviary|158/309|[from] Recoil\n|move|p1a: Skeledirge|Slack Off|p1a: Skeledirge\n|-heal|p1a: Skeledirge|278/294\n|\n|upkeep\n|turn|6\n|\n|t:|1771213812\n|move|p2a: Braviary|Roost|p2a: Braviary\n|-heal|p2a: Braviary|309/309\n|-singleturn|p2a: Braviary|move: Roost\n|move|p1a: Skeledirge|Torch Song|p2a: Braviary\n|-damage|p2a: Braviary|182/309\n|-boost|p1a: Skeledirge|spa|1\n|\n|upkeep\n|turn|7\n|\n|t:|1771213823\n|switch|p1a: Jirachi|Jirachi, L80|291/291\n|move|p2a: Braviary|Brave Bird|p1a: Jirachi\n|-resisted|p1a: Jirachi\n|-damage|p1a: Jirachi|221/291\n|-damage|p2a: Braviary|159/309|[from] Recoil\n|\n|-heal|p1a: Jirachi|239/291|[from] item: Leftovers\n|upkeep\n|turn|8\n|\n|t:|1771213840\n|switch|p2a: Delphox|Delphox, L84, F|263/263\n|move|p1a: Jirachi|U-turn|p2a: Delphox\n|-damage|p2a: Delphox|209/263\n|\n|t:|1771213847\n|switch|p1a: Skeledirge|Skeledirge, L79, F|278/294|[from] U-turn\n|\n|upkeep\n|turn|9\n|\n|t:|1771213857\n|switch|p2a: Poliwrath|Poliwrath, L88, F|302/302\n|move|p1a: Skeledirge|Torch Song|p2a: Poliwrath\n|-resisted|p2a: Poliwrath\n|-damage|p2a: Poliwrath|263/302\n|-boost|p1a: Skeledirge|spa|1\n|\n|upkeep\n|turn|10\n|\n|t:|1771213865\n|move|p2a: Poliwrath|Rain Dance|p2a: Poliwrath\n|-weather|RainDance\n|move|p1a: Skeledirge|Will-O-Wisp|p2a: Poliwrath\n|-status|p2a: Poliwrath|brn\n|\n|-weather|RainDance|[upkeep]\n|-damage|p2a: Poliwrath|245/302 brn|[from] brn\n|upkeep\n|turn|11\n|\n|t:|1771213882\n|switch|p1a: Articuno|Articuno, L86|295/295\n|-ability|p1a: Articuno|Pressure\n|move|p2a: Poliwrath|Knock Off|p1a: Articuno\n|-damage|p1a: Articuno|256/295\n|-enditem|p1a: Articuno|Heavy-Duty Boots|[from] move: Knock Off|[of] p2a: Poliwrath\n|-damage|p2a: Poliwrath|215/302 brn|[from] item: Life Orb\n|\n|-weather|RainDance|[upkeep]\n|-damage|p2a: Poliwrath|197/302 brn|[from] brn\n|upkeep\n|turn|12\n|\n|t:|1771213890\n|move|p2a: Poliwrath|Liquidation|p1a: Articuno\n|-crit|p1a: Articuno\n|-damage|p1a: Articuno|139/295\n|-damage|p2a: Poliwrath|167/302 brn|[from] item: Life Orb\n|move|p1a: Articuno|Brave Bird|p2a: Poliwrath\n|-supereffective|p2a: Poliwrath\n|-damage|p2a: Poliwrath|0 fnt\n|faint|p2a: Poliwrath\n|-damage|p1a: Articuno|84/295|[from] Recoil\n|\n|-weather|RainDance|[upkeep]\n|upkeep\n|\n|t:|1771213912\n|switch|p2a: Delphox|Delphox, L84, F|209/263\n|turn|13\n|\n|t:|1771213915\n|move|p2a: Delphox|Psyshock|p1a: Articuno\n|-damage|p1a: Articuno|5/295\n|move|p1a: Articuno|U-turn|p2a: Delphox\n|-damage|p2a: Delphox|156/263\n|\n|t:|1771213922\n|switch|p1a: Jirachi|Jirachi, L80|239/291|[from] U-turn\n|\n|-weather|RainDance|[upkeep]\n|-heal|p1a: Jirachi|257/291|[from] item: Leftovers\n|upkeep\n|turn|14\n|\n|t:|1771213936\n|switch|p1a: Skeledirge|Skeledirge, L79, F|278/294\n|move|p2a: Delphox|Nasty Plot|p2a: Delphox\n|-boost|p2a: Delphox|spa|2\n|\n|-weather|none\n|upkeep\n|turn|15\n|\n|t:|1771213944\n|-terastallize|p2a: Delphox|Fire\n|move|p2a: Delphox|Psyshock|p1a: Skeledirge\n|-damage|p1a: Skeledirge|185/294\n|move|p1a: Skeledirge|Torch Song|p2a: Delphox\n|-resisted|p2a: Delphox\n|-damage|p2a: Delphox|117/263\n|-boost|p1a: Skeledirge|spa|1\n|\n|upkeep\n|turn|16\n|\n|t:|1771213955\n|move|p2a: Delphox|Psyshock|p1a: Skeledirge\n|-damage|p1a: Skeledirge|95/294\n|move|p1a: Skeledirge|Slack Off|p1a: Skeledirge\n|-heal|p1a: Skeledirge|242/294\n|\n|upkeep\n|turn|17\n|\n|t:|1771213963\n|move|p2a: Delphox|Psyshock|p1a: Skeledirge\n|-damage|p1a: Skeledirge|148/294\n|move|p1a: Skeledirge|Slack Off|p1a: Skeledirge\n|-heal|p1a: Skeledirge|294/294\n|\n|upkeep\n|turn|18\n|\n|t:|1771213977\n|move|p2a: Delphox|Psyshock|p1a: Skeledirge\n|-damage|p1a: Skeledirge|195/294\n|move|p1a: Skeledirge|Torch Song|p2a: Delphox\n|-resisted|p2a: Delphox\n|-damage|p2a: Delphox|60/263\n|-boost|p1a: Skeledirge|spa|1\n|\n|upkeep\n|turn|19\n|\n|t:|1771213986\n|switch|p2a: Braviary|Braviary, L85, M|159/309\n|move|p1a: Skeledirge|Torch Song|p2a: Braviary\n|-damage|p2a: Braviary|0 fnt\n|-boost|p1a: Skeledirge|spa|1\n|faint|p2a: Braviary\n|\n|upkeep\n|\n|t:|1771213995\n|switch|p2a: Chimecho|Chimecho, L93, F|290/290\n|turn|20\n|\n|t:|1771214007\n|switch|p2a: Sawsbuck|Sawsbuck-Autumn, L88, M|284/284\n|move|p1a: Skeledirge|Hex|p2a: Sawsbuck\n|-immune|p2a: Sawsbuck\n|\n|upkeep\n|turn|21\n|\n|t:|1771214031\n|move|p2a: Sawsbuck|High Horsepower|p1a: Skeledirge\n|-supereffective|p1a: Skeledirge\n|-damage|p1a: Skeledirge|0 fnt\n|faint|p1a: Skeledirge\n|-damage|p2a: Sawsbuck|256/284|[from] item: Life Orb\n|\n|upkeep\n|\n|t:|1771214033\n|switch|p1a: Sneasler|Sneasler, L74, F|240/240\n|turn|22\n|\n|t:|1771214039\n|switch|p2a: Vileplume|Vileplume, L85, M|250/266 brn\n|move|p1a: Sneasler|Close Combat|p2a: Vileplume\n|-resisted|p2a: Vileplume\n|-damage|p2a: Vileplume|190/266 brn\n|-unboost|p1a: Sneasler|def|1\n|-unboost|p1a: Sneasler|spd|1\n|-status|p1a: Sneasler|par|[from] ability: Effect Spore|[of] p2a: Vileplume\n|-enditem|p1a: Sneasler|White Herb\n|-clearnegativeboost|p1a: Sneasler|[silent]\n|\n|-heal|p2a: Vileplume|206/266 brn|[from] item: Leftovers\n|-damage|p2a: Vileplume|190/266 brn|[from] brn\n|upkeep\n|turn|23\n|\n|t:|1771214056\n|move|p1a: Sneasler|Swords Dance|p1a: Sneasler\n|-boost|p1a: Sneasler|atk|2\n|move|p2a: Vileplume|Strength Sap|p1a: Sneasler\n|-unboost|p1a: Sneasler|atk|1\n|-heal|p2a: Vileplume|266/266 brn\n|\n|-damage|p2a: Vileplume|250/266 brn|[from] brn\n|upkeep\n|turn|24\n|\n|t:|1771214081\n|switch|p2a: Chimecho|Chimecho, L93, F|290/290\n|cant|p1a: Sneasler|par\n|\n|upkeep\n|turn|25\n|\n|t:|1771214098\n|switch|p1a: Jirachi|Jirachi, L80|257/291\n|move|p2a: Chimecho|Cosmic Power|p2a: Chimecho\n|-boost|p2a: Chimecho|def|1\n|-boost|p2a: Chimecho|spd|1\n|\n|-heal|p1a: Jirachi|275/291|[from] item: Leftovers\n|upkeep\n|turn|26\n|\n|t:|1771214110\n|move|p1a: Jirachi|Iron Head|p2a: Chimecho\n|-damage|p2a: Chimecho|233/290\n|cant|p2a: Chimecho|flinch\n|\n|-heal|p1a: Jirachi|291/291|[from] item: Leftovers\n|-heal|p2a: Chimecho|251/290|[from] item: Leftovers\n|upkeep\n|turn|27\n|\n|t:|1771214123\n|move|p1a: Jirachi|Wish|p1a: Jirachi\n|move|p2a: Chimecho|Cosmic Power|p2a: Chimecho\n|-boost|p2a: Chimecho|def|1\n|-boost|p2a: Chimecho|spd|1\n|\n|-heal|p2a: Chimecho|269/290|[from] item: Leftovers\n|upkeep\n|turn|28\n|\n|t:|1771214128\n|move|p1a: Jirachi|U-turn|p2a: Chimecho\n|-supereffective|p2a: Chimecho\n|-damage|p2a: Chimecho|225/290\n|\n|t:|1771214130\n|switch|p1a: Spidops|Spidops, L96, F|271/271 slp|[from] U-turn\n|move|p2a: Chimecho|Stored Power|p1a: Spidops\n|-damage|p1a: Spidops|153/271 slp\n|\n|-heal|p1a: Spidops|271/271 slp|[from] move: Wish|[wisher] Jirachi\n|-heal|p2a: Chimecho|243/290|[from] item: Leftovers\n|upkeep\n|turn|29\n|\n|t:|1771214139\n|move|p2a: Chimecho|Cosmic Power|p2a: Chimecho\n|-boost|p2a: Chimecho|def|1\n|-boost|p2a: Chimecho|spd|1\n|cant|p1a: Spidops|slp\n|\n|-heal|p2a: Chimecho|261/290|[from] item: Leftovers\n|upkeep\n|turn|30\n|\n|t:|1771214142\n|move|p2a: Chimecho|Stored Power|p1a: Spidops\n|-damage|p1a: Spidops|118/271 slp\n|-curestatus|p1a: Spidops|slp|[msg]\n|move|p1a: Spidops|Circle Throw|p2a: Chimecho\n|-resisted|p2a: Chimecho\n|-damage|p2a: Chimecho|252/290\n|drag|p2a: Delphox|Delphox, L84, F, tera:Fire|60/263\n|\n|upkeep\n|turn|31\n|\n|t:|1771214156\n|switch|p1a: Articuno|Articuno, L86|5/295\n|-ability|p1a: Articuno|Pressure\n|move|p2a: Delphox|Fire Blast|p1a: Articuno\n|-supereffective|p1a: Articuno\n|-damage|p1a: Articuno|0 fnt\n|faint|p1a: Articuno\n|\n|upkeep\n|\n|t:|1771214173\n|switch|p1a: Misdreavus|Misdreavus, L90, M|254/254\n|turn|32\n|\n|t:|1771214184\n|switch|p2a: Sawsbuck|Sawsbuck-Autumn, L88, M|256/284\n|move|p1a: Misdreavus|Will-O-Wisp|p2a: Sawsbuck|[miss]\n|-miss|p1a: Misdreavus|p2a: Sawsbuck\n|\n|upkeep\n|turn|33\n|\n|t:|1771214192\n|switch|p2a: Vileplume|Vileplume, L85, M|250/266 brn\n|move|p1a: Misdreavus|Will-O-Wisp|p2a: Vileplume\n|-fail|p2a: Vileplume|brn\n|\n|-heal|p2a: Vileplume|266/266 brn|[from] item: Leftovers\n|-damage|p2a: Vileplume|250/266 brn|[from] brn\n|upkeep\n|turn|34\n|\n|t:|1771214199\n|switch|p1a: Spidops|Spidops, L96, F|118/271\n|move|p2a: Vileplume|Sludge Bomb|p1a: Spidops\n|-damage|p1a: Spidops|12/271\n|-status|p1a: Spidops|psn\n|\n|-heal|p2a: Vileplume|266/266 brn|[from] item: Leftovers\n|-damage|p1a: Spidops|0 fnt|[from] psn\n|faint|p1a: Spidops\n|-damage|p2a: Vileplume|250/266 brn|[from] brn\n|upkeep\n|\n|t:|1771214202\n|switch|p1a: Sneasler|Sneasler, L74, F|240/240 par\n|turn|35\n|\n|t:|1771214211\n|switch|p2a: Chimecho|Chimecho, L93, F|252/290\n|move|p1a: Sneasler|Acrobatics|p2a: Chimecho\n|-damage|p2a: Chimecho|179/290\n|\n|-heal|p2a: Chimecho|197/290|[from] item: Leftovers\n|upkeep\n|turn|36\n|\n|t:|1771214216\n|switch|p1a: Jirachi|Jirachi, L80|291/291\n|move|p2a: Chimecho|Cosmic Power|p2a: Chimecho\n|-boost|p2a: Chimecho|def|1\n|-boost|p2a: Chimecho|spd|1\n|\n|-heal|p2a: Chimecho|215/290|[from] item: Leftovers\n|upkeep\n|turn|37\n|\n|t:|1771214220\n|move|p1a: Jirachi|Iron Head|p2a: Chimecho\n|-damage|p2a: Chimecho|160/290\n|cant|p2a: Chimecho|flinch\n|\n|-heal|p2a: Chimecho|178/290|[from] item: Leftovers\n|upkeep\n|turn|38\n|\n|t:|1771214223\n|move|p1a: Jirachi|Iron Head|p2a: Chimecho\n|-damage|p2a: Chimecho|124/290\n|cant|p2a: Chimecho|flinch\n|\n|-heal|p2a: Chimecho|142/290|[from] item: Leftovers\n|upkeep\n|turn|39\n|\n|t:|1771214226\n|move|p1a: Jirachi|Iron Head|p2a: Chimecho\n|-damage|p2a: Chimecho|90/290\n|cant|p2a: Chimecho|flinch\n|\n|-heal|p2a: Chimecho|108/290|[from] item: Leftovers\n|upkeep\n|turn|40\n|\n|t:|1771214228\n|move|p1a: Jirachi|Iron Head|p2a: Chimecho\n|-damage|p2a: Chimecho|56/290\n|cant|p2a: Chimecho|flinch\n|\n|-heal|p2a: Chimecho|74/290|[from] item: Leftovers\n|upkeep\n|turn|41\n|\n|t:|1771214230\n|move|p1a: Jirachi|Iron Head|p2a: Chimecho\n|-damage|p2a: Chimecho|20/290\n|cant|p2a: Chimecho|flinch\n|\n|-heal|p2a: Chimecho|38/290|[from] item: Leftovers\n|upkeep\n|turn|42\n|c|☆fortnightfan|unfortunately out skilled im sorry\n|\n|t:|1771214240\n|move|p1a: Jirachi|Iron Head|p2a: Chimecho\n|-damage|p2a: Chimecho|0 fnt\n|faint|p2a: Chimecho\n|\n|upkeep\n|\n|t:|1771214242\n|switch|p2a: Delphox|Delphox, L84, F, tera:Fire|60/263\n|turn|43\n|\n|t:|1771214265\n|-terastallize|p1a: Jirachi|Water\n|move|p2a: Delphox|Fire Blast|p1a: Jirachi\n|-resisted|p1a: Jirachi\n|-damage|p1a: Jirachi|155/291\n|move|p1a: Jirachi|Iron Head|p2a: Delphox\n|-resisted|p2a: Delphox\n|-damage|p2a: Delphox|11/263\n|\n|-heal|p1a: Jirachi|173/291|[from] item: Leftovers\n|upkeep\n|turn|44\n|\n|t:|1771214275\n|switch|p2a: Vileplume|Vileplume, L85, M|250/266 brn\n|move|p1a: Jirachi|Wish|p1a: Jirachi\n|\n|-heal|p1a: Jirachi|191/291|[from] item: Leftovers\n|-heal|p2a: Vileplume|266/266 brn|[from] item: Leftovers\n|-damage|p2a: Vileplume|250/266 brn|[from] brn\n|upkeep\n|turn|45\n|\n|t:|1771214289\n|move|p1a: Jirachi|Protect|p1a: Jirachi\n|-singleturn|p1a: Jirachi|Protect\n|move|p2a: Vileplume|Strength Sap|p1a: Jirachi\n|-activate|p1a: Jirachi|move: Protect\n|\n|-heal|p1a: Jirachi|291/291|[from] move: Wish|[wisher] Jirachi\n|-heal|p2a: Vileplume|266/266 brn|[from] item: Leftovers\n|-damage|p2a: Vileplume|250/266 brn|[from] brn\n|upkeep\n|turn|46\n|\n|t:|1771214297\n|switch|p1a: Sneasler|Sneasler, L74, F|240/240 par\n|move|p2a: Vileplume|Strength Sap|p1a: Sneasler\n|-unboost|p1a: Sneasler|atk|1\n|-heal|p2a: Vileplume|266/266 brn\n|\n|-damage|p2a: Vileplume|250/266 brn|[from] brn\n|upkeep\n|turn|47\n|\n|t:|1771214305\n|switch|p2a: Sawsbuck|Sawsbuck-Autumn, L88, M|256/284\n|move|p1a: Sneasler|Close Combat|p2a: Sawsbuck\n|-supereffective|p2a: Sawsbuck\n|-damage|p2a: Sawsbuck|68/284\n|-unboost|p1a: Sneasler|def|1\n|-unboost|p1a: Sneasler|spd|1\n|\n|upkeep\n|turn|48\n|\n|t:|1771214319\n|switch|p1a: Misdreavus|Misdreavus, L90, M|254/254\n|move|p2a: Sawsbuck|Horn Leech|p1a: Misdreavus\n|-damage|p1a: Misdreavus|155/254\n|-heal|p2a: Sawsbuck|118/284|[from] drain|[of] p1a: Misdreavus\n|-damage|p2a: Sawsbuck|90/284|[from] item: Life Orb\n|\n|upkeep\n|turn|49\n|\n|t:|1771214330\n|switch|p2a: Vileplume|Vileplume, L85, M|250/266 brn\n|move|p1a: Misdreavus|Draining Kiss|p2a: Vileplume\n|-resisted|p2a: Vileplume\n|-damage|p2a: Vileplume|231/266 brn\n|-heal|p1a: Misdreavus|169/254|[from] drain|[of] p2a: Vileplume\n|-status|p1a: Misdreavus|slp|[from] ability: Effect Spore|[of] p2a: Vileplume\n|\n|-heal|p2a: Vileplume|247/266 brn|[from] item: Leftovers\n|-damage|p2a: Vileplume|231/266 brn|[from] brn\n|upkeep\n|turn|50\n|\n|t:|1771214341\n|switch|p2a: Sawsbuck|Sawsbuck-Autumn, L88, M|90/284\n|cant|p1a: Misdreavus|slp\n|\n|upkeep\n|turn|51\n|\n|t:|1771214352\n|switch|p1a: Sneasler|Sneasler, L74, F|240/240 par\n|move|p2a: Sawsbuck|Swords Dance|p2a: Sawsbuck\n|-boost|p2a: Sawsbuck|atk|2\n|\n|upkeep\n|turn|52\n|\n|t:|1771214366\n|move|p2a: Sawsbuck|High Horsepower|p1a: Sneasler\n|-supereffective|p1a: Sneasler\n|-damage|p1a: Sneasler|0 fnt\n|faint|p1a: Sneasler\n|-damage|p2a: Sawsbuck|62/284|[from] item: Life Orb\n|\n|upkeep\n|c|☆fortnightfan|man the full paras this game were so poorly timed, shoulda killed this so long ago\n|c|☆fortnightfan|gg\n|-message|fortnightfan forfeited.\n|\n|win|shuri2060\n|raw|fortnightfan's rating: 1841 &rarr; <strong>1819</strong><br />(-22 for losing)\n|raw|shuri2060's rating: 1799 &rarr; <strong>1821</strong><br />(+22 for winning)\n|l|☆fortnightfan\n|player|p1|\n", "inputlog": ">version 686819e5e19f8a7fd2345cfc5a08a5085efa2cc3\n>start {\"formatid\":\"gen9randombattle\",\"seed\":\"sodium,9b57941d7d67faf3c08e07bd2c055ec5\",\"rated\":\"Rated battle\"}\n>player p1 {\"name\":\"fortnightfan\",\"avatar\":\"265\",\"rating\":1841,\"seed\":\"sodium,5e566d9fea401771870718602ad84e6e\"}\n>player p2 {\"name\":\"shuri2060\",\"avatar\":\"265\",\"rating\":1799,\"seed\":\"sodium,04492939125973481a11f825827b7e09\"}\n>p1 move willowisp\n>p2 switch 3\n>p1 switch 4\n>p2 move sleeppowder\n>p1 switch 2\n>p2 switch 4\n>p1 move torchsong\n>p2 switch 3\n>p1 move slackoff\n>p2 move bravebird\n>p1 move torchsong\n>p2 move roost\n>p1 switch 5\n>p2 move bravebird\n>p1 move uturn\n>p2 switch 3\n>p1 switch 5\n>p1 move torchsong\n>p2 switch 2\n>p1 move willowisp\n>p2 move raindance\n>p1 switch 3\n>p2 move knockoff\n>p1 move bravebird\n>p2 move liquidation\n>p2 switch 2\n>p1 move uturn\n>p2 move psyshock\n>p1 switch 5\n>p1 switch 3\n>p2 move nastyplot\n>p1 move torchsong\n>p2 move psyshock terastallize\n>p1 move slackoff\n>p2 move psyshock\n>p1 move slackoff\n>p2 move psyshock\n>p1 move torchsong\n>p2 move psyshock\n>p1 move torchsong\n>p2 switch 3\n>p2 switch 6\n>p1 move hex\n>p2 switch 5\n>p1 move torchsong\n>p2 move highhorsepower\n>p1 switch 6\n>p1 move closecombat\n>p2 switch 4\n>p1 move swordsdance\n>p2 move strengthsap\n>p1 move acrobatics\n>p2 switch 5\n>p1 switch 3\n>p2 move cosmicpower\n>p1 move ironhead\n>p2 move cosmicpower\n>p1 move wish\n>p2 move cosmicpower\n>p1 move uturn\n>p2 move storedpower\n>p1 switch 2\n>p1 move circlethrow\n>p2 move cosmicpower\n>p1 move circlethrow\n>p2 move storedpower\n>p1 switch 5\n>p2 move fireblast\n>p1 switch 4\n>p1 move willowisp\n>p2 switch 4\n>p1 move willowisp\n>p2 switch 5\n>p1 switch 5\n>p2 move sludgebomb\n>p1 switch 3\n>p1 move acrobatics\n>p2 switch 3\n>p1 switch 2\n>p2 move cosmicpower\n>p1 move ironhead\n>p2 move cosmicpower\n>p1 move ironhead\n>p2 move recover\n>p1 move ironhead\n>p2 move recover\n>p1 move ironhead\n>p2 move recover\n>p1 move ironhead\n>p2 move recover\n>chat ☆fortnightfan|unfortunately out skilled im sorry\n>p1 move ironhead\n>p2 move recover\n>p2 switch 4\n>p1 move ironhead terastallize\n>p2 move fireblast\n>p1 move wish\n>p2 switch 3\n>p1 move protect\n>p2 move strengthsap\n>p1 switch 2\n>p2 move strengthsap\n>p1 move closecombat\n>p2 switch 5\n>p1 switch 5\n>p2 move hornleech\n>p1 move drainingkiss\n>p2 switch 5\n>p1 move shadowball\n>p2 switch 5\n>p1 switch 5\n>p2 move swordsdance\n>p1 move acrobatics\n>p2 move highhorsepower\n>chat ☆fortnightfan|man the full paras this game were so poorly timed, shoulda killed this so long ago\n>chat ☆fortnightfan|gg\n>forcelose p1", "uploadtime": 1771214378, "views": 11, "formatid": "gen9randombattle", "rating": 1819, "private": 0, "password": null}