{"id": "gen9randombattle-2540887276", "format": "[Gen 9] Random Battle", "players": ["redscorcher", "Orkodork"], "log": "|j|‽redscorcher\n|j|☆Orkodork\n|t:|1771264068\n|gametype|singles\n|player|p1|redscorcher|1|1706\n|player|p2|Orkodork|veteran|1737\n|gen|9\n|tier|[Gen 9] Random Battle\n|rated|\n|rule|Species Clause: Limit one of each Pokémon\n|rule|HP Percentage Mod: HP is shown in percentages\n|rule|Sleep Clause Mod: Limit one foe put to sleep\n|rule|Illusion Level Mod: Illusion disguises the Pokémon's true level\n|\n|t:|1771264068\n|teamsize|p1|6\n|teamsize|p2|6\n|start\n|switch|p1a: Rotom|Rotom-Frost, L87|229/229\n|switch|p2a: Annihilape|Annihilape, L76, M|292/292\n|turn|1\n|\n|t:|1771264089\n|move|p1a: Rotom|Will-O-Wisp|p2a: Annihilape\n|-status|p2a: Annihilape|brn\n|move|p2a: Annihilape|Drain Punch|p1a: Rotom\n|-supereffective|p1a: Rotom\n|-damage|p1a: Rotom|168/229\n|\n|-damage|p2a: Annihilape|274/292 brn|[from] brn\n|upkeep\n|turn|2\n|\n|t:|1771264098\n|move|p1a: Rotom|Nasty Plot|p1a: Rotom\n|-boost|p1a: Rotom|spa|2\n|move|p2a: Annihilape|Taunt|p1a: Rotom\n|-start|p1a: Rotom|move: Taunt\n|\n|-heal|p2a: Annihilape|292/292 brn|[from] item: Leftovers\n|-damage|p2a: Annihilape|274/292 brn|[from] brn\n|upkeep\n|turn|3\n|\n|t:|1771264108\n|move|p1a: Rotom|Blizzard|p2a: Annihilape\n|-damage|p2a: Annihilape|0 fnt\n|faint|p2a: Annihilape\n|\n|upkeep\n|\n|t:|1771264113\n|switch|p2a: Mienshao|Mienshao, L83, M|244/244\n|turn|4\n|\n|t:|1771264152\n|switch|p1a: Misdreavus|Misdreavus, L90, F|254/254\n|move|p2a: Mienshao|Close Combat|p1a: Misdreavus\n|-immune|p1a: Misdreavus\n|\n|upkeep\n|turn|5\n|\n|t:|1771264168\n|move|p2a: Mienshao|Knock Off|p1a: Misdreavus\n|-supereffective|p1a: Misdreavus\n|-damage|p1a: Misdreavus|82/254\n|-enditem|p1a: Misdreavus|Eviolite|[from] move: Knock Off|[of] p2a: Mienshao\n|-damage|p2a: Mienshao|220/244|[from] item: Life Orb\n|move|p1a: Misdreavus|Will-O-Wisp|p2a: Mienshao\n|-status|p2a: Mienshao|brn\n|\n|-damage|p2a: Mienshao|205/244 brn|[from] brn\n|upkeep\n|turn|6\n|\n|t:|1771264199\n|switch|p1a: Forretress|Forretress, L84, F|263/263\n|move|p2a: Mienshao|Knock Off|p1a: Forretress\n|-damage|p1a: Forretress|227/263\n|-enditem|p1a: Forretress|Leftovers|[from] move: Knock Off|[of] p2a: Mienshao\n|-damage|p2a: Mienshao|181/244 brn|[from] item: Life Orb\n|\n|-damage|p2a: Mienshao|166/244 brn|[from] brn\n|upkeep\n|turn|7\n|\n|t:|1771264217\n|move|p2a: Mienshao|Swords Dance|p2a: Mienshao\n|-boost|p2a: Mienshao|atk|2\n|move|p1a: Forretress|Stealth Rock|p2a: Mienshao\n|-sidestart|p2: Orkodork|move: Stealth Rock\n|\n|-damage|p2a: Mienshao|151/244 brn|[from] brn\n|upkeep\n|turn|8\n|\n|t:|1771264223\n|move|p2a: Mienshao|Close Combat|p1a: Forretress\n|-damage|p1a: Forretress|94/263\n|-unboost|p2a: Mienshao|def|1\n|-unboost|p2a: Mienshao|spd|1\n|-damage|p2a: Mienshao|127/244 brn|[from] item: Life Orb\n|move|p1a: Forretress|Iron Head|p2a: Mienshao\n|-damage|p2a: Mienshao|0 fnt\n|faint|p2a: Mienshao\n|\n|upkeep\n|\n|t:|1771264256\n|switch|p2a: Beartic|Beartic, L91, F|321/321\n|-damage|p2a: Beartic|241/321|[from] Stealth Rock\n|turn|9\n|\n|t:|1771264277\n|move|p2a: Beartic|Close Combat|p1a: Forretress\n|-damage|p1a: Forretress|0 fnt\n|-unboost|p2a: Beartic|def|1\n|-unboost|p2a: Beartic|spd|1\n|faint|p1a: Forretress\n|\n|upkeep\n|\n|t:|1771264287\n|switch|p1a: Rotom|Rotom-Frost, L87|168/229\n|turn|10\n|\n|t:|1771264293\n|switch|p2a: Alcremie|Alcremie-Lemon-Cream, L90, F|263/263\n|-damage|p2a: Alcremie|231/263|[from] Stealth Rock\n|move|p1a: Rotom|Will-O-Wisp|p2a: Alcremie\n|-status|p2a: Alcremie|brn\n|\n|-heal|p2a: Alcremie|247/263 brn|[from] item: Leftovers\n|-damage|p2a: Alcremie|231/263 brn|[from] brn\n|upkeep\n|turn|11\n|\n|t:|1771264301\n|move|p1a: Rotom|Nasty Plot|p1a: Rotom\n|-boost|p1a: Rotom|spa|2\n|move|p2a: Alcremie|Calm Mind|p2a: Alcremie\n|-boost|p2a: Alcremie|spa|1\n|-boost|p2a: Alcremie|spd|1\n|\n|-heal|p2a: Alcremie|247/263 brn|[from] item: Leftovers\n|-damage|p2a: Alcremie|231/263 brn|[from] brn\n|upkeep\n|turn|12\n|\n|t:|1771264311\n|-terastallize|p1a: Rotom|Electric\n|move|p1a: Rotom|Thunderbolt|p2a: Alcremie\n|-damage|p2a: Alcremie|85/263 brn\n|move|p2a: Alcremie|Alluring Voice|p1a: Rotom\n|-damage|p1a: Rotom|21/229\n|\n|-heal|p2a: Alcremie|101/263 brn|[from] item: Leftovers\n|-damage|p2a: Alcremie|85/263 brn|[from] brn\n|upkeep\n|turn|13\n|\n|t:|1771264325\n|move|p1a: Rotom|Thunderbolt|p2a: Alcremie\n|-damage|p2a: Alcremie|0 fnt\n|faint|p2a: Alcremie\n|\n|upkeep\n|\n|t:|1771264329\n|switch|p2a: Beartic|Beartic, L91, F|241/321\n|-damage|p2a: Beartic|161/321|[from] Stealth Rock\n|turn|14\n|\n|t:|1771264346\n|move|p2a: Beartic|Aqua Jet|p1a: Rotom\n|-damage|p1a: Rotom|0 fnt\n|faint|p1a: Rotom\n|\n|upkeep\n|\n|t:|1771264351\n|switch|p1a: Meowstic|Meowstic, L89, M|277/277\n|turn|15\n|\n|t:|1771264355\n|switch|p2a: Drifblim|Drifblim, L86, F|398/398\n|move|p1a: Meowstic|Reflect|p1a: Meowstic\n|-sidestart|p1: redscorcher|Reflect\n|\n|upkeep\n|turn|16\n|\n|t:|1771264372\n|move|p1a: Meowstic|Light Screen|p1a: Meowstic\n|-sidestart|p1: redscorcher|move: Light Screen\n|move|p2a: Drifblim|Defog|p1a: Meowstic\n|-unboost|p1a: Meowstic|evasion|1\n|-sideend|p1: redscorcher|Reflect\n|-sideend|p1: redscorcher|move: Light Screen\n|-sideend|p2: Orkodork|Stealth Rock|[from] move: Defog|[of] p2a: Drifblim\n|\n|upkeep\n|turn|17\n|\n|t:|1771264376\n|move|p1a: Meowstic|Yawn|p2a: Drifblim\n|-start|p2a: Drifblim|move: Yawn|[of] p1a: Meowstic\n|move|p2a: Drifblim|Shadow Ball|p1a: Meowstic\n|-supereffective|p1a: Meowstic\n|-damage|p1a: Meowstic|121/277\n|\n|upkeep\n|turn|18\n|\n|t:|1771264397\n|switch|p2a: Beartic|Beartic, L91, F|161/321\n|move|p1a: Meowstic|Light Screen|p1a: Meowstic\n|-sidestart|p1: redscorcher|move: Light Screen\n|\n|upkeep\n|turn|19\n|\n|t:|1771264401\n|move|p1a: Meowstic|Reflect|p1a: Meowstic\n|-sidestart|p1: redscorcher|Reflect\n|move|p2a: Beartic|Icicle Crash|p1a: Meowstic\n|-damage|p1a: Meowstic|24/277\n|\n|upkeep\n|turn|20\n|\n|t:|1771264407\n|move|p1a: Meowstic|Yawn|p2a: Beartic\n|-start|p2a: Beartic|move: Yawn|[of] p1a: Meowstic\n|move|p2a: Beartic|Icicle Crash|p1a: Meowstic\n|-damage|p1a: Meowstic|0 fnt\n|faint|p1a: Meowstic\n|\n|upkeep\n|\n|t:|1771264413\n|switch|p1a: Mimikyu|Mimikyu, L79, M|216/216\n|turn|21\n|\n|t:|1771264428\n|switch|p2a: Gogoat|Gogoat, L88, M|360/360\n|move|p1a: Mimikyu|Swords Dance|p1a: Mimikyu\n|-boost|p1a: Mimikyu|atk|2\n|\n|upkeep\n|turn|22\n|\n|t:|1771264440\n|move|p1a: Mimikyu|Swords Dance|p1a: Mimikyu\n|-boost|p1a: Mimikyu|atk|2\n|move|p2a: Gogoat|Horn Leech|p1a: Mimikyu\n|-activate|p1a: Mimikyu|ability: Disguise\n|-damage|p1a: Mimikyu|216/216\n|detailschange|p1a: Mimikyu|Mimikyu-Busted, L79, M\n|-damage|p1a: Mimikyu|189/216|[from] pokemon: Mimikyu-Busted\n|\n|upkeep\n|turn|23\n|\n|t:|1771264446\n|move|p1a: Mimikyu|Shadow Claw|p2a: Gogoat\n|-damage|p2a: Gogoat|48/360\n|-damage|p1a: Mimikyu|168/216|[from] item: Life Orb\n|move|p2a: Gogoat|Horn Leech|p1a: Mimikyu\n|-damage|p1a: Mimikyu|120/216\n|-heal|p2a: Gogoat|72/360|[from] drain|[of] p1a: Mimikyu\n|\n|-heal|p2a: Gogoat|94/360|[from] item: Leftovers\n|upkeep\n|turn|24\n|\n|t:|1771264453\n|move|p1a: Mimikyu|Shadow Claw|p2a: Gogoat\n|-damage|p2a: Gogoat|0 fnt\n|faint|p2a: Gogoat\n|-damage|p1a: Mimikyu|99/216|[from] item: Life Orb\n|\n|upkeep\n|\n|t:|1771264458\n|switch|p2a: Drifblim|Drifblim, L86, F|398/398\n|turn|25\n|\n|t:|1771264462\n|-terastallize|p2a: Drifblim|Fairy\n|move|p1a: Mimikyu|Shadow Claw|p2a: Drifblim\n|-damage|p2a: Drifblim|35/398\n|-damage|p1a: Mimikyu|78/216|[from] item: Life Orb\n|move|p2a: Drifblim|Shadow Ball|p1a: Mimikyu\n|-supereffective|p1a: Mimikyu\n|-damage|p1a: Mimikyu|0 fnt\n|faint|p1a: Mimikyu\n|\n|-sideend|p1: redscorcher|move: Light Screen\n|upkeep\n|\n|t:|1771264473\n|switch|p1a: Thundurus|Thundurus, L80, M|258/258\n|turn|26\n|\n|t:|1771264477\n|move|p1a: Thundurus|Thunderbolt|p2a: Drifblim\n|-damage|p2a: Drifblim|0 fnt\n|faint|p2a: Drifblim\n|\n|-sideend|p1: redscorcher|Reflect\n|upkeep\n|\n|t:|1771264478\n|switch|p2a: Beartic|Beartic, L91, F|161/321\n|turn|27\n|\n|t:|1771264483\n|move|p1a: Thundurus|Focus Blast|p2a: Beartic|[miss]\n|-miss|p1a: Thundurus|p2a: Beartic\n|move|p2a: Beartic|Icicle Crash|p1a: Thundurus\n|-supereffective|p1a: Thundurus\n|-damage|p1a: Thundurus|0 fnt\n|faint|p1a: Thundurus\n|\n|upkeep\n|\n|t:|1771264485\n|switch|p1a: Misdreavus|Misdreavus, L90, F|82/254\n|turn|28\n|\n|t:|1771264491\n|move|p1a: Misdreavus|Will-O-Wisp|p2a: Beartic\n|-status|p2a: Beartic|brn\n|move|p2a: Beartic|Icicle Crash|p1a: Misdreavus\n|-damage|p1a: Misdreavus|0 fnt\n|faint|p1a: Misdreavus\n|\n|win|Orkodork\n|raw|redscorcher's rating: 1706 &rarr; <strong>1688</strong><br />(-18 for losing)\n|raw|Orkodork's rating: 1737 &rarr; <strong>1755</strong><br />(+18 for winning)\n|l|‽redscorcher\n|player|p1|\n", "inputlog": ">version 686819e5e19f8a7fd2345cfc5a08a5085efa2cc3\n>start {\"formatid\":\"gen9randombattle\",\"seed\":\"sodium,2b53181d9c7b2ef735076fa2eb62838d\",\"rated\":\"Rated battle\"}\n>player p1 {\"name\":\"redscorcher\",\"avatar\":\"1\",\"rating\":1706,\"seed\":\"sodium,68e7206d84eeca4106d460a75dd2b293\"}\n>player p2 {\"name\":\"Orkodork\",\"avatar\":\"veteran\",\"rating\":1737,\"seed\":\"sodium,b2fb01f73caced99406af37c28f6dca4\"}\n>p1 move willowisp\n>p2 move drainpunch\n>p1 move nastyplot\n>p2 move taunt\n>p1 move blizzard\n>p2 move drainpunch\n>p2 switch 6\n>p1 switch 5\n>p2 move closecombat\n>p1 move willowisp\n>p2 move knockoff\n>p1 switch 6\n>p2 move knockoff\n>p1 move stealthrock\n>p2 move swordsdance\n>p1 move ironhead\n>p2 move closecombat\n>p2 switch 5\n>p1 move ironhead\n>p2 move closecombat\n>p1 switch 5\n>p1 move willowisp\n>p2 switch 3\n>p1 move nastyplot\n>p2 move calmmind\n>p1 move thunderbolt terastallize\n>p2 move alluringvoice\n>p1 move thunderbolt\n>p2 move alluringvoice\n>p2 switch 3\n>p1 move thunderbolt\n>p2 move aquajet\n>p1 switch 2\n>p1 move reflect\n>p2 switch 4\n>p1 move lightscreen\n>p2 move defog\n>p1 move yawn\n>p2 move shadowball\n>p1 move lightscreen\n>p2 switch 4\n>p1 move reflect\n>p2 move iciclecrash\n>p1 move yawn\n>p2 move iciclecrash\n>p1 switch 3\n>p1 move swordsdance\n>p2 switch 2\n>p1 move swordsdance\n>p2 move hornleech\n>p1 move shadowclaw\n>p2 move hornleech\n>p1 move shadowclaw\n>p2 move hornleech\n>p2 switch 4\n>p1 move shadowclaw\n>p2 move shadowball terastallize\n>p1 switch 4\n>p1 move thunderbolt\n>p2 move shadowball\n>p2 switch 2\n>p1 move focusblast\n>p2 move iciclecrash\n>p1 switch 6\n>p1 move willowisp\n>p2 move iciclecrash", "uploadtime": 1771264503, "views": 3, "formatid": "gen9randombattle", "rating": 1688, "private": 0, "password": null}