{"id": "gen9randombattle-2540563398", "format": "[Gen 9] Random Battle", "players": ["www55", "snof2"], "log": "|j|☆www55\n|j|☆snof2\n|t:|1771218606\n|gametype|singles\n|player|p1|www55|cynthia-gen4|1873\n|player|p2|snof2|alder|1858\n|gen|9\n|tier|[Gen 9] Random Battle\n|rated|\n|rule|Species Clause: Limit one of each Pokémon\n|rule|HP Percentage Mod: HP is shown in percentages\n|rule|Sleep Clause Mod: Limit one foe put to sleep\n|rule|Illusion Level Mod: Illusion disguises the Pokémon's true level\n|\n|t:|1771218606\n|teamsize|p1|6\n|teamsize|p2|6\n|start\n|switch|p1a: Brambleghast|Brambleghast, L88, F|240/240\n|switch|p2a: Entei|Entei, L78|307/307\n|turn|1\n|inactive|Battle timer is ON: inactive players will automatically lose when time's up. (requested by www55)\n|\n|t:|1771218622\n|switch|p1a: Swanna|Swanna, L89, M|278/278\n|move|p2a: Entei|Sacred Fire|p1a: Swanna|[miss]\n|-miss|p2a: Entei|p1a: Swanna\n|\n|upkeep\n|turn|2\n|\n|t:|1771218631\n|switch|p2a: Wyrdeer|Wyrdeer, L87, F|321/321\n|-ability|p2a: Wyrdeer|Intimidate|boost\n|-unboost|p1a: Swanna|atk|1\n|move|p1a: Swanna|Knock Off|p2a: Wyrdeer\n|-supereffective|p2a: Wyrdeer\n|-damage|p2a: Wyrdeer|207/321\n|-enditem|p2a: Wyrdeer|Leftovers|[from] move: Knock Off|[of] p1a: Swanna\n|\n|upkeep\n|turn|3\n|\n|t:|1771218657\n|switch|p1a: Sandslash|Sandslash-Alola, L88, M|275/275\n|move|p2a: Wyrdeer|Thunder Wave|p1a: Sandslash\n|-status|p1a: Sandslash|par\n|\n|upkeep\n|turn|4\n|\n|t:|1771218665\n|move|p2a: Wyrdeer|Earthquake|p1a: Sandslash\n|-supereffective|p1a: Sandslash\n|-damage|p1a: Sandslash|151/275 par\n|move|p1a: Sandslash|Rapid Spin|p2a: Wyrdeer\n|-crit|p2a: Wyrdeer\n|-damage|p2a: Wyrdeer|140/321\n|-boost|p1a: Sandslash|spe|1\n|\n|upkeep\n|turn|5\n|\n|t:|1771218674\n|move|p2a: Wyrdeer|Earthquake|p1a: Sandslash\n|-supereffective|p1a: Sandslash\n|-damage|p1a: Sandslash|31/275 par\n|move|p1a: Sandslash|Rapid Spin|p2a: Wyrdeer\n|-damage|p2a: Wyrdeer|95/321\n|-boost|p1a: Sandslash|spe|1\n|\n|upkeep\n|turn|6\n|\n|t:|1771218685\n|move|p1a: Sandslash|Triple Axel|p2a: Wyrdeer\n|-damage|p2a: Wyrdeer|68/321\n|-damage|p2a: Wyrdeer|13/321\n|-damage|p2a: Wyrdeer|0 fnt\n|faint|p2a: Wyrdeer\n|-hitcount|p2: Wyrdeer|3\n|\n|upkeep\n|\n|t:|1771218703\n|switch|p2a: Entei|Entei, L78|307/307\n|turn|7\n|\n|t:|1771218709\n|move|p2a: Entei|Flare Blitz|p1a: Sandslash\n|-supereffective|p1a: Sandslash\n|-damage|p1a: Sandslash|0 fnt\n|faint|p1a: Sandslash\n|-damage|p2a: Entei|297/307|[from] Recoil\n|\n|upkeep\n|\n|t:|1771218726\n|switch|p1a: Arceus|Arceus-Fighting, L70|284/284\n|turn|8\n|\n|t:|1771218732\n|switch|p2a: Carbink|Carbink, L90|236/236\n|move|p1a: Arceus|Iron Defense|p1a: Arceus\n|-boost|p1a: Arceus|def|2\n|\n|upkeep\n|turn|9\n|\n|t:|1771218742\n|move|p1a: Arceus|Body Press|p2a: Carbink\n|-damage|p2a: Carbink|127/236\n|move|p2a: Carbink|Iron Defense|p2a: Carbink\n|-boost|p2a: Carbink|def|2\n|\n|-heal|p2a: Carbink|141/236|[from] item: Leftovers\n|upkeep\n|turn|10\n|\n|t:|1771218758\n|move|p1a: Arceus|Body Press|p2a: Carbink\n|-damage|p2a: Carbink|89/236\n|move|p2a: Carbink|Moonblast|p1a: Arceus\n|-supereffective|p1a: Arceus\n|-damage|p1a: Arceus|156/284\n|\n|-heal|p2a: Carbink|103/236|[from] item: Leftovers\n|upkeep\n|turn|11\n|\n|t:|1771218768\n|move|p1a: Arceus|Iron Defense|p1a: Arceus\n|-boost|p1a: Arceus|def|2\n|move|p2a: Carbink|Moonblast|p1a: Arceus\n|-supereffective|p1a: Arceus\n|-damage|p1a: Arceus|12/284\n|\n|-heal|p2a: Carbink|117/236|[from] item: Leftovers\n|upkeep\n|turn|12\n|\n|t:|1771218777\n|move|p1a: Arceus|Body Press|p2a: Carbink\n|-damage|p2a: Carbink|36/236\n|move|p2a: Carbink|Rock Polish|p2a: Carbink\n|-boost|p2a: Carbink|spe|2\n|\n|-heal|p2a: Carbink|50/236|[from] item: Leftovers\n|upkeep\n|turn|13\n|\n|t:|1771218785\n|move|p2a: Carbink|Moonblast|p1a: Arceus\n|-supereffective|p1a: Arceus\n|-damage|p1a: Arceus|0 fnt\n|faint|p1a: Arceus\n|\n|-heal|p2a: Carbink|64/236|[from] item: Leftovers\n|upkeep\n|\n|t:|1771218806\n|switch|p1a: Brambleghast|Brambleghast, L88, F|240/240\n|turn|14\n|\n|t:|1771218814\n|move|p2a: Carbink|Moonblast|p1a: Brambleghast\n|-damage|p1a: Brambleghast|158/240\n|-unboost|p1a: Brambleghast|spa|1\n|move|p1a: Brambleghast|Power Whip|p2a: Carbink\n|-supereffective|p2a: Carbink\n|-damage|p2a: Carbink|0 fnt\n|faint|p2a: Carbink\n|\n|-heal|p1a: Brambleghast|173/240|[from] item: Leftovers\n|upkeep\n|\n|t:|1771218825\n|switch|p2a: Entei|Entei, L78|297/307\n|turn|15\n|\n|t:|1771218836\n|switch|p1a: Swanna|Swanna, L89, M|278/278\n|-terastallize|p2a: Entei|Fire\n|move|p2a: Entei|Flare Blitz|p1a: Swanna\n|-resisted|p1a: Swanna\n|-damage|p1a: Swanna|127/278\n|-damage|p2a: Entei|247/307|[from] Recoil\n|\n|upkeep\n|turn|16\n|\n|t:|1771218845\n|switch|p2a: Palkia|Palkia-Origin, L72|249/249\n|-ability|p2a: Palkia|Pressure\n|move|p1a: Swanna|Hydro Pump|p2a: Palkia|[miss]\n|-miss|p1a: Swanna|p2a: Palkia\n|\n|upkeep\n|turn|17\n|\n|t:|1771218855\n|switch|p1a: Brambleghast|Brambleghast, L88, F|173/240\n|move|p2a: Palkia|Thunder Wave|p1a: Brambleghast\n|-status|p1a: Brambleghast|par\n|\n|-heal|p1a: Brambleghast|188/240 par|[from] item: Leftovers\n|upkeep\n|turn|18\n|\n|t:|1771218866\n|move|p2a: Palkia|Fire Blast|p1a: Brambleghast|[miss]\n|-miss|p2a: Palkia|p1a: Brambleghast\n|move|p1a: Brambleghast|Leech Seed|p2a: Palkia|[miss]\n|-miss|p1a: Brambleghast|p2a: Palkia\n|\n|-heal|p1a: Brambleghast|203/240 par|[from] item: Leftovers\n|upkeep\n|turn|19\n|\n|t:|1771218877\n|move|p2a: Palkia|Fire Blast|p1a: Brambleghast\n|-supereffective|p1a: Brambleghast\n|-damage|p1a: Brambleghast|21/240 par\n|cant|p1a: Brambleghast|par\n|\n|-heal|p1a: Brambleghast|36/240 par|[from] item: Leftovers\n|upkeep\n|turn|20\n|\n|t:|1771218885\n|move|p2a: Palkia|Fire Blast|p1a: Brambleghast\n|-supereffective|p1a: Brambleghast\n|-damage|p1a: Brambleghast|0 fnt\n|faint|p1a: Brambleghast\n|\n|upkeep\n|\n|t:|1771218896\n|switch|p1a: Iron Crown|Iron Crown, L78|268/268\n|turn|21\n|\n|t:|1771218902\n|move|p2a: Palkia|Thunder Wave|p1a: Iron Crown\n|-status|p1a: Iron Crown|par\n|cant|p1a: Iron Crown|par\n|\n|upkeep\n|turn|22\n|\n|t:|1771218909\n|move|p2a: Palkia|Fire Blast|p1a: Iron Crown\n|-supereffective|p1a: Iron Crown\n|-damage|p1a: Iron Crown|122/268 par\n|move|p1a: Iron Crown|Calm Mind|p1a: Iron Crown\n|-boost|p1a: Iron Crown|spa|1\n|-boost|p1a: Iron Crown|spd|1\n|\n|-heal|p1a: Iron Crown|138/268 par|[from] item: Leftovers\n|upkeep\n|turn|23\n|\n|t:|1771218924\n|switch|p2a: Entei|Entei, L78, tera:Fire|247/307\n|move|p1a: Iron Crown|Psyshock|p2a: Entei\n|-damage|p2a: Entei|88/307\n|\n|-heal|p1a: Iron Crown|154/268 par|[from] item: Leftovers\n|upkeep\n|turn|24\n|\n|t:|1771218935\n|move|p2a: Entei|Flare Blitz|p1a: Iron Crown\n|-supereffective|p1a: Iron Crown\n|-damage|p1a: Iron Crown|0 fnt\n|faint|p1a: Iron Crown\n|-end|p1a: Iron Crown|Quark Drive|[silent]\n|-damage|p2a: Entei|37/307|[from] Recoil\n|\n|upkeep\n|\n|t:|1771218944\n|switch|p1a: Swanna|Swanna, L89, M|127/278\n|turn|25\n|\n|t:|1771218949\n|switch|p2a: Palkia|Palkia-Origin, L72|249/249\n|-ability|p2a: Palkia|Pressure\n|move|p1a: Swanna|Knock Off|p2a: Palkia\n|-damage|p2a: Palkia|201/249\n|\n|upkeep\n|turn|26\n|\n|t:|1771218957\n|move|p1a: Swanna|Roost|p1a: Swanna\n|-heal|p1a: Swanna|266/278\n|-singleturn|p1a: Swanna|move: Roost\n|move|p2a: Palkia|Thunder Wave|p1a: Swanna\n|-status|p1a: Swanna|par\n|\n|upkeep\n|turn|27\n|\n|t:|1771218966\n|move|p2a: Palkia|Hydro Pump|p1a: Swanna\n|-resisted|p1a: Swanna\n|-damage|p1a: Swanna|179/278 par\n|move|p1a: Swanna|Brave Bird|p2a: Palkia\n|-damage|p2a: Palkia|63/249\n|-damage|p1a: Swanna|133/278 par|[from] Recoil\n|\n|upkeep\n|turn|28\n|\n|t:|1771218975\n|move|p2a: Palkia|Draco Meteor|p1a: Swanna\n|-damage|p1a: Swanna|0 fnt\n|-unboost|p2a: Palkia|spa|2\n|faint|p1a: Swanna\n|\n|upkeep\n|\n|t:|1771218981\n|switch|p1a: Volcarona|Volcarona, L77, M|257/257\n|turn|29\n|\n|t:|1771218989\n|-terastallize|p1a: Volcarona|Water\n|move|p2a: Palkia|Thunder Wave|p1a: Volcarona\n|-status|p1a: Volcarona|par\n|cant|p1a: Volcarona|par\n|\n|upkeep\n|turn|30\n|\n|t:|1771218997\n|switch|p2a: Entei|Entei, L78, tera:Fire|37/307\n|cant|p1a: Volcarona|par\n|\n|upkeep\n|turn|31\n|\n|t:|1771219003\n|move|p2a: Entei|Flare Blitz|p1a: Volcarona\n|-resisted|p1a: Volcarona\n|-damage|p1a: Volcarona|80/257 par\n|-damage|p2a: Entei|0 fnt|[from] Recoil\n|faint|p2a: Entei\n|move|p1a: Volcarona|Quiver Dance|p1a: Volcarona\n|-boost|p1a: Volcarona|spa|1\n|-boost|p1a: Volcarona|spd|1\n|-boost|p1a: Volcarona|spe|1\n|\n|upkeep\n|\n|t:|1771219011\n|switch|p2a: Flygon|Flygon, L82, M|265/265\n|turn|32\n|\n|t:|1771219018\n|move|p2a: Flygon|Outrage|p1a: Volcarona\n|-damage|p1a: Volcarona|0 fnt\n|faint|p1a: Volcarona\n|\n|win|snof2\n|raw|www55's rating: 1873 &rarr; <strong>1852</strong><br />(-21 for losing)\n|raw|snof2's rating: 1858 &rarr; <strong>1879</strong><br />(+21 for winning)\n|l|☆snof2\n|player|p2|\n", "inputlog": ">version 686819e5e19f8a7fd2345cfc5a08a5085efa2cc3\n>start {\"formatid\":\"gen9randombattle\",\"seed\":\"sodium,bd52c3cb8bd1918b7043a907ca6556d7\",\"rated\":\"Rated battle\"}\n>player p1 {\"name\":\"www55\",\"avatar\":\"cynthia-gen4\",\"rating\":1873,\"seed\":\"sodium,50ac01117a39ded89f697142cb40d765\"}\n>player p2 {\"name\":\"snof2\",\"avatar\":\"alder\",\"rating\":1858,\"seed\":\"sodium,a2a87398a46ef85ad44bf1804565ce80\"}\n>p1 switch 5\n>p2 move sacredfire\n>p1 move knockoff\n>p2 switch 3\n>p1 switch 4\n>p2 move thunderwave\n>p1 move rapidspin\n>p2 move earthquake\n>p1 move rapidspin\n>p2 move earthquake\n>p1 move tripleaxel\n>p2 move earthquake\n>p2 switch 3\n>p1 move knockoff\n>p2 move flareblitz\n>p1 switch 3\n>p1 move irondefense\n>p2 switch 2\n>p1 move bodypress\n>p2 move irondefense\n>p1 move bodypress\n>p2 move moonblast\n>p1 move irondefense\n>p2 move moonblast\n>p1 move bodypress\n>p2 move rockpolish\n>p1 move bodypress\n>p2 move moonblast\n>p1 switch 5\n>p1 move powerwhip\n>p2 move moonblast\n>p2 switch 2\n>p1 switch 4\n>p2 move flareblitz terastallize\n>p1 move hydropump\n>p2 switch 6\n>p1 switch 4\n>p2 move thunderwave\n>p1 move leechseed\n>p2 move fireblast\n>p1 move leechseed\n>p2 move fireblast\n>p1 move powerwhip\n>p2 move fireblast\n>p1 switch 2\n>p1 move calmmind\n>p2 move thunderwave\n>p1 move calmmind\n>p2 move fireblast\n>p1 move psyshock\n>p2 switch 6\n>p1 move psyshock\n>p2 move flareblitz\n>p1 switch 4\n>p1 move knockoff\n>p2 switch 6\n>p1 move roost\n>p2 move thunderwave\n>p1 move bravebird\n>p2 move hydropump\n>p1 move roost\n>p2 move dracometeor\n>p1 switch 6\n>p1 move quiverdance terastallize\n>p2 move thunderwave\n>p1 move quiverdance\n>p2 switch 6\n>p1 move quiverdance\n>p2 move flareblitz\n>p2 switch 5\n>p1 move terablast\n>p2 move outrage", "uploadtime": 1771219030, "views": 14, "formatid": "gen9randombattle", "rating": 1852, "private": 0, "password": null}