{"id": "gen9randombattle-2540483602", "format": "[Gen 9] Random Battle", "players": ["flair7502", "Mungjulio"], "log": "|j|☆flair7502\n|j|☆Mungjulio\n|t:|1771207693\n|gametype|singles\n|player|p1|flair7502|aromalady|1594\n|player|p2|Mungjulio|266|1662\n|gen|9\n|tier|[Gen 9] Random Battle\n|rated|\n|rule|Species Clause: Limit one of each Pokémon\n|rule|HP Percentage Mod: HP is shown in percentages\n|rule|Sleep Clause Mod: Limit one foe put to sleep\n|rule|Illusion Level Mod: Illusion disguises the Pokémon's true level\n|\n|t:|1771207693\n|teamsize|p1|6\n|teamsize|p2|6\n|start\n|switch|p1a: Latias|Latias, L79, F|256/256\n|switch|p2a: Salazzle|Salazzle, L83, F|249/249\n|turn|1\n|inactive|Battle timer is ON: inactive players will automatically lose when time's up. (requested by flair7502)\n|\n|t:|1771207722\n|switch|p1a: Swalot|Swalot, L90, F|326/326\n|move|p2a: Salazzle|Substitute|p2a: Salazzle\n|-start|p2a: Salazzle|Substitute\n|-damage|p2a: Salazzle|187/249\n|\n|-heal|p2a: Salazzle|202/249|[from] item: Leftovers\n|upkeep\n|turn|2\n|\n|t:|1771207728\n|move|p2a: Salazzle|Protect|p2a: Salazzle\n|-singleturn|p2a: Salazzle|Protect\n|move|p1a: Swalot|Earthquake|p2a: Salazzle\n|-activate|p2a: Salazzle|move: Protect\n|\n|-heal|p2a: Salazzle|217/249|[from] item: Leftovers\n|upkeep\n|turn|3\n|\n|t:|1771207732\n|move|p2a: Salazzle|Toxic|p1a: Swalot\n|-status|p1a: Swalot|tox\n|move|p1a: Swalot|Earthquake|p2a: Salazzle\n|-supereffective|p2a: Salazzle\n|-end|p2a: Salazzle|Substitute\n|\n|-heal|p2a: Salazzle|232/249|[from] item: Leftovers\n|-damage|p1a: Swalot|306/326 tox|[from] psn\n|upkeep\n|turn|4\n|\n|t:|1771207740\n|move|p2a: Salazzle|Protect|p2a: Salazzle\n|-singleturn|p2a: Salazzle|Protect\n|move|p1a: Swalot|Earthquake|p2a: Salazzle\n|-activate|p2a: Salazzle|move: Protect\n|\n|-heal|p2a: Salazzle|247/249|[from] item: Leftovers\n|-heal|p1a: Swalot|326/326 tox|[from] item: Leftovers\n|-damage|p1a: Swalot|286/326 tox|[from] psn\n|upkeep\n|turn|5\n|\n|t:|1771207746\n|move|p2a: Salazzle|Substitute|p2a: Salazzle\n|-start|p2a: Salazzle|Substitute\n|-damage|p2a: Salazzle|185/249\n|move|p1a: Swalot|Earthquake|p2a: Salazzle\n|-supereffective|p2a: Salazzle\n|-end|p2a: Salazzle|Substitute\n|\n|-heal|p2a: Salazzle|200/249|[from] item: Leftovers\n|-heal|p1a: Swalot|306/326 tox|[from] item: Leftovers\n|-damage|p1a: Swalot|246/326 tox|[from] psn\n|upkeep\n|turn|6\n|\n|t:|1771207751\n|switch|p1a: Gothitelle|Gothitelle, L90, F|272/272\n|move|p2a: Salazzle|Substitute|p2a: Salazzle\n|-start|p2a: Salazzle|Substitute\n|-damage|p2a: Salazzle|138/249\n|\n|-heal|p2a: Salazzle|153/249|[from] item: Leftovers\n|upkeep\n|turn|7\n|\n|t:|1771207762\n|move|p1a: Gothitelle|Trick||[still]\n|-fail|p1a: Gothitelle\n|move|p2a: Salazzle|Toxic|p1a: Gothitelle\n|-status|p1a: Gothitelle|tox\n|\n|-heal|p2a: Salazzle|168/249|[from] item: Leftovers\n|-damage|p1a: Gothitelle|255/272 tox|[from] psn\n|upkeep\n|turn|8\n|\n|t:|1771207771\n|move|p1a: Gothitelle|Trick||[still]\n|-fail|p1a: Gothitelle\n|move|p2a: Salazzle|Flamethrower|p1a: Gothitelle\n|-damage|p1a: Gothitelle|165/272 tox\n|\n|-heal|p2a: Salazzle|183/249|[from] item: Leftovers\n|-damage|p1a: Gothitelle|131/272 tox|[from] psn\n|upkeep\n|turn|9\n|-message|flair7502 forfeited.\n|\n|win|Mungjulio\n|raw|flair7502's rating: 1594 &rarr; <strong>1578</strong><br />(-16 for losing)\n|raw|Mungjulio's rating: 1662 &rarr; <strong>1678</strong><br />(+16 for winning)\n|l|☆flair7502\n|player|p1|\n", "inputlog": ">version 686819e5e19f8a7fd2345cfc5a08a5085efa2cc3\n>start {\"formatid\":\"gen9randombattle\",\"seed\":\"sodium,bad8da274ce662148b2fe1cdc2894d19\",\"rated\":\"Rated battle\"}\n>player p1 {\"name\":\"flair7502\",\"avatar\":\"aromalady\",\"rating\":1594,\"seed\":\"sodium,1371f276746dd933b8de934f3590ab98\"}\n>player p2 {\"name\":\"Mungjulio\",\"avatar\":\"266\",\"rating\":1662,\"seed\":\"sodium,fcd610bc7f583fa60c5341894ab85b2f\"}\n>p1 switch 3\n>p2 move substitute\n>p1 move earthquake\n>p2 move protect\n>p1 move earthquake\n>p2 move toxic\n>p1 move earthquake\n>p2 move protect\n>p1 move earthquake\n>p2 move substitute\n>p1 switch 2\n>p2 move substitute\n>p1 move trick\n>p2 move toxic\n>p1 move trick\n>p2 move flamethrower\n>forcelose p1", "uploadtime": 1771207793, "views": 10, "formatid": "gen9randombattle", "rating": 1578, "private": 0, "password": null}