{"id": "gen9randombattle-2540508384", "format": "[Gen 9] Random Battle", "players": ["raisin", "Dr Gaster PHD"], "log": "|j|☆raisin\n|j|☆Dr Gaster PHD\n|t:|1771210824\n|gametype|singles\n|player|p1|raisin|170|1894\n|player|p2|Dr Gaster PHD|ghetsis|1883\n|gen|9\n|tier|[Gen 9] Random Battle\n|rated|\n|rule|Species Clause: Limit one of each Pokémon\n|rule|HP Percentage Mod: HP is shown in percentages\n|rule|Sleep Clause Mod: Limit one foe put to sleep\n|rule|Illusion Level Mod: Illusion disguises the Pokémon's true level\n|\n|t:|1771210824\n|teamsize|p1|6\n|teamsize|p2|6\n|start\n|switch|p1a: Leavanny|Leavanny, L86, M|269/269\n|switch|p2a: Thundurus|Thundurus-Therian, L80, M|258/258\n|turn|1\n|\n|t:|1771210856\n|switch|p2a: Cobalion|Cobalion, L80|277/277\n|switch|p1a: Incineroar|Incineroar, L82, M|290/290\n|-ability|p1a: Incineroar|Intimidate|boost\n|-unboost|p2a: Cobalion|atk|1\n|\n|upkeep\n|turn|2\n|\n|t:|1771210873\n|switch|p1a: Vileplume|Vileplume, L85, F|266/266\n|move|p2a: Cobalion|Swords Dance|p2a: Cobalion\n|-boost|p2a: Cobalion|atk|2\n|\n|upkeep\n|turn|3\n|\n|t:|1771210882\n|move|p2a: Cobalion|Taunt|p1a: Vileplume\n|-start|p1a: Vileplume|move: Taunt\n|cant|p1a: Vileplume|move: Taunt|Sleep Powder\n|\n|upkeep\n|turn|4\n|\n|t:|1771210889\n|switch|p1a: Incineroar|Incineroar, L82, M|290/290\n|-ability|p1a: Incineroar|Intimidate|boost\n|-unboost|p2a: Cobalion|atk|1\n|move|p2a: Cobalion|Swords Dance|p2a: Cobalion\n|-boost|p2a: Cobalion|atk|2\n|\n|upkeep\n|turn|5\n|\n|t:|1771210893\n|move|p2a: Cobalion|Close Combat|p1a: Incineroar\n|-supereffective|p1a: Incineroar\n|-damage|p1a: Incineroar|0 fnt\n|-unboost|p2a: Cobalion|def|1\n|-unboost|p2a: Cobalion|spd|1\n|faint|p1a: Incineroar\n|\n|upkeep\n|\n|t:|1771210897\n|switch|p1a: Barraskewda|Barraskewda, L81, M|231/231\n|turn|6\n|\n|t:|1771210903\n|switch|p2a: Milotic|Milotic, L83, F|293/293\n|move|p1a: Barraskewda|Close Combat|p2a: Milotic\n|-damage|p2a: Milotic|146/293\n|-unboost|p1a: Barraskewda|def|1\n|-unboost|p1a: Barraskewda|spd|1\n|\n|-heal|p2a: Milotic|164/293|[from] item: Leftovers\n|upkeep\n|turn|7\n|\n|t:|1771210911\n|switch|p1a: Leavanny|Leavanny, L86, M|269/269\n|move|p2a: Milotic|Recover|p2a: Milotic\n|-heal|p2a: Milotic|293/293\n|\n|upkeep\n|turn|8\n|\n|t:|1771210923\n|move|p1a: Leavanny|Sticky Web|p2a: Milotic\n|-sidestart|p2: Dr Gaster PHD|move: Sticky Web\n|move|p2a: Milotic|Ice Beam|p1a: Leavanny\n|-supereffective|p1a: Leavanny\n|-damage|p1a: Leavanny|125/269\n|\n|upkeep\n|turn|9\n|\n|t:|1771210929\n|move|p1a: Leavanny|Leaf Blade|p2a: Milotic\n|-supereffective|p2a: Milotic\n|-damage|p2a: Milotic|69/293\n|move|p2a: Milotic|Ice Beam|p1a: Leavanny\n|-supereffective|p1a: Leavanny\n|-damage|p1a: Leavanny|0 fnt\n|faint|p1a: Leavanny\n|\n|-heal|p2a: Milotic|87/293|[from] item: Leftovers\n|upkeep\n|\n|t:|1771210939\n|switch|p1a: Cresselia|Cresselia, L80, F|323/323\n|turn|10\n|\n|t:|1771210953\n|switch|p2a: Morpeko|Morpeko, L88, M|245/245\n|move|p1a: Cresselia|Calm Mind|p1a: Cresselia\n|-boost|p1a: Cresselia|spa|1\n|-boost|p1a: Cresselia|spd|1\n|\n|-formechange|p2a: Morpeko|Morpeko-Hangry||[from] ability: Hunger Switch\n|upkeep\n|turn|11\n|\n|t:|1771210966\n|switch|p1a: Vileplume|Vileplume, L85, F|266/266\n|move|p2a: Morpeko|Aura Wheel|p1a: Vileplume\n|-damage|p1a: Vileplume|145/266\n|-boost|p2a: Morpeko|spe|1\n|\n|-heal|p1a: Vileplume|161/266|[from] item: Leftovers\n|-formechange|p2a: Morpeko|Morpeko||[from] ability: Hunger Switch\n|upkeep\n|turn|12\n|\n|t:|1771210982\n|move|p2a: Morpeko|Rapid Spin|p1a: Vileplume\n|-crit|p1a: Vileplume\n|-damage|p1a: Vileplume|98/266\n|-boost|p2a: Morpeko|spe|1\n|-sideend|p2: Dr Gaster PHD|Sticky Web|[from] move: Rapid Spin|[of] p2a: Morpeko\n|move|p1a: Vileplume|Sleep Powder|p2a: Morpeko|[miss]\n|-miss|p1a: Vileplume|p2a: Morpeko\n|\n|-heal|p1a: Vileplume|114/266|[from] item: Leftovers\n|-formechange|p2a: Morpeko|Morpeko-Hangry||[from] ability: Hunger Switch\n|upkeep\n|turn|13\n|\n|t:|1771210988\n|move|p2a: Morpeko|Aura Wheel|p1a: Vileplume\n|-damage|p1a: Vileplume|0 fnt\n|-boost|p2a: Morpeko|spe|1\n|faint|p1a: Vileplume\n|\n|-formechange|p2a: Morpeko|Morpeko||[from] ability: Hunger Switch\n|upkeep\n|\n|t:|1771210995\n|switch|p1a: Cetitan|Cetitan, L82, M|412/412\n|turn|14\n|\n|t:|1771211014\n|move|p2a: Morpeko|Aura Wheel|p1a: Cetitan\n|-damage|p1a: Cetitan|241/412\n|-boost|p2a: Morpeko|spe|1\n|move|p1a: Cetitan|Earthquake|p2a: Morpeko\n|-supereffective|p2a: Morpeko\n|-damage|p2a: Morpeko|65/245\n|\n|-formechange|p2a: Morpeko|Morpeko-Hangry||[from] ability: Hunger Switch\n|upkeep\n|turn|15\n|\n|t:|1771211023\n|move|p2a: Morpeko|Parting Shot|p1a: Cetitan\n|-unboost|p1a: Cetitan|atk|1\n|-unboost|p1a: Cetitan|spa|1\n|\n|t:|1771211027\n|switch|p2a: Cobalion|Cobalion, L80|277/277|[from] Parting Shot\n|move|p1a: Cetitan|Earthquake|p2a: Cobalion\n|-supereffective|p2a: Cobalion\n|-damage|p2a: Cobalion|195/277\n|\n|-heal|p2a: Cobalion|212/277|[from] item: Leftovers\n|upkeep\n|turn|16\n|\n|t:|1771211046\n|switch|p1a: Barraskewda|Barraskewda, L81, M|231/231\n|move|p2a: Cobalion|Close Combat|p1a: Barraskewda\n|-damage|p1a: Barraskewda|81/231\n|-unboost|p2a: Cobalion|def|1\n|-unboost|p2a: Cobalion|spd|1\n|\n|-heal|p2a: Cobalion|229/277|[from] item: Leftovers\n|upkeep\n|turn|17\n|\n|t:|1771211058\n|switch|p2a: Milotic|Milotic, L83, F|87/293\n|move|p1a: Barraskewda|Close Combat|p2a: Milotic\n|-damage|p2a: Milotic|0 fnt\n|-unboost|p1a: Barraskewda|def|1\n|-unboost|p1a: Barraskewda|spd|1\n|faint|p2a: Milotic\n|\n|upkeep\n|\n|t:|1771211089\n|switch|p2a: Thundurus|Thundurus-Therian, L80, M|258/258\n|turn|18\n|\n|t:|1771211094\n|switch|p1a: Cetitan|Cetitan, L82, M|241/412\n|move|p2a: Thundurus|Thunderbolt|p1a: Cetitan\n|-damage|p1a: Cetitan|72/412\n|-enditem|p1a: Cetitan|Sitrus Berry|[eat]\n|-heal|p1a: Cetitan|175/412|[from] item: Sitrus Berry\n|\n|upkeep\n|turn|19\n|\n|t:|1771211122\n|switch|p2a: Calyrex|Calyrex-Ice, L72|263/263\n|-ability|p2a: Calyrex|As One\n|-ability|p2a: Calyrex|Unnerve\n|move|p1a: Cetitan|Ice Spinner|p2a: Calyrex\n|-resisted|p2a: Calyrex\n|-damage|p2a: Calyrex|231/263\n|\n|upkeep\n|turn|20\n|\n|t:|1771211134\n|move|p1a: Cetitan|Earthquake|p2a: Calyrex\n|-damage|p2a: Calyrex|175/263\n|move|p2a: Calyrex|Agility|p2a: Calyrex\n|-boost|p2a: Calyrex|spe|2\n|\n|upkeep\n|turn|21\n|\n|t:|1771211145\n|move|p2a: Calyrex|Agility|p2a: Calyrex\n|-boost|p2a: Calyrex|spe|2\n|move|p1a: Cetitan|Earthquake|p2a: Calyrex\n|-damage|p2a: Calyrex|120/263\n|\n|upkeep\n|turn|22\n|\n|t:|1771211150\n|move|p2a: Calyrex|Close Combat|p1a: Cetitan\n|-supereffective|p1a: Cetitan\n|-damage|p1a: Cetitan|0 fnt\n|-unboost|p2a: Calyrex|def|1\n|-unboost|p2a: Calyrex|spd|1\n|faint|p1a: Cetitan\n|-ability|p2a: Calyrex|Chilling Neigh|boost\n|-boost|p2a: Calyrex|atk|1\n|\n|upkeep\n|\n|t:|1771211152\n|switch|p1a: Cresselia|Cresselia, L80, F|323/323\n|turn|23\n|inactive|Battle timer is ON: inactive players will automatically lose when time's up. (requested by Dr Gaster PHD)\n|c|☆Dr Gaster PHD|face defeat noob\n|\n|t:|1771211208\n|switch|p1a: Barraskewda|Barraskewda, L81, M|81/231\n|move|p2a: Calyrex|Glacial Lance|p1a: Barraskewda\n|-resisted|p1a: Barraskewda\n|-damage|p1a: Barraskewda|0 fnt\n|faint|p1a: Barraskewda\n|-ability|p2a: Calyrex|Chilling Neigh|boost\n|-boost|p2a: Calyrex|atk|1\n|\n|upkeep\n|\n|t:|1771211210\n|switch|p1a: Cresselia|Cresselia, L80, F|323/323\n|turn|24\n|\n|t:|1771211221\n|move|p2a: Calyrex|Glacial Lance|p1a: Cresselia\n|-damage|p1a: Cresselia|64/323\n|move|p1a: Cresselia|Psyshock|p2a: Calyrex\n|-resisted|p2a: Calyrex\n|-damage|p2a: Calyrex|81/263\n|\n|-heal|p1a: Cresselia|84/323|[from] item: Leftovers\n|upkeep\n|turn|25\n|\n|t:|1771211229\n|move|p2a: Calyrex|Glacial Lance|p1a: Cresselia\n|-damage|p1a: Cresselia|0 fnt\n|faint|p1a: Cresselia\n|\n|win|Dr Gaster PHD\n|raw|raisin's rating: 1894 &rarr; <strong>1873</strong><br />(-21 for losing)\n|raw|Dr Gaster PHD's rating: 1883 &rarr; <strong>1904</strong><br />(+21 for winning)\n|l|☆raisin\n|player|p1|\n", "inputlog": ">version 686819e5e19f8a7fd2345cfc5a08a5085efa2cc3\n>start {\"formatid\":\"gen9randombattle\",\"seed\":\"sodium,36afcfa992f433dac04dbf4cb1fd9029\",\"rated\":\"Rated battle\"}\n>player p1 {\"name\":\"raisin\",\"avatar\":\"170\",\"rating\":1894,\"seed\":\"sodium,74feada8e7d7603b506f6df285184e89\"}\n>player p2 {\"name\":\"Dr Gaster PHD\",\"avatar\":\"ghetsis\",\"rating\":1883,\"seed\":\"sodium,f5d1958d3600b62f78244a4715017ad3\"}\n>p1 switch 4\n>p2 switch 3\n>p1 switch 2\n>p2 move swordsdance\n>p1 move sleeppowder\n>p2 move taunt\n>p1 switch 2\n>p2 move swordsdance\n>p1 move overheat\n>p2 move closecombat\n>p1 switch 6\n>p1 move closecombat\n>p2 switch 2\n>p1 switch 4\n>p2 move recover\n>p1 move stickyweb\n>p2 move icebeam\n>p1 move leafblade\n>p2 move icebeam\n>p1 switch 3\n>p1 move calmmind\n>p2 switch 6\n>p1 switch 2\n>p2 move aurawheel\n>p1 move sleeppowder\n>p2 move rapidspin\n>p1 move strengthsap\n>p2 move aurawheel\n>p1 switch 5\n>p1 move earthquake\n>p2 move aurawheel\n>p1 move earthquake\n>p2 move partingshot\n>p2 switch 2\n>p1 switch 4\n>p2 move closecombat\n>p1 move closecombat\n>p2 switch 6\n>p2 switch 3\n>p1 switch 4\n>p2 move thunderbolt\n>p1 move icespinner\n>p2 switch 4\n>p1 move earthquake\n>p2 move agility\n>p1 move earthquake\n>p2 move agility\n>p1 move earthquake\n>p2 move closecombat\n>p1 switch 2\n>chat ☆Dr Gaster PHD|face defeat noob\n>p1 switch 4\n>p2 move glaciallance\n>p1 switch 4\n>p1 move psyshock\n>p2 move glaciallance\n>p1 move psyshock\n>p2 move glaciallance", "uploadtime": 1771211289, "views": 12, "formatid": "gen9randombattle", "rating": 1873, "private": 0, "password": null}