{"id": "gen9randombattle-2540660254", "format": "[Gen 9] Random Battle", "players": ["miss a-d2", "zerofpa"], "log": "|j|☆miss a-d2\n|j|☆zerofpa\n|t:|1771235847\n|gametype|singles\n|player|p1|miss a-d2|clerkf|1729\n|player|p2|zerofpa|266|1692\n|gen|9\n|tier|[Gen 9] Random Battle\n|rated|\n|rule|Species Clause: Limit one of each Pokémon\n|rule|HP Percentage Mod: HP is shown in percentages\n|rule|Sleep Clause Mod: Limit one foe put to sleep\n|rule|Illusion Level Mod: Illusion disguises the Pokémon's true level\n|\n|t:|1771235847\n|teamsize|p1|6\n|teamsize|p2|6\n|start\n|switch|p1a: Sunflora|Sunflora, M|312/312\n|switch|p2a: Noctowl|Noctowl, L95, M|344/344\n|turn|1\n|inactive|Battle timer is ON: inactive players will automatically lose when time's up. (requested by miss a-d2)\n|\n|t:|1771235862\n|switch|p1a: Magnezone|Magnezone, L85|258/258\n|move|p2a: Noctowl|Hurricane|p1a: Magnezone\n|-resisted|p1a: Magnezone\n|-damage|p1a: Magnezone|186/258\n|\n|upkeep\n|turn|2\n|\n|t:|1771235880\n|switch|p2a: Whiscash|Whiscash, L88, F|337/337\n|move|p1a: Magnezone|Volt Switch|p2a: Whiscash\n|-immune|p2a: Whiscash\n|\n|upkeep\n|turn|3\n|\n|t:|1771235888\n|switch|p1a: Sunflora|Sunflora, M|312/312\n|move|p2a: Whiscash|Ice Beam|p1a: Sunflora\n|-supereffective|p1a: Sunflora\n|-damage|p1a: Sunflora|206/312\n|\n|upkeep\n|turn|4\n|\n|t:|1771235898\n|switch|p2a: Dipplin|Dipplin, L88, F|284/284\n|move|p1a: Sunflora|Sunny Day|p1a: Sunflora\n|-weather|SunnyDay\n|\n|-weather|SunnyDay|[upkeep]\n|upkeep\n|turn|5\n|\n|t:|1771235907\n|move|p1a: Sunflora|Weather Ball|p2a: Dipplin\n|-damage|p2a: Dipplin|133/284\n|-damage|p1a: Sunflora|175/312|[from] item: Life Orb\n|move|p2a: Dipplin|Dragon Pulse|p1a: Sunflora\n|-damage|p1a: Sunflora|96/312\n|\n|-weather|SunnyDay|[upkeep]\n|upkeep\n|turn|6\n|\n|t:|1771235915\n|switch|p2a: Hippowdon|Hippowdon, L82, M|311/311\n|-weather|Sandstorm|[from] ability: Sand Stream|[of] p2a: Hippowdon\n|move|p1a: Sunflora|Weather Ball|p2a: Hippowdon\n|-resisted|p2a: Hippowdon\n|-damage|p2a: Hippowdon|228/311\n|-damage|p1a: Sunflora|65/312|[from] item: Life Orb\n|\n|-weather|Sandstorm|[upkeep]\n|-damage|p1a: Sunflora|46/312|[from] Sandstorm\n|-heal|p2a: Hippowdon|247/311|[from] item: Leftovers\n|upkeep\n|turn|7\n|\n|t:|1771235935\n|switch|p2a: Dipplin|Dipplin, L88, F|133/284\n|switch|p1a: Zarude|Zarude, L77|288/288\n|\n|-weather|Sandstorm|[upkeep]\n|-damage|p1a: Zarude|270/288|[from] Sandstorm\n|-damage|p2a: Dipplin|116/284|[from] Sandstorm\n|upkeep\n|turn|8\n|\n|t:|1771235947\n|move|p1a: Zarude|Close Combat|p2a: Dipplin\n|-damage|p2a: Dipplin|54/284\n|-unboost|p1a: Zarude|def|1\n|-unboost|p1a: Zarude|spd|1\n|-damage|p1a: Zarude|242/288|[from] item: Life Orb\n|move|p2a: Dipplin|Recover|p2a: Dipplin\n|-heal|p2a: Dipplin|196/284\n|\n|-weather|Sandstorm|[upkeep]\n|-damage|p1a: Zarude|224/288|[from] Sandstorm\n|-damage|p2a: Dipplin|179/284|[from] Sandstorm\n|upkeep\n|turn|9\n|\n|t:|1771235958\n|switch|p1a: Magnezone|Magnezone, L85|186/258\n|move|p2a: Dipplin|Dragon Pulse|p1a: Magnezone\n|-resisted|p1a: Magnezone\n|-damage|p1a: Magnezone|136/258\n|\n|-weather|Sandstorm|[upkeep]\n|-damage|p2a: Dipplin|162/284|[from] Sandstorm\n|upkeep\n|turn|10\n|\n|t:|1771235973\n|move|p1a: Magnezone|Flash Cannon|p2a: Dipplin\n|-damage|p2a: Dipplin|90/284\n|move|p2a: Dipplin|Dragon Pulse|p1a: Magnezone\n|-resisted|p1a: Magnezone\n|-damage|p1a: Magnezone|86/258\n|\n|-weather|none\n|upkeep\n|turn|11\n|\n|t:|1771235979\n|switch|p2a: Whiscash|Whiscash, L88, F|337/337\n|move|p1a: Magnezone|Flash Cannon|p2a: Whiscash\n|-resisted|p2a: Whiscash\n|-crit|p2a: Whiscash\n|-damage|p2a: Whiscash|240/337\n|\n|-heal|p2a: Whiscash|261/337|[from] item: Leftovers\n|upkeep\n|turn|12\n|\n|t:|1771235983\n|switch|p1a: Zarude|Zarude, L77|224/288\n|move|p2a: Whiscash|Earthquake|p1a: Zarude\n|-resisted|p1a: Zarude\n|-damage|p1a: Zarude|179/288\n|\n|-heal|p2a: Whiscash|282/337|[from] item: Leftovers\n|upkeep\n|turn|13\n|\n|t:|1771235995\n|switch|p2a: Dipplin|Dipplin, L88, F|90/284\n|move|p1a: Zarude|Swords Dance|p1a: Zarude\n|-boost|p1a: Zarude|atk|2\n|\n|upkeep\n|turn|14\n|\n|t:|1771236000\n|move|p1a: Zarude|Close Combat|p2a: Dipplin\n|-damage|p2a: Dipplin|0 fnt\n|-unboost|p1a: Zarude|def|1\n|-unboost|p1a: Zarude|spd|1\n|faint|p2a: Dipplin\n|-damage|p1a: Zarude|151/288|[from] item: Life Orb\n|\n|upkeep\n|\n|t:|1771236025\n|switch|p2a: Noctowl|Noctowl, L95, M|344/344\n|turn|15\n|\n|t:|1771236035\n|move|p1a: Zarude|Close Combat|p2a: Noctowl\n|-damage|p2a: Noctowl|54/344\n|-unboost|p1a: Zarude|def|1\n|-unboost|p1a: Zarude|spd|1\n|-damage|p1a: Zarude|123/288|[from] item: Life Orb\n|move|p2a: Noctowl|Hyper Voice|p1a: Zarude\n|-damage|p1a: Zarude|0 fnt\n|faint|p1a: Zarude\n|\n|upkeep\n|\n|t:|1771236055\n|switch|p1a: Lycanroc|Lycanroc, L86, M|269/269\n|turn|16\n|\n|t:|1771236070\n|switch|p2a: Hippowdon|Hippowdon, L82, M|247/311\n|-weather|Sandstorm|[from] ability: Sand Stream|[of] p2a: Hippowdon\n|move|p1a: Lycanroc|Psychic Fangs|p2a: Hippowdon\n|-damage|p2a: Hippowdon|165/311\n|-damage|p1a: Lycanroc|243/269|[from] item: Life Orb\n|\n|-weather|Sandstorm|[upkeep]\n|-heal|p2a: Hippowdon|184/311|[from] item: Leftovers\n|upkeep\n|turn|17\n|inactive|miss a-d2 has 120 seconds left.\n|\n|t:|1771236101\n|move|p1a: Lycanroc|Stealth Rock|p2a: Hippowdon\n|-sidestart|p2: zerofpa|move: Stealth Rock\n|move|p2a: Hippowdon|Earthquake|p1a: Lycanroc\n|-supereffective|p1a: Lycanroc\n|-damage|p1a: Lycanroc|0 fnt\n|faint|p1a: Lycanroc\n|\n|-weather|Sandstorm|[upkeep]\n|-heal|p2a: Hippowdon|203/311|[from] item: Leftovers\n|upkeep\n|\n|t:|1771236117\n|switch|p1a: Magnezone|Magnezone, L85|86/258\n|turn|18\n|\n|t:|1771236125\n|move|p1a: Magnezone|Flash Cannon|p2a: Hippowdon\n|-damage|p2a: Hippowdon|65/311\n|move|p2a: Hippowdon|Slack Off|p2a: Hippowdon\n|-heal|p2a: Hippowdon|221/311\n|\n|-weather|Sandstorm|[upkeep]\n|-heal|p2a: Hippowdon|240/311|[from] item: Leftovers\n|upkeep\n|turn|19\n|\n|t:|1771236130\n|move|p1a: Magnezone|Flash Cannon|p2a: Hippowdon\n|-damage|p2a: Hippowdon|116/311\n|move|p2a: Hippowdon|Earthquake|p1a: Magnezone\n|-supereffective|p1a: Magnezone\n|-damage|p1a: Magnezone|0 fnt\n|faint|p1a: Magnezone\n|\n|-weather|Sandstorm|[upkeep]\n|-heal|p2a: Hippowdon|135/311|[from] item: Leftovers\n|upkeep\n|\n|t:|1771236136\n|switch|p1a: Poliwrath|Poliwrath, L88, F|302/302\n|turn|20\n|inactive|miss a-d2 has 120 seconds left.\n|\n|t:|1771236146\n|switch|p2a: Noctowl|Noctowl, L95, M|54/344\n|move|p1a: Poliwrath|Liquidation|p2a: Noctowl\n|-damage|p2a: Noctowl|0 fnt\n|faint|p2a: Noctowl\n|\n|-weather|none\n|upkeep\n|\n|t:|1771236174\n|switch|p2a: Morpeko|Morpeko, L88, M|245/245\n|-damage|p2a: Morpeko|215/245|[from] Stealth Rock\n|turn|21\n|inactive|miss a-d2 has 120 seconds left.\n|\n|t:|1771236189\n|-terastallize|p2a: Morpeko|Electric\n|-terastallize|p1a: Poliwrath|Fighting\n|move|p2a: Morpeko|Aura Wheel|p1a: Poliwrath\n|-damage|p1a: Poliwrath|140/302\n|-boost|p2a: Morpeko|spe|1\n|move|p1a: Poliwrath|Bulk Up|p1a: Poliwrath\n|-boost|p1a: Poliwrath|atk|1\n|-boost|p1a: Poliwrath|def|1\n|\n|-heal|p2a: Morpeko|230/245|[from] item: Leftovers\n|-heal|p1a: Poliwrath|158/302|[from] item: Leftovers\n|upkeep\n|turn|22\n|inactive|miss a-d2 has 120 seconds left.\n|\n|t:|1771236206\n|move|p2a: Morpeko|Knock Off|p1a: Poliwrath\n|-resisted|p1a: Poliwrath\n|-damage|p1a: Poliwrath|127/302\n|-enditem|p1a: Poliwrath|Leftovers|[from] move: Knock Off|[of] p2a: Morpeko\n|move|p1a: Poliwrath|Drain Punch|p2a: Morpeko\n|-damage|p2a: Morpeko|6/245\n|-heal|p1a: Poliwrath|239/302|[from] drain|[of] p2a: Morpeko\n|\n|-heal|p2a: Morpeko|21/245|[from] item: Leftovers\n|upkeep\n|turn|23\n|inactive|miss a-d2 has 120 seconds left.\n|\n|t:|1771236216\n|move|p2a: Morpeko|Aura Wheel|p1a: Poliwrath\n|-damage|p1a: Poliwrath|133/302\n|-boost|p2a: Morpeko|spe|1\n|move|p1a: Poliwrath|Drain Punch|p2a: Morpeko\n|-damage|p2a: Morpeko|0 fnt\n|-heal|p1a: Poliwrath|144/302|[from] drain|[of] p2a: Morpeko\n|faint|p2a: Morpeko\n|\n|upkeep\n|\n|t:|1771236232\n|switch|p2a: Whiscash|Whiscash, L88, F|282/337\n|-damage|p2a: Whiscash|261/337|[from] Stealth Rock\n|turn|24\n|\n|t:|1771236239\n|move|p1a: Poliwrath|Drain Punch|p2a: Whiscash\n|-damage|p2a: Whiscash|69/337\n|-heal|p1a: Poliwrath|240/302|[from] drain|[of] p2a: Whiscash\n|move|p2a: Whiscash|Earthquake|p1a: Poliwrath\n|-damage|p1a: Poliwrath|174/302\n|\n|-heal|p2a: Whiscash|90/337|[from] item: Leftovers\n|upkeep\n|turn|25\n|\n|t:|1771236245\n|move|p1a: Poliwrath|Drain Punch|p2a: Whiscash\n|-damage|p2a: Whiscash|0 fnt\n|-heal|p1a: Poliwrath|219/302|[from] drain|[of] p2a: Whiscash\n|faint|p2a: Whiscash\n|\n|upkeep\n|\n|t:|1771236247\n|switch|p2a: Hippowdon|Hippowdon, L82, M|135/311\n|-damage|p2a: Hippowdon|116/311|[from] Stealth Rock\n|-weather|Sandstorm|[from] ability: Sand Stream|[of] p2a: Hippowdon\n|turn|26\n|\n|t:|1771236253\n|move|p1a: Poliwrath|Drain Punch|p2a: Hippowdon\n|-damage|p2a: Hippowdon|0 fnt\n|-heal|p1a: Poliwrath|277/302|[from] drain|[of] p2a: Hippowdon\n|faint|p2a: Hippowdon\n|\n|-weather|Sandstorm|[upkeep]\n|-damage|p1a: Poliwrath|259/302|[from] Sandstorm\n|upkeep\n|\n|t:|1771236255\n|switch|p2a: Iron Thorns|Iron Thorns, L83|302/302\n|-damage|p2a: Iron Thorns|265/302|[from] Stealth Rock\n|-enditem|p2a: Iron Thorns|Booster Energy\n|-activate|p2a: Iron Thorns|ability: Quark Drive|[fromitem]\n|-start|p2a: Iron Thorns|quarkdriveatk\n|turn|27\n|\n|t:|1771236260\n|move|p1a: Poliwrath|Drain Punch|p2a: Iron Thorns\n|-supereffective|p2a: Iron Thorns\n|-damage|p2a: Iron Thorns|0 fnt\n|-heal|p1a: Poliwrath|302/302|[from] drain|[of] p2a: Iron Thorns\n|faint|p2a: Iron Thorns\n|-end|p2a: Iron Thorns|Quark Drive|[silent]\n|\n|win|miss a-d2\n|raw|miss a-d2's rating: 1729 &rarr; <strong>1747</strong><br />(+18 for winning)\n|raw|zerofpa's rating: 1692 &rarr; <strong>1674</strong><br />(-18 for losing)\n|l|☆zerofpa\n|player|p2|\n", "inputlog": ">version 686819e5e19f8a7fd2345cfc5a08a5085efa2cc3\n>start {\"formatid\":\"gen9randombattle\",\"seed\":\"sodium,95fc574e3a9ef28e03c0650bc99fd411\",\"rated\":\"Rated battle\"}\n>player p1 {\"name\":\"miss a-d2\",\"avatar\":\"clerkf\",\"rating\":1729,\"seed\":\"sodium,4396371ee943c80795cabf576294d0a3\"}\n>player p2 {\"name\":\"zerofpa\",\"avatar\":\"266\",\"rating\":1692,\"seed\":\"sodium,ac04e12d921653d4e1ca943f4ad37141\"}\n>p1 switch 2\n>p2 move hurricane\n>p1 move voltswitch\n>p2 switch 2\n>p1 switch 2\n>p2 move icebeam\n>p1 move sunnyday\n>p2 switch 5\n>p1 move weatherball\n>p2 move dragonpulse\n>p1 move weatherball\n>p2 switch 6\n>p1 switch 6\n>p2 switch 6\n>p1 move closecombat\n>p2 move recover\n>p1 switch 2\n>p2 move dragonpulse\n>p1 move flashcannon\n>p2 move dragonpulse\n>p1 move flashcannon\n>p2 switch 5\n>p1 switch 2\n>p2 move earthquake\n>p1 move swordsdance\n>p2 switch 5\n>p1 move closecombat\n>p2 move dragonpulse\n>p2 switch 2\n>p1 move closecombat\n>p2 move hypervoice\n>p1 switch 3\n>p1 move psychicfangs\n>p2 switch 6\n>p1 move stealthrock\n>p2 move earthquake\n>p1 switch 2\n>p1 move flashcannon\n>p2 move slackoff\n>p1 move flashcannon\n>p2 move earthquake\n>p1 switch 5\n>p1 move liquidation\n>p2 switch 6\n>p2 switch 4\n>p1 move bulkup terastallize\n>p2 move aurawheel terastallize\n>p1 move drainpunch\n>p2 move knockoff\n>p1 move drainpunch\n>p2 move aurawheel\n>p2 switch 5\n>p1 move drainpunch\n>p2 move earthquake\n>p1 move drainpunch\n>p2 move earthquake\n>p2 switch 6\n>p1 move drainpunch\n>p2 move earthquake\n>p2 switch 3\n>p1 move drainpunch\n>p2 move dragondance", "uploadtime": 1771236264, "views": 11, "formatid": "gen9randombattle", "rating": 1674, "private": 0, "password": null}