{"id": "gen9randombattle-2540650111", "format": "[Gen 9] Random Battle", "players": ["iepejoxepe", "ROCK ROSE"], "log": "|j|☆iepejoxepe\n|j|☆ROCK ROSE\n|t:|1771234125\n|gametype|singles\n|player|p1|iepejoxepe|falkner|1671\n|player|p2|ROCK ROSE|maid|1680\n|gen|9\n|tier|[Gen 9] Random Battle\n|rated|\n|rule|Species Clause: Limit one of each Pokémon\n|rule|HP Percentage Mod: HP is shown in percentages\n|rule|Sleep Clause Mod: Limit one foe put to sleep\n|rule|Illusion Level Mod: Illusion disguises the Pokémon's true level\n|\n|t:|1771234125\n|teamsize|p1|6\n|teamsize|p2|6\n|start\n|switch|p1a: Gothitelle|Gothitelle, L90, M|272/272\n|switch|p2a: Salamence|Salamence, L77, M|273/273\n|-ability|p2a: Salamence|Intimidate|boost\n|-unboost|p1a: Gothitelle|atk|1\n|turn|1\n|inactive|Battle timer is ON: inactive players will automatically lose when time's up. (requested by ROCK ROSE)\n|\n|t:|1771234149\n|move|p1a: Gothitelle|Trick|p2a: Salamence\n|-activate|p1a: Gothitelle|move: Trick|[of] p2a: Salamence\n|-item|p2a: Salamence|Choice Scarf|[from] move: Trick\n|-item|p1a: Gothitelle|Heavy-Duty Boots|[from] move: Trick\n|move|p2a: Salamence|Dual Wingbeat|p1a: Gothitelle\n|-damage|p1a: Gothitelle|233/272\n|-damage|p1a: Gothitelle|191/272\n|-hitcount|p1a: Gothitelle|2\n|\n|upkeep\n|turn|2\n|\n|t:|1771234159\n|switch|p1a: Excadrill|Excadrill, L79, F|303/303\n|-ability|p1a: Excadrill|Mold Breaker\n|move|p2a: Salamence|Dual Wingbeat|p1a: Excadrill\n|-resisted|p1a: Excadrill\n|-damage|p1a: Excadrill|270/303\n|-resisted|p1a: Excadrill\n|-damage|p1a: Excadrill|239/303\n|-hitcount|p1a: Excadrill|2\n|\n|upkeep\n|turn|3\n|\n|t:|1771234177\n|switch|p2a: Poliwrath|Poliwrath, L88, M|302/302\n|move|p1a: Excadrill|Iron Head|p2a: Poliwrath\n|-resisted|p2a: Poliwrath\n|-crit|p2a: Poliwrath\n|-damage|p2a: Poliwrath|231/302\n|\n|upkeep\n|turn|4\n|\n|t:|1771234192\n|switch|p1a: Amoonguss|Amoonguss, L82, F|321/321\n|move|p2a: Poliwrath|Liquidation|p1a: Amoonguss\n|-resisted|p1a: Amoonguss\n|-damage|p1a: Amoonguss|248/321\n|-damage|p2a: Poliwrath|201/302|[from] item: Life Orb\n|\n|-heal|p1a: Amoonguss|268/321|[from] item: Leftovers\n|upkeep\n|turn|5\n|\n|t:|1771234209\n|switch|p2a: Scrafty|Scrafty, L84, M|246/246\n|move|p1a: Amoonguss|Spore|p2a: Scrafty\n|-status|p2a: Scrafty|slp|[from] move: Spore\n|\n|-heal|p1a: Amoonguss|288/321|[from] item: Leftovers\n|upkeep\n|turn|6\n|\n|t:|1771234221\n|switch|p1a: Clefable|Clefable, L83, M|293/293\n|cant|p2a: Scrafty|slp\n|\n|upkeep\n|turn|7\n|\n|t:|1771234233\n|switch|p2a: Jirachi|Jirachi, L80|291/291\n|move|p1a: Clefable|Moonblast|p2a: Jirachi\n|-resisted|p2a: Jirachi\n|-damage|p2a: Jirachi|225/291\n|\n|-heal|p2a: Jirachi|243/291|[from] item: Leftovers\n|upkeep\n|turn|8\n|\n|t:|1771234246\n|switch|p1a: Excadrill|Excadrill, L79, F|239/303\n|-ability|p1a: Excadrill|Mold Breaker\n|move|p2a: Jirachi|Body Slam|p1a: Excadrill\n|-resisted|p1a: Excadrill\n|-damage|p1a: Excadrill|201/303\n|\n|-heal|p2a: Jirachi|261/291|[from] item: Leftovers\n|upkeep\n|turn|9\n|\n|t:|1771234258\n|switch|p2a: Salamence|Salamence, L77, M|273/273\n|-ability|p2a: Salamence|Intimidate|boost\n|-unboost|p1a: Excadrill|atk|1\n|move|p1a: Excadrill|Earthquake|p2a: Salamence\n|-immune|p2a: Salamence\n|\n|upkeep\n|turn|10\n|\n|t:|1771234263\n|switch|p1a: Pelipper|Pelipper, L86, M|243/243\n|-weather|RainDance|[from] ability: Drizzle|[of] p1a: Pelipper\n|move|p2a: Salamence|Earthquake|p1a: Pelipper\n|-immune|p1a: Pelipper\n|\n|-weather|RainDance|[upkeep]\n|upkeep\n|turn|11\n|\n|t:|1771234275\n|switch|p2a: Luxray|Luxray, L88, M|283/283\n|move|p1a: Pelipper|Hydro Pump|p2a: Luxray\n|-damage|p2a: Luxray|0 fnt\n|faint|p2a: Luxray\n|\n|-weather|RainDance|[upkeep]\n|upkeep\n|inactive|ROCK ROSE has 120 seconds left.\n|\n|t:|1771234322\n|switch|p2a: Poliwrath|Poliwrath, L88, M|201/302\n|turn|12\n|\n|t:|1771234326\n|-terastallize|p2a: Poliwrath|Dark\n|move|p2a: Poliwrath|Knock Off|p1a: Pelipper\n|-damage|p1a: Pelipper|105/243\n|-enditem|p1a: Pelipper|Choice Specs|[from] move: Knock Off|[of] p2a: Poliwrath\n|-damage|p2a: Poliwrath|171/302|[from] item: Life Orb\n|move|p1a: Pelipper|Hydro Pump|p2a: Poliwrath|[miss]\n|-miss|p1a: Pelipper|p2a: Poliwrath\n|\n|-weather|RainDance|[upkeep]\n|upkeep\n|turn|13\n|\n|t:|1771234336\n|move|p2a: Poliwrath|Liquidation|p1a: Pelipper\n|-resisted|p1a: Pelipper\n|-damage|p1a: Pelipper|15/243\n|-damage|p2a: Poliwrath|141/302|[from] item: Life Orb\n|move|p1a: Pelipper|Hurricane|p2a: Poliwrath\n|-damage|p2a: Poliwrath|29/302\n|-start|p2a: Poliwrath|confusion\n|\n|-weather|RainDance|[upkeep]\n|upkeep\n|turn|14\n|inactive|ROCK ROSE has 120 seconds left.\n|\n|t:|1771234344\n|-activate|p2a: Poliwrath|confusion\n|move|p2a: Poliwrath|Knock Off|p1a: Pelipper\n|-damage|p1a: Pelipper|0 fnt\n|faint|p1a: Pelipper\n|-damage|p2a: Poliwrath|0 fnt|[from] item: Life Orb\n|faint|p2a: Poliwrath\n|\n|-weather|none\n|upkeep\n|inactive|ROCK ROSE has 120 seconds left.\n|\n|t:|1771234362\n|switch|p2a: Araquanid|Araquanid, L82, M|246/246\n|switch|p1a: Gothitelle|Gothitelle, L90, M|191/272\n|turn|15\n|\n|t:|1771234376\n|move|p1a: Gothitelle|Psychic|p2a: Araquanid\n|-damage|p2a: Araquanid|161/246\n|move|p2a: Araquanid|Leech Life|p1a: Gothitelle\n|-supereffective|p1a: Gothitelle\n|-damage|p1a: Gothitelle|77/272\n|-heal|p2a: Araquanid|218/246|[from] drain|[of] p1a: Gothitelle\n|\n|upkeep\n|turn|16\n|\n|t:|1771234386\n|move|p1a: Gothitelle|Psychic|p2a: Araquanid\n|-damage|p2a: Araquanid|137/246\n|move|p2a: Araquanid|Sticky Web|p1a: Gothitelle\n|-sidestart|p1: iepejoxepe|move: Sticky Web\n|\n|upkeep\n|turn|17\n|\n|t:|1771234391\n|move|p1a: Gothitelle|Psychic|p2a: Araquanid\n|-damage|p2a: Araquanid|56/246\n|move|p2a: Araquanid|Leech Life|p1a: Gothitelle\n|-supereffective|p1a: Gothitelle\n|-damage|p1a: Gothitelle|0 fnt\n|-heal|p2a: Araquanid|95/246|[from] drain|[of] p1a: Gothitelle\n|faint|p1a: Gothitelle\n|\n|upkeep\n|\n|t:|1771234398\n|switch|p1a: Excadrill|Excadrill, L79, F|201/303\n|-activate|p1a: Excadrill|move: Sticky Web\n|-unboost|p1a: Excadrill|spe|1\n|-ability|p1a: Excadrill|Mold Breaker\n|turn|18\n|\n|t:|1771234402\n|-terastallize|p1a: Excadrill|Grass\n|move|p1a: Excadrill|Rapid Spin|p2a: Araquanid\n|-damage|p2a: Araquanid|51/246\n|-boost|p1a: Excadrill|spe|1\n|-sideend|p1: iepejoxepe|Sticky Web|[from] move: Rapid Spin|[of] p1a: Excadrill\n|move|p2a: Araquanid|Liquidation|p1a: Excadrill\n|-resisted|p1a: Excadrill\n|-damage|p1a: Excadrill|110/303\n|\n|upkeep\n|turn|19\n|\n|t:|1771234414\n|switch|p2a: Salamence|Salamence, L77, M|273/273\n|-ability|p2a: Salamence|Intimidate|boost\n|-unboost|p1a: Excadrill|atk|1\n|move|p1a: Excadrill|Rock Slide|p2a: Salamence\n|-supereffective|p2a: Salamence\n|-damage|p2a: Salamence|179/273\n|\n|upkeep\n|turn|20\n|\n|t:|1771234426\n|move|p2a: Salamence|Dual Wingbeat|p1a: Excadrill\n|-supereffective|p1a: Excadrill\n|-damage|p1a: Excadrill|0 fnt\n|faint|p1a: Excadrill\n|-hitcount|p1: Excadrill|1\n|\n|upkeep\n|\n|t:|1771234430\n|switch|p1a: Clefable|Clefable, L83, M|293/293\n|turn|21\n|\n|t:|1771234437\n|switch|p2a: Araquanid|Araquanid, L82, M|51/246\n|move|p1a: Clefable|Thunder Wave|p2a: Araquanid\n|-status|p2a: Araquanid|par\n|\n|upkeep\n|turn|22\n|\n|t:|1771234444\n|move|p1a: Clefable|Moonblast|p2a: Araquanid\n|-damage|p2a: Araquanid|0 fnt\n|faint|p2a: Araquanid\n|\n|upkeep\n|\n|t:|1771234456\n|switch|p2a: Jirachi|Jirachi, L80|261/291\n|turn|23\n|\n|t:|1771234463\n|move|p2a: Jirachi|Body Slam|p1a: Clefable\n|-damage|p1a: Clefable|222/293\n|-status|p1a: Clefable|par\n|move|p1a: Clefable|Thunder Wave|p2a: Jirachi|[miss]\n|-miss|p1a: Clefable|p2a: Jirachi\n|\n|-heal|p2a: Jirachi|279/291|[from] item: Leftovers\n|upkeep\n|turn|24\n|\n|t:|1771234467\n|move|p2a: Jirachi|Iron Head|p1a: Clefable\n|-supereffective|p1a: Clefable\n|-damage|p1a: Clefable|18/293 par\n|move|p1a: Clefable|Thunder Wave|p2a: Jirachi\n|-status|p2a: Jirachi|par\n|\n|-heal|p2a: Jirachi|291/291 par|[from] item: Leftovers\n|upkeep\n|turn|25\n|\n|t:|1771234474\n|cant|p2a: Jirachi|par\n|move|p1a: Clefable|Fire Blast|p2a: Jirachi\n|-supereffective|p2a: Jirachi\n|-damage|p2a: Jirachi|101/291 par\n|\n|-heal|p2a: Jirachi|119/291 par|[from] item: Leftovers\n|upkeep\n|turn|26\n|\n|t:|1771234479\n|move|p2a: Jirachi|Iron Head|p1a: Clefable\n|-supereffective|p1a: Clefable\n|-damage|p1a: Clefable|0 fnt\n|faint|p1a: Clefable\n|\n|-heal|p2a: Jirachi|137/291 par|[from] item: Leftovers\n|upkeep\n|\n|t:|1771234484\n|switch|p1a: Regidrago|Regidrago, L77|435/435\n|turn|27\n|\n|t:|1771234493\n|move|p1a: Regidrago|Earthquake|p2a: Jirachi\n|-supereffective|p2a: Jirachi\n|-damage|p2a: Jirachi|0 fnt\n|faint|p2a: Jirachi\n|-damage|p1a: Regidrago|392/435|[from] item: Life Orb\n|\n|upkeep\n|\n|t:|1771234505\n|switch|p2a: Salamence|Salamence, L77, M|179/273\n|-ability|p2a: Salamence|Intimidate|boost\n|-unboost|p1a: Regidrago|atk|1\n|turn|28\n|inactive|iepejoxepe has 120 seconds left.\n|inactive|iepejoxepe has 90 seconds left.\n|\n|t:|1771234566\n|move|p2a: Salamence|Outrage|p1a: Regidrago\n|-supereffective|p1a: Regidrago\n|-damage|p1a: Regidrago|0 fnt\n|faint|p1a: Regidrago\n|\n|upkeep\n|\n|t:|1771234569\n|switch|p1a: Amoonguss|Amoonguss, L82, F|321/321\n|turn|29\n|\n|t:|1771234576\n|move|p2a: Salamence|Outrage|p1a: Amoonguss|[from] lockedmove\n|-damage|p1a: Amoonguss|153/321\n|move|p1a: Amoonguss|Sludge Bomb|p2a: Salamence\n|-damage|p2a: Salamence|89/273\n|-status|p2a: Salamence|psn\n|\n|-heal|p1a: Amoonguss|173/321|[from] item: Leftovers\n|-damage|p2a: Salamence|55/273 psn|[from] psn\n|upkeep\n|turn|30\n|\n|t:|1771234584\n|move|p2a: Salamence|Outrage|p1a: Amoonguss|[from] lockedmove\n|-damage|p1a: Amoonguss|0 fnt\n|faint|p1a: Amoonguss\n|-start|p2a: Salamence|confusion|[fatigue]\n|\n|win|ROCK ROSE\n|raw|iepejoxepe's rating: 1671 &rarr; <strong>1652</strong><br />(-19 for losing)\n|raw|ROCK ROSE's rating: 1680 &rarr; <strong>1699</strong><br />(+19 for winning)\n", "inputlog": ">version 686819e5e19f8a7fd2345cfc5a08a5085efa2cc3\n>start {\"formatid\":\"gen9randombattle\",\"seed\":\"sodium,f65b997cf8f40f9ae0f4d71d9a0b5142\",\"rated\":\"Rated battle\"}\n>player p1 {\"name\":\"iepejoxepe\",\"avatar\":\"falkner\",\"rating\":1671,\"seed\":\"sodium,f3e594a199cd793ff6063b5c54112530\"}\n>player p2 {\"name\":\"ROCK ROSE\",\"avatar\":\"maid\",\"rating\":1680,\"seed\":\"sodium,87099bb0114d9c82db823ad6df9d5685\"}\n>p1 move trick\n>p2 move dualwingbeat\n>p1 switch 4\n>p2 move dualwingbeat\n>p1 move ironhead\n>p2 switch 3\n>p1 switch 6\n>p2 move liquidation\n>p1 move spore\n>p2 switch 2\n>p1 switch 2\n>p2 move bulkup\n>p1 move moonblast\n>p2 switch 6\n>p1 switch 6\n>p2 move bodyslam\n>p1 move earthquake\n>p2 switch 3\n>p1 switch 3\n>p2 move earthquake\n>p1 move hydropump\n>p2 switch 4\n>p2 switch 2\n>p1 move hydropump\n>p2 move knockoff terastallize\n>p1 move hurricane\n>p2 move liquidation\n>p1 move hurricane\n>p2 move knockoff\n>p1 switch 4\n>p2 switch 5\n>p1 move psychic\n>p2 move leechlife\n>p1 move psychic\n>p2 move stickyweb\n>p1 move psychic\n>p2 move leechlife\n>p1 switch 3\n>p1 move rapidspin terastallize\n>p2 move liquidation\n>p1 move rockslide\n>p2 switch 4\n>p1 move rockslide\n>p2 move dualwingbeat\n>p1 switch 6\n>p1 move thunderwave\n>p2 switch 4\n>p1 move moonblast\n>p2 move liquidation\n>p2 switch 3\n>p1 move thunderwave\n>p2 move bodyslam\n>p1 move thunderwave\n>p2 move ironhead\n>p1 move fireblast\n>p2 move ironhead\n>p1 move moonlight\n>p2 move ironhead\n>p1 switch 5\n>p1 move earthquake\n>p2 move bodyslam\n>p2 switch 4\n>p1 move dragonclaw\n>p2 move outrage\n>p1 switch 2\n>p1 move sludgebomb\n>p2 move outrage\n>p1 move sludgebomb\n>p2 move outrage", "uploadtime": 1771234587, "views": 13, "formatid": "gen9randombattle", "rating": 1652, "private": 0, "password": null}