{"id": "gen9randombattle-2540909713", "format": "[Gen 9] Random Battle", "players": ["Vipro", "Soul Gem"], "log": "|j|☆Vipro\n|j|☆Soul Gem\n|t:|1771266221\n|gametype|singles\n|player|p1|Vipro|alder|1870\n|player|p2|Soul Gem|misty|1864\n|gen|9\n|tier|[Gen 9] Random Battle\n|rated|\n|rule|Species Clause: Limit one of each Pokémon\n|rule|HP Percentage Mod: HP is shown in percentages\n|rule|Sleep Clause Mod: Limit one foe put to sleep\n|rule|Illusion Level Mod: Illusion disguises the Pokémon's true level\n|\n|t:|1771266221\n|teamsize|p1|6\n|teamsize|p2|6\n|start\n|switch|p1a: Calyrex|Calyrex-Ice, L72|263/263\n|switch|p2a: Chimecho|Chimecho, L93, F|290/290\n|-ability|p1a: Calyrex|As One\n|-ability|p1a: Calyrex|Unnerve\n|turn|1\n|inactive|Battle timer is ON: inactive players will automatically lose when time's up. (requested by Vipro)\n|inactive|Soul Gem has 120 seconds left.\n|\n|t:|1771266271\n|switch|p1a: Hitmonchan|Hitmonchan, L87, M|229/229\n|move|p2a: Chimecho|Knock Off|p1a: Hitmonchan\n|-resisted|p1a: Hitmonchan\n|-damage|p1a: Hitmonchan|201/229\n|-enditem|p1a: Hitmonchan|Leftovers|[from] move: Knock Off|[of] p2a: Chimecho\n|\n|upkeep\n|turn|2\n|\n|t:|1771266278\n|move|p1a: Hitmonchan|Encore|p2a: Chimecho\n|-start|p2a: Chimecho|Encore\n|move|p2a: Chimecho|Knock Off|p1a: Hitmonchan\n|-resisted|p1a: Hitmonchan\n|-damage|p1a: Hitmonchan|182/229\n|\n|upkeep\n|turn|3\n|\n|t:|1771266281\n|switch|p2a: Fezandipiti|Fezandipiti, L82, M|278/278\n|move|p1a: Hitmonchan|Knock Off|p2a: Fezandipiti\n|-resisted|p2a: Fezandipiti\n|-damage|p2a: Fezandipiti|235/278\n|-enditem|p2a: Fezandipiti|Assault Vest|[from] move: Knock Off|[of] p1a: Hitmonchan\n|\n|upkeep\n|turn|4\n|\n|t:|1771266290\n|switch|p1a: Toxtricity|Toxtricity, L82, F|257/257\n|move|p2a: Fezandipiti|Moonblast|p1a: Toxtricity\n|-resisted|p1a: Toxtricity\n|-damage|p1a: Toxtricity|211/257\n|\n|upkeep\n|turn|5\n|\n|t:|1771266298\n|move|p1a: Toxtricity|Boomburst|p2a: Fezandipiti\n|-damage|p2a: Fezandipiti|124/278\n|move|p2a: Fezandipiti|U-turn|p1a: Toxtricity\n|-resisted|p1a: Toxtricity\n|-damage|p1a: Toxtricity|183/257\n|\n|t:|1771266305\n|switch|p2a: Diancie|Diancie, L82|216/216|[from] U-turn\n|\n|upkeep\n|turn|6\n|\n|t:|1771266313\n|switch|p1a: Ludicolo|Ludicolo, L90, M|290/290\n|move|p2a: Diancie|Moonblast|p1a: Ludicolo\n|-damage|p1a: Ludicolo|202/290\n|\n|upkeep\n|turn|7\n|\n|t:|1771266322\n|switch|p2a: Chimecho|Chimecho, L93, F|290/290\n|move|p1a: Ludicolo|Hydro Pump|p2a: Chimecho\n|-damage|p2a: Chimecho|118/290\n|\n|-heal|p2a: Chimecho|136/290|[from] item: Leftovers\n|upkeep\n|turn|8\n|\n|t:|1771266335\n|move|p1a: Ludicolo|Hydro Pump|p2a: Chimecho|[miss]\n|-miss|p1a: Ludicolo|p2a: Chimecho\n|move|p2a: Chimecho|Knock Off|p1a: Ludicolo\n|-damage|p1a: Ludicolo|144/290\n|-enditem|p1a: Ludicolo|Choice Specs|[from] move: Knock Off|[of] p2a: Chimecho\n|\n|-heal|p2a: Chimecho|154/290|[from] item: Leftovers\n|upkeep\n|turn|9\n|inactive|Vipro has 120 seconds left.\n|\n|t:|1771266366\n|switch|p1a: Calyrex|Calyrex-Ice, L72|263/263\n|-ability|p1a: Calyrex|As One\n|-ability|p1a: Calyrex|Unnerve\n|move|p2a: Chimecho|Recover|p2a: Chimecho\n|-heal|p2a: Chimecho|290/290\n|\n|upkeep\n|turn|10\n|inactive|Soul Gem has 120 seconds left.\n|\n|t:|1771266406\n|switch|p2a: Glastrier|Glastrier, L86|312/312\n|move|p1a: Calyrex|Agility|p1a: Calyrex\n|-boost|p1a: Calyrex|spe|2\n|\n|upkeep\n|turn|11\n|inactive|Soul Gem has 120 seconds left.\n|\n|t:|1771266417\n|move|p1a: Calyrex|Close Combat|p2a: Glastrier\n|-supereffective|p2a: Glastrier\n|-damage|p2a: Glastrier|162/312\n|-unboost|p1a: Calyrex|def|1\n|-unboost|p1a: Calyrex|spd|1\n|move|p2a: Glastrier|Swords Dance|p2a: Glastrier\n|-boost|p2a: Glastrier|atk|2\n|\n|upkeep\n|turn|12\n|\n|t:|1771266425\n|move|p1a: Calyrex|Close Combat|p2a: Glastrier\n|-supereffective|p2a: Glastrier\n|-damage|p2a: Glastrier|24/312\n|-unboost|p1a: Calyrex|def|1\n|-unboost|p1a: Calyrex|spd|1\n|move|p2a: Glastrier|Close Combat|p1a: Calyrex\n|-damage|p1a: Calyrex|0 fnt\n|-unboost|p2a: Glastrier|def|1\n|-unboost|p2a: Glastrier|spd|1\n|faint|p1a: Calyrex\n|-ability|p2a: Glastrier|Chilling Neigh|boost\n|-boost|p2a: Glastrier|atk|1\n|\n|upkeep\n|\n|t:|1771266436\n|switch|p1a: Toxtricity|Toxtricity, L82, F|183/257\n|turn|13\n|inactive|Soul Gem has 120 seconds left.\n|\n|t:|1771266467\n|move|p1a: Toxtricity|Volt Switch|p2a: Glastrier\n|-damage|p2a: Glastrier|0 fnt\n|faint|p2a: Glastrier\n|\n|t:|1771266479\n|switch|p1a: Hitmonchan|Hitmonchan, L87, M|182/229|[from] Volt Switch\n|\n|upkeep\n|inactive|Soul Gem has 120 seconds left.\n|inactive|Soul Gem has 90 seconds left.\n|\n|t:|1771266521\n|switch|p2a: Fezandipiti|Fezandipiti, L82, M|124/278\n|turn|14\n|inactive|Vipro has 120 seconds left.\n|\n|t:|1771266549\n|move|p2a: Fezandipiti|Moonblast|p1a: Hitmonchan\n|-supereffective|p1a: Hitmonchan\n|-damage|p1a: Hitmonchan|62/229\n|-unboost|p1a: Hitmonchan|spa|1\n|move|p1a: Hitmonchan|Rapid Spin|p2a: Fezandipiti\n|-damage|p2a: Fezandipiti|85/278\n|-boost|p1a: Hitmonchan|spe|1\n|\n|upkeep\n|turn|15\n|inactive|Vipro has 120 seconds left.\n|\n|t:|1771266563\n|move|p1a: Hitmonchan|Rapid Spin|p2a: Fezandipiti\n|-damage|p2a: Fezandipiti|44/278\n|-boost|p1a: Hitmonchan|spe|1\n|move|p2a: Fezandipiti|Moonblast|p1a: Hitmonchan\n|-supereffective|p1a: Hitmonchan\n|-crit|p1a: Hitmonchan\n|-damage|p1a: Hitmonchan|0 fnt\n|faint|p1a: Hitmonchan\n|\n|upkeep\n|inactive|Vipro has 120 seconds left.\n|\n|t:|1771266569\n|switch|p1a: Toxtricity|Toxtricity, L82, F|183/257\n|turn|16\n|\n|t:|1771266577\n|move|p1a: Toxtricity|Volt Switch|p2a: Fezandipiti\n|-damage|p2a: Fezandipiti|0 fnt\n|faint|p2a: Fezandipiti\n|\n|t:|1771266580\n|switch|p1a: Ludicolo|Ludicolo, L90, M|144/290|[from] Volt Switch\n|\n|upkeep\n|\n|t:|1771266587\n|switch|p2a: Chimecho|Chimecho, L93, F|290/290\n|turn|17\n|\n|t:|1771266589\n|move|p1a: Ludicolo|Giga Drain|p2a: Chimecho\n|-damage|p2a: Chimecho|218/290\n|-heal|p1a: Ludicolo|180/290|[from] drain|[of] p2a: Chimecho\n|move|p2a: Chimecho|Psychic Noise|p1a: Ludicolo\n|-damage|p1a: Ludicolo|96/290\n|-start|p1a: Ludicolo|move: Heal Block\n|\n|-heal|p2a: Chimecho|236/290|[from] item: Leftovers\n|upkeep\n|turn|18\n|\n|t:|1771266597\n|move|p1a: Ludicolo|Hydro Pump|p2a: Chimecho|[miss]\n|-miss|p1a: Ludicolo|p2a: Chimecho\n|move|p2a: Chimecho|Psychic Noise|p1a: Ludicolo\n|-damage|p1a: Ludicolo|17/290\n|\n|-heal|p2a: Chimecho|254/290|[from] item: Leftovers\n|-end|p1a: Ludicolo|move: Heal Block\n|upkeep\n|turn|19\n|\n|t:|1771266599\n|move|p1a: Ludicolo|Leaf Storm|p2a: Chimecho\n|-damage|p2a: Chimecho|128/290\n|-unboost|p1a: Ludicolo|spa|2\n|move|p2a: Chimecho|Psychic Noise|p1a: Ludicolo\n|-damage|p1a: Ludicolo|0 fnt\n|faint|p1a: Ludicolo\n|\n|-heal|p2a: Chimecho|146/290|[from] item: Leftovers\n|upkeep\n|\n|t:|1771266625\n|switch|p1a: Ceruledge|Ceruledge, L78, F|245/245\n|turn|20\n|\n|t:|1771266645\n|switch|p2a: Sandy Shocks|Sandy Shocks, L80|267/267\n|move|p1a: Ceruledge|Swords Dance|p1a: Ceruledge\n|-boost|p1a: Ceruledge|atk|2\n|\n|upkeep\n|turn|21\n|\n|t:|1771266656\n|-terastallize|p1a: Ceruledge|Fighting\n|move|p2a: Sandy Shocks|Thunder Wave|p1a: Ceruledge\n|-status|p1a: Ceruledge|par\n|move|p1a: Ceruledge|Swords Dance|p1a: Ceruledge\n|-boost|p1a: Ceruledge|atk|2\n|\n|upkeep\n|turn|22\n|\n|t:|1771266669\n|move|p2a: Sandy Shocks|Thunderbolt|p1a: Ceruledge\n|-damage|p1a: Ceruledge|137/245 par\n|cant|p1a: Ceruledge|par\n|\n|upkeep\n|turn|23\n|\n|t:|1771266673\n|move|p2a: Sandy Shocks|Thunderbolt|p1a: Ceruledge\n|-damage|p1a: Ceruledge|28/245 par\n|cant|p1a: Ceruledge|par\n|\n|upkeep\n|turn|24\n|\n|t:|1771266678\n|move|p2a: Sandy Shocks|Thunderbolt|p1a: Ceruledge\n|-damage|p1a: Ceruledge|0 fnt\n|faint|p1a: Ceruledge\n|\n|upkeep\n|\n|t:|1771266686\n|switch|p1a: Deoxys|Deoxys, L74|196/196\n|-ability|p1a: Deoxys|Pressure\n|turn|25\n|\n|t:|1771266691\n|-end|p2a: Sandy Shocks|Protosynthesis|[silent]\n|switch|p2a: Chimecho|Chimecho, L93, F|146/290\n|move|p1a: Deoxys|Psycho Boost|p2a: Chimecho\n|-resisted|p2a: Chimecho\n|-damage|p2a: Chimecho|56/290\n|-unboost|p1a: Deoxys|spa|2\n|-damage|p1a: Deoxys|177/196|[from] item: Life Orb\n|\n|-heal|p2a: Chimecho|74/290|[from] item: Leftovers\n|upkeep\n|turn|26\n|\n|t:|1771266698\n|move|p1a: Deoxys|Knock Off|p2a: Chimecho\n|-supereffective|p2a: Chimecho\n|-damage|p2a: Chimecho|0 fnt\n|-enditem|p2a: Chimecho|Leftovers|[from] move: Knock Off|[of] p1a: Deoxys\n|faint|p2a: Chimecho\n|-damage|p1a: Deoxys|158/196|[from] item: Life Orb\n|\n|upkeep\n|\n|t:|1771266702\n|switch|p2a: Diancie|Diancie, L82|216/216\n|turn|27\n|\n|t:|1771266708\n|switch|p1a: Toxtricity|Toxtricity, L82, F|183/257\n|move|p2a: Diancie|Moonblast|p1a: Toxtricity\n|-resisted|p1a: Toxtricity\n|-damage|p1a: Toxtricity|122/257\n|\n|upkeep\n|turn|28\n|\n|t:|1771266714\n|switch|p2a: Sandy Shocks|Sandy Shocks, L80|267/267\n|move|p1a: Toxtricity|Sludge Wave|p2a: Sandy Shocks\n|-resisted|p2a: Sandy Shocks\n|-damage|p2a: Sandy Shocks|207/267\n|\n|upkeep\n|turn|29\n|\n|t:|1771266720\n|move|p1a: Toxtricity|Sludge Wave|p2a: Sandy Shocks\n|-resisted|p2a: Sandy Shocks\n|-damage|p2a: Sandy Shocks|153/267\n|move|p2a: Sandy Shocks|Earth Power|p1a: Toxtricity\n|-supereffective|p1a: Toxtricity\n|-damage|p1a: Toxtricity|0 fnt\n|faint|p1a: Toxtricity\n|\n|upkeep\n|\n|t:|1771266722\n|switch|p1a: Deoxys|Deoxys, L74|158/196\n|-ability|p1a: Deoxys|Pressure\n|turn|30\n|\n|t:|1771266724\n|move|p1a: Deoxys|Psycho Boost|p2a: Sandy Shocks\n|-damage|p2a: Sandy Shocks|0 fnt\n|-unboost|p1a: Deoxys|spa|2\n|faint|p2a: Sandy Shocks\n|-end|p2a: Sandy Shocks|Protosynthesis|[silent]\n|-damage|p1a: Deoxys|139/196|[from] item: Life Orb\n|\n|upkeep\n|\n|t:|1771266728\n|switch|p2a: Diancie|Diancie, L82|216/216\n|turn|31\n|\n|t:|1771266732\n|move|p1a: Deoxys|Psycho Boost|p2a: Diancie\n|-damage|p2a: Diancie|165/216\n|-unboost|p1a: Deoxys|spa|2\n|-damage|p1a: Deoxys|120/196|[from] item: Life Orb\n|move|p2a: Diancie|Moonblast|p1a: Deoxys\n|-damage|p1a: Deoxys|0 fnt\n|faint|p1a: Deoxys\n|\n|win|Soul Gem\n|raw|Vipro's rating: 1870 &rarr; <strong>1850</strong><br />(-20 for losing)\n|raw|Soul Gem's rating: 1864 &rarr; <strong>1884</strong><br />(+20 for winning)\n", "inputlog": ">version 686819e5e19f8a7fd2345cfc5a08a5085efa2cc3\n>start {\"formatid\":\"gen9randombattle\",\"seed\":\"sodium,574adf77c4bd2e398717c879b097f0d6\",\"rated\":\"Rated battle\"}\n>player p1 {\"name\":\"Vipro\",\"avatar\":\"alder\",\"rating\":1870,\"seed\":\"sodium,308bc7d2435a1e8deac33d74aea63265\"}\n>player p2 {\"name\":\"Soul Gem\",\"avatar\":\"misty\",\"rating\":1864,\"seed\":\"sodium,f83cc875bc08d213abb4e083ff0cf55a\"}\n>p1 switch 3\n>p2 move knockoff\n>p1 move encore\n>p2 move psychicnoise\n>p1 move knockoff\n>p2 switch 3\n>p1 switch 4\n>p2 move moonblast\n>p1 move boomburst\n>p2 move uturn\n>p2 switch 4\n>p1 switch 6\n>p2 move moonblast\n>p1 move hydropump\n>p2 switch 3\n>p1 move hydropump\n>p2 move knockoff\n>p1 switch 3\n>p2 move recover\n>p1 move agility\n>p2 switch 6\n>p1 move closecombat\n>p2 move swordsdance\n>p1 move closecombat\n>p2 move closecombat\n>p1 switch 6\n>p1 move voltswitch\n>p2 move iciclecrash\n>p1 switch 4\n>p2 switch 4\n>p1 move rapidspin\n>p2 move moonblast\n>p1 move rapidspin\n>p2 move moonblast\n>p1 switch 4\n>p1 move voltswitch\n>p2 move uturn\n>p1 switch 3\n>p2 switch 6\n>p1 move gigadrain\n>p2 move psychicnoise\n>p1 move hydropump\n>p2 move psychicnoise\n>p1 move leafstorm\n>p2 move psychicnoise\n>p1 switch 2\n>p1 move swordsdance\n>p2 switch 5\n>p1 move swordsdance terastallize\n>p2 move thunderwave\n>p1 move bitterblade\n>p2 move thunderbolt\n>p1 move bitterblade\n>p2 move thunderbolt\n>p1 move bitterblade\n>p2 move thunderbolt\n>p1 switch 5\n>p1 move psychoboost\n>p2 switch 5\n>p1 move knockoff\n>p2 move knockoff\n>p2 switch 3\n>p1 switch 3\n>p2 move moonblast\n>p1 move sludgewave\n>p2 switch 5\n>p1 move sludgewave\n>p2 move earthpower\n>p1 switch 3\n>p1 move psychoboost\n>p2 move earthpower\n>p2 switch 5\n>p1 move psychoboost\n>p2 move moonblast", "uploadtime": 1771266736, "views": 2, "formatid": "gen9randombattle", "rating": 1850, "private": 0, "password": null}