{"id": "gen9randombattle-2540617429", "format": "[Gen 9] Random Battle", "players": ["YSSXYX", "Broccholy"], "log": "|j|☆YSSXYX\n|j|☆Broccholy\n|t:|1771228133\n|gametype|singles\n|player|p1|YSSXYX|guitarist|1604\n|player|p2|Broccholy|170|1603\n|gen|9\n|tier|[Gen 9] Random Battle\n|rated|\n|rule|Species Clause: Limit one of each Pokémon\n|rule|HP Percentage Mod: HP is shown in percentages\n|rule|Sleep Clause Mod: Limit one foe put to sleep\n|rule|Illusion Level Mod: Illusion disguises the Pokémon's true level\n|\n|t:|1771228133\n|teamsize|p1|6\n|teamsize|p2|6\n|start\n|switch|p1a: Basculegion|Basculegion, L80, M|323/323\n|switch|p2a: Pincurchin|Pincurchin, F|258/258\n|-fieldstart|move: Electric Terrain|[from] ability: Electric Surge|[of] p2a: Pincurchin\n|turn|1\n|inactive|Battle timer is ON: inactive players will automatically lose when time's up. (requested by Broccholy)\n|\n|t:|1771228150\n|move|p1a: Basculegion|Flip Turn|p2a: Pincurchin\n|-damage|p2a: Pincurchin|192/258\n|\n|t:|1771228155\n|switch|p1a: Eelektross|Eelektross, L87, F|290/290|[from] Flip Turn\n|move|p2a: Pincurchin|Toxic Spikes|p1a: Eelektross\n|-sidestart|p1: YSSXYX|move: Toxic Spikes\n|\n|-heal|p2a: Pincurchin|208/258|[from] item: Leftovers\n|upkeep\n|turn|2\n|\n|t:|1771228170\n|move|p2a: Pincurchin|Toxic Spikes|p1a: Eelektross\n|-sidestart|p1: YSSXYX|move: Toxic Spikes\n|move|p1a: Eelektross|Dragon Tail|p2a: Pincurchin\n|-damage|p2a: Pincurchin|168/258\n|drag|p2a: Qwilfish|Qwilfish-Hisui, L83, F|244/244\n|-ability|p2a: Qwilfish|Intimidate|boost\n|-unboost|p1a: Eelektross|atk|1\n|\n|upkeep\n|turn|3\n|\n|t:|1771228181\n|move|p2a: Qwilfish|Spikes|p1a: Eelektross\n|-sidestart|p1: YSSXYX|Spikes\n|move|p1a: Eelektross|Discharge|p2a: Qwilfish\n|-crit|p2a: Qwilfish\n|-damage|p2a: Qwilfish|100/244\n|\n|upkeep\n|turn|4\n|\n|t:|1771228191\n|move|p2a: Qwilfish|Spikes|p1a: Eelektross\n|-sidestart|p1: YSSXYX|Spikes\n|move|p1a: Eelektross|Discharge|p2a: Qwilfish\n|-damage|p2a: Qwilfish|16/244\n|\n|upkeep\n|turn|5\n|\n|t:|1771228198\n|move|p2a: Qwilfish|Spikes|p1a: Eelektross\n|-sidestart|p1: YSSXYX|Spikes\n|move|p1a: Eelektross|Discharge|p2a: Qwilfish\n|-damage|p2a: Qwilfish|0 fnt\n|faint|p2a: Qwilfish\n|\n|-fieldend|move: Electric Terrain\n|upkeep\n|\n|t:|1771228214\n|switch|p2a: Pincurchin|Pincurchin, F|168/258\n|-fieldstart|move: Electric Terrain|[from] ability: Electric Surge|[of] p2a: Pincurchin\n|turn|6\n|\n|t:|1771228235\n|move|p2a: Pincurchin|Scald|p1a: Eelektross\n|-damage|p1a: Eelektross|237/290\n|move|p1a: Eelektross|Dragon Tail|p2a: Pincurchin\n|-damage|p2a: Pincurchin|140/258\n|drag|p2a: Slowbro|Slowbro-Galar, L87, F|307/307\n|\n|upkeep\n|turn|7\n|inactive|Broccholy has 120 seconds left.\n|\n|t:|1771228260\n|switch|p2a: Cresselia|Cresselia, L80, F|323/323\n|move|p1a: Eelektross|Discharge|p2a: Cresselia\n|-damage|p2a: Cresselia|247/323\n|\n|-heal|p2a: Cresselia|267/323|[from] item: Leftovers\n|upkeep\n|turn|8\n|\n|t:|1771228267\n|move|p2a: Cresselia|Calm Mind|p2a: Cresselia\n|-boost|p2a: Cresselia|spa|1\n|-boost|p2a: Cresselia|spd|1\n|move|p1a: Eelektross|Discharge|p2a: Cresselia\n|-damage|p2a: Cresselia|215/323\n|-status|p2a: Cresselia|par\n|\n|-heal|p2a: Cresselia|235/323 par|[from] item: Leftovers\n|upkeep\n|turn|9\n|\n|t:|1771228276\n|move|p1a: Eelektross|U-turn|p2a: Cresselia\n|-supereffective|p2a: Cresselia\n|-damage|p2a: Cresselia|161/323 par\n|\n|t:|1771228283\n|switch|p1a: Hitmontop|Hitmontop, L88, M|231/231|[from] U-turn\n|-status|p1a: Hitmontop|tox\n|-damage|p1a: Hitmontop|174/231 tox|[from] Spikes\n|cant|p2a: Cresselia|par\n|\n|-heal|p1a: Hitmontop|188/231 tox|[from] item: Leftovers\n|-heal|p2a: Cresselia|181/323 par|[from] item: Leftovers\n|-damage|p1a: Hitmontop|174/231 tox|[from] psn\n|upkeep\n|turn|10\n|c|☆Broccholy|bruh\n|c|☆Broccholy|now u get spin off\n|c|☆Broccholy|i clicked psyshock\n|\n|t:|1771228306\n|move|p1a: Hitmontop|Rapid Spin|p2a: Cresselia\n|-damage|p2a: Cresselia|131/323 par\n|-boost|p1a: Hitmontop|spe|1\n|-sideend|p1: YSSXYX|Spikes|[from] move: Rapid Spin|[of] p1a: Hitmontop\n|-sideend|p1: YSSXYX|Toxic Spikes|[from] move: Rapid Spin|[of] p1a: Hitmontop\n|cant|p2a: Cresselia|par\n|\n|-heal|p1a: Hitmontop|188/231 tox|[from] item: Leftovers\n|-heal|p2a: Cresselia|151/323 par|[from] item: Leftovers\n|-damage|p1a: Hitmontop|160/231 tox|[from] psn\n|-fieldend|move: Electric Terrain\n|upkeep\n|turn|11\n|c|☆Broccholy|every game is just rng\n|\n|t:|1771228335\n|move|p1a: Hitmontop|Triple Axel|p2a: Cresselia\n|-damage|p2a: Cresselia|131/323 par\n|-damage|p2a: Cresselia|86/323 par\n|-damage|p2a: Cresselia|21/323 par\n|-hitcount|p2a: Cresselia|3\n|move|p2a: Cresselia|Psyshock|p1a: Hitmontop\n|-supereffective|p1a: Hitmontop\n|-damage|p1a: Hitmontop|0 fnt\n|faint|p1a: Hitmontop\n|\n|-heal|p2a: Cresselia|41/323 par|[from] item: Leftovers\n|upkeep\n|inactive|YSSXYX has 120 seconds left.\n|\n|t:|1771228352\n|switch|p1a: Eelektross|Eelektross, L87, F|237/290\n|turn|12\n|inactive|YSSXYX has 120 seconds left.\n|\n|t:|1771228358\n|move|p1a: Eelektross|Discharge|p2a: Cresselia\n|-damage|p2a: Cresselia|0 fnt\n|faint|p2a: Cresselia\n|\n|upkeep\n|\n|t:|1771228371\n|switch|p2a: Rayquaza|Rayquaza, L72|270/270\n|-ability|p2a: Rayquaza|Air Lock\n|turn|13\n|\n|t:|1771228381\n|-terastallize|p2a: Rayquaza|Steel\n|move|p2a: Rayquaza|Dragon Dance|p2a: Rayquaza\n|-boost|p2a: Rayquaza|atk|1\n|-boost|p2a: Rayquaza|spe|1\n|move|p1a: Eelektross|Dragon Tail|p2a: Rayquaza\n|-resisted|p2a: Rayquaza\n|-damage|p2a: Rayquaza|243/270\n|drag|p2a: Slowbro|Slowbro-Galar, L87, F|307/307\n|\n|upkeep\n|turn|14\n|\n|t:|1771228395\n|switch|p2a: Glaceon|Glaceon, L94, M|275/275\n|move|p1a: Eelektross|Discharge|p2a: Glaceon\n|-damage|p2a: Glaceon|194/275\n|\n|upkeep\n|turn|15\n|\n|t:|1771228403\n|move|p2a: Glaceon|Wish|p2a: Glaceon\n|move|p1a: Eelektross|Discharge|p2a: Glaceon\n|-damage|p2a: Glaceon|106/275\n|\n|upkeep\n|turn|16\n|\n|t:|1771228417\n|switch|p1a: Malamar|Malamar, L82, M|275/275\n|move|p2a: Glaceon|Calm Mind|p2a: Glaceon\n|-boost|p2a: Glaceon|spa|1\n|-boost|p2a: Glaceon|spd|1\n|\n|-heal|p2a: Glaceon|243/275|[from] move: Wish|[wisher] Glaceon\n|upkeep\n|turn|17\n|\n|t:|1771228432\n|move|p2a: Glaceon|Freeze-Dry|p1a: Malamar\n|-damage|p1a: Malamar|86/275\n|move|p1a: Malamar|Superpower|p2a: Glaceon\n|-supereffective|p2a: Glaceon\n|-damage|p2a: Glaceon|135/275\n|-boost|p1a: Malamar|atk|1\n|-boost|p1a: Malamar|def|1\n|\n|-heal|p1a: Malamar|103/275|[from] item: Leftovers\n|upkeep\n|turn|18\n|\n|t:|1771228442\n|move|p2a: Glaceon|Freeze-Dry|p1a: Malamar\n|-damage|p1a: Malamar|0 fnt\n|faint|p1a: Malamar\n|\n|upkeep\n|\n|t:|1771228454\n|switch|p1a: Ceruledge|Ceruledge, L78, F|245/245\n|turn|19\n|\n|t:|1771228463\n|move|p1a: Ceruledge|Bitter Blade|p2a: Glaceon\n|-supereffective|p2a: Glaceon\n|-damage|p2a: Glaceon|0 fnt\n|faint|p2a: Glaceon\n|\n|upkeep\n|\n|t:|1771228468\n|switch|p2a: Pincurchin|Pincurchin, F|140/258\n|-fieldstart|move: Electric Terrain|[from] ability: Electric Surge|[of] p2a: Pincurchin\n|turn|20\n|\n|t:|1771228478\n|move|p1a: Ceruledge|Poltergeist|p2a: Pincurchin\n|-activate|p2a: Pincurchin|move: Poltergeist|Leftovers\n|-damage|p2a: Pincurchin|49/258\n|move|p2a: Pincurchin|Recover|p2a: Pincurchin\n|-heal|p2a: Pincurchin|178/258\n|\n|-heal|p2a: Pincurchin|194/258|[from] item: Leftovers\n|upkeep\n|turn|21\n|\n|t:|1771228486\n|move|p1a: Ceruledge|Swords Dance|p1a: Ceruledge\n|-boost|p1a: Ceruledge|atk|2\n|move|p2a: Pincurchin|Scald|p1a: Ceruledge\n|-supereffective|p1a: Ceruledge\n|-damage|p1a: Ceruledge|101/245\n|\n|-heal|p2a: Pincurchin|210/258|[from] item: Leftovers\n|upkeep\n|turn|22\n|\n|t:|1771228508\n|move|p1a: Ceruledge|Bitter Blade|p2a: Pincurchin\n|-damage|p2a: Pincurchin|62/258\n|-heal|p1a: Ceruledge|175/245|[from] drain|[of] p2a: Pincurchin\n|move|p2a: Pincurchin|Toxic Spikes|p1a: Ceruledge\n|-sidestart|p1: YSSXYX|move: Toxic Spikes\n|\n|-heal|p2a: Pincurchin|78/258|[from] item: Leftovers\n|upkeep\n|turn|23\n|\n|t:|1771228517\n|move|p1a: Ceruledge|Bitter Blade|p2a: Pincurchin\n|-damage|p2a: Pincurchin|0 fnt\n|-heal|p1a: Ceruledge|214/245|[from] drain|[of] p2a: Pincurchin\n|faint|p2a: Pincurchin\n|\n|upkeep\n|\n|t:|1771228523\n|switch|p2a: Rayquaza|Rayquaza, L72, tera:Steel|243/270\n|-ability|p2a: Rayquaza|Air Lock\n|turn|24\n|\n|t:|1771228534\n|move|p2a: Rayquaza|Earthquake|p1a: Ceruledge\n|-supereffective|p1a: Ceruledge\n|-damage|p1a: Ceruledge|40/245\n|-ability|p1a: Ceruledge|Weak Armor|boost\n|-unboost|p1a: Ceruledge|def|1\n|-boost|p1a: Ceruledge|spe|2\n|move|p1a: Ceruledge|Bitter Blade|p2a: Rayquaza\n|-supereffective|p2a: Rayquaza\n|-damage|p2a: Rayquaza|0 fnt\n|-heal|p1a: Ceruledge|162/245|[from] drain|[of] p2a: Rayquaza\n|faint|p2a: Rayquaza\n|\n|-fieldend|move: Electric Terrain\n|upkeep\n|\n|t:|1771228545\n|switch|p2a: Slowbro|Slowbro-Galar, L87, F|307/307\n|turn|25\n|\n|t:|1771228553\n|move|p1a: Ceruledge|Poltergeist|p2a: Slowbro\n|-activate|p2a: Slowbro|move: Poltergeist|Rocky Helmet\n|-supereffective|p2a: Slowbro\n|-damage|p2a: Slowbro|0 fnt\n|faint|p2a: Slowbro\n|\n|win|YSSXYX\n|raw|YSSXYX's rating: 1604 &rarr; <strong>1624</strong><br />(+20 for winning)\n|raw|Broccholy's rating: 1603 &rarr; <strong>1583</strong><br />(-20 for losing)\n|l|☆Broccholy\n|player|p2|\n", "inputlog": ">version 686819e5e19f8a7fd2345cfc5a08a5085efa2cc3\n>start {\"formatid\":\"gen9randombattle\",\"seed\":\"sodium,0fa9ae5c357b6e05d315a9f83aa7d0ae\",\"rated\":\"Rated battle\"}\n>player p1 {\"name\":\"YSSXYX\",\"avatar\":\"guitarist\",\"rating\":1604,\"seed\":\"sodium,e7b8d81631a06bb8b6baf27284015c2a\"}\n>player p2 {\"name\":\"Broccholy\",\"avatar\":\"170\",\"rating\":1603,\"seed\":\"sodium,8d9692ef0b046c8e684ea5369d0e68a9\"}\n>p1 move flipturn\n>p2 move toxicspikes\n>p1 switch 5\n>p1 move dragontail\n>p2 move toxicspikes\n>p1 move discharge\n>p2 move spikes\n>p1 move discharge\n>p2 move spikes\n>p1 move discharge\n>p2 move spikes\n>p2 switch 3\n>p1 move dragontail\n>p2 move scald\n>p1 move discharge\n>p2 switch 6\n>p1 move discharge\n>p2 move calmmind\n>p1 move uturn\n>p2 move psyshock\n>p1 switch 6\n>chat ☆Broccholy|bruh\n>chat ☆Broccholy|now u get spin off\n>chat ☆Broccholy|i clicked psyshock\n>p1 move rapidspin\n>p2 move psyshock\n>chat ☆Broccholy|every game is just rng\n>p1 move tripleaxel\n>p2 move psyshock\n>p1 switch 6\n>p1 move discharge\n>p2 move moonlight\n>p2 switch 5\n>p1 move dragontail\n>p2 move dragondance terastallize\n>p1 move discharge\n>p2 switch 4\n>p1 move discharge\n>p2 move wish\n>p1 switch 3\n>p2 move calmmind\n>p1 move superpower\n>p2 move freezedry\n>p1 move superpower\n>p2 move freezedry\n>p1 switch 2\n>p1 move bitterblade\n>p2 move wish\n>p2 switch 2\n>p1 move poltergeist\n>p2 move recover\n>p1 move swordsdance\n>p2 move scald\n>p1 move bitterblade\n>p2 move toxicspikes\n>p1 move bitterblade\n>p2 move scald\n>p2 switch 6\n>p1 move bitterblade\n>p2 move earthquake\n>p2 switch 4\n>p1 move poltergeist\n>p2 move haze", "uploadtime": 1771228563, "views": 18, "formatid": "gen9randombattle", "rating": 1583, "private": 0, "password": null}