{"id": "gen9randombattle-2540433353", "format": "[Gen 9] Random Battle", "players": ["Jurai94", "UltraDJames"], "log": "|j|☆Jurai94\n|j|☆UltraDJames\n|t:|1771201445\n|gametype|singles\n|player|p1|Jurai94|102|1571\n|player|p2|UltraDJames|falkner|1577\n|gen|9\n|tier|[Gen 9] Random Battle\n|rated|\n|rule|Species Clause: Limit one of each Pokémon\n|rule|HP Percentage Mod: HP is shown in percentages\n|rule|Sleep Clause Mod: Limit one foe put to sleep\n|rule|Illusion Level Mod: Illusion disguises the Pokémon's true level\n|\n|t:|1771201445\n|teamsize|p1|6\n|teamsize|p2|6\n|start\n|switch|p1a: Braviary|Braviary-Hisui, L85, M|326/326\n|switch|p2a: Eelektross|Eelektross, L87, M|290/290\n|turn|1\n|inactive|Battle timer is ON: inactive players will automatically lose when time's up. (requested by UltraDJames)\n|c|☆UltraDJames|gl\n|inactive|Jurai94 has 120 seconds left.\n|\n|t:|1771201479\n|switch|p1a: Raging Bolt|Raging Bolt, L78|323/323\n|-enditem|p1a: Raging Bolt|Booster Energy\n|-activate|p1a: Raging Bolt|ability: Protosynthesis|[fromitem]\n|-start|p1a: Raging Bolt|protosynthesisspa\n|move|p2a: Eelektross|Coil|p2a: Eelektross\n|-boost|p2a: Eelektross|atk|1\n|-boost|p2a: Eelektross|def|1\n|-boost|p2a: Eelektross|accuracy|1\n|\n|upkeep\n|turn|2\n|\n|t:|1771201486\n|move|p1a: Raging Bolt|Calm Mind|p1a: Raging Bolt\n|-boost|p1a: Raging Bolt|spa|1\n|-boost|p1a: Raging Bolt|spd|1\n|move|p2a: Eelektross|Knock Off|p1a: Raging Bolt\n|-damage|p1a: Raging Bolt|236/323\n|\n|upkeep\n|turn|3\n|\n|t:|1771201496\n|move|p1a: Raging Bolt|Dragon Pulse|p2a: Eelektross\n|-damage|p2a: Eelektross|64/290\n|move|p2a: Eelektross|Coil|p2a: Eelektross\n|-boost|p2a: Eelektross|atk|1\n|-boost|p2a: Eelektross|def|1\n|-boost|p2a: Eelektross|accuracy|1\n|\n|-heal|p2a: Eelektross|82/290|[from] item: Leftovers\n|upkeep\n|turn|4\n|\n|t:|1771201501\n|switch|p2a: Primarina|Primarina, L83, M|268/268\n|move|p1a: Raging Bolt|Dragon Pulse|p2a: Primarina\n|-immune|p2a: Primarina\n|\n|upkeep\n|turn|5\n|\n|t:|1771201513\n|-terastallize|p1a: Raging Bolt|Electric\n|-terastallize|p2a: Primarina|Fairy\n|move|p1a: Raging Bolt|Thunderbolt|p2a: Primarina\n|-damage|p2a: Primarina|54/268\n|move|p2a: Primarina|Calm Mind|p2a: Primarina\n|-boost|p2a: Primarina|spa|1\n|-boost|p2a: Primarina|spd|1\n|\n|-heal|p2a: Primarina|70/268|[from] item: Leftovers\n|upkeep\n|turn|6\n|\n|t:|1771201520\n|move|p1a: Raging Bolt|Thunderbolt|p2a: Primarina\n|-damage|p2a: Primarina|0 fnt\n|faint|p2a: Primarina\n|\n|upkeep\n|\n|t:|1771201526\n|switch|p2a: Gastrodon|Gastrodon-East, L86, F|331/331\n|turn|7\n|\n|t:|1771201533\n|move|p1a: Raging Bolt|Dragon Pulse|p2a: Gastrodon\n|-damage|p2a: Gastrodon|118/331\n|move|p2a: Gastrodon|Stealth Rock|p1a: Raging Bolt\n|-sidestart|p1: Jurai94|move: Stealth Rock\n|\n|-heal|p2a: Gastrodon|138/331|[from] item: Leftovers\n|upkeep\n|turn|8\n|\n|t:|1771201538\n|move|p1a: Raging Bolt|Dragon Pulse|p2a: Gastrodon\n|-damage|p2a: Gastrodon|0 fnt\n|faint|p2a: Gastrodon\n|\n|upkeep\n|\n|t:|1771201544\n|switch|p2a: Hypno|Hypno, L95, F|315/315\n|turn|9\n|\n|t:|1771201549\n|move|p2a: Hypno|Toxic|p1a: Raging Bolt\n|-status|p1a: Raging Bolt|tox\n|move|p1a: Raging Bolt|Thunderbolt|p2a: Hypno\n|-damage|p2a: Hypno|109/315\n|\n|-heal|p2a: Hypno|128/315|[from] item: Leftovers\n|-damage|p1a: Raging Bolt|216/323 tox|[from] psn\n|upkeep\n|turn|10\n|\n|t:|1771201555\n|move|p2a: Hypno|Protect|p2a: Hypno\n|-singleturn|p2a: Hypno|Protect\n|move|p1a: Raging Bolt|Calm Mind|p1a: Raging Bolt\n|-boost|p1a: Raging Bolt|spa|1\n|-boost|p1a: Raging Bolt|spd|1\n|\n|-heal|p2a: Hypno|147/315|[from] item: Leftovers\n|-damage|p1a: Raging Bolt|176/323 tox|[from] psn\n|upkeep\n|turn|11\n|\n|t:|1771201559\n|move|p2a: Hypno|Psychic Noise|p1a: Raging Bolt\n|-damage|p1a: Raging Bolt|127/323 tox\n|-start|p1a: Raging Bolt|move: Heal Block\n|move|p1a: Raging Bolt|Thunderbolt|p2a: Hypno\n|-damage|p2a: Hypno|0 fnt\n|faint|p2a: Hypno\n|\n|-damage|p1a: Raging Bolt|67/323 tox|[from] psn\n|upkeep\n|\n|t:|1771201572\n|switch|p2a: Medicham|Medicham, L86, F|243/243\n|turn|12\n|\n|t:|1771201583\n|move|p1a: Raging Bolt|Thunderclap|p2a: Medicham\n|-damage|p2a: Medicham|0 fnt\n|faint|p2a: Medicham\n|\n|-damage|p1a: Raging Bolt|0 fnt|[from] psn\n|faint|p1a: Raging Bolt\n|-end|p1a: Raging Bolt|Protosynthesis|[silent]\n|upkeep\n|\n|t:|1771201589\n|switch|p2a: Eelektross|Eelektross, L87, M|82/290\n|switch|p1a: Braviary|Braviary-Hisui, L85, M|326/326\n|-damage|p1a: Braviary|245/326|[from] Stealth Rock\n|turn|13\n|\n|t:|1771201592\n|move|p1a: Braviary|Esper Wing|p2a: Eelektross\n|-crit|p2a: Eelektross\n|-damage|p2a: Eelektross|0 fnt\n|-boost|p1a: Braviary|spe|1\n|faint|p2a: Eelektross\n|\n|upkeep\n|\n|t:|1771201595\n|switch|p2a: Ho-Oh|Ho-Oh, L71|268/268\n|turn|14\n|c|☆UltraDJames|ggs\n|\n|t:|1771201603\n|move|p1a: Braviary|Esper Wing|p2a: Ho-Oh\n|-damage|p2a: Ho-Oh|156/268\n|-boost|p1a: Braviary|spe|1\n|move|p2a: Ho-Oh|Sacred Fire|p1a: Braviary\n|-damage|p1a: Braviary|140/326\n|-status|p1a: Braviary|brn\n|\n|-damage|p1a: Braviary|120/326 brn|[from] brn\n|upkeep\n|turn|15\n|\n|t:|1771201609\n|move|p1a: Braviary|Esper Wing|p2a: Ho-Oh\n|-crit|p2a: Ho-Oh\n|-damage|p2a: Ho-Oh|0 fnt\n|-boost|p1a: Braviary|spe|1\n|faint|p2a: Ho-Oh\n|\n|win|Jurai94\n|raw|Jurai94's rating: 1571 &rarr; <strong>1591</strong><br />(+20 for winning)\n|raw|UltraDJames's rating: 1577 &rarr; <strong>1557</strong><br />(-20 for losing)\n", "inputlog": ">version 686819e5e19f8a7fd2345cfc5a08a5085efa2cc3\n>start {\"formatid\":\"gen9randombattle\",\"seed\":\"sodium,2202a3c99e4eb1cf8fcba36aa20702da\",\"rated\":\"Rated battle\"}\n>player p1 {\"name\":\"Jurai94\",\"avatar\":\"102\",\"rating\":1571,\"seed\":\"sodium,515078e6c946c9ab75001feb5ca7435c\"}\n>player p2 {\"name\":\"UltraDJames\",\"avatar\":\"falkner\",\"rating\":1577,\"seed\":\"sodium,05fa11264ac156c61e6c1594f35610ca\"}\n>chat ☆UltraDJames|gl\n>p1 switch 6\n>p2 move coil\n>p1 move calmmind\n>p2 move knockoff\n>p1 move dragonpulse\n>p2 move coil\n>p1 move dragonpulse\n>p2 switch 4\n>p1 move thunderbolt terastallize\n>p2 move calmmind terastallize\n>p1 move thunderbolt\n>p2 move drainingkiss\n>p2 switch 6\n>p1 move dragonpulse\n>p2 move stealthrock\n>p1 move dragonpulse\n>p2 move earthquake\n>p2 switch 3\n>p1 move thunderbolt\n>p2 move toxic\n>p1 move calmmind\n>p2 move protect\n>p1 move thunderbolt\n>p2 move psychicnoise\n>p2 switch 2\n>p1 move thunderclap\n>p2 move zenheadbutt\n>p1 switch 6\n>p2 switch 4\n>p1 move esperwing\n>p2 move supercellslam\n>p2 switch 5\n>chat ☆UltraDJames|ggs\n>p1 move esperwing\n>p2 move sacredfire\n>p1 move esperwing\n>p2 move recover", "uploadtime": 1771201612, "views": 6, "formatid": "gen9randombattle", "rating": 1557, "private": 0, "password": null}