{"id": "gen9randombattle-2540016229", "format": "[Gen 9] Random Battle", "players": ["Gourdin", "jjhgv"], "log": "|j|☆Gourdin\n|j|☆jjhgv\n|t:|1771145317\n|gametype|singles\n|player|p1|Gourdin|170|1691\n|player|p2|jjhgv|lillie-masters2|1717\n|gen|9\n|tier|[Gen 9] Random Battle\n|rated|\n|rule|Species Clause: Limit one of each Pokémon\n|rule|HP Percentage Mod: HP is shown in percentages\n|rule|Sleep Clause Mod: Limit one foe put to sleep\n|rule|Illusion Level Mod: Illusion disguises the Pokémon's true level\n|\n|t:|1771145317\n|teamsize|p1|6\n|teamsize|p2|6\n|start\n|switch|p1a: Lilligant|Lilligant, L86, F|261/261\n|switch|p2a: Sunflora|Sunflora, F|312/312\n|turn|1\n|\n|t:|1771145331\n|switch|p1a: Blaziken|Blaziken, L76, M|247/247\n|move|p2a: Sunflora|Sunny Day|p2a: Sunflora\n|-weather|SunnyDay\n|\n|-weather|SunnyDay|[upkeep]\n|upkeep\n|turn|2\n|inactive|Battle timer is ON: inactive players will automatically lose when time's up. (requested by jjhgv)\n|\n|t:|1771145381\n|move|p2a: Sunflora|Earth Power|p1a: Blaziken\n|-supereffective|p1a: Blaziken\n|-damage|p1a: Blaziken|0 fnt\n|faint|p1a: Blaziken\n|-damage|p2a: Sunflora|281/312|[from] item: Life Orb\n|\n|-weather|SunnyDay|[upkeep]\n|upkeep\n|\n|t:|1771145400\n|switch|p1a: Lilligant|Lilligant, L86, F|261/261\n|turn|3\n|\n|t:|1771145404\n|-terastallize|p1a: Lilligant|Fire\n|move|p1a: Lilligant|Quiver Dance|p1a: Lilligant\n|-boost|p1a: Lilligant|spa|1\n|-boost|p1a: Lilligant|spd|1\n|-boost|p1a: Lilligant|spe|1\n|move|p2a: Sunflora|Weather Ball|p1a: Lilligant\n|-resisted|p1a: Lilligant\n|-damage|p1a: Lilligant|187/261\n|-damage|p2a: Sunflora|250/312|[from] item: Life Orb\n|\n|-weather|SunnyDay|[upkeep]\n|upkeep\n|turn|4\n|\n|t:|1771145417\n|-terastallize|p2a: Sunflora|Fire\n|move|p1a: Lilligant|Tera Blast|p2a: Sunflora|[anim] Tera Blast Fire\n|-resisted|p2a: Sunflora\n|-damage|p2a: Sunflora|137/312\n|-damage|p1a: Lilligant|161/261|[from] item: Life Orb\n|move|p2a: Sunflora|Earth Power|p1a: Lilligant\n|-supereffective|p1a: Lilligant\n|-damage|p1a: Lilligant|0 fnt\n|faint|p1a: Lilligant\n|-damage|p2a: Sunflora|106/312|[from] item: Life Orb\n|\n|-weather|SunnyDay|[upkeep]\n|upkeep\n|\n|t:|1771145434\n|switch|p1a: Jirachi|Jirachi, L80|291/291\n|turn|5\n|\n|t:|1771145442\n|move|p2a: Sunflora|Weather Ball|p1a: Jirachi\n|-supereffective|p1a: Jirachi\n|-damage|p1a: Jirachi|0 fnt\n|faint|p1a: Jirachi\n|-damage|p2a: Sunflora|75/312|[from] item: Life Orb\n|\n|-weather|none\n|upkeep\n|\n|t:|1771145444\n|switch|p1a: Clawitzer|Clawitzer, L87, F|265/265\n|turn|6\n|\n|t:|1771145450\n|switch|p2a: Arboliva|Arboliva, L91, M|290/290\n|move|p1a: Clawitzer|Water Pulse|p2a: Arboliva\n|-resisted|p2a: Arboliva\n|-damage|p2a: Arboliva|244/290\n|-fieldstart|move: Grassy Terrain|[from] ability: Seed Sower|[of] p2a: Arboliva\n|\n|-heal|p2a: Arboliva|262/290|[from] Grassy Terrain\n|-heal|p2a: Arboliva|280/290|[from] item: Leftovers\n|upkeep\n|turn|7\n|\n|t:|1771145455\n|switch|p1a: Landorus|Landorus, L75, M|257/257\n|move|p2a: Arboliva|Energy Ball|p1a: Landorus\n|-damage|p1a: Landorus|28/257\n|\n|-heal|p2a: Arboliva|290/290|[from] Grassy Terrain\n|upkeep\n|turn|8\n|\n|t:|1771145461\n|move|p1a: Landorus|Focus Blast|p2a: Arboliva\n|-supereffective|p2a: Arboliva\n|-damage|p2a: Arboliva|74/290\n|move|p2a: Arboliva|Energy Ball|p1a: Landorus\n|-damage|p1a: Landorus|0 fnt\n|faint|p1a: Landorus\n|\n|-heal|p2a: Arboliva|92/290|[from] Grassy Terrain\n|-heal|p2a: Arboliva|110/290|[from] item: Leftovers\n|upkeep\n|\n|t:|1771145473\n|switch|p1a: Zamazenta|Zamazenta-Crowned, L68|238/238\n|-ability|p1a: Zamazenta|Dauntless Shield|boost\n|-boost|p1a: Zamazenta|def|1\n|turn|9\n|\n|t:|1771145480\n|move|p1a: Zamazenta|Body Press|p2a: Arboliva\n|-supereffective|p2a: Arboliva\n|-damage|p2a: Arboliva|0 fnt\n|faint|p2a: Arboliva\n|\n|upkeep\n|\n|t:|1771145489\n|switch|p2a: Toucannon|Toucannon, L88, F|284/284\n|turn|10\n|\n|t:|1771145496\n|-singleturn|p2a: Toucannon|move: Beak Blast\n|move|p1a: Zamazenta|Stone Edge|p2a: Toucannon\n|-supereffective|p2a: Toucannon\n|-crit|p2a: Toucannon\n|-damage|p2a: Toucannon|104/284\n|move|p2a: Toucannon|Beak Blast|p1a: Zamazenta\n|-damage|p1a: Zamazenta|159/238\n|\n|-heal|p1a: Zamazenta|173/238|[from] Grassy Terrain\n|-fieldend|move: Grassy Terrain\n|upkeep\n|turn|11\n|\n|t:|1771145506\n|-singleturn|p2a: Toucannon|move: Beak Blast\n|move|p1a: Zamazenta|Iron Defense|p1a: Zamazenta\n|-boost|p1a: Zamazenta|def|2\n|move|p2a: Toucannon|Beak Blast|p1a: Zamazenta\n|-damage|p1a: Zamazenta|125/238\n|\n|upkeep\n|turn|12\n|\n|t:|1771145524\n|-singleturn|p2a: Toucannon|move: Beak Blast\n|move|p1a: Zamazenta|Stone Edge|p2a: Toucannon|[miss]\n|-miss|p1a: Zamazenta|p2a: Toucannon\n|move|p2a: Toucannon|Beak Blast|p1a: Zamazenta\n|-damage|p1a: Zamazenta|74/238\n|\n|upkeep\n|turn|13\n|\n|t:|1771145529\n|-singleturn|p2a: Toucannon|move: Beak Blast\n|move|p1a: Zamazenta|Stone Edge|p2a: Toucannon\n|-supereffective|p2a: Toucannon\n|-damage|p2a: Toucannon|0 fnt\n|faint|p2a: Toucannon\n|\n|upkeep\n|\n|t:|1771145537\n|switch|p2a: Dugtrio|Dugtrio-Alola, L84, F|196/196\n|turn|14\n|\n|t:|1771145547\n|move|p2a: Dugtrio|Earthquake|p1a: Zamazenta\n|-supereffective|p1a: Zamazenta\n|-damage|p1a: Zamazenta|0 fnt\n|faint|p1a: Zamazenta\n|-damage|p2a: Dugtrio|177/196|[from] item: Life Orb\n|\n|upkeep\n|\n|t:|1771145549\n|switch|p1a: Clawitzer|Clawitzer, L87, F|265/265\n|turn|15\n|\n|t:|1771145553\n|move|p2a: Dugtrio|Earthquake|p1a: Clawitzer\n|-damage|p1a: Clawitzer|131/265\n|-damage|p2a: Dugtrio|158/196|[from] item: Life Orb\n|move|p1a: Clawitzer|Water Pulse|p2a: Dugtrio\n|-supereffective|p2a: Dugtrio\n|-damage|p2a: Dugtrio|0 fnt\n|faint|p2a: Dugtrio\n|\n|upkeep\n|\n|t:|1771145559\n|switch|p2a: Kingdra|Kingdra, L84, M|263/263\n|turn|16\n|\n|t:|1771145565\n|move|p2a: Kingdra|Dragon Dance|p2a: Kingdra\n|-boost|p2a: Kingdra|atk|1\n|-boost|p2a: Kingdra|spe|1\n|move|p1a: Clawitzer|Dragon Pulse|p2a: Kingdra\n|-supereffective|p2a: Kingdra\n|-damage|p2a: Kingdra|51/263\n|\n|upkeep\n|turn|17\n|\n|t:|1771145570\n|move|p2a: Kingdra|Outrage|p1a: Clawitzer\n|-damage|p1a: Clawitzer|0 fnt\n|faint|p1a: Clawitzer\n|\n|win|jjhgv\n|raw|Gourdin's rating: 1691 &rarr; <strong>1672</strong><br />(-19 for losing)\n|raw|jjhgv's rating: 1717 &rarr; <strong>1736</strong><br />(+19 for winning)\n|l|☆Gourdin\n|player|p1|\n", "inputlog": ">version 686819e5e19f8a7fd2345cfc5a08a5085efa2cc3\n>start {\"formatid\":\"gen9randombattle\",\"seed\":\"sodium,30aa54e94cdd0dbe84ca638c60b255da\",\"rated\":\"Rated battle\"}\n>player p1 {\"name\":\"Gourdin\",\"avatar\":\"170\",\"rating\":1691,\"seed\":\"sodium,f622712951e7d4b558688dc69b4fbe1c\"}\n>player p2 {\"name\":\"jjhgv\",\"avatar\":\"lillie-masters2\",\"rating\":1717,\"seed\":\"sodium,3b239befc9f01195a42a11b9d83fd8a1\"}\n>p1 switch 2\n>p2 move sunnyday\n>p1 move flareblitz\n>p2 move earthpower\n>p1 switch 2\n>p1 move quiverdance terastallize\n>p2 move weatherball\n>p1 move terablast\n>p2 move earthpower terastallize\n>p1 switch 3\n>p1 move ironhead\n>p2 move weatherball\n>p1 switch 5\n>p1 move waterpulse\n>p2 switch 5\n>p1 switch 6\n>p2 move energyball\n>p1 move focusblast\n>p2 move energyball\n>p1 switch 4\n>p1 move bodypress\n>p2 move earthpower\n>p2 switch 4\n>p1 move stoneedge\n>p2 move beakblast\n>p1 move irondefense\n>p2 move beakblast\n>p1 move stoneedge\n>p2 move beakblast\n>p1 move stoneedge\n>p2 move beakblast\n>p2 switch 2\n>p1 move bodypress\n>p2 move earthquake\n>p1 switch 6\n>p1 move waterpulse\n>p2 move earthquake\n>p2 switch 3\n>p1 move dragonpulse\n>p2 move dragondance\n>p1 move dragonpulse\n>p2 move outrage", "uploadtime": 1771145576, "views": 20, "formatid": "gen9randombattle", "rating": 1672, "private": 0, "password": null}