{"id": "gen9randombattle-2540362643", "format": "[Gen 9] Random Battle", "players": ["terminator14", "snof2"], "log": "|j|☆terminator14\n|j|☆snof2\n|t:|1771193055\n|gametype|singles\n|player|p1|terminator14|1|1931\n|player|p2|snof2|alder|1940\n|gen|9\n|tier|[Gen 9] Random Battle\n|rated|\n|rule|Species Clause: Limit one of each Pokémon\n|rule|HP Percentage Mod: HP is shown in percentages\n|rule|Sleep Clause Mod: Limit one foe put to sleep\n|rule|Illusion Level Mod: Illusion disguises the Pokémon's true level\n|\n|t:|1771193055\n|teamsize|p1|6\n|teamsize|p2|6\n|start\n|switch|p1a: Hatterene|Hatterene, L85, F|236/236\n|switch|p2a: Iron Treads|Iron Treads, L77|265/265\n|turn|1\n|\n|t:|1771193084\n|switch|p1a: Ting-Lu|Ting-Lu, L78|370/370\n|-ability|p1a: Ting-Lu|Vessel of Ruin\n|move|p2a: Iron Treads|Iron Head|p1a: Ting-Lu\n|-damage|p1a: Ting-Lu|301/370\n|\n|-heal|p1a: Ting-Lu|324/370|[from] item: Leftovers\n|upkeep\n|turn|2\n|inactive|Battle timer is ON: inactive players will automatically lose when time's up. (requested by terminator14)\n|\n|t:|1771193097\n|-end|p2a: Iron Treads|Quark Drive|[silent]\n|switch|p2a: Breloom|Breloom, L83, M|235/235\n|move|p1a: Ting-Lu|Spikes|p2a: Breloom\n|-sidestart|p2: snof2|Spikes\n|\n|-heal|p1a: Ting-Lu|347/370|[from] item: Leftovers\n|upkeep\n|turn|3\n|\n|t:|1771193108\n|switch|p1a: Hatterene|Hatterene, L85, F|236/236\n|move|p2a: Breloom|Swords Dance|p2a: Breloom\n|-boost|p2a: Breloom|atk|2\n|\n|upkeep\n|turn|4\n|\n|t:|1771193128\n|switch|p1a: Skuntank|Skuntank, L84, M|310/310\n|move|p2a: Breloom|Bullet Seed|p1a: Skuntank\n|-resisted|p1a: Skuntank\n|-damage|p1a: Skuntank|227/310\n|-resisted|p1a: Skuntank\n|-damage|p1a: Skuntank|150/310\n|-hitcount|p1a: Skuntank|2\n|-damage|p2a: Breloom|212/235|[from] item: Life Orb\n|\n|-heal|p1a: Skuntank|169/310|[from] item: Leftovers\n|upkeep\n|turn|5\n|\n|t:|1771193151\n|move|p1a: Skuntank|Toxic Spikes|p2a: Breloom\n|-sidestart|p2: snof2|move: Toxic Spikes\n|move|p2a: Breloom|Rock Tomb|p1a: Skuntank\n|-damage|p1a: Skuntank|0 fnt\n|faint|p1a: Skuntank\n|-damage|p2a: Breloom|189/235|[from] item: Life Orb\n|\n|upkeep\n|inactive|terminator14 has 120 seconds left.\n|\n|t:|1771193163\n|switch|p1a: Gouging Fire|Gouging Fire, L74|277/277\n|turn|6\n|\n|t:|1771193172\n|-terastallize|p2a: Breloom|Rock\n|move|p1a: Gouging Fire|Heat Crash|p2a: Breloom\n|-resisted|p2a: Breloom\n|-damage|p2a: Breloom|126/235\n|move|p2a: Breloom|Rock Tomb|p1a: Gouging Fire\n|-supereffective|p1a: Gouging Fire\n|-damage|p1a: Gouging Fire|0 fnt\n|faint|p1a: Gouging Fire\n|-end|p1a: Gouging Fire|Protosynthesis|[silent]\n|-damage|p2a: Breloom|103/235|[from] item: Life Orb\n|\n|upkeep\n|\n|t:|1771193183\n|switch|p1a: Urshifu|Urshifu-Rapid-Strike, L75, M|274/274\n|turn|7\n|\n|t:|1771193188\n|move|p1a: Urshifu|Aqua Jet|p2a: Breloom\n|-supereffective|p2a: Breloom\n|-damage|p2a: Breloom|0 fnt\n|faint|p2a: Breloom\n|\n|upkeep\n|\n|t:|1771193204\n|switch|p2a: Bellibolt|Bellibolt, L84, M|320/320\n|-damage|p2a: Bellibolt|280/320|[from] Spikes\n|-status|p2a: Bellibolt|psn\n|turn|8\n|\n|t:|1771193216\n|switch|p1a: Deoxys|Deoxys-Defense, L84|221/221\n|-ability|p1a: Deoxys|Pressure\n|switch|p2a: Iron Treads|Iron Treads, L77|265/265\n|-damage|p2a: Iron Treads|232/265|[from] Spikes\n|\n|-heal|p2a: Iron Treads|248/265|[from] item: Leftovers\n|upkeep\n|turn|9\n|\n|t:|1771193229\n|switch|p1a: Ting-Lu|Ting-Lu, L78|347/370\n|-ability|p1a: Ting-Lu|Vessel of Ruin\n|move|p2a: Iron Treads|Rapid Spin|p1a: Ting-Lu\n|-damage|p1a: Ting-Lu|320/370\n|-boost|p2a: Iron Treads|spe|1\n|-sideend|p2: snof2|Spikes|[from] move: Rapid Spin|[of] p2a: Iron Treads\n|-sideend|p2: snof2|Toxic Spikes|[from] move: Rapid Spin|[of] p2a: Iron Treads\n|\n|-heal|p2a: Iron Treads|264/265|[from] item: Leftovers\n|-heal|p1a: Ting-Lu|343/370|[from] item: Leftovers\n|upkeep\n|turn|10\n|\n|t:|1771193255\n|-end|p2a: Iron Treads|Quark Drive|[silent]\n|switch|p2a: Lycanroc|Lycanroc-Midnight, L89, F|296/296\n|move|p1a: Ting-Lu|Spikes|p2a: Lycanroc\n|-sidestart|p2: snof2|Spikes\n|\n|-heal|p1a: Ting-Lu|366/370|[from] item: Leftovers\n|upkeep\n|turn|11\n|\n|t:|1771193274\n|move|p2a: Lycanroc|Swords Dance|p2a: Lycanroc\n|-boost|p2a: Lycanroc|atk|2\n|move|p1a: Ting-Lu|Earthquake|p2a: Lycanroc\n|-supereffective|p2a: Lycanroc\n|-damage|p2a: Lycanroc|68/296\n|\n|-heal|p1a: Ting-Lu|370/370|[from] item: Leftovers\n|upkeep\n|turn|12\n|\n|t:|1771193285\n|move|p2a: Lycanroc|Close Combat|p1a: Ting-Lu\n|-supereffective|p1a: Ting-Lu\n|-damage|p1a: Ting-Lu|0 fnt\n|-unboost|p2a: Lycanroc|def|1\n|-unboost|p2a: Lycanroc|spd|1\n|faint|p1a: Ting-Lu\n|-damage|p2a: Lycanroc|39/296|[from] item: Life Orb\n|\n|upkeep\n|inactive|terminator14 has 120 seconds left.\n|\n|t:|1771193302\n|switch|p1a: Urshifu|Urshifu-Rapid-Strike, L75, M|274/274\n|turn|13\n|\n|t:|1771193307\n|move|p2a: Lycanroc|Sucker Punch|p1a: Urshifu\n|-resisted|p1a: Urshifu\n|-damage|p1a: Urshifu|184/274\n|-damage|p2a: Lycanroc|10/296|[from] item: Life Orb\n|move|p1a: Urshifu|Aqua Jet|p2a: Lycanroc\n|-supereffective|p2a: Lycanroc\n|-damage|p2a: Lycanroc|0 fnt\n|faint|p2a: Lycanroc\n|\n|upkeep\n|\n|t:|1771193312\n|switch|p2a: Bellibolt|Bellibolt, L84, M|280/320 psn\n|-damage|p2a: Bellibolt|240/320 psn|[from] Spikes\n|turn|14\n|\n|t:|1771193320\n|switch|p1a: Deoxys|Deoxys-Defense, L84|221/221\n|-ability|p1a: Deoxys|Pressure\n|move|p2a: Bellibolt|Volt Switch|p1a: Deoxys\n|-damage|p1a: Deoxys|170/221\n|\n|t:|1771193326\n|switch|p2a: Iron Treads|Iron Treads, L77|264/265|[from] Volt Switch\n|-damage|p2a: Iron Treads|231/265|[from] Spikes\n|\n|-heal|p2a: Iron Treads|247/265|[from] item: Leftovers\n|-heal|p1a: Deoxys|183/221|[from] item: Leftovers\n|upkeep\n|turn|15\n|\n|t:|1771193333\n|move|p2a: Iron Treads|Rapid Spin|p1a: Deoxys\n|-damage|p1a: Deoxys|163/221\n|-boost|p2a: Iron Treads|spe|1\n|-sideend|p2: snof2|Spikes|[from] move: Rapid Spin|[of] p2a: Iron Treads\n|move|p1a: Deoxys|Cosmic Power|p1a: Deoxys\n|-boost|p1a: Deoxys|def|1\n|-boost|p1a: Deoxys|spd|1\n|\n|-heal|p2a: Iron Treads|263/265|[from] item: Leftovers\n|-heal|p1a: Deoxys|176/221|[from] item: Leftovers\n|upkeep\n|turn|16\n|\n|t:|1771193345\n|-end|p2a: Iron Treads|Quark Drive|[silent]\n|switch|p2a: Chien-Pao|Chien-Pao, L72|234/234\n|-ability|p2a: Chien-Pao|Sword of Ruin\n|move|p1a: Deoxys|Cosmic Power|p1a: Deoxys\n|-boost|p1a: Deoxys|def|1\n|-boost|p1a: Deoxys|spd|1\n|\n|-heal|p1a: Deoxys|189/221|[from] item: Leftovers\n|upkeep\n|turn|17\n|\n|t:|1771193363\n|-terastallize|p1a: Deoxys|Steel\n|move|p2a: Chien-Pao|Swords Dance|p2a: Chien-Pao\n|-boost|p2a: Chien-Pao|atk|2\n|move|p1a: Deoxys|Night Shade|p2a: Chien-Pao\n|-damage|p2a: Chien-Pao|150/234\n|\n|-heal|p1a: Deoxys|202/221|[from] item: Leftovers\n|upkeep\n|turn|18\n|\n|t:|1771193370\n|move|p2a: Chien-Pao|Sacred Sword|p1a: Deoxys\n|-supereffective|p1a: Deoxys\n|-damage|p1a: Deoxys|20/221\n|move|p1a: Deoxys|Night Shade|p2a: Chien-Pao\n|-damage|p2a: Chien-Pao|66/234\n|\n|-heal|p1a: Deoxys|33/221|[from] item: Leftovers\n|upkeep\n|turn|19\n|\n|t:|1771193386\n|switch|p1a: Hatterene|Hatterene, L85, F|236/236\n|move|p2a: Chien-Pao|Sacred Sword|p1a: Hatterene\n|-resisted|p1a: Hatterene\n|-damage|p1a: Hatterene|204/236\n|\n|-heal|p1a: Hatterene|218/236|[from] item: Leftovers\n|upkeep\n|turn|20\n|\n|t:|1771193397\n|move|p2a: Chien-Pao|Icicle Crash|p1a: Hatterene\n|-damage|p1a: Hatterene|20/236\n|move|p1a: Hatterene|Draining Kiss|p2a: Chien-Pao\n|-supereffective|p2a: Chien-Pao\n|-damage|p2a: Chien-Pao|0 fnt\n|-heal|p1a: Hatterene|70/236|[from] drain|[of] p2a: Chien-Pao\n|faint|p2a: Chien-Pao\n|\n|-heal|p1a: Hatterene|84/236|[from] item: Leftovers\n|upkeep\n|\n|t:|1771193408\n|switch|p2a: Iron Treads|Iron Treads, L77|263/265\n|turn|21\n|\n|t:|1771193414\n|move|p2a: Iron Treads|Earthquake|p1a: Hatterene\n|-damage|p1a: Hatterene|0 fnt\n|faint|p1a: Hatterene\n|\n|-heal|p2a: Iron Treads|265/265|[from] item: Leftovers\n|upkeep\n|\n|t:|1771193421\n|switch|p1a: Urshifu|Urshifu-Rapid-Strike, L75, M|184/274\n|turn|22\n|\n|t:|1771193430\n|move|p2a: Iron Treads|Earthquake|p1a: Urshifu\n|-damage|p1a: Urshifu|91/274\n|move|p1a: Urshifu|Surging Strikes|p2a: Iron Treads\n|-supereffective|p2a: Iron Treads\n|-crit|p2a: Iron Treads\n|-damage|p2a: Iron Treads|155/265\n|-supereffective|p2a: Iron Treads\n|-crit|p2a: Iron Treads\n|-damage|p2a: Iron Treads|53/265\n|-supereffective|p2a: Iron Treads\n|-crit|p2a: Iron Treads\n|-damage|p2a: Iron Treads|0 fnt\n|faint|p2a: Iron Treads\n|-end|p2a: Iron Treads|Quark Drive|[silent]\n|-hitcount|p2: Iron Treads|3\n|\n|upkeep\n|\n|t:|1771193442\n|switch|p2a: Bellibolt|Bellibolt, L84, M|240/320 psn\n|turn|23\n|\n|t:|1771193445\n|move|p1a: Urshifu|Surging Strikes|p2a: Bellibolt\n|-crit|p2a: Bellibolt\n|-damage|p2a: Bellibolt|183/320 psn\n|-start|p2a: Bellibolt|Charge|Surging Strikes|[from] ability: Electromorphosis\n|-crit|p2a: Bellibolt\n|-damage|p2a: Bellibolt|125/320 psn\n|-start|p2a: Bellibolt|Charge|Surging Strikes|[from] ability: Electromorphosis\n|-crit|p2a: Bellibolt\n|-damage|p2a: Bellibolt|64/320 psn\n|-start|p2a: Bellibolt|Charge|Surging Strikes|[from] ability: Electromorphosis\n|-hitcount|p2a: Bellibolt|3\n|move|p2a: Bellibolt|Volt Switch|p1a: Urshifu\n|-supereffective|p1a: Urshifu\n|-damage|p1a: Urshifu|0 fnt\n|faint|p1a: Urshifu\n|-end|p2a: Bellibolt|Charge|[silent]\n|\n|t:|1771193448\n|switch|p2a: Groudon|Groudon, L72|263/263|[from] Volt Switch\n|-weather|SunnyDay|[from] ability: Drought|[of] p2a: Groudon\n|\n|-weather|SunnyDay|[upkeep]\n|upkeep\n|\n|t:|1771193463\n|switch|p1a: Deoxys|Deoxys-Defense, L84, tera:Steel|33/221\n|-ability|p1a: Deoxys|Pressure\n|turn|24\n|\n|t:|1771193474\n|move|p1a: Deoxys|Cosmic Power|p1a: Deoxys\n|-boost|p1a: Deoxys|def|1\n|-boost|p1a: Deoxys|spd|1\n|move|p2a: Groudon|Heat Crash|p1a: Deoxys\n|-supereffective|p1a: Deoxys\n|-damage|p1a: Deoxys|0 fnt\n|faint|p1a: Deoxys\n|\n|win|snof2\n|raw|terminator14's rating: 1931 &rarr; <strong>1912</strong><br />(-19 for losing)\n|raw|snof2's rating: 1940 &rarr; <strong>1959</strong><br />(+19 for winning)\n|l|☆terminator14\n|player|p1|\n", "inputlog": ">version 686819e5e19f8a7fd2345cfc5a08a5085efa2cc3\n>start {\"formatid\":\"gen9randombattle\",\"seed\":\"sodium,ddabf84e1fa9e6e97c65e3b058113397\",\"rated\":\"Rated battle\"}\n>player p1 {\"name\":\"terminator14\",\"avatar\":\"1\",\"rating\":1931,\"seed\":\"sodium,acb33bb15fd446d4631c0f11544548e9\"}\n>player p2 {\"name\":\"snof2\",\"avatar\":\"alder\",\"rating\":1940,\"seed\":\"sodium,61b5a3e037aadfddaa24ed9e3954a20f\"}\n>p1 switch 3\n>p2 move ironhead\n>p1 move spikes\n>p2 switch 6\n>p1 switch 3\n>p2 move swordsdance\n>p1 switch 5\n>p2 move bulletseed\n>p1 move toxicspikes\n>p2 move rocktomb\n>p1 switch 2\n>p1 move heatcrash\n>p2 move rocktomb terastallize\n>p1 switch 6\n>p1 move aquajet\n>p2 move machpunch\n>p2 switch 2\n>p1 switch 4\n>p2 switch 6\n>p1 switch 3\n>p2 move rapidspin\n>p1 move spikes\n>p2 switch 5\n>p1 move earthquake\n>p2 move swordsdance\n>p1 move earthquake\n>p2 move closecombat\n>p1 switch 4\n>p1 move aquajet\n>p2 move suckerpunch\n>p2 switch 6\n>p1 switch 3\n>p2 move voltswitch\n>p2 switch 5\n>p1 move cosmicpower\n>p2 move rapidspin\n>p1 move cosmicpower\n>p2 switch 4\n>p1 move nightshade terastallize\n>p2 move swordsdance\n>p1 move nightshade\n>p2 move sacredsword\n>p1 switch 5\n>p2 move sacredsword\n>p1 move drainingkiss\n>p2 move iciclecrash\n>p2 switch 4\n>p1 move mysticalfire\n>p2 move earthquake\n>p1 switch 3\n>p1 move surgingstrikes\n>p2 move earthquake\n>p2 switch 5\n>p1 move surgingstrikes\n>p2 move voltswitch\n>p2 switch 3\n>p1 switch 5\n>p1 move cosmicpower\n>p2 move heatcrash", "uploadtime": 1771193480, "views": 8, "formatid": "gen9randombattle", "rating": 1912, "private": 0, "password": null}