{"id": "gen9randombattle-2539958562", "format": "[Gen 9] Random Battle", "players": ["hnrysml", "poweroutage273"], "log": "|j|☆hnrysml\n|j|☆poweroutage273\n|t:|1771133498\n|gametype|singles\n|player|p1|hnrysml|birdkeeper-gen4dp|1976\n|player|p2|poweroutage273|malva|2107\n|gen|9\n|tier|[Gen 9] Random Battle\n|rated|\n|rule|Species Clause: Limit one of each Pokémon\n|rule|HP Percentage Mod: HP is shown in percentages\n|rule|Sleep Clause Mod: Limit one foe put to sleep\n|rule|Illusion Level Mod: Illusion disguises the Pokémon's true level\n|\n|t:|1771133498\n|teamsize|p1|6\n|teamsize|p2|6\n|start\n|switch|p1a: Golduck|Golduck, L90, M|290/290\n|switch|p2a: Darkrai|Darkrai, L77|234/234\n|-ability|p1a: Golduck|Cloud Nine\n|turn|1\n|c|☆hnrysml|glhf\n|inactive|Battle timer is ON: inactive players will automatically lose when time's up. (requested by hnrysml)\n|inactive|poweroutage273 has 120 seconds left.\n|\n|t:|1771133544\n|move|p2a: Darkrai|Nasty Plot|p2a: Darkrai\n|-boost|p2a: Darkrai|spa|2\n|move|p1a: Golduck|Hydro Pump|p2a: Darkrai|[miss]\n|-miss|p1a: Golduck|p2a: Darkrai\n|\n|upkeep\n|turn|2\n|inactive|hnrysml has 120 seconds left.\n|\n|t:|1771133581\n|move|p2a: Darkrai|Dark Pulse|p1a: Golduck\n|-damage|p1a: Golduck|94/290\n|cant|p1a: Golduck|flinch\n|\n|-heal|p1a: Golduck|112/290|[from] item: Leftovers\n|upkeep\n|turn|3\n|\n|t:|1771133589\n|move|p2a: Darkrai|Dark Pulse|p1a: Golduck\n|-damage|p1a: Golduck|0 fnt\n|faint|p1a: Golduck\n|\n|upkeep\n|\n|t:|1771133595\n|switch|p1a: Urshifu|Urshifu, L74, M|270/270\n|turn|4\n|\n|t:|1771133602\n|-terastallize|p2a: Darkrai|Poison\n|move|p1a: Urshifu|Close Combat|p2a: Darkrai\n|-resisted|p2a: Darkrai\n|-damage|p2a: Darkrai|173/234\n|-unboost|p1a: Urshifu|def|1\n|-unboost|p1a: Urshifu|spd|1\n|move|p2a: Darkrai|Sludge Bomb|p1a: Urshifu\n|-damage|p1a: Urshifu|0 fnt\n|faint|p1a: Urshifu\n|\n|-heal|p2a: Darkrai|187/234|[from] item: Leftovers\n|upkeep\n|\n|t:|1771133613\n|switch|p1a: Furret|Furret, L94, F|312/312\n|-item|p2a: Darkrai|Leftovers|[from] ability: Frisk|[of] p1a: Furret\n|turn|5\n|\n|t:|1771133619\n|switch|p2a: Rhydon|Rhydon, L85, M|317/317\n|move|p1a: Furret|Double-Edge|p2a: Rhydon\n|-resisted|p2a: Rhydon\n|-damage|p2a: Rhydon|270/317\n|-damage|p1a: Furret|296/312|[from] Recoil\n|\n|upkeep\n|turn|6\n|\n|t:|1771133622\n|switch|p1a: Amoonguss|Amoonguss, L82, M|321/321\n|move|p2a: Rhydon|Earthquake|p1a: Amoonguss\n|-damage|p1a: Amoonguss|146/321\n|\n|-heal|p1a: Amoonguss|166/321|[from] item: Leftovers\n|upkeep\n|turn|7\n|\n|t:|1771133640\n|switch|p2a: Trevenant|Trevenant, L89, M|296/296\n|switch|p1a: Bombirdier|Bombirdier, L85, F|258/258\n|\n|upkeep\n|turn|8\n|inactive|hnrysml has 120 seconds left.\n|inactive|hnrysml has 90 seconds left.\n|\n|t:|1771133702\n|switch|p2a: Rhydon|Rhydon, L85, M|270/317\n|move|p1a: Bombirdier|Knock Off|p2a: Rhydon\n|-damage|p2a: Rhydon|189/317\n|-enditem|p2a: Rhydon|Eviolite|[from] move: Knock Off|[of] p1a: Bombirdier\n|\n|upkeep\n|turn|9\n|\n|t:|1771133705\n|switch|p1a: Amoonguss|Amoonguss, L82, M|273/321\n|move|p2a: Rhydon|Stealth Rock|p1a: Amoonguss\n|-sidestart|p1: hnrysml|move: Stealth Rock\n|\n|-heal|p1a: Amoonguss|293/321|[from] item: Leftovers\n|upkeep\n|turn|10\n|\n|t:|1771133711\n|switch|p2a: Trevenant|Trevenant, L89, M|296/296\n|move|p1a: Amoonguss|Spore|p2a: Trevenant\n|-immune|p2a: Trevenant\n|\n|-heal|p1a: Amoonguss|313/321|[from] item: Leftovers\n|upkeep\n|turn|11\n|\n|t:|1771133714\n|move|p2a: Trevenant|Poltergeist|p1a: Amoonguss\n|-activate|p1a: Amoonguss|move: Poltergeist|Leftovers\n|-damage|p1a: Amoonguss|153/321\n|move|p1a: Amoonguss|Toxic|p2a: Trevenant\n|-status|p2a: Trevenant|tox\n|\n|-heal|p1a: Amoonguss|173/321|[from] item: Leftovers\n|-damage|p2a: Trevenant|278/296 tox|[from] psn\n|upkeep\n|turn|12\n|\n|t:|1771133719\n|switch|p1a: Furret|Furret, L94, F|296/312\n|-damage|p1a: Furret|257/312|[from] Stealth Rock\n|-item|p2a: Trevenant|Sitrus Berry|[from] ability: Frisk|[of] p1a: Furret\n|move|p2a: Trevenant|Poltergeist|p1a: Furret\n|-immune|p1a: Furret\n|\n|-damage|p2a: Trevenant|242/296 tox|[from] psn\n|upkeep\n|turn|13\n|\n|t:|1771133723\n|move|p1a: Furret|U-turn|p2a: Trevenant\n|-damage|p2a: Trevenant|162/296 tox\n|\n|t:|1771133725\n|switch|p1a: Amoonguss|Amoonguss, L82, M|280/321|[from] U-turn\n|-damage|p1a: Amoonguss|240/321|[from] Stealth Rock\n|move|p2a: Trevenant|Drain Punch|p1a: Amoonguss\n|-resisted|p1a: Amoonguss\n|-damage|p1a: Amoonguss|202/321\n|-heal|p2a: Trevenant|181/296 tox|[from] drain|[of] p1a: Amoonguss\n|\n|-heal|p1a: Amoonguss|222/321|[from] item: Leftovers\n|-damage|p2a: Trevenant|127/296 tox|[from] psn\n|upkeep\n|-enditem|p2a: Trevenant|Sitrus Berry|[eat]\n|-heal|p2a: Trevenant|201/296 tox|[from] item: Sitrus Berry\n|turn|14\n|\n|t:|1771133728\n|switch|p1a: Furret|Furret, L94, F|257/312\n|-damage|p1a: Furret|218/312|[from] Stealth Rock\n|move|p2a: Trevenant|Poltergeist|p1a: Furret\n|-immune|p1a: Furret\n|\n|-damage|p2a: Trevenant|129/296 tox|[from] psn\n|upkeep\n|turn|15\n|\n|t:|1771133731\n|move|p1a: Furret|Knock Off|p2a: Trevenant\n|-supereffective|p2a: Trevenant\n|-damage|p2a: Trevenant|0 fnt\n|faint|p2a: Trevenant\n|\n|upkeep\n|\n|t:|1771133734\n|switch|p2a: Rhydon|Rhydon, L85, M|189/317\n|turn|16\n|\n|t:|1771133740\n|switch|p1a: Bombirdier|Bombirdier, L85, F|258/258\n|-damage|p1a: Bombirdier|194/258|[from] Stealth Rock\n|move|p2a: Rhydon|Earthquake|p1a: Bombirdier\n|-immune|p1a: Bombirdier\n|\n|upkeep\n|turn|17\n|\n|t:|1771133744\n|switch|p1a: Amoonguss|Amoonguss, L82, M|321/321\n|-damage|p1a: Amoonguss|281/321|[from] Stealth Rock\n|move|p2a: Rhydon|Stone Edge|p1a: Amoonguss\n|-damage|p1a: Amoonguss|121/321\n|\n|-heal|p1a: Amoonguss|141/321|[from] item: Leftovers\n|upkeep\n|turn|18\n|\n|t:|1771133747\n|move|p2a: Rhydon|Earthquake|p1a: Amoonguss\n|-damage|p1a: Amoonguss|0 fnt\n|faint|p1a: Amoonguss\n|\n|upkeep\n|\n|t:|1771133750\n|switch|p1a: Perrserker|Perrserker, L89, M|269/269\n|-damage|p1a: Perrserker|253/269|[from] Stealth Rock\n|turn|19\n|\n|t:|1771133752\n|move|p1a: Perrserker|Iron Head|p2a: Rhydon\n|-supereffective|p2a: Rhydon\n|-damage|p2a: Rhydon|0 fnt\n|faint|p2a: Rhydon\n|\n|upkeep\n|\n|t:|1771133762\n|switch|p2a: Bisharp|Bisharp, L79, M|232/232\n|turn|20\n|\n|t:|1771133766\n|switch|p1a: Furret|Furret, L94, F|218/312\n|-damage|p1a: Furret|179/312|[from] Stealth Rock\n|-item|p2a: Bisharp|Eviolite|[from] ability: Frisk|[of] p1a: Furret\n|move|p2a: Bisharp|Swords Dance|p2a: Bisharp\n|-boost|p2a: Bisharp|atk|2\n|\n|upkeep\n|turn|21\n|\n|t:|1771133770\n|move|p2a: Bisharp|Sucker Punch||[still]\n|-fail|p2a: Bisharp\n|move|p1a: Furret|Trick|p2a: Bisharp\n|-activate|p1a: Furret|move: Trick|[of] p2a: Bisharp\n|-item|p2a: Bisharp|Choice Band|[from] move: Trick\n|-item|p1a: Furret|Eviolite|[from] move: Trick\n|\n|upkeep\n|turn|22\n|\n|t:|1771133776\n|move|p1a: Furret|Double-Edge|p2a: Bisharp\n|-resisted|p2a: Bisharp\n|-damage|p2a: Bisharp|170/232\n|-damage|p1a: Furret|159/312|[from] Recoil\n|move|p2a: Bisharp|Throat Chop|p1a: Furret\n|-crit|p1a: Furret\n|-damage|p1a: Furret|0 fnt\n|faint|p1a: Furret\n|\n|upkeep\n|\n|t:|1771133779\n|switch|p1a: Perrserker|Perrserker, L89, M|253/269\n|-damage|p1a: Perrserker|237/269|[from] Stealth Rock\n|turn|23\n|\n|t:|1771133780\n|move|p2a: Bisharp|Throat Chop|p1a: Perrserker\n|-damage|p1a: Perrserker|0 fnt\n|faint|p1a: Perrserker\n|\n|upkeep\n|\n|t:|1771133783\n|switch|p1a: Bombirdier|Bombirdier, L85, F|194/258\n|-damage|p1a: Bombirdier|130/258|[from] Stealth Rock\n|turn|24\n|\n|t:|1771133787\n|move|p1a: Bombirdier|Knock Off|p2a: Bisharp\n|-resisted|p2a: Bisharp\n|-damage|p2a: Bisharp|94/232\n|-enditem|p2a: Bisharp|Choice Band|[from] move: Knock Off|[of] p1a: Bombirdier\n|move|p2a: Bisharp|Throat Chop|p1a: Bombirdier\n|-resisted|p1a: Bombirdier\n|-damage|p1a: Bombirdier|43/258\n|-start|p1a: Bombirdier|Throat Chop|[silent]\n|\n|upkeep\n|turn|25\n|\n|t:|1771133789\n|move|p1a: Bombirdier|Knock Off|p2a: Bisharp\n|-resisted|p2a: Bisharp\n|-damage|p2a: Bisharp|41/232\n|move|p2a: Bisharp|Throat Chop|p1a: Bombirdier\n|-resisted|p1a: Bombirdier\n|-damage|p1a: Bombirdier|0 fnt\n|faint|p1a: Bombirdier\n|\n|win|poweroutage273\n|raw|hnrysml's rating: 1976 &rarr; <strong>1963</strong><br />(-13 for losing)\n|raw|poweroutage273's rating: 2107 &rarr; <strong>2120</strong><br />(+13 for winning)\n|l|☆hnrysml\n|player|p1|\n|c|☆poweroutage273|ggs\n", "inputlog": ">version 686819e5e19f8a7fd2345cfc5a08a5085efa2cc3\n>start {\"formatid\":\"gen9randombattle\",\"seed\":\"sodium,fd5aae854e21e41e2eb59fcaeb0ec796\",\"rated\":\"Rated battle\"}\n>player p1 {\"name\":\"hnrysml\",\"avatar\":\"birdkeeper-gen4dp\",\"rating\":1976,\"seed\":\"sodium,d1745511316d262f2c692fba4825804a\"}\n>player p2 {\"name\":\"poweroutage273\",\"avatar\":\"malva\",\"rating\":2107,\"seed\":\"sodium,20cfff35abbacc4a99ddab885b3c7029\"}\n>chat ☆hnrysml|glhf\n>p1 move hydropump\n>p2 move nastyplot\n>p1 move hydropump\n>p2 move darkpulse\n>p1 move hydropump\n>p2 move darkpulse\n>p1 switch 4\n>p1 move closecombat\n>p2 move sludgebomb terastallize\n>p1 switch 6\n>p1 move doubleedge\n>p2 switch 4\n>p1 switch 3\n>p2 move earthquake\n>p1 switch 2\n>p2 switch 3\n>p1 move knockoff\n>p2 switch 3\n>p1 switch 2\n>p2 move stealthrock\n>p1 move spore\n>p2 switch 3\n>p1 move toxic\n>p2 move poltergeist\n>p1 switch 3\n>p2 move poltergeist\n>p1 move uturn\n>p2 move drainpunch\n>p1 switch 3\n>p1 switch 3\n>p2 move poltergeist\n>p1 move knockoff\n>p2 move drainpunch\n>p2 switch 3\n>p1 switch 2\n>p2 move earthquake\n>p1 switch 3\n>p2 move stoneedge\n>p1 move gigadrain\n>p2 move earthquake\n>p1 switch 5\n>p1 move ironhead\n>p2 move earthquake\n>p2 switch 6\n>p1 switch 2\n>p2 move swordsdance\n>p1 move trick\n>p2 move suckerpunch\n>p1 move doubleedge\n>p2 move throatchop\n>p1 switch 2\n>p1 move closecombat\n>p2 move throatchop\n>p1 switch 3\n>p1 move knockoff\n>p2 move throatchop\n>p1 move knockoff\n>p2 move throatchop", "uploadtime": 1771133798, "views": 16, "formatid": "gen9randombattle", "rating": 1963, "private": 0, "password": null}