{"id": "gen9randombattle-2540672171", "format": "[Gen 9] Random Battle", "players": ["M4teo010101", "Sry4BadImDrunk"], "log": "|j|☆M4teo010101\n|j|☆Sry4BadImDrunk\n|t:|1771237855\n|gametype|singles\n|player|p1|M4teo010101|sycamore-masters|1694\n|player|p2|Sry4BadImDrunk|169|1737\n|gen|9\n|tier|[Gen 9] Random Battle\n|rated|\n|rule|Species Clause: Limit one of each Pokémon\n|rule|HP Percentage Mod: HP is shown in percentages\n|rule|Sleep Clause Mod: Limit one foe put to sleep\n|rule|Illusion Level Mod: Illusion disguises the Pokémon's true level\n|\n|t:|1771237855\n|teamsize|p1|6\n|teamsize|p2|6\n|start\n|switch|p1a: Wyrdeer|Wyrdeer, L87, F|321/321\n|switch|p2a: Mamoswine|Mamoswine, L81, F|311/311\n|-ability|p1a: Wyrdeer|Intimidate|boost\n|-unboost|p2a: Mamoswine|atk|1\n|turn|1\n|inactive|Battle timer is ON: inactive players will automatically lose when time's up. (requested by Sry4BadImDrunk)\n|c|☆M4teo010101|hf\n|inactive|M4teo010101 also wants the timer to be on.\n|inactive|Sry4BadImDrunk has 120 seconds left.\n|\n|t:|1771237899\n|move|p2a: Mamoswine|Stealth Rock|p1a: Wyrdeer\n|-sidestart|p1: M4teo010101|move: Stealth Rock\n|move|p1a: Wyrdeer|Body Slam|p2a: Mamoswine\n|-damage|p2a: Mamoswine|190/311\n|\n|upkeep\n|turn|2\n|\n|t:|1771237921\n|switch|p2a: Forretress|Forretress, L84, M|263/263\n|move|p1a: Wyrdeer|Body Slam|p2a: Forretress\n|-resisted|p2a: Forretress\n|-damage|p2a: Forretress|230/263\n|\n|-heal|p2a: Forretress|246/263|[from] item: Leftovers\n|upkeep\n|turn|3\n|\n|t:|1771237925\n|switch|p1a: Cramorant|Cramorant, L86, M|261/261\n|move|p2a: Forretress|Spikes|p1a: Cramorant\n|-sidestart|p1: M4teo010101|Spikes\n|\n|-heal|p2a: Forretress|262/263|[from] item: Leftovers\n|upkeep\n|turn|4\n|inactive|Sry4BadImDrunk has 120 seconds left.\n|\n|t:|1771237961\n|switch|p2a: Diancie|Diancie, L82|216/216\n|move|p1a: Cramorant|Defog|p2a: Diancie\n|-fail|p2a: Diancie|unboost|[from] ability: Clear Body|[of] p2a: Diancie\n|-sideend|p1: M4teo010101|Spikes|[from] move: Defog|[of] p1a: Cramorant\n|-sideend|p1: M4teo010101|Stealth Rock|[from] move: Defog|[of] p1a: Cramorant\n|\n|upkeep\n|turn|5\n|\n|t:|1771237964\n|move|p1a: Cramorant|Surf|p2a: Diancie\n|-formechange|p1a: Cramorant|Cramorant-Gulping|\n|-supereffective|p2a: Diancie\n|-damage|p2a: Diancie|130/216\n|move|p2a: Diancie|Diamond Storm|p1a: Cramorant\n|-supereffective|p1a: Cramorant\n|-damage|p1a: Cramorant|3/261\n|-boost|p2a: Diancie|def|2\n|-damage|p2a: Diancie|76/216|[from] ability: Gulp Missile|[of] p1a: Cramorant\n|-fail|p2a: Diancie|unboost|[from] ability: Clear Body|[of] p2a: Diancie\n|-formechange|p1a: Cramorant|Cramorant|\n|\n|upkeep\n|turn|6\n|inactive|Sry4BadImDrunk has 120 seconds left.\n|\n|t:|1771237983\n|move|p1a: Cramorant|Surf|p2a: Diancie\n|-formechange|p1a: Cramorant|Cramorant-Gorging|\n|-supereffective|p2a: Diancie\n|-damage|p2a: Diancie|0 fnt\n|faint|p2a: Diancie\n|\n|upkeep\n|\n|t:|1771237986\n|switch|p2a: Mamoswine|Mamoswine, L81, F|190/311\n|turn|7\n|\n|t:|1771237988\n|move|p2a: Mamoswine|Ice Shard|p1a: Cramorant\n|-damage|p1a: Cramorant|0 fnt\n|-damage|p2a: Mamoswine|113/311|[from] ability: Gulp Missile|[of] p1a: Cramorant\n|-status|p2a: Mamoswine|par\n|-formechange|p1a: Cramorant|Cramorant|\n|faint|p1a: Cramorant\n|-damage|p2a: Mamoswine|82/311 par|[from] item: Life Orb\n|\n|upkeep\n|\n|t:|1771237989\n|switch|p1a: Flareon|Flareon, L90, M|263/263\n|turn|8\n|\n|t:|1771238007\n|move|p1a: Flareon|Trailblaze|p2a: Mamoswine\n|-supereffective|p2a: Mamoswine\n|-damage|p2a: Mamoswine|0 fnt\n|-boost|p1a: Flareon|spe|1\n|faint|p2a: Mamoswine\n|\n|-status|p1a: Flareon|tox|[from] item: Toxic Orb\n|upkeep\n|inactive|Sry4BadImDrunk has 120 seconds left.\n|\n|t:|1771238052\n|switch|p2a: Probopass|Probopass, L91, F|257/257\n|turn|9\n|\n|t:|1771238060\n|move|p1a: Flareon|Flare Blitz|p2a: Probopass\n|-damage|p2a: Probopass|70/257\n|-damage|p1a: Flareon|201/263 tox|[from] Recoil\n|move|p2a: Probopass|Iron Defense|p2a: Probopass\n|-boost|p2a: Probopass|def|2\n|\n|-heal|p2a: Probopass|86/257|[from] item: Leftovers\n|-damage|p1a: Flareon|185/263 tox|[from] psn\n|upkeep\n|turn|10\n|\n|t:|1771238071\n|move|p1a: Flareon|Flare Blitz|p2a: Probopass\n|-damage|p2a: Probopass|0 fnt\n|faint|p2a: Probopass\n|-damage|p1a: Flareon|157/263 tox|[from] Recoil\n|\n|-damage|p1a: Flareon|125/263 tox|[from] psn\n|upkeep\n|\n|t:|1771238075\n|switch|p2a: Primarina|Primarina, L83, M|268/268\n|turn|11\n|\n|t:|1771238079\n|move|p1a: Flareon|Facade|p2a: Primarina\n|-damage|p2a: Primarina|39/268\n|move|p2a: Primarina|Psychic Noise|p1a: Flareon\n|-supereffective|p1a: Flareon\n|-damage|p1a: Flareon|0 fnt\n|faint|p1a: Flareon\n|\n|-heal|p2a: Primarina|55/268|[from] item: Leftovers\n|upkeep\n|\n|t:|1771238080\n|switch|p1a: Furret|Furret, L94, M|312/312\n|-item|p2a: Primarina|Leftovers|[from] ability: Frisk|[of] p1a: Furret\n|turn|12\n|\n|t:|1771238083\n|move|p1a: Furret|Knock Off|p2a: Primarina\n|-resisted|p2a: Primarina\n|-damage|p2a: Primarina|0 fnt\n|-enditem|p2a: Primarina|Leftovers|[from] move: Knock Off|[of] p1a: Furret\n|faint|p2a: Primarina\n|\n|upkeep\n|\n|t:|1771238086\n|switch|p2a: Forretress|Forretress, L84, M|262/263\n|turn|13\n|\n|t:|1771238089\n|move|p1a: Furret|Knock Off|p2a: Forretress\n|-damage|p2a: Forretress|186/263\n|-enditem|p2a: Forretress|Leftovers|[from] move: Knock Off|[of] p1a: Furret\n|move|p2a: Forretress|Body Press|p1a: Furret\n|-supereffective|p1a: Furret\n|-damage|p1a: Furret|146/312\n|\n|upkeep\n|turn|14\n|\n|t:|1771238096\n|switch|p1a: Kingdra|Kingdra, L84, F|263/263\n|move|p2a: Forretress|Body Press|p1a: Kingdra\n|-damage|p1a: Kingdra|191/263\n|\n|upkeep\n|turn|15\n|\n|t:|1771238104\n|switch|p2a: Haxorus|Haxorus, L77, M|244/244\n|-ability|p2a: Haxorus|Mold Breaker\n|move|p1a: Kingdra|Dragon Dance|p1a: Kingdra\n|-boost|p1a: Kingdra|atk|1\n|-boost|p1a: Kingdra|spe|1\n|\n|upkeep\n|turn|16\n|\n|t:|1771238107\n|-terastallize|p2a: Haxorus|Steel\n|move|p1a: Kingdra|Outrage|p2a: Haxorus\n|-resisted|p2a: Haxorus\n|-damage|p2a: Haxorus|152/244\n|move|p2a: Haxorus|Dragon Dance|p2a: Haxorus\n|-boost|p2a: Haxorus|atk|1\n|-boost|p2a: Haxorus|spe|1\n|\n|upkeep\n|turn|17\n|\n|t:|1771238115\n|move|p2a: Haxorus|Outrage|p1a: Kingdra\n|-supereffective|p1a: Kingdra\n|-damage|p1a: Kingdra|0 fnt\n|faint|p1a: Kingdra\n|\n|upkeep\n|\n|t:|1771238116\n|switch|p1a: Lycanroc|Lycanroc-Midnight, L89, M|296/296\n|turn|18\n|\n|t:|1771238118\n|move|p2a: Haxorus|Outrage|p1a: Lycanroc|[from] lockedmove\n|-damage|p1a: Lycanroc|68/296\n|-start|p2a: Haxorus|confusion|[fatigue]\n|-enditem|p2a: Haxorus|Lum Berry|[eat]\n|-end|p2a: Haxorus|confusion\n|move|p1a: Lycanroc|Close Combat|p2a: Haxorus\n|-supereffective|p2a: Haxorus\n|-damage|p2a: Haxorus|0 fnt\n|-unboost|p1a: Lycanroc|def|1\n|-unboost|p1a: Lycanroc|spd|1\n|faint|p2a: Haxorus\n|-damage|p1a: Lycanroc|39/296|[from] item: Life Orb\n|\n|upkeep\n|\n|t:|1771238122\n|switch|p2a: Forretress|Forretress, L84, M|186/263\n|turn|19\n|\n|t:|1771238124\n|move|p1a: Lycanroc|Stone Edge|p2a: Forretress\n|-damage|p2a: Forretress|57/263\n|-damage|p1a: Lycanroc|10/296|[from] item: Life Orb\n|move|p2a: Forretress|Body Press|p1a: Lycanroc\n|-supereffective|p1a: Lycanroc\n|-damage|p1a: Lycanroc|0 fnt\n|faint|p1a: Lycanroc\n|\n|upkeep\n|\n|t:|1771238125\n|switch|p1a: Furret|Furret, L94, M|146/312\n|turn|20\n|\n|t:|1771238127\n|move|p1a: Furret|Double-Edge|p2a: Forretress\n|-resisted|p2a: Forretress\n|-damage|p2a: Forretress|0 fnt\n|faint|p2a: Forretress\n|-damage|p1a: Furret|127/312|[from] Recoil\n|\n|win|M4teo010101\n|raw|M4teo010101's rating: 1694 &rarr; <strong>1716</strong><br />(+22 for winning)\n|raw|Sry4BadImDrunk's rating: 1737 &rarr; <strong>1715</strong><br />(-22 for losing)\n|c|☆M4teo010101|gg\n", "inputlog": ">version 686819e5e19f8a7fd2345cfc5a08a5085efa2cc3\n>start {\"formatid\":\"gen9randombattle\",\"seed\":\"sodium,4fbaf4bdd56590c2c2386f399ef20ccf\",\"rated\":\"Rated battle\"}\n>player p1 {\"name\":\"M4teo010101\",\"avatar\":\"sycamore-masters\",\"rating\":1694,\"seed\":\"sodium,f700a5bbdd5e6275f3f764e9d91c52a8\"}\n>player p2 {\"name\":\"Sry4BadImDrunk\",\"avatar\":\"169\",\"rating\":1737,\"seed\":\"sodium,e52f0cea042d63fcefc5603c4b154859\"}\n>chat ☆M4teo010101|hf\n>p1 move bodyslam\n>p2 move stealthrock\n>p1 move bodyslam\n>p2 switch 3\n>p1 switch 2\n>p2 move spikes\n>p1 move defog\n>p2 switch 6\n>p1 move surf\n>p2 move diamondstorm\n>p1 move surf\n>p2 move diamondstorm\n>p2 switch 3\n>p1 move surf\n>p2 move iceshard\n>p1 switch 6\n>p1 move trailblaze\n>p2 move earthquake\n>p2 switch 4\n>p1 move flareblitz\n>p2 move irondefense\n>p1 move flareblitz\n>p2 move bodypress\n>p2 switch 5\n>p1 move facade\n>p2 move psychicnoise\n>p1 switch 5\n>p1 move knockoff\n>p2 move psychicnoise\n>p2 switch 6\n>p1 move knockoff\n>p2 move bodypress\n>p1 switch 3\n>p2 move bodypress\n>p1 move dragondance\n>p2 switch 2\n>p1 move outrage\n>p2 move dragondance terastallize\n>p1 move outrage\n>p2 move outrage\n>p1 switch 4\n>p1 move closecombat\n>p2 move outrage\n>p2 switch 2\n>p1 move stoneedge\n>p2 move bodypress\n>p1 switch 3\n>p1 move doubleedge\n>p2 move bodypress", "uploadtime": 1771238128, "views": 10, "formatid": "gen9randombattle", "rating": 1715, "private": 0, "password": null}