{"id": "gen9randombattle-2539988414", "format": "[Gen 9] Random Battle", "players": ["ggg241", "Gay4TheEgg"], "log": "|j|☆ggg241\n|j|☆Gay4TheEgg\n|t:|1771139243\n|gametype|singles\n|player|p1|ggg241|102|1742\n|player|p2|Gay4TheEgg|will|1780\n|gen|9\n|tier|[Gen 9] Random Battle\n|rated|\n|rule|Species Clause: Limit one of each Pokémon\n|rule|HP Percentage Mod: HP is shown in percentages\n|rule|Sleep Clause Mod: Limit one foe put to sleep\n|rule|Illusion Level Mod: Illusion disguises the Pokémon's true level\n|\n|t:|1771139243\n|teamsize|p1|6\n|teamsize|p2|6\n|start\n|switch|p1a: Luvdisc|Luvdisc, M|247/247\n|switch|p2a: Victreebel|Victreebel, L90, M|290/290\n|turn|1\n|inactive|Battle timer is ON: inactive players will automatically lose when time's up. (requested by Gay4TheEgg)\n|\n|t:|1771139267\n|switch|p1a: Gothitelle|Gothitelle, L90, F|272/272\n|move|p2a: Victreebel|Poison Jab|p1a: Gothitelle\n|-damage|p1a: Gothitelle|159/272\n|-damage|p2a: Victreebel|261/290|[from] item: Life Orb\n|\n|-heal|p1a: Gothitelle|176/272|[from] item: Leftovers\n|upkeep\n|turn|2\n|\n|t:|1771139272\n|move|p2a: Victreebel|Sucker Punch|p1a: Gothitelle\n|-supereffective|p1a: Gothitelle\n|-damage|p1a: Gothitelle|23/272\n|-damage|p2a: Victreebel|232/290|[from] item: Life Orb\n|move|p1a: Gothitelle|Psychic Noise|p2a: Victreebel\n|-supereffective|p2a: Victreebel\n|-crit|p2a: Victreebel\n|-damage|p2a: Victreebel|0 fnt\n|faint|p2a: Victreebel\n|\n|-heal|p1a: Gothitelle|40/272|[from] item: Leftovers\n|upkeep\n|\n|t:|1771139291\n|switch|p2a: Oricorio|Oricorio, L84, M|263/263\n|turn|3\n|\n|t:|1771139300\n|move|p2a: Oricorio|Revelation Dance|p1a: Gothitelle\n|-damage|p1a: Gothitelle|0 fnt\n|faint|p1a: Gothitelle\n|\n|upkeep\n|\n|t:|1771139304\n|switch|p1a: Tatsugiri|Tatsugiri, L87, F|260/260\n|turn|4\n|\n|t:|1771139312\n|switch|p2a: Swampert|Swampert, L83, M|302/302\n|move|p1a: Tatsugiri|Surf|p2a: Swampert\n|-damage|p2a: Swampert|182/302\n|\n|-heal|p2a: Swampert|200/302|[from] item: Leftovers\n|upkeep\n|turn|5\n|\n|t:|1771139316\n|move|p1a: Tatsugiri|Nasty Plot|p1a: Tatsugiri\n|-boost|p1a: Tatsugiri|spa|2\n|move|p2a: Swampert|Roar|p1a: Tatsugiri\n|drag|p1a: Heatran|Heatran, L79, M|273/273\n|-item|p1a: Heatran|Air Balloon\n|\n|-heal|p2a: Swampert|218/302|[from] item: Leftovers\n|upkeep\n|turn|6\n|\n|t:|1771139323\n|move|p1a: Heatran|Stealth Rock|p2a: Swampert\n|-sidestart|p2: Gay4TheEgg|move: Stealth Rock\n|move|p2a: Swampert|Flip Turn|p1a: Heatran\n|-supereffective|p1a: Heatran\n|-damage|p1a: Heatran|141/273\n|-enditem|p1a: Heatran|Air Balloon\n|\n|t:|1771139330\n|switch|p2a: Bruxish|Bruxish, L85, M|254/254|[from] Flip Turn\n|-damage|p2a: Bruxish|223/254|[from] Stealth Rock\n|\n|upkeep\n|turn|7\n|inactive|ggg241 has 120 seconds left.\n|\n|t:|1771139386\n|move|p2a: Bruxish|Psychic Fangs|p1a: Heatran\n|-resisted|p1a: Heatran\n|-damage|p1a: Heatran|69/273\n|move|p1a: Heatran|Lava Plume|p2a: Bruxish\n|-resisted|p2a: Bruxish\n|-damage|p2a: Bruxish|169/254\n|\n|upkeep\n|turn|8\n|\n|t:|1771139392\n|move|p2a: Bruxish|Psychic Fangs|p1a: Heatran\n|-resisted|p1a: Heatran\n|-damage|p1a: Heatran|6/273\n|move|p1a: Heatran|Earth Power|p2a: Bruxish\n|-damage|p2a: Bruxish|90/254\n|\n|upkeep\n|turn|9\n|\n|t:|1771139398\n|move|p2a: Bruxish|Psychic Fangs|p1a: Heatran\n|-resisted|p1a: Heatran\n|-damage|p1a: Heatran|0 fnt\n|faint|p1a: Heatran\n|\n|upkeep\n|\n|t:|1771139404\n|switch|p1a: Luvdisc|Luvdisc, M|247/247\n|turn|10\n|\n|t:|1771139410\n|switch|p2a: Ariados|Ariados, L95, M|287/287\n|move|p1a: Luvdisc|Surf|p2a: Ariados\n|-damage|p2a: Ariados|215/287\n|\n|upkeep\n|turn|11\n|\n|t:|1771139417\n|switch|p1a: Tatsugiri|Tatsugiri, L87, F|260/260\n|move|p2a: Ariados|Poison Jab|p1a: Tatsugiri\n|-damage|p1a: Tatsugiri|134/260\n|\n|upkeep\n|turn|12\n|\n|t:|1771139422\n|move|p1a: Tatsugiri|Surf|p2a: Ariados\n|-damage|p2a: Ariados|97/287\n|move|p2a: Ariados|Megahorn|p1a: Tatsugiri\n|-damage|p1a: Tatsugiri|0 fnt\n|faint|p1a: Tatsugiri\n|\n|upkeep\n|\n|t:|1771139427\n|switch|p1a: Arceus|Arceus-Ghost, L69|280/280\n|turn|13\n|\n|t:|1771139432\n|move|p1a: Arceus|Calm Mind|p1a: Arceus\n|-boost|p1a: Arceus|spa|1\n|-boost|p1a: Arceus|spd|1\n|move|p2a: Ariados|Sticky Web|p1a: Arceus\n|-sidestart|p1: ggg241|move: Sticky Web\n|\n|upkeep\n|turn|14\n|\n|t:|1771139439\n|switch|p2a: Comfey|Comfey, L85, F|225/225\n|-damage|p2a: Comfey|197/225|[from] Stealth Rock\n|move|p1a: Arceus|Judgment|p2a: Comfey\n|-damage|p2a: Comfey|71/225\n|\n|-heal|p2a: Comfey|85/225|[from] item: Leftovers\n|upkeep\n|turn|15\n|\n|t:|1771139446\n|switch|p2a: Ariados|Ariados, L95, M|97/287\n|move|p1a: Arceus|Judgment|p2a: Ariados\n|-damage|p2a: Ariados|0 fnt\n|faint|p2a: Ariados\n|\n|upkeep\n|\n|t:|1771139450\n|switch|p2a: Bruxish|Bruxish, L85, M|90/254\n|-damage|p2a: Bruxish|59/254|[from] Stealth Rock\n|turn|16\n|\n|t:|1771139469\n|move|p2a: Bruxish|Wave Crash|p1a: Arceus\n|-damage|p1a: Arceus|138/280\n|-damage|p2a: Bruxish|12/254|[from] Recoil\n|move|p1a: Arceus|Judgment|p2a: Bruxish\n|-supereffective|p2a: Bruxish\n|-damage|p2a: Bruxish|0 fnt\n|faint|p2a: Bruxish\n|\n|upkeep\n|\n|t:|1771139475\n|switch|p2a: Swampert|Swampert, L83, M|218/302\n|-damage|p2a: Swampert|200/302|[from] Stealth Rock\n|turn|17\n|\n|t:|1771139479\n|move|p1a: Arceus|Judgment|p2a: Swampert\n|-damage|p2a: Swampert|53/302\n|move|p2a: Swampert|Roar|p1a: Arceus\n|drag|p1a: Giratina|Giratina-Origin, L72|335/335\n|\n|-heal|p2a: Swampert|71/302|[from] item: Leftovers\n|upkeep\n|turn|18\n|\n|t:|1771139495\n|move|p2a: Swampert|Knock Off|p1a: Giratina\n|-supereffective|p1a: Giratina\n|-damage|p1a: Giratina|237/335\n|move|p1a: Giratina|Dragon Tail|p2a: Swampert\n|-damage|p2a: Swampert|7/302\n|drag|p2a: Comfey|Comfey, L85, F|85/225\n|-damage|p2a: Comfey|57/225|[from] Stealth Rock\n|\n|-heal|p2a: Comfey|71/225|[from] item: Leftovers\n|upkeep\n|turn|19\n|\n|t:|1771139499\n|move|p2a: Comfey|Encore|p1a: Giratina\n|-start|p1a: Giratina|Encore\n|move|p1a: Giratina|Dragon Tail|p2a: Comfey\n|-immune|p2a: Comfey\n|\n|-heal|p2a: Comfey|85/225|[from] item: Leftovers\n|upkeep\n|turn|20\n|\n|t:|1771139504\n|switch|p1a: Luvdisc|Luvdisc, M|247/247\n|move|p2a: Comfey|Calm Mind|p2a: Comfey\n|-boost|p2a: Comfey|spa|1\n|-boost|p2a: Comfey|spd|1\n|\n|-heal|p2a: Comfey|99/225|[from] item: Leftovers\n|upkeep\n|turn|21\n|\n|t:|1771139510\n|move|p2a: Comfey|Draining Kiss|p1a: Luvdisc\n|-damage|p1a: Luvdisc|166/247\n|-heal|p2a: Comfey|160/225|[from] drain|[of] p1a: Luvdisc\n|move|p1a: Luvdisc|Whirlpool|p2a: Comfey\n|-damage|p2a: Comfey|142/225\n|-activate|p2a: Comfey|move: Whirlpool|[of] p1a: Luvdisc\n|\n|-heal|p2a: Comfey|156/225|[from] item: Leftovers\n|-damage|p2a: Comfey|128/225|[from] move: Whirlpool|[partiallytrapped]\n|upkeep\n|turn|22\n|\n|t:|1771139519\n|move|p1a: Luvdisc|Endeavor|p2a: Comfey\n|-immune|p2a: Comfey\n|move|p2a: Comfey|Encore|p1a: Luvdisc\n|-start|p1a: Luvdisc|Encore\n|\n|-heal|p2a: Comfey|142/225|[from] item: Leftovers\n|-damage|p2a: Comfey|114/225|[from] move: Whirlpool|[partiallytrapped]\n|upkeep\n|turn|23\n|\n|t:|1771139524\n|move|p1a: Luvdisc|Endeavor|p2a: Comfey\n|-immune|p2a: Comfey\n|move|p2a: Comfey|Calm Mind|p2a: Comfey\n|-boost|p2a: Comfey|spa|1\n|-boost|p2a: Comfey|spd|1\n|\n|-heal|p2a: Comfey|128/225|[from] item: Leftovers\n|-damage|p2a: Comfey|100/225|[from] move: Whirlpool|[partiallytrapped]\n|upkeep\n|turn|24\n|\n|t:|1771139528\n|move|p1a: Luvdisc|Endeavor|p2a: Comfey\n|-immune|p2a: Comfey\n|move|p2a: Comfey|Calm Mind|p2a: Comfey\n|-boost|p2a: Comfey|spa|1\n|-boost|p2a: Comfey|spd|1\n|\n|-heal|p2a: Comfey|114/225|[from] item: Leftovers\n|-damage|p2a: Comfey|86/225|[from] move: Whirlpool|[partiallytrapped]\n|upkeep\n|turn|25\n|\n|t:|1771139531\n|move|p2a: Comfey|Draining Kiss|p1a: Luvdisc\n|-damage|p1a: Luvdisc|37/247\n|-heal|p2a: Comfey|183/225|[from] drain|[of] p1a: Luvdisc\n|move|p1a: Luvdisc|Endeavor|p2a: Comfey\n|-damage|p2a: Comfey|37/225\n|\n|-heal|p2a: Comfey|51/225|[from] item: Leftovers\n|-end|p2a: Comfey|Whirlpool|[partiallytrapped]\n|-end|p1a: Luvdisc|Encore\n|upkeep\n|turn|26\n|\n|t:|1771139538\n|move|p1a: Luvdisc|Whirlpool|p2a: Comfey\n|-damage|p2a: Comfey|41/225\n|-activate|p2a: Comfey|move: Whirlpool|[of] p1a: Luvdisc\n|move|p2a: Comfey|Calm Mind|p2a: Comfey\n|-boost|p2a: Comfey|spa|1\n|-boost|p2a: Comfey|spd|1\n|\n|-heal|p2a: Comfey|55/225|[from] item: Leftovers\n|-damage|p2a: Comfey|27/225|[from] move: Whirlpool|[partiallytrapped]\n|upkeep\n|turn|27\n|\n|t:|1771139541\n|move|p2a: Comfey|Draining Kiss|p1a: Luvdisc\n|-damage|p1a: Luvdisc|0 fnt\n|-heal|p2a: Comfey|55/225|[from] drain|[of] p1a: Luvdisc\n|faint|p1a: Luvdisc\n|\n|-heal|p2a: Comfey|69/225|[from] item: Leftovers\n|-end|p2a: Comfey|Whirlpool|[partiallytrapped]|[silent]\n|upkeep\n|\n|t:|1771139543\n|switch|p1a: Giratina|Giratina-Origin, L72|237/335\n|turn|28\n|\n|t:|1771139547\n|-terastallize|p1a: Giratina|Steel\n|move|p2a: Comfey|Draining Kiss|p1a: Giratina\n|-resisted|p1a: Giratina\n|-damage|p1a: Giratina|158/335\n|-heal|p2a: Comfey|128/225|[from] drain|[of] p1a: Giratina\n|move|p1a: Giratina|Poltergeist|p2a: Comfey\n|-activate|p2a: Comfey|move: Poltergeist|Leftovers\n|-damage|p2a: Comfey|13/225\n|\n|-heal|p2a: Comfey|27/225|[from] item: Leftovers\n|upkeep\n|turn|29\n|\n|t:|1771139556\n|move|p2a: Comfey|Draining Kiss|p1a: Giratina\n|-resisted|p1a: Giratina\n|-damage|p1a: Giratina|75/335\n|-heal|p2a: Comfey|89/225|[from] drain|[of] p1a: Giratina\n|move|p1a: Giratina|Poltergeist|p2a: Comfey\n|-activate|p2a: Comfey|move: Poltergeist|Leftovers\n|-damage|p2a: Comfey|0 fnt\n|faint|p2a: Comfey\n|\n|upkeep\n|\n|t:|1771139559\n|switch|p2a: Oricorio|Oricorio, L84, M|263/263\n|turn|30\n|\n|t:|1771139565\n|move|p2a: Oricorio|Revelation Dance|p1a: Giratina\n|-supereffective|p1a: Giratina\n|-crit|p1a: Giratina\n|-damage|p1a: Giratina|0 fnt\n|faint|p1a: Giratina\n|\n|upkeep\n|\n|t:|1771139567\n|switch|p1a: Arceus|Arceus-Ghost, L69|138/280\n|-activate|p1a: Arceus|move: Sticky Web\n|-unboost|p1a: Arceus|spe|1\n|turn|31\n|\n|t:|1771139571\n|move|p2a: Oricorio|Quiver Dance|p2a: Oricorio\n|-boost|p2a: Oricorio|spa|1\n|-boost|p2a: Oricorio|spd|1\n|-boost|p2a: Oricorio|spe|1\n|move|p1a: Arceus|Recover|p1a: Arceus\n|-heal|p1a: Arceus|278/280\n|\n|upkeep\n|turn|32\n|\n|t:|1771139573\n|move|p2a: Oricorio|Quiver Dance|p2a: Oricorio\n|-boost|p2a: Oricorio|spa|1\n|-boost|p2a: Oricorio|spd|1\n|-boost|p2a: Oricorio|spe|1\n|move|p1a: Arceus|Calm Mind|p1a: Arceus\n|-boost|p1a: Arceus|spa|1\n|-boost|p1a: Arceus|spd|1\n|\n|upkeep\n|turn|33\n|\n|t:|1771139575\n|move|p2a: Oricorio|Quiver Dance|p2a: Oricorio\n|-boost|p2a: Oricorio|spa|1\n|-boost|p2a: Oricorio|spd|1\n|-boost|p2a: Oricorio|spe|1\n|move|p1a: Arceus|Calm Mind|p1a: Arceus\n|-boost|p1a: Arceus|spa|1\n|-boost|p1a: Arceus|spd|1\n|\n|upkeep\n|turn|34\n|\n|t:|1771139576\n|move|p2a: Oricorio|Quiver Dance|p2a: Oricorio\n|-boost|p2a: Oricorio|spa|1\n|-boost|p2a: Oricorio|spd|1\n|-boost|p2a: Oricorio|spe|1\n|move|p1a: Arceus|Calm Mind|p1a: Arceus\n|-boost|p1a: Arceus|spa|1\n|-boost|p1a: Arceus|spd|1\n|\n|upkeep\n|turn|35\n|\n|t:|1771139579\n|move|p2a: Oricorio|Quiver Dance|p2a: Oricorio\n|-boost|p2a: Oricorio|spa|1\n|-boost|p2a: Oricorio|spd|1\n|-boost|p2a: Oricorio|spe|1\n|move|p1a: Arceus|Calm Mind|p1a: Arceus\n|-boost|p1a: Arceus|spa|1\n|-boost|p1a: Arceus|spd|1\n|\n|upkeep\n|turn|36\n|\n|t:|1771139580\n|move|p2a: Oricorio|Quiver Dance|p2a: Oricorio\n|-boost|p2a: Oricorio|spa|1\n|-boost|p2a: Oricorio|spd|1\n|-boost|p2a: Oricorio|spe|1\n|move|p1a: Arceus|Calm Mind|p1a: Arceus\n|-boost|p1a: Arceus|spa|1\n|-boost|p1a: Arceus|spd|1\n|\n|upkeep\n|turn|37\n|\n|t:|1771139582\n|move|p2a: Oricorio|Hurricane|p1a: Arceus\n|-damage|p1a: Arceus|157/280\n|move|p1a: Arceus|Calm Mind|p1a: Arceus\n|-boost|p1a: Arceus|spa|1\n|-boost|p1a: Arceus|spd|1\n|\n|upkeep\n|turn|38\n|\n|t:|1771139585\n|move|p2a: Oricorio|Hurricane|p1a: Arceus\n|-damage|p1a: Arceus|36/280\n|move|p1a: Arceus|Recover|p1a: Arceus\n|-heal|p1a: Arceus|176/280\n|\n|upkeep\n|turn|39\n|\n|t:|1771139590\n|move|p2a: Oricorio|Revelation Dance|p1a: Arceus\n|-damage|p1a: Arceus|82/280\n|move|p1a: Arceus|Recover|p1a: Arceus\n|-heal|p1a: Arceus|222/280\n|\n|upkeep\n|turn|40\n|\n|t:|1771139594\n|move|p2a: Oricorio|Hurricane|p1a: Arceus|[miss]\n|-miss|p2a: Oricorio|p1a: Arceus\n|move|p1a: Arceus|Recover|p1a: Arceus\n|-heal|p1a: Arceus|280/280\n|\n|upkeep\n|turn|41\n|\n|t:|1771139596\n|move|p2a: Oricorio|Hurricane|p1a: Arceus\n|-damage|p1a: Arceus|174/280\n|-start|p1a: Arceus|confusion\n|-activate|p1a: Arceus|confusion\n|move|p1a: Arceus|Judgment|p2a: Oricorio\n|-damage|p2a: Oricorio|139/263\n|\n|upkeep\n|turn|42\n|\n|t:|1771139599\n|move|p2a: Oricorio|Roost|p2a: Oricorio\n|-heal|p2a: Oricorio|263/263\n|-singleturn|p2a: Oricorio|move: Roost\n|-activate|p1a: Arceus|confusion\n|-damage|p1a: Arceus|153/280|[from] confusion\n|\n|upkeep\n|turn|43\n|\n|t:|1771139601\n|move|p2a: Oricorio|Hurricane|p1a: Arceus\n|-damage|p1a: Arceus|39/280\n|-activate|p1a: Arceus|confusion\n|-damage|p1a: Arceus|19/280|[from] confusion\n|\n|upkeep\n|turn|44\n|\n|t:|1771139605\n|move|p2a: Oricorio|Revelation Dance|p1a: Arceus\n|-damage|p1a: Arceus|0 fnt\n|faint|p1a: Arceus\n|\n|win|Gay4TheEgg\n|raw|ggg241's rating: 1742 &rarr; <strong>1724</strong><br />(-18 for losing)\n|raw|Gay4TheEgg's rating: 1780 &rarr; <strong>1798</strong><br />(+18 for winning)\n|l|☆ggg241\n|player|p1|\n", "inputlog": ">version 686819e5e19f8a7fd2345cfc5a08a5085efa2cc3\n>start {\"formatid\":\"gen9randombattle\",\"seed\":\"sodium,e056f2ccb8110bee5a33efb036a05902\",\"rated\":\"Rated battle\"}\n>player p1 {\"name\":\"ggg241\",\"avatar\":\"102\",\"rating\":1742,\"seed\":\"sodium,0260369bd2a69ff7f3fd7b57819c2ad7\"}\n>player p2 {\"name\":\"Gay4TheEgg\",\"avatar\":\"will\",\"rating\":1780,\"seed\":\"sodium,eb1a90e94f557f76c8ee902083bac7ce\"}\n>p1 switch 3\n>p2 move poisonjab\n>p1 move psychicnoise\n>p2 move suckerpunch\n>p2 switch 4\n>p1 move thunderbolt\n>p2 move revelationdance\n>p1 switch 2\n>p1 move surf\n>p2 switch 2\n>p1 move nastyplot\n>p2 move roar\n>p1 move stealthrock\n>p2 move flipturn\n>p2 switch 6\n>p1 move lavaplume\n>p2 move psychicfangs\n>p1 move earthpower\n>p2 move psychicfangs\n>p1 move earthpower\n>p2 move psychicfangs\n>p1 switch 3\n>p1 move surf\n>p2 switch 3\n>p1 switch 6\n>p2 move poisonjab\n>p1 move surf\n>p2 move megahorn\n>p1 switch 4\n>p1 move calmmind\n>p2 move stickyweb\n>p1 move judgment\n>p2 switch 5\n>p1 move judgment\n>p2 switch 5\n>p2 switch 3\n>p1 move judgment\n>p2 move wavecrash\n>p2 switch 6\n>p1 move judgment\n>p2 move roar\n>p1 move dragontail\n>p2 move knockoff\n>p1 move poltergeist\n>p2 move encore\n>p1 switch 6\n>p2 move calmmind\n>p1 move whirlpool\n>p2 move drainingkiss\n>p1 move endeavor\n>p2 move encore\n>p1 move endeavor\n>p2 move calmmind\n>p1 move endeavor\n>p2 move calmmind\n>p1 move endeavor\n>p2 move drainingkiss\n>p1 move whirlpool\n>p2 move calmmind\n>p1 move surf\n>p2 move drainingkiss\n>p1 switch 6\n>p1 move poltergeist terastallize\n>p2 move drainingkiss\n>p1 move poltergeist\n>p2 move drainingkiss\n>p2 switch 2\n>p1 move dragontail\n>p2 move revelationdance\n>p1 switch 5\n>p1 move recover\n>p2 move quiverdance\n>p1 move calmmind\n>p2 move quiverdance\n>p1 move calmmind\n>p2 move quiverdance\n>p1 move calmmind\n>p2 move quiverdance\n>p1 move calmmind\n>p2 move quiverdance\n>p1 move calmmind\n>p2 move quiverdance\n>p1 move calmmind\n>p2 move hurricane\n>p1 move recover\n>p2 move hurricane\n>p1 move recover\n>p2 move revelationdance\n>p1 move recover\n>p2 move hurricane\n>p1 move judgment\n>p2 move hurricane\n>p1 move recover\n>p2 move roost\n>p1 move recover\n>p2 move hurricane\n>p1 move recover\n>p2 move revelationdance", "uploadtime": 1771139610, "views": 19, "formatid": "gen9randombattle", "rating": 1724, "private": 0, "password": null}