{"id": "gen9randombattle-2540257665", "format": "[Gen 9] Random Battle", "players": ["metalhydra273", "Krimblutar"], "log": "|badge|p2|silver|gen9randombattle|30-8\n|uhtml|medal-msg|<div class=\"broadcast-blue\">Curious what those medals under the avatar are? PS now has Ladder Seasons! For more information, check out the <a href=\"https://www.smogon.com/forums/threads/3740067/\">thread on Smogon.</a></div>\n|j|☆metalhydra273\n|j|☆Krimblutar\n|t:|1771181560\n|gametype|singles\n|player|p1|metalhydra273|kris|2240\n|player|p2|Krimblutar|2|2468\n|gen|9\n|tier|[Gen 9] Random Battle\n|rated|\n|rule|Species Clause: Limit one of each Pokémon\n|rule|HP Percentage Mod: HP is shown in percentages\n|rule|Sleep Clause Mod: Limit one foe put to sleep\n|rule|Illusion Level Mod: Illusion disguises the Pokémon's true level\n|\n|t:|1771181560\n|teamsize|p1|6\n|teamsize|p2|6\n|start\n|switch|p1a: Suicune|Suicune, L82|298/298\n|switch|p2a: Clawitzer|Clawitzer, L87, M|265/265\n|-ability|p1a: Suicune|Pressure\n|turn|1\n|inactive|Battle timer is ON: inactive players will automatically lose when time's up. (requested by metalhydra273)\n|\n|t:|1771181576\n|move|p1a: Suicune|Calm Mind|p1a: Suicune\n|-boost|p1a: Suicune|spa|1\n|-boost|p1a: Suicune|spd|1\n|move|p2a: Clawitzer|Dragon Pulse|p1a: Suicune\n|-damage|p1a: Suicune|210/298\n|\n|-heal|p1a: Suicune|228/298|[from] item: Leftovers\n|upkeep\n|turn|2\n|\n|t:|1771181587\n|switch|p2a: Hoopa|Hoopa, L85|275/275\n|move|p1a: Suicune|Substitute|p1a: Suicune\n|-start|p1a: Suicune|Substitute\n|-damage|p1a: Suicune|154/298\n|\n|-heal|p1a: Suicune|172/298|[from] item: Leftovers\n|upkeep\n|turn|3\n|\n|t:|1771181593\n|move|p1a: Suicune|Protect|p1a: Suicune\n|-singleturn|p1a: Suicune|Protect\n|move|p2a: Hoopa|Psychic|p1a: Suicune\n|-activate|p1a: Suicune|move: Protect\n|\n|-heal|p1a: Suicune|190/298|[from] item: Leftovers\n|upkeep\n|turn|4\n|\n|t:|1771181596\n|move|p2a: Hoopa|Psychic|p1a: Suicune\n|-end|p1a: Suicune|Substitute\n|move|p1a: Suicune|Scald|p2a: Hoopa\n|-damage|p2a: Hoopa|197/275\n|\n|-heal|p1a: Suicune|208/298|[from] item: Leftovers\n|upkeep\n|turn|5\n|\n|t:|1771181599\n|switch|p2a: Oinkologne|Oinkologne-F, L92, F|361/361\n|move|p1a: Suicune|Protect||[still]\n|-fail|p1a: Suicune\n|\n|-heal|p1a: Suicune|226/298|[from] item: Leftovers\n|upkeep\n|turn|6\n|\n|t:|1771181612\n|move|p1a: Suicune|Scald|p2a: Oinkologne\n|-damage|p2a: Oinkologne|268/361\n|move|p2a: Oinkologne|Body Slam|p1a: Suicune\n|-damage|p1a: Suicune|148/298\n|\n|-heal|p1a: Suicune|166/298|[from] item: Leftovers\n|-heal|p2a: Oinkologne|290/361|[from] item: Leftovers\n|upkeep\n|turn|7\n|\n|t:|1771181616\n|move|p1a: Suicune|Protect|p1a: Suicune\n|-singleturn|p1a: Suicune|Protect\n|move|p2a: Oinkologne|Body Slam|p1a: Suicune\n|-activate|p1a: Suicune|move: Protect\n|\n|-heal|p1a: Suicune|184/298|[from] item: Leftovers\n|-heal|p2a: Oinkologne|312/361|[from] item: Leftovers\n|upkeep\n|turn|8\n|\n|t:|1771181641\n|move|p1a: Suicune|Scald|p2a: Oinkologne\n|-damage|p2a: Oinkologne|204/361\n|-status|p2a: Oinkologne|brn\n|move|p2a: Oinkologne|Body Slam|p1a: Suicune\n|-damage|p1a: Suicune|141/298\n|\n|-heal|p1a: Suicune|159/298|[from] item: Leftovers\n|-heal|p2a: Oinkologne|226/361 brn|[from] item: Leftovers\n|-damage|p2a: Oinkologne|204/361 brn|[from] brn\n|upkeep\n|turn|9\n|\n|t:|1771181652\n|move|p1a: Suicune|Substitute|p1a: Suicune\n|-start|p1a: Suicune|Substitute\n|-damage|p1a: Suicune|85/298\n|move|p2a: Oinkologne|Curse|p2a: Oinkologne\n|-unboost|p2a: Oinkologne|spe|1\n|-boost|p2a: Oinkologne|atk|1\n|-boost|p2a: Oinkologne|def|1\n|\n|-heal|p1a: Suicune|103/298|[from] item: Leftovers\n|-heal|p2a: Oinkologne|226/361 brn|[from] item: Leftovers\n|-damage|p2a: Oinkologne|204/361 brn|[from] brn\n|upkeep\n|turn|10\n|\n|t:|1771181665\n|move|p1a: Suicune|Scald|p2a: Oinkologne\n|-damage|p2a: Oinkologne|99/361 brn\n|move|p2a: Oinkologne|Rest|p2a: Oinkologne\n|-status|p2a: Oinkologne|slp|[from] move: Rest\n|-heal|p2a: Oinkologne|361/361 slp|[silent]\n|\n|-heal|p1a: Suicune|121/298|[from] item: Leftovers\n|upkeep\n|turn|11\n|\n|t:|1771181668\n|move|p1a: Suicune|Calm Mind|p1a: Suicune\n|-boost|p1a: Suicune|spa|1\n|-boost|p1a: Suicune|spd|1\n|cant|p2a: Oinkologne|slp\n|move|p2a: Oinkologne|Sleep Talk|p2a: Oinkologne\n|move|p2a: Oinkologne|Body Slam|p1a: Suicune|[from] move: Sleep Talk\n|-end|p1a: Suicune|Substitute\n|\n|-heal|p1a: Suicune|139/298|[from] item: Leftovers\n|upkeep\n|turn|12\n|\n|t:|1771181675\n|move|p1a: Suicune|Protect|p1a: Suicune\n|-singleturn|p1a: Suicune|Protect\n|cant|p2a: Oinkologne|slp\n|move|p2a: Oinkologne|Sleep Talk|p2a: Oinkologne\n|move|p2a: Oinkologne|Curse|p2a: Oinkologne|[from] move: Sleep Talk\n|-unboost|p2a: Oinkologne|spe|1\n|-boost|p2a: Oinkologne|atk|1\n|-boost|p2a: Oinkologne|def|1\n|\n|-heal|p1a: Suicune|157/298|[from] item: Leftovers\n|upkeep\n|turn|13\n|\n|t:|1771181678\n|switch|p1a: Quagsire|Quagsire, L84, F|297/297\n|-curestatus|p2a: Oinkologne|slp|[msg]\n|move|p2a: Oinkologne|Body Slam|p1a: Quagsire\n|-crit|p1a: Quagsire\n|-damage|p1a: Quagsire|155/297\n|\n|-heal|p1a: Quagsire|173/297|[from] item: Leftovers\n|upkeep\n|turn|14\n|\n|t:|1771181682\n|move|p1a: Quagsire|Recover|p1a: Quagsire\n|-heal|p1a: Quagsire|297/297\n|move|p2a: Oinkologne|Body Slam|p1a: Quagsire\n|-damage|p1a: Quagsire|191/297\n|\n|-heal|p1a: Quagsire|209/297|[from] item: Leftovers\n|upkeep\n|turn|15\n|inactive|metalhydra273 has 120 seconds left.\n|\n|t:|1771181731\n|move|p1a: Quagsire|Toxic|p2a: Oinkologne\n|-status|p2a: Oinkologne|tox\n|move|p2a: Oinkologne|Body Slam|p1a: Quagsire\n|-damage|p1a: Quagsire|101/297\n|-status|p1a: Quagsire|par\n|\n|-heal|p1a: Quagsire|119/297 par|[from] item: Leftovers\n|-damage|p2a: Oinkologne|339/361 tox|[from] psn\n|upkeep\n|turn|16\n|\n|t:|1771181736\n|move|p2a: Oinkologne|Curse|p2a: Oinkologne\n|-unboost|p2a: Oinkologne|spe|1\n|-boost|p2a: Oinkologne|atk|1\n|-boost|p2a: Oinkologne|def|1\n|move|p1a: Quagsire|Recover|p1a: Quagsire\n|-heal|p1a: Quagsire|268/297 par\n|\n|-heal|p2a: Oinkologne|361/361 tox|[from] item: Leftovers\n|-heal|p1a: Quagsire|286/297 par|[from] item: Leftovers\n|-damage|p2a: Oinkologne|317/361 tox|[from] psn\n|upkeep\n|turn|17\n|inactive|metalhydra273 has 120 seconds left.\n|inactive|metalhydra273 has 90 seconds left.\n|\n|t:|1771181772\n|move|p2a: Oinkologne|Body Slam|p1a: Quagsire\n|-damage|p1a: Quagsire|177/297 par\n|move|p1a: Quagsire|Earthquake|p2a: Oinkologne\n|-damage|p2a: Oinkologne|218/361 tox\n|\n|-heal|p2a: Oinkologne|240/361 tox|[from] item: Leftovers\n|-heal|p1a: Quagsire|195/297 par|[from] item: Leftovers\n|-damage|p2a: Oinkologne|174/361 tox|[from] psn\n|upkeep\n|turn|18\n|\n|t:|1771181776\n|move|p2a: Oinkologne|Rest|p2a: Oinkologne\n|-status|p2a: Oinkologne|slp|[from] move: Rest\n|-heal|p2a: Oinkologne|361/361 slp|[silent]\n|move|p1a: Quagsire|Earthquake|p2a: Oinkologne\n|-damage|p2a: Oinkologne|253/361 slp\n|\n|-heal|p2a: Oinkologne|275/361 slp|[from] item: Leftovers\n|-heal|p1a: Quagsire|213/297 par|[from] item: Leftovers\n|upkeep\n|turn|19\n|\n|t:|1771181787\n|cant|p2a: Oinkologne|slp\n|move|p2a: Oinkologne|Sleep Talk|p2a: Oinkologne\n|move|p2a: Oinkologne|Curse|p2a: Oinkologne|[from] move: Sleep Talk\n|-unboost|p2a: Oinkologne|spe|1\n|-boost|p2a: Oinkologne|atk|1\n|-boost|p2a: Oinkologne|def|1\n|move|p1a: Quagsire|Earthquake|p2a: Oinkologne\n|-damage|p2a: Oinkologne|169/361 slp\n|\n|-heal|p2a: Oinkologne|191/361 slp|[from] item: Leftovers\n|-heal|p1a: Quagsire|231/297 par|[from] item: Leftovers\n|upkeep\n|turn|20\n|\n|t:|1771181790\n|cant|p2a: Oinkologne|slp\n|move|p2a: Oinkologne|Sleep Talk|p2a: Oinkologne\n|move|p2a: Oinkologne|Curse|p2a: Oinkologne|[from] move: Sleep Talk\n|-unboost|p2a: Oinkologne|spe|1\n|-boost|p2a: Oinkologne|atk|1\n|-boost|p2a: Oinkologne|def|1\n|move|p1a: Quagsire|Earthquake|p2a: Oinkologne\n|-damage|p2a: Oinkologne|94/361 slp\n|\n|-heal|p1a: Quagsire|249/297 par|[from] item: Leftovers\n|-heal|p2a: Oinkologne|116/361 slp|[from] item: Leftovers\n|upkeep\n|turn|21\n|\n|t:|1771181792\n|move|p1a: Quagsire|Earthquake|p2a: Oinkologne\n|-damage|p2a: Oinkologne|17/361 slp\n|-curestatus|p2a: Oinkologne|slp|[msg]\n|move|p2a: Oinkologne|Rest|p2a: Oinkologne\n|-status|p2a: Oinkologne|slp|[from] move: Rest\n|-heal|p2a: Oinkologne|361/361 slp|[silent]\n|\n|-heal|p1a: Quagsire|267/297 par|[from] item: Leftovers\n|upkeep\n|turn|22\n|\n|t:|1771181795\n|cant|p1a: Quagsire|par\n|cant|p2a: Oinkologne|slp\n|move|p2a: Oinkologne|Sleep Talk|p2a: Oinkologne\n|move|p2a: Oinkologne|Curse|p2a: Oinkologne|[from] move: Sleep Talk\n|-unboost|p2a: Oinkologne|spe|1\n|-boost|p2a: Oinkologne|atk|1\n|-boost|p2a: Oinkologne|def|1\n|\n|-heal|p1a: Quagsire|285/297 par|[from] item: Leftovers\n|upkeep\n|turn|23\n|\n|t:|1771181797\n|move|p1a: Quagsire|Earthquake|p2a: Oinkologne\n|-damage|p2a: Oinkologne|253/361 slp\n|cant|p2a: Oinkologne|slp\n|move|p2a: Oinkologne|Sleep Talk|p2a: Oinkologne\n|move|p2a: Oinkologne|Curse|p2a: Oinkologne|[from] move: Sleep Talk\n|\n|-heal|p1a: Quagsire|297/297 par|[from] item: Leftovers\n|-heal|p2a: Oinkologne|275/361 slp|[from] item: Leftovers\n|upkeep\n|turn|24\n|\n|t:|1771181801\n|cant|p1a: Quagsire|par\n|-curestatus|p2a: Oinkologne|slp|[msg]\n|move|p2a: Oinkologne|Body Slam|p1a: Quagsire\n|-damage|p1a: Quagsire|191/297 par\n|\n|-heal|p1a: Quagsire|209/297 par|[from] item: Leftovers\n|-heal|p2a: Oinkologne|297/361|[from] item: Leftovers\n|upkeep\n|turn|25\n|\n|t:|1771181803\n|cant|p1a: Quagsire|par\n|move|p2a: Oinkologne|Body Slam|p1a: Quagsire\n|-damage|p1a: Quagsire|98/297 par\n|\n|-heal|p1a: Quagsire|116/297 par|[from] item: Leftovers\n|-heal|p2a: Oinkologne|319/361|[from] item: Leftovers\n|upkeep\n|turn|26\n|\n|t:|1771181805\n|move|p1a: Quagsire|Recover|p1a: Quagsire\n|-heal|p1a: Quagsire|265/297 par\n|move|p2a: Oinkologne|Body Slam|p1a: Quagsire\n|-damage|p1a: Quagsire|162/297 par\n|\n|-heal|p1a: Quagsire|180/297 par|[from] item: Leftovers\n|-heal|p2a: Oinkologne|341/361|[from] item: Leftovers\n|upkeep\n|turn|27\n|\n|t:|1771181807\n|move|p1a: Quagsire|Recover|p1a: Quagsire\n|-heal|p1a: Quagsire|297/297 par\n|move|p2a: Oinkologne|Body Slam|p1a: Quagsire\n|-damage|p1a: Quagsire|195/297 par\n|\n|-heal|p1a: Quagsire|213/297 par|[from] item: Leftovers\n|-heal|p2a: Oinkologne|361/361|[from] item: Leftovers\n|upkeep\n|turn|28\n|\n|t:|1771181809\n|move|p1a: Quagsire|Toxic|p2a: Oinkologne\n|-status|p2a: Oinkologne|tox\n|move|p2a: Oinkologne|Body Slam|p1a: Quagsire\n|-damage|p1a: Quagsire|119/297 par\n|\n|-heal|p1a: Quagsire|137/297 par|[from] item: Leftovers\n|-damage|p2a: Oinkologne|339/361 tox|[from] psn\n|upkeep\n|turn|29\n|\n|t:|1771181811\n|cant|p1a: Quagsire|par\n|move|p2a: Oinkologne|Body Slam|p1a: Quagsire\n|-damage|p1a: Quagsire|29/297 par\n|\n|-heal|p1a: Quagsire|47/297 par|[from] item: Leftovers\n|-heal|p2a: Oinkologne|361/361 tox|[from] item: Leftovers\n|-damage|p2a: Oinkologne|317/361 tox|[from] psn\n|upkeep\n|turn|30\n|\n|t:|1771181814\n|cant|p1a: Quagsire|par\n|move|p2a: Oinkologne|Body Slam|p1a: Quagsire\n|-damage|p1a: Quagsire|0 fnt\n|faint|p1a: Quagsire\n|\n|-heal|p2a: Oinkologne|339/361 tox|[from] item: Leftovers\n|-damage|p2a: Oinkologne|273/361 tox|[from] psn\n|upkeep\n|\n|t:|1771181824\n|switch|p1a: Iron Treads|Iron Treads, L77|265/265\n|turn|31\n|\n|t:|1771181827\n|move|p1a: Iron Treads|Knock Off|p2a: Oinkologne\n|-damage|p2a: Oinkologne|256/361 tox\n|-enditem|p2a: Oinkologne|Leftovers|[from] move: Knock Off|[of] p1a: Iron Treads\n|move|p2a: Oinkologne|Body Slam|p1a: Iron Treads\n|-resisted|p1a: Iron Treads\n|-damage|p1a: Iron Treads|90/265\n|\n|-damage|p2a: Oinkologne|168/361 tox|[from] psn\n|upkeep\n|turn|32\n|\n|t:|1771181845\n|move|p1a: Iron Treads|Iron Head|p2a: Oinkologne\n|-damage|p2a: Oinkologne|147/361 tox\n|cant|p2a: Oinkologne|flinch\n|\n|-damage|p2a: Oinkologne|37/361 tox|[from] psn\n|upkeep\n|turn|33\n|\n|t:|1771181850\n|move|p1a: Iron Treads|Iron Head|p2a: Oinkologne\n|-damage|p2a: Oinkologne|16/361 tox\n|move|p2a: Oinkologne|Rest|p2a: Oinkologne\n|-status|p2a: Oinkologne|slp|[from] move: Rest\n|-heal|p2a: Oinkologne|361/361 slp|[silent]\n|\n|upkeep\n|turn|34\n|\n|t:|1771181856\n|-end|p1a: Iron Treads|Quark Drive|[silent]\n|switch|p1a: Meowstic|Meowstic, L89, M|277/277\n|cant|p2a: Oinkologne|slp\n|move|p2a: Oinkologne|Sleep Talk|p2a: Oinkologne\n|move|p2a: Oinkologne|Body Slam|p1a: Meowstic|[from] move: Sleep Talk\n|-damage|p1a: Meowstic|0 fnt\n|faint|p1a: Meowstic\n|\n|upkeep\n|\n|t:|1771181862\n|switch|p1a: Iron Treads|Iron Treads, L77|90/265\n|turn|35\n|\n|t:|1771181864\n|move|p1a: Iron Treads|Iron Head|p2a: Oinkologne\n|-damage|p2a: Oinkologne|337/361 slp\n|cant|p2a: Oinkologne|slp\n|move|p2a: Oinkologne|Sleep Talk|p2a: Oinkologne\n|move|p2a: Oinkologne|Rest||[from] move: Sleep Talk|[still]\n|-fail|p2a: Oinkologne\n|\n|upkeep\n|turn|36\n|\n|t:|1771181874\n|move|p1a: Iron Treads|Earthquake|p2a: Oinkologne\n|-damage|p2a: Oinkologne|309/361 slp\n|-curestatus|p2a: Oinkologne|slp|[msg]\n|move|p2a: Oinkologne|Body Slam|p1a: Iron Treads\n|-resisted|p1a: Iron Treads\n|-damage|p1a: Iron Treads|0 fnt\n|faint|p1a: Iron Treads\n|-end|p1a: Iron Treads|Quark Drive|[silent]\n|\n|upkeep\n|\n|t:|1771181881\n|switch|p1a: Illumise|Illumise, L91, F|266/266\n|turn|37\n|inactive|Krimblutar has 120 seconds left.\n|\n|t:|1771181923\n|move|p1a: Illumise|Encore|p2a: Oinkologne\n|-start|p2a: Oinkologne|Encore\n|move|p2a: Oinkologne|Body Slam|p1a: Illumise\n|-damage|p1a: Illumise|0 fnt\n|faint|p1a: Illumise\n|\n|upkeep\n|\n|t:|1771181928\n|switch|p1a: Suicune|Suicune, L82|157/298\n|-ability|p1a: Suicune|Pressure\n|turn|38\n|inactive|Krimblutar has 120 seconds left.\n|\n|t:|1771181936\n|switch|p2a: Pecharunt|Pecharunt, L77|262/262\n|move|p1a: Suicune|Protect||[still]\n|-fail|p1a: Suicune\n|\n|-heal|p1a: Suicune|175/298|[from] item: Leftovers\n|upkeep\n|turn|39\n|\n|t:|1771181960\n|move|p1a: Suicune|Protect|p1a: Suicune\n|-singleturn|p1a: Suicune|Protect\n|move|p2a: Pecharunt|Nasty Plot|p2a: Pecharunt\n|-boost|p2a: Pecharunt|spa|2\n|\n|-heal|p1a: Suicune|193/298|[from] item: Leftovers\n|upkeep\n|turn|40\n|\n|t:|1771181965\n|switch|p1a: Calyrex|Calyrex, L93|337/337\n|-ability|p1a: Calyrex|Unnerve\n|move|p2a: Pecharunt|Malignant Chain|p1a: Calyrex\n|-supereffective|p1a: Calyrex\n|-damage|p1a: Calyrex|0 fnt\n|faint|p1a: Calyrex\n|\n|upkeep\n|-message|metalhydra273 forfeited.\n|\n|win|Krimblutar\n|raw|metalhydra273's rating: 2216 &rarr; <strong>2208</strong><br />(-8 for losing)\n|raw|Krimblutar's rating: 2468 &rarr; <strong>2476</strong><br />(+8 for winning)\n|l|☆metalhydra273\n|player|p1|\n", "inputlog": ">version 686819e5e19f8a7fd2345cfc5a08a5085efa2cc3\n>start {\"formatid\":\"gen9randombattle\",\"seed\":\"sodium,c5c7c191ee6a11bc31da443dbcfa84b0\",\"rated\":\"Rated battle\"}\n>player p1 {\"name\":\"metalhydra273\",\"avatar\":\"kris\",\"rating\":2240,\"seed\":\"sodium,bd0b473ccb392a92df1efd9e21c824a9\"}\n>player p2 {\"name\":\"Krimblutar\",\"avatar\":\"2\",\"rating\":2468,\"seed\":\"sodium,dbae34b4d0bf0cdf01e4754f737364f5\"}\n>p1 move calmmind\n>p2 move dragonpulse\n>p1 move substitute\n>p2 switch 6\n>p1 move protect\n>p2 move psychic\n>p1 move scald\n>p2 move psychic\n>p1 move protect\n>p2 switch 5\n>p1 move scald\n>p2 move bodyslam\n>p1 move protect\n>p2 move bodyslam\n>p1 move scald\n>p2 move bodyslam\n>p1 move substitute\n>p2 move curse\n>p1 move scald\n>p2 move rest\n>p1 move calmmind\n>p2 move sleeptalk\n>p1 move protect\n>p2 move sleeptalk\n>p1 switch 2\n>p2 move bodyslam\n>p1 move recover\n>p2 move bodyslam\n>p1 move toxic\n>p2 move bodyslam\n>p1 move recover\n>p2 move curse\n>p1 move earthquake\n>p2 move bodyslam\n>p1 move earthquake\n>p2 move rest\n>p1 move earthquake\n>p2 move sleeptalk\n>p1 move earthquake\n>p2 move sleeptalk\n>p1 move earthquake\n>p2 move rest\n>p1 move earthquake\n>p2 move sleeptalk\n>p1 move earthquake\n>p2 move sleeptalk\n>p1 move earthquake\n>p2 move bodyslam\n>p1 move toxic\n>p2 move bodyslam\n>p1 move recover\n>p2 move bodyslam\n>p1 move recover\n>p2 move bodyslam\n>p1 move toxic\n>p2 move bodyslam\n>p1 move recover\n>p2 move bodyslam\n>p1 move recover\n>p2 move bodyslam\n>p1 switch 6\n>p1 move knockoff\n>p2 move bodyslam\n>p1 move ironhead\n>p2 move rest\n>p1 move ironhead\n>p2 move rest\n>p1 switch 3\n>p2 move sleeptalk\n>p1 switch 3\n>p1 move ironhead\n>p2 move sleeptalk\n>p1 move earthquake\n>p2 move bodyslam\n>p1 switch 5\n>p1 move encore\n>p2 move bodyslam\n>p1 switch 2\n>p1 move protect\n>p2 switch 3\n>p1 move protect\n>p2 move nastyplot\n>p1 switch 4\n>p2 move malignantchain\n>forcelose p1", "uploadtime": 1771181974, "views": 10, "formatid": "gen9randombattle", "rating": 2208, "private": 0, "password": null}