{"id": "gen9randombattle-2540815858", "format": "[Gen 9] Random Battle", "players": ["mola3652", "bnt162b2"], "log": "|j|☆mola3652\n|j|☆bnt162b2\n|t:|1771256978\n|gametype|singles\n|player|p1|mola3652|169|1521\n|player|p2|bnt162b2|170|1571\n|gen|9\n|tier|[Gen 9] Random Battle\n|rated|\n|rule|Species Clause: Limit one of each Pokémon\n|rule|HP Percentage Mod: HP is shown in percentages\n|rule|Sleep Clause Mod: Limit one foe put to sleep\n|rule|Illusion Level Mod: Illusion disguises the Pokémon's true level\n|\n|t:|1771256978\n|teamsize|p1|6\n|teamsize|p2|6\n|start\n|switch|p1a: Magnezone|Magnezone, L85|258/258\n|switch|p2a: Drednaw|Drednaw, L81, M|278/278\n|turn|1\n|inactive|Battle timer is ON: inactive players will automatically lose when time's up. (requested by bnt162b2)\n|\n|t:|1771256992\n|switch|p2a: Minun|Minun, L95, F|268/268\n|move|p1a: Magnezone|Iron Defense|p1a: Magnezone\n|-boost|p1a: Magnezone|def|2\n|\n|upkeep\n|turn|2\n|inactive|bnt162b2 has 120 seconds left.\n|\n|t:|1771257037\n|move|p2a: Minun|Nasty Plot|p2a: Minun\n|-boost|p2a: Minun|spa|2\n|move|p1a: Magnezone|Body Press|p2a: Minun\n|-damage|p2a: Minun|44/268\n|\n|upkeep\n|turn|3\n|\n|t:|1771257042\n|move|p2a: Minun|Alluring Voice|p1a: Magnezone\n|-resisted|p1a: Magnezone\n|-damage|p1a: Magnezone|183/258\n|-damage|p2a: Minun|18/268|[from] item: Life Orb\n|move|p1a: Magnezone|Body Press|p2a: Minun\n|-damage|p2a: Minun|0 fnt\n|faint|p2a: Minun\n|\n|-heal|p1a: Magnezone|199/258|[from] item: Leftovers\n|upkeep\n|inactive|bnt162b2 has 120 seconds left.\n|\n|t:|1771257050\n|switch|p2a: Sceptile|Sceptile, L87, F|264/264\n|turn|4\n|\n|t:|1771257054\n|move|p2a: Sceptile|Focus Blast|p1a: Magnezone\n|-supereffective|p1a: Magnezone\n|-damage|p1a: Magnezone|0 fnt\n|faint|p1a: Magnezone\n|-damage|p2a: Sceptile|238/264|[from] item: Life Orb\n|\n|upkeep\n|\n|t:|1771257060\n|switch|p1a: Leavanny|Leavanny, L86, F|269/269\n|turn|5\n|\n|t:|1771257064\n|move|p2a: Sceptile|Rock Slide|p1a: Leavanny\n|-supereffective|p1a: Leavanny\n|-damage|p1a: Leavanny|136/269\n|-damage|p2a: Sceptile|212/264|[from] item: Life Orb\n|move|p1a: Leavanny|Sticky Web|p2a: Sceptile\n|-sidestart|p2: bnt162b2|move: Sticky Web\n|\n|upkeep\n|turn|6\n|\n|t:|1771257073\n|move|p2a: Sceptile|Rock Slide|p1a: Leavanny\n|-supereffective|p1a: Leavanny\n|-damage|p1a: Leavanny|0 fnt\n|faint|p1a: Leavanny\n|-damage|p2a: Sceptile|186/264|[from] item: Life Orb\n|\n|upkeep\n|\n|t:|1771257084\n|switch|p1a: Eternatus|Eternatus, L69|308/308\n|-ability|p1a: Eternatus|Pressure\n|turn|7\n|\n|t:|1771257089\n|move|p2a: Sceptile|Earthquake|p1a: Eternatus\n|-supereffective|p1a: Eternatus\n|-damage|p1a: Eternatus|97/308\n|-damage|p2a: Sceptile|160/264|[from] item: Life Orb\n|move|p1a: Eternatus|Toxic Spikes|p2a: Sceptile\n|-sidestart|p2: bnt162b2|move: Toxic Spikes\n|\n|upkeep\n|turn|8\n|\n|t:|1771257097\n|move|p2a: Sceptile|Earthquake|p1a: Eternatus\n|-supereffective|p1a: Eternatus\n|-damage|p1a: Eternatus|0 fnt\n|faint|p1a: Eternatus\n|-damage|p2a: Sceptile|134/264|[from] item: Life Orb\n|\n|upkeep\n|\n|t:|1771257100\n|switch|p1a: Tentacruel|Tentacruel, L84, F|272/272\n|turn|9\n|\n|t:|1771257108\n|-terastallize|p1a: Tentacruel|Flying\n|move|p2a: Sceptile|Earthquake|p1a: Tentacruel\n|-immune|p1a: Tentacruel\n|move|p1a: Tentacruel|Sludge Bomb|p2a: Sceptile\n|-supereffective|p2a: Sceptile\n|-damage|p2a: Sceptile|0 fnt\n|faint|p2a: Sceptile\n|\n|upkeep\n|\n|t:|1771257115\n|switch|p2a: Pecharunt|Pecharunt, L77|262/262\n|-activate|p2a: Pecharunt|move: Sticky Web\n|-unboost|p2a: Pecharunt|spe|1\n|-sideend|p2: bnt162b2|move: Toxic Spikes|[of] p2a: Pecharunt\n|turn|10\n|\n|t:|1771257122\n|move|p1a: Tentacruel|Surf|p2a: Pecharunt\n|-damage|p2a: Pecharunt|178/262\n|move|p2a: Pecharunt|Parting Shot|p1a: Tentacruel\n|-unboost|p1a: Tentacruel|atk|1\n|-unboost|p1a: Tentacruel|spa|1\n|\n|t:|1771257129\n|switch|p2a: Drednaw|Drednaw, L81, M|278/278|[from] Parting Shot\n|-activate|p2a: Drednaw|move: Sticky Web\n|-unboost|p2a: Drednaw|spe|1\n|-enditem|p2a: Drednaw|White Herb\n|-clearnegativeboost|p2a: Drednaw|[silent]\n|\n|upkeep\n|turn|11\n|\n|t:|1771257135\n|switch|p1a: Volbeat|Volbeat, L90, M|263/263\n|move|p2a: Drednaw|Shell Smash|p2a: Drednaw\n|-unboost|p2a: Drednaw|def|1\n|-unboost|p2a: Drednaw|spd|1\n|-boost|p2a: Drednaw|atk|2\n|-boost|p2a: Drednaw|spa|2\n|-boost|p2a: Drednaw|spe|2\n|\n|upkeep\n|turn|12\n|\n|t:|1771257141\n|switch|p2a: Houndstone|Houndstone, L86, M|264/264\n|-activate|p2a: Houndstone|move: Sticky Web\n|-unboost|p2a: Houndstone|spe|1\n|move|p1a: Volbeat|Encore||[still]\n|-fail|p1a: Volbeat\n|\n|upkeep\n|turn|13\n|\n|t:|1771257150\n|move|p1a: Volbeat|U-turn|p2a: Houndstone\n|-resisted|p2a: Houndstone\n|-damage|p2a: Houndstone|247/264\n|\n|t:|1771257154\n|switch|p1a: Palkia|Palkia, L75|259/259|[from] U-turn\n|-ability|p1a: Palkia|Pressure\n|move|p2a: Houndstone|Poltergeist|p1a: Palkia\n|-activate|p1a: Palkia|move: Poltergeist|Lustrous Orb\n|-damage|p1a: Palkia|141/259\n|\n|-heal|p2a: Houndstone|263/264|[from] item: Leftovers\n|upkeep\n|turn|14\n|\n|t:|1771257161\n|switch|p2a: Brute Bonnet|Brute Bonnet, L81|312/312\n|-activate|p2a: Brute Bonnet|move: Sticky Web\n|-unboost|p2a: Brute Bonnet|spe|1\n|move|p1a: Palkia|Hydro Pump|p2a: Brute Bonnet\n|-resisted|p2a: Brute Bonnet\n|-damage|p2a: Brute Bonnet|234/312\n|\n|-heal|p2a: Brute Bonnet|253/312|[from] item: Leftovers\n|upkeep\n|turn|15\n|\n|t:|1771257167\n|move|p1a: Palkia|Fire Blast|p2a: Brute Bonnet\n|-supereffective|p2a: Brute Bonnet\n|-damage|p2a: Brute Bonnet|81/312\n|move|p2a: Brute Bonnet|Crunch|p1a: Palkia\n|-damage|p1a: Palkia|38/259\n|-unboost|p1a: Palkia|def|1\n|\n|-heal|p2a: Brute Bonnet|100/312|[from] item: Leftovers\n|upkeep\n|turn|16\n|\n|t:|1771257175\n|move|p2a: Brute Bonnet|Sucker Punch||[still]\n|-fail|p2a: Brute Bonnet\n|move|p1a: Palkia|Thunder Wave|p2a: Brute Bonnet|[miss]\n|-miss|p1a: Palkia|p2a: Brute Bonnet\n|\n|-heal|p2a: Brute Bonnet|119/312|[from] item: Leftovers\n|upkeep\n|turn|17\n|\n|t:|1771257179\n|move|p1a: Palkia|Fire Blast|p2a: Brute Bonnet\n|-supereffective|p2a: Brute Bonnet\n|-damage|p2a: Brute Bonnet|0 fnt\n|faint|p2a: Brute Bonnet\n|-end|p2a: Brute Bonnet|Protosynthesis|[silent]\n|\n|upkeep\n|\n|t:|1771257186\n|switch|p2a: Houndstone|Houndstone, L86, M|263/264\n|-activate|p2a: Houndstone|move: Sticky Web\n|-unboost|p2a: Houndstone|spe|1\n|turn|18\n|\n|t:|1771257193\n|switch|p1a: Volbeat|Volbeat, L90, M|263/263\n|move|p2a: Houndstone|Shadow Sneak|p1a: Volbeat\n|-damage|p1a: Volbeat|218/263\n|\n|-heal|p2a: Houndstone|264/264|[from] item: Leftovers\n|upkeep\n|turn|19\n|\n|t:|1771257199\n|switch|p2a: Pecharunt|Pecharunt, L77|178/262\n|-activate|p2a: Pecharunt|move: Sticky Web\n|-unboost|p2a: Pecharunt|spe|1\n|move|p1a: Volbeat|Encore||[still]\n|-fail|p1a: Volbeat\n|\n|upkeep\n|turn|20\n|\n|t:|1771257206\n|move|p1a: Volbeat|U-turn|p2a: Pecharunt\n|-resisted|p2a: Pecharunt\n|-damage|p2a: Pecharunt|166/262\n|-damage|p1a: Volbeat|175/263|[from] item: Rocky Helmet|[of] p2a: Pecharunt\n|\n|t:|1771257208\n|switch|p1a: Palkia|Palkia, L75|38/259|[from] U-turn\n|-ability|p1a: Palkia|Pressure\n|move|p2a: Pecharunt|Parting Shot|p1a: Palkia\n|-unboost|p1a: Palkia|atk|1\n|-unboost|p1a: Palkia|spa|1\n|\n|t:|1771257211\n|switch|p2a: Houndstone|Houndstone, L86, M|264/264|[from] Parting Shot\n|-activate|p2a: Houndstone|move: Sticky Web\n|-unboost|p2a: Houndstone|spe|1\n|\n|upkeep\n|turn|21\n|\n|t:|1771257215\n|move|p2a: Houndstone|Shadow Sneak|p1a: Palkia\n|-damage|p1a: Palkia|0 fnt\n|faint|p1a: Palkia\n|\n|upkeep\n|\n|t:|1771257218\n|switch|p1a: Tentacruel|Tentacruel, L84, F, tera:Flying|272/272\n|turn|22\n|\n|t:|1771257228\n|move|p1a: Tentacruel|Toxic|p2a: Houndstone\n|-status|p2a: Houndstone|tox\n|move|p2a: Houndstone|Poltergeist|p1a: Tentacruel\n|-activate|p1a: Tentacruel|move: Poltergeist|Leftovers\n|-damage|p1a: Tentacruel|101/272\n|\n|-heal|p1a: Tentacruel|118/272|[from] item: Leftovers\n|-damage|p2a: Houndstone|248/264 tox|[from] psn\n|upkeep\n|turn|23\n|\n|t:|1771257237\n|switch|p1a: Volbeat|Volbeat, L90, M|175/263\n|move|p2a: Houndstone|Poltergeist|p1a: Volbeat|[miss]\n|-miss|p2a: Houndstone|p1a: Volbeat\n|\n|-heal|p2a: Houndstone|264/264 tox|[from] item: Leftovers\n|-damage|p2a: Houndstone|232/264 tox|[from] psn\n|upkeep\n|turn|24\n|\n|t:|1771257246\n|switch|p2a: Pecharunt|Pecharunt, L77|166/262\n|-activate|p2a: Pecharunt|move: Sticky Web\n|-unboost|p2a: Pecharunt|spe|1\n|move|p1a: Volbeat|Roost|p1a: Volbeat\n|-heal|p1a: Volbeat|263/263\n|-singleturn|p1a: Volbeat|move: Roost\n|\n|upkeep\n|turn|25\n|\n|t:|1771257251\n|move|p1a: Volbeat|Thunder Wave|p2a: Pecharunt\n|-status|p2a: Pecharunt|par\n|move|p2a: Pecharunt|Recover|p2a: Pecharunt\n|-heal|p2a: Pecharunt|262/262 par\n|\n|upkeep\n|turn|26\n|\n|t:|1771257255\n|switch|p2a: Houndstone|Houndstone, L86, M|232/264 tox\n|-activate|p2a: Houndstone|move: Sticky Web\n|-unboost|p2a: Houndstone|spe|1\n|move|p1a: Volbeat|Roost||[still]\n|-fail|p1a: Volbeat|heal\n|\n|-heal|p2a: Houndstone|248/264 tox|[from] item: Leftovers\n|-damage|p2a: Houndstone|232/264 tox|[from] psn\n|upkeep\n|turn|27\n|\n|t:|1771257263\n|switch|p2a: Pecharunt|Pecharunt, L77|262/262 par\n|-activate|p2a: Pecharunt|move: Sticky Web\n|-unboost|p2a: Pecharunt|spe|1\n|move|p1a: Volbeat|U-turn|p2a: Pecharunt\n|-resisted|p2a: Pecharunt\n|-damage|p2a: Pecharunt|250/262 par\n|-damage|p1a: Volbeat|220/263|[from] item: Rocky Helmet|[of] p2a: Pecharunt\n|\n|t:|1771257267\n|switch|p1a: Tentacruel|Tentacruel, L84, F, tera:Flying|118/272|[from] U-turn\n|\n|-heal|p1a: Tentacruel|135/272|[from] item: Leftovers\n|upkeep\n|turn|28\n|\n|t:|1771257276\n|move|p1a: Tentacruel|Surf|p2a: Pecharunt\n|-damage|p2a: Pecharunt|160/262 par\n|cant|p2a: Pecharunt|par\n|\n|-heal|p1a: Tentacruel|152/272|[from] item: Leftovers\n|upkeep\n|turn|29\n|\n|t:|1771257280\n|switch|p2a: Houndstone|Houndstone, L86, M|232/264 tox\n|-activate|p2a: Houndstone|move: Sticky Web\n|-unboost|p2a: Houndstone|spe|1\n|move|p1a: Tentacruel|Surf|p2a: Houndstone\n|-damage|p2a: Houndstone|151/264 tox\n|\n|-heal|p1a: Tentacruel|169/272|[from] item: Leftovers\n|-heal|p2a: Houndstone|167/264 tox|[from] item: Leftovers\n|-damage|p2a: Houndstone|151/264 tox|[from] psn\n|upkeep\n|turn|30\n|\n|t:|1771257297\n|switch|p1a: Volbeat|Volbeat, L90, M|220/263\n|move|p2a: Houndstone|Poltergeist|p1a: Volbeat\n|-activate|p1a: Volbeat|move: Poltergeist|Heavy-Duty Boots\n|-damage|p1a: Volbeat|91/263\n|\n|-heal|p2a: Houndstone|167/264 tox|[from] item: Leftovers\n|-damage|p2a: Houndstone|135/264 tox|[from] psn\n|upkeep\n|turn|31\n|\n|t:|1771257303\n|switch|p2a: Pecharunt|Pecharunt, L77|160/262 par\n|-activate|p2a: Pecharunt|move: Sticky Web\n|-unboost|p2a: Pecharunt|spe|1\n|move|p1a: Volbeat|Roost|p1a: Volbeat\n|-heal|p1a: Volbeat|223/263\n|-singleturn|p1a: Volbeat|move: Roost\n|\n|upkeep\n|turn|32\n|\n|t:|1771257309\n|move|p1a: Volbeat|U-turn|p2a: Pecharunt\n|-resisted|p2a: Pecharunt\n|-damage|p2a: Pecharunt|147/262 par\n|-damage|p1a: Volbeat|180/263|[from] item: Rocky Helmet|[of] p2a: Pecharunt\n|\n|t:|1771257311\n|switch|p1a: Tentacruel|Tentacruel, L84, F, tera:Flying|169/272|[from] U-turn\n|move|p2a: Pecharunt|Recover|p2a: Pecharunt\n|-heal|p2a: Pecharunt|262/262 par\n|\n|-heal|p1a: Tentacruel|186/272|[from] item: Leftovers\n|upkeep\n|turn|33\n|\n|t:|1771257317\n|switch|p2a: Houndstone|Houndstone, L86, M|135/264 tox\n|-activate|p2a: Houndstone|move: Sticky Web\n|-unboost|p2a: Houndstone|spe|1\n|move|p1a: Tentacruel|Surf|p2a: Houndstone\n|-damage|p2a: Houndstone|53/264 tox\n|\n|-heal|p1a: Tentacruel|203/272|[from] item: Leftovers\n|-heal|p2a: Houndstone|69/264 tox|[from] item: Leftovers\n|-damage|p2a: Houndstone|53/264 tox|[from] psn\n|upkeep\n|turn|34\n|\n|t:|1771257320\n|move|p2a: Houndstone|Shadow Sneak|p1a: Tentacruel\n|-damage|p1a: Tentacruel|143/272\n|move|p1a: Tentacruel|Surf|p2a: Houndstone\n|-damage|p2a: Houndstone|0 fnt\n|faint|p2a: Houndstone\n|\n|-heal|p1a: Tentacruel|160/272|[from] item: Leftovers\n|upkeep\n|\n|t:|1771257324\n|switch|p2a: Pecharunt|Pecharunt, L77|262/262 par\n|-activate|p2a: Pecharunt|move: Sticky Web\n|-unboost|p2a: Pecharunt|spe|1\n|turn|35\n|\n|t:|1771257337\n|move|p1a: Tentacruel|Surf|p2a: Pecharunt\n|-damage|p2a: Pecharunt|166/262 par\n|cant|p2a: Pecharunt|par\n|\n|-heal|p1a: Tentacruel|177/272|[from] item: Leftovers\n|upkeep\n|turn|36\n|\n|t:|1771257342\n|move|p1a: Tentacruel|Surf|p2a: Pecharunt\n|-damage|p2a: Pecharunt|72/262 par\n|move|p2a: Pecharunt|Parting Shot|p1a: Tentacruel\n|-unboost|p1a: Tentacruel|atk|1\n|-unboost|p1a: Tentacruel|spa|1\n|\n|t:|1771257346\n|switch|p2a: Drednaw|Drednaw, L81, M|278/278|[from] Parting Shot\n|-activate|p2a: Drednaw|move: Sticky Web\n|-unboost|p2a: Drednaw|spe|1\n|\n|-heal|p1a: Tentacruel|194/272|[from] item: Leftovers\n|upkeep\n|turn|37\n|\n|t:|1771257355\n|switch|p1a: Volbeat|Volbeat, L90, M|180/263\n|move|p2a: Drednaw|Stone Edge|p1a: Volbeat\n|-supereffective|p1a: Volbeat\n|-damage|p1a: Volbeat|0 fnt\n|faint|p1a: Volbeat\n|\n|upkeep\n|\n|t:|1771257358\n|switch|p1a: Tentacruel|Tentacruel, L84, F, tera:Flying|194/272\n|turn|38\n|\n|t:|1771257367\n|-terastallize|p2a: Drednaw|Water\n|move|p1a: Tentacruel|Surf|p2a: Drednaw\n|-resisted|p2a: Drednaw\n|-damage|p2a: Drednaw|230/278\n|move|p2a: Drednaw|Shell Smash|p2a: Drednaw\n|-unboost|p2a: Drednaw|def|1\n|-unboost|p2a: Drednaw|spd|1\n|-boost|p2a: Drednaw|atk|2\n|-boost|p2a: Drednaw|spa|2\n|-boost|p2a: Drednaw|spe|2\n|\n|-heal|p1a: Tentacruel|211/272|[from] item: Leftovers\n|upkeep\n|turn|39\n|\n|t:|1771257373\n|move|p2a: Drednaw|Liquidation|p1a: Tentacruel\n|-damage|p1a: Tentacruel|0 fnt\n|faint|p1a: Tentacruel\n|\n|win|bnt162b2\n|raw|mola3652's rating: 1521 &rarr; <strong>1504</strong><br />(-17 for losing)\n|raw|bnt162b2's rating: 1571 &rarr; <strong>1588</strong><br />(+17 for winning)\n|c|☆bnt162b2|XD\n|l|☆mola3652\n|player|p1|\n|c|☆bnt162b2|gg\n", "inputlog": ">version 686819e5e19f8a7fd2345cfc5a08a5085efa2cc3\n>start {\"formatid\":\"gen9randombattle\",\"seed\":\"sodium,a8b6550b49a3b2441ae157dcaa53f701\",\"rated\":\"Rated battle\"}\n>player p1 {\"name\":\"mola3652\",\"avatar\":\"169\",\"rating\":1521,\"seed\":\"sodium,6e9749a2afabe199afa381dd561c531c\"}\n>player p2 {\"name\":\"bnt162b2\",\"avatar\":\"170\",\"rating\":1571,\"seed\":\"sodium,75f42cddc01656e040dc8cd06be545af\"}\n>p1 move irondefense\n>p2 switch 5\n>p1 move bodypress\n>p2 move nastyplot\n>p1 move bodypress\n>p2 move alluringvoice\n>p2 switch 4\n>p1 move bodypress\n>p2 move focusblast\n>p1 switch 4\n>p1 move stickyweb\n>p2 move rockslide\n>p1 move lunge\n>p2 move rockslide\n>p1 switch 2\n>p1 move toxicspikes\n>p2 move earthquake\n>p1 move flamethrower\n>p2 move earthquake\n>p1 switch 3\n>p1 move sludgebomb terastallize\n>p2 move earthquake\n>p2 switch 6\n>p1 move surf\n>p2 move partingshot\n>p2 switch 5\n>p1 switch 6\n>p2 move shellsmash\n>p1 move encore\n>p2 switch 2\n>p1 move uturn\n>p2 move poltergeist\n>p1 switch 5\n>p1 move hydropump\n>p2 switch 3\n>p1 move fireblast\n>p2 move crunch\n>p1 move thunderwave\n>p2 move suckerpunch\n>p1 move fireblast\n>p2 move crunch\n>p2 switch 3\n>p1 switch 5\n>p2 move shadowsneak\n>p1 move encore\n>p2 switch 5\n>p1 move uturn\n>p2 move partingshot\n>p1 switch 5\n>p2 switch 5\n>p1 move thunderwave\n>p2 move shadowsneak\n>p1 switch 6\n>p1 move toxic\n>p2 move poltergeist\n>p1 switch 5\n>p2 move poltergeist\n>p1 move roost\n>p2 switch 5\n>p1 move thunderwave\n>p2 move recover\n>p1 move roost\n>p2 switch 5\n>p1 move uturn\n>p2 switch 5\n>p1 switch 5\n>p1 move surf\n>p2 move partingshot\n>p1 move surf\n>p2 switch 5\n>p1 switch 5\n>p2 move poltergeist\n>p1 move roost\n>p2 switch 5\n>p1 move uturn\n>p2 move recover\n>p1 switch 5\n>p1 move surf\n>p2 switch 5\n>p1 move surf\n>p2 move shadowsneak\n>p2 switch 5\n>p1 move surf\n>p2 move partingshot\n>p1 move surf\n>p2 move partingshot\n>p2 switch 2\n>p1 switch 5\n>p2 move stoneedge\n>p1 switch 5\n>p1 move surf\n>p2 move shellsmash terastallize\n>p1 move sludgebomb\n>p2 move liquidation", "uploadtime": 1771257397, "views": 5, "formatid": "gen9randombattle", "rating": 1504, "private": 0, "password": null}