{"id": "gen9randombattle-2540618969", "format": "[Gen 9] Random Battle", "players": ["chico._163", "Melphegor"], "log": "|j|☆chico._163\n|j|☆Melphegor\n|t:|1771228418\n|gametype|singles\n|player|p1|chico._163|2|1536\n|player|p2|Melphegor|n|1545\n|gen|9\n|tier|[Gen 9] Random Battle\n|rated|\n|rule|Species Clause: Limit one of each Pokémon\n|rule|HP Percentage Mod: HP is shown in percentages\n|rule|Sleep Clause Mod: Limit one foe put to sleep\n|rule|Illusion Level Mod: Illusion disguises the Pokémon's true level\n|\n|t:|1771228418\n|teamsize|p1|6\n|teamsize|p2|6\n|start\n|switch|p1a: Weezing|Weezing, L88, F|258/258\n|switch|p2a: Spidops|Spidops, L96, M|271/271\n|turn|1\n|inactive|Battle timer is ON: inactive players will automatically lose when time's up. (requested by chico._163)\n|\n|t:|1771228432\n|move|p1a: Weezing|Toxic Spikes|p2a: Spidops\n|-sidestart|p2: Melphegor|move: Toxic Spikes\n|move|p2a: Spidops|Knock Off|p1a: Weezing\n|-damage|p1a: Weezing|195/258\n|-enditem|p1a: Weezing|Leftovers|[from] move: Knock Off|[of] p2a: Spidops\n|\n|upkeep\n|turn|2\n|\n|t:|1771228445\n|move|p1a: Weezing|Toxic Spikes|p2a: Spidops\n|-sidestart|p2: Melphegor|move: Toxic Spikes\n|move|p2a: Spidops|Sticky Web|p1a: Weezing\n|-sidestart|p1: chico._163|move: Sticky Web\n|\n|upkeep\n|turn|3\n|\n|t:|1771228452\n|move|p1a: Weezing|Fire Blast|p2a: Spidops\n|-supereffective|p2a: Spidops\n|-damage|p2a: Spidops|141/271\n|move|p2a: Spidops|Circle Throw|p1a: Weezing\n|-resisted|p1a: Weezing\n|-damage|p1a: Weezing|176/258\n|drag|p1a: Orthworm|Orthworm, L88, M|266/266\n|-activate|p1a: Orthworm|move: Sticky Web\n|-unboost|p1a: Orthworm|spe|1\n|\n|upkeep\n|turn|4\n|\n|t:|1771228467\n|switch|p2a: Scizor|Scizor, L79, M|240/240\n|move|p1a: Orthworm|Iron Tail|p2a: Scizor\n|-resisted|p2a: Scizor\n|-damage|p2a: Scizor|189/240\n|\n|-heal|p2a: Scizor|204/240|[from] item: Leftovers\n|upkeep\n|turn|5\n|\n|t:|1771228477\n|move|p2a: Scizor|Defog|p1a: Orthworm\n|-unboost|p1a: Orthworm|evasion|1\n|-sideend|p1: chico._163|Sticky Web|[from] move: Defog|[of] p2a: Scizor\n|-sideend|p2: Melphegor|Toxic Spikes|[from] move: Defog|[of] p2a: Scizor\n|move|p1a: Orthworm|Body Press|p2a: Scizor\n|-damage|p2a: Scizor|123/240\n|\n|-heal|p2a: Scizor|138/240|[from] item: Leftovers\n|upkeep\n|turn|6\n|\n|t:|1771228494\n|switch|p2a: Spidops|Spidops, L96, M|141/271\n|move|p1a: Orthworm|Body Press|p2a: Spidops\n|-resisted|p2a: Spidops\n|-damage|p2a: Spidops|106/271\n|\n|upkeep\n|turn|7\n|\n|t:|1771228503\n|move|p2a: Spidops|Knock Off|p1a: Orthworm\n|-damage|p1a: Orthworm|213/266\n|-enditem|p1a: Orthworm|Chesto Berry|[from] move: Knock Off|[of] p2a: Spidops\n|move|p1a: Orthworm|Coil|p1a: Orthworm\n|-boost|p1a: Orthworm|atk|1\n|-boost|p1a: Orthworm|def|1\n|-boost|p1a: Orthworm|accuracy|1\n|\n|upkeep\n|turn|8\n|\n|t:|1771228511\n|move|p1a: Orthworm|Iron Tail|p2a: Spidops\n|-damage|p2a: Spidops|0 fnt\n|faint|p2a: Spidops\n|\n|upkeep\n|\n|t:|1771228529\n|switch|p2a: Lanturn|Lanturn, L89, M|367/367\n|turn|9\n|c|☆chico._163|Coonery\n|\n|t:|1771228552\n|switch|p1a: Chimecho|Chimecho, L93, M|290/290\n|move|p2a: Lanturn|Scald|p1a: Chimecho\n|-damage|p1a: Chimecho|212/290\n|-status|p1a: Chimecho|brn\n|\n|-heal|p1a: Chimecho|230/290 brn|[from] item: Leftovers\n|-damage|p1a: Chimecho|212/290 brn|[from] brn\n|upkeep\n|turn|10\n|\n|t:|1771228572\n|move|p1a: Chimecho|Psyshock|p2a: Lanturn\n|-damage|p2a: Lanturn|246/367\n|move|p2a: Lanturn|Volt Switch|p1a: Chimecho\n|-damage|p1a: Chimecho|148/290 brn\n|\n|t:|1771228584\n|switch|p2a: Scizor|Scizor, L79, M|138/240|[from] Volt Switch\n|\n|-heal|p1a: Chimecho|166/290 brn|[from] item: Leftovers\n|-heal|p2a: Scizor|153/240|[from] item: Leftovers\n|-damage|p1a: Chimecho|148/290 brn|[from] brn\n|upkeep\n|turn|11\n|\n|t:|1771228598\n|switch|p1a: Orthworm|Orthworm, L88, M|213/266\n|move|p2a: Scizor|Knock Off|p1a: Orthworm\n|-damage|p1a: Orthworm|180/266\n|\n|-heal|p2a: Scizor|168/240|[from] item: Leftovers\n|upkeep\n|turn|12\n|\n|t:|1771228607\n|move|p1a: Orthworm|Coil|p1a: Orthworm\n|-boost|p1a: Orthworm|atk|1\n|-boost|p1a: Orthworm|def|1\n|-boost|p1a: Orthworm|accuracy|1\n|move|p2a: Scizor|Close Combat|p1a: Orthworm\n|-supereffective|p1a: Orthworm\n|-damage|p1a: Orthworm|92/266\n|-unboost|p2a: Scizor|def|1\n|-unboost|p2a: Scizor|spd|1\n|\n|-heal|p2a: Scizor|183/240|[from] item: Leftovers\n|upkeep\n|turn|13\n|\n|t:|1771228627\n|switch|p2a: Mew|Mew, L82|298/298\n|move|p1a: Orthworm|Body Press|p2a: Mew\n|-resisted|p2a: Mew\n|-damage|p2a: Mew|239/298\n|\n|-heal|p2a: Mew|257/298|[from] item: Leftovers\n|upkeep\n|turn|14\n|\n|t:|1771228636\n|move|p2a: Mew|Encore|p1a: Orthworm\n|-start|p1a: Orthworm|Encore\n|move|p1a: Orthworm|Body Press|p2a: Mew\n|-resisted|p2a: Mew\n|-damage|p2a: Mew|194/298\n|\n|-heal|p2a: Mew|212/298|[from] item: Leftovers\n|upkeep\n|turn|15\n|\n|t:|1771228655\n|switch|p1a: Hoopa|Hoopa, L85|275/275\n|move|p2a: Mew|Will-O-Wisp|p1a: Hoopa\n|-status|p1a: Hoopa|brn\n|\n|-heal|p2a: Mew|230/298|[from] item: Leftovers\n|-damage|p1a: Hoopa|258/275 brn|[from] brn\n|upkeep\n|turn|16\n|\n|t:|1771228670\n|switch|p2a: Snorlax|Snorlax, L82, F|397/397\n|move|p1a: Hoopa|Shadow Ball|p2a: Snorlax\n|-immune|p2a: Snorlax\n|\n|-damage|p1a: Hoopa|241/275 brn|[from] brn\n|upkeep\n|turn|17\n|\n|t:|1771228685\n|switch|p1a: Orthworm|Orthworm, L88, M|92/266\n|switch|p2a: Mew|Mew, L82|230/298\n|\n|-heal|p2a: Mew|248/298|[from] item: Leftovers\n|upkeep\n|turn|18\n|\n|t:|1771228696\n|switch|p2a: Scizor|Scizor, L79, M|183/240\n|move|p1a: Orthworm|Rest|p1a: Orthworm\n|-status|p1a: Orthworm|slp|[from] move: Rest\n|-heal|p1a: Orthworm|266/266 slp|[silent]\n|\n|-heal|p2a: Scizor|198/240|[from] item: Leftovers\n|upkeep\n|turn|19\n|\n|t:|1771228709\n|cant|p1a: Orthworm|slp\n|move|p2a: Scizor|Knock Off|p1a: Orthworm\n|-damage|p1a: Orthworm|229/266 slp\n|\n|-heal|p2a: Scizor|213/240|[from] item: Leftovers\n|upkeep\n|turn|20\n|\n|t:|1771228717\n|cant|p1a: Orthworm|slp\n|move|p2a: Scizor|Close Combat|p1a: Orthworm\n|-supereffective|p1a: Orthworm\n|-damage|p1a: Orthworm|101/266 slp\n|-unboost|p2a: Scizor|def|1\n|-unboost|p2a: Scizor|spd|1\n|\n|-heal|p2a: Scizor|228/240|[from] item: Leftovers\n|upkeep\n|turn|21\n|\n|t:|1771228727\n|-curestatus|p1a: Orthworm|slp|[msg]\n|move|p1a: Orthworm|Body Press|p2a: Scizor\n|-damage|p2a: Scizor|115/240\n|move|p2a: Scizor|Close Combat|p1a: Orthworm\n|-supereffective|p1a: Orthworm\n|-damage|p1a: Orthworm|0 fnt\n|-unboost|p2a: Scizor|def|1\n|-unboost|p2a: Scizor|spd|1\n|faint|p1a: Orthworm\n|\n|-heal|p2a: Scizor|130/240|[from] item: Leftovers\n|upkeep\n|\n|t:|1771228754\n|switch|p1a: Weezing|Weezing, L88, F|176/258\n|turn|22\n|\n|t:|1771228760\n|switch|p2a: Mew|Mew, L82|248/298\n|move|p1a: Weezing|Fire Blast|p2a: Mew\n|-damage|p2a: Mew|174/298\n|\n|-heal|p2a: Mew|192/298|[from] item: Leftovers\n|upkeep\n|turn|23\n|\n|t:|1771228777\n|switch|p2a: Scizor|Scizor, L79, M|130/240\n|switch|p1a: Chimecho|Chimecho, L93, M|148/290 brn\n|\n|-heal|p1a: Chimecho|166/290 brn|[from] item: Leftovers\n|-heal|p2a: Scizor|145/240|[from] item: Leftovers\n|-damage|p1a: Chimecho|148/290 brn|[from] brn\n|upkeep\n|turn|24\n|\n|t:|1771228796\n|switch|p1a: Weezing|Weezing, L88, F|176/258\n|move|p2a: Scizor|Knock Off|p1a: Weezing\n|-damage|p1a: Weezing|138/258\n|\n|-heal|p2a: Scizor|160/240|[from] item: Leftovers\n|upkeep\n|turn|25\n|\n|t:|1771228805\n|switch|p2a: Lanturn|Lanturn, L89, M|246/367\n|move|p1a: Weezing|Pain Split|p2a: Lanturn\n|-sethp|p2a: Lanturn|192/367|[from] move: Pain Split|[silent]\n|-sethp|p1a: Weezing|192/258|[from] move: Pain Split\n|\n|upkeep\n|turn|26\n|\n|t:|1771228818\n|switch|p1a: Dunsparce|Dunsparce, L86, F|312/312\n|move|p2a: Lanturn|Scald|p1a: Dunsparce\n|-damage|p1a: Dunsparce|254/312\n|\n|upkeep\n|turn|27\n|\n|t:|1771228833\n|move|p2a: Lanturn|Scald|p1a: Dunsparce\n|-damage|p1a: Dunsparce|185/312\n|move|p1a: Dunsparce|Earthquake|p2a: Lanturn\n|-supereffective|p2a: Lanturn\n|-damage|p2a: Lanturn|56/367\n|\n|upkeep\n|turn|28\n|\n|t:|1771228840\n|move|p2a: Lanturn|Scald|p1a: Dunsparce\n|-damage|p1a: Dunsparce|122/312\n|move|p1a: Dunsparce|Earthquake|p2a: Lanturn\n|-supereffective|p2a: Lanturn\n|-damage|p2a: Lanturn|0 fnt\n|faint|p2a: Lanturn\n|\n|upkeep\n|\n|t:|1771228849\n|switch|p2a: Scizor|Scizor, L79, M|160/240\n|turn|29\n|\n|t:|1771228856\n|-terastallize|p1a: Dunsparce|Ghost\n|move|p2a: Scizor|Knock Off|p1a: Dunsparce\n|-supereffective|p1a: Dunsparce\n|-damage|p1a: Dunsparce|12/312\n|-enditem|p1a: Dunsparce|Eviolite|[from] move: Knock Off|[of] p2a: Scizor\n|move|p1a: Dunsparce|Earthquake|p2a: Scizor\n|-damage|p2a: Scizor|103/240\n|\n|-heal|p2a: Scizor|118/240|[from] item: Leftovers\n|upkeep\n|turn|30\n|\n|t:|1771228869\n|switch|p1a: Weezing|Weezing, L88, F|192/258\n|move|p2a: Scizor|Knock Off|p1a: Weezing\n|-damage|p1a: Weezing|150/258\n|\n|-heal|p2a: Scizor|133/240|[from] item: Leftovers\n|upkeep\n|turn|31\n|\n|t:|1771228882\n|switch|p2a: Snorlax|Snorlax, L82, F|397/397\n|move|p1a: Weezing|Pain Split|p2a: Snorlax\n|-sethp|p2a: Snorlax|273/397|[from] move: Pain Split|[silent]\n|-sethp|p1a: Weezing|258/258|[from] move: Pain Split\n|\n|-heal|p2a: Snorlax|297/397|[from] item: Leftovers\n|upkeep\n|turn|32\n|\n|t:|1771228897\n|switch|p2a: Scizor|Scizor, L79, M|133/240\n|move|p1a: Weezing|Toxic Spikes|p2a: Scizor\n|-sidestart|p2: Melphegor|move: Toxic Spikes\n|\n|-heal|p2a: Scizor|148/240|[from] item: Leftovers\n|upkeep\n|turn|33\n|\n|t:|1771228908\n|switch|p2a: Snorlax|Snorlax, L82, F|297/397\n|-status|p2a: Snorlax|psn\n|move|p1a: Weezing|Toxic Spikes|p2a: Snorlax\n|-sidestart|p2: Melphegor|move: Toxic Spikes\n|\n|-heal|p2a: Snorlax|321/397 psn|[from] item: Leftovers\n|-damage|p2a: Snorlax|272/397 psn|[from] psn\n|upkeep\n|turn|34\n|\n|t:|1771228923\n|switch|p1a: Dunsparce|Dunsparce, L86, F, tera:Ghost|12/312\n|move|p2a: Snorlax|Body Slam|p1a: Dunsparce\n|-immune|p1a: Dunsparce\n|\n|-heal|p2a: Snorlax|296/397 psn|[from] item: Leftovers\n|-damage|p2a: Snorlax|247/397 psn|[from] psn\n|upkeep\n|turn|35\n|\n|t:|1771228935\n|switch|p2a: Scizor|Scizor, L79, M|148/240\n|move|p1a: Dunsparce|Roost|p1a: Dunsparce\n|-heal|p1a: Dunsparce|168/312\n|\n|-heal|p2a: Scizor|163/240|[from] item: Leftovers\n|upkeep\n|turn|36\n|\n|t:|1771228953\n|switch|p1a: Weezing|Weezing, L88, F|258/258\n|move|p2a: Scizor|Knock Off|p1a: Weezing\n|-damage|p1a: Weezing|215/258\n|\n|-heal|p2a: Scizor|178/240|[from] item: Leftovers\n|upkeep\n|turn|37\n|\n|t:|1771228964\n|switch|p2a: Snorlax|Snorlax, L82, F|247/397 psn\n|move|p1a: Weezing|Sludge Bomb|p2a: Snorlax\n|-damage|p2a: Snorlax|171/397 psn\n|\n|-heal|p2a: Snorlax|195/397 psn|[from] item: Leftovers\n|-damage|p2a: Snorlax|146/397 psn|[from] psn\n|upkeep\n|turn|38\n|\n|t:|1771228978\n|switch|p1a: Chimecho|Chimecho, L93, M|148/290 brn\n|move|p2a: Snorlax|Rest|p2a: Snorlax\n|-status|p2a: Snorlax|slp|[from] move: Rest\n|-heal|p2a: Snorlax|397/397 slp|[silent]\n|\n|-heal|p1a: Chimecho|166/290 brn|[from] item: Leftovers\n|-damage|p1a: Chimecho|148/290 brn|[from] brn\n|upkeep\n|turn|39\n|\n|t:|1771228992\n|switch|p2a: Scizor|Scizor, L79, M|178/240\n|move|p1a: Chimecho|Recover|p1a: Chimecho\n|-heal|p1a: Chimecho|290/290 brn\n|\n|-heal|p2a: Scizor|193/240|[from] item: Leftovers\n|-damage|p1a: Chimecho|272/290 brn|[from] brn\n|upkeep\n|turn|40\n|\n|t:|1771229003\n|switch|p1a: Weezing|Weezing, L88, F|215/258\n|switch|p2a: Mew|Mew, L82|192/298\n|-status|p2a: Mew|tox\n|\n|-heal|p2a: Mew|210/298 tox|[from] item: Leftovers\n|-damage|p2a: Mew|192/298 tox|[from] psn\n|upkeep\n|turn|41\n|\n|t:|1771229015\n|switch|p2a: Scizor|Scizor, L79, M|193/240\n|switch|p1a: Chimecho|Chimecho, L93, M|272/290 brn\n|\n|-heal|p1a: Chimecho|290/290 brn|[from] item: Leftovers\n|-heal|p2a: Scizor|208/240|[from] item: Leftovers\n|-damage|p1a: Chimecho|272/290 brn|[from] brn\n|upkeep\n|turn|42\n|\n|t:|1771229027\n|switch|p1a: Dunsparce|Dunsparce, L86, F, tera:Ghost|168/312\n|move|p2a: Scizor|Knock Off|p1a: Dunsparce\n|-supereffective|p1a: Dunsparce\n|-damage|p1a: Dunsparce|38/312\n|\n|-heal|p2a: Scizor|223/240|[from] item: Leftovers\n|upkeep\n|turn|43\n|\n|t:|1771229040\n|switch|p1a: Weezing|Weezing, L88, F|215/258\n|move|p2a: Scizor|Knock Off|p1a: Weezing\n|-damage|p1a: Weezing|173/258\n|\n|-heal|p2a: Scizor|238/240|[from] item: Leftovers\n|upkeep\n|turn|44\n|\n|t:|1771229048\n|switch|p2a: Snorlax|Snorlax, L82, F|397/397 slp\n|move|p1a: Weezing|Fire Blast|p2a: Snorlax\n|-damage|p2a: Snorlax|366/397 slp\n|\n|-heal|p2a: Snorlax|390/397 slp|[from] item: Leftovers\n|upkeep\n|turn|45\n|\n|t:|1771229058\n|move|p1a: Weezing|Sludge Bomb|p2a: Snorlax\n|-damage|p2a: Snorlax|314/397 slp\n|cant|p2a: Snorlax|slp\n|move|p2a: Snorlax|Sleep Talk|p2a: Snorlax\n|move|p2a: Snorlax|Curse|p2a: Snorlax|[from] move: Sleep Talk\n|-unboost|p2a: Snorlax|spe|1\n|-boost|p2a: Snorlax|atk|1\n|-boost|p2a: Snorlax|def|1\n|\n|-heal|p2a: Snorlax|338/397 slp|[from] item: Leftovers\n|upkeep\n|turn|46\n|\n|t:|1771229079\n|move|p1a: Weezing|Pain Split|p2a: Snorlax\n|-sethp|p2a: Snorlax|255/397 slp|[from] move: Pain Split|[silent]\n|-sethp|p1a: Weezing|255/258|[from] move: Pain Split\n|cant|p2a: Snorlax|slp\n|move|p2a: Snorlax|Sleep Talk|p2a: Snorlax\n|move|p2a: Snorlax|Curse|p2a: Snorlax|[from] move: Sleep Talk\n|-unboost|p2a: Snorlax|spe|1\n|-boost|p2a: Snorlax|atk|1\n|-boost|p2a: Snorlax|def|1\n|\n|-heal|p2a: Snorlax|279/397 slp|[from] item: Leftovers\n|upkeep\n|turn|47\n|\n|t:|1771229096\n|switch|p1a: Dunsparce|Dunsparce, L86, F, tera:Ghost|38/312\n|switch|p2a: Scizor|Scizor, L79, M|238/240\n|\n|-heal|p2a: Scizor|240/240|[from] item: Leftovers\n|upkeep\n|turn|48\n|\n|t:|1771229107\n|switch|p1a: Weezing|Weezing, L88, F|255/258\n|move|p2a: Scizor|Knock Off|p1a: Weezing\n|-damage|p1a: Weezing|216/258\n|\n|upkeep\n|turn|49\n|\n|t:|1771229115\n|switch|p2a: Snorlax|Snorlax, L82, F|279/397 slp\n|move|p1a: Weezing|Fire Blast|p2a: Snorlax\n|-damage|p2a: Snorlax|246/397 slp\n|\n|-heal|p2a: Snorlax|270/397 slp|[from] item: Leftovers\n|upkeep\n|turn|50\n|\n|t:|1771229132\n|switch|p1a: Dunsparce|Dunsparce, L86, F, tera:Ghost|38/312\n|-curestatus|p2a: Snorlax|slp|[msg]\n|move|p2a: Snorlax|Body Slam|p1a: Dunsparce\n|-immune|p1a: Dunsparce\n|\n|-heal|p2a: Snorlax|294/397|[from] item: Leftovers\n|upkeep\n|turn|51\n|\n|t:|1771229145\n|switch|p2a: Scizor|Scizor, L79, M|240/240\n|move|p1a: Dunsparce|Roost|p1a: Dunsparce\n|-heal|p1a: Dunsparce|194/312\n|\n|upkeep\n|turn|52\n|\n|t:|1771229156\n|switch|p1a: Weezing|Weezing, L88, F|216/258\n|move|p2a: Scizor|Knock Off|p1a: Weezing\n|-damage|p1a: Weezing|173/258\n|\n|upkeep\n|turn|53\n|\n|t:|1771229163\n|switch|p2a: Snorlax|Snorlax, L82, F|294/397\n|-status|p2a: Snorlax|tox\n|move|p1a: Weezing|Pain Split|p2a: Snorlax\n|-sethp|p2a: Snorlax|233/397 tox|[from] move: Pain Split|[silent]\n|-sethp|p1a: Weezing|233/258|[from] move: Pain Split\n|\n|-heal|p2a: Snorlax|257/397 tox|[from] item: Leftovers\n|-damage|p2a: Snorlax|233/397 tox|[from] psn\n|upkeep\n|turn|54\n|\n|t:|1771229183\n|move|p1a: Weezing|Fire Blast|p2a: Snorlax\n|-damage|p2a: Snorlax|202/397 tox\n|move|p2a: Snorlax|Curse|p2a: Snorlax\n|-unboost|p2a: Snorlax|spe|1\n|-boost|p2a: Snorlax|atk|1\n|-boost|p2a: Snorlax|def|1\n|\n|-heal|p2a: Snorlax|226/397 tox|[from] item: Leftovers\n|-damage|p2a: Snorlax|178/397 tox|[from] psn\n|upkeep\n|turn|55\n|\n|t:|1771229194\n|switch|p1a: Dunsparce|Dunsparce, L86, F, tera:Ghost|194/312\n|move|p2a: Snorlax|Rest|p2a: Snorlax\n|-status|p2a: Snorlax|slp|[from] move: Rest\n|-heal|p2a: Snorlax|397/397 slp|[silent]\n|\n|upkeep\n|turn|56\n|inactive|Melphegor has 120 seconds left.\n|\n|t:|1771229215\n|move|p1a: Dunsparce|Roost|p1a: Dunsparce\n|-heal|p1a: Dunsparce|312/312\n|cant|p2a: Snorlax|slp\n|move|p2a: Snorlax|Sleep Talk|p2a: Snorlax\n|move|p2a: Snorlax|Rest||[from] move: Sleep Talk|[still]\n|-fail|p2a: Snorlax\n|\n|upkeep\n|turn|57\n|inactive|Melphegor has 120 seconds left.\n|\n|t:|1771229225\n|switch|p2a: Scizor|Scizor, L79, M|240/240\n|move|p1a: Dunsparce|Coil|p1a: Dunsparce\n|-boost|p1a: Dunsparce|atk|1\n|-boost|p1a: Dunsparce|def|1\n|-boost|p1a: Dunsparce|accuracy|1\n|\n|upkeep\n|turn|58\n|inactive|Melphegor has 120 seconds left.\n|\n|t:|1771229234\n|switch|p2a: Mew|Mew, L82|192/298 tox\n|move|p1a: Dunsparce|Coil|p1a: Dunsparce\n|-boost|p1a: Dunsparce|atk|1\n|-boost|p1a: Dunsparce|def|1\n|-boost|p1a: Dunsparce|accuracy|1\n|\n|-heal|p2a: Mew|210/298 tox|[from] item: Leftovers\n|-damage|p2a: Mew|192/298 tox|[from] psn\n|upkeep\n|turn|59\n|inactive|Melphegor has 120 seconds left.\n|\n|t:|1771229248\n|move|p2a: Mew|Encore|p1a: Dunsparce\n|-start|p1a: Dunsparce|Encore\n|move|p1a: Dunsparce|Coil|p1a: Dunsparce\n|-boost|p1a: Dunsparce|atk|1\n|-boost|p1a: Dunsparce|def|1\n|-boost|p1a: Dunsparce|accuracy|1\n|\n|-heal|p2a: Mew|210/298 tox|[from] item: Leftovers\n|-damage|p2a: Mew|174/298 tox|[from] psn\n|upkeep\n|turn|60\n|inactive|Melphegor has 120 seconds left.\n|\n|t:|1771229261\n|switch|p1a: Chimecho|Chimecho, L93, M|272/290 brn\n|move|p2a: Mew|Will-O-Wisp|p1a: Chimecho\n|-fail|p1a: Chimecho|brn\n|\n|-heal|p2a: Mew|192/298 tox|[from] item: Leftovers\n|-heal|p1a: Chimecho|290/290 brn|[from] item: Leftovers\n|-damage|p2a: Mew|138/298 tox|[from] psn\n|-damage|p1a: Chimecho|272/290 brn|[from] brn\n|upkeep\n|turn|61\n|inactive|Melphegor has 120 seconds left.\n|\n|t:|1771229275\n|move|p2a: Mew|Stealth Rock|p1a: Chimecho\n|-sidestart|p1: chico._163|move: Stealth Rock\n|move|p1a: Chimecho|Psyshock|p2a: Mew\n|-resisted|p2a: Mew\n|-damage|p2a: Mew|88/298 tox\n|\n|-heal|p2a: Mew|106/298 tox|[from] item: Leftovers\n|-heal|p1a: Chimecho|290/290 brn|[from] item: Leftovers\n|-damage|p2a: Mew|34/298 tox|[from] psn\n|-damage|p1a: Chimecho|272/290 brn|[from] brn\n|upkeep\n|turn|62\n|inactive|Melphegor has 120 seconds left.\n|\n|t:|1771229288\n|switch|p2a: Scizor|Scizor, L79, M|240/240\n|move|p1a: Chimecho|Dazzling Gleam|p2a: Scizor\n|-resisted|p2a: Scizor\n|-damage|p2a: Scizor|204/240\n|\n|-heal|p1a: Chimecho|290/290 brn|[from] item: Leftovers\n|-heal|p2a: Scizor|219/240|[from] item: Leftovers\n|-damage|p1a: Chimecho|272/290 brn|[from] brn\n|upkeep\n|turn|63\n|inactive|Melphegor has 120 seconds left.\n|\n|t:|1771229298\n|switch|p1a: Weezing|Weezing, L88, F|233/258\n|-damage|p1a: Weezing|201/258|[from] Stealth Rock\n|move|p2a: Scizor|Knock Off|p1a: Weezing\n|-damage|p1a: Weezing|158/258\n|\n|-heal|p2a: Scizor|234/240|[from] item: Leftovers\n|upkeep\n|turn|64\n|\n|t:|1771229308\n|switch|p2a: Snorlax|Snorlax, L82, F|397/397 slp\n|move|p1a: Weezing|Pain Split|p2a: Snorlax\n|-sethp|p2a: Snorlax|277/397 slp|[from] move: Pain Split|[silent]\n|-sethp|p1a: Weezing|258/258|[from] move: Pain Split\n|\n|-heal|p2a: Snorlax|301/397 slp|[from] item: Leftovers\n|upkeep\n|turn|65\n|\n|t:|1771229326\n|switch|p1a: Qwilfish|Qwilfish, L86, M|252/252\n|-ability|p1a: Qwilfish|Intimidate|boost\n|-unboost|p2a: Snorlax|atk|1\n|cant|p2a: Snorlax|slp\n|move|p2a: Snorlax|Sleep Talk|p2a: Snorlax\n|move|p2a: Snorlax|Body Slam|p1a: Qwilfish|[from] move: Sleep Talk\n|-damage|p1a: Qwilfish|188/252\n|-status|p1a: Qwilfish|par\n|\n|-heal|p2a: Snorlax|325/397 slp|[from] item: Leftovers\n|upkeep\n|turn|66\n|\n|t:|1771229346\n|move|p1a: Qwilfish|Thunder Wave||[still]\n|-fail|p1a: Qwilfish\n|-curestatus|p2a: Snorlax|slp|[msg]\n|move|p2a: Snorlax|Body Slam|p1a: Qwilfish\n|-damage|p1a: Qwilfish|128/252 par\n|\n|-heal|p2a: Snorlax|349/397|[from] item: Leftovers\n|upkeep\n|turn|67\n|\n|t:|1771229355\n|move|p1a: Qwilfish|Thunder Wave|p2a: Snorlax\n|-status|p2a: Snorlax|par\n|cant|p2a: Snorlax|par\n|\n|-heal|p2a: Snorlax|373/397 par|[from] item: Leftovers\n|upkeep\n|turn|68\n|\n|t:|1771229363\n|move|p1a: Qwilfish|Gunk Shot|p2a: Snorlax|[miss]\n|-miss|p1a: Qwilfish|p2a: Snorlax\n|move|p2a: Snorlax|Body Slam|p1a: Qwilfish\n|-damage|p1a: Qwilfish|62/252 par\n|\n|-heal|p2a: Snorlax|397/397 par|[from] item: Leftovers\n|upkeep\n|turn|69\n|\n|t:|1771229372\n|move|p1a: Qwilfish|Pain Split|p2a: Snorlax\n|-sethp|p2a: Snorlax|229/397 par|[from] move: Pain Split|[silent]\n|-sethp|p1a: Qwilfish|229/252 par|[from] move: Pain Split\n|move|p2a: Snorlax|Body Slam|p1a: Qwilfish\n|-damage|p1a: Qwilfish|168/252 par\n|\n|-heal|p2a: Snorlax|253/397 par|[from] item: Leftovers\n|upkeep\n|turn|70\n|\n|t:|1771229385\n|move|p1a: Qwilfish|Gunk Shot|p2a: Snorlax\n|-damage|p2a: Snorlax|91/397 par\n|cant|p2a: Snorlax|par\n|\n|-heal|p2a: Snorlax|115/397 par|[from] item: Leftovers\n|upkeep\n|turn|71\n|\n|t:|1771229401\n|switch|p2a: Scizor|Scizor, L79, M|234/240\n|move|p1a: Qwilfish|Gunk Shot|p2a: Scizor\n|-immune|p2a: Scizor\n|\n|-heal|p2a: Scizor|240/240|[from] item: Leftovers\n|upkeep\n|turn|72\n|\n|t:|1771229411\n|switch|p2a: Raging Bolt|Raging Bolt, L78|323/323\n|-status|p2a: Raging Bolt|tox\n|move|p1a: Qwilfish|Flip Turn|p2a: Raging Bolt\n|-resisted|p2a: Raging Bolt\n|-damage|p2a: Raging Bolt|288/323 tox\n|\n|t:|1771229422\n|switch|p1a: Chimecho|Chimecho, L93, M|272/290 brn|[from] Flip Turn\n|-damage|p1a: Chimecho|236/290 brn|[from] Stealth Rock\n|\n|-heal|p1a: Chimecho|254/290 brn|[from] item: Leftovers\n|-damage|p2a: Raging Bolt|268/323 tox|[from] psn\n|-damage|p1a: Chimecho|236/290 brn|[from] brn\n|upkeep\n|turn|73\n|\n|t:|1771229432\n|-end|p2a: Raging Bolt|Protosynthesis|[silent]\n|switch|p2a: Scizor|Scizor, L79, M|240/240\n|move|p1a: Chimecho|Dazzling Gleam|p2a: Scizor\n|-resisted|p2a: Scizor\n|-damage|p2a: Scizor|200/240\n|\n|-heal|p1a: Chimecho|254/290 brn|[from] item: Leftovers\n|-heal|p2a: Scizor|215/240|[from] item: Leftovers\n|-damage|p1a: Chimecho|236/290 brn|[from] brn\n|upkeep\n|turn|74\n|\n|t:|1771229445\n|switch|p1a: Weezing|Weezing, L88, F|258/258\n|-damage|p1a: Weezing|226/258|[from] Stealth Rock\n|move|p2a: Scizor|Knock Off|p1a: Weezing\n|-damage|p1a: Weezing|183/258\n|\n|-heal|p2a: Scizor|230/240|[from] item: Leftovers\n|upkeep\n|turn|75\n|\n|t:|1771229454\n|switch|p2a: Snorlax|Snorlax, L82, F|115/397 par\n|move|p1a: Weezing|Fire Blast|p2a: Snorlax\n|-damage|p2a: Snorlax|79/397 par\n|\n|-heal|p2a: Snorlax|103/397 par|[from] item: Leftovers\n|upkeep\n|turn|76\n|\n|t:|1771229464\n|move|p1a: Weezing|Sludge Bomb|p2a: Snorlax\n|-damage|p2a: Snorlax|18/397 par\n|move|p2a: Snorlax|Rest|p2a: Snorlax\n|-status|p2a: Snorlax|slp|[from] move: Rest\n|-heal|p2a: Snorlax|397/397 slp|[silent]\n|\n|upkeep\n|turn|77\n|n|!chico._163|chico163\n|inactive|chico._163 has 120 seconds left.\n|\n|t:|1771229499\n|move|p1a: Weezing|Pain Split|p2a: Snorlax\n|-sethp|p2a: Snorlax|290/397 slp|[from] move: Pain Split|[silent]\n|-sethp|p1a: Weezing|258/258|[from] move: Pain Split\n|cant|p2a: Snorlax|slp\n|move|p2a: Snorlax|Sleep Talk|p2a: Snorlax\n|move|p2a: Snorlax|Curse|p2a: Snorlax|[from] move: Sleep Talk\n|-unboost|p2a: Snorlax|spe|1\n|-boost|p2a: Snorlax|atk|1\n|-boost|p2a: Snorlax|def|1\n|\n|-heal|p2a: Snorlax|314/397 slp|[from] item: Leftovers\n|upkeep\n|turn|78\n|inactive|chico._163 has 120 seconds left.\n|\n|t:|1771229525\n|switch|p1a: Dunsparce|Dunsparce, L86, F, tera:Ghost|312/312\n|-damage|p1a: Dunsparce|273/312|[from] Stealth Rock\n|cant|p2a: Snorlax|slp\n|move|p2a: Snorlax|Sleep Talk|p2a: Snorlax\n|move|p2a: Snorlax|Rest||[from] move: Sleep Talk|[still]\n|-fail|p2a: Snorlax\n|\n|-heal|p2a: Snorlax|338/397 slp|[from] item: Leftovers\n|upkeep\n|turn|79\n|\n|t:|1771229542\n|switch|p2a: Scizor|Scizor, L79, M|230/240\n|move|p1a: Dunsparce|Earthquake|p2a: Scizor\n|-damage|p2a: Scizor|172/240\n|\n|-heal|p2a: Scizor|187/240|[from] item: Leftovers\n|upkeep\n|turn|80\n|\n|t:|1771229551\n|move|p2a: Scizor|Knock Off|p1a: Dunsparce\n|-supereffective|p1a: Dunsparce\n|-damage|p1a: Dunsparce|157/312\n|move|p1a: Dunsparce|Coil|p1a: Dunsparce\n|-boost|p1a: Dunsparce|atk|1\n|-boost|p1a: Dunsparce|def|1\n|-boost|p1a: Dunsparce|accuracy|1\n|\n|-heal|p2a: Scizor|202/240|[from] item: Leftovers\n|upkeep\n|turn|81\n|inactive|chico._163 has 90 seconds left.\n|\n|t:|1771229593\n|move|p2a: Scizor|Knock Off|p1a: Dunsparce\n|-supereffective|p1a: Dunsparce\n|-damage|p1a: Dunsparce|81/312\n|move|p1a: Dunsparce|Coil|p1a: Dunsparce\n|-boost|p1a: Dunsparce|atk|1\n|-boost|p1a: Dunsparce|def|1\n|-boost|p1a: Dunsparce|accuracy|1\n|\n|-heal|p2a: Scizor|217/240|[from] item: Leftovers\n|upkeep\n|turn|82\n|\n|t:|1771229603\n|move|p2a: Scizor|Knock Off|p1a: Dunsparce\n|-supereffective|p1a: Dunsparce\n|-damage|p1a: Dunsparce|17/312\n|move|p1a: Dunsparce|Earthquake|p2a: Scizor\n|-damage|p2a: Scizor|109/240\n|\n|-heal|p2a: Scizor|124/240|[from] item: Leftovers\n|upkeep\n|turn|83\n|inactive|chico._163 has 90 seconds left.\n|\n|t:|1771229612\n|move|p2a: Scizor|Knock Off|p1a: Dunsparce\n|-supereffective|p1a: Dunsparce\n|-damage|p1a: Dunsparce|0 fnt\n|faint|p1a: Dunsparce\n|\n|-heal|p2a: Scizor|139/240|[from] item: Leftovers\n|upkeep\n|inactive|chico._163 has 90 seconds left.\n|\n|t:|1771229619\n|switch|p1a: Weezing|Weezing, L88, F|258/258\n|-damage|p1a: Weezing|226/258|[from] Stealth Rock\n|turn|84\n|\n|t:|1771229626\n|switch|p2a: Snorlax|Snorlax, L82, F|338/397 slp\n|move|p1a: Weezing|Sludge Bomb|p2a: Snorlax\n|-damage|p2a: Snorlax|253/397 slp\n|\n|-heal|p2a: Snorlax|277/397 slp|[from] item: Leftovers\n|upkeep\n|turn|85\n|\n|t:|1771229636\n|switch|p1a: Qwilfish|Qwilfish, L86, M|168/252 par\n|-ability|p1a: Qwilfish|Intimidate|boost\n|-unboost|p2a: Snorlax|atk|1\n|-curestatus|p2a: Snorlax|slp|[msg]\n|move|p2a: Snorlax|Body Slam|p1a: Qwilfish\n|-damage|p1a: Qwilfish|101/252 par\n|\n|-heal|p2a: Snorlax|301/397|[from] item: Leftovers\n|upkeep\n|turn|86\n|\n|t:|1771229648\n|switch|p2a: Mew|Mew, L82|34/298 tox\n|cant|p1a: Qwilfish|par\n|\n|-heal|p2a: Mew|52/298 tox|[from] item: Leftovers\n|-damage|p2a: Mew|34/298 tox|[from] psn\n|upkeep\n|turn|87\n|\n|t:|1771229671\n|switch|p2a: Raging Bolt|Raging Bolt, L78|268/323 tox\n|switch|p1a: Chimecho|Chimecho, L93, M|236/290 brn\n|-damage|p1a: Chimecho|200/290 brn|[from] Stealth Rock\n|\n|-heal|p1a: Chimecho|218/290 brn|[from] item: Leftovers\n|-damage|p2a: Raging Bolt|248/323 tox|[from] psn\n|-damage|p1a: Chimecho|200/290 brn|[from] brn\n|upkeep\n|turn|88\n|\n|t:|1771229683\n|switch|p1a: Weezing|Weezing, L88, F|226/258\n|-damage|p1a: Weezing|194/258|[from] Stealth Rock\n|-end|p2a: Raging Bolt|Protosynthesis|[silent]\n|switch|p2a: Scizor|Scizor, L79, M|139/240\n|\n|-heal|p2a: Scizor|154/240|[from] item: Leftovers\n|upkeep\n|turn|89\n|\n|t:|1771229693\n|switch|p1a: Qwilfish|Qwilfish, L86, M|101/252 par\n|-ability|p1a: Qwilfish|Intimidate|boost\n|-unboost|p2a: Scizor|atk|1\n|switch|p2a: Snorlax|Snorlax, L82, F|301/397\n|-status|p2a: Snorlax|tox\n|\n|-heal|p2a: Snorlax|325/397 tox|[from] item: Leftovers\n|-damage|p2a: Snorlax|301/397 tox|[from] psn\n|upkeep\n|turn|90\n|\n|t:|1771229705\n|move|p1a: Qwilfish|Thunder Wave||[still]\n|-fail|p1a: Qwilfish\n|move|p2a: Snorlax|Body Slam|p1a: Qwilfish\n|-damage|p1a: Qwilfish|0 fnt\n|faint|p1a: Qwilfish\n|\n|-heal|p2a: Snorlax|325/397 tox|[from] item: Leftovers\n|-damage|p2a: Snorlax|277/397 tox|[from] psn\n|upkeep\n|\n|t:|1771229718\n|switch|p1a: Hoopa|Hoopa, L85|241/275 brn\n|-damage|p1a: Hoopa|207/275 brn|[from] Stealth Rock\n|turn|91\n|\n|t:|1771229727\n|switch|p2a: Mew|Mew, L82|34/298 tox\n|move|p1a: Hoopa|Focus Blast|p2a: Mew\n|-resisted|p2a: Mew\n|-damage|p2a: Mew|0 fnt\n|faint|p2a: Mew\n|\n|-damage|p1a: Hoopa|190/275 brn|[from] brn\n|upkeep\n|\n|t:|1771229737\n|switch|p2a: Raging Bolt|Raging Bolt, L78|248/323 tox\n|turn|92\n|\n|t:|1771229743\n|switch|p1a: Chimecho|Chimecho, L93, M|200/290 brn\n|-damage|p1a: Chimecho|164/290 brn|[from] Stealth Rock\n|move|p2a: Raging Bolt|Thunderbolt|p1a: Chimecho\n|-damage|p1a: Chimecho|70/290 brn\n|\n|-heal|p1a: Chimecho|88/290 brn|[from] item: Leftovers\n|-damage|p2a: Raging Bolt|228/323 tox|[from] psn\n|-damage|p1a: Chimecho|70/290 brn|[from] brn\n|upkeep\n|turn|93\n|inactive|chico._163 has 120 seconds left.\n|\n|t:|1771229755\n|-end|p2a: Raging Bolt|Protosynthesis|[silent]\n|switch|p2a: Scizor|Scizor, L79, M|154/240\n|move|p1a: Chimecho|Recover|p1a: Chimecho\n|-heal|p1a: Chimecho|215/290 brn\n|\n|-heal|p1a: Chimecho|233/290 brn|[from] item: Leftovers\n|-heal|p2a: Scizor|169/240|[from] item: Leftovers\n|-damage|p1a: Chimecho|215/290 brn|[from] brn\n|upkeep\n|turn|94\n|inactive|chico._163 has 120 seconds left.\n|\n|t:|1771229766\n|switch|p1a: Weezing|Weezing, L88, F|194/258\n|-damage|p1a: Weezing|162/258|[from] Stealth Rock\n|move|p2a: Scizor|Knock Off|p1a: Weezing\n|-damage|p1a: Weezing|125/258\n|\n|-heal|p2a: Scizor|184/240|[from] item: Leftovers\n|upkeep\n|turn|95\n|inactive|chico._163 has 120 seconds left.\n|\n|t:|1771229775\n|switch|p2a: Snorlax|Snorlax, L82, F|277/397 tox\n|move|p1a: Weezing|Pain Split|p2a: Snorlax\n|-sethp|p2a: Snorlax|201/397 tox|[from] move: Pain Split|[silent]\n|-sethp|p1a: Weezing|201/258|[from] move: Pain Split\n|\n|-heal|p2a: Snorlax|225/397 tox|[from] item: Leftovers\n|-damage|p2a: Snorlax|201/397 tox|[from] psn\n|upkeep\n|turn|96\n|inactive|chico._163 has 120 seconds left.\n|\n|t:|1771229788\n|switch|p1a: Hoopa|Hoopa, L85|190/275 brn\n|-damage|p1a: Hoopa|156/275 brn|[from] Stealth Rock\n|move|p2a: Snorlax|Rest|p2a: Snorlax\n|-status|p2a: Snorlax|slp|[from] move: Rest\n|-heal|p2a: Snorlax|397/397 slp|[silent]\n|\n|-damage|p1a: Hoopa|139/275 brn|[from] brn\n|upkeep\n|turn|97\n|inactive|chico._163 has 120 seconds left.\n|inactive|Melphegor has 120 seconds left.\n|\n|t:|1771229820\n|switch|p2a: Raging Bolt|Raging Bolt, L78|228/323 tox\n|move|p1a: Hoopa|Focus Blast|p2a: Raging Bolt\n|-damage|p2a: Raging Bolt|145/323 tox\n|\n|-damage|p2a: Raging Bolt|125/323 tox|[from] psn\n|-damage|p1a: Hoopa|122/275 brn|[from] brn\n|upkeep\n|turn|98\n|inactive|chico._163 has 120 seconds left.\n|inactive|Melphegor has 120 seconds left.\n|\n|t:|1771229831\n|switch|p1a: Chimecho|Chimecho, L93, M|215/290 brn\n|-damage|p1a: Chimecho|179/290 brn|[from] Stealth Rock\n|move|p2a: Raging Bolt|Volt Switch|p1a: Chimecho\n|-damage|p1a: Chimecho|107/290 brn\n|inactive|Melphegor has 120 seconds left.\n|\n|t:|1771229838\n|-end|p2a: Raging Bolt|Protosynthesis|[silent]\n|switch|p2a: Scizor|Scizor, L79, M|184/240|[from] Volt Switch\n|\n|-heal|p1a: Chimecho|125/290 brn|[from] item: Leftovers\n|-heal|p2a: Scizor|199/240|[from] item: Leftovers\n|-damage|p1a: Chimecho|107/290 brn|[from] brn\n|upkeep\n|turn|99\n|\n|t:|1771229848\n|switch|p1a: Weezing|Weezing, L88, F|201/258\n|-damage|p1a: Weezing|169/258|[from] Stealth Rock\n|move|p2a: Scizor|Knock Off|p1a: Weezing\n|-damage|p1a: Weezing|128/258\n|\n|-heal|p2a: Scizor|214/240|[from] item: Leftovers\n|upkeep\n|turn|100\n|\n|t:|1771229860\n|switch|p2a: Snorlax|Snorlax, L82, F|397/397 slp\n|move|p1a: Weezing|Fire Blast|p2a: Snorlax|[miss]\n|-miss|p1a: Weezing|p2a: Snorlax\n|\n|upkeep\n|turn|101\n|inactive|Melphegor has 120 seconds left.\n|\n|t:|1771229870\n|move|p1a: Weezing|Pain Split|p2a: Snorlax\n|-sethp|p2a: Snorlax|262/397 slp|[from] move: Pain Split|[silent]\n|-sethp|p1a: Weezing|258/258|[from] move: Pain Split\n|cant|p2a: Snorlax|slp\n|move|p2a: Snorlax|Sleep Talk|p2a: Snorlax\n|move|p2a: Snorlax|Body Slam|p1a: Weezing|[from] move: Sleep Talk\n|-damage|p1a: Weezing|192/258\n|\n|-heal|p2a: Snorlax|286/397 slp|[from] item: Leftovers\n|upkeep\n|turn|102\n|inactive|Melphegor has 120 seconds left.\n|\n|t:|1771229889\n|switch|p1a: Hoopa|Hoopa, L85|122/275 brn\n|-damage|p1a: Hoopa|88/275 brn|[from] Stealth Rock\n|cant|p2a: Snorlax|slp\n|move|p2a: Snorlax|Sleep Talk|p2a: Snorlax\n|move|p2a: Snorlax|Rest||[from] move: Sleep Talk|[still]\n|-fail|p2a: Snorlax\n|\n|-heal|p2a: Snorlax|310/397 slp|[from] item: Leftovers\n|-damage|p1a: Hoopa|71/275 brn|[from] brn\n|upkeep\n|turn|103\n|n|☆chico._163|chico163\n|\n|t:|1771229902\n|switch|p2a: Raging Bolt|Raging Bolt, L78|125/323 tox\n|move|p1a: Hoopa|Psyshock|p2a: Raging Bolt\n|-damage|p2a: Raging Bolt|1/323 tox\n|\n|-damage|p2a: Raging Bolt|0 fnt|[from] psn\n|faint|p2a: Raging Bolt\n|-end|p2a: Raging Bolt|Protosynthesis|[silent]\n|-damage|p1a: Hoopa|54/275 brn|[from] brn\n|upkeep\n|\n|t:|1771229914\n|switch|p2a: Scizor|Scizor, L79, M|214/240\n|turn|104\n|\n|t:|1771229922\n|move|p1a: Hoopa|Psyshock|p2a: Scizor\n|-resisted|p2a: Scizor\n|-damage|p2a: Scizor|153/240\n|move|p2a: Scizor|Knock Off|p1a: Hoopa\n|-supereffective|p1a: Hoopa\n|-damage|p1a: Hoopa|0 fnt\n|-enditem|p1a: Hoopa|Choice Scarf|[from] move: Knock Off|[of] p2a: Scizor\n|faint|p1a: Hoopa\n|\n|-heal|p2a: Scizor|168/240|[from] item: Leftovers\n|upkeep\n|\n|t:|1771229934\n|switch|p1a: Weezing|Weezing, L88, F|192/258\n|-damage|p1a: Weezing|160/258|[from] Stealth Rock\n|turn|105\n|\n|t:|1771229939\n|switch|p2a: Snorlax|Snorlax, L82, F|310/397 slp\n|move|p1a: Weezing|Pain Split|p2a: Snorlax\n|-sethp|p2a: Snorlax|235/397 slp|[from] move: Pain Split|[silent]\n|-sethp|p1a: Weezing|235/258|[from] move: Pain Split\n|\n|-heal|p2a: Snorlax|259/397 slp|[from] item: Leftovers\n|upkeep\n|turn|106\n|\n|t:|1771229949\n|switch|p1a: Chimecho|Chimecho, L93, M|107/290 brn\n|-damage|p1a: Chimecho|71/290 brn|[from] Stealth Rock\n|-curestatus|p2a: Snorlax|slp|[msg]\n|move|p2a: Snorlax|Body Slam|p1a: Chimecho\n|-damage|p1a: Chimecho|0 fnt\n|faint|p1a: Chimecho\n|\n|-heal|p2a: Snorlax|283/397|[from] item: Leftovers\n|upkeep\n|inactive|chico._163 has 120 seconds left.\n|\n|t:|1771229961\n|switch|p1a: Weezing|Weezing, L88, F|235/258\n|-damage|p1a: Weezing|203/258|[from] Stealth Rock\n|turn|107\n|\n|t:|1771229966\n|move|p1a: Weezing|Sludge Bomb|p2a: Snorlax\n|-damage|p2a: Snorlax|202/397\n|move|p2a: Snorlax|Body Slam|p1a: Weezing\n|-damage|p1a: Weezing|133/258\n|\n|-heal|p2a: Snorlax|226/397|[from] item: Leftovers\n|upkeep\n|turn|108\n|\n|t:|1771229975\n|move|p1a: Weezing|Sludge Bomb|p2a: Snorlax\n|-damage|p2a: Snorlax|136/397\n|move|p2a: Snorlax|Rest|p2a: Snorlax\n|-status|p2a: Snorlax|slp|[from] move: Rest\n|-heal|p2a: Snorlax|397/397 slp|[silent]\n|\n|upkeep\n|turn|109\n|\n|t:|1771229986\n|move|p1a: Weezing|Pain Split|p2a: Snorlax\n|-sethp|p2a: Snorlax|265/397 slp|[from] move: Pain Split|[silent]\n|-sethp|p1a: Weezing|258/258|[from] move: Pain Split\n|cant|p2a: Snorlax|slp\n|\n|-heal|p2a: Snorlax|289/397 slp|[from] item: Leftovers\n|upkeep\n|turn|110\n|\n|t:|1771229994\n|move|p1a: Weezing|Sludge Bomb|p2a: Snorlax\n|-damage|p2a: Snorlax|208/397 slp\n|cant|p2a: Snorlax|slp\n|move|p2a: Snorlax|Sleep Talk|p2a: Snorlax\n|move|p2a: Snorlax|Rest||[from] move: Sleep Talk|[still]\n|-fail|p2a: Snorlax\n|\n|-heal|p2a: Snorlax|232/397 slp|[from] item: Leftovers\n|upkeep\n|turn|111\n|inactive|chico._163 has 120 seconds left.\n|\n|t:|1771230005\n|move|p1a: Weezing|Sludge Bomb|p2a: Snorlax\n|-damage|p2a: Snorlax|148/397 slp\n|-curestatus|p2a: Snorlax|slp|[msg]\n|move|p2a: Snorlax|Rest|p2a: Snorlax\n|-status|p2a: Snorlax|slp|[from] move: Rest\n|-heal|p2a: Snorlax|397/397 slp|[silent]\n|\n|upkeep\n|turn|112\n|inactive|chico._163 has 120 seconds left.\n|\n|t:|1771230016\n|move|p1a: Weezing|Sludge Bomb|p2a: Snorlax\n|-damage|p2a: Snorlax|310/397 slp\n|cant|p2a: Snorlax|slp\n|move|p2a: Snorlax|Sleep Talk|p2a: Snorlax\n|move|p2a: Snorlax|Rest||[from] move: Sleep Talk|[still]\n|-fail|p2a: Snorlax\n|\n|-heal|p2a: Snorlax|334/397 slp|[from] item: Leftovers\n|upkeep\n|turn|113\n|\n|t:|1771230027\n|move|p1a: Weezing|Sludge Bomb|p2a: Snorlax\n|-damage|p2a: Snorlax|256/397 slp\n|cant|p2a: Snorlax|slp\n|move|p2a: Snorlax|Sleep Talk|p2a: Snorlax\n|move|p2a: Snorlax|Curse|p2a: Snorlax|[from] move: Sleep Talk\n|-unboost|p2a: Snorlax|spe|1\n|-boost|p2a: Snorlax|atk|1\n|-boost|p2a: Snorlax|def|1\n|\n|-heal|p2a: Snorlax|280/397 slp|[from] item: Leftovers\n|upkeep\n|turn|114\n|c|☆chico._163|Just give up\n|inactive|chico._163 has 90 seconds left.\n|c|☆Melphegor|never\n|\n|t:|1771230055\n|move|p1a: Weezing|Sludge Bomb|p2a: Snorlax\n|-damage|p2a: Snorlax|195/397 slp\n|-curestatus|p2a: Snorlax|slp|[msg]\n|move|p2a: Snorlax|Body Slam|p1a: Weezing\n|-damage|p1a: Weezing|153/258\n|\n|-heal|p2a: Snorlax|219/397|[from] item: Leftovers\n|upkeep\n|turn|115\n|inactive|chico._163 has 90 seconds left.\n|inactive|Melphegor has 90 seconds left.\n|\n|t:|1771230066\n|move|p1a: Weezing|Pain Split|p2a: Snorlax\n|-sethp|p2a: Snorlax|186/397|[from] move: Pain Split|[silent]\n|-sethp|p1a: Weezing|186/258|[from] move: Pain Split\n|move|p2a: Snorlax|Body Slam|p1a: Weezing\n|-damage|p1a: Weezing|72/258\n|-status|p1a: Weezing|par\n|\n|-heal|p2a: Snorlax|210/397|[from] item: Leftovers\n|upkeep\n|turn|116\n|inactive|Melphegor has 90 seconds left.\n|\n|t:|1771230077\n|move|p1a: Weezing|Pain Split|p2a: Snorlax\n|-sethp|p2a: Snorlax|141/397|[from] move: Pain Split|[silent]\n|-sethp|p1a: Weezing|141/258 par|[from] move: Pain Split\n|move|p2a: Snorlax|Body Slam|p1a: Weezing\n|-damage|p1a: Weezing|44/258 par\n|\n|-heal|p2a: Snorlax|165/397|[from] item: Leftovers\n|upkeep\n|turn|117\n|\n|t:|1771230086\n|cant|p1a: Weezing|par\n|move|p2a: Snorlax|Body Slam|p1a: Weezing\n|-damage|p1a: Weezing|0 fnt\n|faint|p1a: Weezing\n|\n|win|Melphegor\n|raw|chico._163's rating: 1536 &rarr; <strong>1517</strong><br />(-19 for losing)\n|raw|Melphegor's rating: 1545 &rarr; <strong>1564</strong><br />(+19 for winning)\n|c|☆Melphegor|gh\n|c|☆Melphegor|GH\n|c|☆Melphegor|GG\n|c|☆chico._163|😭\n|l|☆chico._163\n|player|p1|\n|c|☆Melphegor|crazy game\n", "inputlog": ">version 686819e5e19f8a7fd2345cfc5a08a5085efa2cc3\n>start {\"formatid\":\"gen9randombattle\",\"seed\":\"sodium,733a62599b04f3e400ac4ac522a9fe39\",\"rated\":\"Rated battle\"}\n>player p1 {\"name\":\"chico._163\",\"avatar\":\"2\",\"rating\":1536,\"seed\":\"sodium,a8add9da5040e73c2227139e38e73fde\"}\n>player p2 {\"name\":\"Melphegor\",\"avatar\":\"n\",\"rating\":1545,\"seed\":\"sodium,c4db80db64cd41ee14208188b9ffcf3b\"}\n>p1 move toxicspikes\n>p2 move knockoff\n>p1 move toxicspikes\n>p2 move stickyweb\n>p1 move fireblast\n>p2 move circlethrow\n>p1 move irontail\n>p2 switch 5\n>p1 move bodypress\n>p2 move defog\n>p1 move bodypress\n>p2 switch 5\n>p1 move coil\n>p2 move knockoff\n>p1 move irontail\n>p2 move circlethrow\n>p2 switch 4\n>chat ☆chico._163|Coonery\n>p1 switch 6\n>p2 move scald\n>p1 move psyshock\n>p2 move voltswitch\n>p2 switch 5\n>p1 switch 6\n>p2 move knockoff\n>p1 move coil\n>p2 move closecombat\n>p1 move bodypress\n>p2 switch 3\n>p1 move rest\n>p2 move encore\n>p1 switch 4\n>p2 move willowisp\n>p1 move shadowball\n>p2 switch 6\n>p1 switch 4\n>p2 switch 6\n>p1 move rest\n>p2 switch 3\n>p1 move bodypress\n>p2 move knockoff\n>p1 move bodypress\n>p2 move closecombat\n>p1 move bodypress\n>p2 move closecombat\n>p1 switch 5\n>p1 move fireblast\n>p2 switch 3\n>p1 switch 6\n>p2 switch 3\n>p1 switch 6\n>p2 move knockoff\n>p1 move painsplit\n>p2 switch 5\n>p1 switch 2\n>p2 move scald\n>p1 move earthquake\n>p2 move scald\n>p1 move earthquake\n>p2 move scald\n>p2 switch 5\n>p1 move earthquake terastallize\n>p2 move knockoff\n>p1 switch 2\n>p2 move knockoff\n>p1 move painsplit\n>p2 switch 6\n>p1 move toxicspikes\n>p2 switch 6\n>p1 move toxicspikes\n>p2 switch 6\n>p1 switch 2\n>p2 move bodyslam\n>p1 move roost\n>p2 switch 6\n>p1 switch 2\n>p2 move knockoff\n>p1 move sludgebomb\n>p2 switch 6\n>p1 switch 6\n>p2 move rest\n>p1 move recover\n>p2 switch 6\n>p1 switch 6\n>p2 switch 3\n>p1 switch 6\n>p2 switch 3\n>p1 switch 2\n>p2 move knockoff\n>p1 switch 6\n>p2 move knockoff\n>p1 move fireblast\n>p2 switch 6\n>p1 move sludgebomb\n>p2 move sleeptalk\n>p1 move painsplit\n>p2 move sleeptalk\n>p1 switch 6\n>p2 switch 6\n>p1 switch 6\n>p2 move knockoff\n>p1 move fireblast\n>p2 switch 6\n>p1 switch 6\n>p2 move bodyslam\n>p1 move roost\n>p2 switch 6\n>p1 switch 6\n>p2 move knockoff\n>p1 move painsplit\n>p2 switch 6\n>p1 move fireblast\n>p2 move curse\n>p1 switch 6\n>p2 move rest\n>p1 move roost\n>p2 move sleeptalk\n>p1 move coil\n>p2 switch 6\n>p1 move coil\n>p2 switch 3\n>p1 move bodyslam\n>p2 move encore\n>p1 switch 2\n>p2 move willowisp\n>p1 move psyshock\n>p2 move stealthrock\n>p1 move dazzlinggleam\n>p2 switch 3\n>p1 switch 6\n>p2 move knockoff\n>p1 move painsplit\n>p2 switch 6\n>p1 switch 3\n>p2 move sleeptalk\n>p1 move thunderwave\n>p2 move bodyslam\n>p1 move thunderwave\n>p2 move bodyslam\n>p1 move gunkshot\n>p2 move bodyslam\n>p1 move painsplit\n>p2 move bodyslam\n>p1 move gunkshot\n>p2 move rest\n>p1 move gunkshot\n>p2 switch 6\n>p1 move flipturn\n>p2 switch 2\n>p1 switch 6\n>p1 move dazzlinggleam\n>p2 switch 2\n>p1 switch 3\n>p2 move knockoff\n>p1 move fireblast\n>p2 switch 6\n>p1 move sludgebomb\n>p2 move rest\n>chat ☆chico._163|Fuck u\n>p1 move painsplit\n>p2 move sleeptalk\n>p1 switch 2\n>p2 move sleeptalk\n>p1 move earthquake\n>p2 switch 6\n>p1 move coil\n>p2 move knockoff\n>p1 move coil\n>p2 move knockoff\n>p1 move earthquake\n>p2 move knockoff\n>p1 move earthquake\n>p2 move knockoff\n>p1 switch 2\n>p1 move sludgebomb\n>p2 switch 6\n>p1 switch 6\n>p2 move bodyslam\n>p1 move painsplit\n>p2 switch 3\n>p1 switch 3\n>p2 switch 2\n>p1 switch 6\n>p2 switch 6\n>p1 switch 3\n>p2 switch 3\n>p1 move thunderwave\n>p2 move bodyslam\n>p1 switch 4\n>p1 move focusblast\n>p2 switch 2\n>p2 switch 6\n>p1 switch 6\n>p2 move thunderbolt\n>p1 move recover\n>p2 switch 3\n>p1 switch 3\n>p2 move knockoff\n>p1 move painsplit\n>p2 switch 2\n>p1 switch 6\n>p2 move rest\n>p1 move focusblast\n>p2 switch 3\n>p1 switch 3\n>p2 move voltswitch\n>p2 switch 2\n>p1 switch 6\n>p2 move knockoff\n>p1 move fireblast\n>p2 switch 3\n>p1 move painsplit\n>p2 move sleeptalk\n>p1 switch 3\n>p2 move sleeptalk\n>p1 move psyshock\n>p2 switch 2\n>p2 switch 3\n>p1 move psyshock\n>p2 move knockoff\n>p1 switch 3\n>p1 move painsplit\n>p2 switch 2\n>p1 switch 6\n>p2 move bodyslam\n>p1 switch 6\n>p1 move sludgebomb\n>p2 move bodyslam\n>p1 move sludgebomb\n>p2 move rest\n>p1 move painsplit\n>p2 move bodyslam\n>p1 move sludgebomb\n>p2 move sleeptalk\n>p1 move sludgebomb\n>p2 move rest\n>p1 move sludgebomb\n>p2 move sleeptalk\n>p1 move sludgebomb\n>p2 move sleeptalk\n>chat ☆chico._163|Just give up\n>chat ☆Melphegor|never\n>p1 move sludgebomb\n>p2 move bodyslam\n>p1 move painsplit\n>p2 move bodyslam\n>p1 move painsplit\n>p2 move bodyslam\n>p1 move painsplit\n>p2 move bodyslam", "uploadtime": 1771229474, "views": 12, "formatid": "gen9randombattle", "rating": 1517, "private": 0, "password": null}