{"id": "gen9randombattle-2540399615", "format": "[Gen 9] Random Battle", "players": ["maxime.s", "Micael Lopes"], "log": "|j|☆maxime.s\n|j|☆Micael Lopes\n|t:|1771197326\n|gametype|singles\n|player|p1|maxime.s|blue|1837\n|player|p2|Micael Lopes|benga|1848\n|gen|9\n|tier|[Gen 9] Random Battle\n|rated|\n|rule|Species Clause: Limit one of each Pokémon\n|rule|HP Percentage Mod: HP is shown in percentages\n|rule|Sleep Clause Mod: Limit one foe put to sleep\n|rule|Illusion Level Mod: Illusion disguises the Pokémon's true level\n|\n|t:|1771197326\n|teamsize|p1|6\n|teamsize|p2|6\n|start\n|switch|p1a: Minun|Minun, L95, F|268/268\n|switch|p2a: Regice|Regice, L88|284/284\n|turn|1\n|inactive|Battle timer is ON: inactive players will automatically lose when time's up. (requested by Micael Lopes)\n|inactive|maxime.s also wants the timer to be on.\n|\n|t:|1771197338\n|switch|p1a: Glastrier|Glastrier, L86|312/312\n|move|p2a: Regice|Ice Beam|p1a: Glastrier\n|-resisted|p1a: Glastrier\n|-damage|p1a: Glastrier|270/312\n|\n|upkeep\n|turn|2\n|\n|t:|1771197346\n|move|p2a: Regice|Thunderbolt|p1a: Glastrier\n|-damage|p1a: Glastrier|207/312\n|move|p1a: Glastrier|Swords Dance|p1a: Glastrier\n|-boost|p1a: Glastrier|atk|2\n|\n|upkeep\n|turn|3\n|\n|t:|1771197349\n|switch|p2a: Dialga|Dialga-Origin, L73|266/266\n|-ability|p2a: Dialga|Pressure\n|move|p1a: Glastrier|Heavy Slam|p2a: Dialga\n|-resisted|p2a: Dialga\n|-damage|p2a: Dialga|229/266\n|\n|upkeep\n|turn|4\n|\n|t:|1771197356\n|-terastallize|p2a: Dialga|Flying\n|move|p2a: Dialga|Stealth Rock|p1a: Glastrier\n|-sidestart|p1: maxime.s|move: Stealth Rock\n|move|p1a: Glastrier|Close Combat|p2a: Dialga\n|-resisted|p2a: Dialga\n|-damage|p2a: Dialga|128/266\n|-unboost|p1a: Glastrier|def|1\n|-unboost|p1a: Glastrier|spd|1\n|\n|upkeep\n|turn|5\n|\n|t:|1771197365\n|switch|p1a: Pincurchin|Pincurchin, F|258/258\n|-damage|p1a: Pincurchin|226/258|[from] Stealth Rock\n|-fieldstart|move: Electric Terrain|[from] ability: Electric Surge|[of] p1a: Pincurchin\n|move|p2a: Dialga|Flash Cannon|p1a: Pincurchin\n|-resisted|p1a: Pincurchin\n|-damage|p1a: Pincurchin|181/258\n|\n|-heal|p1a: Pincurchin|197/258|[from] item: Leftovers\n|upkeep\n|turn|6\n|\n|t:|1771197372\n|switch|p2a: Eelektross|Eelektross, L87, F|290/290\n|move|p1a: Pincurchin|Recover|p1a: Pincurchin\n|-heal|p1a: Pincurchin|258/258\n|\n|upkeep\n|turn|7\n|\n|t:|1771197376\n|switch|p1a: Minun|Minun, L95, F|268/268\n|-damage|p1a: Minun|235/268|[from] Stealth Rock\n|move|p2a: Eelektross|Coil|p2a: Eelektross\n|-boost|p2a: Eelektross|atk|1\n|-boost|p2a: Eelektross|def|1\n|-boost|p2a: Eelektross|accuracy|1\n|\n|upkeep\n|turn|8\n|\n|t:|1771197380\n|switch|p2a: Trevenant|Trevenant, L89, F|296/296\n|move|p1a: Minun|Encore||[still]\n|-fail|p1a: Minun\n|\n|upkeep\n|turn|9\n|\n|t:|1771197385\n|switch|p1a: Glastrier|Glastrier, L86|207/312\n|move|p2a: Trevenant|Toxic|p1a: Glastrier\n|-status|p1a: Glastrier|tox\n|\n|-damage|p1a: Glastrier|188/312 tox|[from] psn\n|-fieldend|move: Electric Terrain\n|upkeep\n|turn|10\n|\n|t:|1771197398\n|move|p2a: Trevenant|Protect|p2a: Trevenant\n|-singleturn|p2a: Trevenant|Protect\n|move|p1a: Glastrier|Icicle Crash|p2a: Trevenant\n|-activate|p2a: Trevenant|move: Protect\n|\n|-damage|p1a: Glastrier|150/312 tox|[from] psn\n|upkeep\n|turn|11\n|\n|t:|1771197405\n|switch|p2a: Regice|Regice, L88|284/284\n|move|p1a: Glastrier|Icicle Crash|p2a: Regice\n|-resisted|p2a: Regice\n|-damage|p2a: Regice|231/284\n|\n|-damage|p1a: Glastrier|93/312 tox|[from] psn\n|upkeep\n|turn|12\n|\n|t:|1771197423\n|move|p2a: Regice|Thunderbolt|p1a: Glastrier\n|-damage|p1a: Glastrier|32/312 tox\n|move|p1a: Glastrier|Icicle Crash|p2a: Regice\n|-resisted|p2a: Regice\n|-damage|p2a: Regice|174/284\n|\n|-damage|p1a: Glastrier|0 fnt|[from] psn\n|faint|p1a: Glastrier\n|upkeep\n|\n|t:|1771197432\n|switch|p1a: Misdreavus|Misdreavus, L90, F|254/254\n|-damage|p1a: Misdreavus|223/254|[from] Stealth Rock\n|turn|13\n|\n|t:|1771197442\n|switch|p2a: Trevenant|Trevenant, L89, F|296/296\n|move|p1a: Misdreavus|Calm Mind|p1a: Misdreavus\n|-boost|p1a: Misdreavus|spa|1\n|-boost|p1a: Misdreavus|spd|1\n|\n|upkeep\n|turn|14\n|\n|t:|1771197450\n|-terastallize|p1a: Misdreavus|Fairy\n|move|p1a: Misdreavus|Shadow Ball|p2a: Trevenant\n|-supereffective|p2a: Trevenant\n|-damage|p2a: Trevenant|36/296\n|-enditem|p2a: Trevenant|Sitrus Berry|[eat]\n|-heal|p2a: Trevenant|110/296|[from] item: Sitrus Berry\n|move|p2a: Trevenant|Toxic|p1a: Misdreavus\n|-status|p1a: Misdreavus|tox\n|\n|-damage|p1a: Misdreavus|208/254 tox|[from] psn\n|upkeep\n|turn|15\n|\n|t:|1771197455\n|move|p2a: Trevenant|Protect|p2a: Trevenant\n|-singleturn|p2a: Trevenant|Protect\n|move|p1a: Misdreavus|Calm Mind|p1a: Misdreavus\n|-boost|p1a: Misdreavus|spa|1\n|-boost|p1a: Misdreavus|spd|1\n|\n|-damage|p1a: Misdreavus|178/254 tox|[from] psn\n|upkeep\n|turn|16\n|\n|t:|1771197461\n|switch|p2a: Regice|Regice, L88|174/284\n|move|p1a: Misdreavus|Draining Kiss|p2a: Regice\n|-damage|p2a: Regice|105/284\n|-heal|p1a: Misdreavus|230/254 tox|[from] drain|[of] p2a: Regice\n|\n|-damage|p1a: Misdreavus|185/254 tox|[from] psn\n|upkeep\n|turn|17\n|\n|t:|1771197466\n|move|p1a: Misdreavus|Calm Mind|p1a: Misdreavus\n|-boost|p1a: Misdreavus|spa|1\n|-boost|p1a: Misdreavus|spd|1\n|move|p2a: Regice|Rest|p2a: Regice\n|-status|p2a: Regice|slp|[from] move: Rest\n|-heal|p2a: Regice|284/284 slp|[silent]\n|\n|-damage|p1a: Misdreavus|125/254 tox|[from] psn\n|upkeep\n|turn|18\n|\n|t:|1771197473\n|switch|p1a: Clawitzer|Clawitzer, L87, F|265/265\n|-damage|p1a: Clawitzer|232/265|[from] Stealth Rock\n|cant|p2a: Regice|slp\n|move|p2a: Regice|Sleep Talk|p2a: Regice\n|move|p2a: Regice|Thunderbolt|p1a: Clawitzer|[from] move: Sleep Talk\n|-supereffective|p1a: Clawitzer\n|-damage|p1a: Clawitzer|82/265\n|\n|upkeep\n|turn|19\n|\n|t:|1771197478\n|move|p1a: Clawitzer|Water Pulse|p2a: Regice\n|-damage|p2a: Regice|190/284 slp\n|cant|p2a: Regice|slp\n|move|p2a: Regice|Sleep Talk|p2a: Regice\n|move|p2a: Regice|Thunderbolt|p1a: Clawitzer|[from] move: Sleep Talk\n|-supereffective|p1a: Clawitzer\n|-damage|p1a: Clawitzer|0 fnt\n|faint|p1a: Clawitzer\n|\n|upkeep\n|\n|t:|1771197481\n|switch|p1a: Minun|Minun, L95, F|235/268\n|-damage|p1a: Minun|202/268|[from] Stealth Rock\n|turn|20\n|\n|t:|1771197492\n|switch|p2a: Eelektross|Eelektross, L87, F|290/290\n|move|p1a: Minun|Nasty Plot|p1a: Minun\n|-boost|p1a: Minun|spa|2\n|\n|upkeep\n|turn|21\n|\n|t:|1771197502\n|move|p1a: Minun|Grass Knot|p2a: Eelektross\n|-damage|p2a: Eelektross|130/290\n|-damage|p1a: Minun|176/268|[from] item: Life Orb\n|move|p2a: Eelektross|Knock Off|p1a: Minun\n|-damage|p1a: Minun|59/268\n|-enditem|p1a: Minun|Life Orb|[from] move: Knock Off|[of] p2a: Eelektross\n|\n|-heal|p2a: Eelektross|148/290|[from] item: Leftovers\n|upkeep\n|turn|22\n|\n|t:|1771197510\n|move|p1a: Minun|Grass Knot|p2a: Eelektross\n|-damage|p2a: Eelektross|31/290\n|move|p2a: Eelektross|Drain Punch|p1a: Minun\n|-damage|p1a: Minun|0 fnt\n|-heal|p2a: Eelektross|61/290|[from] drain|[of] p1a: Minun\n|faint|p1a: Minun\n|\n|-heal|p2a: Eelektross|79/290|[from] item: Leftovers\n|upkeep\n|\n|t:|1771197515\n|switch|p1a: Misdreavus|Misdreavus, L90, F, tera:Fairy|125/254 tox\n|-damage|p1a: Misdreavus|94/254 tox|[from] Stealth Rock\n|turn|23\n|\n|t:|1771197522\n|move|p1a: Misdreavus|Shadow Ball|p2a: Eelektross\n|-damage|p2a: Eelektross|0 fnt\n|faint|p2a: Eelektross\n|\n|-damage|p1a: Misdreavus|79/254 tox|[from] psn\n|upkeep\n|\n|t:|1771197529\n|switch|p2a: Regice|Regice, L88|190/284 slp\n|turn|24\n|\n|t:|1771197532\n|move|p1a: Misdreavus|Shadow Ball|p2a: Regice\n|-damage|p2a: Regice|144/284 slp\n|-curestatus|p2a: Regice|slp|[msg]\n|move|p2a: Regice|Ice Beam|p1a: Misdreavus\n|-damage|p1a: Misdreavus|7/254 tox\n|\n|-damage|p1a: Misdreavus|0 fnt|[from] psn\n|faint|p1a: Misdreavus\n|upkeep\n|\n|t:|1771197534\n|switch|p1a: Pincurchin|Pincurchin, F|258/258\n|-damage|p1a: Pincurchin|226/258|[from] Stealth Rock\n|-fieldstart|move: Electric Terrain|[from] ability: Electric Surge|[of] p1a: Pincurchin\n|turn|25\n|\n|t:|1771197561\n|move|p2a: Regice|Ice Beam|p1a: Pincurchin\n|-damage|p1a: Pincurchin|130/258\n|-status|p1a: Pincurchin|frz\n|cant|p1a: Pincurchin|frz\n|\n|-heal|p1a: Pincurchin|146/258 frz|[from] item: Leftovers\n|upkeep\n|turn|26\n|-message|maxime.s forfeited.\n|\n|win|Micael Lopes\n|raw|maxime.s's rating: 1837 &rarr; <strong>1818</strong><br />(-19 for losing)\n|raw|Micael Lopes's rating: 1848 &rarr; <strong>1867</strong><br />(+19 for winning)\n|l|☆maxime.s\n|player|p1|\n|c|☆Micael Lopes|**__Sexy game.__**\n", "inputlog": ">version 686819e5e19f8a7fd2345cfc5a08a5085efa2cc3\n>start {\"formatid\":\"gen9randombattle\",\"seed\":\"sodium,f7bff28cb24eb13b4b8bfdefff4bc461\",\"rated\":\"Rated battle\"}\n>player p1 {\"name\":\"maxime.s\",\"avatar\":\"blue\",\"rating\":1837,\"seed\":\"sodium,eb970111ad419d76ad1eb482d95c0b65\"}\n>player p2 {\"name\":\"Micael Lopes\",\"avatar\":\"benga\",\"rating\":1848,\"seed\":\"sodium,a48d2b23ef1daa62c5c28b49b7f82bea\"}\n>p1 switch 6\n>p2 move icebeam\n>p1 move swordsdance\n>p2 move thunderbolt\n>p1 move heavyslam\n>p2 switch 4\n>p1 move closecombat\n>p2 move stealthrock terastallize\n>p1 switch 5\n>p2 move flashcannon\n>p1 move recover\n>p2 switch 6\n>p1 switch 6\n>p2 move coil\n>p1 move encore\n>p2 switch 2\n>p1 switch 5\n>p2 move toxic\n>p1 move iciclecrash\n>p2 move protect\n>p1 move iciclecrash\n>p2 switch 4\n>p1 move iciclecrash\n>p2 move thunderbolt\n>p1 switch 3\n>p1 move calmmind\n>p2 switch 4\n>p1 move shadowball terastallize\n>p2 move toxic\n>p1 move calmmind\n>p2 move protect\n>p1 move drainingkiss\n>p2 switch 4\n>p1 move calmmind\n>p2 move rest\n>p1 switch 4\n>p2 move sleeptalk\n>p1 move waterpulse\n>p2 move sleeptalk\n>p1 switch 5\n>p1 move nastyplot\n>p2 switch 2\n>p1 move grassknot\n>p2 move knockoff\n>p1 move grassknot\n>p2 move drainpunch\n>p1 switch 4\n>p1 move shadowball\n>p2 move supercellslam\n>p2 switch 2\n>p1 move shadowball\n>p2 move icebeam\n>p1 switch 6\n>p1 move curse\n>p2 move icebeam\n>forcelose p1", "uploadtime": 1771197572, "views": 8, "formatid": "gen9randombattle", "rating": 1818, "private": 0, "password": null}