{"id": "gen9randombattle-2540719400", "format": "[Gen 9] Random Battle", "players": ["sj777", "AmroE13"], "log": "|j|☆sj777\n|j|☆AmroE13\n|t:|1771245410\n|gametype|singles\n|player|p1|sj777|266|1878\n|player|p2|AmroE13|2|1863\n|gen|9\n|tier|[Gen 9] Random Battle\n|rated|\n|rule|Species Clause: Limit one of each Pokémon\n|rule|HP Percentage Mod: HP is shown in percentages\n|rule|Sleep Clause Mod: Limit one foe put to sleep\n|rule|Illusion Level Mod: Illusion disguises the Pokémon's true level\n|\n|t:|1771245410\n|teamsize|p1|6\n|teamsize|p2|6\n|start\n|switch|p1a: Meganium|Meganium, L90, F|290/290\n|switch|p2a: Dondozo|Dondozo, L78, F|362/362\n|turn|1\n|l|☆sj777\n|player|p1|\n|j|☆sj777\n|player|p1|sj777|266|\n|inactive|Battle timer is ON: inactive players will automatically lose when time's up. (requested by AmroE13)\n|inactive|sj777 has 120 seconds left.\n|\n|t:|1771245466\n|switch|p2a: Forretress|Forretress, L84, M|263/263\n|move|p1a: Meganium|Knock Off|p2a: Forretress\n|-damage|p2a: Forretress|210/263\n|-enditem|p2a: Forretress|Leftovers|[from] move: Knock Off|[of] p1a: Meganium\n|\n|upkeep\n|turn|2\n|\n|t:|1771245491\n|move|p2a: Forretress|Stealth Rock|p1a: Meganium\n|-sidestart|p1: sj777|move: Stealth Rock\n|move|p1a: Meganium|Dragon Tail|p2a: Forretress\n|-resisted|p2a: Forretress\n|-damage|p2a: Forretress|193/263\n|drag|p2a: Bruxish|Bruxish, L85, F|254/254\n|\n|upkeep\n|turn|3\n|\n|t:|1771245509\n|switch|p2a: Forretress|Forretress, L84, M|193/263\n|move|p1a: Meganium|Dragon Tail|p2a: Forretress\n|-resisted|p2a: Forretress\n|-damage|p2a: Forretress|177/263\n|drag|p2a: Dondozo|Dondozo, L78, F|362/362\n|\n|upkeep\n|turn|4\n|\n|t:|1771245520\n|switch|p2a: Forretress|Forretress, L84, M|177/263\n|move|p1a: Meganium|Dragon Tail|p2a: Forretress\n|-resisted|p2a: Forretress\n|-damage|p2a: Forretress|162/263\n|drag|p2a: Seviper|Seviper, L93, F|287/287\n|\n|upkeep\n|turn|5\n|l|☆sj777\n|inactive|sj777 disconnected and has a minute to reconnect!\n|player|p1|\n|j|☆sj777\n|inactive|sj777 reconnected and has 115 seconds left.\n|player|p1|sj777|266|\n|\n|t:|1771245563\n|switch|p1a: Misdreavus|Misdreavus, L90, F|254/254\n|-damage|p1a: Misdreavus|223/254|[from] Stealth Rock\n|move|p2a: Seviper|Gunk Shot|p1a: Misdreavus\n|-resisted|p1a: Misdreavus\n|-damage|p1a: Misdreavus|154/254\n|-status|p1a: Misdreavus|psn\n|\n|-damage|p1a: Misdreavus|123/254 psn|[from] psn\n|upkeep\n|turn|6\n|\n|t:|1771245579\n|move|p1a: Misdreavus|Will-O-Wisp|p2a: Seviper\n|-status|p2a: Seviper|brn\n|move|p2a: Seviper|Gunk Shot|p1a: Misdreavus\n|-resisted|p1a: Misdreavus\n|-damage|p1a: Misdreavus|91/254 psn\n|\n|-damage|p1a: Misdreavus|60/254 psn|[from] psn\n|-damage|p2a: Seviper|270/287 brn|[from] brn\n|upkeep\n|turn|7\n|inactive|sj777 has 90 seconds left.\n|\n|t:|1771245612\n|switch|p2a: Forretress|Forretress, L84, M|162/263\n|move|p1a: Misdreavus|Shadow Ball|p2a: Forretress\n|-damage|p2a: Forretress|38/263\n|\n|-damage|p1a: Misdreavus|29/254 psn|[from] psn\n|upkeep\n|turn|8\n|inactive|AmroE13 has 120 seconds left.\n|\n|t:|1771245647\n|move|p1a: Misdreavus|Shadow Ball|p2a: Forretress\n|-damage|p2a: Forretress|0 fnt\n|faint|p2a: Forretress\n|\n|-damage|p1a: Misdreavus|0 fnt|[from] psn\n|faint|p1a: Misdreavus\n|upkeep\n|inactive|AmroE13 has 120 seconds left.\n|inactive|sj777 has 60 seconds left.\n|\n|t:|1771245668\n|switch|p1a: Bruxish|Bruxish, L85, F|254/254\n|switch|p2a: Magcargo|Magcargo, L95, M|268/268\n|-damage|p1a: Bruxish|223/254|[from] Stealth Rock\n|turn|9\n|inactive|sj777 has 60 seconds left.\n|inactive|AmroE13 has 120 seconds left.\n|\n|t:|1771245687\n|switch|p2a: Bruxish|Bruxish, L85, F|254/254\n|move|p1a: Bruxish|Flip Turn|p2a: Bruxish\n|-resisted|p2a: Bruxish\n|-damage|p2a: Bruxish|188/254\n|inactive|sj777 has 60 seconds left.\n|\n|t:|1771245711\n|switch|p1a: Chien-Pao|Chien-Pao, L72|234/234|[from] Flip Turn\n|-ability|p1a: Chien-Pao|Sword of Ruin\n|\n|upkeep\n|turn|10\n|inactive|AmroE13 has 120 seconds left.\n|\n|t:|1771245731\n|-terastallize|p2a: Bruxish|Dark\n|move|p1a: Chien-Pao|Throat Chop|p2a: Bruxish\n|-resisted|p2a: Bruxish\n|-damage|p2a: Bruxish|132/254\n|-start|p2a: Bruxish|Throat Chop|[silent]\n|move|p2a: Bruxish|Wave Crash|p1a: Chien-Pao\n|-damage|p1a: Chien-Pao|26/234\n|-damage|p2a: Bruxish|63/254|[from] Recoil\n|-damage|p2a: Bruxish|38/254|[from] item: Life Orb\n|\n|upkeep\n|turn|11\n|inactive|AmroE13 has 120 seconds left.\n|\n|t:|1771245748\n|move|p1a: Chien-Pao|Throat Chop|p2a: Bruxish\n|-resisted|p2a: Bruxish\n|-damage|p2a: Bruxish|0 fnt\n|faint|p2a: Bruxish\n|\n|upkeep\n|\n|t:|1771245754\n|switch|p2a: Sceptile|Sceptile, L87, F|264/264\n|turn|12\n|\n|t:|1771245768\n|switch|p1a: Meganium|Meganium, L90, F|290/290\n|-damage|p1a: Meganium|254/290|[from] Stealth Rock\n|move|p2a: Sceptile|Giga Drain|p1a: Meganium\n|-resisted|p1a: Meganium\n|-damage|p1a: Meganium|214/290\n|\n|-heal|p1a: Meganium|232/290|[from] item: Leftovers\n|upkeep\n|turn|13\n|\n|t:|1771245780\n|switch|p2a: Seviper|Seviper, L93, F|270/287 brn\n|move|p1a: Meganium|Knock Off|p2a: Seviper\n|-damage|p2a: Seviper|189/287 brn\n|-enditem|p2a: Seviper|Leftovers|[from] move: Knock Off|[of] p1a: Meganium\n|\n|-heal|p1a: Meganium|250/290|[from] item: Leftovers\n|-damage|p2a: Seviper|172/287 brn|[from] brn\n|upkeep\n|turn|14\n|inactive|sj777 has 30 seconds left.\n|inactive|sj777 has 20 seconds left.\n|\n|t:|1771245811\n|move|p2a: Seviper|Gunk Shot|p1a: Meganium\n|-supereffective|p1a: Meganium\n|-damage|p1a: Meganium|126/290\n|move|p1a: Meganium|Dragon Tail|p2a: Seviper\n|-damage|p2a: Seviper|120/287 brn\n|drag|p2a: Dondozo|Dondozo, L78, F|362/362\n|\n|-heal|p1a: Meganium|144/290|[from] item: Leftovers\n|upkeep\n|turn|15\n|inactive|sj777 has 30 seconds left this turn.\n|inactive|sj777 has 20 seconds left.\n|\n|t:|1771245824\n|switch|p2a: Seviper|Seviper, L93, F|120/287 brn\n|move|p1a: Meganium|Synthesis|p1a: Meganium\n|-heal|p1a: Meganium|289/290\n|\n|-heal|p1a: Meganium|290/290|[from] item: Leftovers\n|-damage|p2a: Seviper|103/287 brn|[from] brn\n|upkeep\n|turn|16\n|inactive|sj777 has 30 seconds left this turn.\n|inactive|sj777 has 20 seconds left.\n|\n|t:|1771245835\n|move|p1a: Meganium|Energy Ball|p2a: Seviper\n|-resisted|p2a: Seviper\n|-crit|p2a: Seviper\n|-damage|p2a: Seviper|8/287 brn\n|move|p2a: Seviper|Gunk Shot|p1a: Meganium\n|-supereffective|p1a: Meganium\n|-damage|p1a: Meganium|145/290\n|-status|p1a: Meganium|psn\n|\n|-heal|p1a: Meganium|163/290 psn|[from] item: Leftovers\n|-damage|p1a: Meganium|127/290 psn|[from] psn\n|-damage|p2a: Seviper|0 fnt|[from] brn\n|faint|p2a: Seviper\n|upkeep\n|\n|t:|1771245851\n|switch|p2a: Magcargo|Magcargo, L95, M|268/268\n|turn|17\n|inactive|sj777 has 30 seconds left.\n|\n|t:|1771245861\n|move|p2a: Magcargo|Lava Plume|p1a: Meganium\n|-supereffective|p1a: Meganium\n|-damage|p1a: Meganium|0 fnt\n|faint|p1a: Meganium\n|\n|upkeep\n|inactive|sj777 has 30 seconds left this turn.\n|inactive|sj777 has 20 seconds left.\n|inactive|sj777 has 15 seconds left.\n|inactive|sj777 has 10 seconds left.\n|\n|t:|1771245882\n|switch|p1a: Bruxish|Bruxish, L85, F|223/254\n|-damage|p1a: Bruxish|192/254|[from] Stealth Rock\n|turn|18\n|inactive|sj777 has 20 seconds left this turn.\n|inactive|sj777 has 15 seconds left.\n|inactive|sj777 has 10 seconds left.\n|\n|t:|1771245893\n|switch|p2a: Dondozo|Dondozo, L78, F|362/362\n|move|p1a: Bruxish|Flip Turn|p2a: Dondozo\n|-resisted|p2a: Dondozo\n|-damage|p2a: Dondozo|317/362\n|inactive|sj777 has 15 seconds left this turn.\n|inactive|sj777 has 10 seconds left.\n|\n|t:|1771245901\n|switch|p1a: Rampardos|Rampardos, L90, F|321/321|[from] Flip Turn\n|-damage|p1a: Rampardos|281/321|[from] Stealth Rock\n|\n|-heal|p2a: Dondozo|339/362|[from] item: Leftovers\n|upkeep\n|turn|19\n|inactive|sj777 has 20 seconds left this turn.\n|inactive|sj777 has 15 seconds left.\n|inactive|sj777 has 10 seconds left.\n|\n|t:|1771245915\n|switch|p2a: Magcargo|Magcargo, L95, M|268/268\n|move|p1a: Rampardos|Head Smash|p2a: Magcargo\n|-supereffective|p2a: Magcargo\n|-crit|p2a: Magcargo\n|-damage|p2a: Magcargo|0 fnt\n|faint|p2a: Magcargo\n|-damage|p1a: Rampardos|147/321|[from] Recoil\n|\n|upkeep\n|\n|t:|1771245927\n|switch|p2a: Sceptile|Sceptile, L87, F|264/264\n|turn|20\n|inactive|sj777 has 25 seconds left this turn.\n|inactive|sj777 has 20 seconds left.\n|inactive|sj777 has 15 seconds left.\n|\n|t:|1771245938\n|switch|p1a: Chien-Pao|Chien-Pao, L72|26/234\n|-ability|p1a: Chien-Pao|Sword of Ruin\n|move|p2a: Sceptile|Giga Drain|p1a: Chien-Pao\n|-damage|p1a: Chien-Pao|0 fnt\n|faint|p1a: Chien-Pao\n|\n|upkeep\n|inactive|sj777 has 20 seconds left this turn.\n|inactive|sj777 has 15 seconds left.\n|inactive|sj777 has 10 seconds left.\n|inactive|sj777 has 5 seconds left.\n|\n|t:|1771245956\n|switch|p1a: Enamorus|Enamorus, L79, F|247/247\n|-damage|p1a: Enamorus|186/247|[from] Stealth Rock\n|turn|21\n|inactive|sj777 has 15 seconds left this turn.\n|inactive|sj777 has 10 seconds left.\n|\n|t:|1771245963\n|move|p2a: Sceptile|Leech Seed|p1a: Enamorus\n|-start|p1a: Enamorus|move: Leech Seed\n|move|p1a: Enamorus|Superpower|p2a: Sceptile\n|-damage|p2a: Sceptile|168/264\n|-boost|p1a: Enamorus|atk|1\n|-boost|p1a: Enamorus|def|1\n|\n|-heal|p2a: Sceptile|184/264|[from] item: Leftovers\n|-heal|p1a: Enamorus|201/247|[from] item: Leftovers\n|-damage|p1a: Enamorus|171/247|[from] Leech Seed|[of] p2a: Sceptile\n|-heal|p2a: Sceptile|214/264|[silent]\n|upkeep\n|turn|22\n|inactive|sj777 has 20 seconds left this turn.\n|inactive|sj777 has 15 seconds left.\n|inactive|sj777 has 10 seconds left.\n|\n|t:|1771245974\n|move|p2a: Sceptile|Substitute|p2a: Sceptile\n|-start|p2a: Sceptile|Substitute\n|-damage|p2a: Sceptile|148/264\n|move|p1a: Enamorus|Superpower|p2a: Sceptile\n|-end|p2a: Sceptile|Substitute\n|-boost|p1a: Enamorus|atk|1\n|-boost|p1a: Enamorus|def|1\n|\n|-heal|p2a: Sceptile|164/264|[from] item: Leftovers\n|-heal|p1a: Enamorus|186/247|[from] item: Leftovers\n|-damage|p1a: Enamorus|156/247|[from] Leech Seed|[of] p2a: Sceptile\n|-heal|p2a: Sceptile|194/264|[silent]\n|upkeep\n|turn|23\n|inactive|sj777 has 20 seconds left this turn.\n|inactive|sj777 has 15 seconds left.\n|inactive|sj777 has 10 seconds left.\n|\n|t:|1771245988\n|move|p2a: Sceptile|Substitute|p2a: Sceptile\n|-start|p2a: Sceptile|Substitute\n|-damage|p2a: Sceptile|128/264\n|move|p1a: Enamorus|Superpower|p2a: Sceptile\n|-end|p2a: Sceptile|Substitute\n|-boost|p1a: Enamorus|atk|1\n|-boost|p1a: Enamorus|def|1\n|\n|-heal|p2a: Sceptile|144/264|[from] item: Leftovers\n|-heal|p1a: Enamorus|171/247|[from] item: Leftovers\n|-damage|p1a: Enamorus|141/247|[from] Leech Seed|[of] p2a: Sceptile\n|-heal|p2a: Sceptile|174/264|[silent]\n|upkeep\n|turn|24\n|inactive|sj777 has 20 seconds left this turn.\n|inactive|sj777 has 15 seconds left.\n|inactive|sj777 has 10 seconds left.\n|\n|t:|1771246001\n|move|p2a: Sceptile|Substitute|p2a: Sceptile\n|-start|p2a: Sceptile|Substitute\n|-damage|p2a: Sceptile|108/264\n|move|p1a: Enamorus|Superpower|p2a: Sceptile\n|-end|p2a: Sceptile|Substitute\n|-boost|p1a: Enamorus|atk|1\n|-boost|p1a: Enamorus|def|1\n|\n|-heal|p2a: Sceptile|124/264|[from] item: Leftovers\n|-heal|p1a: Enamorus|156/247|[from] item: Leftovers\n|-damage|p1a: Enamorus|126/247|[from] Leech Seed|[of] p2a: Sceptile\n|-heal|p2a: Sceptile|154/264|[silent]\n|upkeep\n|turn|25\n|inactive|sj777 has 20 seconds left this turn.\n|inactive|sj777 has 15 seconds left.\n|inactive|sj777 has 10 seconds left.\n|\n|t:|1771246013\n|move|p2a: Sceptile|Substitute|p2a: Sceptile\n|-start|p2a: Sceptile|Substitute\n|-damage|p2a: Sceptile|88/264\n|move|p1a: Enamorus|Superpower|p2a: Sceptile\n|-end|p2a: Sceptile|Substitute\n|-boost|p1a: Enamorus|atk|1\n|-boost|p1a: Enamorus|def|1\n|\n|-heal|p2a: Sceptile|104/264|[from] item: Leftovers\n|-heal|p1a: Enamorus|141/247|[from] item: Leftovers\n|-damage|p1a: Enamorus|111/247|[from] Leech Seed|[of] p2a: Sceptile\n|-heal|p2a: Sceptile|134/264|[silent]\n|upkeep\n|turn|26\n|inactive|sj777 has 20 seconds left this turn.\n|inactive|sj777 has 15 seconds left.\n|inactive|sj777 has 10 seconds left.\n|\n|t:|1771246026\n|switch|p2a: Dondozo|Dondozo, L78, F|339/362\n|move|p1a: Enamorus|Superpower|p2a: Dondozo\n|-damage|p2a: Dondozo|270/362\n|-boost|p1a: Enamorus|atk|1\n|-boost|p1a: Enamorus|def|1\n|\n|-heal|p1a: Enamorus|126/247|[from] item: Leftovers\n|-heal|p2a: Dondozo|292/362|[from] item: Leftovers\n|-damage|p1a: Enamorus|96/247|[from] Leech Seed|[of] p2a: Dondozo\n|-heal|p2a: Dondozo|322/362|[silent]\n|upkeep\n|turn|27\n|inactive|sj777 has 20 seconds left this turn.\n|inactive|sj777 has 15 seconds left.\n|inactive|sj777 has 10 seconds left.\n|\n|t:|1771246041\n|switch|p1a: Bruxish|Bruxish, L85, F|192/254\n|-damage|p1a: Bruxish|161/254|[from] Stealth Rock\n|move|p2a: Dondozo|Curse|p2a: Dondozo\n|-unboost|p2a: Dondozo|spe|1\n|-boost|p2a: Dondozo|atk|1\n|-boost|p2a: Dondozo|def|1\n|\n|-heal|p2a: Dondozo|344/362|[from] item: Leftovers\n|upkeep\n|turn|28\n|inactive|sj777 has 20 seconds left this turn.\n|inactive|sj777 has 15 seconds left.\n|inactive|sj777 has 10 seconds left.\n|\n|t:|1771246053\n|-terastallize|p1a: Bruxish|Psychic\n|move|p1a: Bruxish|Psychic Fangs|p2a: Dondozo\n|-damage|p2a: Dondozo|184/362\n|move|p2a: Dondozo|Curse|p2a: Dondozo\n|-unboost|p2a: Dondozo|spe|1\n|-boost|p2a: Dondozo|atk|1\n|-boost|p2a: Dondozo|def|1\n|\n|-heal|p2a: Dondozo|206/362|[from] item: Leftovers\n|upkeep\n|turn|29\n|inactive|sj777 has 20 seconds left this turn.\n|inactive|sj777 has 15 seconds left.\n|inactive|sj777 has 10 seconds left.\n|\n|t:|1771246064\n|move|p1a: Bruxish|Psychic Fangs|p2a: Dondozo\n|-damage|p2a: Dondozo|66/362\n|move|p2a: Dondozo|Rest|p2a: Dondozo\n|-status|p2a: Dondozo|slp|[from] move: Rest\n|-heal|p2a: Dondozo|362/362 slp|[silent]\n|\n|upkeep\n|turn|30\n|inactive|sj777 has 20 seconds left this turn.\n|inactive|sj777 has 15 seconds left.\n|\n|t:|1771246072\n|move|p1a: Bruxish|Psychic Fangs|p2a: Dondozo\n|-damage|p2a: Dondozo|238/362 slp\n|cant|p2a: Dondozo|slp\n|move|p2a: Dondozo|Sleep Talk|p2a: Dondozo\n|move|p2a: Dondozo|Wave Crash|p1a: Bruxish|[from] move: Sleep Talk\n|-damage|p1a: Bruxish|0 fnt\n|faint|p1a: Bruxish\n|-damage|p2a: Dondozo|185/362 slp|[from] Recoil\n|\n|-heal|p2a: Dondozo|207/362 slp|[from] item: Leftovers\n|upkeep\n|inactive|sj777 has 20 seconds left this turn.\n|inactive|sj777 has 15 seconds left.\n|inactive|sj777 has 10 seconds left.\n|\n|t:|1771246086\n|switch|p1a: Rampardos|Rampardos, L90, F|147/321\n|-damage|p1a: Rampardos|107/321|[from] Stealth Rock\n|turn|31\n|inactive|sj777 has 20 seconds left this turn.\n|inactive|sj777 has 15 seconds left.\n|\n|t:|1771246091\n|move|p1a: Rampardos|Head Smash|p2a: Dondozo|[miss]\n|-miss|p1a: Rampardos|p2a: Dondozo\n|cant|p2a: Dondozo|slp\n|move|p2a: Dondozo|Sleep Talk|p2a: Dondozo\n|move|p2a: Dondozo|Wave Crash|p1a: Rampardos|[from] move: Sleep Talk\n|-supereffective|p1a: Rampardos\n|-damage|p1a: Rampardos|0 fnt\n|faint|p1a: Rampardos\n|-damage|p2a: Dondozo|172/362 slp|[from] Recoil\n|\n|-heal|p2a: Dondozo|194/362 slp|[from] item: Leftovers\n|upkeep\n|inactive|sj777 has 20 seconds left this turn.\n|inactive|sj777 has 15 seconds left.\n|inactive|sj777 has 10 seconds left.\n|\n|t:|1771246105\n|switch|p1a: Enamorus|Enamorus, L79, F|96/247\n|-damage|p1a: Enamorus|35/247|[from] Stealth Rock\n|turn|32\n|inactive|sj777 has 20 seconds left this turn.\n|inactive|sj777 has 15 seconds left.\n|inactive|AmroE13 has 120 seconds left.\n|inactive|sj777 has 10 seconds left.\n|inactive|AmroE13 has 90 seconds left.\n|inactive|AmroE13 has 60 seconds left.\n|inactive|AmroE13 has 30 seconds left.\n|inactive|AmroE13 has 20 seconds left.\n|inactive|AmroE13 has 15 seconds left.\n|inactive|AmroE13 has 10 seconds left.\n|inactive|AmroE13 has 5 seconds left.\n|\n|t:|1771246251\n|move|p1a: Enamorus|Superpower|p2a: Dondozo\n|-damage|p2a: Dondozo|155/362 slp\n|-boost|p1a: Enamorus|atk|1\n|-boost|p1a: Enamorus|def|1\n|-curestatus|p2a: Dondozo|slp|[msg]\n|move|p2a: Dondozo|Wave Crash|p1a: Enamorus\n|-damage|p1a: Enamorus|0 fnt\n|faint|p1a: Enamorus\n|-damage|p2a: Dondozo|143/362|[from] Recoil\n|\n|win|AmroE13\n|raw|sj777's rating: 1878 &rarr; <strong>1857</strong><br />(-21 for losing)\n|raw|AmroE13's rating: 1863 &rarr; <strong>1884</strong><br />(+21 for winning)\n|l|☆sj777\n|player|p1|\n", "inputlog": ">version 686819e5e19f8a7fd2345cfc5a08a5085efa2cc3\n>start {\"formatid\":\"gen9randombattle\",\"seed\":\"sodium,4c6448a514a78bf0ecc0b45b10a2b4bd\",\"rated\":\"Rated battle\"}\n>player p1 {\"name\":\"sj777\",\"avatar\":\"266\",\"rating\":1878,\"seed\":\"sodium,246b91dc626added4b06ee743a47a30c\"}\n>player p2 {\"name\":\"AmroE13\",\"avatar\":\"2\",\"rating\":1863,\"seed\":\"sodium,b3a9af4a29e1300bfd96dd94a9c894b6\"}\n>p1 move knockoff\n>p2 switch 5\n>p1 move dragontail\n>p2 move stealthrock\n>p1 move dragontail\n>p2 switch 4\n>p1 move dragontail\n>p2 switch 5\n>p1 switch 2\n>p2 move gunkshot\n>p1 move willowisp\n>p2 move gunkshot\n>p1 move shadowball\n>p2 switch 2\n>p1 move shadowball\n>p2 move spikes\n>p1 switch 4\n>p2 switch 3\n>p1 move flipturn\n>p2 switch 4\n>p1 switch 5\n>p1 move throatchop\n>p2 move wavecrash terastallize\n>p1 move throatchop\n>p2 move wavecrash\n>p2 switch 6\n>p1 switch 2\n>p2 move gigadrain\n>p1 move knockoff\n>p2 switch 2\n>p1 move dragontail\n>p2 move gunkshot\n>p1 move synthesis\n>p2 switch 5\n>p1 move energyball\n>p2 move gunkshot\n>p2 switch 4\n>p1 move dragontail\n>p2 move lavaplume\n>p1 switch 5\n>p1 move flipturn\n>p2 switch 5\n>p1 switch 6\n>p1 move headsmash\n>p2 switch 5\n>p2 switch 2\n>p1 switch 2\n>p2 move gigadrain\n>p1 switch 3\n>p1 move superpower\n>p2 move leechseed\n>p1 move superpower\n>p2 move substitute\n>p1 move superpower\n>p2 move substitute\n>p1 move superpower\n>p2 move substitute\n>p1 move superpower\n>p2 move substitute\n>p1 move superpower\n>p2 switch 5\n>p1 switch 6\n>p2 move curse\n>p1 move psychicfangs terastallize\n>p2 move curse\n>p1 move psychicfangs\n>p2 move rest\n>p1 move psychicfangs\n>p2 move sleeptalk\n>p1 switch 2\n>p1 move headsmash\n>p2 move sleeptalk\n>p1 switch 6\n>p1 move superpower\n>p2 move wavecrash", "uploadtime": 1771246266, "views": 7, "formatid": "gen9randombattle", "rating": 1857, "private": 0, "password": null}