{"id": "gen9randombattle-2540373499", "format": "[Gen 9] Random Battle", "players": ["snof2", "showdup"], "log": "|j|☆snof2\n|j|☆showdup\n|t:|1771194287\n|gametype|singles\n|player|p1|snof2|alder|1902\n|player|p2|showdup|ethan|1907\n|gen|9\n|tier|[Gen 9] Random Battle\n|rated|\n|rule|Species Clause: Limit one of each Pokémon\n|rule|HP Percentage Mod: HP is shown in percentages\n|rule|Sleep Clause Mod: Limit one foe put to sleep\n|rule|Illusion Level Mod: Illusion disguises the Pokémon's true level\n|\n|t:|1771194287\n|teamsize|p1|6\n|teamsize|p2|6\n|start\n|switch|p1a: Lugia|Lugia, L73|275/275\n|switch|p2a: Chesnaught|Chesnaught, L84, M|285/285\n|turn|1\n|\n|t:|1771194298\n|switch|p2a: Dodrio|Dodrio, L85, M|241/241\n|move|p1a: Lugia|Calm Mind|p1a: Lugia\n|-boost|p1a: Lugia|spa|1\n|-boost|p1a: Lugia|spd|1\n|\n|upkeep\n|turn|2\n|inactive|Battle timer is ON: inactive players will automatically lose when time's up. (requested by showdup)\n|\n|t:|1771194307\n|move|p2a: Dodrio|Knock Off|p1a: Lugia\n|-supereffective|p1a: Lugia\n|-crit|p1a: Lugia\n|-damage|p1a: Lugia|178/275\n|-enditem|p1a: Lugia|Heavy-Duty Boots|[from] move: Knock Off|[of] p2a: Dodrio\n|move|p1a: Lugia|Calm Mind|p1a: Lugia\n|-boost|p1a: Lugia|spa|1\n|-boost|p1a: Lugia|spd|1\n|\n|upkeep\n|turn|3\n|\n|t:|1771194313\n|move|p2a: Dodrio|Swords Dance|p2a: Dodrio\n|-boost|p2a: Dodrio|atk|2\n|move|p1a: Lugia|Recover|p1a: Lugia\n|-heal|p1a: Lugia|275/275\n|\n|upkeep\n|turn|4\n|\n|t:|1771194320\n|move|p2a: Dodrio|Knock Off|p1a: Lugia\n|-supereffective|p1a: Lugia\n|-damage|p1a: Lugia|187/275\n|move|p1a: Lugia|Aeroblast|p2a: Dodrio\n|-damage|p2a: Dodrio|37/241\n|\n|upkeep\n|turn|5\n|\n|t:|1771194327\n|switch|p1a: Quagsire|Quagsire, L84, M|297/297\n|move|p2a: Dodrio|Brave Bird|p1a: Quagsire\n|-damage|p1a: Quagsire|161/297\n|-damage|p2a: Dodrio|0 fnt|[from] Recoil\n|faint|p2a: Dodrio\n|\n|-heal|p1a: Quagsire|179/297|[from] item: Leftovers\n|upkeep\n|\n|t:|1771194334\n|switch|p2a: Chesnaught|Chesnaught, L84, M|285/285\n|turn|6\n|\n|t:|1771194341\n|switch|p2a: Greninja|Greninja, L80, M|246/246\n|switch|p1a: Lugia|Lugia, L73|187/275\n|\n|upkeep\n|turn|7\n|\n|t:|1771194345\n|switch|p1a: Poliwrath|Poliwrath, L88, M|302/302\n|move|p2a: Greninja|Dark Pulse|p1a: Poliwrath\n|-resisted|p1a: Poliwrath\n|-damage|p1a: Poliwrath|255/302\n|-damage|p2a: Greninja|222/246|[from] item: Life Orb\n|\n|upkeep\n|turn|8\n|\n|t:|1771194351\n|switch|p2a: Chesnaught|Chesnaught, L84, M|285/285\n|move|p1a: Poliwrath|Close Combat|p2a: Chesnaught\n|-damage|p2a: Chesnaught|147/285\n|-unboost|p1a: Poliwrath|def|1\n|-unboost|p1a: Poliwrath|spd|1\n|-damage|p1a: Poliwrath|205/302|[from] item: Rocky Helmet|[of] p2a: Chesnaught\n|-damage|p1a: Poliwrath|175/302|[from] item: Life Orb\n|\n|upkeep\n|turn|9\n|\n|t:|1771194360\n|switch|p1a: Lugia|Lugia, L73|187/275\n|move|p2a: Chesnaught|Synthesis|p2a: Chesnaught\n|-heal|p2a: Chesnaught|285/285\n|\n|upkeep\n|turn|10\n|\n|t:|1771194367\n|switch|p2a: Dragapult|Dragapult, L77, M|262/262\n|move|p1a: Lugia|Aeroblast|p2a: Dragapult\n|-damage|p2a: Dragapult|168/262\n|\n|upkeep\n|turn|11\n|\n|t:|1771194374\n|switch|p1a: Glimmora|Glimmora, L75, F|219/219\n|move|p2a: Dragapult|Shadow Ball|p1a: Glimmora\n|-immune|p1a: Glimmora\n|\n|upkeep\n|turn|12\n|\n|t:|1771194388\n|switch|p2a: Chesnaught|Chesnaught, L84, M|285/285\n|move|p1a: Glimmora|Poltergeist|p2a: Chesnaught\n|-activate|p2a: Chesnaught|move: Poltergeist|Rocky Helmet\n|-damage|p2a: Chesnaught|172/285\n|-damage|p1a: Glimmora|198/219|[from] item: Life Orb\n|\n|upkeep\n|turn|13\n|\n|t:|1771194398\n|move|p1a: Glimmora|Hyper Voice|p2a: Chesnaught\n|-damage|p2a: Chesnaught|15/285\n|-damage|p1a: Glimmora|177/219|[from] item: Life Orb\n|move|p2a: Chesnaught|Spikes|p1a: Glimmora\n|-sidestart|p1: snof2|Spikes\n|\n|upkeep\n|turn|14\n|\n|t:|1771194409\n|move|p1a: Glimmora|Hyper Voice|p2a: Chesnaught\n|-damage|p2a: Chesnaught|0 fnt\n|faint|p2a: Chesnaught\n|-damage|p1a: Glimmora|156/219|[from] item: Life Orb\n|\n|upkeep\n|\n|t:|1771194410\n|switch|p2a: Greninja|Greninja, L80, M|222/246\n|turn|15\n|\n|t:|1771194422\n|switch|p1a: Dunsparce|Dunsparce, L86, M|312/312\n|-damage|p1a: Dunsparce|273/312|[from] Spikes\n|move|p2a: Greninja|Dark Pulse|p1a: Dunsparce\n|-damage|p1a: Dunsparce|183/312\n|-damage|p2a: Greninja|198/246|[from] item: Life Orb\n|\n|upkeep\n|turn|16\n|\n|t:|1771194429\n|switch|p2a: Dragapult|Dragapult, L77, M|168/262\n|move|p1a: Dunsparce|Roost|p1a: Dunsparce\n|-heal|p1a: Dunsparce|312/312\n|-singleturn|p1a: Dunsparce|move: Roost\n|\n|upkeep\n|turn|17\n|\n|t:|1771194437\n|move|p2a: Dragapult|U-turn|p1a: Dunsparce\n|-damage|p1a: Dunsparce|276/312\n|\n|t:|1771194440\n|switch|p2a: Greninja|Greninja, L80, M|198/246|[from] U-turn\n|move|p1a: Dunsparce|Coil|p1a: Dunsparce\n|-boost|p1a: Dunsparce|atk|1\n|-boost|p1a: Dunsparce|def|1\n|-boost|p1a: Dunsparce|accuracy|1\n|\n|upkeep\n|turn|18\n|\n|t:|1771194443\n|move|p2a: Greninja|Dark Pulse|p1a: Dunsparce\n|-damage|p1a: Dunsparce|185/312\n|-damage|p2a: Greninja|174/246|[from] item: Life Orb\n|move|p1a: Dunsparce|Body Slam|p2a: Greninja\n|-damage|p2a: Greninja|42/246\n|-status|p2a: Greninja|par\n|\n|upkeep\n|turn|19\n|\n|t:|1771194446\n|move|p1a: Dunsparce|Roost|p1a: Dunsparce\n|-heal|p1a: Dunsparce|312/312\n|-singleturn|p1a: Dunsparce|move: Roost\n|move|p2a: Greninja|Dark Pulse|p1a: Dunsparce\n|-damage|p1a: Dunsparce|225/312\n|-damage|p2a: Greninja|18/246 par|[from] item: Life Orb\n|\n|upkeep\n|turn|20\n|\n|t:|1771194452\n|move|p1a: Dunsparce|Body Slam|p2a: Greninja\n|-damage|p2a: Greninja|0 fnt\n|faint|p2a: Greninja\n|\n|upkeep\n|\n|t:|1771194454\n|switch|p2a: Venomoth|Venomoth, L84, M|255/255\n|turn|21\n|\n|t:|1771194457\n|move|p2a: Venomoth|Sleep Powder|p1a: Dunsparce|[miss]\n|-miss|p2a: Venomoth|p1a: Dunsparce\n|move|p1a: Dunsparce|Body Slam|p2a: Venomoth\n|-damage|p2a: Venomoth|108/255\n|\n|upkeep\n|turn|22\n|\n|t:|1771194460\n|move|p2a: Venomoth|Sleep Powder|p1a: Dunsparce\n|-status|p1a: Dunsparce|slp|[from] move: Sleep Powder\n|cant|p1a: Dunsparce|slp\n|\n|upkeep\n|turn|23\n|\n|t:|1771194464\n|move|p2a: Venomoth|Quiver Dance|p2a: Venomoth\n|-boost|p2a: Venomoth|spa|1\n|-boost|p2a: Venomoth|spd|1\n|-boost|p2a: Venomoth|spe|1\n|cant|p1a: Dunsparce|slp\n|\n|upkeep\n|turn|24\n|\n|t:|1771194469\n|move|p2a: Venomoth|Bug Buzz|p1a: Dunsparce\n|-damage|p1a: Dunsparce|110/312 slp\n|-curestatus|p1a: Dunsparce|slp|[msg]\n|move|p1a: Dunsparce|Body Slam|p2a: Venomoth\n|-damage|p2a: Venomoth|0 fnt\n|faint|p2a: Venomoth\n|\n|upkeep\n|\n|t:|1771194474\n|switch|p2a: Dragapult|Dragapult, L77, M|168/262\n|turn|25\n|\n|t:|1771194479\n|move|p2a: Dragapult|Draco Meteor|p1a: Dunsparce\n|-damage|p1a: Dunsparce|0 fnt\n|-unboost|p2a: Dragapult|spa|2\n|faint|p1a: Dunsparce\n|\n|upkeep\n|\n|t:|1771194495\n|switch|p1a: Poliwrath|Poliwrath, L88, M|175/302\n|-damage|p1a: Poliwrath|138/302|[from] Spikes\n|turn|26\n|\n|t:|1771194499\n|move|p2a: Dragapult|Draco Meteor|p1a: Poliwrath\n|-damage|p1a: Poliwrath|51/302\n|-unboost|p2a: Dragapult|spa|2\n|move|p1a: Poliwrath|Rain Dance|p1a: Poliwrath\n|-weather|RainDance\n|\n|-weather|RainDance|[upkeep]\n|upkeep\n|turn|27\n|\n|t:|1771194503\n|move|p1a: Poliwrath|Knock Off|p2a: Dragapult\n|-supereffective|p2a: Dragapult\n|-damage|p2a: Dragapult|0 fnt\n|-enditem|p2a: Dragapult|Choice Specs|[from] move: Knock Off|[of] p1a: Poliwrath\n|faint|p2a: Dragapult\n|-damage|p1a: Poliwrath|21/302|[from] item: Life Orb\n|\n|-weather|RainDance|[upkeep]\n|upkeep\n|\n|t:|1771194505\n|switch|p2a: Frosmoth|Frosmoth, L82, F|249/249\n|turn|28\n|\n|t:|1771194510\n|-terastallize|p1a: Poliwrath|Water\n|move|p1a: Poliwrath|Liquidation|p2a: Frosmoth\n|-damage|p2a: Frosmoth|0 fnt\n|faint|p2a: Frosmoth\n|-damage|p1a: Poliwrath|0 fnt|[from] item: Life Orb\n|faint|p1a: Poliwrath\n|\n|win|snof2\n|raw|snof2's rating: 1902 &rarr; <strong>1922</strong><br />(+20 for winning)\n|raw|showdup's rating: 1907 &rarr; <strong>1887</strong><br />(-20 for losing)\n", "inputlog": ">version 686819e5e19f8a7fd2345cfc5a08a5085efa2cc3\n>start {\"formatid\":\"gen9randombattle\",\"seed\":\"sodium,040cc327991ad811880fec5df8321e1e\",\"rated\":\"Rated battle\"}\n>player p1 {\"name\":\"snof2\",\"avatar\":\"alder\",\"rating\":1902,\"seed\":\"sodium,c83044b85fe0923b428f1e0302aa57ab\"}\n>player p2 {\"name\":\"showdup\",\"avatar\":\"ethan\",\"rating\":1907,\"seed\":\"sodium,c5e5c7614fe1b73d763595b10e32aa42\"}\n>p1 move calmmind\n>p2 switch 3\n>p1 move calmmind\n>p2 move knockoff\n>p1 move recover\n>p2 move swordsdance\n>p1 move aeroblast\n>p2 move knockoff\n>p1 switch 3\n>p2 move bravebird\n>p2 switch 3\n>p1 switch 3\n>p2 switch 6\n>p1 switch 5\n>p2 move darkpulse\n>p1 move closecombat\n>p2 switch 6\n>p1 switch 5\n>p2 move synthesis\n>p1 move aeroblast\n>p2 switch 4\n>p1 switch 4\n>p2 move shadowball\n>p1 move poltergeist\n>p2 switch 4\n>p1 move hypervoice\n>p2 move spikes\n>p1 move hypervoice\n>p2 move woodhammer\n>p2 switch 6\n>p1 switch 2\n>p2 move darkpulse\n>p1 move roost\n>p2 switch 4\n>p1 move coil\n>p2 move uturn\n>p2 switch 4\n>p1 move bodyslam\n>p2 move darkpulse\n>p1 move roost\n>p2 move darkpulse\n>p1 move bodyslam\n>p2 move darkpulse\n>p2 switch 2\n>p1 move bodyslam\n>p2 move sleeppowder\n>p1 move bodyslam\n>p2 move sleeppowder\n>p1 move bodyslam\n>p2 move quiverdance\n>p1 move bodyslam\n>p2 move bugbuzz\n>p2 switch 4\n>p1 move earthquake\n>p2 move dracometeor\n>p1 switch 5\n>p1 move raindance\n>p2 move dracometeor\n>p1 move knockoff\n>p2 move dracometeor\n>p2 switch 5\n>p1 move liquidation terastallize\n>p2 move quiverdance", "uploadtime": 1771194516, "views": 8, "formatid": "gen9randombattle", "rating": 1887, "private": 0, "password": null}