{"id": "gen9randombattle-2540069018", "format": "[Gen 9] Random Battle", "players": ["FR0ST11", "baller salsa"], "log": "|j|☆FR0ST11\n|j|☆baller salsa\n|t:|1771156254\n|gametype|singles\n|player|p1|FR0ST11|hilbert|1590\n|player|p2|baller salsa|gentleman-gen4|1648\n|gen|9\n|tier|[Gen 9] Random Battle\n|rated|\n|rule|Species Clause: Limit one of each Pokémon\n|rule|HP Percentage Mod: HP is shown in percentages\n|rule|Sleep Clause Mod: Limit one foe put to sleep\n|rule|Illusion Level Mod: Illusion disguises the Pokémon's true level\n|\n|t:|1771156254\n|teamsize|p1|6\n|teamsize|p2|6\n|start\n|switch|p1a: Dedenne|Dedenne, L88, F|261/261\n|switch|p2a: Ursaluna|Ursaluna, L79, M|335/335\n|turn|1\n|\n|t:|1771156261\n|move|p1a: Dedenne|U-turn|p2a: Ursaluna\n|-damage|p2a: Ursaluna|302/335\n|\n|t:|1771156266\n|switch|p1a: Skarmory|Skarmory, L80, F|235/235|[from] U-turn\n|move|p2a: Ursaluna|Trailblaze|p1a: Skarmory\n|-resisted|p1a: Skarmory\n|-damage|p1a: Skarmory|227/235\n|-boost|p2a: Ursaluna|spe|1\n|\n|-heal|p1a: Skarmory|235/235|[from] item: Leftovers\n|-status|p2a: Ursaluna|brn|[from] item: Flame Orb\n|upkeep\n|turn|2\n|\n|t:|1771156278\n|-terastallize|p2a: Ursaluna|Normal\n|move|p2a: Ursaluna|Facade|p1a: Skarmory\n|-resisted|p1a: Skarmory\n|-damage|p1a: Skarmory|104/235\n|move|p1a: Skarmory|Stealth Rock|p2a: Ursaluna\n|-sidestart|p2: baller salsa|move: Stealth Rock\n|\n|-heal|p1a: Skarmory|118/235|[from] item: Leftovers\n|-damage|p2a: Ursaluna|282/335 brn|[from] brn\n|upkeep\n|turn|3\n|\n|t:|1771156291\n|move|p2a: Ursaluna|Trailblaze|p1a: Skarmory\n|-resisted|p1a: Skarmory\n|-damage|p1a: Skarmory|107/235\n|-boost|p2a: Ursaluna|spe|1\n|move|p1a: Skarmory|Body Press|p2a: Ursaluna\n|-supereffective|p2a: Ursaluna\n|-damage|p2a: Ursaluna|154/335 brn\n|\n|-heal|p1a: Skarmory|121/235|[from] item: Leftovers\n|-damage|p2a: Ursaluna|134/335 brn|[from] brn\n|upkeep\n|turn|4\n|\n|t:|1771156302\n|move|p2a: Ursaluna|Facade|p1a: Skarmory\n|-resisted|p1a: Skarmory\n|-damage|p1a: Skarmory|0 fnt\n|faint|p1a: Skarmory\n|\n|-damage|p2a: Ursaluna|114/335 brn|[from] brn\n|upkeep\n|c|☆baller salsa|bad start for you ngl\n|\n|t:|1771156324\n|switch|p1a: Persian|Persian-Alola, L86, F|252/252\n|turn|5\n|\n|t:|1771156330\n|move|p2a: Ursaluna|Facade|p1a: Persian\n|-damage|p1a: Persian|36/252\n|move|p1a: Persian|Dark Pulse|p2a: Ursaluna\n|-damage|p2a: Ursaluna|11/335 brn\n|-damage|p1a: Persian|11/252|[from] item: Life Orb\n|\n|-damage|p2a: Ursaluna|0 fnt|[from] brn\n|faint|p2a: Ursaluna\n|upkeep\n|c|☆baller salsa|oh furcoat\n|\n|t:|1771156345\n|switch|p2a: Arceus|Arceus-Steel, L70|284/284\n|-damage|p2a: Arceus|267/284|[from] Stealth Rock\n|turn|6\n|\n|t:|1771156350\n|move|p1a: Persian|Dark Pulse|p2a: Arceus\n|-damage|p2a: Arceus|180/284\n|-damage|p1a: Persian|0 fnt|[from] item: Life Orb\n|faint|p1a: Persian\n|move|p2a: Arceus|Calm Mind|p2a: Arceus\n|-boost|p2a: Arceus|spa|1\n|-boost|p2a: Arceus|spd|1\n|\n|upkeep\n|\n|t:|1771156363\n|switch|p1a: Sneasler|Sneasler, L74, F|240/240\n|turn|7\n|\n|t:|1771156370\n|move|p1a: Sneasler|Close Combat|p2a: Arceus\n|-supereffective|p2a: Arceus\n|-damage|p2a: Arceus|0 fnt\n|-unboost|p1a: Sneasler|def|1\n|-unboost|p1a: Sneasler|spd|1\n|faint|p2a: Arceus\n|-enditem|p1a: Sneasler|White Herb\n|-clearnegativeboost|p1a: Sneasler|[silent]\n|\n|upkeep\n|\n|t:|1771156375\n|switch|p2a: Kilowattrel|Kilowattrel, L83, M|252/252\n|turn|8\n|\n|t:|1771156380\n|switch|p1a: Dedenne|Dedenne, L88, F|261/261\n|move|p2a: Kilowattrel|Hurricane|p1a: Dedenne\n|-resisted|p1a: Dedenne\n|-damage|p1a: Dedenne|184/261\n|\n|upkeep\n|turn|9\n|\n|t:|1771156388\n|move|p2a: Kilowattrel|U-turn|p1a: Dedenne\n|-resisted|p1a: Dedenne\n|-crit|p1a: Dedenne\n|-damage|p1a: Dedenne|146/261\n|inactive|Battle timer is ON: inactive players will automatically lose when time's up. (requested by FR0ST11)\n|\n|t:|1771156397\n|switch|p2a: Slaking|Slaking, L84, F|389/389|[from] U-turn\n|-damage|p2a: Slaking|341/389|[from] Stealth Rock\n|move|p1a: Dedenne|Dazzling Gleam|p2a: Slaking\n|-damage|p2a: Slaking|244/389\n|\n|upkeep\n|turn|10\n|\n|t:|1771156407\n|move|p1a: Dedenne|Nuzzle|p2a: Slaking\n|-damage|p2a: Slaking|226/389\n|-status|p2a: Slaking|par\n|move|p2a: Slaking|Earthquake|p1a: Dedenne\n|-supereffective|p1a: Dedenne\n|-damage|p1a: Dedenne|0 fnt\n|faint|p1a: Dedenne\n|\n|upkeep\n|\n|t:|1771156414\n|switch|p1a: Sneasler|Sneasler, L74, F|240/240\n|turn|11\n|\n|t:|1771156418\n|move|p1a: Sneasler|Swords Dance|p1a: Sneasler\n|-boost|p1a: Sneasler|atk|2\n|cant|p2a: Slaking|ability: Truant\n|\n|upkeep\n|turn|12\n|\n|t:|1771156430\n|move|p1a: Sneasler|Close Combat|p2a: Slaking\n|-supereffective|p2a: Slaking\n|-damage|p2a: Slaking|0 fnt\n|-unboost|p1a: Sneasler|def|1\n|-unboost|p1a: Sneasler|spd|1\n|faint|p2a: Slaking\n|\n|upkeep\n|\n|t:|1771156444\n|switch|p2a: Lugia|Lugia, L73|275/275\n|turn|13\n|\n|t:|1771156450\n|-terastallize|p1a: Sneasler|Flying\n|move|p1a: Sneasler|Acrobatics|p2a: Lugia\n|-damage|p2a: Lugia|178/275\n|move|p2a: Lugia|Psychic Noise|p1a: Sneasler\n|-damage|p1a: Sneasler|138/240\n|-start|p1a: Sneasler|move: Heal Block\n|\n|upkeep\n|turn|14\n|\n|t:|1771156459\n|move|p1a: Sneasler|Acrobatics|p2a: Lugia\n|-damage|p2a: Lugia|0 fnt\n|faint|p2a: Lugia\n|\n|-end|p1a: Sneasler|move: Heal Block\n|upkeep\n|\n|t:|1771156466\n|switch|p2a: Kilowattrel|Kilowattrel, L83, M|252/252\n|turn|15\n|\n|t:|1771156469\n|move|p2a: Kilowattrel|Thunderbolt|p1a: Sneasler\n|-supereffective|p1a: Sneasler\n|-damage|p1a: Sneasler|0 fnt\n|faint|p1a: Sneasler\n|\n|upkeep\n|c|☆baller salsa|HUH!?!?!?!\n|c|☆baller salsa|how did i out speed\n|inactive|FR0ST11 has 120 seconds left.\n|c|☆FR0ST11|same question\n|c|☆FR0ST11|wth happened?!\n|\n|t:|1771156524\n|switch|p1a: Rabsca|Rabsca, L91, F|284/284\n|turn|16\n|c|☆baller salsa|what speed was his base\n|inactive|FR0ST11 has 90 seconds left.\n|c|☆FR0ST11|221, it was definitely higher after unburden\n|\n|t:|1771156548\n|move|p2a: Kilowattrel|Hurricane|p1a: Rabsca\n|-supereffective|p1a: Rabsca\n|-damage|p1a: Rabsca|80/284\n|move|p1a: Rabsca|Psychic|p2a: Kilowattrel\n|-damage|p2a: Kilowattrel|78/252\n|\n|upkeep\n|turn|17\n|c|☆baller salsa|now im super confused\n|\n|t:|1771156570\n|move|p2a: Kilowattrel|Thunderbolt|p1a: Rabsca\n|-damage|p1a: Rabsca|0 fnt\n|faint|p1a: Rabsca\n|\n|upkeep\n|c|☆baller salsa|in 255\n|inactive|FR0ST11 has 90 seconds left.\n|c|☆FR0ST11|what ability does kilowattrel have?\n|\n|t:|1771156585\n|switch|p1a: Galvantula|Galvantula, L82, M|249/249\n|turn|18\n|inactive|FR0ST11 has 90 seconds left.\n|c|☆baller salsa|volt absorb\n|\n|t:|1771156594\n|move|p2a: Kilowattrel|Hurricane|p1a: Galvantula|[miss]\n|-miss|p2a: Kilowattrel|p1a: Galvantula\n|move|p1a: Galvantula|Bug Buzz|p2a: Kilowattrel\n|-resisted|p2a: Kilowattrel\n|-damage|p2a: Kilowattrel|20/252\n|\n|upkeep\n|turn|19\n|\n|t:|1771156602\n|move|p2a: Kilowattrel|Roost|p2a: Kilowattrel\n|-heal|p2a: Kilowattrel|146/252\n|-singleturn|p2a: Kilowattrel|move: Roost\n|move|p1a: Galvantula|Bug Buzz|p2a: Kilowattrel\n|-damage|p2a: Kilowattrel|16/252\n|\n|upkeep\n|turn|20\n|c|☆FR0ST11|a glitch?\n|\n|t:|1771156612\n|move|p2a: Kilowattrel|Hurricane|p1a: Galvantula|[miss]\n|-miss|p2a: Kilowattrel|p1a: Galvantula\n|move|p1a: Galvantula|Bug Buzz|p2a: Kilowattrel\n|-resisted|p2a: Kilowattrel\n|-damage|p2a: Kilowattrel|0 fnt\n|faint|p2a: Kilowattrel\n|\n|upkeep\n|c|☆baller salsa|idk\n|c|☆baller salsa|what move did you use?\n|\n|t:|1771156626\n|switch|p2a: Deoxys|Deoxys-Attack, L72|191/191\n|-damage|p2a: Deoxys|168/191|[from] Stealth Rock\n|-ability|p2a: Deoxys|Pressure\n|turn|21\n|\n|t:|1771156631\n|move|p2a: Deoxys|Psycho Boost|p1a: Galvantula\n|-damage|p1a: Galvantula|0 fnt\n|-unboost|p2a: Deoxys|spa|2\n|faint|p1a: Galvantula\n|-damage|p2a: Deoxys|149/191|[from] item: Life Orb\n|\n|win|baller salsa\n|raw|FR0ST11's rating: 1590 &rarr; <strong>1573</strong><br />(-17 for losing)\n|raw|baller salsa's rating: 1648 &rarr; <strong>1665</strong><br />(+17 for winning)\n|c|☆FR0ST11|gg tho\n|c|☆baller salsa|gg\\\n|l|☆FR0ST11\n|player|p1|\n", "inputlog": ">version 686819e5e19f8a7fd2345cfc5a08a5085efa2cc3\n>start {\"formatid\":\"gen9randombattle\",\"seed\":\"sodium,5da604bbdbd7a9f3436bd0ed4970bc0b\",\"rated\":\"Rated battle\"}\n>player p1 {\"name\":\"FR0ST11\",\"avatar\":\"hilbert\",\"rating\":1590,\"seed\":\"sodium,a545aeb52a8afbe81a0d6dd1010121b2\"}\n>player p2 {\"name\":\"baller salsa\",\"avatar\":\"gentleman-gen4\",\"rating\":1648,\"seed\":\"sodium,2a9920be7864a1b95fd5f726277d6190\"}\n>p1 move uturn\n>p2 move trailblaze\n>p1 switch 4\n>p1 move stealthrock\n>p2 move facade terastallize\n>p1 move bodypress\n>p2 move trailblaze\n>p1 move roost\n>p2 move facade\n>chat ☆baller salsa|bad start for you ngl\n>p1 switch 2\n>p1 move darkpulse\n>p2 move facade\n>chat ☆baller salsa|oh furcoat\n>p2 switch 3\n>p1 move darkpulse\n>p2 move calmmind\n>p1 switch 3\n>p1 move closecombat\n>p2 move earthpower\n>p2 switch 4\n>p1 switch 4\n>p2 move hurricane\n>p1 move dazzlinggleam\n>p2 move uturn\n>p2 switch 5\n>p1 move nuzzle\n>p2 move earthquake\n>p1 switch 4\n>p1 move swordsdance\n>p2 move earthquake\n>p1 move closecombat\n>p2 move earthquake\n>p2 switch 2\n>p1 move acrobatics terastallize\n>p2 move psychicnoise\n>p1 move acrobatics\n>p2 move aeroblast\n>p2 switch 5\n>p1 move direclaw\n>p2 move thunderbolt\n>chat ☆baller salsa|HUH!?!?!?!\n>chat ☆baller salsa|how did i out speed\n>chat ☆FR0ST11|same question \n>chat ☆FR0ST11|wth happened?!\n>p1 switch 5\n>chat ☆baller salsa|what speed was his base\n>chat ☆FR0ST11|221, it was definitely higher after unburden\n>p1 move psychic\n>p2 move hurricane\n>chat ☆baller salsa|now im super confused\n>p1 move recover\n>p2 move thunderbolt\n>chat ☆baller salsa|in 255\n>chat ☆FR0ST11|what ability does kilowattrel have?\n>p1 switch 6\n>chat ☆baller salsa|volt absorb\n>p1 move bugbuzz\n>p2 move hurricane\n>p1 move bugbuzz\n>p2 move roost\n>chat ☆FR0ST11|a glitch?\n>p1 move bugbuzz\n>p2 move hurricane\n>chat ☆baller salsa|idk\n>chat ☆baller salsa|what move did you use?\n>p2 switch 6\n>p1 move bugbuzz\n>p2 move psychoboost", "uploadtime": 1771156668, "views": 28, "formatid": "gen9randombattle", "rating": 1573, "private": 0, "password": null}