{"id": "gen9randombattle-2540913862", "format": "[Gen 9] Random Battle", "players": ["Dalisdalis", "SimplyJackAttack"], "log": "|j|☆Dalisdalis\n|j|☆SimplyJackAttack\n|t:|1771266626\n|gametype|singles\n|player|p1|Dalisdalis|depotagent|1743\n|player|p2|SimplyJackAttack|flannery|1711\n|gen|9\n|tier|[Gen 9] Random Battle\n|rated|\n|rule|Species Clause: Limit one of each Pokémon\n|rule|HP Percentage Mod: HP is shown in percentages\n|rule|Sleep Clause Mod: Limit one foe put to sleep\n|rule|Illusion Level Mod: Illusion disguises the Pokémon's true level\n|\n|t:|1771266626\n|teamsize|p1|6\n|teamsize|p2|6\n|start\n|switch|p1a: Hitmonchan|Hitmonchan, L87, M|229/229\n|switch|p2a: Raichu|Raichu-Alola, L87, M|246/246\n|turn|1\n|inactive|Battle timer is ON: inactive players will automatically lose when time's up. (requested by SimplyJackAttack)\n|\n|t:|1771266655\n|move|p2a: Raichu|Psyshock|p1a: Hitmonchan\n|-supereffective|p1a: Hitmonchan\n|-damage|p1a: Hitmonchan|0 fnt\n|faint|p1a: Hitmonchan\n|\n|upkeep\n|\n|t:|1771266666\n|switch|p1a: Gliscor|Gliscor, L76, M|239/239\n|turn|2\n|inactive|SimplyJackAttack has 120 seconds left.\n|\n|t:|1771266696\n|switch|p2a: Greninja|Greninja, L80, M|246/246\n|move|p1a: Gliscor|Protect||[still]\n|-fail|p1a: Gliscor\n|\n|-status|p1a: Gliscor|tox|[from] item: Toxic Orb\n|upkeep\n|turn|3\n|\n|t:|1771266703\n|-terastallize|p1a: Gliscor|Water\n|move|p2a: Greninja|Ice Beam|p1a: Gliscor\n|-start|p2a: Greninja|typechange|Ice|[from] ability: Protean\n|-resisted|p1a: Gliscor\n|-damage|p1a: Gliscor|160/239 tox\n|-damage|p2a: Greninja|222/246|[from] item: Life Orb\n|move|p1a: Gliscor|Toxic|p2a: Greninja\n|-status|p2a: Greninja|tox\n|\n|-damage|p2a: Greninja|207/246 tox|[from] psn\n|-heal|p1a: Gliscor|189/239 tox|[from] ability: Poison Heal\n|upkeep\n|turn|4\n|inactive|SimplyJackAttack has 120 seconds left.\n|\n|t:|1771266724\n|switch|p2a: Bellibolt|Bellibolt, L84, F|320/320\n|move|p1a: Gliscor|Protect||[still]\n|-fail|p1a: Gliscor\n|\n|-heal|p1a: Gliscor|218/239 tox|[from] ability: Poison Heal\n|upkeep\n|turn|5\n|\n|t:|1771266733\n|move|p1a: Gliscor|Toxic|p2a: Bellibolt|[miss]\n|-miss|p1a: Gliscor|p2a: Bellibolt\n|move|p2a: Bellibolt|Volt Switch|p1a: Gliscor\n|-supereffective|p1a: Gliscor\n|-damage|p1a: Gliscor|42/239 tox\n|\n|t:|1771266739\n|switch|p2a: Raichu|Raichu-Alola, L87, M|246/246|[from] Volt Switch\n|\n|-heal|p1a: Gliscor|71/239 tox|[from] ability: Poison Heal\n|upkeep\n|turn|6\n|\n|t:|1771266744\n|move|p1a: Gliscor|Protect|p1a: Gliscor\n|-singleturn|p1a: Gliscor|Protect\n|move|p2a: Raichu|Thunderbolt|p1a: Gliscor\n|-activate|p1a: Gliscor|move: Protect\n|\n|-heal|p1a: Gliscor|100/239 tox|[from] ability: Poison Heal\n|upkeep\n|turn|7\n|\n|t:|1771266750\n|switch|p1a: Toxtricity|Toxtricity, L82, F|257/257\n|move|p2a: Raichu|Thunderbolt|p1a: Toxtricity\n|-resisted|p1a: Toxtricity\n|-damage|p1a: Toxtricity|170/257\n|\n|upkeep\n|turn|8\n|\n|t:|1771266762\n|switch|p2a: Gholdengo|Gholdengo, L77|261/261\n|move|p1a: Toxtricity|Boomburst|p2a: Gholdengo\n|-immune|p2a: Gholdengo\n|\n|upkeep\n|turn|9\n|\n|t:|1771266770\n|switch|p1a: Gliscor|Gliscor, L76, M, tera:Water|100/239 tox\n|move|p2a: Gholdengo|Nasty Plot|p2a: Gholdengo\n|-boost|p2a: Gholdengo|spa|2\n|\n|-heal|p1a: Gliscor|129/239 tox|[from] ability: Poison Heal\n|upkeep\n|turn|10\n|\n|t:|1771266778\n|move|p1a: Gliscor|Earthquake|p2a: Gholdengo\n|-supereffective|p2a: Gholdengo\n|-damage|p2a: Gholdengo|69/261\n|move|p2a: Gholdengo|Shadow Ball|p1a: Gliscor\n|-damage|p1a: Gliscor|0 fnt\n|faint|p1a: Gliscor\n|\n|-heal|p2a: Gholdengo|85/261|[from] item: Leftovers\n|upkeep\n|\n|t:|1771266797\n|switch|p1a: Toxtricity|Toxtricity, L82, F|170/257\n|turn|11\n|\n|t:|1771266800\n|move|p2a: Gholdengo|Shadow Ball|p1a: Toxtricity\n|-damage|p1a: Toxtricity|0 fnt\n|faint|p1a: Toxtricity\n|\n|-heal|p2a: Gholdengo|101/261|[from] item: Leftovers\n|upkeep\n|\n|t:|1771266803\n|switch|p1a: Latias|Latias, L79, F|256/256\n|turn|12\n|\n|t:|1771266809\n|-terastallize|p2a: Gholdengo|Steel\n|move|p1a: Latias|Draco Meteor|p2a: Gholdengo\n|-resisted|p2a: Gholdengo\n|-damage|p2a: Gholdengo|19/261\n|-unboost|p1a: Latias|spa|2\n|move|p2a: Gholdengo|Recover|p2a: Gholdengo\n|-heal|p2a: Gholdengo|150/261\n|\n|-heal|p2a: Gholdengo|166/261|[from] item: Leftovers\n|upkeep\n|turn|13\n|\n|t:|1771266820\n|switch|p1a: Vaporeon|Vaporeon, L86, F|364/364\n|move|p2a: Gholdengo|Shadow Ball|p1a: Vaporeon\n|-damage|p1a: Vaporeon|208/364\n|\n|-heal|p2a: Gholdengo|182/261|[from] item: Leftovers\n|-heal|p1a: Vaporeon|230/364|[from] item: Leftovers\n|upkeep\n|turn|14\n|\n|t:|1771266824\n|move|p2a: Gholdengo|Nasty Plot|p2a: Gholdengo\n|-boost|p2a: Gholdengo|spa|2\n|move|p1a: Vaporeon|Scald|p2a: Gholdengo\n|-damage|p2a: Gholdengo|70/261\n|\n|-heal|p2a: Gholdengo|86/261|[from] item: Leftovers\n|-heal|p1a: Vaporeon|252/364|[from] item: Leftovers\n|upkeep\n|turn|15\n|\n|t:|1771266828\n|move|p2a: Gholdengo|Recover|p2a: Gholdengo\n|-heal|p2a: Gholdengo|217/261\n|move|p1a: Vaporeon|Wish|p1a: Vaporeon\n|\n|-heal|p2a: Gholdengo|233/261|[from] item: Leftovers\n|-heal|p1a: Vaporeon|274/364|[from] item: Leftovers\n|upkeep\n|turn|16\n|\n|t:|1771266832\n|switch|p1a: Infernape|Infernape, L82, F|259/259\n|move|p2a: Gholdengo|Nasty Plot|p2a: Gholdengo\n|-boost|p2a: Gholdengo|spa|2\n|\n|-heal|p2a: Gholdengo|249/261|[from] item: Leftovers\n|upkeep\n|turn|17\n|\n|t:|1771266840\n|switch|p2a: Bellibolt|Bellibolt, L84, F|320/320\n|move|p1a: Infernape|Overheat|p2a: Bellibolt\n|-damage|p2a: Bellibolt|139/320\n|-unboost|p1a: Infernape|spa|2\n|-start|p2a: Bellibolt|Charge|Overheat|[from] ability: Electromorphosis\n|-damage|p1a: Infernape|234/259|[from] item: Life Orb\n|\n|-heal|p2a: Bellibolt|159/320|[from] item: Leftovers\n|upkeep\n|turn|18\n|\n|t:|1771266847\n|move|p1a: Infernape|Close Combat|p2a: Bellibolt\n|-damage|p2a: Bellibolt|0 fnt\n|-unboost|p1a: Infernape|def|1\n|-unboost|p1a: Infernape|spd|1\n|faint|p2a: Bellibolt\n|-damage|p1a: Infernape|209/259|[from] item: Life Orb\n|\n|upkeep\n|\n|t:|1771266854\n|switch|p2a: Raichu|Raichu-Alola, L87, M|246/246\n|turn|19\n|\n|t:|1771266859\n|switch|p1a: Vaporeon|Vaporeon, L86, F|274/364\n|move|p2a: Raichu|Thunderbolt|p1a: Vaporeon\n|-supereffective|p1a: Vaporeon\n|-damage|p1a: Vaporeon|0 fnt\n|faint|p1a: Vaporeon\n|\n|upkeep\n|\n|t:|1771266861\n|switch|p1a: Latias|Latias, L79, F|256/256\n|turn|20\n|\n|t:|1771266867\n|switch|p2a: Gholdengo|Gholdengo, L77, tera:Steel|249/261\n|move|p1a: Latias|Calm Mind|p1a: Latias\n|-boost|p1a: Latias|spa|1\n|-boost|p1a: Latias|spd|1\n|\n|-heal|p2a: Gholdengo|261/261|[from] item: Leftovers\n|upkeep\n|turn|21\n|\n|t:|1771266872\n|move|p1a: Latias|Calm Mind|p1a: Latias\n|-boost|p1a: Latias|spa|1\n|-boost|p1a: Latias|spd|1\n|move|p2a: Gholdengo|Nasty Plot|p2a: Gholdengo\n|-boost|p2a: Gholdengo|spa|2\n|\n|upkeep\n|turn|22\n|\n|t:|1771266876\n|move|p1a: Latias|Calm Mind|p1a: Latias\n|-boost|p1a: Latias|spa|1\n|-boost|p1a: Latias|spd|1\n|move|p2a: Gholdengo|Nasty Plot|p2a: Gholdengo\n|-boost|p2a: Gholdengo|spa|2\n|\n|upkeep\n|turn|23\n|\n|t:|1771266878\n|move|p1a: Latias|Calm Mind|p1a: Latias\n|-boost|p1a: Latias|spa|1\n|-boost|p1a: Latias|spd|1\n|move|p2a: Gholdengo|Shadow Ball|p1a: Latias\n|-supereffective|p1a: Latias\n|-damage|p1a: Latias|118/256\n|\n|upkeep\n|turn|24\n|\n|t:|1771266880\n|move|p1a: Latias|Calm Mind|p1a: Latias\n|-boost|p1a: Latias|spa|1\n|-boost|p1a: Latias|spd|1\n|move|p2a: Gholdengo|Shadow Ball|p1a: Latias\n|-supereffective|p1a: Latias\n|-damage|p1a: Latias|2/256\n|\n|upkeep\n|turn|25\n|\n|t:|1771266885\n|move|p1a: Latias|Recover|p1a: Latias\n|-heal|p1a: Latias|130/256\n|move|p2a: Gholdengo|Shadow Ball|p1a: Latias\n|-supereffective|p1a: Latias\n|-damage|p1a: Latias|8/256\n|\n|upkeep\n|turn|26\n|\n|t:|1771266887\n|move|p1a: Latias|Recover|p1a: Latias\n|-heal|p1a: Latias|136/256\n|move|p2a: Gholdengo|Shadow Ball|p1a: Latias\n|-supereffective|p1a: Latias\n|-damage|p1a: Latias|4/256\n|\n|upkeep\n|turn|27\n|\n|t:|1771266894\n|move|p1a: Latias|Draco Meteor|p2a: Gholdengo\n|-resisted|p2a: Gholdengo\n|-damage|p2a: Gholdengo|0 fnt\n|-unboost|p1a: Latias|spa|2\n|faint|p2a: Gholdengo\n|\n|upkeep\n|\n|t:|1771266901\n|switch|p2a: Raichu|Raichu-Alola, L87, M|246/246\n|turn|28\n|\n|t:|1771266905\n|move|p2a: Raichu|Psyshock|p1a: Latias\n|-resisted|p1a: Latias\n|-damage|p1a: Latias|0 fnt\n|faint|p1a: Latias\n|\n|upkeep\n|\n|t:|1771266907\n|switch|p1a: Infernape|Infernape, L82, F|209/259\n|turn|29\n|\n|t:|1771266913\n|move|p2a: Raichu|Psyshock|p1a: Infernape\n|-supereffective|p1a: Infernape\n|-crit|p1a: Infernape\n|-damage|p1a: Infernape|0 fnt\n|faint|p1a: Infernape\n|\n|win|SimplyJackAttack\n|raw|Dalisdalis's rating: 1743 &rarr; <strong>1721</strong><br />(-22 for losing)\n|raw|SimplyJackAttack's rating: 1711 &rarr; <strong>1733</strong><br />(+22 for winning)\n|l|☆Dalisdalis\n|player|p1|\n", "inputlog": ">version 686819e5e19f8a7fd2345cfc5a08a5085efa2cc3\n>start {\"formatid\":\"gen9randombattle\",\"seed\":\"sodium,69bee84e92faae0e9f8a82c14c3c8dc3\",\"rated\":\"Rated battle\"}\n>player p1 {\"name\":\"Dalisdalis\",\"avatar\":\"depotagent\",\"rating\":1743,\"seed\":\"sodium,f3614c0038f4cca874962a1517cbdf9d\"}\n>player p2 {\"name\":\"SimplyJackAttack\",\"avatar\":\"flannery\",\"rating\":1711,\"seed\":\"sodium,7602f36a8118f4cd8e08c2662ab2e717\"}\n>p1 move rapidspin\n>p2 move psyshock\n>p1 switch 2\n>p1 move protect\n>p2 switch 5\n>p1 move toxic terastallize\n>p2 move icebeam\n>p1 move protect\n>p2 switch 6\n>p1 move toxic\n>p2 move voltswitch\n>p2 switch 5\n>p1 move protect\n>p2 move thunderbolt\n>p1 switch 3\n>p2 move thunderbolt\n>p1 move boomburst\n>p2 switch 4\n>p1 switch 3\n>p2 move nastyplot\n>p1 move earthquake\n>p2 move shadowball\n>p1 switch 3\n>p1 move overdrive\n>p2 move shadowball\n>p1 switch 4\n>p1 move dracometeor\n>p2 move recover terastallize\n>p1 switch 5\n>p2 move shadowball\n>p1 move scald\n>p2 move nastyplot\n>p1 move wish\n>p2 move recover\n>p1 switch 6\n>p2 move nastyplot\n>p1 move overheat\n>p2 switch 5\n>p1 move closecombat\n>p2 move voltswitch\n>p2 switch 4\n>p1 switch 6\n>p2 move thunderbolt\n>p1 switch 5\n>p1 move calmmind\n>p2 switch 5\n>p1 move calmmind\n>p2 move nastyplot\n>p1 move calmmind\n>p2 move nastyplot\n>p1 move calmmind\n>p2 move shadowball\n>p1 move calmmind\n>p2 move shadowball\n>p1 move recover\n>p2 move shadowball\n>p1 move recover\n>p2 move shadowball\n>p1 move dracometeor\n>p2 move shadowball\n>p2 switch 5\n>p1 move recover\n>p2 move psyshock\n>p1 switch 6\n>p1 move overheat\n>p2 move psyshock", "uploadtime": 1771266927, "views": 5, "formatid": "gen9randombattle", "rating": 1721, "private": 0, "password": null}