{"id": "gen9randombattle-2540287117", "format": "[Gen 9] Random Battle", "players": ["DayCrybabyTon", "Alpha Tw"], "log": "|badge|p2|silver|gen9randombattle|30-8\n|uhtml|medal-msg|<div class=\"broadcast-blue\">Curious what those medals under the avatar are? PS now has Ladder Seasons! For more information, check out the <a href=\"https://www.smogon.com/forums/threads/3740067/\">thread on Smogon.</a></div>\n|j|☆DayCrybabyTon\n|j|☆Alpha Tw\n|t:|1771184806\n|gametype|singles\n|player|p1|DayCrybabyTon|265|2128\n|player|p2|Alpha Tw|n|2371\n|gen|9\n|tier|[Gen 9] Random Battle\n|rated|\n|rule|Species Clause: Limit one of each Pokémon\n|rule|HP Percentage Mod: HP is shown in percentages\n|rule|Sleep Clause Mod: Limit one foe put to sleep\n|rule|Illusion Level Mod: Illusion disguises the Pokémon's true level\n|\n|t:|1771184806\n|teamsize|p1|6\n|teamsize|p2|6\n|start\n|switch|p1a: Gardevoir|Gardevoir, L83, M|249/249\n|switch|p2a: Dondozo|Dondozo, L78, M|362/362\n|-ability|p1a: Gardevoir|Unaware|Trace|[from] ability: Trace|[of] p2a: Dondozo\n|turn|1\n|inactive|Battle timer is ON: inactive players will automatically lose when time's up. (requested by Alpha Tw)\n|\n|t:|1771184881\n|switch|p2a: Lanturn|Lanturn, L89, M|367/367\n|move|p1a: Gardevoir|Trick|p2a: Lanturn\n|-activate|p1a: Gardevoir|move: Trick|[of] p2a: Lanturn\n|-item|p2a: Lanturn|Choice Scarf|[from] move: Trick\n|-item|p1a: Gardevoir|Leftovers|[from] move: Trick\n|\n|upkeep\n|turn|2\n|\n|t:|1771184898\n|move|p2a: Lanturn|Scald|p1a: Gardevoir\n|-damage|p1a: Gardevoir|186/249\n|-status|p1a: Gardevoir|brn\n|move|p1a: Gardevoir|Moonblast|p2a: Lanturn\n|-damage|p2a: Lanturn|244/367\n|-unboost|p2a: Lanturn|spa|1\n|\n|-heal|p1a: Gardevoir|201/249 brn|[from] item: Leftovers\n|-damage|p1a: Gardevoir|186/249 brn|[from] brn\n|upkeep\n|turn|3\n|\n|t:|1771184904\n|switch|p2a: Moltres|Moltres, L81|278/278\n|move|p1a: Gardevoir|Moonblast|p2a: Moltres\n|-resisted|p2a: Moltres\n|-damage|p2a: Moltres|210/278\n|-unboost|p2a: Moltres|spa|1\n|\n|-heal|p1a: Gardevoir|201/249 brn|[from] item: Leftovers\n|-damage|p1a: Gardevoir|186/249 brn|[from] brn\n|upkeep\n|turn|4\n|\n|t:|1771184914\n|switch|p1a: Eelektross|Eelektross, L87, F|290/290\n|move|p2a: Moltres|Brave Bird|p1a: Eelektross\n|-resisted|p1a: Eelektross\n|-damage|p1a: Eelektross|227/290\n|-damage|p2a: Moltres|189/278|[from] Recoil\n|\n|upkeep\n|turn|5\n|\n|t:|1771184922\n|move|p2a: Moltres|Will-O-Wisp|p1a: Eelektross\n|-status|p1a: Eelektross|brn\n|move|p1a: Eelektross|U-turn|p2a: Moltres\n|-resisted|p2a: Moltres\n|-damage|p2a: Moltres|182/278\n|\n|t:|1771184932\n|switch|p1a: Basculin|Basculin-Blue-Striped, L86, M|261/261|[from] U-turn\n|\n|upkeep\n|turn|6\n|\n|t:|1771184939\n|switch|p2a: Dondozo|Dondozo, L78, M|362/362\n|move|p1a: Basculin|Flip Turn|p2a: Dondozo\n|-resisted|p2a: Dondozo\n|-damage|p2a: Dondozo|306/362\n|\n|t:|1771184944\n|switch|p1a: Gardevoir|Gardevoir, L83, M|186/249 brn|[from] Flip Turn\n|-ability|p1a: Gardevoir|Unaware|Trace|[from] ability: Trace|[of] p2a: Dondozo\n|\n|-heal|p1a: Gardevoir|201/249 brn|[from] item: Leftovers\n|-heal|p2a: Dondozo|328/362|[from] item: Leftovers\n|-damage|p1a: Gardevoir|186/249 brn|[from] brn\n|upkeep\n|turn|7\n|\n|t:|1771184948\n|move|p1a: Gardevoir|Psychic|p2a: Dondozo\n|-damage|p2a: Dondozo|186/362\n|move|p2a: Dondozo|Wave Crash|p1a: Gardevoir\n|-damage|p1a: Gardevoir|51/249 brn\n|-damage|p2a: Dondozo|141/362|[from] Recoil\n|\n|-heal|p1a: Gardevoir|66/249 brn|[from] item: Leftovers\n|-heal|p2a: Dondozo|163/362|[from] item: Leftovers\n|-damage|p1a: Gardevoir|51/249 brn|[from] brn\n|upkeep\n|turn|8\n|\n|t:|1771184952\n|move|p1a: Gardevoir|Moonblast|p2a: Dondozo\n|-damage|p2a: Dondozo|0 fnt\n|faint|p2a: Dondozo\n|\n|-heal|p1a: Gardevoir|66/249 brn|[from] item: Leftovers\n|-damage|p1a: Gardevoir|51/249 brn|[from] brn\n|upkeep\n|\n|t:|1771184970\n|switch|p2a: Lanturn|Lanturn, L89, M|244/367\n|turn|9\n|\n|t:|1771184975\n|switch|p1a: Eelektross|Eelektross, L87, F|227/290 brn\n|move|p2a: Lanturn|Scald|p1a: Eelektross\n|-damage|p1a: Eelektross|172/290 brn\n|\n|-damage|p1a: Eelektross|154/290 brn|[from] brn\n|upkeep\n|turn|10\n|\n|t:|1771184989\n|move|p2a: Lanturn|Scald|p1a: Eelektross\n|-damage|p1a: Eelektross|94/290 brn\n|move|p1a: Eelektross|U-turn|p2a: Lanturn\n|-crit|p2a: Lanturn\n|-damage|p2a: Lanturn|189/367\n|\n|t:|1771184995\n|switch|p1a: Basculin|Basculin-Blue-Striped, L86, M|261/261|[from] U-turn\n|\n|upkeep\n|turn|11\n|\n|t:|1771184998\n|move|p2a: Lanturn|Scald|p1a: Basculin\n|-resisted|p1a: Basculin\n|-damage|p1a: Basculin|204/261\n|move|p1a: Basculin|Double-Edge|p2a: Lanturn\n|-damage|p2a: Lanturn|25/367\n|-damage|p1a: Basculin|150/261|[from] Recoil\n|\n|upkeep\n|turn|12\n|\n|t:|1771185003\n|move|p2a: Lanturn|Scald|p1a: Basculin\n|-resisted|p1a: Basculin\n|-damage|p1a: Basculin|99/261\n|-status|p1a: Basculin|brn\n|move|p1a: Basculin|Double-Edge|p2a: Lanturn\n|-damage|p2a: Lanturn|0 fnt\n|faint|p2a: Lanturn\n|-damage|p1a: Basculin|91/261 brn|[from] Recoil\n|\n|-damage|p1a: Basculin|75/261 brn|[from] brn\n|upkeep\n|\n|t:|1771185010\n|switch|p2a: Grumpig|Grumpig, L92, F|297/297\n|turn|13\n|\n|t:|1771185021\n|switch|p1a: Sableye|Sableye, L88, F|231/231\n|move|p2a: Grumpig|Psychic|p1a: Sableye\n|-immune|p1a: Sableye\n|\n|upkeep\n|turn|14\n|\n|t:|1771185026\n|switch|p2a: Moltres|Moltres, L81|182/278\n|move|p1a: Sableye|Knock Off|p2a: Moltres\n|-damage|p2a: Moltres|82/278\n|-enditem|p2a: Moltres|Heavy-Duty Boots|[from] move: Knock Off|[of] p1a: Sableye\n|\n|upkeep\n|turn|15\n|\n|t:|1771185030\n|switch|p1a: Basculin|Basculin-Blue-Striped, L86, M|75/261 brn\n|move|p2a: Moltres|Roost|p2a: Moltres\n|-heal|p2a: Moltres|221/278\n|-singleturn|p2a: Moltres|move: Roost\n|\n|-damage|p1a: Basculin|59/261 brn|[from] brn\n|upkeep\n|turn|16\n|\n|t:|1771185033\n|move|p1a: Basculin|Flip Turn|p2a: Moltres\n|-supereffective|p2a: Moltres\n|-damage|p2a: Moltres|81/278\n|\n|t:|1771185036\n|switch|p1a: Eelektross|Eelektross, L87, F|94/290 brn|[from] Flip Turn\n|move|p2a: Moltres|Roost|p2a: Moltres\n|-heal|p2a: Moltres|220/278\n|-singleturn|p2a: Moltres|move: Roost\n|\n|-damage|p1a: Eelektross|76/290 brn|[from] brn\n|upkeep\n|turn|17\n|\n|t:|1771185047\n|move|p2a: Moltres|Fire Blast|p1a: Eelektross|[miss]\n|-miss|p2a: Moltres|p1a: Eelektross\n|move|p1a: Eelektross|Discharge|p2a: Moltres\n|-supereffective|p2a: Moltres\n|-damage|p2a: Moltres|4/278\n|-status|p2a: Moltres|par\n|\n|-damage|p1a: Eelektross|58/290 brn|[from] brn\n|upkeep\n|turn|18\n|\n|t:|1771185050\n|move|p1a: Eelektross|Discharge|p2a: Moltres\n|-supereffective|p2a: Moltres\n|-damage|p2a: Moltres|0 fnt\n|faint|p2a: Moltres\n|\n|-damage|p1a: Eelektross|40/290 brn|[from] brn\n|upkeep\n|\n|t:|1771185060\n|switch|p2a: Grumpig|Grumpig, L92, F|297/297\n|turn|19\n|\n|t:|1771185063\n|move|p2a: Grumpig|Psychic|p1a: Eelektross\n|-damage|p1a: Eelektross|0 fnt\n|faint|p1a: Eelektross\n|\n|upkeep\n|\n|t:|1771185065\n|switch|p1a: Sableye|Sableye, L88, F|231/231\n|turn|20\n|\n|t:|1771185084\n|switch|p2a: Hatterene|Hatterene, L85, F|236/236\n|move|p1a: Sableye|Knock Off|p2a: Hatterene\n|-damage|p2a: Hatterene|152/236\n|-enditem|p2a: Hatterene|Assault Vest|[from] move: Knock Off|[of] p1a: Sableye\n|\n|upkeep\n|turn|21\n|inactive|DayCrybabyTon has 120 seconds left.\n|\n|t:|1771185129\n|switch|p1a: Gardevoir|Gardevoir, L83, M|51/249 brn\n|-ability|p1a: Gardevoir|Magic Bounce|Trace|[from] ability: Trace|[of] p2a: Hatterene\n|move|p2a: Hatterene|Draining Kiss|p1a: Gardevoir\n|-damage|p1a: Gardevoir|0 fnt\n|-heal|p2a: Hatterene|190/236|[from] drain|[of] p1a: Gardevoir\n|faint|p1a: Gardevoir\n|\n|upkeep\n|\n|t:|1771185132\n|switch|p1a: Basculin|Basculin-Blue-Striped, L86, M|59/261 brn\n|turn|22\n|\n|t:|1771185153\n|switch|p2a: Grumpig|Grumpig, L92, F|297/297\n|move|p1a: Basculin|Wave Crash|p2a: Grumpig\n|-damage|p2a: Grumpig|161/297\n|-damage|p1a: Basculin|14/261 brn|[from] Recoil\n|\n|-damage|p1a: Basculin|0 fnt|[from] brn\n|faint|p1a: Basculin\n|upkeep\n|\n|t:|1771185158\n|switch|p1a: Sableye|Sableye, L88, F|231/231\n|turn|23\n|\n|t:|1771185162\n|move|p2a: Grumpig|Trick|p1a: Sableye\n|-activate|p2a: Grumpig|move: Trick|[of] p1a: Sableye\n|-item|p1a: Sableye|Choice Scarf|[from] move: Trick\n|-item|p2a: Grumpig|Leftovers|[from] move: Trick\n|move|p1a: Sableye|Knock Off|p2a: Grumpig\n|-supereffective|p2a: Grumpig\n|-damage|p2a: Grumpig|0 fnt\n|-enditem|p2a: Grumpig|Leftovers|[from] move: Knock Off|[of] p1a: Sableye\n|faint|p2a: Grumpig\n|\n|upkeep\n|\n|t:|1771185165\n|switch|p2a: Hatterene|Hatterene, L85, F|190/236\n|turn|24\n|\n|t:|1771185168\n|switch|p1a: Delphox|Delphox, L84, F|263/263\n|move|p2a: Hatterene|Nuzzle|p1a: Delphox\n|-damage|p1a: Delphox|244/263\n|-status|p1a: Delphox|par\n|\n|upkeep\n|turn|25\n|\n|t:|1771185175\n|switch|p2a: Slaking|Slaking, L84, F|389/389\n|cant|p1a: Delphox|par\n|\n|upkeep\n|turn|26\n|\n|t:|1771185179\n|switch|p1a: Sableye|Sableye, L88, F|231/231\n|move|p2a: Slaking|Earthquake|p1a: Sableye\n|-damage|p1a: Sableye|121/231\n|\n|upkeep\n|turn|27\n|\n|t:|1771185186\n|switch|p2a: Hatterene|Hatterene, L85, F|190/236\n|move|p1a: Sableye|Knock Off|p2a: Hatterene\n|-damage|p2a: Hatterene|130/236\n|\n|upkeep\n|turn|28\n|\n|t:|1771185199\n|switch|p1a: Delphox|Delphox, L84, F|244/263 par\n|move|p2a: Hatterene|Draining Kiss|p1a: Delphox\n|-resisted|p1a: Delphox\n|-damage|p1a: Delphox|213/263 par\n|-heal|p2a: Hatterene|153/236|[from] drain|[of] p1a: Delphox\n|\n|upkeep\n|turn|29\n|\n|t:|1771185203\n|move|p1a: Delphox|Fire Blast|p2a: Hatterene\n|-damage|p2a: Hatterene|36/236\n|move|p2a: Hatterene|Mystical Fire|p1a: Delphox\n|-resisted|p1a: Delphox\n|-damage|p1a: Delphox|182/263 par\n|-unboost|p1a: Delphox|spa|1\n|\n|upkeep\n|turn|30\n|\n|t:|1771185210\n|move|p1a: Delphox|Fire Blast|p2a: Hatterene\n|-damage|p2a: Hatterene|0 fnt\n|faint|p2a: Hatterene\n|\n|upkeep\n|c|☆DayCrybabyTon|gg\n|\n|t:|1771185221\n|switch|p2a: Slaking|Slaking, L84, F|389/389\n|turn|31\n|\n|t:|1771185225\n|move|p2a: Slaking|Earthquake|p1a: Delphox\n|-supereffective|p1a: Delphox\n|-damage|p1a: Delphox|0 fnt\n|faint|p1a: Delphox\n|\n|upkeep\n|\n|t:|1771185232\n|switch|p1a: Tauros|Tauros-Paldea-Blaze, L81, M|252/252\n|turn|32\n|\n|t:|1771185249\n|cant|p2a: Slaking|ability: Truant\n|move|p1a: Tauros|Substitute|p1a: Tauros\n|-start|p1a: Tauros|Substitute\n|-damage|p1a: Tauros|189/252\n|\n|upkeep\n|turn|33\n|\n|t:|1771185253\n|move|p2a: Slaking|Earthquake|p1a: Tauros\n|-supereffective|p1a: Tauros\n|-end|p1a: Tauros|Substitute\n|move|p1a: Tauros|Bulk Up|p1a: Tauros\n|-boost|p1a: Tauros|atk|1\n|-boost|p1a: Tauros|def|1\n|\n|upkeep\n|turn|34\n|\n|t:|1771185279\n|cant|p2a: Slaking|ability: Truant\n|move|p1a: Tauros|Substitute|p1a: Tauros\n|-start|p1a: Tauros|Substitute\n|-damage|p1a: Tauros|126/252\n|-enditem|p1a: Tauros|Sitrus Berry|[eat]\n|-heal|p1a: Tauros|189/252|[from] item: Sitrus Berry\n|\n|upkeep\n|turn|35\n|\n|t:|1771185284\n|move|p2a: Slaking|Earthquake|p1a: Tauros\n|-supereffective|p1a: Tauros\n|-end|p1a: Tauros|Substitute\n|move|p1a: Tauros|Raging Bull|p2a: Slaking\n|-damage|p2a: Slaking|244/389\n|\n|-activate|p1a: Tauros|ability: Cud Chew\n|-enditem|p1a: Tauros|Sitrus Berry|[eat]\n|-heal|p1a: Tauros|252/252|[from] item: Sitrus Berry\n|upkeep\n|turn|36\n|\n|t:|1771185293\n|cant|p2a: Slaking|ability: Truant\n|move|p1a: Tauros|Substitute|p1a: Tauros\n|-start|p1a: Tauros|Substitute\n|-damage|p1a: Tauros|189/252\n|\n|upkeep\n|turn|37\n|\n|t:|1771185299\n|move|p2a: Slaking|Earthquake|p1a: Tauros\n|-supereffective|p1a: Tauros\n|-end|p1a: Tauros|Substitute\n|move|p1a: Tauros|Close Combat|p2a: Slaking\n|-supereffective|p2a: Slaking\n|-damage|p2a: Slaking|0 fnt\n|-unboost|p1a: Tauros|def|1\n|-unboost|p1a: Tauros|spd|1\n|faint|p2a: Slaking\n|\n|win|DayCrybabyTon\n|raw|DayCrybabyTon's rating: 2128 &rarr; <strong>2161</strong><br />(+33 for winning)\n|raw|Alpha Tw's rating: 2398 &rarr; <strong>2365</strong><br />(-33 for losing)\n", "inputlog": ">version 686819e5e19f8a7fd2345cfc5a08a5085efa2cc3\n>start {\"formatid\":\"gen9randombattle\",\"seed\":\"sodium,c86d053f80241d3d7c2d11e1741bc13a\",\"rated\":\"Rated battle\"}\n>player p1 {\"name\":\"DayCrybabyTon\",\"avatar\":\"265\",\"rating\":2128,\"seed\":\"sodium,103e18f6387288aa715ce0124af6921c\"}\n>player p2 {\"name\":\"Alpha Tw\",\"avatar\":\"n\",\"rating\":2371,\"seed\":\"sodium,25eb3a36aee2256b7200c53b078cc286\"}\n>p1 move trick\n>p2 switch 2\n>p1 move moonblast\n>p2 move scald\n>p1 move moonblast\n>p2 switch 3\n>p1 switch 5\n>p2 move bravebird\n>p1 move uturn\n>p2 move willowisp\n>p1 switch 3\n>p1 move flipturn\n>p2 switch 2\n>p1 switch 5\n>p1 move psychic\n>p2 move wavecrash\n>p1 move moonblast\n>p2 move rest\n>p2 switch 3\n>p1 switch 3\n>p2 move scald\n>p1 move uturn\n>p2 move scald\n>p1 switch 5\n>p1 move doubleedge\n>p2 move scald\n>p1 move doubleedge\n>p2 move scald\n>p2 switch 5\n>p1 switch 4\n>p2 move psychic\n>p1 move knockoff\n>p2 switch 2\n>p1 switch 4\n>p2 move roost\n>p1 move flipturn\n>p2 move roost\n>p1 switch 5\n>p1 move discharge\n>p2 move fireblast\n>p1 move discharge\n>p2 move fireblast\n>p2 switch 2\n>p1 move uturn\n>p2 move psychic\n>p1 switch 4\n>p1 move knockoff\n>p2 switch 6\n>p1 switch 3\n>p2 move drainingkiss\n>p1 switch 5\n>p1 move wavecrash\n>p2 switch 6\n>p1 switch 3\n>p1 move knockoff\n>p2 move trick\n>p2 switch 6\n>p1 switch 2\n>p2 move nuzzle\n>p1 move nastyplot\n>p2 switch 4\n>p1 switch 2\n>p2 move earthquake\n>p1 move knockoff\n>p2 switch 4\n>p1 switch 2\n>p2 move drainingkiss\n>p1 move fireblast\n>p2 move mysticalfire\n>p1 move fireblast\n>p2 move drainingkiss\n>chat ☆DayCrybabyTon|gg\n>p2 switch 4\n>p1 move focusblast\n>p2 move earthquake\n>p1 switch 6\n>p1 move substitute\n>p2 move earthquake\n>p1 move bulkup\n>p2 move earthquake\n>p1 move substitute\n>p2 move earthquake\n>p1 move ragingbull\n>p2 move earthquake\n>p1 move substitute\n>p2 move earthquake\n>p1 move closecombat\n>p2 move earthquake", "uploadtime": 1771185300, "views": 11, "formatid": "gen9randombattle", "rating": 2161, "private": 0, "password": null}