{"id": "gen9randombattle-2540183949", "format": "[Gen 9] Random Battle", "players": ["MadridNC", "uchiha madara7"], "log": "|j|☆MadridNC\n|j|☆uchiha madara7\n|t:|1771173069\n|gametype|singles\n|player|p1|MadridNC|shadowtriad|1608\n|player|p2|uchiha madara7|169|1663\n|gen|9\n|tier|[Gen 9] Random Battle\n|rated|\n|rule|Species Clause: Limit one of each Pokémon\n|rule|HP Percentage Mod: HP is shown in percentages\n|rule|Sleep Clause Mod: Limit one foe put to sleep\n|rule|Illusion Level Mod: Illusion disguises the Pokémon's true level\n|\n|t:|1771173069\n|teamsize|p1|6\n|teamsize|p2|6\n|start\n|switch|p1a: Spidops|Spidops, L96, M|271/271\n|switch|p2a: Blissey|Blissey, L85, F|572/572\n|turn|1\n|inactive|Battle timer is ON: inactive players will automatically lose when time's up. (requested by MadridNC)\n|\n|t:|1771173086\n|switch|p2a: Hatterene|Hatterene, L85, F|236/236\n|move|p1a: Spidops|Sticky Web|p2a: Hatterene\n|move|p2a: Hatterene|Sticky Web|p1a: Spidops|[from] ability: Magic Bounce\n|-sidestart|p1: MadridNC|move: Sticky Web\n|\n|upkeep\n|turn|2\n|\n|t:|1771173096\n|switch|p1a: Farigiraf|Farigiraf, L91, M|366/366\n|-activate|p1a: Farigiraf|move: Sticky Web\n|-unboost|p1a: Farigiraf|spe|1\n|move|p2a: Hatterene|Mystical Fire|p1a: Farigiraf\n|-damage|p1a: Farigiraf|287/366\n|-unboost|p1a: Farigiraf|spa|1\n|\n|-heal|p1a: Farigiraf|309/366|[from] item: Leftovers\n|upkeep\n|turn|3\n|\n|t:|1771173106\n|move|p1a: Farigiraf|Future Sight|p2a: Hatterene\n|-start|p1a: Farigiraf|move: Future Sight\n|move|p2a: Hatterene|Calm Mind|p2a: Hatterene\n|-boost|p2a: Hatterene|spa|1\n|-boost|p2a: Hatterene|spd|1\n|\n|-heal|p1a: Farigiraf|331/366|[from] item: Leftovers\n|upkeep\n|turn|4\n|\n|t:|1771173113\n|switch|p1a: Archaludon|Archaludon, L78, F|268/268\n|-activate|p1a: Archaludon|move: Sticky Web\n|-unboost|p1a: Archaludon|spe|1\n|move|p2a: Hatterene|Mystical Fire|p1a: Archaludon\n|-damage|p1a: Archaludon|124/268\n|-unboost|p1a: Archaludon|spa|1\n|-ability|p1a: Archaludon|Stamina|boost\n|-boost|p1a: Archaludon|def|1\n|\n|upkeep\n|turn|5\n|inactive|uchiha madara7 has 120 seconds left.\n|\n|t:|1771173151\n|switch|p2a: Bellibolt|Bellibolt, L84, M|320/320\n|move|p1a: Archaludon|Iron Head|p2a: Bellibolt\n|-resisted|p2a: Bellibolt\n|-damage|p2a: Bellibolt|281/320\n|-start|p2a: Bellibolt|Charge|Iron Head|[from] ability: Electromorphosis\n|\n|-end|p2a: Bellibolt|move: Future Sight\n|-damage|p2a: Bellibolt|109/320\n|-start|p2a: Bellibolt|Charge|Future Sight|[from] ability: Electromorphosis\n|-heal|p2a: Bellibolt|129/320|[from] item: Leftovers\n|upkeep\n|turn|6\n|inactive|uchiha madara7 has 120 seconds left.\n|\n|t:|1771173164\n|move|p2a: Bellibolt|Slack Off|p2a: Bellibolt\n|-heal|p2a: Bellibolt|289/320\n|move|p1a: Archaludon|Earthquake|p2a: Bellibolt\n|-supereffective|p2a: Bellibolt\n|-damage|p2a: Bellibolt|169/320\n|-start|p2a: Bellibolt|Charge|Earthquake|[from] ability: Electromorphosis\n|\n|-heal|p2a: Bellibolt|189/320|[from] item: Leftovers\n|upkeep\n|turn|7\n|inactive|uchiha madara7 has 120 seconds left.\n|\n|t:|1771173175\n|move|p2a: Bellibolt|Thunderbolt|p1a: Archaludon\n|-resisted|p1a: Archaludon\n|-damage|p1a: Archaludon|0 fnt\n|faint|p1a: Archaludon\n|-end|p2a: Bellibolt|Charge|[silent]\n|\n|-heal|p2a: Bellibolt|209/320|[from] item: Leftovers\n|upkeep\n|\n|t:|1771173181\n|switch|p1a: Scovillain|Scovillain, L91, M|266/266\n|turn|8\n|\n|t:|1771173186\n|move|p1a: Scovillain|Sunny Day|p1a: Scovillain\n|-weather|SunnyDay\n|move|p2a: Bellibolt|Volt Switch|p1a: Scovillain\n|-resisted|p1a: Scovillain\n|-damage|p1a: Scovillain|221/266\n|\n|t:|1771173196\n|switch|p2a: Blissey|Blissey, L85, F|572/572|[from] Volt Switch\n|\n|-weather|SunnyDay|[upkeep]\n|upkeep\n|turn|9\n|\n|t:|1771173205\n|switch|p1a: Iron Hands|Iron Hands, L79|373/373\n|-activate|p1a: Iron Hands|move: Sticky Web\n|-unboost|p1a: Iron Hands|spe|1\n|move|p2a: Blissey|Thunder Wave|p1a: Iron Hands|[miss]\n|-miss|p2a: Blissey|p1a: Iron Hands\n|\n|-weather|SunnyDay|[upkeep]\n|upkeep\n|turn|10\n|\n|t:|1771173219\n|switch|p2a: Appletun|Appletun, L92, M|352/352\n|move|p1a: Iron Hands|Volt Switch|p2a: Appletun\n|-resisted|p2a: Appletun\n|-damage|p2a: Appletun|342/352\n|\n|t:|1771173236\n|-end|p1a: Iron Hands|Quark Drive|[silent]\n|switch|p1a: Scovillain|Scovillain, L91, M|221/266|[from] Volt Switch\n|\n|-weather|SunnyDay|[upkeep]\n|-heal|p2a: Appletun|352/352|[from] item: Leftovers\n|upkeep\n|turn|11\n|\n|t:|1771173244\n|move|p1a: Scovillain|Fire Blast|p2a: Appletun|[miss]\n|-miss|p1a: Scovillain|p2a: Appletun\n|move|p2a: Appletun|Apple Acid|p1a: Scovillain\n|-resisted|p1a: Scovillain\n|-damage|p1a: Scovillain|191/266\n|-unboost|p1a: Scovillain|spd|1\n|\n|-weather|SunnyDay|[upkeep]\n|upkeep\n|turn|12\n|\n|t:|1771173252\n|move|p1a: Scovillain|Fire Blast|p2a: Appletun\n|-damage|p2a: Appletun|246/352\n|move|p2a: Appletun|Dragon Pulse|p1a: Scovillain\n|-damage|p1a: Scovillain|13/266\n|\n|-weather|none\n|-heal|p2a: Appletun|268/352|[from] item: Leftovers\n|upkeep\n|turn|13\n|\n|t:|1771173260\n|switch|p1a: Iron Hands|Iron Hands, L79|373/373\n|-activate|p1a: Iron Hands|move: Sticky Web\n|-unboost|p1a: Iron Hands|spe|1\n|move|p2a: Appletun|Dragon Pulse|p1a: Iron Hands\n|-damage|p1a: Iron Hands|273/373\n|\n|-heal|p2a: Appletun|290/352|[from] item: Leftovers\n|upkeep\n|turn|14\n|\n|t:|1771173269\n|move|p2a: Appletun|Leech Seed|p1a: Iron Hands\n|-start|p1a: Iron Hands|move: Leech Seed\n|move|p1a: Iron Hands|Ice Punch|p2a: Appletun\n|-supereffective|p2a: Appletun\n|-damage|p2a: Appletun|162/352\n|\n|-heal|p2a: Appletun|184/352|[from] item: Leftovers\n|-damage|p1a: Iron Hands|227/373|[from] Leech Seed|[of] p2a: Appletun\n|-heal|p2a: Appletun|230/352|[silent]\n|upkeep\n|turn|15\n|\n|t:|1771173278\n|-end|p1a: Iron Hands|Quark Drive|[silent]\n|switch|p1a: Spidops|Spidops, L96, M|271/271\n|move|p2a: Appletun|Apple Acid|p1a: Spidops\n|-resisted|p1a: Spidops\n|-damage|p1a: Spidops|226/271\n|-unboost|p1a: Spidops|spd|1\n|\n|-heal|p2a: Appletun|252/352|[from] item: Leftovers\n|upkeep\n|turn|16\n|\n|t:|1771173287\n|switch|p2a: Hatterene|Hatterene, L85, F|236/236\n|move|p1a: Spidops|Knock Off|p2a: Hatterene\n|-damage|p2a: Hatterene|103/236\n|-enditem|p2a: Hatterene|Leftovers|[from] move: Knock Off|[of] p1a: Spidops\n|\n|upkeep\n|turn|17\n|\n|t:|1771173293\n|switch|p1a: Scovillain|Scovillain, L91, M|13/266\n|move|p2a: Hatterene|Draining Kiss|p1a: Scovillain\n|-resisted|p1a: Scovillain\n|-damage|p1a: Scovillain|0 fnt\n|-heal|p2a: Hatterene|113/236|[from] drain|[of] p1a: Scovillain\n|faint|p1a: Scovillain\n|\n|upkeep\n|\n|t:|1771173302\n|switch|p1a: Altaria|Altaria, L89, F|278/278\n|turn|18\n|\n|t:|1771173308\n|switch|p2a: Glalie|Glalie, L96, F|309/309\n|-terastallize|p1a: Altaria|Steel\n|move|p1a: Altaria|Defog|p2a: Glalie\n|-unboost|p2a: Glalie|evasion|1\n|-sideend|p1: MadridNC|Sticky Web|[from] move: Defog|[of] p1a: Altaria\n|\n|upkeep\n|turn|19\n|\n|t:|1771173319\n|switch|p1a: Farigiraf|Farigiraf, L91, M|331/366\n|move|p2a: Glalie|Earthquake|p1a: Farigiraf\n|-damage|p1a: Farigiraf|238/366\n|\n|-heal|p1a: Farigiraf|260/366|[from] item: Leftovers\n|upkeep\n|turn|20\n|\n|t:|1771173337\n|switch|p2a: Hatterene|Hatterene, L85, F|113/236\n|move|p1a: Farigiraf|Wish|p1a: Farigiraf\n|\n|-heal|p1a: Farigiraf|282/366|[from] item: Leftovers\n|upkeep\n|turn|21\n|\n|t:|1771173343\n|move|p1a: Farigiraf|Hyper Voice|p2a: Hatterene\n|-damage|p2a: Hatterene|0 fnt\n|faint|p2a: Hatterene\n|\n|-heal|p1a: Farigiraf|366/366|[from] move: Wish|[wisher] Farigiraf\n|upkeep\n|\n|t:|1771173351\n|switch|p2a: Dudunsparce|Dudunsparce, L83, M|343/343\n|turn|22\n|\n|t:|1771173359\n|switch|p1a: Iron Hands|Iron Hands, L79|227/373\n|move|p2a: Dudunsparce|Glare|p1a: Iron Hands\n|-immune|p1a: Iron Hands\n|\n|upkeep\n|turn|23\n|\n|t:|1771173369\n|switch|p2a: Appletun|Appletun, L92, M|252/352\n|move|p1a: Iron Hands|Drain Punch|p2a: Appletun\n|-damage|p2a: Appletun|155/352\n|-heal|p1a: Iron Hands|276/373|[from] drain|[of] p2a: Appletun\n|\n|-heal|p2a: Appletun|177/352|[from] item: Leftovers\n|upkeep\n|turn|24\n|\n|t:|1771173377\n|move|p1a: Iron Hands|Ice Punch|p2a: Appletun\n|-supereffective|p2a: Appletun\n|-damage|p2a: Appletun|57/352\n|move|p2a: Appletun|Apple Acid|p1a: Iron Hands\n|-damage|p1a: Iron Hands|180/373\n|-unboost|p1a: Iron Hands|spd|1\n|\n|-heal|p2a: Appletun|79/352|[from] item: Leftovers\n|upkeep\n|turn|25\n|\n|t:|1771173391\n|switch|p2a: Bellibolt|Bellibolt, L84, M|209/320\n|move|p1a: Iron Hands|Volt Switch|p2a: Bellibolt\n|-resisted|p2a: Bellibolt\n|-damage|p2a: Bellibolt|189/320\n|-start|p2a: Bellibolt|Charge|Volt Switch|[from] ability: Electromorphosis\n|\n|t:|1771173402\n|-end|p1a: Iron Hands|Quark Drive|[silent]\n|switch|p1a: Altaria|Altaria, L89, F, tera:Steel|278/278|[from] Volt Switch\n|\n|-heal|p2a: Bellibolt|209/320|[from] item: Leftovers\n|upkeep\n|turn|26\n|\n|t:|1771173409\n|move|p1a: Altaria|Earthquake|p2a: Bellibolt\n|-supereffective|p2a: Bellibolt\n|-damage|p2a: Bellibolt|83/320\n|-start|p2a: Bellibolt|Charge|Earthquake|[from] ability: Electromorphosis\n|move|p2a: Bellibolt|Thunderbolt|p1a: Altaria\n|-damage|p1a: Altaria|127/278\n|-end|p2a: Bellibolt|Charge|[silent]\n|\n|-heal|p2a: Bellibolt|103/320|[from] item: Leftovers\n|upkeep\n|turn|27\n|\n|t:|1771173420\n|switch|p2a: Glalie|Glalie, L96, F|309/309\n|move|p1a: Altaria|Earthquake|p2a: Glalie\n|-damage|p2a: Glalie|250/309\n|\n|upkeep\n|turn|28\n|\n|t:|1771173430\n|switch|p1a: Farigiraf|Farigiraf, L91, M|366/366\n|move|p2a: Glalie|Freeze-Dry|p1a: Farigiraf\n|-damage|p1a: Farigiraf|273/366\n|-status|p1a: Farigiraf|frz\n|\n|-heal|p1a: Farigiraf|295/366 frz|[from] item: Leftovers\n|upkeep\n|turn|29\n|\n|t:|1771173439\n|switch|p2a: Appletun|Appletun, L92, M|79/352\n|cant|p1a: Farigiraf|frz\n|\n|-heal|p1a: Farigiraf|317/366 frz|[from] item: Leftovers\n|-heal|p2a: Appletun|101/352|[from] item: Leftovers\n|upkeep\n|turn|30\n|\n|t:|1771173445\n|switch|p1a: Altaria|Altaria, L89, F, tera:Steel|127/278\n|move|p2a: Appletun|Recover|p2a: Appletun\n|-heal|p2a: Appletun|277/352\n|\n|-heal|p2a: Appletun|299/352|[from] item: Leftovers\n|upkeep\n|turn|31\n|\n|t:|1771173453\n|switch|p2a: Blissey|Blissey, L85, F|572/572\n|move|p1a: Altaria|Roost|p1a: Altaria\n|-heal|p1a: Altaria|266/278\n|\n|upkeep\n|turn|32\n|\n|t:|1771173459\n|switch|p1a: Iron Hands|Iron Hands, L79|180/373\n|move|p2a: Blissey|Seismic Toss|p1a: Iron Hands\n|-damage|p1a: Iron Hands|95/373\n|\n|upkeep\n|turn|33\n|\n|t:|1771173473\n|switch|p2a: Appletun|Appletun, L92, M|299/352\n|move|p1a: Iron Hands|Drain Punch|p2a: Appletun\n|-damage|p2a: Appletun|211/352\n|-heal|p1a: Iron Hands|139/373|[from] drain|[of] p2a: Appletun\n|\n|-heal|p2a: Appletun|233/352|[from] item: Leftovers\n|upkeep\n|turn|34\n|\n|t:|1771173483\n|move|p1a: Iron Hands|Ice Punch|p2a: Appletun\n|-supereffective|p2a: Appletun\n|-crit|p2a: Appletun\n|-damage|p2a: Appletun|33/352\n|move|p2a: Appletun|Dragon Pulse|p1a: Iron Hands\n|-crit|p1a: Iron Hands\n|-damage|p1a: Iron Hands|0 fnt\n|faint|p1a: Iron Hands\n|-end|p1a: Iron Hands|Quark Drive|[silent]\n|\n|-heal|p2a: Appletun|55/352|[from] item: Leftovers\n|upkeep\n|\n|t:|1771173496\n|switch|p1a: Spidops|Spidops, L96, M|226/271\n|turn|35\n|\n|t:|1771173509\n|switch|p2a: Dudunsparce|Dudunsparce, L83, M|343/343\n|move|p1a: Spidops|Knock Off|p2a: Dudunsparce\n|-damage|p2a: Dudunsparce|181/343\n|-enditem|p2a: Dudunsparce|Leftovers|[from] move: Knock Off|[of] p1a: Spidops\n|\n|upkeep\n|turn|36\n|\n|t:|1771173518\n|move|p2a: Dudunsparce|Glare|p1a: Spidops\n|-status|p1a: Spidops|par\n|move|p1a: Spidops|Sticky Web|p2a: Dudunsparce\n|-sidestart|p2: uchiha madara7|move: Sticky Web\n|\n|upkeep\n|turn|37\n|\n|t:|1771173524\n|move|p2a: Dudunsparce|Headbutt|p1a: Spidops\n|-damage|p1a: Spidops|156/271 par\n|move|p1a: Spidops|Toxic Spikes|p2a: Dudunsparce\n|-sidestart|p2: uchiha madara7|move: Toxic Spikes\n|\n|upkeep\n|turn|38\n|\n|t:|1771173529\n|move|p2a: Dudunsparce|Headbutt|p1a: Spidops\n|-damage|p1a: Spidops|90/271 par\n|move|p1a: Spidops|Toxic Spikes|p2a: Dudunsparce\n|-sidestart|p2: uchiha madara7|move: Toxic Spikes\n|\n|upkeep\n|turn|39\n|\n|t:|1771173534\n|move|p2a: Dudunsparce|Headbutt|p1a: Spidops\n|-damage|p1a: Spidops|27/271 par\n|cant|p1a: Spidops|flinch\n|\n|upkeep\n|turn|40\n|\n|t:|1771173538\n|move|p2a: Dudunsparce|Roost|p2a: Dudunsparce\n|-heal|p2a: Dudunsparce|343/343\n|-singleturn|p2a: Dudunsparce|move: Roost\n|move|p1a: Spidops|Spikes|p2a: Dudunsparce\n|-sidestart|p2: uchiha madara7|Spikes\n|\n|upkeep\n|turn|41\n|\n|t:|1771173543\n|move|p2a: Dudunsparce|Headbutt|p1a: Spidops\n|-damage|p1a: Spidops|0 fnt\n|faint|p1a: Spidops\n|\n|upkeep\n|\n|t:|1771173547\n|switch|p1a: Farigiraf|Farigiraf, L91, M|317/366 frz\n|turn|42\n|\n|t:|1771173552\n|switch|p1a: Altaria|Altaria, L89, F, tera:Steel|266/278\n|move|p2a: Dudunsparce|Headbutt|p1a: Altaria\n|-resisted|p1a: Altaria\n|-damage|p1a: Altaria|230/278\n|\n|upkeep\n|turn|43\n|\n|t:|1771173557\n|switch|p1a: Farigiraf|Farigiraf, L91, M|317/366 frz\n|move|p2a: Dudunsparce|Glare||[still]\n|-fail|p2a: Dudunsparce\n|\n|-heal|p1a: Farigiraf|339/366 frz|[from] item: Leftovers\n|upkeep\n|turn|44\n|\n|t:|1771173563\n|-curestatus|p1a: Farigiraf|frz|[msg]\n|move|p1a: Farigiraf|Hyper Voice|p2a: Dudunsparce\n|-damage|p2a: Dudunsparce|199/343\n|move|p2a: Dudunsparce|Earthquake|p1a: Farigiraf\n|-damage|p1a: Farigiraf|265/366\n|\n|-heal|p1a: Farigiraf|287/366|[from] item: Leftovers\n|upkeep\n|turn|45\n|\n|t:|1771173571\n|move|p1a: Farigiraf|Future Sight|p2a: Dudunsparce\n|-start|p1a: Farigiraf|move: Future Sight\n|move|p2a: Dudunsparce|Glare|p1a: Farigiraf\n|-status|p1a: Farigiraf|par\n|\n|-heal|p1a: Farigiraf|309/366 par|[from] item: Leftovers\n|upkeep\n|turn|46\n|\n|t:|1771173581\n|switch|p2a: Blissey|Blissey, L85, F|572/572\n|-activate|p2a: Blissey|move: Sticky Web\n|-unboost|p2a: Blissey|spe|1\n|-status|p2a: Blissey|tox\n|-damage|p2a: Blissey|501/572 tox|[from] Spikes\n|move|p1a: Farigiraf|Wish|p1a: Farigiraf\n|\n|-heal|p2a: Blissey|536/572 tox|[from] item: Leftovers\n|-heal|p1a: Farigiraf|331/366 par|[from] item: Leftovers\n|-damage|p2a: Blissey|501/572 tox|[from] psn\n|upkeep\n|turn|47\n|\n|t:|1771173593\n|move|p2a: Blissey|Thunder Wave|p1a: Farigiraf\n|-fail|p1a: Farigiraf|par\n|move|p1a: Farigiraf|Hyper Voice|p2a: Blissey\n|-damage|p2a: Blissey|414/572 tox\n|\n|-end|p2a: Blissey|move: Future Sight\n|-damage|p2a: Blissey|294/572 tox\n|-heal|p1a: Farigiraf|366/366 par|[from] move: Wish|[wisher] Farigiraf\n|-heal|p2a: Blissey|329/572 tox|[from] item: Leftovers\n|-damage|p2a: Blissey|259/572 tox|[from] psn\n|upkeep\n|turn|48\n|\n|t:|1771173605\n|move|p2a: Blissey|Soft-Boiled|p2a: Blissey\n|-heal|p2a: Blissey|545/572 tox\n|cant|p1a: Farigiraf|par\n|\n|-heal|p2a: Blissey|572/572 tox|[from] item: Leftovers\n|-damage|p2a: Blissey|467/572 tox|[from] psn\n|upkeep\n|turn|49\n|\n|t:|1771173612\n|move|p2a: Blissey|Heal Bell|p2a: Blissey\n|-activate|p2a: Blissey|move: Heal Bell\n|-curestatus|p2a: Blissey|tox|[msg]\n|move|p1a: Farigiraf|Future Sight|p2a: Blissey\n|-start|p1a: Farigiraf|move: Future Sight\n|\n|-heal|p2a: Blissey|502/572|[from] item: Leftovers\n|upkeep\n|turn|50\n|\n|t:|1771173620\n|move|p2a: Blissey|Seismic Toss|p1a: Farigiraf\n|-damage|p1a: Farigiraf|281/366 par\n|cant|p1a: Farigiraf|par\n|\n|-heal|p2a: Blissey|537/572|[from] item: Leftovers\n|-heal|p1a: Farigiraf|303/366 par|[from] item: Leftovers\n|upkeep\n|turn|51\n|\n|t:|1771173627\n|switch|p1a: Altaria|Altaria, L89, F, tera:Steel|230/278\n|move|p2a: Blissey|Seismic Toss|p1a: Altaria\n|-damage|p1a: Altaria|145/278\n|\n|-end|p2a: Blissey|move: Future Sight\n|-damage|p2a: Blissey|416/572\n|-heal|p2a: Blissey|451/572|[from] item: Leftovers\n|upkeep\n|turn|52\n|\n|t:|1771173636\n|move|p1a: Altaria|Roost|p1a: Altaria\n|-heal|p1a: Altaria|278/278\n|move|p2a: Blissey|Seismic Toss|p1a: Altaria\n|-damage|p1a: Altaria|193/278\n|\n|-heal|p2a: Blissey|486/572|[from] item: Leftovers\n|upkeep\n|turn|53\n|inactive|uchiha madara7 has 120 seconds left.\n|\n|t:|1771173669\n|move|p1a: Altaria|Brave Bird|p2a: Blissey\n|-damage|p2a: Blissey|135/572\n|-damage|p1a: Altaria|77/278|[from] Recoil\n|move|p2a: Blissey|Soft-Boiled|p2a: Blissey\n|-heal|p2a: Blissey|421/572\n|\n|-heal|p2a: Blissey|456/572|[from] item: Leftovers\n|upkeep\n|turn|54\n|\n|t:|1771173677\n|move|p1a: Altaria|Roost|p1a: Altaria\n|-heal|p1a: Altaria|216/278\n|move|p2a: Blissey|Seismic Toss|p1a: Altaria\n|-damage|p1a: Altaria|131/278\n|\n|-heal|p2a: Blissey|491/572|[from] item: Leftovers\n|upkeep\n|turn|55\n|\n|t:|1771173684\n|move|p1a: Altaria|Roost|p1a: Altaria\n|-heal|p1a: Altaria|270/278\n|move|p2a: Blissey|Seismic Toss|p1a: Altaria\n|-damage|p1a: Altaria|185/278\n|\n|-heal|p2a: Blissey|526/572|[from] item: Leftovers\n|upkeep\n|turn|56\n|\n|t:|1771173692\n|switch|p1a: Farigiraf|Farigiraf, L91, M|303/366 par\n|move|p2a: Blissey|Soft-Boiled|p2a: Blissey\n|-heal|p2a: Blissey|572/572\n|\n|-heal|p1a: Farigiraf|325/366 par|[from] item: Leftovers\n|upkeep\n|turn|57\n|\n|t:|1771173700\n|move|p2a: Blissey|Seismic Toss|p1a: Farigiraf\n|-damage|p1a: Farigiraf|240/366 par\n|move|p1a: Farigiraf|Future Sight|p2a: Blissey\n|-start|p1a: Farigiraf|move: Future Sight\n|\n|-heal|p1a: Farigiraf|262/366 par|[from] item: Leftovers\n|upkeep\n|turn|58\n|\n|t:|1771173706\n|move|p2a: Blissey|Seismic Toss|p1a: Farigiraf\n|-damage|p1a: Farigiraf|177/366 par\n|move|p1a: Farigiraf|Wish|p1a: Farigiraf\n|\n|-heal|p1a: Farigiraf|199/366 par|[from] item: Leftovers\n|upkeep\n|turn|59\n|\n|t:|1771173713\n|switch|p1a: Altaria|Altaria, L89, F, tera:Steel|185/278\n|move|p2a: Blissey|Seismic Toss|p1a: Altaria\n|-damage|p1a: Altaria|100/278\n|\n|-end|p2a: Blissey|move: Future Sight\n|-damage|p2a: Blissey|458/572\n|-heal|p1a: Altaria|278/278|[from] move: Wish|[wisher] Farigiraf\n|-heal|p2a: Blissey|493/572|[from] item: Leftovers\n|upkeep\n|turn|60\n|\n|t:|1771173724\n|move|p1a: Altaria|Earthquake|p2a: Blissey\n|-damage|p2a: Blissey|317/572\n|move|p2a: Blissey|Soft-Boiled|p2a: Blissey\n|-heal|p2a: Blissey|572/572\n|\n|upkeep\n|turn|61\n|\n|t:|1771173730\n|move|p1a: Altaria|Earthquake|p2a: Blissey\n|-damage|p2a: Blissey|398/572\n|move|p2a: Blissey|Thunder Wave|p1a: Altaria\n|-status|p1a: Altaria|par\n|\n|-heal|p2a: Blissey|433/572|[from] item: Leftovers\n|upkeep\n|turn|62\n|\n|t:|1771173738\n|-curestatus|p1a: Altaria|par|[from] ability: Natural Cure\n|switch|p1a: Farigiraf|Farigiraf, L91, M|199/366 par\n|move|p2a: Blissey|Seismic Toss|p1a: Farigiraf\n|-damage|p1a: Farigiraf|114/366 par\n|\n|-heal|p2a: Blissey|468/572|[from] item: Leftovers\n|-heal|p1a: Farigiraf|136/366 par|[from] item: Leftovers\n|upkeep\n|turn|63\n|\n|t:|1771173746\n|move|p2a: Blissey|Seismic Toss|p1a: Farigiraf\n|-damage|p1a: Farigiraf|51/366 par\n|move|p1a: Farigiraf|Wish|p1a: Farigiraf\n|\n|-heal|p2a: Blissey|503/572|[from] item: Leftovers\n|-heal|p1a: Farigiraf|73/366 par|[from] item: Leftovers\n|upkeep\n|turn|64\n|\n|t:|1771173752\n|move|p1a: Farigiraf|Protect|p1a: Farigiraf\n|-singleturn|p1a: Farigiraf|Protect\n|move|p2a: Blissey|Seismic Toss|p1a: Farigiraf\n|-activate|p1a: Farigiraf|move: Protect\n|\n|-heal|p1a: Farigiraf|256/366 par|[from] move: Wish|[wisher] Farigiraf\n|-heal|p2a: Blissey|538/572|[from] item: Leftovers\n|-heal|p1a: Farigiraf|278/366 par|[from] item: Leftovers\n|upkeep\n|turn|65\n|\n|t:|1771173760\n|move|p2a: Blissey|Seismic Toss|p1a: Farigiraf\n|-damage|p1a: Farigiraf|193/366 par\n|move|p1a: Farigiraf|Wish|p1a: Farigiraf\n|\n|-heal|p2a: Blissey|572/572|[from] item: Leftovers\n|-heal|p1a: Farigiraf|215/366 par|[from] item: Leftovers\n|upkeep\n|turn|66\n|\n|t:|1771173767\n|move|p2a: Blissey|Seismic Toss|p1a: Farigiraf\n|-damage|p1a: Farigiraf|130/366 par\n|move|p1a: Farigiraf|Future Sight|p2a: Blissey\n|-start|p1a: Farigiraf|move: Future Sight\n|\n|-heal|p1a: Farigiraf|313/366 par|[from] move: Wish|[wisher] Farigiraf\n|-heal|p1a: Farigiraf|335/366 par|[from] item: Leftovers\n|upkeep\n|turn|67\n|\n|t:|1771173774\n|switch|p1a: Altaria|Altaria, L89, F, tera:Steel|278/278\n|move|p2a: Blissey|Seismic Toss|p1a: Altaria\n|-damage|p1a: Altaria|193/278\n|\n|upkeep\n|turn|68\n|\n|t:|1771173780\n|move|p1a: Altaria|Earthquake|p2a: Blissey\n|-damage|p2a: Blissey|382/572\n|move|p2a: Blissey|Thunder Wave|p1a: Altaria\n|-status|p1a: Altaria|par\n|\n|-end|p2a: Blissey|move: Future Sight\n|-damage|p2a: Blissey|265/572\n|-heal|p2a: Blissey|300/572|[from] item: Leftovers\n|upkeep\n|turn|69\n|\n|t:|1771173789\n|cant|p1a: Altaria|par\n|move|p2a: Blissey|Soft-Boiled|p2a: Blissey\n|-heal|p2a: Blissey|572/572\n|\n|upkeep\n|turn|70\n|\n|t:|1771173794\n|-curestatus|p1a: Altaria|par|[from] ability: Natural Cure\n|switch|p1a: Farigiraf|Farigiraf, L91, M|335/366 par\n|switch|p2a: Glalie|Glalie, L96, F|250/309\n|\n|-heal|p1a: Farigiraf|357/366 par|[from] item: Leftovers\n|upkeep\n|turn|71\n|\n|t:|1771173806\n|move|p2a: Glalie|Spikes|p1a: Farigiraf\n|-sidestart|p1: MadridNC|Spikes\n|move|p1a: Farigiraf|Future Sight|p2a: Glalie\n|-start|p1a: Farigiraf|move: Future Sight\n|\n|-heal|p1a: Farigiraf|366/366 par|[from] item: Leftovers\n|upkeep\n|turn|72\n|\n|t:|1771173814\n|move|p2a: Glalie|Spikes|p1a: Farigiraf\n|-sidestart|p1: MadridNC|Spikes\n|move|p1a: Farigiraf|Hyper Voice|p2a: Glalie\n|-damage|p2a: Glalie|135/309\n|\n|upkeep\n|turn|73\n|\n|t:|1771173821\n|switch|p2a: Blissey|Blissey, L85, F|572/572\n|-activate|p2a: Blissey|move: Sticky Web\n|-unboost|p2a: Blissey|spe|1\n|-status|p2a: Blissey|tox\n|-damage|p2a: Blissey|501/572 tox|[from] Spikes\n|move|p1a: Farigiraf|Wish|p1a: Farigiraf\n|\n|-end|p2a: Blissey|move: Future Sight\n|-damage|p2a: Blissey|384/572 tox\n|-heal|p2a: Blissey|419/572 tox|[from] item: Leftovers\n|-damage|p2a: Blissey|384/572 tox|[from] psn\n|upkeep\n|turn|74\n|\n|t:|1771173832\n|switch|p1a: Altaria|Altaria, L89, F, tera:Steel|193/278\n|move|p2a: Blissey|Heal Bell|p2a: Blissey\n|-activate|p2a: Blissey|move: Heal Bell\n|-curestatus|p2a: Blissey|tox|[msg]\n|\n|-heal|p1a: Altaria|278/278|[from] move: Wish|[wisher] Farigiraf\n|-heal|p2a: Blissey|419/572|[from] item: Leftovers\n|upkeep\n|turn|75\n|\n|t:|1771173845\n|move|p1a: Altaria|Earthquake|p2a: Blissey\n|-damage|p2a: Blissey|245/572\n|move|p2a: Blissey|Thunder Wave|p1a: Altaria\n|-status|p1a: Altaria|par\n|\n|-heal|p2a: Blissey|280/572|[from] item: Leftovers\n|upkeep\n|turn|76\n|\n|t:|1771173852\n|move|p1a: Altaria|Brave Bird|p2a: Blissey\n|-damage|p2a: Blissey|0 fnt\n|faint|p2a: Blissey\n|-damage|p1a: Altaria|186/278 par|[from] Recoil\n|\n|upkeep\n|-message|uchiha madara7 forfeited.\n|\n|win|MadridNC\n|raw|MadridNC's rating: 1608 &rarr; <strong>1631</strong><br />(+23 for winning)\n|raw|uchiha madara7's rating: 1663 &rarr; <strong>1640</strong><br />(-23 for losing)\n|l|☆uchiha madara7\n|player|p2|\n", "inputlog": ">version 686819e5e19f8a7fd2345cfc5a08a5085efa2cc3\n>start {\"formatid\":\"gen9randombattle\",\"seed\":\"sodium,4c9faa1ccffd80e267ab56fd45c2743c\",\"rated\":\"Rated battle\"}\n>player p1 {\"name\":\"MadridNC\",\"avatar\":\"shadowtriad\",\"rating\":1608,\"seed\":\"sodium,27ed360f0f4b0069738988bcbe8c4fac\"}\n>player p2 {\"name\":\"uchiha madara7\",\"avatar\":\"169\",\"rating\":1663,\"seed\":\"sodium,c071702c0fd7d6fa023c38beee27b4fe\"}\n>p1 move stickyweb\n>p2 switch 5\n>p1 switch 2\n>p2 move mysticalfire\n>p1 move futuresight\n>p2 move calmmind\n>p1 switch 3\n>p2 move mysticalfire\n>p1 move ironhead\n>p2 switch 2\n>p1 move earthquake\n>p2 move slackoff\n>p1 move earthquake\n>p2 move thunderbolt\n>p1 switch 4\n>p1 move sunnyday\n>p2 move voltswitch\n>p2 switch 5\n>p1 switch 6\n>p2 move thunderwave\n>p1 move voltswitch\n>p2 switch 6\n>p1 switch 6\n>p1 move fireblast\n>p2 move appleacid\n>p1 move fireblast\n>p2 move dragonpulse\n>p1 switch 6\n>p2 move dragonpulse\n>p1 move icepunch\n>p2 move leechseed\n>p1 switch 2\n>p2 move appleacid\n>p1 move knockoff\n>p2 switch 2\n>p1 switch 6\n>p2 move drainingkiss\n>p1 switch 5\n>p1 move defog terastallize\n>p2 switch 4\n>p1 switch 3\n>p2 move earthquake\n>p1 move wish\n>p2 switch 4\n>p1 move hypervoice\n>p2 move drainingkiss\n>p2 switch 3\n>p1 switch 2\n>p2 move glare\n>p1 move drainpunch\n>p2 switch 2\n>p1 move icepunch\n>p2 move appleacid\n>p1 move voltswitch\n>p2 switch 5\n>p1 switch 3\n>p1 move earthquake\n>p2 move thunderbolt\n>p1 move earthquake\n>p2 switch 4\n>p1 switch 2\n>p2 move freezedry\n>p1 move futuresight\n>p2 switch 5\n>p1 switch 2\n>p2 move recover\n>p1 move roost\n>p2 switch 6\n>p1 switch 3\n>p2 move seismictoss\n>p1 move drainpunch\n>p2 switch 6\n>p1 move icepunch\n>p2 move dragonpulse\n>p1 switch 6\n>p1 move knockoff\n>p2 switch 2\n>p1 move stickyweb\n>p2 move glare\n>p1 move toxicspikes\n>p2 move headbutt\n>p1 move toxicspikes\n>p2 move headbutt\n>p1 move spikes\n>p2 move headbutt\n>p1 move spikes\n>p2 move roost\n>p1 move spikes\n>p2 move headbutt\n>p1 switch 2\n>p1 switch 3\n>p2 move headbutt\n>p1 switch 3\n>p2 move glare\n>p1 move hypervoice\n>p2 move earthquake\n>p1 move futuresight\n>p2 move glare\n>p1 move wish\n>p2 switch 6\n>p1 move hypervoice\n>p2 move thunderwave\n>p1 move hypervoice\n>p2 move softboiled\n>p1 move futuresight\n>p2 move healbell\n>p1 move hypervoice\n>p2 move seismictoss\n>p1 switch 3\n>p2 move seismictoss\n>p1 move roost\n>p2 move seismictoss\n>p1 move bravebird\n>p2 move softboiled\n>p1 move roost\n>p2 move seismictoss\n>p1 move roost\n>p2 move seismictoss\n>p1 switch 3\n>p2 move softboiled\n>p1 move futuresight\n>p2 move seismictoss\n>p1 move wish\n>p2 move seismictoss\n>p1 switch 3\n>p2 move seismictoss\n>p1 move earthquake\n>p2 move softboiled\n>p1 move earthquake\n>p2 move thunderwave\n>p1 switch 3\n>p2 move seismictoss\n>p1 move wish\n>p2 move seismictoss\n>p1 move protect\n>p2 move seismictoss\n>p1 move wish\n>p2 move seismictoss\n>p1 move futuresight\n>p2 move seismictoss\n>p1 switch 3\n>p2 move seismictoss\n>p1 move earthquake\n>p2 move thunderwave\n>p1 move earthquake\n>p2 move softboiled\n>p1 switch 3\n>p2 switch 5\n>p1 move futuresight\n>p2 move spikes\n>p1 move hypervoice\n>p2 move spikes\n>p1 move wish\n>p2 switch 5\n>p1 switch 3\n>p2 move healbell\n>p1 move earthquake\n>p2 move thunderwave\n>p1 move bravebird\n>p2 move softboiled\n>forcelose p2", "uploadtime": 1771173874, "views": 8, "formatid": "gen9randombattle", "rating": 1631, "private": 0, "password": null}