{"id": "gen9randombattle-2540142423", "format": "[Gen 9] Random Battle", "players": ["BlitzBurn1992", "eleliufeu"], "log": "|badge|p1|bronze|gen9randombattle|100-8\n|uhtml|medal-msg|<div class=\"broadcast-blue\">Curious what those medals under the avatar are? PS now has Ladder Seasons! For more information, check out the <a href=\"https://www.smogon.com/forums/threads/3740067/\">thread on Smogon.</a></div>\n|badge|p2|silver|gen9randombattle|30-8\n|uhtml|medal-msg|<div class=\"broadcast-blue\">Curious what those medals under the avatar are? PS now has Ladder Seasons! For more information, check out the <a href=\"https://www.smogon.com/forums/threads/3740067/\">thread on Smogon.</a></div>\n|j|☆BlitzBurn1992\n|j|☆eleliufeu\n|t:|1771167890\n|gametype|singles\n|player|p1|BlitzBurn1992|170|2363\n|player|p2|eleliufeu|1|2419\n|gen|9\n|tier|[Gen 9] Random Battle\n|rated|\n|rule|Species Clause: Limit one of each Pokémon\n|rule|HP Percentage Mod: HP is shown in percentages\n|rule|Sleep Clause Mod: Limit one foe put to sleep\n|rule|Illusion Level Mod: Illusion disguises the Pokémon's true level\n|\n|t:|1771167890\n|teamsize|p1|6\n|teamsize|p2|6\n|start\n|switch|p1a: Staraptor|Staraptor, L79, M|263/263\n|switch|p2a: Registeel|Registeel, L81|262/262\n|turn|1\n|\n|t:|1771167906\n|switch|p2a: Giratina|Giratina-Origin, L72|335/335\n|move|p1a: Staraptor|U-turn|p2a: Giratina\n|-resisted|p2a: Giratina\n|-damage|p2a: Giratina|306/335\n|inactive|Battle timer is ON: inactive players will automatically lose when time's up. (requested by eleliufeu)\n|\n|t:|1771167915\n|switch|p1a: Morpeko|Morpeko, L88, F|245/245|[from] U-turn\n|\n|-formechange|p1a: Morpeko|Morpeko-Hangry||[from] ability: Hunger Switch\n|upkeep\n|turn|2\n|j| explasion\n|\n|t:|1771167922\n|switch|p2a: Wo-Chien|Wo-Chien, L83|277/277\n|-ability|p2a: Wo-Chien|Tablets of Ruin\n|move|p1a: Morpeko|Aura Wheel|p2a: Wo-Chien\n|-resisted|p2a: Wo-Chien\n|-crit|p2a: Wo-Chien\n|-damage|p2a: Wo-Chien|209/277\n|-boost|p1a: Morpeko|spe|1\n|\n|-heal|p2a: Wo-Chien|226/277|[from] item: Leftovers\n|-formechange|p1a: Morpeko|Morpeko||[from] ability: Hunger Switch\n|upkeep\n|turn|3\n|\n|t:|1771167939\n|move|p1a: Morpeko|Knock Off|p2a: Wo-Chien\n|-resisted|p2a: Wo-Chien\n|-damage|p2a: Wo-Chien|185/277\n|-enditem|p2a: Wo-Chien|Leftovers|[from] move: Knock Off|[of] p1a: Morpeko\n|move|p2a: Wo-Chien|Stun Spore|p1a: Morpeko|[miss]\n|-miss|p2a: Wo-Chien|p1a: Morpeko\n|\n|-formechange|p1a: Morpeko|Morpeko-Hangry||[from] ability: Hunger Switch\n|upkeep\n|turn|4\n|\n|t:|1771167948\n|switch|p1a: Infernape|Infernape, L82, M|259/259\n|move|p2a: Wo-Chien|Leech Seed|p1a: Infernape\n|-start|p1a: Infernape|move: Leech Seed\n|\n|-damage|p1a: Infernape|227/259|[from] Leech Seed|[of] p2a: Wo-Chien\n|-heal|p2a: Wo-Chien|217/277|[silent]\n|upkeep\n|turn|5\n|\n|t:|1771167954\n|switch|p1a: Iron Hands|Iron Hands, L79|373/373\n|move|p2a: Wo-Chien|Protect||[still]\n|-fail|p2a: Wo-Chien\n|\n|upkeep\n|turn|6\n|\n|t:|1771167958\n|switch|p2a: Giratina|Giratina-Origin, L72|306/335\n|move|p1a: Iron Hands|Fake Out|p2a: Giratina\n|-immune|p2a: Giratina\n|\n|upkeep\n|turn|7\n|\n|t:|1771167974\n|-end|p1a: Iron Hands|Quark Drive|[silent]\n|switch|p1a: Morpeko|Morpeko, L88, F|245/245\n|move|p2a: Giratina|Will-O-Wisp|p1a: Morpeko\n|-status|p1a: Morpeko|brn\n|\n|-damage|p1a: Morpeko|230/245 brn|[from] brn\n|-formechange|p1a: Morpeko|Morpeko-Hangry||[from] ability: Hunger Switch\n|upkeep\n|turn|8\n|\n|t:|1771167981\n|switch|p1a: Staraptor|Staraptor, L79, M|263/263\n|switch|p2a: Wo-Chien|Wo-Chien, L83|217/277\n|-ability|p2a: Wo-Chien|Tablets of Ruin\n|\n|upkeep\n|turn|9\n|\n|t:|1771167987\n|move|p2a: Wo-Chien|Protect|p2a: Wo-Chien\n|-singleturn|p2a: Wo-Chien|Protect\n|move|p1a: Staraptor|Brave Bird|p2a: Wo-Chien\n|-activate|p2a: Wo-Chien|move: Protect\n|\n|upkeep\n|turn|10\n|\n|t:|1771167992\n|switch|p1a: Infernape|Infernape, L82, M|227/259\n|switch|p2a: Registeel|Registeel, L81|262/262\n|\n|upkeep\n|turn|11\n|\n|t:|1771167997\n|switch|p2a: Giratina|Giratina-Origin, L72|306/335\n|move|p1a: Infernape|Flare Blitz|p2a: Giratina\n|-resisted|p2a: Giratina\n|-damage|p2a: Giratina|214/335\n|-damage|p1a: Infernape|197/259|[from] Recoil\n|\n|upkeep\n|turn|12\n|\n|t:|1771168003\n|switch|p1a: Morpeko|Morpeko, L88, F|230/245 brn\n|move|p2a: Giratina|Draco Meteor|p1a: Morpeko\n|-damage|p1a: Morpeko|38/245 brn\n|-unboost|p2a: Giratina|spa|2\n|\n|-heal|p1a: Morpeko|53/245 brn|[from] item: Leftovers\n|-damage|p1a: Morpeko|38/245 brn|[from] brn\n|-formechange|p1a: Morpeko|Morpeko-Hangry||[from] ability: Hunger Switch\n|upkeep\n|turn|13\n|\n|t:|1771168009\n|switch|p2a: Wo-Chien|Wo-Chien, L83|217/277\n|-ability|p2a: Wo-Chien|Tablets of Ruin\n|move|p1a: Morpeko|Aura Wheel|p2a: Wo-Chien\n|-resisted|p2a: Wo-Chien\n|-damage|p2a: Wo-Chien|196/277\n|-boost|p1a: Morpeko|spe|1\n|\n|-heal|p1a: Morpeko|53/245 brn|[from] item: Leftovers\n|-damage|p1a: Morpeko|38/245 brn|[from] brn\n|-formechange|p1a: Morpeko|Morpeko||[from] ability: Hunger Switch\n|upkeep\n|turn|14\n|\n|t:|1771168017\n|move|p1a: Morpeko|Protect|p1a: Morpeko\n|-singleturn|p1a: Morpeko|Protect\n|move|p2a: Wo-Chien|Knock Off|p1a: Morpeko\n|-activate|p1a: Morpeko|move: Protect\n|\n|-heal|p1a: Morpeko|53/245 brn|[from] item: Leftovers\n|-damage|p1a: Morpeko|38/245 brn|[from] brn\n|-formechange|p1a: Morpeko|Morpeko-Hangry||[from] ability: Hunger Switch\n|upkeep\n|turn|15\n|\n|t:|1771168031\n|move|p1a: Morpeko|Aura Wheel|p2a: Wo-Chien\n|-resisted|p2a: Wo-Chien\n|-damage|p2a: Wo-Chien|173/277\n|-boost|p1a: Morpeko|spe|1\n|move|p2a: Wo-Chien|Leech Seed|p1a: Morpeko\n|-start|p1a: Morpeko|move: Leech Seed\n|\n|-heal|p1a: Morpeko|53/245 brn|[from] item: Leftovers\n|-damage|p1a: Morpeko|23/245 brn|[from] Leech Seed|[of] p2a: Wo-Chien\n|-heal|p2a: Wo-Chien|203/277|[silent]\n|-damage|p1a: Morpeko|8/245 brn|[from] brn\n|-formechange|p1a: Morpeko|Morpeko||[from] ability: Hunger Switch\n|upkeep\n|turn|16\n|\n|t:|1771168039\n|move|p1a: Morpeko|Rapid Spin|p2a: Wo-Chien\n|-damage|p2a: Wo-Chien|189/277\n|-boost|p1a: Morpeko|spe|1\n|-end|p1a: Morpeko|Leech Seed|[from] move: Rapid Spin|[of] p1a: Morpeko\n|move|p2a: Wo-Chien|Leech Seed|p1a: Morpeko\n|-start|p1a: Morpeko|move: Leech Seed\n|\n|-heal|p1a: Morpeko|23/245 brn|[from] item: Leftovers\n|-damage|p1a: Morpeko|0 fnt|[from] Leech Seed|[of] p2a: Wo-Chien\n|-heal|p2a: Wo-Chien|212/277|[silent]\n|faint|p1a: Morpeko\n|upkeep\n|\n|t:|1771168051\n|switch|p1a: Staraptor|Staraptor, L79, M|263/263\n|turn|17\n|\n|t:|1771168057\n|move|p2a: Wo-Chien|Protect|p2a: Wo-Chien\n|-singleturn|p2a: Wo-Chien|Protect\n|move|p1a: Staraptor|U-turn|p2a: Wo-Chien\n|-activate|p2a: Wo-Chien|move: Protect\n|\n|upkeep\n|turn|18\n|\n|t:|1771168061\n|move|p1a: Staraptor|U-turn|p2a: Wo-Chien\n|-supereffective|p2a: Wo-Chien\n|-damage|p2a: Wo-Chien|76/277\n|\n|t:|1771168069\n|switch|p1a: Porygon-Z|Porygon-Z, L83|277/277|[from] U-turn\n|move|p2a: Wo-Chien|Leech Seed|p1a: Porygon-Z\n|-start|p1a: Porygon-Z|move: Leech Seed\n|\n|-damage|p1a: Porygon-Z|243/277|[from] Leech Seed|[of] p2a: Wo-Chien\n|-heal|p2a: Wo-Chien|110/277|[silent]\n|upkeep\n|turn|19\n|\n|t:|1771168072\n|move|p2a: Wo-Chien|Protect|p2a: Wo-Chien\n|-singleturn|p2a: Wo-Chien|Protect\n|move|p1a: Porygon-Z|Ice Beam|p2a: Wo-Chien\n|-activate|p2a: Wo-Chien|move: Protect\n|\n|-damage|p1a: Porygon-Z|209/277|[from] Leech Seed|[of] p2a: Wo-Chien\n|-heal|p2a: Wo-Chien|144/277|[silent]\n|upkeep\n|turn|20\n|\n|t:|1771168076\n|switch|p2a: Keldeo|Keldeo-Resolute, L79|273/273\n|move|p1a: Porygon-Z|Ice Beam|p2a: Keldeo\n|-resisted|p2a: Keldeo\n|-damage|p2a: Keldeo|234/273\n|\n|-heal|p2a: Keldeo|251/273|[from] item: Leftovers\n|-damage|p1a: Porygon-Z|175/277|[from] Leech Seed|[of] p2a: Keldeo\n|-heal|p2a: Keldeo|273/273|[silent]\n|upkeep\n|turn|21\n|\n|t:|1771168083\n|switch|p1a: Iron Hands|Iron Hands, L79|373/373\n|move|p2a: Keldeo|Hydro Pump|p1a: Iron Hands\n|-damage|p1a: Iron Hands|256/373\n|\n|upkeep\n|turn|22\n|\n|t:|1771168095\n|switch|p2a: Giratina|Giratina-Origin, L72|214/335\n|move|p1a: Iron Hands|Volt Switch|p2a: Giratina\n|-resisted|p2a: Giratina\n|-damage|p2a: Giratina|193/335\n|\n|t:|1771168100\n|-end|p1a: Iron Hands|Quark Drive|[silent]\n|switch|p1a: Staraptor|Staraptor, L79, M|263/263|[from] Volt Switch\n|\n|upkeep\n|turn|23\n|\n|t:|1771168107\n|switch|p2a: Registeel|Registeel, L81|262/262\n|move|p1a: Staraptor|Close Combat|p2a: Registeel\n|-supereffective|p2a: Registeel\n|-damage|p2a: Registeel|138/262\n|-unboost|p1a: Staraptor|def|1\n|-unboost|p1a: Staraptor|spd|1\n|\n|upkeep\n|turn|24\n|\n|t:|1771168113\n|switch|p1a: Porygon-Z|Porygon-Z, L83|175/277\n|move|p2a: Registeel|Rest|p2a: Registeel\n|-status|p2a: Registeel|slp|[from] move: Rest\n|-heal|p2a: Registeel|262/262 slp|[silent]\n|-enditem|p2a: Registeel|Chesto Berry|[eat]\n|-curestatus|p2a: Registeel|slp|[msg]\n|\n|upkeep\n|turn|25\n|\n|t:|1771168123\n|switch|p1a: Luvdisc|Luvdisc, F|247/247\n|move|p2a: Registeel|Body Press|p1a: Luvdisc\n|-damage|p1a: Luvdisc|161/247\n|\n|upkeep\n|turn|26\n|\n|t:|1771168134\n|switch|p2a: Sceptile|Sceptile, L87, M|264/264\n|move|p1a: Luvdisc|Flip Turn|p2a: Sceptile\n|-resisted|p2a: Sceptile\n|-damage|p2a: Sceptile|237/264\n|\n|t:|1771168154\n|switch|p1a: Staraptor|Staraptor, L79, M|263/263|[from] Flip Turn\n|\n|upkeep\n|turn|27\n|\n|t:|1771168163\n|switch|p2a: Registeel|Registeel, L81|262/262\n|move|p1a: Staraptor|U-turn|p2a: Registeel\n|-resisted|p2a: Registeel\n|-damage|p2a: Registeel|244/262\n|\n|t:|1771168171\n|switch|p1a: Infernape|Infernape, L82, M|197/259|[from] U-turn\n|\n|upkeep\n|turn|28\n|\n|t:|1771168191\n|switch|p2a: Giratina|Giratina-Origin, L72|193/335\n|move|p1a: Infernape|Flare Blitz|p2a: Giratina\n|-resisted|p2a: Giratina\n|-damage|p2a: Giratina|96/335\n|-damage|p1a: Infernape|165/259|[from] Recoil\n|\n|upkeep\n|turn|29\n|\n|t:|1771168197\n|move|p1a: Infernape|Flare Blitz|p2a: Giratina\n|-resisted|p2a: Giratina\n|-damage|p2a: Giratina|0 fnt\n|faint|p2a: Giratina\n|-damage|p1a: Infernape|133/259|[from] Recoil\n|\n|upkeep\n|\n|t:|1771168202\n|switch|p2a: Keldeo|Keldeo-Resolute, L79|273/273\n|turn|30\n|\n|t:|1771168213\n|switch|p1a: Luvdisc|Luvdisc, F|161/247\n|move|p2a: Keldeo|Secret Sword|p1a: Luvdisc\n|-damage|p1a: Luvdisc|52/247\n|\n|upkeep\n|turn|31\n|\n|t:|1771168226\n|switch|p2a: Wo-Chien|Wo-Chien, L83|144/277\n|-ability|p2a: Wo-Chien|Tablets of Ruin\n|move|p1a: Luvdisc|Endeavor|p2a: Wo-Chien\n|-damage|p2a: Wo-Chien|52/277\n|\n|upkeep\n|turn|32\n|\n|t:|1771168232\n|move|p1a: Luvdisc|Flip Turn|p2a: Wo-Chien\n|-resisted|p2a: Wo-Chien\n|-damage|p2a: Wo-Chien|39/277\n|\n|t:|1771168236\n|switch|p1a: Iron Hands|Iron Hands, L79|256/373|[from] Flip Turn\n|move|p2a: Wo-Chien|Knock Off|p1a: Iron Hands\n|-resisted|p1a: Iron Hands\n|-damage|p1a: Iron Hands|211/373\n|-enditem|p1a: Iron Hands|Assault Vest|[from] move: Knock Off|[of] p2a: Wo-Chien\n|\n|upkeep\n|turn|33\n|\n|t:|1771168244\n|move|p2a: Wo-Chien|Protect|p2a: Wo-Chien\n|-singleturn|p2a: Wo-Chien|Protect\n|move|p1a: Iron Hands|Fake Out|p2a: Wo-Chien\n|-activate|p2a: Wo-Chien|move: Protect\n|\n|upkeep\n|turn|34\n|\n|t:|1771168249\n|switch|p2a: Hoopa|Hoopa, L85|275/275\n|move|p1a: Iron Hands|Drain Punch|p2a: Hoopa\n|-immune|p2a: Hoopa\n|\n|upkeep\n|turn|35\n|c|☆BlitzBurn1992|What the matchup fish\n|inactive|BlitzBurn1992 has 120 seconds left.\n|\n|t:|1771168288\n|move|p2a: Hoopa|Psyshock|p1a: Iron Hands\n|-supereffective|p1a: Iron Hands\n|-damage|p1a: Iron Hands|0 fnt\n|faint|p1a: Iron Hands\n|-end|p1a: Iron Hands|Quark Drive|[silent]\n|\n|upkeep\n|\n|t:|1771168304\n|switch|p1a: Staraptor|Staraptor, L79, M|263/263\n|turn|36\n|\n|t:|1771168312\n|switch|p2a: Wo-Chien|Wo-Chien, L83|39/277\n|-ability|p2a: Wo-Chien|Tablets of Ruin\n|move|p1a: Staraptor|U-turn|p2a: Wo-Chien\n|-supereffective|p2a: Wo-Chien\n|-damage|p2a: Wo-Chien|0 fnt\n|faint|p2a: Wo-Chien\n|\n|t:|1771168315\n|switch|p1a: Luvdisc|Luvdisc, F|52/247|[from] U-turn\n|\n|upkeep\n|\n|t:|1771168318\n|switch|p2a: Sceptile|Sceptile, L87, M|237/264\n|turn|37\n|\n|t:|1771168327\n|switch|p1a: Staraptor|Staraptor, L79, M|263/263\n|move|p2a: Sceptile|Shed Tail|p2a: Sceptile\n|-start|p2a: Sceptile|Substitute|[from] move: Shed Tail\n|-damage|p2a: Sceptile|105/264\n|\n|t:|1771168343\n|switch|p2a: Keldeo|Keldeo-Resolute, L79|273/273|[from] Shed Tail\n|\n|upkeep\n|turn|38\n|\n|t:|1771168355\n|move|p1a: Staraptor|Brave Bird|p2a: Keldeo\n|-supereffective|p2a: Keldeo\n|-end|p2a: Keldeo|Substitute\n|-damage|p1a: Staraptor|241/263|[from] Recoil|[of] p2a: Keldeo\n|move|p2a: Keldeo|Secret Sword|p1a: Staraptor\n|-crit|p1a: Staraptor\n|-damage|p1a: Staraptor|54/263\n|\n|upkeep\n|turn|39\n|\n|t:|1771168364\n|move|p1a: Staraptor|Brave Bird|p2a: Keldeo\n|-supereffective|p2a: Keldeo\n|-damage|p2a: Keldeo|0 fnt\n|faint|p2a: Keldeo\n|-damage|p1a: Staraptor|0 fnt|[from] Recoil\n|faint|p1a: Staraptor\n|\n|upkeep\n|\n|t:|1771168370\n|switch|p2a: Hoopa|Hoopa, L85|275/275\n|switch|p1a: Porygon-Z|Porygon-Z, L83|175/277\n|turn|40\n|\n|t:|1771168382\n|-terastallize|p1a: Porygon-Z|Electric\n|-terastallize|p2a: Hoopa|Psychic\n|move|p1a: Porygon-Z|Thunderbolt|p2a: Hoopa\n|-damage|p2a: Hoopa|161/275\n|move|p2a: Hoopa|Psyshock|p1a: Porygon-Z\n|-damage|p1a: Porygon-Z|0 fnt\n|faint|p1a: Porygon-Z\n|\n|upkeep\n|l| explasion\n|c|☆BlitzBurn1992|yeah nah\n|c|☆BlitzBurn1992|but gg tho\n|\n|t:|1771168403\n|switch|p1a: Infernape|Infernape, L82, M|133/259\n|turn|41\n|\n|t:|1771168409\n|move|p2a: Hoopa|Psyshock|p1a: Infernape\n|-supereffective|p1a: Infernape\n|-damage|p1a: Infernape|0 fnt\n|faint|p1a: Infernape\n|\n|upkeep\n|\n|t:|1771168419\n|switch|p1a: Luvdisc|Luvdisc, F|52/247\n|turn|42\n|c|☆eleliufeu|GG\n|\n|t:|1771168428\n|move|p2a: Hoopa|Psyshock|p1a: Luvdisc\n|-crit|p1a: Luvdisc\n|-damage|p1a: Luvdisc|0 fnt\n|faint|p1a: Luvdisc\n|\n|win|eleliufeu\n|raw|BlitzBurn1992's rating: 2363 &rarr; <strong>2346</strong><br />(-17 for losing)\n|raw|eleliufeu's rating: 2419 &rarr; <strong>2436</strong><br />(+17 for winning)\n", "inputlog": ">version 686819e5e19f8a7fd2345cfc5a08a5085efa2cc3\n>start {\"formatid\":\"gen9randombattle\",\"seed\":\"sodium,5391a628301f5f61f75c4e1ebaabc58f\",\"rated\":\"Rated battle\"}\n>player p1 {\"name\":\"BlitzBurn1992\",\"avatar\":\"170\",\"rating\":2363,\"seed\":\"sodium,45988212e8900319d122992a7bd19fb8\"}\n>player p2 {\"name\":\"eleliufeu\",\"avatar\":\"1\",\"rating\":2419,\"seed\":\"sodium,60a773572cb43b51cb31e4e56ed76ec7\"}\n>p1 move uturn\n>p2 switch 3\n>p1 switch 5\n>p1 move aurawheel\n>p2 switch 6\n>p1 move knockoff\n>p2 move stunspore\n>p1 switch 4\n>p2 move leechseed\n>p1 switch 2\n>p2 move protect\n>p1 move fakeout\n>p2 switch 6\n>p1 switch 4\n>p2 move willowisp\n>p1 switch 5\n>p2 switch 6\n>p1 move bravebird\n>p2 move protect\n>p1 switch 2\n>p2 switch 3\n>p1 move flareblitz\n>p2 switch 6\n>p1 switch 5\n>p2 move dracometeor\n>p1 move aurawheel\n>p2 switch 3\n>p1 move protect\n>p2 move knockoff\n>p1 move aurawheel\n>p2 move leechseed\n>p1 move rapidspin\n>p2 move leechseed\n>p1 switch 2\n>p1 move uturn\n>p2 move protect\n>p1 move uturn\n>p2 move leechseed\n>p1 switch 6\n>p1 move icebeam\n>p2 move protect\n>p1 move icebeam\n>p2 switch 4\n>p1 switch 4\n>p2 move hydropump\n>p1 move voltswitch\n>p2 switch 3\n>p1 switch 6\n>p1 move closecombat\n>p2 switch 6\n>p1 switch 4\n>p2 move rest\n>p1 switch 3\n>p2 move bodypress\n>p1 move flipturn\n>p2 switch 2\n>p1 switch 4\n>p1 move uturn\n>p2 switch 2\n>p1 switch 5\n>p1 move flareblitz\n>p2 switch 6\n>p1 move flareblitz\n>p2 move dracometeor\n>p2 switch 3\n>p1 switch 4\n>p2 move secretsword\n>p1 move endeavor\n>p2 switch 4\n>p1 move flipturn\n>p2 move knockoff\n>p1 switch 6\n>p1 move fakeout\n>p2 move protect\n>p1 move drainpunch\n>p2 switch 5\n>chat ☆BlitzBurn1992|What the matchup fish\n>p1 move voltswitch\n>p2 move psyshock\n>p1 switch 5\n>p1 move uturn\n>p2 switch 5\n>p1 switch 6\n>p2 switch 2\n>p1 switch 6\n>p2 move shedtail\n>p2 switch 4\n>p1 move bravebird\n>p2 move secretsword\n>p1 move bravebird\n>p2 move secretsword\n>p1 switch 3\n>p2 switch 5\n>p1 move thunderbolt terastallize\n>p2 move psyshock terastallize\n>chat ☆BlitzBurn1992|yeah nah\n>chat ☆BlitzBurn1992|but gg tho\n>p1 switch 4\n>p1 move flareblitz\n>p2 move psyshock\n>p1 switch 6\n>chat ☆eleliufeu|GG\n>p1 move surf\n>p2 move psyshock", "uploadtime": 1771168432, "views": 11, "formatid": "gen9randombattle", "rating": 2346, "private": 0, "password": null}