{"id": "gen9randombattle-2540249650", "format": "[Gen 9] Random Battle", "players": ["amarodith95", "cifer3173"], "log": "|j|☆amarodith95\n|j|☆cifer3173\n|t:|1771180632\n|gametype|singles\n|player|p1|amarodith95|2|1518\n|player|p2|cifer3173|266|1527\n|gen|9\n|tier|[Gen 9] Random Battle\n|rated|\n|rule|Species Clause: Limit one of each Pokémon\n|rule|HP Percentage Mod: HP is shown in percentages\n|rule|Sleep Clause Mod: Limit one foe put to sleep\n|rule|Illusion Level Mod: Illusion disguises the Pokémon's true level\n|\n|t:|1771180632\n|teamsize|p1|6\n|teamsize|p2|6\n|start\n|switch|p1a: Typhlosion|Typhlosion, L84, F|267/267\n|switch|p2a: Tsareena|Tsareena, L87, F|267/267\n|turn|1\n|\n|t:|1771180641\n|switch|p2a: Politoed|Politoed, L88, M|302/302\n|-weather|RainDance|[from] ability: Drizzle|[of] p2a: Politoed\n|move|p1a: Typhlosion|Eruption|p2a: Politoed\n|-resisted|p2a: Politoed\n|-damage|p2a: Politoed|247/302\n|\n|-weather|RainDance|[upkeep]\n|upkeep\n|turn|2\n|\n|t:|1771180660\n|switch|p1a: Gogoat|Gogoat, L88, F|360/360\n|move|p2a: Politoed|Hydro Pump|p1a: Gogoat\n|-resisted|p1a: Gogoat\n|-damage|p1a: Gogoat|216/360\n|\n|-weather|RainDance|[upkeep]\n|-heal|p1a: Gogoat|238/360|[from] item: Leftovers\n|upkeep\n|turn|3\n|\n|t:|1771180677\n|switch|p2a: Mightyena|Mightyena, L96, F|290/290\n|-ability|p2a: Mightyena|Intimidate|boost\n|-unboost|p1a: Gogoat|atk|1\n|move|p1a: Gogoat|Bulk Up|p1a: Gogoat\n|-boost|p1a: Gogoat|atk|1\n|-boost|p1a: Gogoat|def|1\n|\n|-weather|RainDance|[upkeep]\n|-heal|p1a: Gogoat|260/360|[from] item: Leftovers\n|upkeep\n|turn|4\n|\n|t:|1771180688\n|move|p2a: Mightyena|Poison Fang|p1a: Gogoat\n|-supereffective|p1a: Gogoat\n|-damage|p1a: Gogoat|184/360\n|-status|p1a: Gogoat|tox\n|move|p1a: Gogoat|Horn Leech|p2a: Mightyena\n|-damage|p2a: Mightyena|200/290\n|-heal|p1a: Gogoat|229/360 tox|[from] drain|[of] p2a: Mightyena\n|\n|-weather|RainDance|[upkeep]\n|-heal|p2a: Mightyena|218/290|[from] item: Leftovers\n|-heal|p1a: Gogoat|251/360 tox|[from] item: Leftovers\n|-damage|p1a: Gogoat|229/360 tox|[from] psn\n|upkeep\n|turn|5\n|\n|t:|1771180703\n|switch|p2a: Tsareena|Tsareena, L87, F|267/267\n|move|p1a: Gogoat|Bulk Up|p1a: Gogoat\n|-boost|p1a: Gogoat|atk|1\n|-boost|p1a: Gogoat|def|1\n|\n|-weather|none\n|-heal|p1a: Gogoat|251/360 tox|[from] item: Leftovers\n|-damage|p1a: Gogoat|207/360 tox|[from] psn\n|upkeep\n|turn|6\n|\n|t:|1771180713\n|move|p2a: Tsareena|Knock Off|p1a: Gogoat\n|-damage|p1a: Gogoat|155/360 tox\n|-enditem|p1a: Gogoat|Leftovers|[from] move: Knock Off|[of] p2a: Tsareena\n|move|p1a: Gogoat|Earthquake|p2a: Tsareena\n|-resisted|p2a: Tsareena\n|-damage|p2a: Tsareena|218/267\n|\n|-damage|p1a: Gogoat|89/360 tox|[from] psn\n|upkeep\n|turn|7\n|\n|t:|1771180725\n|switch|p1a: Typhlosion|Typhlosion, L84, F|267/267\n|move|p2a: Tsareena|Rapid Spin|p1a: Typhlosion\n|-damage|p1a: Typhlosion|215/267\n|-boost|p2a: Tsareena|spe|1\n|\n|upkeep\n|turn|8\n|\n|t:|1771180733\n|switch|p2a: Politoed|Politoed, L88, M|247/302\n|-weather|RainDance|[from] ability: Drizzle|[of] p2a: Politoed\n|move|p1a: Typhlosion|Scorching Sands|p2a: Politoed\n|-damage|p2a: Politoed|174/302\n|\n|-weather|RainDance|[upkeep]\n|upkeep\n|turn|9\n|\n|t:|1771180744\n|switch|p1a: Gogoat|Gogoat, L88, F|89/360 tox\n|move|p2a: Politoed|Hydro Pump|p1a: Gogoat\n|-resisted|p1a: Gogoat\n|-damage|p1a: Gogoat|0 fnt\n|faint|p1a: Gogoat\n|\n|-weather|RainDance|[upkeep]\n|upkeep\n|\n|t:|1771180753\n|switch|p1a: Klefki|Klefki, L84, F|233/233\n|turn|10\n|\n|t:|1771180758\n|switch|p2a: Donphan|Donphan, L84, M|288/288\n|move|p1a: Klefki|Thunder Wave|p2a: Donphan\n|-immune|p2a: Donphan\n|\n|-weather|RainDance|[upkeep]\n|upkeep\n|turn|11\n|\n|t:|1771180777\n|switch|p1a: Conkeldurr|Conkeldurr, L80, M|299/299\n|move|p2a: Donphan|Stealth Rock|p1a: Conkeldurr\n|-sidestart|p1: amarodith95|move: Stealth Rock\n|\n|-weather|RainDance|[upkeep]\n|-status|p1a: Conkeldurr|brn|[from] item: Flame Orb\n|upkeep\n|turn|12\n|\n|t:|1771180791\n|switch|p2a: Mightyena|Mightyena, L96, F|218/290\n|-ability|p2a: Mightyena|Intimidate|boost\n|-unboost|p1a: Conkeldurr|atk|1\n|move|p1a: Conkeldurr|Facade|p2a: Mightyena\n|-damage|p2a: Mightyena|93/290\n|\n|-weather|none\n|-heal|p2a: Mightyena|111/290|[from] item: Leftovers\n|-damage|p1a: Conkeldurr|281/299 brn|[from] brn\n|upkeep\n|turn|13\n|inactive|Battle timer is ON: inactive players will automatically lose when time's up. (requested by amarodith95)\n|\n|t:|1771180805\n|move|p1a: Conkeldurr|Mach Punch|p2a: Mightyena\n|-supereffective|p2a: Mightyena\n|-damage|p2a: Mightyena|0 fnt\n|faint|p2a: Mightyena\n|\n|-damage|p1a: Conkeldurr|263/299 brn|[from] brn\n|upkeep\n|\n|t:|1771180815\n|switch|p2a: Tsareena|Tsareena, L87, F|218/267\n|turn|14\n|\n|t:|1771180822\n|switch|p1a: Klefki|Klefki, L84, F|233/233\n|-damage|p1a: Klefki|219/233|[from] Stealth Rock\n|move|p2a: Tsareena|Power Whip|p1a: Klefki\n|-resisted|p1a: Klefki\n|-damage|p1a: Klefki|147/233\n|\n|-heal|p1a: Klefki|161/233|[from] item: Leftovers\n|upkeep\n|turn|15\n|\n|t:|1771180833\n|move|p2a: Tsareena|Knock Off|p1a: Klefki\n|-resisted|p1a: Klefki\n|-damage|p1a: Klefki|116/233\n|-enditem|p1a: Klefki|Leftovers|[from] move: Knock Off|[of] p2a: Tsareena\n|move|p1a: Klefki|Dazzling Gleam|p2a: Tsareena\n|-damage|p2a: Tsareena|155/267\n|\n|upkeep\n|turn|16\n|\n|t:|1771180840\n|switch|p2a: Donphan|Donphan, L84, M|288/288\n|move|p1a: Klefki|Dazzling Gleam|p2a: Donphan\n|-crit|p2a: Donphan\n|-damage|p2a: Donphan|143/288\n|\n|-heal|p2a: Donphan|161/288|[from] item: Leftovers\n|upkeep\n|turn|17\n|\n|t:|1771180849\n|-terastallize|p1a: Klefki|Flying\n|move|p1a: Klefki|Dazzling Gleam|p2a: Donphan\n|-damage|p2a: Donphan|64/288\n|move|p2a: Donphan|Earthquake|p1a: Klefki\n|-immune|p1a: Klefki\n|\n|-heal|p2a: Donphan|82/288|[from] item: Leftovers\n|upkeep\n|turn|18\n|\n|t:|1771180863\n|move|p1a: Klefki|Dazzling Gleam|p2a: Donphan\n|-damage|p2a: Donphan|0 fnt\n|faint|p2a: Donphan\n|\n|upkeep\n|\n|t:|1771180875\n|switch|p2a: Raging Bolt|Raging Bolt, L78|323/323\n|turn|19\n|\n|t:|1771180892\n|move|p1a: Klefki|Spikes|p2a: Raging Bolt\n|-sidestart|p2: cifer3173|Spikes\n|move|p2a: Raging Bolt|Thunderclap||[still]\n|-fail|p2a: Raging Bolt\n|\n|upkeep\n|turn|20\n|\n|t:|1771180897\n|move|p1a: Klefki|Spikes|p2a: Raging Bolt\n|-sidestart|p2: cifer3173|Spikes\n|move|p2a: Raging Bolt|Thunderbolt|p1a: Klefki\n|-supereffective|p1a: Klefki\n|-damage|p1a: Klefki|0 fnt\n|faint|p1a: Klefki\n|\n|upkeep\n|\n|t:|1771180905\n|switch|p1a: Fezandipiti|Fezandipiti, L82, M|278/278\n|-damage|p1a: Fezandipiti|244/278|[from] Stealth Rock\n|turn|21\n|\n|t:|1771180921\n|move|p1a: Fezandipiti|Gunk Shot|p2a: Raging Bolt\n|-damage|p2a: Raging Bolt|211/323\n|move|p2a: Raging Bolt|Thunderbolt|p1a: Fezandipiti\n|-damage|p1a: Fezandipiti|150/278\n|\n|-heal|p1a: Fezandipiti|167/278|[from] item: Leftovers\n|upkeep\n|turn|22\n|\n|t:|1771180929\n|move|p1a: Fezandipiti|Moonblast|p2a: Raging Bolt\n|-supereffective|p2a: Raging Bolt\n|-damage|p2a: Raging Bolt|109/323\n|move|p2a: Raging Bolt|Thunderbolt|p1a: Fezandipiti\n|-damage|p1a: Fezandipiti|86/278\n|\n|-heal|p1a: Fezandipiti|103/278|[from] item: Leftovers\n|upkeep\n|turn|23\n|\n|t:|1771180943\n|move|p1a: Fezandipiti|Roost|p1a: Fezandipiti\n|-heal|p1a: Fezandipiti|242/278\n|-singleturn|p1a: Fezandipiti|move: Roost\n|move|p2a: Raging Bolt|Thunderbolt|p1a: Fezandipiti\n|-damage|p1a: Fezandipiti|157/278\n|\n|-heal|p1a: Fezandipiti|174/278|[from] item: Leftovers\n|upkeep\n|turn|24\n|\n|t:|1771180954\n|-terastallize|p2a: Raging Bolt|Electric\n|move|p1a: Fezandipiti|Moonblast|p2a: Raging Bolt\n|-damage|p2a: Raging Bolt|60/323\n|-unboost|p2a: Raging Bolt|spa|1\n|move|p2a: Raging Bolt|Thunderbolt|p1a: Fezandipiti\n|-damage|p1a: Fezandipiti|102/278\n|\n|-heal|p1a: Fezandipiti|119/278|[from] item: Leftovers\n|upkeep\n|turn|25\n|\n|t:|1771180965\n|move|p1a: Fezandipiti|Roost|p1a: Fezandipiti\n|-heal|p1a: Fezandipiti|258/278\n|-singleturn|p1a: Fezandipiti|move: Roost\n|move|p2a: Raging Bolt|Thunderbolt|p1a: Fezandipiti\n|-damage|p1a: Fezandipiti|186/278\n|\n|-heal|p1a: Fezandipiti|203/278|[from] item: Leftovers\n|upkeep\n|turn|26\n|\n|t:|1771180972\n|move|p1a: Fezandipiti|Moonblast|p2a: Raging Bolt\n|-damage|p2a: Raging Bolt|8/323\n|-status|p2a: Raging Bolt|tox|[from] ability: Toxic Chain|[of] p1a: Fezandipiti\n|move|p2a: Raging Bolt|Thunderbolt|p1a: Fezandipiti\n|-damage|p1a: Fezandipiti|125/278\n|\n|-heal|p1a: Fezandipiti|142/278|[from] item: Leftovers\n|-damage|p2a: Raging Bolt|0 fnt|[from] psn\n|faint|p2a: Raging Bolt\n|-end|p2a: Raging Bolt|Protosynthesis|[silent]\n|upkeep\n|\n|t:|1771180991\n|switch|p2a: Dewgong|Dewgong, L94, F|322/322\n|turn|27\n|\n|t:|1771180998\n|move|p1a: Fezandipiti|Roost|p1a: Fezandipiti\n|-heal|p1a: Fezandipiti|278/278\n|-singleturn|p1a: Fezandipiti|move: Roost\n|move|p2a: Dewgong|Hydro Pump|p1a: Fezandipiti\n|-damage|p1a: Fezandipiti|191/278\n|\n|-heal|p1a: Fezandipiti|208/278|[from] item: Leftovers\n|upkeep\n|turn|28\n|\n|t:|1771181021\n|move|p1a: Fezandipiti|Gunk Shot|p2a: Dewgong|[miss]\n|-miss|p1a: Fezandipiti|p2a: Dewgong\n|move|p2a: Dewgong|Ice Beam|p1a: Fezandipiti\n|-damage|p1a: Fezandipiti|139/278\n|\n|-heal|p1a: Fezandipiti|156/278|[from] item: Leftovers\n|upkeep\n|turn|29\n|\n|t:|1771181030\n|move|p1a: Fezandipiti|Roost|p1a: Fezandipiti\n|-heal|p1a: Fezandipiti|278/278\n|-singleturn|p1a: Fezandipiti|move: Roost\n|move|p2a: Dewgong|Hydro Pump|p1a: Fezandipiti\n|-damage|p1a: Fezandipiti|185/278\n|\n|-heal|p1a: Fezandipiti|202/278|[from] item: Leftovers\n|upkeep\n|turn|30\n|\n|t:|1771181039\n|move|p1a: Fezandipiti|Gunk Shot|p2a: Dewgong\n|-damage|p2a: Dewgong|219/322\n|-status|p2a: Dewgong|tox|[from] ability: Toxic Chain|[of] p1a: Fezandipiti\n|move|p2a: Dewgong|Ice Beam|p1a: Fezandipiti\n|-damage|p1a: Fezandipiti|129/278\n|\n|-heal|p1a: Fezandipiti|146/278|[from] item: Leftovers\n|-damage|p2a: Dewgong|199/322 tox|[from] psn\n|upkeep\n|turn|31\n|\n|t:|1771181049\n|move|p1a: Fezandipiti|Roost|p1a: Fezandipiti\n|-heal|p1a: Fezandipiti|278/278\n|-singleturn|p1a: Fezandipiti|move: Roost\n|move|p2a: Dewgong|Encore|p1a: Fezandipiti\n|-start|p1a: Fezandipiti|Encore\n|\n|-damage|p2a: Dewgong|159/322 tox|[from] psn\n|upkeep\n|turn|32\n|\n|t:|1771181058\n|switch|p2a: Politoed|Politoed, L88, M|174/302\n|-damage|p2a: Politoed|124/302|[from] Spikes\n|-weather|RainDance|[from] ability: Drizzle|[of] p2a: Politoed\n|move|p1a: Fezandipiti|Roost||[still]\n|-fail|p1a: Fezandipiti|heal\n|\n|-weather|RainDance|[upkeep]\n|upkeep\n|turn|33\n|\n|t:|1771181074\n|switch|p1a: Articuno|Articuno-Galar, L84|288/288\n|move|p2a: Politoed|Hydro Pump|p1a: Articuno\n|-damage|p1a: Articuno|35/288\n|\n|-weather|RainDance|[upkeep]\n|upkeep\n|turn|34\n|\n|t:|1771181081\n|move|p1a: Articuno|Hurricane|p2a: Politoed\n|-damage|p2a: Politoed|0 fnt\n|faint|p2a: Politoed\n|\n|-weather|RainDance|[upkeep]\n|upkeep\n|\n|t:|1771181086\n|switch|p2a: Dewgong|Dewgong, L94, F|159/322 tox\n|turn|35\n|\n|t:|1771181090\n|move|p1a: Articuno|Hurricane|p2a: Dewgong\n|-damage|p2a: Dewgong|38/322 tox\n|move|p2a: Dewgong|Ice Beam|p1a: Articuno\n|-supereffective|p1a: Articuno\n|-damage|p1a: Articuno|0 fnt\n|faint|p1a: Articuno\n|\n|-weather|RainDance|[upkeep]\n|-damage|p2a: Dewgong|18/322 tox|[from] psn\n|upkeep\n|\n|t:|1771181099\n|switch|p1a: Fezandipiti|Fezandipiti, L82, M|278/278\n|-damage|p1a: Fezandipiti|244/278|[from] Stealth Rock\n|turn|36\n|\n|t:|1771181103\n|move|p1a: Fezandipiti|Moonblast|p2a: Dewgong\n|-damage|p2a: Dewgong|0 fnt\n|faint|p2a: Dewgong\n|\n|-weather|none\n|-heal|p1a: Fezandipiti|261/278|[from] item: Leftovers\n|upkeep\n|\n|t:|1771181109\n|switch|p2a: Tsareena|Tsareena, L87, F|155/267\n|turn|37\n|\n|t:|1771181115\n|move|p1a: Fezandipiti|Moonblast|p2a: Tsareena\n|-damage|p2a: Tsareena|86/267\n|-status|p2a: Tsareena|tox|[from] ability: Toxic Chain|[of] p1a: Fezandipiti\n|move|p2a: Tsareena|Knock Off|p1a: Fezandipiti\n|-resisted|p1a: Fezandipiti\n|-damage|p1a: Fezandipiti|216/278\n|-enditem|p1a: Fezandipiti|Leftovers|[from] move: Knock Off|[of] p2a: Tsareena\n|\n|-damage|p2a: Tsareena|70/267 tox|[from] psn\n|upkeep\n|turn|38\n|\n|t:|1771181124\n|move|p1a: Fezandipiti|Moonblast|p2a: Tsareena\n|-damage|p2a: Tsareena|7/267 tox\n|move|p2a: Tsareena|Synthesis|p2a: Tsareena\n|-heal|p2a: Tsareena|140/267 tox\n|\n|-damage|p2a: Tsareena|108/267 tox|[from] psn\n|upkeep\n|turn|39\n|\n|t:|1771181132\n|move|p1a: Fezandipiti|Moonblast|p2a: Tsareena\n|-damage|p2a: Tsareena|42/267 tox\n|move|p2a: Tsareena|Power Whip|p1a: Fezandipiti\n|-resisted|p1a: Fezandipiti\n|-damage|p1a: Fezandipiti|126/278\n|\n|-damage|p2a: Tsareena|0 fnt|[from] psn\n|faint|p2a: Tsareena\n|\n|win|amarodith95\n|raw|amarodith95's rating: 1518 &rarr; <strong>1539</strong><br />(+21 for winning)\n|raw|cifer3173's rating: 1527 &rarr; <strong>1506</strong><br />(-21 for losing)\n", "inputlog": ">version 686819e5e19f8a7fd2345cfc5a08a5085efa2cc3\n>start {\"formatid\":\"gen9randombattle\",\"seed\":\"sodium,2fb87476af0997ddfa512adf4ec068a2\",\"rated\":\"Rated battle\"}\n>player p1 {\"name\":\"amarodith95\",\"avatar\":\"2\",\"rating\":1518,\"seed\":\"sodium,5be0364be8e00d307e4badbcf7559d5b\"}\n>player p2 {\"name\":\"cifer3173\",\"avatar\":\"266\",\"rating\":1527,\"seed\":\"sodium,8162f29ab9ddc94156aceec1f70c9488\"}\n>p1 move eruption\n>p2 switch 5\n>p1 switch 3\n>p2 move hydropump\n>p1 move bulkup\n>p2 switch 2\n>p1 move hornleech\n>p2 move poisonfang\n>p1 move bulkup\n>p2 switch 5\n>p1 move earthquake\n>p2 move knockoff\n>p1 switch 3\n>p2 move rapidspin\n>p1 move scorchingsands\n>p2 switch 2\n>p1 switch 3\n>p2 move hydropump\n>p1 switch 5\n>p1 move thunderwave\n>p2 switch 6\n>p1 switch 4\n>p2 move stealthrock\n>p1 move facade\n>p2 switch 5\n>p1 move machpunch\n>p2 move throatchop\n>p2 switch 2\n>p1 switch 4\n>p2 move powerwhip\n>p1 move dazzlinggleam\n>p2 move knockoff\n>p1 move dazzlinggleam\n>p2 switch 5\n>p1 move dazzlinggleam terastallize\n>p2 move earthquake\n>p1 move dazzlinggleam\n>p2 move icespinner\n>p2 switch 3\n>p1 move spikes\n>p2 move thunderclap\n>p1 move spikes\n>p2 move thunderbolt\n>p1 switch 2\n>p1 move gunkshot\n>p2 move thunderbolt\n>p1 move moonblast\n>p2 move thunderbolt\n>p1 move roost\n>p2 move thunderbolt\n>p1 move moonblast\n>p2 move thunderbolt terastallize\n>p1 move roost\n>p2 move thunderbolt\n>p1 move moonblast\n>p2 move thunderbolt\n>p2 switch 4\n>p1 move roost\n>p2 move hydropump\n>p1 move gunkshot\n>p2 move icebeam\n>p1 move roost\n>p2 move hydropump\n>p1 move gunkshot\n>p2 move icebeam\n>p1 move roost\n>p2 move encore\n>p1 move roost\n>p2 switch 6\n>p1 switch 6\n>p2 move hydropump\n>p1 move hurricane\n>p2 move hydropump\n>p2 switch 6\n>p1 move hurricane\n>p2 move icebeam\n>p1 switch 6\n>p1 move moonblast\n>p2 move hydropump\n>p2 switch 5\n>p1 move moonblast\n>p2 move knockoff\n>p1 move moonblast\n>p2 move synthesis\n>p1 move moonblast\n>p2 move powerwhip", "uploadtime": 1771181142, "views": 12, "formatid": "gen9randombattle", "rating": 1506, "private": 0, "password": null}