{"id": "gen9randombattle-2539996371", "format": "[Gen 9] Random Battle", "players": ["Woelolo", "not fatboieric"], "log": "|j|☆Woelolo\n|j|☆not fatboieric\n|t:|1771140916\n|gametype|singles\n|player|p1|Woelolo|102|2123\n|player|p2|not fatboieric|leon|2049\n|gen|9\n|tier|[Gen 9] Random Battle\n|rated|\n|rule|Species Clause: Limit one of each Pokémon\n|rule|HP Percentage Mod: HP is shown in percentages\n|rule|Sleep Clause Mod: Limit one foe put to sleep\n|rule|Illusion Level Mod: Illusion disguises the Pokémon's true level\n|\n|t:|1771140916\n|teamsize|p1|6\n|teamsize|p2|6\n|start\n|switch|p1a: Polteageist|Polteageist-Antique, L78|222/222\n|switch|p2a: Spidops|Spidops, L96, F|271/271\n|turn|1\n|inactive|Battle timer is ON: inactive players will automatically lose when time's up. (requested by Woelolo)\n|\n|t:|1771140935\n|move|p1a: Polteageist|Shell Smash|p1a: Polteageist\n|-unboost|p1a: Polteageist|def|1\n|-unboost|p1a: Polteageist|spd|1\n|-boost|p1a: Polteageist|atk|2\n|-boost|p1a: Polteageist|spa|2\n|-boost|p1a: Polteageist|spe|2\n|-enditem|p1a: Polteageist|White Herb\n|-clearnegativeboost|p1a: Polteageist|[silent]\n|move|p2a: Spidops|Knock Off|p1a: Polteageist\n|-supereffective|p1a: Polteageist\n|-damage|p1a: Polteageist|84/222\n|\n|upkeep\n|turn|2\n|\n|t:|1771140938\n|move|p1a: Polteageist|Strength Sap|p2a: Spidops\n|-unboost|p2a: Spidops|atk|1\n|-heal|p1a: Polteageist|222/222\n|move|p2a: Spidops|Knock Off|p1a: Polteageist\n|-supereffective|p1a: Polteageist\n|-damage|p1a: Polteageist|136/222\n|\n|upkeep\n|turn|3\n|\n|t:|1771140944\n|move|p1a: Polteageist|Strength Sap|p2a: Spidops\n|-unboost|p2a: Spidops|atk|1\n|-heal|p1a: Polteageist|222/222\n|move|p2a: Spidops|Sticky Web|p1a: Polteageist\n|-sidestart|p1: Woelolo|move: Sticky Web\n|\n|upkeep\n|turn|4\n|\n|t:|1771140950\n|move|p1a: Polteageist|Shadow Ball|p2a: Spidops\n|-damage|p2a: Spidops|106/271\n|move|p2a: Spidops|Knock Off|p1a: Polteageist\n|-supereffective|p1a: Polteageist\n|-damage|p1a: Polteageist|150/222\n|\n|upkeep\n|turn|5\n|\n|t:|1771140958\n|move|p1a: Polteageist|Strength Sap|p2a: Spidops\n|-unboost|p2a: Spidops|atk|1\n|-heal|p1a: Polteageist|222/222\n|move|p2a: Spidops|Knock Off|p1a: Polteageist\n|-supereffective|p1a: Polteageist\n|-damage|p1a: Polteageist|168/222\n|\n|upkeep\n|turn|6\n|\n|t:|1771140962\n|move|p1a: Polteageist|Shadow Ball|p2a: Spidops\n|-damage|p2a: Spidops|0 fnt\n|faint|p2a: Spidops\n|\n|upkeep\n|\n|t:|1771140970\n|switch|p2a: Tropius|Tropius, L91, F|328/328\n|turn|7\n|\n|t:|1771140978\n|move|p1a: Polteageist|Shadow Ball|p2a: Tropius\n|-damage|p2a: Tropius|157/328\n|-enditem|p2a: Tropius|Sitrus Berry|[eat]\n|-heal|p2a: Tropius|239/328|[from] item: Sitrus Berry\n|move|p2a: Tropius|Leech Seed|p1a: Polteageist|[miss]\n|-miss|p2a: Tropius|p1a: Polteageist\n|\n|-item|p2a: Tropius|Sitrus Berry|[from] ability: Harvest\n|upkeep\n|turn|8\n|\n|t:|1771140986\n|move|p1a: Polteageist|Shadow Ball|p2a: Tropius\n|-damage|p2a: Tropius|46/328\n|-enditem|p2a: Tropius|Sitrus Berry|[eat]\n|-heal|p2a: Tropius|128/328|[from] item: Sitrus Berry\n|move|p2a: Tropius|Leech Seed|p1a: Polteageist\n|-start|p1a: Polteageist|move: Leech Seed\n|\n|-damage|p1a: Polteageist|141/222|[from] Leech Seed|[of] p2a: Tropius\n|-heal|p2a: Tropius|155/328|[silent]\n|upkeep\n|turn|9\n|\n|t:|1771140992\n|move|p1a: Polteageist|Shadow Ball|p2a: Tropius\n|-damage|p2a: Tropius|0 fnt\n|faint|p2a: Tropius\n|\n|upkeep\n|\n|t:|1771140995\n|switch|p2a: Politoed|Politoed, L88, F|302/302\n|-weather|RainDance|[from] ability: Drizzle|[of] p2a: Politoed\n|turn|10\n|\n|t:|1771141003\n|move|p1a: Polteageist|Shadow Ball|p2a: Politoed\n|-damage|p2a: Politoed|130/302\n|move|p2a: Politoed|Surf|p1a: Polteageist\n|-damage|p1a: Polteageist|9/222\n|\n|-weather|RainDance|[upkeep]\n|-damage|p1a: Polteageist|0 fnt|[from] Leech Seed|[of] p2a: Politoed\n|-heal|p2a: Politoed|139/302|[silent]\n|faint|p1a: Polteageist\n|upkeep\n|\n|t:|1771141011\n|switch|p1a: Blissey|Blissey, L85, F|572/572\n|-activate|p1a: Blissey|move: Sticky Web\n|-unboost|p1a: Blissey|spe|1\n|turn|11\n|\n|t:|1771141018\n|switch|p2a: Mudsdale|Mudsdale, L83, F|302/302\n|move|p1a: Blissey|Seismic Toss|p2a: Mudsdale\n|-damage|p2a: Mudsdale|217/302\n|-ability|p2a: Mudsdale|Stamina|boost\n|-boost|p2a: Mudsdale|def|1\n|\n|-weather|RainDance|[upkeep]\n|-heal|p2a: Mudsdale|235/302|[from] item: Leftovers\n|upkeep\n|turn|12\n|\n|t:|1771141043\n|switch|p1a: Copperajah|Copperajah, L86, F|350/350\n|-activate|p1a: Copperajah|move: Sticky Web\n|-unboost|p1a: Copperajah|spe|1\n|move|p2a: Mudsdale|Stealth Rock|p1a: Copperajah\n|-sidestart|p1: Woelolo|move: Stealth Rock\n|\n|-weather|RainDance|[upkeep]\n|-heal|p2a: Mudsdale|253/302|[from] item: Leftovers\n|upkeep\n|turn|13\n|\n|t:|1771141061\n|move|p2a: Mudsdale|Earthquake|p1a: Copperajah\n|-supereffective|p1a: Copperajah\n|-damage|p1a: Copperajah|50/350\n|move|p1a: Copperajah|Superpower|p2a: Mudsdale\n|-damage|p2a: Mudsdale|145/302\n|-unboost|p1a: Copperajah|atk|1\n|-unboost|p1a: Copperajah|def|1\n|-ability|p2a: Mudsdale|Stamina|boost\n|-boost|p2a: Mudsdale|def|1\n|\n|-weather|RainDance|[upkeep]\n|-heal|p2a: Mudsdale|163/302|[from] item: Leftovers\n|upkeep\n|turn|14\n|\n|t:|1771141069\n|move|p2a: Mudsdale|Earthquake|p1a: Copperajah\n|-supereffective|p1a: Copperajah\n|-damage|p1a: Copperajah|0 fnt\n|faint|p1a: Copperajah\n|\n|-weather|none\n|-heal|p2a: Mudsdale|181/302|[from] item: Leftovers\n|upkeep\n|\n|t:|1771141076\n|switch|p1a: Medicham|Medicham, L86, M|219/219\n|-activate|p1a: Medicham|move: Sticky Web\n|-unboost|p1a: Medicham|spe|1\n|-damage|p1a: Medicham|192/219|[from] Stealth Rock\n|turn|15\n|\n|t:|1771141079\n|move|p1a: Medicham|Hyper Voice|p2a: Mudsdale\n|-damage|p2a: Mudsdale|0 fnt\n|faint|p2a: Mudsdale\n|\n|upkeep\n|\n|t:|1771141090\n|switch|p2a: Drifblim|Drifblim, L86, M|396/396\n|turn|16\n|\n|t:|1771141096\n|switch|p2a: Persian|Persian, L92, M|269/269\n|switch|p1a: Blissey|Blissey, L85, F|572/572\n|-activate|p1a: Blissey|move: Sticky Web\n|-unboost|p1a: Blissey|spe|1\n|-damage|p1a: Blissey|501/572|[from] Stealth Rock\n|\n|-heal|p1a: Blissey|536/572|[from] item: Leftovers\n|upkeep\n|turn|17\n|\n|t:|1771141100\n|switch|p1a: Scizor|Scizor, L79, M|240/240\n|-activate|p1a: Scizor|move: Sticky Web\n|-unboost|p1a: Scizor|spe|1\n|-damage|p1a: Scizor|210/240|[from] Stealth Rock\n|move|p2a: Persian|Fake Out|p1a: Scizor\n|-resisted|p1a: Scizor\n|-damage|p1a: Scizor|174/240\n|\n|upkeep\n|turn|18\n|\n|t:|1771141107\n|move|p2a: Persian|U-turn|p1a: Scizor\n|-resisted|p1a: Scizor\n|-damage|p1a: Scizor|152/240\n|\n|t:|1771141111\n|switch|p2a: Drifblim|Drifblim, L86, M|396/396|[from] U-turn\n|move|p1a: Scizor|Knock Off|p2a: Drifblim\n|-supereffective|p2a: Drifblim\n|-damage|p2a: Drifblim|97/396\n|-enditem|p2a: Drifblim|Sitrus Berry|[from] move: Knock Off|[of] p1a: Scizor\n|-damage|p1a: Scizor|128/240|[from] item: Life Orb\n|\n|upkeep\n|turn|19\n|\n|t:|1771141115\n|switch|p2a: Politoed|Politoed, L88, F|139/302\n|-weather|RainDance|[from] ability: Drizzle|[of] p2a: Politoed\n|move|p1a: Scizor|Bullet Punch|p2a: Politoed\n|-resisted|p2a: Politoed\n|-damage|p2a: Politoed|91/302\n|-damage|p1a: Scizor|104/240|[from] item: Life Orb\n|\n|-weather|RainDance|[upkeep]\n|upkeep\n|turn|20\n|\n|t:|1771141120\n|switch|p1a: Blissey|Blissey, L85, F|536/572\n|-activate|p1a: Blissey|move: Sticky Web\n|-unboost|p1a: Blissey|spe|1\n|-damage|p1a: Blissey|465/572|[from] Stealth Rock\n|move|p2a: Politoed|Rest|p2a: Politoed\n|-status|p2a: Politoed|slp|[from] move: Rest\n|-heal|p2a: Politoed|302/302 slp|[silent]\n|-enditem|p2a: Politoed|Chesto Berry|[eat]\n|-curestatus|p2a: Politoed|slp|[msg]\n|\n|-weather|RainDance|[upkeep]\n|-heal|p1a: Blissey|500/572|[from] item: Leftovers\n|upkeep\n|turn|21\n|\n|t:|1771141130\n|switch|p2a: Drifblim|Drifblim, L86, M|97/396\n|move|p1a: Blissey|Thunder Wave|p2a: Drifblim\n|-status|p2a: Drifblim|par\n|\n|-weather|RainDance|[upkeep]\n|-heal|p1a: Blissey|535/572|[from] item: Leftovers\n|upkeep\n|turn|22\n|\n|t:|1771141138\n|switch|p1a: Scizor|Scizor, L79, M|104/240\n|-activate|p1a: Scizor|move: Sticky Web\n|-unboost|p1a: Scizor|spe|1\n|-damage|p1a: Scizor|74/240|[from] Stealth Rock\n|move|p2a: Drifblim|Strength Sap|p1a: Scizor\n|-unboost|p1a: Scizor|atk|1\n|-heal|p2a: Drifblim|348/396 par\n|\n|-weather|RainDance|[upkeep]\n|upkeep\n|turn|23\n|\n|t:|1771141146\n|move|p1a: Scizor|Swords Dance|p1a: Scizor\n|-boost|p1a: Scizor|atk|2\n|move|p2a: Drifblim|Air Slash|p1a: Scizor\n|-damage|p1a: Scizor|0 fnt\n|faint|p1a: Scizor\n|\n|-weather|none\n|upkeep\n|\n|t:|1771141151\n|switch|p1a: Medicham|Medicham, L86, M|243/243\n|-activate|p1a: Medicham|move: Sticky Web\n|-unboost|p1a: Medicham|spe|1\n|-damage|p1a: Medicham|228/243|[from] Stealth Rock\n|turn|24\n|\n|t:|1771141156\n|move|p1a: Medicham|Zen Headbutt|p2a: Drifblim\n|-damage|p2a: Drifblim|56/396 par\n|move|p2a: Drifblim|Air Slash|p1a: Medicham\n|-supereffective|p1a: Medicham\n|-damage|p1a: Medicham|54/243\n|\n|upkeep\n|turn|25\n|\n|t:|1771141159\n|move|p1a: Medicham|Zen Headbutt|p2a: Drifblim\n|-damage|p2a: Drifblim|0 fnt\n|faint|p2a: Drifblim\n|\n|upkeep\n|\n|t:|1771141163\n|switch|p2a: Persian|Persian, L92, M|269/269\n|turn|26\n|\n|t:|1771141166\n|move|p2a: Persian|Knock Off|p1a: Medicham\n|-damage|p1a: Medicham|0 fnt\n|-enditem|p1a: Medicham|Choice Band|[from] move: Knock Off|[of] p2a: Persian\n|faint|p1a: Medicham\n|\n|upkeep\n|\n|t:|1771141169\n|switch|p1a: Blissey|Blissey, L85, F|192/219\n|-activate|p1a: Blissey|move: Sticky Web\n|-unboost|p1a: Blissey|spe|1\n|-damage|p1a: Blissey|165/219|[from] Stealth Rock\n|turn|27\n|\n|t:|1771141182\n|-terastallize|p1a: Blissey|Fighting\n|move|p2a: Persian|U-turn|p1a: Blissey\n|-resisted|p1a: Blissey\n|-damage|p1a: Blissey|132/219\n|replace|p1a: Zoroark|Zoroark-Hisui, L80, M\n|-end|p1a: Zoroark|Illusion\n|-hint|Illusion Level Mod is active, so this Pokémon's true level was hidden.\n|\n|t:|1771141184\n|switch|p2a: Politoed|Politoed, L88, F|302/302|[from] U-turn\n|-weather|RainDance|[from] ability: Drizzle|[of] p2a: Politoed\n|move|p1a: Zoroark|Focus Blast|p2a: Politoed|[miss]\n|-miss|p1a: Zoroark|p2a: Politoed\n|\n|-weather|RainDance|[upkeep]\n|upkeep\n|turn|28\n|\n|t:|1771141192\n|switch|p1a: Blissey|Blissey, L85, F|535/572\n|-activate|p1a: Blissey|move: Sticky Web\n|-unboost|p1a: Blissey|spe|1\n|-damage|p1a: Blissey|464/572|[from] Stealth Rock\n|move|p2a: Politoed|Surf|p1a: Blissey\n|-damage|p1a: Blissey|353/572\n|\n|-weather|RainDance|[upkeep]\n|-heal|p1a: Blissey|388/572|[from] item: Leftovers\n|upkeep\n|turn|29\n|\n|t:|1771141197\n|move|p2a: Politoed|Surf|p1a: Blissey\n|-damage|p1a: Blissey|279/572\n|move|p1a: Blissey|Thunder Wave|p2a: Politoed\n|-status|p2a: Politoed|par\n|\n|-weather|RainDance|[upkeep]\n|-heal|p1a: Blissey|314/572|[from] item: Leftovers\n|upkeep\n|turn|30\n|\n|t:|1771141199\n|move|p1a: Blissey|Soft-Boiled|p1a: Blissey\n|-heal|p1a: Blissey|572/572\n|cant|p2a: Politoed|par\n|\n|-weather|RainDance|[upkeep]\n|upkeep\n|turn|31\n|\n|t:|1771141202\n|move|p1a: Blissey|Seismic Toss|p2a: Politoed\n|-damage|p2a: Politoed|217/302 par\n|move|p2a: Politoed|Surf|p1a: Blissey\n|-damage|p1a: Blissey|473/572\n|\n|-weather|none\n|-heal|p1a: Blissey|508/572|[from] item: Leftovers\n|upkeep\n|turn|32\n|\n|t:|1771141210\n|move|p1a: Blissey|Seismic Toss|p2a: Politoed\n|-damage|p2a: Politoed|132/302 par\n|move|p2a: Politoed|Surf|p1a: Blissey\n|-damage|p1a: Blissey|441/572\n|\n|-heal|p1a: Blissey|476/572|[from] item: Leftovers\n|upkeep\n|turn|33\n|\n|t:|1771141213\n|move|p1a: Blissey|Seismic Toss|p2a: Politoed\n|-damage|p2a: Politoed|47/302 par\n|move|p2a: Politoed|Rest|p2a: Politoed\n|-status|p2a: Politoed|slp|[from] move: Rest\n|-heal|p2a: Politoed|302/302 slp|[silent]\n|\n|-heal|p1a: Blissey|511/572|[from] item: Leftovers\n|upkeep\n|turn|34\n|\n|t:|1771141216\n|cant|p2a: Politoed|slp\n|move|p1a: Blissey|Seismic Toss|p2a: Politoed\n|-damage|p2a: Politoed|217/302 slp\n|\n|-heal|p1a: Blissey|546/572|[from] item: Leftovers\n|upkeep\n|turn|35\n|\n|t:|1771141219\n|cant|p2a: Politoed|slp\n|move|p1a: Blissey|Seismic Toss|p2a: Politoed\n|-damage|p2a: Politoed|132/302 slp\n|\n|-heal|p1a: Blissey|572/572|[from] item: Leftovers\n|upkeep\n|turn|36\n|\n|t:|1771141223\n|-curestatus|p2a: Politoed|slp|[msg]\n|move|p2a: Politoed|Rest|p2a: Politoed\n|-status|p2a: Politoed|slp|[from] move: Rest\n|-heal|p2a: Politoed|302/302 slp|[silent]\n|move|p1a: Blissey|Thunder Wave||[still]\n|-fail|p1a: Blissey\n|\n|upkeep\n|turn|37\n|\n|t:|1771141226\n|cant|p2a: Politoed|slp\n|move|p1a: Blissey|Seismic Toss|p2a: Politoed\n|-damage|p2a: Politoed|217/302 slp\n|\n|upkeep\n|turn|38\n|\n|t:|1771141231\n|cant|p2a: Politoed|slp\n|move|p1a: Blissey|Seismic Toss|p2a: Politoed\n|-damage|p2a: Politoed|132/302 slp\n|\n|upkeep\n|turn|39\n|\n|t:|1771141244\n|switch|p2a: Persian|Persian, L92, M|269/269\n|move|p1a: Blissey|Seismic Toss|p2a: Persian\n|-damage|p2a: Persian|184/269\n|\n|upkeep\n|turn|40\n|\n|t:|1771141249\n|-terastallize|p2a: Persian|Normal\n|move|p2a: Persian|Fake Out|p1a: Blissey\n|-damage|p1a: Blissey|284/572\n|cant|p1a: Blissey|flinch\n|\n|-heal|p1a: Blissey|319/572|[from] item: Leftovers\n|upkeep\n|turn|41\n|\n|t:|1771141257\n|move|p2a: Persian|U-turn|p1a: Blissey\n|-damage|p1a: Blissey|174/572\n|\n|t:|1771141260\n|switch|p2a: Politoed|Politoed, L88, F|132/302 slp|[from] U-turn\n|-weather|RainDance|[from] ability: Drizzle|[of] p2a: Politoed\n|move|p1a: Blissey|Thunder Wave||[still]\n|-fail|p1a: Blissey\n|\n|-weather|RainDance|[upkeep]\n|-heal|p1a: Blissey|209/572|[from] item: Leftovers\n|upkeep\n|turn|42\n|\n|t:|1771141264\n|switch|p2a: Persian|Persian, L92, M, tera:Normal|184/269\n|move|p1a: Blissey|Soft-Boiled|p1a: Blissey\n|-heal|p1a: Blissey|495/572\n|\n|-weather|RainDance|[upkeep]\n|-heal|p1a: Blissey|530/572|[from] item: Leftovers\n|upkeep\n|turn|43\n|\n|t:|1771141270\n|move|p2a: Persian|Fake Out|p1a: Blissey\n|-damage|p1a: Blissey|246/572\n|cant|p1a: Blissey|flinch\n|\n|-weather|RainDance|[upkeep]\n|-heal|p1a: Blissey|281/572|[from] item: Leftovers\n|upkeep\n|turn|44\n|\n|t:|1771141276\n|move|p2a: Persian|Double-Edge|p1a: Blissey\n|-damage|p1a: Blissey|0 fnt\n|faint|p1a: Blissey\n|-damage|p2a: Persian|91/269|[from] Recoil\n|\n|-weather|RainDance|[upkeep]\n|upkeep\n|\n|t:|1771141278\n|switch|p1a: Zoroark|Zoroark-Hisui, L80, M, tera:Fighting|132/219\n|-activate|p1a: Zoroark|move: Sticky Web\n|-unboost|p1a: Zoroark|spe|1\n|-damage|p1a: Zoroark|119/219|[from] Stealth Rock\n|turn|45\n|\n|t:|1771141287\n|move|p2a: Persian|U-turn|p1a: Zoroark\n|-resisted|p1a: Zoroark\n|-damage|p1a: Zoroark|86/219\n|\n|t:|1771141288\n|switch|p2a: Politoed|Politoed, L88, F|132/302 slp|[from] U-turn\n|move|p1a: Zoroark|Hyper Voice|p2a: Politoed\n|-damage|p2a: Politoed|3/302 slp\n|\n|-weather|none\n|upkeep\n|turn|46\n|\n|t:|1771141293\n|-curestatus|p2a: Politoed|slp|[msg]\n|move|p2a: Politoed|Rest|p2a: Politoed\n|-status|p2a: Politoed|slp|[from] move: Rest\n|-heal|p2a: Politoed|302/302 slp|[silent]\n|move|p1a: Zoroark|Hyper Voice|p2a: Politoed\n|-damage|p2a: Politoed|173/302 slp\n|\n|upkeep\n|turn|47\n|\n|t:|1771141297\n|cant|p2a: Politoed|slp\n|move|p1a: Zoroark|Hyper Voice|p2a: Politoed\n|-crit|p2a: Politoed\n|-damage|p2a: Politoed|0 fnt\n|faint|p2a: Politoed\n|\n|upkeep\n|\n|t:|1771141299\n|switch|p2a: Persian|Persian, L92, M, tera:Normal|91/269\n|turn|48\n|\n|t:|1771141302\n|move|p2a: Persian|Fake Out|p1a: Zoroark\n|-damage|p1a: Zoroark|0 fnt\n|faint|p1a: Zoroark\n|\n|win|not fatboieric\n|raw|Woelolo's rating: 2123 &rarr; <strong>2099</strong><br />(-24 for losing)\n|raw|not fatboieric's rating: 2049 &rarr; <strong>2073</strong><br />(+24 for winning)\n|l|☆Woelolo\n|player|p1|\n", "inputlog": ">version 686819e5e19f8a7fd2345cfc5a08a5085efa2cc3\n>start {\"formatid\":\"gen9randombattle\",\"seed\":\"sodium,6ce6e35cd2c417dcaf3e004ba1d9d3ff\",\"rated\":\"Rated battle\"}\n>player p1 {\"name\":\"Woelolo\",\"avatar\":\"102\",\"rating\":2123,\"seed\":\"sodium,4a9ae2a785c03dc8d9e14010e1d8a645\"}\n>player p2 {\"name\":\"not fatboieric\",\"avatar\":\"leon\",\"rating\":2049,\"seed\":\"sodium,8fbe85f8267b15957f3f6eba102e5bd7\"}\n>p1 move shellsmash\n>p2 move knockoff\n>p1 move strengthsap\n>p2 move knockoff\n>p1 move strengthsap\n>p2 move stickyweb\n>p1 move shadowball\n>p2 move knockoff\n>p1 move strengthsap\n>p2 move knockoff\n>p1 move shadowball\n>p2 move knockoff\n>p2 switch 5\n>p1 move shadowball\n>p2 move leechseed\n>p1 move shadowball\n>p2 move leechseed\n>p1 move shadowball\n>p2 move airslash\n>p2 switch 4\n>p1 move shadowball\n>p2 move surf\n>p1 switch 5\n>p1 move seismictoss\n>p2 switch 2\n>p1 switch 2\n>p2 move stealthrock\n>p1 move superpower\n>p2 move earthquake\n>p1 move superpower\n>p2 move earthquake\n>p1 switch 4\n>p1 move hypervoice\n>p2 move earthquake\n>p2 switch 3\n>p1 switch 2\n>p2 switch 6\n>p1 switch 3\n>p2 move fakeout\n>p1 move knockoff\n>p2 move uturn\n>p2 switch 6\n>p1 move bulletpunch\n>p2 switch 2\n>p1 switch 3\n>p2 move rest\n>p1 move thunderwave\n>p2 switch 2\n>p1 switch 3\n>p2 move strengthsap\n>p1 move swordsdance\n>p2 move airslash\n>p1 switch 6\n>p1 move zenheadbutt\n>p2 move airslash\n>p1 move zenheadbutt\n>p2 move airslash\n>p2 switch 6\n>p1 move zenheadbutt\n>p2 move knockoff\n>p1 switch 2\n>p1 move focusblast terastallize\n>p2 move uturn\n>p2 switch 2\n>p1 switch 3\n>p2 move surf\n>p1 move thunderwave\n>p2 move surf\n>p1 move softboiled\n>p2 move surf\n>p1 move seismictoss\n>p2 move surf\n>p1 move seismictoss\n>p2 move surf\n>p1 move seismictoss\n>p2 move rest\n>p1 move seismictoss\n>p2 move surf\n>p1 move seismictoss\n>p2 move surf\n>p1 move thunderwave\n>p2 move rest\n>p1 move seismictoss\n>p2 move surf\n>p1 move seismictoss\n>p2 move surf\n>p1 move seismictoss\n>p2 switch 2\n>p1 move thunderwave\n>p2 move fakeout terastallize\n>p1 move thunderwave\n>p2 move uturn\n>p2 switch 2\n>p1 move softboiled\n>p2 switch 2\n>p1 move thunderwave\n>p2 move fakeout\n>p1 move seismictoss\n>p2 move doubleedge\n>p1 switch 3\n>p1 move hypervoice\n>p2 move uturn\n>p2 switch 2\n>p1 move hypervoice\n>p2 move rest\n>p1 move hypervoice\n>p2 move surf\n>p2 switch 2\n>p1 move hypervoice\n>p2 move fakeout", "uploadtime": 1771141933, "views": 25, "formatid": "gen9randombattle", "rating": 2073, "private": 0, "password": null}