{"id": "gen9randombattle-2540576112", "format": "[Gen 9] Random Battle", "players": ["bsman997", "tscher"], "log": "|j|☆bsman997\n|j|☆tscher\n|t:|1771220614\n|gametype|singles\n|player|p1|bsman997|266|1649\n|player|p2|tscher|102|1603\n|gen|9\n|tier|[Gen 9] Random Battle\n|rated|\n|rule|Species Clause: Limit one of each Pokémon\n|rule|HP Percentage Mod: HP is shown in percentages\n|rule|Sleep Clause Mod: Limit one foe put to sleep\n|rule|Illusion Level Mod: Illusion disguises the Pokémon's true level\n|\n|t:|1771220614\n|teamsize|p1|6\n|teamsize|p2|6\n|start\n|switch|p1a: Calyrex|Calyrex, L93|337/337\n|switch|p2a: Lurantis|Lurantis, L87, F|264/264\n|-ability|p1a: Calyrex|Unnerve\n|turn|1\n|inactive|Battle timer is ON: inactive players will automatically lose when time's up. (requested by tscher)\n|j| sixludicolos\n|\n|t:|1771220640\n|switch|p1a: Mismagius|Mismagius, L86, M|243/243\n|move|p2a: Lurantis|Superpower|p1a: Mismagius\n|-immune|p1a: Mismagius\n|\n|upkeep\n|turn|2\n|\n|t:|1771220652\n|switch|p2a: Scrafty|Scrafty, L84, M|246/246\n|-ability|p2a: Scrafty|Intimidate|boost\n|-unboost|p1a: Mismagius|atk|1\n|move|p1a: Mismagius|Shadow Ball|p2a: Scrafty\n|-resisted|p2a: Scrafty\n|-damage|p2a: Scrafty|192/246\n|\n|-heal|p2a: Scrafty|207/246|[from] item: Leftovers\n|upkeep\n|turn|3\n|\n|t:|1771220674\n|switch|p1a: Koraidon|Koraidon, L64|235/235\n|-weather|SunnyDay|[from] ability: Orichalcum Pulse|[of] p1a: Koraidon\n|-activate|p1a: Koraidon|Orichalcum Pulse|[source]\n|move|p2a: Scrafty|Dragon Dance|p2a: Scrafty\n|-boost|p2a: Scrafty|atk|1\n|-boost|p2a: Scrafty|spe|1\n|\n|-weather|SunnyDay|[upkeep]\n|-heal|p2a: Scrafty|222/246|[from] item: Leftovers\n|upkeep\n|turn|4\n|\n|t:|1771220691\n|-terastallize|p2a: Scrafty|Poison\n|move|p2a: Scrafty|Dragon Dance|p2a: Scrafty\n|-boost|p2a: Scrafty|atk|1\n|-boost|p2a: Scrafty|spe|1\n|move|p1a: Koraidon|Close Combat|p2a: Scrafty\n|-resisted|p2a: Scrafty\n|-damage|p2a: Scrafty|143/246\n|-unboost|p1a: Koraidon|def|1\n|-unboost|p1a: Koraidon|spd|1\n|\n|-weather|SunnyDay|[upkeep]\n|-heal|p2a: Scrafty|158/246|[from] item: Leftovers\n|upkeep\n|turn|5\n|\n|t:|1771220704\n|switch|p1a: Mismagius|Mismagius, L86, M|243/243\n|move|p2a: Scrafty|Knock Off|p1a: Mismagius\n|-supereffective|p1a: Mismagius\n|-damage|p1a: Mismagius|0 fnt\n|-enditem|p1a: Mismagius|Choice Specs|[from] move: Knock Off|[of] p2a: Scrafty\n|faint|p1a: Mismagius\n|\n|-weather|SunnyDay|[upkeep]\n|-heal|p2a: Scrafty|173/246|[from] item: Leftovers\n|upkeep\n|inactive|bsman997 has 120 seconds left.\n|\n|t:|1771220725\n|switch|p1a: Calyrex|Calyrex, L93|337/337\n|-ability|p1a: Calyrex|Unnerve\n|turn|6\n|\n|t:|1771220741\n|-terastallize|p1a: Calyrex|Steel\n|move|p2a: Scrafty|Drain Punch|p1a: Calyrex\n|-supereffective|p1a: Calyrex\n|-damage|p1a: Calyrex|23/337\n|-heal|p2a: Scrafty|246/246|[from] drain|[of] p1a: Calyrex\n|move|p1a: Calyrex|Psychic|p2a: Scrafty\n|-supereffective|p2a: Scrafty\n|-damage|p2a: Scrafty|76/246\n|\n|-weather|SunnyDay|[upkeep]\n|-heal|p2a: Scrafty|91/246|[from] item: Leftovers\n|-heal|p1a: Calyrex|44/337|[from] item: Leftovers\n|upkeep\n|turn|7\n|\n|t:|1771220756\n|move|p2a: Scrafty|Drain Punch|p1a: Calyrex\n|-supereffective|p1a: Calyrex\n|-damage|p1a: Calyrex|0 fnt\n|-heal|p2a: Scrafty|113/246|[from] drain|[of] p1a: Calyrex\n|faint|p1a: Calyrex\n|\n|-weather|none\n|-heal|p2a: Scrafty|128/246|[from] item: Leftovers\n|upkeep\n|\n|t:|1771220764\n|switch|p1a: Koraidon|Koraidon, L64|235/235\n|-weather|SunnyDay|[from] ability: Orichalcum Pulse|[of] p1a: Koraidon\n|-activate|p1a: Koraidon|Orichalcum Pulse|[source]\n|turn|8\n|\n|t:|1771220769\n|move|p2a: Scrafty|Drain Punch|p1a: Koraidon\n|-damage|p1a: Koraidon|88/235\n|-heal|p2a: Scrafty|202/246|[from] drain|[of] p1a: Koraidon\n|move|p1a: Koraidon|Flare Blitz|p2a: Scrafty\n|-damage|p2a: Scrafty|37/246\n|-damage|p1a: Koraidon|34/235|[from] Recoil\n|\n|-weather|SunnyDay|[upkeep]\n|-heal|p2a: Scrafty|52/246|[from] item: Leftovers\n|upkeep\n|turn|9\n|inactive|bsman997 has 120 seconds left.\n|\n|t:|1771220781\n|switch|p1a: Coalossal|Coalossal, L89, F|341/341\n|move|p2a: Scrafty|Drain Punch|p1a: Coalossal\n|-supereffective|p1a: Coalossal\n|-damage|p1a: Coalossal|113/341\n|-heal|p2a: Scrafty|166/246|[from] drain|[of] p1a: Coalossal\n|-status|p2a: Scrafty|brn|[from] ability: Flame Body|[of] p1a: Coalossal\n|\n|-weather|SunnyDay|[upkeep]\n|-heal|p2a: Scrafty|181/246 brn|[from] item: Leftovers\n|-damage|p2a: Scrafty|166/246 brn|[from] brn\n|upkeep\n|turn|10\n|inactive|bsman997 has 120 seconds left.\n|\n|t:|1771220800\n|move|p2a: Scrafty|Drain Punch|p1a: Coalossal\n|-supereffective|p1a: Coalossal\n|-damage|p1a: Coalossal|0 fnt\n|-heal|p2a: Scrafty|223/246 brn|[from] drain|[of] p1a: Coalossal\n|faint|p1a: Coalossal\n|\n|-weather|SunnyDay|[upkeep]\n|-heal|p2a: Scrafty|238/246 brn|[from] item: Leftovers\n|-damage|p2a: Scrafty|223/246 brn|[from] brn\n|upkeep\n|\n|t:|1771220822\n|switch|p1a: Cinccino|Cinccino, L83, F|260/260\n|turn|11\n|\n|t:|1771220830\n|move|p2a: Scrafty|Knock Off|p1a: Cinccino\n|-damage|p1a: Cinccino|131/260\n|-enditem|p1a: Cinccino|Loaded Dice|[from] move: Knock Off|[of] p2a: Scrafty\n|move|p1a: Cinccino|Tail Slap|p2a: Scrafty\n|-damage|p2a: Scrafty|187/246 brn\n|-damage|p2a: Scrafty|156/246 brn\n|-damage|p2a: Scrafty|125/246 brn\n|-hitcount|p2a: Scrafty|3\n|\n|-weather|SunnyDay|[upkeep]\n|-heal|p2a: Scrafty|140/246 brn|[from] item: Leftovers\n|-damage|p2a: Scrafty|125/246 brn|[from] brn\n|upkeep\n|turn|12\n|\n|t:|1771220844\n|move|p2a: Scrafty|Drain Punch|p1a: Cinccino\n|-supereffective|p1a: Cinccino\n|-damage|p1a: Cinccino|0 fnt\n|-heal|p2a: Scrafty|191/246 brn|[from] drain|[of] p1a: Cinccino\n|faint|p1a: Cinccino\n|\n|-weather|none\n|-heal|p2a: Scrafty|206/246 brn|[from] item: Leftovers\n|-damage|p2a: Scrafty|191/246 brn|[from] brn\n|upkeep\n|\n|t:|1771220853\n|switch|p1a: Chien-Pao|Chien-Pao, L72|234/234\n|-ability|p1a: Chien-Pao|Sword of Ruin\n|turn|13\n|\n|t:|1771220859\n|move|p2a: Scrafty|Drain Punch|p1a: Chien-Pao\n|-supereffective|p1a: Chien-Pao\n|-damage|p1a: Chien-Pao|0 fnt\n|-heal|p2a: Scrafty|246/246 brn|[from] drain|[of] p1a: Chien-Pao\n|faint|p1a: Chien-Pao\n|\n|-damage|p2a: Scrafty|231/246 brn|[from] brn\n|upkeep\n|\n|t:|1771220867\n|switch|p1a: Koraidon|Koraidon, L64|34/235\n|-weather|SunnyDay|[from] ability: Orichalcum Pulse|[of] p1a: Koraidon\n|-activate|p1a: Koraidon|Orichalcum Pulse|[source]\n|turn|14\n|\n|t:|1771220873\n|move|p2a: Scrafty|Drain Punch|p1a: Koraidon\n|-damage|p1a: Koraidon|0 fnt\n|-heal|p2a: Scrafty|246/246 brn|[from] drain|[of] p1a: Koraidon\n|faint|p1a: Koraidon\n|\n|win|tscher\n|raw|bsman997's rating: 1649 &rarr; <strong>1626</strong><br />(-23 for losing)\n|raw|tscher's rating: 1603 &rarr; <strong>1626</strong><br />(+23 for winning)\n|c|☆tscher|gg\n|c|☆bsman997|gg\n", "inputlog": ">version 686819e5e19f8a7fd2345cfc5a08a5085efa2cc3\n>start {\"formatid\":\"gen9randombattle\",\"seed\":\"sodium,25570b86124ff985c7e198f2c75f0516\",\"rated\":\"Rated battle\"}\n>player p1 {\"name\":\"bsman997\",\"avatar\":\"266\",\"rating\":1649,\"seed\":\"sodium,0ee515370fc69b196616b2e720cd301a\"}\n>player p2 {\"name\":\"tscher\",\"avatar\":\"102\",\"rating\":1603,\"seed\":\"sodium,f31edcf6f570849b9249d65e57cd06e2\"}\n>p1 switch 2\n>p2 move superpower\n>p1 move shadowball\n>p2 switch 6\n>p1 switch 4\n>p2 move dragondance\n>p1 move closecombat\n>p2 move dragondance terastallize\n>p1 switch 4\n>p2 move knockoff\n>p1 switch 2\n>p1 move psychic terastallize\n>p2 move drainpunch\n>p1 move gigadrain\n>p2 move drainpunch\n>p1 switch 4\n>p1 move flareblitz\n>p2 move drainpunch\n>p1 switch 3\n>p2 move drainpunch\n>p1 move flamethrower\n>p2 move drainpunch\n>p1 switch 5\n>p1 move tailslap\n>p2 move knockoff\n>p1 move tailslap\n>p2 move drainpunch\n>p1 switch 6\n>p1 move sacredsword\n>p2 move drainpunch\n>p1 switch 3\n>p1 move outrage\n>p2 move drainpunch", "uploadtime": 1771220879, "views": 13, "formatid": "gen9randombattle", "rating": 1626, "private": 0, "password": null}