{"id": "gen9randombattle-2540289872", "format": "[Gen 9] Random Battle", "players": ["oxtepig2020", "Micael Lopes"], "log": "|j|☆oxtepig2020\n|j|☆Micael Lopes\n|t:|1771185106\n|gametype|singles\n|player|p1|oxtepig2020|buck|1701\n|player|p2|Micael Lopes|benga|1750\n|gen|9\n|tier|[Gen 9] Random Battle\n|rated|\n|rule|Species Clause: Limit one of each Pokémon\n|rule|HP Percentage Mod: HP is shown in percentages\n|rule|Sleep Clause Mod: Limit one foe put to sleep\n|rule|Illusion Level Mod: Illusion disguises the Pokémon's true level\n|\n|t:|1771185106\n|teamsize|p1|6\n|teamsize|p2|6\n|start\n|switch|p1a: Torkoal|Torkoal, L88, M|266/266\n|switch|p2a: Misdreavus|Misdreavus, L90, M|254/254\n|-weather|SunnyDay|[from] ability: Drought|[of] p1a: Torkoal\n|turn|1\n|inactive|Battle timer is ON: inactive players will automatically lose when time's up. (requested by Micael Lopes)\n|\n|t:|1771185125\n|switch|p2a: Krookodile|Krookodile, L80, F|283/283\n|-ability|p2a: Krookodile|Intimidate|boost\n|-unboost|p1a: Torkoal|atk|1\n|move|p1a: Torkoal|Yawn|p2a: Krookodile\n|-start|p2a: Krookodile|move: Yawn|[of] p1a: Torkoal\n|\n|-weather|SunnyDay|[upkeep]\n|upkeep\n|turn|2\n|\n|t:|1771185137\n|switch|p1a: Spidops|Spidops, L96, F|271/271\n|move|p2a: Krookodile|Knock Off|p1a: Spidops\n|-damage|p1a: Spidops|172/271\n|-enditem|p1a: Spidops|Heavy-Duty Boots|[from] move: Knock Off|[of] p2a: Krookodile\n|\n|-weather|SunnyDay|[upkeep]\n|-end|p2a: Krookodile|move: Yawn|[silent]\n|-status|p2a: Krookodile|slp\n|upkeep\n|turn|3\n|inactive|Micael Lopes has 120 seconds left.\n|\n|t:|1771185169\n|switch|p2a: Zekrom|Zekrom, L71|259/259\n|-ability|p2a: Zekrom|Teravolt\n|move|p1a: Spidops|Sticky Web|p2a: Zekrom\n|-sidestart|p2: Micael Lopes|move: Sticky Web\n|\n|-weather|SunnyDay|[upkeep]\n|upkeep\n|turn|4\n|\n|t:|1771185181\n|move|p2a: Zekrom|Substitute|p2a: Zekrom\n|-start|p2a: Zekrom|Substitute\n|-damage|p2a: Zekrom|195/259\n|move|p1a: Spidops|U-turn|p2a: Zekrom\n|-end|p2a: Zekrom|Substitute\n|\n|t:|1771185190\n|switch|p1a: Torterra|Torterra, L78, M|276/276|[from] U-turn\n|\n|-weather|SunnyDay|[upkeep]\n|-heal|p2a: Zekrom|211/259|[from] item: Leftovers\n|upkeep\n|turn|5\n|\n|t:|1771185204\n|switch|p2a: Tauros|Tauros-Paldea-Combat, L82, M|257/257\n|-activate|p2a: Tauros|move: Sticky Web\n|-unboost|p2a: Tauros|spe|1\n|-ability|p2a: Tauros|Intimidate|boost\n|-unboost|p1a: Torterra|atk|1\n|move|p1a: Torterra|Shell Smash|p1a: Torterra\n|-unboost|p1a: Torterra|def|1\n|-unboost|p1a: Torterra|spd|1\n|-boost|p1a: Torterra|atk|2\n|-boost|p1a: Torterra|spa|2\n|-boost|p1a: Torterra|spe|2\n|\n|-weather|none\n|upkeep\n|turn|6\n|\n|t:|1771185220\n|switch|p2a: Wyrdeer|Wyrdeer, L87, F|321/321\n|-activate|p2a: Wyrdeer|move: Sticky Web\n|-unboost|p2a: Wyrdeer|spe|1\n|-ability|p2a: Wyrdeer|Intimidate|boost\n|-unboost|p1a: Torterra|atk|1\n|move|p1a: Torterra|Bullet Seed|p2a: Wyrdeer\n|-damage|p2a: Wyrdeer|293/321\n|-damage|p2a: Wyrdeer|260/321\n|-damage|p2a: Wyrdeer|232/321\n|-damage|p2a: Wyrdeer|204/321\n|-hitcount|p2a: Wyrdeer|4\n|\n|upkeep\n|turn|7\n|inactive|Micael Lopes has 120 seconds left.\n|\n|t:|1771185248\n|switch|p1a: Spidops|Spidops, L96, F|172/271\n|move|p2a: Wyrdeer|Megahorn|p1a: Spidops\n|-crit|p1a: Spidops\n|-damage|p1a: Spidops|46/271\n|\n|upkeep\n|turn|8\n|\n|t:|1771185257\n|switch|p2a: Tauros|Tauros-Paldea-Combat, L82, M|257/257\n|-activate|p2a: Tauros|move: Sticky Web\n|-unboost|p2a: Tauros|spe|1\n|-ability|p2a: Tauros|Intimidate|boost\n|-unboost|p1a: Spidops|atk|1\n|move|p1a: Spidops|Spikes|p2a: Tauros\n|-sidestart|p2: Micael Lopes|Spikes\n|\n|upkeep\n|turn|9\n|inactive|Micael Lopes has 120 seconds left.\n|\n|t:|1771185289\n|move|p2a: Tauros|Throat Chop|p1a: Spidops\n|-damage|p1a: Spidops|0 fnt\n|faint|p1a: Spidops\n|-damage|p2a: Tauros|232/257|[from] item: Life Orb\n|\n|upkeep\n|inactive|oxtepig2020 has 120 seconds left.\n|\n|t:|1771185308\n|switch|p1a: Torkoal|Torkoal, L88, M|266/266\n|-weather|SunnyDay|[from] ability: Drought|[of] p1a: Torkoal\n|turn|10\n|inactive|Micael Lopes has 120 seconds left.\n|\n|t:|1771185319\n|switch|p2a: Wyrdeer|Wyrdeer, L87, F|204/321\n|-activate|p2a: Wyrdeer|move: Sticky Web\n|-unboost|p2a: Wyrdeer|spe|1\n|-damage|p2a: Wyrdeer|164/321|[from] Spikes\n|-ability|p2a: Wyrdeer|Intimidate|boost\n|-unboost|p1a: Torkoal|atk|1\n|move|p1a: Torkoal|Fire Blast|p2a: Wyrdeer\n|-damage|p2a: Wyrdeer|32/321\n|\n|-weather|SunnyDay|[upkeep]\n|upkeep\n|turn|11\n|inactive|oxtepig2020 has 120 seconds left.\n|\n|t:|1771185339\n|move|p2a: Wyrdeer|Body Slam|p1a: Torkoal\n|-damage|p1a: Torkoal|203/266\n|move|p1a: Torkoal|Solar Beam||[still]\n|-prepare|p1a: Torkoal|Solar Beam\n|-anim|p1a: Torkoal|Solar Beam|p2a: Wyrdeer\n|-damage|p2a: Wyrdeer|0 fnt\n|faint|p2a: Wyrdeer\n|\n|-weather|SunnyDay|[upkeep]\n|upkeep\n|\n|t:|1771185349\n|switch|p2a: Klefki|Klefki, L84, F|233/233\n|-activate|p2a: Klefki|move: Sticky Web\n|-unboost|p2a: Klefki|spe|1\n|-damage|p2a: Klefki|204/233|[from] Spikes\n|turn|12\n|\n|t:|1771185355\n|-terastallize|p2a: Klefki|Water\n|move|p2a: Klefki|Thunder Wave|p1a: Torkoal\n|-status|p1a: Torkoal|par\n|move|p1a: Torkoal|Fire Blast|p2a: Klefki\n|-resisted|p2a: Klefki\n|-damage|p2a: Klefki|122/233\n|\n|-weather|SunnyDay|[upkeep]\n|-heal|p2a: Klefki|136/233|[from] item: Leftovers\n|upkeep\n|turn|13\n|\n|t:|1771185365\n|move|p2a: Klefki|Spikes|p1a: Torkoal\n|-sidestart|p1: oxtepig2020|Spikes\n|move|p1a: Torkoal|Solar Beam||[still]\n|-prepare|p1a: Torkoal|Solar Beam\n|-anim|p1a: Torkoal|Solar Beam|p2a: Klefki\n|-supereffective|p2a: Klefki\n|-damage|p2a: Klefki|0 fnt\n|faint|p2a: Klefki\n|\n|-weather|SunnyDay|[upkeep]\n|upkeep\n|\n|t:|1771185379\n|switch|p2a: Misdreavus|Misdreavus, L90, M|254/254\n|turn|14\n|\n|t:|1771185406\n|move|p2a: Misdreavus|Calm Mind|p2a: Misdreavus\n|-boost|p2a: Misdreavus|spa|1\n|-boost|p2a: Misdreavus|spd|1\n|move|p1a: Torkoal|Fire Blast|p2a: Misdreavus\n|-damage|p2a: Misdreavus|176/254\n|\n|-weather|none\n|upkeep\n|turn|15\n|inactive|Micael Lopes has 120 seconds left.\n|\n|t:|1771185446\n|move|p2a: Misdreavus|Calm Mind|p2a: Misdreavus\n|-boost|p2a: Misdreavus|spa|1\n|-boost|p2a: Misdreavus|spd|1\n|move|p1a: Torkoal|Fire Blast|p2a: Misdreavus\n|-damage|p2a: Misdreavus|139/254\n|\n|upkeep\n|turn|16\n|\n|t:|1771185453\n|move|p2a: Misdreavus|Calm Mind|p2a: Misdreavus\n|-boost|p2a: Misdreavus|spa|1\n|-boost|p2a: Misdreavus|spd|1\n|cant|p1a: Torkoal|par\n|\n|upkeep\n|turn|17\n|\n|t:|1771185455\n|move|p2a: Misdreavus|Draining Kiss|p1a: Torkoal\n|-resisted|p1a: Torkoal\n|-crit|p1a: Torkoal\n|-damage|p1a: Torkoal|119/266 par\n|-heal|p2a: Misdreavus|202/254|[from] drain|[of] p1a: Torkoal\n|move|p1a: Torkoal|Fire Blast|p2a: Misdreavus\n|-damage|p2a: Misdreavus|169/254\n|\n|upkeep\n|turn|18\n|\n|t:|1771185459\n|move|p2a: Misdreavus|Calm Mind|p2a: Misdreavus\n|-boost|p2a: Misdreavus|spa|1\n|-boost|p2a: Misdreavus|spd|1\n|move|p1a: Torkoal|Fire Blast|p2a: Misdreavus\n|-damage|p2a: Misdreavus|144/254\n|\n|upkeep\n|turn|19\n|\n|t:|1771185462\n|move|p2a: Misdreavus|Calm Mind|p2a: Misdreavus\n|-boost|p2a: Misdreavus|spa|1\n|-boost|p2a: Misdreavus|spd|1\n|move|p1a: Torkoal|Fire Blast|p2a: Misdreavus\n|-damage|p2a: Misdreavus|123/254\n|\n|upkeep\n|turn|20\n|\n|t:|1771185475\n|move|p2a: Misdreavus|Calm Mind|p2a: Misdreavus\n|-boost|p2a: Misdreavus|spa|1\n|-boost|p2a: Misdreavus|spd|1\n|move|p1a: Torkoal|Fire Blast|p2a: Misdreavus\n|-damage|p2a: Misdreavus|104/254\n|\n|upkeep\n|turn|21\n|\n|t:|1771185479\n|move|p2a: Misdreavus|Draining Kiss|p1a: Torkoal\n|-resisted|p1a: Torkoal\n|-damage|p1a: Torkoal|31/266 par\n|-heal|p2a: Misdreavus|170/254|[from] drain|[of] p1a: Torkoal\n|move|p1a: Torkoal|Solar Beam||[still]\n|-prepare|p1a: Torkoal|Solar Beam\n|\n|upkeep\n|turn|22\n|\n|t:|1771185482\n|move|p2a: Misdreavus|Draining Kiss|p1a: Torkoal\n|-resisted|p1a: Torkoal\n|-damage|p1a: Torkoal|0 fnt\n|-heal|p2a: Misdreavus|193/254|[from] drain|[of] p1a: Torkoal\n|faint|p1a: Torkoal\n|\n|upkeep\n|\n|t:|1771185487\n|switch|p1a: Gengar|Gengar, L81, F|230/230\n|-damage|p1a: Gengar|202/230|[from] Spikes\n|turn|23\n|\n|t:|1771185491\n|-terastallize|p1a: Gengar|Ghost\n|move|p1a: Gengar|Shadow Ball|p2a: Misdreavus\n|-supereffective|p2a: Misdreavus\n|-damage|p2a: Misdreavus|131/254\n|-damage|p1a: Gengar|179/230|[from] item: Life Orb\n|move|p2a: Misdreavus|Shadow Ball|p1a: Gengar\n|-supereffective|p1a: Gengar\n|-damage|p1a: Gengar|0 fnt\n|faint|p1a: Gengar\n|\n|upkeep\n|-message|oxtepig2020 forfeited.\n|\n|win|Micael Lopes\n|raw|oxtepig2020's rating: 1701 &rarr; <strong>1683</strong><br />(-18 for losing)\n|raw|Micael Lopes's rating: 1733 &rarr; <strong>1751</strong><br />(+18 for winning)\n|l|☆oxtepig2020\n|player|p1|\n|c|☆Micael Lopes|**__Sexy game.__**\n", "inputlog": ">version 686819e5e19f8a7fd2345cfc5a08a5085efa2cc3\n>start {\"formatid\":\"gen9randombattle\",\"seed\":\"sodium,9e3d65a4bc3a8e0df75423c7bdf94ccc\",\"rated\":\"Rated battle\"}\n>player p1 {\"name\":\"oxtepig2020\",\"avatar\":\"buck\",\"rating\":1701,\"seed\":\"sodium,d4ecb8f79fb3bce19f121382b2479ae2\"}\n>player p2 {\"name\":\"Micael Lopes\",\"avatar\":\"benga\",\"rating\":1750,\"seed\":\"sodium,4d11c57f45a724780c4f950f6aab5477\"}\n>p1 move yawn\n>p2 switch 4\n>p1 switch 4\n>p2 move knockoff\n>p1 move stickyweb\n>p2 switch 3\n>p1 move uturn\n>p2 move substitute\n>p1 switch 3\n>p1 move shellsmash\n>p2 switch 6\n>p1 move bulletseed\n>p2 switch 2\n>p1 switch 3\n>p2 move megahorn\n>p1 move spikes\n>p2 switch 2\n>p1 move uturn\n>p2 move throatchop\n>p1 switch 4\n>p1 move fireblast\n>p2 switch 2\n>p1 move solarbeam\n>p2 move bodyslam\n>p2 switch 5\n>p1 move fireblast\n>p2 move thunderwave terastallize\n>p1 move solarbeam\n>p2 move spikes\n>p2 switch 4\n>p1 move fireblast\n>p2 move calmmind\n>p1 move fireblast\n>p2 move calmmind\n>p1 move fireblast\n>p2 move calmmind\n>p1 move fireblast\n>p2 move drainingkiss\n>p1 move fireblast\n>p2 move calmmind\n>p1 move fireblast\n>p2 move calmmind\n>p1 move fireblast\n>p2 move calmmind\n>p1 move solarbeam\n>p2 move drainingkiss\n>p1 move solarbeam\n>p2 move drainingkiss\n>p1 switch 2\n>p1 move shadowball terastallize\n>p2 move shadowball\n>forcelose p1", "uploadtime": 1771185500, "views": 13, "formatid": "gen9randombattle", "rating": 1683, "private": 0, "password": null}