{"id": "gen9randombattle-2540927144", "format": "[Gen 9] Random Battle", "players": ["j3shyweshy", "fyhgh"], "log": "|j|☆j3shyweshy\n|j|☆fyhgh\n|t:|1771267907\n|gametype|singles\n|player|p1|j3shyweshy|265|1946\n|player|p2|fyhgh|lady-gen4|1994\n|gen|9\n|tier|[Gen 9] Random Battle\n|rated|\n|rule|Species Clause: Limit one of each Pokémon\n|rule|HP Percentage Mod: HP is shown in percentages\n|rule|Sleep Clause Mod: Limit one foe put to sleep\n|rule|Illusion Level Mod: Illusion disguises the Pokémon's true level\n|\n|t:|1771267907\n|teamsize|p1|6\n|teamsize|p2|6\n|start\n|switch|p1a: Jirachi|Jirachi, L80|291/291\n|switch|p2a: Sceptile|Sceptile, L87, F|264/264\n|turn|1\n|inactive|Battle timer is ON: inactive players will automatically lose when time's up. (requested by j3shyweshy)\n|\n|t:|1771267915\n|move|p2a: Sceptile|Swords Dance|p2a: Sceptile\n|-boost|p2a: Sceptile|atk|2\n|move|p1a: Jirachi|U-turn|p2a: Sceptile\n|-supereffective|p2a: Sceptile\n|-damage|p2a: Sceptile|154/264\n|\n|t:|1771267921\n|switch|p1a: Wo-Chien|Wo-Chien, L83|277/277|[from] U-turn\n|-ability|p1a: Wo-Chien|Tablets of Ruin\n|\n|upkeep\n|turn|2\n|\n|t:|1771267930\n|switch|p2a: Articuno|Articuno, L86|295/295\n|-ability|p2a: Articuno|Pressure\n|move|p1a: Wo-Chien|Knock Off|p2a: Articuno\n|-damage|p2a: Articuno|214/295\n|-enditem|p2a: Articuno|Heavy-Duty Boots|[from] move: Knock Off|[of] p1a: Wo-Chien\n|\n|upkeep\n|turn|3\n|\n|t:|1771267940\n|switch|p1a: Jirachi|Jirachi, L80|291/291\n|move|p2a: Articuno|U-turn|p1a: Jirachi\n|-damage|p1a: Jirachi|243/291\n|\n|t:|1771267947\n|switch|p2a: Tropius|Tropius, L91, F|328/328|[from] U-turn\n|\n|-heal|p1a: Jirachi|261/291|[from] item: Leftovers\n|upkeep\n|turn|4\n|inactive|j3shyweshy has 120 seconds left.\n|inactive|j3shyweshy has 90 seconds left.\n|\n|t:|1771268017\n|move|p1a: Jirachi|Iron Head|p2a: Tropius\n|-damage|p2a: Tropius|255/328\n|cant|p2a: Tropius|flinch\n|\n|-heal|p1a: Jirachi|279/291|[from] item: Leftovers\n|upkeep\n|turn|5\n|\n|t:|1771268024\n|move|p1a: Jirachi|Iron Head|p2a: Tropius\n|-damage|p2a: Tropius|176/328\n|cant|p2a: Tropius|flinch\n|\n|-heal|p1a: Jirachi|291/291|[from] item: Leftovers\n|upkeep\n|turn|6\n|inactive|j3shyweshy has 90 seconds left.\n|\n|t:|1771268033\n|switch|p1a: Wo-Chien|Wo-Chien, L83|277/277\n|-ability|p1a: Wo-Chien|Tablets of Ruin\n|move|p2a: Tropius|Leech Seed|p1a: Wo-Chien\n|-immune|p1a: Wo-Chien\n|\n|upkeep\n|turn|7\n|\n|t:|1771268038\n|move|p2a: Tropius|Protect|p2a: Tropius\n|-singleturn|p2a: Tropius|Protect\n|move|p1a: Wo-Chien|Knock Off|p2a: Tropius\n|-activate|p2a: Tropius|move: Protect\n|\n|upkeep\n|turn|8\n|\n|t:|1771268041\n|switch|p2a: Articuno|Articuno, L86|214/295\n|-ability|p2a: Articuno|Pressure\n|move|p1a: Wo-Chien|Knock Off|p2a: Articuno\n|-damage|p2a: Articuno|157/295\n|\n|upkeep\n|turn|9\n|\n|t:|1771268049\n|move|p1a: Wo-Chien|Protect|p1a: Wo-Chien\n|-singleturn|p1a: Wo-Chien|Protect\n|move|p2a: Articuno|Roost|p2a: Articuno\n|-heal|p2a: Articuno|295/295\n|-singleturn|p2a: Articuno|move: Roost\n|\n|upkeep\n|turn|10\n|inactive|j3shyweshy has 120 seconds left.\n|\n|t:|1771268056\n|switch|p1a: Slowking|Slowking-Galar, L85, F|300/300\n|move|p2a: Articuno|U-turn|p1a: Slowking\n|-damage|p1a: Slowking|253/300\n|\n|t:|1771268065\n|switch|p2a: Manaphy|Manaphy, L78|284/284|[from] U-turn\n|\n|upkeep\n|turn|11\n|\n|t:|1771268069\n|move|p2a: Manaphy|Tail Glow|p2a: Manaphy\n|-boost|p2a: Manaphy|spa|3\n|move|p1a: Slowking|Sludge Bomb|p2a: Manaphy\n|-damage|p2a: Manaphy|173/284\n|\n|-heal|p2a: Manaphy|190/284|[from] item: Leftovers\n|upkeep\n|turn|12\n|\n|t:|1771268072\n|move|p2a: Manaphy|Hydro Pump|p1a: Slowking\n|-damage|p1a: Slowking|102/300\n|move|p1a: Slowking|Sludge Bomb|p2a: Manaphy\n|-damage|p2a: Manaphy|76/284\n|-status|p2a: Manaphy|psn\n|\n|-heal|p2a: Manaphy|93/284 psn|[from] item: Leftovers\n|-damage|p2a: Manaphy|58/284 psn|[from] psn\n|upkeep\n|turn|13\n|\n|t:|1771268079\n|switch|p1a: Wo-Chien|Wo-Chien, L83|277/277\n|-ability|p1a: Wo-Chien|Tablets of Ruin\n|move|p2a: Manaphy|Ice Beam|p1a: Wo-Chien\n|-supereffective|p1a: Wo-Chien\n|-damage|p1a: Wo-Chien|61/277\n|\n|-heal|p2a: Manaphy|75/284 psn|[from] item: Leftovers\n|-heal|p1a: Wo-Chien|78/277|[from] item: Leftovers\n|-damage|p2a: Manaphy|40/284 psn|[from] psn\n|upkeep\n|turn|14\n|\n|t:|1771268087\n|move|p1a: Wo-Chien|Protect|p1a: Wo-Chien\n|-singleturn|p1a: Wo-Chien|Protect\n|move|p2a: Manaphy|Ice Beam|p1a: Wo-Chien\n|-activate|p1a: Wo-Chien|move: Protect\n|\n|-heal|p2a: Manaphy|57/284 psn|[from] item: Leftovers\n|-heal|p1a: Wo-Chien|95/277|[from] item: Leftovers\n|-damage|p2a: Manaphy|22/284 psn|[from] psn\n|upkeep\n|turn|15\n|\n|t:|1771268092\n|switch|p1a: Slowking|Slowking-Galar, L85, F|202/300\n|move|p2a: Manaphy|Hydro Pump|p1a: Slowking|[miss]\n|-miss|p2a: Manaphy|p1a: Slowking\n|\n|-heal|p2a: Manaphy|39/284 psn|[from] item: Leftovers\n|-damage|p2a: Manaphy|4/284 psn|[from] psn\n|upkeep\n|turn|16\n|\n|t:|1771268106\n|switch|p1a: Jirachi|Jirachi, L80|291/291\n|move|p2a: Manaphy|Hydro Pump|p1a: Jirachi\n|-damage|p1a: Jirachi|51/291\n|\n|-heal|p1a: Jirachi|69/291|[from] item: Leftovers\n|-heal|p2a: Manaphy|21/284 psn|[from] item: Leftovers\n|-damage|p2a: Manaphy|0 fnt|[from] psn\n|faint|p2a: Manaphy\n|upkeep\n|\n|t:|1771268126\n|switch|p2a: Sceptile|Sceptile, L87, F|154/264\n|turn|17\n|\n|t:|1771268128\n|move|p2a: Sceptile|Swords Dance|p2a: Sceptile\n|-boost|p2a: Sceptile|atk|2\n|move|p1a: Jirachi|Wish|p1a: Jirachi\n|\n|-heal|p1a: Jirachi|87/291|[from] item: Leftovers\n|upkeep\n|turn|18\n|\n|t:|1771268132\n|switch|p1a: Wo-Chien|Wo-Chien, L83|95/277\n|-ability|p1a: Wo-Chien|Tablets of Ruin\n|move|p2a: Sceptile|Swords Dance|p2a: Sceptile\n|-boost|p2a: Sceptile|atk|2\n|\n|-heal|p1a: Wo-Chien|240/277|[from] move: Wish|[wisher] Jirachi\n|-heal|p1a: Wo-Chien|257/277|[from] item: Leftovers\n|upkeep\n|turn|19\n|\n|t:|1771268141\n|move|p2a: Sceptile|Rock Slide|p1a: Wo-Chien\n|-damage|p1a: Wo-Chien|115/277\n|-damage|p2a: Sceptile|128/264|[from] item: Life Orb\n|move|p1a: Wo-Chien|Knock Off|p2a: Sceptile\n|-damage|p2a: Sceptile|26/264\n|-enditem|p2a: Sceptile|Life Orb|[from] move: Knock Off|[of] p1a: Wo-Chien\n|\n|-heal|p1a: Wo-Chien|132/277|[from] item: Leftovers\n|upkeep\n|turn|20\n|\n|t:|1771268152\n|switch|p1a: Slowking|Slowking-Galar, L85, F|300/300\n|move|p2a: Sceptile|Rock Slide|p1a: Slowking|[miss]\n|-miss|p2a: Sceptile|p1a: Slowking\n|\n|upkeep\n|turn|21\n|\n|t:|1771268156\n|switch|p1a: Wo-Chien|Wo-Chien, L83|132/277\n|-ability|p1a: Wo-Chien|Tablets of Ruin\n|move|p2a: Sceptile|Earthquake|p1a: Wo-Chien\n|-resisted|p1a: Wo-Chien\n|-damage|p1a: Wo-Chien|66/277\n|\n|-heal|p1a: Wo-Chien|83/277|[from] item: Leftovers\n|upkeep\n|turn|22\n|\n|t:|1771268172\n|move|p2a: Sceptile|Rock Slide|p1a: Wo-Chien\n|-damage|p1a: Wo-Chien|0 fnt\n|faint|p1a: Wo-Chien\n|\n|upkeep\n|\n|t:|1771268178\n|switch|p1a: Zapdos|Zapdos-Galar, L77|265/265\n|turn|23\n|\n|t:|1771268181\n|move|p2a: Sceptile|Rock Slide|p1a: Zapdos\n|-damage|p1a: Zapdos|92/265\n|cant|p1a: Zapdos|flinch\n|\n|upkeep\n|turn|24\n|\n|t:|1771268188\n|-terastallize|p1a: Zapdos|Fighting\n|move|p2a: Sceptile|Rock Slide|p1a: Zapdos\n|-resisted|p1a: Zapdos\n|-damage|p1a: Zapdos|4/265\n|move|p1a: Zapdos|U-turn|p2a: Sceptile\n|-supereffective|p2a: Sceptile\n|-damage|p2a: Sceptile|0 fnt\n|faint|p2a: Sceptile\n|\n|t:|1771268199\n|switch|p1a: Jirachi|Jirachi, L80|87/291|[from] U-turn\n|\n|-heal|p1a: Jirachi|105/291|[from] item: Leftovers\n|upkeep\n|\n|t:|1771268206\n|switch|p2a: Tatsugiri|Tatsugiri, L87, F|260/260\n|turn|25\n|\n|t:|1771268217\n|switch|p1a: Articuno|Articuno, L86|295/295\n|-ability|p1a: Articuno|Pressure\n|move|p2a: Tatsugiri|Rapid Spin|p1a: Articuno\n|-damage|p1a: Articuno|273/295\n|-boost|p2a: Tatsugiri|spe|1\n|\n|upkeep\n|turn|26\n|\n|t:|1771268224\n|switch|p2a: Articuno|Articuno, L86|295/295\n|-ability|p2a: Articuno|Pressure\n|move|p1a: Articuno|Freeze-Dry|p2a: Articuno\n|-damage|p2a: Articuno|237/295\n|\n|upkeep\n|turn|27\n|\n|t:|1771268229\n|switch|p1a: Slowking|Slowking-Galar, L85, F|300/300\n|move|p2a: Articuno|Freeze-Dry|p1a: Slowking\n|-damage|p1a: Slowking|260/300\n|\n|upkeep\n|turn|28\n|\n|t:|1771268235\n|move|p2a: Articuno|Brave Bird|p1a: Slowking\n|-damage|p1a: Slowking|131/300\n|-damage|p2a: Articuno|194/295|[from] Recoil\n|move|p1a: Slowking|Sludge Bomb|p2a: Articuno\n|-damage|p2a: Articuno|110/295\n|\n|upkeep\n|turn|29\n|\n|t:|1771268242\n|move|p2a: Articuno|Brave Bird|p1a: Slowking\n|-damage|p1a: Slowking|0 fnt\n|faint|p1a: Slowking\n|-damage|p2a: Articuno|67/295|[from] Recoil\n|\n|upkeep\n|\n|t:|1771268247\n|switch|p1a: Jirachi|Jirachi, L80|105/291\n|turn|30\n|\n|t:|1771268254\n|switch|p2a: Tropius|Tropius, L91, F|176/328\n|move|p1a: Jirachi|Wish|p1a: Jirachi\n|\n|-heal|p1a: Jirachi|123/291|[from] item: Leftovers\n|upkeep\n|turn|31\n|\n|t:|1771268262\n|switch|p1a: Zapdos|Zapdos-Galar, L77, tera:Fighting|4/265\n|move|p2a: Tropius|Leech Seed|p1a: Zapdos\n|-start|p1a: Zapdos|move: Leech Seed\n|\n|-heal|p1a: Zapdos|149/265|[from] move: Wish|[wisher] Jirachi\n|-damage|p1a: Zapdos|116/265|[from] Leech Seed|[of] p2a: Tropius\n|-heal|p2a: Tropius|209/328|[silent]\n|upkeep\n|turn|32\n|\n|t:|1771268270\n|switch|p1a: Jirachi|Jirachi, L80|123/291\n|move|p2a: Tropius|Protect||[still]\n|-fail|p2a: Tropius\n|\n|-heal|p1a: Jirachi|141/291|[from] item: Leftovers\n|upkeep\n|turn|33\n|\n|t:|1771268274\n|move|p1a: Jirachi|Wish|p1a: Jirachi\n|move|p2a: Tropius|Leech Seed|p1a: Jirachi\n|-start|p1a: Jirachi|move: Leech Seed\n|\n|-heal|p1a: Jirachi|159/291|[from] item: Leftovers\n|-damage|p1a: Jirachi|123/291|[from] Leech Seed|[of] p2a: Tropius\n|-heal|p2a: Tropius|245/328|[silent]\n|upkeep\n|turn|34\n|\n|t:|1771268283\n|move|p1a: Jirachi|Protect|p1a: Jirachi\n|-singleturn|p1a: Jirachi|Protect\n|move|p2a: Tropius|Substitute|p2a: Tropius\n|-start|p2a: Tropius|Substitute\n|-damage|p2a: Tropius|163/328\n|-enditem|p2a: Tropius|Sitrus Berry|[eat]\n|-heal|p2a: Tropius|245/328|[from] item: Sitrus Berry\n|\n|-heal|p1a: Jirachi|268/291|[from] move: Wish|[wisher] Jirachi\n|-heal|p1a: Jirachi|286/291|[from] item: Leftovers\n|-damage|p1a: Jirachi|250/291|[from] Leech Seed|[of] p2a: Tropius\n|-heal|p2a: Tropius|281/328|[silent]\n|-item|p2a: Tropius|Sitrus Berry|[from] ability: Harvest\n|upkeep\n|turn|35\n|\n|t:|1771268288\n|move|p1a: Jirachi|Wish|p1a: Jirachi\n|move|p2a: Tropius|Air Slash|p1a: Jirachi\n|-resisted|p1a: Jirachi\n|-damage|p1a: Jirachi|214/291\n|\n|-heal|p1a: Jirachi|232/291|[from] item: Leftovers\n|-damage|p1a: Jirachi|196/291|[from] Leech Seed|[of] p2a: Tropius\n|-heal|p2a: Tropius|317/328|[silent]\n|upkeep\n|turn|36\n|\n|t:|1771268294\n|move|p1a: Jirachi|Iron Head|p2a: Tropius\n|-activate|p2a: Tropius|move: Substitute|[damage]\n|move|p2a: Tropius|Substitute|p2a: Tropius\n|-fail|p2a: Tropius|move: Substitute\n|\n|-heal|p1a: Jirachi|291/291|[from] move: Wish|[wisher] Jirachi\n|-damage|p1a: Jirachi|255/291|[from] Leech Seed|[of] p2a: Tropius\n|-heal|p2a: Tropius|328/328|[silent]\n|upkeep\n|turn|37\n|\n|t:|1771268301\n|move|p1a: Jirachi|Wish|p1a: Jirachi\n|move|p2a: Tropius|Leech Seed||[still]\n|-fail|p2a: Tropius\n|\n|-heal|p1a: Jirachi|273/291|[from] item: Leftovers\n|-damage|p1a: Jirachi|237/291|[from] Leech Seed|[of] p2a: Tropius\n|upkeep\n|turn|38\n|\n|t:|1771268306\n|move|p1a: Jirachi|U-turn|p2a: Tropius\n|-end|p2a: Tropius|Substitute\n|\n|t:|1771268308\n|switch|p1a: Zapdos|Zapdos-Galar, L77, tera:Fighting|116/265|[from] U-turn\n|move|p2a: Tropius|Air Slash|p1a: Zapdos\n|-supereffective|p1a: Zapdos\n|-damage|p1a: Zapdos|0 fnt\n|faint|p1a: Zapdos\n|\n|upkeep\n|\n|t:|1771268317\n|switch|p1a: Diancie|Diancie, L82|216/216\n|turn|39\n|\n|t:|1771268321\n|move|p2a: Tropius|Leech Seed|p1a: Diancie\n|-start|p1a: Diancie|move: Leech Seed\n|move|p1a: Diancie|Diamond Storm|p2a: Tropius\n|-supereffective|p2a: Tropius\n|-damage|p2a: Tropius|142/328\n|-boost|p1a: Diancie|def|2\n|-enditem|p2a: Tropius|Sitrus Berry|[eat]\n|-heal|p2a: Tropius|224/328|[from] item: Sitrus Berry\n|\n|-damage|p1a: Diancie|189/216|[from] Leech Seed|[of] p2a: Tropius\n|-heal|p2a: Tropius|251/328|[silent]\n|upkeep\n|turn|40\n|\n|t:|1771268333\n|move|p2a: Tropius|Substitute|p2a: Tropius\n|-start|p2a: Tropius|Substitute\n|-damage|p2a: Tropius|169/328\n|move|p1a: Diancie|Diamond Storm|p2a: Tropius\n|-supereffective|p2a: Tropius\n|-crit|p2a: Tropius\n|-end|p2a: Tropius|Substitute\n|\n|-damage|p1a: Diancie|162/216|[from] Leech Seed|[of] p2a: Tropius\n|-heal|p2a: Tropius|196/328|[silent]\n|-item|p2a: Tropius|Sitrus Berry|[from] ability: Harvest\n|upkeep\n|turn|41\n|\n|t:|1771268336\n|move|p2a: Tropius|Protect|p2a: Tropius\n|-singleturn|p2a: Tropius|Protect\n|move|p1a: Diancie|Diamond Storm|p2a: Tropius\n|-activate|p2a: Tropius|move: Protect\n|\n|-damage|p1a: Diancie|135/216|[from] Leech Seed|[of] p2a: Tropius\n|-heal|p2a: Tropius|223/328|[silent]\n|upkeep\n|turn|42\n|\n|t:|1771268343\n|move|p2a: Tropius|Air Slash|p1a: Diancie\n|-resisted|p1a: Diancie\n|-crit|p1a: Diancie\n|-damage|p1a: Diancie|110/216\n|move|p1a: Diancie|Diamond Storm|p2a: Tropius\n|-supereffective|p2a: Tropius\n|-damage|p2a: Tropius|31/328\n|-boost|p1a: Diancie|def|2\n|-enditem|p2a: Tropius|Sitrus Berry|[eat]\n|-heal|p2a: Tropius|113/328|[from] item: Sitrus Berry\n|\n|-damage|p1a: Diancie|83/216|[from] Leech Seed|[of] p2a: Tropius\n|-heal|p2a: Tropius|140/328|[silent]\n|-item|p2a: Tropius|Sitrus Berry|[from] ability: Harvest\n|upkeep\n|-enditem|p2a: Tropius|Sitrus Berry|[eat]\n|-heal|p2a: Tropius|222/328|[from] item: Sitrus Berry\n|turn|43\n|\n|t:|1771268355\n|move|p2a: Tropius|Substitute|p2a: Tropius\n|-start|p2a: Tropius|Substitute\n|-damage|p2a: Tropius|140/328\n|move|p1a: Diancie|Body Press|p2a: Tropius\n|-resisted|p2a: Tropius\n|-end|p2a: Tropius|Substitute\n|\n|-damage|p1a: Diancie|56/216|[from] Leech Seed|[of] p2a: Tropius\n|-heal|p2a: Tropius|167/328|[silent]\n|upkeep\n|turn|44\n|\n|t:|1771268360\n|switch|p1a: Jirachi|Jirachi, L80|237/291\n|move|p2a: Tropius|Protect||[still]\n|-fail|p2a: Tropius\n|\n|-heal|p1a: Jirachi|255/291|[from] item: Leftovers\n|-item|p2a: Tropius|Sitrus Berry|[from] ability: Harvest\n|upkeep\n|turn|45\n|\n|t:|1771268363\n|move|p1a: Jirachi|Wish|p1a: Jirachi\n|move|p2a: Tropius|Leech Seed|p1a: Jirachi\n|-start|p1a: Jirachi|move: Leech Seed\n|\n|-heal|p1a: Jirachi|273/291|[from] item: Leftovers\n|-damage|p1a: Jirachi|237/291|[from] Leech Seed|[of] p2a: Tropius\n|-heal|p2a: Tropius|203/328|[silent]\n|upkeep\n|turn|46\n|\n|t:|1771268371\n|switch|p1a: Diancie|Diancie, L82|56/216\n|switch|p2a: Tatsugiri|Tatsugiri, L87, F|260/260\n|\n|-heal|p1a: Diancie|201/216|[from] move: Wish|[wisher] Jirachi\n|upkeep\n|turn|47\n|\n|t:|1771268380\n|-terastallize|p2a: Tatsugiri|Water\n|move|p2a: Tatsugiri|Surf|p1a: Diancie\n|-supereffective|p1a: Diancie\n|-damage|p1a: Diancie|41/216\n|move|p1a: Diancie|Moonblast|p2a: Tatsugiri\n|-damage|p2a: Tatsugiri|169/260\n|\n|upkeep\n|turn|48\n|\n|t:|1771268387\n|switch|p1a: Articuno|Articuno, L86|273/295\n|-ability|p1a: Articuno|Pressure\n|move|p2a: Tatsugiri|Rapid Spin|p1a: Articuno\n|-damage|p1a: Articuno|252/295\n|-boost|p2a: Tatsugiri|spe|1\n|\n|upkeep\n|turn|49\n|\n|t:|1771268392\n|switch|p1a: Jirachi|Jirachi, L80|237/291\n|move|p2a: Tatsugiri|Nasty Plot|p2a: Tatsugiri\n|-boost|p2a: Tatsugiri|spa|2\n|\n|-heal|p1a: Jirachi|255/291|[from] item: Leftovers\n|upkeep\n|turn|50\n|\n|t:|1771268400\n|move|p2a: Tatsugiri|Surf|p1a: Jirachi\n|-damage|p1a: Jirachi|0 fnt\n|faint|p1a: Jirachi\n|\n|upkeep\n|-message|j3shyweshy forfeited.\n|\n|win|fyhgh\n|raw|j3shyweshy's rating: 1946 &rarr; <strong>1929</strong><br />(-17 for losing)\n|raw|fyhgh's rating: 1994 &rarr; <strong>2011</strong><br />(+17 for winning)\n|l|☆j3shyweshy\n|player|p1|\n", "inputlog": ">version 686819e5e19f8a7fd2345cfc5a08a5085efa2cc3\n>start {\"formatid\":\"gen9randombattle\",\"seed\":\"sodium,664b591ba3c47f489692aed63234c434\",\"rated\":\"Rated battle\"}\n>player p1 {\"name\":\"j3shyweshy\",\"avatar\":\"265\",\"rating\":1946,\"seed\":\"sodium,dbd95efe9ba8d42713e6ba64b5a2d203\"}\n>player p2 {\"name\":\"fyhgh\",\"avatar\":\"lady-gen4\",\"rating\":1994,\"seed\":\"sodium,205d4c494c686530dbedc97ffa3c5e08\"}\n>p1 move uturn\n>p2 move swordsdance\n>p1 switch 5\n>p1 move knockoff\n>p2 switch 4\n>p1 switch 5\n>p2 move uturn\n>p2 switch 6\n>p1 move ironhead\n>p2 move substitute\n>p1 move ironhead\n>p2 move substitute\n>p1 switch 5\n>p2 move leechseed\n>p1 move knockoff\n>p2 move protect\n>p1 move knockoff\n>p2 switch 6\n>p1 move protect\n>p2 move roost\n>p1 switch 4\n>p2 move uturn\n>p2 switch 2\n>p1 move sludgebomb\n>p2 move tailglow\n>p1 move sludgebomb\n>p2 move hydropump\n>p1 switch 4\n>p2 move icebeam\n>p1 move protect\n>p2 move icebeam\n>p1 switch 4\n>p2 move hydropump\n>p1 switch 5\n>p2 move hydropump\n>p2 switch 4\n>p1 move wish\n>p2 move swordsdance\n>p1 switch 4\n>p2 move swordsdance\n>p1 move knockoff\n>p2 move rockslide\n>p1 switch 5\n>p2 move rockslide\n>p1 switch 5\n>p2 move earthquake\n>p1 move knockoff\n>p2 move rockslide\n>p1 switch 6\n>p1 move uturn\n>p2 move rockslide\n>p1 move uturn terastallize\n>p2 move rockslide\n>p1 switch 4\n>p2 switch 5\n>p1 switch 2\n>p2 move rapidspin\n>p1 move freezedry\n>p2 switch 2\n>p1 switch 5\n>p2 move freezedry\n>p1 move sludgebomb\n>p2 move bravebird\n>p1 move fireblast\n>p2 move bravebird\n>p1 switch 2\n>p1 move wish\n>p2 switch 6\n>p1 switch 4\n>p2 move leechseed\n>p1 switch 4\n>p2 move protect\n>p1 move wish\n>p2 move leechseed\n>p1 move protect\n>p2 move substitute\n>p1 move wish\n>p2 move airslash\n>p1 move ironhead\n>p2 move substitute\n>p1 move wish\n>p2 move leechseed\n>p1 move uturn\n>p2 move airslash\n>p1 switch 4\n>p1 switch 3\n>p1 move diamondstorm\n>p2 move leechseed\n>p1 move diamondstorm\n>p2 move substitute\n>p1 move diamondstorm\n>p2 move protect\n>p1 move diamondstorm\n>p2 move airslash\n>p1 move bodypress\n>p2 move substitute\n>p1 switch 4\n>p2 move protect\n>p1 move wish\n>p2 move leechseed\n>p1 switch 4\n>p2 switch 2\n>p1 move moonblast\n>p2 move surf terastallize\n>p1 switch 5\n>p2 move rapidspin\n>p1 switch 4\n>p2 move nastyplot\n>p1 move uturn\n>p2 move surf\n>forcelose p1", "uploadtime": 1771268507, "views": 7, "formatid": "gen9randombattle", "rating": 1929, "private": 0, "password": null}