{"id": "gen9randombattle-2540835220", "format": "[Gen 9] Random Battle", "players": ["becca black", "papascrumpets"], "log": "|j|☆becca black\n|j|☆papascrumpets\n|t:|1771258953\n|gametype|singles\n|player|p1|becca black|dawn-gen4pt|1647\n|player|p2|papascrumpets|twins-gen4dp|1608\n|gen|9\n|tier|[Gen 9] Random Battle\n|rated|\n|rule|Species Clause: Limit one of each Pokémon\n|rule|HP Percentage Mod: HP is shown in percentages\n|rule|Sleep Clause Mod: Limit one foe put to sleep\n|rule|Illusion Level Mod: Illusion disguises the Pokémon's true level\n|\n|t:|1771258953\n|teamsize|p1|6\n|teamsize|p2|6\n|start\n|switch|p1a: Abomasnow|Abomasnow, L84, F|287/287\n|switch|p2a: Gurdurr|Gurdurr, L85, M|283/283\n|-weather|Snowscape|[from] ability: Snow Warning|[of] p1a: Abomasnow\n|turn|1\n|inactive|Battle timer is ON: inactive players will automatically lose when time's up. (requested by becca black)\n|\n|t:|1771258960\n|move|p1a: Abomasnow|Aurora Veil|p1a: Abomasnow\n|-sidestart|p1: becca black|move: Aurora Veil\n|move|p2a: Gurdurr|Knock Off|p1a: Abomasnow\n|-crit|p1a: Abomasnow\n|-damage|p1a: Abomasnow|195/287\n|-enditem|p1a: Abomasnow|Light Clay|[from] move: Knock Off|[of] p2a: Gurdurr\n|\n|-weather|Snowscape|[upkeep]\n|upkeep\n|turn|2\n|\n|t:|1771258970\n|switch|p1a: Toucannon|Toucannon, L88, M|284/284\n|move|p2a: Gurdurr|Drain Punch|p1a: Toucannon\n|-damage|p1a: Toucannon|238/284\n|\n|-weather|Snowscape|[upkeep]\n|upkeep\n|turn|3\n|\n|t:|1771258975\n|-singleturn|p1a: Toucannon|move: Beak Blast\n|move|p2a: Gurdurr|Knock Off|p1a: Toucannon\n|-damage|p1a: Toucannon|194/284\n|-status|p2a: Gurdurr|brn\n|-enditem|p1a: Toucannon|Heavy-Duty Boots|[from] move: Knock Off|[of] p2a: Gurdurr\n|move|p1a: Toucannon|Beak Blast|p2a: Gurdurr\n|-supereffective|p2a: Gurdurr\n|-damage|p2a: Gurdurr|101/283 brn\n|\n|-weather|Snowscape|[upkeep]\n|-damage|p2a: Gurdurr|84/283 brn|[from] brn\n|upkeep\n|turn|4\n|\n|t:|1771258987\n|switch|p2a: Wyrdeer|Wyrdeer, L87, F|321/321\n|-ability|p2a: Wyrdeer|Intimidate|boost\n|-unboost|p1a: Toucannon|atk|1\n|move|p1a: Toucannon|Boomburst|p2a: Wyrdeer\n|-damage|p2a: Wyrdeer|185/321\n|\n|-weather|Snowscape|[upkeep]\n|-heal|p2a: Wyrdeer|205/321|[from] item: Leftovers\n|upkeep\n|turn|5\n|\n|t:|1771258993\n|move|p2a: Wyrdeer|Thunder Wave|p1a: Toucannon\n|-status|p1a: Toucannon|par\n|move|p1a: Toucannon|Boomburst|p2a: Wyrdeer\n|-damage|p2a: Wyrdeer|70/321\n|\n|-weather|none\n|-heal|p2a: Wyrdeer|90/321|[from] item: Leftovers\n|upkeep\n|turn|6\n|\n|t:|1771258999\n|switch|p2a: Alomomola|Alomomola, L87, F|429/429\n|cant|p1a: Toucannon|par\n|\n|upkeep\n|turn|7\n|\n|t:|1771259004\n|move|p2a: Alomomola|Wish|p2a: Alomomola\n|cant|p1a: Toucannon|par\n|\n|upkeep\n|turn|8\n|\n|t:|1771259007\n|move|p2a: Alomomola|Scald|p1a: Toucannon\n|-damage|p1a: Toucannon|170/284 par\n|cant|p1a: Toucannon|par\n|\n|-sideend|p1: becca black|move: Aurora Veil\n|upkeep\n|turn|9\n|\n|t:|1771259012\n|move|p2a: Alomomola|Scald|p1a: Toucannon\n|-damage|p1a: Toucannon|115/284 par\n|move|p1a: Toucannon|U-turn|p2a: Alomomola\n|-crit|p2a: Alomomola\n|-damage|p2a: Alomomola|332/429\n|\n|t:|1771259016\n|switch|p1a: Vaporeon|Vaporeon, L86, F|364/364|[from] U-turn\n|\n|-heal|p2a: Alomomola|358/429|[from] item: Leftovers\n|upkeep\n|turn|10\n|\n|t:|1771259018\n|move|p2a: Alomomola|Wish|p2a: Alomomola\n|move|p1a: Vaporeon|Scald|p2a: Alomomola\n|-resisted|p2a: Alomomola\n|-damage|p2a: Alomomola|283/429\n|\n|-heal|p2a: Alomomola|309/429|[from] item: Leftovers\n|upkeep\n|turn|11\n|\n|t:|1771259024\n|switch|p2a: Gurdurr|Gurdurr, L85, M|84/283 brn\n|move|p1a: Vaporeon|Scald|p2a: Gurdurr\n|-damage|p2a: Gurdurr|0 fnt\n|faint|p2a: Gurdurr\n|\n|upkeep\n|\n|t:|1771259031\n|switch|p2a: Wyrdeer|Wyrdeer, L87, F|90/321\n|-ability|p2a: Wyrdeer|Intimidate|boost\n|-unboost|p1a: Vaporeon|atk|1\n|turn|12\n|\n|t:|1771259034\n|move|p1a: Vaporeon|Protect|p1a: Vaporeon\n|-singleturn|p1a: Vaporeon|Protect\n|move|p2a: Wyrdeer|Thunder Wave|p1a: Vaporeon\n|-activate|p1a: Vaporeon|move: Protect\n|\n|-heal|p2a: Wyrdeer|110/321|[from] item: Leftovers\n|upkeep\n|turn|13\n|\n|t:|1771259040\n|-terastallize|p1a: Vaporeon|Ground\n|move|p2a: Wyrdeer|Thunder Wave|p1a: Vaporeon\n|-immune|p1a: Vaporeon\n|move|p1a: Vaporeon|Scald|p2a: Wyrdeer\n|-damage|p2a: Wyrdeer|0 fnt\n|faint|p2a: Wyrdeer\n|\n|upkeep\n|\n|t:|1771259043\n|switch|p2a: Amoonguss|Amoonguss, L82, F|321/321\n|turn|14\n|\n|t:|1771259054\n|switch|p1a: Abomasnow|Abomasnow, L84, F|195/287\n|-weather|Snowscape|[from] ability: Snow Warning|[of] p1a: Abomasnow\n|move|p2a: Amoonguss|Sludge Bomb|p1a: Abomasnow\n|-supereffective|p1a: Abomasnow\n|-damage|p1a: Abomasnow|27/287\n|-status|p1a: Abomasnow|psn\n|\n|-weather|Snowscape|[upkeep]\n|-damage|p1a: Abomasnow|0 fnt|[from] psn\n|faint|p1a: Abomasnow\n|upkeep\n|\n|t:|1771259059\n|switch|p1a: Beartic|Beartic, L91, F|321/321\n|turn|15\n|\n|t:|1771259063\n|switch|p2a: Alomomola|Alomomola, L87, F|429/429\n|move|p1a: Beartic|Swords Dance|p1a: Beartic\n|-boost|p1a: Beartic|atk|2\n|\n|-weather|Snowscape|[upkeep]\n|upkeep\n|turn|16\n|\n|t:|1771259067\n|switch|p1a: Vaporeon|Vaporeon, L86, F, tera:Ground|364/364\n|move|p2a: Alomomola|Scald|p1a: Vaporeon\n|-immune|p1a: Vaporeon|[from] ability: Water Absorb\n|\n|-weather|Snowscape|[upkeep]\n|upkeep\n|turn|17\n|\n|t:|1771259070\n|switch|p2a: Amoonguss|Amoonguss, L82, F|321/321\n|move|p1a: Vaporeon|Scald|p2a: Amoonguss\n|-resisted|p2a: Amoonguss\n|-damage|p2a: Amoonguss|269/321\n|\n|-weather|Snowscape|[upkeep]\n|-heal|p2a: Amoonguss|289/321|[from] item: Leftovers\n|upkeep\n|turn|18\n|\n|t:|1771259079\n|switch|p1a: Toucannon|Toucannon, L88, M|115/284 par\n|move|p2a: Amoonguss|Spore||[still]\n|-fail|p2a: Amoonguss\n|\n|-weather|none\n|-heal|p2a: Amoonguss|309/321|[from] item: Leftovers\n|upkeep\n|turn|19\n|\n|t:|1771259084\n|switch|p2a: Alomomola|Alomomola, L87, F|429/429\n|-singleturn|p1a: Toucannon|move: Beak Blast\n|move|p1a: Toucannon|Beak Blast|p2a: Alomomola\n|-damage|p2a: Alomomola|278/429\n|\n|-heal|p2a: Alomomola|304/429|[from] item: Leftovers\n|upkeep\n|turn|20\n|\n|t:|1771259091\n|move|p2a: Alomomola|Wish|p2a: Alomomola\n|move|p1a: Toucannon|U-turn|p2a: Alomomola\n|-damage|p2a: Alomomola|234/429\n|\n|t:|1771259095\n|switch|p1a: Bellibolt|Bellibolt, L84, F|320/320|[from] U-turn\n|\n|-heal|p2a: Alomomola|260/429|[from] item: Leftovers\n|upkeep\n|turn|21\n|\n|t:|1771259105\n|move|p2a: Alomomola|Protect|p2a: Alomomola\n|-singleturn|p2a: Alomomola|Protect\n|move|p1a: Bellibolt|Thunderbolt|p2a: Alomomola\n|-activate|p2a: Alomomola|move: Protect\n|\n|-heal|p2a: Alomomola|429/429|[from] move: Wish|[wisher] Alomomola\n|upkeep\n|turn|22\n|\n|t:|1771259107\n|switch|p2a: Amoonguss|Amoonguss, L82, F|321/321\n|move|p1a: Bellibolt|Toxic|p2a: Amoonguss\n|-immune|p2a: Amoonguss\n|\n|upkeep\n|turn|23\n|\n|t:|1771259114\n|switch|p1a: Beartic|Beartic, L91, F|321/321\n|move|p2a: Amoonguss|Toxic|p1a: Beartic\n|-status|p1a: Beartic|tox\n|\n|-damage|p1a: Beartic|301/321 tox|[from] psn\n|upkeep\n|turn|24\n|\n|t:|1771259123\n|switch|p1a: Bellibolt|Bellibolt, L84, F|320/320\n|switch|p2a: Alomomola|Alomomola, L87, F|429/429\n|\n|upkeep\n|turn|25\n|\n|t:|1771259126\n|move|p2a: Alomomola|Wish|p2a: Alomomola\n|move|p1a: Bellibolt|Toxic|p2a: Alomomola\n|-status|p2a: Alomomola|tox\n|\n|-damage|p2a: Alomomola|403/429 tox|[from] psn\n|upkeep\n|turn|26\n|\n|t:|1771259131\n|switch|p2a: Amoonguss|Amoonguss, L82, F|321/321\n|move|p1a: Bellibolt|Thunderbolt|p2a: Amoonguss\n|-resisted|p2a: Amoonguss\n|-damage|p2a: Amoonguss|270/321\n|\n|-heal|p2a: Amoonguss|321/321|[from] move: Wish|[wisher] Alomomola\n|upkeep\n|turn|27\n|\n|t:|1771259136\n|switch|p1a: Toucannon|Toucannon, L88, M|115/284 par\n|move|p2a: Amoonguss|Toxic||[still]\n|-fail|p2a: Amoonguss\n|\n|upkeep\n|turn|28\n|\n|t:|1771259144\n|switch|p2a: Alomomola|Alomomola, L87, F|429/429 tox\n|move|p1a: Toucannon|Roost|p1a: Toucannon\n|-heal|p1a: Toucannon|257/284 par\n|-singleturn|p1a: Toucannon|move: Roost\n|\n|-damage|p2a: Alomomola|403/429 tox|[from] psn\n|upkeep\n|turn|29\n|\n|t:|1771259151\n|-singleturn|p1a: Toucannon|move: Beak Blast\n|move|p2a: Alomomola|Wish|p2a: Alomomola\n|move|p1a: Toucannon|Beak Blast|p2a: Alomomola\n|-damage|p2a: Alomomola|267/429 tox\n|\n|-heal|p2a: Alomomola|293/429 tox|[from] item: Leftovers\n|-damage|p2a: Alomomola|241/429 tox|[from] psn\n|upkeep\n|turn|30\n|\n|t:|1771259158\n|switch|p2a: Bombirdier|Bombirdier, L85, M|258/258\n|-singleturn|p1a: Toucannon|move: Beak Blast\n|move|p1a: Toucannon|Beak Blast|p2a: Bombirdier\n|-damage|p2a: Bombirdier|110/258\n|\n|-heal|p2a: Bombirdier|258/258|[from] move: Wish|[wisher] Alomomola\n|upkeep\n|turn|31\n|\n|t:|1771259164\n|-terastallize|p2a: Bombirdier|Rock\n|-singleturn|p1a: Toucannon|move: Beak Blast\n|move|p2a: Bombirdier|Stone Edge|p1a: Toucannon\n|-supereffective|p1a: Toucannon\n|-damage|p1a: Toucannon|0 fnt\n|faint|p1a: Toucannon\n|\n|upkeep\n|\n|t:|1771259171\n|switch|p1a: Vaporeon|Vaporeon, L86, F, tera:Ground|364/364\n|turn|32\n|\n|t:|1771259174\n|switch|p2a: Amoonguss|Amoonguss, L82, F|321/321\n|move|p1a: Vaporeon|Ice Beam|p2a: Amoonguss\n|-supereffective|p2a: Amoonguss\n|-damage|p2a: Amoonguss|145/321\n|\n|-heal|p2a: Amoonguss|165/321|[from] item: Leftovers\n|upkeep\n|turn|33\n|\n|t:|1771259177\n|move|p1a: Vaporeon|Ice Beam|p2a: Amoonguss\n|-supereffective|p2a: Amoonguss\n|-damage|p2a: Amoonguss|0 fnt\n|faint|p2a: Amoonguss\n|\n|upkeep\n|\n|t:|1771259187\n|switch|p2a: Bombirdier|Bombirdier, L85, M, tera:Rock|258/258\n|turn|34\n|\n|t:|1771259191\n|move|p1a: Vaporeon|Protect|p1a: Vaporeon\n|-singleturn|p1a: Vaporeon|Protect\n|move|p2a: Bombirdier|Brave Bird|p1a: Vaporeon\n|-activate|p1a: Vaporeon|move: Protect\n|\n|upkeep\n|turn|35\n|\n|t:|1771259197\n|move|p2a: Bombirdier|Brave Bird|p1a: Vaporeon\n|-damage|p1a: Vaporeon|109/364\n|-damage|p2a: Bombirdier|174/258|[from] Recoil\n|move|p1a: Vaporeon|Wish|p1a: Vaporeon\n|\n|-heal|p1a: Vaporeon|131/364|[from] item: Leftovers\n|upkeep\n|turn|36\n|\n|t:|1771259204\n|move|p1a: Vaporeon|Protect|p1a: Vaporeon\n|-singleturn|p1a: Vaporeon|Protect\n|move|p2a: Bombirdier|Brave Bird|p1a: Vaporeon\n|-activate|p1a: Vaporeon|move: Protect\n|\n|-heal|p1a: Vaporeon|313/364|[from] move: Wish|[wisher] Vaporeon\n|-heal|p1a: Vaporeon|335/364|[from] item: Leftovers\n|upkeep\n|turn|37\n|\n|t:|1771259211\n|move|p2a: Bombirdier|Brave Bird|p1a: Vaporeon\n|-damage|p1a: Vaporeon|68/364\n|-damage|p2a: Bombirdier|86/258|[from] Recoil\n|move|p1a: Vaporeon|Wish|p1a: Vaporeon\n|\n|-heal|p1a: Vaporeon|90/364|[from] item: Leftovers\n|upkeep\n|turn|38\n|\n|t:|1771259214\n|move|p1a: Vaporeon|Protect|p1a: Vaporeon\n|-singleturn|p1a: Vaporeon|Protect\n|move|p2a: Bombirdier|Brave Bird|p1a: Vaporeon\n|-activate|p1a: Vaporeon|move: Protect\n|\n|-heal|p1a: Vaporeon|272/364|[from] move: Wish|[wisher] Vaporeon\n|-heal|p1a: Vaporeon|294/364|[from] item: Leftovers\n|upkeep\n|turn|39\n|\n|t:|1771259223\n|switch|p1a: Garchomp|Garchomp, L74, M|282/282\n|move|p2a: Bombirdier|Brave Bird|p1a: Garchomp\n|-damage|p1a: Garchomp|63/282\n|-damage|p2a: Bombirdier|54/258|[from] ability: Rough Skin|[of] p1a: Garchomp\n|-damage|p2a: Bombirdier|11/258|[from] item: Rocky Helmet|[of] p1a: Garchomp\n|-damage|p2a: Bombirdier|0 fnt|[from] Recoil\n|faint|p2a: Bombirdier\n|\n|upkeep\n|\n|t:|1771259225\n|switch|p2a: Honchkrow|Honchkrow, L86, M|312/312\n|turn|40\n|\n|t:|1771259237\n|move|p2a: Honchkrow|Sucker Punch||[still]\n|-fail|p2a: Honchkrow\n|move|p1a: Garchomp|Spikes|p2a: Honchkrow\n|-sidestart|p2: papascrumpets|Spikes\n|\n|upkeep\n|turn|41\n|\n|t:|1771259242\n|move|p2a: Honchkrow|Sucker Punch|p1a: Garchomp\n|-damage|p1a: Garchomp|0 fnt\n|-damage|p2a: Honchkrow|273/312|[from] ability: Rough Skin|[of] p1a: Garchomp\n|-damage|p2a: Honchkrow|221/312|[from] item: Rocky Helmet|[of] p1a: Garchomp\n|faint|p1a: Garchomp\n|-ability|p2a: Honchkrow|Moxie|boost\n|-boost|p2a: Honchkrow|atk|1\n|\n|upkeep\n|\n|t:|1771259246\n|switch|p1a: Bellibolt|Bellibolt, L84, F|320/320\n|turn|42\n|\n|t:|1771259250\n|move|p2a: Honchkrow|Brave Bird|p1a: Bellibolt\n|-resisted|p1a: Bellibolt\n|-damage|p1a: Bellibolt|193/320\n|-start|p1a: Bellibolt|Charge|Brave Bird|[from] ability: Electromorphosis\n|-damage|p2a: Honchkrow|179/312|[from] Recoil\n|move|p1a: Bellibolt|Thunderbolt|p2a: Honchkrow\n|-supereffective|p2a: Honchkrow\n|-damage|p2a: Honchkrow|0 fnt\n|faint|p2a: Honchkrow\n|-end|p1a: Bellibolt|Charge|[silent]\n|\n|-heal|p1a: Bellibolt|213/320|[from] item: Leftovers\n|upkeep\n|c|☆papascrumpets|gg got lucky\n|-message|papascrumpets forfeited.\n|\n|win|becca black\n|raw|becca black's rating: 1647 &rarr; <strong>1665</strong><br />(+18 for winning)\n|raw|papascrumpets's rating: 1608 &rarr; <strong>1590</strong><br />(-18 for losing)\n|l|☆papascrumpets\n|player|p2|\n", "inputlog": ">version 686819e5e19f8a7fd2345cfc5a08a5085efa2cc3\n>start {\"formatid\":\"gen9randombattle\",\"seed\":\"sodium,e5f85b3c234829c88834337b3d148862\",\"rated\":\"Rated battle\"}\n>player p1 {\"name\":\"becca black\",\"avatar\":\"dawn-gen4pt\",\"rating\":1647,\"seed\":\"sodium,a35ecef4897b401b6632cf3055bd19df\"}\n>player p2 {\"name\":\"papascrumpets\",\"avatar\":\"twins-gen4dp\",\"rating\":1608,\"seed\":\"sodium,61ede8d19909845abeaa0e127797353b\"}\n>p1 move auroraveil\n>p2 move knockoff\n>p1 switch 6\n>p2 move drainpunch\n>p1 move beakblast\n>p2 move knockoff\n>p1 move boomburst\n>p2 switch 5\n>p1 move boomburst\n>p2 move thunderwave\n>p1 move boomburst\n>p2 switch 4\n>p1 move uturn\n>p2 move wish\n>p1 move boomburst\n>p2 move scald\n>p1 move uturn\n>p2 move scald\n>p1 switch 5\n>p1 move scald\n>p2 move wish\n>p1 move scald\n>p2 switch 5\n>p2 switch 4\n>p1 move protect\n>p2 move thunderwave\n>p1 move scald terastallize\n>p2 move thunderwave\n>p2 switch 6\n>p1 switch 6\n>p2 move sludgebomb\n>p1 switch 3\n>p1 move swordsdance\n>p2 switch 5\n>p1 switch 6\n>p2 move scald\n>p1 move scald\n>p2 switch 5\n>p1 switch 5\n>p2 move spore\n>p1 move beakblast\n>p2 switch 5\n>p1 move uturn\n>p2 move wish\n>p1 switch 4\n>p1 move thunderbolt\n>p2 move protect\n>p1 move toxic\n>p2 switch 5\n>p1 switch 6\n>p2 move toxic\n>p1 switch 6\n>p2 switch 5\n>p1 move toxic\n>p2 move wish\n>p1 move thunderbolt\n>p2 switch 5\n>p1 switch 4\n>p2 move toxic\n>p1 move roost\n>p2 switch 5\n>p1 move beakblast\n>p2 move wish\n>p1 move beakblast\n>p2 switch 3\n>p1 move beakblast\n>p2 move stoneedge terastallize\n>p1 switch 5\n>p1 move icebeam\n>p2 switch 5\n>p1 move icebeam\n>p2 move gigadrain\n>p2 switch 5\n>p1 move protect\n>p2 move bravebird\n>p1 move wish\n>p2 move bravebird\n>p1 move protect\n>p2 move bravebird\n>p1 move wish\n>p2 move bravebird\n>p1 move protect\n>p2 move bravebird\n>p1 switch 2\n>p2 move bravebird\n>p2 switch 2\n>p1 move spikes\n>p2 move suckerpunch\n>p1 move outrage\n>p2 move suckerpunch\n>p1 switch 4\n>p1 move thunderbolt\n>p2 move bravebird\n>chat ☆papascrumpets|gg got lucky\n>forcelose p2", "uploadtime": 1771259274, "views": 7, "formatid": "gen9randombattle", "rating": 1590, "private": 0, "password": null}