{"id": "gen9randombattle-2540885071", "format": "[Gen 9] Random Battle", "players": ["ntieupma", "ribena supernova"], "log": "|j|☆ntieupma\n|j|☆ribena supernova\n|t:|1771263850\n|gametype|singles\n|player|p1|ntieupma|266|2096\n|player|p2|ribena supernova|leaf-masters|2142\n|gen|9\n|tier|[Gen 9] Random Battle\n|rated|\n|rule|Species Clause: Limit one of each Pokémon\n|rule|HP Percentage Mod: HP is shown in percentages\n|rule|Sleep Clause Mod: Limit one foe put to sleep\n|rule|Illusion Level Mod: Illusion disguises the Pokémon's true level\n|\n|t:|1771263850\n|teamsize|p1|6\n|teamsize|p2|6\n|start\n|switch|p1a: Arceus|Arceus-Electric, L70|284/284\n|switch|p2a: Seviper|Seviper, L93, F|287/287\n|turn|1\n|inactive|Battle timer is ON: inactive players will automatically lose when time's up. (requested by ntieupma)\n|\n|t:|1771263868\n|switch|p2a: Blissey|Blissey, L85, F|572/572\n|move|p1a: Arceus|Calm Mind|p1a: Arceus\n|-boost|p1a: Arceus|spa|1\n|-boost|p1a: Arceus|spd|1\n|\n|upkeep\n|turn|2\n|\n|t:|1771263879\n|switch|p1a: Magcargo|Magcargo, L95, F|268/268\n|move|p2a: Blissey|Thunder Wave|p1a: Magcargo\n|-status|p1a: Magcargo|par\n|\n|upkeep\n|turn|3\n|\n|t:|1771263886\n|switch|p2a: Veluza|Veluza, L85, F|292/292\n|move|p1a: Magcargo|Stealth Rock|p2a: Veluza\n|-sidestart|p2: ribena supernova|move: Stealth Rock\n|\n|upkeep\n|turn|4\n|\n|t:|1771263893\n|switch|p1a: Dondozo|Dondozo, L78, F|362/362\n|move|p2a: Veluza|Aqua Cutter|p1a: Dondozo\n|-resisted|p1a: Dondozo\n|-damage|p1a: Dondozo|306/362\n|\n|-heal|p1a: Dondozo|328/362|[from] item: Leftovers\n|upkeep\n|turn|5\n|\n|t:|1771263902\n|move|p2a: Veluza|Psycho Cut|p1a: Dondozo\n|-damage|p1a: Dondozo|214/362\n|move|p1a: Dondozo|Wave Crash|p2a: Veluza\n|-resisted|p2a: Veluza\n|-damage|p2a: Veluza|232/292\n|-damage|p1a: Dondozo|194/362|[from] Recoil\n|\n|-heal|p1a: Dondozo|216/362|[from] item: Leftovers\n|upkeep\n|turn|6\n|\n|t:|1771263907\n|move|p2a: Veluza|Psycho Cut|p1a: Dondozo\n|-damage|p1a: Dondozo|113/362\n|move|p1a: Dondozo|Rest|p1a: Dondozo\n|-status|p1a: Dondozo|slp|[from] move: Rest\n|-heal|p1a: Dondozo|362/362 slp|[silent]\n|\n|upkeep\n|turn|7\n|\n|t:|1771263910\n|move|p2a: Veluza|Psycho Cut|p1a: Dondozo\n|-crit|p1a: Dondozo\n|-damage|p1a: Dondozo|203/362 slp\n|cant|p1a: Dondozo|slp\n|move|p1a: Dondozo|Sleep Talk|p1a: Dondozo\n|move|p1a: Dondozo|Rest||[from] move: Sleep Talk|[still]\n|-fail|p1a: Dondozo\n|\n|-heal|p1a: Dondozo|225/362 slp|[from] item: Leftovers\n|upkeep\n|turn|8\n|\n|t:|1771263913\n|move|p2a: Veluza|Psycho Cut|p1a: Dondozo\n|-damage|p1a: Dondozo|129/362 slp\n|cant|p1a: Dondozo|slp\n|move|p1a: Dondozo|Sleep Talk|p1a: Dondozo\n|move|p1a: Dondozo|Rest||[from] move: Sleep Talk|[still]\n|-fail|p1a: Dondozo\n|\n|-heal|p1a: Dondozo|151/362 slp|[from] item: Leftovers\n|upkeep\n|turn|9\n|\n|t:|1771263915\n|move|p2a: Veluza|Psycho Cut|p1a: Dondozo\n|-damage|p1a: Dondozo|48/362 slp\n|-curestatus|p1a: Dondozo|slp|[msg]\n|move|p1a: Dondozo|Rest|p1a: Dondozo\n|-status|p1a: Dondozo|slp|[from] move: Rest\n|-heal|p1a: Dondozo|362/362 slp|[silent]\n|\n|upkeep\n|turn|10\n|\n|t:|1771263918\n|move|p2a: Veluza|Psycho Cut|p1a: Dondozo\n|-crit|p1a: Dondozo\n|-damage|p1a: Dondozo|208/362 slp\n|cant|p1a: Dondozo|slp\n|move|p1a: Dondozo|Sleep Talk|p1a: Dondozo\n|move|p1a: Dondozo|Wave Crash|p2a: Veluza|[from] move: Sleep Talk\n|-resisted|p2a: Veluza\n|-damage|p2a: Veluza|167/292\n|-damage|p1a: Dondozo|187/362 slp|[from] Recoil\n|\n|-heal|p1a: Dondozo|209/362 slp|[from] item: Leftovers\n|upkeep\n|turn|11\n|\n|t:|1771263923\n|switch|p1a: Hydreigon|Hydreigon, L79, F|275/275\n|move|p2a: Veluza|Psycho Cut|p1a: Hydreigon\n|-immune|p1a: Hydreigon\n|\n|upkeep\n|turn|12\n|\n|t:|1771263928\n|switch|p1a: Cinderace|Cinderace, L77, F|249/249\n|switch|p2a: Blissey|Blissey, L85, F|572/572\n|-damage|p2a: Blissey|501/572|[from] Stealth Rock\n|\n|-heal|p2a: Blissey|536/572|[from] item: Leftovers\n|upkeep\n|turn|13\n|\n|t:|1771263938\n|switch|p2a: Veluza|Veluza, L85, F|167/292\n|-damage|p2a: Veluza|131/292|[from] Stealth Rock\n|-enditem|p2a: Veluza|Sitrus Berry|[eat]\n|-heal|p2a: Veluza|204/292|[from] item: Sitrus Berry\n|move|p1a: Cinderace|U-turn|p2a: Veluza\n|-start|p1a: Cinderace|typechange|Bug|[from] ability: Libero\n|-supereffective|p2a: Veluza\n|-damage|p2a: Veluza|0 fnt\n|faint|p2a: Veluza\n|\n|t:|1771263944\n|switch|p1a: Dondozo|Dondozo, L78, F|209/362 slp|[from] U-turn\n|\n|-heal|p1a: Dondozo|231/362 slp|[from] item: Leftovers\n|upkeep\n|\n|t:|1771263950\n|switch|p2a: Kommo-o|Kommo-o, L78, F|245/245\n|-damage|p2a: Kommo-o|230/245|[from] Stealth Rock\n|turn|14\n|\n|t:|1771263968\n|move|p2a: Kommo-o|Clanging Scales|p1a: Dondozo\n|-damage|p1a: Dondozo|90/362 slp\n|-unboost|p2a: Kommo-o|def|1\n|-enditem|p2a: Kommo-o|Throat Spray\n|-boost|p2a: Kommo-o|spa|1|[from] item: Throat Spray\n|cant|p1a: Dondozo|slp\n|move|p1a: Dondozo|Sleep Talk|p1a: Dondozo\n|move|p1a: Dondozo|Rest||[from] move: Sleep Talk|[still]\n|-fail|p1a: Dondozo\n|\n|-heal|p1a: Dondozo|112/362 slp|[from] item: Leftovers\n|upkeep\n|turn|15\n|\n|t:|1771263977\n|switch|p1a: Magcargo|Magcargo, L95, F|268/268 par\n|move|p2a: Kommo-o|Clangorous Soul|p2a: Kommo-o\n|-boost|p2a: Kommo-o|atk|1\n|-boost|p2a: Kommo-o|def|1\n|-boost|p2a: Kommo-o|spa|1\n|-boost|p2a: Kommo-o|spd|1\n|-boost|p2a: Kommo-o|spe|1\n|-damage|p2a: Kommo-o|150/245\n|\n|upkeep\n|turn|16\n|\n|t:|1771263988\n|move|p2a: Kommo-o|Close Combat|p1a: Magcargo\n|-supereffective|p1a: Magcargo\n|-damage|p1a: Magcargo|0 fnt\n|-unboost|p2a: Kommo-o|def|1\n|-unboost|p2a: Kommo-o|spd|1\n|-status|p2a: Kommo-o|brn|[from] ability: Flame Body|[of] p1a: Magcargo\n|faint|p1a: Magcargo\n|\n|-damage|p2a: Kommo-o|135/245 brn|[from] brn\n|upkeep\n|\n|t:|1771263995\n|switch|p1a: Arceus|Arceus-Electric, L70|284/284\n|turn|17\n|\n|t:|1771263998\n|move|p2a: Kommo-o|Clanging Scales|p1a: Arceus\n|-damage|p1a: Arceus|91/284\n|-unboost|p2a: Kommo-o|def|1\n|move|p1a: Arceus|Ice Beam|p2a: Kommo-o\n|-supereffective|p2a: Kommo-o\n|-damage|p2a: Kommo-o|27/245 brn\n|\n|-damage|p2a: Kommo-o|12/245 brn|[from] brn\n|upkeep\n|turn|18\n|\n|t:|1771264004\n|move|p2a: Kommo-o|Clanging Scales|p1a: Arceus\n|-damage|p1a: Arceus|0 fnt\n|faint|p1a: Arceus\n|-unboost|p2a: Kommo-o|def|1\n|\n|-damage|p2a: Kommo-o|0 fnt|[from] brn\n|faint|p2a: Kommo-o\n|upkeep\n|\n|t:|1771264011\n|switch|p1a: Hydreigon|Hydreigon, L79, F|275/275\n|switch|p2a: Seviper|Seviper, L93, F|287/287\n|-damage|p2a: Seviper|252/287|[from] Stealth Rock\n|turn|19\n|\n|t:|1771264015\n|switch|p2a: Blissey|Blissey, L85, F|536/572\n|-damage|p2a: Blissey|465/572|[from] Stealth Rock\n|move|p1a: Hydreigon|Dark Pulse|p2a: Blissey\n|-damage|p2a: Blissey|382/572\n|-damage|p1a: Hydreigon|248/275|[from] item: Life Orb\n|\n|-heal|p2a: Blissey|417/572|[from] item: Leftovers\n|upkeep\n|turn|20\n|\n|t:|1771264028\n|switch|p1a: Deoxys|Deoxys-Speed, L82|216/216\n|-ability|p1a: Deoxys|Pressure\n|move|p2a: Blissey|Seismic Toss|p1a: Deoxys\n|-damage|p1a: Deoxys|131/216\n|\n|-heal|p2a: Blissey|452/572|[from] item: Leftovers\n|upkeep\n|turn|21\n|\n|t:|1771264042\n|move|p1a: Deoxys|Nasty Plot|p1a: Deoxys\n|-boost|p1a: Deoxys|spa|2\n|move|p2a: Blissey|Thunder Wave|p1a: Deoxys\n|-status|p1a: Deoxys|par\n|\n|-heal|p2a: Blissey|487/572|[from] item: Leftovers\n|upkeep\n|turn|22\n|\n|t:|1771264046\n|move|p1a: Deoxys|Focus Blast|p2a: Blissey\n|-supereffective|p2a: Blissey\n|-damage|p2a: Blissey|196/572\n|-damage|p1a: Deoxys|110/216 par|[from] item: Life Orb\n|move|p2a: Blissey|Seismic Toss|p1a: Deoxys\n|-damage|p1a: Deoxys|25/216 par\n|\n|-heal|p2a: Blissey|231/572|[from] item: Leftovers\n|upkeep\n|turn|23\n|\n|t:|1771264050\n|move|p1a: Deoxys|Focus Blast|p2a: Blissey|[miss]\n|-miss|p1a: Deoxys|p2a: Blissey\n|move|p2a: Blissey|Soft-Boiled|p2a: Blissey\n|-heal|p2a: Blissey|517/572\n|\n|-heal|p2a: Blissey|552/572|[from] item: Leftovers\n|upkeep\n|turn|24\n|\n|t:|1771264053\n|cant|p1a: Deoxys|par\n|move|p2a: Blissey|Soft-Boiled|p2a: Blissey\n|-heal|p2a: Blissey|572/572\n|\n|upkeep\n|turn|25\n|\n|t:|1771264055\n|move|p1a: Deoxys|Focus Blast|p2a: Blissey|[miss]\n|-miss|p1a: Deoxys|p2a: Blissey\n|move|p2a: Blissey|Seismic Toss|p1a: Deoxys\n|-damage|p1a: Deoxys|0 fnt\n|faint|p1a: Deoxys\n|\n|upkeep\n|\n|t:|1771264057\n|switch|p1a: Cinderace|Cinderace, L77, F|249/249\n|turn|26\n|\n|t:|1771264060\n|move|p1a: Cinderace|High Jump Kick|p2a: Blissey\n|-start|p1a: Cinderace|typechange|Fighting|[from] ability: Libero\n|-supereffective|p2a: Blissey\n|-damage|p2a: Blissey|0 fnt\n|faint|p2a: Blissey\n|\n|upkeep\n|\n|t:|1771264061\n|switch|p2a: Maushold|Maushold-Four, L76|238/238\n|-damage|p2a: Maushold|209/238|[from] Stealth Rock\n|turn|27\n|\n|t:|1771264064\n|-terastallize|p2a: Maushold|Ghost\n|move|p1a: Cinderace|High Jump Kick|p2a: Maushold\n|-immune|p2a: Maushold\n|-damage|p1a: Cinderace|125/249|[from] highjumpkick\n|move|p2a: Maushold|Tidy Up|p2a: Maushold\n|-sideend|p2: ribena supernova|Stealth Rock\n|-activate|p2a: Maushold|move: Tidy Up\n|-boost|p2a: Maushold|atk|1\n|-boost|p2a: Maushold|spe|1\n|\n|upkeep\n|turn|28\n|\n|t:|1771264083\n|switch|p1a: Dondozo|Dondozo, L78, F|112/362 slp\n|move|p2a: Maushold|Tidy Up|p2a: Maushold\n|-boost|p2a: Maushold|atk|1\n|-boost|p2a: Maushold|spe|1\n|\n|-heal|p1a: Dondozo|134/362 slp|[from] item: Leftovers\n|upkeep\n|turn|29\n|\n|t:|1771264089\n|move|p2a: Maushold|Population Bomb|p1a: Dondozo\n|-damage|p1a: Dondozo|113/362 slp\n|-damage|p1a: Dondozo|94/362 slp\n|-damage|p1a: Dondozo|75/362 slp\n|-damage|p1a: Dondozo|54/362 slp\n|-damage|p1a: Dondozo|33/362 slp\n|-damage|p1a: Dondozo|14/362 slp\n|-damage|p1a: Dondozo|0 fnt\n|faint|p1a: Dondozo\n|-hitcount|p1: Dondozo|7\n|\n|upkeep\n|\n|t:|1771264091\n|switch|p1a: Hydreigon|Hydreigon, L79, F|248/275\n|turn|30\n|\n|t:|1771264094\n|-terastallize|p1a: Hydreigon|Steel\n|move|p2a: Maushold|Population Bomb|p1a: Hydreigon\n|-resisted|p1a: Hydreigon\n|-damage|p1a: Hydreigon|227/275\n|-resisted|p1a: Hydreigon\n|-damage|p1a: Hydreigon|205/275\n|-resisted|p1a: Hydreigon\n|-damage|p1a: Hydreigon|183/275\n|-resisted|p1a: Hydreigon\n|-damage|p1a: Hydreigon|160/275\n|-resisted|p1a: Hydreigon\n|-damage|p1a: Hydreigon|137/275\n|-resisted|p1a: Hydreigon\n|-damage|p1a: Hydreigon|112/275\n|-resisted|p1a: Hydreigon\n|-damage|p1a: Hydreigon|91/275\n|-resisted|p1a: Hydreigon\n|-damage|p1a: Hydreigon|70/275\n|-resisted|p1a: Hydreigon\n|-damage|p1a: Hydreigon|46/275\n|-resisted|p1a: Hydreigon\n|-damage|p1a: Hydreigon|24/275\n|-hitcount|p1a: Hydreigon|10\n|move|p1a: Hydreigon|Dark Pulse|p2a: Maushold\n|-supereffective|p2a: Maushold\n|-damage|p2a: Maushold|0 fnt\n|faint|p2a: Maushold\n|-damage|p1a: Hydreigon|0 fnt|[from] item: Life Orb\n|faint|p1a: Hydreigon\n|\n|upkeep\n|\n|t:|1771264099\n|switch|p2a: Seviper|Seviper, L93, F|252/287\n|switch|p1a: Cinderace|Cinderace, L77, F|125/249\n|turn|31\n|\n|t:|1771264105\n|move|p1a: Cinderace|Pyro Ball|p2a: Seviper\n|-damage|p2a: Seviper|18/287\n|move|p2a: Seviper|Glare|p1a: Cinderace\n|-status|p1a: Cinderace|par\n|\n|upkeep\n|turn|32\n|c|☆ribena supernova|gg\n|\n|t:|1771264109\n|move|p2a: Seviper|Earthquake|p1a: Cinderace\n|-supereffective|p1a: Cinderace\n|-damage|p1a: Cinderace|0 fnt\n|faint|p1a: Cinderace\n|-damage|p2a: Seviper|0 fnt|[from] item: Life Orb\n|faint|p2a: Seviper\n|\n|win|ribena supernova\n|raw|ntieupma's rating: 2096 &rarr; <strong>2079</strong><br />(-17 for losing)\n|raw|ribena supernova's rating: 2142 &rarr; <strong>2159</strong><br />(+17 for winning)\n", "inputlog": ">version 686819e5e19f8a7fd2345cfc5a08a5085efa2cc3\n>start {\"formatid\":\"gen9randombattle\",\"seed\":\"sodium,702d4e9bb81f04f8b3dbcd8a269e9bd4\",\"rated\":\"Rated battle\"}\n>player p1 {\"name\":\"ntieupma\",\"avatar\":\"266\",\"rating\":2096,\"seed\":\"sodium,11eea6840560a929c6a69b9fd900f18d\"}\n>player p2 {\"name\":\"ribena supernova\",\"avatar\":\"leaf-masters\",\"rating\":2142,\"seed\":\"sodium,5c6c19e1f74657e8dccc5f1d95cac07e\"}\n>p1 move calmmind\n>p2 switch 5\n>p1 switch 6\n>p2 move thunderwave\n>p1 move stealthrock\n>p2 switch 3\n>p1 switch 4\n>p2 move aquacutter\n>p1 move wavecrash\n>p2 move psychocut\n>p1 move rest\n>p2 move psychocut\n>p1 move sleeptalk\n>p2 move psychocut\n>p1 move sleeptalk\n>p2 move psychocut\n>p1 move rest\n>p2 move psychocut\n>p1 move sleeptalk\n>p2 move psychocut\n>p1 switch 5\n>p2 move psychocut\n>p1 switch 3\n>p2 switch 3\n>p1 move uturn\n>p2 switch 3\n>p1 switch 5\n>p2 switch 2\n>p1 move sleeptalk\n>p2 move clangingscales\n>p1 switch 4\n>p2 move clangoroussoul\n>p1 move lavaplume\n>p2 move closecombat\n>p1 switch 6\n>p1 move icebeam\n>p2 move clangingscales\n>p1 move recover\n>p2 move clangingscales\n>p1 switch 3\n>p2 switch 5\n>p1 move darkpulse\n>p2 switch 3\n>p1 switch 2\n>p2 move seismictoss\n>p1 move nastyplot\n>p2 move thunderwave\n>p1 move focusblast\n>p2 move seismictoss\n>p1 move focusblast\n>p2 move softboiled\n>p1 move focusblast\n>p2 move softboiled\n>p1 move focusblast\n>p2 move seismictoss\n>p1 switch 5\n>p1 move highjumpkick\n>p2 move thunderwave\n>p2 switch 4\n>p1 move highjumpkick\n>p2 move tidyup terastallize\n>p1 switch 4\n>p2 move tidyup\n>p1 move rest\n>p2 move populationbomb\n>p1 switch 2\n>p1 move darkpulse terastallize\n>p2 move populationbomb\n>p1 switch 4\n>p2 switch 3\n>p1 move pyroball\n>p2 move glare\n>chat ☆ribena supernova|gg\n>p1 move pyroball\n>p2 move earthquake", "uploadtime": 1771264132, "views": 4, "formatid": "gen9randombattle", "rating": 2079, "private": 0, "password": null}