{"id": "gen9randombattle-2540063681", "format": "[Gen 9] Random Battle", "players": ["bulio10", "DeletedUser258"], "log": "|j|‽bulio10\n|j|☆DeletedUser258\n|t:|1771155207\n|gametype|singles\n|player|p1|bulio10|265|1819\n|player|p2|DeletedUser258|red-gen3|1862\n|gen|9\n|tier|[Gen 9] Random Battle\n|rated|\n|rule|Species Clause: Limit one of each Pokémon\n|rule|HP Percentage Mod: HP is shown in percentages\n|rule|Sleep Clause Mod: Limit one foe put to sleep\n|rule|Illusion Level Mod: Illusion disguises the Pokémon's true level\n|\n|t:|1771155207\n|teamsize|p1|6\n|teamsize|p2|6\n|start\n|switch|p1a: Lokix|Lokix, L82, M|251/251\n|switch|p2a: Volcanion|Volcanion, L79|255/255\n|turn|1\n|inactive|Battle timer is ON: inactive players will automatically lose when time's up. (requested by bulio10)\n|\n|t:|1771155216\n|move|p2a: Volcanion|Flamethrower|p1a: Lokix\n|-supereffective|p1a: Lokix\n|-crit|p1a: Lokix\n|-damage|p1a: Lokix|0 fnt\n|faint|p1a: Lokix\n|\n|upkeep\n|\n|t:|1771155233\n|switch|p1a: Galvantula|Galvantula, L82, M|249/249\n|turn|2\n|\n|t:|1771155241\n|switch|p1a: Phione|Phione, L91|293/293\n|move|p2a: Volcanion|Flamethrower|p1a: Phione\n|-resisted|p1a: Phione\n|-crit|p1a: Phione\n|-damage|p1a: Phione|215/293\n|\n|-heal|p1a: Phione|233/293|[from] item: Leftovers\n|upkeep\n|turn|3\n|\n|t:|1771155249\n|switch|p2a: Brambleghast|Brambleghast, L88, F|240/240\n|move|p1a: Phione|Take Heart|p1a: Phione\n|-boost|p1a: Phione|spa|1\n|-boost|p1a: Phione|spd|1\n|\n|-heal|p1a: Phione|251/293|[from] item: Leftovers\n|upkeep\n|turn|4\n|\n|t:|1771155253\n|switch|p1a: Talonflame|Talonflame, L83, F|265/265\n|move|p2a: Brambleghast|Power Whip|p1a: Talonflame\n|-resisted|p1a: Talonflame\n|-damage|p1a: Talonflame|222/265\n|\n|upkeep\n|turn|5\n|\n|t:|1771155263\n|switch|p2a: Phione|Phione, L91|293/293\n|move|p1a: Talonflame|Overheat|p2a: Phione\n|-resisted|p2a: Phione\n|-damage|p2a: Phione|242/293\n|-unboost|p1a: Talonflame|spa|2\n|\n|-heal|p2a: Phione|260/293|[from] item: Leftovers\n|upkeep\n|turn|6\n|\n|t:|1771155271\n|switch|p1a: Galvantula|Galvantula, L82, M|249/249\n|move|p2a: Phione|Take Heart|p2a: Phione\n|-boost|p2a: Phione|spa|1\n|-boost|p2a: Phione|spd|1\n|\n|-heal|p2a: Phione|278/293|[from] item: Leftovers\n|upkeep\n|turn|7\n|\n|t:|1771155276\n|move|p1a: Galvantula|Thunder|p2a: Phione\n|-supereffective|p2a: Phione\n|-damage|p2a: Phione|122/293\n|-status|p2a: Phione|par\n|move|p2a: Phione|Take Heart|p2a: Phione\n|-boost|p2a: Phione|spa|1\n|-boost|p2a: Phione|spd|1\n|-curestatus|p2a: Phione|par|[msg]\n|\n|-heal|p2a: Phione|140/293|[from] item: Leftovers\n|upkeep\n|turn|8\n|\n|t:|1771155283\n|move|p1a: Galvantula|Thunder|p2a: Phione|[miss]\n|-miss|p1a: Galvantula|p2a: Phione\n|move|p2a: Phione|Rest|p2a: Phione\n|-status|p2a: Phione|slp|[from] move: Rest\n|-heal|p2a: Phione|293/293 slp|[silent]\n|\n|upkeep\n|turn|9\n|\n|t:|1771155286\n|switch|p1a: Phione|Phione, L91|251/293\n|cant|p2a: Phione|slp\n|move|p2a: Phione|Sleep Talk|p2a: Phione\n|move|p2a: Phione|Scald|p1a: Phione|[from] move: Sleep Talk\n|-resisted|p1a: Phione\n|-crit|p1a: Phione\n|-damage|p1a: Phione|131/293\n|\n|-heal|p1a: Phione|149/293|[from] item: Leftovers\n|upkeep\n|turn|10\n|\n|t:|1771155289\n|cant|p2a: Phione|slp\n|move|p2a: Phione|Sleep Talk|p2a: Phione\n|move|p2a: Phione|Scald|p1a: Phione|[from] move: Sleep Talk\n|-resisted|p1a: Phione\n|-damage|p1a: Phione|71/293\n|move|p1a: Phione|Take Heart|p1a: Phione\n|-boost|p1a: Phione|spa|1\n|-boost|p1a: Phione|spd|1\n|\n|-heal|p1a: Phione|89/293|[from] item: Leftovers\n|upkeep\n|turn|11\n|\n|t:|1771155298\n|move|p1a: Phione|Take Heart|p1a: Phione\n|-boost|p1a: Phione|spa|1\n|-boost|p1a: Phione|spd|1\n|-curestatus|p2a: Phione|slp|[msg]\n|move|p2a: Phione|Take Heart|p2a: Phione\n|-boost|p2a: Phione|spa|1\n|-boost|p2a: Phione|spd|1\n|\n|-heal|p1a: Phione|107/293|[from] item: Leftovers\n|upkeep\n|turn|12\n|\n|t:|1771155301\n|move|p1a: Phione|Rest|p1a: Phione\n|-status|p1a: Phione|slp|[from] move: Rest\n|-heal|p1a: Phione|293/293 slp|[silent]\n|move|p2a: Phione|Scald|p1a: Phione\n|-resisted|p1a: Phione\n|-damage|p1a: Phione|242/293 slp\n|\n|-heal|p1a: Phione|260/293 slp|[from] item: Leftovers\n|upkeep\n|turn|13\n|\n|t:|1771155306\n|move|p2a: Phione|Take Heart|p2a: Phione\n|-boost|p2a: Phione|spa|1\n|-boost|p2a: Phione|spd|1\n|cant|p1a: Phione|slp\n|move|p1a: Phione|Sleep Talk|p1a: Phione\n|move|p1a: Phione|Rest||[from] move: Sleep Talk|[still]\n|-fail|p1a: Phione\n|\n|-heal|p1a: Phione|278/293 slp|[from] item: Leftovers\n|upkeep\n|turn|14\n|\n|t:|1771155313\n|move|p2a: Phione|Take Heart|p2a: Phione\n|-boost|p2a: Phione|spa|1\n|-boost|p2a: Phione|spd|1\n|cant|p1a: Phione|slp\n|move|p1a: Phione|Sleep Talk|p1a: Phione\n|move|p1a: Phione|Rest||[from] move: Sleep Talk|[still]\n|-fail|p1a: Phione\n|\n|-heal|p1a: Phione|293/293 slp|[from] item: Leftovers\n|upkeep\n|turn|15\n|\n|t:|1771155317\n|-curestatus|p1a: Phione|slp|[msg]\n|move|p1a: Phione|Take Heart|p1a: Phione\n|-boost|p1a: Phione|spa|1\n|-boost|p1a: Phione|spd|1\n|move|p2a: Phione|Take Heart|p2a: Phione\n|-boost|p2a: Phione|spa|1\n|-boost|p2a: Phione|spd|1\n|\n|upkeep\n|turn|16\n|\n|t:|1771155320\n|move|p2a: Phione|Scald|p1a: Phione\n|-resisted|p1a: Phione\n|-damage|p1a: Phione|230/293\n|-status|p1a: Phione|brn\n|move|p1a: Phione|Take Heart|p1a: Phione\n|-boost|p1a: Phione|spa|1\n|-boost|p1a: Phione|spd|1\n|-curestatus|p1a: Phione|brn|[msg]\n|\n|-heal|p1a: Phione|248/293|[from] item: Leftovers\n|upkeep\n|turn|17\n|\n|t:|1771155326\n|move|p2a: Phione|Scald|p1a: Phione\n|-resisted|p1a: Phione\n|-damage|p1a: Phione|188/293\n|move|p1a: Phione|Take Heart|p1a: Phione\n|-boost|p1a: Phione|spa|1\n|-boost|p1a: Phione|spd|1\n|\n|-heal|p1a: Phione|206/293|[from] item: Leftovers\n|upkeep\n|turn|18\n|\n|t:|1771155331\n|move|p2a: Phione|Scald|p1a: Phione\n|-resisted|p1a: Phione\n|-damage|p1a: Phione|156/293\n|move|p1a: Phione|Take Heart|p1a: Phione\n|-boost|p1a: Phione|spa|1\n|-boost|p1a: Phione|spd|1\n|\n|-heal|p1a: Phione|174/293|[from] item: Leftovers\n|upkeep\n|turn|19\n|\n|t:|1771155337\n|move|p2a: Phione|Scald|p1a: Phione\n|-resisted|p1a: Phione\n|-damage|p1a: Phione|132/293\n|move|p1a: Phione|Take Heart||[still]\n|-boost|p1a: Phione|spa|0\n|-boost|p1a: Phione|spd|0\n|-fail|p1a: Phione\n|\n|-heal|p1a: Phione|150/293|[from] item: Leftovers\n|upkeep\n|turn|20\n|\n|t:|1771155344\n|move|p2a: Phione|Scald|p1a: Phione\n|-resisted|p1a: Phione\n|-damage|p1a: Phione|104/293\n|-status|p1a: Phione|brn\n|move|p1a: Phione|Take Heart|p1a: Phione\n|-boost|p1a: Phione|spa|0\n|-boost|p1a: Phione|spd|0\n|-curestatus|p1a: Phione|brn|[msg]\n|\n|-heal|p1a: Phione|122/293|[from] item: Leftovers\n|upkeep\n|turn|21\n|\n|t:|1771155359\n|move|p2a: Phione|Scald|p1a: Phione\n|-resisted|p1a: Phione\n|-damage|p1a: Phione|80/293\n|-status|p1a: Phione|brn\n|move|p1a: Phione|Rest|p1a: Phione\n|-status|p1a: Phione|slp|[from] move: Rest\n|-heal|p1a: Phione|293/293 slp|[silent]\n|\n|upkeep\n|turn|22\n|\n|t:|1771155365\n|cant|p1a: Phione|slp\n|move|p1a: Phione|Sleep Talk|p1a: Phione\n|move|p1a: Phione|Take Heart|p1a: Phione|[from] move: Sleep Talk\n|-boost|p1a: Phione|spa|0\n|-boost|p1a: Phione|spd|0\n|-curestatus|p1a: Phione|slp|[msg]\n|move|p2a: Phione|Scald|p1a: Phione\n|-resisted|p1a: Phione\n|-damage|p1a: Phione|247/293\n|\n|-heal|p1a: Phione|265/293|[from] item: Leftovers\n|upkeep\n|turn|23\n|\n|t:|1771155381\n|move|p2a: Phione|Take Heart||[still]\n|-boost|p2a: Phione|spa|0\n|-boost|p2a: Phione|spd|0\n|-fail|p2a: Phione\n|move|p1a: Phione|Take Heart||[still]\n|-boost|p1a: Phione|spa|0\n|-boost|p1a: Phione|spd|0\n|-fail|p1a: Phione\n|\n|-heal|p1a: Phione|283/293|[from] item: Leftovers\n|upkeep\n|turn|24\n|\n|t:|1771155384\n|move|p2a: Phione|Take Heart||[still]\n|-boost|p2a: Phione|spa|0\n|-boost|p2a: Phione|spd|0\n|-fail|p2a: Phione\n|move|p1a: Phione|Take Heart||[still]\n|-boost|p1a: Phione|spa|0\n|-boost|p1a: Phione|spd|0\n|-fail|p1a: Phione\n|\n|-heal|p1a: Phione|293/293|[from] item: Leftovers\n|upkeep\n|turn|25\n|\n|t:|1771155387\n|move|p2a: Phione|Take Heart||[still]\n|-boost|p2a: Phione|spa|0\n|-boost|p2a: Phione|spd|0\n|-fail|p2a: Phione\n|move|p1a: Phione|Take Heart||[still]\n|-boost|p1a: Phione|spa|0\n|-boost|p1a: Phione|spd|0\n|-fail|p1a: Phione\n|\n|upkeep\n|turn|26\n|\n|t:|1771155391\n|move|p1a: Phione|Take Heart||[still]\n|-boost|p1a: Phione|spa|0\n|-boost|p1a: Phione|spd|0\n|-fail|p1a: Phione\n|move|p2a: Phione|Take Heart||[still]\n|-boost|p2a: Phione|spa|0\n|-boost|p2a: Phione|spd|0\n|-fail|p2a: Phione\n|\n|upkeep\n|turn|27\n|\n|t:|1771155394\n|move|p1a: Phione|Take Heart||[still]\n|-boost|p1a: Phione|spa|0\n|-boost|p1a: Phione|spd|0\n|-fail|p1a: Phione\n|move|p2a: Phione|Take Heart||[still]\n|-boost|p2a: Phione|spa|0\n|-boost|p2a: Phione|spd|0\n|-fail|p2a: Phione\n|\n|upkeep\n|turn|28\n|\n|t:|1771155396\n|move|p1a: Phione|Take Heart||[still]\n|-boost|p1a: Phione|spa|0\n|-boost|p1a: Phione|spd|0\n|-fail|p1a: Phione\n|move|p2a: Phione|Take Heart||[still]\n|-boost|p2a: Phione|spa|0\n|-boost|p2a: Phione|spd|0\n|-fail|p2a: Phione\n|\n|upkeep\n|turn|29\n|\n|t:|1771155398\n|move|p2a: Phione|Take Heart||[still]\n|-boost|p2a: Phione|spa|0\n|-boost|p2a: Phione|spd|0\n|-fail|p2a: Phione\n|move|p1a: Phione|Take Heart||[still]\n|-boost|p1a: Phione|spa|0\n|-boost|p1a: Phione|spd|0\n|-fail|p1a: Phione\n|\n|upkeep\n|turn|30\n|\n|t:|1771155401\n|move|p2a: Phione|Take Heart||[still]\n|-boost|p2a: Phione|spa|0\n|-boost|p2a: Phione|spd|0\n|-fail|p2a: Phione\n|move|p1a: Phione|Take Heart||[still]\n|-boost|p1a: Phione|spa|0\n|-boost|p1a: Phione|spd|0\n|-fail|p1a: Phione\n|\n|upkeep\n|turn|31\n|\n|t:|1771155403\n|move|p1a: Phione|Take Heart||[still]\n|-boost|p1a: Phione|spa|0\n|-boost|p1a: Phione|spd|0\n|-fail|p1a: Phione\n|move|p2a: Phione|Take Heart||[still]\n|-boost|p2a: Phione|spa|0\n|-boost|p2a: Phione|spd|0\n|-fail|p2a: Phione\n|\n|upkeep\n|turn|32\n|\n|t:|1771155407\n|move|p2a: Phione|Take Heart||[still]\n|-boost|p2a: Phione|spa|0\n|-boost|p2a: Phione|spd|0\n|-fail|p2a: Phione\n|move|p1a: Phione|Take Heart||[still]\n|-boost|p1a: Phione|spa|0\n|-boost|p1a: Phione|spd|0\n|-fail|p1a: Phione\n|\n|upkeep\n|turn|33\n|\n|t:|1771155409\n|move|p1a: Phione|Take Heart||[still]\n|-boost|p1a: Phione|spa|0\n|-boost|p1a: Phione|spd|0\n|-fail|p1a: Phione\n|move|p2a: Phione|Take Heart||[still]\n|-boost|p2a: Phione|spa|0\n|-boost|p2a: Phione|spd|0\n|-fail|p2a: Phione\n|\n|upkeep\n|turn|34\n|\n|t:|1771155411\n|move|p2a: Phione|Take Heart||[still]\n|-boost|p2a: Phione|spa|0\n|-boost|p2a: Phione|spd|0\n|-fail|p2a: Phione\n|move|p1a: Phione|Take Heart||[still]\n|-boost|p1a: Phione|spa|0\n|-boost|p1a: Phione|spd|0\n|-fail|p1a: Phione\n|\n|upkeep\n|turn|35\n|\n|t:|1771155414\n|move|p2a: Phione|Scald|p1a: Phione\n|-resisted|p1a: Phione\n|-damage|p1a: Phione|252/293\n|move|p1a: Phione|Take Heart||[still]\n|-boost|p1a: Phione|spa|0\n|-boost|p1a: Phione|spd|0\n|-fail|p1a: Phione\n|\n|-heal|p1a: Phione|270/293|[from] item: Leftovers\n|upkeep\n|turn|36\n|\n|t:|1771155418\n|move|p2a: Phione|Scald|p1a: Phione\n|-resisted|p1a: Phione\n|-damage|p1a: Phione|229/293\n|move|p1a: Phione|Take Heart||[still]\n|-boost|p1a: Phione|spa|0\n|-boost|p1a: Phione|spd|0\n|-fail|p1a: Phione\n|\n|-heal|p1a: Phione|247/293|[from] item: Leftovers\n|upkeep\n|turn|37\n|\n|t:|1771155430\n|move|p2a: Phione|Rest|p2a: Phione\n|-fail|p2a: Phione|heal\n|move|p1a: Phione|Take Heart||[still]\n|-boost|p1a: Phione|spa|0\n|-boost|p1a: Phione|spd|0\n|-fail|p1a: Phione\n|\n|-heal|p1a: Phione|265/293|[from] item: Leftovers\n|upkeep\n|turn|38\n|\n|t:|1771155440\n|move|p1a: Phione|Scald|p2a: Phione\n|-resisted|p2a: Phione\n|-damage|p2a: Phione|254/293\n|move|p2a: Phione|Sleep Talk||[still]\n|-fail|p2a: Phione\n|\n|-heal|p2a: Phione|272/293|[from] item: Leftovers\n|-heal|p1a: Phione|283/293|[from] item: Leftovers\n|upkeep\n|turn|39\n|\n|t:|1771155451\n|move|p2a: Phione|Rest|p2a: Phione\n|-status|p2a: Phione|slp|[from] move: Rest\n|-heal|p2a: Phione|293/293 slp|[silent]\n|move|p1a: Phione|Scald|p2a: Phione\n|-resisted|p2a: Phione\n|-damage|p2a: Phione|250/293 slp\n|\n|-heal|p2a: Phione|268/293 slp|[from] item: Leftovers\n|-heal|p1a: Phione|293/293|[from] item: Leftovers\n|upkeep\n|turn|40\n|\n|t:|1771155472\n|move|p1a: Phione|Scald|p2a: Phione\n|-resisted|p2a: Phione\n|-damage|p2a: Phione|226/293 slp\n|cant|p2a: Phione|slp\n|\n|-heal|p2a: Phione|244/293 slp|[from] item: Leftovers\n|upkeep\n|turn|41\n|\n|t:|1771155485\n|cant|p2a: Phione|slp\n|move|p2a: Phione|Sleep Talk|p2a: Phione\n|move|p2a: Phione|Take Heart|p2a: Phione|[from] move: Sleep Talk\n|-boost|p2a: Phione|spa|0\n|-boost|p2a: Phione|spd|0\n|-curestatus|p2a: Phione|slp|[msg]\n|move|p1a: Phione|Rest|p1a: Phione\n|-fail|p1a: Phione|heal\n|\n|-heal|p2a: Phione|262/293|[from] item: Leftovers\n|upkeep\n|turn|42\n|\n|t:|1771155497\n|move|p2a: Phione|Scald|p1a: Phione\n|-resisted|p1a: Phione\n|-damage|p1a: Phione|248/293\n|-status|p1a: Phione|brn\n|move|p1a: Phione|Rest|p1a: Phione\n|-status|p1a: Phione|slp|[from] move: Rest\n|-heal|p1a: Phione|293/293 slp|[silent]\n|\n|-heal|p2a: Phione|280/293|[from] item: Leftovers\n|upkeep\n|turn|43\n|\n|t:|1771155504\n|cant|p1a: Phione|slp\n|move|p2a: Phione|Scald|p1a: Phione\n|-resisted|p1a: Phione\n|-damage|p1a: Phione|249/293 slp\n|\n|-heal|p1a: Phione|267/293 slp|[from] item: Leftovers\n|-heal|p2a: Phione|293/293|[from] item: Leftovers\n|upkeep\n|turn|44\n|\n|t:|1771155511\n|move|p2a: Phione|Sleep Talk||[still]\n|-fail|p2a: Phione\n|cant|p1a: Phione|slp\n|\n|-heal|p1a: Phione|285/293 slp|[from] item: Leftovers\n|upkeep\n|turn|45\n|\n|t:|1771155517\n|move|p2a: Phione|Sleep Talk||[still]\n|-fail|p2a: Phione\n|-curestatus|p1a: Phione|slp|[msg]\n|move|p1a: Phione|Scald|p2a: Phione\n|-resisted|p2a: Phione\n|-damage|p2a: Phione|247/293\n|\n|-heal|p1a: Phione|293/293|[from] item: Leftovers\n|-heal|p2a: Phione|265/293|[from] item: Leftovers\n|upkeep\n|turn|46\n|\n|t:|1771155529\n|move|p1a: Phione|Rest|p1a: Phione\n|-fail|p1a: Phione|heal\n|move|p2a: Phione|Take Heart||[still]\n|-boost|p2a: Phione|spa|0\n|-boost|p2a: Phione|spd|0\n|-fail|p2a: Phione\n|\n|-heal|p2a: Phione|283/293|[from] item: Leftovers\n|upkeep\n|turn|47\n|\n|t:|1771155533\n|move|p1a: Phione|Scald|p2a: Phione\n|-resisted|p2a: Phione\n|-damage|p2a: Phione|241/293\n|-status|p2a: Phione|brn\n|move|p2a: Phione|Take Heart|p2a: Phione\n|-boost|p2a: Phione|spa|0\n|-boost|p2a: Phione|spd|0\n|-curestatus|p2a: Phione|brn|[msg]\n|\n|-heal|p2a: Phione|259/293|[from] item: Leftovers\n|upkeep\n|turn|48\n|\n|t:|1771155539\n|move|p2a: Phione|Take Heart||[still]\n|-boost|p2a: Phione|spa|0\n|-boost|p2a: Phione|spd|0\n|-fail|p2a: Phione\n|move|p1a: Phione|Sleep Talk||[still]\n|-fail|p1a: Phione\n|\n|-heal|p2a: Phione|277/293|[from] item: Leftovers\n|upkeep\n|turn|49\n|\n|t:|1771155545\n|move|p2a: Phione|Rest|p2a: Phione\n|-status|p2a: Phione|slp|[from] move: Rest\n|-heal|p2a: Phione|293/293 slp|[silent]\n|move|p1a: Phione|Sleep Talk||[still]\n|-fail|p1a: Phione\n|\n|upkeep\n|turn|50\n|\n|t:|1771155552\n|cant|p2a: Phione|slp\n|move|p1a: Phione|Sleep Talk||[still]\n|-fail|p1a: Phione\n|\n|upkeep\n|turn|51\n|\n|t:|1771155555\n|move|p1a: Phione|Sleep Talk||[still]\n|-fail|p1a: Phione\n|cant|p2a: Phione|slp\n|\n|upkeep\n|turn|52\n|\n|t:|1771155561\n|-curestatus|p2a: Phione|slp|[msg]\n|move|p2a: Phione|Take Heart||[still]\n|-boost|p2a: Phione|spa|0\n|-boost|p2a: Phione|spd|0\n|-fail|p2a: Phione\n|move|p1a: Phione|Sleep Talk||[still]\n|-fail|p1a: Phione\n|\n|upkeep\n|turn|53\n|\n|t:|1771155564\n|move|p2a: Phione|Scald|p1a: Phione\n|-resisted|p1a: Phione\n|-damage|p1a: Phione|248/293\n|move|p1a: Phione|Scald|p2a: Phione\n|-resisted|p2a: Phione\n|-damage|p2a: Phione|251/293\n|-status|p2a: Phione|brn\n|\n|-heal|p1a: Phione|266/293|[from] item: Leftovers\n|-heal|p2a: Phione|269/293 brn|[from] item: Leftovers\n|-damage|p2a: Phione|251/293 brn|[from] brn\n|upkeep\n|turn|54\n|\n|t:|1771155573\n|move|p2a: Phione|Take Heart|p2a: Phione\n|-boost|p2a: Phione|spa|0\n|-boost|p2a: Phione|spd|0\n|-curestatus|p2a: Phione|brn|[msg]\n|move|p1a: Phione|Rest|p1a: Phione\n|-status|p1a: Phione|slp|[from] move: Rest\n|-heal|p1a: Phione|293/293 slp|[silent]\n|\n|-heal|p2a: Phione|269/293|[from] item: Leftovers\n|upkeep\n|turn|55\n|\n|t:|1771155585\n|cant|p1a: Phione|slp\n|move|p2a: Phione|Rest|p2a: Phione\n|-status|p2a: Phione|slp|[from] move: Rest\n|-heal|p2a: Phione|293/293 slp|[silent]\n|\n|upkeep\n|turn|56\n|\n|t:|1771155589\n|cant|p2a: Phione|slp\n|cant|p1a: Phione|slp\n|\n|upkeep\n|turn|57\n|\n|t:|1771155592\n|-curestatus|p1a: Phione|slp|[msg]\n|move|p1a: Phione|Sleep Talk||[still]\n|-fail|p1a: Phione\n|cant|p2a: Phione|slp\n|\n|upkeep\n|turn|58\n|\n|t:|1771155598\n|-curestatus|p2a: Phione|slp|[msg]\n|move|p2a: Phione|Sleep Talk||[still]\n|-fail|p2a: Phione\n|move|p1a: Phione|Sleep Talk||[still]\n|-fail|p1a: Phione\n|\n|upkeep\n|turn|59\n|\n|t:|1771155604\n|move|p1a: Phione|Scald|p2a: Phione\n|-resisted|p2a: Phione\n|-crit|p2a: Phione\n|-damage|p2a: Phione|60/293\n|move|p2a: Phione|Sleep Talk||[still]\n|-fail|p2a: Phione\n|\n|-heal|p2a: Phione|78/293|[from] item: Leftovers\n|upkeep\n|turn|60\n|\n|t:|1771155613\n|move|p2a: Phione|Rest|p2a: Phione\n|-status|p2a: Phione|slp|[from] move: Rest\n|-heal|p2a: Phione|293/293 slp|[silent]\n|move|p1a: Phione|Scald|p2a: Phione\n|-resisted|p2a: Phione\n|-damage|p2a: Phione|251/293 slp\n|\n|-heal|p2a: Phione|269/293 slp|[from] item: Leftovers\n|upkeep\n|turn|61\n|\n|t:|1771155619\n|cant|p2a: Phione|slp\n|move|p1a: Phione|Sleep Talk||[still]\n|-fail|p1a: Phione\n|\n|-heal|p2a: Phione|287/293 slp|[from] item: Leftovers\n|upkeep\n|turn|62\n|\n|t:|1771155626\n|move|p1a: Phione|Sleep Talk||[still]\n|-fail|p1a: Phione\n|cant|p2a: Phione|slp\n|move|p2a: Phione|Sleep Talk|p2a: Phione\n|move|p2a: Phione|Rest||[from] move: Sleep Talk|[still]\n|-fail|p2a: Phione\n|\n|-heal|p2a: Phione|293/293 slp|[from] item: Leftovers\n|upkeep\n|turn|63\n|\n|t:|1771155636\n|move|p1a: Phione|Sleep Talk||[still]\n|-fail|p1a: Phione\n|-curestatus|p2a: Phione|slp|[msg]\n|move|p2a: Phione|Take Heart||[still]\n|-boost|p2a: Phione|spa|0\n|-boost|p2a: Phione|spd|0\n|-fail|p2a: Phione\n|\n|upkeep\n|turn|64\n|\n|t:|1771155644\n|move|p1a: Phione|Sleep Talk||[still]\n|-fail|p1a: Phione\n|move|p2a: Phione|Sleep Talk||[still]\n|-fail|p2a: Phione\n|\n|upkeep\n|turn|65\n|\n|t:|1771155647\n|move|p2a: Phione|Sleep Talk||[still]\n|-fail|p2a: Phione\n|move|p1a: Phione|Sleep Talk||[still]\n|-fail|p1a: Phione\n|\n|upkeep\n|turn|66\n|\n|t:|1771155651\n|move|p2a: Phione|Sleep Talk||[still]\n|-fail|p2a: Phione\n|move|p1a: Phione|Sleep Talk||[still]\n|-fail|p1a: Phione\n|\n|upkeep\n|turn|67\n|\n|t:|1771155653\n|move|p2a: Phione|Scald|p1a: Phione\n|-resisted|p1a: Phione\n|-damage|p1a: Phione|252/293\n|move|p1a: Phione|Scald|p2a: Phione\n|-resisted|p2a: Phione\n|-damage|p2a: Phione|248/293\n|\n|-heal|p2a: Phione|266/293|[from] item: Leftovers\n|-heal|p1a: Phione|270/293|[from] item: Leftovers\n|upkeep\n|turn|68\n|\n|t:|1771155664\n|move|p2a: Phione|Scald|p1a: Phione\n|-resisted|p1a: Phione\n|-crit|p1a: Phione\n|-damage|p1a: Phione|1/293\n|move|p1a: Phione|Scald|p2a: Phione\n|-resisted|p2a: Phione\n|-damage|p2a: Phione|221/293\n|\n|-heal|p1a: Phione|19/293|[from] item: Leftovers\n|-heal|p2a: Phione|239/293|[from] item: Leftovers\n|upkeep\n|turn|69\n|\n|t:|1771155669\n|move|p1a: Phione|Rest|p1a: Phione\n|-status|p1a: Phione|slp|[from] move: Rest\n|-heal|p1a: Phione|293/293 slp|[silent]\n|move|p2a: Phione|Scald|p1a: Phione\n|-resisted|p1a: Phione\n|-damage|p1a: Phione|247/293 slp\n|\n|-heal|p1a: Phione|265/293 slp|[from] item: Leftovers\n|-heal|p2a: Phione|257/293|[from] item: Leftovers\n|upkeep\n|turn|70\n|\n|t:|1771155679\n|cant|p1a: Phione|slp\n|move|p2a: Phione|Rest|p2a: Phione\n|-status|p2a: Phione|slp|[from] move: Rest\n|-heal|p2a: Phione|293/293 slp|[silent]\n|\n|-heal|p1a: Phione|283/293 slp|[from] item: Leftovers\n|upkeep\n|turn|71\n|\n|t:|1771155689\n|cant|p2a: Phione|slp\n|cant|p1a: Phione|slp\n|\n|-heal|p1a: Phione|293/293 slp|[from] item: Leftovers\n|upkeep\n|turn|72\n|\n|t:|1771155698\n|-curestatus|p1a: Phione|slp|[msg]\n|move|p1a: Phione|Scald|p2a: Phione\n|-resisted|p2a: Phione\n|-damage|p2a: Phione|248/293 slp\n|cant|p2a: Phione|slp\n|\n|-heal|p2a: Phione|266/293 slp|[from] item: Leftovers\n|upkeep\n|turn|73\n|\n|t:|1771155703\n|move|p1a: Phione|Scald|p2a: Phione\n|-resisted|p2a: Phione\n|-damage|p2a: Phione|223/293 slp\n|-curestatus|p2a: Phione|slp|[msg]\n|move|p2a: Phione|Sleep Talk||[still]\n|-fail|p2a: Phione\n|\n|-heal|p2a: Phione|241/293|[from] item: Leftovers\n|upkeep\n|turn|74\n|\n|t:|1771155708\n|move|p2a: Phione|Sleep Talk||[still]\n|-fail|p2a: Phione\n|move|p1a: Phione|Scald|p2a: Phione\n|-resisted|p2a: Phione\n|-crit|p2a: Phione\n|-damage|p2a: Phione|0 fnt\n|faint|p2a: Phione\n|\n|upkeep\n|\n|t:|1771155721\n|switch|p2a: Volcanion|Volcanion, L79|255/255\n|turn|75\n|\n|t:|1771155727\n|move|p2a: Volcanion|Sludge Bomb|p1a: Phione\n|-damage|p1a: Phione|275/293\n|-status|p1a: Phione|psn\n|move|p1a: Phione|Scald|p2a: Volcanion\n|-immune|p2a: Volcanion|[from] ability: Water Absorb\n|\n|-heal|p1a: Phione|293/293 psn|[from] item: Leftovers\n|-damage|p1a: Phione|257/293 psn|[from] psn\n|upkeep\n|turn|76\n|\n|t:|1771155739\n|move|p2a: Volcanion|Sludge Bomb|p1a: Phione\n|-damage|p1a: Phione|238/293 psn\n|move|p1a: Phione|Rest|p1a: Phione\n|-status|p1a: Phione|slp|[from] move: Rest\n|-heal|p1a: Phione|293/293 slp|[silent]\n|\n|upkeep\n|turn|77\n|\n|t:|1771155747\n|move|p2a: Volcanion|Sludge Bomb|p1a: Phione\n|-damage|p1a: Phione|275/293 slp\n|cant|p1a: Phione|slp\n|\n|-heal|p1a: Phione|293/293 slp|[from] item: Leftovers\n|upkeep\n|turn|78\n|\n|t:|1771155756\n|move|p2a: Volcanion|Sludge Bomb|p1a: Phione\n|-damage|p1a: Phione|274/293 slp\n|cant|p1a: Phione|slp\n|\n|-heal|p1a: Phione|292/293 slp|[from] item: Leftovers\n|upkeep\n|turn|79\n|\n|t:|1771155759\n|move|p2a: Volcanion|Sludge Bomb|p1a: Phione\n|-damage|p1a: Phione|274/293 slp\n|-curestatus|p1a: Phione|slp|[msg]\n|move|p1a: Phione|Scald|p2a: Volcanion\n|-immune|p2a: Volcanion|[from] ability: Water Absorb\n|\n|-heal|p1a: Phione|292/293|[from] item: Leftovers\n|upkeep\n|turn|80\n|\n|t:|1771155765\n|move|p2a: Volcanion|Sludge Bomb|p1a: Phione\n|-damage|p1a: Phione|273/293\n|move|p1a: Phione|Scald|p2a: Volcanion\n|-immune|p2a: Volcanion|[from] ability: Water Absorb\n|\n|-heal|p1a: Phione|291/293|[from] item: Leftovers\n|upkeep\n|turn|81\n|\n|t:|1771155768\n|move|p2a: Volcanion|Sludge Bomb|p1a: Phione\n|-damage|p1a: Phione|272/293\n|move|p1a: Phione|Scald|p2a: Volcanion\n|-immune|p2a: Volcanion|[from] ability: Water Absorb\n|\n|-heal|p1a: Phione|290/293|[from] item: Leftovers\n|upkeep\n|turn|82\n|\n|t:|1771155770\n|switch|p1a: Chesnaught|Chesnaught, L84, M|285/285\n|move|p2a: Volcanion|Sludge Bomb|p1a: Chesnaught\n|-immune|p1a: Chesnaught|[from] ability: Bulletproof\n|\n|upkeep\n|turn|83\n|\n|t:|1771155778\n|switch|p2a: Flamigo|Flamigo, L82, F|269/269\n|move|p1a: Chesnaught|Knock Off|p2a: Flamigo\n|-resisted|p2a: Flamigo\n|-crit|p2a: Flamigo\n|-damage|p2a: Flamigo|208/269\n|-enditem|p2a: Flamigo|Life Orb|[from] move: Knock Off|[of] p1a: Chesnaught\n|\n|upkeep\n|turn|84\n|\n|t:|1771155785\n|switch|p1a: Persian|Persian-Alola, L86, F|252/252\n|move|p2a: Flamigo|Swords Dance|p2a: Flamigo\n|-boost|p2a: Flamigo|atk|2\n|\n|upkeep\n|turn|85\n|\n|t:|1771155793\n|-terastallize|p1a: Persian|Electric\n|move|p1a: Persian|Thunderbolt|p2a: Flamigo\n|-supereffective|p2a: Flamigo\n|-damage|p2a: Flamigo|2/269\n|move|p2a: Flamigo|Close Combat|p1a: Persian\n|-damage|p1a: Persian|84/252\n|-unboost|p2a: Flamigo|def|1\n|-unboost|p2a: Flamigo|spd|1\n|\n|-heal|p1a: Persian|99/252|[from] item: Leftovers\n|upkeep\n|turn|86\n|\n|t:|1771155807\n|switch|p2a: Florges|Florges-Blue, L85, F|271/271\n|move|p1a: Persian|Thunderbolt|p2a: Florges\n|-damage|p2a: Florges|222/271\n|\n|-heal|p1a: Persian|114/252|[from] item: Leftovers\n|-heal|p2a: Florges|238/271|[from] item: Leftovers\n|upkeep\n|turn|87\n|\n|t:|1771155823\n|switch|p1a: Talonflame|Talonflame, L83, F|222/265\n|move|p2a: Florges|Calm Mind|p2a: Florges\n|-boost|p2a: Florges|spa|1\n|-boost|p2a: Florges|spd|1\n|\n|-heal|p2a: Florges|254/271|[from] item: Leftovers\n|upkeep\n|turn|88\n|\n|t:|1771155829\n|switch|p2a: Volcanion|Volcanion, L79|255/255\n|move|p1a: Talonflame|Taunt|p2a: Volcanion\n|-start|p2a: Volcanion|move: Taunt\n|\n|upkeep\n|turn|89\n|\n|t:|1771155838\n|switch|p1a: Persian|Persian-Alola, L86, F, tera:Electric|114/252\n|move|p2a: Volcanion|Steam Eruption|p1a: Persian\n|-damage|p1a: Persian|0 fnt\n|faint|p1a: Persian\n|\n|upkeep\n|\n|t:|1771155847\n|switch|p1a: Galvantula|Galvantula, L82, M|249/249\n|turn|90\n|\n|t:|1771155853\n|switch|p2a: Houndstone|Houndstone, L86, F|264/264\n|move|p1a: Galvantula|Thunder|p2a: Houndstone\n|-damage|p2a: Houndstone|197/264\n|\n|upkeep\n|turn|91\n|\n|t:|1771155861\n|switch|p1a: Talonflame|Talonflame, L83, F|222/265\n|move|p2a: Houndstone|Poltergeist|p1a: Talonflame|[miss]\n|-miss|p2a: Houndstone|p1a: Talonflame\n|\n|upkeep\n|turn|92\n|\n|t:|1771155865\n|move|p1a: Talonflame|Overheat|p2a: Houndstone\n|-damage|p2a: Houndstone|69/264\n|-unboost|p1a: Talonflame|spa|2\n|move|p2a: Houndstone|Poltergeist|p1a: Talonflame\n|-activate|p1a: Talonflame|move: Poltergeist|Heavy-Duty Boots\n|-damage|p1a: Talonflame|63/265\n|\n|upkeep\n|turn|93\n|\n|t:|1771155870\n|move|p2a: Houndstone|Shadow Sneak|p1a: Talonflame\n|-damage|p1a: Talonflame|6/265\n|move|p1a: Talonflame|Roost|p1a: Talonflame\n|-heal|p1a: Talonflame|139/265\n|-singleturn|p1a: Talonflame|move: Roost\n|\n|upkeep\n|turn|94\n|\n|t:|1771155875\n|move|p1a: Talonflame|Overheat|p2a: Houndstone\n|-damage|p2a: Houndstone|3/264\n|-unboost|p1a: Talonflame|spa|2\n|move|p2a: Houndstone|Poltergeist|p1a: Talonflame\n|-activate|p1a: Talonflame|move: Poltergeist|Heavy-Duty Boots\n|-damage|p1a: Talonflame|0 fnt\n|faint|p1a: Talonflame\n|\n|upkeep\n|\n|t:|1771155887\n|switch|p1a: Galvantula|Galvantula, L82, M|249/249\n|turn|95\n|\n|t:|1771155895\n|move|p1a: Galvantula|Bug Buzz|p2a: Houndstone\n|-resisted|p2a: Houndstone\n|-damage|p2a: Houndstone|0 fnt\n|faint|p2a: Houndstone\n|\n|upkeep\n|\n|t:|1771155898\n|switch|p2a: Volcanion|Volcanion, L79|255/255\n|turn|96\n|\n|t:|1771155902\n|switch|p1a: Phione|Phione, L91|290/293\n|move|p2a: Volcanion|Flamethrower|p1a: Phione\n|-resisted|p1a: Phione\n|-damage|p1a: Phione|241/293\n|\n|-heal|p1a: Phione|259/293|[from] item: Leftovers\n|upkeep\n|turn|97\n|\n|t:|1771155905\n|move|p2a: Volcanion|Flamethrower|p1a: Phione\n|-resisted|p1a: Phione\n|-damage|p1a: Phione|202/293\n|-status|p1a: Phione|brn\n|move|p1a: Phione|Scald|p2a: Volcanion\n|-immune|p2a: Volcanion|[from] ability: Water Absorb\n|\n|-heal|p1a: Phione|220/293 brn|[from] item: Leftovers\n|-damage|p1a: Phione|202/293 brn|[from] brn\n|upkeep\n|turn|98\n|\n|t:|1771155908\n|move|p2a: Volcanion|Flamethrower|p1a: Phione\n|-resisted|p1a: Phione\n|-damage|p1a: Phione|146/293 brn\n|move|p1a: Phione|Scald|p2a: Volcanion\n|-immune|p2a: Volcanion|[from] ability: Water Absorb\n|\n|-heal|p1a: Phione|164/293 brn|[from] item: Leftovers\n|-damage|p1a: Phione|146/293 brn|[from] brn\n|upkeep\n|turn|99\n|\n|t:|1771155911\n|move|p2a: Volcanion|Flamethrower|p1a: Phione\n|-resisted|p1a: Phione\n|-damage|p1a: Phione|95/293 brn\n|move|p1a: Phione|Scald|p2a: Volcanion\n|-immune|p2a: Volcanion|[from] ability: Water Absorb\n|\n|-heal|p1a: Phione|113/293 brn|[from] item: Leftovers\n|-damage|p1a: Phione|95/293 brn|[from] brn\n|upkeep\n|turn|100\n|\n|t:|1771155913\n|move|p2a: Volcanion|Flamethrower|p1a: Phione\n|-resisted|p1a: Phione\n|-damage|p1a: Phione|38/293 brn\n|move|p1a: Phione|Scald|p2a: Volcanion\n|-immune|p2a: Volcanion|[from] ability: Water Absorb\n|\n|-heal|p1a: Phione|56/293 brn|[from] item: Leftovers\n|-damage|p1a: Phione|38/293 brn|[from] brn\n|upkeep\n|turn|101\n|\n|t:|1771155917\n|move|p2a: Volcanion|Flamethrower|p1a: Phione\n|-resisted|p1a: Phione\n|-damage|p1a: Phione|0 fnt\n|faint|p1a: Phione\n|\n|upkeep\n|\n|t:|1771155919\n|switch|p1a: Chesnaught|Chesnaught, L84, M|285/285\n|turn|102\n|\n|t:|1771155929\n|move|p2a: Volcanion|Flamethrower|p1a: Chesnaught\n|-supereffective|p1a: Chesnaught\n|-damage|p1a: Chesnaught|45/285\n|move|p1a: Chesnaught|Knock Off|p2a: Volcanion\n|-damage|p2a: Volcanion|196/255\n|-enditem|p2a: Volcanion|Choice Scarf|[from] move: Knock Off|[of] p1a: Chesnaught\n|\n|-heal|p1a: Chesnaught|62/285|[from] item: Leftovers\n|upkeep\n|turn|103\n|\n|t:|1771155934\n|move|p2a: Volcanion|Flamethrower|p1a: Chesnaught\n|-supereffective|p1a: Chesnaught\n|-damage|p1a: Chesnaught|0 fnt\n|faint|p1a: Chesnaught\n|\n|upkeep\n|\n|t:|1771155936\n|switch|p1a: Galvantula|Galvantula, L82, M|249/249\n|turn|104\n|\n|t:|1771155941\n|-terastallize|p2a: Volcanion|Ground\n|move|p1a: Galvantula|Thunder|p2a: Volcanion\n|-immune|p2a: Volcanion\n|move|p2a: Volcanion|Flamethrower|p1a: Galvantula\n|-supereffective|p1a: Galvantula\n|-damage|p1a: Galvantula|0 fnt\n|faint|p1a: Galvantula\n|\n|win|DeletedUser258\n|raw|bulio10's rating: 1819 &rarr; <strong>1801</strong><br />(-18 for losing)\n|raw|DeletedUser258's rating: 1862 &rarr; <strong>1880</strong><br />(+18 for winning)\n|l|‽bulio10\n|player|p1|\n|c|☆DeletedUser258|gg\n", "inputlog": ">version 686819e5e19f8a7fd2345cfc5a08a5085efa2cc3\n>start {\"formatid\":\"gen9randombattle\",\"seed\":\"sodium,f191b31072120a52376aaedc2dff675c\",\"rated\":\"Rated battle\"}\n>player p1 {\"name\":\"bulio10\",\"avatar\":\"265\",\"rating\":1819,\"seed\":\"sodium,64ecd0da998aa444b664035cd245b18c\"}\n>player p2 {\"name\":\"DeletedUser258\",\"avatar\":\"red-gen3\",\"rating\":1862,\"seed\":\"sodium,a0a46dc114f9578f5e1eadcc153c5f63\"}\n>p1 move uturn\n>p2 move flamethrower\n>p1 switch 3\n>p1 switch 5\n>p2 move flamethrower\n>p1 move takeheart\n>p2 switch 6\n>p1 switch 4\n>p2 move powerwhip\n>p1 move overheat\n>p2 switch 2\n>p1 switch 5\n>p2 move takeheart\n>p1 move thunder\n>p2 move takeheart\n>p1 move thunder\n>p2 move rest\n>p1 switch 4\n>p2 move sleeptalk\n>p1 move takeheart\n>p2 move sleeptalk\n>p1 move takeheart\n>p2 move takeheart\n>p1 move rest\n>p2 move scald\n>p1 move sleeptalk\n>p2 move takeheart\n>p1 move sleeptalk\n>p2 move takeheart\n>p1 move takeheart\n>p2 move takeheart\n>p1 move takeheart\n>p2 move scald\n>p1 move takeheart\n>p2 move scald\n>p1 move takeheart\n>p2 move scald\n>p1 move takeheart\n>p2 move scald\n>p1 move takeheart\n>p2 move scald\n>p1 move rest\n>p2 move scald\n>p1 move sleeptalk\n>p2 move scald\n>p1 move takeheart\n>p2 move takeheart\n>p1 move takeheart\n>p2 move takeheart\n>p1 move takeheart\n>p2 move takeheart\n>p1 move takeheart\n>p2 move takeheart\n>p1 move takeheart\n>p2 move takeheart\n>p1 move takeheart\n>p2 move takeheart\n>p1 move takeheart\n>p2 move takeheart\n>p1 move takeheart\n>p2 move takeheart\n>p1 move takeheart\n>p2 move takeheart\n>p1 move takeheart\n>p2 move takeheart\n>p1 move takeheart\n>p2 move takeheart\n>p1 move takeheart\n>p2 move takeheart\n>p1 move takeheart\n>p2 move scald\n>p1 move takeheart\n>p2 move scald\n>p1 move takeheart\n>p2 move rest\n>p1 move scald\n>p2 move sleeptalk\n>p1 move scald\n>p2 move rest\n>p1 move scald\n>p2 move scald\n>p1 move rest\n>p2 move sleeptalk\n>p1 move rest\n>p2 move scald\n>p1 move rest\n>p2 move scald\n>p1 move rest\n>p2 move sleeptalk\n>p1 move scald\n>p2 move sleeptalk\n>p1 move rest\n>p2 move takeheart\n>p1 move scald\n>p2 move takeheart\n>p1 move sleeptalk\n>p2 move takeheart\n>p1 move sleeptalk\n>p2 move rest\n>p1 move sleeptalk\n>p2 move takeheart\n>p1 move sleeptalk\n>p2 move takeheart\n>p1 move sleeptalk\n>p2 move takeheart\n>p1 move scald\n>p2 move scald\n>p1 move rest\n>p2 move takeheart\n>p1 move scald\n>p2 move rest\n>p1 move scald\n>p2 move takeheart\n>p1 move sleeptalk\n>p2 move takeheart\n>p1 move sleeptalk\n>p2 move sleeptalk\n>p1 move scald\n>p2 move sleeptalk\n>p1 move scald\n>p2 move rest\n>p1 move sleeptalk\n>p2 move takeheart\n>p1 move sleeptalk\n>p2 move sleeptalk\n>p1 move sleeptalk\n>p2 move takeheart\n>p1 move sleeptalk\n>p2 move sleeptalk\n>p1 move sleeptalk\n>p2 move sleeptalk\n>p1 move sleeptalk\n>p2 move sleeptalk\n>p1 move scald\n>p2 move scald\n>p1 move scald\n>p2 move scald\n>p1 move rest\n>p2 move scald\n>p1 move rest\n>p2 move rest\n>p1 move rest\n>p2 move scald\n>p1 move scald\n>p2 move scald\n>p1 move scald\n>p2 move sleeptalk\n>p1 move scald\n>p2 move sleeptalk\n>p2 switch 6\n>p1 move scald\n>p2 move sludgebomb\n>p1 move rest\n>p2 move sludgebomb\n>p1 move scald\n>p2 move sludgebomb\n>p1 move scald\n>p2 move sludgebomb\n>p1 move scald\n>p2 move sludgebomb\n>p1 move scald\n>p2 move sludgebomb\n>p1 move scald\n>p2 move sludgebomb\n>p1 switch 6\n>p2 move sludgebomb\n>p1 move knockoff\n>p2 switch 5\n>p1 switch 2\n>p2 move swordsdance\n>p1 move thunderbolt terastallize\n>p2 move closecombat\n>p1 move thunderbolt\n>p2 switch 3\n>p1 switch 5\n>p2 move calmmind\n>p1 move taunt\n>p2 switch 5\n>p1 switch 5\n>p2 move steameruption\n>p1 switch 4\n>p1 move thunder\n>p2 switch 4\n>p1 switch 5\n>p2 move poltergeist\n>p1 move overheat\n>p2 move poltergeist\n>p1 move roost\n>p2 move shadowsneak\n>p1 move overheat\n>p2 move poltergeist\n>p1 switch 5\n>p1 move bugbuzz\n>p2 move poltergeist\n>p2 switch 4\n>p1 switch 6\n>p2 move flamethrower\n>p1 move scald\n>p2 move flamethrower\n>p1 move scald\n>p2 move flamethrower\n>p1 move scald\n>p2 move flamethrower\n>p1 move scald\n>p2 move flamethrower\n>p1 move scald\n>p2 move flamethrower\n>p1 switch 2\n>p1 move knockoff\n>p2 move flamethrower\n>p1 move woodhammer\n>p2 move flamethrower\n>p1 switch 6\n>p1 move thunder\n>p2 move flamethrower terastallize", "uploadtime": 1771155954, "views": 14, "formatid": "gen9randombattle", "rating": 1801, "private": 0, "password": null}