{"id": "gen9randombattle-2540529457", "format": "[Gen 9] Random Battle", "players": ["Korbomemero", "jasoncaesar"], "log": "|j|☆Korbomemero\n|j|☆jasoncaesar\n|t:|1771213629\n|gametype|singles\n|player|p1|Korbomemero|red|1516\n|player|p2|jasoncaesar|101|1537\n|gen|9\n|tier|[Gen 9] Random Battle\n|rated|\n|rule|Species Clause: Limit one of each Pokémon\n|rule|HP Percentage Mod: HP is shown in percentages\n|rule|Sleep Clause Mod: Limit one foe put to sleep\n|rule|Illusion Level Mod: Illusion disguises the Pokémon's true level\n|\n|t:|1771213629\n|teamsize|p1|6\n|teamsize|p2|6\n|start\n|switch|p1a: Forretress|Forretress, L84, F|263/263\n|switch|p2a: Tauros|Tauros-Paldea-Combat, L82, M|257/257\n|-ability|p2a: Tauros|Intimidate|boost\n|-unboost|p1a: Forretress|atk|1\n|turn|1\n|\n|t:|1771213636\n|move|p2a: Tauros|Bulk Up|p2a: Tauros\n|-boost|p2a: Tauros|atk|1\n|-boost|p2a: Tauros|def|1\n|move|p1a: Forretress|Stealth Rock|p2a: Tauros\n|-sidestart|p2: jasoncaesar|move: Stealth Rock\n|\n|upkeep\n|turn|2\n|inactive|Battle timer is ON: inactive players will automatically lose when time's up. (requested by jasoncaesar)\n|\n|t:|1771213649\n|switch|p1a: Sableye|Sableye, L88, F|231/231\n|move|p2a: Tauros|Iron Head|p1a: Sableye\n|-damage|p1a: Sableye|96/231\n|-damage|p2a: Tauros|232/257|[from] item: Life Orb\n|\n|-heal|p1a: Sableye|110/231|[from] item: Leftovers\n|upkeep\n|turn|3\n|\n|t:|1771213659\n|move|p1a: Sableye|Thunder Wave|p2a: Tauros\n|-status|p2a: Tauros|par\n|cant|p2a: Tauros|par\n|\n|-heal|p1a: Sableye|124/231|[from] item: Leftovers\n|upkeep\n|turn|4\n|\n|t:|1771213667\n|move|p1a: Sableye|Recover|p1a: Sableye\n|-heal|p1a: Sableye|231/231\n|move|p2a: Tauros|Iron Head|p1a: Sableye\n|-damage|p1a: Sableye|109/231\n|-damage|p2a: Tauros|207/257 par|[from] item: Life Orb\n|\n|-heal|p1a: Sableye|123/231|[from] item: Leftovers\n|upkeep\n|turn|5\n|\n|t:|1771213680\n|switch|p2a: Gliscor|Gliscor, L76, M|239/239\n|-damage|p2a: Gliscor|210/239|[from] Stealth Rock\n|move|p1a: Sableye|Recover|p1a: Sableye\n|-heal|p1a: Sableye|231/231\n|\n|-status|p2a: Gliscor|tox|[from] item: Toxic Orb\n|upkeep\n|turn|6\n|\n|t:|1771213685\n|move|p2a: Gliscor|Toxic|p1a: Sableye\n|-status|p1a: Sableye|tox\n|move|p1a: Sableye|Knock Off|p2a: Gliscor\n|-damage|p2a: Gliscor|128/239 tox\n|-enditem|p2a: Gliscor|Toxic Orb|[from] move: Knock Off|[of] p1a: Sableye\n|\n|-heal|p2a: Gliscor|157/239 tox|[from] ability: Poison Heal\n|-damage|p1a: Sableye|217/231 tox|[from] psn\n|upkeep\n|turn|7\n|\n|t:|1771213689\n|move|p1a: Sableye|Encore|p2a: Gliscor\n|-start|p2a: Gliscor|Encore\n|move|p2a: Gliscor|Toxic|p1a: Sableye\n|-fail|p1a: Sableye|tox\n|\n|-heal|p1a: Sableye|231/231 tox|[from] item: Leftovers\n|-heal|p2a: Gliscor|186/239 tox|[from] ability: Poison Heal\n|-damage|p1a: Sableye|203/231 tox|[from] psn\n|upkeep\n|turn|8\n|\n|t:|1771213701\n|switch|p1a: Kingambit|Kingambit, L74, F|270/270\n|move|p2a: Gliscor|Toxic|p1a: Kingambit\n|-immune|p1a: Kingambit\n|\n|-heal|p2a: Gliscor|215/239 tox|[from] ability: Poison Heal\n|upkeep\n|turn|9\n|\n|t:|1771213706\n|switch|p2a: Clawitzer|Clawitzer, L87, M|265/265\n|-damage|p2a: Clawitzer|232/265|[from] Stealth Rock\n|move|p1a: Kingambit|Swords Dance|p1a: Kingambit\n|-boost|p1a: Kingambit|atk|2\n|\n|upkeep\n|turn|10\n|\n|t:|1771213712\n|move|p2a: Clawitzer|Water Pulse|p1a: Kingambit\n|-damage|p1a: Kingambit|122/270\n|move|p1a: Kingambit|Kowtow Cleave|p2a: Clawitzer\n|-damage|p2a: Clawitzer|58/265\n|\n|-heal|p1a: Kingambit|138/270|[from] item: Leftovers\n|upkeep\n|turn|11\n|\n|t:|1771213719\n|move|p1a: Kingambit|Sucker Punch|p2a: Clawitzer\n|-damage|p2a: Clawitzer|0 fnt\n|faint|p2a: Clawitzer\n|\n|-heal|p1a: Kingambit|154/270|[from] item: Leftovers\n|upkeep\n|\n|t:|1771213722\n|switch|p2a: Gliscor|Gliscor, L76, M|215/239 tox\n|-damage|p2a: Gliscor|186/239 tox|[from] Stealth Rock\n|turn|12\n|\n|t:|1771213732\n|-end|p1a: Kingambit|fallenundefined|[silent]\n|switch|p1a: Forretress|Forretress, L84, F|263/263\n|move|p2a: Gliscor|Protect||[still]\n|-fail|p2a: Gliscor\n|\n|-heal|p2a: Gliscor|215/239 tox|[from] ability: Poison Heal\n|upkeep\n|turn|13\n|\n|t:|1771213737\n|move|p2a: Gliscor|Knock Off|p1a: Forretress\n|-damage|p1a: Forretress|221/263\n|-enditem|p1a: Forretress|Leftovers|[from] move: Knock Off|[of] p2a: Gliscor\n|move|p1a: Forretress|Iron Head|p2a: Gliscor\n|-damage|p2a: Gliscor|142/239 tox\n|\n|-heal|p2a: Gliscor|171/239 tox|[from] ability: Poison Heal\n|upkeep\n|turn|14\n|\n|t:|1771213746\n|move|p2a: Gliscor|Earthquake|p1a: Forretress\n|-damage|p1a: Forretress|166/263\n|move|p1a: Forretress|Spikes|p2a: Gliscor\n|-sidestart|p2: jasoncaesar|Spikes\n|\n|-heal|p2a: Gliscor|200/239 tox|[from] ability: Poison Heal\n|upkeep\n|turn|15\n|\n|t:|1771213755\n|move|p2a: Gliscor|Earthquake|p1a: Forretress\n|-damage|p1a: Forretress|109/263\n|move|p1a: Forretress|Spikes|p2a: Gliscor\n|-sidestart|p2: jasoncaesar|Spikes\n|\n|-heal|p2a: Gliscor|229/239 tox|[from] ability: Poison Heal\n|upkeep\n|turn|16\n|\n|t:|1771213759\n|move|p2a: Gliscor|Earthquake|p1a: Forretress\n|-damage|p1a: Forretress|52/263\n|move|p1a: Forretress|Spikes|p2a: Gliscor\n|-sidestart|p2: jasoncaesar|Spikes\n|\n|-heal|p2a: Gliscor|239/239 tox|[from] ability: Poison Heal\n|upkeep\n|turn|17\n|\n|t:|1771213768\n|move|p2a: Gliscor|Earthquake|p1a: Forretress\n|-damage|p1a: Forretress|0 fnt\n|faint|p1a: Forretress\n|\n|upkeep\n|\n|t:|1771213783\n|switch|p1a: Raikou|Raikou, L81|278/278\n|-ability|p1a: Raikou|Pressure\n|turn|18\n|\n|t:|1771213787\n|-terastallize|p1a: Raikou|Water\n|move|p1a: Raikou|Substitute|p1a: Raikou\n|-start|p1a: Raikou|Substitute\n|-damage|p1a: Raikou|209/278\n|move|p2a: Gliscor|Toxic||[still]\n|-fail|p2a: Gliscor\n|\n|-heal|p1a: Raikou|226/278|[from] item: Leftovers\n|upkeep\n|turn|19\n|\n|t:|1771213793\n|move|p1a: Raikou|Calm Mind|p1a: Raikou\n|-boost|p1a: Raikou|spa|1\n|-boost|p1a: Raikou|spd|1\n|move|p2a: Gliscor|Earthquake|p1a: Raikou\n|-end|p1a: Raikou|Substitute\n|\n|-heal|p1a: Raikou|243/278|[from] item: Leftovers\n|upkeep\n|turn|20\n|\n|t:|1771213798\n|-terastallize|p2a: Gliscor|Water\n|move|p1a: Raikou|Scald|p2a: Gliscor\n|-resisted|p2a: Gliscor\n|-damage|p2a: Gliscor|159/239 tox\n|move|p2a: Gliscor|Knock Off|p1a: Raikou\n|-damage|p1a: Raikou|175/278\n|-enditem|p1a: Raikou|Leftovers|[from] move: Knock Off|[of] p2a: Gliscor\n|\n|-heal|p2a: Gliscor|188/239 tox|[from] ability: Poison Heal\n|upkeep\n|turn|21\n|\n|t:|1771213810\n|move|p2a: Gliscor|Protect|p2a: Gliscor\n|-singleturn|p2a: Gliscor|Protect\n|move|p1a: Raikou|Thunderbolt|p2a: Gliscor\n|-activate|p2a: Gliscor|move: Protect\n|\n|-heal|p2a: Gliscor|217/239 tox|[from] ability: Poison Heal\n|upkeep\n|turn|22\n|\n|t:|1771213816\n|switch|p2a: Tauros|Tauros-Paldea-Combat, L82, M|207/257 par\n|-damage|p2a: Tauros|191/257 par|[from] Stealth Rock\n|-damage|p2a: Tauros|127/257 par|[from] Spikes\n|-ability|p2a: Tauros|Intimidate|boost\n|-unboost|p1a: Raikou|atk|1\n|move|p1a: Raikou|Thunderbolt|p2a: Tauros\n|-damage|p2a: Tauros|0 fnt\n|faint|p2a: Tauros\n|\n|upkeep\n|\n|t:|1771213826\n|switch|p2a: Palossand|Palossand, L89, F|296/296\n|-damage|p2a: Palossand|278/296|[from] Stealth Rock\n|-damage|p2a: Palossand|204/296|[from] Spikes\n|turn|23\n|\n|t:|1771213831\n|move|p1a: Raikou|Scald|p2a: Palossand\n|-supereffective|p2a: Palossand\n|-damage|p2a: Palossand|0 fnt\n|faint|p2a: Palossand\n|\n|upkeep\n|-message|jasoncaesar forfeited.\n|\n|win|Korbomemero\n|raw|Korbomemero's rating: 1516 &rarr; <strong>1537</strong><br />(+21 for winning)\n|raw|jasoncaesar's rating: 1537 &rarr; <strong>1516</strong><br />(-21 for losing)\n|l|☆jasoncaesar\n|player|p2|\n", "inputlog": ">version 686819e5e19f8a7fd2345cfc5a08a5085efa2cc3\n>start {\"formatid\":\"gen9randombattle\",\"seed\":\"sodium,78bb300fd5eb800b0943af0f3e4b8765\",\"rated\":\"Rated battle\"}\n>player p1 {\"name\":\"Korbomemero\",\"avatar\":\"red\",\"rating\":1516,\"seed\":\"sodium,e86840681a1bea8674525623ef28ba1e\"}\n>player p2 {\"name\":\"jasoncaesar\",\"avatar\":\"101\",\"rating\":1537,\"seed\":\"sodium,0a78cef66317867b17dfa2d963a30501\"}\n>p1 move stealthrock\n>p2 move bulkup\n>p1 switch 5\n>p2 move ironhead\n>p1 move thunderwave\n>p2 move ironhead\n>p1 move recover\n>p2 move ironhead\n>p1 move recover\n>p2 switch 6\n>p1 move knockoff\n>p2 move toxic\n>p1 move encore\n>p2 move knockoff\n>p1 switch 4\n>p2 move toxic\n>p1 move swordsdance\n>p2 switch 3\n>p1 move kowtowcleave\n>p2 move waterpulse\n>p1 move suckerpunch\n>p2 move waterpulse\n>p2 switch 3\n>p1 switch 5\n>p2 move protect\n>p1 move ironhead\n>p2 move knockoff\n>p1 move spikes\n>p2 move earthquake\n>p1 move spikes\n>p2 move earthquake\n>p1 move spikes\n>p2 move earthquake\n>p1 move ironhead\n>p2 move earthquake\n>p1 switch 3\n>p1 move substitute terastallize\n>p2 move toxic\n>p1 move calmmind\n>p2 move earthquake\n>p1 move scald\n>p2 move knockoff terastallize\n>p1 move thunderbolt\n>p2 move protect\n>p1 move thunderbolt\n>p2 switch 6\n>p2 switch 2\n>p1 move scald\n>p2 move shadowball\n>forcelose p2", "uploadtime": 1771213838, "views": 11, "formatid": "gen9randombattle", "rating": 1516, "private": 0, "password": null}