{"id": "gen9randombattle-2540190034", "format": "[Gen 9] Random Battle", "players": ["Leobattlesyou", "PohKayMahn"], "log": "|j|☆Leobattlesyou\n|j|☆PohKayMahn\n|t:|1771173796\n|gametype|singles\n|player|p1|Leobattlesyou|ruinmaniac|1926\n|player|p2|PohKayMahn|2|1927\n|gen|9\n|tier|[Gen 9] Random Battle\n|rated|\n|rule|Species Clause: Limit one of each Pokémon\n|rule|HP Percentage Mod: HP is shown in percentages\n|rule|Sleep Clause Mod: Limit one foe put to sleep\n|rule|Illusion Level Mod: Illusion disguises the Pokémon's true level\n|\n|t:|1771173796\n|teamsize|p1|6\n|teamsize|p2|6\n|start\n|switch|p1a: Blissey|Blissey, L85, F|572/572\n|switch|p2a: Bastiodon|Bastiodon, L89, F|252/252\n|turn|1\n|inactive|Battle timer is ON: inactive players will automatically lose when time's up. (requested by Leobattlesyou)\n|inactive|PohKayMahn also wants the timer to be on.\n|inactive|Leobattlesyou has 120 seconds left.\n|inactive|PohKayMahn has 120 seconds left.\n|\n|t:|1771173830\n|switch|p1a: Electrode|Electrode, L92|260/260\n|move|p2a: Bastiodon|Body Press|p1a: Electrode\n|-damage|p1a: Electrode|161/260\n|\n|upkeep\n|turn|2\n|\n|t:|1771173844\n|switch|p2a: Donphan|Donphan, L84, M|288/288\n|move|p1a: Electrode|Thunderbolt|p2a: Donphan\n|-immune|p2a: Donphan\n|\n|upkeep\n|turn|3\n|\n|t:|1771173854\n|switch|p1a: Vigoroth|Vigoroth, L85, F|275/275\n|move|p2a: Donphan|Knock Off|p1a: Vigoroth\n|-damage|p1a: Vigoroth|215/275\n|-enditem|p1a: Vigoroth|Eviolite|[from] move: Knock Off|[of] p2a: Donphan\n|\n|upkeep\n|turn|4\n|inactive|PohKayMahn has 120 seconds left.\n|\n|t:|1771173898\n|move|p1a: Vigoroth|Knock Off|p2a: Donphan\n|-damage|p2a: Donphan|240/288\n|-enditem|p2a: Donphan|Assault Vest|[from] move: Knock Off|[of] p1a: Vigoroth\n|move|p2a: Donphan|Earthquake|p1a: Vigoroth\n|-damage|p1a: Vigoroth|91/275\n|\n|upkeep\n|turn|5\n|\n|t:|1771173905\n|move|p1a: Vigoroth|Body Slam|p2a: Donphan\n|-damage|p2a: Donphan|174/288\n|-status|p2a: Donphan|par\n|move|p2a: Donphan|Rapid Spin|p1a: Vigoroth\n|-damage|p1a: Vigoroth|46/275\n|-boost|p2a: Donphan|spe|1\n|\n|upkeep\n|turn|6\n|\n|t:|1771173912\n|move|p1a: Vigoroth|Slack Off|p1a: Vigoroth\n|-heal|p1a: Vigoroth|184/275\n|move|p2a: Donphan|Earthquake|p1a: Vigoroth\n|-damage|p1a: Vigoroth|54/275\n|\n|upkeep\n|turn|7\n|\n|t:|1771173916\n|move|p1a: Vigoroth|Slack Off|p1a: Vigoroth\n|-heal|p1a: Vigoroth|192/275\n|move|p2a: Donphan|Earthquake|p1a: Vigoroth\n|-damage|p1a: Vigoroth|68/275\n|\n|upkeep\n|turn|8\n|\n|t:|1771173918\n|switch|p2a: Scovillain|Scovillain, L91, M|266/266\n|move|p1a: Vigoroth|Slack Off|p1a: Vigoroth\n|-heal|p1a: Vigoroth|206/275\n|\n|upkeep\n|turn|9\n|\n|t:|1771173922\n|move|p1a: Vigoroth|Knock Off|p2a: Scovillain\n|-damage|p2a: Scovillain|192/266\n|-enditem|p2a: Scovillain|Heavy-Duty Boots|[from] move: Knock Off|[of] p1a: Vigoroth\n|move|p2a: Scovillain|Sunny Day|p2a: Scovillain\n|-weather|SunnyDay\n|\n|-weather|SunnyDay|[upkeep]\n|upkeep\n|turn|10\n|\n|t:|1771173930\n|switch|p1a: Blissey|Blissey, L85, F|572/572\n|move|p2a: Scovillain|Fire Blast|p1a: Blissey\n|-crit|p1a: Blissey\n|-damage|p1a: Blissey|329/572\n|\n|-weather|SunnyDay|[upkeep]\n|-heal|p1a: Blissey|364/572|[from] item: Leftovers\n|upkeep\n|turn|11\n|\n|t:|1771173940\n|switch|p2a: Donphan|Donphan, L84, M|174/288 par\n|move|p1a: Blissey|Soft-Boiled|p1a: Blissey\n|-heal|p1a: Blissey|572/572\n|\n|-weather|SunnyDay|[upkeep]\n|upkeep\n|turn|12\n|\n|t:|1771173942\n|switch|p1a: Vigoroth|Vigoroth, L85, F|206/275\n|cant|p2a: Donphan|par\n|\n|-weather|SunnyDay|[upkeep]\n|upkeep\n|turn|13\n|\n|t:|1771173960\n|switch|p1a: Rhydon|Rhydon, L85, M|317/317\n|switch|p2a: Garganacl|Garganacl, L80, F|291/291\n|\n|-weather|none\n|upkeep\n|turn|14\n|\n|t:|1771173971\n|switch|p2a: Scovillain|Scovillain, L91, M|192/266\n|move|p1a: Rhydon|Swords Dance|p1a: Rhydon\n|-boost|p1a: Rhydon|atk|2\n|\n|upkeep\n|turn|15\n|\n|t:|1771173974\n|switch|p1a: Blissey|Blissey, L85, F|572/572\n|move|p2a: Scovillain|Energy Ball|p1a: Blissey\n|-damage|p1a: Blissey|479/572\n|\n|-heal|p1a: Blissey|514/572|[from] item: Leftovers\n|upkeep\n|turn|16\n|\n|t:|1771173982\n|switch|p2a: Garganacl|Garganacl, L80, F|291/291\n|move|p1a: Blissey|Stealth Rock|p2a: Garganacl\n|-sidestart|p2: PohKayMahn|move: Stealth Rock\n|\n|-heal|p1a: Blissey|549/572|[from] item: Leftovers\n|upkeep\n|turn|17\n|\n|t:|1771173990\n|switch|p1a: Electrode|Electrode, L92|161/260\n|move|p2a: Garganacl|Iron Defense|p2a: Garganacl\n|-boost|p2a: Garganacl|def|2\n|\n|upkeep\n|turn|18\n|\n|t:|1771174006\n|move|p1a: Electrode|Tera Blast|p2a: Garganacl\n|-resisted|p2a: Garganacl\n|-damage|p2a: Garganacl|253/291\n|-damage|p1a: Electrode|135/260|[from] item: Life Orb\n|move|p2a: Garganacl|Body Press|p1a: Electrode\n|-damage|p1a: Electrode|0 fnt\n|faint|p1a: Electrode\n|\n|-heal|p2a: Garganacl|271/291|[from] item: Leftovers\n|upkeep\n|\n|t:|1771174013\n|switch|p1a: Latios|Latios, L78, M|253/253\n|turn|19\n|\n|t:|1771174031\n|switch|p2a: Donphan|Donphan, L84, M|174/288 par\n|-damage|p2a: Donphan|156/288 par|[from] Stealth Rock\n|move|p1a: Latios|Calm Mind|p1a: Latios\n|-boost|p1a: Latios|spa|1\n|-boost|p1a: Latios|spd|1\n|\n|upkeep\n|turn|20\n|\n|t:|1771174038\n|move|p1a: Latios|Draco Meteor|p2a: Donphan\n|-damage|p2a: Donphan|0 fnt\n|-unboost|p1a: Latios|spa|2\n|faint|p2a: Donphan\n|\n|upkeep\n|inactive|PohKayMahn has 120 seconds left.\n|\n|t:|1771174079\n|switch|p2a: Ambipom|Ambipom, L84, M|263/263\n|-damage|p2a: Ambipom|231/263|[from] Stealth Rock\n|turn|21\n|\n|t:|1771174088\n|switch|p1a: Vigoroth|Vigoroth, L85, F|206/275\n|move|p2a: Ambipom|U-turn|p1a: Vigoroth\n|-damage|p1a: Vigoroth|133/275\n|\n|t:|1771174095\n|switch|p2a: Scovillain|Scovillain, L91, M|192/266|[from] U-turn\n|-damage|p2a: Scovillain|126/266|[from] Stealth Rock\n|\n|upkeep\n|turn|22\n|\n|t:|1771174104\n|switch|p2a: Ambipom|Ambipom, L84, M|231/263\n|-damage|p2a: Ambipom|199/263|[from] Stealth Rock\n|move|p1a: Vigoroth|Body Slam|p2a: Ambipom\n|-damage|p2a: Ambipom|106/263\n|\n|upkeep\n|turn|23\n|\n|t:|1771174111\n|move|p2a: Ambipom|Triple Axel|p1a: Vigoroth\n|-damage|p1a: Vigoroth|101/275\n|-damage|p1a: Vigoroth|32/275\n|-damage|p1a: Vigoroth|0 fnt\n|faint|p1a: Vigoroth\n|-hitcount|p1: Vigoroth|3\n|\n|upkeep\n|\n|t:|1771174124\n|switch|p1a: Rhydon|Rhydon, L85, M|317/317\n|turn|24\n|\n|t:|1771174130\n|move|p2a: Ambipom|Triple Axel|p1a: Rhydon\n|-supereffective|p1a: Rhydon\n|-damage|p1a: Rhydon|283/317\n|-supereffective|p1a: Rhydon\n|-damage|p1a: Rhydon|219/317\n|-supereffective|p1a: Rhydon\n|-damage|p1a: Rhydon|115/317\n|-hitcount|p1a: Rhydon|3\n|move|p1a: Rhydon|Earthquake|p2a: Ambipom\n|-damage|p2a: Ambipom|0 fnt\n|faint|p2a: Ambipom\n|\n|upkeep\n|inactive|PohKayMahn has 120 seconds left.\n|\n|t:|1771174176\n|switch|p2a: Bastiodon|Bastiodon, L89, F|252/252\n|-damage|p2a: Bastiodon|237/252|[from] Stealth Rock\n|turn|25\n|\n|t:|1771174180\n|-terastallize|p2a: Bastiodon|Fighting\n|move|p1a: Rhydon|Swords Dance|p1a: Rhydon\n|-boost|p1a: Rhydon|atk|2\n|move|p2a: Bastiodon|Body Press|p1a: Rhydon\n|-supereffective|p1a: Rhydon\n|-damage|p1a: Rhydon|0 fnt\n|faint|p1a: Rhydon\n|\n|upkeep\n|\n|t:|1771174186\n|switch|p1a: Latios|Latios, L78, M|253/253\n|turn|26\n|\n|t:|1771174192\n|move|p1a: Latios|Calm Mind|p1a: Latios\n|-boost|p1a: Latios|spa|1\n|-boost|p1a: Latios|spd|1\n|move|p2a: Bastiodon|Foul Play|p1a: Latios\n|-supereffective|p1a: Latios\n|-damage|p1a: Latios|149/253\n|\n|upkeep\n|turn|27\n|\n|t:|1771174196\n|move|p1a: Latios|Calm Mind|p1a: Latios\n|-boost|p1a: Latios|spa|1\n|-boost|p1a: Latios|spd|1\n|move|p2a: Bastiodon|Foul Play|p1a: Latios\n|-supereffective|p1a: Latios\n|-damage|p1a: Latios|43/253\n|\n|upkeep\n|turn|28\n|inactive|PohKayMahn has 120 seconds left.\n|\n|t:|1771174216\n|switch|p2a: Garganacl|Garganacl, L80, F|271/291\n|-damage|p2a: Garganacl|235/291|[from] Stealth Rock\n|move|p1a: Latios|Psyshock|p2a: Garganacl\n|-damage|p2a: Garganacl|60/291\n|\n|-heal|p2a: Garganacl|78/291|[from] item: Leftovers\n|upkeep\n|turn|29\n|\n|t:|1771174221\n|move|p1a: Latios|Calm Mind|p1a: Latios\n|-boost|p1a: Latios|spa|1\n|-boost|p1a: Latios|spd|1\n|move|p2a: Garganacl|Salt Cure|p1a: Latios\n|-damage|p1a: Latios|1/253\n|-start|p1a: Latios|Salt Cure\n|\n|-heal|p2a: Garganacl|96/291|[from] item: Leftovers\n|-damage|p1a: Latios|0 fnt|[from] Salt Cure\n|faint|p1a: Latios\n|upkeep\n|\n|t:|1771174228\n|switch|p1a: Haxorus|Haxorus, L77, F|244/244\n|-ability|p1a: Haxorus|Mold Breaker\n|turn|30\n|\n|t:|1771174243\n|switch|p2a: Scovillain|Scovillain, L91, M|126/266\n|-damage|p2a: Scovillain|60/266|[from] Stealth Rock\n|move|p1a: Haxorus|Iron Head|p2a: Scovillain\n|-resisted|p2a: Scovillain\n|-crit|p2a: Scovillain\n|-damage|p2a: Scovillain|0 fnt\n|faint|p2a: Scovillain\n|\n|upkeep\n|\n|t:|1771174249\n|switch|p2a: Bastiodon|Bastiodon, L89, F, tera:Fighting|237/252\n|-damage|p2a: Bastiodon|222/252|[from] Stealth Rock\n|turn|31\n|\n|t:|1771174255\n|move|p1a: Haxorus|Swords Dance|p1a: Haxorus\n|-boost|p1a: Haxorus|atk|2\n|move|p2a: Bastiodon|Iron Defense|p2a: Bastiodon\n|-boost|p2a: Bastiodon|def|2\n|\n|upkeep\n|turn|32\n|\n|t:|1771174264\n|move|p1a: Haxorus|Iron Head|p2a: Bastiodon\n|-damage|p2a: Bastiodon|185/252\n|move|p2a: Bastiodon|Body Press|p1a: Haxorus\n|-damage|p1a: Haxorus|0 fnt\n|faint|p1a: Haxorus\n|\n|upkeep\n|\n|t:|1771174269\n|switch|p1a: Blissey|Blissey, L85, F|549/572\n|turn|33\n|\n|t:|1771174272\n|move|p1a: Blissey|Thunder Wave|p2a: Bastiodon\n|-status|p2a: Bastiodon|par\n|cant|p2a: Bastiodon|par\n|\n|-heal|p1a: Blissey|572/572|[from] item: Leftovers\n|upkeep\n|turn|34\n|\n|t:|1771174276\n|move|p1a: Blissey|Seismic Toss|p2a: Bastiodon\n|-damage|p2a: Bastiodon|100/252 par\n|cant|p2a: Bastiodon|par\n|\n|upkeep\n|turn|35\n|\n|t:|1771174280\n|move|p1a: Blissey|Seismic Toss|p2a: Bastiodon\n|-damage|p2a: Bastiodon|15/252 par\n|move|p2a: Bastiodon|Body Press|p1a: Blissey\n|-supereffective|p1a: Blissey\n|-damage|p1a: Blissey|0 fnt\n|faint|p1a: Blissey\n|\n|win|PohKayMahn\n|raw|Leobattlesyou's rating: 1926 &rarr; <strong>1906</strong><br />(-20 for losing)\n|raw|PohKayMahn's rating: 1927 &rarr; <strong>1947</strong><br />(+20 for winning)\n|c|☆PohKayMahn|gg\n|l|☆Leobattlesyou\n|player|p1|\n", "inputlog": ">version 686819e5e19f8a7fd2345cfc5a08a5085efa2cc3\n>start {\"formatid\":\"gen9randombattle\",\"seed\":\"sodium,02b74a865b72535bcf28b87b1211facf\",\"rated\":\"Rated battle\"}\n>player p1 {\"name\":\"Leobattlesyou\",\"avatar\":\"ruinmaniac\",\"rating\":1926,\"seed\":\"sodium,48eee9c182ae377203ff8e107c18b5e9\"}\n>player p2 {\"name\":\"PohKayMahn\",\"avatar\":\"2\",\"rating\":1927,\"seed\":\"sodium,cef77d20a1a12c6eb335feb3f21b260e\"}\n>p1 switch 5\n>p2 move bodypress\n>p1 move thunderbolt\n>p2 switch 6\n>p1 switch 2\n>p2 move knockoff\n>p1 move knockoff\n>p2 move earthquake\n>p1 move bodyslam\n>p2 move rapidspin\n>p1 move slackoff\n>p2 move earthquake\n>p1 move slackoff\n>p2 move earthquake\n>p1 move slackoff\n>p2 switch 5\n>p1 move knockoff\n>p2 move sunnyday\n>p1 switch 5\n>p2 move fireblast\n>p1 move softboiled\n>p2 switch 5\n>p1 switch 5\n>p2 move earthquake\n>p1 switch 3\n>p2 switch 2\n>p1 move swordsdance\n>p2 switch 5\n>p1 switch 5\n>p2 move energyball\n>p1 move stealthrock\n>p2 switch 5\n>p1 switch 2\n>p2 move irondefense\n>p1 move terablast\n>p2 move bodypress\n>p1 switch 4\n>p1 move calmmind\n>p2 switch 2\n>p1 move dracometeor\n>p2 move rapidspin\n>p2 switch 4\n>p1 switch 3\n>p2 move uturn\n>p2 switch 5\n>p1 move bodyslam\n>p2 switch 5\n>p1 move bodyslam\n>p2 move tripleaxel\n>p1 switch 5\n>p1 move earthquake\n>p2 move tripleaxel\n>p2 switch 6\n>p1 move swordsdance\n>p2 move bodypress terastallize\n>p1 switch 3\n>p1 move calmmind\n>p2 move foulplay\n>p1 move calmmind\n>p2 move foulplay\n>p1 move psyshock\n>p2 switch 2\n>p1 move calmmind\n>p2 move saltcure\n>p1 switch 6\n>p1 move ironhead\n>p2 switch 5\n>p2 switch 2\n>p1 move swordsdance\n>p2 move irondefense\n>p1 move ironhead\n>p2 move bodypress\n>p1 switch 2\n>p1 move thunderwave\n>p2 move bodypress\n>p1 move seismictoss\n>p2 move bodypress\n>p1 move seismictoss\n>p2 move bodypress", "uploadtime": 1771174287, "views": 14, "formatid": "gen9randombattle", "rating": 1906, "private": 0, "password": null}