{"id": "gen9randombattle-2539998920", "format": "[Gen 9] Random Battle", "players": ["red_ash_steven", "im kz"], "log": "|j|☆red_ash_steven\n|j|☆im kz\n|t:|1771141482\n|gametype|singles\n|player|p1|red_ash_steven|1|1903\n|player|p2|im kz|larry|1835\n|gen|9\n|tier|[Gen 9] Random Battle\n|rated|\n|rule|Species Clause: Limit one of each Pokémon\n|rule|HP Percentage Mod: HP is shown in percentages\n|rule|Sleep Clause Mod: Limit one foe put to sleep\n|rule|Illusion Level Mod: Illusion disguises the Pokémon's true level\n|\n|t:|1771141482\n|teamsize|p1|6\n|teamsize|p2|6\n|start\n|switch|p1a: Komala|Komala, L89, M|260/260\n|switch|p2a: Rhydon|Rhydon, L85, M|317/317\n|-ability|p1a: Komala|Comatose\n|turn|1\n|inactive|Battle timer is ON: inactive players will automatically lose when time's up. (requested by im kz)\n|\n|t:|1771141496\n|move|p1a: Komala|Knock Off|p2a: Rhydon\n|-damage|p2a: Rhydon|272/317\n|-enditem|p2a: Rhydon|Eviolite|[from] move: Knock Off|[of] p1a: Komala\n|move|p2a: Rhydon|Earthquake|p1a: Komala\n|-damage|p1a: Komala|94/260\n|\n|upkeep\n|turn|2\n|\n|t:|1771141521\n|switch|p1a: Misdreavus|Misdreavus, L90, F|254/254\n|move|p2a: Rhydon|Swords Dance|p2a: Rhydon\n|-boost|p2a: Rhydon|atk|2\n|\n|upkeep\n|turn|3\n|\n|t:|1771141534\n|move|p1a: Misdreavus|Will-O-Wisp|p2a: Rhydon\n|-status|p2a: Rhydon|brn\n|move|p2a: Rhydon|Swords Dance|p2a: Rhydon\n|-boost|p2a: Rhydon|atk|2\n|\n|-damage|p2a: Rhydon|253/317 brn|[from] brn\n|upkeep\n|turn|4\n|\n|t:|1771141553\n|move|p1a: Misdreavus|Calm Mind|p1a: Misdreavus\n|-boost|p1a: Misdreavus|spa|1\n|-boost|p1a: Misdreavus|spd|1\n|move|p2a: Rhydon|Stone Edge|p1a: Misdreavus\n|-damage|p1a: Misdreavus|92/254\n|\n|-damage|p2a: Rhydon|234/317 brn|[from] brn\n|upkeep\n|turn|5\n|\n|t:|1771141562\n|move|p1a: Misdreavus|Draining Kiss|p2a: Rhydon\n|-damage|p2a: Rhydon|143/317 brn\n|-heal|p1a: Misdreavus|160/254|[from] drain|[of] p2a: Rhydon\n|move|p2a: Rhydon|Stone Edge|p1a: Misdreavus\n|-crit|p1a: Misdreavus\n|-damage|p1a: Misdreavus|0 fnt\n|faint|p1a: Misdreavus\n|\n|-damage|p2a: Rhydon|124/317 brn|[from] brn\n|upkeep\n|\n|t:|1771141575\n|switch|p1a: Luvdisc|Luvdisc, M|247/247\n|turn|6\n|\n|t:|1771141584\n|move|p1a: Luvdisc|Surf|p2a: Rhydon\n|-supereffective|p2a: Rhydon\n|-damage|p2a: Rhydon|0 fnt\n|faint|p2a: Rhydon\n|\n|upkeep\n|\n|t:|1771141586\n|switch|p2a: Mesprit|Mesprit, L85|275/275\n|turn|7\n|inactive|red_ash_steven has 120 seconds left.\n|\n|t:|1771141622\n|switch|p1a: Spiritomb|Spiritomb, L89, F|234/234\n|move|p2a: Mesprit|Thunderbolt|p1a: Spiritomb\n|-damage|p1a: Spiritomb|181/234\n|\n|-heal|p1a: Spiritomb|195/234|[from] item: Leftovers\n|upkeep\n|turn|8\n|inactive|red_ash_steven has 120 seconds left.\n|\n|t:|1771141635\n|switch|p2a: Tauros|Tauros-Paldea-Combat, L82, M|257/257\n|-ability|p2a: Tauros|Intimidate|boost\n|-unboost|p1a: Spiritomb|atk|1\n|move|p1a: Spiritomb|Poltergeist|p2a: Tauros\n|-activate|p2a: Tauros|move: Poltergeist|Life Orb\n|-damage|p2a: Tauros|178/257\n|\n|-heal|p1a: Spiritomb|209/234|[from] item: Leftovers\n|upkeep\n|turn|9\n|inactive|red_ash_steven has 120 seconds left.\n|inactive|red_ash_steven has 90 seconds left.\n|\n|t:|1771141696\n|move|p2a: Tauros|Bulk Up|p2a: Tauros\n|-boost|p2a: Tauros|atk|1\n|-boost|p2a: Tauros|def|1\n|move|p1a: Spiritomb|Poltergeist|p2a: Tauros\n|-activate|p2a: Tauros|move: Poltergeist|Life Orb\n|-damage|p2a: Tauros|130/257\n|\n|-heal|p1a: Spiritomb|223/234|[from] item: Leftovers\n|upkeep\n|turn|10\n|\n|t:|1771141707\n|switch|p1a: Noivern|Noivern, L82, M|274/274\n|move|p2a: Tauros|Bulk Up|p2a: Tauros\n|-boost|p2a: Tauros|atk|1\n|-boost|p2a: Tauros|def|1\n|\n|upkeep\n|turn|11\n|\n|t:|1771141716\n|switch|p2a: Tyranitar|Tyranitar, L78, F|284/284\n|-weather|Sandstorm|[from] ability: Sand Stream|[of] p2a: Tyranitar\n|move|p1a: Noivern|Hurricane|p2a: Tyranitar\n|-resisted|p2a: Tyranitar\n|-damage|p2a: Tyranitar|233/284\n|-start|p2a: Tyranitar|confusion\n|\n|-weather|Sandstorm|[upkeep]\n|-damage|p1a: Noivern|257/274|[from] Sandstorm\n|upkeep\n|turn|12\n|\n|t:|1771141734\n|switch|p1a: Luvdisc|Luvdisc, M|247/247\n|switch|p2a: Tauros|Tauros-Paldea-Combat, L82, M|130/257\n|-ability|p2a: Tauros|Intimidate|boost\n|-unboost|p1a: Luvdisc|atk|1\n|\n|-weather|Sandstorm|[upkeep]\n|-damage|p1a: Luvdisc|232/247|[from] Sandstorm\n|-damage|p2a: Tauros|114/257|[from] Sandstorm\n|upkeep\n|turn|13\n|\n|t:|1771141746\n|move|p1a: Luvdisc|Substitute|p1a: Luvdisc\n|-start|p1a: Luvdisc|Substitute\n|-damage|p1a: Luvdisc|171/247\n|move|p2a: Tauros|Earthquake|p1a: Luvdisc\n|-end|p1a: Luvdisc|Substitute\n|-damage|p2a: Tauros|89/257|[from] item: Life Orb\n|\n|-weather|Sandstorm|[upkeep]\n|-damage|p1a: Luvdisc|156/247|[from] Sandstorm\n|-damage|p2a: Tauros|73/257|[from] Sandstorm\n|upkeep\n|turn|14\n|\n|t:|1771141759\n|move|p1a: Luvdisc|Substitute|p1a: Luvdisc\n|-start|p1a: Luvdisc|Substitute\n|-damage|p1a: Luvdisc|95/247\n|move|p2a: Tauros|Earthquake|p1a: Luvdisc\n|-crit|p1a: Luvdisc\n|-end|p1a: Luvdisc|Substitute\n|-damage|p2a: Tauros|48/257|[from] item: Life Orb\n|\n|-weather|Sandstorm|[upkeep]\n|-damage|p1a: Luvdisc|80/247|[from] Sandstorm\n|-damage|p2a: Tauros|32/257|[from] Sandstorm\n|upkeep\n|turn|15\n|\n|t:|1771141769\n|move|p1a: Luvdisc|Surf|p2a: Tauros\n|-damage|p2a: Tauros|0 fnt\n|faint|p2a: Tauros\n|\n|-weather|none\n|upkeep\n|\n|t:|1771141772\n|switch|p2a: Mesprit|Mesprit, L85|275/275\n|turn|16\n|inactive|red_ash_steven has 60 seconds left.\n|\n|t:|1771141810\n|switch|p1a: Minun|Minun, L95, F|268/268\n|move|p2a: Mesprit|Thunderbolt|p1a: Minun\n|-immune|p1a: Minun|[from] ability: Volt Absorb\n|\n|upkeep\n|turn|17\n|\n|t:|1771141823\n|switch|p2a: Excadrill|Excadrill, L79, F|303/303\n|-ability|p2a: Excadrill|Mold Breaker\n|move|p1a: Minun|Thunderbolt|p2a: Excadrill\n|-immune|p2a: Excadrill\n|\n|upkeep\n|turn|18\n|\n|t:|1771141840\n|switch|p1a: Spiritomb|Spiritomb, L89, F|223/234\n|move|p2a: Excadrill|Rapid Spin|p1a: Spiritomb\n|-immune|p1a: Spiritomb\n|\n|-heal|p1a: Spiritomb|234/234|[from] item: Leftovers\n|upkeep\n|turn|19\n|\n|t:|1771141856\n|switch|p2a: Tyranitar|Tyranitar, L78, F|233/284\n|-weather|Sandstorm|[from] ability: Sand Stream|[of] p2a: Tyranitar\n|move|p1a: Spiritomb|Poltergeist|p2a: Tyranitar\n|-activate|p2a: Tyranitar|move: Poltergeist|Weakness Policy\n|-resisted|p2a: Tyranitar\n|-damage|p2a: Tyranitar|182/284\n|\n|-weather|Sandstorm|[upkeep]\n|-damage|p1a: Spiritomb|220/234|[from] Sandstorm\n|-heal|p1a: Spiritomb|234/234|[from] item: Leftovers\n|upkeep\n|turn|20\n|inactive|red_ash_steven has 30 seconds left.\n|\n|t:|1771141872\n|switch|p1a: Komala|Komala, L89, M|94/260\n|-ability|p1a: Komala|Comatose\n|move|p2a: Tyranitar|Dragon Dance|p2a: Tyranitar\n|-boost|p2a: Tyranitar|atk|1\n|-boost|p2a: Tyranitar|spe|1\n|\n|-weather|Sandstorm|[upkeep]\n|-damage|p1a: Komala|78/260|[from] Sandstorm\n|upkeep\n|turn|21\n|inactive|red_ash_steven has 30 seconds left.\n|\n|t:|1771141884\n|move|p2a: Tyranitar|Dragon Dance|p2a: Tyranitar\n|-boost|p2a: Tyranitar|atk|1\n|-boost|p2a: Tyranitar|spe|1\n|move|p1a: Komala|Earthquake|p2a: Tyranitar\n|-supereffective|p2a: Tyranitar\n|-damage|p2a: Tyranitar|34/284\n|-enditem|p2a: Tyranitar|Weakness Policy\n|-boost|p2a: Tyranitar|atk|2|[from] item: Weakness Policy\n|-boost|p2a: Tyranitar|spa|2|[from] item: Weakness Policy\n|\n|-weather|Sandstorm|[upkeep]\n|-damage|p1a: Komala|62/260|[from] Sandstorm\n|upkeep\n|turn|22\n|inactive|red_ash_steven has 30 seconds left.\n|inactive|red_ash_steven has 20 seconds left.\n|\n|t:|1771141908\n|move|p2a: Tyranitar|Knock Off|p1a: Komala\n|-damage|p1a: Komala|0 fnt\n|-enditem|p1a: Komala|Assault Vest|[from] move: Knock Off|[of] p2a: Tyranitar\n|faint|p1a: Komala\n|\n|-weather|Sandstorm|[upkeep]\n|upkeep\n|inactive|red_ash_steven has 25 seconds left this turn.\n|inactive|red_ash_steven has 20 seconds left.\n|inactive|red_ash_steven has 15 seconds left.\n|inactive|red_ash_steven has 10 seconds left.\n|\n|t:|1771141927\n|switch|p1a: Spiritomb|Spiritomb, L89, F|234/234\n|turn|23\n|inactive|red_ash_steven has 20 seconds left this turn.\n|inactive|red_ash_steven has 15 seconds left.\n|\n|t:|1771141936\n|move|p1a: Spiritomb|Shadow Sneak|p2a: Tyranitar\n|-resisted|p2a: Tyranitar\n|-damage|p2a: Tyranitar|12/284\n|move|p2a: Tyranitar|Knock Off|p1a: Spiritomb\n|-damage|p1a: Spiritomb|0 fnt\n|-enditem|p1a: Spiritomb|Leftovers|[from] move: Knock Off|[of] p2a: Tyranitar\n|faint|p1a: Spiritomb\n|\n|-weather|none\n|upkeep\n|inactive|red_ash_steven has 20 seconds left this turn.\n|inactive|red_ash_steven has 15 seconds left.\n|inactive|red_ash_steven has 10 seconds left.\n|inactive|red_ash_steven has 5 seconds left.\n|\n|t:|1771141953\n|switch|p1a: Minun|Minun, L95, F|268/268\n|turn|24\n|inactive|red_ash_steven has 15 seconds left this turn.\n|\n|t:|1771141959\n|-terastallize|p1a: Minun|Fairy\n|move|p2a: Tyranitar|Knock Off|p1a: Minun\n|-resisted|p1a: Minun\n|-damage|p1a: Minun|44/268\n|-enditem|p1a: Minun|Life Orb|[from] move: Knock Off|[of] p2a: Tyranitar\n|move|p1a: Minun|Alluring Voice|p2a: Tyranitar\n|-supereffective|p2a: Tyranitar\n|-damage|p2a: Tyranitar|0 fnt\n|faint|p2a: Tyranitar\n|\n|upkeep\n|\n|t:|1771141962\n|switch|p2a: Excadrill|Excadrill, L79, F|303/303\n|-ability|p2a: Excadrill|Mold Breaker\n|turn|25\n|inactive|red_ash_steven has 30 seconds left this turn.\n|inactive|red_ash_steven has 20 seconds left.\n|inactive|red_ash_steven has 15 seconds left.\n|inactive|red_ash_steven has 10 seconds left.\n|\n|t:|1771141983\n|move|p1a: Minun|Grass Knot|p2a: Excadrill\n|-damage|p2a: Excadrill|244/303\n|move|p2a: Excadrill|Rapid Spin|p1a: Minun\n|-damage|p1a: Minun|0 fnt\n|-boost|p2a: Excadrill|spe|1\n|faint|p1a: Minun\n|\n|-heal|p2a: Excadrill|262/303|[from] item: Leftovers\n|upkeep\n|inactive|red_ash_steven has 15 seconds left this turn.\n|inactive|red_ash_steven has 10 seconds left.\n|-message|red_ash_steven forfeited.\n|\n|win|im kz\n|raw|red_ash_steven's rating: 1903 &rarr; <strong>1879</strong><br />(-24 for losing)\n|raw|im kz's rating: 1835 &rarr; <strong>1859</strong><br />(+24 for winning)\n|l|☆red_ash_steven\n|player|p1|\n", "inputlog": ">version 686819e5e19f8a7fd2345cfc5a08a5085efa2cc3\n>start {\"formatid\":\"gen9randombattle\",\"seed\":\"sodium,2e21c80f98e3725b3f79c36a704656d9\",\"rated\":\"Rated battle\"}\n>player p1 {\"name\":\"red_ash_steven\",\"avatar\":\"1\",\"rating\":1903,\"seed\":\"sodium,78e35dc73b034ba9fda29199ba0d98b0\"}\n>player p2 {\"name\":\"im kz\",\"avatar\":\"larry\",\"rating\":1835,\"seed\":\"sodium,84b3699fee89039318fa7a3ac67e48aa\"}\n>p1 move knockoff\n>p2 move earthquake\n>p1 switch 2\n>p2 move swordsdance\n>p1 move willowisp\n>p2 move swordsdance\n>p1 move calmmind\n>p2 move stoneedge\n>p1 move drainingkiss\n>p2 move stoneedge\n>p1 switch 3\n>p1 move surf\n>p2 move earthquake\n>p2 switch 2\n>p1 switch 4\n>p2 move thunderbolt\n>p1 move poltergeist\n>p2 switch 4\n>p1 move poltergeist\n>p2 move bulkup\n>p1 switch 5\n>p2 move bulkup\n>p1 move hurricane\n>p2 switch 5\n>p1 switch 4\n>p2 switch 5\n>p1 move substitute\n>p2 move earthquake\n>p1 move substitute\n>p2 move earthquake\n>p1 move surf\n>p2 move earthquake\n>p2 switch 4\n>p1 switch 6\n>p2 move thunderbolt\n>p1 move thunderbolt\n>p2 switch 3\n>p1 switch 5\n>p2 move rapidspin\n>p1 move poltergeist\n>p2 switch 5\n>p1 switch 2\n>p2 move dragondance\n>p1 move earthquake\n>p2 move dragondance\n>p1 move earthquake\n>p2 move knockoff\n>p1 switch 2\n>p1 move shadowsneak\n>p2 move knockoff\n>p1 switch 5\n>p1 move alluringvoice terastallize\n>p2 move knockoff\n>p2 switch 5\n>p1 move grassknot\n>p2 move rapidspin\n>forcelose p1", "uploadtime": 1771141994, "views": 15, "formatid": "gen9randombattle", "rating": 1859, "private": 0, "password": null}