{"id": "gen9randombattle-2540807618", "format": "[Gen 9] Random Battle", "players": ["md guacho", "igotho’ohs"], "log": "|j|☆md guacho\n|j|☆igotho’ohs\n|t:|1771256125\n|gametype|singles\n|player|p1|md guacho|265|1636\n|player|p2|igotho’ohs|265|1666\n|gen|9\n|tier|[Gen 9] Random Battle\n|rated|\n|rule|Species Clause: Limit one of each Pokémon\n|rule|HP Percentage Mod: HP is shown in percentages\n|rule|Sleep Clause Mod: Limit one foe put to sleep\n|rule|Illusion Level Mod: Illusion disguises the Pokémon's true level\n|\n|t:|1771256125\n|teamsize|p1|6\n|teamsize|p2|6\n|start\n|switch|p1a: Misdreavus|Misdreavus, L90, M|254/254\n|switch|p2a: Keldeo|Keldeo-Resolute, L79|273/273\n|turn|1\n|\n|t:|1771256153\n|switch|p2a: Flygon|Flygon, L82, M|265/265\n|move|p1a: Misdreavus|Calm Mind|p1a: Misdreavus\n|-boost|p1a: Misdreavus|spa|1\n|-boost|p1a: Misdreavus|spd|1\n|\n|upkeep\n|turn|2\n|\n|t:|1771256163\n|move|p2a: Flygon|Outrage|p1a: Misdreavus\n|-damage|p1a: Misdreavus|157/254\n|move|p1a: Misdreavus|Will-O-Wisp|p2a: Flygon|[miss]\n|-miss|p1a: Misdreavus|p2a: Flygon\n|\n|upkeep\n|turn|3\n|inactive|Battle timer is ON: inactive players will automatically lose when time's up. (requested by igotho’ohs)\n|\n|t:|1771256168\n|move|p2a: Flygon|Outrage|p1a: Misdreavus|[from] lockedmove\n|-crit|p1a: Misdreavus\n|-damage|p1a: Misdreavus|0 fnt\n|faint|p1a: Misdreavus\n|-start|p2a: Flygon|confusion|[fatigue]\n|-enditem|p2a: Flygon|Lum Berry|[eat]\n|-end|p2a: Flygon|confusion\n|\n|upkeep\n|\n|t:|1771256178\n|switch|p1a: Glastrier|Glastrier, L86|312/312\n|turn|4\n|\n|t:|1771256185\n|switch|p2a: Keldeo|Keldeo-Resolute, L79|273/273\n|move|p1a: Glastrier|Icicle Crash|p2a: Keldeo\n|-resisted|p2a: Keldeo\n|-damage|p2a: Keldeo|204/273\n|\n|upkeep\n|turn|5\n|\n|t:|1771256200\n|move|p2a: Keldeo|Secret Sword|p1a: Glastrier\n|-supereffective|p1a: Glastrier\n|-damage|p1a: Glastrier|100/312\n|move|p1a: Glastrier|High Horsepower|p2a: Keldeo|[miss]\n|-miss|p1a: Glastrier|p2a: Keldeo\n|\n|upkeep\n|turn|6\n|\n|t:|1771256205\n|move|p2a: Keldeo|Secret Sword|p1a: Glastrier\n|-supereffective|p1a: Glastrier\n|-crit|p1a: Glastrier\n|-damage|p1a: Glastrier|0 fnt\n|faint|p1a: Glastrier\n|\n|upkeep\n|\n|t:|1771256214\n|switch|p1a: Gallade|Gallade, L80, M|240/240\n|turn|7\n|\n|t:|1771256221\n|switch|p2a: Flygon|Flygon, L82, M|265/265\n|move|p1a: Gallade|Agility|p1a: Gallade\n|-boost|p1a: Gallade|spe|2\n|\n|upkeep\n|turn|8\n|\n|t:|1771256232\n|move|p1a: Gallade|Sacred Sword|p2a: Flygon\n|-damage|p2a: Flygon|45/265\n|-damage|p1a: Gallade|216/240|[from] item: Life Orb\n|move|p2a: Flygon|Outrage|p1a: Gallade\n|-damage|p1a: Gallade|47/240\n|\n|upkeep\n|turn|9\n|\n|t:|1771256240\n|move|p1a: Gallade|Sacred Sword|p2a: Flygon\n|-damage|p2a: Flygon|0 fnt\n|faint|p2a: Flygon\n|-damage|p1a: Gallade|23/240|[from] item: Life Orb\n|\n|upkeep\n|\n|t:|1771256243\n|switch|p2a: Medicham|Medicham, L86, M|243/243\n|turn|10\n|\n|t:|1771256249\n|move|p2a: Medicham|Bullet Punch|p1a: Gallade\n|-damage|p1a: Gallade|0 fnt\n|faint|p1a: Gallade\n|\n|upkeep\n|\n|t:|1771256271\n|switch|p1a: Sawsbuck|Sawsbuck-Autumn, L88, M|284/284\n|turn|11\n|\n|t:|1771256276\n|switch|p2a: Venomoth|Venomoth, L84, F|255/255\n|move|p1a: Sawsbuck|Swords Dance|p1a: Sawsbuck\n|-boost|p1a: Sawsbuck|atk|2\n|\n|upkeep\n|turn|12\n|\n|t:|1771256287\n|move|p1a: Sawsbuck|Double-Edge|p2a: Venomoth\n|-damage|p2a: Venomoth|0 fnt\n|faint|p2a: Venomoth\n|-damage|p1a: Sawsbuck|200/284|[from] Recoil\n|-damage|p1a: Sawsbuck|172/284|[from] item: Life Orb\n|\n|upkeep\n|\n|t:|1771256296\n|switch|p2a: Cinderace|Cinderace, L77, M|249/249\n|turn|13\n|\n|t:|1771256301\n|move|p2a: Cinderace|Pyro Ball|p1a: Sawsbuck\n|-supereffective|p1a: Sawsbuck\n|-damage|p1a: Sawsbuck|0 fnt\n|faint|p1a: Sawsbuck\n|\n|upkeep\n|\n|t:|1771256307\n|switch|p1a: Oinkologne|Oinkologne, L92, M|352/352\n|turn|14\n|\n|t:|1771256314\n|switch|p2a: Medicham|Medicham, L86, M|243/243\n|move|p1a: Oinkologne|High Horsepower|p2a: Medicham\n|-damage|p2a: Medicham|153/243\n|\n|upkeep\n|turn|15\n|\n|t:|1771256320\n|switch|p1a: Hoopa|Hoopa-Unbound, L80|259/259\n|move|p2a: Medicham|Close Combat|p1a: Hoopa\n|-damage|p1a: Hoopa|0 fnt\n|-unboost|p2a: Medicham|def|1\n|-unboost|p2a: Medicham|spd|1\n|faint|p1a: Hoopa\n|\n|upkeep\n|-message|md guacho forfeited.\n|\n|win|igotho’ohs\n|raw|md guacho's rating: 1636 &rarr; <strong>1618</strong><br />(-18 for losing)\n|raw|igotho’ohs's rating: 1666 &rarr; <strong>1684</strong><br />(+18 for winning)\n|l|☆md guacho\n|player|p1|\n", "inputlog": ">version 686819e5e19f8a7fd2345cfc5a08a5085efa2cc3\n>start {\"formatid\":\"gen9randombattle\",\"seed\":\"sodium,6d961dc25d10b22d00dea3504ffc698c\",\"rated\":\"Rated battle\"}\n>player p1 {\"name\":\"md guacho\",\"avatar\":\"265\",\"rating\":1636,\"seed\":\"sodium,8d99f99484d42fb103ab75dff0768b65\"}\n>player p2 {\"name\":\"igotho’ohs\",\"avatar\":\"265\",\"rating\":1666,\"seed\":\"sodium,60ebe3c6416eef0bebbf5cb36318683d\"}\n>p1 move calmmind\n>p2 switch 5\n>p1 move willowisp\n>p2 move outrage\n>p1 move willowisp\n>p2 move outrage\n>p1 switch 2\n>p1 move iciclecrash\n>p2 switch 5\n>p1 move highhorsepower\n>p2 move secretsword\n>p1 move highhorsepower\n>p2 move secretsword\n>p1 switch 5\n>p1 move agility\n>p2 switch 5\n>p1 move sacredsword\n>p2 move outrage\n>p1 move sacredsword\n>p2 move outrage\n>p2 switch 6\n>p1 move psychocut\n>p2 move bulletpunch\n>p1 switch 4\n>p1 move swordsdance\n>p2 switch 3\n>p1 move doubleedge\n>p2 move sludgewave\n>p2 switch 2\n>p1 move doubleedge\n>p2 move pyroball\n>p1 switch 3\n>p1 move highhorsepower\n>p2 switch 3\n>p1 switch 6\n>p2 move closecombat\n>forcelose p1", "uploadtime": 1771256329, "views": 7, "formatid": "gen9randombattle", "rating": 1618, "private": 0, "password": null}