{"id": "gen9randombattle-2540907149", "format": "[Gen 9] Random Battle", "players": ["trabaguana123", "unforgiver"], "log": "|j|☆trabaguana123\n|j|☆unforgiver\n|t:|1771265982\n|gametype|singles\n|player|p1|trabaguana123|1|1640\n|player|p2|unforgiver|janitor|1674\n|gen|9\n|tier|[Gen 9] Random Battle\n|rated|\n|rule|Species Clause: Limit one of each Pokémon\n|rule|HP Percentage Mod: HP is shown in percentages\n|rule|Sleep Clause Mod: Limit one foe put to sleep\n|rule|Illusion Level Mod: Illusion disguises the Pokémon's true level\n|\n|t:|1771265982\n|teamsize|p1|6\n|teamsize|p2|6\n|start\n|switch|p1a: Calyrex|Calyrex-Shadow, L64|235/235\n|switch|p2a: Honchkrow|Honchkrow, L86, M|312/312\n|-ability|p1a: Calyrex|As One\n|-ability|p1a: Calyrex|Unnerve\n|turn|1\n|\n|t:|1771266002\n|switch|p1a: Klefki|Klefki, L84, M|233/233\n|move|p2a: Honchkrow|Thunder Wave|p1a: Klefki\n|-status|p1a: Klefki|par\n|\n|upkeep\n|turn|2\n|\n|t:|1771266016\n|switch|p2a: Reshiram|Reshiram, L76|277/277\n|-ability|p2a: Reshiram|Turboblaze\n|move|p1a: Klefki|Dazzling Gleam|p2a: Reshiram\n|-damage|p2a: Reshiram|216/277\n|\n|upkeep\n|turn|3\n|\n|t:|1771266020\n|move|p1a: Klefki|Thunder Wave|p2a: Reshiram\n|-status|p2a: Reshiram|par\n|move|p2a: Reshiram|Flare Blitz|p1a: Klefki\n|-supereffective|p1a: Klefki\n|-damage|p1a: Klefki|9/233 par\n|-damage|p2a: Reshiram|142/277 par|[from] Recoil\n|\n|-heal|p1a: Klefki|23/233 par|[from] item: Leftovers\n|upkeep\n|turn|4\n|\n|t:|1771266023\n|move|p1a: Klefki|Spikes|p2a: Reshiram\n|-sidestart|p2: unforgiver|Spikes\n|move|p2a: Reshiram|Flare Blitz|p1a: Klefki\n|-supereffective|p1a: Klefki\n|-damage|p1a: Klefki|0 fnt\n|faint|p1a: Klefki\n|-damage|p2a: Reshiram|134/277 par|[from] Recoil\n|\n|upkeep\n|\n|t:|1771266030\n|switch|p1a: Malamar|Malamar, L82, M|275/275\n|turn|5\n|\n|t:|1771266035\n|switch|p2a: Wigglytuff|Wigglytuff, L96, F|424/424\n|-damage|p2a: Wigglytuff|371/424|[from] Spikes\n|move|p1a: Malamar|Superpower|p2a: Wigglytuff\n|-damage|p2a: Wigglytuff|262/424\n|-boost|p1a: Malamar|atk|1\n|-boost|p1a: Malamar|def|1\n|\n|-heal|p2a: Wigglytuff|288/424|[from] item: Leftovers\n|upkeep\n|turn|6\n|\n|t:|1771266044\n|-terastallize|p1a: Malamar|Steel\n|move|p1a: Malamar|Superpower|p2a: Wigglytuff\n|-damage|p2a: Wigglytuff|126/424\n|-boost|p1a: Malamar|atk|1\n|-boost|p1a: Malamar|def|1\n|move|p2a: Wigglytuff|Alluring Voice|p1a: Malamar\n|-resisted|p1a: Malamar\n|-damage|p1a: Malamar|221/275\n|-start|p1a: Malamar|confusion\n|\n|-heal|p1a: Malamar|238/275|[from] item: Leftovers\n|-heal|p2a: Wigglytuff|152/424|[from] item: Leftovers\n|upkeep\n|turn|7\n|\n|t:|1771266048\n|-activate|p1a: Malamar|confusion\n|move|p1a: Malamar|Superpower|p2a: Wigglytuff\n|-damage|p2a: Wigglytuff|0 fnt\n|-boost|p1a: Malamar|atk|1\n|-boost|p1a: Malamar|def|1\n|faint|p2a: Wigglytuff\n|\n|-heal|p1a: Malamar|255/275|[from] item: Leftovers\n|upkeep\n|\n|t:|1771266059\n|switch|p2a: Honchkrow|Honchkrow, L86, M|312/312\n|turn|8\n|\n|t:|1771266062\n|move|p2a: Honchkrow|Thunder Wave|p1a: Malamar\n|-status|p1a: Malamar|par\n|-activate|p1a: Malamar|confusion\n|move|p1a: Malamar|Superpower|p2a: Honchkrow\n|-damage|p2a: Honchkrow|35/312\n|-boost|p1a: Malamar|atk|1\n|-boost|p1a: Malamar|def|1\n|\n|-heal|p1a: Malamar|272/275 par|[from] item: Leftovers\n|upkeep\n|turn|9\n|\n|t:|1771266068\n|move|p2a: Honchkrow|Lash Out|p1a: Malamar\n|-damage|p1a: Malamar|238/275 par\n|-end|p1a: Malamar|confusion\n|move|p1a: Malamar|Superpower|p2a: Honchkrow\n|-damage|p2a: Honchkrow|0 fnt\n|-boost|p1a: Malamar|atk|1\n|-boost|p1a: Malamar|def|1\n|faint|p2a: Honchkrow\n|\n|-heal|p1a: Malamar|255/275 par|[from] item: Leftovers\n|upkeep\n|inactive|Battle timer is ON: inactive players will automatically lose when time's up. (requested by trabaguana123)\n|\n|t:|1771266075\n|switch|p2a: Arbok|Arbok, L87, M|246/246\n|-damage|p2a: Arbok|216/246|[from] Spikes\n|-ability|p2a: Arbok|Intimidate|boost\n|-boost|p1a: Malamar|atk|1\n|turn|10\n|\n|t:|1771266082\n|move|p2a: Arbok|Coil|p2a: Arbok\n|-boost|p2a: Arbok|atk|1\n|-boost|p2a: Arbok|def|1\n|-boost|p2a: Arbok|accuracy|1\n|move|p1a: Malamar|Rest|p1a: Malamar\n|-status|p1a: Malamar|slp|[from] move: Rest\n|-heal|p1a: Malamar|275/275 slp|[silent]\n|\n|-heal|p2a: Arbok|231/246|[from] item: Leftovers\n|upkeep\n|turn|11\n|\n|t:|1771266085\n|move|p2a: Arbok|Coil|p2a: Arbok\n|-boost|p2a: Arbok|atk|1\n|-boost|p2a: Arbok|def|1\n|-boost|p2a: Arbok|accuracy|1\n|cant|p1a: Malamar|slp\n|move|p1a: Malamar|Sleep Talk|p1a: Malamar\n|move|p1a: Malamar|Rest||[from] move: Sleep Talk|[still]\n|-fail|p1a: Malamar\n|\n|-heal|p2a: Arbok|246/246|[from] item: Leftovers\n|upkeep\n|turn|12\n|\n|t:|1771266089\n|move|p2a: Arbok|Coil|p2a: Arbok\n|-boost|p2a: Arbok|atk|1\n|-boost|p2a: Arbok|def|1\n|-boost|p2a: Arbok|accuracy|1\n|cant|p1a: Malamar|slp\n|move|p1a: Malamar|Sleep Talk|p1a: Malamar\n|move|p1a: Malamar|Rest||[from] move: Sleep Talk|[still]\n|-fail|p1a: Malamar\n|\n|upkeep\n|turn|13\n|\n|t:|1771266092\n|move|p2a: Arbok|Coil|p2a: Arbok\n|-boost|p2a: Arbok|atk|1\n|-boost|p2a: Arbok|def|1\n|-boost|p2a: Arbok|accuracy|1\n|-curestatus|p1a: Malamar|slp|[msg]\n|move|p1a: Malamar|Knock Off|p2a: Arbok\n|-damage|p2a: Arbok|108/246\n|-enditem|p2a: Arbok|Leftovers|[from] move: Knock Off|[of] p1a: Malamar\n|\n|upkeep\n|turn|14\n|\n|t:|1771266099\n|move|p2a: Arbok|Coil|p2a: Arbok\n|-boost|p2a: Arbok|atk|1\n|-boost|p2a: Arbok|def|1\n|-boost|p2a: Arbok|accuracy|1\n|move|p1a: Malamar|Superpower|p2a: Arbok\n|-resisted|p2a: Arbok\n|-damage|p2a: Arbok|56/246\n|-boost|p1a: Malamar|def|1\n|\n|upkeep\n|turn|15\n|\n|t:|1771266108\n|move|p2a: Arbok|Coil|p2a: Arbok\n|-boost|p2a: Arbok|atk|1\n|-boost|p2a: Arbok|def|1\n|-boost|p2a: Arbok|accuracy|1\n|move|p1a: Malamar|Superpower|p2a: Arbok\n|-resisted|p2a: Arbok\n|-damage|p2a: Arbok|10/246\n|\n|upkeep\n|turn|16\n|\n|t:|1771266115\n|move|p2a: Arbok|Earthquake|p1a: Malamar\n|-supereffective|p1a: Malamar\n|-damage|p1a: Malamar|127/275\n|move|p1a: Malamar|Superpower|p2a: Arbok\n|-resisted|p2a: Arbok\n|-damage|p2a: Arbok|0 fnt\n|faint|p2a: Arbok\n|\n|-heal|p1a: Malamar|144/275|[from] item: Leftovers\n|upkeep\n|\n|t:|1771266119\n|switch|p2a: Amoonguss|Amoonguss, L82, M|321/321\n|-damage|p2a: Amoonguss|281/321|[from] Spikes\n|turn|17\n|\n|t:|1771266124\n|move|p1a: Malamar|Knock Off|p2a: Amoonguss\n|-damage|p2a: Amoonguss|0 fnt\n|-damage|p1a: Malamar|99/275|[from] item: Rocky Helmet|[of] p2a: Amoonguss\n|-enditem|p2a: Amoonguss|Rocky Helmet|[from] move: Knock Off|[of] p1a: Malamar\n|faint|p2a: Amoonguss\n|\n|-heal|p1a: Malamar|116/275|[from] item: Leftovers\n|upkeep\n|\n|t:|1771266127\n|switch|p2a: Blastoise|Blastoise, L80, F|258/258\n|-damage|p2a: Blastoise|226/258|[from] Spikes\n|turn|18\n|\n|t:|1771266130\n|move|p2a: Blastoise|Shell Smash|p2a: Blastoise\n|-unboost|p2a: Blastoise|def|1\n|-unboost|p2a: Blastoise|spd|1\n|-boost|p2a: Blastoise|atk|2\n|-boost|p2a: Blastoise|spa|2\n|-boost|p2a: Blastoise|spe|2\n|-enditem|p2a: Blastoise|White Herb\n|-clearnegativeboost|p2a: Blastoise|[silent]\n|move|p1a: Malamar|Knock Off|p2a: Blastoise\n|-damage|p2a: Blastoise|4/258\n|\n|-heal|p1a: Malamar|133/275|[from] item: Leftovers\n|upkeep\n|turn|19\n|\n|t:|1771266137\n|move|p2a: Blastoise|Hydro Pump|p1a: Malamar\n|-damage|p1a: Malamar|0 fnt\n|faint|p1a: Malamar\n|\n|upkeep\n|\n|t:|1771266143\n|switch|p1a: Iron Bundle|Iron Bundle, L78|215/215\n|turn|20\n|\n|t:|1771266146\n|-terastallize|p2a: Blastoise|Electric\n|move|p2a: Blastoise|Tera Blast|p1a: Iron Bundle|[anim] Tera Blast Electric\n|-supereffective|p1a: Iron Bundle\n|-damage|p1a: Iron Bundle|0 fnt\n|faint|p1a: Iron Bundle\n|-end|p1a: Iron Bundle|Quark Drive|[silent]\n|\n|upkeep\n|\n|t:|1771266153\n|switch|p1a: Calyrex|Calyrex-Shadow, L64|235/235\n|-ability|p1a: Calyrex|As One\n|-ability|p1a: Calyrex|Unnerve\n|turn|21\n|\n|t:|1771266158\n|move|p2a: Blastoise|Hydro Pump|p1a: Calyrex\n|-damage|p1a: Calyrex|0 fnt\n|faint|p1a: Calyrex\n|\n|upkeep\n|\n|t:|1771266162\n|switch|p1a: Chandelure|Chandelure, L83, M|235/235\n|turn|22\n|\n|t:|1771266165\n|move|p2a: Blastoise|Hydro Pump|p1a: Chandelure\n|-supereffective|p1a: Chandelure\n|-damage|p1a: Chandelure|0 fnt\n|faint|p1a: Chandelure\n|\n|upkeep\n|\n|t:|1771266168\n|switch|p1a: Tropius|Tropius, L91, M|328/328\n|turn|23\n|\n|t:|1771266171\n|move|p2a: Blastoise|Ice Beam|p1a: Tropius\n|-supereffective|p1a: Tropius\n|-damage|p1a: Tropius|0 fnt\n|faint|p1a: Tropius\n|\n|win|unforgiver\n|raw|trabaguana123's rating: 1640 &rarr; <strong>1622</strong><br />(-18 for losing)\n|raw|unforgiver's rating: 1674 &rarr; <strong>1692</strong><br />(+18 for winning)\n", "inputlog": ">version 686819e5e19f8a7fd2345cfc5a08a5085efa2cc3\n>start {\"formatid\":\"gen9randombattle\",\"seed\":\"sodium,b0de3f3375ab012b6a826bbf6029b749\",\"rated\":\"Rated battle\"}\n>player p1 {\"name\":\"trabaguana123\",\"avatar\":\"1\",\"rating\":1640,\"seed\":\"sodium,68ed83bd825c0f3a7464b014513d32bb\"}\n>player p2 {\"name\":\"unforgiver\",\"avatar\":\"janitor\",\"rating\":1674,\"seed\":\"sodium,f6a7be831e04eae872da85a412d665d2\"}\n>p1 switch 5\n>p2 move thunderwave\n>p1 move dazzlinggleam\n>p2 switch 4\n>p1 move thunderwave\n>p2 move flareblitz\n>p1 move spikes\n>p2 move flareblitz\n>p1 switch 2\n>p1 move superpower\n>p2 switch 2\n>p1 move superpower terastallize\n>p2 move alluringvoice\n>p1 move superpower\n>p2 move knockoff\n>p2 switch 4\n>p1 move superpower\n>p2 move thunderwave\n>p1 move superpower\n>p2 move lashout\n>p2 switch 3\n>p1 move rest\n>p2 move coil\n>p1 move sleeptalk\n>p2 move coil\n>p1 move sleeptalk\n>p2 move coil\n>p1 move knockoff\n>p2 move coil\n>p1 move superpower\n>p2 move coil\n>p1 move superpower\n>p2 move coil\n>p1 move superpower\n>p2 move earthquake\n>p2 switch 5\n>p1 move knockoff\n>p2 move spore\n>p2 switch 6\n>p1 move knockoff\n>p2 move shellsmash\n>p1 move knockoff\n>p2 move hydropump\n>p1 switch 3\n>p1 move freezedry\n>p2 move terablast terastallize\n>p1 switch 5\n>p1 move astralbarrage\n>p2 move hydropump\n>p1 switch 4\n>p1 move shadowball\n>p2 move hydropump\n>p1 switch 6\n>p1 move earthquake\n>p2 move icebeam", "uploadtime": 1771266174, "views": 2, "formatid": "gen9randombattle", "rating": 1622, "private": 0, "password": null}