{"id": "gen9randombattle-2540706965", "format": "[Gen 9] Random Battle", "players": ["Benbougami", "z'ret(y-hjeu"], "log": "|j|☆Benbougami\n|j|☆z'ret(y-hjeu\n|t:|1771243516\n|gametype|singles\n|player|p1|Benbougami|roughneck|1605\n|player|p2|z'ret(y-hjeu|170|1614\n|gen|9\n|tier|[Gen 9] Random Battle\n|rated|\n|rule|Species Clause: Limit one of each Pokémon\n|rule|HP Percentage Mod: HP is shown in percentages\n|rule|Sleep Clause Mod: Limit one foe put to sleep\n|rule|Illusion Level Mod: Illusion disguises the Pokémon's true level\n|\n|t:|1771243516\n|teamsize|p1|6\n|teamsize|p2|6\n|start\n|switch|p1a: Raichu|Raichu, L88, F|249/249\n|switch|p2a: Rampardos|Rampardos, L90, F|321/321\n|turn|1\n|inactive|Battle timer is ON: inactive players will automatically lose when time's up. (requested by z'ret(y-hjeu)\n|\n|t:|1771243532\n|move|p1a: Raichu|Grass Knot|p2a: Rampardos\n|-supereffective|p2a: Rampardos\n|-damage|p2a: Rampardos|0 fnt\n|faint|p2a: Rampardos\n|\n|upkeep\n|\n|t:|1771243539\n|switch|p2a: Reshiram|Reshiram, L76|277/277\n|-ability|p2a: Reshiram|Turboblaze\n|turn|2\n|\n|t:|1771243557\n|switch|p1a: Gastrodon|Gastrodon-East, L86, F|331/331\n|move|p2a: Reshiram|Dragon Dance|p2a: Reshiram\n|-boost|p2a: Reshiram|atk|1\n|-boost|p2a: Reshiram|spe|1\n|\n|upkeep\n|turn|3\n|\n|t:|1771243569\n|move|p2a: Reshiram|Outrage|p1a: Gastrodon\n|-damage|p1a: Gastrodon|94/331\n|move|p1a: Gastrodon|Earthquake|p2a: Reshiram\n|-supereffective|p2a: Reshiram\n|-damage|p2a: Reshiram|95/277\n|\n|-heal|p1a: Gastrodon|114/331|[from] item: Leftovers\n|upkeep\n|turn|4\n|\n|t:|1771243578\n|switch|p1a: Abomasnow|Abomasnow, L84, F|287/287\n|-weather|Snowscape|[from] ability: Snow Warning|[of] p1a: Abomasnow\n|move|p2a: Reshiram|Outrage|p1a: Abomasnow|[from] lockedmove\n|-damage|p1a: Abomasnow|155/287\n|-start|p2a: Reshiram|confusion|[fatigue]\n|\n|-weather|Snowscape|[upkeep]\n|upkeep\n|turn|5\n|\n|t:|1771243599\n|-activate|p2a: Reshiram|confusion\n|move|p2a: Reshiram|Flare Blitz|p1a: Abomasnow\n|-supereffective|p1a: Abomasnow\n|-damage|p1a: Abomasnow|0 fnt\n|faint|p1a: Abomasnow\n|-damage|p2a: Reshiram|44/277|[from] Recoil\n|\n|-weather|Snowscape|[upkeep]\n|upkeep\n|inactive|Benbougami has 120 seconds left.\n|\n|t:|1771243631\n|switch|p1a: Pecharunt|Pecharunt, L77|262/262\n|turn|6\n|\n|t:|1771243644\n|-activate|p2a: Reshiram|confusion\n|move|p2a: Reshiram|Flare Blitz|p1a: Pecharunt\n|-damage|p1a: Pecharunt|142/262\n|-damage|p2a: Reshiram|0 fnt|[from] item: Rocky Helmet|[of] p1a: Pecharunt\n|faint|p2a: Reshiram\n|move|p1a: Pecharunt|Recover|p1a: Pecharunt\n|-heal|p1a: Pecharunt|262/262\n|\n|-weather|Snowscape|[upkeep]\n|upkeep\n|\n|t:|1771243662\n|switch|p2a: Houndoom|Houndoom, L87, F|272/272\n|turn|7\n|\n|t:|1771243666\n|move|p2a: Houndoom|Dark Pulse|p1a: Pecharunt\n|-supereffective|p1a: Pecharunt\n|-damage|p1a: Pecharunt|26/262\n|move|p1a: Pecharunt|Malignant Chain|p2a: Houndoom\n|-damage|p2a: Houndoom|179/272\n|-status|p2a: Houndoom|tox\n|-start|p2a: Houndoom|confusion|[from] ability: Poison Puppeteer|[of] p1a: Pecharunt\n|\n|-weather|Snowscape|[upkeep]\n|-damage|p2a: Houndoom|162/272 tox|[from] psn\n|upkeep\n|turn|8\n|inactive|Benbougami has 120 seconds left.\n|\n|t:|1771243680\n|-activate|p2a: Houndoom|confusion\n|-damage|p2a: Houndoom|119/272 tox|[from] confusion\n|move|p1a: Pecharunt|Recover|p1a: Pecharunt\n|-heal|p1a: Pecharunt|157/262\n|\n|-weather|none\n|-damage|p2a: Houndoom|85/272 tox|[from] psn\n|upkeep\n|turn|9\n|\n|t:|1771243688\n|switch|p1a: Tinkaton|Tinkaton, L82, F|274/274\n|-ability|p1a: Tinkaton|Mold Breaker\n|-activate|p2a: Houndoom|confusion\n|move|p2a: Houndoom|Dark Pulse|p1a: Tinkaton\n|-resisted|p1a: Tinkaton\n|-damage|p1a: Tinkaton|229/274\n|\n|-heal|p1a: Tinkaton|246/274|[from] item: Leftovers\n|-damage|p2a: Houndoom|34/272 tox|[from] psn\n|upkeep\n|turn|10\n|inactive|Benbougami has 120 seconds left.\n|\n|t:|1771243711\n|switch|p2a: Luvdisc|Luvdisc, M|247/247\n|switch|p1a: Gastrodon|Gastrodon-East, L86, F|114/331\n|\n|-heal|p1a: Gastrodon|134/331|[from] item: Leftovers\n|upkeep\n|turn|11\n|\n|t:|1771243725\n|switch|p2a: Houndoom|Houndoom, L87, F|34/272 tox\n|move|p1a: Gastrodon|Recover|p1a: Gastrodon\n|-heal|p1a: Gastrodon|300/331\n|\n|-heal|p1a: Gastrodon|320/331|[from] item: Leftovers\n|-damage|p2a: Houndoom|17/272 tox|[from] psn\n|upkeep\n|turn|12\n|\n|t:|1771243735\n|move|p2a: Houndoom|Sludge Bomb|p1a: Gastrodon\n|-resisted|p1a: Gastrodon\n|-damage|p1a: Gastrodon|281/331\n|-status|p1a: Gastrodon|psn\n|move|p1a: Gastrodon|Recover|p1a: Gastrodon\n|-heal|p1a: Gastrodon|331/331 psn\n|\n|-damage|p2a: Houndoom|0 fnt|[from] psn\n|faint|p2a: Houndoom\n|-damage|p1a: Gastrodon|290/331 psn|[from] psn\n|upkeep\n|\n|t:|1771243745\n|switch|p2a: Mamoswine|Mamoswine, L81, F|311/311\n|turn|13\n|\n|t:|1771243761\n|switch|p2a: Tatsugiri|Tatsugiri, L87, F|260/260\n|switch|p1a: Pecharunt|Pecharunt, L77|157/262\n|\n|upkeep\n|turn|14\n|\n|t:|1771243775\n|move|p2a: Tatsugiri|Nasty Plot|p2a: Tatsugiri\n|-boost|p2a: Tatsugiri|spa|2\n|move|p1a: Pecharunt|Malignant Chain|p2a: Tatsugiri\n|-damage|p2a: Tatsugiri|178/260\n|-status|p2a: Tatsugiri|tox\n|-start|p2a: Tatsugiri|confusion|[from] ability: Poison Puppeteer|[of] p1a: Pecharunt\n|\n|-damage|p2a: Tatsugiri|162/260 tox|[from] psn\n|upkeep\n|turn|15\n|-message|z'ret(y-hjeu forfeited.\n|\n|win|Benbougami\n|raw|Benbougami's rating: 1605 &rarr; <strong>1626</strong><br />(+21 for winning)\n|raw|z&apos;ret(y-hjeu's rating: 1614 &rarr; <strong>1593</strong><br />(-21 for losing)\n|l|☆z'ret(y-hjeu\n|player|p2|\n", "inputlog": ">version 686819e5e19f8a7fd2345cfc5a08a5085efa2cc3\n>start {\"formatid\":\"gen9randombattle\",\"seed\":\"sodium,21d26aeff8421f3c2cfb9d238eb9e385\",\"rated\":\"Rated battle\"}\n>player p1 {\"name\":\"Benbougami\",\"avatar\":\"roughneck\",\"rating\":1605,\"seed\":\"sodium,8cdee8852983358cfcb9c62e4085cbd9\"}\n>player p2 {\"name\":\"z'ret(y-hjeu\",\"avatar\":\"170\",\"rating\":1614,\"seed\":\"sodium,bc6793b7c2fe5b19c99d4ef6e3f8b189\"}\n>p1 move grassknot\n>p2 move earthquake\n>p2 switch 6\n>p1 switch 5\n>p2 move dragondance\n>p1 move earthquake\n>p2 move outrage\n>p1 switch 6\n>p2 move outrage\n>p1 move blizzard\n>p2 move flareblitz\n>p1 switch 2\n>p1 move recover\n>p2 move flareblitz\n>p2 switch 3\n>p1 move malignantchain\n>p2 move darkpulse\n>p1 move recover\n>p2 move darkpulse\n>p1 switch 3\n>p2 move darkpulse\n>p1 switch 6\n>p2 switch 5\n>p1 move recover\n>p2 switch 5\n>p1 move recover\n>p2 move sludgebomb\n>p2 switch 2\n>p1 switch 3\n>p2 switch 4\n>p1 move malignantchain\n>p2 move nastyplot\n>forcelose p2", "uploadtime": 1771243784, "views": 7, "formatid": "gen9randombattle", "rating": 1593, "private": 0, "password": null}