{"id": "gen9randombattle-2540244761", "format": "[Gen 9] Random Battle", "players": ["umbarill", "Mysterious Soop"], "log": "|j|☆umbarill\n|j|☆Mysterious Soop\n|t:|1771180080\n|gametype|singles\n|player|p1|umbarill|depotagent|2008\n|player|p2|Mysterious Soop|265|2008\n|gen|9\n|tier|[Gen 9] Random Battle\n|rated|\n|rule|Species Clause: Limit one of each Pokémon\n|rule|HP Percentage Mod: HP is shown in percentages\n|rule|Sleep Clause Mod: Limit one foe put to sleep\n|rule|Illusion Level Mod: Illusion disguises the Pokémon's true level\n|\n|t:|1771180080\n|teamsize|p1|6\n|teamsize|p2|6\n|start\n|switch|p1a: Whimsicott|Whimsicott, L84, F|238/238\n|switch|p2a: Volcanion|Volcanion, L79|255/255\n|turn|1\n|\n|t:|1771180118\n|switch|p1a: Iron Leaves|Iron Leaves, L80|275/275\n|move|p2a: Volcanion|Flamethrower|p1a: Iron Leaves\n|-supereffective|p1a: Iron Leaves\n|-damage|p1a: Iron Leaves|93/275\n|\n|upkeep\n|turn|2\n|inactive|Battle timer is ON: inactive players will automatically lose when time's up. (requested by umbarill)\n|\n|t:|1771180132\n|move|p1a: Iron Leaves|Psyblade|p2a: Volcanion\n|-damage|p2a: Volcanion|154/255\n|-damage|p1a: Iron Leaves|66/275|[from] item: Life Orb\n|move|p2a: Volcanion|Flame Charge|p1a: Iron Leaves\n|-supereffective|p1a: Iron Leaves\n|-damage|p1a: Iron Leaves|0 fnt\n|-boost|p2a: Volcanion|spe|1\n|faint|p1a: Iron Leaves\n|-end|p1a: Iron Leaves|Quark Drive|[silent]\n|\n|upkeep\n|\n|t:|1771180148\n|switch|p1a: Falinks|Falinks, L84|246/246\n|turn|3\n|\n|t:|1771180155\n|move|p2a: Volcanion|Flame Charge|p1a: Falinks\n|-damage|p1a: Falinks|200/246\n|-boost|p2a: Volcanion|spe|1\n|move|p1a: Falinks|No Retreat|p1a: Falinks\n|-boost|p1a: Falinks|atk|1\n|-boost|p1a: Falinks|def|1\n|-boost|p1a: Falinks|spa|1\n|-boost|p1a: Falinks|spd|1\n|-boost|p1a: Falinks|spe|1\n|-start|p1a: Falinks|move: No Retreat\n|\n|upkeep\n|turn|4\n|\n|t:|1771180166\n|move|p2a: Volcanion|Steam Eruption|p1a: Falinks\n|-damage|p1a: Falinks|89/246\n|move|p1a: Falinks|Close Combat|p2a: Volcanion\n|-damage|p2a: Volcanion|0 fnt\n|-unboost|p1a: Falinks|def|1\n|-unboost|p1a: Falinks|spd|1\n|faint|p2a: Volcanion\n|-damage|p1a: Falinks|65/246|[from] item: Life Orb\n|\n|upkeep\n|\n|t:|1771180182\n|switch|p2a: Arcanine|Arcanine, L84, F|288/288\n|-ability|p2a: Arcanine|Intimidate|boost\n|-unboost|p1a: Falinks|atk|1\n|-ability|p1a: Falinks|Defiant|boost\n|-boost|p1a: Falinks|atk|2\n|turn|5\n|c|☆Mysterious Soop|oh\n|\n|t:|1771180195\n|switch|p2a: Houndstone|Houndstone, L86, F|264/264\n|move|p1a: Falinks|Close Combat|p2a: Houndstone\n|-immune|p2a: Houndstone\n|\n|upkeep\n|turn|6\n|\n|t:|1771180204\n|move|p1a: Falinks|Knock Off|p2a: Houndstone\n|-supereffective|p2a: Houndstone\n|-damage|p2a: Houndstone|92/264\n|-enditem|p2a: Houndstone|Assault Vest|[from] move: Knock Off|[of] p1a: Falinks\n|-damage|p1a: Falinks|41/246|[from] item: Life Orb\n|move|p2a: Houndstone|Play Rough|p1a: Falinks\n|-supereffective|p1a: Falinks\n|-damage|p1a: Falinks|0 fnt\n|faint|p1a: Falinks\n|\n|upkeep\n|\n|t:|1771180224\n|switch|p1a: Klawf|Klawf, L90, M|272/272\n|turn|7\n|\n|t:|1771180236\n|move|p1a: Klawf|Swords Dance|p1a: Klawf\n|-boost|p1a: Klawf|atk|2\n|move|p2a: Houndstone|Body Press|p1a: Klawf\n|-supereffective|p1a: Klawf\n|-damage|p1a: Klawf|170/272\n|\n|upkeep\n|turn|8\n|\n|t:|1771180250\n|move|p1a: Klawf|Stone Edge|p2a: Houndstone\n|-damage|p2a: Houndstone|0 fnt\n|faint|p2a: Houndstone\n|\n|upkeep\n|\n|t:|1771180269\n|switch|p2a: Arcanine|Arcanine, L84, F|288/288\n|-ability|p2a: Arcanine|Intimidate|boost\n|-unboost|p1a: Klawf|atk|1\n|turn|9\n|\n|t:|1771180283\n|switch|p2a: Brute Bonnet|Brute Bonnet, L81|312/312\n|move|p1a: Klawf|Stone Edge|p2a: Brute Bonnet|[miss]\n|-miss|p1a: Klawf|p2a: Brute Bonnet\n|\n|upkeep\n|turn|10\n|\n|t:|1771180305\n|move|p1a: Klawf|Stone Edge|p2a: Brute Bonnet\n|-damage|p2a: Brute Bonnet|141/312\n|move|p2a: Brute Bonnet|Seed Bomb|p1a: Klawf\n|-supereffective|p1a: Klawf\n|-crit|p1a: Klawf\n|-damage|p1a: Klawf|0 fnt\n|faint|p1a: Klawf\n|\n|-heal|p2a: Brute Bonnet|160/312|[from] item: Leftovers\n|upkeep\n|inactive|umbarill has 120 seconds left.\n|\n|t:|1771180328\n|switch|p1a: Whimsicott|Whimsicott, L84, F|238/238\n|turn|11\n|inactive|umbarill has 120 seconds left.\n|\n|t:|1771180341\n|switch|p1a: Palossand|Palossand, L89, M|296/296\n|-end|p2a: Brute Bonnet|Protosynthesis|[silent]\n|switch|p2a: Arcanine|Arcanine, L84, F|288/288\n|-ability|p2a: Arcanine|Intimidate|boost\n|-unboost|p1a: Palossand|atk|1\n|\n|upkeep\n|turn|12\n|inactive|umbarill has 120 seconds left.\n|\n|t:|1771180354\n|switch|p2a: Alcremie|Alcremie-Ruby-Cream, L90, F|263/263\n|move|p1a: Palossand|Earth Power|p2a: Alcremie\n|-damage|p2a: Alcremie|187/263\n|\n|-heal|p2a: Alcremie|203/263|[from] item: Leftovers\n|upkeep\n|turn|13\n|\n|t:|1771180359\n|move|p2a: Alcremie|Calm Mind|p2a: Alcremie\n|-boost|p2a: Alcremie|spa|1\n|-boost|p2a: Alcremie|spd|1\n|move|p1a: Palossand|Sludge Bomb|p2a: Alcremie\n|-supereffective|p2a: Alcremie\n|-damage|p2a: Alcremie|137/263\n|-status|p2a: Alcremie|psn\n|\n|-heal|p2a: Alcremie|153/263 psn|[from] item: Leftovers\n|-damage|p2a: Alcremie|121/263 psn|[from] psn\n|upkeep\n|turn|14\n|\n|t:|1771180370\n|move|p2a: Alcremie|Recover|p2a: Alcremie\n|-heal|p2a: Alcremie|253/263 psn\n|move|p1a: Palossand|Sludge Bomb|p2a: Alcremie\n|-supereffective|p2a: Alcremie\n|-damage|p2a: Alcremie|181/263 psn\n|\n|-heal|p2a: Alcremie|197/263 psn|[from] item: Leftovers\n|-damage|p2a: Alcremie|165/263 psn|[from] psn\n|upkeep\n|turn|15\n|\n|t:|1771180384\n|move|p2a: Alcremie|Calm Mind|p2a: Alcremie\n|-boost|p2a: Alcremie|spa|1\n|-boost|p2a: Alcremie|spd|1\n|move|p1a: Palossand|Sludge Bomb|p2a: Alcremie\n|-supereffective|p2a: Alcremie\n|-damage|p2a: Alcremie|111/263 psn\n|\n|-heal|p2a: Alcremie|127/263 psn|[from] item: Leftovers\n|-damage|p2a: Alcremie|95/263 psn|[from] psn\n|upkeep\n|turn|16\n|\n|t:|1771180390\n|switch|p1a: Girafarig|Girafarig, L89, F|269/269\n|move|p2a: Alcremie|Recover|p2a: Alcremie\n|-heal|p2a: Alcremie|227/263 psn\n|\n|-heal|p2a: Alcremie|243/263 psn|[from] item: Leftovers\n|-damage|p2a: Alcremie|211/263 psn|[from] psn\n|upkeep\n|turn|17\n|\n|t:|1771180400\n|move|p1a: Girafarig|Nasty Plot|p1a: Girafarig\n|-boost|p1a: Girafarig|spa|2\n|move|p2a: Alcremie|Alluring Voice|p1a: Girafarig\n|-damage|p1a: Girafarig|89/269\n|-start|p1a: Girafarig|confusion\n|\n|-heal|p2a: Alcremie|227/263 psn|[from] item: Leftovers\n|-damage|p2a: Alcremie|195/263 psn|[from] psn\n|upkeep\n|turn|18\n|\n|t:|1771180410\n|-activate|p1a: Girafarig|confusion\n|-damage|p1a: Girafarig|65/269|[from] confusion\n|move|p2a: Alcremie|Alluring Voice|p1a: Girafarig\n|-damage|p1a: Girafarig|0 fnt\n|faint|p1a: Girafarig\n|\n|-heal|p2a: Alcremie|211/263 psn|[from] item: Leftovers\n|-damage|p2a: Alcremie|179/263 psn|[from] psn\n|upkeep\n|-message|umbarill forfeited.\n|\n|win|Mysterious Soop\n|raw|umbarill's rating: 2008 &rarr; <strong>1988</strong><br />(-20 for losing)\n|raw|Mysterious Soop's rating: 2008 &rarr; <strong>2028</strong><br />(+20 for winning)\n|l|☆umbarill\n|player|p1|\n", "inputlog": ">version 686819e5e19f8a7fd2345cfc5a08a5085efa2cc3\n>start {\"formatid\":\"gen9randombattle\",\"seed\":\"sodium,620f9f06ee33bcf45a683489803b283d\",\"rated\":\"Rated battle\"}\n>player p1 {\"name\":\"umbarill\",\"avatar\":\"depotagent\",\"rating\":2008,\"seed\":\"sodium,fa1dece4cb1d5f313237b3cc0e161b3e\"}\n>player p2 {\"name\":\"Mysterious Soop\",\"avatar\":\"265\",\"rating\":2008,\"seed\":\"sodium,ad2762a9856d4ea0318a0ef8a9956a43\"}\n>p1 switch 4\n>p2 move flamethrower\n>p1 move psyblade\n>p2 move flamecharge\n>p1 switch 6\n>p1 move noretreat\n>p2 move flamecharge\n>p1 move closecombat\n>p2 move steameruption\n>p2 switch 3\n>chat ☆Mysterious Soop|oh\n>p1 move closecombat\n>p2 switch 6\n>p1 move knockoff\n>p2 move playrough\n>p1 switch 5\n>p1 move swordsdance\n>p2 move bodypress\n>p1 move stoneedge\n>p2 move bodypress\n>p2 switch 6\n>p1 move stoneedge\n>p2 switch 5\n>p1 move stoneedge\n>p2 move seedbomb\n>p1 switch 4\n>p1 switch 3\n>p2 switch 5\n>p1 move earthpower\n>p2 switch 2\n>p1 move sludgebomb\n>p2 move calmmind\n>p1 move sludgebomb\n>p2 move recover\n>p1 move sludgebomb\n>p2 move calmmind\n>p1 switch 2\n>p2 move recover\n>p1 move nastyplot\n>p2 move alluringvoice\n>p1 move psyshock\n>p2 move alluringvoice\n>forcelose p1", "uploadtime": 1771180416, "views": 13, "formatid": "gen9randombattle", "rating": 1988, "private": 0, "password": null}