{"id": "gen9randombattle-2540505482", "format": "[Gen 9] Random Battle", "players": ["clickdontthink", "WorkerBeez14"], "log": "|j|☆clickdontthink\n|j|☆WorkerBeez14\n|t:|1771210443\n|gametype|singles\n|player|p1|clickdontthink|bruno-gen2|2203\n|player|p2|WorkerBeez14|will|2293\n|gen|9\n|tier|[Gen 9] Random Battle\n|rated|\n|rule|Species Clause: Limit one of each Pokémon\n|rule|HP Percentage Mod: HP is shown in percentages\n|rule|Sleep Clause Mod: Limit one foe put to sleep\n|rule|Illusion Level Mod: Illusion disguises the Pokémon's true level\n|\n|t:|1771210443\n|teamsize|p1|6\n|teamsize|p2|6\n|start\n|switch|p1a: Bronzong|Bronzong, L88|261/261\n|switch|p2a: Cetitan|Cetitan, L82, F|412/412\n|turn|1\n|j|+DerpySuX\n|\n|t:|1771210473\n|switch|p2a: Sinistcha|Sinistcha-Masterpiece, L83|254/254\n|move|p1a: Bronzong|Hypnosis|p2a: Sinistcha\n|-status|p2a: Sinistcha|slp|[from] move: Hypnosis\n|\n|upkeep\n|turn|2\n|c|+DerpySuX|🅱️ongzong\n|\n|t:|1771210511\n|switch|p1a: Kricketune|Kricketune, L99, M|312/312\n|cant|p2a: Sinistcha|slp\n|\n|upkeep\n|turn|3\n|\n|t:|1771210541\n|switch|p2a: Arceus|Arceus-Dragon, L71|288/288\n|move|p1a: Kricketune|Sticky Web|p2a: Arceus\n|-sidestart|p2: WorkerBeez14|move: Sticky Web\n|\n|upkeep\n|turn|4\n|\n|t:|1771210547\n|move|p2a: Arceus|Swords Dance|p2a: Arceus\n|-boost|p2a: Arceus|atk|2\n|move|p1a: Kricketune|Pounce|p2a: Arceus\n|-damage|p2a: Arceus|191/288\n|-unboost|p2a: Arceus|spe|1\n|\n|upkeep\n|turn|5\n|\n|t:|1771210557\n|move|p1a: Kricketune|Pounce|p2a: Arceus\n|-damage|p2a: Arceus|106/288\n|-unboost|p2a: Arceus|spe|1\n|move|p2a: Arceus|Flare Blitz|p1a: Kricketune\n|-supereffective|p1a: Kricketune\n|-damage|p1a: Kricketune|0 fnt\n|faint|p1a: Kricketune\n|-damage|p2a: Arceus|3/288|[from] Recoil\n|\n|upkeep\n|\n|t:|1771210568\n|switch|p1a: Bronzong|Bronzong, L88|261/261\n|turn|6\n|\n|t:|1771210583\n|move|p2a: Arceus|Extreme Speed|p1a: Bronzong\n|-resisted|p1a: Bronzong\n|-damage|p1a: Bronzong|223/261\n|move|p1a: Bronzong|Iron Head|p2a: Arceus\n|-damage|p2a: Arceus|0 fnt\n|faint|p2a: Arceus\n|\n|-heal|p1a: Bronzong|239/261|[from] item: Leftovers\n|upkeep\n|\n|t:|1771210594\n|switch|p2a: Sinistcha|Sinistcha-Masterpiece, L83|254/254 slp\n|-activate|p2a: Sinistcha|move: Sticky Web\n|-unboost|p2a: Sinistcha|spe|1\n|turn|7\n|\n|t:|1771210606\n|switch|p1a: Iron Moth|Iron Moth, L78|253/253\n|cant|p2a: Sinistcha|slp\n|\n|upkeep\n|turn|8\n|\n|t:|1771210644\n|switch|p2a: Qwilfish|Qwilfish, L86, M|252/252\n|-ability|p2a: Qwilfish|Intimidate|boost\n|-unboost|p1a: Iron Moth|atk|1\n|move|p1a: Iron Moth|Fire Blast|p2a: Qwilfish\n|-resisted|p2a: Qwilfish\n|-damage|p2a: Qwilfish|125/252\n|\n|upkeep\n|turn|9\n|l|+DerpySuX\n|\n|t:|1771210651\n|move|p1a: Iron Moth|Fire Blast|p2a: Qwilfish\n|-resisted|p2a: Qwilfish\n|-damage|p2a: Qwilfish|0 fnt\n|faint|p2a: Qwilfish\n|\n|upkeep\n|\n|t:|1771210660\n|switch|p2a: Weezing|Weezing, L88, M|258/258\n|turn|10\n|\n|t:|1771210696\n|-end|p1a: Iron Moth|Quark Drive|[silent]\n|switch|p1a: Weezing|Weezing, L88, M|258/258\n|move|p2a: Weezing|Pain Split|p1a: Weezing\n|-sethp|p1a: Weezing|258/258|[from] move: Pain Split|[silent]\n|-sethp|p2a: Weezing|258/258|[from] move: Pain Split\n|\n|upkeep\n|turn|11\n|\n|t:|1771210702\n|switch|p2a: Sinistcha|Sinistcha-Masterpiece, L83|254/254 slp\n|-activate|p2a: Sinistcha|move: Sticky Web\n|-unboost|p2a: Sinistcha|spe|1\n|move|p1a: Weezing|Toxic Spikes|p2a: Sinistcha\n|-sidestart|p2: WorkerBeez14|move: Toxic Spikes\n|\n|upkeep\n|turn|12\n|\n|t:|1771210715\n|switch|p1a: Cloyster|Cloyster, L80, M|211/211\n|cant|p2a: Sinistcha|slp\n|\n|upkeep\n|turn|13\n|\n|t:|1771210728\n|move|p1a: Cloyster|Icicle Spear|p2a: Sinistcha\n|-supereffective|p2a: Sinistcha\n|-damage|p2a: Sinistcha|206/254 slp\n|-supereffective|p2a: Sinistcha\n|-damage|p2a: Sinistcha|164/254 slp\n|-supereffective|p2a: Sinistcha\n|-damage|p2a: Sinistcha|120/254 slp\n|-supereffective|p2a: Sinistcha\n|-damage|p2a: Sinistcha|78/254 slp\n|-supereffective|p2a: Sinistcha\n|-damage|p2a: Sinistcha|34/254 slp\n|-hitcount|p2a: Sinistcha|5\n|-curestatus|p2a: Sinistcha|slp|[msg]\n|move|p2a: Sinistcha|Matcha Gotcha|p1a: Cloyster\n|-supereffective|p1a: Cloyster\n|-damage|p1a: Cloyster|0 fnt\n|-heal|p2a: Sinistcha|140/254|[from] drain|[of] p1a: Cloyster\n|faint|p1a: Cloyster\n|\n|-heal|p2a: Sinistcha|155/254|[from] item: Leftovers\n|upkeep\n|\n|t:|1771210731\n|switch|p1a: Iron Moth|Iron Moth, L78|253/253\n|turn|14\n|\n|t:|1771210741\n|move|p1a: Iron Moth|Fire Blast|p2a: Sinistcha|[miss]\n|-miss|p1a: Iron Moth|p2a: Sinistcha\n|move|p2a: Sinistcha|Strength Sap|p1a: Iron Moth\n|-unboost|p1a: Iron Moth|atk|1\n|-heal|p2a: Sinistcha|254/254\n|\n|upkeep\n|turn|15\n|\n|t:|1771210749\n|move|p1a: Iron Moth|Fire Blast|p2a: Sinistcha\n|-supereffective|p2a: Sinistcha\n|-damage|p2a: Sinistcha|30/254\n|-status|p2a: Sinistcha|brn\n|move|p2a: Sinistcha|Calm Mind|p2a: Sinistcha\n|-boost|p2a: Sinistcha|spa|1\n|-boost|p2a: Sinistcha|spd|1\n|\n|-heal|p2a: Sinistcha|45/254 brn|[from] item: Leftovers\n|-damage|p2a: Sinistcha|38/254 brn|[from] brn\n|upkeep\n|turn|16\n|\n|t:|1771210756\n|move|p1a: Iron Moth|Fire Blast|p2a: Sinistcha\n|-supereffective|p2a: Sinistcha\n|-damage|p2a: Sinistcha|0 fnt\n|faint|p2a: Sinistcha\n|\n|upkeep\n|\n|t:|1771210760\n|switch|p2a: Cetitan|Cetitan, L82, F|412/412\n|-activate|p2a: Cetitan|move: Sticky Web\n|-unboost|p2a: Cetitan|spe|1\n|-status|p2a: Cetitan|psn\n|turn|17\n|\n|t:|1771210767\n|-end|p1a: Iron Moth|Quark Drive|[silent]\n|switch|p1a: Weezing|Weezing, L88, M|258/258\n|switch|p2a: Weezing|Weezing, L88, M|258/258\n|\n|upkeep\n|turn|18\n|\n|t:|1771210773\n|move|p1a: Weezing|Fire Blast|p2a: Weezing\n|-damage|p2a: Weezing|173/258\n|move|p2a: Weezing|Sludge Bomb|p1a: Weezing\n|-resisted|p1a: Weezing\n|-damage|p1a: Weezing|206/258\n|\n|-heal|p1a: Weezing|222/258|[from] item: Leftovers\n|-heal|p2a: Weezing|189/258|[from] item: Leftovers\n|upkeep\n|turn|19\n|\n|t:|1771210779\n|move|p2a: Weezing|Fire Blast|p1a: Weezing\n|-damage|p1a: Weezing|137/258\n|move|p1a: Weezing|Fire Blast|p2a: Weezing\n|-damage|p2a: Weezing|97/258\n|\n|-heal|p2a: Weezing|113/258|[from] item: Leftovers\n|-heal|p1a: Weezing|153/258|[from] item: Leftovers\n|upkeep\n|turn|20\n|\n|t:|1771210784\n|move|p1a: Weezing|Toxic Spikes|p2a: Weezing\n|-sidestart|p2: WorkerBeez14|move: Toxic Spikes\n|move|p2a: Weezing|Fire Blast|p1a: Weezing\n|-damage|p1a: Weezing|61/258\n|\n|-heal|p2a: Weezing|129/258|[from] item: Leftovers\n|-heal|p1a: Weezing|77/258|[from] item: Leftovers\n|upkeep\n|turn|21\n|\n|t:|1771210789\n|move|p2a: Weezing|Fire Blast|p1a: Weezing\n|-damage|p1a: Weezing|0 fnt\n|faint|p1a: Weezing\n|\n|-heal|p2a: Weezing|145/258|[from] item: Leftovers\n|upkeep\n|\n|t:|1771210793\n|switch|p1a: Iron Moth|Iron Moth, L78|253/253\n|turn|22\n|\n|t:|1771210797\n|move|p1a: Iron Moth|Fire Blast|p2a: Weezing\n|-damage|p2a: Weezing|0 fnt\n|faint|p2a: Weezing\n|\n|upkeep\n|\n|t:|1771210806\n|switch|p2a: Serperior|Serperior, L79, M|248/248\n|-activate|p2a: Serperior|move: Sticky Web\n|-boost|p2a: Serperior|spe|1\n|-status|p2a: Serperior|tox\n|turn|23\n|\n|t:|1771210813\n|-terastallize|p2a: Serperior|Dragon\n|move|p2a: Serperior|Leaf Storm|p1a: Iron Moth\n|-resisted|p1a: Iron Moth\n|-damage|p1a: Iron Moth|226/253\n|-boost|p2a: Serperior|spa|2\n|-damage|p2a: Serperior|224/248 tox|[from] item: Life Orb\n|move|p1a: Iron Moth|Fire Blast|p2a: Serperior\n|-resisted|p2a: Serperior\n|-damage|p2a: Serperior|114/248 tox\n|\n|-damage|p2a: Serperior|99/248 tox|[from] psn\n|upkeep\n|turn|24\n|\n|t:|1771210828\n|-end|p1a: Iron Moth|Quark Drive|[silent]\n|switch|p1a: Bronzong|Bronzong, L88|239/261\n|move|p2a: Serperior|Dragon Pulse|p1a: Bronzong\n|-resisted|p1a: Bronzong\n|-damage|p1a: Bronzong|171/261\n|-damage|p2a: Serperior|75/248 tox|[from] item: Life Orb\n|\n|-heal|p1a: Bronzong|187/261|[from] item: Leftovers\n|-damage|p2a: Serperior|45/248 tox|[from] psn\n|upkeep\n|turn|25\n|-message|WorkerBeez14 forfeited.\n|\n|win|clickdontthink\n|raw|clickdontthink's rating: 2203 &rarr; <strong>2228</strong><br />(+25 for winning)\n|raw|WorkerBeez14's rating: 2293 &rarr; <strong>2268</strong><br />(-25 for losing)\n|l|☆WorkerBeez14\n|player|p2|\n|c|☆clickdontthink|gg\n", "inputlog": ">version 686819e5e19f8a7fd2345cfc5a08a5085efa2cc3\n>start {\"formatid\":\"gen9randombattle\",\"seed\":\"sodium,3842120b8fd39b22278ccfc3b8a6b7ff\",\"rated\":\"Rated battle\"}\n>player p1 {\"name\":\"clickdontthink\",\"avatar\":\"bruno-gen2\",\"rating\":2203,\"seed\":\"sodium,30d2ead9a77c358ccb153cc4778be2e6\"}\n>player p2 {\"name\":\"WorkerBeez14\",\"avatar\":\"will\",\"rating\":2293,\"seed\":\"sodium,b8d9bc86280ca40080c03b2b1655d53f\"}\n>p1 move hypnosis\n>p2 switch 4\n>chat +DerpySuX|🅱️ongzong\n>p1 switch 4\n>p2 move calmmind\n>p1 move stickyweb\n>p2 switch 5\n>p1 move pounce\n>p2 move swordsdance\n>p1 move pounce\n>p2 move flareblitz\n>p1 switch 4\n>p1 move ironhead\n>p2 move extremespeed\n>p2 switch 5\n>p1 switch 3\n>p2 move calmmind\n>p1 move fireblast\n>p2 switch 3\n>p1 move fireblast\n>p2 move painsplit\n>p2 switch 2\n>p1 switch 6\n>p2 move painsplit\n>p1 move toxicspikes\n>p2 switch 3\n>p1 switch 5\n>p2 move calmmind\n>p1 move iciclespear\n>p2 move matchagotcha\n>p1 switch 6\n>p1 move fireblast\n>p2 move strengthsap\n>p1 move fireblast\n>p2 move calmmind\n>p1 move fireblast\n>p2 move shadowball\n>p2 switch 4\n>p1 switch 5\n>p2 switch 3\n>p1 move fireblast\n>p2 move sludgebomb\n>p1 move fireblast\n>p2 move fireblast\n>p1 move toxicspikes\n>p2 move fireblast\n>p1 move fireblast\n>p2 move fireblast\n>p1 switch 5\n>p1 move fireblast\n>p2 move painsplit\n>p2 switch 6\n>p1 move fireblast\n>p2 move leafstorm terastallize\n>p1 switch 3\n>p2 move dragonpulse\n>forcelose p2", "uploadtime": 1771210840, "views": 18, "formatid": "gen9randombattle", "rating": 2228, "private": 0, "password": null}