{"id": "gen9randombattle-2540508703", "format": "[Gen 9] Random Battle", "players": ["MeAndTheBorthers", "eschemali"], "log": "|j|☆MeAndTheBorthers\n|j|☆eschemali\n|t:|1771210864\n|gametype|singles\n|player|p1|MeAndTheBorthers|iris-gen5bw2|1742\n|player|p2|eschemali|preschooler|1769\n|gen|9\n|tier|[Gen 9] Random Battle\n|rated|\n|rule|Species Clause: Limit one of each Pokémon\n|rule|HP Percentage Mod: HP is shown in percentages\n|rule|Sleep Clause Mod: Limit one foe put to sleep\n|rule|Illusion Level Mod: Illusion disguises the Pokémon's true level\n|\n|t:|1771210864\n|teamsize|p1|6\n|teamsize|p2|6\n|start\n|switch|p1a: Primarina|Primarina, L83, M|268/268\n|switch|p2a: Gastrodon|Gastrodon-East, L86, F|331/331\n|turn|1\n|inactive|Battle timer is ON: inactive players will automatically lose when time's up. (requested by eschemali)\n|\n|t:|1771210892\n|switch|p1a: Venusaur|Venusaur, L84, F|272/272\n|move|p2a: Gastrodon|Stealth Rock|p1a: Venusaur\n|-sidestart|p1: MeAndTheBorthers|move: Stealth Rock\n|\n|upkeep\n|turn|2\n|\n|t:|1771210902\n|switch|p2a: Snorlax|Snorlax, L82, M|397/397\n|move|p1a: Venusaur|Knock Off|p2a: Snorlax\n|-damage|p2a: Snorlax|316/397\n|-enditem|p2a: Snorlax|Leftovers|[from] move: Knock Off|[of] p1a: Venusaur\n|\n|upkeep\n|turn|3\n|\n|t:|1771210912\n|move|p1a: Venusaur|Sludge Bomb|p2a: Snorlax\n|-damage|p2a: Snorlax|240/397\n|move|p2a: Snorlax|Body Slam|p1a: Venusaur\n|-damage|p1a: Venusaur|173/272\n|\n|-heal|p1a: Venusaur|190/272|[from] item: Leftovers\n|upkeep\n|turn|4\n|\n|t:|1771210924\n|move|p1a: Venusaur|Sludge Bomb|p2a: Snorlax\n|-damage|p2a: Snorlax|156/397\n|move|p2a: Snorlax|Body Slam|p1a: Venusaur\n|-damage|p1a: Venusaur|84/272\n|\n|-heal|p1a: Venusaur|101/272|[from] item: Leftovers\n|upkeep\n|turn|5\n|\n|t:|1771210937\n|move|p1a: Venusaur|Sludge Bomb|p2a: Snorlax\n|-damage|p2a: Snorlax|65/397\n|move|p2a: Snorlax|Body Slam|p1a: Venusaur\n|-damage|p1a: Venusaur|0 fnt\n|faint|p1a: Venusaur\n|\n|upkeep\n|\n|t:|1771210953\n|switch|p1a: Maushold|Maushold-Four, L76|238/238\n|-damage|p1a: Maushold|209/238|[from] Stealth Rock\n|turn|6\n|\n|t:|1771210958\n|move|p1a: Maushold|Population Bomb|p2a: Snorlax\n|-damage|p2a: Snorlax|40/397\n|-damage|p2a: Snorlax|12/397\n|-damage|p2a: Snorlax|0 fnt\n|faint|p2a: Snorlax\n|-hitcount|p2: Snorlax|3\n|\n|upkeep\n|\n|t:|1771210967\n|switch|p2a: Keldeo|Keldeo-Resolute, L79|273/273\n|turn|7\n|\n|t:|1771210973\n|switch|p1a: Primarina|Primarina, L83, M|268/268\n|-damage|p1a: Primarina|235/268|[from] Stealth Rock\n|move|p2a: Keldeo|Secret Sword|p1a: Primarina\n|-resisted|p1a: Primarina\n|-damage|p1a: Primarina|173/268\n|\n|upkeep\n|turn|8\n|\n|t:|1771210992\n|switch|p2a: Wigglytuff|Wigglytuff, L96, M|424/424\n|move|p1a: Primarina|Moonblast|p2a: Wigglytuff\n|-damage|p2a: Wigglytuff|190/424\n|\n|-heal|p2a: Wigglytuff|216/424|[from] item: Leftovers\n|upkeep\n|turn|9\n|\n|t:|1771210998\n|move|p2a: Wigglytuff|Protect|p2a: Wigglytuff\n|-singleturn|p2a: Wigglytuff|Protect\n|move|p1a: Primarina|Moonblast|p2a: Wigglytuff\n|-activate|p2a: Wigglytuff|move: Protect\n|\n|-heal|p2a: Wigglytuff|242/424|[from] item: Leftovers\n|upkeep\n|turn|10\n|\n|t:|1771211005\n|move|p1a: Primarina|Moonblast|p2a: Wigglytuff\n|-damage|p2a: Wigglytuff|8/424\n|move|p2a: Wigglytuff|Wish|p2a: Wigglytuff\n|\n|-heal|p2a: Wigglytuff|34/424|[from] item: Leftovers\n|upkeep\n|turn|11\n|\n|t:|1771211015\n|move|p2a: Wigglytuff|Protect|p2a: Wigglytuff\n|-singleturn|p2a: Wigglytuff|Protect\n|move|p1a: Primarina|Moonblast|p2a: Wigglytuff\n|-activate|p2a: Wigglytuff|move: Protect\n|\n|-heal|p2a: Wigglytuff|246/424|[from] move: Wish|[wisher] Wigglytuff\n|-heal|p2a: Wigglytuff|272/424|[from] item: Leftovers\n|upkeep\n|turn|12\n|-message|eschemali forfeited.\n|\n|win|MeAndTheBorthers\n|raw|MeAndTheBorthers's rating: 1742 &rarr; <strong>1764</strong><br />(+22 for winning)\n|raw|eschemali's rating: 1769 &rarr; <strong>1747</strong><br />(-22 for losing)\n", "inputlog": ">version 686819e5e19f8a7fd2345cfc5a08a5085efa2cc3\n>start {\"formatid\":\"gen9randombattle\",\"seed\":\"sodium,7a4ddae9457a58d392d9b3fc23028b8c\",\"rated\":\"Rated battle\"}\n>player p1 {\"name\":\"MeAndTheBorthers\",\"avatar\":\"iris-gen5bw2\",\"rating\":1742,\"seed\":\"sodium,dd85f874cca6999c238da21699d5936a\"}\n>player p2 {\"name\":\"eschemali\",\"avatar\":\"preschooler\",\"rating\":1769,\"seed\":\"sodium,f37b69404139a15f1fb4b663967690c5\"}\n>p1 switch 4\n>p2 move stealthrock\n>p1 move knockoff\n>p2 switch 2\n>p1 move sludgebomb\n>p2 move bodyslam\n>p1 move sludgebomb\n>p2 move bodyslam\n>p1 move sludgebomb\n>p2 move bodyslam\n>p1 switch 5\n>p1 move populationbomb\n>p2 move bodyslam\n>p2 switch 5\n>p1 switch 4\n>p2 move secretsword\n>p1 move moonblast\n>p2 switch 3\n>p1 move moonblast\n>p2 move protect\n>p1 move moonblast\n>p2 move wish\n>p1 move moonblast\n>p2 move protect\n>forcelose p2", "uploadtime": 1771211020, "views": 10, "formatid": "gen9randombattle", "rating": 1747, "private": 0, "password": null}