{"id": "gen9randombattle-2540194132", "format": "[Gen 9] Random Battle", "players": ["vegemite360", "mwas48"], "log": "|j|☆vegemite360\n|j|☆mwas48\n|t:|1771174279\n|gametype|singles\n|player|p1|vegemite360|bugcatcher-gen4dp|1943\n|player|p2|mwas48|cheryl|1965\n|gen|9\n|tier|[Gen 9] Random Battle\n|rated|\n|rule|Species Clause: Limit one of each Pokémon\n|rule|HP Percentage Mod: HP is shown in percentages\n|rule|Sleep Clause Mod: Limit one foe put to sleep\n|rule|Illusion Level Mod: Illusion disguises the Pokémon's true level\n|\n|t:|1771174279\n|teamsize|p1|6\n|teamsize|p2|6\n|start\n|switch|p1a: Feraligatr|Feraligatr, L79, M|264/264\n|switch|p2a: Duraludon|Duraludon, L82, M|249/249\n|turn|1\n|inactive|Battle timer is ON: inactive players will automatically lose when time's up. (requested by vegemite360)\n|\n|t:|1771174295\n|switch|p1a: Sableye|Sableye, L88, M|231/231\n|move|p2a: Duraludon|Dragon Tail|p1a: Sableye\n|-damage|p1a: Sableye|170/231\n|drag|p1a: Glaceon|Glaceon, L94, F|275/275\n|\n|upkeep\n|turn|2\n|\n|t:|1771174305\n|switch|p2a: Registeel|Registeel, L81|262/262\n|move|p1a: Glaceon|Freeze-Dry|p2a: Registeel\n|-resisted|p2a: Registeel\n|-damage|p2a: Registeel|223/262\n|\n|upkeep\n|turn|3\n|\n|t:|1771174313\n|switch|p1a: Mudsdale|Mudsdale, L83, M|302/302\n|move|p2a: Registeel|Iron Defense|p2a: Registeel\n|-boost|p2a: Registeel|def|2\n|\n|upkeep\n|turn|4\n|\n|t:|1771174316\n|move|p2a: Registeel|Iron Defense|p2a: Registeel\n|-boost|p2a: Registeel|def|2\n|move|p1a: Mudsdale|Roar|p2a: Registeel\n|drag|p2a: Duraludon|Duraludon, L82, M|249/249\n|\n|upkeep\n|turn|5\n|\n|t:|1771174329\n|switch|p2a: Alomomola|Alomomola, L87, M|429/429\n|move|p1a: Mudsdale|Earthquake|p2a: Alomomola\n|-damage|p2a: Alomomola|288/429\n|\n|upkeep\n|turn|6\n|\n|t:|1771174337\n|switch|p1a: Lapras|Lapras, L87, M|368/368\n|move|p2a: Alomomola|Scald|p1a: Lapras\n|-immune|p1a: Lapras|[from] ability: Water Absorb\n|\n|upkeep\n|turn|7\n|\n|t:|1771174342\n|move|p2a: Alomomola|Wish|p2a: Alomomola\n|move|p1a: Lapras|Sparkling Aria|p2a: Alomomola\n|-resisted|p2a: Alomomola\n|-damage|p2a: Alomomola|222/429\n|\n|upkeep\n|turn|8\n|\n|t:|1771174346\n|switch|p2a: Mesprit|Mesprit, L85|275/275\n|move|p1a: Lapras|Freeze-Dry|p2a: Mesprit\n|-crit|p2a: Mesprit\n|-damage|p2a: Mesprit|185/275\n|\n|-heal|p2a: Mesprit|275/275|[from] move: Wish|[wisher] Alomomola\n|upkeep\n|turn|9\n|\n|t:|1771174356\n|switch|p1a: Sableye|Sableye, L88, M|170/231\n|move|p2a: Mesprit|Nasty Plot|p2a: Mesprit\n|-boost|p2a: Mesprit|spa|2\n|\n|-heal|p1a: Sableye|184/231|[from] item: Leftovers\n|upkeep\n|turn|10\n|\n|t:|1771174361\n|switch|p2a: Alomomola|Alomomola, L87, M|365/429\n|move|p1a: Sableye|Encore||[still]\n|-fail|p1a: Sableye\n|\n|-heal|p1a: Sableye|198/231|[from] item: Leftovers\n|upkeep\n|turn|11\n|\n|t:|1771174365\n|move|p2a: Alomomola|Scald|p1a: Sableye\n|-damage|p1a: Sableye|144/231\n|move|p1a: Sableye|Knock Off|p2a: Alomomola\n|-damage|p2a: Alomomola|266/429\n|-damage|p1a: Sableye|106/231|[from] item: Rocky Helmet|[of] p2a: Alomomola\n|-enditem|p2a: Alomomola|Rocky Helmet|[from] move: Knock Off|[of] p1a: Sableye\n|\n|-heal|p1a: Sableye|120/231|[from] item: Leftovers\n|upkeep\n|turn|12\n|\n|t:|1771174370\n|move|p1a: Sableye|Recover|p1a: Sableye\n|-heal|p1a: Sableye|231/231\n|move|p2a: Alomomola|Scald|p1a: Sableye\n|-damage|p1a: Sableye|173/231\n|-status|p1a: Sableye|brn\n|\n|-heal|p1a: Sableye|187/231 brn|[from] item: Leftovers\n|-damage|p1a: Sableye|173/231 brn|[from] brn\n|upkeep\n|turn|13\n|\n|t:|1771174374\n|switch|p1a: Lapras|Lapras, L87, M|368/368\n|move|p2a: Alomomola|Flip Turn|p1a: Lapras\n|-immune|p1a: Lapras|[from] ability: Water Absorb\n|\n|upkeep\n|turn|14\n|\n|t:|1771174378\n|switch|p2a: Registeel|Registeel, L81|223/262\n|move|p1a: Lapras|Freeze-Dry|p2a: Registeel\n|-resisted|p2a: Registeel\n|-damage|p2a: Registeel|197/262\n|\n|upkeep\n|turn|15\n|\n|t:|1771174387\n|switch|p2a: Ogerpon|Ogerpon-Wellspring, L76, F|247/247\n|move|p1a: Lapras|Sparkling Aria|p2a: Ogerpon\n|-immune|p2a: Ogerpon|[from] ability: Water Absorb\n|\n|upkeep\n|turn|16\n|\n|t:|1771174397\n|switch|p2a: Mesprit|Mesprit, L85|275/275\n|move|p1a: Lapras|Freeze-Dry|p2a: Mesprit\n|-damage|p2a: Mesprit|218/275\n|\n|upkeep\n|turn|17\n|\n|t:|1771174402\n|switch|p1a: Sableye|Sableye, L88, M|173/231 brn\n|move|p2a: Mesprit|Nasty Plot|p2a: Mesprit\n|-boost|p2a: Mesprit|spa|2\n|\n|-heal|p1a: Sableye|187/231 brn|[from] item: Leftovers\n|-damage|p1a: Sableye|173/231 brn|[from] brn\n|upkeep\n|turn|18\n|\n|t:|1771174406\n|switch|p2a: Alomomola|Alomomola, L87, M|409/429\n|move|p1a: Sableye|Knock Off|p2a: Alomomola\n|-damage|p2a: Alomomola|376/429\n|\n|-heal|p1a: Sableye|187/231 brn|[from] item: Leftovers\n|-damage|p1a: Sableye|173/231 brn|[from] brn\n|upkeep\n|turn|19\n|\n|t:|1771174409\n|move|p1a: Sableye|Thunder Wave|p2a: Alomomola\n|-status|p2a: Alomomola|par\n|move|p2a: Alomomola|Scald|p1a: Sableye\n|-damage|p1a: Sableye|110/231 brn\n|\n|-heal|p1a: Sableye|124/231 brn|[from] item: Leftovers\n|-damage|p1a: Sableye|110/231 brn|[from] brn\n|upkeep\n|turn|20\n|\n|t:|1771174414\n|move|p1a: Sableye|Recover|p1a: Sableye\n|-heal|p1a: Sableye|226/231 brn\n|move|p2a: Alomomola|Flip Turn|p1a: Sableye\n|-damage|p1a: Sableye|171/231 brn\n|\n|t:|1771174418\n|switch|p2a: Mesprit|Mesprit, L85|218/275|[from] Flip Turn\n|\n|-heal|p1a: Sableye|185/231 brn|[from] item: Leftovers\n|-damage|p1a: Sableye|171/231 brn|[from] brn\n|upkeep\n|turn|21\n|\n|t:|1771174426\n|switch|p2a: Alomomola|Alomomola, L87, M|429/429 par\n|move|p1a: Sableye|Thunder Wave|p2a: Alomomola|[miss]\n|-miss|p1a: Sableye|p2a: Alomomola\n|\n|-heal|p1a: Sableye|185/231 brn|[from] item: Leftovers\n|-damage|p1a: Sableye|171/231 brn|[from] brn\n|upkeep\n|turn|22\n|\n|t:|1771174431\n|switch|p1a: Lapras|Lapras, L87, M|368/368\n|move|p2a: Alomomola|Scald|p1a: Lapras\n|-immune|p1a: Lapras|[from] ability: Water Absorb\n|\n|upkeep\n|turn|23\n|\n|t:|1771174435\n|switch|p2a: Mesprit|Mesprit, L85|218/275\n|move|p1a: Lapras|Freeze-Dry|p2a: Mesprit\n|-damage|p2a: Mesprit|157/275\n|\n|upkeep\n|turn|24\n|\n|t:|1771174443\n|move|p2a: Mesprit|Dazzling Gleam|p1a: Lapras\n|-damage|p1a: Lapras|300/368\n|-damage|p2a: Mesprit|130/275|[from] item: Life Orb\n|move|p1a: Lapras|Sparkling Aria|p2a: Mesprit\n|-damage|p2a: Mesprit|52/275\n|\n|upkeep\n|turn|25\n|\n|t:|1771174450\n|switch|p1a: Sableye|Sableye, L88, M|171/231 brn\n|move|p2a: Mesprit|Thunderbolt|p1a: Sableye\n|-damage|p1a: Sableye|54/231 brn\n|-damage|p2a: Mesprit|25/275|[from] item: Life Orb\n|\n|-heal|p1a: Sableye|68/231 brn|[from] item: Leftovers\n|-damage|p1a: Sableye|54/231 brn|[from] brn\n|upkeep\n|turn|26\n|\n|t:|1771174460\n|move|p1a: Sableye|Recover|p1a: Sableye\n|-heal|p1a: Sableye|170/231 brn\n|move|p2a: Mesprit|Dazzling Gleam|p1a: Sableye\n|-supereffective|p1a: Sableye\n|-damage|p1a: Sableye|0 fnt\n|faint|p1a: Sableye\n|-damage|p2a: Mesprit|0 fnt|[from] item: Life Orb\n|faint|p2a: Mesprit\n|\n|upkeep\n|\n|t:|1771174475\n|switch|p2a: Alomomola|Alomomola, L87, M|429/429 par\n|switch|p1a: Lapras|Lapras, L87, M|300/368\n|turn|27\n|\n|t:|1771174484\n|switch|p2a: Registeel|Registeel, L81|197/262\n|move|p1a: Lapras|Sparkling Aria|p2a: Registeel\n|-damage|p2a: Registeel|134/262\n|\n|upkeep\n|turn|28\n|\n|t:|1771174493\n|switch|p1a: Mudsdale|Mudsdale, L83, M|302/302\n|move|p2a: Registeel|Body Press|p1a: Mudsdale\n|-damage|p1a: Mudsdale|229/302\n|-ability|p1a: Mudsdale|Stamina|boost\n|-boost|p1a: Mudsdale|def|1\n|\n|-heal|p1a: Mudsdale|247/302|[from] item: Leftovers\n|upkeep\n|turn|29\n|\n|t:|1771174500\n|-terastallize|p2a: Registeel|Fighting\n|move|p2a: Registeel|Iron Defense|p2a: Registeel\n|-boost|p2a: Registeel|def|2\n|move|p1a: Mudsdale|Roar|p2a: Registeel\n|drag|p2a: Alomomola|Alomomola, L87, M|429/429 par\n|\n|-heal|p1a: Mudsdale|265/302|[from] item: Leftovers\n|upkeep\n|turn|30\n|\n|t:|1771174505\n|switch|p1a: Lapras|Lapras, L87, M|300/368\n|move|p2a: Alomomola|Scald|p1a: Lapras\n|-heal|p1a: Lapras|368/368|[from] ability: Water Absorb|[of] p2a: Alomomola\n|\n|upkeep\n|turn|31\n|\n|t:|1771174512\n|move|p1a: Lapras|Freeze-Dry|p2a: Alomomola\n|-supereffective|p2a: Alomomola\n|-damage|p2a: Alomomola|217/429 par\n|move|p2a: Alomomola|Wish|p2a: Alomomola\n|\n|upkeep\n|turn|32\n|\n|t:|1771174520\n|switch|p2a: Registeel|Registeel, L81, tera:Fighting|134/262\n|move|p1a: Lapras|Freeze-Dry|p2a: Registeel\n|-damage|p2a: Registeel|88/262\n|\n|-heal|p2a: Registeel|262/262|[from] move: Wish|[wisher] Alomomola\n|upkeep\n|turn|33\n|\n|t:|1771174524\n|switch|p1a: Shaymin|Shaymin-Sky, L73|266/266\n|move|p2a: Registeel|Iron Defense|p2a: Registeel\n|-boost|p2a: Registeel|def|2\n|\n|upkeep\n|turn|34\n|\n|t:|1771174531\n|switch|p2a: Duraludon|Duraludon, L82, M|249/249\n|move|p1a: Shaymin|Substitute|p1a: Shaymin\n|-start|p1a: Shaymin|Substitute\n|-damage|p1a: Shaymin|200/266\n|\n|-heal|p1a: Shaymin|216/266|[from] item: Leftovers\n|upkeep\n|turn|35\n|\n|t:|1771174535\n|move|p1a: Shaymin|Leech Seed|p2a: Duraludon\n|-start|p2a: Duraludon|move: Leech Seed\n|move|p2a: Duraludon|Flash Cannon|p1a: Shaymin\n|-end|p1a: Shaymin|Substitute\n|\n|-heal|p1a: Shaymin|232/266|[from] item: Leftovers\n|-damage|p2a: Duraludon|218/249|[from] Leech Seed|[of] p1a: Shaymin\n|-heal|p1a: Shaymin|263/266|[silent]\n|upkeep\n|turn|36\n|\n|t:|1771174544\n|switch|p2a: Ho-Oh|Ho-Oh, L71|268/268\n|move|p1a: Shaymin|Substitute|p1a: Shaymin\n|-start|p1a: Shaymin|Substitute\n|-damage|p1a: Shaymin|197/266\n|\n|-heal|p1a: Shaymin|213/266|[from] item: Leftovers\n|upkeep\n|turn|37\n|\n|t:|1771174547\n|move|p1a: Shaymin|Air Slash|p2a: Ho-Oh\n|-damage|p2a: Ho-Oh|217/268\n|cant|p2a: Ho-Oh|flinch\n|\n|-heal|p1a: Shaymin|229/266|[from] item: Leftovers\n|upkeep\n|turn|38\n|\n|t:|1771174551\n|move|p1a: Shaymin|Air Slash|p2a: Ho-Oh\n|-crit|p2a: Ho-Oh\n|-damage|p2a: Ho-Oh|132/268\n|move|p2a: Ho-Oh|Brave Bird|p1a: Shaymin\n|-supereffective|p1a: Shaymin\n|-end|p1a: Shaymin|Substitute\n|-damage|p2a: Ho-Oh|110/268|[from] Recoil|[of] p1a: Shaymin\n|\n|-heal|p1a: Shaymin|245/266|[from] item: Leftovers\n|upkeep\n|turn|39\n|\n|t:|1771174557\n|switch|p1a: Mudsdale|Mudsdale, L83, M|265/302\n|switch|p2a: Alomomola|Alomomola, L87, M|360/429 par\n|\n|-heal|p1a: Mudsdale|283/302|[from] item: Leftovers\n|upkeep\n|turn|40\n|\n|t:|1771174560\n|move|p2a: Alomomola|Scald|p1a: Mudsdale\n|-supereffective|p1a: Mudsdale\n|-damage|p1a: Mudsdale|175/302\n|-ability|p1a: Mudsdale|Stamina|boost\n|-boost|p1a: Mudsdale|def|1\n|move|p1a: Mudsdale|Roar|p2a: Alomomola\n|drag|p2a: Ogerpon|Ogerpon-Wellspring, L76, F|247/247\n|\n|-heal|p1a: Mudsdale|193/302|[from] item: Leftovers\n|upkeep\n|turn|41\n|\n|t:|1771174569\n|switch|p1a: Shaymin|Shaymin-Sky, L73|245/266\n|move|p2a: Ogerpon|Power Whip|p1a: Shaymin\n|-resisted|p1a: Shaymin\n|-damage|p1a: Shaymin|196/266\n|\n|-heal|p1a: Shaymin|212/266|[from] item: Leftovers\n|upkeep\n|turn|42\n|\n|t:|1771174577\n|switch|p2a: Ho-Oh|Ho-Oh, L71|199/268\n|move|p1a: Shaymin|Leech Seed|p2a: Ho-Oh\n|-start|p2a: Ho-Oh|move: Leech Seed\n|\n|-heal|p1a: Shaymin|228/266|[from] item: Leftovers\n|-damage|p2a: Ho-Oh|166/268|[from] Leech Seed|[of] p1a: Shaymin\n|-heal|p1a: Shaymin|261/266|[silent]\n|upkeep\n|turn|43\n|\n|t:|1771174584\n|switch|p2a: Registeel|Registeel, L81, tera:Fighting|262/262\n|move|p1a: Shaymin|Substitute|p1a: Shaymin\n|-start|p1a: Shaymin|Substitute\n|-damage|p1a: Shaymin|195/266\n|\n|-heal|p1a: Shaymin|211/266|[from] item: Leftovers\n|upkeep\n|turn|44\n|\n|t:|1771174588\n|switch|p2a: Alomomola|Alomomola, L87, M|429/429 par\n|move|p1a: Shaymin|Air Slash|p2a: Alomomola\n|-damage|p2a: Alomomola|324/429 par\n|\n|-heal|p1a: Shaymin|227/266|[from] item: Leftovers\n|upkeep\n|turn|45\n|\n|t:|1771174593\n|switch|p2a: Ho-Oh|Ho-Oh, L71|255/268\n|move|p1a: Shaymin|Air Slash|p2a: Ho-Oh\n|-damage|p2a: Ho-Oh|204/268\n|\n|-heal|p1a: Shaymin|243/266|[from] item: Leftovers\n|upkeep\n|turn|46\n|\n|t:|1771174600\n|move|p1a: Shaymin|Air Slash|p2a: Ho-Oh\n|-crit|p2a: Ho-Oh\n|-damage|p2a: Ho-Oh|119/268\n|cant|p2a: Ho-Oh|flinch\n|\n|-heal|p1a: Shaymin|259/266|[from] item: Leftovers\n|upkeep\n|turn|47\n|\n|t:|1771174604\n|move|p1a: Shaymin|Air Slash|p2a: Ho-Oh\n|-damage|p2a: Ho-Oh|64/268\n|cant|p2a: Ho-Oh|flinch\n|\n|-heal|p1a: Shaymin|266/266|[from] item: Leftovers\n|upkeep\n|turn|48\n|\n|t:|1771174609\n|move|p1a: Shaymin|Air Slash|p2a: Ho-Oh\n|-damage|p2a: Ho-Oh|4/268\n|move|p2a: Ho-Oh|Recover|p2a: Ho-Oh\n|-heal|p2a: Ho-Oh|138/268\n|\n|upkeep\n|turn|49\n|\n|t:|1771174619\n|switch|p2a: Alomomola|Alomomola, L87, M|429/429 par\n|move|p1a: Shaymin|Air Slash|p2a: Alomomola\n|-damage|p2a: Alomomola|323/429 par\n|\n|upkeep\n|turn|50\n|\n|t:|1771174625\n|move|p2a: Alomomola|Protect|p2a: Alomomola\n|-singleturn|p2a: Alomomola|Protect\n|move|p1a: Shaymin|Air Slash|p2a: Alomomola\n|-activate|p2a: Alomomola|move: Protect\n|\n|upkeep\n|turn|51\n|\n|t:|1771174632\n|switch|p2a: Duraludon|Duraludon, L82, M|218/249\n|move|p1a: Shaymin|Seed Flare|p2a: Duraludon\n|-resisted|p2a: Duraludon\n|-damage|p2a: Duraludon|188/249\n|-unboost|p2a: Duraludon|spd|2\n|\n|upkeep\n|turn|52\n|\n|t:|1771174638\n|switch|p2a: Ho-Oh|Ho-Oh, L71|227/268\n|move|p1a: Shaymin|Air Slash|p2a: Ho-Oh\n|-crit|p2a: Ho-Oh\n|-damage|p2a: Ho-Oh|146/268\n|\n|upkeep\n|turn|53\n|\n|t:|1771174644\n|switch|p2a: Alomomola|Alomomola, L87, M|429/429 par\n|move|p1a: Shaymin|Air Slash|p2a: Alomomola\n|-damage|p2a: Alomomola|311/429 par\n|\n|upkeep\n|turn|54\n|\n|t:|1771174651\n|cant|p2a: Alomomola|par\n|move|p1a: Shaymin|Air Slash|p2a: Alomomola\n|-damage|p2a: Alomomola|197/429 par\n|\n|upkeep\n|turn|55\n|\n|t:|1771174659\n|move|p2a: Alomomola|Protect|p2a: Alomomola\n|-singleturn|p2a: Alomomola|Protect\n|move|p1a: Shaymin|Air Slash|p2a: Alomomola\n|-activate|p2a: Alomomola|move: Protect\n|\n|upkeep\n|turn|56\n|\n|t:|1771174668\n|switch|p2a: Duraludon|Duraludon, L82, M|188/249\n|move|p1a: Shaymin|Air Slash|p2a: Duraludon\n|-resisted|p2a: Duraludon\n|-damage|p2a: Duraludon|150/249\n|\n|upkeep\n|turn|57\n|\n|t:|1771174677\n|move|p1a: Shaymin|Leech Seed|p2a: Duraludon\n|-start|p2a: Duraludon|move: Leech Seed\n|move|p2a: Duraludon|Body Press|p1a: Shaymin\n|-resisted|p1a: Shaymin\n|-activate|p1a: Shaymin|move: Substitute|[damage]\n|\n|-damage|p2a: Duraludon|119/249|[from] Leech Seed|[of] p1a: Shaymin\n|upkeep\n|turn|58\n|\n|t:|1771174683\n|switch|p2a: Ho-Oh|Ho-Oh, L71|235/268\n|move|p1a: Shaymin|Air Slash|p2a: Ho-Oh\n|-damage|p2a: Ho-Oh|181/268\n|\n|upkeep\n|turn|59\n|\n|t:|1771174689\n|switch|p2a: Duraludon|Duraludon, L82, M|119/249\n|move|p1a: Shaymin|Leech Seed|p2a: Duraludon\n|-start|p2a: Duraludon|move: Leech Seed\n|\n|-damage|p2a: Duraludon|88/249|[from] Leech Seed|[of] p1a: Shaymin\n|upkeep\n|turn|60\n|\n|t:|1771174698\n|switch|p2a: Alomomola|Alomomola, L87, M|340/429 par\n|move|p1a: Shaymin|Seed Flare|p2a: Alomomola\n|-supereffective|p2a: Alomomola\n|-damage|p2a: Alomomola|16/429 par\n|-unboost|p2a: Alomomola|spd|2\n|\n|upkeep\n|turn|61\n|\n|t:|1771174706\n|switch|p2a: Ho-Oh|Ho-Oh, L71|268/268\n|move|p1a: Shaymin|Air Slash|p2a: Ho-Oh\n|-damage|p2a: Ho-Oh|217/268\n|\n|upkeep\n|turn|62\n|\n|t:|1771174714\n|switch|p1a: Feraligatr|Feraligatr, L79, M|264/264\n|switch|p2a: Duraludon|Duraludon, L82, M|88/249\n|\n|upkeep\n|turn|63\n|\n|t:|1771174719\n|move|p2a: Duraludon|Draco Meteor|p1a: Feraligatr|[miss]\n|-miss|p2a: Duraludon|p1a: Feraligatr\n|move|p1a: Feraligatr|Ice Punch|p2a: Duraludon\n|-damage|p2a: Duraludon|43/249\n|\n|upkeep\n|turn|64\n|\n|t:|1771174724\n|move|p2a: Duraludon|Draco Meteor|p1a: Feraligatr\n|-damage|p1a: Feraligatr|87/264\n|-unboost|p2a: Duraludon|spa|2\n|move|p1a: Feraligatr|Dragon Dance|p1a: Feraligatr\n|-boost|p1a: Feraligatr|atk|1\n|-boost|p1a: Feraligatr|spe|1\n|\n|upkeep\n|turn|65\n|\n|t:|1771174728\n|move|p1a: Feraligatr|Ice Punch|p2a: Duraludon\n|-damage|p2a: Duraludon|0 fnt\n|faint|p2a: Duraludon\n|\n|upkeep\n|\n|t:|1771174732\n|switch|p2a: Registeel|Registeel, L81, tera:Fighting|262/262\n|turn|66\n|\n|t:|1771174737\n|move|p1a: Feraligatr|Liquidation|p2a: Registeel\n|-damage|p2a: Registeel|109/262\n|move|p2a: Registeel|Body Press|p1a: Feraligatr\n|-damage|p1a: Feraligatr|0 fnt\n|faint|p1a: Feraligatr\n|\n|upkeep\n|\n|t:|1771174748\n|switch|p1a: Shaymin|Shaymin-Sky, L73|266/266\n|turn|67\n|\n|t:|1771174759\n|switch|p2a: Ho-Oh|Ho-Oh, L71|268/268\n|move|p1a: Shaymin|Seed Flare|p2a: Ho-Oh\n|-resisted|p2a: Ho-Oh\n|-damage|p2a: Ho-Oh|246/268\n|-unboost|p2a: Ho-Oh|spd|2\n|\n|upkeep\n|turn|68\n|\n|t:|1771174767\n|switch|p1a: Lapras|Lapras, L87, M|368/368\n|move|p2a: Ho-Oh|Brave Bird|p1a: Lapras\n|-damage|p1a: Lapras|248/368\n|-damage|p2a: Ho-Oh|206/268|[from] Recoil\n|\n|upkeep\n|turn|69\n|\n|t:|1771174785\n|switch|p2a: Registeel|Registeel, L81, tera:Fighting|109/262\n|move|p1a: Lapras|Freeze-Dry|p2a: Registeel\n|-damage|p2a: Registeel|60/262\n|\n|upkeep\n|turn|70\n|inactive|mwas48 has 120 seconds left.\n|\n|t:|1771174816\n|switch|p2a: Alomomola|Alomomola, L87, M|159/429 par\n|move|p1a: Lapras|Sparkling Aria|p2a: Alomomola\n|-resisted|p2a: Alomomola\n|-damage|p2a: Alomomola|91/429 par\n|\n|upkeep\n|turn|71\n|inactive|mwas48 has 120 seconds left.\n|\n|t:|1771174822\n|switch|p2a: Registeel|Registeel, L81, tera:Fighting|60/262\n|move|p1a: Lapras|Freeze-Dry|p2a: Registeel\n|-damage|p2a: Registeel|9/262\n|\n|upkeep\n|turn|72\n|\n|t:|1771174827\n|switch|p2a: Ho-Oh|Ho-Oh, L71|268/268\n|move|p1a: Lapras|Freeze-Dry|p2a: Ho-Oh\n|-damage|p2a: Ho-Oh|217/268\n|\n|upkeep\n|turn|73\n|\n|t:|1771174836\n|move|p2a: Ho-Oh|Brave Bird|p1a: Lapras\n|-damage|p1a: Lapras|125/368\n|-damage|p2a: Ho-Oh|176/268|[from] Recoil\n|move|p1a: Lapras|Sparkling Aria|p2a: Ho-Oh\n|-supereffective|p2a: Ho-Oh\n|-damage|p2a: Ho-Oh|42/268\n|\n|upkeep\n|turn|74\n|\n|t:|1771174845\n|switch|p2a: Registeel|Registeel, L81, tera:Fighting|9/262\n|move|p1a: Lapras|Sparkling Aria|p2a: Registeel\n|-damage|p2a: Registeel|0 fnt\n|faint|p2a: Registeel\n|\n|upkeep\n|\n|t:|1771174851\n|switch|p2a: Ogerpon|Ogerpon-Wellspring, L76, F|247/247\n|turn|75\n|\n|t:|1771174855\n|switch|p1a: Shaymin|Shaymin-Sky, L73|266/266\n|move|p2a: Ogerpon|Power Whip|p1a: Shaymin\n|-resisted|p1a: Shaymin\n|-damage|p1a: Shaymin|216/266\n|\n|-heal|p1a: Shaymin|232/266|[from] item: Leftovers\n|upkeep\n|turn|76\n|\n|t:|1771174864\n|switch|p2a: Ho-Oh|Ho-Oh, L71|131/268\n|move|p1a: Shaymin|Air Slash|p2a: Ho-Oh\n|-damage|p2a: Ho-Oh|73/268\n|\n|-heal|p1a: Shaymin|248/266|[from] item: Leftovers\n|upkeep\n|turn|77\n|\n|t:|1771174870\n|move|p1a: Shaymin|Air Slash|p2a: Ho-Oh\n|-damage|p2a: Ho-Oh|22/268\n|move|p2a: Ho-Oh|Recover|p2a: Ho-Oh\n|-heal|p2a: Ho-Oh|156/268\n|\n|-heal|p1a: Shaymin|264/266|[from] item: Leftovers\n|upkeep\n|turn|78\n|\n|t:|1771174876\n|move|p1a: Shaymin|Air Slash|p2a: Ho-Oh\n|-crit|p2a: Ho-Oh\n|-damage|p2a: Ho-Oh|78/268\n|move|p2a: Ho-Oh|Recover|p2a: Ho-Oh\n|-heal|p2a: Ho-Oh|212/268\n|\n|-heal|p1a: Shaymin|266/266|[from] item: Leftovers\n|upkeep\n|turn|79\n|\n|t:|1771174882\n|switch|p1a: Mudsdale|Mudsdale, L83, M|193/302\n|move|p2a: Ho-Oh|Sacred Fire|p1a: Mudsdale\n|-damage|p1a: Mudsdale|109/302\n|-status|p1a: Mudsdale|brn\n|-ability|p1a: Mudsdale|Stamina|boost\n|-boost|p1a: Mudsdale|def|1\n|\n|-heal|p1a: Mudsdale|127/302 brn|[from] item: Leftovers\n|-damage|p1a: Mudsdale|109/302 brn|[from] brn\n|upkeep\n|turn|80\n|\n|t:|1771174887\n|switch|p2a: Alomomola|Alomomola, L87, M|234/429 par\n|move|p1a: Mudsdale|Roar|p2a: Alomomola\n|drag|p2a: Ogerpon|Ogerpon-Wellspring, L76, F|247/247\n|\n|-heal|p1a: Mudsdale|127/302 brn|[from] item: Leftovers\n|-damage|p1a: Mudsdale|109/302 brn|[from] brn\n|upkeep\n|turn|81\n|\n|t:|1771174892\n|move|p2a: Ogerpon|Swords Dance|p2a: Ogerpon\n|-boost|p2a: Ogerpon|atk|2\n|move|p1a: Mudsdale|Stone Edge|p2a: Ogerpon\n|-damage|p2a: Ogerpon|196/247\n|\n|-heal|p1a: Mudsdale|127/302 brn|[from] item: Leftovers\n|-damage|p1a: Mudsdale|109/302 brn|[from] brn\n|upkeep\n|turn|82\n|\n|t:|1771174897\n|move|p2a: Ogerpon|Play Rough|p1a: Mudsdale\n|-damage|p1a: Mudsdale|19/302 brn\n|-unboost|p1a: Mudsdale|atk|1\n|-ability|p1a: Mudsdale|Stamina|boost\n|-boost|p1a: Mudsdale|def|1\n|move|p1a: Mudsdale|Stone Edge|p2a: Ogerpon\n|-damage|p2a: Ogerpon|165/247\n|\n|-heal|p1a: Mudsdale|37/302 brn|[from] item: Leftovers\n|-damage|p1a: Mudsdale|19/302 brn|[from] brn\n|upkeep\n|turn|83\n|\n|t:|1771174900\n|move|p2a: Ogerpon|Ivy Cudgel|p1a: Mudsdale|[anim] Ivy Cudgel Water\n|-supereffective|p1a: Mudsdale\n|-damage|p1a: Mudsdale|0 fnt\n|faint|p1a: Mudsdale\n|\n|upkeep\n|\n|t:|1771174902\n|switch|p1a: Shaymin|Shaymin-Sky, L73|266/266\n|turn|84\n|\n|t:|1771174906\n|switch|p2a: Ho-Oh|Ho-Oh, L71|268/268\n|move|p1a: Shaymin|Air Slash|p2a: Ho-Oh\n|-damage|p2a: Ho-Oh|217/268\n|\n|upkeep\n|turn|85\n|\n|t:|1771174915\n|move|p1a: Shaymin|Leech Seed|p2a: Ho-Oh|[miss]\n|-miss|p1a: Shaymin|p2a: Ho-Oh\n|move|p2a: Ho-Oh|Brave Bird|p1a: Shaymin\n|-supereffective|p1a: Shaymin\n|-damage|p1a: Shaymin|0 fnt\n|faint|p1a: Shaymin\n|-damage|p2a: Ho-Oh|129/268|[from] Recoil\n|\n|upkeep\n|\n|t:|1771174919\n|switch|p1a: Glaceon|Glaceon, L94, F|275/275\n|turn|86\n|\n|t:|1771174941\n|switch|p2a: Alomomola|Alomomola, L87, M|377/429 par\n|move|p1a: Glaceon|Calm Mind|p1a: Glaceon\n|-boost|p1a: Glaceon|spa|1\n|-boost|p1a: Glaceon|spd|1\n|\n|upkeep\n|turn|87\n|\n|t:|1771174948\n|move|p1a: Glaceon|Freeze-Dry|p2a: Alomomola\n|-supereffective|p2a: Alomomola\n|-crit|p2a: Alomomola\n|-damage|p2a: Alomomola|0 fnt\n|faint|p2a: Alomomola\n|\n|upkeep\n|\n|t:|1771174952\n|switch|p2a: Ogerpon|Ogerpon-Wellspring, L76, F|165/247\n|turn|88\n|\n|t:|1771174959\n|move|p2a: Ogerpon|Power Whip|p1a: Glaceon\n|-damage|p1a: Glaceon|160/275\n|move|p1a: Glaceon|Freeze-Dry|p2a: Ogerpon\n|-supereffective|p2a: Ogerpon\n|-damage|p2a: Ogerpon|0 fnt\n|faint|p2a: Ogerpon\n|\n|upkeep\n|\n|t:|1771174963\n|switch|p2a: Ho-Oh|Ho-Oh, L71|218/268\n|turn|89\n|\n|t:|1771174972\n|-terastallize|p1a: Glaceon|Water\n|move|p1a: Glaceon|Wish|p1a: Glaceon\n|move|p2a: Ho-Oh|Brave Bird|p1a: Glaceon\n|-damage|p1a: Glaceon|70/275\n|-damage|p2a: Ho-Oh|188/268|[from] Recoil\n|\n|upkeep\n|turn|90\n|\n|t:|1771174978\n|move|p1a: Glaceon|Protect|p1a: Glaceon\n|-singleturn|p1a: Glaceon|Protect\n|move|p2a: Ho-Oh|Recover|p2a: Ho-Oh\n|-heal|p2a: Ho-Oh|268/268\n|\n|-heal|p1a: Glaceon|207/275|[from] move: Wish|[wisher] Glaceon\n|upkeep\n|turn|91\n|\n|t:|1771174983\n|move|p1a: Glaceon|Wish|p1a: Glaceon\n|move|p2a: Ho-Oh|Brave Bird|p1a: Glaceon\n|-damage|p1a: Glaceon|123/275\n|-damage|p2a: Ho-Oh|240/268|[from] Recoil\n|\n|upkeep\n|turn|92\n|\n|t:|1771174989\n|move|p1a: Glaceon|Freeze-Dry|p2a: Ho-Oh\n|-damage|p2a: Ho-Oh|120/268\n|move|p2a: Ho-Oh|Sacred Fire|p1a: Glaceon\n|-resisted|p1a: Glaceon\n|-damage|p1a: Glaceon|84/275\n|-status|p1a: Glaceon|brn\n|\n|-heal|p1a: Glaceon|221/275 brn|[from] move: Wish|[wisher] Glaceon\n|-damage|p1a: Glaceon|204/275 brn|[from] brn\n|upkeep\n|turn|93\n|\n|t:|1771174997\n|move|p1a: Glaceon|Freeze-Dry|p2a: Ho-Oh\n|-damage|p2a: Ho-Oh|0 fnt\n|faint|p2a: Ho-Oh\n|\n|win|vegemite360\n|raw|vegemite360's rating: 1943 &rarr; <strong>1964</strong><br />(+21 for winning)\n|raw|mwas48's rating: 1965 &rarr; <strong>1944</strong><br />(-21 for losing)\n|l|☆mwas48\n|player|p2|\n", "inputlog": ">version 686819e5e19f8a7fd2345cfc5a08a5085efa2cc3\n>start {\"formatid\":\"gen9randombattle\",\"seed\":\"sodium,c3a8a3b6194aa5bd098cc38099af37bc\",\"rated\":\"Rated battle\"}\n>player p1 {\"name\":\"vegemite360\",\"avatar\":\"bugcatcher-gen4dp\",\"rating\":1943,\"seed\":\"sodium,659cfd58d06bb0074f253d060594d21a\"}\n>player p2 {\"name\":\"mwas48\",\"avatar\":\"cheryl\",\"rating\":1965,\"seed\":\"sodium,9a69492c7afd66f42631ce1fdc1c4ed5\"}\n>p1 switch 5\n>p2 move dragontail\n>p1 move freezedry\n>p2 switch 2\n>p1 switch 4\n>p2 move irondefense\n>p1 move roar\n>p2 move irondefense\n>p1 move earthquake\n>p2 switch 5\n>p1 switch 3\n>p2 move scald\n>p1 move sparklingaria\n>p2 move wish\n>p1 move freezedry\n>p2 switch 6\n>p1 switch 6\n>p2 move nastyplot\n>p1 move encore\n>p2 switch 6\n>p1 move knockoff\n>p2 move scald\n>p1 move recover\n>p2 move scald\n>p1 switch 6\n>p2 move flipturn\n>p1 move freezedry\n>p2 switch 2\n>p1 move sparklingaria\n>p2 switch 3\n>p1 move freezedry\n>p2 switch 6\n>p1 switch 6\n>p2 move nastyplot\n>p1 move knockoff\n>p2 switch 2\n>p1 move thunderwave\n>p2 move scald\n>p1 move recover\n>p2 move flipturn\n>p2 switch 2\n>p1 move thunderwave\n>p2 switch 2\n>p1 switch 6\n>p2 move scald\n>p1 move freezedry\n>p2 switch 2\n>p1 move sparklingaria\n>p2 move dazzlinggleam\n>p1 switch 6\n>p2 move thunderbolt\n>p1 move recover\n>p2 move dazzlinggleam\n>p1 switch 6\n>p2 switch 2\n>p1 move sparklingaria\n>p2 switch 3\n>p1 switch 3\n>p2 move bodypress\n>p1 move roar\n>p2 move irondefense terastallize\n>p1 switch 3\n>p2 move scald\n>p1 move freezedry\n>p2 move wish\n>p1 move freezedry\n>p2 switch 3\n>p1 switch 2\n>p2 move irondefense\n>p1 move substitute\n>p2 switch 5\n>p1 move leechseed\n>p2 move flashcannon\n>p1 move substitute\n>p2 switch 4\n>p1 move airslash\n>p2 move sacredfire\n>p1 move airslash\n>p2 move bravebird\n>p1 switch 3\n>p2 switch 3\n>p1 move roar\n>p2 move scald\n>p1 switch 3\n>p2 move powerwhip\n>p1 move leechseed\n>p2 switch 3\n>p1 move substitute\n>p2 switch 5\n>p1 move airslash\n>p2 switch 6\n>p1 move airslash\n>p2 switch 5\n>p1 move airslash\n>p2 move sacredfire\n>p1 move airslash\n>p2 move recover\n>p1 move airslash\n>p2 move recover\n>p1 move airslash\n>p2 switch 5\n>p1 move airslash\n>p2 move protect\n>p1 move seedflare\n>p2 switch 4\n>p1 move airslash\n>p2 switch 5\n>p1 move airslash\n>p2 switch 4\n>p1 move airslash\n>p2 move protect\n>p1 move airslash\n>p2 move protect\n>p1 move airslash\n>p2 switch 5\n>p1 move leechseed\n>p2 move bodypress\n>p1 move airslash\n>p2 switch 4\n>p1 move leechseed\n>p2 switch 4\n>p1 move seedflare\n>p2 switch 5\n>p1 move airslash\n>p2 switch 4\n>p1 switch 5\n>p2 switch 5\n>p1 move icepunch\n>p2 move dracometeor\n>p1 move dragondance\n>p2 move dracometeor\n>p1 move icepunch\n>p2 move bodypress\n>p2 switch 6\n>p1 move liquidation\n>p2 move bodypress\n>p1 switch 5\n>p1 move seedflare\n>p2 switch 5\n>p1 switch 2\n>p2 move bravebird\n>p1 move freezedry\n>p2 switch 5\n>p1 move sparklingaria\n>p2 switch 4\n>p1 move freezedry\n>p2 switch 4\n>p1 move freezedry\n>p2 switch 5\n>p1 move sparklingaria\n>p2 move bravebird\n>p1 move sparklingaria\n>p2 switch 5\n>p2 switch 3\n>p1 switch 2\n>p2 move powerwhip\n>p1 move airslash\n>p2 switch 5\n>p1 move airslash\n>p2 move recover\n>p1 move airslash\n>p2 move recover\n>p1 switch 3\n>p2 move sacredfire\n>p1 move roar\n>p2 switch 4\n>p1 move stoneedge\n>p2 move swordsdance\n>p1 move stoneedge\n>p2 move playrough\n>p1 move stoneedge\n>p2 move ivycudgel\n>p1 switch 3\n>p1 move airslash\n>p2 switch 4\n>p1 move leechseed\n>p2 move bravebird\n>p1 switch 4\n>p1 move calmmind\n>p2 switch 5\n>p1 move freezedry\n>p2 move flipturn\n>p2 switch 4\n>p1 move freezedry\n>p2 move powerwhip\n>p2 switch 5\n>p1 move wish terastallize\n>p2 move bravebird\n>p1 move protect\n>p2 move recover\n>p1 move wish\n>p2 move bravebird\n>p1 move freezedry\n>p2 move sacredfire\n>p1 move freezedry\n>p2 move recover", "uploadtime": 1771174999, "views": 11, "formatid": "gen9randombattle", "rating": 1944, "private": 0, "password": null}