{"id": "gen9randombattle-2540339800", "format": "[Gen 9] Random Battle", "players": ["skjwkbdh", "molfus"], "log": "|j|☆skjwkbdh\n|j|☆molfus\n|t:|1771190525\n|gametype|singles\n|player|p1|skjwkbdh|169|1598\n|player|p2|molfus|schoolkid-gen4|1649\n|gen|9\n|tier|[Gen 9] Random Battle\n|rated|\n|rule|Species Clause: Limit one of each Pokémon\n|rule|HP Percentage Mod: HP is shown in percentages\n|rule|Sleep Clause Mod: Limit one foe put to sleep\n|rule|Illusion Level Mod: Illusion disguises the Pokémon's true level\n|\n|t:|1771190525\n|teamsize|p1|6\n|teamsize|p2|6\n|start\n|switch|p1a: Duraludon|Duraludon, L82, M|249/249\n|switch|p2a: Vigoroth|Vigoroth, L85, M|275/275\n|turn|1\n|inactive|Battle timer is ON: inactive players will automatically lose when time's up. (requested by molfus)\n|\n|t:|1771190553\n|move|p2a: Vigoroth|Knock Off|p1a: Duraludon\n|-damage|p1a: Duraludon|213/249\n|-enditem|p1a: Duraludon|Eviolite|[from] move: Knock Off|[of] p2a: Vigoroth\n|move|p1a: Duraludon|Body Press|p2a: Vigoroth\n|-supereffective|p2a: Vigoroth\n|-damage|p2a: Vigoroth|179/275\n|\n|upkeep\n|turn|2\n|\n|t:|1771190567\n|switch|p1a: Mudsdale|Mudsdale, L83, F|302/302\n|move|p2a: Vigoroth|Bulk Up|p2a: Vigoroth\n|-boost|p2a: Vigoroth|atk|1\n|-boost|p2a: Vigoroth|def|1\n|\n|upkeep\n|turn|3\n|\n|t:|1771190575\n|move|p2a: Vigoroth|Slack Off|p2a: Vigoroth\n|-heal|p2a: Vigoroth|275/275\n|move|p1a: Mudsdale|Roar|p2a: Vigoroth\n|drag|p2a: Wugtrio|Wugtrio, L91, F|212/212\n|\n|upkeep\n|turn|4\n|\n|t:|1771190584\n|switch|p1a: Duraludon|Duraludon, L82, M|213/249\n|move|p2a: Wugtrio|Liquidation|p1a: Duraludon\n|-resisted|p1a: Duraludon\n|-damage|p1a: Duraludon|150/249\n|\n|upkeep\n|turn|5\n|\n|t:|1771190594\n|switch|p2a: Vigoroth|Vigoroth, L85, M|275/275\n|move|p1a: Duraludon|Stealth Rock|p2a: Vigoroth\n|-sidestart|p2: molfus|move: Stealth Rock\n|\n|upkeep\n|turn|6\n|\n|t:|1771190601\n|switch|p1a: Mudsdale|Mudsdale, L83, F|302/302\n|move|p2a: Vigoroth|Bulk Up|p2a: Vigoroth\n|-boost|p2a: Vigoroth|atk|1\n|-boost|p2a: Vigoroth|def|1\n|\n|upkeep\n|turn|7\n|\n|t:|1771190608\n|move|p2a: Vigoroth|Knock Off|p1a: Mudsdale\n|-damage|p1a: Mudsdale|221/302\n|-ability|p1a: Mudsdale|Stamina|boost\n|-boost|p1a: Mudsdale|def|1\n|-enditem|p1a: Mudsdale|Leftovers|[from] move: Knock Off|[of] p2a: Vigoroth\n|move|p1a: Mudsdale|Roar|p2a: Vigoroth\n|drag|p2a: Drifblim|Drifblim, L86, F|396/396\n|-damage|p2a: Drifblim|297/396|[from] Stealth Rock\n|\n|upkeep\n|turn|8\n|\n|t:|1771190619\n|move|p2a: Drifblim|Strength Sap|p1a: Mudsdale\n|-unboost|p1a: Mudsdale|atk|1\n|-heal|p2a: Drifblim|396/396\n|move|p1a: Mudsdale|Stone Edge|p2a: Drifblim\n|-supereffective|p2a: Drifblim\n|-damage|p2a: Drifblim|204/396\n|\n|upkeep\n|turn|9\n|\n|t:|1771190630\n|switch|p1a: Gengar|Gengar, L81, M|230/230\n|move|p2a: Drifblim|Strength Sap|p1a: Gengar\n|-unboost|p1a: Gengar|atk|1\n|-heal|p2a: Drifblim|314/396\n|\n|upkeep\n|turn|10\n|\n|t:|1771190642\n|switch|p2a: Goodra|Goodra-Hisui, L82, F|265/265\n|-damage|p2a: Goodra|249/265|[from] Stealth Rock\n|move|p1a: Gengar|Shadow Ball|p2a: Goodra\n|-damage|p2a: Goodra|193/265\n|-damage|p1a: Gengar|207/230|[from] item: Life Orb\n|\n|upkeep\n|turn|11\n|\n|t:|1771190652\n|move|p1a: Gengar|Nasty Plot|p1a: Gengar\n|-boost|p1a: Gengar|spa|2\n|move|p2a: Goodra|Knock Off|p1a: Gengar\n|-supereffective|p1a: Gengar\n|-damage|p1a: Gengar|17/230\n|-enditem|p1a: Gengar|Life Orb|[from] move: Knock Off|[of] p2a: Goodra\n|\n|upkeep\n|turn|12\n|\n|t:|1771190666\n|move|p1a: Gengar|Focus Blast|p2a: Goodra\n|-supereffective|p2a: Goodra\n|-damage|p2a: Goodra|21/265\n|move|p2a: Goodra|Heavy Slam|p1a: Gengar\n|-crit|p1a: Gengar\n|-damage|p1a: Gengar|0 fnt\n|faint|p1a: Gengar\n|\n|upkeep\n|\n|t:|1771190677\n|switch|p1a: Yanmega|Yanmega, L82, F|275/275\n|turn|13\n|\n|t:|1771190683\n|move|p1a: Yanmega|Bug Buzz|p2a: Goodra\n|-resisted|p2a: Goodra\n|-damage|p2a: Goodra|0 fnt\n|faint|p2a: Goodra\n|\n|-ability|p1a: Yanmega|Speed Boost|boost\n|-boost|p1a: Yanmega|spe|1\n|upkeep\n|\n|t:|1771190692\n|switch|p2a: Drifblim|Drifblim, L86, F|314/396\n|-damage|p2a: Drifblim|215/396|[from] Stealth Rock\n|turn|14\n|\n|t:|1771190699\n|move|p1a: Yanmega|Air Slash|p2a: Drifblim\n|-damage|p2a: Drifblim|106/396\n|-enditem|p2a: Drifblim|Sitrus Berry|[eat]\n|-heal|p2a: Drifblim|205/396|[from] item: Sitrus Berry\n|cant|p2a: Drifblim|flinch\n|\n|-ability|p1a: Yanmega|Speed Boost|boost\n|-boost|p1a: Yanmega|spe|1\n|upkeep\n|turn|15\n|\n|t:|1771190712\n|move|p1a: Yanmega|Air Slash|p2a: Drifblim\n|-damage|p2a: Drifblim|96/396\n|move|p2a: Drifblim|Air Slash|p1a: Yanmega\n|-supereffective|p1a: Yanmega\n|-damage|p1a: Yanmega|57/275\n|\n|-ability|p1a: Yanmega|Speed Boost|boost\n|-boost|p1a: Yanmega|spe|1\n|upkeep\n|turn|16\n|\n|t:|1771190720\n|move|p1a: Yanmega|Air Slash|p2a: Drifblim\n|-damage|p2a: Drifblim|0 fnt\n|faint|p2a: Drifblim\n|\n|-ability|p1a: Yanmega|Speed Boost|boost\n|-boost|p1a: Yanmega|spe|1\n|upkeep\n|\n|t:|1771190727\n|switch|p2a: Vigoroth|Vigoroth, L85, M|275/275\n|-damage|p2a: Vigoroth|241/275|[from] Stealth Rock\n|turn|17\n|\n|t:|1771190733\n|move|p1a: Yanmega|Bug Buzz|p2a: Vigoroth\n|-damage|p2a: Vigoroth|147/275\n|-unboost|p2a: Vigoroth|spd|1\n|move|p2a: Vigoroth|Body Slam|p1a: Yanmega\n|-damage|p1a: Yanmega|0 fnt\n|faint|p1a: Yanmega\n|\n|upkeep\n|\n|t:|1771190747\n|switch|p1a: Duraludon|Duraludon, L82, M|150/249\n|turn|18\n|\n|t:|1771190752\n|move|p2a: Vigoroth|Slack Off|p2a: Vigoroth\n|-heal|p2a: Vigoroth|275/275\n|move|p1a: Duraludon|Draco Meteor|p2a: Vigoroth|[miss]\n|-miss|p1a: Duraludon|p2a: Vigoroth\n|\n|upkeep\n|turn|19\n|\n|t:|1771190759\n|move|p2a: Vigoroth|Body Slam|p1a: Duraludon\n|-resisted|p1a: Duraludon\n|-damage|p1a: Duraludon|114/249\n|move|p1a: Duraludon|Draco Meteor|p2a: Vigoroth|[miss]\n|-miss|p1a: Duraludon|p2a: Vigoroth\n|\n|upkeep\n|turn|20\n|\n|t:|1771190765\n|move|p2a: Vigoroth|Body Slam|p1a: Duraludon\n|-resisted|p1a: Duraludon\n|-damage|p1a: Duraludon|81/249\n|-status|p1a: Duraludon|par\n|move|p1a: Duraludon|Draco Meteor|p2a: Vigoroth\n|-damage|p2a: Vigoroth|55/275\n|-unboost|p1a: Duraludon|spa|2\n|\n|upkeep\n|turn|21\n|\n|t:|1771190782\n|switch|p1a: Kommo-o|Kommo-o, L78, F|245/245\n|move|p2a: Vigoroth|Slack Off|p2a: Vigoroth\n|-heal|p2a: Vigoroth|193/275\n|\n|upkeep\n|turn|22\n|\n|t:|1771190795\n|move|p2a: Vigoroth|Knock Off|p1a: Kommo-o\n|-resisted|p1a: Kommo-o\n|-damage|p1a: Kommo-o|220/245\n|-enditem|p1a: Kommo-o|Throat Spray|[from] move: Knock Off|[of] p2a: Vigoroth\n|move|p1a: Kommo-o|Clangorous Soul|p1a: Kommo-o\n|-boost|p1a: Kommo-o|atk|1\n|-boost|p1a: Kommo-o|def|1\n|-boost|p1a: Kommo-o|spa|1\n|-boost|p1a: Kommo-o|spd|1\n|-boost|p1a: Kommo-o|spe|1\n|-damage|p1a: Kommo-o|140/245\n|\n|upkeep\n|turn|23\n|\n|t:|1771190813\n|move|p1a: Kommo-o|Boomburst|p2a: Vigoroth\n|-crit|p2a: Vigoroth\n|-damage|p2a: Vigoroth|0 fnt\n|faint|p2a: Vigoroth\n|\n|upkeep\n|\n|t:|1771190819\n|switch|p2a: Clawitzer|Clawitzer, L87, F|265/265\n|-damage|p2a: Clawitzer|232/265|[from] Stealth Rock\n|turn|24\n|\n|t:|1771190832\n|-terastallize|p1a: Kommo-o|Normal\n|-terastallize|p2a: Clawitzer|Dragon\n|move|p1a: Kommo-o|Boomburst|p2a: Clawitzer\n|-crit|p2a: Clawitzer\n|-damage|p2a: Clawitzer|52/265\n|move|p2a: Clawitzer|Dragon Pulse|p1a: Kommo-o\n|-damage|p1a: Kommo-o|41/245\n|\n|upkeep\n|turn|25\n|\n|t:|1771190844\n|move|p1a: Kommo-o|Boomburst|p2a: Clawitzer\n|-damage|p2a: Clawitzer|0 fnt\n|faint|p2a: Clawitzer\n|\n|upkeep\n|\n|t:|1771190852\n|switch|p2a: Wugtrio|Wugtrio, L91, F|212/212\n|-damage|p2a: Wugtrio|186/212|[from] Stealth Rock\n|turn|26\n|\n|t:|1771190862\n|move|p2a: Wugtrio|Liquidation|p1a: Kommo-o\n|-damage|p1a: Kommo-o|0 fnt\n|faint|p1a: Kommo-o\n|\n|upkeep\n|\n|t:|1771190870\n|switch|p1a: Slither Wing|Slither Wing, L81|270/270\n|turn|27\n|\n|t:|1771190876\n|move|p2a: Wugtrio|Liquidation|p1a: Slither Wing\n|-damage|p1a: Slither Wing|95/270\n|-unboost|p1a: Slither Wing|def|1\n|move|p1a: Slither Wing|Wild Charge|p2a: Wugtrio\n|-supereffective|p2a: Wugtrio\n|-damage|p2a: Wugtrio|0 fnt\n|-ability|p2a: Wugtrio|Gooey\n|-unboost|p1a: Slither Wing|spe|1\n|faint|p2a: Wugtrio\n|-damage|p1a: Slither Wing|48/270|[from] Recoil\n|\n|upkeep\n|\n|t:|1771190882\n|switch|p2a: Ursaring|Ursaring, L84, M|288/288\n|-damage|p2a: Ursaring|252/288|[from] Stealth Rock\n|turn|28\n|\n|t:|1771190891\n|move|p2a: Ursaring|Body Slam|p1a: Slither Wing\n|-damage|p1a: Slither Wing|0 fnt\n|faint|p1a: Slither Wing\n|-end|p1a: Slither Wing|Protosynthesis|[silent]\n|\n|upkeep\n|\n|t:|1771190901\n|switch|p1a: Mudsdale|Mudsdale, L83, F|221/302\n|turn|29\n|\n|t:|1771190908\n|move|p2a: Ursaring|Body Slam|p1a: Mudsdale\n|-damage|p1a: Mudsdale|118/302\n|-ability|p1a: Mudsdale|Stamina|boost\n|-boost|p1a: Mudsdale|def|1\n|move|p1a: Mudsdale|Heavy Slam|p2a: Ursaring\n|-damage|p2a: Ursaring|179/288\n|\n|upkeep\n|turn|30\n|\n|t:|1771190917\n|move|p2a: Ursaring|Body Slam|p1a: Mudsdale\n|-damage|p1a: Mudsdale|43/302\n|-status|p1a: Mudsdale|par\n|-ability|p1a: Mudsdale|Stamina|boost\n|-boost|p1a: Mudsdale|def|1\n|move|p1a: Mudsdale|Heavy Slam|p2a: Ursaring\n|-damage|p2a: Ursaring|106/288\n|\n|upkeep\n|turn|31\n|\n|t:|1771190926\n|move|p2a: Ursaring|Rest|p2a: Ursaring\n|-status|p2a: Ursaring|slp|[from] move: Rest\n|-heal|p2a: Ursaring|288/288 slp|[silent]\n|move|p1a: Mudsdale|Heavy Slam|p2a: Ursaring\n|-damage|p2a: Ursaring|214/288 slp\n|\n|upkeep\n|turn|32\n|\n|t:|1771190937\n|cant|p2a: Ursaring|slp\n|move|p2a: Ursaring|Sleep Talk|p2a: Ursaring\n|move|p2a: Ursaring|Body Slam|p1a: Mudsdale|[from] move: Sleep Talk\n|-damage|p1a: Mudsdale|0 fnt\n|faint|p1a: Mudsdale\n|\n|upkeep\n|\n|t:|1771190944\n|switch|p1a: Duraludon|Duraludon, L82, M|81/249 par\n|turn|33\n|\n|t:|1771190949\n|cant|p2a: Ursaring|slp\n|move|p2a: Ursaring|Sleep Talk|p2a: Ursaring\n|move|p2a: Ursaring|Earthquake|p1a: Duraludon|[from] move: Sleep Talk\n|-supereffective|p1a: Duraludon\n|-damage|p1a: Duraludon|0 fnt\n|faint|p1a: Duraludon\n|\n|win|molfus\n|raw|skjwkbdh's rating: 1598 &rarr; <strong>1581</strong><br />(-17 for losing)\n|raw|molfus's rating: 1649 &rarr; <strong>1666</strong><br />(+17 for winning)\n", "inputlog": ">version 686819e5e19f8a7fd2345cfc5a08a5085efa2cc3\n>start {\"formatid\":\"gen9randombattle\",\"seed\":\"sodium,0e201832435e77b5ca308d0073397e13\",\"rated\":\"Rated battle\"}\n>player p1 {\"name\":\"skjwkbdh\",\"avatar\":\"169\",\"rating\":1598,\"seed\":\"sodium,528b2d177d162ce5db420f2d87b82a30\"}\n>player p2 {\"name\":\"molfus\",\"avatar\":\"schoolkid-gen4\",\"rating\":1649,\"seed\":\"sodium,2e4265ad1ce7cc915f8e3b6cfe04b437\"}\n>p1 move bodypress\n>p2 move knockoff\n>p1 switch 3\n>p2 move bulkup\n>p1 move roar\n>p2 move slackoff\n>p1 switch 3\n>p2 move liquidation\n>p1 move stealthrock\n>p2 switch 6\n>p1 switch 3\n>p2 move bulkup\n>p1 move roar\n>p2 move knockoff\n>p1 move stoneedge\n>p2 move strengthsap\n>p1 switch 6\n>p2 move strengthsap\n>p1 move shadowball\n>p2 switch 3\n>p1 move nastyplot\n>p2 move knockoff\n>p1 move focusblast\n>p2 move heavyslam\n>p1 switch 5\n>p1 move bugbuzz\n>p2 move dracometeor\n>p2 switch 3\n>p1 move airslash\n>p2 move calmmind\n>p1 move airslash\n>p2 move airslash\n>p1 move airslash\n>p2 move shadowball\n>p2 switch 4\n>p1 move bugbuzz\n>p2 move bodyslam\n>p1 switch 3\n>p1 move dracometeor\n>p2 move slackoff\n>p1 move dracometeor\n>p2 move bodyslam\n>p1 move dracometeor\n>p2 move bodyslam\n>p1 switch 2\n>p2 move slackoff\n>p1 move clangoroussoul\n>p2 move knockoff\n>p1 move boomburst\n>p2 move bodyslam\n>p2 switch 5\n>p1 move boomburst terastallize\n>p2 move dragonpulse terastallize\n>p1 move boomburst\n>p2 move dragonpulse\n>p2 switch 6\n>p1 move clangingscales\n>p2 move liquidation\n>p1 switch 4\n>p1 move wildcharge\n>p2 move liquidation\n>p2 switch 2\n>p1 move wildcharge\n>p2 move bodyslam\n>p1 switch 6\n>p1 move heavyslam\n>p2 move bodyslam\n>p1 move heavyslam\n>p2 move bodyslam\n>p1 move heavyslam\n>p2 move rest\n>p1 move earthquake\n>p2 move sleeptalk\n>p1 switch 2\n>p1 move bodypress\n>p2 move sleeptalk", "uploadtime": 1771190950, "views": 7, "formatid": "gen9randombattle", "rating": 1581, "private": 0, "password": null}