{"id": "gen9randombattle-2540750218", "format": "[Gen 9] Random Battle", "players": ["wanda72", "vegemite360"], "log": "|j|☆wanda72\n|j|☆vegemite360\n|t:|1771249591\n|gametype|singles\n|player|p1|wanda72|101|1958\n|player|p2|vegemite360|bugcatcher-gen4dp|1925\n|gen|9\n|tier|[Gen 9] Random Battle\n|rated|\n|rule|Species Clause: Limit one of each Pokémon\n|rule|HP Percentage Mod: HP is shown in percentages\n|rule|Sleep Clause Mod: Limit one foe put to sleep\n|rule|Illusion Level Mod: Illusion disguises the Pokémon's true level\n|\n|t:|1771249592\n|teamsize|p1|6\n|teamsize|p2|6\n|start\n|switch|p1a: Ariados|Ariados, L95, M|287/287\n|switch|p2a: Latios|Latios, L78, M|253/253\n|turn|1\n|inactive|Battle timer is ON: inactive players will automatically lose when time's up. (requested by vegemite360)\n|\n|t:|1771249608\n|move|p2a: Latios|Luster Purge|p1a: Ariados\n|-supereffective|p1a: Ariados\n|-enditem|p1a: Ariados|Focus Sash\n|-damage|p1a: Ariados|1/287\n|-unboost|p1a: Ariados|spd|1\n|move|p1a: Ariados|Sticky Web|p2a: Latios\n|-sidestart|p2: vegemite360|move: Sticky Web\n|\n|upkeep\n|turn|2\n|\n|t:|1771249620\n|move|p1a: Ariados|Sucker Punch|p2a: Latios\n|-supereffective|p2a: Latios\n|-damage|p2a: Latios|113/253\n|move|p2a: Latios|Luster Purge|p1a: Ariados\n|-supereffective|p1a: Ariados\n|-damage|p1a: Ariados|0 fnt\n|faint|p1a: Ariados\n|\n|upkeep\n|\n|t:|1771249637\n|switch|p1a: Iron Leaves|Iron Leaves, L80|275/275\n|turn|3\n|\n|t:|1771249646\n|switch|p2a: Giratina|Giratina-Origin, L72|335/335\n|move|p1a: Iron Leaves|Psyblade|p2a: Giratina\n|-damage|p2a: Giratina|182/335\n|\n|upkeep\n|turn|4\n|\n|t:|1771249657\n|-end|p1a: Iron Leaves|Quark Drive|[silent]\n|switch|p1a: Toxapex|Toxapex, L82, M|216/216\n|move|p2a: Giratina|Poltergeist|p1a: Toxapex\n|-activate|p1a: Toxapex|move: Poltergeist|Rocky Helmet\n|-damage|p1a: Toxapex|135/216\n|\n|upkeep\n|turn|5\n|\n|t:|1771249665\n|move|p2a: Giratina|Draco Meteor|p1a: Toxapex\n|-damage|p1a: Toxapex|30/216\n|-unboost|p2a: Giratina|spa|2\n|move|p1a: Toxapex|Toxic Spikes|p2a: Giratina\n|-sidestart|p2: vegemite360|move: Toxic Spikes\n|\n|upkeep\n|turn|6\n|\n|t:|1771249672\n|switch|p1a: Iron Leaves|Iron Leaves, L80|275/275\n|move|p2a: Giratina|Poltergeist|p1a: Iron Leaves\n|-activate|p1a: Iron Leaves|move: Poltergeist|Choice Band\n|-supereffective|p1a: Iron Leaves\n|-damage|p1a: Iron Leaves|29/275\n|\n|upkeep\n|turn|7\n|\n|t:|1771249680\n|-end|p1a: Iron Leaves|Quark Drive|[silent]\n|switch|p1a: Maushold|Maushold, L76|238/238\n|move|p2a: Giratina|Shadow Sneak|p1a: Maushold\n|-immune|p1a: Maushold\n|\n|upkeep\n|turn|8\n|\n|t:|1771249689\n|switch|p2a: Probopass|Probopass, L91, F|257/257\n|-activate|p2a: Probopass|move: Sticky Web\n|-unboost|p2a: Probopass|spe|1\n|move|p1a: Maushold|Bite|p2a: Probopass\n|-damage|p2a: Probopass|231/257\n|\n|upkeep\n|turn|9\n|\n|t:|1771249700\n|switch|p1a: Toxapex|Toxapex, L82, M|102/216\n|move|p2a: Probopass|Body Press|p1a: Toxapex\n|-resisted|p1a: Toxapex\n|-damage|p1a: Toxapex|71/216\n|-damage|p2a: Probopass|189/257|[from] item: Rocky Helmet|[of] p1a: Toxapex\n|\n|upkeep\n|turn|10\n|\n|t:|1771249712\n|switch|p2a: Great Tusk|Great Tusk, L77|304/304\n|-activate|p2a: Great Tusk|move: Sticky Web\n|-unboost|p2a: Great Tusk|spe|1\n|-status|p2a: Great Tusk|psn\n|move|p1a: Toxapex|Recover|p1a: Toxapex\n|-heal|p1a: Toxapex|179/216\n|\n|-damage|p2a: Great Tusk|266/304 psn|[from] psn\n|upkeep\n|turn|11\n|\n|t:|1771249724\n|move|p2a: Great Tusk|Rapid Spin|p1a: Toxapex\n|-damage|p1a: Toxapex|155/216\n|-boost|p2a: Great Tusk|spe|1\n|-damage|p2a: Great Tusk|216/304 psn|[from] item: Rocky Helmet|[of] p1a: Toxapex\n|-sideend|p2: vegemite360|Toxic Spikes|[from] move: Rapid Spin|[of] p2a: Great Tusk\n|-sideend|p2: vegemite360|Sticky Web|[from] move: Rapid Spin|[of] p2a: Great Tusk\n|move|p1a: Toxapex|Liquidation|p2a: Great Tusk\n|-supereffective|p2a: Great Tusk\n|-damage|p2a: Great Tusk|124/304 psn\n|\n|-damage|p2a: Great Tusk|86/304 psn|[from] psn\n|upkeep\n|turn|12\n|\n|t:|1771249736\n|switch|p1a: Iron Leaves|Iron Leaves, L80|29/275\n|move|p2a: Great Tusk|Headlong Rush|p1a: Iron Leaves\n|-resisted|p1a: Iron Leaves\n|-damage|p1a: Iron Leaves|0 fnt\n|-unboost|p2a: Great Tusk|def|1\n|-unboost|p2a: Great Tusk|spd|1\n|faint|p1a: Iron Leaves\n|-end|p1a: Iron Leaves|Quark Drive|[silent]\n|\n|-damage|p2a: Great Tusk|48/304 psn|[from] psn\n|upkeep\n|\n|t:|1771249746\n|switch|p1a: Maushold|Maushold, L76|238/238\n|turn|13\n|\n|t:|1771249755\n|-end|p2a: Great Tusk|Protosynthesis|[silent]\n|switch|p2a: Probopass|Probopass, L91, F|189/257\n|move|p1a: Maushold|Population Bomb|p2a: Probopass\n|-resisted|p2a: Probopass\n|-damage|p2a: Probopass|186/257\n|-resisted|p2a: Probopass\n|-damage|p2a: Probopass|183/257\n|-resisted|p2a: Probopass\n|-damage|p2a: Probopass|180/257\n|-resisted|p2a: Probopass\n|-damage|p2a: Probopass|177/257\n|-resisted|p2a: Probopass\n|-damage|p2a: Probopass|174/257\n|-resisted|p2a: Probopass\n|-damage|p2a: Probopass|170/257\n|-resisted|p2a: Probopass\n|-damage|p2a: Probopass|167/257\n|-resisted|p2a: Probopass\n|-damage|p2a: Probopass|164/257\n|-resisted|p2a: Probopass\n|-damage|p2a: Probopass|161/257\n|-resisted|p2a: Probopass\n|-damage|p2a: Probopass|158/257\n|-hitcount|p2a: Probopass|10\n|\n|upkeep\n|turn|14\n|\n|t:|1771249763\n|switch|p1a: Toxapex|Toxapex, L82, M|216/216\n|switch|p2a: Great Tusk|Great Tusk, L77|48/304 psn\n|\n|-damage|p2a: Great Tusk|10/304 psn|[from] psn\n|upkeep\n|turn|15\n|\n|t:|1771249774\n|move|p2a: Great Tusk|Headlong Rush|p1a: Toxapex\n|-supereffective|p1a: Toxapex\n|-damage|p1a: Toxapex|42/216\n|-unboost|p2a: Great Tusk|def|1\n|-unboost|p2a: Great Tusk|spd|1\n|-damage|p2a: Great Tusk|0 fnt|[from] item: Rocky Helmet|[of] p1a: Toxapex\n|faint|p2a: Great Tusk\n|-end|p2a: Great Tusk|Protosynthesis|[silent]\n|move|p1a: Toxapex|Recover|p1a: Toxapex\n|-heal|p1a: Toxapex|150/216\n|\n|upkeep\n|\n|t:|1771249787\n|switch|p2a: Latios|Latios, L78, M|113/253\n|turn|16\n|\n|t:|1771249810\n|switch|p1a: Conkeldurr|Conkeldurr, L80, M|299/299\n|move|p2a: Latios|Luster Purge|p1a: Conkeldurr\n|-supereffective|p1a: Conkeldurr\n|-damage|p1a: Conkeldurr|0 fnt\n|faint|p1a: Conkeldurr\n|\n|upkeep\n|\n|t:|1771249815\n|switch|p1a: Maushold|Maushold, L76|238/238\n|turn|17\n|\n|t:|1771249824\n|switch|p2a: Probopass|Probopass, L91, F|158/257\n|switch|p1a: Kingdra|Kingdra, L84, F|263/263\n|\n|upkeep\n|turn|18\n|\n|t:|1771249830\n|switch|p2a: Regice|Regice, L88|284/284\n|move|p1a: Kingdra|Dragon Dance|p1a: Kingdra\n|-boost|p1a: Kingdra|atk|1\n|-boost|p1a: Kingdra|spe|1\n|\n|upkeep\n|turn|19\n|\n|t:|1771249836\n|move|p1a: Kingdra|Iron Head|p2a: Regice\n|-supereffective|p2a: Regice\n|-damage|p2a: Regice|144/284\n|cant|p2a: Regice|flinch\n|\n|upkeep\n|turn|20\n|\n|t:|1771249842\n|move|p1a: Kingdra|Dragon Dance|p1a: Kingdra\n|-boost|p1a: Kingdra|atk|1\n|-boost|p1a: Kingdra|spe|1\n|move|p2a: Regice|Ice Beam|p1a: Kingdra\n|-damage|p1a: Kingdra|164/263\n|-status|p1a: Kingdra|frz\n|-enditem|p1a: Kingdra|Lum Berry|[eat]\n|-curestatus|p1a: Kingdra|frz|[msg]\n|\n|upkeep\n|turn|21\n|\n|t:|1771249848\n|move|p1a: Kingdra|Iron Head|p2a: Regice\n|-supereffective|p2a: Regice\n|-damage|p2a: Regice|0 fnt\n|faint|p2a: Regice\n|\n|upkeep\n|\n|t:|1771249856\n|switch|p2a: Pelipper|Pelipper, L86, F|243/243\n|-weather|RainDance|[from] ability: Drizzle|[of] p2a: Pelipper\n|turn|22\n|\n|t:|1771249863\n|move|p1a: Kingdra|Outrage|p2a: Pelipper\n|-damage|p2a: Pelipper|26/243\n|move|p2a: Pelipper|Hurricane|p1a: Kingdra\n|-crit|p1a: Kingdra\n|-damage|p1a: Kingdra|0 fnt\n|faint|p1a: Kingdra\n|\n|-weather|RainDance|[upkeep]\n|upkeep\n|-message|wanda72 forfeited.\n|\n|win|vegemite360\n|raw|wanda72's rating: 1958 &rarr; <strong>1936</strong><br />(-22 for losing)\n|raw|vegemite360's rating: 1925 &rarr; <strong>1947</strong><br />(+22 for winning)\n|l|☆wanda72\n|player|p1|\n", "inputlog": ">version 686819e5e19f8a7fd2345cfc5a08a5085efa2cc3\n>start {\"formatid\":\"gen9randombattle\",\"seed\":\"sodium,52574ba99c336f4ca0d354453ecf55c3\",\"rated\":\"Rated battle\"}\n>player p1 {\"name\":\"wanda72\",\"avatar\":\"101\",\"rating\":1958,\"seed\":\"sodium,1babc1b1e81ffd2a913dd1b9da128154\"}\n>player p2 {\"name\":\"vegemite360\",\"avatar\":\"bugcatcher-gen4dp\",\"rating\":1925,\"seed\":\"sodium,53864913232616acd990c28d2485dd2c\"}\n>p1 move stickyweb\n>p2 move lusterpurge\n>p1 move suckerpunch\n>p2 move lusterpurge\n>p1 switch 5\n>p1 move psyblade\n>p2 switch 2\n>p1 switch 2\n>p2 move poltergeist\n>p1 move toxicspikes\n>p2 move dracometeor\n>p1 switch 2\n>p2 move poltergeist\n>p1 switch 6\n>p2 move shadowsneak\n>p1 move bite\n>p2 switch 5\n>p1 switch 2\n>p2 move bodypress\n>p1 move recover\n>p2 switch 4\n>p1 move liquidation\n>p2 move rapidspin\n>p1 switch 6\n>p2 move headlongrush\n>p1 switch 2\n>p1 move populationbomb\n>p2 switch 4\n>p1 switch 6\n>p2 switch 4\n>p1 move recover\n>p2 move headlongrush\n>p2 switch 2\n>p1 switch 3\n>p2 move lusterpurge\n>p1 switch 6\n>p1 switch 4\n>p2 switch 4\n>p1 move dragondance\n>p2 switch 3\n>p1 move ironhead\n>p2 move icebeam\n>p1 move dragondance\n>p2 move icebeam\n>p1 move ironhead\n>p2 move icebeam\n>p2 switch 6\n>p1 move outrage\n>p2 move hurricane\n>forcelose p1", "uploadtime": 1771249877, "views": 6, "formatid": "gen9randombattle", "rating": 1936, "private": 0, "password": null}