{"id": "gen9randombattle-2540366288", "format": "[Gen 9] Random Battle", "players": ["Valpixi", "DayCrybabyTon"], "log": "|j|☆Valpixi\n|j|☆DayCrybabyTon\n|t:|1771193473\n|gametype|singles\n|player|p1|Valpixi|steven|2086\n|player|p2|DayCrybabyTon|265|2156\n|gen|9\n|tier|[Gen 9] Random Battle\n|rated|\n|rule|Species Clause: Limit one of each Pokémon\n|rule|HP Percentage Mod: HP is shown in percentages\n|rule|Sleep Clause Mod: Limit one foe put to sleep\n|rule|Illusion Level Mod: Illusion disguises the Pokémon's true level\n|\n|t:|1771193473\n|teamsize|p1|6\n|teamsize|p2|6\n|start\n|switch|p1a: Camerupt|Camerupt, L91, M|275/275\n|switch|p2a: Grafaiai|Grafaiai, L86, F|249/249\n|turn|1\n|inactive|Battle timer is ON: inactive players will automatically lose when time's up. (requested by Valpixi)\n|\n|t:|1771193516\n|move|p2a: Grafaiai|U-turn|p1a: Camerupt\n|-resisted|p1a: Camerupt\n|-damage|p1a: Camerupt|246/275\n|\n|t:|1771193521\n|switch|p2a: Snorlax|Snorlax, L82, F|397/397|[from] U-turn\n|move|p1a: Camerupt|Stealth Rock|p2a: Snorlax\n|-sidestart|p2: DayCrybabyTon|move: Stealth Rock\n|\n|-heal|p1a: Camerupt|263/275|[from] item: Leftovers\n|upkeep\n|turn|2\n|\n|t:|1771193541\n|move|p1a: Camerupt|Will-O-Wisp|p2a: Snorlax\n|-status|p2a: Snorlax|brn\n|move|p2a: Snorlax|Body Slam|p1a: Camerupt\n|-damage|p1a: Camerupt|214/275\n|\n|-heal|p1a: Camerupt|231/275|[from] item: Leftovers\n|-damage|p2a: Snorlax|373/397 brn|[from] brn\n|upkeep\n|turn|3\n|\n|t:|1771193553\n|move|p1a: Camerupt|Earthquake|p2a: Snorlax\n|-damage|p2a: Snorlax|210/397 brn\n|move|p2a: Snorlax|Curse|p2a: Snorlax\n|-unboost|p2a: Snorlax|spe|1\n|-boost|p2a: Snorlax|atk|1\n|-boost|p2a: Snorlax|def|1\n|\n|-heal|p1a: Camerupt|248/275|[from] item: Leftovers\n|-heal|p2a: Snorlax|234/397 brn|[from] item: Leftovers\n|-damage|p2a: Snorlax|210/397 brn|[from] brn\n|upkeep\n|turn|4\n|\n|t:|1771193560\n|switch|p1a: Vikavolt|Vikavolt, L83, M|263/263\n|move|p2a: Snorlax|Rest|p2a: Snorlax\n|-status|p2a: Snorlax|slp|[from] move: Rest\n|-heal|p2a: Snorlax|397/397 slp|[silent]\n|\n|upkeep\n|turn|5\n|\n|t:|1771193573\n|move|p1a: Vikavolt|Sticky Web|p2a: Snorlax\n|-sidestart|p2: DayCrybabyTon|move: Sticky Web\n|cant|p2a: Snorlax|slp\n|move|p2a: Snorlax|Sleep Talk|p2a: Snorlax\n|move|p2a: Snorlax|Curse|p2a: Snorlax|[from] move: Sleep Talk\n|-unboost|p2a: Snorlax|spe|1\n|-boost|p2a: Snorlax|atk|1\n|-boost|p2a: Snorlax|def|1\n|\n|upkeep\n|turn|6\n|inactive|Valpixi has 120 seconds left.\n|\n|t:|1771193614\n|move|p1a: Vikavolt|Volt Switch|p2a: Snorlax\n|-damage|p2a: Snorlax|313/397 slp\n|\n|t:|1771193617\n|switch|p1a: Tyranitar|Tyranitar, L78, F|284/284|[from] Volt Switch\n|-weather|Sandstorm|[from] ability: Sand Stream|[of] p1a: Tyranitar\n|cant|p2a: Snorlax|slp\n|move|p2a: Snorlax|Sleep Talk|p2a: Snorlax\n|move|p2a: Snorlax|Curse|p2a: Snorlax|[from] move: Sleep Talk\n|-unboost|p2a: Snorlax|spe|1\n|-boost|p2a: Snorlax|atk|1\n|-boost|p2a: Snorlax|def|1\n|\n|-weather|Sandstorm|[upkeep]\n|-damage|p2a: Snorlax|289/397 slp|[from] Sandstorm\n|-heal|p2a: Snorlax|313/397 slp|[from] item: Leftovers\n|upkeep\n|turn|7\n|inactive|DayCrybabyTon has 120 seconds left.\n|\n|t:|1771193654\n|move|p1a: Tyranitar|Knock Off|p2a: Snorlax\n|-damage|p2a: Snorlax|255/397 slp\n|-enditem|p2a: Snorlax|Leftovers|[from] move: Knock Off|[of] p1a: Tyranitar\n|-curestatus|p2a: Snorlax|slp|[msg]\n|move|p2a: Snorlax|Curse|p2a: Snorlax\n|-unboost|p2a: Snorlax|spe|1\n|-boost|p2a: Snorlax|atk|1\n|-boost|p2a: Snorlax|def|1\n|\n|-weather|Sandstorm|[upkeep]\n|-damage|p2a: Snorlax|231/397|[from] Sandstorm\n|upkeep\n|turn|8\n|\n|t:|1771193663\n|move|p1a: Tyranitar|Stone Edge|p2a: Snorlax\n|-damage|p2a: Snorlax|176/397\n|move|p2a: Snorlax|Body Slam|p1a: Tyranitar\n|-resisted|p1a: Tyranitar\n|-damage|p1a: Tyranitar|164/284\n|\n|-weather|Sandstorm|[upkeep]\n|-damage|p2a: Snorlax|152/397|[from] Sandstorm\n|upkeep\n|turn|9\n|\n|t:|1771193671\n|move|p1a: Tyranitar|Dragon Dance|p1a: Tyranitar\n|-boost|p1a: Tyranitar|atk|1\n|-boost|p1a: Tyranitar|spe|1\n|move|p2a: Snorlax|Rest|p2a: Snorlax\n|-status|p2a: Snorlax|slp|[from] move: Rest\n|-heal|p2a: Snorlax|397/397 slp|[silent]\n|\n|-weather|Sandstorm|[upkeep]\n|-damage|p2a: Snorlax|373/397 slp|[from] Sandstorm\n|upkeep\n|turn|10\n|\n|t:|1771193684\n|move|p1a: Tyranitar|Dragon Dance|p1a: Tyranitar\n|-boost|p1a: Tyranitar|atk|1\n|-boost|p1a: Tyranitar|spe|1\n|cant|p2a: Snorlax|slp\n|move|p2a: Snorlax|Sleep Talk|p2a: Snorlax\n|move|p2a: Snorlax|Rest||[from] move: Sleep Talk|[still]\n|-fail|p2a: Snorlax\n|\n|-weather|none\n|upkeep\n|turn|11\n|\n|t:|1771193690\n|-terastallize|p1a: Tyranitar|Ghost\n|move|p1a: Tyranitar|Dragon Dance|p1a: Tyranitar\n|-boost|p1a: Tyranitar|atk|1\n|-boost|p1a: Tyranitar|spe|1\n|cant|p2a: Snorlax|slp\n|move|p2a: Snorlax|Sleep Talk|p2a: Snorlax\n|move|p2a: Snorlax|Rest||[from] move: Sleep Talk|[still]\n|-fail|p2a: Snorlax\n|\n|upkeep\n|turn|12\n|\n|t:|1771193700\n|switch|p2a: Whimsicott|Whimsicott, L84, M|238/238\n|move|p1a: Tyranitar|Dragon Dance|p1a: Tyranitar\n|-boost|p1a: Tyranitar|atk|1\n|-boost|p1a: Tyranitar|spe|1\n|\n|upkeep\n|turn|13\n|\n|t:|1771193712\n|switch|p1a: Camerupt|Camerupt, L91, M|248/275\n|move|p2a: Whimsicott|Encore||[still]\n|-fail|p2a: Whimsicott\n|\n|-heal|p1a: Camerupt|265/275|[from] item: Leftovers\n|upkeep\n|turn|14\n|c|☆DayCrybabyTon|both of us have been too greedy I think haha\n|inactive|DayCrybabyTon has 120 seconds left.\n|\n|t:|1771193749\n|move|p2a: Whimsicott|Stun Spore|p1a: Camerupt|[miss]\n|-miss|p2a: Whimsicott|p1a: Camerupt\n|move|p1a: Camerupt|Overheat|p2a: Whimsicott\n|-supereffective|p2a: Whimsicott\n|-damage|p2a: Whimsicott|0 fnt\n|-unboost|p1a: Camerupt|spa|2\n|faint|p2a: Whimsicott\n|\n|-heal|p1a: Camerupt|275/275|[from] item: Leftovers\n|upkeep\n|\n|t:|1771193751\n|switch|p2a: Minior|Minior-Violet, L79|224/224\n|-damage|p2a: Minior|168/224|[from] Stealth Rock\n|-formechange|p2a: Minior|Minior-Meteor||[from] ability: Shields Down\n|turn|15\n|c|☆Valpixi|Yeah absolutely\n|c|☆Valpixi|I'm feel stupid\n|c|☆DayCrybabyTon|I feel u ;_;\n|inactive|Valpixi has 120 seconds left.\n|\n|t:|1771193796\n|move|p2a: Minior|Shell Smash|p2a: Minior\n|-unboost|p2a: Minior|def|1\n|-unboost|p2a: Minior|spd|1\n|-boost|p2a: Minior|atk|2\n|-boost|p2a: Minior|spa|2\n|-boost|p2a: Minior|spe|2\n|-enditem|p2a: Minior|White Herb\n|-clearnegativeboost|p2a: Minior|[silent]\n|move|p1a: Camerupt|Overheat|p2a: Minior|[miss]\n|-miss|p1a: Camerupt|p2a: Minior\n|\n|upkeep\n|turn|16\n|\n|t:|1771193804\n|move|p2a: Minior|Shell Smash|p2a: Minior\n|-unboost|p2a: Minior|def|1\n|-unboost|p2a: Minior|spd|1\n|-boost|p2a: Minior|atk|2\n|-boost|p2a: Minior|spa|2\n|-boost|p2a: Minior|spe|2\n|move|p1a: Camerupt|Overheat|p2a: Minior\n|-resisted|p2a: Minior\n|-damage|p2a: Minior|102/224\n|-unboost|p1a: Camerupt|spa|2\n|\n|-formechange|p2a: Minior|Minior-Violet||[from] ability: Shields Down\n|upkeep\n|turn|17\n|\n|t:|1771193812\n|move|p2a: Minior|Earthquake|p1a: Camerupt\n|-supereffective|p1a: Camerupt\n|-damage|p1a: Camerupt|0 fnt\n|faint|p1a: Camerupt\n|\n|upkeep\n|inactive|Valpixi has 90 seconds left.\n|\n|t:|1771193851\n|switch|p1a: Basculin|Basculin-Blue-Striped, L86, M|261/261\n|turn|18\n|inactive|Valpixi has 90 seconds left.\n|c|☆Valpixi|And again\n|c|☆DayCrybabyTon|I dont learn the lesson hehe\n|inactive|DayCrybabyTon has 120 seconds left.\n|\n|t:|1771193895\n|switch|p2a: Perrserker|Perrserker, L89, F|269/269\n|-damage|p2a: Perrserker|253/269|[from] Stealth Rock\n|-activate|p2a: Perrserker|move: Sticky Web\n|-unboost|p2a: Perrserker|spe|1\n|move|p1a: Basculin|Aqua Jet|p2a: Perrserker\n|-damage|p2a: Perrserker|183/269\n|\n|upkeep\n|turn|19\n|inactive|Valpixi has 90 seconds left.\n|\n|t:|1771193915\n|switch|p1a: Vikavolt|Vikavolt, L83, M|263/263\n|move|p2a: Perrserker|Stealth Rock|p1a: Vikavolt\n|-sidestart|p1: Valpixi|move: Stealth Rock\n|\n|upkeep\n|turn|20\n|\n|t:|1771193923\n|move|p1a: Vikavolt|Discharge|p2a: Perrserker\n|-damage|p2a: Perrserker|51/269\n|-status|p2a: Perrserker|par\n|move|p2a: Perrserker|Knock Off|p1a: Vikavolt\n|-damage|p1a: Vikavolt|163/263\n|-enditem|p1a: Vikavolt|Heavy-Duty Boots|[from] move: Knock Off|[of] p2a: Perrserker\n|-damage|p2a: Perrserker|25/269 par|[from] item: Life Orb\n|\n|upkeep\n|turn|21\n|\n|t:|1771193933\n|move|p1a: Vikavolt|Bug Buzz|p2a: Perrserker\n|-resisted|p2a: Perrserker\n|-damage|p2a: Perrserker|0 fnt\n|faint|p2a: Perrserker\n|\n|upkeep\n|\n|t:|1771193936\n|switch|p2a: Minior|Minior-Violet, L79|102/224\n|-damage|p2a: Minior|46/224|[from] Stealth Rock\n|turn|22\n|inactive|Valpixi has 90 seconds left.\n|\n|t:|1771193956\n|move|p2a: Minior|Power Gem|p1a: Vikavolt\n|-supereffective|p1a: Vikavolt\n|-damage|p1a: Vikavolt|0 fnt\n|faint|p1a: Vikavolt\n|\n|upkeep\n|\n|t:|1771193975\n|switch|p1a: Basculin|Basculin-Blue-Striped, L86, M|261/261\n|-damage|p1a: Basculin|229/261|[from] Stealth Rock\n|turn|23\n|\n|t:|1771193981\n|move|p1a: Basculin|Aqua Jet|p2a: Minior\n|-supereffective|p2a: Minior\n|-damage|p2a: Minior|0 fnt\n|faint|p2a: Minior\n|\n|upkeep\n|\n|t:|1771193986\n|switch|p2a: Scyther|Scyther, L82, M|249/249\n|turn|24\n|inactive|Valpixi has 90 seconds left.\n|\n|t:|1771193998\n|switch|p1a: Iron Treads|Iron Treads, L77|265/265\n|-damage|p1a: Iron Treads|257/265|[from] Stealth Rock\n|move|p2a: Scyther|Swords Dance|p2a: Scyther\n|-boost|p2a: Scyther|atk|2\n|\n|upkeep\n|turn|25\n|c|☆Valpixi|It's over for me\n|\n|t:|1771194028\n|move|p2a: Scyther|Close Combat|p1a: Iron Treads\n|-supereffective|p1a: Iron Treads\n|-damage|p1a: Iron Treads|0 fnt\n|-unboost|p2a: Scyther|def|1\n|-unboost|p2a: Scyther|spd|1\n|faint|p1a: Iron Treads\n|-end|p1a: Iron Treads|Quark Drive|[silent]\n|\n|upkeep\n|\n|t:|1771194033\n|switch|p1a: Tyranitar|Tyranitar, L78, F, tera:Ghost|164/284\n|-damage|p1a: Tyranitar|129/284|[from] Stealth Rock\n|-weather|Sandstorm|[from] ability: Sand Stream|[of] p1a: Tyranitar\n|turn|26\n|c|☆DayCrybabyTon|not yet\n|\n|t:|1771194049\n|move|p2a: Scyther|Dual Wingbeat|p1a: Tyranitar\n|-damage|p1a: Tyranitar|5/284\n|-damage|p1a: Tyranitar|0 fnt\n|faint|p1a: Tyranitar\n|-hitcount|p1: Tyranitar|2\n|\n|-weather|Sandstorm|[upkeep]\n|-damage|p2a: Scyther|234/249|[from] Sandstorm\n|upkeep\n|\n|t:|1771194056\n|switch|p1a: Basculin|Basculin-Blue-Striped, L86, M|229/261\n|-damage|p1a: Basculin|197/261|[from] Stealth Rock\n|turn|27\n|\n|t:|1771194063\n|move|p1a: Basculin|Aqua Jet|p2a: Scyther\n|-damage|p2a: Scyther|94/249\n|move|p2a: Scyther|Bug Bite|p1a: Basculin\n|-damage|p1a: Basculin|0 fnt\n|faint|p1a: Basculin\n|\n|-weather|Sandstorm|[upkeep]\n|-damage|p2a: Scyther|79/249|[from] Sandstorm\n|upkeep\n|\n|t:|1771194069\n|switch|p1a: Slowking|Slowking, L88, F|310/310\n|turn|28\n|c|☆DayCrybabyTon|okay, no critic\n|c|☆DayCrybabyTon|gg, funny one for sure\n|\n|t:|1771194082\n|move|p2a: Scyther|Bug Bite|p1a: Slowking\n|-supereffective|p1a: Slowking\n|-damage|p1a: Slowking|0 fnt\n|faint|p1a: Slowking\n|\n|win|DayCrybabyTon\n|raw|Valpixi's rating: 2086 &rarr; <strong>2070</strong><br />(-16 for losing)\n|raw|DayCrybabyTon's rating: 2156 &rarr; <strong>2172</strong><br />(+16 for winning)\n", "inputlog": ">version 686819e5e19f8a7fd2345cfc5a08a5085efa2cc3\n>start {\"formatid\":\"gen9randombattle\",\"seed\":\"sodium,7e5cf0d96b38d47827c6a6809e6aa7ba\",\"rated\":\"Rated battle\"}\n>player p1 {\"name\":\"Valpixi\",\"avatar\":\"steven\",\"rating\":2086,\"seed\":\"sodium,70ea2c69143dae23e8cca80bafb3ef76\"}\n>player p2 {\"name\":\"DayCrybabyTon\",\"avatar\":\"265\",\"rating\":2156,\"seed\":\"sodium,ee0d6b506e1f24b19386c4277d4bc0a9\"}\n>p1 move stealthrock\n>p2 move uturn\n>p2 switch 6\n>p1 move willowisp\n>p2 move bodyslam\n>p1 move earthquake\n>p2 move curse\n>p1 switch 6\n>p2 move rest\n>p1 move stickyweb\n>p2 move sleeptalk\n>p1 move voltswitch\n>p2 move sleeptalk\n>p1 switch 5\n>p1 move knockoff\n>p2 move curse\n>p1 move stoneedge\n>p2 move bodyslam\n>p1 move dragondance\n>p2 move rest\n>p1 move dragondance\n>p2 move sleeptalk\n>p1 move dragondance terastallize\n>p2 move sleeptalk\n>p1 move dragondance\n>p2 switch 5\n>p1 switch 6\n>p2 move encore\n>chat ☆DayCrybabyTon|both of us have been too greedy I think haha\n>p1 move overheat\n>p2 move stunspore\n>p2 switch 3\n>chat ☆Valpixi|Yeah absolutely\n>chat ☆Valpixi|I'm feel stupid\n>chat ☆DayCrybabyTon|I feel u ;_;\n>p1 move overheat\n>p2 move shellsmash\n>p1 move overheat\n>p2 move shellsmash\n>p1 move overheat\n>p2 move earthquake\n>p1 switch 2\n>chat ☆Valpixi|And again\n>chat ☆DayCrybabyTon|I dont learn the lesson hehe\n>p1 move aquajet\n>p2 switch 4\n>p1 switch 5\n>p2 move stealthrock\n>p1 move discharge\n>p2 move knockoff\n>p1 move bugbuzz\n>p2 move uturn\n>p2 switch 4\n>p1 move voltswitch\n>p2 move powergem\n>p1 switch 5\n>p1 move aquajet\n>p2 move shellsmash\n>p2 switch 2\n>p1 switch 3\n>p2 move swordsdance\n>chat ☆Valpixi|It's over for me\n>p1 move rapidspin\n>p2 move closecombat\n>p1 switch 6\n>chat ☆DayCrybabyTon|not yet\n>p1 move stoneedge\n>p2 move dualwingbeat\n>p1 switch 3\n>p1 move aquajet\n>p2 move bugbite\n>p1 switch 4\n>chat ☆DayCrybabyTon|okay, no critic\n>chat ☆DayCrybabyTon|gg, funny one for sure\n>p1 move scald\n>p2 move bugbite", "uploadtime": 1771194086, "views": 7, "formatid": "gen9randombattle", "rating": 2070, "private": 0, "password": null}