{"id": "gen9randombattle-2540138270", "format": "[Gen 9] Random Battle", "players": ["Miku Nakano ily", "rewa00"], "log": "|j|☆Miku Nakano ily\n|j|☆rewa00\n|t:|1771167344\n|gametype|singles\n|player|p1|Miku Nakano ily|red|1522\n|player|p2|rewa00|101|1501\n|gen|9\n|tier|[Gen 9] Random Battle\n|rated|\n|rule|Species Clause: Limit one of each Pokémon\n|rule|HP Percentage Mod: HP is shown in percentages\n|rule|Sleep Clause Mod: Limit one foe put to sleep\n|rule|Illusion Level Mod: Illusion disguises the Pokémon's true level\n|\n|t:|1771167344\n|teamsize|p1|6\n|teamsize|p2|6\n|start\n|switch|p1a: Hariyama|Hariyama, L87, M|392/392\n|switch|p2a: Camerupt|Camerupt, L91, M|275/275\n|turn|1\n|c|☆Miku Nakano ily|hf\n|c|☆rewa00|thanks you too\n|\n|t:|1771167368\n|move|p1a: Hariyama|Fake Out|p2a: Camerupt\n|-damage|p2a: Camerupt|233/275\n|cant|p2a: Camerupt|flinch\n|\n|-heal|p2a: Camerupt|250/275|[from] item: Leftovers\n|-status|p1a: Hariyama|brn|[from] item: Flame Orb\n|upkeep\n|turn|2\n|\n|t:|1771167378\n|move|p1a: Hariyama|Knock Off|p2a: Camerupt\n|-damage|p2a: Camerupt|120/275\n|-enditem|p2a: Camerupt|Leftovers|[from] move: Knock Off|[of] p1a: Hariyama\n|move|p2a: Camerupt|Stealth Rock|p1a: Hariyama\n|-sidestart|p1: Miku Nakano ily|move: Stealth Rock\n|\n|-damage|p1a: Hariyama|368/392 brn|[from] brn\n|upkeep\n|turn|3\n|\n|t:|1771167386\n|switch|p2a: Gyarados|Gyarados, L79, F|280/280\n|-ability|p2a: Gyarados|Intimidate|boost\n|-unboost|p1a: Hariyama|atk|1\n|move|p1a: Hariyama|Facade|p2a: Gyarados\n|-damage|p2a: Gyarados|150/280\n|\n|-damage|p1a: Hariyama|344/392 brn|[from] brn\n|upkeep\n|turn|4\n|\n|t:|1771167400\n|switch|p2a: Electivire|Electivire, L84, M|263/263\n|switch|p1a: Sandslash|Sandslash-Alola, L88, M|275/275\n|-damage|p1a: Sandslash|241/275|[from] Stealth Rock\n|\n|upkeep\n|turn|5\n|\n|t:|1771167410\n|switch|p2a: Camerupt|Camerupt, L91, M|120/275\n|move|p1a: Sandslash|Earthquake|p2a: Camerupt\n|-supereffective|p2a: Camerupt\n|-crit|p2a: Camerupt\n|-damage|p2a: Camerupt|0 fnt\n|faint|p2a: Camerupt\n|-damage|p1a: Sandslash|214/275|[from] item: Life Orb\n|\n|upkeep\n|\n|t:|1771167423\n|switch|p2a: Arceus|Arceus-Psychic, L69|280/280\n|turn|6\n|\n|t:|1771167432\n|move|p2a: Arceus|Cosmic Power|p2a: Arceus\n|-boost|p2a: Arceus|def|1\n|-boost|p2a: Arceus|spd|1\n|move|p1a: Sandslash|Knock Off|p2a: Arceus\n|-supereffective|p2a: Arceus\n|-damage|p2a: Arceus|186/280\n|-damage|p1a: Sandslash|187/275|[from] item: Life Orb\n|\n|upkeep\n|turn|7\n|\n|t:|1771167442\n|move|p2a: Arceus|Recover|p2a: Arceus\n|-heal|p2a: Arceus|280/280\n|move|p1a: Sandslash|Swords Dance|p1a: Sandslash\n|-boost|p1a: Sandslash|atk|2\n|\n|upkeep\n|turn|8\n|\n|t:|1771167450\n|move|p2a: Arceus|Body Press|p1a: Sandslash\n|-supereffective|p1a: Sandslash\n|-damage|p1a: Sandslash|0 fnt\n|faint|p1a: Sandslash\n|\n|upkeep\n|\n|t:|1771167456\n|switch|p1a: Malamar|Malamar, L82, M|275/275\n|-damage|p1a: Malamar|241/275|[from] Stealth Rock\n|turn|9\n|c|☆rewa00|topsy turvy\n|c|☆Miku Nakano ily|no\n|\n|t:|1771167477\n|switch|p2a: Perrserker|Perrserker, L89, F|269/269\n|move|p1a: Malamar|Superpower|p2a: Perrserker\n|-supereffective|p2a: Perrserker\n|-damage|p2a: Perrserker|131/269\n|-boost|p1a: Malamar|atk|1\n|-boost|p1a: Malamar|def|1\n|\n|upkeep\n|turn|10\n|c|☆rewa00|oh\n|\n|t:|1771167494\n|move|p1a: Malamar|Superpower|p2a: Perrserker\n|-supereffective|p2a: Perrserker\n|-damage|p2a: Perrserker|0 fnt\n|-boost|p1a: Malamar|atk|1\n|-boost|p1a: Malamar|def|1\n|faint|p2a: Perrserker\n|\n|upkeep\n|\n|t:|1771167510\n|switch|p2a: Lugia|Lugia, L73|275/275\n|turn|11\n|\n|t:|1771167517\n|-terastallize|p2a: Lugia|Ground\n|move|p2a: Lugia|Aeroblast|p1a: Malamar\n|-damage|p1a: Malamar|159/275\n|move|p1a: Malamar|Superpower|p2a: Lugia\n|-damage|p2a: Lugia|213/275\n|-boost|p1a: Malamar|atk|1\n|-boost|p1a: Malamar|def|1\n|\n|upkeep\n|turn|12\n|\n|t:|1771167533\n|move|p2a: Lugia|Aeroblast|p1a: Malamar\n|-damage|p1a: Malamar|77/275\n|move|p1a: Malamar|Superpower|p2a: Lugia\n|-damage|p2a: Lugia|55/275\n|-boost|p1a: Malamar|atk|1\n|-boost|p1a: Malamar|def|1\n|\n|upkeep\n|turn|13\n|\n|t:|1771167539\n|move|p2a: Lugia|Aeroblast|p1a: Malamar\n|-crit|p1a: Malamar\n|-damage|p1a: Malamar|0 fnt\n|faint|p1a: Malamar\n|\n|upkeep\n|\n|t:|1771167545\n|switch|p1a: Hariyama|Hariyama, L87, M|344/392 brn\n|-damage|p1a: Hariyama|320/392 brn|[from] Stealth Rock\n|turn|14\n|\n|t:|1771167548\n|move|p1a: Hariyama|Fake Out|p2a: Lugia\n|-crit|p2a: Lugia\n|-damage|p2a: Lugia|0 fnt\n|faint|p2a: Lugia\n|\n|-damage|p1a: Hariyama|296/392 brn|[from] brn\n|upkeep\n|\n|t:|1771167552\n|switch|p2a: Arceus|Arceus-Psychic, L69|280/280\n|turn|15\n|\n|t:|1771167563\n|switch|p1a: Dudunsparce|Dudunsparce-Three-Segment, L83, F|343/343\n|-damage|p1a: Dudunsparce|301/343|[from] Stealth Rock\n|move|p2a: Arceus|Cosmic Power|p2a: Arceus\n|-boost|p2a: Arceus|def|1\n|-boost|p2a: Arceus|spd|1\n|\n|-heal|p1a: Dudunsparce|322/343|[from] item: Leftovers\n|upkeep\n|turn|16\n|c|☆rewa00|malamar was scary\n|c|☆Miku Nakano ily|true\n|c|☆rewa00|man i just have a wrong trought about glare activating electrivire and then i remenbered that it doesn't and then i imagined body slam and nothing activates motor drive because they aren't electric moves\n|\n|t:|1771167656\n|switch|p2a: Electivire|Electivire, L84, M|263/263\n|move|p1a: Dudunsparce|Glare|p2a: Electivire\n|-immune|p2a: Electivire\n|\n|-heal|p1a: Dudunsparce|343/343|[from] item: Leftovers\n|upkeep\n|turn|17\n|c|☆Miku Nakano ily|LOL\n|\n|t:|1771167675\n|move|p2a: Electivire|Bulk Up|p2a: Electivire\n|-boost|p2a: Electivire|atk|1\n|-boost|p2a: Electivire|def|1\n|move|p1a: Dudunsparce|Earthquake|p2a: Electivire\n|-supereffective|p2a: Electivire\n|-damage|p2a: Electivire|143/263\n|\n|upkeep\n|turn|18\n|\n|t:|1771167684\n|move|p2a: Electivire|Supercell Slam|p1a: Dudunsparce\n|-damage|p1a: Dudunsparce|96/343\n|-damage|p2a: Electivire|117/263|[from] item: Life Orb\n|move|p1a: Dudunsparce|Earthquake|p2a: Electivire\n|-supereffective|p2a: Electivire\n|-damage|p2a: Electivire|9/263\n|\n|-heal|p1a: Dudunsparce|117/343|[from] item: Leftovers\n|upkeep\n|turn|19\n|\n|t:|1771167693\n|move|p2a: Electivire|Earthquake|p1a: Dudunsparce\n|-damage|p1a: Dudunsparce|0 fnt\n|faint|p1a: Dudunsparce\n|-damage|p2a: Electivire|0 fnt|[from] item: Life Orb\n|faint|p2a: Electivire\n|\n|upkeep\n|\n|t:|1771167706\n|switch|p2a: Arceus|Arceus-Psychic, L69|280/280\n|switch|p1a: Hariyama|Hariyama, L87, M|296/392 brn\n|-damage|p1a: Hariyama|272/392 brn|[from] Stealth Rock\n|turn|20\n|\n|t:|1771167712\n|switch|p2a: Gyarados|Gyarados, L79, F|150/280\n|-ability|p2a: Gyarados|Intimidate|boost\n|-unboost|p1a: Hariyama|atk|1\n|move|p1a: Hariyama|Fake Out|p2a: Gyarados\n|-damage|p2a: Gyarados|106/280\n|\n|-damage|p1a: Hariyama|248/392 brn|[from] brn\n|upkeep\n|turn|21\n|\n|t:|1771167722\n|move|p2a: Gyarados|Dragon Dance|p2a: Gyarados\n|-boost|p2a: Gyarados|atk|1\n|-boost|p2a: Gyarados|spe|1\n|move|p1a: Hariyama|Facade|p2a: Gyarados\n|-damage|p2a: Gyarados|0 fnt\n|faint|p2a: Gyarados\n|\n|-damage|p1a: Hariyama|224/392 brn|[from] brn\n|upkeep\n|\n|t:|1771167723\n|switch|p2a: Arceus|Arceus-Psychic, L69|280/280\n|turn|22\n|\n|t:|1771167728\n|switch|p1a: Decidueye|Decidueye-Hisui, L87, M|295/295\n|-damage|p1a: Decidueye|277/295|[from] Stealth Rock\n|move|p2a: Arceus|Cosmic Power|p2a: Arceus\n|-boost|p2a: Arceus|def|1\n|-boost|p2a: Arceus|spd|1\n|\n|-heal|p1a: Decidueye|295/295|[from] item: Leftovers\n|upkeep\n|turn|23\n|\n|t:|1771167734\n|move|p2a: Arceus|Cosmic Power|p2a: Arceus\n|-boost|p2a: Arceus|def|1\n|-boost|p2a: Arceus|spd|1\n|move|p1a: Decidueye|Leaf Blade|p2a: Arceus\n|-damage|p2a: Arceus|226/280\n|\n|upkeep\n|turn|24\n|\n|t:|1771167740\n|move|p2a: Arceus|Stored Power|p1a: Decidueye\n|-supereffective|p1a: Decidueye\n|-damage|p1a: Decidueye|113/295\n|move|p1a: Decidueye|Leaf Blade|p2a: Arceus\n|-damage|p2a: Arceus|172/280\n|\n|-heal|p1a: Decidueye|131/295|[from] item: Leftovers\n|upkeep\n|turn|25\n|\n|t:|1771167743\n|move|p2a: Arceus|Recover|p2a: Arceus\n|-heal|p2a: Arceus|280/280\n|move|p1a: Decidueye|Triple Arrows|p2a: Arceus\n|-resisted|p2a: Arceus\n|-damage|p2a: Arceus|254/280\n|\n|-heal|p1a: Decidueye|149/295|[from] item: Leftovers\n|upkeep\n|turn|26\n|\n|t:|1771167749\n|move|p2a: Arceus|Stored Power|p1a: Decidueye\n|-supereffective|p1a: Decidueye\n|-damage|p1a: Decidueye|0 fnt\n|faint|p1a: Decidueye\n|\n|upkeep\n|\n|t:|1771167756\n|switch|p1a: Hariyama|Hariyama, L87, M|224/392 brn\n|-damage|p1a: Hariyama|200/392 brn|[from] Stealth Rock\n|turn|27\n|\n|t:|1771167761\n|move|p1a: Hariyama|Fake Out|p2a: Arceus\n|-damage|p2a: Arceus|229/280\n|cant|p2a: Arceus|flinch\n|\n|-damage|p1a: Hariyama|176/392 brn|[from] brn\n|upkeep\n|turn|28\n|\n|t:|1771167766\n|-terastallize|p1a: Hariyama|Normal\n|move|p2a: Arceus|Stored Power|p1a: Hariyama\n|-damage|p1a: Hariyama|40/392 brn\n|move|p1a: Hariyama|Facade|p2a: Arceus\n|-damage|p2a: Arceus|90/280\n|\n|-damage|p1a: Hariyama|16/392 brn|[from] brn\n|upkeep\n|turn|29\n|\n|t:|1771167781\n|move|p2a: Arceus|Recover|p2a: Arceus\n|-heal|p2a: Arceus|230/280\n|move|p1a: Hariyama|Facade|p2a: Arceus\n|-damage|p2a: Arceus|100/280\n|\n|-damage|p1a: Hariyama|0 fnt|[from] brn\n|faint|p1a: Hariyama\n|upkeep\n|\n|t:|1771167786\n|switch|p1a: Azelf|Azelf, L82|257/257\n|-damage|p1a: Azelf|225/257|[from] Stealth Rock\n|turn|30\n|\n|t:|1771167796\n|move|p1a: Azelf|Psychic|p2a: Arceus\n|-resisted|p2a: Arceus\n|-damage|p2a: Arceus|57/280\n|move|p2a: Arceus|Stored Power|p1a: Azelf\n|-resisted|p1a: Azelf\n|-damage|p1a: Azelf|167/257\n|\n|upkeep\n|turn|31\n|\n|t:|1771167801\n|move|p1a: Azelf|Psychic|p2a: Arceus\n|-resisted|p2a: Arceus\n|-damage|p2a: Arceus|15/280\n|move|p2a: Arceus|Recover|p2a: Arceus\n|-heal|p2a: Arceus|155/280\n|\n|upkeep\n|turn|32\n|-message|Miku Nakano ily forfeited.\n|\n|win|rewa00\n|raw|Miku Nakano ily's rating: 1522 &rarr; <strong>1501</strong><br />(-21 for losing)\n|raw|rewa00's rating: 1501 &rarr; <strong>1522</strong><br />(+21 for winning)\n|l|☆Miku Nakano ily\n|player|p1|\n", "inputlog": ">version 686819e5e19f8a7fd2345cfc5a08a5085efa2cc3\n>start {\"formatid\":\"gen9randombattle\",\"seed\":\"sodium,3cb7cd523a4228863e22a7e695c53c25\",\"rated\":\"Rated battle\"}\n>player p1 {\"name\":\"Miku Nakano ily\",\"avatar\":\"red\",\"rating\":1522,\"seed\":\"sodium,22dbbc0040611af28591b7c9b3699de9\"}\n>player p2 {\"name\":\"rewa00\",\"avatar\":\"101\",\"rating\":1501,\"seed\":\"sodium,84c5b87d2044b3cc2e12e55095ad6ed4\"}\n>chat ☆Miku Nakano ily|hf\n>chat ☆rewa00|thanks you too\n>p1 move fakeout\n>p2 move stealthrock\n>p1 move knockoff\n>p2 move stealthrock\n>p1 move facade\n>p2 switch 4\n>p1 switch 3\n>p2 switch 5\n>p1 move earthquake\n>p2 switch 4\n>p2 switch 2\n>p1 move knockoff\n>p2 move cosmicpower\n>p1 move swordsdance\n>p2 move recover\n>p1 move tripleaxel\n>p2 move bodypress\n>p1 switch 4\n>chat ☆rewa00|topsy turvy\n>chat ☆Miku Nakano ily|no\n>p1 move superpower\n>p2 switch 6\n>chat ☆rewa00|oh\n>p1 move superpower\n>p2 move uturn\n>p2 switch 3\n>p1 move superpower\n>p2 move aeroblast terastallize\n>p1 move superpower\n>p2 move aeroblast\n>p1 move rest\n>p2 move aeroblast\n>p1 switch 3\n>p1 move fakeout\n>p2 move recover\n>p2 switch 6\n>p1 switch 5\n>p2 move cosmicpower\n>chat ☆rewa00|malamar was scary\n>chat ☆Miku Nakano ily|true\n>chat ☆rewa00|man i just have a wrong trought about glare activating electrivire and then i remenbered that it doesn't and then i imagined body slam and nothing activates motor drive because they aren't electric moves\n>p1 move glare\n>p2 switch 4\n>chat ☆Miku Nakano ily|LOL\n>p1 move earthquake\n>p2 move bulkup\n>p1 move earthquake\n>p2 move supercellslam\n>p1 move roost\n>p2 move earthquake\n>p1 switch 5\n>p2 switch 4\n>p1 move fakeout\n>p2 switch 5\n>p1 move facade\n>p2 move dragondance\n>p2 switch 5\n>p1 switch 2\n>p2 move cosmicpower\n>p1 move leafblade\n>p2 move cosmicpower\n>p1 move leafblade\n>p2 move storedpower\n>p1 move triplearrows\n>p2 move recover\n>p1 move triplearrows\n>p2 move storedpower\n>p1 switch 2\n>p1 move fakeout\n>p2 move storedpower\n>p1 move facade terastallize\n>p2 move storedpower\n>p1 move facade\n>p2 move recover\n>p1 switch 6\n>p1 move psychic\n>p2 move storedpower\n>p1 move psychic\n>p2 move recover\n>forcelose p1", "uploadtime": 1771169002, "views": 10, "formatid": "gen9randombattle", "rating": 1501, "private": 0, "password": null}