{"id": "gen9randombattle-2540292572", "format": "[Gen 9] Random Battle", "players": ["Enternam3", "sizableOOF"], "log": "|j|☆Enternam3\n|j|☆sizableOOF\n|t:|1771185401\n|gametype|singles\n|player|p1|Enternam3|265|1557\n|player|p2|sizableOOF|rosa|1589\n|gen|9\n|tier|[Gen 9] Random Battle\n|rated|\n|rule|Species Clause: Limit one of each Pokémon\n|rule|HP Percentage Mod: HP is shown in percentages\n|rule|Sleep Clause Mod: Limit one foe put to sleep\n|rule|Illusion Level Mod: Illusion disguises the Pokémon's true level\n|\n|t:|1771185401\n|teamsize|p1|6\n|teamsize|p2|6\n|start\n|switch|p1a: Quaquaval|Quaquaval, L79, M|264/264\n|switch|p2a: Cresselia|Cresselia, L80, F|323/323\n|turn|1\n|inactive|Battle timer is ON: inactive players will automatically lose when time's up. (requested by sizableOOF)\n|\n|t:|1771185411\n|-terastallize|p1a: Quaquaval|Steel\n|move|p2a: Cresselia|Psyshock|p1a: Quaquaval\n|-resisted|p1a: Quaquaval\n|-damage|p1a: Quaquaval|227/264\n|move|p1a: Quaquaval|Aqua Step|p2a: Cresselia\n|-damage|p2a: Cresselia|238/323\n|-boost|p1a: Quaquaval|spe|1\n|\n|-heal|p1a: Quaquaval|243/264|[from] item: Leftovers\n|-heal|p2a: Cresselia|258/323|[from] item: Leftovers\n|upkeep\n|turn|2\n|\n|t:|1771185433\n|switch|p2a: Pincurchin|Pincurchin, M|258/258\n|-fieldstart|move: Electric Terrain|[from] ability: Electric Surge|[of] p2a: Pincurchin\n|move|p1a: Quaquaval|Aqua Step|p2a: Pincurchin\n|-damage|p2a: Pincurchin|191/258\n|-boost|p1a: Quaquaval|spe|1\n|\n|-heal|p1a: Quaquaval|259/264|[from] item: Leftovers\n|-heal|p2a: Pincurchin|207/258|[from] item: Leftovers\n|upkeep\n|turn|3\n|\n|t:|1771185444\n|switch|p1a: Flygon|Flygon, L82, M|265/265\n|move|p2a: Pincurchin|Scald|p1a: Flygon\n|-damage|p1a: Flygon|184/265\n|\n|-heal|p2a: Pincurchin|223/258|[from] item: Leftovers\n|upkeep\n|turn|4\n|\n|t:|1771185458\n|switch|p2a: Cresselia|Cresselia, L80, F|258/323\n|move|p1a: Flygon|Outrage|p2a: Cresselia\n|-crit|p2a: Cresselia\n|-damage|p2a: Cresselia|99/323\n|\n|-heal|p2a: Cresselia|119/323|[from] item: Leftovers\n|upkeep\n|turn|5\n|\n|t:|1771185469\n|move|p1a: Flygon|Outrage|p2a: Cresselia|[from] lockedmove\n|-damage|p2a: Cresselia|8/323\n|-start|p1a: Flygon|confusion|[fatigue]\n|move|p2a: Cresselia|Moonblast|p1a: Flygon\n|-supereffective|p1a: Flygon\n|-damage|p1a: Flygon|78/265\n|\n|-heal|p2a: Cresselia|28/323|[from] item: Leftovers\n|upkeep\n|turn|6\n|\n|t:|1771185472\n|-activate|p1a: Flygon|confusion\n|-damage|p1a: Flygon|44/265|[from] confusion\n|move|p2a: Cresselia|Moonlight|p2a: Cresselia\n|-heal|p2a: Cresselia|189/323\n|\n|-heal|p2a: Cresselia|209/323|[from] item: Leftovers\n|-fieldend|move: Electric Terrain\n|upkeep\n|turn|7\n|\n|t:|1771185478\n|-activate|p1a: Flygon|confusion\n|-damage|p1a: Flygon|13/265|[from] confusion\n|move|p2a: Cresselia|Moonlight|p2a: Cresselia\n|-heal|p2a: Cresselia|323/323\n|\n|upkeep\n|turn|8\n|\n|t:|1771185488\n|-activate|p1a: Flygon|confusion\n|move|p1a: Flygon|Outrage|p2a: Cresselia\n|-damage|p2a: Cresselia|212/323\n|move|p2a: Cresselia|Moonblast|p1a: Flygon\n|-supereffective|p1a: Flygon\n|-damage|p1a: Flygon|0 fnt\n|faint|p1a: Flygon\n|\n|-heal|p2a: Cresselia|232/323|[from] item: Leftovers\n|upkeep\n|\n|t:|1771185493\n|switch|p1a: Ceruledge|Ceruledge, L78, F|245/245\n|turn|9\n|\n|t:|1771185504\n|switch|p2a: Pincurchin|Pincurchin, M|223/258\n|-fieldstart|move: Electric Terrain|[from] ability: Electric Surge|[of] p2a: Pincurchin\n|move|p1a: Ceruledge|Swords Dance|p1a: Ceruledge\n|-boost|p1a: Ceruledge|atk|2\n|\n|-heal|p2a: Pincurchin|239/258|[from] item: Leftovers\n|upkeep\n|turn|10\n|\n|t:|1771185507\n|move|p1a: Ceruledge|Poltergeist|p2a: Pincurchin\n|-activate|p2a: Pincurchin|move: Poltergeist|Leftovers\n|-damage|p2a: Pincurchin|34/258\n|move|p2a: Pincurchin|Scald|p1a: Ceruledge\n|-supereffective|p1a: Ceruledge\n|-damage|p1a: Ceruledge|85/245\n|\n|-heal|p2a: Pincurchin|50/258|[from] item: Leftovers\n|upkeep\n|turn|11\n|\n|t:|1771185515\n|move|p1a: Ceruledge|Bitter Blade|p2a: Pincurchin\n|-damage|p2a: Pincurchin|0 fnt\n|-heal|p1a: Ceruledge|110/245|[from] drain|[of] p2a: Pincurchin\n|faint|p2a: Pincurchin\n|\n|upkeep\n|\n|t:|1771185533\n|switch|p2a: Heracross|Heracross, L80, M|259/259\n|turn|12\n|\n|t:|1771185538\n|move|p2a: Heracross|Knock Off|p1a: Ceruledge\n|-supereffective|p1a: Ceruledge\n|-damage|p1a: Ceruledge|0 fnt\n|-enditem|p1a: Ceruledge|Heavy-Duty Boots|[from] move: Knock Off|[of] p2a: Heracross\n|faint|p1a: Ceruledge\n|-ability|p2a: Heracross|Moxie|boost\n|-boost|p2a: Heracross|atk|1\n|\n|upkeep\n|\n|t:|1771185543\n|switch|p1a: Oricorio|Oricorio-Sensu, L85, M|266/266\n|turn|13\n|\n|t:|1771185546\n|move|p1a: Oricorio|Hurricane|p2a: Heracross\n|-supereffective|p2a: Heracross\n|-damage|p2a: Heracross|0 fnt\n|faint|p2a: Heracross\n|\n|-fieldend|move: Electric Terrain\n|upkeep\n|\n|t:|1771185553\n|switch|p2a: Porygon2|Porygon2, L81|270/270\n|-ability|p2a: Porygon2|Download|boost\n|-boost|p2a: Porygon2|spa|1\n|turn|14\n|\n|t:|1771185571\n|move|p1a: Oricorio|Quiver Dance|p1a: Oricorio\n|-boost|p1a: Oricorio|spa|1\n|-boost|p1a: Oricorio|spd|1\n|-boost|p1a: Oricorio|spe|1\n|move|p2a: Porygon2|Thunder Wave|p1a: Oricorio\n|-status|p1a: Oricorio|par\n|\n|upkeep\n|turn|15\n|\n|t:|1771185576\n|move|p1a: Oricorio|Quiver Dance|p1a: Oricorio\n|-boost|p1a: Oricorio|spa|1\n|-boost|p1a: Oricorio|spd|1\n|-boost|p1a: Oricorio|spe|1\n|move|p2a: Porygon2|Shadow Ball|p1a: Oricorio\n|-supereffective|p1a: Oricorio\n|-damage|p1a: Oricorio|170/266 par\n|\n|upkeep\n|turn|16\n|\n|t:|1771185587\n|move|p1a: Oricorio|Hurricane|p2a: Porygon2|[miss]\n|-miss|p1a: Oricorio|p2a: Porygon2\n|move|p2a: Porygon2|Shadow Ball|p1a: Oricorio\n|-supereffective|p1a: Oricorio\n|-damage|p1a: Oricorio|72/266 par\n|\n|upkeep\n|turn|17\n|\n|t:|1771185592\n|move|p1a: Oricorio|Roost|p1a: Oricorio\n|-heal|p1a: Oricorio|205/266 par\n|-singleturn|p1a: Oricorio|move: Roost\n|move|p2a: Porygon2|Shadow Ball|p1a: Oricorio\n|-supereffective|p1a: Oricorio\n|-damage|p1a: Oricorio|105/266 par\n|\n|upkeep\n|turn|18\n|\n|t:|1771185595\n|cant|p1a: Oricorio|par\n|move|p2a: Porygon2|Shadow Ball|p1a: Oricorio\n|-supereffective|p1a: Oricorio\n|-damage|p1a: Oricorio|9/266 par\n|\n|upkeep\n|turn|19\n|\n|t:|1771185597\n|move|p1a: Oricorio|Roost|p1a: Oricorio\n|-heal|p1a: Oricorio|142/266 par\n|-singleturn|p1a: Oricorio|move: Roost\n|move|p2a: Porygon2|Shadow Ball|p1a: Oricorio\n|-supereffective|p1a: Oricorio\n|-damage|p1a: Oricorio|46/266 par\n|-unboost|p1a: Oricorio|spd|1\n|\n|upkeep\n|turn|20\n|\n|t:|1771185601\n|move|p1a: Oricorio|Hurricane|p2a: Porygon2\n|-damage|p2a: Porygon2|105/270\n|move|p2a: Porygon2|Shadow Ball|p1a: Oricorio\n|-supereffective|p1a: Oricorio\n|-damage|p1a: Oricorio|0 fnt\n|faint|p1a: Oricorio\n|\n|upkeep\n|\n|t:|1771185609\n|switch|p1a: Rhyperior|Rhyperior, L82, F|323/323\n|turn|21\n|\n|t:|1771185619\n|move|p2a: Porygon2|Recover|p2a: Porygon2\n|-heal|p2a: Porygon2|240/270\n|move|p1a: Rhyperior|Dragon Tail|p2a: Porygon2\n|-damage|p2a: Porygon2|201/270\n|drag|p2a: Mienshao|Mienshao, L83, F|243/243\n|\n|upkeep\n|turn|22\n|\n|t:|1771185631\n|move|p2a: Mienshao|U-turn|p1a: Rhyperior\n|-damage|p1a: Rhyperior|251/323\n|\n|t:|1771185637\n|switch|p2a: Farigiraf|Farigiraf, L91, M|366/366|[from] U-turn\n|move|p1a: Rhyperior|Earthquake|p2a: Farigiraf\n|-damage|p2a: Farigiraf|224/366\n|\n|-heal|p2a: Farigiraf|246/366|[from] item: Leftovers\n|upkeep\n|turn|23\n|\n|t:|1771185645\n|move|p2a: Farigiraf|Wish|p2a: Farigiraf\n|move|p1a: Rhyperior|Dragon Tail|p2a: Farigiraf\n|-damage|p2a: Farigiraf|189/366\n|drag|p2a: Porygon2|Porygon2, L81|201/270\n|-ability|p2a: Porygon2|Download|boost\n|-boost|p2a: Porygon2|spa|1\n|\n|upkeep\n|turn|24\n|\n|t:|1771185650\n|move|p2a: Porygon2|Shadow Ball|p1a: Rhyperior\n|-damage|p1a: Rhyperior|170/323\n|move|p1a: Rhyperior|Ice Punch|p2a: Porygon2\n|-damage|p2a: Porygon2|156/270\n|\n|-heal|p2a: Porygon2|270/270|[from] move: Wish|[wisher] Farigiraf\n|upkeep\n|turn|25\n|\n|t:|1771185660\n|move|p2a: Porygon2|Shadow Ball|p1a: Rhyperior\n|-damage|p1a: Rhyperior|88/323\n|move|p1a: Rhyperior|Ice Punch|p2a: Porygon2\n|-damage|p2a: Porygon2|222/270\n|-status|p2a: Porygon2|frz\n|\n|upkeep\n|turn|26\n|\n|t:|1771185667\n|switch|p1a: Quaquaval|Quaquaval, L79, M, tera:Steel|259/264\n|-curestatus|p2a: Porygon2|frz|[msg]\n|move|p2a: Porygon2|Shadow Ball|p1a: Quaquaval\n|-damage|p1a: Quaquaval|167/264\n|-unboost|p1a: Quaquaval|spd|1\n|\n|-heal|p1a: Quaquaval|183/264|[from] item: Leftovers\n|upkeep\n|turn|27\n|\n|t:|1771185671\n|switch|p1a: Rhyperior|Rhyperior, L82, F|88/323\n|move|p2a: Porygon2|Thunder Wave|p1a: Rhyperior\n|-immune|p1a: Rhyperior\n|\n|upkeep\n|turn|28\n|\n|t:|1771185675\n|move|p2a: Porygon2|Shadow Ball|p1a: Rhyperior\n|-damage|p1a: Rhyperior|1/323\n|move|p1a: Rhyperior|Earthquake|p2a: Porygon2\n|-damage|p2a: Porygon2|135/270\n|\n|upkeep\n|turn|29\n|\n|t:|1771185678\n|move|p2a: Porygon2|Shadow Ball|p1a: Rhyperior\n|-damage|p1a: Rhyperior|0 fnt\n|faint|p1a: Rhyperior\n|\n|upkeep\n|\n|t:|1771185681\n|switch|p1a: Quaquaval|Quaquaval, L79, M, tera:Steel|183/264\n|turn|30\n|\n|t:|1771185691\n|-terastallize|p2a: Porygon2|Fighting\n|move|p1a: Quaquaval|Aqua Step|p2a: Porygon2\n|-damage|p2a: Porygon2|74/270\n|-boost|p1a: Quaquaval|spe|1\n|move|p2a: Porygon2|Thunder Wave|p1a: Quaquaval\n|-status|p1a: Quaquaval|par\n|\n|-heal|p1a: Quaquaval|199/264 par|[from] item: Leftovers\n|upkeep\n|turn|31\n|\n|t:|1771185696\n|move|p2a: Porygon2|Recover|p2a: Porygon2\n|-heal|p2a: Porygon2|209/270\n|move|p1a: Quaquaval|Aqua Step|p2a: Porygon2\n|-damage|p2a: Porygon2|146/270\n|-boost|p1a: Quaquaval|spe|1\n|\n|-heal|p1a: Quaquaval|215/264 par|[from] item: Leftovers\n|upkeep\n|turn|32\n|\n|t:|1771185699\n|move|p1a: Quaquaval|Aqua Step|p2a: Porygon2\n|-damage|p2a: Porygon2|89/270\n|-boost|p1a: Quaquaval|spe|1\n|move|p2a: Porygon2|Tera Blast|p1a: Quaquaval|[anim] Tera Blast Fighting\n|-supereffective|p1a: Quaquaval\n|-damage|p1a: Quaquaval|0 fnt\n|faint|p1a: Quaquaval\n|\n|upkeep\n|\n|t:|1771185701\n|switch|p1a: Emboar|Emboar, L84, F|322/322\n|turn|33\n|\n|t:|1771185711\n|move|p1a: Emboar|Flare Blitz|p2a: Porygon2\n|-damage|p2a: Porygon2|0 fnt\n|faint|p2a: Porygon2\n|-damage|p1a: Emboar|293/322|[from] Recoil\n|\n|upkeep\n|\n|t:|1771185715\n|switch|p2a: Farigiraf|Farigiraf, L91, M|189/366\n|turn|34\n|\n|t:|1771185718\n|move|p2a: Farigiraf|Protect|p2a: Farigiraf\n|-singleturn|p2a: Farigiraf|Protect\n|move|p1a: Emboar|Flare Blitz|p2a: Farigiraf\n|-activate|p2a: Farigiraf|move: Protect\n|\n|-heal|p2a: Farigiraf|211/366|[from] item: Leftovers\n|upkeep\n|turn|35\n|\n|t:|1771185728\n|move|p2a: Farigiraf|Future Sight|p1a: Emboar\n|-start|p2a: Farigiraf|move: Future Sight\n|move|p1a: Emboar|Flare Blitz|p2a: Farigiraf\n|-damage|p2a: Farigiraf|21/366\n|-damage|p1a: Emboar|230/322|[from] Recoil\n|\n|-heal|p2a: Farigiraf|43/366|[from] item: Leftovers\n|upkeep\n|turn|36\n|-message|Enternam3 forfeited.\n|\n|win|sizableOOF\n|raw|Enternam3's rating: 1557 &rarr; <strong>1539</strong><br />(-18 for losing)\n|raw|sizableOOF's rating: 1589 &rarr; <strong>1607</strong><br />(+18 for winning)\n|l|☆Enternam3\n|player|p1|\n", "inputlog": ">version 686819e5e19f8a7fd2345cfc5a08a5085efa2cc3\n>start {\"formatid\":\"gen9randombattle\",\"seed\":\"sodium,6d61818b09f102d04b4b151aee15aa1c\",\"rated\":\"Rated battle\"}\n>player p1 {\"name\":\"Enternam3\",\"avatar\":\"265\",\"rating\":1557,\"seed\":\"sodium,2daccaa98f2814db51075c104e5e019d\"}\n>player p2 {\"name\":\"sizableOOF\",\"avatar\":\"rosa\",\"rating\":1589,\"seed\":\"sodium,f9ce49dcfa421c8700f2e5938e205388\"}\n>p1 move aquastep terastallize\n>p2 move psyshock\n>p1 move aquastep\n>p2 switch 6\n>p1 switch 5\n>p2 move scald\n>p1 move outrage\n>p2 switch 6\n>p1 move outrage\n>p2 move moonblast\n>p1 move outrage\n>p2 move moonlight\n>p1 move outrage\n>p2 move moonlight\n>p1 move outrage\n>p2 move moonblast\n>p1 switch 4\n>p1 move swordsdance\n>p2 switch 6\n>p1 move poltergeist\n>p2 move scald\n>p1 move bitterblade\n>p2 move scald\n>p2 switch 3\n>p1 move bitterblade\n>p2 move knockoff\n>p1 switch 6\n>p1 move hurricane\n>p2 move knockoff\n>p2 switch 5\n>p1 move quiverdance\n>p2 move thunderwave\n>p1 move quiverdance\n>p2 move shadowball\n>p1 move hurricane\n>p2 move shadowball\n>p1 move roost\n>p2 move shadowball\n>p1 move quiverdance\n>p2 move shadowball\n>p1 move roost\n>p2 move shadowball\n>p1 move hurricane\n>p2 move shadowball\n>p1 switch 2\n>p1 move dragontail\n>p2 move recover\n>p1 move earthquake\n>p2 move uturn\n>p2 switch 2\n>p1 move dragontail\n>p2 move wish\n>p1 move icepunch\n>p2 move shadowball\n>p1 move icepunch\n>p2 move shadowball\n>p1 switch 5\n>p2 move shadowball\n>p1 switch 5\n>p2 move thunderwave\n>p1 move earthquake\n>p2 move shadowball\n>p1 move stoneedge\n>p2 move shadowball\n>p1 switch 5\n>p1 move aquastep\n>p2 move thunderwave terastallize\n>p1 move aquastep\n>p2 move recover\n>p1 move aquastep\n>p2 move terablast\n>p1 switch 3\n>p1 move flareblitz\n>p2 move recover\n>p2 switch 4\n>p1 move flareblitz\n>p2 move protect\n>p1 move flareblitz\n>p2 move futuresight\n>forcelose p1", "uploadtime": 1771185740, "views": 8, "formatid": "gen9randombattle", "rating": 1539, "private": 0, "password": null}