{"id": "gen9randombattle-2540585806", "format": "[Gen 9] Random Battle", "players": ["Tt2041", "Victory Victreebel"], "log": "|j|☆Tt2041\n|j|☆Victory Victreebel\n|t:|1771222264\n|gametype|singles\n|player|p1|Tt2041|2|1772\n|player|p2|Victory Victreebel|bugcatcher-gen4dp|1721\n|gen|9\n|tier|[Gen 9] Random Battle\n|rated|\n|rule|Species Clause: Limit one of each Pokémon\n|rule|HP Percentage Mod: HP is shown in percentages\n|rule|Sleep Clause Mod: Limit one foe put to sleep\n|rule|Illusion Level Mod: Illusion disguises the Pokémon's true level\n|\n|t:|1771222265\n|teamsize|p1|6\n|teamsize|p2|6\n|start\n|switch|p1a: Decidueye|Decidueye-Hisui, L87, M|295/295\n|switch|p2a: Chansey|Chansey, L85, F|564/564\n|turn|1\n|\n|t:|1771222275\n|move|p1a: Decidueye|Swords Dance|p1a: Decidueye\n|-boost|p1a: Decidueye|atk|2\n|move|p2a: Chansey|Thunder Wave|p1a: Decidueye\n|-status|p1a: Decidueye|par\n|\n|upkeep\n|turn|2\n|\n|t:|1771222280\n|switch|p2a: Tauros|Tauros-Paldea-Blaze, L81, M|254/254\n|-ability|p2a: Tauros|Intimidate|boost\n|-fail|p1a: Decidueye|unboost|Attack|[from] ability: Scrappy|[of] p1a: Decidueye\n|move|p1a: Decidueye|Leaf Blade|p2a: Tauros\n|-resisted|p2a: Tauros\n|-damage|p2a: Tauros|154/254\n|\n|upkeep\n|turn|3\n|\n|t:|1771222292\n|switch|p1a: Overqwil|Overqwil, L82, F|274/274\n|-ability|p1a: Overqwil|Intimidate|boost\n|-unboost|p2a: Tauros|atk|1\n|move|p2a: Tauros|Flare Blitz|p1a: Overqwil\n|-damage|p1a: Overqwil|144/274\n|-damage|p2a: Tauros|111/254|[from] Recoil\n|\n|upkeep\n|turn|4\n|\n|t:|1771222305\n|move|p2a: Tauros|Flare Blitz|p1a: Overqwil\n|-damage|p1a: Overqwil|21/274\n|-damage|p2a: Tauros|70/254|[from] Recoil\n|move|p1a: Overqwil|Liquidation|p2a: Tauros\n|-supereffective|p2a: Tauros\n|-damage|p2a: Tauros|0 fnt\n|faint|p2a: Tauros\n|-damage|p1a: Overqwil|0 fnt|[from] item: Life Orb\n|faint|p1a: Overqwil\n|\n|upkeep\n|\n|t:|1771222315\n|switch|p2a: Muk|Muk-Alola, L82, M|306/306\n|switch|p1a: Palafin|Palafin, L77, M|281/281\n|turn|5\n|\n|t:|1771222320\n|move|p1a: Palafin|Flip Turn|p2a: Muk\n|-damage|p2a: Muk|230/306\n|\n|t:|1771222325\n|detailschange|p1a: Palafin|Palafin-Hero, L77, M\n|switch|p1a: Decidueye|Decidueye-Hisui, L87, M|295/295 par|[from] Flip Turn\n|move|p2a: Muk|Knock Off|p1a: Decidueye\n|-resisted|p1a: Decidueye\n|-damage|p1a: Decidueye|244/295 par\n|-enditem|p1a: Decidueye|Leftovers|[from] move: Knock Off|[of] p2a: Muk\n|\n|upkeep\n|turn|6\n|\n|t:|1771222331\n|move|p2a: Muk|Poison Jab|p1a: Decidueye\n|-supereffective|p1a: Decidueye\n|-damage|p1a: Decidueye|64/295 par\n|move|p1a: Decidueye|Triple Arrows|p2a: Muk\n|-damage|p2a: Muk|110/306\n|-unboost|p2a: Muk|def|1\n|\n|upkeep\n|turn|7\n|\n|t:|1771222338\n|move|p2a: Muk|Drain Punch|p1a: Decidueye\n|-damage|p1a: Decidueye|11/295 par\n|-heal|p2a: Muk|137/306|[from] drain|[of] p1a: Decidueye\n|cant|p1a: Decidueye|par\n|\n|upkeep\n|turn|8\n|\n|t:|1771222344\n|move|p2a: Muk|Drain Punch|p1a: Decidueye\n|-damage|p1a: Decidueye|0 fnt\n|-heal|p2a: Muk|143/306|[from] drain|[of] p1a: Decidueye\n|faint|p1a: Decidueye\n|\n|upkeep\n|\n|t:|1771222349\n|switch|p1a: Palafin|Palafin-Hero, L77, M|281/281\n|-activate|p1a: Palafin|ability: Zero to Hero\n|turn|9\n|\n|t:|1771222357\n|switch|p2a: Toedscruel|Toedscruel, L87, F|281/281\n|move|p1a: Palafin|Flip Turn|p2a: Toedscruel\n|-damage|p2a: Toedscruel|133/281\n|\n|t:|1771222367\n|switch|p1a: Cresselia|Cresselia, L80, F|323/323|[from] Flip Turn\n|\n|-heal|p2a: Toedscruel|150/281|[from] item: Leftovers\n|upkeep\n|turn|10\n|\n|t:|1771222373\n|move|p1a: Cresselia|Psyshock|p2a: Toedscruel\n|-damage|p2a: Toedscruel|68/281\n|move|p2a: Toedscruel|Toxic|p1a: Cresselia\n|-status|p1a: Cresselia|tox\n|\n|-heal|p2a: Toedscruel|85/281|[from] item: Leftovers\n|-damage|p1a: Cresselia|303/323 tox|[from] psn\n|upkeep\n|turn|11\n|\n|t:|1771222380\n|switch|p2a: Chansey|Chansey, L85, F|564/564\n|move|p1a: Cresselia|Moonblast|p2a: Chansey\n|-damage|p2a: Chansey|533/564\n|\n|-heal|p1a: Cresselia|323/323 tox|[from] item: Leftovers\n|-damage|p1a: Cresselia|283/323 tox|[from] psn\n|upkeep\n|turn|12\n|\n|t:|1771222388\n|move|p1a: Cresselia|Calm Mind|p1a: Cresselia\n|-boost|p1a: Cresselia|spa|1\n|-boost|p1a: Cresselia|spd|1\n|move|p2a: Chansey|Seismic Toss|p1a: Cresselia\n|-damage|p1a: Cresselia|198/323 tox\n|\n|-heal|p1a: Cresselia|218/323 tox|[from] item: Leftovers\n|-damage|p1a: Cresselia|158/323 tox|[from] psn\n|upkeep\n|turn|13\n|\n|t:|1771222396\n|move|p1a: Cresselia|Psyshock|p2a: Chansey\n|-damage|p2a: Chansey|310/564\n|move|p2a: Chansey|Seismic Toss|p1a: Cresselia\n|-damage|p1a: Cresselia|73/323 tox\n|\n|-heal|p1a: Cresselia|93/323 tox|[from] item: Leftovers\n|-damage|p1a: Cresselia|13/323 tox|[from] psn\n|upkeep\n|turn|14\n|\n|t:|1771222405\n|switch|p1a: Palafin|Palafin-Hero, L77, M|281/281\n|move|p2a: Chansey|Soft-Boiled|p2a: Chansey\n|-heal|p2a: Chansey|564/564\n|\n|upkeep\n|turn|15\n|\n|t:|1771222410\n|move|p1a: Palafin|Close Combat|p2a: Chansey\n|-supereffective|p2a: Chansey\n|-damage|p2a: Chansey|0 fnt\n|-unboost|p1a: Palafin|def|1\n|-unboost|p1a: Palafin|spd|1\n|faint|p2a: Chansey\n|\n|upkeep\n|\n|t:|1771222413\n|switch|p2a: Toedscruel|Toedscruel, L87, F|85/281\n|turn|16\n|\n|t:|1771222418\n|switch|p1a: Cresselia|Cresselia, L80, F|13/323 tox\n|move|p2a: Toedscruel|Giga Drain|p1a: Cresselia\n|-damage|p1a: Cresselia|0 fnt\n|-heal|p2a: Toedscruel|92/281|[from] drain|[of] p1a: Cresselia\n|faint|p1a: Cresselia\n|\n|-heal|p2a: Toedscruel|109/281|[from] item: Leftovers\n|upkeep\n|\n|t:|1771222428\n|switch|p1a: Palafin|Palafin-Hero, L77, M|281/281\n|turn|17\n|\n|t:|1771222432\n|move|p1a: Palafin|Jet Punch|p2a: Toedscruel\n|-damage|p2a: Toedscruel|0 fnt\n|faint|p2a: Toedscruel\n|\n|upkeep\n|\n|t:|1771222437\n|switch|p2a: Muk|Muk-Alola, L82, M|143/306\n|turn|18\n|\n|t:|1771222445\n|switch|p1a: Quaquaval|Quaquaval, L79, M|264/264\n|move|p2a: Muk|Poison Jab|p1a: Quaquaval\n|-damage|p1a: Quaquaval|162/264\n|-status|p1a: Quaquaval|psn\n|\n|-damage|p1a: Quaquaval|129/264 psn|[from] psn\n|upkeep\n|turn|19\n|\n|t:|1771222453\n|move|p1a: Quaquaval|Close Combat|p2a: Muk\n|-damage|p2a: Muk|0 fnt\n|-unboost|p1a: Quaquaval|def|1\n|-unboost|p1a: Quaquaval|spd|1\n|faint|p2a: Muk\n|-ability|p1a: Quaquaval|Moxie|boost\n|-boost|p1a: Quaquaval|atk|1\n|-damage|p1a: Quaquaval|103/264 psn|[from] item: Life Orb\n|\n|-damage|p1a: Quaquaval|70/264 psn|[from] psn\n|upkeep\n|\n|t:|1771222457\n|switch|p2a: Girafarig|Girafarig, L89, F|269/269\n|turn|20\n|\n|t:|1771222464\n|move|p2a: Girafarig|Thunderbolt|p1a: Quaquaval\n|-supereffective|p1a: Quaquaval\n|-damage|p1a: Quaquaval|0 fnt\n|faint|p1a: Quaquaval\n|\n|upkeep\n|\n|t:|1771222468\n|switch|p1a: Shaymin|Shaymin, L82|298/298\n|turn|21\n|\n|t:|1771222473\n|switch|p2a: Magearna|Magearna, L77|250/250\n|move|p1a: Shaymin|Seed Flare|p2a: Magearna|[miss]\n|-miss|p1a: Shaymin|p2a: Magearna\n|\n|upkeep\n|turn|22\n|\n|t:|1771222480\n|move|p1a: Shaymin|Seed Flare|p2a: Magearna\n|-resisted|p2a: Magearna\n|-crit|p2a: Magearna\n|-damage|p2a: Magearna|166/250\n|-unboost|p2a: Magearna|spd|2\n|move|p2a: Magearna|Flash Cannon|p1a: Shaymin\n|-damage|p1a: Shaymin|214/298\n|-unboost|p1a: Shaymin|spd|1\n|\n|-heal|p1a: Shaymin|232/298|[from] item: Leftovers\n|-heal|p2a: Magearna|181/250|[from] item: Leftovers\n|upkeep\n|turn|23\n|\n|t:|1771222494\n|switch|p2a: Girafarig|Girafarig, L89, F|269/269\n|-terastallize|p1a: Shaymin|Ground\n|move|p1a: Shaymin|Earth Power|p2a: Girafarig\n|-damage|p2a: Girafarig|194/269\n|\n|-heal|p1a: Shaymin|250/298|[from] item: Leftovers\n|upkeep\n|turn|24\n|\n|t:|1771222501\n|move|p1a: Shaymin|Seed Flare|p2a: Girafarig\n|-ability|p2a: Girafarig|Sap Sipper|boost\n|-boost|p2a: Girafarig|atk|1\n|move|p2a: Girafarig|Nasty Plot|p2a: Girafarig\n|-boost|p2a: Girafarig|spa|2\n|\n|-heal|p1a: Shaymin|268/298|[from] item: Leftovers\n|upkeep\n|turn|25\n|\n|t:|1771222510\n|move|p1a: Shaymin|Air Slash|p2a: Girafarig\n|-damage|p2a: Girafarig|156/269\n|move|p2a: Girafarig|Hyper Voice|p1a: Shaymin\n|-damage|p1a: Shaymin|9/298\n|\n|-heal|p1a: Shaymin|27/298|[from] item: Leftovers\n|upkeep\n|turn|26\n|\n|t:|1771222516\n|move|p1a: Shaymin|Air Slash|p2a: Girafarig\n|-damage|p2a: Girafarig|116/269\n|move|p2a: Girafarig|Hyper Voice|p1a: Shaymin\n|-damage|p1a: Shaymin|0 fnt\n|faint|p1a: Shaymin\n|\n|upkeep\n|\n|t:|1771222521\n|switch|p1a: Palafin|Palafin-Hero, L77, M|281/281\n|turn|27\n|\n|t:|1771222525\n|move|p1a: Palafin|Jet Punch|p2a: Girafarig\n|-damage|p2a: Girafarig|19/269\n|move|p2a: Girafarig|Thunderbolt|p1a: Palafin\n|-supereffective|p1a: Palafin\n|-damage|p1a: Palafin|0 fnt\n|faint|p1a: Palafin\n|\n|win|Victory Victreebel\n|raw|Tt2041's rating: 1772 &rarr; <strong>1749</strong><br />(-23 for losing)\n|raw|Victory Victreebel's rating: 1721 &rarr; <strong>1744</strong><br />(+23 for winning)\n", "inputlog": ">version 686819e5e19f8a7fd2345cfc5a08a5085efa2cc3\n>start {\"formatid\":\"gen9randombattle\",\"seed\":\"sodium,1581e6e2eae029ce3b0a3a8a03ec4a67\",\"rated\":\"Rated battle\"}\n>player p1 {\"name\":\"Tt2041\",\"avatar\":\"2\",\"rating\":1772,\"seed\":\"sodium,feaaa446897f37ce88d9de68cdf69c3d\"}\n>player p2 {\"name\":\"Victory Victreebel\",\"avatar\":\"bugcatcher-gen4dp\",\"rating\":1721,\"seed\":\"sodium,d6e75f20c4ffbaa5d95765641da99378\"}\n>p1 move swordsdance\n>p2 move thunderwave\n>p1 move leafblade\n>p2 switch 3\n>p1 switch 2\n>p2 move flareblitz\n>p1 move liquidation\n>p2 move flareblitz\n>p1 switch 5\n>p2 switch 6\n>p1 move flipturn\n>p2 move knockoff\n>p1 switch 2\n>p1 move triplearrows\n>p2 move poisonjab\n>p1 move triplearrows\n>p2 move drainpunch\n>p1 move triplearrows\n>p2 move drainpunch\n>p1 switch 2\n>p1 move flipturn\n>p2 switch 5\n>p1 switch 6\n>p1 move psyshock\n>p2 move toxic\n>p1 move moonblast\n>p2 switch 3\n>p1 move calmmind\n>p2 move seismictoss\n>p1 move psyshock\n>p2 move seismictoss\n>p1 switch 6\n>p2 move softboiled\n>p1 move closecombat\n>p2 move thunderwave\n>p2 switch 3\n>p1 switch 6\n>p2 move gigadrain\n>p1 switch 6\n>p1 move jetpunch\n>p2 move gigadrain\n>p2 switch 5\n>p1 switch 4\n>p2 move poisonjab\n>p1 move closecombat\n>p2 move drainpunch\n>p2 switch 2\n>p1 move aquastep\n>p2 move thunderbolt\n>p1 switch 3\n>p1 move seedflare\n>p2 switch 4\n>p1 move seedflare\n>p2 move flashcannon\n>p1 move earthpower terastallize\n>p2 switch 4\n>p1 move seedflare\n>p2 move nastyplot\n>p1 move airslash\n>p2 move hypervoice\n>p1 move airslash\n>p2 move hypervoice\n>p1 switch 4\n>p1 move jetpunch\n>p2 move thunderbolt", "uploadtime": 1771222529, "views": 12, "formatid": "gen9randombattle", "rating": 1744, "private": 0, "password": null}