{"id": "gen9randombattle-2540920256", "format": "[Gen 9] Random Battle", "players": ["HuzzSlayerGoonKing", "7thfrontier"], "log": "|j|☆HuzzSlayerGoonKing\n|j|☆7thfrontier\n|t:|1771267234\n|gametype|singles\n|player|p1|HuzzSlayerGoonKing|dawn|1762\n|player|p2|7thfrontier|265|1738\n|gen|9\n|tier|[Gen 9] Random Battle\n|rated|\n|rule|Species Clause: Limit one of each Pokémon\n|rule|HP Percentage Mod: HP is shown in percentages\n|rule|Sleep Clause Mod: Limit one foe put to sleep\n|rule|Illusion Level Mod: Illusion disguises the Pokémon's true level\n|\n|t:|1771267234\n|teamsize|p1|6\n|teamsize|p2|6\n|start\n|switch|p1a: Slowking|Slowking-Galar, L85, F|300/300\n|switch|p2a: Victreebel|Victreebel, L90, M|290/290\n|turn|1\n|inactive|Battle timer is ON: inactive players will automatically lose when time's up. (requested by HuzzSlayerGoonKing)\n|inactive|7thfrontier has 120 seconds left.\n|inactive|7thfrontier has 90 seconds left.\n|inactive|7thfrontier has 60 seconds left.\n|\n|t:|1771267341\n|switch|p2a: Glastrier|Glastrier, L86|312/312\n|move|p1a: Slowking|Psyshock|p2a: Glastrier\n|-damage|p2a: Glastrier|239/312\n|\n|upkeep\n|turn|2\n|inactive|HuzzSlayerGoonKing has 120 seconds left.\n|\n|t:|1771267401\n|move|p2a: Glastrier|Icicle Crash|p1a: Slowking\n|-damage|p1a: Slowking|162/300\n|move|p1a: Slowking|Sludge Bomb|p2a: Glastrier\n|-damage|p2a: Glastrier|143/312\n|\n|upkeep\n|turn|3\n|\n|t:|1771267415\n|switch|p1a: Golduck|Golduck, L90, F|290/290\n|-ability|p1a: Golduck|Cloud Nine\n|move|p2a: Glastrier|Heavy Slam|p1a: Golduck\n|-resisted|p1a: Golduck\n|-damage|p1a: Golduck|223/290\n|\n|-heal|p1a: Golduck|241/290|[from] item: Leftovers\n|upkeep\n|turn|4\n|\n|t:|1771267422\n|switch|p2a: Azumarill|Azumarill, L82, F|298/298\n|move|p1a: Golduck|Nasty Plot|p1a: Golduck\n|-boost|p1a: Golduck|spa|2\n|\n|-heal|p1a: Golduck|259/290|[from] item: Leftovers\n|upkeep\n|turn|5\n|inactive|HuzzSlayerGoonKing has 90 seconds left.\n|inactive|HuzzSlayerGoonKing has 60 seconds left.\n|\n|t:|1771267495\n|move|p1a: Golduck|Hydro Pump|p2a: Azumarill\n|-resisted|p2a: Azumarill\n|-damage|p2a: Azumarill|152/298\n|move|p2a: Azumarill|Play Rough|p1a: Golduck\n|-damage|p1a: Golduck|82/290\n|\n|-heal|p1a: Golduck|100/290|[from] item: Leftovers\n|upkeep\n|turn|6\n|\n|t:|1771267513\n|move|p1a: Golduck|Hydro Pump|p2a: Azumarill\n|-resisted|p2a: Azumarill\n|-damage|p2a: Azumarill|11/298\n|move|p2a: Azumarill|Play Rough|p1a: Golduck\n|-damage|p1a: Golduck|0 fnt\n|faint|p1a: Golduck\n|\n|upkeep\n|\n|t:|1771267520\n|switch|p1a: Slowking|Slowking-Galar, L85, F|262/300\n|turn|7\n|\n|t:|1771267534\n|switch|p2a: Glastrier|Glastrier, L86|143/312\n|move|p1a: Slowking|Psyshock|p2a: Glastrier\n|-damage|p2a: Glastrier|79/312\n|\n|upkeep\n|turn|8\n|inactive|HuzzSlayerGoonKing has 60 seconds left.\n|\n|t:|1771267555\n|move|p2a: Glastrier|Icicle Crash|p1a: Slowking\n|-damage|p1a: Slowking|120/300\n|move|p1a: Slowking|Sludge Bomb|p2a: Glastrier\n|-damage|p2a: Glastrier|0 fnt\n|faint|p2a: Glastrier\n|\n|upkeep\n|\n|t:|1771267562\n|switch|p2a: Azumarill|Azumarill, L82, F|11/298\n|turn|9\n|\n|t:|1771267566\n|move|p2a: Azumarill|Knock Off|p1a: Slowking\n|-supereffective|p1a: Slowking\n|-crit|p1a: Slowking\n|-damage|p1a: Slowking|0 fnt\n|-enditem|p1a: Slowking|Heavy-Duty Boots|[from] move: Knock Off|[of] p2a: Azumarill\n|faint|p1a: Slowking\n|\n|upkeep\n|\n|t:|1771267573\n|switch|p1a: Dedenne|Dedenne, L88, F|261/261\n|turn|10\n|\n|t:|1771267579\n|switch|p2a: Victreebel|Victreebel, L90, M|290/290\n|move|p1a: Dedenne|Thunderbolt|p2a: Victreebel\n|-resisted|p2a: Victreebel\n|-damage|p2a: Victreebel|241/290\n|\n|upkeep\n|turn|11\n|inactive|HuzzSlayerGoonKing has 60 seconds left.\n|\n|t:|1771267629\n|move|p1a: Dedenne|Nuzzle|p2a: Victreebel\n|-resisted|p2a: Victreebel\n|-damage|p2a: Victreebel|230/290\n|-status|p2a: Victreebel|par\n|cant|p2a: Victreebel|par\n|\n|upkeep\n|turn|12\n|\n|t:|1771267636\n|switch|p1a: Sableye|Sableye, L88, M|231/231\n|move|p2a: Victreebel|Sludge Wave|p1a: Sableye\n|-resisted|p1a: Sableye\n|-damage|p1a: Sableye|131/231\n|-damage|p2a: Victreebel|201/290 par|[from] item: Life Orb\n|\n|-heal|p1a: Sableye|145/231|[from] item: Leftovers\n|upkeep\n|turn|13\n|\n|t:|1771267649\n|switch|p2a: Dedenne|Dedenne, L88, F|261/261\n|move|p1a: Sableye|Knock Off|p2a: Dedenne\n|-resisted|p2a: Dedenne\n|-damage|p2a: Dedenne|203/261\n|-enditem|p2a: Dedenne|Sitrus Berry|[from] move: Knock Off|[of] p1a: Sableye\n|\n|-heal|p1a: Sableye|159/231|[from] item: Leftovers\n|upkeep\n|turn|14\n|\n|t:|1771267653\n|switch|p1a: Rhydon|Rhydon, L85, F|317/317\n|move|p2a: Dedenne|Dazzling Gleam|p1a: Rhydon\n|-damage|p1a: Rhydon|235/317\n|\n|upkeep\n|turn|15\n|\n|t:|1771267659\n|move|p2a: Dedenne|U-turn|p1a: Rhydon\n|-damage|p1a: Rhydon|216/317\n|\n|t:|1771267661\n|switch|p2a: Chesnaught|Chesnaught, L84, M|285/285|[from] U-turn\n|move|p1a: Rhydon|Earthquake|p2a: Chesnaught\n|-resisted|p2a: Chesnaught\n|-damage|p2a: Chesnaught|234/285\n|\n|-heal|p2a: Chesnaught|251/285|[from] item: Leftovers\n|upkeep\n|turn|16\n|\n|t:|1771267667\n|switch|p1a: Vikavolt|Vikavolt, L83, F|263/263\n|move|p2a: Chesnaught|Wood Hammer|p1a: Vikavolt\n|-resisted|p1a: Vikavolt\n|-damage|p1a: Vikavolt|197/263\n|-damage|p2a: Chesnaught|229/285|[from] Recoil\n|\n|-heal|p2a: Chesnaught|246/285|[from] item: Leftovers\n|upkeep\n|turn|17\n|\n|t:|1771267682\n|switch|p2a: Victreebel|Victreebel, L90, M|201/290 par\n|move|p1a: Vikavolt|Bug Buzz|p2a: Victreebel\n|-damage|p2a: Victreebel|69/290 par\n|\n|upkeep\n|turn|18\n|inactive|HuzzSlayerGoonKing has 90 seconds left.\n|\n|t:|1771267688\n|move|p1a: Vikavolt|Bug Buzz|p2a: Victreebel\n|-damage|p2a: Victreebel|0 fnt\n|faint|p2a: Victreebel\n|\n|upkeep\n|\n|t:|1771267690\n|switch|p2a: Azumarill|Azumarill, L82, F|11/298\n|turn|19\n|\n|t:|1771267694\n|move|p2a: Azumarill|Liquidation|p1a: Vikavolt\n|-damage|p1a: Vikavolt|38/263\n|move|p1a: Vikavolt|Discharge|p2a: Azumarill\n|-supereffective|p2a: Azumarill\n|-damage|p2a: Azumarill|0 fnt\n|faint|p2a: Azumarill\n|\n|upkeep\n|\n|t:|1771267710\n|switch|p2a: Dedenne|Dedenne, L88, F|203/261\n|turn|20\n|\n|t:|1771267713\n|move|p2a: Dedenne|Dazzling Gleam|p1a: Vikavolt\n|-damage|p1a: Vikavolt|0 fnt\n|faint|p1a: Vikavolt\n|\n|upkeep\n|\n|t:|1771267716\n|switch|p1a: Rhydon|Rhydon, L85, F|216/317\n|turn|21\n|\n|t:|1771267735\n|move|p2a: Dedenne|U-turn|p1a: Rhydon\n|-damage|p1a: Rhydon|196/317\n|\n|t:|1771267737\n|switch|p2a: Chesnaught|Chesnaught, L84, M|246/285|[from] U-turn\n|move|p1a: Rhydon|Megahorn|p2a: Chesnaught\n|-damage|p2a: Chesnaught|166/285\n|\n|-heal|p2a: Chesnaught|183/285|[from] item: Leftovers\n|upkeep\n|turn|22\n|\n|t:|1771267747\n|switch|p1a: Sableye|Sableye, L88, M|159/231\n|move|p2a: Chesnaught|Wood Hammer|p1a: Sableye\n|-damage|p1a: Sableye|5/231\n|-damage|p2a: Chesnaught|132/285|[from] Recoil\n|\n|-heal|p2a: Chesnaught|149/285|[from] item: Leftovers\n|-heal|p1a: Sableye|19/231|[from] item: Leftovers\n|upkeep\n|turn|23\n|\n|t:|1771267762\n|switch|p2a: Dedenne|Dedenne, L88, F|203/261\n|move|p1a: Sableye|Thunder Wave|p2a: Dedenne\n|-immune|p2a: Dedenne\n|\n|-heal|p1a: Sableye|33/231|[from] item: Leftovers\n|upkeep\n|turn|24\n|\n|t:|1771267791\n|switch|p1a: Rhydon|Rhydon, L85, F|196/317\n|move|p2a: Dedenne|Dazzling Gleam|p1a: Rhydon\n|-damage|p1a: Rhydon|117/317\n|\n|upkeep\n|turn|25\n|\n|t:|1771267803\n|move|p2a: Dedenne|U-turn|p1a: Rhydon\n|-damage|p1a: Rhydon|96/317\n|\n|t:|1771267804\n|switch|p2a: Chesnaught|Chesnaught, L84, M|149/285|[from] U-turn\n|move|p1a: Rhydon|Earthquake|p2a: Chesnaught\n|-resisted|p2a: Chesnaught\n|-damage|p2a: Chesnaught|95/285\n|\n|-heal|p2a: Chesnaught|112/285|[from] item: Leftovers\n|upkeep\n|turn|26\n|\n|t:|1771267810\n|switch|p1a: Sableye|Sableye, L88, M|33/231\n|move|p2a: Chesnaught|Synthesis|p2a: Chesnaught\n|-heal|p2a: Chesnaught|254/285\n|\n|-heal|p2a: Chesnaught|271/285|[from] item: Leftovers\n|-heal|p1a: Sableye|47/231|[from] item: Leftovers\n|upkeep\n|turn|27\n|\n|t:|1771267840\n|switch|p2a: Dedenne|Dedenne, L88, F|203/261\n|move|p1a: Sableye|Recover|p1a: Sableye\n|-heal|p1a: Sableye|163/231\n|\n|-heal|p1a: Sableye|177/231|[from] item: Leftovers\n|upkeep\n|turn|28\n|\n|t:|1771267859\n|switch|p1a: Dedenne|Dedenne, L88, F|261/261\n|move|p2a: Dedenne|Dazzling Gleam|p1a: Dedenne\n|-damage|p1a: Dedenne|173/261\n|\n|upkeep\n|turn|29\n|\n|t:|1771267874\n|switch|p2a: Slowking|Slowking-Galar, L85, F|300/300\n|move|p1a: Dedenne|Dazzling Gleam|p2a: Slowking\n|-resisted|p2a: Slowking\n|-damage|p2a: Slowking|264/300\n|\n|-heal|p2a: Slowking|282/300|[from] item: Leftovers\n|upkeep\n|turn|30\n|\n|t:|1771267881\n|switch|p1a: Sableye|Sableye, L88, M|177/231\n|move|p2a: Slowking|Sludge Bomb|p1a: Sableye\n|-resisted|p1a: Sableye\n|-damage|p1a: Sableye|111/231\n|\n|-heal|p1a: Sableye|125/231|[from] item: Leftovers\n|-heal|p2a: Slowking|300/300|[from] item: Leftovers\n|upkeep\n|turn|31\n|\n|t:|1771267894\n|move|p1a: Sableye|Knock Off|p2a: Slowking\n|-supereffective|p2a: Slowking\n|-damage|p2a: Slowking|84/300\n|-enditem|p2a: Slowking|Leftovers|[from] move: Knock Off|[of] p1a: Sableye\n|move|p2a: Slowking|Thunder Wave|p1a: Sableye\n|-status|p1a: Sableye|par\n|\n|-heal|p1a: Sableye|139/231 par|[from] item: Leftovers\n|upkeep\n|turn|32\n|\n|t:|1771267899\n|switch|p2a: Dedenne|Dedenne, L88, F|203/261\n|move|p1a: Sableye|Thunder Wave|p2a: Dedenne\n|-immune|p2a: Dedenne\n|\n|-heal|p1a: Sableye|153/231 par|[from] item: Leftovers\n|upkeep\n|turn|33\n|\n|t:|1771267907\n|switch|p1a: Rhydon|Rhydon, L85, F|96/317\n|move|p2a: Dedenne|Dazzling Gleam|p1a: Rhydon\n|-damage|p1a: Rhydon|11/317\n|\n|upkeep\n|turn|34\n|\n|t:|1771267912\n|move|p2a: Dedenne|Dazzling Gleam|p1a: Rhydon\n|-damage|p1a: Rhydon|0 fnt\n|faint|p1a: Rhydon\n|\n|upkeep\n|\n|t:|1771267915\n|switch|p1a: Dedenne|Dedenne, L88, F|173/261\n|turn|35\n|\n|t:|1771267921\n|switch|p2a: Slowking|Slowking-Galar, L85, F|184/300\n|move|p1a: Dedenne|Thunderbolt|p2a: Slowking\n|-damage|p2a: Slowking|103/300\n|\n|upkeep\n|turn|36\n|\n|t:|1771267926\n|move|p1a: Dedenne|Thunderbolt|p2a: Slowking\n|-damage|p2a: Slowking|25/300\n|-status|p2a: Slowking|par\n|cant|p2a: Slowking|par\n|\n|upkeep\n|turn|37\n|\n|t:|1771267947\n|switch|p2a: Dedenne|Dedenne, L88, F|203/261\n|move|p1a: Dedenne|Dazzling Gleam|p2a: Dedenne\n|-damage|p2a: Dedenne|103/261\n|\n|upkeep\n|turn|38\n|\n|t:|1771267952\n|move|p1a: Dedenne|Dazzling Gleam|p2a: Dedenne\n|-damage|p2a: Dedenne|9/261\n|move|p2a: Dedenne|Dazzling Gleam|p1a: Dedenne\n|-damage|p1a: Dedenne|73/261\n|-enditem|p1a: Dedenne|Sitrus Berry|[eat]\n|-heal|p1a: Dedenne|138/261|[from] item: Sitrus Berry\n|-heal|p1a: Dedenne|225/261|[from] ability: Cheek Pouch\n|\n|upkeep\n|turn|39\n|\n|t:|1771267958\n|move|p1a: Dedenne|Dazzling Gleam|p2a: Dedenne\n|-damage|p2a: Dedenne|0 fnt\n|faint|p2a: Dedenne\n|\n|upkeep\n|\n|t:|1771267961\n|switch|p2a: Slowking|Slowking-Galar, L85, F|125/300 par\n|turn|40\n|\n|t:|1771267963\n|-terastallize|p1a: Dedenne|Flying\n|move|p1a: Dedenne|Thunderbolt|p2a: Slowking\n|-damage|p2a: Slowking|52/300 par\n|move|p2a: Slowking|Sludge Bomb|p1a: Dedenne\n|-damage|p1a: Dedenne|86/261\n|\n|upkeep\n|turn|41\n|\n|t:|1771267978\n|move|p1a: Dedenne|Thunderbolt|p2a: Slowking\n|-damage|p2a: Slowking|0 fnt\n|faint|p2a: Slowking\n|\n|upkeep\n|\n|t:|1771267979\n|switch|p2a: Chesnaught|Chesnaught, L84, M|271/285\n|turn|42\n|\n|t:|1771267998\n|move|p1a: Dedenne|Dazzling Gleam|p2a: Chesnaught\n|-supereffective|p2a: Chesnaught\n|-damage|p2a: Chesnaught|97/285\n|move|p2a: Chesnaught|Wood Hammer|p1a: Dedenne\n|-resisted|p1a: Dedenne\n|-damage|p1a: Dedenne|2/261\n|-damage|p2a: Chesnaught|69/285|[from] Recoil\n|\n|-heal|p2a: Chesnaught|86/285|[from] item: Leftovers\n|upkeep\n|turn|43\n|c|☆HuzzSlayerGoonKing|gg\n|-message|7thfrontier forfeited.\n|\n|win|HuzzSlayerGoonKing\n|raw|HuzzSlayerGoonKing's rating: 1762 &rarr; <strong>1779</strong><br />(+17 for winning)\n|raw|7thfrontier's rating: 1717 &rarr; <strong>1700</strong><br />(-17 for losing)\n|l|☆7thfrontier\n|player|p2|\n", "inputlog": ">version 686819e5e19f8a7fd2345cfc5a08a5085efa2cc3\n>start {\"formatid\":\"gen9randombattle\",\"seed\":\"sodium,42f190bf7e962315e06c855ba68756eb\",\"rated\":\"Rated battle\"}\n>player p1 {\"name\":\"HuzzSlayerGoonKing\",\"avatar\":\"dawn\",\"rating\":1762,\"seed\":\"sodium,509bf40efe9bbce7d1b779a5391cf0bd\"}\n>player p2 {\"name\":\"7thfrontier\",\"avatar\":\"265\",\"rating\":1738,\"seed\":\"sodium,5dcf8088664e65e10afacce0fc3f5850\"}\n>p1 move psyshock\n>p2 switch 3\n>p1 move sludgebomb\n>p2 move iciclecrash\n>p1 switch 2\n>p2 move heavyslam\n>p1 move nastyplot\n>p2 switch 5\n>p1 move hydropump\n>p2 move playrough\n>p1 move hydropump\n>p2 move playrough\n>p1 switch 2\n>p1 move psyshock\n>p2 switch 5\n>p1 move sludgebomb\n>p2 move iciclecrash\n>p2 switch 5\n>p1 move psyshock\n>p2 move knockoff\n>p1 switch 5\n>p1 move thunderbolt\n>p2 switch 3\n>p1 move nuzzle\n>p2 move sunnyday\n>p1 switch 6\n>p2 move sludgewave\n>p1 move knockoff\n>p2 switch 6\n>p1 switch 3\n>p2 move dazzlinggleam\n>p1 move earthquake\n>p2 move uturn\n>p2 switch 4\n>p1 switch 4\n>p2 move woodhammer\n>p1 move bugbuzz\n>p2 switch 6\n>p1 move bugbuzz\n>p2 move sludgewave\n>p2 switch 3\n>p1 move discharge\n>p2 move liquidation\n>p2 switch 4\n>p1 move bugbuzz\n>p2 move dazzlinggleam\n>p1 switch 4\n>p1 move megahorn\n>p2 move uturn\n>p2 switch 6\n>p1 switch 3\n>p2 move woodhammer\n>p1 move thunderwave\n>p2 switch 6\n>p1 switch 3\n>p2 move dazzlinggleam\n>p1 move earthquake\n>p2 move uturn\n>p2 switch 6\n>p1 switch 3\n>p2 move synthesis\n>p1 move recover\n>p2 switch 6\n>p1 switch 6\n>p2 move dazzlinggleam\n>p1 move dazzlinggleam\n>p2 switch 2\n>p1 switch 6\n>p2 move sludgebomb\n>p1 move knockoff\n>p2 move thunderwave\n>p1 move thunderwave\n>p2 switch 2\n>p1 switch 3\n>p2 move dazzlinggleam\n>p1 move earthquake\n>p2 move dazzlinggleam\n>p1 switch 6\n>p1 move thunderbolt\n>p2 switch 2\n>p1 move thunderbolt\n>p2 move slackoff\n>p1 move dazzlinggleam\n>p2 switch 2\n>p1 move dazzlinggleam\n>p2 move dazzlinggleam\n>p1 move dazzlinggleam\n>p2 move dazzlinggleam\n>p2 switch 2\n>p1 move thunderbolt terastallize\n>p2 move sludgebomb\n>p1 move thunderbolt\n>p2 move sludgebomb\n>p2 switch 6\n>p1 move dazzlinggleam\n>p2 move woodhammer\n>chat ☆HuzzSlayerGoonKing|gg\n>forcelose p2", "uploadtime": 1771268010, "views": 2, "formatid": "gen9randombattle", "rating": 1700, "private": 0, "password": null}