{"id": "gen9randombattle-2540403086", "format": "[Gen 9] Random Battle", "players": ["Geophpheri", "Envymeta_TTV"], "log": "|j|☆Geophpheri\n|j|☆Envymeta_TTV\n|t:|1771197746\n|gametype|singles\n|player|p1|Geophpheri|ghetsis-gen5bw|1903\n|player|p2|Envymeta_TTV|cynthia|1927\n|gen|9\n|tier|[Gen 9] Random Battle\n|rated|\n|rule|Species Clause: Limit one of each Pokémon\n|rule|HP Percentage Mod: HP is shown in percentages\n|rule|Sleep Clause Mod: Limit one foe put to sleep\n|rule|Illusion Level Mod: Illusion disguises the Pokémon's true level\n|\n|t:|1771197746\n|teamsize|p1|6\n|teamsize|p2|6\n|start\n|switch|p1a: Chesnaught|Chesnaught, L84, F|285/285\n|switch|p2a: Pincurchin|Pincurchin, M|258/258\n|-fieldstart|move: Electric Terrain|[from] ability: Electric Surge|[of] p2a: Pincurchin\n|turn|1\n|inactive|Battle timer is ON: inactive players will automatically lose when time's up. (requested by Geophpheri)\n|\n|t:|1771197754\n|switch|p2a: Armarouge|Armarouge, L80, F|267/267\n|move|p1a: Chesnaught|Knock Off|p2a: Armarouge\n|-supereffective|p2a: Armarouge\n|-damage|p2a: Armarouge|123/267\n|-ability|p2a: Armarouge|Weak Armor|boost\n|-unboost|p2a: Armarouge|def|1\n|-boost|p2a: Armarouge|spe|2\n|-enditem|p2a: Armarouge|Power Herb|[from] move: Knock Off|[of] p1a: Chesnaught\n|\n|upkeep\n|turn|2\n|\n|t:|1771197764\n|switch|p1a: Muk|Muk-Alola, L82, M|306/306\n|move|p2a: Armarouge|Meteor Beam||[still]\n|-prepare|p2a: Armarouge|Meteor Beam\n|-boost|p2a: Armarouge|spa|1\n|\n|upkeep\n|turn|3\n|\n|t:|1771197771\n|move|p1a: Muk|Shadow Sneak|p2a: Armarouge\n|-supereffective|p2a: Armarouge\n|-damage|p2a: Armarouge|45/267\n|-ability|p2a: Armarouge|Weak Armor|boost\n|-unboost|p2a: Armarouge|def|1\n|-boost|p2a: Armarouge|spe|2\n|move|p2a: Armarouge|Meteor Beam|p1a: Muk|[from] lockedmove\n|-damage|p1a: Muk|214/306\n|\n|upkeep\n|turn|4\n|\n|t:|1771197780\n|switch|p2a: Regirock|Regirock, L83|268/268\n|move|p1a: Muk|Shadow Sneak|p2a: Regirock\n|-damage|p2a: Regirock|254/268\n|\n|-heal|p2a: Regirock|268/268|[from] item: Leftovers\n|upkeep\n|turn|5\n|\n|t:|1771197786\n|move|p2a: Regirock|Stealth Rock|p1a: Muk\n|-sidestart|p1: Geophpheri|move: Stealth Rock\n|move|p1a: Muk|Knock Off|p2a: Regirock\n|-damage|p2a: Regirock|217/268\n|-status|p2a: Regirock|psn|[from] ability: Poison Touch|[of] p1a: Muk\n|-enditem|p2a: Regirock|Leftovers|[from] move: Knock Off|[of] p1a: Muk\n|\n|-damage|p2a: Regirock|184/268 psn|[from] psn\n|-fieldend|move: Electric Terrain\n|upkeep\n|turn|6\n|\n|t:|1771197792\n|move|p2a: Regirock|Thunder Wave|p1a: Muk\n|-status|p1a: Muk|par\n|cant|p1a: Muk|par\n|\n|-damage|p2a: Regirock|151/268 psn|[from] psn\n|upkeep\n|turn|7\n|\n|t:|1771197797\n|move|p2a: Regirock|Stone Edge|p1a: Muk\n|-damage|p1a: Muk|81/306 par\n|move|p1a: Muk|Drain Punch|p2a: Regirock\n|-supereffective|p2a: Regirock\n|-damage|p2a: Regirock|95/268 psn\n|-heal|p1a: Muk|109/306 par|[from] drain|[of] p2a: Regirock\n|\n|-damage|p2a: Regirock|62/268 psn|[from] psn\n|upkeep\n|turn|8\n|\n|t:|1771197804\n|move|p1a: Muk|Shadow Sneak|p2a: Regirock\n|-damage|p2a: Regirock|47/268 psn\n|move|p2a: Regirock|Body Press|p1a: Muk\n|-damage|p1a: Muk|0 fnt\n|faint|p1a: Muk\n|\n|-damage|p2a: Regirock|14/268 psn|[from] psn\n|upkeep\n|\n|t:|1771197816\n|switch|p1a: Chesnaught|Chesnaught, L84, F|285/285\n|-damage|p1a: Chesnaught|268/285|[from] Stealth Rock\n|turn|9\n|\n|t:|1771197819\n|move|p1a: Chesnaught|Knock Off|p2a: Regirock\n|-damage|p2a: Regirock|0 fnt\n|faint|p2a: Regirock\n|\n|-heal|p1a: Chesnaught|285/285|[from] item: Leftovers\n|upkeep\n|\n|t:|1771197827\n|switch|p2a: Armarouge|Armarouge, L80, F|45/267\n|turn|10\n|\n|t:|1771197832\n|switch|p1a: Giratina|Giratina-Origin, L72|335/335\n|-damage|p1a: Giratina|294/335|[from] Stealth Rock\n|move|p2a: Armarouge|Armor Cannon|p1a: Giratina\n|-resisted|p1a: Giratina\n|-damage|p1a: Giratina|222/335\n|-unboost|p2a: Armarouge|def|1\n|-unboost|p2a: Armarouge|spd|1\n|\n|upkeep\n|turn|11\n|\n|t:|1771197848\n|switch|p2a: Regigigas|Regigigas, L84|322/322\n|-start|p2a: Regigigas|ability: Slow Start\n|move|p1a: Giratina|Shadow Sneak|p2a: Regigigas\n|-immune|p2a: Regigigas\n|\n|upkeep\n|turn|12\n|\n|t:|1771197853\n|move|p2a: Regigigas|Protect|p2a: Regigigas\n|-singleturn|p2a: Regigigas|Protect\n|move|p1a: Giratina|Will-O-Wisp|p2a: Regigigas\n|-activate|p2a: Regigigas|move: Protect\n|\n|upkeep\n|turn|13\n|\n|t:|1771197860\n|switch|p2a: Armarouge|Armarouge, L80, F|45/267\n|move|p1a: Giratina|Will-O-Wisp|p2a: Armarouge\n|-immune|p2a: Armarouge\n|\n|upkeep\n|turn|14\n|\n|t:|1771197881\n|move|p1a: Giratina|Shadow Sneak|p2a: Armarouge\n|-supereffective|p2a: Armarouge\n|-damage|p2a: Armarouge|0 fnt\n|faint|p2a: Armarouge\n|\n|upkeep\n|\n|t:|1771197882\n|switch|p2a: Mimikyu|Mimikyu, L79, F|216/216\n|turn|15\n|\n|t:|1771197886\n|move|p2a: Mimikyu|Shadow Claw|p1a: Giratina\n|-supereffective|p1a: Giratina\n|-damage|p1a: Giratina|56/335\n|-damage|p2a: Mimikyu|195/216|[from] item: Life Orb\n|move|p1a: Giratina|Will-O-Wisp|p2a: Mimikyu\n|-status|p2a: Mimikyu|brn\n|\n|-damage|p2a: Mimikyu|182/216 brn|[from] brn\n|upkeep\n|turn|16\n|\n|t:|1771197892\n|switch|p1a: Granbull|Granbull, L88, M|302/302\n|-damage|p1a: Granbull|265/302|[from] Stealth Rock\n|-ability|p1a: Granbull|Intimidate|boost\n|-unboost|p2a: Mimikyu|atk|1\n|move|p2a: Mimikyu|Swords Dance|p2a: Mimikyu\n|-boost|p2a: Mimikyu|atk|2\n|\n|-heal|p1a: Granbull|283/302|[from] item: Leftovers\n|-damage|p2a: Mimikyu|169/216 brn|[from] brn\n|upkeep\n|turn|17\n|\n|t:|1771197904\n|move|p2a: Mimikyu|Swords Dance|p2a: Mimikyu\n|-boost|p2a: Mimikyu|atk|2\n|move|p1a: Granbull|Play Rough|p2a: Mimikyu\n|-activate|p2a: Mimikyu|ability: Disguise\n|-damage|p2a: Mimikyu|169/216 brn\n|detailschange|p2a: Mimikyu|Mimikyu-Busted, L79, F\n|-damage|p2a: Mimikyu|142/216 brn|[from] pokemon: Mimikyu-Busted\n|\n|-heal|p1a: Granbull|301/302|[from] item: Leftovers\n|-damage|p2a: Mimikyu|129/216 brn|[from] brn\n|upkeep\n|turn|18\n|\n|t:|1771197909\n|move|p2a: Mimikyu|Play Rough|p1a: Granbull\n|-damage|p1a: Granbull|163/302\n|-unboost|p1a: Granbull|atk|1\n|-damage|p2a: Mimikyu|108/216 brn|[from] item: Life Orb\n|move|p1a: Granbull|Play Rough|p2a: Mimikyu\n|-damage|p2a: Mimikyu|11/216 brn\n|\n|-heal|p1a: Granbull|181/302|[from] item: Leftovers\n|-damage|p2a: Mimikyu|0 fnt|[from] brn\n|faint|p2a: Mimikyu\n|upkeep\n|\n|t:|1771197913\n|switch|p2a: Scizor|Scizor, L79, F|240/240\n|turn|19\n|\n|t:|1771197917\n|move|p2a: Scizor|Bullet Punch|p1a: Granbull\n|-supereffective|p1a: Granbull\n|-damage|p1a: Granbull|29/302\n|move|p1a: Granbull|Thunder Wave|p2a: Scizor|[miss]\n|-miss|p1a: Granbull|p2a: Scizor\n|\n|-heal|p1a: Granbull|47/302|[from] item: Leftovers\n|upkeep\n|turn|20\n|\n|t:|1771197937\n|move|p2a: Scizor|Bullet Punch|p1a: Granbull\n|-supereffective|p1a: Granbull\n|-damage|p1a: Granbull|0 fnt\n|faint|p1a: Granbull\n|\n|upkeep\n|\n|t:|1771197939\n|switch|p1a: Zebstrika|Zebstrika, L87, M|272/272\n|-damage|p1a: Zebstrika|238/272|[from] Stealth Rock\n|turn|21\n|\n|t:|1771197948\n|switch|p2a: Pincurchin|Pincurchin, M|258/258\n|-fieldstart|move: Electric Terrain|[from] ability: Electric Surge|[of] p2a: Pincurchin\n|move|p1a: Zebstrika|Overheat|p2a: Pincurchin\n|-damage|p2a: Pincurchin|166/258\n|-unboost|p1a: Zebstrika|spa|2\n|-damage|p1a: Zebstrika|211/272|[from] item: Life Orb\n|\n|-heal|p2a: Pincurchin|182/258|[from] item: Leftovers\n|upkeep\n|turn|22\n|\n|t:|1771197975\n|switch|p2a: Regigigas|Regigigas, L84|322/322\n|-start|p2a: Regigigas|ability: Slow Start\n|move|p1a: Zebstrika|High Horsepower|p2a: Regigigas\n|-damage|p2a: Regigigas|239/322\n|-damage|p1a: Zebstrika|184/272|[from] item: Life Orb\n|\n|-heal|p2a: Regigigas|259/322|[from] item: Leftovers\n|upkeep\n|turn|23\n|\n|t:|1771197980\n|move|p1a: Zebstrika|Volt Switch|p2a: Regigigas\n|-damage|p2a: Regigigas|211/322\n|-damage|p1a: Zebstrika|157/272|[from] item: Life Orb\n|\n|t:|1771197983\n|switch|p1a: Giratina|Giratina-Origin, L72|56/335|[from] Volt Switch\n|-damage|p1a: Giratina|15/335|[from] Stealth Rock\n|move|p2a: Regigigas|Substitute|p2a: Regigigas\n|-start|p2a: Regigigas|Substitute\n|-damage|p2a: Regigigas|131/322\n|\n|-heal|p2a: Regigigas|151/322|[from] item: Leftovers\n|upkeep\n|turn|24\n|\n|t:|1771197990\n|move|p2a: Regigigas|Protect|p2a: Regigigas\n|-singleturn|p2a: Regigigas|Protect\n|move|p1a: Giratina|Draco Meteor|p2a: Regigigas\n|-activate|p2a: Regigigas|move: Protect\n|\n|-heal|p2a: Regigigas|171/322|[from] item: Leftovers\n|upkeep\n|turn|25\n|\n|t:|1771197998\n|move|p1a: Giratina|Draco Meteor|p2a: Regigigas\n|-end|p2a: Regigigas|Substitute\n|-unboost|p1a: Giratina|spa|2\n|move|p2a: Regigigas|Substitute|p2a: Regigigas\n|-start|p2a: Regigigas|Substitute\n|-damage|p2a: Regigigas|91/322\n|\n|-heal|p2a: Regigigas|111/322|[from] item: Leftovers\n|-fieldend|move: Electric Terrain\n|upkeep\n|turn|26\n|\n|t:|1771198004\n|move|p1a: Giratina|Draco Meteor|p2a: Regigigas\n|-activate|p2a: Regigigas|move: Substitute|[damage]\n|-unboost|p1a: Giratina|spa|2\n|move|p2a: Regigigas|Knock Off|p1a: Giratina\n|-supereffective|p1a: Giratina\n|-damage|p1a: Giratina|0 fnt\n|faint|p1a: Giratina\n|\n|-heal|p2a: Regigigas|131/322|[from] item: Leftovers\n|upkeep\n|\n|t:|1771198008\n|switch|p1a: Chesnaught|Chesnaught, L84, F|285/285\n|-damage|p1a: Chesnaught|268/285|[from] Stealth Rock\n|turn|27\n|\n|t:|1771198018\n|move|p1a: Chesnaught|Knock Off|p2a: Regigigas\n|-end|p2a: Regigigas|Substitute\n|move|p2a: Regigigas|Body Slam|p1a: Chesnaught\n|-damage|p1a: Chesnaught|211/285\n|\n|-heal|p1a: Chesnaught|228/285|[from] item: Leftovers\n|-heal|p2a: Regigigas|151/322|[from] item: Leftovers\n|-end|p2a: Regigigas|Slow Start\n|upkeep\n|turn|28\n|\n|t:|1771198028\n|move|p2a: Regigigas|Protect|p2a: Regigigas\n|-singleturn|p2a: Regigigas|Protect\n|move|p1a: Chesnaught|Knock Off|p2a: Regigigas\n|-activate|p2a: Regigigas|move: Protect\n|\n|-heal|p2a: Regigigas|171/322|[from] item: Leftovers\n|-heal|p1a: Chesnaught|245/285|[from] item: Leftovers\n|upkeep\n|turn|29\n|\n|t:|1771198035\n|move|p2a: Regigigas|Body Slam|p1a: Chesnaught\n|-damage|p1a: Chesnaught|137/285\n|-status|p1a: Chesnaught|par\n|move|p1a: Chesnaught|Knock Off|p2a: Regigigas\n|-damage|p2a: Regigigas|107/322\n|-enditem|p2a: Regigigas|Leftovers|[from] move: Knock Off|[of] p1a: Chesnaught\n|\n|-heal|p1a: Chesnaught|154/285 par|[from] item: Leftovers\n|upkeep\n|turn|30\n|\n|t:|1771198041\n|move|p2a: Regigigas|Body Slam|p1a: Chesnaught\n|-damage|p1a: Chesnaught|45/285 par\n|move|p1a: Chesnaught|Body Press|p2a: Regigigas\n|-supereffective|p2a: Regigigas\n|-damage|p2a: Regigigas|0 fnt\n|faint|p2a: Regigigas\n|-end|p2a: Regigigas|Slow Start|[silent]\n|\n|-heal|p1a: Chesnaught|62/285 par|[from] item: Leftovers\n|upkeep\n|\n|t:|1771198049\n|switch|p2a: Scizor|Scizor, L79, F|240/240\n|turn|31\n|\n|t:|1771198054\n|move|p2a: Scizor|U-turn|p1a: Chesnaught\n|-damage|p1a: Chesnaught|0 fnt\n|faint|p1a: Chesnaught\n|\n|t:|1771198055\n|switch|p2a: Pincurchin|Pincurchin, M|182/258|[from] U-turn\n|-fieldstart|move: Electric Terrain|[from] ability: Electric Surge|[of] p2a: Pincurchin\n|\n|-heal|p2a: Pincurchin|198/258|[from] item: Leftovers\n|upkeep\n|\n|t:|1771198058\n|switch|p1a: Zebstrika|Zebstrika, L87, M|157/272\n|-damage|p1a: Zebstrika|123/272|[from] Stealth Rock\n|turn|32\n|\n|t:|1771198064\n|move|p1a: Zebstrika|High Horsepower|p2a: Pincurchin\n|-supereffective|p2a: Pincurchin\n|-damage|p2a: Pincurchin|47/258\n|-damage|p1a: Zebstrika|96/272|[from] item: Life Orb\n|move|p2a: Pincurchin|Liquidation|p1a: Zebstrika\n|-damage|p1a: Zebstrika|0 fnt\n|faint|p1a: Zebstrika\n|\n|-heal|p2a: Pincurchin|63/258|[from] item: Leftovers\n|upkeep\n|\n|t:|1771198067\n|switch|p1a: Terrakion|Terrakion, L79|273/273\n|-damage|p1a: Terrakion|256/273|[from] Stealth Rock\n|turn|33\n|\n|t:|1771198073\n|move|p1a: Terrakion|Earthquake|p2a: Pincurchin\n|-supereffective|p2a: Pincurchin\n|-damage|p2a: Pincurchin|0 fnt\n|faint|p2a: Pincurchin\n|-damage|p1a: Terrakion|229/273|[from] item: Life Orb\n|\n|upkeep\n|\n|t:|1771198077\n|switch|p2a: Scizor|Scizor, L79, F|240/240\n|turn|34\n|\n|t:|1771198079\n|-terastallize|p1a: Terrakion|Fighting\n|move|p2a: Scizor|Bullet Punch|p1a: Terrakion\n|-damage|p1a: Terrakion|160/273\n|move|p1a: Terrakion|Close Combat|p2a: Scizor\n|-damage|p2a: Scizor|11/240\n|-unboost|p1a: Terrakion|def|1\n|-unboost|p1a: Terrakion|spd|1\n|-damage|p1a: Terrakion|133/273|[from] item: Life Orb\n|\n|-heal|p2a: Scizor|26/240|[from] item: Leftovers\n|upkeep\n|turn|35\n|\n|t:|1771198087\n|-terastallize|p2a: Scizor|Steel\n|move|p2a: Scizor|Bullet Punch|p1a: Terrakion\n|-damage|p1a: Terrakion|0 fnt\n|faint|p1a: Terrakion\n|\n|win|Envymeta_TTV\n|raw|Geophpheri's rating: 1903 &rarr; <strong>1884</strong><br />(-19 for losing)\n|raw|Envymeta_TTV's rating: 1927 &rarr; <strong>1946</strong><br />(+19 for winning)\n|l|☆Geophpheri\n|player|p1|\n", "inputlog": ">version 686819e5e19f8a7fd2345cfc5a08a5085efa2cc3\n>start {\"formatid\":\"gen9randombattle\",\"seed\":\"sodium,9764208e04e99f21e21336100c230472\",\"rated\":\"Rated battle\"}\n>player p1 {\"name\":\"Geophpheri\",\"avatar\":\"ghetsis-gen5bw\",\"rating\":1903,\"seed\":\"sodium,fdcb3195c6645916cef6c40d0def0b86\"}\n>player p2 {\"name\":\"Envymeta_TTV\",\"avatar\":\"cynthia\",\"rating\":1927,\"seed\":\"sodium,d88c4affa88c8918748d31619e8987d8\"}\n>p1 move knockoff\n>p2 switch 3\n>p1 switch 5\n>p2 move meteorbeam\n>p1 move shadowsneak\n>p2 move meteorbeam\n>p1 move shadowsneak\n>p2 switch 5\n>p1 move knockoff\n>p2 move stealthrock\n>p1 move drainpunch\n>p2 move thunderwave\n>p1 move drainpunch\n>p2 move stoneedge\n>p1 move shadowsneak\n>p2 move bodypress\n>p1 switch 5\n>p1 move knockoff\n>p2 move thunderwave\n>p2 switch 5\n>p1 switch 3\n>p2 move armorcannon\n>p1 move shadowsneak\n>p2 switch 4\n>p1 move willowisp\n>p2 move protect\n>p1 move willowisp\n>p2 switch 4\n>p1 move shadowsneak\n>p2 move psyshock\n>p2 switch 6\n>p1 move willowisp\n>p2 move shadowclaw\n>p1 switch 6\n>p2 move swordsdance\n>p1 move playrough\n>p2 move swordsdance\n>p1 move playrough\n>p2 move playrough\n>p2 switch 2\n>p1 move thunderwave\n>p2 move bulletpunch\n>p1 move playrough\n>p2 move bulletpunch\n>p1 switch 4\n>p1 move overheat\n>p2 switch 3\n>p1 move highhorsepower\n>p2 switch 4\n>p1 move voltswitch\n>p2 move substitute\n>p1 switch 6\n>p1 move dracometeor\n>p2 move protect\n>p1 move dracometeor\n>p2 move substitute\n>p1 move dracometeor\n>p2 move knockoff\n>p1 switch 3\n>p1 move knockoff\n>p2 move bodyslam\n>p1 move knockoff\n>p2 move protect\n>p1 move knockoff\n>p2 move bodyslam\n>p1 move bodypress\n>p2 move bodyslam\n>p2 switch 3\n>p1 move bodypress\n>p2 move uturn\n>p2 switch 4\n>p1 switch 6\n>p1 move highhorsepower\n>p2 move liquidation\n>p1 switch 2\n>p1 move earthquake\n>p2 move liquidation\n>p2 switch 4\n>p1 move closecombat terastallize\n>p2 move bulletpunch\n>p1 move earthquake\n>p2 move bulletpunch terastallize", "uploadtime": 1771198094, "views": 7, "formatid": "gen9randombattle", "rating": 1884, "private": 0, "password": null}