{"id": "gen9randombattle-2540039346", "format": "[Gen 9] Random Battle", "players": ["Jkonek", "KTHAN0S"], "log": "|j|☆Jkonek\n|j|☆KTHAN0S\n|t:|1771150297\n|gametype|singles\n|player|p1|Jkonek|bellelba|1806\n|player|p2|KTHAN0S|hooligans|1836\n|gen|9\n|tier|[Gen 9] Random Battle\n|rated|\n|rule|Species Clause: Limit one of each Pokémon\n|rule|HP Percentage Mod: HP is shown in percentages\n|rule|Sleep Clause Mod: Limit one foe put to sleep\n|rule|Illusion Level Mod: Illusion disguises the Pokémon's true level\n|\n|t:|1771150297\n|teamsize|p1|6\n|teamsize|p2|6\n|start\n|switch|p1a: Eternatus|Eternatus, L69|308/308\n|switch|p2a: Ampharos|Ampharos, L88, M|302/302\n|-ability|p1a: Eternatus|Pressure\n|turn|1\n|inactive|Battle timer is ON: inactive players will automatically lose when time's up. (requested by KTHAN0S)\n|inactive|Jkonek also wants the timer to be on.\n|\n|t:|1771150309\n|move|p1a: Eternatus|Toxic|p2a: Ampharos\n|-status|p2a: Ampharos|tox\n|move|p2a: Ampharos|Dragon Tail|p1a: Eternatus\n|-supereffective|p1a: Eternatus\n|-damage|p1a: Eternatus|220/308\n|drag|p1a: Zangoose|Zangoose, L85, F|263/263\n|\n|-damage|p2a: Ampharos|284/302 tox|[from] psn\n|-status|p1a: Zangoose|tox|[from] item: Toxic Orb\n|upkeep\n|turn|2\n|\n|t:|1771150329\n|move|p1a: Zangoose|Facade|p2a: Ampharos\n|-damage|p2a: Ampharos|46/302 tox\n|move|p2a: Ampharos|Volt Switch|p1a: Zangoose\n|-damage|p1a: Zangoose|152/263 tox\n|inactive|KTHAN0S has 120 seconds left.\n|\n|t:|1771150385\n|switch|p2a: Archaludon|Archaludon, L78, M|268/268|[from] Volt Switch\n|\n|-damage|p1a: Zangoose|136/263 tox|[from] psn\n|upkeep\n|turn|3\n|\n|t:|1771150415\n|switch|p1a: Slowking|Slowking, L88, M|310/310\n|switch|p2a: Salamence|Salamence, L77, M|273/273\n|-ability|p2a: Salamence|Intimidate|boost\n|-unboost|p1a: Slowking|atk|1\n|\n|upkeep\n|turn|4\n|\n|t:|1771150432\n|switch|p2a: Ampharos|Ampharos, L88, M|46/302 tox\n|move|p1a: Slowking|Scald|p2a: Ampharos\n|-crit|p2a: Ampharos\n|-damage|p2a: Ampharos|0 fnt\n|faint|p2a: Ampharos\n|\n|upkeep\n|inactive|KTHAN0S has 90 seconds left.\n|\n|t:|1771150468\n|switch|p2a: Zangoose|Zangoose, L85, M|263/263\n|turn|5\n|inactive|Jkonek has 120 seconds left.\n|\n|t:|1771150510\n|move|p2a: Zangoose|Swords Dance|p2a: Zangoose\n|-boost|p2a: Zangoose|atk|2\n|move|p1a: Slowking|Scald|p2a: Zangoose\n|-damage|p2a: Zangoose|133/263\n|\n|-status|p2a: Zangoose|tox|[from] item: Toxic Orb\n|upkeep\n|turn|6\n|\n|t:|1771150534\n|switch|p1a: Maushold|Maushold, L76|238/238\n|move|p2a: Zangoose|Knock Off|p1a: Maushold\n|-damage|p1a: Maushold|0 fnt\n|-enditem|p1a: Maushold|Wide Lens|[from] move: Knock Off|[of] p2a: Zangoose\n|faint|p1a: Maushold\n|\n|-damage|p2a: Zangoose|117/263 tox|[from] psn\n|upkeep\n|\n|t:|1771150547\n|switch|p1a: Eternatus|Eternatus, L69|220/308\n|-ability|p1a: Eternatus|Pressure\n|turn|7\n|\n|t:|1771150555\n|-terastallize|p2a: Zangoose|Normal\n|move|p2a: Zangoose|Quick Attack|p1a: Eternatus\n|-damage|p1a: Eternatus|0 fnt\n|faint|p1a: Eternatus\n|\n|-damage|p2a: Zangoose|85/263 tox|[from] psn\n|upkeep\n|\n|t:|1771150563\n|switch|p1a: Zangoose|Zangoose, L85, F|136/263 tox\n|turn|8\n|\n|t:|1771150568\n|move|p1a: Zangoose|Quick Attack|p2a: Zangoose\n|-damage|p2a: Zangoose|0 fnt\n|faint|p2a: Zangoose\n|\n|-damage|p1a: Zangoose|120/263 tox|[from] psn\n|upkeep\n|\n|t:|1771150575\n|switch|p2a: Salamence|Salamence, L77, M|273/273\n|-ability|p2a: Salamence|Intimidate|boost\n|-unboost|p1a: Zangoose|atk|1\n|turn|9\n|\n|t:|1771150580\n|-terastallize|p1a: Zangoose|Normal\n|move|p1a: Zangoose|Facade|p2a: Salamence\n|-damage|p2a: Salamence|19/273\n|move|p2a: Salamence|Dragon Dance|p2a: Salamence\n|-boost|p2a: Salamence|atk|1\n|-boost|p2a: Salamence|spe|1\n|\n|-damage|p1a: Zangoose|88/263 tox|[from] psn\n|upkeep\n|turn|10\n|\n|t:|1771150588\n|switch|p2a: Tauros|Tauros-Paldea-Combat, L82, M|257/257\n|-ability|p2a: Tauros|Intimidate|boost\n|-unboost|p1a: Zangoose|atk|1\n|move|p1a: Zangoose|Quick Attack|p2a: Tauros\n|-damage|p2a: Tauros|211/257\n|\n|-damage|p1a: Zangoose|40/263 tox|[from] psn\n|upkeep\n|turn|11\n|inactive|Jkonek no longer wants the timer on, but the timer is staying on because kthan0s still does.\n|\n|t:|1771150596\n|switch|p1a: Mudsdale|Mudsdale, L83, F|302/302\n|move|p2a: Tauros|Bulk Up|p2a: Tauros\n|-boost|p2a: Tauros|atk|1\n|-boost|p2a: Tauros|def|1\n|\n|upkeep\n|turn|12\n|\n|t:|1771150601\n|move|p2a: Tauros|Close Combat|p1a: Mudsdale\n|-damage|p1a: Mudsdale|84/302\n|-unboost|p2a: Tauros|def|1\n|-unboost|p2a: Tauros|spd|1\n|-ability|p1a: Mudsdale|Stamina|boost\n|-boost|p1a: Mudsdale|def|1\n|-damage|p2a: Tauros|186/257|[from] item: Life Orb\n|move|p1a: Mudsdale|Roar|p2a: Tauros\n|drag|p2a: Archaludon|Archaludon, L78, M|268/268\n|\n|-heal|p1a: Mudsdale|102/302|[from] item: Leftovers\n|upkeep\n|turn|13\n|\n|t:|1771150605\n|move|p2a: Archaludon|Flash Cannon|p1a: Mudsdale\n|-damage|p1a: Mudsdale|6/302\n|-ability|p1a: Mudsdale|Stamina|boost\n|-boost|p1a: Mudsdale|def|1\n|move|p1a: Mudsdale|Earthquake|p2a: Archaludon\n|-supereffective|p2a: Archaludon\n|-damage|p2a: Archaludon|82/268\n|-ability|p2a: Archaludon|Stamina|boost\n|-boost|p2a: Archaludon|def|1\n|\n|-heal|p1a: Mudsdale|24/302|[from] item: Leftovers\n|upkeep\n|turn|14\n|\n|t:|1771150608\n|move|p2a: Archaludon|Flash Cannon|p1a: Mudsdale\n|-damage|p1a: Mudsdale|0 fnt\n|faint|p1a: Mudsdale\n|\n|upkeep\n|\n|t:|1771150616\n|switch|p1a: Slowking|Slowking, L88, M|310/310\n|turn|15\n|\n|t:|1771150625\n|move|p2a: Archaludon|Draco Meteor|p1a: Slowking\n|-damage|p1a: Slowking|186/310\n|-unboost|p2a: Archaludon|spa|2\n|move|p1a: Slowking|Scald|p2a: Archaludon\n|-resisted|p2a: Archaludon\n|-damage|p2a: Archaludon|40/268\n|-ability|p2a: Archaludon|Stamina|boost\n|-boost|p2a: Archaludon|def|1\n|\n|upkeep\n|turn|16\n|\n|t:|1771150635\n|move|p2a: Archaludon|Body Press|p1a: Slowking\n|-resisted|p1a: Slowking\n|-damage|p1a: Slowking|125/310\n|move|p1a: Slowking|Slack Off|p1a: Slowking\n|-heal|p1a: Slowking|280/310\n|\n|upkeep\n|turn|17\n|\n|t:|1771150645\n|move|p2a: Archaludon|Body Press|p1a: Slowking\n|-resisted|p1a: Slowking\n|-damage|p1a: Slowking|216/310\n|move|p1a: Slowking|Scald|p2a: Archaludon\n|-resisted|p2a: Archaludon\n|-damage|p2a: Archaludon|0 fnt\n|faint|p2a: Archaludon\n|\n|upkeep\n|\n|t:|1771150655\n|switch|p2a: Salamence|Salamence, L77, M|19/273\n|-ability|p2a: Salamence|Intimidate|boost\n|-unboost|p1a: Slowking|atk|1\n|turn|18\n|\n|t:|1771150668\n|move|p2a: Salamence|Outrage|p1a: Slowking\n|-damage|p1a: Slowking|77/310\n|move|p1a: Slowking|Psychic Noise|p2a: Salamence\n|-damage|p2a: Salamence|0 fnt\n|faint|p2a: Salamence\n|\n|upkeep\n|\n|t:|1771150674\n|switch|p2a: Hawlucha|Hawlucha, L80, M|256/256\n|turn|19\n|\n|t:|1771150678\n|move|p2a: Hawlucha|Swords Dance|p2a: Hawlucha\n|-boost|p2a: Hawlucha|atk|2\n|move|p1a: Slowking|Psychic Noise|p2a: Hawlucha\n|-supereffective|p2a: Hawlucha\n|-damage|p2a: Hawlucha|0 fnt\n|faint|p2a: Hawlucha\n|\n|upkeep\n|\n|t:|1771150681\n|switch|p2a: Tauros|Tauros-Paldea-Combat, L82, M|186/257\n|-ability|p2a: Tauros|Intimidate|boost\n|-unboost|p1a: Slowking|atk|1\n|turn|20\n|\n|t:|1771150688\n|switch|p1a: Tinkaton|Tinkaton, L82, F|274/274\n|-ability|p1a: Tinkaton|Mold Breaker\n|move|p2a: Tauros|Throat Chop|p1a: Tinkaton\n|-resisted|p1a: Tinkaton\n|-damage|p1a: Tinkaton|232/274\n|-start|p1a: Tinkaton|Throat Chop|[silent]\n|-damage|p2a: Tauros|161/257|[from] item: Life Orb\n|\n|-heal|p1a: Tinkaton|249/274|[from] item: Leftovers\n|upkeep\n|turn|21\n|-message|KTHAN0S forfeited.\n|\n|win|Jkonek\n|raw|Jkonek's rating: 1806 &rarr; <strong>1828</strong><br />(+22 for winning)\n|raw|KTHAN0S's rating: 1836 &rarr; <strong>1814</strong><br />(-22 for losing)\n|l|☆KTHAN0S\n|player|p2|\n", "inputlog": ">version 686819e5e19f8a7fd2345cfc5a08a5085efa2cc3\n>start {\"formatid\":\"gen9randombattle\",\"seed\":\"sodium,eaae3595eb1cb16a9f262759398aeee6\",\"rated\":\"Rated battle\"}\n>player p1 {\"name\":\"Jkonek\",\"avatar\":\"bellelba\",\"rating\":1806,\"seed\":\"sodium,90f0a372e32324fcfc77f497bdac4b95\"}\n>player p2 {\"name\":\"KTHAN0S\",\"avatar\":\"hooligans\",\"rating\":1836,\"seed\":\"sodium,eaffd874624b99ad2f5b438ec1e62d77\"}\n>p1 move toxic\n>p2 move dragontail\n>p1 move facade\n>p2 move voltswitch\n>p2 switch 6\n>p1 switch 3\n>p2 switch 2\n>p1 move scald\n>p2 switch 6\n>p2 switch 5\n>p1 move scald\n>p2 move swordsdance\n>p1 switch 5\n>p2 move knockoff\n>p1 switch 6\n>p1 move dynamaxcannon\n>p2 move quickattack terastallize\n>p1 switch 3\n>p1 move quickattack\n>p2 move quickattack\n>p2 switch 6\n>p1 move facade terastallize\n>p2 move dragondance\n>p1 move quickattack\n>p2 switch 3\n>p1 switch 2\n>p2 move bulkup\n>p1 move roar\n>p2 move closecombat\n>p1 move earthquake\n>p2 move flashcannon\n>p1 move earthquake\n>p2 move flashcannon\n>p1 switch 5\n>p1 move scald\n>p2 move dracometeor\n>p1 move slackoff\n>p2 move bodypress\n>p1 move scald\n>p2 move bodypress\n>p2 switch 3\n>p1 move psychicnoise\n>p2 move outrage\n>p2 switch 4\n>p1 move psychicnoise\n>p2 move swordsdance\n>p2 switch 2\n>p1 switch 4\n>p2 move throatchop\n>forcelose p2", "uploadtime": 1771150701, "views": 14, "formatid": "gen9randombattle", "rating": 1814, "private": 0, "password": null}