{"id": "gen9randombattle-2540291143", "format": "[Gen 9] Random Battle", "players": ["JaxAG", "ribena supernova"], "log": "|j|☆JaxAG\n|j|☆ribena supernova\n|t:|1771185248\n|gametype|singles\n|player|p1|JaxAG|unknown|2072\n|player|p2|ribena supernova|leaf-masters|2274\n|gen|9\n|tier|[Gen 9] Random Battle\n|rated|\n|rule|Species Clause: Limit one of each Pokémon\n|rule|HP Percentage Mod: HP is shown in percentages\n|rule|Sleep Clause Mod: Limit one foe put to sleep\n|rule|Illusion Level Mod: Illusion disguises the Pokémon's true level\n|\n|t:|1771185248\n|teamsize|p1|6\n|teamsize|p2|6\n|start\n|switch|p1a: Masquerain|Masquerain, L87, M|264/264\n|switch|p2a: Dragonite|Dragonite, L74, F|257/257\n|-ability|p1a: Masquerain|Intimidate|boost\n|-unboost|p2a: Dragonite|atk|1\n|turn|1\n|\n|t:|1771185266\n|move|p1a: Masquerain|Sticky Web|p2a: Dragonite\n|-sidestart|p2: ribena supernova|move: Sticky Web\n|move|p2a: Dragonite|Dragon Dance|p2a: Dragonite\n|-boost|p2a: Dragonite|atk|1\n|-boost|p2a: Dragonite|spe|1\n|\n|upkeep\n|turn|2\n|\n|t:|1771185272\n|move|p2a: Dragonite|Dragon Dance|p2a: Dragonite\n|-boost|p2a: Dragonite|atk|1\n|-boost|p2a: Dragonite|spe|1\n|move|p1a: Masquerain|Stun Spore|p2a: Dragonite\n|-status|p2a: Dragonite|par\n|\n|upkeep\n|turn|3\n|inactive|Battle timer is ON: inactive players will automatically lose when time's up. (requested by ribena supernova)\n|\n|t:|1771185278\n|switch|p1a: Wyrdeer|Wyrdeer, L87, M|321/321\n|-ability|p1a: Wyrdeer|Intimidate|boost\n|-unboost|p2a: Dragonite|atk|1\n|move|p2a: Dragonite|Dragon Dance|p2a: Dragonite\n|-boost|p2a: Dragonite|atk|1\n|-boost|p2a: Dragonite|spe|1\n|\n|upkeep\n|turn|4\n|\n|t:|1771185289\n|move|p2a: Dragonite|Outrage|p1a: Wyrdeer\n|-damage|p1a: Wyrdeer|113/321\n|move|p1a: Wyrdeer|Psychic Noise|p2a: Dragonite\n|-damage|p2a: Dragonite|215/257 par\n|-start|p2a: Dragonite|move: Heal Block\n|\n|-heal|p1a: Wyrdeer|133/321|[from] item: Leftovers\n|upkeep\n|turn|5\n|\n|t:|1771185304\n|cant|p2a: Dragonite|par\n|move|p1a: Wyrdeer|Psychic Noise|p2a: Dragonite\n|-damage|p2a: Dragonite|121/257 par\n|\n|-heal|p1a: Wyrdeer|153/321|[from] item: Leftovers\n|-end|p2a: Dragonite|move: Heal Block\n|-start|p2a: Dragonite|confusion|[fatigue]\n|upkeep\n|turn|6\n|\n|t:|1771185313\n|-activate|p2a: Dragonite|confusion\n|-damage|p2a: Dragonite|78/257 par|[from] confusion\n|move|p1a: Wyrdeer|Psychic Noise|p2a: Dragonite\n|-damage|p2a: Dragonite|0 fnt\n|faint|p2a: Dragonite\n|\n|-heal|p1a: Wyrdeer|173/321|[from] item: Leftovers\n|upkeep\n|\n|t:|1771185319\n|switch|p2a: Clawitzer|Clawitzer, L87, M|265/265\n|-activate|p2a: Clawitzer|move: Sticky Web\n|-unboost|p2a: Clawitzer|spe|1\n|turn|7\n|\n|t:|1771185332\n|switch|p1a: Suicune|Suicune, L82|298/298\n|-ability|p1a: Suicune|Pressure\n|move|p2a: Clawitzer|Water Pulse|p1a: Suicune\n|-resisted|p1a: Suicune\n|-damage|p1a: Suicune|223/298\n|\n|-heal|p1a: Suicune|241/298|[from] item: Leftovers\n|upkeep\n|turn|8\n|\n|t:|1771185341\n|switch|p2a: Passimian|Passimian, L83, F|302/302\n|-activate|p2a: Passimian|move: Sticky Web\n|-unboost|p2a: Passimian|spe|1\n|-ability|p2a: Passimian|Defiant|boost\n|-boost|p2a: Passimian|atk|2\n|move|p1a: Suicune|Substitute|p1a: Suicune\n|-start|p1a: Suicune|Substitute\n|-damage|p1a: Suicune|167/298\n|\n|-heal|p1a: Suicune|185/298|[from] item: Leftovers\n|upkeep\n|turn|9\n|\n|t:|1771185350\n|move|p1a: Suicune|Scald|p2a: Passimian\n|-damage|p2a: Passimian|203/302\n|move|p2a: Passimian|Knock Off|p1a: Suicune\n|-end|p1a: Suicune|Substitute\n|\n|-heal|p1a: Suicune|203/298|[from] item: Leftovers\n|-heal|p2a: Passimian|221/302|[from] item: Leftovers\n|upkeep\n|turn|10\n|\n|t:|1771185359\n|move|p1a: Suicune|Scald|p2a: Passimian\n|-damage|p2a: Passimian|116/302\n|move|p2a: Passimian|Drain Punch|p1a: Suicune\n|-damage|p1a: Suicune|58/298\n|-heal|p2a: Passimian|189/302|[from] drain|[of] p1a: Suicune\n|\n|-heal|p1a: Suicune|76/298|[from] item: Leftovers\n|-heal|p2a: Passimian|207/302|[from] item: Leftovers\n|upkeep\n|turn|11\n|\n|t:|1771185372\n|move|p1a: Suicune|Scald|p2a: Passimian\n|-damage|p2a: Passimian|101/302\n|move|p2a: Passimian|Drain Punch|p1a: Suicune\n|-damage|p1a: Suicune|0 fnt\n|-heal|p2a: Passimian|139/302|[from] drain|[of] p1a: Suicune\n|faint|p1a: Suicune\n|\n|-heal|p2a: Passimian|157/302|[from] item: Leftovers\n|upkeep\n|\n|t:|1771185393\n|switch|p1a: Munkidori|Munkidori, L79, M|269/269\n|turn|12\n|\n|t:|1771185400\n|switch|p2a: Sandslash|Sandslash-Alola, L88, F|275/275\n|-activate|p2a: Sandslash|move: Sticky Web\n|-unboost|p2a: Sandslash|spe|1\n|move|p1a: Munkidori|Focus Blast|p2a: Sandslash\n|-supereffective|p2a: Sandslash\n|-damage|p2a: Sandslash|0 fnt\n|faint|p2a: Sandslash\n|-damage|p1a: Munkidori|243/269|[from] item: Life Orb\n|\n|upkeep\n|c|☆ribena supernova|that was certainly a play\n|c|☆JaxAG|Yeah\n|inactive|ribena supernova has 120 seconds left.\n|c|☆ribena supernova|no idea why u would do that\n|\n|t:|1771185437\n|switch|p2a: Clawitzer|Clawitzer, L87, M|265/265\n|-activate|p2a: Clawitzer|move: Sticky Web\n|-unboost|p2a: Clawitzer|spe|1\n|turn|13\n|c|☆JaxAG|I was wondering if you'd terra by chance\n|inactive|ribena supernova has 120 seconds left.\n|c|☆ribena supernova|was tera poison\n|inactive|JaxAG has 120 seconds left.\n|c|☆JaxAG|Yeah I'm still working through who's bring what terra\n|c|☆JaxAG|I haven't played in a while and sets got changed\n|\n|t:|1771185491\n|move|p1a: Munkidori|Sludge Wave|p2a: Clawitzer\n|-damage|p2a: Clawitzer|129/265\n|-status|p2a: Clawitzer|psn\n|-damage|p1a: Munkidori|217/269|[from] item: Life Orb\n|move|p2a: Clawitzer|Dark Pulse|p1a: Munkidori\n|-supereffective|p1a: Munkidori\n|-damage|p1a: Munkidori|0 fnt\n|faint|p1a: Munkidori\n|\n|-damage|p2a: Clawitzer|96/265 psn|[from] psn\n|upkeep\n|c|☆ribena supernova|should get the showdex extenstion\n|c|☆ribena supernova|super handy for that sort of stuff\n|inactive|JaxAG has 90 seconds left.\n|c|☆JaxAG|I've never used that thanks for lmk\n|\n|t:|1771185516\n|switch|p1a: Wyrdeer|Wyrdeer, L87, M|173/321\n|-ability|p1a: Wyrdeer|Intimidate|boost\n|-unboost|p2a: Clawitzer|atk|1\n|turn|14\n|\n|t:|1771185521\n|move|p1a: Wyrdeer|Body Slam|p2a: Clawitzer\n|-damage|p2a: Clawitzer|0 fnt\n|faint|p2a: Clawitzer\n|\n|-heal|p1a: Wyrdeer|193/321|[from] item: Leftovers\n|upkeep\n|\n|t:|1771185527\n|switch|p2a: Mabosstiff|Mabosstiff, L86, F|278/278\n|-activate|p2a: Mabosstiff|move: Sticky Web\n|-unboost|p2a: Mabosstiff|spe|1\n|turn|15\n|\n|t:|1771185534\n|switch|p1a: Slither Wing|Slither Wing, L81|270/270\n|move|p2a: Mabosstiff|Crunch|p1a: Slither Wing\n|-resisted|p1a: Slither Wing\n|-damage|p1a: Slither Wing|84/270\n|\n|upkeep\n|turn|16\n|\n|t:|1771185548\n|-terastallize|p2a: Mabosstiff|Fairy\n|move|p1a: Slither Wing|Morning Sun|p1a: Slither Wing\n|-heal|p1a: Slither Wing|219/270\n|move|p2a: Mabosstiff|Crunch|p1a: Slither Wing\n|-resisted|p1a: Slither Wing\n|-damage|p1a: Slither Wing|125/270\n|\n|upkeep\n|turn|17\n|inactive|JaxAG has 120 seconds left.\n|\n|t:|1771185556\n|switch|p2a: Passimian|Passimian, L83, F|157/302\n|-activate|p2a: Passimian|move: Sticky Web\n|-unboost|p2a: Passimian|spe|1\n|-ability|p2a: Passimian|Defiant|boost\n|-boost|p2a: Passimian|atk|2\n|move|p1a: Slither Wing|Will-O-Wisp|p2a: Passimian\n|-status|p2a: Passimian|brn\n|\n|-heal|p2a: Passimian|175/302 brn|[from] item: Leftovers\n|-damage|p2a: Passimian|157/302 brn|[from] brn\n|upkeep\n|turn|18\n|inactive|JaxAG has 120 seconds left.\n|c|☆JaxAG|Hazards still broken to this day\n|\n|t:|1771185572\n|move|p1a: Slither Wing|Morning Sun|p1a: Slither Wing\n|-heal|p1a: Slither Wing|260/270\n|move|p2a: Passimian|Gunk Shot|p1a: Slither Wing|[miss]\n|-miss|p2a: Passimian|p1a: Slither Wing\n|\n|-heal|p2a: Passimian|175/302 brn|[from] item: Leftovers\n|-damage|p2a: Passimian|157/302 brn|[from] brn\n|upkeep\n|turn|19\n|inactive|JaxAG has 120 seconds left.\n|c|☆ribena supernova|yeah not sure what i was supposed to do here\n|c|☆ribena supernova|and ofc it was no spin sandslash anyway lol\n|inactive|ribena supernova has 120 seconds left.\n|\n|t:|1771185603\n|move|p1a: Slither Wing|Close Combat|p2a: Passimian\n|-damage|p2a: Passimian|12/302 brn\n|-unboost|p1a: Slither Wing|def|1\n|-unboost|p1a: Slither Wing|spd|1\n|move|p2a: Passimian|Gunk Shot|p1a: Slither Wing\n|-damage|p1a: Slither Wing|83/270\n|\n|-heal|p2a: Passimian|30/302 brn|[from] item: Leftovers\n|-damage|p2a: Passimian|12/302 brn|[from] brn\n|upkeep\n|turn|20\n|inactive|JaxAG has 120 seconds left.\n|c|☆JaxAG|I hate to see that\n|c|☆JaxAG|I don't know why I'd want a sandslash that can't spin\n|\n|t:|1771185637\n|move|p1a: Slither Wing|U-turn|p2a: Passimian\n|-resisted|p2a: Passimian\n|-damage|p2a: Passimian|0 fnt\n|faint|p2a: Passimian\n|c|☆ribena supernova|fr\n|\n|t:|1771185644\n|-end|p1a: Slither Wing|Protosynthesis|[silent]\n|switch|p1a: Wyrdeer|Wyrdeer, L87, M|193/321|[from] U-turn\n|\n|-heal|p1a: Wyrdeer|213/321|[from] item: Leftovers\n|upkeep\n|\n|t:|1771185647\n|switch|p2a: Mabosstiff|Mabosstiff, L86, F, tera:Fairy|278/278\n|-activate|p2a: Mabosstiff|move: Sticky Web\n|-unboost|p2a: Mabosstiff|spe|1\n|turn|21\n|\n|t:|1771185659\n|move|p1a: Wyrdeer|Psychic Noise|p2a: Mabosstiff\n|-damage|p2a: Mabosstiff|176/278\n|-start|p2a: Mabosstiff|move: Heal Block\n|move|p2a: Mabosstiff|Play Rough|p1a: Wyrdeer\n|-damage|p1a: Wyrdeer|20/321\n|\n|-heal|p1a: Wyrdeer|40/321|[from] item: Leftovers\n|upkeep\n|turn|22\n|\n|t:|1771185669\n|move|p1a: Wyrdeer|Psychic Noise|p2a: Mabosstiff\n|-damage|p2a: Mabosstiff|77/278\n|move|p2a: Mabosstiff|Play Rough|p1a: Wyrdeer|[miss]\n|-miss|p2a: Mabosstiff|p1a: Wyrdeer\n|\n|-heal|p1a: Wyrdeer|60/321|[from] item: Leftovers\n|-end|p2a: Mabosstiff|move: Heal Block\n|upkeep\n|turn|23\n|c|☆ribena supernova|gg\n|c|☆JaxAG|gg\n|\n|t:|1771185678\n|move|p1a: Wyrdeer|Psychic Noise|p2a: Mabosstiff\n|-damage|p2a: Mabosstiff|0 fnt\n|faint|p2a: Mabosstiff\n|\n|-heal|p1a: Wyrdeer|80/321|[from] item: Leftovers\n|upkeep\n|\n|t:|1771185679\n|switch|p2a: Tauros|Tauros, L82, M|257/257\n|-activate|p2a: Tauros|move: Sticky Web\n|-unboost|p2a: Tauros|spe|1\n|turn|24\n|\n|t:|1771185689\n|move|p1a: Wyrdeer|Psychic Noise|p2a: Tauros\n|-damage|p2a: Tauros|145/257\n|-start|p2a: Tauros|move: Heal Block\n|move|p2a: Tauros|Body Slam|p1a: Wyrdeer\n|-damage|p1a: Wyrdeer|0 fnt\n|faint|p1a: Wyrdeer\n|\n|upkeep\n|\n|t:|1771185698\n|switch|p1a: Masquerain|Masquerain, L87, M|264/264\n|-ability|p1a: Masquerain|Intimidate|boost\n|-unboost|p2a: Tauros|atk|1\n|turn|25\n|\n|t:|1771185703\n|move|p1a: Masquerain|Hurricane|p2a: Tauros|[miss]\n|-miss|p1a: Masquerain|p2a: Tauros\n|move|p2a: Tauros|Body Slam|p1a: Masquerain\n|-damage|p1a: Masquerain|154/264\n|\n|-end|p2a: Tauros|move: Heal Block\n|upkeep\n|turn|26\n|\n|t:|1771185710\n|move|p1a: Masquerain|Hurricane|p2a: Tauros\n|-damage|p2a: Tauros|0 fnt\n|faint|p2a: Tauros\n|\n|win|JaxAG\n|raw|JaxAG's rating: 2072 &rarr; <strong>2102</strong><br />(+30 for winning)\n|raw|ribena supernova's rating: 2274 &rarr; <strong>2244</strong><br />(-30 for losing)\n|l|☆ribena supernova\n|player|p2|\n", "inputlog": ">version 686819e5e19f8a7fd2345cfc5a08a5085efa2cc3\n>start {\"formatid\":\"gen9randombattle\",\"seed\":\"sodium,83f65c1606ec54783bcd7a2aa3cb9e18\",\"rated\":\"Rated battle\"}\n>player p1 {\"name\":\"JaxAG\",\"avatar\":\"unknown\",\"rating\":2072,\"seed\":\"sodium,a9a5bbd23c2ff81349af4f6cbf12fda5\"}\n>player p2 {\"name\":\"ribena supernova\",\"avatar\":\"leaf-masters\",\"rating\":2274,\"seed\":\"sodium,a60e2e37a7d974e33a19f0a9cf2abcd2\"}\n>p1 move stickyweb\n>p2 move dragondance\n>p1 move stunspore\n>p2 move dragondance\n>p1 switch 3\n>p2 move dragondance\n>p1 move psychicnoise\n>p2 move outrage\n>p1 move psychicnoise\n>p2 move outrage\n>p1 move psychicnoise\n>p2 move outrage\n>p2 switch 5\n>p1 switch 5\n>p2 move waterpulse\n>p1 move substitute\n>p2 switch 4\n>p1 move scald\n>p2 move knockoff\n>p1 move scald\n>p2 move drainpunch\n>p1 move scald\n>p2 move drainpunch\n>p1 switch 6\n>p1 move focusblast\n>p2 switch 6\n>chat ☆ribena supernova|that was certainly a play\n>chat ☆JaxAG|Yeah \n>chat ☆ribena supernova|no idea why u would do that \n>p2 switch 4\n>chat ☆JaxAG|I was wondering if you'd terra by chance\n>chat ☆ribena supernova|was tera poison\n>chat ☆JaxAG|Yeah I'm still working through who's bring what terra \n>chat ☆JaxAG|I haven't played in a while and sets got changed\n>p1 move sludgewave\n>p2 move darkpulse\n>chat ☆ribena supernova|should get the showdex extenstion\n>chat ☆ribena supernova|super handy for that sort of stuff\n>chat ☆JaxAG|I've never used that thanks for lmk\n>p1 switch 5\n>p1 move bodyslam\n>p2 move darkpulse\n>p2 switch 2\n>p1 switch 4\n>p2 move crunch\n>p1 move morningsun\n>p2 move crunch terastallize\n>p1 move willowisp\n>p2 switch 6\n>chat ☆JaxAG|Hazards still broken to this day\n>p1 move morningsun\n>p2 move gunkshot\n>chat ☆ribena supernova|yeah not sure what i was supposed to do here\n>chat ☆ribena supernova|and ofc it was no spin sandslash anyway lol\n>p1 move closecombat\n>p2 move gunkshot\n>chat ☆JaxAG|I hate to see that \n>chat ☆JaxAG|I don't know why I'd want a sandslash that can't spin\n>p1 move uturn\n>p2 move gunkshot\n>chat ☆ribena supernova|fr\n>p1 switch 4\n>p2 switch 6\n>p1 move psychicnoise\n>p2 move playrough\n>p1 move psychicnoise\n>p2 move playrough\n>chat ☆ribena supernova|gg\n>chat ☆JaxAG|gg\n>p1 move psychicnoise\n>p2 move playrough\n>p2 switch 3\n>p1 move psychicnoise\n>p2 move bodyslam\n>p1 switch 3\n>p1 move hurricane\n>p2 move bodyslam\n>p1 move hurricane\n>p2 move bodyslam", "uploadtime": 1771185718, "views": 20, "formatid": "gen9randombattle", "rating": 2102, "private": 0, "password": null}