{"id": "gen9randombattle-2540424488", "format": "[Gen 9] Random Battle", "players": ["cancerbero28", "Remy&Henny"], "log": "|j|☆cancerbero28\n|j|☆Remy&Henny\n|t:|1771200355\n|gametype|singles\n|player|p1|cancerbero28|102|1480\n|player|p2|Remy&Henny|collector|1533\n|gen|9\n|tier|[Gen 9] Random Battle\n|rated|\n|rule|Species Clause: Limit one of each Pokémon\n|rule|HP Percentage Mod: HP is shown in percentages\n|rule|Sleep Clause Mod: Limit one foe put to sleep\n|rule|Illusion Level Mod: Illusion disguises the Pokémon's true level\n|\n|t:|1771200355\n|teamsize|p1|6\n|teamsize|p2|6\n|start\n|switch|p1a: Braviary|Braviary-Hisui, L85, M|326/326\n|switch|p2a: Gyarados|Gyarados, L79, F|280/280\n|-ability|p2a: Gyarados|Intimidate|boost\n|-unboost|p1a: Braviary|atk|1\n|turn|1\n|inactive|Battle timer is ON: inactive players will automatically lose when time's up. (requested by cancerbero28)\n|\n|t:|1771200370\n|switch|p2a: Muk|Muk-Alola, L82, M|306/306\n|move|p1a: Braviary|Agility|p1a: Braviary\n|-boost|p1a: Braviary|spe|2\n|\n|upkeep\n|turn|2\n|\n|t:|1771200378\n|move|p1a: Braviary|Hurricane|p2a: Muk\n|-damage|p2a: Muk|157/306\n|move|p2a: Muk|Knock Off|p1a: Braviary\n|-supereffective|p1a: Braviary\n|-damage|p1a: Braviary|92/326\n|-status|p1a: Braviary|psn|[from] ability: Poison Touch|[of] p2a: Muk\n|-enditem|p1a: Braviary|Life Orb|[from] move: Knock Off|[of] p2a: Muk\n|\n|-damage|p1a: Braviary|52/326 psn|[from] psn\n|upkeep\n|turn|3\n|\n|t:|1771200390\n|move|p1a: Braviary|Hurricane|p2a: Muk|[miss]\n|-miss|p1a: Braviary|p2a: Muk\n|move|p2a: Muk|Drain Punch|p1a: Braviary\n|-resisted|p1a: Braviary\n|-damage|p1a: Braviary|35/326 psn\n|-heal|p2a: Muk|166/306|[from] drain|[of] p1a: Braviary\n|\n|-damage|p1a: Braviary|0 fnt|[from] psn\n|faint|p1a: Braviary\n|upkeep\n|\n|t:|1771200405\n|switch|p1a: Pawmot|Pawmot, L80, M|243/243\n|turn|4\n|\n|t:|1771200428\n|move|p1a: Pawmot|Double Shock|p2a: Muk\n|-damage|p2a: Muk|0 fnt\n|-start|p1a: Pawmot|typechange|???/Fighting|[from] move: Double Shock\n|faint|p2a: Muk\n|-damage|p1a: Pawmot|219/243|[from] item: Life Orb\n|\n|upkeep\n|inactive|Remy&Henny has 120 seconds left.\n|\n|t:|1771200446\n|switch|p2a: Primarina|Primarina, L83, F|268/268\n|turn|5\n|inactive|Remy&Henny has 120 seconds left.\n|\n|t:|1771200459\n|switch|p1a: Iron Crown|Iron Crown, L78|268/268\n|move|p2a: Primarina|Moonblast|p1a: Iron Crown\n|-resisted|p1a: Iron Crown\n|-crit|p1a: Iron Crown\n|-damage|p1a: Iron Crown|136/268\n|\n|upkeep\n|turn|6\n|\n|t:|1771200471\n|switch|p2a: Furret|Furret, L94, F|312/312\n|-item|p1a: Iron Crown|Choice Specs|[from] ability: Frisk|[of] p2a: Furret\n|move|p1a: Iron Crown|Volt Switch|p2a: Furret\n|-crit|p2a: Furret\n|-damage|p2a: Furret|171/312\n|\n|t:|1771200478\n|-end|p1a: Iron Crown|Quark Drive|[silent]\n|switch|p1a: Wo-Chien|Wo-Chien, L83|277/277|[from] Volt Switch\n|-ability|p1a: Wo-Chien|Tablets of Ruin\n|\n|upkeep\n|turn|7\n|\n|t:|1771200489\n|move|p1a: Wo-Chien|Protect|p1a: Wo-Chien\n|-singleturn|p1a: Wo-Chien|Protect\n|move|p2a: Furret|Trick|p1a: Wo-Chien\n|-activate|p1a: Wo-Chien|move: Protect\n|\n|upkeep\n|turn|8\n|\n|t:|1771200501\n|switch|p1a: Toucannon|Toucannon, L88, M|284/284\n|move|p2a: Furret|Trick|p1a: Toucannon\n|-activate|p2a: Furret|move: Trick|[of] p1a: Toucannon\n|-item|p1a: Toucannon|Choice Band|[from] move: Trick\n|-item|p2a: Furret|Heavy-Duty Boots|[from] move: Trick\n|\n|upkeep\n|turn|9\n|\n|t:|1771200519\n|-singleturn|p1a: Toucannon|move: Beak Blast\n|move|p2a: Furret|Knock Off|p1a: Toucannon\n|-damage|p1a: Toucannon|209/284\n|-status|p2a: Furret|brn\n|-enditem|p1a: Toucannon|Choice Band|[from] move: Knock Off|[of] p2a: Furret\n|move|p1a: Toucannon|Beak Blast|p2a: Furret\n|-damage|p2a: Furret|2/312 brn\n|\n|-damage|p2a: Furret|0 fnt|[from] brn\n|faint|p2a: Furret\n|upkeep\n|\n|t:|1771200522\n|switch|p2a: Gyarados|Gyarados, L79, F|280/280\n|-ability|p2a: Gyarados|Intimidate|boost\n|-unboost|p1a: Toucannon|atk|1\n|turn|10\n|\n|t:|1771200529\n|move|p2a: Gyarados|Dragon Dance|p2a: Gyarados\n|-boost|p2a: Gyarados|atk|1\n|-boost|p2a: Gyarados|spe|1\n|move|p1a: Toucannon|Knock Off|p2a: Gyarados\n|-damage|p2a: Gyarados|215/280\n|-enditem|p2a: Gyarados|Heavy-Duty Boots|[from] move: Knock Off|[of] p1a: Toucannon\n|\n|upkeep\n|turn|11\n|\n|t:|1771200546\n|-singleturn|p1a: Toucannon|move: Beak Blast\n|move|p2a: Gyarados|Dragon Dance|p2a: Gyarados\n|-boost|p2a: Gyarados|atk|1\n|-boost|p2a: Gyarados|spe|1\n|move|p1a: Toucannon|Beak Blast|p2a: Gyarados\n|-damage|p2a: Gyarados|113/280\n|\n|upkeep\n|turn|12\n|\n|t:|1771200555\n|-terastallize|p2a: Gyarados|Flying\n|-singleturn|p1a: Toucannon|move: Beak Blast\n|move|p2a: Gyarados|Tera Blast|p1a: Toucannon|[anim] Tera Blast Flying\n|-damage|p1a: Toucannon|0 fnt\n|faint|p1a: Toucannon\n|\n|upkeep\n|\n|t:|1771200569\n|switch|p1a: Kingdra|Kingdra, L84, M|263/263\n|turn|13\n|\n|t:|1771200575\n|-terastallize|p1a: Kingdra|Steel\n|move|p2a: Gyarados|Tera Blast|p1a: Kingdra|[anim] Tera Blast Flying\n|-resisted|p1a: Kingdra\n|-damage|p1a: Kingdra|138/263\n|move|p1a: Kingdra|Wave Crash|p2a: Gyarados\n|-damage|p2a: Gyarados|0 fnt\n|faint|p2a: Gyarados\n|-damage|p1a: Kingdra|101/263|[from] Recoil\n|\n|upkeep\n|\n|t:|1771200585\n|switch|p2a: Primarina|Primarina, L83, F|268/268\n|turn|14\n|\n|t:|1771200597\n|switch|p1a: Wo-Chien|Wo-Chien, L83|277/277\n|-ability|p1a: Wo-Chien|Tablets of Ruin\n|move|p2a: Primarina|Hydro Pump|p1a: Wo-Chien\n|-resisted|p1a: Wo-Chien\n|-damage|p1a: Wo-Chien|208/277\n|\n|-heal|p1a: Wo-Chien|225/277|[from] item: Leftovers\n|upkeep\n|turn|15\n|\n|t:|1771200605\n|switch|p2a: Kyurem|Kyurem, L77|319/319\n|-ability|p2a: Kyurem|Pressure\n|move|p1a: Wo-Chien|Leech Seed|p2a: Kyurem\n|-start|p2a: Kyurem|move: Leech Seed\n|\n|-heal|p1a: Wo-Chien|242/277|[from] item: Leftovers\n|-damage|p2a: Kyurem|280/319|[from] Leech Seed|[of] p1a: Wo-Chien\n|-heal|p1a: Wo-Chien|277/277|[silent]\n|upkeep\n|turn|16\n|\n|t:|1771200622\n|move|p1a: Wo-Chien|Protect|p1a: Wo-Chien\n|-singleturn|p1a: Wo-Chien|Protect\n|move|p2a: Kyurem|Ice Beam|p1a: Wo-Chien\n|-activate|p1a: Wo-Chien|move: Protect\n|\n|-damage|p2a: Kyurem|241/319|[from] Leech Seed|[of] p1a: Wo-Chien\n|upkeep\n|turn|17\n|\n|t:|1771200630\n|switch|p1a: Kingdra|Kingdra, L84, M, tera:Steel|101/263\n|move|p2a: Kyurem|Earth Power|p1a: Kingdra\n|-supereffective|p1a: Kingdra\n|-damage|p1a: Kingdra|0 fnt\n|faint|p1a: Kingdra\n|\n|upkeep\n|\n|t:|1771200632\n|switch|p1a: Iron Crown|Iron Crown, L78|136/268\n|turn|18\n|\n|t:|1771200648\n|move|p1a: Iron Crown|Tachyon Cutter|p2a: Kyurem\n|-supereffective|p2a: Kyurem\n|-damage|p2a: Kyurem|71/319\n|-supereffective|p2a: Kyurem\n|-damage|p2a: Kyurem|0 fnt\n|faint|p2a: Kyurem\n|-hitcount|p2: Kyurem|2\n|\n|upkeep\n|\n|t:|1771200659\n|switch|p2a: Primarina|Primarina, L83, F|268/268\n|turn|19\n|\n|t:|1771200662\n|move|p1a: Iron Crown|Tachyon Cutter|p2a: Primarina\n|-damage|p2a: Primarina|201/268\n|-damage|p2a: Primarina|132/268\n|-hitcount|p2a: Primarina|2\n|move|p2a: Primarina|Hydro Pump|p1a: Iron Crown\n|-damage|p1a: Iron Crown|0 fnt\n|faint|p1a: Iron Crown\n|-end|p1a: Iron Crown|Quark Drive|[silent]\n|\n|upkeep\n|\n|t:|1771200667\n|switch|p1a: Wo-Chien|Wo-Chien, L83|277/277\n|-ability|p1a: Wo-Chien|Tablets of Ruin\n|turn|20\n|\n|t:|1771200669\n|switch|p2a: Baxcalibur|Baxcalibur, L75, F|295/295\n|move|p1a: Wo-Chien|Leech Seed|p2a: Baxcalibur\n|-start|p2a: Baxcalibur|move: Leech Seed\n|\n|-damage|p2a: Baxcalibur|259/295|[from] Leech Seed|[of] p1a: Wo-Chien\n|upkeep\n|turn|21\n|\n|t:|1771200677\n|switch|p2a: Primarina|Primarina, L83, F|132/268\n|move|p1a: Wo-Chien|Protect||[still]\n|-fail|p1a: Wo-Chien\n|\n|upkeep\n|turn|22\n|\n|t:|1771200683\n|move|p1a: Wo-Chien|Knock Off|p2a: Primarina\n|-resisted|p2a: Primarina\n|-damage|p2a: Primarina|83/268\n|-enditem|p2a: Primarina|Choice Specs|[from] move: Knock Off|[of] p1a: Wo-Chien\n|move|p2a: Primarina|Moonblast|p1a: Wo-Chien\n|-supereffective|p1a: Wo-Chien\n|-damage|p1a: Wo-Chien|109/277\n|\n|-heal|p1a: Wo-Chien|126/277|[from] item: Leftovers\n|upkeep\n|turn|23\n|\n|t:|1771200692\n|move|p1a: Wo-Chien|Protect|p1a: Wo-Chien\n|-singleturn|p1a: Wo-Chien|Protect\n|move|p2a: Primarina|Moonblast|p1a: Wo-Chien\n|-activate|p1a: Wo-Chien|move: Protect\n|\n|-heal|p1a: Wo-Chien|143/277|[from] item: Leftovers\n|upkeep\n|turn|24\n|\n|t:|1771200697\n|move|p1a: Wo-Chien|Leech Seed|p2a: Primarina\n|-start|p2a: Primarina|move: Leech Seed\n|move|p2a: Primarina|Moonblast|p1a: Wo-Chien\n|-supereffective|p1a: Wo-Chien\n|-damage|p1a: Wo-Chien|0 fnt\n|faint|p1a: Wo-Chien\n|\n|upkeep\n|\n|t:|1771200701\n|switch|p1a: Pawmot|Pawmot, L80, M|219/243\n|turn|25\n|\n|t:|1771200710\n|move|p1a: Pawmot|Double Shock|p2a: Primarina\n|-supereffective|p2a: Primarina\n|-damage|p2a: Primarina|0 fnt\n|-start|p1a: Pawmot|typechange|???/Fighting|[from] move: Double Shock\n|faint|p2a: Primarina\n|-damage|p1a: Pawmot|195/243|[from] item: Life Orb\n|\n|upkeep\n|\n|t:|1771200712\n|switch|p2a: Baxcalibur|Baxcalibur, L75, F|259/295\n|turn|26\n|\n|t:|1771200717\n|move|p1a: Pawmot|Close Combat|p2a: Baxcalibur\n|-supereffective|p2a: Baxcalibur\n|-damage|p2a: Baxcalibur|0 fnt\n|-unboost|p1a: Pawmot|def|1\n|-unboost|p1a: Pawmot|spd|1\n|faint|p2a: Baxcalibur\n|-damage|p1a: Pawmot|171/243|[from] item: Life Orb\n|\n|win|cancerbero28\n|raw|cancerbero28's rating: 1480 &rarr; <strong>1503</strong><br />(+23 for winning)\n|raw|Remy&amp;Henny's rating: 1533 &rarr; <strong>1510</strong><br />(-23 for losing)\n|l|☆Remy&Henny\n|player|p2|\n|c|☆cancerbero28|Gg\n", "inputlog": ">version 686819e5e19f8a7fd2345cfc5a08a5085efa2cc3\n>start {\"formatid\":\"gen9randombattle\",\"seed\":\"sodium,b349086d34a293646889a762cc84e3fb\",\"rated\":\"Rated battle\"}\n>player p1 {\"name\":\"cancerbero28\",\"avatar\":\"102\",\"rating\":1480,\"seed\":\"sodium,95e63cd2823d1bab6cac2f1dd2aa69d2\"}\n>player p2 {\"name\":\"Remy&Henny\",\"avatar\":\"collector\",\"rating\":1533,\"seed\":\"sodium,75200a261d6322f369eacba772ca638d\"}\n>p1 move agility\n>p2 switch 6\n>p1 move hurricane\n>p2 move knockoff\n>p1 move hurricane\n>p2 move drainpunch\n>p1 switch 2\n>p1 move doubleshock\n>p2 move poisonjab\n>p2 switch 2\n>p1 switch 6\n>p2 move moonblast\n>p1 move voltswitch\n>p2 switch 3\n>p1 switch 4\n>p1 move protect\n>p2 move trick\n>p1 switch 5\n>p2 move trick\n>p1 move beakblast\n>p2 move knockoff\n>p2 switch 6\n>p1 move knockoff\n>p2 move dragondance\n>p1 move beakblast\n>p2 move dragondance\n>p1 move beakblast\n>p2 move terablast terastallize\n>p1 switch 3\n>p1 move wavecrash terastallize\n>p2 move terablast\n>p2 switch 3\n>p1 switch 5\n>p2 move hydropump\n>p1 move leechseed\n>p2 switch 5\n>p1 move protect\n>p2 move icebeam\n>p1 switch 5\n>p2 move earthpower\n>p1 switch 4\n>p1 move tachyoncutter\n>p2 move earthpower\n>p2 switch 5\n>p1 move tachyoncutter\n>p2 move hydropump\n>p1 switch 5\n>p1 move leechseed\n>p2 switch 4\n>p1 move protect\n>p2 switch 4\n>p1 move knockoff\n>p2 move moonblast\n>p1 move protect\n>p2 move moonblast\n>p1 move leechseed\n>p2 move moonblast\n>p1 switch 6\n>p1 move doubleshock\n>p2 move moonblast\n>p2 switch 4\n>p1 move closecombat\n>p2 move glaiverush", "uploadtime": 1771200728, "views": 8, "formatid": "gen9randombattle", "rating": 1503, "private": 0, "password": null}