{"id": "gen9randombattle-2540767043", "format": "[Gen 9] Random Battle", "players": ["Orocan", "TTanner0034"], "log": "|j|☆Orocan\n|j|☆TTanner0034\n|t:|1771251670\n|gametype|singles\n|player|p1|Orocan|veteran|1922\n|player|p2|TTanner0034|101|1864\n|gen|9\n|tier|[Gen 9] Random Battle\n|rated|\n|rule|Species Clause: Limit one of each Pokémon\n|rule|HP Percentage Mod: HP is shown in percentages\n|rule|Sleep Clause Mod: Limit one foe put to sleep\n|rule|Illusion Level Mod: Illusion disguises the Pokémon's true level\n|\n|t:|1771251670\n|teamsize|p1|6\n|teamsize|p2|6\n|start\n|switch|p1a: Kleavor|Kleavor, L78, M|237/237\n|switch|p2a: Flutter Mane|Flutter Mane, L74|203/203\n|turn|1\n|inactive|Battle timer is ON: inactive players will automatically lose when time's up. (requested by Orocan)\n|\n|t:|1771251690\n|-end|p2a: Flutter Mane|Protosynthesis|[silent]\n|switch|p2a: Landorus|Landorus-Therian, L76, M|260/260\n|-ability|p2a: Landorus|Intimidate|boost\n|-unboost|p1a: Kleavor|atk|1\n|switch|p1a: Incineroar|Incineroar, L82, F|290/290\n|-ability|p1a: Incineroar|Intimidate|boost\n|-unboost|p2a: Landorus|atk|1\n|\n|upkeep\n|turn|2\n|\n|t:|1771251706\n|move|p2a: Landorus|U-turn|p1a: Incineroar\n|-damage|p1a: Incineroar|253/290\n|\n|t:|1771251709\n|switch|p2a: Mienshao|Mienshao, L83, M|244/244|[from] U-turn\n|move|p1a: Incineroar|Trailblaze|p2a: Mienshao\n|-damage|p2a: Mienshao|191/244\n|-boost|p1a: Incineroar|spe|1\n|\n|upkeep\n|turn|3\n|\n|t:|1771251722\n|switch|p2a: Landorus|Landorus-Therian, L76, M|260/260\n|-ability|p2a: Landorus|Intimidate|boost\n|-unboost|p1a: Incineroar|atk|1\n|switch|p1a: Venusaur|Venusaur, L84, F|272/272\n|\n|upkeep\n|turn|4\n|\n|t:|1771251729\n|move|p1a: Venusaur|Toxic|p2a: Landorus\n|-status|p2a: Landorus|tox\n|move|p2a: Landorus|Stealth Rock|p1a: Venusaur\n|-sidestart|p1: Orocan|move: Stealth Rock\n|\n|-damage|p2a: Landorus|244/260 tox|[from] psn\n|upkeep\n|turn|5\n|\n|t:|1771251740\n|move|p1a: Venusaur|Knock Off|p2a: Landorus\n|-damage|p2a: Landorus|178/260 tox\n|-enditem|p2a: Landorus|Leftovers|[from] move: Knock Off|[of] p1a: Venusaur\n|move|p2a: Landorus|U-turn|p1a: Venusaur\n|-damage|p1a: Venusaur|213/272\n|\n|t:|1771251742\n|switch|p2a: Cresselia|Cresselia, L80, F|323/323|[from] U-turn\n|\n|-heal|p1a: Venusaur|230/272|[from] item: Leftovers\n|upkeep\n|turn|6\n|\n|t:|1771251750\n|-terastallize|p2a: Cresselia|Poison\n|move|p1a: Venusaur|Toxic|p2a: Cresselia\n|-immune|p2a: Cresselia\n|move|p2a: Cresselia|Thunderbolt|p1a: Venusaur\n|-resisted|p1a: Venusaur\n|-crit|p1a: Venusaur\n|-damage|p1a: Venusaur|195/272\n|\n|-heal|p1a: Venusaur|212/272|[from] item: Leftovers\n|upkeep\n|turn|7\n|\n|t:|1771251763\n|switch|p1a: Gumshoos|Gumshoos, L95, M|321/321\n|-damage|p1a: Gumshoos|281/321|[from] Stealth Rock\n|move|p2a: Cresselia|Psyshock|p1a: Gumshoos\n|-damage|p1a: Gumshoos|202/321\n|\n|upkeep\n|turn|8\n|\n|t:|1771251766\n|switch|p2a: Landorus|Landorus-Therian, L76, M|178/260 tox\n|-ability|p2a: Landorus|Intimidate|boost\n|-unboost|p1a: Gumshoos|atk|1\n|move|p1a: Gumshoos|U-turn|p2a: Landorus\n|-resisted|p2a: Landorus\n|-damage|p2a: Landorus|107/260 tox\n|\n|t:|1771251771\n|switch|p1a: Kleavor|Kleavor, L78, M|237/237|[from] U-turn\n|-damage|p1a: Kleavor|178/237|[from] Stealth Rock\n|\n|-damage|p2a: Landorus|91/260 tox|[from] psn\n|upkeep\n|turn|9\n|\n|t:|1771251776\n|move|p2a: Landorus|Stone Edge|p1a: Kleavor\n|-supereffective|p1a: Kleavor\n|-damage|p1a: Kleavor|28/237\n|move|p1a: Kleavor|Stone Axe|p2a: Landorus\n|-damage|p2a: Landorus|0 fnt\n|-sidestart|p2: TTanner0034|move: Stealth Rock\n|faint|p2a: Landorus\n|\n|upkeep\n|\n|t:|1771251788\n|switch|p2a: Shiftry|Shiftry, L89, F|305/305\n|-damage|p2a: Shiftry|267/305|[from] Stealth Rock\n|turn|10\n|\n|t:|1771251793\n|move|p2a: Shiftry|Knock Off|p1a: Kleavor\n|-damage|p1a: Kleavor|0 fnt\n|-enditem|p1a: Kleavor|Choice Band|[from] move: Knock Off|[of] p2a: Shiftry\n|faint|p1a: Kleavor\n|-damage|p2a: Shiftry|237/305|[from] item: Life Orb\n|\n|upkeep\n|\n|t:|1771251804\n|switch|p1a: Incineroar|Incineroar, L82, F|253/290\n|-ability|p1a: Incineroar|Intimidate|boost\n|-unboost|p2a: Shiftry|atk|1\n|turn|11\n|\n|t:|1771251811\n|move|p2a: Shiftry|Knock Off|p1a: Incineroar\n|-resisted|p1a: Incineroar\n|-damage|p1a: Incineroar|206/290\n|-enditem|p1a: Incineroar|Heavy-Duty Boots|[from] move: Knock Off|[of] p2a: Shiftry\n|-damage|p2a: Shiftry|207/305|[from] item: Life Orb\n|move|p1a: Incineroar|Trailblaze|p2a: Shiftry\n|-resisted|p2a: Shiftry\n|-damage|p2a: Shiftry|184/305\n|-boost|p1a: Incineroar|spe|1\n|\n|upkeep\n|turn|12\n|\n|t:|1771251820\n|switch|p2a: Mienshao|Mienshao, L83, M|244/244\n|-damage|p2a: Mienshao|229/244|[from] Stealth Rock\n|move|p1a: Incineroar|Flare Blitz|p2a: Mienshao\n|-damage|p2a: Mienshao|57/244\n|-damage|p1a: Incineroar|149/290|[from] Recoil\n|\n|upkeep\n|turn|13\n|\n|t:|1771251826\n|switch|p1a: Venusaur|Venusaur, L84, F|212/272\n|-damage|p1a: Venusaur|178/272|[from] Stealth Rock\n|move|p2a: Mienshao|Close Combat|p1a: Venusaur\n|-resisted|p1a: Venusaur\n|-damage|p1a: Venusaur|66/272\n|-unboost|p2a: Mienshao|def|1\n|-unboost|p2a: Mienshao|spd|1\n|-damage|p2a: Mienshao|33/244|[from] item: Life Orb\n|\n|-heal|p1a: Venusaur|83/272|[from] item: Leftovers\n|upkeep\n|turn|14\n|\n|t:|1771251837\n|move|p2a: Mienshao|Triple Axel|p1a: Venusaur\n|-supereffective|p1a: Venusaur\n|-damage|p1a: Venusaur|36/272\n|-supereffective|p1a: Venusaur\n|-damage|p1a: Venusaur|0 fnt\n|faint|p1a: Venusaur\n|-hitcount|p1: Venusaur|2\n|-damage|p2a: Mienshao|9/244|[from] item: Life Orb\n|\n|upkeep\n|\n|t:|1771251844\n|switch|p1a: Incineroar|Incineroar, L82, F|149/290\n|-damage|p1a: Incineroar|77/290|[from] Stealth Rock\n|-ability|p1a: Incineroar|Intimidate|boost\n|-unboost|p2a: Mienshao|atk|1\n|turn|15\n|\n|t:|1771251850\n|switch|p2a: Flutter Mane|Flutter Mane, L74|203/203\n|-damage|p2a: Flutter Mane|178/203|[from] Stealth Rock\n|move|p1a: Incineroar|Trailblaze|p2a: Flutter Mane\n|-damage|p2a: Flutter Mane|118/203\n|-boost|p1a: Incineroar|spe|1\n|\n|upkeep\n|turn|16\n|\n|t:|1771251858\n|move|p2a: Flutter Mane|Moonblast|p1a: Incineroar\n|-damage|p1a: Incineroar|0 fnt\n|faint|p1a: Incineroar\n|-damage|p2a: Flutter Mane|98/203|[from] item: Life Orb\n|\n|upkeep\n|\n|t:|1771251862\n|switch|p1a: Tropius|Tropius, L91, F|328/328\n|-damage|p1a: Tropius|246/328|[from] Stealth Rock\n|turn|17\n|\n|t:|1771251874\n|-end|p2a: Flutter Mane|Protosynthesis|[silent]\n|switch|p2a: Shiftry|Shiftry, L89, F|184/305\n|-damage|p2a: Shiftry|146/305|[from] Stealth Rock\n|-terastallize|p1a: Tropius|Ground\n|move|p1a: Tropius|Dragon Dance|p1a: Tropius\n|-boost|p1a: Tropius|atk|1\n|-boost|p1a: Tropius|spe|1\n|\n|upkeep\n|turn|18\n|\n|t:|1771251878\n|move|p1a: Tropius|Dual Wingbeat|p2a: Shiftry\n|-supereffective|p2a: Shiftry\n|-damage|p2a: Shiftry|8/305\n|-supereffective|p2a: Shiftry\n|-damage|p2a: Shiftry|0 fnt\n|faint|p2a: Shiftry\n|-hitcount|p2: Shiftry|2\n|\n|upkeep\n|\n|t:|1771251886\n|switch|p2a: Flutter Mane|Flutter Mane, L74|98/203\n|-damage|p2a: Flutter Mane|73/203|[from] Stealth Rock\n|turn|19\n|\n|t:|1771251894\n|move|p2a: Flutter Mane|Moonblast|p1a: Tropius\n|-damage|p1a: Tropius|128/328\n|-unboost|p1a: Tropius|spa|1\n|-enditem|p1a: Tropius|Sitrus Berry|[eat]\n|-heal|p1a: Tropius|210/328|[from] item: Sitrus Berry\n|-damage|p2a: Flutter Mane|53/203|[from] item: Life Orb\n|move|p1a: Tropius|Dragon Dance|p1a: Tropius\n|-boost|p1a: Tropius|atk|1\n|-boost|p1a: Tropius|spe|1\n|\n|upkeep\n|turn|20\n|\n|t:|1771251906\n|move|p1a: Tropius|Dragon Dance|p1a: Tropius\n|-boost|p1a: Tropius|atk|1\n|-boost|p1a: Tropius|spe|1\n|move|p2a: Flutter Mane|Moonblast|p1a: Tropius\n|-damage|p1a: Tropius|84/328\n|-damage|p2a: Flutter Mane|33/203|[from] item: Life Orb\n|\n|-item|p1a: Tropius|Sitrus Berry|[from] ability: Harvest\n|upkeep\n|-enditem|p1a: Tropius|Sitrus Berry|[eat]\n|-heal|p1a: Tropius|166/328|[from] item: Sitrus Berry\n|turn|21\n|\n|t:|1771251912\n|move|p1a: Tropius|Synthesis|p1a: Tropius\n|-heal|p1a: Tropius|328/328\n|move|p2a: Flutter Mane|Moonblast|p1a: Tropius\n|-damage|p1a: Tropius|198/328\n|-damage|p2a: Flutter Mane|13/203|[from] item: Life Orb\n|\n|-item|p1a: Tropius|Sitrus Berry|[from] ability: Harvest\n|upkeep\n|turn|22\n|\n|t:|1771251927\n|move|p1a: Tropius|Earthquake|p2a: Flutter Mane\n|-damage|p2a: Flutter Mane|0 fnt\n|faint|p2a: Flutter Mane\n|-end|p2a: Flutter Mane|Protosynthesis|[silent]\n|\n|upkeep\n|\n|t:|1771251933\n|switch|p2a: Darkrai|Darkrai, L77|234/234\n|-damage|p2a: Darkrai|205/234|[from] Stealth Rock\n|turn|23\n|\n|t:|1771251938\n|move|p1a: Tropius|Earthquake|p2a: Darkrai\n|-damage|p2a: Darkrai|0 fnt\n|faint|p2a: Darkrai\n|\n|upkeep\n|\n|t:|1771251942\n|switch|p2a: Cresselia|Cresselia, L80, F, tera:Poison|323/323\n|-damage|p2a: Cresselia|283/323|[from] Stealth Rock\n|turn|24\n|\n|t:|1771251948\n|move|p1a: Tropius|Dual Wingbeat|p2a: Cresselia\n|-damage|p2a: Cresselia|190/323\n|-damage|p2a: Cresselia|108/323\n|-hitcount|p2a: Cresselia|2\n|move|p2a: Cresselia|Calm Mind|p2a: Cresselia\n|-boost|p2a: Cresselia|spa|1\n|-boost|p2a: Cresselia|spd|1\n|\n|-heal|p2a: Cresselia|128/323|[from] item: Leftovers\n|upkeep\n|turn|25\n|\n|t:|1771251952\n|move|p1a: Tropius|Dual Wingbeat|p2a: Cresselia\n|-damage|p2a: Cresselia|49/323\n|-damage|p2a: Cresselia|0 fnt\n|faint|p2a: Cresselia\n|-hitcount|p2: Cresselia|2\n|\n|upkeep\n|\n|t:|1771251955\n|switch|p2a: Mienshao|Mienshao, L83, M|90/244\n|-damage|p2a: Mienshao|75/244|[from] Stealth Rock\n|turn|26\n|\n|t:|1771251959\n|move|p1a: Tropius|Earthquake|p2a: Mienshao\n|-damage|p2a: Mienshao|0 fnt\n|faint|p2a: Mienshao\n|\n|win|Orocan\n|raw|Orocan's rating: 1922 &rarr; <strong>1939</strong><br />(+17 for winning)\n|raw|TTanner0034's rating: 1864 &rarr; <strong>1847</strong><br />(-17 for losing)\n|l|☆TTanner0034\n|player|p2|\n", "inputlog": ">version 686819e5e19f8a7fd2345cfc5a08a5085efa2cc3\n>start {\"formatid\":\"gen9randombattle\",\"seed\":\"sodium,35c697f1846292c3ca060fed02984ea5\",\"rated\":\"Rated battle\"}\n>player p1 {\"name\":\"Orocan\",\"avatar\":\"veteran\",\"rating\":1922,\"seed\":\"sodium,a6eed5b700f4de515e7f58afc2e35a81\"}\n>player p2 {\"name\":\"TTanner0034\",\"avatar\":\"101\",\"rating\":1864,\"seed\":\"sodium,80ff52cd8131dcd0a0fb36b9826d994d\"}\n>p1 switch 2\n>p2 switch 6\n>p1 move trailblaze\n>p2 move uturn\n>p2 switch 2\n>p1 switch 4\n>p2 switch 2\n>p1 move toxic\n>p2 move stealthrock\n>p1 move knockoff\n>p2 move uturn\n>p2 switch 4\n>p1 move toxic\n>p2 move thunderbolt terastallize\n>p1 switch 6\n>p2 move psyshock\n>p1 move uturn\n>p2 switch 4\n>p1 switch 2\n>p1 move stoneaxe\n>p2 move stoneedge\n>p2 switch 3\n>p1 move stoneaxe\n>p2 move knockoff\n>p1 switch 4\n>p1 move trailblaze\n>p2 move knockoff\n>p1 move flareblitz\n>p2 switch 2\n>p1 switch 6\n>p2 move closecombat\n>p1 move synthesis\n>p2 move tripleaxel\n>p1 switch 6\n>p1 move trailblaze\n>p2 switch 6\n>p1 move flareblitz\n>p2 move moonblast\n>p1 switch 3\n>p1 move dragondance terastallize\n>p2 switch 2\n>p1 move dualwingbeat\n>p2 move knockoff\n>p2 switch 2\n>p1 move dragondance\n>p2 move moonblast\n>p1 move dragondance\n>p2 move moonblast\n>p1 move synthesis\n>p2 move moonblast\n>p1 move earthquake\n>p2 move moonblast\n>p2 switch 5\n>p1 move earthquake\n>p2 move darkpulse\n>p2 switch 4\n>p1 move dualwingbeat\n>p2 move calmmind\n>p1 move dualwingbeat\n>p2 move moonlight\n>p2 switch 6\n>p1 move earthquake\n>p2 move tripleaxel", "uploadtime": 1771251965, "views": 6, "formatid": "gen9randombattle", "rating": 1847, "private": 0, "password": null}