{"id": "gen9randombattle-2540833353", "format": "[Gen 9] Random Battle", "players": ["phoenix117", "Axtell"], "log": "|j|☆phoenix117\n|j|☆Axtell\n|t:|1771258768\n|gametype|singles\n|player|p1|phoenix117|alder|1805\n|player|p2|Axtell|cynthia|1798\n|gen|9\n|tier|[Gen 9] Random Battle\n|rated|\n|rule|Species Clause: Limit one of each Pokémon\n|rule|HP Percentage Mod: HP is shown in percentages\n|rule|Sleep Clause Mod: Limit one foe put to sleep\n|rule|Illusion Level Mod: Illusion disguises the Pokémon's true level\n|\n|t:|1771258768\n|teamsize|p1|6\n|teamsize|p2|6\n|start\n|switch|p1a: Abomasnow|Abomasnow, L84, F|287/287\n|switch|p2a: Baxcalibur|Baxcalibur, L75, F|295/295\n|-weather|Snowscape|[from] ability: Snow Warning|[of] p1a: Abomasnow\n|turn|1\n|inactive|Battle timer is ON: inactive players will automatically lose when time's up. (requested by Axtell)\n|\n|t:|1771258797\n|switch|p2a: Armarouge|Armarouge, L80, M|267/267\n|move|p1a: Abomasnow|Aurora Veil|p1a: Abomasnow\n|-sidestart|p1: phoenix117|move: Aurora Veil\n|\n|-weather|Snowscape|[upkeep]\n|upkeep\n|turn|2\n|inactive|phoenix117 has 120 seconds left.\n|\n|t:|1771258835\n|switch|p1a: Scream Tail|Scream Tail, L84|330/330\n|move|p2a: Armarouge|Armor Cannon|p1a: Scream Tail\n|-damage|p1a: Scream Tail|241/330\n|-unboost|p2a: Armarouge|def|1\n|-unboost|p2a: Armarouge|spd|1\n|\n|-weather|Snowscape|[upkeep]\n|-heal|p1a: Scream Tail|261/330|[from] item: Leftovers\n|upkeep\n|turn|3\n|inactive|phoenix117 has 120 seconds left.\n|\n|t:|1771258844\n|switch|p2a: Garganacl|Garganacl, L80, M|291/291\n|move|p1a: Scream Tail|Play Rough|p2a: Garganacl\n|-damage|p2a: Garganacl|236/291\n|\n|-weather|Snowscape|[upkeep]\n|-heal|p1a: Scream Tail|281/330|[from] item: Leftovers\n|-heal|p2a: Garganacl|254/291|[from] item: Leftovers\n|upkeep\n|turn|4\n|\n|t:|1771258851\n|move|p1a: Scream Tail|Wish|p1a: Scream Tail\n|move|p2a: Garganacl|Stealth Rock|p1a: Scream Tail\n|-sidestart|p1: phoenix117|move: Stealth Rock\n|\n|-weather|Snowscape|[upkeep]\n|-heal|p1a: Scream Tail|301/330|[from] item: Leftovers\n|-heal|p2a: Garganacl|272/291|[from] item: Leftovers\n|upkeep\n|turn|5\n|\n|t:|1771258856\n|move|p1a: Scream Tail|Encore|p2a: Garganacl\n|-start|p2a: Garganacl|Encore\n|move|p2a: Garganacl|Stealth Rock||[still]\n|-fail|p2a: Garganacl\n|\n|-weather|none\n|-heal|p1a: Scream Tail|330/330|[from] move: Wish|[wisher] Scream Tail\n|-heal|p2a: Garganacl|290/291|[from] item: Leftovers\n|upkeep\n|turn|6\n|\n|t:|1771258860\n|move|p1a: Scream Tail|Play Rough|p2a: Garganacl\n|-damage|p2a: Garganacl|232/291\n|move|p2a: Garganacl|Stealth Rock||[still]\n|-fail|p2a: Garganacl\n|\n|-heal|p2a: Garganacl|250/291|[from] item: Leftovers\n|upkeep\n|turn|7\n|\n|t:|1771258862\n|move|p1a: Scream Tail|Play Rough|p2a: Garganacl\n|-damage|p2a: Garganacl|198/291\n|move|p2a: Garganacl|Stealth Rock||[still]\n|-fail|p2a: Garganacl\n|\n|-heal|p2a: Garganacl|216/291|[from] item: Leftovers\n|-end|p2a: Garganacl|Encore\n|upkeep\n|turn|8\n|\n|t:|1771258864\n|move|p2a: Garganacl|Protect|p2a: Garganacl\n|-singleturn|p2a: Garganacl|Protect\n|move|p1a: Scream Tail|Encore|p2a: Garganacl\n|-activate|p2a: Garganacl|move: Protect\n|\n|-heal|p2a: Garganacl|234/291|[from] item: Leftovers\n|-sideend|p1: phoenix117|move: Aurora Veil\n|upkeep\n|turn|9\n|\n|t:|1771258891\n|move|p1a: Scream Tail|Wish|p1a: Scream Tail\n|move|p2a: Garganacl|Salt Cure|p1a: Scream Tail\n|-damage|p1a: Scream Tail|291/330\n|-start|p1a: Scream Tail|Salt Cure\n|\n|-heal|p1a: Scream Tail|311/330|[from] item: Leftovers\n|-heal|p2a: Garganacl|252/291|[from] item: Leftovers\n|-damage|p1a: Scream Tail|270/330|[from] Salt Cure\n|upkeep\n|turn|10\n|\n|t:|1771258900\n|-end|p1a: Scream Tail|Protosynthesis|[silent]\n|switch|p1a: Meganium|Meganium, L90, M|290/290\n|-damage|p1a: Meganium|254/290|[from] Stealth Rock\n|move|p2a: Garganacl|Salt Cure|p1a: Meganium\n|-damage|p1a: Meganium|217/290\n|-start|p1a: Meganium|Salt Cure\n|\n|-heal|p1a: Meganium|290/290|[from] move: Wish|[wisher] Scream Tail\n|-heal|p2a: Garganacl|270/291|[from] item: Leftovers\n|-damage|p1a: Meganium|254/290|[from] Salt Cure\n|upkeep\n|turn|11\n|\n|t:|1771258918\n|switch|p2a: Tinkaton|Tinkaton, L82, F|274/274\n|-ability|p2a: Tinkaton|Mold Breaker\n|move|p1a: Meganium|Swords Dance|p1a: Meganium\n|-boost|p1a: Meganium|atk|2\n|\n|-heal|p1a: Meganium|272/290|[from] item: Leftovers\n|-damage|p1a: Meganium|236/290|[from] Salt Cure\n|upkeep\n|turn|12\n|\n|t:|1771258930\n|move|p2a: Tinkaton|Encore|p1a: Meganium\n|-start|p1a: Meganium|Encore\n|move|p1a: Meganium|Swords Dance|p1a: Meganium\n|-boost|p1a: Meganium|atk|2\n|\n|-heal|p1a: Meganium|254/290|[from] item: Leftovers\n|-damage|p1a: Meganium|218/290|[from] Salt Cure\n|upkeep\n|turn|13\n|\n|t:|1771258940\n|switch|p1a: Solgaleo|Solgaleo, L74|325/325\n|-damage|p1a: Solgaleo|305/325|[from] Stealth Rock\n|move|p2a: Tinkaton|Thunder Wave|p1a: Solgaleo\n|-status|p1a: Solgaleo|par\n|\n|upkeep\n|turn|14\n|\n|t:|1771258968\n|switch|p2a: Armarouge|Armarouge, L80, M|267/267\n|move|p1a: Solgaleo|Earthquake|p2a: Armarouge\n|-supereffective|p2a: Armarouge\n|-damage|p2a: Armarouge|123/267\n|-ability|p2a: Armarouge|Weak Armor|boost\n|-unboost|p2a: Armarouge|def|1\n|-boost|p2a: Armarouge|spe|2\n|\n|upkeep\n|turn|15\n|\n|t:|1771258973\n|move|p2a: Armarouge|Armor Cannon|p1a: Solgaleo\n|-supereffective|p1a: Solgaleo\n|-damage|p1a: Solgaleo|0 fnt\n|-unboost|p2a: Armarouge|def|1\n|-unboost|p2a: Armarouge|spd|1\n|faint|p1a: Solgaleo\n|\n|upkeep\n|\n|t:|1771258990\n|switch|p1a: Scream Tail|Scream Tail, L84|270/330\n|-damage|p1a: Scream Tail|229/330|[from] Stealth Rock\n|turn|16\n|\n|t:|1771258994\n|move|p2a: Armarouge|Armor Cannon|p1a: Scream Tail\n|-damage|p1a: Scream Tail|61/330\n|-unboost|p2a: Armarouge|def|1\n|-unboost|p2a: Armarouge|spd|1\n|move|p1a: Scream Tail|Wish|p1a: Scream Tail\n|\n|-heal|p1a: Scream Tail|81/330|[from] item: Leftovers\n|upkeep\n|turn|17\n|\n|t:|1771259004\n|move|p1a: Scream Tail|Protect|p1a: Scream Tail\n|-singleturn|p1a: Scream Tail|Protect\n|move|p2a: Armarouge|Armor Cannon|p1a: Scream Tail\n|-activate|p1a: Scream Tail|move: Protect\n|\n|-heal|p1a: Scream Tail|246/330|[from] move: Wish|[wisher] Scream Tail\n|-heal|p1a: Scream Tail|266/330|[from] item: Leftovers\n|upkeep\n|turn|18\n|\n|t:|1771259013\n|move|p2a: Armarouge|Armor Cannon|p1a: Scream Tail\n|-damage|p1a: Scream Tail|103/330\n|-unboost|p2a: Armarouge|def|1\n|-unboost|p2a: Armarouge|spd|1\n|move|p1a: Scream Tail|Wish|p1a: Scream Tail\n|\n|-heal|p1a: Scream Tail|123/330|[from] item: Leftovers\n|upkeep\n|turn|19\n|\n|t:|1771259027\n|switch|p2a: Rillaboom|Rillaboom, L79, F|288/288\n|-fieldstart|move: Grassy Terrain|[from] ability: Grassy Surge|[of] p2a: Rillaboom\n|move|p1a: Scream Tail|Protect||[still]\n|-fail|p1a: Scream Tail\n|\n|-heal|p1a: Scream Tail|288/330|[from] move: Wish|[wisher] Scream Tail\n|-heal|p1a: Scream Tail|308/330|[from] Grassy Terrain\n|-heal|p1a: Scream Tail|328/330|[from] item: Leftovers\n|upkeep\n|turn|20\n|\n|t:|1771259035\n|move|p1a: Scream Tail|Wish|p1a: Scream Tail\n|move|p2a: Rillaboom|Swords Dance|p2a: Rillaboom\n|-boost|p2a: Rillaboom|atk|2\n|\n|-heal|p1a: Scream Tail|330/330|[from] Grassy Terrain\n|upkeep\n|turn|21\n|\n|t:|1771259045\n|move|p1a: Scream Tail|Encore|p2a: Rillaboom\n|-start|p2a: Rillaboom|Encore\n|move|p2a: Rillaboom|Swords Dance|p2a: Rillaboom\n|-boost|p2a: Rillaboom|atk|2\n|\n|upkeep\n|turn|22\n|\n|t:|1771259048\n|move|p1a: Scream Tail|Play Rough|p2a: Rillaboom\n|-damage|p2a: Rillaboom|215/288\n|move|p2a: Rillaboom|Swords Dance|p2a: Rillaboom\n|-boost|p2a: Rillaboom|atk|2\n|\n|-heal|p2a: Rillaboom|233/288|[from] Grassy Terrain\n|upkeep\n|turn|23\n|\n|t:|1771259051\n|move|p1a: Scream Tail|Play Rough|p2a: Rillaboom\n|-damage|p2a: Rillaboom|157/288\n|move|p2a: Rillaboom|Swords Dance|p2a: Rillaboom\n|-boost|p2a: Rillaboom|atk|0\n|\n|-heal|p2a: Rillaboom|175/288|[from] Grassy Terrain\n|-end|p2a: Rillaboom|Encore\n|-fieldend|move: Grassy Terrain\n|upkeep\n|turn|24\n|\n|t:|1771259059\n|switch|p2a: Tinkaton|Tinkaton, L82, F|274/274\n|-ability|p2a: Tinkaton|Mold Breaker\n|move|p1a: Scream Tail|Encore||[still]\n|-fail|p1a: Scream Tail\n|\n|upkeep\n|turn|25\n|\n|t:|1771259065\n|move|p1a: Scream Tail|Protect|p1a: Scream Tail\n|-singleturn|p1a: Scream Tail|Protect\n|move|p2a: Tinkaton|Gigaton Hammer|p1a: Scream Tail\n|-activate|p1a: Scream Tail|move: Protect\n|\n|upkeep\n|turn|26\n|\n|t:|1771259069\n|move|p1a: Scream Tail|Encore|p2a: Tinkaton\n|-start|p2a: Tinkaton|Encore\n|move|p2a: Tinkaton|Gigaton Hammer|p1a: Scream Tail\n|-supereffective|p1a: Scream Tail\n|-damage|p1a: Scream Tail|78/330\n|-hint|Some effects can force a Pokemon to use Gigaton Hammer again in a row.\n|\n|-heal|p1a: Scream Tail|98/330|[from] item: Leftovers\n|upkeep\n|turn|27\n|\n|t:|1771259076\n|move|p1a: Scream Tail|Wish|p1a: Scream Tail\n|-activate|p2a: Tinkaton|move: Struggle\n|move|p2a: Tinkaton|Struggle|p1a: Scream Tail\n|-crit|p1a: Scream Tail\n|-damage|p1a: Scream Tail|60/330\n|-damage|p2a: Tinkaton|205/274|[from] recoil\n|\n|-heal|p1a: Scream Tail|80/330|[from] item: Leftovers\n|-heal|p2a: Tinkaton|222/274|[from] item: Leftovers\n|upkeep\n|turn|28\n|\n|t:|1771259082\n|switch|p2a: Rillaboom|Rillaboom, L79, F|175/288\n|-fieldstart|move: Grassy Terrain|[from] ability: Grassy Surge|[of] p2a: Rillaboom\n|move|p1a: Scream Tail|Protect||[still]\n|-fail|p1a: Scream Tail\n|\n|-heal|p1a: Scream Tail|245/330|[from] move: Wish|[wisher] Scream Tail\n|-heal|p1a: Scream Tail|265/330|[from] Grassy Terrain\n|-heal|p1a: Scream Tail|285/330|[from] item: Leftovers\n|-heal|p2a: Rillaboom|193/288|[from] Grassy Terrain\n|upkeep\n|turn|29\n|\n|t:|1771259086\n|move|p1a: Scream Tail|Protect|p1a: Scream Tail\n|-singleturn|p1a: Scream Tail|Protect\n|move|p2a: Rillaboom|Swords Dance|p2a: Rillaboom\n|-boost|p2a: Rillaboom|atk|2\n|\n|-heal|p1a: Scream Tail|305/330|[from] Grassy Terrain\n|-heal|p1a: Scream Tail|325/330|[from] item: Leftovers\n|-heal|p2a: Rillaboom|211/288|[from] Grassy Terrain\n|upkeep\n|turn|30\n|\n|t:|1771259089\n|-terastallize|p2a: Rillaboom|Grass\n|move|p2a: Rillaboom|Grassy Glide|p1a: Scream Tail\n|-crit|p1a: Scream Tail\n|-damage|p1a: Scream Tail|0 fnt\n|faint|p1a: Scream Tail\n|-end|p1a: Scream Tail|Protosynthesis|[silent]\n|-damage|p2a: Rillaboom|183/288|[from] item: Life Orb\n|\n|-heal|p2a: Rillaboom|201/288|[from] Grassy Terrain\n|upkeep\n|-message|phoenix117 forfeited.\n|\n|win|Axtell\n|raw|phoenix117's rating: 1805 &rarr; <strong>1785</strong><br />(-20 for losing)\n|raw|Axtell's rating: 1798 &rarr; <strong>1818</strong><br />(+20 for winning)\n|l|☆phoenix117\n|player|p1|\n", "inputlog": ">version 686819e5e19f8a7fd2345cfc5a08a5085efa2cc3\n>start {\"formatid\":\"gen9randombattle\",\"seed\":\"sodium,90d2a448ca064174ea7c953a3eec236a\",\"rated\":\"Rated battle\"}\n>player p1 {\"name\":\"phoenix117\",\"avatar\":\"alder\",\"rating\":1805,\"seed\":\"sodium,ac01e28ec13de82f2cdc8330bc7ca802\"}\n>player p2 {\"name\":\"Axtell\",\"avatar\":\"cynthia\",\"rating\":1798,\"seed\":\"sodium,fb6aa49e0b0f058cb34fb3c931b582e9\"}\n>p1 move auroraveil\n>p2 switch 2\n>p1 switch 6\n>p2 move armorcannon\n>p1 move playrough\n>p2 switch 3\n>p1 move wish\n>p2 move stealthrock\n>p1 move encore\n>p2 move saltcure\n>p1 move playrough\n>p2 move stealthrock\n>p1 move playrough\n>p2 move stealthrock\n>p1 move encore\n>p2 move protect\n>p1 move wish\n>p2 move saltcure\n>p1 switch 3\n>p2 move saltcure\n>p1 move swordsdance\n>p2 switch 5\n>p1 move earthquake\n>p2 move encore\n>p1 switch 5\n>p2 move thunderwave\n>p1 move earthquake\n>p2 switch 3\n>p1 move earthquake\n>p2 move armorcannon\n>p1 switch 3\n>p1 move wish\n>p2 move armorcannon\n>p1 move protect\n>p2 move armorcannon\n>p1 move wish\n>p2 move armorcannon\n>p1 move protect\n>p2 switch 4\n>p1 move wish\n>p2 move swordsdance\n>p1 move encore\n>p2 move swordsdance\n>p1 move playrough\n>p2 move swordsdance\n>p1 move playrough\n>p2 move swordsdance\n>p1 move encore\n>p2 switch 3\n>p1 move protect\n>p2 move gigatonhammer\n>p1 move encore\n>p2 move thunderwave\n>p1 move wish\n>p2 move struggle\n>p1 move protect\n>p2 switch 3\n>p1 move protect\n>p2 move swordsdance\n>p1 move encore\n>p2 move grassyglide terastallize\n>forcelose p1", "uploadtime": 1771259098, "views": 5, "formatid": "gen9randombattle", "rating": 1785, "private": 0, "password": null}