{"id": "gen9randombattle-2540401990", "format": "[Gen 9] Random Battle", "players": ["DaisyRidleyOP", "Micael Lopes"], "log": "|j|☆DaisyRidleyOP\n|j|☆Micael Lopes\n|t:|1771197612\n|gametype|singles\n|player|p1|DaisyRidleyOP|169|1865\n|player|p2|Micael Lopes|benga|1867\n|gen|9\n|tier|[Gen 9] Random Battle\n|rated|\n|rule|Species Clause: Limit one of each Pokémon\n|rule|HP Percentage Mod: HP is shown in percentages\n|rule|Sleep Clause Mod: Limit one foe put to sleep\n|rule|Illusion Level Mod: Illusion disguises the Pokémon's true level\n|\n|t:|1771197612\n|teamsize|p1|6\n|teamsize|p2|6\n|start\n|switch|p1a: Glaceon|Glaceon, L94, F|275/275\n|switch|p2a: Komala|Komala, L89, M|260/260\n|-ability|p2a: Komala|Comatose\n|turn|1\n|inactive|Battle timer is ON: inactive players will automatically lose when time's up. (requested by Micael Lopes)\n|\n|t:|1771197624\n|move|p1a: Glaceon|Protect|p1a: Glaceon\n|-singleturn|p1a: Glaceon|Protect\n|move|p2a: Komala|Knock Off|p1a: Glaceon\n|-activate|p1a: Glaceon|move: Protect\n|\n|upkeep\n|turn|2\n|\n|t:|1771197629\n|move|p1a: Glaceon|Freeze-Dry|p2a: Komala\n|-damage|p2a: Komala|196/260\n|move|p2a: Komala|Knock Off|p1a: Glaceon\n|-damage|p1a: Glaceon|214/275\n|-enditem|p1a: Glaceon|Heavy-Duty Boots|[from] move: Knock Off|[of] p2a: Komala\n|\n|upkeep\n|turn|3\n|\n|t:|1771197658\n|move|p1a: Glaceon|Wish|p1a: Glaceon\n|move|p2a: Komala|Rapid Spin|p1a: Glaceon\n|-damage|p1a: Glaceon|163/275\n|-boost|p2a: Komala|spe|1\n|\n|upkeep\n|turn|4\n|\n|t:|1771197686\n|move|p2a: Komala|Body Slam|p1a: Glaceon\n|-damage|p1a: Glaceon|69/275\n|move|p1a: Glaceon|Freeze-Dry|p2a: Komala\n|-damage|p2a: Komala|123/260\n|\n|-heal|p1a: Glaceon|206/275|[from] move: Wish|[wisher] Glaceon\n|upkeep\n|turn|5\n|\n|t:|1771197696\n|move|p2a: Komala|Body Slam|p1a: Glaceon\n|-damage|p1a: Glaceon|122/275\n|move|p1a: Glaceon|Wish|p1a: Glaceon\n|\n|upkeep\n|turn|6\n|\n|t:|1771197701\n|move|p1a: Glaceon|Protect|p1a: Glaceon\n|-singleturn|p1a: Glaceon|Protect\n|move|p2a: Komala|Body Slam|p1a: Glaceon\n|-activate|p1a: Glaceon|move: Protect\n|\n|-heal|p1a: Glaceon|259/275|[from] move: Wish|[wisher] Glaceon\n|upkeep\n|turn|7\n|\n|t:|1771197705\n|move|p2a: Komala|Body Slam|p1a: Glaceon\n|-damage|p1a: Glaceon|175/275\n|move|p1a: Glaceon|Wish|p1a: Glaceon\n|\n|upkeep\n|turn|8\n|\n|t:|1771197727\n|move|p2a: Komala|Body Slam|p1a: Glaceon\n|-damage|p1a: Glaceon|91/275\n|move|p1a: Glaceon|Freeze-Dry|p2a: Komala\n|-damage|p2a: Komala|53/260\n|\n|-heal|p1a: Glaceon|228/275|[from] move: Wish|[wisher] Glaceon\n|upkeep\n|turn|9\n|\n|t:|1771197739\n|move|p2a: Komala|Body Slam|p1a: Glaceon\n|-damage|p1a: Glaceon|137/275\n|move|p1a: Glaceon|Wish|p1a: Glaceon\n|\n|upkeep\n|turn|10\n|\n|t:|1771197747\n|move|p2a: Komala|Body Slam|p1a: Glaceon\n|-damage|p1a: Glaceon|52/275\n|move|p1a: Glaceon|Freeze-Dry|p2a: Komala\n|-damage|p2a: Komala|0 fnt\n|faint|p2a: Komala\n|\n|-heal|p1a: Glaceon|189/275|[from] move: Wish|[wisher] Glaceon\n|upkeep\n|\n|t:|1771197752\n|switch|p2a: Emboar|Emboar, L84, F|322/322\n|turn|11\n|\n|t:|1771197759\n|switch|p1a: Dondozo|Dondozo, L78, M|362/362\n|move|p2a: Emboar|Wild Charge|p1a: Dondozo\n|-supereffective|p1a: Dondozo\n|-damage|p1a: Dondozo|190/362\n|-damage|p2a: Emboar|279/322|[from] Recoil\n|\n|-heal|p1a: Dondozo|212/362|[from] item: Leftovers\n|upkeep\n|turn|12\n|\n|t:|1771197764\n|switch|p1a: Hippowdon|Hippowdon, L82, M|311/311\n|-weather|Sandstorm|[from] ability: Sand Stream|[of] p1a: Hippowdon\n|-terastallize|p2a: Emboar|Electric\n|move|p2a: Emboar|Wild Charge|p1a: Hippowdon\n|-immune|p1a: Hippowdon\n|\n|-weather|Sandstorm|[upkeep]\n|-damage|p2a: Emboar|259/322|[from] Sandstorm\n|upkeep\n|turn|13\n|\n|t:|1771197768\n|switch|p2a: Arboliva|Arboliva, L91, F|288/288\n|move|p1a: Hippowdon|Earthquake|p2a: Arboliva\n|-resisted|p2a: Arboliva\n|-damage|p2a: Arboliva|233/288\n|\n|-weather|Sandstorm|[upkeep]\n|-damage|p2a: Arboliva|215/288|[from] Sandstorm\n|upkeep\n|turn|14\n|\n|t:|1771197772\n|switch|p1a: Scyther|Scyther, L82, F|249/249\n|move|p2a: Arboliva|Leech Seed|p1a: Scyther\n|-start|p1a: Scyther|move: Leech Seed\n|\n|-weather|Sandstorm|[upkeep]\n|-damage|p1a: Scyther|234/249|[from] Sandstorm\n|-damage|p2a: Arboliva|197/288|[from] Sandstorm\n|-damage|p1a: Scyther|203/249|[from] Leech Seed|[of] p2a: Arboliva\n|-heal|p2a: Arboliva|228/288|[silent]\n|upkeep\n|turn|15\n|\n|t:|1771197789\n|move|p2a: Arboliva|Protect|p2a: Arboliva\n|-singleturn|p2a: Arboliva|Protect\n|move|p1a: Scyther|Bug Bite|p2a: Arboliva\n|-activate|p2a: Arboliva|move: Protect\n|\n|-weather|Sandstorm|[upkeep]\n|-damage|p1a: Scyther|188/249|[from] Sandstorm\n|-damage|p2a: Arboliva|210/288|[from] Sandstorm\n|-damage|p1a: Scyther|157/249|[from] Leech Seed|[of] p2a: Arboliva\n|-heal|p2a: Arboliva|241/288|[silent]\n|upkeep\n|turn|16\n|\n|t:|1771197798\n|switch|p2a: Emboar|Emboar, L84, F, tera:Electric|259/322\n|move|p1a: Scyther|Bug Bite|p2a: Emboar\n|-damage|p2a: Emboar|133/322\n|\n|-weather|none\n|-damage|p1a: Scyther|126/249|[from] Leech Seed|[of] p2a: Emboar\n|-heal|p2a: Emboar|164/322|[silent]\n|upkeep\n|turn|17\n|\n|t:|1771197806\n|switch|p1a: Hippowdon|Hippowdon, L82, M|311/311\n|-weather|Sandstorm|[from] ability: Sand Stream|[of] p1a: Hippowdon\n|move|p2a: Emboar|Flare Blitz|p1a: Hippowdon\n|-damage|p1a: Hippowdon|161/311\n|-damage|p2a: Emboar|114/322|[from] Recoil\n|\n|-weather|Sandstorm|[upkeep]\n|-damage|p2a: Emboar|94/322|[from] Sandstorm\n|-heal|p1a: Hippowdon|180/311|[from] item: Leftovers\n|upkeep\n|turn|18\n|inactive|DaisyRidleyOP has 120 seconds left.\n|\n|t:|1771197837\n|switch|p2a: Arboliva|Arboliva, L91, F|241/288\n|move|p1a: Hippowdon|Slack Off|p1a: Hippowdon\n|-heal|p1a: Hippowdon|311/311\n|\n|-weather|Sandstorm|[upkeep]\n|-damage|p2a: Arboliva|223/288|[from] Sandstorm\n|upkeep\n|turn|19\n|inactive|Micael Lopes has 120 seconds left.\n|\n|t:|1771197877\n|switch|p1a: Misdreavus|Misdreavus, L90, F|254/254\n|move|p2a: Arboliva|Hyper Voice|p1a: Misdreavus\n|-immune|p1a: Misdreavus\n|\n|-weather|Sandstorm|[upkeep]\n|-damage|p1a: Misdreavus|239/254|[from] Sandstorm\n|-damage|p2a: Arboliva|205/288|[from] Sandstorm\n|upkeep\n|turn|20\n|\n|t:|1771197883\n|move|p1a: Misdreavus|Will-O-Wisp|p2a: Arboliva\n|-status|p2a: Arboliva|brn\n|move|p2a: Arboliva|Leech Seed|p1a: Misdreavus|[miss]\n|-miss|p2a: Arboliva|p1a: Misdreavus\n|\n|-weather|Sandstorm|[upkeep]\n|-damage|p1a: Misdreavus|224/254|[from] Sandstorm\n|-damage|p2a: Arboliva|187/288 brn|[from] Sandstorm\n|-damage|p2a: Arboliva|169/288 brn|[from] brn\n|upkeep\n|turn|21\n|inactive|Micael Lopes has 120 seconds left.\n|\n|t:|1771197907\n|move|p1a: Misdreavus|Draining Kiss|p2a: Arboliva\n|-damage|p2a: Arboliva|137/288 brn\n|-heal|p1a: Misdreavus|248/254|[from] drain|[of] p2a: Arboliva\n|-enditem|p2a: Arboliva|Sitrus Berry|[eat]\n|-heal|p2a: Arboliva|209/288 brn|[from] item: Sitrus Berry\n|move|p2a: Arboliva|Leech Seed|p1a: Misdreavus\n|-start|p1a: Misdreavus|move: Leech Seed\n|\n|-weather|none\n|-damage|p1a: Misdreavus|217/254|[from] Leech Seed|[of] p2a: Arboliva\n|-heal|p2a: Arboliva|240/288 brn|[silent]\n|-damage|p2a: Arboliva|222/288 brn|[from] brn\n|upkeep\n|turn|22\n|\n|t:|1771197911\n|switch|p1a: Suicune|Suicune, L82|298/298\n|-ability|p1a: Suicune|Pressure\n|switch|p2a: Emboar|Emboar, L84, F, tera:Electric|94/322\n|\n|upkeep\n|turn|23\n|\n|t:|1771197917\n|switch|p1a: Hippowdon|Hippowdon, L82, M|311/311\n|-weather|Sandstorm|[from] ability: Sand Stream|[of] p1a: Hippowdon\n|switch|p2a: Meganium|Meganium, L90, M|290/290\n|\n|-weather|Sandstorm|[upkeep]\n|-damage|p2a: Meganium|272/290|[from] Sandstorm\n|-heal|p2a: Meganium|290/290|[from] item: Leftovers\n|upkeep\n|turn|24\n|\n|t:|1771197924\n|switch|p1a: Scyther|Scyther, L82, F|126/249\n|move|p2a: Meganium|Knock Off|p1a: Scyther\n|-damage|p1a: Scyther|46/249\n|-enditem|p1a: Scyther|Heavy-Duty Boots|[from] move: Knock Off|[of] p2a: Meganium\n|\n|-weather|Sandstorm|[upkeep]\n|-damage|p1a: Scyther|31/249|[from] Sandstorm\n|-damage|p2a: Meganium|272/290|[from] Sandstorm\n|-heal|p2a: Meganium|290/290|[from] item: Leftovers\n|upkeep\n|turn|25\n|\n|t:|1771197932\n|switch|p2a: Fezandipiti|Fezandipiti, L82, M|278/278\n|move|p1a: Scyther|Dual Wingbeat|p2a: Fezandipiti\n|-damage|p2a: Fezandipiti|206/278\n|-damage|p2a: Fezandipiti|127/278\n|-hitcount|p2a: Fezandipiti|2\n|\n|-weather|Sandstorm|[upkeep]\n|-damage|p1a: Scyther|16/249|[from] Sandstorm\n|-damage|p2a: Fezandipiti|110/278|[from] Sandstorm\n|upkeep\n|turn|26\n|\n|t:|1771197937\n|move|p1a: Scyther|Dual Wingbeat|p2a: Fezandipiti\n|-damage|p2a: Fezandipiti|37/278\n|-damage|p2a: Fezandipiti|0 fnt\n|faint|p2a: Fezandipiti\n|-hitcount|p2: Fezandipiti|2\n|\n|-weather|Sandstorm|[upkeep]\n|-damage|p1a: Scyther|1/249|[from] Sandstorm\n|upkeep\n|\n|t:|1771197941\n|switch|p2a: Emboar|Emboar, L84, F, tera:Electric|94/322\n|turn|27\n|\n|t:|1771197952\n|switch|p1a: Hippowdon|Hippowdon, L82, M|311/311\n|move|p2a: Emboar|Sucker Punch||[still]\n|-fail|p2a: Emboar\n|\n|-weather|none\n|upkeep\n|turn|28\n|\n|t:|1771197954\n|switch|p2a: Meganium|Meganium, L90, M|290/290\n|switch|p1a: Scyther|Scyther, L82, F|1/249\n|\n|upkeep\n|turn|29\n|\n|t:|1771197958\n|switch|p2a: Regice|Regice, L88|284/284\n|move|p1a: Scyther|Dual Wingbeat|p2a: Regice|[miss]\n|-miss|p1a: Scyther|p2a: Regice\n|\n|upkeep\n|turn|30\n|\n|t:|1771197962\n|switch|p1a: Glaceon|Glaceon, L94, F|189/275\n|move|p2a: Regice|Ice Beam|p1a: Glaceon\n|-resisted|p1a: Glaceon\n|-damage|p1a: Glaceon|147/275\n|\n|upkeep\n|turn|31\n|\n|t:|1771197965\n|move|p1a: Glaceon|Wish|p1a: Glaceon\n|move|p2a: Regice|Thunder Wave|p1a: Glaceon\n|-status|p1a: Glaceon|par\n|\n|upkeep\n|turn|32\n|\n|t:|1771197972\n|move|p2a: Regice|Thunderbolt|p1a: Glaceon\n|-damage|p1a: Glaceon|82/275 par\n|move|p1a: Glaceon|Freeze-Dry|p2a: Regice\n|-resisted|p2a: Regice\n|-damage|p2a: Regice|254/284\n|\n|-heal|p1a: Glaceon|219/275 par|[from] move: Wish|[wisher] Glaceon\n|upkeep\n|turn|33\n|\n|t:|1771197975\n|move|p2a: Regice|Body Press|p1a: Glaceon\n|-supereffective|p1a: Glaceon\n|-damage|p1a: Glaceon|129/275 par\n|move|p1a: Glaceon|Wish|p1a: Glaceon\n|\n|upkeep\n|turn|34\n|\n|t:|1771197988\n|switch|p2a: Arboliva|Arboliva, L91, F|222/288 brn\n|move|p1a: Glaceon|Freeze-Dry|p2a: Arboliva\n|-supereffective|p2a: Arboliva\n|-damage|p2a: Arboliva|42/288 brn\n|\n|-heal|p1a: Glaceon|266/275 par|[from] move: Wish|[wisher] Glaceon\n|-damage|p2a: Arboliva|24/288 brn|[from] brn\n|-item|p2a: Arboliva|Sitrus Berry|[from] ability: Harvest\n|upkeep\n|-enditem|p2a: Arboliva|Sitrus Berry|[eat]\n|-heal|p2a: Arboliva|96/288 brn|[from] item: Sitrus Berry\n|turn|35\n|\n|t:|1771197993\n|move|p2a: Arboliva|Leech Seed|p1a: Glaceon\n|-start|p1a: Glaceon|move: Leech Seed\n|move|p1a: Glaceon|Freeze-Dry|p2a: Arboliva\n|-supereffective|p2a: Arboliva\n|-damage|p2a: Arboliva|0 fnt\n|faint|p2a: Arboliva\n|\n|upkeep\n|l|☆DaisyRidleyOP\n|inactive|DaisyRidleyOP disconnected and has a minute to reconnect!\n|player|p1|\n|\n|t:|1771197996\n|switch|p2a: Emboar|Emboar, L84, F, tera:Electric|94/322\n|turn|36\n|inactive|DaisyRidleyOP has 30 seconds to reconnect!\n|inactive|DaisyRidleyOP has 20 seconds to reconnect!\n|inactive|DaisyRidleyOP has 15 seconds to reconnect!\n|inactive|DaisyRidleyOP has 10 seconds to reconnect!\n|inactive|DaisyRidleyOP has 5 seconds to reconnect!\n|-message|DaisyRidleyOP lost due to inactivity.\n|\n|win|Micael Lopes\n|raw|DaisyRidleyOP's rating: 1865 &rarr; <strong>1847</strong><br />(-18 for losing)\n|raw|Micael Lopes's rating: 1901 &rarr; <strong>1919</strong><br />(+18 for winning)\n|c|☆Micael Lopes|**__Sexy game.__**\n", "inputlog": ">version 686819e5e19f8a7fd2345cfc5a08a5085efa2cc3\n>start {\"formatid\":\"gen9randombattle\",\"seed\":\"sodium,52f6aadca4c4b8b88ba1ebf2a1d61a03\",\"rated\":\"Rated battle\"}\n>player p1 {\"name\":\"DaisyRidleyOP\",\"avatar\":\"169\",\"rating\":1865,\"seed\":\"sodium,c7fe9cd104b63c9d4fa5473b8a812965\"}\n>player p2 {\"name\":\"Micael Lopes\",\"avatar\":\"benga\",\"rating\":1867,\"seed\":\"sodium,c7ce791a1ea4085cb7675ceb9d2061e1\"}\n>p1 move protect\n>p2 move knockoff\n>p1 move freezedry\n>p2 move knockoff\n>p1 move wish\n>p2 move rapidspin\n>p1 move freezedry\n>p2 move bodyslam\n>p1 move wish\n>p2 move bodyslam\n>p1 move protect\n>p2 move bodyslam\n>p1 move wish\n>p2 move bodyslam\n>p1 move freezedry\n>p2 move bodyslam\n>p1 move wish\n>p2 move bodyslam\n>p1 move freezedry\n>p2 move bodyslam\n>p2 switch 6\n>p1 switch 3\n>p2 move wildcharge\n>p1 switch 6\n>p2 move wildcharge terastallize\n>p1 move earthquake\n>p2 switch 3\n>p1 switch 5\n>p2 move leechseed\n>p1 move bugbite\n>p2 move protect\n>p1 move bugbite\n>p2 switch 3\n>p1 switch 5\n>p2 move flareblitz\n>p1 move slackoff\n>p2 switch 3\n>p1 switch 2\n>p2 move hypervoice\n>p1 move willowisp\n>p2 move leechseed\n>p1 move drainingkiss\n>p2 move leechseed\n>p1 switch 4\n>p2 switch 3\n>p1 switch 2\n>p2 switch 2\n>p1 switch 5\n>p2 move knockoff\n>p1 move dualwingbeat\n>p2 switch 5\n>p1 move dualwingbeat\n>p2 move beatup\n>p2 switch 2\n>p1 switch 5\n>p2 move suckerpunch\n>p1 switch 5\n>p2 switch 5\n>p1 move dualwingbeat\n>p2 switch 4\n>p1 switch 3\n>p2 move icebeam\n>p1 move wish\n>p2 move thunderwave\n>p1 move freezedry\n>p2 move thunderbolt\n>p1 move wish\n>p2 move bodypress\n>p1 move freezedry\n>p2 switch 3\n>p1 move freezedry\n>p2 move leechseed\n>p2 switch 5\n>forcelose p1", "uploadtime": 1771198075, "views": 8, "formatid": "gen9randombattle", "rating": 1847, "private": 0, "password": null}