{"id": "gen9randombattle-2540189407", "format": "[Gen 9] Random Battle", "players": ["Foenembruzz", "SquidRoundpants"], "log": "|j|☆Foenembruzz\n|j|☆SquidRoundpants\n|t:|1771173721\n|gametype|singles\n|player|p1|Foenembruzz|n|1683\n|player|p2|SquidRoundpants|leon|1638\n|gen|9\n|tier|[Gen 9] Random Battle\n|rated|\n|rule|Species Clause: Limit one of each Pokémon\n|rule|HP Percentage Mod: HP is shown in percentages\n|rule|Sleep Clause Mod: Limit one foe put to sleep\n|rule|Illusion Level Mod: Illusion disguises the Pokémon's true level\n|\n|t:|1771173721\n|teamsize|p1|6\n|teamsize|p2|6\n|start\n|switch|p1a: Falinks|Falinks, L84|246/246\n|switch|p2a: Hippowdon|Hippowdon, L82, F|311/311\n|-weather|Sandstorm|[from] ability: Sand Stream|[of] p2a: Hippowdon\n|turn|1\n|inactive|Battle timer is ON: inactive players will automatically lose when time's up. (requested by SquidRoundpants)\n|inactive|Foenembruzz also wants the timer to be on.\n|inactive|SquidRoundpants has 120 seconds left.\n|inactive|SquidRoundpants has 90 seconds left.\n|\n|t:|1771173804\n|move|p1a: Falinks|No Retreat|p1a: Falinks\n|-boost|p1a: Falinks|atk|1\n|-boost|p1a: Falinks|def|1\n|-boost|p1a: Falinks|spa|1\n|-boost|p1a: Falinks|spd|1\n|-boost|p1a: Falinks|spe|1\n|-start|p1a: Falinks|move: No Retreat\n|move|p2a: Hippowdon|Curse|p2a: Hippowdon\n|-unboost|p2a: Hippowdon|spe|1\n|-boost|p2a: Hippowdon|atk|1\n|-boost|p2a: Hippowdon|def|1\n|\n|-weather|Sandstorm|[upkeep]\n|-damage|p1a: Falinks|231/246|[from] Sandstorm\n|upkeep\n|turn|2\n|l|☆Foenembruzz\n|inactive|Foenembruzz disconnected and has a minute to reconnect!\n|player|p1|\n|inactive|Foenembruzz has 30 seconds to reconnect!\n|j|☆Foenembruzz\n|inactive|Foenembruzz reconnected and has 120 seconds left.\n|player|p1|Foenembruzz|n|\n|\n|t:|1771173841\n|move|p1a: Falinks|Knock Off|p2a: Hippowdon\n|-crit|p2a: Hippowdon\n|-damage|p2a: Hippowdon|137/311\n|-enditem|p2a: Hippowdon|Leftovers|[from] move: Knock Off|[of] p1a: Falinks\n|-damage|p1a: Falinks|207/246|[from] item: Life Orb\n|move|p2a: Hippowdon|Curse|p2a: Hippowdon\n|-unboost|p2a: Hippowdon|spe|1\n|-boost|p2a: Hippowdon|atk|1\n|-boost|p2a: Hippowdon|def|1\n|\n|-weather|Sandstorm|[upkeep]\n|-damage|p1a: Falinks|192/246|[from] Sandstorm\n|upkeep\n|turn|3\n|inactive|Foenembruzz has 120 seconds left.\n|\n|t:|1771173852\n|move|p1a: Falinks|Close Combat|p2a: Hippowdon\n|-damage|p2a: Hippowdon|28/311\n|-unboost|p1a: Falinks|def|1\n|-unboost|p1a: Falinks|spd|1\n|-damage|p1a: Falinks|168/246|[from] item: Life Orb\n|move|p2a: Hippowdon|Slack Off|p2a: Hippowdon\n|-heal|p2a: Hippowdon|184/311\n|\n|-weather|Sandstorm|[upkeep]\n|-damage|p1a: Falinks|153/246|[from] Sandstorm\n|upkeep\n|turn|4\n|inactive|Foenembruzz has 120 seconds left.\n|\n|t:|1771173858\n|move|p1a: Falinks|Close Combat|p2a: Hippowdon\n|-damage|p2a: Hippowdon|83/311\n|-unboost|p1a: Falinks|def|1\n|-unboost|p1a: Falinks|spd|1\n|-damage|p1a: Falinks|129/246|[from] item: Life Orb\n|move|p2a: Hippowdon|Slack Off|p2a: Hippowdon\n|-heal|p2a: Hippowdon|239/311\n|\n|-weather|Sandstorm|[upkeep]\n|-damage|p1a: Falinks|114/246|[from] Sandstorm\n|upkeep\n|turn|5\n|\n|t:|1771173861\n|move|p1a: Falinks|Close Combat|p2a: Hippowdon\n|-damage|p2a: Hippowdon|134/311\n|-unboost|p1a: Falinks|def|1\n|-unboost|p1a: Falinks|spd|1\n|-damage|p1a: Falinks|90/246|[from] item: Life Orb\n|move|p2a: Hippowdon|Slack Off|p2a: Hippowdon\n|-heal|p2a: Hippowdon|290/311\n|\n|-weather|none\n|upkeep\n|turn|6\n|\n|t:|1771173866\n|move|p1a: Falinks|Close Combat|p2a: Hippowdon\n|-damage|p2a: Hippowdon|180/311\n|-unboost|p1a: Falinks|def|1\n|-unboost|p1a: Falinks|spd|1\n|-damage|p1a: Falinks|66/246|[from] item: Life Orb\n|move|p2a: Hippowdon|Curse|p2a: Hippowdon\n|-unboost|p2a: Hippowdon|spe|1\n|-boost|p2a: Hippowdon|atk|1\n|-boost|p2a: Hippowdon|def|1\n|\n|upkeep\n|turn|7\n|\n|t:|1771173874\n|move|p1a: Falinks|Close Combat|p2a: Hippowdon\n|-damage|p2a: Hippowdon|94/311\n|-unboost|p1a: Falinks|def|1\n|-unboost|p1a: Falinks|spd|1\n|-damage|p1a: Falinks|42/246|[from] item: Life Orb\n|move|p2a: Hippowdon|Slack Off|p2a: Hippowdon\n|-heal|p2a: Hippowdon|250/311\n|\n|upkeep\n|turn|8\n|\n|t:|1771173876\n|move|p1a: Falinks|Close Combat|p2a: Hippowdon\n|-damage|p2a: Hippowdon|163/311\n|-unboost|p1a: Falinks|def|1\n|-unboost|p1a: Falinks|spd|1\n|-damage|p1a: Falinks|18/246|[from] item: Life Orb\n|move|p2a: Hippowdon|Slack Off|p2a: Hippowdon\n|-heal|p2a: Hippowdon|311/311\n|\n|upkeep\n|turn|9\n|\n|t:|1771173879\n|move|p1a: Falinks|Close Combat|p2a: Hippowdon\n|-damage|p2a: Hippowdon|224/311\n|-unboost|p1a: Falinks|def|1\n|-unboost|p1a: Falinks|spd|1\n|-damage|p1a: Falinks|0 fnt|[from] item: Life Orb\n|faint|p1a: Falinks\n|move|p2a: Hippowdon|Curse|p2a: Hippowdon\n|-unboost|p2a: Hippowdon|spe|1\n|-boost|p2a: Hippowdon|atk|1\n|-boost|p2a: Hippowdon|def|1\n|\n|upkeep\n|\n|t:|1771173895\n|switch|p1a: Camerupt|Camerupt, L91, M|275/275\n|turn|10\n|\n|t:|1771173905\n|move|p1a: Camerupt|Overheat|p2a: Hippowdon\n|-damage|p2a: Hippowdon|8/311\n|-unboost|p1a: Camerupt|spa|2\n|move|p2a: Hippowdon|Earthquake|p1a: Camerupt\n|-supereffective|p1a: Camerupt\n|-crit|p1a: Camerupt\n|-damage|p1a: Camerupt|0 fnt\n|faint|p1a: Camerupt\n|\n|upkeep\n|\n|t:|1771173923\n|switch|p1a: Dragonite|Dragonite, L74, F|257/257\n|turn|11\n|\n|t:|1771173925\n|move|p1a: Dragonite|Earthquake|p2a: Hippowdon\n|-damage|p2a: Hippowdon|0 fnt\n|faint|p2a: Hippowdon\n|\n|upkeep\n|\n|t:|1771173950\n|switch|p2a: Volcanion|Volcanion, L79|255/255\n|turn|12\n|\n|t:|1771173962\n|switch|p1a: Klawf|Klawf, L90, M|272/272\n|move|p2a: Volcanion|Steam Eruption|p1a: Klawf\n|-supereffective|p1a: Klawf\n|-damage|p1a: Klawf|0 fnt\n|faint|p1a: Klawf\n|\n|upkeep\n|\n|t:|1771173979\n|switch|p1a: Dragonite|Dragonite, L74, F|257/257\n|turn|13\n|\n|t:|1771173982\n|move|p1a: Dragonite|Earthquake|p2a: Volcanion\n|-supereffective|p2a: Volcanion\n|-damage|p2a: Volcanion|133/255\n|move|p2a: Volcanion|Steam Eruption|p1a: Dragonite\n|-resisted|p1a: Dragonite\n|-damage|p1a: Dragonite|208/257\n|-status|p1a: Dragonite|brn\n|\n|-damage|p1a: Dragonite|192/257 brn|[from] brn\n|upkeep\n|turn|14\n|\n|t:|1771173988\n|switch|p2a: Archaludon|Archaludon, L78, M|268/268\n|move|p1a: Dragonite|Earthquake|p2a: Archaludon\n|-supereffective|p2a: Archaludon\n|-damage|p2a: Archaludon|210/268\n|-ability|p2a: Archaludon|Stamina|boost\n|-boost|p2a: Archaludon|def|1\n|\n|-damage|p1a: Dragonite|176/257 brn|[from] brn\n|upkeep\n|turn|15\n|\n|t:|1771173995\n|switch|p1a: Floatzel|Floatzel, L86, M|286/286\n|move|p2a: Archaludon|Swords Dance|p2a: Archaludon\n|-boost|p2a: Archaludon|atk|2\n|\n|upkeep\n|turn|16\n|-message|Foenembruzz forfeited.\n|\n|win|SquidRoundpants\n|raw|Foenembruzz's rating: 1683 &rarr; <strong>1660</strong><br />(-23 for losing)\n|raw|SquidRoundpants's rating: 1638 &rarr; <strong>1661</strong><br />(+23 for winning)\n|l|☆Foenembruzz\n|player|p1|\n", "inputlog": ">version 686819e5e19f8a7fd2345cfc5a08a5085efa2cc3\n>start {\"formatid\":\"gen9randombattle\",\"seed\":\"sodium,b80fd8cec5b385c8827f3564f4f0dc0b\",\"rated\":\"Rated battle\"}\n>player p1 {\"name\":\"Foenembruzz\",\"avatar\":\"n\",\"rating\":1683,\"seed\":\"sodium,2d72a1b61c6167194f08be192e053133\"}\n>player p2 {\"name\":\"SquidRoundpants\",\"avatar\":\"leon\",\"rating\":1638,\"seed\":\"sodium,8fbd5db93f86e86ab01815616fb6cf34\"}\n>p1 move noretreat\n>p2 move curse\n>p1 move knockoff\n>p2 move curse\n>p1 move closecombat\n>p2 move slackoff\n>p1 move closecombat\n>p2 move slackoff\n>p1 move closecombat\n>p2 move slackoff\n>p1 move closecombat\n>p2 move curse\n>p1 move closecombat\n>p2 move slackoff\n>p1 move closecombat\n>p2 move slackoff\n>p1 move closecombat\n>p2 move curse\n>p1 switch 6\n>p1 move overheat\n>p2 move earthquake\n>p1 switch 5\n>p1 move earthquake\n>p2 move stoneedge\n>p2 switch 4\n>p1 switch 4\n>p2 move steameruption\n>p1 switch 4\n>p1 move earthquake\n>p2 move steameruption\n>p1 move earthquake\n>p2 switch 5\n>p1 switch 3\n>p2 move swordsdance\n>forcelose p1", "uploadtime": 1771174014, "views": 9, "formatid": "gen9randombattle", "rating": 1660, "private": 0, "password": null}