{"id": "gen9randombattle-2539958446", "format": "[Gen 9] Random Battle", "players": ["Imapear", "ROCK ROSE"], "log": "|j|☆Imapear\n|j|☆ROCK ROSE\n|t:|1771133478\n|gametype|singles\n|player|p1|Imapear|1|1660\n|player|p2|ROCK ROSE|maid|1665\n|gen|9\n|tier|[Gen 9] Random Battle\n|rated|\n|rule|Species Clause: Limit one of each Pokémon\n|rule|HP Percentage Mod: HP is shown in percentages\n|rule|Sleep Clause Mod: Limit one foe put to sleep\n|rule|Illusion Level Mod: Illusion disguises the Pokémon's true level\n|\n|t:|1771133478\n|teamsize|p1|6\n|teamsize|p2|6\n|start\n|switch|p1a: Regidrago|Regidrago, L77|435/435\n|switch|p2a: Mightyena|Mightyena, L96, F|290/290\n|-ability|p2a: Mightyena|Intimidate|boost\n|-unboost|p1a: Regidrago|atk|1\n|turn|1\n|inactive|Battle timer is ON: inactive players will automatically lose when time's up. (requested by Imapear)\n|inactive|ROCK ROSE also wants the timer to be on.\n|\n|t:|1771133503\n|switch|p1a: Iron Treads|Iron Treads, L77|265/265\n|move|p2a: Mightyena|Super Fang|p1a: Iron Treads\n|-damage|p1a: Iron Treads|133/265\n|\n|upkeep\n|turn|2\n|\n|t:|1771133524\n|switch|p2a: Mienshao|Mienshao, L83, F|244/244\n|move|p1a: Iron Treads|Knock Off|p2a: Mienshao\n|-resisted|p2a: Mienshao\n|-damage|p2a: Mienshao|202/244\n|-enditem|p2a: Mienshao|Assault Vest|[from] move: Knock Off|[of] p1a: Iron Treads\n|\n|upkeep\n|turn|3\n|\n|t:|1771133534\n|move|p2a: Mienshao|Fake Out|p1a: Iron Treads\n|-resisted|p1a: Iron Treads\n|-damage|p1a: Iron Treads|119/265\n|cant|p1a: Iron Treads|flinch\n|\n|upkeep\n|turn|4\n|\n|t:|1771133540\n|move|p2a: Mienshao|Close Combat|p1a: Iron Treads\n|-supereffective|p1a: Iron Treads\n|-damage|p1a: Iron Treads|0 fnt\n|-unboost|p2a: Mienshao|def|1\n|-unboost|p2a: Mienshao|spd|1\n|faint|p1a: Iron Treads\n|-end|p1a: Iron Treads|Quark Drive|[silent]\n|\n|upkeep\n|\n|t:|1771133547\n|switch|p1a: Regidrago|Regidrago, L77|435/435\n|turn|5\n|\n|t:|1771133565\n|switch|p2a: Mightyena|Mightyena, L96, F|290/290\n|-ability|p2a: Mightyena|Intimidate|boost\n|-unboost|p1a: Regidrago|atk|1\n|move|p1a: Regidrago|Dragon Energy|p2a: Mightyena\n|-damage|p2a: Mightyena|124/290\n|\n|upkeep\n|turn|6\n|\n|t:|1771133583\n|-terastallize|p2a: Mightyena|Fairy\n|move|p1a: Regidrago|Dragon Energy|p2a: Mightyena\n|-immune|p2a: Mightyena\n|move|p2a: Mightyena|Super Fang|p1a: Regidrago\n|-damage|p1a: Regidrago|218/435\n|\n|upkeep\n|turn|7\n|\n|t:|1771133595\n|switch|p1a: Registeel|Registeel, L81|262/262\n|move|p2a: Mightyena|Poison Fang|p1a: Registeel\n|-immune|p1a: Registeel\n|\n|upkeep\n|turn|8\n|\n|t:|1771133616\n|switch|p2a: Volcanion|Volcanion, L79|256/256\n|move|p1a: Registeel|Thunder Wave|p2a: Volcanion\n|-status|p2a: Volcanion|par\n|\n|upkeep\n|turn|9\n|\n|t:|1771133629\n|switch|p1a: Braviary|Braviary, L85, M|309/309\n|move|p2a: Volcanion|Steam Eruption|p1a: Braviary\n|-damage|p1a: Braviary|158/309\n|\n|upkeep\n|turn|10\n|\n|t:|1771133638\n|move|p1a: Braviary|Brave Bird|p2a: Volcanion\n|-damage|p2a: Volcanion|112/256 par\n|-damage|p1a: Braviary|110/309|[from] Recoil\n|cant|p2a: Volcanion|par\n|\n|upkeep\n|turn|11\n|inactive|ROCK ROSE has 120 seconds left.\n|\n|t:|1771133660\n|move|p1a: Braviary|Brave Bird|p2a: Volcanion\n|-damage|p2a: Volcanion|0 fnt\n|faint|p2a: Volcanion\n|-damage|p1a: Braviary|73/309|[from] Recoil\n|\n|upkeep\n|inactive|ROCK ROSE has 120 seconds left.\n|\n|t:|1771133673\n|switch|p2a: Mienshao|Mienshao, L83, F|244/244\n|turn|12\n|\n|t:|1771133679\n|move|p2a: Mienshao|Fake Out|p1a: Braviary\n|-damage|p1a: Braviary|33/309\n|cant|p1a: Braviary|flinch\n|\n|upkeep\n|turn|13\n|\n|t:|1771133684\n|move|p2a: Mienshao|Knock Off|p1a: Braviary\n|-damage|p1a: Braviary|0 fnt\n|-enditem|p1a: Braviary|Heavy-Duty Boots|[from] move: Knock Off|[of] p2a: Mienshao\n|faint|p1a: Braviary\n|\n|upkeep\n|\n|t:|1771133692\n|switch|p1a: Politoed|Politoed, L88, M|302/302\n|-weather|RainDance|[from] ability: Drizzle|[of] p1a: Politoed\n|turn|14\n|\n|t:|1771133715\n|move|p2a: Mienshao|U-turn|p1a: Politoed\n|-damage|p1a: Politoed|232/302\n|\n|t:|1771133718\n|switch|p2a: Rabsca|Rabsca, L91, M|284/284|[from] U-turn\n|move|p1a: Politoed|Hydro Pump|p2a: Rabsca|[miss]\n|-miss|p1a: Politoed|p2a: Rabsca\n|\n|-weather|RainDance|[upkeep]\n|upkeep\n|turn|15\n|\n|t:|1771133729\n|move|p1a: Politoed|Hydro Pump|p2a: Rabsca\n|-damage|p2a: Rabsca|136/284\n|move|p2a: Rabsca|Trick Room|p2a: Rabsca\n|-fieldstart|move: Trick Room|[of] p2a: Rabsca\n|\n|-weather|RainDance|[upkeep]\n|upkeep\n|turn|16\n|\n|t:|1771133741\n|move|p2a: Rabsca|Revival Blessing|p2a: Rabsca\n|\n|t:|1771133744\n|-heal|p2: Volcanion|128/256|[from] move: Revival Blessing\n|move|p1a: Politoed|Rest|p1a: Politoed\n|-status|p1a: Politoed|slp|[from] move: Rest\n|-heal|p1a: Politoed|302/302 slp|[silent]\n|-enditem|p1a: Politoed|Chesto Berry|[eat]\n|-curestatus|p1a: Politoed|slp|[msg]\n|\n|-weather|RainDance|[upkeep]\n|upkeep\n|turn|17\n|-message|Imapear forfeited.\n|\n|win|ROCK ROSE\n|raw|Imapear's rating: 1660 &rarr; <strong>1640</strong><br />(-20 for losing)\n|raw|ROCK ROSE's rating: 1665 &rarr; <strong>1685</strong><br />(+20 for winning)\n|l|☆Imapear\n|player|p1|\n", "inputlog": ">version 686819e5e19f8a7fd2345cfc5a08a5085efa2cc3\n>start {\"formatid\":\"gen9randombattle\",\"seed\":\"sodium,c7d1a8f56237d8f9484c2d2e5f3579e8\",\"rated\":\"Rated battle\"}\n>player p1 {\"name\":\"Imapear\",\"avatar\":\"1\",\"rating\":1660,\"seed\":\"sodium,e720d00d22d3f48e14d1b8156637ed70\"}\n>player p2 {\"name\":\"ROCK ROSE\",\"avatar\":\"maid\",\"rating\":1665,\"seed\":\"sodium,0d426797dec74d31b782b77656d5ef29\"}\n>p1 switch 3\n>p2 move superfang\n>p1 move knockoff\n>p2 switch 3\n>p1 move earthquake\n>p2 move fakeout\n>p1 move earthquake\n>p2 move closecombat\n>p1 switch 3\n>p1 move dragonenergy\n>p2 switch 3\n>p1 move dragonenergy\n>p2 move superfang terastallize\n>p1 switch 5\n>p2 move poisonfang\n>p1 move thunderwave\n>p2 switch 5\n>p1 switch 6\n>p2 move steameruption\n>p1 move bravebird\n>p2 move steameruption\n>p1 move bravebird\n>p2 move steameruption\n>p2 switch 3\n>p1 move bravebird\n>p2 move fakeout\n>p1 move bravebird\n>p2 move knockoff\n>p1 switch 4\n>p1 move hydropump\n>p2 move uturn\n>p2 switch 2\n>p1 move hydropump\n>p2 move trickroom\n>p1 move rest\n>p2 move revivalblessing\n>p2 switch 3\n>forcelose p1", "uploadtime": 1771133752, "views": 14, "formatid": "gen9randombattle", "rating": 1640, "private": 0, "password": null}