{"id": "gen9randombattle-2540373143", "format": "[Gen 9] Random Battle", "players": ["BiscuitBox", "molfus"], "log": "|j|☆BiscuitBox\n|j|☆molfus\n|t:|1771194244\n|gametype|singles\n|player|p1|BiscuitBox|acetrainer|1639\n|player|p2|molfus|schoolkid-gen4|1686\n|gen|9\n|tier|[Gen 9] Random Battle\n|rated|\n|rule|Species Clause: Limit one of each Pokémon\n|rule|HP Percentage Mod: HP is shown in percentages\n|rule|Sleep Clause Mod: Limit one foe put to sleep\n|rule|Illusion Level Mod: Illusion disguises the Pokémon's true level\n|\n|t:|1771194244\n|teamsize|p1|6\n|teamsize|p2|6\n|start\n|switch|p1a: Dewgong|Dewgong, L94, M|322/322\n|switch|p2a: Barraskewda|Barraskewda, L81, F|231/231\n|turn|1\n|inactive|Battle timer is ON: inactive players will automatically lose when time's up. (requested by molfus)\n|\n|t:|1771194255\n|move|p2a: Barraskewda|Close Combat|p1a: Dewgong\n|-supereffective|p1a: Dewgong\n|-damage|p1a: Dewgong|24/322\n|-unboost|p2a: Barraskewda|def|1\n|-unboost|p2a: Barraskewda|spd|1\n|move|p1a: Dewgong|Knock Off|p2a: Barraskewda\n|-damage|p2a: Barraskewda|101/231\n|-enditem|p2a: Barraskewda|Choice Band|[from] move: Knock Off|[of] p1a: Dewgong\n|\n|upkeep\n|turn|2\n|\n|t:|1771194282\n|switch|p1a: Klefki|Klefki, L84, F|233/233\n|move|p2a: Barraskewda|Flip Turn|p1a: Klefki\n|-damage|p1a: Klefki|167/233\n|\n|t:|1771194289\n|switch|p2a: Jolteon|Jolteon, L84, F|246/246|[from] Flip Turn\n|\n|-heal|p1a: Klefki|181/233|[from] item: Leftovers\n|upkeep\n|turn|3\n|\n|t:|1771194299\n|switch|p1a: Magnezone|Magnezone, L85|258/258\n|move|p2a: Jolteon|Thunderbolt|p1a: Magnezone\n|-resisted|p1a: Magnezone\n|-damage|p1a: Magnezone|180/258\n|\n|upkeep\n|turn|4\n|\n|t:|1771194313\n|switch|p2a: Farigiraf|Farigiraf, L91, F|366/366\n|move|p1a: Magnezone|Body Press|p2a: Farigiraf\n|-damage|p2a: Farigiraf|293/366\n|\n|-heal|p2a: Farigiraf|315/366|[from] item: Leftovers\n|upkeep\n|turn|5\n|\n|t:|1771194334\n|switch|p1a: Klefki|Klefki, L84, F|181/233\n|move|p2a: Farigiraf|Wish|p2a: Farigiraf\n|\n|-heal|p1a: Klefki|195/233|[from] item: Leftovers\n|-heal|p2a: Farigiraf|337/366|[from] item: Leftovers\n|upkeep\n|turn|6\n|\n|t:|1771194345\n|switch|p2a: Virizion|Virizion, L82|283/283\n|move|p1a: Klefki|Spikes|p2a: Virizion\n|-sidestart|p2: molfus|Spikes\n|\n|-heal|p1a: Klefki|209/233|[from] item: Leftovers\n|upkeep\n|turn|7\n|\n|t:|1771194353\n|move|p1a: Klefki|Spikes|p2a: Virizion\n|-sidestart|p2: molfus|Spikes\n|move|p2a: Virizion|Swords Dance|p2a: Virizion\n|-boost|p2a: Virizion|atk|2\n|\n|-heal|p1a: Klefki|223/233|[from] item: Leftovers\n|upkeep\n|turn|8\n|\n|t:|1771194359\n|move|p1a: Klefki|Thunder Wave|p2a: Virizion\n|-status|p2a: Virizion|par\n|move|p2a: Virizion|Close Combat|p1a: Klefki\n|-crit|p1a: Klefki\n|-damage|p1a: Klefki|0 fnt\n|-unboost|p2a: Virizion|def|1\n|-unboost|p2a: Virizion|spd|1\n|faint|p1a: Klefki\n|-damage|p2a: Virizion|255/283 par|[from] item: Life Orb\n|\n|upkeep\n|inactive|BiscuitBox has 120 seconds left.\n|\n|t:|1771194385\n|switch|p1a: Noivern|Noivern, L82, F|274/274\n|turn|9\n|inactive|BiscuitBox has 120 seconds left.\n|\n|t:|1771194412\n|switch|p2a: Ninetales|Ninetales-Alola, L78, F|242/242\n|-damage|p2a: Ninetales|202/242|[from] Spikes\n|-weather|Snowscape|[from] ability: Snow Warning|[of] p2a: Ninetales\n|move|p1a: Noivern|Hurricane|p2a: Ninetales\n|-damage|p2a: Ninetales|36/242\n|\n|-weather|Snowscape|[upkeep]\n|upkeep\n|turn|10\n|\n|t:|1771194426\n|switch|p1a: Magnezone|Magnezone, L85|180/258\n|move|p2a: Ninetales|Aurora Veil|p2a: Ninetales\n|-sidestart|p2: molfus|move: Aurora Veil\n|\n|-weather|Snowscape|[upkeep]\n|upkeep\n|turn|11\n|\n|t:|1771194431\n|move|p1a: Magnezone|Flash Cannon|p2a: Ninetales\n|-supereffective|p2a: Ninetales\n|-damage|p2a: Ninetales|0 fnt\n|faint|p2a: Ninetales\n|\n|-weather|Snowscape|[upkeep]\n|upkeep\n|\n|t:|1771194435\n|switch|p2a: Virizion|Virizion, L82|255/283 par\n|-damage|p2a: Virizion|208/283 par|[from] Spikes\n|turn|12\n|inactive|BiscuitBox has 120 seconds left.\n|\n|t:|1771194446\n|switch|p1a: Dewgong|Dewgong, L94, M|24/322\n|move|p2a: Virizion|Stone Edge|p1a: Dewgong\n|-supereffective|p1a: Dewgong\n|-damage|p1a: Dewgong|0 fnt\n|faint|p1a: Dewgong\n|-damage|p2a: Virizion|180/283 par|[from] item: Life Orb\n|\n|-weather|Snowscape|[upkeep]\n|upkeep\n|\n|t:|1771194463\n|switch|p1a: Hitmonchan|Hitmonchan, L87, M|229/229\n|turn|13\n|\n|t:|1771194469\n|move|p1a: Hitmonchan|Swords Dance|p1a: Hitmonchan\n|-boost|p1a: Hitmonchan|atk|2\n|move|p2a: Virizion|Swords Dance|p2a: Virizion\n|-boost|p2a: Virizion|atk|2\n|\n|-weather|none\n|upkeep\n|turn|14\n|\n|t:|1771194485\n|move|p1a: Hitmonchan|Rapid Spin|p2a: Virizion\n|-damage|p2a: Virizion|136/283 par\n|-boost|p1a: Hitmonchan|spe|1\n|move|p2a: Virizion|Close Combat|p1a: Hitmonchan\n|-damage|p1a: Hitmonchan|0 fnt\n|-unboost|p2a: Virizion|def|1\n|-unboost|p2a: Virizion|spd|1\n|faint|p1a: Hitmonchan\n|-damage|p2a: Virizion|108/283 par|[from] item: Life Orb\n|\n|upkeep\n|\n|t:|1771194497\n|switch|p1a: Okidogi|Okidogi, L77, M|262/262\n|turn|15\n|\n|t:|1771194511\n|move|p1a: Okidogi|Gunk Shot|p2a: Virizion\n|-supereffective|p2a: Virizion\n|-damage|p2a: Virizion|0 fnt\n|faint|p2a: Virizion\n|\n|upkeep\n|\n|t:|1771194530\n|switch|p2a: Farigiraf|Farigiraf, L91, F|337/366\n|-damage|p2a: Farigiraf|276/366|[from] Spikes\n|turn|16\n|\n|t:|1771194542\n|switch|p2a: Barraskewda|Barraskewda, L81, F|101/231\n|-damage|p2a: Barraskewda|63/231|[from] Spikes\n|-terastallize|p1a: Okidogi|Dark\n|move|p1a: Okidogi|Knock Off|p2a: Barraskewda\n|-damage|p2a: Barraskewda|18/231\n|\n|upkeep\n|turn|17\n|\n|t:|1771194564\n|switch|p1a: Noivern|Noivern, L82, F|274/274\n|move|p2a: Barraskewda|Close Combat|p1a: Noivern\n|-resisted|p1a: Noivern\n|-damage|p1a: Noivern|226/274\n|-unboost|p2a: Barraskewda|def|1\n|-unboost|p2a: Barraskewda|spd|1\n|\n|-sideend|p2: molfus|move: Aurora Veil\n|upkeep\n|turn|18\n|\n|t:|1771194573\n|move|p2a: Barraskewda|Throat Chop|p1a: Noivern\n|-damage|p1a: Noivern|153/274\n|-start|p1a: Noivern|Throat Chop|[silent]\n|move|p1a: Noivern|U-turn|p2a: Barraskewda\n|-damage|p2a: Barraskewda|0 fnt\n|faint|p2a: Barraskewda\n|\n|t:|1771194581\n|switch|p1a: Okidogi|Okidogi, L77, M, tera:Dark|262/262|[from] U-turn\n|\n|upkeep\n|inactive|molfus has 120 seconds left.\n|\n|t:|1771194613\n|switch|p2a: Jolteon|Jolteon, L84, F|246/246\n|-damage|p2a: Jolteon|205/246|[from] Spikes\n|turn|19\n|\n|t:|1771194629\n|switch|p1a: Magnezone|Magnezone, L85|180/258\n|move|p2a: Jolteon|Volt Switch|p1a: Magnezone\n|-resisted|p1a: Magnezone\n|-damage|p1a: Magnezone|126/258\n|\n|t:|1771194635\n|switch|p2a: Beartic|Beartic, L91, F|321/321|[from] Volt Switch\n|\n|upkeep\n|turn|20\n|\n|t:|1771194650\n|-terastallize|p2a: Beartic|Ground\n|move|p1a: Magnezone|Flash Cannon|p2a: Beartic\n|-damage|p2a: Beartic|219/321\n|move|p2a: Beartic|Swords Dance|p2a: Beartic\n|-boost|p2a: Beartic|atk|2\n|\n|upkeep\n|turn|21\n|\n|t:|1771194662\n|switch|p1a: Noivern|Noivern, L82, F|153/274\n|move|p2a: Beartic|Earthquake|p1a: Noivern\n|-immune|p1a: Noivern\n|\n|upkeep\n|turn|22\n|\n|t:|1771194674\n|move|p1a: Noivern|U-turn|p2a: Beartic\n|-damage|p2a: Beartic|182/321\n|\n|t:|1771194679\n|switch|p1a: Magnezone|Magnezone, L85|126/258|[from] U-turn\n|move|p2a: Beartic|Icicle Crash|p1a: Magnezone|[miss]\n|-miss|p2a: Beartic|p1a: Magnezone\n|\n|upkeep\n|turn|23\n|inactive|BiscuitBox has 120 seconds left.\n|inactive|BiscuitBox has 90 seconds left.\n|\n|t:|1771194729\n|switch|p1a: Noivern|Noivern, L82, F|153/274\n|move|p2a: Beartic|Icicle Crash|p1a: Noivern\n|-supereffective|p1a: Noivern\n|-damage|p1a: Noivern|0 fnt\n|faint|p1a: Noivern\n|\n|upkeep\n|\n|t:|1771194736\n|switch|p1a: Okidogi|Okidogi, L77, M, tera:Dark|262/262\n|turn|24\n|\n|t:|1771194743\n|move|p1a: Okidogi|Knock Off|p2a: Beartic\n|-damage|p2a: Beartic|73/321\n|-enditem|p2a: Beartic|Heavy-Duty Boots|[from] move: Knock Off|[of] p1a: Okidogi\n|move|p2a: Beartic|Earthquake|p1a: Okidogi\n|-damage|p1a: Okidogi|0 fnt\n|faint|p1a: Okidogi\n|\n|upkeep\n|-message|BiscuitBox forfeited.\n|\n|win|molfus\n|raw|BiscuitBox's rating: 1639 &rarr; <strong>1622</strong><br />(-17 for losing)\n|raw|molfus's rating: 1686 &rarr; <strong>1703</strong><br />(+17 for winning)\n", "inputlog": ">version 686819e5e19f8a7fd2345cfc5a08a5085efa2cc3\n>start {\"formatid\":\"gen9randombattle\",\"seed\":\"sodium,132ecb59d17f1ede33165f5f433acd48\",\"rated\":\"Rated battle\"}\n>player p1 {\"name\":\"BiscuitBox\",\"avatar\":\"acetrainer\",\"rating\":1639,\"seed\":\"sodium,ed1a26701164ac51b76c2ce83733d3ad\"}\n>player p2 {\"name\":\"molfus\",\"avatar\":\"schoolkid-gen4\",\"rating\":1686,\"seed\":\"sodium,3d16f9e51596b5824055cb7541eb3c1e\"}\n>p1 move knockoff\n>p2 move closecombat\n>p1 switch 2\n>p2 move flipturn\n>p2 switch 5\n>p1 switch 6\n>p2 move thunderbolt\n>p1 move bodypress\n>p2 switch 3\n>p1 switch 6\n>p2 move wish\n>p1 move spikes\n>p2 switch 2\n>p1 move spikes\n>p2 move swordsdance\n>p1 move thunderwave\n>p2 move closecombat\n>p1 switch 3\n>p1 move hurricane\n>p2 switch 4\n>p1 switch 6\n>p2 move auroraveil\n>p1 move flashcannon\n>p2 move blizzard\n>p2 switch 4\n>p1 switch 2\n>p2 move stoneedge\n>p1 switch 4\n>p1 move swordsdance\n>p2 move swordsdance\n>p1 move rapidspin\n>p2 move closecombat\n>p1 switch 5\n>p1 move gunkshot\n>p2 move closecombat\n>p2 switch 2\n>p1 move knockoff terastallize\n>p2 switch 5\n>p1 switch 6\n>p2 move closecombat\n>p1 move uturn\n>p2 move throatchop\n>p1 switch 6\n>p2 switch 3\n>p1 switch 2\n>p2 move voltswitch\n>p2 switch 6\n>p1 move flashcannon\n>p2 move swordsdance terastallize\n>p1 switch 6\n>p2 move earthquake\n>p1 move uturn\n>p2 move iciclecrash\n>p1 switch 6\n>p1 switch 6\n>p2 move iciclecrash\n>p1 switch 2\n>p1 move knockoff\n>p2 move earthquake\n>forcelose p1", "uploadtime": 1771194749, "views": 6, "formatid": "gen9randombattle", "rating": 1622, "private": 0, "password": null}