{"id": "gen9randombattle-2540348520", "format": "[Gen 9] Random Battle", "players": ["hxishere", "weavileslaps"], "log": "|j|☆hxishere\n|j|☆weavileslaps\n|t:|1771191479\n|gametype|singles\n|player|p1|hxishere|dawn|1642\n|player|p2|weavileslaps|102|1612\n|gen|9\n|tier|[Gen 9] Random Battle\n|rated|\n|rule|Species Clause: Limit one of each Pokémon\n|rule|HP Percentage Mod: HP is shown in percentages\n|rule|Sleep Clause Mod: Limit one foe put to sleep\n|rule|Illusion Level Mod: Illusion disguises the Pokémon's true level\n|\n|t:|1771191479\n|teamsize|p1|6\n|teamsize|p2|6\n|start\n|switch|p1a: Jumpluff|Jumpluff, L87, M|271/271\n|switch|p2a: Palafin|Palafin, L77, F|281/281\n|turn|1\n|inactive|Battle timer is ON: inactive players will automatically lose when time's up. (requested by weavileslaps)\n|\n|t:|1771191487\n|move|p1a: Jumpluff|Sleep Powder|p2a: Palafin\n|-status|p2a: Palafin|slp|[from] move: Sleep Powder\n|cant|p2a: Palafin|slp\n|\n|upkeep\n|turn|2\n|\n|t:|1771191494\n|detailschange|p2a: Palafin|Palafin-Hero, L77, F\n|switch|p2a: Dedenne|Dedenne, L88, M|261/261\n|move|p1a: Jumpluff|Acrobatics|p2a: Dedenne\n|-resisted|p2a: Dedenne\n|-damage|p2a: Dedenne|206/261\n|\n|upkeep\n|turn|3\n|\n|t:|1771191500\n|move|p1a: Jumpluff|U-turn|p2a: Dedenne\n|-resisted|p2a: Dedenne\n|-damage|p2a: Dedenne|182/261\n|\n|t:|1771191506\n|switch|p1a: Gothitelle|Gothitelle, L90, F|272/272|[from] U-turn\n|move|p2a: Dedenne|Nuzzle|p1a: Gothitelle\n|-damage|p1a: Gothitelle|256/272\n|-status|p1a: Gothitelle|par\n|\n|-heal|p1a: Gothitelle|272/272 par|[from] item: Leftovers\n|upkeep\n|turn|4\n|\n|t:|1771191517\n|move|p2a: Dedenne|Super Fang|p1a: Gothitelle\n|-damage|p1a: Gothitelle|136/272 par\n|cant|p1a: Gothitelle|par\n|\n|-heal|p1a: Gothitelle|153/272 par|[from] item: Leftovers\n|upkeep\n|turn|5\n|\n|t:|1771191523\n|move|p2a: Dedenne|Thunderbolt|p1a: Gothitelle\n|-damage|p1a: Gothitelle|81/272 par\n|move|p1a: Gothitelle|Calm Mind|p1a: Gothitelle\n|-boost|p1a: Gothitelle|spa|1\n|-boost|p1a: Gothitelle|spd|1\n|\n|-heal|p1a: Gothitelle|98/272 par|[from] item: Leftovers\n|upkeep\n|turn|6\n|\n|t:|1771191530\n|move|p2a: Dedenne|Thunderbolt|p1a: Gothitelle\n|-damage|p1a: Gothitelle|52/272 par\n|move|p1a: Gothitelle|Psychic Noise|p2a: Dedenne\n|-damage|p2a: Dedenne|35/261\n|-start|p2a: Dedenne|move: Heal Block\n|\n|-heal|p1a: Gothitelle|69/272 par|[from] item: Leftovers\n|upkeep\n|turn|7\n|\n|t:|1771191539\n|move|p2a: Dedenne|Thunderbolt|p1a: Gothitelle\n|-damage|p1a: Gothitelle|20/272 par\n|move|p1a: Gothitelle|Psychic Noise|p2a: Dedenne\n|-damage|p2a: Dedenne|0 fnt\n|faint|p2a: Dedenne\n|\n|-heal|p1a: Gothitelle|37/272 par|[from] item: Leftovers\n|upkeep\n|\n|t:|1771191549\n|switch|p2a: Illumise|Illumise, L91, F|266/266\n|turn|8\n|\n|t:|1771191556\n|move|p2a: Illumise|Bug Buzz|p1a: Gothitelle\n|-supereffective|p1a: Gothitelle\n|-crit|p1a: Gothitelle\n|-damage|p1a: Gothitelle|0 fnt\n|faint|p1a: Gothitelle\n|\n|upkeep\n|\n|t:|1771191560\n|switch|p1a: Jumpluff|Jumpluff, L87, M|271/271\n|turn|9\n|\n|t:|1771191566\n|move|p2a: Illumise|Thunder Wave|p1a: Jumpluff\n|-status|p1a: Jumpluff|par\n|cant|p1a: Jumpluff|par\n|\n|upkeep\n|turn|10\n|\n|t:|1771191576\n|switch|p2a: Heatran|Heatran, L79, F|273/273\n|-item|p2a: Heatran|Air Balloon\n|move|p1a: Jumpluff|Acrobatics|p2a: Heatran\n|-resisted|p2a: Heatran\n|-damage|p2a: Heatran|234/273\n|-enditem|p2a: Heatran|Air Balloon\n|\n|upkeep\n|turn|11\n|\n|t:|1771191585\n|move|p2a: Heatran|Stealth Rock|p1a: Jumpluff\n|-sidestart|p1: hxishere|move: Stealth Rock\n|cant|p1a: Jumpluff|par\n|\n|upkeep\n|turn|12\n|\n|t:|1771191589\n|move|p2a: Heatran|Lava Plume|p1a: Jumpluff\n|-supereffective|p1a: Jumpluff\n|-damage|p1a: Jumpluff|107/271 par\n|move|p1a: Jumpluff|U-turn|p2a: Heatran\n|-resisted|p2a: Heatran\n|-damage|p2a: Heatran|226/273\n|\n|t:|1771191594\n|switch|p1a: Greninja|Greninja, L80, M|246/246|[from] U-turn\n|-damage|p1a: Greninja|216/246|[from] Stealth Rock\n|\n|upkeep\n|turn|13\n|\n|t:|1771191603\n|switch|p2a: Palafin|Palafin-Hero, L77, F|281/281 slp\n|-activate|p2a: Palafin|ability: Zero to Hero\n|move|p1a: Greninja|Gunk Shot|p2a: Palafin\n|-start|p1a: Greninja|typechange|Poison|[from] ability: Protean\n|-damage|p2a: Palafin|137/281 slp\n|-damage|p1a: Greninja|192/246|[from] item: Life Orb\n|\n|upkeep\n|turn|14\n|\n|t:|1771191613\n|-curestatus|p2a: Palafin|slp|[msg]\n|move|p2a: Palafin|Jet Punch|p1a: Greninja\n|-damage|p1a: Greninja|47/246\n|move|p1a: Greninja|Gunk Shot|p2a: Palafin\n|-damage|p2a: Palafin|0 fnt\n|faint|p2a: Palafin\n|-damage|p1a: Greninja|23/246|[from] item: Life Orb\n|\n|upkeep\n|\n|t:|1771191625\n|switch|p2a: Illumise|Illumise, L91, F|266/266\n|turn|15\n|\n|t:|1771191631\n|move|p1a: Greninja|Gunk Shot|p2a: Illumise\n|-damage|p2a: Illumise|102/266\n|-status|p2a: Illumise|psn\n|-damage|p1a: Greninja|0 fnt|[from] item: Life Orb\n|faint|p1a: Greninja\n|move|p2a: Illumise|Bug Buzz|p1: Greninja|[notarget]\n|-fail|p2a: Illumise\n|\n|-damage|p2a: Illumise|69/266 psn|[from] psn\n|upkeep\n|\n|t:|1771191642\n|switch|p1a: Jumpluff|Jumpluff, L87, M|107/271 par\n|-damage|p1a: Jumpluff|40/271 par|[from] Stealth Rock\n|turn|16\n|\n|t:|1771191648\n|move|p2a: Illumise|Bug Buzz|p1a: Jumpluff\n|-damage|p1a: Jumpluff|0 fnt\n|faint|p1a: Jumpluff\n|\n|-damage|p2a: Illumise|36/266 psn|[from] psn\n|upkeep\n|\n|t:|1771191663\n|switch|p1a: Haxorus|Haxorus, L77, M|244/244\n|-damage|p1a: Haxorus|214/244|[from] Stealth Rock\n|-ability|p1a: Haxorus|Mold Breaker\n|turn|17\n|\n|t:|1771191670\n|move|p2a: Illumise|Bug Buzz|p1a: Haxorus\n|-damage|p1a: Haxorus|91/244\n|-unboost|p1a: Haxorus|spd|1\n|move|p1a: Haxorus|Iron Head|p2a: Illumise\n|-damage|p2a: Illumise|0 fnt\n|faint|p2a: Illumise\n|\n|upkeep\n|\n|t:|1771191679\n|switch|p2a: Mienshao|Mienshao, L83, F|244/244\n|turn|18\n|\n|t:|1771191684\n|switch|p1a: Lunala|Lunala, L70|308/308\n|-damage|p1a: Lunala|270/308|[from] Stealth Rock\n|move|p2a: Mienshao|Close Combat|p1a: Lunala\n|-immune|p1a: Lunala\n|\n|-heal|p1a: Lunala|289/308|[from] item: Leftovers\n|upkeep\n|turn|19\n|\n|t:|1771191697\n|-terastallize|p1a: Lunala|Fairy\n|move|p2a: Mienshao|Knock Off|p1a: Lunala\n|-resisted|p1a: Lunala\n|-damage|p1a: Lunala|220/308\n|-enditem|p1a: Lunala|Leftovers|[from] move: Knock Off|[of] p2a: Mienshao\n|-damage|p2a: Mienshao|220/244|[from] item: Life Orb\n|move|p1a: Lunala|Moonblast|p2a: Mienshao\n|-supereffective|p2a: Mienshao\n|-damage|p2a: Mienshao|0 fnt\n|faint|p2a: Mienshao\n|\n|upkeep\n|\n|t:|1771191707\n|switch|p2a: Spidops|Spidops, L96, F|271/271\n|turn|20\n|\n|t:|1771191722\n|move|p1a: Lunala|Moongeist Beam|p2a: Spidops\n|-damage|p2a: Spidops|177/271\n|move|p2a: Spidops|Circle Throw|p1a: Lunala|[miss]\n|-miss|p2a: Spidops|p1a: Lunala\n|\n|upkeep\n|turn|21\n|\n|t:|1771191731\n|move|p1a: Lunala|Moongeist Beam|p2a: Spidops\n|-damage|p2a: Spidops|81/271\n|move|p2a: Spidops|Toxic Spikes|p1a: Lunala\n|-sidestart|p1: hxishere|move: Toxic Spikes\n|\n|upkeep\n|turn|22\n|\n|t:|1771191739\n|move|p1a: Lunala|Moongeist Beam|p2a: Spidops\n|-damage|p2a: Spidops|0 fnt\n|faint|p2a: Spidops\n|\n|upkeep\n|\n|t:|1771191743\n|switch|p2a: Heatran|Heatran, L79, F|226/273\n|turn|23\n|\n|t:|1771191746\n|move|p1a: Lunala|Calm Mind|p1a: Lunala\n|-boost|p1a: Lunala|spa|1\n|-boost|p1a: Lunala|spd|1\n|move|p2a: Heatran|Heavy Slam|p1a: Lunala\n|-supereffective|p1a: Lunala\n|-damage|p1a: Lunala|62/308\n|\n|upkeep\n|turn|24\n|\n|t:|1771191753\n|move|p1a: Lunala|Moonlight|p1a: Lunala\n|-heal|p1a: Lunala|216/308\n|move|p2a: Heatran|Heavy Slam|p1a: Lunala\n|-supereffective|p1a: Lunala\n|-damage|p1a: Lunala|52/308\n|\n|upkeep\n|turn|25\n|\n|t:|1771191759\n|move|p1a: Lunala|Moongeist Beam|p2a: Heatran\n|-damage|p2a: Heatran|79/273\n|move|p2a: Heatran|Heavy Slam|p1a: Lunala\n|-supereffective|p1a: Lunala\n|-damage|p1a: Lunala|0 fnt\n|faint|p1a: Lunala\n|\n|upkeep\n|\n|t:|1771191770\n|switch|p1a: Haxorus|Haxorus, L77, M|91/244\n|-damage|p1a: Haxorus|61/244|[from] Stealth Rock\n|-status|p1a: Haxorus|psn\n|-enditem|p1a: Haxorus|Lum Berry|[eat]\n|-curestatus|p1a: Haxorus|psn|[msg]\n|-ability|p1a: Haxorus|Mold Breaker\n|turn|26\n|\n|t:|1771191780\n|-terastallize|p2a: Heatran|Grass\n|move|p1a: Haxorus|Earthquake|p2a: Heatran\n|-resisted|p2a: Heatran\n|-damage|p2a: Heatran|41/273\n|move|p2a: Heatran|Earth Power|p1a: Haxorus\n|-damage|p1a: Haxorus|0 fnt\n|faint|p1a: Haxorus\n|\n|upkeep\n|\n|t:|1771191782\n|switch|p1a: Infernape|Infernape, L82, F|259/259\n|-damage|p1a: Infernape|227/259|[from] Stealth Rock\n|-status|p1a: Infernape|psn\n|turn|27\n|\n|t:|1771191791\n|move|p1a: Infernape|Flare Blitz|p2a: Heatran\n|-start|p2a: Heatran|ability: Flash Fire\n|move|p2a: Heatran|Earth Power|p1a: Infernape\n|-supereffective|p1a: Infernape\n|-damage|p1a: Infernape|59/259 psn\n|\n|-damage|p1a: Infernape|27/259 psn|[from] psn\n|upkeep\n|turn|28\n|-message|hxishere forfeited.\n|\n|win|weavileslaps\n|raw|hxishere's rating: 1642 &rarr; <strong>1620</strong><br />(-22 for losing)\n|raw|weavileslaps's rating: 1612 &rarr; <strong>1634</strong><br />(+22 for winning)\n|l|☆hxishere\n|player|p1|\n", "inputlog": ">version 686819e5e19f8a7fd2345cfc5a08a5085efa2cc3\n>start {\"formatid\":\"gen9randombattle\",\"seed\":\"sodium,0be07709d3e24158484036d4454b9f78\",\"rated\":\"Rated battle\"}\n>player p1 {\"name\":\"hxishere\",\"avatar\":\"dawn\",\"rating\":1642,\"seed\":\"sodium,cf23b2e5ed6d28faa96c56de2627c09f\"}\n>player p2 {\"name\":\"weavileslaps\",\"avatar\":\"102\",\"rating\":1612,\"seed\":\"sodium,c09d3468e92fc7b39c66357dec236a45\"}\n>p1 move sleeppowder\n>p2 move flipturn\n>p1 move acrobatics\n>p2 switch 4\n>p1 move uturn\n>p2 move nuzzle\n>p1 switch 6\n>p1 move calmmind\n>p2 move superfang\n>p1 move calmmind\n>p2 move thunderbolt\n>p1 move psychicnoise\n>p2 move thunderbolt\n>p1 move psychicnoise\n>p2 move thunderbolt\n>p2 switch 6\n>p1 move psychicnoise\n>p2 move bugbuzz\n>p1 switch 6\n>p1 move acrobatics\n>p2 move thunderwave\n>p1 move acrobatics\n>p2 switch 5\n>p1 move uturn\n>p2 move stealthrock\n>p1 move uturn\n>p2 move lavaplume\n>p1 switch 4\n>p1 move gunkshot\n>p2 switch 4\n>p1 move gunkshot\n>p2 move jetpunch\n>p2 switch 5\n>p1 move gunkshot\n>p2 move bugbuzz\n>p1 switch 4\n>p1 move strengthsap\n>p2 move bugbuzz\n>p1 switch 3\n>p1 move ironhead\n>p2 move bugbuzz\n>p2 switch 3\n>p1 switch 2\n>p2 move closecombat\n>p1 move moonblast terastallize\n>p2 move knockoff\n>p2 switch 2\n>p1 move moongeistbeam\n>p2 move circlethrow\n>p1 move moongeistbeam\n>p2 move toxicspikes\n>p1 move moongeistbeam\n>p2 move stickyweb\n>p2 switch 4\n>p1 move calmmind\n>p2 move heavyslam\n>p1 move moonlight\n>p2 move heavyslam\n>p1 move moongeistbeam\n>p2 move heavyslam\n>p1 switch 2\n>p1 move earthquake\n>p2 move earthpower terastallize\n>p1 switch 5\n>p1 move flareblitz\n>p2 move earthpower\n>forcelose p1", "uploadtime": 1771191809, "views": 26, "formatid": "gen9randombattle", "rating": 1620, "private": 0, "password": null}