{"id": "gen9randombattle-2540379866", "format": "[Gen 9] Random Battle", "players": ["martin mad", "BrutalBjoern"], "log": "|j|☆martin mad\n|j|☆BrutalBjoern\n|t:|1771195014\n|gametype|singles\n|player|p1|martin mad|steven|1843\n|player|p2|BrutalBjoern|lady-gen4|1793\n|gen|9\n|tier|[Gen 9] Random Battle\n|rated|\n|rule|Species Clause: Limit one of each Pokémon\n|rule|HP Percentage Mod: HP is shown in percentages\n|rule|Sleep Clause Mod: Limit one foe put to sleep\n|rule|Illusion Level Mod: Illusion disguises the Pokémon's true level\n|\n|t:|1771195014\n|teamsize|p1|6\n|teamsize|p2|6\n|start\n|switch|p1a: Azumarill|Azumarill, L82, F|298/298\n|switch|p2a: Vivillon|Vivillon-Modern, L83, M|268/268\n|turn|1\n|\n|t:|1771195030\n|move|p2a: Vivillon|Sleep Powder|p1a: Azumarill\n|-status|p1a: Azumarill|slp|[from] move: Sleep Powder\n|cant|p1a: Azumarill|slp\n|\n|upkeep\n|turn|2\n|\n|t:|1771195049\n|switch|p2a: Tsareena|Tsareena, L87, F|267/267\n|switch|p1a: Registeel|Registeel, L81|262/262\n|\n|upkeep\n|turn|3\n|\n|t:|1771195060\n|switch|p1a: Lugia|Lugia, L73|275/275\n|move|p2a: Tsareena|Knock Off|p1a: Lugia\n|-supereffective|p1a: Lugia\n|-damage|p1a: Lugia|188/275\n|-enditem|p1a: Lugia|Heavy-Duty Boots|[from] move: Knock Off|[of] p2a: Tsareena\n|-damage|p2a: Tsareena|241/267|[from] item: Life Orb\n|\n|upkeep\n|turn|4\n|\n|t:|1771195075\n|switch|p2a: Calyrex|Calyrex-Shadow, L64|235/235\n|-ability|p2a: Calyrex|As One\n|-ability|p2a: Calyrex|Unnerve\n|move|p1a: Lugia|Aeroblast|p2a: Calyrex\n|-damage|p2a: Calyrex|148/235\n|\n|upkeep\n|turn|5\n|\n|t:|1771195083\n|switch|p1a: Registeel|Registeel, L81|262/262\n|move|p2a: Calyrex|Astral Barrage|p1a: Registeel\n|-crit|p1a: Registeel\n|-damage|p1a: Registeel|102/262\n|\n|upkeep\n|turn|6\n|\n|t:|1771195091\n|move|p2a: Calyrex|Astral Barrage|p1a: Registeel\n|-damage|p1a: Registeel|0 fnt\n|faint|p1a: Registeel\n|-ability|p2a: Calyrex|Grim Neigh|boost\n|-boost|p2a: Calyrex|spa|1\n|\n|upkeep\n|\n|t:|1771195094\n|switch|p1a: Cinderace|Cinderace, L77, F|249/249\n|turn|7\n|\n|t:|1771195101\n|-terastallize|p2a: Calyrex|Dark\n|move|p1a: Cinderace|Sucker Punch|p2a: Calyrex\n|-start|p1a: Cinderace|typechange|Dark|[from] ability: Libero\n|-resisted|p2a: Calyrex\n|-damage|p2a: Calyrex|102/235\n|move|p2a: Calyrex|Astral Barrage|p1a: Cinderace\n|-resisted|p1a: Cinderace\n|-damage|p1a: Cinderace|89/249\n|\n|upkeep\n|turn|8\n|\n|t:|1771195114\n|move|p2a: Calyrex|Astral Barrage|p1a: Cinderace\n|-resisted|p1a: Cinderace\n|-damage|p1a: Cinderace|0 fnt\n|faint|p1a: Cinderace\n|-ability|p2a: Calyrex|Grim Neigh|boost\n|-boost|p2a: Calyrex|spa|1\n|\n|upkeep\n|\n|t:|1771195117\n|switch|p1a: Crabominable|Crabominable, L90, M|321/321\n|turn|9\n|\n|t:|1771195131\n|move|p2a: Calyrex|Astral Barrage|p1a: Crabominable\n|-damage|p1a: Crabominable|38/321\n|move|p1a: Crabominable|Drain Punch|p2a: Calyrex\n|-supereffective|p2a: Calyrex\n|-damage|p2a: Calyrex|0 fnt\n|-heal|p1a: Crabominable|89/321|[from] drain|[of] p2a: Calyrex\n|faint|p2a: Calyrex\n|\n|upkeep\n|\n|t:|1771195139\n|switch|p2a: Kyogre|Kyogre, L71|259/259\n|-weather|RainDance|[from] ability: Drizzle|[of] p2a: Kyogre\n|turn|10\n|\n|t:|1771195145\n|move|p2a: Kyogre|Water Spout|p1a: Crabominable\n|-damage|p1a: Crabominable|0 fnt\n|faint|p1a: Crabominable\n|\n|-weather|RainDance|[upkeep]\n|upkeep\n|\n|t:|1771195152\n|switch|p1a: Hippowdon|Hippowdon, L82, M|311/311\n|-weather|Sandstorm|[from] ability: Sand Stream|[of] p1a: Hippowdon\n|turn|11\n|\n|t:|1771195157\n|-terastallize|p1a: Hippowdon|Steel\n|move|p2a: Kyogre|Water Spout|p1a: Hippowdon\n|-damage|p1a: Hippowdon|125/311\n|move|p1a: Hippowdon|Earthquake|p2a: Kyogre\n|-damage|p2a: Kyogre|127/259\n|\n|-weather|Sandstorm|[upkeep]\n|-damage|p2a: Kyogre|111/259|[from] Sandstorm\n|-heal|p1a: Hippowdon|144/311|[from] item: Leftovers\n|upkeep\n|turn|12\n|\n|t:|1771195167\n|switch|p2a: Tsareena|Tsareena, L87, F|241/267\n|move|p1a: Hippowdon|Slack Off|p1a: Hippowdon\n|-heal|p1a: Hippowdon|300/311\n|\n|-weather|Sandstorm|[upkeep]\n|-damage|p2a: Tsareena|225/267|[from] Sandstorm\n|-heal|p1a: Hippowdon|311/311|[from] item: Leftovers\n|upkeep\n|turn|13\n|\n|t:|1771195178\n|switch|p1a: Lugia|Lugia, L73|188/275\n|move|p2a: Tsareena|Knock Off|p1a: Lugia\n|-supereffective|p1a: Lugia\n|-damage|p1a: Lugia|53/275\n|-damage|p2a: Tsareena|199/267|[from] item: Life Orb\n|\n|-weather|Sandstorm|[upkeep]\n|-damage|p1a: Lugia|36/275|[from] Sandstorm\n|-damage|p2a: Tsareena|183/267|[from] Sandstorm\n|upkeep\n|turn|14\n|\n|t:|1771195183\n|move|p1a: Lugia|Recover|p1a: Lugia\n|-heal|p1a: Lugia|174/275\n|move|p2a: Tsareena|Knock Off|p1a: Lugia\n|-supereffective|p1a: Lugia\n|-damage|p1a: Lugia|52/275\n|-damage|p2a: Tsareena|157/267|[from] item: Life Orb\n|\n|-weather|Sandstorm|[upkeep]\n|-damage|p1a: Lugia|35/275|[from] Sandstorm\n|-damage|p2a: Tsareena|141/267|[from] Sandstorm\n|upkeep\n|turn|15\n|\n|t:|1771195191\n|move|p1a: Lugia|Recover|p1a: Lugia\n|-heal|p1a: Lugia|173/275\n|move|p2a: Tsareena|Knock Off|p1a: Lugia\n|-supereffective|p1a: Lugia\n|-damage|p1a: Lugia|38/275\n|-damage|p2a: Tsareena|115/267|[from] item: Life Orb\n|\n|-weather|none\n|upkeep\n|turn|16\n|\n|t:|1771195196\n|move|p1a: Lugia|Aeroblast|p2a: Tsareena\n|-supereffective|p2a: Tsareena\n|-damage|p2a: Tsareena|0 fnt\n|faint|p2a: Tsareena\n|\n|upkeep\n|\n|t:|1771195201\n|switch|p2a: Kyogre|Kyogre, L71|111/259\n|-weather|RainDance|[from] ability: Drizzle|[of] p2a: Kyogre\n|turn|17\n|\n|t:|1771195207\n|switch|p1a: Hippowdon|Hippowdon, L82, M, tera:Steel|311/311\n|-weather|Sandstorm|[from] ability: Sand Stream|[of] p1a: Hippowdon\n|move|p2a: Kyogre|Origin Pulse|p1a: Hippowdon\n|-damage|p1a: Hippowdon|166/311\n|\n|-weather|Sandstorm|[upkeep]\n|-damage|p2a: Kyogre|95/259|[from] Sandstorm\n|-heal|p1a: Hippowdon|185/311|[from] item: Leftovers\n|upkeep\n|turn|18\n|\n|t:|1771195214\n|move|p2a: Kyogre|Origin Pulse|p1a: Hippowdon\n|-damage|p1a: Hippowdon|47/311\n|move|p1a: Hippowdon|Slack Off|p1a: Hippowdon\n|-heal|p1a: Hippowdon|203/311\n|\n|-weather|Sandstorm|[upkeep]\n|-damage|p2a: Kyogre|79/259|[from] Sandstorm\n|-heal|p1a: Hippowdon|222/311|[from] item: Leftovers\n|upkeep\n|turn|19\n|\n|t:|1771195224\n|switch|p2a: Samurott|Samurott-Hisui, L77, M|265/265\n|move|p1a: Hippowdon|Slack Off|p1a: Hippowdon\n|-heal|p1a: Hippowdon|311/311\n|\n|-weather|Sandstorm|[upkeep]\n|-damage|p2a: Samurott|249/265|[from] Sandstorm\n|upkeep\n|turn|20\n|\n|t:|1771195229\n|move|p2a: Samurott|Swords Dance|p2a: Samurott\n|-boost|p2a: Samurott|atk|2\n|move|p1a: Hippowdon|Curse|p1a: Hippowdon\n|-unboost|p1a: Hippowdon|spe|1\n|-boost|p1a: Hippowdon|atk|1\n|-boost|p1a: Hippowdon|def|1\n|\n|-weather|Sandstorm|[upkeep]\n|-damage|p2a: Samurott|233/265|[from] Sandstorm\n|upkeep\n|turn|21\n|\n|t:|1771195232\n|move|p2a: Samurott|Sacred Sword|p1a: Hippowdon\n|-supereffective|p1a: Hippowdon\n|-damage|p1a: Hippowdon|0 fnt\n|faint|p1a: Hippowdon\n|-damage|p2a: Samurott|207/265|[from] item: Life Orb\n|\n|-weather|none\n|upkeep\n|-message|martin mad forfeited.\n|\n|win|BrutalBjoern\n|raw|martin mad's rating: 1843 &rarr; <strong>1820</strong><br />(-23 for losing)\n|raw|BrutalBjoern's rating: 1793 &rarr; <strong>1816</strong><br />(+23 for winning)\n", "inputlog": ">version 686819e5e19f8a7fd2345cfc5a08a5085efa2cc3\n>start {\"formatid\":\"gen9randombattle\",\"seed\":\"sodium,751bb3a12f9cd693c1945e0427a2a02d\",\"rated\":\"Rated battle\"}\n>player p1 {\"name\":\"martin mad\",\"avatar\":\"steven\",\"rating\":1843,\"seed\":\"sodium,7b8d504e3110e06dfbae4de48eb8bb34\"}\n>player p2 {\"name\":\"BrutalBjoern\",\"avatar\":\"lady-gen4\",\"rating\":1793,\"seed\":\"sodium,596ad0b141e7c24beec34890c81f6d98\"}\n>p1 move liquidation\n>p2 move sleeppowder\n>p1 switch 6\n>p2 switch 2\n>p1 switch 5\n>p2 move knockoff\n>p1 move aeroblast\n>p2 switch 5\n>p1 switch 5\n>p2 move astralbarrage\n>p1 move rest\n>p2 move astralbarrage\n>p1 switch 2\n>p1 move suckerpunch\n>p2 move astralbarrage terastallize\n>p1 move pyroball\n>p2 move astralbarrage\n>p1 switch 4\n>p1 move drainpunch\n>p2 move astralbarrage\n>p2 switch 4\n>p1 move drainpunch\n>p2 move waterspout\n>p1 switch 3\n>p1 move earthquake terastallize\n>p2 move waterspout\n>p1 move slackoff\n>p2 switch 5\n>p1 switch 5\n>p2 move knockoff\n>p1 move recover\n>p2 move knockoff\n>p1 move recover\n>p2 move knockoff\n>p1 move aeroblast\n>p2 move knockoff\n>p2 switch 5\n>p1 switch 5\n>p2 move originpulse\n>p1 move slackoff\n>p2 move originpulse\n>p1 move slackoff\n>p2 switch 3\n>p1 move curse\n>p2 move swordsdance\n>p1 move earthquake\n>p2 move sacredsword\n>forcelose p1", "uploadtime": 1771195235, "views": 9, "formatid": "gen9randombattle", "rating": 1816, "private": 0, "password": null}