{"id": "gen9randombattle-2540526461", "format": "[Gen 9] Random Battle", "players": ["qiuescent", "Arxz"], "log": "|j|‽qiuescent\n|j|☆Arxz\n|t:|1771213226\n|gametype|singles\n|player|p1|qiuescent|102|2172\n|player|p2|Arxz|hoopster|2159\n|gen|9\n|tier|[Gen 9] Random Battle\n|rated|\n|rule|Species Clause: Limit one of each Pokémon\n|rule|HP Percentage Mod: HP is shown in percentages\n|rule|Sleep Clause Mod: Limit one foe put to sleep\n|rule|Illusion Level Mod: Illusion disguises the Pokémon's true level\n|\n|t:|1771213226\n|teamsize|p1|6\n|teamsize|p2|6\n|start\n|switch|p1a: Gholdengo|Gholdengo, L77|261/261\n|switch|p2a: Toedscruel|Toedscruel, L87, M|281/281\n|turn|1\n|inactive|Battle timer is ON: inactive players will automatically lose when time's up. (requested by Arxz)\n|\n|t:|1771213246\n|switch|p2a: Vikavolt|Vikavolt, L83, F|263/263\n|switch|p1a: Komala|Komala, L89, F|260/260\n|-ability|p1a: Komala|Comatose\n|\n|upkeep\n|turn|2\n|\n|t:|1771213254\n|switch|p2a: Cobalion|Cobalion, L80|277/277\n|move|p1a: Komala|Body Slam|p2a: Cobalion\n|-resisted|p2a: Cobalion\n|-damage|p2a: Cobalion|230/277\n|\n|-heal|p2a: Cobalion|247/277|[from] item: Leftovers\n|upkeep\n|turn|3\n|\n|t:|1771213260\n|switch|p1a: Zapdos|Zapdos, L78|268/268\n|move|p2a: Cobalion|Aura Sphere|p1a: Zapdos\n|-resisted|p1a: Zapdos\n|-damage|p1a: Zapdos|227/268\n|\n|-heal|p2a: Cobalion|264/277|[from] item: Leftovers\n|upkeep\n|turn|4\n|\n|t:|1771213270\n|move|p2a: Cobalion|Calm Mind|p2a: Cobalion\n|-boost|p2a: Cobalion|spa|1\n|-boost|p2a: Cobalion|spd|1\n|move|p1a: Zapdos|Heat Wave|p2a: Cobalion\n|-supereffective|p2a: Cobalion\n|-damage|p2a: Cobalion|140/277\n|\n|-heal|p2a: Cobalion|157/277|[from] item: Leftovers\n|upkeep\n|turn|5\n|\n|t:|1771213281\n|move|p2a: Cobalion|Flash Cannon|p1a: Zapdos\n|-resisted|p1a: Zapdos\n|-damage|p1a: Zapdos|168/268\n|move|p1a: Zapdos|Heat Wave|p2a: Cobalion\n|-supereffective|p2a: Cobalion\n|-damage|p2a: Cobalion|43/277\n|\n|-heal|p2a: Cobalion|60/277|[from] item: Leftovers\n|upkeep\n|turn|6\n|\n|t:|1771213284\n|move|p2a: Cobalion|Flash Cannon|p1a: Zapdos\n|-resisted|p1a: Zapdos\n|-damage|p1a: Zapdos|111/268\n|move|p1a: Zapdos|Roost|p1a: Zapdos\n|-heal|p1a: Zapdos|245/268\n|-singleturn|p1a: Zapdos|move: Roost\n|\n|-heal|p2a: Cobalion|77/277|[from] item: Leftovers\n|upkeep\n|turn|7\n|\n|t:|1771213292\n|move|p2a: Cobalion|Flash Cannon|p1a: Zapdos\n|-resisted|p1a: Zapdos\n|-damage|p1a: Zapdos|191/268\n|move|p1a: Zapdos|Heat Wave|p2a: Cobalion\n|-supereffective|p2a: Cobalion\n|-damage|p2a: Cobalion|0 fnt\n|faint|p2a: Cobalion\n|\n|upkeep\n|\n|t:|1771213297\n|switch|p2a: Gengar|Gengar, L81, M|230/230\n|turn|8\n|\n|t:|1771213302\n|move|p2a: Gengar|Sludge Wave|p1a: Zapdos\n|-damage|p1a: Zapdos|14/268\n|-status|p1a: Zapdos|psn\n|-damage|p2a: Gengar|207/230|[from] item: Life Orb\n|move|p1a: Zapdos|Discharge|p2a: Gengar\n|-damage|p2a: Gengar|92/230\n|-start|p1a: Zapdos|Disable|Discharge|[from] ability: Cursed Body|[of] p2a: Gengar\n|\n|-damage|p1a: Zapdos|0 fnt|[from] psn\n|faint|p1a: Zapdos\n|upkeep\n|\n|t:|1771213308\n|switch|p1a: Komala|Komala, L89, F|260/260\n|-ability|p1a: Komala|Comatose\n|turn|9\n|\n|t:|1771213317\n|switch|p2a: Vaporeon|Vaporeon, L86, F|364/364\n|move|p1a: Komala|Knock Off|p2a: Vaporeon\n|-damage|p2a: Vaporeon|245/364\n|-enditem|p2a: Vaporeon|Leftovers|[from] move: Knock Off|[of] p1a: Komala\n|\n|upkeep\n|turn|10\n|\n|t:|1771213331\n|move|p1a: Komala|Body Slam|p2a: Vaporeon\n|-damage|p2a: Vaporeon|110/364\n|move|p2a: Vaporeon|Scald|p1a: Komala\n|-damage|p1a: Komala|203/260\n|\n|upkeep\n|turn|11\n|\n|t:|1771213336\n|move|p1a: Komala|Body Slam|p2a: Vaporeon\n|-damage|p2a: Vaporeon|0 fnt\n|faint|p2a: Vaporeon\n|\n|upkeep\n|\n|t:|1771213347\n|switch|p2a: Gengar|Gengar, L81, M|92/230\n|turn|12\n|\n|t:|1771213350\n|-terastallize|p1a: Komala|Ghost\n|move|p2a: Gengar|Encore|p1a: Komala\n|-start|p1a: Komala|Encore\n|move|p1a: Komala|Body Slam|p2a: Gengar\n|-immune|p2a: Gengar\n|\n|upkeep\n|turn|13\n|\n|t:|1771213354\n|switch|p1a: Dondozo|Dondozo, L78, F|362/362\n|move|p2a: Gengar|Shadow Ball|p1a: Dondozo\n|-damage|p1a: Dondozo|181/362\n|-damage|p2a: Gengar|69/230|[from] item: Life Orb\n|\n|-heal|p1a: Dondozo|203/362|[from] item: Leftovers\n|upkeep\n|turn|14\n|\n|t:|1771213358\n|switch|p1a: Komala|Komala, L89, F, tera:Ghost|203/260\n|-ability|p1a: Komala|Comatose\n|move|p2a: Gengar|Sludge Wave|p1a: Komala\n|-resisted|p1a: Komala\n|-damage|p1a: Komala|156/260\n|-damage|p2a: Gengar|46/230|[from] item: Life Orb\n|\n|upkeep\n|turn|15\n|\n|t:|1771213363\n|move|p2a: Gengar|Shadow Ball|p1a: Komala\n|-supereffective|p1a: Komala\n|-damage|p1a: Komala|0 fnt\n|faint|p1a: Komala\n|-damage|p2a: Gengar|23/230|[from] item: Life Orb\n|\n|upkeep\n|\n|t:|1771213366\n|switch|p1a: Ditto|Ditto, L87|225/225\n|-transform|p1a: Ditto|p2a: Gengar|[from] ability: Imposter\n|turn|16\n|\n|t:|1771213374\n|move|p1a: Ditto|Sludge Wave|p2a: Gengar\n|-resisted|p2a: Gengar\n|-damage|p2a: Gengar|0 fnt\n|faint|p2a: Gengar\n|\n|upkeep\n|\n|t:|1771213381\n|switch|p2a: Toedscruel|Toedscruel, L87, M|281/281\n|turn|17\n|\n|t:|1771213388\n|move|p1a: Ditto|Sludge Wave|p2a: Toedscruel\n|-damage|p2a: Toedscruel|217/281\n|move|p2a: Toedscruel|Earth Power|p1a: Ditto\n|-supereffective|p1a: Ditto\n|-damage|p1a: Ditto|31/225\n|\n|upkeep\n|turn|18\n|\n|t:|1771213391\n|move|p1a: Ditto|Sludge Wave|p2a: Toedscruel\n|-damage|p2a: Toedscruel|150/281\n|move|p2a: Toedscruel|Earth Power|p1a: Ditto\n|-supereffective|p1a: Ditto\n|-damage|p1a: Ditto|0 fnt\n|faint|p1a: Ditto\n|\n|upkeep\n|\n|t:|1771213395\n|switch|p1a: Falinks|Falinks, L84|246/246\n|turn|19\n|\n|t:|1771213400\n|switch|p2a: Volcarona|Volcarona, L77, F|257/257\n|move|p1a: Falinks|Close Combat|p2a: Volcarona\n|-resisted|p2a: Volcarona\n|-damage|p2a: Volcarona|134/257\n|-unboost|p1a: Falinks|def|1\n|-unboost|p1a: Falinks|spd|1\n|-damage|p1a: Falinks|222/246|[from] item: Life Orb\n|\n|upkeep\n|turn|20\n|\n|t:|1771213411\n|switch|p1a: Dondozo|Dondozo, L78, F|203/362\n|move|p2a: Volcarona|Quiver Dance|p2a: Volcarona\n|-boost|p2a: Volcarona|spa|1\n|-boost|p2a: Volcarona|spd|1\n|-boost|p2a: Volcarona|spe|1\n|\n|-heal|p1a: Dondozo|225/362|[from] item: Leftovers\n|upkeep\n|turn|21\n|\n|t:|1771213413\n|move|p2a: Volcarona|Giga Drain|p1a: Dondozo\n|-supereffective|p1a: Dondozo\n|-damage|p1a: Dondozo|71/362\n|-heal|p2a: Volcarona|211/257|[from] drain|[of] p1a: Dondozo\n|move|p1a: Dondozo|Wave Crash|p2a: Volcarona\n|-supereffective|p2a: Volcarona\n|-damage|p2a: Volcarona|0 fnt\n|faint|p2a: Volcarona\n|-damage|p1a: Dondozo|1/362|[from] Recoil\n|\n|-heal|p1a: Dondozo|23/362|[from] item: Leftovers\n|upkeep\n|\n|t:|1771213432\n|switch|p2a: Vikavolt|Vikavolt, L83, F|263/263\n|turn|22\n|\n|t:|1771213456\n|move|p2a: Vikavolt|Discharge|p1a: Dondozo\n|-supereffective|p1a: Dondozo\n|-damage|p1a: Dondozo|0 fnt\n|faint|p1a: Dondozo\n|\n|upkeep\n|\n|t:|1771213458\n|switch|p1a: Gholdengo|Gholdengo, L77|261/261\n|turn|23\n|\n|t:|1771213466\n|switch|p2a: Toedscruel|Toedscruel, L87, M|150/281\n|move|p1a: Gholdengo|Shadow Ball|p2a: Toedscruel\n|-damage|p2a: Toedscruel|104/281\n|\n|upkeep\n|turn|24\n|\n|t:|1771213474\n|switch|p1a: Falinks|Falinks, L84|222/246\n|move|p2a: Toedscruel|Earth Power|p1a: Falinks\n|-damage|p1a: Falinks|108/246\n|\n|upkeep\n|turn|25\n|\n|t:|1771213478\n|move|p2a: Toedscruel|Earth Power|p1a: Falinks\n|-damage|p1a: Falinks|0 fnt\n|faint|p1a: Falinks\n|\n|upkeep\n|\n|t:|1771213481\n|switch|p1a: Gholdengo|Gholdengo, L77|261/261\n|turn|26\n|\n|t:|1771213485\n|move|p2a: Toedscruel|Knock Off|p1a: Gholdengo\n|-supereffective|p1a: Gholdengo\n|-damage|p1a: Gholdengo|149/261\n|-enditem|p1a: Gholdengo|Leftovers|[from] move: Knock Off|[of] p2a: Toedscruel\n|move|p1a: Gholdengo|Nasty Plot|p1a: Gholdengo\n|-boost|p1a: Gholdengo|spa|2\n|\n|upkeep\n|turn|27\n|\n|t:|1771213490\n|move|p2a: Toedscruel|Earth Power|p1a: Gholdengo\n|-supereffective|p1a: Gholdengo\n|-damage|p1a: Gholdengo|0 fnt\n|faint|p1a: Gholdengo\n|\n|win|Arxz\n|raw|qiuescent's rating: 2172 &rarr; <strong>2151</strong><br />(-21 for losing)\n|raw|Arxz's rating: 2159 &rarr; <strong>2180</strong><br />(+21 for winning)\n|l|‽qiuescent\n|player|p1|\n", "inputlog": ">version 686819e5e19f8a7fd2345cfc5a08a5085efa2cc3\n>start {\"formatid\":\"gen9randombattle\",\"seed\":\"sodium,cff23eee18037a8eea3cc3285a08a345\",\"rated\":\"Rated battle\"}\n>player p1 {\"name\":\"qiuescent\",\"avatar\":\"102\",\"rating\":2172,\"seed\":\"sodium,dd4839d3e54e9a31d4b4b7e6bebc0f36\"}\n>player p2 {\"name\":\"Arxz\",\"avatar\":\"hoopster\",\"rating\":2159,\"seed\":\"sodium,2710a90d10fea1d435e990523fafbc8b\"}\n>p1 switch 5\n>p2 switch 5\n>p1 move bodyslam\n>p2 switch 4\n>p1 switch 4\n>p2 move aurasphere\n>p1 move heatwave\n>p2 move calmmind\n>p1 move heatwave\n>p2 move flashcannon\n>p1 move roost\n>p2 move flashcannon\n>p1 move heatwave\n>p2 move flashcannon\n>p2 switch 3\n>p1 move discharge\n>p2 move sludgewave\n>p1 switch 4\n>p1 move knockoff\n>p2 switch 6\n>p1 move bodyslam\n>p2 move scald\n>p1 move bodyslam\n>p2 move wish\n>p2 switch 6\n>p1 move knockoff terastallize\n>p2 move encore\n>p1 switch 2\n>p2 move shadowball\n>p1 switch 2\n>p2 move sludgewave\n>p1 move knockoff\n>p2 move shadowball\n>p1 switch 3\n>p1 move sludgewave\n>p2 move shadowball\n>p2 switch 5\n>p1 move sludgewave\n>p2 move earthpower\n>p1 move sludgewave\n>p2 move earthpower\n>p1 switch 6\n>p1 move closecombat\n>p2 switch 2\n>p1 switch 2\n>p2 move quiverdance\n>p1 move wavecrash\n>p2 move gigadrain\n>p2 switch 4\n>p1 move wavecrash\n>p2 move discharge\n>p1 switch 5\n>p1 move shadowball\n>p2 switch 2\n>p1 switch 2\n>p2 move earthpower\n>p1 move closecombat\n>p2 move earthpower\n>p1 switch 2\n>p1 move nastyplot\n>p2 move knockoff\n>p1 move shadowball\n>p2 move earthpower", "uploadtime": 1771213503, "views": 12, "formatid": "gen9randombattle", "rating": 2151, "private": 0, "password": null}