{"id": "gen9randombattle-2540453062", "format": "[Gen 9] Random Battle", "players": ["infinitygroudon", "giganticcricket"], "log": "|j|☆infinitygroudon\n|j|☆giganticcricket\n|t:|1771203880\n|gametype|singles\n|player|p1|infinitygroudon|2|1709\n|player|p2|giganticcricket|2|1744\n|gen|9\n|tier|[Gen 9] Random Battle\n|rated|\n|rule|Species Clause: Limit one of each Pokémon\n|rule|HP Percentage Mod: HP is shown in percentages\n|rule|Sleep Clause Mod: Limit one foe put to sleep\n|rule|Illusion Level Mod: Illusion disguises the Pokémon's true level\n|\n|t:|1771203880\n|teamsize|p1|6\n|teamsize|p2|6\n|start\n|switch|p1a: Iron Valiant|Iron Valiant, L78|244/244\n|switch|p2a: Toedscruel|Toedscruel, L87, F|281/281\n|turn|1\n|\n|t:|1771203890\n|move|p1a: Iron Valiant|Spirit Break|p2a: Toedscruel\n|-damage|p2a: Toedscruel|145/281\n|-unboost|p2a: Toedscruel|spa|1\n|-damage|p1a: Iron Valiant|220/244|[from] item: Life Orb\n|move|p2a: Toedscruel|Rapid Spin|p1a: Iron Valiant\n|-damage|p1a: Iron Valiant|189/244\n|-boost|p2a: Toedscruel|spe|1\n|\n|upkeep\n|turn|2\n|\n|t:|1771203898\n|move|p2a: Toedscruel|Leaf Storm|p1a: Iron Valiant|[miss]\n|-miss|p2a: Toedscruel|p1a: Iron Valiant\n|move|p1a: Iron Valiant|Close Combat|p2a: Toedscruel\n|-damage|p2a: Toedscruel|0 fnt\n|-unboost|p1a: Iron Valiant|def|1\n|-unboost|p1a: Iron Valiant|spd|1\n|faint|p2a: Toedscruel\n|-damage|p1a: Iron Valiant|165/244|[from] item: Life Orb\n|\n|upkeep\n|\n|t:|1771203913\n|switch|p2a: Azumarill|Azumarill, L82, M|298/298\n|turn|3\n|\n|t:|1771203926\n|-end|p1a: Iron Valiant|Quark Drive|[silent]\n|switch|p1a: Deoxys|Deoxys-Defense, L84|221/221\n|-ability|p1a: Deoxys|Pressure\n|move|p2a: Azumarill|Aqua Jet|p1a: Deoxys\n|-damage|p1a: Deoxys|170/221\n|\n|-heal|p1a: Deoxys|183/221|[from] item: Leftovers\n|upkeep\n|turn|4\n|\n|t:|1771203939\n|switch|p2a: Krookodile|Krookodile, L80, M|283/283\n|-ability|p2a: Krookodile|Intimidate|boost\n|-unboost|p1a: Deoxys|atk|1\n|move|p1a: Deoxys|Cosmic Power|p1a: Deoxys\n|-boost|p1a: Deoxys|def|1\n|-boost|p1a: Deoxys|spd|1\n|\n|-heal|p1a: Deoxys|196/221|[from] item: Leftovers\n|upkeep\n|turn|5\n|\n|t:|1771203948\n|switch|p1a: Iron Valiant|Iron Valiant, L78|165/244\n|move|p2a: Krookodile|Bulk Up|p2a: Krookodile\n|-boost|p2a: Krookodile|atk|1\n|-boost|p2a: Krookodile|def|1\n|\n|upkeep\n|turn|6\n|\n|t:|1771203957\n|-terastallize|p2a: Krookodile|Poison\n|move|p1a: Iron Valiant|Close Combat|p2a: Krookodile\n|-resisted|p2a: Krookodile\n|-damage|p2a: Krookodile|210/283\n|-unboost|p1a: Iron Valiant|def|1\n|-unboost|p1a: Iron Valiant|spd|1\n|-damage|p1a: Iron Valiant|141/244|[from] item: Life Orb\n|move|p2a: Krookodile|Knock Off|p1a: Iron Valiant\n|-resisted|p1a: Iron Valiant\n|-damage|p1a: Iron Valiant|74/244\n|-enditem|p1a: Iron Valiant|Life Orb|[from] move: Knock Off|[of] p2a: Krookodile\n|\n|-heal|p2a: Krookodile|227/283|[from] item: Leftovers\n|upkeep\n|turn|7\n|\n|t:|1771203971\n|move|p1a: Iron Valiant|Knock Off|p2a: Krookodile\n|-damage|p2a: Krookodile|173/283\n|-enditem|p2a: Krookodile|Leftovers|[from] move: Knock Off|[of] p1a: Iron Valiant\n|move|p2a: Krookodile|Earthquake|p1a: Iron Valiant\n|-damage|p1a: Iron Valiant|0 fnt\n|faint|p1a: Iron Valiant\n|-end|p1a: Iron Valiant|Quark Drive|[silent]\n|\n|upkeep\n|c|☆giganticcricket|Why\n|\n|t:|1771203982\n|switch|p1a: Moltres|Moltres, L81|278/278\n|turn|8\n|c|☆giganticcricket|why is it part fairy\n|c|☆giganticcricket|that's so troll\n|\n|t:|1771203994\n|move|p2a: Krookodile|Knock Off|p1a: Moltres\n|-damage|p1a: Moltres|125/278\n|-enditem|p1a: Moltres|Heavy-Duty Boots|[from] move: Knock Off|[of] p2a: Krookodile\n|move|p1a: Moltres|Scorching Sands|p2a: Krookodile\n|-supereffective|p2a: Krookodile\n|-damage|p2a: Krookodile|33/283\n|\n|upkeep\n|turn|9\n|\n|t:|1771204001\n|move|p2a: Krookodile|Gunk Shot|p1a: Moltres\n|-damage|p1a: Moltres|0 fnt\n|faint|p1a: Moltres\n|\n|upkeep\n|\n|t:|1771204012\n|switch|p1a: Deoxys|Deoxys-Defense, L84|196/221\n|-ability|p1a: Deoxys|Pressure\n|turn|10\n|\n|t:|1771204018\n|switch|p2a: Incineroar|Incineroar, L82, F|290/290\n|-ability|p2a: Incineroar|Intimidate|boost\n|-unboost|p1a: Deoxys|atk|1\n|move|p1a: Deoxys|Stored Power|p2a: Incineroar\n|-immune|p2a: Incineroar\n|\n|-heal|p1a: Deoxys|209/221|[from] item: Leftovers\n|upkeep\n|turn|11\n|\n|t:|1771204027\n|switch|p1a: Hariyama|Hariyama, L87, F|392/392\n|move|p2a: Incineroar|Trailblaze|p1a: Hariyama\n|-damage|p1a: Hariyama|340/392\n|-boost|p2a: Incineroar|spe|1\n|\n|-status|p1a: Hariyama|brn|[from] item: Flame Orb\n|upkeep\n|turn|12\n|\n|t:|1771204034\n|switch|p2a: Krookodile|Krookodile, L80, M, tera:Poison|33/283\n|-ability|p2a: Krookodile|Intimidate|boost\n|-unboost|p1a: Hariyama|atk|1\n|move|p1a: Hariyama|Close Combat|p2a: Krookodile\n|-resisted|p2a: Krookodile\n|-damage|p2a: Krookodile|0 fnt\n|-unboost|p1a: Hariyama|def|1\n|-unboost|p1a: Hariyama|spd|1\n|faint|p2a: Krookodile\n|\n|-damage|p1a: Hariyama|316/392 brn|[from] brn\n|upkeep\n|\n|t:|1771204046\n|switch|p2a: Ariados|Ariados, L95, F|287/287\n|turn|13\n|\n|t:|1771204061\n|move|p1a: Hariyama|Facade|p2a: Ariados\n|-damage|p2a: Ariados|166/287\n|move|p2a: Ariados|Sticky Web|p1a: Hariyama\n|-sidestart|p1: infinitygroudon|move: Sticky Web\n|\n|-damage|p1a: Hariyama|292/392 brn|[from] brn\n|upkeep\n|turn|14\n|\n|t:|1771204076\n|-terastallize|p1a: Hariyama|Normal\n|move|p1a: Hariyama|Facade|p2a: Ariados\n|-damage|p2a: Ariados|0 fnt\n|faint|p2a: Ariados\n|\n|-damage|p1a: Hariyama|268/392 brn|[from] brn\n|upkeep\n|\n|t:|1771204082\n|switch|p2a: Incineroar|Incineroar, L82, F|290/290\n|-ability|p2a: Incineroar|Intimidate|boost\n|-unboost|p1a: Hariyama|atk|1\n|turn|15\n|\n|t:|1771204092\n|switch|p1a: Kingdra|Kingdra, L84, F|263/263\n|-activate|p1a: Kingdra|move: Sticky Web\n|-unboost|p1a: Kingdra|spe|1\n|move|p2a: Incineroar|Swords Dance|p2a: Incineroar\n|-boost|p2a: Incineroar|atk|2\n|\n|upkeep\n|turn|16\n|\n|t:|1771204103\n|move|p2a: Incineroar|Knock Off|p1a: Kingdra\n|-crit|p1a: Kingdra\n|-damage|p1a: Kingdra|0 fnt\n|-enditem|p1a: Kingdra|Lum Berry|[from] move: Knock Off|[of] p2a: Incineroar\n|faint|p1a: Kingdra\n|\n|upkeep\n|\n|t:|1771204116\n|switch|p1a: Porygon2|Porygon2, L81|270/270\n|-activate|p1a: Porygon2|move: Sticky Web\n|-unboost|p1a: Porygon2|spe|1\n|-ability|p1a: Porygon2|Download|boost\n|-boost|p1a: Porygon2|spa|1\n|turn|17\n|\n|t:|1771204125\n|move|p2a: Incineroar|Knock Off|p1a: Porygon2\n|-damage|p1a: Porygon2|105/270\n|-enditem|p1a: Porygon2|Eviolite|[from] move: Knock Off|[of] p2a: Incineroar\n|move|p1a: Porygon2|Thunder Wave|p2a: Incineroar\n|-status|p2a: Incineroar|par\n|\n|upkeep\n|turn|18\n|\n|t:|1771204134\n|move|p1a: Porygon2|Recover|p1a: Porygon2\n|-heal|p1a: Porygon2|240/270\n|move|p2a: Incineroar|Flare Blitz|p1a: Porygon2\n|-damage|p1a: Porygon2|0 fnt\n|faint|p1a: Porygon2\n|-damage|p2a: Incineroar|211/290 par|[from] Recoil\n|\n|upkeep\n|\n|t:|1771204141\n|switch|p1a: Hariyama|Hariyama, L87, F, tera:Normal|268/392 brn\n|-activate|p1a: Hariyama|move: Sticky Web\n|-unboost|p1a: Hariyama|spe|1\n|turn|19\n|\n|t:|1771204149\n|switch|p2a: Charizard|Charizard, L85, F|271/271\n|move|p1a: Hariyama|Close Combat|p2a: Charizard\n|-resisted|p2a: Charizard\n|-damage|p2a: Charizard|142/271\n|-unboost|p1a: Hariyama|def|1\n|-unboost|p1a: Hariyama|spd|1\n|\n|-damage|p1a: Hariyama|244/392 brn|[from] brn\n|upkeep\n|turn|20\n|\n|t:|1771204155\n|switch|p1a: Deoxys|Deoxys-Defense, L84|209/221\n|-activate|p1a: Deoxys|move: Sticky Web\n|-unboost|p1a: Deoxys|spe|1\n|-ability|p1a: Deoxys|Pressure\n|move|p2a: Charizard|Hurricane|p1a: Deoxys\n|-damage|p1a: Deoxys|121/221\n|-start|p1a: Deoxys|confusion\n|\n|-heal|p1a: Deoxys|134/221|[from] item: Leftovers\n|upkeep\n|turn|21\n|\n|t:|1771204164\n|switch|p2a: Incineroar|Incineroar, L82, F|211/290 par\n|-ability|p2a: Incineroar|Intimidate|boost\n|-unboost|p1a: Deoxys|atk|1\n|-activate|p1a: Deoxys|confusion\n|-damage|p1a: Deoxys|126/221|[from] confusion\n|\n|-heal|p1a: Deoxys|139/221|[from] item: Leftovers\n|upkeep\n|turn|22\n|\n|t:|1771204171\n|-activate|p1a: Deoxys|confusion\n|move|p1a: Deoxys|Recover|p1a: Deoxys\n|-heal|p1a: Deoxys|221/221\n|move|p2a: Incineroar|Knock Off|p1a: Deoxys\n|-supereffective|p1a: Deoxys\n|-damage|p1a: Deoxys|87/221\n|-enditem|p1a: Deoxys|Leftovers|[from] move: Knock Off|[of] p2a: Incineroar\n|\n|upkeep\n|turn|23\n|\n|t:|1771204179\n|-end|p1a: Deoxys|confusion\n|move|p1a: Deoxys|Recover|p1a: Deoxys\n|-heal|p1a: Deoxys|198/221\n|move|p2a: Incineroar|Trailblaze|p1a: Deoxys\n|-damage|p1a: Deoxys|174/221\n|-boost|p2a: Incineroar|spe|1\n|\n|upkeep\n|turn|24\n|\n|t:|1771204187\n|move|p1a: Deoxys|Cosmic Power|p1a: Deoxys\n|-boost|p1a: Deoxys|def|1\n|-boost|p1a: Deoxys|spd|1\n|move|p2a: Incineroar|Swords Dance|p2a: Incineroar\n|-boost|p2a: Incineroar|atk|2\n|\n|upkeep\n|turn|25\n|\n|t:|1771204193\n|move|p1a: Deoxys|Night Shade|p2a: Incineroar\n|-damage|p2a: Incineroar|127/290 par\n|move|p2a: Incineroar|Knock Off|p1a: Deoxys\n|-supereffective|p1a: Deoxys\n|-damage|p1a: Deoxys|52/221\n|\n|upkeep\n|turn|26\n|\n|t:|1771204199\n|move|p1a: Deoxys|Recover|p1a: Deoxys\n|-heal|p1a: Deoxys|163/221\n|cant|p2a: Incineroar|par\n|\n|upkeep\n|turn|27\n|\n|t:|1771204202\n|move|p1a: Deoxys|Night Shade|p2a: Incineroar\n|-damage|p2a: Incineroar|43/290 par\n|move|p2a: Incineroar|Trailblaze|p1a: Deoxys\n|-damage|p1a: Deoxys|134/221\n|-boost|p2a: Incineroar|spe|1\n|\n|upkeep\n|turn|28\n|\n|t:|1771204211\n|move|p2a: Incineroar|Knock Off|p1a: Deoxys\n|-supereffective|p1a: Deoxys\n|-damage|p1a: Deoxys|14/221\n|move|p1a: Deoxys|Recover|p1a: Deoxys\n|-heal|p1a: Deoxys|125/221\n|\n|upkeep\n|turn|29\n|\n|t:|1771204216\n|move|p2a: Incineroar|Knock Off|p1a: Deoxys\n|-supereffective|p1a: Deoxys\n|-damage|p1a: Deoxys|0 fnt\n|faint|p1a: Deoxys\n|\n|upkeep\n|\n|t:|1771204219\n|switch|p1a: Hariyama|Hariyama, L87, F, tera:Normal|244/392 brn\n|-activate|p1a: Hariyama|move: Sticky Web\n|-unboost|p1a: Hariyama|spe|1\n|turn|30\n|\n|t:|1771204222\n|move|p1a: Hariyama|Fake Out|p2a: Incineroar\n|-damage|p2a: Incineroar|0 fnt\n|faint|p2a: Incineroar\n|\n|-damage|p1a: Hariyama|220/392 brn|[from] brn\n|upkeep\n|\n|t:|1771204226\n|switch|p2a: Charizard|Charizard, L85, F|142/271\n|turn|31\n|\n|t:|1771204230\n|move|p2a: Charizard|Hurricane|p1a: Hariyama|[miss]\n|-miss|p2a: Charizard|p1a: Hariyama\n|move|p1a: Hariyama|Facade|p2a: Charizard\n|-damage|p2a: Charizard|0 fnt\n|faint|p2a: Charizard\n|\n|-damage|p1a: Hariyama|196/392 brn|[from] brn\n|upkeep\n|\n|t:|1771204235\n|switch|p2a: Azumarill|Azumarill, L82, M|298/298\n|turn|32\n|\n|t:|1771204239\n|move|p2a: Azumarill|Liquidation|p1a: Hariyama\n|-damage|p1a: Hariyama|1/392 brn\n|-unboost|p1a: Hariyama|def|1\n|move|p1a: Hariyama|Facade|p2a: Azumarill\n|-damage|p2a: Azumarill|0 fnt\n|faint|p2a: Azumarill\n|\n|win|infinitygroudon\n|raw|infinitygroudon's rating: 1709 &rarr; <strong>1731</strong><br />(+22 for winning)\n|raw|giganticcricket's rating: 1744 &rarr; <strong>1722</strong><br />(-22 for losing)\n", "inputlog": ">version 686819e5e19f8a7fd2345cfc5a08a5085efa2cc3\n>start {\"formatid\":\"gen9randombattle\",\"seed\":\"sodium,ab10fdb3d628321c8d8a60709b3c4374\",\"rated\":\"Rated battle\"}\n>player p1 {\"name\":\"infinitygroudon\",\"avatar\":\"2\",\"rating\":1709,\"seed\":\"sodium,bd2fe408f9e56582fe665be4c8914bb0\"}\n>player p2 {\"name\":\"giganticcricket\",\"avatar\":\"2\",\"rating\":1744,\"seed\":\"sodium,ed34aae5c0eb42977093c375e47a507e\"}\n>p1 move spiritbreak\n>p2 move rapidspin\n>p1 move closecombat\n>p2 move leafstorm\n>p2 switch 6\n>p1 switch 3\n>p2 move aquajet\n>p1 move cosmicpower\n>p2 switch 5\n>p1 switch 3\n>p2 move bulkup\n>p1 move closecombat\n>p2 move knockoff terastallize\n>p1 move knockoff\n>p2 move earthquake\n>chat ☆giganticcricket|Why\n>p1 switch 4\n>chat ☆giganticcricket|why is it part fairy\n>chat ☆giganticcricket|that's so troll\n>p1 move scorchingsands\n>p2 move knockoff\n>p1 move scorchingsands\n>p2 move gunkshot\n>p1 switch 3\n>p1 move storedpower\n>p2 switch 3\n>p1 switch 2\n>p2 move trailblaze\n>p1 move closecombat\n>p2 switch 3\n>p2 switch 4\n>p1 move facade\n>p2 move stickyweb\n>p1 move facade terastallize\n>p2 move toxicspikes\n>p2 switch 3\n>p1 switch 5\n>p2 move swordsdance\n>p1 move wavecrash\n>p2 move knockoff\n>p1 switch 6\n>p1 move thunderwave\n>p2 move knockoff\n>p1 move recover\n>p2 move flareblitz\n>p1 switch 5\n>p1 move closecombat\n>p2 switch 2\n>p1 switch 2\n>p2 move hurricane\n>p1 move recover\n>p2 switch 2\n>p1 move recover\n>p2 move knockoff\n>p1 move recover\n>p2 move trailblaze\n>p1 move cosmicpower\n>p2 move swordsdance\n>p1 move nightshade\n>p2 move knockoff\n>p1 move recover\n>p2 move trailblaze\n>p1 move nightshade\n>p2 move trailblaze\n>p1 move recover\n>p2 move knockoff\n>p1 move recover\n>p2 move knockoff\n>p1 switch 2\n>p1 move fakeout\n>p2 move flareblitz\n>p2 switch 2\n>p1 move facade\n>p2 move hurricane\n>p2 switch 5\n>p1 move facade\n>p2 move liquidation", "uploadtime": 1771204247, "views": 8, "formatid": "gen9randombattle", "rating": 1722, "private": 0, "password": null}