{"id": "gen9randombattle-2539981087", "format": "[Gen 9] Random Battle", "players": ["Soul Gem", "fenjaminbranklin"], "log": "|j|☆Soul Gem\n|j|☆fenjaminbranklin\n|t:|1771137764\n|gametype|singles\n|player|p1|Soul Gem|misty|1776\n|player|p2|fenjaminbranklin|266|1721\n|gen|9\n|tier|[Gen 9] Random Battle\n|rated|\n|rule|Species Clause: Limit one of each Pokémon\n|rule|HP Percentage Mod: HP is shown in percentages\n|rule|Sleep Clause Mod: Limit one foe put to sleep\n|rule|Illusion Level Mod: Illusion disguises the Pokémon's true level\n|\n|t:|1771137764\n|teamsize|p1|6\n|teamsize|p2|6\n|start\n|switch|p1a: Kingambit|Kingambit, L74, F|270/270\n|switch|p2a: Raikou|Raikou, L81|278/278\n|-ability|p2a: Raikou|Pressure\n|turn|1\n|l|☆fenjaminbranklin\n|player|p2|\n|inactive|Battle timer is ON: inactive players will automatically lose when time's up. (requested by Soul Gem)\n|j|☆fenjaminbranklin\n|inactive|fenjaminbranklin reconnected and has 150 seconds left.\n|player|p2|fenjaminbranklin|266|\n|\n|t:|1771137780\n|-end|p1a: Kingambit|fallenundefined|[silent]\n|switch|p1a: Wo-Chien|Wo-Chien, L83|277/277\n|-ability|p1a: Wo-Chien|Tablets of Ruin\n|move|p2a: Raikou|Thunderbolt|p1a: Wo-Chien\n|-resisted|p1a: Wo-Chien\n|-damage|p1a: Wo-Chien|222/277\n|\n|-heal|p1a: Wo-Chien|239/277|[from] item: Leftovers\n|upkeep\n|turn|2\n|inactive|Soul Gem has 120 seconds left.\n|\n|t:|1771137825\n|switch|p2a: Yanmega|Yanmega, L82, M|275/275\n|move|p1a: Wo-Chien|Knock Off|p2a: Yanmega\n|-damage|p2a: Yanmega|185/275\n|-enditem|p2a: Yanmega|Choice Specs|[from] move: Knock Off|[of] p1a: Wo-Chien\n|\n|-heal|p1a: Wo-Chien|256/277|[from] item: Leftovers\n|upkeep\n|turn|3\n|\n|t:|1771137833\n|move|p1a: Wo-Chien|Protect|p1a: Wo-Chien\n|-singleturn|p1a: Wo-Chien|Protect\n|move|p2a: Yanmega|U-turn|p1a: Wo-Chien\n|-activate|p1a: Wo-Chien|move: Protect\n|\n|-heal|p1a: Wo-Chien|273/277|[from] item: Leftovers\n|upkeep\n|turn|4\n|inactive|Soul Gem has 120 seconds left.\n|\n|t:|1771137845\n|switch|p1a: Kingambit|Kingambit, L74, F|270/270\n|move|p2a: Yanmega|Bug Buzz|p1a: Kingambit\n|-damage|p1a: Kingambit|153/270\n|\n|-heal|p1a: Kingambit|169/270|[from] item: Leftovers\n|upkeep\n|turn|5\n|inactive|Soul Gem has 120 seconds left.\n|\n|t:|1771137855\n|move|p2a: Yanmega|U-turn|p1a: Kingambit\n|-damage|p1a: Kingambit|114/270\n|\n|t:|1771137868\n|switch|p2a: Raikou|Raikou, L81|278/278|[from] U-turn\n|-ability|p2a: Raikou|Pressure\n|move|p1a: Kingambit|Kowtow Cleave|p2a: Raikou\n|-damage|p2a: Raikou|163/278\n|\n|-heal|p1a: Kingambit|130/270|[from] item: Leftovers\n|upkeep\n|turn|6\n|inactive|Soul Gem has 120 seconds left.\n|\n|t:|1771137886\n|-end|p1a: Kingambit|fallenundefined|[silent]\n|switch|p1a: Wo-Chien|Wo-Chien, L83|273/277\n|-ability|p1a: Wo-Chien|Tablets of Ruin\n|move|p2a: Raikou|Volt Switch|p1a: Wo-Chien\n|-resisted|p1a: Wo-Chien\n|-crit|p1a: Wo-Chien\n|-damage|p1a: Wo-Chien|208/277\n|\n|t:|1771137889\n|switch|p2a: Yanmega|Yanmega, L82, M|185/275|[from] Volt Switch\n|\n|-heal|p1a: Wo-Chien|225/277|[from] item: Leftovers\n|upkeep\n|turn|7\n|\n|t:|1771137893\n|move|p1a: Wo-Chien|Protect|p1a: Wo-Chien\n|-singleturn|p1a: Wo-Chien|Protect\n|move|p2a: Yanmega|Bug Buzz|p1a: Wo-Chien\n|-activate|p1a: Wo-Chien|move: Protect\n|\n|-heal|p1a: Wo-Chien|242/277|[from] item: Leftovers\n|upkeep\n|turn|8\n|\n|t:|1771137898\n|switch|p1a: Pyroar|Pyroar, L88, F|295/295\n|-ability|p1a: Pyroar|Unnerve\n|move|p2a: Yanmega|Bug Buzz|p1a: Pyroar\n|-resisted|p1a: Pyroar\n|-damage|p1a: Pyroar|175/295\n|\n|upkeep\n|turn|9\n|\n|t:|1771137906\n|switch|p2a: Eelektross|Eelektross, L87, M|290/290\n|move|p1a: Pyroar|Hyper Voice|p2a: Eelektross\n|-damage|p2a: Eelektross|217/290\n|\n|upkeep\n|turn|10\n|\n|t:|1771137912\n|move|p1a: Pyroar|Work Up|p1a: Pyroar\n|-boost|p1a: Pyroar|atk|1\n|-boost|p1a: Pyroar|spa|1\n|move|p2a: Eelektross|Discharge|p1a: Pyroar\n|-damage|p1a: Pyroar|61/295\n|\n|upkeep\n|turn|11\n|\n|t:|1771137918\n|move|p1a: Pyroar|Fire Blast|p2a: Eelektross\n|-damage|p2a: Eelektross|64/290\n|move|p2a: Eelektross|Discharge|p1a: Pyroar\n|-damage|p1a: Pyroar|0 fnt\n|faint|p1a: Pyroar\n|\n|upkeep\n|\n|t:|1771137932\n|switch|p1a: Mewtwo|Mewtwo, L72|272/272\n|-ability|p1a: Mewtwo|Pressure\n|turn|12\n|\n|t:|1771137944\n|move|p1a: Mewtwo|Psystrike|p2a: Eelektross\n|-damage|p2a: Eelektross|0 fnt\n|faint|p2a: Eelektross\n|-damage|p1a: Mewtwo|245/272|[from] item: Life Orb\n|\n|upkeep\n|\n|t:|1771137959\n|switch|p2a: Tornadus|Tornadus, L82, M|263/263\n|turn|13\n|\n|t:|1771137968\n|switch|p1a: Sandslash|Sandslash, L89, F|278/278\n|move|p2a: Tornadus|Bleakwind Storm|p1a: Sandslash|[miss]\n|-miss|p2a: Tornadus|p1a: Sandslash\n|\n|upkeep\n|turn|14\n|\n|t:|1771137982\n|move|p2a: Tornadus|Bleakwind Storm|p1a: Sandslash\n|-damage|p1a: Sandslash|103/278\n|-unboost|p1a: Sandslash|spe|1\n|move|p1a: Sandslash|Rapid Spin|p2a: Tornadus\n|-damage|p2a: Tornadus|210/263\n|-boost|p1a: Sandslash|spe|1\n|\n|upkeep\n|turn|15\n|\n|t:|1771137993\n|move|p2a: Tornadus|Bleakwind Storm|p1a: Sandslash\n|-damage|p1a: Sandslash|0 fnt\n|faint|p1a: Sandslash\n|\n|upkeep\n|\n|t:|1771138000\n|switch|p1a: Kingambit|Kingambit, L74, F|130/270\n|-activate|p1a: Kingambit|ability: Supreme Overlord\n|-start|p1a: Kingambit|fallen2|[silent]\n|turn|16\n|\n|t:|1771138008\n|switch|p2a: Ninetales|Ninetales, L85, M|263/263\n|-weather|SunnyDay|[from] ability: Drought|[of] p2a: Ninetales\n|move|p1a: Kingambit|Kowtow Cleave|p2a: Ninetales\n|-damage|p2a: Ninetales|131/263\n|\n|-weather|SunnyDay|[upkeep]\n|-heal|p1a: Kingambit|146/270|[from] item: Leftovers\n|upkeep\n|turn|17\n|\n|t:|1771138016\n|-end|p1a: Kingambit|fallen2|[silent]\n|switch|p1a: Chandelure|Chandelure, L83, M|235/235\n|move|p2a: Ninetales|Fire Blast|p1a: Chandelure\n|-start|p1a: Chandelure|ability: Flash Fire\n|\n|-weather|SunnyDay|[upkeep]\n|upkeep\n|turn|18\n|\n|t:|1771138022\n|move|p2a: Ninetales|Scorching Sands|p1a: Chandelure\n|-supereffective|p1a: Chandelure\n|-damage|p1a: Chandelure|147/235\n|move|p1a: Chandelure|Fire Blast|p2a: Ninetales\n|-resisted|p2a: Ninetales\n|-damage|p2a: Ninetales|0 fnt\n|faint|p2a: Ninetales\n|\n|-weather|SunnyDay|[upkeep]\n|upkeep\n|\n|t:|1771138034\n|switch|p2a: Milotic|Milotic, L83, F|293/293\n|turn|19\n|\n|t:|1771138040\n|-end|p1a: Chandelure|ability: Flash Fire|[silent]\n|switch|p1a: Wo-Chien|Wo-Chien, L83|242/277\n|-ability|p1a: Wo-Chien|Tablets of Ruin\n|move|p2a: Milotic|Scald|p1a: Wo-Chien\n|-resisted|p1a: Wo-Chien\n|-crit|p1a: Wo-Chien\n|-damage|p1a: Wo-Chien|220/277\n|-status|p1a: Wo-Chien|brn\n|\n|-weather|SunnyDay|[upkeep]\n|-heal|p1a: Wo-Chien|237/277 brn|[from] item: Leftovers\n|-damage|p1a: Wo-Chien|220/277 brn|[from] brn\n|upkeep\n|turn|20\n|\n|t:|1771138047\n|move|p2a: Milotic|Ice Beam|p1a: Wo-Chien\n|-supereffective|p1a: Wo-Chien\n|-damage|p1a: Wo-Chien|132/277 brn\n|move|p1a: Wo-Chien|Leech Seed|p2a: Milotic\n|-start|p2a: Milotic|move: Leech Seed\n|\n|-weather|none\n|-heal|p1a: Wo-Chien|149/277 brn|[from] item: Leftovers\n|-damage|p2a: Milotic|257/293|[from] Leech Seed|[of] p1a: Wo-Chien\n|-heal|p1a: Wo-Chien|185/277 brn|[silent]\n|-damage|p1a: Wo-Chien|168/277 brn|[from] brn\n|upkeep\n|turn|21\n|\n|t:|1771138055\n|switch|p2a: Yanmega|Yanmega, L82, M|185/275\n|move|p1a: Wo-Chien|Leech Seed|p2a: Yanmega\n|-start|p2a: Yanmega|move: Leech Seed\n|\n|-heal|p1a: Wo-Chien|185/277 brn|[from] item: Leftovers\n|-damage|p2a: Yanmega|151/275|[from] Leech Seed|[of] p1a: Wo-Chien\n|-heal|p1a: Wo-Chien|219/277 brn|[silent]\n|-damage|p1a: Wo-Chien|202/277 brn|[from] brn\n|upkeep\n|turn|22\n|\n|t:|1771138062\n|switch|p2a: Tornadus|Tornadus, L82, M|210/263\n|move|p1a: Wo-Chien|Protect||[still]\n|-fail|p1a: Wo-Chien\n|\n|-heal|p1a: Wo-Chien|219/277 brn|[from] item: Leftovers\n|-damage|p1a: Wo-Chien|202/277 brn|[from] brn\n|upkeep\n|turn|23\n|\n|t:|1771138068\n|move|p2a: Tornadus|Bleakwind Storm|p1a: Wo-Chien\n|-supereffective|p1a: Wo-Chien\n|-damage|p1a: Wo-Chien|0 fnt\n|faint|p1a: Wo-Chien\n|\n|upkeep\n|\n|t:|1771138072\n|switch|p1a: Kingambit|Kingambit, L74, F|146/270\n|-activate|p1a: Kingambit|ability: Supreme Overlord\n|-start|p1a: Kingambit|fallen3|[silent]\n|turn|24\n|\n|t:|1771138080\n|switch|p2a: Raikou|Raikou, L81|163/278\n|-ability|p2a: Raikou|Pressure\n|move|p1a: Kingambit|Kowtow Cleave|p2a: Raikou\n|-damage|p2a: Raikou|30/278\n|\n|-heal|p1a: Kingambit|162/270|[from] item: Leftovers\n|upkeep\n|turn|25\n|\n|t:|1771138088\n|move|p1a: Kingambit|Sucker Punch|p2a: Raikou\n|-damage|p2a: Raikou|0 fnt\n|faint|p2a: Raikou\n|\n|-heal|p1a: Kingambit|178/270|[from] item: Leftovers\n|upkeep\n|\n|t:|1771138096\n|switch|p2a: Tornadus|Tornadus, L82, M|210/263\n|turn|26\n|\n|t:|1771138102\n|-end|p1a: Kingambit|fallen3|[silent]\n|switch|p1a: Chandelure|Chandelure, L83, M|147/235\n|move|p2a: Tornadus|Bleakwind Storm|p1a: Chandelure\n|-damage|p1a: Chandelure|0 fnt\n|faint|p1a: Chandelure\n|\n|upkeep\n|\n|t:|1771138106\n|switch|p1a: Kingambit|Kingambit, L74, F|178/270\n|-activate|p1a: Kingambit|ability: Supreme Overlord\n|-start|p1a: Kingambit|fallen4|[silent]\n|turn|27\n|\n|t:|1771138114\n|switch|p2a: Yanmega|Yanmega, L82, M|151/275\n|move|p1a: Kingambit|Kowtow Cleave|p2a: Yanmega\n|-damage|p2a: Yanmega|16/275\n|\n|-heal|p1a: Kingambit|194/270|[from] item: Leftovers\n|upkeep\n|turn|28\n|\n|t:|1771138120\n|switch|p2a: Tornadus|Tornadus, L82, M|210/263\n|move|p1a: Kingambit|Sucker Punch||[still]\n|-fail|p1a: Kingambit\n|\n|-heal|p1a: Kingambit|210/270|[from] item: Leftovers\n|upkeep\n|turn|29\n|\n|t:|1771138123\n|move|p1a: Kingambit|Sucker Punch|p2a: Tornadus\n|-damage|p2a: Tornadus|77/263\n|move|p2a: Tornadus|Focus Blast|p1a: Kingambit\n|-supereffective|p1a: Kingambit\n|-damage|p1a: Kingambit|0 fnt\n|faint|p1a: Kingambit\n|-end|p1a: Kingambit|fallen4|[silent]\n|\n|upkeep\n|\n|t:|1771138130\n|switch|p1a: Mewtwo|Mewtwo, L72|245/272\n|-ability|p1a: Mewtwo|Pressure\n|turn|30\n|\n|t:|1771138137\n|switch|p2a: Yanmega|Yanmega, L82, M|16/275\n|move|p1a: Mewtwo|Psystrike|p2a: Yanmega\n|-crit|p2a: Yanmega\n|-damage|p2a: Yanmega|0 fnt\n|faint|p2a: Yanmega\n|-damage|p1a: Mewtwo|218/272|[from] item: Life Orb\n|\n|upkeep\n|\n|t:|1771138146\n|switch|p2a: Milotic|Milotic, L83, F|257/293\n|turn|31\n|\n|t:|1771138154\n|-terastallize|p2a: Milotic|Steel\n|move|p1a: Mewtwo|Psystrike|p2a: Milotic\n|-resisted|p2a: Milotic\n|-damage|p2a: Milotic|179/293\n|-damage|p1a: Mewtwo|191/272|[from] item: Life Orb\n|move|p2a: Milotic|Scald|p1a: Mewtwo\n|-crit|p1a: Mewtwo\n|-damage|p1a: Mewtwo|55/272\n|\n|-heal|p2a: Milotic|197/293|[from] item: Leftovers\n|upkeep\n|turn|32\n|\n|t:|1771138162\n|move|p1a: Mewtwo|Recover|p1a: Mewtwo\n|-heal|p1a: Mewtwo|191/272\n|move|p2a: Milotic|Recover|p2a: Milotic\n|-heal|p2a: Milotic|293/293\n|\n|upkeep\n|turn|33\n|\n|t:|1771138168\n|move|p1a: Mewtwo|Fire Blast|p2a: Milotic\n|-supereffective|p2a: Milotic\n|-damage|p2a: Milotic|129/293\n|-damage|p1a: Mewtwo|164/272|[from] item: Life Orb\n|move|p2a: Milotic|Scald|p1a: Mewtwo\n|-damage|p1a: Mewtwo|61/272\n|\n|-heal|p2a: Milotic|147/293|[from] item: Leftovers\n|upkeep\n|turn|34\n|\n|t:|1771138180\n|move|p1a: Mewtwo|Fire Blast|p2a: Milotic\n|-supereffective|p2a: Milotic\n|-damage|p2a: Milotic|0 fnt\n|faint|p2a: Milotic\n|-damage|p1a: Mewtwo|34/272|[from] item: Life Orb\n|\n|upkeep\n|\n|t:|1771138182\n|switch|p2a: Tornadus|Tornadus, L82, M|77/263\n|turn|35\n|\n|t:|1771138188\n|-terastallize|p1a: Mewtwo|Psychic\n|move|p1a: Mewtwo|Psystrike|p2a: Tornadus\n|-damage|p2a: Tornadus|0 fnt\n|faint|p2a: Tornadus\n|-damage|p1a: Mewtwo|7/272|[from] item: Life Orb\n|\n|win|Soul Gem\n|raw|Soul Gem's rating: 1776 &rarr; <strong>1793</strong><br />(+17 for winning)\n|raw|fenjaminbranklin's rating: 1721 &rarr; <strong>1704</strong><br />(-17 for losing)\n|c|☆fenjaminbranklin|Gg\n|l|☆fenjaminbranklin\n|player|p2|\n|c|☆Soul Gem|gg\n", "inputlog": ">version 686819e5e19f8a7fd2345cfc5a08a5085efa2cc3\n>start {\"formatid\":\"gen9randombattle\",\"seed\":\"sodium,9ba15d19dd5519eeb817540af6259437\",\"rated\":\"Rated battle\"}\n>player p1 {\"name\":\"Soul Gem\",\"avatar\":\"misty\",\"rating\":1776,\"seed\":\"sodium,3b9ebb86c0c1d992ce4e6f10490c2d12\"}\n>player p2 {\"name\":\"fenjaminbranklin\",\"avatar\":\"266\",\"rating\":1721,\"seed\":\"sodium,cf5ad8a1d777436b47b960ab269a3807\"}\n>p1 switch 5\n>p2 move thunderbolt\n>p1 move knockoff\n>p2 switch 2\n>p1 move protect\n>p2 move uturn\n>p1 switch 5\n>p2 move bugbuzz\n>p1 move kowtowcleave\n>p2 move uturn\n>p2 switch 2\n>p1 switch 5\n>p2 move voltswitch\n>p2 switch 2\n>p1 move protect\n>p2 move bugbuzz\n>p1 switch 4\n>p2 move bugbuzz\n>p1 move hypervoice\n>p2 switch 3\n>p1 move workup\n>p2 move discharge\n>p1 move fireblast\n>p2 move discharge\n>p1 switch 2\n>p1 move psystrike\n>p2 move uturn\n>p2 switch 6\n>p1 switch 3\n>p2 move bleakwindstorm\n>p1 move rapidspin\n>p2 move bleakwindstorm\n>p1 move stoneedge\n>p2 move bleakwindstorm\n>p1 switch 5\n>p1 move kowtowcleave\n>p2 switch 4\n>p1 switch 6\n>p2 move fireblast\n>p1 move fireblast\n>p2 move scorchingsands\n>p2 switch 5\n>p1 switch 4\n>p2 move scald\n>p1 move leechseed\n>p2 move icebeam\n>p1 move leechseed\n>p2 switch 3\n>p1 move protect\n>p2 switch 4\n>p1 move knockoff\n>p2 move bleakwindstorm\n>p1 switch 6\n>p1 move kowtowcleave\n>p2 switch 2\n>p1 move suckerpunch\n>p2 move thunderbolt\n>p2 switch 2\n>p1 switch 4\n>p2 move bleakwindstorm\n>p1 switch 4\n>p1 move kowtowcleave\n>p2 switch 4\n>p1 move suckerpunch\n>p2 switch 4\n>p1 move suckerpunch\n>p2 move focusblast\n>p1 switch 3\n>p1 move psystrike\n>p2 switch 4\n>p2 switch 3\n>p1 move psystrike\n>p2 move scald terastallize\n>p1 move recover\n>p2 move recover\n>p1 move fireblast\n>p2 move scald\n>p1 move fireblast\n>p2 move scald\n>p2 switch 4\n>p1 move psystrike terastallize\n>p2 move grassknot", "uploadtime": 1771138198, "views": 16, "formatid": "gen9randombattle", "rating": 1704, "private": 0, "password": null}