{"id": "gen9randombattle-2540095330", "format": "[Gen 9] Random Battle", "players": ["yusei1789", "spoklegoat"], "log": "|badge|p2|silver|gen9randombattle|30-8\n|uhtml|medal-msg|<div class=\"broadcast-blue\">Curious what those medals under the avatar are? PS now has Ladder Seasons! For more information, check out the <a href=\"https://www.smogon.com/forums/threads/3740067/\">thread on Smogon.</a></div>\n|j|☆yusei1789\n|j|‽spoklegoat\n|t:|1771160981\n|gametype|singles\n|player|p1|yusei1789|1|2293\n|player|p2|spoklegoat|169|2422\n|gen|9\n|tier|[Gen 9] Random Battle\n|rated|\n|rule|Species Clause: Limit one of each Pokémon\n|rule|HP Percentage Mod: HP is shown in percentages\n|rule|Sleep Clause Mod: Limit one foe put to sleep\n|rule|Illusion Level Mod: Illusion disguises the Pokémon's true level\n|\n|t:|1771160981\n|teamsize|p1|6\n|teamsize|p2|6\n|start\n|switch|p1a: Okidogi|Okidogi, L77, M|262/262\n|switch|p2a: Grumpig|Grumpig, L92, F|297/297\n|turn|1\n|inactive|Battle timer is ON: inactive players will automatically lose when time's up. (requested by yusei1789)\n|\n|t:|1771161013\n|switch|p2a: Masquerain|Masquerain, L87, F|264/264\n|-ability|p2a: Masquerain|Intimidate|boost\n|-unboost|p1a: Okidogi|atk|1\n|switch|p1a: Iron Jugulis|Iron Jugulis, L77|271/271\n|\n|upkeep\n|turn|2\n|\n|t:|1771161022\n|switch|p2a: Ting-Lu|Ting-Lu, L78|370/370\n|-ability|p2a: Ting-Lu|Vessel of Ruin\n|move|p1a: Iron Jugulis|Dark Pulse|p2a: Ting-Lu\n|-resisted|p2a: Ting-Lu\n|-damage|p2a: Ting-Lu|315/370\n|\n|-heal|p2a: Ting-Lu|338/370|[from] item: Leftovers\n|upkeep\n|turn|3\n|inactive|yusei1789 has 120 seconds left.\n|\n|t:|1771161061\n|-end|p1a: Iron Jugulis|Quark Drive|[silent]\n|switch|p1a: Okidogi|Okidogi, L77, M|262/262\n|move|p2a: Ting-Lu|Spikes|p1a: Okidogi\n|-sidestart|p1: yusei1789|Spikes\n|\n|-heal|p2a: Ting-Lu|361/370|[from] item: Leftovers\n|upkeep\n|turn|4\n|inactive|yusei1789 has 120 seconds left.\n|inactive|spoklegoat has 120 seconds left.\n|\n|t:|1771161101\n|move|p1a: Okidogi|Gunk Shot|p2a: Ting-Lu\n|-resisted|p2a: Ting-Lu\n|-damage|p2a: Ting-Lu|304/370\n|-status|p2a: Ting-Lu|tox|[from] ability: Toxic Chain|[of] p1a: Okidogi\n|move|p2a: Ting-Lu|Earthquake|p1a: Okidogi\n|-supereffective|p1a: Okidogi\n|-damage|p1a: Okidogi|76/262\n|\n|-heal|p2a: Ting-Lu|327/370 tox|[from] item: Leftovers\n|-damage|p2a: Ting-Lu|304/370 tox|[from] psn\n|upkeep\n|turn|5\n|inactive|yusei1789 has 120 seconds left.\n|\n|t:|1771161120\n|move|p1a: Okidogi|Drain Punch|p2a: Ting-Lu\n|-supereffective|p2a: Ting-Lu\n|-damage|p2a: Ting-Lu|172/370 tox\n|-heal|p1a: Okidogi|142/262|[from] drain|[of] p2a: Ting-Lu\n|move|p2a: Ting-Lu|Earthquake|p1a: Okidogi\n|-supereffective|p1a: Okidogi\n|-damage|p1a: Okidogi|0 fnt\n|faint|p1a: Okidogi\n|\n|-heal|p2a: Ting-Lu|195/370 tox|[from] item: Leftovers\n|-damage|p2a: Ting-Lu|149/370 tox|[from] psn\n|upkeep\n|\n|t:|1771161132\n|switch|p1a: Tentacruel|Tentacruel, L84, M|272/272\n|-damage|p1a: Tentacruel|238/272|[from] Spikes\n|turn|6\n|\n|t:|1771161137\n|move|p1a: Tentacruel|Surf|p2a: Ting-Lu\n|-supereffective|p2a: Ting-Lu\n|-damage|p2a: Ting-Lu|9/370 tox\n|move|p2a: Ting-Lu|Earthquake|p1a: Tentacruel\n|-supereffective|p1a: Tentacruel\n|-damage|p1a: Tentacruel|0 fnt\n|faint|p1a: Tentacruel\n|\n|-heal|p2a: Ting-Lu|32/370 tox|[from] item: Leftovers\n|-damage|p2a: Ting-Lu|0 fnt|[from] psn\n|faint|p2a: Ting-Lu\n|upkeep\n|inactive|yusei1789 has 120 seconds left.\n|\n|t:|1771161146\n|switch|p1a: Torkoal|Torkoal, L88, M|266/266\n|switch|p2a: Brambleghast|Brambleghast, L88, M|240/240\n|-weather|SunnyDay|[from] ability: Drought|[of] p1a: Torkoal\n|turn|7\n|\n|t:|1771161153\n|switch|p2a: Grumpig|Grumpig, L92, F|297/297\n|move|p1a: Torkoal|Lava Plume|p2a: Grumpig\n|-damage|p2a: Grumpig|248/297\n|-status|p2a: Grumpig|brn\n|\n|-weather|SunnyDay|[upkeep]\n|-damage|p2a: Grumpig|230/297 brn|[from] brn\n|upkeep\n|turn|8\n|inactive|yusei1789 has 120 seconds left.\n|\n|t:|1771161171\n|switch|p1a: Iron Jugulis|Iron Jugulis, L77|271/271\n|move|p2a: Grumpig|Earth Power|p1a: Iron Jugulis\n|-immune|p1a: Iron Jugulis\n|\n|-weather|SunnyDay|[upkeep]\n|-damage|p2a: Grumpig|212/297 brn|[from] brn\n|upkeep\n|turn|9\n|\n|t:|1771161177\n|move|p2a: Grumpig|Earth Power|p1a: Iron Jugulis\n|-immune|p1a: Iron Jugulis\n|move|p1a: Iron Jugulis|Dark Pulse|p2a: Grumpig\n|-supereffective|p2a: Grumpig\n|-damage|p2a: Grumpig|12/297 brn\n|\n|-weather|SunnyDay|[upkeep]\n|-damage|p2a: Grumpig|0 fnt|[from] brn\n|faint|p2a: Grumpig\n|upkeep\n|\n|t:|1771161186\n|switch|p2a: Masquerain|Masquerain, L87, F|264/264\n|-ability|p2a: Masquerain|Intimidate|boost\n|-unboost|p1a: Iron Jugulis|atk|1\n|turn|10\n|\n|t:|1771161189\n|move|p1a: Iron Jugulis|Dark Pulse|p2a: Masquerain\n|-damage|p2a: Masquerain|146/264\n|move|p2a: Masquerain|Quiver Dance|p2a: Masquerain\n|-boost|p2a: Masquerain|spa|1\n|-boost|p2a: Masquerain|spd|1\n|-boost|p2a: Masquerain|spe|1\n|\n|-weather|SunnyDay|[upkeep]\n|upkeep\n|turn|11\n|\n|t:|1771161204\n|-end|p1a: Iron Jugulis|Quark Drive|[silent]\n|switch|p1a: Torkoal|Torkoal, L88, M|266/266\n|move|p2a: Masquerain|Quiver Dance|p2a: Masquerain\n|-boost|p2a: Masquerain|spa|1\n|-boost|p2a: Masquerain|spd|1\n|-boost|p2a: Masquerain|spe|1\n|\n|-weather|none\n|upkeep\n|turn|12\n|\n|t:|1771161213\n|-terastallize|p1a: Torkoal|Dragon\n|move|p2a: Masquerain|Hydro Pump|p1a: Torkoal\n|-resisted|p1a: Torkoal\n|-damage|p1a: Torkoal|168/266\n|move|p1a: Torkoal|Yawn|p2a: Masquerain\n|-start|p2a: Masquerain|move: Yawn|[of] p1a: Torkoal\n|\n|upkeep\n|turn|13\n|j| gokupichu\n|\n|t:|1771161220\n|move|p2a: Masquerain|Bug Buzz|p1a: Torkoal\n|-damage|p1a: Torkoal|0 fnt\n|faint|p1a: Torkoal\n|\n|-end|p2a: Masquerain|move: Yawn|[silent]\n|-status|p2a: Masquerain|slp\n|upkeep\n|\n|t:|1771161233\n|switch|p1a: Dodrio|Dodrio, L85, M|241/241\n|turn|14\n|\n|t:|1771161238\n|cant|p2a: Masquerain|slp\n|move|p1a: Dodrio|Swords Dance|p1a: Dodrio\n|-boost|p1a: Dodrio|atk|2\n|\n|upkeep\n|turn|15\n|\n|t:|1771161245\n|cant|p2a: Masquerain|slp\n|move|p1a: Dodrio|Brave Bird|p2a: Masquerain\n|-supereffective|p2a: Masquerain\n|-damage|p2a: Masquerain|0 fnt\n|faint|p2a: Masquerain\n|-damage|p1a: Dodrio|193/241|[from] Recoil\n|\n|upkeep\n|\n|t:|1771161251\n|switch|p2a: Brambleghast|Brambleghast, L88, M|240/240\n|turn|16\n|\n|t:|1771161259\n|-terastallize|p2a: Brambleghast|Fairy\n|move|p1a: Dodrio|Brave Bird|p2a: Brambleghast\n|-damage|p2a: Brambleghast|0 fnt\n|faint|p2a: Brambleghast\n|-damage|p1a: Dodrio|114/241|[from] Recoil\n|\n|upkeep\n|-message|spoklegoat forfeited.\n|\n|win|yusei1789\n|raw|yusei1789's rating: 2293 &rarr; <strong>2320</strong><br />(+27 for winning)\n|raw|spoklegoat's rating: 2422 &rarr; <strong>2395</strong><br />(-27 for losing)\n|l|‽spoklegoat\n|player|p2|\n", "inputlog": ">version 686819e5e19f8a7fd2345cfc5a08a5085efa2cc3\n>start {\"formatid\":\"gen9randombattle\",\"seed\":\"sodium,ddb9389a5498f6438f5e8b9a660b5830\",\"rated\":\"Rated battle\"}\n>player p1 {\"name\":\"yusei1789\",\"avatar\":\"1\",\"rating\":2293,\"seed\":\"sodium,c54f259dfb6174f0f9fa9bfdb3ecf4a3\"}\n>player p2 {\"name\":\"spoklegoat\",\"avatar\":\"169\",\"rating\":2422,\"seed\":\"sodium,85254171db52fee952d00990c033567a\"}\n>p1 switch 5\n>p2 switch 2\n>p1 move darkpulse\n>p2 switch 4\n>p1 switch 5\n>p2 move spikes\n>p1 move gunkshot\n>p2 move earthquake\n>p1 move drainpunch\n>p2 move earthquake\n>p1 switch 3\n>p1 move surf\n>p2 move earthquake\n>p1 switch 2\n>p2 switch 5\n>p1 move lavaplume\n>p2 switch 2\n>p1 switch 5\n>p2 move earthpower\n>p1 move darkpulse\n>p2 move earthpower\n>p2 switch 4\n>p1 move darkpulse\n>p2 move quiverdance\n>p1 switch 5\n>p2 move quiverdance\n>p1 move yawn terastallize\n>p2 move hydropump\n>p1 move stealthrock\n>p2 move bugbuzz\n>p1 switch 4\n>p1 move swordsdance\n>p2 move hurricane\n>p1 move bravebird\n>p2 move hurricane\n>p2 switch 2\n>p1 move bravebird\n>p2 move powerwhip terastallize\n>forcelose p2", "uploadtime": 1771161268, "views": 14, "formatid": "gen9randombattle", "rating": 2320, "private": 0, "password": null}