{"id": "gen9randombattle-2540328059", "format": "[Gen 9] Random Battle", "players": ["dblockgoat", "stupidlyunlucky"], "log": "|j|☆dblockgoat\n|j|☆stupidlyunlucky\n|t:|1771189243\n|gametype|singles\n|player|p1|dblockgoat|zinzolin|1676\n|player|p2|stupidlyunlucky|steven-masters2|1660\n|gen|9\n|tier|[Gen 9] Random Battle\n|rated|\n|rule|Species Clause: Limit one of each Pokémon\n|rule|HP Percentage Mod: HP is shown in percentages\n|rule|Sleep Clause Mod: Limit one foe put to sleep\n|rule|Illusion Level Mod: Illusion disguises the Pokémon's true level\n|\n|t:|1771189243\n|teamsize|p1|6\n|teamsize|p2|6\n|start\n|switch|p1a: Terrakion|Terrakion, L79|273/273\n|switch|p2a: Kyogre|Kyogre, L71|259/259\n|-weather|RainDance|[from] ability: Drizzle|[of] p2a: Kyogre\n|turn|1\n|inactive|Battle timer is ON: inactive players will automatically lose when time's up. (requested by stupidlyunlucky)\n|inactive|dblockgoat also wants the timer to be on.\n|\n|t:|1771189270\n|switch|p1a: Blissey|Blissey, L85, F|572/572\n|move|p2a: Kyogre|Water Spout|p1a: Blissey\n|-damage|p1a: Blissey|392/572\n|\n|-weather|RainDance|[upkeep]\n|-heal|p1a: Blissey|427/572|[from] item: Leftovers\n|upkeep\n|turn|2\n|\n|t:|1771189290\n|switch|p2a: Heracross|Heracross, L80, F|259/259\n|move|p1a: Blissey|Thunder Wave|p2a: Heracross\n|-status|p2a: Heracross|par\n|\n|-weather|RainDance|[upkeep]\n|-heal|p1a: Blissey|462/572|[from] item: Leftovers\n|upkeep\n|turn|3\n|\n|t:|1771189296\n|switch|p1a: Latios|Latios, L78, M|253/253\n|move|p2a: Heracross|Trailblaze|p1a: Latios\n|-resisted|p1a: Latios\n|-damage|p1a: Latios|217/253\n|-boost|p2a: Heracross|spe|1\n|\n|-weather|RainDance|[upkeep]\n|upkeep\n|turn|4\n|\n|t:|1771189315\n|switch|p2a: Meowstic|Meowstic, L89, M|277/277\n|move|p1a: Latios|Luster Purge|p2a: Meowstic\n|-resisted|p2a: Meowstic\n|-damage|p2a: Meowstic|214/277\n|-unboost|p2a: Meowstic|spd|1\n|\n|-weather|RainDance|[upkeep]\n|-heal|p2a: Meowstic|231/277|[from] item: Leftovers\n|upkeep\n|turn|5\n|\n|t:|1771189322\n|move|p2a: Meowstic|Thunder Wave|p1a: Latios\n|-status|p1a: Latios|par\n|move|p1a: Latios|Draco Meteor|p2a: Meowstic\n|-damage|p2a: Meowstic|0 fnt\n|-unboost|p1a: Latios|spa|2\n|faint|p2a: Meowstic\n|\n|-weather|none\n|upkeep\n|\n|t:|1771189336\n|switch|p2a: Furret|Furret, L94, F|312/312\n|-item|p1a: Latios|Soul Dew|[from] ability: Frisk|[of] p2a: Furret\n|turn|6\n|\n|t:|1771189341\n|switch|p1a: Rhyperior|Rhyperior, L82, M|323/323\n|move|p2a: Furret|Tidy Up|p2a: Furret\n|-boost|p2a: Furret|atk|1\n|-boost|p2a: Furret|spe|1\n|\n|upkeep\n|turn|7\n|\n|t:|1771189357\n|move|p2a: Furret|Knock Off|p1a: Rhyperior\n|-damage|p1a: Rhyperior|211/323\n|-enditem|p1a: Rhyperior|Weakness Policy|[from] move: Knock Off|[of] p2a: Furret\n|-damage|p2a: Furret|281/312|[from] item: Life Orb\n|move|p1a: Rhyperior|Rock Polish|p1a: Rhyperior\n|-boost|p1a: Rhyperior|spe|2\n|\n|upkeep\n|turn|8\n|\n|t:|1771189370\n|move|p2a: Furret|Tidy Up|p2a: Furret\n|-boost|p2a: Furret|atk|1\n|-boost|p2a: Furret|spe|1\n|move|p1a: Rhyperior|Earthquake|p2a: Furret\n|-damage|p2a: Furret|121/312\n|\n|upkeep\n|turn|9\n|\n|t:|1771189375\n|move|p2a: Furret|Brick Break|p1a: Rhyperior\n|-supereffective|p1a: Rhyperior\n|-damage|p1a: Rhyperior|59/323\n|-damage|p2a: Furret|90/312|[from] item: Life Orb\n|move|p1a: Rhyperior|Earthquake|p2a: Furret\n|-damage|p2a: Furret|0 fnt\n|faint|p2a: Furret\n|\n|upkeep\n|\n|t:|1771189390\n|switch|p2a: Kingdra|Kingdra, L84, F|263/263\n|turn|10\n|\n|t:|1771189396\n|move|p1a: Rhyperior|Earthquake|p2a: Kingdra\n|-damage|p2a: Kingdra|131/263\n|move|p2a: Kingdra|Dragon Dance|p2a: Kingdra\n|-boost|p2a: Kingdra|atk|1\n|-boost|p2a: Kingdra|spe|1\n|\n|upkeep\n|turn|11\n|\n|t:|1771189401\n|move|p2a: Kingdra|Waterfall|p1a: Rhyperior\n|-supereffective|p1a: Rhyperior\n|-damage|p1a: Rhyperior|0 fnt\n|faint|p1a: Rhyperior\n|\n|upkeep\n|\n|t:|1771189408\n|switch|p1a: Iron Jugulis|Iron Jugulis, L77|271/271\n|turn|12\n|\n|t:|1771189419\n|-terastallize|p2a: Kingdra|Water\n|move|p2a: Kingdra|Wave Crash|p1a: Iron Jugulis\n|-damage|p1a: Iron Jugulis|13/271\n|-damage|p2a: Kingdra|46/263|[from] Recoil\n|move|p1a: Iron Jugulis|Dark Pulse|p2a: Kingdra\n|-damage|p2a: Kingdra|0 fnt\n|faint|p2a: Kingdra\n|\n|upkeep\n|\n|t:|1771189433\n|switch|p2a: Kyogre|Kyogre, L71|259/259\n|-weather|RainDance|[from] ability: Drizzle|[of] p2a: Kyogre\n|turn|13\n|\n|t:|1771189441\n|switch|p2a: Heracross|Heracross, L80, F|259/259 par\n|move|p1a: Iron Jugulis|Dark Pulse|p2a: Heracross\n|-resisted|p2a: Heracross\n|-damage|p2a: Heracross|195/259 par\n|\n|-weather|RainDance|[upkeep]\n|upkeep\n|turn|14\n|\n|t:|1771189452\n|move|p1a: Iron Jugulis|Dark Pulse|p2a: Heracross\n|-resisted|p2a: Heracross\n|-damage|p2a: Heracross|131/259 par\n|cant|p2a: Heracross|flinch\n|\n|-weather|RainDance|[upkeep]\n|upkeep\n|turn|15\n|\n|t:|1771189455\n|move|p1a: Iron Jugulis|Dark Pulse|p2a: Heracross\n|-resisted|p2a: Heracross\n|-damage|p2a: Heracross|71/259 par\n|cant|p2a: Heracross|par\n|\n|-weather|RainDance|[upkeep]\n|upkeep\n|turn|16\n|\n|t:|1771189459\n|move|p1a: Iron Jugulis|Dark Pulse|p2a: Heracross\n|-resisted|p2a: Heracross\n|-damage|p2a: Heracross|11/259 par\n|cant|p2a: Heracross|par\n|\n|-weather|RainDance|[upkeep]\n|upkeep\n|turn|17\n|\n|t:|1771189463\n|move|p1a: Iron Jugulis|Dark Pulse|p2a: Heracross\n|-resisted|p2a: Heracross\n|-damage|p2a: Heracross|0 fnt\n|faint|p2a: Heracross\n|\n|-weather|none\n|upkeep\n|\n|t:|1771189468\n|switch|p2a: Exeggutor|Exeggutor-Alola, L89, F|314/314\n|turn|18\n|\n|t:|1771189474\n|-end|p1a: Iron Jugulis|Quark Drive|[silent]\n|switch|p1a: Terrakion|Terrakion, L79|273/273\n|move|p2a: Exeggutor|Calm Mind|p2a: Exeggutor\n|-boost|p2a: Exeggutor|spa|1\n|-boost|p2a: Exeggutor|spd|1\n|\n|upkeep\n|turn|19\n|\n|t:|1771189478\n|move|p1a: Terrakion|Close Combat|p2a: Exeggutor\n|-damage|p2a: Exeggutor|133/314\n|-unboost|p1a: Terrakion|def|1\n|-unboost|p1a: Terrakion|spd|1\n|-enditem|p2a: Exeggutor|Sitrus Berry|[eat]\n|-heal|p2a: Exeggutor|211/314|[from] item: Sitrus Berry\n|-damage|p1a: Terrakion|246/273|[from] item: Life Orb\n|move|p2a: Exeggutor|Giga Drain|p1a: Terrakion\n|-supereffective|p1a: Terrakion\n|-damage|p1a: Terrakion|0 fnt\n|-heal|p2a: Exeggutor|314/314|[from] drain|[of] p1a: Terrakion\n|faint|p1a: Terrakion\n|\n|-item|p2a: Exeggutor|Sitrus Berry|[from] ability: Harvest\n|upkeep\n|\n|t:|1771189485\n|switch|p1a: Iron Moth|Iron Moth, L78|253/253\n|turn|20\n|\n|t:|1771189494\n|move|p1a: Iron Moth|Toxic Spikes|p2a: Exeggutor\n|-sidestart|p2: stupidlyunlucky|move: Toxic Spikes\n|move|p2a: Exeggutor|Dragon Pulse|p1a: Iron Moth\n|-damage|p1a: Iron Moth|97/253\n|\n|upkeep\n|turn|21\n|\n|t:|1771189499\n|move|p1a: Iron Moth|Fiery Dance|p2a: Exeggutor\n|-damage|p2a: Exeggutor|241/314\n|move|p2a: Exeggutor|Dragon Pulse|p1a: Iron Moth\n|-damage|p1a: Iron Moth|0 fnt\n|faint|p1a: Iron Moth\n|-end|p1a: Iron Moth|Quark Drive|[silent]\n|\n|upkeep\n|\n|t:|1771189506\n|switch|p1a: Blissey|Blissey, L85, F|462/572\n|turn|22\n|\n|t:|1771189517\n|move|p1a: Blissey|Thunder Wave|p2a: Exeggutor\n|-status|p2a: Exeggutor|par\n|move|p2a: Exeggutor|Calm Mind|p2a: Exeggutor\n|-boost|p2a: Exeggutor|spa|1\n|-boost|p2a: Exeggutor|spd|1\n|\n|-heal|p1a: Blissey|497/572|[from] item: Leftovers\n|upkeep\n|turn|23\n|\n|t:|1771189521\n|move|p1a: Blissey|Seismic Toss|p2a: Exeggutor\n|-damage|p2a: Exeggutor|156/314 par\n|-enditem|p2a: Exeggutor|Sitrus Berry|[eat]\n|-heal|p2a: Exeggutor|234/314 par|[from] item: Sitrus Berry\n|move|p2a: Exeggutor|Calm Mind|p2a: Exeggutor\n|-boost|p2a: Exeggutor|spa|1\n|-boost|p2a: Exeggutor|spd|1\n|\n|-heal|p1a: Blissey|532/572|[from] item: Leftovers\n|-item|p2a: Exeggutor|Sitrus Berry|[from] ability: Harvest\n|upkeep\n|turn|24\n|\n|t:|1771189527\n|move|p1a: Blissey|Seismic Toss|p2a: Exeggutor\n|-damage|p2a: Exeggutor|149/314 par\n|-enditem|p2a: Exeggutor|Sitrus Berry|[eat]\n|-heal|p2a: Exeggutor|227/314 par|[from] item: Sitrus Berry\n|move|p2a: Exeggutor|Calm Mind|p2a: Exeggutor\n|-boost|p2a: Exeggutor|spa|1\n|-boost|p2a: Exeggutor|spd|1\n|\n|-heal|p1a: Blissey|567/572|[from] item: Leftovers\n|-item|p2a: Exeggutor|Sitrus Berry|[from] ability: Harvest\n|upkeep\n|turn|25\n|\n|t:|1771189533\n|move|p1a: Blissey|Seismic Toss|p2a: Exeggutor\n|-damage|p2a: Exeggutor|142/314 par\n|-enditem|p2a: Exeggutor|Sitrus Berry|[eat]\n|-heal|p2a: Exeggutor|220/314 par|[from] item: Sitrus Berry\n|cant|p2a: Exeggutor|par\n|\n|-heal|p1a: Blissey|572/572|[from] item: Leftovers\n|-item|p2a: Exeggutor|Sitrus Berry|[from] ability: Harvest\n|upkeep\n|turn|26\n|\n|t:|1771189534\n|move|p1a: Blissey|Seismic Toss|p2a: Exeggutor\n|-damage|p2a: Exeggutor|135/314 par\n|-enditem|p2a: Exeggutor|Sitrus Berry|[eat]\n|-heal|p2a: Exeggutor|213/314 par|[from] item: Sitrus Berry\n|move|p2a: Exeggutor|Calm Mind|p2a: Exeggutor\n|-boost|p2a: Exeggutor|spa|1\n|-boost|p2a: Exeggutor|spd|1\n|\n|upkeep\n|turn|27\n|\n|t:|1771189537\n|move|p1a: Blissey|Seismic Toss|p2a: Exeggutor\n|-damage|p2a: Exeggutor|128/314 par\n|cant|p2a: Exeggutor|par\n|\n|upkeep\n|turn|28\n|\n|t:|1771189540\n|move|p1a: Blissey|Seismic Toss|p2a: Exeggutor\n|-damage|p2a: Exeggutor|43/314 par\n|move|p2a: Exeggutor|Giga Drain|p1a: Blissey\n|-damage|p1a: Blissey|320/572\n|-heal|p2a: Exeggutor|169/314 par|[from] drain|[of] p1a: Blissey\n|\n|-heal|p1a: Blissey|355/572|[from] item: Leftovers\n|upkeep\n|turn|29\n|\n|t:|1771189544\n|move|p1a: Blissey|Seismic Toss|p2a: Exeggutor\n|-damage|p2a: Exeggutor|84/314 par\n|move|p2a: Exeggutor|Giga Drain|p1a: Blissey\n|-damage|p1a: Blissey|85/572\n|-heal|p2a: Exeggutor|219/314 par|[from] drain|[of] p1a: Blissey\n|\n|-heal|p1a: Blissey|120/572|[from] item: Leftovers\n|-item|p2a: Exeggutor|Sitrus Berry|[from] ability: Harvest\n|upkeep\n|turn|30\n|\n|t:|1771189548\n|-terastallize|p1a: Blissey|Poison\n|move|p1a: Blissey|Seismic Toss|p2a: Exeggutor\n|-damage|p2a: Exeggutor|134/314 par\n|-enditem|p2a: Exeggutor|Sitrus Berry|[eat]\n|-heal|p2a: Exeggutor|212/314 par|[from] item: Sitrus Berry\n|move|p2a: Exeggutor|Giga Drain|p1a: Blissey\n|-resisted|p1a: Blissey\n|-damage|p1a: Blissey|0 fnt\n|-heal|p2a: Exeggutor|272/314 par|[from] drain|[of] p1a: Blissey\n|faint|p1a: Blissey\n|\n|-item|p2a: Exeggutor|Sitrus Berry|[from] ability: Harvest\n|upkeep\n|\n|t:|1771189549\n|switch|p1a: Latios|Latios, L78, M|217/253 par\n|turn|31\n|\n|t:|1771189556\n|cant|p1a: Latios|par\n|move|p2a: Exeggutor|Dragon Pulse|p1a: Latios\n|-supereffective|p1a: Latios\n|-damage|p1a: Latios|0 fnt\n|faint|p1a: Latios\n|\n|upkeep\n|\n|t:|1771189558\n|switch|p1a: Iron Jugulis|Iron Jugulis, L77|13/271\n|turn|32\n|\n|t:|1771189561\n|move|p1a: Iron Jugulis|Hurricane|p2a: Exeggutor\n|-supereffective|p2a: Exeggutor\n|-damage|p2a: Exeggutor|164/314 par\n|-start|p2a: Exeggutor|confusion\n|-activate|p2a: Exeggutor|confusion\n|move|p2a: Exeggutor|Giga Drain|p1a: Iron Jugulis\n|-resisted|p1a: Iron Jugulis\n|-damage|p1a: Iron Jugulis|0 fnt\n|-heal|p2a: Exeggutor|171/314 par|[from] drain|[of] p1a: Iron Jugulis\n|faint|p1a: Iron Jugulis\n|-end|p1a: Iron Jugulis|Quark Drive|[silent]\n|\n|win|stupidlyunlucky\n|raw|dblockgoat's rating: 1676 &rarr; <strong>1655</strong><br />(-21 for losing)\n|raw|stupidlyunlucky's rating: 1660 &rarr; <strong>1681</strong><br />(+21 for winning)\n|l|☆dblockgoat\n|player|p1|\n", "inputlog": ">version 686819e5e19f8a7fd2345cfc5a08a5085efa2cc3\n>start {\"formatid\":\"gen9randombattle\",\"seed\":\"sodium,54f1ef43005dc13d57fd8c88c69644ca\",\"rated\":\"Rated battle\"}\n>player p1 {\"name\":\"dblockgoat\",\"avatar\":\"zinzolin\",\"rating\":1676,\"seed\":\"sodium,d566bae0a1bf8fd7e8c8ab7d2ef90c55\"}\n>player p2 {\"name\":\"stupidlyunlucky\",\"avatar\":\"steven-masters2\",\"rating\":1660,\"seed\":\"sodium,75cfc46a1374796ff41c81ca1909bd4c\"}\n>p1 switch 6\n>p2 move waterspout\n>p1 move thunderwave\n>p2 switch 4\n>p1 switch 5\n>p2 move trailblaze\n>p1 move lusterpurge\n>p2 switch 5\n>p1 move dracometeor\n>p2 move thunderwave\n>p2 switch 6\n>p1 switch 4\n>p2 move tidyup\n>p1 move rockpolish\n>p2 move knockoff\n>p1 move earthquake\n>p2 move tidyup\n>p1 move earthquake\n>p2 move brickbreak\n>p2 switch 2\n>p1 move earthquake\n>p2 move dragondance\n>p1 move earthquake\n>p2 move waterfall\n>p1 switch 3\n>p1 move darkpulse\n>p2 move wavecrash terastallize\n>p2 switch 4\n>p1 move darkpulse\n>p2 switch 5\n>p1 move darkpulse\n>p2 move trailblaze\n>p1 move darkpulse\n>p2 move trailblaze\n>p1 move darkpulse\n>p2 move trailblaze\n>p1 move darkpulse\n>p2 move trailblaze\n>p2 switch 3\n>p1 switch 6\n>p2 move calmmind\n>p1 move closecombat\n>p2 move gigadrain\n>p1 switch 2\n>p1 move toxicspikes\n>p2 move dragonpulse\n>p1 move fierydance\n>p2 move dragonpulse\n>p1 switch 5\n>p1 move thunderwave\n>p2 move calmmind\n>p1 move seismictoss\n>p2 move calmmind\n>p1 move seismictoss\n>p2 move calmmind\n>p1 move seismictoss\n>p2 move calmmind\n>p1 move seismictoss\n>p2 move calmmind\n>p1 move seismictoss\n>p2 move gigadrain\n>p1 move seismictoss\n>p2 move gigadrain\n>p1 move seismictoss\n>p2 move gigadrain\n>p1 move seismictoss terastallize\n>p2 move gigadrain\n>p1 switch 4\n>p1 move lusterpurge\n>p2 move dragonpulse\n>p1 switch 6\n>p1 move hurricane\n>p2 move gigadrain", "uploadtime": 1771189565, "views": 16, "formatid": "gen9randombattle", "rating": 1655, "private": 0, "password": null}