{"id": "gen9randombattle-2540013106", "format": "[Gen 9] Random Battle", "players": ["taisex", "yikeii"], "log": "|j|☆taisex\n|j|☆yikeii\n|t:|1771144639\n|gametype|singles\n|player|p1|taisex|nate|1597\n|player|p2|yikeii|lucas|1551\n|gen|9\n|tier|[Gen 9] Random Battle\n|rated|\n|rule|Species Clause: Limit one of each Pokémon\n|rule|HP Percentage Mod: HP is shown in percentages\n|rule|Sleep Clause Mod: Limit one foe put to sleep\n|rule|Illusion Level Mod: Illusion disguises the Pokémon's true level\n|\n|t:|1771144639\n|teamsize|p1|6\n|teamsize|p2|6\n|start\n|switch|p1a: Raging Bolt|Raging Bolt, L78|323/323\n|switch|p2a: Tauros|Tauros-Paldea-Aqua, L81, M|254/254\n|-ability|p2a: Tauros|Intimidate|boost\n|-unboost|p1a: Raging Bolt|atk|1\n|turn|1\n|l|☆taisex\n|player|p1|\n|inactive|Battle timer is ON: inactive players will automatically lose when time's up. (requested by yikeii)\n|j|☆taisex\n|inactive|taisex reconnected and has 150 seconds left.\n|player|p1|taisex|nate|\n|\n|t:|1771144700\n|switch|p2a: Flygon|Flygon, L82, M|265/265\n|move|p1a: Raging Bolt|Thunderbolt|p2a: Flygon\n|-immune|p2a: Flygon\n|\n|upkeep\n|turn|2\n|\n|t:|1771144715\n|-end|p1a: Raging Bolt|Protosynthesis|[silent]\n|switch|p1a: Lilligant|Lilligant, L86, F|261/261\n|move|p2a: Flygon|U-turn|p1a: Lilligant\n|-supereffective|p1a: Lilligant\n|-damage|p1a: Lilligant|157/261\n|inactive|yikeii has 120 seconds left.\n|\n|t:|1771144766\n|switch|p2a: Typhlosion|Typhlosion, L84, M|267/267|[from] U-turn\n|\n|upkeep\n|turn|3\n|\n|t:|1771144780\n|switch|p1a: Raging Bolt|Raging Bolt, L78|323/323\n|move|p2a: Typhlosion|Eruption|p1a: Raging Bolt\n|-resisted|p1a: Raging Bolt\n|-damage|p1a: Raging Bolt|230/323\n|\n|-heal|p1a: Raging Bolt|250/323|[from] item: Leftovers\n|upkeep\n|turn|4\n|\n|t:|1771144790\n|switch|p2a: Gardevoir|Gardevoir, L83, M|249/249\n|move|p1a: Raging Bolt|Draco Meteor|p2a: Gardevoir\n|-immune|p2a: Gardevoir\n|\n|-heal|p1a: Raging Bolt|270/323|[from] item: Leftovers\n|upkeep\n|turn|5\n|\n|t:|1771144808\n|-end|p1a: Raging Bolt|Protosynthesis|[silent]\n|switch|p1a: Lilligant|Lilligant, L86, F|157/261\n|-ability|p2a: Gardevoir|Own Tempo|Trace|[from] ability: Trace|[of] p1a: Lilligant\n|move|p2a: Gardevoir|Moonblast|p1a: Lilligant\n|-damage|p1a: Lilligant|16/261\n|\n|upkeep\n|turn|6\n|\n|t:|1771144817\n|move|p2a: Gardevoir|Moonblast|p1a: Lilligant\n|-damage|p1a: Lilligant|0 fnt\n|faint|p1a: Lilligant\n|\n|upkeep\n|\n|t:|1771144830\n|switch|p1a: Ribombee|Ribombee, L83, F|235/235\n|turn|7\n|\n|t:|1771144851\n|move|p2a: Gardevoir|Moonblast|p1a: Ribombee\n|-damage|p1a: Ribombee|88/235\n|move|p1a: Ribombee|Quiver Dance|p1a: Ribombee\n|-boost|p1a: Ribombee|spa|1\n|-boost|p1a: Ribombee|spd|1\n|-boost|p1a: Ribombee|spe|1\n|\n|upkeep\n|turn|8\n|\n|t:|1771144861\n|switch|p2a: Corviknight|Corviknight, L80, M|288/288\n|-ability|p2a: Corviknight|Pressure\n|move|p1a: Ribombee|Bug Buzz|p2a: Corviknight\n|-resisted|p2a: Corviknight\n|-damage|p2a: Corviknight|251/288\n|\n|upkeep\n|turn|9\n|inactive|yikeii has 90 seconds left.\n|\n|t:|1771144888\n|switch|p1a: Regieleki|Regieleki, L79|256/256\n|move|p2a: Corviknight|Brave Bird|p1a: Regieleki\n|-resisted|p1a: Regieleki\n|-damage|p1a: Regieleki|172/256\n|-damage|p2a: Corviknight|223/288|[from] Recoil\n|\n|upkeep\n|turn|10\n|inactive|yikeii has 90 seconds left.\n|\n|t:|1771144910\n|switch|p2a: Flygon|Flygon, L82, M|265/265\n|move|p1a: Regieleki|Explosion|p2a: Flygon\n|-damage|p2a: Flygon|92/265\n|faint|p1a: Regieleki\n|\n|upkeep\n|inactive|taisex has 120 seconds left.\n|\n|t:|1771144925\n|switch|p1a: Wigglytuff|Wigglytuff, L96, F|424/424\n|turn|11\n|inactive|taisex has 120 seconds left.\n|inactive|yikeii has 90 seconds left.\n|\n|t:|1771144954\n|move|p2a: Flygon|U-turn|p1a: Wigglytuff\n|-resisted|p1a: Wigglytuff\n|-damage|p1a: Wigglytuff|389/424\n|\n|t:|1771144961\n|switch|p2a: Gardevoir|Gardevoir, L83, M|249/249|[from] U-turn\n|-ability|p2a: Gardevoir|Competitive|Trace|[from] ability: Trace|[of] p1a: Wigglytuff\n|move|p1a: Wigglytuff|Wish|p1a: Wigglytuff\n|\n|-heal|p1a: Wigglytuff|415/424|[from] item: Leftovers\n|upkeep\n|turn|12\n|inactive|taisex has 120 seconds left.\n|\n|t:|1771144996\n|move|p2a: Gardevoir|Trick|p1a: Wigglytuff\n|-activate|p2a: Gardevoir|move: Trick|[of] p1a: Wigglytuff\n|-item|p1a: Wigglytuff|Choice Scarf|[from] move: Trick\n|-item|p2a: Gardevoir|Leftovers|[from] move: Trick\n|move|p1a: Wigglytuff|Fire Blast|p2a: Gardevoir\n|-damage|p2a: Gardevoir|177/249\n|\n|-heal|p1a: Wigglytuff|424/424|[from] move: Wish|[wisher] Wigglytuff\n|-heal|p2a: Gardevoir|192/249|[from] item: Leftovers\n|upkeep\n|turn|13\n|inactive|taisex has 90 seconds left.\n|inactive|yikeii has 60 seconds left.\n|\n|t:|1771145021\n|move|p1a: Wigglytuff|Fire Blast|p2a: Gardevoir\n|-damage|p2a: Gardevoir|111/249\n|-status|p2a: Gardevoir|brn\n|move|p2a: Gardevoir|Moonblast|p1a: Wigglytuff\n|-damage|p1a: Wigglytuff|268/424\n|\n|-heal|p2a: Gardevoir|126/249 brn|[from] item: Leftovers\n|-damage|p2a: Gardevoir|111/249 brn|[from] brn\n|upkeep\n|turn|14\n|inactive|yikeii has 60 seconds left.\n|\n|t:|1771145039\n|switch|p2a: Flygon|Flygon, L82, M|92/265\n|move|p1a: Wigglytuff|Fire Blast|p2a: Flygon\n|-resisted|p2a: Flygon\n|-damage|p2a: Flygon|44/265\n|\n|upkeep\n|turn|15\n|inactive|yikeii has 60 seconds left.\n|\n|t:|1771145048\n|move|p2a: Flygon|Earthquake|p1a: Wigglytuff\n|-damage|p1a: Wigglytuff|121/424\n|move|p1a: Wigglytuff|Fire Blast|p2a: Flygon\n|-resisted|p2a: Flygon\n|-damage|p2a: Flygon|0 fnt\n|faint|p2a: Flygon\n|\n|upkeep\n|inactive|yikeii has 60 seconds left.\n|\n|t:|1771145082\n|switch|p2a: Tauros|Tauros-Paldea-Aqua, L81, M|254/254\n|-ability|p2a: Tauros|Intimidate|boost\n|-unboost|p1a: Wigglytuff|atk|1\n|-ability|p1a: Wigglytuff|Competitive|boost\n|-boost|p1a: Wigglytuff|spa|2\n|turn|16\n|inactive|taisex has 120 seconds left.\n|inactive|yikeii has 30 seconds left.\n|inactive|yikeii has 20 seconds left.\n|\n|t:|1771145112\n|switch|p1a: Ribombee|Ribombee, L83, F|88/235\n|-terastallize|p2a: Tauros|Water\n|move|p2a: Tauros|Wave Crash|p1a: Ribombee\n|-damage|p1a: Ribombee|0 fnt\n|faint|p1a: Ribombee\n|-damage|p2a: Tauros|225/254|[from] Recoil\n|\n|upkeep\n|\n|t:|1771145124\n|switch|p1a: Raging Bolt|Raging Bolt, L78|270/323\n|turn|17\n|inactive|yikeii has 30 seconds left.\n|inactive|yikeii has 20 seconds left.\n|\n|t:|1771145142\n|move|p2a: Tauros|Wave Crash|p1a: Raging Bolt\n|-resisted|p1a: Raging Bolt\n|-damage|p1a: Raging Bolt|132/323\n|-damage|p2a: Tauros|179/254|[from] Recoil\n|move|p1a: Raging Bolt|Thunderbolt|p2a: Tauros\n|-supereffective|p2a: Tauros\n|-damage|p2a: Tauros|0 fnt\n|faint|p2a: Tauros\n|\n|-heal|p1a: Raging Bolt|152/323|[from] item: Leftovers\n|upkeep\n|inactive|yikeii has 25 seconds left this turn.\n|inactive|yikeii has 20 seconds left.\n|inactive|yikeii has 15 seconds left.\n|\n|t:|1771145153\n|switch|p2a: Gardevoir|Gardevoir, L83, M|111/249 brn\n|turn|18\n|inactive|yikeii has 25 seconds left this turn.\n|inactive|yikeii has 20 seconds left.\n|inactive|yikeii has 15 seconds left.\n|inactive|yikeii has 10 seconds left.\n|\n|t:|1771145169\n|-terastallize|p1a: Raging Bolt|Fairy\n|move|p2a: Gardevoir|Moonblast|p1a: Raging Bolt\n|-damage|p1a: Raging Bolt|20/323\n|move|p1a: Raging Bolt|Thunderbolt|p2a: Gardevoir\n|-damage|p2a: Gardevoir|23/249 brn\n|\n|-heal|p2a: Gardevoir|38/249 brn|[from] item: Leftovers\n|-heal|p1a: Raging Bolt|40/323|[from] item: Leftovers\n|-damage|p2a: Gardevoir|23/249 brn|[from] brn\n|upkeep\n|turn|19\n|inactive|yikeii has 20 seconds left this turn.\n|inactive|yikeii has 15 seconds left.\n|inactive|yikeii has 10 seconds left.\n|\n|t:|1771145184\n|switch|p2a: Glimmora|Glimmora, L75, F|248/248\n|-end|p1a: Raging Bolt|Protosynthesis|[silent]\n|switch|p1a: Scizor|Scizor, L79, F|240/240\n|\n|upkeep\n|turn|20\n|inactive|yikeii has 20 seconds left this turn.\n|inactive|yikeii has 15 seconds left.\n|inactive|yikeii has 10 seconds left.\n|\n|t:|1771145195\n|switch|p2a: Typhlosion|Typhlosion, L84, M|267/267\n|move|p1a: Scizor|Knock Off|p2a: Typhlosion\n|-damage|p2a: Typhlosion|140/267\n|-enditem|p2a: Typhlosion|Choice Scarf|[from] move: Knock Off|[of] p1a: Scizor\n|\n|upkeep\n|turn|21\n|inactive|yikeii has 20 seconds left this turn.\n|inactive|yikeii has 15 seconds left.\n|inactive|yikeii has 10 seconds left.\n|\n|t:|1771145209\n|switch|p1a: Raging Bolt|Raging Bolt, L78, tera:Fairy|40/323\n|move|p2a: Typhlosion|Eruption|p1a: Raging Bolt\n|-damage|p1a: Raging Bolt|0 fnt\n|faint|p1a: Raging Bolt\n|-end|p1a: Raging Bolt|Protosynthesis|[silent]\n|\n|upkeep\n|\n|t:|1771145218\n|switch|p1a: Wigglytuff|Wigglytuff, L96, F|121/424\n|turn|22\n|inactive|yikeii has 25 seconds left this turn.\n|inactive|yikeii has 20 seconds left.\n|inactive|yikeii has 15 seconds left.\n|inactive|yikeii has 10 seconds left.\n|\n|t:|1771145234\n|move|p2a: Typhlosion|Eruption|p1a: Wigglytuff\n|-damage|p1a: Wigglytuff|0 fnt\n|faint|p1a: Wigglytuff\n|\n|upkeep\n|\n|t:|1771145239\n|switch|p1a: Scizor|Scizor, L79, F|240/240\n|turn|23\n|inactive|yikeii has 25 seconds left this turn.\n|\n|t:|1771145243\n|move|p1a: Scizor|Bullet Punch|p2a: Typhlosion\n|-resisted|p2a: Typhlosion\n|-damage|p2a: Typhlosion|85/267\n|move|p2a: Typhlosion|Eruption|p1a: Scizor\n|-supereffective|p1a: Scizor\n|-damage|p1a: Scizor|0 fnt\n|faint|p1a: Scizor\n|\n|win|yikeii\n|raw|taisex's rating: 1597 &rarr; <strong>1574</strong><br />(-23 for losing)\n|raw|yikeii's rating: 1551 &rarr; <strong>1574</strong><br />(+23 for winning)\n|l|☆taisex\n|player|p1|\n", "inputlog": ">version 686819e5e19f8a7fd2345cfc5a08a5085efa2cc3\n>start {\"formatid\":\"gen9randombattle\",\"seed\":\"sodium,2354a28b932ecb6e81f89711dbad8b2c\",\"rated\":\"Rated battle\"}\n>player p1 {\"name\":\"taisex\",\"avatar\":\"nate\",\"rating\":1597,\"seed\":\"sodium,69048bdaad5f76221fc628218ad0e7c0\"}\n>player p2 {\"name\":\"yikeii\",\"avatar\":\"lucas\",\"rating\":1551,\"seed\":\"sodium,c0ed97dbe74c5d600b0b312297ba11e3\"}\n>p1 move thunderbolt\n>p2 switch 3\n>p1 switch 3\n>p2 move uturn\n>p2 switch 6\n>p1 switch 3\n>p2 move eruption\n>p1 move dracometeor\n>p2 switch 2\n>p1 switch 3\n>p2 move moonblast\n>p1 move sleeppowder\n>p2 move moonblast\n>p1 switch 2\n>p1 move quiverdance\n>p2 move moonblast\n>p1 move bugbuzz\n>p2 switch 5\n>p1 switch 6\n>p2 move bravebird\n>p1 move explosion\n>p2 switch 6\n>p1 switch 4\n>p1 move wish\n>p2 move uturn\n>p2 switch 5\n>p1 move fireblast\n>p2 move trick\n>p1 move fireblast\n>p2 move moonblast\n>p1 move fireblast\n>p2 switch 5\n>p1 move fireblast\n>p2 move earthquake\n>p2 switch 3\n>p1 switch 6\n>p2 move wavecrash terastallize\n>p1 switch 3\n>p1 move thunderbolt\n>p2 move wavecrash\n>p2 switch 5\n>p1 move thunderbolt terastallize\n>p2 move moonblast\n>p1 switch 5\n>p2 switch 4\n>p1 move knockoff\n>p2 switch 2\n>p1 switch 5\n>p2 move eruption\n>p1 switch 6\n>p1 move alluringvoice\n>p2 move eruption\n>p1 switch 5\n>p1 move bulletpunch\n>p2 move eruption", "uploadtime": 1771145252, "views": 21, "formatid": "gen9randombattle", "rating": 1574, "private": 0, "password": null}