{"id": "gen9randombattle-2540206378", "format": "[Gen 9] Random Battle", "players": ["JackieQQ", "whitehotsand"], "log": "|j|☆JackieQQ\n|j|☆whitehotsand\n|t:|1771175713\n|gametype|singles\n|player|p1|JackieQQ|boarder|1944\n|player|p2|whitehotsand|102|2007\n|gen|9\n|tier|[Gen 9] Random Battle\n|rated|\n|rule|Species Clause: Limit one of each Pokémon\n|rule|HP Percentage Mod: HP is shown in percentages\n|rule|Sleep Clause Mod: Limit one foe put to sleep\n|rule|Illusion Level Mod: Illusion disguises the Pokémon's true level\n|\n|t:|1771175713\n|teamsize|p1|6\n|teamsize|p2|6\n|start\n|switch|p1a: Amoonguss|Amoonguss, L82, F|321/321\n|switch|p2a: Salamence|Salamence, L77, F|273/273\n|-ability|p2a: Salamence|Intimidate|boost\n|-unboost|p1a: Amoonguss|atk|1\n|turn|1\n|inactive|Battle timer is ON: inactive players will automatically lose when time's up. (requested by JackieQQ)\n|\n|t:|1771175729\n|switch|p2a: Vileplume|Vileplume, L85, M|266/266\n|move|p1a: Amoonguss|Spore|p2a: Vileplume\n|-immune|p2a: Vileplume\n|\n|upkeep\n|turn|2\n|\n|t:|1771175739\n|move|p2a: Vileplume|Sleep Powder|p1a: Amoonguss\n|-immune|p1a: Amoonguss\n|move|p1a: Amoonguss|Sludge Bomb|p2a: Vileplume\n|-damage|p2a: Vileplume|193/266\n|\n|-heal|p2a: Vileplume|209/266|[from] item: Leftovers\n|upkeep\n|turn|3\n|\n|t:|1771175741\n|move|p2a: Vileplume|Sludge Bomb|p1a: Amoonguss\n|-damage|p1a: Amoonguss|212/321\n|move|p1a: Amoonguss|Sludge Bomb|p2a: Vileplume\n|-damage|p2a: Vileplume|136/266\n|\n|-heal|p2a: Vileplume|152/266|[from] item: Leftovers\n|upkeep\n|turn|4\n|\n|t:|1771175745\n|move|p2a: Vileplume|Sludge Bomb|p1a: Amoonguss\n|-damage|p1a: Amoonguss|89/321\n|move|p1a: Amoonguss|Sludge Bomb|p2a: Vileplume\n|-damage|p2a: Vileplume|76/266\n|\n|-heal|p2a: Vileplume|92/266|[from] item: Leftovers\n|upkeep\n|turn|5\n|\n|t:|1771175749\n|switch|p1a: Regice|Regice, L88|284/284\n|move|p2a: Vileplume|Strength Sap|p1a: Regice\n|-fail|p1a: Regice|unboost|[from] ability: Clear Body|[of] p1a: Regice\n|-heal|p2a: Vileplume|185/266\n|\n|-heal|p2a: Vileplume|201/266|[from] item: Leftovers\n|upkeep\n|turn|6\n|\n|t:|1771175757\n|switch|p2a: Oranguru|Oranguru, L92, F|315/315\n|move|p1a: Regice|Ice Beam|p2a: Oranguru\n|-damage|p2a: Oranguru|236/315\n|\n|-heal|p2a: Oranguru|255/315|[from] item: Leftovers\n|upkeep\n|turn|7\n|\n|t:|1771175767\n|switch|p1a: Masquerain|Masquerain, L87, F|264/264\n|-ability|p1a: Masquerain|Intimidate|boost\n|-fail|p2a: Oranguru|unboost|Attack|[from] ability: Inner Focus|[of] p2a: Oranguru\n|move|p2a: Oranguru|Nasty Plot|p2a: Oranguru\n|-boost|p2a: Oranguru|spa|2\n|\n|-heal|p2a: Oranguru|274/315|[from] item: Leftovers\n|upkeep\n|turn|8\n|\n|t:|1771175774\n|move|p1a: Masquerain|Sticky Web|p2a: Oranguru\n|-sidestart|p2: whitehotsand|move: Sticky Web\n|move|p2a: Oranguru|Thunderbolt|p1a: Masquerain\n|-supereffective|p1a: Masquerain\n|-crit|p1a: Masquerain\n|-damage|p1a: Masquerain|0 fnt\n|faint|p1a: Masquerain\n|\n|-heal|p2a: Oranguru|293/315|[from] item: Leftovers\n|upkeep\n|c|☆whitehotsand|crit did not matter btw\n|\n|t:|1771175787\n|switch|p1a: Tatsugiri|Tatsugiri, L87, M|260/260\n|turn|9\n|\n|t:|1771175791\n|move|p1a: Tatsugiri|Surf|p2a: Oranguru\n|-damage|p2a: Oranguru|209/315\n|move|p2a: Oranguru|Psychic|p1a: Tatsugiri\n|-damage|p1a: Tatsugiri|74/260\n|\n|-heal|p2a: Oranguru|228/315|[from] item: Leftovers\n|upkeep\n|turn|10\n|\n|t:|1771175798\n|move|p1a: Tatsugiri|Draco Meteor|p2a: Oranguru\n|-damage|p2a: Oranguru|87/315\n|-unboost|p1a: Tatsugiri|spa|2\n|move|p2a: Oranguru|Psychic|p1a: Tatsugiri\n|-damage|p1a: Tatsugiri|0 fnt\n|faint|p1a: Tatsugiri\n|\n|-heal|p2a: Oranguru|106/315|[from] item: Leftovers\n|upkeep\n|\n|t:|1771175804\n|switch|p1a: Regice|Regice, L88|284/284\n|turn|11\n|\n|t:|1771175807\n|move|p2a: Oranguru|Focus Blast|p1a: Regice|[miss]\n|-miss|p2a: Oranguru|p1a: Regice\n|move|p1a: Regice|Ice Beam|p2a: Oranguru\n|-damage|p2a: Oranguru|27/315\n|\n|-heal|p2a: Oranguru|46/315|[from] item: Leftovers\n|upkeep\n|turn|12\n|\n|t:|1771175811\n|move|p2a: Oranguru|Focus Blast|p1a: Regice|[miss]\n|-miss|p2a: Oranguru|p1a: Regice\n|move|p1a: Regice|Ice Beam|p2a: Oranguru\n|-damage|p2a: Oranguru|0 fnt\n|faint|p2a: Oranguru\n|\n|upkeep\n|c|☆whitehotsand|W focus misses\n|\n|t:|1771175821\n|switch|p2a: Entei|Entei, L78|307/307\n|-activate|p2a: Entei|move: Sticky Web\n|-unboost|p2a: Entei|spe|1\n|turn|13\n|\n|t:|1771175825\n|switch|p1a: Whiscash|Whiscash, L88, M|337/337\n|move|p2a: Entei|Sacred Fire|p1a: Whiscash\n|-resisted|p1a: Whiscash\n|-damage|p1a: Whiscash|253/337\n|\n|-heal|p1a: Whiscash|274/337|[from] item: Leftovers\n|upkeep\n|turn|14\n|\n|t:|1771175830\n|move|p1a: Whiscash|Stealth Rock|p2a: Entei\n|-sidestart|p2: whitehotsand|move: Stealth Rock\n|move|p2a: Entei|Sacred Fire|p1a: Whiscash\n|-resisted|p1a: Whiscash\n|-damage|p1a: Whiscash|195/337\n|\n|-heal|p1a: Whiscash|216/337|[from] item: Leftovers\n|upkeep\n|turn|15\n|c|☆whitehotsand|ok game\n|\n|t:|1771175847\n|move|p1a: Whiscash|Spikes|p2a: Entei\n|-sidestart|p2: whitehotsand|Spikes\n|move|p2a: Entei|Sacred Fire|p1a: Whiscash\n|-resisted|p1a: Whiscash\n|-damage|p1a: Whiscash|128/337\n|-status|p1a: Whiscash|brn\n|\n|-heal|p1a: Whiscash|149/337 brn|[from] item: Leftovers\n|-damage|p1a: Whiscash|128/337 brn|[from] brn\n|upkeep\n|turn|16\n|\n|t:|1771175857\n|switch|p2a: Staraptor|Staraptor, L79, M|263/263\n|-damage|p2a: Staraptor|198/263|[from] Stealth Rock\n|move|p1a: Whiscash|Earthquake|p2a: Staraptor\n|-immune|p2a: Staraptor\n|\n|-heal|p1a: Whiscash|149/337 brn|[from] item: Leftovers\n|-damage|p1a: Whiscash|128/337 brn|[from] brn\n|upkeep\n|turn|17\n|\n|t:|1771175863\n|move|p2a: Staraptor|Brave Bird|p1a: Whiscash\n|-damage|p1a: Whiscash|0 fnt\n|faint|p1a: Whiscash\n|-damage|p2a: Staraptor|156/263|[from] Recoil\n|\n|upkeep\n|\n|t:|1771175867\n|switch|p1a: Torkoal|Torkoal, L88, M|266/266\n|-weather|SunnyDay|[from] ability: Drought|[of] p1a: Torkoal\n|turn|18\n|\n|t:|1771175885\n|move|p2a: Staraptor|Brave Bird|p1a: Torkoal\n|-damage|p1a: Torkoal|110/266\n|-damage|p2a: Staraptor|105/263|[from] Recoil\n|move|p1a: Torkoal|Lava Plume|p2a: Staraptor\n|-damage|p2a: Staraptor|0 fnt\n|faint|p2a: Staraptor\n|\n|-weather|SunnyDay|[upkeep]\n|upkeep\n|\n|t:|1771175889\n|switch|p2a: Persian|Persian-Alola, L86, M|252/252\n|-activate|p2a: Persian|move: Sticky Web\n|-unboost|p2a: Persian|spe|1\n|-damage|p2a: Persian|221/252|[from] Stealth Rock\n|-damage|p2a: Persian|190/252|[from] Spikes\n|turn|19\n|\n|t:|1771175896\n|switch|p1a: Regice|Regice, L88|284/284\n|move|p2a: Persian|Dark Pulse|p1a: Regice\n|-damage|p1a: Regice|240/284\n|-damage|p2a: Persian|165/252|[from] item: Life Orb\n|\n|-weather|SunnyDay|[upkeep]\n|upkeep\n|turn|20\n|\n|t:|1771175907\n|move|p2a: Persian|Nasty Plot|p2a: Persian\n|-boost|p2a: Persian|spa|2\n|move|p1a: Regice|Thunderbolt|p2a: Persian\n|-damage|p2a: Persian|77/252\n|-status|p2a: Persian|par\n|\n|-weather|SunnyDay|[upkeep]\n|upkeep\n|turn|21\n|\n|t:|1771175911\n|move|p1a: Regice|Ice Beam|p2a: Persian\n|-damage|p2a: Persian|0 fnt\n|faint|p2a: Persian\n|\n|-weather|SunnyDay|[upkeep]\n|upkeep\n|c|☆whitehotsand|alr\n|\n|t:|1771175917\n|switch|p2a: Entei|Entei, L78|307/307\n|-activate|p2a: Entei|move: Sticky Web\n|-unboost|p2a: Entei|spe|1\n|-damage|p2a: Entei|231/307|[from] Stealth Rock\n|-damage|p2a: Entei|193/307|[from] Spikes\n|turn|22\n|\n|t:|1771175927\n|switch|p1a: Torkoal|Torkoal, L88, M|110/266\n|move|p2a: Entei|Stone Edge|p1a: Torkoal|[miss]\n|-miss|p2a: Entei|p1a: Torkoal\n|\n|-weather|none\n|upkeep\n|turn|23\n|c|☆whitehotsand|yup\n|c|☆whitehotsand|its VERY clear\n|c|☆whitehotsand|VERY CLEAR\n|c|☆whitehotsand|that this games does NOT want me to win\n|\n|t:|1771175947\n|switch|p1a: Amoonguss|Amoonguss, L82, F|196/321\n|move|p2a: Entei|Stone Edge|p1a: Amoonguss\n|-damage|p1a: Amoonguss|60/321\n|\n|upkeep\n|turn|24\n|\n|t:|1771175958\n|move|p2a: Entei|Stone Edge|p1a: Amoonguss\n|-damage|p1a: Amoonguss|0 fnt\n|faint|p1a: Amoonguss\n|\n|upkeep\n|\n|t:|1771175964\n|switch|p1a: Regice|Regice, L88|240/284\n|turn|25\n|c|☆whitehotsand|regi ice should be dead\n|\n|t:|1771175970\n|-terastallize|p1a: Regice|Electric\n|move|p1a: Regice|Thunderbolt|p2a: Entei\n|-damage|p2a: Entei|69/307\n|move|p2a: Entei|Stone Edge|p1a: Regice\n|-damage|p1a: Regice|151/284\n|\n|upkeep\n|turn|26\n|\n|t:|1771175978\n|move|p1a: Regice|Thunderbolt|p2a: Entei\n|-damage|p2a: Entei|0 fnt\n|faint|p2a: Entei\n|\n|upkeep\n|\n|t:|1771175981\n|switch|p2a: Salamence|Salamence, L77, F|273/273\n|-ability|p2a: Salamence|Intimidate|boost\n|-fail|p1a: Regice|unboost|[from] ability: Clear Body|[of] p1a: Regice\n|turn|27\n|\n|t:|1771175986\n|-terastallize|p2a: Salamence|Steel\n|move|p2a: Salamence|Earthquake|p1a: Regice\n|-supereffective|p1a: Regice\n|-damage|p1a: Regice|11/284\n|move|p1a: Regice|Thunderbolt|p2a: Salamence\n|-damage|p2a: Salamence|150/273\n|\n|upkeep\n|turn|28\n|\n|t:|1771176003\n|move|p2a: Salamence|Dragon Dance|p2a: Salamence\n|-boost|p2a: Salamence|atk|1\n|-boost|p2a: Salamence|spe|1\n|move|p1a: Regice|Thunderbolt|p2a: Salamence\n|-damage|p2a: Salamence|23/273\n|\n|upkeep\n|turn|29\n|\n|t:|1771176010\n|move|p2a: Salamence|Earthquake|p1a: Regice\n|-supereffective|p1a: Regice\n|-damage|p1a: Regice|0 fnt\n|faint|p1a: Regice\n|\n|upkeep\n|\n|t:|1771176012\n|switch|p1a: Torkoal|Torkoal, L88, M|110/266\n|-weather|SunnyDay|[from] ability: Drought|[of] p1a: Torkoal\n|turn|30\n|\n|t:|1771176015\n|move|p2a: Salamence|Earthquake|p1a: Torkoal\n|-supereffective|p1a: Torkoal\n|-damage|p1a: Torkoal|0 fnt\n|faint|p1a: Torkoal\n|\n|win|whitehotsand\n|raw|JackieQQ's rating: 1944 &rarr; <strong>1928</strong><br />(-16 for losing)\n|raw|whitehotsand's rating: 2007 &rarr; <strong>2023</strong><br />(+16 for winning)\n|c|☆whitehotsand|gg\n|l|☆JackieQQ\n|player|p1|\n", "inputlog": ">version 686819e5e19f8a7fd2345cfc5a08a5085efa2cc3\n>start {\"formatid\":\"gen9randombattle\",\"seed\":\"sodium,341f4a04c268746366fd8937d9d3bf5c\",\"rated\":\"Rated battle\"}\n>player p1 {\"name\":\"JackieQQ\",\"avatar\":\"boarder\",\"rating\":1944,\"seed\":\"sodium,c0fa1dc27f9c961a4baca7a451b085d0\"}\n>player p2 {\"name\":\"whitehotsand\",\"avatar\":\"102\",\"rating\":2007,\"seed\":\"sodium,e25b8be59c656a4406ee0f2df48d727b\"}\n>p1 move spore\n>p2 switch 4\n>p1 move sludgebomb\n>p2 move sleeppowder\n>p1 move sludgebomb\n>p2 move sludgebomb\n>p1 move sludgebomb\n>p2 move sludgebomb\n>p1 switch 3\n>p2 move strengthsap\n>p1 move icebeam\n>p2 switch 6\n>p1 switch 5\n>p2 move nastyplot\n>p1 move stickyweb\n>p2 move thunderbolt\n>chat ☆whitehotsand|crit did not matter btw\n>p1 switch 2\n>p1 move surf\n>p2 move psychic\n>p1 move dracometeor\n>p2 move psychic\n>p1 switch 5\n>p1 move icebeam\n>p2 move focusblast\n>p1 move icebeam\n>p2 move focusblast\n>chat ☆whitehotsand|W focus misses\n>p2 switch 5\n>p1 switch 4\n>p2 move sacredfire\n>p1 move stealthrock\n>p2 move sacredfire\n>chat ☆whitehotsand|ok game\n>p1 move spikes\n>p2 move sacredfire\n>p1 move earthquake\n>p2 switch 2\n>p1 move spikes\n>p2 move bravebird\n>p1 switch 6\n>p1 move lavaplume\n>p2 move bravebird\n>p2 switch 3\n>p1 switch 4\n>p2 move darkpulse\n>p1 move thunderbolt\n>p2 move nastyplot\n>p1 move icebeam\n>p2 move darkpulse\n>chat ☆whitehotsand|alr\n>p2 switch 2\n>p1 switch 4\n>p2 move stoneedge\n>chat ☆whitehotsand|yup\n>chat ☆whitehotsand|its VERY clear\n>chat ☆whitehotsand|VERY CLEAR\n>chat ☆whitehotsand|that this games does NOT want me to win\n>p1 switch 3\n>p2 move stoneedge\n>p1 move spore\n>p2 move stoneedge\n>p1 switch 4\n>chat ☆whitehotsand|regi ice should be dead\n>p1 move thunderbolt terastallize\n>p2 move stoneedge\n>p1 move thunderbolt\n>p2 move stoneedge\n>p2 switch 4\n>p1 move thunderbolt\n>p2 move earthquake terastallize\n>p1 move thunderbolt\n>p2 move dragondance\n>p1 move thunderbolt\n>p2 move earthquake\n>p1 switch 3\n>p1 move lavaplume\n>p2 move earthquake", "uploadtime": 1771176023, "views": 11, "formatid": "gen9randombattle", "rating": 1928, "private": 0, "password": null}