{"id": "gen9randombattle-2540127958", "format": "[Gen 9] Random Battle", "players": ["GangstaLou", "Niganmahaihaiaiyo"], "log": "|j|☆GangstaLou\n|j|☆Niganmahaihaiaiyo\n|t:|1771165948\n|gametype|singles\n|player|p1|GangstaLou|benga|1529\n|player|p2|Niganmahaihaiaiyo|shadowtriad|1583\n|gen|9\n|tier|[Gen 9] Random Battle\n|rated|\n|rule|Species Clause: Limit one of each Pokémon\n|rule|HP Percentage Mod: HP is shown in percentages\n|rule|Sleep Clause Mod: Limit one foe put to sleep\n|rule|Illusion Level Mod: Illusion disguises the Pokémon's true level\n|\n|t:|1771165948\n|teamsize|p1|6\n|teamsize|p2|6\n|start\n|switch|p1a: Ariados|Ariados, L95, M|287/287\n|switch|p2a: Pyroar|Pyroar, L88, F|295/295\n|-ability|p2a: Pyroar|Unnerve\n|turn|1\n|\n|t:|1771165961\n|switch|p1a: Sudowoodo|Sudowoodo, L94, M|284/284\n|move|p2a: Pyroar|Fire Blast|p1a: Sudowoodo\n|-resisted|p1a: Sudowoodo\n|-damage|p1a: Sudowoodo|212/284\n|\n|-heal|p1a: Sudowoodo|229/284|[from] item: Leftovers\n|upkeep\n|turn|2\n|\n|t:|1771165978\n|switch|p2a: Tentacruel|Tentacruel, L84, M|272/272\n|move|p1a: Sudowoodo|Stealth Rock|p2a: Tentacruel\n|-sidestart|p2: Niganmahaihaiaiyo|move: Stealth Rock\n|\n|-heal|p1a: Sudowoodo|246/284|[from] item: Leftovers\n|upkeep\n|turn|3\n|\n|t:|1771166003\n|switch|p1a: Mabosstiff|Mabosstiff, L86, F|278/278\n|move|p2a: Tentacruel|Rapid Spin|p1a: Mabosstiff\n|-damage|p1a: Mabosstiff|253/278\n|-boost|p2a: Tentacruel|spe|1\n|-sideend|p2: Niganmahaihaiaiyo|Stealth Rock|[from] move: Rapid Spin|[of] p2a: Tentacruel\n|\n|upkeep\n|turn|4\n|\n|t:|1771166012\n|move|p2a: Tentacruel|Flip Turn|p1a: Mabosstiff\n|-damage|p1a: Mabosstiff|202/278\n|\n|t:|1771166017\n|switch|p2a: Granbull|Granbull, L88, M|302/302|[from] Flip Turn\n|-ability|p2a: Granbull|Intimidate|boost\n|-unboost|p1a: Mabosstiff|atk|1\n|move|p1a: Mabosstiff|Wild Charge|p2a: Granbull\n|-damage|p2a: Granbull|179/302\n|-damage|p1a: Mabosstiff|171/278|[from] Recoil\n|\n|-heal|p2a: Granbull|197/302|[from] item: Leftovers\n|upkeep\n|turn|5\n|\n|t:|1771166030\n|switch|p1a: Revavroom|Revavroom, L79, F|256/256\n|move|p2a: Granbull|Thunder Wave|p1a: Revavroom|[miss]\n|-miss|p2a: Granbull|p1a: Revavroom\n|\n|-heal|p2a: Granbull|215/302|[from] item: Leftovers\n|upkeep\n|turn|6\n|\n|t:|1771166040\n|move|p1a: Revavroom|Shift Gear|p1a: Revavroom\n|-boost|p1a: Revavroom|spe|2\n|-boost|p1a: Revavroom|atk|1\n|move|p2a: Granbull|Earthquake|p1a: Revavroom\n|-supereffective|p1a: Revavroom\n|-damage|p1a: Revavroom|0 fnt\n|faint|p1a: Revavroom\n|\n|-heal|p2a: Granbull|233/302|[from] item: Leftovers\n|upkeep\n|\n|t:|1771166047\n|switch|p1a: Ariados|Ariados, L95, M|287/287\n|turn|7\n|\n|t:|1771166059\n|move|p1a: Ariados|Poison Jab|p2a: Granbull\n|-supereffective|p2a: Granbull\n|-damage|p2a: Granbull|11/302\n|-status|p2a: Granbull|psn\n|move|p2a: Granbull|Thunder Wave|p1a: Ariados\n|-status|p1a: Ariados|par\n|\n|-heal|p2a: Granbull|29/302 psn|[from] item: Leftovers\n|-damage|p2a: Granbull|0 fnt|[from] psn\n|faint|p2a: Granbull\n|upkeep\n|\n|t:|1771166066\n|switch|p2a: Pyroar|Pyroar, L88, F|295/295\n|-ability|p2a: Pyroar|Unnerve\n|turn|8\n|\n|t:|1771166075\n|move|p2a: Pyroar|Fire Blast|p1a: Ariados|[miss]\n|-miss|p2a: Pyroar|p1a: Ariados\n|move|p1a: Ariados|Poison Jab|p2a: Pyroar\n|-damage|p2a: Pyroar|177/295\n|\n|upkeep\n|turn|9\n|\n|t:|1771166078\n|switch|p1a: Sudowoodo|Sudowoodo, L94, M|246/284\n|move|p2a: Pyroar|Fire Blast|p1a: Sudowoodo\n|-resisted|p1a: Sudowoodo\n|-damage|p1a: Sudowoodo|165/284\n|\n|-heal|p1a: Sudowoodo|182/284|[from] item: Leftovers\n|upkeep\n|turn|10\n|\n|t:|1771166085\n|switch|p2a: Tentacruel|Tentacruel, L84, M|272/272\n|move|p1a: Sudowoodo|Head Smash|p2a: Tentacruel\n|-damage|p2a: Tentacruel|43/272\n|\n|-heal|p1a: Sudowoodo|199/284|[from] item: Leftovers\n|upkeep\n|turn|11\n|\n|t:|1771166101\n|switch|p1a: Ariados|Ariados, L95, M|287/287 par\n|move|p2a: Tentacruel|Surf|p1a: Ariados\n|-damage|p1a: Ariados|197/287 par\n|\n|upkeep\n|turn|12\n|\n|t:|1771166109\n|move|p2a: Tentacruel|Flip Turn|p1a: Ariados\n|-damage|p1a: Ariados|139/287 par\n|\n|t:|1771166113\n|switch|p2a: Pyroar|Pyroar, L88, F|177/295|[from] Flip Turn\n|-ability|p2a: Pyroar|Unnerve\n|move|p1a: Ariados|Sticky Web|p2a: Pyroar\n|-sidestart|p2: Niganmahaihaiaiyo|move: Sticky Web\n|\n|upkeep\n|turn|13\n|\n|t:|1771166124\n|move|p1a: Ariados|Sucker Punch|p2a: Pyroar\n|-damage|p2a: Pyroar|115/295\n|move|p2a: Pyroar|Dark Pulse|p1a: Ariados\n|-damage|p1a: Ariados|63/287 par\n|\n|upkeep\n|turn|14\n|\n|t:|1771166131\n|switch|p2a: Tentacruel|Tentacruel, L84, M|43/272\n|-activate|p2a: Tentacruel|move: Sticky Web\n|-unboost|p2a: Tentacruel|spe|1\n|cant|p1a: Ariados|par\n|\n|upkeep\n|turn|15\n|\n|t:|1771166137\n|cant|p1a: Ariados|par\n|move|p2a: Tentacruel|Rapid Spin|p1a: Ariados\n|-damage|p1a: Ariados|32/287 par\n|-boost|p2a: Tentacruel|spe|1\n|-sideend|p2: Niganmahaihaiaiyo|Sticky Web|[from] move: Rapid Spin|[of] p2a: Tentacruel\n|\n|upkeep\n|turn|16\n|\n|t:|1771166142\n|move|p2a: Tentacruel|Rapid Spin|p1a: Ariados\n|-damage|p1a: Ariados|0 fnt\n|-boost|p2a: Tentacruel|spe|1\n|faint|p1a: Ariados\n|\n|upkeep\n|\n|t:|1771166153\n|switch|p1a: Mabosstiff|Mabosstiff, L86, F|171/278\n|turn|17\n|\n|t:|1771166160\n|move|p2a: Tentacruel|Sludge Bomb|p1a: Mabosstiff\n|-damage|p1a: Mabosstiff|80/278\n|-status|p1a: Mabosstiff|psn\n|move|p1a: Mabosstiff|Psychic Fangs|p2a: Tentacruel\n|-supereffective|p2a: Tentacruel\n|-damage|p2a: Tentacruel|0 fnt\n|faint|p2a: Tentacruel\n|\n|-damage|p1a: Mabosstiff|46/278 psn|[from] psn\n|upkeep\n|\n|t:|1771166171\n|switch|p2a: Shiftry|Shiftry, L89, F|305/305\n|turn|18\n|\n|t:|1771166176\n|move|p1a: Mabosstiff|Psychic Fangs|p2a: Shiftry\n|-immune|p2a: Shiftry\n|move|p2a: Shiftry|Will-O-Wisp||[still]\n|-fail|p2a: Shiftry\n|\n|-damage|p1a: Mabosstiff|12/278 psn|[from] psn\n|upkeep\n|turn|19\n|\n|t:|1771166182\n|move|p1a: Mabosstiff|Psychic Fangs|p2a: Shiftry\n|-immune|p2a: Shiftry\n|move|p2a: Shiftry|Knock Off|p1a: Mabosstiff\n|-resisted|p1a: Mabosstiff\n|-damage|p1a: Mabosstiff|0 fnt\n|-enditem|p1a: Mabosstiff|Choice Scarf|[from] move: Knock Off|[of] p2a: Shiftry\n|faint|p1a: Mabosstiff\n|-damage|p2a: Shiftry|275/305|[from] item: Life Orb\n|\n|upkeep\n|\n|t:|1771166197\n|switch|p1a: Iron Leaves|Iron Leaves, L80|275/275\n|turn|20\n|\n|t:|1771166210\n|-terastallize|p1a: Iron Leaves|Fighting\n|move|p1a: Iron Leaves|Swords Dance|p1a: Iron Leaves\n|-boost|p1a: Iron Leaves|atk|2\n|move|p2a: Shiftry|Will-O-Wisp|p1a: Iron Leaves|[miss]\n|-miss|p2a: Shiftry|p1a: Iron Leaves\n|\n|upkeep\n|turn|21\n|\n|t:|1771166219\n|-terastallize|p2a: Shiftry|Poison\n|move|p1a: Iron Leaves|Close Combat|p2a: Shiftry\n|-resisted|p2a: Shiftry\n|-damage|p2a: Shiftry|37/305\n|-unboost|p1a: Iron Leaves|def|1\n|-unboost|p1a: Iron Leaves|spd|1\n|-damage|p1a: Iron Leaves|248/275|[from] item: Life Orb\n|move|p2a: Shiftry|Will-O-Wisp|p1a: Iron Leaves\n|-status|p1a: Iron Leaves|brn\n|\n|-damage|p1a: Iron Leaves|231/275 brn|[from] brn\n|upkeep\n|turn|22\n|\n|t:|1771166231\n|move|p1a: Iron Leaves|Psyblade|p2a: Shiftry\n|-supereffective|p2a: Shiftry\n|-damage|p2a: Shiftry|0 fnt\n|faint|p2a: Shiftry\n|-damage|p1a: Iron Leaves|204/275 brn|[from] item: Life Orb\n|\n|-damage|p1a: Iron Leaves|187/275 brn|[from] brn\n|upkeep\n|\n|t:|1771166236\n|switch|p2a: Appletun|Appletun, L92, F|352/352\n|turn|23\n|\n|t:|1771166241\n|-end|p1a: Iron Leaves|Quark Drive|[silent]\n|switch|p1a: Sudowoodo|Sudowoodo, L94, M|199/284\n|move|p2a: Appletun|Leech Seed|p1a: Sudowoodo\n|-start|p1a: Sudowoodo|move: Leech Seed\n|\n|-heal|p1a: Sudowoodo|216/284|[from] item: Leftovers\n|-damage|p1a: Sudowoodo|181/284|[from] Leech Seed|[of] p2a: Appletun\n|upkeep\n|turn|24\n|\n|t:|1771166246\n|move|p1a: Sudowoodo|Head Smash|p2a: Appletun|[miss]\n|-miss|p1a: Sudowoodo|p2a: Appletun\n|move|p2a: Appletun|Apple Acid|p1a: Sudowoodo\n|-supereffective|p1a: Sudowoodo\n|-damage|p1a: Sudowoodo|0 fnt\n|faint|p1a: Sudowoodo\n|\n|upkeep\n|\n|t:|1771166254\n|switch|p1a: Deoxys|Deoxys, L74|196/196\n|-ability|p1a: Deoxys|Pressure\n|turn|25\n|\n|t:|1771166260\n|move|p1a: Deoxys|Psycho Boost|p2a: Appletun\n|-damage|p2a: Appletun|153/352\n|-unboost|p1a: Deoxys|spa|2\n|-damage|p1a: Deoxys|177/196|[from] item: Life Orb\n|move|p2a: Appletun|Leech Seed|p1a: Deoxys\n|-start|p1a: Deoxys|move: Leech Seed\n|\n|-heal|p2a: Appletun|175/352|[from] item: Leftovers\n|-damage|p1a: Deoxys|153/196|[from] Leech Seed|[of] p2a: Appletun\n|-heal|p2a: Appletun|199/352|[silent]\n|upkeep\n|turn|26\n|\n|t:|1771166270\n|switch|p1a: Iron Leaves|Iron Leaves, L80, tera:Fighting|187/275 brn\n|move|p2a: Appletun|Recover|p2a: Appletun\n|-heal|p2a: Appletun|352/352\n|\n|-damage|p1a: Iron Leaves|170/275 brn|[from] brn\n|upkeep\n|turn|27\n|\n|t:|1771166274\n|move|p1a: Iron Leaves|Close Combat|p2a: Appletun\n|-damage|p2a: Appletun|262/352\n|-unboost|p1a: Iron Leaves|def|1\n|-unboost|p1a: Iron Leaves|spd|1\n|-damage|p1a: Iron Leaves|143/275 brn|[from] item: Life Orb\n|move|p2a: Appletun|Apple Acid|p1a: Iron Leaves\n|-damage|p1a: Iron Leaves|11/275 brn\n|-unboost|p1a: Iron Leaves|spd|1\n|\n|-heal|p2a: Appletun|284/352|[from] item: Leftovers\n|-damage|p1a: Iron Leaves|0 fnt|[from] brn\n|faint|p1a: Iron Leaves\n|-end|p1a: Iron Leaves|Quark Drive|[silent]\n|upkeep\n|\n|t:|1771166277\n|switch|p1a: Deoxys|Deoxys, L74|153/196\n|-ability|p1a: Deoxys|Pressure\n|turn|28\n|\n|t:|1771166283\n|move|p1a: Deoxys|Knock Off|p2a: Appletun\n|-damage|p2a: Appletun|194/352\n|-enditem|p2a: Appletun|Leftovers|[from] move: Knock Off|[of] p1a: Deoxys\n|-damage|p1a: Deoxys|134/196|[from] item: Life Orb\n|move|p2a: Appletun|Leech Seed|p1a: Deoxys\n|-start|p1a: Deoxys|move: Leech Seed\n|\n|-damage|p1a: Deoxys|110/196|[from] Leech Seed|[of] p2a: Appletun\n|-heal|p2a: Appletun|218/352|[silent]\n|upkeep\n|turn|29\n|\n|t:|1771166291\n|move|p1a: Deoxys|Psycho Boost|p2a: Appletun\n|-damage|p2a: Appletun|10/352\n|-unboost|p1a: Deoxys|spa|2\n|-damage|p1a: Deoxys|91/196|[from] item: Life Orb\n|move|p2a: Appletun|Recover|p2a: Appletun\n|-heal|p2a: Appletun|186/352\n|\n|-damage|p1a: Deoxys|67/196|[from] Leech Seed|[of] p2a: Appletun\n|-heal|p2a: Appletun|210/352|[silent]\n|upkeep\n|turn|30\n|\n|t:|1771166300\n|move|p1a: Deoxys|Extreme Speed|p2a: Appletun\n|-damage|p2a: Appletun|132/352\n|-damage|p1a: Deoxys|48/196|[from] item: Life Orb\n|move|p2a: Appletun|Recover|p2a: Appletun\n|-heal|p2a: Appletun|308/352\n|\n|-damage|p1a: Deoxys|24/196|[from] Leech Seed|[of] p2a: Appletun\n|-heal|p2a: Appletun|332/352|[silent]\n|upkeep\n|turn|31\n|\n|t:|1771166307\n|move|p1a: Deoxys|Extreme Speed|p2a: Appletun\n|-damage|p2a: Appletun|248/352\n|-damage|p1a: Deoxys|5/196|[from] item: Life Orb\n|move|p2a: Appletun|Apple Acid|p1a: Deoxys\n|-damage|p1a: Deoxys|0 fnt\n|faint|p1a: Deoxys\n|\n|win|Niganmahaihaiaiyo\n|raw|GangstaLou's rating: 1529 &rarr; <strong>1512</strong><br />(-17 for losing)\n|raw|Niganmahaihaiaiyo's rating: 1583 &rarr; <strong>1600</strong><br />(+17 for winning)\n|l|☆GangstaLou\n|player|p1|\n", "inputlog": ">version 686819e5e19f8a7fd2345cfc5a08a5085efa2cc3\n>start {\"formatid\":\"gen9randombattle\",\"seed\":\"sodium,fd7302b8d5013a92fdbafe0850a46aca\",\"rated\":\"Rated battle\"}\n>player p1 {\"name\":\"GangstaLou\",\"avatar\":\"benga\",\"rating\":1529,\"seed\":\"sodium,2ce3751b2b4fb003a7b2d1d082d03199\"}\n>player p2 {\"name\":\"Niganmahaihaiaiyo\",\"avatar\":\"shadowtriad\",\"rating\":1583,\"seed\":\"sodium,3853f46fad90cdd8be56651814f58f44\"}\n>p1 switch 5\n>p2 move fireblast\n>p1 move stealthrock\n>p2 switch 6\n>p1 switch 4\n>p2 move rapidspin\n>p1 move wildcharge\n>p2 move flipturn\n>p2 switch 4\n>p1 switch 2\n>p2 move thunderwave\n>p1 move shiftgear\n>p2 move earthquake\n>p1 switch 5\n>p1 move poisonjab\n>p2 move thunderwave\n>p2 switch 6\n>p1 move poisonjab\n>p2 move fireblast\n>p1 switch 4\n>p2 move fireblast\n>p1 move headsmash\n>p2 switch 4\n>p1 switch 4\n>p2 move surf\n>p1 move stickyweb\n>p2 move flipturn\n>p2 switch 4\n>p1 move suckerpunch\n>p2 move darkpulse\n>p1 move suckerpunch\n>p2 switch 4\n>p1 move suckerpunch\n>p2 move rapidspin\n>p1 move stickyweb\n>p2 move rapidspin\n>p1 switch 2\n>p1 move psychicfangs\n>p2 move sludgebomb\n>p2 switch 5\n>p1 move psychicfangs\n>p2 move willowisp\n>p1 move psychicfangs\n>p2 move knockoff\n>p1 switch 3\n>p1 move swordsdance terastallize\n>p2 move willowisp\n>p1 move closecombat\n>p2 move willowisp terastallize\n>p1 move psyblade\n>p2 move knockoff\n>p2 switch 2\n>p1 switch 4\n>p2 move leechseed\n>p1 move headsmash\n>p2 move appleacid\n>p1 switch 6\n>p1 move psychoboost\n>p2 move leechseed\n>p1 switch 4\n>p2 move recover\n>p1 move closecombat\n>p2 move appleacid\n>p1 switch 4\n>p1 move knockoff\n>p2 move leechseed\n>p1 move psychoboost\n>p2 move recover\n>p1 move extremespeed\n>p2 move recover\n>p1 move extremespeed\n>p2 move appleacid", "uploadtime": 1771166318, "views": 12, "formatid": "gen9randombattle", "rating": 1512, "private": 0, "password": null}