{"id": "gen9randombattle-2540267635", "format": "[Gen 9] Random Battle", "players": ["Micael Lopes", "Ginigami"], "log": "|j|☆Micael Lopes\n|j|☆Ginigami\n|t:|1771182671\n|gametype|singles\n|player|p1|Micael Lopes|benga|1803\n|player|p2|Ginigami|265|1785\n|gen|9\n|tier|[Gen 9] Random Battle\n|rated|\n|rule|Species Clause: Limit one of each Pokémon\n|rule|HP Percentage Mod: HP is shown in percentages\n|rule|Sleep Clause Mod: Limit one foe put to sleep\n|rule|Illusion Level Mod: Illusion disguises the Pokémon's true level\n|\n|t:|1771182671\n|teamsize|p1|6\n|teamsize|p2|6\n|start\n|switch|p1a: Ariados|Ariados, L95, M|287/287\n|switch|p2a: Eelektross|Eelektross, L87, F|290/290\n|turn|1\n|inactive|Battle timer is ON: inactive players will automatically lose when time's up. (requested by Micael Lopes)\n|\n|t:|1771182677\n|move|p2a: Eelektross|Discharge|p1a: Ariados\n|-damage|p1a: Ariados|191/287\n|move|p1a: Ariados|Sticky Web|p2a: Eelektross\n|-sidestart|p2: Ginigami|move: Sticky Web\n|\n|upkeep\n|turn|2\n|\n|t:|1771182682\n|move|p2a: Eelektross|Discharge|p1a: Ariados\n|-damage|p1a: Ariados|94/287\n|move|p1a: Ariados|Toxic Spikes|p2a: Eelektross\n|-sidestart|p2: Ginigami|move: Toxic Spikes\n|\n|upkeep\n|turn|3\n|\n|t:|1771182689\n|switch|p1a: Pincurchin|Pincurchin, F|258/258\n|-fieldstart|move: Electric Terrain|[from] ability: Electric Surge|[of] p1a: Pincurchin\n|move|p2a: Eelektross|Flamethrower|p1a: Pincurchin\n|-damage|p1a: Pincurchin|201/258\n|\n|-heal|p1a: Pincurchin|217/258|[from] item: Leftovers\n|upkeep\n|turn|4\n|\n|t:|1771182694\n|move|p2a: Eelektross|U-turn|p1a: Pincurchin\n|-damage|p1a: Pincurchin|167/258\n|\n|t:|1771182695\n|switch|p2a: Cryogonal|Cryogonal, L89|287/287|[from] U-turn\n|move|p1a: Pincurchin|Scald|p2a: Cryogonal\n|-damage|p2a: Cryogonal|238/287\n|-status|p2a: Cryogonal|brn\n|\n|-heal|p1a: Pincurchin|183/258|[from] item: Leftovers\n|-damage|p2a: Cryogonal|221/287 brn|[from] brn\n|upkeep\n|turn|5\n|\n|t:|1771182720\n|switch|p1a: Skeledirge|Skeledirge, L79, M|294/294\n|move|p2a: Cryogonal|Rapid Spin|p1a: Skeledirge\n|-immune|p1a: Skeledirge\n|\n|-damage|p2a: Cryogonal|204/287 brn|[from] brn\n|upkeep\n|turn|6\n|inactive|Ginigami has 120 seconds left.\n|l|☆Ginigami\n|inactive|Ginigami disconnected and has a minute to reconnect!\n|player|p2|\n|inactive|Ginigami has 30 seconds to reconnect!\n|j|☆Ginigami\n|inactive|Ginigami reconnected and has 80 seconds left.\n|player|p2|Ginigami|265|\n|\n|t:|1771182796\n|switch|p2a: Eelektross|Eelektross, L87, F|290/290\n|move|p1a: Skeledirge|Will-O-Wisp|p2a: Eelektross\n|-status|p2a: Eelektross|brn\n|\n|-damage|p2a: Eelektross|272/290 brn|[from] brn\n|upkeep\n|turn|7\n|\n|t:|1771182804\n|switch|p1a: Pincurchin|Pincurchin, F|183/258\n|move|p2a: Eelektross|Discharge|p1a: Pincurchin\n|-resisted|p1a: Pincurchin\n|-damage|p1a: Pincurchin|144/258\n|\n|-heal|p1a: Pincurchin|160/258|[from] item: Leftovers\n|-damage|p2a: Eelektross|254/290 brn|[from] brn\n|-fieldend|move: Electric Terrain\n|upkeep\n|turn|8\n|\n|t:|1771182809\n|move|p2a: Eelektross|U-turn|p1a: Pincurchin\n|-damage|p1a: Pincurchin|135/258\n|\n|t:|1771182817\n|switch|p2a: Cryogonal|Cryogonal, L89|204/287 brn|[from] U-turn\n|move|p1a: Pincurchin|Spikes|p2a: Cryogonal\n|-sidestart|p2: Ginigami|Spikes\n|\n|-heal|p1a: Pincurchin|151/258|[from] item: Leftovers\n|-damage|p2a: Cryogonal|187/287 brn|[from] brn\n|upkeep\n|turn|9\n|\n|t:|1771182820\n|switch|p1a: Skeledirge|Skeledirge, L79, M|294/294\n|move|p2a: Cryogonal|Recover|p2a: Cryogonal\n|-heal|p2a: Cryogonal|287/287 brn\n|\n|-damage|p2a: Cryogonal|270/287 brn|[from] brn\n|upkeep\n|turn|10\n|\n|t:|1771182835\n|switch|p2a: Eelektross|Eelektross, L87, F|254/290 brn\n|move|p1a: Skeledirge|Torch Song|p2a: Eelektross\n|-damage|p2a: Eelektross|194/290 brn\n|-boost|p1a: Skeledirge|spa|1\n|\n|-damage|p2a: Eelektross|176/290 brn|[from] brn\n|upkeep\n|turn|11\n|\n|t:|1771182845\n|move|p1a: Skeledirge|Hex|p2a: Eelektross\n|-damage|p2a: Eelektross|44/290 brn\n|move|p2a: Eelektross|Discharge|p1a: Skeledirge\n|-damage|p1a: Skeledirge|171/294\n|\n|-damage|p2a: Eelektross|26/290 brn|[from] brn\n|upkeep\n|turn|12\n|\n|t:|1771182854\n|move|p1a: Skeledirge|Torch Song|p2a: Eelektross\n|-damage|p2a: Eelektross|0 fnt\n|-boost|p1a: Skeledirge|spa|1\n|faint|p2a: Eelektross\n|\n|upkeep\n|\n|t:|1771182875\n|switch|p2a: Komala|Komala, L89, F|260/260\n|-activate|p2a: Komala|move: Sticky Web\n|-unboost|p2a: Komala|spe|1\n|-damage|p2a: Komala|228/260|[from] Spikes\n|-ability|p2a: Komala|Comatose\n|turn|13\n|\n|t:|1771182884\n|move|p2a: Komala|Knock Off|p1a: Skeledirge\n|-supereffective|p1a: Skeledirge\n|-damage|p1a: Skeledirge|13/294\n|-enditem|p1a: Skeledirge|Heavy-Duty Boots|[from] move: Knock Off|[of] p2a: Komala\n|move|p1a: Skeledirge|Torch Song|p2a: Komala\n|-damage|p2a: Komala|80/260\n|-boost|p1a: Skeledirge|spa|1\n|\n|upkeep\n|turn|14\n|\n|t:|1771182896\n|switch|p1a: Forretress|Forretress, L84, M|263/263\n|move|p2a: Komala|Knock Off|p1a: Forretress\n|-damage|p1a: Forretress|203/263\n|-enditem|p1a: Forretress|Leftovers|[from] move: Knock Off|[of] p2a: Komala\n|\n|upkeep\n|turn|15\n|-message|Ginigami forfeited.\n|\n|win|Micael Lopes\n|raw|Micael Lopes's rating: 1804 &rarr; <strong>1823</strong><br />(+19 for winning)\n|raw|Ginigami's rating: 1785 &rarr; <strong>1766</strong><br />(-19 for losing)\n|l|☆Ginigami\n|player|p2|\n|c|☆Micael Lopes|**__Sexy game.__**\n", "inputlog": ">version 686819e5e19f8a7fd2345cfc5a08a5085efa2cc3\n>start {\"formatid\":\"gen9randombattle\",\"seed\":\"sodium,cdd20b9df77aa5191f0c7c6e18f88657\",\"rated\":\"Rated battle\"}\n>player p1 {\"name\":\"Micael Lopes\",\"avatar\":\"benga\",\"rating\":1803,\"seed\":\"sodium,c7a67143963d7542dd6aae11fb0859d6\"}\n>player p2 {\"name\":\"Ginigami\",\"avatar\":\"265\",\"rating\":1785,\"seed\":\"sodium,809514da58f0f39e7c24e73c1d73dca3\"}\n>p1 move stickyweb\n>p2 move discharge\n>p1 move toxicspikes\n>p2 move discharge\n>p1 switch 3\n>p2 move flamethrower\n>p1 move scald\n>p2 move uturn\n>p2 switch 3\n>p1 switch 5\n>p2 move rapidspin\n>p1 move willowisp\n>p2 switch 3\n>p1 switch 5\n>p2 move discharge\n>p1 move spikes\n>p2 move uturn\n>p2 switch 3\n>p1 switch 5\n>p2 move recover\n>p1 move torchsong\n>p2 switch 3\n>p1 move hex\n>p2 move discharge\n>p1 move torchsong\n>p2 move discharge\n>p2 switch 4\n>p1 move torchsong\n>p2 move knockoff\n>p1 switch 4\n>p2 move knockoff\n>forcelose p2", "uploadtime": 1771182930, "views": 9, "formatid": "gen9randombattle", "rating": 1766, "private": 0, "password": null}