{"id": "gen9randombattle-2539974643", "format": "[Gen 9] Random Battle", "players": ["Niganmahaihaiaiyo", "Havefunnyyy"], "log": "|j|☆Niganmahaihaiaiyo\n|j|☆Havefunnyyy\n|t:|1771136517\n|gametype|singles\n|player|p1|Niganmahaihaiaiyo|shadowtriad|1583\n|player|p2|Havefunnyyy|266|1540\n|gen|9\n|tier|[Gen 9] Random Battle\n|rated|\n|rule|Species Clause: Limit one of each Pokémon\n|rule|HP Percentage Mod: HP is shown in percentages\n|rule|Sleep Clause Mod: Limit one foe put to sleep\n|rule|Illusion Level Mod: Illusion disguises the Pokémon's true level\n|\n|t:|1771136517\n|teamsize|p1|6\n|teamsize|p2|6\n|start\n|switch|p1a: Ceruledge|Ceruledge, L78, F|245/245\n|switch|p2a: Quagsire|Quagsire, L84, F|297/297\n|turn|1\n|\n|t:|1771136540\n|switch|p1a: Registeel|Registeel, L81|262/262\n|move|p2a: Quagsire|Earthquake|p1a: Registeel\n|-supereffective|p1a: Registeel\n|-damage|p1a: Registeel|124/262\n|\n|-heal|p1a: Registeel|140/262|[from] item: Leftovers\n|upkeep\n|turn|2\n|\n|t:|1771136552\n|switch|p1a: Staraptor|Staraptor, L79, M|263/263\n|move|p2a: Quagsire|Earthquake|p1a: Staraptor\n|-immune|p1a: Staraptor\n|\n|upkeep\n|turn|3\n|\n|t:|1771136562\n|move|p1a: Staraptor|Brave Bird|p2a: Quagsire\n|-damage|p2a: Quagsire|45/297\n|-damage|p1a: Staraptor|180/263|[from] Recoil\n|move|p2a: Quagsire|Toxic|p1a: Staraptor|[miss]\n|-miss|p2a: Quagsire|p1a: Staraptor\n|\n|-heal|p2a: Quagsire|63/297|[from] item: Leftovers\n|upkeep\n|turn|4\n|\n|t:|1771136578\n|move|p1a: Staraptor|Brave Bird|p2a: Quagsire\n|-damage|p2a: Quagsire|0 fnt\n|faint|p2a: Quagsire\n|-damage|p1a: Staraptor|159/263|[from] Recoil\n|\n|upkeep\n|\n|t:|1771136585\n|switch|p2a: Iron Bundle|Iron Bundle, L78|215/215\n|turn|5\n|\n|t:|1771136596\n|move|p2a: Iron Bundle|Ice Beam|p1a: Staraptor\n|-supereffective|p1a: Staraptor\n|-damage|p1a: Staraptor|0 fnt\n|faint|p1a: Staraptor\n|\n|upkeep\n|\n|t:|1771136604\n|switch|p1a: Ceruledge|Ceruledge, L78, F|245/245\n|turn|6\n|\n|t:|1771136622\n|switch|p1a: Trevenant|Trevenant, L89, F|296/296\n|move|p2a: Iron Bundle|Hydro Pump|p1a: Trevenant\n|-resisted|p1a: Trevenant\n|-damage|p1a: Trevenant|233/296\n|\n|upkeep\n|turn|7\n|\n|t:|1771136648\n|move|p2a: Iron Bundle|Ice Beam|p1a: Trevenant\n|-supereffective|p1a: Trevenant\n|-damage|p1a: Trevenant|15/296\n|-enditem|p1a: Trevenant|Sitrus Berry|[eat]\n|-heal|p1a: Trevenant|89/296|[from] item: Sitrus Berry\n|move|p1a: Trevenant|Toxic|p2a: Iron Bundle\n|-status|p2a: Iron Bundle|tox\n|\n|-damage|p2a: Iron Bundle|202/215 tox|[from] psn\n|upkeep\n|turn|8\n|\n|t:|1771136664\n|move|p1a: Trevenant|Protect|p1a: Trevenant\n|-singleturn|p1a: Trevenant|Protect\n|move|p2a: Iron Bundle|Ice Beam|p1a: Trevenant\n|-activate|p1a: Trevenant|move: Protect\n|\n|-heal|p2a: Iron Bundle|215/215 tox|[from] item: Leftovers\n|-damage|p2a: Iron Bundle|189/215 tox|[from] psn\n|upkeep\n|turn|9\n|\n|t:|1771136675\n|switch|p1a: Registeel|Registeel, L81|140/262\n|move|p2a: Iron Bundle|Ice Beam|p1a: Registeel\n|-resisted|p1a: Registeel\n|-damage|p1a: Registeel|104/262\n|\n|-heal|p2a: Iron Bundle|202/215 tox|[from] item: Leftovers\n|-heal|p1a: Registeel|120/262|[from] item: Leftovers\n|-damage|p2a: Iron Bundle|163/215 tox|[from] psn\n|upkeep\n|turn|10\n|\n|t:|1771136693\n|move|p2a: Iron Bundle|Hydro Pump|p1a: Registeel|[miss]\n|-miss|p2a: Iron Bundle|p1a: Registeel\n|move|p1a: Registeel|Body Press|p2a: Iron Bundle\n|-supereffective|p2a: Iron Bundle\n|-damage|p2a: Iron Bundle|21/215 tox\n|\n|-heal|p2a: Iron Bundle|34/215 tox|[from] item: Leftovers\n|-heal|p1a: Registeel|136/262|[from] item: Leftovers\n|-damage|p2a: Iron Bundle|0 fnt|[from] psn\n|faint|p2a: Iron Bundle\n|-end|p2a: Iron Bundle|Quark Drive|[silent]\n|upkeep\n|\n|t:|1771136754\n|switch|p2a: Zapdos|Zapdos-Galar, L77|265/265\n|turn|11\n|\n|t:|1771136760\n|switch|p1a: Trevenant|Trevenant, L89, F|89/296\n|move|p2a: Zapdos|Close Combat|p1a: Trevenant\n|-immune|p1a: Trevenant\n|\n|-item|p1a: Trevenant|Sitrus Berry|[from] ability: Harvest\n|upkeep\n|-enditem|p1a: Trevenant|Sitrus Berry|[eat]\n|-heal|p1a: Trevenant|163/296|[from] item: Sitrus Berry\n|turn|12\n|\n|t:|1771136781\n|switch|p2a: Malamar|Malamar, L82, M|275/275\n|move|p1a: Trevenant|Toxic|p2a: Malamar\n|-status|p2a: Malamar|tox\n|\n|-damage|p2a: Malamar|258/275 tox|[from] psn\n|upkeep\n|turn|13\n|\n|t:|1771136794\n|move|p2a: Malamar|Knock Off|p1a: Trevenant\n|-supereffective|p1a: Trevenant\n|-damage|p1a: Trevenant|23/296\n|move|p1a: Trevenant|Drain Punch|p2a: Malamar\n|-damage|p2a: Malamar|194/275 tox\n|-heal|p1a: Trevenant|55/296|[from] drain|[of] p2a: Malamar\n|\n|-heal|p2a: Malamar|211/275 tox|[from] item: Leftovers\n|-damage|p2a: Malamar|177/275 tox|[from] psn\n|-item|p1a: Trevenant|Sitrus Berry|[from] ability: Harvest\n|upkeep\n|-enditem|p1a: Trevenant|Sitrus Berry|[eat]\n|-heal|p1a: Trevenant|129/296|[from] item: Sitrus Berry\n|turn|14\n|\n|t:|1771136806\n|move|p1a: Trevenant|Protect|p1a: Trevenant\n|-singleturn|p1a: Trevenant|Protect\n|move|p2a: Malamar|Knock Off|p1a: Trevenant\n|-activate|p1a: Trevenant|move: Protect\n|\n|-heal|p2a: Malamar|194/275 tox|[from] item: Leftovers\n|-damage|p2a: Malamar|143/275 tox|[from] psn\n|upkeep\n|turn|15\n|\n|t:|1771136816\n|move|p2a: Malamar|Knock Off|p1a: Trevenant\n|-supereffective|p1a: Trevenant\n|-damage|p1a: Trevenant|0 fnt\n|faint|p1a: Trevenant\n|\n|-heal|p2a: Malamar|160/275 tox|[from] item: Leftovers\n|-damage|p2a: Malamar|92/275 tox|[from] psn\n|upkeep\n|\n|t:|1771136828\n|switch|p1a: Thundurus|Thundurus-Therian, L80, M|258/258\n|turn|16\n|\n|t:|1771136840\n|switch|p2a: Iron Crown|Iron Crown, L78|268/268\n|move|p1a: Thundurus|Thunderbolt|p2a: Iron Crown\n|-damage|p2a: Iron Crown|103/268\n|\n|upkeep\n|turn|17\n|l|☆Havefunnyyy\n|player|p2|\n|inactive|Battle timer is ON: inactive players will automatically lose when time's up. (requested by Niganmahaihaiaiyo)\n|inactive|Havefunnyyy has 30 seconds to reconnect!\n|inactive|Havefunnyyy has 20 seconds to reconnect!\n|inactive|Havefunnyyy has 15 seconds to reconnect!\n|inactive|Havefunnyyy has 10 seconds to reconnect!\n|inactive|Havefunnyyy has 5 seconds to reconnect!\n|-message|Havefunnyyy lost due to inactivity.\n|\n|win|Niganmahaihaiaiyo\n|raw|Niganmahaihaiaiyo's rating: 1583 &rarr; <strong>1601</strong><br />(+18 for winning)\n|raw|Havefunnyyy's rating: 1540 &rarr; <strong>1522</strong><br />(-18 for losing)\n", "inputlog": ">version 686819e5e19f8a7fd2345cfc5a08a5085efa2cc3\n>start {\"formatid\":\"gen9randombattle\",\"seed\":\"sodium,9b3a5be93ec8a1e9394510255070ea5c\",\"rated\":\"Rated battle\"}\n>player p1 {\"name\":\"Niganmahaihaiaiyo\",\"avatar\":\"shadowtriad\",\"rating\":1583,\"seed\":\"sodium,1e45567adf4c4061530a82045241d580\"}\n>player p2 {\"name\":\"Havefunnyyy\",\"avatar\":\"266\",\"rating\":1540,\"seed\":\"sodium,d6a0df51d539c1cbbb89c02b456acf94\"}\n>p1 switch 4\n>p2 move earthquake\n>p1 switch 3\n>p2 move earthquake\n>p1 move bravebird\n>p2 move toxic\n>p1 move bravebird\n>p2 move toxic\n>p2 switch 2\n>p1 move bravebird\n>p2 move icebeam\n>p1 switch 4\n>p1 switch 6\n>p2 move hydropump\n>p1 move toxic\n>p2 move icebeam\n>p1 move protect\n>p2 move icebeam\n>p1 switch 3\n>p2 move icebeam\n>p1 move bodypress\n>p2 move hydropump\n>p2 switch 3\n>p1 switch 3\n>p2 move closecombat\n>p1 move toxic\n>p2 switch 6\n>p1 move drainpunch\n>p2 move knockoff\n>p1 move protect\n>p2 move knockoff\n>p1 move drainpunch\n>p2 move knockoff\n>p1 switch 2\n>p1 move thunderbolt\n>p2 switch 5\n>forcelose p2", "uploadtime": 1771136974, "views": 18, "formatid": "gen9randombattle", "rating": 1522, "private": 0, "password": null}