{"id": "gen9randombattle-2540719554", "format": "[Gen 9] Random Battle", "players": ["Tomcahu", "Micael Lopes"], "log": "|j|☆Tomcahu\n|j|☆Micael Lopes\n|t:|1771245432\n|gametype|singles\n|player|p1|Tomcahu|265|1862\n|player|p2|Micael Lopes|benga|1893\n|gen|9\n|tier|[Gen 9] Random Battle\n|rated|\n|rule|Species Clause: Limit one of each Pokémon\n|rule|HP Percentage Mod: HP is shown in percentages\n|rule|Sleep Clause Mod: Limit one foe put to sleep\n|rule|Illusion Level Mod: Illusion disguises the Pokémon's true level\n|\n|t:|1771245432\n|teamsize|p1|6\n|teamsize|p2|6\n|start\n|switch|p1a: Banette|Banette, L93, M|270/270\n|switch|p2a: Registeel|Registeel, L81|262/262\n|turn|1\n|inactive|Battle timer is ON: inactive players will automatically lose when time's up. (requested by Micael Lopes)\n|\n|t:|1771245452\n|move|p1a: Banette|Poltergeist|p2a: Registeel\n|-activate|p2a: Registeel|move: Poltergeist|Chesto Berry\n|-damage|p2a: Registeel|110/262\n|-damage|p1a: Banette|243/270|[from] item: Life Orb\n|move|p2a: Registeel|Iron Defense|p2a: Registeel\n|-boost|p2a: Registeel|def|2\n|\n|upkeep\n|turn|2\n|\n|t:|1771245462\n|move|p1a: Banette|Poltergeist|p2a: Registeel\n|-activate|p2a: Registeel|move: Poltergeist|Chesto Berry\n|-damage|p2a: Registeel|42/262\n|-damage|p1a: Banette|216/270|[from] item: Life Orb\n|move|p2a: Registeel|Rest|p2a: Registeel\n|-status|p2a: Registeel|slp|[from] move: Rest\n|-heal|p2a: Registeel|262/262 slp|[silent]\n|-enditem|p2a: Registeel|Chesto Berry|[eat]\n|-curestatus|p2a: Registeel|slp|[msg]\n|\n|upkeep\n|turn|3\n|\n|t:|1771245475\n|switch|p1a: Azelf|Azelf, L82|257/257\n|move|p2a: Registeel|Iron Head|p1a: Azelf\n|-damage|p1a: Azelf|170/257\n|\n|upkeep\n|turn|4\n|\n|t:|1771245481\n|switch|p2a: Goodra|Goodra, L85, M|292/292\n|move|p1a: Azelf|Fire Blast|p2a: Goodra\n|-resisted|p2a: Goodra\n|-damage|p2a: Goodra|263/292\n|\n|upkeep\n|turn|5\n|\n|t:|1771245486\n|switch|p1a: Fezandipiti|Fezandipiti, L82, M|278/278\n|move|p2a: Goodra|Scald|p1a: Fezandipiti\n|-damage|p1a: Fezandipiti|223/278\n|\n|-heal|p1a: Fezandipiti|240/278|[from] item: Leftovers\n|upkeep\n|turn|6\n|\n|t:|1771245510\n|switch|p1a: Azelf|Azelf, L82|170/257\n|move|p2a: Goodra|Earthquake|p1a: Azelf\n|-immune|p1a: Azelf|[from] ability: Levitate\n|\n|upkeep\n|turn|7\n|\n|t:|1771245520\n|switch|p2a: Tropius|Tropius, L91, F|328/328\n|move|p1a: Azelf|U-turn|p2a: Tropius\n|-damage|p2a: Tropius|276/328\n|\n|t:|1771245529\n|switch|p1a: Medicham|Medicham, L86, M|243/243|[from] U-turn\n|\n|upkeep\n|turn|8\n|\n|t:|1771245536\n|move|p2a: Tropius|Protect|p2a: Tropius\n|-singleturn|p2a: Tropius|Protect\n|move|p1a: Medicham|Ice Punch|p2a: Tropius\n|-activate|p2a: Tropius|move: Protect\n|\n|upkeep\n|turn|9\n|\n|t:|1771245550\n|move|p1a: Medicham|Ice Punch|p2a: Tropius\n|-supereffective|p2a: Tropius\n|-damage|p2a: Tropius|0 fnt\n|faint|p2a: Tropius\n|\n|upkeep\n|\n|t:|1771245554\n|switch|p2a: Registeel|Registeel, L81|262/262\n|turn|10\n|\n|t:|1771245572\n|switch|p1a: Azelf|Azelf, L82|170/257\n|move|p2a: Registeel|Iron Head|p1a: Azelf\n|-damage|p1a: Azelf|95/257\n|\n|upkeep\n|turn|11\n|\n|t:|1771245584\n|switch|p2a: Goodra|Goodra, L85, M|263/292\n|move|p1a: Azelf|Fire Blast|p2a: Goodra|[miss]\n|-miss|p1a: Azelf|p2a: Goodra\n|\n|upkeep\n|turn|12\n|\n|t:|1771245588\n|switch|p1a: Fezandipiti|Fezandipiti, L82, M|240/278\n|move|p2a: Goodra|Scald|p1a: Fezandipiti\n|-damage|p1a: Fezandipiti|187/278\n|-status|p1a: Fezandipiti|brn\n|\n|-heal|p1a: Fezandipiti|204/278 brn|[from] item: Leftovers\n|-damage|p1a: Fezandipiti|187/278 brn|[from] brn\n|upkeep\n|turn|13\n|\n|t:|1771245599\n|switch|p2a: Registeel|Registeel, L81|262/262\n|move|p1a: Fezandipiti|Play Rough|p2a: Registeel\n|-resisted|p2a: Registeel\n|-damage|p2a: Registeel|247/262\n|\n|-heal|p1a: Fezandipiti|204/278 brn|[from] item: Leftovers\n|-damage|p1a: Fezandipiti|187/278 brn|[from] brn\n|upkeep\n|turn|14\n|\n|t:|1771245604\n|move|p1a: Fezandipiti|Play Rough|p2a: Registeel\n|-resisted|p2a: Registeel\n|-damage|p2a: Registeel|234/262\n|move|p2a: Registeel|Iron Head|p1a: Fezandipiti\n|-supereffective|p1a: Fezandipiti\n|-damage|p1a: Fezandipiti|47/278 brn\n|\n|-heal|p1a: Fezandipiti|64/278 brn|[from] item: Leftovers\n|-damage|p1a: Fezandipiti|47/278 brn|[from] brn\n|upkeep\n|turn|15\n|\n|t:|1771245609\n|switch|p1a: Azelf|Azelf, L82|95/257\n|move|p2a: Registeel|Iron Defense|p2a: Registeel\n|-boost|p2a: Registeel|def|2\n|\n|upkeep\n|turn|16\n|\n|t:|1771245615\n|switch|p2a: Goodra|Goodra, L85, M|263/292\n|move|p1a: Azelf|Fire Blast|p2a: Goodra\n|-resisted|p2a: Goodra\n|-damage|p2a: Goodra|233/292\n|\n|upkeep\n|turn|17\n|\n|t:|1771245620\n|switch|p1a: Fezandipiti|Fezandipiti, L82, M|47/278 brn\n|move|p2a: Goodra|Draco Meteor|p1a: Fezandipiti\n|-immune|p1a: Fezandipiti\n|\n|-heal|p1a: Fezandipiti|64/278 brn|[from] item: Leftovers\n|-damage|p1a: Fezandipiti|47/278 brn|[from] brn\n|upkeep\n|turn|18\n|\n|t:|1771245625\n|switch|p2a: Registeel|Registeel, L81|234/262\n|move|p1a: Fezandipiti|Play Rough|p2a: Registeel\n|-resisted|p2a: Registeel\n|-crit|p2a: Registeel\n|-damage|p2a: Registeel|211/262\n|\n|-heal|p1a: Fezandipiti|64/278 brn|[from] item: Leftovers\n|-damage|p1a: Fezandipiti|47/278 brn|[from] brn\n|upkeep\n|turn|19\n|\n|t:|1771245628\n|move|p1a: Fezandipiti|Play Rough|p2a: Registeel\n|-resisted|p2a: Registeel\n|-damage|p2a: Registeel|197/262\n|move|p2a: Registeel|Iron Head|p1a: Fezandipiti\n|-supereffective|p1a: Fezandipiti\n|-damage|p1a: Fezandipiti|0 fnt\n|faint|p1a: Fezandipiti\n|\n|upkeep\n|\n|t:|1771245631\n|switch|p1a: Medicham|Medicham, L86, M|243/243\n|turn|20\n|\n|t:|1771245636\n|switch|p2a: Palossand|Palossand, L89, F|296/296\n|-terastallize|p1a: Medicham|Fighting\n|move|p1a: Medicham|Close Combat|p2a: Palossand\n|-immune|p2a: Palossand\n|\n|upkeep\n|turn|21\n|\n|t:|1771245641\n|switch|p1a: Greninja|Greninja, L80, M|246/246\n|move|p2a: Palossand|Shadow Ball|p1a: Greninja\n|-resisted|p1a: Greninja\n|-damage|p1a: Greninja|183/246\n|\n|upkeep\n|turn|22\n|\n|t:|1771245653\n|switch|p2a: Goodra|Goodra, L85, M|233/292\n|move|p1a: Greninja|Gunk Shot|p2a: Goodra|[miss]\n|-start|p1a: Greninja|typechange|Poison|[from] ability: Protean\n|-miss|p1a: Greninja|p2a: Goodra\n|\n|upkeep\n|turn|23\n|\n|t:|1771245661\n|switch|p1a: Banette|Banette, L93, M|216/270\n|move|p2a: Goodra|Scald|p1a: Banette\n|-damage|p1a: Banette|140/270\n|\n|upkeep\n|turn|24\n|\n|t:|1771245666\n|switch|p2a: Registeel|Registeel, L81|197/262\n|move|p1a: Banette|Poltergeist||[still]\n|-fail|p1a: Banette\n|\n|upkeep\n|turn|25\n|\n|t:|1771245673\n|move|p1a: Banette|Thunder Wave|p2a: Registeel\n|-status|p2a: Registeel|par\n|move|p2a: Registeel|Body Press|p1a: Banette\n|-immune|p1a: Banette\n|\n|upkeep\n|turn|26\n|inactive|Tomcahu has 120 seconds left.\n|\n|t:|1771245714\n|switch|p1a: Azelf|Azelf, L82|95/257\n|move|p2a: Registeel|Iron Head|p1a: Azelf\n|-damage|p1a: Azelf|13/257\n|\n|upkeep\n|turn|27\n|\n|t:|1771245721\n|switch|p2a: Goodra|Goodra, L85, M|233/292\n|move|p1a: Azelf|U-turn|p2a: Goodra\n|-damage|p2a: Goodra|168/292\n|\n|t:|1771245726\n|switch|p1a: Medicham|Medicham, L86, M, tera:Fighting|243/243|[from] U-turn\n|\n|upkeep\n|turn|28\n|\n|t:|1771245736\n|move|p1a: Medicham|Zen Headbutt|p2a: Goodra\n|-damage|p2a: Goodra|0 fnt\n|faint|p2a: Goodra\n|\n|upkeep\n|\n|t:|1771245740\n|switch|p2a: Registeel|Registeel, L81|197/262 par\n|turn|29\n|\n|t:|1771245751\n|switch|p1a: Banette|Banette, L93, M|140/270\n|move|p2a: Registeel|Iron Head|p1a: Banette\n|-damage|p1a: Banette|64/270\n|\n|upkeep\n|turn|30\n|\n|t:|1771245758\n|move|p1a: Banette|Shadow Sneak|p2a: Registeel\n|-damage|p2a: Registeel|149/262 par\n|-damage|p1a: Banette|37/270|[from] item: Life Orb\n|move|p2a: Registeel|Iron Head|p1a: Banette\n|-damage|p1a: Banette|0 fnt\n|faint|p1a: Banette\n|\n|upkeep\n|\n|t:|1771245761\n|switch|p1a: Azelf|Azelf, L82|13/257\n|turn|31\n|\n|t:|1771245765\n|switch|p2a: Kingdra|Kingdra, L84, M|263/263\n|move|p1a: Azelf|Fire Blast|p2a: Kingdra|[miss]\n|-miss|p1a: Azelf|p2a: Kingdra\n|\n|upkeep\n|turn|32\n|\n|t:|1771245772\n|switch|p1a: Lurantis|Lurantis, L87, F|264/264\n|move|p2a: Kingdra|Rain Dance|p2a: Kingdra\n|-weather|RainDance\n|\n|-weather|RainDance|[upkeep]\n|upkeep\n|turn|33\n|\n|t:|1771245794\n|switch|p1a: Greninja|Greninja, L80, M|183/246\n|move|p2a: Kingdra|Hurricane|p1a: Greninja\n|-damage|p1a: Greninja|69/246\n|-damage|p2a: Kingdra|237/263|[from] item: Life Orb\n|\n|-weather|RainDance|[upkeep]\n|upkeep\n|turn|34\n|\n|t:|1771245803\n|move|p2a: Kingdra|Hurricane|p1a: Greninja\n|-crit|p1a: Greninja\n|-damage|p1a: Greninja|0 fnt\n|faint|p1a: Greninja\n|-damage|p2a: Kingdra|211/263|[from] item: Life Orb\n|\n|-weather|RainDance|[upkeep]\n|upkeep\n|\n|t:|1771245814\n|switch|p1a: Medicham|Medicham, L86, M, tera:Fighting|243/243\n|turn|35\n|\n|t:|1771245818\n|move|p2a: Kingdra|Hurricane|p1a: Medicham\n|-supereffective|p1a: Medicham\n|-damage|p1a: Medicham|32/243\n|-start|p1a: Medicham|confusion\n|-damage|p2a: Kingdra|185/263|[from] item: Life Orb\n|-activate|p1a: Medicham|confusion\n|move|p1a: Medicham|Zen Headbutt|p2a: Kingdra|[miss]\n|-miss|p1a: Medicham|p2a: Kingdra\n|\n|-weather|RainDance|[upkeep]\n|upkeep\n|turn|36\n|\n|t:|1771245823\n|move|p2a: Kingdra|Hurricane|p1a: Medicham\n|-supereffective|p1a: Medicham\n|-damage|p1a: Medicham|0 fnt\n|faint|p1a: Medicham\n|-damage|p2a: Kingdra|159/263|[from] item: Life Orb\n|\n|-weather|none\n|upkeep\n|\n|t:|1771245826\n|switch|p1a: Lurantis|Lurantis, L87, F|264/264\n|turn|37\n|\n|t:|1771245831\n|move|p2a: Kingdra|Rain Dance|p2a: Kingdra\n|-weather|RainDance\n|move|p1a: Lurantis|Leaf Storm|p2a: Kingdra\n|-damage|p2a: Kingdra|47/263\n|-boost|p1a: Lurantis|spa|2\n|\n|-weather|RainDance|[upkeep]\n|upkeep\n|turn|38\n|\n|t:|1771245838\n|move|p2a: Kingdra|Hurricane|p1a: Lurantis\n|-supereffective|p1a: Lurantis\n|-damage|p1a: Lurantis|64/264\n|-start|p1a: Lurantis|confusion\n|-damage|p2a: Kingdra|21/263|[from] item: Life Orb\n|-activate|p1a: Lurantis|confusion\n|move|p1a: Lurantis|Leaf Storm|p2a: Kingdra\n|-damage|p2a: Kingdra|0 fnt\n|-boost|p1a: Lurantis|spa|2\n|faint|p2a: Kingdra\n|\n|-weather|RainDance|[upkeep]\n|-heal|p1a: Lurantis|80/264|[from] item: Leftovers\n|upkeep\n|\n|t:|1771245842\n|switch|p2a: Sneasler|Sneasler, L74, M|240/240\n|turn|39\n|\n|t:|1771245847\n|move|p2a: Sneasler|Dire Claw|p1a: Lurantis\n|-supereffective|p1a: Lurantis\n|-damage|p1a: Lurantis|0 fnt\n|faint|p1a: Lurantis\n|\n|-weather|RainDance|[upkeep]\n|upkeep\n|\n|t:|1771245850\n|switch|p1a: Azelf|Azelf, L82|13/257\n|turn|40\n|\n|t:|1771245854\n|-terastallize|p2a: Sneasler|Dark\n|move|p1a: Azelf|Psychic|p2a: Sneasler\n|-immune|p2a: Sneasler\n|move|p2a: Sneasler|Dire Claw|p1a: Azelf\n|-damage|p1a: Azelf|0 fnt\n|faint|p1a: Azelf\n|\n|win|Micael Lopes\n|raw|Tomcahu's rating: 1862 &rarr; <strong>1844</strong><br />(-18 for losing)\n|raw|Micael Lopes's rating: 1893 &rarr; <strong>1911</strong><br />(+18 for winning)\n|c|☆Micael Lopes|**__Sexy game.__**\n|l|☆Tomcahu\n|player|p1|\n", "inputlog": ">version 686819e5e19f8a7fd2345cfc5a08a5085efa2cc3\n>start {\"formatid\":\"gen9randombattle\",\"seed\":\"sodium,94e32c063511040b2c5dece85fbe89de\",\"rated\":\"Rated battle\"}\n>player p1 {\"name\":\"Tomcahu\",\"avatar\":\"265\",\"rating\":1862,\"seed\":\"sodium,f6f678311b05226b1da400cb92a73458\"}\n>player p2 {\"name\":\"Micael Lopes\",\"avatar\":\"benga\",\"rating\":1893,\"seed\":\"sodium,551cbb642286e0f4bea38c03cdde5672\"}\n>p1 move poltergeist\n>p2 move irondefense\n>p1 move poltergeist\n>p2 move rest\n>p1 switch 6\n>p2 move ironhead\n>p1 move fireblast\n>p2 switch 3\n>p1 switch 3\n>p2 move scald\n>p1 switch 3\n>p2 move earthquake\n>p1 move uturn\n>p2 switch 4\n>p1 switch 2\n>p1 move icepunch\n>p2 move protect\n>p1 move icepunch\n>p2 move leechseed\n>p2 switch 3\n>p1 switch 2\n>p2 move ironhead\n>p1 move fireblast\n>p2 switch 4\n>p1 switch 3\n>p2 move scald\n>p1 move playrough\n>p2 switch 4\n>p1 move playrough\n>p2 move ironhead\n>p1 switch 3\n>p2 move irondefense\n>p1 move fireblast\n>p2 switch 4\n>p1 switch 3\n>p2 move dracometeor\n>p1 move playrough\n>p2 switch 4\n>p1 move playrough\n>p2 move ironhead\n>p1 switch 2\n>p1 move closecombat terastallize\n>p2 switch 2\n>p1 switch 5\n>p2 move shadowball\n>p1 move gunkshot\n>p2 switch 4\n>p1 switch 6\n>p2 move scald\n>p1 move poltergeist\n>p2 switch 2\n>p1 move thunderwave\n>p2 move bodypress\n>p1 switch 3\n>p2 move ironhead\n>p1 move uturn\n>p2 switch 2\n>p1 switch 5\n>p1 move zenheadbutt\n>p2 move scald\n>p2 switch 2\n>p1 switch 3\n>p2 move ironhead\n>p1 move shadowsneak\n>p2 move ironhead\n>p1 switch 5\n>p1 move fireblast\n>p2 switch 5\n>p1 switch 4\n>p2 move raindance\n>p1 switch 6\n>p2 move hurricane\n>p1 move darkpulse\n>p2 move hurricane\n>p1 switch 3\n>p1 move zenheadbutt\n>p2 move hurricane\n>p1 move zenheadbutt\n>p2 move hurricane\n>p1 switch 6\n>p1 move leafstorm\n>p2 move raindance\n>p1 move leafstorm\n>p2 move hurricane\n>p2 switch 6\n>p1 move leafstorm\n>p2 move direclaw\n>p1 switch 4\n>p1 move psychic\n>p2 move direclaw terastallize", "uploadtime": 1771245864, "views": 9, "formatid": "gen9randombattle", "rating": 1844, "private": 0, "password": null}