{"id": "gen9randombattle-2540054350", "format": "[Gen 9] Random Battle", "players": ["Tidiv", "AlIoutdragadarts"], "log": "|j|☆Tidiv\n|j|☆AlIoutdragadarts\n|t:|1771153350\n|gametype|singles\n|player|p1|Tidiv|266|2076\n|player|p2|AlIoutdragadarts|schoolkid|2163\n|gen|9\n|tier|[Gen 9] Random Battle\n|rated|\n|rule|Species Clause: Limit one of each Pokémon\n|rule|HP Percentage Mod: HP is shown in percentages\n|rule|Sleep Clause Mod: Limit one foe put to sleep\n|rule|Illusion Level Mod: Illusion disguises the Pokémon's true level\n|\n|t:|1771153350\n|teamsize|p1|6\n|teamsize|p2|6\n|start\n|switch|p1a: Terrakion|Terrakion, L79|273/273\n|switch|p2a: Jumpluff|Jumpluff, L87, M|271/271\n|turn|1\n|inactive|Battle timer is ON: inactive players will automatically lose when time's up. (requested by Tidiv)\n|j| eugostomtdon\n|\n|t:|1771153374\n|move|p2a: Jumpluff|Substitute|p2a: Jumpluff\n|-start|p2a: Jumpluff|Substitute\n|-damage|p2a: Jumpluff|204/271\n|move|p1a: Terrakion|Stone Edge|p2a: Jumpluff\n|-supereffective|p2a: Jumpluff\n|-end|p2a: Jumpluff|Substitute\n|\n|upkeep\n|turn|2\n|\n|t:|1771153390\n|switch|p1a: Primarina|Primarina, L83, F|268/268\n|move|p2a: Jumpluff|Substitute|p2a: Jumpluff\n|-start|p2a: Jumpluff|Substitute\n|-damage|p2a: Jumpluff|137/271\n|\n|upkeep\n|turn|3\n|\n|t:|1771153396\n|move|p2a: Jumpluff|Leech Seed|p1a: Primarina|[miss]\n|-miss|p2a: Jumpluff|p1a: Primarina\n|move|p1a: Primarina|Psychic Noise|p2a: Jumpluff\n|-resisted|p2a: Jumpluff\n|-damage|p2a: Jumpluff|89/271\n|-start|p2a: Jumpluff|move: Heal Block\n|\n|upkeep\n|turn|4\n|\n|t:|1771153401\n|move|p2a: Jumpluff|Leech Seed|p1a: Primarina\n|-start|p1a: Primarina|move: Leech Seed\n|move|p1a: Primarina|Psychic Noise|p2a: Jumpluff\n|-resisted|p2a: Jumpluff\n|-damage|p2a: Jumpluff|45/271\n|\n|-damage|p1a: Primarina|235/268|[from] Leech Seed|[of] p2a: Jumpluff\n|-end|p2a: Jumpluff|move: Heal Block\n|upkeep\n|turn|5\n|l| eugostomtdon\n|\n|t:|1771153408\n|move|p2a: Jumpluff|Strength Sap|p1a: Primarina\n|-unboost|p1a: Primarina|atk|1\n|-heal|p2a: Jumpluff|172/271\n|move|p1a: Primarina|Psychic Noise|p2a: Jumpluff\n|-resisted|p2a: Jumpluff\n|-damage|p2a: Jumpluff|130/271\n|-start|p2a: Jumpluff|move: Heal Block\n|\n|-heal|p1a: Primarina|251/268|[from] item: Leftovers\n|-damage|p1a: Primarina|218/268|[from] Leech Seed|[of] p2a: Jumpluff\n|upkeep\n|turn|6\n|j| ezgamer15\n|\n|t:|1771153413\n|move|p2a: Jumpluff|Acrobatics|p1a: Primarina\n|-damage|p1a: Primarina|131/268\n|move|p1a: Primarina|Psychic Noise|p2a: Jumpluff\n|-resisted|p2a: Jumpluff\n|-damage|p2a: Jumpluff|84/271\n|\n|-heal|p1a: Primarina|147/268|[from] item: Leftovers\n|-damage|p1a: Primarina|114/268|[from] Leech Seed|[of] p2a: Jumpluff\n|-end|p2a: Jumpluff|move: Heal Block\n|upkeep\n|turn|7\n|\n|t:|1771153427\n|move|p2a: Jumpluff|Strength Sap|p1a: Primarina\n|-unboost|p1a: Primarina|atk|1\n|-heal|p2a: Jumpluff|168/271\n|move|p1a: Primarina|Draining Kiss|p2a: Jumpluff\n|-activate|p2a: Jumpluff|move: Substitute|[damage]\n|-heal|p1a: Primarina|162/268|[from] drain|[of] p2a: Jumpluff\n|\n|-heal|p1a: Primarina|178/268|[from] item: Leftovers\n|-damage|p1a: Primarina|145/268|[from] Leech Seed|[of] p2a: Jumpluff\n|-heal|p2a: Jumpluff|201/271|[silent]\n|upkeep\n|turn|8\n|\n|t:|1771153432\n|move|p2a: Jumpluff|Acrobatics|p1a: Primarina\n|-damage|p1a: Primarina|48/268\n|move|p1a: Primarina|Draining Kiss|p2a: Jumpluff\n|-end|p2a: Jumpluff|Substitute\n|-heal|p1a: Primarina|51/268|[from] drain|[of] p2a: Jumpluff\n|\n|-heal|p1a: Primarina|67/268|[from] item: Leftovers\n|-damage|p1a: Primarina|34/268|[from] Leech Seed|[of] p2a: Jumpluff\n|-heal|p2a: Jumpluff|234/271|[silent]\n|upkeep\n|turn|9\n|\n|t:|1771153436\n|move|p2a: Jumpluff|Substitute|p2a: Jumpluff\n|-start|p2a: Jumpluff|Substitute\n|-damage|p2a: Jumpluff|167/271\n|move|p1a: Primarina|Psychic Noise|p2a: Jumpluff\n|-resisted|p2a: Jumpluff\n|-damage|p2a: Jumpluff|126/271\n|-start|p2a: Jumpluff|move: Heal Block\n|\n|-heal|p1a: Primarina|50/268|[from] item: Leftovers\n|-damage|p1a: Primarina|17/268|[from] Leech Seed|[of] p2a: Jumpluff\n|upkeep\n|turn|10\n|\n|t:|1771153442\n|move|p2a: Jumpluff|Acrobatics|p1a: Primarina\n|-damage|p1a: Primarina|0 fnt\n|faint|p1a: Primarina\n|\n|-end|p2a: Jumpluff|move: Heal Block\n|upkeep\n|\n|t:|1771153448\n|switch|p1a: Sunflora|Sunflora, F|312/312\n|turn|11\n|\n|t:|1771153452\n|move|p2a: Jumpluff|Acrobatics|p1a: Sunflora\n|-supereffective|p1a: Sunflora\n|-damage|p1a: Sunflora|106/312\n|move|p1a: Sunflora|Sludge Bomb|p2a: Jumpluff\n|-supereffective|p2a: Jumpluff\n|-end|p2a: Jumpluff|Substitute\n|\n|upkeep\n|turn|12\n|\n|t:|1771153456\n|move|p2a: Jumpluff|Acrobatics|p1a: Sunflora\n|-supereffective|p1a: Sunflora\n|-damage|p1a: Sunflora|0 fnt\n|faint|p1a: Sunflora\n|\n|upkeep\n|\n|t:|1771153462\n|switch|p1a: Giratina|Giratina-Origin, L72|335/335\n|turn|13\n|\n|t:|1771153472\n|move|p1a: Giratina|Shadow Sneak|p2a: Jumpluff\n|-damage|p2a: Jumpluff|77/271\n|move|p2a: Jumpluff|Strength Sap|p1a: Giratina\n|-unboost|p1a: Giratina|atk|1\n|-heal|p2a: Jumpluff|271/271\n|\n|upkeep\n|turn|14\n|\n|t:|1771153486\n|move|p2a: Jumpluff|Substitute|p2a: Jumpluff\n|-start|p2a: Jumpluff|Substitute\n|-damage|p2a: Jumpluff|204/271\n|move|p1a: Giratina|Poltergeist||[still]\n|-fail|p1a: Giratina\n|\n|upkeep\n|turn|15\n|-message|Tidiv forfeited.\n|\n|win|AlIoutdragadarts\n|raw|Tidiv's rating: 2076 &rarr; <strong>2061</strong><br />(-15 for losing)\n|raw|AlIoutdragadarts's rating: 2163 &rarr; <strong>2178</strong><br />(+15 for winning)\n|l|☆Tidiv\n|player|p1|\n|l| ezgamer15\n", "inputlog": ">version 686819e5e19f8a7fd2345cfc5a08a5085efa2cc3\n>start {\"formatid\":\"gen9randombattle\",\"seed\":\"sodium,fd78f4785e0bc68f87e3aea0f53f47a9\",\"rated\":\"Rated battle\"}\n>player p1 {\"name\":\"Tidiv\",\"avatar\":\"266\",\"rating\":2076,\"seed\":\"sodium,9719e4adaccc017fed5d52ece7d623fd\"}\n>player p2 {\"name\":\"AlIoutdragadarts\",\"avatar\":\"schoolkid\",\"rating\":2163,\"seed\":\"sodium,fb90efe97ed838f899c42f5ff0d986d9\"}\n>p1 move stoneedge\n>p2 move substitute\n>p1 switch 3\n>p2 move substitute\n>p1 move psychicnoise\n>p2 move leechseed\n>p1 move psychicnoise\n>p2 move leechseed\n>p1 move psychicnoise\n>p2 move strengthsap\n>p1 move psychicnoise\n>p2 move acrobatics\n>p1 move drainingkiss\n>p2 move strengthsap\n>p1 move drainingkiss\n>p2 move acrobatics\n>p1 move psychicnoise\n>p2 move substitute\n>p1 move drainingkiss\n>p2 move acrobatics\n>p1 switch 2\n>p1 move sludgebomb\n>p2 move acrobatics\n>p1 move sludgebomb\n>p2 move acrobatics\n>p1 switch 4\n>p1 move shadowsneak\n>p2 move strengthsap\n>p1 move poltergeist\n>p2 move substitute\n>forcelose p1", "uploadtime": 1771153498, "views": 15, "formatid": "gen9randombattle", "rating": 2061, "private": 0, "password": null}