{"id": "gen9randombattle-2540806676", "format": "[Gen 9] Random Battle", "players": ["RamRanchResident", "crazygreenyt7"], "log": "|j|☆RamRanchResident\n|j|☆crazygreenyt7\n|t:|1771256024\n|gametype|singles\n|player|p1|RamRanchResident|rancher|1659\n|player|p2|crazygreenyt7|aetherfoundation2|1709\n|gen|9\n|tier|[Gen 9] Random Battle\n|rated|\n|rule|Species Clause: Limit one of each Pokémon\n|rule|HP Percentage Mod: HP is shown in percentages\n|rule|Sleep Clause Mod: Limit one foe put to sleep\n|rule|Illusion Level Mod: Illusion disguises the Pokémon's true level\n|\n|t:|1771256024\n|teamsize|p1|6\n|teamsize|p2|6\n|start\n|switch|p1a: Forretress|Forretress, L84, M|263/263\n|switch|p2a: Garganacl|Garganacl, L80, M|291/291\n|turn|1\n|inactive|Battle timer is ON: inactive players will automatically lose when time's up. (requested by crazygreenyt7)\n|\n|t:|1771256035\n|move|p1a: Forretress|Stealth Rock|p2a: Garganacl\n|-sidestart|p2: crazygreenyt7|move: Stealth Rock\n|move|p2a: Garganacl|Salt Cure|p1a: Forretress\n|-damage|p1a: Forretress|233/263\n|-start|p1a: Forretress|Salt Cure\n|\n|-heal|p1a: Forretress|249/263|[from] item: Leftovers\n|-damage|p1a: Forretress|184/263|[from] Salt Cure\n|upkeep\n|turn|2\n|\n|t:|1771256039\n|move|p1a: Forretress|Iron Head|p2a: Garganacl\n|-supereffective|p2a: Garganacl\n|-damage|p2a: Garganacl|163/291\n|cant|p2a: Garganacl|flinch\n|\n|-heal|p1a: Forretress|200/263|[from] item: Leftovers\n|-heal|p2a: Garganacl|181/291|[from] item: Leftovers\n|-damage|p1a: Forretress|135/263|[from] Salt Cure\n|upkeep\n|turn|3\n|\n|t:|1771256045\n|move|p1a: Forretress|Iron Head|p2a: Garganacl\n|-supereffective|p2a: Garganacl\n|-damage|p2a: Garganacl|61/291\n|move|p2a: Garganacl|Recover|p2a: Garganacl\n|-heal|p2a: Garganacl|207/291\n|\n|-heal|p1a: Forretress|151/263|[from] item: Leftovers\n|-heal|p2a: Garganacl|225/291|[from] item: Leftovers\n|-damage|p1a: Forretress|86/263|[from] Salt Cure\n|upkeep\n|turn|4\n|\n|t:|1771256052\n|switch|p1a: Dusknoir|Dusknoir, L89, M|225/225\n|-item|p2a: Garganacl|Leftovers|[from] ability: Frisk|[of] p1a: Dusknoir\n|move|p2a: Garganacl|Recover|p2a: Garganacl\n|-heal|p2a: Garganacl|291/291\n|\n|upkeep\n|turn|5\n|\n|t:|1771256060\n|move|p1a: Dusknoir|Substitute|p1a: Dusknoir\n|-start|p1a: Dusknoir|Substitute\n|-damage|p1a: Dusknoir|169/225\n|move|p2a: Garganacl|Salt Cure|p1a: Dusknoir\n|-activate|p1a: Dusknoir|move: Substitute|[damage]\n|\n|-heal|p1a: Dusknoir|183/225|[from] item: Leftovers\n|upkeep\n|turn|6\n|\n|t:|1771256067\n|switch|p2a: Sableye|Sableye, L88, F|231/231\n|-damage|p2a: Sableye|203/231|[from] Stealth Rock\n|-singleturn|p1a: Dusknoir|move: Focus Punch\n|move|p1a: Dusknoir|Focus Punch|p2a: Sableye\n|-immune|p2a: Sableye\n|\n|-heal|p2a: Sableye|217/231|[from] item: Leftovers\n|-heal|p1a: Dusknoir|197/225|[from] item: Leftovers\n|upkeep\n|turn|7\n|\n|t:|1771256076\n|switch|p1a: Pincurchin|Pincurchin, M|258/258\n|-fieldstart|move: Electric Terrain|[from] ability: Electric Surge|[of] p1a: Pincurchin\n|move|p2a: Sableye|Encore||[still]\n|-fail|p2a: Sableye\n|\n|-heal|p2a: Sableye|231/231|[from] item: Leftovers\n|upkeep\n|turn|8\n|\n|t:|1771256083\n|move|p2a: Sableye|Will-O-Wisp|p1a: Pincurchin\n|-status|p1a: Pincurchin|brn\n|move|p1a: Pincurchin|Discharge|p2a: Sableye\n|-damage|p2a: Sableye|42/231\n|-status|p2a: Sableye|par\n|\n|-heal|p2a: Sableye|56/231 par|[from] item: Leftovers\n|-damage|p1a: Pincurchin|242/258 brn|[from] brn\n|upkeep\n|turn|9\n|\n|t:|1771256093\n|switch|p2a: Goodra|Goodra, L85, F|292/292\n|-damage|p2a: Goodra|256/292|[from] Stealth Rock\n|move|p1a: Pincurchin|Discharge|p2a: Goodra\n|-resisted|p2a: Goodra\n|-damage|p2a: Goodra|224/292\n|\n|-heal|p1a: Pincurchin|258/258 brn|[from] item: Leftovers\n|-damage|p1a: Pincurchin|242/258 brn|[from] brn\n|upkeep\n|turn|10\n|\n|t:|1771256101\n|switch|p1a: Forretress|Forretress, L84, M|86/263\n|move|p2a: Goodra|Earthquake|p1a: Forretress\n|-damage|p1a: Forretress|29/263\n|\n|-heal|p1a: Forretress|45/263|[from] item: Leftovers\n|upkeep\n|turn|11\n|\n|t:|1771256108\n|move|p2a: Goodra|Scald|p1a: Forretress\n|-damage|p1a: Forretress|0 fnt\n|faint|p1a: Forretress\n|\n|-fieldend|move: Electric Terrain\n|upkeep\n|\n|t:|1771256116\n|switch|p1a: Dusknoir|Dusknoir, L89, M|197/225\n|-item|p2a: Goodra|Assault Vest|[from] ability: Frisk|[of] p1a: Dusknoir\n|turn|12\n|\n|t:|1771256128\n|move|p2a: Goodra|Draco Meteor|p1a: Dusknoir\n|-damage|p1a: Dusknoir|85/225\n|-unboost|p2a: Goodra|spa|2\n|move|p1a: Dusknoir|Substitute|p1a: Dusknoir\n|-start|p1a: Dusknoir|Substitute\n|-damage|p1a: Dusknoir|29/225\n|\n|-heal|p1a: Dusknoir|43/225|[from] item: Leftovers\n|upkeep\n|turn|13\n|\n|t:|1771256139\n|switch|p2a: Weezing|Weezing, L88, M|258/258\n|-damage|p2a: Weezing|226/258|[from] Stealth Rock\n|move|p1a: Dusknoir|Poltergeist|p2a: Weezing\n|-activate|p2a: Weezing|move: Poltergeist|Leftovers\n|-damage|p2a: Weezing|126/258\n|\n|-heal|p2a: Weezing|142/258|[from] item: Leftovers\n|-heal|p1a: Dusknoir|57/225|[from] item: Leftovers\n|upkeep\n|turn|14\n|\n|t:|1771256157\n|move|p2a: Weezing|Fire Blast|p1a: Dusknoir|[miss]\n|-miss|p2a: Weezing|p1a: Dusknoir\n|move|p1a: Dusknoir|Pain Split|p2a: Weezing\n|-sethp|p2a: Weezing|99/258|[from] move: Pain Split|[silent]\n|-sethp|p1a: Dusknoir|99/225|[from] move: Pain Split\n|\n|-heal|p2a: Weezing|115/258|[from] item: Leftovers\n|-heal|p1a: Dusknoir|113/225|[from] item: Leftovers\n|upkeep\n|turn|15\n|\n|t:|1771256161\n|move|p2a: Weezing|Toxic Spikes|p1a: Dusknoir\n|-sidestart|p1: RamRanchResident|move: Toxic Spikes\n|move|p1a: Dusknoir|Poltergeist|p2a: Weezing\n|-activate|p2a: Weezing|move: Poltergeist|Leftovers\n|-damage|p2a: Weezing|21/258\n|\n|-heal|p2a: Weezing|37/258|[from] item: Leftovers\n|-heal|p1a: Dusknoir|127/225|[from] item: Leftovers\n|upkeep\n|turn|16\n|\n|t:|1771256166\n|move|p2a: Weezing|Pain Split||[still]\n|-fail|p2a: Weezing\n|move|p1a: Dusknoir|Poltergeist|p2a: Weezing\n|-activate|p2a: Weezing|move: Poltergeist|Leftovers\n|-damage|p2a: Weezing|0 fnt\n|faint|p2a: Weezing\n|\n|-heal|p1a: Dusknoir|141/225|[from] item: Leftovers\n|upkeep\n|\n|t:|1771256174\n|switch|p2a: Forretress|Forretress, L84, M|263/263\n|-damage|p2a: Forretress|231/263|[from] Stealth Rock\n|turn|17\n|\n|t:|1771256179\n|move|p1a: Dusknoir|Pain Split|p2a: Forretress\n|-sethp|p2a: Forretress|186/263|[from] move: Pain Split|[silent]\n|-sethp|p1a: Dusknoir|186/225|[from] move: Pain Split\n|move|p2a: Forretress|Iron Head|p1a: Dusknoir\n|-activate|p1a: Dusknoir|move: Substitute|[damage]\n|\n|-heal|p1a: Dusknoir|200/225|[from] item: Leftovers\n|-heal|p2a: Forretress|202/263|[from] item: Leftovers\n|upkeep\n|turn|18\n|\n|t:|1771256186\n|move|p1a: Dusknoir|Poltergeist|p2a: Forretress\n|-activate|p2a: Forretress|move: Poltergeist|Leftovers\n|-damage|p2a: Forretress|102/263\n|move|p2a: Forretress|Iron Head|p1a: Dusknoir\n|-end|p1a: Dusknoir|Substitute\n|\n|-heal|p1a: Dusknoir|214/225|[from] item: Leftovers\n|-heal|p2a: Forretress|118/263|[from] item: Leftovers\n|upkeep\n|turn|19\n|\n|t:|1771256190\n|move|p1a: Dusknoir|Substitute|p1a: Dusknoir\n|-start|p1a: Dusknoir|Substitute\n|-damage|p1a: Dusknoir|158/225\n|move|p2a: Forretress|Spikes|p1a: Dusknoir\n|-sidestart|p1: RamRanchResident|Spikes\n|\n|-heal|p1a: Dusknoir|172/225|[from] item: Leftovers\n|-heal|p2a: Forretress|134/263|[from] item: Leftovers\n|upkeep\n|turn|20\n|\n|t:|1771256196\n|move|p1a: Dusknoir|Poltergeist|p2a: Forretress\n|-activate|p2a: Forretress|move: Poltergeist|Leftovers\n|-damage|p2a: Forretress|47/263\n|move|p2a: Forretress|Spikes|p1a: Dusknoir\n|-sidestart|p1: RamRanchResident|Spikes\n|\n|-heal|p1a: Dusknoir|186/225|[from] item: Leftovers\n|-heal|p2a: Forretress|63/263|[from] item: Leftovers\n|upkeep\n|turn|21\n|\n|t:|1771256200\n|move|p1a: Dusknoir|Poltergeist|p2a: Forretress\n|-activate|p2a: Forretress|move: Poltergeist|Leftovers\n|-damage|p2a: Forretress|0 fnt\n|faint|p2a: Forretress\n|\n|-heal|p1a: Dusknoir|200/225|[from] item: Leftovers\n|upkeep\n|\n|t:|1771256225\n|switch|p2a: Goodra|Goodra, L85, F|224/292\n|-damage|p2a: Goodra|188/292|[from] Stealth Rock\n|turn|22\n|\n|t:|1771256234\n|move|p2a: Goodra|Draco Meteor|p1a: Dusknoir\n|-end|p1a: Dusknoir|Substitute\n|-unboost|p2a: Goodra|spa|2\n|move|p1a: Dusknoir|Poltergeist|p2a: Goodra|[miss]\n|-miss|p1a: Dusknoir|p2a: Goodra\n|\n|-heal|p1a: Dusknoir|214/225|[from] item: Leftovers\n|upkeep\n|turn|23\n|\n|t:|1771256245\n|switch|p2a: Sableye|Sableye, L88, F|56/231 par\n|-damage|p2a: Sableye|28/231 par|[from] Stealth Rock\n|move|p1a: Dusknoir|Poltergeist|p2a: Sableye\n|-activate|p2a: Sableye|move: Poltergeist|Leftovers\n|-damage|p2a: Sableye|0 fnt\n|faint|p2a: Sableye\n|\n|-heal|p1a: Dusknoir|225/225|[from] item: Leftovers\n|upkeep\n|\n|t:|1771256253\n|switch|p2a: Salamence|Salamence, L77, F|273/273\n|turn|24\n|\n|t:|1771256279\n|switch|p1a: Pincurchin|Pincurchin, M|242/258 brn\n|-damage|p1a: Pincurchin|199/258 brn|[from] Spikes\n|-fieldstart|move: Electric Terrain|[from] ability: Electric Surge|[of] p1a: Pincurchin\n|move|p2a: Salamence|Earthquake|p1a: Pincurchin\n|-supereffective|p1a: Pincurchin\n|-damage|p1a: Pincurchin|75/258 brn\n|\n|-heal|p1a: Pincurchin|91/258 brn|[from] item: Leftovers\n|-damage|p1a: Pincurchin|75/258 brn|[from] brn\n|upkeep\n|turn|25\n|\n|t:|1771256289\n|switch|p1a: Dragonite|Dragonite, L74, M|257/257\n|move|p2a: Salamence|Earthquake|p1a: Dragonite\n|-immune|p1a: Dragonite\n|\n|upkeep\n|turn|26\n|\n|t:|1771256301\n|switch|p2a: Garganacl|Garganacl, L80, M|291/291\n|-damage|p2a: Garganacl|255/291|[from] Stealth Rock\n|-terastallize|p1a: Dragonite|Ground\n|move|p1a: Dragonite|Dragon Dance|p1a: Dragonite\n|-boost|p1a: Dragonite|atk|1\n|-boost|p1a: Dragonite|spe|1\n|\n|-heal|p2a: Garganacl|273/291|[from] item: Leftovers\n|upkeep\n|turn|27\n|\n|t:|1771256316\n|-terastallize|p2a: Garganacl|Ghost\n|move|p1a: Dragonite|Earthquake|p2a: Garganacl\n|-damage|p2a: Garganacl|155/291\n|move|p2a: Garganacl|Salt Cure|p1a: Dragonite\n|-resisted|p1a: Dragonite\n|-damage|p1a: Dragonite|246/257\n|-start|p1a: Dragonite|Salt Cure\n|\n|-heal|p2a: Garganacl|173/291|[from] item: Leftovers\n|-damage|p1a: Dragonite|214/257|[from] Salt Cure\n|upkeep\n|turn|28\n|\n|t:|1771256322\n|move|p1a: Dragonite|Dragon Dance|p1a: Dragonite\n|-boost|p1a: Dragonite|atk|1\n|-boost|p1a: Dragonite|spe|1\n|move|p2a: Garganacl|Recover|p2a: Garganacl\n|-heal|p2a: Garganacl|291/291\n|\n|-damage|p1a: Dragonite|182/257|[from] Salt Cure\n|-fieldend|move: Electric Terrain\n|upkeep\n|turn|29\n|\n|t:|1771256332\n|move|p1a: Dragonite|Dragon Dance|p1a: Dragonite\n|-boost|p1a: Dragonite|atk|1\n|-boost|p1a: Dragonite|spe|1\n|move|p2a: Garganacl|Earthquake|p1a: Dragonite\n|-damage|p1a: Dragonite|111/257\n|\n|-damage|p1a: Dragonite|79/257|[from] Salt Cure\n|upkeep\n|turn|30\n|\n|t:|1771256339\n|move|p1a: Dragonite|Roost|p1a: Dragonite\n|-heal|p1a: Dragonite|208/257\n|move|p2a: Garganacl|Earthquake|p1a: Dragonite\n|-damage|p1a: Dragonite|138/257\n|\n|-damage|p1a: Dragonite|106/257|[from] Salt Cure\n|upkeep\n|turn|31\n|\n|t:|1771256343\n|move|p1a: Dragonite|Roost|p1a: Dragonite\n|-heal|p1a: Dragonite|235/257\n|move|p2a: Garganacl|Earthquake|p1a: Dragonite\n|-damage|p1a: Dragonite|157/257\n|\n|-damage|p1a: Dragonite|125/257|[from] Salt Cure\n|upkeep\n|turn|32\n|\n|t:|1771256345\n|move|p1a: Dragonite|Roost|p1a: Dragonite\n|-heal|p1a: Dragonite|254/257\n|move|p2a: Garganacl|Earthquake|p1a: Dragonite\n|-damage|p1a: Dragonite|176/257\n|\n|-damage|p1a: Dragonite|144/257|[from] Salt Cure\n|upkeep\n|turn|33\n|\n|t:|1771256348\n|move|p1a: Dragonite|Earthquake|p2a: Garganacl\n|-damage|p2a: Garganacl|78/291\n|move|p2a: Garganacl|Earthquake|p1a: Dragonite\n|-damage|p1a: Dragonite|69/257\n|\n|-heal|p2a: Garganacl|96/291|[from] item: Leftovers\n|-damage|p1a: Dragonite|37/257|[from] Salt Cure\n|upkeep\n|turn|34\n|\n|t:|1771256355\n|move|p1a: Dragonite|Earthquake|p2a: Garganacl\n|-damage|p2a: Garganacl|0 fnt\n|faint|p2a: Garganacl\n|\n|-damage|p1a: Dragonite|5/257|[from] Salt Cure\n|upkeep\n|\n|t:|1771256363\n|switch|p2a: Goodra|Goodra, L85, F|188/292\n|-damage|p2a: Goodra|152/292|[from] Stealth Rock\n|turn|35\n|\n|t:|1771256373\n|move|p1a: Dragonite|Roost|p1a: Dragonite\n|-heal|p1a: Dragonite|134/257\n|move|p2a: Goodra|Scald|p1a: Dragonite\n|-supereffective|p1a: Dragonite\n|-damage|p1a: Dragonite|2/257\n|\n|-damage|p1a: Dragonite|0 fnt|[from] Salt Cure\n|faint|p1a: Dragonite\n|upkeep\n|c|☆crazygreenyt7|greed is crazy\n|\n|t:|1771256382\n|switch|p1a: Dusknoir|Dusknoir, L89, M|225/225\n|-status|p1a: Dusknoir|psn\n|-damage|p1a: Dusknoir|188/225 psn|[from] Spikes\n|-item|p2a: Goodra|Assault Vest|[from] ability: Frisk|[of] p1a: Dusknoir\n|turn|36\n|\n|t:|1771256394\n|-singleturn|p1a: Dusknoir|move: Focus Punch\n|move|p2a: Goodra|Draco Meteor|p1a: Dusknoir\n|-damage|p1a: Dusknoir|82/225 psn\n|-unboost|p2a: Goodra|spa|2\n|cant|p1a: Dusknoir|Focus Punch|Focus Punch\n|\n|-heal|p1a: Dusknoir|96/225 psn|[from] item: Leftovers\n|-damage|p1a: Dusknoir|68/225 psn|[from] psn\n|upkeep\n|turn|37\n|\n|t:|1771256403\n|switch|p1a: Pincurchin|Pincurchin, M|75/258 brn\n|-damage|p1a: Pincurchin|32/258 brn|[from] Spikes\n|-fieldstart|move: Electric Terrain|[from] ability: Electric Surge|[of] p1a: Pincurchin\n|move|p2a: Goodra|Earthquake|p1a: Pincurchin\n|-supereffective|p1a: Pincurchin\n|-damage|p1a: Pincurchin|0 fnt\n|faint|p1a: Pincurchin\n|\n|upkeep\n|\n|t:|1771256406\n|switch|p1a: Regidrago|Regidrago, L77|435/435\n|-status|p1a: Regidrago|psn\n|-damage|p1a: Regidrago|363/435 psn|[from] Spikes\n|turn|38\n|\n|t:|1771256419\n|move|p2a: Goodra|Draco Meteor|p1a: Regidrago\n|-supereffective|p1a: Regidrago\n|-damage|p1a: Regidrago|123/435 psn\n|-unboost|p2a: Goodra|spa|2\n|move|p1a: Regidrago|Dragon Dance|p1a: Regidrago\n|-boost|p1a: Regidrago|atk|1\n|-boost|p1a: Regidrago|spe|1\n|\n|-damage|p1a: Regidrago|69/435 psn|[from] psn\n|upkeep\n|turn|39\n|\n|t:|1771256435\n|move|p1a: Regidrago|Dragon Claw|p2a: Goodra\n|-supereffective|p2a: Goodra\n|-damage|p2a: Goodra|0 fnt\n|faint|p2a: Goodra\n|-damage|p1a: Regidrago|26/435 psn|[from] item: Life Orb\n|\n|-damage|p1a: Regidrago|0 fnt|[from] psn\n|faint|p1a: Regidrago\n|upkeep\n|\n|t:|1771256443\n|switch|p2a: Salamence|Salamence, L77, F|273/273\n|switch|p1a: Swalot|Swalot, L90, F|326/326\n|-sideend|p1: RamRanchResident|move: Toxic Spikes|[of] p1a: Swalot\n|-damage|p1a: Swalot|272/326|[from] Spikes\n|turn|40\n|\n|t:|1771256455\n|move|p2a: Salamence|Earthquake|p1a: Swalot\n|-supereffective|p1a: Swalot\n|-damage|p1a: Swalot|130/326\n|move|p1a: Swalot|Gunk Shot|p2a: Salamence\n|-damage|p2a: Salamence|141/273\n|\n|-heal|p1a: Swalot|150/326|[from] item: Leftovers\n|upkeep\n|turn|41\n|c|☆crazygreenyt7|OMG I WON\n|c|☆crazygreenyt7|GGS\n|c|☆crazygreenyt7|WOW\n|c|☆crazygreenyt7|CRAZY\n|c|☆crazygreenyt7|CRAZY\n|l|☆RamRanchResident\n|inactive|RamRanchResident disconnected and has a minute to reconnect!\n|player|p1|\n|\n|t:|1771256470\n|move|p2a: Salamence|Earthquake|p1a: Swalot\n|-supereffective|p1a: Swalot\n|-damage|p1a: Swalot|0 fnt\n|faint|p1a: Swalot\n|-ability|p2a: Salamence|Moxie|boost\n|-boost|p2a: Salamence|atk|1\n|\n|-fieldend|move: Electric Terrain\n|upkeep\n|c|☆crazygreenyt7|gg\n|inactive|RamRanchResident has 30 seconds to reconnect!\n|inactive|RamRanchResident has 20 seconds to reconnect!\n|inactive|RamRanchResident has 15 seconds to reconnect!\n|inactive|RamRanchResident has 10 seconds to reconnect!\n|inactive|RamRanchResident has 5 seconds to reconnect!\n|-message|RamRanchResident lost due to inactivity.\n|\n|win|crazygreenyt7\n|raw|RamRanchResident's rating: 1659 &rarr; <strong>1642</strong><br />(-17 for losing)\n|raw|crazygreenyt7's rating: 1709 &rarr; <strong>1726</strong><br />(+17 for winning)\n", "inputlog": ">version 686819e5e19f8a7fd2345cfc5a08a5085efa2cc3\n>start {\"formatid\":\"gen9randombattle\",\"seed\":\"sodium,1d014f995532fc213fb6f0b0751193de\",\"rated\":\"Rated battle\"}\n>player p1 {\"name\":\"RamRanchResident\",\"avatar\":\"rancher\",\"rating\":1659,\"seed\":\"sodium,fbb8bae2483628c958d193535ecac3fa\"}\n>player p2 {\"name\":\"crazygreenyt7\",\"avatar\":\"aetherfoundation2\",\"rating\":1709,\"seed\":\"sodium,04639bcf3db9d4475785122785eea635\"}\n>p1 move stealthrock\n>p2 move saltcure\n>p1 move ironhead\n>p2 move stealthrock\n>p1 move ironhead\n>p2 move recover\n>p1 switch 4\n>p2 move recover\n>p1 move substitute\n>p2 move saltcure\n>p1 move focuspunch\n>p2 switch 2\n>p1 switch 3\n>p2 move encore\n>p1 move discharge\n>p2 move willowisp\n>p1 move discharge\n>p2 switch 6\n>p1 switch 4\n>p2 move earthquake\n>p1 move ironhead\n>p2 move scald\n>p1 switch 3\n>p1 move substitute\n>p2 move dracometeor\n>p1 move poltergeist\n>p2 switch 4\n>p1 move painsplit\n>p2 move fireblast\n>p1 move poltergeist\n>p2 move toxicspikes\n>p1 move poltergeist\n>p2 move painsplit\n>p2 switch 3\n>p1 move painsplit\n>p2 move ironhead\n>p1 move poltergeist\n>p2 move ironhead\n>p1 move substitute\n>p2 move spikes\n>p1 move poltergeist\n>p2 move spikes\n>p1 move poltergeist\n>p2 move spikes\n>p2 switch 4\n>p1 move poltergeist\n>p2 move dracometeor\n>p1 move poltergeist\n>p2 switch 6\n>p2 switch 5\n>p1 switch 4\n>p2 move earthquake\n>p1 switch 2\n>p2 move earthquake\n>p1 move dragondance terastallize\n>p2 switch 2\n>p1 move earthquake\n>p2 move saltcure terastallize\n>p1 move dragondance\n>p2 move recover\n>p1 move dragondance\n>p2 move earthquake\n>p1 move roost\n>p2 move earthquake\n>p1 move roost\n>p2 move earthquake\n>p1 move roost\n>p2 move earthquake\n>p1 move earthquake\n>p2 move earthquake\n>p1 move earthquake\n>p2 move earthquake\n>p2 switch 6\n>p1 move roost\n>p2 move scald\n>chat ☆crazygreenyt7|greed is crazy\n>p1 switch 4\n>p1 move focuspunch\n>p2 move dracometeor\n>p1 switch 2\n>p2 move earthquake\n>p1 switch 6\n>p1 move dragondance\n>p2 move dracometeor\n>p1 move dragonclaw\n>p2 move earthquake\n>p1 switch 5\n>p2 switch 2\n>p1 move gunkshot\n>p2 move earthquake\n>chat ☆crazygreenyt7|OMG I WON\n>chat ☆crazygreenyt7|GGS\n>chat ☆crazygreenyt7|WOW\n>chat ☆crazygreenyt7|CRAZY\n>chat ☆crazygreenyt7|CRAZY\n>p1 move gunkshot\n>p2 move earthquake\n>chat ☆crazygreenyt7|gg\n>forcelose p1", "uploadtime": 1771256536, "views": 6, "formatid": "gen9randombattle", "rating": 1642, "private": 0, "password": null}