{"id": "gen9randombattle-2540334731", "format": "[Gen 9] Random Battle", "players": ["hiker tim", "InsideOutside0"], "log": "|j|☆hiker tim\n|j|☆InsideOutside0\n|t:|1771189973\n|gametype|singles\n|player|p1|hiker tim|hiker|1584\n|player|p2|InsideOutside0|wattson|1628\n|gen|9\n|tier|[Gen 9] Random Battle\n|rated|\n|rule|Species Clause: Limit one of each Pokémon\n|rule|HP Percentage Mod: HP is shown in percentages\n|rule|Sleep Clause Mod: Limit one foe put to sleep\n|rule|Illusion Level Mod: Illusion disguises the Pokémon's true level\n|\n|t:|1771189973\n|teamsize|p1|6\n|teamsize|p2|6\n|start\n|switch|p1a: Dodrio|Dodrio, L85, M|241/241\n|switch|p2a: Lugia|Lugia, L73|275/275\n|turn|1\n|inactive|Battle timer is ON: inactive players will automatically lose when time's up. (requested by hiker tim)\n|\n|t:|1771189989\n|move|p1a: Dodrio|Knock Off|p2a: Lugia\n|-supereffective|p2a: Lugia\n|-damage|p2a: Lugia|210/275\n|-enditem|p2a: Lugia|Heavy-Duty Boots|[from] move: Knock Off|[of] p1a: Dodrio\n|move|p2a: Lugia|Aeroblast|p1a: Dodrio\n|-crit|p1a: Dodrio\n|-damage|p1a: Dodrio|96/241\n|\n|upkeep\n|turn|2\n|\n|t:|1771189999\n|switch|p1a: Iron Hands|Iron Hands, L79|373/373\n|move|p2a: Lugia|Aeroblast|p1a: Iron Hands\n|-damage|p1a: Iron Hands|265/373\n|\n|-heal|p1a: Iron Hands|288/373|[from] item: Leftovers\n|upkeep\n|turn|3\n|\n|t:|1771190018\n|switch|p2a: Donphan|Donphan, L84, M|288/288\n|move|p1a: Iron Hands|Thunder Punch|p2a: Donphan\n|-immune|p2a: Donphan\n|\n|-heal|p1a: Iron Hands|311/373|[from] item: Leftovers\n|upkeep\n|turn|4\n|\n|t:|1771190024\n|-end|p1a: Iron Hands|Quark Drive|[silent]\n|switch|p1a: Ogerpon|Ogerpon-Wellspring, L76, F|247/247\n|move|p2a: Donphan|Ice Spinner|p1a: Ogerpon\n|-damage|p1a: Ogerpon|166/247\n|\n|upkeep\n|turn|5\n|\n|t:|1771190037\n|switch|p2a: Pelipper|Pelipper, L86, F|243/243\n|-weather|RainDance|[from] ability: Drizzle|[of] p2a: Pelipper\n|move|p1a: Ogerpon|Ivy Cudgel|p2a: Pelipper|[anim] Ivy Cudgel Water\n|-resisted|p2a: Pelipper\n|-damage|p2a: Pelipper|165/243\n|\n|-weather|RainDance|[upkeep]\n|upkeep\n|turn|6\n|\n|t:|1771190049\n|switch|p1a: Dodrio|Dodrio, L85, M|96/241\n|move|p2a: Pelipper|Knock Off|p1a: Dodrio\n|-damage|p1a: Dodrio|42/241\n|-enditem|p1a: Dodrio|Heavy-Duty Boots|[from] move: Knock Off|[of] p2a: Pelipper\n|\n|-weather|RainDance|[upkeep]\n|upkeep\n|turn|7\n|\n|t:|1771190057\n|switch|p2a: Donphan|Donphan, L84, M|288/288\n|move|p1a: Dodrio|Knock Off|p2a: Donphan\n|-damage|p2a: Donphan|231/288\n|-enditem|p2a: Donphan|Assault Vest|[from] move: Knock Off|[of] p1a: Dodrio\n|\n|-weather|RainDance|[upkeep]\n|upkeep\n|turn|8\n|\n|t:|1771190066\n|move|p2a: Donphan|Ice Shard|p1a: Dodrio\n|-supereffective|p1a: Dodrio\n|-damage|p1a: Dodrio|0 fnt\n|faint|p1a: Dodrio\n|\n|-weather|RainDance|[upkeep]\n|upkeep\n|\n|t:|1771190073\n|switch|p1a: Ogerpon|Ogerpon-Wellspring, L76, F|166/247\n|turn|9\n|\n|t:|1771190082\n|switch|p2a: Pelipper|Pelipper, L86, F|165/243\n|move|p1a: Ogerpon|Swords Dance|p1a: Ogerpon\n|-boost|p1a: Ogerpon|atk|2\n|\n|-weather|none\n|upkeep\n|turn|10\n|\n|t:|1771190089\n|move|p1a: Ogerpon|Power Whip|p2a: Pelipper\n|-damage|p2a: Pelipper|0 fnt\n|faint|p2a: Pelipper\n|\n|upkeep\n|\n|t:|1771190105\n|switch|p2a: Cetitan|Cetitan, L82, F|413/413\n|turn|11\n|\n|t:|1771190111\n|move|p1a: Ogerpon|Ivy Cudgel|p2a: Cetitan|[anim] Ivy Cudgel Water\n|-damage|p2a: Cetitan|80/413\n|move|p2a: Cetitan|Icicle Crash|p1a: Ogerpon\n|-damage|p1a: Ogerpon|0 fnt\n|faint|p1a: Ogerpon\n|\n|upkeep\n|\n|t:|1771190128\n|switch|p1a: Iron Hands|Iron Hands, L79|311/373\n|turn|12\n|\n|t:|1771190136\n|move|p2a: Cetitan|Earthquake|p1a: Iron Hands\n|-supereffective|p1a: Iron Hands\n|-damage|p1a: Iron Hands|142/373\n|-damage|p2a: Cetitan|39/413|[from] item: Life Orb\n|move|p1a: Iron Hands|Drain Punch|p2a: Cetitan\n|-supereffective|p2a: Cetitan\n|-damage|p2a: Cetitan|0 fnt\n|-heal|p1a: Iron Hands|162/373|[from] drain|[of] p2a: Cetitan\n|faint|p2a: Cetitan\n|\n|-heal|p1a: Iron Hands|185/373|[from] item: Leftovers\n|upkeep\n|\n|t:|1771190140\n|switch|p2a: Donphan|Donphan, L84, M|231/288\n|turn|13\n|\n|t:|1771190143\n|-end|p1a: Iron Hands|Quark Drive|[silent]\n|switch|p1a: Toucannon|Toucannon, L88, M|284/284\n|move|p2a: Donphan|Earthquake|p1a: Toucannon\n|-immune|p1a: Toucannon\n|\n|upkeep\n|turn|14\n|\n|t:|1771190149\n|switch|p2a: Lanturn|Lanturn, L89, M|367/367\n|move|p1a: Toucannon|Bullet Seed|p2a: Lanturn\n|-supereffective|p2a: Lanturn\n|-damage|p2a: Lanturn|301/367\n|-supereffective|p2a: Lanturn\n|-damage|p2a: Lanturn|241/367\n|-supereffective|p2a: Lanturn\n|-crit|p2a: Lanturn\n|-damage|p2a: Lanturn|159/367\n|-supereffective|p2a: Lanturn\n|-damage|p2a: Lanturn|97/367\n|-supereffective|p2a: Lanturn\n|-damage|p2a: Lanturn|35/367\n|-hitcount|p2a: Lanturn|5\n|\n|-heal|p2a: Lanturn|57/367|[from] item: Leftovers\n|upkeep\n|turn|15\n|\n|t:|1771190158\n|switch|p1a: Giratina|Giratina-Origin, L72|335/335\n|move|p2a: Lanturn|Thunderbolt|p1a: Giratina\n|-resisted|p1a: Giratina\n|-damage|p1a: Giratina|288/335\n|\n|-heal|p2a: Lanturn|79/367|[from] item: Leftovers\n|upkeep\n|turn|16\n|\n|t:|1771190168\n|move|p1a: Giratina|Poltergeist|p2a: Lanturn\n|-activate|p2a: Lanturn|move: Poltergeist|Leftovers\n|-damage|p2a: Lanturn|0 fnt\n|faint|p2a: Lanturn\n|\n|upkeep\n|\n|t:|1771190173\n|switch|p2a: Donphan|Donphan, L84, M|231/288\n|turn|17\n|\n|t:|1771190181\n|move|p1a: Giratina|Will-O-Wisp|p2a: Donphan\n|-status|p2a: Donphan|brn\n|move|p2a: Donphan|Ice Spinner|p1a: Giratina\n|-supereffective|p1a: Giratina\n|-damage|p1a: Giratina|222/335\n|\n|-damage|p2a: Donphan|213/288 brn|[from] brn\n|upkeep\n|turn|18\n|\n|t:|1771190190\n|switch|p1a: Toucannon|Toucannon, L88, M|284/284\n|move|p2a: Donphan|Ice Spinner|p1a: Toucannon\n|-supereffective|p1a: Toucannon\n|-damage|p1a: Toucannon|213/284\n|\n|-damage|p2a: Donphan|195/288 brn|[from] brn\n|upkeep\n|turn|19\n|\n|t:|1771190204\n|move|p1a: Toucannon|Boomburst|p2a: Donphan\n|-damage|p2a: Donphan|33/288 brn\n|move|p2a: Donphan|Ice Spinner|p1a: Toucannon\n|-supereffective|p1a: Toucannon\n|-damage|p1a: Toucannon|136/284\n|\n|-damage|p2a: Donphan|15/288 brn|[from] brn\n|upkeep\n|turn|20\n|\n|t:|1771190211\n|move|p2a: Donphan|Ice Shard|p1a: Toucannon\n|-supereffective|p1a: Toucannon\n|-damage|p1a: Toucannon|98/284\n|move|p1a: Toucannon|Roost|p1a: Toucannon\n|-heal|p1a: Toucannon|240/284\n|-singleturn|p1a: Toucannon|move: Roost\n|\n|-damage|p2a: Donphan|0 fnt|[from] brn\n|faint|p2a: Donphan\n|upkeep\n|\n|t:|1771190217\n|switch|p2a: Indeedee|Indeedee-F, L90, F|272/272\n|-fieldstart|move: Psychic Terrain|[from] ability: Psychic Surge|[of] p2a: Indeedee\n|turn|21\n|\n|t:|1771190230\n|-singleturn|p1a: Toucannon|move: Beak Blast\n|move|p2a: Indeedee|Psyshock|p1a: Toucannon\n|-damage|p1a: Toucannon|113/284\n|move|p1a: Toucannon|Beak Blast|p2a: Indeedee\n|-damage|p2a: Indeedee|124/272\n|\n|upkeep\n|turn|22\n|\n|t:|1771190243\n|move|p2a: Indeedee|Psyshock|p1a: Toucannon\n|-damage|p1a: Toucannon|0 fnt\n|faint|p1a: Toucannon\n|\n|upkeep\n|\n|t:|1771190245\n|switch|p1a: Camerupt|Camerupt, L91, M|275/275\n|turn|23\n|\n|t:|1771190249\n|move|p2a: Indeedee|Psyshock|p1a: Camerupt\n|-damage|p1a: Camerupt|131/275\n|move|p1a: Camerupt|Earthquake|p2a: Indeedee\n|-crit|p2a: Indeedee\n|-damage|p2a: Indeedee|0 fnt\n|faint|p2a: Indeedee\n|\n|-heal|p1a: Camerupt|148/275|[from] item: Leftovers\n|upkeep\n|\n|t:|1771190252\n|switch|p2a: Lugia|Lugia, L73|210/275\n|turn|24\n|\n|t:|1771190255\n|switch|p1a: Giratina|Giratina-Origin, L72|222/335\n|move|p2a: Lugia|Calm Mind|p2a: Lugia\n|-boost|p2a: Lugia|spa|1\n|-boost|p2a: Lugia|spd|1\n|\n|upkeep\n|turn|25\n|\n|t:|1771190268\n|move|p2a: Lugia|Calm Mind|p2a: Lugia\n|-boost|p2a: Lugia|spa|1\n|-boost|p2a: Lugia|spd|1\n|move|p1a: Giratina|Poltergeist||[still]\n|-fail|p1a: Giratina\n|\n|-fieldend|move: Psychic Terrain\n|upkeep\n|turn|26\n|\n|t:|1771190275\n|move|p1a: Giratina|Shadow Sneak|p2a: Lugia\n|-supereffective|p2a: Lugia\n|-damage|p2a: Lugia|130/275\n|move|p2a: Lugia|Calm Mind|p2a: Lugia\n|-boost|p2a: Lugia|spa|1\n|-boost|p2a: Lugia|spd|1\n|\n|upkeep\n|turn|27\n|\n|t:|1771190277\n|move|p2a: Lugia|Recover|p2a: Lugia\n|-heal|p2a: Lugia|268/275\n|move|p1a: Giratina|Poltergeist||[still]\n|-fail|p1a: Giratina\n|\n|upkeep\n|turn|28\n|-message|hiker tim forfeited.\n|\n|win|InsideOutside0\n|raw|hiker tim's rating: 1584 &rarr; <strong>1567</strong><br />(-17 for losing)\n|raw|InsideOutside0's rating: 1628 &rarr; <strong>1645</strong><br />(+17 for winning)\n|l|☆hiker tim\n|player|p1|\n", "inputlog": ">version 686819e5e19f8a7fd2345cfc5a08a5085efa2cc3\n>start {\"formatid\":\"gen9randombattle\",\"seed\":\"sodium,a13071e19994fe8e48b1d3896477323b\",\"rated\":\"Rated battle\"}\n>player p1 {\"name\":\"hiker tim\",\"avatar\":\"hiker\",\"rating\":1584,\"seed\":\"sodium,377c45e47122fa7698506795eba0dab1\"}\n>player p2 {\"name\":\"InsideOutside0\",\"avatar\":\"wattson\",\"rating\":1628,\"seed\":\"sodium,8a8ed22ebf354ffac8d8ac4a08d1e3ea\"}\n>p1 move knockoff\n>p2 move aeroblast\n>p1 switch 4\n>p2 move aeroblast\n>p1 move thunderpunch\n>p2 switch 4\n>p1 switch 2\n>p2 move icespinner\n>p1 move ivycudgel\n>p2 switch 3\n>p1 switch 4\n>p2 move knockoff\n>p1 move knockoff\n>p2 switch 3\n>p1 move doubleedge\n>p2 move iceshard\n>p1 switch 4\n>p1 move swordsdance\n>p2 switch 3\n>p1 move powerwhip\n>p2 move hurricane\n>p2 switch 6\n>p1 move ivycudgel\n>p2 move iciclecrash\n>p1 switch 2\n>p1 move drainpunch\n>p2 move earthquake\n>p2 switch 3\n>p1 switch 3\n>p2 move earthquake\n>p1 move bulletseed\n>p2 switch 5\n>p1 switch 5\n>p2 move thunderbolt\n>p1 move poltergeist\n>p2 move icebeam\n>p2 switch 5\n>p1 move willowisp\n>p2 move icespinner\n>p1 switch 5\n>p2 move icespinner\n>p1 move boomburst\n>p2 move icespinner\n>p1 move roost\n>p2 move iceshard\n>p2 switch 2\n>p1 move beakblast\n>p2 move psyshock\n>p1 move roost\n>p2 move psyshock\n>p1 switch 6\n>p1 move earthquake\n>p2 move psyshock\n>p2 switch 4\n>p1 switch 5\n>p2 move calmmind\n>p1 move poltergeist\n>p2 move calmmind\n>p1 move shadowsneak\n>p2 move calmmind\n>p1 move poltergeist\n>p2 move recover\n>forcelose p1", "uploadtime": 1771190291, "views": 19, "formatid": "gen9randombattle", "rating": 1567, "private": 0, "password": null}