{"id": "gen9randombattle-2540251366", "format": "[Gen 9] Random Battle", "players": ["Micael Lopes", "koopa003"], "log": "|j|☆Micael Lopes\n|j|☆koopa003\n|t:|1771180828\n|gametype|singles\n|player|p1|Micael Lopes|benga|1937\n|player|p2|koopa003|camper|1967\n|gen|9\n|tier|[Gen 9] Random Battle\n|rated|\n|rule|Species Clause: Limit one of each Pokémon\n|rule|HP Percentage Mod: HP is shown in percentages\n|rule|Sleep Clause Mod: Limit one foe put to sleep\n|rule|Illusion Level Mod: Illusion disguises the Pokémon's true level\n|\n|t:|1771180828\n|teamsize|p1|6\n|teamsize|p2|6\n|start\n|switch|p1a: Duraludon|Duraludon, L82, F|249/249\n|switch|p2a: Hariyama|Hariyama, L87, M|392/392\n|turn|1\n|inactive|Battle timer is ON: inactive players will automatically lose when time's up. (requested by koopa003)\n|inactive|Micael Lopes also wants the timer to be on.\n|\n|t:|1771180837\n|switch|p2a: Hypno|Hypno, L95, F|315/315\n|move|p1a: Duraludon|Draco Meteor|p2a: Hypno\n|-damage|p2a: Hypno|206/315\n|-unboost|p1a: Duraludon|spa|2\n|\n|-heal|p2a: Hypno|225/315|[from] item: Leftovers\n|upkeep\n|turn|2\n|\n|t:|1771180849\n|switch|p1a: Toedscruel|Toedscruel, L87, F|281/281\n|move|p2a: Hypno|Knock Off|p1a: Toedscruel\n|-damage|p1a: Toedscruel|191/281\n|-enditem|p1a: Toedscruel|Assault Vest|[from] move: Knock Off|[of] p2a: Hypno\n|\n|-heal|p2a: Hypno|244/315|[from] item: Leftovers\n|upkeep\n|turn|3\n|\n|t:|1771180859\n|move|p1a: Toedscruel|Knock Off|p2a: Hypno\n|-supereffective|p2a: Hypno\n|-damage|p2a: Hypno|126/315\n|-enditem|p2a: Hypno|Leftovers|[from] move: Knock Off|[of] p1a: Toedscruel\n|move|p2a: Hypno|Psychic Noise|p1a: Toedscruel\n|-damage|p1a: Toedscruel|125/281\n|-start|p1a: Toedscruel|move: Heal Block\n|\n|upkeep\n|turn|4\n|\n|t:|1771180887\n|move|p1a: Toedscruel|Earth Power|p2a: Hypno\n|-damage|p2a: Hypno|57/315\n|move|p2a: Hypno|Psychic Noise|p1a: Toedscruel\n|-damage|p1a: Toedscruel|58/281\n|\n|-end|p1a: Toedscruel|move: Heal Block\n|upkeep\n|turn|5\n|\n|t:|1771180891\n|move|p1a: Toedscruel|Earth Power|p2a: Hypno\n|-damage|p2a: Hypno|0 fnt\n|faint|p2a: Hypno\n|\n|upkeep\n|inactive|koopa003 has 120 seconds left.\n|\n|t:|1771180927\n|switch|p2a: Hitmonlee|Hitmonlee, L85, M|223/223\n|turn|6\n|\n|t:|1771180934\n|move|p2a: Hitmonlee|Mach Punch|p1a: Toedscruel\n|-damage|p1a: Toedscruel|0 fnt\n|faint|p1a: Toedscruel\n|\n|upkeep\n|\n|t:|1771180939\n|switch|p1a: Mienshao|Mienshao, L83, F|244/244\n|turn|7\n|\n|t:|1771180945\n|switch|p2a: Hariyama|Hariyama, L87, M|392/392\n|move|p1a: Mienshao|Swords Dance|p1a: Mienshao\n|-boost|p1a: Mienshao|atk|2\n|\n|-status|p2a: Hariyama|brn|[from] item: Flame Orb\n|upkeep\n|turn|8\n|\n|t:|1771180950\n|move|p1a: Mienshao|Close Combat|p2a: Hariyama\n|-damage|p2a: Hariyama|0 fnt\n|-unboost|p1a: Mienshao|def|1\n|-unboost|p1a: Mienshao|spd|1\n|faint|p2a: Hariyama\n|-damage|p1a: Mienshao|220/244|[from] item: Life Orb\n|\n|upkeep\n|\n|t:|1771180953\n|switch|p2a: Furret|Furret, L94, F|312/312\n|-item|p1a: Mienshao|Life Orb|[from] ability: Frisk|[of] p2a: Furret\n|turn|9\n|\n|t:|1771180960\n|switch|p1a: Duraludon|Duraludon, L82, F|249/249\n|move|p2a: Furret|Knock Off|p1a: Duraludon\n|-damage|p1a: Duraludon|201/249\n|-enditem|p1a: Duraludon|Eviolite|[from] move: Knock Off|[of] p2a: Furret\n|-damage|p2a: Furret|281/312|[from] item: Life Orb\n|\n|upkeep\n|turn|10\n|\n|t:|1771180964\n|switch|p2a: Lunala|Lunala, L70|308/308\n|move|p1a: Duraludon|Dragon Tail|p2a: Lunala\n|-crit|p2a: Lunala\n|-damage|p2a: Lunala|257/308\n|drag|p2a: Hitmonlee|Hitmonlee, L85, M|223/223\n|\n|upkeep\n|turn|11\n|\n|t:|1771180984\n|move|p2a: Hitmonlee|High Jump Kick|p1a: Duraludon\n|-supereffective|p1a: Duraludon\n|-damage|p1a: Duraludon|0 fnt\n|faint|p1a: Duraludon\n|\n|upkeep\n|\n|t:|1771180990\n|switch|p1a: Regigigas|Regigigas, L84|322/322\n|-start|p1a: Regigigas|ability: Slow Start\n|turn|12\n|\n|t:|1771181004\n|switch|p2a: Ursaluna|Ursaluna-Bloodmoon, L79, M|308/308\n|move|p1a: Regigigas|Protect||[still]\n|-fail|p1a: Regigigas\n|\n|upkeep\n|turn|13\n|\n|t:|1771181008\n|move|p2a: Ursaluna|Calm Mind|p2a: Ursaluna\n|-boost|p2a: Ursaluna|spa|1\n|-boost|p2a: Ursaluna|spd|1\n|move|p1a: Regigigas|Knock Off|p2a: Ursaluna\n|-damage|p2a: Ursaluna|263/308\n|-enditem|p2a: Ursaluna|Leftovers|[from] move: Knock Off|[of] p1a: Regigigas\n|\n|upkeep\n|turn|14\n|\n|t:|1771181031\n|move|p2a: Ursaluna|Blood Moon|p1a: Regigigas\n|-damage|p1a: Regigigas|96/322\n|move|p1a: Regigigas|Body Slam|p2a: Ursaluna\n|-damage|p2a: Ursaluna|203/308\n|\n|-heal|p1a: Regigigas|116/322|[from] item: Leftovers\n|upkeep\n|turn|15\n|\n|t:|1771181038\n|move|p1a: Regigigas|Protect|p1a: Regigigas\n|-singleturn|p1a: Regigigas|Protect\n|move|p2a: Ursaluna|Calm Mind|p2a: Ursaluna\n|-boost|p2a: Ursaluna|spa|1\n|-boost|p2a: Ursaluna|spd|1\n|\n|-heal|p1a: Regigigas|136/322|[from] item: Leftovers\n|upkeep\n|turn|16\n|\n|t:|1771181045\n|move|p2a: Ursaluna|Earth Power|p1a: Regigigas\n|-damage|p1a: Regigigas|0 fnt\n|faint|p1a: Regigigas\n|-end|p1a: Regigigas|Slow Start|[silent]\n|\n|upkeep\n|\n|t:|1771181049\n|switch|p1a: Kyogre|Kyogre, L71|259/259\n|-weather|RainDance|[from] ability: Drizzle|[of] p1a: Kyogre\n|turn|17\n|\n|t:|1771181071\n|move|p1a: Kyogre|Origin Pulse|p2a: Ursaluna\n|-supereffective|p2a: Ursaluna\n|-damage|p2a: Ursaluna|0 fnt\n|faint|p2a: Ursaluna\n|\n|-weather|RainDance|[upkeep]\n|upkeep\n|\n|t:|1771181081\n|switch|p2a: Lunala|Lunala, L70|257/308\n|turn|18\n|\n|t:|1771181084\n|move|p2a: Lunala|Calm Mind|p2a: Lunala\n|-boost|p2a: Lunala|spa|1\n|-boost|p2a: Lunala|spd|1\n|move|p1a: Kyogre|Thunder|p2a: Lunala\n|-damage|p2a: Lunala|205/308\n|-status|p2a: Lunala|par\n|\n|-weather|RainDance|[upkeep]\n|-heal|p2a: Lunala|224/308 par|[from] item: Leftovers\n|upkeep\n|turn|19\n|\n|t:|1771181089\n|switch|p1a: Mienshao|Mienshao, L83, F|244/244\n|cant|p2a: Lunala|par\n|\n|-weather|RainDance|[upkeep]\n|-heal|p2a: Lunala|243/308 par|[from] item: Leftovers\n|upkeep\n|turn|20\n|\n|t:|1771181105\n|-terastallize|p2a: Lunala|Fairy\n|move|p1a: Mienshao|Knock Off|p2a: Lunala\n|-resisted|p2a: Lunala\n|-damage|p2a: Lunala|185/308 par\n|-enditem|p2a: Lunala|Leftovers|[from] move: Knock Off|[of] p1a: Mienshao\n|-damage|p1a: Mienshao|220/244|[from] item: Life Orb\n|cant|p2a: Lunala|par\n|\n|-weather|RainDance|[upkeep]\n|upkeep\n|turn|21\n|\n|t:|1771181110\n|move|p1a: Mienshao|Poison Jab|p2a: Lunala\n|-supereffective|p2a: Lunala\n|-damage|p2a: Lunala|0 fnt\n|faint|p2a: Lunala\n|-damage|p1a: Mienshao|196/244|[from] item: Life Orb\n|\n|-weather|none\n|upkeep\n|\n|t:|1771181115\n|switch|p2a: Furret|Furret, L94, F|281/312\n|-item|p1a: Mienshao|Life Orb|[from] ability: Frisk|[of] p2a: Furret\n|turn|22\n|\n|t:|1771181123\n|switch|p1a: Terrakion|Terrakion, L79|273/273\n|move|p2a: Furret|Double-Edge|p1a: Terrakion\n|-resisted|p1a: Terrakion\n|-damage|p1a: Terrakion|178/273\n|-damage|p2a: Furret|250/312|[from] Recoil\n|-damage|p2a: Furret|219/312|[from] item: Life Orb\n|\n|upkeep\n|turn|23\n|\n|t:|1771181127\n|move|p2a: Furret|Brick Break|p1a: Terrakion\n|-supereffective|p1a: Terrakion\n|-damage|p1a: Terrakion|35/273\n|-damage|p2a: Furret|188/312|[from] item: Life Orb\n|move|p1a: Terrakion|Close Combat|p2a: Furret\n|-supereffective|p2a: Furret\n|-damage|p2a: Furret|0 fnt\n|-unboost|p1a: Terrakion|def|1\n|-unboost|p1a: Terrakion|spd|1\n|faint|p2a: Furret\n|\n|upkeep\n|\n|t:|1771181132\n|switch|p2a: Hitmonlee|Hitmonlee, L85, M|223/223\n|turn|24\n|\n|t:|1771181136\n|move|p1a: Terrakion|Close Combat|p2a: Hitmonlee\n|-damage|p2a: Hitmonlee|0 fnt\n|-unboost|p1a: Terrakion|def|1\n|-unboost|p1a: Terrakion|spd|1\n|faint|p2a: Hitmonlee\n|\n|win|Micael Lopes\n|raw|Micael Lopes's rating: 1937 &rarr; <strong>1959</strong><br />(+22 for winning)\n|raw|koopa003's rating: 1967 &rarr; <strong>1945</strong><br />(-22 for losing)\n|c|☆Micael Lopes|**__Sexy game.__**\n|l|☆koopa003\n|player|p2|\n", "inputlog": ">version 686819e5e19f8a7fd2345cfc5a08a5085efa2cc3\n>start {\"formatid\":\"gen9randombattle\",\"seed\":\"sodium,e21653f4a831b266c94d38c28ef355d0\",\"rated\":\"Rated battle\"}\n>player p1 {\"name\":\"Micael Lopes\",\"avatar\":\"benga\",\"rating\":1937,\"seed\":\"sodium,24b00a40c75d22c9f5a1bbbf9ac33ed4\"}\n>player p2 {\"name\":\"koopa003\",\"avatar\":\"camper\",\"rating\":1967,\"seed\":\"sodium,aa2a6055d0d20a420b8dc1b7c7b0e2be\"}\n>p1 move dracometeor\n>p2 switch 4\n>p1 switch 6\n>p2 move knockoff\n>p1 move knockoff\n>p2 move psychicnoise\n>p1 move earthpower\n>p2 move psychicnoise\n>p1 move earthpower\n>p2 move psychicnoise\n>p2 switch 6\n>p1 move knockoff\n>p2 move machpunch\n>p1 switch 5\n>p1 move swordsdance\n>p2 switch 4\n>p1 move closecombat\n>p2 move closecombat\n>p2 switch 3\n>p1 switch 6\n>p2 move knockoff\n>p1 move dragontail\n>p2 switch 2\n>p1 move bodypress\n>p2 move highjumpkick\n>p1 switch 3\n>p1 move protect\n>p2 switch 5\n>p1 move knockoff\n>p2 move calmmind\n>p1 move bodyslam\n>p2 move bloodmoon\n>p1 move protect\n>p2 move calmmind\n>p1 move bodyslam\n>p2 move earthpower\n>p1 switch 2\n>p1 move originpulse\n>p2 move earthpower\n>p2 switch 4\n>p1 move thunder\n>p2 move calmmind\n>p1 switch 6\n>p2 move moongeistbeam\n>p1 move knockoff\n>p2 move moonblast terastallize\n>p1 move poisonjab\n>p2 move moonblast\n>p2 switch 2\n>p1 switch 4\n>p2 move doubleedge\n>p1 move closecombat\n>p2 move brickbreak\n>p2 switch 5\n>p1 move closecombat\n>p2 move highjumpkick", "uploadtime": 1771181155, "views": 13, "formatid": "gen9randombattle", "rating": 1945, "private": 0, "password": null}