{"id": "gen9randombattle-2540611303", "format": "[Gen 9] Random Battle", "players": ["Thategyptian", "unzipscrogre"], "log": "|badge|p2|bronze|gen9uu|100-8\n|badge|p2|bronze|gen9ru|100-8\n|uhtml|medal-msg|<div class=\"broadcast-blue\">Curious what those medals under the avatar are? PS now has Ladder Seasons! For more information, check out the <a href=\"https://www.smogon.com/forums/threads/3740067/\">thread on Smogon.</a></div>\n|j|☆Thategyptian\n|j|☆unzipscrogre\n|t:|1771226978\n|gametype|singles\n|player|p1|Thategyptian|169|1790\n|player|p2|unzipscrogre|unknown|1838\n|gen|9\n|tier|[Gen 9] Random Battle\n|rated|\n|rule|Species Clause: Limit one of each Pokémon\n|rule|HP Percentage Mod: HP is shown in percentages\n|rule|Sleep Clause Mod: Limit one foe put to sleep\n|rule|Illusion Level Mod: Illusion disguises the Pokémon's true level\n|\n|t:|1771226978\n|teamsize|p1|6\n|teamsize|p2|6\n|start\n|switch|p1a: Ribombee|Ribombee, L83, F|235/235\n|switch|p2a: Hitmontop|Hitmontop, L88, M|231/231\n|-ability|p2a: Hitmontop|Intimidate|boost\n|-unboost|p1a: Ribombee|atk|1\n|turn|1\n|inactive|Battle timer is ON: inactive players will automatically lose when time's up. (requested by unzipscrogre)\n|\n|t:|1771226996\n|move|p1a: Ribombee|Quiver Dance|p1a: Ribombee\n|-boost|p1a: Ribombee|spa|1\n|-boost|p1a: Ribombee|spd|1\n|-boost|p1a: Ribombee|spe|1\n|move|p2a: Hitmontop|Rapid Spin|p1a: Ribombee\n|-damage|p1a: Ribombee|181/235\n|-boost|p2a: Hitmontop|spe|1\n|\n|upkeep\n|turn|2\n|\n|t:|1771227000\n|switch|p2a: Forretress|Forretress, L84, F|263/263\n|move|p1a: Ribombee|Moonblast|p2a: Forretress\n|-resisted|p2a: Forretress\n|-damage|p2a: Forretress|164/263\n|-unboost|p2a: Forretress|spa|1\n|\n|-heal|p2a: Forretress|180/263|[from] item: Leftovers\n|upkeep\n|turn|3\n|\n|t:|1771227006\n|-terastallize|p1a: Ribombee|Ground\n|move|p1a: Ribombee|Tera Blast|p2a: Forretress|[anim] Tera Blast Ground\n|-damage|p2a: Forretress|18/263\n|move|p2a: Forretress|Iron Head|p1a: Ribombee\n|-damage|p1a: Ribombee|66/235\n|\n|-heal|p2a: Forretress|34/263|[from] item: Leftovers\n|upkeep\n|turn|4\n|\n|t:|1771227013\n|switch|p2a: Talonflame|Talonflame, L83, M|265/265\n|move|p1a: Ribombee|Moonblast|p2a: Talonflame\n|-resisted|p2a: Talonflame\n|-damage|p2a: Talonflame|178/265\n|\n|upkeep\n|turn|5\n|\n|t:|1771227018\n|move|p1a: Ribombee|Moonblast|p2a: Talonflame\n|-resisted|p2a: Talonflame\n|-damage|p2a: Talonflame|91/265\n|move|p2a: Talonflame|Brave Bird|p1a: Ribombee\n|-damage|p1a: Ribombee|0 fnt\n|faint|p1a: Ribombee\n|-damage|p2a: Talonflame|69/265|[from] Recoil\n|\n|upkeep\n|\n|t:|1771227040\n|switch|p1a: Bellibolt|Bellibolt, L84, F|320/320\n|turn|6\n|\n|t:|1771227056\n|switch|p2a: Forretress|Forretress, L84, F|34/263\n|move|p1a: Bellibolt|Volt Switch|p2a: Forretress\n|-damage|p2a: Forretress|0 fnt\n|faint|p2a: Forretress\n|\n|t:|1771227061\n|switch|p1a: Garganacl|Garganacl, L80, F|291/291|[from] Volt Switch\n|\n|upkeep\n|\n|t:|1771227067\n|switch|p2a: Hitmontop|Hitmontop, L88, M|231/231\n|-ability|p2a: Hitmontop|Intimidate|boost\n|-unboost|p1a: Garganacl|atk|1\n|turn|7\n|\n|t:|1771227074\n|switch|p1a: Misdreavus|Misdreavus, L90, F|254/254\n|move|p2a: Hitmontop|Close Combat|p1a: Misdreavus\n|-immune|p1a: Misdreavus\n|\n|upkeep\n|turn|8\n|\n|t:|1771227080\n|switch|p2a: Rotom|Rotom-Heat, L83|219/219\n|move|p1a: Misdreavus|Will-O-Wisp|p2a: Rotom\n|-immune|p2a: Rotom\n|\n|upkeep\n|turn|9\n|\n|t:|1771227083\n|switch|p1a: Garganacl|Garganacl, L80, F|291/291\n|move|p2a: Rotom|Discharge|p1a: Garganacl\n|-crit|p1a: Garganacl\n|-damage|p1a: Garganacl|141/291\n|\n|-heal|p1a: Garganacl|159/291|[from] item: Leftovers\n|upkeep\n|turn|10\n|\n|t:|1771227089\n|switch|p2a: Talonflame|Talonflame, L83, M|69/265\n|move|p1a: Garganacl|Salt Cure|p2a: Talonflame\n|-supereffective|p2a: Talonflame\n|-damage|p2a: Talonflame|0 fnt\n|faint|p2a: Talonflame\n|\n|-heal|p1a: Garganacl|177/291|[from] item: Leftovers\n|upkeep\n|\n|t:|1771227093\n|switch|p2a: Swanna|Swanna, L89, F|278/278\n|turn|11\n|\n|t:|1771227097\n|switch|p1a: Shiftry|Shiftry, L89, F|305/305\n|move|p2a: Swanna|Hydro Pump|p1a: Shiftry|[miss]\n|-miss|p2a: Swanna|p1a: Shiftry\n|\n|upkeep\n|turn|12\n|\n|t:|1771227102\n|move|p2a: Swanna|Brave Bird|p1a: Shiftry\n|-supereffective|p1a: Shiftry\n|-damage|p1a: Shiftry|0 fnt\n|faint|p1a: Shiftry\n|-damage|p2a: Swanna|177/278|[from] Recoil\n|\n|upkeep\n|\n|t:|1771227107\n|switch|p1a: Bellibolt|Bellibolt, L84, F|320/320\n|turn|13\n|\n|t:|1771227110\n|switch|p2a: Rotom|Rotom-Heat, L83|219/219\n|move|p1a: Bellibolt|Muddy Water|p2a: Rotom\n|-supereffective|p2a: Rotom\n|-damage|p2a: Rotom|99/219\n|\n|upkeep\n|turn|14\n|\n|t:|1771227115\n|move|p2a: Rotom|Pain Split|p1a: Bellibolt\n|-sethp|p1a: Bellibolt|209/320|[from] move: Pain Split|[silent]\n|-sethp|p2a: Rotom|209/219|[from] move: Pain Split\n|move|p1a: Bellibolt|Muddy Water|p2a: Rotom\n|-supereffective|p2a: Rotom\n|-damage|p2a: Rotom|97/219\n|\n|-heal|p1a: Bellibolt|229/320|[from] item: Leftovers\n|upkeep\n|turn|15\n|\n|t:|1771227120\n|move|p2a: Rotom|Pain Split|p1a: Bellibolt\n|-sethp|p1a: Bellibolt|163/320|[from] move: Pain Split|[silent]\n|-sethp|p2a: Rotom|163/219|[from] move: Pain Split\n|move|p1a: Bellibolt|Muddy Water|p2a: Rotom\n|-supereffective|p2a: Rotom\n|-damage|p2a: Rotom|45/219\n|\n|-heal|p1a: Bellibolt|183/320|[from] item: Leftovers\n|upkeep\n|turn|16\n|\n|t:|1771227126\n|move|p2a: Rotom|Overheat|p1a: Bellibolt\n|-damage|p1a: Bellibolt|38/320\n|-unboost|p2a: Rotom|spa|2\n|-start|p1a: Bellibolt|Charge|Overheat|[from] ability: Electromorphosis\n|move|p1a: Bellibolt|Muddy Water|p2a: Rotom\n|-supereffective|p2a: Rotom\n|-damage|p2a: Rotom|0 fnt\n|faint|p2a: Rotom\n|\n|-heal|p1a: Bellibolt|58/320|[from] item: Leftovers\n|upkeep\n|\n|t:|1771227136\n|switch|p2a: Swanna|Swanna, L89, F|177/278\n|turn|17\n|\n|t:|1771227138\n|move|p2a: Swanna|Knock Off|p1a: Bellibolt\n|-damage|p1a: Bellibolt|0 fnt\n|-enditem|p1a: Bellibolt|Leftovers|[from] move: Knock Off|[of] p2a: Swanna\n|faint|p1a: Bellibolt\n|\n|upkeep\n|\n|t:|1771227147\n|switch|p1a: Spidops|Spidops, L96, F|271/271\n|turn|18\n|\n|t:|1771227157\n|move|p2a: Swanna|Knock Off|p1a: Spidops\n|-crit|p1a: Spidops\n|-damage|p1a: Spidops|187/271\n|-enditem|p1a: Spidops|Heavy-Duty Boots|[from] move: Knock Off|[of] p2a: Swanna\n|move|p1a: Spidops|Knock Off|p2a: Swanna\n|-damage|p2a: Swanna|81/278\n|-enditem|p2a: Swanna|Heavy-Duty Boots|[from] move: Knock Off|[of] p1a: Spidops\n|\n|upkeep\n|turn|19\n|\n|t:|1771227161\n|move|p2a: Swanna|Roost|p2a: Swanna\n|-heal|p2a: Swanna|220/278\n|-singleturn|p2a: Swanna|move: Roost\n|move|p1a: Spidops|Circle Throw|p2a: Swanna\n|-damage|p2a: Swanna|167/278\n|drag|p2a: Gogoat|Gogoat, L88, F|360/360\n|\n|upkeep\n|turn|20\n|\n|t:|1771227167\n|switch|p2a: Hitmontop|Hitmontop, L88, M|231/231\n|-ability|p2a: Hitmontop|Intimidate|boost\n|-unboost|p1a: Spidops|atk|1\n|move|p1a: Spidops|Sticky Web|p2a: Hitmontop\n|-sidestart|p2: unzipscrogre|move: Sticky Web\n|\n|upkeep\n|turn|21\n|\n|t:|1771227177\n|switch|p1a: Misdreavus|Misdreavus, L90, F|254/254\n|move|p2a: Hitmontop|Close Combat|p1a: Misdreavus\n|-immune|p1a: Misdreavus\n|\n|upkeep\n|turn|22\n|\n|t:|1771227180\n|switch|p2a: Swanna|Swanna, L89, F|167/278\n|move|p1a: Misdreavus|Calm Mind|p1a: Misdreavus\n|-boost|p1a: Misdreavus|spa|1\n|-boost|p1a: Misdreavus|spd|1\n|\n|upkeep\n|turn|23\n|\n|t:|1771227184\n|move|p2a: Swanna|Knock Off|p1a: Misdreavus\n|-supereffective|p1a: Misdreavus\n|-damage|p1a: Misdreavus|136/254\n|-enditem|p1a: Misdreavus|Eviolite|[from] move: Knock Off|[of] p2a: Swanna\n|move|p1a: Misdreavus|Shadow Ball|p2a: Swanna\n|-damage|p2a: Swanna|2/278\n|\n|upkeep\n|turn|24\n|\n|t:|1771227196\n|move|p2a: Swanna|Brave Bird|p1a: Misdreavus\n|-damage|p1a: Misdreavus|0 fnt\n|faint|p1a: Misdreavus\n|-damage|p2a: Swanna|0 fnt|[from] Recoil\n|faint|p2a: Swanna\n|\n|upkeep\n|\n|t:|1771227201\n|switch|p2a: Hitmontop|Hitmontop, L88, M|231/231\n|switch|p1a: Spidops|Spidops, L96, F|187/271\n|-activate|p2a: Hitmontop|move: Sticky Web\n|-unboost|p2a: Hitmontop|spe|1\n|-ability|p2a: Hitmontop|Intimidate|boost\n|-unboost|p1a: Spidops|atk|1\n|turn|25\n|\n|t:|1771227204\n|move|p2a: Hitmontop|Rapid Spin|p1a: Spidops\n|-damage|p1a: Spidops|156/271\n|-boost|p2a: Hitmontop|spe|1\n|-sideend|p2: unzipscrogre|Sticky Web|[from] move: Rapid Spin|[of] p2a: Hitmontop\n|move|p1a: Spidops|Circle Throw|p2a: Hitmontop\n|-crit|p2a: Hitmontop\n|-damage|p2a: Hitmontop|166/231\n|drag|p2a: Gogoat|Gogoat, L88, F|360/360\n|\n|upkeep\n|turn|26\n|\n|t:|1771227215\n|switch|p2a: Hitmontop|Hitmontop, L88, M|166/231\n|-ability|p2a: Hitmontop|Intimidate|boost\n|-unboost|p1a: Spidops|atk|1\n|move|p1a: Spidops|Circle Throw|p2a: Hitmontop\n|-crit|p2a: Hitmontop\n|-damage|p2a: Hitmontop|40/231\n|drag|p2a: Gogoat|Gogoat, L88, F|360/360\n|\n|upkeep\n|turn|27\n|\n|t:|1771227225\n|switch|p2a: Hitmontop|Hitmontop, L88, M|40/231\n|-ability|p2a: Hitmontop|Intimidate|boost\n|-unboost|p1a: Spidops|atk|1\n|move|p1a: Spidops|Spikes|p2a: Hitmontop\n|-sidestart|p2: unzipscrogre|Spikes\n|\n|upkeep\n|turn|28\n|\n|t:|1771227228\n|move|p2a: Hitmontop|Rapid Spin|p1a: Spidops\n|-damage|p1a: Spidops|123/271\n|-boost|p2a: Hitmontop|spe|1\n|-sideend|p2: unzipscrogre|Spikes|[from] move: Rapid Spin|[of] p2a: Hitmontop\n|move|p1a: Spidops|Circle Throw|p2a: Hitmontop\n|-damage|p2a: Hitmontop|21/231\n|drag|p2a: Gogoat|Gogoat, L88, F|360/360\n|\n|upkeep\n|turn|29\n|\n|t:|1771227236\n|move|p2a: Gogoat|Horn Leech|p1a: Spidops\n|-resisted|p1a: Spidops\n|-damage|p1a: Spidops|82/271\n|move|p1a: Spidops|Spikes|p2a: Gogoat\n|-sidestart|p2: unzipscrogre|Spikes\n|\n|upkeep\n|turn|30\n|\n|t:|1771227244\n|move|p2a: Gogoat|Bulk Up|p2a: Gogoat\n|-boost|p2a: Gogoat|atk|1\n|-boost|p2a: Gogoat|def|1\n|move|p1a: Spidops|Circle Throw|p2a: Gogoat\n|-damage|p2a: Gogoat|343/360\n|drag|p2a: Hitmontop|Hitmontop, L88, M|21/231\n|-damage|p2a: Hitmontop|0 fnt|[from] Spikes\n|faint|p2a: Hitmontop\n|\n|upkeep\n|\n|t:|1771227247\n|switch|p2a: Gogoat|Gogoat, L88, F|343/360\n|-damage|p2a: Gogoat|298/360|[from] Spikes\n|turn|31\n|\n|t:|1771227248\n|switch|p1a: Garganacl|Garganacl, L80, F|177/291\n|move|p2a: Gogoat|Bulk Up|p2a: Gogoat\n|-boost|p2a: Gogoat|atk|1\n|-boost|p2a: Gogoat|def|1\n|\n|-heal|p2a: Gogoat|320/360|[from] item: Leftovers\n|-heal|p1a: Garganacl|195/291|[from] item: Leftovers\n|upkeep\n|turn|32\n|\n|t:|1771227254\n|-terastallize|p2a: Gogoat|Ground\n|move|p2a: Gogoat|Earthquake|p1a: Garganacl\n|-supereffective|p1a: Garganacl\n|-damage|p1a: Garganacl|0 fnt\n|faint|p1a: Garganacl\n|\n|-heal|p2a: Gogoat|342/360|[from] item: Leftovers\n|upkeep\n|\n|t:|1771227256\n|switch|p1a: Spidops|Spidops, L96, F|82/271\n|turn|33\n|\n|t:|1771227258\n|move|p2a: Gogoat|Earthquake|p1a: Spidops\n|-resisted|p1a: Spidops\n|-damage|p1a: Spidops|4/271\n|move|p1a: Spidops|Knock Off|p2a: Gogoat\n|-damage|p2a: Gogoat|273/360\n|-enditem|p2a: Gogoat|Leftovers|[from] move: Knock Off|[of] p1a: Spidops\n|\n|upkeep\n|turn|34\n|\n|t:|1771227260\n|move|p2a: Gogoat|Earthquake|p1a: Spidops\n|-resisted|p1a: Spidops\n|-damage|p1a: Spidops|0 fnt\n|faint|p1a: Spidops\n|\n|win|unzipscrogre\n|raw|Thategyptian's rating: 1790 &rarr; <strong>1773</strong><br />(-17 for losing)\n|raw|unzipscrogre's rating: 1838 &rarr; <strong>1855</strong><br />(+17 for winning)\n", "inputlog": ">version 686819e5e19f8a7fd2345cfc5a08a5085efa2cc3\n>start {\"formatid\":\"gen9randombattle\",\"seed\":\"sodium,77a66c215670451269b3d473181e1372\",\"rated\":\"Rated battle\"}\n>player p1 {\"name\":\"Thategyptian\",\"avatar\":\"169\",\"rating\":1790,\"seed\":\"sodium,dc1e95912bb58c610f937a37c10a1c92\"}\n>player p2 {\"name\":\"unzipscrogre\",\"avatar\":\"unknown\",\"rating\":1838,\"seed\":\"sodium,aef44b85317168697a215bc609e9d1a8\"}\n>p1 move quiverdance\n>p2 move rapidspin\n>p1 move moonblast\n>p2 switch 4\n>p1 move terablast terastallize\n>p2 move ironhead\n>p1 move moonblast\n>p2 switch 2\n>p1 move moonblast\n>p2 move bravebird\n>p1 switch 5\n>p1 move voltswitch\n>p2 switch 2\n>p1 switch 3\n>p2 switch 4\n>p1 switch 6\n>p2 move closecombat\n>p1 move willowisp\n>p2 switch 6\n>p1 switch 6\n>p2 move discharge\n>p1 move saltcure\n>p2 switch 2\n>p2 switch 3\n>p1 switch 4\n>p2 move hydropump\n>p1 move tailwind\n>p2 move bravebird\n>p1 switch 3\n>p1 move muddywater\n>p2 switch 2\n>p1 move muddywater\n>p2 move painsplit\n>p1 move muddywater\n>p2 move painsplit\n>p1 move muddywater\n>p2 move overheat\n>p2 switch 2\n>p1 move slackoff\n>p2 move knockoff\n>p1 switch 2\n>p1 move knockoff\n>p2 move knockoff\n>p1 move circlethrow\n>p2 move roost\n>p1 move stickyweb\n>p2 switch 6\n>p1 switch 6\n>p2 move closecombat\n>p1 move calmmind\n>p2 switch 5\n>p1 move shadowball\n>p2 move knockoff\n>p1 move shadowball\n>p2 move bravebird\n>p1 switch 6\n>p2 switch 5\n>p1 move circlethrow\n>p2 move rapidspin\n>p1 move circlethrow\n>p2 switch 6\n>p1 move spikes\n>p2 switch 6\n>p1 move circlethrow\n>p2 move rapidspin\n>p1 move spikes\n>p2 move hornleech\n>p1 move circlethrow\n>p2 move bulkup\n>p2 switch 6\n>p1 switch 4\n>p2 move bulkup\n>p1 move saltcure\n>p2 move earthquake terastallize\n>p1 switch 4\n>p1 move knockoff\n>p2 move earthquake\n>p1 move circlethrow\n>p2 move earthquake", "uploadtime": 1771227262, "views": 13, "formatid": "gen9randombattle", "rating": 1773, "private": 0, "password": null}