{"id": "gen9randombattle-2540385307", "format": "[Gen 9] Random Battle", "players": ["backdayz", "emrys_x"], "log": "|j|☆backdayz\n|j|☆emrys_x\n|t:|1771195642\n|gametype|singles\n|player|p1|backdayz|265|1667\n|player|p2|emrys_x|n-masters|1672\n|gen|9\n|tier|[Gen 9] Random Battle\n|rated|\n|rule|Species Clause: Limit one of each Pokémon\n|rule|HP Percentage Mod: HP is shown in percentages\n|rule|Sleep Clause Mod: Limit one foe put to sleep\n|rule|Illusion Level Mod: Illusion disguises the Pokémon's true level\n|\n|t:|1771195642\n|teamsize|p1|6\n|teamsize|p2|6\n|start\n|switch|p1a: Ambipom|Ambipom, L84, F|263/263\n|switch|p2a: Dewgong|Dewgong, L94, F|322/322\n|turn|1\n|inactive|Battle timer is ON: inactive players will automatically lose when time's up. (requested by emrys_x)\n|\n|t:|1771195653\n|move|p1a: Ambipom|Fake Out|p2a: Dewgong\n|-damage|p2a: Dewgong|240/322\n|cant|p2a: Dewgong|flinch\n|\n|upkeep\n|turn|2\n|\n|t:|1771195657\n|move|p1a: Ambipom|Low Kick|p2a: Dewgong\n|-supereffective|p2a: Dewgong\n|-damage|p2a: Dewgong|108/322\n|move|p2a: Dewgong|Triple Axel|p1a: Ambipom\n|-damage|p1a: Ambipom|236/263\n|-hitcount|p1a: Ambipom|1\n|\n|upkeep\n|turn|3\n|\n|t:|1771195669\n|move|p1a: Ambipom|Low Kick|p2a: Dewgong\n|-supereffective|p2a: Dewgong\n|-damage|p2a: Dewgong|0 fnt\n|faint|p2a: Dewgong\n|\n|upkeep\n|\n|t:|1771195678\n|switch|p2a: Quaquaval|Quaquaval, L79, F|264/264\n|turn|4\n|inactive|backdayz has 120 seconds left.\n|\n|t:|1771195733\n|switch|p1a: Electrode|Electrode-Hisui, L87|246/246\n|move|p2a: Quaquaval|Aqua Step|p1a: Electrode\n|-resisted|p1a: Electrode\n|-damage|p1a: Electrode|186/246\n|-boost|p2a: Quaquaval|spe|1\n|-damage|p2a: Quaquaval|238/264|[from] item: Life Orb\n|\n|-heal|p1a: Electrode|201/246|[from] item: Leftovers\n|upkeep\n|turn|5\n|\n|t:|1771195749\n|move|p1a: Electrode|Thunderbolt|p2a: Quaquaval\n|-supereffective|p2a: Quaquaval\n|-damage|p2a: Quaquaval|20/264\n|move|p2a: Quaquaval|Aqua Step|p1a: Electrode\n|-resisted|p1a: Electrode\n|-damage|p1a: Electrode|131/246\n|-boost|p2a: Quaquaval|spe|1\n|-damage|p2a: Quaquaval|0 fnt|[from] item: Life Orb\n|faint|p2a: Quaquaval\n|\n|-heal|p1a: Electrode|146/246|[from] item: Leftovers\n|upkeep\n|\n|t:|1771195762\n|switch|p2a: Victreebel|Victreebel, L90, M|290/290\n|turn|6\n|\n|t:|1771195776\n|switch|p1a: Pecharunt|Pecharunt, L77|262/262\n|move|p2a: Victreebel|Sunny Day|p2a: Victreebel\n|-weather|SunnyDay\n|\n|-weather|SunnyDay|[upkeep]\n|upkeep\n|turn|7\n|\n|t:|1771195781\n|move|p2a: Victreebel|Weather Ball|p1a: Pecharunt\n|-damage|p1a: Pecharunt|96/262\n|-damage|p2a: Victreebel|261/290|[from] item: Life Orb\n|move|p1a: Pecharunt|Nasty Plot|p1a: Pecharunt\n|-boost|p1a: Pecharunt|spa|2\n|\n|-weather|SunnyDay|[upkeep]\n|-heal|p1a: Pecharunt|112/262|[from] item: Leftovers\n|upkeep\n|turn|8\n|inactive|backdayz has 120 seconds left.\n|\n|t:|1771195787\n|move|p2a: Victreebel|Weather Ball|p1a: Pecharunt\n|-damage|p1a: Pecharunt|0 fnt\n|faint|p1a: Pecharunt\n|-damage|p2a: Victreebel|232/290|[from] item: Life Orb\n|\n|-weather|SunnyDay|[upkeep]\n|upkeep\n|inactive|backdayz has 120 seconds left.\n|\n|t:|1771195796\n|switch|p1a: Ambipom|Ambipom, L84, F|236/263\n|turn|9\n|\n|t:|1771195799\n|move|p1a: Ambipom|Fake Out|p2a: Victreebel\n|-damage|p2a: Victreebel|148/290\n|cant|p2a: Victreebel|flinch\n|\n|-weather|SunnyDay|[upkeep]\n|upkeep\n|turn|10\n|\n|t:|1771195813\n|switch|p1a: Electrode|Electrode-Hisui, L87|146/246\n|move|p2a: Victreebel|Power Whip|p1a: Electrode\n|-resisted|p1a: Electrode\n|-damage|p1a: Electrode|21/246\n|-damage|p2a: Victreebel|119/290|[from] item: Life Orb\n|\n|-weather|none\n|-heal|p1a: Electrode|36/246|[from] item: Leftovers\n|upkeep\n|turn|11\n|\n|t:|1771195828\n|move|p1a: Electrode|Thunderbolt|p2a: Victreebel\n|-resisted|p2a: Victreebel\n|-crit|p2a: Victreebel\n|-damage|p2a: Victreebel|52/290\n|move|p2a: Victreebel|Sunny Day|p2a: Victreebel\n|-weather|SunnyDay\n|\n|-weather|SunnyDay|[upkeep]\n|-heal|p1a: Electrode|51/246|[from] item: Leftovers\n|upkeep\n|turn|12\n|\n|t:|1771195837\n|move|p2a: Victreebel|Weather Ball|p1a: Electrode\n|-supereffective|p1a: Electrode\n|-damage|p1a: Electrode|0 fnt\n|faint|p1a: Electrode\n|-damage|p2a: Victreebel|23/290|[from] item: Life Orb\n|\n|-weather|SunnyDay|[upkeep]\n|upkeep\n|\n|t:|1771195839\n|switch|p1a: Ambipom|Ambipom, L84, F|236/263\n|turn|13\n|\n|t:|1771195866\n|switch|p2a: Vileplume|Vileplume, L85, M|266/266\n|move|p1a: Ambipom|Fake Out|p2a: Vileplume\n|-damage|p2a: Vileplume|187/266\n|\n|-weather|SunnyDay|[upkeep]\n|-heal|p2a: Vileplume|203/266|[from] item: Leftovers\n|upkeep\n|turn|14\n|inactive|backdayz has 120 seconds left.\n|inactive|backdayz has 90 seconds left.\n|inactive|backdayz has 60 seconds left.\n|\n|t:|1771195966\n|move|p1a: Ambipom|Double-Edge|p2a: Vileplume\n|-damage|p2a: Vileplume|38/266\n|-damage|p1a: Ambipom|182/263|[from] Recoil\n|move|p2a: Vileplume|Strength Sap|p1a: Ambipom\n|-unboost|p1a: Ambipom|atk|1\n|-heal|p2a: Vileplume|254/266\n|\n|-weather|SunnyDay|[upkeep]\n|-heal|p2a: Vileplume|266/266|[from] item: Leftovers\n|upkeep\n|turn|15\n|\n|t:|1771195976\n|switch|p1a: Iron Thorns|Iron Thorns, L83|302/302\n|move|p2a: Vileplume|Leech Seed|p1a: Iron Thorns\n|-start|p1a: Iron Thorns|move: Leech Seed\n|\n|-weather|none\n|-damage|p1a: Iron Thorns|265/302|[from] Leech Seed|[of] p2a: Vileplume\n|upkeep\n|turn|16\n|inactive|backdayz has 60 seconds left.\n|\n|t:|1771196005\n|move|p1a: Iron Thorns|Volt Switch|p2a: Vileplume\n|-resisted|p2a: Vileplume\n|-damage|p2a: Vileplume|240/266\n|\n|t:|1771196008\n|-end|p1a: Iron Thorns|Quark Drive|[silent]\n|switch|p1a: Eiscue|Eiscue, L88, M|274/274|[from] Volt Switch\n|move|p2a: Vileplume|Giga Drain|p1a: Eiscue\n|-damage|p1a: Eiscue|186/274\n|-heal|p2a: Vileplume|266/266|[from] drain|[of] p1a: Eiscue\n|\n|upkeep\n|turn|17\n|\n|t:|1771196025\n|-terastallize|p2a: Vileplume|Water\n|move|p1a: Eiscue|Ice Spinner|p2a: Vileplume\n|-resisted|p2a: Vileplume\n|-damage|p2a: Vileplume|223/266\n|move|p2a: Vileplume|Leech Seed|p1a: Eiscue\n|-start|p1a: Eiscue|move: Leech Seed\n|\n|-heal|p2a: Vileplume|239/266|[from] item: Leftovers\n|-damage|p1a: Eiscue|152/274|[from] Leech Seed|[of] p2a: Vileplume\n|-heal|p2a: Vileplume|266/266|[silent]\n|upkeep\n|turn|18\n|\n|t:|1771196038\n|switch|p1a: Iron Thorns|Iron Thorns, L83|265/302\n|move|p2a: Vileplume|Giga Drain|p1a: Iron Thorns\n|-supereffective|p1a: Iron Thorns\n|-damage|p1a: Iron Thorns|71/302\n|\n|upkeep\n|turn|19\n|\n|t:|1771196045\n|switch|p2a: Rhydon|Rhydon, L85, M|317/317\n|move|p1a: Iron Thorns|Wild Charge|p2a: Rhydon\n|-ability|p2a: Rhydon|Lightning Rod|boost\n|-boost|p2a: Rhydon|spa|1\n|\n|upkeep\n|turn|20\n|inactive|backdayz has 60 seconds left.\n|\n|t:|1771196057\n|move|p1a: Iron Thorns|Spikes|p2a: Rhydon\n|-sidestart|p2: emrys_x|Spikes\n|move|p2a: Rhydon|Earthquake|p1a: Iron Thorns\n|-supereffective|p1a: Iron Thorns\n|-damage|p1a: Iron Thorns|0 fnt\n|faint|p1a: Iron Thorns\n|-end|p1a: Iron Thorns|Quark Drive|[silent]\n|\n|upkeep\n|\n|t:|1771196062\n|switch|p1a: Torterra|Torterra, L78, M|276/276\n|turn|21\n|\n|t:|1771196065\n|move|p1a: Torterra|Shell Smash|p1a: Torterra\n|-unboost|p1a: Torterra|def|1\n|-unboost|p1a: Torterra|spd|1\n|-boost|p1a: Torterra|atk|2\n|-boost|p1a: Torterra|spa|2\n|-boost|p1a: Torterra|spe|2\n|move|p2a: Rhydon|Megahorn|p1a: Torterra\n|-supereffective|p1a: Torterra\n|-damage|p1a: Torterra|0 fnt\n|faint|p1a: Torterra\n|\n|upkeep\n|\n|t:|1771196070\n|switch|p1a: Eiscue|Eiscue, L88, M|152/274\n|turn|22\n|\n|t:|1771196075\n|move|p1a: Eiscue|Belly Drum|p1a: Eiscue\n|-damage|p1a: Eiscue|15/274\n|-setboost|p1a: Eiscue|atk|6|[from] move: Belly Drum\n|-enditem|p1a: Eiscue|Sitrus Berry|[eat]\n|-heal|p1a: Eiscue|83/274|[from] item: Sitrus Berry\n|move|p2a: Rhydon|Stone Edge|p1a: Eiscue\n|-activate|p1a: Eiscue|ability: Ice Face\n|-damage|p1a: Eiscue|83/274\n|detailschange|p1a: Eiscue|Eiscue-Noice, L88, M\n|\n|upkeep\n|turn|23\n|\n|t:|1771196087\n|move|p1a: Eiscue|Liquidation|p2a: Rhydon\n|-supereffective|p2a: Rhydon\n|-crit|p2a: Rhydon\n|-damage|p2a: Rhydon|0 fnt\n|faint|p2a: Rhydon\n|\n|upkeep\n|\n|t:|1771196090\n|switch|p2a: Vileplume|Vileplume, L85, M, tera:Water|266/266\n|-damage|p2a: Vileplume|233/266|[from] Spikes\n|turn|24\n|\n|t:|1771196093\n|-terastallize|p1a: Eiscue|Ground\n|move|p1a: Eiscue|Tera Blast|p2a: Vileplume|[anim] Tera Blast Ground\n|-damage|p2a: Vileplume|0 fnt\n|faint|p2a: Vileplume\n|\n|upkeep\n|\n|t:|1771196110\n|switch|p2a: Probopass|Probopass, L91, M|257/257\n|-damage|p2a: Probopass|225/257|[from] Spikes\n|turn|25\n|inactive|backdayz has 120 seconds left.\n|\n|t:|1771196120\n|move|p1a: Eiscue|Tera Blast|p2a: Probopass|[anim] Tera Blast Ground\n|-supereffective|p2a: Probopass\n|-damage|p2a: Probopass|0 fnt\n|faint|p2a: Probopass\n|\n|upkeep\n|\n|t:|1771196122\n|switch|p2a: Victreebel|Victreebel, L90, M|23/290\n|-damage|p2a: Victreebel|0 fnt|[from] Spikes\n|faint|p2a: Victreebel\n|\n|win|backdayz\n|raw|backdayz's rating: 1684 &rarr; <strong>1703</strong><br />(+19 for winning)\n|raw|emrys_x's rating: 1672 &rarr; <strong>1653</strong><br />(-19 for losing)\n", "inputlog": ">version 686819e5e19f8a7fd2345cfc5a08a5085efa2cc3\n>start {\"formatid\":\"gen9randombattle\",\"seed\":\"sodium,95d91a15c19b6d7c1f6505ef22dabe95\",\"rated\":\"Rated battle\"}\n>player p1 {\"name\":\"backdayz\",\"avatar\":\"265\",\"rating\":1667,\"seed\":\"sodium,5a85117bea6e6f330684201a708fcc28\"}\n>player p2 {\"name\":\"emrys_x\",\"avatar\":\"n-masters\",\"rating\":1672,\"seed\":\"sodium,2d811bb236caf1ccf3ee88cb39c0b5dc\"}\n>p1 move fakeout\n>p2 move tripleaxel\n>p1 move lowkick\n>p2 move tripleaxel\n>p1 move lowkick\n>p2 move tripleaxel\n>p2 switch 4\n>p1 switch 6\n>p2 move aquastep\n>p1 move thunderbolt\n>p2 move aquastep\n>p2 switch 2\n>p1 switch 3\n>p2 move sunnyday\n>p1 move nastyplot\n>p2 move weatherball\n>p1 move shadowball\n>p2 move weatherball\n>p1 switch 6\n>p1 move fakeout\n>p2 move powerwhip\n>p1 switch 3\n>p2 move powerwhip\n>p1 move thunderbolt\n>p2 move sunnyday\n>p1 move thunderbolt\n>p2 move weatherball\n>p1 switch 3\n>p1 move fakeout\n>p2 switch 3\n>p1 move doubleedge\n>p2 move strengthsap\n>p1 switch 5\n>p2 move leechseed\n>p1 move voltswitch\n>p2 move gigadrain\n>p1 switch 2\n>p1 move icespinner\n>p2 move leechseed terastallize\n>p1 switch 2\n>p2 move gigadrain\n>p1 move wildcharge\n>p2 switch 6\n>p1 move spikes\n>p2 move earthquake\n>p1 switch 4\n>p1 move shellsmash\n>p2 move megahorn\n>p1 switch 2\n>p1 move bellydrum\n>p2 move stoneedge\n>p1 move liquidation\n>p2 move stoneedge\n>p2 switch 6\n>p1 move terablast terastallize\n>p2 move gigadrain\n>p2 switch 5\n>p1 move terablast\n>p2 move bodypress\n>p2 switch 3", "uploadtime": 1771196123, "views": 8, "formatid": "gen9randombattle", "rating": 1653, "private": 0, "password": null}