{"id": "gen9randombattle-2540787178", "format": "[Gen 9] Random Battle", "players": ["cucumber311", "Arxz"], "log": "|j|☆cucumber311\n|j|☆Arxz\n|t:|1771253957\n|gametype|singles\n|player|p1|cucumber311|lillie-masters|2087\n|player|p2|Arxz|hoopster|2140\n|gen|9\n|tier|[Gen 9] Random Battle\n|rated|\n|rule|Species Clause: Limit one of each Pokémon\n|rule|HP Percentage Mod: HP is shown in percentages\n|rule|Sleep Clause Mod: Limit one foe put to sleep\n|rule|Illusion Level Mod: Illusion disguises the Pokémon's true level\n|\n|t:|1771253957\n|teamsize|p1|6\n|teamsize|p2|6\n|start\n|switch|p1a: Altaria|Altaria, L89, M|278/278\n|switch|p2a: Jumpluff|Jumpluff, L87, F|271/271\n|turn|1\n|inactive|Battle timer is ON: inactive players will automatically lose when time's up. (requested by Arxz)\n|\n|t:|1771253972\n|switch|p2a: Incineroar|Incineroar, L82, M|290/290\n|-ability|p2a: Incineroar|Intimidate|boost\n|-unboost|p1a: Altaria|atk|1\n|move|p1a: Altaria|Will-O-Wisp|p2a: Incineroar\n|-immune|p2a: Incineroar\n|\n|upkeep\n|turn|2\n|\n|t:|1771253983\n|switch|p1a: Gurdurr|Gurdurr, L85, F|283/283\n|move|p2a: Incineroar|Knock Off|p1a: Gurdurr\n|-resisted|p1a: Gurdurr\n|-damage|p1a: Gurdurr|244/283\n|-enditem|p1a: Gurdurr|Eviolite|[from] move: Knock Off|[of] p2a: Incineroar\n|\n|upkeep\n|turn|3\n|\n|t:|1771253997\n|switch|p2a: Jumpluff|Jumpluff, L87, F|271/271\n|move|p1a: Gurdurr|Knock Off|p2a: Jumpluff\n|-damage|p2a: Jumpluff|212/271\n|\n|upkeep\n|turn|4\n|\n|t:|1771254005\n|switch|p1a: Cyclizar|Cyclizar, L83, F|252/252\n|move|p2a: Jumpluff|Acrobatics|p1a: Cyclizar\n|-damage|p1a: Cyclizar|144/252\n|\n|upkeep\n|turn|5\n|\n|t:|1771254015\n|move|p1a: Cyclizar|Shed Tail|p1a: Cyclizar\n|-start|p1a: Cyclizar|Substitute|[from] move: Shed Tail\n|-damage|p1a: Cyclizar|18/252\n|\n|t:|1771254023\n|switch|p1a: Pincurchin|Pincurchin, M|258/258|[from] Shed Tail\n|-fieldstart|move: Electric Terrain|[from] ability: Electric Surge|[of] p1a: Pincurchin\n|move|p2a: Jumpluff|Acrobatics|p1a: Pincurchin\n|-resisted|p1a: Pincurchin\n|-damage|p1a: Pincurchin|226/258\n|\n|-heal|p1a: Pincurchin|242/258|[from] item: Leftovers\n|upkeep\n|turn|6\n|\n|t:|1771254035\n|switch|p2a: Iron Leaves|Iron Leaves, L80|275/275\n|-activate|p2a: Iron Leaves|ability: Quark Drive\n|-start|p2a: Iron Leaves|quarkdriveatk\n|move|p1a: Pincurchin|Curse|p1a: Pincurchin\n|-unboost|p1a: Pincurchin|spe|1\n|-boost|p1a: Pincurchin|atk|1\n|-boost|p1a: Pincurchin|def|1\n|\n|-heal|p1a: Pincurchin|258/258|[from] item: Leftovers\n|upkeep\n|turn|7\n|\n|t:|1771254046\n|move|p2a: Iron Leaves|Leaf Blade|p1a: Pincurchin\n|-end|p1a: Pincurchin|Substitute\n|move|p1a: Pincurchin|Curse|p1a: Pincurchin\n|-unboost|p1a: Pincurchin|spe|1\n|-boost|p1a: Pincurchin|atk|1\n|-boost|p1a: Pincurchin|def|1\n|\n|upkeep\n|turn|8\n|\n|t:|1771254062\n|-terastallize|p1a: Pincurchin|Grass\n|move|p2a: Iron Leaves|Leaf Blade|p1a: Pincurchin\n|-resisted|p1a: Pincurchin\n|-crit|p1a: Pincurchin\n|-damage|p1a: Pincurchin|128/258\n|move|p1a: Pincurchin|Curse|p1a: Pincurchin\n|-unboost|p1a: Pincurchin|spe|1\n|-boost|p1a: Pincurchin|atk|1\n|-boost|p1a: Pincurchin|def|1\n|\n|-heal|p1a: Pincurchin|144/258|[from] item: Leftovers\n|upkeep\n|turn|9\n|\n|t:|1771254072\n|-end|p2a: Iron Leaves|Quark Drive|[silent]\n|switch|p2a: Jumpluff|Jumpluff, L87, F|212/271\n|move|p1a: Pincurchin|Recover|p1a: Pincurchin\n|-heal|p1a: Pincurchin|258/258\n|\n|-fieldend|move: Electric Terrain\n|upkeep\n|turn|10\n|\n|t:|1771254078\n|move|p2a: Jumpluff|Encore|p1a: Pincurchin\n|-start|p1a: Pincurchin|Encore\n|move|p1a: Pincurchin|Recover||[still]\n|-fail|p1a: Pincurchin|heal\n|\n|upkeep\n|turn|11\n|-message|cucumber311 forfeited.\n|\n|win|Arxz\n|raw|cucumber311's rating: 2087 &rarr; <strong>2070</strong><br />(-17 for losing)\n|raw|Arxz's rating: 2140 &rarr; <strong>2157</strong><br />(+17 for winning)\n|l|☆cucumber311\n|player|p1|\n", "inputlog": ">version 686819e5e19f8a7fd2345cfc5a08a5085efa2cc3\n>start {\"formatid\":\"gen9randombattle\",\"seed\":\"sodium,2c2c86d1b8162f3bd649d157aef0c6a9\",\"rated\":\"Rated battle\"}\n>player p1 {\"name\":\"cucumber311\",\"avatar\":\"lillie-masters\",\"rating\":2087,\"seed\":\"sodium,57434a2266b3c58ab0e49c2d7c4ada19\"}\n>player p2 {\"name\":\"Arxz\",\"avatar\":\"hoopster\",\"rating\":2140,\"seed\":\"sodium,4df9a05a2fd9078e42b051670d3c97c3\"}\n>p1 move willowisp\n>p2 switch 6\n>p1 switch 4\n>p2 move knockoff\n>p1 move knockoff\n>p2 switch 6\n>p1 switch 3\n>p2 move acrobatics\n>p1 move shedtail\n>p2 move acrobatics\n>p1 switch 5\n>p1 move curse\n>p2 switch 4\n>p1 move curse\n>p2 move leafblade\n>p1 move curse terastallize\n>p2 move leafblade\n>p1 move recover\n>p2 switch 4\n>p1 move curse\n>p2 move encore\n>forcelose p1", "uploadtime": 1771254085, "views": 6, "formatid": "gen9randombattle", "rating": 2070, "private": 0, "password": null}