{"id": "gen9randombattle-2540383520", "format": "[Gen 9] Random Battle", "players": ["kk542", "Micael Lopes"], "log": "|j|☆kk542\n|j|☆Micael Lopes\n|t:|1771195439\n|gametype|singles\n|player|p1|kk542|170|1856\n|player|p2|Micael Lopes|benga|1827\n|gen|9\n|tier|[Gen 9] Random Battle\n|rated|\n|rule|Species Clause: Limit one of each Pokémon\n|rule|HP Percentage Mod: HP is shown in percentages\n|rule|Sleep Clause Mod: Limit one foe put to sleep\n|rule|Illusion Level Mod: Illusion disguises the Pokémon's true level\n|\n|t:|1771195439\n|teamsize|p1|6\n|teamsize|p2|6\n|start\n|switch|p1a: Regigigas|Regigigas, L84|322/322\n|switch|p2a: Gyarados|Gyarados, L79, F|280/280\n|-start|p1a: Regigigas|ability: Slow Start\n|turn|1\n|inactive|Battle timer is ON: inactive players will automatically lose when time's up. (requested by Micael Lopes)\n|\n|t:|1771195448\n|switch|p2a: Ariados|Ariados, L95, F|287/287\n|move|p1a: Regigigas|Knock Off|p2a: Ariados\n|-damage|p2a: Ariados|233/287\n|-enditem|p2a: Ariados|Heavy-Duty Boots|[from] move: Knock Off|[of] p1a: Regigigas\n|\n|upkeep\n|turn|2\n|\n|t:|1771195459\n|move|p2a: Ariados|Sticky Web|p1a: Regigigas\n|-sidestart|p1: kk542|move: Sticky Web\n|move|p1a: Regigigas|Body Slam|p2a: Ariados\n|-damage|p2a: Ariados|160/287\n|-status|p2a: Ariados|par\n|\n|upkeep\n|turn|3\n|\n|t:|1771195467\n|move|p1a: Regigigas|Body Slam|p2a: Ariados\n|-damage|p2a: Ariados|91/287 par\n|move|p2a: Ariados|Poison Jab|p1a: Regigigas\n|-damage|p1a: Regigigas|238/322\n|-status|p1a: Regigigas|psn\n|\n|-heal|p1a: Regigigas|258/322 psn|[from] item: Leftovers\n|-damage|p1a: Regigigas|218/322 psn|[from] psn\n|upkeep\n|turn|4\n|\n|t:|1771195479\n|switch|p2a: Duraludon|Duraludon, L82, F|249/249\n|move|p1a: Regigigas|Rest|p1a: Regigigas\n|-status|p1a: Regigigas|slp|[from] move: Rest\n|-heal|p1a: Regigigas|322/322 slp|[silent]\n|\n|upkeep\n|turn|5\n|\n|t:|1771195487\n|cant|p1a: Regigigas|slp\n|move|p1a: Regigigas|Sleep Talk|p1a: Regigigas\n|move|p1a: Regigigas|Rest||[from] move: Sleep Talk|[still]\n|-fail|p1a: Regigigas\n|move|p2a: Duraludon|Dragon Tail|p1a: Regigigas\n|-damage|p1a: Regigigas|271/322 slp\n|drag|p1a: Ribombee|Ribombee, L83, F|235/235\n|\n|upkeep\n|turn|6\n|\n|t:|1771195505\n|move|p1a: Ribombee|Quiver Dance|p1a: Ribombee\n|-boost|p1a: Ribombee|spa|1\n|-boost|p1a: Ribombee|spd|1\n|-boost|p1a: Ribombee|spe|1\n|move|p2a: Duraludon|Flash Cannon|p1a: Ribombee\n|-supereffective|p1a: Ribombee\n|-damage|p1a: Ribombee|97/235\n|\n|upkeep\n|turn|7\n|\n|t:|1771195529\n|-terastallize|p1a: Ribombee|Ground\n|move|p1a: Ribombee|Tera Blast|p2a: Duraludon|[anim] Tera Blast Ground\n|-supereffective|p2a: Duraludon\n|-damage|p2a: Duraludon|7/249\n|move|p2a: Duraludon|Flash Cannon|p1a: Ribombee\n|-damage|p1a: Ribombee|22/235\n|\n|upkeep\n|turn|8\n|\n|t:|1771195538\n|move|p1a: Ribombee|Moonblast|p2a: Duraludon\n|-damage|p2a: Duraludon|0 fnt\n|faint|p2a: Duraludon\n|\n|upkeep\n|\n|t:|1771195555\n|switch|p2a: Azumarill|Azumarill, L82, M|298/298\n|turn|9\n|\n|t:|1771195560\n|switch|p1a: Leavanny|Leavanny, L86, M|269/269\n|-activate|p1a: Leavanny|move: Sticky Web\n|-unboost|p1a: Leavanny|spe|1\n|move|p2a: Azumarill|Aqua Jet|p1a: Leavanny\n|-resisted|p1a: Leavanny\n|-damage|p1a: Leavanny|230/269\n|\n|upkeep\n|turn|10\n|\n|t:|1771195583\n|switch|p2a: Tornadus|Tornadus-Therian, L79, M|254/254\n|move|p1a: Leavanny|Sticky Web|p2a: Tornadus\n|-sidestart|p2: Micael Lopes|move: Sticky Web\n|\n|upkeep\n|turn|11\n|\n|t:|1771195594\n|switch|p1a: Giratina|Giratina-Origin, L72|335/335\n|move|p2a: Tornadus|Bleakwind Storm|p1a: Giratina|[miss]\n|-miss|p2a: Tornadus|p1a: Giratina\n|\n|upkeep\n|turn|12\n|\n|t:|1771195607\n|move|p2a: Tornadus|Bleakwind Storm|p1a: Giratina\n|-damage|p1a: Giratina|175/335\n|-unboost|p1a: Giratina|spe|1\n|move|p1a: Giratina|Poltergeist|p2a: Tornadus\n|-activate|p2a: Tornadus|move: Poltergeist|Choice Specs\n|-damage|p2a: Tornadus|125/254\n|\n|upkeep\n|turn|13\n|\n|t:|1771195616\n|switch|p2a: Wo-Chien|Wo-Chien, L83|277/277\n|-activate|p2a: Wo-Chien|move: Sticky Web\n|-unboost|p2a: Wo-Chien|spe|1\n|-ability|p2a: Wo-Chien|Tablets of Ruin\n|move|p1a: Giratina|Poltergeist|p2a: Wo-Chien\n|-activate|p2a: Wo-Chien|move: Poltergeist|Leftovers\n|-resisted|p2a: Wo-Chien\n|-damage|p2a: Wo-Chien|232/277\n|\n|-heal|p2a: Wo-Chien|249/277|[from] item: Leftovers\n|upkeep\n|turn|14\n|\n|t:|1771195630\n|move|p2a: Wo-Chien|Knock Off|p1a: Giratina\n|-supereffective|p1a: Giratina\n|-damage|p1a: Giratina|37/335\n|move|p1a: Giratina|Dragon Tail|p2a: Wo-Chien\n|-damage|p2a: Wo-Chien|204/277\n|drag|p2a: Gyarados|Gyarados, L79, F|280/280\n|\n|upkeep\n|turn|15\n|\n|t:|1771195654\n|move|p2a: Gyarados|Waterfall|p1a: Giratina\n|-resisted|p1a: Giratina\n|-damage|p1a: Giratina|0 fnt\n|faint|p1a: Giratina\n|-ability|p2a: Gyarados|Moxie|boost\n|-boost|p2a: Gyarados|atk|1\n|\n|upkeep\n|\n|t:|1771195662\n|switch|p1a: Plusle|Plusle, L95, M|268/268\n|-activate|p1a: Plusle|move: Sticky Web\n|-unboost|p1a: Plusle|spe|1\n|turn|16\n|\n|t:|1771195683\n|-terastallize|p2a: Gyarados|Ground\n|move|p2a: Gyarados|Earthquake|p1a: Plusle\n|-supereffective|p1a: Plusle\n|-damage|p1a: Plusle|0 fnt\n|faint|p1a: Plusle\n|-ability|p2a: Gyarados|Moxie|boost\n|-boost|p2a: Gyarados|atk|1\n|\n|upkeep\n|\n|t:|1771195693\n|switch|p1a: Leavanny|Leavanny, L86, M|230/269\n|-activate|p1a: Leavanny|move: Sticky Web\n|-unboost|p1a: Leavanny|spe|1\n|turn|17\n|\n|t:|1771195703\n|move|p2a: Gyarados|Stone Edge|p1a: Leavanny\n|-supereffective|p1a: Leavanny\n|-damage|p1a: Leavanny|0 fnt\n|faint|p1a: Leavanny\n|-ability|p2a: Gyarados|Moxie|boost\n|-boost|p2a: Gyarados|atk|1\n|\n|upkeep\n|-message|kk542 forfeited.\n|\n|win|Micael Lopes\n|raw|kk542's rating: 1856 &rarr; <strong>1834</strong><br />(-22 for losing)\n|raw|Micael Lopes's rating: 1827 &rarr; <strong>1849</strong><br />(+22 for winning)\n|l|☆kk542\n|player|p1|\n|c|☆Micael Lopes|**__Sexy game.__**\n", "inputlog": ">version 686819e5e19f8a7fd2345cfc5a08a5085efa2cc3\n>start {\"formatid\":\"gen9randombattle\",\"seed\":\"sodium,9eed69bdc3e301cab2318bc547b78dde\",\"rated\":\"Rated battle\"}\n>player p1 {\"name\":\"kk542\",\"avatar\":\"170\",\"rating\":1856,\"seed\":\"sodium,45b3c36b892978fae84bdf8eac702bf2\"}\n>player p2 {\"name\":\"Micael Lopes\",\"avatar\":\"benga\",\"rating\":1827,\"seed\":\"sodium,7111635d67904db886c5c45e786865f9\"}\n>p1 move knockoff\n>p2 switch 2\n>p1 move bodyslam\n>p2 move stickyweb\n>p1 move bodyslam\n>p2 move poisonjab\n>p1 move rest\n>p2 switch 3\n>p1 move sleeptalk\n>p2 move dragontail\n>p1 move quiverdance\n>p2 move flashcannon\n>p1 move terablast terastallize\n>p2 move flashcannon\n>p1 move moonblast\n>p2 move flashcannon\n>p2 switch 5\n>p1 switch 2\n>p2 move aquajet\n>p1 move stickyweb\n>p2 switch 4\n>p1 switch 5\n>p2 move bleakwindstorm\n>p1 move poltergeist\n>p2 move bleakwindstorm\n>p1 move poltergeist\n>p2 switch 6\n>p1 move dragontail\n>p2 move knockoff\n>p1 move poltergeist\n>p2 move waterfall\n>p1 switch 6\n>p1 move thunderbolt\n>p2 move earthquake terastallize\n>p1 switch 5\n>p1 move tripleaxel\n>p2 move stoneedge\n>forcelose p1", "uploadtime": 1771195709, "views": 11, "formatid": "gen9randombattle", "rating": 1834, "private": 0, "password": null}