{"id": "gen9randombattle-2540533020", "format": "[Gen 9] Random Battle", "players": ["Konnor658", "FantasyWind"], "log": "|j|☆Konnor658\n|j|‽FantasyWind\n|t:|1771214109\n|gametype|singles\n|player|p1|Konnor658|will|1666\n|player|p2|FantasyWind|rosa|1715\n|gen|9\n|tier|[Gen 9] Random Battle\n|rated|\n|rule|Species Clause: Limit one of each Pokémon\n|rule|HP Percentage Mod: HP is shown in percentages\n|rule|Sleep Clause Mod: Limit one foe put to sleep\n|rule|Illusion Level Mod: Illusion disguises the Pokémon's true level\n|\n|t:|1771214109\n|teamsize|p1|6\n|teamsize|p2|6\n|start\n|switch|p1a: Latias|Latias, L79, F|256/256\n|switch|p2a: Lunala|Lunala, L70|308/308\n|turn|1\n|inactive|Battle timer is ON: inactive players will automatically lose when time's up. (requested by FantasyWind)\n|inactive|Konnor658 also wants the timer to be on.\n|\n|t:|1771214124\n|switch|p1a: Roaring Moon|Roaring Moon, L72|270/270\n|-enditem|p1a: Roaring Moon|Booster Energy\n|-activate|p1a: Roaring Moon|ability: Protosynthesis|[fromitem]\n|-start|p1a: Roaring Moon|protosynthesisatk\n|move|p2a: Lunala|Calm Mind|p2a: Lunala\n|-boost|p2a: Lunala|spa|1\n|-boost|p2a: Lunala|spd|1\n|\n|upkeep\n|turn|2\n|\n|t:|1771214133\n|-terastallize|p1a: Roaring Moon|Steel\n|move|p1a: Roaring Moon|Dragon Dance|p1a: Roaring Moon\n|-boost|p1a: Roaring Moon|atk|1\n|-boost|p1a: Roaring Moon|spe|1\n|move|p2a: Lunala|Moonblast|p1a: Roaring Moon\n|-resisted|p1a: Roaring Moon\n|-damage|p1a: Roaring Moon|223/270\n|\n|upkeep\n|turn|3\n|\n|t:|1771214140\n|-terastallize|p2a: Lunala|Fairy\n|move|p1a: Roaring Moon|Knock Off|p2a: Lunala\n|-resisted|p2a: Lunala\n|-damage|p2a: Lunala|252/308\n|-enditem|p2a: Lunala|Leftovers|[from] move: Knock Off|[of] p1a: Roaring Moon\n|move|p2a: Lunala|Moongeist Beam|p1a: Roaring Moon\n|-damage|p1a: Roaring Moon|64/270\n|\n|upkeep\n|turn|4\n|\n|t:|1771214144\n|move|p1a: Roaring Moon|Iron Head|p2a: Lunala\n|-supereffective|p2a: Lunala\n|-damage|p2a: Lunala|0 fnt\n|faint|p2a: Lunala\n|\n|upkeep\n|\n|t:|1771214149\n|switch|p2a: Mightyena|Mightyena, L96, F|290/290\n|-ability|p2a: Mightyena|Intimidate|boost\n|-unboost|p1a: Roaring Moon|atk|1\n|turn|5\n|\n|t:|1771214154\n|move|p1a: Roaring Moon|Outrage|p2a: Mightyena\n|-damage|p2a: Mightyena|113/290\n|move|p2a: Mightyena|Crunch|p1a: Roaring Moon\n|-damage|p1a: Roaring Moon|0 fnt\n|faint|p1a: Roaring Moon\n|-end|p1a: Roaring Moon|Protosynthesis|[silent]\n|\n|upkeep\n|\n|t:|1771214161\n|switch|p1a: Heatran|Heatran, L79, M|273/273\n|turn|6\n|\n|t:|1771214173\n|move|p2a: Mightyena|Super Fang|p1a: Heatran\n|-damage|p1a: Heatran|137/273\n|move|p1a: Heatran|Lava Plume|p2a: Mightyena\n|-damage|p2a: Mightyena|41/290\n|-status|p2a: Mightyena|brn\n|\n|-damage|p2a: Mightyena|23/290 brn|[from] brn\n|upkeep\n|turn|7\n|\n|t:|1771214183\n|move|p2a: Mightyena|Super Fang|p1a: Heatran|[miss]\n|-miss|p2a: Mightyena|p1a: Heatran\n|move|p1a: Heatran|Heavy Slam|p2a: Mightyena\n|-damage|p2a: Mightyena|0 fnt\n|faint|p2a: Mightyena\n|\n|upkeep\n|\n|t:|1771214189\n|switch|p2a: Mismagius|Mismagius, L86, F|243/243\n|turn|8\n|\n|t:|1771214193\n|move|p2a: Mismagius|Nasty Plot|p2a: Mismagius\n|-boost|p2a: Mismagius|spa|2\n|move|p1a: Heatran|Magma Storm|p2a: Mismagius|[miss]\n|-miss|p1a: Heatran|p2a: Mismagius\n|\n|upkeep\n|turn|9\n|\n|t:|1771214199\n|move|p2a: Mismagius|Shadow Ball|p1a: Heatran\n|-damage|p1a: Heatran|0 fnt\n|faint|p1a: Heatran\n|-damage|p2a: Mismagius|219/243|[from] item: Life Orb\n|\n|upkeep\n|\n|t:|1771214209\n|switch|p1a: Uxie|Uxie, L83|260/260\n|turn|10\n|\n|t:|1771214214\n|move|p2a: Mismagius|Shadow Ball|p1a: Uxie\n|-supereffective|p1a: Uxie\n|-damage|p1a: Uxie|0 fnt\n|faint|p1a: Uxie\n|-damage|p2a: Mismagius|195/243|[from] item: Life Orb\n|\n|upkeep\n|\n|t:|1771214220\n|switch|p1a: Alomomola|Alomomola, L87, M|429/429\n|turn|11\n|\n|t:|1771214224\n|move|p2a: Mismagius|Shadow Ball|p1a: Alomomola\n|-damage|p1a: Alomomola|39/429\n|-unboost|p1a: Alomomola|spd|1\n|-damage|p2a: Mismagius|171/243|[from] item: Life Orb\n|move|p1a: Alomomola|Scald|p2a: Mismagius\n|-damage|p2a: Mismagius|132/243\n|\n|-heal|p1a: Alomomola|65/429|[from] item: Leftovers\n|upkeep\n|turn|12\n|\n|t:|1771214227\n|move|p1a: Alomomola|Protect|p1a: Alomomola\n|-singleturn|p1a: Alomomola|Protect\n|move|p2a: Mismagius|Shadow Ball|p1a: Alomomola\n|-activate|p1a: Alomomola|move: Protect\n|\n|-heal|p1a: Alomomola|91/429|[from] item: Leftovers\n|upkeep\n|turn|13\n|\n|t:|1771214229\n|move|p2a: Mismagius|Shadow Ball|p1a: Alomomola\n|-damage|p1a: Alomomola|0 fnt\n|faint|p1a: Alomomola\n|-damage|p2a: Mismagius|108/243|[from] item: Life Orb\n|\n|upkeep\n|\n|t:|1771214232\n|switch|p1a: Orthworm|Orthworm, L88, M|266/266\n|turn|14\n|\n|t:|1771214239\n|move|p2a: Mismagius|Shadow Ball|p1a: Orthworm\n|-damage|p1a: Orthworm|0 fnt\n|faint|p1a: Orthworm\n|-damage|p2a: Mismagius|84/243|[from] item: Life Orb\n|\n|upkeep\n|\n|t:|1771214243\n|switch|p1a: Latias|Latias, L79, F|256/256\n|turn|15\n|\n|t:|1771214246\n|move|p2a: Mismagius|Shadow Ball|p1a: Latias\n|-supereffective|p1a: Latias\n|-damage|p1a: Latias|0 fnt\n|faint|p1a: Latias\n|-damage|p2a: Mismagius|60/243|[from] item: Life Orb\n|\n|win|FantasyWind\n|raw|Konnor658's rating: 1666 &rarr; <strong>1649</strong><br />(-17 for losing)\n|raw|FantasyWind's rating: 1715 &rarr; <strong>1732</strong><br />(+17 for winning)\n|l|☆Konnor658\n|player|p1|\n", "inputlog": ">version 686819e5e19f8a7fd2345cfc5a08a5085efa2cc3\n>start {\"formatid\":\"gen9randombattle\",\"seed\":\"sodium,83ec608d37b452d7be7b1c0fa33d65ba\",\"rated\":\"Rated battle\"}\n>player p1 {\"name\":\"Konnor658\",\"avatar\":\"will\",\"rating\":1666,\"seed\":\"sodium,5edcaae71b0f377a7689948420f75d90\"}\n>player p2 {\"name\":\"FantasyWind\",\"avatar\":\"rosa\",\"rating\":1715,\"seed\":\"sodium,d93b9144ca669d85988c81c701163998\"}\n>p1 switch 4\n>p2 move calmmind\n>p1 move dragondance terastallize\n>p2 move moonblast\n>p1 move knockoff\n>p2 move moongeistbeam terastallize\n>p1 move ironhead\n>p2 move moongeistbeam\n>p2 switch 6\n>p1 move outrage\n>p2 move crunch\n>p1 switch 6\n>p1 move lavaplume\n>p2 move superfang\n>p1 move heavyslam\n>p2 move superfang\n>p2 switch 2\n>p1 move magmastorm\n>p2 move nastyplot\n>p1 move magmastorm\n>p2 move shadowball\n>p1 switch 2\n>p1 move knockoff\n>p2 move shadowball\n>p1 switch 5\n>p1 move scald\n>p2 move shadowball\n>p1 move protect\n>p2 move shadowball\n>p1 move wish\n>p2 move shadowball\n>p1 switch 3\n>p1 move heavyslam\n>p2 move shadowball\n>p1 switch 4\n>p1 move psyshock\n>p2 move shadowball", "uploadtime": 1771214247, "views": 10, "formatid": "gen9randombattle", "rating": 1649, "private": 0, "password": null}