{"id": "gen9randombattle-2540750867", "format": "[Gen 9] Random Battle", "players": ["Woundedcorn", "Phani42"], "log": "|j|☆Woundedcorn\n|j|☆Phani42\n|t:|1771249672\n|gametype|singles\n|player|p1|Woundedcorn|170|1731\n|player|p2|Phani42|1|1792\n|gen|9\n|tier|[Gen 9] Random Battle\n|rated|\n|rule|Species Clause: Limit one of each Pokémon\n|rule|HP Percentage Mod: HP is shown in percentages\n|rule|Sleep Clause Mod: Limit one foe put to sleep\n|rule|Illusion Level Mod: Illusion disguises the Pokémon's true level\n|\n|t:|1771249672\n|teamsize|p1|6\n|teamsize|p2|6\n|start\n|switch|p1a: Pecharunt|Pecharunt, L77|262/262\n|switch|p2a: Sudowoodo|Sudowoodo, L94, F|284/284\n|turn|1\n|inactive|Battle timer is ON: inactive players will automatically lose when time's up. (requested by Phani42)\n|\n|t:|1771249696\n|switch|p2a: Muk|Muk-Alola, L82, M|306/306\n|move|p1a: Pecharunt|Nasty Plot|p1a: Pecharunt\n|-boost|p1a: Pecharunt|spa|2\n|\n|upkeep\n|turn|2\n|\n|t:|1771249715\n|move|p1a: Pecharunt|Nasty Plot|p1a: Pecharunt\n|-boost|p1a: Pecharunt|spa|2\n|move|p2a: Muk|Knock Off|p1a: Pecharunt\n|-supereffective|p1a: Pecharunt\n|-damage|p1a: Pecharunt|124/262\n|-enditem|p1a: Pecharunt|Leftovers|[from] move: Knock Off|[of] p2a: Muk\n|\n|upkeep\n|turn|3\n|\n|t:|1771249722\n|move|p1a: Pecharunt|Recover|p1a: Pecharunt\n|-heal|p1a: Pecharunt|255/262\n|move|p2a: Muk|Knock Off|p1a: Pecharunt\n|-supereffective|p1a: Pecharunt\n|-damage|p1a: Pecharunt|165/262\n|\n|upkeep\n|turn|4\n|\n|t:|1771249731\n|move|p1a: Pecharunt|Nasty Plot|p1a: Pecharunt\n|-boost|p1a: Pecharunt|spa|2\n|move|p2a: Muk|Knock Off|p1a: Pecharunt\n|-supereffective|p1a: Pecharunt\n|-damage|p1a: Pecharunt|69/262\n|\n|upkeep\n|turn|5\n|\n|t:|1771249742\n|-terastallize|p1a: Pecharunt|Dark\n|move|p1a: Pecharunt|Recover|p1a: Pecharunt\n|-heal|p1a: Pecharunt|200/262\n|move|p2a: Muk|Knock Off|p1a: Pecharunt\n|-resisted|p1a: Pecharunt\n|-damage|p1a: Pecharunt|178/262\n|\n|upkeep\n|turn|6\n|\n|t:|1771249755\n|move|p1a: Pecharunt|Malignant Chain|p2a: Muk\n|-resisted|p2a: Muk\n|-damage|p2a: Muk|213/306\n|move|p2a: Muk|Gunk Shot|p1a: Pecharunt\n|-damage|p1a: Pecharunt|96/262\n|\n|upkeep\n|turn|7\n|\n|t:|1771249763\n|move|p1a: Pecharunt|Recover|p1a: Pecharunt\n|-heal|p1a: Pecharunt|227/262\n|move|p2a: Muk|Gunk Shot|p1a: Pecharunt\n|-crit|p1a: Pecharunt\n|-damage|p1a: Pecharunt|98/262\n|\n|upkeep\n|turn|8\n|\n|t:|1771249769\n|move|p1a: Pecharunt|Recover|p1a: Pecharunt\n|-heal|p1a: Pecharunt|229/262\n|move|p2a: Muk|Gunk Shot|p1a: Pecharunt\n|-damage|p1a: Pecharunt|148/262\n|\n|upkeep\n|turn|9\n|\n|t:|1771249777\n|move|p1a: Pecharunt|Malignant Chain|p2a: Muk\n|-resisted|p2a: Muk\n|-damage|p2a: Muk|116/306\n|move|p2a: Muk|Gunk Shot|p1a: Pecharunt\n|-damage|p1a: Pecharunt|64/262\n|\n|upkeep\n|turn|10\n|\n|t:|1771249784\n|move|p1a: Pecharunt|Recover|p1a: Pecharunt\n|-heal|p1a: Pecharunt|195/262\n|move|p2a: Muk|Gunk Shot|p1a: Pecharunt\n|-damage|p1a: Pecharunt|114/262\n|-status|p1a: Pecharunt|psn\n|\n|-damage|p1a: Pecharunt|82/262 psn|[from] psn\n|upkeep\n|turn|11\n|\n|t:|1771249787\n|move|p1a: Pecharunt|Malignant Chain|p2a: Muk\n|-resisted|p2a: Muk\n|-damage|p2a: Muk|22/306\n|move|p2a: Muk|Gunk Shot|p1a: Pecharunt\n|-damage|p1a: Pecharunt|0 fnt\n|faint|p1a: Pecharunt\n|\n|upkeep\n|\n|t:|1771249793\n|switch|p1a: Basculin|Basculin, L86, M|261/261\n|turn|12\n|c|☆Woundedcorn|Tf was I cooking\n|\n|t:|1771249801\n|move|p2a: Muk|Shadow Sneak|p1a: Basculin\n|-damage|p1a: Basculin|228/261\n|move|p1a: Basculin|Flip Turn|p2a: Muk\n|-damage|p2a: Muk|0 fnt\n|faint|p2a: Muk\n|\n|t:|1771249816\n|switch|p1a: Flygon|Flygon, L82, M|265/265|[from] Flip Turn\n|\n|upkeep\n|\n|t:|1771249823\n|switch|p2a: Weezing|Weezing, L88, F|258/258\n|turn|13\n|\n|t:|1771249836\n|switch|p1a: Hoopa|Hoopa, L85|275/275\n|move|p2a: Weezing|Toxic Spikes|p1a: Hoopa\n|-sidestart|p1: Woundedcorn|move: Toxic Spikes\n|\n|upkeep\n|turn|14\n|\n|t:|1771249850\n|switch|p2a: Sudowoodo|Sudowoodo, L94, F|284/284\n|move|p1a: Hoopa|Nasty Plot|p1a: Hoopa\n|-boost|p1a: Hoopa|spa|2\n|\n|upkeep\n|turn|15\n|\n|t:|1771249855\n|move|p2a: Sudowoodo|Sucker Punch|p1a: Hoopa\n|-supereffective|p1a: Hoopa\n|-damage|p1a: Hoopa|0 fnt\n|faint|p1a: Hoopa\n|\n|upkeep\n|\n|t:|1771249861\n|switch|p1a: Flygon|Flygon, L82, M|265/265\n|turn|16\n|\n|t:|1771249863\n|switch|p2a: Weezing|Weezing, L88, F|258/258\n|move|p1a: Flygon|Dragon Dance|p1a: Flygon\n|-boost|p1a: Flygon|atk|1\n|-boost|p1a: Flygon|spe|1\n|\n|upkeep\n|turn|17\n|\n|t:|1771249878\n|move|p1a: Flygon|Dragon Dance|p1a: Flygon\n|-boost|p1a: Flygon|atk|1\n|-boost|p1a: Flygon|spe|1\n|move|p2a: Weezing|Gunk Shot|p1a: Flygon\n|-resisted|p1a: Flygon\n|-damage|p1a: Flygon|192/265\n|-status|p1a: Flygon|psn\n|-enditem|p1a: Flygon|Lum Berry|[eat]\n|-curestatus|p1a: Flygon|psn|[msg]\n|\n|upkeep\n|turn|18\n|\n|t:|1771249887\n|move|p1a: Flygon|Outrage|p2a: Weezing\n|-damage|p2a: Weezing|80/258\n|move|p2a: Weezing|Gunk Shot|p1a: Flygon\n|-resisted|p1a: Flygon\n|-damage|p1a: Flygon|113/265\n|\n|-heal|p2a: Weezing|96/258|[from] item: Leftovers\n|upkeep\n|turn|19\n|\n|t:|1771249894\n|move|p1a: Flygon|Outrage|p2a: Weezing|[from] lockedmove\n|-damage|p2a: Weezing|0 fnt\n|faint|p2a: Weezing\n|-start|p1a: Flygon|confusion|[fatigue]\n|\n|upkeep\n|\n|t:|1771249898\n|switch|p2a: Mimikyu|Mimikyu, L79, F|216/216\n|turn|20\n|\n|t:|1771249905\n|-activate|p1a: Flygon|confusion\n|move|p1a: Flygon|Earthquake|p2a: Mimikyu\n|-activate|p2a: Mimikyu|ability: Disguise\n|-damage|p2a: Mimikyu|216/216\n|detailschange|p2a: Mimikyu|Mimikyu-Busted, L79, F\n|-damage|p2a: Mimikyu|189/216|[from] pokemon: Mimikyu-Busted\n|move|p2a: Mimikyu|Play Rough|p1a: Flygon\n|-supereffective|p1a: Flygon\n|-damage|p1a: Flygon|0 fnt\n|faint|p1a: Flygon\n|-damage|p2a: Mimikyu|168/216|[from] item: Life Orb\n|\n|upkeep\n|\n|t:|1771249911\n|switch|p1a: Basculin|Basculin, L86, M|228/261\n|-status|p1a: Basculin|psn\n|turn|21\n|\n|t:|1771249921\n|move|p2a: Mimikyu|Shadow Sneak|p1a: Basculin\n|-damage|p1a: Basculin|168/261 psn\n|-damage|p2a: Mimikyu|147/216|[from] item: Life Orb\n|move|p1a: Basculin|Wave Crash|p2a: Mimikyu\n|-damage|p2a: Mimikyu|0 fnt\n|faint|p2a: Mimikyu\n|-damage|p1a: Basculin|119/261 psn|[from] Recoil\n|\n|-damage|p1a: Basculin|87/261 psn|[from] psn\n|upkeep\n|\n|t:|1771249932\n|switch|p2a: Sudowoodo|Sudowoodo, L94, F|284/284\n|turn|22\n|\n|t:|1771249935\n|move|p2a: Sudowoodo|Sucker Punch|p1a: Basculin\n|-damage|p1a: Basculin|0 fnt\n|faint|p1a: Basculin\n|\n|upkeep\n|\n|t:|1771249940\n|switch|p1a: Shaymin|Shaymin, L82|298/298\n|-status|p1a: Shaymin|psn\n|turn|23\n|\n|t:|1771249944\n|switch|p2a: Trevenant|Trevenant, L89, M|296/296\n|move|p1a: Shaymin|Leech Seed|p2a: Trevenant\n|-immune|p2a: Trevenant\n|\n|-damage|p1a: Shaymin|261/298 psn|[from] psn\n|upkeep\n|turn|24\n|\n|t:|1771249949\n|move|p1a: Shaymin|Air Slash|p2a: Trevenant\n|-supereffective|p2a: Trevenant\n|-damage|p2a: Trevenant|188/296\n|move|p2a: Trevenant|Poltergeist|p1a: Shaymin\n|-activate|p1a: Shaymin|move: Poltergeist|Leftovers\n|-damage|p1a: Shaymin|100/298 psn\n|-damage|p2a: Trevenant|159/296|[from] item: Life Orb\n|\n|-heal|p1a: Shaymin|118/298 psn|[from] item: Leftovers\n|-damage|p1a: Shaymin|81/298 psn|[from] psn\n|upkeep\n|turn|25\n|\n|t:|1771249958\n|move|p1a: Shaymin|Air Slash|p2a: Trevenant\n|-supereffective|p2a: Trevenant\n|-damage|p2a: Trevenant|49/296\n|move|p2a: Trevenant|Poltergeist|p1a: Shaymin\n|-activate|p1a: Shaymin|move: Poltergeist|Leftovers\n|-damage|p1a: Shaymin|0 fnt\n|faint|p1a: Shaymin\n|-damage|p2a: Trevenant|20/296|[from] item: Life Orb\n|\n|upkeep\n|\n|t:|1771249963\n|switch|p1a: Kommo-o|Kommo-o, L78, M|245/245\n|-status|p1a: Kommo-o|psn\n|turn|26\n|\n|t:|1771249972\n|move|p1a: Kommo-o|Swords Dance|p1a: Kommo-o\n|-boost|p1a: Kommo-o|atk|2\n|move|p2a: Trevenant|Drain Punch|p1a: Kommo-o\n|-damage|p1a: Kommo-o|174/245 psn\n|-heal|p2a: Trevenant|56/296|[from] drain|[of] p1a: Kommo-o\n|-damage|p2a: Trevenant|27/296|[from] item: Life Orb\n|\n|-damage|p1a: Kommo-o|144/245 psn|[from] psn\n|upkeep\n|turn|27\n|\n|t:|1771249978\n|move|p1a: Kommo-o|Scale Shot|p2a: Trevenant\n|-damage|p2a: Trevenant|0 fnt\n|faint|p2a: Trevenant\n|-hitcount|p2: Trevenant|1\n|-unboost|p1a: Kommo-o|def|1\n|-boost|p1a: Kommo-o|spe|1\n|\n|-damage|p1a: Kommo-o|114/245 psn|[from] psn\n|upkeep\n|\n|t:|1771249981\n|switch|p2a: Sudowoodo|Sudowoodo, L94, F|284/284\n|turn|28\n|\n|t:|1771249986\n|move|p1a: Kommo-o|Close Combat|p2a: Sudowoodo\n|-supereffective|p2a: Sudowoodo\n|-damage|p2a: Sudowoodo|0 fnt\n|-unboost|p1a: Kommo-o|def|1\n|-unboost|p1a: Kommo-o|spd|1\n|faint|p2a: Sudowoodo\n|\n|-damage|p1a: Kommo-o|84/245 psn|[from] psn\n|upkeep\n|\n|t:|1771249989\n|switch|p2a: Arceus|Arceus-Flying, L69|279/279\n|turn|29\n|\n|t:|1771249996\n|-terastallize|p2a: Arceus|Steel\n|move|p1a: Kommo-o|Scale Shot|p2a: Arceus\n|-resisted|p2a: Arceus\n|-damage|p2a: Arceus|257/279\n|-resisted|p2a: Arceus\n|-damage|p2a: Arceus|232/279\n|-resisted|p2a: Arceus\n|-damage|p2a: Arceus|208/279\n|-resisted|p2a: Arceus\n|-damage|p2a: Arceus|186/279\n|-resisted|p2a: Arceus\n|-damage|p2a: Arceus|162/279\n|-hitcount|p2a: Arceus|5\n|-unboost|p1a: Kommo-o|def|1\n|-boost|p1a: Kommo-o|spe|1\n|move|p2a: Arceus|Judgment|p1a: Kommo-o\n|-supereffective|p1a: Kommo-o\n|-damage|p1a: Kommo-o|0 fnt\n|faint|p1a: Kommo-o\n|\n|win|Phani42\n|raw|Woundedcorn's rating: 1731 &rarr; <strong>1714</strong><br />(-17 for losing)\n|raw|Phani42's rating: 1792 &rarr; <strong>1809</strong><br />(+17 for winning)\n|l|☆Woundedcorn\n|player|p1|\n", "inputlog": ">version 686819e5e19f8a7fd2345cfc5a08a5085efa2cc3\n>start {\"formatid\":\"gen9randombattle\",\"seed\":\"sodium,626ee2ea074da40442d45590de981543\",\"rated\":\"Rated battle\"}\n>player p1 {\"name\":\"Woundedcorn\",\"avatar\":\"170\",\"rating\":1731,\"seed\":\"sodium,212f5b639d7270366b19eb0aa6d6e6b8\"}\n>player p2 {\"name\":\"Phani42\",\"avatar\":\"1\",\"rating\":1792,\"seed\":\"sodium,db10ec23336de8a9c4e0efd09e58f6c8\"}\n>p1 move nastyplot\n>p2 switch 2\n>p1 move nastyplot\n>p2 move knockoff\n>p1 move recover\n>p2 move knockoff\n>p1 move nastyplot\n>p2 move knockoff\n>p1 move recover terastallize\n>p2 move knockoff\n>p1 move malignantchain\n>p2 move gunkshot\n>p1 move recover\n>p2 move gunkshot\n>p1 move recover\n>p2 move gunkshot\n>p1 move malignantchain\n>p2 move gunkshot\n>p1 move recover\n>p2 move gunkshot\n>p1 move malignantchain\n>p2 move gunkshot\n>p1 switch 4\n>chat ☆Woundedcorn|Tf was I cooking \n>p1 move flipturn\n>p2 move shadowsneak\n>p1 switch 6\n>p2 switch 3\n>p1 switch 2\n>p2 move toxicspikes\n>p1 move nastyplot\n>p2 switch 2\n>p1 move focusblast\n>p2 move suckerpunch\n>p1 switch 2\n>p1 move dragondance\n>p2 switch 2\n>p1 move dragondance\n>p2 move gunkshot\n>p1 move outrage\n>p2 move gunkshot\n>p1 move outrage\n>p2 move toxicspikes\n>p2 switch 5\n>p1 move earthquake\n>p2 move playrough\n>p1 switch 6\n>p1 move wavecrash\n>p2 move shadowsneak\n>p2 switch 2\n>p1 move wavecrash\n>p2 move suckerpunch\n>p1 switch 3\n>p1 move leechseed\n>p2 switch 4\n>p1 move airslash\n>p2 move poltergeist\n>p1 move airslash\n>p2 move poltergeist\n>p1 switch 5\n>p1 move swordsdance\n>p2 move drainpunch\n>p1 move scaleshot\n>p2 move poltergeist\n>p2 switch 4\n>p1 move closecombat\n>p2 move earthquake\n>p2 switch 6\n>p1 move scaleshot\n>p2 move judgment terastallize", "uploadtime": 1771250021, "views": 8, "formatid": "gen9randombattle", "rating": 1714, "private": 0, "password": null}