{"id": "gen9randombattle-2539982022", "format": "[Gen 9] Random Battle", "players": ["vigil ignis", "asdfffg"], "log": "|j|☆vigil ignis\n|j|‽asdfffg\n|t:|1771137946\n|gametype|singles\n|player|p1|vigil ignis|crasherwake|1581\n|player|p2|asdfffg|1|1584\n|gen|9\n|tier|[Gen 9] Random Battle\n|rated|\n|rule|Species Clause: Limit one of each Pokémon\n|rule|HP Percentage Mod: HP is shown in percentages\n|rule|Sleep Clause Mod: Limit one foe put to sleep\n|rule|Illusion Level Mod: Illusion disguises the Pokémon's true level\n|\n|t:|1771137946\n|teamsize|p1|6\n|teamsize|p2|6\n|start\n|switch|p1a: Greedent|Greedent, L86, F|347/347\n|switch|p2a: Vivillon|Vivillon-Polar, L83, M|268/268\n|turn|1\n|inactive|Battle timer is ON: inactive players will automatically lose when time's up. (requested by vigil ignis)\n|\n|t:|1771137956\n|switch|p2a: Sableye|Sableye, L88, F|231/231\n|move|p1a: Greedent|Swords Dance|p1a: Greedent\n|-boost|p1a: Greedent|atk|2\n|\n|upkeep\n|turn|2\n|\n|t:|1771137959\n|move|p2a: Sableye|Encore|p1a: Greedent\n|-start|p1a: Greedent|Encore\n|move|p1a: Greedent|Swords Dance|p1a: Greedent\n|-boost|p1a: Greedent|atk|2\n|\n|upkeep\n|turn|3\n|\n|t:|1771137962\n|switch|p1a: Ariados|Ariados, L95, M|287/287\n|move|p2a: Sableye|Knock Off|p1a: Ariados\n|-damage|p1a: Ariados|187/287\n|-enditem|p1a: Ariados|Heavy-Duty Boots|[from] move: Knock Off|[of] p2a: Sableye\n|\n|upkeep\n|turn|4\n|\n|t:|1771137974\n|move|p2a: Sableye|Thunder Wave|p1a: Ariados\n|-status|p1a: Ariados|par\n|cant|p1a: Ariados|par\n|\n|upkeep\n|turn|5\n|\n|t:|1771137981\n|switch|p2a: Gallade|Gallade, L80, M|240/240\n|move|p1a: Ariados|Sticky Web|p2a: Gallade\n|-sidestart|p2: asdfffg|move: Sticky Web\n|\n|upkeep\n|turn|6\n|\n|t:|1771137988\n|move|p2a: Gallade|Agility|p2a: Gallade\n|-boost|p2a: Gallade|spe|2\n|cant|p1a: Ariados|par\n|\n|upkeep\n|turn|7\n|\n|t:|1771137991\n|move|p2a: Gallade|Psycho Cut|p1a: Ariados\n|-supereffective|p1a: Ariados\n|-crit|p1a: Ariados\n|-damage|p1a: Ariados|0 fnt\n|faint|p1a: Ariados\n|-damage|p2a: Gallade|216/240|[from] item: Life Orb\n|\n|upkeep\n|\n|t:|1771137994\n|switch|p1a: Toucannon|Toucannon, L88, F|284/284\n|turn|8\n|\n|t:|1771138000\n|switch|p2a: Sableye|Sableye, L88, F|231/231\n|-activate|p2a: Sableye|move: Sticky Web\n|-unboost|p2a: Sableye|spe|1\n|-singleturn|p1a: Toucannon|move: Beak Blast\n|move|p1a: Toucannon|Beak Blast|p2a: Sableye\n|-damage|p2a: Sableye|89/231\n|\n|-heal|p2a: Sableye|103/231|[from] item: Leftovers\n|upkeep\n|turn|9\n|\n|t:|1771138006\n|switch|p1a: Greedent|Greedent, L86, F|347/347\n|move|p2a: Sableye|Thunder Wave|p1a: Greedent\n|-status|p1a: Greedent|par\n|\n|-heal|p2a: Sableye|117/231|[from] item: Leftovers\n|upkeep\n|turn|10\n|\n|t:|1771138008\n|move|p2a: Sableye|Knock Off|p1a: Greedent\n|-damage|p1a: Greedent|256/347 par\n|-enditem|p1a: Greedent|Sitrus Berry|[from] move: Knock Off|[of] p2a: Sableye\n|move|p1a: Greedent|Knock Off|p2a: Sableye\n|-damage|p2a: Sableye|35/231\n|-enditem|p2a: Sableye|Leftovers|[from] move: Knock Off|[of] p1a: Greedent\n|\n|upkeep\n|turn|11\n|\n|t:|1771138013\n|move|p2a: Sableye|Recover|p2a: Sableye\n|-heal|p2a: Sableye|151/231\n|cant|p1a: Greedent|par\n|\n|upkeep\n|turn|12\n|\n|t:|1771138015\n|move|p2a: Sableye|Knock Off|p1a: Greedent\n|-damage|p1a: Greedent|199/347 par\n|move|p1a: Greedent|Knock Off|p2a: Sableye\n|-damage|p2a: Sableye|95/231\n|\n|upkeep\n|turn|13\n|\n|t:|1771138017\n|move|p2a: Sableye|Recover|p2a: Sableye\n|-heal|p2a: Sableye|211/231\n|move|p1a: Greedent|Knock Off|p2a: Sableye\n|-damage|p2a: Sableye|158/231\n|\n|upkeep\n|turn|14\n|\n|t:|1771138019\n|move|p2a: Sableye|Knock Off|p1a: Greedent\n|-damage|p1a: Greedent|135/347 par\n|move|p1a: Greedent|Knock Off|p2a: Sableye\n|-damage|p2a: Sableye|105/231\n|\n|upkeep\n|turn|15\n|\n|t:|1771138021\n|move|p2a: Sableye|Knock Off|p1a: Greedent\n|-damage|p1a: Greedent|75/347 par\n|move|p1a: Greedent|Knock Off|p2a: Sableye\n|-damage|p2a: Sableye|58/231\n|\n|upkeep\n|turn|16\n|\n|t:|1771138022\n|move|p2a: Sableye|Recover|p2a: Sableye\n|-heal|p2a: Sableye|174/231\n|move|p1a: Greedent|Knock Off|p2a: Sableye\n|-damage|p2a: Sableye|120/231\n|\n|upkeep\n|turn|17\n|\n|t:|1771138024\n|move|p2a: Sableye|Knock Off|p1a: Greedent\n|-damage|p1a: Greedent|21/347 par\n|move|p1a: Greedent|Knock Off|p2a: Sableye\n|-damage|p2a: Sableye|71/231\n|\n|upkeep\n|turn|18\n|\n|t:|1771138026\n|move|p2a: Sableye|Recover|p2a: Sableye\n|-heal|p2a: Sableye|187/231\n|move|p1a: Greedent|Knock Off|p2a: Sableye\n|-damage|p2a: Sableye|134/231\n|\n|upkeep\n|turn|19\n|\n|t:|1771138028\n|move|p2a: Sableye|Recover|p2a: Sableye\n|-heal|p2a: Sableye|231/231\n|move|p1a: Greedent|Knock Off|p2a: Sableye\n|-damage|p2a: Sableye|182/231\n|\n|upkeep\n|turn|20\n|\n|t:|1771138029\n|move|p2a: Sableye|Knock Off|p1a: Greedent\n|-damage|p1a: Greedent|0 fnt\n|faint|p1a: Greedent\n|\n|upkeep\n|\n|t:|1771138031\n|switch|p1a: Excadrill|Excadrill, L79, F|303/303\n|-ability|p1a: Excadrill|Mold Breaker\n|turn|21\n|\n|t:|1771138038\n|switch|p2a: Houndstone|Houndstone, L86, F|264/264\n|-activate|p2a: Houndstone|move: Sticky Web\n|-unboost|p2a: Houndstone|spe|1\n|move|p1a: Excadrill|Iron Head|p2a: Houndstone\n|-damage|p2a: Houndstone|179/264\n|\n|-heal|p2a: Houndstone|195/264|[from] item: Leftovers\n|upkeep\n|turn|22\n|\n|t:|1771138040\n|move|p1a: Excadrill|Swords Dance|p1a: Excadrill\n|-boost|p1a: Excadrill|atk|2\n|move|p2a: Houndstone|Body Press|p1a: Excadrill\n|-supereffective|p1a: Excadrill\n|-damage|p1a: Excadrill|143/303\n|\n|-heal|p1a: Excadrill|161/303|[from] item: Leftovers\n|-heal|p2a: Houndstone|211/264|[from] item: Leftovers\n|upkeep\n|turn|23\n|\n|t:|1771138044\n|move|p1a: Excadrill|Iron Head|p2a: Houndstone\n|-damage|p2a: Houndstone|28/264\n|move|p2a: Houndstone|Body Press|p1a: Excadrill\n|-supereffective|p1a: Excadrill\n|-damage|p1a: Excadrill|0 fnt\n|faint|p1a: Excadrill\n|\n|-heal|p2a: Houndstone|44/264|[from] item: Leftovers\n|upkeep\n|\n|t:|1771138049\n|switch|p1a: Toucannon|Toucannon, L88, F|284/284\n|turn|24\n|\n|t:|1771138052\n|move|p1a: Toucannon|Knock Off|p2a: Houndstone\n|-supereffective|p2a: Houndstone\n|-damage|p2a: Houndstone|0 fnt\n|-enditem|p2a: Houndstone|Leftovers|[from] move: Knock Off|[of] p1a: Toucannon\n|faint|p2a: Houndstone\n|\n|upkeep\n|\n|t:|1771138061\n|switch|p2a: Sableye|Sableye, L88, F|182/231\n|-activate|p2a: Sableye|move: Sticky Web\n|-unboost|p2a: Sableye|spe|1\n|turn|25\n|\n|t:|1771138064\n|-singleturn|p1a: Toucannon|move: Beak Blast\n|move|p2a: Sableye|Thunder Wave|p1a: Toucannon\n|-status|p1a: Toucannon|par\n|cant|p1a: Toucannon|par\n|\n|upkeep\n|turn|26\n|\n|t:|1771138072\n|-singleturn|p1a: Toucannon|move: Beak Blast\n|move|p2a: Sableye|Knock Off|p1a: Toucannon\n|-damage|p1a: Toucannon|188/284 par\n|-status|p2a: Sableye|brn\n|-enditem|p1a: Toucannon|Heavy-Duty Boots|[from] move: Knock Off|[of] p2a: Sableye\n|move|p1a: Toucannon|Beak Blast|p2a: Sableye\n|-damage|p2a: Sableye|35/231 brn\n|\n|-damage|p2a: Sableye|21/231 brn|[from] brn\n|upkeep\n|turn|27\n|\n|t:|1771138077\n|-singleturn|p1a: Toucannon|move: Beak Blast\n|move|p2a: Sableye|Recover|p2a: Sableye\n|-heal|p2a: Sableye|137/231 brn\n|move|p1a: Toucannon|Beak Blast|p2a: Sableye\n|-damage|p2a: Sableye|0 fnt\n|faint|p2a: Sableye\n|\n|upkeep\n|\n|t:|1771138084\n|switch|p2a: Farigiraf|Farigiraf, L91, M|366/366\n|-activate|p2a: Farigiraf|move: Sticky Web\n|-unboost|p2a: Farigiraf|spe|1\n|turn|28\n|\n|t:|1771138087\n|move|p2a: Farigiraf|Psychic Noise|p1a: Toucannon\n|-damage|p1a: Toucannon|80/284 par\n|-start|p1a: Toucannon|move: Heal Block\n|move|p1a: Toucannon|Knock Off|p2a: Farigiraf\n|-supereffective|p2a: Farigiraf\n|-damage|p2a: Farigiraf|180/366\n|-enditem|p2a: Farigiraf|Leftovers|[from] move: Knock Off|[of] p1a: Toucannon\n|\n|upkeep\n|turn|29\n|\n|t:|1771138092\n|-singleturn|p1a: Toucannon|move: Beak Blast\n|move|p2a: Farigiraf|Psychic Noise|p1a: Toucannon\n|-damage|p1a: Toucannon|0 fnt\n|faint|p1a: Toucannon\n|\n|upkeep\n|\n|t:|1771138103\n|switch|p1a: Registeel|Registeel, L81|262/262\n|turn|30\n|\n|t:|1771138116\n|move|p1a: Registeel|Iron Defense|p1a: Registeel\n|-boost|p1a: Registeel|def|2\n|move|p2a: Farigiraf|Body Slam|p1a: Registeel\n|-resisted|p1a: Registeel\n|-damage|p1a: Registeel|244/262\n|-status|p1a: Registeel|par\n|\n|upkeep\n|turn|31\n|\n|t:|1771138120\n|move|p2a: Farigiraf|Psychic Noise|p1a: Registeel\n|-resisted|p1a: Registeel\n|-damage|p1a: Registeel|208/262 par\n|-start|p1a: Registeel|move: Heal Block\n|cant|p1a: Registeel|par\n|\n|upkeep\n|turn|32\n|\n|t:|1771138122\n|move|p2a: Farigiraf|Psychic Noise|p1a: Registeel\n|-resisted|p1a: Registeel\n|-damage|p1a: Registeel|175/262 par\n|cant|p1a: Registeel|par\n|\n|-end|p1a: Registeel|move: Heal Block\n|upkeep\n|turn|33\n|\n|t:|1771138124\n|move|p2a: Farigiraf|Psychic Noise|p1a: Registeel\n|-resisted|p1a: Registeel\n|-damage|p1a: Registeel|139/262 par\n|-start|p1a: Registeel|move: Heal Block\n|cant|p1a: Registeel|par\n|\n|upkeep\n|turn|34\n|\n|t:|1771138126\n|move|p2a: Farigiraf|Psychic Noise|p1a: Registeel\n|-resisted|p1a: Registeel\n|-damage|p1a: Registeel|106/262 par\n|move|p1a: Registeel|Body Press|p2a: Farigiraf\n|-damage|p2a: Farigiraf|2/366\n|\n|-end|p1a: Registeel|move: Heal Block\n|upkeep\n|turn|35\n|\n|t:|1771138129\n|move|p2a: Farigiraf|Psychic Noise|p1a: Registeel\n|-resisted|p1a: Registeel\n|-damage|p1a: Registeel|71/262 par\n|-start|p1a: Registeel|move: Heal Block\n|move|p1a: Registeel|Body Press|p2a: Farigiraf\n|-damage|p2a: Farigiraf|0 fnt\n|faint|p2a: Farigiraf\n|\n|upkeep\n|\n|t:|1771138133\n|switch|p2a: Vivillon|Vivillon-Polar, L83, M|268/268\n|turn|36\n|\n|t:|1771138140\n|move|p2a: Vivillon|Quiver Dance|p2a: Vivillon\n|-boost|p2a: Vivillon|spa|1\n|-boost|p2a: Vivillon|spd|1\n|-boost|p2a: Vivillon|spe|1\n|move|p1a: Registeel|Iron Defense|p1a: Registeel\n|-boost|p1a: Registeel|def|2\n|\n|-end|p1a: Registeel|move: Heal Block\n|upkeep\n|turn|37\n|\n|t:|1771138143\n|-terastallize|p2a: Vivillon|Ground\n|move|p2a: Vivillon|Tera Blast|p1a: Registeel|[anim] Tera Blast Ground\n|-supereffective|p1a: Registeel\n|-damage|p1a: Registeel|0 fnt\n|faint|p1a: Registeel\n|\n|upkeep\n|\n|t:|1771138145\n|switch|p1a: Dondozo|Dondozo, L78, M|362/362\n|turn|38\n|\n|t:|1771138149\n|move|p2a: Vivillon|Sleep Powder|p1a: Dondozo\n|-status|p1a: Dondozo|slp|[from] move: Sleep Powder\n|cant|p1a: Dondozo|slp\n|\n|upkeep\n|turn|39\n|\n|t:|1771138152\n|move|p2a: Vivillon|Tera Blast|p1a: Dondozo|[anim] Tera Blast Ground\n|-damage|p1a: Dondozo|263/362 slp\n|cant|p1a: Dondozo|slp\n|move|p1a: Dondozo|Sleep Talk|p1a: Dondozo\n|move|p1a: Dondozo|Curse|p1a: Dondozo|[from] move: Sleep Talk\n|-unboost|p1a: Dondozo|spe|1\n|-boost|p1a: Dondozo|atk|1\n|-boost|p1a: Dondozo|def|1\n|\n|-heal|p1a: Dondozo|285/362 slp|[from] item: Leftovers\n|upkeep\n|turn|40\n|\n|t:|1771138154\n|move|p2a: Vivillon|Tera Blast|p1a: Dondozo|[anim] Tera Blast Ground\n|-damage|p1a: Dondozo|176/362 slp\n|cant|p1a: Dondozo|slp\n|move|p1a: Dondozo|Sleep Talk|p1a: Dondozo\n|move|p1a: Dondozo|Wave Crash|p2a: Vivillon|[from] move: Sleep Talk\n|-supereffective|p2a: Vivillon\n|-crit|p2a: Vivillon\n|-damage|p2a: Vivillon|0 fnt\n|faint|p2a: Vivillon\n|-damage|p1a: Dondozo|88/362 slp|[from] Recoil\n|\n|-heal|p1a: Dondozo|110/362 slp|[from] item: Leftovers\n|upkeep\n|\n|t:|1771138159\n|switch|p2a: Eternatus|Eternatus, L69|308/308\n|-activate|p2a: Eternatus|move: Sticky Web\n|-unboost|p2a: Eternatus|spe|1\n|-ability|p2a: Eternatus|Pressure\n|turn|41\n|\n|t:|1771138163\n|-terastallize|p1a: Dondozo|Fairy\n|move|p2a: Eternatus|Dynamax Cannon|p1a: Dondozo\n|-immune|p1a: Dondozo\n|-curestatus|p1a: Dondozo|slp|[msg]\n|move|p1a: Dondozo|Rest|p1a: Dondozo\n|-status|p1a: Dondozo|slp|[from] move: Rest\n|-heal|p1a: Dondozo|362/362 slp|[silent]\n|\n|upkeep\n|turn|42\n|\n|t:|1771138166\n|move|p2a: Eternatus|Sludge Bomb|p1a: Dondozo\n|-supereffective|p1a: Dondozo\n|-damage|p1a: Dondozo|104/362 slp\n|cant|p1a: Dondozo|slp\n|move|p1a: Dondozo|Sleep Talk|p1a: Dondozo\n|move|p1a: Dondozo|Curse|p1a: Dondozo|[from] move: Sleep Talk\n|-unboost|p1a: Dondozo|spe|1\n|-boost|p1a: Dondozo|atk|1\n|-boost|p1a: Dondozo|def|1\n|\n|-heal|p1a: Dondozo|126/362 slp|[from] item: Leftovers\n|upkeep\n|turn|43\n|\n|t:|1771138171\n|move|p2a: Eternatus|Sludge Bomb|p1a: Dondozo\n|-supereffective|p1a: Dondozo\n|-damage|p1a: Dondozo|0 fnt\n|faint|p1a: Dondozo\n|\n|win|asdfffg\n|raw|vigil ignis's rating: 1581 &rarr; <strong>1561</strong><br />(-20 for losing)\n|raw|asdfffg's rating: 1584 &rarr; <strong>1604</strong><br />(+20 for winning)\n|l|☆vigil ignis\n|player|p1|\n", "inputlog": ">version 686819e5e19f8a7fd2345cfc5a08a5085efa2cc3\n>start {\"formatid\":\"gen9randombattle\",\"seed\":\"sodium,0b1a6398fd6f238c89fbe481426c3adb\",\"rated\":\"Rated battle\"}\n>player p1 {\"name\":\"vigil ignis\",\"avatar\":\"crasherwake\",\"rating\":1581,\"seed\":\"sodium,c21ab3b427a3e02dcd873d2a4cf87241\"}\n>player p2 {\"name\":\"asdfffg\",\"avatar\":\"1\",\"rating\":1584,\"seed\":\"sodium,4b6523cfc5aa9c5fbfcb505e2a9a9ced\"}\n>p1 move swordsdance\n>p2 switch 3\n>p1 move knockoff\n>p2 move encore\n>p1 switch 5\n>p2 move knockoff\n>p1 move stickyweb\n>p2 move thunderwave\n>p1 move stickyweb\n>p2 switch 6\n>p1 move toxicspikes\n>p2 move agility\n>p1 move toxicspikes\n>p2 move psychocut\n>p1 switch 4\n>p1 move beakblast\n>p2 switch 6\n>p1 switch 5\n>p2 move thunderwave\n>p1 move knockoff\n>p2 move knockoff\n>p1 move knockoff\n>p2 move recover\n>p1 move knockoff\n>p2 move knockoff\n>p1 move knockoff\n>p2 move recover\n>p1 move knockoff\n>p2 move knockoff\n>p1 move knockoff\n>p2 move knockoff\n>p1 move knockoff\n>p2 move recover\n>p1 move knockoff\n>p2 move knockoff\n>p1 move knockoff\n>p2 move recover\n>p1 move knockoff\n>p2 move recover\n>p1 move knockoff\n>p2 move knockoff\n>p1 switch 2\n>p1 move ironhead\n>p2 switch 2\n>p1 move swordsdance\n>p2 move bodypress\n>p1 move ironhead\n>p2 move bodypress\n>p1 switch 5\n>p1 move knockoff\n>p2 move rest\n>p2 switch 2\n>p1 move beakblast\n>p2 move thunderwave\n>p1 move beakblast\n>p2 move knockoff\n>p1 move beakblast\n>p2 move recover\n>p2 switch 4\n>p1 move knockoff\n>p2 move psychicnoise\n>p1 move beakblast\n>p2 move psychicnoise\n>p1 switch 3\n>p1 move irondefense\n>p2 move bodyslam\n>p1 move irondefense\n>p2 move psychicnoise\n>p1 move irondefense\n>p2 move psychicnoise\n>p1 move bodypress\n>p2 move psychicnoise\n>p1 move bodypress\n>p2 move psychicnoise\n>p1 move bodypress\n>p2 move psychicnoise\n>p2 switch 3\n>p1 move irondefense\n>p2 move quiverdance\n>p1 move rest\n>p2 move terablast terastallize\n>p1 switch 6\n>p1 move curse\n>p2 move sleeppowder\n>p1 move sleeptalk\n>p2 move terablast\n>p1 move sleeptalk\n>p2 move terablast\n>p2 switch 5\n>p1 move rest terastallize\n>p2 move dynamaxcannon\n>p1 move sleeptalk\n>p2 move sludgebomb\n>p1 move sleeptalk\n>p2 move sludgebomb", "uploadtime": 1771138174, "views": 17, "formatid": "gen9randombattle", "rating": 1561, "private": 0, "password": null}