{"id": "gen9randombattle-2540739111", "format": "[Gen 9] Random Battle", "players": ["Ebastia12", "hellohumanso"], "log": "|j|☆Ebastia12\n|j|☆hellohumanso\n|t:|1771248151\n|gametype|singles\n|player|p1|Ebastia12|101|1684\n|player|p2|hellohumanso|miku-fire|1703\n|gen|9\n|tier|[Gen 9] Random Battle\n|rated|\n|rule|Species Clause: Limit one of each Pokémon\n|rule|HP Percentage Mod: HP is shown in percentages\n|rule|Sleep Clause Mod: Limit one foe put to sleep\n|rule|Illusion Level Mod: Illusion disguises the Pokémon's true level\n|\n|t:|1771248151\n|teamsize|p1|6\n|teamsize|p2|6\n|start\n|switch|p1a: Dedenne|Dedenne, L88, F|261/261\n|switch|p2a: Azelf|Azelf, L82|257/257\n|turn|1\n|inactive|Battle timer is ON: inactive players will automatically lose when time's up. (requested by hellohumanso)\n|\n|t:|1771248177\n|move|p2a: Azelf|Knock Off|p1a: Dedenne\n|-resisted|p1a: Dedenne\n|-damage|p1a: Dedenne|193/261\n|-enditem|p1a: Dedenne|Sitrus Berry|[from] move: Knock Off|[of] p2a: Azelf\n|-damage|p2a: Azelf|232/257|[from] item: Life Orb\n|move|p1a: Dedenne|U-turn|p2a: Azelf\n|-supereffective|p2a: Azelf\n|-damage|p2a: Azelf|148/257\n|\n|t:|1771248187\n|switch|p1a: Ribombee|Ribombee, L83, F|235/235|[from] U-turn\n|\n|upkeep\n|turn|2\n|\n|t:|1771248199\n|move|p1a: Ribombee|Bug Buzz|p2a: Azelf\n|-supereffective|p2a: Azelf\n|-damage|p2a: Azelf|0 fnt\n|faint|p2a: Azelf\n|\n|upkeep\n|\n|t:|1771248212\n|switch|p2a: Delibird|Delibird, F|252/252\n|turn|3\n|\n|t:|1771248229\n|switch|p1a: Cetitan|Cetitan, L82, M|413/413\n|move|p2a: Delibird|Brave Bird|p1a: Cetitan\n|-damage|p1a: Cetitan|187/413\n|-damage|p2a: Delibird|177/252|[from] Recoil\n|\n|upkeep\n|turn|4\n|\n|t:|1771248251\n|move|p1a: Cetitan|Ice Shard|p2a: Delibird\n|-damage|p2a: Delibird|98/252\n|-damage|p1a: Cetitan|146/413|[from] item: Life Orb\n|move|p2a: Delibird|Brave Bird|p1a: Cetitan\n|-damage|p1a: Cetitan|0 fnt\n|faint|p1a: Cetitan\n|-damage|p2a: Delibird|50/252|[from] Recoil\n|\n|upkeep\n|inactive|Ebastia12 has 120 seconds left.\n|\n|t:|1771248261\n|switch|p1a: Dedenne|Dedenne, L88, F|193/261\n|turn|5\n|\n|t:|1771248286\n|move|p2a: Delibird|Ice Shard|p1a: Dedenne\n|-damage|p1a: Dedenne|117/261\n|move|p1a: Dedenne|Dazzling Gleam|p2a: Delibird\n|-damage|p2a: Delibird|0 fnt\n|faint|p2a: Delibird\n|\n|upkeep\n|inactive|hellohumanso has 120 seconds left.\n|\n|t:|1771248328\n|switch|p2a: Meowstic|Meowstic-F, L89, F|277/277\n|turn|6\n|\n|t:|1771248337\n|move|p2a: Meowstic|Psychic|p1a: Dedenne\n|-damage|p1a: Dedenne|0 fnt\n|faint|p1a: Dedenne\n|-damage|p2a: Meowstic|250/277|[from] item: Life Orb\n|\n|upkeep\n|\n|t:|1771248351\n|switch|p1a: Raging Bolt|Raging Bolt, L78|323/323\n|-enditem|p1a: Raging Bolt|Booster Energy\n|-activate|p1a: Raging Bolt|ability: Protosynthesis|[fromitem]\n|-start|p1a: Raging Bolt|protosynthesisspa\n|turn|7\n|inactive|hellohumanso has 90 seconds left.\n|\n|t:|1771248393\n|move|p2a: Meowstic|Nasty Plot|p2a: Meowstic\n|-boost|p2a: Meowstic|spa|2\n|move|p1a: Raging Bolt|Calm Mind|p1a: Raging Bolt\n|-boost|p1a: Raging Bolt|spa|1\n|-boost|p1a: Raging Bolt|spd|1\n|\n|upkeep\n|turn|8\n|\n|t:|1771248407\n|move|p2a: Meowstic|Alluring Voice|p1a: Raging Bolt\n|-supereffective|p1a: Raging Bolt\n|-damage|p1a: Raging Bolt|107/323\n|-damage|p2a: Meowstic|223/277|[from] item: Life Orb\n|move|p1a: Raging Bolt|Thunderbolt|p2a: Meowstic\n|-damage|p2a: Meowstic|22/277\n|\n|upkeep\n|turn|9\n|\n|t:|1771248418\n|switch|p2a: Sandslash|Sandslash, L89, F|278/278\n|move|p1a: Raging Bolt|Thunderclap||[still]\n|-fail|p1a: Raging Bolt\n|\n|upkeep\n|turn|10\n|\n|t:|1771248432\n|move|p2a: Sandslash|Earthquake|p1a: Raging Bolt\n|-supereffective|p1a: Raging Bolt\n|-damage|p1a: Raging Bolt|0 fnt\n|faint|p1a: Raging Bolt\n|-end|p1a: Raging Bolt|Protosynthesis|[silent]\n|\n|upkeep\n|\n|t:|1771248440\n|switch|p1a: Kyogre|Kyogre, L71|259/259\n|-weather|RainDance|[from] ability: Drizzle|[of] p1a: Kyogre\n|turn|11\n|inactive|hellohumanso has 90 seconds left.\n|\n|t:|1771248452\n|switch|p2a: Meowstic|Meowstic-F, L89, F|22/277\n|move|p1a: Kyogre|Origin Pulse|p2a: Meowstic\n|-damage|p2a: Meowstic|0 fnt\n|faint|p2a: Meowstic\n|\n|-weather|RainDance|[upkeep]\n|upkeep\n|\n|t:|1771248457\n|switch|p2a: Scovillain|Scovillain, L91, M|266/266\n|turn|12\n|\n|t:|1771248481\n|-terastallize|p1a: Kyogre|Steel\n|move|p2a: Scovillain|Energy Ball|p1a: Kyogre\n|-resisted|p1a: Kyogre\n|-crit|p1a: Kyogre\n|-damage|p1a: Kyogre|143/259\n|move|p1a: Kyogre|Calm Mind|p1a: Kyogre\n|-boost|p1a: Kyogre|spa|1\n|-boost|p1a: Kyogre|spd|1\n|\n|-weather|RainDance|[upkeep]\n|-heal|p1a: Kyogre|159/259|[from] item: Leftovers\n|upkeep\n|turn|13\n|\n|t:|1771248492\n|switch|p2a: Sandslash|Sandslash, L89, F|278/278\n|move|p1a: Kyogre|Origin Pulse|p2a: Sandslash\n|-supereffective|p2a: Sandslash\n|-damage|p2a: Sandslash|0 fnt\n|faint|p2a: Sandslash\n|\n|-weather|RainDance|[upkeep]\n|-heal|p1a: Kyogre|175/259|[from] item: Leftovers\n|upkeep\n|\n|t:|1771248497\n|switch|p2a: Scovillain|Scovillain, L91, M|266/266\n|turn|14\n|\n|t:|1771248503\n|move|p2a: Scovillain|Flamethrower|p1a: Kyogre\n|-supereffective|p1a: Kyogre\n|-damage|p1a: Kyogre|77/259\n|move|p1a: Kyogre|Origin Pulse|p2a: Scovillain\n|-damage|p2a: Scovillain|0 fnt\n|faint|p2a: Scovillain\n|\n|-weather|RainDance|[upkeep]\n|-heal|p1a: Kyogre|93/259|[from] item: Leftovers\n|upkeep\n|\n|t:|1771248510\n|switch|p2a: Crawdaunt|Crawdaunt, L84, F|243/243\n|turn|15\n|\n|t:|1771248522\n|-terastallize|p2a: Crawdaunt|Fighting\n|move|p1a: Kyogre|Thunder|p2a: Crawdaunt\n|-damage|p2a: Crawdaunt|74/243\n|-status|p2a: Crawdaunt|par\n|cant|p2a: Crawdaunt|par\n|\n|-weather|none\n|-heal|p1a: Kyogre|109/259|[from] item: Leftovers\n|upkeep\n|turn|16\n|-message|hellohumanso forfeited.\n|\n|win|Ebastia12\n|raw|Ebastia12's rating: 1684 &rarr; <strong>1705</strong><br />(+21 for winning)\n|raw|hellohumanso's rating: 1703 &rarr; <strong>1682</strong><br />(-21 for losing)\n|l|☆hellohumanso\n|player|p2|\n", "inputlog": ">version 686819e5e19f8a7fd2345cfc5a08a5085efa2cc3\n>start {\"formatid\":\"gen9randombattle\",\"seed\":\"sodium,f3ab3ca3d06d9e5ff8b62fb299be40ce\",\"rated\":\"Rated battle\"}\n>player p1 {\"name\":\"Ebastia12\",\"avatar\":\"101\",\"rating\":1684,\"seed\":\"sodium,c48f94b0908890419c4a06231ebe0e1b\"}\n>player p2 {\"name\":\"hellohumanso\",\"avatar\":\"miku-fire\",\"rating\":1703,\"seed\":\"sodium,15cca2db9099d848d2f460c834024511\"}\n>p1 move uturn\n>p2 move knockoff\n>p1 switch 2\n>p1 move bugbuzz\n>p2 move fireblast\n>p2 switch 3\n>p1 switch 3\n>p2 move bravebird\n>p1 move iceshard\n>p2 move bravebird\n>p1 switch 2\n>p1 move dazzlinggleam\n>p2 move iceshard\n>p2 switch 2\n>p1 move uturn\n>p2 move psychic\n>p1 switch 4\n>p1 move calmmind\n>p2 move nastyplot\n>p1 move thunderbolt\n>p2 move alluringvoice\n>p1 move thunderclap\n>p2 switch 4\n>p1 move dragonpulse\n>p2 move earthquake\n>p1 switch 5\n>p1 move originpulse\n>p2 switch 4\n>p2 switch 5\n>p1 move calmmind terastallize\n>p2 move energyball\n>p1 move originpulse\n>p2 switch 4\n>p2 switch 4\n>p1 move originpulse\n>p2 move flamethrower\n>p2 switch 6\n>p1 move thunder\n>p2 move dragondance terastallize\n>forcelose p2", "uploadtime": 1771248532, "views": 9, "formatid": "gen9randombattle", "rating": 1682, "private": 0, "password": null}