{"id": "gen9randombattle-2540354789", "format": "[Gen 9] Random Battle", "players": ["Yofavewhiteboy", "MeAndTheBorthers"], "log": "|j|☆Yofavewhiteboy\n|j|☆MeAndTheBorthers\n|t:|1771192171\n|gametype|singles\n|player|p1|Yofavewhiteboy|skier|1791\n|player|p2|MeAndTheBorthers|iris-gen5bw2|1786\n|gen|9\n|tier|[Gen 9] Random Battle\n|rated|\n|rule|Species Clause: Limit one of each Pokémon\n|rule|HP Percentage Mod: HP is shown in percentages\n|rule|Sleep Clause Mod: Limit one foe put to sleep\n|rule|Illusion Level Mod: Illusion disguises the Pokémon's true level\n|\n|t:|1771192171\n|teamsize|p1|6\n|teamsize|p2|6\n|start\n|switch|p1a: Politoed|Politoed, L88, M|302/302\n|switch|p2a: Mamoswine|Mamoswine, L81, F|311/311\n|-weather|RainDance|[from] ability: Drizzle|[of] p1a: Politoed\n|turn|1\n|inactive|Battle timer is ON: inactive players will automatically lose when time's up. (requested by Yofavewhiteboy)\n|inactive|MeAndTheBorthers has 120 seconds left.\n|\n|t:|1771192206\n|switch|p2a: Goodra|Goodra, L85, M|292/292\n|move|p1a: Politoed|Weather Ball|p2a: Goodra\n|-resisted|p2a: Goodra\n|-damage|p2a: Goodra|235/292\n|\n|-weather|RainDance|[upkeep]\n|upkeep\n|turn|2\n|\n|t:|1771192221\n|switch|p1a: Dunsparce|Dunsparce, L86, M|312/312\n|move|p2a: Goodra|Knock Off|p1a: Dunsparce\n|-damage|p1a: Dunsparce|251/312\n|-enditem|p1a: Dunsparce|Eviolite|[from] move: Knock Off|[of] p2a: Goodra\n|\n|-weather|RainDance|[upkeep]\n|upkeep\n|turn|3\n|\n|t:|1771192231\n|move|p2a: Goodra|Sludge Bomb|p1a: Dunsparce\n|-damage|p1a: Dunsparce|162/312\n|move|p1a: Dunsparce|Body Slam|p2a: Goodra\n|-crit|p2a: Goodra\n|-damage|p2a: Goodra|103/292\n|-status|p2a: Goodra|par\n|\n|-weather|RainDance|[upkeep]\n|upkeep\n|turn|4\n|\n|t:|1771192241\n|move|p1a: Dunsparce|Roost|p1a: Dunsparce\n|-heal|p1a: Dunsparce|312/312\n|-singleturn|p1a: Dunsparce|move: Roost\n|move|p2a: Goodra|Sludge Bomb|p1a: Dunsparce\n|-damage|p1a: Dunsparce|227/312\n|-status|p1a: Dunsparce|psn\n|\n|-weather|RainDance|[upkeep]\n|-damage|p1a: Dunsparce|188/312 psn|[from] psn\n|upkeep\n|turn|5\n|\n|t:|1771192247\n|move|p1a: Dunsparce|Coil|p1a: Dunsparce\n|-boost|p1a: Dunsparce|atk|1\n|-boost|p1a: Dunsparce|def|1\n|-boost|p1a: Dunsparce|accuracy|1\n|move|p2a: Goodra|Draco Meteor|p1a: Dunsparce\n|-damage|p1a: Dunsparce|0 fnt\n|-unboost|p2a: Goodra|spa|2\n|faint|p1a: Dunsparce\n|\n|-weather|none\n|upkeep\n|\n|t:|1771192260\n|switch|p1a: Furret|Furret, L94, M|312/312\n|-item|p2a: Goodra|Assault Vest|[from] ability: Frisk|[of] p1a: Furret\n|turn|6\n|\n|t:|1771192267\n|move|p1a: Furret|Double-Edge|p2a: Goodra\n|-damage|p2a: Goodra|0 fnt\n|faint|p2a: Goodra\n|-damage|p1a: Furret|278/312|[from] Recoil\n|\n|upkeep\n|\n|t:|1771192282\n|switch|p2a: Probopass|Probopass, L91, M|257/257\n|turn|7\n|\n|t:|1771192287\n|switch|p1a: Misdreavus|Misdreavus, L90, M|254/254\n|move|p2a: Probopass|Thunder Wave|p1a: Misdreavus\n|-status|p1a: Misdreavus|par\n|\n|upkeep\n|turn|8\n|\n|t:|1771192304\n|switch|p2a: Clawitzer|Clawitzer, L87, F|265/265\n|move|p1a: Misdreavus|Calm Mind|p1a: Misdreavus\n|-boost|p1a: Misdreavus|spa|1\n|-boost|p1a: Misdreavus|spd|1\n|\n|upkeep\n|turn|9\n|\n|t:|1771192311\n|move|p2a: Clawitzer|Dark Pulse|p1a: Misdreavus\n|-supereffective|p1a: Misdreavus\n|-damage|p1a: Misdreavus|168/254 par\n|cant|p1a: Misdreavus|flinch\n|\n|upkeep\n|turn|10\n|\n|t:|1771192316\n|move|p2a: Clawitzer|Dark Pulse|p1a: Misdreavus\n|-supereffective|p1a: Misdreavus\n|-damage|p1a: Misdreavus|68/254 par\n|cant|p1a: Misdreavus|flinch\n|\n|upkeep\n|turn|11\n|\n|t:|1771192324\n|move|p2a: Clawitzer|Dark Pulse|p1a: Misdreavus\n|-supereffective|p1a: Misdreavus\n|-damage|p1a: Misdreavus|0 fnt\n|faint|p1a: Misdreavus\n|\n|upkeep\n|\n|t:|1771192331\n|switch|p1a: Amoonguss|Amoonguss, L82, M|321/321\n|turn|12\n|\n|t:|1771192339\n|move|p2a: Clawitzer|U-turn|p1a: Amoonguss\n|-damage|p1a: Amoonguss|272/321\n|-damage|p2a: Clawitzer|221/265|[from] item: Rocky Helmet|[of] p1a: Amoonguss\n|\n|t:|1771192343\n|switch|p2a: Probopass|Probopass, L91, M|257/257|[from] U-turn\n|move|p1a: Amoonguss|Giga Drain|p2a: Probopass\n|-damage|p2a: Probopass|215/257\n|-heal|p1a: Amoonguss|293/321|[from] drain|[of] p2a: Probopass\n|\n|-heal|p2a: Probopass|231/257|[from] item: Leftovers\n|upkeep\n|turn|13\n|\n|t:|1771192347\n|move|p2a: Probopass|Thunder Wave|p1a: Amoonguss\n|-status|p1a: Amoonguss|par\n|move|p1a: Amoonguss|Stomping Tantrum|p2a: Probopass\n|-supereffective|p2a: Probopass\n|-damage|p2a: Probopass|107/257\n|\n|-heal|p2a: Probopass|123/257|[from] item: Leftovers\n|upkeep\n|turn|14\n|\n|t:|1771192362\n|move|p2a: Probopass|Flash Cannon|p1a: Amoonguss\n|-damage|p1a: Amoonguss|202/321 par\n|-unboost|p1a: Amoonguss|spd|1\n|move|p1a: Amoonguss|Spore|p2a: Probopass\n|-status|p2a: Probopass|slp|[from] move: Spore\n|\n|-heal|p2a: Probopass|139/257 slp|[from] item: Leftovers\n|upkeep\n|turn|15\n|\n|t:|1771192380\n|switch|p1a: Furret|Furret, L94, M|278/312\n|-item|p2a: Probopass|Leftovers|[from] ability: Frisk|[of] p1a: Furret\n|cant|p2a: Probopass|slp\n|\n|-heal|p2a: Probopass|155/257 slp|[from] item: Leftovers\n|upkeep\n|turn|16\n|\n|t:|1771192403\n|switch|p2a: Sandslash|Sandslash, L89, F|278/278\n|move|p1a: Furret|Trick|p2a: Sandslash\n|-activate|p1a: Furret|move: Trick|[of] p2a: Sandslash\n|-item|p2a: Sandslash|Choice Band|[from] move: Trick\n|-item|p1a: Furret|Assault Vest|[from] move: Trick\n|\n|upkeep\n|turn|17\n|\n|t:|1771192415\n|move|p1a: Furret|U-turn|p2a: Sandslash\n|-damage|p2a: Sandslash|237/278\n|\n|t:|1771192419\n|switch|p1a: Amoonguss|Amoonguss, L82, M|309/321 par|[from] U-turn\n|move|p2a: Sandslash|Earthquake|p1a: Amoonguss\n|-damage|p1a: Amoonguss|72/321 par\n|\n|upkeep\n|turn|18\n|\n|t:|1771192422\n|switch|p1a: Politoed|Politoed, L88, M|302/302\n|-weather|RainDance|[from] ability: Drizzle|[of] p1a: Politoed\n|move|p2a: Sandslash|Earthquake|p1a: Politoed\n|-damage|p1a: Politoed|106/302\n|\n|-weather|RainDance|[upkeep]\n|upkeep\n|turn|19\n|\n|t:|1771192430\n|switch|p2a: Clawitzer|Clawitzer, L87, F|221/265\n|move|p1a: Politoed|Weather Ball|p2a: Clawitzer\n|-resisted|p2a: Clawitzer\n|-damage|p2a: Clawitzer|148/265\n|\n|-weather|RainDance|[upkeep]\n|upkeep\n|turn|20\n|\n|t:|1771192442\n|move|p1a: Politoed|Weather Ball|p2a: Clawitzer\n|-resisted|p2a: Clawitzer\n|-damage|p2a: Clawitzer|66/265\n|move|p2a: Clawitzer|Water Pulse|p1a: Politoed\n|-resisted|p1a: Politoed\n|-damage|p1a: Politoed|30/302\n|\n|-weather|RainDance|[upkeep]\n|upkeep\n|turn|21\n|\n|t:|1771192450\n|move|p1a: Politoed|Weather Ball|p2a: Clawitzer\n|-resisted|p2a: Clawitzer\n|-damage|p2a: Clawitzer|0 fnt\n|faint|p2a: Clawitzer\n|\n|-weather|RainDance|[upkeep]\n|upkeep\n|\n|t:|1771192459\n|switch|p2a: Mamoswine|Mamoswine, L81, F|311/311\n|turn|22\n|\n|t:|1771192464\n|move|p2a: Mamoswine|Ice Shard|p1a: Politoed\n|-resisted|p1a: Politoed\n|-damage|p1a: Politoed|0 fnt\n|faint|p1a: Politoed\n|-damage|p2a: Mamoswine|280/311|[from] item: Life Orb\n|\n|-weather|none\n|upkeep\n|\n|t:|1771192467\n|switch|p1a: Amoonguss|Amoonguss, L82, M|179/321 par\n|turn|23\n|\n|t:|1771192473\n|-terastallize|p1a: Amoonguss|Water\n|move|p2a: Mamoswine|Icicle Crash|p1a: Amoonguss\n|-resisted|p1a: Amoonguss\n|-damage|p1a: Amoonguss|97/321 par\n|-damage|p2a: Mamoswine|249/311|[from] item: Life Orb\n|cant|p1a: Amoonguss|par\n|\n|upkeep\n|turn|24\n|\n|t:|1771192482\n|switch|p1a: Furret|Furret, L94, M|278/312\n|-item|p2a: Mamoswine|Life Orb|[from] ability: Frisk|[of] p1a: Furret\n|move|p2a: Mamoswine|Earthquake|p1a: Furret\n|-damage|p1a: Furret|95/312\n|-damage|p2a: Mamoswine|218/311|[from] item: Life Orb\n|\n|upkeep\n|turn|25\n|\n|t:|1771192489\n|move|p1a: Furret|Double-Edge|p2a: Mamoswine\n|-crit|p2a: Mamoswine\n|-damage|p2a: Mamoswine|0 fnt\n|faint|p2a: Mamoswine\n|-damage|p1a: Furret|23/312|[from] Recoil\n|\n|upkeep\n|\n|t:|1771192493\n|switch|p2a: Sandslash|Sandslash, L89, F|237/278\n|turn|26\n|\n|t:|1771192497\n|move|p1a: Furret|Double-Edge|p2a: Sandslash\n|-damage|p2a: Sandslash|132/278\n|-damage|p1a: Furret|0 fnt|[from] Recoil\n|faint|p1a: Furret\n|move|p2a: Sandslash|Earthquake|p1: Furret|[notarget]\n|-fail|p2a: Sandslash\n|\n|upkeep\n|\n|t:|1771192502\n|switch|p1a: Flutter Mane|Flutter Mane, L74|203/203\n|turn|27\n|\n|t:|1771192508\n|switch|p2a: Probopass|Probopass, L91, M|155/257 slp\n|move|p1a: Flutter Mane|Moonblast|p2a: Probopass\n|-resisted|p2a: Probopass\n|-damage|p2a: Probopass|116/257 slp\n|-damage|p1a: Flutter Mane|183/203|[from] item: Life Orb\n|\n|-heal|p2a: Probopass|132/257 slp|[from] item: Leftovers\n|upkeep\n|turn|28\n|\n|t:|1771192517\n|move|p1a: Flutter Mane|Shadow Ball|p2a: Probopass\n|-damage|p2a: Probopass|64/257 slp\n|-damage|p1a: Flutter Mane|163/203|[from] item: Life Orb\n|-curestatus|p2a: Probopass|slp|[msg]\n|move|p2a: Probopass|Thunder Wave|p1a: Flutter Mane\n|-status|p1a: Flutter Mane|par\n|\n|-heal|p2a: Probopass|80/257|[from] item: Leftovers\n|upkeep\n|turn|29\n|\n|t:|1771192524\n|move|p2a: Probopass|Flash Cannon|p1a: Flutter Mane\n|-supereffective|p1a: Flutter Mane\n|-damage|p1a: Flutter Mane|19/203 par\n|move|p1a: Flutter Mane|Shadow Ball|p2a: Probopass\n|-damage|p2a: Probopass|14/257\n|-unboost|p2a: Probopass|spd|1\n|-damage|p1a: Flutter Mane|0 fnt|[from] item: Life Orb\n|faint|p1a: Flutter Mane\n|-end|p1a: Flutter Mane|Protosynthesis|[silent]\n|\n|-heal|p2a: Probopass|30/257|[from] item: Leftovers\n|upkeep\n|\n|t:|1771192526\n|switch|p1a: Amoonguss|Amoonguss, L82, M, tera:Water|204/321 par\n|turn|30\n|\n|t:|1771192531\n|move|p2a: Probopass|Flash Cannon|p1a: Amoonguss\n|-resisted|p1a: Amoonguss\n|-damage|p1a: Amoonguss|162/321 par\n|move|p1a: Amoonguss|Giga Drain|p2a: Probopass\n|-damage|p2a: Probopass|0 fnt\n|-heal|p1a: Amoonguss|177/321 par|[from] drain|[of] p2a: Probopass\n|faint|p2a: Probopass\n|\n|upkeep\n|\n|t:|1771192535\n|switch|p2a: Sandslash|Sandslash, L89, F|132/278\n|turn|31\n|\n|t:|1771192539\n|move|p2a: Sandslash|Earthquake|p1a: Amoonguss\n|-damage|p1a: Amoonguss|0 fnt\n|faint|p1a: Amoonguss\n|\n|win|MeAndTheBorthers\n|raw|Yofavewhiteboy's rating: 1791 &rarr; <strong>1771</strong><br />(-20 for losing)\n|raw|MeAndTheBorthers's rating: 1786 &rarr; <strong>1806</strong><br />(+20 for winning)\n", "inputlog": ">version 686819e5e19f8a7fd2345cfc5a08a5085efa2cc3\n>start {\"formatid\":\"gen9randombattle\",\"seed\":\"sodium,56fec9fe30c958b6db32fc074221d7a0\",\"rated\":\"Rated battle\"}\n>player p1 {\"name\":\"Yofavewhiteboy\",\"avatar\":\"skier\",\"rating\":1791,\"seed\":\"sodium,9c883b191eab178db8c820403621e7fa\"}\n>player p2 {\"name\":\"MeAndTheBorthers\",\"avatar\":\"iris-gen5bw2\",\"rating\":1786,\"seed\":\"sodium,edeb2b929551276dc5813bdf8a07d939\"}\n>p1 move weatherball\n>p2 switch 4\n>p1 switch 4\n>p2 move knockoff\n>p1 move bodyslam\n>p2 move sludgebomb\n>p1 move roost\n>p2 move sludgebomb\n>p1 move coil\n>p2 move dracometeor\n>p1 switch 6\n>p1 move doubleedge\n>p2 move knockoff\n>p2 switch 2\n>p1 switch 3\n>p2 move thunderwave\n>p1 move calmmind\n>p2 switch 6\n>p1 move drainingkiss\n>p2 move darkpulse\n>p1 move drainingkiss\n>p2 move darkpulse\n>p1 move drainingkiss\n>p2 move darkpulse\n>p1 switch 5\n>p1 move gigadrain\n>p2 move uturn\n>p2 switch 6\n>p1 move stompingtantrum\n>p2 move thunderwave\n>p1 move spore\n>p2 move flashcannon\n>p1 switch 3\n>p2 move flashcannon\n>p1 move trick\n>p2 switch 5\n>p1 move uturn\n>p2 move earthquake\n>p1 switch 3\n>p1 switch 4\n>p2 move earthquake\n>p1 move weatherball\n>p2 switch 6\n>p1 move weatherball\n>p2 move waterpulse\n>p1 move weatherball\n>p2 move waterpulse\n>p2 switch 4\n>p1 move weatherball\n>p2 move iceshard\n>p1 switch 4\n>p1 move gigadrain terastallize\n>p2 move iciclecrash\n>p1 switch 3\n>p2 move earthquake\n>p1 move doubleedge\n>p2 move earthquake\n>p2 switch 6\n>p1 move doubleedge\n>p2 move earthquake\n>p1 switch 2\n>p1 move moonblast\n>p2 switch 5\n>p1 move shadowball\n>p2 move thunderwave\n>p1 move shadowball\n>p2 move flashcannon\n>p1 switch 3\n>p1 move gigadrain\n>p2 move flashcannon\n>p2 switch 5\n>p1 move gigadrain\n>p2 move earthquake", "uploadtime": 1771192539, "views": 8, "formatid": "gen9randombattle", "rating": 1771, "private": 0, "password": null}