{"id": "gen9randombattle-2540705743", "format": "[Gen 9] Random Battle", "players": ["HaxBroThaGod", "M4teo010101"], "log": "|j|☆HaxBroThaGod\n|j|☆M4teo010101\n|t:|1771243319\n|gametype|singles\n|player|p1|HaxBroThaGod|101|1809\n|player|p2|M4teo010101|sycamore-masters|1802\n|gen|9\n|tier|[Gen 9] Random Battle\n|rated|\n|rule|Species Clause: Limit one of each Pokémon\n|rule|HP Percentage Mod: HP is shown in percentages\n|rule|Sleep Clause Mod: Limit one foe put to sleep\n|rule|Illusion Level Mod: Illusion disguises the Pokémon's true level\n|\n|t:|1771243319\n|teamsize|p1|6\n|teamsize|p2|6\n|start\n|switch|p1a: Landorus|Landorus, L75, M|257/257\n|switch|p2a: Tinkaton|Tinkaton, L82, F|274/274\n|-ability|p2a: Tinkaton|Mold Breaker\n|turn|1\n|c|☆M4teo010101|hf\n|inactive|Battle timer is ON: inactive players will automatically lose when time's up. (requested by M4teo010101)\n|\n|t:|1771243337\n|move|p2a: Tinkaton|Stealth Rock|p1a: Landorus\n|-sidestart|p1: HaxBroThaGod|move: Stealth Rock\n|move|p1a: Landorus|Earth Power|p2a: Tinkaton\n|-supereffective|p2a: Tinkaton\n|-damage|p2a: Tinkaton|0 fnt\n|faint|p2a: Tinkaton\n|\n|upkeep\n|\n|t:|1771243338\n|switch|p2a: Inteleon|Inteleon, L81, M|246/246\n|turn|2\n|c|☆M4teo010101|u\n|\n|t:|1771243360\n|-terastallize|p1a: Landorus|Poison\n|move|p2a: Inteleon|Ice Beam|p1a: Landorus\n|-damage|p1a: Landorus|125/257\n|move|p1a: Landorus|Sludge Wave|p2a: Inteleon\n|-damage|p2a: Inteleon|38/246\n|\n|upkeep\n|turn|3\n|\n|t:|1771243369\n|switch|p1a: Barraskewda|Barraskewda, L81, F|231/231\n|-damage|p1a: Barraskewda|203/231|[from] Stealth Rock\n|move|p2a: Inteleon|Ice Beam|p1a: Barraskewda\n|-resisted|p1a: Barraskewda\n|-damage|p1a: Barraskewda|113/231\n|\n|upkeep\n|turn|4\n|\n|t:|1771243378\n|switch|p2a: Jumpluff|Jumpluff, L87, F|271/271\n|move|p1a: Barraskewda|Flip Turn|p2a: Jumpluff\n|-resisted|p2a: Jumpluff\n|-damage|p2a: Jumpluff|211/271\n|\n|t:|1771243388\n|switch|p1a: Cinccino|Cinccino, L83, F|260/260|[from] Flip Turn\n|-damage|p1a: Cinccino|228/260|[from] Stealth Rock\n|\n|upkeep\n|turn|5\n|\n|t:|1771243391\n|move|p2a: Jumpluff|Acrobatics|p1a: Cinccino\n|-damage|p1a: Cinccino|119/260\n|move|p1a: Cinccino|Tidy Up|p1a: Cinccino\n|-sideend|p1: HaxBroThaGod|Stealth Rock\n|-activate|p1a: Cinccino|move: Tidy Up\n|-boost|p1a: Cinccino|atk|1\n|-boost|p1a: Cinccino|spe|1\n|\n|upkeep\n|turn|6\n|\n|t:|1771243394\n|switch|p2a: Inteleon|Inteleon, L81, M|38/246\n|move|p1a: Cinccino|Triple Axel|p2a: Inteleon\n|-resisted|p2a: Inteleon\n|-damage|p2a: Inteleon|17/246\n|-resisted|p2a: Inteleon\n|-damage|p2a: Inteleon|0 fnt\n|faint|p2a: Inteleon\n|-hitcount|p2: Inteleon|2\n|\n|upkeep\n|\n|t:|1771243395\n|switch|p2a: Dialga|Dialga, L73|266/266\n|-ability|p2a: Dialga|Pressure\n|turn|7\n|\n|t:|1771243402\n|move|p1a: Cinccino|Triple Axel|p2a: Dialga\n|-damage|p2a: Dialga|238/266\n|-damage|p2a: Dialga|178/266\n|-damage|p2a: Dialga|102/266\n|-hitcount|p2a: Dialga|3\n|move|p2a: Dialga|Heavy Slam|p1a: Cinccino\n|-damage|p1a: Cinccino|0 fnt\n|faint|p1a: Cinccino\n|\n|upkeep\n|\n|t:|1771243428\n|switch|p1a: Meowscarada|Meowscarada, L78, M|247/247\n|turn|8\n|\n|t:|1771243433\n|move|p1a: Meowscarada|Knock Off|p2a: Dialga\n|-start|p1a: Meowscarada|typechange|Dark|[from] ability: Protean\n|-damage|p2a: Dialga|0 fnt\n|-enditem|p2a: Dialga|Assault Vest|[from] move: Knock Off|[of] p1a: Meowscarada\n|faint|p2a: Dialga\n|\n|upkeep\n|\n|t:|1771243434\n|switch|p2a: Jumpluff|Jumpluff, L87, F|211/271\n|turn|9\n|inactive|HaxBroThaGod has 120 seconds left.\n|\n|t:|1771243493\n|move|p2a: Jumpluff|Acrobatics|p1a: Meowscarada\n|-damage|p1a: Meowscarada|144/247\n|move|p1a: Meowscarada|Knock Off|p2a: Jumpluff\n|-damage|p2a: Jumpluff|88/271\n|\n|upkeep\n|turn|10\n|\n|t:|1771243497\n|switch|p1a: Braviary|Braviary-Hisui, L85, M|326/326\n|move|p2a: Jumpluff|Strength Sap|p1a: Braviary\n|-unboost|p1a: Braviary|atk|1\n|-heal|p2a: Jumpluff|234/271\n|\n|upkeep\n|turn|11\n|\n|t:|1771243501\n|move|p2a: Jumpluff|Substitute|p2a: Jumpluff\n|-start|p2a: Jumpluff|Substitute\n|-damage|p2a: Jumpluff|167/271\n|move|p1a: Braviary|Agility|p1a: Braviary\n|-boost|p1a: Braviary|spe|2\n|\n|upkeep\n|turn|12\n|inactive|HaxBroThaGod has 120 seconds left.\n|\n|t:|1771243507\n|move|p1a: Braviary|Psychic|p2a: Jumpluff\n|-end|p2a: Jumpluff|Substitute\n|move|p2a: Jumpluff|Substitute|p2a: Jumpluff\n|-start|p2a: Jumpluff|Substitute\n|-damage|p2a: Jumpluff|100/271\n|\n|upkeep\n|turn|13\n|\n|t:|1771243510\n|move|p1a: Braviary|Psychic|p2a: Jumpluff\n|-end|p2a: Jumpluff|Substitute\n|move|p2a: Jumpluff|Substitute|p2a: Jumpluff\n|-start|p2a: Jumpluff|Substitute\n|-damage|p2a: Jumpluff|33/271\n|\n|upkeep\n|turn|14\n|c|☆HaxBroThaGod|why\n|\n|t:|1771243517\n|move|p1a: Braviary|Psychic|p2a: Jumpluff\n|-end|p2a: Jumpluff|Substitute\n|move|p2a: Jumpluff|Leech Seed|p1a: Braviary\n|-start|p1a: Braviary|move: Leech Seed\n|\n|-damage|p1a: Braviary|286/326|[from] Leech Seed|[of] p2a: Jumpluff\n|-heal|p2a: Jumpluff|73/271|[silent]\n|upkeep\n|turn|15\n|\n|t:|1771243522\n|move|p1a: Braviary|Psychic|p2a: Jumpluff\n|-damage|p2a: Jumpluff|0 fnt\n|faint|p2a: Jumpluff\n|\n|upkeep\n|\n|t:|1771243523\n|switch|p2a: Cramorant|Cramorant, L86, F|261/261\n|turn|16\n|\n|t:|1771243537\n|move|p1a: Braviary|Hurricane|p2a: Cramorant\n|-crit|p2a: Cramorant\n|-damage|p2a: Cramorant|0 fnt\n|faint|p2a: Cramorant\n|\n|upkeep\n|\n|t:|1771243538\n|switch|p2a: Dragapult|Dragapult, L77, M|262/262\n|turn|17\n|c|☆HaxBroThaGod|gg\n|inactive|HaxBroThaGod has 120 seconds left.\n|\n|t:|1771243569\n|move|p1a: Braviary|Psychic|p2a: Dragapult\n|-damage|p2a: Dragapult|23/262\n|move|p2a: Dragapult|Fire Blast|p1a: Braviary\n|-crit|p1a: Braviary\n|-damage|p1a: Braviary|126/326\n|-damage|p2a: Dragapult|0 fnt|[from] item: Life Orb\n|faint|p2a: Dragapult\n|\n|win|HaxBroThaGod\n|raw|HaxBroThaGod's rating: 1809 &rarr; <strong>1829</strong><br />(+20 for winning)\n|raw|M4teo010101's rating: 1802 &rarr; <strong>1782</strong><br />(-20 for losing)\n|c|☆M4teo010101|gg\n", "inputlog": ">version 686819e5e19f8a7fd2345cfc5a08a5085efa2cc3\n>start {\"formatid\":\"gen9randombattle\",\"seed\":\"sodium,ca741be75c5c71343f1ab9667e98146b\",\"rated\":\"Rated battle\"}\n>player p1 {\"name\":\"HaxBroThaGod\",\"avatar\":\"101\",\"rating\":1809,\"seed\":\"sodium,3479218d859a0066b5d79fdc463ffaa9\"}\n>player p2 {\"name\":\"M4teo010101\",\"avatar\":\"sycamore-masters\",\"rating\":1802,\"seed\":\"sodium,2756044bb1f2738478ea19fe19be73ce\"}\n>chat ☆M4teo010101|hf\n>p1 move earthpower\n>p2 move stealthrock\n>p2 switch 6\n>chat ☆M4teo010101|u\n>p1 move sludgewave terastallize\n>p2 move icebeam\n>p1 switch 5\n>p2 move icebeam\n>p1 move flipturn\n>p2 switch 3\n>p1 switch 6\n>p1 move tidyup\n>p2 move acrobatics\n>p1 move tripleaxel\n>p2 switch 3\n>p2 switch 5\n>p1 move tripleaxel\n>p2 move heavyslam\n>p1 switch 3\n>p1 move knockoff\n>p2 move heavyslam\n>p2 switch 3\n>p1 move knockoff\n>p2 move acrobatics\n>p1 switch 4\n>p2 move strengthsap\n>p1 move agility\n>p2 move substitute\n>p1 move psychic\n>p2 move substitute\n>p1 move psychic\n>p2 move substitute\n>chat ☆HaxBroThaGod|why\n>p1 move psychic\n>p2 move leechseed\n>p1 move psychic\n>p2 move strengthsap\n>p2 switch 4\n>p1 move hurricane\n>p2 move surf\n>p2 switch 2\n>chat ☆HaxBroThaGod|gg\n>p1 move psychic\n>p2 move fireblast", "uploadtime": 1771243569, "views": 6, "formatid": "gen9randombattle", "rating": 1782, "private": 0, "password": null}