{"id": "gen9randombattle-2540812162", "format": "[Gen 9] Random Battle", "players": ["bigbangcrash", "snof2"], "log": "|j|☆bigbangcrash\n|j|☆snof2\n|t:|1771256593\n|gametype|singles\n|player|p1|bigbangcrash|roxie|1930\n|player|p2|snof2|alder|1882\n|gen|9\n|tier|[Gen 9] Random Battle\n|rated|\n|rule|Species Clause: Limit one of each Pokémon\n|rule|HP Percentage Mod: HP is shown in percentages\n|rule|Sleep Clause Mod: Limit one foe put to sleep\n|rule|Illusion Level Mod: Illusion disguises the Pokémon's true level\n|\n|t:|1771256593\n|teamsize|p1|6\n|teamsize|p2|6\n|start\n|switch|p1a: Dudunsparce|Dudunsparce-Three-Segment, L83, F|343/343\n|switch|p2a: Tyranitar|Tyranitar, L78, F|284/284\n|-weather|Sandstorm|[from] ability: Sand Stream|[of] p2a: Tyranitar\n|turn|1\n|\n|t:|1771256655\n|switch|p1a: Hawlucha|Hawlucha, L80, F|256/256\n|move|p2a: Tyranitar|Dragon Dance|p2a: Tyranitar\n|-boost|p2a: Tyranitar|atk|1\n|-boost|p2a: Tyranitar|spe|1\n|\n|-weather|Sandstorm|[upkeep]\n|-damage|p1a: Hawlucha|240/256|[from] Sandstorm\n|upkeep\n|turn|2\n|inactive|Battle timer is ON: inactive players will automatically lose when time's up. (requested by bigbangcrash)\n|\n|t:|1771256681\n|-terastallize|p2a: Tyranitar|Rock\n|move|p1a: Hawlucha|Close Combat|p2a: Tyranitar\n|-supereffective|p2a: Tyranitar\n|-damage|p2a: Tyranitar|84/284\n|-unboost|p1a: Hawlucha|def|1\n|-unboost|p1a: Hawlucha|spd|1\n|-enditem|p2a: Tyranitar|Weakness Policy\n|-boost|p2a: Tyranitar|atk|2|[from] item: Weakness Policy\n|-boost|p2a: Tyranitar|spa|2|[from] item: Weakness Policy\n|-enditem|p1a: Hawlucha|White Herb\n|-clearnegativeboost|p1a: Hawlucha|[silent]\n|move|p2a: Tyranitar|Ice Punch|p1a: Hawlucha\n|-supereffective|p1a: Hawlucha\n|-damage|p1a: Hawlucha|0 fnt\n|faint|p1a: Hawlucha\n|\n|-weather|Sandstorm|[upkeep]\n|upkeep\n|inactive|bigbangcrash has 120 seconds left.\n|\n|t:|1771256723\n|switch|p1a: Probopass|Probopass, L91, F|257/257\n|turn|3\n|\n|t:|1771256739\n|-terastallize|p1a: Probopass|Fighting\n|move|p2a: Tyranitar|Knock Off|p1a: Probopass\n|-resisted|p1a: Probopass\n|-damage|p1a: Probopass|175/257\n|-enditem|p1a: Probopass|Chesto Berry|[from] move: Knock Off|[of] p2a: Tyranitar\n|move|p1a: Probopass|Body Press|p2a: Tyranitar\n|-supereffective|p2a: Tyranitar\n|-damage|p2a: Tyranitar|0 fnt\n|faint|p2a: Tyranitar\n|\n|-weather|Sandstorm|[upkeep]\n|-damage|p1a: Probopass|159/257|[from] Sandstorm\n|upkeep\n|inactive|snof2 has 120 seconds left.\n|\n|t:|1771256771\n|switch|p2a: Arceus|Arceus-Fairy, L69|280/280\n|turn|4\n|\n|t:|1771256780\n|move|p2a: Arceus|Calm Mind|p2a: Arceus\n|-boost|p2a: Arceus|spa|1\n|-boost|p2a: Arceus|spd|1\n|move|p1a: Probopass|Flash Cannon|p2a: Arceus\n|-supereffective|p2a: Arceus\n|-damage|p2a: Arceus|170/280\n|\n|-weather|Sandstorm|[upkeep]\n|-damage|p2a: Arceus|153/280|[from] Sandstorm\n|-damage|p1a: Probopass|143/257|[from] Sandstorm\n|upkeep\n|turn|5\n|inactive|bigbangcrash has 120 seconds left.\n|\n|t:|1771256831\n|move|p2a: Arceus|Recover|p2a: Arceus\n|-heal|p2a: Arceus|280/280\n|move|p1a: Probopass|Flash Cannon|p2a: Arceus\n|-supereffective|p2a: Arceus\n|-damage|p2a: Arceus|182/280\n|\n|-weather|none\n|upkeep\n|turn|6\n|inactive|snof2 has 120 seconds left.\n|\n|t:|1771256861\n|switch|p1a: Zangoose|Zangoose, L85, F|263/263\n|move|p2a: Arceus|Judgment|p1a: Zangoose\n|-damage|p1a: Zangoose|50/263\n|\n|-status|p1a: Zangoose|tox|[from] item: Toxic Orb\n|upkeep\n|turn|7\n|\n|t:|1771256869\n|move|p2a: Arceus|Judgment|p1a: Zangoose\n|-damage|p1a: Zangoose|0 fnt\n|faint|p1a: Zangoose\n|\n|upkeep\n|\n|t:|1771256877\n|switch|p1a: Dudunsparce|Dudunsparce-Three-Segment, L83, F|343/343\n|turn|8\n|inactive|snof2 has 120 seconds left.\n|\n|t:|1771256903\n|move|p2a: Arceus|Judgment|p1a: Dudunsparce\n|-damage|p1a: Dudunsparce|166/343\n|move|p1a: Dudunsparce|Calm Mind|p1a: Dudunsparce\n|-boost|p1a: Dudunsparce|spa|1\n|-boost|p1a: Dudunsparce|spd|1\n|\n|-heal|p1a: Dudunsparce|187/343|[from] item: Leftovers\n|upkeep\n|turn|9\n|inactive|bigbangcrash has 120 seconds left.\n|\n|t:|1771256915\n|move|p2a: Arceus|Judgment|p1a: Dudunsparce\n|-damage|p1a: Dudunsparce|76/343\n|move|p1a: Dudunsparce|Calm Mind|p1a: Dudunsparce\n|-boost|p1a: Dudunsparce|spa|1\n|-boost|p1a: Dudunsparce|spd|1\n|\n|-heal|p1a: Dudunsparce|97/343|[from] item: Leftovers\n|upkeep\n|turn|10\n|\n|t:|1771256923\n|switch|p2a: Solgaleo|Solgaleo, L74|325/325\n|move|p1a: Dudunsparce|Roost|p1a: Dudunsparce\n|-heal|p1a: Dudunsparce|269/343\n|-singleturn|p1a: Dudunsparce|move: Roost\n|\n|-heal|p1a: Dudunsparce|290/343|[from] item: Leftovers\n|upkeep\n|turn|11\n|inactive|bigbangcrash has 120 seconds left.\n|\n|t:|1771256940\n|switch|p1a: Alomomola|Alomomola, L87, M|429/429\n|move|p2a: Solgaleo|Close Combat|p1a: Alomomola\n|-damage|p1a: Alomomola|342/429\n|-unboost|p2a: Solgaleo|def|1\n|-unboost|p2a: Solgaleo|spd|1\n|\n|upkeep\n|turn|12\n|inactive|snof2 has 120 seconds left.\n|\n|t:|1771256950\n|switch|p2a: Bellossom|Bellossom, L84, F|263/263\n|move|p1a: Alomomola|Wish|p1a: Alomomola\n|\n|upkeep\n|turn|13\n|inactive|bigbangcrash has 120 seconds left.\n|\n|t:|1771256970\n|switch|p1a: Mandibuzz|Mandibuzz, L85, F|326/326\n|move|p2a: Bellossom|Quiver Dance|p2a: Bellossom\n|-boost|p2a: Bellossom|spa|1\n|-boost|p2a: Bellossom|spd|1\n|-boost|p2a: Bellossom|spe|1\n|\n|upkeep\n|turn|14\n|inactive|snof2 has 120 seconds left.\n|\n|t:|1771256988\n|switch|p2a: Arceus|Arceus-Fairy, L69|182/280\n|move|p1a: Mandibuzz|Toxic|p2a: Arceus\n|-status|p2a: Arceus|tox\n|\n|-damage|p2a: Arceus|165/280 tox|[from] psn\n|upkeep\n|turn|15\n|\n|t:|1771257005\n|switch|p1a: Dudunsparce|Dudunsparce-Three-Segment, L83, F|290/343\n|move|p2a: Arceus|Calm Mind|p2a: Arceus\n|-boost|p2a: Arceus|spa|1\n|-boost|p2a: Arceus|spd|1\n|\n|-heal|p1a: Dudunsparce|311/343|[from] item: Leftovers\n|-damage|p2a: Arceus|131/280 tox|[from] psn\n|upkeep\n|turn|16\n|\n|t:|1771257015\n|move|p2a: Arceus|Judgment|p1a: Dudunsparce\n|-damage|p1a: Dudunsparce|148/343\n|move|p1a: Dudunsparce|Calm Mind|p1a: Dudunsparce\n|-boost|p1a: Dudunsparce|spa|1\n|-boost|p1a: Dudunsparce|spd|1\n|\n|-heal|p1a: Dudunsparce|169/343|[from] item: Leftovers\n|-damage|p2a: Arceus|80/280 tox|[from] psn\n|upkeep\n|turn|17\n|\n|t:|1771257019\n|move|p2a: Arceus|Judgment|p1a: Dudunsparce\n|-damage|p1a: Dudunsparce|45/343\n|move|p1a: Dudunsparce|Roost|p1a: Dudunsparce\n|-heal|p1a: Dudunsparce|217/343\n|-singleturn|p1a: Dudunsparce|move: Roost\n|\n|-heal|p1a: Dudunsparce|238/343|[from] item: Leftovers\n|-damage|p2a: Arceus|12/280 tox|[from] psn\n|upkeep\n|turn|18\n|\n|t:|1771257027\n|move|p2a: Arceus|Judgment|p1a: Dudunsparce\n|-damage|p1a: Dudunsparce|120/343\n|move|p1a: Dudunsparce|Roost|p1a: Dudunsparce\n|-heal|p1a: Dudunsparce|292/343\n|-singleturn|p1a: Dudunsparce|move: Roost\n|\n|-heal|p1a: Dudunsparce|313/343|[from] item: Leftovers\n|-damage|p2a: Arceus|0 fnt|[from] psn\n|faint|p2a: Arceus\n|upkeep\n|\n|t:|1771257032\n|switch|p2a: Trevenant|Trevenant, L89, M|296/296\n|turn|19\n|\n|t:|1771257045\n|move|p2a: Trevenant|Toxic|p1a: Dudunsparce\n|-status|p1a: Dudunsparce|tox\n|move|p1a: Dudunsparce|Shadow Ball|p2a: Trevenant\n|-supereffective|p2a: Trevenant\n|-damage|p2a: Trevenant|142/296\n|-enditem|p2a: Trevenant|Sitrus Berry|[eat]\n|-heal|p2a: Trevenant|216/296|[from] item: Sitrus Berry\n|\n|-heal|p1a: Dudunsparce|334/343 tox|[from] item: Leftovers\n|-damage|p1a: Dudunsparce|313/343 tox|[from] psn\n|-item|p2a: Trevenant|Sitrus Berry|[from] ability: Harvest\n|upkeep\n|turn|20\n|\n|t:|1771257052\n|move|p2a: Trevenant|Drain Punch|p1a: Dudunsparce\n|-supereffective|p1a: Dudunsparce\n|-damage|p1a: Dudunsparce|171/343 tox\n|-heal|p2a: Trevenant|287/296|[from] drain|[of] p1a: Dudunsparce\n|move|p1a: Dudunsparce|Shadow Ball|p2a: Trevenant\n|-supereffective|p2a: Trevenant\n|-damage|p2a: Trevenant|137/296\n|-enditem|p2a: Trevenant|Sitrus Berry|[eat]\n|-heal|p2a: Trevenant|211/296|[from] item: Sitrus Berry\n|\n|-heal|p1a: Dudunsparce|192/343 tox|[from] item: Leftovers\n|-damage|p1a: Dudunsparce|150/343 tox|[from] psn\n|upkeep\n|turn|21\n|\n|t:|1771257064\n|switch|p1a: Mandibuzz|Mandibuzz, L85, F|326/326\n|move|p2a: Trevenant|Protect||[still]\n|-fail|p2a: Trevenant\n|\n|-item|p2a: Trevenant|Sitrus Berry|[from] ability: Harvest\n|upkeep\n|turn|22\n|\n|t:|1771257084\n|switch|p2a: Solgaleo|Solgaleo, L74|325/325\n|move|p1a: Mandibuzz|Foul Play|p2a: Solgaleo\n|-supereffective|p2a: Solgaleo\n|-damage|p2a: Solgaleo|71/325\n|-damage|p1a: Mandibuzz|272/326|[from] item: Rocky Helmet|[of] p2a: Solgaleo\n|\n|upkeep\n|turn|23\n|\n|t:|1771257102\n|move|p2a: Solgaleo|Morning Sun|p2a: Solgaleo\n|-heal|p2a: Solgaleo|233/325\n|move|p1a: Mandibuzz|Roost|p1a: Mandibuzz\n|-heal|p1a: Mandibuzz|326/326\n|-singleturn|p1a: Mandibuzz|move: Roost\n|\n|upkeep\n|turn|24\n|\n|t:|1771257106\n|move|p2a: Solgaleo|Sunsteel Strike|p1a: Mandibuzz\n|-damage|p1a: Mandibuzz|230/326\n|move|p1a: Mandibuzz|Foul Play|p2a: Solgaleo\n|-supereffective|p2a: Solgaleo\n|-damage|p2a: Solgaleo|0 fnt\n|-damage|p1a: Mandibuzz|176/326|[from] item: Rocky Helmet|[of] p2a: Solgaleo\n|faint|p2a: Solgaleo\n|\n|upkeep\n|\n|t:|1771257110\n|switch|p2a: Azelf|Azelf, L82|257/257\n|turn|25\n|\n|t:|1771257127\n|switch|p1a: Dudunsparce|Dudunsparce-Three-Segment, L83, F|150/343 tox\n|move|p2a: Azelf|Thunderbolt|p1a: Dudunsparce\n|-damage|p1a: Dudunsparce|37/343 tox\n|-damage|p2a: Azelf|232/257|[from] item: Life Orb\n|\n|-heal|p1a: Dudunsparce|58/343 tox|[from] item: Leftovers\n|-damage|p1a: Dudunsparce|37/343 tox|[from] psn\n|upkeep\n|turn|26\n|\n|t:|1771257151\n|move|p2a: Azelf|Thunderbolt|p1a: Dudunsparce\n|-damage|p1a: Dudunsparce|0 fnt\n|faint|p1a: Dudunsparce\n|-damage|p2a: Azelf|207/257|[from] item: Life Orb\n|\n|upkeep\n|inactive|bigbangcrash has 120 seconds left.\n|\n|t:|1771257193\n|switch|p1a: Mandibuzz|Mandibuzz, L85, F|176/326\n|turn|27\n|\n|t:|1771257202\n|move|p2a: Azelf|Thunderbolt|p1a: Mandibuzz\n|-supereffective|p1a: Mandibuzz\n|-damage|p1a: Mandibuzz|0 fnt\n|faint|p1a: Mandibuzz\n|-damage|p2a: Azelf|182/257|[from] item: Life Orb\n|\n|upkeep\n|\n|t:|1771257208\n|switch|p1a: Alomomola|Alomomola, L87, M|429/429\n|turn|28\n|\n|t:|1771257214\n|move|p2a: Azelf|Nasty Plot|p2a: Azelf\n|-boost|p2a: Azelf|spa|2\n|move|p1a: Alomomola|Flip Turn|p2a: Azelf\n|-damage|p2a: Azelf|118/257\n|\n|t:|1771257218\n|switch|p1a: Probopass|Probopass, L91, F, tera:Fighting|143/257|[from] Flip Turn\n|\n|upkeep\n|turn|29\n|\n|t:|1771257223\n|move|p2a: Azelf|Psyshock|p1a: Probopass\n|-supereffective|p1a: Probopass\n|-damage|p1a: Probopass|0 fnt\n|faint|p1a: Probopass\n|-damage|p2a: Azelf|93/257|[from] item: Life Orb\n|\n|upkeep\n|-message|bigbangcrash forfeited.\n|\n|win|snof2\n|raw|bigbangcrash's rating: 1930 &rarr; <strong>1907</strong><br />(-23 for losing)\n|raw|snof2's rating: 1882 &rarr; <strong>1905</strong><br />(+23 for winning)\n|l|☆bigbangcrash\n|player|p1|\n", "inputlog": ">version 686819e5e19f8a7fd2345cfc5a08a5085efa2cc3\n>start {\"formatid\":\"gen9randombattle\",\"seed\":\"sodium,a5dd86ffd904d6d649c653a558b8a8ef\",\"rated\":\"Rated battle\"}\n>player p1 {\"name\":\"bigbangcrash\",\"avatar\":\"roxie\",\"rating\":1930,\"seed\":\"sodium,61963c9d3ce78e2e737c11d7b2576b0d\"}\n>player p2 {\"name\":\"snof2\",\"avatar\":\"alder\",\"rating\":1882,\"seed\":\"sodium,787ca30b5bebe8063c7e5478c9cf0740\"}\n>p1 switch 5\n>p2 move dragondance\n>p1 move closecombat\n>p2 move icepunch terastallize\n>p1 switch 6\n>p1 move bodypress terastallize\n>p2 move knockoff\n>p2 switch 6\n>p1 move flashcannon\n>p2 move calmmind\n>p1 move flashcannon\n>p2 move recover\n>p1 switch 3\n>p2 move judgment\n>p1 move facade\n>p2 move judgment\n>p1 switch 5\n>p1 move calmmind\n>p2 move judgment\n>p1 move calmmind\n>p2 move judgment\n>p1 move roost\n>p2 switch 2\n>p1 switch 4\n>p2 move closecombat\n>p1 move wish\n>p2 switch 3\n>p1 switch 2\n>p2 move quiverdance\n>p1 move toxic\n>p2 switch 2\n>p1 switch 4\n>p2 move calmmind\n>p1 move calmmind\n>p2 move judgment\n>p1 move roost\n>p2 move judgment\n>p1 move roost\n>p2 move judgment\n>p2 switch 4\n>p1 move shadowball\n>p2 move toxic\n>p1 move shadowball\n>p2 move drainpunch\n>p1 switch 4\n>p2 move protect\n>p1 move foulplay\n>p2 switch 3\n>p1 move roost\n>p2 move morningsun\n>p1 move foulplay\n>p2 move sunsteelstrike\n>p2 switch 5\n>p1 switch 4\n>p2 move thunderbolt\n>p1 move boomburst\n>p2 move thunderbolt\n>p1 switch 4\n>p1 move foulplay\n>p2 move thunderbolt\n>p1 switch 2\n>p1 move flipturn\n>p2 move nastyplot\n>p1 switch 3\n>p1 move flashcannon\n>p2 move psyshock\n>forcelose p1", "uploadtime": 1771257232, "views": 5, "formatid": "gen9randombattle", "rating": 1905, "private": 0, "password": null}