{"id": "gen9randombattle-2540092280", "format": "[Gen 9] Random Battle", "players": ["djsnake88", "keykiko"], "log": "|j|☆djsnake88\n|j|☆keykiko\n|t:|1771160450\n|gametype|singles\n|player|p1|djsnake88|shadowtriad|1581\n|player|p2|keykiko|lillie|1638\n|gen|9\n|tier|[Gen 9] Random Battle\n|rated|\n|rule|Species Clause: Limit one of each Pokémon\n|rule|HP Percentage Mod: HP is shown in percentages\n|rule|Sleep Clause Mod: Limit one foe put to sleep\n|rule|Illusion Level Mod: Illusion disguises the Pokémon's true level\n|\n|t:|1771160450\n|teamsize|p1|6\n|teamsize|p2|6\n|start\n|switch|p1a: Dunsparce|Dunsparce, L86, M|312/312\n|switch|p2a: Decidueye|Decidueye, L88, M|281/281\n|turn|1\n|inactive|Battle timer is ON: inactive players will automatically lose when time's up. (requested by djsnake88)\n|\n|t:|1771160466\n|switch|p1a: Heatran|Heatran, L79, M|273/273\n|-item|p1a: Heatran|Air Balloon\n|move|p2a: Decidueye|Swords Dance|p2a: Decidueye\n|-boost|p2a: Decidueye|atk|2\n|\n|upkeep\n|turn|2\n|\n|t:|1771160472\n|move|p2a: Decidueye|Poltergeist|p1a: Heatran\n|-activate|p1a: Heatran|move: Poltergeist|Air Balloon\n|-damage|p1a: Heatran|0 fnt\n|-enditem|p1a: Heatran|Air Balloon\n|faint|p1a: Heatran\n|-damage|p2a: Decidueye|253/281|[from] item: Life Orb\n|\n|upkeep\n|\n|t:|1771160487\n|switch|p1a: Gyarados|Gyarados, L79, M|280/280\n|turn|3\n|\n|t:|1771160492\n|move|p1a: Gyarados|Temper Flare|p2a: Decidueye\n|-supereffective|p2a: Decidueye\n|-damage|p2a: Decidueye|139/281\n|move|p2a: Decidueye|Poltergeist|p1a: Gyarados\n|-activate|p1a: Gyarados|move: Poltergeist|Heavy-Duty Boots\n|-damage|p1a: Gyarados|0 fnt\n|faint|p1a: Gyarados\n|-damage|p2a: Decidueye|111/281|[from] item: Life Orb\n|\n|upkeep\n|\n|t:|1771160503\n|switch|p1a: Cetitan|Cetitan, L82, F|413/413\n|turn|4\n|\n|t:|1771160510\n|-terastallize|p2a: Decidueye|Ghost\n|move|p1a: Cetitan|Ice Shard|p2a: Decidueye\n|-damage|p2a: Decidueye|45/281\n|-damage|p1a: Cetitan|372/413|[from] item: Life Orb\n|move|p2a: Decidueye|Poltergeist|p1a: Cetitan|[miss]\n|-miss|p2a: Decidueye|p1a: Cetitan\n|\n|upkeep\n|turn|5\n|\n|t:|1771160519\n|switch|p2a: Metagross|Metagross, L79|256/256\n|move|p1a: Cetitan|Ice Shard|p2a: Metagross\n|-resisted|p2a: Metagross\n|-damage|p2a: Metagross|233/256\n|-damage|p1a: Cetitan|331/413|[from] item: Life Orb\n|\n|upkeep\n|turn|6\n|\n|t:|1771160534\n|move|p1a: Cetitan|Liquidation|p2a: Metagross\n|-damage|p2a: Metagross|151/256\n|move|p2a: Metagross|Psychic Fangs|p1a: Cetitan\n|-damage|p1a: Cetitan|130/413\n|\n|upkeep\n|turn|7\n|\n|t:|1771160543\n|switch|p2a: Dachsbun|Dachsbun, L92, M|254/254\n|move|p1a: Cetitan|Liquidation|p2a: Dachsbun\n|-damage|p2a: Dachsbun|166/254\n|\n|-heal|p2a: Dachsbun|181/254|[from] item: Leftovers\n|upkeep\n|turn|8\n|\n|t:|1771160549\n|move|p2a: Dachsbun|Protect|p2a: Dachsbun\n|-singleturn|p2a: Dachsbun|Protect\n|move|p1a: Cetitan|Icicle Crash|p2a: Dachsbun\n|-activate|p2a: Dachsbun|move: Protect\n|\n|-heal|p2a: Dachsbun|196/254|[from] item: Leftovers\n|upkeep\n|turn|9\n|\n|t:|1771160552\n|move|p2a: Dachsbun|Wish|p2a: Dachsbun\n|move|p1a: Cetitan|Icicle Crash|p2a: Dachsbun\n|-damage|p2a: Dachsbun|70/254\n|\n|-heal|p2a: Dachsbun|85/254|[from] item: Leftovers\n|upkeep\n|turn|10\n|\n|t:|1771160560\n|switch|p1a: Raging Bolt|Raging Bolt, L78|323/323\n|-enditem|p1a: Raging Bolt|Booster Energy\n|-activate|p1a: Raging Bolt|ability: Protosynthesis|[fromitem]\n|-start|p1a: Raging Bolt|protosynthesisspa\n|move|p2a: Dachsbun|Body Press|p1a: Raging Bolt\n|-damage|p1a: Raging Bolt|243/323\n|\n|-heal|p2a: Dachsbun|212/254|[from] move: Wish|[wisher] Dachsbun\n|-heal|p2a: Dachsbun|227/254|[from] item: Leftovers\n|upkeep\n|turn|11\n|\n|t:|1771160566\n|move|p2a: Dachsbun|Play Rough|p1a: Raging Bolt\n|-supereffective|p1a: Raging Bolt\n|-damage|p1a: Raging Bolt|21/323\n|move|p1a: Raging Bolt|Calm Mind|p1a: Raging Bolt\n|-boost|p1a: Raging Bolt|spa|1\n|-boost|p1a: Raging Bolt|spd|1\n|\n|-heal|p2a: Dachsbun|242/254|[from] item: Leftovers\n|upkeep\n|turn|12\n|\n|t:|1771160570\n|move|p2a: Dachsbun|Protect|p2a: Dachsbun\n|-singleturn|p2a: Dachsbun|Protect\n|move|p1a: Raging Bolt|Thunderclap||[still]\n|-fail|p1a: Raging Bolt\n|\n|-heal|p2a: Dachsbun|254/254|[from] item: Leftovers\n|upkeep\n|turn|13\n|\n|t:|1771160572\n|move|p1a: Raging Bolt|Thunderclap|p2a: Dachsbun\n|-damage|p2a: Dachsbun|82/254\n|move|p2a: Dachsbun|Body Press|p1a: Raging Bolt\n|-damage|p1a: Raging Bolt|0 fnt\n|faint|p1a: Raging Bolt\n|-end|p1a: Raging Bolt|Protosynthesis|[silent]\n|\n|-heal|p2a: Dachsbun|97/254|[from] item: Leftovers\n|upkeep\n|\n|t:|1771160578\n|switch|p1a: Mew|Mew, L82|298/298\n|turn|14\n|\n|t:|1771160583\n|move|p2a: Dachsbun|Play Rough|p1a: Mew\n|-damage|p1a: Mew|205/298\n|move|p1a: Mew|Swords Dance|p1a: Mew\n|-boost|p1a: Mew|atk|2\n|\n|-heal|p2a: Dachsbun|112/254|[from] item: Leftovers\n|upkeep\n|turn|15\n|\n|t:|1771160594\n|move|p2a: Dachsbun|Play Rough|p1a: Mew\n|-crit|p1a: Mew\n|-damage|p1a: Mew|79/298\n|move|p1a: Mew|Psychic Fangs|p2a: Dachsbun\n|-damage|p2a: Dachsbun|0 fnt\n|faint|p2a: Dachsbun\n|-damage|p1a: Mew|50/298|[from] item: Life Orb\n|\n|upkeep\n|\n|t:|1771160605\n|switch|p2a: Jumpluff|Jumpluff, L87, M|271/271\n|turn|16\n|\n|t:|1771160609\n|move|p2a: Jumpluff|Acrobatics|p1a: Mew\n|-damage|p1a: Mew|0 fnt\n|faint|p1a: Mew\n|\n|upkeep\n|\n|t:|1771160611\n|switch|p1a: Cetitan|Cetitan, L82, F|130/413\n|turn|17\n|\n|t:|1771160615\n|switch|p2a: Metagross|Metagross, L79|151/256\n|move|p1a: Cetitan|Ice Shard|p2a: Metagross\n|-resisted|p2a: Metagross\n|-damage|p2a: Metagross|129/256\n|-damage|p1a: Cetitan|89/413|[from] item: Life Orb\n|\n|upkeep\n|turn|18\n|\n|t:|1771160622\n|move|p1a: Cetitan|Icicle Crash|p2a: Metagross\n|-resisted|p2a: Metagross\n|-damage|p2a: Metagross|65/256\n|move|p2a: Metagross|Knock Off|p1a: Cetitan\n|-damage|p1a: Cetitan|0 fnt\n|-enditem|p1a: Cetitan|Life Orb|[from] move: Knock Off|[of] p2a: Metagross\n|faint|p1a: Cetitan\n|\n|upkeep\n|\n|t:|1771160627\n|switch|p1a: Dunsparce|Dunsparce, L86, M|312/312\n|turn|19\n|\n|t:|1771160630\n|move|p2a: Metagross|Knock Off|p1a: Dunsparce\n|-damage|p1a: Dunsparce|222/312\n|-enditem|p1a: Dunsparce|Eviolite|[from] move: Knock Off|[of] p2a: Metagross\n|move|p1a: Dunsparce|Earthquake|p2a: Metagross\n|-supereffective|p2a: Metagross\n|-damage|p2a: Metagross|0 fnt\n|faint|p2a: Metagross\n|\n|upkeep\n|\n|t:|1771160635\n|switch|p2a: Decidueye|Decidueye, L88, M, tera:Ghost|45/281\n|turn|20\n|\n|t:|1771160641\n|move|p2a: Decidueye|Leaf Blade|p1a: Dunsparce\n|-damage|p1a: Dunsparce|0 fnt\n|faint|p1a: Dunsparce\n|-damage|p2a: Decidueye|17/281|[from] item: Life Orb\n|\n|win|keykiko\n|raw|djsnake88's rating: 1581 &rarr; <strong>1564</strong><br />(-17 for losing)\n|raw|keykiko's rating: 1638 &rarr; <strong>1655</strong><br />(+17 for winning)\n", "inputlog": ">version 686819e5e19f8a7fd2345cfc5a08a5085efa2cc3\n>start {\"formatid\":\"gen9randombattle\",\"seed\":\"sodium,88c27cd26f301cec3f0b9ba62f79f792\",\"rated\":\"Rated battle\"}\n>player p1 {\"name\":\"djsnake88\",\"avatar\":\"shadowtriad\",\"rating\":1581,\"seed\":\"sodium,78b32929b86fd66d9d0fac10d0a23b32\"}\n>player p2 {\"name\":\"keykiko\",\"avatar\":\"lillie\",\"rating\":1638,\"seed\":\"sodium,f7fa1215de2c08ea44fd3af53b7ce5c1\"}\n>p1 switch 6\n>p2 move swordsdance\n>p1 move lavaplume\n>p2 move poltergeist\n>p1 switch 5\n>p1 move temperflare\n>p2 move poltergeist\n>p1 switch 4\n>p1 move iceshard\n>p2 move poltergeist terastallize\n>p1 move iceshard\n>p2 switch 6\n>p1 move liquidation\n>p2 move psychicfangs\n>p1 move liquidation\n>p2 switch 2\n>p1 move iciclecrash\n>p2 move protect\n>p1 move iciclecrash\n>p2 move wish\n>p1 switch 2\n>p2 move bodypress\n>p1 move calmmind\n>p2 move playrough\n>p1 move thunderclap\n>p2 move protect\n>p1 move thunderclap\n>p2 move bodypress\n>p1 switch 3\n>p1 move swordsdance\n>p2 move playrough\n>p1 move psychicfangs\n>p2 move playrough\n>p2 switch 5\n>p1 move leechlife\n>p2 move acrobatics\n>p1 switch 2\n>p1 move iceshard\n>p2 switch 2\n>p1 move iciclecrash\n>p2 move knockoff\n>p1 switch 6\n>p1 move earthquake\n>p2 move knockoff\n>p2 switch 6\n>p1 move earthquake\n>p2 move leafblade", "uploadtime": 1771160644, "views": 14, "formatid": "gen9randombattle", "rating": 1564, "private": 0, "password": null}