{"id": "gen9randombattle-2540059341", "format": "[Gen 9] Random Battle", "players": ["MidnightBeasts", "Arno117"], "log": "|j|☆MidnightBeasts\n|j|☆Arno117\n|t:|1771154356\n|gametype|singles\n|player|p1|MidnightBeasts|may-masters4|1606\n|player|p2|Arno117|hugh|1596\n|gen|9\n|tier|[Gen 9] Random Battle\n|rated|\n|rule|Species Clause: Limit one of each Pokémon\n|rule|HP Percentage Mod: HP is shown in percentages\n|rule|Sleep Clause Mod: Limit one foe put to sleep\n|rule|Illusion Level Mod: Illusion disguises the Pokémon's true level\n|\n|t:|1771154356\n|teamsize|p1|6\n|teamsize|p2|6\n|start\n|switch|p1a: Zapdos|Zapdos, L78|268/268\n|switch|p2a: Raging Bolt|Raging Bolt, L78|323/323\n|turn|1\n|inactive|Battle timer is ON: inactive players will automatically lose when time's up. (requested by MidnightBeasts)\n|\n|t:|1771154373\n|switch|p1a: Abomasnow|Abomasnow, L84, F|287/287\n|-weather|Snowscape|[from] ability: Snow Warning|[of] p1a: Abomasnow\n|move|p2a: Raging Bolt|Thunderbolt|p1a: Abomasnow\n|-resisted|p1a: Abomasnow\n|-damage|p1a: Abomasnow|229/287\n|-status|p1a: Abomasnow|par\n|\n|-weather|Snowscape|[upkeep]\n|upkeep\n|turn|2\n|\n|t:|1771154385\n|-end|p2a: Raging Bolt|Protosynthesis|[silent]\n|switch|p2a: Hippowdon|Hippowdon, L82, M|311/311\n|-weather|Sandstorm|[from] ability: Sand Stream|[of] p2a: Hippowdon\n|cant|p1a: Abomasnow|par\n|\n|-weather|Sandstorm|[upkeep]\n|-damage|p1a: Abomasnow|212/287 par|[from] Sandstorm\n|upkeep\n|turn|3\n|c|☆MidnightBeasts|Already understand how this game is going to be\n|\n|t:|1771154409\n|switch|p2a: Mienshao|Mienshao, L83, M|244/244\n|switch|p1a: Trevenant|Trevenant, L89, M|296/296\n|\n|-weather|Sandstorm|[upkeep]\n|-damage|p2a: Mienshao|229/244|[from] Sandstorm\n|-damage|p1a: Trevenant|278/296|[from] Sandstorm\n|upkeep\n|turn|4\n|\n|t:|1771154419\n|move|p2a: Mienshao|Knock Off|p1a: Trevenant\n|-supereffective|p1a: Trevenant\n|-damage|p1a: Trevenant|108/296\n|-enditem|p1a: Trevenant|Life Orb|[from] move: Knock Off|[of] p2a: Mienshao\n|move|p1a: Trevenant|Will-O-Wisp|p2a: Mienshao|[miss]\n|-miss|p1a: Trevenant|p2a: Mienshao\n|\n|-weather|Sandstorm|[upkeep]\n|-damage|p2a: Mienshao|214/244|[from] Sandstorm\n|-damage|p1a: Trevenant|90/296|[from] Sandstorm\n|upkeep\n|turn|5\n|c|☆Arno117|bruh\n|c|☆MidnightBeasts|Sto sito è veramente per decerebrati mentali porca quella Madonna\n|\n|t:|1771154439\n|switch|p1a: Klefki|Klefki, L84, F|233/233\n|move|p2a: Mienshao|Knock Off|p1a: Klefki\n|-resisted|p1a: Klefki\n|-damage|p1a: Klefki|195/233\n|-enditem|p1a: Klefki|Leftovers|[from] move: Knock Off|[of] p2a: Mienshao\n|\n|-weather|Sandstorm|[upkeep]\n|-damage|p2a: Mienshao|199/244|[from] Sandstorm\n|upkeep\n|turn|6\n|\n|t:|1771154454\n|switch|p2a: Hippowdon|Hippowdon, L82, M|311/311\n|move|p1a: Klefki|Spikes|p2a: Hippowdon\n|-sidestart|p2: Arno117|Spikes\n|\n|-weather|none\n|upkeep\n|turn|7\n|\n|t:|1771154462\n|move|p1a: Klefki|Spikes|p2a: Hippowdon\n|-sidestart|p2: Arno117|Spikes\n|move|p2a: Hippowdon|Earthquake|p1a: Klefki\n|-supereffective|p1a: Klefki\n|-damage|p1a: Klefki|0 fnt\n|faint|p1a: Klefki\n|\n|upkeep\n|\n|t:|1771154465\n|switch|p1a: Abomasnow|Abomasnow, L84, F|212/287 par\n|-weather|Snowscape|[from] ability: Snow Warning|[of] p1a: Abomasnow\n|turn|8\n|\n|t:|1771154472\n|switch|p2a: Hypno|Hypno, L95, F|315/315\n|-damage|p2a: Hypno|263/315|[from] Spikes\n|move|p1a: Abomasnow|Aurora Veil|p1a: Abomasnow\n|-sidestart|p1: MidnightBeasts|move: Aurora Veil\n|\n|-weather|Snowscape|[upkeep]\n|-heal|p2a: Hypno|282/315|[from] item: Leftovers\n|upkeep\n|turn|9\n|\n|t:|1771154485\n|switch|p1a: Incineroar|Incineroar, L82, M|290/290\n|-ability|p1a: Incineroar|Intimidate|boost\n|-unboost|p2a: Hypno|atk|1\n|move|p2a: Hypno|Psychic Noise|p1a: Incineroar\n|-immune|p1a: Incineroar\n|\n|-weather|Snowscape|[upkeep]\n|-heal|p2a: Hypno|301/315|[from] item: Leftovers\n|upkeep\n|turn|10\n|\n|t:|1771154503\n|move|p2a: Hypno|Toxic|p1a: Incineroar\n|-status|p1a: Incineroar|tox\n|move|p1a: Incineroar|Knock Off|p2a: Hypno\n|-supereffective|p2a: Hypno\n|-damage|p2a: Hypno|83/315\n|-enditem|p2a: Hypno|Leftovers|[from] move: Knock Off|[of] p1a: Incineroar\n|\n|-weather|Snowscape|[upkeep]\n|-damage|p1a: Incineroar|272/290 tox|[from] psn\n|upkeep\n|turn|11\n|\n|t:|1771154512\n|switch|p1a: Zapdos|Zapdos, L78|268/268\n|move|p2a: Hypno|Protect||[still]\n|-fail|p2a: Hypno\n|\n|-weather|Snowscape|[upkeep]\n|upkeep\n|turn|12\n|\n|t:|1771154522\n|switch|p2a: Hippowdon|Hippowdon, L82, M|311/311\n|-damage|p2a: Hippowdon|260/311|[from] Spikes\n|-weather|Sandstorm|[from] ability: Sand Stream|[of] p2a: Hippowdon\n|move|p1a: Zapdos|Thunderbolt|p2a: Hippowdon\n|-immune|p2a: Hippowdon\n|\n|-weather|Sandstorm|[upkeep]\n|-damage|p1a: Zapdos|252/268|[from] Sandstorm\n|-heal|p2a: Hippowdon|279/311|[from] item: Leftovers\n|upkeep\n|turn|13\n|\n|t:|1771154538\n|switch|p1a: Trevenant|Trevenant, L89, M|90/296\n|move|p2a: Hippowdon|Stone Edge|p1a: Trevenant\n|-damage|p1a: Trevenant|52/296\n|\n|-weather|Sandstorm|[upkeep]\n|-damage|p1a: Trevenant|34/296|[from] Sandstorm\n|-heal|p2a: Hippowdon|298/311|[from] item: Leftovers\n|upkeep\n|turn|14\n|\n|t:|1771154552\n|switch|p2a: Hypno|Hypno, L95, F|83/315\n|-damage|p2a: Hypno|31/315|[from] Spikes\n|move|p1a: Trevenant|Horn Leech|p2a: Hypno\n|-damage|p2a: Hypno|0 fnt\n|-heal|p1a: Trevenant|50/296|[from] drain|[of] p2a: Hypno\n|faint|p2a: Hypno\n|\n|-weather|Sandstorm|[upkeep]\n|-damage|p1a: Trevenant|32/296|[from] Sandstorm\n|upkeep\n|\n|t:|1771154564\n|switch|p2a: Mienshao|Mienshao, L83, M|244/244\n|-damage|p2a: Mienshao|204/244|[from] Spikes\n|turn|15\n|\n|t:|1771154572\n|switch|p1a: Zapdos|Zapdos, L78|252/268\n|move|p2a: Mienshao|Knock Off|p1a: Zapdos\n|-damage|p1a: Zapdos|210/268\n|-enditem|p1a: Zapdos|Heavy-Duty Boots|[from] move: Knock Off|[of] p2a: Mienshao\n|\n|-weather|Sandstorm|[upkeep]\n|-damage|p2a: Mienshao|189/244|[from] Sandstorm\n|-damage|p1a: Zapdos|194/268|[from] Sandstorm\n|-sideend|p1: MidnightBeasts|move: Aurora Veil\n|upkeep\n|turn|16\n|\n|t:|1771154583\n|move|p2a: Mienshao|U-turn|p1a: Zapdos\n|-resisted|p1a: Zapdos\n|-damage|p1a: Zapdos|164/268\n|\n|t:|1771154589\n|switch|p2a: Raging Bolt|Raging Bolt, L78|323/323|[from] U-turn\n|-damage|p2a: Raging Bolt|270/323|[from] Spikes\n|move|p1a: Zapdos|Roost|p1a: Zapdos\n|-heal|p1a: Zapdos|268/268\n|-singleturn|p1a: Zapdos|move: Roost\n|\n|-weather|none\n|-heal|p2a: Raging Bolt|290/323|[from] item: Leftovers\n|upkeep\n|turn|17\n|\n|t:|1771154613\n|switch|p1a: Trevenant|Trevenant, L89, M|32/296\n|move|p2a: Raging Bolt|Calm Mind|p2a: Raging Bolt\n|-boost|p2a: Raging Bolt|spa|1\n|-boost|p2a: Raging Bolt|spd|1\n|\n|-heal|p2a: Raging Bolt|310/323|[from] item: Leftovers\n|upkeep\n|turn|18\n|\n|t:|1771154620\n|move|p2a: Raging Bolt|Thunderbolt|p1a: Trevenant\n|-resisted|p1a: Trevenant\n|-damage|p1a: Trevenant|0 fnt\n|faint|p1a: Trevenant\n|\n|-heal|p2a: Raging Bolt|323/323|[from] item: Leftovers\n|upkeep\n|\n|t:|1771154622\n|switch|p1a: Abomasnow|Abomasnow, L84, F|212/287 par\n|-weather|Snowscape|[from] ability: Snow Warning|[of] p1a: Abomasnow\n|turn|19\n|\n|t:|1771154630\n|move|p2a: Raging Bolt|Draco Meteor|p1a: Abomasnow\n|-damage|p1a: Abomasnow|0 fnt\n|-unboost|p2a: Raging Bolt|spa|2\n|faint|p1a: Abomasnow\n|\n|-weather|Snowscape|[upkeep]\n|upkeep\n|\n|t:|1771154633\n|switch|p1a: Mew|Mew, L82|298/298\n|turn|20\n|\n|t:|1771154645\n|move|p1a: Mew|Swords Dance|p1a: Mew\n|-boost|p1a: Mew|atk|2\n|move|p2a: Raging Bolt|Calm Mind|p2a: Raging Bolt\n|-boost|p2a: Raging Bolt|spa|1\n|-boost|p2a: Raging Bolt|spd|1\n|\n|-weather|Snowscape|[upkeep]\n|upkeep\n|turn|21\n|\n|t:|1771154653\n|move|p1a: Mew|Psychic Fangs|p2a: Raging Bolt\n|-damage|p2a: Raging Bolt|73/323\n|-damage|p1a: Mew|269/298|[from] item: Life Orb\n|move|p2a: Raging Bolt|Draco Meteor|p1a: Mew\n|-damage|p1a: Mew|116/298\n|-unboost|p2a: Raging Bolt|spa|2\n|\n|-weather|Snowscape|[upkeep]\n|-heal|p2a: Raging Bolt|93/323|[from] item: Leftovers\n|upkeep\n|turn|22\n|\n|t:|1771154664\n|move|p1a: Mew|Knock Off|p2a: Raging Bolt\n|-damage|p2a: Raging Bolt|0 fnt\n|-enditem|p2a: Raging Bolt|Leftovers|[from] move: Knock Off|[of] p1a: Mew\n|faint|p2a: Raging Bolt\n|-end|p2a: Raging Bolt|Protosynthesis|[silent]\n|-damage|p1a: Mew|87/298|[from] item: Life Orb\n|\n|-weather|Snowscape|[upkeep]\n|upkeep\n|\n|t:|1771154677\n|switch|p2a: Mienshao|Mienshao, L83, M|244/244\n|-damage|p2a: Mienshao|204/244|[from] Spikes\n|turn|23\n|\n|t:|1771154684\n|switch|p1a: Zapdos|Zapdos, L78|268/268\n|move|p2a: Mienshao|Fake Out|p1a: Zapdos\n|-damage|p1a: Zapdos|230/268\n|\n|-weather|none\n|upkeep\n|turn|24\n|\n|t:|1771154692\n|move|p2a: Mienshao|U-turn|p1a: Zapdos\n|-resisted|p1a: Zapdos\n|-damage|p1a: Zapdos|199/268\n|\n|t:|1771154696\n|switch|p2a: Hippowdon|Hippowdon, L82, M|298/311|[from] U-turn\n|-damage|p2a: Hippowdon|247/311|[from] Spikes\n|-weather|Sandstorm|[from] ability: Sand Stream|[of] p2a: Hippowdon\n|move|p1a: Zapdos|Hurricane|p2a: Hippowdon\n|-damage|p2a: Hippowdon|108/311\n|-start|p2a: Hippowdon|confusion\n|\n|-weather|Sandstorm|[upkeep]\n|-damage|p1a: Zapdos|183/268|[from] Sandstorm\n|-heal|p2a: Hippowdon|127/311|[from] item: Leftovers\n|upkeep\n|turn|25\n|c|☆MidnightBeasts|Static never activated After 5 physically attacks on me\n|inactive|Arno117 has 120 seconds left.\n|\n|t:|1771154730\n|move|p1a: Zapdos|Hurricane|p2a: Hippowdon\n|-damage|p2a: Hippowdon|0 fnt\n|faint|p2a: Hippowdon\n|\n|-weather|Sandstorm|[upkeep]\n|-damage|p1a: Zapdos|167/268|[from] Sandstorm\n|upkeep\n|inactive|Arno117 has 120 seconds left.\n|inactive|Arno117 has 90 seconds left.\n|\n|t:|1771154768\n|switch|p2a: Mienshao|Mienshao, L83, M|244/244\n|-damage|p2a: Mienshao|204/244|[from] Spikes\n|turn|26\n|\n|t:|1771154773\n|move|p2a: Mienshao|Fake Out|p1a: Zapdos\n|-damage|p1a: Zapdos|131/268\n|cant|p1a: Zapdos|flinch\n|\n|-weather|Sandstorm|[upkeep]\n|-damage|p2a: Mienshao|189/244|[from] Sandstorm\n|-damage|p1a: Zapdos|115/268|[from] Sandstorm\n|upkeep\n|turn|27\n|c|☆MidnightBeasts|Still no static\n|\n|t:|1771154790\n|move|p2a: Mienshao|U-turn|p1a: Zapdos\n|-resisted|p1a: Zapdos\n|-damage|p1a: Zapdos|80/268\n|-status|p2a: Mienshao|par|[from] ability: Static|[of] p1a: Zapdos\n|c|☆MidnightBeasts|It was time\n|\n|t:|1771154796\n|switch|p2a: Houndstone|Houndstone, L86, F|264/264|[from] U-turn\n|-damage|p2a: Houndstone|220/264|[from] Spikes\n|move|p1a: Zapdos|Roost|p1a: Zapdos\n|-heal|p1a: Zapdos|214/268\n|-singleturn|p1a: Zapdos|move: Roost\n|\n|-weather|Sandstorm|[upkeep]\n|-damage|p1a: Zapdos|198/268|[from] Sandstorm\n|-damage|p2a: Houndstone|204/264|[from] Sandstorm\n|upkeep\n|turn|28\n|\n|t:|1771154811\n|move|p1a: Zapdos|Heat Wave|p2a: Houndstone\n|-damage|p2a: Houndstone|110/264\n|move|p2a: Houndstone|Play Rough|p1a: Zapdos\n|-damage|p1a: Zapdos|120/268\n|\n|-weather|none\n|upkeep\n|turn|29\n|\n|t:|1771154819\n|move|p1a: Zapdos|Roost|p1a: Zapdos\n|-heal|p1a: Zapdos|254/268\n|-singleturn|p1a: Zapdos|move: Roost\n|move|p2a: Houndstone|Play Rough|p1a: Zapdos\n|-damage|p1a: Zapdos|173/268\n|\n|upkeep\n|turn|30\n|-message|Arno117 forfeited.\n|\n|win|MidnightBeasts\n|raw|MidnightBeasts's rating: 1606 &rarr; <strong>1625</strong><br />(+19 for winning)\n|raw|Arno117's rating: 1596 &rarr; <strong>1577</strong><br />(-19 for losing)\n|l|☆Arno117\n|player|p2|\n", "inputlog": ">version 686819e5e19f8a7fd2345cfc5a08a5085efa2cc3\n>start {\"formatid\":\"gen9randombattle\",\"seed\":\"sodium,4f8c31cc1cf88f495665fe4db46349b1\",\"rated\":\"Rated battle\"}\n>player p1 {\"name\":\"MidnightBeasts\",\"avatar\":\"may-masters4\",\"rating\":1606,\"seed\":\"sodium,e6f5386ede2bfb4d59703c717247d2f2\"}\n>player p2 {\"name\":\"Arno117\",\"avatar\":\"hugh\",\"rating\":1596,\"seed\":\"sodium,cd38dff08df0a76f384a8fb60b7f8d44\"}\n>p1 switch 5\n>p2 move thunderbolt\n>p1 move auroraveil\n>p2 switch 4\n>chat ☆MidnightBeasts|Already understand how this game is going to be \n>p1 switch 2\n>p2 switch 2\n>p1 move willowisp\n>p2 move knockoff\n>chat ☆Arno117|bruh\n>chat ☆MidnightBeasts|Sto sito è veramente per decerebrati mentali porca quella Madonna \n>p1 switch 6\n>p2 move knockoff\n>p1 move spikes\n>p2 switch 2\n>p1 move spikes\n>p2 move earthquake\n>p1 switch 2\n>p1 move auroraveil\n>p2 switch 6\n>p1 switch 3\n>p2 move psychicnoise\n>p1 move knockoff\n>p2 move toxic\n>p1 switch 5\n>p2 move protect\n>p1 move thunderbolt\n>p2 switch 6\n>p1 switch 6\n>p2 move stoneedge\n>p1 move hornleech\n>p2 switch 6\n>p2 switch 2\n>p1 switch 6\n>p2 move knockoff\n>p1 move roost\n>p2 move uturn\n>p2 switch 4\n>p1 switch 6\n>p2 move calmmind\n>p1 move poltergeist\n>p2 move thunderbolt\n>p1 switch 3\n>p1 move auroraveil\n>p2 move dracometeor\n>p1 switch 4\n>p1 move swordsdance\n>p2 move calmmind\n>p1 move psychicfangs\n>p2 move dracometeor\n>p1 move knockoff\n>p2 move dracometeor\n>p2 switch 4\n>p1 switch 6\n>p2 move fakeout\n>p1 move hurricane\n>p2 move uturn\n>p2 switch 6\n>chat ☆MidnightBeasts|Static never activated After 5 physically attacks on me \n>p1 move hurricane\n>p2 move slackoff\n>p2 switch 6\n>p1 move roost\n>p2 move fakeout\n>chat ☆MidnightBeasts|Still no static \n>p1 move roost\n>p2 move uturn\n>chat ☆MidnightBeasts|It was time \n>p2 switch 5\n>p1 move heatwave\n>p2 move playrough\n>p1 move roost\n>p2 move playrough\n>forcelose p2", "uploadtime": 1771154833, "views": 14, "formatid": "gen9randombattle", "rating": 1577, "private": 0, "password": null}