{"id": "gen9randombattle-2540464240", "format": "[Gen 9] Random Battle", "players": ["cosmoflare", "DeanNotFound"], "log": "|j|☆cosmoflare\n|j|☆DeanNotFound\n|t:|1771205265\n|gametype|singles\n|player|p1|cosmoflare|265|1590\n|player|p2|DeanNotFound|unknown|1549\n|gen|9\n|tier|[Gen 9] Random Battle\n|rated|\n|rule|Species Clause: Limit one of each Pokémon\n|rule|HP Percentage Mod: HP is shown in percentages\n|rule|Sleep Clause Mod: Limit one foe put to sleep\n|rule|Illusion Level Mod: Illusion disguises the Pokémon's true level\n|\n|t:|1771205265\n|teamsize|p1|6\n|teamsize|p2|6\n|start\n|switch|p1a: Gallade|Gallade, L80, M|240/240\n|switch|p2a: Bronzong|Bronzong, L88|261/261\n|turn|1\n|inactive|Battle timer is ON: inactive players will automatically lose when time's up. (requested by DeanNotFound)\n|\n|t:|1771205276\n|switch|p2a: Whimsicott|Whimsicott, L84, M|238/238\n|move|p1a: Gallade|Night Slash|p2a: Whimsicott\n|-resisted|p2a: Whimsicott\n|-damage|p2a: Whimsicott|195/238\n|\n|upkeep\n|turn|2\n|\n|t:|1771205284\n|switch|p1a: Clodsire|Clodsire, L81, M|343/343\n|move|p2a: Whimsicott|Stun Spore|p1a: Clodsire\n|-status|p1a: Clodsire|par\n|\n|upkeep\n|turn|3\n|\n|t:|1771205292\n|move|p2a: Whimsicott|U-turn|p1a: Clodsire\n|-resisted|p1a: Clodsire\n|-damage|p1a: Clodsire|316/343 par\n|\n|t:|1771205295\n|switch|p2a: Veluza|Veluza, L85, M|292/292|[from] U-turn\n|move|p1a: Clodsire|Toxic Spikes|p2a: Veluza\n|-sidestart|p2: DeanNotFound|move: Toxic Spikes\n|\n|-heal|p1a: Clodsire|337/343 par|[from] item: Leftovers\n|upkeep\n|turn|4\n|\n|t:|1771205305\n|move|p2a: Veluza|Fillet Away|p2a: Veluza\n|-boost|p2a: Veluza|atk|2\n|-boost|p2a: Veluza|spa|2\n|-boost|p2a: Veluza|spe|2\n|-damage|p2a: Veluza|146/292\n|-enditem|p2a: Veluza|Sitrus Berry|[eat]\n|-heal|p2a: Veluza|219/292|[from] item: Sitrus Berry\n|move|p1a: Clodsire|Toxic Spikes|p2a: Veluza\n|-sidestart|p2: DeanNotFound|move: Toxic Spikes\n|\n|-heal|p1a: Clodsire|343/343 par|[from] item: Leftovers\n|upkeep\n|turn|5\n|\n|t:|1771205333\n|switch|p1a: Reuniclus|Reuniclus, L88, F|337/337\n|move|p2a: Veluza|Psycho Cut|p1a: Reuniclus\n|-resisted|p1a: Reuniclus\n|-damage|p1a: Reuniclus|208/337\n|\n|upkeep\n|turn|6\n|\n|t:|1771205345\n|move|p2a: Veluza|Night Slash|p1a: Reuniclus\n|-supereffective|p1a: Reuniclus\n|-damage|p1a: Reuniclus|0 fnt\n|faint|p1a: Reuniclus\n|\n|upkeep\n|\n|t:|1771205360\n|switch|p1a: Ambipom|Ambipom, L84, M|263/263\n|turn|7\n|\n|t:|1771205363\n|-terastallize|p1a: Ambipom|Normal\n|move|p1a: Ambipom|Fake Out|p2a: Veluza\n|-damage|p2a: Veluza|99/292\n|cant|p2a: Veluza|flinch\n|\n|upkeep\n|turn|8\n|\n|t:|1771205373\n|switch|p1a: Cyclizar|Cyclizar, L83, F|252/252\n|move|p2a: Veluza|Psycho Cut|p1a: Cyclizar\n|-damage|p1a: Cyclizar|0 fnt\n|faint|p1a: Cyclizar\n|\n|upkeep\n|\n|t:|1771205375\n|switch|p1a: Ambipom|Ambipom, L84, M, tera:Normal|263/263\n|turn|9\n|\n|t:|1771205395\n|switch|p2a: Whimsicott|Whimsicott, L84, M|195/238\n|move|p1a: Ambipom|Fake Out|p2a: Whimsicott\n|-crit|p2a: Whimsicott\n|-damage|p2a: Whimsicott|21/238\n|\n|upkeep\n|turn|10\n|\n|t:|1771205403\n|switch|p1a: Clodsire|Clodsire, L81, M|343/343 par\n|move|p2a: Whimsicott|Stun Spore|p1a: Clodsire\n|-fail|p1a: Clodsire|par\n|\n|upkeep\n|turn|11\n|\n|t:|1771205408\n|move|p2a: Whimsicott|U-turn|p1a: Clodsire\n|-resisted|p1a: Clodsire\n|-damage|p1a: Clodsire|317/343 par\n|\n|t:|1771205412\n|switch|p2a: Overqwil|Overqwil, L82, F|274/274|[from] U-turn\n|-sideend|p2: DeanNotFound|move: Toxic Spikes|[of] p2a: Overqwil\n|-ability|p2a: Overqwil|Intimidate|boost\n|-unboost|p1a: Clodsire|atk|1\n|cant|p1a: Clodsire|par\n|\n|-heal|p1a: Clodsire|338/343 par|[from] item: Leftovers\n|upkeep\n|turn|12\n|\n|t:|1771205416\n|move|p2a: Overqwil|Swords Dance|p2a: Overqwil\n|-boost|p2a: Overqwil|atk|2\n|move|p1a: Clodsire|Earthquake|p2a: Overqwil\n|-supereffective|p2a: Overqwil\n|-damage|p2a: Overqwil|166/274\n|\n|-heal|p1a: Clodsire|343/343 par|[from] item: Leftovers\n|upkeep\n|turn|13\n|\n|t:|1771205437\n|move|p2a: Overqwil|Scale Shot|p1a: Clodsire\n|-damage|p1a: Clodsire|294/343 par\n|-damage|p1a: Clodsire|246/343 par\n|-damage|p1a: Clodsire|191/343 par\n|-damage|p1a: Clodsire|134/343 par\n|-hitcount|p1a: Clodsire|4\n|-unboost|p2a: Overqwil|def|1\n|-boost|p2a: Overqwil|spe|1\n|cant|p1a: Clodsire|par\n|\n|-heal|p1a: Clodsire|155/343 par|[from] item: Leftovers\n|upkeep\n|turn|14\n|\n|t:|1771205446\n|move|p2a: Overqwil|Crunch|p1a: Clodsire\n|-damage|p1a: Clodsire|0 fnt\n|faint|p1a: Clodsire\n|\n|upkeep\n|\n|t:|1771205449\n|switch|p1a: Ambipom|Ambipom, L84, M, tera:Normal|263/263\n|turn|15\n|\n|t:|1771205455\n|move|p1a: Ambipom|Fake Out|p2a: Overqwil\n|-damage|p2a: Overqwil|26/274\n|cant|p2a: Overqwil|flinch\n|\n|upkeep\n|turn|16\n|\n|t:|1771205479\n|switch|p1a: Gallade|Gallade, L80, M|240/240\n|move|p2a: Overqwil|Crunch|p1a: Gallade\n|-damage|p1a: Gallade|11/240\n|-unboost|p1a: Gallade|def|1\n|\n|upkeep\n|turn|17\n|\n|t:|1771205486\n|move|p2a: Overqwil|Crunch|p1a: Gallade\n|-damage|p1a: Gallade|0 fnt\n|faint|p1a: Gallade\n|\n|upkeep\n|\n|t:|1771205489\n|switch|p1a: Ambipom|Ambipom, L84, M, tera:Normal|263/263\n|turn|18\n|\n|t:|1771205495\n|switch|p2a: Bronzong|Bronzong, L88|261/261\n|move|p1a: Ambipom|Fake Out|p2a: Bronzong\n|-resisted|p2a: Bronzong\n|-damage|p2a: Bronzong|217/261\n|\n|-heal|p2a: Bronzong|233/261|[from] item: Leftovers\n|upkeep\n|turn|19\n|\n|t:|1771205499\n|move|p1a: Ambipom|Knock Off|p2a: Bronzong\n|-supereffective|p2a: Bronzong\n|-damage|p2a: Bronzong|129/261\n|-enditem|p2a: Bronzong|Leftovers|[from] move: Knock Off|[of] p1a: Ambipom\n|move|p2a: Bronzong|Iron Defense|p2a: Bronzong\n|-boost|p2a: Bronzong|def|2\n|\n|upkeep\n|turn|20\n|\n|t:|1771205505\n|move|p1a: Ambipom|U-turn|p2a: Bronzong\n|-damage|p2a: Bronzong|110/261\n|\n|t:|1771205507\n|switch|p1a: Pikachu|Pikachu-Original, L93, F|216/216|[from] U-turn\n|move|p2a: Bronzong|Body Press|p1a: Pikachu\n|-damage|p1a: Pikachu|0 fnt\n|faint|p1a: Pikachu\n|\n|upkeep\n|\n|t:|1771205512\n|switch|p1a: Ambipom|Ambipom, L84, M, tera:Normal|263/263\n|turn|21\n|\n|t:|1771205526\n|move|p1a: Ambipom|Fake Out|p2a: Bronzong\n|-resisted|p2a: Bronzong\n|-damage|p2a: Bronzong|89/261\n|cant|p2a: Bronzong|flinch\n|\n|upkeep\n|turn|22\n|\n|t:|1771205531\n|-terastallize|p2a: Bronzong|Fighting\n|move|p1a: Ambipom|Knock Off|p2a: Bronzong\n|-resisted|p2a: Bronzong\n|-damage|p2a: Bronzong|80/261\n|move|p2a: Bronzong|Body Press|p1a: Ambipom\n|-supereffective|p1a: Ambipom\n|-damage|p1a: Ambipom|0 fnt\n|faint|p1a: Ambipom\n|\n|win|DeanNotFound\n|raw|cosmoflare's rating: 1590 &rarr; <strong>1569</strong><br />(-21 for losing)\n|raw|DeanNotFound's rating: 1570 &rarr; <strong>1591</strong><br />(+21 for winning)\n|l|☆cosmoflare\n|player|p1|\n", "inputlog": ">version 686819e5e19f8a7fd2345cfc5a08a5085efa2cc3\n>start {\"formatid\":\"gen9randombattle\",\"seed\":\"sodium,a4ccc37960bc8503a171c768940d568a\",\"rated\":\"Rated battle\"}\n>player p1 {\"name\":\"cosmoflare\",\"avatar\":\"265\",\"rating\":1590,\"seed\":\"sodium,843334d020a1e6e200147921cdb4fb48\"}\n>player p2 {\"name\":\"DeanNotFound\",\"avatar\":\"unknown\",\"rating\":1549,\"seed\":\"sodium,4790d2b0a27338643b9fa1078ab9da81\"}\n>p1 move nightslash\n>p2 switch 4\n>p1 switch 4\n>p2 move stunspore\n>p1 move toxicspikes\n>p2 move uturn\n>p2 switch 2\n>p1 move toxicspikes\n>p2 move filletaway\n>p1 switch 5\n>p2 move psychocut\n>p1 move psyshock\n>p2 move nightslash\n>p1 switch 2\n>p1 move fakeout terastallize\n>p2 move aquacutter\n>p1 switch 3\n>p2 move psychocut\n>p1 switch 3\n>p1 move fakeout\n>p2 switch 2\n>p1 switch 5\n>p2 move stunspore\n>p1 move poisonjab\n>p2 move uturn\n>p2 switch 5\n>p1 move earthquake\n>p2 move swordsdance\n>p1 move earthquake\n>p2 move scaleshot\n>p1 move earthquake\n>p2 move crunch\n>p1 switch 5\n>p1 move fakeout\n>p2 move crunch\n>p1 switch 4\n>p2 move crunch\n>p1 move psychocut\n>p2 move crunch\n>p1 switch 4\n>p1 move fakeout\n>p2 switch 4\n>p1 move knockoff\n>p2 move irondefense\n>p1 move uturn\n>p2 move bodypress\n>p1 switch 6\n>p1 switch 6\n>p1 move fakeout\n>p2 move bodypress\n>p1 move knockoff\n>p2 move bodypress terastallize", "uploadtime": 1771205541, "views": 8, "formatid": "gen9randombattle", "rating": 1569, "private": 0, "password": null}