{"id": "gen9randombattle-2540748392", "format": "[Gen 9] Random Battle", "players": ["gnombeeee", "Astano"], "log": "|j|☆gnombeeee\n|j|☆Astano\n|t:|1771249350\n|gametype|singles\n|player|p1|gnombeeee|1|1818\n|player|p2|Astano|170|1797\n|gen|9\n|tier|[Gen 9] Random Battle\n|rated|\n|rule|Species Clause: Limit one of each Pokémon\n|rule|HP Percentage Mod: HP is shown in percentages\n|rule|Sleep Clause Mod: Limit one foe put to sleep\n|rule|Illusion Level Mod: Illusion disguises the Pokémon's true level\n|\n|t:|1771249350\n|teamsize|p1|6\n|teamsize|p2|6\n|start\n|switch|p1a: Furret|Furret, L94, F|312/312\n|switch|p2a: Brute Bonnet|Brute Bonnet, L81|312/312\n|-item|p2a: Brute Bonnet|Leftovers|[from] ability: Frisk|[of] p1a: Furret\n|turn|1\n|inactive|Battle timer is ON: inactive players will automatically lose when time's up. (requested by gnombeeee)\n|\n|t:|1771249361\n|move|p1a: Furret|U-turn|p2a: Brute Bonnet\n|-supereffective|p2a: Brute Bonnet\n|-damage|p2a: Brute Bonnet|0 fnt\n|faint|p2a: Brute Bonnet\n|-end|p2a: Brute Bonnet|Protosynthesis|[silent]\n|\n|t:|1771249368\n|switch|p1a: Cinderace|Cinderace, L77, M|249/249|[from] U-turn\n|\n|upkeep\n|inactive|Astano has 120 seconds left.\n|\n|t:|1771249413\n|switch|p2a: Iron Thorns|Iron Thorns, L83|302/302\n|turn|2\n|\n|t:|1771249429\n|move|p1a: Cinderace|High Jump Kick|p2a: Iron Thorns\n|-start|p1a: Cinderace|typechange|Fighting|[from] ability: Libero\n|-supereffective|p2a: Iron Thorns\n|-damage|p2a: Iron Thorns|0 fnt\n|faint|p2a: Iron Thorns\n|-end|p2a: Iron Thorns|Quark Drive|[silent]\n|\n|upkeep\n|inactive|Astano has 120 seconds left.\n|inactive|Astano has 90 seconds left.\n|\n|t:|1771249486\n|switch|p2a: Rayquaza|Rayquaza, L72|270/270\n|-ability|p2a: Rayquaza|Air Lock\n|turn|3\n|\n|t:|1771249508\n|switch|p1a: Wigglytuff|Wigglytuff, L96, M|424/424\n|move|p2a: Rayquaza|Swords Dance|p2a: Rayquaza\n|-boost|p2a: Rayquaza|atk|2\n|\n|upkeep\n|turn|4\n|\n|t:|1771249518\n|-terastallize|p2a: Rayquaza|Normal\n|move|p2a: Rayquaza|Swords Dance|p2a: Rayquaza\n|-boost|p2a: Rayquaza|atk|2\n|move|p1a: Wigglytuff|Dazzling Gleam|p2a: Rayquaza\n|-damage|p2a: Rayquaza|147/270\n|\n|upkeep\n|turn|5\n|\n|t:|1771249526\n|move|p2a: Rayquaza|Swords Dance|p2a: Rayquaza\n|-boost|p2a: Rayquaza|atk|2\n|move|p1a: Wigglytuff|Dazzling Gleam|p2a: Rayquaza\n|-damage|p2a: Rayquaza|35/270\n|\n|upkeep\n|turn|6\n|inactive|Astano has 120 seconds left.\n|\n|t:|1771249534\n|move|p2a: Rayquaza|Extreme Speed|p1a: Wigglytuff\n|-damage|p1a: Wigglytuff|0 fnt\n|faint|p1a: Wigglytuff\n|\n|upkeep\n|\n|t:|1771249546\n|switch|p1a: Necrozma|Necrozma-Dawn-Wings, L76|272/272\n|turn|7\n|\n|t:|1771249556\n|move|p2a: Rayquaza|Dragon Ascent|p1a: Necrozma\n|-damage|p1a: Necrozma|0 fnt\n|-unboost|p2a: Rayquaza|def|1\n|-unboost|p2a: Rayquaza|spd|1\n|faint|p1a: Necrozma\n|\n|upkeep\n|\n|t:|1771249567\n|switch|p1a: Furret|Furret, L94, F|312/312\n|-item|p2a: Rayquaza|Heavy-Duty Boots|[from] ability: Frisk|[of] p1a: Furret\n|turn|8\n|\n|t:|1771249571\n|move|p2a: Rayquaza|Extreme Speed|p1a: Furret\n|-damage|p1a: Furret|0 fnt\n|faint|p1a: Furret\n|\n|upkeep\n|\n|t:|1771249579\n|switch|p1a: Cinderace|Cinderace, L77, M|249/249\n|turn|9\n|\n|t:|1771249582\n|move|p2a: Rayquaza|Extreme Speed|p1a: Cinderace\n|-damage|p1a: Cinderace|0 fnt\n|faint|p1a: Cinderace\n|\n|upkeep\n|\n|t:|1771249588\n|switch|p1a: Lapras|Lapras, L87, F|367/367\n|turn|10\n|\n|t:|1771249594\n|move|p2a: Rayquaza|Dragon Ascent|p1a: Lapras\n|-damage|p1a: Lapras|0 fnt\n|-unboost|p2a: Rayquaza|def|1\n|-unboost|p2a: Rayquaza|spd|1\n|faint|p1a: Lapras\n|\n|upkeep\n|\n|t:|1771249601\n|switch|p1a: Vivillon|Vivillon-Marine, L83, M|268/268\n|turn|11\n|\n|t:|1771249606\n|move|p2a: Rayquaza|Extreme Speed|p1a: Vivillon\n|-damage|p1a: Vivillon|0 fnt\n|faint|p1a: Vivillon\n|\n|win|Astano\n|raw|gnombeeee's rating: 1818 &rarr; <strong>1797</strong><br />(-21 for losing)\n|raw|Astano's rating: 1797 &rarr; <strong>1818</strong><br />(+21 for winning)\n", "inputlog": ">version 686819e5e19f8a7fd2345cfc5a08a5085efa2cc3\n>start {\"formatid\":\"gen9randombattle\",\"seed\":\"sodium,07115dd46d5ee04026add48bc53c0dfe\",\"rated\":\"Rated battle\"}\n>player p1 {\"name\":\"gnombeeee\",\"avatar\":\"1\",\"rating\":1818,\"seed\":\"sodium,b402daab218049e4fe20ed6a407081ae\"}\n>player p2 {\"name\":\"Astano\",\"avatar\":\"170\",\"rating\":1797,\"seed\":\"sodium,4c34e88471869cbebbfb106456e51287\"}\n>p1 move uturn\n>p2 move closecombat\n>p1 switch 6\n>p2 switch 3\n>p1 move highjumpkick\n>p2 move voltswitch\n>p2 switch 4\n>p1 switch 3\n>p2 move swordsdance\n>p1 move dazzlinggleam\n>p2 move swordsdance terastallize\n>p1 move dazzlinggleam\n>p2 move swordsdance\n>p1 move dazzlinggleam\n>p2 move extremespeed\n>p1 switch 4\n>p1 move photongeyser\n>p2 move dragonascent\n>p1 switch 6\n>p1 move knockoff\n>p2 move extremespeed\n>p1 switch 3\n>p1 move uturn\n>p2 move extremespeed\n>p1 switch 5\n>p1 move freezedry\n>p2 move dragonascent\n>p1 switch 2\n>p1 move sleeppowder\n>p2 move extremespeed", "uploadtime": 1771249607, "views": 16, "formatid": "gen9randombattle", "rating": 1797, "private": 0, "password": null}