{"id": "gen9randombattle-2540850657", "format": "[Gen 9] Random Battle", "players": ["Garevitarna", "kapowman"], "log": "|j|☆Garevitarna\n|j|☆kapowman\n|t:|1771260494\n|gametype|singles\n|player|p1|Garevitarna|mira|1517\n|player|p2|kapowman|102|1554\n|gen|9\n|tier|[Gen 9] Random Battle\n|rated|\n|rule|Species Clause: Limit one of each Pokémon\n|rule|HP Percentage Mod: HP is shown in percentages\n|rule|Sleep Clause Mod: Limit one foe put to sleep\n|rule|Illusion Level Mod: Illusion disguises the Pokémon's true level\n|\n|t:|1771260494\n|teamsize|p1|6\n|teamsize|p2|6\n|start\n|switch|p1a: Golduck|Golduck, L90, M|290/290\n|switch|p2a: Dodrio|Dodrio, L85, F|241/241\n|-ability|p1a: Golduck|Cloud Nine\n|turn|1\n|inactive|Battle timer is ON: inactive players will automatically lose when time's up. (requested by kapowman)\n|\n|t:|1771260518\n|switch|p2a: Vikavolt|Vikavolt, L83, M|263/263\n|move|p1a: Golduck|Ice Beam|p2a: Vikavolt\n|-damage|p2a: Vikavolt|174/263\n|\n|upkeep\n|turn|2\n|inactive|Garevitarna has 120 seconds left.\n|\n|t:|1771260556\n|move|p1a: Golduck|Nasty Plot|p1a: Golduck\n|-boost|p1a: Golduck|spa|2\n|move|p2a: Vikavolt|Sticky Web|p1a: Golduck\n|-sidestart|p1: Garevitarna|move: Sticky Web\n|\n|upkeep\n|turn|3\n|\n|t:|1771260561\n|move|p1a: Golduck|Encore|p2a: Vikavolt\n|-start|p2a: Vikavolt|Encore\n|move|p2a: Vikavolt|Sticky Web||[still]\n|-fail|p2a: Vikavolt\n|\n|upkeep\n|turn|4\n|\n|t:|1771260567\n|switch|p2a: Gardevoir|Gardevoir, L83, F|249/249\n|-ability|p2a: Gardevoir|Cloud Nine|Trace|[from] ability: Trace|[of] p1a: Golduck\n|move|p1a: Golduck|Nasty Plot|p1a: Golduck\n|-boost|p1a: Golduck|spa|2\n|\n|upkeep\n|turn|5\n|\n|t:|1771260574\n|move|p1a: Golduck|Hydro Pump|p2a: Gardevoir\n|-crit|p2a: Gardevoir\n|-damage|p2a: Gardevoir|0 fnt\n|faint|p2a: Gardevoir\n|\n|upkeep\n|\n|t:|1771260578\n|switch|p2a: Dodrio|Dodrio, L85, F|241/241\n|turn|6\n|\n|t:|1771260584\n|move|p2a: Dodrio|Brave Bird|p1a: Golduck\n|-damage|p1a: Golduck|49/290\n|-damage|p2a: Dodrio|161/241|[from] Recoil\n|move|p1a: Golduck|Ice Beam|p2a: Dodrio\n|-supereffective|p2a: Dodrio\n|-damage|p2a: Dodrio|0 fnt\n|faint|p2a: Dodrio\n|\n|-heal|p1a: Golduck|67/290|[from] item: Leftovers\n|upkeep\n|\n|t:|1771260588\n|switch|p2a: Dragapult|Dragapult, L77, F|262/262\n|turn|7\n|\n|t:|1771260593\n|move|p2a: Dragapult|Shadow Ball|p1a: Golduck\n|-damage|p1a: Golduck|0 fnt\n|faint|p1a: Golduck\n|\n|upkeep\n|inactive|Garevitarna has 120 seconds left.\n|\n|t:|1771260639\n|switch|p1a: Ariados|Ariados, L95, M|287/287\n|turn|8\n|\n|t:|1771260655\n|switch|p2a: Noctowl|Noctowl, L95, F|344/344\n|move|p1a: Ariados|Sticky Web|p2a: Noctowl\n|-sidestart|p2: kapowman|move: Sticky Web\n|\n|upkeep\n|turn|9\n|inactive|Garevitarna has 120 seconds left.\n|\n|t:|1771260671\n|move|p2a: Noctowl|Hurricane|p1a: Ariados\n|-supereffective|p1a: Ariados\n|-damage|p1a: Ariados|0 fnt\n|faint|p1a: Ariados\n|\n|upkeep\n|inactive|Garevitarna has 90 seconds left.\n|\n|t:|1771260719\n|switch|p1a: Sudowoodo|Sudowoodo, L94, M|284/284\n|-activate|p1a: Sudowoodo|move: Sticky Web\n|-unboost|p1a: Sudowoodo|spe|1\n|turn|10\n|\n|t:|1771260731\n|switch|p2a: Bastiodon|Bastiodon, L89, F|252/252\n|-activate|p2a: Bastiodon|move: Sticky Web\n|-unboost|p2a: Bastiodon|spe|1\n|move|p1a: Sudowoodo|Head Smash|p2a: Bastiodon\n|-resisted|p2a: Bastiodon\n|-damage|p2a: Bastiodon|200/252\n|\n|upkeep\n|turn|11\n|inactive|Garevitarna has 60 seconds left.\n|\n|t:|1771260768\n|switch|p1a: Chimecho|Chimecho, L93, F|290/290\n|move|p2a: Bastiodon|Body Press|p1a: Chimecho\n|-resisted|p1a: Chimecho\n|-damage|p1a: Chimecho|243/290\n|\n|-heal|p1a: Chimecho|261/290|[from] item: Leftovers\n|upkeep\n|turn|12\n|inactive|Garevitarna has 60 seconds left.\n|\n|t:|1771260779\n|switch|p2a: Vikavolt|Vikavolt, L83, M|174/263\n|move|p1a: Chimecho|Cosmic Power|p1a: Chimecho\n|-boost|p1a: Chimecho|def|1\n|-boost|p1a: Chimecho|spd|1\n|\n|-heal|p1a: Chimecho|279/290|[from] item: Leftovers\n|upkeep\n|turn|13\n|inactive|Garevitarna has 60 seconds left.\n|\n|t:|1771260793\n|move|p1a: Chimecho|Cosmic Power|p1a: Chimecho\n|-boost|p1a: Chimecho|def|1\n|-boost|p1a: Chimecho|spd|1\n|move|p2a: Vikavolt|Bug Buzz|p1a: Chimecho\n|-supereffective|p1a: Chimecho\n|-damage|p1a: Chimecho|169/290\n|\n|-heal|p1a: Chimecho|187/290|[from] item: Leftovers\n|upkeep\n|turn|14\n|\n|t:|1771260799\n|move|p1a: Chimecho|Stored Power|p2a: Vikavolt\n|-damage|p2a: Vikavolt|36/263\n|move|p2a: Vikavolt|Bug Buzz|p1a: Chimecho\n|-supereffective|p1a: Chimecho\n|-damage|p1a: Chimecho|79/290\n|\n|-heal|p1a: Chimecho|97/290|[from] item: Leftovers\n|upkeep\n|turn|15\n|\n|t:|1771260804\n|move|p1a: Chimecho|Stored Power|p2a: Vikavolt\n|-damage|p2a: Vikavolt|0 fnt\n|faint|p2a: Vikavolt\n|\n|-heal|p1a: Chimecho|115/290|[from] item: Leftovers\n|upkeep\n|\n|t:|1771260807\n|switch|p2a: Noctowl|Noctowl, L95, F|344/344\n|turn|16\n|\n|t:|1771260824\n|move|p2a: Noctowl|Nasty Plot|p2a: Noctowl\n|-boost|p2a: Noctowl|spa|2\n|move|p1a: Chimecho|Recover|p1a: Chimecho\n|-heal|p1a: Chimecho|260/290\n|\n|-heal|p1a: Chimecho|278/290|[from] item: Leftovers\n|upkeep\n|turn|17\n|\n|t:|1771260833\n|move|p2a: Noctowl|Hyper Voice|p1a: Chimecho\n|-damage|p1a: Chimecho|176/290\n|move|p1a: Chimecho|Stored Power|p2a: Noctowl\n|-damage|p2a: Noctowl|239/344\n|\n|-heal|p1a: Chimecho|194/290|[from] item: Leftovers\n|upkeep\n|turn|18\n|\n|t:|1771260837\n|move|p2a: Noctowl|Hyper Voice|p1a: Chimecho\n|-damage|p1a: Chimecho|95/290\n|move|p1a: Chimecho|Stored Power|p2a: Noctowl\n|-damage|p2a: Noctowl|124/344\n|\n|-heal|p1a: Chimecho|113/290|[from] item: Leftovers\n|upkeep\n|turn|19\n|\n|t:|1771260841\n|move|p2a: Noctowl|Hurricane|p1a: Chimecho\n|-damage|p1a: Chimecho|0 fnt\n|faint|p1a: Chimecho\n|\n|upkeep\n|inactive|Garevitarna has 90 seconds left.\n|\n|t:|1771260859\n|switch|p1a: Sudowoodo|Sudowoodo, L94, M|284/284\n|-activate|p1a: Sudowoodo|move: Sticky Web\n|-unboost|p1a: Sudowoodo|spe|1\n|turn|20\n|\n|t:|1771260865\n|move|p2a: Noctowl|Roost|p2a: Noctowl\n|-heal|p2a: Noctowl|296/344\n|-singleturn|p2a: Noctowl|move: Roost\n|move|p1a: Sudowoodo|Head Smash|p2a: Noctowl\n|-damage|p2a: Noctowl|34/344\n|\n|upkeep\n|turn|21\n|\n|t:|1771260881\n|-terastallize|p2a: Noctowl|Steel\n|move|p2a: Noctowl|Roost|p2a: Noctowl\n|-heal|p2a: Noctowl|206/344\n|move|p1a: Sudowoodo|Head Smash|p2a: Noctowl\n|-resisted|p2a: Noctowl\n|-damage|p2a: Noctowl|85/344\n|\n|upkeep\n|turn|22\n|inactive|Garevitarna has 90 seconds left.\n|\n|t:|1771260903\n|switch|p1a: Flareon|Flareon, L90, M|263/263\n|-activate|p1a: Flareon|move: Sticky Web\n|-unboost|p1a: Flareon|spe|1\n|move|p2a: Noctowl|Roost|p2a: Noctowl\n|-heal|p2a: Noctowl|257/344\n|\n|-status|p1a: Flareon|tox|[from] item: Toxic Orb\n|upkeep\n|turn|23\n|inactive|Garevitarna has 90 seconds left.\n|\n|t:|1771260910\n|move|p2a: Noctowl|Hurricane|p1a: Flareon|[miss]\n|-miss|p2a: Noctowl|p1a: Flareon\n|move|p1a: Flareon|Flare Blitz|p2a: Noctowl\n|-supereffective|p2a: Noctowl\n|-damage|p2a: Noctowl|0 fnt\n|faint|p2a: Noctowl\n|-damage|p1a: Flareon|178/263 tox|[from] Recoil\n|\n|-damage|p1a: Flareon|162/263 tox|[from] psn\n|upkeep\n|\n|t:|1771260912\n|switch|p2a: Dragapult|Dragapult, L77, F|262/262\n|-activate|p2a: Dragapult|move: Sticky Web\n|-unboost|p2a: Dragapult|spe|1\n|turn|24\n|\n|t:|1771260916\n|move|p2a: Dragapult|Shadow Ball|p1a: Flareon\n|-damage|p1a: Flareon|77/263 tox\n|-unboost|p1a: Flareon|spd|1\n|move|p1a: Flareon|Flare Blitz|p2a: Dragapult\n|-resisted|p2a: Dragapult\n|-damage|p2a: Dragapult|96/262\n|-damage|p1a: Flareon|22/263 tox|[from] Recoil\n|\n|-damage|p1a: Flareon|0 fnt|[from] psn\n|faint|p1a: Flareon\n|upkeep\n|inactive|Garevitarna has 90 seconds left.\n|\n|t:|1771260939\n|switch|p1a: Kingdra|Kingdra, L84, F|263/263\n|-activate|p1a: Kingdra|move: Sticky Web\n|-unboost|p1a: Kingdra|spe|1\n|turn|25\n|\n|t:|1771260948\n|-terastallize|p1a: Kingdra|Steel\n|move|p2a: Dragapult|Shadow Ball|p1a: Kingdra\n|-damage|p1a: Kingdra|157/263\n|move|p1a: Kingdra|Dragon Dance|p1a: Kingdra\n|-boost|p1a: Kingdra|atk|1\n|-boost|p1a: Kingdra|spe|1\n|\n|upkeep\n|turn|26\n|\n|t:|1771260961\n|move|p1a: Kingdra|Iron Head|p2a: Dragapult\n|-damage|p2a: Dragapult|0 fnt\n|faint|p2a: Dragapult\n|\n|upkeep\n|\n|t:|1771260963\n|switch|p2a: Bastiodon|Bastiodon, L89, F|200/252\n|-activate|p2a: Bastiodon|move: Sticky Web\n|-unboost|p2a: Bastiodon|spe|1\n|turn|27\n|\n|t:|1771260968\n|move|p1a: Kingdra|Wave Crash|p2a: Bastiodon\n|-supereffective|p2a: Bastiodon\n|-damage|p2a: Bastiodon|0 fnt\n|faint|p2a: Bastiodon\n|-damage|p1a: Kingdra|91/263|[from] Recoil\n|\n|win|Garevitarna\n|raw|Garevitarna's rating: 1517 &rarr; <strong>1539</strong><br />(+22 for winning)\n|raw|kapowman's rating: 1554 &rarr; <strong>1532</strong><br />(-22 for losing)\n|l|☆kapowman\n|player|p2|\n", "inputlog": ">version 686819e5e19f8a7fd2345cfc5a08a5085efa2cc3\n>start {\"formatid\":\"gen9randombattle\",\"seed\":\"sodium,fc4bc3736ea53b7f371cc6be9ec359f4\",\"rated\":\"Rated battle\"}\n>player p1 {\"name\":\"Garevitarna\",\"avatar\":\"mira\",\"rating\":1517,\"seed\":\"sodium,c9397bf56f40e0f65cbe222dd1acf45e\"}\n>player p2 {\"name\":\"kapowman\",\"avatar\":\"102\",\"rating\":1554,\"seed\":\"sodium,7a044e880095ff48ad6590fcdcc795b2\"}\n>p1 move icebeam\n>p2 switch 2\n>p1 move nastyplot\n>p2 move stickyweb\n>p1 move encore\n>p2 move thunderbolt\n>p1 move nastyplot\n>p2 switch 6\n>p1 move hydropump\n>p2 move psychic\n>p2 switch 2\n>p1 move icebeam\n>p2 move bravebird\n>p2 switch 4\n>p1 move icebeam\n>p2 move shadowball\n>p1 switch 4\n>p1 move stickyweb\n>p2 switch 3\n>p1 move toxicspikes\n>p2 move hurricane\n>p1 switch 3\n>p1 move headsmash\n>p2 switch 5\n>p1 switch 5\n>p2 move bodypress\n>p1 move cosmicpower\n>p2 switch 6\n>p1 move cosmicpower\n>p2 move bugbuzz\n>p1 move storedpower\n>p2 move bugbuzz\n>p1 move storedpower\n>p2 move bugbuzz\n>p2 switch 5\n>p1 move recover\n>p2 move nastyplot\n>p1 move storedpower\n>p2 move hypervoice\n>p1 move storedpower\n>p2 move hypervoice\n>p1 move recover\n>p2 move hurricane\n>p1 switch 5\n>p1 move headsmash\n>p2 move roost\n>p1 move headsmash\n>p2 move roost terastallize\n>p1 switch 6\n>p2 move roost\n>p1 move flareblitz\n>p2 move hurricane\n>p2 switch 3\n>p1 move flareblitz\n>p2 move shadowball\n>p1 switch 2\n>p1 move dragondance terastallize\n>p2 move shadowball\n>p1 move ironhead\n>p2 move shadowball\n>p2 switch 6\n>p1 move wavecrash\n>p2 move irondefense", "uploadtime": 1771260985, "views": 7, "formatid": "gen9randombattle", "rating": 1532, "private": 0, "password": null}