{"id": "gen9randombattle-2540645077", "format": "[Gen 9] Random Battle", "players": ["Flakenz", "Callum7891"], "log": "|j|☆Flakenz\n|j|☆Callum7891\n|t:|1771233240\n|gametype|singles\n|player|p1|Flakenz|102|1634\n|player|p2|Callum7891|169|1584\n|gen|9\n|tier|[Gen 9] Random Battle\n|rated|\n|rule|Species Clause: Limit one of each Pokémon\n|rule|HP Percentage Mod: HP is shown in percentages\n|rule|Sleep Clause Mod: Limit one foe put to sleep\n|rule|Illusion Level Mod: Illusion disguises the Pokémon's true level\n|\n|t:|1771233240\n|teamsize|p1|6\n|teamsize|p2|6\n|start\n|switch|p1a: Veluza|Veluza, L85, F|292/292\n|switch|p2a: Bellossom|Bellossom, L84, M|235/235\n|turn|1\n|inactive|Battle timer is ON: inactive players will automatically lose when time's up. (requested by Callum7891)\n|inactive|Flakenz has 120 seconds left.\n|\n|t:|1771233295\n|switch|p1a: Kleavor|Kleavor, L78, F|237/237\n|move|p2a: Bellossom|Trick|p1a: Kleavor\n|-activate|p2a: Bellossom|move: Trick|[of] p1a: Kleavor\n|-item|p1a: Kleavor|Choice Specs|[from] move: Trick\n|-item|p2a: Bellossom|Heavy-Duty Boots|[from] move: Trick\n|\n|upkeep\n|turn|2\n|\n|t:|1771233320\n|switch|p2a: Whiscash|Whiscash, L88, M|337/337\n|move|p1a: Kleavor|U-turn|p2a: Whiscash\n|-damage|p2a: Whiscash|243/337\n|inactive|Flakenz has 120 seconds left.\n|\n|t:|1771233338\n|switch|p1a: Swampert|Swampert, L83, F|302/302|[from] U-turn\n|\n|-heal|p2a: Whiscash|264/337|[from] item: Leftovers\n|upkeep\n|turn|3\n|\n|t:|1771233348\n|move|p2a: Whiscash|Spikes|p1a: Swampert\n|-sidestart|p1: Flakenz|Spikes\n|move|p1a: Swampert|Yawn|p2a: Whiscash\n|-start|p2a: Whiscash|move: Yawn|[of] p1a: Swampert\n|\n|-heal|p2a: Whiscash|285/337|[from] item: Leftovers\n|upkeep\n|turn|4\n|inactive|Flakenz has 120 seconds left.\n|\n|t:|1771233384\n|switch|p2a: Bellossom|Bellossom, L84, M|263/263\n|move|p1a: Swampert|Flip Turn|p2a: Bellossom\n|-resisted|p2a: Bellossom\n|-damage|p2a: Bellossom|232/263\n|\n|t:|1771233392\n|switch|p1a: Kleavor|Kleavor, L78, F|237/237|[from] Flip Turn\n|-damage|p1a: Kleavor|208/237|[from] Spikes\n|\n|-heal|p2a: Bellossom|248/263|[from] item: Leftovers\n|upkeep\n|turn|5\n|\n|t:|1771233398\n|switch|p2a: Whiscash|Whiscash, L88, M|285/337\n|move|p1a: Kleavor|Stone Axe|p2a: Whiscash\n|-resisted|p2a: Whiscash\n|-damage|p2a: Whiscash|218/337\n|-sidestart|p2: Callum7891|move: Stealth Rock\n|\n|-heal|p2a: Whiscash|239/337|[from] item: Leftovers\n|upkeep\n|turn|6\n|\n|t:|1771233419\n|switch|p1a: Veluza|Veluza, L85, F|292/292\n|-damage|p1a: Veluza|256/292|[from] Spikes\n|move|p2a: Whiscash|Spikes|p1a: Veluza\n|-sidestart|p1: Flakenz|Spikes\n|\n|-heal|p2a: Whiscash|260/337|[from] item: Leftovers\n|upkeep\n|turn|7\n|\n|t:|1771233428\n|move|p1a: Veluza|Flip Turn|p2a: Whiscash\n|-damage|p2a: Whiscash|178/337\n|\n|t:|1771233432\n|switch|p1a: Kleavor|Kleavor, L78, F|208/237|[from] Flip Turn\n|-damage|p1a: Kleavor|169/237|[from] Spikes\n|move|p2a: Whiscash|Earthquake|p1a: Kleavor\n|-damage|p1a: Kleavor|67/237\n|\n|-heal|p2a: Whiscash|199/337|[from] item: Leftovers\n|upkeep\n|turn|8\n|\n|t:|1771233445\n|move|p1a: Kleavor|Defog|p2a: Whiscash\n|-unboost|p2a: Whiscash|evasion|1\n|-sideend|p2: Callum7891|Stealth Rock|[from] move: Defog|[of] p1a: Kleavor\n|-sideend|p1: Flakenz|Spikes|[from] move: Defog|[of] p1a: Kleavor\n|move|p2a: Whiscash|Spikes|p1a: Kleavor\n|-sidestart|p1: Flakenz|Spikes\n|\n|-heal|p2a: Whiscash|220/337|[from] item: Leftovers\n|upkeep\n|turn|9\n|\n|t:|1771233452\n|move|p1a: Kleavor|Defog|p2a: Whiscash\n|-unboost|p2a: Whiscash|evasion|1\n|-sideend|p1: Flakenz|Spikes|[from] move: Defog|[of] p1a: Kleavor\n|move|p2a: Whiscash|Hydro Pump|p1a: Kleavor\n|-supereffective|p1a: Kleavor\n|-damage|p1a: Kleavor|0 fnt\n|faint|p1a: Kleavor\n|\n|-heal|p2a: Whiscash|241/337|[from] item: Leftovers\n|upkeep\n|\n|t:|1771233463\n|switch|p1a: Arceus|Arceus-Fighting, L70|284/284\n|turn|10\n|\n|t:|1771233469\n|move|p1a: Arceus|Cosmic Power|p1a: Arceus\n|-boost|p1a: Arceus|def|1\n|-boost|p1a: Arceus|spd|1\n|move|p2a: Whiscash|Spikes|p1a: Arceus\n|-sidestart|p1: Flakenz|Spikes\n|\n|-heal|p2a: Whiscash|262/337|[from] item: Leftovers\n|upkeep\n|turn|11\n|\n|t:|1771233480\n|switch|p2a: Decidueye|Decidueye-Hisui, L87, F|295/295\n|move|p1a: Arceus|Cosmic Power|p1a: Arceus\n|-boost|p1a: Arceus|def|1\n|-boost|p1a: Arceus|spd|1\n|\n|upkeep\n|turn|12\n|inactive|Flakenz has 120 seconds left.\n|\n|t:|1771233507\n|move|p1a: Arceus|Body Press|p2a: Decidueye\n|-damage|p2a: Decidueye|126/295\n|move|p2a: Decidueye|Triple Arrows|p1a: Arceus\n|-damage|p1a: Arceus|232/284\n|-unboost|p1a: Arceus|def|1\n|\n|-heal|p2a: Decidueye|144/295|[from] item: Leftovers\n|upkeep\n|turn|13\n|\n|t:|1771233518\n|move|p1a: Arceus|Cosmic Power|p1a: Arceus\n|-boost|p1a: Arceus|def|1\n|-boost|p1a: Arceus|spd|1\n|move|p2a: Decidueye|Triple Arrows|p1a: Arceus\n|-damage|p1a: Arceus|183/284\n|\n|-heal|p2a: Decidueye|162/295|[from] item: Leftovers\n|upkeep\n|turn|14\n|\n|t:|1771233532\n|move|p1a: Arceus|Recover|p1a: Arceus\n|-heal|p1a: Arceus|284/284\n|move|p2a: Decidueye|Triple Arrows|p1a: Arceus\n|-damage|p1a: Arceus|226/284\n|\n|-heal|p2a: Decidueye|180/295|[from] item: Leftovers\n|upkeep\n|turn|15\n|inactive|Flakenz has 120 seconds left.\n|\n|t:|1771233540\n|move|p1a: Arceus|Cosmic Power|p1a: Arceus\n|-boost|p1a: Arceus|def|1\n|-boost|p1a: Arceus|spd|1\n|move|p2a: Decidueye|Triple Arrows|p1a: Arceus\n|-damage|p1a: Arceus|181/284\n|\n|-heal|p2a: Decidueye|198/295|[from] item: Leftovers\n|upkeep\n|turn|16\n|-message|Callum7891 forfeited.\n|\n|win|Flakenz\n|raw|Flakenz's rating: 1634 &rarr; <strong>1650</strong><br />(+16 for winning)\n|raw|Callum7891's rating: 1563 &rarr; <strong>1547</strong><br />(-16 for losing)\n", "inputlog": ">version 686819e5e19f8a7fd2345cfc5a08a5085efa2cc3\n>start {\"formatid\":\"gen9randombattle\",\"seed\":\"sodium,eb6e6f241b4c2566a96a7e02eec971f9\",\"rated\":\"Rated battle\"}\n>player p1 {\"name\":\"Flakenz\",\"avatar\":\"102\",\"rating\":1634,\"seed\":\"sodium,f78fd9877c5fa34c3f8f6d42b135cc0b\"}\n>player p2 {\"name\":\"Callum7891\",\"avatar\":\"169\",\"rating\":1584,\"seed\":\"sodium,dff3d710bf3d76fc89835b5407cff056\"}\n>p1 switch 5\n>p2 move trick\n>p1 move uturn\n>p2 switch 5\n>p1 switch 3\n>p1 move yawn\n>p2 move spikes\n>p1 move flipturn\n>p2 switch 6\n>p1 switch 3\n>p1 move stoneaxe\n>p2 switch 6\n>p1 switch 5\n>p2 move spikes\n>p1 move flipturn\n>p2 move earthquake\n>p1 switch 5\n>p1 move defog\n>p2 move spikes\n>p1 move defog\n>p2 move hydropump\n>p1 switch 6\n>p1 move cosmicpower\n>p2 move spikes\n>p1 move cosmicpower\n>p2 switch 2\n>p1 move bodypress\n>p2 move triplearrows\n>p1 move cosmicpower\n>p2 move triplearrows\n>p1 move recover\n>p2 move triplearrows\n>p1 move cosmicpower\n>p2 move triplearrows\n>forcelose p2", "uploadtime": 1771233549, "views": 13, "formatid": "gen9randombattle", "rating": 1547, "private": 0, "password": null}