{"id": "gen9randombattle-2540832842", "format": "[Gen 9] Random Battle", "players": ["Marcasfitz", "LCWAZ"], "log": "|j|☆Marcasfitz\n|j|☆LCWAZ\n|t:|1771258716\n|gametype|singles\n|player|p1|Marcasfitz|swimmer-gen4dp|1562\n|player|p2|LCWAZ|2|1562\n|gen|9\n|tier|[Gen 9] Random Battle\n|rated|\n|rule|Species Clause: Limit one of each Pokémon\n|rule|HP Percentage Mod: HP is shown in percentages\n|rule|Sleep Clause Mod: Limit one foe put to sleep\n|rule|Illusion Level Mod: Illusion disguises the Pokémon's true level\n|\n|t:|1771258716\n|teamsize|p1|6\n|teamsize|p2|6\n|start\n|switch|p1a: Houndstone|Houndstone, L86, F|264/264\n|switch|p2a: Charizard|Charizard, L85, M|271/271\n|turn|1\n|inactive|Battle timer is ON: inactive players will automatically lose when time's up. (requested by Marcasfitz)\n|\n|t:|1771258727\n|switch|p2a: Dunsparce|Dunsparce, L86, F|312/312\n|switch|p1a: Snorlax|Snorlax, L82, M|397/397\n|\n|upkeep\n|turn|2\n|\n|t:|1771258734\n|switch|p1a: Drifblim|Drifblim, L86, M|398/398\n|move|p2a: Dunsparce|Coil|p2a: Dunsparce\n|-boost|p2a: Dunsparce|atk|1\n|-boost|p2a: Dunsparce|def|1\n|-boost|p2a: Dunsparce|accuracy|1\n|\n|upkeep\n|turn|3\n|\n|t:|1771258740\n|switch|p2a: Klefki|Klefki, L84, F|233/233\n|move|p1a: Drifblim|Air Slash|p2a: Klefki|[miss]\n|-miss|p1a: Drifblim|p2a: Klefki\n|\n|upkeep\n|turn|4\n|\n|t:|1771258748\n|switch|p1a: Snorlax|Snorlax, L82, M|397/397\n|move|p2a: Klefki|Thunder Wave|p1a: Snorlax\n|-status|p1a: Snorlax|par\n|\n|upkeep\n|turn|5\n|\n|t:|1771258754\n|move|p2a: Klefki|Foul Play|p1a: Snorlax\n|-damage|p1a: Snorlax|303/397 par\n|move|p1a: Snorlax|Earthquake|p2a: Klefki\n|-supereffective|p2a: Klefki\n|-damage|p2a: Klefki|99/233\n|\n|-heal|p2a: Klefki|113/233|[from] item: Leftovers\n|upkeep\n|turn|6\n|\n|t:|1771258762\n|switch|p2a: Charizard|Charizard, L85, M|271/271\n|move|p1a: Snorlax|Earthquake|p2a: Charizard\n|-immune|p2a: Charizard\n|\n|upkeep\n|turn|7\n|\n|t:|1771258765\n|move|p2a: Charizard|Focus Blast|p1a: Snorlax\n|-supereffective|p1a: Snorlax\n|-damage|p1a: Snorlax|145/397 par\n|cant|p1a: Snorlax|par\n|\n|upkeep\n|turn|8\n|\n|t:|1771258773\n|move|p2a: Charizard|Focus Blast|p1a: Snorlax|[miss]\n|-miss|p2a: Charizard|p1a: Snorlax\n|move|p1a: Snorlax|Rest|p1a: Snorlax\n|-status|p1a: Snorlax|slp|[from] move: Rest\n|-heal|p1a: Snorlax|397/397 slp|[silent]\n|-enditem|p1a: Snorlax|Chesto Berry|[eat]\n|-curestatus|p1a: Snorlax|slp|[msg]\n|\n|upkeep\n|turn|9\n|\n|t:|1771258778\n|switch|p2a: Klefki|Klefki, L84, F|113/233\n|move|p1a: Snorlax|Body Slam|p2a: Klefki\n|-resisted|p2a: Klefki\n|-damage|p2a: Klefki|67/233\n|-status|p2a: Klefki|par\n|\n|-heal|p2a: Klefki|81/233 par|[from] item: Leftovers\n|upkeep\n|turn|10\n|\n|t:|1771258781\n|cant|p2a: Klefki|par\n|move|p1a: Snorlax|Earthquake|p2a: Klefki\n|-supereffective|p2a: Klefki\n|-damage|p2a: Klefki|0 fnt\n|faint|p2a: Klefki\n|\n|upkeep\n|\n|t:|1771258785\n|switch|p2a: Zamazenta|Zamazenta, L71|248/248\n|-ability|p2a: Zamazenta|Dauntless Shield|boost\n|-boost|p2a: Zamazenta|def|1\n|turn|11\n|\n|t:|1771258793\n|switch|p1a: Drifblim|Drifblim, L86, M|398/398\n|move|p2a: Zamazenta|Iron Defense|p2a: Zamazenta\n|-boost|p2a: Zamazenta|def|2\n|\n|upkeep\n|turn|12\n|\n|t:|1771258798\n|move|p2a: Zamazenta|Stone Edge|p1a: Drifblim\n|-supereffective|p1a: Drifblim\n|-damage|p1a: Drifblim|200/398\n|move|p1a: Drifblim|Air Slash|p2a: Zamazenta\n|-supereffective|p2a: Zamazenta\n|-damage|p2a: Zamazenta|108/248\n|\n|-heal|p2a: Zamazenta|123/248|[from] item: Leftovers\n|upkeep\n|turn|13\n|\n|t:|1771258805\n|move|p2a: Zamazenta|Stone Edge|p1a: Drifblim\n|-supereffective|p1a: Drifblim\n|-damage|p1a: Drifblim|16/398\n|move|p1a: Drifblim|Air Slash|p2a: Zamazenta\n|-supereffective|p2a: Zamazenta\n|-damage|p2a: Zamazenta|0 fnt\n|faint|p2a: Zamazenta\n|\n|upkeep\n|\n|t:|1771258812\n|switch|p2a: Charizard|Charizard, L85, M|271/271\n|turn|14\n|\n|t:|1771258819\n|move|p2a: Charizard|Flamethrower|p1a: Drifblim\n|-damage|p1a: Drifblim|0 fnt\n|faint|p1a: Drifblim\n|\n|upkeep\n|\n|t:|1771258821\n|switch|p1a: Snorlax|Snorlax, L82, M|397/397\n|turn|15\n|\n|t:|1771258828\n|switch|p2a: Dunsparce|Dunsparce, L86, F|312/312\n|move|p1a: Snorlax|Body Slam|p2a: Dunsparce\n|-damage|p2a: Dunsparce|242/312\n|-status|p2a: Dunsparce|par\n|\n|upkeep\n|turn|16\n|\n|t:|1771258833\n|move|p1a: Snorlax|Curse|p1a: Snorlax\n|-unboost|p1a: Snorlax|spe|1\n|-boost|p1a: Snorlax|atk|1\n|-boost|p1a: Snorlax|def|1\n|cant|p2a: Dunsparce|par\n|\n|upkeep\n|turn|17\n|\n|t:|1771258836\n|move|p1a: Snorlax|Curse|p1a: Snorlax\n|-unboost|p1a: Snorlax|spe|1\n|-boost|p1a: Snorlax|atk|1\n|-boost|p1a: Snorlax|def|1\n|move|p2a: Dunsparce|Coil|p2a: Dunsparce\n|-boost|p2a: Dunsparce|atk|1\n|-boost|p2a: Dunsparce|def|1\n|-boost|p2a: Dunsparce|accuracy|1\n|\n|upkeep\n|turn|18\n|\n|t:|1771258839\n|cant|p2a: Dunsparce|par\n|move|p1a: Snorlax|Curse|p1a: Snorlax\n|-unboost|p1a: Snorlax|spe|1\n|-boost|p1a: Snorlax|atk|1\n|-boost|p1a: Snorlax|def|1\n|\n|upkeep\n|turn|19\n|\n|t:|1771258842\n|move|p2a: Dunsparce|Coil|p2a: Dunsparce\n|-boost|p2a: Dunsparce|atk|1\n|-boost|p2a: Dunsparce|def|1\n|-boost|p2a: Dunsparce|accuracy|1\n|move|p1a: Snorlax|Curse|p1a: Snorlax\n|-unboost|p1a: Snorlax|spe|1\n|-boost|p1a: Snorlax|atk|1\n|-boost|p1a: Snorlax|def|1\n|\n|upkeep\n|turn|20\n|\n|t:|1771258844\n|move|p2a: Dunsparce|Body Slam|p1a: Snorlax\n|-damage|p1a: Snorlax|331/397\n|-status|p1a: Snorlax|par\n|cant|p1a: Snorlax|par\n|\n|upkeep\n|turn|21\n|\n|t:|1771258847\n|move|p2a: Dunsparce|Coil|p2a: Dunsparce\n|-boost|p2a: Dunsparce|atk|1\n|-boost|p2a: Dunsparce|def|1\n|-boost|p2a: Dunsparce|accuracy|1\n|cant|p1a: Snorlax|par\n|\n|upkeep\n|turn|22\n|\n|t:|1771258849\n|move|p2a: Dunsparce|Coil|p2a: Dunsparce\n|-boost|p2a: Dunsparce|atk|1\n|-boost|p2a: Dunsparce|def|1\n|-boost|p2a: Dunsparce|accuracy|1\n|cant|p1a: Snorlax|par\n|\n|upkeep\n|turn|23\n|\n|t:|1771258851\n|move|p2a: Dunsparce|Coil|p2a: Dunsparce\n|-boost|p2a: Dunsparce|atk|1\n|-boost|p2a: Dunsparce|def|1\n|-boost|p2a: Dunsparce|accuracy|1\n|move|p1a: Snorlax|Body Slam|p2a: Dunsparce\n|-damage|p2a: Dunsparce|184/312 par\n|\n|upkeep\n|turn|24\n|\n|t:|1771258858\n|cant|p2a: Dunsparce|par\n|cant|p1a: Snorlax|par\n|\n|upkeep\n|turn|25\n|\n|t:|1771258860\n|move|p2a: Dunsparce|Coil|p2a: Dunsparce\n|-boost|p2a: Dunsparce|atk|1\n|-boost|p2a: Dunsparce|def|1\n|-boost|p2a: Dunsparce|accuracy|1\n|move|p1a: Snorlax|Curse|p1a: Snorlax\n|-unboost|p1a: Snorlax|spe|1\n|-boost|p1a: Snorlax|atk|1\n|-boost|p1a: Snorlax|def|1\n|\n|upkeep\n|turn|26\n|\n|t:|1771258862\n|move|p2a: Dunsparce|Roost|p2a: Dunsparce\n|-heal|p2a: Dunsparce|312/312 par\n|-singleturn|p2a: Dunsparce|move: Roost\n|cant|p1a: Snorlax|par\n|\n|upkeep\n|turn|27\n|\n|t:|1771258866\n|move|p2a: Dunsparce|Body Slam|p1a: Snorlax\n|-damage|p1a: Snorlax|228/397 par\n|cant|p1a: Snorlax|par\n|\n|upkeep\n|turn|28\n|\n|t:|1771258869\n|move|p2a: Dunsparce|Body Slam|p1a: Snorlax\n|-damage|p1a: Snorlax|128/397 par\n|move|p1a: Snorlax|Curse|p1a: Snorlax\n|-unboost|p1a: Snorlax|spe|1\n|-boost|p1a: Snorlax|atk|1\n|-boost|p1a: Snorlax|def|1\n|\n|upkeep\n|turn|29\n|\n|t:|1771258877\n|cant|p2a: Dunsparce|par\n|cant|p1a: Snorlax|par\n|\n|upkeep\n|turn|30\n|\n|t:|1771258879\n|move|p2a: Dunsparce|Body Slam|p1a: Snorlax\n|-crit|p1a: Snorlax\n|-damage|p1a: Snorlax|0 fnt\n|faint|p1a: Snorlax\n|\n|upkeep\n|c|☆Marcasfitz|Gg\n|-message|Marcasfitz forfeited.\n|\n|win|LCWAZ\n|raw|Marcasfitz's rating: 1562 &rarr; <strong>1542</strong><br />(-20 for losing)\n|raw|LCWAZ's rating: 1562 &rarr; <strong>1582</strong><br />(+20 for winning)\n|l|☆Marcasfitz\n|player|p1|\n", "inputlog": ">version 686819e5e19f8a7fd2345cfc5a08a5085efa2cc3\n>start {\"formatid\":\"gen9randombattle\",\"seed\":\"sodium,1e4f20e59275e8b7ce4607afbad1067e\",\"rated\":\"Rated battle\"}\n>player p1 {\"name\":\"Marcasfitz\",\"avatar\":\"swimmer-gen4dp\",\"rating\":1562,\"seed\":\"sodium,2389df35a3c75e3ec49bd13567eeb9d4\"}\n>player p2 {\"name\":\"LCWAZ\",\"avatar\":\"2\",\"rating\":1562,\"seed\":\"sodium,74ab635fde3377712270ffa8f58391be\"}\n>p1 switch 5\n>p2 switch 5\n>p1 switch 2\n>p2 move coil\n>p1 move airslash\n>p2 switch 3\n>p1 switch 2\n>p2 move thunderwave\n>p1 move earthquake\n>p2 move foulplay\n>p1 move earthquake\n>p2 switch 5\n>p1 move bodyslam\n>p2 move focusblast\n>p1 move rest\n>p2 move focusblast\n>p1 move bodyslam\n>p2 switch 5\n>p1 move earthquake\n>p2 move thunderwave\n>p2 switch 6\n>p1 switch 2\n>p2 move irondefense\n>p1 move airslash\n>p2 move stoneedge\n>p1 move airslash\n>p2 move stoneedge\n>p2 switch 5\n>p1 move strengthsap\n>p2 move flamethrower\n>p1 switch 2\n>p1 move bodyslam\n>p2 switch 3\n>p1 move curse\n>p2 move coil\n>p1 move curse\n>p2 move coil\n>p1 move curse\n>p2 move coil\n>p1 move curse\n>p2 move coil\n>p1 move curse\n>p2 move bodyslam\n>p1 move bodyslam\n>p2 move coil\n>p1 move bodyslam\n>p2 move coil\n>p1 move bodyslam\n>p2 move coil\n>p1 move curse\n>p2 move coil\n>p1 move curse\n>p2 move coil\n>p1 move curse\n>p2 move roost\n>p1 move curse\n>p2 move bodyslam\n>p1 move curse\n>p2 move bodyslam\n>p1 move rest\n>p2 move bodyslam\n>p1 move rest\n>p2 move bodyslam\n>chat ☆Marcasfitz|Gg\n>forcelose p1", "uploadtime": 1771258899, "views": 6, "formatid": "gen9randombattle", "rating": 1542, "private": 0, "password": null}