{"id": "gen9randombattle-2540358606", "format": "[Gen 9] Random Battle", "players": ["tannsha", "bionic master"], "log": "|j|☆tannsha\n|j|☆bionic master\n|t:|1771192599\n|gametype|singles\n|player|p1|tannsha|266|1607\n|player|p2|bionic master|101|1570\n|gen|9\n|tier|[Gen 9] Random Battle\n|rated|\n|rule|Species Clause: Limit one of each Pokémon\n|rule|HP Percentage Mod: HP is shown in percentages\n|rule|Sleep Clause Mod: Limit one foe put to sleep\n|rule|Illusion Level Mod: Illusion disguises the Pokémon's true level\n|\n|t:|1771192599\n|teamsize|p1|6\n|teamsize|p2|6\n|start\n|switch|p1a: Vikavolt|Vikavolt, L83, M|263/263\n|switch|p2a: Rampardos|Rampardos, L90, F|321/321\n|turn|1\n|inactive|Battle timer is ON: inactive players will automatically lose when time's up. (requested by bionic master)\n|\n|t:|1771192607\n|switch|p1a: Klawf|Klawf, L90, M|272/272\n|move|p2a: Rampardos|Head Smash|p1a: Klawf\n|-damage|p1a: Klawf|56/272\n|-damage|p2a: Rampardos|213/321|[from] Recoil\n|\n|upkeep\n|turn|2\n|\n|t:|1771192611\n|move|p1a: Klawf|Knock Off|p2a: Rampardos\n|-damage|p2a: Rampardos|104/321\n|-enditem|p2a: Rampardos|Choice Scarf|[from] move: Knock Off|[of] p1a: Klawf\n|move|p2a: Rampardos|Head Smash|p1a: Klawf\n|-damage|p1a: Klawf|0 fnt\n|faint|p1a: Klawf\n|-damage|p2a: Rampardos|76/321|[from] Recoil\n|\n|upkeep\n|\n|t:|1771192616\n|switch|p1a: Luvdisc|Luvdisc, F|247/247\n|turn|3\n|\n|t:|1771192619\n|move|p1a: Luvdisc|Flip Turn|p2a: Rampardos\n|-supereffective|p2a: Rampardos\n|-damage|p2a: Rampardos|0 fnt\n|faint|p2a: Rampardos\n|\n|t:|1771192622\n|switch|p1a: Vikavolt|Vikavolt, L83, M|263/263|[from] Flip Turn\n|\n|upkeep\n|\n|t:|1771192631\n|switch|p2a: Noivern|Noivern, L82, F|274/274\n|turn|4\n|\n|t:|1771192642\n|move|p2a: Noivern|Flamethrower|p1a: Vikavolt\n|-supereffective|p1a: Vikavolt\n|-damage|p1a: Vikavolt|129/263\n|move|p1a: Vikavolt|Sticky Web|p2a: Noivern\n|-sidestart|p2: bionic master|move: Sticky Web\n|\n|upkeep\n|turn|5\n|\n|t:|1771192646\n|move|p2a: Noivern|Flamethrower|p1a: Vikavolt\n|-supereffective|p1a: Vikavolt\n|-damage|p1a: Vikavolt|3/263\n|move|p1a: Vikavolt|Discharge|p2a: Noivern\n|-damage|p2a: Noivern|142/274\n|-status|p2a: Noivern|par\n|\n|upkeep\n|turn|6\n|\n|t:|1771192651\n|cant|p2a: Noivern|par\n|move|p1a: Vikavolt|Discharge|p2a: Noivern\n|-damage|p2a: Noivern|18/274 par\n|\n|upkeep\n|turn|7\n|\n|t:|1771192660\n|cant|p2a: Noivern|par\n|move|p1a: Vikavolt|Discharge|p2a: Noivern\n|-damage|p2a: Noivern|0 fnt\n|faint|p2a: Noivern\n|\n|upkeep\n|\n|t:|1771192668\n|switch|p2a: Sandslash|Sandslash, L89, F|278/278\n|-activate|p2a: Sandslash|move: Sticky Web\n|-unboost|p2a: Sandslash|spe|1\n|turn|8\n|\n|t:|1771192673\n|switch|p1a: Spectrier|Spectrier, L75|274/274\n|move|p2a: Sandslash|Rapid Spin|p1a: Spectrier\n|-immune|p1a: Spectrier\n|\n|upkeep\n|turn|9\n|\n|t:|1771192680\n|switch|p2a: Ursaluna|Ursaluna-Bloodmoon, L79, M|308/308\n|-activate|p2a: Ursaluna|move: Sticky Web\n|-unboost|p2a: Ursaluna|spe|1\n|move|p1a: Spectrier|Will-O-Wisp|p2a: Ursaluna\n|-status|p2a: Ursaluna|brn\n|\n|-damage|p2a: Ursaluna|289/308 brn|[from] brn\n|upkeep\n|turn|10\n|\n|t:|1771192685\n|switch|p1a: Vikavolt|Vikavolt, L83, M|3/263\n|move|p2a: Ursaluna|Calm Mind|p2a: Ursaluna\n|-boost|p2a: Ursaluna|spa|1\n|-boost|p2a: Ursaluna|spd|1\n|\n|-heal|p2a: Ursaluna|308/308 brn|[from] item: Leftovers\n|-damage|p2a: Ursaluna|289/308 brn|[from] brn\n|upkeep\n|turn|11\n|\n|t:|1771192690\n|move|p1a: Vikavolt|Bug Buzz|p2a: Ursaluna\n|-damage|p2a: Ursaluna|174/308 brn\n|move|p2a: Ursaluna|Blood Moon|p1a: Vikavolt\n|-damage|p1a: Vikavolt|0 fnt\n|faint|p1a: Vikavolt\n|\n|-heal|p2a: Ursaluna|193/308 brn|[from] item: Leftovers\n|-damage|p2a: Ursaluna|174/308 brn|[from] brn\n|upkeep\n|\n|t:|1771192714\n|switch|p1a: Spectrier|Spectrier, L75|274/274\n|turn|12\n|\n|t:|1771192728\n|-terastallize|p1a: Spectrier|Fighting\n|move|p1a: Spectrier|Tera Blast|p2a: Ursaluna|[anim] Tera Blast Fighting\n|-supereffective|p2a: Ursaluna\n|-damage|p2a: Ursaluna|0 fnt\n|faint|p2a: Ursaluna\n|-ability|p1a: Spectrier|Grim Neigh|boost\n|-boost|p1a: Spectrier|spa|1\n|-damage|p1a: Spectrier|247/274|[from] item: Life Orb\n|\n|upkeep\n|\n|t:|1771192742\n|switch|p2a: Sandslash|Sandslash, L89, F|278/278\n|-activate|p2a: Sandslash|move: Sticky Web\n|-unboost|p2a: Sandslash|spe|1\n|turn|13\n|\n|t:|1771192749\n|move|p1a: Spectrier|Tera Blast|p2a: Sandslash|[anim] Tera Blast Fighting\n|-damage|p2a: Sandslash|47/278\n|-damage|p1a: Spectrier|220/274|[from] item: Life Orb\n|move|p2a: Sandslash|Earthquake|p1a: Spectrier\n|-crit|p1a: Spectrier\n|-damage|p1a: Spectrier|0 fnt\n|faint|p1a: Spectrier\n|\n|-heal|p2a: Sandslash|64/278|[from] item: Leftovers\n|upkeep\n|\n|t:|1771192756\n|switch|p1a: Luvdisc|Luvdisc, F|247/247\n|turn|14\n|\n|t:|1771192762\n|move|p1a: Luvdisc|Surf|p2a: Sandslash\n|-supereffective|p2a: Sandslash\n|-damage|p2a: Sandslash|0 fnt\n|faint|p2a: Sandslash\n|\n|upkeep\n|\n|t:|1771192768\n|switch|p2a: Gallade|Gallade, L80, M|240/240\n|-activate|p2a: Gallade|move: Sticky Web\n|-unboost|p2a: Gallade|spe|1\n|turn|15\n|\n|t:|1771192773\n|move|p1a: Luvdisc|Substitute|p1a: Luvdisc\n|-start|p1a: Luvdisc|Substitute\n|-damage|p1a: Luvdisc|186/247\n|move|p2a: Gallade|Leaf Blade|p1a: Luvdisc\n|-supereffective|p1a: Luvdisc\n|-end|p1a: Luvdisc|Substitute\n|\n|upkeep\n|turn|16\n|\n|t:|1771192775\n|move|p1a: Luvdisc|Substitute|p1a: Luvdisc\n|-start|p1a: Luvdisc|Substitute\n|-damage|p1a: Luvdisc|125/247\n|move|p2a: Gallade|Leaf Blade|p1a: Luvdisc\n|-supereffective|p1a: Luvdisc\n|-end|p1a: Luvdisc|Substitute\n|\n|upkeep\n|turn|17\n|\n|t:|1771192777\n|move|p1a: Luvdisc|Substitute|p1a: Luvdisc\n|-start|p1a: Luvdisc|Substitute\n|-damage|p1a: Luvdisc|64/247\n|move|p2a: Gallade|Leaf Blade|p1a: Luvdisc\n|-supereffective|p1a: Luvdisc\n|-end|p1a: Luvdisc|Substitute\n|\n|upkeep\n|turn|18\n|\n|t:|1771192780\n|move|p1a: Luvdisc|Substitute|p1a: Luvdisc\n|-start|p1a: Luvdisc|Substitute\n|-damage|p1a: Luvdisc|3/247\n|move|p2a: Gallade|Leaf Blade|p1a: Luvdisc\n|-supereffective|p1a: Luvdisc\n|-crit|p1a: Luvdisc\n|-end|p1a: Luvdisc|Substitute\n|\n|upkeep\n|turn|19\n|\n|t:|1771192783\n|switch|p2a: Eiscue|Eiscue, L88, M|274/274\n|-activate|p2a: Eiscue|move: Sticky Web\n|-unboost|p2a: Eiscue|spe|1\n|move|p1a: Luvdisc|Endeavor|p2a: Eiscue\n|-activate|p2a: Eiscue|ability: Ice Face\n|-damage|p2a: Eiscue|274/274\n|detailschange|p2a: Eiscue|Eiscue-Noice, L88, M\n|\n|upkeep\n|turn|20\n|\n|t:|1771192793\n|move|p1a: Luvdisc|Endeavor|p2a: Eiscue\n|-damage|p2a: Eiscue|3/274\n|-enditem|p2a: Eiscue|Sitrus Berry|[eat]\n|-heal|p2a: Eiscue|71/274|[from] item: Sitrus Berry\n|move|p2a: Eiscue|Tera Blast|p1a: Luvdisc\n|-crit|p1a: Luvdisc\n|-damage|p1a: Luvdisc|0 fnt\n|faint|p1a: Luvdisc\n|\n|upkeep\n|\n|t:|1771192805\n|switch|p1a: Dondozo|Dondozo, L78, M|362/362\n|turn|21\n|\n|t:|1771192812\n|move|p2a: Eiscue|Ice Spinner|p1a: Dondozo\n|-resisted|p1a: Dondozo\n|-damage|p1a: Dondozo|329/362\n|move|p1a: Dondozo|Curse|p1a: Dondozo\n|-unboost|p1a: Dondozo|spe|1\n|-boost|p1a: Dondozo|atk|1\n|-boost|p1a: Dondozo|def|1\n|\n|-heal|p1a: Dondozo|351/362|[from] item: Leftovers\n|upkeep\n|turn|22\n|\n|t:|1771192818\n|move|p2a: Eiscue|Tera Blast|p1a: Dondozo\n|-damage|p1a: Dondozo|288/362\n|move|p1a: Dondozo|Curse|p1a: Dondozo\n|-unboost|p1a: Dondozo|spe|1\n|-boost|p1a: Dondozo|atk|1\n|-boost|p1a: Dondozo|def|1\n|\n|-heal|p1a: Dondozo|310/362|[from] item: Leftovers\n|upkeep\n|turn|23\n|\n|t:|1771192822\n|move|p2a: Eiscue|Tera Blast|p1a: Dondozo\n|-damage|p1a: Dondozo|249/362\n|move|p1a: Dondozo|Curse|p1a: Dondozo\n|-unboost|p1a: Dondozo|spe|1\n|-boost|p1a: Dondozo|atk|1\n|-boost|p1a: Dondozo|def|1\n|\n|-heal|p1a: Dondozo|271/362|[from] item: Leftovers\n|upkeep\n|turn|24\n|\n|t:|1771192826\n|move|p2a: Eiscue|Tera Blast|p1a: Dondozo\n|-damage|p1a: Dondozo|214/362\n|move|p1a: Dondozo|Curse|p1a: Dondozo\n|-unboost|p1a: Dondozo|spe|1\n|-boost|p1a: Dondozo|atk|1\n|-boost|p1a: Dondozo|def|1\n|\n|-heal|p1a: Dondozo|236/362|[from] item: Leftovers\n|upkeep\n|turn|25\n|\n|t:|1771192828\n|move|p2a: Eiscue|Tera Blast|p1a: Dondozo\n|-damage|p1a: Dondozo|173/362\n|move|p1a: Dondozo|Curse|p1a: Dondozo\n|-unboost|p1a: Dondozo|spe|1\n|-boost|p1a: Dondozo|atk|1\n|-boost|p1a: Dondozo|def|1\n|\n|-heal|p1a: Dondozo|195/362|[from] item: Leftovers\n|upkeep\n|turn|26\n|\n|t:|1771192831\n|move|p2a: Eiscue|Tera Blast|p1a: Dondozo\n|-crit|p1a: Dondozo\n|-damage|p1a: Dondozo|97/362\n|move|p1a: Dondozo|Rest|p1a: Dondozo\n|-status|p1a: Dondozo|slp|[from] move: Rest\n|-heal|p1a: Dondozo|362/362 slp|[silent]\n|\n|upkeep\n|turn|27\n|\n|t:|1771192832\n|move|p2a: Eiscue|Tera Blast|p1a: Dondozo\n|-damage|p1a: Dondozo|303/362 slp\n|cant|p1a: Dondozo|slp\n|move|p1a: Dondozo|Sleep Talk|p1a: Dondozo\n|move|p1a: Dondozo|Curse|p1a: Dondozo|[from] move: Sleep Talk\n|-unboost|p1a: Dondozo|spe|1\n|-boost|p1a: Dondozo|atk|1\n|-boost|p1a: Dondozo|def|1\n|\n|-heal|p1a: Dondozo|325/362 slp|[from] item: Leftovers\n|upkeep\n|turn|28\n|\n|t:|1771192834\n|move|p2a: Eiscue|Tera Blast|p1a: Dondozo\n|-damage|p1a: Dondozo|262/362 slp\n|cant|p1a: Dondozo|slp\n|move|p1a: Dondozo|Sleep Talk|p1a: Dondozo\n|move|p1a: Dondozo|Rest||[from] move: Sleep Talk|[still]\n|-fail|p1a: Dondozo\n|\n|-heal|p1a: Dondozo|284/362 slp|[from] item: Leftovers\n|upkeep\n|turn|29\n|\n|t:|1771192837\n|move|p2a: Eiscue|Tera Blast|p1a: Dondozo\n|-crit|p1a: Dondozo\n|-damage|p1a: Dondozo|196/362 slp\n|-curestatus|p1a: Dondozo|slp|[msg]\n|move|p1a: Dondozo|Wave Crash|p2a: Eiscue\n|-damage|p2a: Eiscue|0 fnt\n|faint|p2a: Eiscue\n|-damage|p1a: Dondozo|173/362|[from] Recoil\n|\n|-heal|p1a: Dondozo|195/362|[from] item: Leftovers\n|upkeep\n|\n|t:|1771192841\n|switch|p2a: Gallade|Gallade, L80, M|240/240\n|-activate|p2a: Gallade|move: Sticky Web\n|-unboost|p2a: Gallade|spe|1\n|turn|30\n|\n|t:|1771192848\n|-terastallize|p2a: Gallade|Fighting\n|move|p2a: Gallade|Sacred Sword|p1a: Dondozo\n|-damage|p1a: Dondozo|0 fnt\n|faint|p1a: Dondozo\n|\n|upkeep\n|\n|t:|1771192851\n|switch|p1a: Glaceon|Glaceon, L94, F|275/275\n|turn|31\n|\n|t:|1771192854\n|move|p1a: Glaceon|Freeze-Dry|p2a: Gallade\n|-damage|p2a: Gallade|134/240\n|-status|p2a: Gallade|frz\n|cant|p2a: Gallade|frz\n|\n|upkeep\n|turn|32\n|\n|t:|1771192857\n|move|p1a: Glaceon|Freeze-Dry|p2a: Gallade\n|-damage|p2a: Gallade|32/240 frz\n|-curestatus|p2a: Gallade|frz|[msg]\n|move|p2a: Gallade|Sacred Sword|p1a: Glaceon\n|-supereffective|p1a: Glaceon\n|-damage|p1a: Glaceon|0 fnt\n|faint|p1a: Glaceon\n|\n|win|bionic master\n|raw|tannsha's rating: 1607 &rarr; <strong>1585</strong><br />(-22 for losing)\n|raw|bionic master's rating: 1570 &rarr; <strong>1592</strong><br />(+22 for winning)\n|l|☆tannsha\n|player|p1|\n", "inputlog": ">version 686819e5e19f8a7fd2345cfc5a08a5085efa2cc3\n>start {\"formatid\":\"gen9randombattle\",\"seed\":\"sodium,aedb0ec85e12fff7b5903c8f3f956846\",\"rated\":\"Rated battle\"}\n>player p1 {\"name\":\"tannsha\",\"avatar\":\"266\",\"rating\":1607,\"seed\":\"sodium,f7e4d02a224c8c60c342cf11b7627cf3\"}\n>player p2 {\"name\":\"bionic master\",\"avatar\":\"101\",\"rating\":1570,\"seed\":\"sodium,0c06298582483880d52f3efdead99cbd\"}\n>p1 switch 3\n>p2 move headsmash\n>p1 move knockoff\n>p2 move headsmash\n>p1 switch 5\n>p1 move flipturn\n>p2 move headsmash\n>p1 switch 3\n>p2 switch 6\n>p1 move stickyweb\n>p2 move flamethrower\n>p1 move discharge\n>p2 move flamethrower\n>p1 move discharge\n>p2 move flamethrower\n>p1 move discharge\n>p2 move flamethrower\n>p2 switch 5\n>p1 switch 6\n>p2 move rapidspin\n>p1 move willowisp\n>p2 switch 3\n>p1 switch 6\n>p2 move calmmind\n>p1 move bugbuzz\n>p2 move bloodmoon\n>p1 switch 6\n>p1 move terablast terastallize\n>p2 move moonlight\n>p2 switch 3\n>p1 move terablast\n>p2 move earthquake\n>p1 switch 3\n>p1 move surf\n>p2 move earthquake\n>p2 switch 2\n>p1 move substitute\n>p2 move leafblade\n>p1 move substitute\n>p2 move leafblade\n>p1 move substitute\n>p2 move leafblade\n>p1 move substitute\n>p2 move leafblade\n>p1 move endeavor\n>p2 switch 4\n>p1 move endeavor\n>p2 move terablast\n>p1 switch 4\n>p1 move curse\n>p2 move icespinner\n>p1 move curse\n>p2 move terablast\n>p1 move curse\n>p2 move terablast\n>p1 move curse\n>p2 move terablast\n>p1 move curse\n>p2 move terablast\n>p1 move rest\n>p2 move terablast\n>p1 move sleeptalk\n>p2 move terablast\n>p1 move sleeptalk\n>p2 move terablast\n>p1 move wavecrash\n>p2 move terablast\n>p2 switch 4\n>p1 move wavecrash\n>p2 move sacredsword terastallize\n>p1 switch 2\n>p1 move freezedry\n>p2 move sacredsword\n>p1 move freezedry\n>p2 move sacredsword", "uploadtime": 1771192868, "views": 6, "formatid": "gen9randombattle", "rating": 1585, "private": 0, "password": null}