{"id": "gen9randombattle-2540368510", "format": "[Gen 9] Random Battle", "players": ["Phani42", "Taki333"], "log": "|j|☆Phani42\n|j|☆Taki333\n|t:|1771193721\n|gametype|singles\n|player|p1|Phani42|1|1771\n|player|p2|Taki333|battlegirl|1808\n|gen|9\n|tier|[Gen 9] Random Battle\n|rated|\n|rule|Species Clause: Limit one of each Pokémon\n|rule|HP Percentage Mod: HP is shown in percentages\n|rule|Sleep Clause Mod: Limit one foe put to sleep\n|rule|Illusion Level Mod: Illusion disguises the Pokémon's true level\n|\n|t:|1771193722\n|teamsize|p1|6\n|teamsize|p2|6\n|start\n|switch|p1a: Pawmot|Pawmot, L80, M|243/243\n|switch|p2a: Lunala|Lunala, L70|308/308\n|turn|1\n|inactive|Battle timer is ON: inactive players will automatically lose when time's up. (requested by Phani42)\n|\n|t:|1771193732\n|switch|p1a: Skuntank|Skuntank, L84, M|310/310\n|move|p2a: Lunala|Psyshock|p1a: Skuntank\n|-immune|p1a: Skuntank\n|\n|upkeep\n|turn|2\n|\n|t:|1771193743\n|switch|p2a: Flygon|Flygon, L82, F|265/265\n|move|p1a: Skuntank|Knock Off|p2a: Flygon\n|-damage|p2a: Flygon|153/265\n|-enditem|p2a: Flygon|Lum Berry|[from] move: Knock Off|[of] p1a: Skuntank\n|\n|upkeep\n|turn|3\n|\n|t:|1771193754\n|switch|p1a: Meganium|Meganium, L90, F|290/290\n|move|p2a: Flygon|Earthquake|p1a: Meganium\n|-resisted|p1a: Meganium\n|-damage|p1a: Meganium|249/290\n|\n|-heal|p1a: Meganium|267/290|[from] item: Leftovers\n|upkeep\n|turn|4\n|\n|t:|1771193760\n|switch|p2a: Victreebel|Victreebel, L90, F|290/290\n|move|p1a: Meganium|Energy Ball|p2a: Victreebel\n|-resisted|p2a: Victreebel\n|-damage|p2a: Victreebel|262/290\n|-unboost|p2a: Victreebel|spd|1\n|\n|-heal|p1a: Meganium|285/290|[from] item: Leftovers\n|upkeep\n|turn|5\n|\n|t:|1771193768\n|switch|p1a: Skuntank|Skuntank, L84, M|310/310\n|move|p2a: Victreebel|Sleep Powder|p1a: Skuntank|[miss]\n|-miss|p2a: Victreebel|p1a: Skuntank\n|\n|upkeep\n|turn|6\n|\n|t:|1771193779\n|switch|p1a: Meganium|Meganium, L90, F|285/290\n|switch|p2a: Flygon|Flygon, L82, F|153/265\n|\n|-heal|p1a: Meganium|290/290|[from] item: Leftovers\n|upkeep\n|turn|7\n|\n|t:|1771193785\n|switch|p2a: Victreebel|Victreebel, L90, F|262/290\n|move|p1a: Meganium|Knock Off|p2a: Victreebel\n|-damage|p2a: Victreebel|184/290\n|-enditem|p2a: Victreebel|Life Orb|[from] move: Knock Off|[of] p1a: Meganium\n|\n|upkeep\n|turn|8\n|\n|t:|1771193790\n|switch|p1a: Skuntank|Skuntank, L84, M|310/310\n|move|p2a: Victreebel|Sludge Wave|p1a: Skuntank\n|-resisted|p1a: Skuntank\n|-damage|p1a: Skuntank|260/310\n|\n|upkeep\n|turn|9\n|\n|t:|1771193794\n|switch|p2a: Flygon|Flygon, L82, F|153/265\n|move|p1a: Skuntank|Gunk Shot|p2a: Flygon\n|-resisted|p2a: Flygon\n|-damage|p2a: Flygon|81/265\n|\n|upkeep\n|turn|10\n|\n|t:|1771193799\n|switch|p2a: Victreebel|Victreebel, L90, F|184/290\n|switch|p1a: Meganium|Meganium, L90, F|290/290\n|\n|upkeep\n|turn|11\n|\n|t:|1771193804\n|move|p1a: Meganium|Knock Off|p2a: Victreebel\n|-damage|p2a: Victreebel|126/290\n|move|p2a: Victreebel|Sleep Powder|p1a: Meganium\n|-immune|p1a: Meganium\n|\n|upkeep\n|turn|12\n|\n|t:|1771193808\n|move|p1a: Meganium|Encore|p2a: Victreebel\n|-start|p2a: Victreebel|Encore\n|move|p2a: Victreebel|Sleep Powder|p1a: Meganium\n|-immune|p1a: Meganium\n|\n|upkeep\n|turn|13\n|\n|t:|1771193813\n|switch|p2a: Dunsparce|Dunsparce, L86, F|312/312\n|move|p1a: Meganium|Knock Off|p2a: Dunsparce\n|-damage|p2a: Dunsparce|261/312\n|-enditem|p2a: Dunsparce|Eviolite|[from] move: Knock Off|[of] p1a: Meganium\n|\n|upkeep\n|turn|14\n|\n|t:|1771193819\n|move|p1a: Meganium|Energy Ball|p2a: Dunsparce\n|-damage|p2a: Dunsparce|140/312\n|move|p2a: Dunsparce|Body Slam|p1a: Meganium\n|-damage|p1a: Meganium|226/290\n|-status|p1a: Meganium|par\n|\n|-heal|p1a: Meganium|244/290 par|[from] item: Leftovers\n|upkeep\n|turn|15\n|\n|t:|1771193823\n|move|p2a: Dunsparce|Roost|p2a: Dunsparce\n|-heal|p2a: Dunsparce|296/312\n|-singleturn|p2a: Dunsparce|move: Roost\n|move|p1a: Meganium|Energy Ball|p2a: Dunsparce\n|-damage|p2a: Dunsparce|176/312\n|\n|-heal|p1a: Meganium|262/290 par|[from] item: Leftovers\n|upkeep\n|turn|16\n|\n|t:|1771193825\n|move|p2a: Dunsparce|Coil|p2a: Dunsparce\n|-boost|p2a: Dunsparce|atk|1\n|-boost|p2a: Dunsparce|def|1\n|-boost|p2a: Dunsparce|accuracy|1\n|move|p1a: Meganium|Energy Ball|p2a: Dunsparce\n|-damage|p2a: Dunsparce|56/312\n|\n|-heal|p1a: Meganium|280/290 par|[from] item: Leftovers\n|upkeep\n|turn|17\n|\n|t:|1771193827\n|move|p2a: Dunsparce|Roost|p2a: Dunsparce\n|-heal|p2a: Dunsparce|212/312\n|-singleturn|p2a: Dunsparce|move: Roost\n|cant|p1a: Meganium|par\n|\n|-heal|p1a: Meganium|290/290 par|[from] item: Leftovers\n|upkeep\n|turn|18\n|\n|t:|1771193831\n|move|p2a: Dunsparce|Body Slam|p1a: Meganium\n|-damage|p1a: Meganium|202/290 par\n|move|p1a: Meganium|Encore|p2a: Dunsparce\n|-start|p2a: Dunsparce|Encore\n|\n|-heal|p1a: Meganium|220/290 par|[from] item: Leftovers\n|upkeep\n|turn|19\n|\n|t:|1771193835\n|move|p2a: Dunsparce|Body Slam|p1a: Meganium\n|-damage|p1a: Meganium|127/290 par\n|cant|p1a: Meganium|par\n|\n|-heal|p1a: Meganium|145/290 par|[from] item: Leftovers\n|upkeep\n|turn|20\n|\n|t:|1771193839\n|move|p2a: Dunsparce|Body Slam|p1a: Meganium\n|-damage|p1a: Meganium|51/290 par\n|cant|p1a: Meganium|par\n|\n|-heal|p1a: Meganium|69/290 par|[from] item: Leftovers\n|upkeep\n|turn|21\n|\n|t:|1771193843\n|move|p2a: Dunsparce|Body Slam|p1a: Meganium\n|-damage|p1a: Meganium|0 fnt\n|faint|p1a: Meganium\n|\n|-end|p2a: Dunsparce|Encore\n|upkeep\n|\n|t:|1771193849\n|switch|p1a: Pawmot|Pawmot, L80, M|243/243\n|turn|22\n|\n|t:|1771193855\n|move|p1a: Pawmot|Close Combat|p2a: Dunsparce\n|-supereffective|p2a: Dunsparce\n|-damage|p2a: Dunsparce|0 fnt\n|-unboost|p1a: Pawmot|def|1\n|-unboost|p1a: Pawmot|spd|1\n|faint|p2a: Dunsparce\n|-damage|p1a: Pawmot|219/243|[from] item: Life Orb\n|\n|upkeep\n|\n|t:|1771193861\n|switch|p2a: Arceus|Arceus-Ground, L70|284/284\n|turn|23\n|\n|t:|1771193866\n|switch|p1a: Arceus|Arceus-Bug, L73|295/295\n|move|p2a: Arceus|Dragon Dance|p2a: Arceus\n|-boost|p2a: Arceus|atk|1\n|-boost|p2a: Arceus|spe|1\n|\n|upkeep\n|turn|24\n|\n|t:|1771193874\n|move|p2a: Arceus|Stone Edge|p1a: Arceus\n|-supereffective|p1a: Arceus\n|-crit|p1a: Arceus\n|-damage|p1a: Arceus|61/295\n|move|p1a: Arceus|Calm Mind|p1a: Arceus\n|-boost|p1a: Arceus|spa|1\n|-boost|p1a: Arceus|spd|1\n|\n|upkeep\n|turn|25\n|\n|t:|1771193881\n|move|p2a: Arceus|Earthquake|p1a: Arceus\n|-resisted|p1a: Arceus\n|-damage|p1a: Arceus|0 fnt\n|faint|p1a: Arceus\n|\n|upkeep\n|\n|t:|1771193884\n|switch|p1a: Kyurem|Kyurem-Black, L71|295/295\n|-ability|p1a: Kyurem|Teravolt\n|turn|26\n|\n|t:|1771193902\n|-terastallize|p2a: Arceus|Ground\n|move|p2a: Arceus|Earthquake|p1a: Kyurem\n|-damage|p1a: Kyurem|69/295\n|move|p1a: Kyurem|Icicle Spear|p2a: Arceus\n|-supereffective|p2a: Arceus\n|-damage|p2a: Arceus|228/284\n|-supereffective|p2a: Arceus\n|-damage|p2a: Arceus|168/284\n|-supereffective|p2a: Arceus\n|-damage|p2a: Arceus|114/284\n|-supereffective|p2a: Arceus\n|-damage|p2a: Arceus|54/284\n|-supereffective|p2a: Arceus\n|-damage|p2a: Arceus|0 fnt\n|faint|p2a: Arceus\n|-hitcount|p2: Arceus|5\n|\n|upkeep\n|\n|t:|1771193910\n|switch|p2a: Drednaw|Drednaw, L81, M|278/278\n|turn|27\n|\n|t:|1771193921\n|-terastallize|p1a: Kyurem|Electric\n|move|p1a: Kyurem|Fusion Bolt|p2a: Drednaw\n|-supereffective|p2a: Drednaw\n|-damage|p2a: Drednaw|38/278\n|move|p2a: Drednaw|Shell Smash|p2a: Drednaw\n|-unboost|p2a: Drednaw|def|1\n|-unboost|p2a: Drednaw|spd|1\n|-boost|p2a: Drednaw|atk|2\n|-boost|p2a: Drednaw|spa|2\n|-boost|p2a: Drednaw|spe|2\n|-enditem|p2a: Drednaw|White Herb\n|-clearnegativeboost|p2a: Drednaw|[silent]\n|\n|upkeep\n|turn|28\n|\n|t:|1771193927\n|move|p2a: Drednaw|Crunch|p1a: Kyurem\n|-damage|p1a: Kyurem|0 fnt\n|faint|p1a: Kyurem\n|\n|upkeep\n|\n|t:|1771193929\n|switch|p1a: Skuntank|Skuntank, L84, M|260/310\n|turn|29\n|\n|t:|1771193933\n|move|p1a: Skuntank|Sucker Punch||[still]\n|-fail|p1a: Skuntank\n|move|p2a: Drednaw|Shell Smash|p2a: Drednaw\n|-unboost|p2a: Drednaw|def|1\n|-unboost|p2a: Drednaw|spd|1\n|-boost|p2a: Drednaw|atk|2\n|-boost|p2a: Drednaw|spa|2\n|-boost|p2a: Drednaw|spe|2\n|\n|upkeep\n|turn|30\n|\n|t:|1771193936\n|move|p1a: Skuntank|Sucker Punch||[still]\n|-fail|p1a: Skuntank\n|move|p2a: Drednaw|Shell Smash|p2a: Drednaw\n|-unboost|p2a: Drednaw|def|1\n|-unboost|p2a: Drednaw|spd|1\n|-boost|p2a: Drednaw|atk|2\n|-boost|p2a: Drednaw|spa|2\n|-boost|p2a: Drednaw|spe|2\n|\n|upkeep\n|turn|31\n|\n|t:|1771193939\n|move|p1a: Skuntank|Sucker Punch||[still]\n|-fail|p1a: Skuntank\n|move|p2a: Drednaw|Shell Smash|p2a: Drednaw\n|-unboost|p2a: Drednaw|def|1\n|-unboost|p2a: Drednaw|spd|1\n|-boost|p2a: Drednaw|atk|0\n|-boost|p2a: Drednaw|spa|0\n|-boost|p2a: Drednaw|spe|0\n|\n|upkeep\n|turn|32\n|\n|t:|1771193942\n|move|p1a: Skuntank|Sucker Punch||[still]\n|-fail|p1a: Skuntank\n|move|p2a: Drednaw|Shell Smash|p2a: Drednaw\n|-unboost|p2a: Drednaw|def|1\n|-unboost|p2a: Drednaw|spd|1\n|-boost|p2a: Drednaw|atk|0\n|-boost|p2a: Drednaw|spa|0\n|-boost|p2a: Drednaw|spe|0\n|\n|upkeep\n|turn|33\n|\n|t:|1771193951\n|move|p1a: Skuntank|Sucker Punch||[still]\n|-fail|p1a: Skuntank\n|move|p2a: Drednaw|Shell Smash|p2a: Drednaw\n|-unboost|p2a: Drednaw|def|1\n|-unboost|p2a: Drednaw|spd|1\n|-boost|p2a: Drednaw|atk|0\n|-boost|p2a: Drednaw|spa|0\n|-boost|p2a: Drednaw|spe|0\n|\n|upkeep\n|turn|34\n|\n|t:|1771193954\n|move|p1a: Skuntank|Sucker Punch||[still]\n|-fail|p1a: Skuntank\n|move|p2a: Drednaw|Shell Smash|p2a: Drednaw\n|-unboost|p2a: Drednaw|def|1\n|-unboost|p2a: Drednaw|spd|1\n|-boost|p2a: Drednaw|atk|0\n|-boost|p2a: Drednaw|spa|0\n|-boost|p2a: Drednaw|spe|0\n|\n|upkeep\n|turn|35\n|\n|t:|1771193957\n|move|p2a: Drednaw|Shell Smash|p2a: Drednaw\n|-unboost|p2a: Drednaw|def|0\n|-unboost|p2a: Drednaw|spd|0\n|-boost|p2a: Drednaw|atk|0\n|-boost|p2a: Drednaw|spa|0\n|-boost|p2a: Drednaw|spe|0\n|move|p1a: Skuntank|Knock Off|p2a: Drednaw\n|-damage|p2a: Drednaw|0 fnt\n|faint|p2a: Drednaw\n|\n|upkeep\n|\n|t:|1771193960\n|switch|p2a: Flygon|Flygon, L82, F|81/265\n|turn|36\n|\n|t:|1771193971\n|switch|p1a: Greninja|Greninja, L80, M|246/246\n|move|p2a: Flygon|Earthquake|p1a: Greninja\n|-damage|p1a: Greninja|122/246\n|\n|upkeep\n|turn|37\n|\n|t:|1771193985\n|move|p1a: Greninja|Ice Beam|p2a: Flygon\n|-supereffective|p2a: Flygon\n|-damage|p2a: Flygon|0 fnt\n|faint|p2a: Flygon\n|-ability|p1a: Greninja|Battle Bond|boost\n|-boost|p1a: Greninja|atk|1\n|-boost|p1a: Greninja|spa|1\n|-boost|p1a: Greninja|spe|1\n|-activate|p1a: Greninja|ability: Battle Bond\n|-damage|p1a: Greninja|98/246|[from] item: Life Orb\n|\n|upkeep\n|\n|t:|1771193988\n|switch|p2a: Victreebel|Victreebel, L90, F|126/290\n|turn|38\n|\n|t:|1771193996\n|move|p2a: Victreebel|Sucker Punch|p1a: Greninja\n|-resisted|p1a: Greninja\n|-crit|p1a: Greninja\n|-damage|p1a: Greninja|36/246\n|move|p1a: Greninja|Ice Beam|p2a: Victreebel\n|-supereffective|p2a: Victreebel\n|-damage|p2a: Victreebel|0 fnt\n|faint|p2a: Victreebel\n|-damage|p1a: Greninja|12/246|[from] item: Life Orb\n|\n|upkeep\n|\n|t:|1771194000\n|switch|p2a: Lunala|Lunala, L70|308/308\n|turn|39\n|\n|t:|1771194003\n|move|p1a: Greninja|Dark Pulse|p2a: Lunala\n|-supereffective|p2a: Lunala\n|-damage|p2a: Lunala|0 fnt\n|faint|p2a: Lunala\n|-damage|p1a: Greninja|0 fnt|[from] item: Life Orb\n|faint|p1a: Greninja\n|\n|win|Phani42\n|raw|Phani42's rating: 1771 &rarr; <strong>1793</strong><br />(+22 for winning)\n|raw|Taki333's rating: 1808 &rarr; <strong>1786</strong><br />(-22 for losing)\n|l|☆Taki333\n|player|p2|\n", "inputlog": ">version 686819e5e19f8a7fd2345cfc5a08a5085efa2cc3\n>start {\"formatid\":\"gen9randombattle\",\"seed\":\"sodium,b76ed56bb64811038998f0bd3eb3ac0e\",\"rated\":\"Rated battle\"}\n>player p1 {\"name\":\"Phani42\",\"avatar\":\"1\",\"rating\":1771,\"seed\":\"sodium,8314c52466beb75a449739b8c44a57c0\"}\n>player p2 {\"name\":\"Taki333\",\"avatar\":\"battlegirl\",\"rating\":1808,\"seed\":\"sodium,d94d071d745b6870f8927728c3594999\"}\n>p1 switch 5\n>p2 move psyshock\n>p1 move knockoff\n>p2 switch 3\n>p1 switch 2\n>p2 move earthquake\n>p1 move energyball\n>p2 switch 5\n>p1 switch 2\n>p2 move sleeppowder\n>p1 switch 2\n>p2 switch 5\n>p1 move knockoff\n>p2 switch 5\n>p1 switch 2\n>p2 move sludgewave\n>p1 move gunkshot\n>p2 switch 5\n>p1 switch 2\n>p2 switch 5\n>p1 move knockoff\n>p2 move sleeppowder\n>p1 move encore\n>p2 move sleeppowder\n>p1 move knockoff\n>p2 switch 2\n>p1 move energyball\n>p2 move bodyslam\n>p1 move energyball\n>p2 move roost\n>p1 move energyball\n>p2 move coil\n>p1 move energyball\n>p2 move roost\n>p1 move encore\n>p2 move bodyslam\n>p1 move energyball\n>p2 move bodyslam\n>p1 move energyball\n>p2 move bodyslam\n>p1 move energyball\n>p2 move bodyslam\n>p1 switch 5\n>p1 move closecombat\n>p2 move earthquake\n>p2 switch 6\n>p1 switch 4\n>p2 move dragondance\n>p1 move calmmind\n>p2 move stoneedge\n>p1 move fireblast\n>p2 move earthquake\n>p1 switch 3\n>p1 move iciclespear\n>p2 move earthquake terastallize\n>p2 switch 4\n>p1 move fusionbolt terastallize\n>p2 move shellsmash\n>p1 move iciclespear\n>p2 move crunch\n>p1 switch 2\n>p1 move suckerpunch\n>p2 move shellsmash\n>p1 move suckerpunch\n>p2 move shellsmash\n>p1 move suckerpunch\n>p2 move shellsmash\n>p1 move suckerpunch\n>p2 move shellsmash\n>p1 move suckerpunch\n>p2 move shellsmash\n>p1 move suckerpunch\n>p2 move shellsmash\n>p1 move knockoff\n>p2 move shellsmash\n>p2 switch 5\n>p1 switch 6\n>p2 move earthquake\n>p1 move icebeam\n>p2 move earthquake\n>p2 switch 2\n>p1 move icebeam\n>p2 move suckerpunch\n>p2 switch 3\n>p1 move darkpulse\n>p2 move moonlight", "uploadtime": 1771194011, "views": 5, "formatid": "gen9randombattle", "rating": 1786, "private": 0, "password": null}