{"id": "gen9randombattle-2540574610", "format": "[Gen 9] Random Battle", "players": ["373user", "bsman997"], "log": "|j|☆373user\n|j|☆bsman997\n|t:|1771220374\n|gametype|singles\n|player|p1|373user|rosa|1610\n|player|p2|bsman997|266|1630\n|gen|9\n|tier|[Gen 9] Random Battle\n|rated|\n|rule|Species Clause: Limit one of each Pokémon\n|rule|HP Percentage Mod: HP is shown in percentages\n|rule|Sleep Clause Mod: Limit one foe put to sleep\n|rule|Illusion Level Mod: Illusion disguises the Pokémon's true level\n|\n|t:|1771220374\n|teamsize|p1|6\n|teamsize|p2|6\n|start\n|switch|p1a: Lugia|Lugia, L73|275/275\n|switch|p2a: Electrode|Electrode-Hisui, L87|246/246\n|turn|1\n|\n|t:|1771220388\n|switch|p1a: Sandy Shocks|Sandy Shocks, L80|267/267\n|move|p2a: Electrode|Substitute|p2a: Electrode\n|-start|p2a: Electrode|Substitute\n|-damage|p2a: Electrode|185/246\n|\n|-heal|p2a: Electrode|200/246|[from] item: Leftovers\n|upkeep\n|turn|2\n|\n|t:|1771220406\n|move|p2a: Electrode|Giga Drain|p1a: Sandy Shocks\n|-supereffective|p1a: Sandy Shocks\n|-damage|p1a: Sandy Shocks|93/267\n|-heal|p2a: Electrode|246/246|[from] drain|[of] p1a: Sandy Shocks\n|move|p1a: Sandy Shocks|Earth Power|p2a: Electrode\n|-end|p2a: Electrode|Substitute\n|\n|-heal|p1a: Sandy Shocks|109/267|[from] item: Leftovers\n|upkeep\n|turn|3\n|\n|t:|1771220415\n|-end|p1a: Sandy Shocks|Protosynthesis|[silent]\n|switch|p1a: Gothitelle|Gothitelle, L90, F|272/272\n|move|p2a: Electrode|Giga Drain|p1a: Gothitelle\n|-crit|p1a: Gothitelle\n|-damage|p1a: Gothitelle|181/272\n|\n|-heal|p1a: Gothitelle|198/272|[from] item: Leftovers\n|upkeep\n|turn|4\n|\n|t:|1771220422\n|move|p2a: Electrode|Substitute|p2a: Electrode\n|-start|p2a: Electrode|Substitute\n|-damage|p2a: Electrode|185/246\n|move|p1a: Gothitelle|Calm Mind|p1a: Gothitelle\n|-boost|p1a: Gothitelle|spa|1\n|-boost|p1a: Gothitelle|spd|1\n|\n|-heal|p2a: Electrode|200/246|[from] item: Leftovers\n|-heal|p1a: Gothitelle|215/272|[from] item: Leftovers\n|upkeep\n|turn|5\n|\n|t:|1771220431\n|move|p2a: Electrode|Leech Seed|p1a: Gothitelle|[miss]\n|-miss|p2a: Electrode|p1a: Gothitelle\n|move|p1a: Gothitelle|Psychic Noise|p2a: Electrode\n|-immune|p2a: Electrode|[from] ability: Soundproof\n|\n|-heal|p2a: Electrode|215/246|[from] item: Leftovers\n|-heal|p1a: Gothitelle|232/272|[from] item: Leftovers\n|upkeep\n|turn|6\n|\n|t:|1771220439\n|move|p2a: Electrode|Leech Seed|p1a: Gothitelle\n|-start|p1a: Gothitelle|move: Leech Seed\n|move|p1a: Gothitelle|Dark Pulse|p2a: Electrode\n|-end|p2a: Electrode|Substitute\n|\n|-heal|p2a: Electrode|230/246|[from] item: Leftovers\n|-heal|p1a: Gothitelle|249/272|[from] item: Leftovers\n|-damage|p1a: Gothitelle|215/272|[from] Leech Seed|[of] p2a: Electrode\n|-heal|p2a: Electrode|246/246|[silent]\n|upkeep\n|turn|7\n|\n|t:|1771220451\n|switch|p1a: Registeel|Registeel, L81|262/262\n|move|p2a: Electrode|Substitute|p2a: Electrode\n|-start|p2a: Electrode|Substitute\n|-damage|p2a: Electrode|185/246\n|\n|-heal|p2a: Electrode|200/246|[from] item: Leftovers\n|upkeep\n|turn|8\n|\n|t:|1771220458\n|move|p2a: Electrode|Leech Seed|p1a: Registeel\n|-start|p1a: Registeel|move: Leech Seed\n|move|p1a: Registeel|Body Press|p2a: Electrode\n|-end|p2a: Electrode|Substitute\n|\n|-heal|p2a: Electrode|215/246|[from] item: Leftovers\n|-damage|p1a: Registeel|230/262|[from] Leech Seed|[of] p2a: Electrode\n|-heal|p2a: Electrode|246/246|[silent]\n|upkeep\n|turn|9\n|\n|t:|1771220467\n|switch|p1a: Yanmega|Yanmega, L82, F|275/275\n|move|p2a: Electrode|Substitute|p2a: Electrode\n|-start|p2a: Electrode|Substitute\n|-damage|p2a: Electrode|185/246\n|\n|-heal|p2a: Electrode|200/246|[from] item: Leftovers\n|upkeep\n|turn|10\n|\n|t:|1771220474\n|move|p2a: Electrode|Thunderbolt|p1a: Yanmega\n|-supereffective|p1a: Yanmega\n|-damage|p1a: Yanmega|33/275\n|-status|p1a: Yanmega|par\n|cant|p1a: Yanmega|par\n|\n|-heal|p2a: Electrode|215/246|[from] item: Leftovers\n|upkeep\n|turn|11\n|-message|373user forfeited.\n|\n|win|bsman997\n|raw|373user's rating: 1610 &rarr; <strong>1591</strong><br />(-19 for losing)\n|raw|bsman997's rating: 1630 &rarr; <strong>1649</strong><br />(+19 for winning)\n|l|☆373user\n|player|p1|\n", "inputlog": ">version 686819e5e19f8a7fd2345cfc5a08a5085efa2cc3\n>start {\"formatid\":\"gen9randombattle\",\"seed\":\"sodium,020451effe33f02a721275f3f4c3875b\",\"rated\":\"Rated battle\"}\n>player p1 {\"name\":\"373user\",\"avatar\":\"rosa\",\"rating\":1610,\"seed\":\"sodium,e9506a398313b35fdfc49846b417e692\"}\n>player p2 {\"name\":\"bsman997\",\"avatar\":\"266\",\"rating\":1630,\"seed\":\"sodium,b4eb352fc22983e98ce8a494eba043fb\"}\n>p1 switch 4\n>p2 move substitute\n>p1 move earthpower\n>p2 move gigadrain\n>p1 switch 2\n>p2 move gigadrain\n>p1 move calmmind\n>p2 move substitute\n>p1 move psychicnoise\n>p2 move leechseed\n>p1 move darkpulse\n>p2 move leechseed\n>p1 switch 5\n>p2 move substitute\n>p1 move bodypress\n>p2 move leechseed\n>p1 switch 6\n>p2 move substitute\n>p1 move uturn\n>p2 move thunderbolt\n>forcelose p1", "uploadtime": 1771220487, "views": 14, "formatid": "gen9randombattle", "rating": 1591, "private": 0, "password": null}