{"id": "gen9randombattle-2540339457", "format": "[Gen 9] Random Battle", "players": ["CounterTERAismUnit", "Dezurom"], "log": "|j|‽CounterTERAismUnit\n|j|☆Dezurom\n|t:|1771190487\n|gametype|singles\n|player|p1|CounterTERAismUnit|diantha-masters|1818\n|player|p2|Dezurom|steven|1837\n|gen|9\n|tier|[Gen 9] Random Battle\n|rated|\n|rule|Species Clause: Limit one of each Pokémon\n|rule|HP Percentage Mod: HP is shown in percentages\n|rule|Sleep Clause Mod: Limit one foe put to sleep\n|rule|Illusion Level Mod: Illusion disguises the Pokémon's true level\n|\n|t:|1771190487\n|teamsize|p1|6\n|teamsize|p2|6\n|start\n|switch|p1a: Coalossal|Coalossal, L89, F|341/341\n|switch|p2a: Fezandipiti|Fezandipiti, L82, M|278/278\n|turn|1\n|inactive|Battle timer is ON: inactive players will automatically lose when time's up. (requested by Dezurom)\n|\n|t:|1771190510\n|move|p2a: Fezandipiti|U-turn|p1a: Coalossal\n|-resisted|p1a: Coalossal\n|-damage|p1a: Coalossal|324/341\n|-status|p1a: Coalossal|tox|[from] ability: Toxic Chain|[of] p2a: Fezandipiti\n|\n|t:|1771190519\n|switch|p2a: Raging Bolt|Raging Bolt, L78|323/323|[from] U-turn\n|-enditem|p2a: Raging Bolt|Booster Energy\n|-activate|p2a: Raging Bolt|ability: Protosynthesis|[fromitem]\n|-start|p2a: Raging Bolt|protosynthesisspa\n|move|p1a: Coalossal|Will-O-Wisp|p2a: Raging Bolt\n|-status|p2a: Raging Bolt|brn\n|\n|-damage|p1a: Coalossal|303/341 tox|[from] psn\n|-damage|p2a: Raging Bolt|303/323 brn|[from] brn\n|upkeep\n|turn|2\n|\n|t:|1771190525\n|move|p2a: Raging Bolt|Calm Mind|p2a: Raging Bolt\n|-boost|p2a: Raging Bolt|spa|1\n|-boost|p2a: Raging Bolt|spd|1\n|move|p1a: Coalossal|Stone Edge|p2a: Raging Bolt\n|-damage|p2a: Raging Bolt|192/323 brn\n|\n|-damage|p1a: Coalossal|261/341 tox|[from] psn\n|-damage|p2a: Raging Bolt|172/323 brn|[from] brn\n|upkeep\n|turn|3\n|\n|t:|1771190530\n|move|p2a: Raging Bolt|Thunderbolt|p1a: Coalossal\n|-damage|p1a: Coalossal|75/341 tox\n|move|p1a: Coalossal|Stone Edge|p2a: Raging Bolt\n|-damage|p2a: Raging Bolt|70/323 brn\n|\n|-damage|p1a: Coalossal|12/341 tox|[from] psn\n|-damage|p2a: Raging Bolt|50/323 brn|[from] brn\n|upkeep\n|turn|4\n|\n|t:|1771190536\n|move|p2a: Raging Bolt|Thunderbolt|p1a: Coalossal\n|-damage|p1a: Coalossal|0 fnt\n|faint|p1a: Coalossal\n|\n|-damage|p2a: Raging Bolt|30/323 brn|[from] brn\n|upkeep\n|\n|t:|1771190542\n|switch|p1a: Dachsbun|Dachsbun, L92, M|254/254\n|turn|5\n|\n|t:|1771190546\n|move|p1a: Dachsbun|Protect|p1a: Dachsbun\n|-singleturn|p1a: Dachsbun|Protect\n|move|p2a: Raging Bolt|Thunderclap||[still]\n|-fail|p2a: Raging Bolt\n|\n|-damage|p2a: Raging Bolt|10/323 brn|[from] brn\n|upkeep\n|turn|6\n|\n|t:|1771190552\n|move|p1a: Dachsbun|Play Rough|p2a: Raging Bolt|[miss]\n|-miss|p1a: Dachsbun|p2a: Raging Bolt\n|move|p2a: Raging Bolt|Thunderbolt|p1a: Dachsbun\n|-damage|p1a: Dachsbun|62/254\n|\n|-heal|p1a: Dachsbun|77/254|[from] item: Leftovers\n|-damage|p2a: Raging Bolt|0 fnt|[from] brn\n|faint|p2a: Raging Bolt\n|-end|p2a: Raging Bolt|Protosynthesis|[silent]\n|upkeep\n|\n|t:|1771190564\n|switch|p2a: Fezandipiti|Fezandipiti, L82, M|278/278\n|turn|7\n|\n|t:|1771190570\n|move|p1a: Dachsbun|Protect|p1a: Dachsbun\n|-singleturn|p1a: Dachsbun|Protect\n|move|p2a: Fezandipiti|Moonblast|p1a: Dachsbun\n|-activate|p1a: Dachsbun|move: Protect\n|\n|-heal|p1a: Dachsbun|92/254|[from] item: Leftovers\n|upkeep\n|turn|8\n|\n|t:|1771190575\n|move|p1a: Dachsbun|Wish|p1a: Dachsbun\n|move|p2a: Fezandipiti|Moonblast|p1a: Dachsbun\n|-damage|p1a: Dachsbun|23/254\n|-status|p1a: Dachsbun|tox|[from] ability: Toxic Chain|[of] p2a: Fezandipiti\n|\n|-heal|p1a: Dachsbun|38/254 tox|[from] item: Leftovers\n|-damage|p1a: Dachsbun|23/254 tox|[from] psn\n|upkeep\n|turn|9\n|\n|t:|1771190585\n|switch|p1a: Suicune|Suicune, L82|298/298\n|-ability|p1a: Suicune|Pressure\n|move|p2a: Fezandipiti|Moonblast|p1a: Suicune\n|-damage|p1a: Suicune|234/298\n|-unboost|p1a: Suicune|spa|1\n|-status|p1a: Suicune|tox|[from] ability: Toxic Chain|[of] p2a: Fezandipiti\n|\n|-heal|p1a: Suicune|298/298 tox|[from] move: Wish|[wisher] Dachsbun\n|-damage|p1a: Suicune|280/298 tox|[from] psn\n|upkeep\n|turn|10\n|\n|t:|1771190597\n|move|p2a: Fezandipiti|U-turn|p1a: Suicune\n|-damage|p1a: Suicune|241/298 tox\n|\n|t:|1771190599\n|switch|p2a: Altaria|Altaria, L89, M|278/278|[from] U-turn\n|move|p1a: Suicune|Scald|p2a: Altaria\n|-resisted|p2a: Altaria\n|-damage|p2a: Altaria|257/278\n|\n|-heal|p1a: Suicune|259/298 tox|[from] item: Leftovers\n|-damage|p1a: Suicune|223/298 tox|[from] psn\n|upkeep\n|turn|11\n|\n|t:|1771190605\n|switch|p1a: Stonjourner|Stonjourner, L91, M|330/330\n|move|p2a: Altaria|Brave Bird|p1a: Stonjourner\n|-resisted|p1a: Stonjourner\n|-damage|p1a: Stonjourner|292/330\n|-damage|p2a: Altaria|244/278|[from] Recoil\n|\n|upkeep\n|turn|12\n|\n|t:|1771190621\n|switch|p2a: Fezandipiti|Fezandipiti, L82, M|278/278\n|move|p1a: Stonjourner|Rock Polish|p1a: Stonjourner\n|-boost|p1a: Stonjourner|spe|2\n|\n|upkeep\n|turn|13\n|\n|t:|1771190624\n|move|p1a: Stonjourner|Stone Edge|p2a: Fezandipiti|[miss]\n|-miss|p1a: Stonjourner|p2a: Fezandipiti\n|move|p2a: Fezandipiti|Moonblast|p1a: Stonjourner\n|-damage|p1a: Stonjourner|118/330\n|-status|p1a: Stonjourner|tox|[from] ability: Toxic Chain|[of] p2a: Fezandipiti\n|\n|-damage|p1a: Stonjourner|98/330 tox|[from] psn\n|upkeep\n|turn|14\n|\n|t:|1771190631\n|move|p1a: Stonjourner|Stone Edge|p2a: Fezandipiti|[miss]\n|-miss|p1a: Stonjourner|p2a: Fezandipiti\n|move|p2a: Fezandipiti|Moonblast|p1a: Stonjourner\n|-damage|p1a: Stonjourner|0 fnt\n|faint|p1a: Stonjourner\n|\n|upkeep\n|\n|t:|1771190636\n|switch|p1a: Mewtwo|Mewtwo, L72|272/272\n|-ability|p1a: Mewtwo|Pressure\n|turn|15\n|\n|t:|1771190655\n|-terastallize|p2a: Fezandipiti|Steel\n|move|p1a: Mewtwo|Psystrike|p2a: Fezandipiti\n|-resisted|p2a: Fezandipiti\n|-damage|p2a: Fezandipiti|200/278\n|-damage|p1a: Mewtwo|245/272|[from] item: Life Orb\n|move|p2a: Fezandipiti|Gunk Shot|p1a: Mewtwo\n|-damage|p1a: Mewtwo|118/272\n|\n|-heal|p2a: Fezandipiti|217/278|[from] item: Leftovers\n|upkeep\n|turn|16\n|\n|t:|1771190665\n|switch|p1a: Dachsbun|Dachsbun, L92, M|23/254 tox\n|move|p2a: Fezandipiti|Gunk Shot|p1a: Dachsbun|[miss]\n|-miss|p2a: Fezandipiti|p1a: Dachsbun\n|\n|-heal|p1a: Dachsbun|38/254 tox|[from] item: Leftovers\n|-heal|p2a: Fezandipiti|234/278|[from] item: Leftovers\n|-damage|p1a: Dachsbun|23/254 tox|[from] psn\n|upkeep\n|turn|17\n|-message|CounterTERAismUnit forfeited.\n|\n|win|Dezurom\n|raw|CounterTERAismUnit's rating: 1818 &rarr; <strong>1799</strong><br />(-19 for losing)\n|raw|Dezurom's rating: 1837 &rarr; <strong>1856</strong><br />(+19 for winning)\n|l|‽CounterTERAismUnit\n|player|p1|\n", "inputlog": ">version 686819e5e19f8a7fd2345cfc5a08a5085efa2cc3\n>start {\"formatid\":\"gen9randombattle\",\"seed\":\"sodium,244300608b2182811eaafbf680399b3f\",\"rated\":\"Rated battle\"}\n>player p1 {\"name\":\"CounterTERAismUnit\",\"avatar\":\"diantha-masters\",\"rating\":1818,\"seed\":\"sodium,2fed5f194adefef5a41c47af8b2ebede\"}\n>player p2 {\"name\":\"Dezurom\",\"avatar\":\"steven\",\"rating\":1837,\"seed\":\"sodium,e5221fda0f06a40703593a5e2e34159f\"}\n>p1 move willowisp\n>p2 move uturn\n>p2 switch 3\n>p1 move stoneedge\n>p2 move calmmind\n>p1 move stoneedge\n>p2 move thunderbolt\n>p1 move rapidspin\n>p2 move thunderbolt\n>p1 switch 4\n>p1 move protect\n>p2 move thunderclap\n>p1 move playrough\n>p2 move thunderbolt\n>p2 switch 3\n>p1 move protect\n>p2 move moonblast\n>p1 move wish\n>p2 move moonblast\n>p1 switch 2\n>p2 move moonblast\n>p1 move scald\n>p2 move uturn\n>p2 switch 2\n>p1 switch 6\n>p2 move bravebird\n>p1 move rockpolish\n>p2 switch 2\n>p1 move stoneedge\n>p2 move moonblast\n>p1 move stoneedge\n>p2 move moonblast\n>p1 switch 3\n>p1 move psystrike\n>p2 move gunkshot terastallize\n>p1 switch 2\n>p2 move gunkshot\n>forcelose p1", "uploadtime": 1771190676, "views": 8, "formatid": "gen9randombattle", "rating": 1799, "private": 0, "password": null}