{"id": "gen9randombattle-2540163093", "format": "[Gen 9] Random Battle", "players": ["blaze2001", "Dmacriz"], "log": "|j|☆blaze2001\n|j|☆Dmacriz\n|t:|1771170509\n|gametype|singles\n|player|p1|blaze2001|102|1662\n|player|p2|Dmacriz|cyrus|1677\n|gen|9\n|tier|[Gen 9] Random Battle\n|rated|\n|rule|Species Clause: Limit one of each Pokémon\n|rule|HP Percentage Mod: HP is shown in percentages\n|rule|Sleep Clause Mod: Limit one foe put to sleep\n|rule|Illusion Level Mod: Illusion disguises the Pokémon's true level\n|\n|t:|1771170509\n|teamsize|p1|6\n|teamsize|p2|6\n|start\n|switch|p1a: Dedenne|Dedenne, L88, F|261/261\n|switch|p2a: Hawlucha|Hawlucha, L80, F|256/256\n|turn|1\n|\n|t:|1771170524\n|switch|p2a: Iron Treads|Iron Treads, L77|265/265\n|move|p1a: Dedenne|Thunderbolt|p2a: Iron Treads\n|-immune|p2a: Iron Treads\n|\n|upkeep\n|turn|2\n|\n|t:|1771170531\n|move|p1a: Dedenne|U-turn|p2a: Iron Treads\n|-resisted|p2a: Iron Treads\n|-damage|p2a: Iron Treads|250/265\n|\n|t:|1771170549\n|switch|p1a: Iron Valiant|Iron Valiant, L78|244/244|[from] U-turn\n|move|p2a: Iron Treads|Stealth Rock|p1a: Iron Valiant\n|-sidestart|p1: blaze2001|move: Stealth Rock\n|\n|-heal|p2a: Iron Treads|265/265|[from] item: Leftovers\n|upkeep\n|turn|3\n|\n|t:|1771170567\n|-end|p2a: Iron Treads|Quark Drive|[silent]\n|switch|p2a: Mew|Mew, L82|298/298\n|move|p1a: Iron Valiant|Close Combat|p2a: Mew\n|-resisted|p2a: Mew\n|-damage|p2a: Mew|214/298\n|-unboost|p1a: Iron Valiant|def|1\n|-unboost|p1a: Iron Valiant|spd|1\n|-damage|p1a: Iron Valiant|220/244|[from] item: Life Orb\n|\n|upkeep\n|turn|4\n|\n|t:|1771170589\n|move|p1a: Iron Valiant|Knock Off|p2a: Mew\n|-supereffective|p2a: Mew\n|-damage|p2a: Mew|29/298\n|-enditem|p2a: Mew|Life Orb|[from] move: Knock Off|[of] p1a: Iron Valiant\n|-damage|p1a: Iron Valiant|196/244|[from] item: Life Orb\n|move|p2a: Mew|Psychic|p1a: Iron Valiant\n|-supereffective|p1a: Iron Valiant\n|-crit|p1a: Iron Valiant\n|-damage|p1a: Iron Valiant|0 fnt\n|faint|p1a: Iron Valiant\n|-end|p1a: Iron Valiant|Quark Drive|[silent]\n|\n|upkeep\n|\n|t:|1771170601\n|switch|p1a: Cetitan|Cetitan, L82, M|413/413\n|-damage|p1a: Cetitan|310/413|[from] Stealth Rock\n|turn|5\n|\n|t:|1771170608\n|switch|p2a: Incineroar|Incineroar, L82, M|290/290\n|-ability|p2a: Incineroar|Intimidate|boost\n|-unboost|p1a: Cetitan|atk|1\n|move|p1a: Cetitan|Ice Shard|p2a: Incineroar\n|-resisted|p2a: Incineroar\n|-damage|p2a: Incineroar|271/290\n|-damage|p1a: Cetitan|269/413|[from] item: Life Orb\n|\n|upkeep\n|turn|6\n|\n|t:|1771170617\n|switch|p2a: Eelektross|Eelektross, L87, M|290/290\n|move|p1a: Cetitan|Liquidation|p2a: Eelektross\n|-damage|p2a: Eelektross|209/290\n|\n|upkeep\n|turn|7\n|\n|t:|1771170628\n|move|p1a: Cetitan|Icicle Crash|p2a: Eelektross\n|-damage|p2a: Eelektross|96/290\n|move|p2a: Eelektross|U-turn|p1a: Cetitan\n|-crit|p1a: Cetitan\n|-damage|p1a: Cetitan|155/413\n|\n|t:|1771170650\n|switch|p2a: Mew|Mew, L82|29/298|[from] U-turn\n|\n|upkeep\n|turn|8\n|\n|t:|1771170656\n|switch|p2a: Incineroar|Incineroar, L82, M|271/290\n|-ability|p2a: Incineroar|Intimidate|boost\n|-unboost|p1a: Cetitan|atk|1\n|move|p1a: Cetitan|Ice Shard|p2a: Incineroar\n|-resisted|p2a: Incineroar\n|-damage|p2a: Incineroar|255/290\n|-damage|p1a: Cetitan|114/413|[from] item: Life Orb\n|\n|upkeep\n|turn|9\n|\n|t:|1771170666\n|move|p1a: Cetitan|Liquidation|p2a: Incineroar\n|-supereffective|p2a: Incineroar\n|-damage|p2a: Incineroar|141/290\n|move|p2a: Incineroar|Knock Off|p1a: Cetitan\n|-damage|p1a: Cetitan|0 fnt\n|-enditem|p1a: Cetitan|Life Orb|[from] move: Knock Off|[of] p2a: Incineroar\n|faint|p1a: Cetitan\n|\n|upkeep\n|\n|t:|1771170707\n|switch|p1a: Dedenne|Dedenne, L88, F|261/261\n|-damage|p1a: Dedenne|229/261|[from] Stealth Rock\n|turn|10\n|\n|t:|1771170726\n|move|p1a: Dedenne|Super Fang|p2a: Incineroar\n|-damage|p2a: Incineroar|71/290\n|move|p2a: Incineroar|Knock Off|p1a: Dedenne\n|-resisted|p1a: Dedenne\n|-damage|p1a: Dedenne|155/261\n|-enditem|p1a: Dedenne|Sitrus Berry|[from] move: Knock Off|[of] p2a: Incineroar\n|\n|upkeep\n|turn|11\n|\n|t:|1771170743\n|switch|p2a: Iron Treads|Iron Treads, L77|265/265\n|move|p1a: Dedenne|Thunderbolt|p2a: Iron Treads\n|-immune|p2a: Iron Treads\n|\n|upkeep\n|turn|12\n|\n|t:|1771170750\n|move|p1a: Dedenne|Super Fang|p2a: Iron Treads|[miss]\n|-miss|p1a: Dedenne|p2a: Iron Treads\n|move|p2a: Iron Treads|Rapid Spin|p1a: Dedenne\n|-damage|p1a: Dedenne|110/261\n|-boost|p2a: Iron Treads|spe|1\n|\n|upkeep\n|turn|13\n|\n|t:|1771170758\n|move|p2a: Iron Treads|Earthquake|p1a: Dedenne\n|-supereffective|p1a: Dedenne\n|-damage|p1a: Dedenne|0 fnt\n|faint|p1a: Dedenne\n|\n|upkeep\n|\n|t:|1771170763\n|switch|p1a: Heatran|Heatran, L79, M|273/273\n|-damage|p1a: Heatran|239/273|[from] Stealth Rock\n|-item|p1a: Heatran|Air Balloon\n|turn|14\n|\n|t:|1771170772\n|move|p2a: Iron Treads|Rapid Spin|p1a: Heatran\n|-resisted|p1a: Heatran\n|-damage|p1a: Heatran|224/273\n|-boost|p2a: Iron Treads|spe|1\n|-enditem|p1a: Heatran|Air Balloon\n|move|p1a: Heatran|Magma Storm|p2a: Iron Treads\n|-supereffective|p2a: Iron Treads\n|-damage|p2a: Iron Treads|0 fnt\n|faint|p2a: Iron Treads\n|-end|p2a: Iron Treads|Quark Drive|[silent]\n|\n|upkeep\n|\n|t:|1771170790\n|switch|p2a: Hawlucha|Hawlucha, L80, F|256/256\n|turn|15\n|\n|t:|1771170817\n|move|p2a: Hawlucha|Close Combat|p1a: Heatran\n|-supereffective|p1a: Heatran\n|-damage|p1a: Heatran|32/273\n|-unboost|p2a: Hawlucha|def|1\n|-unboost|p2a: Hawlucha|spd|1\n|-enditem|p2a: Hawlucha|White Herb\n|-clearnegativeboost|p2a: Hawlucha|[silent]\n|move|p1a: Heatran|Magma Storm|p2a: Hawlucha\n|-damage|p2a: Hawlucha|97/256\n|-activate|p2a: Hawlucha|move: Magma Storm|[of] p1a: Heatran\n|\n|-damage|p2a: Hawlucha|65/256|[from] move: Magma Storm|[partiallytrapped]\n|upkeep\n|turn|16\n|\n|t:|1771170832\n|move|p2a: Hawlucha|Close Combat|p1a: Heatran\n|-supereffective|p1a: Heatran\n|-damage|p1a: Heatran|0 fnt\n|-unboost|p2a: Hawlucha|def|1\n|-unboost|p2a: Hawlucha|spd|1\n|faint|p1a: Heatran\n|\n|-end|p2a: Hawlucha|Magma Storm|[partiallytrapped]|[silent]\n|upkeep\n|\n|t:|1771170843\n|switch|p1a: Rabsca|Rabsca, L91, F|284/284\n|turn|17\n|\n|t:|1771170853\n|move|p2a: Hawlucha|Close Combat|p1a: Rabsca\n|-resisted|p1a: Rabsca\n|-damage|p1a: Rabsca|255/284\n|-unboost|p2a: Hawlucha|def|1\n|-unboost|p2a: Hawlucha|spd|1\n|move|p1a: Rabsca|Psychic|p2a: Hawlucha\n|-supereffective|p2a: Hawlucha\n|-damage|p2a: Hawlucha|0 fnt\n|faint|p2a: Hawlucha\n|\n|upkeep\n|\n|t:|1771170863\n|switch|p2a: Incineroar|Incineroar, L82, M|71/290\n|-ability|p2a: Incineroar|Intimidate|boost\n|-unboost|p1a: Rabsca|atk|1\n|turn|18\n|\n|t:|1771170876\n|move|p2a: Incineroar|Flare Blitz|p1a: Rabsca\n|-supereffective|p1a: Rabsca\n|-damage|p1a: Rabsca|0 fnt\n|faint|p1a: Rabsca\n|-damage|p2a: Incineroar|0 fnt|[from] Recoil\n|faint|p2a: Incineroar\n|\n|upkeep\n|\n|t:|1771170884\n|switch|p2a: Mew|Mew, L82|29/298\n|switch|p1a: Spidops|Spidops, L96, F|271/271\n|turn|19\n|\n|t:|1771170893\n|move|p2a: Mew|Psychic|p1a: Spidops\n|-damage|p1a: Spidops|186/271\n|-unboost|p1a: Spidops|spd|1\n|move|p1a: Spidops|Knock Off|p2a: Mew\n|-supereffective|p2a: Mew\n|-damage|p2a: Mew|0 fnt\n|faint|p2a: Mew\n|\n|upkeep\n|\n|t:|1771170901\n|switch|p2a: Eelektross|Eelektross, L87, M|96/290\n|turn|20\n|\n|t:|1771170906\n|move|p2a: Eelektross|Discharge|p1a: Spidops\n|-damage|p1a: Spidops|50/271\n|move|p1a: Spidops|U-turn|p2a: Eelektross\n|-damage|p2a: Eelektross|9/290\n|\n|upkeep\n|turn|21\n|-message|blaze2001 forfeited.\n|\n|win|Dmacriz\n|raw|blaze2001's rating: 1662 &rarr; <strong>1643</strong><br />(-19 for losing)\n|raw|Dmacriz's rating: 1677 &rarr; <strong>1696</strong><br />(+19 for winning)\n|l|☆blaze2001\n|player|p1|\n", "inputlog": ">version 686819e5e19f8a7fd2345cfc5a08a5085efa2cc3\n>start {\"formatid\":\"gen9randombattle\",\"seed\":\"sodium,0a757f81b861bb46204a41f2f65a12f9\",\"rated\":\"Rated battle\"}\n>player p1 {\"name\":\"blaze2001\",\"avatar\":\"102\",\"rating\":1662,\"seed\":\"sodium,4467d46a86bb131f7a90414b4f58fe61\"}\n>player p2 {\"name\":\"Dmacriz\",\"avatar\":\"cyrus\",\"rating\":1677,\"seed\":\"sodium,05a579b44b42be2f8ab8748b058d4e12\"}\n>p1 move thunderbolt\n>p2 switch 4\n>p1 move uturn\n>p2 move stealthrock\n>p1 switch 5\n>p1 move closecombat\n>p2 switch 6\n>p1 move knockoff\n>p2 move psychic\n>p1 switch 2\n>p1 move iceshard\n>p2 switch 2\n>p1 move liquidation\n>p2 switch 3\n>p1 move iciclecrash\n>p2 move uturn\n>p2 switch 2\n>p1 move iceshard\n>p2 switch 3\n>p1 move liquidation\n>p2 move knockoff\n>p1 switch 5\n>p1 move superfang\n>p2 move knockoff\n>p1 move thunderbolt\n>p2 switch 6\n>p1 move superfang\n>p2 move rapidspin\n>p1 move superfang\n>p2 move earthquake\n>p1 switch 6\n>p1 move magmastorm\n>p2 move rapidspin\n>p2 switch 4\n>p1 move magmastorm\n>p2 move closecombat\n>p1 move heavyslam\n>p2 move closecombat\n>p1 switch 3\n>p1 move psychic\n>p2 move closecombat\n>p2 switch 6\n>p1 move bugbuzz\n>p2 move flareblitz\n>p1 switch 4\n>p2 switch 3\n>p1 move knockoff\n>p2 move psychic\n>p2 switch 2\n>p1 move uturn\n>p2 move discharge\n>forcelose p1", "uploadtime": 1771170913, "views": 12, "formatid": "gen9randombattle", "rating": 1643, "private": 0, "password": null}