{"id": "gen9randombattle-2540795154", "format": "[Gen 9] Random Battle", "players": ["Last guy standing", "A ninja kiwi"], "log": "|j|☆Last guy standing\n|j|☆A ninja kiwi\n|t:|1771254821\n|gametype|singles\n|player|p1|Last guy standing|pokekid|2104\n|player|p2|A ninja kiwi|koga|2124\n|gen|9\n|tier|[Gen 9] Random Battle\n|rated|\n|rule|Species Clause: Limit one of each Pokémon\n|rule|HP Percentage Mod: HP is shown in percentages\n|rule|Sleep Clause Mod: Limit one foe put to sleep\n|rule|Illusion Level Mod: Illusion disguises the Pokémon's true level\n|\n|t:|1771254821\n|teamsize|p1|6\n|teamsize|p2|6\n|start\n|switch|p1a: Indeedee|Indeedee, L84, M|238/238\n|switch|p2a: Meloetta|Meloetta, L82|298/298\n|-fieldstart|move: Psychic Terrain|[from] ability: Psychic Surge|[of] p1a: Indeedee\n|turn|1\n|j| Azeril\n|inactive|Battle timer is ON: inactive players will automatically lose when time's up. (requested by A ninja kiwi)\n|l| Azeril\n|\n|t:|1771254852\n|switch|p1a: Jirachi|Jirachi, L80|291/291\n|move|p2a: Meloetta|U-turn|p1a: Jirachi\n|-damage|p1a: Jirachi|255/291\n|\n|t:|1771254871\n|switch|p2a: Mienshao|Mienshao, L83, F|244/244|[from] U-turn\n|\n|-heal|p1a: Jirachi|273/291|[from] item: Leftovers\n|upkeep\n|turn|2\n|\n|t:|1771254879\n|move|p1a: Jirachi|Protect|p1a: Jirachi\n|-singleturn|p1a: Jirachi|Protect\n|move|p2a: Mienshao|Knock Off|p1a: Jirachi\n|-activate|p1a: Jirachi|move: Protect\n|\n|-heal|p1a: Jirachi|291/291|[from] item: Leftovers\n|upkeep\n|turn|3\n|inactive|A ninja kiwi has 120 seconds left.\n|\n|t:|1771254923\n|move|p2a: Mienshao|Knock Off|p1a: Jirachi\n|-supereffective|p1a: Jirachi\n|-damage|p1a: Jirachi|129/291\n|-enditem|p1a: Jirachi|Leftovers|[from] move: Knock Off|[of] p2a: Mienshao\n|move|p1a: Jirachi|Body Slam|p2a: Mienshao\n|-damage|p2a: Mienshao|167/244\n|-status|p2a: Mienshao|par\n|\n|upkeep\n|turn|4\n|\n|t:|1771254936\n|switch|p2a: Ursaring|Ursaring, L84, M|288/288\n|move|p1a: Jirachi|Wish|p1a: Jirachi\n|\n|upkeep\n|turn|5\n|\n|t:|1771254953\n|move|p1a: Jirachi|Body Slam|p2a: Ursaring\n|-damage|p2a: Ursaring|249/288\n|-status|p2a: Ursaring|par\n|cant|p2a: Ursaring|par\n|\n|-heal|p1a: Jirachi|274/291|[from] move: Wish|[wisher] Jirachi\n|-fieldend|move: Psychic Terrain\n|upkeep\n|turn|6\n|\n|t:|1771254959\n|move|p1a: Jirachi|Iron Head|p2a: Ursaring\n|-damage|p2a: Ursaring|194/288 par\n|cant|p2a: Ursaring|flinch\n|\n|upkeep\n|turn|7\n|\n|t:|1771254964\n|move|p1a: Jirachi|Iron Head|p2a: Ursaring\n|-damage|p2a: Ursaring|136/288 par\n|cant|p2a: Ursaring|flinch\n|\n|upkeep\n|turn|8\n|\n|t:|1771254967\n|move|p1a: Jirachi|Iron Head|p2a: Ursaring\n|-crit|p2a: Ursaring\n|-damage|p2a: Ursaring|37/288 par\n|cant|p2a: Ursaring|flinch\n|\n|upkeep\n|turn|9\n|\n|t:|1771254979\n|move|p1a: Jirachi|Iron Head|p2a: Ursaring\n|-damage|p2a: Ursaring|0 fnt\n|faint|p2a: Ursaring\n|\n|upkeep\n|\n|t:|1771254982\n|switch|p2a: Regirock|Regirock, L83|268/268\n|turn|10\n|\n|t:|1771254988\n|switch|p1a: Lanturn|Lanturn, L89, F|367/367\n|move|p2a: Regirock|Curse|p2a: Regirock\n|-unboost|p2a: Regirock|spe|1\n|-boost|p2a: Regirock|atk|1\n|-boost|p2a: Regirock|def|1\n|\n|upkeep\n|turn|11\n|\n|t:|1771254995\n|switch|p2a: Calyrex|Calyrex, L93|337/337\n|-ability|p2a: Calyrex|Unnerve\n|move|p1a: Lanturn|Scald|p2a: Calyrex\n|-resisted|p2a: Calyrex\n|-damage|p2a: Calyrex|300/337\n|\n|-heal|p2a: Calyrex|321/337|[from] item: Leftovers\n|upkeep\n|turn|12\n|\n|t:|1771255010\n|switch|p1a: Pachirisu|Pachirisu, L96, F|271/271\n|move|p2a: Calyrex|Giga Drain|p1a: Pachirisu\n|-damage|p1a: Pachirisu|223/271\n|-heal|p2a: Calyrex|337/337|[from] drain|[of] p1a: Pachirisu\n|\n|upkeep\n|turn|13\n|\n|t:|1771255020\n|move|p1a: Pachirisu|Nuzzle|p2a: Calyrex\n|-resisted|p2a: Calyrex\n|-damage|p2a: Calyrex|328/337\n|-status|p2a: Calyrex|par\n|move|p2a: Calyrex|Psychic|p1a: Pachirisu\n|-crit|p1a: Pachirisu\n|-damage|p1a: Pachirisu|130/271\n|\n|-heal|p2a: Calyrex|337/337 par|[from] item: Leftovers\n|upkeep\n|turn|14\n|\n|t:|1771255027\n|move|p1a: Pachirisu|Super Fang|p2a: Calyrex\n|-damage|p2a: Calyrex|169/337 par\n|move|p2a: Calyrex|Giga Drain|p1a: Pachirisu\n|-damage|p1a: Pachirisu|76/271\n|-heal|p2a: Calyrex|196/337 par|[from] drain|[of] p1a: Pachirisu\n|\n|-heal|p2a: Calyrex|217/337 par|[from] item: Leftovers\n|upkeep\n|turn|15\n|\n|t:|1771255043\n|move|p1a: Pachirisu|U-turn|p2a: Calyrex\n|-supereffective|p2a: Calyrex\n|-damage|p2a: Calyrex|65/337 par\n|\n|t:|1771255046\n|switch|p1a: Jirachi|Jirachi, L80|274/291|[from] U-turn\n|cant|p2a: Calyrex|par\n|\n|-heal|p2a: Calyrex|86/337 par|[from] item: Leftovers\n|upkeep\n|turn|16\n|\n|t:|1771255049\n|move|p1a: Jirachi|Iron Head|p2a: Calyrex\n|-damage|p2a: Calyrex|8/337 par\n|move|p2a: Calyrex|Giga Drain|p1a: Jirachi\n|-resisted|p1a: Jirachi\n|-damage|p1a: Jirachi|237/291\n|-heal|p2a: Calyrex|27/337 par|[from] drain|[of] p1a: Jirachi\n|\n|-heal|p2a: Calyrex|48/337 par|[from] item: Leftovers\n|upkeep\n|turn|17\n|\n|t:|1771255053\n|move|p1a: Jirachi|Iron Head|p2a: Calyrex\n|-damage|p2a: Calyrex|0 fnt\n|faint|p2a: Calyrex\n|\n|upkeep\n|\n|t:|1771255059\n|switch|p2a: Regirock|Regirock, L83|268/268\n|turn|18\n|j| Azeril\n|inactive|Last guy standing has 120 seconds left.\n|\n|t:|1771255094\n|switch|p1a: Lanturn|Lanturn, L89, F|367/367\n|move|p2a: Regirock|Curse|p2a: Regirock\n|-unboost|p2a: Regirock|spe|1\n|-boost|p2a: Regirock|atk|1\n|-boost|p2a: Regirock|def|1\n|\n|upkeep\n|turn|19\n|\n|t:|1771255111\n|switch|p2a: Mienshao|Mienshao, L83, F|244/244 par\n|move|p1a: Lanturn|Scald|p2a: Mienshao\n|-damage|p2a: Mienshao|168/244 par\n|\n|upkeep\n|turn|20\n|\n|t:|1771255116\n|move|p1a: Lanturn|Thunderbolt|p2a: Mienshao\n|-damage|p2a: Mienshao|83/244 par\n|cant|p2a: Mienshao|par\n|\n|upkeep\n|turn|21\n|\n|t:|1771255121\n|move|p1a: Lanturn|Thunderbolt|p2a: Mienshao\n|-damage|p2a: Mienshao|0 fnt\n|faint|p2a: Mienshao\n|\n|upkeep\n|\n|t:|1771255126\n|switch|p2a: Meloetta|Meloetta, L82|298/298\n|turn|22\n|\n|t:|1771255131\n|move|p2a: Meloetta|Hyper Voice|p1a: Lanturn\n|-damage|p1a: Lanturn|181/367\n|move|p1a: Lanturn|Thunder Wave|p2a: Meloetta\n|-status|p2a: Meloetta|par\n|\n|-heal|p1a: Lanturn|203/367|[from] item: Leftovers\n|upkeep\n|turn|23\n|\n|t:|1771255136\n|switch|p1a: Jirachi|Jirachi, L80|237/291\n|move|p2a: Meloetta|Hyper Voice|p1a: Jirachi\n|-resisted|p1a: Jirachi\n|-damage|p1a: Jirachi|158/291\n|\n|upkeep\n|turn|24\n|\n|t:|1771255140\n|move|p1a: Jirachi|Iron Head|p2a: Meloetta\n|-damage|p2a: Meloetta|213/298 par\n|cant|p2a: Meloetta|flinch\n|\n|upkeep\n|turn|25\n|\n|t:|1771255143\n|move|p1a: Jirachi|Wish|p1a: Jirachi\n|move|p2a: Meloetta|Hyper Voice|p1a: Jirachi\n|-resisted|p1a: Jirachi\n|-damage|p1a: Jirachi|79/291\n|\n|upkeep\n|turn|26\n|\n|t:|1771255148\n|move|p1a: Jirachi|Iron Head|p2a: Meloetta\n|-damage|p2a: Meloetta|117/298 par\n|move|p2a: Meloetta|Hyper Voice|p1a: Jirachi\n|-resisted|p1a: Jirachi\n|-damage|p1a: Jirachi|3/291\n|\n|-heal|p1a: Jirachi|148/291|[from] move: Wish|[wisher] Jirachi\n|upkeep\n|turn|27\n|\n|t:|1771255152\n|move|p1a: Jirachi|Iron Head|p2a: Meloetta\n|-damage|p2a: Meloetta|23/298 par\n|cant|p2a: Meloetta|par\n|\n|upkeep\n|turn|28\n|\n|t:|1771255156\n|move|p1a: Jirachi|Wish|p1a: Jirachi\n|move|p2a: Meloetta|Hyper Voice|p1a: Jirachi\n|-resisted|p1a: Jirachi\n|-damage|p1a: Jirachi|61/291\n|\n|upkeep\n|turn|29\n|\n|t:|1771255158\n|move|p1a: Jirachi|Iron Head|p2a: Meloetta\n|-damage|p2a: Meloetta|0 fnt\n|faint|p2a: Meloetta\n|\n|-heal|p1a: Jirachi|206/291|[from] move: Wish|[wisher] Jirachi\n|upkeep\n|\n|t:|1771255160\n|switch|p2a: Regirock|Regirock, L83|268/268\n|turn|30\n|\n|t:|1771255165\n|move|p1a: Jirachi|Iron Head|p2a: Regirock\n|-supereffective|p2a: Regirock\n|-damage|p2a: Regirock|182/268\n|cant|p2a: Regirock|flinch\n|\n|upkeep\n|turn|31\n|\n|t:|1771255168\n|move|p1a: Jirachi|Iron Head|p2a: Regirock\n|-supereffective|p2a: Regirock\n|-damage|p2a: Regirock|98/268\n|cant|p2a: Regirock|flinch\n|\n|upkeep\n|turn|32\n|\n|t:|1771255170\n|move|p1a: Jirachi|Iron Head|p2a: Regirock\n|-supereffective|p2a: Regirock\n|-damage|p2a: Regirock|14/268\n|cant|p2a: Regirock|flinch\n|\n|upkeep\n|turn|33\n|c|☆Last guy standing|just forfeit man\n|c|☆A ninja kiwi|well this was fun\n|c|☆Last guy standing|it's harsh\n|c|☆Last guy standing|to see\n|inactive|A ninja kiwi has 120 seconds left.\n|c|☆A ninja kiwi|thank you showdown for this team\n|c|☆Last guy standing|I know, I hope you have some good ones ahead\n|c| Azeril|continue\n|c|☆A ninja kiwi|yeah i was playing for some minute chance\n|c|☆A ninja kiwi|gg\n|-message|A ninja kiwi forfeited.\n|\n|win|Last guy standing\n|raw|Last guy standing's rating: 2104 &rarr; <strong>2125</strong><br />(+21 for winning)\n|raw|A ninja kiwi's rating: 2124 &rarr; <strong>2103</strong><br />(-21 for losing)\n|l|☆A ninja kiwi\n|player|p2|\n", "inputlog": ">version 686819e5e19f8a7fd2345cfc5a08a5085efa2cc3\n>start {\"formatid\":\"gen9randombattle\",\"seed\":\"sodium,f43c3d7829a731ecff971349e6a29e7e\",\"rated\":\"Rated battle\"}\n>player p1 {\"name\":\"Last guy standing\",\"avatar\":\"pokekid\",\"rating\":2104,\"seed\":\"sodium,5084b7206a805856d0afca04e64934da\"}\n>player p2 {\"name\":\"A ninja kiwi\",\"avatar\":\"koga\",\"rating\":2124,\"seed\":\"sodium,beae84271b912d19cbb3a02892fb6792\"}\n>p1 switch 2\n>p2 move uturn\n>p2 switch 3\n>p1 move protect\n>p2 move knockoff\n>p1 move bodyslam\n>p2 move knockoff\n>p1 move wish\n>p2 switch 6\n>p1 move bodyslam\n>p2 move bodyslam\n>p1 move ironhead\n>p2 move bodyslam\n>p1 move ironhead\n>p2 move rest\n>p1 move ironhead\n>p2 move rest\n>p1 move ironhead\n>p2 move rest\n>p2 switch 4\n>p1 switch 4\n>p2 move curse\n>p1 move scald\n>p2 switch 5\n>p1 switch 3\n>p2 move gigadrain\n>p1 move nuzzle\n>p2 move psychic\n>p1 move superfang\n>p2 move gigadrain\n>p1 move uturn\n>p2 move gigadrain\n>p1 switch 4\n>p1 move ironhead\n>p2 move gigadrain\n>p1 move ironhead\n>p2 move gigadrain\n>p2 switch 5\n>p1 switch 3\n>p2 move curse\n>p1 move scald\n>p2 switch 6\n>p1 move thunderbolt\n>p2 move knockoff\n>p1 move thunderbolt\n>p2 move knockoff\n>p2 switch 3\n>p1 move thunderwave\n>p2 move hypervoice\n>p1 switch 3\n>p2 move hypervoice\n>p1 move ironhead\n>p2 move hypervoice\n>p1 move wish\n>p2 move hypervoice\n>p1 move ironhead\n>p2 move hypervoice\n>p1 move ironhead\n>p2 move hypervoice\n>p1 move wish\n>p2 move hypervoice\n>p1 move ironhead\n>p2 move hypervoice\n>p2 switch 6\n>p1 move ironhead\n>p2 move curse\n>p1 move ironhead\n>p2 move curse\n>p1 move ironhead\n>p2 move curse\n>chat ☆Last guy standing|just forfeit man\n>chat ☆A ninja kiwi|well this was fun\n>chat ☆Last guy standing|it's harsh\n>chat ☆Last guy standing|to see \n>chat ☆A ninja kiwi|thank you showdown for this team\n>chat ☆Last guy standing|I know, I hope you have some good ones ahead\n>chat  Azeril|continue\n>chat ☆A ninja kiwi|yeah i was playing for some minute chance\n>chat ☆A ninja kiwi|gg\n>forcelose p2", "uploadtime": 1771255227, "views": 5, "formatid": "gen9randombattle", "rating": 2103, "private": 0, "password": null}