{"id": "gen9randombattle-2540887206", "format": "[Gen 9] Random Battle", "players": ["thecolortechnic", "burpmonster"], "log": "|j|☆thecolortechnic\n|j|☆burpmonster\n|t:|1771264061\n|gametype|singles\n|player|p1|thecolortechnic|170|1562\n|player|p2|burpmonster|firebreather|1557\n|gen|9\n|tier|[Gen 9] Random Battle\n|rated|\n|rule|Species Clause: Limit one of each Pokémon\n|rule|HP Percentage Mod: HP is shown in percentages\n|rule|Sleep Clause Mod: Limit one foe put to sleep\n|rule|Illusion Level Mod: Illusion disguises the Pokémon's true level\n|\n|t:|1771264061\n|teamsize|p1|6\n|teamsize|p2|6\n|start\n|switch|p1a: Mandibuzz|Mandibuzz, L85, F|326/326\n|switch|p2a: Magearna|Magearna, L77|250/250\n|turn|1\n|\n|t:|1771264069\n|move|p1a: Mandibuzz|Knock Off|p2a: Magearna\n|-resisted|p2a: Magearna\n|-damage|p2a: Magearna|211/250\n|-enditem|p2a: Magearna|Leftovers|[from] move: Knock Off|[of] p1a: Mandibuzz\n|move|p2a: Magearna|Fleur Cannon|p1a: Mandibuzz\n|-supereffective|p1a: Mandibuzz\n|-damage|p1a: Mandibuzz|30/326\n|-unboost|p2a: Magearna|spa|2\n|\n|upkeep\n|turn|2\n|\n|t:|1771264085\n|switch|p1a: Tentacruel|Tentacruel, L84, M|272/272\n|move|p2a: Magearna|Flash Cannon|p1a: Tentacruel\n|-resisted|p1a: Tentacruel\n|-crit|p1a: Tentacruel\n|-damage|p1a: Tentacruel|214/272\n|\n|-heal|p1a: Tentacruel|231/272|[from] item: Leftovers\n|upkeep\n|turn|3\n|\n|t:|1771264097\n|switch|p2a: Forretress|Forretress, L84, M|263/263\n|move|p1a: Tentacruel|Surf|p2a: Forretress\n|-damage|p2a: Forretress|160/263\n|\n|-heal|p1a: Tentacruel|248/272|[from] item: Leftovers\n|-heal|p2a: Forretress|176/263|[from] item: Leftovers\n|upkeep\n|turn|4\n|\n|t:|1771264105\n|move|p1a: Tentacruel|Surf|p2a: Forretress\n|-damage|p2a: Forretress|61/263\n|move|p2a: Forretress|Stealth Rock|p1a: Tentacruel\n|-sidestart|p1: thecolortechnic|move: Stealth Rock\n|\n|-heal|p1a: Tentacruel|265/272|[from] item: Leftovers\n|-heal|p2a: Forretress|77/263|[from] item: Leftovers\n|upkeep\n|turn|5\n|\n|t:|1771264110\n|switch|p2a: Vaporeon|Vaporeon, L86, M|364/364\n|move|p1a: Tentacruel|Surf|p2a: Vaporeon\n|-immune|p2a: Vaporeon|[from] ability: Water Absorb\n|\n|-heal|p1a: Tentacruel|272/272|[from] item: Leftovers\n|upkeep\n|turn|6\n|\n|t:|1771264126\n|switch|p1a: Rabsca|Rabsca, L91, F|284/284\n|move|p2a: Vaporeon|Calm Mind|p2a: Vaporeon\n|-boost|p2a: Vaporeon|spa|1\n|-boost|p2a: Vaporeon|spd|1\n|\n|upkeep\n|turn|7\n|\n|t:|1771264140\n|move|p2a: Vaporeon|Calm Mind|p2a: Vaporeon\n|-boost|p2a: Vaporeon|spa|1\n|-boost|p2a: Vaporeon|spd|1\n|move|p1a: Rabsca|Trick Room|p1a: Rabsca\n|-fieldstart|move: Trick Room|[of] p1a: Rabsca\n|\n|upkeep\n|turn|8\n|\n|t:|1771264146\n|move|p1a: Rabsca|Psychic|p2a: Vaporeon\n|-damage|p2a: Vaporeon|309/364\n|move|p2a: Vaporeon|Calm Mind|p2a: Vaporeon\n|-boost|p2a: Vaporeon|spa|1\n|-boost|p2a: Vaporeon|spd|1\n|\n|-heal|p2a: Vaporeon|331/364|[from] item: Leftovers\n|upkeep\n|turn|9\n|\n|t:|1771264150\n|move|p1a: Rabsca|Psychic|p2a: Vaporeon\n|-damage|p2a: Vaporeon|283/364\n|move|p2a: Vaporeon|Calm Mind|p2a: Vaporeon\n|-boost|p2a: Vaporeon|spa|1\n|-boost|p2a: Vaporeon|spd|1\n|\n|-heal|p2a: Vaporeon|305/364|[from] item: Leftovers\n|upkeep\n|turn|10\n|\n|t:|1771264160\n|switch|p1a: Torterra|Torterra, L78, M|276/276\n|-damage|p1a: Torterra|259/276|[from] Stealth Rock\n|move|p2a: Vaporeon|Calm Mind|p2a: Vaporeon\n|-boost|p2a: Vaporeon|spa|1\n|-boost|p2a: Vaporeon|spd|1\n|\n|-heal|p2a: Vaporeon|327/364|[from] item: Leftovers\n|upkeep\n|turn|11\n|\n|t:|1771264168\n|move|p2a: Vaporeon|Protect|p2a: Vaporeon\n|-singleturn|p2a: Vaporeon|Protect\n|move|p1a: Torterra|Bullet Seed|p2a: Vaporeon\n|-activate|p2a: Vaporeon|move: Protect\n|\n|-heal|p2a: Vaporeon|349/364|[from] item: Leftovers\n|-fieldend|move: Trick Room\n|upkeep\n|turn|12\n|\n|t:|1771264171\n|move|p2a: Vaporeon|Scald|p1a: Torterra\n|-damage|p1a: Torterra|0 fnt\n|faint|p1a: Torterra\n|\n|-heal|p2a: Vaporeon|364/364|[from] item: Leftovers\n|upkeep\n|-message|thecolortechnic forfeited.\n|\n|win|burpmonster\n|raw|thecolortechnic's rating: 1562 &rarr; <strong>1542</strong><br />(-20 for losing)\n|raw|burpmonster's rating: 1557 &rarr; <strong>1577</strong><br />(+20 for winning)\n", "inputlog": ">version 686819e5e19f8a7fd2345cfc5a08a5085efa2cc3\n>start {\"formatid\":\"gen9randombattle\",\"seed\":\"sodium,35fcce53f17d6f70337fea78ab377612\",\"rated\":\"Rated battle\"}\n>player p1 {\"name\":\"thecolortechnic\",\"avatar\":\"170\",\"rating\":1562,\"seed\":\"sodium,771915239ab2bc4a3cd9d7d90485699c\"}\n>player p2 {\"name\":\"burpmonster\",\"avatar\":\"firebreather\",\"rating\":1557,\"seed\":\"sodium,71e7fa33b7060961c11da8ae182e61e6\"}\n>p1 move knockoff\n>p2 move fleurcannon\n>p1 switch 6\n>p2 move flashcannon\n>p1 move surf\n>p2 switch 6\n>p1 move surf\n>p2 move stealthrock\n>p1 move surf\n>p2 switch 5\n>p1 switch 2\n>p2 move calmmind\n>p1 move trickroom\n>p2 move calmmind\n>p1 move psychic\n>p2 move calmmind\n>p1 move psychic\n>p2 move calmmind\n>p1 switch 3\n>p2 move calmmind\n>p1 move bulletseed\n>p2 move protect\n>p1 move shellsmash\n>p2 move scald\n>forcelose p1", "uploadtime": 1771264179, "views": 3, "formatid": "gen9randombattle", "rating": 1542, "private": 0, "password": null}