{"id": "gen9randombattle-2539965583", "format": "[Gen 9] Random Battle", "players": ["jpsauce", "Jkonek"], "log": "|j|☆jpsauce\n|j|☆Jkonek\n|t:|1771134776\n|gametype|singles\n|player|p1|jpsauce|170|1796\n|player|p2|Jkonek|bellelba|1756\n|gen|9\n|tier|[Gen 9] Random Battle\n|rated|\n|rule|Species Clause: Limit one of each Pokémon\n|rule|HP Percentage Mod: HP is shown in percentages\n|rule|Sleep Clause Mod: Limit one foe put to sleep\n|rule|Illusion Level Mod: Illusion disguises the Pokémon's true level\n|\n|t:|1771134776\n|teamsize|p1|6\n|teamsize|p2|6\n|start\n|switch|p1a: Probopass|Probopass, L91, M|257/257\n|switch|p2a: Brambleghast|Brambleghast, L88, F|240/240\n|turn|1\n|inactive|Battle timer is ON: inactive players will automatically lose when time's up. (requested by Jkonek)\n|\n|t:|1771134801\n|switch|p1a: Hydrapple|Hydrapple, L83, M|312/312\n|move|p2a: Brambleghast|Spikes|p1a: Hydrapple\n|-sidestart|p1: jpsauce|Spikes\n|\n|upkeep\n|turn|2\n|inactive|Jkonek has 120 seconds left.\n|inactive|Jkonek has 90 seconds left.\n|\n|t:|1771134873\n|switch|p2a: Ho-Oh|Ho-Oh, L71|268/268\n|move|p1a: Hydrapple|Fickle Beam|p2a: Ho-Oh\n|-damage|p2a: Ho-Oh|167/268\n|-damage|p1a: Hydrapple|281/312|[from] item: Life Orb\n|\n|upkeep\n|turn|3\n|\n|t:|1771134885\n|switch|p1a: Probopass|Probopass, L91, M|257/257\n|-damage|p1a: Probopass|225/257|[from] Spikes\n|move|p2a: Ho-Oh|Recover|p2a: Ho-Oh\n|-heal|p2a: Ho-Oh|268/268\n|\n|-heal|p1a: Probopass|241/257|[from] item: Leftovers\n|upkeep\n|turn|4\n|\n|t:|1771134894\n|move|p2a: Ho-Oh|Earthquake|p1a: Probopass\n|-supereffective|p1a: Probopass\n|-damage|p1a: Probopass|89/257\n|move|p1a: Probopass|Power Gem|p2a: Ho-Oh\n|-supereffective|p2a: Ho-Oh\n|-damage|p2a: Ho-Oh|36/268\n|\n|-heal|p1a: Probopass|105/257|[from] item: Leftovers\n|upkeep\n|turn|5\n|\n|t:|1771134914\n|switch|p2a: Krookodile|Krookodile, L80, F|283/283\n|-ability|p2a: Krookodile|Intimidate|boost\n|-unboost|p1a: Probopass|atk|1\n|switch|p1a: Milotic|Milotic, L83, M|293/293\n|-damage|p1a: Milotic|257/293|[from] Spikes\n|\n|-heal|p1a: Milotic|275/293|[from] item: Leftovers\n|upkeep\n|turn|6\n|\n|t:|1771134928\n|move|p2a: Krookodile|Knock Off|p1a: Milotic\n|-damage|p1a: Milotic|131/293\n|-enditem|p1a: Milotic|Leftovers|[from] move: Knock Off|[of] p2a: Krookodile\n|-damage|p2a: Krookodile|255/283|[from] item: Life Orb\n|move|p1a: Milotic|Ice Beam|p2a: Krookodile\n|-supereffective|p2a: Krookodile\n|-damage|p2a: Krookodile|81/283\n|\n|upkeep\n|turn|7\n|inactive|jpsauce has 120 seconds left.\n|\n|t:|1771134944\n|move|p2a: Krookodile|Earthquake|p1a: Milotic\n|-damage|p1a: Milotic|0 fnt\n|faint|p1a: Milotic\n|-damage|p2a: Krookodile|53/283|[from] item: Life Orb\n|\n|upkeep\n|inactive|jpsauce has 120 seconds left.\n|\n|t:|1771134960\n|switch|p1a: Tatsugiri|Tatsugiri, L87, F|260/260\n|turn|8\n|\n|t:|1771134967\n|move|p2a: Krookodile|Knock Off|p1a: Tatsugiri\n|-damage|p1a: Tatsugiri|75/260\n|-enditem|p1a: Tatsugiri|Heavy-Duty Boots|[from] move: Knock Off|[of] p2a: Krookodile\n|-damage|p2a: Krookodile|25/283|[from] item: Life Orb\n|move|p1a: Tatsugiri|Hydro Pump|p2a: Krookodile\n|-supereffective|p2a: Krookodile\n|-damage|p2a: Krookodile|0 fnt\n|faint|p2a: Krookodile\n|\n|upkeep\n|\n|t:|1771134984\n|switch|p2a: Brambleghast|Brambleghast, L88, F|240/240\n|turn|9\n|inactive|jpsauce has 120 seconds left.\n|\n|t:|1771135002\n|move|p2a: Brambleghast|Power Whip|p1a: Tatsugiri\n|-damage|p1a: Tatsugiri|0 fnt\n|faint|p1a: Tatsugiri\n|\n|upkeep\n|\n|t:|1771135007\n|switch|p1a: Vikavolt|Vikavolt, L83, F|263/263\n|turn|10\n|\n|t:|1771135021\n|move|p2a: Brambleghast|Poltergeist|p1a: Vikavolt\n|-activate|p1a: Vikavolt|move: Poltergeist|Heavy-Duty Boots\n|-crit|p1a: Vikavolt\n|-damage|p1a: Vikavolt|40/263\n|move|p1a: Vikavolt|Bug Buzz|p2a: Brambleghast\n|-damage|p2a: Brambleghast|89/240\n|\n|upkeep\n|turn|11\n|\n|t:|1771135042\n|move|p2a: Brambleghast|Poltergeist|p1a: Vikavolt\n|-activate|p1a: Vikavolt|move: Poltergeist|Heavy-Duty Boots\n|-damage|p1a: Vikavolt|0 fnt\n|faint|p1a: Vikavolt\n|\n|upkeep\n|inactive|jpsauce has 120 seconds left.\n|\n|t:|1771135053\n|switch|p1a: Vigoroth|Vigoroth, L85, M|275/275\n|-damage|p1a: Vigoroth|241/275|[from] Spikes\n|turn|12\n|\n|t:|1771135072\n|move|p2a: Brambleghast|Power Whip|p1a: Vigoroth\n|-damage|p1a: Vigoroth|130/275\n|move|p1a: Vigoroth|Bulk Up|p1a: Vigoroth\n|-boost|p1a: Vigoroth|atk|1\n|-boost|p1a: Vigoroth|def|1\n|\n|upkeep\n|turn|13\n|\n|t:|1771135090\n|move|p2a: Brambleghast|Spikes|p1a: Vigoroth\n|-sidestart|p1: jpsauce|Spikes\n|move|p1a: Vigoroth|Bulk Up|p1a: Vigoroth\n|-boost|p1a: Vigoroth|atk|1\n|-boost|p1a: Vigoroth|def|1\n|\n|upkeep\n|turn|14\n|inactive|Jkonek has 90 seconds left.\n|\n|t:|1771135118\n|move|p2a: Brambleghast|Power Whip|p1a: Vigoroth\n|-damage|p1a: Vigoroth|72/275\n|move|p1a: Vigoroth|Bulk Up|p1a: Vigoroth\n|-boost|p1a: Vigoroth|atk|1\n|-boost|p1a: Vigoroth|def|1\n|\n|upkeep\n|turn|15\n|\n|t:|1771135122\n|move|p2a: Brambleghast|Power Whip|p1a: Vigoroth\n|-damage|p1a: Vigoroth|23/275\n|move|p1a: Vigoroth|Slack Off|p1a: Vigoroth\n|-heal|p1a: Vigoroth|161/275\n|\n|upkeep\n|turn|16\n|\n|t:|1771135132\n|move|p2a: Brambleghast|Power Whip|p1a: Vigoroth\n|-damage|p1a: Vigoroth|116/275\n|move|p1a: Vigoroth|Earthquake|p2a: Brambleghast\n|-resisted|p2a: Brambleghast\n|-damage|p2a: Brambleghast|1/240\n|\n|upkeep\n|turn|17\n|\n|t:|1771135142\n|move|p2a: Brambleghast|Spikes|p1a: Vigoroth\n|-sidestart|p1: jpsauce|Spikes\n|move|p1a: Vigoroth|Earthquake|p2a: Brambleghast\n|-resisted|p2a: Brambleghast\n|-damage|p2a: Brambleghast|0 fnt\n|faint|p2a: Brambleghast\n|\n|upkeep\n|\n|t:|1771135145\n|switch|p2a: Klefki|Klefki, L84, M|233/233\n|turn|18\n|\n|t:|1771135149\n|move|p2a: Klefki|Magnet Rise|p2a: Klefki\n|-start|p2a: Klefki|Magnet Rise\n|move|p1a: Vigoroth|Earthquake|p2a: Klefki\n|-immune|p2a: Klefki\n|\n|upkeep\n|turn|19\n|inactive|Jkonek has 120 seconds left.\n|\n|t:|1771135175\n|move|p2a: Klefki|Thunder Wave|p1a: Vigoroth\n|-status|p1a: Vigoroth|par\n|cant|p1a: Vigoroth|par\n|\n|upkeep\n|turn|20\n|\n|t:|1771135180\n|move|p2a: Klefki|Play Rough|p1a: Vigoroth|[miss]\n|-miss|p2a: Klefki|p1a: Vigoroth\n|cant|p1a: Vigoroth|par\n|\n|upkeep\n|turn|21\n|\n|t:|1771135183\n|move|p2a: Klefki|Play Rough|p1a: Vigoroth\n|-damage|p1a: Vigoroth|94/275 par\n|move|p1a: Vigoroth|Slack Off|p1a: Vigoroth\n|-heal|p1a: Vigoroth|232/275 par\n|\n|upkeep\n|turn|22\n|inactive|Jkonek has 120 seconds left.\n|\n|t:|1771135194\n|switch|p2a: Dewgong|Dewgong, L94, F|322/322\n|cant|p1a: Vigoroth|par\n|\n|upkeep\n|turn|23\n|\n|t:|1771135201\n|move|p2a: Dewgong|Encore|p1a: Vigoroth\n|-start|p1a: Vigoroth|Encore\n|move|p1a: Vigoroth|Slack Off|p1a: Vigoroth\n|-heal|p1a: Vigoroth|275/275 par\n|\n|upkeep\n|turn|24\n|\n|t:|1771135209\n|switch|p1a: Probopass|Probopass, L91, M|105/257\n|-damage|p1a: Probopass|41/257|[from] Spikes\n|move|p2a: Dewgong|Knock Off|p1a: Probopass\n|-damage|p1a: Probopass|2/257\n|-enditem|p1a: Probopass|Leftovers|[from] move: Knock Off|[of] p2a: Dewgong\n|\n|upkeep\n|turn|25\n|inactive|Jkonek has 120 seconds left.\n|\n|t:|1771135249\n|move|p2a: Dewgong|Knock Off|p1a: Probopass\n|-damage|p1a: Probopass|0 fnt\n|faint|p1a: Probopass\n|\n|upkeep\n|\n|t:|1771135252\n|switch|p1a: Hydrapple|Hydrapple, L83, M|312/312\n|-damage|p1a: Hydrapple|234/312|[from] Spikes\n|turn|26\n|inactive|Jkonek has 120 seconds left.\n|\n|t:|1771135261\n|-terastallize|p1a: Hydrapple|Steel\n|move|p2a: Dewgong|Triple Axel|p1a: Hydrapple\n|-resisted|p1a: Hydrapple\n|-damage|p1a: Hydrapple|225/312\n|-resisted|p1a: Hydrapple\n|-damage|p1a: Hydrapple|207/312\n|-resisted|p1a: Hydrapple\n|-damage|p1a: Hydrapple|183/312\n|-hitcount|p1a: Hydrapple|3\n|move|p1a: Hydrapple|Giga Drain|p2a: Dewgong\n|-supereffective|p2a: Dewgong\n|-damage|p2a: Dewgong|117/322\n|-heal|p1a: Hydrapple|286/312|[from] drain|[of] p2a: Dewgong\n|-damage|p1a: Hydrapple|255/312|[from] item: Life Orb\n|\n|upkeep\n|turn|27\n|inactive|Jkonek has 120 seconds left.\n|\n|t:|1771135293\n|switch|p2a: Klefki|Klefki, L84, M|233/233\n|move|p1a: Hydrapple|Giga Drain|p2a: Klefki\n|-resisted|p2a: Klefki\n|-damage|p2a: Klefki|177/233\n|-heal|p1a: Hydrapple|283/312|[from] drain|[of] p2a: Klefki\n|-damage|p1a: Hydrapple|252/312|[from] item: Life Orb\n|\n|-heal|p2a: Klefki|191/233|[from] item: Leftovers\n|upkeep\n|turn|28\n|\n|t:|1771135300\n|move|p2a: Klefki|Thunder Wave|p1a: Hydrapple\n|-status|p1a: Hydrapple|par\n|cant|p1a: Hydrapple|par\n|\n|-heal|p2a: Klefki|205/233|[from] item: Leftovers\n|upkeep\n|turn|29\n|\n|t:|1771135321\n|move|p2a: Klefki|Magnet Rise|p2a: Klefki\n|-start|p2a: Klefki|Magnet Rise\n|move|p1a: Hydrapple|Nasty Plot|p1a: Hydrapple\n|-boost|p1a: Hydrapple|spa|2\n|\n|-heal|p2a: Klefki|219/233|[from] item: Leftovers\n|upkeep\n|turn|30\n|\n|t:|1771135329\n|move|p2a: Klefki|Play Rough|p1a: Hydrapple\n|-resisted|p1a: Hydrapple\n|-damage|p1a: Hydrapple|219/312 par\n|move|p1a: Hydrapple|Giga Drain|p2a: Klefki\n|-resisted|p2a: Klefki\n|-damage|p2a: Klefki|90/233\n|-heal|p1a: Hydrapple|284/312 par|[from] drain|[of] p2a: Klefki\n|-damage|p1a: Hydrapple|253/312 par|[from] item: Life Orb\n|\n|-heal|p2a: Klefki|104/233|[from] item: Leftovers\n|upkeep\n|turn|31\n|\n|t:|1771135336\n|move|p2a: Klefki|Play Rough|p1a: Hydrapple\n|-resisted|p1a: Hydrapple\n|-damage|p1a: Hydrapple|218/312 par\n|move|p1a: Hydrapple|Giga Drain|p2a: Klefki\n|-resisted|p2a: Klefki\n|-damage|p2a: Klefki|0 fnt\n|-heal|p1a: Hydrapple|270/312 par|[from] drain|[of] p2a: Klefki\n|faint|p2a: Klefki\n|-damage|p1a: Hydrapple|239/312 par|[from] item: Life Orb\n|\n|upkeep\n|\n|t:|1771135340\n|switch|p2a: Ho-Oh|Ho-Oh, L71|125/268\n|turn|32\n|\n|t:|1771135348\n|move|p2a: Ho-Oh|Sacred Fire|p1a: Hydrapple|[miss]\n|-miss|p2a: Ho-Oh|p1a: Hydrapple\n|cant|p1a: Hydrapple|par\n|\n|upkeep\n|turn|33\n|inactive|Jkonek has 120 seconds left.\n|\n|t:|1771135380\n|move|p2a: Ho-Oh|Sacred Fire|p1a: Hydrapple\n|-supereffective|p1a: Hydrapple\n|-damage|p1a: Hydrapple|75/312 par\n|move|p1a: Hydrapple|Fickle Beam|p2a: Ho-Oh\n|-crit|p2a: Ho-Oh\n|-damage|p2a: Ho-Oh|0 fnt\n|faint|p2a: Ho-Oh\n|-damage|p1a: Hydrapple|44/312 par|[from] item: Life Orb\n|\n|upkeep\n|\n|t:|1771135386\n|switch|p2a: Salamence|Salamence, L77, F|273/273\n|turn|34\n|\n|t:|1771135393\n|move|p2a: Salamence|Outrage|p1a: Hydrapple\n|-resisted|p1a: Hydrapple\n|-damage|p1a: Hydrapple|0 fnt\n|faint|p1a: Hydrapple\n|-ability|p2a: Salamence|Moxie|boost\n|-boost|p2a: Salamence|atk|1\n|\n|upkeep\n|\n|t:|1771135396\n|switch|p1a: Vigoroth|Vigoroth, L85, M|275/275 par\n|-damage|p1a: Vigoroth|207/275 par|[from] Spikes\n|turn|35\n|inactive|Jkonek has 120 seconds left.\n|\n|t:|1771135413\n|move|p2a: Salamence|Outrage|p1a: Vigoroth|[from] lockedmove\n|-crit|p1a: Vigoroth\n|-damage|p1a: Vigoroth|0 fnt\n|faint|p1a: Vigoroth\n|\n|win|Jkonek\n|raw|jpsauce's rating: 1796 &rarr; <strong>1774</strong><br />(-22 for losing)\n|raw|Jkonek's rating: 1756 &rarr; <strong>1778</strong><br />(+22 for winning)\n|c|☆jpsauce|gg\n", "inputlog": ">version 686819e5e19f8a7fd2345cfc5a08a5085efa2cc3\n>start {\"formatid\":\"gen9randombattle\",\"seed\":\"sodium,d6e90712c2f14e1afa350d46065e5a9b\",\"rated\":\"Rated battle\"}\n>player p1 {\"name\":\"jpsauce\",\"avatar\":\"170\",\"rating\":1796,\"seed\":\"sodium,c9b3d0e5dcaac35e57b9bbae1f2d876e\"}\n>player p2 {\"name\":\"Jkonek\",\"avatar\":\"bellelba\",\"rating\":1756,\"seed\":\"sodium,18829858c303f9e89ce7c61360fd5f5c\"}\n>p1 switch 6\n>p2 move spikes\n>p1 move ficklebeam\n>p2 switch 6\n>p1 switch 6\n>p2 move recover\n>p1 move powergem\n>p2 move earthquake\n>p1 switch 2\n>p2 switch 2\n>p1 move icebeam\n>p2 move knockoff\n>p1 move recover\n>p2 move earthquake\n>p1 switch 3\n>p1 move hydropump\n>p2 move knockoff\n>p2 switch 6\n>p1 move dracometeor\n>p2 move powerwhip\n>p1 switch 4\n>p1 move bugbuzz\n>p2 move poltergeist\n>p1 move bugbuzz\n>p2 move poltergeist\n>p1 switch 5\n>p1 move bulkup\n>p2 move powerwhip\n>p1 move bulkup\n>p2 move spikes\n>p1 move bulkup\n>p2 move powerwhip\n>p1 move slackoff\n>p2 move powerwhip\n>p1 move earthquake\n>p2 move powerwhip\n>p1 move earthquake\n>p2 move spikes\n>p2 switch 5\n>p1 move earthquake\n>p2 move magnetrise\n>p1 move slackoff\n>p2 move thunderwave\n>p1 move slackoff\n>p2 move playrough\n>p1 move slackoff\n>p2 move playrough\n>p1 move bodyslam\n>p2 switch 4\n>p1 move bodyslam\n>p2 move encore\n>p1 switch 2\n>p2 move knockoff\n>p1 move bodypress\n>p2 move knockoff\n>p1 switch 6\n>p1 move gigadrain terastallize\n>p2 move tripleaxel\n>p1 move gigadrain\n>p2 switch 4\n>p1 move nastyplot\n>p2 move thunderwave\n>p1 move nastyplot\n>p2 move magnetrise\n>p1 move gigadrain\n>p2 move playrough\n>p1 move gigadrain\n>p2 move playrough\n>p2 switch 2\n>p1 move ficklebeam\n>p2 move sacredfire\n>p1 move ficklebeam\n>p2 move sacredfire\n>p2 switch 3\n>p1 move ficklebeam\n>p2 move outrage\n>p1 switch 2\n>p1 move bodyslam\n>p2 move outrage", "uploadtime": 1771135417, "views": 14, "formatid": "gen9randombattle", "rating": 1774, "private": 0, "password": null}