{"id": "gen9randombattle-2540273877", "format": "[Gen 9] Random Battle", "players": ["Micael Lopes", "lerichededubai"], "log": "|j|☆Micael Lopes\n|j|☆lerichededubai\n|t:|1771183356\n|gametype|singles\n|player|p1|Micael Lopes|benga|1765\n|player|p2|lerichededubai|1|1721\n|gen|9\n|tier|[Gen 9] Random Battle\n|rated|\n|rule|Species Clause: Limit one of each Pokémon\n|rule|HP Percentage Mod: HP is shown in percentages\n|rule|Sleep Clause Mod: Limit one foe put to sleep\n|rule|Illusion Level Mod: Illusion disguises the Pokémon's true level\n|\n|t:|1771183356\n|teamsize|p1|6\n|teamsize|p2|6\n|start\n|switch|p1a: Swampert|Swampert, L83, F|302/302\n|switch|p2a: Mandibuzz|Mandibuzz, L85, F|326/326\n|turn|1\n|inactive|Battle timer is ON: inactive players will automatically lose when time's up. (requested by Micael Lopes)\n|\n|t:|1771183372\n|switch|p2a: Skarmory|Skarmory, L80, M|235/235\n|move|p1a: Swampert|Knock Off|p2a: Skarmory\n|-damage|p2a: Skarmory|182/235\n|-damage|p1a: Swampert|252/302|[from] item: Rocky Helmet|[of] p2a: Skarmory\n|-enditem|p2a: Skarmory|Rocky Helmet|[from] move: Knock Off|[of] p1a: Swampert\n|\n|-heal|p1a: Swampert|270/302|[from] item: Leftovers\n|upkeep\n|turn|2\n|\n|t:|1771183389\n|move|p2a: Skarmory|Spikes|p1a: Swampert\n|-sidestart|p1: Micael Lopes|Spikes\n|move|p1a: Swampert|Stealth Rock|p2a: Skarmory\n|-sidestart|p2: lerichededubai|move: Stealth Rock\n|\n|-heal|p1a: Swampert|288/302|[from] item: Leftovers\n|upkeep\n|turn|3\n|\n|t:|1771183393\n|switch|p1a: Maushold|Maushold-Four, L76|238/238\n|-damage|p1a: Maushold|209/238|[from] Spikes\n|move|p2a: Skarmory|Spikes|p1a: Maushold\n|-sidestart|p1: Micael Lopes|Spikes\n|\n|upkeep\n|turn|4\n|\n|t:|1771183402\n|move|p1a: Maushold|Tidy Up|p1a: Maushold\n|-sideend|p1: Micael Lopes|Spikes\n|-sideend|p2: lerichededubai|Stealth Rock\n|-activate|p1a: Maushold|move: Tidy Up\n|-boost|p1a: Maushold|atk|1\n|-boost|p1a: Maushold|spe|1\n|move|p2a: Skarmory|Whirlwind|p1a: Maushold\n|drag|p1a: Vaporeon|Vaporeon, L86, M|364/364\n|\n|upkeep\n|turn|5\n|\n|t:|1771183413\n|switch|p2a: Sunflora|Sunflora, F|312/312\n|move|p1a: Vaporeon|Scald|p2a: Sunflora\n|-resisted|p2a: Sunflora\n|-damage|p2a: Sunflora|269/312\n|\n|upkeep\n|turn|6\n|\n|t:|1771183431\n|move|p1a: Vaporeon|Protect|p1a: Vaporeon\n|-singleturn|p1a: Vaporeon|Protect\n|move|p2a: Sunflora|Sunny Day|p2a: Sunflora\n|-weather|SunnyDay\n|\n|-weather|SunnyDay|[upkeep]\n|upkeep\n|turn|7\n|\n|t:|1771183437\n|switch|p1a: Farigiraf|Farigiraf, L91, M|366/366\n|move|p2a: Sunflora|Solar Beam||[still]\n|-prepare|p2a: Sunflora|Solar Beam\n|-anim|p2a: Sunflora|Solar Beam|p1a: Farigiraf\n|-ability|p1a: Farigiraf|Sap Sipper|boost\n|-boost|p1a: Farigiraf|atk|1\n|\n|-weather|SunnyDay|[upkeep]\n|upkeep\n|turn|8\n|\n|t:|1771183441\n|switch|p2a: Mandibuzz|Mandibuzz, L85, F|326/326\n|move|p1a: Farigiraf|Protect||[still]\n|-fail|p1a: Farigiraf\n|\n|-weather|SunnyDay|[upkeep]\n|upkeep\n|turn|9\n|\n|t:|1771183446\n|move|p1a: Farigiraf|Protect|p1a: Farigiraf\n|-singleturn|p1a: Farigiraf|Protect\n|move|p2a: Mandibuzz|Toxic|p1a: Farigiraf\n|-activate|p1a: Farigiraf|move: Protect\n|\n|-weather|SunnyDay|[upkeep]\n|upkeep\n|turn|10\n|\n|t:|1771183461\n|move|p2a: Mandibuzz|Knock Off|p1a: Farigiraf\n|-supereffective|p1a: Farigiraf\n|-damage|p1a: Farigiraf|174/366\n|-enditem|p1a: Farigiraf|Leftovers|[from] move: Knock Off|[of] p2a: Mandibuzz\n|move|p1a: Farigiraf|Body Slam|p2a: Mandibuzz\n|-damage|p2a: Mandibuzz|185/326\n|\n|-weather|none\n|upkeep\n|turn|11\n|\n|t:|1771183472\n|move|p2a: Mandibuzz|Knock Off|p1a: Farigiraf\n|-supereffective|p1a: Farigiraf\n|-damage|p1a: Farigiraf|66/366\n|move|p1a: Farigiraf|Wish|p1a: Farigiraf\n|\n|upkeep\n|turn|12\n|\n|t:|1771183482\n|move|p2a: Mandibuzz|Roost|p2a: Mandibuzz\n|-heal|p2a: Mandibuzz|326/326\n|-singleturn|p2a: Mandibuzz|move: Roost\n|move|p1a: Farigiraf|Body Slam|p2a: Mandibuzz\n|-damage|p2a: Mandibuzz|190/326\n|-status|p2a: Mandibuzz|par\n|\n|-heal|p1a: Farigiraf|249/366|[from] move: Wish|[wisher] Farigiraf\n|upkeep\n|turn|13\n|\n|t:|1771183492\n|move|p1a: Farigiraf|Body Slam|p2a: Mandibuzz\n|-damage|p2a: Mandibuzz|58/326 par\n|move|p2a: Mandibuzz|Toxic|p1a: Farigiraf\n|-status|p1a: Farigiraf|tox\n|\n|-damage|p1a: Farigiraf|227/366 tox|[from] psn\n|upkeep\n|turn|14\n|\n|t:|1771183500\n|switch|p2a: Skarmory|Skarmory, L80, M|182/235\n|move|p1a: Farigiraf|Body Slam|p2a: Skarmory\n|-resisted|p2a: Skarmory\n|-damage|p2a: Skarmory|126/235\n|-status|p2a: Skarmory|par\n|\n|-damage|p1a: Farigiraf|183/366 tox|[from] psn\n|upkeep\n|turn|15\n|\n|t:|1771183507\n|move|p1a: Farigiraf|Psychic Noise|p2a: Skarmory\n|-resisted|p2a: Skarmory\n|-damage|p2a: Skarmory|65/235 par\n|-start|p2a: Skarmory|move: Heal Block\n|cant|p2a: Skarmory|move: Heal Block|Roost\n|\n|-damage|p1a: Farigiraf|117/366 tox|[from] psn\n|upkeep\n|turn|16\n|\n|t:|1771183512\n|move|p1a: Farigiraf|Wish|p1a: Farigiraf\n|cant|p2a: Skarmory|par\n|\n|-damage|p1a: Farigiraf|29/366 tox|[from] psn\n|-end|p2a: Skarmory|move: Heal Block\n|upkeep\n|turn|17\n|\n|t:|1771183516\n|move|p1a: Farigiraf|Psychic Noise|p2a: Skarmory\n|-resisted|p2a: Skarmory\n|-damage|p2a: Skarmory|0 fnt\n|faint|p2a: Skarmory\n|\n|-heal|p1a: Farigiraf|212/366 tox|[from] move: Wish|[wisher] Farigiraf\n|-damage|p1a: Farigiraf|102/366 tox|[from] psn\n|upkeep\n|\n|t:|1771183521\n|switch|p2a: Mandibuzz|Mandibuzz, L85, F|58/326 par\n|turn|18\n|\n|t:|1771183523\n|move|p1a: Farigiraf|Body Slam|p2a: Mandibuzz\n|-damage|p2a: Mandibuzz|0 fnt\n|faint|p2a: Mandibuzz\n|\n|-damage|p1a: Farigiraf|0 fnt|[from] psn\n|faint|p1a: Farigiraf\n|upkeep\n|\n|t:|1771183532\n|switch|p2a: Sunflora|Sunflora, F|269/312\n|switch|p1a: Vileplume|Vileplume, L85, F|266/266\n|turn|19\n|\n|t:|1771183560\n|-terastallize|p2a: Sunflora|Fire\n|move|p1a: Vileplume|Sludge Bomb|p2a: Sunflora\n|-damage|p2a: Sunflora|173/312\n|move|p2a: Sunflora|Sunny Day|p2a: Sunflora\n|-weather|SunnyDay\n|\n|-weather|SunnyDay|[upkeep]\n|upkeep\n|turn|20\n|\n|t:|1771183568\n|switch|p1a: Goodra|Goodra, L85, M|292/292\n|move|p2a: Sunflora|Weather Ball|p1a: Goodra\n|-resisted|p1a: Goodra\n|-damage|p1a: Goodra|224/292\n|-damage|p2a: Sunflora|142/312|[from] item: Life Orb\n|\n|-weather|SunnyDay|[upkeep]\n|upkeep\n|turn|21\n|\n|t:|1771183580\n|switch|p2a: Crabominable|Crabominable, L90, F|321/321\n|switch|p1a: Vileplume|Vileplume, L85, F|266/266\n|\n|-weather|SunnyDay|[upkeep]\n|upkeep\n|turn|22\n|\n|t:|1771183588\n|-terastallize|p1a: Vileplume|Water\n|move|p1a: Vileplume|Strength Sap|p2a: Crabominable\n|-unboost|p2a: Crabominable|atk|1\n|move|p2a: Crabominable|Ice Hammer|p1a: Vileplume\n|-resisted|p1a: Vileplume\n|-damage|p1a: Vileplume|170/266\n|-unboost|p2a: Crabominable|spe|1\n|-status|p2a: Crabominable|slp|[from] ability: Effect Spore|[of] p1a: Vileplume\n|\n|-weather|SunnyDay|[upkeep]\n|-heal|p1a: Vileplume|186/266|[from] item: Leftovers\n|upkeep\n|turn|23\n|\n|t:|1771183594\n|switch|p2a: Sunflora|Sunflora, F, tera:Fire|142/312\n|move|p1a: Vileplume|Sludge Bomb|p2a: Sunflora\n|-damage|p2a: Sunflora|52/312\n|\n|-weather|none\n|-heal|p1a: Vileplume|202/266|[from] item: Leftovers\n|upkeep\n|turn|24\n|\n|t:|1771183602\n|move|p1a: Vileplume|Sludge Bomb|p2a: Sunflora\n|-damage|p2a: Sunflora|0 fnt\n|faint|p2a: Sunflora\n|\n|-heal|p1a: Vileplume|218/266|[from] item: Leftovers\n|upkeep\n|\n|t:|1771183607\n|switch|p2a: Golem|Golem-Alola, L93, F|300/300\n|turn|25\n|\n|t:|1771183615\n|switch|p1a: Swampert|Swampert, L83, F|288/302\n|move|p2a: Golem|Double-Edge|p1a: Swampert\n|-immune|p1a: Swampert\n|\n|-heal|p1a: Swampert|302/302|[from] item: Leftovers\n|upkeep\n|turn|26\n|-message|lerichededubai forfeited.\n|\n|win|Micael Lopes\n|raw|Micael Lopes's rating: 1765 &rarr; <strong>1782</strong><br />(+17 for winning)\n|raw|lerichededubai's rating: 1721 &rarr; <strong>1704</strong><br />(-17 for losing)\n|l|☆lerichededubai\n|player|p2|\n|c|☆Micael Lopes|**__Sexy game.__**\n", "inputlog": ">version 686819e5e19f8a7fd2345cfc5a08a5085efa2cc3\n>start {\"formatid\":\"gen9randombattle\",\"seed\":\"sodium,3687b750a149649222b24b80538d3f31\",\"rated\":\"Rated battle\"}\n>player p1 {\"name\":\"Micael Lopes\",\"avatar\":\"benga\",\"rating\":1765,\"seed\":\"sodium,fb52555aa00e8fdb7872bdc05a5ae0d7\"}\n>player p2 {\"name\":\"lerichededubai\",\"avatar\":\"1\",\"rating\":1721,\"seed\":\"sodium,24a3884b26bfeceb89ab1400a489f7d5\"}\n>p1 move knockoff\n>p2 switch 3\n>p1 move stealthrock\n>p2 move spikes\n>p1 switch 3\n>p2 move spikes\n>p1 move tidyup\n>p2 move whirlwind\n>p1 move scald\n>p2 switch 6\n>p1 move protect\n>p2 move sunnyday\n>p1 switch 2\n>p2 move solarbeam\n>p1 move protect\n>p2 switch 3\n>p1 move protect\n>p2 move toxic\n>p1 move bodyslam\n>p2 move knockoff\n>p1 move wish\n>p2 move knockoff\n>p1 move bodyslam\n>p2 move roost\n>p1 move bodyslam\n>p2 move toxic\n>p1 move bodyslam\n>p2 switch 6\n>p1 move psychicnoise\n>p2 move roost\n>p1 move wish\n>p2 move spikes\n>p1 move psychicnoise\n>p2 move spikes\n>p2 switch 6\n>p1 move bodyslam\n>p2 move knockoff\n>p1 switch 5\n>p2 switch 3\n>p1 move sludgebomb\n>p2 move sunnyday terastallize\n>p1 switch 4\n>p2 move weatherball\n>p1 switch 4\n>p2 switch 5\n>p1 move strengthsap terastallize\n>p2 move icehammer\n>p1 move sludgebomb\n>p2 switch 5\n>p1 move sludgebomb\n>p2 move earthpower\n>p2 switch 4\n>p1 switch 3\n>p2 move doubleedge\n>forcelose p2", "uploadtime": 1771183623, "views": 10, "formatid": "gen9randombattle", "rating": 1704, "private": 0, "password": null}