{"id": "gen9randombattle-2540811614", "format": "[Gen 9] Random Battle", "players": ["davyjones369", "mrporksin"], "log": "|j|☆davyjones369\n|j|☆mrporksin\n|t:|1771256534\n|gametype|singles\n|player|p1|davyjones369|102|1756\n|player|p2|mrporksin|265|1778\n|gen|9\n|tier|[Gen 9] Random Battle\n|rated|\n|rule|Species Clause: Limit one of each Pokémon\n|rule|HP Percentage Mod: HP is shown in percentages\n|rule|Sleep Clause Mod: Limit one foe put to sleep\n|rule|Illusion Level Mod: Illusion disguises the Pokémon's true level\n|\n|t:|1771256534\n|teamsize|p1|6\n|teamsize|p2|6\n|start\n|switch|p1a: Mightyena|Mightyena, L96, F|290/290\n|switch|p2a: Grumpig|Grumpig, L92, M|297/297\n|-ability|p1a: Mightyena|Intimidate|boost\n|-unboost|p2a: Grumpig|atk|1\n|turn|1\n|\n|t:|1771256550\n|switch|p2a: Muk|Muk-Alola, L82, M|306/306\n|move|p1a: Mightyena|Throat Chop|p2a: Muk\n|-resisted|p2a: Muk\n|-damage|p2a: Muk|248/306\n|-start|p2a: Muk|Throat Chop|[silent]\n|\n|upkeep\n|turn|2\n|\n|t:|1771256561\n|switch|p1a: Clodsire|Clodsire, L81, F|343/343\n|move|p2a: Muk|Drain Punch|p1a: Clodsire\n|-resisted|p1a: Clodsire\n|-damage|p1a: Clodsire|304/343\n|-heal|p2a: Muk|268/306|[from] drain|[of] p1a: Clodsire\n|\n|-heal|p1a: Clodsire|325/343|[from] item: Leftovers\n|-end|p2a: Muk|Throat Chop|[silent]\n|upkeep\n|turn|3\n|\n|t:|1771256575\n|switch|p2a: Dragonite|Dragonite, L74, M|257/257\n|move|p1a: Clodsire|Earthquake|p2a: Dragonite\n|-immune|p2a: Dragonite\n|\n|-heal|p1a: Clodsire|343/343|[from] item: Leftovers\n|upkeep\n|turn|4\n|\n|t:|1771256584\n|switch|p1a: Mightyena|Mightyena, L96, F|290/290\n|-ability|p1a: Mightyena|Intimidate|boost\n|-unboost|p2a: Dragonite|atk|1\n|move|p2a: Dragonite|Dragon Dance|p2a: Dragonite\n|-boost|p2a: Dragonite|atk|1\n|-boost|p2a: Dragonite|spe|1\n|\n|upkeep\n|turn|5\n|\n|t:|1771256591\n|move|p2a: Dragonite|Dragon Dance|p2a: Dragonite\n|-boost|p2a: Dragonite|atk|1\n|-boost|p2a: Dragonite|spe|1\n|move|p1a: Mightyena|Play Rough|p2a: Dragonite\n|-supereffective|p2a: Dragonite\n|-damage|p2a: Dragonite|168/257\n|\n|upkeep\n|turn|6\n|\n|t:|1771256603\n|-terastallize|p2a: Dragonite|Flying\n|move|p2a: Dragonite|Dragon Dance|p2a: Dragonite\n|-boost|p2a: Dragonite|atk|1\n|-boost|p2a: Dragonite|spe|1\n|move|p1a: Mightyena|Play Rough|p2a: Dragonite\n|-damage|p2a: Dragonite|85/257\n|\n|upkeep\n|turn|7\n|\n|t:|1771256629\n|switch|p1a: Espathra|Espathra, L80, F|283/283\n|move|p2a: Dragonite|Tera Blast|p1a: Espathra|[anim] Tera Blast Flying\n|-crit|p1a: Espathra\n|-damage|p1a: Espathra|0 fnt\n|faint|p1a: Espathra\n|\n|upkeep\n|inactive|Battle timer is ON: inactive players will automatically lose when time's up. (requested by mrporksin)\n|\n|t:|1771256635\n|switch|p1a: Mamoswine|Mamoswine, L81, F|311/311\n|turn|8\n|\n|t:|1771256643\n|switch|p2a: Muk|Muk-Alola, L82, M|268/306\n|move|p1a: Mamoswine|Ice Shard|p2a: Muk\n|-damage|p2a: Muk|193/306\n|-damage|p1a: Mamoswine|280/311|[from] item: Life Orb\n|\n|upkeep\n|turn|9\n|\n|t:|1771256650\n|move|p1a: Mamoswine|Earthquake|p2a: Muk\n|-supereffective|p2a: Muk\n|-damage|p2a: Muk|0 fnt\n|faint|p2a: Muk\n|-damage|p1a: Mamoswine|249/311|[from] item: Life Orb\n|\n|upkeep\n|\n|t:|1771256654\n|switch|p2a: Whiscash|Whiscash, L88, F|337/337\n|turn|10\n|\n|t:|1771256665\n|switch|p1a: Slowbro|Slowbro, L85, M|300/300\n|move|p2a: Whiscash|Stealth Rock|p1a: Slowbro\n|-sidestart|p1: davyjones369|move: Stealth Rock\n|\n|upkeep\n|turn|11\n|\n|t:|1771256671\n|switch|p2a: Grumpig|Grumpig, L92, M|297/297\n|move|p1a: Slowbro|Scald|p2a: Grumpig\n|-damage|p2a: Grumpig|228/297\n|\n|upkeep\n|turn|12\n|\n|t:|1771256679\n|move|p2a: Grumpig|Shadow Ball|p1a: Slowbro\n|-supereffective|p1a: Slowbro\n|-damage|p1a: Slowbro|92/300\n|move|p1a: Slowbro|Thunder Wave|p2a: Grumpig|[miss]\n|-miss|p1a: Slowbro|p2a: Grumpig\n|\n|-heal|p1a: Slowbro|110/300|[from] item: Leftovers\n|upkeep\n|turn|13\n|\n|t:|1771256691\n|switch|p2a: Malamar|Malamar, L82, F|275/275\n|switch|p1a: Mightyena|Mightyena, L96, F|290/290\n|-damage|p1a: Mightyena|254/290|[from] Stealth Rock\n|-ability|p1a: Mightyena|Intimidate|boost\n|-boost|p2a: Malamar|atk|1\n|\n|upkeep\n|turn|14\n|\n|t:|1771256704\n|-terastallize|p1a: Mightyena|Poison\n|move|p1a: Mightyena|Play Rough|p2a: Malamar\n|-supereffective|p2a: Malamar\n|-damage|p2a: Malamar|123/275\n|move|p2a: Malamar|Superpower|p1a: Mightyena\n|-resisted|p1a: Mightyena\n|-damage|p1a: Mightyena|195/290\n|-boost|p2a: Malamar|atk|1\n|-boost|p2a: Malamar|def|1\n|\n|upkeep\n|turn|15\n|\n|t:|1771256716\n|move|p1a: Mightyena|Play Rough|p2a: Malamar\n|-supereffective|p2a: Malamar\n|-damage|p2a: Malamar|23/275\n|move|p2a: Malamar|Rest|p2a: Malamar\n|-status|p2a: Malamar|slp|[from] move: Rest\n|-heal|p2a: Malamar|275/275 slp|[silent]\n|-enditem|p2a: Malamar|Chesto Berry|[eat]\n|-curestatus|p2a: Malamar|slp|[msg]\n|\n|upkeep\n|turn|16\n|\n|t:|1771256725\n|move|p1a: Mightyena|Super Fang|p2a: Malamar\n|-damage|p2a: Malamar|138/275\n|move|p2a: Malamar|Psycho Cut|p1a: Mightyena\n|-supereffective|p1a: Mightyena\n|-damage|p1a: Mightyena|0 fnt\n|faint|p1a: Mightyena\n|\n|upkeep\n|\n|t:|1771256743\n|switch|p1a: Dragapult|Dragapult, L77, M|262/262\n|-damage|p1a: Dragapult|230/262|[from] Stealth Rock\n|turn|17\n|\n|t:|1771256756\n|move|p1a: Dragapult|Fire Blast|p2a: Malamar\n|-damage|p2a: Malamar|39/275\n|-damage|p1a: Dragapult|204/262|[from] item: Life Orb\n|move|p2a: Malamar|Knock Off|p1a: Dragapult\n|-supereffective|p1a: Dragapult\n|-damage|p1a: Dragapult|0 fnt\n|-enditem|p1a: Dragapult|Life Orb|[from] move: Knock Off|[of] p2a: Malamar\n|faint|p1a: Dragapult\n|\n|upkeep\n|\n|t:|1771256769\n|switch|p1a: Mamoswine|Mamoswine, L81, F|249/311\n|-damage|p1a: Mamoswine|211/311|[from] Stealth Rock\n|turn|18\n|\n|t:|1771256779\n|move|p1a: Mamoswine|Earthquake|p2a: Malamar\n|-damage|p2a: Malamar|0 fnt\n|faint|p2a: Malamar\n|-damage|p1a: Mamoswine|180/311|[from] item: Life Orb\n|\n|upkeep\n|\n|t:|1771256782\n|switch|p2a: Whiscash|Whiscash, L88, F|337/337\n|turn|19\n|\n|t:|1771256797\n|move|p1a: Mamoswine|Icicle Crash|p2a: Whiscash\n|-damage|p2a: Whiscash|184/337\n|-damage|p1a: Mamoswine|149/311|[from] item: Life Orb\n|move|p2a: Whiscash|Hydro Pump|p1a: Mamoswine|[miss]\n|-miss|p2a: Whiscash|p1a: Mamoswine\n|\n|-heal|p2a: Whiscash|205/337|[from] item: Leftovers\n|upkeep\n|turn|20\n|\n|t:|1771256805\n|switch|p1a: Slowbro|Slowbro, L85, M|210/300\n|-damage|p1a: Slowbro|173/300|[from] Stealth Rock\n|move|p2a: Whiscash|Hydro Pump|p1a: Slowbro\n|-resisted|p1a: Slowbro\n|-damage|p1a: Slowbro|113/300\n|\n|-heal|p2a: Whiscash|226/337|[from] item: Leftovers\n|-heal|p1a: Slowbro|131/300|[from] item: Leftovers\n|upkeep\n|turn|21\n|\n|t:|1771256818\n|move|p2a: Whiscash|Earthquake|p1a: Slowbro\n|-damage|p1a: Slowbro|43/300\n|move|p1a: Slowbro|Slack Off|p1a: Slowbro\n|-heal|p1a: Slowbro|193/300\n|\n|-heal|p2a: Whiscash|247/337|[from] item: Leftovers\n|-heal|p1a: Slowbro|211/300|[from] item: Leftovers\n|upkeep\n|turn|22\n|\n|t:|1771256827\n|switch|p2a: Grumpig|Grumpig, L92, M|228/297\n|move|p1a: Slowbro|Scald|p2a: Grumpig\n|-damage|p2a: Grumpig|155/297\n|\n|-heal|p1a: Slowbro|229/300|[from] item: Leftovers\n|upkeep\n|turn|23\n|\n|t:|1771256838\n|move|p2a: Grumpig|Psychic|p1a: Slowbro\n|-resisted|p1a: Slowbro\n|-damage|p1a: Slowbro|142/300\n|move|p1a: Slowbro|Thunder Wave|p2a: Grumpig\n|-status|p2a: Grumpig|par\n|\n|-heal|p1a: Slowbro|160/300|[from] item: Leftovers\n|upkeep\n|turn|24\n|\n|t:|1771256847\n|switch|p2a: Whiscash|Whiscash, L88, F|247/337\n|move|p1a: Slowbro|Slack Off|p1a: Slowbro\n|-heal|p1a: Slowbro|300/300\n|\n|-heal|p2a: Whiscash|268/337|[from] item: Leftovers\n|upkeep\n|turn|25\n|\n|t:|1771256854\n|switch|p2a: Grumpig|Grumpig, L92, M|155/297 par\n|move|p1a: Slowbro|Scald|p2a: Grumpig\n|-damage|p2a: Grumpig|88/297 par\n|\n|upkeep\n|turn|26\n|\n|t:|1771256864\n|switch|p1a: Clodsire|Clodsire, L81, F|343/343\n|-damage|p1a: Clodsire|322/343|[from] Stealth Rock\n|move|p2a: Grumpig|Shadow Ball|p1a: Clodsire\n|-damage|p1a: Clodsire|230/343\n|\n|-heal|p1a: Clodsire|251/343|[from] item: Leftovers\n|upkeep\n|turn|27\n|\n|t:|1771256878\n|move|p2a: Grumpig|Shadow Ball|p1a: Clodsire\n|-damage|p1a: Clodsire|165/343\n|-unboost|p1a: Clodsire|spd|1\n|move|p1a: Clodsire|Toxic Spikes|p2a: Grumpig\n|-sidestart|p2: mrporksin|move: Toxic Spikes\n|\n|-heal|p1a: Clodsire|186/343|[from] item: Leftovers\n|upkeep\n|turn|28\n|\n|t:|1771256886\n|cant|p2a: Grumpig|par\n|move|p1a: Clodsire|Earthquake|p2a: Grumpig\n|-damage|p2a: Grumpig|0 fnt\n|faint|p2a: Grumpig\n|\n|-heal|p1a: Clodsire|207/343|[from] item: Leftovers\n|upkeep\n|\n|t:|1771256889\n|switch|p2a: Sandslash|Sandslash-Alola, L88, M|275/275\n|turn|29\n|\n|t:|1771256895\n|move|p2a: Sandslash|Earthquake|p1a: Clodsire\n|-supereffective|p1a: Clodsire\n|-damage|p1a: Clodsire|1/343\n|move|p1a: Clodsire|Earthquake|p2a: Sandslash\n|-supereffective|p2a: Sandslash\n|-damage|p2a: Sandslash|153/275\n|\n|-heal|p1a: Clodsire|22/343|[from] item: Leftovers\n|upkeep\n|turn|30\n|\n|t:|1771256903\n|move|p2a: Sandslash|Rapid Spin|p1a: Clodsire\n|-damage|p1a: Clodsire|0 fnt\n|-boost|p2a: Sandslash|spe|1\n|-sideend|p2: mrporksin|Toxic Spikes|[from] move: Rapid Spin|[of] p2a: Sandslash\n|faint|p1a: Clodsire\n|\n|upkeep\n|\n|t:|1771256908\n|switch|p1a: Mamoswine|Mamoswine, L81, F|149/311\n|-damage|p1a: Mamoswine|111/311|[from] Stealth Rock\n|turn|31\n|\n|t:|1771256916\n|move|p2a: Sandslash|Triple Axel|p1a: Mamoswine\n|-damage|p1a: Mamoswine|98/311\n|-hitcount|p1a: Mamoswine|1\n|move|p1a: Mamoswine|Earthquake|p2a: Sandslash\n|-supereffective|p2a: Sandslash\n|-damage|p2a: Sandslash|0 fnt\n|faint|p2a: Sandslash\n|-damage|p1a: Mamoswine|67/311|[from] item: Life Orb\n|\n|upkeep\n|\n|t:|1771256922\n|switch|p2a: Whiscash|Whiscash, L88, F|268/337\n|turn|32\n|\n|t:|1771256932\n|move|p1a: Mamoswine|Earthquake|p2a: Whiscash\n|-damage|p2a: Whiscash|99/337\n|-damage|p1a: Mamoswine|36/311|[from] item: Life Orb\n|move|p2a: Whiscash|Hydro Pump|p1a: Mamoswine\n|-supereffective|p1a: Mamoswine\n|-damage|p1a: Mamoswine|0 fnt\n|faint|p1a: Mamoswine\n|\n|-heal|p2a: Whiscash|120/337|[from] item: Leftovers\n|upkeep\n|\n|t:|1771256941\n|switch|p1a: Slowbro|Slowbro, L85, M|300/300\n|-damage|p1a: Slowbro|263/300|[from] Stealth Rock\n|turn|33\n|\n|t:|1771256960\n|move|p2a: Whiscash|Earthquake|p1a: Slowbro\n|-damage|p1a: Slowbro|187/300\n|move|p1a: Slowbro|Scald|p2a: Whiscash\n|-damage|p2a: Whiscash|9/337\n|-status|p2a: Whiscash|brn\n|\n|-heal|p2a: Whiscash|30/337 brn|[from] item: Leftovers\n|-heal|p1a: Slowbro|205/300|[from] item: Leftovers\n|-damage|p2a: Whiscash|9/337 brn|[from] brn\n|upkeep\n|turn|34\n|\n|t:|1771256971\n|move|p2a: Whiscash|Ice Beam|p1a: Slowbro\n|-resisted|p1a: Slowbro\n|-damage|p1a: Slowbro|172/300\n|move|p1a: Slowbro|Slack Off|p1a: Slowbro\n|-heal|p1a: Slowbro|300/300\n|\n|-heal|p2a: Whiscash|30/337 brn|[from] item: Leftovers\n|-damage|p2a: Whiscash|9/337 brn|[from] brn\n|upkeep\n|turn|35\n|\n|t:|1771256983\n|move|p2a: Whiscash|Ice Beam|p1a: Slowbro\n|-resisted|p1a: Slowbro\n|-damage|p1a: Slowbro|269/300\n|move|p1a: Slowbro|Scald|p2a: Whiscash\n|-damage|p2a: Whiscash|0 fnt\n|faint|p2a: Whiscash\n|\n|-heal|p1a: Slowbro|287/300|[from] item: Leftovers\n|upkeep\n|\n|t:|1771256987\n|switch|p2a: Dragonite|Dragonite, L74, M, tera:Flying|85/257\n|turn|36\n|\n|t:|1771256993\n|move|p2a: Dragonite|Dragon Dance|p2a: Dragonite\n|-boost|p2a: Dragonite|atk|1\n|-boost|p2a: Dragonite|spe|1\n|move|p1a: Slowbro|Scald|p2a: Dragonite\n|-damage|p2a: Dragonite|0 fnt\n|faint|p2a: Dragonite\n|\n|win|davyjones369\n|raw|davyjones369's rating: 1756 &rarr; <strong>1777</strong><br />(+21 for winning)\n|raw|mrporksin's rating: 1778 &rarr; <strong>1757</strong><br />(-21 for losing)\n|c|☆mrporksin|mustvekissed the wall with that luck\n|l|☆davyjones369\n|player|p1|\n", "inputlog": ">version 686819e5e19f8a7fd2345cfc5a08a5085efa2cc3\n>start {\"formatid\":\"gen9randombattle\",\"seed\":\"sodium,7bf089942777ecc82ab20a04de8353d1\",\"rated\":\"Rated battle\"}\n>player p1 {\"name\":\"davyjones369\",\"avatar\":\"102\",\"rating\":1756,\"seed\":\"sodium,926f27e30587222b1979e1acec2b6109\"}\n>player p2 {\"name\":\"mrporksin\",\"avatar\":\"265\",\"rating\":1778,\"seed\":\"sodium,bc617d099385a83bcf37f605979a8218\"}\n>p1 move throatchop\n>p2 switch 5\n>p1 switch 2\n>p2 move drainpunch\n>p1 move earthquake\n>p2 switch 3\n>p1 switch 2\n>p2 move dragondance\n>p1 move playrough\n>p2 move dragondance\n>p1 move playrough\n>p2 move dragondance terastallize\n>p1 switch 5\n>p2 move terablast\n>p1 switch 6\n>p1 move iceshard\n>p2 switch 3\n>p1 move earthquake\n>p2 move drainpunch\n>p2 switch 6\n>p1 switch 3\n>p2 move stealthrock\n>p1 move scald\n>p2 switch 5\n>p1 move thunderwave\n>p2 move shadowball\n>p1 switch 5\n>p2 switch 4\n>p1 move playrough terastallize\n>p2 move superpower\n>p1 move playrough\n>p2 move rest\n>p1 move superfang\n>p2 move psychocut\n>p1 switch 4\n>p1 move fireblast\n>p2 move knockoff\n>p1 switch 3\n>p1 move earthquake\n>p2 move superpower\n>p2 switch 5\n>p1 move iciclecrash\n>p2 move hydropump\n>p1 switch 5\n>p2 move hydropump\n>p1 move slackoff\n>p2 move earthquake\n>p1 move scald\n>p2 switch 4\n>p1 move thunderwave\n>p2 move psychic\n>p1 move slackoff\n>p2 switch 4\n>p1 move scald\n>p2 switch 4\n>p1 switch 2\n>p2 move shadowball\n>p1 move toxicspikes\n>p2 move shadowball\n>p1 move earthquake\n>p2 move shadowball\n>p2 switch 2\n>p1 move earthquake\n>p2 move earthquake\n>p1 move earthquake\n>p2 move rapidspin\n>p1 switch 5\n>p1 move earthquake\n>p2 move tripleaxel\n>p2 switch 4\n>p1 move earthquake\n>p2 move hydropump\n>p1 switch 2\n>p1 move scald\n>p2 move earthquake\n>p1 move slackoff\n>p2 move icebeam\n>p1 move scald\n>p2 move icebeam\n>p2 switch 3\n>p1 move scald\n>p2 move dragondance", "uploadtime": 1771257013, "views": 6, "formatid": "gen9randombattle", "rating": 1757, "private": 0, "password": null}