{"id": "gen9randombattle-2540565344", "format": "[Gen 9] Random Battle", "players": ["goodlucktomeonly", "AlIoutdragadarts"], "log": "|badge|p2|bronze|gen9randombattle|100-8\n|uhtml|medal-msg|<div class=\"broadcast-blue\">Curious what those medals under the avatar are? PS now has Ladder Seasons! For more information, check out the <a href=\"https://www.smogon.com/forums/threads/3740067/\">thread on Smogon.</a></div>\n|j|☆goodlucktomeonly\n|j|☆AlIoutdragadarts\n|t:|1771218909\n|gametype|singles\n|player|p1|goodlucktomeonly|102|2211\n|player|p2|AlIoutdragadarts|schoolkid|2286\n|gen|9\n|tier|[Gen 9] Random Battle\n|rated|\n|rule|Species Clause: Limit one of each Pokémon\n|rule|HP Percentage Mod: HP is shown in percentages\n|rule|Sleep Clause Mod: Limit one foe put to sleep\n|rule|Illusion Level Mod: Illusion disguises the Pokémon's true level\n|\n|t:|1771218909\n|teamsize|p1|6\n|teamsize|p2|6\n|start\n|switch|p1a: Mew|Mew, L82|298/298\n|switch|p2a: Typhlosion|Typhlosion-Hisui, L83, F|257/257\n|turn|1\n|inactive|Battle timer is ON: inactive players will automatically lose when time's up. (requested by goodlucktomeonly)\n|inactive|AlIoutdragadarts has 120 seconds left.\n|inactive|AlIoutdragadarts has 90 seconds left.\n|\n|t:|1771218973\n|move|p1a: Mew|Psychic Noise|p2a: Typhlosion\n|-damage|p2a: Typhlosion|175/257\n|-start|p2a: Typhlosion|move: Heal Block\n|move|p2a: Typhlosion|Shadow Ball|p1a: Mew\n|-supereffective|p1a: Mew\n|-damage|p1a: Mew|112/298\n|-unboost|p1a: Mew|spd|1\n|\n|-heal|p1a: Mew|130/298|[from] item: Leftovers\n|upkeep\n|turn|2\n|\n|t:|1771218987\n|move|p1a: Mew|Psychic Noise|p2a: Typhlosion\n|-damage|p2a: Typhlosion|94/257\n|move|p2a: Typhlosion|Fire Blast|p1a: Mew\n|-damage|p1a: Mew|0 fnt\n|faint|p1a: Mew\n|\n|-end|p2a: Typhlosion|move: Heal Block\n|upkeep\n|\n|t:|1771218994\n|switch|p1a: Spectrier|Spectrier, L75|274/274\n|turn|3\n|\n|t:|1771219001\n|switch|p2a: Toucannon|Toucannon, L88, F|284/284\n|move|p1a: Spectrier|Shadow Ball|p2a: Toucannon\n|-immune|p2a: Toucannon\n|\n|upkeep\n|turn|4\n|\n|t:|1771219011\n|move|p1a: Spectrier|Will-O-Wisp|p2a: Toucannon\n|-status|p2a: Toucannon|brn\n|move|p2a: Toucannon|Bullet Seed|p1a: Spectrier\n|-damage|p1a: Spectrier|257/274\n|-damage|p1a: Spectrier|238/274\n|-damage|p1a: Spectrier|220/274\n|-damage|p1a: Spectrier|204/274\n|-damage|p1a: Spectrier|186/274\n|-hitcount|p1a: Spectrier|5\n|\n|-damage|p2a: Toucannon|267/284 brn|[from] brn\n|upkeep\n|turn|5\n|inactive|AlIoutdragadarts has 120 seconds left.\n|\n|t:|1771219051\n|switch|p1a: Scizor|Scizor, L79, M|240/240\n|move|p2a: Toucannon|Bullet Seed|p1a: Scizor\n|-resisted|p1a: Scizor\n|-damage|p1a: Scizor|238/240\n|-resisted|p1a: Scizor\n|-damage|p1a: Scizor|236/240\n|-resisted|p1a: Scizor\n|-damage|p1a: Scizor|234/240\n|-resisted|p1a: Scizor\n|-damage|p1a: Scizor|232/240\n|-resisted|p1a: Scizor\n|-damage|p1a: Scizor|229/240\n|-hitcount|p1a: Scizor|5\n|\n|-heal|p1a: Scizor|240/240|[from] item: Leftovers\n|-damage|p2a: Toucannon|250/284 brn|[from] brn\n|upkeep\n|turn|6\n|\n|t:|1771219061\n|switch|p1a: Diancie|Diancie, L82|216/216\n|-singleturn|p2a: Toucannon|move: Beak Blast\n|move|p2a: Toucannon|Beak Blast|p1a: Diancie\n|-resisted|p1a: Diancie\n|-damage|p1a: Diancie|195/216\n|\n|-heal|p1a: Diancie|208/216|[from] item: Leftovers\n|-damage|p2a: Toucannon|233/284 brn|[from] brn\n|upkeep\n|turn|7\n|\n|t:|1771219074\n|switch|p2a: Klawf|Klawf, L90, F|272/272\n|move|p1a: Diancie|Diamond Storm|p2a: Klawf\n|-damage|p2a: Klawf|196/272\n|-boost|p1a: Diancie|def|2\n|\n|-heal|p1a: Diancie|216/216|[from] item: Leftovers\n|upkeep\n|turn|8\n|\n|t:|1771219082\n|move|p2a: Klawf|Knock Off|p1a: Diancie\n|-resisted|p1a: Diancie\n|-damage|p1a: Diancie|197/216\n|-enditem|p1a: Diancie|Leftovers|[from] move: Knock Off|[of] p2a: Klawf\n|-damage|p2a: Klawf|169/272|[from] item: Life Orb\n|move|p1a: Diancie|Earth Power|p2a: Klawf\n|-supereffective|p2a: Klawf\n|-crit|p2a: Klawf\n|-damage|p2a: Klawf|0 fnt\n|faint|p2a: Klawf\n|\n|upkeep\n|\n|t:|1771219094\n|switch|p2a: Sandslash|Sandslash-Alola, L88, M|275/275\n|turn|9\n|\n|t:|1771219107\n|switch|p1a: Scizor|Scizor, L79, M|240/240\n|move|p2a: Sandslash|Swords Dance|p2a: Sandslash\n|-boost|p2a: Sandslash|atk|2\n|\n|upkeep\n|turn|10\n|\n|t:|1771219132\n|-terastallize|p2a: Sandslash|Ground\n|move|p2a: Sandslash|Earthquake|p1a: Scizor\n|-damage|p1a: Scizor|0 fnt\n|faint|p1a: Scizor\n|-damage|p2a: Sandslash|248/275|[from] item: Life Orb\n|\n|upkeep\n|\n|t:|1771219139\n|switch|p1a: Baxcalibur|Baxcalibur, L75, F|295/295\n|turn|11\n|\n|t:|1771219149\n|switch|p2a: Heracross|Heracross, L80, F|259/259\n|move|p1a: Baxcalibur|Icicle Crash|p2a: Heracross\n|-damage|p2a: Heracross|70/259\n|\n|upkeep\n|turn|12\n|\n|t:|1771219172\n|switch|p1a: Diancie|Diancie, L82|197/216\n|move|p2a: Heracross|Close Combat|p1a: Diancie\n|-damage|p1a: Diancie|62/216\n|-unboost|p2a: Heracross|def|1\n|-unboost|p2a: Heracross|spd|1\n|\n|upkeep\n|turn|13\n|\n|t:|1771219188\n|switch|p2a: Sandslash|Sandslash-Alola, L88, M, tera:Ground|248/275\n|switch|p1a: Spectrier|Spectrier, L75|186/274\n|\n|upkeep\n|turn|14\n|\n|t:|1771219207\n|move|p1a: Spectrier|Will-O-Wisp|p2a: Sandslash\n|-status|p2a: Sandslash|brn\n|move|p2a: Sandslash|Earthquake|p1a: Spectrier\n|-damage|p1a: Spectrier|73/274\n|-damage|p2a: Sandslash|221/275 brn|[from] item: Life Orb\n|\n|-damage|p2a: Sandslash|204/275 brn|[from] brn\n|upkeep\n|turn|15\n|\n|t:|1771219223\n|switch|p1a: Baxcalibur|Baxcalibur, L75, F|295/295\n|move|p2a: Sandslash|Earthquake|p1a: Baxcalibur\n|-damage|p1a: Baxcalibur|205/295\n|-damage|p2a: Sandslash|177/275 brn|[from] item: Life Orb\n|\n|-damage|p2a: Sandslash|160/275 brn|[from] brn\n|upkeep\n|turn|16\n|\n|t:|1771219235\n|move|p2a: Sandslash|Ice Shard|p1a: Baxcalibur\n|-damage|p1a: Baxcalibur|174/295\n|-damage|p2a: Sandslash|133/275 brn|[from] item: Life Orb\n|move|p1a: Baxcalibur|Icicle Crash|p2a: Sandslash\n|-supereffective|p2a: Sandslash\n|-damage|p2a: Sandslash|0 fnt\n|faint|p2a: Sandslash\n|\n|upkeep\n|\n|t:|1771219237\n|switch|p2a: Cetitan|Cetitan, L82, M|412/412\n|turn|17\n|inactive|goodlucktomeonly has 120 seconds left.\n|\n|t:|1771219271\n|switch|p1a: Diancie|Diancie, L82|62/216\n|move|p2a: Cetitan|Belly Drum|p2a: Cetitan\n|-damage|p2a: Cetitan|206/412\n|-setboost|p2a: Cetitan|atk|6|[from] move: Belly Drum\n|-enditem|p2a: Cetitan|Sitrus Berry|[eat]\n|-heal|p2a: Cetitan|309/412|[from] item: Sitrus Berry\n|\n|upkeep\n|turn|18\n|inactive|goodlucktomeonly has 120 seconds left.\n|\n|t:|1771219284\n|-terastallize|p1a: Diancie|Water\n|move|p2a: Cetitan|Earthquake|p1a: Diancie\n|-damage|p1a: Diancie|0 fnt\n|faint|p1a: Diancie\n|\n|upkeep\n|inactive|goodlucktomeonly has 120 seconds left.\n|\n|t:|1771219291\n|switch|p1a: Espeon|Espeon, L84, F|246/246\n|turn|19\n|\n|t:|1771219294\n|move|p2a: Cetitan|Ice Shard|p1a: Espeon\n|-damage|p1a: Espeon|3/246\n|move|p1a: Espeon|Psychic|p2a: Cetitan\n|-damage|p2a: Cetitan|91/412\n|-damage|p1a: Espeon|0 fnt|[from] item: Life Orb\n|faint|p1a: Espeon\n|\n|upkeep\n|\n|t:|1771219305\n|switch|p1a: Baxcalibur|Baxcalibur, L75, F|174/295\n|turn|20\n|\n|t:|1771219325\n|move|p1a: Baxcalibur|Ice Shard|p2a: Cetitan\n|-resisted|p2a: Cetitan\n|-damage|p2a: Cetitan|69/412\n|move|p2a: Cetitan|Ice Shard|p1a: Baxcalibur\n|-damage|p1a: Baxcalibur|0 fnt\n|faint|p1a: Baxcalibur\n|\n|upkeep\n|-message|goodlucktomeonly forfeited.\n|\n|win|AlIoutdragadarts\n|raw|goodlucktomeonly's rating: 2188 &rarr; <strong>2173</strong><br />(-15 for losing)\n|raw|AlIoutdragadarts's rating: 2286 &rarr; <strong>2301</strong><br />(+15 for winning)\n|l|☆goodlucktomeonly\n|player|p1|\n", "inputlog": ">version 686819e5e19f8a7fd2345cfc5a08a5085efa2cc3\n>start {\"formatid\":\"gen9randombattle\",\"seed\":\"sodium,f2fc7088ea28eb5c7f09f60b79a7ad9c\",\"rated\":\"Rated battle\"}\n>player p1 {\"name\":\"goodlucktomeonly\",\"avatar\":\"102\",\"rating\":2211,\"seed\":\"sodium,c8d89331693a1f4f3443ec34336e42f3\"}\n>player p2 {\"name\":\"AlIoutdragadarts\",\"avatar\":\"schoolkid\",\"rating\":2286,\"seed\":\"sodium,9c223e5da7f86c8dd50ac5352122b003\"}\n>p1 move psychicnoise\n>p2 move shadowball\n>p1 move psychicnoise\n>p2 move fireblast\n>p1 switch 2\n>p1 move shadowball\n>p2 switch 3\n>p1 move willowisp\n>p2 move bulletseed\n>p1 switch 3\n>p2 move bulletseed\n>p1 switch 5\n>p2 move beakblast\n>p1 move diamondstorm\n>p2 switch 5\n>p1 move earthpower\n>p2 move knockoff\n>p2 switch 6\n>p1 switch 5\n>p2 move swordsdance\n>p1 move closecombat\n>p2 move earthquake terastallize\n>p1 switch 4\n>p1 move iciclecrash\n>p2 switch 4\n>p1 switch 5\n>p2 move closecombat\n>p1 switch 3\n>p2 switch 4\n>p1 move willowisp\n>p2 move earthquake\n>p1 switch 5\n>p2 move earthquake\n>p1 move iciclecrash\n>p2 move iceshard\n>p2 switch 2\n>p1 switch 3\n>p2 move bellydrum\n>p1 move diamondstorm terastallize\n>p2 move earthquake\n>p1 switch 6\n>p1 move psychic\n>p2 move iceshard\n>p1 switch 3\n>p1 move iceshard\n>p2 move iceshard\n>forcelose p1", "uploadtime": 1771219337, "views": 14, "formatid": "gen9randombattle", "rating": 2173, "private": 0, "password": null}