{"id": "gen9randombattle-2540301519", "format": "[Gen 9] Random Battle", "players": ["Thundersleet11", "chi_chihuahuadog"], "log": "|j|☆Thundersleet11\n|j|☆chi_chihuahuadog\n|t:|1771186358\n|gametype|singles\n|player|p1|Thundersleet11|266|1684\n|player|p2|chi_chihuahuadog|102|1692\n|gen|9\n|tier|[Gen 9] Random Battle\n|rated|\n|rule|Species Clause: Limit one of each Pokémon\n|rule|HP Percentage Mod: HP is shown in percentages\n|rule|Sleep Clause Mod: Limit one foe put to sleep\n|rule|Illusion Level Mod: Illusion disguises the Pokémon's true level\n|\n|t:|1771186358\n|teamsize|p1|6\n|teamsize|p2|6\n|start\n|switch|p1a: Gengar|Gengar, L81, F|230/230\n|switch|p2a: Whiscash|Whiscash, L88, F|337/337\n|turn|1\n|inactive|Battle timer is ON: inactive players will automatically lose when time's up. (requested by chi_chihuahuadog)\n|inactive|Thundersleet11 also wants the timer to be on.\n|\n|t:|1771186365\n|move|p1a: Gengar|Nasty Plot|p1a: Gengar\n|-boost|p1a: Gengar|spa|2\n|move|p2a: Whiscash|Dragon Dance|p2a: Whiscash\n|-boost|p2a: Whiscash|atk|1\n|-boost|p2a: Whiscash|spe|1\n|\n|upkeep\n|turn|2\n|\n|t:|1771186369\n|-terastallize|p1a: Gengar|Ghost\n|move|p2a: Whiscash|Earthquake|p1a: Gengar\n|-damage|p1a: Gengar|0 fnt\n|faint|p1a: Gengar\n|-damage|p2a: Whiscash|304/337|[from] item: Life Orb\n|\n|upkeep\n|c|☆Thundersleet11|dawg\n|c|☆Thundersleet11|what\n|\n|t:|1771186375\n|switch|p1a: Tsareena|Tsareena, L87, F|267/267\n|turn|3\n|\n|t:|1771186383\n|switch|p2a: Bronzong|Bronzong, L88|261/261\n|switch|p1a: Wyrdeer|Wyrdeer, L87, M|321/321\n|-ability|p1a: Wyrdeer|Intimidate|boost\n|-unboost|p2a: Bronzong|atk|1\n|\n|upkeep\n|turn|4\n|\n|t:|1771186395\n|switch|p1a: Kingambit|Kingambit, L74, M|270/270\n|-activate|p1a: Kingambit|ability: Supreme Overlord\n|-start|p1a: Kingambit|fallen1|[silent]\n|move|p2a: Bronzong|Stealth Rock|p1a: Kingambit\n|-sidestart|p1: Thundersleet11|move: Stealth Rock\n|\n|upkeep\n|turn|5\n|\n|t:|1771186399\n|move|p1a: Kingambit|Swords Dance|p1a: Kingambit\n|-boost|p1a: Kingambit|atk|2\n|move|p2a: Bronzong|Earthquake|p1a: Kingambit\n|-supereffective|p1a: Kingambit\n|-damage|p1a: Kingambit|180/270\n|\n|-heal|p1a: Kingambit|196/270|[from] item: Leftovers\n|upkeep\n|turn|6\n|\n|t:|1771186406\n|switch|p2a: Scrafty|Scrafty, L84, F|246/246\n|move|p1a: Kingambit|Kowtow Cleave|p2a: Scrafty\n|-resisted|p2a: Scrafty\n|-crit|p2a: Scrafty\n|-damage|p2a: Scrafty|183/246\n|\n|-heal|p2a: Scrafty|198/246|[from] item: Leftovers\n|-heal|p1a: Kingambit|212/270|[from] item: Leftovers\n|upkeep\n|turn|7\n|\n|t:|1771186413\n|-end|p1a: Kingambit|fallen1|[silent]\n|switch|p1a: Tsareena|Tsareena, L87, F|267/267\n|-damage|p1a: Tsareena|234/267|[from] Stealth Rock\n|move|p2a: Scrafty|Drain Punch|p1a: Tsareena\n|-damage|p1a: Tsareena|171/267\n|-heal|p2a: Scrafty|230/246|[from] drain|[of] p1a: Tsareena\n|\n|-heal|p2a: Scrafty|245/246|[from] item: Leftovers\n|upkeep\n|turn|8\n|\n|t:|1771186417\n|switch|p2a: Bronzong|Bronzong, L88|261/261\n|move|p1a: Tsareena|Rapid Spin|p2a: Bronzong\n|-resisted|p2a: Bronzong\n|-damage|p2a: Bronzong|243/261\n|-boost|p1a: Tsareena|spe|1\n|-sideend|p1: Thundersleet11|Stealth Rock|[from] move: Rapid Spin|[of] p1a: Tsareena\n|\n|-heal|p2a: Bronzong|259/261|[from] item: Leftovers\n|upkeep\n|turn|9\n|\n|t:|1771186421\n|switch|p1a: Kingambit|Kingambit, L74, M|212/270\n|-activate|p1a: Kingambit|ability: Supreme Overlord\n|-start|p1a: Kingambit|fallen1|[silent]\n|move|p2a: Bronzong|Stealth Rock|p1a: Kingambit\n|-sidestart|p1: Thundersleet11|move: Stealth Rock\n|\n|-heal|p1a: Kingambit|228/270|[from] item: Leftovers\n|-heal|p2a: Bronzong|261/261|[from] item: Leftovers\n|upkeep\n|turn|10\n|\n|t:|1771186425\n|-end|p1a: Kingambit|fallen1|[silent]\n|switch|p1a: Tsareena|Tsareena, L87, F|171/267\n|-damage|p1a: Tsareena|138/267|[from] Stealth Rock\n|switch|p2a: Scrafty|Scrafty, L84, F|245/246\n|\n|-heal|p2a: Scrafty|246/246|[from] item: Leftovers\n|upkeep\n|turn|11\n|\n|t:|1771186434\n|move|p1a: Tsareena|Rapid Spin|p2a: Scrafty\n|-damage|p2a: Scrafty|212/246\n|-boost|p1a: Tsareena|spe|1\n|-sideend|p1: Thundersleet11|Stealth Rock|[from] move: Rapid Spin|[of] p1a: Tsareena\n|move|p2a: Scrafty|Drain Punch|p1a: Tsareena\n|-damage|p1a: Tsareena|66/267\n|-heal|p2a: Scrafty|246/246|[from] drain|[of] p1a: Tsareena\n|\n|upkeep\n|turn|12\n|\n|t:|1771186439\n|switch|p2a: Bronzong|Bronzong, L88|261/261\n|move|p1a: Tsareena|High Jump Kick|p2a: Bronzong\n|-damage|p2a: Bronzong|177/261\n|\n|-heal|p2a: Bronzong|193/261|[from] item: Leftovers\n|upkeep\n|turn|13\n|\n|t:|1771186446\n|switch|p1a: Tsareena|Tsareena, L87, F|219/219\n|move|p2a: Bronzong|Stealth Rock|p1a: Tsareena\n|-sidestart|p1: Thundersleet11|move: Stealth Rock\n|\n|-heal|p2a: Bronzong|209/261|[from] item: Leftovers\n|upkeep\n|turn|14\n|\n|t:|1771186452\n|move|p1a: Tsareena|Bitter Malice|p2a: Bronzong\n|-supereffective|p2a: Bronzong\n|-damage|p2a: Bronzong|15/261\n|-unboost|p2a: Bronzong|atk|1\n|move|p2a: Bronzong|Iron Head|p1a: Tsareena\n|-damage|p1a: Tsareena|144/219\n|replace|p1a: Zoroark|Zoroark-Hisui, L80, F\n|-end|p1a: Zoroark|Illusion\n|-hint|Illusion Level Mod is active, so this Pokémon's true level was hidden.\n|\n|-heal|p2a: Bronzong|31/261|[from] item: Leftovers\n|upkeep\n|turn|15\n|\n|t:|1771186457\n|switch|p2a: Scrafty|Scrafty, L84, F|246/246\n|move|p1a: Zoroark|Bitter Malice|p2a: Scrafty\n|-resisted|p2a: Scrafty\n|-damage|p2a: Scrafty|191/246\n|-unboost|p2a: Scrafty|atk|1\n|\n|-heal|p2a: Scrafty|206/246|[from] item: Leftovers\n|upkeep\n|turn|16\n|\n|t:|1771186461\n|switch|p1a: Wyrdeer|Wyrdeer, L87, M|321/321\n|-damage|p1a: Wyrdeer|281/321|[from] Stealth Rock\n|-ability|p1a: Wyrdeer|Intimidate|boost\n|-unboost|p2a: Scrafty|atk|1\n|move|p2a: Scrafty|Bulk Up|p2a: Scrafty\n|-boost|p2a: Scrafty|atk|1\n|-boost|p2a: Scrafty|def|1\n|\n|-heal|p2a: Scrafty|221/246|[from] item: Leftovers\n|upkeep\n|turn|17\n|\n|t:|1771186465\n|move|p1a: Wyrdeer|Megahorn|p2a: Scrafty\n|-damage|p2a: Scrafty|170/246\n|move|p2a: Scrafty|Knock Off|p1a: Wyrdeer\n|-supereffective|p1a: Wyrdeer\n|-damage|p1a: Wyrdeer|123/321\n|-enditem|p1a: Wyrdeer|Assault Vest|[from] move: Knock Off|[of] p2a: Scrafty\n|\n|-heal|p2a: Scrafty|185/246|[from] item: Leftovers\n|upkeep\n|turn|18\n|\n|t:|1771186471\n|move|p1a: Wyrdeer|Body Slam|p2a: Scrafty\n|-damage|p2a: Scrafty|130/246\n|-status|p2a: Scrafty|par\n|move|p2a: Scrafty|Drain Punch|p1a: Wyrdeer\n|-damage|p1a: Wyrdeer|65/321\n|-heal|p2a: Scrafty|159/246 par|[from] drain|[of] p1a: Wyrdeer\n|\n|-heal|p2a: Scrafty|174/246 par|[from] item: Leftovers\n|upkeep\n|turn|19\n|\n|t:|1771186477\n|switch|p1a: Tsareena|Tsareena, L87, F|144/219\n|-damage|p1a: Tsareena|117/219|[from] Stealth Rock\n|move|p2a: Scrafty|Bulk Up|p2a: Scrafty\n|-boost|p2a: Scrafty|atk|1\n|-boost|p2a: Scrafty|def|1\n|\n|-heal|p2a: Scrafty|189/246 par|[from] item: Leftovers\n|upkeep\n|turn|20\n|\n|t:|1771186482\n|move|p1a: Tsareena|Focus Blast|p2a: Scrafty\n|-supereffective|p2a: Scrafty\n|-damage|p2a: Scrafty|0 fnt\n|faint|p2a: Scrafty\n|\n|upkeep\n|\n|t:|1771186497\n|switch|p2a: Whiscash|Whiscash, L88, F|304/337\n|turn|21\n|\n|t:|1771186503\n|switch|p1a: Wyrdeer|Wyrdeer, L87, M|65/321\n|-damage|p1a: Wyrdeer|25/321|[from] Stealth Rock\n|-ability|p1a: Wyrdeer|Intimidate|boost\n|-fail|p2a: Whiscash|unboost|Attack|[from] ability: Oblivious|[of] p2a: Whiscash\n|move|p2a: Whiscash|Dragon Dance|p2a: Whiscash\n|-boost|p2a: Whiscash|atk|1\n|-boost|p2a: Whiscash|spe|1\n|\n|upkeep\n|turn|22\n|\n|t:|1771186508\n|move|p2a: Whiscash|Dragon Dance|p2a: Whiscash\n|-boost|p2a: Whiscash|atk|1\n|-boost|p2a: Whiscash|spe|1\n|move|p1a: Wyrdeer|Body Slam|p2a: Whiscash\n|-damage|p2a: Whiscash|187/337\n|\n|upkeep\n|turn|23\n|\n|t:|1771186513\n|move|p2a: Whiscash|Liquidation|p1a: Wyrdeer\n|-damage|p1a: Wyrdeer|0 fnt\n|faint|p1a: Wyrdeer\n|-damage|p2a: Whiscash|154/337|[from] item: Life Orb\n|\n|upkeep\n|\n|t:|1771186518\n|switch|p1a: Kingambit|Kingambit, L74, M|228/270\n|-damage|p1a: Kingambit|212/270|[from] Stealth Rock\n|-activate|p1a: Kingambit|ability: Supreme Overlord\n|-start|p1a: Kingambit|fallen2|[silent]\n|turn|24\n|\n|t:|1771186520\n|move|p1a: Kingambit|Sucker Punch|p2a: Whiscash\n|-damage|p2a: Whiscash|49/337\n|move|p2a: Whiscash|Earthquake|p1a: Kingambit\n|-supereffective|p1a: Kingambit\n|-damage|p1a: Kingambit|0 fnt\n|faint|p1a: Kingambit\n|-end|p1a: Kingambit|fallen2|[silent]\n|-damage|p2a: Whiscash|16/337|[from] item: Life Orb\n|\n|upkeep\n|\n|t:|1771186524\n|switch|p1a: Tsareena|Tsareena, L87, F|66/267\n|-damage|p1a: Tsareena|33/267|[from] Stealth Rock\n|turn|25\n|\n|t:|1771186528\n|move|p2a: Whiscash|Liquidation|p1a: Tsareena\n|-resisted|p1a: Tsareena\n|-damage|p1a: Tsareena|0 fnt\n|faint|p1a: Tsareena\n|-damage|p2a: Whiscash|0 fnt|[from] item: Life Orb\n|faint|p2a: Whiscash\n|\n|upkeep\n|\n|t:|1771186532\n|switch|p1a: Regirock|Regirock, L83|117/219\n|switch|p2a: Revavroom|Revavroom, L79, F|256/256\n|-damage|p1a: Regirock|90/219|[from] Stealth Rock\n|turn|26\n|\n|t:|1771186540\n|move|p1a: Regirock|Flamethrower|p2a: Revavroom\n|-supereffective|p2a: Revavroom\n|-damage|p2a: Revavroom|63/256\n|move|p2a: Revavroom|Shift Gear|p2a: Revavroom\n|-boost|p2a: Revavroom|spe|2\n|-boost|p2a: Revavroom|atk|1\n|\n|upkeep\n|turn|27\n|\n|t:|1771186545\n|move|p2a: Revavroom|Iron Head|p1a: Regirock\n|-damage|p1a: Regirock|0 fnt\n|replace|p1a: Zoroark|Zoroark-Hisui, L80, F\n|-end|p1a: Zoroark|Illusion\n|faint|p1a: Zoroark\n|-damage|p2a: Revavroom|38/256|[from] item: Life Orb\n|\n|upkeep\n|\n|t:|1771186547\n|switch|p1a: Regirock|Regirock, L83|268/268\n|-damage|p1a: Regirock|235/268|[from] Stealth Rock\n|turn|28\n|\n|t:|1771186550\n|move|p2a: Revavroom|Iron Head|p1a: Regirock\n|-supereffective|p1a: Regirock\n|-damage|p1a: Regirock|61/268\n|-damage|p2a: Revavroom|13/256|[from] item: Life Orb\n|move|p1a: Regirock|Rest|p1a: Regirock\n|-status|p1a: Regirock|slp|[from] move: Rest\n|-heal|p1a: Regirock|268/268 slp|[silent]\n|-enditem|p1a: Regirock|Chesto Berry|[eat]\n|-curestatus|p1a: Regirock|slp|[msg]\n|\n|upkeep\n|turn|29\n|\n|t:|1771186557\n|move|p2a: Revavroom|Iron Head|p1a: Regirock\n|-supereffective|p1a: Regirock\n|-damage|p1a: Regirock|102/268\n|-damage|p2a: Revavroom|0 fnt|[from] item: Life Orb\n|faint|p2a: Revavroom\n|cant|p1a: Regirock|flinch\n|\n|upkeep\n|\n|t:|1771186562\n|switch|p2a: Groudon|Groudon, L72|263/263\n|-weather|SunnyDay|[from] ability: Drought|[of] p2a: Groudon\n|turn|30\n|c|☆Thundersleet11|unbelievable luck\n|\n|t:|1771186567\n|move|p2a: Groudon|Precipice Blades|p1a: Regirock\n|-supereffective|p1a: Regirock\n|-damage|p1a: Regirock|0 fnt\n|faint|p1a: Regirock\n|\n|win|chi_chihuahuadog\n|raw|Thundersleet11's rating: 1684 &rarr; <strong>1664</strong><br />(-20 for losing)\n|raw|chi_chihuahuadog's rating: 1692 &rarr; <strong>1712</strong><br />(+20 for winning)\n|l|☆Thundersleet11\n|player|p1|\n", "inputlog": ">version 686819e5e19f8a7fd2345cfc5a08a5085efa2cc3\n>start {\"formatid\":\"gen9randombattle\",\"seed\":\"sodium,5870b1756ecbba2d59fb5440351c16b3\",\"rated\":\"Rated battle\"}\n>player p1 {\"name\":\"Thundersleet11\",\"avatar\":\"266\",\"rating\":1684,\"seed\":\"sodium,4d78a91d9f5040c83f9621025d97e992\"}\n>player p2 {\"name\":\"chi_chihuahuadog\",\"avatar\":\"102\",\"rating\":1692,\"seed\":\"sodium,3e2b6c7a3fe74b1325fbafb65277e54d\"}\n>p1 move nastyplot\n>p2 move dragondance\n>p1 move shadowball terastallize\n>p2 move earthquake\n>chat ☆Thundersleet11|dawg\n>chat ☆Thundersleet11|what\n>p1 switch 6\n>p1 switch 4\n>p2 switch 3\n>p1 switch 2\n>p2 move stealthrock\n>p1 move swordsdance\n>p2 move earthquake\n>p1 move kowtowcleave\n>p2 switch 2\n>p1 switch 4\n>p2 move drainpunch\n>p1 move rapidspin\n>p2 switch 2\n>p1 switch 4\n>p2 move stealthrock\n>p1 switch 4\n>p2 switch 2\n>p1 move rapidspin\n>p2 move drainpunch\n>p1 move highjumpkick\n>p2 switch 2\n>p1 switch 5\n>p2 move stealthrock\n>p1 move bittermalice\n>p2 move ironhead\n>p1 move bittermalice\n>p2 switch 2\n>p1 switch 2\n>p2 move bulkup\n>p1 move megahorn\n>p2 move knockoff\n>p1 move bodyslam\n>p2 move drainpunch\n>p1 switch 2\n>p2 move bulkup\n>p1 move focusblast\n>p2 move drainpunch\n>p2 switch 3\n>p1 switch 2\n>p2 move dragondance\n>p1 move bodyslam\n>p2 move dragondance\n>p1 move bodyslam\n>p2 move liquidation\n>p1 switch 4\n>p1 move suckerpunch\n>p2 move earthquake\n>p1 switch 5\n>p1 move rapidspin\n>p2 move liquidation\n>p1 switch 2\n>p2 switch 4\n>p1 move flamethrower\n>p2 move shiftgear\n>p1 move flamethrower\n>p2 move ironhead\n>p1 switch 3\n>p1 move rest\n>p2 move ironhead\n>p1 move rest\n>p2 move ironhead\n>p2 switch 6\n>chat ☆Thundersleet11|unbelievable luck\n>p1 move bodypress\n>p2 move precipiceblades", "uploadtime": 1771186577, "views": 10, "formatid": "gen9randombattle", "rating": 1664, "private": 0, "password": null}