{"id": "gen9randombattle-2540565852", "format": "[Gen 9] Random Battle", "players": ["F Boogie", "NewsDan ^-^"], "log": "|j|☆F Boogie\n|j|☆NewsDan ^-^\n|t:|1771218990\n|gametype|singles\n|player|p1|F Boogie|veteran-gen4|1795\n|player|p2|NewsDan ^-^|#newsdan|1761\n|gen|9\n|tier|[Gen 9] Random Battle\n|rated|\n|rule|Species Clause: Limit one of each Pokémon\n|rule|HP Percentage Mod: HP is shown in percentages\n|rule|Sleep Clause Mod: Limit one foe put to sleep\n|rule|Illusion Level Mod: Illusion disguises the Pokémon's true level\n|\n|t:|1771218990\n|teamsize|p1|6\n|teamsize|p2|6\n|start\n|switch|p1a: Basculegion|Basculegion-F, L83, F|335/335\n|switch|p2a: Glimmora|Glimmora, L75, M|248/248\n|turn|1\n|\n|t:|1771219005\n|switch|p2a: Poliwrath|Poliwrath, L88, F|302/302\n|move|p1a: Basculegion|Flip Turn|p2a: Poliwrath\n|-immune|p2a: Poliwrath|[from] ability: Water Absorb\n|\n|upkeep\n|turn|2\n|\n|t:|1771219013\n|switch|p1a: Uxie|Uxie, L83|260/260\n|move|p2a: Poliwrath|Poison Jab|p1a: Uxie\n|-damage|p1a: Uxie|211/260\n|\n|-heal|p1a: Uxie|227/260|[from] item: Leftovers\n|upkeep\n|turn|3\n|\n|t:|1771219025\n|switch|p2a: Chansey|Chansey, L85, F|564/564\n|move|p1a: Uxie|Stealth Rock|p2a: Chansey\n|-sidestart|p2: NewsDan ^-^|move: Stealth Rock\n|\n|-heal|p1a: Uxie|243/260|[from] item: Leftovers\n|upkeep\n|turn|4\n|\n|t:|1771219030\n|move|p1a: Uxie|U-turn|p2a: Chansey\n|-damage|p2a: Chansey|471/564\n|\n|t:|1771219036\n|switch|p1a: Ho-Oh|Ho-Oh, L71|268/268|[from] U-turn\n|move|p2a: Chansey|Thunder Wave|p1a: Ho-Oh\n|-status|p1a: Ho-Oh|par\n|\n|upkeep\n|turn|5\n|\n|t:|1771219047\n|move|p2a: Chansey|Stealth Rock|p1a: Ho-Oh\n|-sidestart|p1: F Boogie|move: Stealth Rock\n|move|p1a: Ho-Oh|Sacred Fire|p2a: Chansey\n|-damage|p2a: Chansey|237/564\n|-status|p2a: Chansey|brn\n|\n|-damage|p2a: Chansey|202/564 brn|[from] brn\n|upkeep\n|turn|6\n|\n|t:|1771219056\n|move|p2a: Chansey|Soft-Boiled|p2a: Chansey\n|-heal|p2a: Chansey|484/564 brn\n|cant|p1a: Ho-Oh|par\n|\n|-damage|p2a: Chansey|449/564 brn|[from] brn\n|upkeep\n|turn|7\n|\n|t:|1771219067\n|-curestatus|p2a: Chansey|brn|[from] ability: Natural Cure\n|switch|p2a: Poliwrath|Poliwrath, L88, F|302/302\n|-damage|p2a: Poliwrath|284/302|[from] Stealth Rock\n|move|p1a: Ho-Oh|Sacred Fire|p2a: Poliwrath\n|-resisted|p2a: Poliwrath\n|-damage|p2a: Poliwrath|242/302\n|\n|-heal|p2a: Poliwrath|260/302|[from] item: Leftovers\n|upkeep\n|turn|8\n|\n|t:|1771219077\n|move|p2a: Poliwrath|Liquidation|p1a: Ho-Oh\n|-supereffective|p1a: Ho-Oh\n|-damage|p1a: Ho-Oh|46/268 par\n|-unboost|p1a: Ho-Oh|def|1\n|move|p1a: Ho-Oh|Brave Bird|p2a: Poliwrath\n|-supereffective|p2a: Poliwrath\n|-damage|p2a: Poliwrath|44/302\n|-damage|p1a: Ho-Oh|0 fnt|[from] Recoil\n|faint|p1a: Ho-Oh\n|\n|-heal|p2a: Poliwrath|62/302|[from] item: Leftovers\n|upkeep\n|\n|t:|1771219080\n|switch|p1a: Uxie|Uxie, L83|243/260\n|-damage|p1a: Uxie|211/260|[from] Stealth Rock\n|turn|9\n|\n|t:|1771219101\n|switch|p2a: Chansey|Chansey, L85, F|449/564\n|-damage|p2a: Chansey|379/564|[from] Stealth Rock\n|move|p1a: Uxie|Psychic Noise|p2a: Chansey\n|-damage|p2a: Chansey|343/564\n|-start|p2a: Chansey|move: Heal Block\n|\n|-heal|p1a: Uxie|227/260|[from] item: Leftovers\n|upkeep\n|turn|10\n|\n|t:|1771219115\n|-terastallize|p1a: Uxie|Electric\n|move|p1a: Uxie|Psychic Noise|p2a: Chansey\n|-damage|p2a: Chansey|304/564\n|move|p2a: Chansey|Thunder Wave|p1a: Uxie\n|-immune|p1a: Uxie\n|\n|-heal|p1a: Uxie|243/260|[from] item: Leftovers\n|-end|p2a: Chansey|move: Heal Block\n|upkeep\n|turn|11\n|\n|t:|1771219122\n|move|p1a: Uxie|Psychic Noise|p2a: Chansey\n|-damage|p2a: Chansey|267/564\n|-start|p2a: Chansey|move: Heal Block\n|move|p2a: Chansey|Seismic Toss|p1a: Uxie\n|-damage|p1a: Uxie|158/260\n|\n|-heal|p1a: Uxie|174/260|[from] item: Leftovers\n|upkeep\n|turn|12\n|\n|t:|1771219145\n|switch|p2a: Delphox|Delphox, L84, F|263/263\n|-damage|p2a: Delphox|198/263|[from] Stealth Rock\n|move|p1a: Uxie|U-turn|p2a: Delphox\n|-damage|p2a: Delphox|152/263\n|\n|t:|1771219165\n|switch|p1a: Basculegion|Basculegion-F, L83, F|335/335|[from] U-turn\n|-damage|p1a: Basculegion|294/335|[from] Stealth Rock\n|\n|upkeep\n|turn|13\n|\n|t:|1771219174\n|-terastallize|p2a: Delphox|Grass\n|move|p2a: Delphox|Grass Knot|p1a: Basculegion\n|-supereffective|p1a: Basculegion\n|-damage|p1a: Basculegion|10/335\n|move|p1a: Basculegion|Shadow Ball|p2a: Delphox\n|-damage|p2a: Delphox|44/263\n|\n|upkeep\n|turn|14\n|\n|t:|1771219181\n|move|p2a: Delphox|Grass Knot|p1a: Basculegion\n|-supereffective|p1a: Basculegion\n|-crit|p1a: Basculegion\n|-damage|p1a: Basculegion|0 fnt\n|faint|p1a: Basculegion\n|\n|upkeep\n|\n|t:|1771219185\n|switch|p1a: Sceptile|Sceptile, L87, M|264/264\n|-damage|p1a: Sceptile|231/264|[from] Stealth Rock\n|turn|15\n|\n|t:|1771219195\n|switch|p2a: Chansey|Chansey, L85, F|267/564\n|-damage|p2a: Chansey|197/564|[from] Stealth Rock\n|move|p1a: Sceptile|Rock Slide|p2a: Chansey\n|-damage|p2a: Chansey|35/564\n|-damage|p1a: Sceptile|205/264|[from] item: Life Orb\n|\n|upkeep\n|turn|16\n|\n|t:|1771219199\n|move|p1a: Sceptile|Giga Drain|p2a: Chansey\n|-damage|p2a: Chansey|0 fnt\n|-heal|p1a: Sceptile|223/264|[from] drain|[of] p2a: Chansey\n|faint|p2a: Chansey\n|-damage|p1a: Sceptile|197/264|[from] item: Life Orb\n|\n|upkeep\n|\n|t:|1771219209\n|switch|p2a: Gyarados|Gyarados, L79, F|280/280\n|-ability|p2a: Gyarados|Intimidate|boost\n|-unboost|p1a: Sceptile|atk|1\n|turn|17\n|\n|t:|1771219215\n|move|p1a: Sceptile|Shed Tail|p1a: Sceptile\n|-start|p1a: Sceptile|Substitute|[from] move: Shed Tail\n|-damage|p1a: Sceptile|65/264\n|\n|t:|1771219219\n|switch|p1a: Uxie|Uxie, L83, tera:Electric|174/260|[from] Shed Tail\n|-damage|p1a: Uxie|142/260|[from] Stealth Rock\n|move|p2a: Gyarados|Temper Flare|p1a: Uxie\n|-activate|p1a: Uxie|move: Substitute|[damage]\n|\n|-heal|p1a: Uxie|158/260|[from] item: Leftovers\n|upkeep\n|turn|18\n|\n|t:|1771219229\n|move|p1a: Uxie|Thunder Wave|p2a: Gyarados\n|-status|p2a: Gyarados|par\n|cant|p2a: Gyarados|par\n|\n|-heal|p1a: Uxie|174/260|[from] item: Leftovers\n|upkeep\n|turn|19\n|\n|t:|1771219237\n|move|p1a: Uxie|Psychic Noise|p2a: Gyarados\n|-damage|p2a: Gyarados|220/280 par\n|-start|p2a: Gyarados|move: Heal Block\n|move|p2a: Gyarados|Waterfall|p1a: Uxie\n|-end|p1a: Uxie|Substitute\n|\n|-heal|p1a: Uxie|190/260|[from] item: Leftovers\n|upkeep\n|turn|20\n|\n|t:|1771219250\n|switch|p2a: Poliwrath|Poliwrath, L88, F|62/302\n|-damage|p2a: Poliwrath|44/302|[from] Stealth Rock\n|move|p1a: Uxie|Psychic Noise|p2a: Poliwrath\n|-supereffective|p2a: Poliwrath\n|-damage|p2a: Poliwrath|0 fnt\n|faint|p2a: Poliwrath\n|\n|-heal|p1a: Uxie|206/260|[from] item: Leftovers\n|upkeep\n|\n|t:|1771219258\n|switch|p2a: Thundurus|Thundurus, L80, M|258/258\n|turn|21\n|\n|t:|1771219267\n|move|p2a: Thundurus|Knock Off|p1a: Uxie\n|-damage|p1a: Uxie|154/260\n|-enditem|p1a: Uxie|Leftovers|[from] move: Knock Off|[of] p2a: Thundurus\n|move|p1a: Uxie|Psychic Noise|p2a: Thundurus\n|-damage|p2a: Thundurus|183/258\n|-start|p2a: Thundurus|move: Heal Block\n|\n|upkeep\n|turn|22\n|\n|t:|1771219286\n|move|p2a: Thundurus|Knock Off|p1a: Uxie\n|-damage|p1a: Uxie|115/260\n|move|p1a: Uxie|U-turn|p2a: Thundurus\n|-resisted|p2a: Thundurus\n|-damage|p2a: Thundurus|156/258\n|\n|t:|1771219291\n|switch|p1a: Rayquaza|Rayquaza, L72|270/270|[from] U-turn\n|-ability|p1a: Rayquaza|Air Lock\n|\n|-end|p2a: Thundurus|move: Heal Block\n|upkeep\n|turn|23\n|\n|t:|1771219295\n|move|p2a: Thundurus|Thunder Wave|p1a: Rayquaza\n|-status|p1a: Rayquaza|par\n|cant|p1a: Rayquaza|par\n|\n|upkeep\n|turn|24\n|\n|t:|1771219298\n|move|p2a: Thundurus|Knock Off|p1a: Rayquaza\n|-damage|p1a: Rayquaza|187/270 par\n|-enditem|p1a: Rayquaza|Heavy-Duty Boots|[from] move: Knock Off|[of] p2a: Thundurus\n|move|p1a: Rayquaza|Outrage|p2a: Thundurus\n|-damage|p2a: Thundurus|0 fnt\n|faint|p2a: Thundurus\n|\n|upkeep\n|\n|t:|1771219329\n|switch|p2a: Glimmora|Glimmora, L75, M|248/248\n|-damage|p2a: Glimmora|217/248|[from] Stealth Rock\n|turn|25\n|\n|t:|1771219342\n|move|p2a: Glimmora|Meteor Beam||[still]\n|-prepare|p2a: Glimmora|Meteor Beam\n|-boost|p2a: Glimmora|spa|1\n|-enditem|p2a: Glimmora|Power Herb\n|-anim|p2a: Glimmora|Meteor Beam|p1a: Rayquaza\n|-supereffective|p1a: Rayquaza\n|-damage|p1a: Rayquaza|0 fnt\n|faint|p1a: Rayquaza\n|\n|upkeep\n|\n|t:|1771219345\n|switch|p1a: Iron Leaves|Iron Leaves, L80|275/275\n|-damage|p1a: Iron Leaves|241/275|[from] Stealth Rock\n|turn|26\n|\n|t:|1771219353\n|switch|p2a: Gyarados|Gyarados, L79, F|220/280 par\n|-ability|p2a: Gyarados|Intimidate|boost\n|-unboost|p1a: Iron Leaves|atk|1\n|move|p1a: Iron Leaves|Psyblade|p2a: Gyarados\n|-damage|p2a: Gyarados|111/280 par\n|-damage|p1a: Iron Leaves|214/275|[from] item: Life Orb\n|\n|upkeep\n|turn|27\n|\n|t:|1771219357\n|-end|p1a: Iron Leaves|Quark Drive|[silent]\n|switch|p1a: Uxie|Uxie, L83, tera:Electric|115/260\n|-damage|p1a: Uxie|83/260|[from] Stealth Rock\n|move|p2a: Gyarados|Temper Flare|p1a: Uxie\n|-damage|p1a: Uxie|43/260\n|\n|upkeep\n|turn|28\n|\n|t:|1771219363\n|move|p1a: Uxie|Psychic Noise|p2a: Gyarados\n|-damage|p2a: Gyarados|50/280 par\n|-start|p2a: Gyarados|move: Heal Block\n|move|p2a: Gyarados|Waterfall|p1a: Uxie\n|-damage|p1a: Uxie|0 fnt\n|faint|p1a: Uxie\n|\n|upkeep\n|\n|t:|1771219369\n|switch|p1a: Sceptile|Sceptile, L87, M|65/264\n|-damage|p1a: Sceptile|32/264|[from] Stealth Rock\n|turn|29\n|\n|t:|1771219372\n|move|p1a: Sceptile|Giga Drain|p2a: Gyarados\n|-damage|p2a: Gyarados|0 fnt\n|-heal|p1a: Sceptile|57/264|[from] drain|[of] p2a: Gyarados\n|faint|p2a: Gyarados\n|-damage|p1a: Sceptile|31/264|[from] item: Life Orb\n|\n|upkeep\n|\n|t:|1771219380\n|switch|p2a: Glimmora|Glimmora, L75, M|217/248\n|-damage|p2a: Glimmora|186/248|[from] Stealth Rock\n|turn|30\n|\n|t:|1771219387\n|move|p1a: Sceptile|Giga Drain|p2a: Glimmora\n|-damage|p2a: Glimmora|0 fnt\n|-heal|p1a: Sceptile|124/264|[from] drain|[of] p2a: Glimmora\n|faint|p2a: Glimmora\n|-damage|p1a: Sceptile|98/264|[from] item: Life Orb\n|\n|upkeep\n|\n|t:|1771219389\n|switch|p2a: Delphox|Delphox, L84, F, tera:Grass|44/263\n|-damage|p2a: Delphox|12/263|[from] Stealth Rock\n|turn|31\n|\n|t:|1771219392\n|move|p1a: Sceptile|Giga Drain|p2a: Delphox\n|-resisted|p2a: Delphox\n|-damage|p2a: Delphox|0 fnt\n|-heal|p1a: Sceptile|104/264|[from] drain|[of] p2a: Delphox\n|faint|p2a: Delphox\n|-damage|p1a: Sceptile|78/264|[from] item: Life Orb\n|\n|win|F Boogie\n|raw|F Boogie's rating: 1795 &rarr; <strong>1813</strong><br />(+18 for winning)\n|raw|NewsDan ^-^'s rating: 1761 &rarr; <strong>1743</strong><br />(-18 for losing)\n|c|☆F Boogie|gg\n|l|☆NewsDan ^-^\n|player|p2|\n", "inputlog": ">version 686819e5e19f8a7fd2345cfc5a08a5085efa2cc3\n>start {\"formatid\":\"gen9randombattle\",\"seed\":\"sodium,5202ad2d30dea8dc9e9410fe92b8dd1c\",\"rated\":\"Rated battle\"}\n>player p1 {\"name\":\"F Boogie\",\"avatar\":\"veteran-gen4\",\"rating\":1795,\"seed\":\"sodium,f5571121adc4cb2d8de9547c948ead05\"}\n>player p2 {\"name\":\"NewsDan ^-^\",\"avatar\":\"#newsdan\",\"rating\":1761,\"seed\":\"sodium,0a4b2cf72e9e9092e250406e8c89bd17\"}\n>p1 move flipturn\n>p2 switch 6\n>p1 switch 6\n>p2 move poisonjab\n>p1 move stealthrock\n>p2 switch 2\n>p1 move uturn\n>p2 move thunderwave\n>p1 switch 5\n>p1 move sacredfire\n>p2 move stealthrock\n>p1 move sacredfire\n>p2 move softboiled\n>p1 move sacredfire\n>p2 switch 2\n>p1 move bravebird\n>p2 move liquidation\n>p1 switch 5\n>p1 move psychicnoise\n>p2 switch 2\n>p1 move psychicnoise terastallize\n>p2 move thunderwave\n>p1 move psychicnoise\n>p2 move seismictoss\n>p1 move uturn\n>p2 switch 3\n>p1 switch 6\n>p1 move shadowball\n>p2 move grassknot terastallize\n>p1 move shadowball\n>p2 move grassknot\n>p1 switch 2\n>p1 move rockslide\n>p2 switch 3\n>p1 move gigadrain\n>p2 move thunderwave\n>p2 switch 4\n>p1 move shedtail\n>p2 move temperflare\n>p1 switch 6\n>p1 move thunderwave\n>p2 move waterfall\n>p1 move psychicnoise\n>p2 move waterfall\n>p1 move psychicnoise\n>p2 switch 2\n>p2 switch 5\n>p1 move psychicnoise\n>p2 move knockoff\n>p1 move uturn\n>p2 move knockoff\n>p1 switch 4\n>p1 move dragondance\n>p2 move thunderwave\n>p1 move outrage\n>p2 move knockoff\n>p2 switch 6\n>p1 move outrage\n>p2 move meteorbeam\n>p1 switch 3\n>p1 move psyblade\n>p2 switch 2\n>p1 switch 4\n>p2 move temperflare\n>p1 move psychicnoise\n>p2 move waterfall\n>p1 switch 6\n>p1 move gigadrain\n>p2 move temperflare\n>p2 switch 2\n>p1 move gigadrain\n>p2 move sludgewave\n>p2 switch 3\n>p1 move gigadrain\n>p2 move fireblast", "uploadtime": 1771219414, "views": 12, "formatid": "gen9randombattle", "rating": 1743, "private": 0, "password": null}