{"id": "gen9randombattle-2540017583", "format": "[Gen 9] Random Battle", "players": ["Jihel", "Blelelepp"], "log": "|j|☆Jihel\n|j|☆Blelelepp\n|t:|1771145607\n|gametype|singles\n|player|p1|Jihel|169|1692\n|player|p2|Blelelepp|psychicf-gen4|1662\n|gen|9\n|tier|[Gen 9] Random Battle\n|rated|\n|rule|Species Clause: Limit one of each Pokémon\n|rule|HP Percentage Mod: HP is shown in percentages\n|rule|Sleep Clause Mod: Limit one foe put to sleep\n|rule|Illusion Level Mod: Illusion disguises the Pokémon's true level\n|\n|t:|1771145607\n|teamsize|p1|6\n|teamsize|p2|6\n|start\n|switch|p1a: Brambleghast|Brambleghast, L88, F|240/240\n|switch|p2a: Garganacl|Garganacl, L80, M|291/291\n|turn|1\n|inactive|Battle timer is ON: inactive players will automatically lose when time's up. (requested by Blelelepp)\n|\n|t:|1771145616\n|move|p1a: Brambleghast|Leech Seed|p2a: Garganacl|[miss]\n|-miss|p1a: Brambleghast|p2a: Garganacl\n|move|p2a: Garganacl|Salt Cure|p1a: Brambleghast\n|-damage|p1a: Brambleghast|198/240\n|-start|p1a: Brambleghast|Salt Cure\n|\n|-heal|p1a: Brambleghast|213/240|[from] item: Leftovers\n|-damage|p1a: Brambleghast|183/240|[from] Salt Cure\n|upkeep\n|turn|2\n|\n|t:|1771145632\n|switch|p1a: Milotic|Milotic, L83, M|293/293\n|switch|p2a: Decidueye|Decidueye-Hisui, L87, F|295/295\n|\n|upkeep\n|turn|3\n|\n|t:|1771145654\n|switch|p1a: Conkeldurr|Conkeldurr, L80, M|299/299\n|move|p2a: Decidueye|Leaf Blade|p1a: Conkeldurr\n|-damage|p1a: Conkeldurr|185/299\n|\n|-status|p1a: Conkeldurr|brn|[from] item: Flame Orb\n|upkeep\n|turn|4\n|\n|t:|1771145668\n|move|p2a: Decidueye|Triple Arrows|p1a: Conkeldurr\n|-damage|p1a: Conkeldurr|74/299 brn\n|move|p1a: Conkeldurr|Facade|p2a: Decidueye\n|-damage|p2a: Decidueye|96/295\n|\n|-heal|p2a: Decidueye|114/295|[from] item: Leftovers\n|-damage|p1a: Conkeldurr|56/299 brn|[from] brn\n|upkeep\n|turn|5\n|\n|t:|1771145680\n|switch|p2a: Skeledirge|Skeledirge, L79, M|294/294\n|move|p1a: Conkeldurr|Mach Punch|p2a: Skeledirge\n|-immune|p2a: Skeledirge\n|\n|-damage|p1a: Conkeldurr|38/299 brn|[from] brn\n|upkeep\n|turn|6\n|\n|t:|1771145691\n|move|p2a: Skeledirge|Flame Charge|p1a: Conkeldurr\n|-damage|p1a: Conkeldurr|0 fnt\n|-boost|p2a: Skeledirge|spe|1\n|faint|p1a: Conkeldurr\n|\n|upkeep\n|\n|t:|1771145693\n|switch|p1a: Milotic|Milotic, L83, M|293/293\n|turn|7\n|\n|t:|1771145702\n|switch|p2a: Swanna|Swanna, L89, M|278/278\n|move|p1a: Milotic|Dragon Tail|p2a: Swanna\n|-damage|p2a: Swanna|244/278\n|drag|p2a: Garganacl|Garganacl, L80, M|291/291\n|\n|upkeep\n|turn|8\n|\n|t:|1771145712\n|move|p1a: Milotic|Scald|p2a: Garganacl\n|-supereffective|p2a: Garganacl\n|-damage|p2a: Garganacl|97/291\n|move|p2a: Garganacl|Salt Cure|p1a: Milotic\n|-damage|p1a: Milotic|247/293\n|-start|p1a: Milotic|Salt Cure\n|\n|-heal|p1a: Milotic|265/293|[from] item: Leftovers\n|-heal|p2a: Garganacl|115/291|[from] item: Leftovers\n|-damage|p1a: Milotic|192/293|[from] Salt Cure\n|upkeep\n|turn|9\n|\n|t:|1771145724\n|switch|p1a: Brambleghast|Brambleghast, L88, F|183/240\n|switch|p2a: Swanna|Swanna, L89, M|244/278\n|\n|-heal|p1a: Brambleghast|198/240|[from] item: Leftovers\n|upkeep\n|turn|10\n|\n|t:|1771145734\n|switch|p1a: Rampardos|Rampardos, L90, F|321/321\n|move|p2a: Swanna|Brave Bird|p1a: Rampardos\n|-resisted|p1a: Rampardos\n|-damage|p1a: Rampardos|242/321\n|-damage|p2a: Swanna|218/278|[from] Recoil\n|\n|upkeep\n|turn|11\n|\n|t:|1771145743\n|move|p1a: Rampardos|Head Smash|p2a: Swanna\n|-supereffective|p2a: Swanna\n|-damage|p2a: Swanna|0 fnt\n|faint|p2a: Swanna\n|-damage|p1a: Rampardos|133/321|[from] Recoil\n|\n|upkeep\n|\n|t:|1771145752\n|switch|p2a: Garganacl|Garganacl, L80, M|115/291\n|turn|12\n|\n|t:|1771145755\n|move|p1a: Rampardos|Head Smash|p2a: Garganacl\n|-damage|p2a: Garganacl|0 fnt\n|faint|p2a: Garganacl\n|-damage|p1a: Rampardos|75/321|[from] Recoil\n|\n|upkeep\n|\n|t:|1771145760\n|switch|p2a: Decidueye|Decidueye-Hisui, L87, F|114/295\n|turn|13\n|\n|t:|1771145763\n|move|p2a: Decidueye|Sucker Punch|p1a: Rampardos\n|-damage|p1a: Rampardos|1/321\n|move|p1a: Rampardos|Head Smash|p2a: Decidueye|[miss]\n|-miss|p1a: Rampardos|p2a: Decidueye\n|\n|-heal|p2a: Decidueye|132/295|[from] item: Leftovers\n|upkeep\n|turn|14\n|\n|t:|1771145768\n|move|p2a: Decidueye|Sucker Punch|p1a: Rampardos\n|-damage|p1a: Rampardos|0 fnt\n|faint|p1a: Rampardos\n|\n|-heal|p2a: Decidueye|150/295|[from] item: Leftovers\n|upkeep\n|\n|t:|1771145780\n|switch|p1a: Brambleghast|Brambleghast, L88, F|198/240\n|turn|15\n|\n|t:|1771145784\n|move|p1a: Brambleghast|Substitute|p1a: Brambleghast\n|-start|p1a: Brambleghast|Substitute\n|-damage|p1a: Brambleghast|138/240\n|move|p2a: Decidueye|Roost|p2a: Decidueye\n|-heal|p2a: Decidueye|295/295\n|-singleturn|p2a: Decidueye|move: Roost\n|\n|-heal|p1a: Brambleghast|153/240|[from] item: Leftovers\n|upkeep\n|turn|16\n|\n|t:|1771145786\n|move|p1a: Brambleghast|Poltergeist|p2a: Decidueye\n|-activate|p2a: Decidueye|move: Poltergeist|Leftovers\n|-damage|p2a: Decidueye|138/295\n|move|p2a: Decidueye|Triple Arrows|p1a: Brambleghast\n|-end|p1a: Brambleghast|Substitute\n|\n|-heal|p1a: Brambleghast|168/240|[from] item: Leftovers\n|-heal|p2a: Decidueye|156/295|[from] item: Leftovers\n|upkeep\n|turn|17\n|\n|t:|1771145801\n|move|p2a: Decidueye|Sucker Punch|p1a: Brambleghast\n|-supereffective|p1a: Brambleghast\n|-damage|p1a: Brambleghast|32/240\n|move|p1a: Brambleghast|Poltergeist|p2a: Decidueye\n|-activate|p2a: Decidueye|move: Poltergeist|Leftovers\n|-damage|p2a: Decidueye|12/295\n|\n|-heal|p1a: Brambleghast|47/240|[from] item: Leftovers\n|-heal|p2a: Decidueye|30/295|[from] item: Leftovers\n|upkeep\n|turn|18\n|\n|t:|1771145811\n|move|p2a: Decidueye|Sucker Punch||[still]\n|-fail|p2a: Decidueye\n|move|p1a: Brambleghast|Substitute|p1a: Brambleghast\n|-fail|p1a: Brambleghast|move: Substitute|[weak]\n|\n|-heal|p1a: Brambleghast|62/240|[from] item: Leftovers\n|-heal|p2a: Decidueye|48/295|[from] item: Leftovers\n|upkeep\n|turn|19\n|\n|t:|1771145815\n|move|p1a: Brambleghast|Poltergeist|p2a: Decidueye\n|-activate|p2a: Decidueye|move: Poltergeist|Leftovers\n|-damage|p2a: Decidueye|0 fnt\n|faint|p2a: Decidueye\n|\n|-heal|p1a: Brambleghast|77/240|[from] item: Leftovers\n|upkeep\n|\n|t:|1771145820\n|switch|p2a: Darkrai|Darkrai, L77|234/234\n|turn|20\n|\n|t:|1771145832\n|move|p2a: Darkrai|Dark Pulse|p1a: Brambleghast\n|-supereffective|p1a: Brambleghast\n|-damage|p1a: Brambleghast|0 fnt\n|faint|p1a: Brambleghast\n|-damage|p2a: Darkrai|211/234|[from] item: Life Orb\n|\n|upkeep\n|\n|t:|1771145835\n|switch|p1a: Milotic|Milotic, L83, M|192/293\n|turn|21\n|\n|t:|1771145844\n|switch|p2a: Vigoroth|Vigoroth, L85, F|275/275\n|move|p1a: Milotic|Recover|p1a: Milotic\n|-heal|p1a: Milotic|293/293\n|\n|upkeep\n|turn|22\n|\n|t:|1771145850\n|move|p2a: Vigoroth|Bulk Up|p2a: Vigoroth\n|-boost|p2a: Vigoroth|atk|1\n|-boost|p2a: Vigoroth|def|1\n|move|p1a: Milotic|Scald|p2a: Vigoroth\n|-damage|p2a: Vigoroth|196/275\n|-status|p2a: Vigoroth|brn\n|\n|-damage|p2a: Vigoroth|179/275 brn|[from] brn\n|upkeep\n|turn|23\n|\n|t:|1771145852\n|move|p2a: Vigoroth|Bulk Up|p2a: Vigoroth\n|-boost|p2a: Vigoroth|atk|1\n|-boost|p2a: Vigoroth|def|1\n|move|p1a: Milotic|Dragon Tail|p2a: Vigoroth\n|-damage|p2a: Vigoroth|167/275 brn\n|drag|p2a: Skeledirge|Skeledirge, L79, M|294/294\n|\n|upkeep\n|turn|24\n|\n|t:|1771145865\n|switch|p2a: Vigoroth|Vigoroth, L85, F|167/275 brn\n|move|p1a: Milotic|Scald|p2a: Vigoroth\n|-damage|p2a: Vigoroth|85/275 brn\n|\n|-damage|p2a: Vigoroth|68/275 brn|[from] brn\n|upkeep\n|turn|25\n|\n|t:|1771145867\n|move|p2a: Vigoroth|Slack Off|p2a: Vigoroth\n|-heal|p2a: Vigoroth|206/275 brn\n|move|p1a: Milotic|Scald|p2a: Vigoroth\n|-damage|p2a: Vigoroth|124/275 brn\n|\n|-damage|p2a: Vigoroth|107/275 brn|[from] brn\n|upkeep\n|turn|26\n|\n|t:|1771145872\n|move|p2a: Vigoroth|Slack Off|p2a: Vigoroth\n|-heal|p2a: Vigoroth|245/275 brn\n|move|p1a: Milotic|Dragon Tail|p2a: Vigoroth\n|-damage|p2a: Vigoroth|223/275 brn\n|drag|p2a: Skeledirge|Skeledirge, L79, M|294/294\n|\n|upkeep\n|turn|27\n|\n|t:|1771145878\n|-terastallize|p2a: Skeledirge|Water\n|move|p1a: Milotic|Scald|p2a: Skeledirge\n|-resisted|p2a: Skeledirge\n|-damage|p2a: Skeledirge|245/294\n|move|p2a: Skeledirge|Shadow Ball|p1a: Milotic\n|-crit|p1a: Milotic\n|-damage|p1a: Milotic|196/293\n|\n|-heal|p1a: Milotic|214/293|[from] item: Leftovers\n|upkeep\n|turn|28\n|\n|t:|1771145888\n|move|p2a: Skeledirge|Torch Song|p1a: Milotic\n|-resisted|p1a: Milotic\n|-damage|p1a: Milotic|179/293\n|-boost|p2a: Skeledirge|spa|1\n|move|p1a: Milotic|Dragon Tail|p2a: Skeledirge\n|-damage|p2a: Skeledirge|218/294\n|drag|p2a: Darkrai|Darkrai, L77|211/234\n|\n|-heal|p1a: Milotic|197/293|[from] item: Leftovers\n|upkeep\n|turn|29\n|\n|t:|1771145899\n|move|p2a: Darkrai|Hypnosis|p1a: Milotic\n|-status|p1a: Milotic|slp|[from] move: Hypnosis\n|cant|p1a: Milotic|slp\n|\n|-heal|p1a: Milotic|215/293 slp|[from] item: Leftovers\n|-damage|p1a: Milotic|179/293 slp|[from] ability: Bad Dreams|[of] p2a: Darkrai\n|upkeep\n|turn|30\n|\n|t:|1771145905\n|switch|p1a: Gholdengo|Gholdengo, L77|261/261\n|move|p2a: Darkrai|Nasty Plot|p2a: Darkrai\n|-boost|p2a: Darkrai|spa|2\n|\n|upkeep\n|turn|31\n|\n|t:|1771145908\n|move|p2a: Darkrai|Dark Pulse|p1a: Gholdengo\n|-supereffective|p1a: Gholdengo\n|-damage|p1a: Gholdengo|0 fnt\n|faint|p1a: Gholdengo\n|-damage|p2a: Darkrai|188/234|[from] item: Life Orb\n|\n|upkeep\n|\n|t:|1771145910\n|switch|p1a: Drednaw|Drednaw, L81, F|278/278\n|turn|32\n|\n|t:|1771145914\n|-terastallize|p1a: Drednaw|Dark\n|move|p2a: Darkrai|Dark Pulse|p1a: Drednaw\n|-resisted|p1a: Drednaw\n|-damage|p1a: Drednaw|140/278\n|-damage|p2a: Darkrai|165/234|[from] item: Life Orb\n|move|p1a: Drednaw|Shell Smash|p1a: Drednaw\n|-unboost|p1a: Drednaw|def|1\n|-unboost|p1a: Drednaw|spd|1\n|-boost|p1a: Drednaw|atk|2\n|-boost|p1a: Drednaw|spa|2\n|-boost|p1a: Drednaw|spe|2\n|-enditem|p1a: Drednaw|White Herb\n|-clearnegativeboost|p1a: Drednaw|[silent]\n|\n|upkeep\n|turn|33\n|\n|t:|1771145923\n|move|p1a: Drednaw|Liquidation|p2a: Darkrai\n|-damage|p2a: Darkrai|0 fnt\n|faint|p2a: Darkrai\n|\n|upkeep\n|\n|t:|1771145935\n|switch|p2a: Skeledirge|Skeledirge, L79, M, tera:Water|218/294\n|turn|34\n|\n|t:|1771145939\n|move|p1a: Drednaw|Crunch|p2a: Skeledirge\n|-damage|p2a: Skeledirge|76/294\n|-unboost|p2a: Skeledirge|def|1\n|move|p2a: Skeledirge|Torch Song|p1a: Drednaw\n|-damage|p1a: Drednaw|40/278\n|-boost|p2a: Skeledirge|spa|1\n|\n|upkeep\n|turn|35\n|\n|t:|1771145947\n|move|p1a: Drednaw|Crunch|p2a: Skeledirge\n|-damage|p2a: Skeledirge|0 fnt\n|faint|p2a: Skeledirge\n|\n|upkeep\n|\n|t:|1771145949\n|switch|p2a: Vigoroth|Vigoroth, L85, F|223/275 brn\n|turn|36\n|\n|t:|1771145953\n|move|p1a: Drednaw|Crunch|p2a: Vigoroth\n|-damage|p2a: Vigoroth|33/275 brn\n|move|p2a: Vigoroth|Body Slam|p1a: Drednaw\n|-damage|p1a: Drednaw|2/278\n|-status|p1a: Drednaw|par\n|\n|-damage|p2a: Vigoroth|16/275 brn|[from] brn\n|upkeep\n|turn|37\n|\n|t:|1771145965\n|move|p2a: Vigoroth|Slack Off|p2a: Vigoroth\n|-heal|p2a: Vigoroth|154/275 brn\n|move|p1a: Drednaw|Crunch|p2a: Vigoroth\n|-damage|p2a: Vigoroth|0 fnt\n|faint|p2a: Vigoroth\n|\n|win|Jihel\n|raw|Jihel's rating: 1692 &rarr; <strong>1710</strong><br />(+18 for winning)\n|raw|Blelelepp's rating: 1662 &rarr; <strong>1644</strong><br />(-18 for losing)\n", "inputlog": ">version 686819e5e19f8a7fd2345cfc5a08a5085efa2cc3\n>start {\"formatid\":\"gen9randombattle\",\"seed\":\"sodium,9e122439b556e23ae572220b05f6c039\",\"rated\":\"Rated battle\"}\n>player p1 {\"name\":\"Jihel\",\"avatar\":\"169\",\"rating\":1692,\"seed\":\"sodium,1a81477ae641326cbfc29b74bf67f639\"}\n>player p2 {\"name\":\"Blelelepp\",\"avatar\":\"psychicf-gen4\",\"rating\":1662,\"seed\":\"sodium,8dd90917b97689db882d67ab4dfb1883\"}\n>p1 move leechseed\n>p2 move saltcure\n>p1 switch 6\n>p2 switch 6\n>p1 switch 4\n>p2 move leafblade\n>p1 move facade\n>p2 move triplearrows\n>p1 move machpunch\n>p2 switch 2\n>p1 move knockoff\n>p2 move flamecharge\n>p1 switch 4\n>p1 move dragontail\n>p2 switch 5\n>p1 move scald\n>p2 move saltcure\n>p1 switch 6\n>p2 switch 6\n>p1 switch 2\n>p2 move bravebird\n>p1 move headsmash\n>p2 move hydropump\n>p2 switch 6\n>p1 move headsmash\n>p2 move recover\n>p2 switch 2\n>p1 move headsmash\n>p2 move suckerpunch\n>p1 move headsmash\n>p2 move suckerpunch\n>p1 switch 2\n>p1 move substitute\n>p2 move roost\n>p1 move poltergeist\n>p2 move triplearrows\n>p1 move poltergeist\n>p2 move suckerpunch\n>p1 move substitute\n>p2 move suckerpunch\n>p1 move poltergeist\n>p2 move roost\n>p2 switch 4\n>p1 move leechseed\n>p2 move darkpulse\n>p1 switch 6\n>p1 move recover\n>p2 switch 3\n>p1 move scald\n>p2 move bulkup\n>p1 move dragontail\n>p2 move bulkup\n>p1 move scald\n>p2 switch 5\n>p1 move scald\n>p2 move slackoff\n>p1 move dragontail\n>p2 move slackoff\n>p1 move scald\n>p2 move shadowball terastallize\n>p1 move dragontail\n>p2 move torchsong\n>p1 move recover\n>p2 move hypnosis\n>p1 switch 5\n>p2 move nastyplot\n>p1 move makeitrain\n>p2 move darkpulse\n>p1 switch 3\n>p1 move shellsmash terastallize\n>p2 move darkpulse\n>p1 move liquidation\n>p2 move sludgebomb\n>p2 switch 3\n>p1 move crunch\n>p2 move torchsong\n>p1 move crunch\n>p2 move torchsong\n>p2 switch 5\n>p1 move crunch\n>p2 move bodyslam\n>p1 move crunch\n>p2 move slackoff", "uploadtime": 1771145977, "views": 16, "formatid": "gen9randombattle", "rating": 1644, "private": 0, "password": null}