{"id": "gen9randombattle-2540009851", "format": "[Gen 9] Random Battle", "players": ["jjhgv", "jolanjolan"], "log": "|j|☆jjhgv\n|j|☆jolanjolan\n|t:|1771143929\n|gametype|singles\n|player|p1|jjhgv|lillie-masters2|1617\n|player|p2|jolanjolan|265|1601\n|gen|9\n|tier|[Gen 9] Random Battle\n|rated|\n|rule|Species Clause: Limit one of each Pokémon\n|rule|HP Percentage Mod: HP is shown in percentages\n|rule|Sleep Clause Mod: Limit one foe put to sleep\n|rule|Illusion Level Mod: Illusion disguises the Pokémon's true level\n|\n|t:|1771143929\n|teamsize|p1|6\n|teamsize|p2|6\n|start\n|switch|p1a: Slaking|Slaking, L84, F|389/389\n|switch|p2a: Corviknight|Corviknight, L80, F|288/288\n|-ability|p2a: Corviknight|Pressure\n|turn|1\n|\n|t:|1771143950\n|move|p1a: Slaking|Knock Off|p2a: Corviknight\n|-crit|p2a: Corviknight\n|-damage|p2a: Corviknight|135/288\n|-damage|p1a: Slaking|325/389|[from] item: Rocky Helmet|[of] p2a: Corviknight\n|-enditem|p2a: Corviknight|Rocky Helmet|[from] move: Knock Off|[of] p1a: Slaking\n|move|p2a: Corviknight|Body Press|p1a: Slaking\n|-supereffective|p1a: Slaking\n|-damage|p1a: Slaking|219/389\n|\n|upkeep\n|turn|2\n|\n|t:|1771143962\n|switch|p1a: Enamorus|Enamorus, L79, F|247/247\n|move|p2a: Corviknight|Roost|p2a: Corviknight\n|-heal|p2a: Corviknight|279/288\n|-singleturn|p2a: Corviknight|move: Roost\n|\n|upkeep\n|turn|3\n|\n|t:|1771143973\n|move|p1a: Enamorus|Mystical Fire|p2a: Corviknight\n|-supereffective|p2a: Corviknight\n|-damage|p2a: Corviknight|153/288\n|-unboost|p2a: Corviknight|spa|1\n|move|p2a: Corviknight|Brave Bird|p1a: Enamorus\n|-damage|p1a: Enamorus|109/247\n|-damage|p2a: Corviknight|107/288|[from] Recoil\n|\n|upkeep\n|turn|4\n|\n|t:|1771143989\n|move|p1a: Enamorus|Mystical Fire|p2a: Corviknight\n|-supereffective|p2a: Corviknight\n|-damage|p2a: Corviknight|0 fnt\n|faint|p2a: Corviknight\n|\n|upkeep\n|inactive|Battle timer is ON: inactive players will automatically lose when time's up. (requested by jjhgv)\n|\n|t:|1771144001\n|switch|p2a: Weavile|Weavile, L79, M|240/240\n|turn|5\n|inactive|jjhgv has 120 seconds left.\n|\n|t:|1771144032\n|move|p2a: Weavile|Triple Axel|p1a: Enamorus\n|-supereffective|p1a: Enamorus\n|-damage|p1a: Enamorus|49/247\n|-supereffective|p1a: Enamorus\n|-damage|p1a: Enamorus|0 fnt\n|faint|p1a: Enamorus\n|-hitcount|p1: Enamorus|2\n|\n|upkeep\n|\n|t:|1771144035\n|switch|p1a: Scovillain|Scovillain, L91, F|266/266\n|turn|6\n|\n|t:|1771144049\n|move|p1a: Scovillain|Flamethrower|p2a: Weavile\n|-supereffective|p2a: Weavile\n|-damage|p2a: Weavile|0 fnt\n|faint|p2a: Weavile\n|\n|upkeep\n|\n|t:|1771144064\n|switch|p2a: Infernape|Infernape, L82, M|259/259\n|turn|7\n|\n|t:|1771144083\n|move|p1a: Scovillain|Flamethrower|p2a: Infernape\n|-resisted|p2a: Infernape\n|-damage|p2a: Infernape|191/259\n|move|p2a: Infernape|Swords Dance|p2a: Infernape\n|-boost|p2a: Infernape|atk|2\n|\n|upkeep\n|turn|8\n|\n|t:|1771144095\n|move|p1a: Scovillain|Flamethrower|p2a: Infernape\n|-resisted|p2a: Infernape\n|-damage|p2a: Infernape|116/259\n|move|p2a: Infernape|Stone Edge|p1a: Scovillain\n|-supereffective|p1a: Scovillain\n|-damage|p1a: Scovillain|0 fnt\n|faint|p1a: Scovillain\n|-damage|p2a: Infernape|91/259|[from] item: Life Orb\n|\n|upkeep\n|\n|t:|1771144107\n|switch|p1a: Slaking|Slaking, L84, F|219/389\n|turn|9\n|\n|t:|1771144115\n|move|p1a: Slaking|Double-Edge|p2a: Infernape\n|-damage|p2a: Infernape|0 fnt\n|faint|p2a: Infernape\n|-damage|p1a: Slaking|189/389|[from] Recoil\n|\n|upkeep\n|\n|t:|1771144118\n|switch|p2a: Maushold|Maushold, L76|238/238\n|turn|10\n|\n|t:|1771144125\n|switch|p1a: Rhyperior|Rhyperior, L82, F|323/323\n|move|p2a: Maushold|Tidy Up|p2a: Maushold\n|-boost|p2a: Maushold|atk|1\n|-boost|p2a: Maushold|spe|1\n|\n|upkeep\n|turn|11\n|\n|t:|1771144136\n|move|p2a: Maushold|Population Bomb|p1a: Rhyperior\n|-resisted|p1a: Rhyperior\n|-damage|p1a: Rhyperior|311/323\n|-hitcount|p1a: Rhyperior|1\n|move|p1a: Rhyperior|Earthquake|p2a: Maushold\n|-damage|p2a: Maushold|54/238\n|\n|upkeep\n|turn|12\n|\n|t:|1771144147\n|move|p2a: Maushold|Population Bomb|p1a: Rhyperior\n|-resisted|p1a: Rhyperior\n|-damage|p1a: Rhyperior|299/323\n|-resisted|p1a: Rhyperior\n|-damage|p1a: Rhyperior|287/323\n|-resisted|p1a: Rhyperior\n|-damage|p1a: Rhyperior|274/323\n|-resisted|p1a: Rhyperior\n|-damage|p1a: Rhyperior|262/323\n|-resisted|p1a: Rhyperior\n|-damage|p1a: Rhyperior|250/323\n|-resisted|p1a: Rhyperior\n|-damage|p1a: Rhyperior|238/323\n|-resisted|p1a: Rhyperior\n|-damage|p1a: Rhyperior|226/323\n|-resisted|p1a: Rhyperior\n|-crit|p1a: Rhyperior\n|-damage|p1a: Rhyperior|208/323\n|-resisted|p1a: Rhyperior\n|-damage|p1a: Rhyperior|196/323\n|-resisted|p1a: Rhyperior\n|-damage|p1a: Rhyperior|184/323\n|-hitcount|p1a: Rhyperior|10\n|move|p1a: Rhyperior|Earthquake|p2a: Maushold\n|-damage|p2a: Maushold|0 fnt\n|faint|p2a: Maushold\n|\n|upkeep\n|\n|t:|1771144154\n|switch|p2a: Vileplume|Vileplume, L85, F|266/266\n|turn|13\n|\n|t:|1771144161\n|switch|p1a: Venomoth|Venomoth, L84, M|255/255\n|move|p2a: Vileplume|Leech Seed|p1a: Venomoth\n|-start|p1a: Venomoth|move: Leech Seed\n|\n|-damage|p1a: Venomoth|224/255|[from] Leech Seed|[of] p2a: Vileplume\n|upkeep\n|turn|14\n|\n|t:|1771144169\n|move|p1a: Venomoth|Quiver Dance|p1a: Venomoth\n|-boost|p1a: Venomoth|spa|1\n|-boost|p1a: Venomoth|spd|1\n|-boost|p1a: Venomoth|spe|1\n|move|p2a: Vileplume|Sludge Bomb|p1a: Venomoth\n|-resisted|p1a: Venomoth\n|-damage|p1a: Venomoth|186/255\n|\n|-damage|p1a: Venomoth|155/255|[from] Leech Seed|[of] p2a: Vileplume\n|upkeep\n|turn|15\n|\n|t:|1771144173\n|move|p1a: Venomoth|Sludge Wave|p2a: Vileplume\n|-crit|p2a: Vileplume\n|-damage|p2a: Vileplume|44/266\n|move|p2a: Vileplume|Sludge Bomb|p1a: Venomoth\n|-resisted|p1a: Venomoth\n|-crit|p1a: Venomoth\n|-damage|p1a: Venomoth|68/255\n|\n|-heal|p2a: Vileplume|60/266|[from] item: Leftovers\n|-damage|p1a: Venomoth|37/255|[from] Leech Seed|[of] p2a: Vileplume\n|-heal|p2a: Vileplume|91/266|[silent]\n|upkeep\n|turn|16\n|\n|t:|1771144179\n|switch|p2a: Mabosstiff|Mabosstiff, L86, F|278/278\n|move|p1a: Venomoth|Sludge Wave|p2a: Mabosstiff\n|-damage|p2a: Mabosstiff|127/278\n|\n|-damage|p1a: Venomoth|6/255|[from] Leech Seed|[of] p2a: Mabosstiff\n|-heal|p2a: Mabosstiff|158/278|[silent]\n|upkeep\n|turn|17\n|\n|t:|1771144189\n|move|p1a: Venomoth|Bug Buzz|p2a: Mabosstiff\n|-supereffective|p2a: Mabosstiff\n|-damage|p2a: Mabosstiff|0 fnt\n|faint|p2a: Mabosstiff\n|\n|upkeep\n|-message|jolanjolan forfeited.\n|\n|win|jjhgv\n|raw|jjhgv's rating: 1617 &rarr; <strong>1636</strong><br />(+19 for winning)\n|raw|jolanjolan's rating: 1601 &rarr; <strong>1582</strong><br />(-19 for losing)\n|l|☆jolanjolan\n|player|p2|\n", "inputlog": ">version 686819e5e19f8a7fd2345cfc5a08a5085efa2cc3\n>start {\"formatid\":\"gen9randombattle\",\"seed\":\"sodium,cca900e5b0be8c91765df30b5f838732\",\"rated\":\"Rated battle\"}\n>player p1 {\"name\":\"jjhgv\",\"avatar\":\"lillie-masters2\",\"rating\":1617,\"seed\":\"sodium,c67ea54a8b019ef8f022795c1d4451a5\"}\n>player p2 {\"name\":\"jolanjolan\",\"avatar\":\"265\",\"rating\":1601,\"seed\":\"sodium,513a731c70b890087ad0a7792490309d\"}\n>p1 move knockoff\n>p2 move bodypress\n>p1 switch 6\n>p2 move roost\n>p1 move mysticalfire\n>p2 move bravebird\n>p1 move mysticalfire\n>p2 move bravebird\n>p2 switch 2\n>p1 move moonblast\n>p2 move tripleaxel\n>p1 switch 2\n>p1 move flamethrower\n>p2 move tripleaxel\n>p2 switch 4\n>p1 move flamethrower\n>p2 move swordsdance\n>p1 move flamethrower\n>p2 move stoneedge\n>p1 switch 6\n>p1 move doubleedge\n>p2 move closecombat\n>p2 switch 3\n>p1 switch 5\n>p2 move tidyup\n>p1 move earthquake\n>p2 move populationbomb\n>p1 move earthquake\n>p2 move populationbomb\n>p2 switch 6\n>p1 switch 4\n>p2 move leechseed\n>p1 move quiverdance\n>p2 move sludgebomb\n>p1 move sludgewave\n>p2 move sludgebomb\n>p1 move sludgewave\n>p2 switch 5\n>p1 move bugbuzz\n>p2 move crunch\n>forcelose p2", "uploadtime": 1771144195, "views": 17, "formatid": "gen9randombattle", "rating": 1582, "private": 0, "password": null}