{"id": "gen9randombattle-2540764739", "format": "[Gen 9] Random Battle", "players": ["FantasyWind", "sss4399"], "log": "|j|‽FantasyWind\n|j|☆sss4399\n|t:|1771251398\n|gametype|singles\n|player|p1|FantasyWind|rosa|1707\n|player|p2|sss4399|2|1657\n|gen|9\n|tier|[Gen 9] Random Battle\n|rated|\n|rule|Species Clause: Limit one of each Pokémon\n|rule|HP Percentage Mod: HP is shown in percentages\n|rule|Sleep Clause Mod: Limit one foe put to sleep\n|rule|Illusion Level Mod: Illusion disguises the Pokémon's true level\n|\n|t:|1771251398\n|teamsize|p1|6\n|teamsize|p2|6\n|start\n|switch|p1a: Torkoal|Torkoal, L88, F|266/266\n|switch|p2a: Haxorus|Haxorus, L77, F|244/244\n|-ability|p2a: Haxorus|Mold Breaker\n|-weather|SunnyDay|[from] ability: Drought|[of] p1a: Torkoal\n|turn|1\n|inactive|Battle timer is ON: inactive players will automatically lose when time's up. (requested by sss4399)\n|inactive|FantasyWind also wants the timer to be on.\n|\n|t:|1771251414\n|switch|p2a: Snorlax|Snorlax, L82, M|397/397\n|move|p1a: Torkoal|Lava Plume|p2a: Snorlax\n|-damage|p2a: Snorlax|345/397\n|\n|-weather|SunnyDay|[upkeep]\n|-heal|p2a: Snorlax|369/397|[from] item: Leftovers\n|upkeep\n|turn|2\n|\n|t:|1771251426\n|switch|p1a: Spectrier|Spectrier, L75|274/274\n|move|p2a: Snorlax|Body Slam|p1a: Spectrier\n|-immune|p1a: Spectrier\n|\n|-weather|SunnyDay|[upkeep]\n|-heal|p2a: Snorlax|393/397|[from] item: Leftovers\n|upkeep\n|turn|3\n|\n|t:|1771251432\n|move|p1a: Spectrier|Will-O-Wisp|p2a: Snorlax\n|-status|p2a: Snorlax|brn\n|move|p2a: Snorlax|Curse|p2a: Snorlax\n|-unboost|p2a: Snorlax|spe|1\n|-boost|p2a: Snorlax|atk|1\n|-boost|p2a: Snorlax|def|1\n|\n|-weather|SunnyDay|[upkeep]\n|-heal|p2a: Snorlax|397/397 brn|[from] item: Leftovers\n|-damage|p2a: Snorlax|373/397 brn|[from] brn\n|upkeep\n|turn|4\n|\n|t:|1771251436\n|move|p1a: Spectrier|Nasty Plot|p1a: Spectrier\n|-boost|p1a: Spectrier|spa|2\n|move|p2a: Snorlax|Curse|p2a: Snorlax\n|-unboost|p2a: Snorlax|spe|1\n|-boost|p2a: Snorlax|atk|1\n|-boost|p2a: Snorlax|def|1\n|\n|-weather|SunnyDay|[upkeep]\n|-heal|p2a: Snorlax|397/397 brn|[from] item: Leftovers\n|-damage|p2a: Snorlax|373/397 brn|[from] brn\n|upkeep\n|turn|5\n|\n|t:|1771251440\n|-terastallize|p1a: Spectrier|Fighting\n|move|p1a: Spectrier|Tera Blast|p2a: Snorlax|[anim] Tera Blast Fighting\n|-supereffective|p2a: Snorlax\n|-damage|p2a: Snorlax|0 fnt\n|faint|p2a: Snorlax\n|-ability|p1a: Spectrier|Grim Neigh|boost\n|-boost|p1a: Spectrier|spa|1\n|-damage|p1a: Spectrier|247/274|[from] item: Life Orb\n|\n|-weather|none\n|upkeep\n|\n|t:|1771251451\n|switch|p2a: Yanmega|Yanmega, L82, F|275/275\n|turn|6\n|\n|t:|1771251454\n|move|p1a: Spectrier|Shadow Ball|p2a: Yanmega\n|-damage|p2a: Yanmega|0 fnt\n|faint|p2a: Yanmega\n|-ability|p1a: Spectrier|Grim Neigh|boost\n|-boost|p1a: Spectrier|spa|1\n|-damage|p1a: Spectrier|220/274|[from] item: Life Orb\n|\n|upkeep\n|-message|sss4399 forfeited.\n|\n|win|FantasyWind\n|raw|FantasyWind's rating: 1707 &rarr; <strong>1724</strong><br />(+17 for winning)\n|raw|sss4399's rating: 1657 &rarr; <strong>1640</strong><br />(-17 for losing)\n|l|☆sss4399\n|player|p2|\n", "inputlog": ">version 686819e5e19f8a7fd2345cfc5a08a5085efa2cc3\n>start {\"formatid\":\"gen9randombattle\",\"seed\":\"sodium,a040fb1b63736a1400a875639d7dbbdf\",\"rated\":\"Rated battle\"}\n>player p1 {\"name\":\"FantasyWind\",\"avatar\":\"rosa\",\"rating\":1707,\"seed\":\"sodium,533c5f82d4fa522dcea60aa55b21953a\"}\n>player p2 {\"name\":\"sss4399\",\"avatar\":\"2\",\"rating\":1657,\"seed\":\"sodium,9bd3776e392e9212ef6a1b6cb5216ad4\"}\n>p1 move lavaplume\n>p2 switch 6\n>p1 switch 6\n>p2 move bodyslam\n>p1 move willowisp\n>p2 move curse\n>p1 move nastyplot\n>p2 move curse\n>p1 move terablast terastallize\n>p2 move curse\n>p2 switch 3\n>p1 move shadowball\n>p2 move airslash\n>forcelose p2", "uploadtime": 1771251464, "views": 5, "formatid": "gen9randombattle", "rating": 1640, "private": 0, "password": null}