{"id": "gen9randombattle-2540272417", "format": "[Gen 9] Random Battle", "players": ["Micael Lopes", "yi zaha112"], "log": "|j|☆Micael Lopes\n|j|☆yi zaha112\n|t:|1771183195\n|gametype|singles\n|player|p1|Micael Lopes|benga|1785\n|player|p2|yi zaha112|1|1785\n|gen|9\n|tier|[Gen 9] Random Battle\n|rated|\n|rule|Species Clause: Limit one of each Pokémon\n|rule|HP Percentage Mod: HP is shown in percentages\n|rule|Sleep Clause Mod: Limit one foe put to sleep\n|rule|Illusion Level Mod: Illusion disguises the Pokémon's true level\n|\n|t:|1771183195\n|teamsize|p1|6\n|teamsize|p2|6\n|start\n|switch|p1a: Amoonguss|Amoonguss, L82, M|321/321\n|switch|p2a: Ceruledge|Ceruledge, L78, F|245/245\n|turn|1\n|inactive|Battle timer is ON: inactive players will automatically lose when time's up. (requested by yi zaha112)\n|inactive|Micael Lopes also wants the timer to be on.\n|\n|t:|1771183207\n|move|p2a: Ceruledge|Bitter Blade|p1a: Amoonguss\n|-supereffective|p1a: Amoonguss\n|-damage|p1a: Amoonguss|51/321\n|-damage|p2a: Ceruledge|205/245|[from] item: Rocky Helmet|[of] p1a: Amoonguss\n|move|p1a: Amoonguss|Spore|p2a: Ceruledge\n|-status|p2a: Ceruledge|slp|[from] move: Spore\n|\n|upkeep\n|turn|2\n|\n|t:|1771183212\n|switch|p1a: Arbok|Arbok, L87, M|246/246\n|-ability|p1a: Arbok|Intimidate|boost\n|-unboost|p2a: Ceruledge|atk|1\n|cant|p2a: Ceruledge|slp\n|\n|upkeep\n|turn|3\n|\n|t:|1771183220\n|switch|p2a: Rayquaza|Rayquaza, L72|270/270\n|-ability|p2a: Rayquaza|Air Lock\n|move|p1a: Arbok|Coil|p1a: Arbok\n|-boost|p1a: Arbok|atk|1\n|-boost|p1a: Arbok|def|1\n|-boost|p1a: Arbok|accuracy|1\n|\n|upkeep\n|turn|4\n|\n|t:|1771183235\n|move|p1a: Arbok|Trailblaze|p2a: Rayquaza\n|-resisted|p2a: Rayquaza\n|-damage|p2a: Rayquaza|255/270\n|-boost|p1a: Arbok|spe|1\n|move|p2a: Rayquaza|Earthquake|p1a: Arbok\n|-supereffective|p1a: Arbok\n|-damage|p1a: Arbok|86/246\n|\n|-heal|p1a: Arbok|101/246|[from] item: Leftovers\n|upkeep\n|turn|5\n|\n|t:|1771183238\n|move|p1a: Arbok|Gunk Shot|p2a: Rayquaza\n|-damage|p2a: Rayquaza|48/270\n|move|p2a: Rayquaza|Earthquake|p1a: Arbok\n|-supereffective|p1a: Arbok\n|-damage|p1a: Arbok|0 fnt\n|faint|p1a: Arbok\n|\n|upkeep\n|\n|t:|1771183241\n|switch|p1a: Weavile|Weavile, L79, F|240/240\n|turn|6\n|\n|t:|1771183249\n|switch|p2a: Ceruledge|Ceruledge, L78, F|205/245 slp\n|move|p1a: Weavile|Swords Dance|p1a: Weavile\n|-boost|p1a: Weavile|atk|2\n|\n|upkeep\n|turn|7\n|\n|t:|1771183271\n|move|p1a: Weavile|Knock Off|p2a: Ceruledge\n|-supereffective|p2a: Ceruledge\n|-damage|p2a: Ceruledge|0 fnt\n|-enditem|p2a: Ceruledge|Heavy-Duty Boots|[from] move: Knock Off|[of] p1a: Weavile\n|faint|p2a: Ceruledge\n|\n|upkeep\n|\n|t:|1771183273\n|switch|p2a: Poliwrath|Poliwrath, L88, F|302/302\n|turn|8\n|\n|t:|1771183278\n|switch|p1a: Wo-Chien|Wo-Chien, L83|277/277\n|-ability|p1a: Wo-Chien|Tablets of Ruin\n|move|p2a: Poliwrath|Liquidation|p1a: Wo-Chien\n|-resisted|p1a: Wo-Chien\n|-damage|p1a: Wo-Chien|246/277\n|-unboost|p1a: Wo-Chien|def|1\n|\n|-heal|p1a: Wo-Chien|263/277|[from] item: Leftovers\n|upkeep\n|turn|9\n|\n|t:|1771183288\n|switch|p2a: Zekrom|Zekrom, L71|259/259\n|-ability|p2a: Zekrom|Teravolt\n|switch|p1a: Amoonguss|Amoonguss, L82, M|158/321\n|\n|upkeep\n|turn|10\n|\n|t:|1771183315\n|switch|p1a: Weavile|Weavile, L79, F|240/240\n|move|p2a: Zekrom|Substitute|p2a: Zekrom\n|-start|p2a: Zekrom|Substitute\n|-damage|p2a: Zekrom|195/259\n|\n|-heal|p2a: Zekrom|211/259|[from] item: Leftovers\n|upkeep\n|turn|11\n|inactive|Micael Lopes has 120 seconds left.\n|\n|t:|1771183332\n|move|p1a: Weavile|Triple Axel|p2a: Zekrom\n|-supereffective|p2a: Zekrom\n|-activate|p2a: Zekrom|move: Substitute|[damage]\n|-supereffective|p2a: Zekrom\n|-end|p2a: Zekrom|Substitute\n|-supereffective|p2a: Zekrom\n|-damage|p2a: Zekrom|89/259\n|-hitcount|p2a: Zekrom|3\n|move|p2a: Zekrom|Bolt Strike|p1a: Weavile\n|-damage|p1a: Weavile|59/240\n|\n|-heal|p2a: Zekrom|105/259|[from] item: Leftovers\n|upkeep\n|turn|12\n|\n|t:|1771183342\n|move|p1a: Weavile|Knock Off|p2a: Zekrom\n|-damage|p2a: Zekrom|11/259\n|-enditem|p2a: Zekrom|Leftovers|[from] move: Knock Off|[of] p1a: Weavile\n|move|p2a: Zekrom|Bolt Strike|p1a: Weavile\n|-damage|p1a: Weavile|0 fnt\n|faint|p1a: Weavile\n|\n|upkeep\n|\n|t:|1771183347\n|switch|p1a: Girafarig|Girafarig, L89, F|269/269\n|turn|13\n|\n|t:|1771183352\n|move|p1a: Girafarig|Dazzling Gleam|p2a: Zekrom\n|-supereffective|p2a: Zekrom\n|-damage|p2a: Zekrom|0 fnt\n|faint|p2a: Zekrom\n|\n|upkeep\n|\n|t:|1771183365\n|switch|p2a: Dachsbun|Dachsbun, L92, F|254/254\n|turn|14\n|\n|t:|1771183372\n|switch|p1a: Wo-Chien|Wo-Chien, L83|263/277\n|-ability|p1a: Wo-Chien|Tablets of Ruin\n|move|p2a: Dachsbun|Yawn|p1a: Wo-Chien\n|-start|p1a: Wo-Chien|move: Yawn|[of] p2a: Dachsbun\n|\n|-heal|p1a: Wo-Chien|277/277|[from] item: Leftovers\n|upkeep\n|turn|15\n|\n|t:|1771183378\n|switch|p1a: Amoonguss|Amoonguss, L82, M|265/321\n|move|p2a: Dachsbun|Protect||[still]\n|-fail|p2a: Dachsbun\n|\n|upkeep\n|turn|16\n|\n|t:|1771183381\n|move|p2a: Dachsbun|Yawn|p1a: Amoonguss\n|-start|p1a: Amoonguss|move: Yawn|[of] p2a: Dachsbun\n|move|p1a: Amoonguss|Spore|p2a: Dachsbun\n|-status|p2a: Dachsbun|slp|[from] move: Spore\n|\n|upkeep\n|turn|17\n|\n|t:|1771183388\n|switch|p1a: Wo-Chien|Wo-Chien, L83|277/277\n|-ability|p1a: Wo-Chien|Tablets of Ruin\n|cant|p2a: Dachsbun|slp\n|\n|upkeep\n|turn|18\n|\n|t:|1771183409\n|-curestatus|p2a: Dachsbun|slp|[msg]\n|move|p2a: Dachsbun|Yawn|p1a: Wo-Chien\n|-start|p1a: Wo-Chien|move: Yawn|[of] p2a: Dachsbun\n|move|p1a: Wo-Chien|Knock Off|p2a: Dachsbun\n|-resisted|p2a: Dachsbun\n|-damage|p2a: Dachsbun|223/254\n|-enditem|p2a: Dachsbun|Leftovers|[from] move: Knock Off|[of] p1a: Wo-Chien\n|\n|upkeep\n|turn|19\n|\n|t:|1771183416\n|move|p2a: Dachsbun|Play Rough|p1a: Wo-Chien|[miss]\n|-miss|p2a: Dachsbun|p1a: Wo-Chien\n|move|p1a: Wo-Chien|Leech Seed|p2a: Dachsbun\n|-start|p2a: Dachsbun|move: Leech Seed\n|\n|-damage|p2a: Dachsbun|192/254|[from] Leech Seed|[of] p1a: Wo-Chien\n|-end|p1a: Wo-Chien|move: Yawn|[silent]\n|-status|p1a: Wo-Chien|slp\n|upkeep\n|turn|20\n|\n|t:|1771183422\n|switch|p2a: Poliwrath|Poliwrath, L88, F|302/302\n|switch|p1a: Amoonguss|Amoonguss, L82, M|321/321\n|\n|upkeep\n|turn|21\n|\n|t:|1771183431\n|move|p2a: Poliwrath|Ice Punch|p1a: Amoonguss\n|-supereffective|p1a: Amoonguss\n|-damage|p1a: Amoonguss|181/321\n|-damage|p2a: Poliwrath|252/302|[from] item: Rocky Helmet|[of] p1a: Amoonguss\n|move|p1a: Amoonguss|Spore|p2a: Poliwrath\n|-status|p2a: Poliwrath|slp|[from] move: Spore\n|\n|-heal|p2a: Poliwrath|270/302 slp|[from] item: Leftovers\n|upkeep\n|turn|22\n|\n|t:|1771183458\n|cant|p2a: Poliwrath|slp\n|move|p1a: Amoonguss|Sludge Bomb|p2a: Poliwrath\n|-damage|p2a: Poliwrath|189/302 slp\n|\n|-heal|p2a: Poliwrath|207/302 slp|[from] item: Leftovers\n|upkeep\n|turn|23\n|\n|t:|1771183469\n|-curestatus|p2a: Poliwrath|slp|[msg]\n|move|p2a: Poliwrath|Ice Punch|p1a: Amoonguss\n|-supereffective|p1a: Amoonguss\n|-damage|p1a: Amoonguss|51/321\n|-damage|p2a: Poliwrath|157/302|[from] item: Rocky Helmet|[of] p1a: Amoonguss\n|move|p1a: Amoonguss|Giga Drain|p2a: Poliwrath\n|-supereffective|p2a: Poliwrath\n|-damage|p2a: Poliwrath|17/302\n|-heal|p1a: Amoonguss|121/321|[from] drain|[of] p2a: Poliwrath\n|\n|-heal|p2a: Poliwrath|35/302|[from] item: Leftovers\n|upkeep\n|turn|24\n|\n|t:|1771183475\n|switch|p1a: Girafarig|Girafarig, L89, F|269/269\n|move|p2a: Poliwrath|Ice Punch|p1a: Girafarig\n|-damage|p1a: Girafarig|223/269\n|\n|-heal|p2a: Poliwrath|53/302|[from] item: Leftovers\n|upkeep\n|turn|25\n|\n|t:|1771183481\n|move|p1a: Girafarig|Psychic|p2a: Poliwrath\n|-supereffective|p2a: Poliwrath\n|-damage|p2a: Poliwrath|0 fnt\n|faint|p2a: Poliwrath\n|\n|upkeep\n|\n|t:|1771183485\n|switch|p2a: Dachsbun|Dachsbun, L92, F|192/254\n|turn|26\n|\n|t:|1771183492\n|switch|p1a: Amoonguss|Amoonguss, L82, M|228/321\n|move|p2a: Dachsbun|Play Rough|p1a: Amoonguss|[miss]\n|-miss|p2a: Dachsbun|p1a: Amoonguss\n|\n|upkeep\n|turn|27\n|\n|t:|1771183508\n|switch|p2a: Palossand|Palossand, L89, F|296/296\n|move|p1a: Amoonguss|Spore|p2a: Palossand\n|-status|p2a: Palossand|slp|[from] move: Spore\n|\n|upkeep\n|turn|28\n|\n|t:|1771183530\n|-terastallize|p2a: Palossand|Poison\n|cant|p2a: Palossand|slp\n|move|p1a: Amoonguss|Giga Drain|p2a: Palossand\n|-resisted|p2a: Palossand\n|-damage|p2a: Palossand|260/296 slp\n|-heal|p1a: Amoonguss|246/321|[from] drain|[of] p2a: Palossand\n|\n|-heal|p2a: Palossand|278/296 slp|[from] item: Leftovers\n|upkeep\n|turn|29\n|\n|t:|1771183536\n|switch|p1a: Wo-Chien|Wo-Chien, L83|277/277 slp\n|-ability|p1a: Wo-Chien|Tablets of Ruin\n|-curestatus|p2a: Palossand|slp|[msg]\n|move|p2a: Palossand|Earth Power|p1a: Wo-Chien\n|-resisted|p1a: Wo-Chien\n|-damage|p1a: Wo-Chien|241/277 slp\n|\n|-heal|p1a: Wo-Chien|258/277 slp|[from] item: Leftovers\n|-heal|p2a: Palossand|296/296|[from] item: Leftovers\n|upkeep\n|turn|30\n|\n|t:|1771183545\n|cant|p1a: Wo-Chien|slp\n|move|p2a: Palossand|Stealth Rock|p1a: Wo-Chien\n|-sidestart|p1: Micael Lopes|move: Stealth Rock\n|\n|-heal|p1a: Wo-Chien|275/277 slp|[from] item: Leftovers\n|upkeep\n|turn|31\n|\n|t:|1771183548\n|switch|p2a: Dachsbun|Dachsbun, L92, F|192/254\n|-curestatus|p1a: Wo-Chien|slp|[msg]\n|move|p1a: Wo-Chien|Leech Seed|p2a: Dachsbun|[miss]\n|-miss|p1a: Wo-Chien|p2a: Dachsbun\n|\n|-heal|p1a: Wo-Chien|277/277|[from] item: Leftovers\n|upkeep\n|turn|32\n|\n|t:|1771183550\n|move|p2a: Dachsbun|Wish|p2a: Dachsbun\n|move|p1a: Wo-Chien|Leech Seed|p2a: Dachsbun\n|-start|p2a: Dachsbun|move: Leech Seed\n|\n|-damage|p2a: Dachsbun|161/254|[from] Leech Seed|[of] p1a: Wo-Chien\n|upkeep\n|turn|33\n|\n|t:|1771183563\n|move|p2a: Dachsbun|Yawn|p1a: Wo-Chien\n|-start|p1a: Wo-Chien|move: Yawn|[of] p2a: Dachsbun\n|move|p1a: Wo-Chien|Ruination|p2a: Dachsbun\n|-damage|p2a: Dachsbun|81/254\n|\n|-heal|p2a: Dachsbun|208/254|[from] move: Wish|[wisher] Dachsbun\n|-damage|p2a: Dachsbun|177/254|[from] Leech Seed|[of] p1a: Wo-Chien\n|upkeep\n|turn|34\n|\n|t:|1771183571\n|switch|p1a: Amoonguss|Amoonguss, L82, M|321/321\n|-damage|p1a: Amoonguss|281/321|[from] Stealth Rock\n|move|p2a: Dachsbun|Yawn|p1a: Amoonguss\n|-start|p1a: Amoonguss|move: Yawn|[of] p2a: Dachsbun\n|\n|-damage|p2a: Dachsbun|146/254|[from] Leech Seed|[of] p1a: Amoonguss\n|-heal|p1a: Amoonguss|312/321|[silent]\n|upkeep\n|turn|35\n|\n|t:|1771183577\n|switch|p1a: Girafarig|Girafarig, L89, F|223/269\n|-damage|p1a: Girafarig|190/269|[from] Stealth Rock\n|move|p2a: Dachsbun|Protect||[still]\n|-fail|p2a: Dachsbun\n|\n|-damage|p2a: Dachsbun|115/254|[from] Leech Seed|[of] p1a: Girafarig\n|-heal|p1a: Girafarig|221/269|[silent]\n|upkeep\n|turn|36\n|\n|t:|1771183603\n|switch|p2a: Palossand|Palossand, L89, F, tera:Poison|296/296\n|move|p1a: Girafarig|Nasty Plot|p1a: Girafarig\n|-boost|p1a: Girafarig|spa|2\n|\n|upkeep\n|turn|37\n|\n|t:|1771183611\n|move|p1a: Girafarig|Psychic|p2a: Palossand\n|-supereffective|p2a: Palossand\n|-damage|p2a: Palossand|0 fnt\n|faint|p2a: Palossand\n|\n|upkeep\n|\n|t:|1771183620\n|switch|p2a: Dachsbun|Dachsbun, L92, F|115/254\n|turn|38\n|-message|yi zaha112 forfeited.\n|\n|win|Micael Lopes\n|raw|Micael Lopes's rating: 1782 &rarr; <strong>1802</strong><br />(+20 for winning)\n|raw|yi zaha112's rating: 1785 &rarr; <strong>1765</strong><br />(-20 for losing)\n|l|☆yi zaha112\n|player|p2|\n|c|☆Micael Lopes|**__Sexy game.__**\n", "inputlog": ">version 686819e5e19f8a7fd2345cfc5a08a5085efa2cc3\n>start {\"formatid\":\"gen9randombattle\",\"seed\":\"sodium,cc514eb5bf6892e5ac0b51ffe685af96\",\"rated\":\"Rated battle\"}\n>player p1 {\"name\":\"Micael Lopes\",\"avatar\":\"benga\",\"rating\":1785,\"seed\":\"sodium,24477bee8aa284b947da7f4f74da5e8e\"}\n>player p2 {\"name\":\"yi zaha112\",\"avatar\":\"1\",\"rating\":1785,\"seed\":\"sodium,8fc0c78b849b4e1bc3348f8203bfbfb6\"}\n>p1 move spore\n>p2 move bitterblade\n>p1 switch 3\n>p2 move bitterblade\n>p1 move coil\n>p2 switch 3\n>p1 move trailblaze\n>p2 move earthquake\n>p1 move gunkshot\n>p2 move earthquake\n>p1 switch 4\n>p1 move swordsdance\n>p2 switch 3\n>p1 move knockoff\n>p2 move bitterblade\n>p2 switch 2\n>p1 switch 2\n>p2 move liquidation\n>p1 switch 3\n>p2 switch 5\n>p1 switch 2\n>p2 move substitute\n>p1 move tripleaxel\n>p2 move boltstrike\n>p1 move knockoff\n>p2 move boltstrike\n>p1 switch 6\n>p1 move dazzlinggleam\n>p2 move boltstrike\n>p2 switch 4\n>p1 switch 3\n>p2 move yawn\n>p1 switch 2\n>p2 move protect\n>p1 move spore\n>p2 move yawn\n>p1 switch 2\n>p2 move wish\n>p1 move knockoff\n>p2 move yawn\n>p1 move leechseed\n>p2 move playrough\n>p1 switch 2\n>p2 switch 5\n>p1 move spore\n>p2 move icepunch\n>p1 move sludgebomb\n>p2 move icepunch\n>p1 move gigadrain\n>p2 move icepunch\n>p1 switch 3\n>p2 move icepunch\n>p1 move psychic\n>p2 move icepunch\n>p2 switch 5\n>p1 switch 3\n>p2 move playrough\n>p1 move spore\n>p2 switch 6\n>p1 move gigadrain\n>p2 move shadowball terastallize\n>p1 switch 2\n>p2 move earthpower\n>p1 move leechseed\n>p2 move stealthrock\n>p1 move leechseed\n>p2 switch 6\n>p1 move leechseed\n>p2 move wish\n>p1 move ruination\n>p2 move yawn\n>p1 switch 2\n>p2 move yawn\n>p1 switch 3\n>p2 move protect\n>p1 move nastyplot\n>p2 switch 6\n>p1 move psychic\n>p2 move earthpower\n>p2 switch 6\n>forcelose p2", "uploadtime": 1771183631, "views": 9, "formatid": "gen9randombattle", "rating": 1765, "private": 0, "password": null}