{"id": "gen9randombattle-2540799709", "format": "[Gen 9] Random Battle", "players": ["magicmurderb4g", "armando272"], "log": "|j|☆magicmurderb4g\n|j|☆armando272\n|t:|1771255297\n|gametype|singles\n|player|p1|magicmurderb4g|swimmer-gen4|1635\n|player|p2|armando272|cyrus|1655\n|gen|9\n|tier|[Gen 9] Random Battle\n|rated|\n|rule|Species Clause: Limit one of each Pokémon\n|rule|HP Percentage Mod: HP is shown in percentages\n|rule|Sleep Clause Mod: Limit one foe put to sleep\n|rule|Illusion Level Mod: Illusion disguises the Pokémon's true level\n|\n|t:|1771255297\n|teamsize|p1|6\n|teamsize|p2|6\n|start\n|switch|p1a: Phione|Phione, L91|293/293\n|switch|p2a: Samurott|Samurott, L88, M|310/310\n|turn|1\n|inactive|Battle timer is ON: inactive players will automatically lose when time's up. (requested by magicmurderb4g)\n|j| Albrtix\n|\n|t:|1771255307\n|move|p1a: Phione|Take Heart|p1a: Phione\n|-boost|p1a: Phione|spa|1\n|-boost|p1a: Phione|spd|1\n|move|p2a: Samurott|Swords Dance|p2a: Samurott\n|-boost|p2a: Samurott|atk|2\n|\n|upkeep\n|turn|2\n|\n|t:|1771255314\n|move|p1a: Phione|Scald|p2a: Samurott\n|-resisted|p2a: Samurott\n|-crit|p2a: Samurott\n|-damage|p2a: Samurott|207/310\n|move|p2a: Samurott|Sacred Sword|p1a: Phione\n|-damage|p1a: Phione|106/293\n|-damage|p2a: Samurott|176/310|[from] item: Life Orb\n|\n|-heal|p1a: Phione|124/293|[from] item: Leftovers\n|upkeep\n|turn|3\n|\n|t:|1771255321\n|move|p1a: Phione|Scald|p2a: Samurott\n|-resisted|p2a: Samurott\n|-damage|p2a: Samurott|104/310\n|-status|p2a: Samurott|brn\n|move|p2a: Samurott|Sacred Sword|p1a: Phione\n|-crit|p1a: Phione\n|-damage|p1a: Phione|0 fnt\n|faint|p1a: Phione\n|-damage|p2a: Samurott|73/310 brn|[from] item: Life Orb\n|\n|-damage|p2a: Samurott|54/310 brn|[from] brn\n|upkeep\n|\n|t:|1771255330\n|switch|p1a: Rillaboom|Rillaboom, L79, M|288/288\n|-fieldstart|move: Grassy Terrain|[from] ability: Grassy Surge|[of] p1a: Rillaboom\n|turn|4\n|\n|t:|1771255339\n|move|p1a: Rillaboom|U-turn|p2a: Samurott\n|-damage|p2a: Samurott|0 fnt\n|faint|p2a: Samurott\n|\n|t:|1771255347\n|switch|p1a: Kleavor|Kleavor, L78, F|237/237|[from] U-turn\n|\n|upkeep\n|\n|t:|1771255356\n|switch|p2a: Breloom|Breloom, L83, F|235/235\n|turn|5\n|\n|t:|1771255370\n|move|p1a: Kleavor|U-turn|p2a: Breloom\n|-damage|p2a: Breloom|100/235\n|\n|t:|1771255373\n|switch|p1a: Rillaboom|Rillaboom, L79, M|288/288|[from] U-turn\n|move|p2a: Breloom|Bullet Seed|p1a: Rillaboom\n|-resisted|p1a: Rillaboom\n|-damage|p1a: Rillaboom|248/288\n|-resisted|p1a: Rillaboom\n|-damage|p1a: Rillaboom|205/288\n|-hitcount|p1a: Rillaboom|2\n|-damage|p2a: Breloom|77/235|[from] item: Life Orb\n|\n|-heal|p1a: Rillaboom|223/288|[from] Grassy Terrain\n|-heal|p2a: Breloom|91/235|[from] Grassy Terrain\n|upkeep\n|turn|6\n|\n|t:|1771255401\n|move|p1a: Rillaboom|U-turn|p2a: Breloom\n|-damage|p2a: Breloom|10/235\n|\n|t:|1771255420\n|switch|p1a: Glaceon|Glaceon, L94, F|275/275|[from] U-turn\n|move|p2a: Breloom|Bullet Seed|p1a: Glaceon\n|-damage|p1a: Glaceon|207/275\n|-damage|p1a: Glaceon|149/275\n|-damage|p1a: Glaceon|81/275\n|-hitcount|p1a: Glaceon|3\n|-damage|p2a: Breloom|0 fnt|[from] item: Life Orb\n|faint|p2a: Breloom\n|\n|-heal|p1a: Glaceon|98/275|[from] Grassy Terrain\n|upkeep\n|\n|t:|1771255435\n|switch|p2a: Sandy Shocks|Sandy Shocks, L80|267/267\n|turn|7\n|\n|t:|1771255441\n|move|p2a: Sandy Shocks|Thunderbolt|p1a: Glaceon\n|-damage|p1a: Glaceon|10/275\n|move|p1a: Glaceon|Freeze-Dry|p2a: Sandy Shocks\n|-supereffective|p2a: Sandy Shocks\n|-damage|p2a: Sandy Shocks|37/267\n|\n|-heal|p2a: Sandy Shocks|53/267|[from] Grassy Terrain\n|-heal|p2a: Sandy Shocks|69/267|[from] item: Leftovers\n|-heal|p1a: Glaceon|27/275|[from] Grassy Terrain\n|upkeep\n|turn|8\n|\n|t:|1771255447\n|move|p1a: Glaceon|Protect|p1a: Glaceon\n|-singleturn|p1a: Glaceon|Protect\n|move|p2a: Sandy Shocks|Stealth Rock|p1a: Glaceon\n|-sidestart|p1: magicmurderb4g|move: Stealth Rock\n|\n|-heal|p2a: Sandy Shocks|85/267|[from] Grassy Terrain\n|-heal|p2a: Sandy Shocks|101/267|[from] item: Leftovers\n|-heal|p1a: Glaceon|44/275|[from] Grassy Terrain\n|-fieldend|move: Grassy Terrain\n|upkeep\n|turn|9\n|\n|t:|1771255452\n|move|p2a: Sandy Shocks|Thunderbolt|p1a: Glaceon\n|-damage|p1a: Glaceon|0 fnt\n|faint|p1a: Glaceon\n|\n|-heal|p2a: Sandy Shocks|117/267|[from] item: Leftovers\n|upkeep\n|\n|t:|1771255456\n|switch|p1a: Rillaboom|Rillaboom, L79, M|223/288\n|-damage|p1a: Rillaboom|187/288|[from] Stealth Rock\n|-fieldstart|move: Grassy Terrain|[from] ability: Grassy Surge|[of] p1a: Rillaboom\n|turn|10\n|\n|t:|1771255461\n|move|p1a: Rillaboom|Grassy Glide|p2a: Sandy Shocks\n|-supereffective|p2a: Sandy Shocks\n|-damage|p2a: Sandy Shocks|0 fnt\n|faint|p2a: Sandy Shocks\n|-end|p2a: Sandy Shocks|Protosynthesis|[silent]\n|\n|-heal|p1a: Rillaboom|205/288|[from] Grassy Terrain\n|upkeep\n|\n|t:|1771255465\n|switch|p2a: Froslass|Froslass, L87, F|263/263\n|turn|11\n|\n|t:|1771255473\n|move|p1a: Rillaboom|Grassy Glide|p2a: Froslass\n|-damage|p2a: Froslass|110/263\n|-start|p1a: Rillaboom|Disable|Grassy Glide|[from] ability: Cursed Body|[of] p2a: Froslass\n|move|p2a: Froslass|Poltergeist|p1a: Rillaboom\n|-activate|p1a: Rillaboom|move: Poltergeist|Choice Band\n|-damage|p1a: Rillaboom|97/288\n|\n|-heal|p2a: Froslass|126/263|[from] Grassy Terrain\n|-heal|p1a: Rillaboom|115/288|[from] Grassy Terrain\n|upkeep\n|turn|12\n|\n|t:|1771255482\n|switch|p1a: Terapagos|Terapagos, L77, M|265/265\n|-activate|p1a: Terapagos|ability: Tera Shift\n|detailschange|p1a: Terapagos|Terapagos-Terastal, L77, M\n|-heal|p1a: Terapagos|273/273|[silent]\n|move|p2a: Froslass|Poltergeist|p1a: Terapagos\n|-immune|p1a: Terapagos\n|\n|-heal|p2a: Froslass|142/263|[from] Grassy Terrain\n|upkeep\n|turn|13\n|\n|t:|1771255500\n|move|p2a: Froslass|Taunt|p1a: Terapagos\n|-start|p1a: Terapagos|move: Taunt\n|cant|p1a: Terapagos|move: Taunt|Calm Mind\n|\n|-heal|p2a: Froslass|158/263|[from] Grassy Terrain\n|upkeep\n|turn|14\n|\n|t:|1771255510\n|switch|p2a: Golduck|Golduck, L90, M|290/290\n|-ability|p2a: Golduck|Cloud Nine\n|-terastallize|p1a: Terapagos|Stellar\n|detailschange|p1a: Terapagos|Terapagos-Stellar, L77, M, tera:Stellar\n|-heal|p1a: Terapagos|373/373|[silent]\n|-ability|p1a: Terapagos|Teraform Zero\n|-fieldend|move: Grassy Terrain\n|move|p1a: Terapagos|Tera Starstorm|p2a: Golduck\n|-damage|p2a: Golduck|178/290\n|\n|-heal|p2a: Golduck|196/290|[from] item: Leftovers\n|upkeep\n|turn|15\n|\n|t:|1771255527\n|move|p2a: Golduck|Nasty Plot|p2a: Golduck\n|-boost|p2a: Golduck|spa|2\n|move|p1a: Terapagos|Rapid Spin|p2a: Golduck\n|-damage|p2a: Golduck|116/290\n|-boost|p1a: Terapagos|spe|1\n|-sideend|p1: magicmurderb4g|Stealth Rock|[from] move: Rapid Spin|[of] p1a: Terapagos\n|\n|-heal|p2a: Golduck|134/290|[from] item: Leftovers\n|-end|p1a: Terapagos|move: Taunt\n|upkeep\n|turn|16\n|\n|t:|1771255532\n|move|p1a: Terapagos|Calm Mind|p1a: Terapagos\n|-boost|p1a: Terapagos|spa|1\n|-boost|p1a: Terapagos|spd|1\n|move|p2a: Golduck|Hydro Pump|p1a: Terapagos\n|-damage|p1a: Terapagos|216/373\n|\n|-heal|p2a: Golduck|152/290|[from] item: Leftovers\n|upkeep\n|turn|17\n|\n|t:|1771255539\n|move|p1a: Terapagos|Tera Starstorm|p2a: Golduck\n|-damage|p2a: Golduck|0 fnt\n|faint|p2a: Golduck\n|\n|upkeep\n|\n|t:|1771255542\n|switch|p2a: Illumise|Illumise, L91, F|266/266\n|turn|18\n|\n|t:|1771255551\n|move|p2a: Illumise|Thunder Wave|p1a: Terapagos\n|-status|p1a: Terapagos|par\n|move|p1a: Terapagos|Tera Starstorm|p2a: Illumise\n|-damage|p2a: Illumise|116/266\n|\n|upkeep\n|turn|19\n|\n|t:|1771255562\n|move|p2a: Illumise|Roost|p2a: Illumise\n|-heal|p2a: Illumise|249/266\n|-singleturn|p2a: Illumise|move: Roost\n|move|p1a: Terapagos|Tera Starstorm|p2a: Illumise\n|-damage|p2a: Illumise|95/266\n|\n|upkeep\n|turn|20\n|\n|t:|1771255569\n|move|p2a: Illumise|Roost|p2a: Illumise\n|-heal|p2a: Illumise|228/266\n|-singleturn|p2a: Illumise|move: Roost\n|move|p1a: Terapagos|Tera Starstorm|p2a: Illumise\n|-damage|p2a: Illumise|78/266\n|\n|upkeep\n|turn|21\n|\n|t:|1771255576\n|move|p2a: Illumise|Roost|p2a: Illumise\n|-heal|p2a: Illumise|211/266\n|-singleturn|p2a: Illumise|move: Roost\n|move|p1a: Terapagos|Tera Starstorm|p2a: Illumise\n|-damage|p2a: Illumise|57/266\n|\n|upkeep\n|turn|22\n|\n|t:|1771255587\n|move|p2a: Illumise|Roost|p2a: Illumise\n|-heal|p2a: Illumise|190/266\n|-singleturn|p2a: Illumise|move: Roost\n|move|p1a: Terapagos|Tera Starstorm|p2a: Illumise\n|-damage|p2a: Illumise|45/266\n|\n|upkeep\n|turn|23\n|\n|t:|1771255593\n|move|p2a: Illumise|Roost|p2a: Illumise\n|-heal|p2a: Illumise|178/266\n|-singleturn|p2a: Illumise|move: Roost\n|move|p1a: Terapagos|Tera Starstorm|p2a: Illumise\n|-damage|p2a: Illumise|27/266\n|\n|upkeep\n|turn|24\n|\n|t:|1771255598\n|move|p2a: Illumise|Roost|p2a: Illumise\n|-heal|p2a: Illumise|160/266\n|-singleturn|p2a: Illumise|move: Roost\n|move|p1a: Terapagos|Earth Power|p2a: Illumise\n|-resisted|p2a: Illumise\n|-damage|p2a: Illumise|99/266\n|\n|upkeep\n|turn|25\n|\n|t:|1771255607\n|move|p2a: Illumise|Roost|p2a: Illumise\n|-heal|p2a: Illumise|232/266\n|-singleturn|p2a: Illumise|move: Roost\n|move|p1a: Terapagos|Earth Power|p2a: Illumise\n|-resisted|p2a: Illumise\n|-damage|p2a: Illumise|178/266\n|-unboost|p2a: Illumise|spd|1\n|\n|upkeep\n|turn|26\n|\n|t:|1771255618\n|switch|p2a: Froslass|Froslass, L87, F|158/263\n|switch|p1a: Kleavor|Kleavor, L78, F|237/237\n|\n|upkeep\n|turn|27\n|\n|t:|1771255630\n|move|p2a: Froslass|Poltergeist|p1a: Kleavor\n|-activate|p1a: Kleavor|move: Poltergeist|Choice Band\n|-damage|p1a: Kleavor|125/237\n|move|p1a: Kleavor|X-Scissor|p2a: Froslass\n|-resisted|p2a: Froslass\n|-damage|p2a: Froslass|33/263\n|\n|upkeep\n|turn|28\n|\n|t:|1771255640\n|move|p2a: Froslass|Poltergeist|p1a: Kleavor\n|-activate|p1a: Kleavor|move: Poltergeist|Choice Band\n|-damage|p1a: Kleavor|25/237\n|move|p1a: Kleavor|X-Scissor|p2a: Froslass\n|-resisted|p2a: Froslass\n|-damage|p2a: Froslass|0 fnt\n|faint|p2a: Froslass\n|\n|upkeep\n|\n|t:|1771255645\n|switch|p2a: Illumise|Illumise, L91, F|178/266\n|turn|29\n|\n|t:|1771255649\n|move|p2a: Illumise|Bug Buzz|p1a: Kleavor\n|-damage|p1a: Kleavor|0 fnt\n|faint|p1a: Kleavor\n|\n|upkeep\n|\n|t:|1771255653\n|switch|p1a: Glastrier|Glastrier, L86|312/312\n|turn|30\n|\n|t:|1771255666\n|move|p2a: Illumise|Thunder Wave|p1a: Glastrier\n|-status|p1a: Glastrier|par\n|move|p1a: Glastrier|Icicle Crash|p2a: Illumise\n|-damage|p2a: Illumise|37/266\n|\n|upkeep\n|turn|31\n|\n|t:|1771255672\n|move|p2a: Illumise|Roost|p2a: Illumise\n|-heal|p2a: Illumise|170/266\n|-singleturn|p2a: Illumise|move: Roost\n|move|p1a: Glastrier|Icicle Crash|p2a: Illumise\n|-damage|p2a: Illumise|37/266\n|\n|upkeep\n|turn|32\n|\n|t:|1771255677\n|move|p2a: Illumise|Bug Buzz|p1a: Glastrier\n|-damage|p1a: Glastrier|233/312 par\n|cant|p1a: Glastrier|par\n|\n|upkeep\n|turn|33\n|\n|t:|1771255682\n|move|p2a: Illumise|Bug Buzz|p1a: Glastrier\n|-damage|p1a: Glastrier|163/312 par\n|move|p1a: Glastrier|Icicle Crash|p2a: Illumise\n|-damage|p2a: Illumise|0 fnt\n|faint|p2a: Illumise\n|\n|win|magicmurderb4g\n|raw|magicmurderb4g's rating: 1635 &rarr; <strong>1656</strong><br />(+21 for winning)\n|raw|armando272's rating: 1655 &rarr; <strong>1634</strong><br />(-21 for losing)\n|l|☆armando272\n|player|p2|\n", "inputlog": ">version 686819e5e19f8a7fd2345cfc5a08a5085efa2cc3\n>start {\"formatid\":\"gen9randombattle\",\"seed\":\"sodium,140f1eff86cf853b5e96b33dbfe006dc\",\"rated\":\"Rated battle\"}\n>player p1 {\"name\":\"magicmurderb4g\",\"avatar\":\"swimmer-gen4\",\"rating\":1635,\"seed\":\"sodium,b3c8dbd5eb99a9fd8b11a620f47cf8ea\"}\n>player p2 {\"name\":\"armando272\",\"avatar\":\"cyrus\",\"rating\":1655,\"seed\":\"sodium,2b35e0a03c2a0e686b7e0f9a234db45a\"}\n>p1 move takeheart\n>p2 move swordsdance\n>p1 move scald\n>p2 move sacredsword\n>p1 move scald\n>p2 move sacredsword\n>p1 switch 2\n>p1 move uturn\n>p2 move megahorn\n>p1 switch 5\n>p2 switch 6\n>p1 move uturn\n>p2 move bulletseed\n>p1 switch 5\n>p1 move uturn\n>p2 move bulletseed\n>p1 switch 6\n>p2 switch 5\n>p1 move freezedry\n>p2 move thunderbolt\n>p1 move protect\n>p2 move stealthrock\n>p1 move freezedry\n>p2 move thunderbolt\n>p1 switch 6\n>p1 move grassyglide\n>p2 move thunderwave\n>p2 switch 3\n>p1 move grassyglide\n>p2 move poltergeist\n>p1 switch 4\n>p2 move poltergeist\n>p1 move calmmind\n>p2 move taunt\n>p1 move terastarstorm terastallize\n>p2 switch 2\n>p1 move rapidspin\n>p2 move nastyplot\n>p1 move calmmind\n>p2 move hydropump\n>p1 move terastarstorm\n>p2 move nastyplot\n>p2 switch 4\n>p1 move terastarstorm\n>p2 move thunderwave\n>p1 move terastarstorm\n>p2 move roost\n>p1 move terastarstorm\n>p2 move roost\n>p1 move terastarstorm\n>p2 move roost\n>p1 move terastarstorm\n>p2 move roost\n>p1 move terastarstorm\n>p2 move roost\n>p1 move earthpower\n>p2 move roost\n>p1 move earthpower\n>p2 move roost\n>p1 switch 5\n>p2 switch 2\n>p1 move xscissor\n>p2 move poltergeist\n>p1 move xscissor\n>p2 move poltergeist\n>p2 switch 2\n>p1 move xscissor\n>p2 move bugbuzz\n>p1 switch 3\n>p1 move iciclecrash\n>p2 move thunderwave\n>p1 move iciclecrash\n>p2 move roost\n>p1 move iciclecrash\n>p2 move bugbuzz\n>p1 move iciclecrash\n>p2 move bugbuzz", "uploadtime": 1771255706, "views": 5, "formatid": "gen9randombattle", "rating": 1634, "private": 0, "password": null}