{"id": "gen9randombattle-2540681417", "format": "[Gen 9] Random Battle", "players": ["ROCK ROSE", "Eeveegamer758"], "log": "|j|☆ROCK ROSE\n|j|☆Eeveegamer758\n|t:|1771239351\n|gametype|singles\n|player|p1|ROCK ROSE|maid|1698\n|player|p2|Eeveegamer758|102|1774\n|gen|9\n|tier|[Gen 9] Random Battle\n|rated|\n|rule|Species Clause: Limit one of each Pokémon\n|rule|HP Percentage Mod: HP is shown in percentages\n|rule|Sleep Clause Mod: Limit one foe put to sleep\n|rule|Illusion Level Mod: Illusion disguises the Pokémon's true level\n|\n|t:|1771239351\n|teamsize|p1|6\n|teamsize|p2|6\n|start\n|switch|p1a: Vikavolt|Vikavolt, L83, M|263/263\n|switch|p2a: Florges|Florges-Orange, L85, F|271/271\n|turn|1\n|inactive|Battle timer is ON: inactive players will automatically lose when time's up. (requested by ROCK ROSE)\n|\n|t:|1771239379\n|move|p2a: Florges|Calm Mind|p2a: Florges\n|-boost|p2a: Florges|spa|1\n|-boost|p2a: Florges|spd|1\n|move|p1a: Vikavolt|Sticky Web|p2a: Florges\n|-sidestart|p2: Eeveegamer758|move: Sticky Web\n|\n|upkeep\n|turn|2\n|\n|t:|1771239392\n|switch|p1a: Blastoise|Blastoise, L80, M|258/258\n|move|p2a: Florges|Moonblast|p1a: Blastoise\n|-damage|p1a: Blastoise|89/258\n|\n|upkeep\n|turn|3\n|\n|t:|1771239415\n|-terastallize|p1a: Blastoise|Steel\n|move|p2a: Florges|Moonblast|p1a: Blastoise\n|-resisted|p1a: Blastoise\n|-damage|p1a: Blastoise|6/258\n|move|p1a: Blastoise|Shell Smash|p1a: Blastoise\n|-unboost|p1a: Blastoise|def|1\n|-unboost|p1a: Blastoise|spd|1\n|-boost|p1a: Blastoise|atk|2\n|-boost|p1a: Blastoise|spa|2\n|-boost|p1a: Blastoise|spe|2\n|-enditem|p1a: Blastoise|White Herb\n|-clearnegativeboost|p1a: Blastoise|[silent]\n|\n|upkeep\n|turn|4\n|\n|t:|1771239428\n|switch|p2a: Delibird|Delibird, F|252/252\n|move|p1a: Blastoise|Earthquake|p2a: Delibird\n|-immune|p2a: Delibird\n|\n|upkeep\n|turn|5\n|\n|t:|1771239438\n|move|p2a: Delibird|Ice Shard|p1a: Blastoise\n|-resisted|p1a: Blastoise\n|-damage|p1a: Blastoise|0 fnt\n|faint|p1a: Blastoise\n|\n|upkeep\n|\n|t:|1771239455\n|switch|p1a: Clawitzer|Clawitzer, L87, F|265/265\n|turn|6\n|\n|t:|1771239468\n|move|p2a: Delibird|Brave Bird|p1a: Clawitzer\n|-damage|p1a: Clawitzer|103/265\n|-damage|p2a: Delibird|199/252|[from] Recoil\n|move|p1a: Clawitzer|Water Pulse|p2a: Delibird\n|-damage|p2a: Delibird|43/252\n|\n|upkeep\n|turn|7\n|inactive|ROCK ROSE has 120 seconds left.\n|\n|t:|1771239491\n|move|p2a: Delibird|Brave Bird|p1a: Clawitzer\n|-damage|p1a: Clawitzer|0 fnt\n|faint|p1a: Clawitzer\n|-damage|p2a: Delibird|9/252|[from] Recoil\n|\n|upkeep\n|\n|t:|1771239500\n|switch|p1a: Reuniclus|Reuniclus, L88, M|337/337\n|turn|8\n|inactive|ROCK ROSE has 120 seconds left.\n|\n|t:|1771239505\n|move|p2a: Delibird|Brave Bird|p1a: Reuniclus\n|-damage|p1a: Reuniclus|147/337\n|-damage|p2a: Delibird|0 fnt|[from] Recoil\n|faint|p2a: Delibird\n|move|p1a: Reuniclus|Recover|p1a: Reuniclus\n|-heal|p1a: Reuniclus|316/337\n|\n|upkeep\n|\n|t:|1771239526\n|switch|p2a: Meganium|Meganium, L90, M|290/290\n|-activate|p2a: Meganium|move: Sticky Web\n|-unboost|p2a: Meganium|spe|1\n|turn|9\n|\n|t:|1771239538\n|switch|p1a: Vikavolt|Vikavolt, L83, M|263/263\n|move|p2a: Meganium|Swords Dance|p2a: Meganium\n|-boost|p2a: Meganium|atk|2\n|\n|upkeep\n|turn|10\n|\n|t:|1771239558\n|switch|p2a: Florges|Florges-Orange, L85, F|271/271\n|-activate|p2a: Florges|move: Sticky Web\n|-unboost|p2a: Florges|spe|1\n|move|p1a: Vikavolt|Bug Buzz|p2a: Florges\n|-resisted|p2a: Florges\n|-damage|p2a: Florges|233/271\n|\n|-heal|p2a: Florges|249/271|[from] item: Leftovers\n|upkeep\n|turn|11\n|\n|t:|1771239570\n|switch|p1a: Reuniclus|Reuniclus, L88, M|316/337\n|move|p2a: Florges|Moonblast|p1a: Reuniclus\n|-damage|p1a: Reuniclus|196/337\n|-unboost|p1a: Reuniclus|spa|1\n|\n|-heal|p2a: Florges|265/271|[from] item: Leftovers\n|upkeep\n|turn|12\n|\n|t:|1771239577\n|move|p2a: Florges|Moonblast|p1a: Reuniclus\n|-damage|p1a: Reuniclus|76/337\n|move|p1a: Reuniclus|Calm Mind|p1a: Reuniclus\n|-boost|p1a: Reuniclus|spa|1\n|-boost|p1a: Reuniclus|spd|1\n|\n|-heal|p2a: Florges|271/271|[from] item: Leftovers\n|upkeep\n|turn|13\n|\n|t:|1771239582\n|move|p2a: Florges|Moonblast|p1a: Reuniclus\n|-damage|p1a: Reuniclus|1/337\n|move|p1a: Reuniclus|Recover|p1a: Reuniclus\n|-heal|p1a: Reuniclus|170/337\n|\n|upkeep\n|turn|14\n|\n|t:|1771239599\n|move|p2a: Florges|Calm Mind|p2a: Florges\n|-boost|p2a: Florges|spa|1\n|-boost|p2a: Florges|spd|1\n|move|p1a: Reuniclus|Calm Mind|p1a: Reuniclus\n|-boost|p1a: Reuniclus|spa|1\n|-boost|p1a: Reuniclus|spd|1\n|\n|upkeep\n|turn|15\n|\n|t:|1771239615\n|-terastallize|p2a: Florges|Steel\n|move|p2a: Florges|Calm Mind|p2a: Florges\n|-boost|p2a: Florges|spa|1\n|-boost|p2a: Florges|spd|1\n|move|p1a: Reuniclus|Calm Mind|p1a: Reuniclus\n|-boost|p1a: Reuniclus|spa|1\n|-boost|p1a: Reuniclus|spd|1\n|\n|upkeep\n|turn|16\n|\n|t:|1771239629\n|move|p2a: Florges|Calm Mind|p2a: Florges\n|-boost|p2a: Florges|spa|1\n|-boost|p2a: Florges|spd|1\n|move|p1a: Reuniclus|Recover|p1a: Reuniclus\n|-heal|p1a: Reuniclus|337/337\n|\n|upkeep\n|turn|17\n|\n|t:|1771239633\n|move|p2a: Florges|Calm Mind|p2a: Florges\n|-boost|p2a: Florges|spa|1\n|-boost|p2a: Florges|spd|1\n|move|p1a: Reuniclus|Calm Mind|p1a: Reuniclus\n|-boost|p1a: Reuniclus|spa|1\n|-boost|p1a: Reuniclus|spd|1\n|\n|upkeep\n|turn|18\n|\n|t:|1771239638\n|move|p2a: Florges|Calm Mind|p2a: Florges\n|-boost|p2a: Florges|spa|1\n|-boost|p2a: Florges|spd|1\n|move|p1a: Reuniclus|Calm Mind|p1a: Reuniclus\n|-boost|p1a: Reuniclus|spa|1\n|-boost|p1a: Reuniclus|spd|1\n|\n|upkeep\n|turn|19\n|\n|t:|1771239643\n|move|p2a: Florges|Moonblast|p1a: Reuniclus\n|-damage|p1a: Reuniclus|229/337\n|move|p1a: Reuniclus|Calm Mind|p1a: Reuniclus\n|-boost|p1a: Reuniclus|spa|1\n|-boost|p1a: Reuniclus|spd|1\n|\n|upkeep\n|turn|20\n|\n|t:|1771239649\n|move|p2a: Florges|Calm Mind|p2a: Florges\n|-boost|p2a: Florges|spa|1\n|-boost|p2a: Florges|spd|1\n|move|p1a: Reuniclus|Recover|p1a: Reuniclus\n|-heal|p1a: Reuniclus|337/337\n|\n|upkeep\n|turn|21\n|\n|t:|1771239655\n|move|p2a: Florges|Moonblast|p1a: Reuniclus\n|-damage|p1a: Reuniclus|228/337\n|move|p1a: Reuniclus|Focus Blast|p2a: Florges|[miss]\n|-miss|p1a: Reuniclus|p2a: Florges\n|\n|upkeep\n|turn|22\n|\n|t:|1771239661\n|move|p2a: Florges|Moonblast|p1a: Reuniclus\n|-damage|p1a: Reuniclus|119/337\n|-unboost|p1a: Reuniclus|spa|1\n|move|p1a: Reuniclus|Focus Blast|p2a: Florges\n|-supereffective|p2a: Florges\n|-damage|p2a: Florges|128/271\n|\n|-heal|p2a: Florges|144/271|[from] item: Leftovers\n|upkeep\n|turn|23\n|\n|t:|1771239665\n|move|p2a: Florges|Moonblast|p1a: Reuniclus\n|-damage|p1a: Reuniclus|0 fnt\n|faint|p1a: Reuniclus\n|\n|-heal|p2a: Florges|160/271|[from] item: Leftovers\n|upkeep\n|\n|t:|1771239673\n|switch|p1a: Trevenant|Trevenant, L89, M|296/296\n|turn|24\n|c|☆Eeveegamer758|No physhock?\n|\n|t:|1771239685\n|move|p2a: Florges|Protect|p2a: Florges\n|-singleturn|p2a: Florges|Protect\n|move|p1a: Trevenant|Drain Punch|p2a: Florges\n|-activate|p2a: Florges|move: Protect\n|\n|-heal|p2a: Florges|176/271|[from] item: Leftovers\n|upkeep\n|turn|25\n|\n|t:|1771239690\n|move|p1a: Trevenant|Drain Punch|p2a: Florges\n|-supereffective|p2a: Florges\n|-damage|p2a: Florges|0 fnt\n|faint|p2a: Florges\n|\n|upkeep\n|\n|t:|1771239699\n|switch|p2a: Dipplin|Dipplin, L88, F|284/284\n|-activate|p2a: Dipplin|move: Sticky Web\n|-unboost|p2a: Dipplin|spe|1\n|turn|26\n|\n|t:|1771239716\n|switch|p1a: Vikavolt|Vikavolt, L83, M|263/263\n|move|p2a: Dipplin|Dragon Pulse|p1a: Vikavolt\n|-crit|p1a: Vikavolt\n|-damage|p1a: Vikavolt|88/263\n|\n|upkeep\n|turn|27\n|\n|t:|1771239722\n|switch|p2a: Magnezone|Magnezone, L85|258/258\n|-activate|p2a: Magnezone|move: Sticky Web\n|-unboost|p2a: Magnezone|spe|1\n|move|p1a: Vikavolt|Bug Buzz|p2a: Magnezone\n|-resisted|p2a: Magnezone\n|-damage|p2a: Magnezone|192/258\n|\n|-heal|p2a: Magnezone|208/258|[from] item: Leftovers\n|upkeep\n|turn|28\n|\n|t:|1771239729\n|switch|p1a: Trevenant|Trevenant, L89, M|296/296\n|move|p2a: Magnezone|Iron Defense|p2a: Magnezone\n|-boost|p2a: Magnezone|def|2\n|\n|-heal|p2a: Magnezone|224/258|[from] item: Leftovers\n|upkeep\n|turn|29\n|\n|t:|1771239736\n|move|p1a: Trevenant|Drain Punch|p2a: Magnezone\n|-supereffective|p2a: Magnezone\n|-damage|p2a: Magnezone|138/258\n|move|p2a: Magnezone|Iron Defense|p2a: Magnezone\n|-boost|p2a: Magnezone|def|2\n|\n|-heal|p2a: Magnezone|154/258|[from] item: Leftovers\n|upkeep\n|turn|30\n|\n|t:|1771239741\n|move|p1a: Trevenant|Drain Punch|p2a: Magnezone\n|-supereffective|p2a: Magnezone\n|-damage|p2a: Magnezone|96/258\n|move|p2a: Magnezone|Flash Cannon|p1a: Trevenant\n|-damage|p1a: Trevenant|184/296\n|\n|-heal|p2a: Magnezone|112/258|[from] item: Leftovers\n|upkeep\n|turn|31\n|\n|t:|1771239744\n|move|p1a: Trevenant|Drain Punch|p2a: Magnezone\n|-supereffective|p2a: Magnezone\n|-damage|p2a: Magnezone|58/258\n|-heal|p1a: Trevenant|211/296|[from] drain|[of] p2a: Magnezone\n|move|p2a: Magnezone|Iron Defense|p2a: Magnezone\n|-boost|p2a: Magnezone|def|2\n|\n|-heal|p2a: Magnezone|74/258|[from] item: Leftovers\n|upkeep\n|turn|32\n|\n|t:|1771239746\n|move|p1a: Trevenant|Drain Punch|p2a: Magnezone\n|-supereffective|p2a: Magnezone\n|-damage|p2a: Magnezone|34/258\n|-heal|p1a: Trevenant|231/296|[from] drain|[of] p2a: Magnezone\n|move|p2a: Magnezone|Flash Cannon|p1a: Trevenant\n|-damage|p1a: Trevenant|117/296\n|\n|-heal|p2a: Magnezone|50/258|[from] item: Leftovers\n|upkeep\n|turn|33\n|\n|t:|1771239750\n|move|p1a: Trevenant|Drain Punch|p2a: Magnezone\n|-supereffective|p2a: Magnezone\n|-damage|p2a: Magnezone|12/258\n|-heal|p1a: Trevenant|136/296|[from] drain|[of] p2a: Magnezone\n|move|p2a: Magnezone|Flash Cannon|p1a: Trevenant\n|-damage|p1a: Trevenant|22/296\n|\n|-heal|p2a: Magnezone|28/258|[from] item: Leftovers\n|upkeep\n|turn|34\n|\n|t:|1771239753\n|move|p1a: Trevenant|Drain Punch|p2a: Magnezone\n|-supereffective|p2a: Magnezone\n|-damage|p2a: Magnezone|0 fnt\n|-heal|p1a: Trevenant|36/296|[from] drain|[of] p2a: Magnezone\n|faint|p2a: Magnezone\n|\n|upkeep\n|\n|t:|1771239762\n|switch|p2a: Dipplin|Dipplin, L88, F|284/284\n|-activate|p2a: Dipplin|move: Sticky Web\n|-unboost|p2a: Dipplin|spe|1\n|turn|35\n|\n|t:|1771239776\n|move|p1a: Trevenant|Drain Punch|p2a: Dipplin\n|-crit|p2a: Dipplin\n|-damage|p2a: Dipplin|206/284\n|-heal|p1a: Trevenant|75/296|[from] drain|[of] p2a: Dipplin\n|move|p2a: Dipplin|Dragon Pulse|p1a: Trevenant\n|-damage|p1a: Trevenant|0 fnt\n|faint|p1a: Trevenant\n|\n|upkeep\n|\n|t:|1771239780\n|switch|p1a: Vikavolt|Vikavolt, L83, M|88/263\n|turn|36\n|\n|t:|1771239789\n|move|p1a: Vikavolt|Bug Buzz|p2a: Dipplin\n|-supereffective|p2a: Dipplin\n|-damage|p2a: Dipplin|36/284\n|move|p2a: Dipplin|Dragon Pulse|p1a: Vikavolt\n|-crit|p1a: Vikavolt\n|-damage|p1a: Vikavolt|0 fnt\n|faint|p1a: Vikavolt\n|\n|upkeep\n|\n|t:|1771239793\n|switch|p1a: Lugia|Lugia, L73|275/275\n|turn|37\n|\n|t:|1771239807\n|switch|p2a: Stonjourner|Stonjourner, L91, F|330/330\n|-activate|p2a: Stonjourner|move: Sticky Web\n|-unboost|p2a: Stonjourner|spe|1\n|move|p1a: Lugia|Calm Mind|p1a: Lugia\n|-boost|p1a: Lugia|spa|1\n|-boost|p1a: Lugia|spd|1\n|\n|upkeep\n|turn|38\n|\n|t:|1771239815\n|move|p1a: Lugia|Earth Power|p2a: Stonjourner\n|-supereffective|p2a: Stonjourner\n|-damage|p2a: Stonjourner|14/330\n|-unboost|p2a: Stonjourner|spd|1\n|move|p2a: Stonjourner|Stone Edge|p1a: Lugia\n|-supereffective|p1a: Lugia\n|-damage|p1a: Lugia|98/275\n|-damage|p2a: Stonjourner|0 fnt|[from] item: Life Orb\n|faint|p2a: Stonjourner\n|\n|upkeep\n|\n|t:|1771239822\n|switch|p2a: Meganium|Meganium, L90, M|290/290\n|-activate|p2a: Meganium|move: Sticky Web\n|-unboost|p2a: Meganium|spe|1\n|turn|39\n|\n|t:|1771239827\n|move|p1a: Lugia|Recover|p1a: Lugia\n|-heal|p1a: Lugia|236/275\n|move|p2a: Meganium|Swords Dance|p2a: Meganium\n|-boost|p2a: Meganium|atk|2\n|\n|upkeep\n|turn|40\n|\n|t:|1771239840\n|move|p1a: Lugia|Aeroblast|p2a: Meganium\n|-supereffective|p2a: Meganium\n|-crit|p2a: Meganium\n|-damage|p2a: Meganium|0 fnt\n|faint|p2a: Meganium\n|\n|upkeep\n|\n|t:|1771239843\n|switch|p2a: Dipplin|Dipplin, L88, F|36/284\n|-activate|p2a: Dipplin|move: Sticky Web\n|-unboost|p2a: Dipplin|spe|1\n|turn|41\n|\n|t:|1771239848\n|move|p1a: Lugia|Aeroblast|p2a: Dipplin\n|-supereffective|p2a: Dipplin\n|-damage|p2a: Dipplin|0 fnt\n|faint|p2a: Dipplin\n|\n|win|ROCK ROSE\n|raw|ROCK ROSE's rating: 1698 &rarr; <strong>1722</strong><br />(+24 for winning)\n|raw|Eeveegamer758's rating: 1774 &rarr; <strong>1750</strong><br />(-24 for losing)\n", "inputlog": ">version 686819e5e19f8a7fd2345cfc5a08a5085efa2cc3\n>start {\"formatid\":\"gen9randombattle\",\"seed\":\"sodium,ef9d90f220f2883ac90c75824b826b35\",\"rated\":\"Rated battle\"}\n>player p1 {\"name\":\"ROCK ROSE\",\"avatar\":\"maid\",\"rating\":1698,\"seed\":\"sodium,d10c2cd1164896f8a97e211fe07e7886\"}\n>player p2 {\"name\":\"Eeveegamer758\",\"avatar\":\"102\",\"rating\":1774,\"seed\":\"sodium,469403bd6ea43e48a27e60422d8516a1\"}\n>p1 move stickyweb\n>p2 move calmmind\n>p1 switch 4\n>p2 move moonblast\n>p1 move shellsmash terastallize\n>p2 move moonblast\n>p1 move earthquake\n>p2 switch 6\n>p1 move hydropump\n>p2 move iceshard\n>p1 switch 3\n>p1 move waterpulse\n>p2 move bravebird\n>p1 move waterpulse\n>p2 move bravebird\n>p1 switch 2\n>p1 move recover\n>p2 move bravebird\n>p2 switch 5\n>p1 switch 4\n>p2 move swordsdance\n>p1 move bugbuzz\n>p2 switch 6\n>p1 switch 4\n>p2 move moonblast\n>p1 move calmmind\n>p2 move moonblast\n>p1 move recover\n>p2 move moonblast\n>p1 move calmmind\n>p2 move calmmind\n>p1 move calmmind\n>p2 move calmmind terastallize\n>p1 move recover\n>p2 move calmmind\n>p1 move calmmind\n>p2 move calmmind\n>p1 move calmmind\n>p2 move calmmind\n>p1 move calmmind\n>p2 move moonblast\n>p1 move recover\n>p2 move calmmind\n>p1 move focusblast\n>p2 move moonblast\n>p1 move focusblast\n>p2 move moonblast\n>p1 move recover\n>p2 move moonblast\n>p1 switch 6\n>chat ☆Eeveegamer758|No physhock?\n>p1 move drainpunch\n>p2 move protect\n>p1 move drainpunch\n>p2 move moonblast\n>p2 switch 3\n>p1 switch 4\n>p2 move dragonpulse\n>p1 move bugbuzz\n>p2 switch 4\n>p1 switch 4\n>p2 move irondefense\n>p1 move drainpunch\n>p2 move irondefense\n>p1 move drainpunch\n>p2 move flashcannon\n>p1 move drainpunch\n>p2 move irondefense\n>p1 move drainpunch\n>p2 move flashcannon\n>p1 move drainpunch\n>p2 move flashcannon\n>p1 move drainpunch\n>p2 move flashcannon\n>p2 switch 4\n>p1 move drainpunch\n>p2 move dragonpulse\n>p1 switch 4\n>p1 move bugbuzz\n>p2 move dragonpulse\n>p1 switch 5\n>p1 move calmmind\n>p2 switch 2\n>p1 move earthpower\n>p2 move stoneedge\n>p2 switch 6\n>p1 move recover\n>p2 move swordsdance\n>p1 move aeroblast\n>p2 move swordsdance\n>p2 switch 2\n>p1 move aeroblast\n>p2 move dragonpulse", "uploadtime": 1771239851, "views": 10, "formatid": "gen9randombattle", "rating": 1722, "private": 0, "password": null}