{"id": "gen9randombattle-2540622392", "format": "[Gen 9] Random Battle", "players": ["bajiiruu", "d3c1du0us"], "log": "|j|☆bajiiruu\n|j|☆d3c1du0us\n|t:|1771229069\n|gametype|singles\n|player|p1|bajiiruu|camper|1680\n|player|p2|d3c1du0us|n|1698\n|gen|9\n|tier|[Gen 9] Random Battle\n|rated|\n|rule|Species Clause: Limit one of each Pokémon\n|rule|HP Percentage Mod: HP is shown in percentages\n|rule|Sleep Clause Mod: Limit one foe put to sleep\n|rule|Illusion Level Mod: Illusion disguises the Pokémon's true level\n|\n|t:|1771229069\n|teamsize|p1|6\n|teamsize|p2|6\n|start\n|switch|p1a: Skuntank|Skuntank, L84, F|310/310\n|switch|p2a: Mewtwo|Mewtwo, L72|272/272\n|-ability|p2a: Mewtwo|Pressure\n|turn|1\n|\n|t:|1771229120\n|switch|p2a: Glaceon|Glaceon, L94, F|275/275\n|move|p1a: Skuntank|Knock Off|p2a: Glaceon\n|-damage|p2a: Glaceon|176/275\n|-enditem|p2a: Glaceon|Heavy-Duty Boots|[from] move: Knock Off|[of] p1a: Skuntank\n|-damage|p1a: Skuntank|279/310|[from] item: Life Orb\n|\n|upkeep\n|turn|2\n|\n|t:|1771229148\n|move|p1a: Skuntank|Gunk Shot|p2a: Glaceon\n|-damage|p2a: Glaceon|55/275\n|-damage|p1a: Skuntank|248/310|[from] item: Life Orb\n|move|p2a: Glaceon|Wish|p2a: Glaceon\n|\n|upkeep\n|turn|3\n|\n|t:|1771229162\n|move|p2a: Glaceon|Protect|p2a: Glaceon\n|-singleturn|p2a: Glaceon|Protect\n|move|p1a: Skuntank|Taunt|p2a: Glaceon\n|-activate|p2a: Glaceon|move: Protect\n|\n|-heal|p2a: Glaceon|192/275|[from] move: Wish|[wisher] Glaceon\n|upkeep\n|turn|4\n|\n|t:|1771229170\n|move|p1a: Skuntank|Taunt|p2a: Glaceon\n|-start|p2a: Glaceon|move: Taunt\n|cant|p2a: Glaceon|move: Taunt|Wish\n|\n|upkeep\n|turn|5\n|\n|t:|1771229187\n|move|p1a: Skuntank|Gunk Shot|p2a: Glaceon\n|-damage|p2a: Glaceon|63/275\n|-damage|p1a: Skuntank|217/310|[from] item: Life Orb\n|move|p2a: Glaceon|Freeze-Dry|p1a: Skuntank\n|-damage|p1a: Skuntank|61/310\n|\n|upkeep\n|turn|6\n|\n|t:|1771229197\n|move|p1a: Skuntank|Sucker Punch|p2a: Glaceon\n|-damage|p2a: Glaceon|0 fnt\n|faint|p2a: Glaceon\n|-damage|p1a: Skuntank|30/310|[from] item: Life Orb\n|\n|upkeep\n|\n|t:|1771229205\n|switch|p2a: Umbreon|Umbreon, L84, M|297/297\n|turn|7\n|\n|t:|1771229212\n|move|p1a: Skuntank|Taunt|p2a: Umbreon\n|-start|p2a: Umbreon|move: Taunt\n|cant|p2a: Umbreon|move: Taunt|Wish\n|\n|upkeep\n|turn|8\n|\n|t:|1771229218\n|move|p1a: Skuntank|Gunk Shot|p2a: Umbreon\n|-damage|p2a: Umbreon|163/297\n|-damage|p1a: Skuntank|0 fnt|[from] item: Life Orb\n|faint|p1a: Skuntank\n|move|p2a: Umbreon|Foul Play|p1: Skuntank|[notarget]\n|-fail|p2a: Umbreon\n|\n|-heal|p2a: Umbreon|181/297|[from] item: Leftovers\n|upkeep\n|\n|t:|1771229238\n|switch|p1a: Decidueye|Decidueye-Hisui, L87, M|295/295\n|turn|9\n|\n|t:|1771229244\n|switch|p2a: Slowking|Slowking-Galar, L85, M|300/300\n|move|p1a: Decidueye|Triple Arrows|p2a: Slowking\n|-resisted|p2a: Slowking\n|-damage|p2a: Slowking|269/300\n|-unboost|p2a: Slowking|def|1\n|\n|upkeep\n|turn|10\n|\n|t:|1771229255\n|-terastallize|p1a: Decidueye|Steel\n|move|p1a: Decidueye|Knock Off|p2a: Slowking\n|-supereffective|p2a: Slowking\n|-damage|p2a: Slowking|31/300\n|-enditem|p2a: Slowking|Assault Vest|[from] move: Knock Off|[of] p1a: Decidueye\n|move|p2a: Slowking|Future Sight|p1a: Decidueye\n|-start|p2a: Slowking|move: Future Sight\n|\n|upkeep\n|turn|11\n|\n|t:|1771229268\n|switch|p2a: Umbreon|Umbreon, L84, M|181/297\n|move|p1a: Decidueye|Knock Off|p2a: Umbreon\n|-resisted|p2a: Umbreon\n|-damage|p2a: Umbreon|145/297\n|-enditem|p2a: Umbreon|Leftovers|[from] move: Knock Off|[of] p1a: Decidueye\n|\n|upkeep\n|turn|12\n|\n|t:|1771229280\n|move|p2a: Umbreon|Protect|p2a: Umbreon\n|-singleturn|p2a: Umbreon|Protect\n|move|p1a: Decidueye|Triple Arrows|p2a: Umbreon\n|-activate|p2a: Umbreon|move: Protect\n|\n|-end|p1a: Decidueye|move: Future Sight\n|-resisted|p1a: Decidueye\n|-damage|p1a: Decidueye|233/295\n|-heal|p1a: Decidueye|251/295|[from] item: Leftovers\n|upkeep\n|turn|13\n|\n|t:|1771229308\n|-terastallize|p2a: Umbreon|Poison\n|move|p2a: Umbreon|Wish|p2a: Umbreon\n|move|p1a: Decidueye|Triple Arrows|p2a: Umbreon\n|-resisted|p2a: Umbreon\n|-damage|p2a: Umbreon|100/297\n|-unboost|p2a: Umbreon|def|1\n|\n|-heal|p1a: Decidueye|269/295|[from] item: Leftovers\n|upkeep\n|turn|14\n|\n|t:|1771229350\n|switch|p2a: Eelektross|Eelektross, L87, M|290/290\n|move|p1a: Decidueye|Leaf Blade|p2a: Eelektross\n|-damage|p2a: Eelektross|178/290\n|\n|-heal|p2a: Eelektross|290/290|[from] move: Wish|[wisher] Umbreon\n|-heal|p1a: Decidueye|287/295|[from] item: Leftovers\n|upkeep\n|turn|15\n|\n|t:|1771229375\n|move|p1a: Decidueye|Triple Arrows|p2a: Eelektross\n|-damage|p2a: Eelektross|172/290\n|-unboost|p2a: Eelektross|def|1\n|move|p2a: Eelektross|Coil|p2a: Eelektross\n|-boost|p2a: Eelektross|atk|1\n|-boost|p2a: Eelektross|def|1\n|-boost|p2a: Eelektross|accuracy|1\n|\n|-heal|p1a: Decidueye|295/295|[from] item: Leftovers\n|-heal|p2a: Eelektross|190/290|[from] item: Leftovers\n|upkeep\n|turn|16\n|\n|t:|1771229388\n|move|p1a: Decidueye|Triple Arrows|p2a: Eelektross\n|-damage|p2a: Eelektross|61/290\n|cant|p2a: Eelektross|flinch\n|\n|-heal|p2a: Eelektross|79/290|[from] item: Leftovers\n|upkeep\n|turn|17\n|\n|t:|1771229404\n|move|p1a: Decidueye|Knock Off|p2a: Eelektross\n|-damage|p2a: Eelektross|0 fnt\n|-enditem|p2a: Eelektross|Leftovers|[from] move: Knock Off|[of] p1a: Decidueye\n|faint|p2a: Eelektross\n|\n|upkeep\n|\n|t:|1771229412\n|switch|p2a: Mewtwo|Mewtwo, L72|272/272\n|-ability|p2a: Mewtwo|Pressure\n|turn|18\n|\n|t:|1771229418\n|move|p2a: Mewtwo|Fire Blast|p1a: Decidueye|[miss]\n|-miss|p2a: Mewtwo|p1a: Decidueye\n|move|p1a: Decidueye|Knock Off|p2a: Mewtwo\n|-supereffective|p2a: Mewtwo\n|-damage|p2a: Mewtwo|96/272\n|-enditem|p2a: Mewtwo|Life Orb|[from] move: Knock Off|[of] p1a: Decidueye\n|\n|upkeep\n|turn|19\n|c|☆bajiiruu|OMG\n|\n|t:|1771229428\n|move|p2a: Mewtwo|Fire Blast|p1a: Decidueye\n|-supereffective|p1a: Decidueye\n|-crit|p1a: Decidueye\n|-damage|p1a: Decidueye|65/295\n|move|p1a: Decidueye|Knock Off|p2a: Mewtwo\n|-supereffective|p2a: Mewtwo\n|-damage|p2a: Mewtwo|0 fnt\n|faint|p2a: Mewtwo\n|\n|-heal|p1a: Decidueye|83/295|[from] item: Leftovers\n|upkeep\n|\n|t:|1771229434\n|switch|p2a: Magearna|Magearna-Original, L77|250/250\n|turn|20\n|\n|t:|1771229444\n|move|p1a: Decidueye|Roost|p1a: Decidueye\n|-heal|p1a: Decidueye|231/295\n|move|p2a: Magearna|Shift Gear|p2a: Magearna\n|-boost|p2a: Magearna|spe|2\n|-boost|p2a: Magearna|atk|1\n|\n|-heal|p1a: Decidueye|249/295|[from] item: Leftovers\n|upkeep\n|turn|21\n|\n|t:|1771229458\n|move|p2a: Magearna|Calm Mind|p2a: Magearna\n|-boost|p2a: Magearna|spa|1\n|-boost|p2a: Magearna|spd|1\n|move|p1a: Decidueye|Triple Arrows|p2a: Magearna\n|-damage|p2a: Magearna|145/250\n|-unboost|p2a: Magearna|def|1\n|\n|-heal|p2a: Magearna|160/250|[from] item: Leftovers\n|-heal|p1a: Decidueye|267/295|[from] item: Leftovers\n|upkeep\n|turn|22\n|\n|t:|1771229467\n|move|p2a: Magearna|Calm Mind|p2a: Magearna\n|-boost|p2a: Magearna|spa|1\n|-boost|p2a: Magearna|spd|1\n|move|p1a: Decidueye|Triple Arrows|p2a: Magearna\n|-damage|p2a: Magearna|18/250\n|\n|-heal|p2a: Magearna|33/250|[from] item: Leftovers\n|-heal|p1a: Decidueye|285/295|[from] item: Leftovers\n|upkeep\n|turn|23\n|\n|t:|1771229474\n|move|p2a: Magearna|Fleur Cannon|p1a: Decidueye\n|-resisted|p1a: Decidueye\n|-damage|p1a: Decidueye|159/295\n|-unboost|p2a: Magearna|spa|2\n|move|p1a: Decidueye|Triple Arrows|p2a: Magearna\n|-damage|p2a: Magearna|0 fnt\n|faint|p2a: Magearna\n|\n|-heal|p1a: Decidueye|177/295|[from] item: Leftovers\n|upkeep\n|-message|d3c1du0us forfeited.\n|\n|win|bajiiruu\n|raw|bajiiruu's rating: 1680 &rarr; <strong>1701</strong><br />(+21 for winning)\n|raw|d3c1du0us's rating: 1698 &rarr; <strong>1677</strong><br />(-21 for losing)\n|l|☆d3c1du0us\n|player|p2|\n", "inputlog": ">version 686819e5e19f8a7fd2345cfc5a08a5085efa2cc3\n>start {\"formatid\":\"gen9randombattle\",\"seed\":\"sodium,f99b8a9d2399280649d03cdb5ccf2dd0\",\"rated\":\"Rated battle\"}\n>player p1 {\"name\":\"bajiiruu\",\"avatar\":\"camper\",\"rating\":1680,\"seed\":\"sodium,1480932e42b74ddd6274e9a739c01b92\"}\n>player p2 {\"name\":\"d3c1du0us\",\"avatar\":\"n\",\"rating\":1698,\"seed\":\"sodium,7dea9ac205cbde5a9df6274ed2b9508b\"}\n>p1 move knockoff\n>p2 switch 6\n>p1 move gunkshot\n>p2 move wish\n>p1 move taunt\n>p2 move protect\n>p1 move taunt\n>p2 move wish\n>p1 move gunkshot\n>p2 move freezedry\n>p1 move suckerpunch\n>p2 move freezedry\n>p2 switch 3\n>p1 move taunt\n>p2 move wish\n>p1 move gunkshot\n>p2 move foulplay\n>p1 switch 4\n>p1 move triplearrows\n>p2 switch 5\n>p1 move knockoff terastallize\n>p2 move futuresight\n>p1 move knockoff\n>p2 switch 5\n>p1 move triplearrows\n>p2 move protect\n>p1 move triplearrows\n>p2 move wish terastallize\n>p1 move leafblade\n>p2 switch 4\n>p1 move triplearrows\n>p2 move coil\n>p1 move triplearrows\n>p2 move drainpunch\n>p1 move knockoff\n>p2 move drainpunch\n>p2 switch 6\n>p1 move knockoff\n>p2 move fireblast\n>chat ☆bajiiruu|OMG\n>p1 move knockoff\n>p2 move fireblast\n>p2 switch 2\n>p1 move roost\n>p2 move shiftgear\n>p1 move triplearrows\n>p2 move calmmind\n>p1 move triplearrows\n>p2 move calmmind\n>p1 move triplearrows\n>p2 move fleurcannon\n>forcelose p2", "uploadtime": 1771229485, "views": 18, "formatid": "gen9randombattle", "rating": 1677, "private": 0, "password": null}