{"id": "gen9randombattle-2540185307", "format": "[Gen 9] Random Battle", "players": ["PrussianDragon", "Dmacriz"], "log": "|j|☆PrussianDragon\n|j|☆Dmacriz\n|t:|1771173232\n|gametype|singles\n|player|p1|PrussianDragon|170|1699\n|player|p2|Dmacriz|cyrus|1676\n|gen|9\n|tier|[Gen 9] Random Battle\n|rated|\n|rule|Species Clause: Limit one of each Pokémon\n|rule|HP Percentage Mod: HP is shown in percentages\n|rule|Sleep Clause Mod: Limit one foe put to sleep\n|rule|Illusion Level Mod: Illusion disguises the Pokémon's true level\n|\n|t:|1771173232\n|teamsize|p1|6\n|teamsize|p2|6\n|start\n|switch|p1a: Scyther|Scyther, L82, F|249/249\n|switch|p2a: Inteleon|Inteleon, L81, F|246/246\n|turn|1\n|\n|t:|1771173240\n|switch|p1a: Dondozo|Dondozo, L78, M|362/362\n|move|p2a: Inteleon|U-turn|p1a: Dondozo\n|-damage|p1a: Dondozo|326/362\n|\n|t:|1771173249\n|switch|p2a: Shaymin|Shaymin, L82|298/298|[from] U-turn\n|\n|-heal|p1a: Dondozo|348/362|[from] item: Leftovers\n|upkeep\n|turn|2\n|\n|t:|1771173271\n|switch|p1a: Scyther|Scyther, L82, F|249/249\n|move|p2a: Shaymin|Air Slash|p1a: Scyther\n|-supereffective|p1a: Scyther\n|-damage|p1a: Scyther|177/249\n|\n|upkeep\n|turn|3\n|\n|t:|1771173282\n|switch|p2a: Landorus|Landorus-Therian, L76, M|260/260\n|-ability|p2a: Landorus|Intimidate|boost\n|-unboost|p1a: Scyther|atk|1\n|move|p1a: Scyther|Dual Wingbeat|p2a: Landorus\n|-damage|p2a: Landorus|208/260\n|-damage|p2a: Landorus|159/260\n|-hitcount|p2a: Landorus|2\n|\n|-heal|p2a: Landorus|175/260|[from] item: Leftovers\n|upkeep\n|turn|4\n|\n|t:|1771173298\n|switch|p1a: Dondozo|Dondozo, L78, M|348/362\n|move|p2a: Landorus|U-turn|p1a: Dondozo\n|-damage|p1a: Dondozo|303/362\n|inactive|Battle timer is ON: inactive players will automatically lose when time's up. (requested by PrussianDragon)\n|\n|t:|1771173305\n|switch|p2a: Rotom|Rotom-Mow, L87|229/229|[from] U-turn\n|\n|-heal|p1a: Dondozo|325/362|[from] item: Leftovers\n|upkeep\n|turn|5\n|\n|t:|1771173312\n|switch|p1a: Ditto|Ditto, L87|225/225\n|-transform|p1a: Ditto|p2a: Rotom|[from] ability: Imposter\n|move|p2a: Rotom|Volt Switch|p1a: Ditto\n|-resisted|p1a: Ditto\n|-damage|p1a: Ditto|209/225\n|\n|t:|1771173328\n|switch|p2a: Shaymin|Shaymin, L82|298/298|[from] Volt Switch\n|\n|upkeep\n|turn|6\n|\n|t:|1771173339\n|move|p1a: Ditto|Volt Switch|p2a: Shaymin\n|-resisted|p2a: Shaymin\n|-damage|p2a: Shaymin|262/298\n|\n|t:|1771173341\n|switch|p1a: Scyther|Scyther, L82, F|177/249|[from] Volt Switch\n|move|p2a: Shaymin|Leech Seed|p1a: Scyther\n|-start|p1a: Scyther|move: Leech Seed\n|\n|-heal|p2a: Shaymin|280/298|[from] item: Leftovers\n|-damage|p1a: Scyther|146/249|[from] Leech Seed|[of] p2a: Shaymin\n|-heal|p2a: Shaymin|298/298|[silent]\n|upkeep\n|turn|7\n|\n|t:|1771173351\n|switch|p1a: Ditto|Ditto, L87|209/225\n|-transform|p1a: Ditto|p2a: Shaymin|[from] ability: Imposter\n|switch|p2a: Landorus|Landorus-Therian, L76, M|175/260\n|-ability|p2a: Landorus|Intimidate|boost\n|-unboost|p1a: Ditto|atk|1\n|\n|-heal|p2a: Landorus|191/260|[from] item: Leftovers\n|upkeep\n|turn|8\n|\n|t:|1771173366\n|move|p1a: Ditto|Seed Flare|p2a: Landorus\n|-damage|p2a: Landorus|49/260\n|-unboost|p2a: Landorus|spd|2\n|move|p2a: Landorus|U-turn|p1a: Ditto\n|-supereffective|p1a: Ditto\n|-damage|p1a: Ditto|97/225\n|\n|t:|1771173384\n|switch|p2a: Armarouge|Armarouge, L80, M|267/267|[from] U-turn\n|\n|upkeep\n|turn|9\n|\n|t:|1771173392\n|switch|p1a: Dondozo|Dondozo, L78, M|325/362\n|move|p2a: Armarouge|Energy Ball|p1a: Dondozo\n|-supereffective|p1a: Dondozo\n|-damage|p1a: Dondozo|135/362\n|\n|-heal|p1a: Dondozo|157/362|[from] item: Leftovers\n|upkeep\n|turn|10\n|\n|t:|1771173403\n|switch|p2a: Landorus|Landorus-Therian, L76, M|49/260\n|-ability|p2a: Landorus|Intimidate|boost\n|-unboost|p1a: Dondozo|atk|1\n|switch|p1a: Scyther|Scyther, L82, F|146/249\n|\n|-heal|p2a: Landorus|65/260|[from] item: Leftovers\n|upkeep\n|turn|11\n|\n|t:|1771173423\n|switch|p2a: Rotom|Rotom-Mow, L87|229/229\n|move|p1a: Scyther|Dual Wingbeat|p2a: Rotom|[miss]\n|-miss|p1a: Scyther|p2a: Rotom\n|\n|upkeep\n|turn|12\n|\n|t:|1771173437\n|switch|p1a: Ditto|Ditto, L87|97/225\n|-transform|p1a: Ditto|p2a: Rotom|[from] ability: Imposter\n|move|p2a: Rotom|Volt Switch|p1a: Ditto\n|-resisted|p1a: Ditto\n|-damage|p1a: Ditto|80/225\n|\n|t:|1771173446\n|switch|p2a: Shaymin|Shaymin, L82|298/298|[from] Volt Switch\n|\n|upkeep\n|turn|13\n|\n|t:|1771173454\n|move|p1a: Ditto|Volt Switch|p2a: Shaymin\n|-resisted|p2a: Shaymin\n|-damage|p2a: Shaymin|258/298\n|\n|t:|1771173458\n|switch|p1a: Torkoal|Torkoal, L88, F|266/266|[from] Volt Switch\n|-weather|SunnyDay|[from] ability: Drought|[of] p1a: Torkoal\n|move|p2a: Shaymin|Air Slash|p1a: Torkoal\n|-damage|p1a: Torkoal|210/266\n|\n|-weather|SunnyDay|[upkeep]\n|-heal|p2a: Shaymin|276/298|[from] item: Leftovers\n|upkeep\n|turn|14\n|\n|t:|1771173469\n|move|p2a: Shaymin|Substitute|p2a: Shaymin\n|-start|p2a: Shaymin|Substitute\n|-damage|p2a: Shaymin|202/298\n|move|p1a: Torkoal|Yawn||[still]\n|-fail|p1a: Torkoal\n|\n|-weather|SunnyDay|[upkeep]\n|-heal|p2a: Shaymin|220/298|[from] item: Leftovers\n|upkeep\n|turn|15\n|\n|t:|1771173477\n|move|p2a: Shaymin|Leech Seed|p1a: Torkoal|[miss]\n|-miss|p2a: Shaymin|p1a: Torkoal\n|move|p1a: Torkoal|Lava Plume|p2a: Shaymin\n|-supereffective|p2a: Shaymin\n|-crit|p2a: Shaymin\n|-end|p2a: Shaymin|Substitute\n|\n|-weather|SunnyDay|[upkeep]\n|-heal|p2a: Shaymin|238/298|[from] item: Leftovers\n|upkeep\n|turn|16\n|\n|t:|1771173499\n|move|p2a: Shaymin|Substitute|p2a: Shaymin\n|-start|p2a: Shaymin|Substitute\n|-damage|p2a: Shaymin|164/298\n|move|p1a: Torkoal|Lava Plume|p2a: Shaymin\n|-supereffective|p2a: Shaymin\n|-end|p2a: Shaymin|Substitute\n|\n|-weather|SunnyDay|[upkeep]\n|-heal|p2a: Shaymin|182/298|[from] item: Leftovers\n|upkeep\n|turn|17\n|\n|t:|1771173515\n|move|p2a: Shaymin|Air Slash|p1a: Torkoal\n|-damage|p1a: Torkoal|149/266\n|move|p1a: Torkoal|Lava Plume|p2a: Shaymin\n|-supereffective|p2a: Shaymin\n|-damage|p2a: Shaymin|0 fnt\n|faint|p2a: Shaymin\n|\n|-weather|none\n|upkeep\n|\n|t:|1771173530\n|switch|p2a: Snorlax|Snorlax, L82, F|397/397\n|turn|18\n|\n|t:|1771173535\n|move|p2a: Snorlax|Body Slam|p1a: Torkoal\n|-damage|p1a: Torkoal|85/266\n|-status|p1a: Torkoal|par\n|move|p1a: Torkoal|Yawn|p2a: Snorlax\n|-start|p2a: Snorlax|move: Yawn|[of] p1a: Torkoal\n|\n|upkeep\n|turn|19\n|\n|t:|1771173544\n|switch|p2a: Inteleon|Inteleon, L81, F|246/246\n|switch|p1a: Dondozo|Dondozo, L78, M|157/362\n|\n|-heal|p1a: Dondozo|179/362|[from] item: Leftovers\n|upkeep\n|turn|20\n|\n|t:|1771173553\n|move|p2a: Inteleon|U-turn|p1a: Dondozo\n|-damage|p1a: Dondozo|142/362\n|\n|t:|1771173555\n|switch|p2a: Rotom|Rotom-Mow, L87|229/229|[from] U-turn\n|move|p1a: Dondozo|Rest|p1a: Dondozo\n|-status|p1a: Dondozo|slp|[from] move: Rest\n|-heal|p1a: Dondozo|362/362 slp|[silent]\n|\n|upkeep\n|turn|21\n|\n|t:|1771173565\n|switch|p1a: Ditto|Ditto, L87|80/225\n|-transform|p1a: Ditto|p2a: Rotom|[from] ability: Imposter\n|move|p2a: Rotom|Thunderbolt|p1a: Ditto\n|-resisted|p1a: Ditto\n|-damage|p1a: Ditto|59/225\n|\n|upkeep\n|turn|22\n|\n|t:|1771173577\n|move|p1a: Ditto|Volt Switch|p2a: Rotom\n|-resisted|p2a: Rotom\n|-crit|p2a: Rotom\n|-damage|p2a: Rotom|205/229\n|\n|t:|1771173579\n|switch|p1a: Indeedee|Indeedee, L84, M|238/238|[from] Volt Switch\n|-fieldstart|move: Psychic Terrain|[from] ability: Psychic Surge|[of] p1a: Indeedee\n|move|p2a: Rotom|Thunderbolt|p1a: Indeedee\n|-damage|p1a: Indeedee|141/238\n|\n|-heal|p2a: Rotom|219/229|[from] item: Leftovers\n|upkeep\n|turn|23\n|\n|t:|1771173591\n|move|p1a: Indeedee|Expanding Force|p2a: Rotom\n|-damage|p2a: Rotom|84/229\n|move|p2a: Rotom|Leaf Storm|p1a: Indeedee\n|-damage|p1a: Indeedee|0 fnt\n|-unboost|p2a: Rotom|spa|2\n|faint|p1a: Indeedee\n|\n|-heal|p2a: Rotom|98/229|[from] item: Leftovers\n|upkeep\n|\n|t:|1771173594\n|switch|p1a: Torkoal|Torkoal, L88, F|85/266 par\n|-weather|SunnyDay|[from] ability: Drought|[of] p1a: Torkoal\n|turn|24\n|\n|t:|1771173606\n|move|p2a: Rotom|Volt Switch|p1a: Torkoal\n|-damage|p1a: Torkoal|40/266 par\n|\n|t:|1771173612\n|switch|p2a: Snorlax|Snorlax, L82, F|397/397|[from] Volt Switch\n|move|p1a: Torkoal|Rapid Spin|p2a: Snorlax\n|-damage|p2a: Snorlax|351/397\n|-boost|p1a: Torkoal|spe|1\n|\n|-weather|SunnyDay|[upkeep]\n|-heal|p2a: Snorlax|375/397|[from] item: Leftovers\n|upkeep\n|turn|25\n|\n|t:|1771173622\n|move|p2a: Snorlax|Body Slam|p1a: Torkoal\n|-damage|p1a: Torkoal|0 fnt\n|faint|p1a: Torkoal\n|\n|-weather|SunnyDay|[upkeep]\n|-heal|p2a: Snorlax|397/397|[from] item: Leftovers\n|upkeep\n|\n|t:|1771173625\n|switch|p1a: Scyther|Scyther, L82, F|146/249\n|turn|26\n|\n|t:|1771173633\n|move|p1a: Scyther|Close Combat|p2a: Snorlax\n|-supereffective|p2a: Snorlax\n|-damage|p2a: Snorlax|175/397\n|-unboost|p1a: Scyther|def|1\n|-unboost|p1a: Scyther|spd|1\n|move|p2a: Snorlax|Body Slam|p1a: Scyther\n|-damage|p1a: Scyther|46/249\n|\n|-weather|SunnyDay|[upkeep]\n|-heal|p2a: Snorlax|199/397|[from] item: Leftovers\n|-fieldend|move: Psychic Terrain\n|upkeep\n|turn|27\n|\n|t:|1771173645\n|switch|p2a: Landorus|Landorus-Therian, L76, M|65/260\n|-ability|p2a: Landorus|Intimidate|boost\n|-unboost|p1a: Scyther|atk|1\n|move|p1a: Scyther|Close Combat|p2a: Landorus\n|-resisted|p2a: Landorus\n|-damage|p2a: Landorus|32/260\n|-unboost|p1a: Scyther|def|1\n|-unboost|p1a: Scyther|spd|1\n|\n|-weather|SunnyDay|[upkeep]\n|-heal|p2a: Landorus|48/260|[from] item: Leftovers\n|upkeep\n|turn|28\n|\n|t:|1771173659\n|move|p1a: Scyther|Dual Wingbeat|p2a: Landorus\n|-damage|p2a: Landorus|0 fnt\n|faint|p2a: Landorus\n|-hitcount|p2: Landorus|1\n|\n|-weather|none\n|upkeep\n|\n|t:|1771173666\n|switch|p2a: Inteleon|Inteleon, L81, F|246/246\n|turn|29\n|\n|t:|1771173672\n|switch|p1a: Dondozo|Dondozo, L78, M|362/362 slp\n|move|p2a: Inteleon|U-turn|p1a: Dondozo\n|-damage|p1a: Dondozo|327/362 slp\n|\n|t:|1771173678\n|switch|p2a: Rotom|Rotom-Mow, L87|98/229|[from] U-turn\n|\n|-heal|p2a: Rotom|112/229|[from] item: Leftovers\n|-heal|p1a: Dondozo|349/362 slp|[from] item: Leftovers\n|upkeep\n|turn|30\n|\n|t:|1771173694\n|move|p2a: Rotom|Thunderbolt|p1a: Dondozo\n|-supereffective|p1a: Dondozo\n|-damage|p1a: Dondozo|79/362 slp\n|cant|p1a: Dondozo|slp\n|move|p1a: Dondozo|Sleep Talk|p1a: Dondozo\n|move|p1a: Dondozo|Curse|p1a: Dondozo|[from] move: Sleep Talk\n|-unboost|p1a: Dondozo|spe|1\n|-boost|p1a: Dondozo|atk|1\n|-boost|p1a: Dondozo|def|1\n|\n|-heal|p2a: Rotom|126/229|[from] item: Leftovers\n|-heal|p1a: Dondozo|101/362 slp|[from] item: Leftovers\n|upkeep\n|turn|31\n|\n|t:|1771173707\n|move|p2a: Rotom|Thunderbolt|p1a: Dondozo\n|-supereffective|p1a: Dondozo\n|-damage|p1a: Dondozo|0 fnt\n|faint|p1a: Dondozo\n|\n|-heal|p2a: Rotom|140/229|[from] item: Leftovers\n|upkeep\n|\n|t:|1771173710\n|switch|p1a: Scyther|Scyther, L82, F|46/249\n|turn|32\n|\n|t:|1771173717\n|move|p1a: Scyther|Bug Bite|p2a: Rotom\n|-supereffective|p2a: Rotom\n|-damage|p2a: Rotom|0 fnt\n|faint|p2a: Rotom\n|\n|upkeep\n|\n|t:|1771173722\n|switch|p2a: Inteleon|Inteleon, L81, F|246/246\n|turn|33\n|\n|t:|1771173731\n|move|p2a: Inteleon|Scald|p1a: Scyther\n|-damage|p1a: Scyther|0 fnt\n|faint|p1a: Scyther\n|\n|upkeep\n|\n|t:|1771173732\n|switch|p1a: Ditto|Ditto, L87|59/225\n|-transform|p1a: Ditto|p2a: Inteleon|[from] ability: Imposter\n|turn|34\n|\n|t:|1771173740\n|move|p1a: Ditto|Hydro Pump|p2a: Inteleon\n|-resisted|p2a: Inteleon\n|-damage|p2a: Inteleon|122/246\n|move|p2a: Inteleon|Scald|p1a: Ditto\n|-resisted|p1a: Ditto\n|-damage|p1a: Ditto|0 fnt\n|faint|p1a: Ditto\n|\n|upkeep\n|\n|t:|1771173746\n|switch|p1a: Blaziken|Blaziken, L76, F|247/247\n|turn|35\n|\n|t:|1771173753\n|-terastallize|p1a: Blaziken|Fighting\n|move|p2a: Inteleon|Scald|p1a: Blaziken\n|-damage|p1a: Blaziken|66/247\n|move|p1a: Blaziken|Swords Dance|p1a: Blaziken\n|-boost|p1a: Blaziken|atk|2\n|\n|-ability|p1a: Blaziken|Speed Boost|boost\n|-boost|p1a: Blaziken|spe|1\n|upkeep\n|turn|36\n|\n|t:|1771173765\n|move|p1a: Blaziken|Close Combat|p2a: Inteleon\n|-damage|p2a: Inteleon|0 fnt\n|-unboost|p1a: Blaziken|def|1\n|-unboost|p1a: Blaziken|spd|1\n|faint|p2a: Inteleon\n|-damage|p1a: Blaziken|42/247|[from] item: Life Orb\n|\n|-ability|p1a: Blaziken|Speed Boost|boost\n|-boost|p1a: Blaziken|spe|1\n|upkeep\n|\n|t:|1771173776\n|switch|p2a: Snorlax|Snorlax, L82, F|199/397\n|turn|37\n|\n|t:|1771173785\n|switch|p2a: Armarouge|Armarouge, L80, M|267/267\n|move|p1a: Blaziken|Close Combat|p2a: Armarouge\n|-resisted|p2a: Armarouge\n|-damage|p2a: Armarouge|49/267\n|-unboost|p1a: Blaziken|def|1\n|-unboost|p1a: Blaziken|spd|1\n|-ability|p2a: Armarouge|Weak Armor|boost\n|-unboost|p2a: Armarouge|def|1\n|-boost|p2a: Armarouge|spe|2\n|-damage|p1a: Blaziken|18/247|[from] item: Life Orb\n|\n|-ability|p1a: Blaziken|Speed Boost|boost\n|-boost|p1a: Blaziken|spe|1\n|upkeep\n|turn|38\n|\n|t:|1771173799\n|move|p1a: Blaziken|Close Combat|p2a: Armarouge\n|-resisted|p2a: Armarouge\n|-damage|p2a: Armarouge|0 fnt\n|-unboost|p1a: Blaziken|def|1\n|-unboost|p1a: Blaziken|spd|1\n|faint|p2a: Armarouge\n|-damage|p1a: Blaziken|0 fnt|[from] item: Life Orb\n|faint|p1a: Blaziken\n|\n|win|Dmacriz\n|raw|PrussianDragon's rating: 1699 &rarr; <strong>1678</strong><br />(-21 for losing)\n|raw|Dmacriz's rating: 1676 &rarr; <strong>1697</strong><br />(+21 for winning)\n", "inputlog": ">version 686819e5e19f8a7fd2345cfc5a08a5085efa2cc3\n>start {\"formatid\":\"gen9randombattle\",\"seed\":\"sodium,0538530e5d8686f23ef20e93b15bf4c8\",\"rated\":\"Rated battle\"}\n>player p1 {\"name\":\"PrussianDragon\",\"avatar\":\"170\",\"rating\":1699,\"seed\":\"sodium,057b1f0a98424f51bc10520495b82c3a\"}\n>player p2 {\"name\":\"Dmacriz\",\"avatar\":\"cyrus\",\"rating\":1676,\"seed\":\"sodium,95fa89634d8df53dbd5dd1311f7583b6\"}\n>p1 switch 2\n>p2 move uturn\n>p2 switch 2\n>p1 switch 2\n>p2 move airslash\n>p1 move dualwingbeat\n>p2 switch 5\n>p1 switch 2\n>p2 move uturn\n>p2 switch 3\n>p1 switch 3\n>p2 move voltswitch\n>p2 switch 5\n>p1 move voltswitch\n>p2 move leechseed\n>p1 switch 2\n>p1 switch 2\n>p2 switch 3\n>p1 move seedflare\n>p2 move uturn\n>p2 switch 6\n>p1 switch 3\n>p2 move energyball\n>p1 switch 2\n>p2 switch 6\n>p1 move dualwingbeat\n>p2 switch 5\n>p1 switch 3\n>p2 move voltswitch\n>p2 switch 3\n>p1 move voltswitch\n>p2 move airslash\n>p1 switch 5\n>p1 move yawn\n>p2 move substitute\n>p1 move lavaplume\n>p2 move leechseed\n>p1 move lavaplume\n>p2 move substitute\n>p1 move lavaplume\n>p2 move airslash\n>p2 switch 4\n>p1 move yawn\n>p2 move bodyslam\n>p1 switch 2\n>p2 switch 2\n>p1 move rest\n>p2 move uturn\n>p2 switch 3\n>p1 switch 5\n>p2 move thunderbolt\n>p1 move voltswitch\n>p2 move thunderbolt\n>p1 switch 6\n>p1 move expandingforce\n>p2 move leafstorm\n>p1 switch 2\n>p1 move rapidspin\n>p2 move voltswitch\n>p2 switch 2\n>p1 move lavaplume\n>p2 move bodyslam\n>p1 switch 3\n>p1 move closecombat\n>p2 move bodyslam\n>p1 move closecombat\n>p2 switch 5\n>p1 move dualwingbeat\n>p2 move uturn\n>p2 switch 3\n>p1 switch 5\n>p2 move uturn\n>p2 switch 2\n>p1 move sleeptalk\n>p2 move thunderbolt\n>p1 move sleeptalk\n>p2 move thunderbolt\n>p1 switch 5\n>p1 move bugbite\n>p2 move thunderbolt\n>p2 switch 2\n>p1 move dualwingbeat\n>p2 move scald\n>p1 switch 6\n>p1 move hydropump\n>p2 move scald\n>p1 switch 4\n>p1 move swordsdance terastallize\n>p2 move scald\n>p1 move closecombat\n>p2 move scald\n>p2 switch 5\n>p1 move closecombat\n>p2 switch 6\n>p1 move closecombat\n>p2 move energyball", "uploadtime": 1771173806, "views": 9, "formatid": "gen9randombattle", "rating": 1678, "private": 0, "password": null}