{"id": "gen9randombattle-2540307400", "format": "[Gen 9] Random Battle", "players": ["WDinATX", "roko22"], "log": "|j|☆WDinATX\n|j|☆roko22\n|t:|1771186987\n|gametype|singles\n|player|p1|WDinATX|102|1600\n|player|p2|roko22|101|1661\n|gen|9\n|tier|[Gen 9] Random Battle\n|rated|\n|rule|Species Clause: Limit one of each Pokémon\n|rule|HP Percentage Mod: HP is shown in percentages\n|rule|Sleep Clause Mod: Limit one foe put to sleep\n|rule|Illusion Level Mod: Illusion disguises the Pokémon's true level\n|\n|t:|1771186987\n|teamsize|p1|6\n|teamsize|p2|6\n|start\n|switch|p1a: Registeel|Registeel, L81|262/262\n|switch|p2a: Electrode|Electrode-Hisui, L87|246/246\n|turn|1\n|inactive|Battle timer is ON: inactive players will automatically lose when time's up. (requested by WDinATX)\n|\n|t:|1771186997\n|move|p2a: Electrode|Leech Seed|p1a: Registeel\n|-start|p1a: Registeel|move: Leech Seed\n|move|p1a: Registeel|Stealth Rock|p2a: Electrode\n|-sidestart|p2: roko22|move: Stealth Rock\n|\n|-damage|p1a: Registeel|230/262|[from] Leech Seed|[of] p2a: Electrode\n|upkeep\n|turn|2\n|\n|t:|1771187007\n|switch|p1a: Iron Leaves|Iron Leaves, L80|275/275\n|move|p2a: Electrode|Substitute|p2a: Electrode\n|-start|p2a: Electrode|Substitute\n|-damage|p2a: Electrode|185/246\n|\n|-heal|p2a: Electrode|200/246|[from] item: Leftovers\n|upkeep\n|turn|3\n|\n|t:|1771187018\n|move|p2a: Electrode|Thunderbolt|p1a: Iron Leaves\n|-resisted|p1a: Iron Leaves\n|-damage|p1a: Iron Leaves|233/275\n|move|p1a: Iron Leaves|Psyblade|p2a: Electrode\n|-end|p2a: Electrode|Substitute\n|-damage|p1a: Iron Leaves|206/275|[from] item: Life Orb\n|\n|-heal|p2a: Electrode|215/246|[from] item: Leftovers\n|upkeep\n|turn|4\n|\n|t:|1771187043\n|switch|p2a: Armarouge|Armarouge, L80, F|267/267\n|-damage|p2a: Armarouge|201/267|[from] Stealth Rock\n|move|p1a: Iron Leaves|Psyblade|p2a: Armarouge\n|-resisted|p2a: Armarouge\n|-damage|p2a: Armarouge|136/267\n|-ability|p2a: Armarouge|Weak Armor|boost\n|-unboost|p2a: Armarouge|def|1\n|-boost|p2a: Armarouge|spe|2\n|-damage|p1a: Iron Leaves|179/275|[from] item: Life Orb\n|\n|upkeep\n|turn|5\n|\n|t:|1771187060\n|-end|p1a: Iron Leaves|Quark Drive|[silent]\n|switch|p1a: Azumarill|Azumarill, L82, F|298/298\n|move|p2a: Armarouge|Armor Cannon|p1a: Azumarill\n|-resisted|p1a: Azumarill\n|-damage|p1a: Azumarill|170/298\n|-unboost|p2a: Armarouge|def|1\n|-unboost|p2a: Armarouge|spd|1\n|\n|upkeep\n|turn|6\n|\n|t:|1771187070\n|switch|p2a: Vileplume|Vileplume, L85, M|266/266\n|-damage|p2a: Vileplume|233/266|[from] Stealth Rock\n|move|p1a: Azumarill|Aqua Jet|p2a: Vileplume\n|-resisted|p2a: Vileplume\n|-damage|p2a: Vileplume|192/266\n|\n|-heal|p2a: Vileplume|208/266|[from] item: Leftovers\n|upkeep\n|turn|7\n|\n|t:|1771187083\n|switch|p1a: Corviknight|Corviknight, L80, F|288/288\n|-ability|p1a: Corviknight|Pressure\n|move|p2a: Vileplume|Sludge Bomb|p1a: Corviknight\n|-immune|p1a: Corviknight\n|\n|-heal|p2a: Vileplume|224/266|[from] item: Leftovers\n|upkeep\n|turn|8\n|inactive|roko22 has 120 seconds left.\n|\n|t:|1771187114\n|switch|p2a: Flutter Mane|Flutter Mane, L74|203/203\n|-damage|p2a: Flutter Mane|178/203|[from] Stealth Rock\n|move|p1a: Corviknight|Brave Bird|p2a: Flutter Mane\n|-damage|p2a: Flutter Mane|0 fnt\n|faint|p2a: Flutter Mane\n|-end|p2a: Flutter Mane|Protosynthesis|[silent]\n|-damage|p1a: Corviknight|229/288|[from] Recoil\n|\n|upkeep\n|\n|t:|1771187133\n|switch|p2a: Typhlosion|Typhlosion, L84, M|267/267\n|-damage|p2a: Typhlosion|201/267|[from] Stealth Rock\n|turn|9\n|inactive|WDinATX has 120 seconds left.\n|\n|t:|1771187167\n|switch|p1a: Azumarill|Azumarill, L82, F|170/298\n|move|p2a: Typhlosion|Eruption|p1a: Azumarill\n|-resisted|p1a: Azumarill\n|-damage|p1a: Azumarill|101/298\n|\n|upkeep\n|turn|10\n|\n|t:|1771187178\n|switch|p2a: Vileplume|Vileplume, L85, M|224/266\n|-damage|p2a: Vileplume|191/266|[from] Stealth Rock\n|move|p1a: Azumarill|Liquidation|p2a: Vileplume\n|-resisted|p2a: Vileplume\n|-damage|p2a: Vileplume|117/266\n|-unboost|p2a: Vileplume|def|1\n|-status|p1a: Azumarill|slp|[from] ability: Effect Spore|[of] p2a: Vileplume\n|\n|-heal|p2a: Vileplume|133/266|[from] item: Leftovers\n|upkeep\n|turn|11\n|\n|t:|1771187192\n|move|p2a: Vileplume|Strength Sap|p1a: Azumarill\n|-unboost|p1a: Azumarill|atk|1\n|-heal|p2a: Vileplume|262/266\n|cant|p1a: Azumarill|slp\n|\n|-heal|p2a: Vileplume|266/266|[from] item: Leftovers\n|upkeep\n|turn|12\n|\n|t:|1771187201\n|switch|p2a: Electrode|Electrode-Hisui, L87|215/246\n|-damage|p2a: Electrode|185/246|[from] Stealth Rock\n|switch|p1a: Corviknight|Corviknight, L80, F|229/288\n|-ability|p1a: Corviknight|Pressure\n|\n|-heal|p2a: Electrode|200/246|[from] item: Leftovers\n|upkeep\n|turn|13\n|\n|t:|1771187216\n|switch|p2a: Typhlosion|Typhlosion, L84, M|201/267\n|-damage|p2a: Typhlosion|135/267|[from] Stealth Rock\n|switch|p1a: Iron Leaves|Iron Leaves, L80|179/275\n|\n|upkeep\n|turn|14\n|\n|t:|1771187225\n|-end|p1a: Iron Leaves|Quark Drive|[silent]\n|switch|p1a: Azumarill|Azumarill, L82, F|101/298 slp\n|move|p2a: Typhlosion|Fire Blast|p1a: Azumarill\n|-resisted|p1a: Azumarill\n|-damage|p1a: Azumarill|27/298 slp\n|\n|upkeep\n|turn|15\n|inactive|roko22 has 120 seconds left.\n|\n|t:|1771187231\n|-curestatus|p1a: Azumarill|slp|[msg]\n|move|p1a: Azumarill|Aqua Jet|p2a: Typhlosion\n|-supereffective|p2a: Typhlosion\n|-damage|p2a: Typhlosion|0 fnt\n|faint|p2a: Typhlosion\n|\n|upkeep\n|inactive|roko22 has 120 seconds left.\n|\n|t:|1771187247\n|switch|p2a: Vileplume|Vileplume, L85, M|266/266\n|-damage|p2a: Vileplume|233/266|[from] Stealth Rock\n|turn|16\n|\n|t:|1771187255\n|move|p1a: Azumarill|Aqua Jet|p2a: Vileplume\n|-resisted|p2a: Vileplume\n|-damage|p2a: Vileplume|196/266\n|-status|p1a: Azumarill|psn|[from] ability: Effect Spore|[of] p2a: Vileplume\n|move|p2a: Vileplume|Giga Drain|p1a: Azumarill\n|-supereffective|p1a: Azumarill\n|-damage|p1a: Azumarill|0 fnt\n|-heal|p2a: Vileplume|210/266|[from] drain|[of] p1a: Azumarill\n|faint|p1a: Azumarill\n|\n|-heal|p2a: Vileplume|226/266|[from] item: Leftovers\n|upkeep\n|\n|t:|1771187259\n|switch|p1a: Corviknight|Corviknight, L80, F|229/288\n|-ability|p1a: Corviknight|Pressure\n|turn|17\n|inactive|roko22 has 120 seconds left.\n|\n|t:|1771187277\n|switch|p2a: Electrode|Electrode-Hisui, L87|200/246\n|-damage|p2a: Electrode|170/246|[from] Stealth Rock\n|move|p1a: Corviknight|Brave Bird|p2a: Electrode\n|-crit|p2a: Electrode\n|-damage|p2a: Electrode|1/246\n|-damage|p1a: Corviknight|173/288|[from] Recoil\n|\n|-heal|p2a: Electrode|16/246|[from] item: Leftovers\n|upkeep\n|turn|18\n|inactive|roko22 has 120 seconds left.\n|\n|t:|1771187290\n|-terastallize|p1a: Corviknight|Dragon\n|move|p2a: Electrode|Thunderbolt|p1a: Corviknight\n|-resisted|p1a: Corviknight\n|-damage|p1a: Corviknight|127/288\n|move|p1a: Corviknight|Body Press|p2a: Electrode\n|-damage|p2a: Electrode|0 fnt\n|faint|p2a: Electrode\n|\n|upkeep\n|\n|t:|1771187301\n|switch|p2a: Glastrier|Glastrier, L86|311/311\n|-damage|p2a: Glastrier|234/311|[from] Stealth Rock\n|turn|19\n|\n|t:|1771187308\n|-terastallize|p2a: Glastrier|Ground\n|move|p1a: Corviknight|Body Press|p2a: Glastrier\n|-damage|p2a: Glastrier|192/311\n|move|p2a: Glastrier|Icicle Crash|p1a: Corviknight\n|-supereffective|p1a: Corviknight\n|-damage|p1a: Corviknight|0 fnt\n|faint|p1a: Corviknight\n|-ability|p2a: Glastrier|Chilling Neigh|boost\n|-boost|p2a: Glastrier|atk|1\n|\n|upkeep\n|\n|t:|1771187314\n|switch|p1a: Iron Leaves|Iron Leaves, L80|179/275\n|turn|20\n|inactive|roko22 has 120 seconds left.\n|\n|t:|1771187326\n|switch|p2a: Armarouge|Armarouge, L80, F|136/267\n|-damage|p2a: Armarouge|70/267|[from] Stealth Rock\n|move|p1a: Iron Leaves|Leaf Blade|p2a: Armarouge\n|-resisted|p2a: Armarouge\n|-damage|p2a: Armarouge|4/267\n|-ability|p2a: Armarouge|Weak Armor|boost\n|-unboost|p2a: Armarouge|def|1\n|-boost|p2a: Armarouge|spe|2\n|-damage|p1a: Iron Leaves|152/275|[from] item: Life Orb\n|\n|upkeep\n|turn|21\n|inactive|roko22 has 120 seconds left.\n|\n|t:|1771187339\n|move|p2a: Armarouge|Armor Cannon|p1a: Iron Leaves\n|-supereffective|p1a: Iron Leaves\n|-damage|p1a: Iron Leaves|0 fnt\n|-unboost|p2a: Armarouge|def|1\n|-unboost|p2a: Armarouge|spd|1\n|faint|p1a: Iron Leaves\n|-end|p1a: Iron Leaves|Quark Drive|[silent]\n|\n|upkeep\n|\n|t:|1771187341\n|switch|p1a: Oinkologne|Oinkologne-F, L92, F|361/361\n|turn|22\n|\n|t:|1771187349\n|move|p2a: Armarouge|Armor Cannon|p1a: Oinkologne\n|-damage|p1a: Oinkologne|256/361\n|-unboost|p2a: Armarouge|def|1\n|-unboost|p2a: Armarouge|spd|1\n|move|p1a: Oinkologne|Body Slam|p2a: Armarouge\n|-damage|p2a: Armarouge|0 fnt\n|faint|p2a: Armarouge\n|\n|-heal|p1a: Oinkologne|278/361|[from] item: Leftovers\n|upkeep\n|\n|t:|1771187360\n|switch|p2a: Vileplume|Vileplume, L85, M|226/266\n|-damage|p2a: Vileplume|193/266|[from] Stealth Rock\n|turn|23\n|inactive|roko22 has 120 seconds left.\n|\n|t:|1771187387\n|move|p1a: Oinkologne|Body Slam|p2a: Vileplume\n|-damage|p2a: Vileplume|96/266\n|move|p2a: Vileplume|Sleep Powder|p1a: Oinkologne\n|-status|p1a: Oinkologne|slp|[from] move: Sleep Powder\n|\n|-heal|p1a: Oinkologne|300/361 slp|[from] item: Leftovers\n|-heal|p2a: Vileplume|112/266|[from] item: Leftovers\n|upkeep\n|turn|24\n|inactive|roko22 has 120 seconds left.\n|\n|t:|1771187400\n|switch|p1a: Registeel|Registeel, L81|230/262\n|move|p2a: Vileplume|Strength Sap|p1a: Registeel\n|-fail|p1a: Registeel|unboost|[from] ability: Clear Body|[of] p1a: Registeel\n|-heal|p2a: Vileplume|266/266\n|\n|-heal|p1a: Registeel|246/262|[from] item: Leftovers\n|upkeep\n|turn|25\n|\n|t:|1771187410\n|move|p2a: Vileplume|Giga Drain|p1a: Registeel\n|-resisted|p1a: Registeel\n|-damage|p1a: Registeel|218/262\n|move|p1a: Registeel|Thunder Wave|p2a: Vileplume\n|-status|p2a: Vileplume|par\n|\n|-heal|p1a: Registeel|234/262|[from] item: Leftovers\n|upkeep\n|turn|26\n|inactive|roko22 has 120 seconds left.\n|\n|t:|1771187436\n|move|p1a: Registeel|Iron Head|p2a: Vileplume\n|-damage|p2a: Vileplume|202/266 par\n|cant|p2a: Vileplume|flinch\n|\n|-heal|p1a: Registeel|250/262|[from] item: Leftovers\n|-heal|p2a: Vileplume|218/266 par|[from] item: Leftovers\n|upkeep\n|turn|27\n|\n|t:|1771187446\n|switch|p2a: Glastrier|Glastrier, L86, tera:Ground|192/311\n|-damage|p2a: Glastrier|173/311|[from] Stealth Rock\n|move|p1a: Registeel|Iron Head|p2a: Glastrier\n|-damage|p2a: Glastrier|122/311\n|\n|-heal|p1a: Registeel|262/262|[from] item: Leftovers\n|upkeep\n|turn|28\n|inactive|roko22 has 120 seconds left.\n|\n|t:|1771187455\n|move|p1a: Registeel|Iron Head|p2a: Glastrier\n|-damage|p2a: Glastrier|73/311\n|move|p2a: Glastrier|High Horsepower|p1a: Registeel\n|-supereffective|p1a: Registeel\n|-damage|p1a: Registeel|0 fnt\n|faint|p1a: Registeel\n|-ability|p2a: Glastrier|Chilling Neigh|boost\n|-boost|p2a: Glastrier|atk|1\n|\n|upkeep\n|\n|t:|1771187463\n|switch|p1a: Dudunsparce|Dudunsparce, L83, F|343/343\n|turn|29\n|\n|t:|1771187467\n|move|p1a: Dudunsparce|Boomburst|p2a: Glastrier\n|-damage|p2a: Glastrier|0 fnt\n|faint|p2a: Glastrier\n|\n|upkeep\n|\n|t:|1771187472\n|switch|p2a: Vileplume|Vileplume, L85, M|218/266 par\n|-damage|p2a: Vileplume|185/266 par|[from] Stealth Rock\n|turn|30\n|\n|t:|1771187480\n|move|p1a: Dudunsparce|Boomburst|p2a: Vileplume\n|-damage|p2a: Vileplume|49/266 par\n|move|p2a: Vileplume|Sludge Bomb|p1a: Dudunsparce\n|-damage|p1a: Dudunsparce|211/343\n|-status|p1a: Dudunsparce|psn\n|\n|-heal|p1a: Dudunsparce|232/343 psn|[from] item: Leftovers\n|-heal|p2a: Vileplume|65/266 par|[from] item: Leftovers\n|-damage|p1a: Dudunsparce|190/343 psn|[from] psn\n|upkeep\n|turn|31\n|\n|t:|1771187491\n|move|p1a: Dudunsparce|Boomburst|p2a: Vileplume\n|-damage|p2a: Vileplume|0 fnt\n|faint|p2a: Vileplume\n|\n|win|WDinATX\n|raw|WDinATX's rating: 1600 &rarr; <strong>1623</strong><br />(+23 for winning)\n|raw|roko22's rating: 1661 &rarr; <strong>1638</strong><br />(-23 for losing)\n|c|☆WDinATX|Gg\n|l|☆roko22\n|player|p2|\n|c|☆WDinATX|That was a sweet game\n", "inputlog": ">version 686819e5e19f8a7fd2345cfc5a08a5085efa2cc3\n>start {\"formatid\":\"gen9randombattle\",\"seed\":\"sodium,83530bf8e3dfa9ec45569240a37932de\",\"rated\":\"Rated battle\"}\n>player p1 {\"name\":\"WDinATX\",\"avatar\":\"102\",\"rating\":1600,\"seed\":\"sodium,60dd86bc3bb9348649f9b4fe2d586e3b\"}\n>player p2 {\"name\":\"roko22\",\"avatar\":\"101\",\"rating\":1661,\"seed\":\"sodium,8d50c078042b6f0e43c0739673ed06ca\"}\n>p1 move stealthrock\n>p2 move leechseed\n>p1 switch 6\n>p2 move substitute\n>p1 move psyblade\n>p2 move thunderbolt\n>p1 move psyblade\n>p2 switch 2\n>p1 switch 3\n>p2 move armorcannon\n>p1 move aquajet\n>p2 switch 4\n>p1 switch 5\n>p2 move sludgebomb\n>p1 move bravebird\n>p2 switch 5\n>p2 switch 3\n>p1 switch 5\n>p2 move eruption\n>p1 move liquidation\n>p2 switch 5\n>p1 move liquidation\n>p2 move strengthsap\n>p1 switch 5\n>p2 switch 2\n>p1 switch 3\n>p2 switch 5\n>p1 switch 5\n>p2 move fireblast\n>p1 move aquajet\n>p2 move fireblast\n>p2 switch 2\n>p1 move aquajet\n>p2 move gigadrain\n>p1 switch 3\n>p1 move bravebird\n>p2 switch 5\n>p1 move bodypress terastallize\n>p2 move thunderbolt\n>p2 switch 6\n>p1 move bodypress\n>p2 move iciclecrash terastallize\n>p1 switch 5\n>p1 move leafblade\n>p2 switch 4\n>p1 move leafblade\n>p2 move armorcannon\n>p1 switch 4\n>p1 move bodyslam\n>p2 move armorcannon\n>p2 switch 5\n>p1 move bodyslam\n>p2 move sleeppowder\n>p1 switch 6\n>p2 move strengthsap\n>p1 move thunderwave\n>p2 move gigadrain\n>p1 move ironhead\n>p2 move gigadrain\n>p1 move ironhead\n>p2 switch 4\n>p1 move ironhead\n>p2 move highhorsepower\n>p1 switch 2\n>p1 move boomburst\n>p2 move highhorsepower\n>p2 switch 4\n>p1 move boomburst\n>p2 move sludgebomb\n>p1 move boomburst\n>p2 move strengthsap", "uploadtime": 1771187503, "views": 14, "formatid": "gen9randombattle", "rating": 1623, "private": 0, "password": null}