{"id": "gen9randombattle-2540295223", "format": "[Gen 9] Random Battle", "players": ["AedemanZ", "improvguy"], "log": "|j|☆AedemanZ\n|j|☆improvguy\n|t:|1771185687\n|gametype|singles\n|player|p1|AedemanZ|169|1685\n|player|p2|improvguy|cameraman|1739\n|gen|9\n|tier|[Gen 9] Random Battle\n|rated|\n|rule|Species Clause: Limit one of each Pokémon\n|rule|HP Percentage Mod: HP is shown in percentages\n|rule|Sleep Clause Mod: Limit one foe put to sleep\n|rule|Illusion Level Mod: Illusion disguises the Pokémon's true level\n|\n|t:|1771185687\n|teamsize|p1|6\n|teamsize|p2|6\n|start\n|switch|p1a: Flamigo|Flamigo, L82, F|269/269\n|switch|p2a: Gholdengo|Gholdengo, L77|261/261\n|turn|1\n|inactive|Battle timer is ON: inactive players will automatically lose when time's up. (requested by AedemanZ)\n|\n|t:|1771185703\n|switch|p2a: Yanmega|Yanmega, L82, M|275/275\n|move|p1a: Flamigo|Close Combat|p2a: Yanmega\n|-resisted|p2a: Yanmega\n|-damage|p2a: Yanmega|230/275\n|-unboost|p1a: Flamigo|def|1\n|-unboost|p1a: Flamigo|spd|1\n|-damage|p1a: Flamigo|243/269|[from] item: Life Orb\n|\n|upkeep\n|turn|2\n|\n|t:|1771185711\n|switch|p1a: Ambipom|Ambipom, L84, M|263/263\n|move|p2a: Yanmega|U-turn|p1a: Ambipom\n|-damage|p1a: Ambipom|184/263\n|\n|t:|1771185716\n|switch|p2a: Gholdengo|Gholdengo, L77|261/261|[from] U-turn\n|\n|upkeep\n|turn|3\n|\n|t:|1771185721\n|move|p1a: Ambipom|Knock Off|p2a: Gholdengo\n|-supereffective|p2a: Gholdengo\n|-damage|p2a: Gholdengo|31/261\n|-enditem|p2a: Gholdengo|Leftovers|[from] move: Knock Off|[of] p1a: Ambipom\n|move|p2a: Gholdengo|Focus Blast|p1a: Ambipom\n|-supereffective|p1a: Ambipom\n|-damage|p1a: Ambipom|0 fnt\n|faint|p1a: Ambipom\n|\n|upkeep\n|\n|t:|1771185727\n|switch|p1a: Flamigo|Flamigo, L82, F|243/269\n|turn|4\n|\n|t:|1771185731\n|move|p1a: Flamigo|Brave Bird|p2a: Gholdengo\n|-resisted|p2a: Gholdengo\n|-damage|p2a: Gholdengo|0 fnt\n|faint|p2a: Gholdengo\n|-damage|p1a: Flamigo|233/269|[from] Recoil\n|-damage|p1a: Flamigo|207/269|[from] item: Life Orb\n|\n|upkeep\n|\n|t:|1771185735\n|switch|p2a: Yanmega|Yanmega, L82, M|230/275\n|turn|5\n|\n|t:|1771185738\n|switch|p1a: Froslass|Froslass, L87, F|263/263\n|move|p2a: Yanmega|Air Slash|p1a: Froslass\n|-damage|p1a: Froslass|107/263\n|\n|upkeep\n|turn|6\n|\n|t:|1771185748\n|switch|p2a: Arcanine|Arcanine, L84, M|288/288\n|-ability|p2a: Arcanine|Intimidate|boost\n|-unboost|p1a: Froslass|atk|1\n|move|p1a: Froslass|Triple Axel|p2a: Arcanine\n|-resisted|p2a: Arcanine\n|-damage|p2a: Arcanine|280/288\n|-resisted|p2a: Arcanine\n|-damage|p2a: Arcanine|265/288\n|-resisted|p2a: Arcanine\n|-damage|p2a: Arcanine|244/288\n|-hitcount|p2a: Arcanine|3\n|\n|upkeep\n|turn|7\n|\n|t:|1771185756\n|switch|p1a: Rampardos|Rampardos, L90, M|321/321\n|move|p2a: Arcanine|Roar|p1a: Rampardos\n|drag|p1a: Shaymin|Shaymin, L82|298/298\n|\n|upkeep\n|turn|8\n|\n|t:|1771185765\n|move|p1a: Shaymin|Earth Power|p2a: Arcanine\n|-supereffective|p2a: Arcanine\n|-damage|p2a: Arcanine|104/288\n|move|p2a: Arcanine|Flare Blitz|p1a: Shaymin\n|-supereffective|p1a: Shaymin\n|-damage|p1a: Shaymin|16/298\n|-status|p1a: Shaymin|brn\n|-damage|p2a: Arcanine|11/288|[from] Recoil\n|\n|-heal|p1a: Shaymin|34/298 brn|[from] item: Leftovers\n|-damage|p1a: Shaymin|16/298 brn|[from] brn\n|upkeep\n|turn|9\n|\n|t:|1771185771\n|move|p1a: Shaymin|Air Slash|p2a: Arcanine\n|-damage|p2a: Arcanine|0 fnt\n|faint|p2a: Arcanine\n|\n|-heal|p1a: Shaymin|34/298 brn|[from] item: Leftovers\n|-damage|p1a: Shaymin|16/298 brn|[from] brn\n|upkeep\n|\n|t:|1771185777\n|switch|p2a: Piloswine|Piloswine, L85, M|309/309\n|turn|10\n|\n|t:|1771185781\n|-curestatus|p1a: Shaymin|brn|[from] ability: Natural Cure\n|switch|p1a: Kricketune|Kricketune, L99, F|312/312\n|move|p2a: Piloswine|Ice Shard|p1a: Kricketune\n|-damage|p1a: Kricketune|254/312\n|\n|upkeep\n|turn|11\n|\n|t:|1771185786\n|move|p1a: Kricketune|Pounce|p2a: Piloswine\n|-damage|p2a: Piloswine|236/309\n|-unboost|p2a: Piloswine|spe|1\n|move|p2a: Piloswine|Stealth Rock|p1a: Kricketune\n|-sidestart|p1: AedemanZ|move: Stealth Rock\n|\n|upkeep\n|turn|12\n|\n|t:|1771185793\n|move|p1a: Kricketune|Sticky Web|p2a: Piloswine\n|-sidestart|p2: improvguy|move: Sticky Web\n|move|p2a: Piloswine|Icicle Crash|p1a: Kricketune\n|-damage|p1a: Kricketune|125/312\n|\n|upkeep\n|turn|13\n|\n|t:|1771185797\n|move|p1a: Kricketune|Knock Off|p2a: Piloswine\n|-damage|p2a: Piloswine|178/309\n|-enditem|p2a: Piloswine|Eviolite|[from] move: Knock Off|[of] p1a: Kricketune\n|move|p2a: Piloswine|Icicle Crash|p1a: Kricketune\n|-damage|p1a: Kricketune|2/312\n|\n|upkeep\n|turn|14\n|\n|t:|1771185803\n|move|p2a: Piloswine|Ice Shard|p1a: Kricketune\n|-damage|p1a: Kricketune|0 fnt\n|faint|p1a: Kricketune\n|\n|upkeep\n|\n|t:|1771185808\n|switch|p1a: Rampardos|Rampardos, L90, M|321/321\n|-damage|p1a: Rampardos|281/321|[from] Stealth Rock\n|turn|15\n|\n|t:|1771185814\n|move|p1a: Rampardos|Fire Punch|p2a: Piloswine\n|-supereffective|p2a: Piloswine\n|-damage|p2a: Piloswine|19/309\n|move|p2a: Piloswine|Earthquake|p1a: Rampardos\n|-supereffective|p1a: Rampardos\n|-damage|p1a: Rampardos|0 fnt\n|faint|p1a: Rampardos\n|\n|upkeep\n|\n|t:|1771185822\n|switch|p1a: Flamigo|Flamigo, L82, F|207/269\n|-damage|p1a: Flamigo|174/269|[from] Stealth Rock\n|turn|16\n|\n|t:|1771185827\n|-terastallize|p1a: Flamigo|Steel\n|move|p2a: Piloswine|Ice Shard|p1a: Flamigo\n|-resisted|p1a: Flamigo\n|-damage|p1a: Flamigo|149/269\n|move|p1a: Flamigo|Roost|p1a: Flamigo\n|-heal|p1a: Flamigo|269/269\n|\n|upkeep\n|turn|17\n|\n|t:|1771185833\n|move|p1a: Flamigo|Brave Bird|p2a: Piloswine\n|-crit|p2a: Piloswine\n|-damage|p2a: Piloswine|0 fnt\n|faint|p2a: Piloswine\n|-damage|p1a: Flamigo|263/269|[from] Recoil\n|-damage|p1a: Flamigo|237/269|[from] item: Life Orb\n|\n|upkeep\n|\n|t:|1771185838\n|switch|p2a: Electivire|Electivire, L84, M|263/263\n|-activate|p2a: Electivire|move: Sticky Web\n|-unboost|p2a: Electivire|spe|1\n|turn|18\n|\n|t:|1771185865\n|switch|p1a: Shaymin|Shaymin, L82|16/298\n|-damage|p1a: Shaymin|0 fnt|[from] Stealth Rock\n|faint|p1a: Shaymin\n|move|p2a: Electivire|Earthquake|p1: Shaymin|[notarget]\n|-fail|p2a: Electivire\n|\n|upkeep\n|\n|t:|1771185873\n|switch|p1a: Froslass|Froslass, L87, F|107/263\n|-damage|p1a: Froslass|42/263|[from] Stealth Rock\n|turn|19\n|\n|t:|1771185881\n|move|p1a: Froslass|Triple Axel|p2a: Electivire\n|-damage|p2a: Electivire|241/263\n|-damage|p2a: Electivire|196/263\n|-damage|p2a: Electivire|126/263\n|-hitcount|p2a: Electivire|3\n|move|p2a: Electivire|Bulk Up|p2a: Electivire\n|-boost|p2a: Electivire|atk|1\n|-boost|p2a: Electivire|def|1\n|\n|upkeep\n|turn|20\n|\n|t:|1771185890\n|move|p1a: Froslass|Triple Axel|p2a: Electivire\n|-damage|p2a: Electivire|110/263\n|-damage|p2a: Electivire|79/263\n|-hitcount|p2a: Electivire|2\n|move|p2a: Electivire|Earthquake|p1a: Froslass\n|-damage|p1a: Froslass|0 fnt\n|faint|p1a: Froslass\n|-damage|p2a: Electivire|53/263|[from] item: Life Orb\n|\n|upkeep\n|\n|t:|1771185896\n|switch|p1a: Flamigo|Flamigo, L82, F, tera:Steel|237/269\n|-damage|p1a: Flamigo|221/269|[from] Stealth Rock\n|turn|21\n|\n|t:|1771185901\n|move|p1a: Flamigo|Brave Bird|p2a: Electivire\n|-resisted|p2a: Electivire\n|-damage|p2a: Electivire|0 fnt\n|faint|p2a: Electivire\n|-damage|p1a: Flamigo|204/269|[from] Recoil\n|-damage|p1a: Flamigo|178/269|[from] item: Life Orb\n|\n|upkeep\n|\n|t:|1771185908\n|switch|p2a: Yanmega|Yanmega, L82, M|230/275\n|turn|22\n|\n|t:|1771185912\n|move|p2a: Yanmega|Bug Buzz|p1a: Flamigo\n|-resisted|p1a: Flamigo\n|-damage|p1a: Flamigo|0 fnt\n|faint|p1a: Flamigo\n|\n|win|improvguy\n|raw|AedemanZ's rating: 1685 &rarr; <strong>1668</strong><br />(-17 for losing)\n|raw|improvguy's rating: 1739 &rarr; <strong>1756</strong><br />(+17 for winning)\n|c|☆improvguy|gg\n|l|☆AedemanZ\n|player|p1|\n", "inputlog": ">version 686819e5e19f8a7fd2345cfc5a08a5085efa2cc3\n>start {\"formatid\":\"gen9randombattle\",\"seed\":\"sodium,fc53ccedab39fbacca6c50a28adb40e0\",\"rated\":\"Rated battle\"}\n>player p1 {\"name\":\"AedemanZ\",\"avatar\":\"169\",\"rating\":1685,\"seed\":\"sodium,218e5a45bbaca774ff4c93fc75cd101c\"}\n>player p2 {\"name\":\"improvguy\",\"avatar\":\"cameraman\",\"rating\":1739,\"seed\":\"sodium,bd1af6b6b1d971ae035a14f676815df1\"}\n>p1 move closecombat\n>p2 switch 3\n>p1 switch 6\n>p2 move uturn\n>p2 switch 3\n>p1 move knockoff\n>p2 move focusblast\n>p1 switch 6\n>p1 move bravebird\n>p2 move makeitrain\n>p2 switch 3\n>p1 switch 2\n>p2 move airslash\n>p1 move tripleaxel\n>p2 switch 4\n>p1 switch 3\n>p2 move roar\n>p1 move earthpower\n>p2 move flareblitz\n>p1 move airslash\n>p2 move morningsun\n>p2 switch 6\n>p1 switch 4\n>p2 move iceshard\n>p1 move pounce\n>p2 move stealthrock\n>p1 move stickyweb\n>p2 move iciclecrash\n>p1 move knockoff\n>p2 move iciclecrash\n>p1 move pounce\n>p2 move iceshard\n>p1 switch 5\n>p1 move firepunch\n>p2 move earthquake\n>p1 switch 2\n>p1 move roost terastallize\n>p2 move iceshard\n>p1 move bravebird\n>p2 move earthquake\n>p2 switch 5\n>p1 switch 4\n>p2 move earthquake\n>p1 switch 3\n>p1 move tripleaxel\n>p2 move bulkup\n>p1 move tripleaxel\n>p2 move earthquake\n>p1 switch 4\n>p1 move bravebird\n>p2 move earthquake\n>p2 switch 4\n>p1 move roost\n>p2 move bugbuzz", "uploadtime": 1771185922, "views": 15, "formatid": "gen9randombattle", "rating": 1668, "private": 0, "password": null}