{"id": "gen9randombattle-2540929974", "format": "[Gen 9] Random Battle", "players": ["lexjo12345", "Cityescape"], "log": "|j|☆lexjo12345\n|j|☆Cityescape\n|t:|1771268189\n|gametype|singles\n|player|p1|lexjo12345|liko|1978\n|player|p2|Cityescape|169|1940\n|gen|9\n|tier|[Gen 9] Random Battle\n|rated|\n|rule|Species Clause: Limit one of each Pokémon\n|rule|HP Percentage Mod: HP is shown in percentages\n|rule|Sleep Clause Mod: Limit one foe put to sleep\n|rule|Illusion Level Mod: Illusion disguises the Pokémon's true level\n|\n|t:|1771268189\n|teamsize|p1|6\n|teamsize|p2|6\n|start\n|switch|p1a: Serperior|Serperior, L79, F|248/248\n|switch|p2a: Mew|Mew, L82|298/298\n|turn|1\n|inactive|Battle timer is ON: inactive players will automatically lose when time's up. (requested by lexjo12345)\n|\n|t:|1771268212\n|move|p1a: Serperior|Leaf Storm|p2a: Mew\n|-crit|p2a: Mew\n|-damage|p2a: Mew|111/298\n|-boost|p1a: Serperior|spa|2\n|-damage|p1a: Serperior|224/248|[from] item: Life Orb\n|move|p2a: Mew|Bug Buzz|p1a: Serperior\n|-supereffective|p1a: Serperior\n|-damage|p1a: Serperior|58/248\n|-damage|p2a: Mew|82/298|[from] item: Life Orb\n|\n|upkeep\n|turn|2\n|l|☆Cityescape\n|inactive|Cityescape disconnected and has a minute to reconnect!\n|player|p2|\n|j|☆Cityescape\n|inactive|Cityescape reconnected and has 115 seconds left.\n|player|p2|Cityescape|169|\n|\n|t:|1771268253\n|move|p1a: Serperior|Leaf Storm|p2a: Mew\n|-damage|p2a: Mew|0 fnt\n|-boost|p1a: Serperior|spa|2\n|faint|p2a: Mew\n|-damage|p1a: Serperior|34/248|[from] item: Life Orb\n|\n|upkeep\n|\n|t:|1771268255\n|switch|p2a: Lokix|Lokix, L82, F|251/251\n|turn|3\n|\n|t:|1771268258\n|move|p1a: Serperior|Glare|p2a: Lokix\n|-status|p2a: Lokix|par\n|move|p2a: Lokix|Leech Life|p1a: Serperior\n|-supereffective|p1a: Serperior\n|-damage|p1a: Serperior|0 fnt\n|faint|p1a: Serperior\n|-damage|p2a: Lokix|226/251 par|[from] item: Life Orb\n|\n|upkeep\n|\n|t:|1771268261\n|switch|p1a: Pachirisu|Pachirisu, L96, M|271/271\n|turn|4\n|\n|t:|1771268263\n|switch|p2a: Swampert|Swampert, L83, F|302/302\n|move|p1a: Pachirisu|Super Fang|p2a: Swampert\n|-damage|p2a: Swampert|151/302\n|\n|-heal|p2a: Swampert|169/302|[from] item: Leftovers\n|upkeep\n|turn|5\n|\n|t:|1771268274\n|move|p1a: Pachirisu|Super Fang|p2a: Swampert\n|-damage|p2a: Swampert|85/302\n|move|p2a: Swampert|Knock Off|p1a: Pachirisu\n|-damage|p1a: Pachirisu|191/271\n|-enditem|p1a: Pachirisu|Heavy-Duty Boots|[from] move: Knock Off|[of] p2a: Swampert\n|\n|-heal|p2a: Swampert|103/302|[from] item: Leftovers\n|upkeep\n|turn|6\n|\n|t:|1771268277\n|move|p1a: Pachirisu|Encore|p2a: Swampert\n|-start|p2a: Swampert|Encore\n|move|p2a: Swampert|Knock Off|p1a: Pachirisu\n|-damage|p1a: Pachirisu|142/271\n|\n|-heal|p2a: Swampert|121/302|[from] item: Leftovers\n|upkeep\n|turn|7\n|\n|t:|1771268282\n|move|p1a: Pachirisu|Super Fang|p2a: Swampert\n|-damage|p2a: Swampert|61/302\n|move|p2a: Swampert|Knock Off|p1a: Pachirisu\n|-damage|p1a: Pachirisu|87/271\n|\n|-heal|p2a: Swampert|79/302|[from] item: Leftovers\n|upkeep\n|turn|8\n|\n|t:|1771268297\n|move|p1a: Pachirisu|Super Fang|p2a: Swampert\n|-damage|p2a: Swampert|40/302\n|move|p2a: Swampert|Knock Off|p1a: Pachirisu\n|-damage|p1a: Pachirisu|36/271\n|\n|-heal|p2a: Swampert|58/302|[from] item: Leftovers\n|-end|p2a: Swampert|Encore\n|upkeep\n|turn|9\n|\n|t:|1771268309\n|move|p1a: Pachirisu|Encore|p2a: Swampert\n|-start|p2a: Swampert|Encore\n|move|p2a: Swampert|Knock Off|p1a: Pachirisu\n|-damage|p1a: Pachirisu|0 fnt\n|faint|p1a: Pachirisu\n|\n|-heal|p2a: Swampert|76/302|[from] item: Leftovers\n|upkeep\n|\n|t:|1771268312\n|switch|p1a: Espathra|Espathra, L80, F|283/283\n|turn|10\n|\n|t:|1771268315\n|switch|p2a: Lokix|Lokix, L82, F|226/251 par\n|-terastallize|p1a: Espathra|Fairy\n|move|p1a: Espathra|Calm Mind|p1a: Espathra\n|-boost|p1a: Espathra|spa|1\n|-boost|p1a: Espathra|spd|1\n|\n|-ability|p1a: Espathra|Speed Boost|boost\n|-boost|p1a: Espathra|spe|1\n|upkeep\n|turn|11\n|\n|t:|1771268323\n|move|p2a: Lokix|Sucker Punch|p1a: Espathra\n|-resisted|p1a: Espathra\n|-damage|p1a: Espathra|153/283\n|-damage|p2a: Lokix|201/251 par|[from] item: Life Orb\n|move|p1a: Espathra|Dazzling Gleam|p2a: Lokix\n|-supereffective|p2a: Lokix\n|-damage|p2a: Lokix|0 fnt\n|faint|p2a: Lokix\n|\n|-heal|p1a: Espathra|170/283|[from] item: Leftovers\n|-ability|p1a: Espathra|Speed Boost|boost\n|-boost|p1a: Espathra|spe|1\n|upkeep\n|\n|t:|1771268326\n|switch|p2a: Necrozma|Necrozma-Dusk-Mane, L69|248/248\n|turn|12\n|\n|t:|1771268331\n|switch|p1a: Mandibuzz|Mandibuzz, L85, F|326/326\n|move|p2a: Necrozma|Sunsteel Strike|p1a: Mandibuzz\n|-damage|p1a: Mandibuzz|239/326\n|\n|upkeep\n|turn|13\n|\n|t:|1771268346\n|move|p1a: Mandibuzz|Roost|p1a: Mandibuzz\n|-heal|p1a: Mandibuzz|326/326\n|-singleturn|p1a: Mandibuzz|move: Roost\n|move|p2a: Necrozma|Sunsteel Strike|p1a: Mandibuzz\n|-damage|p1a: Mandibuzz|230/326\n|\n|upkeep\n|turn|14\n|\n|t:|1771268357\n|move|p1a: Mandibuzz|Roost|p1a: Mandibuzz\n|-heal|p1a: Mandibuzz|326/326\n|-singleturn|p1a: Mandibuzz|move: Roost\n|move|p2a: Necrozma|Sunsteel Strike|p1a: Mandibuzz\n|-damage|p1a: Mandibuzz|229/326\n|\n|upkeep\n|turn|15\n|\n|t:|1771268367\n|switch|p2a: Swampert|Swampert, L83, F|76/302\n|move|p1a: Mandibuzz|Roost|p1a: Mandibuzz\n|-heal|p1a: Mandibuzz|326/326\n|-singleturn|p1a: Mandibuzz|move: Roost\n|\n|-heal|p2a: Swampert|94/302|[from] item: Leftovers\n|upkeep\n|turn|16\n|\n|t:|1771268376\n|move|p1a: Mandibuzz|Foul Play|p2a: Swampert\n|-damage|p2a: Swampert|0 fnt\n|faint|p2a: Swampert\n|\n|upkeep\n|\n|t:|1771268379\n|switch|p2a: Shaymin|Shaymin, L82|298/298\n|turn|17\n|\n|t:|1771268395\n|switch|p1a: Espathra|Espathra, L80, F, tera:Fairy|170/283\n|move|p2a: Shaymin|Leech Seed|p1a: Espathra|[miss]\n|-miss|p2a: Shaymin|p1a: Espathra\n|\n|-heal|p1a: Espathra|187/283|[from] item: Leftovers\n|upkeep\n|turn|18\n|\n|t:|1771268400\n|move|p1a: Espathra|Calm Mind|p1a: Espathra\n|-boost|p1a: Espathra|spa|1\n|-boost|p1a: Espathra|spd|1\n|move|p2a: Shaymin|Leech Seed|p1a: Espathra|[miss]\n|-miss|p2a: Shaymin|p1a: Espathra\n|\n|-heal|p1a: Espathra|204/283|[from] item: Leftovers\n|-ability|p1a: Espathra|Speed Boost|boost\n|-boost|p1a: Espathra|spe|1\n|upkeep\n|turn|19\n|\n|t:|1771268402\n|move|p1a: Espathra|Calm Mind|p1a: Espathra\n|-boost|p1a: Espathra|spa|1\n|-boost|p1a: Espathra|spd|1\n|move|p2a: Shaymin|Leech Seed|p1a: Espathra\n|-start|p1a: Espathra|move: Leech Seed\n|\n|-heal|p1a: Espathra|221/283|[from] item: Leftovers\n|-damage|p1a: Espathra|186/283|[from] Leech Seed|[of] p2a: Shaymin\n|-ability|p1a: Espathra|Speed Boost|boost\n|-boost|p1a: Espathra|spe|1\n|upkeep\n|turn|20\n|\n|t:|1771268406\n|switch|p2a: Necrozma|Necrozma-Dusk-Mane, L69|248/248\n|move|p1a: Espathra|Calm Mind|p1a: Espathra\n|-boost|p1a: Espathra|spa|1\n|-boost|p1a: Espathra|spd|1\n|\n|-heal|p1a: Espathra|203/283|[from] item: Leftovers\n|-damage|p1a: Espathra|168/283|[from] Leech Seed|[of] p2a: Necrozma\n|-ability|p1a: Espathra|Speed Boost|boost\n|-boost|p1a: Espathra|spe|1\n|upkeep\n|turn|21\n|\n|t:|1771268412\n|move|p1a: Espathra|Stored Power|p2a: Necrozma\n|-resisted|p2a: Necrozma\n|-damage|p2a: Necrozma|112/248\n|move|p2a: Necrozma|Sunsteel Strike|p1a: Espathra\n|-supereffective|p1a: Espathra\n|-damage|p1a: Espathra|0 fnt\n|faint|p1a: Espathra\n|\n|upkeep\n|\n|t:|1771268414\n|switch|p1a: Mandibuzz|Mandibuzz, L85, F|326/326\n|turn|22\n|\n|t:|1771268417\n|switch|p2a: Shaymin|Shaymin, L82|298/298\n|move|p1a: Mandibuzz|Foul Play|p2a: Shaymin\n|-damage|p2a: Shaymin|225/298\n|\n|-heal|p2a: Shaymin|243/298|[from] item: Leftovers\n|upkeep\n|turn|23\n|\n|t:|1771268419\n|move|p2a: Shaymin|Leech Seed|p1a: Mandibuzz\n|-start|p1a: Mandibuzz|move: Leech Seed\n|move|p1a: Mandibuzz|Toxic|p2a: Shaymin\n|-status|p2a: Shaymin|tox\n|\n|-heal|p2a: Shaymin|261/298 tox|[from] item: Leftovers\n|-damage|p1a: Mandibuzz|286/326|[from] Leech Seed|[of] p2a: Shaymin\n|-heal|p2a: Shaymin|298/298 tox|[silent]\n|-damage|p2a: Shaymin|280/298 tox|[from] psn\n|upkeep\n|turn|24\n|\n|t:|1771268426\n|-curestatus|p2a: Shaymin|tox|[from] ability: Natural Cure\n|switch|p2a: Necrozma|Necrozma-Dusk-Mane, L69|112/248\n|move|p1a: Mandibuzz|Foul Play|p2a: Necrozma\n|-supereffective|p2a: Necrozma\n|-damage|p2a: Necrozma|0 fnt\n|faint|p2a: Necrozma\n|\n|upkeep\n|\n|t:|1771268432\n|switch|p2a: Shaymin|Shaymin, L82|280/298\n|turn|25\n|\n|t:|1771268435\n|move|p2a: Shaymin|Substitute|p2a: Shaymin\n|-start|p2a: Shaymin|Substitute\n|-damage|p2a: Shaymin|206/298\n|move|p1a: Mandibuzz|Toxic||[still]\n|-fail|p1a: Mandibuzz\n|\n|-heal|p2a: Shaymin|224/298|[from] item: Leftovers\n|-damage|p1a: Mandibuzz|246/326|[from] Leech Seed|[of] p2a: Shaymin\n|-heal|p2a: Shaymin|264/298|[silent]\n|upkeep\n|turn|26\n|\n|t:|1771268440\n|switch|p1a: Regice|Regice, L88|284/284\n|move|p2a: Shaymin|Air Slash|p1a: Regice|[miss]\n|-miss|p2a: Shaymin|p1a: Regice\n|\n|-heal|p2a: Shaymin|282/298|[from] item: Leftovers\n|upkeep\n|turn|27\n|\n|t:|1771268445\n|-terastallize|p2a: Shaymin|Steel\n|move|p2a: Shaymin|Leech Seed|p1a: Regice\n|-start|p1a: Regice|move: Leech Seed\n|move|p1a: Regice|Ice Beam|p2a: Shaymin\n|-resisted|p2a: Shaymin\n|-activate|p2a: Shaymin|move: Substitute|[damage]\n|\n|-heal|p2a: Shaymin|298/298|[from] item: Leftovers\n|-damage|p1a: Regice|249/284|[from] Leech Seed|[of] p2a: Shaymin\n|upkeep\n|turn|28\n|\n|t:|1771268461\n|switch|p1a: Mandibuzz|Mandibuzz, L85, F|246/326\n|move|p2a: Shaymin|Air Slash|p1a: Mandibuzz\n|-crit|p1a: Mandibuzz\n|-damage|p1a: Mandibuzz|169/326\n|\n|upkeep\n|turn|29\n|\n|t:|1771268467\n|move|p2a: Shaymin|Seed Flare|p1a: Mandibuzz\n|-resisted|p1a: Mandibuzz\n|-damage|p1a: Mandibuzz|111/326\n|move|p1a: Mandibuzz|Roost|p1a: Mandibuzz\n|-heal|p1a: Mandibuzz|274/326\n|-singleturn|p1a: Mandibuzz|move: Roost\n|\n|upkeep\n|turn|30\n|\n|t:|1771268472\n|switch|p1a: Regice|Regice, L88|249/284\n|move|p2a: Shaymin|Leech Seed|p1a: Regice\n|-start|p1a: Regice|move: Leech Seed\n|\n|-damage|p1a: Regice|214/284|[from] Leech Seed|[of] p2a: Shaymin\n|upkeep\n|turn|31\n|\n|t:|1771268480\n|switch|p1a: Mandibuzz|Mandibuzz, L85, F|274/326\n|move|p2a: Shaymin|Air Slash|p1a: Mandibuzz\n|-damage|p1a: Mandibuzz|225/326\n|\n|upkeep\n|turn|32\n|\n|t:|1771268485\n|move|p2a: Shaymin|Leech Seed|p1a: Mandibuzz\n|-start|p1a: Mandibuzz|move: Leech Seed\n|move|p1a: Mandibuzz|Foul Play|p2a: Shaymin\n|-end|p2a: Shaymin|Substitute\n|\n|-damage|p1a: Mandibuzz|185/326|[from] Leech Seed|[of] p2a: Shaymin\n|upkeep\n|turn|33\n|\n|t:|1771268493\n|switch|p2a: Walking Wake|Walking Wake, L79|286/286\n|move|p1a: Mandibuzz|Roost|p1a: Mandibuzz\n|-heal|p1a: Mandibuzz|326/326\n|-singleturn|p1a: Mandibuzz|move: Roost\n|\n|-damage|p1a: Mandibuzz|286/326|[from] Leech Seed|[of] p2a: Walking Wake\n|upkeep\n|turn|34\n|\n|t:|1771268499\n|-end|p2a: Walking Wake|Protosynthesis|[silent]\n|switch|p2a: Shaymin|Shaymin, L82, tera:Steel|298/298\n|switch|p1a: Regice|Regice, L88|214/284\n|\n|upkeep\n|turn|35\n|\n|t:|1771268506\n|move|p2a: Shaymin|Leech Seed|p1a: Regice\n|-start|p1a: Regice|move: Leech Seed\n|move|p1a: Regice|Thunderbolt|p2a: Shaymin\n|-damage|p2a: Shaymin|229/298\n|\n|-heal|p2a: Shaymin|247/298|[from] item: Leftovers\n|-damage|p1a: Regice|179/284|[from] Leech Seed|[of] p2a: Shaymin\n|-heal|p2a: Shaymin|282/298|[silent]\n|upkeep\n|turn|36\n|\n|t:|1771268513\n|switch|p2a: Walking Wake|Walking Wake, L79|286/286\n|switch|p1a: Mandibuzz|Mandibuzz, L85, F|286/326\n|\n|upkeep\n|turn|37\n|\n|t:|1771268518\n|-end|p2a: Walking Wake|Protosynthesis|[silent]\n|switch|p2a: Shaymin|Shaymin, L82, tera:Steel|282/298\n|move|p1a: Mandibuzz|Toxic|p2a: Shaymin\n|-immune|p2a: Shaymin\n|\n|-heal|p2a: Shaymin|298/298|[from] item: Leftovers\n|upkeep\n|turn|38\n|\n|t:|1771268523\n|move|p2a: Shaymin|Leech Seed|p1a: Mandibuzz\n|-start|p1a: Mandibuzz|move: Leech Seed\n|move|p1a: Mandibuzz|Foul Play|p2a: Shaymin\n|-damage|p2a: Shaymin|219/298\n|\n|-heal|p2a: Shaymin|237/298|[from] item: Leftovers\n|-damage|p1a: Mandibuzz|246/326|[from] Leech Seed|[of] p2a: Shaymin\n|-heal|p2a: Shaymin|277/298|[silent]\n|upkeep\n|turn|39\n|\n|t:|1771268525\n|switch|p2a: Walking Wake|Walking Wake, L79|286/286\n|switch|p1a: Regice|Regice, L88|179/284\n|\n|upkeep\n|turn|40\n|\n|t:|1771268531\n|switch|p1a: Mandibuzz|Mandibuzz, L85, F|246/326\n|move|p2a: Walking Wake|Flamethrower|p1a: Mandibuzz\n|-damage|p1a: Mandibuzz|149/326\n|\n|upkeep\n|turn|41\n|\n|t:|1771268536\n|-end|p2a: Walking Wake|Protosynthesis|[silent]\n|switch|p2a: Shaymin|Shaymin, L82, tera:Steel|277/298\n|move|p1a: Mandibuzz|Roost|p1a: Mandibuzz\n|-heal|p1a: Mandibuzz|312/326\n|-singleturn|p1a: Mandibuzz|move: Roost\n|\n|-heal|p2a: Shaymin|295/298|[from] item: Leftovers\n|upkeep\n|turn|42\n|\n|t:|1771268543\n|switch|p1a: Regice|Regice, L88|179/284\n|move|p2a: Shaymin|Leech Seed|p1a: Regice\n|-start|p1a: Regice|move: Leech Seed\n|\n|-heal|p2a: Shaymin|298/298|[from] item: Leftovers\n|-damage|p1a: Regice|144/284|[from] Leech Seed|[of] p2a: Shaymin\n|upkeep\n|turn|43\n|\n|t:|1771268548\n|move|p2a: Shaymin|Substitute|p2a: Shaymin\n|-start|p2a: Shaymin|Substitute\n|-damage|p2a: Shaymin|224/298\n|move|p1a: Regice|Rest|p1a: Regice\n|-status|p1a: Regice|slp|[from] move: Rest\n|-heal|p1a: Regice|284/284 slp|[silent]\n|\n|-heal|p2a: Shaymin|242/298|[from] item: Leftovers\n|-damage|p1a: Regice|249/284 slp|[from] Leech Seed|[of] p2a: Shaymin\n|-heal|p2a: Shaymin|277/298|[silent]\n|upkeep\n|turn|44\n|\n|t:|1771268553\n|switch|p2a: Walking Wake|Walking Wake, L79|286/286\n|switch|p1a: Mandibuzz|Mandibuzz, L85, F|312/326\n|\n|upkeep\n|turn|45\n|\n|t:|1771268556\n|-end|p2a: Walking Wake|Protosynthesis|[silent]\n|switch|p2a: Shaymin|Shaymin, L82, tera:Steel|277/298\n|move|p1a: Mandibuzz|Toxic|p2a: Shaymin\n|-immune|p2a: Shaymin\n|\n|-heal|p2a: Shaymin|295/298|[from] item: Leftovers\n|upkeep\n|turn|46\n|\n|t:|1771268564\n|switch|p2a: Walking Wake|Walking Wake, L79|286/286\n|move|p1a: Mandibuzz|Foul Play|p2a: Walking Wake\n|-damage|p2a: Walking Wake|196/286\n|\n|upkeep\n|turn|47\n|\n|t:|1771268569\n|move|p2a: Walking Wake|Flip Turn|p1a: Mandibuzz\n|-damage|p1a: Mandibuzz|269/326\n|\n|t:|1771268571\n|-end|p2a: Walking Wake|Protosynthesis|[silent]\n|switch|p2a: Shaymin|Shaymin, L82, tera:Steel|295/298|[from] Flip Turn\n|move|p1a: Mandibuzz|Toxic|p2a: Shaymin\n|-immune|p2a: Shaymin\n|\n|-heal|p2a: Shaymin|298/298|[from] item: Leftovers\n|upkeep\n|turn|48\n|\n|t:|1771268574\n|move|p2a: Shaymin|Leech Seed|p1a: Mandibuzz\n|-start|p1a: Mandibuzz|move: Leech Seed\n|move|p1a: Mandibuzz|Foul Play|p2a: Shaymin\n|-crit|p2a: Shaymin\n|-damage|p2a: Shaymin|183/298\n|\n|-heal|p2a: Shaymin|201/298|[from] item: Leftovers\n|-damage|p1a: Mandibuzz|229/326|[from] Leech Seed|[of] p2a: Shaymin\n|-heal|p2a: Shaymin|241/298|[silent]\n|upkeep\n|turn|49\n|\n|t:|1771268576\n|switch|p2a: Walking Wake|Walking Wake, L79|196/286\n|switch|p1a: Regice|Regice, L88|249/284 slp\n|\n|upkeep\n|turn|50\n|\n|t:|1771268580\n|switch|p1a: Mandibuzz|Mandibuzz, L85, F|229/326\n|move|p2a: Walking Wake|Hydro Pump|p1a: Mandibuzz\n|-damage|p1a: Mandibuzz|64/326\n|\n|upkeep\n|turn|51\n|\n|t:|1771268586\n|move|p2a: Walking Wake|Hydro Pump|p1a: Mandibuzz\n|-damage|p1a: Mandibuzz|0 fnt\n|faint|p1a: Mandibuzz\n|\n|upkeep\n|\n|t:|1771268587\n|switch|p1a: Veluza|Veluza, L85, F|292/292\n|turn|52\n|\n|t:|1771268592\n|-end|p2a: Walking Wake|Protosynthesis|[silent]\n|switch|p2a: Shaymin|Shaymin, L82, tera:Steel|241/298\n|move|p1a: Veluza|Aqua Cutter|p2a: Shaymin\n|-damage|p2a: Shaymin|84/298\n|\n|-heal|p2a: Shaymin|102/298|[from] item: Leftovers\n|upkeep\n|turn|53\n|\n|t:|1771268594\n|move|p2a: Shaymin|Seed Flare|p1a: Veluza\n|-supereffective|p1a: Veluza\n|-damage|p1a: Veluza|8/292\n|move|p1a: Veluza|Aqua Cutter|p2a: Shaymin\n|-damage|p2a: Shaymin|0 fnt\n|faint|p2a: Shaymin\n|\n|upkeep\n|\n|t:|1771268596\n|switch|p2a: Walking Wake|Walking Wake, L79|196/286\n|turn|54\n|\n|t:|1771268601\n|move|p2a: Walking Wake|Flamethrower|p1a: Veluza\n|-resisted|p1a: Veluza\n|-damage|p1a: Veluza|0 fnt\n|faint|p1a: Veluza\n|\n|upkeep\n|\n|t:|1771268602\n|switch|p1a: Regice|Regice, L88|249/284 slp\n|turn|55\n|\n|t:|1771268603\n|move|p2a: Walking Wake|Flamethrower|p1a: Regice\n|-supereffective|p1a: Regice\n|-damage|p1a: Regice|147/284 slp\n|cant|p1a: Regice|slp\n|move|p1a: Regice|Sleep Talk|p1a: Regice\n|move|p1a: Regice|Rest||[from] move: Sleep Talk|[still]\n|-fail|p1a: Regice\n|\n|upkeep\n|turn|56\n|\n|t:|1771268605\n|move|p2a: Walking Wake|Flamethrower|p1a: Regice\n|-supereffective|p1a: Regice\n|-damage|p1a: Regice|53/284 slp\n|cant|p1a: Regice|slp\n|move|p1a: Regice|Sleep Talk|p1a: Regice\n|move|p1a: Regice|Thunderbolt|p2a: Walking Wake|[from] move: Sleep Talk\n|-damage|p2a: Walking Wake|112/286\n|\n|upkeep\n|turn|57\n|\n|t:|1771268608\n|move|p2a: Walking Wake|Flamethrower|p1a: Regice\n|-supereffective|p1a: Regice\n|-damage|p1a: Regice|0 fnt\n|faint|p1a: Regice\n|\n|win|Cityescape\n|raw|lexjo12345's rating: 1978 &rarr; <strong>1956</strong><br />(-22 for losing)\n|raw|Cityescape's rating: 1940 &rarr; <strong>1962</strong><br />(+22 for winning)\n|l|☆lexjo12345\n|player|p1|\n", "inputlog": ">version 686819e5e19f8a7fd2345cfc5a08a5085efa2cc3\n>start {\"formatid\":\"gen9randombattle\",\"seed\":\"sodium,8a92fec43fee04daffd959e8c413ea52\",\"rated\":\"Rated battle\"}\n>player p1 {\"name\":\"lexjo12345\",\"avatar\":\"liko\",\"rating\":1978,\"seed\":\"sodium,574936eab5d122ba2b0bab4cbdef143a\"}\n>player p2 {\"name\":\"Cityescape\",\"avatar\":\"169\",\"rating\":1940,\"seed\":\"sodium,ebcf5b19376d364c53a546950c2a4602\"}\n>p1 move leafstorm\n>p2 move bugbuzz\n>p1 move leafstorm\n>p2 move bugbuzz\n>p2 switch 2\n>p1 move glare\n>p2 move leechlife\n>p1 switch 2\n>p1 move superfang\n>p2 switch 3\n>p1 move superfang\n>p2 move knockoff\n>p1 move encore\n>p2 move earthquake\n>p1 move superfang\n>p2 move knockoff\n>p1 move superfang\n>p2 move knockoff\n>p1 move encore\n>p2 move knockoff\n>p1 switch 3\n>p1 move calmmind terastallize\n>p2 switch 3\n>p1 move dazzlinggleam\n>p2 move suckerpunch\n>p2 switch 6\n>p1 switch 6\n>p2 move sunsteelstrike\n>p1 move roost\n>p2 move sunsteelstrike\n>p1 move roost\n>p2 move sunsteelstrike\n>p1 move roost\n>p2 switch 3\n>p1 move foulplay\n>p2 move yawn\n>p2 switch 4\n>p1 switch 6\n>p2 move leechseed\n>p1 move calmmind\n>p2 move leechseed\n>p1 move calmmind\n>p2 move leechseed\n>p1 move calmmind\n>p2 switch 3\n>p1 move storedpower\n>p2 move sunsteelstrike\n>p1 switch 6\n>p1 move foulplay\n>p2 switch 3\n>p1 move toxic\n>p2 move leechseed\n>p1 move foulplay\n>p2 switch 3\n>p2 switch 3\n>p1 move toxic\n>p2 move substitute\n>p1 switch 4\n>p2 move airslash\n>p1 move icebeam\n>p2 move leechseed terastallize\n>p1 switch 4\n>p2 move airslash\n>p1 move roost\n>p2 move seedflare\n>p1 switch 4\n>p2 move leechseed\n>p1 switch 4\n>p2 move airslash\n>p1 move foulplay\n>p2 move leechseed\n>p1 move roost\n>p2 switch 5\n>p1 switch 4\n>p2 switch 5\n>p1 move thunderbolt\n>p2 move leechseed\n>p1 switch 4\n>p2 switch 5\n>p1 move toxic\n>p2 switch 5\n>p1 move foulplay\n>p2 move leechseed\n>p1 switch 4\n>p2 switch 5\n>p1 switch 4\n>p2 move flamethrower\n>p1 move roost\n>p2 switch 5\n>p1 switch 4\n>p2 move leechseed\n>p1 move rest\n>p2 move substitute\n>p1 switch 4\n>p2 switch 5\n>p1 move toxic\n>p2 switch 5\n>p1 move foulplay\n>p2 switch 5\n>p1 move toxic\n>p2 move flipturn\n>p2 switch 5\n>p1 move foulplay\n>p2 move leechseed\n>p1 switch 4\n>p2 switch 5\n>p1 switch 4\n>p2 move hydropump\n>p1 move roost\n>p2 move hydropump\n>p1 switch 5\n>p1 move aquacutter\n>p2 switch 5\n>p1 move aquacutter\n>p2 move seedflare\n>p2 switch 5\n>p1 move aquacutter\n>p2 move flamethrower\n>p1 switch 4\n>p1 move sleeptalk\n>p2 move flamethrower\n>p1 move sleeptalk\n>p2 move flamethrower\n>p1 move rest\n>p2 move flamethrower", "uploadtime": 1771268613, "views": 1, "formatid": "gen9randombattle", "rating": 1956, "private": 0, "password": null}