{"id": "gen9randombattle-2540803019", "format": "[Gen 9] Random Battle", "players": ["LloydDafydd", "davyjones369"], "log": "|j|☆LloydDafydd\n|j|☆davyjones369\n|t:|1771255640\n|gametype|singles\n|player|p1|LloydDafydd|170|1816\n|player|p2|davyjones369|102|1813\n|gen|9\n|tier|[Gen 9] Random Battle\n|rated|\n|rule|Species Clause: Limit one of each Pokémon\n|rule|HP Percentage Mod: HP is shown in percentages\n|rule|Sleep Clause Mod: Limit one foe put to sleep\n|rule|Illusion Level Mod: Illusion disguises the Pokémon's true level\n|\n|t:|1771255640\n|teamsize|p1|6\n|teamsize|p2|6\n|start\n|switch|p1a: Chien-Pao|Chien-Pao, L72|234/234\n|switch|p2a: Landorus|Landorus-Therian, L76, M|260/260\n|-ability|p1a: Chien-Pao|Sword of Ruin\n|-ability|p2a: Landorus|Intimidate|boost\n|-unboost|p1a: Chien-Pao|atk|1\n|turn|1\n|inactive|Battle timer is ON: inactive players will automatically lose when time's up. (requested by LloydDafydd)\n|l|☆LloydDafydd\n|inactive|LloydDafydd disconnected and has a minute to reconnect!\n|player|p1|\n|j|☆LloydDafydd\n|inactive|LloydDafydd reconnected and has 135 seconds left.\n|player|p1|LloydDafydd|170|\n|\n|t:|1771255662\n|switch|p2a: Bellibolt|Bellibolt, L84, M|320/320\n|move|p1a: Chien-Pao|Icicle Crash|p2a: Bellibolt\n|-damage|p2a: Bellibolt|223/320\n|-start|p2a: Bellibolt|Charge|Icicle Crash|[from] ability: Electromorphosis\n|\n|-heal|p2a: Bellibolt|243/320|[from] item: Leftovers\n|upkeep\n|turn|2\n|\n|t:|1771255676\n|switch|p1a: Gliscor|Gliscor, L76, F|239/239\n|move|p2a: Bellibolt|Thunderbolt|p1a: Gliscor\n|-immune|p1a: Gliscor\n|-end|p2a: Bellibolt|Charge|[silent]\n|\n|-heal|p2a: Bellibolt|263/320|[from] item: Leftovers\n|-status|p1a: Gliscor|tox|[from] item: Toxic Orb\n|upkeep\n|turn|3\n|\n|t:|1771255696\n|move|p1a: Gliscor|Substitute|p1a: Gliscor\n|-start|p1a: Gliscor|Substitute\n|-damage|p1a: Gliscor|180/239 tox\n|move|p2a: Bellibolt|Muddy Water|p1a: Gliscor|[miss]\n|-miss|p2a: Bellibolt|p1a: Gliscor\n|\n|-heal|p2a: Bellibolt|283/320|[from] item: Leftovers\n|-heal|p1a: Gliscor|209/239 tox|[from] ability: Poison Heal\n|upkeep\n|turn|4\n|\n|t:|1771255709\n|switch|p2a: Reuniclus|Reuniclus, L88, M|337/337\n|move|p1a: Gliscor|Earthquake|p2a: Reuniclus\n|-damage|p2a: Reuniclus|241/337\n|\n|-heal|p1a: Gliscor|238/239 tox|[from] ability: Poison Heal\n|upkeep\n|turn|5\n|\n|t:|1771255732\n|switch|p1a: Golurk|Golurk, L87|297/297\n|move|p2a: Reuniclus|Psyshock|p1a: Golurk\n|-damage|p1a: Golurk|145/297\n|\n|upkeep\n|turn|6\n|\n|t:|1771255743\n|switch|p2a: Staraptor|Staraptor, L79, F|263/263\n|move|p1a: Golurk|Poltergeist|p2a: Staraptor\n|-immune|p2a: Staraptor\n|\n|upkeep\n|turn|7\n|\n|t:|1771255752\n|switch|p1a: Spiritomb|Spiritomb, L89, M|234/234\n|move|p2a: Staraptor|Brave Bird|p1a: Spiritomb\n|-crit|p1a: Spiritomb\n|-damage|p1a: Spiritomb|0 fnt\n|faint|p1a: Spiritomb\n|-damage|p2a: Staraptor|186/263|[from] Recoil\n|\n|upkeep\n|\n|t:|1771255756\n|switch|p1a: Chien-Pao|Chien-Pao, L72|234/234\n|-ability|p1a: Chien-Pao|Sword of Ruin\n|turn|8\n|\n|t:|1771255765\n|switch|p2a: Bellibolt|Bellibolt, L84, M|283/320\n|move|p1a: Chien-Pao|Icicle Crash|p2a: Bellibolt\n|-damage|p2a: Bellibolt|141/320\n|-start|p2a: Bellibolt|Charge|Icicle Crash|[from] ability: Electromorphosis\n|\n|-heal|p2a: Bellibolt|161/320|[from] item: Leftovers\n|upkeep\n|turn|9\n|\n|t:|1771255774\n|move|p1a: Chien-Pao|Icicle Crash|p2a: Bellibolt\n|-damage|p2a: Bellibolt|2/320\n|-start|p2a: Bellibolt|Charge|Icicle Crash|[from] ability: Electromorphosis\n|move|p2a: Bellibolt|Slack Off|p2a: Bellibolt\n|-heal|p2a: Bellibolt|162/320\n|\n|-heal|p2a: Bellibolt|182/320|[from] item: Leftovers\n|upkeep\n|turn|10\n|\n|t:|1771255782\n|move|p1a: Chien-Pao|Icicle Crash|p2a: Bellibolt\n|-damage|p2a: Bellibolt|34/320\n|-start|p2a: Bellibolt|Charge|Icicle Crash|[from] ability: Electromorphosis\n|move|p2a: Bellibolt|Muddy Water|p1a: Chien-Pao\n|-damage|p1a: Chien-Pao|137/234\n|-unboost|p1a: Chien-Pao|accuracy|1\n|\n|-heal|p2a: Bellibolt|54/320|[from] item: Leftovers\n|upkeep\n|turn|11\n|\n|t:|1771255792\n|move|p1a: Chien-Pao|Icicle Crash|p2a: Bellibolt\n|-crit|p2a: Bellibolt\n|-damage|p2a: Bellibolt|0 fnt\n|faint|p2a: Bellibolt\n|\n|upkeep\n|\n|t:|1771255808\n|switch|p2a: Raikou|Raikou, L81|278/278\n|-ability|p2a: Raikou|Pressure\n|turn|12\n|\n|t:|1771255818\n|switch|p1a: Volcanion|Volcanion, L79|255/255\n|move|p2a: Raikou|Calm Mind|p2a: Raikou\n|-boost|p2a: Raikou|spa|1\n|-boost|p2a: Raikou|spd|1\n|\n|upkeep\n|turn|13\n|\n|t:|1771255826\n|-terastallize|p1a: Volcanion|Ground\n|move|p2a: Raikou|Thunderbolt|p1a: Volcanion\n|-immune|p1a: Volcanion\n|move|p1a: Volcanion|Flame Charge|p2a: Raikou\n|-damage|p2a: Raikou|217/278\n|-boost|p1a: Volcanion|spe|1\n|\n|-heal|p2a: Raikou|234/278|[from] item: Leftovers\n|upkeep\n|turn|14\n|\n|t:|1771255838\n|switch|p2a: Porygon2|Porygon2, L81|270/270\n|-ability|p2a: Porygon2|Download|boost\n|-boost|p2a: Porygon2|spa|1\n|move|p1a: Volcanion|Earth Power|p2a: Porygon2\n|-damage|p2a: Porygon2|198/270\n|\n|upkeep\n|turn|15\n|\n|t:|1771255847\n|switch|p1a: Blissey|Blissey, L85, F|572/572\n|move|p2a: Porygon2|Tera Blast|p1a: Blissey\n|-damage|p1a: Blissey|488/572\n|\n|-heal|p1a: Blissey|523/572|[from] item: Leftovers\n|upkeep\n|turn|16\n|\n|t:|1771255856\n|switch|p2a: Landorus|Landorus-Therian, L76, M|260/260\n|-ability|p2a: Landorus|Intimidate|boost\n|-unboost|p1a: Blissey|atk|1\n|move|p1a: Blissey|Stealth Rock|p2a: Landorus\n|-sidestart|p2: davyjones369|move: Stealth Rock\n|\n|-heal|p1a: Blissey|558/572|[from] item: Leftovers\n|upkeep\n|turn|17\n|\n|t:|1771255870\n|move|p2a: Landorus|Stealth Rock|p1a: Blissey\n|-sidestart|p1: LloydDafydd|move: Stealth Rock\n|move|p1a: Blissey|Seismic Toss|p2a: Landorus\n|-damage|p2a: Landorus|175/260\n|\n|-heal|p2a: Landorus|191/260|[from] item: Leftovers\n|-heal|p1a: Blissey|572/572|[from] item: Leftovers\n|upkeep\n|turn|18\n|\n|t:|1771255878\n|switch|p1a: Gliscor|Gliscor, L76, F|238/239 tox\n|-damage|p1a: Gliscor|209/239 tox|[from] Stealth Rock\n|move|p2a: Landorus|Earthquake|p1a: Gliscor\n|-immune|p1a: Gliscor\n|\n|-heal|p2a: Landorus|207/260|[from] item: Leftovers\n|-heal|p1a: Gliscor|238/239 tox|[from] ability: Poison Heal\n|upkeep\n|turn|19\n|\n|t:|1771255888\n|move|p1a: Gliscor|Earthquake|p2a: Landorus\n|-immune|p2a: Landorus\n|move|p2a: Landorus|U-turn|p1a: Gliscor\n|-resisted|p1a: Gliscor\n|-damage|p1a: Gliscor|213/239 tox\n|\n|t:|1771255906\n|switch|p2a: Reuniclus|Reuniclus, L88, M|241/337|[from] U-turn\n|\n|-heal|p1a: Gliscor|239/239 tox|[from] ability: Poison Heal\n|upkeep\n|turn|20\n|\n|t:|1771255914\n|switch|p1a: Chien-Pao|Chien-Pao, L72|137/234\n|-damage|p1a: Chien-Pao|79/234|[from] Stealth Rock\n|-ability|p1a: Chien-Pao|Sword of Ruin\n|move|p2a: Reuniclus|Recover|p2a: Reuniclus\n|-heal|p2a: Reuniclus|337/337\n|\n|upkeep\n|turn|21\n|\n|t:|1771255921\n|switch|p2a: Landorus|Landorus-Therian, L76, M|207/260\n|-damage|p2a: Landorus|175/260|[from] Stealth Rock\n|-ability|p2a: Landorus|Intimidate|boost\n|-unboost|p1a: Chien-Pao|atk|1\n|move|p1a: Chien-Pao|Throat Chop|p2a: Landorus\n|-damage|p2a: Landorus|70/260\n|-start|p2a: Landorus|Throat Chop|[silent]\n|\n|-heal|p2a: Landorus|86/260|[from] item: Leftovers\n|upkeep\n|turn|22\n|\n|t:|1771255931\n|move|p1a: Chien-Pao|Throat Chop|p2a: Landorus\n|-damage|p2a: Landorus|0 fnt\n|faint|p2a: Landorus\n|\n|upkeep\n|\n|t:|1771255939\n|switch|p2a: Porygon2|Porygon2, L81|198/270\n|-damage|p2a: Porygon2|165/270|[from] Stealth Rock\n|-ability|p2a: Porygon2|Download|boost\n|-boost|p2a: Porygon2|spa|1\n|turn|23\n|\n|t:|1771255944\n|switch|p1a: Blissey|Blissey, L85, F|572/572\n|-damage|p1a: Blissey|501/572|[from] Stealth Rock\n|move|p2a: Porygon2|Recover|p2a: Porygon2\n|-heal|p2a: Porygon2|270/270\n|\n|-heal|p1a: Blissey|536/572|[from] item: Leftovers\n|upkeep\n|turn|24\n|\n|t:|1771255964\n|move|p2a: Porygon2|Thunder Wave|p1a: Blissey\n|-status|p1a: Blissey|par\n|move|p1a: Blissey|Thunder Wave|p2a: Porygon2\n|-status|p2a: Porygon2|par\n|\n|-heal|p1a: Blissey|571/572 par|[from] item: Leftovers\n|upkeep\n|turn|25\n|c|☆davyjones369|you can thank blissey\n|inactive|davyjones369 has 120 seconds left.\n|-message|davyjones369 forfeited.\n|\n|win|LloydDafydd\n|raw|LloydDafydd's rating: 1816 &rarr; <strong>1836</strong><br />(+20 for winning)\n|raw|davyjones369's rating: 1813 &rarr; <strong>1793</strong><br />(-20 for losing)\n|l|☆davyjones369\n|player|p2|\n|c|☆LloydDafydd|ok\n", "inputlog": ">version 686819e5e19f8a7fd2345cfc5a08a5085efa2cc3\n>start {\"formatid\":\"gen9randombattle\",\"seed\":\"sodium,b3a532add5303fd7662d883df470ac82\",\"rated\":\"Rated battle\"}\n>player p1 {\"name\":\"LloydDafydd\",\"avatar\":\"170\",\"rating\":1816,\"seed\":\"sodium,984d7ce11800acd09d74b8ecd19c9669\"}\n>player p2 {\"name\":\"davyjones369\",\"avatar\":\"102\",\"rating\":1813,\"seed\":\"sodium,d3be9f3f65bcf2a6b9341f7c6ad30a28\"}\n>p1 move iciclecrash\n>p2 switch 4\n>p1 switch 4\n>p2 move thunderbolt\n>p1 move substitute\n>p2 move muddywater\n>p1 move earthquake\n>p2 switch 6\n>p1 switch 3\n>p2 move psyshock\n>p1 move poltergeist\n>p2 switch 2\n>p1 switch 2\n>p2 move bravebird\n>p1 switch 4\n>p1 move iciclecrash\n>p2 switch 6\n>p1 move iciclecrash\n>p2 move slackoff\n>p1 move iciclecrash\n>p2 move muddywater\n>p1 move iciclecrash\n>p2 move slackoff\n>p2 switch 3\n>p1 switch 5\n>p2 move calmmind\n>p1 move flamecharge terastallize\n>p2 move thunderbolt\n>p1 move earthpower\n>p2 switch 5\n>p1 switch 6\n>p2 move terablast\n>p1 move stealthrock\n>p2 switch 4\n>p1 move seismictoss\n>p2 move stealthrock\n>p1 switch 3\n>p2 move earthquake\n>p1 move earthquake\n>p2 move uturn\n>p2 switch 2\n>p1 switch 5\n>p2 move recover\n>p1 move throatchop\n>p2 switch 2\n>p1 move throatchop\n>p2 move uturn\n>p2 switch 4\n>p1 switch 3\n>p2 move recover\n>p1 move thunderwave\n>p2 move thunderwave\n>chat ☆davyjones369|you can thank blissey\n>forcelose p2", "uploadtime": 1771255993, "views": 5, "formatid": "gen9randombattle", "rating": 1793, "private": 0, "password": null}