{"id": "gen9randombattle-2540407608", "format": "[Gen 9] Random Battle", "players": ["DayCrybabyTon", "yorozuyaheat"], "log": "|j|☆DayCrybabyTon\n|j|☆yorozuyaheat\n|t:|1771198291\n|gametype|singles\n|player|p1|DayCrybabyTon|265|2169\n|player|p2|yorozuyaheat|101|2161\n|gen|9\n|tier|[Gen 9] Random Battle\n|rated|\n|rule|Species Clause: Limit one of each Pokémon\n|rule|HP Percentage Mod: HP is shown in percentages\n|rule|Sleep Clause Mod: Limit one foe put to sleep\n|rule|Illusion Level Mod: Illusion disguises the Pokémon's true level\n|\n|t:|1771198291\n|teamsize|p1|6\n|teamsize|p2|6\n|start\n|switch|p1a: Snorlax|Snorlax, L82, F|397/397\n|switch|p2a: Palossand|Palossand, L89, M|296/296\n|turn|1\n|inactive|Battle timer is ON: inactive players will automatically lose when time's up. (requested by DayCrybabyTon)\n|\n|t:|1771198319\n|switch|p1a: Vaporeon|Vaporeon, L86, F|364/364\n|move|p2a: Palossand|Sludge Bomb|p1a: Vaporeon\n|-damage|p1a: Vaporeon|296/364\n|\n|-heal|p1a: Vaporeon|318/364|[from] item: Leftovers\n|upkeep\n|turn|2\n|\n|t:|1771198331\n|switch|p2a: Exeggutor|Exeggutor, L89, F|312/312\n|move|p1a: Vaporeon|Roar|p2a: Exeggutor\n|drag|p2a: Palossand|Palossand, L89, M|296/296\n|\n|-heal|p1a: Vaporeon|340/364|[from] item: Leftovers\n|upkeep\n|turn|3\n|\n|t:|1771198337\n|switch|p2a: Exeggutor|Exeggutor, L89, F|312/312\n|move|p1a: Vaporeon|Roar|p2a: Exeggutor\n|drag|p2a: Houndoom|Houndoom, L87, F|272/272\n|\n|-heal|p1a: Vaporeon|362/364|[from] item: Leftovers\n|upkeep\n|turn|4\n|\n|t:|1771198340\n|switch|p2a: Exeggutor|Exeggutor, L89, F|312/312\n|move|p1a: Vaporeon|Scald|p2a: Exeggutor\n|-resisted|p2a: Exeggutor\n|-damage|p2a: Exeggutor|263/312\n|\n|-heal|p1a: Vaporeon|364/364|[from] item: Leftovers\n|upkeep\n|turn|5\n|\n|t:|1771198345\n|move|p1a: Vaporeon|Protect|p1a: Vaporeon\n|-singleturn|p1a: Vaporeon|Protect\n|move|p2a: Exeggutor|Leech Seed|p1a: Vaporeon\n|-activate|p1a: Vaporeon|move: Protect\n|\n|upkeep\n|turn|6\n|\n|t:|1771198349\n|switch|p1a: Gliscor|Gliscor, L76, F|239/239\n|move|p2a: Exeggutor|Leech Seed|p1a: Gliscor\n|-start|p1a: Gliscor|move: Leech Seed\n|\n|-damage|p1a: Gliscor|210/239|[from] Leech Seed|[of] p2a: Exeggutor\n|-heal|p2a: Exeggutor|292/312|[silent]\n|-status|p1a: Gliscor|tox|[from] item: Toxic Orb\n|upkeep\n|turn|7\n|\n|t:|1771198359\n|switch|p2a: Sneasler|Sneasler, L74, F|240/240\n|move|p1a: Gliscor|Toxic|p2a: Sneasler\n|-immune|p2a: Sneasler\n|\n|-damage|p1a: Gliscor|181/239 tox|[from] Leech Seed|[of] p2a: Sneasler\n|-heal|p1a: Gliscor|210/239 tox|[from] ability: Poison Heal\n|upkeep\n|turn|8\n|\n|t:|1771198376\n|switch|p2a: Exeggutor|Exeggutor, L89, F|292/312\n|switch|p1a: Sandaconda|Sandaconda, L84, F|258/258\n|\n|upkeep\n|turn|9\n|\n|t:|1771198383\n|switch|p1a: Snorlax|Snorlax, L82, F|397/397\n|move|p2a: Exeggutor|Substitute|p2a: Exeggutor\n|-start|p2a: Exeggutor|Substitute\n|-damage|p2a: Exeggutor|214/312\n|\n|upkeep\n|turn|10\n|\n|t:|1771198386\n|move|p2a: Exeggutor|Leech Seed|p1a: Snorlax\n|-start|p1a: Snorlax|move: Leech Seed\n|move|p1a: Snorlax|Body Slam|p2a: Exeggutor\n|-end|p2a: Exeggutor|Substitute\n|\n|-damage|p1a: Snorlax|348/397|[from] Leech Seed|[of] p2a: Exeggutor\n|-heal|p2a: Exeggutor|263/312|[silent]\n|upkeep\n|turn|11\n|\n|t:|1771198391\n|switch|p1a: Vaporeon|Vaporeon, L86, F|364/364\n|move|p2a: Exeggutor|Substitute|p2a: Exeggutor\n|-start|p2a: Exeggutor|Substitute\n|-damage|p2a: Exeggutor|185/312\n|\n|upkeep\n|turn|12\n|\n|t:|1771198395\n|move|p2a: Exeggutor|Leech Seed|p1a: Vaporeon\n|-start|p1a: Vaporeon|move: Leech Seed\n|move|p1a: Vaporeon|Roar|p2a: Exeggutor\n|drag|p2a: Sneasler|Sneasler, L74, F|240/240\n|\n|-damage|p1a: Vaporeon|319/364|[from] Leech Seed|[of] p2a: Sneasler\n|upkeep\n|turn|13\n|\n|t:|1771198405\n|switch|p1a: Misdreavus|Misdreavus, L90, M|254/254\n|move|p2a: Sneasler|U-turn|p1a: Misdreavus\n|-resisted|p1a: Misdreavus\n|-damage|p1a: Misdreavus|223/254\n|\n|t:|1771198417\n|switch|p2a: Houndoom|Houndoom, L87, F|272/272|[from] U-turn\n|\n|upkeep\n|turn|14\n|inactive|DayCrybabyTon has 120 seconds left.\n|\n|t:|1771198460\n|switch|p1a: Snorlax|Snorlax, L82, F|348/397\n|move|p2a: Houndoom|Dark Pulse|p1a: Snorlax\n|-damage|p1a: Snorlax|261/397\n|\n|-heal|p1a: Snorlax|285/397|[from] item: Leftovers\n|upkeep\n|turn|15\n|inactive|yorozuyaheat has 120 seconds left.\n|\n|t:|1771198505\n|switch|p2a: Palossand|Palossand, L89, M|296/296\n|switch|p1a: Vaporeon|Vaporeon, L86, F|319/364\n|\n|-heal|p1a: Vaporeon|341/364|[from] item: Leftovers\n|upkeep\n|turn|16\n|inactive|DayCrybabyTon has 120 seconds left.\n|\n|t:|1771198510\n|switch|p2a: Exeggutor|Exeggutor, L89, F|185/312\n|move|p1a: Vaporeon|Scald|p2a: Exeggutor\n|-resisted|p2a: Exeggutor\n|-damage|p2a: Exeggutor|137/312\n|-status|p2a: Exeggutor|brn\n|-enditem|p2a: Exeggutor|Sitrus Berry|[eat]\n|-heal|p2a: Exeggutor|215/312 brn|[from] item: Sitrus Berry\n|\n|-heal|p1a: Vaporeon|363/364|[from] item: Leftovers\n|-damage|p2a: Exeggutor|196/312 brn|[from] brn\n|upkeep\n|turn|17\n|\n|t:|1771198517\n|move|p1a: Vaporeon|Protect|p1a: Vaporeon\n|-singleturn|p1a: Vaporeon|Protect\n|move|p2a: Exeggutor|Leech Seed|p1a: Vaporeon\n|-activate|p1a: Vaporeon|move: Protect\n|\n|-heal|p1a: Vaporeon|364/364|[from] item: Leftovers\n|-damage|p2a: Exeggutor|177/312 brn|[from] brn\n|upkeep\n|turn|18\n|\n|t:|1771198521\n|move|p2a: Exeggutor|Leech Seed|p1a: Vaporeon\n|-start|p1a: Vaporeon|move: Leech Seed\n|move|p1a: Vaporeon|Roar|p2a: Exeggutor\n|drag|p2a: Clawitzer|Clawitzer, L87, M|265/265\n|\n|-damage|p1a: Vaporeon|319/364|[from] Leech Seed|[of] p2a: Clawitzer\n|upkeep\n|turn|19\n|\n|t:|1771198527\n|move|p1a: Vaporeon|Wish|p1a: Vaporeon\n|move|p2a: Clawitzer|Dragon Pulse|p1a: Vaporeon\n|-damage|p1a: Vaporeon|167/364\n|\n|-heal|p1a: Vaporeon|189/364|[from] item: Leftovers\n|-damage|p1a: Vaporeon|144/364|[from] Leech Seed|[of] p2a: Clawitzer\n|upkeep\n|turn|20\n|\n|t:|1771198531\n|move|p1a: Vaporeon|Protect|p1a: Vaporeon\n|-singleturn|p1a: Vaporeon|Protect\n|move|p2a: Clawitzer|Dragon Pulse|p1a: Vaporeon\n|-activate|p1a: Vaporeon|move: Protect\n|\n|-heal|p1a: Vaporeon|326/364|[from] move: Wish|[wisher] Vaporeon\n|-heal|p1a: Vaporeon|348/364|[from] item: Leftovers\n|-damage|p1a: Vaporeon|303/364|[from] Leech Seed|[of] p2a: Clawitzer\n|upkeep\n|turn|21\n|\n|t:|1771198535\n|switch|p1a: Snorlax|Snorlax, L82, F|285/397\n|move|p2a: Clawitzer|Dragon Pulse|p1a: Snorlax\n|-damage|p1a: Snorlax|135/397\n|\n|-heal|p1a: Snorlax|159/397|[from] item: Leftovers\n|upkeep\n|turn|22\n|\n|t:|1771198540\n|switch|p2a: Palossand|Palossand, L89, M|296/296\n|move|p1a: Snorlax|Rest|p1a: Snorlax\n|-status|p1a: Snorlax|slp|[from] move: Rest\n|-heal|p1a: Snorlax|397/397 slp|[silent]\n|\n|upkeep\n|turn|23\n|inactive|yorozuyaheat has 120 seconds left.\n|\n|t:|1771198576\n|move|p2a: Palossand|Earth Power|p1a: Snorlax\n|-damage|p1a: Snorlax|309/397 slp\n|cant|p1a: Snorlax|slp\n|\n|-heal|p1a: Snorlax|333/397 slp|[from] item: Leftovers\n|upkeep\n|turn|24\n|inactive|DayCrybabyTon has 120 seconds left.\n|\n|t:|1771198615\n|switch|p1a: Gliscor|Gliscor, L76, F|210/239 tox\n|move|p2a: Palossand|Sludge Bomb|p1a: Gliscor\n|-resisted|p1a: Gliscor\n|-damage|p1a: Gliscor|164/239 tox\n|\n|-heal|p1a: Gliscor|193/239 tox|[from] ability: Poison Heal\n|upkeep\n|turn|25\n|inactive|yorozuyaheat has 120 seconds left.\n|inactive|yorozuyaheat has 90 seconds left.\n|\n|t:|1771198674\n|switch|p2a: Exeggutor|Exeggutor, L89, F|177/312 brn\n|move|p1a: Gliscor|Toxic||[still]\n|-fail|p1a: Gliscor\n|\n|-heal|p1a: Gliscor|222/239 tox|[from] ability: Poison Heal\n|-damage|p2a: Exeggutor|158/312 brn|[from] brn\n|-item|p2a: Exeggutor|Sitrus Berry|[from] ability: Harvest\n|upkeep\n|turn|26\n|\n|t:|1771198688\n|move|p1a: Gliscor|Protect|p1a: Gliscor\n|-singleturn|p1a: Gliscor|Protect\n|move|p2a: Exeggutor|Leech Seed|p1a: Gliscor\n|-activate|p1a: Gliscor|move: Protect\n|\n|-heal|p1a: Gliscor|239/239 tox|[from] ability: Poison Heal\n|-damage|p2a: Exeggutor|139/312 brn|[from] brn\n|upkeep\n|-enditem|p2a: Exeggutor|Sitrus Berry|[eat]\n|-heal|p2a: Exeggutor|217/312 brn|[from] item: Sitrus Berry\n|turn|27\n|\n|t:|1771198697\n|move|p1a: Gliscor|Substitute|p1a: Gliscor\n|-start|p1a: Gliscor|Substitute\n|-damage|p1a: Gliscor|180/239 tox\n|move|p2a: Exeggutor|Leech Seed||[still]\n|-fail|p2a: Exeggutor\n|\n|-heal|p1a: Gliscor|209/239 tox|[from] ability: Poison Heal\n|-damage|p2a: Exeggutor|198/312 brn|[from] brn\n|upkeep\n|turn|28\n|\n|t:|1771198705\n|move|p1a: Gliscor|Protect|p1a: Gliscor\n|-singleturn|p1a: Gliscor|Protect\n|move|p2a: Exeggutor|Psychic Noise|p1a: Gliscor\n|-activate|p1a: Gliscor|move: Protect\n|\n|-heal|p1a: Gliscor|238/239 tox|[from] ability: Poison Heal\n|-damage|p2a: Exeggutor|179/312 brn|[from] brn\n|upkeep\n|turn|29\n|\n|t:|1771198710\n|switch|p1a: Vaporeon|Vaporeon, L86, F|303/364\n|move|p2a: Exeggutor|Psychic Noise|p1a: Vaporeon\n|-damage|p1a: Vaporeon|194/364\n|-start|p1a: Vaporeon|move: Heal Block\n|\n|-damage|p2a: Exeggutor|160/312 brn|[from] brn\n|-item|p2a: Exeggutor|Sitrus Berry|[from] ability: Harvest\n|upkeep\n|turn|30\n|\n|t:|1771198717\n|move|p1a: Vaporeon|Protect|p1a: Vaporeon\n|-singleturn|p1a: Vaporeon|Protect\n|move|p2a: Exeggutor|Leech Seed|p1a: Vaporeon\n|-activate|p1a: Vaporeon|move: Protect\n|\n|-damage|p2a: Exeggutor|141/312 brn|[from] brn\n|-end|p1a: Vaporeon|move: Heal Block\n|upkeep\n|-enditem|p2a: Exeggutor|Sitrus Berry|[eat]\n|-heal|p2a: Exeggutor|219/312 brn|[from] item: Sitrus Berry\n|turn|31\n|\n|t:|1771198721\n|move|p1a: Vaporeon|Wish|p1a: Vaporeon\n|move|p2a: Exeggutor|Leech Seed|p1a: Vaporeon\n|-start|p1a: Vaporeon|move: Leech Seed\n|\n|-heal|p1a: Vaporeon|216/364|[from] item: Leftovers\n|-damage|p1a: Vaporeon|171/364|[from] Leech Seed|[of] p2a: Exeggutor\n|-heal|p2a: Exeggutor|264/312 brn|[silent]\n|-damage|p2a: Exeggutor|245/312 brn|[from] brn\n|-item|p2a: Exeggutor|Sitrus Berry|[from] ability: Harvest\n|upkeep\n|turn|32\n|\n|t:|1771198724\n|move|p1a: Vaporeon|Protect|p1a: Vaporeon\n|-singleturn|p1a: Vaporeon|Protect\n|move|p2a: Exeggutor|Substitute|p2a: Exeggutor\n|-start|p2a: Exeggutor|Substitute\n|-damage|p2a: Exeggutor|167/312 brn\n|\n|-heal|p1a: Vaporeon|353/364|[from] move: Wish|[wisher] Vaporeon\n|-heal|p1a: Vaporeon|364/364|[from] item: Leftovers\n|-damage|p1a: Vaporeon|319/364|[from] Leech Seed|[of] p2a: Exeggutor\n|-heal|p2a: Exeggutor|212/312 brn|[silent]\n|-damage|p2a: Exeggutor|193/312 brn|[from] brn\n|upkeep\n|turn|33\n|\n|t:|1771198734\n|move|p2a: Exeggutor|Psychic Noise|p1a: Vaporeon\n|-damage|p1a: Vaporeon|220/364\n|-start|p1a: Vaporeon|move: Heal Block\n|move|p1a: Vaporeon|Roar|p2a: Exeggutor\n|drag|p2a: Houndoom|Houndoom, L87, F|272/272\n|\n|-damage|p1a: Vaporeon|175/364|[from] Leech Seed|[of] p2a: Houndoom\n|upkeep\n|turn|34\n|\n|t:|1771198739\n|switch|p2a: Exeggutor|Exeggutor, L89, F|193/312 brn\n|switch|p1a: Snorlax|Snorlax, L82, F|333/397 slp\n|\n|-heal|p1a: Snorlax|357/397 slp|[from] item: Leftovers\n|-damage|p2a: Exeggutor|174/312 brn|[from] brn\n|upkeep\n|turn|35\n|\n|t:|1771198743\n|move|p2a: Exeggutor|Leech Seed|p1a: Snorlax\n|-start|p1a: Snorlax|move: Leech Seed\n|cant|p1a: Snorlax|slp\n|move|p1a: Snorlax|Sleep Talk|p1a: Snorlax\n|move|p1a: Snorlax|Curse|p1a: Snorlax|[from] move: Sleep Talk\n|-unboost|p1a: Snorlax|spe|1\n|-boost|p1a: Snorlax|atk|1\n|-boost|p1a: Snorlax|def|1\n|\n|-heal|p1a: Snorlax|381/397 slp|[from] item: Leftovers\n|-damage|p1a: Snorlax|332/397 slp|[from] Leech Seed|[of] p2a: Exeggutor\n|-heal|p2a: Exeggutor|223/312 brn|[silent]\n|-damage|p2a: Exeggutor|204/312 brn|[from] brn\n|upkeep\n|turn|36\n|\n|t:|1771198749\n|switch|p1a: Vaporeon|Vaporeon, L86, F|175/364\n|move|p2a: Exeggutor|Substitute|p2a: Exeggutor\n|-start|p2a: Exeggutor|Substitute\n|-damage|p2a: Exeggutor|126/312 brn\n|-enditem|p2a: Exeggutor|Sitrus Berry|[eat]\n|-heal|p2a: Exeggutor|204/312 brn|[from] item: Sitrus Berry\n|\n|-heal|p1a: Vaporeon|197/364|[from] item: Leftovers\n|-damage|p2a: Exeggutor|185/312 brn|[from] brn\n|upkeep\n|turn|37\n|\n|t:|1771198759\n|move|p1a: Vaporeon|Protect|p1a: Vaporeon\n|-singleturn|p1a: Vaporeon|Protect\n|move|p2a: Exeggutor|Psychic Noise|p1a: Vaporeon\n|-activate|p1a: Vaporeon|move: Protect\n|\n|-heal|p1a: Vaporeon|219/364|[from] item: Leftovers\n|-damage|p2a: Exeggutor|166/312 brn|[from] brn\n|upkeep\n|turn|38\n|\n|t:|1771198771\n|move|p1a: Vaporeon|Wish|p1a: Vaporeon\n|move|p2a: Exeggutor|Leech Seed|p1a: Vaporeon\n|-start|p1a: Vaporeon|move: Leech Seed\n|\n|-heal|p1a: Vaporeon|241/364|[from] item: Leftovers\n|-damage|p1a: Vaporeon|196/364|[from] Leech Seed|[of] p2a: Exeggutor\n|-heal|p2a: Exeggutor|211/312 brn|[silent]\n|-damage|p2a: Exeggutor|192/312 brn|[from] brn\n|upkeep\n|turn|39\n|inactive|yorozuyaheat has 120 seconds left.\n|inactive|yorozuyaheat has 90 seconds left.\n|\n|t:|1771198835\n|move|p1a: Vaporeon|Protect|p1a: Vaporeon\n|-singleturn|p1a: Vaporeon|Protect\n|move|p2a: Exeggutor|Psychic Noise|p1a: Vaporeon\n|-activate|p1a: Vaporeon|move: Protect\n|\n|-heal|p1a: Vaporeon|364/364|[from] move: Wish|[wisher] Vaporeon\n|-damage|p1a: Vaporeon|319/364|[from] Leech Seed|[of] p2a: Exeggutor\n|-heal|p2a: Exeggutor|237/312 brn|[silent]\n|-damage|p2a: Exeggutor|218/312 brn|[from] brn\n|-item|p2a: Exeggutor|Sitrus Berry|[from] ability: Harvest\n|upkeep\n|turn|40\n|\n|t:|1771198844\n|move|p1a: Vaporeon|Wish|p1a: Vaporeon\n|move|p2a: Exeggutor|Psychic Noise|p1a: Vaporeon\n|-damage|p1a: Vaporeon|226/364\n|-start|p1a: Vaporeon|move: Heal Block\n|\n|-damage|p1a: Vaporeon|181/364|[from] Leech Seed|[of] p2a: Exeggutor\n|-heal|p2a: Exeggutor|263/312 brn|[silent]\n|-damage|p2a: Exeggutor|244/312 brn|[from] brn\n|upkeep\n|turn|41\n|\n|t:|1771198856\n|switch|p1a: Snorlax|Snorlax, L82, F|332/397 slp\n|move|p2a: Exeggutor|Psychic Noise|p1a: Snorlax\n|-damage|p1a: Snorlax|244/397 slp\n|-start|p1a: Snorlax|move: Heal Block\n|\n|-damage|p2a: Exeggutor|225/312 brn|[from] brn\n|upkeep\n|turn|42\n|\n|t:|1771198866\n|move|p2a: Exeggutor|Psychic Noise|p1a: Snorlax\n|-damage|p1a: Snorlax|153/397 slp\n|-curestatus|p1a: Snorlax|slp|[msg]\n|move|p1a: Snorlax|Body Slam|p2a: Exeggutor\n|-end|p2a: Exeggutor|Substitute\n|\n|-damage|p2a: Exeggutor|206/312 brn|[from] brn\n|-end|p1a: Snorlax|move: Heal Block\n|upkeep\n|turn|43\n|\n|t:|1771198872\n|switch|p1a: Misdreavus|Misdreavus, L90, M|223/254\n|move|p2a: Exeggutor|Psychic Noise|p1a: Misdreavus\n|-damage|p1a: Misdreavus|157/254\n|-start|p1a: Misdreavus|move: Heal Block\n|\n|-damage|p2a: Exeggutor|187/312 brn|[from] brn\n|upkeep\n|turn|44\n|inactive|yorozuyaheat has 120 seconds left.\n|\n|t:|1771198882\n|switch|p1a: Vaporeon|Vaporeon, L86, F|181/364\n|switch|p2a: Houndoom|Houndoom, L87, F|272/272\n|\n|-heal|p1a: Vaporeon|203/364|[from] item: Leftovers\n|upkeep\n|turn|45\n|\n|t:|1771198888\n|move|p2a: Houndoom|Sludge Bomb|p1a: Vaporeon\n|-damage|p1a: Vaporeon|128/364\n|move|p1a: Vaporeon|Scald|p2a: Houndoom\n|-supereffective|p2a: Houndoom\n|-damage|p2a: Houndoom|86/272\n|\n|-heal|p1a: Vaporeon|150/364|[from] item: Leftovers\n|upkeep\n|turn|46\n|\n|t:|1771198892\n|switch|p2a: Exeggutor|Exeggutor, L89, F|187/312 brn\n|move|p1a: Vaporeon|Wish|p1a: Vaporeon\n|\n|-heal|p1a: Vaporeon|172/364|[from] item: Leftovers\n|-damage|p2a: Exeggutor|168/312 brn|[from] brn\n|upkeep\n|turn|47\n|\n|t:|1771198895\n|move|p1a: Vaporeon|Protect|p1a: Vaporeon\n|-singleturn|p1a: Vaporeon|Protect\n|move|p2a: Exeggutor|Psychic Noise|p1a: Vaporeon\n|-activate|p1a: Vaporeon|move: Protect\n|\n|-heal|p1a: Vaporeon|354/364|[from] move: Wish|[wisher] Vaporeon\n|-heal|p1a: Vaporeon|364/364|[from] item: Leftovers\n|-damage|p2a: Exeggutor|149/312 brn|[from] brn\n|upkeep\n|-enditem|p2a: Exeggutor|Sitrus Berry|[eat]\n|-heal|p2a: Exeggutor|227/312 brn|[from] item: Sitrus Berry\n|turn|48\n|\n|t:|1771198899\n|move|p2a: Exeggutor|Substitute|p2a: Exeggutor\n|-start|p2a: Exeggutor|Substitute\n|-damage|p2a: Exeggutor|149/312 brn\n|move|p1a: Vaporeon|Roar|p2a: Exeggutor\n|drag|p2a: Houndoom|Houndoom, L87, F|86/272\n|\n|upkeep\n|turn|49\n|\n|t:|1771198908\n|switch|p2a: Exeggutor|Exeggutor, L89, F|149/312 brn\n|move|p1a: Vaporeon|Scald|p2a: Exeggutor\n|-resisted|p2a: Exeggutor\n|-damage|p2a: Exeggutor|101/312 brn\n|\n|-damage|p2a: Exeggutor|82/312 brn|[from] brn\n|upkeep\n|turn|50\n|\n|t:|1771198912\n|move|p2a: Exeggutor|Psychic Noise|p1a: Vaporeon\n|-damage|p1a: Vaporeon|268/364\n|-start|p1a: Vaporeon|move: Heal Block\n|move|p1a: Vaporeon|Roar|p2a: Exeggutor\n|drag|p2a: Palossand|Palossand, L89, M|296/296\n|\n|upkeep\n|turn|51\n|\n|t:|1771198918\n|switch|p2a: Exeggutor|Exeggutor, L89, F|82/312 brn\n|move|p1a: Vaporeon|Scald|p2a: Exeggutor\n|-resisted|p2a: Exeggutor\n|-damage|p2a: Exeggutor|31/312 brn\n|\n|-damage|p2a: Exeggutor|12/312 brn|[from] brn\n|-end|p1a: Vaporeon|move: Heal Block\n|-item|p2a: Exeggutor|Sitrus Berry|[from] ability: Harvest\n|upkeep\n|-enditem|p2a: Exeggutor|Sitrus Berry|[eat]\n|-heal|p2a: Exeggutor|90/312 brn|[from] item: Sitrus Berry\n|turn|52\n|\n|t:|1771198922\n|move|p2a: Exeggutor|Leech Seed|p1a: Vaporeon\n|-start|p1a: Vaporeon|move: Leech Seed\n|move|p1a: Vaporeon|Roar|p2a: Exeggutor\n|drag|p2a: Houndoom|Houndoom, L87, F|86/272\n|\n|-heal|p1a: Vaporeon|290/364|[from] item: Leftovers\n|-damage|p1a: Vaporeon|245/364|[from] Leech Seed|[of] p2a: Houndoom\n|-heal|p2a: Houndoom|131/272|[silent]\n|upkeep\n|turn|53\n|\n|t:|1771198929\n|switch|p2a: Clawitzer|Clawitzer, L87, M|265/265\n|switch|p1a: Sandaconda|Sandaconda, L84, F|258/258\n|\n|upkeep\n|turn|54\n|\n|t:|1771198940\n|move|p1a: Sandaconda|Earthquake|p2a: Clawitzer\n|-damage|p2a: Clawitzer|163/265\n|move|p2a: Clawitzer|Dragon Pulse|p1a: Sandaconda\n|-damage|p1a: Sandaconda|54/258\n|\n|upkeep\n|turn|55\n|inactive|DayCrybabyTon has 120 seconds left.\n|inactive|DayCrybabyTon has 90 seconds left.\n|inactive|DayCrybabyTon has 60 seconds left.\n|\n|t:|1771199038\n|move|p1a: Sandaconda|Earthquake|p2a: Clawitzer\n|-damage|p2a: Clawitzer|46/265\n|move|p2a: Clawitzer|Dragon Pulse|p1a: Sandaconda\n|-damage|p1a: Sandaconda|0 fnt\n|faint|p1a: Sandaconda\n|\n|upkeep\n|\n|t:|1771199044\n|switch|p1a: Vaporeon|Vaporeon, L86, F|245/364\n|turn|56\n|inactive|DayCrybabyTon has 60 seconds left.\n|inactive|yorozuyaheat has 120 seconds left.\n|inactive|yorozuyaheat has 90 seconds left.\n|\n|t:|1771199120\n|switch|p2a: Exeggutor|Exeggutor, L89, F|90/312 brn\n|move|p1a: Vaporeon|Wish|p1a: Vaporeon\n|\n|-heal|p1a: Vaporeon|267/364|[from] item: Leftovers\n|-damage|p2a: Exeggutor|71/312 brn|[from] brn\n|upkeep\n|turn|57\n|inactive|DayCrybabyTon has 60 seconds left.\n|\n|t:|1771199136\n|move|p1a: Vaporeon|Scald|p2a: Exeggutor\n|-resisted|p2a: Exeggutor\n|-damage|p2a: Exeggutor|17/312 brn\n|move|p2a: Exeggutor|Psychic Noise|p1a: Vaporeon\n|-damage|p1a: Vaporeon|170/364\n|-start|p1a: Vaporeon|move: Heal Block\n|\n|-damage|p2a: Exeggutor|0 fnt|[from] brn\n|faint|p2a: Exeggutor\n|upkeep\n|\n|t:|1771199153\n|switch|p2a: Sneasler|Sneasler, L74, F|240/240\n|turn|58\n|inactive|DayCrybabyTon has 60 seconds left.\n|\n|t:|1771199164\n|switch|p1a: Gliscor|Gliscor, L76, F|238/239 tox\n|move|p2a: Sneasler|Close Combat|p1a: Gliscor\n|-resisted|p1a: Gliscor\n|-damage|p1a: Gliscor|158/239 tox\n|-unboost|p2a: Sneasler|def|1\n|-unboost|p2a: Sneasler|spd|1\n|\n|-heal|p1a: Gliscor|187/239 tox|[from] ability: Poison Heal\n|upkeep\n|turn|59\n|\n|t:|1771199171\n|switch|p2a: Clawitzer|Clawitzer, L87, M|46/265\n|move|p1a: Gliscor|Substitute|p1a: Gliscor\n|-start|p1a: Gliscor|Substitute\n|-damage|p1a: Gliscor|128/239 tox\n|\n|-heal|p1a: Gliscor|157/239 tox|[from] ability: Poison Heal\n|upkeep\n|turn|60\n|\n|t:|1771199174\n|move|p1a: Gliscor|Earthquake|p2a: Clawitzer\n|-damage|p2a: Clawitzer|0 fnt\n|faint|p2a: Clawitzer\n|\n|-heal|p1a: Gliscor|186/239 tox|[from] ability: Poison Heal\n|upkeep\n|inactive|yorozuyaheat has 90 seconds left.\n|\n|t:|1771199187\n|switch|p2a: Altaria|Altaria, L89, M|278/278\n|turn|61\n|inactive|DayCrybabyTon has 90 seconds left.\n|\n|t:|1771199195\n|move|p2a: Altaria|Brave Bird|p1a: Gliscor\n|-end|p1a: Gliscor|Substitute\n|-damage|p2a: Altaria|259/278|[from] Recoil|[of] p1a: Gliscor\n|move|p1a: Gliscor|Toxic|p2a: Altaria|[miss]\n|-miss|p1a: Gliscor|p2a: Altaria\n|\n|-heal|p1a: Gliscor|215/239 tox|[from] ability: Poison Heal\n|upkeep\n|turn|62\n|\n|t:|1771199209\n|move|p2a: Altaria|Brave Bird|p1a: Gliscor\n|-damage|p1a: Gliscor|113/239 tox\n|-damage|p2a: Altaria|225/278|[from] Recoil\n|move|p1a: Gliscor|Toxic|p2a: Altaria|[miss]\n|-miss|p1a: Gliscor|p2a: Altaria\n|\n|-heal|p1a: Gliscor|142/239 tox|[from] ability: Poison Heal\n|upkeep\n|turn|63\n|\n|t:|1771199216\n|move|p2a: Altaria|Brave Bird|p1a: Gliscor\n|-damage|p1a: Gliscor|51/239 tox\n|-damage|p2a: Altaria|195/278|[from] Recoil\n|move|p1a: Gliscor|Toxic|p2a: Altaria\n|-status|p2a: Altaria|tox\n|\n|-damage|p2a: Altaria|178/278 tox|[from] psn\n|-heal|p1a: Gliscor|80/239 tox|[from] ability: Poison Heal\n|upkeep\n|turn|64\n|\n|t:|1771199223\n|move|p1a: Gliscor|Protect|p1a: Gliscor\n|-singleturn|p1a: Gliscor|Protect\n|move|p2a: Altaria|Brave Bird|p1a: Gliscor\n|-activate|p1a: Gliscor|move: Protect\n|\n|-damage|p2a: Altaria|144/278 tox|[from] psn\n|-heal|p1a: Gliscor|109/239 tox|[from] ability: Poison Heal\n|upkeep\n|turn|65\n|inactive|DayCrybabyTon has 120 seconds left.\n|\n|t:|1771199236\n|switch|p1a: Snorlax|Snorlax, L82, F|153/397\n|move|p2a: Altaria|Brave Bird|p1a: Snorlax\n|-damage|p1a: Snorlax|8/397\n|-damage|p2a: Altaria|96/278 tox|[from] Recoil\n|\n|-heal|p1a: Snorlax|32/397|[from] item: Leftovers\n|-damage|p2a: Altaria|45/278 tox|[from] psn\n|upkeep\n|turn|66\n|inactive|DayCrybabyTon has 120 seconds left.\n|inactive|yorozuyaheat has 120 seconds left.\n|\n|t:|1771199241\n|-curestatus|p2a: Altaria|tox|[from] ability: Natural Cure\n|switch|p2a: Palossand|Palossand, L89, M|296/296\n|move|p1a: Snorlax|Rest|p1a: Snorlax\n|-status|p1a: Snorlax|slp|[from] move: Rest\n|-heal|p1a: Snorlax|397/397 slp|[silent]\n|\n|upkeep\n|turn|67\n|\n|t:|1771199246\n|move|p2a: Palossand|Earth Power|p1a: Snorlax\n|-damage|p1a: Snorlax|300/397 slp\n|cant|p1a: Snorlax|slp\n|\n|-heal|p1a: Snorlax|324/397 slp|[from] item: Leftovers\n|upkeep\n|turn|68\n|\n|t:|1771199249\n|move|p2a: Palossand|Earth Power|p1a: Snorlax\n|-damage|p1a: Snorlax|222/397 slp\n|cant|p1a: Snorlax|slp\n|\n|-heal|p1a: Snorlax|246/397 slp|[from] item: Leftovers\n|upkeep\n|turn|69\n|\n|t:|1771199257\n|switch|p1a: Vaporeon|Vaporeon, L86, F|170/364\n|move|p2a: Palossand|Earth Power|p1a: Vaporeon\n|-damage|p1a: Vaporeon|74/364\n|\n|-heal|p1a: Vaporeon|96/364|[from] item: Leftovers\n|upkeep\n|turn|70\n|\n|t:|1771199277\n|-terastallize|p2a: Palossand|Water\n|move|p1a: Vaporeon|Protect|p1a: Vaporeon\n|-singleturn|p1a: Vaporeon|Protect\n|move|p2a: Palossand|Earth Power|p1a: Vaporeon\n|-activate|p1a: Vaporeon|move: Protect\n|\n|-heal|p1a: Vaporeon|118/364|[from] item: Leftovers\n|upkeep\n|turn|71\n|\n|t:|1771199281\n|move|p1a: Vaporeon|Wish|p1a: Vaporeon\n|move|p2a: Palossand|Earth Power|p1a: Vaporeon\n|-crit|p1a: Vaporeon\n|-damage|p1a: Vaporeon|0 fnt\n|faint|p1a: Vaporeon\n|\n|upkeep\n|\n|t:|1771199292\n|switch|p1a: Gliscor|Gliscor, L76, F|109/239 tox\n|turn|72\n|\n|t:|1771199298\n|switch|p2a: Altaria|Altaria, L89, M|45/278\n|move|p1a: Gliscor|Protect||[still]\n|-fail|p1a: Gliscor\n|\n|-heal|p1a: Gliscor|239/239 tox|[from] move: Wish|[wisher] Vaporeon\n|upkeep\n|turn|73\n|\n|t:|1771199300\n|move|p2a: Altaria|Roost|p2a: Altaria\n|-heal|p2a: Altaria|184/278\n|-singleturn|p2a: Altaria|move: Roost\n|move|p1a: Gliscor|Toxic|p2a: Altaria|[miss]\n|-miss|p1a: Gliscor|p2a: Altaria\n|\n|upkeep\n|turn|74\n|\n|t:|1771199308\n|move|p2a: Altaria|Brave Bird|p1a: Gliscor\n|-damage|p1a: Gliscor|146/239 tox\n|-damage|p2a: Altaria|153/278|[from] Recoil\n|move|p1a: Gliscor|Toxic|p2a: Altaria\n|-status|p2a: Altaria|tox\n|\n|-damage|p2a: Altaria|136/278 tox|[from] psn\n|-heal|p1a: Gliscor|175/239 tox|[from] ability: Poison Heal\n|upkeep\n|turn|75\n|\n|t:|1771199312\n|move|p2a: Altaria|Roost|p2a: Altaria\n|-heal|p2a: Altaria|275/278 tox\n|-singleturn|p2a: Altaria|move: Roost\n|move|p1a: Gliscor|Substitute|p1a: Gliscor\n|-start|p1a: Gliscor|Substitute\n|-damage|p1a: Gliscor|116/239 tox\n|\n|-damage|p2a: Altaria|241/278 tox|[from] psn\n|-heal|p1a: Gliscor|145/239 tox|[from] ability: Poison Heal\n|upkeep\n|turn|76\n|\n|t:|1771199315\n|move|p1a: Gliscor|Protect|p1a: Gliscor\n|-singleturn|p1a: Gliscor|Protect\n|move|p2a: Altaria|Brave Bird|p1a: Gliscor\n|-activate|p1a: Gliscor|move: Protect\n|\n|-damage|p2a: Altaria|190/278 tox|[from] psn\n|-heal|p1a: Gliscor|174/239 tox|[from] ability: Poison Heal\n|upkeep\n|turn|77\n|\n|t:|1771199317\n|move|p2a: Altaria|Brave Bird|p1a: Gliscor\n|-end|p1a: Gliscor|Substitute\n|-damage|p2a: Altaria|171/278 tox|[from] Recoil|[of] p1a: Gliscor\n|move|p1a: Gliscor|Substitute|p1a: Gliscor\n|-start|p1a: Gliscor|Substitute\n|-damage|p1a: Gliscor|115/239 tox\n|\n|-damage|p2a: Altaria|103/278 tox|[from] psn\n|-heal|p1a: Gliscor|144/239 tox|[from] ability: Poison Heal\n|upkeep\n|turn|78\n|\n|t:|1771199322\n|move|p2a: Altaria|Brave Bird|p1a: Gliscor\n|-end|p1a: Gliscor|Substitute\n|-damage|p2a: Altaria|84/278 tox|[from] Recoil|[of] p1a: Gliscor\n|move|p1a: Gliscor|Earthquake|p2a: Altaria\n|-immune|p2a: Altaria\n|\n|-damage|p2a: Altaria|0 fnt|[from] psn\n|faint|p2a: Altaria\n|-heal|p1a: Gliscor|173/239 tox|[from] ability: Poison Heal\n|upkeep\n|\n|t:|1771199330\n|switch|p2a: Houndoom|Houndoom, L87, F|131/272\n|turn|79\n|\n|t:|1771199336\n|switch|p1a: Snorlax|Snorlax, L82, F|246/397 slp\n|move|p2a: Houndoom|Fire Blast|p1a: Snorlax\n|-damage|p1a: Snorlax|186/397 slp\n|\n|-heal|p1a: Snorlax|210/397 slp|[from] item: Leftovers\n|upkeep\n|turn|80\n|\n|t:|1771199343\n|switch|p2a: Sneasler|Sneasler, L74, F|240/240\n|-curestatus|p1a: Snorlax|slp|[msg]\n|move|p1a: Snorlax|Body Slam|p2a: Sneasler\n|-damage|p2a: Sneasler|108/240\n|-status|p2a: Sneasler|par\n|\n|-heal|p1a: Snorlax|234/397|[from] item: Leftovers\n|upkeep\n|turn|81\n|\n|t:|1771199352\n|switch|p1a: Gliscor|Gliscor, L76, F|173/239 tox\n|move|p2a: Sneasler|Dire Claw|p1a: Gliscor\n|-resisted|p1a: Gliscor\n|-damage|p1a: Gliscor|122/239 tox\n|\n|-heal|p1a: Gliscor|151/239 tox|[from] ability: Poison Heal\n|upkeep\n|turn|82\n|\n|t:|1771199358\n|move|p1a: Gliscor|Substitute|p1a: Gliscor\n|-start|p1a: Gliscor|Substitute\n|-damage|p1a: Gliscor|92/239 tox\n|cant|p2a: Sneasler|par\n|\n|-heal|p1a: Gliscor|121/239 tox|[from] ability: Poison Heal\n|upkeep\n|turn|83\n|-message|yorozuyaheat forfeited.\n|\n|win|DayCrybabyTon\n|raw|DayCrybabyTon's rating: 2169 &rarr; <strong>2189</strong><br />(+20 for winning)\n|raw|yorozuyaheat's rating: 2161 &rarr; <strong>2141</strong><br />(-20 for losing)\n|l|☆yorozuyaheat\n|player|p2|\n", "inputlog": ">version 686819e5e19f8a7fd2345cfc5a08a5085efa2cc3\n>start {\"formatid\":\"gen9randombattle\",\"seed\":\"sodium,60b28657dc00092e4cda1de04ef29941\",\"rated\":\"Rated battle\"}\n>player p1 {\"name\":\"DayCrybabyTon\",\"avatar\":\"265\",\"rating\":2169,\"seed\":\"sodium,354ac8a5aece98d20037ef771659b174\"}\n>player p2 {\"name\":\"yorozuyaheat\",\"avatar\":\"101\",\"rating\":2161,\"seed\":\"sodium,c0a3048375d2503bbc8b3b85d7748996\"}\n>p1 switch 4\n>p2 move sludgebomb\n>p1 move roar\n>p2 switch 4\n>p1 move roar\n>p2 switch 4\n>p1 move scald\n>p2 switch 3\n>p1 move protect\n>p2 move leechseed\n>p1 switch 2\n>p2 move leechseed\n>p1 move toxic\n>p2 switch 6\n>p1 switch 3\n>p2 switch 6\n>p1 switch 4\n>p2 move substitute\n>p1 move bodyslam\n>p2 move leechseed\n>p1 switch 2\n>p2 move substitute\n>p1 move roar\n>p2 move leechseed\n>p1 switch 6\n>p2 move uturn\n>p2 switch 3\n>p1 switch 2\n>p2 move darkpulse\n>p1 switch 6\n>p2 switch 4\n>p1 move scald\n>p2 switch 6\n>p1 move protect\n>p2 move leechseed\n>p1 move roar\n>p2 move leechseed\n>p1 move wish\n>p2 move dragonpulse\n>p1 move protect\n>p2 move dragonpulse\n>p1 switch 6\n>p2 move dragonpulse\n>p1 move rest\n>p2 switch 6\n>p1 move bodyslam\n>p2 move earthpower\n>p1 switch 3\n>p2 move sludgebomb\n>p1 move toxic\n>p2 switch 5\n>p1 move protect\n>p2 move leechseed\n>p1 move substitute\n>p2 move leechseed\n>p1 move protect\n>p2 move psychicnoise\n>p1 switch 6\n>p2 move psychicnoise\n>p1 move protect\n>p2 move leechseed\n>p1 move wish\n>p2 move leechseed\n>p1 move protect\n>p2 move substitute\n>p1 move roar\n>p2 move psychicnoise\n>p1 switch 3\n>p2 switch 4\n>p1 move sleeptalk\n>p2 move leechseed\n>p1 switch 3\n>p2 move substitute\n>p1 move protect\n>p2 move psychicnoise\n>p1 move wish\n>p2 move leechseed\n>p1 move protect\n>p2 move psychicnoise\n>p1 move wish\n>p2 move psychicnoise\n>p1 switch 3\n>p2 move psychicnoise\n>p1 move bodyslam\n>p2 move psychicnoise\n>p1 switch 2\n>p2 move psychicnoise\n>p1 switch 3\n>p2 switch 4\n>p1 move scald\n>p2 move sludgebomb\n>p1 move wish\n>p2 switch 4\n>p1 move protect\n>p2 move psychicnoise\n>p1 move roar\n>p2 move substitute\n>p1 move scald\n>p2 switch 4\n>p1 move roar\n>p2 move psychicnoise\n>p1 move scald\n>p2 switch 5\n>p1 move roar\n>p2 move leechseed\n>p1 switch 4\n>p2 switch 6\n>p1 move earthquake\n>p2 move dragonpulse\n>p1 move earthquake\n>p2 move dragonpulse\n>p1 switch 4\n>p1 move wish\n>p2 switch 4\n>p1 move scald\n>p2 move psychicnoise\n>p2 switch 3\n>p1 switch 6\n>p2 move closecombat\n>p1 move substitute\n>p2 switch 4\n>p1 move earthquake\n>p2 move icebeam\n>p2 switch 2\n>p1 move toxic\n>p2 move bravebird\n>p1 move toxic\n>p2 move bravebird\n>p1 move toxic\n>p2 move bravebird\n>p1 move protect\n>p2 move bravebird\n>p1 switch 2\n>p2 move bravebird\n>p1 move rest\n>p2 switch 5\n>p1 move bodyslam\n>p2 move earthpower\n>p1 move bodyslam\n>p2 move earthpower\n>p1 switch 6\n>p2 move earthpower\n>p1 move protect\n>p2 move earthpower terastallize\n>p1 move wish\n>p2 move earthpower\n>p1 switch 2\n>p1 move protect\n>p2 switch 5\n>p1 move toxic\n>p2 move roost\n>p1 move toxic\n>p2 move bravebird\n>p1 move substitute\n>p2 move roost\n>p1 move protect\n>p2 move bravebird\n>p1 move substitute\n>p2 move bravebird\n>p1 move earthquake\n>p2 move bravebird\n>p2 switch 6\n>p1 switch 6\n>p2 move fireblast\n>p1 move bodyslam\n>p2 switch 4\n>p1 switch 6\n>p2 move direclaw\n>p1 move substitute\n>p2 move direclaw\n>forcelose p2", "uploadtime": 1771199365, "views": 10, "formatid": "gen9randombattle", "rating": 2141, "private": 0, "password": null}