{"id": "gen9randombattle-2540546505", "format": "[Gen 9] Random Battle", "players": ["FantasyWind", "canbetaught2"], "log": "|j|‽FantasyWind\n|j|☆canbetaught2\n|t:|1771216024\n|gametype|singles\n|player|p1|FantasyWind|rosa|1732\n|player|p2|canbetaught2|hilda-wonderlauncher|1727\n|gen|9\n|tier|[Gen 9] Random Battle\n|rated|\n|rule|Species Clause: Limit one of each Pokémon\n|rule|HP Percentage Mod: HP is shown in percentages\n|rule|Sleep Clause Mod: Limit one foe put to sleep\n|rule|Illusion Level Mod: Illusion disguises the Pokémon's true level\n|\n|t:|1771216024\n|teamsize|p1|6\n|teamsize|p2|6\n|start\n|switch|p1a: Passimian|Passimian, L83, M|302/302\n|switch|p2a: Zangoose|Zangoose, L85, M|263/263\n|turn|1\n|inactive|Battle timer is ON: inactive players will automatically lose when time's up. (requested by FantasyWind)\n|\n|t:|1771216037\n|switch|p2a: Slither Wing|Slither Wing, L81|270/270\n|move|p1a: Passimian|Knock Off|p2a: Slither Wing\n|-resisted|p2a: Slither Wing\n|-damage|p2a: Slither Wing|227/270\n|-enditem|p2a: Slither Wing|Life Orb|[from] move: Knock Off|[of] p1a: Passimian\n|\n|upkeep\n|turn|2\n|\n|t:|1771216051\n|move|p1a: Passimian|Bulk Up|p1a: Passimian\n|-boost|p1a: Passimian|atk|1\n|-boost|p1a: Passimian|def|1\n|move|p2a: Slither Wing|Close Combat|p1a: Passimian\n|-damage|p1a: Passimian|199/302\n|-unboost|p2a: Slither Wing|def|1\n|-unboost|p2a: Slither Wing|spd|1\n|\n|-heal|p1a: Passimian|217/302|[from] item: Leftovers\n|upkeep\n|turn|3\n|\n|t:|1771216061\n|move|p1a: Passimian|Drain Punch|p2a: Slither Wing\n|-resisted|p2a: Slither Wing\n|-damage|p2a: Slither Wing|113/270\n|-heal|p1a: Passimian|274/302|[from] drain|[of] p2a: Slither Wing\n|move|p2a: Slither Wing|Close Combat|p1a: Passimian\n|-damage|p1a: Passimian|166/302\n|-unboost|p2a: Slither Wing|def|1\n|-unboost|p2a: Slither Wing|spd|1\n|\n|-heal|p1a: Passimian|184/302|[from] item: Leftovers\n|upkeep\n|turn|4\n|\n|t:|1771216067\n|move|p1a: Passimian|Drain Punch|p2a: Slither Wing\n|-resisted|p2a: Slither Wing\n|-crit|p2a: Slither Wing\n|-damage|p2a: Slither Wing|0 fnt\n|-heal|p1a: Passimian|241/302|[from] drain|[of] p2a: Slither Wing\n|faint|p2a: Slither Wing\n|-end|p2a: Slither Wing|Protosynthesis|[silent]\n|\n|-heal|p1a: Passimian|259/302|[from] item: Leftovers\n|upkeep\n|\n|t:|1771216070\n|switch|p2a: Hatterene|Hatterene, L85, F|236/236\n|turn|5\n|\n|t:|1771216082\n|move|p1a: Passimian|Gunk Shot|p2a: Hatterene\n|-supereffective|p2a: Hatterene\n|-damage|p2a: Hatterene|0 fnt\n|faint|p2a: Hatterene\n|\n|-heal|p1a: Passimian|277/302|[from] item: Leftovers\n|upkeep\n|\n|t:|1771216084\n|switch|p2a: Magnezone|Magnezone, L85|258/258\n|turn|6\n|\n|t:|1771216087\n|-terastallize|p2a: Magnezone|Flying\n|move|p1a: Passimian|Drain Punch|p2a: Magnezone\n|-resisted|p2a: Magnezone\n|-damage|p2a: Magnezone|204/258\n|-heal|p1a: Passimian|302/302|[from] drain|[of] p2a: Magnezone\n|move|p2a: Magnezone|Thunderbolt|p1a: Passimian\n|-damage|p1a: Passimian|145/302\n|\n|-heal|p1a: Passimian|163/302|[from] item: Leftovers\n|upkeep\n|turn|7\n|\n|t:|1771216093\n|move|p1a: Passimian|Knock Off|p2a: Magnezone\n|-damage|p2a: Magnezone|112/258\n|-enditem|p2a: Magnezone|Assault Vest|[from] move: Knock Off|[of] p1a: Passimian\n|move|p2a: Magnezone|Thunderbolt|p1a: Passimian\n|-damage|p1a: Passimian|10/302\n|\n|-heal|p1a: Passimian|28/302|[from] item: Leftovers\n|upkeep\n|turn|8\n|\n|t:|1771216097\n|move|p1a: Passimian|Knock Off|p2a: Magnezone\n|-damage|p2a: Magnezone|49/258\n|move|p2a: Magnezone|Volt Switch|p1a: Passimian\n|-damage|p1a: Passimian|0 fnt\n|faint|p1a: Passimian\n|\n|t:|1771216102\n|switch|p2a: Cacturne|Cacturne, L92, F|278/278|[from] Volt Switch\n|\n|upkeep\n|\n|t:|1771216109\n|switch|p1a: Terrakion|Terrakion, L79|273/273\n|turn|9\n|\n|t:|1771216118\n|move|p1a: Terrakion|Close Combat|p2a: Cacturne\n|-supereffective|p2a: Cacturne\n|-damage|p2a: Cacturne|0 fnt\n|-unboost|p1a: Terrakion|def|1\n|-unboost|p1a: Terrakion|spd|1\n|faint|p2a: Cacturne\n|-damage|p1a: Terrakion|246/273|[from] item: Life Orb\n|\n|upkeep\n|\n|t:|1771216122\n|switch|p2a: Clawitzer|Clawitzer, L87, M|265/265\n|turn|10\n|\n|t:|1771216131\n|switch|p1a: Phione|Phione, L91|293/293\n|move|p2a: Clawitzer|Water Pulse|p1a: Phione\n|-resisted|p1a: Phione\n|-damage|p1a: Phione|205/293\n|\n|-heal|p1a: Phione|223/293|[from] item: Leftovers\n|upkeep\n|turn|11\n|\n|t:|1771216137\n|switch|p2a: Zangoose|Zangoose, L85, M|263/263\n|move|p1a: Phione|Scald|p2a: Zangoose\n|-damage|p2a: Zangoose|160/263\n|\n|-heal|p1a: Phione|241/293|[from] item: Leftovers\n|-status|p2a: Zangoose|tox|[from] item: Toxic Orb\n|upkeep\n|turn|12\n|\n|t:|1771216139\n|move|p2a: Zangoose|Facade|p1a: Phione\n|-damage|p1a: Phione|0 fnt\n|faint|p1a: Phione\n|\n|-damage|p2a: Zangoose|144/263 tox|[from] psn\n|upkeep\n|\n|t:|1771216143\n|switch|p1a: Terrakion|Terrakion, L79|246/273\n|turn|13\n|\n|t:|1771216147\n|switch|p2a: Magnezone|Magnezone, L85, tera:Flying|49/258\n|move|p1a: Terrakion|Close Combat|p2a: Magnezone\n|-resisted|p2a: Magnezone\n|-damage|p2a: Magnezone|0 fnt\n|-unboost|p1a: Terrakion|def|1\n|-unboost|p1a: Terrakion|spd|1\n|faint|p2a: Magnezone\n|-damage|p1a: Terrakion|219/273|[from] item: Life Orb\n|\n|upkeep\n|\n|t:|1771216148\n|switch|p2a: Clawitzer|Clawitzer, L87, M|265/265\n|turn|14\n|\n|t:|1771216151\n|switch|p1a: Porygon2|Porygon2, L81|270/270\n|-ability|p1a: Porygon2|Download|boost\n|-boost|p1a: Porygon2|atk|1\n|move|p2a: Clawitzer|Aura Sphere|p1a: Porygon2\n|-supereffective|p1a: Porygon2\n|-damage|p1a: Porygon2|70/270\n|\n|upkeep\n|turn|15\n|\n|t:|1771216154\n|-terastallize|p1a: Porygon2|Ghost\n|move|p2a: Clawitzer|Aura Sphere|p1a: Porygon2\n|-immune|p1a: Porygon2\n|move|p1a: Porygon2|Tri Attack|p2a: Clawitzer\n|-damage|p2a: Clawitzer|184/265\n|-status|p2a: Clawitzer|brn\n|\n|-damage|p2a: Clawitzer|168/265 brn|[from] brn\n|upkeep\n|turn|16\n|-message|canbetaught2 forfeited.\n|\n|win|FantasyWind\n|raw|FantasyWind's rating: 1732 &rarr; <strong>1752</strong><br />(+20 for winning)\n|raw|canbetaught2's rating: 1727 &rarr; <strong>1707</strong><br />(-20 for losing)\n|l|☆canbetaught2\n|player|p2|\n", "inputlog": ">version 686819e5e19f8a7fd2345cfc5a08a5085efa2cc3\n>start {\"formatid\":\"gen9randombattle\",\"seed\":\"sodium,5fd9c65bd1cfb505a2fbeff4ca9af7b7\",\"rated\":\"Rated battle\"}\n>player p1 {\"name\":\"FantasyWind\",\"avatar\":\"rosa\",\"rating\":1732,\"seed\":\"sodium,12afe10b515f740acca5593ccea83417\"}\n>player p2 {\"name\":\"canbetaught2\",\"avatar\":\"hilda-wonderlauncher\",\"rating\":1727,\"seed\":\"sodium,e71b2997f2156e65ebe6bb2c5ef17428\"}\n>p1 move knockoff\n>p2 switch 2\n>p1 move bulkup\n>p2 move closecombat\n>p1 move drainpunch\n>p2 move closecombat\n>p1 move drainpunch\n>p2 move uturn\n>p2 switch 5\n>p1 move gunkshot\n>p2 move drainingkiss\n>p2 switch 6\n>p1 move drainpunch\n>p2 move thunderbolt terastallize\n>p1 move knockoff\n>p2 move thunderbolt\n>p1 move knockoff\n>p2 move voltswitch\n>p2 switch 3\n>p1 switch 3\n>p1 move closecombat\n>p2 move leafstorm\n>p2 switch 4\n>p1 switch 6\n>p2 move waterpulse\n>p1 move scald\n>p2 switch 2\n>p1 move scald\n>p2 move facade\n>p1 switch 6\n>p1 move closecombat\n>p2 switch 3\n>p2 switch 2\n>p1 switch 5\n>p2 move aurasphere\n>p1 move triattack terastallize\n>p2 move aurasphere\n>forcelose p2", "uploadtime": 1771216160, "views": 10, "formatid": "gen9randombattle", "rating": 1707, "private": 0, "password": null}