{"id": "gen9randombattle-2540659588", "format": "[Gen 9] Random Battle", "players": ["Robin's Dog", "Boneless22"], "log": "|j|☆Robin's Dog\n|j|‽Boneless22\n|t:|1771235734\n|gametype|singles\n|player|p1|Robin's Dog|266|1663\n|player|p2|Boneless22|265|1664\n|gen|9\n|tier|[Gen 9] Random Battle\n|rated|\n|rule|Species Clause: Limit one of each Pokémon\n|rule|HP Percentage Mod: HP is shown in percentages\n|rule|Sleep Clause Mod: Limit one foe put to sleep\n|rule|Illusion Level Mod: Illusion disguises the Pokémon's true level\n|\n|t:|1771235734\n|teamsize|p1|6\n|teamsize|p2|6\n|start\n|switch|p1a: Wigglytuff|Wigglytuff, L96, M|424/424\n|switch|p2a: Serperior|Serperior, L79, F|248/248\n|turn|1\n|inactive|Battle timer is ON: inactive players will automatically lose when time's up. (requested by Robin's Dog)\n|inactive|Robin's Dog has 120 seconds left.\n|\n|t:|1771235778\n|switch|p1a: Weezing|Weezing-Galar, L86, M|252/252\n|move|p2a: Serperior|Substitute|p2a: Serperior\n|-start|p2a: Serperior|Substitute\n|-damage|p2a: Serperior|186/248\n|\n|-heal|p2a: Serperior|201/248|[from] item: Leftovers\n|upkeep\n|turn|2\n|\n|t:|1771235789\n|move|p2a: Serperior|Leech Seed|p1a: Weezing\n|-start|p1a: Weezing|move: Leech Seed\n|move|p1a: Weezing|Gunk Shot|p2a: Serperior\n|-supereffective|p2a: Serperior\n|-end|p2a: Serperior|Substitute\n|\n|-heal|p2a: Serperior|216/248|[from] item: Leftovers\n|-damage|p1a: Weezing|221/252|[from] Leech Seed|[of] p2a: Serperior\n|-heal|p2a: Serperior|247/248|[silent]\n|upkeep\n|turn|3\n|\n|t:|1771235798\n|move|p2a: Serperior|Substitute|p2a: Serperior\n|-start|p2a: Serperior|Substitute\n|-damage|p2a: Serperior|185/248\n|move|p1a: Weezing|Gunk Shot|p2a: Serperior\n|-supereffective|p2a: Serperior\n|-end|p2a: Serperior|Substitute\n|\n|-heal|p2a: Serperior|200/248|[from] item: Leftovers\n|-heal|p1a: Weezing|236/252|[from] item: Leftovers\n|-damage|p1a: Weezing|205/252|[from] Leech Seed|[of] p2a: Serperior\n|-heal|p2a: Serperior|231/248|[silent]\n|upkeep\n|turn|4\n|\n|t:|1771235810\n|move|p2a: Serperior|Substitute|p2a: Serperior\n|-start|p2a: Serperior|Substitute\n|-damage|p2a: Serperior|169/248\n|move|p1a: Weezing|Strange Steam|p2a: Serperior\n|-end|p2a: Serperior|Substitute\n|\n|-heal|p2a: Serperior|184/248|[from] item: Leftovers\n|-heal|p1a: Weezing|220/252|[from] item: Leftovers\n|-damage|p1a: Weezing|189/252|[from] Leech Seed|[of] p2a: Serperior\n|-heal|p2a: Serperior|215/248|[silent]\n|upkeep\n|turn|5\n|inactive|Robin's Dog has 120 seconds left.\n|\n|t:|1771235840\n|move|p2a: Serperior|Substitute|p2a: Serperior\n|-start|p2a: Serperior|Substitute\n|-damage|p2a: Serperior|153/248\n|move|p1a: Weezing|Strange Steam|p2a: Serperior\n|-end|p2a: Serperior|Substitute\n|\n|-heal|p2a: Serperior|168/248|[from] item: Leftovers\n|-heal|p1a: Weezing|204/252|[from] item: Leftovers\n|-damage|p1a: Weezing|173/252|[from] Leech Seed|[of] p2a: Serperior\n|-heal|p2a: Serperior|199/248|[silent]\n|upkeep\n|turn|6\n|inactive|Robin's Dog has 120 seconds left.\n|\n|t:|1771235852\n|move|p2a: Serperior|Substitute|p2a: Serperior\n|-start|p2a: Serperior|Substitute\n|-damage|p2a: Serperior|137/248\n|move|p1a: Weezing|Strange Steam|p2a: Serperior\n|-end|p2a: Serperior|Substitute\n|\n|-heal|p2a: Serperior|152/248|[from] item: Leftovers\n|-heal|p1a: Weezing|188/252|[from] item: Leftovers\n|-damage|p1a: Weezing|157/252|[from] Leech Seed|[of] p2a: Serperior\n|-heal|p2a: Serperior|183/248|[silent]\n|upkeep\n|turn|7\n|inactive|Robin's Dog has 120 seconds left.\n|\n|t:|1771235863\n|move|p2a: Serperior|Leaf Storm|p1a: Weezing\n|-resisted|p1a: Weezing\n|-damage|p1a: Weezing|102/252\n|-boost|p2a: Serperior|spa|2\n|move|p1a: Weezing|Strange Steam|p2a: Serperior\n|-damage|p2a: Serperior|96/248\n|\n|-heal|p2a: Serperior|111/248|[from] item: Leftovers\n|-heal|p1a: Weezing|117/252|[from] item: Leftovers\n|-damage|p1a: Weezing|86/252|[from] Leech Seed|[of] p2a: Serperior\n|-heal|p2a: Serperior|142/248|[silent]\n|upkeep\n|turn|8\n|inactive|Robin's Dog has 120 seconds left.\n|\n|t:|1771235875\n|move|p2a: Serperior|Substitute|p2a: Serperior\n|-start|p2a: Serperior|Substitute\n|-damage|p2a: Serperior|80/248\n|move|p1a: Weezing|Gunk Shot|p2a: Serperior\n|-supereffective|p2a: Serperior\n|-end|p2a: Serperior|Substitute\n|\n|-heal|p2a: Serperior|95/248|[from] item: Leftovers\n|-heal|p1a: Weezing|101/252|[from] item: Leftovers\n|-damage|p1a: Weezing|70/252|[from] Leech Seed|[of] p2a: Serperior\n|-heal|p2a: Serperior|126/248|[silent]\n|upkeep\n|turn|9\n|inactive|Robin's Dog has 120 seconds left.\n|\n|t:|1771235886\n|move|p2a: Serperior|Substitute|p2a: Serperior\n|-start|p2a: Serperior|Substitute\n|-damage|p2a: Serperior|64/248\n|move|p1a: Weezing|Strange Steam|p2a: Serperior\n|-end|p2a: Serperior|Substitute\n|\n|-heal|p2a: Serperior|79/248|[from] item: Leftovers\n|-heal|p1a: Weezing|85/252|[from] item: Leftovers\n|-damage|p1a: Weezing|54/252|[from] Leech Seed|[of] p2a: Serperior\n|-heal|p2a: Serperior|110/248|[silent]\n|upkeep\n|turn|10\n|\n|t:|1771235896\n|move|p2a: Serperior|Tera Blast|p1a: Weezing\n|-damage|p1a: Weezing|0 fnt\n|faint|p1a: Weezing\n|\n|-heal|p2a: Serperior|125/248|[from] item: Leftovers\n|upkeep\n|inactive|Robin's Dog has 120 seconds left.\n|\n|t:|1771235927\n|switch|p1a: Arceus|Arceus-Electric, L70|284/284\n|turn|11\n|\n|t:|1771235933\n|-terastallize|p1a: Arceus|Ice\n|move|p2a: Serperior|Leech Seed|p1a: Arceus|[miss]\n|-miss|p2a: Serperior|p1a: Arceus\n|move|p1a: Arceus|Ice Beam|p2a: Serperior\n|-supereffective|p2a: Serperior\n|-damage|p2a: Serperior|0 fnt\n|faint|p2a: Serperior\n|\n|upkeep\n|\n|t:|1771235938\n|switch|p2a: Copperajah|Copperajah, L86, M|349/349\n|turn|12\n|inactive|Robin's Dog has 120 seconds left.\n|\n|t:|1771235946\n|switch|p1a: Gastrodon|Gastrodon, L86, M|331/331\n|move|p2a: Copperajah|Heavy Slam|p1a: Gastrodon\n|-resisted|p1a: Gastrodon\n|-damage|p1a: Gastrodon|182/331\n|\n|-heal|p1a: Gastrodon|202/331|[from] item: Leftovers\n|upkeep\n|turn|13\n|inactive|Robin's Dog has 120 seconds left.\n|\n|t:|1771235957\n|switch|p2a: Oranguru|Oranguru, L92, F|315/315\n|move|p1a: Gastrodon|Recover|p1a: Gastrodon\n|-heal|p1a: Gastrodon|331/331\n|\n|upkeep\n|turn|14\n|inactive|Robin's Dog has 120 seconds left.\n|\n|t:|1771235974\n|switch|p1a: Zangoose|Zangoose, L85, F|263/263\n|move|p2a: Oranguru|Psyshock|p1a: Zangoose\n|-damage|p1a: Zangoose|67/263\n|\n|-status|p1a: Zangoose|tox|[from] item: Toxic Orb\n|upkeep\n|turn|15\n|inactive|Robin's Dog has 120 seconds left.\n|\n|t:|1771235983\n|switch|p2a: Whimsicott|Whimsicott, L84, F|238/238\n|move|p1a: Zangoose|Facade|p2a: Whimsicott\n|-damage|p2a: Whimsicott|0 fnt\n|faint|p2a: Whimsicott\n|\n|-damage|p1a: Zangoose|51/263 tox|[from] psn\n|upkeep\n|\n|t:|1771235990\n|switch|p2a: Walking Wake|Walking Wake, L79|286/286\n|turn|16\n|\n|t:|1771236001\n|switch|p1a: Gastrodon|Gastrodon, L86, M|331/331\n|move|p2a: Walking Wake|Hydro Steam|p1a: Gastrodon\n|-ability|p1a: Gastrodon|Storm Drain|boost\n|-boost|p1a: Gastrodon|spa|1\n|\n|upkeep\n|turn|17\n|\n|t:|1771236014\n|move|p2a: Walking Wake|Sunny Day|p2a: Walking Wake\n|-weather|SunnyDay\n|-activate|p2a: Walking Wake|ability: Protosynthesis\n|-start|p2a: Walking Wake|protosynthesisspa\n|move|p1a: Gastrodon|Earthquake|p2a: Walking Wake\n|-damage|p2a: Walking Wake|192/286\n|\n|-weather|SunnyDay|[upkeep]\n|upkeep\n|turn|18\n|\n|t:|1771236023\n|move|p2a: Walking Wake|Draco Meteor|p1a: Gastrodon\n|-damage|p1a: Gastrodon|76/331\n|-unboost|p2a: Walking Wake|spa|2\n|-damage|p2a: Walking Wake|164/286|[from] item: Life Orb\n|move|p1a: Gastrodon|Earthquake|p2a: Walking Wake\n|-damage|p2a: Walking Wake|70/286\n|\n|-weather|SunnyDay|[upkeep]\n|-heal|p1a: Gastrodon|96/331|[from] item: Leftovers\n|upkeep\n|turn|19\n|\n|t:|1771236039\n|switch|p1a: Wigglytuff|Wigglytuff, L96, M|424/424\n|move|p2a: Walking Wake|Draco Meteor|p1a: Wigglytuff\n|-immune|p1a: Wigglytuff\n|\n|-weather|SunnyDay|[upkeep]\n|upkeep\n|turn|20\n|\n|t:|1771236050\n|-end|p2a: Walking Wake|Protosynthesis|[silent]\n|switch|p2a: Copperajah|Copperajah, L86, M|349/349\n|move|p1a: Wigglytuff|Wish|p1a: Wigglytuff\n|\n|-weather|SunnyDay|[upkeep]\n|upkeep\n|turn|21\n|\n|t:|1771236061\n|switch|p1a: Flygon|Flygon, L82, M|265/265\n|move|p2a: Copperajah|Superpower|p1a: Flygon\n|-damage|p1a: Flygon|75/265\n|-unboost|p2a: Copperajah|atk|1\n|-unboost|p2a: Copperajah|def|1\n|\n|-weather|none\n|-heal|p1a: Flygon|265/265|[from] move: Wish|[wisher] Wigglytuff\n|upkeep\n|turn|22\n|\n|t:|1771236073\n|switch|p2a: Oranguru|Oranguru, L92, F|315/315\n|move|p1a: Flygon|Earthquake|p2a: Oranguru\n|-damage|p2a: Oranguru|156/315\n|\n|upkeep\n|turn|23\n|\n|t:|1771236081\n|move|p1a: Flygon|Earthquake|p2a: Oranguru\n|-damage|p2a: Oranguru|0 fnt\n|faint|p2a: Oranguru\n|\n|upkeep\n|\n|t:|1771236088\n|switch|p2a: Polteageist|Polteageist-Antique, L78|222/222\n|turn|24\n|\n|t:|1771236094\n|move|p1a: Flygon|Earthquake|p2a: Polteageist\n|-damage|p2a: Polteageist|2/222\n|move|p2a: Polteageist|Shell Smash|p2a: Polteageist\n|-unboost|p2a: Polteageist|def|1\n|-unboost|p2a: Polteageist|spd|1\n|-boost|p2a: Polteageist|atk|2\n|-boost|p2a: Polteageist|spa|2\n|-boost|p2a: Polteageist|spe|2\n|-enditem|p2a: Polteageist|White Herb\n|-clearnegativeboost|p2a: Polteageist|[silent]\n|\n|upkeep\n|turn|25\n|\n|t:|1771236103\n|move|p2a: Polteageist|Strength Sap|p1a: Flygon\n|-unboost|p1a: Flygon|atk|1\n|-heal|p2a: Polteageist|213/222\n|move|p1a: Flygon|Earthquake|p2a: Polteageist\n|-damage|p2a: Polteageist|71/222\n|-start|p1a: Flygon|Disable|Earthquake|[from] ability: Cursed Body|[of] p2a: Polteageist\n|\n|upkeep\n|turn|26\n|\n|t:|1771236127\n|switch|p1a: Wigglytuff|Wigglytuff, L96, M|424/424\n|move|p2a: Polteageist|Strength Sap|p1a: Wigglytuff\n|-unboost|p1a: Wigglytuff|atk|1\n|-ability|p1a: Wigglytuff|Competitive|boost\n|-boost|p1a: Wigglytuff|spa|2\n|-heal|p2a: Polteageist|210/222\n|\n|upkeep\n|turn|27\n|\n|t:|1771236138\n|move|p2a: Polteageist|Stored Power|p1a: Wigglytuff\n|-damage|p1a: Wigglytuff|154/424\n|move|p1a: Wigglytuff|Thunder Wave|p2a: Polteageist\n|-status|p2a: Polteageist|par\n|\n|-heal|p1a: Wigglytuff|180/424|[from] item: Leftovers\n|upkeep\n|turn|28\n|\n|t:|1771236157\n|switch|p1a: Gastrodon|Gastrodon, L86, M|96/331\n|move|p2a: Polteageist|Shell Smash|p2a: Polteageist\n|-unboost|p2a: Polteageist|def|1\n|-unboost|p2a: Polteageist|spd|1\n|-boost|p2a: Polteageist|atk|2\n|-boost|p2a: Polteageist|spa|2\n|-boost|p2a: Polteageist|spe|2\n|\n|-heal|p1a: Gastrodon|116/331|[from] item: Leftovers\n|upkeep\n|turn|29\n|inactive|Robin's Dog has 120 seconds left.\n|\n|t:|1771236174\n|move|p2a: Polteageist|Stored Power|p1a: Gastrodon\n|-crit|p1a: Gastrodon\n|-damage|p1a: Gastrodon|0 fnt\n|faint|p1a: Gastrodon\n|\n|upkeep\n|inactive|Robin's Dog has 120 seconds left.\n|\n|t:|1771236182\n|switch|p1a: Flygon|Flygon, L82, M|265/265\n|turn|30\n|\n|t:|1771236185\n|move|p2a: Polteageist|Stored Power|p1a: Flygon\n|-damage|p1a: Flygon|0 fnt\n|faint|p1a: Flygon\n|\n|upkeep\n|\n|t:|1771236192\n|switch|p1a: Zangoose|Zangoose, L85, F|51/263 tox\n|turn|31\n|\n|t:|1771236197\n|cant|p2a: Polteageist|par\n|move|p1a: Zangoose|Knock Off|p2a: Polteageist\n|-supereffective|p2a: Polteageist\n|-damage|p2a: Polteageist|0 fnt\n|faint|p2a: Polteageist\n|\n|-damage|p1a: Zangoose|35/263 tox|[from] psn\n|upkeep\n|\n|t:|1771236206\n|switch|p2a: Walking Wake|Walking Wake, L79|70/286\n|turn|32\n|\n|t:|1771236212\n|-end|p2a: Walking Wake|Protosynthesis|[silent]\n|switch|p2a: Copperajah|Copperajah, L86, M|349/349\n|move|p1a: Zangoose|Facade|p2a: Copperajah\n|-resisted|p2a: Copperajah\n|-damage|p2a: Copperajah|186/349\n|\n|-damage|p1a: Zangoose|3/263 tox|[from] psn\n|upkeep\n|turn|33\n|\n|t:|1771236225\n|switch|p2a: Walking Wake|Walking Wake, L79|70/286\n|move|p1a: Zangoose|Close Combat|p2a: Walking Wake\n|-damage|p2a: Walking Wake|0 fnt\n|-unboost|p1a: Zangoose|def|1\n|-unboost|p1a: Zangoose|spd|1\n|faint|p2a: Walking Wake\n|-end|p2a: Walking Wake|Protosynthesis|[silent]\n|\n|-damage|p1a: Zangoose|0 fnt|[from] psn\n|faint|p1a: Zangoose\n|upkeep\n|\n|t:|1771236238\n|switch|p2a: Copperajah|Copperajah, L86, M|186/349\n|switch|p1a: Wigglytuff|Wigglytuff, L96, M|180/424\n|turn|34\n|\n|t:|1771236244\n|-terastallize|p2a: Copperajah|Steel\n|move|p1a: Wigglytuff|Dazzling Gleam|p2a: Copperajah\n|-resisted|p2a: Copperajah\n|-damage|p2a: Copperajah|128/349\n|move|p2a: Copperajah|Heavy Slam|p1a: Wigglytuff\n|-supereffective|p1a: Wigglytuff\n|-damage|p1a: Wigglytuff|0 fnt\n|faint|p1a: Wigglytuff\n|\n|upkeep\n|\n|t:|1771236254\n|switch|p1a: Arceus|Arceus-Electric, L70, tera:Ice|284/284\n|turn|35\n|\n|t:|1771236258\n|move|p1a: Arceus|Judgment|p2a: Copperajah\n|-damage|p2a: Copperajah|2/349\n|move|p2a: Copperajah|Heavy Slam|p1a: Arceus\n|-supereffective|p1a: Arceus\n|-crit|p1a: Arceus\n|-damage|p1a: Arceus|0 fnt\n|faint|p1a: Arceus\n|\n|win|Boneless22\n|raw|Robin&apos;s Dog's rating: 1663 &rarr; <strong>1643</strong><br />(-20 for losing)\n|raw|Boneless22's rating: 1664 &rarr; <strong>1684</strong><br />(+20 for winning)\n|l|‽Boneless22\n|player|p2|\n", "inputlog": ">version 686819e5e19f8a7fd2345cfc5a08a5085efa2cc3\n>start {\"formatid\":\"gen9randombattle\",\"seed\":\"sodium,246210ee79714f54530f76396f09d370\",\"rated\":\"Rated battle\"}\n>player p1 {\"name\":\"Robin's Dog\",\"avatar\":\"266\",\"rating\":1663,\"seed\":\"sodium,86ccea6541c5a83d0c8d082370029de1\"}\n>player p2 {\"name\":\"Boneless22\",\"avatar\":\"265\",\"rating\":1664,\"seed\":\"sodium,9b6f739fadbc4d10d5f23322bcec4826\"}\n>p1 switch 3\n>p2 move substitute\n>p1 move gunkshot\n>p2 move leechseed\n>p1 move gunkshot\n>p2 move substitute\n>p1 move strangesteam\n>p2 move substitute\n>p1 move strangesteam\n>p2 move substitute\n>p1 move strangesteam\n>p2 move substitute\n>p1 move strangesteam\n>p2 move leafstorm\n>p1 move gunkshot\n>p2 move substitute\n>p1 move strangesteam\n>p2 move substitute\n>p1 move strangesteam\n>p2 move terablast\n>p1 switch 2\n>p1 move icebeam terastallize\n>p2 move leechseed\n>p2 switch 6\n>p1 switch 5\n>p2 move heavyslam\n>p1 move recover\n>p2 switch 4\n>p1 switch 6\n>p2 move psyshock\n>p1 move facade\n>p2 switch 2\n>p2 switch 3\n>p1 switch 6\n>p2 move hydrosteam\n>p1 move earthquake\n>p2 move sunnyday\n>p1 move earthquake\n>p2 move dracometeor\n>p1 switch 3\n>p2 move dracometeor\n>p1 move wish\n>p2 switch 4\n>p1 switch 4\n>p2 move superpower\n>p1 move earthquake\n>p2 switch 2\n>p1 move earthquake\n>p2 move trick\n>p2 switch 5\n>p1 move earthquake\n>p2 move shellsmash\n>p1 move earthquake\n>p2 move strengthsap\n>p1 switch 4\n>p2 move strengthsap\n>p1 move thunderwave\n>p2 move storedpower\n>p1 switch 3\n>p2 move shellsmash\n>p1 move earthquake\n>p2 move storedpower\n>p1 switch 4\n>p1 move outrage\n>p2 move storedpower\n>p1 switch 6\n>p1 move knockoff\n>p2 move storedpower\n>p2 switch 4\n>p1 move facade\n>p2 switch 2\n>p1 move closecombat\n>p2 switch 2\n>p1 switch 3\n>p2 switch 2\n>p1 move dazzlinggleam\n>p2 move heavyslam terastallize\n>p1 switch 5\n>p1 move judgment\n>p2 move heavyslam", "uploadtime": 1771236267, "views": 11, "formatid": "gen9randombattle", "rating": 1643, "private": 0, "password": null}