{"id": "gen9randombattle-2540745655", "format": "[Gen 9] Random Battle", "players": ["ae1711", "Ebastia12"], "log": "|j|☆ae1711\n|j|☆Ebastia12\n|t:|1771249002\n|gametype|singles\n|player|p1|ae1711|1|1690\n|player|p2|Ebastia12|101|1728\n|gen|9\n|tier|[Gen 9] Random Battle\n|rated|\n|rule|Species Clause: Limit one of each Pokémon\n|rule|HP Percentage Mod: HP is shown in percentages\n|rule|Sleep Clause Mod: Limit one foe put to sleep\n|rule|Illusion Level Mod: Illusion disguises the Pokémon's true level\n|\n|t:|1771249002\n|teamsize|p1|6\n|teamsize|p2|6\n|start\n|switch|p1a: Vaporeon|Vaporeon, L86, M|364/364\n|switch|p2a: Swampert|Swampert, L83, F|302/302\n|turn|1\n|inactive|Battle timer is ON: inactive players will automatically lose when time's up. (requested by ae1711)\n|\n|t:|1771249013\n|move|p1a: Vaporeon|Calm Mind|p1a: Vaporeon\n|-boost|p1a: Vaporeon|spa|1\n|-boost|p1a: Vaporeon|spd|1\n|move|p2a: Swampert|Stealth Rock|p1a: Vaporeon\n|-sidestart|p1: ae1711|move: Stealth Rock\n|\n|upkeep\n|turn|2\n|\n|t:|1771249039\n|switch|p2a: Chansey|Chansey, L85, F|564/564\n|move|p1a: Vaporeon|Scald|p2a: Chansey\n|-damage|p2a: Chansey|474/564\n|\n|upkeep\n|turn|3\n|\n|t:|1771249052\n|switch|p1a: Donphan|Donphan, L84, M|288/288\n|-damage|p1a: Donphan|270/288|[from] Stealth Rock\n|move|p2a: Chansey|Thunder Wave|p1a: Donphan\n|-immune|p1a: Donphan\n|\n|-heal|p1a: Donphan|288/288|[from] item: Leftovers\n|upkeep\n|turn|4\n|inactive|Ebastia12 has 120 seconds left.\n|\n|t:|1771249078\n|switch|p2a: Corviknight|Corviknight, L80, F|288/288\n|move|p1a: Donphan|Stealth Rock|p2a: Corviknight\n|-sidestart|p2: Ebastia12|move: Stealth Rock\n|\n|upkeep\n|turn|5\n|inactive|Ebastia12 has 120 seconds left.\n|\n|t:|1771249107\n|move|p2a: Corviknight|Body Press|p1a: Donphan\n|-damage|p1a: Donphan|246/288\n|move|p1a: Donphan|Ice Spinner|p2a: Corviknight\n|-damage|p2a: Corviknight|227/288\n|-damage|p1a: Donphan|198/288|[from] item: Rocky Helmet|[of] p2a: Corviknight\n|\n|-heal|p1a: Donphan|216/288|[from] item: Leftovers\n|upkeep\n|turn|6\n|inactive|Ebastia12 has 120 seconds left.\n|inactive|ae1711 has 120 seconds left.\n|\n|t:|1771249129\n|switch|p1a: Vaporeon|Vaporeon, L86, M|364/364\n|-damage|p1a: Vaporeon|319/364|[from] Stealth Rock\n|move|p2a: Corviknight|Brave Bird|p1a: Vaporeon\n|-damage|p1a: Vaporeon|178/364\n|-damage|p2a: Corviknight|180/288|[from] Recoil\n|\n|-heal|p1a: Vaporeon|200/364|[from] item: Leftovers\n|upkeep\n|turn|7\n|inactive|ae1711 has 120 seconds left.\n|\n|t:|1771249140\n|move|p1a: Vaporeon|Wish|p1a: Vaporeon\n|move|p2a: Corviknight|Roost|p2a: Corviknight\n|-heal|p2a: Corviknight|288/288\n|-singleturn|p2a: Corviknight|move: Roost\n|\n|-heal|p1a: Vaporeon|222/364|[from] item: Leftovers\n|upkeep\n|turn|8\n|inactive|ae1711 has 120 seconds left.\n|\n|t:|1771249148\n|move|p1a: Vaporeon|Scald|p2a: Corviknight\n|-damage|p2a: Corviknight|189/288\n|move|p2a: Corviknight|Brave Bird|p1a: Vaporeon\n|-crit|p1a: Vaporeon\n|-damage|p1a: Vaporeon|0 fnt\n|faint|p1a: Vaporeon\n|-damage|p2a: Corviknight|116/288|[from] Recoil\n|\n|upkeep\n|inactive|ae1711 has 120 seconds left.\n|\n|t:|1771249161\n|switch|p1a: Flamigo|Flamigo, L82, M|269/269\n|-damage|p1a: Flamigo|236/269|[from] Stealth Rock\n|turn|9\n|inactive|ae1711 has 120 seconds left.\n|\n|t:|1771249181\n|switch|p2a: Dragalge|Dragalge, L88, F|258/258\n|-damage|p2a: Dragalge|226/258|[from] Stealth Rock\n|move|p1a: Flamigo|Close Combat|p2a: Dragalge\n|-resisted|p2a: Dragalge\n|-damage|p2a: Dragalge|165/258\n|-unboost|p1a: Flamigo|def|1\n|-unboost|p1a: Flamigo|spd|1\n|\n|upkeep\n|turn|10\n|inactive|ae1711 has 120 seconds left.\n|\n|t:|1771249191\n|switch|p1a: Excadrill|Excadrill, L79, F|303/303\n|-damage|p1a: Excadrill|294/303|[from] Stealth Rock\n|-ability|p1a: Excadrill|Mold Breaker\n|move|p2a: Dragalge|Sludge Wave|p1a: Excadrill\n|-immune|p1a: Excadrill\n|\n|upkeep\n|turn|11\n|\n|t:|1771249202\n|switch|p2a: Swampert|Swampert, L83, F|302/302\n|-damage|p2a: Swampert|284/302|[from] Stealth Rock\n|move|p1a: Excadrill|Rapid Spin|p2a: Swampert\n|-damage|p2a: Swampert|246/302\n|-boost|p1a: Excadrill|spe|1\n|-sideend|p1: ae1711|Stealth Rock|[from] move: Rapid Spin|[of] p1a: Excadrill\n|\n|-heal|p2a: Swampert|264/302|[from] item: Leftovers\n|upkeep\n|turn|12\n|inactive|ae1711 has 120 seconds left.\n|\n|t:|1771249227\n|switch|p1a: Flamigo|Flamigo, L82, M|236/269\n|move|p2a: Swampert|Earthquake|p1a: Flamigo\n|-immune|p1a: Flamigo\n|\n|-heal|p2a: Swampert|282/302|[from] item: Leftovers\n|upkeep\n|turn|13\n|inactive|ae1711 has 120 seconds left.\n|\n|t:|1771249240\n|move|p1a: Flamigo|Close Combat|p2a: Swampert\n|-damage|p2a: Swampert|156/302\n|-unboost|p1a: Flamigo|def|1\n|-unboost|p1a: Flamigo|spd|1\n|move|p2a: Swampert|Stealth Rock|p1a: Flamigo\n|-sidestart|p1: ae1711|move: Stealth Rock\n|\n|-heal|p2a: Swampert|174/302|[from] item: Leftovers\n|upkeep\n|turn|14\n|inactive|ae1711 has 120 seconds left.\n|\n|t:|1771249254\n|switch|p1a: Excadrill|Excadrill, L79, F|294/303\n|-damage|p1a: Excadrill|285/303|[from] Stealth Rock\n|-ability|p1a: Excadrill|Mold Breaker\n|move|p2a: Swampert|Flip Turn|p1a: Excadrill\n|-supereffective|p1a: Excadrill\n|-damage|p1a: Excadrill|99/303\n|\n|t:|1771249267\n|switch|p2a: Koraidon|Koraidon, L64|235/235|[from] Flip Turn\n|-damage|p2a: Koraidon|221/235|[from] Stealth Rock\n|-weather|SunnyDay|[from] ability: Orichalcum Pulse|[of] p2a: Koraidon\n|-activate|p2a: Koraidon|Orichalcum Pulse|[source]\n|\n|-weather|SunnyDay|[upkeep]\n|upkeep\n|turn|15\n|\n|t:|1771249281\n|move|p2a: Koraidon|Flare Blitz|p1a: Excadrill\n|-supereffective|p1a: Excadrill\n|-damage|p1a: Excadrill|0 fnt\n|faint|p1a: Excadrill\n|-damage|p2a: Koraidon|188/235|[from] Recoil\n|\n|-weather|SunnyDay|[upkeep]\n|upkeep\n|inactive|ae1711 has 120 seconds left.\n|\n|t:|1771249310\n|switch|p1a: Flamigo|Flamigo, L82, M|236/269\n|-damage|p1a: Flamigo|203/269|[from] Stealth Rock\n|turn|16\n|\n|t:|1771249338\n|-terastallize|p2a: Koraidon|Fire\n|move|p1a: Flamigo|Brave Bird|p2a: Koraidon\n|-damage|p2a: Koraidon|43/235\n|-damage|p1a: Flamigo|155/269|[from] Recoil\n|move|p2a: Koraidon|Scale Shot|p1a: Flamigo\n|-damage|p1a: Flamigo|124/269\n|-damage|p1a: Flamigo|94/269\n|-damage|p1a: Flamigo|63/269\n|-damage|p1a: Flamigo|33/269\n|-damage|p1a: Flamigo|3/269\n|-hitcount|p1a: Flamigo|5\n|-unboost|p2a: Koraidon|def|1\n|-boost|p2a: Koraidon|spe|1\n|\n|-weather|SunnyDay|[upkeep]\n|upkeep\n|turn|17\n|inactive|Ebastia12 has 120 seconds left.\n|\n|t:|1771249357\n|move|p2a: Koraidon|Collision Course|p1a: Flamigo\n|-resisted|p1a: Flamigo\n|-damage|p1a: Flamigo|0 fnt\n|faint|p1a: Flamigo\n|\n|-weather|SunnyDay|[upkeep]\n|upkeep\n|inactive|ae1711 has 90 seconds left.\n|\n|t:|1771249380\n|switch|p1a: Donphan|Donphan, L84, M|216/288\n|-damage|p1a: Donphan|198/288|[from] Stealth Rock\n|turn|18\n|inactive|ae1711 has 90 seconds left.\n|\n|t:|1771249396\n|move|p2a: Koraidon|Flare Blitz|p1a: Donphan\n|-damage|p1a: Donphan|39/288\n|-damage|p2a: Koraidon|0 fnt|[from] Recoil\n|faint|p2a: Koraidon\n|move|p1a: Donphan|Earthquake|p2: Koraidon|[notarget]\n|-fail|p1a: Donphan\n|\n|-weather|none\n|-heal|p1a: Donphan|57/288|[from] item: Leftovers\n|upkeep\n|\n|t:|1771249405\n|switch|p2a: Swampert|Swampert, L83, F|174/302\n|-damage|p2a: Swampert|156/302|[from] Stealth Rock\n|turn|19\n|\n|t:|1771249414\n|move|p1a: Donphan|Ice Shard|p2a: Swampert\n|-damage|p2a: Swampert|120/302\n|move|p2a: Swampert|Flip Turn|p1a: Donphan\n|-supereffective|p1a: Donphan\n|-damage|p1a: Donphan|0 fnt\n|faint|p1a: Donphan\n|\n|t:|1771249422\n|switch|p2a: Dragalge|Dragalge, L88, F|165/258|[from] Flip Turn\n|-damage|p2a: Dragalge|133/258|[from] Stealth Rock\n|\n|upkeep\n|\n|t:|1771249426\n|switch|p1a: Solgaleo|Solgaleo, L74|325/325\n|-damage|p1a: Solgaleo|305/325|[from] Stealth Rock\n|turn|20\n|\n|t:|1771249449\n|switch|p2a: Swampert|Swampert, L83, F|120/302\n|-damage|p2a: Swampert|102/302|[from] Stealth Rock\n|move|p1a: Solgaleo|Sunsteel Strike|p2a: Swampert\n|-resisted|p2a: Swampert\n|-damage|p2a: Swampert|46/302\n|\n|-heal|p2a: Swampert|64/302|[from] item: Leftovers\n|upkeep\n|turn|21\n|inactive|ae1711 has 90 seconds left.\n|\n|t:|1771249479\n|move|p1a: Solgaleo|Flame Charge|p2a: Swampert\n|-resisted|p2a: Swampert\n|-damage|p2a: Swampert|47/302\n|-boost|p1a: Solgaleo|spe|1\n|move|p2a: Swampert|Flip Turn|p1a: Solgaleo\n|-damage|p1a: Solgaleo|203/325\n|inactive|Ebastia12 has 120 seconds left.\n|\n|t:|1771249493\n|switch|p2a: Emboar|Emboar, L84, M|322/322|[from] Flip Turn\n|-damage|p2a: Emboar|282/322|[from] Stealth Rock\n|\n|upkeep\n|turn|22\n|inactive|ae1711 has 90 seconds left.\n|inactive|Ebastia12 has 120 seconds left.\n|\n|t:|1771249532\n|switch|p1a: Indeedee|Indeedee, L84, M|238/238\n|-damage|p1a: Indeedee|209/238|[from] Stealth Rock\n|-fieldstart|move: Psychic Terrain|[from] ability: Psychic Surge|[of] p1a: Indeedee\n|move|p2a: Emboar|Flare Blitz|p1a: Indeedee\n|-damage|p1a: Indeedee|0 fnt\n|faint|p1a: Indeedee\n|-damage|p2a: Emboar|213/322|[from] Recoil\n|\n|upkeep\n|-message|ae1711 forfeited.\n|\n|win|Ebastia12\n|raw|ae1711's rating: 1690 &rarr; <strong>1672</strong><br />(-18 for losing)\n|raw|Ebastia12's rating: 1728 &rarr; <strong>1746</strong><br />(+18 for winning)\n|l|☆ae1711\n|player|p1|\n", "inputlog": ">version 686819e5e19f8a7fd2345cfc5a08a5085efa2cc3\n>start {\"formatid\":\"gen9randombattle\",\"seed\":\"sodium,df5ede20b3ecfd849090bb81d40907c6\",\"rated\":\"Rated battle\"}\n>player p1 {\"name\":\"ae1711\",\"avatar\":\"1\",\"rating\":1690,\"seed\":\"sodium,b2d24bffd3c8a56d15ae02c976fdd04f\"}\n>player p2 {\"name\":\"Ebastia12\",\"avatar\":\"101\",\"rating\":1728,\"seed\":\"sodium,ea5a2dbeef802412d2d55912337df832\"}\n>p1 move calmmind\n>p2 move stealthrock\n>p1 move scald\n>p2 switch 5\n>p1 switch 4\n>p2 move thunderwave\n>p1 move stealthrock\n>p2 switch 4\n>p1 move icespinner\n>p2 move bodypress\n>p1 switch 4\n>p2 move bravebird\n>p1 move wish\n>p2 move roost\n>p1 move scald\n>p2 move bravebird\n>p1 switch 6\n>p1 move closecombat\n>p2 switch 2\n>p1 switch 2\n>p2 move sludgewave\n>p1 move rapidspin\n>p2 switch 5\n>p1 switch 2\n>p2 move earthquake\n>p1 move closecombat\n>p2 move stealthrock\n>p1 switch 2\n>p2 move flipturn\n>p2 switch 3\n>p1 move rapidspin\n>p2 move flareblitz\n>p1 switch 2\n>p1 move bravebird\n>p2 move scaleshot terastallize\n>p1 move bravebird\n>p2 move collisioncourse\n>p1 switch 4\n>p1 move earthquake\n>p2 move flareblitz\n>p2 switch 3\n>p1 move iceshard\n>p2 move flipturn\n>p2 switch 5\n>p1 switch 3\n>p1 move sunsteelstrike\n>p2 switch 5\n>p1 move flamecharge\n>p2 move flipturn\n>p2 switch 6\n>p1 switch 5\n>p2 move flareblitz\n>forcelose p1", "uploadtime": 1771249553, "views": 8, "formatid": "gen9randombattle", "rating": 1672, "private": 0, "password": null}