{"id": "gen9randombattle-2540885971", "format": "[Gen 9] Random Battle", "players": ["Garevitarna", "Bismaerck"], "log": "|j|☆Garevitarna\n|j|☆Bismaerck\n|t:|1771263940\n|gametype|singles\n|player|p1|Garevitarna|mira|1561\n|player|p2|Bismaerck|roxie|1589\n|gen|9\n|tier|[Gen 9] Random Battle\n|rated|\n|rule|Species Clause: Limit one of each Pokémon\n|rule|HP Percentage Mod: HP is shown in percentages\n|rule|Sleep Clause Mod: Limit one foe put to sleep\n|rule|Illusion Level Mod: Illusion disguises the Pokémon's true level\n|\n|t:|1771263940\n|teamsize|p1|6\n|teamsize|p2|6\n|start\n|switch|p1a: Florges|Florges-Orange, L85, F|271/271\n|switch|p2a: Oricorio|Oricorio-Pom-Pom, L82, F|257/257\n|turn|1\n|inactive|Battle timer is ON: inactive players will automatically lose when time's up. (requested by Bismaerck)\n|\n|t:|1771263963\n|switch|p1a: Sandaconda|Sandaconda, L84, F|258/258\n|move|p2a: Oricorio|Quiver Dance|p2a: Oricorio\n|-boost|p2a: Oricorio|spa|1\n|-boost|p2a: Oricorio|spd|1\n|-boost|p2a: Oricorio|spe|1\n|\n|upkeep\n|turn|2\n|\n|t:|1771263971\n|move|p2a: Oricorio|Hurricane|p1a: Sandaconda\n|-damage|p1a: Sandaconda|63/258\n|move|p1a: Sandaconda|Coil|p1a: Sandaconda\n|-boost|p1a: Sandaconda|atk|1\n|-boost|p1a: Sandaconda|def|1\n|-boost|p1a: Sandaconda|accuracy|1\n|\n|-heal|p1a: Sandaconda|79/258|[from] item: Leftovers\n|upkeep\n|turn|3\n|\n|t:|1771263976\n|move|p2a: Oricorio|Hurricane|p1a: Sandaconda|[miss]\n|-miss|p2a: Oricorio|p1a: Sandaconda\n|move|p1a: Sandaconda|Stone Edge|p2a: Oricorio\n|-supereffective|p2a: Oricorio\n|-damage|p2a: Oricorio|0 fnt\n|faint|p2a: Oricorio\n|\n|-heal|p1a: Sandaconda|95/258|[from] item: Leftovers\n|upkeep\n|\n|t:|1771263983\n|switch|p2a: Politoed|Politoed, L88, F|302/302\n|-weather|RainDance|[from] ability: Drizzle|[of] p2a: Politoed\n|turn|4\n|\n|t:|1771263990\n|switch|p1a: Dewgong|Dewgong, L94, F|322/322\n|move|p2a: Politoed|Ice Beam|p1a: Dewgong\n|-resisted|p1a: Dewgong\n|-damage|p1a: Dewgong|318/322\n|\n|-weather|RainDance|[upkeep]\n|upkeep\n|turn|5\n|\n|t:|1771263998\n|move|p1a: Dewgong|Knock Off|p2a: Politoed\n|-damage|p2a: Politoed|225/302\n|-enditem|p2a: Politoed|Chesto Berry|[from] move: Knock Off|[of] p1a: Dewgong\n|move|p2a: Politoed|Hypnosis|p1a: Dewgong|[miss]\n|-miss|p2a: Politoed|p1a: Dewgong\n|\n|-weather|RainDance|[upkeep]\n|upkeep\n|turn|6\n|\n|t:|1771264008\n|move|p1a: Dewgong|Surf|p2a: Politoed\n|-resisted|p2a: Politoed\n|-damage|p2a: Politoed|162/302\n|move|p2a: Politoed|Hypnosis|p1a: Dewgong|[miss]\n|-miss|p2a: Politoed|p1a: Dewgong\n|\n|-weather|RainDance|[upkeep]\n|upkeep\n|turn|7\n|\n|t:|1771264016\n|move|p1a: Dewgong|Surf|p2a: Politoed\n|-resisted|p2a: Politoed\n|-damage|p2a: Politoed|100/302\n|move|p2a: Politoed|Hypnosis|p1a: Dewgong|[miss]\n|-miss|p2a: Politoed|p1a: Dewgong\n|\n|-weather|RainDance|[upkeep]\n|upkeep\n|turn|8\n|\n|t:|1771264026\n|move|p1a: Dewgong|Surf|p2a: Politoed\n|-resisted|p2a: Politoed\n|-damage|p2a: Politoed|41/302\n|move|p2a: Politoed|Rest|p2a: Politoed\n|-status|p2a: Politoed|slp|[from] move: Rest\n|-heal|p2a: Politoed|302/302 slp|[silent]\n|\n|-weather|none\n|upkeep\n|turn|9\n|\n|t:|1771264043\n|switch|p1a: Iron Thorns|Iron Thorns, L83|302/302\n|-enditem|p1a: Iron Thorns|Booster Energy\n|-activate|p1a: Iron Thorns|ability: Quark Drive|[fromitem]\n|-start|p1a: Iron Thorns|quarkdriveatk\n|switch|p2a: Hitmonchan|Hitmonchan, L87, M|229/229\n|\n|upkeep\n|turn|10\n|\n|t:|1771264055\n|move|p2a: Hitmonchan|Swords Dance|p2a: Hitmonchan\n|-boost|p2a: Hitmonchan|atk|2\n|move|p1a: Iron Thorns|Dragon Dance|p1a: Iron Thorns\n|-boost|p1a: Iron Thorns|atk|1\n|-boost|p1a: Iron Thorns|spe|1\n|\n|upkeep\n|turn|11\n|\n|t:|1771264060\n|move|p1a: Iron Thorns|Wild Charge|p2a: Hitmonchan\n|-damage|p2a: Hitmonchan|0 fnt\n|faint|p2a: Hitmonchan\n|-damage|p1a: Iron Thorns|245/302|[from] Recoil\n|\n|upkeep\n|\n|t:|1771264065\n|switch|p2a: Basculin|Basculin, L86, F|261/261\n|turn|12\n|\n|t:|1771264071\n|move|p2a: Basculin|Aqua Jet|p1a: Iron Thorns\n|-supereffective|p1a: Iron Thorns\n|-damage|p1a: Iron Thorns|85/302\n|move|p1a: Iron Thorns|Wild Charge|p2a: Basculin\n|-supereffective|p2a: Basculin\n|-damage|p2a: Basculin|0 fnt\n|faint|p2a: Basculin\n|-damage|p1a: Iron Thorns|20/302|[from] Recoil\n|\n|upkeep\n|\n|t:|1771264086\n|switch|p2a: Krookodile|Krookodile, L80, M|283/283\n|-ability|p2a: Krookodile|Intimidate|boost\n|-unboost|p1a: Iron Thorns|atk|1\n|turn|13\n|\n|t:|1771264108\n|move|p1a: Iron Thorns|Earthquake|p2a: Krookodile\n|-damage|p2a: Krookodile|156/283\n|move|p2a: Krookodile|Bulk Up|p2a: Krookodile\n|-boost|p2a: Krookodile|atk|1\n|-boost|p2a: Krookodile|def|1\n|\n|-heal|p2a: Krookodile|173/283|[from] item: Leftovers\n|upkeep\n|turn|14\n|\n|t:|1771264116\n|move|p1a: Iron Thorns|Earthquake|p2a: Krookodile\n|-damage|p2a: Krookodile|78/283\n|move|p2a: Krookodile|Bulk Up|p2a: Krookodile\n|-boost|p2a: Krookodile|atk|1\n|-boost|p2a: Krookodile|def|1\n|\n|-heal|p2a: Krookodile|95/283|[from] item: Leftovers\n|upkeep\n|turn|15\n|\n|t:|1771264125\n|move|p1a: Iron Thorns|Earthquake|p2a: Krookodile\n|-damage|p2a: Krookodile|29/283\n|move|p2a: Krookodile|Knock Off|p1a: Iron Thorns\n|-damage|p1a: Iron Thorns|0 fnt\n|faint|p1a: Iron Thorns\n|-end|p1a: Iron Thorns|Quark Drive|[silent]\n|\n|-heal|p2a: Krookodile|46/283|[from] item: Leftovers\n|upkeep\n|\n|t:|1771264143\n|switch|p1a: Florges|Florges-Orange, L85, F|271/271\n|turn|16\n|\n|t:|1771264148\n|move|p2a: Krookodile|Gunk Shot|p1a: Florges\n|-supereffective|p1a: Florges\n|-crit|p1a: Florges\n|-damage|p1a: Florges|0 fnt\n|faint|p1a: Florges\n|\n|-heal|p2a: Krookodile|63/283|[from] item: Leftovers\n|upkeep\n|\n|t:|1771264160\n|switch|p1a: Dewgong|Dewgong, L94, F|318/322\n|turn|17\n|\n|t:|1771264171\n|move|p2a: Krookodile|Earthquake|p1a: Dewgong\n|-damage|p1a: Dewgong|86/322\n|move|p1a: Dewgong|Surf|p2a: Krookodile\n|-supereffective|p2a: Krookodile\n|-damage|p2a: Krookodile|0 fnt\n|faint|p2a: Krookodile\n|\n|upkeep\n|\n|t:|1771264179\n|switch|p2a: Lunala|Lunala, L70|308/308\n|turn|18\n|\n|t:|1771264182\n|move|p1a: Dewgong|Knock Off|p2a: Lunala\n|-supereffective|p2a: Lunala\n|-damage|p2a: Lunala|158/308\n|-enditem|p2a: Lunala|Leftovers|[from] move: Knock Off|[of] p1a: Dewgong\n|move|p2a: Lunala|Calm Mind|p2a: Lunala\n|-boost|p2a: Lunala|spa|1\n|-boost|p2a: Lunala|spd|1\n|\n|upkeep\n|turn|19\n|\n|t:|1771264190\n|-terastallize|p2a: Lunala|Fairy\n|move|p1a: Dewgong|Knock Off|p2a: Lunala\n|-resisted|p2a: Lunala\n|-damage|p2a: Lunala|134/308\n|move|p2a: Lunala|Calm Mind|p2a: Lunala\n|-boost|p2a: Lunala|spa|1\n|-boost|p2a: Lunala|spd|1\n|\n|upkeep\n|turn|20\n|\n|t:|1771264197\n|move|p1a: Dewgong|Triple Axel|p2a: Lunala\n|-damage|p2a: Lunala|110/308\n|-hitcount|p2a: Lunala|1\n|move|p2a: Lunala|Moonlight|p2a: Lunala\n|-heal|p2a: Lunala|264/308\n|\n|upkeep\n|turn|21\n|\n|t:|1771264209\n|move|p1a: Dewgong|Triple Axel|p2a: Lunala\n|-damage|p2a: Lunala|240/308\n|-damage|p2a: Lunala|189/308\n|-damage|p2a: Lunala|113/308\n|-hitcount|p2a: Lunala|3\n|move|p2a: Lunala|Calm Mind|p2a: Lunala\n|-boost|p2a: Lunala|spa|1\n|-boost|p2a: Lunala|spd|1\n|\n|upkeep\n|turn|22\n|\n|t:|1771264216\n|move|p1a: Dewgong|Triple Axel|p2a: Lunala\n|-damage|p2a: Lunala|89/308\n|-damage|p2a: Lunala|44/308\n|-damage|p2a: Lunala|0 fnt\n|faint|p2a: Lunala\n|-hitcount|p2: Lunala|3\n|\n|upkeep\n|\n|t:|1771264223\n|switch|p2a: Politoed|Politoed, L88, F|302/302 slp\n|-weather|RainDance|[from] ability: Drizzle|[of] p2a: Politoed\n|turn|23\n|-message|Bismaerck forfeited.\n|\n|win|Garevitarna\n|raw|Garevitarna's rating: 1561 &rarr; <strong>1583</strong><br />(+22 for winning)\n|raw|Bismaerck's rating: 1589 &rarr; <strong>1567</strong><br />(-22 for losing)\n|l|☆Bismaerck\n|player|p2|\n|c|☆Garevitarna|my goodness this guy is greedy\n|c|☆Garevitarna|haha\n|c|☆Garevitarna|he tried to setup on every single mon\n", "inputlog": ">version 686819e5e19f8a7fd2345cfc5a08a5085efa2cc3\n>start {\"formatid\":\"gen9randombattle\",\"seed\":\"sodium,f8ae68c5f7056c2f94dfe45a2b4ddeeb\",\"rated\":\"Rated battle\"}\n>player p1 {\"name\":\"Garevitarna\",\"avatar\":\"mira\",\"rating\":1561,\"seed\":\"sodium,e6bf5e3632ea6e76efec6f61158361b6\"}\n>player p2 {\"name\":\"Bismaerck\",\"avatar\":\"roxie\",\"rating\":1589,\"seed\":\"sodium,7e480397709ddd936fbfb5b613ffcb4f\"}\n>p1 switch 4\n>p2 move quiverdance\n>p1 move coil\n>p2 move hurricane\n>p1 move stoneedge\n>p2 move hurricane\n>p2 switch 2\n>p1 switch 2\n>p2 move icebeam\n>p1 move knockoff\n>p2 move hypnosis\n>p1 move surf\n>p2 move hypnosis\n>p1 move surf\n>p2 move hypnosis\n>p1 move surf\n>p2 move rest\n>p1 switch 5\n>p2 switch 5\n>p1 move dragondance\n>p2 move swordsdance\n>p1 move wildcharge\n>p2 move drainpunch\n>p2 switch 6\n>p1 move wildcharge\n>p2 move aquajet\n>p2 switch 4\n>p1 move earthquake\n>p2 move bulkup\n>p1 move earthquake\n>p2 move bulkup\n>p1 move earthquake\n>p2 move knockoff\n>p1 switch 4\n>p1 move moonblast\n>p2 move gunkshot\n>p1 switch 5\n>p1 move surf\n>p2 move earthquake\n>p2 switch 3\n>p1 move knockoff\n>p2 move calmmind\n>p1 move knockoff\n>p2 move calmmind terastallize\n>p1 move tripleaxel\n>p2 move moonlight\n>p1 move tripleaxel\n>p2 move calmmind\n>p1 move tripleaxel\n>p2 move moonlight\n>p2 switch 5\n>forcelose p2", "uploadtime": 1771264257, "views": 5, "formatid": "gen9randombattle", "rating": 1567, "private": 0, "password": null}