{"id": "gen9randombattle-2540422642", "format": "[Gen 9] Random Battle", "players": ["Gotzz", "toxissb"], "log": "|j|☆Gotzz\n|j|☆toxissb\n|t:|1771200125\n|gametype|singles\n|player|p1|Gotzz|hugh|1594\n|player|p2|toxissb|colress|1637\n|gen|9\n|tier|[Gen 9] Random Battle\n|rated|\n|rule|Species Clause: Limit one of each Pokémon\n|rule|HP Percentage Mod: HP is shown in percentages\n|rule|Sleep Clause Mod: Limit one foe put to sleep\n|rule|Illusion Level Mod: Illusion disguises the Pokémon's true level\n|\n|t:|1771200125\n|teamsize|p1|6\n|teamsize|p2|6\n|start\n|switch|p1a: Lunala|Lunala, L70|308/308\n|switch|p2a: Breloom|Breloom, L83, F|235/235\n|turn|1\n|inactive|Battle timer is ON: inactive players will automatically lose when time's up. (requested by Gotzz)\n|\n|t:|1771200135\n|move|p1a: Lunala|Moonblast|p2a: Breloom\n|-supereffective|p2a: Breloom\n|-damage|p2a: Breloom|77/235\n|move|p2a: Breloom|Rock Tomb|p1a: Lunala\n|-damage|p1a: Lunala|247/308\n|-unboost|p1a: Lunala|spe|1\n|-damage|p2a: Breloom|54/235|[from] item: Life Orb\n|\n|-heal|p1a: Lunala|266/308|[from] item: Leftovers\n|upkeep\n|turn|2\n|\n|t:|1771200141\n|move|p2a: Breloom|Bullet Seed|p1a: Lunala\n|-damage|p1a: Lunala|188/308\n|-damage|p1a: Lunala|113/308\n|-damage|p1a: Lunala|38/308\n|-hitcount|p1a: Lunala|3\n|-damage|p2a: Breloom|31/235|[from] item: Life Orb\n|move|p1a: Lunala|Moonblast|p2a: Breloom\n|-supereffective|p2a: Breloom\n|-damage|p2a: Breloom|0 fnt\n|faint|p2a: Breloom\n|\n|-heal|p1a: Lunala|57/308|[from] item: Leftovers\n|upkeep\n|\n|t:|1771200147\n|switch|p2a: Azelf|Azelf, L82|257/257\n|turn|3\n|inactive|Gotzz has 120 seconds left.\n|inactive|Gotzz has 90 seconds left.\n|l|☆toxissb\n|inactive|toxissb disconnected and has a minute to reconnect!\n|player|p2|\n|j|☆toxissb\n|inactive|toxissb reconnected.\n|player|p2|toxissb|colress|\n|inactive|Gotzz has 60 seconds left.\n|inactive|Gotzz has 30 seconds left.\n|l|☆toxissb\n|inactive|toxissb disconnected and has a minute to reconnect!\n|player|p2|\n|\n|t:|1771200274\n|switch|p1a: Sandy Shocks|Sandy Shocks, L80|267/267\n|move|p2a: Azelf|U-turn|p1a: Sandy Shocks\n|-damage|p1a: Sandy Shocks|213/267\n|inactive|toxissb has 30 seconds to reconnect!\n|j|☆toxissb\n|inactive|toxissb reconnected and has 120 seconds left.\n|player|p2|toxissb|colress|\n|\n|t:|1771200312\n|switch|p2a: Blissey|Blissey, L85, F|572/572|[from] U-turn\n|\n|upkeep\n|turn|4\n|\n|t:|1771200316\n|move|p1a: Sandy Shocks|Stealth Rock|p2a: Blissey\n|-sidestart|p2: toxissb|move: Stealth Rock\n|move|p2a: Blissey|Thunder Wave|p1a: Sandy Shocks\n|-immune|p1a: Sandy Shocks\n|\n|upkeep\n|turn|5\n|\n|t:|1771200320\n|move|p1a: Sandy Shocks|Volt Switch|p2a: Blissey\n|-damage|p2a: Blissey|515/572\n|\n|t:|1771200326\n|-end|p1a: Sandy Shocks|Protosynthesis|[silent]\n|switch|p1a: Landorus|Landorus-Therian, L76, M|260/260|[from] Volt Switch\n|-ability|p1a: Landorus|Intimidate|boost\n|-unboost|p2a: Blissey|atk|1\n|move|p2a: Blissey|Seismic Toss|p1a: Landorus\n|-damage|p1a: Landorus|175/260\n|\n|-heal|p1a: Landorus|191/260|[from] item: Leftovers\n|-heal|p2a: Blissey|550/572|[from] item: Leftovers\n|upkeep\n|turn|6\n|\n|t:|1771200332\n|switch|p2a: Azelf|Azelf, L82|257/257\n|-damage|p2a: Azelf|225/257|[from] Stealth Rock\n|move|p1a: Landorus|Stone Edge|p2a: Azelf|[miss]\n|-miss|p1a: Landorus|p2a: Azelf\n|\n|-heal|p1a: Landorus|207/260|[from] item: Leftovers\n|upkeep\n|turn|7\n|inactive|Gotzz has 60 seconds left.\n|\n|t:|1771200339\n|switch|p1a: Sandy Shocks|Sandy Shocks, L80|213/267\n|move|p2a: Azelf|Psychic|p1a: Sandy Shocks\n|-damage|p1a: Sandy Shocks|38/267\n|\n|upkeep\n|turn|8\n|\n|t:|1771200344\n|move|p2a: Azelf|Psychic|p1a: Sandy Shocks\n|-damage|p1a: Sandy Shocks|0 fnt\n|faint|p1a: Sandy Shocks\n|-end|p1a: Sandy Shocks|Protosynthesis|[silent]\n|\n|upkeep\n|inactive|Gotzz has 60 seconds left.\n|\n|t:|1771200371\n|switch|p1a: Scovillain|Scovillain, L91, F|266/266\n|turn|9\n|l|☆toxissb\n|inactive|toxissb disconnected and has a minute to reconnect!\n|player|p2|\n|inactive|toxissb has 30 seconds to reconnect!\n|j|☆toxissb\n|inactive|toxissb reconnected and has 105 seconds left.\n|player|p2|toxissb|colress|\n|\n|t:|1771200422\n|move|p2a: Azelf|Psychic|p1a: Scovillain\n|-damage|p1a: Scovillain|77/266\n|-unboost|p1a: Scovillain|spd|1\n|move|p1a: Scovillain|Leaf Storm|p2a: Azelf\n|-damage|p2a: Azelf|0 fnt\n|-unboost|p1a: Scovillain|spa|2\n|faint|p2a: Azelf\n|\n|upkeep\n|\n|t:|1771200428\n|switch|p2a: Arceus|Arceus-Fire, L72|291/291\n|-damage|p2a: Arceus|219/291|[from] Stealth Rock\n|turn|10\n|inactive|Gotzz has 60 seconds left.\n|\n|t:|1771200450\n|switch|p1a: Landorus|Landorus-Therian, L76, M|207/260\n|-ability|p1a: Landorus|Intimidate|boost\n|-unboost|p2a: Arceus|atk|1\n|move|p2a: Arceus|Swords Dance|p2a: Arceus\n|-boost|p2a: Arceus|atk|2\n|\n|-heal|p1a: Landorus|223/260|[from] item: Leftovers\n|upkeep\n|turn|11\n|\n|t:|1771200454\n|-terastallize|p2a: Arceus|Fire\n|move|p2a: Arceus|Flare Blitz|p1a: Landorus\n|-damage|p1a: Landorus|0 fnt\n|faint|p1a: Landorus\n|-damage|p2a: Arceus|145/291|[from] Recoil\n|\n|upkeep\n|inactive|Gotzz has 60 seconds left.\n|\n|t:|1771200468\n|switch|p1a: Squawkabilly|Squawkabilly-Yellow, L89, F|291/291\n|turn|12\n|inactive|Gotzz has 60 seconds left.\n|\n|t:|1771200483\n|move|p2a: Arceus|Flare Blitz|p1a: Squawkabilly\n|-damage|p1a: Squawkabilly|0 fnt\n|faint|p1a: Squawkabilly\n|-damage|p2a: Arceus|49/291|[from] Recoil\n|\n|upkeep\n|\n|t:|1771200500\n|switch|p1a: Scovillain|Scovillain, L91, F|77/266\n|turn|13\n|\n|t:|1771200504\n|move|p2a: Arceus|Recover|p2a: Arceus\n|-heal|p2a: Arceus|195/291\n|move|p1a: Scovillain|Leaf Storm|p2a: Arceus\n|-resisted|p2a: Arceus\n|-crit|p2a: Arceus\n|-damage|p2a: Arceus|14/291\n|-unboost|p1a: Scovillain|spa|2\n|\n|upkeep\n|turn|14\n|\n|t:|1771200507\n|move|p2a: Arceus|Recover|p2a: Arceus\n|-heal|p2a: Arceus|160/291\n|move|p1a: Scovillain|Leaf Storm|p2a: Arceus\n|-resisted|p2a: Arceus\n|-damage|p2a: Arceus|106/291\n|-unboost|p1a: Scovillain|spa|2\n|\n|upkeep\n|turn|15\n|\n|t:|1771200511\n|switch|p1a: Lunala|Lunala, L70|57/308\n|move|p2a: Arceus|Recover|p2a: Arceus\n|-heal|p2a: Arceus|252/291\n|\n|-heal|p1a: Lunala|76/308|[from] item: Leftovers\n|upkeep\n|turn|16\n|\n|t:|1771200517\n|move|p2a: Arceus|Flare Blitz|p1a: Lunala\n|-damage|p1a: Lunala|0 fnt\n|faint|p1a: Lunala\n|-damage|p2a: Arceus|227/291|[from] Recoil\n|\n|upkeep\n|-message|Gotzz forfeited.\n|\n|win|toxissb\n|raw|Gotzz's rating: 1594 &rarr; <strong>1576</strong><br />(-18 for losing)\n|raw|toxissb's rating: 1637 &rarr; <strong>1655</strong><br />(+18 for winning)\n|l|☆Gotzz\n|player|p1|\n", "inputlog": ">version 686819e5e19f8a7fd2345cfc5a08a5085efa2cc3\n>start {\"formatid\":\"gen9randombattle\",\"seed\":\"sodium,a3dc14777bb34139480dfbb08792aabd\",\"rated\":\"Rated battle\"}\n>player p1 {\"name\":\"Gotzz\",\"avatar\":\"hugh\",\"rating\":1594,\"seed\":\"sodium,7802c58db52124791b8e1aae81310382\"}\n>player p2 {\"name\":\"toxissb\",\"avatar\":\"colress\",\"rating\":1637,\"seed\":\"sodium,7c3813fc6fdad844dcb12c290aa80402\"}\n>p1 move moonblast\n>p2 move rocktomb\n>p1 move moonblast\n>p2 move bulletseed\n>p2 switch 2\n>p1 switch 3\n>p2 move uturn\n>p2 switch 6\n>p1 move stealthrock\n>p2 move thunderwave\n>p1 move voltswitch\n>p2 move seismictoss\n>p1 switch 6\n>p1 move stoneedge\n>p2 switch 6\n>p1 switch 6\n>p2 move psychic\n>p1 move thunderbolt\n>p2 move psychic\n>p1 switch 2\n>p1 move leafstorm\n>p2 move psychic\n>p2 switch 5\n>p1 switch 6\n>p2 move swordsdance\n>p1 move earthquake\n>p2 move flareblitz terastallize\n>p1 switch 5\n>p1 move doubleedge\n>p2 move flareblitz\n>p1 switch 6\n>p1 move leafstorm\n>p2 move recover\n>p1 move leafstorm\n>p2 move recover\n>p1 switch 3\n>p2 move recover\n>p1 move moonlight\n>p2 move flareblitz\n>forcelose p1", "uploadtime": 1771200521, "views": 7, "formatid": "gen9randombattle", "rating": 1576, "private": 0, "password": null}