{"id": "gen9randombattle-2540417279", "format": "[Gen 9] Random Battle", "players": ["Sebastie", "Randompina"], "log": "|j|☆Sebastie\n|j|☆Randompina\n|t:|1771199466\n|gametype|singles\n|player|p1|Sebastie|101|1543\n|player|p2|Randompina|doctor|1531\n|gen|9\n|tier|[Gen 9] Random Battle\n|rated|\n|rule|Species Clause: Limit one of each Pokémon\n|rule|HP Percentage Mod: HP is shown in percentages\n|rule|Sleep Clause Mod: Limit one foe put to sleep\n|rule|Illusion Level Mod: Illusion disguises the Pokémon's true level\n|\n|t:|1771199466\n|teamsize|p1|6\n|teamsize|p2|6\n|start\n|switch|p1a: Raikou|Raikou, L81|278/278\n|switch|p2a: Electivire|Electivire, L84, F|263/263\n|-ability|p1a: Raikou|Pressure\n|turn|1\n|\n|t:|1771199482\n|move|p1a: Raikou|Shadow Ball|p2a: Electivire\n|-damage|p2a: Electivire|198/263\n|move|p2a: Electivire|Bulk Up|p2a: Electivire\n|-boost|p2a: Electivire|atk|1\n|-boost|p2a: Electivire|def|1\n|\n|upkeep\n|turn|2\n|inactive|Battle timer is ON: inactive players will automatically lose when time's up. (requested by Randompina)\n|\n|t:|1771199501\n|move|p1a: Raikou|Scald|p2a: Electivire\n|-damage|p2a: Electivire|139/263\n|-status|p2a: Electivire|brn\n|move|p2a: Electivire|Earthquake|p1a: Raikou\n|-supereffective|p1a: Raikou\n|-damage|p1a: Raikou|84/278\n|-damage|p2a: Electivire|113/263 brn|[from] item: Life Orb\n|\n|-heal|p1a: Raikou|101/278|[from] item: Leftovers\n|-damage|p2a: Electivire|97/263 brn|[from] brn\n|upkeep\n|turn|3\n|\n|t:|1771199526\n|switch|p1a: Thundurus|Thundurus-Therian, L80, M|258/258\n|move|p2a: Electivire|Earthquake|p1a: Thundurus\n|-immune|p1a: Thundurus\n|\n|-damage|p2a: Electivire|81/263 brn|[from] brn\n|upkeep\n|turn|4\n|\n|t:|1771199532\n|move|p2a: Electivire|Ice Punch|p1a: Thundurus\n|-supereffective|p1a: Thundurus\n|-damage|p1a: Thundurus|111/258\n|-status|p1a: Thundurus|frz\n|-damage|p2a: Electivire|55/263 brn|[from] item: Life Orb\n|cant|p1a: Thundurus|frz\n|\n|-damage|p2a: Electivire|39/263 brn|[from] brn\n|upkeep\n|turn|5\n|\n|t:|1771199548\n|switch|p1a: Raikou|Raikou, L81|101/278\n|-ability|p1a: Raikou|Pressure\n|move|p2a: Electivire|Ice Punch|p1a: Raikou\n|-damage|p1a: Raikou|32/278\n|-damage|p2a: Electivire|13/263 brn|[from] item: Life Orb\n|\n|-heal|p1a: Raikou|49/278|[from] item: Leftovers\n|-damage|p2a: Electivire|0 fnt|[from] brn\n|faint|p2a: Electivire\n|upkeep\n|\n|t:|1771199563\n|switch|p2a: Regidrago|Regidrago, L77|435/435\n|turn|6\n|\n|t:|1771199567\n|move|p2a: Regidrago|Dragon Energy|p1a: Raikou\n|-crit|p1a: Raikou\n|-damage|p1a: Raikou|0 fnt\n|faint|p1a: Raikou\n|\n|upkeep\n|\n|t:|1771199578\n|switch|p1a: Braviary|Braviary, L85, M|309/309\n|turn|7\n|\n|t:|1771199587\n|switch|p2a: Mandibuzz|Mandibuzz, L85, F|326/326\n|move|p1a: Braviary|Bulk Up|p1a: Braviary\n|-boost|p1a: Braviary|atk|1\n|-boost|p1a: Braviary|def|1\n|\n|upkeep\n|turn|8\n|\n|t:|1771199592\n|move|p1a: Braviary|Bulk Up|p1a: Braviary\n|-boost|p1a: Braviary|atk|1\n|-boost|p1a: Braviary|def|1\n|move|p2a: Mandibuzz|Foul Play|p1a: Braviary\n|-damage|p1a: Braviary|171/309\n|\n|upkeep\n|turn|9\n|\n|t:|1771199611\n|move|p1a: Braviary|Close Combat|p2a: Mandibuzz\n|-damage|p2a: Mandibuzz|132/326\n|-unboost|p1a: Braviary|def|1\n|-unboost|p1a: Braviary|spd|1\n|move|p2a: Mandibuzz|Foul Play|p1a: Braviary\n|-damage|p1a: Braviary|0 fnt\n|faint|p1a: Braviary\n|\n|upkeep\n|\n|t:|1771199623\n|switch|p1a: Ogerpon|Ogerpon-Cornerstone, L76, F|247/247\n|turn|10\n|\n|t:|1771199631\n|move|p1a: Ogerpon|Ivy Cudgel|p2a: Mandibuzz|[anim] Ivy Cudgel Rock\n|-supereffective|p2a: Mandibuzz\n|-crit|p2a: Mandibuzz\n|-damage|p2a: Mandibuzz|0 fnt\n|faint|p2a: Mandibuzz\n|\n|upkeep\n|\n|t:|1771199642\n|switch|p2a: Archaludon|Archaludon, L78, F|268/268\n|turn|11\n|\n|t:|1771199669\n|switch|p1a: Thundurus|Thundurus-Therian, L80, M|111/258 frz\n|move|p2a: Archaludon|Swords Dance|p2a: Archaludon\n|-boost|p2a: Archaludon|atk|2\n|\n|upkeep\n|turn|12\n|\n|t:|1771199677\n|cant|p1a: Thundurus|frz\n|move|p2a: Archaludon|Outrage|p1a: Thundurus\n|-damage|p1a: Thundurus|0 fnt\n|faint|p1a: Thundurus\n|\n|upkeep\n|inactive|Sebastie has 120 seconds left.\n|\n|t:|1771199700\n|switch|p1a: Quaquaval|Quaquaval, L79, M|264/264\n|turn|13\n|inactive|Sebastie has 120 seconds left.\n|\n|t:|1771199707\n|-terastallize|p1a: Quaquaval|Steel\n|move|p1a: Quaquaval|Close Combat|p2a: Archaludon\n|-supereffective|p2a: Archaludon\n|-damage|p2a: Archaludon|0 fnt\n|-unboost|p1a: Quaquaval|def|1\n|-unboost|p1a: Quaquaval|spd|1\n|faint|p2a: Archaludon\n|-ability|p1a: Quaquaval|Moxie|boost\n|-boost|p1a: Quaquaval|atk|1\n|-damage|p1a: Quaquaval|238/264|[from] item: Life Orb\n|\n|upkeep\n|\n|t:|1771199720\n|switch|p2a: Volcarona|Volcarona, L77, M|257/257\n|turn|14\n|\n|t:|1771199726\n|-terastallize|p2a: Volcarona|Water\n|move|p2a: Volcarona|Fiery Dance|p1a: Quaquaval\n|-supereffective|p1a: Quaquaval\n|-crit|p1a: Quaquaval\n|-damage|p1a: Quaquaval|0 fnt\n|faint|p1a: Quaquaval\n|\n|upkeep\n|inactive|Sebastie has 120 seconds left.\n|\n|t:|1771199743\n|switch|p1a: Ogerpon|Ogerpon-Cornerstone, L76, F|247/247\n|turn|15\n|\n|t:|1771199749\n|move|p1a: Ogerpon|Power Whip|p2a: Volcarona\n|-supereffective|p2a: Volcarona\n|-damage|p2a: Volcarona|0 fnt\n|-status|p1a: Ogerpon|brn|[from] ability: Flame Body|[of] p2a: Volcarona\n|faint|p2a: Volcarona\n|\n|-damage|p1a: Ogerpon|232/247 brn|[from] brn\n|upkeep\n|\n|t:|1771199759\n|switch|p2a: Regidrago|Regidrago, L77|435/435\n|turn|16\n|\n|t:|1771199769\n|move|p2a: Regidrago|Dragon Energy|p1a: Ogerpon\n|-damage|p1a: Ogerpon|19/247 brn\n|move|p1a: Ogerpon|Encore|p2a: Regidrago\n|-start|p2a: Regidrago|Encore\n|\n|-damage|p1a: Ogerpon|4/247 brn|[from] brn\n|upkeep\n|turn|17\n|\n|t:|1771199774\n|move|p2a: Regidrago|Dragon Energy|p1a: Ogerpon\n|-damage|p1a: Ogerpon|0 fnt\n|faint|p1a: Ogerpon\n|\n|upkeep\n|\n|t:|1771199776\n|switch|p1a: Annihilape|Annihilape, L76, F|292/292\n|turn|18\n|\n|t:|1771199792\n|move|p2a: Regidrago|Dragon Energy|p1a: Annihilape\n|-damage|p1a: Annihilape|84/292\n|move|p1a: Annihilape|Bulk Up|p1a: Annihilape\n|-boost|p1a: Annihilape|atk|1\n|-boost|p1a: Annihilape|def|1\n|\n|-heal|p1a: Annihilape|102/292|[from] item: Leftovers\n|upkeep\n|turn|19\n|\n|t:|1771199795\n|move|p2a: Regidrago|Dragon Energy|p1a: Annihilape\n|-damage|p1a: Annihilape|0 fnt\n|faint|p1a: Annihilape\n|\n|win|Randompina\n|raw|Sebastie's rating: 1543 &rarr; <strong>1522</strong><br />(-21 for losing)\n|raw|Randompina's rating: 1531 &rarr; <strong>1552</strong><br />(+21 for winning)\n|l|☆Sebastie\n|player|p1|\n", "inputlog": ">version 686819e5e19f8a7fd2345cfc5a08a5085efa2cc3\n>start {\"formatid\":\"gen9randombattle\",\"seed\":\"sodium,9a954fcf5c660f82b75319269d0f1751\",\"rated\":\"Rated battle\"}\n>player p1 {\"name\":\"Sebastie\",\"avatar\":\"101\",\"rating\":1543,\"seed\":\"sodium,ff26437da1f341f77cd95f87233923e9\"}\n>player p2 {\"name\":\"Randompina\",\"avatar\":\"doctor\",\"rating\":1531,\"seed\":\"sodium,ae9e8efe0c9134b4fb159793422da770\"}\n>p1 move shadowball\n>p2 move bulkup\n>p1 move scald\n>p2 move earthquake\n>p1 switch 2\n>p2 move earthquake\n>p1 move nastyplot\n>p2 move icepunch\n>p1 switch 2\n>p2 move icepunch\n>p2 switch 5\n>p1 move shadowball\n>p2 move dragonenergy\n>p1 switch 3\n>p1 move bulkup\n>p2 switch 2\n>p1 move bulkup\n>p2 move foulplay\n>p1 move closecombat\n>p2 move foulplay\n>p1 switch 4\n>p1 move ivycudgel\n>p2 move foulplay\n>p2 switch 3\n>p1 switch 2\n>p2 move swordsdance\n>p1 move focusblast\n>p2 move outrage\n>p1 switch 5\n>p1 move closecombat terastallize\n>p2 move outrage\n>p2 switch 6\n>p1 move aquastep\n>p2 move fierydance terastallize\n>p1 switch 2\n>p1 move powerwhip\n>p2 move terablast\n>p2 switch 2\n>p1 move encore\n>p2 move dragonenergy\n>p1 move synthesis\n>p2 move dragonenergy\n>p1 switch 6\n>p1 move bulkup\n>p2 move dragonenergy\n>p1 move drainpunch\n>p2 move dragonenergy", "uploadtime": 1771199812, "views": 10, "formatid": "gen9randombattle", "rating": 1522, "private": 0, "password": null}