{"id": "gen9randombattle-2540379302", "format": "[Gen 9] Random Battle", "players": ["los chipirones", "portobellomushroom"], "log": "|badge|p2|bronze|gen9randombattle|100-8\n|badge|p2|bronze|gen9ou|100-8\n|uhtml|medal-msg|<div class=\"broadcast-blue\">Curious what those medals under the avatar are? PS now has Ladder Seasons! For more information, check out the <a href=\"https://www.smogon.com/forums/threads/3740067/\">thread on Smogon.</a></div>\n|j|☆los chipirones\n|j|☆portobellomushroom\n|t:|1771194948\n|gametype|singles\n|player|p1|los chipirones|266|2277\n|player|p2|portobellomushroom|turo-ai|2327\n|gen|9\n|tier|[Gen 9] Random Battle\n|rated|\n|rule|Species Clause: Limit one of each Pokémon\n|rule|HP Percentage Mod: HP is shown in percentages\n|rule|Sleep Clause Mod: Limit one foe put to sleep\n|rule|Illusion Level Mod: Illusion disguises the Pokémon's true level\n|\n|t:|1771194948\n|teamsize|p1|6\n|teamsize|p2|6\n|start\n|switch|p1a: Ludicolo|Ludicolo, L90, F|290/290\n|switch|p2a: Dragapult|Dragapult, L77, M|262/262\n|turn|1\n|inactive|Battle timer is ON: inactive players will automatically lose when time's up. (requested by portobellomushroom)\n|\n|t:|1771194976\n|move|p2a: Dragapult|U-turn|p1a: Ludicolo\n|-supereffective|p1a: Ludicolo\n|-damage|p1a: Ludicolo|186/290\n|\n|t:|1771194983\n|switch|p2a: Toxicroak|Toxicroak, L84, M|277/277|[from] U-turn\n|move|p1a: Ludicolo|Leaf Storm|p2a: Toxicroak\n|-resisted|p2a: Toxicroak\n|-damage|p2a: Toxicroak|145/277\n|-unboost|p1a: Ludicolo|spa|2\n|\n|upkeep\n|turn|2\n|\n|t:|1771194989\n|switch|p1a: Sandy Shocks|Sandy Shocks, L80|267/267\n|move|p2a: Toxicroak|Close Combat|p1a: Sandy Shocks\n|-damage|p1a: Sandy Shocks|72/267\n|-unboost|p2a: Toxicroak|def|1\n|-unboost|p2a: Toxicroak|spd|1\n|\n|-heal|p1a: Sandy Shocks|88/267|[from] item: Leftovers\n|upkeep\n|turn|3\n|\n|t:|1771195005\n|switch|p2a: Dragapult|Dragapult, L77, M|262/262\n|move|p1a: Sandy Shocks|Stealth Rock|p2a: Dragapult\n|-sidestart|p2: portobellomushroom|move: Stealth Rock\n|\n|-heal|p1a: Sandy Shocks|104/267|[from] item: Leftovers\n|upkeep\n|turn|4\n|\n|t:|1771195010\n|-end|p1a: Sandy Shocks|Protosynthesis|[silent]\n|switch|p1a: Alcremie|Alcremie-Ruby-Cream, L90, F|263/263\n|move|p2a: Dragapult|Shadow Ball|p1a: Alcremie\n|-damage|p1a: Alcremie|184/263\n|\n|-heal|p1a: Alcremie|200/263|[from] item: Leftovers\n|upkeep\n|turn|5\n|\n|t:|1771195021\n|switch|p2a: Orthworm|Orthworm, L88, F|266/266\n|-damage|p2a: Orthworm|250/266|[from] Stealth Rock\n|move|p1a: Alcremie|Alluring Voice|p2a: Orthworm\n|-resisted|p2a: Orthworm\n|-damage|p2a: Orthworm|175/266\n|\n|-heal|p1a: Alcremie|216/263|[from] item: Leftovers\n|upkeep\n|turn|6\n|\n|t:|1771195038\n|switch|p1a: Lunala|Lunala, L70|308/308\n|move|p2a: Orthworm|Body Press|p1a: Lunala\n|-immune|p1a: Lunala\n|\n|upkeep\n|turn|7\n|\n|t:|1771195045\n|switch|p2a: Illumise|Illumise, L91, F|266/266\n|move|p1a: Lunala|Moongeist Beam|p2a: Illumise\n|-damage|p2a: Illumise|176/266\n|\n|upkeep\n|turn|8\n|\n|t:|1771195062\n|switch|p1a: Sandy Shocks|Sandy Shocks, L80|104/267\n|move|p2a: Illumise|Thunder Wave|p1a: Sandy Shocks\n|-immune|p1a: Sandy Shocks\n|\n|-heal|p1a: Sandy Shocks|120/267|[from] item: Leftovers\n|upkeep\n|turn|9\n|\n|t:|1771195077\n|move|p1a: Sandy Shocks|Thunder Wave|p2a: Illumise\n|-status|p2a: Illumise|par\n|cant|p2a: Illumise|par\n|\n|-heal|p1a: Sandy Shocks|136/267|[from] item: Leftovers\n|upkeep\n|turn|10\n|\n|t:|1771195093\n|-end|p1a: Sandy Shocks|Protosynthesis|[silent]\n|switch|p1a: Alcremie|Alcremie-Ruby-Cream, L90, F|216/263\n|move|p2a: Illumise|Bug Buzz|p1a: Alcremie\n|-resisted|p1a: Alcremie\n|-damage|p1a: Alcremie|182/263\n|\n|-heal|p1a: Alcremie|198/263|[from] item: Leftovers\n|upkeep\n|turn|11\n|\n|t:|1771195098\n|-terastallize|p1a: Alcremie|Ground\n|cant|p2a: Illumise|par\n|move|p1a: Alcremie|Calm Mind|p1a: Alcremie\n|-boost|p1a: Alcremie|spa|1\n|-boost|p1a: Alcremie|spd|1\n|\n|-heal|p1a: Alcremie|214/263|[from] item: Leftovers\n|upkeep\n|turn|12\n|\n|t:|1771195118\n|switch|p2a: Orthworm|Orthworm, L88, F|175/266\n|-damage|p2a: Orthworm|159/266|[from] Stealth Rock\n|move|p1a: Alcremie|Alluring Voice|p2a: Orthworm\n|-resisted|p2a: Orthworm\n|-damage|p2a: Orthworm|54/266\n|\n|-heal|p1a: Alcremie|230/263|[from] item: Leftovers\n|upkeep\n|turn|13\n|\n|t:|1771195122\n|move|p1a: Alcremie|Alluring Voice|p2a: Orthworm\n|-resisted|p2a: Orthworm\n|-damage|p2a: Orthworm|0 fnt\n|faint|p2a: Orthworm\n|\n|-heal|p1a: Alcremie|246/263|[from] item: Leftovers\n|upkeep\n|\n|t:|1771195129\n|switch|p2a: Toxicroak|Toxicroak, L84, M|145/277\n|-damage|p2a: Toxicroak|128/277|[from] Stealth Rock\n|turn|14\n|\n|t:|1771195148\n|switch|p1a: Chimecho|Chimecho, L93, M|290/290\n|move|p2a: Toxicroak|Knock Off|p1a: Chimecho\n|-supereffective|p1a: Chimecho\n|-damage|p1a: Chimecho|60/290\n|-enditem|p1a: Chimecho|Leftovers|[from] move: Knock Off|[of] p2a: Toxicroak\n|\n|upkeep\n|turn|15\n|\n|t:|1771195154\n|switch|p1a: Dipplin|Dipplin, L88, M|284/284\n|move|p2a: Toxicroak|Knock Off|p1a: Dipplin\n|-crit|p1a: Dipplin\n|-damage|p1a: Dipplin|193/284\n|-activate|p1a: Dipplin|ability: Sticky Hold\n|\n|upkeep\n|turn|16\n|\n|t:|1771195167\n|switch|p2a: Illumise|Illumise, L91, F|176/266 par\n|move|p1a: Dipplin|Dragon Pulse|p2a: Illumise\n|-damage|p2a: Illumise|92/266 par\n|\n|upkeep\n|turn|17\n|\n|t:|1771195171\n|switch|p1a: Alcremie|Alcremie-Ruby-Cream, L90, F, tera:Ground|246/263\n|switch|p2a: Toxicroak|Toxicroak, L84, M|128/277\n|-damage|p2a: Toxicroak|111/277|[from] Stealth Rock\n|\n|-heal|p1a: Alcremie|262/263|[from] item: Leftovers\n|upkeep\n|turn|18\n|\n|t:|1771195177\n|switch|p1a: Chimecho|Chimecho, L93, M|60/290\n|move|p2a: Toxicroak|Close Combat|p1a: Chimecho\n|-resisted|p1a: Chimecho\n|-damage|p1a: Chimecho|0 fnt\n|-unboost|p2a: Toxicroak|def|1\n|-unboost|p2a: Toxicroak|spd|1\n|faint|p1a: Chimecho\n|\n|upkeep\n|\n|t:|1771195187\n|switch|p1a: Sandy Shocks|Sandy Shocks, L80|136/267\n|turn|19\n|\n|t:|1771195201\n|switch|p2a: Illumise|Illumise, L91, F|92/266 par\n|move|p1a: Sandy Shocks|Thunderbolt|p2a: Illumise\n|-damage|p2a: Illumise|0 fnt\n|faint|p2a: Illumise\n|\n|-heal|p1a: Sandy Shocks|152/267|[from] item: Leftovers\n|upkeep\n|inactive|portobellomushroom has 120 seconds left.\n|\n|t:|1771195238\n|switch|p2a: Dragapult|Dragapult, L77, M|262/262\n|-damage|p2a: Dragapult|230/262|[from] Stealth Rock\n|turn|20\n|\n|t:|1771195244\n|move|p2a: Dragapult|Draco Meteor|p1a: Sandy Shocks\n|-damage|p1a: Sandy Shocks|0 fnt\n|-unboost|p2a: Dragapult|spa|2\n|faint|p1a: Sandy Shocks\n|-end|p1a: Sandy Shocks|Protosynthesis|[silent]\n|\n|upkeep\n|\n|t:|1771195248\n|switch|p1a: Alcremie|Alcremie-Ruby-Cream, L90, F, tera:Ground|262/263\n|turn|21\n|\n|t:|1771195260\n|switch|p2a: Passimian|Passimian, L83, M|302/302\n|-damage|p2a: Passimian|284/302|[from] Stealth Rock\n|move|p1a: Alcremie|Alluring Voice|p2a: Passimian\n|-supereffective|p2a: Passimian\n|-damage|p2a: Passimian|0 fnt\n|faint|p2a: Passimian\n|\n|-heal|p1a: Alcremie|263/263|[from] item: Leftovers\n|upkeep\n|\n|t:|1771195262\n|switch|p2a: Toxicroak|Toxicroak, L84, M|111/277\n|-damage|p2a: Toxicroak|94/277|[from] Stealth Rock\n|turn|22\n|\n|t:|1771195286\n|switch|p1a: Dipplin|Dipplin, L88, M|193/284\n|move|p2a: Toxicroak|Knock Off|p1a: Dipplin\n|-damage|p1a: Dipplin|131/284\n|-activate|p1a: Dipplin|ability: Sticky Hold\n|\n|upkeep\n|turn|23\n|\n|t:|1771195299\n|switch|p2a: Dragapult|Dragapult, L77, M|230/262\n|-damage|p2a: Dragapult|198/262|[from] Stealth Rock\n|move|p1a: Dipplin|Recover|p1a: Dipplin\n|-heal|p1a: Dipplin|273/284\n|\n|upkeep\n|turn|24\n|\n|t:|1771195320\n|switch|p1a: Alcremie|Alcremie-Ruby-Cream, L90, F, tera:Ground|263/263\n|move|p2a: Dragapult|Draco Meteor|p1a: Alcremie\n|-damage|p1a: Alcremie|122/263\n|-unboost|p2a: Dragapult|spa|2\n|\n|-heal|p1a: Alcremie|138/263|[from] item: Leftovers\n|upkeep\n|turn|25\n|\n|t:|1771195326\n|switch|p2a: Toxicroak|Toxicroak, L84, M|94/277\n|-damage|p2a: Toxicroak|77/277|[from] Stealth Rock\n|move|p1a: Alcremie|Alluring Voice|p2a: Toxicroak\n|-damage|p2a: Toxicroak|0 fnt\n|faint|p2a: Toxicroak\n|\n|-heal|p1a: Alcremie|154/263|[from] item: Leftovers\n|upkeep\n|\n|t:|1771195327\n|switch|p2a: Minun|Minun, L95, M|268/268\n|-damage|p2a: Minun|235/268|[from] Stealth Rock\n|turn|26\n|\n|t:|1771195333\n|move|p2a: Minun|Nasty Plot|p2a: Minun\n|-boost|p2a: Minun|spa|2\n|move|p1a: Alcremie|Alluring Voice|p2a: Minun\n|-damage|p2a: Minun|132/268\n|-start|p2a: Minun|confusion\n|\n|-heal|p1a: Alcremie|170/263|[from] item: Leftovers\n|upkeep\n|turn|27\n|\n|t:|1771195338\n|-terastallize|p2a: Minun|Fairy\n|-activate|p2a: Minun|confusion\n|move|p2a: Minun|Alluring Voice|p1a: Alcremie\n|-damage|p1a: Alcremie|1/263\n|-damage|p2a: Minun|106/268|[from] item: Life Orb\n|move|p1a: Alcremie|Alluring Voice|p2a: Minun\n|-damage|p2a: Minun|15/268\n|\n|-heal|p1a: Alcremie|17/263|[from] item: Leftovers\n|upkeep\n|turn|28\n|\n|t:|1771195344\n|-activate|p2a: Minun|confusion\n|-damage|p2a: Minun|0 fnt|[from] confusion\n|faint|p2a: Minun\n|move|p1a: Alcremie|Alluring Voice|p2: Minun|[notarget]\n|-fail|p1a: Alcremie\n|\n|-heal|p1a: Alcremie|33/263|[from] item: Leftovers\n|upkeep\n|\n|t:|1771195346\n|switch|p2a: Dragapult|Dragapult, L77, M|198/262\n|-damage|p2a: Dragapult|166/262|[from] Stealth Rock\n|turn|29\n|\n|t:|1771195347\n|move|p2a: Dragapult|Shadow Ball|p1a: Alcremie\n|-damage|p1a: Alcremie|0 fnt\n|faint|p1a: Alcremie\n|\n|upkeep\n|\n|t:|1771195350\n|switch|p1a: Dipplin|Dipplin, L88, M|273/284\n|turn|30\n|\n|t:|1771195353\n|move|p2a: Dragapult|Shadow Ball|p1a: Dipplin\n|-damage|p1a: Dipplin|192/284\n|move|p1a: Dipplin|Dragon Pulse|p2a: Dragapult\n|-supereffective|p2a: Dragapult\n|-damage|p2a: Dragapult|0 fnt\n|faint|p2a: Dragapult\n|\n|win|los chipirones\n|raw|los chipirones's rating: 2260 &rarr; <strong>2284</strong><br />(+24 for winning)\n|raw|portobellomushroom's rating: 2327 &rarr; <strong>2303</strong><br />(-24 for losing)\n", "inputlog": ">version 686819e5e19f8a7fd2345cfc5a08a5085efa2cc3\n>start {\"formatid\":\"gen9randombattle\",\"seed\":\"sodium,ddbabd344ace355aef7c1378b1fa25e8\",\"rated\":\"Rated battle\"}\n>player p1 {\"name\":\"los chipirones\",\"avatar\":\"266\",\"rating\":2277,\"seed\":\"sodium,2105cbb41d28f671c23d6683d28a9857\"}\n>player p2 {\"name\":\"portobellomushroom\",\"avatar\":\"turo-ai\",\"rating\":2327,\"seed\":\"sodium,390f5420f5af117e58a9e12c44bef5b3\"}\n>p1 move leafstorm\n>p2 move uturn\n>p2 switch 4\n>p1 switch 2\n>p2 move closecombat\n>p1 move stealthrock\n>p2 switch 4\n>p1 switch 4\n>p2 move shadowball\n>p1 move alluringvoice\n>p2 switch 5\n>p1 switch 6\n>p2 move bodypress\n>p1 move moongeistbeam\n>p2 switch 6\n>p1 switch 4\n>p2 move thunderwave\n>p1 move thunderwave\n>p2 move bugbuzz\n>p1 switch 6\n>p2 move bugbuzz\n>p1 move calmmind terastallize\n>p2 move thunderwave\n>p1 move alluringvoice\n>p2 switch 6\n>p1 move alluringvoice\n>p2 move rest\n>p2 switch 4\n>p1 switch 5\n>p2 move knockoff\n>p1 switch 3\n>p2 move knockoff\n>p1 move dragonpulse\n>p2 switch 6\n>p1 switch 5\n>p2 switch 6\n>p1 switch 3\n>p2 move closecombat\n>p1 switch 6\n>p1 move thunderbolt\n>p2 switch 6\n>p2 switch 5\n>p1 move thunderwave\n>p2 move dracometeor\n>p1 switch 3\n>p1 move alluringvoice\n>p2 switch 2\n>p2 switch 6\n>p1 switch 5\n>p2 move knockoff\n>p1 move recover\n>p2 switch 2\n>p1 switch 5\n>p2 move dracometeor\n>p1 move alluringvoice\n>p2 switch 2\n>p2 switch 3\n>p1 move alluringvoice\n>p2 move nastyplot\n>p1 move alluringvoice\n>p2 move alluringvoice terastallize\n>p1 move alluringvoice\n>p2 move alluringvoice\n>p2 switch 2\n>p1 move alluringvoice\n>p2 move shadowball\n>p1 switch 5\n>p1 move dragonpulse\n>p2 move shadowball", "uploadtime": 1771195354, "views": 11, "formatid": "gen9randombattle", "rating": 2284, "private": 0, "password": null}