{"id": "gen9randombattle-2540408940", "format": "[Gen 9] Random Battle", "players": ["aensland1678", "harlanhatcher"], "log": "|j|☆aensland1678\n|j|☆harlanhatcher\n|t:|1771198454\n|gametype|singles\n|player|p1|aensland1678|shauntal|1684\n|player|p2|harlanhatcher|miku-ground|1728\n|gen|9\n|tier|[Gen 9] Random Battle\n|rated|\n|rule|Species Clause: Limit one of each Pokémon\n|rule|HP Percentage Mod: HP is shown in percentages\n|rule|Sleep Clause Mod: Limit one foe put to sleep\n|rule|Illusion Level Mod: Illusion disguises the Pokémon's true level\n|\n|t:|1771198454\n|teamsize|p1|6\n|teamsize|p2|6\n|start\n|switch|p1a: Alcremie|Alcremie-Mint-Cream, L90, F|263/263\n|switch|p2a: Skuntank|Skuntank, L84, M|310/310\n|turn|1\n|\n|t:|1771198471\n|switch|p1a: Empoleon|Empoleon, L84, M|278/278\n|move|p2a: Skuntank|Gunk Shot|p1a: Empoleon\n|-immune|p1a: Empoleon\n|\n|upkeep\n|turn|2\n|\n|t:|1771198485\n|move|p2a: Skuntank|Knock Off|p1a: Empoleon\n|-damage|p1a: Empoleon|144/278\n|-enditem|p1a: Empoleon|Leftovers|[from] move: Knock Off|[of] p2a: Skuntank\n|-damage|p2a: Skuntank|279/310|[from] item: Life Orb\n|move|p1a: Empoleon|Flip Turn|p2a: Skuntank\n|-damage|p2a: Skuntank|207/310\n|\n|t:|1771198510\n|switch|p1a: Arcanine|Arcanine-Hisui, L79, F|280/280|[from] Flip Turn\n|\n|upkeep\n|turn|3\n|\n|t:|1771198521\n|move|p2a: Skuntank|Knock Off|p1a: Arcanine\n|-damage|p1a: Arcanine|134/280\n|-enditem|p1a: Arcanine|Heavy-Duty Boots|[from] move: Knock Off|[of] p2a: Skuntank\n|-damage|p2a: Skuntank|176/310|[from] item: Life Orb\n|move|p1a: Arcanine|Head Smash|p2a: Skuntank\n|-damage|p2a: Skuntank|0 fnt\n|-damage|p1a: Arcanine|64/280|[from] ability: Aftermath|[of] p2a: Skuntank\n|faint|p2a: Skuntank\n|\n|upkeep\n|\n|t:|1771198530\n|switch|p2a: Uxie|Uxie, L83|260/260\n|turn|4\n|\n|t:|1771198539\n|switch|p1a: Empoleon|Empoleon, L84, M|144/278\n|move|p2a: Uxie|Psychic Noise|p1a: Empoleon\n|-resisted|p1a: Empoleon\n|-damage|p1a: Empoleon|116/278\n|-start|p1a: Empoleon|move: Heal Block\n|\n|upkeep\n|turn|5\n|\n|t:|1771198547\n|move|p2a: Uxie|Thunder Wave|p1a: Empoleon\n|-status|p1a: Empoleon|par\n|cant|p1a: Empoleon|par\n|\n|-end|p1a: Empoleon|move: Heal Block\n|upkeep\n|turn|6\n|\n|t:|1771198554\n|move|p2a: Uxie|U-turn|p1a: Empoleon\n|-resisted|p1a: Empoleon\n|-damage|p1a: Empoleon|94/278 par\n|\n|t:|1771198559\n|switch|p2a: Whimsicott|Whimsicott, L84, F|238/238|[from] U-turn\n|cant|p1a: Empoleon|par\n|\n|upkeep\n|turn|7\n|\n|t:|1771198564\n|move|p2a: Whimsicott|Substitute|p2a: Whimsicott\n|-start|p2a: Whimsicott|Substitute\n|-damage|p2a: Whimsicott|179/238\n|move|p1a: Empoleon|Flip Turn|p2a: Whimsicott\n|-resisted|p2a: Whimsicott\n|-crit|p2a: Whimsicott\n|-activate|p2a: Whimsicott|move: Substitute|[damage]\n|\n|t:|1771198586\n|switch|p1a: Chi-Yu|Chi-Yu, L77|211/211|[from] Flip Turn\n|-ability|p1a: Chi-Yu|Beads of Ruin\n|\n|-heal|p2a: Whimsicott|193/238|[from] item: Leftovers\n|upkeep\n|turn|8\n|\n|t:|1771198604\n|move|p2a: Whimsicott|Leech Seed|p1a: Chi-Yu\n|-hint|Since gen 7, Dark is immune to Prankster moves.\n|-immune|p1a: Chi-Yu\n|move|p1a: Chi-Yu|Flamethrower|p2a: Whimsicott\n|-supereffective|p2a: Whimsicott\n|-end|p2a: Whimsicott|Substitute\n|\n|-heal|p2a: Whimsicott|207/238|[from] item: Leftovers\n|upkeep\n|turn|9\n|\n|t:|1771198618\n|switch|p2a: Chansey|Chansey, L85, F|564/564\n|move|p1a: Chi-Yu|Flamethrower|p2a: Chansey\n|-damage|p2a: Chansey|482/564\n|\n|upkeep\n|turn|10\n|\n|t:|1771198627\n|switch|p1a: Arcanine|Arcanine-Hisui, L79, F|64/280\n|move|p2a: Chansey|Stealth Rock|p1a: Arcanine\n|-sidestart|p1: aensland1678|move: Stealth Rock\n|\n|upkeep\n|turn|11\n|\n|t:|1771198636\n|switch|p2a: Uxie|Uxie, L83|260/260\n|move|p1a: Arcanine|Morning Sun|p1a: Arcanine\n|-heal|p1a: Arcanine|204/280\n|\n|upkeep\n|turn|12\n|\n|t:|1771198642\n|move|p2a: Uxie|Thunder Wave|p1a: Arcanine\n|-status|p1a: Arcanine|par\n|cant|p1a: Arcanine|par\n|\n|upkeep\n|turn|13\n|\n|t:|1771198648\n|move|p2a: Uxie|Psychic Noise|p1a: Arcanine\n|-damage|p1a: Arcanine|131/280 par\n|-start|p1a: Arcanine|move: Heal Block\n|move|p1a: Arcanine|Head Smash|p2a: Uxie\n|-damage|p2a: Uxie|134/260\n|\n|-heal|p2a: Uxie|150/260|[from] item: Leftovers\n|upkeep\n|turn|14\n|\n|t:|1771198659\n|move|p2a: Uxie|Psychic Noise|p1a: Arcanine\n|-damage|p1a: Arcanine|62/280 par\n|cant|p1a: Arcanine|par\n|\n|-heal|p2a: Uxie|166/260|[from] item: Leftovers\n|-end|p1a: Arcanine|move: Heal Block\n|upkeep\n|turn|15\n|\n|t:|1771198667\n|switch|p1a: Chi-Yu|Chi-Yu, L77|211/211\n|-damage|p1a: Chi-Yu|159/211|[from] Stealth Rock\n|-ability|p1a: Chi-Yu|Beads of Ruin\n|move|p2a: Uxie|Psychic Noise|p1a: Chi-Yu\n|-immune|p1a: Chi-Yu\n|\n|-heal|p2a: Uxie|182/260|[from] item: Leftovers\n|upkeep\n|turn|16\n|\n|t:|1771198681\n|move|p1a: Chi-Yu|Overheat|p2a: Uxie\n|-damage|p2a: Uxie|32/260\n|-unboost|p1a: Chi-Yu|spa|2\n|move|p2a: Uxie|Knock Off|p1a: Chi-Yu\n|-resisted|p1a: Chi-Yu\n|-damage|p1a: Chi-Yu|124/211\n|-enditem|p1a: Chi-Yu|Choice Scarf|[from] move: Knock Off|[of] p2a: Uxie\n|\n|-heal|p2a: Uxie|48/260|[from] item: Leftovers\n|upkeep\n|turn|17\n|\n|t:|1771198692\n|move|p2a: Uxie|U-turn|p1a: Chi-Yu\n|-damage|p1a: Chi-Yu|78/211\n|\n|t:|1771198695\n|switch|p2a: Chansey|Chansey, L85, F|482/564|[from] U-turn\n|move|p1a: Chi-Yu|Dark Pulse|p2a: Chansey\n|-damage|p2a: Chansey|446/564\n|\n|upkeep\n|turn|18\n|\n|t:|1771198714\n|switch|p1a: Trevenant|Trevenant, L89, M|296/296\n|-damage|p1a: Trevenant|259/296|[from] Stealth Rock\n|move|p2a: Chansey|Seismic Toss|p1a: Trevenant\n|-immune|p1a: Trevenant\n|\n|upkeep\n|turn|19\n|\n|t:|1771198725\n|move|p1a: Trevenant|Drain Punch|p2a: Chansey\n|-supereffective|p2a: Chansey\n|-damage|p2a: Chansey|69/564\n|-heal|p1a: Trevenant|296/296|[from] drain|[of] p2a: Chansey\n|-damage|p1a: Trevenant|267/296|[from] item: Life Orb\n|move|p2a: Chansey|Thunder Wave|p1a: Trevenant\n|-status|p1a: Trevenant|par\n|\n|upkeep\n|turn|20\n|\n|t:|1771198738\n|switch|p2a: Uxie|Uxie, L83|48/260\n|cant|p1a: Trevenant|par\n|\n|-heal|p2a: Uxie|64/260|[from] item: Leftovers\n|upkeep\n|turn|21\n|\n|t:|1771198745\n|move|p2a: Uxie|Knock Off|p1a: Trevenant\n|-supereffective|p1a: Trevenant\n|-damage|p1a: Trevenant|147/296 par\n|-enditem|p1a: Trevenant|Life Orb|[from] move: Knock Off|[of] p2a: Uxie\n|move|p1a: Trevenant|Horn Leech|p2a: Uxie\n|-crit|p2a: Uxie\n|-damage|p2a: Uxie|0 fnt\n|-heal|p1a: Trevenant|179/296 par|[from] drain|[of] p2a: Uxie\n|faint|p2a: Uxie\n|\n|upkeep\n|\n|t:|1771198749\n|switch|p2a: Whimsicott|Whimsicott, L84, F|207/238\n|turn|22\n|\n|t:|1771198770\n|-curestatus|p1a: Trevenant|par|[from] ability: Natural Cure\n|switch|p1a: Flutter Mane|Flutter Mane, L74|203/203\n|-damage|p1a: Flutter Mane|178/203|[from] Stealth Rock\n|move|p2a: Whimsicott|Encore||[still]\n|-fail|p2a: Whimsicott\n|\n|-heal|p2a: Whimsicott|221/238|[from] item: Leftovers\n|upkeep\n|turn|23\n|\n|t:|1771198780\n|move|p2a: Whimsicott|Leech Seed|p1a: Flutter Mane\n|-start|p1a: Flutter Mane|move: Leech Seed\n|move|p1a: Flutter Mane|Mystical Fire|p2a: Whimsicott\n|-supereffective|p2a: Whimsicott\n|-damage|p2a: Whimsicott|37/238\n|-unboost|p2a: Whimsicott|spa|1\n|\n|-heal|p2a: Whimsicott|51/238|[from] item: Leftovers\n|-damage|p1a: Flutter Mane|153/203|[from] Leech Seed|[of] p2a: Whimsicott\n|-heal|p2a: Whimsicott|76/238|[silent]\n|upkeep\n|turn|24\n|\n|t:|1771198788\n|move|p2a: Whimsicott|Substitute|p2a: Whimsicott\n|-start|p2a: Whimsicott|Substitute\n|-damage|p2a: Whimsicott|17/238\n|move|p1a: Flutter Mane|Mystical Fire|p2a: Whimsicott\n|-supereffective|p2a: Whimsicott\n|-end|p2a: Whimsicott|Substitute\n|\n|-heal|p2a: Whimsicott|31/238|[from] item: Leftovers\n|-damage|p1a: Flutter Mane|128/203|[from] Leech Seed|[of] p2a: Whimsicott\n|-heal|p2a: Whimsicott|56/238|[silent]\n|upkeep\n|turn|25\n|\n|t:|1771198807\n|switch|p2a: Alcremie|Alcremie-Ruby-Swirl, L90, F|263/263\n|move|p1a: Flutter Mane|Mystical Fire|p2a: Alcremie\n|-damage|p2a: Alcremie|205/263\n|-unboost|p2a: Alcremie|spa|1\n|\n|-heal|p2a: Alcremie|221/263|[from] item: Leftovers\n|-damage|p1a: Flutter Mane|103/203|[from] Leech Seed|[of] p2a: Alcremie\n|-heal|p2a: Alcremie|246/263|[silent]\n|upkeep\n|turn|26\n|\n|t:|1771198837\n|-end|p1a: Flutter Mane|Protosynthesis|[silent]\n|switch|p1a: Empoleon|Empoleon, L84, M|94/278 par\n|-damage|p1a: Empoleon|77/278 par|[from] Stealth Rock\n|switch|p2a: Chansey|Chansey, L85, F|69/564\n|\n|upkeep\n|turn|27\n|\n|t:|1771198852\n|move|p2a: Chansey|Seismic Toss|p1a: Empoleon\n|-damage|p1a: Empoleon|0 fnt\n|faint|p1a: Empoleon\n|\n|upkeep\n|\n|t:|1771198877\n|switch|p1a: Trevenant|Trevenant, L89, M|179/296\n|-damage|p1a: Trevenant|142/296|[from] Stealth Rock\n|turn|28\n|\n|t:|1771198881\n|switch|p2a: Alcremie|Alcremie-Ruby-Swirl, L90, F|246/263\n|move|p1a: Trevenant|Drain Punch|p2a: Alcremie\n|-resisted|p2a: Alcremie\n|-damage|p2a: Alcremie|212/263\n|-heal|p1a: Trevenant|159/296|[from] drain|[of] p2a: Alcremie\n|\n|-heal|p2a: Alcremie|228/263|[from] item: Leftovers\n|upkeep\n|turn|29\n|\n|t:|1771198906\n|move|p2a: Alcremie|Alluring Voice|p1a: Trevenant\n|-damage|p1a: Trevenant|44/296\n|move|p1a: Trevenant|Poltergeist|p2a: Alcremie\n|-activate|p2a: Alcremie|move: Poltergeist|Leftovers\n|-damage|p2a: Alcremie|68/263\n|\n|-heal|p2a: Alcremie|84/263|[from] item: Leftovers\n|upkeep\n|turn|30\n|\n|t:|1771198918\n|move|p2a: Alcremie|Alluring Voice|p1a: Trevenant\n|-damage|p1a: Trevenant|0 fnt\n|faint|p1a: Trevenant\n|\n|-heal|p2a: Alcremie|100/263|[from] item: Leftovers\n|upkeep\n|\n|t:|1771198930\n|switch|p1a: Chi-Yu|Chi-Yu, L77|78/211\n|-damage|p1a: Chi-Yu|26/211|[from] Stealth Rock\n|-ability|p1a: Chi-Yu|Beads of Ruin\n|turn|31\n|\n|t:|1771198940\n|move|p1a: Chi-Yu|Overheat|p2a: Alcremie\n|-damage|p2a: Alcremie|0 fnt\n|-unboost|p1a: Chi-Yu|spa|2\n|faint|p2a: Alcremie\n|\n|upkeep\n|\n|t:|1771198947\n|switch|p2a: Whimsicott|Whimsicott, L84, F|56/238\n|turn|32\n|\n|t:|1771198953\n|switch|p1a: Arcanine|Arcanine-Hisui, L79, F|62/280 par\n|-damage|p1a: Arcanine|0 fnt|[from] Stealth Rock\n|faint|p1a: Arcanine\n|move|p2a: Whimsicott|Moonblast|p1: Arcanine|[notarget]\n|-fail|p2a: Whimsicott\n|\n|-heal|p2a: Whimsicott|70/238|[from] item: Leftovers\n|upkeep\n|\n|t:|1771198961\n|switch|p1a: Flutter Mane|Flutter Mane, L74|103/203\n|-damage|p1a: Flutter Mane|78/203|[from] Stealth Rock\n|turn|33\n|\n|t:|1771198968\n|move|p2a: Whimsicott|Leech Seed|p1a: Flutter Mane\n|-start|p1a: Flutter Mane|move: Leech Seed\n|move|p1a: Flutter Mane|Mystical Fire|p2a: Whimsicott\n|-supereffective|p2a: Whimsicott\n|-damage|p2a: Whimsicott|0 fnt\n|faint|p2a: Whimsicott\n|\n|upkeep\n|\n|t:|1771198976\n|switch|p2a: Rabsca|Rabsca, L91, F|284/284\n|turn|34\n|\n|t:|1771198980\n|move|p1a: Flutter Mane|Mystical Fire|p2a: Rabsca\n|-supereffective|p2a: Rabsca\n|-damage|p2a: Rabsca|154/284\n|-unboost|p2a: Rabsca|spa|1\n|move|p2a: Rabsca|Revival Blessing|p2a: Rabsca\n|\n|t:|1771198992\n|-heal|p2: Whimsicott|119/238|[from] move: Revival Blessing\n|\n|-damage|p1a: Flutter Mane|53/203|[from] Leech Seed|[of] p2a: Rabsca\n|-heal|p2a: Rabsca|179/284|[silent]\n|upkeep\n|turn|35\n|\n|t:|1771199000\n|-end|p1a: Flutter Mane|Protosynthesis|[silent]\n|switch|p1a: Chi-Yu|Chi-Yu, L77|26/211\n|-damage|p1a: Chi-Yu|0 fnt|[from] Stealth Rock\n|faint|p1a: Chi-Yu\n|move|p2a: Rabsca|Recover|p2a: Rabsca\n|-heal|p2a: Rabsca|284/284\n|\n|upkeep\n|\n|t:|1771199007\n|switch|p1a: Alcremie|Alcremie-Mint-Cream, L90, F|263/263\n|-damage|p1a: Alcremie|231/263|[from] Stealth Rock\n|turn|36\n|\n|t:|1771199012\n|switch|p2a: Whimsicott|Whimsicott, L84, F|119/238\n|move|p1a: Alcremie|Calm Mind|p1a: Alcremie\n|-boost|p1a: Alcremie|spa|1\n|-boost|p1a: Alcremie|spd|1\n|\n|-heal|p2a: Whimsicott|133/238|[from] item: Leftovers\n|-heal|p1a: Alcremie|247/263|[from] item: Leftovers\n|upkeep\n|turn|37\n|\n|t:|1771199020\n|switch|p1a: Flutter Mane|Flutter Mane, L74|53/203\n|-damage|p1a: Flutter Mane|28/203|[from] Stealth Rock\n|move|p2a: Whimsicott|Leech Seed|p1a: Flutter Mane\n|-start|p1a: Flutter Mane|move: Leech Seed\n|\n|-heal|p2a: Whimsicott|147/238|[from] item: Leftovers\n|-damage|p1a: Flutter Mane|3/203|[from] Leech Seed|[of] p2a: Whimsicott\n|-heal|p2a: Whimsicott|172/238|[silent]\n|upkeep\n|turn|38\n|c|☆harlanhatcher|gg?\n|\n|t:|1771199029\n|move|p2a: Whimsicott|Substitute|p2a: Whimsicott\n|-start|p2a: Whimsicott|Substitute\n|-damage|p2a: Whimsicott|113/238\n|move|p1a: Flutter Mane|Shadow Ball|p2a: Whimsicott\n|-end|p2a: Whimsicott|Substitute\n|\n|-heal|p2a: Whimsicott|127/238|[from] item: Leftovers\n|-damage|p1a: Flutter Mane|0 fnt|[from] Leech Seed|[of] p2a: Whimsicott\n|-heal|p2a: Whimsicott|130/238|[silent]\n|faint|p1a: Flutter Mane\n|-end|p1a: Flutter Mane|Protosynthesis|[silent]\n|upkeep\n|\n|t:|1771199039\n|switch|p1a: Alcremie|Alcremie-Mint-Cream, L90, F|247/263\n|-damage|p1a: Alcremie|215/263|[from] Stealth Rock\n|turn|39\n|\n|t:|1771199045\n|move|p2a: Whimsicott|Leech Seed|p1a: Alcremie\n|-start|p1a: Alcremie|move: Leech Seed\n|move|p1a: Alcremie|Alluring Voice|p2a: Whimsicott\n|-damage|p2a: Whimsicott|16/238\n|\n|-heal|p2a: Whimsicott|30/238|[from] item: Leftovers\n|-heal|p1a: Alcremie|231/263|[from] item: Leftovers\n|-damage|p1a: Alcremie|199/263|[from] Leech Seed|[of] p2a: Whimsicott\n|-heal|p2a: Whimsicott|62/238|[silent]\n|upkeep\n|turn|40\n|\n|t:|1771199058\n|move|p2a: Whimsicott|Encore|p1a: Alcremie\n|-block|p1a: Alcremie|ability: Aroma Veil|[of] p1a: Alcremie\n|move|p1a: Alcremie|Alluring Voice|p2a: Whimsicott\n|-damage|p2a: Whimsicott|0 fnt\n|faint|p2a: Whimsicott\n|\n|-heal|p1a: Alcremie|215/263|[from] item: Leftovers\n|upkeep\n|\n|t:|1771199060\n|switch|p2a: Rabsca|Rabsca, L91, F|284/284\n|turn|41\n|\n|t:|1771199072\n|move|p1a: Alcremie|Alluring Voice|p2a: Rabsca\n|-damage|p2a: Rabsca|191/284\n|move|p2a: Rabsca|Psychic|p1a: Alcremie\n|-damage|p1a: Alcremie|118/263\n|\n|-heal|p1a: Alcremie|134/263|[from] item: Leftovers\n|-damage|p1a: Alcremie|102/263|[from] Leech Seed|[of] p2a: Rabsca\n|-heal|p2a: Rabsca|223/284|[silent]\n|upkeep\n|turn|42\n|\n|t:|1771199083\n|-terastallize|p2a: Rabsca|Steel\n|move|p1a: Alcremie|Recover|p1a: Alcremie\n|-heal|p1a: Alcremie|234/263\n|move|p2a: Rabsca|Psychic|p1a: Alcremie\n|-damage|p1a: Alcremie|137/263\n|-unboost|p1a: Alcremie|spd|1\n|\n|-heal|p1a: Alcremie|153/263|[from] item: Leftovers\n|-damage|p1a: Alcremie|121/263|[from] Leech Seed|[of] p2a: Rabsca\n|-heal|p2a: Rabsca|255/284|[silent]\n|upkeep\n|turn|43\n|\n|t:|1771199093\n|move|p1a: Alcremie|Calm Mind|p1a: Alcremie\n|-boost|p1a: Alcremie|spa|1\n|-boost|p1a: Alcremie|spd|1\n|move|p2a: Rabsca|Psychic|p1a: Alcremie\n|-damage|p1a: Alcremie|30/263\n|\n|-heal|p1a: Alcremie|46/263|[from] item: Leftovers\n|-damage|p1a: Alcremie|14/263|[from] Leech Seed|[of] p2a: Rabsca\n|-heal|p2a: Rabsca|284/284|[silent]\n|upkeep\n|turn|44\n|\n|t:|1771199106\n|move|p1a: Alcremie|Recover|p1a: Alcremie\n|-heal|p1a: Alcremie|146/263\n|move|p2a: Rabsca|Psychic|p1a: Alcremie\n|-damage|p1a: Alcremie|46/263\n|\n|-heal|p1a: Alcremie|62/263|[from] item: Leftovers\n|-damage|p1a: Alcremie|30/263|[from] Leech Seed|[of] p2a: Rabsca\n|upkeep\n|turn|45\n|\n|t:|1771199120\n|-terastallize|p1a: Alcremie|Ground\n|move|p1a: Alcremie|Tera Blast|p2a: Rabsca|[anim] Tera Blast Ground\n|-supereffective|p2a: Rabsca\n|-damage|p2a: Rabsca|14/284\n|move|p2a: Rabsca|Psychic|p1a: Alcremie\n|-damage|p1a: Alcremie|0 fnt\n|faint|p1a: Alcremie\n|\n|win|harlanhatcher\n|raw|aensland1678's rating: 1684 &rarr; <strong>1667</strong><br />(-17 for losing)\n|raw|harlanhatcher's rating: 1728 &rarr; <strong>1745</strong><br />(+17 for winning)\n|c|☆harlanhatcher|gg\n|l|☆aensland1678\n|player|p1|\n", "inputlog": ">version 686819e5e19f8a7fd2345cfc5a08a5085efa2cc3\n>start {\"formatid\":\"gen9randombattle\",\"seed\":\"sodium,2c8baaeff92a2b2f479742646081e777\",\"rated\":\"Rated battle\"}\n>player p1 {\"name\":\"aensland1678\",\"avatar\":\"shauntal\",\"rating\":1684,\"seed\":\"sodium,a6c3862bac967e2d9730fa190162ad03\"}\n>player p2 {\"name\":\"harlanhatcher\",\"avatar\":\"miku-ground\",\"rating\":1728,\"seed\":\"sodium,e1e011e7ecb64a958afdc03b2b016be7\"}\n>p1 switch 5\n>p2 move gunkshot\n>p1 move flipturn\n>p2 move knockoff\n>p1 switch 2\n>p1 move headsmash\n>p2 move knockoff\n>p2 switch 5\n>p1 switch 2\n>p2 move psychicnoise\n>p1 move roar\n>p2 move thunderwave\n>p1 move flipturn\n>p2 move uturn\n>p2 switch 4\n>p1 move flipturn\n>p2 move substitute\n>p1 switch 3\n>p1 move flamethrower\n>p2 move leechseed\n>p1 move flamethrower\n>p2 switch 3\n>p1 switch 2\n>p2 move stealthrock\n>p1 move morningsun\n>p2 switch 4\n>p1 move flareblitz\n>p2 move thunderwave\n>p1 move headsmash\n>p2 move psychicnoise\n>p1 move flareblitz\n>p2 move psychicnoise\n>p1 switch 2\n>p2 move psychicnoise\n>p1 move overheat\n>p2 move knockoff\n>p1 move darkpulse\n>p2 move uturn\n>p2 switch 4\n>p1 switch 6\n>p2 move seismictoss\n>p1 move drainpunch\n>p2 move thunderwave\n>p1 move drainpunch\n>p2 switch 4\n>p1 move hornleech\n>p2 move knockoff\n>p2 switch 3\n>p1 switch 4\n>p2 move encore\n>p1 move mysticalfire\n>p2 move leechseed\n>p1 move mysticalfire\n>p2 move substitute\n>p1 move mysticalfire\n>p2 switch 2\n>p1 switch 3\n>p2 switch 4\n>p1 move flipturn\n>p2 move seismictoss\n>p1 switch 4\n>p1 move drainpunch\n>p2 switch 4\n>p1 move poltergeist\n>p2 move alluringvoice\n>p1 move hornleech\n>p2 move alluringvoice\n>p1 switch 6\n>p1 move overheat\n>p2 move recover\n>p2 switch 2\n>p1 switch 2\n>p2 move moonblast\n>p1 switch 3\n>p1 move mysticalfire\n>p2 move leechseed\n>p2 switch 6\n>p1 move mysticalfire\n>p2 move revivalblessing\n>p2 switch 6\n>p1 switch 2\n>p2 move recover\n>p1 switch 5\n>p1 move calmmind\n>p2 switch 6\n>p1 switch 2\n>p2 move leechseed\n>chat ☆harlanhatcher|gg?\n>p1 move shadowball\n>p2 move substitute\n>p1 switch 2\n>p1 move alluringvoice\n>p2 move leechseed\n>p1 move alluringvoice\n>p2 move encore\n>p2 switch 6\n>p1 move alluringvoice\n>p2 move psychic\n>p1 move recover\n>p2 move psychic terastallize\n>p1 move calmmind\n>p2 move psychic\n>p1 move recover\n>p2 move psychic\n>p1 move terablast terastallize\n>p2 move psychic", "uploadtime": 1771199135, "views": 9, "formatid": "gen9randombattle", "rating": 1667, "private": 0, "password": null}