{"id": "gen9randombattle-2540816866", "format": "[Gen 9] Random Battle", "players": ["kanyesego98", "cynthiamil_"], "log": "|j|☆kanyesego98\n|j|☆cynthiamil_\n|t:|1771257079\n|gametype|singles\n|player|p1|kanyesego98|nate|1793\n|player|p2|cynthiamil_|cynthia|1778\n|gen|9\n|tier|[Gen 9] Random Battle\n|rated|\n|rule|Species Clause: Limit one of each Pokémon\n|rule|HP Percentage Mod: HP is shown in percentages\n|rule|Sleep Clause Mod: Limit one foe put to sleep\n|rule|Illusion Level Mod: Illusion disguises the Pokémon's true level\n|\n|t:|1771257079\n|teamsize|p1|6\n|teamsize|p2|6\n|start\n|switch|p1a: Wugtrio|Wugtrio, L91, M|212/212\n|switch|p2a: Sandaconda|Sandaconda, L84, M|258/258\n|turn|1\n|inactive|Battle timer is ON: inactive players will automatically lose when time's up. (requested by kanyesego98)\n|\n|t:|1771257107\n|switch|p2a: Deoxys|Deoxys-Defense, L84|221/221\n|-ability|p2a: Deoxys|Pressure\n|move|p1a: Wugtrio|Liquidation|p2a: Deoxys\n|-damage|p2a: Deoxys|112/221\n|-unboost|p2a: Deoxys|def|1\n|\n|-heal|p2a: Deoxys|125/221|[from] item: Leftovers\n|upkeep\n|turn|2\n|l|☆kanyesego98\n|inactive|kanyesego98 disconnected and has a minute to reconnect!\n|player|p1|\n|inactive|kanyesego98 has 30 seconds to reconnect!\n|j|☆kanyesego98\n|inactive|kanyesego98 reconnected and has 110 seconds left.\n|player|p1|kanyesego98|nate|\n|\n|t:|1771257157\n|switch|p2a: Dragapult|Dragapult, L77, F|262/262\n|move|p1a: Wugtrio|Liquidation|p2a: Dragapult\n|-resisted|p2a: Dragapult\n|-damage|p2a: Dragapult|171/262\n|\n|upkeep\n|turn|3\n|\n|t:|1771257175\n|switch|p1a: Iron Crown|Iron Crown, L78|268/268\n|move|p2a: Dragapult|Dragon Darts|p1a: Iron Crown\n|-resisted|p1a: Iron Crown\n|-damage|p1a: Iron Crown|237/268\n|-anim|p2a: Dragapult|Dragon Darts|p1a: Iron Crown\n|-resisted|p1a: Iron Crown\n|-damage|p1a: Iron Crown|203/268\n|-damage|p2a: Dragapult|145/262|[from] item: Life Orb\n|\n|-heal|p1a: Iron Crown|219/268|[from] item: Leftovers\n|upkeep\n|turn|4\n|\n|t:|1771257199\n|switch|p2a: Snorlax|Snorlax, L82, M|397/397\n|move|p1a: Iron Crown|Tachyon Cutter|p2a: Snorlax\n|-damage|p2a: Snorlax|346/397\n|-crit|p2a: Snorlax\n|-damage|p2a: Snorlax|274/397\n|-hitcount|p2a: Snorlax|2\n|\n|-heal|p1a: Iron Crown|235/268|[from] item: Leftovers\n|-heal|p2a: Snorlax|298/397|[from] item: Leftovers\n|upkeep\n|turn|5\n|\n|t:|1771257219\n|-end|p1a: Iron Crown|Quark Drive|[silent]\n|switch|p1a: Virizion|Virizion, L82|283/283\n|switch|p2a: Deoxys|Deoxys-Defense, L84|125/221\n|-ability|p2a: Deoxys|Pressure\n|\n|-heal|p2a: Deoxys|138/221|[from] item: Leftovers\n|upkeep\n|turn|6\n|\n|t:|1771257231\n|switch|p1a: Wugtrio|Wugtrio, L91, M|212/212\n|move|p2a: Deoxys|Recover|p2a: Deoxys\n|-heal|p2a: Deoxys|221/221\n|\n|upkeep\n|turn|7\n|\n|t:|1771257238\n|move|p1a: Wugtrio|Throat Chop|p2a: Deoxys\n|-supereffective|p2a: Deoxys\n|-damage|p2a: Deoxys|99/221\n|-start|p2a: Deoxys|Throat Chop|[silent]\n|move|p2a: Deoxys|Cosmic Power|p2a: Deoxys\n|-boost|p2a: Deoxys|def|1\n|-boost|p2a: Deoxys|spd|1\n|\n|-heal|p2a: Deoxys|112/221|[from] item: Leftovers\n|upkeep\n|turn|8\n|\n|t:|1771257250\n|move|p1a: Wugtrio|Throat Chop|p2a: Deoxys\n|-supereffective|p2a: Deoxys\n|-damage|p2a: Deoxys|24/221\n|move|p2a: Deoxys|Recover|p2a: Deoxys\n|-heal|p2a: Deoxys|135/221\n|\n|-heal|p2a: Deoxys|148/221|[from] item: Leftovers\n|-end|p2a: Deoxys|Throat Chop|[silent]\n|upkeep\n|turn|9\n|\n|t:|1771257265\n|move|p1a: Wugtrio|Throat Chop|p2a: Deoxys\n|-supereffective|p2a: Deoxys\n|-damage|p2a: Deoxys|66/221\n|-start|p2a: Deoxys|Throat Chop|[silent]\n|move|p2a: Deoxys|Recover|p2a: Deoxys\n|-heal|p2a: Deoxys|177/221\n|\n|-heal|p2a: Deoxys|190/221|[from] item: Leftovers\n|upkeep\n|turn|10\n|\n|t:|1771257271\n|move|p1a: Wugtrio|Throat Chop|p2a: Deoxys\n|-supereffective|p2a: Deoxys\n|-damage|p2a: Deoxys|108/221\n|move|p2a: Deoxys|Cosmic Power|p2a: Deoxys\n|-boost|p2a: Deoxys|def|1\n|-boost|p2a: Deoxys|spd|1\n|\n|-heal|p2a: Deoxys|121/221|[from] item: Leftovers\n|-end|p2a: Deoxys|Throat Chop|[silent]\n|upkeep\n|turn|11\n|\n|t:|1771257286\n|move|p1a: Wugtrio|Throat Chop|p2a: Deoxys\n|-supereffective|p2a: Deoxys\n|-damage|p2a: Deoxys|61/221\n|-start|p2a: Deoxys|Throat Chop|[silent]\n|move|p2a: Deoxys|Cosmic Power|p2a: Deoxys\n|-boost|p2a: Deoxys|def|1\n|-boost|p2a: Deoxys|spd|1\n|\n|-heal|p2a: Deoxys|74/221|[from] item: Leftovers\n|upkeep\n|turn|12\n|\n|t:|1771257292\n|move|p1a: Wugtrio|Throat Chop|p2a: Deoxys\n|-supereffective|p2a: Deoxys\n|-damage|p2a: Deoxys|26/221\n|move|p2a: Deoxys|Recover|p2a: Deoxys\n|-heal|p2a: Deoxys|137/221\n|\n|-heal|p2a: Deoxys|150/221|[from] item: Leftovers\n|-end|p2a: Deoxys|Throat Chop|[silent]\n|upkeep\n|turn|13\n|\n|t:|1771257302\n|move|p1a: Wugtrio|Throat Chop|p2a: Deoxys\n|-supereffective|p2a: Deoxys\n|-damage|p2a: Deoxys|100/221\n|-start|p2a: Deoxys|Throat Chop|[silent]\n|move|p2a: Deoxys|Stored Power|p1a: Wugtrio\n|-damage|p1a: Wugtrio|88/212\n|\n|-heal|p2a: Deoxys|113/221|[from] item: Leftovers\n|upkeep\n|turn|14\n|\n|t:|1771257309\n|move|p1a: Wugtrio|Throat Chop|p2a: Deoxys\n|-supereffective|p2a: Deoxys\n|-damage|p2a: Deoxys|67/221\n|move|p2a: Deoxys|Recover|p2a: Deoxys\n|-heal|p2a: Deoxys|178/221\n|\n|-heal|p2a: Deoxys|191/221|[from] item: Leftovers\n|-end|p2a: Deoxys|Throat Chop|[silent]\n|upkeep\n|turn|15\n|\n|t:|1771257319\n|move|p1a: Wugtrio|Throat Chop|p2a: Deoxys\n|-supereffective|p2a: Deoxys\n|-damage|p2a: Deoxys|145/221\n|-start|p2a: Deoxys|Throat Chop|[silent]\n|move|p2a: Deoxys|Stored Power|p1a: Wugtrio\n|-damage|p1a: Wugtrio|0 fnt\n|faint|p1a: Wugtrio\n|\n|-heal|p2a: Deoxys|158/221|[from] item: Leftovers\n|upkeep\n|\n|t:|1771257326\n|switch|p1a: Duraludon|Duraludon, L82, F|249/249\n|turn|16\n|\n|t:|1771257334\n|move|p2a: Deoxys|Night Shade|p1a: Duraludon\n|-damage|p1a: Duraludon|165/249\n|move|p1a: Duraludon|Dragon Tail|p2a: Deoxys\n|-damage|p2a: Deoxys|142/221\n|drag|p2a: Sandaconda|Sandaconda, L84, M|258/258\n|\n|upkeep\n|turn|17\n|\n|t:|1771257362\n|switch|p1a: Virizion|Virizion, L82|283/283\n|switch|p2a: Slither Wing|Slither Wing, L81|270/270\n|\n|upkeep\n|turn|18\n|\n|t:|1771257385\n|switch|p1a: Iron Crown|Iron Crown, L78|235/268\n|move|p2a: Slither Wing|U-turn|p1a: Iron Crown\n|-crit|p1a: Iron Crown\n|-damage|p1a: Iron Crown|112/268\n|inactive|cynthiamil_ has 120 seconds left.\n|\n|t:|1771257416\n|-end|p2a: Slither Wing|Protosynthesis|[silent]\n|switch|p2a: Dragapult|Dragapult, L77, F|145/262|[from] U-turn\n|\n|-heal|p1a: Iron Crown|128/268|[from] item: Leftovers\n|upkeep\n|turn|19\n|\n|t:|1771257429\n|move|p2a: Dragapult|Fire Blast|p1a: Iron Crown|[miss]\n|-miss|p2a: Dragapult|p1a: Iron Crown\n|move|p1a: Iron Crown|Tachyon Cutter|p2a: Dragapult\n|-damage|p2a: Dragapult|76/262\n|-damage|p2a: Dragapult|12/262\n|-hitcount|p2a: Dragapult|2\n|\n|-heal|p1a: Iron Crown|144/268|[from] item: Leftovers\n|upkeep\n|turn|20\n|\n|t:|1771257441\n|-end|p1a: Iron Crown|Quark Drive|[silent]\n|switch|p1a: Palafin|Palafin, L77, F|281/281\n|move|p2a: Dragapult|Fire Blast|p1a: Palafin\n|-resisted|p1a: Palafin\n|-damage|p1a: Palafin|217/281\n|-damage|p2a: Dragapult|0 fnt|[from] item: Life Orb\n|faint|p2a: Dragapult\n|\n|-heal|p1a: Palafin|234/281|[from] item: Leftovers\n|upkeep\n|inactive|cynthiamil_ has 90 seconds left.\n|\n|t:|1771257472\n|switch|p2a: Slither Wing|Slither Wing, L81|270/270\n|turn|21\n|inactive|cynthiamil_ has 90 seconds left.\n|\n|t:|1771257491\n|detailschange|p1a: Palafin|Palafin-Hero, L77, F\n|switch|p1a: Duraludon|Duraludon, L82, F|165/249\n|move|p2a: Slither Wing|Close Combat|p1a: Duraludon\n|-supereffective|p1a: Duraludon\n|-damage|p1a: Duraludon|0 fnt\n|-unboost|p2a: Slither Wing|def|1\n|-unboost|p2a: Slither Wing|spd|1\n|faint|p1a: Duraludon\n|\n|upkeep\n|inactive|kanyesego98 has 120 seconds left.\n|\n|t:|1771257513\n|switch|p1a: Virizion|Virizion, L82|283/283\n|turn|22\n|\n|t:|1771257527\n|move|p1a: Virizion|Swords Dance|p1a: Virizion\n|-boost|p1a: Virizion|atk|2\n|move|p2a: Slither Wing|Will-O-Wisp|p1a: Virizion\n|-status|p1a: Virizion|brn\n|\n|-damage|p1a: Virizion|266/283 brn|[from] brn\n|upkeep\n|turn|23\n|inactive|cynthiamil_ has 90 seconds left.\n|\n|t:|1771257553\n|move|p1a: Virizion|Stone Edge|p2a: Slither Wing\n|-damage|p2a: Slither Wing|134/270\n|-damage|p1a: Virizion|238/283 brn|[from] item: Life Orb\n|move|p2a: Slither Wing|U-turn|p1a: Virizion\n|-damage|p1a: Virizion|136/283 brn\n|inactive|cynthiamil_ has 60 seconds left.\n|\n|t:|1771257589\n|-end|p2a: Slither Wing|Protosynthesis|[silent]\n|switch|p2a: Sandaconda|Sandaconda, L84, M|258/258|[from] U-turn\n|\n|-damage|p1a: Virizion|119/283 brn|[from] brn\n|upkeep\n|turn|24\n|\n|t:|1771257594\n|-terastallize|p2a: Sandaconda|Dragon\n|move|p1a: Virizion|Leaf Blade|p2a: Sandaconda\n|-resisted|p2a: Sandaconda\n|-damage|p2a: Sandaconda|216/258\n|-damage|p1a: Virizion|91/283 brn|[from] item: Life Orb\n|move|p2a: Sandaconda|Coil|p2a: Sandaconda\n|-boost|p2a: Sandaconda|atk|1\n|-boost|p2a: Sandaconda|def|1\n|-boost|p2a: Sandaconda|accuracy|1\n|\n|-damage|p1a: Virizion|74/283 brn|[from] brn\n|upkeep\n|turn|25\n|inactive|cynthiamil_ has 60 seconds left.\n|\n|t:|1771257608\n|move|p1a: Virizion|Stone Edge|p2a: Sandaconda\n|-damage|p2a: Sandaconda|174/258\n|-damage|p1a: Virizion|46/283 brn|[from] item: Life Orb\n|move|p2a: Sandaconda|Scale Shot|p1a: Virizion\n|-damage|p1a: Virizion|0 fnt\n|faint|p1a: Virizion\n|-hitcount|p1: Virizion|1\n|-unboost|p2a: Sandaconda|def|1\n|-boost|p2a: Sandaconda|spe|1\n|\n|upkeep\n|\n|t:|1771257622\n|switch|p1a: Arceus|Arceus-Dragon, L71|288/288\n|turn|26\n|\n|t:|1771257631\n|-terastallize|p1a: Arceus|Fire\n|move|p2a: Sandaconda|Earthquake|p1a: Arceus\n|-supereffective|p1a: Arceus\n|-damage|p1a: Arceus|0 fnt\n|faint|p1a: Arceus\n|\n|upkeep\n|\n|t:|1771257636\n|switch|p1a: Palafin|Palafin-Hero, L77, F|234/281\n|-activate|p1a: Palafin|ability: Zero to Hero\n|turn|27\n|\n|t:|1771257651\n|move|p2a: Sandaconda|Earthquake|p1a: Palafin\n|-damage|p1a: Palafin|68/281\n|move|p1a: Palafin|Bulk Up|p1a: Palafin\n|-boost|p1a: Palafin|atk|1\n|-boost|p1a: Palafin|def|1\n|\n|-heal|p1a: Palafin|85/281|[from] item: Leftovers\n|upkeep\n|turn|28\n|\n|t:|1771257660\n|move|p2a: Sandaconda|Earthquake|p1a: Palafin\n|-damage|p1a: Palafin|0 fnt\n|faint|p1a: Palafin\n|\n|upkeep\n|\n|t:|1771257662\n|switch|p1a: Iron Crown|Iron Crown, L78|144/268\n|turn|29\n|c|☆cynthiamil_|ez lowkey\n|\n|t:|1771257674\n|move|p2a: Sandaconda|Earthquake|p1a: Iron Crown\n|-supereffective|p1a: Iron Crown\n|-damage|p1a: Iron Crown|0 fnt\n|faint|p1a: Iron Crown\n|-end|p1a: Iron Crown|Quark Drive|[silent]\n|\n|win|cynthiamil_\n|raw|kanyesego98's rating: 1793 &rarr; <strong>1772</strong><br />(-21 for losing)\n|raw|cynthiamil_'s rating: 1778 &rarr; <strong>1799</strong><br />(+21 for winning)\n|l|☆kanyesego98\n|player|p1|\n|c|☆cynthiamil_|gf\n", "inputlog": ">version 686819e5e19f8a7fd2345cfc5a08a5085efa2cc3\n>start {\"formatid\":\"gen9randombattle\",\"seed\":\"sodium,5349a1dd7ff7a081f81adb5b083c2ed3\",\"rated\":\"Rated battle\"}\n>player p1 {\"name\":\"kanyesego98\",\"avatar\":\"nate\",\"rating\":1793,\"seed\":\"sodium,ff6ab58f3340e098f08fb2b03ca42269\"}\n>player p2 {\"name\":\"cynthiamil_\",\"avatar\":\"cynthia\",\"rating\":1778,\"seed\":\"sodium,f241bdf82d29b75ffbc7adfda66e74b4\"}\n>p1 move liquidation\n>p2 switch 4\n>p1 move liquidation\n>p2 switch 5\n>p1 switch 2\n>p2 move dragondarts\n>p1 move tachyoncutter\n>p2 switch 2\n>p1 switch 3\n>p2 switch 5\n>p1 switch 2\n>p2 move recover\n>p1 move throatchop\n>p2 move cosmicpower\n>p1 move throatchop\n>p2 move recover\n>p1 move throatchop\n>p2 move recover\n>p1 move throatchop\n>p2 move cosmicpower\n>p1 move throatchop\n>p2 move cosmicpower\n>p1 move throatchop\n>p2 move recover\n>p1 move throatchop\n>p2 move storedpower\n>p1 move throatchop\n>p2 move recover\n>p1 move throatchop\n>p2 move storedpower\n>p1 switch 5\n>p1 move dragontail\n>p2 move nightshade\n>p1 switch 2\n>p2 switch 6\n>p1 switch 3\n>p2 move uturn\n>p2 switch 2\n>p1 move tachyoncutter\n>p2 move fireblast\n>p1 switch 6\n>p2 move fireblast\n>p2 switch 2\n>p1 switch 2\n>p2 move closecombat\n>p1 switch 3\n>p1 move swordsdance\n>p2 move willowisp\n>p1 move stoneedge\n>p2 move uturn\n>p2 switch 6\n>p1 move leafblade\n>p2 move coil terastallize\n>p1 move stoneedge\n>p2 move scaleshot\n>p1 switch 4\n>p1 move judgment terastallize\n>p2 move earthquake\n>p1 switch 2\n>p1 move bulkup\n>p2 move earthquake\n>p1 move icepunch\n>p2 move earthquake\n>p1 switch 6\n>chat ☆cynthiamil_|ez lowkey\n>p1 move calmmind\n>p2 move earthquake", "uploadtime": 1771257685, "views": 10, "formatid": "gen9randombattle", "rating": 1772, "private": 0, "password": null}