{"id": "gen9randombattle-2540260888", "format": "[Gen 9] Random Battle", "players": ["repains", "Valenteddi"], "log": "|j|☆repains\n|j|☆Valenteddi\n|t:|1771181924\n|gametype|singles\n|player|p1|repains|benga|1833\n|player|p2|Valenteddi|266|1828\n|gen|9\n|tier|[Gen 9] Random Battle\n|rated|\n|rule|Species Clause: Limit one of each Pokémon\n|rule|HP Percentage Mod: HP is shown in percentages\n|rule|Sleep Clause Mod: Limit one foe put to sleep\n|rule|Illusion Level Mod: Illusion disguises the Pokémon's true level\n|\n|t:|1771181924\n|teamsize|p1|6\n|teamsize|p2|6\n|start\n|switch|p1a: Houndoom|Houndoom, L87, M|272/272\n|switch|p2a: Skarmory|Skarmory, L80, M|235/235\n|turn|1\n|inactive|Battle timer is ON: inactive players will automatically lose when time's up. (requested by repains)\n|\n|t:|1771181952\n|switch|p2a: Quagsire|Quagsire, L84, F|297/297\n|move|p1a: Houndoom|Fire Blast|p2a: Quagsire\n|-resisted|p2a: Quagsire\n|-damage|p2a: Quagsire|212/297\n|\n|-heal|p2a: Quagsire|230/297|[from] item: Leftovers\n|upkeep\n|turn|2\n|\n|t:|1771181975\n|switch|p1a: Greedent|Greedent, L86, F|347/347\n|move|p2a: Quagsire|Earthquake|p1a: Greedent\n|-damage|p1a: Greedent|254/347\n|\n|-heal|p2a: Quagsire|248/297|[from] item: Leftovers\n|upkeep\n|turn|3\n|\n|t:|1771181987\n|move|p2a: Quagsire|Toxic|p1a: Greedent\n|-status|p1a: Greedent|tox\n|move|p1a: Greedent|Swords Dance|p1a: Greedent\n|-boost|p1a: Greedent|atk|2\n|\n|-heal|p2a: Quagsire|266/297|[from] item: Leftovers\n|-damage|p1a: Greedent|233/347 tox|[from] psn\n|upkeep\n|turn|4\n|\n|t:|1771181989\n|move|p2a: Quagsire|Spikes|p1a: Greedent\n|-sidestart|p1: repains|Spikes\n|move|p1a: Greedent|Body Slam|p2a: Quagsire\n|-crit|p2a: Quagsire\n|-damage|p2a: Quagsire|109/297\n|-status|p2a: Quagsire|par\n|\n|-heal|p2a: Quagsire|127/297 par|[from] item: Leftovers\n|-damage|p1a: Greedent|191/347 tox|[from] psn\n|upkeep\n|turn|5\n|\n|t:|1771181993\n|move|p1a: Greedent|Body Slam|p2a: Quagsire\n|-damage|p2a: Quagsire|36/297 par\n|move|p2a: Quagsire|Recover|p2a: Quagsire\n|-heal|p2a: Quagsire|185/297 par\n|\n|-heal|p2a: Quagsire|203/297 par|[from] item: Leftovers\n|-damage|p1a: Greedent|128/347 tox|[from] psn\n|upkeep\n|-enditem|p1a: Greedent|Sitrus Berry|[eat]\n|-heal|p1a: Greedent|214/347 tox|[from] item: Sitrus Berry\n|-heal|p1a: Greedent|329/347 tox|[from] ability: Cheek Pouch\n|turn|6\n|\n|t:|1771182005\n|move|p1a: Greedent|Swords Dance|p1a: Greedent\n|-boost|p1a: Greedent|atk|2\n|move|p2a: Quagsire|Recover|p2a: Quagsire\n|-heal|p2a: Quagsire|297/297 par\n|\n|-damage|p1a: Greedent|245/347 tox|[from] psn\n|upkeep\n|turn|7\n|\n|t:|1771182010\n|move|p1a: Greedent|Knock Off|p2a: Quagsire\n|-damage|p2a: Quagsire|222/297 par\n|-enditem|p2a: Quagsire|Leftovers|[from] move: Knock Off|[of] p1a: Greedent\n|move|p2a: Quagsire|Spikes|p1a: Greedent\n|-sidestart|p1: repains|Spikes\n|\n|-damage|p1a: Greedent|140/347 tox|[from] psn\n|upkeep\n|turn|8\n|\n|t:|1771182025\n|switch|p1a: Weavile|Weavile, L79, M|239/239\n|-damage|p1a: Weavile|200/239|[from] Spikes\n|cant|p2a: Quagsire|par\n|\n|upkeep\n|turn|9\n|\n|t:|1771182035\n|switch|p2a: Entei|Entei, L78|307/307\n|move|p1a: Weavile|Triple Axel|p2a: Entei\n|-resisted|p2a: Entei\n|-damage|p2a: Entei|287/307\n|-resisted|p2a: Entei\n|-damage|p2a: Entei|251/307\n|-resisted|p2a: Entei\n|-damage|p2a: Entei|193/307\n|-hitcount|p2a: Entei|3\n|\n|upkeep\n|turn|10\n|inactive|repains has 120 seconds left.\n|\n|t:|1771182085\n|switch|p1a: Carbink|Carbink, L90|236/236\n|-damage|p1a: Carbink|197/236|[from] Spikes\n|move|p2a: Entei|Stone Edge|p1a: Carbink\n|-damage|p1a: Carbink|129/236\n|\n|upkeep\n|turn|11\n|\n|t:|1771182107\n|switch|p2a: Quagsire|Quagsire, L84, F|222/297 par\n|move|p1a: Carbink|Body Press|p2a: Quagsire\n|-damage|p2a: Quagsire|124/297 par\n|\n|upkeep\n|turn|12\n|\n|t:|1771182121\n|move|p1a: Carbink|Body Press|p2a: Quagsire\n|-damage|p2a: Quagsire|33/297 par\n|cant|p2a: Quagsire|par\n|\n|upkeep\n|turn|13\n|\n|t:|1771182126\n|move|p1a: Carbink|Body Press|p2a: Quagsire\n|-damage|p2a: Quagsire|0 fnt\n|faint|p2a: Quagsire\n|\n|upkeep\n|\n|t:|1771182133\n|switch|p2a: Palkia|Palkia, L75|259/259\n|-ability|p2a: Palkia|Pressure\n|turn|14\n|inactive|repains has 120 seconds left.\n|\n|t:|1771182158\n|switch|p1a: Arceus|Arceus-Water, L71|288/288\n|-damage|p1a: Arceus|240/288|[from] Spikes\n|move|p2a: Palkia|Hydro Pump|p1a: Arceus\n|-resisted|p1a: Arceus\n|-damage|p1a: Arceus|169/288\n|\n|upkeep\n|turn|15\n|\n|t:|1771182168\n|move|p1a: Arceus|Calm Mind|p1a: Arceus\n|-boost|p1a: Arceus|spa|1\n|-boost|p1a: Arceus|spd|1\n|move|p2a: Palkia|Thunder Wave|p1a: Arceus\n|-status|p1a: Arceus|par\n|\n|upkeep\n|turn|16\n|\n|t:|1771182180\n|switch|p2a: Articuno|Articuno, L86|295/295\n|-ability|p2a: Articuno|Pressure\n|move|p1a: Arceus|Ice Beam|p2a: Articuno\n|-damage|p2a: Articuno|236/295\n|\n|upkeep\n|turn|17\n|\n|t:|1771182186\n|move|p2a: Articuno|Haze|p2a: Articuno\n|-clearallboost\n|move|p1a: Arceus|Calm Mind|p1a: Arceus\n|-boost|p1a: Arceus|spa|1\n|-boost|p1a: Arceus|spd|1\n|\n|upkeep\n|turn|18\n|inactive|repains has 120 seconds left.\n|\n|t:|1771182194\n|switch|p1a: Houndoom|Houndoom, L87, M|272/272\n|move|p2a: Articuno|Freeze-Dry|p1a: Houndoom\n|-resisted|p1a: Houndoom\n|-damage|p1a: Houndoom|231/272\n|\n|upkeep\n|turn|19\n|inactive|repains has 120 seconds left.\n|\n|t:|1771182206\n|switch|p2a: Entei|Entei, L78|193/307\n|move|p1a: Houndoom|Dark Pulse|p2a: Entei\n|-damage|p2a: Entei|75/307\n|\n|upkeep\n|turn|20\n|\n|t:|1771182211\n|move|p2a: Entei|Extreme Speed|p1a: Houndoom\n|-damage|p1a: Houndoom|108/272\n|move|p1a: Houndoom|Dark Pulse|p2a: Entei\n|-damage|p2a: Entei|0 fnt\n|faint|p2a: Entei\n|\n|upkeep\n|\n|t:|1771182219\n|switch|p2a: Palkia|Palkia, L75|259/259\n|-ability|p2a: Palkia|Pressure\n|turn|21\n|\n|t:|1771182243\n|switch|p1a: Greedent|Greedent, L86, F|140/347 tox\n|-damage|p1a: Greedent|83/347 tox|[from] Spikes\n|move|p2a: Palkia|Hydro Pump|p1a: Greedent|[miss]\n|-miss|p2a: Palkia|p1a: Greedent\n|\n|-damage|p1a: Greedent|62/347 tox|[from] psn\n|upkeep\n|turn|22\n|\n|t:|1771182258\n|switch|p2a: Skarmory|Skarmory, L80, M|235/235\n|move|p1a: Greedent|Body Slam|p2a: Skarmory\n|-resisted|p2a: Skarmory\n|-damage|p2a: Skarmory|203/235\n|-status|p2a: Skarmory|par\n|\n|-heal|p2a: Skarmory|217/235 par|[from] item: Leftovers\n|-damage|p1a: Greedent|20/347 tox|[from] psn\n|upkeep\n|turn|23\n|inactive|repains has 120 seconds left.\n|\n|t:|1771182279\n|move|p1a: Greedent|Knock Off|p2a: Skarmory\n|-damage|p2a: Skarmory|168/235 par\n|-enditem|p2a: Skarmory|Leftovers|[from] move: Knock Off|[of] p1a: Greedent\n|move|p2a: Skarmory|Stealth Rock|p1a: Greedent\n|-sidestart|p1: repains|move: Stealth Rock\n|\n|-damage|p1a: Greedent|0 fnt|[from] psn\n|faint|p1a: Greedent\n|upkeep\n|inactive|repains has 120 seconds left.\n|\n|t:|1771182299\n|switch|p1a: Houndoom|Houndoom, L87, M|108/272\n|turn|24\n|\n|t:|1771182306\n|move|p1a: Houndoom|Fire Blast|p2a: Skarmory\n|-supereffective|p2a: Skarmory\n|-damage|p2a: Skarmory|0 fnt\n|faint|p2a: Skarmory\n|\n|upkeep\n|\n|t:|1771182310\n|switch|p2a: Palkia|Palkia, L75|259/259\n|-ability|p2a: Palkia|Pressure\n|turn|25\n|inactive|repains has 120 seconds left.\n|\n|t:|1771182335\n|switch|p1a: Arceus|Arceus-Water, L71|169/288 par\n|-damage|p1a: Arceus|121/288 par|[from] Spikes\n|-damage|p1a: Arceus|85/288 par|[from] Stealth Rock\n|move|p2a: Palkia|Hydro Pump|p1a: Arceus|[miss]\n|-miss|p2a: Palkia|p1a: Arceus\n|\n|upkeep\n|turn|26\n|\n|t:|1771182345\n|switch|p2a: Articuno|Articuno, L86|236/295\n|-ability|p2a: Articuno|Pressure\n|move|p1a: Arceus|Recover|p1a: Arceus\n|-heal|p1a: Arceus|229/288 par\n|\n|upkeep\n|turn|27\n|inactive|repains has 120 seconds left.\n|\n|t:|1771182371\n|switch|p1a: Houndoom|Houndoom, L87, M|108/272\n|move|p2a: Articuno|Brave Bird|p1a: Houndoom\n|-damage|p1a: Houndoom|0 fnt\n|faint|p1a: Houndoom\n|-damage|p2a: Articuno|200/295|[from] Recoil\n|\n|upkeep\n|\n|t:|1771182390\n|switch|p1a: Carbink|Carbink, L90|129/236\n|-damage|p1a: Carbink|90/236|[from] Spikes\n|-damage|p1a: Carbink|61/236|[from] Stealth Rock\n|turn|28\n|\n|t:|1771182395\n|move|p2a: Articuno|Freeze-Dry|p1a: Carbink\n|-damage|p1a: Carbink|15/236\n|move|p1a: Carbink|Rest|p1a: Carbink\n|-status|p1a: Carbink|slp|[from] move: Rest\n|-heal|p1a: Carbink|236/236 slp|[silent]\n|-enditem|p1a: Carbink|Chesto Berry|[eat]\n|-curestatus|p1a: Carbink|slp|[msg]\n|\n|upkeep\n|turn|29\n|\n|t:|1771182403\n|switch|p2a: Palkia|Palkia, L75|259/259\n|-ability|p2a: Palkia|Pressure\n|move|p1a: Carbink|Body Press|p2a: Palkia\n|-damage|p2a: Palkia|160/259\n|\n|upkeep\n|turn|30\n|\n|t:|1771182419\n|-terastallize|p1a: Carbink|Fighting\n|move|p2a: Palkia|Hydro Pump|p1a: Carbink|[miss]\n|-miss|p2a: Palkia|p1a: Carbink\n|move|p1a: Carbink|Iron Defense|p1a: Carbink\n|-boost|p1a: Carbink|def|2\n|\n|upkeep\n|turn|31\n|\n|t:|1771182428\n|move|p2a: Palkia|Thunder Wave|p1a: Carbink\n|-status|p1a: Carbink|par\n|move|p1a: Carbink|Body Press|p2a: Palkia\n|-damage|p2a: Palkia|0 fnt\n|faint|p2a: Palkia\n|\n|upkeep\n|\n|t:|1771182433\n|switch|p2a: Articuno|Articuno, L86|200/295\n|-ability|p2a: Articuno|Pressure\n|turn|32\n|\n|t:|1771182438\n|move|p2a: Articuno|Haze|p2a: Articuno\n|-clearallboost\n|move|p1a: Carbink|Body Press|p2a: Articuno\n|-damage|p2a: Articuno|67/295\n|\n|upkeep\n|turn|33\n|\n|t:|1771182447\n|switch|p2a: Delphox|Delphox, L84, M|263/263\n|move|p1a: Carbink|Body Press|p2a: Delphox\n|-resisted|p2a: Delphox\n|-damage|p2a: Delphox|179/263\n|\n|upkeep\n|turn|34\n|\n|t:|1771182455\n|switch|p1a: Weavile|Weavile, L79, M|200/239\n|-damage|p1a: Weavile|161/239|[from] Spikes\n|-damage|p1a: Weavile|102/239|[from] Stealth Rock\n|move|p2a: Delphox|Fire Blast|p1a: Weavile\n|-supereffective|p1a: Weavile\n|-damage|p1a: Weavile|0 fnt\n|faint|p1a: Weavile\n|\n|upkeep\n|\n|t:|1771182460\n|switch|p1a: Quagsire|Quagsire, L84, F|297/297\n|-damage|p1a: Quagsire|248/297|[from] Spikes\n|-damage|p1a: Quagsire|230/297|[from] Stealth Rock\n|turn|35\n|\n|t:|1771182472\n|switch|p2a: Articuno|Articuno, L86|67/295\n|-ability|p2a: Articuno|Pressure\n|move|p1a: Quagsire|Toxic|p2a: Articuno\n|-status|p2a: Articuno|tox\n|\n|-heal|p1a: Quagsire|248/297|[from] item: Leftovers\n|-damage|p2a: Articuno|49/295 tox|[from] psn\n|upkeep\n|turn|36\n|\n|t:|1771182480\n|switch|p1a: Arceus|Arceus-Water, L71|229/288 par\n|-damage|p1a: Arceus|181/288 par|[from] Spikes\n|-damage|p1a: Arceus|145/288 par|[from] Stealth Rock\n|move|p2a: Articuno|Freeze-Dry|p1a: Arceus\n|-supereffective|p1a: Arceus\n|-damage|p1a: Arceus|11/288 par\n|\n|-damage|p2a: Articuno|13/295 tox|[from] psn\n|upkeep\n|turn|37\n|\n|t:|1771182487\n|move|p2a: Articuno|Freeze-Dry|p1a: Arceus\n|-supereffective|p1a: Arceus\n|-damage|p1a: Arceus|0 fnt\n|faint|p1a: Arceus\n|\n|-damage|p2a: Articuno|0 fnt|[from] psn\n|faint|p2a: Articuno\n|upkeep\n|inactive|repains has 120 seconds left.\n|\n|t:|1771182541\n|switch|p1a: Quagsire|Quagsire, L84, F|248/297\n|switch|p2a: Delphox|Delphox, L84, M|179/263\n|-damage|p1a: Quagsire|199/297|[from] Spikes\n|-damage|p1a: Quagsire|181/297|[from] Stealth Rock\n|turn|38\n|\n|t:|1771182570\n|-terastallize|p2a: Delphox|Fighting\n|move|p2a: Delphox|Focus Blast|p1a: Quagsire\n|-damage|p1a: Quagsire|0 fnt\n|faint|p1a: Quagsire\n|\n|upkeep\n|\n|t:|1771182577\n|switch|p1a: Carbink|Carbink, L90, tera:Fighting|236/236 par\n|-damage|p1a: Carbink|197/236 par|[from] Spikes\n|-damage|p1a: Carbink|183/236 par|[from] Stealth Rock\n|turn|39\n|\n|t:|1771182591\n|move|p2a: Delphox|Focus Blast|p1a: Carbink|[miss]\n|-miss|p2a: Delphox|p1a: Carbink\n|cant|p1a: Carbink|par\n|\n|upkeep\n|turn|40\n|\n|t:|1771182602\n|move|p2a: Delphox|Focus Blast|p1a: Carbink\n|-damage|p1a: Carbink|56/236 par\n|cant|p1a: Carbink|par\n|\n|upkeep\n|turn|41\n|\n|t:|1771182608\n|move|p2a: Delphox|Focus Blast|p1a: Carbink\n|-damage|p1a: Carbink|0 fnt\n|faint|p1a: Carbink\n|\n|win|Valenteddi\n|raw|repains's rating: 1833 &rarr; <strong>1813</strong><br />(-20 for losing)\n|raw|Valenteddi's rating: 1828 &rarr; <strong>1848</strong><br />(+20 for winning)\n", "inputlog": ">version 686819e5e19f8a7fd2345cfc5a08a5085efa2cc3\n>start {\"formatid\":\"gen9randombattle\",\"seed\":\"sodium,e4a827b904da0bfae7adf651f54735de\",\"rated\":\"Rated battle\"}\n>player p1 {\"name\":\"repains\",\"avatar\":\"benga\",\"rating\":1833,\"seed\":\"sodium,84b74444dc8c455422a17edcba3dd739\"}\n>player p2 {\"name\":\"Valenteddi\",\"avatar\":\"266\",\"rating\":1828,\"seed\":\"sodium,8f79d99b766bbc071db3223297d65c42\"}\n>p1 move fireblast\n>p2 switch 6\n>p1 switch 5\n>p2 move earthquake\n>p1 move swordsdance\n>p2 move toxic\n>p1 move bodyslam\n>p2 move spikes\n>p1 move bodyslam\n>p2 move recover\n>p1 move swordsdance\n>p2 move recover\n>p1 move knockoff\n>p2 move spikes\n>p1 switch 6\n>p2 move spikes\n>p1 move tripleaxel\n>p2 switch 4\n>p1 switch 4\n>p2 move stoneedge\n>p1 move bodypress\n>p2 switch 4\n>p1 move bodypress\n>p2 move recover\n>p1 move bodypress\n>p2 move recover\n>p2 switch 5\n>p1 switch 2\n>p2 move hydropump\n>p1 move calmmind\n>p2 move thunderwave\n>p1 move icebeam\n>p2 switch 2\n>p1 move calmmind\n>p2 move haze\n>p1 switch 5\n>p2 move freezedry\n>p1 move darkpulse\n>p2 switch 4\n>p1 move darkpulse\n>p2 move extremespeed\n>p2 switch 2\n>p1 switch 6\n>p2 move hydropump\n>p1 move bodyslam\n>p2 switch 6\n>p1 move knockoff\n>p2 move stealthrock\n>p1 switch 6\n>p1 move fireblast\n>p2 move bravebird\n>p2 switch 6\n>p1 switch 5\n>p2 move hydropump\n>p1 move recover\n>p2 switch 4\n>p1 switch 5\n>p2 move bravebird\n>p1 switch 2\n>p1 move rest\n>p2 move freezedry\n>p1 move bodypress\n>p2 switch 4\n>p1 move irondefense terastallize\n>p2 move hydropump\n>p1 move bodypress\n>p2 move thunderwave\n>p2 switch 4\n>p1 move bodypress\n>p2 move haze\n>p1 move bodypress\n>p2 switch 3\n>p1 switch 4\n>p2 move fireblast\n>p1 switch 3\n>p1 move toxic\n>p2 switch 3\n>p1 switch 5\n>p2 move freezedry\n>p1 move recover\n>p2 move freezedry\n>p1 switch 5\n>p2 switch 3\n>p1 move earthquake\n>p2 move focusblast terastallize\n>p1 switch 4\n>p1 move bodypress\n>p2 move focusblast\n>p1 move bodypress\n>p2 move focusblast\n>p1 move rest\n>p2 move focusblast", "uploadtime": 1771182610, "views": 9, "formatid": "gen9randombattle", "rating": 1813, "private": 0, "password": null}