{"id": "gen9randombattle-2540677297", "format": "[Gen 9] Random Battle", "players": ["iluvdwagons", "M4teo010101"], "log": "|j|☆iluvdwagons\n|j|☆M4teo010101\n|t:|1771238693\n|gametype|singles\n|player|p1|iluvdwagons|preschoolerf|1697\n|player|p2|M4teo010101|sycamore-masters|1771\n|gen|9\n|tier|[Gen 9] Random Battle\n|rated|\n|rule|Species Clause: Limit one of each Pokémon\n|rule|HP Percentage Mod: HP is shown in percentages\n|rule|Sleep Clause Mod: Limit one foe put to sleep\n|rule|Illusion Level Mod: Illusion disguises the Pokémon's true level\n|\n|t:|1771238693\n|teamsize|p1|6\n|teamsize|p2|6\n|start\n|switch|p1a: Minun|Minun, L95, F|268/268\n|switch|p2a: Iron Bundle|Iron Bundle, L78|215/215\n|turn|1\n|inactive|Battle timer is ON: inactive players will automatically lose when time's up. (requested by iluvdwagons)\n|c|☆M4teo010101|hf\n|inactive|M4teo010101 also wants the timer to be on.\n|\n|t:|1771238701\n|-end|p2a: Iron Bundle|Quark Drive|[silent]\n|switch|p2a: Dusknoir|Dusknoir, L89, F|225/225\n|-item|p1a: Minun|Life Orb|[from] ability: Frisk|[of] p2a: Dusknoir\n|move|p1a: Minun|Thunderbolt|p2a: Dusknoir\n|-damage|p2a: Dusknoir|131/225\n|-status|p2a: Dusknoir|par\n|-damage|p1a: Minun|242/268|[from] item: Life Orb\n|\n|-heal|p2a: Dusknoir|145/225 par|[from] item: Leftovers\n|upkeep\n|turn|2\n|\n|t:|1771238704\n|move|p1a: Minun|Nasty Plot|p1a: Minun\n|-boost|p1a: Minun|spa|2\n|move|p2a: Dusknoir|Earthquake|p1a: Minun\n|-supereffective|p1a: Minun\n|-damage|p1a: Minun|38/268\n|\n|-heal|p2a: Dusknoir|159/225 par|[from] item: Leftovers\n|upkeep\n|turn|3\n|c|☆iluvdwagons|u2\n|\n|t:|1771238713\n|cant|p2a: Dusknoir|par\n|move|p1a: Minun|Thunderbolt|p2a: Dusknoir\n|-damage|p2a: Dusknoir|0 fnt\n|faint|p2a: Dusknoir\n|-damage|p1a: Minun|12/268|[from] item: Life Orb\n|\n|upkeep\n|\n|t:|1771238714\n|switch|p2a: Iron Bundle|Iron Bundle, L78|215/215\n|turn|4\n|\n|t:|1771238718\n|move|p2a: Iron Bundle|Freeze-Dry|p1a: Minun\n|-damage|p1a: Minun|0 fnt\n|faint|p1a: Minun\n|\n|upkeep\n|\n|t:|1771238726\n|switch|p1a: Slowking|Slowking-Galar, L85, M|300/300\n|turn|5\n|\n|t:|1771238728\n|-end|p2a: Iron Bundle|Quark Drive|[silent]\n|switch|p2a: Lugia|Lugia, L73|275/275\n|move|p1a: Slowking|Thunder Wave|p2a: Lugia\n|-status|p2a: Lugia|par\n|\n|upkeep\n|turn|6\n|\n|t:|1771238741\n|switch|p1a: Wo-Chien|Wo-Chien, L83|277/277\n|-ability|p1a: Wo-Chien|Tablets of Ruin\n|cant|p2a: Lugia|par\n|\n|upkeep\n|turn|7\n|\n|t:|1771238744\n|move|p1a: Wo-Chien|Leech Seed|p2a: Lugia\n|-start|p2a: Lugia|move: Leech Seed\n|cant|p2a: Lugia|par\n|\n|-damage|p2a: Lugia|241/275 par|[from] Leech Seed|[of] p1a: Wo-Chien\n|upkeep\n|turn|8\n|\n|t:|1771238748\n|switch|p2a: Honchkrow|Honchkrow, L86, F|312/312\n|move|p1a: Wo-Chien|Knock Off|p2a: Honchkrow\n|-resisted|p2a: Honchkrow\n|-damage|p2a: Honchkrow|246/312\n|-enditem|p2a: Honchkrow|Heavy-Duty Boots|[from] move: Knock Off|[of] p1a: Wo-Chien\n|\n|upkeep\n|turn|9\n|\n|t:|1771238771\n|switch|p1a: Ambipom|Ambipom, L84, F|263/263\n|move|p2a: Honchkrow|Brave Bird|p1a: Ambipom\n|-damage|p1a: Ambipom|67/263\n|-damage|p2a: Honchkrow|181/312|[from] Recoil\n|\n|upkeep\n|turn|10\n|\n|t:|1771238776\n|move|p1a: Ambipom|Fake Out|p2a: Honchkrow\n|-damage|p2a: Honchkrow|75/312\n|cant|p2a: Honchkrow|flinch\n|\n|upkeep\n|turn|11\n|\n|t:|1771238784\n|move|p2a: Honchkrow|Sucker Punch|p1a: Ambipom\n|-damage|p1a: Ambipom|0 fnt\n|faint|p1a: Ambipom\n|-ability|p2a: Honchkrow|Moxie|boost\n|-boost|p2a: Honchkrow|atk|1\n|\n|upkeep\n|\n|t:|1771238802\n|switch|p1a: Wo-Chien|Wo-Chien, L83|277/277\n|-ability|p1a: Wo-Chien|Tablets of Ruin\n|turn|12\n|\n|t:|1771238810\n|move|p1a: Wo-Chien|Protect|p1a: Wo-Chien\n|-singleturn|p1a: Wo-Chien|Protect\n|move|p2a: Honchkrow|Heat Wave|p1a: Wo-Chien\n|-activate|p1a: Wo-Chien|move: Protect\n|\n|upkeep\n|turn|13\n|\n|t:|1771238818\n|-terastallize|p1a: Wo-Chien|Poison\n|move|p2a: Honchkrow|Brave Bird|p1a: Wo-Chien\n|-crit|p1a: Wo-Chien\n|-damage|p1a: Wo-Chien|12/277\n|-damage|p2a: Honchkrow|0 fnt|[from] Recoil\n|faint|p2a: Honchkrow\n|move|p1a: Wo-Chien|Leech Seed|p2: Honchkrow|[notarget]\n|-fail|p1a: Wo-Chien\n|\n|-heal|p1a: Wo-Chien|29/277|[from] item: Leftovers\n|upkeep\n|\n|t:|1771238819\n|switch|p2a: Iron Bundle|Iron Bundle, L78|215/215\n|turn|14\n|\n|t:|1771238827\n|move|p2a: Iron Bundle|Freeze-Dry|p1a: Wo-Chien\n|-damage|p1a: Wo-Chien|0 fnt\n|faint|p1a: Wo-Chien\n|\n|upkeep\n|\n|t:|1771238829\n|switch|p1a: Slowking|Slowking-Galar, L85, M|300/300\n|turn|15\n|\n|t:|1771238831\n|-end|p2a: Iron Bundle|Quark Drive|[silent]\n|switch|p2a: Probopass|Probopass, L91, F|257/257\n|move|p1a: Slowking|Thunder Wave|p2a: Probopass|[miss]\n|-miss|p1a: Slowking|p2a: Probopass\n|\n|upkeep\n|turn|16\n|\n|t:|1771238839\n|switch|p1a: Ursaluna|Ursaluna, L79, F|335/335\n|move|p2a: Probopass|Iron Defense|p2a: Probopass\n|-boost|p2a: Probopass|def|2\n|\n|-status|p1a: Ursaluna|brn|[from] item: Flame Orb\n|upkeep\n|turn|17\n|\n|t:|1771238845\n|move|p1a: Ursaluna|Headlong Rush|p2a: Probopass\n|-supereffective|p2a: Probopass\n|-damage|p2a: Probopass|0 fnt\n|-unboost|p1a: Ursaluna|def|1\n|-unboost|p1a: Ursaluna|spd|1\n|faint|p2a: Probopass\n|\n|-damage|p1a: Ursaluna|315/335 brn|[from] brn\n|upkeep\n|\n|t:|1771238846\n|switch|p2a: Iron Bundle|Iron Bundle, L78|215/215\n|turn|18\n|\n|t:|1771238853\n|switch|p1a: Slowking|Slowking-Galar, L85, M|300/300\n|move|p2a: Iron Bundle|Hydro Pump|p1a: Slowking|[miss]\n|-miss|p2a: Iron Bundle|p1a: Slowking\n|\n|upkeep\n|turn|19\n|\n|t:|1771238882\n|-end|p2a: Iron Bundle|Quark Drive|[silent]\n|switch|p2a: Lugia|Lugia, L73|241/275 par\n|move|p1a: Slowking|Psychic Noise|p2a: Lugia\n|-resisted|p2a: Lugia\n|-damage|p2a: Lugia|208/275 par\n|-start|p2a: Lugia|move: Heal Block\n|\n|upkeep\n|turn|20\n|inactive|iluvdwagons has 120 seconds left.\n|\n|t:|1771238905\n|move|p2a: Lugia|Calm Mind|p2a: Lugia\n|-boost|p2a: Lugia|spa|1\n|-boost|p2a: Lugia|spd|1\n|move|p1a: Slowking|Sludge Bomb|p2a: Lugia\n|-damage|p2a: Lugia|151/275 par\n|\n|-end|p2a: Lugia|move: Heal Block\n|upkeep\n|turn|21\n|inactive|iluvdwagons has 120 seconds left.\n|\n|t:|1771238917\n|switch|p1a: Ursaluna|Ursaluna, L79, F|315/335 brn\n|move|p2a: Lugia|Recover|p2a: Lugia\n|-heal|p2a: Lugia|275/275 par\n|\n|-damage|p1a: Ursaluna|295/335 brn|[from] brn\n|upkeep\n|turn|22\n|inactive|iluvdwagons has 120 seconds left.\n|inactive|iluvdwagons has 90 seconds left.\n|\n|t:|1771238963\n|move|p1a: Ursaluna|Throat Chop|p2a: Lugia\n|-supereffective|p2a: Lugia\n|-damage|p2a: Lugia|184/275 par\n|-start|p2a: Lugia|Throat Chop|[silent]\n|move|p2a: Lugia|Recover|p2a: Lugia\n|-heal|p2a: Lugia|275/275 par\n|\n|-damage|p1a: Ursaluna|275/335 brn|[from] brn\n|upkeep\n|turn|23\n|\n|t:|1771238965\n|move|p1a: Ursaluna|Throat Chop|p2a: Lugia\n|-supereffective|p2a: Lugia\n|-damage|p2a: Lugia|186/275 par\n|move|p2a: Lugia|Recover|p2a: Lugia\n|-heal|p2a: Lugia|275/275 par\n|\n|-damage|p1a: Ursaluna|255/335 brn|[from] brn\n|-end|p2a: Lugia|Throat Chop|[silent]\n|upkeep\n|turn|24\n|\n|t:|1771238970\n|move|p1a: Ursaluna|Trailblaze|p2a: Lugia\n|-resisted|p2a: Lugia\n|-damage|p2a: Lugia|262/275 par\n|-boost|p1a: Ursaluna|spe|1\n|move|p2a: Lugia|Recover|p2a: Lugia\n|-heal|p2a: Lugia|275/275 par\n|\n|-damage|p1a: Ursaluna|235/335 brn|[from] brn\n|upkeep\n|turn|25\n|inactive|iluvdwagons has 90 seconds left.\n|\n|t:|1771238998\n|move|p1a: Ursaluna|Trailblaze|p2a: Lugia\n|-resisted|p2a: Lugia\n|-damage|p2a: Lugia|262/275 par\n|-boost|p1a: Ursaluna|spe|1\n|cant|p2a: Lugia|par\n|\n|-damage|p1a: Ursaluna|215/335 brn|[from] brn\n|upkeep\n|turn|26\n|\n|t:|1771239000\n|move|p1a: Ursaluna|Throat Chop|p2a: Lugia\n|-supereffective|p2a: Lugia\n|-damage|p2a: Lugia|100/275 par\n|-start|p2a: Lugia|Throat Chop|[silent]\n|move|p2a: Lugia|Aeroblast|p1a: Ursaluna\n|-damage|p1a: Ursaluna|85/335 brn\n|\n|-damage|p1a: Ursaluna|65/335 brn|[from] brn\n|upkeep\n|turn|27\n|\n|t:|1771239004\n|move|p1a: Ursaluna|Throat Chop|p2a: Lugia\n|-supereffective|p2a: Lugia\n|-damage|p2a: Lugia|0 fnt\n|faint|p2a: Lugia\n|\n|-damage|p1a: Ursaluna|45/335 brn|[from] brn\n|upkeep\n|\n|t:|1771239004\n|switch|p2a: Iron Bundle|Iron Bundle, L78|215/215\n|turn|28\n|\n|t:|1771239013\n|move|p2a: Iron Bundle|Freeze-Dry|p1a: Ursaluna\n|-supereffective|p1a: Ursaluna\n|-damage|p1a: Ursaluna|0 fnt\n|faint|p1a: Ursaluna\n|\n|upkeep\n|\n|t:|1771239016\n|switch|p1a: Slowking|Slowking-Galar, L85, M|300/300\n|turn|29\n|inactive|iluvdwagons has 120 seconds left.\n|\n|t:|1771239033\n|move|p2a: Iron Bundle|Freeze-Dry|p1a: Slowking\n|-damage|p1a: Slowking|233/300\n|move|p1a: Slowking|Thunder Wave|p2a: Iron Bundle\n|-status|p2a: Iron Bundle|par\n|\n|-heal|p1a: Slowking|251/300|[from] item: Leftovers\n|upkeep\n|turn|30\n|\n|t:|1771239037\n|move|p2a: Iron Bundle|Encore|p1a: Slowking\n|-start|p1a: Slowking|Encore\n|move|p1a: Slowking|Thunder Wave|p2a: Iron Bundle\n|-fail|p2a: Iron Bundle|par\n|\n|-heal|p1a: Slowking|269/300|[from] item: Leftovers\n|upkeep\n|turn|31\n|\n|t:|1771239039\n|switch|p1a: Amoonguss|Amoonguss, L82, F|321/321\n|move|p2a: Iron Bundle|Freeze-Dry|p1a: Amoonguss\n|-supereffective|p1a: Amoonguss\n|-damage|p1a: Amoonguss|151/321\n|\n|-heal|p1a: Amoonguss|171/321|[from] item: Leftovers\n|upkeep\n|turn|32\n|\n|t:|1771239047\n|move|p2a: Iron Bundle|Freeze-Dry|p1a: Amoonguss\n|-supereffective|p1a: Amoonguss\n|-damage|p1a: Amoonguss|0 fnt\n|faint|p1a: Amoonguss\n|\n|upkeep\n|\n|t:|1771239050\n|switch|p1a: Slowking|Slowking-Galar, L85, M|300/300\n|turn|33\n|\n|t:|1771239055\n|move|p2a: Iron Bundle|Hydro Pump|p1a: Slowking|[miss]\n|-miss|p2a: Iron Bundle|p1a: Slowking\n|move|p1a: Slowking|Sludge Bomb|p2a: Iron Bundle\n|-damage|p2a: Iron Bundle|73/215 par\n|\n|-heal|p2a: Iron Bundle|86/215 par|[from] item: Leftovers\n|upkeep\n|turn|34\n|inactive|iluvdwagons has 120 seconds left.\n|\n|t:|1771239094\n|-end|p2a: Iron Bundle|Quark Drive|[silent]\n|switch|p2a: Walking Wake|Walking Wake, L79|286/286\n|move|p1a: Slowking|Sludge Bomb|p2a: Walking Wake\n|-damage|p2a: Walking Wake|168/286\n|\n|upkeep\n|turn|35\n|\n|t:|1771239097\n|move|p2a: Walking Wake|Draco Meteor|p1a: Slowking\n|-damage|p1a: Slowking|143/300\n|-unboost|p2a: Walking Wake|spa|2\n|-damage|p2a: Walking Wake|140/286|[from] item: Life Orb\n|move|p1a: Slowking|Thunder Wave|p2a: Walking Wake\n|-status|p2a: Walking Wake|par\n|\n|-heal|p1a: Slowking|161/300|[from] item: Leftovers\n|upkeep\n|turn|36\n|inactive|iluvdwagons has 120 seconds left.\n|\n|t:|1771239114\n|move|p2a: Walking Wake|Sunny Day|p2a: Walking Wake\n|-weather|SunnyDay\n|-activate|p2a: Walking Wake|ability: Protosynthesis\n|-start|p2a: Walking Wake|protosynthesisspe\n|move|p1a: Slowking|Sludge Bomb|p2a: Walking Wake\n|-damage|p2a: Walking Wake|23/286 par\n|\n|-weather|SunnyDay|[upkeep]\n|-heal|p1a: Slowking|179/300|[from] item: Leftovers\n|upkeep\n|turn|37\n|\n|t:|1771239118\n|move|p2a: Walking Wake|Hydro Steam|p1a: Slowking\n|-damage|p1a: Slowking|109/300\n|-damage|p2a: Walking Wake|0 fnt|[from] item: Life Orb\n|faint|p2a: Walking Wake\n|-end|p2a: Walking Wake|Protosynthesis|[silent]\n|move|p1a: Slowking|Slack Off|p1a: Slowking\n|-heal|p1a: Slowking|259/300\n|\n|-weather|SunnyDay|[upkeep]\n|-heal|p1a: Slowking|277/300|[from] item: Leftovers\n|upkeep\n|\n|t:|1771239119\n|switch|p2a: Iron Bundle|Iron Bundle, L78|86/215 par\n|turn|38\n|\n|t:|1771239122\n|cant|p2a: Iron Bundle|par\n|move|p1a: Slowking|Sludge Bomb|p2a: Iron Bundle\n|-damage|p2a: Iron Bundle|0 fnt\n|faint|p2a: Iron Bundle\n|-end|p2a: Iron Bundle|Quark Drive|[silent]\n|\n|win|iluvdwagons\n|raw|iluvdwagons's rating: 1697 &rarr; <strong>1721</strong><br />(+24 for winning)\n|raw|M4teo010101's rating: 1771 &rarr; <strong>1747</strong><br />(-24 for losing)\n|c|☆M4teo010101|gg\n", "inputlog": ">version 686819e5e19f8a7fd2345cfc5a08a5085efa2cc3\n>start {\"formatid\":\"gen9randombattle\",\"seed\":\"sodium,d72a3a4288087709f5f553192058bbb7\",\"rated\":\"Rated battle\"}\n>player p1 {\"name\":\"iluvdwagons\",\"avatar\":\"preschoolerf\",\"rating\":1697,\"seed\":\"sodium,bfb3ccab72298678f30cd78e798d14c0\"}\n>player p2 {\"name\":\"M4teo010101\",\"avatar\":\"sycamore-masters\",\"rating\":1771,\"seed\":\"sodium,fc56b6c98ee68023344cbd9aeb16bb34\"}\n>chat ☆M4teo010101|hf\n>p1 move thunderbolt\n>p2 switch 4\n>p1 move nastyplot\n>p2 move earthquake\n>chat ☆iluvdwagons|u2\n>p1 move thunderbolt\n>p2 move shadowsneak\n>p2 switch 4\n>p1 move thunderbolt\n>p2 move freezedry\n>p1 switch 6\n>p1 move thunderwave\n>p2 switch 6\n>p1 switch 3\n>p2 move calmmind\n>p1 move leechseed\n>p2 move calmmind\n>p1 move knockoff\n>p2 switch 5\n>p1 switch 4\n>p2 move bravebird\n>p1 move fakeout\n>p2 move suckerpunch\n>p1 move doubleedge\n>p2 move suckerpunch\n>p1 switch 4\n>p1 move protect\n>p2 move heatwave\n>p1 move leechseed terastallize\n>p2 move bravebird\n>p2 switch 6\n>p1 move knockoff\n>p2 move freezedry\n>p1 switch 3\n>p1 move thunderwave\n>p2 switch 2\n>p1 switch 5\n>p2 move irondefense\n>p1 move headlongrush\n>p2 move bodypress\n>p2 switch 2\n>p1 switch 5\n>p2 move hydropump\n>p1 move psychicnoise\n>p2 switch 5\n>p1 move sludgebomb\n>p2 move calmmind\n>p1 switch 5\n>p2 move recover\n>p1 move throatchop\n>p2 move recover\n>p1 move throatchop\n>p2 move recover\n>p1 move trailblaze\n>p2 move recover\n>p1 move trailblaze\n>p2 move recover\n>p1 move throatchop\n>p2 move aeroblast\n>p1 move throatchop\n>p2 move calmmind\n>p2 switch 5\n>p1 move facade\n>p2 move freezedry\n>p1 switch 5\n>p1 move thunderwave\n>p2 move freezedry\n>p1 move psychicnoise\n>p2 move encore\n>p1 switch 2\n>p2 move freezedry\n>p1 move gigadrain\n>p2 move freezedry\n>p1 switch 2\n>p1 move sludgebomb\n>p2 move hydropump\n>p1 move sludgebomb\n>p2 switch 3\n>p1 move thunderwave\n>p2 move dracometeor\n>p1 move sludgebomb\n>p2 move sunnyday\n>p1 move slackoff\n>p2 move hydrosteam\n>p2 switch 3\n>p1 move sludgebomb\n>p2 move encore", "uploadtime": 1771239123, "views": 13, "formatid": "gen9randombattle", "rating": 1721, "private": 0, "password": null}