{"id": "gen9randombattle-2540342299", "format": "[Gen 9] Random Battle", "players": ["JPtheIII", "Dezurom"], "log": "|j|☆JPtheIII\n|j|☆Dezurom\n|t:|1771190798\n|gametype|singles\n|player|p1|JPtheIII|101|1824\n|player|p2|Dezurom|steven|1856\n|gen|9\n|tier|[Gen 9] Random Battle\n|rated|\n|rule|Species Clause: Limit one of each Pokémon\n|rule|HP Percentage Mod: HP is shown in percentages\n|rule|Sleep Clause Mod: Limit one foe put to sleep\n|rule|Illusion Level Mod: Illusion disguises the Pokémon's true level\n|\n|t:|1771190798\n|teamsize|p1|6\n|teamsize|p2|6\n|start\n|switch|p1a: Masquerain|Masquerain, L87, F|264/264\n|switch|p2a: Slither Wing|Slither Wing, L81|270/270\n|-ability|p1a: Masquerain|Intimidate|boost\n|-unboost|p2a: Slither Wing|atk|1\n|turn|1\n|inactive|Battle timer is ON: inactive players will automatically lose when time's up. (requested by JPtheIII)\n|\n|t:|1771190830\n|-end|p2a: Slither Wing|Protosynthesis|[silent]\n|switch|p2a: Glastrier|Glastrier, L86|312/312\n|move|p1a: Masquerain|Hurricane|p2a: Glastrier|[miss]\n|-miss|p1a: Masquerain|p2a: Glastrier\n|\n|upkeep\n|turn|2\n|\n|t:|1771190837\n|switch|p1a: Coalossal|Coalossal, L89, M|341/341\n|move|p2a: Glastrier|Swords Dance|p2a: Glastrier\n|-boost|p2a: Glastrier|atk|2\n|\n|upkeep\n|turn|3\n|\n|t:|1771190842\n|move|p1a: Coalossal|Stone Edge|p2a: Glastrier\n|-supereffective|p2a: Glastrier\n|-damage|p2a: Glastrier|172/312\n|move|p2a: Glastrier|High Horsepower|p1a: Coalossal\n|-supereffective|p1a: Coalossal\n|-damage|p1a: Coalossal|0 fnt\n|-status|p2a: Glastrier|brn|[from] ability: Flame Body|[of] p1a: Coalossal\n|faint|p1a: Coalossal\n|-ability|p2a: Glastrier|Chilling Neigh|boost\n|-boost|p2a: Glastrier|atk|1\n|\n|-damage|p2a: Glastrier|153/312 brn|[from] brn\n|upkeep\n|\n|t:|1771190854\n|switch|p1a: Iron Valiant|Iron Valiant, L78|244/244\n|turn|4\n|\n|t:|1771190858\n|move|p1a: Iron Valiant|Close Combat|p2a: Glastrier\n|-supereffective|p2a: Glastrier\n|-damage|p2a: Glastrier|0 fnt\n|-unboost|p1a: Iron Valiant|def|1\n|-unboost|p1a: Iron Valiant|spd|1\n|faint|p2a: Glastrier\n|-damage|p1a: Iron Valiant|220/244|[from] item: Life Orb\n|\n|upkeep\n|\n|t:|1771190872\n|switch|p2a: Solgaleo|Solgaleo, L74|325/325\n|turn|5\n|\n|t:|1771190878\n|-end|p1a: Iron Valiant|Quark Drive|[silent]\n|switch|p1a: Masquerain|Masquerain, L87, F|264/264\n|-ability|p1a: Masquerain|Intimidate|boost\n|-fail|p2a: Solgaleo|unboost|[from] ability: Full Metal Body|[of] p2a: Solgaleo\n|move|p2a: Solgaleo|Psychic Fangs|p1a: Masquerain\n|-damage|p1a: Masquerain|158/264\n|\n|upkeep\n|turn|6\n|inactive|Dezurom has 120 seconds left.\n|inactive|Dezurom has 90 seconds left.\n|\n|t:|1771190942\n|move|p1a: Masquerain|Quiver Dance|p1a: Masquerain\n|-boost|p1a: Masquerain|spa|1\n|-boost|p1a: Masquerain|spd|1\n|-boost|p1a: Masquerain|spe|1\n|move|p2a: Solgaleo|Sunsteel Strike|p1a: Masquerain\n|-damage|p1a: Masquerain|25/264\n|\n|upkeep\n|turn|7\n|\n|t:|1771190950\n|move|p1a: Masquerain|Bug Buzz|p2a: Solgaleo\n|-damage|p2a: Solgaleo|145/325\n|move|p2a: Solgaleo|Psychic Fangs|p1a: Masquerain\n|-damage|p1a: Masquerain|0 fnt\n|faint|p1a: Masquerain\n|\n|-heal|p2a: Solgaleo|165/325|[from] item: Leftovers\n|upkeep\n|\n|t:|1771190958\n|switch|p1a: Gholdengo|Gholdengo, L77|261/261\n|turn|8\n|\n|t:|1771190967\n|switch|p2a: Mightyena|Mightyena, L96, F|290/290\n|-ability|p2a: Mightyena|Intimidate|boost\n|-unboost|p1a: Gholdengo|atk|1\n|move|p1a: Gholdengo|Shadow Ball|p2a: Mightyena\n|-resisted|p2a: Mightyena\n|-damage|p2a: Mightyena|257/290\n|\n|upkeep\n|turn|9\n|\n|t:|1771190975\n|switch|p1a: Eternatus|Eternatus, L69|308/308\n|-ability|p1a: Eternatus|Pressure\n|move|p2a: Mightyena|Throat Chop|p1a: Eternatus\n|-damage|p1a: Eternatus|182/308\n|-start|p1a: Eternatus|Throat Chop|[silent]\n|\n|upkeep\n|turn|10\n|\n|t:|1771190992\n|move|p1a: Eternatus|Meteor Beam||[still]\n|-prepare|p1a: Eternatus|Meteor Beam\n|-boost|p1a: Eternatus|spa|1\n|-enditem|p1a: Eternatus|Power Herb\n|-anim|p1a: Eternatus|Meteor Beam|p2a: Mightyena\n|-damage|p2a: Mightyena|167/290\n|move|p2a: Mightyena|Throat Chop|p1a: Eternatus\n|-damage|p1a: Eternatus|58/308\n|\n|-end|p1a: Eternatus|Throat Chop|[silent]\n|upkeep\n|turn|11\n|\n|t:|1771191001\n|move|p2a: Mightyena|Sucker Punch|p1a: Eternatus\n|-damage|p1a: Eternatus|0 fnt\n|faint|p1a: Eternatus\n|\n|upkeep\n|\n|t:|1771191004\n|switch|p1a: Iron Valiant|Iron Valiant, L78|220/244\n|turn|12\n|\n|t:|1771191009\n|switch|p2a: Talonflame|Talonflame, L83, M|265/265\n|move|p1a: Iron Valiant|Moonblast|p2a: Talonflame\n|-resisted|p2a: Talonflame\n|-damage|p2a: Talonflame|177/265\n|-unboost|p2a: Talonflame|spa|1\n|-damage|p1a: Iron Valiant|196/244|[from] item: Life Orb\n|\n|upkeep\n|turn|13\n|\n|t:|1771191020\n|-end|p1a: Iron Valiant|Quark Drive|[silent]\n|switch|p1a: Gholdengo|Gholdengo, L77|261/261\n|move|p2a: Talonflame|Brave Bird|p1a: Gholdengo\n|-resisted|p1a: Gholdengo\n|-damage|p1a: Gholdengo|204/261\n|-damage|p2a: Talonflame|158/265|[from] Recoil\n|\n|upkeep\n|turn|14\n|\n|t:|1771191028\n|switch|p2a: Mightyena|Mightyena, L96, F|167/290\n|-ability|p2a: Mightyena|Intimidate|boost\n|-unboost|p1a: Gholdengo|atk|1\n|move|p1a: Gholdengo|Shadow Ball|p2a: Mightyena\n|-resisted|p2a: Mightyena\n|-damage|p2a: Mightyena|135/290\n|\n|upkeep\n|turn|15\n|\n|t:|1771191033\n|switch|p1a: Rabsca|Rabsca, L91, M|284/284\n|move|p2a: Mightyena|Throat Chop|p1a: Rabsca\n|-supereffective|p1a: Rabsca\n|-damage|p1a: Rabsca|80/284\n|-start|p1a: Rabsca|Throat Chop|[silent]\n|\n|upkeep\n|turn|16\n|\n|t:|1771191038\n|move|p2a: Mightyena|Throat Chop|p1a: Rabsca\n|-supereffective|p1a: Rabsca\n|-damage|p1a: Rabsca|0 fnt\n|faint|p1a: Rabsca\n|\n|upkeep\n|\n|t:|1771191040\n|switch|p1a: Iron Valiant|Iron Valiant, L78|196/244\n|turn|17\n|\n|t:|1771191046\n|switch|p2a: Slither Wing|Slither Wing, L81|270/270\n|move|p1a: Iron Valiant|Calm Mind|p1a: Iron Valiant\n|-boost|p1a: Iron Valiant|spa|1\n|-boost|p1a: Iron Valiant|spd|1\n|\n|upkeep\n|turn|18\n|\n|t:|1771191053\n|move|p1a: Iron Valiant|Moonblast|p2a: Slither Wing\n|-supereffective|p2a: Slither Wing\n|-damage|p2a: Slither Wing|0 fnt\n|faint|p2a: Slither Wing\n|-end|p2a: Slither Wing|Protosynthesis|[silent]\n|-damage|p1a: Iron Valiant|172/244|[from] item: Life Orb\n|\n|upkeep\n|\n|t:|1771191067\n|switch|p2a: Greninja|Greninja, L80, M|246/246\n|turn|19\n|\n|t:|1771191078\n|-terastallize|p2a: Greninja|Poison\n|move|p2a: Greninja|Gunk Shot|p1a: Iron Valiant\n|-supereffective|p1a: Iron Valiant\n|-damage|p1a: Iron Valiant|0 fnt\n|faint|p1a: Iron Valiant\n|-end|p1a: Iron Valiant|Quark Drive|[silent]\n|-ability|p2a: Greninja|Battle Bond|boost\n|-boost|p2a: Greninja|atk|1\n|-boost|p2a: Greninja|spa|1\n|-boost|p2a: Greninja|spe|1\n|-activate|p2a: Greninja|ability: Battle Bond\n|-damage|p2a: Greninja|222/246|[from] item: Life Orb\n|\n|upkeep\n|\n|t:|1771191083\n|switch|p1a: Gholdengo|Gholdengo, L77|204/261\n|turn|20\n|\n|t:|1771191086\n|-terastallize|p1a: Gholdengo|Ghost\n|move|p2a: Greninja|Dark Pulse|p1a: Gholdengo\n|-supereffective|p1a: Gholdengo\n|-damage|p1a: Gholdengo|0 fnt\n|faint|p1a: Gholdengo\n|-damage|p2a: Greninja|198/246|[from] item: Life Orb\n|\n|win|Dezurom\n|raw|JPtheIII's rating: 1824 &rarr; <strong>1806</strong><br />(-18 for losing)\n|raw|Dezurom's rating: 1856 &rarr; <strong>1874</strong><br />(+18 for winning)\n|l|☆JPtheIII\n|player|p1|\n|c|☆Dezurom|gg\n", "inputlog": ">version 686819e5e19f8a7fd2345cfc5a08a5085efa2cc3\n>start {\"formatid\":\"gen9randombattle\",\"seed\":\"sodium,0082583b7167dd911661fde2d97c5b6a\",\"rated\":\"Rated battle\"}\n>player p1 {\"name\":\"JPtheIII\",\"avatar\":\"101\",\"rating\":1824,\"seed\":\"sodium,4832dfc774370602c501a69b80a3d928\"}\n>player p2 {\"name\":\"Dezurom\",\"avatar\":\"steven\",\"rating\":1856,\"seed\":\"sodium,603b86af4d80fabb2a7074470d027aed\"}\n>p1 move hurricane\n>p2 switch 3\n>p1 switch 5\n>p2 move swordsdance\n>p1 move stoneedge\n>p2 move highhorsepower\n>p1 switch 2\n>p1 move closecombat\n>p2 move iciclecrash\n>p2 switch 4\n>p1 switch 5\n>p2 move psychicfangs\n>p1 move quiverdance\n>p2 move sunsteelstrike\n>p1 move bugbuzz\n>p2 move psychicfangs\n>p1 switch 6\n>p1 move shadowball\n>p2 switch 6\n>p1 switch 4\n>p2 move throatchop\n>p1 move meteorbeam\n>p2 move throatchop\n>p1 move dynamaxcannon\n>p2 move suckerpunch\n>p1 switch 5\n>p1 move moonblast\n>p2 switch 5\n>p1 switch 4\n>p2 move bravebird\n>p1 move shadowball\n>p2 switch 5\n>p1 switch 3\n>p2 move throatchop\n>p1 move revivalblessing\n>p2 move throatchop\n>p1 switch 4\n>p1 move calmmind\n>p2 switch 3\n>p1 move moonblast\n>p2 move flareblitz\n>p2 switch 2\n>p1 move moonblast\n>p2 move gunkshot terastallize\n>p1 switch 3\n>p1 move shadowball terastallize\n>p2 move darkpulse", "uploadtime": 1771191097, "views": 11, "formatid": "gen9randombattle", "rating": 1806, "private": 0, "password": null}