{"id": "gen9randombattle-2540886264", "format": "[Gen 9] Random Battle", "players": ["Axtell", "rameadam"], "log": "|j|☆Axtell\n|j|☆rameadam\n|t:|1771263969\n|gametype|singles\n|player|p1|Axtell|cynthia|1833\n|player|p2|rameadam|2|1823\n|gen|9\n|tier|[Gen 9] Random Battle\n|rated|\n|rule|Species Clause: Limit one of each Pokémon\n|rule|HP Percentage Mod: HP is shown in percentages\n|rule|Sleep Clause Mod: Limit one foe put to sleep\n|rule|Illusion Level Mod: Illusion disguises the Pokémon's true level\n|\n|t:|1771263969\n|teamsize|p1|6\n|teamsize|p2|6\n|start\n|switch|p1a: Kleavor|Kleavor, L78, F|237/237\n|switch|p2a: Emboar|Emboar, L84, M|322/322\n|turn|1\n|inactive|Battle timer is ON: inactive players will automatically lose when time's up. (requested by Axtell)\n|\n|t:|1771263985\n|move|p1a: Kleavor|Stone Axe|p2a: Emboar\n|-damage|p2a: Emboar|163/322\n|-sidestart|p2: rameadam|move: Stealth Rock\n|move|p2a: Emboar|Scald|p1a: Kleavor\n|-supereffective|p1a: Kleavor\n|-damage|p1a: Kleavor|93/237\n|\n|upkeep\n|turn|2\n|\n|t:|1771263997\n|switch|p1a: Pikachu|Pikachu-Sinnoh, L93, F|216/216\n|move|p2a: Emboar|Close Combat|p1a: Pikachu\n|-crit|p1a: Pikachu\n|-damage|p1a: Pikachu|0 fnt\n|-unboost|p2a: Emboar|def|1\n|-unboost|p2a: Emboar|spd|1\n|faint|p1a: Pikachu\n|\n|upkeep\n|\n|t:|1771264004\n|switch|p1a: Kleavor|Kleavor, L78, F|93/237\n|turn|3\n|\n|t:|1771264020\n|move|p2a: Emboar|Sucker Punch|p1a: Kleavor\n|-damage|p1a: Kleavor|29/237\n|move|p1a: Kleavor|Stone Axe|p2a: Emboar\n|-damage|p2a: Emboar|0 fnt\n|faint|p2a: Emboar\n|\n|upkeep\n|\n|t:|1771264034\n|switch|p2a: Toxicroak|Toxicroak, L84, M|277/277\n|-damage|p2a: Toxicroak|260/277|[from] Stealth Rock\n|turn|4\n|\n|t:|1771264043\n|switch|p1a: Gliscor|Gliscor, L76, F|239/239\n|move|p2a: Toxicroak|Swords Dance|p2a: Toxicroak\n|-boost|p2a: Toxicroak|atk|2\n|\n|-status|p1a: Gliscor|tox|[from] item: Toxic Orb\n|upkeep\n|turn|5\n|\n|t:|1771264063\n|switch|p2a: Bruxish|Bruxish, L85, M|254/254\n|-damage|p2a: Bruxish|223/254|[from] Stealth Rock\n|move|p1a: Gliscor|Protect||[still]\n|-fail|p1a: Gliscor\n|\n|upkeep\n|turn|6\n|\n|t:|1771264070\n|switch|p1a: Kleavor|Kleavor, L78, F|29/237\n|move|p2a: Bruxish|Wave Crash|p1a: Kleavor\n|-supereffective|p1a: Kleavor\n|-damage|p1a: Kleavor|0 fnt\n|faint|p1a: Kleavor\n|-damage|p2a: Bruxish|213/254|[from] Recoil\n|\n|upkeep\n|\n|t:|1771264078\n|switch|p1a: Arceus|Arceus-Electric, L70|284/284\n|turn|7\n|inactive|rameadam has 120 seconds left.\n|\n|t:|1771264116\n|switch|p2a: Toxicroak|Toxicroak, L84, M|260/277\n|-damage|p2a: Toxicroak|243/277|[from] Stealth Rock\n|move|p1a: Arceus|Calm Mind|p1a: Arceus\n|-boost|p1a: Arceus|spa|1\n|-boost|p1a: Arceus|spd|1\n|\n|upkeep\n|turn|8\n|inactive|rameadam has 120 seconds left.\n|\n|t:|1771264133\n|move|p1a: Arceus|Judgment|p2a: Toxicroak\n|-damage|p2a: Toxicroak|59/277\n|move|p2a: Toxicroak|Earthquake|p1a: Arceus\n|-supereffective|p1a: Arceus\n|-damage|p1a: Arceus|112/284\n|-damage|p2a: Toxicroak|32/277|[from] item: Life Orb\n|\n|upkeep\n|turn|9\n|\n|t:|1771264142\n|move|p1a: Arceus|Judgment|p2a: Toxicroak\n|-damage|p2a: Toxicroak|0 fnt\n|faint|p2a: Toxicroak\n|\n|upkeep\n|\n|t:|1771264163\n|switch|p2a: Regidrago|Regidrago, L77|435/435\n|-damage|p2a: Regidrago|381/435|[from] Stealth Rock\n|turn|10\n|\n|t:|1771264168\n|-terastallize|p1a: Arceus|Ice\n|move|p1a: Arceus|Judgment|p2a: Regidrago\n|-resisted|p2a: Regidrago\n|-damage|p2a: Regidrago|258/435\n|move|p2a: Regidrago|Dragon Dance|p2a: Regidrago\n|-boost|p2a: Regidrago|atk|1\n|-boost|p2a: Regidrago|spe|1\n|\n|upkeep\n|turn|11\n|inactive|rameadam has 90 seconds left.\n|\n|t:|1771264198\n|switch|p1a: Wigglytuff|Wigglytuff, L96, F|424/424\n|move|p2a: Regidrago|Outrage|p1a: Wigglytuff\n|-immune|p1a: Wigglytuff\n|\n|upkeep\n|turn|12\n|inactive|rameadam has 90 seconds left.\n|\n|t:|1771264211\n|move|p2a: Regidrago|Earthquake|p1a: Wigglytuff\n|-damage|p1a: Wigglytuff|308/424\n|move|p1a: Wigglytuff|Thunder Wave|p2a: Regidrago\n|-status|p2a: Regidrago|par\n|-enditem|p2a: Regidrago|Lum Berry|[eat]\n|-curestatus|p2a: Regidrago|par|[msg]\n|\n|-heal|p1a: Wigglytuff|334/424|[from] item: Leftovers\n|upkeep\n|turn|13\n|\n|t:|1771264218\n|move|p2a: Regidrago|Earthquake|p1a: Wigglytuff\n|-crit|p1a: Wigglytuff\n|-damage|p1a: Wigglytuff|132/424\n|move|p1a: Wigglytuff|Thunder Wave|p2a: Regidrago\n|-status|p2a: Regidrago|par\n|\n|-heal|p1a: Wigglytuff|158/424|[from] item: Leftovers\n|upkeep\n|turn|14\n|\n|t:|1771264223\n|move|p1a: Wigglytuff|Protect|p1a: Wigglytuff\n|-singleturn|p1a: Wigglytuff|Protect\n|cant|p2a: Regidrago|par\n|\n|-heal|p1a: Wigglytuff|184/424|[from] item: Leftovers\n|upkeep\n|turn|15\n|\n|t:|1771264225\n|move|p1a: Wigglytuff|Wish|p1a: Wigglytuff\n|move|p2a: Regidrago|Dragon Dance|p2a: Regidrago\n|-boost|p2a: Regidrago|atk|1\n|-boost|p2a: Regidrago|spe|1\n|\n|-heal|p1a: Wigglytuff|210/424|[from] item: Leftovers\n|upkeep\n|turn|16\n|inactive|rameadam has 120 seconds left.\n|\n|t:|1771264231\n|move|p1a: Wigglytuff|Protect|p1a: Wigglytuff\n|-singleturn|p1a: Wigglytuff|Protect\n|move|p2a: Regidrago|Earthquake|p1a: Wigglytuff\n|-activate|p1a: Wigglytuff|move: Protect\n|\n|-heal|p1a: Wigglytuff|422/424|[from] move: Wish|[wisher] Wigglytuff\n|-heal|p1a: Wigglytuff|424/424|[from] item: Leftovers\n|upkeep\n|turn|17\n|\n|t:|1771264233\n|move|p2a: Regidrago|Earthquake|p1a: Wigglytuff\n|-damage|p1a: Wigglytuff|263/424\n|move|p1a: Wigglytuff|Alluring Voice|p2a: Regidrago\n|-supereffective|p2a: Regidrago\n|-damage|p2a: Regidrago|0 fnt\n|faint|p2a: Regidrago\n|\n|-heal|p1a: Wigglytuff|289/424|[from] item: Leftovers\n|upkeep\n|\n|t:|1771264241\n|switch|p2a: Bruxish|Bruxish, L85, M|213/254\n|-damage|p2a: Bruxish|182/254|[from] Stealth Rock\n|turn|18\n|\n|t:|1771264245\n|move|p1a: Wigglytuff|Protect|p1a: Wigglytuff\n|-singleturn|p1a: Wigglytuff|Protect\n|move|p2a: Bruxish|Wave Crash|p1a: Wigglytuff\n|-activate|p1a: Wigglytuff|move: Protect\n|\n|-heal|p1a: Wigglytuff|315/424|[from] item: Leftovers\n|upkeep\n|turn|19\n|\n|t:|1771264254\n|move|p2a: Bruxish|Wave Crash|p1a: Wigglytuff\n|-damage|p1a: Wigglytuff|32/424\n|-damage|p2a: Bruxish|89/254|[from] Recoil\n|move|p1a: Wigglytuff|Wish|p1a: Wigglytuff\n|\n|-heal|p1a: Wigglytuff|58/424|[from] item: Leftovers\n|upkeep\n|turn|20\n|\n|t:|1771264259\n|move|p1a: Wigglytuff|Protect|p1a: Wigglytuff\n|-singleturn|p1a: Wigglytuff|Protect\n|move|p2a: Bruxish|Wave Crash|p1a: Wigglytuff\n|-activate|p1a: Wigglytuff|move: Protect\n|\n|-heal|p1a: Wigglytuff|270/424|[from] move: Wish|[wisher] Wigglytuff\n|-heal|p1a: Wigglytuff|296/424|[from] item: Leftovers\n|upkeep\n|turn|21\n|\n|t:|1771264262\n|move|p2a: Bruxish|Wave Crash|p1a: Wigglytuff\n|-damage|p1a: Wigglytuff|26/424\n|-damage|p2a: Bruxish|0 fnt|[from] Recoil\n|faint|p2a: Bruxish\n|move|p1a: Wigglytuff|Wish|p1a: Wigglytuff\n|\n|-heal|p1a: Wigglytuff|52/424|[from] item: Leftovers\n|upkeep\n|\n|t:|1771264269\n|switch|p2a: Zacian|Zacian, L69|241/241\n|-damage|p2a: Zacian|211/241|[from] Stealth Rock\n|-ability|p2a: Zacian|Intrepid Sword|boost\n|-boost|p2a: Zacian|atk|1\n|turn|22\n|\n|t:|1771264271\n|move|p2a: Zacian|Swords Dance|p2a: Zacian\n|-boost|p2a: Zacian|atk|2\n|move|p1a: Wigglytuff|Thunder Wave|p2a: Zacian\n|-status|p2a: Zacian|par\n|\n|-heal|p1a: Wigglytuff|264/424|[from] move: Wish|[wisher] Wigglytuff\n|-heal|p1a: Wigglytuff|290/424|[from] item: Leftovers\n|upkeep\n|turn|23\n|\n|t:|1771264280\n|move|p1a: Wigglytuff|Alluring Voice|p2a: Zacian\n|-damage|p2a: Zacian|117/241 par\n|cant|p2a: Zacian|par\n|\n|-heal|p1a: Wigglytuff|316/424|[from] item: Leftovers\n|upkeep\n|turn|24\n|\n|t:|1771264285\n|move|p1a: Wigglytuff|Alluring Voice|p2a: Zacian\n|-crit|p2a: Zacian\n|-damage|p2a: Zacian|0 fnt\n|faint|p2a: Zacian\n|\n|-heal|p1a: Wigglytuff|342/424|[from] item: Leftovers\n|upkeep\n|\n|t:|1771264292\n|switch|p2a: Iron Bundle|Iron Bundle, L78|215/215\n|-damage|p2a: Iron Bundle|162/215|[from] Stealth Rock\n|turn|25\n|\n|t:|1771264296\n|move|p1a: Wigglytuff|Protect|p1a: Wigglytuff\n|-singleturn|p1a: Wigglytuff|Protect\n|move|p2a: Iron Bundle|Substitute|p2a: Iron Bundle\n|-start|p2a: Iron Bundle|Substitute\n|-damage|p2a: Iron Bundle|109/215\n|\n|-heal|p2a: Iron Bundle|122/215|[from] item: Leftovers\n|-heal|p1a: Wigglytuff|368/424|[from] item: Leftovers\n|upkeep\n|turn|26\n|\n|t:|1771264306\n|-terastallize|p2a: Iron Bundle|Water\n|move|p2a: Iron Bundle|Hydro Pump|p1a: Wigglytuff\n|-damage|p1a: Wigglytuff|166/424\n|move|p1a: Wigglytuff|Alluring Voice|p2a: Iron Bundle\n|-damage|p2a: Iron Bundle|0 fnt\n|faint|p2a: Iron Bundle\n|-end|p2a: Iron Bundle|Quark Drive|[silent]\n|\n|win|Axtell\n|raw|Axtell's rating: 1833 &rarr; <strong>1852</strong><br />(+19 for winning)\n|raw|rameadam's rating: 1823 &rarr; <strong>1804</strong><br />(-19 for losing)\n", "inputlog": ">version 686819e5e19f8a7fd2345cfc5a08a5085efa2cc3\n>start {\"formatid\":\"gen9randombattle\",\"seed\":\"sodium,059f89af3e6e0cdbbd5b8ef9594c5977\",\"rated\":\"Rated battle\"}\n>player p1 {\"name\":\"Axtell\",\"avatar\":\"cynthia\",\"rating\":1833,\"seed\":\"sodium,c2e5cdf468d7db1a9d8afcd25ae36a22\"}\n>player p2 {\"name\":\"rameadam\",\"avatar\":\"2\",\"rating\":1823,\"seed\":\"sodium,e5861036cc6f06bb62a4a9073542fb44\"}\n>p1 move stoneaxe\n>p2 move scald\n>p1 switch 4\n>p2 move closecombat\n>p1 switch 4\n>p1 move stoneaxe\n>p2 move suckerpunch\n>p2 switch 3\n>p1 switch 3\n>p2 move swordsdance\n>p1 move protect\n>p2 switch 2\n>p1 switch 3\n>p2 move wavecrash\n>p1 switch 2\n>p1 move calmmind\n>p2 switch 2\n>p1 move judgment\n>p2 move earthquake\n>p1 move judgment\n>p2 move earthquake\n>p2 switch 6\n>p1 move judgment terastallize\n>p2 move dragondance\n>p1 switch 6\n>p2 move outrage\n>p1 move thunderwave\n>p2 move earthquake\n>p1 move thunderwave\n>p2 move earthquake\n>p1 move protect\n>p2 move earthquake\n>p1 move wish\n>p2 move dragondance\n>p1 move protect\n>p2 move earthquake\n>p1 move alluringvoice\n>p2 move earthquake\n>p2 switch 2\n>p1 move protect\n>p2 move wavecrash\n>p1 move wish\n>p2 move wavecrash\n>p1 move protect\n>p2 move wavecrash\n>p1 move wish\n>p2 move wavecrash\n>p2 switch 5\n>p1 move thunderwave\n>p2 move swordsdance\n>p1 move alluringvoice\n>p2 move playrough\n>p1 move alluringvoice\n>p2 move playrough\n>p2 switch 4\n>p1 move protect\n>p2 move substitute\n>p1 move alluringvoice\n>p2 move hydropump terastallize", "uploadtime": 1771264315, "views": 3, "formatid": "gen9randombattle", "rating": 1804, "private": 0, "password": null}