{"id": "gen9randombattle-2540340349", "format": "[Gen 9] Random Battle", "players": ["mila&mareanie", "bionic master"], "log": "|j|☆mila&mareanie\n|j|☆bionic master\n|t:|1771190583\n|gametype|singles\n|player|p1|mila&mareanie|flannery|1576\n|player|p2|bionic master|101|1609\n|gen|9\n|tier|[Gen 9] Random Battle\n|rated|\n|rule|Species Clause: Limit one of each Pokémon\n|rule|HP Percentage Mod: HP is shown in percentages\n|rule|Sleep Clause Mod: Limit one foe put to sleep\n|rule|Illusion Level Mod: Illusion disguises the Pokémon's true level\n|\n|t:|1771190583\n|teamsize|p1|6\n|teamsize|p2|6\n|start\n|switch|p1a: Flareon|Flareon, L90, M|263/263\n|switch|p2a: Ho-Oh|Ho-Oh, L71|268/268\n|turn|1\n|inactive|Battle timer is ON: inactive players will automatically lose when time's up. (requested by bionic master)\n|\n|t:|1771190598\n|move|p2a: Ho-Oh|Earthquake|p1a: Flareon\n|-supereffective|p1a: Flareon\n|-damage|p1a: Flareon|105/263\n|move|p1a: Flareon|Trailblaze|p2a: Ho-Oh\n|-resisted|p2a: Ho-Oh\n|-damage|p2a: Ho-Oh|254/268\n|-boost|p1a: Flareon|spe|1\n|\n|-status|p1a: Flareon|tox|[from] item: Toxic Orb\n|upkeep\n|turn|2\n|inactive|mila&mareanie has 120 seconds left.\n|inactive|mila&mareanie has 90 seconds left.\n|\n|t:|1771190678\n|-terastallize|p1a: Flareon|Normal\n|move|p1a: Flareon|Facade|p2a: Ho-Oh\n|-damage|p2a: Ho-Oh|0 fnt\n|faint|p2a: Ho-Oh\n|\n|-damage|p1a: Flareon|89/263 tox|[from] psn\n|upkeep\n|\n|t:|1771190692\n|switch|p2a: Azumarill|Azumarill, L82, F|298/298\n|turn|3\n|\n|t:|1771190697\n|move|p2a: Azumarill|Aqua Jet|p1a: Flareon\n|-damage|p1a: Flareon|28/263 tox\n|move|p1a: Flareon|Facade|p2a: Azumarill\n|-damage|p2a: Azumarill|0 fnt\n|faint|p2a: Azumarill\n|\n|-damage|p1a: Flareon|0 fnt|[from] psn\n|faint|p1a: Flareon\n|upkeep\n|inactive|mila&mareanie has 90 seconds left.\n|\n|t:|1771190708\n|switch|p1a: Cetitan|Cetitan, L82, M|412/412\n|switch|p2a: Pyroar|Pyroar, L88, F|295/295\n|-ability|p2a: Pyroar|Unnerve\n|turn|4\n|inactive|mila&mareanie has 90 seconds left.\n|\n|t:|1771190728\n|switch|p1a: Kommo-o|Kommo-o, L78, M|245/245\n|move|p2a: Pyroar|Fire Blast|p1a: Kommo-o\n|-resisted|p1a: Kommo-o\n|-damage|p1a: Kommo-o|174/245\n|\n|upkeep\n|turn|5\n|\n|t:|1771190742\n|switch|p2a: Swanna|Swanna, L89, M|278/278\n|move|p1a: Kommo-o|Close Combat|p2a: Swanna\n|-resisted|p2a: Swanna\n|-damage|p2a: Swanna|209/278\n|-unboost|p1a: Kommo-o|def|1\n|-unboost|p1a: Kommo-o|spd|1\n|\n|upkeep\n|turn|6\n|inactive|mila&mareanie has 90 seconds left.\n|\n|t:|1771190753\n|switch|p1a: Cetitan|Cetitan, L82, M|412/412\n|move|p2a: Swanna|Brave Bird|p1a: Cetitan\n|-damage|p1a: Cetitan|241/412\n|-damage|p2a: Swanna|153/278|[from] Recoil\n|\n|upkeep\n|turn|7\n|\n|t:|1771190758\n|move|p2a: Swanna|Roost|p2a: Swanna\n|-heal|p2a: Swanna|278/278\n|-singleturn|p2a: Swanna|move: Roost\n|move|p1a: Cetitan|Ice Spinner|p2a: Swanna\n|-resisted|p2a: Swanna\n|-damage|p2a: Swanna|221/278\n|\n|upkeep\n|turn|8\n|\n|t:|1771190765\n|move|p2a: Swanna|Hydro Pump|p1a: Cetitan\n|-damage|p1a: Cetitan|66/412\n|-enditem|p1a: Cetitan|Sitrus Berry|[eat]\n|-heal|p1a: Cetitan|169/412|[from] item: Sitrus Berry\n|move|p1a: Cetitan|Ice Spinner|p2a: Swanna\n|-damage|p2a: Swanna|103/278\n|\n|upkeep\n|turn|9\n|\n|t:|1771190775\n|move|p2a: Swanna|Roost|p2a: Swanna\n|-heal|p2a: Swanna|242/278\n|-singleturn|p2a: Swanna|move: Roost\n|move|p1a: Cetitan|Earthquake|p2a: Swanna\n|-damage|p2a: Swanna|145/278\n|\n|upkeep\n|turn|10\n|\n|t:|1771190782\n|move|p1a: Cetitan|Ice Shard|p2a: Swanna\n|-damage|p2a: Swanna|88/278\n|move|p2a: Swanna|Roost|p2a: Swanna\n|-heal|p2a: Swanna|227/278\n|-singleturn|p2a: Swanna|move: Roost\n|\n|upkeep\n|turn|11\n|\n|t:|1771190786\n|move|p1a: Cetitan|Ice Shard|p2a: Swanna\n|-damage|p2a: Swanna|175/278\n|move|p2a: Swanna|Hydro Pump|p1a: Cetitan\n|-damage|p1a: Cetitan|0 fnt\n|faint|p1a: Cetitan\n|\n|upkeep\n|inactive|mila&mareanie has 120 seconds left.\n|\n|t:|1771190800\n|switch|p1a: Arceus|Arceus-Poison, L70|284/284\n|turn|12\n|\n|t:|1771190813\n|switch|p2a: Pyroar|Pyroar, L88, F|295/295\n|-ability|p2a: Pyroar|Unnerve\n|move|p1a: Arceus|Dragon Dance|p1a: Arceus\n|-boost|p1a: Arceus|atk|1\n|-boost|p1a: Arceus|spe|1\n|\n|upkeep\n|turn|13\n|\n|t:|1771190820\n|move|p1a: Arceus|Earthquake|p2a: Pyroar\n|-supereffective|p2a: Pyroar\n|-damage|p2a: Pyroar|91/295\n|move|p2a: Pyroar|Fire Blast|p1a: Arceus\n|-damage|p1a: Arceus|142/284\n|\n|upkeep\n|turn|14\n|\n|t:|1771190826\n|move|p1a: Arceus|Earthquake|p2a: Pyroar\n|-supereffective|p2a: Pyroar\n|-damage|p2a: Pyroar|0 fnt\n|faint|p2a: Pyroar\n|\n|upkeep\n|\n|t:|1771190835\n|switch|p2a: Sawsbuck|Sawsbuck, L88, F|284/284\n|turn|15\n|\n|t:|1771190838\n|-terastallize|p2a: Sawsbuck|Normal\n|move|p1a: Arceus|Gunk Shot|p2a: Sawsbuck\n|-damage|p2a: Sawsbuck|82/284\n|move|p2a: Sawsbuck|High Horsepower|p1a: Arceus\n|-supereffective|p1a: Arceus\n|-damage|p1a: Arceus|0 fnt\n|faint|p1a: Arceus\n|-damage|p2a: Sawsbuck|54/284|[from] item: Life Orb\n|\n|upkeep\n|\n|t:|1771190846\n|switch|p1a: Hawlucha|Hawlucha, L80, M|256/256\n|turn|16\n|\n|t:|1771190857\n|move|p1a: Hawlucha|Close Combat|p2a: Sawsbuck\n|-supereffective|p2a: Sawsbuck\n|-damage|p2a: Sawsbuck|0 fnt\n|-unboost|p1a: Hawlucha|def|1\n|-unboost|p1a: Hawlucha|spd|1\n|faint|p2a: Sawsbuck\n|-enditem|p1a: Hawlucha|White Herb\n|-clearnegativeboost|p1a: Hawlucha|[silent]\n|\n|upkeep\n|\n|t:|1771190859\n|switch|p2a: Swanna|Swanna, L89, M|175/278\n|turn|17\n|\n|t:|1771190864\n|move|p1a: Hawlucha|Acrobatics|p2a: Swanna\n|-damage|p2a: Swanna|58/278\n|move|p2a: Swanna|Roost|p2a: Swanna\n|-heal|p2a: Swanna|197/278\n|-singleturn|p2a: Swanna|move: Roost\n|\n|upkeep\n|turn|18\n|\n|t:|1771190869\n|move|p1a: Hawlucha|Swords Dance|p1a: Hawlucha\n|-boost|p1a: Hawlucha|atk|2\n|move|p2a: Swanna|Brave Bird|p1a: Hawlucha\n|-supereffective|p1a: Hawlucha\n|-damage|p1a: Hawlucha|0 fnt\n|faint|p1a: Hawlucha\n|-damage|p2a: Swanna|113/278|[from] Recoil\n|\n|upkeep\n|\n|t:|1771190874\n|switch|p1a: Glastrier|Glastrier, L86|312/312\n|turn|19\n|\n|t:|1771190879\n|move|p2a: Swanna|Roost|p2a: Swanna\n|-heal|p2a: Swanna|252/278\n|-singleturn|p2a: Swanna|move: Roost\n|move|p1a: Glastrier|Icicle Crash|p2a: Swanna|[miss]\n|-miss|p1a: Glastrier|p2a: Swanna\n|\n|upkeep\n|turn|20\n|\n|t:|1771190884\n|move|p2a: Swanna|Hydro Pump|p1a: Glastrier\n|-damage|p1a: Glastrier|206/312\n|move|p1a: Glastrier|Swords Dance|p1a: Glastrier\n|-boost|p1a: Glastrier|atk|2\n|\n|upkeep\n|turn|21\n|\n|t:|1771190889\n|move|p2a: Swanna|Hydro Pump|p1a: Glastrier|[miss]\n|-miss|p2a: Swanna|p1a: Glastrier\n|move|p1a: Glastrier|Icicle Crash|p2a: Swanna\n|-damage|p2a: Swanna|0 fnt\n|faint|p2a: Swanna\n|-ability|p1a: Glastrier|Chilling Neigh|boost\n|-boost|p1a: Glastrier|atk|1\n|\n|upkeep\n|\n|t:|1771190893\n|switch|p2a: Hydrapple|Hydrapple, L83, M|312/312\n|turn|22\n|inactive|mila&mareanie has 120 seconds left.\n|\n|t:|1771190949\n|move|p2a: Hydrapple|Draco Meteor|p1a: Glastrier\n|-damage|p1a: Glastrier|0 fnt\n|-unboost|p2a: Hydrapple|spa|2\n|faint|p1a: Glastrier\n|\n|upkeep\n|\n|t:|1771190954\n|switch|p1a: Kommo-o|Kommo-o, L78, M|174/245\n|turn|23\n|\n|t:|1771190959\n|move|p1a: Kommo-o|Scale Shot|p2a: Hydrapple\n|-supereffective|p2a: Hydrapple\n|-damage|p2a: Hydrapple|268/312\n|-supereffective|p2a: Hydrapple\n|-damage|p2a: Hydrapple|226/312\n|-supereffective|p2a: Hydrapple\n|-damage|p2a: Hydrapple|178/312\n|-supereffective|p2a: Hydrapple\n|-damage|p2a: Hydrapple|134/312\n|-supereffective|p2a: Hydrapple\n|-damage|p2a: Hydrapple|92/312\n|-hitcount|p2a: Hydrapple|5\n|-unboost|p1a: Kommo-o|def|1\n|-boost|p1a: Kommo-o|spe|1\n|move|p2a: Hydrapple|Draco Meteor|p1a: Kommo-o\n|-supereffective|p1a: Kommo-o\n|-damage|p1a: Kommo-o|0 fnt\n|-unboost|p2a: Hydrapple|spa|2\n|faint|p1a: Kommo-o\n|\n|win|bionic master\n|raw|mila&amp;mareanie's rating: 1576 &rarr; <strong>1558</strong><br />(-18 for losing)\n|raw|bionic master's rating: 1609 &rarr; <strong>1627</strong><br />(+18 for winning)\n|c|☆bionic master|gg\n", "inputlog": ">version 686819e5e19f8a7fd2345cfc5a08a5085efa2cc3\n>start {\"formatid\":\"gen9randombattle\",\"seed\":\"sodium,3dfdd436f8914c3a925aa7b3459a72d4\",\"rated\":\"Rated battle\"}\n>player p1 {\"name\":\"mila&mareanie\",\"avatar\":\"flannery\",\"rating\":1576,\"seed\":\"sodium,16ec03a798034c0a8d8d41831810ddda\"}\n>player p2 {\"name\":\"bionic master\",\"avatar\":\"101\",\"rating\":1609,\"seed\":\"sodium,3e23ce84247f08b9f257d01b42c9e931\"}\n>p1 move trailblaze\n>p2 move earthquake\n>p1 move facade terastallize\n>p2 move earthquake\n>p2 switch 5\n>p1 move facade\n>p2 move aquajet\n>p1 switch 6\n>p2 switch 2\n>p1 switch 3\n>p2 move fireblast\n>p1 move closecombat\n>p2 switch 3\n>p1 switch 3\n>p2 move bravebird\n>p1 move icespinner\n>p2 move roost\n>p1 move icespinner\n>p2 move hydropump\n>p1 move earthquake\n>p2 move roost\n>p1 move iceshard\n>p2 move roost\n>p1 move iceshard\n>p2 move hydropump\n>p1 switch 4\n>p1 move dragondance\n>p2 switch 3\n>p1 move earthquake\n>p2 move fireblast\n>p1 move earthquake\n>p2 move fireblast\n>p2 switch 6\n>p1 move gunkshot\n>p2 move highhorsepower terastallize\n>p1 switch 2\n>p1 move closecombat\n>p2 move doubleedge\n>p2 switch 3\n>p1 move acrobatics\n>p2 move roost\n>p1 move swordsdance\n>p2 move bravebird\n>p1 switch 5\n>p1 move iciclecrash\n>p2 move roost\n>p1 move swordsdance\n>p2 move hydropump\n>p1 move iciclecrash\n>p2 move hydropump\n>p2 switch 4\n>p1 move iciclecrash\n>p2 move dracometeor\n>p1 switch 3\n>p1 move scaleshot\n>p2 move dracometeor", "uploadtime": 1771190977, "views": 7, "formatid": "gen9randombattle", "rating": 1558, "private": 0, "password": null}