{"id": "gen9randombattle-2540015369", "format": "[Gen 9] Random Battle", "players": ["napalmde4th", "jjhgv"], "log": "|j|‽napalmde4th\n|j|☆jjhgv\n|t:|1771145132\n|gametype|singles\n|player|p1|napalmde4th|169|1660\n|player|p2|jjhgv|lillie-masters2|1699\n|gen|9\n|tier|[Gen 9] Random Battle\n|rated|\n|rule|Species Clause: Limit one of each Pokémon\n|rule|HP Percentage Mod: HP is shown in percentages\n|rule|Sleep Clause Mod: Limit one foe put to sleep\n|rule|Illusion Level Mod: Illusion disguises the Pokémon's true level\n|\n|t:|1771145132\n|teamsize|p1|6\n|teamsize|p2|6\n|start\n|switch|p1a: Dragonite|Dragonite, L74, F|257/257\n|switch|p2a: Dondozo|Dondozo, L78, M|362/362\n|turn|1\n|\n|t:|1771145144\n|switch|p1a: Meowscarada|Meowscarada, L78, F|247/247\n|move|p2a: Dondozo|Wave Crash|p1a: Meowscarada\n|-resisted|p1a: Meowscarada\n|-damage|p1a: Meowscarada|180/247\n|-damage|p2a: Dondozo|340/362|[from] Recoil\n|\n|-heal|p2a: Dondozo|362/362|[from] item: Leftovers\n|upkeep\n|turn|2\n|\n|t:|1771145151\n|switch|p2a: Skarmory|Skarmory, L80, M|235/235\n|move|p1a: Meowscarada|Flower Trick|p2a: Skarmory\n|-start|p1a: Meowscarada|typechange|Grass|[from] ability: Protean\n|-resisted|p2a: Skarmory\n|-crit|p2a: Skarmory\n|-damage|p2a: Skarmory|210/235\n|-damage|p1a: Meowscarada|156/247|[from] item: Life Orb\n|\n|-heal|p2a: Skarmory|224/235|[from] item: Leftovers\n|upkeep\n|turn|3\n|\n|t:|1771145163\n|switch|p1a: Meowstic|Meowstic-F, L89, F|277/277\n|move|p2a: Skarmory|Brave Bird|p1a: Meowstic\n|-damage|p1a: Meowstic|178/277\n|-damage|p2a: Skarmory|191/235|[from] Recoil\n|\n|-heal|p2a: Skarmory|205/235|[from] item: Leftovers\n|upkeep\n|turn|4\n|inactive|Battle timer is ON: inactive players will automatically lose when time's up. (requested by napalmde4th)\n|\n|t:|1771145173\n|switch|p2a: Kricketune|Kricketune, L99, M|312/312\n|move|p1a: Meowstic|Dark Pulse|p2a: Kricketune\n|-damage|p2a: Kricketune|224/312\n|-damage|p1a: Meowstic|151/277|[from] item: Life Orb\n|\n|upkeep\n|turn|5\n|\n|t:|1771145188\n|switch|p1a: Noctowl|Noctowl, L95, M|344/344\n|move|p2a: Kricketune|Sticky Web|p1a: Noctowl\n|-sidestart|p1: napalmde4th|move: Sticky Web\n|\n|upkeep\n|turn|6\n|\n|t:|1771145195\n|move|p1a: Noctowl|Hurricane|p2a: Kricketune\n|-supereffective|p2a: Kricketune\n|-damage|p2a: Kricketune|0 fnt\n|faint|p2a: Kricketune\n|\n|upkeep\n|\n|t:|1771145202\n|switch|p2a: Skuntank|Skuntank, L84, M|310/310\n|turn|7\n|\n|t:|1771145214\n|switch|p1a: Terrakion|Terrakion, L79|273/273\n|-activate|p1a: Terrakion|move: Sticky Web\n|-unboost|p1a: Terrakion|spe|1\n|-terastallize|p2a: Skuntank|Poison\n|move|p2a: Skuntank|Gunk Shot|p1a: Terrakion\n|-resisted|p1a: Terrakion\n|-damage|p1a: Terrakion|164/273\n|-damage|p2a: Skuntank|279/310|[from] item: Life Orb\n|\n|upkeep\n|turn|8\n|\n|t:|1771145225\n|switch|p2a: Skarmory|Skarmory, L80, M|205/235\n|move|p1a: Terrakion|Earthquake|p2a: Skarmory\n|-immune|p2a: Skarmory\n|\n|-heal|p2a: Skarmory|219/235|[from] item: Leftovers\n|upkeep\n|turn|9\n|\n|t:|1771145235\n|switch|p1a: Noctowl|Noctowl, L95, M|344/344\n|move|p2a: Skarmory|Brave Bird|p1a: Noctowl\n|-damage|p1a: Noctowl|212/344\n|-damage|p2a: Skarmory|175/235|[from] Recoil\n|\n|-heal|p2a: Skarmory|189/235|[from] item: Leftovers\n|upkeep\n|turn|10\n|\n|t:|1771145253\n|switch|p2a: Skuntank|Skuntank, L84, M, tera:Poison|279/310\n|move|p1a: Noctowl|Nasty Plot|p1a: Noctowl\n|-boost|p1a: Noctowl|spa|2\n|\n|upkeep\n|turn|11\n|\n|t:|1771145258\n|switch|p1a: Terrakion|Terrakion, L79|164/273\n|-activate|p1a: Terrakion|move: Sticky Web\n|-unboost|p1a: Terrakion|spe|1\n|move|p2a: Skuntank|Gunk Shot|p1a: Terrakion\n|-resisted|p1a: Terrakion\n|-damage|p1a: Terrakion|54/273\n|-damage|p2a: Skuntank|248/310|[from] item: Life Orb\n|\n|upkeep\n|turn|12\n|\n|t:|1771145262\n|move|p2a: Skuntank|Knock Off|p1a: Terrakion\n|-resisted|p1a: Terrakion\n|-damage|p1a: Terrakion|0 fnt\n|-enditem|p1a: Terrakion|Life Orb|[from] move: Knock Off|[of] p2a: Skuntank\n|faint|p1a: Terrakion\n|-damage|p2a: Skuntank|217/310|[from] item: Life Orb\n|\n|upkeep\n|\n|t:|1771145282\n|switch|p1a: Dragonite|Dragonite, L74, F|257/257\n|turn|13\n|\n|t:|1771145291\n|switch|p2a: Skarmory|Skarmory, L80, M|189/235\n|move|p1a: Dragonite|Earthquake|p2a: Skarmory\n|-immune|p2a: Skarmory\n|\n|-heal|p2a: Skarmory|203/235|[from] item: Leftovers\n|upkeep\n|turn|14\n|-message|napalmde4th forfeited.\n|\n|win|jjhgv\n|raw|napalmde4th's rating: 1660 &rarr; <strong>1642</strong><br />(-18 for losing)\n|raw|jjhgv's rating: 1699 &rarr; <strong>1717</strong><br />(+18 for winning)\n|l|‽napalmde4th\n|player|p1|\n", "inputlog": ">version 686819e5e19f8a7fd2345cfc5a08a5085efa2cc3\n>start {\"formatid\":\"gen9randombattle\",\"seed\":\"sodium,531f6038de57b261c6059d6530910c7d\",\"rated\":\"Rated battle\"}\n>player p1 {\"name\":\"napalmde4th\",\"avatar\":\"169\",\"rating\":1660,\"seed\":\"sodium,6accd61a077c26e977ec1fd530b08dc3\"}\n>player p2 {\"name\":\"jjhgv\",\"avatar\":\"lillie-masters2\",\"rating\":1699,\"seed\":\"sodium,60e31dca16cfeb26cc1e3a813aac76bd\"}\n>p1 switch 4\n>p2 move wavecrash\n>p1 move flowertrick\n>p2 switch 5\n>p1 switch 6\n>p2 move bravebird\n>p1 move darkpulse\n>p2 switch 4\n>p1 switch 2\n>p2 move stickyweb\n>p1 move hurricane\n>p2 move pounce\n>p2 switch 2\n>p1 switch 5\n>p2 move gunkshot terastallize\n>p1 move earthquake\n>p2 switch 4\n>p1 switch 5\n>p2 move bravebird\n>p1 move nastyplot\n>p2 switch 4\n>p1 switch 5\n>p2 move gunkshot\n>p1 move stoneedge\n>p2 move knockoff\n>p1 switch 4\n>p1 move earthquake\n>p2 switch 4\n>forcelose p1", "uploadtime": 1771145301, "views": 21, "formatid": "gen9randombattle", "rating": 1642, "private": 0, "password": null}