{"id": "gen9randombattle-2540628023", "format": "[Gen 9] Random Battle", "players": ["Mattattac", "duckybucky2"], "log": "|j|☆Mattattac\n|j|☆duckybucky2\n|t:|1771230144\n|gametype|singles\n|player|p1|Mattattac|169|1547\n|player|p2|duckybucky2|101|1604\n|gen|9\n|tier|[Gen 9] Random Battle\n|rated|\n|rule|Species Clause: Limit one of each Pokémon\n|rule|HP Percentage Mod: HP is shown in percentages\n|rule|Sleep Clause Mod: Limit one foe put to sleep\n|rule|Illusion Level Mod: Illusion disguises the Pokémon's true level\n|\n|t:|1771230144\n|teamsize|p1|6\n|teamsize|p2|6\n|start\n|switch|p1a: Ribombee|Ribombee, L83, M|235/235\n|switch|p2a: Glaceon|Glaceon, L94, M|275/275\n|turn|1\n|inactive|Battle timer is ON: inactive players will automatically lose when time's up. (requested by duckybucky2)\n|c|☆Mattattac|yo\n|inactive|duckybucky2 has 120 seconds left.\n|\n|t:|1771230198\n|switch|p1a: Iron Bundle|Iron Bundle, L78|215/215\n|switch|p2a: Mismagius|Mismagius, L86, F|243/243\n|\n|upkeep\n|turn|2\n|\n|t:|1771230208\n|move|p1a: Iron Bundle|Substitute|p1a: Iron Bundle\n|-start|p1a: Iron Bundle|Substitute\n|-damage|p1a: Iron Bundle|162/215\n|move|p2a: Mismagius|Substitute|p2a: Mismagius\n|-start|p2a: Mismagius|Substitute\n|-damage|p2a: Mismagius|183/243\n|\n|-heal|p1a: Iron Bundle|175/215|[from] item: Leftovers\n|-heal|p2a: Mismagius|198/243|[from] item: Leftovers\n|upkeep\n|turn|3\n|\n|t:|1771230216\n|move|p1a: Iron Bundle|Encore|p2a: Mismagius\n|-start|p2a: Mismagius|Encore\n|move|p2a: Mismagius|Substitute|p2a: Mismagius\n|-fail|p2a: Mismagius|move: Substitute\n|\n|-heal|p1a: Iron Bundle|188/215|[from] item: Leftovers\n|-heal|p2a: Mismagius|213/243|[from] item: Leftovers\n|upkeep\n|turn|4\n|\n|t:|1771230238\n|switch|p2a: Electrode|Electrode, L92|260/260\n|move|p1a: Iron Bundle|Hydro Pump|p2a: Electrode\n|-damage|p2a: Electrode|140/260\n|\n|-heal|p2a: Electrode|156/260|[from] item: Leftovers\n|-heal|p1a: Iron Bundle|201/215|[from] item: Leftovers\n|upkeep\n|turn|5\n|\n|t:|1771230246\n|move|p2a: Electrode|Thunderbolt|p1a: Iron Bundle\n|-supereffective|p1a: Iron Bundle\n|-end|p1a: Iron Bundle|Substitute\n|move|p1a: Iron Bundle|Encore|p2a: Electrode\n|-start|p2a: Electrode|Encore\n|\n|-heal|p2a: Electrode|172/260|[from] item: Leftovers\n|-heal|p1a: Iron Bundle|214/215|[from] item: Leftovers\n|upkeep\n|turn|6\n|\n|t:|1771230252\n|-end|p1a: Iron Bundle|Quark Drive|[silent]\n|switch|p1a: Clodsire|Clodsire, L81, M|343/343\n|move|p2a: Electrode|Thunderbolt|p1a: Clodsire\n|-immune|p1a: Clodsire\n|\n|-heal|p2a: Electrode|188/260|[from] item: Leftovers\n|upkeep\n|turn|7\n|\n|t:|1771230266\n|switch|p2a: Mismagius|Mismagius, L86, F|213/243\n|move|p1a: Clodsire|Stealth Rock|p2a: Mismagius\n|-sidestart|p2: duckybucky2|move: Stealth Rock\n|\n|-heal|p2a: Mismagius|228/243|[from] item: Leftovers\n|upkeep\n|turn|8\n|\n|t:|1771230273\n|switch|p1a: Iron Bundle|Iron Bundle, L78|214/215\n|move|p2a: Mismagius|Substitute|p2a: Mismagius\n|-start|p2a: Mismagius|Substitute\n|-damage|p2a: Mismagius|168/243\n|\n|-heal|p1a: Iron Bundle|215/215|[from] item: Leftovers\n|-heal|p2a: Mismagius|183/243|[from] item: Leftovers\n|upkeep\n|turn|9\n|\n|t:|1771230280\n|switch|p2a: Electrode|Electrode, L92|188/260\n|-damage|p2a: Electrode|156/260|[from] Stealth Rock\n|move|p1a: Iron Bundle|Hydro Pump|p2a: Electrode|[miss]\n|-miss|p1a: Iron Bundle|p2a: Electrode\n|\n|-heal|p2a: Electrode|172/260|[from] item: Leftovers\n|upkeep\n|turn|10\n|\n|t:|1771230288\n|-end|p1a: Iron Bundle|Quark Drive|[silent]\n|switch|p1a: Clodsire|Clodsire, L81, M|343/343\n|move|p2a: Electrode|Thunder Wave|p1a: Clodsire\n|-immune|p1a: Clodsire\n|\n|-heal|p2a: Electrode|188/260|[from] item: Leftovers\n|upkeep\n|turn|11\n|\n|t:|1771230292\n|switch|p1a: Iron Bundle|Iron Bundle, L78|215/215\n|move|p2a: Electrode|Taunt|p1a: Iron Bundle\n|-start|p1a: Iron Bundle|move: Taunt\n|\n|-heal|p2a: Electrode|204/260|[from] item: Leftovers\n|upkeep\n|turn|12\n|\n|t:|1771230297\n|-end|p1a: Iron Bundle|Quark Drive|[silent]\n|switch|p1a: Clodsire|Clodsire, L81, M|343/343\n|move|p2a: Electrode|Thunder Wave|p1a: Clodsire\n|-immune|p1a: Clodsire\n|\n|-heal|p2a: Electrode|220/260|[from] item: Leftovers\n|upkeep\n|turn|13\n|\n|t:|1771230300\n|move|p2a: Electrode|Thunder Wave|p1a: Clodsire\n|-immune|p1a: Clodsire\n|move|p1a: Clodsire|Earthquake|p2a: Electrode\n|-supereffective|p2a: Electrode\n|-damage|p2a: Electrode|44/260\n|\n|-heal|p2a: Electrode|60/260|[from] item: Leftovers\n|upkeep\n|turn|14\n|\n|t:|1771230312\n|switch|p2a: Mismagius|Mismagius, L86, F|183/243\n|-damage|p2a: Mismagius|153/243|[from] Stealth Rock\n|move|p1a: Clodsire|Earthquake|p2a: Mismagius\n|-immune|p2a: Mismagius|[from] ability: Levitate\n|\n|-heal|p2a: Mismagius|168/243|[from] item: Leftovers\n|upkeep\n|turn|15\n|\n|t:|1771230318\n|switch|p1a: Iron Bundle|Iron Bundle, L78|215/215\n|move|p2a: Mismagius|Shadow Ball|p1a: Iron Bundle\n|-crit|p1a: Iron Bundle\n|-damage|p1a: Iron Bundle|19/215\n|\n|-heal|p1a: Iron Bundle|32/215|[from] item: Leftovers\n|-heal|p2a: Mismagius|183/243|[from] item: Leftovers\n|upkeep\n|turn|16\n|inactive|Mattattac has 120 seconds left.\n|\n|t:|1771230356\n|-end|p1a: Iron Bundle|Quark Drive|[silent]\n|switch|p1a: Clodsire|Clodsire, L81, M|343/343\n|move|p2a: Mismagius|Shadow Ball|p1a: Clodsire\n|-damage|p1a: Clodsire|252/343\n|-unboost|p1a: Clodsire|spd|1\n|\n|-heal|p2a: Mismagius|198/243|[from] item: Leftovers\n|-heal|p1a: Clodsire|273/343|[from] item: Leftovers\n|upkeep\n|turn|17\n|\n|t:|1771230365\n|move|p2a: Mismagius|Shadow Ball|p1a: Clodsire\n|-damage|p1a: Clodsire|141/343\n|move|p1a: Clodsire|Gunk Shot|p2a: Mismagius\n|-resisted|p2a: Mismagius\n|-damage|p2a: Mismagius|132/243\n|-status|p2a: Mismagius|psn\n|\n|-heal|p2a: Mismagius|147/243 psn|[from] item: Leftovers\n|-heal|p1a: Clodsire|162/343|[from] item: Leftovers\n|-damage|p2a: Mismagius|117/243 psn|[from] psn\n|upkeep\n|turn|18\n|\n|t:|1771230371\n|move|p2a: Mismagius|Shadow Ball|p1a: Clodsire\n|-damage|p1a: Clodsire|35/343\n|move|p1a: Clodsire|Recover|p1a: Clodsire\n|-heal|p1a: Clodsire|207/343\n|\n|-heal|p2a: Mismagius|132/243 psn|[from] item: Leftovers\n|-heal|p1a: Clodsire|228/343|[from] item: Leftovers\n|-damage|p2a: Mismagius|102/243 psn|[from] psn\n|upkeep\n|turn|19\n|\n|t:|1771230383\n|move|p2a: Mismagius|Nasty Plot|p2a: Mismagius\n|-boost|p2a: Mismagius|spa|2\n|move|p1a: Clodsire|Recover|p1a: Clodsire\n|-heal|p1a: Clodsire|343/343\n|\n|-heal|p2a: Mismagius|117/243 psn|[from] item: Leftovers\n|-damage|p2a: Mismagius|87/243 psn|[from] psn\n|upkeep\n|turn|20\n|\n|t:|1771230388\n|move|p2a: Mismagius|Shadow Ball|p1a: Clodsire\n|-damage|p1a: Clodsire|202/343\n|move|p1a: Clodsire|Gunk Shot|p2a: Mismagius\n|-resisted|p2a: Mismagius\n|-damage|p2a: Mismagius|23/243 psn\n|\n|-heal|p2a: Mismagius|38/243 psn|[from] item: Leftovers\n|-heal|p1a: Clodsire|223/343|[from] item: Leftovers\n|-damage|p2a: Mismagius|8/243 psn|[from] psn\n|upkeep\n|turn|21\n|\n|t:|1771230394\n|move|p2a: Mismagius|Shadow Ball|p1a: Clodsire\n|-damage|p1a: Clodsire|94/343\n|move|p1a: Clodsire|Recover|p1a: Clodsire\n|-heal|p1a: Clodsire|266/343\n|\n|-heal|p2a: Mismagius|23/243 psn|[from] item: Leftovers\n|-heal|p1a: Clodsire|287/343|[from] item: Leftovers\n|-damage|p2a: Mismagius|0 fnt|[from] psn\n|faint|p2a: Mismagius\n|upkeep\n|\n|t:|1771230402\n|switch|p2a: Azumarill|Azumarill, L82, F|298/298\n|-damage|p2a: Azumarill|261/298|[from] Stealth Rock\n|turn|22\n|\n|t:|1771230429\n|switch|p1a: Bruxish|Bruxish, L85, M|254/254\n|move|p2a: Azumarill|Liquidation|p1a: Bruxish\n|-resisted|p1a: Bruxish\n|-damage|p1a: Bruxish|153/254\n|\n|upkeep\n|turn|23\n|\n|t:|1771230439\n|switch|p2a: Electrode|Electrode, L92|60/260\n|-damage|p2a: Electrode|28/260|[from] Stealth Rock\n|move|p1a: Bruxish|Psychic Fangs|p2a: Electrode\n|-damage|p2a: Electrode|0 fnt\n|faint|p2a: Electrode\n|\n|upkeep\n|\n|t:|1771230463\n|switch|p2a: Glaceon|Glaceon, L94, M|275/275\n|turn|24\n|\n|t:|1771230469\n|move|p1a: Bruxish|Psychic Fangs|p2a: Glaceon\n|-damage|p2a: Glaceon|116/275\n|move|p2a: Glaceon|Freeze-Dry|p1a: Bruxish\n|-supereffective|p1a: Bruxish\n|-damage|p1a: Bruxish|0 fnt\n|faint|p1a: Bruxish\n|\n|upkeep\n|inactive|Mattattac has 120 seconds left.\n|\n|t:|1771230500\n|switch|p1a: Iron Bundle|Iron Bundle, L78|32/215\n|turn|25\n|\n|t:|1771230508\n|move|p2a: Glaceon|Protect|p2a: Glaceon\n|-singleturn|p2a: Glaceon|Protect\n|move|p1a: Iron Bundle|Hydro Pump|p2a: Glaceon\n|-activate|p2a: Glaceon|move: Protect\n|\n|-heal|p1a: Iron Bundle|45/215|[from] item: Leftovers\n|upkeep\n|turn|26\n|\n|t:|1771230524\n|move|p1a: Iron Bundle|Freeze-Dry|p2a: Glaceon\n|-resisted|p2a: Glaceon\n|-damage|p2a: Glaceon|86/275\n|move|p2a: Glaceon|Freeze-Dry|p1a: Iron Bundle\n|-damage|p1a: Iron Bundle|0 fnt\n|faint|p1a: Iron Bundle\n|-end|p1a: Iron Bundle|Quark Drive|[silent]\n|\n|upkeep\n|\n|t:|1771230534\n|switch|p1a: Haxorus|Haxorus, L77, M|244/244\n|-ability|p1a: Haxorus|Mold Breaker\n|turn|27\n|\n|t:|1771230541\n|-terastallize|p1a: Haxorus|Steel\n|move|p1a: Haxorus|Dragon Dance|p1a: Haxorus\n|-boost|p1a: Haxorus|atk|1\n|-boost|p1a: Haxorus|spe|1\n|move|p2a: Glaceon|Wish|p2a: Glaceon\n|\n|upkeep\n|turn|28\n|\n|t:|1771230550\n|move|p1a: Haxorus|Dragon Dance|p1a: Haxorus\n|-boost|p1a: Haxorus|atk|1\n|-boost|p1a: Haxorus|spe|1\n|move|p2a: Glaceon|Mud Shot|p1a: Haxorus\n|-supereffective|p1a: Haxorus\n|-damage|p1a: Haxorus|98/244\n|-unboost|p1a: Haxorus|spe|1\n|\n|-heal|p2a: Glaceon|223/275|[from] move: Wish|[wisher] Glaceon\n|upkeep\n|turn|29\n|\n|t:|1771230558\n|move|p1a: Haxorus|Iron Head|p2a: Glaceon\n|-supereffective|p2a: Glaceon\n|-damage|p2a: Glaceon|0 fnt\n|faint|p2a: Glaceon\n|\n|upkeep\n|\n|t:|1771230586\n|switch|p2a: Zekrom|Zekrom, L71|259/259\n|-damage|p2a: Zekrom|227/259|[from] Stealth Rock\n|-ability|p2a: Zekrom|Teravolt\n|turn|30\n|\n|t:|1771230600\n|-terastallize|p2a: Zekrom|Steel\n|move|p1a: Haxorus|Earthquake|p2a: Zekrom\n|-supereffective|p2a: Zekrom\n|-damage|p2a: Zekrom|0 fnt\n|faint|p2a: Zekrom\n|\n|upkeep\n|c|☆Mattattac|lol\n|c|☆Mattattac|ggs\n|\n|t:|1771230609\n|switch|p2a: Azumarill|Azumarill, L82, F|261/298\n|-damage|p2a: Azumarill|224/298|[from] Stealth Rock\n|turn|31\n|\n|t:|1771230616\n|move|p2a: Azumarill|Aqua Jet|p1a: Haxorus\n|-damage|p1a: Haxorus|11/244\n|move|p1a: Haxorus|Iron Head|p2a: Azumarill\n|-damage|p2a: Azumarill|0 fnt\n|faint|p2a: Azumarill\n|\n|upkeep\n|\n|t:|1771230621\n|switch|p2a: Goodra|Goodra, L85, M|292/292\n|-damage|p2a: Goodra|256/292|[from] Stealth Rock\n|turn|32\n|\n|t:|1771230632\n|move|p1a: Haxorus|Outrage|p2a: Goodra\n|-supereffective|p2a: Goodra\n|-damage|p2a: Goodra|0 fnt\n|faint|p2a: Goodra\n|\n|win|Mattattac\n|raw|Mattattac's rating: 1547 &rarr; <strong>1570</strong><br />(+23 for winning)\n|raw|duckybucky2's rating: 1604 &rarr; <strong>1581</strong><br />(-23 for losing)\n|l|☆duckybucky2\n|player|p2|\n", "inputlog": ">version 686819e5e19f8a7fd2345cfc5a08a5085efa2cc3\n>start {\"formatid\":\"gen9randombattle\",\"seed\":\"sodium,bc30ab08f6804ef4f485e59f3673a5d5\",\"rated\":\"Rated battle\"}\n>player p1 {\"name\":\"Mattattac\",\"avatar\":\"169\",\"rating\":1547,\"seed\":\"sodium,77e8825933e5b76d7f1775847440cca3\"}\n>player p2 {\"name\":\"duckybucky2\",\"avatar\":\"101\",\"rating\":1604,\"seed\":\"sodium,debe156955e2bafabfcea65c8fad0c70\"}\n>chat ☆Mattattac|yo \n>p1 switch 3\n>p2 switch 6\n>p1 move substitute\n>p2 move substitute\n>p1 move encore\n>p2 move shadowball\n>p1 move hydropump\n>p2 switch 3\n>p1 move encore\n>p2 move thunderbolt\n>p1 switch 2\n>p2 move thunderbolt\n>p1 move stealthrock\n>p2 switch 3\n>p1 switch 2\n>p2 move substitute\n>p1 move hydropump\n>p2 switch 3\n>p1 switch 2\n>p2 move thunderwave\n>p1 switch 2\n>p2 move taunt\n>p1 switch 2\n>p2 move thunderwave\n>p1 move earthquake\n>p2 move thunderwave\n>p1 move earthquake\n>p2 switch 3\n>p1 switch 2\n>p2 move shadowball\n>p1 switch 2\n>p2 move shadowball\n>p1 move gunkshot\n>p2 move shadowball\n>p1 move recover\n>p2 move shadowball\n>p1 move recover\n>p2 move nastyplot\n>p1 move gunkshot\n>p2 move shadowball\n>p1 move recover\n>p2 move shadowball\n>p2 switch 2\n>p1 switch 4\n>p2 move liquidation\n>p1 move psychicfangs\n>p2 switch 3\n>p2 switch 6\n>p1 move psychicfangs\n>p2 move freezedry\n>p1 switch 2\n>p1 move hydropump\n>p2 move protect\n>p1 move freezedry\n>p2 move freezedry\n>p1 switch 6\n>p1 move dragondance terastallize\n>p2 move wish\n>p1 move dragondance\n>p2 move mudshot\n>p1 move ironhead\n>p2 move mudshot\n>p2 switch 4\n>p1 move earthquake\n>p2 move boltstrike terastallize\n>chat ☆Mattattac|lol\n>chat ☆Mattattac|ggs \n>p2 switch 3\n>p1 move ironhead\n>p2 move aquajet\n>p2 switch 5\n>p1 move outrage\n>p2 move earthquake", "uploadtime": 1771230637, "views": 14, "formatid": "gen9randombattle", "rating": 1570, "private": 0, "password": null}