{"id": "gen9randombattle-2540358970", "format": "[Gen 9] Random Battle", "players": ["improvguy", "DarkGang2"], "log": "|j|☆improvguy\n|j|☆DarkGang2\n|t:|1771192640\n|gametype|singles\n|player|p1|improvguy|cameraman|1675\n|player|p2|DarkGang2|101|1637\n|gen|9\n|tier|[Gen 9] Random Battle\n|rated|\n|rule|Species Clause: Limit one of each Pokémon\n|rule|HP Percentage Mod: HP is shown in percentages\n|rule|Sleep Clause Mod: Limit one foe put to sleep\n|rule|Illusion Level Mod: Illusion disguises the Pokémon's true level\n|\n|t:|1771192640\n|teamsize|p1|6\n|teamsize|p2|6\n|start\n|switch|p1a: Rhydon|Rhydon, L85, M|317/317\n|switch|p2a: Latios|Latios, L78, M|253/253\n|turn|1\n|inactive|Battle timer is ON: inactive players will automatically lose when time's up. (requested by DarkGang2)\n|\n|t:|1771192657\n|move|p2a: Latios|Aura Sphere|p1a: Rhydon\n|-supereffective|p1a: Rhydon\n|-damage|p1a: Rhydon|131/317\n|move|p1a: Rhydon|Megahorn|p2a: Latios\n|-supereffective|p2a: Latios\n|-damage|p2a: Latios|0 fnt\n|faint|p2a: Latios\n|\n|upkeep\n|inactive|DarkGang2 has 120 seconds left.\n|\n|t:|1771192696\n|switch|p2a: Kyogre|Kyogre, L71|259/259\n|-weather|RainDance|[from] ability: Drizzle|[of] p2a: Kyogre\n|turn|2\n|\n|t:|1771192712\n|switch|p1a: Lanturn|Lanturn, L89, F|367/367\n|move|p2a: Kyogre|Ice Beam|p1a: Lanturn\n|-resisted|p1a: Lanturn\n|-damage|p1a: Lanturn|336/367\n|\n|-weather|RainDance|[upkeep]\n|upkeep\n|turn|3\n|\n|t:|1771192718\n|switch|p2a: Abomasnow|Abomasnow, L84, M|287/287\n|-weather|Snowscape|[from] ability: Snow Warning|[of] p2a: Abomasnow\n|move|p1a: Lanturn|Thunder Wave|p2a: Abomasnow\n|-status|p2a: Abomasnow|par\n|\n|-weather|Snowscape|[upkeep]\n|upkeep\n|turn|4\n|\n|t:|1771192724\n|move|p1a: Lanturn|Volt Switch|p2a: Abomasnow\n|-resisted|p2a: Abomasnow\n|-damage|p2a: Abomasnow|251/287 par\n|\n|t:|1771192733\n|switch|p1a: Rhydon|Rhydon, L85, M|131/317|[from] Volt Switch\n|move|p2a: Abomasnow|Aurora Veil|p2a: Abomasnow\n|-sidestart|p2: DarkGang2|move: Aurora Veil\n|\n|-weather|Snowscape|[upkeep]\n|upkeep\n|turn|5\n|\n|t:|1771192743\n|move|p1a: Rhydon|Stone Edge|p2a: Abomasnow\n|-supereffective|p2a: Abomasnow\n|-damage|p2a: Abomasnow|155/287 par\n|cant|p2a: Abomasnow|par\n|\n|-weather|Snowscape|[upkeep]\n|upkeep\n|turn|6\n|\n|t:|1771192750\n|move|p1a: Rhydon|Stone Edge|p2a: Abomasnow\n|-supereffective|p2a: Abomasnow\n|-damage|p2a: Abomasnow|52/287 par\n|move|p2a: Abomasnow|Wood Hammer|p1a: Rhydon\n|-supereffective|p1a: Rhydon\n|-damage|p1a: Rhydon|0 fnt\n|faint|p1a: Rhydon\n|-damage|p2a: Abomasnow|9/287 par|[from] Recoil\n|\n|-weather|Snowscape|[upkeep]\n|upkeep\n|\n|t:|1771192756\n|switch|p1a: Lanturn|Lanturn, L89, F|336/367\n|turn|7\n|\n|t:|1771192758\n|move|p1a: Lanturn|Thunderbolt|p2a: Abomasnow\n|-resisted|p2a: Abomasnow\n|-damage|p2a: Abomasnow|0 fnt\n|faint|p2a: Abomasnow\n|\n|-weather|none\n|upkeep\n|\n|t:|1771192767\n|switch|p2a: Glalie|Glalie, L96, F|309/309\n|turn|8\n|\n|t:|1771192775\n|move|p2a: Glalie|Freeze-Dry|p1a: Lanturn\n|-supereffective|p1a: Lanturn\n|-damage|p1a: Lanturn|168/367\n|move|p1a: Lanturn|Thunder Wave|p2a: Glalie\n|-status|p2a: Glalie|par\n|\n|upkeep\n|turn|9\n|\n|t:|1771192781\n|move|p1a: Lanturn|Volt Switch|p2a: Glalie\n|-damage|p2a: Glalie|275/309 par\n|\n|t:|1771192784\n|switch|p1a: Luxray|Luxray, L88, M|284/284|[from] Volt Switch\n|-ability|p1a: Luxray|Intimidate|boost\n|-fail|p2a: Glalie|unboost|Attack|[from] ability: Inner Focus|[of] p2a: Glalie\n|cant|p2a: Glalie|par\n|\n|upkeep\n|turn|10\n|\n|t:|1771192789\n|move|p1a: Luxray|Wild Charge|p2a: Glalie\n|-damage|p2a: Glalie|218/309 par\n|-damage|p1a: Luxray|270/284|[from] Recoil\n|move|p2a: Glalie|Earthquake|p1a: Luxray\n|-supereffective|p1a: Luxray\n|-damage|p1a: Luxray|114/284\n|\n|upkeep\n|turn|11\n|\n|t:|1771192795\n|move|p1a: Luxray|Wild Charge|p2a: Glalie\n|-damage|p2a: Glalie|162/309 par\n|-damage|p1a: Luxray|100/284|[from] Recoil\n|move|p2a: Glalie|Earthquake|p1a: Luxray\n|-supereffective|p1a: Luxray\n|-crit|p1a: Luxray\n|-damage|p1a: Luxray|0 fnt\n|faint|p1a: Luxray\n|\n|-sideend|p2: DarkGang2|move: Aurora Veil\n|upkeep\n|\n|t:|1771192800\n|switch|p1a: Iron Leaves|Iron Leaves, L80|275/275\n|turn|12\n|\n|t:|1771192805\n|move|p1a: Iron Leaves|Close Combat|p2a: Glalie\n|-supereffective|p2a: Glalie\n|-damage|p2a: Glalie|0 fnt\n|-unboost|p1a: Iron Leaves|def|1\n|-unboost|p1a: Iron Leaves|spd|1\n|faint|p2a: Glalie\n|\n|upkeep\n|\n|t:|1771192820\n|switch|p2a: Miraidon|Miraidon, L65|238/238\n|-fieldstart|move: Electric Terrain|[from] ability: Hadron Engine|[of] p2a: Miraidon\n|-activate|p1a: Iron Leaves|ability: Quark Drive\n|-start|p1a: Iron Leaves|quarkdriveatk\n|turn|13\n|\n|t:|1771192827\n|-end|p1a: Iron Leaves|Quark Drive|[silent]\n|switch|p1a: Lanturn|Lanturn, L89, F|168/367\n|move|p2a: Miraidon|Draco Meteor|p1a: Lanturn\n|-damage|p1a: Lanturn|5/367\n|-unboost|p2a: Miraidon|spa|2\n|\n|upkeep\n|turn|14\n|\n|t:|1771192833\n|move|p2a: Miraidon|Draco Meteor|p1a: Lanturn\n|-damage|p1a: Lanturn|0 fnt\n|-unboost|p2a: Miraidon|spa|2\n|faint|p1a: Lanturn\n|\n|upkeep\n|\n|t:|1771192836\n|switch|p1a: Flutter Mane|Flutter Mane, L74|203/203\n|turn|15\n|\n|t:|1771192842\n|switch|p2a: Iron Crown|Iron Crown, L78|268/268\n|-activate|p2a: Iron Crown|ability: Quark Drive\n|-start|p2a: Iron Crown|quarkdrivespa\n|move|p1a: Flutter Mane|Calm Mind|p1a: Flutter Mane\n|-boost|p1a: Flutter Mane|spa|1\n|-boost|p1a: Flutter Mane|spd|1\n|\n|upkeep\n|turn|16\n|\n|t:|1771192849\n|move|p1a: Flutter Mane|Shadow Ball|p2a: Iron Crown\n|-supereffective|p2a: Iron Crown\n|-damage|p2a: Iron Crown|0 fnt\n|faint|p2a: Iron Crown\n|-end|p2a: Iron Crown|Quark Drive|[silent]\n|-damage|p1a: Flutter Mane|183/203|[from] item: Life Orb\n|\n|upkeep\n|\n|t:|1771192852\n|switch|p2a: Kyogre|Kyogre, L71|259/259\n|-weather|RainDance|[from] ability: Drizzle|[of] p2a: Kyogre\n|turn|17\n|\n|t:|1771192872\n|move|p1a: Flutter Mane|Thunderbolt|p2a: Kyogre\n|-supereffective|p2a: Kyogre\n|-damage|p2a: Kyogre|0 fnt\n|faint|p2a: Kyogre\n|-damage|p1a: Flutter Mane|163/203|[from] item: Life Orb\n|\n|-weather|RainDance|[upkeep]\n|-fieldend|move: Electric Terrain\n|upkeep\n|\n|t:|1771192875\n|switch|p2a: Miraidon|Miraidon, L65|238/238\n|-fieldstart|move: Electric Terrain|[from] ability: Hadron Engine|[of] p2a: Miraidon\n|turn|18\n|\n|t:|1771192880\n|-terastallize|p2a: Miraidon|Electric\n|move|p1a: Flutter Mane|Moonblast|p2a: Miraidon\n|-damage|p2a: Miraidon|34/238\n|-damage|p1a: Flutter Mane|143/203|[from] item: Life Orb\n|move|p2a: Miraidon|Electro Drift|p1a: Flutter Mane\n|-damage|p1a: Flutter Mane|33/203\n|\n|-weather|RainDance|[upkeep]\n|-heal|p2a: Miraidon|48/238|[from] item: Leftovers\n|upkeep\n|turn|19\n|-message|DarkGang2 forfeited.\n|\n|win|improvguy\n|raw|improvguy's rating: 1675 &rarr; <strong>1693</strong><br />(+18 for winning)\n|raw|DarkGang2's rating: 1637 &rarr; <strong>1619</strong><br />(-18 for losing)\n|l|☆DarkGang2\n|player|p2|\n|c|☆improvguy|gg\n", "inputlog": ">version 686819e5e19f8a7fd2345cfc5a08a5085efa2cc3\n>start {\"formatid\":\"gen9randombattle\",\"seed\":\"sodium,6d787287bbd5e27f892f4465e7a4cb15\",\"rated\":\"Rated battle\"}\n>player p1 {\"name\":\"improvguy\",\"avatar\":\"cameraman\",\"rating\":1675,\"seed\":\"sodium,e40aa3f50d252a72513af0c77c29afff\"}\n>player p2 {\"name\":\"DarkGang2\",\"avatar\":\"101\",\"rating\":1637,\"seed\":\"sodium,8561158cacb2f670398a273f501e5fd6\"}\n>p1 move megahorn\n>p2 move aurasphere\n>p2 switch 2\n>p1 switch 5\n>p2 move icebeam\n>p1 move thunderwave\n>p2 switch 6\n>p1 move voltswitch\n>p2 move auroraveil\n>p1 switch 5\n>p1 move stoneedge\n>p2 move woodhammer\n>p1 move stoneedge\n>p2 move woodhammer\n>p1 switch 5\n>p1 move thunderbolt\n>p2 move woodhammer\n>p2 switch 4\n>p1 move thunderwave\n>p2 move freezedry\n>p1 move voltswitch\n>p2 move earthquake\n>p1 switch 2\n>p1 move wildcharge\n>p2 move earthquake\n>p1 move wildcharge\n>p2 move earthquake\n>p1 switch 6\n>p1 move closecombat\n>p2 move freezedry\n>p2 switch 3\n>p1 switch 2\n>p2 move dracometeor\n>p1 move thunderbolt\n>p2 move dracometeor\n>p1 switch 4\n>p1 move calmmind\n>p2 switch 5\n>p1 move shadowball\n>p2 move tachyoncutter\n>p2 switch 6\n>p1 move thunderbolt\n>p2 move originpulse\n>p2 switch 5\n>p1 move moonblast\n>p2 move electrodrift terastallize\n>forcelose p2", "uploadtime": 1771192895, "views": 13, "formatid": "gen9randombattle", "rating": 1619, "private": 0, "password": null}