{"id": "gen9randombattle-2540422892", "format": "[Gen 9] Random Battle", "players": ["albertstreaker", "CarlosFermin095"], "log": "|j|☆albertstreaker\n|j|☆CarlosFermin095\n|t:|1771200156\n|gametype|singles\n|player|p1|albertstreaker|gentleman-gen4|1584\n|player|p2|CarlosFermin095|266|1594\n|gen|9\n|tier|[Gen 9] Random Battle\n|rated|\n|rule|Species Clause: Limit one of each Pokémon\n|rule|HP Percentage Mod: HP is shown in percentages\n|rule|Sleep Clause Mod: Limit one foe put to sleep\n|rule|Illusion Level Mod: Illusion disguises the Pokémon's true level\n|\n|t:|1771200156\n|teamsize|p1|6\n|teamsize|p2|6\n|start\n|switch|p1a: Florges|Florges, L85, F|271/271\n|switch|p2a: Wo-Chien|Wo-Chien, L83|277/277\n|-ability|p2a: Wo-Chien|Tablets of Ruin\n|turn|1\n|inactive|Battle timer is ON: inactive players will automatically lose when time's up. (requested by CarlosFermin095)\n|\n|t:|1771200172\n|switch|p2a: Ho-Oh|Ho-Oh, L71|268/268\n|move|p1a: Florges|Moonblast|p2a: Ho-Oh\n|-resisted|p2a: Ho-Oh\n|-damage|p2a: Ho-Oh|226/268\n|\n|upkeep\n|turn|2\n|inactive|albertstreaker has 120 seconds left.\n|inactive|albertstreaker has 90 seconds left.\n|\n|t:|1771200233\n|switch|p1a: Misdreavus|Misdreavus, L90, M|254/254\n|move|p2a: Ho-Oh|Sacred Fire|p1a: Misdreavus\n|-crit|p1a: Misdreavus\n|-damage|p1a: Misdreavus|130/254\n|-status|p1a: Misdreavus|brn\n|\n|-damage|p1a: Misdreavus|115/254 brn|[from] brn\n|upkeep\n|turn|3\n|\n|t:|1771200244\n|move|p1a: Misdreavus|Shadow Ball|p2a: Ho-Oh\n|-damage|p2a: Ho-Oh|163/268\n|move|p2a: Ho-Oh|Sacred Fire|p1a: Misdreavus\n|-damage|p1a: Misdreavus|40/254 brn\n|\n|-damage|p1a: Misdreavus|25/254 brn|[from] brn\n|upkeep\n|turn|4\n|\n|t:|1771200253\n|move|p1a: Misdreavus|Shadow Ball|p2a: Ho-Oh\n|-damage|p2a: Ho-Oh|93/268\n|move|p2a: Ho-Oh|Recover|p2a: Ho-Oh\n|-heal|p2a: Ho-Oh|227/268\n|\n|-damage|p1a: Misdreavus|10/254 brn|[from] brn\n|upkeep\n|turn|5\n|\n|t:|1771200263\n|switch|p2a: Ursaring|Ursaring, L84, M|288/288\n|move|p1a: Misdreavus|Draining Kiss|p2a: Ursaring\n|-damage|p2a: Ursaring|260/288\n|-heal|p1a: Misdreavus|31/254 brn|[from] drain|[of] p2a: Ursaring\n|\n|-damage|p1a: Misdreavus|16/254 brn|[from] brn\n|upkeep\n|turn|6\n|\n|t:|1771200285\n|switch|p1a: Zamazenta|Zamazenta-Crowned, L68|238/238\n|-ability|p1a: Zamazenta|Dauntless Shield|boost\n|-boost|p1a: Zamazenta|def|1\n|switch|p2a: Ho-Oh|Ho-Oh, L71|268/268\n|\n|upkeep\n|turn|7\n|\n|t:|1771200294\n|move|p1a: Zamazenta|Stone Edge|p2a: Ho-Oh|[miss]\n|-miss|p1a: Zamazenta|p2a: Ho-Oh\n|move|p2a: Ho-Oh|Sacred Fire|p1a: Zamazenta\n|-supereffective|p1a: Zamazenta\n|-damage|p1a: Zamazenta|136/238\n|-status|p1a: Zamazenta|brn\n|\n|-damage|p1a: Zamazenta|122/238 brn|[from] brn\n|upkeep\n|turn|8\n|\n|t:|1771200306\n|switch|p2a: Wo-Chien|Wo-Chien, L83|277/277\n|-ability|p2a: Wo-Chien|Tablets of Ruin\n|move|p1a: Zamazenta|Stone Edge|p2a: Wo-Chien\n|-damage|p2a: Wo-Chien|258/277\n|\n|-heal|p2a: Wo-Chien|275/277|[from] item: Leftovers\n|-damage|p1a: Zamazenta|108/238 brn|[from] brn\n|upkeep\n|turn|9\n|c|☆albertstreaker|nice hax\n|\n|t:|1771200323\n|switch|p1a: Florges|Florges, L85, F|271/271\n|switch|p2a: Gothitelle|Gothitelle, L90, F|272/272\n|\n|upkeep\n|turn|10\n|\n|t:|1771200332\n|move|p2a: Gothitelle|Trick|p1a: Florges\n|-activate|p2a: Gothitelle|move: Trick|[of] p1a: Florges\n|-item|p1a: Florges|Choice Scarf|[from] move: Trick\n|-item|p2a: Gothitelle|Leftovers|[from] move: Trick\n|move|p1a: Florges|Moonblast|p2a: Gothitelle\n|-damage|p2a: Gothitelle|185/272\n|\n|-heal|p2a: Gothitelle|202/272|[from] item: Leftovers\n|upkeep\n|turn|11\n|\n|t:|1771200344\n|switch|p2a: Ho-Oh|Ho-Oh, L71|268/268\n|move|p1a: Florges|Moonblast|p2a: Ho-Oh\n|-resisted|p2a: Ho-Oh\n|-damage|p2a: Ho-Oh|225/268\n|\n|upkeep\n|turn|12\n|\n|t:|1771200360\n|move|p1a: Florges|Moonblast|p2a: Ho-Oh\n|-resisted|p2a: Ho-Oh\n|-damage|p2a: Ho-Oh|183/268\n|move|p2a: Ho-Oh|Sacred Fire|p1a: Florges\n|-damage|p1a: Florges|154/271\n|-status|p1a: Florges|brn\n|\n|-damage|p1a: Florges|138/271 brn|[from] brn\n|upkeep\n|turn|13\n|c|☆albertstreaker|lol\n|c|☆CarlosFermin095|Wow\n|\n|t:|1771200385\n|move|p1a: Florges|Moonblast|p2a: Ho-Oh\n|-resisted|p2a: Ho-Oh\n|-damage|p2a: Ho-Oh|135/268\n|move|p2a: Ho-Oh|Earthquake|p1a: Florges\n|-damage|p1a: Florges|55/271 brn\n|\n|-damage|p1a: Florges|39/271 brn|[from] brn\n|upkeep\n|turn|14\n|c|☆albertstreaker|siempre quemas tío\n|c|☆CarlosFermin095|Ni me lo creo\n|inactive|CarlosFermin095 has 120 seconds left.\n|\n|t:|1771200410\n|switch|p1a: Lunala|Lunala, L70|308/308\n|move|p2a: Ho-Oh|Earthquake|p1a: Lunala\n|-damage|p1a: Lunala|269/308\n|\n|-heal|p1a: Lunala|288/308|[from] item: Leftovers\n|upkeep\n|turn|15\n|\n|t:|1771200419\n|move|p1a: Lunala|Calm Mind|p1a: Lunala\n|-boost|p1a: Lunala|spa|1\n|-boost|p1a: Lunala|spd|1\n|move|p2a: Ho-Oh|Sacred Fire|p1a: Lunala\n|-damage|p1a: Lunala|179/308\n|-status|p1a: Lunala|brn\n|\n|-heal|p1a: Lunala|198/308 brn|[from] item: Leftovers\n|-damage|p1a: Lunala|179/308 brn|[from] brn\n|upkeep\n|turn|16\n|c|☆CarlosFermin095|xD\n|inactive|CarlosFermin095 has 120 seconds left.\n|l|☆CarlosFermin095\n|inactive|CarlosFermin095 disconnected and has a minute to reconnect!\n|player|p2|\n|j|☆CarlosFermin095\n|inactive|CarlosFermin095 reconnected and has 100 seconds left.\n|player|p2|CarlosFermin095|266|\n|inactive|albertstreaker has 90 seconds left.\n|inactive|CarlosFermin095 has 90 seconds left.\n|\n|t:|1771200471\n|switch|p2a: Wo-Chien|Wo-Chien, L83|275/277\n|-ability|p2a: Wo-Chien|Tablets of Ruin\n|move|p1a: Lunala|Moongeist Beam|p2a: Wo-Chien\n|-resisted|p2a: Wo-Chien\n|-damage|p2a: Wo-Chien|217/277\n|\n|-heal|p1a: Lunala|198/308 brn|[from] item: Leftovers\n|-heal|p2a: Wo-Chien|234/277|[from] item: Leftovers\n|-damage|p1a: Lunala|179/308 brn|[from] brn\n|upkeep\n|turn|17\n|inactive|CarlosFermin095 has 90 seconds left.\n|inactive|albertstreaker has 90 seconds left.\n|\n|t:|1771200485\n|-terastallize|p1a: Lunala|Fairy\n|move|p1a: Lunala|Calm Mind|p1a: Lunala\n|-boost|p1a: Lunala|spa|1\n|-boost|p1a: Lunala|spd|1\n|move|p2a: Wo-Chien|Knock Off|p1a: Lunala\n|-resisted|p1a: Lunala\n|-damage|p1a: Lunala|128/308 brn\n|-enditem|p1a: Lunala|Leftovers|[from] move: Knock Off|[of] p2a: Wo-Chien\n|\n|-heal|p2a: Wo-Chien|251/277|[from] item: Leftovers\n|-damage|p1a: Lunala|109/308 brn|[from] brn\n|upkeep\n|turn|18\n|inactive|CarlosFermin095 has 90 seconds left.\n|inactive|albertstreaker has 90 seconds left.\n|\n|t:|1771200498\n|move|p2a: Wo-Chien|Protect|p2a: Wo-Chien\n|-singleturn|p2a: Wo-Chien|Protect\n|move|p1a: Lunala|Moonlight|p1a: Lunala\n|-heal|p1a: Lunala|263/308 brn\n|\n|-heal|p2a: Wo-Chien|268/277|[from] item: Leftovers\n|-damage|p1a: Lunala|244/308 brn|[from] brn\n|upkeep\n|turn|19\n|inactive|CarlosFermin095 has 90 seconds left.\n|\n|t:|1771200507\n|move|p1a: Lunala|Calm Mind|p1a: Lunala\n|-boost|p1a: Lunala|spa|1\n|-boost|p1a: Lunala|spd|1\n|move|p2a: Wo-Chien|Leech Seed|p1a: Lunala\n|-start|p1a: Lunala|move: Leech Seed\n|\n|-heal|p2a: Wo-Chien|277/277|[from] item: Leftovers\n|-damage|p1a: Lunala|206/308 brn|[from] Leech Seed|[of] p2a: Wo-Chien\n|-damage|p1a: Lunala|187/308 brn|[from] brn\n|upkeep\n|turn|20\n|\n|t:|1771200518\n|move|p1a: Lunala|Calm Mind|p1a: Lunala\n|-boost|p1a: Lunala|spa|1\n|-boost|p1a: Lunala|spd|1\n|move|p2a: Wo-Chien|Ruination|p1a: Lunala\n|-damage|p1a: Lunala|94/308 brn\n|\n|-damage|p1a: Lunala|56/308 brn|[from] Leech Seed|[of] p2a: Wo-Chien\n|-damage|p1a: Lunala|37/308 brn|[from] brn\n|upkeep\n|turn|21\n|\n|t:|1771200533\n|move|p1a: Lunala|Moonlight|p1a: Lunala\n|-heal|p1a: Lunala|191/308 brn\n|move|p2a: Wo-Chien|Ruination|p1a: Lunala\n|-damage|p1a: Lunala|96/308 brn\n|\n|-damage|p1a: Lunala|58/308 brn|[from] Leech Seed|[of] p2a: Wo-Chien\n|-damage|p1a: Lunala|39/308 brn|[from] brn\n|upkeep\n|turn|22\n|\n|t:|1771200544\n|move|p1a: Lunala|Moonlight|p1a: Lunala\n|-heal|p1a: Lunala|193/308 brn\n|move|p2a: Wo-Chien|Ruination|p1a: Lunala\n|-damage|p1a: Lunala|97/308 brn\n|\n|-damage|p1a: Lunala|59/308 brn|[from] Leech Seed|[of] p2a: Wo-Chien\n|-damage|p1a: Lunala|40/308 brn|[from] brn\n|upkeep\n|turn|23\n|c|☆albertstreaker|gg\n|-message|albertstreaker forfeited.\n|\n|win|CarlosFermin095\n|raw|albertstreaker's rating: 1584 &rarr; <strong>1565</strong><br />(-19 for losing)\n|raw|CarlosFermin095's rating: 1594 &rarr; <strong>1613</strong><br />(+19 for winning)\n|l|☆albertstreaker\n|player|p1|\n|c|☆CarlosFermin095|Gg\n", "inputlog": ">version 686819e5e19f8a7fd2345cfc5a08a5085efa2cc3\n>start {\"formatid\":\"gen9randombattle\",\"seed\":\"sodium,fede3908b1cac70bd2c945c7431447c0\",\"rated\":\"Rated battle\"}\n>player p1 {\"name\":\"albertstreaker\",\"avatar\":\"gentleman-gen4\",\"rating\":1584,\"seed\":\"sodium,d0e702b164e4a21153afbedff627b099\"}\n>player p2 {\"name\":\"CarlosFermin095\",\"avatar\":\"266\",\"rating\":1594,\"seed\":\"sodium,2a9e4b6d2d85cf573a45ef5bb21ab637\"}\n>p1 move moonblast\n>p2 switch 5\n>p1 switch 4\n>p2 move sacredfire\n>p1 move shadowball\n>p2 move sacredfire\n>p1 move shadowball\n>p2 move recover\n>p1 move drainingkiss\n>p2 switch 6\n>p1 switch 6\n>p2 switch 6\n>p1 move stoneedge\n>p2 move sacredfire\n>p1 move stoneedge\n>p2 switch 5\n>chat ☆albertstreaker|nice hax\n>p1 switch 4\n>p2 switch 4\n>p1 move moonblast\n>p2 move trick\n>p1 move moonblast\n>p2 switch 5\n>p1 move moonblast\n>p2 move sacredfire\n>chat ☆albertstreaker|lol\n>chat ☆CarlosFermin095|Wow \n>p1 move moonblast\n>p2 move earthquake\n>chat ☆albertstreaker|siempre quemas tío\n>chat ☆CarlosFermin095|Ni me lo creo\n>p1 switch 2\n>p2 move earthquake\n>p1 move calmmind\n>p2 move sacredfire\n>chat ☆CarlosFermin095|xD\n>p1 move moongeistbeam\n>p2 switch 4\n>p1 move calmmind terastallize\n>p2 move knockoff\n>p1 move moonlight\n>p2 move protect\n>p1 move calmmind\n>p2 move leechseed\n>p1 move calmmind\n>p2 move ruination\n>p1 move moonlight\n>p2 move ruination\n>p1 move moonlight\n>p2 move ruination\n>chat ☆albertstreaker|gg\n>forcelose p1", "uploadtime": 1771200584, "views": 9, "formatid": "gen9randombattle", "rating": 1565, "private": 0, "password": null}