{"id": "gen9randombattle-2540130027", "format": "[Gen 9] Random Battle", "players": ["crossg", "kisteeee"], "log": "|j|☆crossg\n|j|☆kisteeee\n|t:|1771166241\n|gametype|singles\n|player|p1|crossg|169|1524\n|player|p2|kisteeee|2|1551\n|gen|9\n|tier|[Gen 9] Random Battle\n|rated|\n|rule|Species Clause: Limit one of each Pokémon\n|rule|HP Percentage Mod: HP is shown in percentages\n|rule|Sleep Clause Mod: Limit one foe put to sleep\n|rule|Illusion Level Mod: Illusion disguises the Pokémon's true level\n|\n|t:|1771166241\n|teamsize|p1|6\n|teamsize|p2|6\n|start\n|switch|p1a: Araquanid|Araquanid, L82, M|246/246\n|switch|p2a: Crabominable|Crabominable, L90, M|321/321\n|turn|1\n|\n|t:|1771166263\n|switch|p2a: Seviper|Seviper, L93, M|287/287\n|move|p1a: Araquanid|Liquidation|p2a: Seviper\n|-damage|p2a: Seviper|116/287\n|\n|-heal|p2a: Seviper|133/287|[from] item: Leftovers\n|upkeep\n|turn|2\n|\n|t:|1771166290\n|-terastallize|p2a: Seviper|Grass\n|move|p2a: Seviper|Swords Dance|p2a: Seviper\n|-boost|p2a: Seviper|atk|2\n|move|p1a: Araquanid|Liquidation|p2a: Seviper\n|-resisted|p2a: Seviper\n|-damage|p2a: Seviper|49/287\n|-unboost|p2a: Seviper|def|1\n|\n|-heal|p2a: Seviper|66/287|[from] item: Leftovers\n|upkeep\n|turn|3\n|inactive|Battle timer is ON: inactive players will automatically lose when time's up. (requested by kisteeee)\n|\n|t:|1771166303\n|move|p2a: Seviper|Trailblaze|p1a: Araquanid\n|-damage|p1a: Araquanid|98/246\n|-boost|p2a: Seviper|spe|1\n|move|p1a: Araquanid|Leech Life|p2a: Seviper\n|-supereffective|p2a: Seviper\n|-damage|p2a: Seviper|0 fnt\n|-heal|p1a: Araquanid|131/246|[from] drain|[of] p2a: Seviper\n|faint|p2a: Seviper\n|\n|upkeep\n|\n|t:|1771166310\n|switch|p2a: Gallade|Gallade, L80, M|240/240\n|turn|4\n|\n|t:|1771166317\n|move|p2a: Gallade|Agility|p2a: Gallade\n|-boost|p2a: Gallade|spe|2\n|move|p1a: Araquanid|Leech Life|p2a: Gallade\n|-damage|p2a: Gallade|158/240\n|-heal|p1a: Araquanid|172/246|[from] drain|[of] p2a: Gallade\n|\n|upkeep\n|turn|5\n|\n|t:|1771166322\n|move|p2a: Gallade|Sacred Sword|p1a: Araquanid\n|-resisted|p1a: Araquanid\n|-damage|p1a: Araquanid|64/246\n|-damage|p2a: Gallade|134/240|[from] item: Life Orb\n|move|p1a: Araquanid|Liquidation|p2a: Gallade\n|-damage|p2a: Gallade|0 fnt\n|faint|p2a: Gallade\n|\n|upkeep\n|\n|t:|1771166329\n|switch|p2a: Crabominable|Crabominable, L90, M|321/321\n|turn|6\n|\n|t:|1771166334\n|move|p2a: Crabominable|Ice Hammer|p1a: Araquanid\n|-resisted|p1a: Araquanid\n|-damage|p1a: Araquanid|0 fnt\n|-unboost|p2a: Crabominable|spe|1\n|faint|p1a: Araquanid\n|\n|upkeep\n|\n|t:|1771166348\n|switch|p1a: Wyrdeer|Wyrdeer, L87, M|321/321\n|-ability|p1a: Wyrdeer|Intimidate|boost\n|-unboost|p2a: Crabominable|atk|1\n|turn|7\n|\n|t:|1771166353\n|switch|p2a: Umbreon|Umbreon, L84, F|297/297\n|move|p1a: Wyrdeer|Body Slam|p2a: Umbreon\n|-damage|p2a: Umbreon|204/297\n|-status|p2a: Umbreon|par\n|-activate|p2a: Umbreon|ability: Synchronize\n|-status|p1a: Wyrdeer|par\n|\n|-heal|p2a: Umbreon|222/297 par|[from] item: Leftovers\n|upkeep\n|turn|8\n|\n|t:|1771166362\n|move|p1a: Wyrdeer|Megahorn|p2a: Umbreon\n|-supereffective|p2a: Umbreon\n|-damage|p2a: Umbreon|54/297 par\n|cant|p2a: Umbreon|par\n|\n|-heal|p2a: Umbreon|72/297 par|[from] item: Leftovers\n|upkeep\n|turn|9\n|\n|t:|1771166377\n|cant|p1a: Wyrdeer|par\n|cant|p2a: Umbreon|par\n|\n|-heal|p2a: Umbreon|90/297 par|[from] item: Leftovers\n|upkeep\n|turn|10\n|\n|t:|1771166383\n|cant|p1a: Wyrdeer|par\n|cant|p2a: Umbreon|par\n|\n|-heal|p2a: Umbreon|108/297 par|[from] item: Leftovers\n|upkeep\n|turn|11\n|\n|t:|1771166387\n|cant|p2a: Umbreon|par\n|cant|p1a: Wyrdeer|par\n|\n|-heal|p2a: Umbreon|126/297 par|[from] item: Leftovers\n|upkeep\n|turn|12\n|\n|t:|1771166390\n|move|p1a: Wyrdeer|Megahorn|p2a: Umbreon|[miss]\n|-miss|p1a: Wyrdeer|p2a: Umbreon\n|cant|p2a: Umbreon|par\n|\n|-heal|p2a: Umbreon|144/297 par|[from] item: Leftovers\n|upkeep\n|turn|13\n|\n|t:|1771166393\n|move|p1a: Wyrdeer|Megahorn|p2a: Umbreon\n|-supereffective|p2a: Umbreon\n|-damage|p2a: Umbreon|0 fnt\n|faint|p2a: Umbreon\n|\n|upkeep\n|\n|t:|1771166398\n|switch|p2a: Zebstrika|Zebstrika, L87, M|272/272\n|turn|14\n|\n|t:|1771166404\n|-terastallize|p1a: Wyrdeer|Ground\n|move|p2a: Zebstrika|Supercell Slam|p1a: Wyrdeer\n|-immune|p1a: Wyrdeer\n|-damage|p2a: Zebstrika|136/272|[from] supercellslam\n|move|p1a: Wyrdeer|Earthquake|p2a: Zebstrika\n|-supereffective|p2a: Zebstrika\n|-damage|p2a: Zebstrika|0 fnt\n|faint|p2a: Zebstrika\n|\n|upkeep\n|-message|kisteeee forfeited.\n|\n|win|crossg\n|raw|crossg's rating: 1524 &rarr; <strong>1546</strong><br />(+22 for winning)\n|raw|kisteeee's rating: 1551 &rarr; <strong>1529</strong><br />(-22 for losing)\n|l|☆kisteeee\n|player|p2|\n", "inputlog": ">version 686819e5e19f8a7fd2345cfc5a08a5085efa2cc3\n>start {\"formatid\":\"gen9randombattle\",\"seed\":\"sodium,36a946b0f8b02fcdf2850a321d8639de\",\"rated\":\"Rated battle\"}\n>player p1 {\"name\":\"crossg\",\"avatar\":\"169\",\"rating\":1524,\"seed\":\"sodium,ebd9bc802e38a2751dc01683485b4f8a\"}\n>player p2 {\"name\":\"kisteeee\",\"avatar\":\"2\",\"rating\":1551,\"seed\":\"sodium,a1f367b92fe03ce728eb121675f84fe7\"}\n>p1 move liquidation\n>p2 switch 3\n>p1 move liquidation\n>p2 move swordsdance terastallize\n>p1 move leechlife\n>p2 move trailblaze\n>p2 switch 5\n>p1 move leechlife\n>p2 move agility\n>p1 move liquidation\n>p2 move sacredsword\n>p2 switch 3\n>p1 move stickyweb\n>p2 move icehammer\n>p1 switch 2\n>p1 move bodyslam\n>p2 switch 4\n>p1 move megahorn\n>p2 move foulplay\n>p1 move bodyslam\n>p2 move wish\n>p1 move megahorn\n>p2 move wish\n>p1 move megahorn\n>p2 move protect\n>p1 move megahorn\n>p2 move foulplay\n>p1 move megahorn\n>p2 move wish\n>p2 switch 2\n>p1 move earthquake terastallize\n>p2 move supercellslam\n>forcelose p2", "uploadtime": 1771166418, "views": 13, "formatid": "gen9randombattle", "rating": 1529, "private": 0, "password": null}