{"id": "gen9randombattle-2540106884", "format": "[Gen 9] Random Battle", "players": ["Honest Opp", "lenombreirred"], "log": "|j|☆Honest Opp\n|j|☆lenombreirred\n|t:|1771162860\n|gametype|singles\n|player|p1|Honest Opp|2|2053\n|player|p2|lenombreirred|candice|2094\n|gen|9\n|tier|[Gen 9] Random Battle\n|rated|\n|rule|Species Clause: Limit one of each Pokémon\n|rule|HP Percentage Mod: HP is shown in percentages\n|rule|Sleep Clause Mod: Limit one foe put to sleep\n|rule|Illusion Level Mod: Illusion disguises the Pokémon's true level\n|\n|t:|1771162860\n|teamsize|p1|6\n|teamsize|p2|6\n|start\n|switch|p1a: Glimmora|Glimmora, L75, F|248/248\n|switch|p2a: Cacturne|Cacturne, L92, M|278/278\n|turn|1\n|inactive|Battle timer is ON: inactive players will automatically lose when time's up. (requested by Honest Opp)\n|inactive|lenombreirred has 120 seconds left.\n|\n|t:|1771162899\n|move|p1a: Glimmora|Sludge Wave|p2a: Cacturne\n|-supereffective|p2a: Cacturne\n|-damage|p2a: Cacturne|32/278\n|move|p2a: Cacturne|Knock Off|p1a: Glimmora\n|-damage|p1a: Glimmora|60/248\n|-activate|p1a: Glimmora|ability: Toxic Debris\n|-sidestart|p2: lenombreirred|move: Toxic Spikes\n|-enditem|p1a: Glimmora|Power Herb|[from] move: Knock Off|[of] p2a: Cacturne\n|-damage|p2a: Cacturne|5/278|[from] item: Life Orb\n|\n|upkeep\n|turn|2\n|\n|t:|1771162919\n|switch|p1a: Tauros|Tauros-Paldea-Combat, L82, M|257/257\n|-ability|p1a: Tauros|Intimidate|boost\n|-unboost|p2a: Cacturne|atk|1\n|move|p2a: Cacturne|Sucker Punch||[still]\n|-fail|p2a: Cacturne\n|\n|upkeep\n|turn|3\n|\n|t:|1771162929\n|switch|p2a: Fezandipiti|Fezandipiti, L82, M|278/278\n|-sideend|p2: lenombreirred|move: Toxic Spikes|[of] p2a: Fezandipiti\n|move|p1a: Tauros|Iron Head|p2a: Fezandipiti\n|-supereffective|p2a: Fezandipiti\n|-damage|p2a: Fezandipiti|78/278\n|\n|-heal|p2a: Fezandipiti|95/278|[from] item: Leftovers\n|upkeep\n|turn|4\n|\n|t:|1771162949\n|switch|p2a: Cacturne|Cacturne, L92, M|5/278\n|move|p1a: Tauros|Iron Head|p2a: Cacturne\n|-damage|p2a: Cacturne|0 fnt\n|faint|p2a: Cacturne\n|\n|upkeep\n|inactive|lenombreirred has 120 seconds left.\n|\n|t:|1771162970\n|switch|p2a: Klawf|Klawf, L90, M|272/272\n|turn|5\n|\n|t:|1771162978\n|switch|p1a: Rillaboom|Rillaboom, L79, F|288/288\n|-fieldstart|move: Grassy Terrain|[from] ability: Grassy Surge|[of] p1a: Rillaboom\n|move|p2a: Klawf|Swords Dance|p2a: Klawf\n|-boost|p2a: Klawf|atk|2\n|\n|upkeep\n|turn|6\n|inactive|lenombreirred has 120 seconds left.\n|\n|t:|1771162995\n|move|p2a: Klawf|Stone Edge|p1a: Rillaboom\n|-damage|p1a: Rillaboom|18/288\n|move|p1a: Rillaboom|Wood Hammer|p2a: Klawf\n|-supereffective|p2a: Klawf\n|-damage|p2a: Klawf|0 fnt\n|faint|p2a: Klawf\n|-damage|p1a: Rillaboom|0 fnt|[from] Recoil\n|faint|p1a: Rillaboom\n|\n|upkeep\n|inactive|lenombreirred has 120 seconds left.\n|\n|t:|1771163018\n|switch|p2a: Cetitan|Cetitan, L82, F|413/413\n|switch|p1a: Ninetales|Ninetales, L85, M|263/263\n|-weather|SunnyDay|[from] ability: Drought|[of] p1a: Ninetales\n|turn|7\n|\n|t:|1771163035\n|-terastallize|p2a: Cetitan|Water\n|move|p1a: Ninetales|Nasty Plot|p1a: Ninetales\n|-boost|p1a: Ninetales|spa|2\n|move|p2a: Cetitan|Liquidation|p1a: Ninetales\n|-supereffective|p1a: Ninetales\n|-damage|p1a: Ninetales|99/263\n|\n|-weather|SunnyDay|[upkeep]\n|-heal|p1a: Ninetales|115/263|[from] Grassy Terrain\n|upkeep\n|turn|8\n|\n|t:|1771163047\n|switch|p2a: Fezandipiti|Fezandipiti, L82, M|95/278\n|-terastallize|p1a: Ninetales|Grass\n|move|p1a: Ninetales|Solar Beam||[still]\n|-prepare|p1a: Ninetales|Solar Beam\n|-anim|p1a: Ninetales|Solar Beam|p2a: Fezandipiti\n|-resisted|p2a: Fezandipiti\n|-damage|p2a: Fezandipiti|0 fnt\n|faint|p2a: Fezandipiti\n|\n|-weather|SunnyDay|[upkeep]\n|-heal|p1a: Ninetales|131/263|[from] Grassy Terrain\n|upkeep\n|inactive|lenombreirred has 90 seconds left.\n|\n|t:|1771163074\n|switch|p2a: Cetitan|Cetitan, L82, F, tera:Water|413/413\n|turn|9\n|\n|t:|1771163076\n|move|p2a: Cetitan|Ice Shard|p1a: Ninetales\n|-supereffective|p1a: Ninetales\n|-damage|p1a: Ninetales|6/263\n|-damage|p2a: Cetitan|372/413|[from] item: Life Orb\n|move|p1a: Ninetales|Solar Beam||[still]\n|-prepare|p1a: Ninetales|Solar Beam\n|-anim|p1a: Ninetales|Solar Beam|p2a: Cetitan\n|-supereffective|p2a: Cetitan\n|-damage|p2a: Cetitan|0 fnt\n|faint|p2a: Cetitan\n|\n|-weather|SunnyDay|[upkeep]\n|-heal|p1a: Ninetales|22/263|[from] Grassy Terrain\n|-fieldend|move: Grassy Terrain\n|upkeep\n|inactive|lenombreirred has 90 seconds left.\n|\n|t:|1771163090\n|switch|p2a: Banette|Banette, L93, F|270/270\n|turn|10\n|\n|t:|1771163094\n|switch|p1a: Glimmora|Glimmora, L75, F|60/248\n|move|p2a: Banette|Shadow Sneak|p1a: Glimmora\n|-damage|p1a: Glimmora|0 fnt\n|-activate|p1a: Glimmora|ability: Toxic Debris\n|-sidestart|p2: lenombreirred|move: Toxic Spikes\n|faint|p1a: Glimmora\n|-damage|p2a: Banette|243/270|[from] item: Life Orb\n|\n|-weather|SunnyDay|[upkeep]\n|upkeep\n|\n|t:|1771163098\n|switch|p1a: Tauros|Tauros-Paldea-Combat, L82, M|257/257\n|-ability|p1a: Tauros|Intimidate|boost\n|-unboost|p2a: Banette|atk|1\n|turn|11\n|\n|t:|1771163108\n|move|p1a: Tauros|Throat Chop|p2a: Banette\n|-supereffective|p2a: Banette\n|-damage|p2a: Banette|45/270\n|-start|p2a: Banette|Throat Chop|[silent]\n|move|p2a: Banette|Poltergeist|p1a: Tauros\n|-activate|p1a: Tauros|move: Poltergeist|Choice Band\n|-damage|p1a: Tauros|131/257\n|-damage|p2a: Banette|18/270|[from] item: Life Orb\n|\n|-weather|none\n|upkeep\n|turn|12\n|\n|t:|1771163120\n|move|p2a: Banette|Shadow Sneak|p1a: Tauros\n|-damage|p1a: Tauros|79/257\n|-damage|p2a: Banette|0 fnt|[from] item: Life Orb\n|faint|p2a: Banette\n|move|p1a: Tauros|Throat Chop|p2: Banette|[notarget]\n|-fail|p1a: Tauros\n|\n|upkeep\n|inactive|lenombreirred has 90 seconds left.\n|\n|t:|1771163138\n|switch|p2a: Wugtrio|Wugtrio, L91, F|212/212\n|-status|p2a: Wugtrio|psn\n|turn|13\n|\n|t:|1771163142\n|switch|p1a: Ninetales|Ninetales, L85, M, tera:Grass|22/263\n|-weather|SunnyDay|[from] ability: Drought|[of] p1a: Ninetales\n|move|p2a: Wugtrio|Stomping Tantrum|p1a: Ninetales\n|-resisted|p1a: Ninetales\n|-damage|p1a: Ninetales|0 fnt\n|faint|p1a: Ninetales\n|\n|-weather|SunnyDay|[upkeep]\n|-damage|p2a: Wugtrio|186/212 psn|[from] psn\n|upkeep\n|\n|t:|1771163144\n|switch|p1a: Tauros|Tauros-Paldea-Combat, L82, M|79/257\n|-ability|p1a: Tauros|Intimidate|boost\n|-unboost|p2a: Wugtrio|atk|1\n|turn|14\n|\n|t:|1771163150\n|move|p2a: Wugtrio|Stomping Tantrum|p1a: Tauros\n|-damage|p1a: Tauros|26/257\n|move|p1a: Tauros|Close Combat|p2a: Wugtrio\n|-damage|p2a: Wugtrio|0 fnt\n|-unboost|p1a: Tauros|def|1\n|-unboost|p1a: Tauros|spd|1\n|-ability|p2a: Wugtrio|Gooey\n|-unboost|p1a: Tauros|spe|1\n|faint|p2a: Wugtrio\n|\n|win|Honest Opp\n|raw|Honest Opp's rating: 2053 &rarr; <strong>2075</strong><br />(+22 for winning)\n|raw|lenombreirred's rating: 2094 &rarr; <strong>2072</strong><br />(-22 for losing)\n", "inputlog": ">version 686819e5e19f8a7fd2345cfc5a08a5085efa2cc3\n>start {\"formatid\":\"gen9randombattle\",\"seed\":\"sodium,4d154ec9dc96d2e52481c1a37bf1caeb\",\"rated\":\"Rated battle\"}\n>player p1 {\"name\":\"Honest Opp\",\"avatar\":\"2\",\"rating\":2053,\"seed\":\"sodium,169a5f4c82cb274024d171ce7640cb10\"}\n>player p2 {\"name\":\"lenombreirred\",\"avatar\":\"candice\",\"rating\":2094,\"seed\":\"sodium,3aefb9ebe28aba9f50c6f73fa590758a\"}\n>p1 move sludgewave\n>p2 move knockoff\n>p1 switch 5\n>p2 move suckerpunch\n>p1 move ironhead\n>p2 switch 6\n>p1 move ironhead\n>p2 switch 6\n>p2 switch 2\n>p1 switch 2\n>p2 move swordsdance\n>p1 move woodhammer\n>p2 move stoneedge\n>p1 switch 6\n>p2 switch 4\n>p1 move nastyplot\n>p2 move liquidation terastallize\n>p1 move solarbeam terastallize\n>p2 switch 6\n>p2 switch 6\n>p1 move solarbeam\n>p2 move iceshard\n>p2 switch 3\n>p1 switch 5\n>p2 move shadowsneak\n>p1 switch 2\n>p1 move throatchop\n>p2 move poltergeist\n>p1 move throatchop\n>p2 move shadowsneak\n>p2 switch 5\n>p1 switch 5\n>p2 move stompingtantrum\n>p1 switch 5\n>p1 move closecombat\n>p2 move stompingtantrum", "uploadtime": 1771163156, "views": 11, "formatid": "gen9randombattle", "rating": 2072, "private": 0, "password": null}