{"id": "gen9randombattle-2540636213", "format": "[Gen 9] Random Battle", "players": ["JM Kenobi", "Maka_cutie"], "log": "|j|☆JM Kenobi\n|j|‽Maka_cutie\n|t:|1771231647\n|gametype|singles\n|player|p1|JM Kenobi|drayden|1605\n|player|p2|Maka_cutie|102|1603\n|gen|9\n|tier|[Gen 9] Random Battle\n|rated|\n|rule|Species Clause: Limit one of each Pokémon\n|rule|HP Percentage Mod: HP is shown in percentages\n|rule|Sleep Clause Mod: Limit one foe put to sleep\n|rule|Illusion Level Mod: Illusion disguises the Pokémon's true level\n|\n|t:|1771231647\n|teamsize|p1|6\n|teamsize|p2|6\n|start\n|switch|p1a: Clawitzer|Clawitzer, L87, F|265/265\n|switch|p2a: Komala|Komala, L89, F|260/260\n|-ability|p2a: Komala|Comatose\n|turn|1\n|inactive|Battle timer is ON: inactive players will automatically lose when time's up. (requested by Maka_cutie)\n|inactive|JM Kenobi also wants the timer to be on.\n|\n|t:|1771231670\n|switch|p1a: Archaludon|Archaludon, L78, F|268/268\n|move|p2a: Komala|Body Slam|p1a: Archaludon\n|-resisted|p1a: Archaludon\n|-damage|p1a: Archaludon|222/268\n|-ability|p1a: Archaludon|Stamina|boost\n|-boost|p1a: Archaludon|def|1\n|\n|upkeep\n|turn|2\n|inactive|Maka_cutie has 120 seconds left.\n|\n|t:|1771231701\n|switch|p2a: Whimsicott|Whimsicott, L84, F|238/238\n|move|p1a: Archaludon|Swords Dance|p1a: Archaludon\n|-boost|p1a: Archaludon|atk|2\n|\n|upkeep\n|turn|3\n|\n|t:|1771231708\n|switch|p1a: Sandslash|Sandslash-Alola, L88, M|275/275\n|move|p2a: Whimsicott|Encore||[still]\n|-fail|p2a: Whimsicott\n|\n|upkeep\n|turn|4\n|\n|t:|1771231719\n|move|p2a: Whimsicott|U-turn|p1a: Sandslash\n|-resisted|p1a: Sandslash\n|-damage|p1a: Sandslash|260/275\n|\n|t:|1771231732\n|switch|p2a: Chi-Yu|Chi-Yu, L77|211/211|[from] U-turn\n|-ability|p2a: Chi-Yu|Beads of Ruin\n|move|p1a: Sandslash|Rapid Spin|p2a: Chi-Yu\n|-damage|p2a: Chi-Yu|167/211\n|-boost|p1a: Sandslash|spe|1\n|\n|upkeep\n|turn|5\n|\n|t:|1771231746\n|move|p1a: Sandslash|Earthquake|p2a: Chi-Yu\n|-supereffective|p2a: Chi-Yu\n|-damage|p2a: Chi-Yu|0 fnt\n|faint|p2a: Chi-Yu\n|\n|upkeep\n|\n|t:|1771231750\n|switch|p2a: Komala|Komala, L89, F|260/260\n|-ability|p2a: Komala|Comatose\n|turn|6\n|\n|t:|1771231764\n|move|p1a: Sandslash|Iron Head|p2a: Komala\n|-damage|p2a: Komala|143/260\n|cant|p2a: Komala|flinch\n|\n|upkeep\n|turn|7\n|\n|t:|1771231772\n|move|p1a: Sandslash|Triple Axel|p2a: Komala\n|-damage|p2a: Komala|115/260\n|-damage|p2a: Komala|54/260\n|-damage|p2a: Komala|0 fnt\n|faint|p2a: Komala\n|-hitcount|p2: Komala|3\n|\n|upkeep\n|\n|t:|1771231776\n|switch|p2a: Palkia|Palkia, L75|259/259\n|-ability|p2a: Palkia|Pressure\n|turn|8\n|\n|t:|1771231784\n|move|p2a: Palkia|Fire Blast|p1a: Sandslash\n|-supereffective|p1a: Sandslash\n|-damage|p1a: Sandslash|0 fnt\n|faint|p1a: Sandslash\n|\n|upkeep\n|\n|t:|1771231790\n|switch|p1a: Clawitzer|Clawitzer, L87, F|265/265\n|turn|9\n|\n|t:|1771231796\n|switch|p2a: Whimsicott|Whimsicott, L84, F|238/238\n|move|p1a: Clawitzer|Ice Beam|p2a: Whimsicott\n|-supereffective|p2a: Whimsicott\n|-damage|p2a: Whimsicott|0 fnt\n|faint|p2a: Whimsicott\n|\n|upkeep\n|\n|t:|1771231801\n|switch|p2a: Dragalge|Dragalge, L88, F|258/258\n|turn|10\n|\n|t:|1771231807\n|move|p1a: Clawitzer|Ice Beam|p2a: Dragalge\n|-supereffective|p2a: Dragalge\n|-damage|p2a: Dragalge|78/258\n|move|p2a: Dragalge|Focus Blast|p1a: Clawitzer\n|-damage|p1a: Clawitzer|142/265\n|-unboost|p1a: Clawitzer|spd|1\n|\n|upkeep\n|turn|11\n|\n|t:|1771231815\n|move|p1a: Clawitzer|Ice Beam|p2a: Dragalge\n|-supereffective|p2a: Dragalge\n|-damage|p2a: Dragalge|0 fnt\n|faint|p2a: Dragalge\n|\n|upkeep\n|\n|t:|1771231822\n|switch|p2a: Shaymin|Shaymin-Sky, L73|266/266\n|turn|12\n|\n|t:|1771231844\n|switch|p1a: Articuno|Articuno-Galar, L84|288/288\n|move|p2a: Shaymin|Substitute|p2a: Shaymin\n|-start|p2a: Shaymin|Substitute\n|-damage|p2a: Shaymin|200/266\n|\n|-heal|p2a: Shaymin|216/266|[from] item: Leftovers\n|upkeep\n|turn|13\n|\n|t:|1771231856\n|move|p2a: Shaymin|Leech Seed|p1a: Articuno\n|-start|p1a: Articuno|move: Leech Seed\n|move|p1a: Articuno|Hurricane|p2a: Shaymin|[miss]\n|-miss|p1a: Articuno|p2a: Shaymin\n|\n|-heal|p2a: Shaymin|232/266|[from] item: Leftovers\n|-damage|p1a: Articuno|252/288|[from] Leech Seed|[of] p2a: Shaymin\n|-heal|p2a: Shaymin|266/266|[silent]\n|upkeep\n|turn|14\n|\n|t:|1771231865\n|switch|p1a: Glastrier|Glastrier, L86|311/311\n|move|p2a: Shaymin|Air Slash|p1a: Glastrier\n|-damage|p1a: Glastrier|253/311\n|\n|upkeep\n|turn|15\n|\n|t:|1771231872\n|move|p2a: Shaymin|Leech Seed|p1a: Glastrier\n|-start|p1a: Glastrier|move: Leech Seed\n|move|p1a: Glastrier|Icicle Crash|p2a: Shaymin\n|-supereffective|p2a: Shaymin\n|-end|p2a: Shaymin|Substitute\n|\n|-damage|p1a: Glastrier|215/311|[from] Leech Seed|[of] p2a: Shaymin\n|upkeep\n|turn|16\n|inactive|JM Kenobi has 120 seconds left.\n|\n|t:|1771231914\n|switch|p1a: Articuno|Articuno-Galar, L84|252/288\n|move|p2a: Shaymin|Substitute|p2a: Shaymin\n|-start|p2a: Shaymin|Substitute\n|-damage|p2a: Shaymin|200/266\n|\n|-heal|p2a: Shaymin|216/266|[from] item: Leftovers\n|upkeep\n|turn|17\n|\n|t:|1771231928\n|move|p2a: Shaymin|Leech Seed|p1a: Articuno|[miss]\n|-miss|p2a: Shaymin|p1a: Articuno\n|move|p1a: Articuno|Hurricane|p2a: Shaymin\n|-supereffective|p2a: Shaymin\n|-end|p2a: Shaymin|Substitute\n|\n|-heal|p2a: Shaymin|232/266|[from] item: Leftovers\n|upkeep\n|turn|18\n|\n|t:|1771231935\n|move|p2a: Shaymin|Substitute|p2a: Shaymin\n|-start|p2a: Shaymin|Substitute\n|-damage|p2a: Shaymin|166/266\n|move|p1a: Articuno|Hurricane|p2a: Shaymin\n|-supereffective|p2a: Shaymin\n|-end|p2a: Shaymin|Substitute\n|\n|-heal|p2a: Shaymin|182/266|[from] item: Leftovers\n|upkeep\n|turn|19\n|inactive|JM Kenobi has 120 seconds left.\n|\n|t:|1771231942\n|move|p2a: Shaymin|Substitute|p2a: Shaymin\n|-start|p2a: Shaymin|Substitute\n|-damage|p2a: Shaymin|116/266\n|move|p1a: Articuno|Hurricane|p2a: Shaymin\n|-supereffective|p2a: Shaymin\n|-end|p2a: Shaymin|Substitute\n|\n|-heal|p2a: Shaymin|132/266|[from] item: Leftovers\n|upkeep\n|turn|20\n|\n|t:|1771231949\n|move|p2a: Shaymin|Substitute|p2a: Shaymin\n|-start|p2a: Shaymin|Substitute\n|-damage|p2a: Shaymin|66/266\n|move|p1a: Articuno|Hurricane|p2a: Shaymin|[miss]\n|-miss|p1a: Articuno|p2a: Shaymin\n|\n|-heal|p2a: Shaymin|82/266|[from] item: Leftovers\n|upkeep\n|turn|21\n|\n|t:|1771231956\n|move|p2a: Shaymin|Leech Seed|p1a: Articuno\n|-start|p1a: Articuno|move: Leech Seed\n|move|p1a: Articuno|Hurricane|p2a: Shaymin|[miss]\n|-miss|p1a: Articuno|p2a: Shaymin\n|\n|-heal|p2a: Shaymin|98/266|[from] item: Leftovers\n|-damage|p1a: Articuno|216/288|[from] Leech Seed|[of] p2a: Shaymin\n|-heal|p2a: Shaymin|134/266|[silent]\n|upkeep\n|turn|22\n|\n|t:|1771231964\n|switch|p1a: Glastrier|Glastrier, L86|215/311\n|move|p2a: Shaymin|Air Slash|p1a: Glastrier\n|-damage|p1a: Glastrier|157/311\n|\n|-heal|p2a: Shaymin|150/266|[from] item: Leftovers\n|upkeep\n|turn|23\n|\n|t:|1771231972\n|move|p2a: Shaymin|Leech Seed|p1a: Glastrier\n|-start|p1a: Glastrier|move: Leech Seed\n|move|p1a: Glastrier|Icicle Crash|p2a: Shaymin\n|-supereffective|p2a: Shaymin\n|-end|p2a: Shaymin|Substitute\n|\n|-heal|p2a: Shaymin|166/266|[from] item: Leftovers\n|-damage|p1a: Glastrier|119/311|[from] Leech Seed|[of] p2a: Shaymin\n|-heal|p2a: Shaymin|204/266|[silent]\n|upkeep\n|turn|24\n|\n|t:|1771231993\n|switch|p1a: Walking Wake|Walking Wake, L79|286/286\n|move|p2a: Shaymin|Substitute|p2a: Shaymin\n|-start|p2a: Shaymin|Substitute\n|-damage|p2a: Shaymin|138/266\n|\n|-heal|p2a: Shaymin|154/266|[from] item: Leftovers\n|upkeep\n|turn|25\n|\n|t:|1771232002\n|-terastallize|p1a: Walking Wake|Fire\n|move|p2a: Shaymin|Leech Seed|p1a: Walking Wake\n|-start|p1a: Walking Wake|move: Leech Seed\n|move|p1a: Walking Wake|Flamethrower|p2a: Shaymin\n|-supereffective|p2a: Shaymin\n|-end|p2a: Shaymin|Substitute\n|-damage|p1a: Walking Wake|258/286|[from] item: Life Orb\n|\n|-heal|p2a: Shaymin|170/266|[from] item: Leftovers\n|-damage|p1a: Walking Wake|223/286|[from] Leech Seed|[of] p2a: Shaymin\n|-heal|p2a: Shaymin|205/266|[silent]\n|upkeep\n|turn|26\n|\n|t:|1771232013\n|-end|p1a: Walking Wake|Protosynthesis|[silent]\n|switch|p1a: Articuno|Articuno-Galar, L84|216/288\n|move|p2a: Shaymin|Substitute|p2a: Shaymin\n|-start|p2a: Shaymin|Substitute\n|-damage|p2a: Shaymin|139/266\n|\n|-heal|p2a: Shaymin|155/266|[from] item: Leftovers\n|upkeep\n|turn|27\n|\n|t:|1771232020\n|move|p2a: Shaymin|Leech Seed|p1a: Articuno\n|-start|p1a: Articuno|move: Leech Seed\n|move|p1a: Articuno|Hurricane|p2a: Shaymin\n|-supereffective|p2a: Shaymin\n|-end|p2a: Shaymin|Substitute\n|\n|-heal|p2a: Shaymin|171/266|[from] item: Leftovers\n|-damage|p1a: Articuno|180/288|[from] Leech Seed|[of] p2a: Shaymin\n|-heal|p2a: Shaymin|207/266|[silent]\n|upkeep\n|turn|28\n|\n|t:|1771232038\n|switch|p1a: Walking Wake|Walking Wake, L79, tera:Fire|223/286\n|move|p2a: Shaymin|Substitute|p2a: Shaymin\n|-start|p2a: Shaymin|Substitute\n|-damage|p2a: Shaymin|141/266\n|\n|-heal|p2a: Shaymin|157/266|[from] item: Leftovers\n|upkeep\n|turn|29\n|\n|t:|1771232046\n|move|p2a: Shaymin|Leech Seed|p1a: Walking Wake\n|-start|p1a: Walking Wake|move: Leech Seed\n|move|p1a: Walking Wake|Flamethrower|p2a: Shaymin\n|-supereffective|p2a: Shaymin\n|-end|p2a: Shaymin|Substitute\n|-damage|p1a: Walking Wake|195/286|[from] item: Life Orb\n|\n|-heal|p2a: Shaymin|173/266|[from] item: Leftovers\n|-damage|p1a: Walking Wake|160/286|[from] Leech Seed|[of] p2a: Shaymin\n|-heal|p2a: Shaymin|208/266|[silent]\n|upkeep\n|turn|30\n|inactive|JM Kenobi has 120 seconds left.\n|\n|t:|1771232076\n|-end|p1a: Walking Wake|Protosynthesis|[silent]\n|switch|p1a: Articuno|Articuno-Galar, L84|180/288\n|move|p2a: Shaymin|Substitute|p2a: Shaymin\n|-start|p2a: Shaymin|Substitute\n|-damage|p2a: Shaymin|142/266\n|\n|-heal|p2a: Shaymin|158/266|[from] item: Leftovers\n|upkeep\n|turn|31\n|\n|t:|1771232087\n|move|p2a: Shaymin|Air Slash|p1a: Articuno\n|-damage|p1a: Articuno|117/288\n|cant|p1a: Articuno|flinch\n|\n|-heal|p2a: Shaymin|174/266|[from] item: Leftovers\n|upkeep\n|turn|32\n|\n|t:|1771232093\n|move|p2a: Shaymin|Leech Seed|p1a: Articuno\n|-start|p1a: Articuno|move: Leech Seed\n|move|p1a: Articuno|Recover|p1a: Articuno\n|-heal|p1a: Articuno|261/288\n|\n|-heal|p2a: Shaymin|190/266|[from] item: Leftovers\n|-damage|p1a: Articuno|225/288|[from] Leech Seed|[of] p2a: Shaymin\n|-heal|p2a: Shaymin|226/266|[silent]\n|upkeep\n|turn|33\n|\n|t:|1771232101\n|switch|p1a: Walking Wake|Walking Wake, L79, tera:Fire|160/286\n|move|p2a: Shaymin|Air Slash|p1a: Walking Wake\n|-damage|p1a: Walking Wake|75/286\n|\n|-heal|p2a: Shaymin|242/266|[from] item: Leftovers\n|upkeep\n|turn|34\n|\n|t:|1771232108\n|move|p2a: Shaymin|Air Slash|p1a: Walking Wake\n|-damage|p1a: Walking Wake|0 fnt\n|faint|p1a: Walking Wake\n|-end|p1a: Walking Wake|Protosynthesis|[silent]\n|\n|-heal|p2a: Shaymin|258/266|[from] item: Leftovers\n|upkeep\n|\n|t:|1771232114\n|switch|p1a: Glastrier|Glastrier, L86|119/311\n|turn|35\n|\n|t:|1771232136\n|move|p2a: Shaymin|Leech Seed|p1a: Glastrier\n|-start|p1a: Glastrier|move: Leech Seed\n|move|p1a: Glastrier|Icicle Crash|p2a: Shaymin\n|-supereffective|p2a: Shaymin\n|-end|p2a: Shaymin|Substitute\n|\n|-heal|p2a: Shaymin|266/266|[from] item: Leftovers\n|-damage|p1a: Glastrier|81/311|[from] Leech Seed|[of] p2a: Shaymin\n|upkeep\n|turn|36\n|\n|t:|1771232145\n|switch|p1a: Articuno|Articuno-Galar, L84|225/288\n|move|p2a: Shaymin|Substitute|p2a: Shaymin\n|-start|p2a: Shaymin|Substitute\n|-damage|p2a: Shaymin|200/266\n|\n|-heal|p2a: Shaymin|216/266|[from] item: Leftovers\n|upkeep\n|turn|37\n|\n|t:|1771232152\n|move|p2a: Shaymin|Leech Seed|p1a: Articuno\n|-start|p1a: Articuno|move: Leech Seed\n|move|p1a: Articuno|Hurricane|p2a: Shaymin|[miss]\n|-miss|p1a: Articuno|p2a: Shaymin\n|\n|-heal|p2a: Shaymin|232/266|[from] item: Leftovers\n|-damage|p1a: Articuno|189/288|[from] Leech Seed|[of] p2a: Shaymin\n|-heal|p2a: Shaymin|266/266|[silent]\n|upkeep\n|turn|38\n|\n|t:|1771232163\n|switch|p1a: Archaludon|Archaludon, L78, F|222/268\n|move|p2a: Shaymin|Air Slash|p1a: Archaludon\n|-resisted|p1a: Archaludon\n|-damage|p1a: Archaludon|177/268\n|-ability|p1a: Archaludon|Stamina|boost\n|-boost|p1a: Archaludon|def|1\n|\n|upkeep\n|turn|39\n|\n|t:|1771232171\n|move|p2a: Shaymin|Leech Seed|p1a: Archaludon\n|-start|p1a: Archaludon|move: Leech Seed\n|move|p1a: Archaludon|Iron Head|p2a: Shaymin\n|-end|p2a: Shaymin|Substitute\n|\n|-damage|p1a: Archaludon|144/268|[from] Leech Seed|[of] p2a: Shaymin\n|upkeep\n|turn|40\n|\n|t:|1771232179\n|switch|p1a: Articuno|Articuno-Galar, L84|189/288\n|move|p2a: Shaymin|Substitute|p2a: Shaymin\n|-start|p2a: Shaymin|Substitute\n|-damage|p2a: Shaymin|200/266\n|\n|-heal|p2a: Shaymin|216/266|[from] item: Leftovers\n|upkeep\n|turn|41\n|\n|t:|1771232187\n|move|p2a: Shaymin|Air Slash|p1a: Articuno\n|-damage|p1a: Articuno|119/288\n|move|p1a: Articuno|Hurricane|p2a: Shaymin\n|-supereffective|p2a: Shaymin\n|-end|p2a: Shaymin|Substitute\n|\n|-heal|p2a: Shaymin|232/266|[from] item: Leftovers\n|upkeep\n|turn|42\n|\n|t:|1771232195\n|move|p2a: Shaymin|Substitute|p2a: Shaymin\n|-start|p2a: Shaymin|Substitute\n|-damage|p2a: Shaymin|166/266\n|move|p1a: Articuno|Recover|p1a: Articuno\n|-heal|p1a: Articuno|263/288\n|\n|-heal|p2a: Shaymin|182/266|[from] item: Leftovers\n|upkeep\n|turn|43\n|\n|t:|1771232204\n|move|p2a: Shaymin|Leech Seed|p1a: Articuno\n|-start|p1a: Articuno|move: Leech Seed\n|move|p1a: Articuno|Hurricane|p2a: Shaymin\n|-supereffective|p2a: Shaymin\n|-end|p2a: Shaymin|Substitute\n|\n|-heal|p2a: Shaymin|198/266|[from] item: Leftovers\n|-damage|p1a: Articuno|227/288|[from] Leech Seed|[of] p2a: Shaymin\n|-heal|p2a: Shaymin|234/266|[silent]\n|upkeep\n|turn|44\n|\n|t:|1771232212\n|switch|p1a: Glastrier|Glastrier, L86|81/311\n|move|p2a: Shaymin|Substitute|p2a: Shaymin\n|-start|p2a: Shaymin|Substitute\n|-damage|p2a: Shaymin|168/266\n|\n|-heal|p2a: Shaymin|184/266|[from] item: Leftovers\n|upkeep\n|turn|45\n|\n|t:|1771232220\n|move|p2a: Shaymin|Seed Flare|p1a: Glastrier\n|-damage|p1a: Glastrier|0 fnt\n|faint|p1a: Glastrier\n|\n|-heal|p2a: Shaymin|200/266|[from] item: Leftovers\n|upkeep\n|\n|t:|1771232227\n|switch|p1a: Archaludon|Archaludon, L78, F|144/268\n|turn|46\n|\n|t:|1771232235\n|move|p2a: Shaymin|Leech Seed|p1a: Archaludon\n|-start|p1a: Archaludon|move: Leech Seed\n|move|p1a: Archaludon|Iron Head|p2a: Shaymin\n|-end|p2a: Shaymin|Substitute\n|\n|-heal|p2a: Shaymin|216/266|[from] item: Leftovers\n|-damage|p1a: Archaludon|111/268|[from] Leech Seed|[of] p2a: Shaymin\n|-heal|p2a: Shaymin|249/266|[silent]\n|upkeep\n|turn|47\n|\n|t:|1771232242\n|switch|p1a: Articuno|Articuno-Galar, L84|227/288\n|move|p2a: Shaymin|Substitute|p2a: Shaymin\n|-start|p2a: Shaymin|Substitute\n|-damage|p2a: Shaymin|183/266\n|\n|-heal|p2a: Shaymin|199/266|[from] item: Leftovers\n|upkeep\n|turn|48\n|\n|t:|1771232251\n|move|p2a: Shaymin|Air Slash|p1a: Articuno\n|-damage|p1a: Articuno|167/288\n|cant|p1a: Articuno|flinch\n|\n|-heal|p2a: Shaymin|215/266|[from] item: Leftovers\n|upkeep\n|turn|49\n|\n|t:|1771232257\n|move|p2a: Shaymin|Leech Seed|p1a: Articuno\n|-start|p1a: Articuno|move: Leech Seed\n|move|p1a: Articuno|Recover|p1a: Articuno\n|-heal|p1a: Articuno|288/288\n|\n|-heal|p2a: Shaymin|231/266|[from] item: Leftovers\n|-damage|p1a: Articuno|252/288|[from] Leech Seed|[of] p2a: Shaymin\n|-heal|p2a: Shaymin|266/266|[silent]\n|upkeep\n|turn|50\n|\n|t:|1771232264\n|switch|p1a: Archaludon|Archaludon, L78, F|111/268\n|move|p2a: Shaymin|Air Slash|p1a: Archaludon\n|-resisted|p1a: Archaludon\n|-damage|p1a: Archaludon|60/268\n|-ability|p1a: Archaludon|Stamina|boost\n|-boost|p1a: Archaludon|def|1\n|\n|upkeep\n|turn|51\n|\n|t:|1771232275\n|move|p2a: Shaymin|Air Slash|p1a: Archaludon\n|-resisted|p1a: Archaludon\n|-damage|p1a: Archaludon|11/268\n|-ability|p1a: Archaludon|Stamina|boost\n|-boost|p1a: Archaludon|def|1\n|move|p1a: Archaludon|Iron Head|p2a: Shaymin\n|-end|p2a: Shaymin|Substitute\n|\n|upkeep\n|turn|52\n|\n|t:|1771232283\n|move|p2a: Shaymin|Air Slash|p1a: Archaludon\n|-resisted|p1a: Archaludon\n|-damage|p1a: Archaludon|0 fnt\n|faint|p1a: Archaludon\n|\n|upkeep\n|\n|t:|1771232287\n|switch|p1a: Articuno|Articuno-Galar, L84|252/288\n|turn|53\n|\n|t:|1771232294\n|switch|p2a: Palkia|Palkia, L75|259/259\n|-ability|p2a: Palkia|Pressure\n|move|p1a: Articuno|Calm Mind|p1a: Articuno\n|-boost|p1a: Articuno|spa|1\n|-boost|p1a: Articuno|spd|1\n|\n|upkeep\n|turn|54\n|\n|t:|1771232302\n|move|p2a: Palkia|Spacial Rend|p1a: Articuno\n|-damage|p1a: Articuno|171/288\n|move|p1a: Articuno|Calm Mind|p1a: Articuno\n|-boost|p1a: Articuno|spa|1\n|-boost|p1a: Articuno|spd|1\n|\n|upkeep\n|turn|55\n|\n|t:|1771232308\n|move|p2a: Palkia|Spacial Rend|p1a: Articuno\n|-crit|p1a: Articuno\n|-damage|p1a: Articuno|0 fnt\n|faint|p1a: Articuno\n|\n|upkeep\n|\n|t:|1771232312\n|switch|p1a: Clawitzer|Clawitzer, L87, F|142/265\n|turn|56\n|\n|t:|1771232317\n|move|p2a: Palkia|Spacial Rend|p1a: Clawitzer\n|-damage|p1a: Clawitzer|19/265\n|move|p1a: Clawitzer|Dragon Pulse|p2a: Palkia\n|-supereffective|p2a: Palkia\n|-damage|p2a: Palkia|0 fnt\n|faint|p2a: Palkia\n|\n|upkeep\n|\n|t:|1771232319\n|switch|p2a: Shaymin|Shaymin-Sky, L73|266/266\n|turn|57\n|\n|t:|1771232324\n|move|p2a: Shaymin|Air Slash|p1a: Clawitzer\n|-damage|p1a: Clawitzer|0 fnt\n|faint|p1a: Clawitzer\n|\n|win|Maka_cutie\n|raw|JM Kenobi's rating: 1605 &rarr; <strong>1585</strong><br />(-20 for losing)\n|raw|Maka_cutie's rating: 1603 &rarr; <strong>1623</strong><br />(+20 for winning)\n|l|☆JM Kenobi\n|player|p1|\n", "inputlog": ">version 686819e5e19f8a7fd2345cfc5a08a5085efa2cc3\n>start {\"formatid\":\"gen9randombattle\",\"seed\":\"sodium,4fee212fb644bd317b54728d979c6292\",\"rated\":\"Rated battle\"}\n>player p1 {\"name\":\"JM Kenobi\",\"avatar\":\"drayden\",\"rating\":1605,\"seed\":\"sodium,4df29a3ec5fd38a749f68be72160387b\"}\n>player p2 {\"name\":\"Maka_cutie\",\"avatar\":\"102\",\"rating\":1603,\"seed\":\"sodium,7f82c75c4832c614524466e0c28c1e2a\"}\n>p1 switch 2\n>p2 move bodyslam\n>p1 move swordsdance\n>p2 switch 5\n>p1 switch 3\n>p2 move encore\n>p1 move rapidspin\n>p2 move uturn\n>p2 switch 3\n>p1 move earthquake\n>p2 move fireblast\n>p2 switch 5\n>p1 move ironhead\n>p2 move earthquake\n>p1 move tripleaxel\n>p2 move earthquake\n>p2 switch 4\n>p1 move ironhead\n>p2 move fireblast\n>p1 switch 2\n>p1 move icebeam\n>p2 switch 3\n>p2 switch 2\n>p1 move icebeam\n>p2 move focusblast\n>p1 move icebeam\n>p2 move focusblast\n>p2 switch 6\n>p1 switch 6\n>p2 move substitute\n>p1 move hurricane\n>p2 move leechseed\n>p1 switch 4\n>p2 move airslash\n>p1 move iciclecrash\n>p2 move leechseed\n>p1 switch 4\n>p2 move substitute\n>p1 move hurricane\n>p2 move leechseed\n>p1 move hurricane\n>p2 move substitute\n>p1 move hurricane\n>p2 move substitute\n>p1 move hurricane\n>p2 move substitute\n>p1 move hurricane\n>p2 move leechseed\n>p1 switch 4\n>p2 move airslash\n>p1 move iciclecrash\n>p2 move leechseed\n>p1 switch 5\n>p2 move substitute\n>p1 move flamethrower terastallize\n>p2 move leechseed\n>p1 switch 4\n>p2 move substitute\n>p1 move hurricane\n>p2 move leechseed\n>p1 switch 4\n>p2 move substitute\n>p1 move flamethrower\n>p2 move leechseed\n>p1 switch 4\n>p2 move substitute\n>p1 move hurricane\n>p2 move airslash\n>p1 move recover\n>p2 move leechseed\n>p1 switch 4\n>p2 move airslash\n>p1 move flamethrower\n>p2 move airslash\n>p1 switch 5\n>p1 move iciclecrash\n>p2 move leechseed\n>p1 switch 4\n>p2 move substitute\n>p1 move hurricane\n>p2 move leechseed\n>p1 switch 3\n>p2 move airslash\n>p1 move ironhead\n>p2 move leechseed\n>p1 switch 3\n>p2 move substitute\n>p1 move hurricane\n>p2 move airslash\n>p1 move recover\n>p2 move substitute\n>p1 move hurricane\n>p2 move leechseed\n>p1 switch 4\n>p2 move substitute\n>p1 move iciclecrash\n>p2 move seedflare\n>p1 switch 3\n>p1 move ironhead\n>p2 move leechseed\n>p1 switch 4\n>p2 move substitute\n>p1 move hurricane\n>p2 move airslash\n>p1 move recover\n>p2 move leechseed\n>p1 switch 4\n>p2 move airslash\n>p1 move ironhead\n>p2 move airslash\n>p1 move ironhead\n>p2 move airslash\n>p1 switch 4\n>p1 move calmmind\n>p2 switch 3\n>p1 move calmmind\n>p2 move spacialrend\n>p1 move recover\n>p2 move spacialrend\n>p1 switch 6\n>p1 move dragonpulse\n>p2 move spacialrend\n>p2 switch 3\n>p1 move dragonpulse\n>p2 move airslash", "uploadtime": 1771232340, "views": 13, "formatid": "gen9randombattle", "rating": 1585, "private": 0, "password": null}