{"id": "gen9randombattle-2540187321", "format": "[Gen 9] Random Battle", "players": ["mangofruit776", "Soul Gem"], "log": "|j|☆mangofruit776\n|j|☆Soul Gem\n|t:|1771173472\n|gametype|singles\n|player|p1|mangofruit776|pokefanf-gen4|1757\n|player|p2|Soul Gem|misty|1769\n|gen|9\n|tier|[Gen 9] Random Battle\n|rated|\n|rule|Species Clause: Limit one of each Pokémon\n|rule|HP Percentage Mod: HP is shown in percentages\n|rule|Sleep Clause Mod: Limit one foe put to sleep\n|rule|Illusion Level Mod: Illusion disguises the Pokémon's true level\n|\n|t:|1771173472\n|teamsize|p1|6\n|teamsize|p2|6\n|start\n|switch|p1a: Lilligant|Lilligant, L86, F|261/261\n|switch|p2a: Palafin|Palafin, L77, F|281/281\n|turn|1\n|inactive|Battle timer is ON: inactive players will automatically lose when time's up. (requested by mangofruit776)\n|\n|t:|1771173484\n|detailschange|p2a: Palafin|Palafin-Hero, L77, F\n|switch|p2a: Skarmory|Skarmory, L80, F|235/235\n|move|p1a: Lilligant|Sleep Powder|p2a: Skarmory\n|-status|p2a: Skarmory|slp|[from] move: Sleep Powder\n|\n|upkeep\n|turn|2\n|inactive|Soul Gem has 120 seconds left.\n|\n|t:|1771173539\n|switch|p1a: Mamoswine|Mamoswine, L81, M|311/311\n|switch|p2a: Ho-Oh|Ho-Oh, L71|268/268\n|\n|upkeep\n|turn|3\n|\n|t:|1771173546\n|move|p1a: Mamoswine|Stealth Rock|p2a: Ho-Oh\n|-sidestart|p2: Soul Gem|move: Stealth Rock\n|move|p2a: Ho-Oh|Sacred Fire|p1a: Mamoswine\n|-supereffective|p1a: Mamoswine\n|-damage|p1a: Mamoswine|203/311\n|\n|upkeep\n|turn|4\n|\n|t:|1771173566\n|move|p1a: Mamoswine|Icicle Crash|p2a: Ho-Oh\n|-damage|p2a: Ho-Oh|112/268\n|-damage|p1a: Mamoswine|172/311|[from] item: Life Orb\n|move|p2a: Ho-Oh|Sacred Fire|p1a: Mamoswine\n|-supereffective|p1a: Mamoswine\n|-damage|p1a: Mamoswine|64/311\n|\n|upkeep\n|turn|5\n|inactive|Soul Gem has 120 seconds left.\n|\n|t:|1771173575\n|switch|p2a: Mamoswine|Mamoswine, L81, M|311/311\n|-damage|p2a: Mamoswine|273/311|[from] Stealth Rock\n|move|p1a: Mamoswine|Icicle Crash|p2a: Mamoswine\n|-damage|p2a: Mamoswine|194/311\n|-damage|p1a: Mamoswine|33/311|[from] item: Life Orb\n|\n|upkeep\n|turn|6\n|\n|t:|1771173588\n|move|p1a: Mamoswine|Icicle Crash|p2a: Mamoswine\n|-damage|p2a: Mamoswine|120/311\n|-damage|p1a: Mamoswine|2/311|[from] item: Life Orb\n|move|p2a: Mamoswine|Stealth Rock|p1a: Mamoswine\n|-sidestart|p1: mangofruit776|move: Stealth Rock\n|\n|upkeep\n|turn|7\n|\n|t:|1771173594\n|move|p2a: Mamoswine|Ice Shard|p1a: Mamoswine\n|-damage|p1a: Mamoswine|0 fnt\n|faint|p1a: Mamoswine\n|-damage|p2a: Mamoswine|89/311|[from] item: Life Orb\n|\n|upkeep\n|\n|t:|1771173610\n|switch|p1a: Deoxys|Deoxys, L74|196/196\n|-damage|p1a: Deoxys|172/196|[from] Stealth Rock\n|-ability|p1a: Deoxys|Pressure\n|turn|8\n|\n|t:|1771173618\n|switch|p2a: Skarmory|Skarmory, L80, F|235/235 slp\n|-damage|p2a: Skarmory|206/235 slp|[from] Stealth Rock\n|move|p1a: Deoxys|Knock Off|p2a: Skarmory\n|-crit|p2a: Skarmory\n|-damage|p2a: Skarmory|90/235 slp\n|-enditem|p2a: Skarmory|Leftovers|[from] move: Knock Off|[of] p1a: Deoxys\n|-damage|p1a: Deoxys|153/196|[from] item: Life Orb\n|\n|upkeep\n|turn|9\n|\n|t:|1771173630\n|move|p1a: Deoxys|Superpower|p2a: Skarmory\n|-damage|p2a: Skarmory|6/235 slp\n|-unboost|p1a: Deoxys|atk|1\n|-unboost|p1a: Deoxys|def|1\n|-damage|p1a: Deoxys|134/196|[from] item: Life Orb\n|cant|p2a: Skarmory|slp\n|\n|upkeep\n|turn|10\n|\n|t:|1771173635\n|move|p1a: Deoxys|Knock Off|p2a: Skarmory\n|-damage|p2a: Skarmory|0 fnt\n|faint|p2a: Skarmory\n|-damage|p1a: Deoxys|115/196|[from] item: Life Orb\n|\n|upkeep\n|\n|t:|1771173639\n|switch|p2a: Palafin|Palafin-Hero, L77, F|281/281\n|-damage|p2a: Palafin|246/281|[from] Stealth Rock\n|-activate|p2a: Palafin|ability: Zero to Hero\n|turn|11\n|\n|t:|1771173664\n|switch|p1a: Weezing|Weezing-Galar, L86, M|252/252\n|-damage|p1a: Weezing|221/252|[from] Stealth Rock\n|move|p2a: Palafin|Jet Punch|p1a: Weezing\n|-damage|p1a: Weezing|131/252\n|\n|-heal|p1a: Weezing|146/252|[from] item: Leftovers\n|upkeep\n|turn|12\n|\n|t:|1771173675\n|switch|p2a: Hoopa|Hoopa, L85|275/275\n|-damage|p2a: Hoopa|241/275|[from] Stealth Rock\n|move|p1a: Weezing|Gunk Shot|p2a: Hoopa|[miss]\n|-miss|p1a: Weezing|p2a: Hoopa\n|\n|-heal|p1a: Weezing|161/252|[from] item: Leftovers\n|upkeep\n|turn|13\n|\n|t:|1771173681\n|switch|p1a: Muk|Muk-Alola, L82, F|306/306\n|-damage|p1a: Muk|268/306|[from] Stealth Rock\n|move|p2a: Hoopa|Psyshock|p1a: Muk\n|-immune|p1a: Muk\n|\n|upkeep\n|turn|14\n|\n|t:|1771173691\n|switch|p2a: Gouging Fire|Gouging Fire, L74|277/277\n|move|p1a: Muk|Knock Off|p2a: Gouging Fire\n|-damage|p2a: Gouging Fire|181/277\n|-enditem|p2a: Gouging Fire|Heavy-Duty Boots|[from] move: Knock Off|[of] p1a: Muk\n|\n|upkeep\n|turn|15\n|\n|t:|1771173699\n|switch|p1a: Weezing|Weezing-Galar, L86, M|161/252\n|-damage|p1a: Weezing|130/252|[from] Stealth Rock\n|move|p2a: Gouging Fire|Morning Sun|p2a: Gouging Fire\n|-heal|p2a: Gouging Fire|277/277\n|\n|-heal|p1a: Weezing|145/252|[from] item: Leftovers\n|upkeep\n|turn|16\n|\n|t:|1771173708\n|move|p2a: Gouging Fire|Dragon Dance|p2a: Gouging Fire\n|-boost|p2a: Gouging Fire|atk|1\n|-boost|p2a: Gouging Fire|spe|1\n|move|p1a: Weezing|Pain Split|p2a: Gouging Fire\n|-sethp|p2a: Gouging Fire|211/277|[from] move: Pain Split|[silent]\n|-sethp|p1a: Weezing|211/252|[from] move: Pain Split\n|\n|-heal|p1a: Weezing|226/252|[from] item: Leftovers\n|upkeep\n|turn|17\n|\n|t:|1771173715\n|move|p2a: Gouging Fire|Heat Crash|p1a: Weezing\n|-damage|p1a: Weezing|102/252\n|move|p1a: Weezing|Strange Steam|p2a: Gouging Fire\n|-damage|p2a: Gouging Fire|108/277\n|\n|-heal|p1a: Weezing|117/252|[from] item: Leftovers\n|upkeep\n|turn|18\n|\n|t:|1771173723\n|move|p2a: Gouging Fire|Heat Crash|p1a: Weezing\n|-damage|p1a: Weezing|0 fnt\n|faint|p1a: Weezing\n|\n|upkeep\n|\n|t:|1771173748\n|switch|p1a: Muk|Muk-Alola, L82, F|268/306\n|-damage|p1a: Muk|230/306|[from] Stealth Rock\n|turn|19\n|\n|t:|1771173756\n|move|p2a: Gouging Fire|Heat Crash|p1a: Muk\n|-damage|p1a: Muk|34/306\n|move|p1a: Muk|Gunk Shot|p2a: Gouging Fire\n|-damage|p2a: Gouging Fire|0 fnt\n|faint|p2a: Gouging Fire\n|-end|p2a: Gouging Fire|Protosynthesis|[silent]\n|\n|upkeep\n|\n|t:|1771173766\n|switch|p2a: Ho-Oh|Ho-Oh, L71|201/268\n|turn|20\n|\n|t:|1771173769\n|move|p2a: Ho-Oh|Earthquake|p1a: Muk\n|-supereffective|p1a: Muk\n|-damage|p1a: Muk|0 fnt\n|faint|p1a: Muk\n|\n|upkeep\n|\n|t:|1771173781\n|switch|p1a: Deoxys|Deoxys, L74|115/196\n|-damage|p1a: Deoxys|91/196|[from] Stealth Rock\n|-ability|p1a: Deoxys|Pressure\n|turn|21\n|\n|t:|1771173800\n|move|p1a: Deoxys|Knock Off|p2a: Ho-Oh\n|-damage|p2a: Ho-Oh|93/268\n|-enditem|p2a: Ho-Oh|Heavy-Duty Boots|[from] move: Knock Off|[of] p1a: Deoxys\n|-damage|p1a: Deoxys|72/196|[from] item: Life Orb\n|move|p2a: Ho-Oh|Sacred Fire|p1a: Deoxys\n|-damage|p1a: Deoxys|0 fnt\n|faint|p1a: Deoxys\n|\n|upkeep\n|\n|t:|1771173811\n|switch|p1a: Lilligant|Lilligant, L86, F|261/261\n|-damage|p1a: Lilligant|229/261|[from] Stealth Rock\n|turn|22\n|\n|t:|1771173816\n|move|p1a: Lilligant|Sleep Powder|p2a: Ho-Oh\n|-status|p2a: Ho-Oh|slp|[from] move: Sleep Powder\n|cant|p2a: Ho-Oh|slp\n|\n|upkeep\n|turn|23\n|\n|t:|1771173820\n|move|p1a: Lilligant|Quiver Dance|p1a: Lilligant\n|-boost|p1a: Lilligant|spa|1\n|-boost|p1a: Lilligant|spd|1\n|-boost|p1a: Lilligant|spe|1\n|cant|p2a: Ho-Oh|slp\n|\n|upkeep\n|turn|24\n|\n|t:|1771173825\n|move|p1a: Lilligant|Quiver Dance|p1a: Lilligant\n|-boost|p1a: Lilligant|spa|1\n|-boost|p1a: Lilligant|spd|1\n|-boost|p1a: Lilligant|spe|1\n|cant|p2a: Ho-Oh|slp\n|\n|upkeep\n|turn|25\n|\n|t:|1771173832\n|switch|p2a: Hoopa|Hoopa, L85|241/275\n|-damage|p2a: Hoopa|207/275|[from] Stealth Rock\n|move|p1a: Lilligant|Tera Blast|p2a: Hoopa\n|-immune|p2a: Hoopa\n|\n|upkeep\n|turn|26\n|\n|t:|1771173841\n|move|p1a: Lilligant|Giga Drain|p2a: Hoopa\n|-damage|p2a: Hoopa|24/275\n|-heal|p1a: Lilligant|261/261|[from] drain|[of] p2a: Hoopa\n|-damage|p1a: Lilligant|235/261|[from] item: Life Orb\n|move|p2a: Hoopa|Psyshock|p1a: Lilligant\n|-damage|p1a: Lilligant|106/261\n|\n|upkeep\n|turn|27\n|\n|t:|1771173848\n|move|p1a: Lilligant|Giga Drain|p2a: Hoopa\n|-damage|p2a: Hoopa|0 fnt\n|-heal|p1a: Lilligant|118/261|[from] drain|[of] p2a: Hoopa\n|faint|p2a: Hoopa\n|-damage|p1a: Lilligant|92/261|[from] item: Life Orb\n|\n|upkeep\n|\n|t:|1771173850\n|switch|p2a: Mamoswine|Mamoswine, L81, M|89/311\n|-damage|p2a: Mamoswine|51/311|[from] Stealth Rock\n|turn|28\n|\n|t:|1771173861\n|-terastallize|p1a: Lilligant|Fire\n|move|p2a: Mamoswine|Ice Shard|p1a: Lilligant\n|-resisted|p1a: Lilligant\n|-damage|p1a: Lilligant|57/261\n|-damage|p2a: Mamoswine|20/311|[from] item: Life Orb\n|move|p1a: Lilligant|Giga Drain|p2a: Mamoswine\n|-supereffective|p2a: Mamoswine\n|-damage|p2a: Mamoswine|0 fnt\n|-heal|p1a: Lilligant|67/261|[from] drain|[of] p2a: Mamoswine\n|faint|p2a: Mamoswine\n|-damage|p1a: Lilligant|41/261|[from] item: Life Orb\n|\n|upkeep\n|\n|t:|1771173868\n|switch|p2a: Palafin|Palafin-Hero, L77, F|246/281\n|-damage|p2a: Palafin|211/281|[from] Stealth Rock\n|turn|29\n|\n|t:|1771173871\n|move|p2a: Palafin|Jet Punch|p1a: Lilligant\n|-supereffective|p1a: Lilligant\n|-damage|p1a: Lilligant|0 fnt\n|faint|p1a: Lilligant\n|\n|upkeep\n|\n|t:|1771173874\n|switch|p1a: Veluza|Veluza, L85, F|292/292\n|-damage|p1a: Veluza|256/292|[from] Stealth Rock\n|turn|30\n|\n|t:|1771173880\n|-terastallize|p2a: Palafin|Water\n|move|p2a: Palafin|Jet Punch|p1a: Veluza\n|-resisted|p1a: Veluza\n|-damage|p1a: Veluza|170/292\n|move|p1a: Veluza|Psycho Cut|p2a: Palafin\n|-damage|p2a: Palafin|88/281\n|\n|upkeep\n|turn|31\n|\n|t:|1771173888\n|switch|p2a: Ho-Oh|Ho-Oh, L71|182/268 slp\n|-damage|p2a: Ho-Oh|48/268 slp|[from] Stealth Rock\n|move|p1a: Veluza|Psycho Cut|p2a: Ho-Oh\n|-damage|p2a: Ho-Oh|0 fnt\n|faint|p2a: Ho-Oh\n|\n|upkeep\n|\n|t:|1771173893\n|switch|p2a: Palafin|Palafin-Hero, L77, F, tera:Water|88/281\n|-damage|p2a: Palafin|53/281|[from] Stealth Rock\n|turn|32\n|\n|t:|1771173911\n|move|p2a: Palafin|Wave Crash|p1a: Veluza\n|-resisted|p1a: Veluza\n|-damage|p1a: Veluza|0 fnt\n|faint|p1a: Veluza\n|-damage|p2a: Palafin|0 fnt|[from] Recoil\n|faint|p2a: Palafin\n|\n|win|Soul Gem\n|raw|mangofruit776's rating: 1757 &rarr; <strong>1738</strong><br />(-19 for losing)\n|raw|Soul Gem's rating: 1769 &rarr; <strong>1788</strong><br />(+19 for winning)\n", "inputlog": ">version 686819e5e19f8a7fd2345cfc5a08a5085efa2cc3\n>start {\"formatid\":\"gen9randombattle\",\"seed\":\"sodium,f2567874013a571da6d31e8aa0e652ed\",\"rated\":\"Rated battle\"}\n>player p1 {\"name\":\"mangofruit776\",\"avatar\":\"pokefanf-gen4\",\"rating\":1757,\"seed\":\"sodium,62e1ee7a767fdbb886df606b994cc6a9\"}\n>player p2 {\"name\":\"Soul Gem\",\"avatar\":\"misty\",\"rating\":1769,\"seed\":\"sodium,51ede5912abd8fb77b59cbd0dae758de\"}\n>p1 move sleeppowder\n>p2 switch 5\n>p1 switch 4\n>p2 switch 6\n>p1 move stealthrock\n>p2 move sacredfire\n>p1 move iciclecrash\n>p2 move sacredfire\n>p1 move iciclecrash\n>p2 switch 3\n>p1 move iciclecrash\n>p2 move stealthrock\n>p1 move iciclecrash\n>p2 move iceshard\n>p1 switch 6\n>p1 move knockoff\n>p2 switch 6\n>p1 move superpower\n>p2 move roost\n>p1 move knockoff\n>p2 move roost\n>p2 switch 5\n>p1 switch 2\n>p2 move jetpunch\n>p1 move gunkshot\n>p2 switch 2\n>p1 switch 3\n>p2 move psyshock\n>p1 move knockoff\n>p2 switch 4\n>p1 switch 3\n>p2 move morningsun\n>p1 move painsplit\n>p2 move dragondance\n>p1 move strangesteam\n>p2 move heatcrash\n>p1 move strangesteam\n>p2 move heatcrash\n>p1 switch 3\n>p1 move gunkshot\n>p2 move heatcrash\n>p2 switch 3\n>p1 move knockoff\n>p2 move earthquake\n>p1 switch 2\n>p1 move knockoff\n>p2 move sacredfire\n>p1 switch 4\n>p1 move sleeppowder\n>p2 move bravebird\n>p1 move quiverdance\n>p2 move bravebird\n>p1 move quiverdance\n>p2 move bravebird\n>p1 move terablast\n>p2 switch 4\n>p1 move gigadrain\n>p2 move psyshock\n>p1 move gigadrain\n>p2 move psyshock\n>p2 switch 6\n>p1 move gigadrain terastallize\n>p2 move iceshard\n>p2 switch 2\n>p1 move gigadrain\n>p2 move jetpunch\n>p1 switch 5\n>p1 move psychocut\n>p2 move jetpunch terastallize\n>p1 move psychocut\n>p2 switch 4\n>p2 switch 4\n>p1 move psychocut\n>p2 move wavecrash", "uploadtime": 1771173919, "views": 8, "formatid": "gen9randombattle", "rating": 1738, "private": 0, "password": null}