{"id": "gen9randombattle-2540251173", "format": "[Gen 9] Random Battle", "players": ["vegemite360", "darkilitos"], "log": "|j|☆vegemite360\n|j|☆darkilitos\n|t:|1771180807\n|gametype|singles\n|player|p1|vegemite360|bugcatcher-gen4dp|1965\n|player|p2|darkilitos|2|2013\n|gen|9\n|tier|[Gen 9] Random Battle\n|rated|\n|rule|Species Clause: Limit one of each Pokémon\n|rule|HP Percentage Mod: HP is shown in percentages\n|rule|Sleep Clause Mod: Limit one foe put to sleep\n|rule|Illusion Level Mod: Illusion disguises the Pokémon's true level\n|\n|t:|1771180807\n|teamsize|p1|6\n|teamsize|p2|6\n|start\n|switch|p1a: Greninja|Greninja, L80, M|246/246\n|switch|p2a: Dunsparce|Dunsparce, L86, F|312/312\n|turn|1\n|inactive|Battle timer is ON: inactive players will automatically lose when time's up. (requested by vegemite360)\n|\n|t:|1771180836\n|switch|p1a: Gallade|Gallade, L80, M|240/240\n|move|p2a: Dunsparce|Body Slam|p1a: Gallade\n|-damage|p1a: Gallade|147/240\n|\n|upkeep\n|turn|2\n|\n|t:|1771180851\n|switch|p2a: Landorus|Landorus-Therian, L76, M|260/260\n|-ability|p2a: Landorus|Intimidate|boost\n|-unboost|p1a: Gallade|atk|1\n|move|p1a: Gallade|Sacred Sword|p2a: Landorus\n|-resisted|p2a: Landorus\n|-damage|p2a: Landorus|201/260\n|\n|-heal|p2a: Landorus|217/260|[from] item: Leftovers\n|upkeep\n|turn|3\n|\n|t:|1771180861\n|switch|p1a: Swanna|Swanna, L89, F|278/278\n|move|p2a: Landorus|Stealth Rock|p1a: Swanna\n|-sidestart|p1: vegemite360|move: Stealth Rock\n|\n|-heal|p2a: Landorus|233/260|[from] item: Leftovers\n|upkeep\n|turn|4\n|\n|t:|1771180873\n|switch|p2a: Dunsparce|Dunsparce, L86, F|312/312\n|move|p1a: Swanna|Defog|p2a: Dunsparce\n|-unboost|p2a: Dunsparce|evasion|1\n|-sideend|p1: vegemite360|Stealth Rock|[from] move: Defog|[of] p1a: Swanna\n|\n|upkeep\n|turn|5\n|\n|t:|1771180881\n|switch|p1a: Probopass|Probopass, L91, F|257/257\n|move|p2a: Dunsparce|Body Slam|p1a: Probopass\n|-resisted|p1a: Probopass\n|-damage|p1a: Probopass|247/257\n|-status|p1a: Probopass|par\n|\n|upkeep\n|turn|6\n|\n|t:|1771180891\n|switch|p2a: Hitmontop|Hitmontop, L88, M|231/231\n|cant|p1a: Probopass|par\n|\n|upkeep\n|turn|7\n|\n|t:|1771180900\n|switch|p1a: Swanna|Swanna, L89, F|278/278\n|move|p2a: Hitmontop|Rapid Spin|p1a: Swanna\n|-damage|p1a: Swanna|203/278\n|-boost|p2a: Hitmontop|spe|1\n|\n|upkeep\n|turn|8\n|\n|t:|1771180907\n|-terastallize|p2a: Hitmontop|Ice\n|move|p2a: Hitmontop|Triple Axel|p1a: Swanna\n|-damage|p1a: Swanna|164/278\n|-damage|p1a: Swanna|76/278\n|-damage|p1a: Swanna|0 fnt\n|faint|p1a: Swanna\n|-hitcount|p1: Swanna|3\n|\n|upkeep\n|\n|t:|1771180921\n|switch|p1a: Gallade|Gallade, L80, M|147/240\n|turn|9\n|\n|t:|1771180925\n|move|p1a: Gallade|Sacred Sword|p2a: Hitmontop\n|-supereffective|p2a: Hitmontop\n|-damage|p2a: Hitmontop|0 fnt\n|faint|p2a: Hitmontop\n|\n|upkeep\n|\n|t:|1771180929\n|switch|p2a: Landorus|Landorus-Therian, L76, M|233/260\n|-ability|p2a: Landorus|Intimidate|boost\n|-unboost|p1a: Gallade|atk|1\n|turn|10\n|\n|t:|1771180935\n|switch|p1a: Gogoat|Gogoat, L88, M|360/360\n|move|p2a: Landorus|Stealth Rock|p1a: Gogoat\n|-sidestart|p1: vegemite360|move: Stealth Rock\n|\n|-heal|p2a: Landorus|249/260|[from] item: Leftovers\n|upkeep\n|turn|11\n|\n|t:|1771180942\n|move|p2a: Landorus|Taunt|p1a: Gogoat\n|-start|p1a: Gogoat|move: Taunt\n|cant|p1a: Gogoat|move: Taunt|Bulk Up\n|\n|-heal|p2a: Landorus|260/260|[from] item: Leftovers\n|upkeep\n|turn|12\n|\n|t:|1771180947\n|switch|p2a: Houndoom|Houndoom, L87, M|272/272\n|move|p1a: Gogoat|Horn Leech|p2a: Houndoom\n|-resisted|p2a: Houndoom\n|-damage|p2a: Houndoom|206/272\n|\n|upkeep\n|turn|13\n|\n|t:|1771180957\n|switch|p1a: Greninja|Greninja, L80, M|246/246\n|-damage|p1a: Greninja|216/246|[from] Stealth Rock\n|move|p2a: Houndoom|Fire Blast|p1a: Greninja\n|-resisted|p1a: Greninja\n|-damage|p1a: Greninja|133/246\n|\n|upkeep\n|turn|14\n|\n|t:|1771180966\n|switch|p2a: Sawsbuck|Sawsbuck-Winter, L88, M|284/284\n|move|p1a: Greninja|Hydro Pump|p2a: Sawsbuck\n|-resisted|p2a: Sawsbuck\n|-damage|p2a: Sawsbuck|198/284\n|-damage|p1a: Greninja|109/246|[from] item: Life Orb\n|\n|upkeep\n|turn|15\n|\n|t:|1771180974\n|move|p1a: Greninja|Gunk Shot|p2a: Sawsbuck\n|-supereffective|p2a: Sawsbuck\n|-damage|p2a: Sawsbuck|0 fnt\n|faint|p2a: Sawsbuck\n|-ability|p1a: Greninja|Battle Bond|boost\n|-boost|p1a: Greninja|atk|1\n|-boost|p1a: Greninja|spa|1\n|-boost|p1a: Greninja|spe|1\n|-activate|p1a: Greninja|ability: Battle Bond\n|-damage|p1a: Greninja|85/246|[from] item: Life Orb\n|\n|upkeep\n|\n|t:|1771180980\n|switch|p2a: Dunsparce|Dunsparce, L86, F|312/312\n|turn|16\n|\n|t:|1771180984\n|move|p1a: Greninja|Hydro Pump|p2a: Dunsparce\n|-damage|p2a: Dunsparce|135/312\n|-damage|p1a: Greninja|61/246|[from] item: Life Orb\n|move|p2a: Dunsparce|Body Slam|p1a: Greninja\n|-damage|p1a: Greninja|0 fnt\n|faint|p1a: Greninja\n|\n|upkeep\n|\n|t:|1771181010\n|switch|p1a: Gallade|Gallade, L80, M|147/240\n|-damage|p1a: Gallade|132/240|[from] Stealth Rock\n|turn|17\n|\n|t:|1771181017\n|switch|p2a: Houndoom|Houndoom, L87, M|206/272\n|move|p1a: Gallade|Psycho Cut|p2a: Houndoom\n|-immune|p2a: Houndoom\n|\n|upkeep\n|turn|18\n|\n|t:|1771181024\n|switch|p1a: Probopass|Probopass, L91, F|247/257 par\n|-damage|p1a: Probopass|231/257 par|[from] Stealth Rock\n|move|p2a: Houndoom|Nasty Plot|p2a: Houndoom\n|-boost|p2a: Houndoom|spa|2\n|\n|upkeep\n|turn|19\n|\n|t:|1771181028\n|move|p2a: Houndoom|Fire Blast|p1a: Probopass\n|-damage|p1a: Probopass|56/257 par\n|move|p1a: Probopass|Body Press|p2a: Houndoom\n|-supereffective|p2a: Houndoom\n|-damage|p2a: Houndoom|0 fnt\n|faint|p2a: Houndoom\n|\n|upkeep\n|\n|t:|1771181039\n|switch|p2a: Hatterene|Hatterene, L85, F|236/236\n|turn|20\n|\n|t:|1771181043\n|move|p2a: Hatterene|Mystical Fire|p1a: Probopass\n|-damage|p1a: Probopass|15/257 par\n|-unboost|p1a: Probopass|spa|1\n|move|p1a: Probopass|Flash Cannon|p2a: Hatterene\n|-supereffective|p2a: Hatterene\n|-damage|p2a: Hatterene|140/236\n|\n|-heal|p2a: Hatterene|154/236|[from] item: Leftovers\n|upkeep\n|turn|21\n|\n|t:|1771181051\n|move|p2a: Hatterene|Mystical Fire|p1a: Probopass\n|-damage|p1a: Probopass|0 fnt\n|faint|p1a: Probopass\n|\n|-heal|p2a: Hatterene|168/236|[from] item: Leftovers\n|upkeep\n|\n|t:|1771181054\n|switch|p1a: Venomoth|Venomoth, L84, M|255/255\n|turn|22\n|\n|t:|1771181062\n|move|p1a: Venomoth|Quiver Dance|p1a: Venomoth\n|-boost|p1a: Venomoth|spa|1\n|-boost|p1a: Venomoth|spd|1\n|-boost|p1a: Venomoth|spe|1\n|move|p2a: Hatterene|Psyshock|p1a: Venomoth\n|-supereffective|p1a: Venomoth\n|-damage|p1a: Venomoth|0 fnt\n|faint|p1a: Venomoth\n|\n|-heal|p2a: Hatterene|182/236|[from] item: Leftovers\n|upkeep\n|\n|t:|1771181066\n|switch|p1a: Gogoat|Gogoat, L88, M|360/360\n|-damage|p1a: Gogoat|315/360|[from] Stealth Rock\n|turn|23\n|\n|t:|1771181070\n|switch|p2a: Landorus|Landorus-Therian, L76, M|260/260\n|-ability|p2a: Landorus|Intimidate|boost\n|-unboost|p1a: Gogoat|atk|1\n|move|p1a: Gogoat|Bulk Up|p1a: Gogoat\n|-boost|p1a: Gogoat|atk|1\n|-boost|p1a: Gogoat|def|1\n|\n|-heal|p1a: Gogoat|337/360|[from] item: Leftovers\n|upkeep\n|turn|24\n|\n|t:|1771181076\n|move|p2a: Landorus|Taunt|p1a: Gogoat\n|-start|p1a: Gogoat|move: Taunt\n|move|p1a: Gogoat|Horn Leech|p2a: Landorus\n|-damage|p2a: Landorus|164/260\n|-heal|p1a: Gogoat|360/360|[from] drain|[of] p2a: Landorus\n|\n|-heal|p2a: Landorus|180/260|[from] item: Leftovers\n|upkeep\n|turn|25\n|\n|t:|1771181087\n|switch|p2a: Hatterene|Hatterene, L85, F|182/236\n|move|p1a: Gogoat|Horn Leech|p2a: Hatterene\n|-damage|p2a: Hatterene|97/236\n|\n|-heal|p2a: Hatterene|111/236|[from] item: Leftovers\n|upkeep\n|turn|26\n|\n|t:|1771181095\n|move|p1a: Gogoat|Horn Leech|p2a: Hatterene\n|-damage|p2a: Hatterene|32/236\n|move|p2a: Hatterene|Mystical Fire|p1a: Gogoat\n|-supereffective|p1a: Gogoat\n|-damage|p1a: Gogoat|208/360\n|-unboost|p1a: Gogoat|spa|1\n|\n|-heal|p1a: Gogoat|230/360|[from] item: Leftovers\n|-heal|p2a: Hatterene|46/236|[from] item: Leftovers\n|-end|p1a: Gogoat|move: Taunt\n|upkeep\n|turn|27\n|\n|t:|1771181099\n|move|p1a: Gogoat|Bulk Up|p1a: Gogoat\n|-boost|p1a: Gogoat|atk|1\n|-boost|p1a: Gogoat|def|1\n|move|p2a: Hatterene|Mystical Fire|p1a: Gogoat\n|-supereffective|p1a: Gogoat\n|-damage|p1a: Gogoat|76/360\n|-unboost|p1a: Gogoat|spa|1\n|\n|-heal|p1a: Gogoat|98/360|[from] item: Leftovers\n|-heal|p2a: Hatterene|60/236|[from] item: Leftovers\n|upkeep\n|turn|28\n|\n|t:|1771181104\n|move|p1a: Gogoat|Milk Drink|p1a: Gogoat\n|-heal|p1a: Gogoat|278/360\n|move|p2a: Hatterene|Mystical Fire|p1a: Gogoat\n|-supereffective|p1a: Gogoat\n|-damage|p1a: Gogoat|138/360\n|-unboost|p1a: Gogoat|spa|1\n|\n|-heal|p1a: Gogoat|160/360|[from] item: Leftovers\n|-heal|p2a: Hatterene|74/236|[from] item: Leftovers\n|upkeep\n|turn|29\n|\n|t:|1771181106\n|move|p1a: Gogoat|Milk Drink|p1a: Gogoat\n|-heal|p1a: Gogoat|340/360\n|move|p2a: Hatterene|Mystical Fire|p1a: Gogoat\n|-supereffective|p1a: Gogoat\n|-damage|p1a: Gogoat|180/360\n|-unboost|p1a: Gogoat|spa|1\n|\n|-heal|p1a: Gogoat|202/360|[from] item: Leftovers\n|-heal|p2a: Hatterene|88/236|[from] item: Leftovers\n|upkeep\n|turn|30\n|\n|t:|1771181109\n|move|p1a: Gogoat|Bulk Up|p1a: Gogoat\n|-boost|p1a: Gogoat|atk|1\n|-boost|p1a: Gogoat|def|1\n|move|p2a: Hatterene|Mystical Fire|p1a: Gogoat\n|-supereffective|p1a: Gogoat\n|-damage|p1a: Gogoat|58/360\n|-unboost|p1a: Gogoat|spa|1\n|\n|-heal|p1a: Gogoat|80/360|[from] item: Leftovers\n|-heal|p2a: Hatterene|102/236|[from] item: Leftovers\n|upkeep\n|turn|31\n|\n|t:|1771181112\n|move|p1a: Gogoat|Milk Drink|p1a: Gogoat\n|-heal|p1a: Gogoat|260/360\n|move|p2a: Hatterene|Mystical Fire|p1a: Gogoat\n|-supereffective|p1a: Gogoat\n|-damage|p1a: Gogoat|104/360\n|-unboost|p1a: Gogoat|spa|1\n|\n|-heal|p1a: Gogoat|126/360|[from] item: Leftovers\n|-heal|p2a: Hatterene|116/236|[from] item: Leftovers\n|upkeep\n|turn|32\n|\n|t:|1771181115\n|move|p1a: Gogoat|Milk Drink|p1a: Gogoat\n|-heal|p1a: Gogoat|306/360\n|move|p2a: Hatterene|Mystical Fire|p1a: Gogoat\n|-supereffective|p1a: Gogoat\n|-damage|p1a: Gogoat|156/360\n|\n|-heal|p1a: Gogoat|178/360|[from] item: Leftovers\n|-heal|p2a: Hatterene|130/236|[from] item: Leftovers\n|upkeep\n|turn|33\n|\n|t:|1771181117\n|move|p1a: Gogoat|Horn Leech|p2a: Hatterene\n|-damage|p2a: Hatterene|0 fnt\n|-heal|p1a: Gogoat|243/360|[from] drain|[of] p2a: Hatterene\n|faint|p2a: Hatterene\n|\n|-heal|p1a: Gogoat|265/360|[from] item: Leftovers\n|upkeep\n|\n|t:|1771181120\n|switch|p2a: Dunsparce|Dunsparce, L86, F|135/312\n|turn|34\n|\n|t:|1771181121\n|move|p1a: Gogoat|Horn Leech|p2a: Dunsparce\n|-damage|p2a: Dunsparce|5/312\n|-heal|p1a: Gogoat|330/360|[from] drain|[of] p2a: Dunsparce\n|move|p2a: Dunsparce|Body Slam|p1a: Gogoat\n|-damage|p1a: Gogoat|294/360\n|-status|p1a: Gogoat|par\n|\n|-heal|p1a: Gogoat|316/360 par|[from] item: Leftovers\n|upkeep\n|turn|35\n|-message|darkilitos forfeited.\n|\n|win|vegemite360\n|raw|vegemite360's rating: 1965 &rarr; <strong>1988</strong><br />(+23 for winning)\n|raw|darkilitos's rating: 2013 &rarr; <strong>1990</strong><br />(-23 for losing)\n|l|☆darkilitos\n|player|p2|\n", "inputlog": ">version 686819e5e19f8a7fd2345cfc5a08a5085efa2cc3\n>start {\"formatid\":\"gen9randombattle\",\"seed\":\"sodium,fe2c43047d52c37b358ccacd3769730c\",\"rated\":\"Rated battle\"}\n>player p1 {\"name\":\"vegemite360\",\"avatar\":\"bugcatcher-gen4dp\",\"rating\":1965,\"seed\":\"sodium,8e7086e38423e80f427e9a0ebd4675b8\"}\n>player p2 {\"name\":\"darkilitos\",\"avatar\":\"2\",\"rating\":2013,\"seed\":\"sodium,6cc72629c5b5872630e516aa4991f410\"}\n>p1 switch 5\n>p2 move bodyslam\n>p1 move sacredsword\n>p2 switch 3\n>p1 switch 3\n>p2 move stealthrock\n>p1 move defog\n>p2 switch 3\n>p1 switch 2\n>p2 move bodyslam\n>p1 move irondefense\n>p2 switch 6\n>p1 switch 2\n>p2 move rapidspin\n>p1 move bravebird\n>p2 move tripleaxel terastallize\n>p1 switch 3\n>p1 move sacredsword\n>p2 move tripleaxel\n>p2 switch 3\n>p1 switch 4\n>p2 move stealthrock\n>p1 move bulkup\n>p2 move taunt\n>p1 move hornleech\n>p2 switch 4\n>p1 switch 5\n>p2 move fireblast\n>p1 move hydropump\n>p2 switch 2\n>p1 move gunkshot\n>p2 move hornleech\n>p2 switch 6\n>p1 move hydropump\n>p2 move bodyslam\n>p1 switch 4\n>p1 move psychocut\n>p2 switch 2\n>p1 switch 2\n>p2 move nastyplot\n>p1 move bodypress\n>p2 move fireblast\n>p2 switch 5\n>p1 move flashcannon\n>p2 move mysticalfire\n>p1 move rest\n>p2 move mysticalfire\n>p1 switch 6\n>p1 move quiverdance\n>p2 move psyshock\n>p1 switch 5\n>p1 move bulkup\n>p2 switch 4\n>p1 move hornleech\n>p2 move taunt\n>p1 move hornleech\n>p2 switch 4\n>p1 move hornleech\n>p2 move mysticalfire\n>p1 move bulkup\n>p2 move mysticalfire\n>p1 move milkdrink\n>p2 move mysticalfire\n>p1 move milkdrink\n>p2 move mysticalfire\n>p1 move bulkup\n>p2 move mysticalfire\n>p1 move milkdrink\n>p2 move mysticalfire\n>p1 move milkdrink\n>p2 move mysticalfire\n>p1 move hornleech\n>p2 move mysticalfire\n>p2 switch 2\n>p1 move hornleech\n>p2 move bodyslam\n>forcelose p2", "uploadtime": 1771181126, "views": 11, "formatid": "gen9randombattle", "rating": 1988, "private": 0, "password": null}