{"id": "gen9randombattle-2540616052", "format": "[Gen 9] Random Battle", "players": ["Mattattac", "DumbMLG"], "log": "|j|☆Mattattac\n|j|☆DumbMLG\n|t:|1771227878\n|gametype|singles\n|player|p1|Mattattac|169|1541\n|player|p2|DumbMLG|burglar|1577\n|gen|9\n|tier|[Gen 9] Random Battle\n|rated|\n|rule|Species Clause: Limit one of each Pokémon\n|rule|HP Percentage Mod: HP is shown in percentages\n|rule|Sleep Clause Mod: Limit one foe put to sleep\n|rule|Illusion Level Mod: Illusion disguises the Pokémon's true level\n|\n|t:|1771227878\n|teamsize|p1|6\n|teamsize|p2|6\n|start\n|switch|p1a: Scrafty|Scrafty, L84, F|246/246\n|switch|p2a: Wo-Chien|Wo-Chien, L83|277/277\n|-ability|p2a: Wo-Chien|Tablets of Ruin\n|-ability|p1a: Scrafty|Intimidate|boost\n|-unboost|p2a: Wo-Chien|atk|1\n|turn|1\n|c|☆Mattattac|yo\n|inactive|Battle timer is ON: inactive players will automatically lose when time's up. (requested by Mattattac)\n|c|☆DumbMLG|glhf\n|\n|t:|1771227902\n|move|p2a: Wo-Chien|Stun Spore|p1a: Scrafty\n|-status|p1a: Scrafty|par\n|move|p1a: Scrafty|Knock Off|p2a: Wo-Chien\n|-resisted|p2a: Wo-Chien\n|-damage|p2a: Wo-Chien|246/277\n|-enditem|p2a: Wo-Chien|Leftovers|[from] move: Knock Off|[of] p1a: Scrafty\n|\n|upkeep\n|turn|2\n|\n|t:|1771227909\n|move|p2a: Wo-Chien|Knock Off|p1a: Scrafty\n|-resisted|p1a: Scrafty\n|-damage|p1a: Scrafty|233/246 par\n|-enditem|p1a: Scrafty|Leftovers|[from] move: Knock Off|[of] p2a: Wo-Chien\n|move|p1a: Scrafty|Poison Jab|p2a: Wo-Chien\n|-supereffective|p2a: Wo-Chien\n|-damage|p2a: Wo-Chien|174/277\n|\n|upkeep\n|turn|3\n|\n|t:|1771227921\n|move|p2a: Wo-Chien|Ruination|p1a: Scrafty\n|-damage|p1a: Scrafty|117/246 par\n|cant|p1a: Scrafty|par\n|\n|upkeep\n|turn|4\n|\n|t:|1771227926\n|move|p2a: Wo-Chien|Giga Drain|p1a: Scrafty\n|-damage|p1a: Scrafty|56/246 par\n|-heal|p2a: Wo-Chien|205/277|[from] drain|[of] p1a: Scrafty\n|move|p1a: Scrafty|Drain Punch|p2a: Wo-Chien\n|-supereffective|p2a: Wo-Chien\n|-crit|p2a: Wo-Chien\n|-damage|p2a: Wo-Chien|55/277\n|-heal|p1a: Scrafty|131/246 par|[from] drain|[of] p2a: Wo-Chien\n|\n|upkeep\n|turn|5\n|\n|t:|1771227934\n|move|p2a: Wo-Chien|Giga Drain|p1a: Scrafty\n|-damage|p1a: Scrafty|64/246 par\n|-heal|p2a: Wo-Chien|89/277|[from] drain|[of] p1a: Scrafty\n|move|p1a: Scrafty|Drain Punch|p2a: Wo-Chien\n|-supereffective|p2a: Wo-Chien\n|-damage|p2a: Wo-Chien|0 fnt\n|-heal|p1a: Scrafty|109/246 par|[from] drain|[of] p2a: Wo-Chien\n|faint|p2a: Wo-Chien\n|\n|upkeep\n|\n|t:|1771227946\n|switch|p2a: Scizor|Scizor, L79, M|240/240\n|turn|6\n|\n|t:|1771227962\n|move|p2a: Scizor|Swords Dance|p2a: Scizor\n|-boost|p2a: Scizor|atk|2\n|cant|p1a: Scrafty|par\n|\n|upkeep\n|turn|7\n|\n|t:|1771227973\n|move|p2a: Scizor|Close Combat|p1a: Scrafty\n|-supereffective|p1a: Scrafty\n|-damage|p1a: Scrafty|0 fnt\n|-unboost|p2a: Scizor|def|1\n|-unboost|p2a: Scizor|spd|1\n|faint|p1a: Scrafty\n|-damage|p2a: Scizor|216/240|[from] item: Life Orb\n|\n|upkeep\n|\n|t:|1771227991\n|switch|p1a: Sandslash|Sandslash, L89, M|278/278\n|turn|8\n|\n|t:|1771228001\n|move|p1a: Sandslash|Earthquake|p2a: Scizor\n|-damage|p2a: Scizor|53/240\n|move|p2a: Scizor|Close Combat|p1a: Sandslash\n|-damage|p1a: Sandslash|67/278\n|-unboost|p2a: Scizor|def|1\n|-unboost|p2a: Scizor|spd|1\n|-damage|p2a: Scizor|29/240|[from] item: Life Orb\n|\n|upkeep\n|turn|9\n|\n|t:|1771228012\n|switch|p1a: Banette|Banette, L93, F|270/270\n|move|p2a: Scizor|Bullet Punch|p1a: Banette\n|-damage|p1a: Banette|66/270\n|-damage|p2a: Scizor|5/240|[from] item: Life Orb\n|\n|upkeep\n|turn|10\n|\n|t:|1771228014\n|move|p1a: Banette|Shadow Sneak|p2a: Scizor\n|-damage|p2a: Scizor|0 fnt\n|faint|p2a: Scizor\n|-damage|p1a: Banette|39/270|[from] item: Life Orb\n|\n|upkeep\n|\n|t:|1771228022\n|switch|p2a: Pyroar|Pyroar, L88, M|295/295\n|-ability|p2a: Pyroar|Unnerve\n|turn|11\n|\n|t:|1771228031\n|switch|p1a: Ho-Oh|Ho-Oh, L71|268/268\n|move|p2a: Pyroar|Dark Pulse|p1a: Ho-Oh\n|-damage|p1a: Ho-Oh|215/268\n|\n|upkeep\n|turn|12\n|\n|t:|1771228036\n|move|p2a: Pyroar|Work Up|p2a: Pyroar\n|-boost|p2a: Pyroar|atk|1\n|-boost|p2a: Pyroar|spa|1\n|move|p1a: Ho-Oh|Earthquake|p2a: Pyroar\n|-supereffective|p2a: Pyroar\n|-damage|p2a: Pyroar|163/295\n|\n|upkeep\n|turn|13\n|\n|t:|1771228047\n|switch|p1a: Banette|Banette, L93, F|39/270\n|move|p2a: Pyroar|Hyper Voice|p1a: Banette\n|-immune|p1a: Banette\n|\n|upkeep\n|turn|14\n|\n|t:|1771228051\n|move|p2a: Pyroar|Dark Pulse|p1a: Banette\n|-supereffective|p1a: Banette\n|-damage|p1a: Banette|0 fnt\n|faint|p1a: Banette\n|\n|upkeep\n|\n|t:|1771228057\n|switch|p1a: Ho-Oh|Ho-Oh, L71|268/268\n|turn|15\n|\n|t:|1771228064\n|move|p2a: Pyroar|Hyper Voice|p1a: Ho-Oh\n|-damage|p1a: Ho-Oh|138/268\n|move|p1a: Ho-Oh|Earthquake|p2a: Pyroar\n|-supereffective|p2a: Pyroar\n|-damage|p2a: Pyroar|23/295\n|\n|upkeep\n|turn|16\n|\n|t:|1771228068\n|move|p2a: Pyroar|Hyper Voice|p1a: Ho-Oh\n|-damage|p1a: Ho-Oh|0 fnt\n|faint|p1a: Ho-Oh\n|\n|upkeep\n|\n|t:|1771228079\n|switch|p1a: Dialga|Dialga, L73|266/266\n|-ability|p1a: Dialga|Pressure\n|turn|17\n|\n|t:|1771228085\n|move|p2a: Pyroar|Fire Blast|p1a: Dialga|[miss]\n|-miss|p2a: Pyroar|p1a: Dialga\n|move|p1a: Dialga|Heavy Slam|p2a: Pyroar\n|-resisted|p2a: Pyroar\n|-damage|p2a: Pyroar|0 fnt\n|faint|p2a: Pyroar\n|\n|upkeep\n|\n|t:|1771228094\n|switch|p2a: Groudon|Groudon, L72|263/263\n|-weather|SunnyDay|[from] ability: Drought|[of] p2a: Groudon\n|turn|18\n|\n|t:|1771228110\n|move|p1a: Dialga|Fire Blast|p2a: Groudon\n|-damage|p2a: Groudon|116/263\n|move|p2a: Groudon|Thunder Wave|p1a: Dialga|[miss]\n|-miss|p2a: Groudon|p1a: Dialga\n|\n|-weather|SunnyDay|[upkeep]\n|-heal|p2a: Groudon|132/263|[from] item: Leftovers\n|upkeep\n|turn|19\n|\n|t:|1771228118\n|move|p1a: Dialga|Fire Blast|p2a: Groudon\n|-damage|p2a: Groudon|0 fnt\n|faint|p2a: Groudon\n|\n|-weather|SunnyDay|[upkeep]\n|upkeep\n|\n|t:|1771228121\n|switch|p2a: Pikachu|Pikachu-Alola, L93, F|216/216\n|turn|20\n|\n|t:|1771228134\n|move|p2a: Pikachu|Fake Out|p1a: Dialga\n|-resisted|p1a: Dialga\n|-damage|p1a: Dialga|245/266\n|cant|p1a: Dialga|flinch\n|\n|-weather|SunnyDay|[upkeep]\n|upkeep\n|turn|21\n|\n|t:|1771228157\n|move|p2a: Pikachu|Volt Switch|p1a: Dialga\n|-resisted|p1a: Dialga\n|-damage|p1a: Dialga|206/266\n|\n|t:|1771228159\n|switch|p2a: Glastrier|Glastrier, L86|312/312|[from] Volt Switch\n|move|p1a: Dialga|Dragon Tail|p2a: Glastrier\n|-damage|p2a: Glastrier|267/312\n|drag|p2a: Pikachu|Pikachu-Alola, L93, F|216/216\n|\n|-weather|SunnyDay|[upkeep]\n|upkeep\n|turn|22\n|\n|t:|1771228165\n|move|p2a: Pikachu|Fake Out|p1a: Dialga\n|-resisted|p1a: Dialga\n|-damage|p1a: Dialga|186/266\n|cant|p1a: Dialga|flinch\n|\n|-weather|none\n|upkeep\n|turn|23\n|\n|t:|1771228170\n|move|p2a: Pikachu|Volt Tackle|p1a: Dialga\n|-resisted|p1a: Dialga\n|-damage|p1a: Dialga|85/266\n|-damage|p2a: Pikachu|183/216|[from] Recoil\n|move|p1a: Dialga|Fire Blast|p2a: Pikachu\n|-damage|p2a: Pikachu|74/216\n|\n|upkeep\n|turn|24\n|\n|t:|1771228180\n|switch|p1a: Sandslash|Sandslash, L89, M|67/278\n|move|p2a: Pikachu|Volt Tackle|p1a: Sandslash\n|-immune|p1a: Sandslash\n|\n|upkeep\n|turn|25\n|\n|t:|1771228190\n|-terastallize|p1a: Sandslash|Dragon\n|move|p2a: Pikachu|Surf|p1a: Sandslash\n|-resisted|p1a: Sandslash\n|-damage|p1a: Sandslash|23/278\n|move|p1a: Sandslash|Rapid Spin|p2a: Pikachu\n|-damage|p2a: Pikachu|12/216\n|-boost|p1a: Sandslash|spe|1\n|\n|upkeep\n|turn|26\n|\n|t:|1771228210\n|switch|p2a: Glastrier|Glastrier, L86|267/312\n|move|p1a: Sandslash|Knock Off|p2a: Glastrier\n|-damage|p2a: Glastrier|214/312\n|-enditem|p2a: Glastrier|Heavy-Duty Boots|[from] move: Knock Off|[of] p1a: Sandslash\n|\n|upkeep\n|turn|27\n|\n|t:|1771228223\n|move|p1a: Sandslash|Stone Edge|p2a: Glastrier\n|-supereffective|p2a: Glastrier\n|-damage|p2a: Glastrier|102/312\n|move|p2a: Glastrier|Heavy Slam|p1a: Sandslash\n|-damage|p1a: Sandslash|0 fnt\n|faint|p1a: Sandslash\n|-ability|p2a: Glastrier|Chilling Neigh|boost\n|-boost|p2a: Glastrier|atk|1\n|\n|upkeep\n|\n|t:|1771228228\n|switch|p1a: Dialga|Dialga, L73|85/266\n|-ability|p1a: Dialga|Pressure\n|turn|28\n|\n|t:|1771228233\n|-terastallize|p2a: Glastrier|Fighting\n|move|p1a: Dialga|Fire Blast|p2a: Glastrier\n|-damage|p2a: Glastrier|28/312\n|move|p2a: Glastrier|Close Combat|p1a: Dialga\n|-supereffective|p1a: Dialga\n|-damage|p1a: Dialga|0 fnt\n|-unboost|p2a: Glastrier|def|1\n|-unboost|p2a: Glastrier|spd|1\n|faint|p1a: Dialga\n|-ability|p2a: Glastrier|Chilling Neigh|boost\n|-boost|p2a: Glastrier|atk|1\n|\n|upkeep\n|\n|t:|1771228238\n|switch|p1a: Drifblim|Drifblim, L86, M|396/396\n|turn|29\n|\n|t:|1771228244\n|move|p1a: Drifblim|Shadow Ball|p2a: Glastrier\n|-damage|p2a: Glastrier|0 fnt\n|faint|p2a: Glastrier\n|\n|upkeep\n|\n|t:|1771228246\n|switch|p2a: Pikachu|Pikachu-Alola, L93, F|12/216\n|turn|30\n|c|☆Mattattac|ggs\n|c|☆DumbMLG|gg\n|\n|t:|1771228253\n|move|p2a: Pikachu|Volt Tackle|p1a: Drifblim\n|-supereffective|p1a: Drifblim\n|-damage|p1a: Drifblim|0 fnt\n|faint|p1a: Drifblim\n|-damage|p2a: Pikachu|0 fnt|[from] Recoil\n|faint|p2a: Pikachu\n|\n|win|DumbMLG\n|raw|Mattattac's rating: 1541 &rarr; <strong>1523</strong><br />(-18 for losing)\n|raw|DumbMLG's rating: 1577 &rarr; <strong>1595</strong><br />(+18 for winning)\n", "inputlog": ">version 686819e5e19f8a7fd2345cfc5a08a5085efa2cc3\n>start {\"formatid\":\"gen9randombattle\",\"seed\":\"sodium,8eb92232bfa4cf4d1d70b517e4f1c6e3\",\"rated\":\"Rated battle\"}\n>player p1 {\"name\":\"Mattattac\",\"avatar\":\"169\",\"rating\":1541,\"seed\":\"sodium,9827714a92d5aab25f9c09dbda609af5\"}\n>player p2 {\"name\":\"DumbMLG\",\"avatar\":\"burglar\",\"rating\":1577,\"seed\":\"sodium,78c566745ae526f0cde104dfadd0426e\"}\n>chat ☆Mattattac|yo \n>chat ☆DumbMLG|glhf\n>p1 move knockoff\n>p2 move stunspore\n>p1 move poisonjab\n>p2 move knockoff\n>p1 move poisonjab\n>p2 move ruination\n>p1 move drainpunch\n>p2 move gigadrain\n>p1 move drainpunch\n>p2 move gigadrain\n>p2 switch 3\n>p1 move knockoff\n>p2 move swordsdance\n>p1 move knockoff\n>p2 move closecombat\n>p1 switch 5\n>p1 move earthquake\n>p2 move closecombat\n>p1 switch 4\n>p2 move bulletpunch\n>p1 move shadowsneak\n>p2 move bulletpunch\n>p2 switch 6\n>p1 switch 3\n>p2 move darkpulse\n>p1 move earthquake\n>p2 move workup\n>p1 switch 3\n>p2 move hypervoice\n>p1 move thunderwave\n>p2 move darkpulse\n>p1 switch 3\n>p1 move earthquake\n>p2 move hypervoice\n>p1 move earthquake\n>p2 move hypervoice\n>p1 switch 2\n>p1 move heavyslam\n>p2 move fireblast\n>p2 switch 4\n>p1 move fireblast\n>p2 move thunderwave\n>p1 move fireblast\n>p2 move precipiceblades\n>p2 switch 2\n>p1 move dragontail\n>p2 move fakeout\n>p1 move dragontail\n>p2 move voltswitch\n>p2 switch 5\n>p1 move fireblast\n>p2 move fakeout\n>p1 move fireblast\n>p2 move volttackle\n>p1 switch 4\n>p2 move volttackle\n>p1 move rapidspin terastallize\n>p2 move surf\n>p1 move knockoff\n>p2 switch 5\n>p1 move stoneedge\n>p2 move heavyslam\n>p1 switch 4\n>p1 move fireblast\n>p2 move closecombat terastallize\n>p1 switch 6\n>p1 move shadowball\n>p2 move iciclecrash\n>p2 switch 5\n>chat ☆Mattattac|ggs \n>chat ☆DumbMLG|gg\n>p1 move shadowball\n>p2 move volttackle", "uploadtime": 1771228258, "views": 17, "formatid": "gen9randombattle", "rating": 1523, "private": 0, "password": null}