{"id": "gen9randombattle-2540953185", "format": "[Gen 9] Random Battle", "players": ["Phani42", "WhatEver2102"], "log": "|j|☆Phani42\n|j|☆WhatEver2102\n|t:|1771270374\n|gametype|singles\n|player|p1|Phani42|1|1851\n|player|p2|WhatEver2102|169|1824\n|gen|9\n|tier|[Gen 9] Random Battle\n|rated|\n|rule|Species Clause: Limit one of each Pokémon\n|rule|HP Percentage Mod: HP is shown in percentages\n|rule|Sleep Clause Mod: Limit one foe put to sleep\n|rule|Illusion Level Mod: Illusion disguises the Pokémon's true level\n|\n|t:|1771270375\n|teamsize|p1|6\n|teamsize|p2|6\n|start\n|switch|p1a: Beartic|Beartic, L91, F|321/321\n|switch|p2a: Iron Jugulis|Iron Jugulis, L77|271/271\n|turn|1\n|inactive|Battle timer is ON: inactive players will automatically lose when time's up. (requested by Phani42)\n|\n|t:|1771270381\n|move|p2a: Iron Jugulis|U-turn|p1a: Beartic\n|-damage|p1a: Beartic|287/321\n|\n|t:|1771270394\n|-end|p2a: Iron Jugulis|Quark Drive|[silent]\n|switch|p2a: Chimecho|Chimecho, L93, F|290/290|[from] U-turn\n|move|p1a: Beartic|Icicle Crash|p2a: Chimecho\n|-damage|p2a: Chimecho|152/290\n|\n|-heal|p2a: Chimecho|170/290|[from] item: Leftovers\n|upkeep\n|turn|2\n|\n|t:|1771270404\n|move|p2a: Chimecho|Cosmic Power|p2a: Chimecho\n|-boost|p2a: Chimecho|def|1\n|-boost|p2a: Chimecho|spd|1\n|move|p1a: Beartic|Swords Dance|p1a: Beartic\n|-boost|p1a: Beartic|atk|2\n|\n|-heal|p2a: Chimecho|188/290|[from] item: Leftovers\n|upkeep\n|turn|3\n|\n|t:|1771270413\n|move|p2a: Chimecho|Cosmic Power|p2a: Chimecho\n|-boost|p2a: Chimecho|def|1\n|-boost|p2a: Chimecho|spd|1\n|move|p1a: Beartic|Swords Dance|p1a: Beartic\n|-boost|p1a: Beartic|atk|2\n|\n|-heal|p2a: Chimecho|206/290|[from] item: Leftovers\n|upkeep\n|turn|4\n|\n|t:|1771270425\n|move|p2a: Chimecho|Stored Power|p1a: Beartic\n|-damage|p1a: Beartic|151/321\n|move|p1a: Beartic|Swords Dance|p1a: Beartic\n|-boost|p1a: Beartic|atk|2\n|\n|-heal|p2a: Chimecho|224/290|[from] item: Leftovers\n|upkeep\n|turn|5\n|\n|t:|1771270430\n|move|p2a: Chimecho|Stored Power|p1a: Beartic\n|-damage|p1a: Beartic|31/321\n|move|p1a: Beartic|Icicle Crash|p2a: Chimecho\n|-damage|p2a: Chimecho|0 fnt\n|faint|p2a: Chimecho\n|\n|upkeep\n|\n|t:|1771270438\n|switch|p2a: Solgaleo|Solgaleo, L74|325/325\n|turn|6\n|\n|t:|1771270442\n|move|p2a: Solgaleo|Sunsteel Strike|p1a: Beartic\n|-supereffective|p1a: Beartic\n|-crit|p1a: Beartic\n|-damage|p1a: Beartic|0 fnt\n|faint|p1a: Beartic\n|\n|upkeep\n|\n|t:|1771270445\n|switch|p1a: Charizard|Charizard, L85, M|271/271\n|turn|7\n|\n|t:|1771270454\n|switch|p2a: Swampert|Swampert, L83, M|302/302\n|move|p1a: Charizard|Swords Dance|p1a: Charizard\n|-boost|p1a: Charizard|atk|2\n|\n|upkeep\n|turn|8\n|\n|t:|1771270463\n|switch|p1a: Dewgong|Dewgong, L94, F|322/322\n|move|p2a: Swampert|Flip Turn|p1a: Dewgong\n|-resisted|p1a: Dewgong\n|-damage|p1a: Dewgong|289/322\n|\n|t:|1771270485\n|switch|p2a: Bombirdier|Bombirdier, L85, F|258/258|[from] Flip Turn\n|\n|upkeep\n|turn|9\n|\n|t:|1771270496\n|move|p2a: Bombirdier|Brave Bird|p1a: Dewgong\n|-damage|p1a: Dewgong|157/322\n|-damage|p2a: Bombirdier|214/258|[from] Recoil\n|move|p1a: Dewgong|Triple Axel|p2a: Bombirdier\n|-supereffective|p2a: Bombirdier\n|-damage|p2a: Bombirdier|172/258\n|-supereffective|p2a: Bombirdier\n|-damage|p2a: Bombirdier|92/258\n|-supereffective|p2a: Bombirdier\n|-damage|p2a: Bombirdier|0 fnt\n|faint|p2a: Bombirdier\n|-hitcount|p2: Bombirdier|3\n|\n|upkeep\n|\n|t:|1771270511\n|switch|p2a: Swampert|Swampert, L83, M|302/302\n|turn|10\n|\n|t:|1771270517\n|move|p1a: Dewgong|Surf|p2a: Swampert\n|-damage|p2a: Swampert|238/302\n|move|p2a: Swampert|Earthquake|p1a: Dewgong\n|-damage|p1a: Dewgong|43/322\n|\n|upkeep\n|turn|11\n|\n|t:|1771270523\n|move|p1a: Dewgong|Knock Off|p2a: Swampert\n|-damage|p2a: Swampert|176/302\n|-enditem|p2a: Swampert|Assault Vest|[from] move: Knock Off|[of] p1a: Dewgong\n|move|p2a: Swampert|Earthquake|p1a: Dewgong\n|-damage|p1a: Dewgong|0 fnt\n|faint|p1a: Dewgong\n|\n|upkeep\n|\n|t:|1771270530\n|switch|p1a: Ogerpon|Ogerpon-Wellspring, L76, F|247/247\n|turn|12\n|\n|t:|1771270536\n|move|p1a: Ogerpon|Ivy Cudgel|p2a: Swampert|[anim] Ivy Cudgel Water\n|-damage|p2a: Swampert|58/302\n|move|p2a: Swampert|Flip Turn|p1a: Ogerpon\n|-immune|p1a: Ogerpon|[from] ability: Water Absorb\n|\n|upkeep\n|turn|13\n|\n|t:|1771270545\n|switch|p2a: Solgaleo|Solgaleo, L74|325/325\n|move|p1a: Ogerpon|Ivy Cudgel|p2a: Solgaleo|[anim] Ivy Cudgel Water\n|-damage|p2a: Solgaleo|205/325\n|\n|-heal|p2a: Solgaleo|225/325|[from] item: Leftovers\n|upkeep\n|turn|14\n|\n|t:|1771270553\n|move|p1a: Ogerpon|Ivy Cudgel|p2a: Solgaleo|[anim] Ivy Cudgel Water\n|-crit|p2a: Solgaleo\n|-damage|p2a: Solgaleo|56/325\n|move|p2a: Solgaleo|Morning Sun|p2a: Solgaleo\n|-heal|p2a: Solgaleo|218/325\n|\n|-heal|p2a: Solgaleo|238/325|[from] item: Leftovers\n|upkeep\n|turn|15\n|\n|t:|1771270579\n|move|p1a: Ogerpon|Spikes|p2a: Solgaleo\n|-sidestart|p2: WhatEver2102|Spikes\n|move|p2a: Solgaleo|Roar|p1a: Ogerpon\n|drag|p1a: Charizard|Charizard, L85, M|271/271\n|\n|-heal|p2a: Solgaleo|258/325|[from] item: Leftovers\n|upkeep\n|turn|16\n|\n|t:|1771270585\n|switch|p2a: Swampert|Swampert, L83, M|58/302\n|-damage|p2a: Swampert|21/302|[from] Spikes\n|move|p1a: Charizard|Flare Blitz|p2a: Swampert\n|-resisted|p2a: Swampert\n|-damage|p2a: Swampert|0 fnt\n|faint|p2a: Swampert\n|-damage|p1a: Charizard|264/271|[from] Recoil\n|\n|upkeep\n|\n|t:|1771270591\n|switch|p2a: Iron Jugulis|Iron Jugulis, L77|271/271\n|turn|17\n|\n|t:|1771270602\n|switch|p1a: Electrode|Electrode, L92|260/260\n|move|p2a: Iron Jugulis|Hurricane|p1a: Electrode\n|-resisted|p1a: Electrode\n|-damage|p1a: Electrode|170/260\n|\n|upkeep\n|turn|18\n|\n|t:|1771270609\n|-end|p2a: Iron Jugulis|Quark Drive|[silent]\n|switch|p2a: Solgaleo|Solgaleo, L74|258/325\n|-damage|p2a: Solgaleo|218/325|[from] Spikes\n|move|p1a: Electrode|Volt Switch|p2a: Solgaleo\n|-damage|p2a: Solgaleo|105/325\n|-damage|p1a: Electrode|144/260|[from] item: Life Orb\n|\n|t:|1771270613\n|switch|p1a: Charizard|Charizard, L85, M|264/271|[from] Volt Switch\n|\n|-heal|p2a: Solgaleo|125/325|[from] item: Leftovers\n|upkeep\n|turn|19\n|\n|t:|1771270620\n|move|p1a: Charizard|Flare Blitz|p2a: Solgaleo\n|-supereffective|p2a: Solgaleo\n|-damage|p2a: Solgaleo|0 fnt\n|faint|p2a: Solgaleo\n|-damage|p1a: Charizard|223/271|[from] Recoil\n|\n|upkeep\n|\n|t:|1771270623\n|switch|p2a: Coalossal|Coalossal, L89, F|341/341\n|turn|20\n|\n|t:|1771270631\n|-terastallize|p1a: Charizard|Dragon\n|-terastallize|p2a: Coalossal|Grass\n|move|p1a: Charizard|Swords Dance|p1a: Charizard\n|-boost|p1a: Charizard|atk|2\n|move|p2a: Coalossal|Stone Edge|p1a: Charizard\n|-damage|p1a: Charizard|112/271\n|\n|upkeep\n|turn|21\n|\n|t:|1771270639\n|move|p1a: Charizard|Flare Blitz|p2a: Coalossal\n|-supereffective|p2a: Coalossal\n|-damage|p2a: Coalossal|0 fnt\n|-status|p1a: Charizard|brn|[from] ability: Flame Body|[of] p2a: Coalossal\n|faint|p2a: Coalossal\n|-damage|p1a: Charizard|0 fnt|[from] Recoil\n|faint|p1a: Charizard\n|\n|upkeep\n|\n|t:|1771270647\n|switch|p1a: Electrode|Electrode, L92|144/260\n|switch|p2a: Iron Jugulis|Iron Jugulis, L77|271/271\n|turn|22\n|\n|t:|1771270651\n|move|p1a: Electrode|Volt Switch|p2a: Iron Jugulis\n|-supereffective|p2a: Iron Jugulis\n|-crit|p2a: Iron Jugulis\n|-damage|p2a: Iron Jugulis|0 fnt\n|faint|p2a: Iron Jugulis\n|-end|p2a: Iron Jugulis|Quark Drive|[silent]\n|-damage|p1a: Electrode|118/260|[from] item: Life Orb\n|\n|win|Phani42\n|raw|Phani42's rating: 1851 &rarr; <strong>1869</strong><br />(+18 for winning)\n|raw|WhatEver2102's rating: 1824 &rarr; <strong>1806</strong><br />(-18 for losing)\n|l|☆WhatEver2102\n|player|p2|\n", "inputlog": ">version 686819e5e19f8a7fd2345cfc5a08a5085efa2cc3\n>start {\"formatid\":\"gen9randombattle\",\"seed\":\"sodium,2057b9e0e91c1e146af7959a4ef36f13\",\"rated\":\"Rated battle\"}\n>player p1 {\"name\":\"Phani42\",\"avatar\":\"1\",\"rating\":1851,\"seed\":\"sodium,9638024baa18702b1662d7c6071edc42\"}\n>player p2 {\"name\":\"WhatEver2102\",\"avatar\":\"169\",\"rating\":1824,\"seed\":\"sodium,019315f10ea9204f03d3e24440f642d7\"}\n>p1 move iciclecrash\n>p2 move uturn\n>p2 switch 2\n>p1 move swordsdance\n>p2 move cosmicpower\n>p1 move swordsdance\n>p2 move cosmicpower\n>p1 move swordsdance\n>p2 move storedpower\n>p1 move iciclecrash\n>p2 move storedpower\n>p2 switch 5\n>p1 move earthquake\n>p2 move sunsteelstrike\n>p1 switch 4\n>p1 move swordsdance\n>p2 switch 6\n>p1 switch 3\n>p2 move flipturn\n>p2 switch 4\n>p1 move tripleaxel\n>p2 move bravebird\n>p2 switch 4\n>p1 move surf\n>p2 move earthquake\n>p1 move knockoff\n>p2 move earthquake\n>p1 switch 5\n>p1 move ivycudgel\n>p2 move flipturn\n>p1 move ivycudgel\n>p2 switch 6\n>p1 move ivycudgel\n>p2 move morningsun\n>p1 move spikes\n>p2 move roar\n>p1 move flareblitz\n>p2 switch 6\n>p2 switch 2\n>p1 switch 6\n>p2 move hurricane\n>p1 move voltswitch\n>p2 switch 6\n>p1 switch 6\n>p1 move flareblitz\n>p2 move sunsteelstrike\n>p2 switch 3\n>p1 move swordsdance terastallize\n>p2 move stoneedge terastallize\n>p1 move flareblitz\n>p2 move willowisp\n>p1 switch 6\n>p2 switch 6\n>p1 move voltswitch\n>p2 move darkpulse", "uploadtime": 1771270661, "views": 0, "formatid": "gen9randombattle", "rating": 1806, "private": 0, "password": null}