{"id": "gen9randombattle-2540060721", "format": "[Gen 9] Random Battle", "players": ["5-MIKO", "Slurp_your_SOUL"], "log": "|j|☆5-MIKO\n|j|☆Slurp_your_SOUL\n|t:|1771154624\n|gametype|singles\n|player|p1|5-MIKO|karen|1802\n|player|p2|Slurp_your_SOUL|170|1822\n|gen|9\n|tier|[Gen 9] Random Battle\n|rated|\n|rule|Species Clause: Limit one of each Pokémon\n|rule|HP Percentage Mod: HP is shown in percentages\n|rule|Sleep Clause Mod: Limit one foe put to sleep\n|rule|Illusion Level Mod: Illusion disguises the Pokémon's true level\n|\n|t:|1771154624\n|teamsize|p1|6\n|teamsize|p2|6\n|start\n|switch|p1a: Amoonguss|Amoonguss, L82, F|321/321\n|switch|p2a: Alcremie|Alcremie-Ruby-Swirl, L90, F|263/263\n|turn|1\n|inactive|Battle timer is ON: inactive players will automatically lose when time's up. (requested by 5-MIKO)\n|\n|t:|1771154643\n|move|p2a: Alcremie|Psychic|p1a: Amoonguss\n|-supereffective|p1a: Amoonguss\n|-damage|p1a: Amoonguss|135/321\n|move|p1a: Amoonguss|Sludge Bomb|p2a: Alcremie\n|-supereffective|p2a: Alcremie\n|-damage|p2a: Alcremie|147/263\n|\n|-heal|p2a: Alcremie|163/263|[from] item: Leftovers\n|-heal|p1a: Amoonguss|155/321|[from] item: Leftovers\n|upkeep\n|turn|2\n|\n|t:|1771154664\n|switch|p1a: Spiritomb|Spiritomb, L89, M|234/234\n|move|p2a: Alcremie|Calm Mind|p2a: Alcremie\n|-boost|p2a: Alcremie|spa|1\n|-boost|p2a: Alcremie|spd|1\n|\n|-heal|p2a: Alcremie|179/263|[from] item: Leftovers\n|upkeep\n|turn|3\n|\n|t:|1771154682\n|move|p2a: Alcremie|Alluring Voice|p1a: Spiritomb\n|-supereffective|p1a: Spiritomb\n|-crit|p1a: Spiritomb\n|-damage|p1a: Spiritomb|0 fnt\n|faint|p1a: Spiritomb\n|\n|-heal|p2a: Alcremie|195/263|[from] item: Leftovers\n|upkeep\n|\n|t:|1771154686\n|switch|p1a: Duraludon|Duraludon, L82, M|249/249\n|turn|4\n|\n|t:|1771154690\n|move|p1a: Duraludon|Flash Cannon|p2a: Alcremie\n|-supereffective|p2a: Alcremie\n|-damage|p2a: Alcremie|99/263\n|move|p2a: Alcremie|Calm Mind|p2a: Alcremie\n|-boost|p2a: Alcremie|spa|1\n|-boost|p2a: Alcremie|spd|1\n|\n|-heal|p2a: Alcremie|115/263|[from] item: Leftovers\n|upkeep\n|turn|5\n|\n|t:|1771154693\n|move|p1a: Duraludon|Flash Cannon|p2a: Alcremie\n|-supereffective|p2a: Alcremie\n|-damage|p2a: Alcremie|49/263\n|move|p2a: Alcremie|Recover|p2a: Alcremie\n|-heal|p2a: Alcremie|181/263\n|\n|-heal|p2a: Alcremie|197/263|[from] item: Leftovers\n|upkeep\n|turn|6\n|\n|t:|1771154698\n|move|p1a: Duraludon|Flash Cannon|p2a: Alcremie\n|-supereffective|p2a: Alcremie\n|-damage|p2a: Alcremie|123/263\n|move|p2a: Alcremie|Calm Mind|p2a: Alcremie\n|-boost|p2a: Alcremie|spa|1\n|-boost|p2a: Alcremie|spd|1\n|\n|-heal|p2a: Alcremie|139/263|[from] item: Leftovers\n|upkeep\n|turn|7\n|\n|t:|1771154700\n|move|p1a: Duraludon|Flash Cannon|p2a: Alcremie\n|-supereffective|p2a: Alcremie\n|-damage|p2a: Alcremie|85/263\n|move|p2a: Alcremie|Recover|p2a: Alcremie\n|-heal|p2a: Alcremie|217/263\n|\n|-heal|p2a: Alcremie|233/263|[from] item: Leftovers\n|upkeep\n|turn|8\n|\n|t:|1771154704\n|move|p1a: Duraludon|Flash Cannon|p2a: Alcremie\n|-supereffective|p2a: Alcremie\n|-damage|p2a: Alcremie|177/263\n|move|p2a: Alcremie|Alluring Voice|p1a: Duraludon\n|-damage|p1a: Duraludon|0 fnt\n|faint|p1a: Duraludon\n|\n|-heal|p2a: Alcremie|193/263|[from] item: Leftovers\n|upkeep\n|\n|t:|1771154707\n|switch|p1a: Iron Leaves|Iron Leaves, L80|275/275\n|turn|9\n|\n|t:|1771154714\n|move|p1a: Iron Leaves|Leaf Blade|p2a: Alcremie\n|-damage|p2a: Alcremie|7/263\n|move|p2a: Alcremie|Recover|p2a: Alcremie\n|-heal|p2a: Alcremie|139/263\n|\n|-heal|p2a: Alcremie|155/263|[from] item: Leftovers\n|upkeep\n|turn|10\n|\n|t:|1771154720\n|-terastallize|p2a: Alcremie|Steel\n|move|p1a: Iron Leaves|Leaf Blade|p2a: Alcremie\n|-resisted|p2a: Alcremie\n|-damage|p2a: Alcremie|71/263\n|move|p2a: Alcremie|Alluring Voice|p1a: Iron Leaves\n|-damage|p1a: Iron Leaves|38/275\n|\n|-heal|p2a: Alcremie|87/263|[from] item: Leftovers\n|upkeep\n|turn|11\n|\n|t:|1771154735\n|-end|p1a: Iron Leaves|Quark Drive|[silent]\n|switch|p1a: Amoonguss|Amoonguss, L82, F|262/321\n|move|p2a: Alcremie|Alluring Voice|p1a: Amoonguss\n|-resisted|p1a: Amoonguss\n|-damage|p1a: Amoonguss|107/321\n|\n|-heal|p2a: Alcremie|103/263|[from] item: Leftovers\n|-heal|p1a: Amoonguss|127/321|[from] item: Leftovers\n|upkeep\n|turn|12\n|\n|t:|1771154744\n|move|p2a: Alcremie|Psychic|p1a: Amoonguss\n|-supereffective|p1a: Amoonguss\n|-damage|p1a: Amoonguss|0 fnt\n|faint|p1a: Amoonguss\n|\n|-heal|p2a: Alcremie|119/263|[from] item: Leftovers\n|upkeep\n|\n|t:|1771154747\n|switch|p1a: Iron Leaves|Iron Leaves, L80|38/275\n|turn|13\n|\n|t:|1771154751\n|switch|p2a: Rotom|Rotom, L88|231/231\n|move|p1a: Iron Leaves|Close Combat|p2a: Rotom\n|-immune|p2a: Rotom\n|\n|upkeep\n|turn|14\n|\n|t:|1771154759\n|-end|p1a: Iron Leaves|Quark Drive|[silent]\n|switch|p1a: Clefable|Clefable, L83, M|293/293\n|move|p2a: Rotom|Nasty Plot|p2a: Rotom\n|-boost|p2a: Rotom|spa|2\n|\n|upkeep\n|turn|15\n|\n|t:|1771154764\n|move|p2a: Rotom|Thunderbolt|p1a: Clefable\n|-damage|p1a: Clefable|153/293\n|-damage|p2a: Rotom|208/231|[from] item: Life Orb\n|move|p1a: Clefable|Calm Mind|p1a: Clefable\n|-boost|p1a: Clefable|spa|1\n|-boost|p1a: Clefable|spd|1\n|\n|-heal|p1a: Clefable|171/293|[from] item: Leftovers\n|upkeep\n|turn|16\n|\n|t:|1771154773\n|switch|p2a: Alcremie|Alcremie-Ruby-Swirl, L90, F, tera:Steel|119/263\n|move|p1a: Clefable|Moonlight|p1a: Clefable\n|-heal|p1a: Clefable|293/293\n|\n|-heal|p2a: Alcremie|135/263|[from] item: Leftovers\n|upkeep\n|turn|17\n|\n|t:|1771154785\n|switch|p2a: Zarude|Zarude, L77|288/288\n|move|p1a: Clefable|Fire Blast|p2a: Zarude\n|-supereffective|p2a: Zarude\n|-crit|p2a: Zarude\n|-damage|p2a: Zarude|0 fnt\n|faint|p2a: Zarude\n|\n|upkeep\n|\n|t:|1771154800\n|switch|p2a: Blastoise|Blastoise, L80, M|258/258\n|turn|18\n|\n|t:|1771154809\n|move|p2a: Blastoise|Hydro Pump|p1a: Clefable\n|-damage|p1a: Clefable|226/293\n|move|p1a: Clefable|Calm Mind|p1a: Clefable\n|-boost|p1a: Clefable|spa|1\n|-boost|p1a: Clefable|spd|1\n|\n|-heal|p1a: Clefable|244/293|[from] item: Leftovers\n|upkeep\n|turn|19\n|\n|t:|1771154815\n|move|p2a: Blastoise|Earthquake|p1a: Clefable\n|-damage|p1a: Clefable|180/293\n|move|p1a: Clefable|Calm Mind|p1a: Clefable\n|-boost|p1a: Clefable|spa|1\n|-boost|p1a: Clefable|spd|1\n|\n|-heal|p1a: Clefable|198/293|[from] item: Leftovers\n|upkeep\n|turn|20\n|\n|t:|1771154819\n|move|p2a: Blastoise|Ice Beam|p1a: Clefable\n|-damage|p1a: Clefable|177/293\n|move|p1a: Clefable|Moonblast|p2a: Blastoise\n|-damage|p2a: Blastoise|17/258\n|\n|-heal|p1a: Clefable|195/293|[from] item: Leftovers\n|upkeep\n|turn|21\n|\n|t:|1771154822\n|move|p2a: Blastoise|Ice Beam|p1a: Clefable\n|-damage|p1a: Clefable|172/293\n|move|p1a: Clefable|Moonlight|p1a: Clefable\n|-heal|p1a: Clefable|293/293\n|\n|upkeep\n|turn|22\n|\n|t:|1771154826\n|move|p2a: Blastoise|Ice Beam|p1a: Clefable\n|-damage|p1a: Clefable|271/293\n|move|p1a: Clefable|Moonblast|p2a: Blastoise\n|-damage|p2a: Blastoise|0 fnt\n|faint|p2a: Blastoise\n|\n|-heal|p1a: Clefable|289/293|[from] item: Leftovers\n|upkeep\n|\n|t:|1771154831\n|switch|p2a: Ditto|Ditto, L87|225/225\n|-transform|p2a: Ditto|p1a: Clefable|[from] ability: Imposter\n|turn|23\n|\n|t:|1771154836\n|move|p2a: Ditto|Moonblast|p1a: Clefable\n|-damage|p1a: Clefable|187/293\n|move|p1a: Clefable|Moonblast|p2a: Ditto\n|-damage|p2a: Ditto|120/225\n|\n|-heal|p1a: Clefable|205/293|[from] item: Leftovers\n|upkeep\n|turn|24\n|\n|t:|1771154844\n|move|p2a: Ditto|Moonblast|p1a: Clefable\n|-damage|p1a: Clefable|97/293\n|move|p1a: Clefable|Moonblast|p2a: Ditto\n|-damage|p2a: Ditto|24/225\n|\n|-heal|p1a: Clefable|115/293|[from] item: Leftovers\n|upkeep\n|turn|25\n|\n|t:|1771154856\n|-terastallize|p1a: Clefable|Fire\n|move|p2a: Ditto|Moonblast|p1a: Clefable\n|-resisted|p1a: Clefable\n|-damage|p1a: Clefable|62/293\n|-unboost|p1a: Clefable|spa|1\n|move|p1a: Clefable|Moonblast|p2a: Ditto\n|-damage|p2a: Ditto|0 fnt\n|faint|p2a: Ditto\n|\n|-heal|p1a: Clefable|80/293|[from] item: Leftovers\n|upkeep\n|c|☆Slurp_your_SOUL|of course I lose\n|\n|t:|1771154872\n|switch|p2a: Houndoom|Houndoom, L87, M|272/272\n|turn|26\n|\n|t:|1771154876\n|move|p2a: Houndoom|Dark Pulse|p1a: Clefable\n|-damage|p1a: Clefable|40/293\n|move|p1a: Clefable|Moonlight|p1a: Clefable\n|-heal|p1a: Clefable|186/293\n|\n|-heal|p1a: Clefable|204/293|[from] item: Leftovers\n|upkeep\n|turn|27\n|-message|Slurp_your_SOUL forfeited.\n|\n|win|5-MIKO\n|raw|5-MIKO's rating: 1802 &rarr; <strong>1823</strong><br />(+21 for winning)\n|raw|Slurp_your_SOUL's rating: 1822 &rarr; <strong>1801</strong><br />(-21 for losing)\n|l|☆Slurp_your_SOUL\n|player|p2|\n", "inputlog": ">version 686819e5e19f8a7fd2345cfc5a08a5085efa2cc3\n>start {\"formatid\":\"gen9randombattle\",\"seed\":\"sodium,5b5ad16abf489387ba8ba4f4a05cf510\",\"rated\":\"Rated battle\"}\n>player p1 {\"name\":\"5-MIKO\",\"avatar\":\"karen\",\"rating\":1802,\"seed\":\"sodium,715c2aa0fcf0721a474acb939e1295b7\"}\n>player p2 {\"name\":\"Slurp_your_SOUL\",\"avatar\":\"170\",\"rating\":1822,\"seed\":\"sodium,dc3d3b8da7d784399e88b36a38a65709\"}\n>p1 move sludgebomb\n>p2 move psychic\n>p1 switch 6\n>p2 move calmmind\n>p1 move poltergeist\n>p2 move alluringvoice\n>p1 switch 5\n>p1 move flashcannon\n>p2 move calmmind\n>p1 move flashcannon\n>p2 move recover\n>p1 move flashcannon\n>p2 move calmmind\n>p1 move flashcannon\n>p2 move recover\n>p1 move flashcannon\n>p2 move alluringvoice\n>p1 switch 3\n>p1 move leafblade\n>p2 move recover\n>p1 move leafblade\n>p2 move alluringvoice terastallize\n>p1 switch 6\n>p2 move alluringvoice\n>p1 move spore\n>p2 move psychic\n>p1 switch 6\n>p1 move closecombat\n>p2 switch 2\n>p1 switch 4\n>p2 move nastyplot\n>p1 move calmmind\n>p2 move thunderbolt\n>p1 move moonlight\n>p2 switch 2\n>p1 move fireblast\n>p2 switch 3\n>p2 switch 5\n>p1 move calmmind\n>p2 move hydropump\n>p1 move calmmind\n>p2 move earthquake\n>p1 move moonblast\n>p2 move icebeam\n>p1 move moonlight\n>p2 move icebeam\n>p1 move moonblast\n>p2 move icebeam\n>p2 switch 6\n>p1 move moonblast\n>p2 move moonblast\n>p1 move moonblast\n>p2 move moonblast\n>p1 move moonblast terastallize\n>p2 move moonblast\n>chat ☆Slurp_your_SOUL|of course I lose\n>p2 switch 4\n>p1 move moonlight\n>p2 move darkpulse\n>forcelose p2", "uploadtime": 1771154893, "views": 12, "formatid": "gen9randombattle", "rating": 1801, "private": 0, "password": null}