{"id": "gen9randombattle-2540597557", "format": "[Gen 9] Random Battle", "players": ["DerpyFlareon", "Otavio7"], "log": "|j|☆DerpyFlareon\n|j|☆Otavio7\n|t:|1771224376\n|gametype|singles\n|player|p1|DerpyFlareon|flannery|1559\n|player|p2|Otavio7|1|1535\n|gen|9\n|tier|[Gen 9] Random Battle\n|rated|\n|rule|Species Clause: Limit one of each Pokémon\n|rule|HP Percentage Mod: HP is shown in percentages\n|rule|Sleep Clause Mod: Limit one foe put to sleep\n|rule|Illusion Level Mod: Illusion disguises the Pokémon's true level\n|\n|t:|1771224376\n|teamsize|p1|6\n|teamsize|p2|6\n|start\n|switch|p1a: Hitmonchan|Hitmonchan, L87, M|229/229\n|switch|p2a: Morpeko|Morpeko, L88, F|245/245\n|turn|1\n|inactive|Battle timer is ON: inactive players will automatically lose when time's up. (requested by DerpyFlareon)\n|inactive|Otavio7 also wants the timer to be on.\n|\n|t:|1771224382\n|move|p2a: Morpeko|Parting Shot|p1a: Hitmonchan\n|-unboost|p1a: Hitmonchan|atk|1\n|-unboost|p1a: Hitmonchan|spa|1\n|\n|t:|1771224402\n|switch|p2a: Scyther|Scyther, L82, M|249/249|[from] Parting Shot\n|move|p1a: Hitmonchan|Bulk Up|p1a: Hitmonchan\n|-boost|p1a: Hitmonchan|atk|1\n|-boost|p1a: Hitmonchan|def|1\n|\n|upkeep\n|turn|2\n|\n|t:|1771224408\n|switch|p1a: Great Tusk|Great Tusk, L77|304/304\n|-enditem|p1a: Great Tusk|Booster Energy\n|-activate|p1a: Great Tusk|ability: Protosynthesis|[fromitem]\n|-start|p1a: Great Tusk|protosynthesisatk\n|move|p2a: Scyther|Dual Wingbeat|p1a: Great Tusk\n|-supereffective|p1a: Great Tusk\n|-damage|p1a: Great Tusk|200/304\n|-supereffective|p1a: Great Tusk\n|-damage|p1a: Great Tusk|92/304\n|-hitcount|p1a: Great Tusk|2\n|\n|upkeep\n|turn|3\n|\n|t:|1771224423\n|move|p2a: Scyther|Dual Wingbeat|p1a: Great Tusk\n|-supereffective|p1a: Great Tusk\n|-damage|p1a: Great Tusk|0 fnt\n|faint|p1a: Great Tusk\n|-end|p1a: Great Tusk|Protosynthesis|[silent]\n|-hitcount|p1: Great Tusk|1\n|\n|upkeep\n|\n|t:|1771224425\n|switch|p1a: Garchomp|Garchomp, L74, M|282/282\n|turn|4\n|\n|t:|1771224443\n|move|p2a: Scyther|Dual Wingbeat|p1a: Garchomp\n|-damage|p1a: Garchomp|216/282\n|-damage|p2a: Scyther|218/249|[from] ability: Rough Skin|[of] p1a: Garchomp\n|-damage|p1a: Garchomp|146/282\n|-damage|p2a: Scyther|187/249|[from] ability: Rough Skin|[of] p1a: Garchomp\n|-hitcount|p1a: Garchomp|2\n|move|p1a: Garchomp|Swords Dance|p1a: Garchomp\n|-boost|p1a: Garchomp|atk|2\n|\n|upkeep\n|turn|5\n|\n|t:|1771224453\n|move|p2a: Scyther|Dual Wingbeat|p1a: Garchomp\n|-damage|p1a: Garchomp|79/282\n|-damage|p2a: Scyther|156/249|[from] ability: Rough Skin|[of] p1a: Garchomp\n|-damage|p1a: Garchomp|6/282\n|-damage|p2a: Scyther|125/249|[from] ability: Rough Skin|[of] p1a: Garchomp\n|-hitcount|p1a: Garchomp|2\n|move|p1a: Garchomp|Scale Shot|p2a: Scyther\n|-damage|p2a: Scyther|68/249\n|-damage|p2a: Scyther|7/249\n|-damage|p2a: Scyther|0 fnt\n|faint|p2a: Scyther\n|-hitcount|p2: Scyther|3\n|-unboost|p1a: Garchomp|def|1\n|-boost|p1a: Garchomp|spe|1\n|\n|upkeep\n|\n|t:|1771224459\n|switch|p2a: Munkidori|Munkidori, L79, M|269/269\n|turn|6\n|\n|t:|1771224465\n|move|p2a: Munkidori|Fake Out|p1a: Garchomp\n|-damage|p1a: Garchomp|0 fnt\n|-damage|p2a: Munkidori|236/269|[from] ability: Rough Skin|[of] p1a: Garchomp\n|faint|p1a: Garchomp\n|\n|upkeep\n|\n|t:|1771224471\n|switch|p1a: Volbeat|Volbeat, L90, M|263/263\n|turn|7\n|\n|t:|1771224478\n|switch|p2a: Morpeko|Morpeko, L88, F|245/245\n|move|p1a: Volbeat|U-turn|p2a: Morpeko\n|-supereffective|p2a: Morpeko\n|-damage|p2a: Morpeko|63/245\n|\n|t:|1771224485\n|switch|p1a: Hitmonchan|Hitmonchan, L87, M|229/229|[from] U-turn\n|\n|-formechange|p2a: Morpeko|Morpeko-Hangry||[from] ability: Hunger Switch\n|upkeep\n|turn|8\n|\n|t:|1771224492\n|move|p2a: Morpeko|Parting Shot|p1a: Hitmonchan\n|-unboost|p1a: Hitmonchan|atk|1\n|-unboost|p1a: Hitmonchan|spa|1\n|\n|t:|1771224500\n|switch|p2a: Falinks|Falinks, L84|246/246|[from] Parting Shot\n|move|p1a: Hitmonchan|Knock Off|p2a: Falinks\n|-resisted|p2a: Falinks\n|-damage|p2a: Falinks|223/246\n|-enditem|p2a: Falinks|Life Orb|[from] move: Knock Off|[of] p1a: Hitmonchan\n|\n|upkeep\n|turn|9\n|\n|t:|1771224507\n|switch|p1a: Volbeat|Volbeat, L90, M|263/263\n|move|p2a: Falinks|No Retreat|p2a: Falinks\n|-boost|p2a: Falinks|atk|1\n|-boost|p2a: Falinks|def|1\n|-boost|p2a: Falinks|spa|1\n|-boost|p2a: Falinks|spd|1\n|-boost|p2a: Falinks|spe|1\n|-start|p2a: Falinks|move: No Retreat\n|\n|upkeep\n|turn|10\n|\n|t:|1771224520\n|move|p2a: Falinks|Close Combat|p1a: Volbeat\n|-resisted|p1a: Volbeat\n|-damage|p1a: Volbeat|161/263\n|-unboost|p2a: Falinks|def|1\n|-unboost|p2a: Falinks|spd|1\n|move|p1a: Volbeat|U-turn|p2a: Falinks\n|-resisted|p2a: Falinks\n|-damage|p2a: Falinks|190/246\n|\n|t:|1771224536\n|switch|p1a: Hitmonchan|Hitmonchan, L87, M|229/229|[from] U-turn\n|\n|upkeep\n|turn|11\n|\n|t:|1771224545\n|move|p2a: Falinks|Close Combat|p1a: Hitmonchan\n|-damage|p1a: Hitmonchan|31/229\n|-unboost|p2a: Falinks|def|1\n|-unboost|p2a: Falinks|spd|1\n|move|p1a: Hitmonchan|Drain Punch|p2a: Falinks\n|-damage|p2a: Falinks|36/246\n|-heal|p1a: Hitmonchan|108/229|[from] drain|[of] p2a: Falinks\n|\n|-heal|p1a: Hitmonchan|122/229|[from] item: Leftovers\n|upkeep\n|turn|12\n|\n|t:|1771224556\n|move|p2a: Falinks|Close Combat|p1a: Hitmonchan\n|-damage|p1a: Hitmonchan|0 fnt\n|-unboost|p2a: Falinks|def|1\n|-unboost|p2a: Falinks|spd|1\n|faint|p1a: Hitmonchan\n|\n|upkeep\n|l|☆Otavio7\n|inactive|Otavio7 disconnected and has a minute to reconnect!\n|player|p2|\n|\n|t:|1771224570\n|switch|p1a: Zebstrika|Zebstrika, L87, M|272/272\n|turn|13\n|j|☆Otavio7\n|inactive|Otavio7 reconnected and has 135 seconds left.\n|player|p2|Otavio7|1|\n|\n|t:|1771224593\n|move|p2a: Falinks|Close Combat|p1a: Zebstrika\n|-damage|p1a: Zebstrika|22/272\n|-unboost|p2a: Falinks|def|1\n|-unboost|p2a: Falinks|spd|1\n|move|p1a: Zebstrika|Volt Switch|p2a: Falinks\n|-damage|p2a: Falinks|0 fnt\n|faint|p2a: Falinks\n|-damage|p1a: Zebstrika|0 fnt|[from] item: Life Orb\n|faint|p1a: Zebstrika\n|\n|upkeep\n|\n|t:|1771224601\n|switch|p1a: Volbeat|Volbeat, L90, M|161/263\n|switch|p2a: Morpeko|Morpeko, L88, F|63/245\n|turn|14\n|\n|t:|1771224605\n|move|p2a: Morpeko|Aura Wheel|p1a: Volbeat\n|-damage|p1a: Volbeat|32/263\n|-boost|p2a: Morpeko|spe|1\n|move|p1a: Volbeat|U-turn|p2a: Morpeko\n|-supereffective|p2a: Morpeko\n|-damage|p2a: Morpeko|0 fnt\n|faint|p2a: Morpeko\n|\n|t:|1771224607\n|switch|p1a: Vigoroth|Vigoroth, L85, F|275/275|[from] U-turn\n|\n|upkeep\n|\n|t:|1771224619\n|switch|p2a: Munkidori|Munkidori, L79, M|236/269\n|turn|15\n|\n|t:|1771224623\n|switch|p1a: Volbeat|Volbeat, L90, M|32/263\n|move|p2a: Munkidori|Fake Out|p1a: Volbeat\n|-damage|p1a: Volbeat|11/263\n|\n|upkeep\n|turn|16\n|\n|t:|1771224628\n|move|p1a: Volbeat|Encore|p2a: Munkidori\n|-start|p2a: Munkidori|Encore\n|move|p2a: Munkidori|Fake Out||[still]\n|-hint|Fake Out only works on your first turn out.\n|-fail|p2a: Munkidori\n|\n|upkeep\n|turn|17\n|\n|t:|1771224635\n|switch|p2a: Plusle|Plusle, L95, F|268/268\n|move|p1a: Volbeat|Roost|p1a: Volbeat\n|-heal|p1a: Volbeat|143/263\n|-singleturn|p1a: Volbeat|move: Roost\n|\n|upkeep\n|turn|18\n|\n|t:|1771224641\n|move|p1a: Volbeat|Roost|p1a: Volbeat\n|-heal|p1a: Volbeat|263/263\n|-singleturn|p1a: Volbeat|move: Roost\n|move|p2a: Plusle|Thunderbolt|p1a: Volbeat\n|-damage|p1a: Volbeat|127/263\n|-damage|p2a: Plusle|242/268|[from] item: Life Orb\n|\n|upkeep\n|turn|19\n|\n|t:|1771224648\n|move|p1a: Volbeat|Encore|p2a: Plusle\n|-start|p2a: Plusle|Encore\n|move|p2a: Plusle|Thunderbolt|p1a: Volbeat\n|-damage|p1a: Volbeat|0 fnt\n|faint|p1a: Volbeat\n|-damage|p2a: Plusle|216/268|[from] item: Life Orb\n|\n|upkeep\n|\n|t:|1771224650\n|switch|p1a: Vigoroth|Vigoroth, L85, F|275/275\n|turn|20\n|\n|t:|1771224663\n|-terastallize|p1a: Vigoroth|Ground\n|move|p2a: Plusle|Thunderbolt|p1a: Vigoroth\n|-immune|p1a: Vigoroth\n|move|p1a: Vigoroth|Bulk Up|p1a: Vigoroth\n|-boost|p1a: Vigoroth|atk|1\n|-boost|p1a: Vigoroth|def|1\n|\n|upkeep\n|turn|21\n|\n|t:|1771224673\n|switch|p2a: Munkidori|Munkidori, L79, M|236/269\n|move|p1a: Vigoroth|Bulk Up|p1a: Vigoroth\n|-boost|p1a: Vigoroth|atk|1\n|-boost|p1a: Vigoroth|def|1\n|\n|upkeep\n|turn|22\n|\n|t:|1771224677\n|move|p2a: Munkidori|Fake Out|p1a: Vigoroth\n|-damage|p1a: Vigoroth|267/275\n|cant|p1a: Vigoroth|flinch\n|\n|upkeep\n|turn|23\n|\n|t:|1771224682\n|move|p2a: Munkidori|Psychic Noise|p1a: Vigoroth\n|-damage|p1a: Vigoroth|191/275\n|-start|p1a: Vigoroth|move: Heal Block\n|move|p1a: Vigoroth|Earthquake|p2a: Munkidori\n|-supereffective|p2a: Munkidori\n|-damage|p2a: Munkidori|0 fnt\n|faint|p2a: Munkidori\n|\n|upkeep\n|\n|t:|1771224696\n|switch|p2a: Banette|Banette, L93, F|270/270\n|turn|24\n|\n|t:|1771224704\n|move|p1a: Vigoroth|Earthquake|p2a: Banette\n|-damage|p2a: Banette|38/270\n|move|p2a: Banette|Swords Dance|p2a: Banette\n|-boost|p2a: Banette|atk|2\n|\n|-end|p1a: Vigoroth|move: Heal Block\n|upkeep\n|turn|25\n|\n|t:|1771224713\n|-terastallize|p2a: Banette|Ghost\n|move|p2a: Banette|Shadow Sneak|p1a: Vigoroth\n|-damage|p1a: Vigoroth|113/275\n|-damage|p2a: Banette|11/270|[from] item: Life Orb\n|move|p1a: Vigoroth|Slack Off|p1a: Vigoroth\n|-heal|p1a: Vigoroth|251/275\n|\n|upkeep\n|turn|26\n|\n|t:|1771224717\n|move|p1a: Vigoroth|Earthquake|p2a: Banette\n|-damage|p2a: Banette|0 fnt\n|faint|p2a: Banette\n|\n|upkeep\n|\n|t:|1771224719\n|switch|p2a: Plusle|Plusle, L95, F|216/268\n|turn|27\n|\n|t:|1771224722\n|move|p2a: Plusle|Grass Knot|p1a: Vigoroth\n|-supereffective|p1a: Vigoroth\n|-damage|p1a: Vigoroth|131/275\n|-damage|p2a: Plusle|190/268|[from] item: Life Orb\n|move|p1a: Vigoroth|Earthquake|p2a: Plusle\n|-supereffective|p2a: Plusle\n|-damage|p2a: Plusle|0 fnt\n|faint|p2a: Plusle\n|\n|win|DerpyFlareon\n|raw|DerpyFlareon's rating: 1559 &rarr; <strong>1578</strong><br />(+19 for winning)\n|raw|Otavio7's rating: 1535 &rarr; <strong>1516</strong><br />(-19 for losing)\n|c|☆DerpyFlareon|gg\n|l|☆Otavio7\n|player|p2|\n", "inputlog": ">version 686819e5e19f8a7fd2345cfc5a08a5085efa2cc3\n>start {\"formatid\":\"gen9randombattle\",\"seed\":\"sodium,6cabbd91f982a11ecf6990b4510503a7\",\"rated\":\"Rated battle\"}\n>player p1 {\"name\":\"DerpyFlareon\",\"avatar\":\"flannery\",\"rating\":1559,\"seed\":\"sodium,ac973768955688565302991a33156c38\"}\n>player p2 {\"name\":\"Otavio7\",\"avatar\":\"1\",\"rating\":1535,\"seed\":\"sodium,b51cd7a7932f1bbf8628c9b59ef4ddbe\"}\n>p1 move bulkup\n>p2 move partingshot\n>p2 switch 3\n>p1 switch 5\n>p2 move dualwingbeat\n>p1 move stoneedge\n>p2 move dualwingbeat\n>p1 switch 3\n>p1 move swordsdance\n>p2 move dualwingbeat\n>p1 move scaleshot\n>p2 move dualwingbeat\n>p2 switch 2\n>p1 move earthquake\n>p2 move fakeout\n>p1 switch 2\n>p1 move uturn\n>p2 switch 3\n>p1 switch 5\n>p1 move knockoff\n>p2 move partingshot\n>p2 switch 5\n>p1 switch 5\n>p2 move noretreat\n>p1 move uturn\n>p2 move closecombat\n>p1 switch 5\n>p1 move drainpunch\n>p2 move closecombat\n>p1 move drainpunch\n>p2 move closecombat\n>p1 switch 4\n>p1 move voltswitch\n>p2 move closecombat\n>p1 switch 5\n>p2 switch 5\n>p1 move uturn\n>p2 move aurawheel\n>p1 switch 6\n>p2 switch 3\n>p1 switch 6\n>p2 move fakeout\n>p1 move encore\n>p2 move uturn\n>p1 move roost\n>p2 switch 6\n>p1 move roost\n>p2 move thunderbolt\n>p1 move encore\n>p2 move thunderbolt\n>p1 switch 6\n>p1 move bulkup terastallize\n>p2 move thunderbolt\n>p1 move bulkup\n>p2 switch 6\n>p1 move earthquake\n>p2 move fakeout\n>p1 move earthquake\n>p2 move psychicnoise\n>p2 switch 4\n>p1 move earthquake\n>p2 move swordsdance\n>p1 move slackoff\n>p2 move shadowsneak terastallize\n>p1 move earthquake\n>p2 move poltergeist\n>p2 switch 6\n>p1 move earthquake\n>p2 move grassknot", "uploadtime": 1771224730, "views": 14, "formatid": "gen9randombattle", "rating": 1516, "private": 0, "password": null}