{"id": "gen9randombattle-2540551577", "format": "[Gen 9] Random Battle", "players": ["LunariaCelestia", "improvguy"], "log": "|j|‽LunariaCelestia\n|j|☆improvguy\n|t:|1771216785\n|gametype|singles\n|player|p1|LunariaCelestia|miku-ghost|1668\n|player|p2|improvguy|2|1659\n|gen|9\n|tier|[Gen 9] Random Battle\n|rated|\n|rule|Species Clause: Limit one of each Pokémon\n|rule|HP Percentage Mod: HP is shown in percentages\n|rule|Sleep Clause Mod: Limit one foe put to sleep\n|rule|Illusion Level Mod: Illusion disguises the Pokémon's true level\n|\n|t:|1771216785\n|teamsize|p1|6\n|teamsize|p2|6\n|start\n|switch|p1a: Bruxish|Bruxish, L85, F|254/254\n|switch|p2a: Urshifu|Urshifu, L74, M|270/270\n|turn|1\n|inactive|Battle timer is ON: inactive players will automatically lose when time's up. (requested by LunariaCelestia)\n|\n|t:|1771216796\n|move|p1a: Bruxish|Wave Crash|p2a: Urshifu\n|-damage|p2a: Urshifu|123/270\n|-damage|p1a: Bruxish|205/254|[from] Recoil\n|move|p2a: Urshifu|U-turn|p1a: Bruxish\n|-supereffective|p1a: Bruxish\n|-damage|p1a: Bruxish|41/254\n|\n|t:|1771216805\n|switch|p2a: Vaporeon|Vaporeon, L86, F|364/364|[from] U-turn\n|\n|upkeep\n|turn|2\n|\n|t:|1771216815\n|switch|p1a: Gothitelle|Gothitelle, L90, F|272/272\n|move|p2a: Vaporeon|Calm Mind|p2a: Vaporeon\n|-boost|p2a: Vaporeon|spa|1\n|-boost|p2a: Vaporeon|spd|1\n|\n|upkeep\n|turn|3\n|\n|t:|1771216822\n|move|p1a: Gothitelle|Trick|p2a: Vaporeon\n|-activate|p1a: Gothitelle|move: Trick|[of] p2a: Vaporeon\n|-item|p2a: Vaporeon|Choice Scarf|[from] move: Trick\n|-item|p1a: Gothitelle|Leftovers|[from] move: Trick\n|move|p2a: Vaporeon|Scald|p1a: Gothitelle\n|-damage|p1a: Gothitelle|164/272\n|-status|p1a: Gothitelle|brn\n|\n|-heal|p1a: Gothitelle|181/272 brn|[from] item: Leftovers\n|-damage|p1a: Gothitelle|164/272 brn|[from] brn\n|upkeep\n|turn|4\n|\n|t:|1771216837\n|move|p2a: Vaporeon|Scald|p1a: Gothitelle\n|-damage|p1a: Gothitelle|55/272 brn\n|move|p1a: Gothitelle|Psychic|p2a: Vaporeon\n|-damage|p2a: Vaporeon|301/364\n|\n|-heal|p1a: Gothitelle|72/272 brn|[from] item: Leftovers\n|-damage|p1a: Gothitelle|55/272 brn|[from] brn\n|upkeep\n|turn|5\n|\n|t:|1771216847\n|move|p2a: Vaporeon|Scald|p1a: Gothitelle\n|-damage|p1a: Gothitelle|0 fnt\n|faint|p1a: Gothitelle\n|\n|upkeep\n|\n|t:|1771216855\n|switch|p1a: Electrode|Electrode-Hisui, L87|246/246\n|turn|6\n|\n|t:|1771216862\n|move|p1a: Electrode|Thunderbolt|p2a: Vaporeon\n|-supereffective|p2a: Vaporeon\n|-damage|p2a: Vaporeon|150/364\n|-damage|p1a: Electrode|222/246|[from] item: Life Orb\n|move|p2a: Vaporeon|Scald|p1a: Electrode\n|-resisted|p1a: Electrode\n|-damage|p1a: Electrode|152/246\n|-status|p1a: Electrode|brn\n|\n|-damage|p1a: Electrode|137/246 brn|[from] brn\n|upkeep\n|turn|7\n|\n|t:|1771216875\n|move|p1a: Electrode|Thunderbolt|p2a: Vaporeon\n|-supereffective|p2a: Vaporeon\n|-damage|p2a: Vaporeon|2/364\n|-status|p2a: Vaporeon|par\n|-damage|p1a: Electrode|113/246 brn|[from] item: Life Orb\n|move|p2a: Vaporeon|Scald|p1a: Electrode\n|-resisted|p1a: Electrode\n|-damage|p1a: Electrode|35/246 brn\n|\n|-damage|p1a: Electrode|20/246 brn|[from] brn\n|upkeep\n|turn|8\n|\n|t:|1771216886\n|move|p1a: Electrode|Thunderbolt|p2a: Vaporeon\n|-supereffective|p2a: Vaporeon\n|-damage|p2a: Vaporeon|0 fnt\n|faint|p2a: Vaporeon\n|-damage|p1a: Electrode|0 fnt|[from] item: Life Orb\n|faint|p1a: Electrode\n|\n|upkeep\n|\n|t:|1771216895\n|switch|p1a: Bruxish|Bruxish, L85, F|41/254\n|switch|p2a: Sandy Shocks|Sandy Shocks, L80|267/267\n|turn|9\n|\n|t:|1771216901\n|move|p1a: Bruxish|Wave Crash|p2a: Sandy Shocks\n|-supereffective|p2a: Sandy Shocks\n|-damage|p2a: Sandy Shocks|0 fnt\n|faint|p2a: Sandy Shocks\n|-end|p2a: Sandy Shocks|Protosynthesis|[silent]\n|-damage|p1a: Bruxish|0 fnt|[from] Recoil\n|faint|p1a: Bruxish\n|\n|upkeep\n|\n|t:|1771216910\n|switch|p2a: Urshifu|Urshifu, L74, M|123/270\n|switch|p1a: Corviknight|Corviknight, L80, M|288/288\n|turn|10\n|\n|t:|1771216920\n|move|p2a: Urshifu|Wicked Blow|p1a: Corviknight\n|-crit|p1a: Corviknight\n|-damage|p1a: Corviknight|138/288\n|-damage|p2a: Urshifu|78/270|[from] item: Rocky Helmet|[of] p1a: Corviknight\n|move|p1a: Corviknight|Brave Bird|p2a: Urshifu\n|-supereffective|p2a: Urshifu\n|-damage|p2a: Urshifu|0 fnt\n|faint|p2a: Urshifu\n|-damage|p1a: Corviknight|112/288|[from] Recoil\n|\n|upkeep\n|\n|t:|1771216924\n|switch|p2a: Mew|Mew, L82|298/298\n|turn|11\n|\n|t:|1771216934\n|move|p2a: Mew|Knock Off|p1a: Corviknight\n|-damage|p1a: Corviknight|31/288\n|-damage|p2a: Mew|249/298|[from] item: Rocky Helmet|[of] p1a: Corviknight\n|-enditem|p1a: Corviknight|Rocky Helmet|[from] move: Knock Off|[of] p2a: Mew\n|-damage|p2a: Mew|220/298|[from] item: Life Orb\n|move|p1a: Corviknight|Roost|p1a: Corviknight\n|-heal|p1a: Corviknight|175/288\n|-singleturn|p1a: Corviknight|move: Roost\n|\n|upkeep\n|turn|12\n|\n|t:|1771216946\n|move|p2a: Mew|Swords Dance|p2a: Mew\n|-boost|p2a: Mew|atk|2\n|move|p1a: Corviknight|Roost|p1a: Corviknight\n|-heal|p1a: Corviknight|288/288\n|-singleturn|p1a: Corviknight|move: Roost\n|\n|upkeep\n|turn|13\n|\n|t:|1771216955\n|move|p2a: Mew|Swords Dance|p2a: Mew\n|-boost|p2a: Mew|atk|2\n|move|p1a: Corviknight|Brave Bird|p2a: Mew\n|-damage|p2a: Mew|117/298\n|-damage|p1a: Corviknight|254/288|[from] Recoil\n|\n|upkeep\n|turn|14\n|\n|t:|1771216964\n|move|p2a: Mew|Close Combat|p1a: Corviknight\n|-damage|p1a: Corviknight|0 fnt\n|-unboost|p2a: Mew|def|1\n|-unboost|p2a: Mew|spd|1\n|faint|p1a: Corviknight\n|-damage|p2a: Mew|88/298|[from] item: Life Orb\n|\n|upkeep\n|\n|t:|1771216978\n|switch|p1a: Seviper|Seviper, L93, F|287/287\n|turn|15\n|\n|t:|1771216988\n|-terastallize|p1a: Seviper|Grass\n|move|p1a: Seviper|Giga Drain|p2a: Mew\n|-damage|p2a: Mew|0 fnt\n|faint|p2a: Mew\n|\n|upkeep\n|\n|t:|1771216994\n|switch|p2a: Qwilfish|Qwilfish, L86, M|252/252\n|-ability|p2a: Qwilfish|Intimidate|boost\n|-unboost|p1a: Seviper|atk|1\n|turn|16\n|\n|t:|1771217000\n|switch|p1a: Luxray|Luxray, L88, M|284/284\n|-ability|p1a: Luxray|Intimidate|boost\n|-unboost|p2a: Qwilfish|atk|1\n|move|p2a: Qwilfish|Toxic|p1a: Luxray\n|-status|p1a: Luxray|tox\n|\n|-damage|p1a: Luxray|267/284 tox|[from] psn\n|upkeep\n|turn|17\n|\n|t:|1771217011\n|move|p2a: Qwilfish|Flip Turn|p1a: Luxray\n|-damage|p1a: Luxray|219/284 tox\n|\n|t:|1771217014\n|switch|p2a: Regirock|Regirock, L83|268/268|[from] Flip Turn\n|move|p1a: Luxray|Wild Charge|p2a: Regirock\n|-damage|p2a: Regirock|204/268\n|-damage|p1a: Luxray|203/284 tox|[from] Recoil\n|\n|-heal|p2a: Regirock|220/268|[from] item: Leftovers\n|-damage|p1a: Luxray|169/284 tox|[from] psn\n|upkeep\n|turn|18\n|\n|t:|1771217027\n|move|p1a: Luxray|Volt Switch|p2a: Regirock\n|-damage|p2a: Regirock|151/268\n|\n|t:|1771217030\n|switch|p1a: Seviper|Seviper, L93, F, tera:Grass|287/287|[from] Volt Switch\n|move|p2a: Regirock|Iron Defense|p2a: Regirock\n|-boost|p2a: Regirock|def|2\n|\n|-heal|p2a: Regirock|167/268|[from] item: Leftovers\n|upkeep\n|turn|19\n|\n|t:|1771217040\n|-terastallize|p2a: Regirock|Fighting\n|move|p1a: Seviper|Switcheroo|p2a: Regirock\n|-activate|p1a: Seviper|move: Trick|[of] p2a: Regirock\n|-item|p2a: Regirock|Choice Scarf|[from] move: Switcheroo\n|-item|p1a: Seviper|Leftovers|[from] move: Switcheroo\n|move|p2a: Regirock|Thunder Wave|p1a: Seviper\n|-status|p1a: Seviper|par\n|\n|upkeep\n|turn|20\n|\n|t:|1771217050\n|switch|p2a: Qwilfish|Qwilfish, L86, M|252/252\n|-ability|p2a: Qwilfish|Intimidate|boost\n|-unboost|p1a: Seviper|atk|1\n|move|p1a: Seviper|Giga Drain|p2a: Qwilfish\n|-damage|p2a: Qwilfish|122/252\n|\n|upkeep\n|turn|21\n|\n|t:|1771217058\n|move|p2a: Qwilfish|Pain Split|p1a: Seviper\n|-sethp|p1a: Seviper|204/287 par|[from] move: Pain Split|[silent]\n|-sethp|p2a: Qwilfish|204/252|[from] move: Pain Split\n|move|p1a: Seviper|Giga Drain|p2a: Qwilfish\n|-damage|p2a: Qwilfish|60/252\n|-heal|p1a: Seviper|276/287 par|[from] drain|[of] p2a: Qwilfish\n|\n|-heal|p1a: Seviper|287/287 par|[from] item: Leftovers\n|upkeep\n|turn|22\n|\n|t:|1771217069\n|move|p2a: Qwilfish|Gunk Shot|p1a: Seviper\n|-supereffective|p1a: Seviper\n|-damage|p1a: Seviper|0 fnt\n|faint|p1a: Seviper\n|\n|upkeep\n|-message|LunariaCelestia forfeited.\n|\n|win|improvguy\n|raw|LunariaCelestia's rating: 1668 &rarr; <strong>1647</strong><br />(-21 for losing)\n|raw|improvguy's rating: 1659 &rarr; <strong>1680</strong><br />(+21 for winning)\n|l|‽LunariaCelestia\n|player|p1|\n", "inputlog": ">version 686819e5e19f8a7fd2345cfc5a08a5085efa2cc3\n>start {\"formatid\":\"gen9randombattle\",\"seed\":\"sodium,34c2eed106a362f699bdfd6337c3fe8b\",\"rated\":\"Rated battle\"}\n>player p1 {\"name\":\"LunariaCelestia\",\"avatar\":\"miku-ghost\",\"rating\":1668,\"seed\":\"sodium,d70712b8922b0673585620271a91f347\"}\n>player p2 {\"name\":\"improvguy\",\"avatar\":\"2\",\"rating\":1659,\"seed\":\"sodium,9d3a5be9e6dbc10dccfd2c53385d7a76\"}\n>p1 move wavecrash\n>p2 move uturn\n>p2 switch 3\n>p1 switch 5\n>p2 move calmmind\n>p1 move trick\n>p2 move scald\n>p1 move psychic\n>p2 move scald\n>p1 move psychic\n>p2 move scald\n>p1 switch 4\n>p1 move thunderbolt\n>p2 move scald\n>p1 move thunderbolt\n>p2 move scald\n>p1 move thunderbolt\n>p2 move scald\n>p1 switch 5\n>p2 switch 4\n>p1 move wavecrash\n>p2 move thunderbolt\n>p1 switch 2\n>p2 switch 3\n>p1 move bravebird\n>p2 move wickedblow\n>p2 switch 6\n>p1 move roost\n>p2 move knockoff\n>p1 move roost\n>p2 move swordsdance\n>p1 move bravebird\n>p2 move swordsdance\n>p1 move bravebird\n>p2 move closecombat\n>p1 switch 6\n>p1 move gigadrain terastallize\n>p2 move closecombat\n>p2 switch 5\n>p1 switch 3\n>p2 move toxic\n>p1 move wildcharge\n>p2 move flipturn\n>p2 switch 2\n>p1 move voltswitch\n>p2 move irondefense\n>p1 switch 3\n>p1 move switcheroo\n>p2 move thunderwave terastallize\n>p1 move gigadrain\n>p2 switch 2\n>p1 move gigadrain\n>p2 move painsplit\n>p1 move gigadrain\n>p2 move gunkshot\n>forcelose p1", "uploadtime": 1771217111, "views": 24, "formatid": "gen9randombattle", "rating": 1647, "private": 0, "password": null}