{"id": "gen9randombattle-2540379735", "format": "[Gen 9] Random Battle", "players": ["Micael Lopes", "Payday333"], "log": "|j|☆Micael Lopes\n|j|☆Payday333\n|t:|1771195000\n|gametype|singles\n|player|p1|Micael Lopes|benga|1783\n|player|p2|Payday333|janitor|1814\n|gen|9\n|tier|[Gen 9] Random Battle\n|rated|\n|rule|Species Clause: Limit one of each Pokémon\n|rule|HP Percentage Mod: HP is shown in percentages\n|rule|Sleep Clause Mod: Limit one foe put to sleep\n|rule|Illusion Level Mod: Illusion disguises the Pokémon's true level\n|\n|t:|1771195000\n|teamsize|p1|6\n|teamsize|p2|6\n|start\n|switch|p1a: Victreebel|Victreebel, L90, F|290/290\n|switch|p2a: Victreebel|Victreebel, L90, F|290/290\n|turn|1\n|inactive|Battle timer is ON: inactive players will automatically lose when time's up. (requested by Payday333)\n|inactive|Micael Lopes also wants the timer to be on.\n|\n|t:|1771195009\n|move|p2a: Victreebel|Swords Dance|p2a: Victreebel\n|-boost|p2a: Victreebel|atk|2\n|move|p1a: Victreebel|Sludge Wave|p2a: Victreebel\n|-damage|p2a: Victreebel|113/290\n|-damage|p1a: Victreebel|261/290|[from] item: Life Orb\n|\n|upkeep\n|turn|2\n|\n|t:|1771195014\n|move|p2a: Victreebel|Sucker Punch||[still]\n|-fail|p2a: Victreebel\n|move|p1a: Victreebel|Sunny Day|p1a: Victreebel\n|-weather|SunnyDay\n|\n|-weather|SunnyDay|[upkeep]\n|upkeep\n|turn|3\n|\n|t:|1771195017\n|move|p2a: Victreebel|Sucker Punch|p1a: Victreebel\n|-damage|p1a: Victreebel|74/290\n|-damage|p2a: Victreebel|84/290|[from] item: Life Orb\n|move|p1a: Victreebel|Weather Ball|p2a: Victreebel\n|-supereffective|p2a: Victreebel\n|-damage|p2a: Victreebel|0 fnt\n|faint|p2a: Victreebel\n|-damage|p1a: Victreebel|45/290|[from] item: Life Orb\n|\n|-weather|SunnyDay|[upkeep]\n|upkeep\n|\n|t:|1771195033\n|switch|p2a: Chandelure|Chandelure, L83, F|235/235\n|turn|4\n|\n|t:|1771195043\n|move|p1a: Victreebel|Power Whip|p2a: Chandelure\n|-resisted|p2a: Chandelure\n|-damage|p2a: Chandelure|131/235\n|-damage|p1a: Victreebel|16/290|[from] item: Life Orb\n|move|p2a: Chandelure|Shadow Ball|p1a: Victreebel\n|-damage|p1a: Victreebel|0 fnt\n|faint|p1a: Victreebel\n|\n|-weather|SunnyDay|[upkeep]\n|upkeep\n|\n|t:|1771195047\n|switch|p1a: Toedscruel|Toedscruel, L87, M|281/281\n|turn|5\n|\n|t:|1771195065\n|switch|p2a: Mienshao|Mienshao, L83, F|244/244\n|move|p1a: Toedscruel|Spore|p2a: Mienshao\n|-status|p2a: Mienshao|slp|[from] move: Spore\n|\n|-weather|SunnyDay|[upkeep]\n|upkeep\n|turn|6\n|\n|t:|1771195076\n|move|p1a: Toedscruel|Earth Power|p2a: Mienshao\n|-damage|p2a: Mienshao|136/244 slp\n|cant|p2a: Mienshao|slp\n|\n|-weather|none\n|upkeep\n|turn|7\n|\n|t:|1771195097\n|switch|p2a: Piloswine|Piloswine, L85, F|309/309\n|move|p1a: Toedscruel|Giga Drain|p2a: Piloswine\n|-supereffective|p2a: Piloswine\n|-damage|p2a: Piloswine|169/309\n|\n|upkeep\n|turn|8\n|\n|t:|1771195114\n|-terastallize|p1a: Toedscruel|Water\n|move|p1a: Toedscruel|Giga Drain|p2a: Piloswine\n|-supereffective|p2a: Piloswine\n|-damage|p2a: Piloswine|37/309\n|move|p2a: Piloswine|Stealth Rock|p1a: Toedscruel\n|-sidestart|p1: Micael Lopes|move: Stealth Rock\n|\n|upkeep\n|turn|9\n|\n|t:|1771195137\n|switch|p2a: Chandelure|Chandelure, L83, F|131/235\n|move|p1a: Toedscruel|Rapid Spin|p2a: Chandelure\n|-immune|p2a: Chandelure\n|\n|upkeep\n|turn|10\n|\n|t:|1771195143\n|move|p2a: Chandelure|Energy Ball|p1a: Toedscruel\n|-supereffective|p1a: Toedscruel\n|-damage|p1a: Toedscruel|141/281\n|move|p1a: Toedscruel|Earth Power|p2a: Chandelure\n|-supereffective|p2a: Chandelure\n|-damage|p2a: Chandelure|0 fnt\n|faint|p2a: Chandelure\n|\n|-heal|p1a: Toedscruel|158/281|[from] item: Leftovers\n|upkeep\n|\n|t:|1771195155\n|switch|p2a: Hypno|Hypno, L95, F|315/315\n|turn|11\n|\n|t:|1771195162\n|move|p1a: Toedscruel|Rapid Spin|p2a: Hypno\n|-damage|p2a: Hypno|285/315\n|-boost|p1a: Toedscruel|spe|1\n|-sideend|p1: Micael Lopes|Stealth Rock|[from] move: Rapid Spin|[of] p1a: Toedscruel\n|move|p2a: Hypno|Thunder Wave|p1a: Toedscruel\n|-status|p1a: Toedscruel|par\n|\n|-heal|p2a: Hypno|304/315|[from] item: Leftovers\n|-heal|p1a: Toedscruel|175/281 par|[from] item: Leftovers\n|upkeep\n|turn|12\n|\n|t:|1771195169\n|switch|p1a: Vigoroth|Vigoroth, L85, M|275/275\n|move|p2a: Hypno|Encore||[still]\n|-fail|p2a: Hypno\n|\n|-heal|p2a: Hypno|315/315|[from] item: Leftovers\n|upkeep\n|turn|13\n|\n|t:|1771195172\n|move|p1a: Vigoroth|Knock Off|p2a: Hypno\n|-supereffective|p2a: Hypno\n|-damage|p2a: Hypno|179/315\n|-enditem|p2a: Hypno|Leftovers|[from] move: Knock Off|[of] p1a: Vigoroth\n|move|p2a: Hypno|Knock Off|p1a: Vigoroth\n|-damage|p1a: Vigoroth|227/275\n|-enditem|p1a: Vigoroth|Eviolite|[from] move: Knock Off|[of] p2a: Hypno\n|\n|upkeep\n|turn|14\n|\n|t:|1771195175\n|move|p1a: Vigoroth|Body Slam|p2a: Hypno\n|-damage|p2a: Hypno|94/315\n|move|p2a: Hypno|Thunder Wave|p1a: Vigoroth\n|-status|p1a: Vigoroth|par\n|\n|upkeep\n|turn|15\n|\n|t:|1771195182\n|move|p2a: Hypno|Psychic Noise|p1a: Vigoroth\n|-damage|p1a: Vigoroth|118/275 par\n|-start|p1a: Vigoroth|move: Heal Block\n|move|p1a: Vigoroth|Body Slam|p2a: Hypno\n|-damage|p2a: Hypno|10/315\n|-status|p2a: Hypno|par\n|\n|upkeep\n|turn|16\n|\n|t:|1771195190\n|move|p1a: Vigoroth|Knock Off|p2a: Hypno\n|-supereffective|p2a: Hypno\n|-damage|p2a: Hypno|0 fnt\n|faint|p2a: Hypno\n|\n|-end|p1a: Vigoroth|move: Heal Block\n|upkeep\n|\n|t:|1771195207\n|switch|p2a: Mienshao|Mienshao, L83, F|217/244 slp\n|turn|17\n|\n|t:|1771195236\n|-curestatus|p2a: Mienshao|slp|[msg]\n|move|p2a: Mienshao|Close Combat|p1a: Vigoroth\n|-supereffective|p1a: Vigoroth\n|-damage|p1a: Vigoroth|0 fnt\n|-unboost|p2a: Mienshao|def|1\n|-unboost|p2a: Mienshao|spd|1\n|faint|p1a: Vigoroth\n|-damage|p2a: Mienshao|193/244|[from] item: Life Orb\n|\n|upkeep\n|\n|t:|1771195240\n|switch|p1a: Gengar|Gengar, L81, F|230/230\n|turn|18\n|\n|t:|1771195257\n|switch|p2a: Piloswine|Piloswine, L85, F|37/309\n|move|p1a: Gengar|Sludge Wave|p2a: Piloswine\n|-resisted|p2a: Piloswine\n|-damage|p2a: Piloswine|0 fnt\n|faint|p2a: Piloswine\n|-damage|p1a: Gengar|207/230|[from] item: Life Orb\n|\n|upkeep\n|\n|t:|1771195269\n|switch|p2a: Mienshao|Mienshao, L83, F|244/244\n|turn|19\n|\n|t:|1771195289\n|switch|p1a: Toedscruel|Toedscruel, L87, M, tera:Water|175/281 par\n|move|p2a: Mienshao|Knock Off|p1a: Toedscruel\n|-damage|p1a: Toedscruel|48/281 par\n|-enditem|p1a: Toedscruel|Leftovers|[from] move: Knock Off|[of] p2a: Mienshao\n|-damage|p2a: Mienshao|220/244|[from] item: Life Orb\n|\n|upkeep\n|turn|20\n|\n|t:|1771195297\n|move|p2a: Mienshao|Knock Off|p1a: Toedscruel\n|-damage|p1a: Toedscruel|0 fnt\n|faint|p1a: Toedscruel\n|-damage|p2a: Mienshao|196/244|[from] item: Life Orb\n|\n|upkeep\n|\n|t:|1771195303\n|switch|p1a: Gengar|Gengar, L81, F|207/230\n|turn|21\n|\n|t:|1771195316\n|-terastallize|p2a: Mienshao|Dark\n|move|p1a: Gengar|Sludge Wave|p2a: Mienshao\n|-damage|p2a: Mienshao|0 fnt\n|faint|p2a: Mienshao\n|-damage|p1a: Gengar|184/230|[from] item: Life Orb\n|\n|upkeep\n|\n|t:|1771195320\n|switch|p2a: Mewtwo|Mewtwo, L72|272/272\n|-ability|p2a: Mewtwo|Unnerve\n|turn|22\n|\n|t:|1771195326\n|move|p2a: Mewtwo|Psystrike|p1a: Gengar\n|-supereffective|p1a: Gengar\n|-damage|p1a: Gengar|0 fnt\n|-start|p2a: Mewtwo|Disable|Psystrike|[from] ability: Cursed Body|[of] p1a: Gengar\n|faint|p1a: Gengar\n|-damage|p2a: Mewtwo|245/272|[from] item: Life Orb\n|\n|upkeep\n|\n|t:|1771195333\n|switch|p1a: Frosmoth|Frosmoth, L82, F|249/249\n|turn|23\n|\n|t:|1771195337\n|move|p2a: Mewtwo|Fire Blast|p1a: Frosmoth\n|-supereffective|p1a: Frosmoth\n|-damage|p1a: Frosmoth|41/249\n|-damage|p2a: Mewtwo|218/272|[from] item: Life Orb\n|move|p1a: Frosmoth|Quiver Dance|p1a: Frosmoth\n|-boost|p1a: Frosmoth|spa|1\n|-boost|p1a: Frosmoth|spd|1\n|-boost|p1a: Frosmoth|spe|1\n|\n|upkeep\n|turn|24\n|\n|t:|1771195343\n|move|p1a: Frosmoth|Bug Buzz|p2a: Mewtwo\n|-supereffective|p2a: Mewtwo\n|-damage|p2a: Mewtwo|0 fnt\n|faint|p2a: Mewtwo\n|\n|win|Micael Lopes\n|raw|Micael Lopes's rating: 1807 &rarr; <strong>1827</strong><br />(+20 for winning)\n|raw|Payday333's rating: 1814 &rarr; <strong>1794</strong><br />(-20 for losing)\n|c|☆Micael Lopes|**__Sexy game.__**\n|l|☆Payday333\n|player|p2|\n", "inputlog": ">version 686819e5e19f8a7fd2345cfc5a08a5085efa2cc3\n>start {\"formatid\":\"gen9randombattle\",\"seed\":\"sodium,30e36243948db5af0637c74f8e27d55f\",\"rated\":\"Rated battle\"}\n>player p1 {\"name\":\"Micael Lopes\",\"avatar\":\"benga\",\"rating\":1783,\"seed\":\"sodium,889555796220075a12f0fac8c7dea615\"}\n>player p2 {\"name\":\"Payday333\",\"avatar\":\"janitor\",\"rating\":1814,\"seed\":\"sodium,044a496dddbd4d42f3dcfc909074a190\"}\n>p1 move sludgewave\n>p2 move swordsdance\n>p1 move sunnyday\n>p2 move suckerpunch\n>p1 move weatherball\n>p2 move suckerpunch\n>p2 switch 2\n>p1 move powerwhip\n>p2 move shadowball\n>p1 switch 5\n>p1 move spore\n>p2 switch 5\n>p1 move earthpower\n>p2 move knockoff\n>p1 move gigadrain\n>p2 switch 3\n>p1 move gigadrain terastallize\n>p2 move stealthrock\n>p1 move rapidspin\n>p2 switch 5\n>p1 move earthpower\n>p2 move energyball\n>p2 switch 4\n>p1 move rapidspin\n>p2 move thunderwave\n>p1 switch 2\n>p2 move encore\n>p1 move knockoff\n>p2 move knockoff\n>p1 move bodyslam\n>p2 move thunderwave\n>p1 move bodyslam\n>p2 move psychicnoise\n>p1 move knockoff\n>p2 move psychicnoise\n>p2 switch 3\n>p1 move knockoff\n>p2 move closecombat\n>p1 switch 3\n>p1 move sludgewave\n>p2 switch 5\n>p2 switch 5\n>p1 switch 2\n>p2 move knockoff\n>p1 move spore\n>p2 move knockoff\n>p1 switch 2\n>p1 move sludgewave\n>p2 move knockoff terastallize\n>p2 switch 6\n>p1 move shadowball\n>p2 move psystrike\n>p1 switch 4\n>p1 move quiverdance\n>p2 move fireblast\n>p1 move bugbuzz\n>p2 move fireblast", "uploadtime": 1771195347, "views": 9, "formatid": "gen9randombattle", "rating": 1794, "private": 0, "password": null}