{"id": "gen9randombattle-2540230906", "format": "[Gen 9] Random Battle", "players": ["Orkodork", "TyroneSmithy"], "log": "|j|☆Orkodork\n|j|‽TyroneSmithy\n|t:|1771178523\n|gametype|singles\n|player|p1|Orkodork|veteran|1615\n|player|p2|TyroneSmithy|blaine|1635\n|gen|9\n|tier|[Gen 9] Random Battle\n|rated|\n|rule|Species Clause: Limit one of each Pokémon\n|rule|HP Percentage Mod: HP is shown in percentages\n|rule|Sleep Clause Mod: Limit one foe put to sleep\n|rule|Illusion Level Mod: Illusion disguises the Pokémon's true level\n|\n|t:|1771178523\n|teamsize|p1|6\n|teamsize|p2|6\n|start\n|switch|p1a: Iron Leaves|Iron Leaves, L80|275/275\n|switch|p2a: Chandelure|Chandelure, L83, F|235/235\n|turn|1\n|\n|t:|1771178550\n|-end|p1a: Iron Leaves|Quark Drive|[silent]\n|switch|p1a: Ditto|Ditto, L87|225/225\n|-transform|p1a: Ditto|p2a: Chandelure|[from] ability: Imposter\n|move|p2a: Chandelure|Fire Blast|p1a: Ditto\n|-start|p1a: Ditto|ability: Flash Fire\n|\n|upkeep\n|turn|2\n|\n|t:|1771178563\n|switch|p2a: Cyclizar|Cyclizar, L83, F|252/252\n|move|p1a: Ditto|Shadow Ball|p2a: Cyclizar\n|-immune|p2a: Cyclizar\n|\n|upkeep\n|turn|3\n|\n|t:|1771178571\n|-end|p1a: Ditto|ability: Flash Fire|[silent]\n|switch|p1a: Kricketune|Kricketune, L99, M|312/312\n|move|p2a: Cyclizar|Shed Tail|p2a: Cyclizar\n|-start|p2a: Cyclizar|Substitute|[from] move: Shed Tail\n|-damage|p2a: Cyclizar|126/252\n|\n|t:|1771178592\n|switch|p2a: Chandelure|Chandelure, L83, F|235/235|[from] Shed Tail\n|\n|upkeep\n|turn|4\n|\n|t:|1771178605\n|move|p2a: Chandelure|Shadow Ball|p1a: Kricketune\n|-damage|p1a: Kricketune|176/312\n|move|p1a: Kricketune|Knock Off|p2a: Chandelure\n|-supereffective|p2a: Chandelure\n|-end|p2a: Chandelure|Substitute\n|\n|upkeep\n|turn|5\n|\n|t:|1771178632\n|switch|p2a: Krookodile|Krookodile, L80, M|283/283\n|-ability|p2a: Krookodile|Intimidate|boost\n|-unboost|p1a: Kricketune|atk|1\n|move|p1a: Kricketune|Sticky Web|p2a: Krookodile\n|-sidestart|p2: TyroneSmithy|move: Sticky Web\n|\n|upkeep\n|turn|6\n|\n|t:|1771178645\n|move|p2a: Krookodile|Knock Off|p1a: Kricketune\n|-damage|p1a: Kricketune|12/312\n|-enditem|p1a: Kricketune|Heavy-Duty Boots|[from] move: Knock Off|[of] p2a: Krookodile\n|-damage|p2a: Krookodile|255/283|[from] item: Life Orb\n|move|p1a: Kricketune|Pounce|p2a: Krookodile\n|-supereffective|p2a: Krookodile\n|-damage|p2a: Krookodile|103/283\n|-unboost|p2a: Krookodile|spe|1\n|\n|upkeep\n|turn|7\n|\n|t:|1771178658\n|switch|p2a: Eelektross|Eelektross, L87, F|290/290\n|move|p1a: Kricketune|Pounce|p2a: Eelektross\n|-damage|p2a: Eelektross|223/290\n|-unboost|p2a: Eelektross|spe|1\n|\n|upkeep\n|turn|8\n|\n|t:|1771178670\n|move|p1a: Kricketune|Knock Off|p2a: Eelektross\n|-damage|p2a: Eelektross|166/290\n|-enditem|p2a: Eelektross|Assault Vest|[from] move: Knock Off|[of] p1a: Kricketune\n|move|p2a: Eelektross|Flamethrower|p1a: Kricketune\n|-supereffective|p1a: Kricketune\n|-damage|p1a: Kricketune|0 fnt\n|faint|p1a: Kricketune\n|\n|upkeep\n|\n|t:|1771178686\n|switch|p1a: Mesprit|Mesprit, L85|275/275\n|turn|9\n|\n|t:|1771178706\n|move|p1a: Mesprit|Nasty Plot|p1a: Mesprit\n|-boost|p1a: Mesprit|spa|2\n|move|p2a: Eelektross|Discharge|p1a: Mesprit\n|-damage|p1a: Mesprit|196/275\n|\n|upkeep\n|turn|10\n|\n|t:|1771178722\n|move|p1a: Mesprit|Psychic|p2a: Eelektross\n|-damage|p2a: Eelektross|0 fnt\n|faint|p2a: Eelektross\n|-damage|p1a: Mesprit|169/275|[from] item: Life Orb\n|\n|upkeep\n|\n|t:|1771178729\n|switch|p2a: Cyclizar|Cyclizar, L83, F|210/252\n|turn|11\n|\n|t:|1771178734\n|move|p2a: Cyclizar|Rapid Spin|p1a: Mesprit\n|-damage|p1a: Mesprit|120/275\n|-boost|p2a: Cyclizar|spe|1\n|-sideend|p2: TyroneSmithy|Sticky Web|[from] move: Rapid Spin|[of] p2a: Cyclizar\n|move|p1a: Mesprit|Ice Beam|p2a: Cyclizar\n|-supereffective|p2a: Cyclizar\n|-damage|p2a: Cyclizar|0 fnt\n|faint|p2a: Cyclizar\n|-damage|p1a: Mesprit|93/275|[from] item: Life Orb\n|\n|upkeep\n|\n|t:|1771178747\n|switch|p2a: Illumise|Illumise, L91, F|266/266\n|turn|12\n|\n|t:|1771178783\n|move|p2a: Illumise|Bug Buzz|p1a: Mesprit\n|-supereffective|p1a: Mesprit\n|-damage|p1a: Mesprit|0 fnt\n|faint|p1a: Mesprit\n|\n|upkeep\n|\n|t:|1771178792\n|switch|p1a: Kingambit|Kingambit, L74, F|270/270\n|-activate|p1a: Kingambit|ability: Supreme Overlord\n|-start|p1a: Kingambit|fallen2|[silent]\n|turn|13\n|\n|t:|1771178800\n|move|p2a: Illumise|Bug Buzz|p1a: Kingambit\n|-damage|p1a: Kingambit|171/270\n|-unboost|p1a: Kingambit|spd|1\n|move|p1a: Kingambit|Kowtow Cleave|p2a: Illumise\n|-damage|p2a: Illumise|142/266\n|\n|-heal|p1a: Kingambit|187/270|[from] item: Leftovers\n|upkeep\n|turn|14\n|\n|t:|1771178827\n|move|p2a: Illumise|Bug Buzz|p1a: Kingambit\n|-damage|p1a: Kingambit|31/270\n|move|p1a: Kingambit|Kowtow Cleave|p2a: Illumise\n|-damage|p2a: Illumise|36/266\n|\n|-heal|p1a: Kingambit|47/270|[from] item: Leftovers\n|upkeep\n|turn|15\n|\n|t:|1771178835\n|move|p2a: Illumise|Roost|p2a: Illumise\n|-heal|p2a: Illumise|169/266\n|-singleturn|p2a: Illumise|move: Roost\n|move|p1a: Kingambit|Kowtow Cleave|p2a: Illumise\n|-damage|p2a: Illumise|52/266\n|\n|-heal|p1a: Kingambit|63/270|[from] item: Leftovers\n|upkeep\n|turn|16\n|\n|t:|1771178842\n|move|p1a: Kingambit|Sucker Punch|p2a: Illumise\n|-damage|p2a: Illumise|0 fnt\n|faint|p2a: Illumise\n|\n|-heal|p1a: Kingambit|79/270|[from] item: Leftovers\n|upkeep\n|\n|t:|1771178854\n|switch|p2a: Zarude|Zarude, L77|288/288\n|turn|17\n|\n|t:|1771178865\n|move|p2a: Zarude|Close Combat|p1a: Kingambit\n|-supereffective|p1a: Kingambit\n|-damage|p1a: Kingambit|0 fnt\n|-unboost|p2a: Zarude|def|1\n|-unboost|p2a: Zarude|spd|1\n|faint|p1a: Kingambit\n|-end|p1a: Kingambit|fallen2|[silent]\n|\n|upkeep\n|\n|t:|1771178868\n|switch|p1a: Ditto|Ditto, L87|225/225\n|-transform|p1a: Ditto|p2a: Zarude|[from] ability: Imposter\n|turn|18\n|\n|t:|1771178875\n|switch|p2a: Chandelure|Chandelure, L83, F|235/235\n|move|p1a: Ditto|U-turn|p2a: Chandelure\n|-resisted|p2a: Chandelure\n|-damage|p2a: Chandelure|221/235\n|\n|t:|1771178879\n|switch|p1a: Empoleon|Empoleon, L84, M|278/278|[from] U-turn\n|\n|upkeep\n|turn|19\n|\n|t:|1771178899\n|move|p2a: Chandelure|Trick|p1a: Empoleon\n|-activate|p2a: Chandelure|move: Trick|[of] p1a: Empoleon\n|-item|p1a: Empoleon|Choice Scarf|[from] move: Trick\n|-item|p2a: Chandelure|Leftovers|[from] move: Trick\n|move|p1a: Empoleon|Surf|p2a: Chandelure\n|-supereffective|p2a: Chandelure\n|-damage|p2a: Chandelure|21/235\n|\n|-heal|p2a: Chandelure|35/235|[from] item: Leftovers\n|upkeep\n|turn|20\n|\n|t:|1771178906\n|switch|p2a: Zarude|Zarude, L77|288/288\n|move|p1a: Empoleon|Surf|p2a: Zarude\n|-resisted|p2a: Zarude\n|-damage|p2a: Zarude|234/288\n|\n|upkeep\n|turn|21\n|\n|t:|1771178928\n|move|p1a: Empoleon|Surf|p2a: Zarude\n|-resisted|p2a: Zarude\n|-damage|p2a: Zarude|184/288\n|move|p2a: Zarude|Knock Off|p1a: Empoleon\n|-damage|p1a: Empoleon|116/278\n|-enditem|p1a: Empoleon|Choice Scarf|[from] move: Knock Off|[of] p2a: Zarude\n|\n|upkeep\n|turn|22\n|\n|t:|1771178945\n|switch|p2a: Chandelure|Chandelure, L83, F|35/235\n|move|p1a: Empoleon|Roost|p1a: Empoleon\n|-heal|p1a: Empoleon|255/278\n|-singleturn|p1a: Empoleon|move: Roost\n|\n|-heal|p2a: Chandelure|49/235|[from] item: Leftovers\n|upkeep\n|turn|23\n|\n|t:|1771178954\n|move|p2a: Chandelure|Fire Blast|p1a: Empoleon\n|-damage|p1a: Empoleon|119/278\n|move|p1a: Empoleon|Surf|p2a: Chandelure\n|-supereffective|p2a: Chandelure\n|-damage|p2a: Chandelure|0 fnt\n|faint|p2a: Chandelure\n|\n|upkeep\n|\n|t:|1771178962\n|switch|p2a: Krookodile|Krookodile, L80, M|103/283\n|-ability|p2a: Krookodile|Intimidate|boost\n|-unboost|p1a: Empoleon|atk|1\n|-ability|p1a: Empoleon|Competitive|boost\n|-boost|p1a: Empoleon|spa|2\n|turn|24\n|\n|t:|1771178972\n|-terastallize|p1a: Empoleon|Flying\n|move|p2a: Krookodile|Earthquake|p1a: Empoleon\n|-immune|p1a: Empoleon\n|move|p1a: Empoleon|Surf|p2a: Krookodile\n|-supereffective|p2a: Krookodile\n|-damage|p2a: Krookodile|0 fnt\n|faint|p2a: Krookodile\n|\n|upkeep\n|-message|TyroneSmithy forfeited.\n|\n|win|Orkodork\n|raw|Orkodork's rating: 1615 &rarr; <strong>1636</strong><br />(+21 for winning)\n|raw|TyroneSmithy's rating: 1635 &rarr; <strong>1614</strong><br />(-21 for losing)\n|l|‽TyroneSmithy\n|player|p2|\n", "inputlog": ">version 686819e5e19f8a7fd2345cfc5a08a5085efa2cc3\n>start {\"formatid\":\"gen9randombattle\",\"seed\":\"sodium,33a1e06b75de6e28cc934db27c028689\",\"rated\":\"Rated battle\"}\n>player p1 {\"name\":\"Orkodork\",\"avatar\":\"veteran\",\"rating\":1615,\"seed\":\"sodium,45ae3d5e7916b2f4517c3af35a737caa\"}\n>player p2 {\"name\":\"TyroneSmithy\",\"avatar\":\"blaine\",\"rating\":1635,\"seed\":\"sodium,f302f032d91f704f5eb526f208fe9bbd\"}\n>p1 switch 3\n>p2 move fireblast\n>p1 move shadowball\n>p2 switch 4\n>p1 switch 4\n>p2 move shedtail\n>p2 switch 4\n>p1 move knockoff\n>p2 move shadowball\n>p1 move stickyweb\n>p2 switch 5\n>p1 move pounce\n>p2 move knockoff\n>p1 move pounce\n>p2 switch 3\n>p1 move knockoff\n>p2 move flamethrower\n>p1 switch 5\n>p1 move nastyplot\n>p2 move discharge\n>p1 move psychic\n>p2 move discharge\n>p2 switch 4\n>p1 move icebeam\n>p2 move rapidspin\n>p2 switch 6\n>p1 move psychic\n>p2 move bugbuzz\n>p1 switch 2\n>p1 move kowtowcleave\n>p2 move bugbuzz\n>p1 move kowtowcleave\n>p2 move bugbuzz\n>p1 move kowtowcleave\n>p2 move roost\n>p1 move suckerpunch\n>p2 move bugbuzz\n>p2 switch 2\n>p1 move ironhead\n>p2 move closecombat\n>p1 switch 4\n>p1 move uturn\n>p2 switch 5\n>p1 switch 6\n>p1 move surf\n>p2 move trick\n>p1 move surf\n>p2 switch 5\n>p1 move surf\n>p2 move knockoff\n>p1 move roost\n>p2 switch 5\n>p1 move surf\n>p2 move fireblast\n>p2 switch 3\n>p1 move surf terastallize\n>p2 move earthquake\n>forcelose p2", "uploadtime": 1771178987, "views": 9, "formatid": "gen9randombattle", "rating": 1614, "private": 0, "password": null}