{"id": "gen9randombattle-2540798575", "format": "[Gen 9] Random Battle", "players": ["lagrron", "FantasyWind"], "log": "|j|☆lagrron\n|j|‽FantasyWind\n|t:|1771255177\n|gametype|singles\n|player|p1|lagrron|psychic-gen1rb|1689\n|player|p2|FantasyWind|rosa|1746\n|gen|9\n|tier|[Gen 9] Random Battle\n|rated|\n|rule|Species Clause: Limit one of each Pokémon\n|rule|HP Percentage Mod: HP is shown in percentages\n|rule|Sleep Clause Mod: Limit one foe put to sleep\n|rule|Illusion Level Mod: Illusion disguises the Pokémon's true level\n|\n|t:|1771255177\n|teamsize|p1|6\n|teamsize|p2|6\n|start\n|switch|p1a: Goodra|Goodra-Hisui, L82, M|265/265\n|switch|p2a: Furret|Furret, L94, F|312/312\n|-item|p1a: Goodra|Assault Vest|[from] ability: Frisk|[of] p2a: Furret\n|turn|1\n|inactive|Battle timer is ON: inactive players will automatically lose when time's up. (requested by FantasyWind)\n|inactive|lagrron also wants the timer to be on.\n|\n|t:|1771255195\n|move|p2a: Furret|Knock Off|p1a: Goodra\n|-damage|p1a: Goodra|164/265\n|-enditem|p1a: Goodra|Assault Vest|[from] move: Knock Off|[of] p2a: Furret\n|move|p1a: Goodra|Draco Meteor|p2a: Furret\n|-damage|p2a: Furret|117/312\n|-unboost|p1a: Goodra|spa|2\n|\n|upkeep\n|turn|2\n|\n|t:|1771255211\n|move|p2a: Furret|Knock Off|p1a: Goodra\n|-damage|p1a: Goodra|92/265\n|move|p1a: Goodra|Heavy Slam|p2a: Furret\n|-damage|p2a: Furret|0 fnt\n|faint|p2a: Furret\n|\n|upkeep\n|\n|t:|1771255220\n|switch|p2a: Ampharos|Ampharos, L88, F|302/302\n|turn|3\n|\n|t:|1771255231\n|switch|p1a: Deoxys|Deoxys-Defense, L84|221/221\n|-ability|p1a: Deoxys|Pressure\n|move|p2a: Ampharos|Focus Blast|p1a: Deoxys\n|-resisted|p1a: Deoxys\n|-damage|p1a: Deoxys|172/221\n|\n|upkeep\n|turn|4\n|\n|t:|1771255245\n|switch|p2a: Chandelure|Chandelure, L83, M|235/235\n|move|p1a: Deoxys|Spikes|p2a: Chandelure\n|-sidestart|p2: FantasyWind|Spikes\n|\n|upkeep\n|turn|5\n|\n|t:|1771255252\n|switch|p1a: Goodra|Goodra-Hisui, L82, M|92/265\n|move|p2a: Chandelure|Shadow Ball|p1a: Goodra\n|-damage|p1a: Goodra|20/265\n|\n|upkeep\n|turn|6\n|\n|t:|1771255265\n|move|p2a: Chandelure|Shadow Ball|p1a: Goodra\n|-damage|p1a: Goodra|0 fnt\n|faint|p1a: Goodra\n|\n|upkeep\n|\n|t:|1771255278\n|switch|p1a: Feraligatr|Feraligatr, L79, M|264/264\n|turn|7\n|\n|t:|1771255290\n|switch|p2a: Ampharos|Ampharos, L88, F|302/302\n|-damage|p2a: Ampharos|265/302|[from] Spikes\n|move|p1a: Feraligatr|Liquidation|p2a: Ampharos\n|-damage|p2a: Ampharos|119/302\n|\n|upkeep\n|turn|8\n|\n|t:|1771255301\n|switch|p1a: Deoxys|Deoxys-Defense, L84|172/221\n|-ability|p1a: Deoxys|Pressure\n|move|p2a: Ampharos|Thunderbolt|p1a: Deoxys\n|-damage|p1a: Deoxys|54/221\n|\n|upkeep\n|turn|9\n|\n|t:|1771255312\n|move|p1a: Deoxys|Recover|p1a: Deoxys\n|-heal|p1a: Deoxys|165/221\n|move|p2a: Ampharos|Thunderbolt|p1a: Deoxys\n|-damage|p1a: Deoxys|62/221\n|\n|upkeep\n|turn|10\n|\n|t:|1771255319\n|switch|p1a: Abomasnow|Abomasnow, L84, F|287/287\n|-weather|Snowscape|[from] ability: Snow Warning|[of] p1a: Abomasnow\n|move|p2a: Ampharos|Thunderbolt|p1a: Abomasnow\n|-resisted|p1a: Abomasnow\n|-damage|p1a: Abomasnow|195/287\n|\n|-weather|Snowscape|[upkeep]\n|upkeep\n|turn|11\n|\n|t:|1771255330\n|move|p1a: Abomasnow|Aurora Veil|p1a: Abomasnow\n|-sidestart|p1: lagrron|move: Aurora Veil\n|move|p2a: Ampharos|Thunderbolt|p1a: Abomasnow\n|-resisted|p1a: Abomasnow\n|-damage|p1a: Abomasnow|147/287\n|-status|p1a: Abomasnow|par\n|\n|-weather|Snowscape|[upkeep]\n|upkeep\n|turn|12\n|\n|t:|1771255351\n|move|p2a: Ampharos|Thunderbolt|p1a: Abomasnow\n|-resisted|p1a: Abomasnow\n|-crit|p1a: Abomasnow\n|-damage|p1a: Abomasnow|11/287 par\n|cant|p1a: Abomasnow|par\n|\n|-weather|Snowscape|[upkeep]\n|upkeep\n|turn|13\n|\n|t:|1771255367\n|switch|p2a: Ribombee|Ribombee, L83, M|235/235\n|move|p1a: Abomasnow|Earthquake|p2a: Ribombee\n|-resisted|p2a: Ribombee\n|-damage|p2a: Ribombee|192/235\n|\n|-weather|Snowscape|[upkeep]\n|upkeep\n|turn|14\n|\n|t:|1771255385\n|switch|p1a: Feraligatr|Feraligatr, L79, M|264/264\n|move|p2a: Ribombee|Quiver Dance|p2a: Ribombee\n|-boost|p2a: Ribombee|spa|1\n|-boost|p2a: Ribombee|spd|1\n|-boost|p2a: Ribombee|spe|1\n|\n|-weather|none\n|upkeep\n|turn|15\n|\n|t:|1771255399\n|move|p2a: Ribombee|Quiver Dance|p2a: Ribombee\n|-boost|p2a: Ribombee|spa|1\n|-boost|p2a: Ribombee|spd|1\n|-boost|p2a: Ribombee|spe|1\n|move|p1a: Feraligatr|Liquidation|p2a: Ribombee\n|-damage|p2a: Ribombee|0 fnt\n|faint|p2a: Ribombee\n|\n|upkeep\n|\n|t:|1771255404\n|switch|p2a: Suicune|Suicune, L82|298/298\n|-damage|p2a: Suicune|261/298|[from] Spikes\n|-ability|p2a: Suicune|Pressure\n|turn|16\n|l|☆lagrron\n|inactive|lagrron disconnected and has a minute to reconnect!\n|player|p1|\n|j|☆lagrron\n|inactive|lagrron reconnected and has 145 seconds left.\n|player|p1|lagrron|psychic-gen1rb|\n|\n|t:|1771255421\n|switch|p1a: Abomasnow|Abomasnow, L84, F|11/287 par\n|-weather|Snowscape|[from] ability: Snow Warning|[of] p1a: Abomasnow\n|move|p2a: Suicune|Calm Mind|p2a: Suicune\n|-boost|p2a: Suicune|spa|1\n|-boost|p2a: Suicune|spd|1\n|\n|-weather|Snowscape|[upkeep]\n|-heal|p2a: Suicune|279/298|[from] item: Leftovers\n|upkeep\n|turn|17\n|\n|t:|1771255424\n|move|p2a: Suicune|Scald|p1a: Abomasnow\n|-resisted|p1a: Abomasnow\n|-crit|p1a: Abomasnow\n|-damage|p1a: Abomasnow|0 fnt\n|faint|p1a: Abomasnow\n|\n|-weather|Snowscape|[upkeep]\n|-heal|p2a: Suicune|297/298|[from] item: Leftovers\n|upkeep\n|\n|t:|1771255431\n|switch|p1a: Deoxys|Deoxys-Defense, L84|62/221\n|-ability|p1a: Deoxys|Pressure\n|turn|18\n|\n|t:|1771255435\n|move|p1a: Deoxys|Knock Off|p2a: Suicune\n|-damage|p2a: Suicune|256/298\n|-enditem|p2a: Suicune|Leftovers|[from] move: Knock Off|[of] p1a: Deoxys\n|move|p2a: Suicune|Calm Mind|p2a: Suicune\n|-boost|p2a: Suicune|spa|1\n|-boost|p2a: Suicune|spd|1\n|\n|-weather|Snowscape|[upkeep]\n|-sideend|p1: lagrron|move: Aurora Veil\n|upkeep\n|turn|19\n|\n|t:|1771255441\n|move|p1a: Deoxys|Spikes|p2a: Suicune\n|-sidestart|p2: FantasyWind|Spikes\n|move|p2a: Suicune|Calm Mind|p2a: Suicune\n|-boost|p2a: Suicune|spa|1\n|-boost|p2a: Suicune|spd|1\n|\n|-weather|Snowscape|[upkeep]\n|upkeep\n|turn|20\n|\n|t:|1771255447\n|move|p1a: Deoxys|Spikes|p2a: Suicune\n|-sidestart|p2: FantasyWind|Spikes\n|move|p2a: Suicune|Calm Mind|p2a: Suicune\n|-boost|p2a: Suicune|spa|1\n|-boost|p2a: Suicune|spd|1\n|\n|-weather|none\n|upkeep\n|turn|21\n|\n|t:|1771255458\n|move|p1a: Deoxys|Knock Off|p2a: Suicune\n|-damage|p2a: Suicune|226/298\n|move|p2a: Suicune|Calm Mind|p2a: Suicune\n|-boost|p2a: Suicune|spa|1\n|-boost|p2a: Suicune|spd|1\n|\n|upkeep\n|turn|22\n|l|☆lagrron\n|inactive|lagrron disconnected and has a minute to reconnect!\n|player|p1|\n|j|☆lagrron\n|inactive|lagrron reconnected and has 135 seconds left.\n|player|p1|lagrron|psychic-gen1rb|\n|\n|t:|1771255477\n|move|p1a: Deoxys|Knock Off|p2a: Suicune\n|-crit|p2a: Suicune\n|-damage|p2a: Suicune|183/298\n|move|p2a: Suicune|Calm Mind|p2a: Suicune\n|-boost|p2a: Suicune|spa|1\n|-boost|p2a: Suicune|spd|1\n|\n|upkeep\n|turn|23\n|\n|t:|1771255488\n|move|p1a: Deoxys|Knock Off|p2a: Suicune\n|-damage|p2a: Suicune|153/298\n|move|p2a: Suicune|Scald|p1a: Deoxys\n|-damage|p1a: Deoxys|0 fnt\n|faint|p1a: Deoxys\n|\n|upkeep\n|\n|t:|1771255495\n|switch|p1a: Veluza|Veluza, L85, F|292/292\n|turn|24\n|\n|t:|1771255499\n|move|p2a: Suicune|Scald|p1a: Veluza\n|-resisted|p1a: Veluza\n|-damage|p1a: Veluza|122/292\n|move|p1a: Veluza|Psycho Cut|p2a: Suicune\n|-damage|p2a: Suicune|0 fnt\n|faint|p2a: Suicune\n|\n|upkeep\n|\n|t:|1771255509\n|switch|p2a: Chandelure|Chandelure, L83, M|235/235\n|-damage|p2a: Chandelure|177/235|[from] Spikes\n|turn|25\n|inactive|lagrron has 120 seconds left.\n|\n|t:|1771255549\n|move|p2a: Chandelure|Energy Ball|p1a: Veluza\n|-supereffective|p1a: Veluza\n|-damage|p1a: Veluza|0 fnt\n|faint|p1a: Veluza\n|\n|upkeep\n|\n|t:|1771255551\n|switch|p1a: Feraligatr|Feraligatr, L79, M|264/264\n|turn|26\n|inactive|lagrron has 120 seconds left.\n|\n|t:|1771255561\n|switch|p2a: Ampharos|Ampharos, L88, F|119/302\n|-damage|p2a: Ampharos|44/302|[from] Spikes\n|-terastallize|p1a: Feraligatr|Steel\n|move|p1a: Feraligatr|Dragon Dance|p1a: Feraligatr\n|-boost|p1a: Feraligatr|atk|1\n|-boost|p1a: Feraligatr|spe|1\n|\n|upkeep\n|turn|27\n|inactive|lagrron has 120 seconds left.\n|l|☆lagrron\n|inactive|lagrron disconnected and has a minute to reconnect!\n|player|p1|\n|inactive|lagrron has 30 seconds to reconnect!\n|inactive|lagrron has 20 seconds to reconnect!\n|inactive|lagrron has 15 seconds to reconnect!\n|inactive|lagrron has 10 seconds to reconnect!\n|inactive|lagrron has 5 seconds to reconnect!\n|-message|lagrron lost due to inactivity.\n|\n|win|FantasyWind\n|raw|lagrron's rating: 1689 &rarr; <strong>1672</strong><br />(-17 for losing)\n|raw|FantasyWind's rating: 1746 &rarr; <strong>1763</strong><br />(+17 for winning)\n", "inputlog": ">version 686819e5e19f8a7fd2345cfc5a08a5085efa2cc3\n>start {\"formatid\":\"gen9randombattle\",\"seed\":\"sodium,db1ca4f9621633ec1f6bd07047878a7f\",\"rated\":\"Rated battle\"}\n>player p1 {\"name\":\"lagrron\",\"avatar\":\"psychic-gen1rb\",\"rating\":1689,\"seed\":\"sodium,f0130b3ac332098f33e1194a21896c7f\"}\n>player p2 {\"name\":\"FantasyWind\",\"avatar\":\"rosa\",\"rating\":1746,\"seed\":\"sodium,cb0005237fbb07a660e9b996eb48dbea\"}\n>p1 move dracometeor\n>p2 move knockoff\n>p1 move heavyslam\n>p2 move knockoff\n>p2 switch 3\n>p1 switch 2\n>p2 move focusblast\n>p1 move spikes\n>p2 switch 4\n>p1 switch 2\n>p2 move shadowball\n>p1 move earthquake\n>p2 move shadowball\n>p1 switch 5\n>p1 move liquidation\n>p2 switch 4\n>p1 switch 2\n>p2 move thunderbolt\n>p1 move recover\n>p2 move thunderbolt\n>p1 switch 4\n>p2 move thunderbolt\n>p1 move auroraveil\n>p2 move thunderbolt\n>p1 move earthquake\n>p2 move thunderbolt\n>p1 move earthquake\n>p2 switch 5\n>p1 switch 2\n>p2 move quiverdance\n>p1 move liquidation\n>p2 move quiverdance\n>p2 switch 6\n>p1 switch 2\n>p2 move calmmind\n>p1 move woodhammer\n>p2 move scald\n>p1 switch 4\n>p1 move knockoff\n>p2 move calmmind\n>p1 move spikes\n>p2 move calmmind\n>p1 move spikes\n>p2 move calmmind\n>p1 move knockoff\n>p2 move calmmind\n>p1 move knockoff\n>p2 move calmmind\n>p1 move knockoff\n>p2 move scald\n>p1 switch 3\n>p1 move psychocut\n>p2 move scald\n>p2 switch 4\n>p1 move psychocut\n>p2 move energyball\n>p1 switch 2\n>p1 move dragondance terastallize\n>p2 switch 5\n>forcelose p1", "uploadtime": 1771255647, "views": 5, "formatid": "gen9randombattle", "rating": 1672, "private": 0, "password": null}