{"id": "gen9randombattle-2540884610", "format": "[Gen 9] Random Battle", "players": ["beanbaws", "wanglm"], "log": "|j|☆beanbaws\n|j|☆wanglm\n|t:|1771263805\n|gametype|singles\n|player|p1|beanbaws|169|1525\n|player|p2|wanglm|steven|1557\n|gen|9\n|tier|[Gen 9] Random Battle\n|rated|\n|rule|Species Clause: Limit one of each Pokémon\n|rule|HP Percentage Mod: HP is shown in percentages\n|rule|Sleep Clause Mod: Limit one foe put to sleep\n|rule|Illusion Level Mod: Illusion disguises the Pokémon's true level\n|\n|t:|1771263805\n|teamsize|p1|6\n|teamsize|p2|6\n|start\n|switch|p1a: Cacturne|Cacturne, L92, M|278/278\n|switch|p2a: Armarouge|Armarouge, L80, F|267/267\n|turn|1\n|inactive|Battle timer is ON: inactive players will automatically lose when time's up. (requested by wanglm)\n|\n|t:|1771263818\n|switch|p1a: Dachsbun|Dachsbun, L92, F|254/254\n|move|p2a: Armarouge|Armor Cannon|p1a: Dachsbun\n|-ability|p1a: Dachsbun|Well-Baked Body|boost\n|-boost|p1a: Dachsbun|def|2\n|\n|upkeep\n|turn|2\n|\n|t:|1771263822\n|move|p1a: Dachsbun|Yawn|p2a: Armarouge\n|-start|p2a: Armarouge|move: Yawn|[of] p1a: Dachsbun\n|move|p2a: Armarouge|Meteor Beam||[still]\n|-prepare|p2a: Armarouge|Meteor Beam\n|-boost|p2a: Armarouge|spa|1\n|-enditem|p2a: Armarouge|Power Herb\n|-anim|p2a: Armarouge|Meteor Beam|p1a: Dachsbun|[miss]\n|-miss|p2a: Armarouge|p1a: Dachsbun\n|\n|upkeep\n|turn|3\n|\n|t:|1771263836\n|switch|p2a: Orthworm|Orthworm, L88, F|266/266\n|move|p1a: Dachsbun|Play Rough|p2a: Orthworm\n|-resisted|p2a: Orthworm\n|-damage|p2a: Orthworm|234/266\n|\n|-heal|p2a: Orthworm|250/266|[from] item: Leftovers\n|upkeep\n|turn|4\n|\n|t:|1771263857\n|switch|p1a: Skeledirge|Skeledirge, L79, M|294/294\n|move|p2a: Orthworm|Stealth Rock|p1a: Skeledirge\n|-sidestart|p1: beanbaws|move: Stealth Rock\n|\n|-heal|p2a: Orthworm|266/266|[from] item: Leftovers\n|upkeep\n|turn|5\n|\n|t:|1771263869\n|switch|p2a: Armarouge|Armarouge, L80, F|267/267\n|move|p1a: Skeledirge|Torch Song|p2a: Armarouge\n|-resisted|p2a: Armarouge\n|-damage|p2a: Armarouge|220/267\n|-boost|p1a: Skeledirge|spa|1\n|\n|upkeep\n|turn|6\n|\n|t:|1771263877\n|move|p2a: Armarouge|Meteor Beam||[still]\n|-prepare|p2a: Armarouge|Meteor Beam\n|-boost|p2a: Armarouge|spa|1\n|move|p1a: Skeledirge|Hex|p2a: Armarouge\n|-supereffective|p2a: Armarouge\n|-damage|p2a: Armarouge|0 fnt\n|faint|p2a: Armarouge\n|\n|upkeep\n|\n|t:|1771263901\n|switch|p2a: Raging Bolt|Raging Bolt, L78|323/323\n|turn|7\n|\n|t:|1771263912\n|switch|p1a: Dachsbun|Dachsbun, L92, F|254/254\n|-damage|p1a: Dachsbun|223/254|[from] Stealth Rock\n|move|p2a: Raging Bolt|Discharge|p1a: Dachsbun\n|-damage|p1a: Dachsbun|118/254\n|\n|-heal|p1a: Dachsbun|133/254|[from] item: Leftovers\n|upkeep\n|turn|8\n|\n|t:|1771263922\n|-end|p2a: Raging Bolt|Protosynthesis|[silent]\n|switch|p2a: Orthworm|Orthworm, L88, F|266/266\n|move|p1a: Dachsbun|Wish|p1a: Dachsbun\n|\n|-heal|p1a: Dachsbun|148/254|[from] item: Leftovers\n|upkeep\n|turn|9\n|\n|t:|1771263927\n|move|p1a: Dachsbun|Protect|p1a: Dachsbun\n|-singleturn|p1a: Dachsbun|Protect\n|move|p2a: Orthworm|Spikes|p1a: Dachsbun\n|-sidestart|p1: beanbaws|Spikes\n|\n|-heal|p1a: Dachsbun|254/254|[from] move: Wish|[wisher] Dachsbun\n|upkeep\n|turn|10\n|\n|t:|1771263934\n|switch|p1a: Skeledirge|Skeledirge, L79, M|294/294\n|move|p2a: Orthworm|Spikes|p1a: Skeledirge\n|-sidestart|p1: beanbaws|Spikes\n|\n|upkeep\n|turn|11\n|\n|t:|1771263942\n|switch|p2a: Raging Bolt|Raging Bolt, L78|323/323\n|move|p1a: Skeledirge|Torch Song|p2a: Raging Bolt\n|-resisted|p2a: Raging Bolt\n|-damage|p2a: Raging Bolt|296/323\n|-boost|p1a: Skeledirge|spa|1\n|\n|upkeep\n|turn|12\n|\n|t:|1771263948\n|switch|p1a: Landorus|Landorus-Therian, L76, M|260/260\n|-damage|p1a: Landorus|228/260|[from] Stealth Rock\n|-ability|p1a: Landorus|Intimidate|boost\n|-unboost|p2a: Raging Bolt|atk|1\n|move|p2a: Raging Bolt|Discharge|p1a: Landorus\n|-immune|p1a: Landorus\n|\n|-heal|p1a: Landorus|244/260|[from] item: Leftovers\n|upkeep\n|turn|13\n|\n|t:|1771263960\n|-end|p2a: Raging Bolt|Protosynthesis|[silent]\n|switch|p2a: Delibird|Delibird, M|252/252\n|move|p1a: Landorus|Stealth Rock|p2a: Delibird\n|-sidestart|p2: wanglm|move: Stealth Rock\n|\n|-heal|p1a: Landorus|260/260|[from] item: Leftovers\n|upkeep\n|turn|14\n|\n|t:|1771263970\n|switch|p1a: Skeledirge|Skeledirge, L79, M|294/294\n|move|p2a: Delibird|Spikes|p1a: Skeledirge\n|-sidestart|p1: beanbaws|Spikes\n|\n|upkeep\n|turn|15\n|\n|t:|1771263980\n|switch|p2a: Raging Bolt|Raging Bolt, L78|296/323\n|-damage|p2a: Raging Bolt|256/323|[from] Stealth Rock\n|move|p1a: Skeledirge|Will-O-Wisp|p2a: Raging Bolt|[miss]\n|-miss|p1a: Skeledirge|p2a: Raging Bolt\n|\n|upkeep\n|turn|16\n|\n|t:|1771263987\n|switch|p1a: Dachsbun|Dachsbun, L92, F|254/254\n|-damage|p1a: Dachsbun|223/254|[from] Stealth Rock\n|-damage|p1a: Dachsbun|160/254|[from] Spikes\n|move|p2a: Raging Bolt|Draco Meteor|p1a: Dachsbun\n|-immune|p1a: Dachsbun\n|\n|-heal|p1a: Dachsbun|175/254|[from] item: Leftovers\n|upkeep\n|turn|17\n|\n|t:|1771264000\n|move|p1a: Dachsbun|Play Rough|p2a: Raging Bolt\n|-supereffective|p2a: Raging Bolt\n|-damage|p2a: Raging Bolt|38/323\n|-unboost|p2a: Raging Bolt|atk|1\n|move|p2a: Raging Bolt|Volt Switch|p1a: Dachsbun\n|-damage|p1a: Dachsbun|90/254\n|\n|t:|1771264008\n|-end|p2a: Raging Bolt|Protosynthesis|[silent]\n|switch|p2a: Delibird|Delibird, M|252/252|[from] Volt Switch\n|\n|-heal|p1a: Dachsbun|105/254|[from] item: Leftovers\n|upkeep\n|turn|18\n|\n|t:|1771264011\n|switch|p1a: Skeledirge|Skeledirge, L79, M|294/294\n|move|p2a: Delibird|Rapid Spin|p1a: Skeledirge\n|-immune|p1a: Skeledirge\n|\n|upkeep\n|turn|19\n|\n|t:|1771264017\n|-terastallize|p2a: Delibird|Ghost\n|move|p2a: Delibird|Brave Bird|p1a: Skeledirge\n|-damage|p1a: Skeledirge|183/294\n|-damage|p2a: Delibird|215/252|[from] Recoil\n|move|p1a: Skeledirge|Torch Song|p2a: Delibird\n|-damage|p2a: Delibird|101/252\n|-boost|p1a: Skeledirge|spa|1\n|\n|upkeep\n|turn|20\n|\n|t:|1771264027\n|move|p2a: Delibird|Brave Bird|p1a: Skeledirge\n|-damage|p1a: Skeledirge|59/294\n|-damage|p2a: Delibird|60/252|[from] Recoil\n|move|p1a: Skeledirge|Slack Off|p1a: Skeledirge\n|-heal|p1a: Skeledirge|206/294\n|\n|upkeep\n|turn|21\n|inactive|wanglm has 120 seconds left.\n|\n|t:|1771264058\n|switch|p2a: Mewtwo|Mewtwo, L72|272/272\n|-damage|p2a: Mewtwo|238/272|[from] Stealth Rock\n|-ability|p2a: Mewtwo|Pressure\n|move|p1a: Skeledirge|Slack Off|p1a: Skeledirge\n|-heal|p1a: Skeledirge|294/294\n|\n|upkeep\n|turn|22\n|inactive|wanglm has 120 seconds left.\n|\n|t:|1771264080\n|switch|p1a: Dachsbun|Dachsbun, L92, F|105/254\n|-damage|p1a: Dachsbun|74/254|[from] Stealth Rock\n|-damage|p1a: Dachsbun|11/254|[from] Spikes\n|move|p2a: Mewtwo|Nasty Plot|p2a: Mewtwo\n|-boost|p2a: Mewtwo|spa|2\n|\n|-heal|p1a: Dachsbun|26/254|[from] item: Leftovers\n|upkeep\n|turn|23\n|\n|t:|1771264094\n|move|p2a: Mewtwo|Psystrike|p1a: Dachsbun\n|-damage|p1a: Dachsbun|0 fnt\n|faint|p1a: Dachsbun\n|-damage|p2a: Mewtwo|211/272|[from] item: Life Orb\n|\n|upkeep\n|\n|t:|1771264096\n|switch|p1a: Krookodile|Krookodile, L80, F|283/283\n|-damage|p1a: Krookodile|266/283|[from] Stealth Rock\n|-damage|p1a: Krookodile|196/283|[from] Spikes\n|-ability|p1a: Krookodile|Intimidate|boost\n|-unboost|p2a: Mewtwo|atk|1\n|turn|24\n|\n|t:|1771264103\n|move|p1a: Krookodile|Knock Off|p2a: Mewtwo\n|-supereffective|p2a: Mewtwo\n|-damage|p2a: Mewtwo|0 fnt\n|-enditem|p2a: Mewtwo|Life Orb|[from] move: Knock Off|[of] p1a: Krookodile\n|faint|p2a: Mewtwo\n|\n|upkeep\n|\n|t:|1771264106\n|switch|p2a: Delibird|Delibird, M, tera:Ghost|60/252\n|turn|25\n|\n|t:|1771264108\n|move|p1a: Krookodile|Knock Off|p2a: Delibird\n|-supereffective|p2a: Delibird\n|-damage|p2a: Delibird|0 fnt\n|-enditem|p2a: Delibird|Heavy-Duty Boots|[from] move: Knock Off|[of] p1a: Krookodile\n|faint|p2a: Delibird\n|\n|upkeep\n|\n|t:|1771264112\n|switch|p2a: Flapple|Flapple, L88, M|266/266\n|-damage|p2a: Flapple|233/266|[from] Stealth Rock\n|turn|26\n|\n|t:|1771264116\n|move|p1a: Krookodile|Knock Off|p2a: Flapple\n|-damage|p2a: Flapple|113/266\n|-enditem|p2a: Flapple|Wide Lens|[from] move: Knock Off|[of] p1a: Krookodile\n|move|p2a: Flapple|Dragon Dance|p2a: Flapple\n|-boost|p2a: Flapple|atk|1\n|-boost|p2a: Flapple|spe|1\n|\n|upkeep\n|turn|27\n|\n|t:|1771264122\n|move|p1a: Krookodile|Knock Off|p2a: Flapple\n|-damage|p2a: Flapple|38/266\n|move|p2a: Flapple|Dragon Dance|p2a: Flapple\n|-boost|p2a: Flapple|atk|1\n|-boost|p2a: Flapple|spe|1\n|\n|upkeep\n|turn|28\n|\n|t:|1771264140\n|switch|p1a: Skeledirge|Skeledirge, L79, M|294/294\n|move|p2a: Flapple|Grav Apple|p1a: Skeledirge|[miss]\n|-miss|p2a: Flapple|p1a: Skeledirge\n|\n|upkeep\n|turn|29\n|\n|t:|1771264145\n|move|p2a: Flapple|Outrage|p1a: Skeledirge\n|-damage|p1a: Skeledirge|66/294\n|move|p1a: Skeledirge|Torch Song|p2a: Flapple\n|-damage|p2a: Flapple|0 fnt\n|-boost|p1a: Skeledirge|spa|1\n|faint|p2a: Flapple\n|\n|upkeep\n|\n|t:|1771264154\n|switch|p2a: Raging Bolt|Raging Bolt, L78|38/323\n|-damage|p2a: Raging Bolt|0 fnt|[from] Stealth Rock\n|faint|p2a: Raging Bolt\n|-end|p2a: Raging Bolt|Protosynthesis|[silent]\n|\n|t:|1771264157\n|switch|p2a: Orthworm|Orthworm, L88, F|266/266\n|-damage|p2a: Orthworm|250/266|[from] Stealth Rock\n|turn|30\n|c|☆beanbaws|GG\n|\n|t:|1771264165\n|move|p2a: Orthworm|Heavy Slam|p1a: Skeledirge\n|-resisted|p1a: Skeledirge\n|-damage|p1a: Skeledirge|44/294\n|move|p1a: Skeledirge|Torch Song|p2a: Orthworm\n|-supereffective|p2a: Orthworm\n|-damage|p2a: Orthworm|0 fnt\n|-boost|p1a: Skeledirge|spa|1\n|faint|p2a: Orthworm\n|\n|win|beanbaws\n|raw|beanbaws's rating: 1525 &rarr; <strong>1547</strong><br />(+22 for winning)\n|raw|wanglm's rating: 1557 &rarr; <strong>1535</strong><br />(-22 for losing)\n|l|☆wanglm\n|player|p2|\n", "inputlog": ">version 686819e5e19f8a7fd2345cfc5a08a5085efa2cc3\n>start {\"formatid\":\"gen9randombattle\",\"seed\":\"sodium,c4ee38bc50fe977293574545ff13913f\",\"rated\":\"Rated battle\"}\n>player p1 {\"name\":\"beanbaws\",\"avatar\":\"169\",\"rating\":1525,\"seed\":\"sodium,01dcd7e8c2ca329188decc79117980cb\"}\n>player p2 {\"name\":\"wanglm\",\"avatar\":\"steven\",\"rating\":1557,\"seed\":\"sodium,1c3af355ad4e6ea8052c335e7183b525\"}\n>p1 switch 6\n>p2 move armorcannon\n>p1 move yawn\n>p2 move meteorbeam\n>p1 move playrough\n>p2 switch 3\n>p1 switch 3\n>p2 move stealthrock\n>p1 move torchsong\n>p2 switch 3\n>p1 move hex\n>p2 move meteorbeam\n>p2 switch 2\n>p1 switch 3\n>p2 move discharge\n>p1 move wish\n>p2 switch 3\n>p1 move protect\n>p2 move spikes\n>p1 switch 3\n>p2 move spikes\n>p1 move torchsong\n>p2 switch 3\n>p1 switch 2\n>p2 move discharge\n>p1 move stealthrock\n>p2 switch 4\n>p1 switch 2\n>p2 move spikes\n>p1 move willowisp\n>p2 switch 4\n>p1 switch 3\n>p2 move dracometeor\n>p1 move playrough\n>p2 move voltswitch\n>p2 switch 4\n>p1 switch 3\n>p2 move rapidspin\n>p1 move torchsong\n>p2 move bravebird terastallize\n>p1 move slackoff\n>p2 move bravebird\n>p1 move slackoff\n>p2 switch 6\n>p1 switch 3\n>p2 move nastyplot\n>p1 move playrough\n>p2 move psystrike\n>p1 switch 5\n>p1 move knockoff\n>p2 move aurasphere\n>p2 switch 6\n>p1 move knockoff\n>p2 move rapidspin\n>p2 switch 5\n>p1 move knockoff\n>p2 move dragondance\n>p1 move knockoff\n>p2 move dragondance\n>p1 switch 3\n>p2 move gravapple\n>p1 move torchsong\n>p2 move outrage\n>p2 switch 4\n>p2 switch 3\n>chat ☆beanbaws|GG\n>p1 move torchsong\n>p2 move heavyslam", "uploadtime": 1771264177, "views": 3, "formatid": "gen9randombattle", "rating": 1535, "private": 0, "password": null}