{"id": "gen9randombattle-2540686818", "format": "[Gen 9] Random Battle", "players": ["Prayers of Victory", "abhay gupta"], "log": "|j|☆Prayers of Victory\n|j|☆abhay gupta\n|t:|1771240251\n|gametype|singles\n|player|p1|Prayers of Victory|265|1596\n|player|p2|abhay gupta|265|1592\n|gen|9\n|tier|[Gen 9] Random Battle\n|rated|\n|rule|Species Clause: Limit one of each Pokémon\n|rule|HP Percentage Mod: HP is shown in percentages\n|rule|Sleep Clause Mod: Limit one foe put to sleep\n|rule|Illusion Level Mod: Illusion disguises the Pokémon's true level\n|\n|t:|1771240251\n|teamsize|p1|6\n|teamsize|p2|6\n|start\n|switch|p1a: Shiftry|Shiftry, L89, M|305/305\n|switch|p2a: Inteleon|Inteleon, L81, M|246/246\n|turn|1\n|inactive|Battle timer is ON: inactive players will automatically lose when time's up. (requested by abhay gupta)\n|\n|t:|1771240265\n|move|p2a: Inteleon|U-turn|p1a: Shiftry\n|-supereffective|p1a: Shiftry\n|-damage|p1a: Shiftry|85/305\n|\n|t:|1771240270\n|switch|p2a: Muk|Muk, L86, M|321/321|[from] U-turn\n|move|p1a: Shiftry|Leaf Blade|p2a: Muk\n|-resisted|p2a: Muk\n|-damage|p2a: Muk|243/321\n|-damage|p1a: Shiftry|55/305|[from] item: Life Orb\n|\n|upkeep\n|turn|2\n|\n|t:|1771240276\n|move|p1a: Shiftry|Knock Off|p2a: Muk\n|-damage|p2a: Muk|90/321\n|-enditem|p2a: Muk|Choice Band|[from] move: Knock Off|[of] p1a: Shiftry\n|-damage|p1a: Shiftry|25/305|[from] item: Life Orb\n|move|p2a: Muk|Knock Off|p1a: Shiftry\n|-resisted|p1a: Shiftry\n|-damage|p1a: Shiftry|0 fnt\n|-enditem|p1a: Shiftry|Life Orb|[from] move: Knock Off|[of] p2a: Muk\n|faint|p1a: Shiftry\n|\n|upkeep\n|\n|t:|1771240285\n|switch|p1a: Whiscash|Whiscash, L88, M|337/337\n|turn|3\n|\n|t:|1771240289\n|move|p1a: Whiscash|Stealth Rock|p2a: Muk\n|-sidestart|p2: abhay gupta|move: Stealth Rock\n|move|p2a: Muk|Knock Off|p1a: Whiscash\n|-crit|p1a: Whiscash\n|-damage|p1a: Whiscash|211/337\n|-enditem|p1a: Whiscash|Leftovers|[from] move: Knock Off|[of] p2a: Muk\n|\n|upkeep\n|turn|4\n|\n|t:|1771240294\n|move|p2a: Muk|Shadow Sneak|p1a: Whiscash\n|-damage|p1a: Whiscash|173/337\n|-status|p1a: Whiscash|psn|[from] ability: Poison Touch|[of] p2a: Muk\n|move|p1a: Whiscash|Earthquake|p2a: Muk\n|-supereffective|p2a: Muk\n|-damage|p2a: Muk|0 fnt\n|faint|p2a: Muk\n|\n|-damage|p1a: Whiscash|131/337 psn|[from] psn\n|upkeep\n|\n|t:|1771240298\n|switch|p2a: Grimmsnarl|Grimmsnarl, L83, M|293/293\n|-damage|p2a: Grimmsnarl|257/293|[from] Stealth Rock\n|turn|5\n|\n|t:|1771240304\n|move|p2a: Grimmsnarl|Reflect|p2a: Grimmsnarl\n|-sidestart|p2: abhay gupta|Reflect\n|move|p1a: Whiscash|Hydro Pump|p2a: Grimmsnarl|[miss]\n|-miss|p1a: Whiscash|p2a: Grimmsnarl\n|\n|-damage|p1a: Whiscash|89/337 psn|[from] psn\n|upkeep\n|turn|6\n|\n|t:|1771240308\n|move|p2a: Grimmsnarl|Light Screen|p2a: Grimmsnarl\n|-sidestart|p2: abhay gupta|move: Light Screen\n|move|p1a: Whiscash|Ice Beam|p2a: Grimmsnarl\n|-damage|p2a: Grimmsnarl|223/293\n|\n|-damage|p1a: Whiscash|47/337 psn|[from] psn\n|upkeep\n|turn|7\n|\n|t:|1771240316\n|switch|p2a: Inteleon|Inteleon, L81, M|246/246\n|-damage|p2a: Inteleon|216/246|[from] Stealth Rock\n|move|p1a: Whiscash|Earthquake|p2a: Inteleon\n|-damage|p2a: Inteleon|153/246\n|\n|-damage|p1a: Whiscash|5/337 psn|[from] psn\n|upkeep\n|turn|8\n|\n|t:|1771240326\n|move|p2a: Inteleon|U-turn|p1a: Whiscash\n|-damage|p1a: Whiscash|0 fnt\n|faint|p1a: Whiscash\n|\n|t:|1771240329\n|switch|p2a: Grimmsnarl|Grimmsnarl, L83, M|223/293|[from] U-turn\n|-damage|p2a: Grimmsnarl|187/293|[from] Stealth Rock\n|\n|upkeep\n|\n|t:|1771240346\n|switch|p1a: Necrozma|Necrozma-Dusk-Mane, L69|248/248\n|turn|9\n|\n|t:|1771240352\n|move|p2a: Grimmsnarl|Thunder Wave|p1a: Necrozma\n|-status|p1a: Necrozma|par\n|move|p1a: Necrozma|Sunsteel Strike|p2a: Grimmsnarl\n|-supereffective|p2a: Grimmsnarl\n|-damage|p2a: Grimmsnarl|60/293\n|\n|upkeep\n|turn|10\n|\n|t:|1771240357\n|switch|p2a: Inteleon|Inteleon, L81, M|153/246\n|-damage|p2a: Inteleon|123/246|[from] Stealth Rock\n|cant|p1a: Necrozma|par\n|\n|upkeep\n|turn|11\n|\n|t:|1771240363\n|move|p2a: Inteleon|Hydro Pump|p1a: Necrozma\n|-damage|p1a: Necrozma|49/248 par\n|move|p1a: Necrozma|Dragon Dance|p1a: Necrozma\n|-boost|p1a: Necrozma|atk|1\n|-boost|p1a: Necrozma|spe|1\n|\n|upkeep\n|turn|12\n|\n|t:|1771240367\n|move|p2a: Inteleon|Hydro Pump|p1a: Necrozma\n|-damage|p1a: Necrozma|0 fnt\n|faint|p1a: Necrozma\n|\n|-sideend|p2: abhay gupta|Reflect\n|upkeep\n|\n|t:|1771240375\n|switch|p1a: Pawmot|Pawmot, L80, M|243/243\n|turn|13\n|\n|t:|1771240381\n|move|p2a: Inteleon|Hydro Pump|p1a: Pawmot\n|-damage|p1a: Pawmot|0 fnt\n|faint|p1a: Pawmot\n|\n|-sideend|p2: abhay gupta|move: Light Screen\n|upkeep\n|\n|t:|1771240384\n|switch|p1a: Floatzel|Floatzel, L86, M|286/286\n|turn|14\n|\n|t:|1771240392\n|switch|p2a: Amoonguss|Amoonguss, L82, F|321/321\n|-damage|p2a: Amoonguss|281/321|[from] Stealth Rock\n|move|p1a: Floatzel|Bulk Up|p1a: Floatzel\n|-boost|p1a: Floatzel|atk|1\n|-boost|p1a: Floatzel|def|1\n|\n|upkeep\n|turn|15\n|\n|t:|1771240400\n|-terastallize|p1a: Floatzel|Steel\n|move|p1a: Floatzel|Taunt|p2a: Amoonguss\n|-start|p2a: Amoonguss|move: Taunt\n|cant|p2a: Amoonguss|move: Taunt|Spore\n|\n|upkeep\n|turn|16\n|\n|t:|1771240407\n|switch|p2a: Inteleon|Inteleon, L81, M|123/246\n|-damage|p2a: Inteleon|93/246|[from] Stealth Rock\n|move|p1a: Floatzel|Bulk Up|p1a: Floatzel\n|-boost|p1a: Floatzel|atk|1\n|-boost|p1a: Floatzel|def|1\n|\n|upkeep\n|turn|17\n|\n|t:|1771240410\n|move|p1a: Floatzel|Ice Spinner|p2a: Inteleon\n|-resisted|p2a: Inteleon\n|-damage|p2a: Inteleon|10/246\n|move|p2a: Inteleon|Hydro Pump|p1a: Floatzel\n|-damage|p1a: Floatzel|0 fnt\n|faint|p1a: Floatzel\n|\n|upkeep\n|\n|t:|1771240416\n|switch|p1a: Rampardos|Rampardos, L90, M|321/321\n|turn|18\n|-message|Prayers of Victory forfeited.\n|\n|win|abhay gupta\n|raw|Prayers of Victory's rating: 1596 &rarr; <strong>1576</strong><br />(-20 for losing)\n|raw|abhay gupta's rating: 1592 &rarr; <strong>1612</strong><br />(+20 for winning)\n|l|☆Prayers of Victory\n|player|p1|\n|c|☆abhay gupta|5 for 5\n", "inputlog": ">version 686819e5e19f8a7fd2345cfc5a08a5085efa2cc3\n>start {\"formatid\":\"gen9randombattle\",\"seed\":\"sodium,d562fa1e22ff577e9c34298301233c50\",\"rated\":\"Rated battle\"}\n>player p1 {\"name\":\"Prayers of Victory\",\"avatar\":\"265\",\"rating\":1596,\"seed\":\"sodium,f5e8a7edcc12bf412caff9d52b100ea4\"}\n>player p2 {\"name\":\"abhay gupta\",\"avatar\":\"265\",\"rating\":1592,\"seed\":\"sodium,240f8bd5ab7be879acee67a0597fb65b\"}\n>p1 move leafblade\n>p2 move uturn\n>p2 switch 2\n>p1 move knockoff\n>p2 move knockoff\n>p1 switch 6\n>p1 move stealthrock\n>p2 move knockoff\n>p1 move earthquake\n>p2 move shadowsneak\n>p2 switch 4\n>p1 move hydropump\n>p2 move reflect\n>p1 move icebeam\n>p2 move lightscreen\n>p1 move earthquake\n>p2 switch 2\n>p1 move earthquake\n>p2 move uturn\n>p2 switch 2\n>p1 switch 4\n>p1 move sunsteelstrike\n>p2 move thunderwave\n>p1 move dragondance\n>p2 switch 2\n>p1 move dragondance\n>p2 move hydropump\n>p1 move photongeyser\n>p2 move hydropump\n>p1 switch 2\n>p1 move nuzzle\n>p2 move hydropump\n>p1 switch 3\n>p1 move bulkup\n>p2 switch 6\n>p1 move taunt terastallize\n>p2 move spore\n>p1 move bulkup\n>p2 switch 6\n>p1 move icespinner\n>p2 move hydropump\n>p1 switch 5\n>forcelose p1", "uploadtime": 1771240427, "views": 10, "formatid": "gen9randombattle", "rating": 1576, "private": 0, "password": null}