{"id": "gen9randombattle-2540416382", "format": "[Gen 9] Random Battle", "players": ["The Duke of Luke", "Dmacriz"], "log": "|j|☆The Duke of Luke\n|j|☆Dmacriz\n|t:|1771199361\n|gametype|singles\n|player|p1|The Duke of Luke|hiker|1668\n|player|p2|Dmacriz|cyrus|1679\n|gen|9\n|tier|[Gen 9] Random Battle\n|rated|\n|rule|Species Clause: Limit one of each Pokémon\n|rule|HP Percentage Mod: HP is shown in percentages\n|rule|Sleep Clause Mod: Limit one foe put to sleep\n|rule|Illusion Level Mod: Illusion disguises the Pokémon's true level\n|\n|t:|1771199361\n|teamsize|p1|6\n|teamsize|p2|6\n|start\n|switch|p1a: Arbok|Arbok, L87, M|246/246\n|switch|p2a: Diancie|Diancie, L82|216/216\n|-ability|p1a: Arbok|Intimidate|boost\n|-fail|p2a: Diancie|unboost|[from] ability: Clear Body|[of] p2a: Diancie\n|turn|1\n|inactive|Battle timer is ON: inactive players will automatically lose when time's up. (requested by The Duke of Luke)\n|inactive|The Duke of Luke has 120 seconds left.\n|\n|t:|1771199392\n|move|p1a: Arbok|Glare|p2a: Diancie\n|-status|p2a: Diancie|par\n|move|p2a: Diancie|Earth Power|p1a: Arbok\n|-supereffective|p1a: Arbok\n|-damage|p1a: Arbok|114/246\n|\n|upkeep\n|turn|2\n|\n|t:|1771199403\n|move|p1a: Arbok|Toxic Spikes|p2a: Diancie\n|-sidestart|p2: Dmacriz|move: Toxic Spikes\n|move|p2a: Diancie|Diamond Storm|p1a: Arbok\n|-damage|p1a: Arbok|3/246\n|\n|upkeep\n|turn|3\n|inactive|The Duke of Luke has 120 seconds left.\n|\n|t:|1771199435\n|switch|p2a: Espeon|Espeon, L84, M|246/246\n|-status|p2a: Espeon|psn\n|move|p1a: Arbok|Toxic Spikes|p2a: Espeon\n|move|p2a: Espeon|Toxic Spikes|p1a: Arbok|[from] ability: Magic Bounce\n|-sidestart|p1: The Duke of Luke|move: Toxic Spikes\n|\n|-damage|p2a: Espeon|216/246 psn|[from] psn\n|upkeep\n|turn|4\n|inactive|The Duke of Luke has 120 seconds left.\n|\n|t:|1771199447\n|switch|p1a: Dugtrio|Dugtrio, L84, F|196/196\n|-status|p1a: Dugtrio|psn\n|move|p2a: Espeon|Calm Mind|p2a: Espeon\n|-boost|p2a: Espeon|spa|1\n|-boost|p2a: Espeon|spd|1\n|\n|-damage|p1a: Dugtrio|172/196 psn|[from] psn\n|-damage|p2a: Espeon|186/246 psn|[from] psn\n|upkeep\n|turn|5\n|\n|t:|1771199457\n|move|p1a: Dugtrio|Earthquake|p2a: Espeon\n|-damage|p2a: Espeon|13/246 psn\n|-damage|p1a: Dugtrio|153/196 psn|[from] item: Life Orb\n|move|p2a: Espeon|Psyshock|p1a: Dugtrio\n|-damage|p1a: Dugtrio|0 fnt\n|faint|p1a: Dugtrio\n|-damage|p2a: Espeon|0 fnt|[from] item: Life Orb\n|faint|p2a: Espeon\n|\n|upkeep\n|inactive|The Duke of Luke has 120 seconds left.\n|\n|t:|1771199474\n|switch|p1a: Arbok|Arbok, L87, M|3/246\n|switch|p2a: Illumise|Illumise, L91, F|266/266\n|-sideend|p1: The Duke of Luke|move: Toxic Spikes|[of] p1a: Arbok\n|-ability|p1a: Arbok|Intimidate|boost\n|-unboost|p2a: Illumise|atk|1\n|turn|6\n|inactive|The Duke of Luke has 120 seconds left.\n|\n|t:|1771199494\n|switch|p1a: Sinistcha|Sinistcha, L83|254/254\n|move|p2a: Illumise|Bug Buzz|p1a: Sinistcha\n|-damage|p1a: Sinistcha|163/254\n|\n|-heal|p1a: Sinistcha|178/254|[from] item: Leftovers\n|upkeep\n|turn|7\n|\n|t:|1771199503\n|move|p2a: Illumise|Thunder Wave|p1a: Sinistcha\n|-status|p1a: Sinistcha|par\n|cant|p1a: Sinistcha|par\n|\n|-heal|p1a: Sinistcha|193/254 par|[from] item: Leftovers\n|upkeep\n|turn|8\n|\n|t:|1771199512\n|move|p2a: Illumise|Bug Buzz|p1a: Sinistcha\n|-damage|p1a: Sinistcha|96/254 par\n|move|p1a: Sinistcha|Shadow Ball|p2a: Illumise\n|-damage|p2a: Illumise|173/266\n|\n|-heal|p1a: Sinistcha|111/254 par|[from] item: Leftovers\n|upkeep\n|turn|9\n|\n|t:|1771199521\n|move|p2a: Illumise|Bug Buzz|p1a: Sinistcha\n|-damage|p1a: Sinistcha|15/254 par\n|move|p1a: Sinistcha|Shadow Ball|p2a: Illumise\n|-damage|p2a: Illumise|74/266\n|\n|-heal|p1a: Sinistcha|30/254 par|[from] item: Leftovers\n|upkeep\n|turn|10\n|\n|t:|1771199551\n|move|p2a: Illumise|Roost|p2a: Illumise\n|-heal|p2a: Illumise|207/266\n|-singleturn|p2a: Illumise|move: Roost\n|move|p1a: Sinistcha|Shadow Ball|p2a: Illumise\n|-damage|p2a: Illumise|105/266\n|-unboost|p2a: Illumise|spd|1\n|\n|-heal|p1a: Sinistcha|45/254 par|[from] item: Leftovers\n|upkeep\n|turn|11\n|\n|t:|1771199561\n|move|p2a: Illumise|Bug Buzz|p1a: Sinistcha\n|-damage|p1a: Sinistcha|0 fnt\n|faint|p1a: Sinistcha\n|\n|upkeep\n|\n|t:|1771199575\n|switch|p1a: Grumpig|Grumpig, L92, F|297/297\n|turn|12\n|\n|t:|1771199582\n|switch|p2a: Meowscarada|Meowscarada, L78, F|247/247\n|move|p1a: Grumpig|Psychic|p2a: Meowscarada\n|-immune|p2a: Meowscarada\n|\n|upkeep\n|turn|13\n|\n|t:|1771199605\n|move|p2a: Meowscarada|Toxic Spikes|p1a: Grumpig\n|-start|p2a: Meowscarada|typechange|Poison|[from] ability: Protean\n|-sidestart|p1: The Duke of Luke|move: Toxic Spikes\n|move|p1a: Grumpig|Focus Blast|p2a: Meowscarada\n|-resisted|p2a: Meowscarada\n|-damage|p2a: Meowscarada|191/247\n|\n|upkeep\n|turn|14\n|\n|t:|1771199615\n|move|p2a: Meowscarada|Knock Off|p1a: Grumpig\n|-supereffective|p1a: Grumpig\n|-damage|p1a: Grumpig|141/297\n|-enditem|p1a: Grumpig|Leftovers|[from] move: Knock Off|[of] p2a: Meowscarada\n|move|p1a: Grumpig|Psychic|p2a: Meowscarada\n|-supereffective|p2a: Meowscarada\n|-damage|p2a: Meowscarada|0 fnt\n|faint|p2a: Meowscarada\n|\n|upkeep\n|\n|t:|1771199630\n|switch|p2a: Illumise|Illumise, L91, F|105/266\n|turn|15\n|l|☆Dmacriz\n|inactive|Dmacriz disconnected and has a minute to reconnect!\n|player|p2|\n|\n|t:|1771199654\n|move|p2a: Illumise|Bug Buzz|p1a: Grumpig\n|-supereffective|p1a: Grumpig\n|-crit|p1a: Grumpig\n|-damage|p1a: Grumpig|0 fnt\n|faint|p1a: Grumpig\n|\n|upkeep\n|\n|t:|1771199657\n|switch|p1a: Arbok|Arbok, L87, M|3/246\n|-sideend|p1: The Duke of Luke|move: Toxic Spikes|[of] p1a: Arbok\n|-ability|p1a: Arbok|Intimidate|boost\n|-unboost|p2a: Illumise|atk|1\n|turn|16\n|j|☆Dmacriz\n|inactive|Dmacriz reconnected and has 130 seconds left.\n|player|p2|Dmacriz|cyrus|\n|\n|t:|1771199686\n|move|p2a: Illumise|Bug Buzz|p1a: Arbok\n|-resisted|p1a: Arbok\n|-damage|p1a: Arbok|0 fnt\n|faint|p1a: Arbok\n|\n|upkeep\n|\n|t:|1771199708\n|switch|p1a: Tauros|Tauros-Paldea-Combat, L82, M|257/257\n|-ability|p1a: Tauros|Intimidate|boost\n|-unboost|p2a: Illumise|atk|1\n|turn|17\n|\n|t:|1771199713\n|move|p2a: Illumise|Thunder Wave|p1a: Tauros\n|-status|p1a: Tauros|par\n|cant|p1a: Tauros|par\n|\n|upkeep\n|turn|18\n|\n|t:|1771199733\n|move|p2a: Illumise|Bug Buzz|p1a: Tauros\n|-resisted|p1a: Tauros\n|-damage|p1a: Tauros|205/257 par\n|move|p1a: Tauros|Iron Head|p2a: Illumise\n|-damage|p2a: Illumise|24/266\n|-damage|p1a: Tauros|180/257 par|[from] item: Life Orb\n|\n|upkeep\n|turn|19\n|\n|t:|1771199742\n|move|p2a: Illumise|Roost|p2a: Illumise\n|-heal|p2a: Illumise|157/266\n|-singleturn|p2a: Illumise|move: Roost\n|cant|p1a: Tauros|par\n|\n|upkeep\n|turn|20\n|\n|t:|1771199749\n|move|p2a: Illumise|Bug Buzz|p1a: Tauros\n|-resisted|p1a: Tauros\n|-damage|p1a: Tauros|128/257 par\n|move|p1a: Tauros|Iron Head|p2a: Illumise\n|-damage|p2a: Illumise|74/266\n|-damage|p1a: Tauros|103/257 par|[from] item: Life Orb\n|\n|upkeep\n|turn|21\n|\n|t:|1771199756\n|move|p2a: Illumise|Roost|p2a: Illumise\n|-heal|p2a: Illumise|207/266\n|-singleturn|p2a: Illumise|move: Roost\n|move|p1a: Tauros|Iron Head|p2a: Illumise\n|-damage|p2a: Illumise|128/266\n|-damage|p1a: Tauros|78/257 par|[from] item: Life Orb\n|\n|upkeep\n|turn|22\n|\n|t:|1771199764\n|move|p2a: Illumise|Roost|p2a: Illumise\n|-heal|p2a: Illumise|261/266\n|-singleturn|p2a: Illumise|move: Roost\n|cant|p1a: Tauros|par\n|\n|upkeep\n|turn|23\n|\n|t:|1771199786\n|move|p2a: Illumise|Bug Buzz|p1a: Tauros\n|-resisted|p1a: Tauros\n|-damage|p1a: Tauros|27/257 par\n|move|p1a: Tauros|Iron Head|p2a: Illumise\n|-damage|p2a: Illumise|182/266\n|-damage|p1a: Tauros|2/257 par|[from] item: Life Orb\n|\n|upkeep\n|turn|24\n|\n|t:|1771199794\n|move|p2a: Illumise|Bug Buzz|p1a: Tauros\n|-resisted|p1a: Tauros\n|-damage|p1a: Tauros|0 fnt\n|faint|p1a: Tauros\n|\n|upkeep\n|\n|t:|1771199801\n|switch|p1a: Maushold|Maushold-Four, L76|238/238\n|turn|25\n|\n|t:|1771199805\n|move|p2a: Illumise|Thunder Wave|p1a: Maushold\n|-status|p1a: Maushold|par\n|move|p1a: Maushold|Population Bomb|p2a: Illumise\n|-crit|p2a: Illumise\n|-damage|p2a: Illumise|143/266\n|-damage|p2a: Illumise|118/266\n|-damage|p2a: Illumise|96/266\n|-damage|p2a: Illumise|72/266\n|-damage|p2a: Illumise|47/266\n|-damage|p2a: Illumise|23/266\n|-damage|p2a: Illumise|0 fnt\n|faint|p2a: Illumise\n|-hitcount|p2: Illumise|7\n|\n|upkeep\n|\n|t:|1771199822\n|switch|p2a: Sceptile|Sceptile, L87, M|264/264\n|-status|p2a: Sceptile|psn\n|turn|26\n|\n|t:|1771199838\n|move|p2a: Sceptile|Leech Seed|p1a: Maushold\n|-start|p1a: Maushold|move: Leech Seed\n|move|p1a: Maushold|Population Bomb|p2a: Sceptile\n|-damage|p2a: Sceptile|236/264 psn\n|-damage|p2a: Sceptile|206/264 psn\n|-damage|p2a: Sceptile|181/264 psn\n|-damage|p2a: Sceptile|156/264 psn\n|-damage|p2a: Sceptile|129/264 psn\n|-damage|p2a: Sceptile|102/264 psn\n|-damage|p2a: Sceptile|74/264 psn\n|-damage|p2a: Sceptile|46/264 psn\n|-crit|p2a: Sceptile\n|-damage|p2a: Sceptile|4/264 psn\n|-damage|p2a: Sceptile|0 fnt\n|faint|p2a: Sceptile\n|-hitcount|p2: Sceptile|10\n|\n|upkeep\n|\n|t:|1771199859\n|switch|p2a: Diancie|Diancie, L82|216/216 par\n|turn|27\n|\n|t:|1771199876\n|move|p1a: Maushold|Tidy Up|p1a: Maushold\n|-sideend|p2: Dmacriz|Toxic Spikes\n|-activate|p1a: Maushold|move: Tidy Up\n|-boost|p1a: Maushold|atk|1\n|-boost|p1a: Maushold|spe|1\n|move|p2a: Diancie|Diamond Storm|p1a: Maushold\n|-damage|p1a: Maushold|105/238 par\n|-boost|p2a: Diancie|def|2\n|\n|-damage|p1a: Maushold|76/238 par|[from] Leech Seed|[of] p2a: Diancie\n|upkeep\n|turn|28\n|-message|The Duke of Luke forfeited.\n|\n|win|Dmacriz\n|raw|The Duke of Luke's rating: 1687 &rarr; <strong>1667</strong><br />(-20 for losing)\n|raw|Dmacriz's rating: 1679 &rarr; <strong>1699</strong><br />(+20 for winning)\n|l|☆The Duke of Luke\n|player|p1|\n", "inputlog": ">version 686819e5e19f8a7fd2345cfc5a08a5085efa2cc3\n>start {\"formatid\":\"gen9randombattle\",\"seed\":\"sodium,765f6d07102fa7a99f34eee5997423c1\",\"rated\":\"Rated battle\"}\n>player p1 {\"name\":\"The Duke of Luke\",\"avatar\":\"hiker\",\"rating\":1668,\"seed\":\"sodium,fecd87645a2be7c52987d1498527d21e\"}\n>player p2 {\"name\":\"Dmacriz\",\"avatar\":\"cyrus\",\"rating\":1679,\"seed\":\"sodium,fd18f97d35f843d263baf7be0c5bc2c4\"}\n>p1 move glare\n>p2 move earthpower\n>p1 move toxicspikes\n>p2 move diamondstorm\n>p1 move toxicspikes\n>p2 switch 3\n>p1 switch 2\n>p2 move calmmind\n>p1 move earthquake\n>p2 move psyshock\n>p1 switch 2\n>p2 switch 4\n>p1 switch 3\n>p2 move bugbuzz\n>p1 move shadowball\n>p2 move thunderwave\n>p1 move shadowball\n>p2 move bugbuzz\n>p1 move shadowball\n>p2 move bugbuzz\n>p1 move shadowball\n>p2 move roost\n>p1 move shadowball\n>p2 move bugbuzz\n>p1 switch 5\n>p1 move psychic\n>p2 switch 6\n>p1 move focusblast\n>p2 move toxicspikes\n>p1 move psychic\n>p2 move knockoff\n>p2 switch 6\n>p1 move psychic\n>p2 move bugbuzz\n>p1 switch 3\n>p1 move toxicspikes\n>p2 move bugbuzz\n>p1 switch 6\n>p1 move ironhead\n>p2 move thunderwave\n>p1 move ironhead\n>p2 move bugbuzz\n>p1 move ironhead\n>p2 move roost\n>p1 move ironhead\n>p2 move bugbuzz\n>p1 move ironhead\n>p2 move roost\n>p1 move ironhead\n>p2 move roost\n>p1 move ironhead\n>p2 move bugbuzz\n>p1 move ironhead\n>p2 move bugbuzz\n>p1 switch 4\n>p1 move populationbomb\n>p2 move thunderwave\n>p2 switch 5\n>p1 move populationbomb\n>p2 move leechseed\n>p2 switch 3\n>p1 move tidyup\n>p2 move diamondstorm\n>forcelose p1", "uploadtime": 1771199884, "views": 14, "formatid": "gen9randombattle", "rating": 1667, "private": 0, "password": null}