{"id": "gen9randombattle-2540553457", "format": "[Gen 9] Random Battle", "players": ["toxichica", "Sanskiller55"], "log": "|j|☆toxichica\n|j|☆Sanskiller55\n|t:|1771217072\n|gametype|singles\n|player|p1|toxichica|ariana|1578\n|player|p2|Sanskiller55|acerola-masters|1597\n|gen|9\n|tier|[Gen 9] Random Battle\n|rated|\n|rule|Species Clause: Limit one of each Pokémon\n|rule|HP Percentage Mod: HP is shown in percentages\n|rule|Sleep Clause Mod: Limit one foe put to sleep\n|rule|Illusion Level Mod: Illusion disguises the Pokémon's true level\n|\n|t:|1771217072\n|teamsize|p1|6\n|teamsize|p2|6\n|start\n|switch|p1a: Gengar|Gengar, L81, M|230/230\n|switch|p2a: Avalugg|Avalugg, L88, M|310/310\n|turn|1\n|inactive|Battle timer is ON: inactive players will automatically lose when time's up. (requested by Sanskiller55)\n|\n|t:|1771217079\n|switch|p1a: Carbink|Carbink, L90|236/236\n|move|p2a: Avalugg|Avalanche|p1a: Carbink\n|-damage|p1a: Carbink|181/236\n|\n|-heal|p1a: Carbink|195/236|[from] item: Leftovers\n|upkeep\n|turn|2\n|\n|t:|1771217086\n|switch|p2a: Venusaur|Venusaur, L84, F|272/272\n|move|p1a: Carbink|Rock Polish|p1a: Carbink\n|-boost|p1a: Carbink|spe|2\n|\n|-heal|p1a: Carbink|209/236|[from] item: Leftovers\n|upkeep\n|turn|3\n|\n|t:|1771217095\n|-terastallize|p1a: Carbink|Fighting\n|move|p1a: Carbink|Iron Defense|p1a: Carbink\n|-boost|p1a: Carbink|def|2\n|move|p2a: Venusaur|Toxic|p1a: Carbink\n|-status|p1a: Carbink|tox\n|\n|-heal|p1a: Carbink|223/236 tox|[from] item: Leftovers\n|-damage|p1a: Carbink|209/236 tox|[from] psn\n|upkeep\n|turn|4\n|\n|t:|1771217100\n|move|p1a: Carbink|Body Press|p2a: Venusaur\n|-resisted|p2a: Venusaur\n|-damage|p2a: Venusaur|122/272\n|move|p2a: Venusaur|Sludge Bomb|p1a: Carbink\n|-damage|p1a: Carbink|145/236 tox\n|\n|-heal|p1a: Carbink|159/236 tox|[from] item: Leftovers\n|-heal|p2a: Venusaur|139/272|[from] item: Leftovers\n|-damage|p1a: Carbink|131/236 tox|[from] psn\n|upkeep\n|turn|5\n|\n|t:|1771217103\n|move|p1a: Carbink|Body Press|p2a: Venusaur\n|-resisted|p2a: Venusaur\n|-damage|p2a: Venusaur|0 fnt\n|faint|p2a: Venusaur\n|\n|-heal|p1a: Carbink|145/236 tox|[from] item: Leftovers\n|-damage|p1a: Carbink|103/236 tox|[from] psn\n|upkeep\n|\n|t:|1771217109\n|switch|p2a: Regieleki|Regieleki, L79|256/256\n|turn|6\n|\n|t:|1771217111\n|move|p2a: Regieleki|Volt Switch|p1a: Carbink\n|-damage|p1a: Carbink|34/236 tox\n|\n|t:|1771217116\n|switch|p2a: Avalugg|Avalugg, L88, M|310/310|[from] Volt Switch\n|move|p1a: Carbink|Body Press|p2a: Avalugg\n|-supereffective|p2a: Avalugg\n|-damage|p2a: Avalugg|26/310\n|\n|-heal|p1a: Carbink|48/236 tox|[from] item: Leftovers\n|-damage|p1a: Carbink|0 fnt|[from] psn\n|faint|p1a: Carbink\n|upkeep\n|\n|t:|1771217121\n|switch|p1a: Gengar|Gengar, L81, M|230/230\n|turn|7\n|\n|t:|1771217124\n|move|p1a: Gengar|Shadow Ball|p2a: Avalugg\n|-damage|p2a: Avalugg|0 fnt\n|faint|p2a: Avalugg\n|\n|upkeep\n|\n|t:|1771217129\n|switch|p2a: Falinks|Falinks, L84|246/246\n|turn|8\n|\n|t:|1771217144\n|switch|p1a: Virizion|Virizion, L82|283/283\n|move|p2a: Falinks|No Retreat|p2a: Falinks\n|-boost|p2a: Falinks|atk|1\n|-boost|p2a: Falinks|def|1\n|-boost|p2a: Falinks|spa|1\n|-boost|p2a: Falinks|spd|1\n|-boost|p2a: Falinks|spe|1\n|-start|p2a: Falinks|move: No Retreat\n|\n|upkeep\n|turn|9\n|\n|t:|1771217150\n|move|p2a: Falinks|Close Combat|p1a: Virizion\n|-damage|p1a: Virizion|0 fnt\n|-unboost|p2a: Falinks|def|1\n|-unboost|p2a: Falinks|spd|1\n|faint|p1a: Virizion\n|-damage|p2a: Falinks|222/246|[from] item: Life Orb\n|\n|upkeep\n|\n|t:|1771217153\n|switch|p1a: Gengar|Gengar, L81, M|230/230\n|turn|10\n|\n|t:|1771217157\n|move|p2a: Falinks|Knock Off|p1a: Gengar\n|-supereffective|p1a: Gengar\n|-damage|p1a: Gengar|0 fnt\n|-enditem|p1a: Gengar|Choice Specs|[from] move: Knock Off|[of] p2a: Falinks\n|faint|p1a: Gengar\n|-damage|p2a: Falinks|198/246|[from] item: Life Orb\n|\n|upkeep\n|\n|t:|1771217161\n|switch|p1a: Clawitzer|Clawitzer, L87, M|265/265\n|turn|11\n|\n|t:|1771217164\n|move|p2a: Falinks|Knock Off|p1a: Clawitzer\n|-damage|p1a: Clawitzer|140/265\n|-enditem|p1a: Clawitzer|Choice Specs|[from] move: Knock Off|[of] p2a: Falinks\n|-damage|p2a: Falinks|174/246|[from] item: Life Orb\n|move|p1a: Clawitzer|Water Pulse|p2a: Falinks\n|-damage|p2a: Falinks|15/246\n|\n|upkeep\n|turn|12\n|\n|t:|1771217166\n|move|p2a: Falinks|Close Combat|p1a: Clawitzer\n|-damage|p1a: Clawitzer|0 fnt\n|-unboost|p2a: Falinks|def|1\n|-unboost|p2a: Falinks|spd|1\n|faint|p1a: Clawitzer\n|-damage|p2a: Falinks|0 fnt|[from] item: Life Orb\n|faint|p2a: Falinks\n|\n|upkeep\n|\n|t:|1771217171\n|switch|p2a: Regieleki|Regieleki, L79|256/256\n|switch|p1a: Gothitelle|Gothitelle, L90, M|272/272\n|turn|13\n|\n|t:|1771217174\n|move|p2a: Regieleki|Volt Switch|p1a: Gothitelle\n|-damage|p1a: Gothitelle|188/272\n|\n|t:|1771217175\n|switch|p2a: Braviary|Braviary-Hisui, L85, M|326/326|[from] Volt Switch\n|move|p1a: Gothitelle|Psychic|p2a: Braviary\n|-resisted|p2a: Braviary\n|-damage|p2a: Braviary|261/326\n|\n|upkeep\n|turn|14\n|\n|t:|1771217181\n|switch|p1a: Lucario|Lucario, L84, M|255/255\n|move|p2a: Braviary|Hurricane|p1a: Lucario\n|-damage|p1a: Lucario|0 fnt\n|faint|p1a: Lucario\n|\n|upkeep\n|\n|t:|1771217183\n|switch|p1a: Gothitelle|Gothitelle, L90, M|188/272\n|turn|15\n|\n|t:|1771217185\n|move|p1a: Gothitelle|Focus Blast|p2a: Braviary\n|-resisted|p2a: Braviary\n|-crit|p2a: Braviary\n|-damage|p2a: Braviary|217/326\n|move|p2a: Braviary|Hurricane|p1a: Gothitelle\n|-damage|p1a: Gothitelle|16/272\n|\n|upkeep\n|turn|16\n|\n|t:|1771217188\n|move|p1a: Gothitelle|Focus Blast|p2a: Braviary\n|-resisted|p2a: Braviary\n|-damage|p2a: Braviary|187/326\n|move|p2a: Braviary|Psychic|p1a: Gothitelle\n|-resisted|p1a: Gothitelle\n|-damage|p1a: Gothitelle|0 fnt\n|faint|p1a: Gothitelle\n|\n|win|Sanskiller55\n|raw|toxichica's rating: 1578 &rarr; <strong>1559</strong><br />(-19 for losing)\n|raw|Sanskiller55's rating: 1597 &rarr; <strong>1616</strong><br />(+19 for winning)\n", "inputlog": ">version 686819e5e19f8a7fd2345cfc5a08a5085efa2cc3\n>start {\"formatid\":\"gen9randombattle\",\"seed\":\"sodium,b771edcf44bfebebec26bc0d98540b22\",\"rated\":\"Rated battle\"}\n>player p1 {\"name\":\"toxichica\",\"avatar\":\"ariana\",\"rating\":1578,\"seed\":\"sodium,ea92fd98367dc5433415b8a78e0a68f4\"}\n>player p2 {\"name\":\"Sanskiller55\",\"avatar\":\"acerola-masters\",\"rating\":1597,\"seed\":\"sodium,3cf0cce99496286b6b7f50cb92f8d8e2\"}\n>p1 switch 5\n>p2 move avalanche\n>p1 move rockpolish\n>p2 switch 6\n>p1 move irondefense terastallize\n>p2 move toxic\n>p1 move bodypress\n>p2 move sludgebomb\n>p1 move bodypress\n>p2 move synthesis\n>p2 switch 5\n>p1 move bodypress\n>p2 move voltswitch\n>p2 switch 6\n>p1 switch 5\n>p1 move shadowball\n>p2 move avalanche\n>p2 switch 3\n>p1 switch 4\n>p2 move noretreat\n>p1 move leafblade\n>p2 move closecombat\n>p1 switch 4\n>p1 move shadowball\n>p2 move knockoff\n>p1 switch 2\n>p1 move waterpulse\n>p2 move knockoff\n>p1 move waterpulse\n>p2 move closecombat\n>p1 switch 6\n>p2 switch 6\n>p1 move psychic\n>p2 move voltswitch\n>p2 switch 2\n>p1 switch 3\n>p2 move hurricane\n>p1 switch 3\n>p1 move focusblast\n>p2 move hurricane\n>p1 move focusblast\n>p2 move psychic", "uploadtime": 1771217190, "views": 22, "formatid": "gen9randombattle", "rating": 1559, "private": 0, "password": null}