{"id": "gen9randombattle-2540468031", "format": "[Gen 9] Random Battle", "players": ["idontcare189", "Punger"], "log": "|j|☆idontcare189\n|j|☆Punger\n|t:|1771205739\n|gametype|singles\n|player|p1|idontcare189|102|1518\n|player|p2|Punger|ruinmaniac|1530\n|gen|9\n|tier|[Gen 9] Random Battle\n|rated|\n|rule|Species Clause: Limit one of each Pokémon\n|rule|HP Percentage Mod: HP is shown in percentages\n|rule|Sleep Clause Mod: Limit one foe put to sleep\n|rule|Illusion Level Mod: Illusion disguises the Pokémon's true level\n|\n|t:|1771205739\n|teamsize|p1|6\n|teamsize|p2|6\n|start\n|switch|p1a: Flygon|Flygon, L82, F|265/265\n|switch|p2a: Sudowoodo|Sudowoodo, L94, M|284/284\n|turn|1\n|inactive|Battle timer is ON: inactive players will automatically lose when time's up. (requested by Punger)\n|\n|t:|1771205754\n|-terastallize|p2a: Sudowoodo|Grass\n|move|p1a: Flygon|Dragon Dance|p1a: Flygon\n|-boost|p1a: Flygon|atk|1\n|-boost|p1a: Flygon|spe|1\n|move|p2a: Sudowoodo|Stealth Rock|p1a: Flygon\n|-sidestart|p1: idontcare189|move: Stealth Rock\n|\n|upkeep\n|turn|2\n|\n|t:|1771205759\n|move|p1a: Flygon|Outrage|p2a: Sudowoodo\n|-damage|p2a: Sudowoodo|161/284\n|move|p2a: Sudowoodo|Wood Hammer|p1a: Flygon\n|-damage|p1a: Flygon|87/265\n|\n|-heal|p2a: Sudowoodo|178/284|[from] item: Leftovers\n|upkeep\n|turn|3\n|\n|t:|1771205762\n|move|p1a: Flygon|Outrage|p2a: Sudowoodo|[from] lockedmove\n|-damage|p2a: Sudowoodo|36/284\n|move|p2a: Sudowoodo|Wood Hammer|p1a: Flygon\n|-damage|p1a: Flygon|0 fnt\n|faint|p1a: Flygon\n|\n|-heal|p2a: Sudowoodo|53/284|[from] item: Leftovers\n|upkeep\n|\n|t:|1771205776\n|switch|p1a: Mandibuzz|Mandibuzz, L85, F|326/326\n|turn|4\n|\n|t:|1771205779\n|move|p1a: Mandibuzz|Brave Bird|p2a: Sudowoodo\n|-supereffective|p2a: Sudowoodo\n|-damage|p2a: Sudowoodo|0 fnt\n|faint|p2a: Sudowoodo\n|-damage|p1a: Mandibuzz|309/326|[from] Recoil\n|\n|upkeep\n|\n|t:|1771205785\n|switch|p2a: Cetitan|Cetitan, L82, M|413/413\n|turn|5\n|\n|t:|1771205793\n|move|p1a: Mandibuzz|Knock Off|p2a: Cetitan\n|-damage|p2a: Cetitan|307/413\n|-enditem|p2a: Cetitan|Life Orb|[from] move: Knock Off|[of] p1a: Mandibuzz\n|move|p2a: Cetitan|Icicle Crash|p1a: Mandibuzz\n|-supereffective|p1a: Mandibuzz\n|-damage|p1a: Mandibuzz|103/326\n|\n|upkeep\n|turn|6\n|\n|t:|1771205799\n|move|p2a: Cetitan|Ice Shard|p1a: Mandibuzz\n|-supereffective|p1a: Mandibuzz\n|-damage|p1a: Mandibuzz|31/326\n|move|p1a: Mandibuzz|Roost|p1a: Mandibuzz\n|-heal|p1a: Mandibuzz|194/326\n|-singleturn|p1a: Mandibuzz|move: Roost\n|\n|upkeep\n|turn|7\n|\n|t:|1771205805\n|move|p1a: Mandibuzz|Roost|p1a: Mandibuzz\n|-heal|p1a: Mandibuzz|326/326\n|-singleturn|p1a: Mandibuzz|move: Roost\n|move|p2a: Cetitan|Icicle Crash|p1a: Mandibuzz\n|-damage|p1a: Mandibuzz|218/326\n|\n|upkeep\n|turn|8\n|\n|t:|1771205812\n|switch|p1a: Lumineon|Lumineon, L93, M|279/279\n|move|p2a: Cetitan|Icicle Crash|p1a: Lumineon\n|-resisted|p1a: Lumineon\n|-damage|p1a: Lumineon|219/279\n|\n|upkeep\n|turn|9\n|\n|t:|1771205817\n|move|p1a: Lumineon|Hydro Pump|p2a: Cetitan\n|-damage|p2a: Cetitan|141/413\n|move|p2a: Cetitan|Superpower|p1a: Lumineon\n|-damage|p1a: Lumineon|123/279\n|-unboost|p2a: Cetitan|atk|1\n|-unboost|p2a: Cetitan|def|1\n|\n|upkeep\n|turn|10\n|\n|t:|1771205825\n|move|p1a: Lumineon|Hydro Pump|p2a: Cetitan\n|-damage|p2a: Cetitan|0 fnt\n|faint|p2a: Cetitan\n|\n|upkeep\n|\n|t:|1771205829\n|switch|p2a: Rillaboom|Rillaboom, L79, M|288/288\n|-fieldstart|move: Grassy Terrain|[from] ability: Grassy Surge|[of] p2a: Rillaboom\n|turn|11\n|\n|t:|1771205840\n|-terastallize|p1a: Lumineon|Dragon\n|move|p1a: Lumineon|Ice Beam|p2a: Rillaboom\n|-supereffective|p2a: Rillaboom\n|-damage|p2a: Rillaboom|132/288\n|move|p2a: Rillaboom|U-turn|p1a: Lumineon\n|-damage|p1a: Lumineon|49/279\n|\n|t:|1771205858\n|switch|p2a: Clefable|Clefable, L83, M|293/293|[from] U-turn\n|\n|-heal|p1a: Lumineon|66/279|[from] Grassy Terrain\n|upkeep\n|turn|12\n|\n|t:|1771205862\n|move|p1a: Lumineon|Hydro Pump|p2a: Clefable\n|-damage|p2a: Clefable|185/293\n|move|p2a: Clefable|Moonblast|p1a: Lumineon\n|-supereffective|p1a: Lumineon\n|-damage|p1a: Lumineon|0 fnt\n|faint|p1a: Lumineon\n|\n|-heal|p2a: Clefable|203/293|[from] Grassy Terrain\n|-heal|p2a: Clefable|221/293|[from] item: Leftovers\n|upkeep\n|\n|t:|1771205873\n|switch|p1a: Misdreavus|Misdreavus, L90, M|254/254\n|-damage|p1a: Misdreavus|223/254|[from] Stealth Rock\n|turn|13\n|\n|t:|1771205877\n|move|p1a: Misdreavus|Calm Mind|p1a: Misdreavus\n|-boost|p1a: Misdreavus|spa|1\n|-boost|p1a: Misdreavus|spd|1\n|move|p2a: Clefable|Thunder Wave|p1a: Misdreavus\n|-status|p1a: Misdreavus|par\n|\n|-heal|p2a: Clefable|239/293|[from] Grassy Terrain\n|-heal|p2a: Clefable|257/293|[from] item: Leftovers\n|upkeep\n|turn|14\n|\n|t:|1771205880\n|move|p2a: Clefable|Knock Off|p1a: Misdreavus\n|-supereffective|p1a: Misdreavus\n|-damage|p1a: Misdreavus|137/254 par\n|-enditem|p1a: Misdreavus|Eviolite|[from] move: Knock Off|[of] p2a: Clefable\n|cant|p1a: Misdreavus|par\n|\n|-heal|p2a: Clefable|275/293|[from] Grassy Terrain\n|-heal|p2a: Clefable|293/293|[from] item: Leftovers\n|upkeep\n|turn|15\n|\n|t:|1771205886\n|move|p2a: Clefable|Knock Off|p1a: Misdreavus\n|-supereffective|p1a: Misdreavus\n|-crit|p1a: Misdreavus\n|-damage|p1a: Misdreavus|0 fnt\n|faint|p1a: Misdreavus\n|\n|-fieldend|move: Grassy Terrain\n|upkeep\n|\n|t:|1771205893\n|switch|p1a: Mandibuzz|Mandibuzz, L85, F|218/326\n|turn|16\n|\n|t:|1771205897\n|move|p1a: Mandibuzz|Toxic|p2a: Clefable\n|-status|p2a: Clefable|tox\n|move|p2a: Clefable|Thunder Wave|p1a: Mandibuzz\n|-status|p1a: Mandibuzz|par\n|\n|-damage|p2a: Clefable|275/293 tox|[from] psn\n|upkeep\n|turn|17\n|\n|t:|1771205900\n|move|p2a: Clefable|Moonblast|p1a: Mandibuzz\n|-supereffective|p1a: Mandibuzz\n|-damage|p1a: Mandibuzz|50/326 par\n|-unboost|p1a: Mandibuzz|spa|1\n|move|p1a: Mandibuzz|Brave Bird|p2a: Clefable\n|-damage|p2a: Clefable|170/293 tox\n|-damage|p1a: Mandibuzz|15/326 par|[from] Recoil\n|\n|-heal|p2a: Clefable|188/293 tox|[from] item: Leftovers\n|-damage|p2a: Clefable|152/293 tox|[from] psn\n|upkeep\n|turn|18\n|\n|t:|1771205909\n|move|p2a: Clefable|Moonblast|p1a: Mandibuzz\n|-supereffective|p1a: Mandibuzz\n|-damage|p1a: Mandibuzz|0 fnt\n|faint|p1a: Mandibuzz\n|\n|-heal|p2a: Clefable|170/293 tox|[from] item: Leftovers\n|-damage|p2a: Clefable|116/293 tox|[from] psn\n|upkeep\n|\n|t:|1771205912\n|switch|p1a: Meowstic|Meowstic, L89, M|277/277\n|-damage|p1a: Meowstic|243/277|[from] Stealth Rock\n|turn|19\n|\n|t:|1771205917\n|move|p1a: Meowstic|Light Screen|p1a: Meowstic\n|-sidestart|p1: idontcare189|move: Light Screen\n|move|p2a: Clefable|Thunder Wave|p1a: Meowstic\n|-status|p1a: Meowstic|par\n|\n|-heal|p2a: Clefable|134/293 tox|[from] item: Leftovers\n|-damage|p2a: Clefable|62/293 tox|[from] psn\n|upkeep\n|turn|20\n|\n|t:|1771205920\n|cant|p1a: Meowstic|par\n|move|p2a: Clefable|Knock Off|p1a: Meowstic\n|-supereffective|p1a: Meowstic\n|-damage|p1a: Meowstic|139/277 par\n|-enditem|p1a: Meowstic|Light Clay|[from] move: Knock Off|[of] p2a: Clefable\n|\n|-heal|p2a: Clefable|80/293 tox|[from] item: Leftovers\n|-damage|p2a: Clefable|0 fnt|[from] psn\n|faint|p2a: Clefable\n|upkeep\n|\n|t:|1771205931\n|switch|p2a: Rillaboom|Rillaboom, L79, M|132/288\n|-fieldstart|move: Grassy Terrain|[from] ability: Grassy Surge|[of] p2a: Rillaboom\n|turn|21\n|\n|t:|1771205937\n|move|p1a: Meowstic|Reflect|p1a: Meowstic\n|-sidestart|p1: idontcare189|Reflect\n|move|p2a: Rillaboom|U-turn|p1a: Meowstic\n|-supereffective|p1a: Meowstic\n|-damage|p1a: Meowstic|59/277 par\n|\n|t:|1771205947\n|switch|p2a: Medicham|Medicham, L86, F|243/243|[from] U-turn\n|\n|-heal|p1a: Meowstic|76/277 par|[from] Grassy Terrain\n|upkeep\n|turn|22\n|\n|t:|1771205952\n|move|p1a: Meowstic|Yawn|p2a: Medicham\n|-start|p2a: Medicham|move: Yawn|[of] p1a: Meowstic\n|move|p2a: Medicham|Ice Punch|p1a: Meowstic\n|-crit|p1a: Meowstic\n|-damage|p1a: Meowstic|0 fnt\n|faint|p1a: Meowstic\n|\n|upkeep\n|\n|t:|1771205955\n|switch|p1a: Crawdaunt|Crawdaunt, L84, F|243/243\n|-damage|p1a: Crawdaunt|213/243|[from] Stealth Rock\n|turn|23\n|\n|t:|1771205958\n|switch|p2a: Rillaboom|Rillaboom, L79, M|132/288\n|move|p1a: Crawdaunt|Dragon Dance|p1a: Crawdaunt\n|-boost|p1a: Crawdaunt|atk|1\n|-boost|p1a: Crawdaunt|spe|1\n|\n|-heal|p1a: Crawdaunt|228/243|[from] Grassy Terrain\n|-heal|p2a: Rillaboom|150/288|[from] Grassy Terrain\n|upkeep\n|turn|24\n|\n|t:|1771205963\n|move|p2a: Rillaboom|Grassy Glide|p1a: Crawdaunt\n|-supereffective|p1a: Crawdaunt\n|-damage|p1a: Crawdaunt|108/243\n|move|p1a: Crawdaunt|Knock Off|p2a: Rillaboom\n|-damage|p2a: Rillaboom|0 fnt\n|-enditem|p2a: Rillaboom|Choice Band|[from] move: Knock Off|[of] p1a: Crawdaunt\n|faint|p2a: Rillaboom\n|-damage|p1a: Crawdaunt|84/243|[from] item: Life Orb\n|\n|-heal|p1a: Crawdaunt|99/243|[from] Grassy Terrain\n|upkeep\n|\n|t:|1771205972\n|switch|p2a: Medicham|Medicham, L86, F|243/243\n|turn|25\n|\n|t:|1771205975\n|move|p1a: Crawdaunt|Crabhammer|p2a: Medicham\n|-damage|p2a: Medicham|0 fnt\n|faint|p2a: Medicham\n|-damage|p1a: Crawdaunt|75/243|[from] item: Life Orb\n|\n|-heal|p1a: Crawdaunt|90/243|[from] Grassy Terrain\n|-sideend|p1: idontcare189|Reflect\n|-fieldend|move: Grassy Terrain\n|upkeep\n|\n|t:|1771205979\n|switch|p2a: Hypno|Hypno, L95, F|315/315\n|turn|26\n|\n|t:|1771205984\n|move|p1a: Crawdaunt|Knock Off|p2a: Hypno\n|-supereffective|p2a: Hypno\n|-damage|p2a: Hypno|0 fnt\n|-enditem|p2a: Hypno|Leftovers|[from] move: Knock Off|[of] p1a: Crawdaunt\n|faint|p2a: Hypno\n|-damage|p1a: Crawdaunt|66/243|[from] item: Life Orb\n|\n|win|idontcare189\n|raw|idontcare189's rating: 1518 &rarr; <strong>1539</strong><br />(+21 for winning)\n|raw|Punger's rating: 1530 &rarr; <strong>1509</strong><br />(-21 for losing)\n|l|☆Punger\n|player|p2|\n|c|☆idontcare189|gg\n", "inputlog": ">version 686819e5e19f8a7fd2345cfc5a08a5085efa2cc3\n>start {\"formatid\":\"gen9randombattle\",\"seed\":\"sodium,d2e0e8890d18bb5611fd68b42fb6781e\",\"rated\":\"Rated battle\"}\n>player p1 {\"name\":\"idontcare189\",\"avatar\":\"102\",\"rating\":1518,\"seed\":\"sodium,6e0b1e60c2ca568d1a39bd3ce555bdd1\"}\n>player p2 {\"name\":\"Punger\",\"avatar\":\"ruinmaniac\",\"rating\":1530,\"seed\":\"sodium,6d14790f4c693068f7f01e59602d6af9\"}\n>p1 move dragondance\n>p2 move stealthrock terastallize\n>p1 move outrage\n>p2 move woodhammer\n>p1 move outrage\n>p2 move woodhammer\n>p1 switch 6\n>p1 move bravebird\n>p2 move headsmash\n>p2 switch 2\n>p1 move knockoff\n>p2 move iciclecrash\n>p1 move roost\n>p2 move iceshard\n>p1 move roost\n>p2 move iciclecrash\n>p1 switch 2\n>p2 move iciclecrash\n>p1 move hydropump\n>p2 move superpower\n>p1 move hydropump\n>p2 move superpower\n>p2 switch 4\n>p1 move icebeam terastallize\n>p2 move uturn\n>p2 switch 5\n>p1 move hydropump\n>p2 move moonblast\n>p1 switch 3\n>p1 move calmmind\n>p2 move thunderwave\n>p1 move shadowball\n>p2 move knockoff\n>p1 move shadowball\n>p2 move knockoff\n>p1 switch 2\n>p1 move toxic\n>p2 move thunderwave\n>p1 move bravebird\n>p2 move moonblast\n>p1 move roost\n>p2 move moonblast\n>p1 switch 4\n>p1 move lightscreen\n>p2 move thunderwave\n>p1 move reflect\n>p2 move knockoff\n>p2 switch 5\n>p1 move reflect\n>p2 move uturn\n>p2 switch 3\n>p1 move yawn\n>p2 move icepunch\n>p1 switch 5\n>p1 move dragondance\n>p2 switch 3\n>p1 move knockoff\n>p2 move grassyglide\n>p2 switch 3\n>p1 move crabhammer\n>p2 move closecombat\n>p2 switch 6\n>p1 move knockoff\n>p2 move focusblast", "uploadtime": 1771205997, "views": 9, "formatid": "gen9randombattle", "rating": 1509, "private": 0, "password": null}