{"id": "gen9randombattle-2540078044", "format": "[Gen 9] Random Battle", "players": ["Geckomoria 19", "khk-sora"], "log": "|j|☆Geckomoria 19\n|j|☆khk-sora\n|t:|1771157934\n|gametype|singles\n|player|p1|Geckomoria 19|volkner|1850\n|player|p2|khk-sora|265|1870\n|gen|9\n|tier|[Gen 9] Random Battle\n|rated|\n|rule|Species Clause: Limit one of each Pokémon\n|rule|HP Percentage Mod: HP is shown in percentages\n|rule|Sleep Clause Mod: Limit one foe put to sleep\n|rule|Illusion Level Mod: Illusion disguises the Pokémon's true level\n|\n|t:|1771157934\n|teamsize|p1|6\n|teamsize|p2|6\n|start\n|switch|p1a: Solgaleo|Solgaleo, L74|325/325\n|switch|p2a: Sandslash|Sandslash-Alola, L88, M|275/275\n|turn|1\n|inactive|Battle timer is ON: inactive players will automatically lose when time's up. (requested by Geckomoria 19)\n|\n|t:|1771157950\n|switch|p1a: Scrafty|Scrafty, L84, F|246/246\n|-ability|p1a: Scrafty|Intimidate|boost\n|-unboost|p2a: Sandslash|atk|1\n|switch|p2a: Vileplume|Vileplume, L85, M|266/266\n|\n|upkeep\n|turn|2\n|\n|t:|1771157965\n|switch|p1a: Qwilfish|Qwilfish, L86, M|252/252\n|-ability|p1a: Qwilfish|Intimidate|boost\n|-unboost|p2a: Vileplume|atk|1\n|move|p2a: Vileplume|Leech Seed|p1a: Qwilfish\n|-start|p1a: Qwilfish|move: Leech Seed\n|\n|-damage|p1a: Qwilfish|221/252|[from] Leech Seed|[of] p2a: Vileplume\n|upkeep\n|turn|3\n|\n|t:|1771157976\n|switch|p1a: Articuno|Articuno-Galar, L84|288/288\n|move|p2a: Vileplume|Strength Sap|p1a: Articuno\n|-unboost|p1a: Articuno|atk|1\n|-ability|p1a: Articuno|Competitive|boost\n|-boost|p1a: Articuno|spa|2\n|\n|upkeep\n|turn|4\n|\n|t:|1771157983\n|switch|p2a: Metagross|Metagross, L79|256/256\n|move|p1a: Articuno|Freezing Glare|p2a: Metagross\n|-resisted|p2a: Metagross\n|-damage|p2a: Metagross|195/256\n|\n|upkeep\n|turn|5\n|\n|t:|1771157989\n|-terastallize|p1a: Articuno|Steel\n|move|p1a: Articuno|Calm Mind|p1a: Articuno\n|-boost|p1a: Articuno|spa|1\n|-boost|p1a: Articuno|spd|1\n|move|p2a: Metagross|Heavy Slam|p1a: Articuno\n|-resisted|p1a: Articuno\n|-damage|p1a: Articuno|210/288\n|\n|upkeep\n|turn|6\n|\n|t:|1771157996\n|move|p1a: Articuno|Hurricane|p2a: Metagross|[miss]\n|-miss|p1a: Articuno|p2a: Metagross\n|move|p2a: Metagross|Agility|p2a: Metagross\n|-boost|p2a: Metagross|spe|2\n|\n|upkeep\n|turn|7\n|\n|t:|1771158001\n|move|p2a: Metagross|Earthquake|p1a: Articuno\n|-supereffective|p1a: Articuno\n|-damage|p1a: Articuno|54/288\n|move|p1a: Articuno|Hurricane|p2a: Metagross\n|-resisted|p2a: Metagross\n|-damage|p2a: Metagross|0 fnt\n|faint|p2a: Metagross\n|\n|upkeep\n|\n|t:|1771158010\n|switch|p2a: Hoopa|Hoopa, L85|275/275\n|turn|8\n|\n|t:|1771158022\n|move|p2a: Hoopa|Shadow Ball|p1a: Articuno\n|-damage|p1a: Articuno|0 fnt\n|faint|p1a: Articuno\n|\n|upkeep\n|\n|t:|1771158028\n|switch|p1a: Scrafty|Scrafty, L84, F|246/246\n|-ability|p1a: Scrafty|Intimidate|boost\n|-unboost|p2a: Hoopa|atk|1\n|turn|9\n|\n|t:|1771158038\n|switch|p2a: Vileplume|Vileplume, L85, M|266/266\n|move|p1a: Scrafty|Dragon Dance|p1a: Scrafty\n|-boost|p1a: Scrafty|atk|1\n|-boost|p1a: Scrafty|spe|1\n|\n|upkeep\n|turn|10\n|\n|t:|1771158051\n|move|p1a: Scrafty|Knock Off|p2a: Vileplume\n|-damage|p2a: Vileplume|107/266\n|-status|p1a: Scrafty|slp|[from] ability: Effect Spore|[of] p2a: Vileplume\n|-enditem|p2a: Vileplume|Leftovers|[from] move: Knock Off|[of] p1a: Scrafty\n|move|p2a: Vileplume|Leech Seed|p1a: Scrafty\n|-start|p1a: Scrafty|move: Leech Seed\n|\n|-damage|p1a: Scrafty|216/246 slp|[from] Leech Seed|[of] p2a: Vileplume\n|-heal|p2a: Vileplume|137/266|[silent]\n|upkeep\n|turn|11\n|\n|t:|1771158065\n|switch|p1a: Qwilfish|Qwilfish, L86, M|221/252\n|-ability|p1a: Qwilfish|Intimidate|boost\n|-unboost|p2a: Vileplume|atk|1\n|move|p2a: Vileplume|Strength Sap|p1a: Qwilfish\n|-unboost|p1a: Qwilfish|atk|1\n|-heal|p2a: Vileplume|266/266\n|\n|-heal|p1a: Qwilfish|236/252|[from] item: Leftovers\n|upkeep\n|turn|12\n|\n|t:|1771158073\n|move|p1a: Qwilfish|Spikes|p2a: Vileplume\n|-sidestart|p2: khk-sora|Spikes\n|move|p2a: Vileplume|Leech Seed|p1a: Qwilfish\n|-start|p1a: Qwilfish|move: Leech Seed\n|\n|-heal|p1a: Qwilfish|251/252|[from] item: Leftovers\n|-damage|p1a: Qwilfish|220/252|[from] Leech Seed|[of] p2a: Vileplume\n|upkeep\n|turn|13\n|\n|t:|1771158085\n|switch|p1a: Beartic|Beartic, L91, F|321/321\n|move|p2a: Vileplume|Giga Drain|p1a: Beartic\n|-damage|p1a: Beartic|234/321\n|\n|upkeep\n|turn|14\n|\n|t:|1771158093\n|move|p1a: Beartic|Close Combat|p2a: Vileplume\n|-resisted|p2a: Vileplume\n|-damage|p2a: Vileplume|177/266\n|-unboost|p1a: Beartic|def|1\n|-unboost|p1a: Beartic|spd|1\n|move|p2a: Vileplume|Strength Sap|p1a: Beartic\n|-unboost|p1a: Beartic|atk|1\n|-heal|p2a: Vileplume|266/266\n|\n|upkeep\n|turn|15\n|\n|t:|1771158103\n|switch|p1a: Qwilfish|Qwilfish, L86, M|220/252\n|-ability|p1a: Qwilfish|Intimidate|boost\n|-unboost|p2a: Vileplume|atk|1\n|move|p2a: Vileplume|Leech Seed|p1a: Qwilfish|[miss]\n|-miss|p2a: Vileplume|p1a: Qwilfish\n|\n|-heal|p1a: Qwilfish|235/252|[from] item: Leftovers\n|upkeep\n|turn|16\n|\n|t:|1771158121\n|move|p1a: Qwilfish|Spikes|p2a: Vileplume\n|-sidestart|p2: khk-sora|Spikes\n|move|p2a: Vileplume|Leech Seed|p1a: Qwilfish\n|-start|p1a: Qwilfish|move: Leech Seed\n|\n|-heal|p1a: Qwilfish|250/252|[from] item: Leftovers\n|-damage|p1a: Qwilfish|219/252|[from] Leech Seed|[of] p2a: Vileplume\n|upkeep\n|turn|17\n|\n|t:|1771158126\n|switch|p1a: Beartic|Beartic, L91, F|234/321\n|move|p2a: Vileplume|Giga Drain|p1a: Beartic\n|-damage|p1a: Beartic|141/321\n|\n|upkeep\n|turn|18\n|\n|t:|1771158131\n|switch|p2a: Sandslash|Sandslash-Alola, L88, M|275/275\n|-damage|p2a: Sandslash|230/275|[from] Spikes\n|move|p1a: Beartic|Icicle Crash|p2a: Sandslash\n|-resisted|p2a: Sandslash\n|-damage|p2a: Sandslash|192/275\n|\n|upkeep\n|turn|19\n|\n|t:|1771158138\n|switch|p1a: Qwilfish|Qwilfish, L86, M|219/252\n|-ability|p1a: Qwilfish|Intimidate|boost\n|-unboost|p2a: Sandslash|atk|1\n|move|p2a: Sandslash|Earthquake|p1a: Qwilfish\n|-supereffective|p1a: Qwilfish\n|-damage|p1a: Qwilfish|89/252\n|-damage|p2a: Sandslash|165/275|[from] item: Life Orb\n|\n|-heal|p1a: Qwilfish|104/252|[from] item: Leftovers\n|upkeep\n|turn|20\n|\n|t:|1771158146\n|move|p1a: Qwilfish|Spikes|p2a: Sandslash\n|-sidestart|p2: khk-sora|Spikes\n|move|p2a: Sandslash|Swords Dance|p2a: Sandslash\n|-boost|p2a: Sandslash|atk|2\n|\n|-heal|p1a: Qwilfish|119/252|[from] item: Leftovers\n|upkeep\n|turn|21\n|\n|t:|1771158152\n|move|p1a: Qwilfish|Waterfall|p2a: Sandslash\n|-damage|p2a: Sandslash|96/275\n|move|p2a: Sandslash|Earthquake|p1a: Qwilfish\n|-supereffective|p1a: Qwilfish\n|-damage|p1a: Qwilfish|0 fnt\n|faint|p1a: Qwilfish\n|-damage|p2a: Sandslash|69/275|[from] item: Life Orb\n|\n|upkeep\n|\n|t:|1771158161\n|switch|p1a: Solgaleo|Solgaleo, L74|325/325\n|turn|22\n|\n|t:|1771158165\n|move|p1a: Solgaleo|Earthquake|p2a: Sandslash\n|-supereffective|p2a: Sandslash\n|-damage|p2a: Sandslash|0 fnt\n|faint|p2a: Sandslash\n|\n|upkeep\n|\n|t:|1771158173\n|switch|p2a: Whiscash|Whiscash, L88, F|337/337\n|-damage|p2a: Whiscash|253/337|[from] Spikes\n|turn|23\n|\n|t:|1771158182\n|switch|p1a: Gurdurr|Gurdurr, L85, M|283/283\n|move|p2a: Whiscash|Dragon Dance|p2a: Whiscash\n|-boost|p2a: Whiscash|atk|1\n|-boost|p2a: Whiscash|spe|1\n|\n|upkeep\n|turn|24\n|\n|t:|1771158202\n|move|p2a: Whiscash|Earthquake|p1a: Gurdurr\n|-damage|p1a: Gurdurr|147/283\n|-damage|p2a: Whiscash|220/337|[from] item: Life Orb\n|move|p1a: Gurdurr|Bulk Up|p1a: Gurdurr\n|-boost|p1a: Gurdurr|atk|1\n|-boost|p1a: Gurdurr|def|1\n|\n|upkeep\n|turn|25\n|\n|t:|1771158212\n|switch|p2a: Hoopa|Hoopa, L85|275/275\n|-damage|p2a: Hoopa|207/275|[from] Spikes\n|move|p1a: Gurdurr|Drain Punch|p2a: Hoopa\n|-immune|p2a: Hoopa\n|\n|upkeep\n|turn|26\n|\n|t:|1771158219\n|move|p2a: Hoopa|Shadow Ball|p1a: Gurdurr\n|-damage|p1a: Gurdurr|17/283\n|move|p1a: Gurdurr|Knock Off|p2a: Hoopa\n|-supereffective|p2a: Hoopa\n|-damage|p2a: Hoopa|0 fnt\n|-enditem|p2a: Hoopa|Choice Scarf|[from] move: Knock Off|[of] p1a: Gurdurr\n|faint|p2a: Hoopa\n|\n|upkeep\n|\n|t:|1771158226\n|switch|p2a: Alcremie|Alcremie-Rainbow-Swirl, L90, F|263/263\n|-damage|p2a: Alcremie|198/263|[from] Spikes\n|turn|27\n|\n|t:|1771158231\n|switch|p1a: Solgaleo|Solgaleo, L74|325/325\n|move|p2a: Alcremie|Alluring Voice|p1a: Solgaleo\n|-resisted|p1a: Solgaleo\n|-damage|p1a: Solgaleo|262/325\n|\n|-heal|p1a: Solgaleo|282/325|[from] item: Leftovers\n|-heal|p2a: Alcremie|214/263|[from] item: Leftovers\n|upkeep\n|turn|28\n|\n|t:|1771158238\n|switch|p2a: Vileplume|Vileplume, L85, M|266/266\n|-damage|p2a: Vileplume|200/266|[from] Spikes\n|move|p1a: Solgaleo|Sunsteel Strike|p2a: Vileplume\n|-damage|p2a: Vileplume|95/266\n|-message|Sleep Clause Mod activated.\n|-hint|Sleep Clause Mod prevents players from putting more than one of their opponent's Pokémon to sleep at a time\n|\n|-heal|p1a: Solgaleo|302/325|[from] item: Leftovers\n|upkeep\n|turn|29\n|\n|t:|1771158248\n|-terastallize|p2a: Vileplume|Water\n|move|p1a: Solgaleo|Sunsteel Strike|p2a: Vileplume\n|-resisted|p2a: Vileplume\n|-damage|p2a: Vileplume|41/266\n|move|p2a: Vileplume|Strength Sap|p1a: Solgaleo\n|-fail|p1a: Solgaleo|unboost|[from] ability: Full Metal Body|[of] p1a: Solgaleo\n|-heal|p2a: Vileplume|266/266\n|\n|-heal|p1a: Solgaleo|322/325|[from] item: Leftovers\n|upkeep\n|turn|30\n|\n|t:|1771158260\n|switch|p1a: Gurdurr|Gurdurr, L85, M|17/283\n|move|p2a: Vileplume|Leech Seed|p1a: Gurdurr\n|-start|p1a: Gurdurr|move: Leech Seed\n|\n|-damage|p1a: Gurdurr|0 fnt|[from] Leech Seed|[of] p2a: Vileplume\n|faint|p1a: Gurdurr\n|upkeep\n|\n|t:|1771158265\n|switch|p1a: Solgaleo|Solgaleo, L74|322/325\n|turn|31\n|\n|t:|1771158273\n|move|p1a: Solgaleo|Earthquake|p2a: Vileplume\n|-damage|p2a: Vileplume|185/266\n|move|p2a: Vileplume|Leech Seed|p1a: Solgaleo\n|-start|p1a: Solgaleo|move: Leech Seed\n|\n|-heal|p1a: Solgaleo|325/325|[from] item: Leftovers\n|-damage|p1a: Solgaleo|285/325|[from] Leech Seed|[of] p2a: Vileplume\n|-heal|p2a: Vileplume|225/266|[silent]\n|upkeep\n|turn|32\n|\n|t:|1771158281\n|move|p1a: Solgaleo|Sunsteel Strike|p2a: Vileplume\n|-resisted|p2a: Vileplume\n|-damage|p2a: Vileplume|166/266\n|move|p2a: Vileplume|Giga Drain|p1a: Solgaleo\n|-resisted|p1a: Solgaleo\n|-damage|p1a: Solgaleo|231/325\n|-heal|p2a: Vileplume|193/266|[from] drain|[of] p1a: Solgaleo\n|\n|-heal|p1a: Solgaleo|251/325|[from] item: Leftovers\n|-damage|p1a: Solgaleo|211/325|[from] Leech Seed|[of] p2a: Vileplume\n|-heal|p2a: Vileplume|233/266|[silent]\n|upkeep\n|turn|33\n|\n|t:|1771158285\n|move|p1a: Solgaleo|Morning Sun|p1a: Solgaleo\n|-heal|p1a: Solgaleo|325/325\n|move|p2a: Vileplume|Giga Drain|p1a: Solgaleo\n|-resisted|p1a: Solgaleo\n|-damage|p1a: Solgaleo|277/325\n|-heal|p2a: Vileplume|257/266|[from] drain|[of] p1a: Solgaleo\n|\n|-heal|p1a: Solgaleo|297/325|[from] item: Leftovers\n|-damage|p1a: Solgaleo|257/325|[from] Leech Seed|[of] p2a: Vileplume\n|-heal|p2a: Vileplume|266/266|[silent]\n|upkeep\n|turn|34\n|\n|t:|1771158290\n|switch|p1a: Beartic|Beartic, L91, F|141/321\n|move|p2a: Vileplume|Strength Sap|p1a: Beartic\n|-unboost|p1a: Beartic|atk|1\n|\n|upkeep\n|turn|35\n|\n|t:|1771158296\n|switch|p1a: Scrafty|Scrafty, L84, F|216/246 slp\n|-ability|p1a: Scrafty|Intimidate|boost\n|-unboost|p2a: Vileplume|atk|1\n|move|p2a: Vileplume|Leech Seed|p1a: Scrafty\n|-start|p1a: Scrafty|move: Leech Seed\n|\n|-heal|p1a: Scrafty|231/246 slp|[from] item: Leftovers\n|-damage|p1a: Scrafty|201/246 slp|[from] Leech Seed|[of] p2a: Vileplume\n|upkeep\n|turn|36\n|\n|t:|1771158304\n|cant|p1a: Scrafty|slp\n|move|p2a: Vileplume|Sludge Bomb|p1a: Scrafty\n|-damage|p1a: Scrafty|110/246 slp\n|\n|-heal|p1a: Scrafty|125/246 slp|[from] item: Leftovers\n|-damage|p1a: Scrafty|95/246 slp|[from] Leech Seed|[of] p2a: Vileplume\n|upkeep\n|turn|37\n|\n|t:|1771158311\n|cant|p1a: Scrafty|slp\n|move|p2a: Vileplume|Giga Drain|p1a: Scrafty\n|-damage|p1a: Scrafty|14/246 slp\n|\n|-heal|p1a: Scrafty|29/246 slp|[from] item: Leftovers\n|-damage|p1a: Scrafty|0 fnt|[from] Leech Seed|[of] p2a: Vileplume\n|faint|p1a: Scrafty\n|upkeep\n|\n|t:|1771158313\n|switch|p1a: Solgaleo|Solgaleo, L74|257/325\n|turn|38\n|\n|t:|1771158316\n|move|p1a: Solgaleo|Close Combat|p2a: Vileplume\n|-damage|p2a: Vileplume|179/266\n|-unboost|p1a: Solgaleo|def|1\n|-unboost|p1a: Solgaleo|spd|1\n|move|p2a: Vileplume|Leech Seed|p1a: Solgaleo\n|-start|p1a: Solgaleo|move: Leech Seed\n|\n|-heal|p1a: Solgaleo|277/325|[from] item: Leftovers\n|-damage|p1a: Solgaleo|237/325|[from] Leech Seed|[of] p2a: Vileplume\n|-heal|p2a: Vileplume|219/266|[silent]\n|upkeep\n|turn|39\n|\n|t:|1771158323\n|switch|p1a: Beartic|Beartic, L91, F|141/321\n|move|p2a: Vileplume|Giga Drain|p1a: Beartic\n|-damage|p1a: Beartic|51/321\n|-heal|p2a: Vileplume|264/266|[from] drain|[of] p1a: Beartic\n|\n|upkeep\n|turn|40\n|\n|t:|1771158330\n|move|p1a: Beartic|Close Combat|p2a: Vileplume\n|-damage|p2a: Vileplume|85/266\n|-unboost|p1a: Beartic|def|1\n|-unboost|p1a: Beartic|spd|1\n|move|p2a: Vileplume|Strength Sap|p1a: Beartic\n|-unboost|p1a: Beartic|atk|1\n|-heal|p2a: Vileplume|266/266\n|\n|upkeep\n|turn|41\n|\n|t:|1771158335\n|switch|p1a: Solgaleo|Solgaleo, L74|237/325\n|move|p2a: Vileplume|Giga Drain|p1a: Solgaleo\n|-resisted|p1a: Solgaleo\n|-damage|p1a: Solgaleo|185/325\n|\n|-heal|p1a: Solgaleo|205/325|[from] item: Leftovers\n|upkeep\n|turn|42\n|\n|t:|1771158343\n|move|p1a: Solgaleo|Earthquake|p2a: Vileplume\n|-damage|p2a: Vileplume|194/266\n|move|p2a: Vileplume|Leech Seed|p1a: Solgaleo\n|-start|p1a: Solgaleo|move: Leech Seed\n|\n|-heal|p1a: Solgaleo|225/325|[from] item: Leftovers\n|-damage|p1a: Solgaleo|185/325|[from] Leech Seed|[of] p2a: Vileplume\n|-heal|p2a: Vileplume|234/266|[silent]\n|upkeep\n|turn|43\n|\n|t:|1771158349\n|move|p1a: Solgaleo|Earthquake|p2a: Vileplume\n|-damage|p2a: Vileplume|157/266\n|move|p2a: Vileplume|Sludge Bomb|p1a: Solgaleo\n|-immune|p1a: Solgaleo\n|\n|-heal|p1a: Solgaleo|205/325|[from] item: Leftovers\n|-damage|p1a: Solgaleo|165/325|[from] Leech Seed|[of] p2a: Vileplume\n|-heal|p2a: Vileplume|197/266|[silent]\n|upkeep\n|turn|44\n|\n|t:|1771158361\n|move|p1a: Solgaleo|Earthquake|p2a: Vileplume\n|-damage|p2a: Vileplume|120/266\n|move|p2a: Vileplume|Sludge Bomb|p1a: Solgaleo\n|-immune|p1a: Solgaleo\n|\n|-heal|p1a: Solgaleo|185/325|[from] item: Leftovers\n|-damage|p1a: Solgaleo|145/325|[from] Leech Seed|[of] p2a: Vileplume\n|-heal|p2a: Vileplume|160/266|[silent]\n|upkeep\n|turn|45\n|\n|t:|1771158366\n|move|p1a: Solgaleo|Morning Sun|p1a: Solgaleo\n|-heal|p1a: Solgaleo|307/325\n|move|p2a: Vileplume|Strength Sap|p1a: Solgaleo\n|-fail|p1a: Solgaleo|unboost|[from] ability: Full Metal Body|[of] p1a: Solgaleo\n|-heal|p2a: Vileplume|266/266\n|\n|-heal|p1a: Solgaleo|325/325|[from] item: Leftovers\n|-damage|p1a: Solgaleo|285/325|[from] Leech Seed|[of] p2a: Vileplume\n|upkeep\n|turn|46\n|\n|t:|1771158372\n|move|p1a: Solgaleo|Earthquake|p2a: Vileplume\n|-damage|p2a: Vileplume|191/266\n|move|p2a: Vileplume|Giga Drain|p1a: Solgaleo\n|-resisted|p1a: Solgaleo\n|-damage|p1a: Solgaleo|237/325\n|-heal|p2a: Vileplume|215/266|[from] drain|[of] p1a: Solgaleo\n|\n|-heal|p1a: Solgaleo|257/325|[from] item: Leftovers\n|-damage|p1a: Solgaleo|217/325|[from] Leech Seed|[of] p2a: Vileplume\n|-heal|p2a: Vileplume|255/266|[silent]\n|upkeep\n|turn|47\n|\n|t:|1771158384\n|move|p1a: Solgaleo|Earthquake|p2a: Vileplume\n|-damage|p2a: Vileplume|184/266\n|move|p2a: Vileplume|Sludge Bomb|p1a: Solgaleo\n|-immune|p1a: Solgaleo\n|\n|-heal|p1a: Solgaleo|237/325|[from] item: Leftovers\n|-damage|p1a: Solgaleo|197/325|[from] Leech Seed|[of] p2a: Vileplume\n|-heal|p2a: Vileplume|224/266|[silent]\n|upkeep\n|turn|48\n|\n|t:|1771158390\n|move|p1a: Solgaleo|Earthquake|p2a: Vileplume\n|-damage|p2a: Vileplume|148/266\n|move|p2a: Vileplume|Sludge Bomb|p1a: Solgaleo\n|-immune|p1a: Solgaleo\n|\n|-heal|p1a: Solgaleo|217/325|[from] item: Leftovers\n|-damage|p1a: Solgaleo|177/325|[from] Leech Seed|[of] p2a: Vileplume\n|-heal|p2a: Vileplume|188/266|[silent]\n|upkeep\n|turn|49\n|\n|t:|1771158396\n|move|p1a: Solgaleo|Earthquake|p2a: Vileplume\n|-damage|p2a: Vileplume|116/266\n|move|p2a: Vileplume|Strength Sap|p1a: Solgaleo\n|-fail|p1a: Solgaleo|unboost|[from] ability: Full Metal Body|[of] p1a: Solgaleo\n|-heal|p2a: Vileplume|266/266\n|\n|-heal|p1a: Solgaleo|197/325|[from] item: Leftovers\n|-damage|p1a: Solgaleo|157/325|[from] Leech Seed|[of] p2a: Vileplume\n|upkeep\n|turn|50\n|\n|t:|1771158405\n|move|p1a: Solgaleo|Morning Sun|p1a: Solgaleo\n|-heal|p1a: Solgaleo|319/325\n|move|p2a: Vileplume|Sludge Bomb|p1a: Solgaleo\n|-immune|p1a: Solgaleo\n|\n|-heal|p1a: Solgaleo|325/325|[from] item: Leftovers\n|-damage|p1a: Solgaleo|285/325|[from] Leech Seed|[of] p2a: Vileplume\n|upkeep\n|turn|51\n|\n|t:|1771158411\n|move|p1a: Solgaleo|Earthquake|p2a: Vileplume\n|-damage|p2a: Vileplume|192/266\n|move|p2a: Vileplume|Sludge Bomb|p1a: Solgaleo\n|-immune|p1a: Solgaleo\n|\n|-heal|p1a: Solgaleo|305/325|[from] item: Leftovers\n|-damage|p1a: Solgaleo|265/325|[from] Leech Seed|[of] p2a: Vileplume\n|-heal|p2a: Vileplume|232/266|[silent]\n|upkeep\n|turn|52\n|\n|t:|1771158416\n|switch|p2a: Alcremie|Alcremie-Rainbow-Swirl, L90, F|214/263\n|-damage|p2a: Alcremie|149/263|[from] Spikes\n|move|p1a: Solgaleo|Earthquake|p2a: Alcremie\n|-damage|p2a: Alcremie|65/263\n|\n|-heal|p1a: Solgaleo|285/325|[from] item: Leftovers\n|-heal|p2a: Alcremie|81/263|[from] item: Leftovers\n|-damage|p1a: Solgaleo|245/325|[from] Leech Seed|[of] p2a: Alcremie\n|-heal|p2a: Alcremie|121/263|[silent]\n|upkeep\n|turn|53\n|\n|t:|1771158421\n|switch|p2a: Vileplume|Vileplume, L85, M, tera:Water|232/266\n|-damage|p2a: Vileplume|166/266|[from] Spikes\n|move|p1a: Solgaleo|Sunsteel Strike|p2a: Vileplume\n|-resisted|p2a: Vileplume\n|-damage|p2a: Vileplume|107/266\n|\n|-heal|p1a: Solgaleo|265/325|[from] item: Leftovers\n|-damage|p1a: Solgaleo|225/325|[from] Leech Seed|[of] p2a: Vileplume\n|-heal|p2a: Vileplume|147/266|[silent]\n|upkeep\n|turn|54\n|\n|t:|1771158427\n|switch|p2a: Alcremie|Alcremie-Rainbow-Swirl, L90, F|121/263\n|-damage|p2a: Alcremie|56/263|[from] Spikes\n|move|p1a: Solgaleo|Earthquake|p2a: Alcremie\n|-damage|p2a: Alcremie|0 fnt\n|faint|p2a: Alcremie\n|\n|-heal|p1a: Solgaleo|245/325|[from] item: Leftovers\n|upkeep\n|\n|t:|1771158429\n|switch|p2a: Vileplume|Vileplume, L85, M, tera:Water|147/266\n|-damage|p2a: Vileplume|81/266|[from] Spikes\n|turn|55\n|\n|t:|1771158434\n|move|p1a: Solgaleo|Close Combat|p2a: Vileplume\n|-damage|p2a: Vileplume|0 fnt\n|-unboost|p1a: Solgaleo|def|1\n|-unboost|p1a: Solgaleo|spd|1\n|-status|p1a: Solgaleo|slp|[from] ability: Effect Spore|[of] p2a: Vileplume\n|faint|p2a: Vileplume\n|\n|-heal|p1a: Solgaleo|265/325 slp|[from] item: Leftovers\n|upkeep\n|\n|t:|1771158437\n|switch|p2a: Whiscash|Whiscash, L88, F|220/337\n|-damage|p2a: Whiscash|136/337|[from] Spikes\n|turn|56\n|\n|t:|1771158442\n|switch|p1a: Beartic|Beartic, L91, F|51/321\n|move|p2a: Whiscash|Dragon Dance|p2a: Whiscash\n|-boost|p2a: Whiscash|atk|1\n|-boost|p2a: Whiscash|spe|1\n|\n|upkeep\n|turn|57\n|\n|t:|1771158447\n|move|p1a: Beartic|Aqua Jet|p2a: Whiscash\n|-damage|p2a: Whiscash|65/337\n|move|p2a: Whiscash|Earthquake|p1a: Beartic\n|-damage|p1a: Beartic|0 fnt\n|faint|p1a: Beartic\n|-damage|p2a: Whiscash|32/337|[from] item: Life Orb\n|\n|upkeep\n|\n|t:|1771158450\n|switch|p1a: Solgaleo|Solgaleo, L74|265/325 slp\n|turn|58\n|\n|t:|1771158456\n|move|p2a: Whiscash|Dragon Dance|p2a: Whiscash\n|-boost|p2a: Whiscash|atk|1\n|-boost|p2a: Whiscash|spe|1\n|cant|p1a: Solgaleo|slp\n|\n|-heal|p1a: Solgaleo|285/325 slp|[from] item: Leftovers\n|upkeep\n|turn|59\n|\n|t:|1771158459\n|move|p2a: Whiscash|Earthquake|p1a: Solgaleo\n|-supereffective|p1a: Solgaleo\n|-damage|p1a: Solgaleo|0 fnt\n|faint|p1a: Solgaleo\n|-damage|p2a: Whiscash|0 fnt|[from] item: Life Orb\n|faint|p2a: Whiscash\n|\n|win|khk-sora\n|raw|Geckomoria 19's rating: 1850 &rarr; <strong>1831</strong><br />(-19 for losing)\n|raw|khk-sora's rating: 1870 &rarr; <strong>1889</strong><br />(+19 for winning)\n|l|☆Geckomoria 19\n|player|p1|\n", "inputlog": ">version 686819e5e19f8a7fd2345cfc5a08a5085efa2cc3\n>start {\"formatid\":\"gen9randombattle\",\"seed\":\"sodium,eee3e8872305660fc7672432885d6427\",\"rated\":\"Rated battle\"}\n>player p1 {\"name\":\"Geckomoria 19\",\"avatar\":\"volkner\",\"rating\":1850,\"seed\":\"sodium,0dcf6f823c0dba9c64fab6596f435458\"}\n>player p2 {\"name\":\"khk-sora\",\"avatar\":\"265\",\"rating\":1870,\"seed\":\"sodium,e1ab1ba6d055e305f7aaff40c151873a\"}\n>p1 switch 4\n>p2 switch 3\n>p1 switch 5\n>p2 move leechseed\n>p1 switch 2\n>p2 move strengthsap\n>p1 move freezingglare\n>p2 switch 4\n>p1 move calmmind terastallize\n>p2 move heavyslam\n>p1 move hurricane\n>p2 move agility\n>p1 move hurricane\n>p2 move earthquake\n>p2 switch 2\n>p1 move recover\n>p2 move shadowball\n>p1 switch 5\n>p1 move dragondance\n>p2 switch 4\n>p1 move knockoff\n>p2 move leechseed\n>p1 switch 2\n>p2 move strengthsap\n>p1 move spikes\n>p2 move leechseed\n>p1 switch 3\n>p2 move gigadrain\n>p1 move closecombat\n>p2 move strengthsap\n>p1 switch 3\n>p2 move leechseed\n>p1 move spikes\n>p2 move leechseed\n>p1 switch 3\n>p2 move gigadrain\n>p1 move iciclecrash\n>p2 switch 3\n>p1 switch 3\n>p2 move earthquake\n>p1 move spikes\n>p2 move swordsdance\n>p1 move waterfall\n>p2 move earthquake\n>p1 switch 4\n>p1 move earthquake\n>p2 move earthquake\n>p2 switch 6\n>p1 switch 6\n>p2 move dragondance\n>p1 move bulkup\n>p2 move earthquake\n>p1 move drainpunch\n>p2 switch 4\n>p1 move knockoff\n>p2 move shadowball\n>p2 switch 5\n>p1 switch 6\n>p2 move alluringvoice\n>p1 move sunsteelstrike\n>p2 switch 3\n>p1 move sunsteelstrike\n>p2 move strengthsap terastallize\n>p1 switch 6\n>p2 move leechseed\n>p1 switch 6\n>p1 move earthquake\n>p2 move leechseed\n>p1 move sunsteelstrike\n>p2 move gigadrain\n>p1 move morningsun\n>p2 move gigadrain\n>p1 switch 3\n>p2 move strengthsap\n>p1 switch 2\n>p2 move leechseed\n>p1 move poisonjab\n>p2 move sludgebomb\n>p1 move poisonjab\n>p2 move gigadrain\n>p1 switch 3\n>p1 move closecombat\n>p2 move leechseed\n>p1 switch 2\n>p2 move gigadrain\n>p1 move closecombat\n>p2 move strengthsap\n>p1 switch 2\n>p2 move gigadrain\n>p1 move earthquake\n>p2 move leechseed\n>p1 move earthquake\n>p2 move sludgebomb\n>p1 move earthquake\n>p2 move sludgebomb\n>p1 move morningsun\n>p2 move strengthsap\n>p1 move earthquake\n>p2 move gigadrain\n>p1 move earthquake\n>p2 move sludgebomb\n>p1 move earthquake\n>p2 move sludgebomb\n>p1 move earthquake\n>p2 move strengthsap\n>p1 move morningsun\n>p2 move sludgebomb\n>p1 move earthquake\n>p2 move sludgebomb\n>p1 move earthquake\n>p2 switch 3\n>p1 move sunsteelstrike\n>p2 switch 3\n>p1 move earthquake\n>p2 switch 3\n>p2 switch 3\n>p1 move closecombat\n>p2 move strengthsap\n>p2 switch 4\n>p1 switch 2\n>p2 move dragondance\n>p1 move aquajet\n>p2 move earthquake\n>p1 switch 2\n>p1 move earthquake\n>p2 move dragondance\n>p1 move earthquake\n>p2 move earthquake", "uploadtime": 1771158478, "views": 13, "formatid": "gen9randombattle", "rating": 1831, "private": 0, "password": null}