{"id": "gen9randombattle-2540429677", "format": "[Gen 9] Random Battle", "players": ["keeler9979", "manhattan mudbrays"], "log": "|j|☆keeler9979\n|j|☆manhattan mudbrays\n|t:|1771200993\n|gametype|singles\n|player|p1|keeler9979|n|1851\n|player|p2|manhattan mudbrays|jasmine|1785\n|gen|9\n|tier|[Gen 9] Random Battle\n|rated|\n|rule|Species Clause: Limit one of each Pokémon\n|rule|HP Percentage Mod: HP is shown in percentages\n|rule|Sleep Clause Mod: Limit one foe put to sleep\n|rule|Illusion Level Mod: Illusion disguises the Pokémon's true level\n|\n|t:|1771200993\n|teamsize|p1|6\n|teamsize|p2|6\n|start\n|switch|p1a: Mew|Mew, L82|298/298\n|switch|p2a: Blaziken|Blaziken, L76, M|247/247\n|turn|1\n|inactive|Battle timer is ON: inactive players will automatically lose when time's up. (requested by manhattan mudbrays)\n|\n|t:|1771201005\n|switch|p2a: Dondozo|Dondozo, L78, F|362/362\n|move|p1a: Mew|Psychic Fangs|p2a: Dondozo\n|-damage|p2a: Dondozo|268/362\n|-damage|p1a: Mew|269/298|[from] item: Life Orb\n|\n|-heal|p2a: Dondozo|290/362|[from] item: Leftovers\n|upkeep\n|turn|2\n|\n|t:|1771201021\n|switch|p1a: Vileplume|Vileplume, L85, M|266/266\n|move|p2a: Dondozo|Curse|p2a: Dondozo\n|-unboost|p2a: Dondozo|spe|1\n|-boost|p2a: Dondozo|atk|1\n|-boost|p2a: Dondozo|def|1\n|\n|-heal|p2a: Dondozo|312/362|[from] item: Leftovers\n|upkeep\n|turn|3\n|\n|t:|1771201038\n|switch|p2a: Perrserker|Perrserker, L89, F|269/269\n|move|p1a: Vileplume|Sleep Powder|p2a: Perrserker\n|-status|p2a: Perrserker|slp|[from] move: Sleep Powder\n|\n|upkeep\n|turn|4\n|\n|t:|1771201049\n|switch|p2a: Hypno|Hypno, L95, F|315/315\n|switch|p1a: Slither Wing|Slither Wing, L81|270/270\n|\n|upkeep\n|turn|5\n|\n|t:|1771201054\n|move|p2a: Hypno|Protect|p2a: Hypno\n|-singleturn|p2a: Hypno|Protect\n|move|p1a: Slither Wing|First Impression|p2a: Hypno\n|-activate|p2a: Hypno|move: Protect\n|\n|upkeep\n|turn|6\n|\n|t:|1771201071\n|-end|p1a: Slither Wing|Protosynthesis|[silent]\n|switch|p1a: Mew|Mew, L82|269/298\n|move|p2a: Hypno|Psychic Noise|p1a: Mew\n|-resisted|p1a: Mew\n|-crit|p1a: Mew\n|-damage|p1a: Mew|209/298\n|-start|p1a: Mew|move: Heal Block\n|\n|upkeep\n|turn|7\n|\n|t:|1771201086\n|switch|p2a: Dondozo|Dondozo, L78, F|312/362\n|move|p1a: Mew|Swords Dance|p1a: Mew\n|-boost|p1a: Mew|atk|2\n|\n|-heal|p2a: Dondozo|334/362|[from] item: Leftovers\n|-end|p1a: Mew|move: Heal Block\n|upkeep\n|turn|8\n|\n|t:|1771201095\n|switch|p1a: Vileplume|Vileplume, L85, M|266/266\n|switch|p2a: Blaziken|Blaziken, L76, M|247/247\n|\n|upkeep\n|turn|9\n|\n|t:|1771201108\n|switch|p1a: Mew|Mew, L82|209/298\n|move|p2a: Blaziken|Swords Dance|p2a: Blaziken\n|-boost|p2a: Blaziken|atk|2\n|\n|-ability|p2a: Blaziken|Speed Boost|boost\n|-boost|p2a: Blaziken|spe|1\n|upkeep\n|turn|10\n|\n|t:|1771201120\n|-terastallize|p1a: Mew|Fighting\n|move|p2a: Blaziken|Flare Blitz|p1a: Mew\n|-damage|p1a: Mew|0 fnt\n|faint|p1a: Mew\n|-damage|p2a: Blaziken|178/247|[from] Recoil\n|-damage|p2a: Blaziken|154/247|[from] item: Life Orb\n|\n|-ability|p2a: Blaziken|Speed Boost|boost\n|-boost|p2a: Blaziken|spe|1\n|upkeep\n|\n|t:|1771201137\n|switch|p1a: Raikou|Raikou, L81|278/278\n|-ability|p1a: Raikou|Pressure\n|turn|11\n|\n|t:|1771201146\n|move|p2a: Blaziken|Close Combat|p1a: Raikou\n|-damage|p1a: Raikou|0 fnt\n|-unboost|p2a: Blaziken|def|1\n|-unboost|p2a: Blaziken|spd|1\n|faint|p1a: Raikou\n|-damage|p2a: Blaziken|130/247|[from] item: Life Orb\n|\n|-ability|p2a: Blaziken|Speed Boost|boost\n|-boost|p2a: Blaziken|spe|1\n|upkeep\n|\n|t:|1771201153\n|switch|p1a: Slither Wing|Slither Wing, L81|270/270\n|turn|12\n|\n|t:|1771201159\n|move|p1a: Slither Wing|First Impression|p2a: Blaziken\n|-resisted|p2a: Blaziken\n|-damage|p2a: Blaziken|59/247\n|-damage|p1a: Slither Wing|243/270|[from] item: Life Orb\n|move|p2a: Blaziken|Flare Blitz|p1a: Slither Wing\n|-supereffective|p1a: Slither Wing\n|-damage|p1a: Slither Wing|0 fnt\n|faint|p1a: Slither Wing\n|-end|p1a: Slither Wing|Protosynthesis|[silent]\n|-damage|p2a: Blaziken|0 fnt|[from] Recoil\n|faint|p2a: Blaziken\n|\n|upkeep\n|\n|t:|1771201172\n|switch|p1a: Ninetales|Ninetales-Alola, L78, F|242/242\n|switch|p2a: Hypno|Hypno, L95, F|315/315\n|-weather|Snowscape|[from] ability: Snow Warning|[of] p1a: Ninetales\n|turn|13\n|\n|t:|1771201176\n|move|p1a: Ninetales|Aurora Veil|p1a: Ninetales\n|-sidestart|p1: keeler9979|move: Aurora Veil\n|move|p2a: Hypno|Toxic|p1a: Ninetales\n|-status|p1a: Ninetales|tox\n|\n|-weather|Snowscape|[upkeep]\n|-damage|p1a: Ninetales|227/242 tox|[from] psn\n|upkeep\n|turn|14\n|\n|t:|1771201185\n|switch|p1a: Komala|Komala, L89, F|260/260\n|-ability|p1a: Komala|Comatose\n|move|p2a: Hypno|Psychic Noise|p1a: Komala\n|-damage|p1a: Komala|235/260\n|-start|p1a: Komala|move: Heal Block\n|\n|-weather|Snowscape|[upkeep]\n|upkeep\n|turn|15\n|\n|t:|1771201199\n|switch|p2a: Dondozo|Dondozo, L78, F|334/362\n|move|p1a: Komala|Knock Off|p2a: Dondozo\n|-damage|p2a: Dondozo|264/362\n|-enditem|p2a: Dondozo|Leftovers|[from] move: Knock Off|[of] p1a: Komala\n|\n|-weather|Snowscape|[upkeep]\n|-end|p1a: Komala|move: Heal Block\n|upkeep\n|turn|16\n|\n|t:|1771201207\n|switch|p1a: Vileplume|Vileplume, L85, M|266/266\n|move|p2a: Dondozo|Wave Crash|p1a: Vileplume\n|-resisted|p1a: Vileplume\n|-damage|p1a: Vileplume|239/266\n|-damage|p2a: Dondozo|255/362|[from] Recoil\n|\n|-weather|Snowscape|[upkeep]\n|-heal|p1a: Vileplume|255/266|[from] item: Leftovers\n|upkeep\n|turn|17\n|\n|t:|1771201224\n|switch|p2a: Hypno|Hypno, L95, F|315/315\n|move|p1a: Vileplume|Giga Drain|p2a: Hypno\n|-damage|p2a: Hypno|243/315\n|-heal|p1a: Vileplume|266/266|[from] drain|[of] p2a: Hypno\n|\n|-weather|none\n|-heal|p2a: Hypno|262/315|[from] item: Leftovers\n|upkeep\n|turn|18\n|\n|t:|1771201230\n|switch|p2a: Zangoose|Zangoose, L85, M|263/263\n|switch|p1a: Komala|Komala, L89, F|235/260\n|-ability|p1a: Komala|Comatose\n|\n|-status|p2a: Zangoose|tox|[from] item: Toxic Orb\n|upkeep\n|turn|19\n|\n|t:|1771201241\n|switch|p1a: Vileplume|Vileplume, L85, M|266/266\n|move|p2a: Zangoose|Facade|p1a: Vileplume\n|-damage|p1a: Vileplume|131/266\n|\n|-heal|p1a: Vileplume|147/266|[from] item: Leftovers\n|-damage|p2a: Zangoose|247/263 tox|[from] psn\n|upkeep\n|turn|20\n|\n|t:|1771201249\n|-terastallize|p2a: Zangoose|Normal\n|move|p2a: Zangoose|Facade|p1a: Vileplume\n|-damage|p1a: Vileplume|0 fnt\n|faint|p1a: Vileplume\n|\n|-damage|p2a: Zangoose|215/263 tox|[from] psn\n|-sideend|p1: keeler9979|move: Aurora Veil\n|upkeep\n|-message|keeler9979 forfeited.\n|\n|win|manhattan mudbrays\n|raw|keeler9979's rating: 1833 &rarr; <strong>1810</strong><br />(-23 for losing)\n|raw|manhattan mudbrays's rating: 1785 &rarr; <strong>1808</strong><br />(+23 for winning)\n|l|☆keeler9979\n|player|p1|\n", "inputlog": ">version 686819e5e19f8a7fd2345cfc5a08a5085efa2cc3\n>start {\"formatid\":\"gen9randombattle\",\"seed\":\"sodium,861cb7ac536c4bfe55a935f171102b99\",\"rated\":\"Rated battle\"}\n>player p1 {\"name\":\"keeler9979\",\"avatar\":\"n\",\"rating\":1851,\"seed\":\"sodium,93338556be1f6380d3f0b85c0b9f0874\"}\n>player p2 {\"name\":\"manhattan mudbrays\",\"avatar\":\"jasmine\",\"rating\":1785,\"seed\":\"sodium,69caa919b059ae53473228a57e966df5\"}\n>p1 move psychicfangs\n>p2 switch 6\n>p1 switch 2\n>p2 move curse\n>p1 move sleeppowder\n>p2 switch 2\n>p1 switch 5\n>p2 switch 5\n>p1 move firstimpression\n>p2 move protect\n>p1 switch 2\n>p2 move psychicnoise\n>p1 move swordsdance\n>p2 switch 2\n>p1 switch 5\n>p2 switch 6\n>p1 switch 5\n>p2 move swordsdance\n>p1 move psychicfangs terastallize\n>p2 move flareblitz\n>p1 switch 4\n>p1 move scald\n>p2 move closecombat\n>p1 switch 2\n>p1 move firstimpression\n>p2 move flareblitz\n>p1 switch 3\n>p2 switch 2\n>p1 move auroraveil\n>p2 move toxic\n>p1 switch 6\n>p2 move psychicnoise\n>p1 move knockoff\n>p2 switch 6\n>p1 switch 5\n>p2 move wavecrash\n>p1 move gigadrain\n>p2 switch 6\n>p1 switch 5\n>p2 switch 4\n>p1 switch 5\n>p2 move facade\n>p1 move strengthsap\n>p2 move facade terastallize\n>forcelose p1", "uploadtime": 1771201305, "views": 8, "formatid": "gen9randombattle", "rating": 1808, "private": 0, "password": null}