{"id": "gen9randombattle-2540335492", "format": "[Gen 9] Random Battle", "players": ["watchogdagoat", "molfus"], "log": "|j|☆watchogdagoat\n|j|☆molfus\n|t:|1771190058\n|gametype|singles\n|player|p1|watchogdagoat|cynthia-gen4|1680\n|player|p2|molfus|schoolkid-gen4|1668\n|gen|9\n|tier|[Gen 9] Random Battle\n|rated|\n|rule|Species Clause: Limit one of each Pokémon\n|rule|HP Percentage Mod: HP is shown in percentages\n|rule|Sleep Clause Mod: Limit one foe put to sleep\n|rule|Illusion Level Mod: Illusion disguises the Pokémon's true level\n|\n|t:|1771190058\n|teamsize|p1|6\n|teamsize|p2|6\n|start\n|switch|p1a: Abomasnow|Abomasnow, L84, F|287/287\n|switch|p2a: Cramorant|Cramorant, L86, F|261/261\n|-weather|Snowscape|[from] ability: Snow Warning|[of] p1a: Abomasnow\n|turn|1\n|inactive|Battle timer is ON: inactive players will automatically lose when time's up. (requested by molfus)\n|inactive|watchogdagoat also wants the timer to be on.\n|\n|t:|1771190086\n|move|p2a: Cramorant|Brave Bird|p1a: Abomasnow\n|-supereffective|p1a: Abomasnow\n|-damage|p1a: Abomasnow|107/287\n|-damage|p2a: Cramorant|202/261|[from] Recoil\n|move|p1a: Abomasnow|Aurora Veil|p1a: Abomasnow\n|-sidestart|p1: watchogdagoat|move: Aurora Veil\n|\n|-weather|Snowscape|[upkeep]\n|upkeep\n|turn|2\n|\n|t:|1771190095\n|switch|p1a: Raikou|Raikou, L81|278/278\n|-ability|p1a: Raikou|Pressure\n|move|p2a: Cramorant|Surf|p1a: Raikou\n|-formechange|p2a: Cramorant|Cramorant-Gulping|\n|-damage|p1a: Raikou|232/278\n|\n|-weather|Snowscape|[upkeep]\n|-heal|p1a: Raikou|249/278|[from] item: Leftovers\n|upkeep\n|turn|3\n|\n|t:|1771190104\n|switch|p2a: Registeel|Registeel, L81|262/262\n|move|p1a: Raikou|Substitute|p1a: Raikou\n|-start|p1a: Raikou|Substitute\n|-damage|p1a: Raikou|180/278\n|\n|-weather|Snowscape|[upkeep]\n|-heal|p1a: Raikou|197/278|[from] item: Leftovers\n|upkeep\n|turn|4\n|\n|t:|1771190111\n|move|p1a: Raikou|Calm Mind|p1a: Raikou\n|-boost|p1a: Raikou|spa|1\n|-boost|p1a: Raikou|spd|1\n|move|p2a: Registeel|Iron Defense|p2a: Registeel\n|-boost|p2a: Registeel|def|2\n|\n|-weather|Snowscape|[upkeep]\n|-heal|p1a: Raikou|214/278|[from] item: Leftovers\n|upkeep\n|turn|5\n|\n|t:|1771190116\n|move|p1a: Raikou|Scald|p2a: Registeel\n|-damage|p2a: Registeel|198/262\n|move|p2a: Registeel|Body Press|p1a: Raikou\n|-end|p1a: Raikou|Substitute\n|\n|-weather|none\n|-heal|p1a: Raikou|231/278|[from] item: Leftovers\n|-heal|p2a: Registeel|214/262|[from] item: Leftovers\n|upkeep\n|turn|6\n|\n|t:|1771190121\n|move|p1a: Raikou|Scald|p2a: Registeel\n|-damage|p2a: Registeel|155/262\n|move|p2a: Registeel|Body Press|p1a: Raikou\n|-damage|p1a: Raikou|137/278\n|\n|-heal|p1a: Raikou|154/278|[from] item: Leftovers\n|-heal|p2a: Registeel|171/262|[from] item: Leftovers\n|upkeep\n|turn|7\n|\n|t:|1771190128\n|move|p1a: Raikou|Scald|p2a: Registeel\n|-damage|p2a: Registeel|114/262\n|-status|p2a: Registeel|brn\n|move|p2a: Registeel|Body Press|p1a: Raikou\n|-damage|p1a: Raikou|112/278\n|\n|-heal|p1a: Raikou|129/278|[from] item: Leftovers\n|-heal|p2a: Registeel|130/262 brn|[from] item: Leftovers\n|-damage|p2a: Registeel|114/262 brn|[from] brn\n|upkeep\n|turn|8\n|\n|t:|1771190135\n|move|p1a: Raikou|Thunderbolt|p2a: Registeel\n|-damage|p2a: Registeel|2/262 brn\n|move|p2a: Registeel|Iron Defense|p2a: Registeel\n|-boost|p2a: Registeel|def|2\n|\n|-heal|p1a: Raikou|146/278|[from] item: Leftovers\n|-heal|p2a: Registeel|18/262 brn|[from] item: Leftovers\n|-damage|p2a: Registeel|2/262 brn|[from] brn\n|-sideend|p1: watchogdagoat|move: Aurora Veil\n|upkeep\n|turn|9\n|\n|t:|1771190147\n|move|p1a: Raikou|Thunderbolt|p2a: Registeel\n|-damage|p2a: Registeel|0 fnt\n|faint|p2a: Registeel\n|\n|-heal|p1a: Raikou|163/278|[from] item: Leftovers\n|upkeep\n|\n|t:|1771190160\n|switch|p2a: Haxorus|Haxorus, L77, M|244/244\n|-ability|p2a: Haxorus|Mold Breaker\n|turn|10\n|\n|t:|1771190167\n|switch|p1a: Illumise|Illumise, L91, F|266/266\n|move|p2a: Haxorus|Dragon Dance|p2a: Haxorus\n|-boost|p2a: Haxorus|atk|1\n|-boost|p2a: Haxorus|spe|1\n|\n|upkeep\n|turn|11\n|\n|t:|1771190171\n|switch|p2a: Greedent|Greedent, L86, M|347/347\n|move|p1a: Illumise|Encore||[still]\n|-fail|p1a: Illumise\n|\n|upkeep\n|turn|12\n|\n|t:|1771190177\n|move|p1a: Illumise|Thunder Wave|p2a: Greedent\n|-status|p2a: Greedent|par\n|cant|p2a: Greedent|par\n|\n|upkeep\n|turn|13\n|\n|t:|1771190194\n|switch|p1a: Abomasnow|Abomasnow, L84, F|107/287\n|-weather|Snowscape|[from] ability: Snow Warning|[of] p1a: Abomasnow\n|move|p2a: Greedent|Double-Edge|p1a: Abomasnow\n|-damage|p1a: Abomasnow|16/287\n|-damage|p2a: Greedent|317/347 par|[from] Recoil\n|\n|-weather|Snowscape|[upkeep]\n|upkeep\n|turn|14\n|\n|t:|1771190203\n|switch|p2a: Cramorant|Cramorant, L86, F|202/261\n|move|p1a: Abomasnow|Aurora Veil|p1a: Abomasnow\n|-sidestart|p1: watchogdagoat|move: Aurora Veil\n|\n|-weather|Snowscape|[upkeep]\n|upkeep\n|turn|15\n|\n|t:|1771190207\n|move|p1a: Abomasnow|Ice Shard|p2a: Cramorant\n|-damage|p2a: Cramorant|150/261\n|move|p2a: Cramorant|Surf|p1a: Abomasnow\n|-formechange|p2a: Cramorant|Cramorant-Gulping|\n|-resisted|p1a: Abomasnow\n|-damage|p1a: Abomasnow|0 fnt\n|faint|p1a: Abomasnow\n|\n|-weather|Snowscape|[upkeep]\n|upkeep\n|\n|t:|1771190224\n|switch|p1a: Regice|Regice, L88|284/284\n|turn|16\n|\n|t:|1771190240\n|move|p2a: Cramorant|Roost|p2a: Cramorant\n|-heal|p2a: Cramorant|261/261\n|-singleturn|p2a: Cramorant|move: Roost\n|move|p1a: Regice|Ice Beam|p2a: Cramorant\n|-resisted|p2a: Cramorant\n|-damage|p2a: Cramorant|216/261\n|-damage|p1a: Regice|213/284|[from] ability: Gulp Missile|[of] p2a: Cramorant\n|-fail|p1a: Regice|unboost|[from] ability: Clear Body|[of] p1a: Regice\n|-formechange|p2a: Cramorant|Cramorant|\n|\n|-weather|Snowscape|[upkeep]\n|upkeep\n|turn|17\n|inactive|molfus has 120 seconds left.\n|\n|t:|1771190271\n|switch|p2a: Jirachi|Jirachi, L80|291/291\n|move|p1a: Regice|Thunderbolt|p2a: Jirachi\n|-damage|p2a: Jirachi|246/291\n|\n|-weather|none\n|upkeep\n|turn|18\n|inactive|molfus has 120 seconds left.\n|\n|t:|1771190278\n|move|p2a: Jirachi|Iron Head|p1a: Regice\n|-supereffective|p1a: Regice\n|-damage|p1a: Regice|149/284\n|cant|p1a: Regice|flinch\n|\n|upkeep\n|turn|19\n|\n|t:|1771190282\n|move|p2a: Jirachi|Iron Head|p1a: Regice\n|-supereffective|p1a: Regice\n|-damage|p1a: Regice|79/284\n|cant|p1a: Regice|flinch\n|\n|upkeep\n|turn|20\n|\n|t:|1771190289\n|switch|p1a: Illumise|Illumise, L91, F|266/266\n|move|p2a: Jirachi|Iron Head|p1a: Illumise\n|-damage|p1a: Illumise|225/266\n|\n|upkeep\n|turn|21\n|\n|t:|1771190296\n|switch|p2a: Greedent|Greedent, L86, M|317/347 par\n|move|p1a: Illumise|Thunder Wave|p2a: Greedent\n|-fail|p2a: Greedent|par\n|\n|-sideend|p1: watchogdagoat|move: Aurora Veil\n|upkeep\n|turn|22\n|\n|t:|1771190302\n|move|p1a: Illumise|Bug Buzz|p2a: Greedent\n|-damage|p2a: Greedent|209/347 par\n|cant|p2a: Greedent|par\n|\n|upkeep\n|turn|23\n|\n|t:|1771190313\n|switch|p1a: Hypno|Hypno, L95, M|315/315\n|move|p2a: Greedent|Double-Edge|p1a: Hypno\n|-damage|p1a: Hypno|188/315\n|-damage|p2a: Greedent|167/347 par|[from] Recoil\n|-enditem|p2a: Greedent|Sitrus Berry|[eat]\n|-heal|p2a: Greedent|253/347 par|[from] item: Sitrus Berry\n|-heal|p2a: Greedent|347/347 par|[from] ability: Cheek Pouch\n|\n|-heal|p1a: Hypno|207/315|[from] item: Leftovers\n|upkeep\n|turn|24\n|\n|t:|1771190321\n|move|p1a: Hypno|Psychic Noise|p2a: Greedent\n|-damage|p2a: Greedent|254/347 par\n|-start|p2a: Greedent|move: Heal Block\n|move|p2a: Greedent|Swords Dance|p2a: Greedent\n|-boost|p2a: Greedent|atk|2\n|\n|-heal|p1a: Hypno|226/315|[from] item: Leftovers\n|upkeep\n|turn|25\n|\n|t:|1771190328\n|move|p1a: Hypno|Encore|p2a: Greedent\n|-start|p2a: Greedent|Encore\n|move|p2a: Greedent|Swords Dance|p2a: Greedent\n|-boost|p2a: Greedent|atk|2\n|\n|-heal|p1a: Hypno|245/315|[from] item: Leftovers\n|-end|p2a: Greedent|move: Heal Block\n|upkeep\n|turn|26\n|\n|t:|1771190334\n|move|p1a: Hypno|Psychic Noise|p2a: Greedent\n|-damage|p2a: Greedent|154/347 par\n|-start|p2a: Greedent|move: Heal Block\n|cant|p2a: Greedent|par\n|\n|-heal|p1a: Hypno|264/315|[from] item: Leftovers\n|upkeep\n|turn|27\n|\n|t:|1771190338\n|switch|p2a: Jirachi|Jirachi, L80|246/291\n|move|p1a: Hypno|Psychic Noise|p2a: Jirachi\n|-resisted|p2a: Jirachi\n|-damage|p2a: Jirachi|234/291\n|-start|p2a: Jirachi|move: Heal Block\n|\n|-heal|p1a: Hypno|283/315|[from] item: Leftovers\n|upkeep\n|turn|28\n|\n|t:|1771190344\n|move|p2a: Jirachi|U-turn|p1a: Hypno\n|-supereffective|p1a: Hypno\n|-damage|p1a: Hypno|185/315\n|\n|t:|1771190349\n|switch|p2a: Greedent|Greedent, L86, M|154/347 par|[from] U-turn\n|move|p1a: Hypno|Knock Off|p2a: Greedent\n|-damage|p2a: Greedent|112/347 par\n|\n|-heal|p1a: Hypno|204/315|[from] item: Leftovers\n|upkeep\n|turn|29\n|\n|t:|1771190355\n|move|p1a: Hypno|Psychic Noise|p2a: Greedent\n|-damage|p2a: Greedent|27/347 par\n|-start|p2a: Greedent|move: Heal Block\n|move|p2a: Greedent|Knock Off|p1a: Hypno\n|-supereffective|p1a: Hypno\n|-damage|p1a: Hypno|68/315\n|-enditem|p1a: Hypno|Leftovers|[from] move: Knock Off|[of] p2a: Greedent\n|\n|upkeep\n|turn|30\n|\n|t:|1771190362\n|move|p1a: Hypno|Knock Off|p2a: Greedent\n|-damage|p2a: Greedent|0 fnt\n|faint|p2a: Greedent\n|\n|upkeep\n|\n|t:|1771190365\n|switch|p2a: Cramorant|Cramorant, L86, F|216/261\n|turn|31\n|\n|t:|1771190372\n|move|p2a: Cramorant|Brave Bird|p1a: Hypno\n|-damage|p1a: Hypno|0 fnt\n|faint|p1a: Hypno\n|-damage|p2a: Cramorant|194/261|[from] Recoil\n|\n|upkeep\n|\n|t:|1771190382\n|switch|p1a: Illumise|Illumise, L91, F|225/266\n|turn|32\n|\n|t:|1771190389\n|move|p1a: Illumise|Thunder Wave|p2a: Cramorant\n|-status|p2a: Cramorant|par\n|move|p2a: Cramorant|Brave Bird|p1a: Illumise\n|-supereffective|p1a: Illumise\n|-damage|p1a: Illumise|0 fnt\n|faint|p1a: Illumise\n|-damage|p2a: Cramorant|120/261 par|[from] Recoil\n|\n|upkeep\n|\n|t:|1771190417\n|switch|p1a: Regice|Regice, L88|79/284\n|turn|33\n|\n|t:|1771190431\n|move|p1a: Regice|Ice Beam|p2a: Cramorant\n|-damage|p2a: Cramorant|18/261 par\n|cant|p2a: Cramorant|par\n|\n|upkeep\n|turn|34\n|\n|t:|1771190443\n|move|p1a: Regice|Thunderbolt|p2a: Cramorant\n|-supereffective|p2a: Cramorant\n|-damage|p2a: Cramorant|0 fnt\n|faint|p2a: Cramorant\n|\n|upkeep\n|\n|t:|1771190455\n|switch|p2a: Jirachi|Jirachi, L80|234/291\n|turn|35\n|\n|t:|1771190459\n|move|p2a: Jirachi|Drain Punch|p1a: Regice\n|-supereffective|p1a: Regice\n|-damage|p1a: Regice|0 fnt\n|-heal|p2a: Jirachi|274/291|[from] drain|[of] p1a: Regice\n|faint|p1a: Regice\n|\n|upkeep\n|\n|t:|1771190473\n|switch|p1a: Hawlucha|Hawlucha, L80, F|256/256\n|turn|36\n|\n|t:|1771190481\n|move|p1a: Hawlucha|Swords Dance|p1a: Hawlucha\n|-boost|p1a: Hawlucha|atk|2\n|move|p2a: Jirachi|Body Slam|p1a: Hawlucha\n|-damage|p1a: Hawlucha|189/256\n|-status|p1a: Hawlucha|par\n|\n|upkeep\n|turn|37\n|\n|t:|1771190489\n|-terastallize|p1a: Hawlucha|Fighting\n|move|p2a: Jirachi|U-turn|p1a: Hawlucha\n|-resisted|p1a: Hawlucha\n|-damage|p1a: Hawlucha|160/256 par\n|\n|t:|1771190492\n|switch|p2a: Manaphy|Manaphy, L78|284/284|[from] U-turn\n|move|p1a: Hawlucha|Close Combat|p2a: Manaphy\n|-damage|p2a: Manaphy|0 fnt\n|-unboost|p1a: Hawlucha|def|1\n|-unboost|p1a: Hawlucha|spd|1\n|faint|p2a: Manaphy\n|-enditem|p1a: Hawlucha|White Herb\n|-clearnegativeboost|p1a: Hawlucha|[silent]\n|\n|upkeep\n|\n|t:|1771190497\n|switch|p2a: Haxorus|Haxorus, L77, M|244/244\n|-ability|p2a: Haxorus|Mold Breaker\n|turn|38\n|\n|t:|1771190508\n|move|p1a: Hawlucha|Close Combat|p2a: Haxorus\n|-damage|p2a: Haxorus|0 fnt\n|-unboost|p1a: Hawlucha|def|1\n|-unboost|p1a: Hawlucha|spd|1\n|faint|p2a: Haxorus\n|\n|upkeep\n|\n|t:|1771190511\n|switch|p2a: Jirachi|Jirachi, L80|274/291\n|turn|39\n|\n|t:|1771190515\n|move|p1a: Hawlucha|Close Combat|p2a: Jirachi\n|-damage|p2a: Jirachi|0 fnt\n|-unboost|p1a: Hawlucha|def|1\n|-unboost|p1a: Hawlucha|spd|1\n|faint|p2a: Jirachi\n|\n|win|watchogdagoat\n|raw|watchogdagoat's rating: 1680 &rarr; <strong>1699</strong><br />(+19 for winning)\n|raw|molfus's rating: 1668 &rarr; <strong>1649</strong><br />(-19 for losing)\n|l|☆molfus\n|player|p2|\n|c|☆watchogdagoat|Gg\n", "inputlog": ">version 686819e5e19f8a7fd2345cfc5a08a5085efa2cc3\n>start {\"formatid\":\"gen9randombattle\",\"seed\":\"sodium,a98eb4f143da0bbd633897949eb83210\",\"rated\":\"Rated battle\"}\n>player p1 {\"name\":\"watchogdagoat\",\"avatar\":\"cynthia-gen4\",\"rating\":1680,\"seed\":\"sodium,b7c6378fdec7282ed597aef39f223640\"}\n>player p2 {\"name\":\"molfus\",\"avatar\":\"schoolkid-gen4\",\"rating\":1668,\"seed\":\"sodium,7f037f4b7b8fa473a3e41aea53078915\"}\n>p1 move auroraveil\n>p2 move bravebird\n>p1 switch 6\n>p2 move surf\n>p1 move substitute\n>p2 switch 5\n>p1 move calmmind\n>p2 move irondefense\n>p1 move scald\n>p2 move bodypress\n>p1 move scald\n>p2 move bodypress\n>p1 move scald\n>p2 move bodypress\n>p1 move thunderbolt\n>p2 move irondefense\n>p1 move thunderbolt\n>p2 move bodypress\n>p2 switch 4\n>p1 switch 4\n>p2 move dragondance\n>p1 move encore\n>p2 switch 6\n>p1 move thunderwave\n>p2 move doubleedge\n>p1 switch 6\n>p2 move doubleedge\n>p1 move auroraveil\n>p2 switch 5\n>p1 move iceshard\n>p2 move surf\n>p1 switch 3\n>p1 move icebeam\n>p2 move roost\n>p1 move thunderbolt\n>p2 switch 3\n>p1 move thunderwave\n>p2 move ironhead\n>p1 move thunderwave\n>p2 move ironhead\n>p1 switch 6\n>p2 move ironhead\n>p1 move thunderwave\n>p2 switch 5\n>p1 move bugbuzz\n>p2 move doubleedge\n>p1 switch 2\n>p2 move doubleedge\n>p1 move psychicnoise\n>p2 move swordsdance\n>p1 move encore\n>p2 move knockoff\n>p1 move psychicnoise\n>p2 move swordsdance\n>p1 move psychicnoise\n>p2 switch 5\n>p1 move knockoff\n>p2 move uturn\n>p2 switch 5\n>p1 move psychicnoise\n>p2 move knockoff\n>p1 move knockoff\n>p2 move knockoff\n>p2 switch 3\n>p1 move psychicnoise\n>p2 move bravebird\n>p1 switch 2\n>p1 move thunderwave\n>p2 move bravebird\n>p1 switch 6\n>p1 move icebeam\n>p2 move bravebird\n>p1 move thunderbolt\n>p2 move roost\n>p2 switch 5\n>p1 move thunderwave\n>p2 move drainpunch\n>p1 switch 5\n>p1 move swordsdance\n>p2 move bodyslam\n>p1 move closecombat terastallize\n>p2 move uturn\n>p2 switch 2\n>p2 switch 6\n>p1 move closecombat\n>p2 move dragondance\n>p2 switch 2\n>p1 move closecombat\n>p2 move ironhead", "uploadtime": 1771190515, "views": 7, "formatid": "gen9randombattle", "rating": 1649, "private": 0, "password": null}