{"id": "gen9randombattle-2540099565", "format": "[Gen 9] Random Battle", "players": ["BrennainSan", "Aclios"], "log": "|j|☆BrennainSan\n|j|☆Aclios\n|t:|1771161689\n|gametype|singles\n|player|p1|BrennainSan|marshal|1664\n|player|p2|Aclios|aaron|1682\n|gen|9\n|tier|[Gen 9] Random Battle\n|rated|\n|rule|Species Clause: Limit one of each Pokémon\n|rule|HP Percentage Mod: HP is shown in percentages\n|rule|Sleep Clause Mod: Limit one foe put to sleep\n|rule|Illusion Level Mod: Illusion disguises the Pokémon's true level\n|\n|t:|1771161689\n|teamsize|p1|6\n|teamsize|p2|6\n|start\n|switch|p1a: Zangoose|Zangoose, L85, F|263/263\n|switch|p2a: Galvantula|Galvantula, L82, F|249/249\n|turn|1\n|inactive|Battle timer is ON: inactive players will automatically lose when time's up. (requested by Aclios)\n|\n|t:|1771161708\n|move|p2a: Galvantula|Sticky Web|p1a: Zangoose\n|-sidestart|p1: BrennainSan|move: Sticky Web\n|move|p1a: Zangoose|Swords Dance|p1a: Zangoose\n|-boost|p1a: Zangoose|atk|2\n|\n|-status|p1a: Zangoose|tox|[from] item: Toxic Orb\n|upkeep\n|turn|2\n|\n|t:|1771161716\n|move|p2a: Galvantula|Thunder|p1a: Zangoose\n|-damage|p1a: Zangoose|113/263 tox\n|move|p1a: Zangoose|Facade|p2a: Galvantula\n|-enditem|p2a: Galvantula|Focus Sash\n|-damage|p2a: Galvantula|1/249\n|\n|-damage|p1a: Zangoose|97/263 tox|[from] psn\n|upkeep\n|turn|3\n|\n|t:|1771161724\n|move|p2a: Galvantula|Bug Buzz|p1a: Zangoose\n|-damage|p1a: Zangoose|0 fnt\n|faint|p1a: Zangoose\n|\n|upkeep\n|\n|t:|1771161730\n|switch|p1a: Hariyama|Hariyama, L87, F|392/392\n|-activate|p1a: Hariyama|move: Sticky Web\n|-unboost|p1a: Hariyama|spe|1\n|turn|4\n|\n|t:|1771161734\n|move|p1a: Hariyama|Fake Out|p2a: Galvantula\n|-damage|p2a: Galvantula|0 fnt\n|faint|p2a: Galvantula\n|\n|-status|p1a: Hariyama|brn|[from] item: Flame Orb\n|upkeep\n|\n|t:|1771161738\n|switch|p2a: Toucannon|Toucannon, L88, M|284/284\n|turn|5\n|\n|t:|1771161753\n|-terastallize|p1a: Hariyama|Normal\n|-singleturn|p2a: Toucannon|move: Beak Blast\n|move|p1a: Hariyama|Facade|p2a: Toucannon\n|-damage|p2a: Toucannon|7/284\n|move|p2a: Toucannon|Beak Blast|p1a: Hariyama\n|-damage|p1a: Hariyama|208/392 brn\n|\n|-damage|p1a: Hariyama|184/392 brn|[from] brn\n|upkeep\n|turn|6\n|\n|t:|1771161767\n|switch|p1a: Chandelure|Chandelure, L83, M|235/235\n|move|p2a: Toucannon|Boomburst|p1a: Chandelure\n|-immune|p1a: Chandelure\n|\n|upkeep\n|turn|7\n|\n|t:|1771161772\n|switch|p2a: Suicune|Suicune, L82|298/298\n|-ability|p2a: Suicune|Pressure\n|move|p1a: Chandelure|Fire Blast|p2a: Suicune\n|-resisted|p2a: Suicune\n|-damage|p2a: Suicune|232/298\n|\n|-heal|p2a: Suicune|250/298|[from] item: Leftovers\n|upkeep\n|turn|8\n|\n|t:|1771161787\n|switch|p1a: Iron Jugulis|Iron Jugulis, L77|271/271\n|move|p2a: Suicune|Scald|p1a: Iron Jugulis\n|-damage|p1a: Iron Jugulis|183/271\n|-status|p1a: Iron Jugulis|brn\n|\n|-heal|p2a: Suicune|268/298|[from] item: Leftovers\n|-damage|p1a: Iron Jugulis|167/271 brn|[from] brn\n|upkeep\n|turn|9\n|\n|t:|1771161794\n|switch|p2a: Toucannon|Toucannon, L88, M|7/284\n|move|p1a: Iron Jugulis|Dark Pulse|p2a: Toucannon\n|-damage|p2a: Toucannon|0 fnt\n|faint|p2a: Toucannon\n|\n|-damage|p1a: Iron Jugulis|151/271 brn|[from] brn\n|upkeep\n|\n|t:|1771161801\n|switch|p2a: Pincurchin|Pincurchin, M|258/258\n|-fieldstart|move: Electric Terrain|[from] ability: Electric Surge|[of] p2a: Pincurchin\n|-activate|p1a: Iron Jugulis|ability: Quark Drive\n|-start|p1a: Iron Jugulis|quarkdrivespa\n|turn|10\n|\n|t:|1771161807\n|move|p1a: Iron Jugulis|Dark Pulse|p2a: Pincurchin\n|-damage|p2a: Pincurchin|125/258\n|move|p2a: Pincurchin|Zing Zap|p1a: Iron Jugulis\n|-supereffective|p1a: Iron Jugulis\n|-damage|p1a: Iron Jugulis|0 fnt\n|faint|p1a: Iron Jugulis\n|-end|p1a: Iron Jugulis|Quark Drive|[silent]\n|\n|-heal|p2a: Pincurchin|141/258|[from] item: Leftovers\n|upkeep\n|\n|t:|1771161828\n|switch|p1a: Gengar|Gengar, L81, M|230/230\n|-activate|p1a: Gengar|move: Sticky Web\n|-unboost|p1a: Gengar|spe|1\n|turn|11\n|\n|t:|1771161833\n|move|p1a: Gengar|Will-O-Wisp|p2a: Pincurchin\n|-status|p2a: Pincurchin|brn\n|move|p2a: Pincurchin|Zing Zap|p1a: Gengar\n|-damage|p1a: Gengar|117/230\n|\n|-heal|p2a: Pincurchin|157/258 brn|[from] item: Leftovers\n|-damage|p2a: Pincurchin|141/258 brn|[from] brn\n|upkeep\n|turn|12\n|\n|t:|1771161843\n|move|p1a: Gengar|Shadow Ball|p2a: Pincurchin\n|-damage|p2a: Pincurchin|23/258 brn\n|-damage|p1a: Gengar|94/230|[from] item: Life Orb\n|move|p2a: Pincurchin|Zing Zap|p1a: Gengar\n|-damage|p1a: Gengar|0 fnt\n|faint|p1a: Gengar\n|\n|-heal|p2a: Pincurchin|39/258 brn|[from] item: Leftovers\n|-damage|p2a: Pincurchin|23/258 brn|[from] brn\n|upkeep\n|\n|t:|1771161853\n|switch|p1a: Hariyama|Hariyama, L87, F, tera:Normal|184/392 brn\n|-activate|p1a: Hariyama|move: Sticky Web\n|-unboost|p1a: Hariyama|spe|1\n|turn|13\n|\n|t:|1771161855\n|move|p1a: Hariyama|Fake Out|p2a: Pincurchin\n|-damage|p2a: Pincurchin|0 fnt\n|faint|p2a: Pincurchin\n|\n|-damage|p1a: Hariyama|160/392 brn|[from] brn\n|upkeep\n|\n|t:|1771161861\n|switch|p2a: Weezing|Weezing, L88, F|258/258\n|turn|14\n|\n|t:|1771161866\n|move|p2a: Weezing|Gunk Shot|p1a: Hariyama\n|-damage|p1a: Hariyama|0 fnt\n|faint|p1a: Hariyama\n|\n|-fieldend|move: Electric Terrain\n|upkeep\n|\n|t:|1771161876\n|switch|p1a: Chandelure|Chandelure, L83, M|235/235\n|turn|15\n|\n|t:|1771161882\n|switch|p2a: Suicune|Suicune, L82|268/298\n|-ability|p2a: Suicune|Pressure\n|move|p1a: Chandelure|Calm Mind|p1a: Chandelure\n|-boost|p1a: Chandelure|spa|1\n|-boost|p1a: Chandelure|spd|1\n|\n|-heal|p2a: Suicune|286/298|[from] item: Leftovers\n|upkeep\n|turn|16\n|\n|t:|1771161889\n|move|p2a: Suicune|Calm Mind|p2a: Suicune\n|-boost|p2a: Suicune|spa|1\n|-boost|p2a: Suicune|spd|1\n|move|p1a: Chandelure|Calm Mind|p1a: Chandelure\n|-boost|p1a: Chandelure|spa|1\n|-boost|p1a: Chandelure|spd|1\n|\n|-heal|p2a: Suicune|298/298|[from] item: Leftovers\n|upkeep\n|turn|17\n|\n|t:|1771161894\n|move|p2a: Suicune|Scald|p1a: Chandelure\n|-supereffective|p1a: Chandelure\n|-damage|p1a: Chandelure|115/235\n|move|p1a: Chandelure|Shadow Ball|p2a: Suicune\n|-damage|p2a: Suicune|159/298\n|\n|-heal|p2a: Suicune|177/298|[from] item: Leftovers\n|upkeep\n|turn|18\n|\n|t:|1771161904\n|move|p2a: Suicune|Scald|p1a: Chandelure\n|-supereffective|p1a: Chandelure\n|-damage|p1a: Chandelure|0 fnt\n|faint|p1a: Chandelure\n|\n|-heal|p2a: Suicune|195/298|[from] item: Leftovers\n|upkeep\n|\n|t:|1771161906\n|switch|p1a: Hoopa|Hoopa-Unbound, L80|259/259\n|-activate|p1a: Hoopa|move: Sticky Web\n|-unboost|p1a: Hoopa|spe|1\n|turn|19\n|\n|t:|1771161913\n|move|p2a: Suicune|Substitute|p2a: Suicune\n|-start|p2a: Suicune|Substitute\n|-damage|p2a: Suicune|121/298\n|move|p1a: Hoopa|Hyperspace Fury|p2a: Suicune\n|-damage|p2a: Suicune|0 fnt\n|-unboost|p1a: Hoopa|def|1\n|faint|p2a: Suicune\n|\n|upkeep\n|\n|t:|1771161920\n|switch|p2a: Weezing|Weezing, L88, F|258/258\n|turn|20\n|\n|t:|1771161924\n|move|p2a: Weezing|Will-O-Wisp|p1a: Hoopa\n|-status|p1a: Hoopa|brn\n|move|p1a: Hoopa|Psychic|p2a: Weezing\n|-supereffective|p2a: Weezing\n|-damage|p2a: Weezing|0 fnt\n|faint|p2a: Weezing\n|\n|-damage|p1a: Hoopa|243/259 brn|[from] brn\n|upkeep\n|\n|t:|1771161928\n|switch|p2a: Meloetta|Meloetta, L82|298/298\n|turn|21\n|\n|t:|1771161943\n|-terastallize|p2a: Meloetta|Fighting\n|move|p2a: Meloetta|Relic Song|p1a: Hoopa\n|-damage|p1a: Hoopa|179/259 brn\n|-formechange|p2a: Meloetta|Meloetta-Pirouette|[msg]\n|-damage|p2a: Meloetta|269/298|[from] item: Life Orb\n|move|p1a: Hoopa|Psychic|p2a: Meloetta\n|-supereffective|p2a: Meloetta\n|-damage|p2a: Meloetta|0 fnt\n|faint|p2a: Meloetta\n|\n|win|BrennainSan\n|raw|BrennainSan's rating: 1664 &rarr; <strong>1685</strong><br />(+21 for winning)\n|raw|Aclios's rating: 1682 &rarr; <strong>1661</strong><br />(-21 for losing)\n|l|☆Aclios\n|player|p2|\n", "inputlog": ">version 686819e5e19f8a7fd2345cfc5a08a5085efa2cc3\n>start {\"formatid\":\"gen9randombattle\",\"seed\":\"sodium,cbc6294de147fe6f87415390f59ced34\",\"rated\":\"Rated battle\"}\n>player p1 {\"name\":\"BrennainSan\",\"avatar\":\"marshal\",\"rating\":1664,\"seed\":\"sodium,20de0bc91cf9e04ea2f1b403d9a58e3d\"}\n>player p2 {\"name\":\"Aclios\",\"avatar\":\"aaron\",\"rating\":1682,\"seed\":\"sodium,502236a882893c27265f5b1ca145f8c1\"}\n>p1 move swordsdance\n>p2 move stickyweb\n>p1 move facade\n>p2 move thunder\n>p1 move facade\n>p2 move bugbuzz\n>p1 switch 3\n>p1 move fakeout\n>p2 move thunder\n>p2 switch 5\n>p1 move facade terastallize\n>p2 move beakblast\n>p1 switch 6\n>p2 move boomburst\n>p1 move fireblast\n>p2 switch 6\n>p1 switch 2\n>p2 move scald\n>p1 move darkpulse\n>p2 switch 6\n>p2 switch 4\n>p1 move darkpulse\n>p2 move zingzap\n>p1 switch 4\n>p1 move willowisp\n>p2 move zingzap\n>p1 move shadowball\n>p2 move zingzap\n>p1 switch 6\n>p1 move fakeout\n>p2 move zingzap\n>p2 switch 3\n>p1 move facade\n>p2 move gunkshot\n>p1 switch 2\n>p1 move calmmind\n>p2 switch 6\n>p1 move calmmind\n>p2 move calmmind\n>p1 move shadowball\n>p2 move scald\n>p1 move shadowball\n>p2 move scald\n>p1 switch 5\n>p1 move hyperspacefury\n>p2 move substitute\n>p2 switch 6\n>p1 move psychic\n>p2 move willowisp\n>p2 switch 2\n>p1 move psychic\n>p2 move relicsong terastallize", "uploadtime": 1771161960, "views": 13, "formatid": "gen9randombattle", "rating": 1661, "private": 0, "password": null}