{"id": "gen9randombattle-2540524566", "format": "[Gen 9] Random Battle", "players": ["youknowwhoitsi", "xcom-jenkins"], "log": "|j|☆youknowwhoitsi\n|j|☆xcom-jenkins\n|t:|1771212968\n|gametype|singles\n|player|p1|youknowwhoitsi|101|1711\n|player|p2|xcom-jenkins|101|1744\n|gen|9\n|tier|[Gen 9] Random Battle\n|rated|\n|rule|Species Clause: Limit one of each Pokémon\n|rule|HP Percentage Mod: HP is shown in percentages\n|rule|Sleep Clause Mod: Limit one foe put to sleep\n|rule|Illusion Level Mod: Illusion disguises the Pokémon's true level\n|\n|t:|1771212968\n|teamsize|p1|6\n|teamsize|p2|6\n|start\n|switch|p1a: Slither Wing|Slither Wing, L81|270/270\n|switch|p2a: Eternatus|Eternatus, L69|308/308\n|-ability|p2a: Eternatus|Pressure\n|turn|1\n|inactive|Battle timer is ON: inactive players will automatically lose when time's up. (requested by xcom-jenkins)\n|\n|t:|1771212978\n|move|p1a: Slither Wing|Earthquake|p2a: Eternatus\n|-supereffective|p2a: Eternatus\n|-damage|p2a: Eternatus|98/308\n|move|p2a: Eternatus|Fire Blast|p1a: Slither Wing|[miss]\n|-miss|p2a: Eternatus|p1a: Slither Wing\n|\n|-heal|p2a: Eternatus|117/308|[from] item: Leftovers\n|upkeep\n|turn|2\n|\n|t:|1771212984\n|switch|p2a: Dragonite|Dragonite, L74, M|257/257\n|move|p1a: Slither Wing|Earthquake|p2a: Dragonite\n|-immune|p2a: Dragonite\n|\n|upkeep\n|turn|3\n|\n|t:|1771212995\n|-end|p1a: Slither Wing|Protosynthesis|[silent]\n|switch|p1a: Hippowdon|Hippowdon, L82, F|311/311\n|-weather|Sandstorm|[from] ability: Sand Stream|[of] p1a: Hippowdon\n|move|p2a: Dragonite|Dragon Dance|p2a: Dragonite\n|-boost|p2a: Dragonite|atk|1\n|-boost|p2a: Dragonite|spe|1\n|\n|-weather|Sandstorm|[upkeep]\n|-damage|p2a: Dragonite|241/257|[from] Sandstorm\n|upkeep\n|turn|4\n|\n|t:|1771213014\n|switch|p2a: Arboliva|Arboliva, L91, F|290/290\n|move|p1a: Hippowdon|Whirlwind|p2a: Arboliva\n|drag|p2a: Arceus|Arceus-Fairy, L69|280/280\n|\n|-weather|Sandstorm|[upkeep]\n|-damage|p2a: Arceus|263/280|[from] Sandstorm\n|upkeep\n|turn|5\n|\n|t:|1771213021\n|move|p2a: Arceus|Judgment|p1a: Hippowdon\n|-damage|p1a: Hippowdon|197/311\n|move|p1a: Hippowdon|Stealth Rock|p2a: Arceus\n|-sidestart|p2: xcom-jenkins|move: Stealth Rock\n|\n|-weather|Sandstorm|[upkeep]\n|-damage|p2a: Arceus|246/280|[from] Sandstorm\n|-heal|p1a: Hippowdon|216/311|[from] item: Leftovers\n|upkeep\n|turn|6\n|\n|t:|1771213026\n|move|p2a: Arceus|Judgment|p1a: Hippowdon\n|-damage|p1a: Hippowdon|86/311\n|move|p1a: Hippowdon|Whirlwind|p2a: Arceus\n|drag|p2a: Poliwrath|Poliwrath, L88, F|302/302\n|-damage|p2a: Poliwrath|284/302|[from] Stealth Rock\n|\n|-weather|Sandstorm|[upkeep]\n|-damage|p2a: Poliwrath|266/302|[from] Sandstorm\n|-heal|p1a: Hippowdon|105/311|[from] item: Leftovers\n|upkeep\n|turn|7\n|\n|t:|1771213045\n|move|p2a: Poliwrath|Liquidation|p1a: Hippowdon\n|-supereffective|p1a: Hippowdon\n|-damage|p1a: Hippowdon|0 fnt\n|faint|p1a: Hippowdon\n|-damage|p2a: Poliwrath|236/302|[from] item: Life Orb\n|\n|-weather|none\n|upkeep\n|\n|t:|1771213051\n|switch|p1a: Ampharos|Ampharos, L88, F|302/302\n|turn|8\n|inactive|xcom-jenkins has 120 seconds left.\n|inactive|xcom-jenkins has 90 seconds left.\n|\n|t:|1771213124\n|switch|p2a: Eternatus|Eternatus, L69|117/308\n|-damage|p2a: Eternatus|79/308|[from] Stealth Rock\n|-ability|p2a: Eternatus|Pressure\n|move|p1a: Ampharos|Agility|p1a: Ampharos\n|-boost|p1a: Ampharos|spe|2\n|\n|-heal|p2a: Eternatus|98/308|[from] item: Leftovers\n|upkeep\n|turn|9\n|\n|t:|1771213150\n|move|p1a: Ampharos|Dazzling Gleam|p2a: Eternatus\n|-damage|p2a: Eternatus|0 fnt\n|faint|p2a: Eternatus\n|-damage|p1a: Ampharos|272/302|[from] item: Life Orb\n|\n|upkeep\n|inactive|xcom-jenkins has 90 seconds left.\n|\n|t:|1771213165\n|switch|p2a: Arboliva|Arboliva, L91, F|290/290\n|-damage|p2a: Arboliva|254/290|[from] Stealth Rock\n|turn|10\n|inactive|xcom-jenkins has 90 seconds left.\n|\n|t:|1771213172\n|move|p1a: Ampharos|Focus Blast|p2a: Arboliva|[miss]\n|-miss|p1a: Ampharos|p2a: Arboliva\n|move|p2a: Arboliva|Earth Power|p1a: Ampharos\n|-supereffective|p1a: Ampharos\n|-damage|p1a: Ampharos|108/302\n|\n|-heal|p2a: Arboliva|272/290|[from] item: Leftovers\n|upkeep\n|turn|11\n|\n|t:|1771213183\n|switch|p1a: Slither Wing|Slither Wing, L81|270/270\n|move|p2a: Arboliva|Hyper Voice|p1a: Slither Wing\n|-damage|p1a: Slither Wing|141/270\n|\n|-heal|p2a: Arboliva|290/290|[from] item: Leftovers\n|upkeep\n|turn|12\n|\n|t:|1771213193\n|switch|p2a: Dragonite|Dragonite, L74, M|241/257\n|move|p1a: Slither Wing|Flare Blitz|p2a: Dragonite\n|-resisted|p2a: Dragonite\n|-damage|p2a: Dragonite|184/257\n|-damage|p1a: Slither Wing|122/270|[from] Recoil\n|\n|upkeep\n|turn|13\n|\n|t:|1771213199\n|-end|p1a: Slither Wing|Protosynthesis|[silent]\n|switch|p1a: Dusknoir|Dusknoir, L89, M|225/225\n|-item|p2a: Dragonite|Heavy-Duty Boots|[from] ability: Frisk|[of] p1a: Dusknoir\n|move|p2a: Dragonite|Earthquake|p1a: Dusknoir\n|-damage|p1a: Dusknoir|174/225\n|\n|-heal|p1a: Dusknoir|188/225|[from] item: Leftovers\n|upkeep\n|turn|14\n|\n|t:|1771213212\n|switch|p2a: Arboliva|Arboliva, L91, F|290/290\n|-damage|p2a: Arboliva|254/290|[from] Stealth Rock\n|move|p1a: Dusknoir|Substitute|p1a: Dusknoir\n|-start|p1a: Dusknoir|Substitute\n|-damage|p1a: Dusknoir|132/225\n|\n|-heal|p1a: Dusknoir|146/225|[from] item: Leftovers\n|-heal|p2a: Arboliva|272/290|[from] item: Leftovers\n|upkeep\n|turn|15\n|\n|t:|1771213218\n|-singleturn|p1a: Dusknoir|move: Focus Punch\n|move|p2a: Arboliva|Energy Ball|p1a: Dusknoir\n|-end|p1a: Dusknoir|Substitute\n|move|p1a: Dusknoir|Focus Punch|p2a: Arboliva\n|-supereffective|p2a: Arboliva\n|-damage|p2a: Arboliva|56/290\n|-fieldstart|move: Grassy Terrain|[from] ability: Seed Sower|[of] p2a: Arboliva\n|\n|-heal|p1a: Dusknoir|160/225|[from] Grassy Terrain\n|-heal|p1a: Dusknoir|174/225|[from] item: Leftovers\n|-heal|p2a: Arboliva|74/290|[from] Grassy Terrain\n|-heal|p2a: Arboliva|92/290|[from] item: Leftovers\n|upkeep\n|turn|16\n|\n|t:|1771213244\n|switch|p1a: Hydrapple|Hydrapple, L83, M|312/312\n|move|p2a: Arboliva|Strength Sap|p1a: Hydrapple\n|-unboost|p1a: Hydrapple|atk|1\n|-heal|p2a: Arboliva|229/290\n|\n|-heal|p2a: Arboliva|247/290|[from] Grassy Terrain\n|-heal|p2a: Arboliva|265/290|[from] item: Leftovers\n|upkeep\n|turn|17\n|\n|t:|1771213252\n|move|p2a: Arboliva|Hyper Voice|p1a: Hydrapple\n|-damage|p1a: Hydrapple|165/312\n|move|p1a: Hydrapple|Fickle Beam|p2a: Arboliva\n|-damage|p2a: Arboliva|159/290\n|\n|-heal|p2a: Arboliva|177/290|[from] Grassy Terrain\n|-heal|p2a: Arboliva|195/290|[from] item: Leftovers\n|-heal|p1a: Hydrapple|184/312|[from] Grassy Terrain\n|upkeep\n|turn|18\n|\n|t:|1771213261\n|move|p2a: Arboliva|Hyper Voice|p1a: Hydrapple\n|-damage|p1a: Hydrapple|39/312\n|move|p1a: Hydrapple|Fickle Beam|p2a: Arboliva\n|-damage|p2a: Arboliva|77/290\n|\n|-heal|p2a: Arboliva|95/290|[from] Grassy Terrain\n|-heal|p2a: Arboliva|113/290|[from] item: Leftovers\n|-heal|p1a: Hydrapple|58/312|[from] Grassy Terrain\n|upkeep\n|turn|19\n|\n|t:|1771213272\n|switch|p1a: Dusknoir|Dusknoir, L89, M|174/225\n|-item|p2a: Arboliva|Leftovers|[from] ability: Frisk|[of] p1a: Dusknoir\n|move|p2a: Arboliva|Strength Sap|p1a: Dusknoir\n|-unboost|p1a: Dusknoir|atk|1\n|-heal|p2a: Arboliva|290/290\n|\n|-heal|p1a: Dusknoir|188/225|[from] Grassy Terrain\n|-heal|p1a: Dusknoir|202/225|[from] item: Leftovers\n|-fieldend|move: Grassy Terrain\n|upkeep\n|turn|20\n|\n|t:|1771213283\n|move|p1a: Dusknoir|Substitute|p1a: Dusknoir\n|-start|p1a: Dusknoir|Substitute\n|-damage|p1a: Dusknoir|146/225\n|move|p2a: Arboliva|Energy Ball|p1a: Dusknoir\n|-end|p1a: Dusknoir|Substitute\n|\n|-heal|p1a: Dusknoir|160/225|[from] item: Leftovers\n|upkeep\n|turn|21\n|\n|t:|1771213291\n|switch|p1a: Hydrapple|Hydrapple, L83, M|162/312\n|move|p2a: Arboliva|Energy Ball|p1a: Hydrapple\n|-resisted|p1a: Hydrapple\n|-damage|p1a: Hydrapple|124/312\n|\n|upkeep\n|turn|22\n|\n|t:|1771213295\n|switch|p1a: Dusknoir|Dusknoir, L89, M|160/225\n|-item|p2a: Arboliva|Leftovers|[from] ability: Frisk|[of] p1a: Dusknoir\n|move|p2a: Arboliva|Hyper Voice|p1a: Dusknoir\n|-immune|p1a: Dusknoir\n|\n|-heal|p1a: Dusknoir|174/225|[from] item: Leftovers\n|upkeep\n|turn|23\n|\n|t:|1771213302\n|switch|p1a: Hydrapple|Hydrapple, L83, M|228/312\n|move|p2a: Arboliva|Energy Ball|p1a: Hydrapple\n|-resisted|p1a: Hydrapple\n|-damage|p1a: Hydrapple|194/312\n|\n|upkeep\n|turn|24\n|\n|t:|1771213308\n|switch|p1a: Slither Wing|Slither Wing, L81|122/270\n|move|p2a: Arboliva|Hyper Voice|p1a: Slither Wing\n|-damage|p1a: Slither Wing|7/270\n|\n|upkeep\n|turn|25\n|\n|t:|1771213316\n|switch|p2a: Dragonite|Dragonite, L74, M|184/257\n|move|p1a: Slither Wing|U-turn|p2a: Dragonite\n|-resisted|p2a: Dragonite\n|-damage|p2a: Dragonite|139/257\n|\n|t:|1771213325\n|-end|p1a: Slither Wing|Protosynthesis|[silent]\n|switch|p1a: Tatsugiri|Tatsugiri, L87, M|260/260|[from] U-turn\n|\n|upkeep\n|turn|26\n|\n|t:|1771213330\n|move|p1a: Tatsugiri|Draco Meteor|p2a: Dragonite\n|-supereffective|p2a: Dragonite\n|-damage|p2a: Dragonite|0 fnt\n|-unboost|p1a: Tatsugiri|spa|2\n|faint|p2a: Dragonite\n|\n|upkeep\n|\n|t:|1771213336\n|switch|p2a: Furret|Furret, L94, F|312/312\n|-damage|p2a: Furret|273/312|[from] Stealth Rock\n|-item|p1a: Tatsugiri|Heavy-Duty Boots|[from] ability: Frisk|[of] p2a: Furret\n|turn|27\n|\n|t:|1771213340\n|switch|p1a: Dusknoir|Dusknoir, L89, M|174/225\n|-item|p2a: Furret|Life Orb|[from] ability: Frisk|[of] p1a: Dusknoir\n|move|p2a: Furret|Tidy Up|p2a: Furret\n|-sideend|p2: xcom-jenkins|Stealth Rock\n|-activate|p2a: Furret|move: Tidy Up\n|-boost|p2a: Furret|atk|1\n|-boost|p2a: Furret|spe|1\n|\n|-heal|p1a: Dusknoir|188/225|[from] item: Leftovers\n|upkeep\n|turn|28\n|\n|t:|1771213348\n|move|p2a: Furret|Knock Off|p1a: Dusknoir\n|-supereffective|p1a: Dusknoir\n|-damage|p1a: Dusknoir|14/225\n|-enditem|p1a: Dusknoir|Leftovers|[from] move: Knock Off|[of] p2a: Furret\n|-damage|p2a: Furret|242/312|[from] item: Life Orb\n|move|p1a: Dusknoir|Substitute|p1a: Dusknoir\n|-fail|p1a: Dusknoir|move: Substitute|[weak]\n|\n|upkeep\n|turn|29\n|\n|t:|1771213354\n|move|p2a: Furret|Knock Off|p1a: Dusknoir\n|-supereffective|p1a: Dusknoir\n|-damage|p1a: Dusknoir|0 fnt\n|faint|p1a: Dusknoir\n|-damage|p2a: Furret|211/312|[from] item: Life Orb\n|\n|upkeep\n|\n|t:|1771213363\n|switch|p1a: Tatsugiri|Tatsugiri, L87, M|260/260\n|turn|30\n|\n|t:|1771213369\n|-terastallize|p2a: Furret|Normal\n|move|p2a: Furret|Double-Edge|p1a: Tatsugiri\n|-damage|p1a: Tatsugiri|0 fnt\n|faint|p1a: Tatsugiri\n|-damage|p2a: Furret|125/312|[from] Recoil\n|-damage|p2a: Furret|94/312|[from] item: Life Orb\n|\n|upkeep\n|\n|t:|1771213379\n|switch|p1a: Slither Wing|Slither Wing, L81|7/270\n|turn|31\n|\n|t:|1771213383\n|move|p2a: Furret|Knock Off|p1a: Slither Wing\n|-resisted|p1a: Slither Wing\n|-damage|p1a: Slither Wing|0 fnt\n|-enditem|p1a: Slither Wing|Choice Scarf|[from] move: Knock Off|[of] p2a: Furret\n|faint|p1a: Slither Wing\n|-end|p1a: Slither Wing|Protosynthesis|[silent]\n|-damage|p2a: Furret|63/312|[from] item: Life Orb\n|\n|upkeep\n|\n|t:|1771213386\n|switch|p1a: Ampharos|Ampharos, L88, F|108/302\n|turn|32\n|\n|t:|1771213391\n|move|p2a: Furret|Brick Break|p1a: Ampharos\n|-damage|p1a: Ampharos|3/302\n|-damage|p2a: Furret|32/312|[from] item: Life Orb\n|move|p1a: Ampharos|Agility|p1a: Ampharos\n|-boost|p1a: Ampharos|spe|2\n|\n|upkeep\n|turn|33\n|\n|t:|1771213407\n|move|p2a: Furret|Double-Edge|p1a: Ampharos\n|-damage|p1a: Ampharos|0 fnt\n|-status|p2a: Furret|par|[from] ability: Static|[of] p1a: Ampharos\n|faint|p1a: Ampharos\n|-damage|p2a: Furret|31/312 par|[from] Recoil\n|-damage|p2a: Furret|0 fnt|[from] item: Life Orb\n|faint|p2a: Furret\n|\n|upkeep\n|\n|t:|1771213418\n|switch|p2a: Arceus|Arceus-Fairy, L69|246/280\n|switch|p1a: Hydrapple|Hydrapple, L83, M|298/312\n|turn|34\n|\n|t:|1771213427\n|-terastallize|p1a: Hydrapple|Steel\n|move|p2a: Arceus|Calm Mind|p2a: Arceus\n|-boost|p2a: Arceus|spa|1\n|-boost|p2a: Arceus|spd|1\n|move|p1a: Hydrapple|Earth Power|p2a: Arceus\n|-damage|p2a: Arceus|173/280\n|\n|upkeep\n|turn|35\n|\n|t:|1771213433\n|move|p2a: Arceus|Earth Power|p1a: Hydrapple\n|-supereffective|p1a: Hydrapple\n|-damage|p1a: Hydrapple|138/312\n|move|p1a: Hydrapple|Earth Power|p2a: Arceus\n|-damage|p2a: Arceus|97/280\n|\n|upkeep\n|turn|36\n|\n|t:|1771213436\n|move|p2a: Arceus|Earth Power|p1a: Hydrapple\n|-supereffective|p1a: Hydrapple\n|-damage|p1a: Hydrapple|0 fnt\n|faint|p1a: Hydrapple\n|\n|win|xcom-jenkins\n|raw|youknowwhoitsi's rating: 1711 &rarr; <strong>1693</strong><br />(-18 for losing)\n|raw|xcom-jenkins's rating: 1744 &rarr; <strong>1762</strong><br />(+18 for winning)\n|l|☆youknowwhoitsi\n|player|p1|\n", "inputlog": ">version 686819e5e19f8a7fd2345cfc5a08a5085efa2cc3\n>start {\"formatid\":\"gen9randombattle\",\"seed\":\"sodium,7d734919be0a478b904c3aed749614cc\",\"rated\":\"Rated battle\"}\n>player p1 {\"name\":\"youknowwhoitsi\",\"avatar\":\"101\",\"rating\":1711,\"seed\":\"sodium,95387e90924b8a4cba2a08da4e59feb1\"}\n>player p2 {\"name\":\"xcom-jenkins\",\"avatar\":\"101\",\"rating\":1744,\"seed\":\"sodium,f68a2726357dea3577288e29a34987bf\"}\n>p1 move earthquake\n>p2 move fireblast\n>p1 move earthquake\n>p2 switch 3\n>p1 switch 2\n>p2 move dragondance\n>p1 move whirlwind\n>p2 switch 2\n>p1 move stealthrock\n>p2 move judgment\n>p1 move whirlwind\n>p2 move judgment\n>p1 move slackoff\n>p2 move liquidation\n>p1 switch 6\n>p1 move agility\n>p2 switch 3\n>p1 move dazzlinggleam\n>p2 move sludgebomb\n>p2 switch 6\n>p1 move focusblast\n>p2 move earthpower\n>p1 switch 2\n>p2 move hypervoice\n>p1 move flareblitz\n>p2 switch 2\n>p1 switch 3\n>p2 move earthquake\n>p1 move substitute\n>p2 switch 2\n>p1 move focuspunch\n>p2 move energyball\n>p1 switch 5\n>p2 move strengthsap\n>p1 move ficklebeam\n>p2 move hypervoice\n>p1 move ficklebeam\n>p2 move hypervoice\n>p1 switch 5\n>p2 move strengthsap\n>p1 move substitute\n>p2 move energyball\n>p1 switch 5\n>p2 move energyball\n>p1 switch 5\n>p2 move hypervoice\n>p1 switch 5\n>p2 move energyball\n>p1 switch 3\n>p2 move hypervoice\n>p1 move uturn\n>p2 switch 2\n>p1 switch 4\n>p1 move dracometeor\n>p2 move outrage\n>p2 switch 4\n>p1 switch 5\n>p2 move tidyup\n>p1 move substitute\n>p2 move knockoff\n>p1 move painsplit\n>p2 move knockoff\n>p1 switch 5\n>p1 move dracometeor\n>p2 move doubleedge terastallize\n>p1 switch 4\n>p1 move closecombat\n>p2 move knockoff\n>p1 switch 2\n>p1 move agility\n>p2 move brickbreak\n>p1 move thunderbolt\n>p2 move doubleedge\n>p1 switch 3\n>p2 switch 5\n>p1 move earthpower terastallize\n>p2 move calmmind\n>p1 move earthpower\n>p2 move earthpower\n>p1 move earthpower\n>p2 move earthpower", "uploadtime": 1771213442, "views": 10, "formatid": "gen9randombattle", "rating": 1693, "private": 0, "password": null}