{"id": "gen9randombattle-2540539607", "format": "[Gen 9] Random Battle", "players": ["rhdz21", "qiuescent"], "log": "|j|☆rhdz21\n|j|‽qiuescent\n|t:|1771215032\n|gametype|singles\n|player|p1|rhdz21|101|2125\n|player|p2|qiuescent|102|2108\n|gen|9\n|tier|[Gen 9] Random Battle\n|rated|\n|rule|Species Clause: Limit one of each Pokémon\n|rule|HP Percentage Mod: HP is shown in percentages\n|rule|Sleep Clause Mod: Limit one foe put to sleep\n|rule|Illusion Level Mod: Illusion disguises the Pokémon's true level\n|\n|t:|1771215032\n|teamsize|p1|6\n|teamsize|p2|6\n|start\n|switch|p1a: Regidrago|Regidrago, L77|435/435\n|switch|p2a: Meowstic|Meowstic-F, L89, F|277/277\n|turn|1\n|inactive|Battle timer is ON: inactive players will automatically lose when time's up. (requested by qiuescent)\n|\n|t:|1771215045\n|move|p2a: Meowstic|Psyshock|p1a: Regidrago\n|-damage|p1a: Regidrago|270/435\n|-damage|p2a: Meowstic|250/277|[from] item: Life Orb\n|move|p1a: Regidrago|Dragon Dance|p1a: Regidrago\n|-boost|p1a: Regidrago|atk|1\n|-boost|p1a: Regidrago|spe|1\n|\n|upkeep\n|turn|2\n|\n|t:|1771215053\n|move|p1a: Regidrago|Outrage|p2a: Meowstic\n|-damage|p2a: Meowstic|0 fnt\n|faint|p2a: Meowstic\n|\n|upkeep\n|\n|t:|1771215058\n|switch|p2a: Overqwil|Overqwil, L82, F|274/274\n|-ability|p2a: Overqwil|Intimidate|boost\n|-unboost|p1a: Regidrago|atk|1\n|turn|3\n|\n|t:|1771215062\n|move|p1a: Regidrago|Outrage|p2a: Overqwil|[from] lockedmove\n|-damage|p2a: Overqwil|103/274\n|move|p2a: Overqwil|Scale Shot|p1a: Regidrago|[miss]\n|-miss|p2a: Overqwil|p1a: Regidrago\n|\n|upkeep\n|turn|4\n|\n|t:|1771215068\n|move|p1a: Regidrago|Outrage|p2a: Overqwil|[from] lockedmove\n|-damage|p2a: Overqwil|0 fnt\n|faint|p2a: Overqwil\n|-start|p1a: Regidrago|confusion|[fatigue]\n|-enditem|p1a: Regidrago|Lum Berry|[eat]\n|-end|p1a: Regidrago|confusion\n|\n|upkeep\n|\n|t:|1771215071\n|switch|p2a: Sunflora|Sunflora, F|312/312\n|turn|5\n|\n|t:|1771215078\n|move|p1a: Regidrago|Outrage|p2a: Sunflora\n|-damage|p2a: Sunflora|125/312\n|move|p2a: Sunflora|Dazzling Gleam|p1a: Regidrago\n|-supereffective|p1a: Regidrago\n|-damage|p1a: Regidrago|0 fnt\n|faint|p1a: Regidrago\n|\n|upkeep\n|\n|t:|1771215092\n|switch|p1a: Revavroom|Revavroom, L79, M|256/256\n|turn|6\n|\n|t:|1771215100\n|switch|p2a: Walking Wake|Walking Wake, L79|286/286\n|move|p1a: Revavroom|Shift Gear|p1a: Revavroom\n|-boost|p1a: Revavroom|spe|2\n|-boost|p1a: Revavroom|atk|1\n|\n|upkeep\n|turn|7\n|\n|t:|1771215107\n|move|p1a: Revavroom|Gunk Shot|p2a: Walking Wake\n|-damage|p2a: Walking Wake|29/286\n|-damage|p1a: Revavroom|231/256|[from] item: Life Orb\n|move|p2a: Walking Wake|Hydro Pump|p1a: Revavroom\n|-damage|p1a: Revavroom|3/256\n|\n|upkeep\n|turn|8\n|\n|t:|1771215115\n|-end|p2a: Walking Wake|Protosynthesis|[silent]\n|switch|p2a: Sunflora|Sunflora, F|125/312\n|move|p1a: Revavroom|Iron Head|p2a: Sunflora\n|-damage|p2a: Sunflora|0 fnt\n|faint|p2a: Sunflora\n|-damage|p1a: Revavroom|0 fnt|[from] item: Life Orb\n|faint|p1a: Revavroom\n|\n|upkeep\n|\n|t:|1771215134\n|switch|p1a: Metagross|Metagross, L79|256/256\n|switch|p2a: Yanmega|Yanmega, L82, M|275/275\n|turn|9\n|\n|t:|1771215145\n|move|p2a: Yanmega|Bug Buzz|p1a: Metagross\n|-damage|p1a: Metagross|100/256\n|move|p1a: Metagross|Psychic Fangs|p2a: Yanmega\n|-damage|p2a: Yanmega|169/275\n|\n|upkeep\n|turn|10\n|\n|t:|1771215153\n|move|p2a: Yanmega|Bug Buzz|p1a: Metagross\n|-crit|p1a: Metagross\n|-damage|p1a: Metagross|0 fnt\n|faint|p1a: Metagross\n|\n|upkeep\n|\n|t:|1771215157\n|switch|p1a: Banette|Banette, L93, F|270/270\n|turn|11\n|\n|t:|1771215163\n|move|p2a: Yanmega|Bug Buzz|p1a: Banette\n|-resisted|p1a: Banette\n|-damage|p1a: Banette|90/270\n|move|p1a: Banette|Poltergeist|p2a: Yanmega\n|-activate|p2a: Yanmega|move: Poltergeist|Choice Specs\n|-damage|p2a: Yanmega|0 fnt\n|faint|p2a: Yanmega\n|-damage|p1a: Banette|63/270|[from] item: Life Orb\n|\n|upkeep\n|\n|t:|1771215166\n|switch|p2a: Rayquaza|Rayquaza, L72|270/270\n|-ability|p2a: Rayquaza|Air Lock\n|turn|12\n|\n|t:|1771215175\n|switch|p1a: Abomasnow|Abomasnow, L84, F|287/287\n|-weather|Snowscape|[from] ability: Snow Warning|[of] p1a: Abomasnow\n|move|p2a: Rayquaza|Earthquake|p1a: Abomasnow\n|-resisted|p1a: Abomasnow\n|-damage|p1a: Abomasnow|244/287\n|\n|-weather|Snowscape|[upkeep]\n|upkeep\n|turn|13\n|\n|t:|1771215186\n|-terastallize|p2a: Rayquaza|Flying\n|move|p2a: Rayquaza|Dragon Ascent|p1a: Abomasnow\n|-supereffective|p1a: Abomasnow\n|-damage|p1a: Abomasnow|0 fnt\n|-unboost|p2a: Rayquaza|def|1\n|-unboost|p2a: Rayquaza|spd|1\n|faint|p1a: Abomasnow\n|\n|-weather|Snowscape|[upkeep]\n|upkeep\n|\n|t:|1771215206\n|switch|p1a: Banette|Banette, L93, F|63/270\n|turn|14\n|\n|t:|1771215211\n|move|p1a: Banette|Shadow Sneak|p2a: Rayquaza\n|-damage|p2a: Rayquaza|136/270\n|-damage|p1a: Banette|36/270|[from] item: Life Orb\n|move|p2a: Rayquaza|Earthquake|p1a: Banette\n|-damage|p1a: Banette|0 fnt\n|faint|p1a: Banette\n|\n|-weather|Snowscape|[upkeep]\n|upkeep\n|\n|t:|1771215218\n|switch|p1a: Gallade|Gallade, L80, M|240/240\n|turn|15\n|\n|t:|1771215232\n|-terastallize|p1a: Gallade|Fighting\n|move|p2a: Rayquaza|Dragon Ascent|p1a: Gallade\n|-supereffective|p1a: Gallade\n|-crit|p1a: Gallade\n|-damage|p1a: Gallade|0 fnt\n|-unboost|p2a: Rayquaza|def|1\n|-unboost|p2a: Rayquaza|spd|1\n|faint|p1a: Gallade\n|\n|win|qiuescent\n|raw|rhdz21's rating: 2125 &rarr; <strong>2104</strong><br />(-21 for losing)\n|raw|qiuescent's rating: 2108 &rarr; <strong>2129</strong><br />(+21 for winning)\n|l|☆rhdz21\n|player|p1|\n", "inputlog": ">version 686819e5e19f8a7fd2345cfc5a08a5085efa2cc3\n>start {\"formatid\":\"gen9randombattle\",\"seed\":\"sodium,55b12e0783bcb1404e9f8d60bb408b5a\",\"rated\":\"Rated battle\"}\n>player p1 {\"name\":\"rhdz21\",\"avatar\":\"101\",\"rating\":2125,\"seed\":\"sodium,4c3c53f7e876c29c12e90663d9445f22\"}\n>player p2 {\"name\":\"qiuescent\",\"avatar\":\"102\",\"rating\":2108,\"seed\":\"sodium,8bb3a8891ae194696d3288e2b42571dd\"}\n>p1 move dragondance\n>p2 move psyshock\n>p1 move outrage\n>p2 move psyshock\n>p2 switch 6\n>p1 move outrage\n>p2 move scaleshot\n>p1 move outrage\n>p2 move scaleshot\n>p2 switch 5\n>p1 move outrage\n>p2 move dazzlinggleam\n>p1 switch 2\n>p1 move shiftgear\n>p2 switch 2\n>p1 move gunkshot\n>p2 move hydropump\n>p1 move ironhead\n>p2 switch 2\n>p1 switch 5\n>p2 switch 4\n>p1 move psychicfangs\n>p2 move bugbuzz\n>p1 move psychicfangs\n>p2 move bugbuzz\n>p1 switch 6\n>p1 move poltergeist\n>p2 move bugbuzz\n>p2 switch 3\n>p1 switch 4\n>p2 move earthquake\n>p1 move blizzard\n>p2 move dragonascent terastallize\n>p1 switch 4\n>p1 move shadowsneak\n>p2 move earthquake\n>p1 switch 3\n>p1 move agility terastallize\n>p2 move dragonascent", "uploadtime": 1771215251, "views": 16, "formatid": "gen9randombattle", "rating": 2104, "private": 0, "password": null}