{"id": "gen9randombattle-2540453857", "format": "[Gen 9] Random Battle", "players": ["079206025404H", "Thiccchadzik"], "log": "|j|☆079206025404H\n|j|☆Thiccchadzik\n|t:|1771203975\n|gametype|singles\n|player|p1|079206025404H|1|1523\n|player|p2|Thiccchadzik|1|1547\n|gen|9\n|tier|[Gen 9] Random Battle\n|rated|\n|rule|Species Clause: Limit one of each Pokémon\n|rule|HP Percentage Mod: HP is shown in percentages\n|rule|Sleep Clause Mod: Limit one foe put to sleep\n|rule|Illusion Level Mod: Illusion disguises the Pokémon's true level\n|\n|t:|1771203975\n|teamsize|p1|6\n|teamsize|p2|6\n|start\n|switch|p1a: Appletun|Appletun, L92, M|352/352\n|switch|p2a: Conkeldurr|Conkeldurr, L80, F|299/299\n|turn|1\n|inactive|Battle timer is ON: inactive players will automatically lose when time's up. (requested by 079206025404H)\n|\n|t:|1771203988\n|move|p2a: Conkeldurr|Knock Off|p1a: Appletun\n|-damage|p1a: Appletun|271/352\n|-enditem|p1a: Appletun|Leftovers|[from] move: Knock Off|[of] p2a: Conkeldurr\n|move|p1a: Appletun|Dragon Tail|p2a: Conkeldurr|[miss]\n|-miss|p1a: Appletun|p2a: Conkeldurr\n|\n|-status|p2a: Conkeldurr|brn|[from] item: Flame Orb\n|upkeep\n|turn|2\n|\n|t:|1771203998\n|move|p2a: Conkeldurr|Facade|p1a: Appletun\n|-damage|p1a: Appletun|77/352\n|move|p1a: Appletun|Draco Meteor|p2a: Conkeldurr\n|-damage|p2a: Conkeldurr|83/299 brn\n|-unboost|p1a: Appletun|spa|2\n|\n|-damage|p2a: Conkeldurr|65/299 brn|[from] brn\n|upkeep\n|turn|3\n|\n|t:|1771204007\n|switch|p1a: Ceruledge|Ceruledge, L78, F|245/245\n|move|p2a: Conkeldurr|Facade|p1a: Ceruledge\n|-immune|p1a: Ceruledge\n|\n|-damage|p2a: Conkeldurr|47/299 brn|[from] brn\n|upkeep\n|turn|4\n|\n|t:|1771204016\n|move|p1a: Ceruledge|Bitter Blade|p2a: Conkeldurr\n|-damage|p2a: Conkeldurr|0 fnt\n|faint|p2a: Conkeldurr\n|\n|upkeep\n|\n|t:|1771204028\n|switch|p2a: Clawitzer|Clawitzer, L87, M|265/265\n|turn|5\n|\n|t:|1771204037\n|switch|p1a: Appletun|Appletun, L92, M|77/352\n|move|p2a: Clawitzer|Dark Pulse|p1a: Appletun\n|-damage|p1a: Appletun|0 fnt\n|faint|p1a: Appletun\n|\n|upkeep\n|\n|t:|1771204046\n|switch|p1a: Minun|Minun, L95, F|268/268\n|turn|6\n|\n|t:|1771204053\n|switch|p2a: Palossand|Palossand, L89, M|296/296\n|move|p1a: Minun|Nasty Plot|p1a: Minun\n|-boost|p1a: Minun|spa|2\n|\n|upkeep\n|turn|7\n|\n|t:|1771204060\n|move|p1a: Minun|Grass Knot|p2a: Palossand\n|-supereffective|p2a: Palossand\n|-damage|p2a: Palossand|0 fnt\n|faint|p2a: Palossand\n|-damage|p1a: Minun|242/268|[from] item: Life Orb\n|\n|upkeep\n|\n|t:|1771204065\n|switch|p2a: Glimmora|Glimmora, L75, M|248/248\n|turn|8\n|\n|t:|1771204074\n|-terastallize|p1a: Minun|Electric\n|move|p1a: Minun|Thunderbolt|p2a: Glimmora\n|-damage|p2a: Glimmora|0 fnt\n|faint|p2a: Glimmora\n|-damage|p1a: Minun|216/268|[from] item: Life Orb\n|\n|upkeep\n|\n|t:|1771204094\n|switch|p2a: Bellossom|Bellossom, L84, M|263/263\n|turn|9\n|\n|t:|1771204103\n|move|p1a: Minun|Alluring Voice|p2a: Bellossom\n|-crit|p2a: Bellossom\n|-damage|p2a: Bellossom|52/263\n|-damage|p1a: Minun|190/268|[from] item: Life Orb\n|move|p2a: Bellossom|Giga Drain|p1a: Minun\n|-damage|p1a: Minun|117/268\n|-heal|p2a: Bellossom|89/263|[from] drain|[of] p1a: Minun\n|\n|-heal|p2a: Bellossom|105/263|[from] item: Leftovers\n|upkeep\n|turn|10\n|\n|t:|1771204112\n|move|p1a: Minun|Alluring Voice|p2a: Bellossom\n|-damage|p2a: Bellossom|0 fnt\n|faint|p2a: Bellossom\n|-damage|p1a: Minun|91/268|[from] item: Life Orb\n|\n|upkeep\n|\n|t:|1771204115\n|switch|p2a: Clawitzer|Clawitzer, L87, M|265/265\n|turn|11\n|\n|t:|1771204123\n|move|p1a: Minun|Thunderbolt|p2a: Clawitzer\n|-supereffective|p2a: Clawitzer\n|-damage|p2a: Clawitzer|0 fnt\n|faint|p2a: Clawitzer\n|-damage|p1a: Minun|65/268|[from] item: Life Orb\n|\n|upkeep\n|\n|t:|1771204125\n|switch|p2a: Maushold|Maushold, L76|238/238\n|turn|12\n|c|☆079206025404H|gg bro\n|\n|t:|1771204130\n|move|p1a: Minun|Thunderbolt|p2a: Maushold\n|-damage|p2a: Maushold|0 fnt\n|faint|p2a: Maushold\n|-damage|p1a: Minun|39/268|[from] item: Life Orb\n|\n|win|079206025404H\n|raw|079206025404H's rating: 1523 &rarr; <strong>1544</strong><br />(+21 for winning)\n|raw|Thiccchadzik's rating: 1547 &rarr; <strong>1526</strong><br />(-21 for losing)\n|l|☆Thiccchadzik\n|player|p2|\n", "inputlog": ">version 686819e5e19f8a7fd2345cfc5a08a5085efa2cc3\n>start {\"formatid\":\"gen9randombattle\",\"seed\":\"sodium,0e11a6fd05c5ab6579485d3804de2f7e\",\"rated\":\"Rated battle\"}\n>player p1 {\"name\":\"079206025404H\",\"avatar\":\"1\",\"rating\":1523,\"seed\":\"sodium,71432a5515dab1dccac11549a8069bf8\"}\n>player p2 {\"name\":\"Thiccchadzik\",\"avatar\":\"1\",\"rating\":1547,\"seed\":\"sodium,3c63d2dd2cd3aac12745ce00c388533f\"}\n>p1 move dragontail\n>p2 move knockoff\n>p1 move dracometeor\n>p2 move facade\n>p1 switch 6\n>p2 move facade\n>p1 move bitterblade\n>p2 move knockoff\n>p2 switch 2\n>p1 switch 6\n>p2 move darkpulse\n>p1 switch 2\n>p1 move nastyplot\n>p2 switch 5\n>p1 move grassknot\n>p2 move earthpower\n>p2 switch 6\n>p1 move thunderbolt terastallize\n>p2 move earthpower\n>p2 switch 4\n>p1 move alluringvoice\n>p2 move gigadrain\n>p1 move alluringvoice\n>p2 move gigadrain\n>p2 switch 5\n>p1 move thunderbolt\n>p2 move dragonpulse\n>p2 switch 3\n>chat ☆079206025404H|gg bro\n>p1 move thunderbolt\n>p2 move tidyup", "uploadtime": 1771204136, "views": 15, "formatid": "gen9randombattle", "rating": 1526, "private": 0, "password": null}