{"id": "gen9randombattle-2540210784", "format": "[Gen 9] Random Battle", "players": ["Soul Gem", "Mr. Motivation"], "log": "|j|☆Soul Gem\n|j|☆Mr. Motivation\n|t:|1771176225\n|gametype|singles\n|player|p1|Soul Gem|misty|1806\n|player|p2|Mr. Motivation|clay|1854\n|gen|9\n|tier|[Gen 9] Random Battle\n|rated|\n|rule|Species Clause: Limit one of each Pokémon\n|rule|HP Percentage Mod: HP is shown in percentages\n|rule|Sleep Clause Mod: Limit one foe put to sleep\n|rule|Illusion Level Mod: Illusion disguises the Pokémon's true level\n|\n|t:|1771176225\n|teamsize|p1|6\n|teamsize|p2|6\n|start\n|switch|p1a: Rotom|Rotom, L88|231/231\n|switch|p2a: Heracross|Heracross, L80, M|259/259\n|turn|1\n|inactive|Battle timer is ON: inactive players will automatically lose when time's up. (requested by Mr. Motivation)\n|inactive|Soul Gem has 120 seconds left.\n|\n|t:|1771176284\n|move|p1a: Rotom|Volt Switch|p2a: Heracross\n|-damage|p2a: Heracross|172/259\n|\n|t:|1771176287\n|switch|p1a: Tentacruel|Tentacruel, L84, M|272/272|[from] Volt Switch\n|move|p2a: Heracross|Knock Off|p1a: Tentacruel\n|-damage|p1a: Tentacruel|176/272\n|-enditem|p1a: Tentacruel|Assault Vest|[from] move: Knock Off|[of] p2a: Heracross\n|\n|-status|p2a: Heracross|brn|[from] item: Flame Orb\n|upkeep\n|turn|2\n|inactive|Mr. Motivation has 120 seconds left.\n|\n|t:|1771176340\n|move|p1a: Tentacruel|Sludge Bomb|p2a: Heracross\n|-damage|p2a: Heracross|91/259 brn\n|move|p2a: Heracross|Trailblaze|p1a: Tentacruel\n|-damage|p1a: Tentacruel|105/272\n|-boost|p2a: Heracross|spe|1\n|\n|-damage|p2a: Heracross|75/259 brn|[from] brn\n|upkeep\n|turn|3\n|\n|t:|1771176354\n|move|p2a: Heracross|Facade|p1a: Tentacruel\n|-damage|p1a: Tentacruel|0 fnt\n|faint|p1a: Tentacruel\n|\n|-damage|p2a: Heracross|59/259 brn|[from] brn\n|upkeep\n|\n|t:|1771176362\n|switch|p1a: Rotom|Rotom, L88|231/231\n|turn|4\n|inactive|Mr. Motivation has 120 seconds left.\n|\n|t:|1771176385\n|move|p1a: Rotom|Volt Switch|p2a: Heracross\n|-damage|p2a: Heracross|0 fnt\n|faint|p2a: Heracross\n|\n|t:|1771176415\n|switch|p1a: Sneasler|Sneasler, L74, M|240/240|[from] Volt Switch\n|\n|upkeep\n|\n|t:|1771176425\n|switch|p2a: Klefki|Klefki, L84, F|233/233\n|turn|5\n|\n|t:|1771176440\n|switch|p1a: Rotom|Rotom, L88|231/231\n|move|p2a: Klefki|Thunder Wave|p1a: Rotom\n|-immune|p1a: Rotom\n|\n|upkeep\n|turn|6\n|\n|t:|1771176444\n|move|p2a: Klefki|Spikes|p1a: Rotom\n|-sidestart|p1: Soul Gem|Spikes\n|move|p1a: Rotom|Thunderbolt|p2a: Klefki\n|-damage|p2a: Klefki|130/233\n|\n|-heal|p2a: Klefki|144/233|[from] item: Leftovers\n|upkeep\n|turn|7\n|\n|t:|1771176451\n|move|p2a: Klefki|Spikes|p1a: Rotom\n|-sidestart|p1: Soul Gem|Spikes\n|move|p1a: Rotom|Thunderbolt|p2a: Klefki\n|-damage|p2a: Klefki|39/233\n|\n|-heal|p2a: Klefki|53/233|[from] item: Leftovers\n|upkeep\n|turn|8\n|\n|t:|1771176453\n|switch|p2a: Dipplin|Dipplin, L88, M|284/284\n|move|p1a: Rotom|Thunderbolt|p2a: Dipplin\n|-resisted|p2a: Dipplin\n|-damage|p2a: Dipplin|268/284\n|\n|upkeep\n|turn|9\n|\n|t:|1771176478\n|switch|p1a: Cresselia|Cresselia, L80, F|323/323\n|move|p2a: Dipplin|Dragon Pulse|p1a: Cresselia\n|-damage|p1a: Cresselia|244/323\n|\n|-heal|p1a: Cresselia|264/323|[from] item: Leftovers\n|upkeep\n|turn|10\n|\n|t:|1771176493\n|switch|p2a: Calyrex|Calyrex-Shadow, L64|235/235\n|-ability|p2a: Calyrex|As One\n|-ability|p2a: Calyrex|Unnerve\n|move|p1a: Cresselia|Calm Mind|p1a: Cresselia\n|-boost|p1a: Cresselia|spa|1\n|-boost|p1a: Cresselia|spd|1\n|\n|-heal|p1a: Cresselia|284/323|[from] item: Leftovers\n|upkeep\n|turn|11\n|\n|t:|1771176518\n|move|p2a: Calyrex|Trick|p1a: Cresselia\n|-activate|p2a: Calyrex|move: Trick|[of] p1a: Cresselia\n|-item|p1a: Cresselia|Choice Specs|[from] move: Trick\n|-item|p2a: Calyrex|Leftovers|[from] move: Trick\n|move|p1a: Cresselia|Moonblast|p2a: Calyrex\n|-damage|p2a: Calyrex|102/235\n|\n|-heal|p2a: Calyrex|116/235|[from] item: Leftovers\n|upkeep\n|turn|12\n|\n|t:|1771176525\n|move|p2a: Calyrex|Astral Barrage|p1a: Cresselia\n|-supereffective|p1a: Cresselia\n|-damage|p1a: Cresselia|162/323\n|move|p1a: Cresselia|Moonblast|p2a: Calyrex\n|-damage|p2a: Calyrex|0 fnt\n|faint|p2a: Calyrex\n|\n|upkeep\n|\n|t:|1771176536\n|switch|p2a: Klefki|Klefki, L84, F|53/233\n|turn|13\n|\n|t:|1771176540\n|move|p2a: Klefki|Thunder Wave|p1a: Cresselia\n|-status|p1a: Cresselia|par\n|move|p1a: Cresselia|Moonblast|p2a: Klefki\n|-resisted|p2a: Klefki\n|-damage|p2a: Klefki|0 fnt\n|faint|p2a: Klefki\n|\n|upkeep\n|\n|t:|1771176543\n|switch|p2a: Glastrier|Glastrier, L86|312/312\n|turn|14\n|\n|t:|1771176554\n|switch|p1a: Kyogre|Kyogre, L71|259/259\n|-damage|p1a: Kyogre|216/259|[from] Spikes\n|-weather|RainDance|[from] ability: Drizzle|[of] p1a: Kyogre\n|move|p2a: Glastrier|Swords Dance|p2a: Glastrier\n|-boost|p2a: Glastrier|atk|2\n|\n|-weather|RainDance|[upkeep]\n|-heal|p1a: Kyogre|232/259|[from] item: Leftovers\n|upkeep\n|turn|15\n|\n|t:|1771176565\n|move|p1a: Kyogre|Origin Pulse|p2a: Glastrier\n|-damage|p2a: Glastrier|164/312\n|move|p2a: Glastrier|High Horsepower|p1a: Kyogre\n|-damage|p1a: Kyogre|20/259\n|\n|-weather|RainDance|[upkeep]\n|-heal|p1a: Kyogre|36/259|[from] item: Leftovers\n|upkeep\n|turn|16\n|\n|t:|1771176584\n|move|p1a: Kyogre|Origin Pulse|p2a: Glastrier\n|-damage|p2a: Glastrier|14/312\n|move|p2a: Glastrier|Heavy Slam|p1a: Kyogre\n|-resisted|p1a: Kyogre\n|-damage|p1a: Kyogre|0 fnt\n|faint|p1a: Kyogre\n|-ability|p2a: Glastrier|Chilling Neigh|boost\n|-boost|p2a: Glastrier|atk|1\n|\n|-weather|RainDance|[upkeep]\n|upkeep\n|\n|t:|1771176592\n|switch|p1a: Sneasler|Sneasler, L74, M|240/240\n|-damage|p1a: Sneasler|200/240|[from] Spikes\n|turn|17\n|\n|t:|1771176601\n|move|p1a: Sneasler|U-turn|p2a: Glastrier\n|-damage|p2a: Glastrier|0 fnt\n|faint|p2a: Glastrier\n|\n|t:|1771176609\n|switch|p1a: Rotom|Rotom, L88|231/231|[from] U-turn\n|\n|-weather|RainDance|[upkeep]\n|upkeep\n|\n|t:|1771176617\n|switch|p2a: Roaring Moon|Roaring Moon, L72|270/270\n|turn|18\n|\n|t:|1771176623\n|-terastallize|p2a: Roaring Moon|Ground\n|move|p1a: Rotom|Trick|p2a: Roaring Moon\n|-activate|p1a: Rotom|move: Trick|[of] p2a: Roaring Moon\n|-item|p2a: Roaring Moon|Choice Scarf|[from] move: Trick\n|-item|p1a: Rotom|Lum Berry|[from] move: Trick\n|move|p2a: Roaring Moon|Dragon Dance|p2a: Roaring Moon\n|-boost|p2a: Roaring Moon|atk|1\n|-boost|p2a: Roaring Moon|spe|1\n|\n|-weather|none\n|upkeep\n|turn|19\n|\n|t:|1771176639\n|-end|p2a: Roaring Moon|Protosynthesis|[silent]\n|switch|p2a: Dipplin|Dipplin, L88, M|268/284\n|switch|p1a: Cresselia|Cresselia, L80, F|162/323 par\n|\n|upkeep\n|turn|20\n|\n|t:|1771176644\n|switch|p2a: Roaring Moon|Roaring Moon, L72, tera:Ground|270/270\n|cant|p1a: Cresselia|par\n|\n|upkeep\n|turn|21\n|\n|t:|1771176657\n|move|p2a: Roaring Moon|Outrage|p1a: Cresselia\n|-damage|p1a: Cresselia|57/323 par\n|move|p1a: Cresselia|Moonblast|p2a: Roaring Moon\n|-damage|p2a: Roaring Moon|189/270\n|-unboost|p2a: Roaring Moon|spa|1\n|\n|upkeep\n|turn|22\n|\n|t:|1771176665\n|move|p2a: Roaring Moon|Outrage|p1a: Cresselia|[from] lockedmove\n|-damage|p1a: Cresselia|0 fnt\n|faint|p1a: Cresselia\n|\n|upkeep\n|\n|t:|1771176673\n|switch|p1a: Sneasler|Sneasler, L74, M|200/240\n|-damage|p1a: Sneasler|160/240|[from] Spikes\n|turn|23\n|\n|t:|1771176688\n|move|p2a: Roaring Moon|Outrage|p1a: Sneasler|[from] lockedmove\n|-damage|p1a: Sneasler|0 fnt\n|faint|p1a: Sneasler\n|-start|p2a: Roaring Moon|confusion|[fatigue]\n|\n|upkeep\n|\n|t:|1771176698\n|switch|p1a: Lokix|Lokix, L82, F|251/251\n|-damage|p1a: Lokix|210/251|[from] Spikes\n|turn|24\n|\n|t:|1771176705\n|-terastallize|p1a: Lokix|Bug\n|move|p1a: Lokix|First Impression|p2a: Roaring Moon\n|-damage|p2a: Roaring Moon|0 fnt\n|faint|p2a: Roaring Moon\n|-end|p2a: Roaring Moon|Protosynthesis|[silent]\n|-damage|p1a: Lokix|185/251|[from] item: Life Orb\n|\n|upkeep\n|\n|t:|1771176710\n|switch|p2a: Dipplin|Dipplin, L88, M|268/284\n|turn|25\n|c|☆Mr. Motivation|gg!\n|\n|t:|1771176716\n|move|p1a: Lokix|Leech Life|p2a: Dipplin\n|-supereffective|p2a: Dipplin\n|-damage|p2a: Dipplin|122/284\n|-heal|p1a: Lokix|251/251|[from] drain|[of] p2a: Dipplin\n|-damage|p1a: Lokix|226/251|[from] item: Life Orb\n|move|p2a: Dipplin|Dragon Pulse|p1a: Lokix\n|-damage|p1a: Lokix|75/251\n|\n|upkeep\n|turn|26\n|c|☆Soul Gem|gg\n|\n|t:|1771176723\n|move|p2a: Dipplin|Sucker Punch|p1a: Lokix\n|-damage|p1a: Lokix|17/251\n|move|p1a: Lokix|Leech Life|p2a: Dipplin\n|-supereffective|p2a: Dipplin\n|-damage|p2a: Dipplin|0 fnt\n|-heal|p1a: Lokix|78/251|[from] drain|[of] p2a: Dipplin\n|faint|p2a: Dipplin\n|-damage|p1a: Lokix|53/251|[from] item: Life Orb\n|\n|win|Soul Gem\n|raw|Soul Gem's rating: 1806 &rarr; <strong>1830</strong><br />(+24 for winning)\n|raw|Mr. Motivation's rating: 1874 &rarr; <strong>1850</strong><br />(-24 for losing)\n|l|☆Mr. Motivation\n|player|p2|\n", "inputlog": ">version 686819e5e19f8a7fd2345cfc5a08a5085efa2cc3\n>start {\"formatid\":\"gen9randombattle\",\"seed\":\"sodium,9e619ce312aac1c2e5e6dd9ff635d8bd\",\"rated\":\"Rated battle\"}\n>player p1 {\"name\":\"Soul Gem\",\"avatar\":\"misty\",\"rating\":1806,\"seed\":\"sodium,aaafcee25acf3e32fdc5b5a8ab145574\"}\n>player p2 {\"name\":\"Mr. Motivation\",\"avatar\":\"clay\",\"rating\":1854,\"seed\":\"sodium,126927db3c9402cab35dbe5070bf560a\"}\n>p1 move voltswitch\n>p2 move knockoff\n>p1 switch 5\n>p1 move sludgebomb\n>p2 move trailblaze\n>p1 move sludgebomb\n>p2 move facade\n>p1 switch 5\n>p1 move voltswitch\n>p2 move knockoff\n>p1 switch 6\n>p2 switch 6\n>p1 switch 6\n>p2 move thunderwave\n>p1 move thunderbolt\n>p2 move spikes\n>p1 move thunderbolt\n>p2 move spikes\n>p1 move thunderbolt\n>p2 switch 4\n>p1 switch 2\n>p2 move dragonpulse\n>p1 move calmmind\n>p2 switch 3\n>p1 move moonblast\n>p2 move trick\n>p1 move moonblast\n>p2 move astralbarrage\n>p2 switch 4\n>p1 move moonblast\n>p2 move thunderwave\n>p2 switch 5\n>p1 switch 4\n>p2 move swordsdance\n>p1 move originpulse\n>p2 move highhorsepower\n>p1 move originpulse\n>p2 move heavyslam\n>p1 switch 6\n>p1 move uturn\n>p2 move iciclecrash\n>p1 switch 2\n>p2 switch 2\n>p1 move trick\n>p2 move dragondance terastallize\n>p1 switch 4\n>p2 switch 3\n>p1 move moonblast\n>p2 switch 3\n>p1 move moonblast\n>p2 move outrage\n>p1 move moonblast\n>p2 move outrage\n>p1 switch 2\n>p1 move closecombat\n>p2 move outrage\n>p1 switch 3\n>p1 move firstimpression terastallize\n>p2 move outrage\n>p2 switch 3\n>chat ☆Mr. Motivation|gg!\n>p1 move leechlife\n>p2 move dragonpulse\n>chat ☆Soul Gem|gg\n>p1 move leechlife\n>p2 move suckerpunch", "uploadtime": 1771176733, "views": 9, "formatid": "gen9randombattle", "rating": 1830, "private": 0, "password": null}