{"id": "gen9randombattle-2539966390", "format": "[Gen 9] Random Battle", "players": ["Draxen23", "MeAndTheBorthers"], "log": "|j|☆Draxen23\n|j|☆MeAndTheBorthers\n|t:|1771134929\n|gametype|singles\n|player|p1|Draxen23|steven|1791\n|player|p2|MeAndTheBorthers|iris-gen5bw2|1764\n|gen|9\n|tier|[Gen 9] Random Battle\n|rated|\n|rule|Species Clause: Limit one of each Pokémon\n|rule|HP Percentage Mod: HP is shown in percentages\n|rule|Sleep Clause Mod: Limit one foe put to sleep\n|rule|Illusion Level Mod: Illusion disguises the Pokémon's true level\n|\n|t:|1771134929\n|teamsize|p1|6\n|teamsize|p2|6\n|start\n|switch|p1a: Duraludon|Duraludon, L82, F|249/249\n|switch|p2a: Electivire|Electivire, L84, M|263/263\n|turn|1\n|\n|t:|1771134937\n|move|p2a: Electivire|Knock Off|p1a: Duraludon\n|-damage|p1a: Duraludon|184/249\n|-enditem|p1a: Duraludon|Eviolite|[from] move: Knock Off|[of] p2a: Electivire\n|-damage|p2a: Electivire|237/263|[from] item: Life Orb\n|move|p1a: Duraludon|Stealth Rock|p2a: Electivire\n|-sidestart|p2: MeAndTheBorthers|move: Stealth Rock\n|\n|upkeep\n|turn|2\n|inactive|Battle timer is ON: inactive players will automatically lose when time's up. (requested by MeAndTheBorthers)\n|\n|t:|1771134960\n|switch|p1a: Victreebel|Victreebel, L90, M|290/290\n|move|p2a: Electivire|Ice Punch|p1a: Victreebel\n|-supereffective|p1a: Victreebel\n|-damage|p1a: Victreebel|113/290\n|-damage|p2a: Electivire|211/263|[from] item: Life Orb\n|\n|upkeep\n|turn|3\n|\n|t:|1771134968\n|move|p2a: Electivire|Knock Off|p1a: Victreebel\n|-damage|p1a: Victreebel|0 fnt\n|-enditem|p1a: Victreebel|Life Orb|[from] move: Knock Off|[of] p2a: Electivire\n|faint|p1a: Victreebel\n|-damage|p2a: Electivire|185/263|[from] item: Life Orb\n|\n|upkeep\n|\n|t:|1771134974\n|switch|p1a: Morpeko|Morpeko, L88, M|245/245\n|turn|4\n|\n|t:|1771134983\n|move|p1a: Morpeko|Knock Off|p2a: Electivire\n|-damage|p2a: Electivire|46/263\n|-enditem|p2a: Electivire|Life Orb|[from] move: Knock Off|[of] p1a: Morpeko\n|move|p2a: Electivire|Volt Switch|p1a: Morpeko\n|-resisted|p1a: Morpeko\n|-damage|p1a: Morpeko|201/245\n|\n|t:|1771134993\n|switch|p2a: Clefable|Clefable, L83, M|293/293|[from] Volt Switch\n|\n|-heal|p1a: Morpeko|216/245|[from] item: Leftovers\n|-formechange|p1a: Morpeko|Morpeko-Hangry||[from] ability: Hunger Switch\n|upkeep\n|turn|5\n|\n|t:|1771135002\n|switch|p1a: Clefable|Clefable, L83, F|293/293\n|move|p2a: Clefable|Stealth Rock|p1a: Clefable\n|-sidestart|p1: Draxen23|move: Stealth Rock\n|\n|upkeep\n|turn|6\n|inactive|MeAndTheBorthers has 120 seconds left.\n|\n|t:|1771135048\n|move|p2a: Clefable|Knock Off|p1a: Clefable\n|-resisted|p1a: Clefable\n|-damage|p1a: Clefable|250/293\n|-enditem|p1a: Clefable|Leftovers|[from] move: Knock Off|[of] p2a: Clefable\n|move|p1a: Clefable|Thunder Wave|p2a: Clefable\n|-status|p2a: Clefable|par\n|\n|upkeep\n|turn|7\n|\n|t:|1771135061\n|move|p1a: Clefable|Moonblast|p2a: Clefable\n|-damage|p2a: Clefable|197/293 par\n|-unboost|p2a: Clefable|spa|1\n|cant|p2a: Clefable|par\n|\n|upkeep\n|turn|8\n|\n|t:|1771135070\n|move|p1a: Clefable|Moonblast|p2a: Clefable\n|-damage|p2a: Clefable|100/293 par\n|move|p2a: Clefable|Moonblast|p1a: Clefable\n|-damage|p1a: Clefable|117/293\n|\n|upkeep\n|turn|9\n|\n|t:|1771135094\n|move|p1a: Clefable|Moonlight|p1a: Clefable\n|-heal|p1a: Clefable|263/293\n|move|p2a: Clefable|Moonlight|p2a: Clefable\n|-heal|p2a: Clefable|246/293 par\n|\n|upkeep\n|turn|10\n|\n|t:|1771135103\n|switch|p1a: Duraludon|Duraludon, L82, F|184/249\n|-damage|p1a: Duraludon|169/249|[from] Stealth Rock\n|move|p2a: Clefable|Moonblast|p1a: Duraludon\n|-damage|p1a: Duraludon|43/249\n|\n|upkeep\n|turn|11\n|\n|t:|1771135114\n|move|p1a: Duraludon|Draco Meteor|p2a: Clefable\n|-immune|p2a: Clefable\n|move|p2a: Clefable|Moonblast|p1a: Duraludon\n|-damage|p1a: Duraludon|0 fnt\n|faint|p1a: Duraludon\n|\n|upkeep\n|\n|t:|1771135116\n|switch|p1a: Clefable|Clefable, L83, F|263/293\n|-damage|p1a: Clefable|227/293|[from] Stealth Rock\n|turn|12\n|inactive|MeAndTheBorthers has 120 seconds left.\n|\n|t:|1771135123\n|move|p1a: Clefable|Moonblast|p2a: Clefable\n|-damage|p2a: Clefable|153/293 par\n|-unboost|p2a: Clefable|spa|1\n|move|p2a: Clefable|Moonblast|p1a: Clefable\n|-damage|p1a: Clefable|89/293\n|-unboost|p1a: Clefable|spa|1\n|\n|upkeep\n|turn|13\n|inactive|MeAndTheBorthers has 120 seconds left.\n|\n|t:|1771135151\n|switch|p1a: Morpeko|Morpeko, L88, M|216/245\n|-damage|p1a: Morpeko|186/245|[from] Stealth Rock\n|move|p2a: Clefable|Moonblast|p1a: Morpeko\n|-supereffective|p1a: Morpeko\n|-crit|p1a: Morpeko\n|-damage|p1a: Morpeko|0 fnt\n|faint|p1a: Morpeko\n|\n|upkeep\n|\n|t:|1771135154\n|switch|p1a: Quaquaval|Quaquaval, L79, M|264/264\n|-damage|p1a: Quaquaval|248/264|[from] Stealth Rock\n|turn|14\n|\n|t:|1771135160\n|-terastallize|p1a: Quaquaval|Steel\n|move|p1a: Quaquaval|Aqua Step|p2a: Clefable\n|-damage|p2a: Clefable|50/293 par\n|-boost|p1a: Quaquaval|spe|1\n|move|p2a: Clefable|Moonblast|p1a: Quaquaval\n|-resisted|p1a: Quaquaval\n|-damage|p1a: Quaquaval|213/264\n|-unboost|p1a: Quaquaval|spa|1\n|\n|-heal|p1a: Quaquaval|229/264|[from] item: Leftovers\n|upkeep\n|turn|15\n|inactive|MeAndTheBorthers has 120 seconds left.\n|\n|t:|1771135173\n|move|p1a: Quaquaval|Aqua Step|p2a: Clefable\n|-damage|p2a: Clefable|0 fnt\n|-boost|p1a: Quaquaval|spe|1\n|faint|p2a: Clefable\n|-ability|p1a: Quaquaval|Moxie|boost\n|-boost|p1a: Quaquaval|atk|1\n|\n|-heal|p1a: Quaquaval|245/264|[from] item: Leftovers\n|upkeep\n|\n|t:|1771135185\n|switch|p2a: Vespiquen|Vespiquen, L99, F|299/299\n|-ability|p2a: Vespiquen|Pressure\n|turn|16\n|\n|t:|1771135194\n|move|p1a: Quaquaval|Aqua Step|p2a: Vespiquen\n|-damage|p2a: Vespiquen|191/299\n|-boost|p1a: Quaquaval|spe|1\n|move|p2a: Vespiquen|Air Slash|p1a: Quaquaval\n|-resisted|p1a: Quaquaval\n|-damage|p1a: Quaquaval|184/264\n|\n|-heal|p1a: Quaquaval|200/264|[from] item: Leftovers\n|upkeep\n|turn|17\n|inactive|MeAndTheBorthers has 120 seconds left.\n|\n|t:|1771135206\n|move|p1a: Quaquaval|Aqua Step|p2a: Vespiquen\n|-damage|p2a: Vespiquen|98/299\n|-boost|p1a: Quaquaval|spe|1\n|move|p2a: Vespiquen|Air Slash|p1a: Quaquaval\n|-resisted|p1a: Quaquaval\n|-crit|p1a: Quaquaval\n|-damage|p1a: Quaquaval|118/264\n|\n|-heal|p1a: Quaquaval|134/264|[from] item: Leftovers\n|upkeep\n|turn|18\n|inactive|MeAndTheBorthers has 120 seconds left.\n|\n|t:|1771135217\n|move|p1a: Quaquaval|Aqua Step|p2a: Vespiquen\n|-damage|p2a: Vespiquen|0 fnt\n|-boost|p1a: Quaquaval|spe|1\n|faint|p2a: Vespiquen\n|-ability|p1a: Quaquaval|Moxie|boost\n|-boost|p1a: Quaquaval|atk|1\n|\n|-heal|p1a: Quaquaval|150/264|[from] item: Leftovers\n|upkeep\n|\n|t:|1771135225\n|switch|p2a: Regigigas|Regigigas, L84|322/322\n|-damage|p2a: Regigigas|282/322|[from] Stealth Rock\n|-start|p2a: Regigigas|ability: Slow Start\n|turn|19\n|inactive|MeAndTheBorthers has 120 seconds left.\n|\n|t:|1771135240\n|move|p2a: Regigigas|Protect|p2a: Regigigas\n|-singleturn|p2a: Regigigas|Protect\n|move|p1a: Quaquaval|Aqua Step|p2a: Regigigas\n|-activate|p2a: Regigigas|move: Protect\n|\n|-heal|p1a: Quaquaval|166/264|[from] item: Leftovers\n|-heal|p2a: Regigigas|302/322|[from] item: Leftovers\n|upkeep\n|turn|20\n|\n|t:|1771135259\n|-terastallize|p2a: Regigigas|Poison\n|move|p1a: Quaquaval|Aqua Step|p2a: Regigigas\n|-damage|p2a: Regigigas|143/322\n|-boost|p1a: Quaquaval|spe|1\n|move|p2a: Regigigas|Substitute|p2a: Regigigas\n|-start|p2a: Regigigas|Substitute\n|-damage|p2a: Regigigas|63/322\n|\n|-heal|p1a: Quaquaval|182/264|[from] item: Leftovers\n|-heal|p2a: Regigigas|83/322|[from] item: Leftovers\n|upkeep\n|turn|21\n|\n|t:|1771135271\n|move|p2a: Regigigas|Protect|p2a: Regigigas\n|-singleturn|p2a: Regigigas|Protect\n|move|p1a: Quaquaval|Rapid Spin|p2a: Regigigas\n|-activate|p2a: Regigigas|move: Protect\n|\n|-heal|p1a: Quaquaval|198/264|[from] item: Leftovers\n|-heal|p2a: Regigigas|103/322|[from] item: Leftovers\n|upkeep\n|turn|22\n|inactive|MeAndTheBorthers has 90 seconds left.\n|\n|t:|1771135312\n|move|p1a: Quaquaval|Aqua Step|p2a: Regigigas\n|-end|p2a: Regigigas|Substitute\n|move|p2a: Regigigas|Body Slam|p1a: Quaquaval\n|-resisted|p1a: Quaquaval\n|-damage|p1a: Quaquaval|162/264\n|\n|-heal|p1a: Quaquaval|178/264|[from] item: Leftovers\n|-heal|p2a: Regigigas|123/322|[from] item: Leftovers\n|upkeep\n|turn|23\n|\n|t:|1771135330\n|move|p2a: Regigigas|Protect|p2a: Regigigas\n|-singleturn|p2a: Regigigas|Protect\n|move|p1a: Quaquaval|Aqua Step|p2a: Regigigas\n|-activate|p2a: Regigigas|move: Protect\n|\n|-heal|p1a: Quaquaval|194/264|[from] item: Leftovers\n|-heal|p2a: Regigigas|143/322|[from] item: Leftovers\n|-end|p2a: Regigigas|Slow Start\n|upkeep\n|turn|24\n|\n|t:|1771135336\n|move|p1a: Quaquaval|Aqua Step|p2a: Regigigas\n|-damage|p2a: Regigigas|0 fnt\n|faint|p2a: Regigigas\n|-end|p2a: Regigigas|Slow Start|[silent]\n|-ability|p1a: Quaquaval|Moxie|boost\n|-boost|p1a: Quaquaval|atk|1\n|\n|-heal|p1a: Quaquaval|210/264|[from] item: Leftovers\n|upkeep\n|\n|t:|1771135343\n|switch|p2a: Jolteon|Jolteon, L84, M|246/246\n|-damage|p2a: Jolteon|216/246|[from] Stealth Rock\n|turn|25\n|\n|t:|1771135349\n|move|p1a: Quaquaval|Close Combat|p2a: Jolteon\n|-damage|p2a: Jolteon|0 fnt\n|-unboost|p1a: Quaquaval|def|1\n|-unboost|p1a: Quaquaval|spd|1\n|faint|p2a: Jolteon\n|-ability|p1a: Quaquaval|Moxie|boost\n|-boost|p1a: Quaquaval|atk|1\n|\n|-heal|p1a: Quaquaval|226/264|[from] item: Leftovers\n|upkeep\n|inactive|MeAndTheBorthers has 90 seconds left.\n|\n|t:|1771135357\n|switch|p2a: Electivire|Electivire, L84, M|46/263\n|-damage|p2a: Electivire|14/263|[from] Stealth Rock\n|turn|26\n|\n|t:|1771135359\n|move|p1a: Quaquaval|Rapid Spin|p2a: Electivire\n|-damage|p2a: Electivire|0 fnt\n|-sideend|p1: Draxen23|Stealth Rock|[from] move: Rapid Spin|[of] p1a: Quaquaval\n|faint|p2a: Electivire\n|-ability|p1a: Quaquaval|Moxie|boost\n|-boost|p1a: Quaquaval|atk|1\n|\n|-heal|p1a: Quaquaval|242/264|[from] item: Leftovers\n|upkeep\n|\n|t:|1771135361\n|switch|p2a: Weavile|Weavile, L79, F|240/240\n|turn|27\n|\n|t:|1771135364\n|move|p2a: Weavile|Ice Shard|p1a: Quaquaval\n|-resisted|p1a: Quaquaval\n|-damage|p1a: Quaquaval|203/264\n|move|p1a: Quaquaval|Close Combat|p2a: Weavile\n|-supereffective|p2a: Weavile\n|-damage|p2a: Weavile|0 fnt\n|-unboost|p1a: Quaquaval|def|1\n|-unboost|p1a: Quaquaval|spd|1\n|faint|p2a: Weavile\n|\n|win|Draxen23\n|raw|Draxen23's rating: 1791 &rarr; <strong>1809</strong><br />(+18 for winning)\n|raw|MeAndTheBorthers's rating: 1764 &rarr; <strong>1746</strong><br />(-18 for losing)\n", "inputlog": ">version 686819e5e19f8a7fd2345cfc5a08a5085efa2cc3\n>start {\"formatid\":\"gen9randombattle\",\"seed\":\"sodium,ac046456ba316cfb8f5a85d102fad904\",\"rated\":\"Rated battle\"}\n>player p1 {\"name\":\"Draxen23\",\"avatar\":\"steven\",\"rating\":1791,\"seed\":\"sodium,bd0ad1565eeed25aac92179bf248e3b6\"}\n>player p2 {\"name\":\"MeAndTheBorthers\",\"avatar\":\"iris-gen5bw2\",\"rating\":1764,\"seed\":\"sodium,a66f780041405fcdcf5a10a7b57c55fc\"}\n>p1 move stealthrock\n>p2 move knockoff\n>p1 switch 5\n>p2 move icepunch\n>p1 move sleeppowder\n>p2 move knockoff\n>p1 switch 3\n>p1 move knockoff\n>p2 move voltswitch\n>p2 switch 4\n>p1 switch 6\n>p2 move stealthrock\n>p1 move thunderwave\n>p2 move knockoff\n>p1 move moonblast\n>p2 move moonlight\n>p1 move moonblast\n>p2 move moonblast\n>p1 move moonlight\n>p2 move moonlight\n>p1 switch 5\n>p2 move moonblast\n>p1 move dracometeor\n>p2 move moonblast\n>p1 switch 5\n>p1 move moonblast\n>p2 move moonblast\n>p1 switch 6\n>p2 move moonblast\n>p1 switch 2\n>p1 move aquastep terastallize\n>p2 move moonblast\n>p1 move aquastep\n>p2 move moonlight\n>p2 switch 2\n>p1 move aquastep\n>p2 move airslash\n>p1 move aquastep\n>p2 move airslash\n>p1 move aquastep\n>p2 move airslash\n>p2 switch 6\n>p1 move aquastep\n>p2 move protect\n>p1 move aquastep\n>p2 move substitute terastallize\n>p1 move rapidspin\n>p2 move protect\n>p1 move aquastep\n>p2 move bodyslam\n>p1 move aquastep\n>p2 move protect\n>p1 move aquastep\n>p2 move bodyslam\n>p2 switch 5\n>p1 move closecombat\n>p2 move thunderbolt\n>p2 switch 4\n>p1 move rapidspin\n>p2 move supercellslam\n>p2 switch 3\n>p1 move closecombat\n>p2 move iceshard", "uploadtime": 1771135366, "views": 14, "formatid": "gen9randombattle", "rating": 1746, "private": 0, "password": null}