{"id": "gen9randombattle-2540600809", "format": "[Gen 9] Random Battle", "players": ["Masturcheef", "ItsMeBigP"], "log": "|j|☆Masturcheef\n|j|☆ItsMeBigP\n|t:|1771224990\n|gametype|singles\n|player|p1|Masturcheef|169|1884\n|player|p2|ItsMeBigP|170|1823\n|gen|9\n|tier|[Gen 9] Random Battle\n|rated|\n|rule|Species Clause: Limit one of each Pokémon\n|rule|HP Percentage Mod: HP is shown in percentages\n|rule|Sleep Clause Mod: Limit one foe put to sleep\n|rule|Illusion Level Mod: Illusion disguises the Pokémon's true level\n|\n|t:|1771224990\n|teamsize|p1|6\n|teamsize|p2|6\n|start\n|switch|p1a: Bombirdier|Bombirdier, L85, F|258/258\n|switch|p2a: Bombirdier|Bombirdier, L85, M|258/258\n|turn|1\n|inactive|Battle timer is ON: inactive players will automatically lose when time's up. (requested by Masturcheef)\n|\n|t:|1771225020\n|move|p1a: Bombirdier|Stone Edge|p2a: Bombirdier\n|-supereffective|p2a: Bombirdier\n|-damage|p2a: Bombirdier|20/258\n|move|p2a: Bombirdier|Stone Edge|p1a: Bombirdier|[miss]\n|-miss|p2a: Bombirdier|p1a: Bombirdier\n|\n|upkeep\n|turn|2\n|\n|t:|1771225031\n|move|p1a: Bombirdier|Stone Edge|p2a: Bombirdier|[miss]\n|-miss|p1a: Bombirdier|p2a: Bombirdier\n|move|p2a: Bombirdier|Stone Edge|p1a: Bombirdier\n|-supereffective|p1a: Bombirdier\n|-crit|p1a: Bombirdier\n|-damage|p1a: Bombirdier|0 fnt\n|faint|p1a: Bombirdier\n|\n|upkeep\n|c|☆Masturcheef|Booooo\n|c|☆ItsMeBigP|that's the price for getting both speed ties\n|inactive|Masturcheef has 120 seconds left.\n|\n|t:|1771225057\n|switch|p1a: Jirachi|Jirachi, L80|291/291\n|turn|3\n|c|☆ItsMeBigP|says so in the rules\n|\n|t:|1771225066\n|switch|p2a: Shiftry|Shiftry, L89, M|305/305\n|move|p1a: Jirachi|U-turn|p2a: Shiftry\n|-supereffective|p2a: Shiftry\n|-damage|p2a: Shiftry|65/305\n|c|☆Masturcheef|Haha good point\n|inactive|Masturcheef has 120 seconds left.\n|\n|t:|1771225096\n|switch|p1a: Smeargle|Smeargle, L95, M|258/258|[from] U-turn\n|\n|upkeep\n|turn|4\n|\n|t:|1771225109\n|switch|p2a: Vespiquen|Vespiquen, L99, F|299/299\n|-ability|p2a: Vespiquen|Pressure\n|move|p1a: Smeargle|Population Bomb|p2a: Vespiquen\n|-damage|p2a: Vespiquen|286/299\n|-damage|p2a: Vespiquen|274/299\n|-damage|p2a: Vespiquen|262/299\n|-damage|p2a: Vespiquen|250/299\n|-damage|p2a: Vespiquen|235/299\n|-damage|p2a: Vespiquen|222/299\n|-damage|p2a: Vespiquen|209/299\n|-damage|p2a: Vespiquen|196/299\n|-damage|p2a: Vespiquen|181/299\n|-damage|p2a: Vespiquen|169/299\n|-hitcount|p2a: Vespiquen|10\n|\n|upkeep\n|turn|5\n|inactive|Masturcheef has 120 seconds left.\n|\n|t:|1771225114\n|move|p1a: Smeargle|Spore|p2a: Vespiquen\n|-status|p2a: Vespiquen|slp|[from] move: Spore\n|cant|p2a: Vespiquen|slp\n|\n|upkeep\n|turn|6\n|inactive|Masturcheef has 120 seconds left.\n|\n|t:|1771225132\n|switch|p1a: Pincurchin|Pincurchin, M|258/258\n|-fieldstart|move: Electric Terrain|[from] ability: Electric Surge|[of] p1a: Pincurchin\n|switch|p2a: Seviper|Seviper, L93, M|287/287\n|\n|upkeep\n|turn|7\n|inactive|Masturcheef has 120 seconds left.\n|\n|t:|1771225149\n|switch|p2a: Plusle|Plusle, L95, M|268/268\n|move|p1a: Pincurchin|Curse|p1a: Pincurchin\n|-unboost|p1a: Pincurchin|spe|1\n|-boost|p1a: Pincurchin|atk|1\n|-boost|p1a: Pincurchin|def|1\n|\n|upkeep\n|turn|8\n|\n|t:|1771225163\n|move|p2a: Plusle|Nasty Plot|p2a: Plusle\n|-boost|p2a: Plusle|spa|2\n|move|p1a: Pincurchin|Liquidation|p2a: Plusle\n|-damage|p2a: Plusle|81/268\n|-unboost|p2a: Plusle|def|1\n|\n|upkeep\n|turn|9\n|\n|t:|1771225169\n|move|p2a: Plusle|Thunderbolt|p1a: Pincurchin\n|-resisted|p1a: Pincurchin\n|-damage|p1a: Pincurchin|106/258\n|-damage|p2a: Plusle|55/268|[from] item: Life Orb\n|move|p1a: Pincurchin|Liquidation|p2a: Plusle\n|-damage|p2a: Plusle|0 fnt\n|faint|p2a: Plusle\n|\n|-heal|p1a: Pincurchin|122/258|[from] item: Leftovers\n|upkeep\n|\n|t:|1771225180\n|switch|p2a: Shiftry|Shiftry, L89, M|65/305\n|turn|10\n|\n|t:|1771225188\n|move|p2a: Shiftry|Leaf Storm|p1a: Pincurchin\n|-damage|p1a: Pincurchin|0 fnt\n|-unboost|p2a: Shiftry|spa|2\n|faint|p1a: Pincurchin\n|-damage|p2a: Shiftry|35/305|[from] item: Life Orb\n|\n|-fieldend|move: Electric Terrain\n|upkeep\n|\n|t:|1771225193\n|switch|p1a: Jirachi|Jirachi, L80|291/291\n|turn|11\n|\n|t:|1771225208\n|move|p2a: Shiftry|Sucker Punch|p1a: Jirachi\n|-supereffective|p1a: Jirachi\n|-damage|p1a: Jirachi|62/291\n|-damage|p2a: Shiftry|5/305|[from] item: Life Orb\n|move|p1a: Jirachi|Iron Head|p2a: Shiftry\n|-damage|p2a: Shiftry|0 fnt\n|faint|p2a: Shiftry\n|\n|-heal|p1a: Jirachi|80/291|[from] item: Leftovers\n|upkeep\n|\n|t:|1771225212\n|switch|p2a: Keldeo|Keldeo-Resolute, L79|273/273\n|turn|12\n|\n|t:|1771225220\n|move|p2a: Keldeo|Secret Sword|p1a: Jirachi\n|-damage|p1a: Jirachi|0 fnt\n|faint|p1a: Jirachi\n|\n|upkeep\n|\n|t:|1771225226\n|switch|p1a: Pecharunt|Pecharunt, L77|262/262\n|turn|13\n|\n|t:|1771225236\n|switch|p2a: Seviper|Seviper, L93, M|287/287\n|move|p1a: Pecharunt|Parting Shot|p2a: Seviper\n|-unboost|p2a: Seviper|atk|1\n|-unboost|p2a: Seviper|spa|1\n|\n|t:|1771225257\n|switch|p1a: Smeargle|Smeargle, L95, M|258/258|[from] Parting Shot\n|\n|upkeep\n|turn|14\n|inactive|Masturcheef has 120 seconds left.\n|\n|t:|1771225276\n|-terastallize|p1a: Smeargle|Ghost\n|move|p1a: Smeargle|Shell Smash|p1a: Smeargle\n|-unboost|p1a: Smeargle|def|1\n|-unboost|p1a: Smeargle|spd|1\n|-boost|p1a: Smeargle|atk|2\n|-boost|p1a: Smeargle|spa|2\n|-boost|p1a: Smeargle|spe|2\n|move|p2a: Seviper|Gunk Shot|p1a: Smeargle\n|-resisted|p1a: Smeargle\n|-damage|p1a: Smeargle|83/258\n|-damage|p2a: Seviper|259/287|[from] item: Life Orb\n|\n|upkeep\n|turn|15\n|inactive|Masturcheef has 120 seconds left.\n|\n|t:|1771225286\n|move|p1a: Smeargle|Population Bomb|p2a: Seviper\n|-damage|p2a: Seviper|222/287\n|-damage|p2a: Seviper|185/287\n|-damage|p2a: Seviper|146/287\n|-damage|p2a: Seviper|107/287\n|-damage|p2a: Seviper|71/287\n|-damage|p2a: Seviper|29/287\n|-damage|p2a: Seviper|0 fnt\n|faint|p2a: Seviper\n|-hitcount|p2: Seviper|7\n|\n|upkeep\n|\n|t:|1771225301\n|switch|p2a: Bombirdier|Bombirdier, L85, M|20/258\n|turn|16\n|inactive|Masturcheef has 120 seconds left.\n|c|☆Masturcheef|Well i didnt have sucker punch now did i lol\n|c|☆ItsMeBigP|shhh\n|\n|t:|1771225330\n|move|p1a: Smeargle|Population Bomb|p2a: Bombirdier\n|-damage|p2a: Bombirdier|0 fnt\n|faint|p2a: Bombirdier\n|-hitcount|p2: Bombirdier|1\n|\n|upkeep\n|\n|t:|1771225334\n|switch|p2a: Keldeo|Keldeo-Resolute, L79|273/273\n|turn|17\n|\n|t:|1771225341\n|move|p1a: Smeargle|Population Bomb|p2a: Keldeo|[miss]\n|-miss|p1a: Smeargle|p2a: Keldeo\n|move|p2a: Keldeo|Air Slash|p1a: Smeargle\n|-damage|p1a: Smeargle|0 fnt\n|faint|p1a: Smeargle\n|\n|upkeep\n|c|☆ItsMeBigP|oh word\n|c|☆Masturcheef|Dangggggg\n|inactive|Masturcheef has 120 seconds left.\n|c|☆Masturcheef|My lenses were too wide\n|\n|t:|1771225374\n|switch|p1a: Pecharunt|Pecharunt, L77|262/262\n|turn|18\n|\n|t:|1771225380\n|switch|p2a: Vespiquen|Vespiquen, L99, F|169/299 slp\n|-ability|p2a: Vespiquen|Pressure\n|move|p1a: Pecharunt|Malignant Chain|p2a: Vespiquen\n|-damage|p2a: Vespiquen|100/299 slp\n|\n|upkeep\n|turn|19\n|\n|t:|1771225396\n|move|p1a: Pecharunt|Shadow Ball|p2a: Vespiquen\n|-damage|p2a: Vespiquen|52/299 slp\n|-curestatus|p2a: Vespiquen|slp|[msg]\n|move|p2a: Vespiquen|Roost|p2a: Vespiquen\n|-heal|p2a: Vespiquen|202/299\n|-singleturn|p2a: Vespiquen|move: Roost\n|\n|upkeep\n|turn|20\n|\n|t:|1771225402\n|move|p1a: Pecharunt|Malignant Chain|p2a: Vespiquen\n|-damage|p2a: Vespiquen|139/299\n|-status|p2a: Vespiquen|tox\n|-start|p2a: Vespiquen|confusion|[from] ability: Poison Puppeteer|[of] p1a: Pecharunt\n|-activate|p2a: Vespiquen|confusion\n|move|p2a: Vespiquen|Roost|p2a: Vespiquen\n|-heal|p2a: Vespiquen|289/299 tox\n|-singleturn|p2a: Vespiquen|move: Roost\n|\n|-damage|p2a: Vespiquen|271/299 tox|[from] psn\n|upkeep\n|turn|21\n|\n|t:|1771225411\n|move|p1a: Pecharunt|Shadow Ball|p2a: Vespiquen\n|-damage|p2a: Vespiquen|225/299 tox\n|-unboost|p2a: Vespiquen|spd|1\n|-end|p2a: Vespiquen|confusion\n|move|p2a: Vespiquen|Hurricane|p1a: Pecharunt\n|-damage|p1a: Pecharunt|108/262\n|\n|-heal|p1a: Pecharunt|124/262|[from] item: Leftovers\n|-damage|p2a: Vespiquen|189/299 tox|[from] psn\n|upkeep\n|turn|22\n|\n|t:|1771225419\n|move|p1a: Pecharunt|Recover|p1a: Pecharunt\n|-heal|p1a: Pecharunt|255/262\n|move|p2a: Vespiquen|Hurricane|p1a: Pecharunt\n|-damage|p1a: Pecharunt|114/262\n|\n|-heal|p1a: Pecharunt|130/262|[from] item: Leftovers\n|-damage|p2a: Vespiquen|135/299 tox|[from] psn\n|upkeep\n|turn|23\n|\n|t:|1771225422\n|switch|p2a: Keldeo|Keldeo-Resolute, L79|273/273\n|move|p1a: Pecharunt|Recover|p1a: Pecharunt\n|-heal|p1a: Pecharunt|261/262\n|\n|-heal|p1a: Pecharunt|262/262|[from] item: Leftovers\n|upkeep\n|turn|24\n|\n|t:|1771225425\n|-terastallize|p2a: Keldeo|Water\n|move|p2a: Keldeo|Hydro Pump|p1a: Pecharunt\n|-damage|p1a: Pecharunt|62/262\n|move|p1a: Pecharunt|Malignant Chain|p2a: Keldeo\n|-damage|p2a: Keldeo|183/273\n|-status|p2a: Keldeo|tox\n|-start|p2a: Keldeo|confusion|[from] ability: Poison Puppeteer|[of] p1a: Pecharunt\n|\n|-heal|p1a: Pecharunt|78/262|[from] item: Leftovers\n|-damage|p2a: Keldeo|166/273 tox|[from] psn\n|upkeep\n|turn|25\n|\n|t:|1771225431\n|-activate|p2a: Keldeo|confusion\n|move|p2a: Keldeo|Hydro Pump|p1a: Pecharunt\n|-crit|p1a: Pecharunt\n|-damage|p1a: Pecharunt|0 fnt\n|faint|p1a: Pecharunt\n|\n|-damage|p2a: Keldeo|132/273 tox|[from] psn\n|upkeep\n|\n|t:|1771225434\n|switch|p1a: Flutter Mane|Flutter Mane, L74|203/203\n|turn|26\n|\n|t:|1771225440\n|switch|p2a: Vespiquen|Vespiquen, L99, F|135/299 tox\n|-ability|p2a: Vespiquen|Pressure\n|move|p1a: Flutter Mane|Calm Mind|p1a: Flutter Mane\n|-boost|p1a: Flutter Mane|spa|1\n|-boost|p1a: Flutter Mane|spd|1\n|\n|-damage|p2a: Vespiquen|117/299 tox|[from] psn\n|upkeep\n|turn|27\n|\n|t:|1771225445\n|move|p1a: Flutter Mane|Moonblast|p2a: Vespiquen\n|-damage|p2a: Vespiquen|0 fnt\n|faint|p2a: Vespiquen\n|-damage|p1a: Flutter Mane|183/203|[from] item: Life Orb\n|\n|upkeep\n|\n|t:|1771225447\n|switch|p2a: Keldeo|Keldeo-Resolute, L79, tera:Water|132/273 tox\n|turn|28\n|\n|t:|1771225448\n|move|p2a: Keldeo|Hydro Pump|p1a: Flutter Mane\n|-crit|p1a: Flutter Mane\n|-damage|p1a: Flutter Mane|0 fnt\n|faint|p1a: Flutter Mane\n|-end|p1a: Flutter Mane|Protosynthesis|[silent]\n|\n|win|ItsMeBigP\n|raw|Masturcheef's rating: 1884 &rarr; <strong>1861</strong><br />(-23 for losing)\n|raw|ItsMeBigP's rating: 1823 &rarr; <strong>1846</strong><br />(+23 for winning)\n|c|☆ItsMeBigP|oh my god\n|c|☆Masturcheef|One for the ages\n|c|☆ItsMeBigP|sorry boss\n|c|☆ItsMeBigP|but we take those\n|c|☆Masturcheef|gg ill cherish this one, good time lol\n|c|☆Masturcheef|Yes sir\n|c|☆ItsMeBigP|gg\n|l|☆ItsMeBigP\n|player|p2|\n|c|☆Masturcheef|gg\n|l|☆Masturcheef\n|player|p1|\n|j|☆Masturcheef\n|player|p1|Masturcheef|169|\n", "inputlog": ">version 686819e5e19f8a7fd2345cfc5a08a5085efa2cc3\n>start {\"formatid\":\"gen9randombattle\",\"seed\":\"sodium,225c61c184c9e4278bd9fcf1a4bd678a\",\"rated\":\"Rated battle\"}\n>player p1 {\"name\":\"Masturcheef\",\"avatar\":\"169\",\"rating\":1884,\"seed\":\"sodium,793d7490ad1e7d6d00388772c4a8b51a\"}\n>player p2 {\"name\":\"ItsMeBigP\",\"avatar\":\"170\",\"rating\":1823,\"seed\":\"sodium,04b555717c1b771cdaf0f9076d8b4c83\"}\n>p1 move stoneedge\n>p2 move stoneedge\n>p1 move stoneedge\n>p2 move stoneedge\n>chat ☆Masturcheef|Booooo\n>chat ☆ItsMeBigP|that's the price for getting both speed ties\n>p1 switch 6\n>chat ☆ItsMeBigP|says so in the rules\n>p1 move uturn\n>p2 switch 2\n>chat ☆Masturcheef|Haha good point \n>p1 switch 3\n>p1 move populationbomb\n>p2 switch 5\n>p1 move spore\n>p2 move hurricane\n>p1 switch 2\n>p2 switch 4\n>p1 move curse\n>p2 switch 6\n>p1 move liquidation\n>p2 move nastyplot\n>p1 move liquidation\n>p2 move thunderbolt\n>p2 switch 5\n>p1 move zingzap\n>p2 move leafstorm\n>p1 switch 3\n>p1 move ironhead\n>p2 move suckerpunch\n>p2 switch 3\n>p1 move uturn\n>p2 move secretsword\n>p1 switch 5\n>p1 move partingshot\n>p2 switch 6\n>p1 switch 2\n>p1 move shellsmash terastallize\n>p2 move gunkshot\n>p1 move populationbomb\n>p2 move gigadrain\n>p2 switch 2\n>chat ☆Masturcheef|Well i didnt have sucker punch now did i lol\n>chat ☆ItsMeBigP|shhh\n>p1 move populationbomb\n>p2 move knockoff\n>p2 switch 6\n>p1 move populationbomb\n>p2 move airslash\n>chat ☆ItsMeBigP|oh word\n>chat ☆Masturcheef|Dangggggg\n>chat ☆Masturcheef|My lenses were too wide\n>p1 switch 2\n>p1 move malignantchain\n>p2 switch 4\n>p1 move shadowball\n>p2 move roost\n>p1 move malignantchain\n>p2 move roost\n>p1 move shadowball\n>p2 move hurricane\n>p1 move recover\n>p2 move hurricane\n>p1 move recover\n>p2 switch 4\n>p1 move malignantchain\n>p2 move hydropump terastallize\n>p1 move malignantchain\n>p2 move hydropump\n>p1 switch 4\n>p1 move calmmind\n>p2 switch 4\n>p1 move moonblast\n>p2 move hurricane\n>p2 switch 4\n>p1 move moonblast\n>p2 move hydropump", "uploadtime": 1771225536, "views": 15, "formatid": "gen9randombattle", "rating": 1846, "private": 0, "password": null}