{"id": "gen9randombattle-2540748573", "format": "[Gen 9] Random Battle", "players": ["Psolaras13", "asceofspades"], "log": "|j|☆Psolaras13\n|j|☆asceofspades\n|t:|1771249374\n|gametype|singles\n|player|p1|Psolaras13|hilbert|1707\n|player|p2|asceofspades|102|1736\n|gen|9\n|tier|[Gen 9] Random Battle\n|rated|\n|rule|Species Clause: Limit one of each Pokémon\n|rule|HP Percentage Mod: HP is shown in percentages\n|rule|Sleep Clause Mod: Limit one foe put to sleep\n|rule|Illusion Level Mod: Illusion disguises the Pokémon's true level\n|\n|t:|1771249374\n|teamsize|p1|6\n|teamsize|p2|6\n|start\n|switch|p1a: Ursaluna|Ursaluna-Bloodmoon, L79, M|308/308\n|switch|p2a: Froslass|Froslass, L87, F|263/263\n|turn|1\n|\n|t:|1771249393\n|switch|p1a: Grimmsnarl|Grimmsnarl, L83, M|293/293\n|move|p2a: Froslass|Triple Axel|p1a: Grimmsnarl\n|-damage|p1a: Grimmsnarl|266/293\n|-damage|p1a: Grimmsnarl|220/293\n|-damage|p1a: Grimmsnarl|139/293\n|-hitcount|p1a: Grimmsnarl|3\n|\n|-heal|p1a: Grimmsnarl|157/293|[from] item: Leftovers\n|upkeep\n|turn|2\n|\n|t:|1771249411\n|move|p1a: Grimmsnarl|Parting Shot|p2a: Froslass\n|-unboost|p2a: Froslass|atk|1\n|-unboost|p2a: Froslass|spa|1\n|\n|t:|1771249418\n|switch|p1a: Okidogi|Okidogi, L77, M|262/262|[from] Parting Shot\n|move|p2a: Froslass|Taunt|p1a: Okidogi\n|-start|p1a: Okidogi|move: Taunt\n|\n|upkeep\n|turn|3\n|\n|t:|1771249427\n|move|p2a: Froslass|Will-O-Wisp|p1a: Okidogi\n|-status|p1a: Okidogi|brn\n|move|p1a: Okidogi|Knock Off|p2a: Froslass\n|-supereffective|p2a: Froslass\n|-damage|p2a: Froslass|183/263\n|-status|p2a: Froslass|tox|[from] ability: Toxic Chain|[of] p1a: Okidogi\n|-enditem|p2a: Froslass|Wide Lens|[from] move: Knock Off|[of] p1a: Okidogi\n|\n|-damage|p2a: Froslass|167/263 tox|[from] psn\n|-damage|p1a: Okidogi|246/262 brn|[from] brn\n|upkeep\n|turn|4\n|\n|t:|1771249447\n|switch|p1a: Grimmsnarl|Grimmsnarl, L83, M|157/293\n|move|p2a: Froslass|Triple Axel|p1a: Grimmsnarl\n|-damage|p1a: Grimmsnarl|141/293\n|-damage|p1a: Grimmsnarl|107/293\n|-damage|p1a: Grimmsnarl|61/293\n|-hitcount|p1a: Grimmsnarl|3\n|\n|-heal|p1a: Grimmsnarl|79/293|[from] item: Leftovers\n|-damage|p2a: Froslass|135/263 tox|[from] psn\n|upkeep\n|turn|5\n|\n|t:|1771249459\n|switch|p2a: Krookodile|Krookodile, L80, F|283/283\n|-ability|p2a: Krookodile|Intimidate|boost\n|-unboost|p1a: Grimmsnarl|atk|1\n|move|p1a: Grimmsnarl|Parting Shot|p2a: Krookodile\n|-hint|Since gen 7, Dark is immune to Prankster moves.\n|-immune|p2a: Krookodile\n|\n|-heal|p1a: Grimmsnarl|97/293|[from] item: Leftovers\n|upkeep\n|turn|6\n|\n|t:|1771249472\n|switch|p1a: Okidogi|Okidogi, L77, M|246/262 brn\n|move|p2a: Krookodile|Earthquake|p1a: Okidogi\n|-supereffective|p1a: Okidogi\n|-damage|p1a: Okidogi|46/262 brn\n|\n|-damage|p1a: Okidogi|30/262 brn|[from] brn\n|upkeep\n|turn|7\n|\n|t:|1771249477\n|move|p2a: Krookodile|Earthquake|p1a: Okidogi\n|-supereffective|p1a: Okidogi\n|-damage|p1a: Okidogi|0 fnt\n|faint|p1a: Okidogi\n|\n|upkeep\n|\n|t:|1771249492\n|switch|p1a: Ursaluna|Ursaluna-Bloodmoon, L79, M|308/308\n|turn|8\n|inactive|Battle timer is ON: inactive players will automatically lose when time's up. (requested by Psolaras13)\n|\n|t:|1771249519\n|move|p2a: Krookodile|Earthquake|p1a: Ursaluna\n|-damage|p1a: Ursaluna|212/308\n|move|p1a: Ursaluna|Blood Moon|p2a: Krookodile\n|-damage|p2a: Krookodile|70/283\n|\n|-heal|p1a: Ursaluna|231/308|[from] item: Leftovers\n|upkeep\n|turn|9\n|\n|t:|1771249541\n|switch|p2a: Gothitelle|Gothitelle, L90, M|272/272\n|move|p1a: Ursaluna|Calm Mind|p1a: Ursaluna\n|-boost|p1a: Ursaluna|spa|1\n|-boost|p1a: Ursaluna|spd|1\n|\n|-heal|p1a: Ursaluna|250/308|[from] item: Leftovers\n|upkeep\n|turn|10\n|\n|t:|1771249554\n|move|p2a: Gothitelle|Focus Blast|p1a: Ursaluna\n|-supereffective|p1a: Ursaluna\n|-damage|p1a: Ursaluna|66/308\n|move|p1a: Ursaluna|Blood Moon|p2a: Gothitelle\n|-damage|p2a: Gothitelle|64/272\n|\n|-heal|p1a: Ursaluna|85/308|[from] item: Leftovers\n|upkeep\n|turn|11\n|\n|t:|1771249563\n|move|p2a: Gothitelle|Focus Blast|p1a: Ursaluna|[miss]\n|-miss|p2a: Gothitelle|p1a: Ursaluna\n|move|p1a: Ursaluna|Moonlight|p1a: Ursaluna\n|-heal|p1a: Ursaluna|239/308\n|\n|-heal|p1a: Ursaluna|258/308|[from] item: Leftovers\n|upkeep\n|turn|12\n|\n|t:|1771249568\n|move|p2a: Gothitelle|Focus Blast|p1a: Ursaluna\n|-supereffective|p1a: Ursaluna\n|-damage|p1a: Ursaluna|78/308\n|move|p1a: Ursaluna|Blood Moon|p2a: Gothitelle\n|-damage|p2a: Gothitelle|0 fnt\n|faint|p2a: Gothitelle\n|\n|-heal|p1a: Ursaluna|97/308|[from] item: Leftovers\n|upkeep\n|\n|t:|1771249582\n|switch|p2a: Froslass|Froslass, L87, F|135/263 tox\n|turn|13\n|\n|t:|1771249586\n|-terastallize|p1a: Ursaluna|Normal\n|move|p2a: Froslass|Triple Axel|p1a: Ursaluna\n|-damage|p1a: Ursaluna|81/308\n|-damage|p1a: Ursaluna|48/308\n|-damage|p1a: Ursaluna|0 fnt\n|faint|p1a: Ursaluna\n|-hitcount|p1: Ursaluna|3\n|\n|-damage|p2a: Froslass|119/263 tox|[from] psn\n|upkeep\n|\n|t:|1771249605\n|switch|p1a: Grimmsnarl|Grimmsnarl, L83, M|97/293\n|turn|14\n|\n|t:|1771249613\n|switch|p2a: Krookodile|Krookodile, L80, F|70/283\n|-ability|p2a: Krookodile|Intimidate|boost\n|-unboost|p1a: Grimmsnarl|atk|1\n|move|p1a: Grimmsnarl|Spirit Break|p2a: Krookodile\n|-supereffective|p2a: Krookodile\n|-damage|p2a: Krookodile|0 fnt\n|faint|p2a: Krookodile\n|\n|-heal|p1a: Grimmsnarl|115/293|[from] item: Leftovers\n|upkeep\n|\n|t:|1771249627\n|switch|p2a: Flygon|Flygon, L82, F|265/265\n|turn|15\n|\n|t:|1771249633\n|move|p1a: Grimmsnarl|Parting Shot|p2a: Flygon\n|-unboost|p2a: Flygon|atk|1\n|-unboost|p2a: Flygon|spa|1\n|\n|t:|1771249637\n|switch|p1a: Noivern|Noivern, L82, M|274/274|[from] Parting Shot\n|move|p2a: Flygon|Earthquake|p1a: Noivern\n|-immune|p1a: Noivern\n|\n|upkeep\n|turn|16\n|\n|t:|1771249650\n|switch|p2a: Bisharp|Bisharp, L79, M|232/232\n|move|p1a: Noivern|Draco Meteor|p2a: Bisharp\n|-resisted|p2a: Bisharp\n|-damage|p2a: Bisharp|151/232\n|-unboost|p1a: Noivern|spa|2\n|\n|upkeep\n|turn|17\n|\n|t:|1771249659\n|switch|p1a: Sandy Shocks|Sandy Shocks, L80|267/267\n|move|p2a: Bisharp|Iron Head|p1a: Sandy Shocks\n|-resisted|p1a: Sandy Shocks\n|-damage|p1a: Sandy Shocks|222/267\n|\n|upkeep\n|turn|18\n|\n|t:|1771249669\n|switch|p2a: Flygon|Flygon, L82, F|265/265\n|move|p1a: Sandy Shocks|Spikes|p2a: Flygon\n|-sidestart|p2: asceofspades|Spikes\n|\n|upkeep\n|turn|19\n|\n|t:|1771249677\n|move|p2a: Flygon|U-turn|p1a: Sandy Shocks\n|-damage|p1a: Sandy Shocks|156/267\n|\n|t:|1771249687\n|switch|p2a: Froslass|Froslass, L87, F|119/263 tox|[from] U-turn\n|-damage|p2a: Froslass|87/263 tox|[from] Spikes\n|move|p1a: Sandy Shocks|Spikes|p2a: Froslass\n|-sidestart|p2: asceofspades|Spikes\n|\n|-damage|p2a: Froslass|71/263 tox|[from] psn\n|upkeep\n|turn|20\n|\n|t:|1771249692\n|move|p2a: Froslass|Triple Axel|p1a: Sandy Shocks\n|-supereffective|p1a: Sandy Shocks\n|-damage|p1a: Sandy Shocks|118/267\n|-supereffective|p1a: Sandy Shocks\n|-damage|p1a: Sandy Shocks|40/267\n|-supereffective|p1a: Sandy Shocks\n|-damage|p1a: Sandy Shocks|0 fnt\n|faint|p1a: Sandy Shocks\n|-end|p1a: Sandy Shocks|Protosynthesis|[silent]\n|-hitcount|p1: Sandy Shocks|3\n|\n|-damage|p2a: Froslass|39/263 tox|[from] psn\n|upkeep\n|\n|t:|1771249704\n|switch|p1a: Noivern|Noivern, L82, M|274/274\n|turn|21\n|\n|t:|1771249720\n|move|p1a: Noivern|U-turn|p2a: Froslass\n|-resisted|p2a: Froslass\n|-damage|p2a: Froslass|18/263 tox\n|\n|t:|1771249724\n|switch|p1a: Reshiram|Reshiram, L76|277/277|[from] U-turn\n|-ability|p1a: Reshiram|Turboblaze\n|move|p2a: Froslass|Triple Axel|p1a: Reshiram|[miss]\n|-miss|p2a: Froslass|p1a: Reshiram\n|\n|-damage|p2a: Froslass|0 fnt|[from] psn\n|faint|p2a: Froslass\n|upkeep\n|inactive|asceofspades has 120 seconds left.\n|\n|t:|1771249774\n|switch|p2a: Flygon|Flygon, L82, F|265/265\n|turn|22\n|\n|t:|1771249781\n|move|p2a: Flygon|Outrage|p1a: Reshiram\n|-supereffective|p1a: Reshiram\n|-damage|p1a: Reshiram|0 fnt\n|faint|p1a: Reshiram\n|\n|upkeep\n|\n|t:|1771249784\n|switch|p1a: Grimmsnarl|Grimmsnarl, L83, M|115/293\n|turn|23\n|\n|t:|1771249787\n|move|p2a: Flygon|Outrage|p1a: Grimmsnarl|[from] lockedmove\n|-immune|p1a: Grimmsnarl\n|move|p1a: Grimmsnarl|Spirit Break|p2a: Flygon\n|-supereffective|p2a: Flygon\n|-damage|p2a: Flygon|49/265\n|-unboost|p2a: Flygon|spa|1\n|\n|-heal|p1a: Grimmsnarl|133/293|[from] item: Leftovers\n|upkeep\n|turn|24\n|\n|t:|1771249798\n|switch|p2a: Bisharp|Bisharp, L79, M|151/232\n|-damage|p2a: Bisharp|113/232|[from] Spikes\n|move|p1a: Grimmsnarl|Sucker Punch||[still]\n|-fail|p1a: Grimmsnarl\n|\n|-heal|p1a: Grimmsnarl|151/293|[from] item: Leftovers\n|upkeep\n|turn|25\n|\n|t:|1771249810\n|move|p2a: Bisharp|Iron Head|p1a: Grimmsnarl\n|-supereffective|p1a: Grimmsnarl\n|-damage|p1a: Grimmsnarl|0 fnt\n|faint|p1a: Grimmsnarl\n|\n|upkeep\n|\n|t:|1771249812\n|switch|p1a: Noivern|Noivern, L82, M|274/274\n|turn|26\n|\n|t:|1771249830\n|move|p2a: Bisharp|Sucker Punch|p1a: Noivern\n|-damage|p1a: Noivern|189/274\n|move|p1a: Noivern|Boomburst|p2a: Bisharp\n|-resisted|p2a: Bisharp\n|-damage|p2a: Bisharp|56/232\n|\n|upkeep\n|turn|27\n|\n|t:|1771249840\n|move|p2a: Bisharp|Sucker Punch|p1a: Noivern\n|-damage|p1a: Noivern|96/274\n|move|p1a: Noivern|Boomburst|p2a: Bisharp\n|-resisted|p2a: Bisharp\n|-damage|p2a: Bisharp|0 fnt\n|faint|p2a: Bisharp\n|\n|upkeep\n|-message|Psolaras13 forfeited.\n|\n|win|asceofspades\n|raw|Psolaras13's rating: 1707 &rarr; <strong>1689</strong><br />(-18 for losing)\n|raw|asceofspades's rating: 1736 &rarr; <strong>1754</strong><br />(+18 for winning)\n|l|☆Psolaras13\n|player|p1|\n", "inputlog": ">version 686819e5e19f8a7fd2345cfc5a08a5085efa2cc3\n>start {\"formatid\":\"gen9randombattle\",\"seed\":\"sodium,5903dd279ee3c9ebd22caa092bdd621d\",\"rated\":\"Rated battle\"}\n>player p1 {\"name\":\"Psolaras13\",\"avatar\":\"hilbert\",\"rating\":1707,\"seed\":\"sodium,7250f181983ab232f629fd5cd9701296\"}\n>player p2 {\"name\":\"asceofspades\",\"avatar\":\"102\",\"rating\":1736,\"seed\":\"sodium,290a4253a205956d9766e2de9848c474\"}\n>p1 switch 6\n>p2 move tripleaxel\n>p1 move partingshot\n>p2 move taunt\n>p1 switch 5\n>p1 move knockoff\n>p2 move willowisp\n>p1 switch 5\n>p2 move tripleaxel\n>p1 move partingshot\n>p2 switch 3\n>p1 switch 5\n>p2 move earthquake\n>p1 move drainpunch\n>p2 move earthquake\n>p1 switch 6\n>p1 move bloodmoon\n>p2 move earthquake\n>p1 move calmmind\n>p2 switch 2\n>p1 move bloodmoon\n>p2 move focusblast\n>p1 move moonlight\n>p2 move focusblast\n>p1 move bloodmoon\n>p2 move focusblast\n>p2 switch 3\n>p1 move moonlight terastallize\n>p2 move tripleaxel\n>p1 switch 5\n>p1 move spiritbreak\n>p2 switch 2\n>p2 switch 4\n>p1 move partingshot\n>p2 move earthquake\n>p1 switch 4\n>p1 move dracometeor\n>p2 switch 5\n>p1 switch 2\n>p2 move ironhead\n>p1 move spikes\n>p2 switch 5\n>p1 move spikes\n>p2 move uturn\n>p2 switch 2\n>p1 move spikes\n>p2 move tripleaxel\n>p1 switch 2\n>p1 move uturn\n>p2 move tripleaxel\n>p1 switch 3\n>p2 switch 2\n>p1 move dragondance\n>p2 move outrage\n>p1 switch 4\n>p1 move spiritbreak\n>p2 move outrage\n>p1 move suckerpunch\n>p2 switch 5\n>p1 move spiritbreak\n>p2 move ironhead\n>p1 switch 3\n>p1 move boomburst\n>p2 move suckerpunch\n>p1 move boomburst\n>p2 move suckerpunch\n>forcelose p1", "uploadtime": 1771249844, "views": 6, "formatid": "gen9randombattle", "rating": 1689, "private": 0, "password": null}