{"id": "gen9randombattle-2540402697", "format": "[Gen 9] Random Battle", "players": ["cheeseboy628", "lesllamas"], "log": "|j|☆cheeseboy628\n|j|☆lesllamas\n|t:|1771197699\n|gametype|singles\n|player|p1|cheeseboy628|norman|2063\n|player|p2|lesllamas|1|2109\n|gen|9\n|tier|[Gen 9] Random Battle\n|rated|\n|rule|Species Clause: Limit one of each Pokémon\n|rule|HP Percentage Mod: HP is shown in percentages\n|rule|Sleep Clause Mod: Limit one foe put to sleep\n|rule|Illusion Level Mod: Illusion disguises the Pokémon's true level\n|\n|t:|1771197699\n|teamsize|p1|6\n|teamsize|p2|6\n|start\n|switch|p1a: Regice|Regice, L88|284/284\n|switch|p2a: Dusknoir|Dusknoir, L89, F|225/225\n|-item|p1a: Regice|Heavy-Duty Boots|[from] ability: Frisk|[of] p2a: Dusknoir\n|turn|1\n|\n|t:|1771197735\n|move|p1a: Regice|Ice Beam|p2a: Dusknoir\n|-damage|p2a: Dusknoir|156/225\n|move|p2a: Dusknoir|Poltergeist|p1a: Regice\n|-activate|p1a: Regice|move: Poltergeist|Heavy-Duty Boots\n|-crit|p1a: Regice\n|-damage|p1a: Regice|38/284\n|-damage|p2a: Dusknoir|134/225|[from] item: Life Orb\n|\n|upkeep\n|turn|2\n|\n|t:|1771197759\n|switch|p1a: Gumshoos|Gumshoos, L95, F|321/321\n|move|p2a: Dusknoir|Shadow Sneak|p1a: Gumshoos\n|-immune|p1a: Gumshoos\n|\n|upkeep\n|turn|3\n|\n|t:|1771197769\n|move|p1a: Gumshoos|Knock Off|p2a: Dusknoir\n|-supereffective|p2a: Dusknoir\n|-damage|p2a: Dusknoir|0 fnt\n|-enditem|p2a: Dusknoir|Life Orb|[from] move: Knock Off|[of] p1a: Gumshoos\n|faint|p2a: Dusknoir\n|\n|upkeep\n|\n|t:|1771197773\n|switch|p2a: Klefki|Klefki, L84, F|233/233\n|turn|4\n|\n|t:|1771197780\n|switch|p1a: Torkoal|Torkoal, L88, F|266/266\n|-weather|SunnyDay|[from] ability: Drought|[of] p1a: Torkoal\n|move|p2a: Klefki|Spikes|p1a: Torkoal\n|-sidestart|p1: cheeseboy628|Spikes\n|\n|-weather|SunnyDay|[upkeep]\n|upkeep\n|turn|5\n|\n|t:|1771197787\n|switch|p2a: Garganacl|Garganacl, L80, F|291/291\n|move|p1a: Torkoal|Rapid Spin|p2a: Garganacl\n|-resisted|p2a: Garganacl\n|-damage|p2a: Garganacl|276/291\n|-boost|p1a: Torkoal|spe|1\n|-sideend|p1: cheeseboy628|Spikes|[from] move: Rapid Spin|[of] p1a: Torkoal\n|\n|-weather|SunnyDay|[upkeep]\n|-heal|p2a: Garganacl|291/291|[from] item: Leftovers\n|upkeep\n|turn|6\n|inactive|Battle timer is ON: inactive players will automatically lose when time's up. (requested by lesllamas)\n|\n|t:|1771197821\n|move|p1a: Torkoal|Solar Beam||[still]\n|-prepare|p1a: Torkoal|Solar Beam\n|-anim|p1a: Torkoal|Solar Beam|p2a: Garganacl\n|-supereffective|p2a: Garganacl\n|-damage|p2a: Garganacl|105/291\n|move|p2a: Garganacl|Salt Cure|p1a: Torkoal\n|-supereffective|p1a: Torkoal\n|-damage|p1a: Torkoal|212/266\n|-start|p1a: Torkoal|Salt Cure\n|\n|-weather|SunnyDay|[upkeep]\n|-heal|p2a: Garganacl|123/291|[from] item: Leftovers\n|-damage|p1a: Torkoal|179/266|[from] Salt Cure\n|upkeep\n|turn|7\n|\n|t:|1771197827\n|switch|p1a: Mewtwo|Mewtwo, L72|272/272\n|-ability|p1a: Mewtwo|Unnerve\n|move|p2a: Garganacl|Protect||[still]\n|-fail|p2a: Garganacl\n|\n|-weather|SunnyDay|[upkeep]\n|-heal|p2a: Garganacl|141/291|[from] item: Leftovers\n|upkeep\n|turn|8\n|\n|t:|1771197832\n|switch|p2a: Klefki|Klefki, L84, F|233/233\n|move|p1a: Mewtwo|Psystrike|p2a: Klefki\n|-resisted|p2a: Klefki\n|-damage|p2a: Klefki|159/233\n|-damage|p1a: Mewtwo|245/272|[from] item: Life Orb\n|\n|-weather|none\n|-heal|p2a: Klefki|173/233|[from] item: Leftovers\n|upkeep\n|turn|9\n|\n|t:|1771197835\n|move|p2a: Klefki|Thunder Wave|p1a: Mewtwo\n|-status|p1a: Mewtwo|par\n|move|p1a: Mewtwo|Fire Blast|p2a: Klefki\n|-supereffective|p2a: Klefki\n|-damage|p2a: Klefki|0 fnt\n|faint|p2a: Klefki\n|-damage|p1a: Mewtwo|218/272 par|[from] item: Life Orb\n|\n|upkeep\n|\n|t:|1771197841\n|switch|p2a: Masquerain|Masquerain, L87, M|264/264\n|-ability|p2a: Masquerain|Intimidate|boost\n|-unboost|p1a: Mewtwo|atk|1\n|turn|10\n|inactive|cheeseboy628 has 120 seconds left.\n|\n|t:|1771197885\n|switch|p1a: Torkoal|Torkoal, L88, F|179/266\n|-weather|SunnyDay|[from] ability: Drought|[of] p1a: Torkoal\n|move|p2a: Masquerain|Quiver Dance|p2a: Masquerain\n|-boost|p2a: Masquerain|spa|1\n|-boost|p2a: Masquerain|spd|1\n|-boost|p2a: Masquerain|spe|1\n|\n|-weather|SunnyDay|[upkeep]\n|upkeep\n|turn|11\n|\n|t:|1771197900\n|-terastallize|p2a: Masquerain|Water\n|move|p2a: Masquerain|Quiver Dance|p2a: Masquerain\n|-boost|p2a: Masquerain|spa|1\n|-boost|p2a: Masquerain|spd|1\n|-boost|p2a: Masquerain|spe|1\n|move|p1a: Torkoal|Fire Blast|p2a: Masquerain\n|-resisted|p2a: Masquerain\n|-crit|p2a: Masquerain\n|-damage|p2a: Masquerain|141/264\n|\n|-weather|SunnyDay|[upkeep]\n|upkeep\n|turn|12\n|inactive|cheeseboy628 has 120 seconds left.\n|\n|t:|1771197933\n|switch|p1a: Regice|Regice, L88|38/284\n|move|p2a: Masquerain|Quiver Dance|p2a: Masquerain\n|-boost|p2a: Masquerain|spa|1\n|-boost|p2a: Masquerain|spd|1\n|-boost|p2a: Masquerain|spe|1\n|\n|-weather|SunnyDay|[upkeep]\n|upkeep\n|turn|13\n|\n|t:|1771197954\n|move|p2a: Masquerain|Bug Buzz|p1a: Regice\n|-damage|p1a: Regice|0 fnt\n|faint|p1a: Regice\n|\n|-weather|SunnyDay|[upkeep]\n|upkeep\n|inactive|cheeseboy628 has 90 seconds left.\n|\n|t:|1771198008\n|switch|p1a: Gumshoos|Gumshoos, L95, F|321/321\n|turn|14\n|c|☆lesllamas|coin flip time lol\n|\n|t:|1771198028\n|move|p2a: Masquerain|Hurricane|p1a: Gumshoos\n|-damage|p1a: Gumshoos|0 fnt\n|faint|p1a: Gumshoos\n|\n|-weather|none\n|upkeep\n|\n|t:|1771198038\n|switch|p1a: Torkoal|Torkoal, L88, F|179/266\n|-weather|SunnyDay|[from] ability: Drought|[of] p1a: Torkoal\n|turn|15\n|inactive|lesllamas has 120 seconds left.\n|\n|t:|1771198066\n|move|p2a: Masquerain|Bug Buzz|p1a: Torkoal\n|-resisted|p1a: Torkoal\n|-damage|p1a: Torkoal|29/266\n|move|p1a: Torkoal|Yawn|p2a: Masquerain\n|-start|p2a: Masquerain|move: Yawn|[of] p1a: Torkoal\n|\n|-weather|SunnyDay|[upkeep]\n|upkeep\n|turn|16\n|inactive|cheeseboy628 has 90 seconds left.\n|inactive|lesllamas has 120 seconds left.\n|\n|t:|1771198080\n|move|p2a: Masquerain|Bug Buzz|p1a: Torkoal\n|-resisted|p1a: Torkoal\n|-damage|p1a: Torkoal|0 fnt\n|faint|p1a: Torkoal\n|\n|-weather|SunnyDay|[upkeep]\n|-end|p2a: Masquerain|move: Yawn|[silent]\n|-status|p2a: Masquerain|slp\n|upkeep\n|\n|t:|1771198109\n|switch|p1a: Jolteon|Jolteon, L84, F|246/246\n|turn|17\n|inactive|lesllamas has 120 seconds left.\n|\n|t:|1771198131\n|switch|p2a: Electivire|Electivire, L84, F|263/263\n|move|p1a: Jolteon|Thunderbolt|p2a: Electivire\n|-ability|p2a: Electivire|Motor Drive|boost\n|-boost|p2a: Electivire|spe|1\n|\n|-weather|SunnyDay|[upkeep]\n|upkeep\n|turn|18\n|inactive|lesllamas has 120 seconds left.\n|inactive|cheeseboy628 has 60 seconds left.\n|\n|t:|1771198162\n|switch|p1a: Mewtwo|Mewtwo, L72|218/272 par\n|-ability|p1a: Mewtwo|Unnerve\n|move|p2a: Electivire|Knock Off|p1a: Mewtwo\n|-supereffective|p1a: Mewtwo\n|-damage|p1a: Mewtwo|0 fnt\n|-enditem|p1a: Mewtwo|Life Orb|[from] move: Knock Off|[of] p2a: Electivire\n|faint|p1a: Mewtwo\n|-damage|p2a: Electivire|237/263|[from] item: Life Orb\n|\n|-weather|SunnyDay|[upkeep]\n|upkeep\n|\n|t:|1771198167\n|switch|p1a: Chandelure|Chandelure, L83, F|235/235\n|turn|19\n|inactive|cheeseboy628 has 30 seconds left.\n|inactive|cheeseboy628 has 20 seconds left.\n|inactive|cheeseboy628 has 15 seconds left.\n|\n|t:|1771198207\n|switch|p2a: Masquerain|Masquerain, L87, M, tera:Water|141/264 slp\n|-ability|p2a: Masquerain|Intimidate|boost\n|-unboost|p1a: Chandelure|atk|1\n|move|p1a: Chandelure|Fire Blast|p2a: Masquerain\n|-resisted|p2a: Masquerain\n|-damage|p2a: Masquerain|12/264 slp\n|\n|-weather|none\n|upkeep\n|turn|20\n|inactive|cheeseboy628 has 25 seconds left this turn.\n|inactive|cheeseboy628 has 20 seconds left.\n|\n|t:|1771198214\n|switch|p1a: Jolteon|Jolteon, L84, F|246/246\n|cant|p2a: Masquerain|slp\n|\n|upkeep\n|turn|21\n|inactive|cheeseboy628 has 30 seconds left this turn.\n|\n|t:|1771198218\n|move|p1a: Jolteon|Calm Mind|p1a: Jolteon\n|-boost|p1a: Jolteon|spa|1\n|-boost|p1a: Jolteon|spd|1\n|cant|p2a: Masquerain|slp\n|\n|upkeep\n|turn|22\n|\n|t:|1771198221\n|move|p1a: Jolteon|Substitute|p1a: Jolteon\n|-start|p1a: Jolteon|Substitute\n|-damage|p1a: Jolteon|185/246\n|-curestatus|p2a: Masquerain|slp|[msg]\n|move|p2a: Masquerain|Quiver Dance|p2a: Masquerain\n|-boost|p2a: Masquerain|spa|1\n|-boost|p2a: Masquerain|spd|1\n|-boost|p2a: Masquerain|spe|1\n|\n|-heal|p1a: Jolteon|200/246|[from] item: Leftovers\n|upkeep\n|turn|23\n|inactive|cheeseboy628 has 30 seconds left.\n|inactive|cheeseboy628 has 20 seconds left.\n|inactive|cheeseboy628 has 15 seconds left.\n|inactive|cheeseboy628 has 10 seconds left.\n|inactive|cheeseboy628 has 5 seconds left.\n|\n|t:|1771198269\n|move|p2a: Masquerain|Hydro Pump|p1a: Jolteon|[miss]\n|-miss|p2a: Masquerain|p1a: Jolteon\n|move|p1a: Jolteon|Calm Mind|p1a: Jolteon\n|-boost|p1a: Jolteon|spa|1\n|-boost|p1a: Jolteon|spd|1\n|\n|-heal|p1a: Jolteon|215/246|[from] item: Leftovers\n|upkeep\n|turn|24\n|inactive|cheeseboy628 has 15 seconds left this turn.\n|inactive|cheeseboy628 has 10 seconds left.\n|\n|t:|1771198275\n|move|p2a: Masquerain|Hydro Pump|p1a: Jolteon\n|-end|p1a: Jolteon|Substitute\n|move|p1a: Jolteon|Thunderbolt|p2a: Masquerain\n|-supereffective|p2a: Masquerain\n|-damage|p2a: Masquerain|0 fnt\n|faint|p2a: Masquerain\n|\n|-heal|p1a: Jolteon|230/246|[from] item: Leftovers\n|upkeep\n|\n|t:|1771198281\n|switch|p2a: Mightyena|Mightyena, L96, M|290/290\n|-ability|p2a: Mightyena|Intimidate|boost\n|-unboost|p1a: Jolteon|atk|1\n|turn|25\n|inactive|cheeseboy628 has 25 seconds left this turn.\n|inactive|cheeseboy628 has 20 seconds left.\n|inactive|cheeseboy628 has 15 seconds left.\n|inactive|cheeseboy628 has 10 seconds left.\n|\n|t:|1771198300\n|move|p1a: Jolteon|Thunderbolt|p2a: Mightyena\n|-damage|p2a: Mightyena|115/290\n|move|p2a: Mightyena|Throat Chop|p1a: Jolteon\n|-damage|p1a: Jolteon|85/246\n|-start|p1a: Jolteon|Throat Chop|[silent]\n|\n|-heal|p1a: Jolteon|100/246|[from] item: Leftovers\n|upkeep\n|turn|26\n|inactive|cheeseboy628 has 20 seconds left this turn.\n|inactive|cheeseboy628 has 15 seconds left.\n|\n|t:|1771198307\n|-terastallize|p1a: Jolteon|Ice\n|move|p1a: Jolteon|Tera Blast|p2a: Mightyena|[anim] Tera Blast Ice\n|-damage|p2a: Mightyena|0 fnt\n|faint|p2a: Mightyena\n|\n|-heal|p1a: Jolteon|115/246|[from] item: Leftovers\n|-end|p1a: Jolteon|Throat Chop|[silent]\n|upkeep\n|\n|t:|1771198319\n|switch|p2a: Electivire|Electivire, L84, F|237/263\n|turn|27\n|inactive|cheeseboy628 has 30 seconds left this turn.\n|inactive|cheeseboy628 has 20 seconds left.\n|\n|t:|1771198331\n|move|p1a: Jolteon|Substitute|p1a: Jolteon\n|-start|p1a: Jolteon|Substitute\n|-damage|p1a: Jolteon|54/246\n|move|p2a: Electivire|Earthquake|p1a: Jolteon\n|-end|p1a: Jolteon|Substitute\n|-damage|p2a: Electivire|211/263|[from] item: Life Orb\n|\n|-heal|p1a: Jolteon|69/246|[from] item: Leftovers\n|upkeep\n|turn|28\n|inactive|cheeseboy628 has 30 seconds left this turn.\n|inactive|cheeseboy628 has 20 seconds left.\n|\n|t:|1771198345\n|move|p1a: Jolteon|Substitute|p1a: Jolteon\n|-start|p1a: Jolteon|Substitute\n|-damage|p1a: Jolteon|8/246\n|move|p2a: Electivire|Earthquake|p1a: Jolteon\n|-end|p1a: Jolteon|Substitute\n|-damage|p2a: Electivire|185/263|[from] item: Life Orb\n|\n|-heal|p1a: Jolteon|23/246|[from] item: Leftovers\n|upkeep\n|turn|29\n|inactive|cheeseboy628 has 30 seconds left this turn.\n|\n|t:|1771198366\n|move|p1a: Jolteon|Tera Blast|p2a: Electivire|[anim] Tera Blast Ice\n|-crit|p2a: Electivire\n|-damage|p2a: Electivire|0 fnt\n|faint|p2a: Electivire\n|\n|-heal|p1a: Jolteon|38/246|[from] item: Leftovers\n|upkeep\n|\n|t:|1771198370\n|switch|p2a: Garganacl|Garganacl, L80, F|141/291\n|turn|30\n|c|☆lesllamas|gg\n|c|☆cheeseboy628|man would've been a coin flip there too\n|c|☆cheeseboy628|gg\n|inactive|cheeseboy628 has 30 seconds left.\n|c|☆lesllamas|I think you have a better than 50/50 though\n|inactive|cheeseboy628 has 20 seconds left.\n|\n|t:|1771198395\n|move|p1a: Jolteon|Thunderbolt|p2a: Garganacl\n|-damage|p2a: Garganacl|0 fnt\n|faint|p2a: Garganacl\n|\n|win|cheeseboy628\n|raw|cheeseboy628's rating: 2063 &rarr; <strong>2086</strong><br />(+23 for winning)\n|raw|lesllamas's rating: 2109 &rarr; <strong>2086</strong><br />(-23 for losing)\n|c|☆lesllamas|chance to kill was very high\n|c|☆cheeseboy628|fair\n|c|☆lesllamas|so crit didn't matter I think\n|c|☆cheeseboy628|nice playing though\n|c|☆lesllamas|or at least\n|c|☆lesllamas|not much\n|c|☆lesllamas|yeah you too\n|c|☆lesllamas|good luck in your next ones\n|c|☆cheeseboy628|gl with your future battles\n|c|☆cheeseboy628|thanks!\n", "inputlog": ">version 686819e5e19f8a7fd2345cfc5a08a5085efa2cc3\n>start {\"formatid\":\"gen9randombattle\",\"seed\":\"sodium,9fe4b38496ce82e75377aabcd26f1bc1\",\"rated\":\"Rated battle\"}\n>player p1 {\"name\":\"cheeseboy628\",\"avatar\":\"norman\",\"rating\":2063,\"seed\":\"sodium,e23bb39d149c01230bd6e4d449815aff\"}\n>player p2 {\"name\":\"lesllamas\",\"avatar\":\"1\",\"rating\":2109,\"seed\":\"sodium,b0c3f9e3a0d7f52f72d481f96b148bf6\"}\n>p1 move icebeam\n>p2 move poltergeist\n>p1 switch 4\n>p2 move shadowsneak\n>p1 move knockoff\n>p2 move painsplit\n>p2 switch 4\n>p1 switch 2\n>p2 move spikes\n>p1 move rapidspin\n>p2 switch 3\n>p1 move solarbeam\n>p2 move saltcure\n>p1 switch 5\n>p2 move protect\n>p1 move psystrike\n>p2 switch 3\n>p1 move fireblast\n>p2 move thunderwave\n>p2 switch 5\n>p1 switch 5\n>p2 move quiverdance\n>p1 move fireblast\n>p2 move quiverdance terastallize\n>p1 switch 4\n>p2 move quiverdance\n>p1 move thunderwave\n>p2 move bugbuzz\n>p1 switch 2\n>chat ☆lesllamas|coin flip time lol\n>p1 move doubleedge\n>p2 move hurricane\n>p1 switch 4\n>p1 move yawn\n>p2 move bugbuzz\n>p1 move rapidspin\n>p2 move bugbuzz\n>p1 switch 3\n>p1 move thunderbolt\n>p2 switch 2\n>p1 switch 5\n>p2 move knockoff\n>p1 switch 6\n>p1 move fireblast\n>p2 switch 2\n>p1 switch 5\n>p2 move quiverdance\n>p1 move calmmind\n>p2 move quiverdance\n>p1 move substitute\n>p2 move quiverdance\n>p1 move calmmind\n>p2 move hydropump\n>p1 move thunderbolt\n>p2 move hydropump\n>p2 switch 6\n>p1 move thunderbolt\n>p2 move throatchop\n>p1 move terablast terastallize\n>p2 move throatchop\n>p2 switch 2\n>p1 move substitute\n>p2 move earthquake\n>p1 move substitute\n>p2 move earthquake\n>p1 move terablast\n>p2 move earthquake\n>p2 switch 3\n>chat ☆lesllamas|gg\n>chat ☆cheeseboy628|man would've been a coin flip there too\n>chat ☆cheeseboy628|gg\n>chat ☆lesllamas|I think you have a better than 50/50 though\n>p1 move thunderbolt\n>p2 move earthquake", "uploadtime": 1771198420, "views": 14, "formatid": "gen9randombattle", "rating": 2086, "private": 0, "password": null}