{"id": "gen9randombattle-2540793660", "format": "[Gen 9] Random Battle", "players": ["ThePika1400", "vegemite360"], "log": "|j|☆ThePika1400\n|j|☆vegemite360\n|t:|1771254662\n|gametype|singles\n|player|p1|ThePika1400|caitlin|1967\n|player|p2|vegemite360|bugcatcher-gen4dp|1928\n|gen|9\n|tier|[Gen 9] Random Battle\n|rated|\n|rule|Species Clause: Limit one of each Pokémon\n|rule|HP Percentage Mod: HP is shown in percentages\n|rule|Sleep Clause Mod: Limit one foe put to sleep\n|rule|Illusion Level Mod: Illusion disguises the Pokémon's true level\n|\n|t:|1771254662\n|teamsize|p1|6\n|teamsize|p2|6\n|start\n|switch|p1a: Golem|Golem-Alola, L93, F|300/300\n|switch|p2a: Eelektross|Eelektross, L87, F|290/290\n|turn|1\n|inactive|Battle timer is ON: inactive players will automatically lose when time's up. (requested by vegemite360)\n|\n|t:|1771254675\n|move|p2a: Eelektross|Coil|p2a: Eelektross\n|-boost|p2a: Eelektross|atk|1\n|-boost|p2a: Eelektross|def|1\n|-boost|p2a: Eelektross|accuracy|1\n|move|p1a: Golem|Stone Edge|p2a: Eelektross\n|-damage|p2a: Eelektross|148/290\n|-damage|p1a: Golem|270/300|[from] item: Life Orb\n|\n|-heal|p2a: Eelektross|166/290|[from] item: Leftovers\n|upkeep\n|turn|2\n|\n|t:|1771254682\n|move|p2a: Eelektross|Drain Punch|p1a: Golem\n|-supereffective|p1a: Golem\n|-damage|p1a: Golem|138/300\n|-heal|p2a: Eelektross|232/290|[from] drain|[of] p1a: Golem\n|move|p1a: Golem|Stone Edge|p2a: Eelektross\n|-crit|p2a: Eelektross\n|-damage|p2a: Eelektross|0 fnt\n|faint|p2a: Eelektross\n|-damage|p1a: Golem|108/300|[from] item: Life Orb\n|\n|upkeep\n|\n|t:|1771254693\n|switch|p2a: Komala|Komala, L89, M|260/260\n|-ability|p2a: Komala|Comatose\n|turn|3\n|\n|t:|1771254699\n|switch|p1a: Conkeldurr|Conkeldurr, L80, M|299/299\n|move|p2a: Komala|Earthquake|p1a: Conkeldurr\n|-damage|p1a: Conkeldurr|207/299\n|\n|-status|p1a: Conkeldurr|brn|[from] item: Flame Orb\n|upkeep\n|turn|4\n|\n|t:|1771254714\n|switch|p2a: Dipplin|Dipplin, L88, M|284/284\n|move|p1a: Conkeldurr|Knock Off|p2a: Dipplin\n|-damage|p2a: Dipplin|215/284\n|-activate|p2a: Dipplin|ability: Sticky Hold\n|\n|-damage|p1a: Conkeldurr|189/299 brn|[from] brn\n|upkeep\n|turn|5\n|\n|t:|1771254721\n|switch|p1a: Seviper|Seviper, L93, M|287/287\n|move|p2a: Dipplin|Giga Drain|p1a: Seviper\n|-resisted|p1a: Seviper\n|-damage|p1a: Seviper|236/287\n|-heal|p2a: Dipplin|241/284|[from] drain|[of] p1a: Seviper\n|\n|upkeep\n|turn|6\n|\n|t:|1771254729\n|switch|p2a: Avalugg|Avalugg, L88, M|310/310\n|move|p1a: Seviper|Knock Off|p2a: Avalugg\n|-damage|p2a: Avalugg|253/310\n|-enditem|p2a: Avalugg|Heavy-Duty Boots|[from] move: Knock Off|[of] p1a: Seviper\n|-damage|p1a: Seviper|208/287|[from] item: Life Orb\n|\n|upkeep\n|turn|7\n|\n|t:|1771254739\n|switch|p2a: Espeon|Espeon, L84, F|246/246\n|move|p1a: Seviper|Glare|p2a: Espeon\n|move|p2a: Espeon|Glare|p1a: Seviper|[from] ability: Magic Bounce\n|-status|p1a: Seviper|par\n|\n|upkeep\n|turn|8\n|\n|t:|1771254744\n|switch|p1a: Lokix|Lokix, L82, F|251/251\n|move|p2a: Espeon|Psychic|p1a: Lokix\n|-immune|p1a: Lokix\n|\n|upkeep\n|turn|9\n|\n|t:|1771254754\n|switch|p2a: Avalugg|Avalugg, L88, M|253/310\n|switch|p1a: Conkeldurr|Conkeldurr, L80, M|189/299 brn\n|\n|-damage|p1a: Conkeldurr|171/299 brn|[from] brn\n|upkeep\n|turn|10\n|\n|t:|1771254759\n|switch|p2a: Dipplin|Dipplin, L88, M|241/284\n|move|p1a: Conkeldurr|Close Combat|p2a: Dipplin\n|-damage|p2a: Dipplin|124/284\n|-unboost|p1a: Conkeldurr|def|1\n|-unboost|p1a: Conkeldurr|spd|1\n|\n|-damage|p1a: Conkeldurr|153/299 brn|[from] brn\n|upkeep\n|turn|11\n|\n|t:|1771254762\n|move|p2a: Dipplin|Recover|p2a: Dipplin\n|-heal|p2a: Dipplin|266/284\n|move|p1a: Conkeldurr|Close Combat|p2a: Dipplin\n|-damage|p2a: Dipplin|139/284\n|-unboost|p1a: Conkeldurr|def|1\n|-unboost|p1a: Conkeldurr|spd|1\n|\n|-damage|p1a: Conkeldurr|135/299 brn|[from] brn\n|upkeep\n|turn|12\n|\n|t:|1771254766\n|switch|p1a: Lokix|Lokix, L82, F|251/251\n|move|p2a: Dipplin|Giga Drain|p1a: Lokix\n|-resisted|p1a: Lokix\n|-damage|p1a: Lokix|188/251\n|-heal|p2a: Dipplin|171/284|[from] drain|[of] p1a: Lokix\n|\n|upkeep\n|turn|13\n|\n|t:|1771254772\n|move|p1a: Lokix|Leech Life|p2a: Dipplin\n|-supereffective|p2a: Dipplin\n|-damage|p2a: Dipplin|62/284\n|-heal|p1a: Lokix|243/251|[from] drain|[of] p2a: Dipplin\n|-damage|p1a: Lokix|218/251|[from] item: Life Orb\n|move|p2a: Dipplin|Dragon Tail|p1a: Lokix\n|-damage|p1a: Lokix|143/251\n|drag|p1a: Wugtrio|Wugtrio, L91, M|212/212\n|\n|upkeep\n|turn|14\n|\n|t:|1771254780\n|switch|p1a: Seviper|Seviper, L93, M|208/287 par\n|move|p2a: Dipplin|Recover|p2a: Dipplin\n|-heal|p2a: Dipplin|204/284\n|\n|upkeep\n|turn|15\n|\n|t:|1771254786\n|switch|p2a: Avalugg|Avalugg, L88, M|253/310\n|move|p1a: Seviper|Gunk Shot|p2a: Avalugg\n|-damage|p2a: Avalugg|154/310\n|-damage|p1a: Seviper|180/287 par|[from] item: Life Orb\n|\n|upkeep\n|turn|16\n|\n|t:|1771254791\n|move|p2a: Avalugg|Recover|p2a: Avalugg\n|-heal|p2a: Avalugg|309/310\n|move|p1a: Seviper|Glare|p2a: Avalugg\n|-status|p2a: Avalugg|par\n|\n|upkeep\n|turn|17\n|\n|t:|1771254799\n|cant|p1a: Seviper|par\n|move|p2a: Avalugg|Curse|p2a: Avalugg\n|-unboost|p2a: Avalugg|spe|1\n|-boost|p2a: Avalugg|atk|1\n|-boost|p2a: Avalugg|def|1\n|\n|upkeep\n|turn|18\n|\n|t:|1771254803\n|switch|p1a: Golem|Golem-Alola, L93, F|108/300\n|move|p2a: Avalugg|Curse|p2a: Avalugg\n|-unboost|p2a: Avalugg|spe|1\n|-boost|p2a: Avalugg|atk|1\n|-boost|p2a: Avalugg|def|1\n|\n|upkeep\n|turn|19\n|\n|t:|1771254807\n|move|p1a: Golem|Stone Edge|p2a: Avalugg\n|-supereffective|p2a: Avalugg\n|-damage|p2a: Avalugg|197/310 par\n|-damage|p1a: Golem|78/300|[from] item: Life Orb\n|cant|p2a: Avalugg|par\n|\n|upkeep\n|turn|20\n|\n|t:|1771254811\n|move|p1a: Golem|Stone Edge|p2a: Avalugg\n|-supereffective|p2a: Avalugg\n|-damage|p2a: Avalugg|85/310 par\n|-damage|p1a: Golem|48/300|[from] item: Life Orb\n|cant|p2a: Avalugg|par\n|\n|upkeep\n|turn|21\n|\n|t:|1771254814\n|move|p1a: Golem|Stone Edge|p2a: Avalugg\n|-supereffective|p2a: Avalugg\n|-crit|p2a: Avalugg\n|-damage|p2a: Avalugg|0 fnt\n|faint|p2a: Avalugg\n|-damage|p1a: Golem|18/300|[from] item: Life Orb\n|\n|upkeep\n|\n|t:|1771254831\n|switch|p2a: Komala|Komala, L89, M|260/260\n|-ability|p2a: Komala|Comatose\n|turn|22\n|\n|t:|1771254835\n|move|p2a: Komala|Body Slam|p1a: Golem\n|-resisted|p1a: Golem\n|-damage|p1a: Golem|0 fnt\n|faint|p1a: Golem\n|\n|upkeep\n|\n|t:|1771254840\n|switch|p1a: Terrakion|Terrakion, L79|273/273\n|turn|23\n|\n|t:|1771254844\n|move|p1a: Terrakion|Close Combat|p2a: Komala\n|-supereffective|p2a: Komala\n|-damage|p2a: Komala|0 fnt\n|-unboost|p1a: Terrakion|def|1\n|-unboost|p1a: Terrakion|spd|1\n|faint|p2a: Komala\n|-damage|p1a: Terrakion|246/273|[from] item: Life Orb\n|\n|upkeep\n|\n|t:|1771254850\n|switch|p2a: Espeon|Espeon, L84, F|246/246\n|turn|24\n|\n|t:|1771254853\n|move|p2a: Espeon|Alluring Voice|p1a: Terrakion\n|-supereffective|p1a: Terrakion\n|-crit|p1a: Terrakion\n|-damage|p1a: Terrakion|0 fnt\n|faint|p1a: Terrakion\n|-damage|p2a: Espeon|222/246|[from] item: Life Orb\n|\n|upkeep\n|\n|t:|1771254857\n|switch|p1a: Lokix|Lokix, L82, F|143/251\n|turn|25\n|\n|t:|1771254866\n|-terastallize|p2a: Espeon|Fairy\n|-terastallize|p1a: Lokix|Bug\n|move|p1a: Lokix|First Impression|p2a: Espeon\n|-resisted|p2a: Espeon\n|-damage|p2a: Espeon|14/246\n|-damage|p1a: Lokix|118/251|[from] item: Life Orb\n|move|p2a: Espeon|Alluring Voice|p1a: Lokix\n|-damage|p1a: Lokix|0 fnt\n|faint|p1a: Lokix\n|-damage|p2a: Espeon|0 fnt|[from] item: Life Orb\n|faint|p2a: Espeon\n|\n|upkeep\n|\n|t:|1771254879\n|switch|p2a: Snorlax|Snorlax, L82, F|397/397\n|switch|p1a: Seviper|Seviper, L93, M|180/287 par\n|turn|26\n|\n|t:|1771254883\n|move|p2a: Snorlax|Curse|p2a: Snorlax\n|-unboost|p2a: Snorlax|spe|1\n|-boost|p2a: Snorlax|atk|1\n|-boost|p2a: Snorlax|def|1\n|cant|p1a: Seviper|par\n|\n|upkeep\n|turn|27\n|\n|t:|1771254886\n|move|p1a: Seviper|Glare|p2a: Snorlax\n|-status|p2a: Snorlax|par\n|move|p2a: Snorlax|Body Slam|p1a: Seviper\n|-damage|p1a: Seviper|11/287 par\n|\n|upkeep\n|turn|28\n|\n|t:|1771254890\n|switch|p1a: Wugtrio|Wugtrio, L91, M|212/212\n|move|p2a: Snorlax|Body Slam|p1a: Wugtrio\n|-damage|p1a: Wugtrio|22/212\n|-ability|p1a: Wugtrio|Gooey\n|-unboost|p2a: Snorlax|spe|1\n|\n|upkeep\n|turn|29\n|\n|t:|1771254895\n|switch|p2a: Dipplin|Dipplin, L88, M|204/284\n|move|p1a: Wugtrio|Liquidation|p2a: Dipplin\n|-resisted|p2a: Dipplin\n|-damage|p2a: Dipplin|182/284\n|\n|upkeep\n|turn|30\n|\n|t:|1771254901\n|switch|p1a: Conkeldurr|Conkeldurr, L80, M|135/299 brn\n|move|p2a: Dipplin|Giga Drain|p1a: Conkeldurr\n|-damage|p1a: Conkeldurr|21/299 brn\n|-heal|p2a: Dipplin|239/284|[from] drain|[of] p1a: Conkeldurr\n|\n|-damage|p1a: Conkeldurr|3/299 brn|[from] brn\n|upkeep\n|turn|31\n|\n|t:|1771254904\n|move|p2a: Dipplin|Giga Drain|p1a: Conkeldurr\n|-damage|p1a: Conkeldurr|0 fnt\n|-heal|p2a: Dipplin|241/284|[from] drain|[of] p1a: Conkeldurr\n|faint|p1a: Conkeldurr\n|\n|upkeep\n|-message|ThePika1400 forfeited.\n|\n|win|vegemite360\n|raw|ThePika1400's rating: 1967 &rarr; <strong>1945</strong><br />(-22 for losing)\n|raw|vegemite360's rating: 1928 &rarr; <strong>1950</strong><br />(+22 for winning)\n|l|☆ThePika1400\n|player|p1|\n", "inputlog": ">version 686819e5e19f8a7fd2345cfc5a08a5085efa2cc3\n>start {\"formatid\":\"gen9randombattle\",\"seed\":\"sodium,9dd467424134cdd818786cb7f2f50f64\",\"rated\":\"Rated battle\"}\n>player p1 {\"name\":\"ThePika1400\",\"avatar\":\"caitlin\",\"rating\":1967,\"seed\":\"sodium,f86871fae8f10508ab733ef124c0c0df\"}\n>player p2 {\"name\":\"vegemite360\",\"avatar\":\"bugcatcher-gen4dp\",\"rating\":1928,\"seed\":\"sodium,5f7a90075d0ac6d81391719a79325eb5\"}\n>p1 move stoneedge\n>p2 move coil\n>p1 move stoneedge\n>p2 move drainpunch\n>p2 switch 5\n>p1 switch 6\n>p2 move earthquake\n>p1 move knockoff\n>p2 switch 4\n>p1 switch 3\n>p2 move gigadrain\n>p1 move knockoff\n>p2 switch 6\n>p1 move glare\n>p2 switch 3\n>p1 switch 2\n>p2 move psychic\n>p1 switch 3\n>p2 switch 3\n>p1 move closecombat\n>p2 switch 6\n>p1 move closecombat\n>p2 move recover\n>p1 switch 3\n>p2 move gigadrain\n>p1 move leechlife\n>p2 move dragontail\n>p1 switch 2\n>p2 move recover\n>p1 move gunkshot\n>p2 switch 6\n>p1 move glare\n>p2 move recover\n>p1 move gunkshot\n>p2 move curse\n>p1 switch 6\n>p2 move curse\n>p1 move stoneedge\n>p2 move curse\n>p1 move stoneedge\n>p2 move recover\n>p1 move stoneedge\n>p2 move recover\n>p2 switch 4\n>p1 move doubleedge\n>p2 move bodyslam\n>p1 switch 4\n>p1 move closecombat\n>p2 move earthquake\n>p2 switch 3\n>p1 move stoneedge\n>p2 move alluringvoice\n>p1 switch 5\n>p1 move firstimpression terastallize\n>p2 move alluringvoice terastallize\n>p1 switch 6\n>p2 switch 2\n>p1 move gunkshot\n>p2 move curse\n>p1 move glare\n>p2 move bodyslam\n>p1 switch 2\n>p2 move bodyslam\n>p1 move liquidation\n>p2 switch 6\n>p1 switch 3\n>p2 move gigadrain\n>p1 move closecombat\n>p2 move gigadrain\n>forcelose p1", "uploadtime": 1771254908, "views": 5, "formatid": "gen9randombattle", "rating": 1945, "private": 0, "password": null}