{"id": "gen9randombattle-2540142455", "format": "[Gen 9] Random Battle", "players": ["BennettOfShowdown", "orochiraul"], "log": "|j|☆BennettOfShowdown\n|j|☆orochiraul\n|t:|1771167894\n|gametype|singles\n|player|p1|BennettOfShowdown|lucas-gen4pt|1845\n|player|p2|orochiraul|giovanni|1873\n|gen|9\n|tier|[Gen 9] Random Battle\n|rated|\n|rule|Species Clause: Limit one of each Pokémon\n|rule|HP Percentage Mod: HP is shown in percentages\n|rule|Sleep Clause Mod: Limit one foe put to sleep\n|rule|Illusion Level Mod: Illusion disguises the Pokémon's true level\n|\n|t:|1771167894\n|teamsize|p1|6\n|teamsize|p2|6\n|start\n|switch|p1a: Probopass|Probopass, L91, F|257/257\n|switch|p2a: Ursaring|Ursaring, L84, F|288/288\n|turn|1\n|inactive|Battle timer is ON: inactive players will automatically lose when time's up. (requested by BennettOfShowdown)\n|\n|t:|1771167905\n|switch|p1a: Gothitelle|Gothitelle, L90, F|272/272\n|move|p2a: Ursaring|Swords Dance|p2a: Ursaring\n|-boost|p2a: Ursaring|atk|2\n|\n|-status|p2a: Ursaring|tox|[from] item: Toxic Orb\n|upkeep\n|turn|2\n|\n|t:|1771167917\n|move|p1a: Gothitelle|Trick|p2a: Ursaring\n|-activate|p1a: Gothitelle|move: Trick|[of] p2a: Ursaring\n|-item|p2a: Ursaring|Choice Scarf|[from] move: Trick\n|-item|p1a: Gothitelle|Toxic Orb|[from] move: Trick\n|move|p2a: Ursaring|Facade|p1a: Gothitelle\n|-damage|p1a: Gothitelle|0 fnt\n|faint|p1a: Gothitelle\n|\n|-damage|p2a: Ursaring|270/288 tox|[from] psn\n|upkeep\n|\n|t:|1771167922\n|switch|p1a: Registeel|Registeel, L81|262/262\n|turn|3\n|\n|t:|1771167927\n|-terastallize|p2a: Ursaring|Normal\n|move|p2a: Ursaring|Facade|p1a: Registeel\n|-resisted|p1a: Registeel\n|-damage|p1a: Registeel|80/262\n|move|p1a: Registeel|Iron Defense|p1a: Registeel\n|-boost|p1a: Registeel|def|2\n|\n|-damage|p2a: Ursaring|234/288 tox|[from] psn\n|upkeep\n|turn|4\n|\n|t:|1771167932\n|move|p2a: Ursaring|Facade|p1a: Registeel\n|-resisted|p1a: Registeel\n|-damage|p1a: Registeel|0 fnt\n|faint|p1a: Registeel\n|\n|-damage|p2a: Ursaring|180/288 tox|[from] psn\n|upkeep\n|\n|t:|1771167937\n|switch|p1a: Probopass|Probopass, L91, F|257/257\n|turn|5\n|\n|t:|1771167940\n|move|p2a: Ursaring|Facade|p1a: Probopass\n|-resisted|p1a: Probopass\n|-damage|p1a: Probopass|176/257\n|move|p1a: Probopass|Iron Defense|p1a: Probopass\n|-boost|p1a: Probopass|def|2\n|\n|-damage|p2a: Ursaring|108/288 tox|[from] psn\n|upkeep\n|turn|6\n|\n|t:|1771167945\n|switch|p2a: Gengar|Gengar, L81, F|230/230\n|move|p1a: Probopass|Rest|p1a: Probopass\n|-status|p1a: Probopass|slp|[from] move: Rest\n|-heal|p1a: Probopass|257/257 slp|[silent]\n|-enditem|p1a: Probopass|Chesto Berry|[eat]\n|-curestatus|p1a: Probopass|slp|[msg]\n|\n|upkeep\n|turn|7\n|\n|t:|1771167950\n|move|p2a: Gengar|Nasty Plot|p2a: Gengar\n|-boost|p2a: Gengar|spa|2\n|move|p1a: Probopass|Power Gem|p2a: Gengar\n|-damage|p2a: Gengar|134/230\n|\n|upkeep\n|turn|8\n|\n|t:|1771167953\n|move|p2a: Gengar|Shadow Ball|p1a: Probopass\n|-crit|p1a: Probopass\n|-damage|p1a: Probopass|37/257\n|-damage|p2a: Gengar|111/230|[from] item: Life Orb\n|move|p1a: Probopass|Power Gem|p2a: Gengar\n|-damage|p2a: Gengar|8/230\n|\n|upkeep\n|turn|9\n|\n|t:|1771167957\n|move|p2a: Gengar|Shadow Ball|p1a: Probopass\n|-damage|p1a: Probopass|0 fnt\n|faint|p1a: Probopass\n|-damage|p2a: Gengar|0 fnt|[from] item: Life Orb\n|faint|p2a: Gengar\n|\n|upkeep\n|\n|t:|1771167962\n|switch|p2a: Ursaring|Ursaring, L84, F, tera:Normal|108/288 tox\n|switch|p1a: Grimmsnarl|Grimmsnarl, L83, M|293/293\n|turn|10\n|\n|t:|1771167966\n|move|p1a: Grimmsnarl|Reflect|p1a: Grimmsnarl\n|-sidestart|p1: BennettOfShowdown|Reflect\n|move|p2a: Ursaring|Facade|p1a: Grimmsnarl\n|-damage|p1a: Grimmsnarl|143/293\n|\n|-damage|p2a: Ursaring|90/288 tox|[from] psn\n|upkeep\n|turn|11\n|\n|t:|1771167969\n|move|p1a: Grimmsnarl|Light Screen|p1a: Grimmsnarl\n|-sidestart|p1: BennettOfShowdown|move: Light Screen\n|move|p2a: Ursaring|Facade|p1a: Grimmsnarl\n|-damage|p1a: Grimmsnarl|0 fnt\n|faint|p1a: Grimmsnarl\n|\n|-damage|p2a: Ursaring|54/288 tox|[from] psn\n|upkeep\n|\n|t:|1771167971\n|switch|p1a: Ursaluna|Ursaluna-Bloodmoon, L79, M|308/308\n|turn|12\n|\n|t:|1771167976\n|move|p2a: Ursaring|Facade|p1a: Ursaluna\n|-damage|p1a: Ursaluna|199/308\n|move|p1a: Ursaluna|Moonlight|p1a: Ursaluna\n|-heal|p1a: Ursaluna|308/308\n|\n|-damage|p2a: Ursaring|0 fnt|[from] psn\n|faint|p2a: Ursaring\n|upkeep\n|\n|t:|1771167987\n|switch|p2a: Oricorio|Oricorio-Pom-Pom, L82, M|257/257\n|turn|13\n|\n|t:|1771167995\n|move|p2a: Oricorio|Quiver Dance|p2a: Oricorio\n|-boost|p2a: Oricorio|spa|1\n|-boost|p2a: Oricorio|spd|1\n|-boost|p2a: Oricorio|spe|1\n|move|p1a: Ursaluna|Calm Mind|p1a: Ursaluna\n|-boost|p1a: Ursaluna|spa|1\n|-boost|p1a: Ursaluna|spd|1\n|\n|upkeep\n|turn|14\n|\n|t:|1771167998\n|move|p2a: Oricorio|Quiver Dance|p2a: Oricorio\n|-boost|p2a: Oricorio|spa|1\n|-boost|p2a: Oricorio|spd|1\n|-boost|p2a: Oricorio|spe|1\n|move|p1a: Ursaluna|Calm Mind|p1a: Ursaluna\n|-boost|p1a: Ursaluna|spa|1\n|-boost|p1a: Ursaluna|spd|1\n|\n|upkeep\n|turn|15\n|\n|t:|1771168000\n|move|p2a: Oricorio|Quiver Dance|p2a: Oricorio\n|-boost|p2a: Oricorio|spa|1\n|-boost|p2a: Oricorio|spd|1\n|-boost|p2a: Oricorio|spe|1\n|move|p1a: Ursaluna|Calm Mind|p1a: Ursaluna\n|-boost|p1a: Ursaluna|spa|1\n|-boost|p1a: Ursaluna|spd|1\n|\n|upkeep\n|turn|16\n|\n|t:|1771168002\n|move|p2a: Oricorio|Quiver Dance|p2a: Oricorio\n|-boost|p2a: Oricorio|spa|1\n|-boost|p2a: Oricorio|spd|1\n|-boost|p2a: Oricorio|spe|1\n|move|p1a: Ursaluna|Calm Mind|p1a: Ursaluna\n|-boost|p1a: Ursaluna|spa|1\n|-boost|p1a: Ursaluna|spd|1\n|\n|upkeep\n|turn|17\n|\n|t:|1771168004\n|move|p2a: Oricorio|Quiver Dance|p2a: Oricorio\n|-boost|p2a: Oricorio|spa|1\n|-boost|p2a: Oricorio|spd|1\n|-boost|p2a: Oricorio|spe|1\n|move|p1a: Ursaluna|Calm Mind|p1a: Ursaluna\n|-boost|p1a: Ursaluna|spa|1\n|-boost|p1a: Ursaluna|spd|1\n|\n|-sideend|p1: BennettOfShowdown|Reflect\n|upkeep\n|turn|18\n|\n|t:|1771168006\n|move|p2a: Oricorio|Quiver Dance|p2a: Oricorio\n|-boost|p2a: Oricorio|spa|1\n|-boost|p2a: Oricorio|spd|1\n|-boost|p2a: Oricorio|spe|1\n|move|p1a: Ursaluna|Calm Mind|p1a: Ursaluna\n|-boost|p1a: Ursaluna|spa|1\n|-boost|p1a: Ursaluna|spd|1\n|\n|-sideend|p1: BennettOfShowdown|move: Light Screen\n|upkeep\n|turn|19\n|\n|t:|1771168009\n|move|p2a: Oricorio|Hurricane|p1a: Ursaluna\n|-damage|p1a: Ursaluna|154/308\n|move|p1a: Ursaluna|Calm Mind|p1a: Ursaluna\n|-boost|p1a: Ursaluna|spa|0\n|-boost|p1a: Ursaluna|spd|0\n|\n|-heal|p1a: Ursaluna|173/308|[from] item: Leftovers\n|upkeep\n|turn|20\n|\n|t:|1771168013\n|move|p2a: Oricorio|Hurricane|p1a: Ursaluna\n|-damage|p1a: Ursaluna|38/308\n|move|p1a: Ursaluna|Moonlight|p1a: Ursaluna\n|-heal|p1a: Ursaluna|192/308\n|\n|-heal|p1a: Ursaluna|211/308|[from] item: Leftovers\n|upkeep\n|turn|21\n|\n|t:|1771168016\n|move|p2a: Oricorio|Hurricane|p1a: Ursaluna\n|-damage|p1a: Ursaluna|54/308\n|-start|p1a: Ursaluna|confusion\n|-activate|p1a: Ursaluna|confusion\n|move|p1a: Ursaluna|Moonlight|p1a: Ursaluna\n|-heal|p1a: Ursaluna|208/308\n|\n|-heal|p1a: Ursaluna|227/308|[from] item: Leftovers\n|upkeep\n|turn|22\n|\n|t:|1771168019\n|move|p2a: Oricorio|Hurricane|p1a: Ursaluna|[miss]\n|-miss|p2a: Oricorio|p1a: Ursaluna\n|-activate|p1a: Ursaluna|confusion\n|move|p1a: Ursaluna|Moonlight|p1a: Ursaluna\n|-heal|p1a: Ursaluna|308/308\n|\n|upkeep\n|turn|23\n|\n|t:|1771168021\n|move|p2a: Oricorio|Hurricane|p1a: Ursaluna|[miss]\n|-miss|p2a: Oricorio|p1a: Ursaluna\n|-activate|p1a: Ursaluna|confusion\n|move|p1a: Ursaluna|Blood Moon|p2a: Oricorio\n|-damage|p2a: Oricorio|59/257\n|\n|upkeep\n|turn|24\n|\n|t:|1771168024\n|move|p2a: Oricorio|Roost|p2a: Oricorio\n|-heal|p2a: Oricorio|188/257\n|-singleturn|p2a: Oricorio|move: Roost\n|-activate|p1a: Ursaluna|confusion\n|move|p1a: Ursaluna|Earth Power|p2a: Oricorio\n|-supereffective|p2a: Oricorio\n|-crit|p2a: Oricorio\n|-damage|p2a: Oricorio|0 fnt\n|faint|p2a: Oricorio\n|\n|upkeep\n|\n|t:|1771168029\n|switch|p2a: Stonjourner|Stonjourner, L91, F|330/330\n|turn|25\n|\n|t:|1771168039\n|move|p2a: Stonjourner|Earthquake|p1a: Ursaluna\n|-damage|p1a: Ursaluna|207/308\n|-damage|p2a: Stonjourner|297/330|[from] item: Life Orb\n|-end|p1a: Ursaluna|confusion\n|move|p1a: Ursaluna|Earth Power|p2a: Stonjourner\n|-supereffective|p2a: Stonjourner\n|-damage|p2a: Stonjourner|0 fnt\n|faint|p2a: Stonjourner\n|\n|-heal|p1a: Ursaluna|226/308|[from] item: Leftovers\n|upkeep\n|-message|orochiraul forfeited.\n|\n|win|BennettOfShowdown\n|raw|BennettOfShowdown's rating: 1845 &rarr; <strong>1867</strong><br />(+22 for winning)\n|raw|orochiraul's rating: 1873 &rarr; <strong>1851</strong><br />(-22 for losing)\n|l|☆orochiraul\n|player|p2|\n|l|☆BennettOfShowdown\n|player|p1|\n|j|☆BennettOfShowdown\n|player|p1|BennettOfShowdown|lucas-gen4pt|\n", "inputlog": ">version 686819e5e19f8a7fd2345cfc5a08a5085efa2cc3\n>start {\"formatid\":\"gen9randombattle\",\"seed\":\"sodium,22e9315ee82519fb8d8548906be65c50\",\"rated\":\"Rated battle\"}\n>player p1 {\"name\":\"BennettOfShowdown\",\"avatar\":\"lucas-gen4pt\",\"rating\":1845,\"seed\":\"sodium,3bf478f8a562f8d9765b94db179a0479\"}\n>player p2 {\"name\":\"orochiraul\",\"avatar\":\"giovanni\",\"rating\":1873,\"seed\":\"sodium,e427d39213c8b06e3da9a5342da774bf\"}\n>p1 switch 3\n>p2 move swordsdance\n>p1 move trick\n>p2 move facade\n>p1 switch 4\n>p1 move irondefense\n>p2 move facade terastallize\n>p1 move bodypress\n>p2 move facade\n>p1 switch 3\n>p1 move irondefense\n>p2 move facade\n>p1 move rest\n>p2 switch 4\n>p1 move powergem\n>p2 move nastyplot\n>p1 move powergem\n>p2 move shadowball\n>p1 move powergem\n>p2 move shadowball\n>p1 switch 2\n>p2 switch 4\n>p1 move reflect\n>p2 move facade\n>p1 move lightscreen\n>p2 move facade\n>p1 switch 6\n>p1 move moonlight\n>p2 move facade\n>p2 switch 3\n>p1 move calmmind\n>p2 move quiverdance\n>p1 move calmmind\n>p2 move quiverdance\n>p1 move calmmind\n>p2 move quiverdance\n>p1 move calmmind\n>p2 move quiverdance\n>p1 move calmmind\n>p2 move quiverdance\n>p1 move calmmind\n>p2 move quiverdance\n>p1 move calmmind\n>p2 move hurricane\n>p1 move moonlight\n>p2 move hurricane\n>p1 move moonlight\n>p2 move hurricane\n>p1 move moonlight\n>p2 move hurricane\n>p1 move bloodmoon\n>p2 move hurricane\n>p1 move earthpower\n>p2 move roost\n>p2 switch 6\n>p1 move earthpower\n>p2 move earthquake\n>forcelose p2", "uploadtime": 1771168130, "views": 9, "formatid": "gen9randombattle", "rating": 1851, "private": 0, "password": null}