{"id": "gen9randombattle-2540493088", "format": "[Gen 9] Random Battle", "players": ["Phani42", "exaltedpikablu"], "log": "|j|☆Phani42\n|j|☆exaltedpikablu\n|t:|1771208876\n|gametype|singles\n|player|p1|Phani42|102|1776\n|player|p2|exaltedpikablu|170|1731\n|gen|9\n|tier|[Gen 9] Random Battle\n|rated|\n|rule|Species Clause: Limit one of each Pokémon\n|rule|HP Percentage Mod: HP is shown in percentages\n|rule|Sleep Clause Mod: Limit one foe put to sleep\n|rule|Illusion Level Mod: Illusion disguises the Pokémon's true level\n|\n|t:|1771208876\n|teamsize|p1|6\n|teamsize|p2|6\n|start\n|switch|p1a: Armarouge|Armarouge, L80, F|267/267\n|switch|p2a: Brambleghast|Brambleghast, L88, M|240/240\n|turn|1\n|inactive|Battle timer is ON: inactive players will automatically lose when time's up. (requested by Phani42)\n|\n|t:|1771208885\n|move|p2a: Brambleghast|Poltergeist|p1a: Armarouge\n|-activate|p1a: Armarouge|move: Poltergeist|Power Herb\n|-supereffective|p1a: Armarouge\n|-damage|p1a: Armarouge|0 fnt\n|faint|p1a: Armarouge\n|\n|upkeep\n|\n|t:|1771208896\n|switch|p1a: Wyrdeer|Wyrdeer, L87, M|321/321\n|-ability|p1a: Wyrdeer|Intimidate|boost\n|-unboost|p2a: Brambleghast|atk|1\n|turn|2\n|\n|t:|1771208912\n|switch|p2a: Tinkaton|Tinkaton, L82, F|274/274\n|-ability|p2a: Tinkaton|Mold Breaker\n|move|p1a: Wyrdeer|Thunder Wave|p2a: Tinkaton\n|-status|p2a: Tinkaton|par\n|\n|upkeep\n|turn|3\n|\n|t:|1771208918\n|move|p1a: Wyrdeer|Earthquake|p2a: Tinkaton\n|-supereffective|p2a: Tinkaton\n|-damage|p2a: Tinkaton|84/274 par\n|move|p2a: Tinkaton|Thunder Wave|p1a: Wyrdeer\n|-status|p1a: Wyrdeer|par\n|\n|-heal|p2a: Tinkaton|101/274 par|[from] item: Leftovers\n|upkeep\n|turn|4\n|\n|t:|1771208922\n|cant|p2a: Tinkaton|par\n|move|p1a: Wyrdeer|Earthquake|p2a: Tinkaton\n|-supereffective|p2a: Tinkaton\n|-damage|p2a: Tinkaton|0 fnt\n|faint|p2a: Tinkaton\n|\n|upkeep\n|\n|t:|1771208926\n|switch|p2a: Jumpluff|Jumpluff, L87, M|271/271\n|turn|5\n|\n|t:|1771208939\n|move|p2a: Jumpluff|Substitute|p2a: Jumpluff\n|-start|p2a: Jumpluff|Substitute\n|-damage|p2a: Jumpluff|204/271\n|move|p1a: Wyrdeer|Body Slam|p2a: Jumpluff\n|-end|p2a: Jumpluff|Substitute\n|\n|upkeep\n|turn|6\n|\n|t:|1771208947\n|move|p2a: Jumpluff|Leech Seed|p1a: Wyrdeer\n|-start|p1a: Wyrdeer|move: Leech Seed\n|move|p1a: Wyrdeer|Psychic Noise|p2a: Jumpluff\n|-damage|p2a: Jumpluff|125/271\n|-start|p2a: Jumpluff|move: Heal Block\n|\n|-damage|p1a: Wyrdeer|281/321 par|[from] Leech Seed|[of] p2a: Jumpluff\n|upkeep\n|turn|7\n|\n|t:|1771208961\n|switch|p2a: Brambleghast|Brambleghast, L88, M|240/240\n|move|p1a: Wyrdeer|Psychic Noise|p2a: Brambleghast\n|-damage|p2a: Brambleghast|131/240\n|-start|p2a: Brambleghast|move: Heal Block\n|\n|-heal|p1a: Wyrdeer|301/321 par|[from] item: Leftovers\n|-damage|p1a: Wyrdeer|261/321 par|[from] Leech Seed|[of] p2a: Brambleghast\n|upkeep\n|turn|8\n|\n|t:|1771208970\n|move|p2a: Brambleghast|Power Whip|p1a: Wyrdeer\n|-damage|p1a: Wyrdeer|81/321 par\n|cant|p1a: Wyrdeer|par\n|\n|-heal|p1a: Wyrdeer|101/321 par|[from] item: Leftovers\n|-damage|p1a: Wyrdeer|61/321 par|[from] Leech Seed|[of] p2a: Brambleghast\n|-end|p2a: Brambleghast|move: Heal Block\n|upkeep\n|turn|9\n|\n|t:|1771208978\n|move|p2a: Brambleghast|Rapid Spin|p1a: Wyrdeer\n|-damage|p1a: Wyrdeer|11/321 par\n|-boost|p2a: Brambleghast|spe|1\n|move|p1a: Wyrdeer|Thunder Wave|p2a: Brambleghast\n|-status|p2a: Brambleghast|par\n|\n|-heal|p1a: Wyrdeer|31/321 par|[from] item: Leftovers\n|-damage|p1a: Wyrdeer|0 fnt|[from] Leech Seed|[of] p2a: Brambleghast\n|-heal|p2a: Brambleghast|162/240 par|[silent]\n|faint|p1a: Wyrdeer\n|upkeep\n|\n|t:|1771208984\n|switch|p1a: Clawitzer|Clawitzer, L87, F|265/265\n|turn|10\n|\n|t:|1771208988\n|move|p2a: Brambleghast|Power Whip|p1a: Clawitzer\n|-supereffective|p1a: Clawitzer\n|-damage|p1a: Clawitzer|0 fnt\n|faint|p1a: Clawitzer\n|\n|upkeep\n|\n|t:|1771208996\n|switch|p1a: Mabosstiff|Mabosstiff, L86, M|278/278\n|turn|11\n|\n|t:|1771208999\n|move|p1a: Mabosstiff|Crunch|p2a: Brambleghast\n|-supereffective|p2a: Brambleghast\n|-damage|p2a: Brambleghast|0 fnt\n|faint|p2a: Brambleghast\n|\n|upkeep\n|\n|t:|1771209004\n|switch|p2a: Phione|Phione, L91|293/293\n|turn|12\n|\n|t:|1771209008\n|move|p2a: Phione|Scald|p1a: Mabosstiff\n|-damage|p1a: Mabosstiff|185/278\n|move|p1a: Mabosstiff|Crunch|p2a: Phione\n|-crit|p2a: Phione\n|-damage|p2a: Phione|64/293\n|\n|-heal|p2a: Phione|82/293|[from] item: Leftovers\n|upkeep\n|turn|13\n|\n|t:|1771209012\n|switch|p1a: Tatsugiri|Tatsugiri, L87, M|260/260\n|move|p2a: Phione|Scald|p1a: Tatsugiri\n|-ability|p1a: Tatsugiri|Storm Drain|boost\n|-boost|p1a: Tatsugiri|spa|1\n|\n|-heal|p2a: Phione|100/293|[from] item: Leftovers\n|upkeep\n|turn|14\n|\n|t:|1771209017\n|switch|p2a: Chansey|Chansey, L85, F|564/564\n|move|p1a: Tatsugiri|Rapid Spin|p2a: Chansey\n|-damage|p2a: Chansey|505/564\n|-boost|p1a: Tatsugiri|spe|1\n|\n|upkeep\n|turn|15\n|\n|t:|1771209024\n|move|p1a: Tatsugiri|Nasty Plot|p1a: Tatsugiri\n|-boost|p1a: Tatsugiri|spa|2\n|move|p2a: Chansey|Thunder Wave|p1a: Tatsugiri\n|-status|p1a: Tatsugiri|par\n|\n|upkeep\n|turn|16\n|\n|t:|1771209027\n|cant|p1a: Tatsugiri|par\n|move|p2a: Chansey|Seismic Toss|p1a: Tatsugiri\n|-damage|p1a: Tatsugiri|175/260 par\n|\n|upkeep\n|turn|17\n|\n|t:|1771209030\n|move|p1a: Tatsugiri|Rapid Spin|p2a: Chansey\n|-damage|p2a: Chansey|454/564\n|-boost|p1a: Tatsugiri|spe|1\n|move|p2a: Chansey|Seismic Toss|p1a: Tatsugiri\n|-damage|p1a: Tatsugiri|90/260 par\n|\n|upkeep\n|turn|18\n|\n|t:|1771209036\n|cant|p1a: Tatsugiri|par\n|move|p2a: Chansey|Seismic Toss|p1a: Tatsugiri\n|-damage|p1a: Tatsugiri|5/260 par\n|\n|upkeep\n|turn|19\n|\n|t:|1771209040\n|move|p1a: Tatsugiri|Draco Meteor|p2a: Chansey\n|-damage|p2a: Chansey|204/564\n|-unboost|p1a: Tatsugiri|spa|2\n|move|p2a: Chansey|Seismic Toss|p1a: Tatsugiri\n|-damage|p1a: Tatsugiri|0 fnt\n|faint|p1a: Tatsugiri\n|\n|upkeep\n|\n|t:|1771209046\n|switch|p1a: Mabosstiff|Mabosstiff, L86, M|185/278\n|turn|20\n|\n|t:|1771209049\n|move|p1a: Mabosstiff|Crunch|p2a: Chansey\n|-damage|p2a: Chansey|0 fnt\n|faint|p2a: Chansey\n|\n|upkeep\n|\n|t:|1771209050\n|switch|p2a: Jumpluff|Jumpluff, L87, M|125/271\n|turn|21\n|\n|t:|1771209060\n|move|p2a: Jumpluff|Strength Sap|p1a: Mabosstiff\n|-unboost|p1a: Mabosstiff|atk|1\n|-heal|p2a: Jumpluff|271/271\n|move|p1a: Mabosstiff|Crunch|p2a: Jumpluff\n|-damage|p2a: Jumpluff|148/271\n|\n|upkeep\n|turn|22\n|\n|t:|1771209064\n|move|p2a: Jumpluff|Leech Seed|p1a: Mabosstiff\n|-start|p1a: Mabosstiff|move: Leech Seed\n|move|p1a: Mabosstiff|Crunch|p2a: Jumpluff\n|-damage|p2a: Jumpluff|37/271\n|-unboost|p2a: Jumpluff|def|1\n|\n|-damage|p1a: Mabosstiff|151/278|[from] Leech Seed|[of] p2a: Jumpluff\n|-heal|p2a: Jumpluff|71/271|[silent]\n|upkeep\n|turn|23\n|\n|t:|1771209070\n|move|p2a: Jumpluff|Strength Sap|p1a: Mabosstiff\n|-unboost|p1a: Mabosstiff|atk|1\n|-heal|p2a: Jumpluff|241/271\n|move|p1a: Mabosstiff|Crunch|p2a: Jumpluff\n|-damage|p2a: Jumpluff|114/271\n|\n|-damage|p1a: Mabosstiff|117/278|[from] Leech Seed|[of] p2a: Jumpluff\n|-heal|p2a: Jumpluff|148/271|[silent]\n|upkeep\n|turn|24\n|\n|t:|1771209078\n|move|p2a: Jumpluff|Substitute|p2a: Jumpluff\n|-start|p2a: Jumpluff|Substitute\n|-damage|p2a: Jumpluff|81/271\n|move|p1a: Mabosstiff|Crunch|p2a: Jumpluff\n|-end|p2a: Jumpluff|Substitute\n|\n|-damage|p1a: Mabosstiff|83/278|[from] Leech Seed|[of] p2a: Jumpluff\n|-heal|p2a: Jumpluff|115/271|[silent]\n|upkeep\n|turn|25\n|\n|t:|1771209083\n|move|p2a: Jumpluff|Substitute|p2a: Jumpluff\n|-start|p2a: Jumpluff|Substitute\n|-damage|p2a: Jumpluff|48/271\n|move|p1a: Mabosstiff|Crunch|p2a: Jumpluff\n|-end|p2a: Jumpluff|Substitute\n|\n|-damage|p1a: Mabosstiff|49/278|[from] Leech Seed|[of] p2a: Jumpluff\n|-heal|p2a: Jumpluff|82/271|[silent]\n|upkeep\n|turn|26\n|\n|t:|1771209088\n|move|p2a: Jumpluff|Acrobatics|p1a: Mabosstiff\n|-damage|p1a: Mabosstiff|0 fnt\n|faint|p1a: Mabosstiff\n|\n|upkeep\n|\n|t:|1771209090\n|switch|p1a: Chesnaught|Chesnaught, L84, F|285/285\n|turn|27\n|\n|t:|1771209098\n|-terastallize|p1a: Chesnaught|Steel\n|move|p2a: Jumpluff|Acrobatics|p1a: Chesnaught\n|-resisted|p1a: Chesnaught\n|-damage|p1a: Chesnaught|255/285\n|move|p1a: Chesnaught|Iron Defense|p1a: Chesnaught\n|-boost|p1a: Chesnaught|def|2\n|\n|-heal|p1a: Chesnaught|272/285|[from] item: Leftovers\n|upkeep\n|turn|28\n|\n|t:|1771209103\n|move|p2a: Jumpluff|Leech Seed|p1a: Chesnaught|[miss]\n|-miss|p2a: Jumpluff|p1a: Chesnaught\n|move|p1a: Chesnaught|Trailblaze|p2a: Jumpluff\n|-resisted|p2a: Jumpluff\n|-damage|p2a: Jumpluff|59/271\n|-boost|p1a: Chesnaught|spe|1\n|\n|-heal|p1a: Chesnaught|285/285|[from] item: Leftovers\n|upkeep\n|turn|29\n|\n|t:|1771209109\n|move|p2a: Jumpluff|Strength Sap|p1a: Chesnaught\n|-unboost|p1a: Chesnaught|atk|1\n|-heal|p2a: Jumpluff|271/271\n|move|p1a: Chesnaught|Iron Defense|p1a: Chesnaught\n|-boost|p1a: Chesnaught|def|2\n|\n|upkeep\n|turn|30\n|\n|t:|1771209111\n|move|p2a: Jumpluff|Leech Seed|p1a: Chesnaught\n|-start|p1a: Chesnaught|move: Leech Seed\n|move|p1a: Chesnaught|Trailblaze|p2a: Jumpluff\n|-resisted|p2a: Jumpluff\n|-damage|p2a: Jumpluff|253/271\n|-boost|p1a: Chesnaught|spe|1\n|\n|-damage|p1a: Chesnaught|250/285|[from] Leech Seed|[of] p2a: Jumpluff\n|-heal|p2a: Jumpluff|271/271|[silent]\n|upkeep\n|turn|31\n|\n|t:|1771209117\n|move|p1a: Chesnaught|Iron Defense|p1a: Chesnaught\n|-boost|p1a: Chesnaught|def|2\n|move|p2a: Jumpluff|Substitute|p2a: Jumpluff\n|-start|p2a: Jumpluff|Substitute\n|-damage|p2a: Jumpluff|204/271\n|\n|-heal|p1a: Chesnaught|267/285|[from] item: Leftovers\n|-damage|p1a: Chesnaught|232/285|[from] Leech Seed|[of] p2a: Jumpluff\n|-heal|p2a: Jumpluff|239/271|[silent]\n|upkeep\n|turn|32\n|\n|t:|1771209123\n|move|p1a: Chesnaught|Body Press|p2a: Jumpluff\n|-resisted|p2a: Jumpluff\n|-end|p2a: Jumpluff|Substitute\n|move|p2a: Jumpluff|Substitute|p2a: Jumpluff\n|-start|p2a: Jumpluff|Substitute\n|-damage|p2a: Jumpluff|172/271\n|\n|-heal|p1a: Chesnaught|249/285|[from] item: Leftovers\n|-damage|p1a: Chesnaught|214/285|[from] Leech Seed|[of] p2a: Jumpluff\n|-heal|p2a: Jumpluff|207/271|[silent]\n|upkeep\n|turn|33\n|\n|t:|1771209128\n|move|p1a: Chesnaught|Body Press|p2a: Jumpluff\n|-resisted|p2a: Jumpluff\n|-end|p2a: Jumpluff|Substitute\n|move|p2a: Jumpluff|Substitute|p2a: Jumpluff\n|-start|p2a: Jumpluff|Substitute\n|-damage|p2a: Jumpluff|140/271\n|\n|-heal|p1a: Chesnaught|231/285|[from] item: Leftovers\n|-damage|p1a: Chesnaught|196/285|[from] Leech Seed|[of] p2a: Jumpluff\n|-heal|p2a: Jumpluff|175/271|[silent]\n|upkeep\n|turn|34\n|\n|t:|1771209134\n|move|p1a: Chesnaught|Body Press|p2a: Jumpluff\n|-resisted|p2a: Jumpluff\n|-end|p2a: Jumpluff|Substitute\n|move|p2a: Jumpluff|Substitute|p2a: Jumpluff\n|-start|p2a: Jumpluff|Substitute\n|-damage|p2a: Jumpluff|108/271\n|\n|-heal|p1a: Chesnaught|213/285|[from] item: Leftovers\n|-damage|p1a: Chesnaught|178/285|[from] Leech Seed|[of] p2a: Jumpluff\n|-heal|p2a: Jumpluff|143/271|[silent]\n|upkeep\n|turn|35\n|\n|t:|1771209140\n|move|p1a: Chesnaught|Body Press|p2a: Jumpluff\n|-resisted|p2a: Jumpluff\n|-end|p2a: Jumpluff|Substitute\n|move|p2a: Jumpluff|Substitute|p2a: Jumpluff\n|-start|p2a: Jumpluff|Substitute\n|-damage|p2a: Jumpluff|76/271\n|\n|-heal|p1a: Chesnaught|195/285|[from] item: Leftovers\n|-damage|p1a: Chesnaught|160/285|[from] Leech Seed|[of] p2a: Jumpluff\n|-heal|p2a: Jumpluff|111/271|[silent]\n|upkeep\n|turn|36\n|\n|t:|1771209154\n|move|p1a: Chesnaught|Body Press|p2a: Jumpluff\n|-resisted|p2a: Jumpluff\n|-end|p2a: Jumpluff|Substitute\n|move|p2a: Jumpluff|Strength Sap|p1a: Chesnaught\n|-unboost|p1a: Chesnaught|atk|1\n|-heal|p2a: Jumpluff|263/271\n|\n|-heal|p1a: Chesnaught|177/285|[from] item: Leftovers\n|-damage|p1a: Chesnaught|142/285|[from] Leech Seed|[of] p2a: Jumpluff\n|-heal|p2a: Jumpluff|271/271|[silent]\n|upkeep\n|turn|37\n|\n|t:|1771209158\n|move|p1a: Chesnaught|Body Press|p2a: Jumpluff\n|-resisted|p2a: Jumpluff\n|-damage|p2a: Jumpluff|0 fnt\n|faint|p2a: Jumpluff\n|\n|-heal|p1a: Chesnaught|159/285|[from] item: Leftovers\n|upkeep\n|\n|t:|1771209166\n|switch|p2a: Phione|Phione, L91|100/293\n|turn|38\n|\n|t:|1771209169\n|move|p1a: Chesnaught|Body Press|p2a: Phione\n|-damage|p2a: Phione|0 fnt\n|faint|p2a: Phione\n|\n|-heal|p1a: Chesnaught|176/285|[from] item: Leftovers\n|upkeep\n|\n|t:|1771209171\n|switch|p2a: Cinccino|Cinccino, L83, M|260/260\n|turn|39\n|\n|t:|1771209175\n|move|p1a: Chesnaught|Body Press|p2a: Cinccino\n|-supereffective|p2a: Cinccino\n|-damage|p2a: Cinccino|0 fnt\n|faint|p2a: Cinccino\n|\n|win|Phani42\n|raw|Phani42's rating: 1776 &rarr; <strong>1793</strong><br />(+17 for winning)\n|raw|exaltedpikablu's rating: 1731 &rarr; <strong>1714</strong><br />(-17 for losing)\n", "inputlog": ">version 686819e5e19f8a7fd2345cfc5a08a5085efa2cc3\n>start {\"formatid\":\"gen9randombattle\",\"seed\":\"sodium,c085364d9739b7ec8179a2f14e84e58b\",\"rated\":\"Rated battle\"}\n>player p1 {\"name\":\"Phani42\",\"avatar\":\"102\",\"rating\":1776,\"seed\":\"sodium,b28eeae40541a82a2689cc688de46611\"}\n>player p2 {\"name\":\"exaltedpikablu\",\"avatar\":\"170\",\"rating\":1731,\"seed\":\"sodium,7f9e4c846b56155d9d31e0b5d3e0d193\"}\n>p1 move armorcannon\n>p2 move poltergeist\n>p1 switch 6\n>p1 move thunderwave\n>p2 switch 4\n>p1 move earthquake\n>p2 move thunderwave\n>p1 move earthquake\n>p2 move knockoff\n>p2 switch 3\n>p1 move bodyslam\n>p2 move substitute\n>p1 move psychicnoise\n>p2 move leechseed\n>p1 move psychicnoise\n>p2 switch 4\n>p1 move thunderwave\n>p2 move powerwhip\n>p1 move thunderwave\n>p2 move rapidspin\n>p1 switch 2\n>p1 move darkpulse\n>p2 move powerwhip\n>p1 switch 5\n>p1 move crunch\n>p2 move strengthsap\n>p2 switch 2\n>p1 move crunch\n>p2 move scald\n>p1 switch 4\n>p2 move scald\n>p1 move rapidspin\n>p2 switch 6\n>p1 move nastyplot\n>p2 move thunderwave\n>p1 move rapidspin\n>p2 move seismictoss\n>p1 move rapidspin\n>p2 move seismictoss\n>p1 move nastyplot\n>p2 move seismictoss\n>p1 move dracometeor\n>p2 move seismictoss\n>p1 switch 4\n>p1 move crunch\n>p2 move seismictoss\n>p2 switch 4\n>p1 move crunch\n>p2 move strengthsap\n>p1 move crunch\n>p2 move leechseed\n>p1 move crunch\n>p2 move strengthsap\n>p1 move crunch\n>p2 move substitute\n>p1 move crunch\n>p2 move substitute\n>p1 move crunch\n>p2 move acrobatics\n>p1 switch 3\n>p1 move irondefense terastallize\n>p2 move acrobatics\n>p1 move trailblaze\n>p2 move leechseed\n>p1 move irondefense\n>p2 move strengthsap\n>p1 move trailblaze\n>p2 move leechseed\n>p1 move irondefense\n>p2 move substitute\n>p1 move bodypress\n>p2 move substitute\n>p1 move bodypress\n>p2 move substitute\n>p1 move bodypress\n>p2 move substitute\n>p1 move bodypress\n>p2 move substitute\n>p1 move bodypress\n>p2 move strengthsap\n>p1 move bodypress\n>p2 move substitute\n>p2 switch 6\n>p1 move bodypress\n>p2 move scald\n>p2 switch 5\n>p1 move bodypress\n>p2 move tripleaxel", "uploadtime": 1771209178, "views": 8, "formatid": "gen9randombattle", "rating": 1714, "private": 0, "password": null}