{"id": "gen9randombattle-2540548259", "format": "[Gen 9] Random Battle", "players": ["TRedden", "JEMJJJJJJJ"], "log": "|j|☆TRedden\n|j|☆JEMJJJJJJJ\n|t:|1771216281\n|gametype|singles\n|player|p1|TRedden|blue|1549\n|player|p2|JEMJJJJJJJ|169|1595\n|gen|9\n|tier|[Gen 9] Random Battle\n|rated|\n|rule|Species Clause: Limit one of each Pokémon\n|rule|HP Percentage Mod: HP is shown in percentages\n|rule|Sleep Clause Mod: Limit one foe put to sleep\n|rule|Illusion Level Mod: Illusion disguises the Pokémon's true level\n|\n|t:|1771216281\n|teamsize|p1|6\n|teamsize|p2|6\n|start\n|switch|p1a: Espathra|Espathra, L80, F|283/283\n|switch|p2a: Haxorus|Haxorus, L77, F|244/244\n|-ability|p2a: Haxorus|Mold Breaker\n|turn|1\n|\n|t:|1771216292\n|switch|p2a: Bronzong|Bronzong, L88|261/261\n|move|p1a: Espathra|Dazzling Gleam|p2a: Bronzong\n|-resisted|p2a: Bronzong\n|-damage|p2a: Bronzong|229/261\n|\n|-ability|p1a: Espathra|Speed Boost|boost\n|-boost|p1a: Espathra|spe|1\n|upkeep\n|turn|2\n|\n|t:|1771216315\n|switch|p1a: Galvantula|Galvantula, L82, F|249/249\n|move|p2a: Bronzong|Psychic Noise|p1a: Galvantula\n|-damage|p1a: Galvantula|152/249\n|-start|p1a: Galvantula|move: Heal Block\n|\n|upkeep\n|turn|3\n|\n|t:|1771216333\n|switch|p2a: Haxorus|Haxorus, L77, F|244/244\n|-ability|p2a: Haxorus|Mold Breaker\n|move|p1a: Galvantula|Sticky Web|p2a: Haxorus\n|-sidestart|p2: JEMJJJJJJJ|move: Sticky Web\n|\n|-end|p1a: Galvantula|move: Heal Block\n|upkeep\n|turn|4\n|\n|t:|1771216358\n|move|p1a: Galvantula|Bug Buzz|p2a: Haxorus\n|-damage|p2a: Haxorus|132/244\n|move|p2a: Haxorus|Dragon Dance|p2a: Haxorus\n|-boost|p2a: Haxorus|atk|1\n|-boost|p2a: Haxorus|spe|1\n|\n|upkeep\n|turn|5\n|\n|t:|1771216365\n|move|p2a: Haxorus|Dragon Dance|p2a: Haxorus\n|-boost|p2a: Haxorus|atk|1\n|-boost|p2a: Haxorus|spe|1\n|move|p1a: Galvantula|Bug Buzz|p2a: Haxorus\n|-damage|p2a: Haxorus|15/244\n|-unboost|p2a: Haxorus|spd|1\n|\n|upkeep\n|turn|6\n|\n|t:|1771216374\n|move|p2a: Haxorus|Earthquake|p1a: Galvantula\n|-damage|p1a: Galvantula|0 fnt\n|faint|p1a: Galvantula\n|\n|upkeep\n|\n|t:|1771216382\n|switch|p1a: Lucario|Lucario, L84, M|255/255\n|turn|7\n|\n|t:|1771216400\n|move|p1a: Lucario|Vacuum Wave|p2a: Haxorus\n|-damage|p2a: Haxorus|0 fnt\n|faint|p2a: Haxorus\n|-damage|p1a: Lucario|230/255|[from] item: Life Orb\n|\n|upkeep\n|\n|t:|1771216407\n|switch|p2a: Feraligatr|Feraligatr, L79, F|264/264\n|-activate|p2a: Feraligatr|move: Sticky Web\n|-unboost|p2a: Feraligatr|spe|1\n|turn|8\n|\n|t:|1771216413\n|move|p1a: Lucario|Nasty Plot|p1a: Lucario\n|-boost|p1a: Lucario|spa|2\n|move|p2a: Feraligatr|Dragon Dance|p2a: Feraligatr\n|-boost|p2a: Feraligatr|atk|1\n|-boost|p2a: Feraligatr|spe|1\n|\n|upkeep\n|turn|9\n|\n|t:|1771216423\n|move|p1a: Lucario|Aura Sphere|p2a: Feraligatr\n|-damage|p2a: Feraligatr|0 fnt\n|faint|p2a: Feraligatr\n|-damage|p1a: Lucario|205/255|[from] item: Life Orb\n|\n|upkeep\n|\n|t:|1771216426\n|switch|p2a: Dragapult|Dragapult, L77, F|262/262\n|-activate|p2a: Dragapult|move: Sticky Web\n|-fail|p2a: Dragapult|unboost|[from] ability: Clear Body|[of] p2a: Dragapult\n|turn|10\n|\n|t:|1771216433\n|switch|p1a: Poliwrath|Poliwrath, L88, F|302/302\n|move|p2a: Dragapult|Fire Blast|p1a: Poliwrath\n|-resisted|p1a: Poliwrath\n|-damage|p1a: Poliwrath|264/302\n|-damage|p2a: Dragapult|236/262|[from] item: Life Orb\n|\n|upkeep\n|turn|11\n|\n|t:|1771216439\n|switch|p2a: Overqwil|Overqwil, L82, F|274/274\n|-activate|p2a: Overqwil|move: Sticky Web\n|-unboost|p2a: Overqwil|spe|1\n|-ability|p2a: Overqwil|Intimidate|boost\n|-unboost|p1a: Poliwrath|atk|1\n|move|p1a: Poliwrath|Rain Dance|p1a: Poliwrath\n|-weather|RainDance\n|\n|-weather|RainDance|[upkeep]\n|upkeep\n|turn|12\n|\n|t:|1771216461\n|move|p1a: Poliwrath|Knock Off|p2a: Overqwil\n|-resisted|p2a: Overqwil\n|-damage|p2a: Overqwil|243/274\n|-enditem|p2a: Overqwil|Loaded Dice|[from] move: Knock Off|[of] p1a: Poliwrath\n|-damage|p1a: Poliwrath|234/302|[from] item: Life Orb\n|move|p2a: Overqwil|Scale Shot|p1a: Poliwrath\n|-damage|p1a: Poliwrath|217/302\n|-crit|p1a: Poliwrath\n|-damage|p1a: Poliwrath|191/302\n|-hitcount|p1a: Poliwrath|2\n|-unboost|p2a: Overqwil|def|1\n|-boost|p2a: Overqwil|spe|1\n|\n|-weather|RainDance|[upkeep]\n|upkeep\n|turn|13\n|\n|t:|1771216479\n|move|p1a: Poliwrath|Close Combat|p2a: Overqwil\n|-damage|p2a: Overqwil|68/274\n|-unboost|p1a: Poliwrath|def|1\n|-unboost|p1a: Poliwrath|spd|1\n|-damage|p1a: Poliwrath|161/302|[from] item: Life Orb\n|move|p2a: Overqwil|Gunk Shot|p1a: Poliwrath\n|-damage|p1a: Poliwrath|0 fnt\n|faint|p1a: Poliwrath\n|\n|-weather|RainDance|[upkeep]\n|upkeep\n|\n|t:|1771216485\n|switch|p1a: Lucario|Lucario, L84, M|205/255\n|turn|14\n|\n|t:|1771216503\n|move|p1a: Lucario|Flash Cannon|p2a: Overqwil\n|-damage|p2a: Overqwil|0 fnt\n|faint|p2a: Overqwil\n|-damage|p1a: Lucario|180/255|[from] item: Life Orb\n|\n|-weather|RainDance|[upkeep]\n|upkeep\n|\n|t:|1771216530\n|switch|p2a: Bronzong|Bronzong, L88|229/261\n|turn|15\n|\n|t:|1771216537\n|switch|p1a: Espathra|Espathra, L80, F|283/283\n|move|p2a: Bronzong|Iron Defense|p2a: Bronzong\n|-boost|p2a: Bronzong|def|2\n|\n|-weather|none\n|upkeep\n|turn|16\n|\n|t:|1771216556\n|move|p1a: Espathra|Shadow Ball|p2a: Bronzong\n|-supereffective|p2a: Bronzong\n|-damage|p2a: Bronzong|93/261\n|move|p2a: Bronzong|Iron Defense|p2a: Bronzong\n|-boost|p2a: Bronzong|def|2\n|\n|-ability|p1a: Espathra|Speed Boost|boost\n|-boost|p1a: Espathra|spe|1\n|upkeep\n|turn|17\n|\n|t:|1771216561\n|move|p1a: Espathra|Shadow Ball|p2a: Bronzong\n|-supereffective|p2a: Bronzong\n|-damage|p2a: Bronzong|0 fnt\n|faint|p2a: Bronzong\n|\n|-ability|p1a: Espathra|Speed Boost|boost\n|-boost|p1a: Espathra|spe|1\n|upkeep\n|\n|t:|1771216568\n|switch|p2a: Entei|Entei, L78|307/307\n|-activate|p2a: Entei|move: Sticky Web\n|-unboost|p2a: Entei|spe|1\n|turn|18\n|\n|t:|1771216574\n|switch|p1a: Stonjourner|Stonjourner, L91, F|330/330\n|move|p2a: Entei|Flare Blitz|p1a: Stonjourner\n|-resisted|p1a: Stonjourner\n|-damage|p1a: Stonjourner|264/330\n|-damage|p2a: Entei|285/307|[from] Recoil\n|\n|upkeep\n|turn|19\n|\n|t:|1771216579\n|switch|p2a: Dragapult|Dragapult, L77, F|236/262\n|-activate|p2a: Dragapult|move: Sticky Web\n|-fail|p2a: Dragapult|unboost|[from] ability: Clear Body|[of] p2a: Dragapult\n|move|p1a: Stonjourner|Earthquake|p2a: Dragapult\n|-damage|p2a: Dragapult|74/262\n|-damage|p1a: Stonjourner|231/330|[from] item: Life Orb\n|\n|upkeep\n|turn|20\n|\n|t:|1771216595\n|switch|p1a: Garganacl|Garganacl, L80, M|291/291\n|move|p2a: Dragapult|Dragon Darts|p1a: Garganacl\n|-crit|p1a: Garganacl\n|-damage|p1a: Garganacl|208/291\n|-anim|p2a: Dragapult|Dragon Darts|p1a: Garganacl\n|-damage|p1a: Garganacl|156/291\n|-damage|p2a: Dragapult|48/262|[from] item: Life Orb\n|\n|-heal|p1a: Garganacl|174/291|[from] item: Leftovers\n|upkeep\n|turn|21\n|\n|t:|1771216603\n|move|p2a: Dragapult|Dragon Darts|p1a: Garganacl\n|-damage|p1a: Garganacl|122/291\n|-anim|p2a: Dragapult|Dragon Darts|p1a: Garganacl\n|-damage|p1a: Garganacl|70/291\n|-damage|p2a: Dragapult|22/262|[from] item: Life Orb\n|move|p1a: Garganacl|Salt Cure|p2a: Dragapult\n|-damage|p2a: Dragapult|0 fnt\n|faint|p2a: Dragapult\n|\n|-heal|p1a: Garganacl|88/291|[from] item: Leftovers\n|upkeep\n|\n|t:|1771216605\n|switch|p2a: Entei|Entei, L78|285/307\n|-activate|p2a: Entei|move: Sticky Web\n|-unboost|p2a: Entei|spe|1\n|turn|22\n|-message|JEMJJJJJJJ forfeited.\n|\n|win|TRedden\n|raw|TRedden's rating: 1549 &rarr; <strong>1573</strong><br />(+24 for winning)\n|raw|JEMJJJJJJJ's rating: 1616 &rarr; <strong>1592</strong><br />(-24 for losing)\n|l|☆JEMJJJJJJJ\n|player|p2|\n", "inputlog": ">version 686819e5e19f8a7fd2345cfc5a08a5085efa2cc3\n>start {\"formatid\":\"gen9randombattle\",\"seed\":\"sodium,d78caf74e74ecb9064088d11c58bb37e\",\"rated\":\"Rated battle\"}\n>player p1 {\"name\":\"TRedden\",\"avatar\":\"blue\",\"rating\":1549,\"seed\":\"sodium,7366d8bc1d11e1fb942315b620271392\"}\n>player p2 {\"name\":\"JEMJJJJJJJ\",\"avatar\":\"169\",\"rating\":1595,\"seed\":\"sodium,bc0595aeded69d55a23e69b1b4b0eea3\"}\n>p1 move dazzlinggleam\n>p2 switch 2\n>p1 switch 3\n>p2 move psychicnoise\n>p1 move stickyweb\n>p2 switch 2\n>p1 move bugbuzz\n>p2 move dragondance\n>p1 move bugbuzz\n>p2 move dragondance\n>p1 move voltswitch\n>p2 move earthquake\n>p1 switch 6\n>p1 move vacuumwave\n>p2 move earthquake\n>p2 switch 5\n>p1 move nastyplot\n>p2 move dragondance\n>p1 move aurasphere\n>p2 move dragondance\n>p2 switch 3\n>p1 switch 2\n>p2 move fireblast\n>p1 move raindance\n>p2 switch 4\n>p1 move knockoff\n>p2 move scaleshot\n>p1 move closecombat\n>p2 move gunkshot\n>p1 switch 2\n>p1 move flashcannon\n>p2 move scaleshot\n>p2 switch 2\n>p1 switch 3\n>p2 move irondefense\n>p1 move shadowball\n>p2 move irondefense\n>p1 move shadowball\n>p2 move bodypress\n>p2 switch 6\n>p1 switch 5\n>p2 move flareblitz\n>p1 move earthquake\n>p2 switch 4\n>p1 switch 4\n>p2 move dragondarts\n>p1 move saltcure\n>p2 move dragondarts\n>p2 switch 4\n>forcelose p2", "uploadtime": 1771216613, "views": 11, "formatid": "gen9randombattle", "rating": 1573, "private": 0, "password": null}