{"id": "gen9randombattle-2540845341", "format": "[Gen 9] Random Battle", "players": ["PokeThorvaldson", "FantasyWind"], "log": "|j|☆PokeThorvaldson\n|j|‽FantasyWind\n|t:|1771259965\n|gametype|singles\n|player|p1|PokeThorvaldson|marshal|1709\n|player|p2|FantasyWind|rosa|1762\n|gen|9\n|tier|[Gen 9] Random Battle\n|rated|\n|rule|Species Clause: Limit one of each Pokémon\n|rule|HP Percentage Mod: HP is shown in percentages\n|rule|Sleep Clause Mod: Limit one foe put to sleep\n|rule|Illusion Level Mod: Illusion disguises the Pokémon's true level\n|\n|t:|1771259965\n|teamsize|p1|6\n|teamsize|p2|6\n|start\n|switch|p1a: Hitmonchan|Hitmonchan, L87, M|229/229\n|switch|p2a: Leavanny|Leavanny, L86, F|269/269\n|turn|1\n|inactive|Battle timer is ON: inactive players will automatically lose when time's up. (requested by FantasyWind)\n|inactive|FantasyWind has 120 seconds left.\n|\n|t:|1771260008\n|move|p2a: Leavanny|Sticky Web|p1a: Hitmonchan\n|-sidestart|p1: PokeThorvaldson|move: Sticky Web\n|move|p1a: Hitmonchan|Knock Off|p2a: Leavanny\n|-damage|p2a: Leavanny|187/269\n|-enditem|p2a: Leavanny|Loaded Dice|[from] move: Knock Off|[of] p1a: Hitmonchan\n|\n|upkeep\n|turn|2\n|\n|t:|1771260021\n|switch|p2a: Ribombee|Ribombee, L83, F|235/235\n|move|p1a: Hitmonchan|Rapid Spin|p2a: Ribombee\n|-damage|p2a: Ribombee|183/235\n|-boost|p1a: Hitmonchan|spe|1\n|-sideend|p1: PokeThorvaldson|Sticky Web|[from] move: Rapid Spin|[of] p1a: Hitmonchan\n|\n|upkeep\n|turn|3\n|\n|t:|1771260028\n|switch|p1a: Entei|Entei, L78|307/307\n|move|p2a: Ribombee|Moonblast|p1a: Entei\n|-resisted|p1a: Entei\n|-damage|p1a: Entei|247/307\n|\n|upkeep\n|turn|4\n|\n|t:|1771260033\n|switch|p2a: Swanna|Swanna, L89, F|278/278\n|move|p1a: Entei|Sacred Fire|p2a: Swanna\n|-resisted|p2a: Swanna\n|-damage|p2a: Swanna|182/278\n|\n|upkeep\n|turn|5\n|\n|t:|1771260039\n|switch|p2a: Ribombee|Ribombee, L83, F|183/235\n|switch|p1a: Cresselia|Cresselia, L80, F|323/323\n|\n|upkeep\n|turn|6\n|\n|t:|1771260043\n|move|p2a: Ribombee|Stun Spore|p1a: Cresselia\n|-status|p1a: Cresselia|par\n|move|p1a: Cresselia|Calm Mind|p1a: Cresselia\n|-boost|p1a: Cresselia|spa|1\n|-boost|p1a: Cresselia|spd|1\n|\n|upkeep\n|turn|7\n|\n|t:|1771260046\n|move|p2a: Ribombee|Bug Buzz|p1a: Cresselia\n|-supereffective|p1a: Cresselia\n|-damage|p1a: Cresselia|225/323 par\n|move|p1a: Cresselia|Psyshock|p2a: Ribombee\n|-damage|p2a: Ribombee|65/235\n|\n|-heal|p1a: Cresselia|245/323 par|[from] item: Leftovers\n|upkeep\n|turn|8\n|\n|t:|1771260049\n|move|p2a: Ribombee|U-turn|p1a: Cresselia\n|-supereffective|p1a: Cresselia\n|-damage|p1a: Cresselia|155/323 par\n|\n|t:|1771260052\n|switch|p2a: Shiftry|Shiftry, L89, F|305/305|[from] U-turn\n|move|p1a: Cresselia|Moonblast|p2a: Shiftry\n|-supereffective|p2a: Shiftry\n|-damage|p2a: Shiftry|127/305\n|-unboost|p2a: Shiftry|spa|1\n|\n|-heal|p1a: Cresselia|175/323 par|[from] item: Leftovers\n|upkeep\n|turn|9\n|\n|t:|1771260061\n|move|p2a: Shiftry|Swords Dance|p2a: Shiftry\n|-boost|p2a: Shiftry|atk|2\n|cant|p1a: Cresselia|par\n|\n|-heal|p1a: Cresselia|195/323 par|[from] item: Leftovers\n|upkeep\n|turn|10\n|\n|t:|1771260065\n|switch|p1a: Hitmonchan|Hitmonchan, L87, M|229/229\n|move|p2a: Shiftry|Knock Off|p1a: Hitmonchan\n|-resisted|p1a: Hitmonchan\n|-damage|p1a: Hitmonchan|69/229\n|-enditem|p1a: Hitmonchan|Leftovers|[from] move: Knock Off|[of] p2a: Shiftry\n|-damage|p2a: Shiftry|97/305|[from] item: Life Orb\n|\n|upkeep\n|turn|11\n|\n|t:|1771260068\n|move|p2a: Shiftry|Leaf Blade|p1a: Hitmonchan\n|-damage|p1a: Hitmonchan|0 fnt\n|faint|p1a: Hitmonchan\n|-damage|p2a: Shiftry|67/305|[from] item: Life Orb\n|\n|upkeep\n|\n|t:|1771260071\n|switch|p1a: Entei|Entei, L78|247/307\n|turn|12\n|\n|t:|1771260075\n|move|p2a: Shiftry|Sucker Punch|p1a: Entei\n|-damage|p1a: Entei|21/307\n|-damage|p2a: Shiftry|37/305|[from] item: Life Orb\n|move|p1a: Entei|Sacred Fire|p2a: Shiftry\n|-supereffective|p2a: Shiftry\n|-damage|p2a: Shiftry|0 fnt\n|faint|p2a: Shiftry\n|\n|upkeep\n|\n|t:|1771260077\n|switch|p2a: Swanna|Swanna, L89, F|182/278\n|turn|13\n|\n|t:|1771260079\n|move|p2a: Swanna|Brave Bird|p1a: Entei\n|-damage|p1a: Entei|0 fnt\n|faint|p1a: Entei\n|-damage|p2a: Swanna|175/278|[from] Recoil\n|\n|upkeep\n|\n|t:|1771260082\n|switch|p1a: Noctowl|Noctowl, L95, M|344/344\n|turn|14\n|\n|t:|1771260085\n|move|p2a: Swanna|Brave Bird|p1a: Noctowl\n|-damage|p1a: Noctowl|158/344\n|-damage|p2a: Swanna|114/278|[from] Recoil\n|move|p1a: Noctowl|Nasty Plot|p1a: Noctowl\n|-boost|p1a: Noctowl|spa|2\n|\n|upkeep\n|turn|15\n|\n|t:|1771260087\n|move|p2a: Swanna|Brave Bird|p1a: Noctowl\n|-damage|p1a: Noctowl|0 fnt\n|faint|p1a: Noctowl\n|-damage|p2a: Swanna|62/278|[from] Recoil\n|\n|upkeep\n|\n|t:|1771260089\n|switch|p1a: Persian|Persian, L92, M|269/269\n|turn|16\n|\n|t:|1771260093\n|move|p1a: Persian|Knock Off|p2a: Swanna\n|-damage|p2a: Swanna|0 fnt\n|-enditem|p2a: Swanna|Heavy-Duty Boots|[from] move: Knock Off|[of] p1a: Persian\n|faint|p2a: Swanna\n|\n|upkeep\n|\n|t:|1771260098\n|switch|p2a: Ribombee|Ribombee, L83, F|65/235\n|turn|17\n|\n|t:|1771260104\n|move|p1a: Persian|Knock Off|p2a: Ribombee\n|-resisted|p2a: Ribombee\n|-damage|p2a: Ribombee|7/235\n|-enditem|p2a: Ribombee|Heavy-Duty Boots|[from] move: Knock Off|[of] p1a: Persian\n|move|p2a: Ribombee|Bug Buzz|p1a: Persian\n|-damage|p1a: Persian|154/269\n|\n|upkeep\n|turn|18\n|\n|t:|1771260110\n|move|p1a: Persian|Knock Off|p2a: Ribombee\n|-resisted|p2a: Ribombee\n|-damage|p2a: Ribombee|0 fnt\n|faint|p2a: Ribombee\n|\n|upkeep\n|\n|t:|1771260115\n|switch|p2a: Leavanny|Leavanny, L86, F|187/269\n|turn|19\n|\n|t:|1771260117\n|switch|p1a: Cresselia|Cresselia, L80, F|195/323 par\n|move|p2a: Leavanny|Bullet Seed|p1a: Cresselia\n|-damage|p1a: Cresselia|167/323 par\n|-damage|p1a: Cresselia|140/323 par\n|-damage|p1a: Cresselia|112/323 par\n|-hitcount|p1a: Cresselia|3\n|\n|-heal|p1a: Cresselia|132/323 par|[from] item: Leftovers\n|upkeep\n|turn|20\n|\n|t:|1771260123\n|move|p2a: Leavanny|Sticky Web|p1a: Cresselia\n|-sidestart|p1: PokeThorvaldson|move: Sticky Web\n|move|p1a: Cresselia|Calm Mind|p1a: Cresselia\n|-boost|p1a: Cresselia|spa|1\n|-boost|p1a: Cresselia|spd|1\n|\n|-heal|p1a: Cresselia|152/323 par|[from] item: Leftovers\n|upkeep\n|turn|21\n|\n|t:|1771260125\n|move|p2a: Leavanny|Knock Off|p1a: Cresselia\n|-supereffective|p1a: Cresselia\n|-damage|p1a: Cresselia|12/323 par\n|-enditem|p1a: Cresselia|Leftovers|[from] move: Knock Off|[of] p2a: Leavanny\n|move|p1a: Cresselia|Moonlight|p1a: Cresselia\n|-heal|p1a: Cresselia|173/323 par\n|\n|upkeep\n|turn|22\n|\n|t:|1771260128\n|move|p2a: Leavanny|Knock Off|p1a: Cresselia\n|-supereffective|p1a: Cresselia\n|-damage|p1a: Cresselia|89/323 par\n|cant|p1a: Cresselia|par\n|\n|upkeep\n|turn|23\n|\n|t:|1771260130\n|move|p2a: Leavanny|Knock Off|p1a: Cresselia\n|-supereffective|p1a: Cresselia\n|-damage|p1a: Cresselia|0 fnt\n|faint|p1a: Cresselia\n|\n|upkeep\n|\n|t:|1771260133\n|switch|p1a: Mismagius|Mismagius, L86, M|243/243\n|turn|24\n|\n|t:|1771260136\n|move|p1a: Mismagius|Substitute|p1a: Mismagius\n|-start|p1a: Mismagius|Substitute\n|-damage|p1a: Mismagius|183/243\n|move|p2a: Leavanny|Bullet Seed|p1a: Mismagius\n|-activate|p1a: Mismagius|move: Substitute|[damage]\n|-end|p1a: Mismagius|Substitute\n|-damage|p1a: Mismagius|147/243\n|-hitcount|p1a: Mismagius|3\n|\n|-heal|p1a: Mismagius|162/243|[from] item: Leftovers\n|upkeep\n|turn|25\n|\n|t:|1771260141\n|-terastallize|p1a: Mismagius|Fighting\n|move|p1a: Mismagius|Substitute|p1a: Mismagius\n|-start|p1a: Mismagius|Substitute\n|-damage|p1a: Mismagius|102/243\n|move|p2a: Leavanny|Bullet Seed|p1a: Mismagius\n|-activate|p1a: Mismagius|move: Substitute|[damage]\n|-crit|p1a: Mismagius\n|-end|p1a: Mismagius|Substitute\n|-damage|p1a: Mismagius|65/243\n|-damage|p1a: Mismagius|25/243\n|-hitcount|p1a: Mismagius|4\n|\n|-heal|p1a: Mismagius|40/243|[from] item: Leftovers\n|upkeep\n|turn|26\n|\n|t:|1771260144\n|move|p1a: Mismagius|Shadow Ball|p2a: Leavanny\n|-damage|p2a: Leavanny|91/269\n|move|p2a: Leavanny|Bullet Seed|p1a: Mismagius\n|-damage|p1a: Mismagius|4/243\n|-damage|p1a: Mismagius|0 fnt\n|faint|p1a: Mismagius\n|-hitcount|p1: Mismagius|2\n|\n|upkeep\n|\n|t:|1771260146\n|switch|p1a: Persian|Persian, L92, M|154/269\n|-activate|p1a: Persian|move: Sticky Web\n|-unboost|p1a: Persian|spe|1\n|turn|27\n|\n|t:|1771260148\n|move|p2a: Leavanny|Bullet Seed|p1a: Persian\n|-damage|p1a: Persian|117/269\n|-damage|p1a: Persian|84/269\n|-damage|p1a: Persian|50/269\n|-damage|p1a: Persian|13/269\n|-damage|p1a: Persian|0 fnt\n|faint|p1a: Persian\n|-hitcount|p1: Persian|5\n|\n|win|FantasyWind\n|raw|PokeThorvaldson's rating: 1709 &rarr; <strong>1692</strong><br />(-17 for losing)\n|raw|FantasyWind's rating: 1762 &rarr; <strong>1779</strong><br />(+17 for winning)\n|l|☆PokeThorvaldson\n|player|p1|\n", "inputlog": ">version 686819e5e19f8a7fd2345cfc5a08a5085efa2cc3\n>start {\"formatid\":\"gen9randombattle\",\"seed\":\"sodium,9197ab9a7e441167a7927629f1d43a4d\",\"rated\":\"Rated battle\"}\n>player p1 {\"name\":\"PokeThorvaldson\",\"avatar\":\"marshal\",\"rating\":1709,\"seed\":\"sodium,fc43850b4ace2e9214f668c86691f6b4\"}\n>player p2 {\"name\":\"FantasyWind\",\"avatar\":\"rosa\",\"rating\":1762,\"seed\":\"sodium,ca34244054940b7a95e2f705f0515a54\"}\n>p1 move knockoff\n>p2 move stickyweb\n>p1 move rapidspin\n>p2 switch 4\n>p1 switch 5\n>p2 move moonblast\n>p1 move sacredfire\n>p2 switch 6\n>p1 switch 6\n>p2 switch 6\n>p1 move calmmind\n>p2 move stunspore\n>p1 move psyshock\n>p2 move bugbuzz\n>p1 move moonblast\n>p2 move uturn\n>p2 switch 2\n>p1 move moonblast\n>p2 move swordsdance\n>p1 switch 5\n>p2 move knockoff\n>p1 move drainpunch\n>p2 move leafblade\n>p1 switch 6\n>p1 move sacredfire\n>p2 move suckerpunch\n>p2 switch 6\n>p1 move sacredfire\n>p2 move bravebird\n>p1 switch 2\n>p1 move nastyplot\n>p2 move bravebird\n>p1 move roost\n>p2 move bravebird\n>p1 switch 3\n>p1 move knockoff\n>p2 move roost\n>p2 switch 2\n>p1 move knockoff\n>p2 move bugbuzz\n>p1 move knockoff\n>p2 move bugbuzz\n>p2 switch 4\n>p1 switch 5\n>p2 move bulletseed\n>p1 move calmmind\n>p2 move stickyweb\n>p1 move moonlight\n>p2 move knockoff\n>p1 move moonlight\n>p2 move knockoff\n>p1 move moonlight\n>p2 move knockoff\n>p1 switch 4\n>p1 move substitute\n>p2 move bulletseed\n>p1 move substitute terastallize\n>p2 move bulletseed\n>p1 move shadowball\n>p2 move bulletseed\n>p1 switch 5\n>p1 move switcheroo\n>p2 move bulletseed", "uploadtime": 1771260149, "views": 5, "formatid": "gen9randombattle", "rating": 1692, "private": 0, "password": null}