{"id": "gen9randombattle-2540916831", "format": "[Gen 9] Random Battle", "players": ["ShadeGod", "rossmac_d"], "log": "|j|☆ShadeGod\n|j|☆rossmac_d\n|t:|1771266907\n|gametype|singles\n|player|p1|ShadeGod|dragontamer|1673\n|player|p2|rossmac_d|guitarist-gen4|1711\n|gen|9\n|tier|[Gen 9] Random Battle\n|rated|\n|rule|Species Clause: Limit one of each Pokémon\n|rule|HP Percentage Mod: HP is shown in percentages\n|rule|Sleep Clause Mod: Limit one foe put to sleep\n|rule|Illusion Level Mod: Illusion disguises the Pokémon's true level\n|\n|t:|1771266907\n|teamsize|p1|6\n|teamsize|p2|6\n|start\n|switch|p1a: Overqwil|Overqwil, L82, F|274/274\n|switch|p2a: Cresselia|Cresselia, L80, F|323/323\n|-ability|p1a: Overqwil|Intimidate|boost\n|-unboost|p2a: Cresselia|atk|1\n|turn|1\n|\n|t:|1771266918\n|switch|p2a: Donphan|Donphan, L84, M|288/288\n|move|p1a: Overqwil|Swords Dance|p1a: Overqwil\n|-boost|p1a: Overqwil|atk|2\n|\n|upkeep\n|turn|2\n|\n|t:|1771266924\n|move|p1a: Overqwil|Crunch|p2a: Donphan\n|-damage|p2a: Donphan|144/288\n|-unboost|p2a: Donphan|def|1\n|move|p2a: Donphan|Earthquake|p1a: Overqwil\n|-supereffective|p1a: Overqwil\n|-damage|p1a: Overqwil|40/274\n|\n|upkeep\n|turn|3\n|\n|t:|1771266930\n|move|p2a: Donphan|Ice Shard|p1a: Overqwil\n|-damage|p1a: Overqwil|5/274\n|move|p1a: Overqwil|Crunch|p2a: Donphan\n|-damage|p2a: Donphan|0 fnt\n|faint|p2a: Donphan\n|\n|upkeep\n|\n|t:|1771266940\n|switch|p2a: Espathra|Espathra, L80, F|283/283\n|turn|4\n|\n|t:|1771266946\n|move|p2a: Espathra|Dazzling Gleam|p1a: Overqwil\n|-damage|p1a: Overqwil|0 fnt\n|faint|p1a: Overqwil\n|\n|-ability|p2a: Espathra|Speed Boost|boost\n|-boost|p2a: Espathra|spe|1\n|upkeep\n|\n|t:|1771266969\n|switch|p1a: Furret|Furret, L94, F|312/312\n|-item|p2a: Espathra|Leftovers|[from] ability: Frisk|[of] p1a: Furret\n|turn|5\n|\n|t:|1771266974\n|switch|p2a: Empoleon|Empoleon, L84, M|278/278\n|move|p1a: Furret|Knock Off|p2a: Empoleon\n|-damage|p2a: Empoleon|184/278\n|-enditem|p2a: Empoleon|Leftovers|[from] move: Knock Off|[of] p1a: Furret\n|-damage|p1a: Furret|281/312|[from] item: Life Orb\n|\n|upkeep\n|turn|6\n|\n|t:|1771266981\n|move|p1a: Furret|Tidy Up|p1a: Furret\n|-boost|p1a: Furret|atk|1\n|-boost|p1a: Furret|spe|1\n|move|p2a: Empoleon|Yawn|p1a: Furret\n|-start|p1a: Furret|move: Yawn|[of] p2a: Empoleon\n|\n|upkeep\n|turn|7\n|\n|t:|1771267003\n|move|p1a: Furret|Brick Break|p2a: Empoleon\n|-supereffective|p2a: Empoleon\n|-damage|p2a: Empoleon|0 fnt\n|faint|p2a: Empoleon\n|-damage|p1a: Furret|250/312|[from] item: Life Orb\n|\n|-end|p1a: Furret|move: Yawn|[silent]\n|-status|p1a: Furret|slp\n|upkeep\n|\n|t:|1771267007\n|switch|p2a: Meowscarada|Meowscarada, L78, M|247/247\n|turn|8\n|\n|t:|1771267021\n|cant|p1a: Furret|slp\n|move|p2a: Meowscarada|Flower Trick|p1a: Furret\n|-start|p2a: Meowscarada|typechange|Grass|[from] ability: Protean\n|-crit|p1a: Furret\n|-damage|p1a: Furret|123/312 slp\n|\n|upkeep\n|turn|9\n|\n|t:|1771267028\n|-curestatus|p1a: Furret|slp|[msg]\n|move|p1a: Furret|Double-Edge|p2a: Meowscarada\n|-crit|p2a: Meowscarada\n|-damage|p2a: Meowscarada|0 fnt\n|faint|p2a: Meowscarada\n|-damage|p1a: Furret|41/312|[from] Recoil\n|-damage|p1a: Furret|10/312|[from] item: Life Orb\n|\n|upkeep\n|\n|t:|1771267038\n|switch|p2a: Cresselia|Cresselia, L80, F|323/323\n|turn|10\n|\n|t:|1771267050\n|-terastallize|p2a: Cresselia|Poison\n|move|p1a: Furret|Knock Off|p2a: Cresselia\n|-damage|p2a: Cresselia|196/323\n|-enditem|p2a: Cresselia|Leftovers|[from] move: Knock Off|[of] p1a: Furret\n|-damage|p1a: Furret|0 fnt|[from] item: Life Orb\n|faint|p1a: Furret\n|move|p2a: Cresselia|Calm Mind|p2a: Cresselia\n|-boost|p2a: Cresselia|spa|1\n|-boost|p2a: Cresselia|spd|1\n|\n|upkeep\n|\n|t:|1771267073\n|switch|p1a: Vileplume|Vileplume, L85, M|266/266\n|turn|11\n|\n|t:|1771267077\n|move|p2a: Cresselia|Psyshock|p1a: Vileplume\n|-supereffective|p1a: Vileplume\n|-damage|p1a: Vileplume|60/266\n|move|p1a: Vileplume|Leech Seed|p2a: Cresselia\n|-start|p2a: Cresselia|move: Leech Seed\n|\n|-heal|p1a: Vileplume|76/266|[from] item: Leftovers\n|-damage|p2a: Cresselia|156/323|[from] Leech Seed|[of] p1a: Vileplume\n|-heal|p1a: Vileplume|116/266|[silent]\n|upkeep\n|turn|12\n|\n|t:|1771267083\n|move|p2a: Cresselia|Psyshock|p1a: Vileplume\n|-supereffective|p1a: Vileplume\n|-damage|p1a: Vileplume|0 fnt\n|faint|p1a: Vileplume\n|\n|upkeep\n|\n|t:|1771267087\n|switch|p1a: Gumshoos|Gumshoos, L95, F|321/321\n|turn|13\n|\n|t:|1771267097\n|move|p2a: Cresselia|Moonblast|p1a: Gumshoos\n|-damage|p1a: Gumshoos|227/321\n|move|p1a: Gumshoos|Double-Edge|p2a: Cresselia\n|-damage|p2a: Cresselia|0 fnt\n|faint|p2a: Cresselia\n|-damage|p1a: Gumshoos|176/321|[from] Recoil\n|\n|upkeep\n|\n|t:|1771267106\n|switch|p2a: Vaporeon|Vaporeon, L86, M|364/364\n|turn|14\n|\n|t:|1771267109\n|move|p2a: Vaporeon|Scald|p1a: Gumshoos\n|-damage|p1a: Gumshoos|58/321\n|-status|p1a: Gumshoos|brn\n|move|p1a: Gumshoos|Double-Edge|p2a: Vaporeon\n|-crit|p2a: Vaporeon\n|-damage|p2a: Vaporeon|83/364\n|-damage|p1a: Gumshoos|0 fnt|[from] Recoil\n|faint|p1a: Gumshoos\n|\n|-heal|p2a: Vaporeon|105/364|[from] item: Leftovers\n|upkeep\n|\n|t:|1771267120\n|switch|p1a: Quaquaval|Quaquaval, L79, M|264/264\n|turn|15\n|\n|t:|1771267127\n|switch|p2a: Espathra|Espathra, L80, F|283/283\n|move|p1a: Quaquaval|Knock Off|p2a: Espathra\n|-supereffective|p2a: Espathra\n|-damage|p2a: Espathra|9/283\n|-enditem|p2a: Espathra|Leftovers|[from] move: Knock Off|[of] p1a: Quaquaval\n|\n|upkeep\n|turn|16\n|\n|t:|1771267139\n|move|p2a: Espathra|Dazzling Gleam|p1a: Quaquaval\n|-supereffective|p1a: Quaquaval\n|-damage|p1a: Quaquaval|132/264\n|move|p1a: Quaquaval|Knock Off|p2a: Espathra\n|-supereffective|p2a: Espathra\n|-damage|p2a: Espathra|0 fnt\n|faint|p2a: Espathra\n|-ability|p1a: Quaquaval|Moxie|boost\n|-boost|p1a: Quaquaval|atk|1\n|\n|upkeep\n|\n|t:|1771267142\n|switch|p2a: Vaporeon|Vaporeon, L86, M|105/364\n|turn|17\n|\n|t:|1771267146\n|move|p1a: Quaquaval|Knock Off|p2a: Vaporeon\n|-damage|p2a: Vaporeon|0 fnt\n|-enditem|p2a: Vaporeon|Leftovers|[from] move: Knock Off|[of] p1a: Quaquaval\n|faint|p2a: Vaporeon\n|\n|win|ShadeGod\n|raw|ShadeGod's rating: 1673 &rarr; <strong>1695</strong><br />(+22 for winning)\n|raw|rossmac_d's rating: 1711 &rarr; <strong>1689</strong><br />(-22 for losing)\n|l|☆rossmac_d\n|player|p2|\n", "inputlog": ">version 686819e5e19f8a7fd2345cfc5a08a5085efa2cc3\n>start {\"formatid\":\"gen9randombattle\",\"seed\":\"sodium,5d03743c77e63fae5e8b7b84612a9ada\",\"rated\":\"Rated battle\"}\n>player p1 {\"name\":\"ShadeGod\",\"avatar\":\"dragontamer\",\"rating\":1673,\"seed\":\"sodium,c46ff142ca2eb0cb20002f64b27f68dc\"}\n>player p2 {\"name\":\"rossmac_d\",\"avatar\":\"guitarist-gen4\",\"rating\":1711,\"seed\":\"sodium,bdfa931a2f14dc41502c5234ed543e9d\"}\n>p1 move swordsdance\n>p2 switch 5\n>p1 move crunch\n>p2 move earthquake\n>p1 move crunch\n>p2 move iceshard\n>p2 switch 2\n>p1 move scaleshot\n>p2 move dazzlinggleam\n>p1 switch 2\n>p1 move knockoff\n>p2 switch 3\n>p1 move tidyup\n>p2 move yawn\n>p1 move brickbreak\n>p2 move surf\n>p2 switch 4\n>p1 move brickbreak\n>p2 move flowertrick\n>p1 move doubleedge\n>p2 move flowertrick\n>p2 switch 5\n>p1 move knockoff\n>p2 move calmmind terastallize\n>p1 switch 3\n>p1 move leechseed\n>p2 move psyshock\n>p1 move strengthsap\n>p2 move psyshock\n>p1 switch 4\n>p1 move doubleedge\n>p2 move moonblast\n>p2 switch 6\n>p1 move doubleedge\n>p2 move scald\n>p1 switch 5\n>p1 move knockoff\n>p2 switch 3\n>p1 move knockoff\n>p2 move dazzlinggleam\n>p2 switch 3\n>p1 move knockoff\n>p2 move scald", "uploadtime": 1771267150, "views": 2, "formatid": "gen9randombattle", "rating": 1689, "private": 0, "password": null}