{"id": "gen9randombattle-2540516252", "format": "[Gen 9] Random Battle", "players": ["SocialistMicrosoft", "polite96rg"], "log": "|j|☆SocialistMicrosoft\n|j|☆polite96rg\n|t:|1771211867\n|gametype|singles\n|player|p1|SocialistMicrosoft|red|1699\n|player|p2|polite96rg|2|1710\n|gen|9\n|tier|[Gen 9] Random Battle\n|rated|\n|rule|Species Clause: Limit one of each Pokémon\n|rule|HP Percentage Mod: HP is shown in percentages\n|rule|Sleep Clause Mod: Limit one foe put to sleep\n|rule|Illusion Level Mod: Illusion disguises the Pokémon's true level\n|\n|t:|1771211867\n|teamsize|p1|6\n|teamsize|p2|6\n|start\n|switch|p1a: Alomomola|Alomomola, L87, M|429/429\n|switch|p2a: Necrozma|Necrozma-Dusk-Mane, L69|248/248\n|turn|1\n|inactive|Battle timer is ON: inactive players will automatically lose when time's up. (requested by polite96rg)\n|\n|t:|1771211877\n|switch|p2a: Milotic|Milotic, L83, F|293/293\n|move|p1a: Alomomola|Scald|p2a: Milotic\n|-resisted|p2a: Milotic\n|-damage|p2a: Milotic|275/293\n|\n|-heal|p2a: Milotic|293/293|[from] item: Leftovers\n|upkeep\n|turn|2\n|\n|t:|1771211882\n|move|p2a: Milotic|Scald|p1a: Alomomola\n|-resisted|p1a: Alomomola\n|-damage|p1a: Alomomola|363/429\n|-status|p1a: Alomomola|brn\n|move|p1a: Alomomola|Wish|p1a: Alomomola\n|\n|-heal|p1a: Alomomola|389/429 brn|[from] item: Leftovers\n|-damage|p1a: Alomomola|363/429 brn|[from] brn\n|upkeep\n|turn|3\n|\n|t:|1771211887\n|move|p1a: Alomomola|Flip Turn|p2a: Milotic\n|-resisted|p2a: Milotic\n|-damage|p2a: Milotic|277/293\n|\n|t:|1771211894\n|switch|p1a: Hypno|Hypno, L95, M|315/315|[from] Flip Turn\n|move|p2a: Milotic|Dragon Tail|p1a: Hypno\n|-damage|p1a: Hypno|284/315\n|drag|p1a: Barraskewda|Barraskewda, L81, F|231/231\n|\n|-heal|p2a: Milotic|293/293|[from] item: Leftovers\n|upkeep\n|turn|4\n|\n|t:|1771211897\n|move|p1a: Barraskewda|Flip Turn|p2a: Milotic\n|-resisted|p2a: Milotic\n|-damage|p2a: Milotic|232/293\n|\n|t:|1771211902\n|switch|p1a: Hypno|Hypno, L95, M|284/315|[from] Flip Turn\n|move|p2a: Milotic|Dragon Tail|p1a: Hypno\n|-crit|p1a: Hypno\n|-damage|p1a: Hypno|239/315\n|drag|p1a: Magcargo|Magcargo, L95, M|268/268\n|\n|-heal|p2a: Milotic|250/293|[from] item: Leftovers\n|upkeep\n|turn|5\n|\n|t:|1771211906\n|move|p1a: Magcargo|Yawn|p2a: Milotic\n|-start|p2a: Milotic|move: Yawn|[of] p1a: Magcargo\n|move|p2a: Milotic|Dragon Tail|p1a: Magcargo\n|-damage|p1a: Magcargo|248/268\n|-status|p2a: Milotic|brn|[from] ability: Flame Body|[of] p1a: Magcargo\n|drag|p1a: Farigiraf|Farigiraf, L91, F|366/366\n|\n|-heal|p2a: Milotic|268/293 brn|[from] item: Leftovers\n|-damage|p2a: Milotic|250/293 brn|[from] brn\n|upkeep\n|turn|6\n|\n|t:|1771211917\n|move|p1a: Farigiraf|Protect|p1a: Farigiraf\n|-singleturn|p1a: Farigiraf|Protect\n|move|p2a: Milotic|Dragon Tail|p1a: Farigiraf\n|-activate|p1a: Farigiraf|move: Protect\n|\n|-heal|p2a: Milotic|268/293 brn|[from] item: Leftovers\n|-damage|p2a: Milotic|250/293 brn|[from] brn\n|-end|p2a: Milotic|move: Yawn|[silent]\n|upkeep\n|turn|7\n|\n|t:|1771211925\n|move|p2a: Milotic|Scald|p1a: Farigiraf\n|-damage|p1a: Farigiraf|275/366\n|move|p1a: Farigiraf|Future Sight|p2a: Milotic\n|-start|p1a: Farigiraf|move: Future Sight\n|\n|-heal|p2a: Milotic|268/293 brn|[from] item: Leftovers\n|-heal|p1a: Farigiraf|297/366|[from] item: Leftovers\n|-damage|p2a: Milotic|250/293 brn|[from] brn\n|upkeep\n|turn|8\n|\n|t:|1771211933\n|move|p2a: Milotic|Scald|p1a: Farigiraf\n|-damage|p1a: Farigiraf|200/366\n|move|p1a: Farigiraf|Hyper Voice|p2a: Milotic\n|-damage|p2a: Milotic|156/293 brn\n|\n|-heal|p2a: Milotic|174/293 brn|[from] item: Leftovers\n|-heal|p1a: Farigiraf|222/366|[from] item: Leftovers\n|-damage|p2a: Milotic|156/293 brn|[from] brn\n|upkeep\n|turn|9\n|\n|t:|1771211939\n|switch|p2a: Necrozma|Necrozma-Dusk-Mane, L69|248/248\n|move|p1a: Farigiraf|Wish|p1a: Farigiraf\n|\n|-end|p2a: Necrozma|move: Future Sight\n|-resisted|p2a: Necrozma\n|-damage|p2a: Necrozma|206/248\n|-heal|p1a: Farigiraf|244/366|[from] item: Leftovers\n|upkeep\n|turn|10\n|\n|t:|1771211946\n|switch|p1a: Alomomola|Alomomola, L87, M|429/429 brn\n|move|p2a: Necrozma|Dragon Dance|p2a: Necrozma\n|-boost|p2a: Necrozma|atk|1\n|-boost|p2a: Necrozma|spe|1\n|\n|-damage|p1a: Alomomola|403/429 brn|[from] brn\n|upkeep\n|turn|11\n|\n|t:|1771211954\n|switch|p2a: Milotic|Milotic, L83, F|156/293 brn\n|move|p1a: Alomomola|Scald|p2a: Milotic\n|-resisted|p2a: Milotic\n|-damage|p2a: Milotic|137/293 brn\n|\n|-heal|p2a: Milotic|155/293 brn|[from] item: Leftovers\n|-heal|p1a: Alomomola|429/429 brn|[from] item: Leftovers\n|-damage|p2a: Milotic|137/293 brn|[from] brn\n|-damage|p1a: Alomomola|403/429 brn|[from] brn\n|upkeep\n|turn|12\n|\n|t:|1771211960\n|move|p2a: Milotic|Recover|p2a: Milotic\n|-heal|p2a: Milotic|284/293 brn\n|move|p1a: Alomomola|Wish|p1a: Alomomola\n|\n|-heal|p2a: Milotic|293/293 brn|[from] item: Leftovers\n|-heal|p1a: Alomomola|429/429 brn|[from] item: Leftovers\n|-damage|p2a: Milotic|275/293 brn|[from] brn\n|-damage|p1a: Alomomola|403/429 brn|[from] brn\n|upkeep\n|turn|13\n|\n|t:|1771211964\n|move|p1a: Alomomola|Flip Turn|p2a: Milotic\n|-resisted|p2a: Milotic\n|-damage|p2a: Milotic|260/293 brn\n|\n|t:|1771211967\n|switch|p1a: Farigiraf|Farigiraf, L91, F|244/366|[from] Flip Turn\n|move|p2a: Milotic|Dragon Tail|p1a: Farigiraf\n|-damage|p1a: Farigiraf|228/366\n|drag|p1a: Hypno|Hypno, L95, M|239/315\n|\n|-heal|p1a: Hypno|315/315|[from] move: Wish|[wisher] Alomomola\n|-heal|p2a: Milotic|278/293 brn|[from] item: Leftovers\n|-damage|p2a: Milotic|260/293 brn|[from] brn\n|upkeep\n|turn|14\n|\n|t:|1771211977\n|move|p2a: Milotic|Scald|p1a: Hypno\n|-damage|p1a: Hypno|248/315\n|move|p1a: Hypno|Toxic||[still]\n|-fail|p1a: Hypno\n|\n|-heal|p2a: Milotic|278/293 brn|[from] item: Leftovers\n|-heal|p1a: Hypno|267/315|[from] item: Leftovers\n|-damage|p2a: Milotic|260/293 brn|[from] brn\n|upkeep\n|turn|15\n|\n|t:|1771211982\n|move|p2a: Milotic|Scald|p1a: Hypno\n|-damage|p1a: Hypno|209/315\n|move|p1a: Hypno|Psychic Noise|p2a: Milotic\n|-damage|p2a: Milotic|196/293 brn\n|-start|p2a: Milotic|move: Heal Block\n|\n|-heal|p1a: Hypno|228/315|[from] item: Leftovers\n|-damage|p2a: Milotic|178/293 brn|[from] brn\n|upkeep\n|turn|16\n|\n|t:|1771211985\n|move|p2a: Milotic|Scald|p1a: Hypno\n|-damage|p1a: Hypno|167/315\n|move|p1a: Hypno|Psychic Noise|p2a: Milotic\n|-damage|p2a: Milotic|112/293 brn\n|\n|-heal|p1a: Hypno|186/315|[from] item: Leftovers\n|-damage|p2a: Milotic|94/293 brn|[from] brn\n|-end|p2a: Milotic|move: Heal Block\n|upkeep\n|turn|17\n|\n|t:|1771211990\n|move|p2a: Milotic|Recover|p2a: Milotic\n|-heal|p2a: Milotic|241/293 brn\n|move|p1a: Hypno|Psychic Noise|p2a: Milotic\n|-damage|p2a: Milotic|183/293 brn\n|-start|p2a: Milotic|move: Heal Block\n|\n|-heal|p1a: Hypno|205/315|[from] item: Leftovers\n|-damage|p2a: Milotic|165/293 brn|[from] brn\n|upkeep\n|turn|18\n|\n|t:|1771211993\n|move|p2a: Milotic|Scald|p1a: Hypno\n|-damage|p1a: Hypno|138/315\n|move|p1a: Hypno|Focus Blast|p2a: Milotic\n|-damage|p2a: Milotic|95/293 brn\n|\n|-heal|p1a: Hypno|157/315|[from] item: Leftovers\n|-damage|p2a: Milotic|77/293 brn|[from] brn\n|-end|p2a: Milotic|move: Heal Block\n|upkeep\n|turn|19\n|j| kdkmal\n|\n|t:|1771212002\n|move|p2a: Milotic|Recover|p2a: Milotic\n|-heal|p2a: Milotic|224/293 brn\n|move|p1a: Hypno|Psychic Noise|p2a: Milotic\n|-damage|p2a: Milotic|158/293 brn\n|-start|p2a: Milotic|move: Heal Block\n|\n|-heal|p1a: Hypno|176/315|[from] item: Leftovers\n|-damage|p2a: Milotic|140/293 brn|[from] brn\n|upkeep\n|turn|20\n|c| kdkmal|Nice work polite96rg\n|\n|t:|1771212006\n|move|p2a: Milotic|Scald|p1a: Hypno\n|-damage|p1a: Hypno|116/315\n|-status|p1a: Hypno|brn\n|move|p1a: Hypno|Psychic Noise|p2a: Milotic\n|-damage|p2a: Milotic|79/293 brn\n|\n|-heal|p1a: Hypno|135/315 brn|[from] item: Leftovers\n|-damage|p2a: Milotic|61/293 brn|[from] brn\n|-damage|p1a: Hypno|116/315 brn|[from] brn\n|-end|p2a: Milotic|move: Heal Block\n|upkeep\n|turn|21\n|\n|t:|1771212010\n|move|p2a: Milotic|Recover|p2a: Milotic\n|-heal|p2a: Milotic|208/293 brn\n|move|p1a: Hypno|Psychic Noise|p2a: Milotic\n|-damage|p2a: Milotic|142/293 brn\n|-start|p2a: Milotic|move: Heal Block\n|\n|-heal|p1a: Hypno|135/315 brn|[from] item: Leftovers\n|-damage|p2a: Milotic|124/293 brn|[from] brn\n|-damage|p1a: Hypno|116/315 brn|[from] brn\n|upkeep\n|turn|22\n|\n|t:|1771212013\n|move|p2a: Milotic|Scald|p1a: Hypno\n|-damage|p1a: Hypno|49/315 brn\n|move|p1a: Hypno|Focus Blast|p2a: Milotic\n|-damage|p2a: Milotic|52/293 brn\n|\n|-heal|p1a: Hypno|68/315 brn|[from] item: Leftovers\n|-damage|p2a: Milotic|34/293 brn|[from] brn\n|-damage|p1a: Hypno|49/315 brn|[from] brn\n|-end|p2a: Milotic|move: Heal Block\n|upkeep\n|turn|23\n|\n|t:|1771212020\n|move|p2a: Milotic|Recover|p2a: Milotic\n|-heal|p2a: Milotic|181/293 brn\n|move|p1a: Hypno|Psychic Noise|p2a: Milotic\n|-damage|p2a: Milotic|118/293 brn\n|-start|p2a: Milotic|move: Heal Block\n|\n|-heal|p1a: Hypno|68/315 brn|[from] item: Leftovers\n|-damage|p2a: Milotic|100/293 brn|[from] brn\n|-damage|p1a: Hypno|49/315 brn|[from] brn\n|upkeep\n|turn|24\n|\n|t:|1771212025\n|move|p2a: Milotic|Scald|p1a: Hypno\n|-damage|p1a: Hypno|0 fnt\n|faint|p1a: Hypno\n|\n|-damage|p2a: Milotic|82/293 brn|[from] brn\n|-end|p2a: Milotic|move: Heal Block\n|upkeep\n|c| kdkmal|Leaving another battle on a timer when you're about to lose\n|l| kdkmal\n|\n|t:|1771212041\n|switch|p1a: Barraskewda|Barraskewda, L81, F|231/231\n|turn|25\n|\n|t:|1771212045\n|switch|p2a: Azumarill|Azumarill, L82, M|298/298\n|move|p1a: Barraskewda|Poison Jab|p2a: Azumarill\n|-supereffective|p2a: Azumarill\n|-damage|p2a: Azumarill|90/298\n|-status|p2a: Azumarill|psn\n|\n|-damage|p2a: Azumarill|53/298 psn|[from] psn\n|upkeep\n|turn|26\n|\n|t:|1771212052\n|switch|p1a: Alomomola|Alomomola, L87, M|429/429 brn\n|switch|p2a: Necrozma|Necrozma-Dusk-Mane, L69|206/248\n|\n|-damage|p1a: Alomomola|403/429 brn|[from] brn\n|upkeep\n|turn|27\n|\n|t:|1771212057\n|switch|p2a: Milotic|Milotic, L83, F|82/293 brn\n|move|p1a: Alomomola|Scald|p2a: Milotic\n|-resisted|p2a: Milotic\n|-damage|p2a: Milotic|62/293 brn\n|\n|-heal|p2a: Milotic|80/293 brn|[from] item: Leftovers\n|-heal|p1a: Alomomola|429/429 brn|[from] item: Leftovers\n|-damage|p2a: Milotic|62/293 brn|[from] brn\n|-damage|p1a: Alomomola|403/429 brn|[from] brn\n|upkeep\n|turn|28\n|\n|t:|1771212062\n|move|p2a: Milotic|Recover|p2a: Milotic\n|-heal|p2a: Milotic|209/293 brn\n|move|p1a: Alomomola|Scald|p2a: Milotic\n|-resisted|p2a: Milotic\n|-damage|p2a: Milotic|191/293 brn\n|\n|-heal|p2a: Milotic|209/293 brn|[from] item: Leftovers\n|-heal|p1a: Alomomola|429/429 brn|[from] item: Leftovers\n|-damage|p2a: Milotic|191/293 brn|[from] brn\n|-damage|p1a: Alomomola|403/429 brn|[from] brn\n|upkeep\n|turn|29\n|\n|t:|1771212069\n|move|p1a: Alomomola|Scald|p2a: Milotic\n|-resisted|p2a: Milotic\n|-damage|p2a: Milotic|172/293 brn\n|move|p2a: Milotic|Dragon Tail|p1a: Alomomola\n|-damage|p1a: Alomomola|387/429 brn\n|drag|p1a: Barraskewda|Barraskewda, L81, F|231/231\n|\n|-heal|p2a: Milotic|190/293 brn|[from] item: Leftovers\n|-damage|p2a: Milotic|172/293 brn|[from] brn\n|upkeep\n|turn|30\n|\n|t:|1771212079\n|move|p1a: Barraskewda|Flip Turn|p2a: Milotic\n|-resisted|p2a: Milotic\n|-damage|p2a: Milotic|115/293 brn\n|\n|t:|1771212083\n|switch|p1a: Alomomola|Alomomola, L87, M|429/429 brn|[from] Flip Turn\n|move|p2a: Milotic|Recover|p2a: Milotic\n|-heal|p2a: Milotic|262/293 brn\n|\n|-heal|p2a: Milotic|280/293 brn|[from] item: Leftovers\n|-damage|p2a: Milotic|262/293 brn|[from] brn\n|-damage|p1a: Alomomola|403/429 brn|[from] brn\n|upkeep\n|turn|31\n|\n|t:|1771212088\n|switch|p2a: Azumarill|Azumarill, L82, M|53/298 psn\n|move|p1a: Alomomola|Scald|p2a: Azumarill\n|-resisted|p2a: Azumarill\n|-damage|p2a: Azumarill|28/298 psn\n|\n|-heal|p1a: Alomomola|429/429 brn|[from] item: Leftovers\n|-damage|p2a: Azumarill|0 fnt|[from] psn\n|faint|p2a: Azumarill\n|-damage|p1a: Alomomola|403/429 brn|[from] brn\n|upkeep\n|\n|t:|1771212102\n|switch|p2a: Cinccino|Cinccino, L83, F|260/260\n|turn|32\n|\n|t:|1771212111\n|switch|p1a: Ogerpon|Ogerpon-Hearthflame, L74, F|239/239\n|-ability|p1a: Ogerpon|Mold Breaker\n|-terastallize|p2a: Cinccino|Grass\n|move|p2a: Cinccino|Bullet Seed|p1a: Ogerpon\n|-resisted|p1a: Ogerpon\n|-damage|p1a: Ogerpon|228/239\n|-resisted|p1a: Ogerpon\n|-damage|p1a: Ogerpon|216/239\n|-resisted|p1a: Ogerpon\n|-damage|p1a: Ogerpon|205/239\n|-resisted|p1a: Ogerpon\n|-damage|p1a: Ogerpon|195/239\n|-hitcount|p1a: Ogerpon|4\n|\n|upkeep\n|turn|33\n|\n|t:|1771212124\n|move|p2a: Cinccino|Tail Slap|p1a: Ogerpon\n|-damage|p1a: Ogerpon|153/239\n|-damage|p1a: Ogerpon|110/239\n|-damage|p1a: Ogerpon|62/239\n|-damage|p1a: Ogerpon|14/239\n|-hitcount|p1a: Ogerpon|4\n|move|p1a: Ogerpon|Swords Dance|p1a: Ogerpon\n|-boost|p1a: Ogerpon|atk|2\n|\n|upkeep\n|turn|34\n|\n|t:|1771212129\n|switch|p1a: Magcargo|Magcargo, L95, M|248/268\n|move|p2a: Cinccino|U-turn|p1a: Magcargo\n|-resisted|p1a: Magcargo\n|-damage|p1a: Magcargo|233/268\n|\n|t:|1771212133\n|switch|p2a: Milotic|Milotic, L83, F|262/293 brn|[from] U-turn\n|\n|-heal|p2a: Milotic|280/293 brn|[from] item: Leftovers\n|-damage|p2a: Milotic|262/293 brn|[from] brn\n|upkeep\n|turn|35\n|\n|t:|1771212141\n|-terastallize|p1a: Magcargo|Grass\n|move|p2a: Milotic|Scald|p1a: Magcargo\n|-resisted|p1a: Magcargo\n|-damage|p1a: Magcargo|192/268\n|move|p1a: Magcargo|Power Gem|p2a: Milotic\n|-damage|p2a: Milotic|178/293 brn\n|\n|-heal|p2a: Milotic|196/293 brn|[from] item: Leftovers\n|-damage|p2a: Milotic|178/293 brn|[from] brn\n|upkeep\n|turn|36\n|\n|t:|1771212151\n|move|p2a: Milotic|Ice Beam|p1a: Magcargo\n|-supereffective|p1a: Magcargo\n|-damage|p1a: Magcargo|68/268\n|move|p1a: Magcargo|Power Gem|p2a: Milotic\n|-damage|p2a: Milotic|105/293 brn\n|\n|-heal|p2a: Milotic|123/293 brn|[from] item: Leftovers\n|-damage|p2a: Milotic|105/293 brn|[from] brn\n|upkeep\n|turn|37\n|\n|t:|1771212156\n|switch|p1a: Alomomola|Alomomola, L87, M|429/429 brn\n|move|p2a: Milotic|Recover|p2a: Milotic\n|-heal|p2a: Milotic|252/293 brn\n|\n|-heal|p2a: Milotic|270/293 brn|[from] item: Leftovers\n|-damage|p2a: Milotic|252/293 brn|[from] brn\n|-damage|p1a: Alomomola|403/429 brn|[from] brn\n|upkeep\n|turn|38\n|\n|t:|1771212161\n|move|p2a: Milotic|Scald|p1a: Alomomola\n|-resisted|p1a: Alomomola\n|-damage|p1a: Alomomola|337/429 brn\n|move|p1a: Alomomola|Wish|p1a: Alomomola\n|\n|-heal|p2a: Milotic|270/293 brn|[from] item: Leftovers\n|-heal|p1a: Alomomola|363/429 brn|[from] item: Leftovers\n|-damage|p2a: Milotic|252/293 brn|[from] brn\n|-damage|p1a: Alomomola|337/429 brn|[from] brn\n|upkeep\n|turn|39\n|\n|t:|1771212165\n|move|p1a: Alomomola|Scald|p2a: Milotic\n|-resisted|p2a: Milotic\n|-damage|p2a: Milotic|234/293 brn\n|move|p2a: Milotic|Dragon Tail|p1a: Alomomola\n|-damage|p1a: Alomomola|321/429 brn\n|drag|p1a: Barraskewda|Barraskewda, L81, F|231/231\n|\n|-heal|p2a: Milotic|252/293 brn|[from] item: Leftovers\n|-damage|p2a: Milotic|234/293 brn|[from] brn\n|upkeep\n|turn|40\n|\n|t:|1771212179\n|move|p1a: Barraskewda|Close Combat|p2a: Milotic\n|-damage|p2a: Milotic|76/293 brn\n|-unboost|p1a: Barraskewda|def|1\n|-unboost|p1a: Barraskewda|spd|1\n|move|p2a: Milotic|Dragon Tail|p1a: Barraskewda|[miss]\n|-miss|p2a: Milotic|p1a: Barraskewda\n|\n|-heal|p2a: Milotic|94/293 brn|[from] item: Leftovers\n|-damage|p2a: Milotic|76/293 brn|[from] brn\n|upkeep\n|turn|41\n|\n|t:|1771212184\n|move|p1a: Barraskewda|Close Combat|p2a: Milotic\n|-damage|p2a: Milotic|0 fnt\n|-unboost|p1a: Barraskewda|def|1\n|-unboost|p1a: Barraskewda|spd|1\n|faint|p2a: Milotic\n|\n|upkeep\n|\n|t:|1771212188\n|switch|p2a: Cinccino|Cinccino, L83, F, tera:Grass|260/260\n|turn|42\n|\n|t:|1771212197\n|move|p1a: Barraskewda|Close Combat|p2a: Cinccino\n|-damage|p2a: Cinccino|73/260\n|-unboost|p1a: Barraskewda|def|1\n|-unboost|p1a: Barraskewda|spd|1\n|move|p2a: Cinccino|Bullet Seed|p1a: Barraskewda\n|-supereffective|p1a: Barraskewda\n|-crit|p1a: Barraskewda\n|-damage|p1a: Barraskewda|0 fnt\n|faint|p1a: Barraskewda\n|-hitcount|p1: Barraskewda|1\n|\n|upkeep\n|\n|t:|1771212203\n|switch|p1a: Alomomola|Alomomola, L87, M|429/429 brn\n|turn|43\n|\n|t:|1771212205\n|switch|p1a: Magcargo|Magcargo, L95, M, tera:Grass|68/268\n|move|p2a: Cinccino|Bullet Seed|p1a: Magcargo\n|-resisted|p1a: Magcargo\n|-damage|p1a: Magcargo|54/268\n|-resisted|p1a: Magcargo\n|-damage|p1a: Magcargo|40/268\n|-resisted|p1a: Magcargo\n|-damage|p1a: Magcargo|26/268\n|-resisted|p1a: Magcargo\n|-damage|p1a: Magcargo|12/268\n|-resisted|p1a: Magcargo\n|-damage|p1a: Magcargo|0 fnt\n|faint|p1a: Magcargo\n|-hitcount|p1: Magcargo|5\n|\n|upkeep\n|\n|t:|1771212213\n|switch|p1a: Farigiraf|Farigiraf, L91, F|228/366\n|turn|44\n|\n|t:|1771212218\n|move|p2a: Cinccino|U-turn|p1a: Farigiraf\n|-supereffective|p1a: Farigiraf\n|-damage|p1a: Farigiraf|114/366\n|\n|t:|1771212220\n|switch|p2a: Necrozma|Necrozma-Dusk-Mane, L69|206/248|[from] U-turn\n|move|p1a: Farigiraf|Hyper Voice|p2a: Necrozma\n|-resisted|p2a: Necrozma\n|-damage|p2a: Necrozma|146/248\n|\n|-heal|p1a: Farigiraf|136/366|[from] item: Leftovers\n|upkeep\n|turn|45\n|\n|t:|1771212228\n|switch|p2a: Cinccino|Cinccino, L83, F, tera:Grass|73/260\n|move|p1a: Farigiraf|Wish|p1a: Farigiraf\n|\n|-heal|p1a: Farigiraf|158/366|[from] item: Leftovers\n|upkeep\n|turn|46\n|\n|t:|1771212239\n|move|p2a: Cinccino|Tail Slap|p1a: Farigiraf\n|-damage|p1a: Farigiraf|113/366\n|-damage|p1a: Farigiraf|70/366\n|-damage|p1a: Farigiraf|27/366\n|-damage|p1a: Farigiraf|0 fnt\n|faint|p1a: Farigiraf\n|-hitcount|p1: Farigiraf|4\n|\n|upkeep\n|\n|t:|1771212244\n|switch|p1a: Alomomola|Alomomola, L87, M|429/429 brn\n|turn|47\n|\n|t:|1771212250\n|move|p2a: Cinccino|Bullet Seed|p1a: Alomomola\n|-supereffective|p1a: Alomomola\n|-damage|p1a: Alomomola|349/429 brn\n|-supereffective|p1a: Alomomola\n|-damage|p1a: Alomomola|259/429 brn\n|-supereffective|p1a: Alomomola\n|-damage|p1a: Alomomola|173/429 brn\n|-supereffective|p1a: Alomomola\n|-damage|p1a: Alomomola|83/429 brn\n|-hitcount|p1a: Alomomola|4\n|move|p1a: Alomomola|Scald|p2a: Cinccino\n|-resisted|p2a: Cinccino\n|-damage|p2a: Cinccino|41/260\n|\n|-heal|p1a: Alomomola|109/429 brn|[from] item: Leftovers\n|-damage|p1a: Alomomola|83/429 brn|[from] brn\n|upkeep\n|turn|48\n|\n|t:|1771212254\n|move|p2a: Cinccino|Bullet Seed|p1a: Alomomola\n|-supereffective|p1a: Alomomola\n|-damage|p1a: Alomomola|3/429 brn\n|-supereffective|p1a: Alomomola\n|-damage|p1a: Alomomola|0 fnt\n|faint|p1a: Alomomola\n|-hitcount|p1: Alomomola|2\n|\n|upkeep\n|-message|SocialistMicrosoft forfeited.\n|\n|win|polite96rg\n|raw|SocialistMicrosoft's rating: 1699 &rarr; <strong>1679</strong><br />(-20 for losing)\n|raw|polite96rg's rating: 1691 &rarr; <strong>1711</strong><br />(+20 for winning)\n|l|☆SocialistMicrosoft\n|player|p1|\n", "inputlog": ">version 686819e5e19f8a7fd2345cfc5a08a5085efa2cc3\n>start {\"formatid\":\"gen9randombattle\",\"seed\":\"sodium,90a2208eaa4cbc9ad66b2f20b3b884e0\",\"rated\":\"Rated battle\"}\n>player p1 {\"name\":\"SocialistMicrosoft\",\"avatar\":\"red\",\"rating\":1699,\"seed\":\"sodium,074ce10261755c95f7a4068ce267ef85\"}\n>player p2 {\"name\":\"polite96rg\",\"avatar\":\"2\",\"rating\":1710,\"seed\":\"sodium,ea4eaf49285a89e1ccf611f22d00a759\"}\n>p1 move scald\n>p2 switch 3\n>p1 move wish\n>p2 move scald\n>p1 move flipturn\n>p2 move dragontail\n>p1 switch 6\n>p1 move flipturn\n>p2 move dragontail\n>p1 switch 5\n>p1 move yawn\n>p2 move dragontail\n>p1 move protect\n>p2 move dragontail\n>p1 move futuresight\n>p2 move scald\n>p1 move hypervoice\n>p2 move scald\n>p1 move wish\n>p2 switch 3\n>p1 switch 6\n>p2 move dragondance\n>p1 move scald\n>p2 switch 3\n>p1 move wish\n>p2 move recover\n>p1 move flipturn\n>p2 move dragontail\n>p1 switch 6\n>p1 move toxic\n>p2 move scald\n>p1 move psychicnoise\n>p2 move scald\n>p1 move psychicnoise\n>p2 move scald\n>p1 move psychicnoise\n>p2 move recover\n>p1 move focusblast\n>p2 move scald\n>p1 move psychicnoise\n>p2 move recover\n>chat  kdkmal|Nice work polite96rg\n>p1 move psychicnoise\n>p2 move scald\n>p1 move psychicnoise\n>p2 move recover\n>p1 move focusblast\n>p2 move scald\n>p1 move psychicnoise\n>p2 move recover\n>p1 move focusblast\n>p2 move scald\n>chat  kdkmal|Leaving another battle on a timer when you're about to lose\n>p1 switch 5\n>p1 move poisonjab\n>p2 switch 2\n>p1 switch 6\n>p2 switch 3\n>p1 move scald\n>p2 switch 2\n>p1 move scald\n>p2 move recover\n>p1 move scald\n>p2 move dragontail\n>p1 move flipturn\n>p2 move recover\n>p1 switch 6\n>p1 move scald\n>p2 switch 3\n>p2 switch 6\n>p1 switch 2\n>p2 move bulletseed terastallize\n>p1 move swordsdance\n>p2 move tailslap\n>p1 switch 3\n>p2 move uturn\n>p2 switch 3\n>p1 move powergem terastallize\n>p2 move scald\n>p1 move powergem\n>p2 move icebeam\n>p1 switch 2\n>p2 move recover\n>p1 move wish\n>p2 move scald\n>p1 move scald\n>p2 move dragontail\n>p1 move closecombat\n>p2 move dragontail\n>p1 move closecombat\n>p2 move scald\n>p2 switch 3\n>p1 move closecombat\n>p2 move bulletseed\n>p1 switch 6\n>p1 switch 2\n>p2 move bulletseed\n>p1 switch 4\n>p1 move hypervoice\n>p2 move uturn\n>p2 switch 2\n>p1 move wish\n>p2 switch 2\n>p1 move hypervoice\n>p2 move tailslap\n>p1 switch 2\n>p1 move scald\n>p2 move bulletseed\n>p1 move scald\n>p2 move bulletseed\n>forcelose p1", "uploadtime": 1771212278, "views": 16, "formatid": "gen9randombattle", "rating": 1679, "private": 0, "password": null}