{"id": "gen9randombattle-2540841304", "format": "[Gen 9] Random Battle", "players": ["StanimalVGC", "grampspk"], "log": "|j|☆StanimalVGC\n|j|☆grampspk\n|t:|1771259566\n|gametype|singles\n|player|p1|StanimalVGC|youngster-gen4dp|1607\n|player|p2|grampspk|petrel|1587\n|gen|9\n|tier|[Gen 9] Random Battle\n|rated|\n|rule|Species Clause: Limit one of each Pokémon\n|rule|HP Percentage Mod: HP is shown in percentages\n|rule|Sleep Clause Mod: Limit one foe put to sleep\n|rule|Illusion Level Mod: Illusion disguises the Pokémon's true level\n|\n|t:|1771259566\n|teamsize|p1|6\n|teamsize|p2|6\n|start\n|switch|p1a: Cinderace|Cinderace, L77, F|249/249\n|switch|p2a: Cramorant|Cramorant, L86, M|261/261\n|turn|1\n|\n|t:|1771259576\n|move|p1a: Cinderace|U-turn|p2a: Cramorant\n|-start|p1a: Cinderace|typechange|Bug|[from] ability: Libero\n|-resisted|p2a: Cramorant\n|-crit|p2a: Cramorant\n|-damage|p2a: Cramorant|145/261\n|inactive|Battle timer is ON: inactive players will automatically lose when time's up. (requested by grampspk)\n|\n|t:|1771259593\n|switch|p1a: Pachirisu|Pachirisu, L96, M|271/271|[from] U-turn\n|move|p2a: Cramorant|Surf|p1a: Pachirisu\n|-formechange|p2a: Cramorant|Cramorant-Gulping|\n|-damage|p1a: Pachirisu|198/271\n|\n|upkeep\n|turn|2\n|\n|t:|1771259623\n|switch|p2a: Appletun|Appletun, L92, F|352/352\n|move|p1a: Pachirisu|Discharge|p2a: Appletun\n|-resisted|p2a: Appletun\n|-damage|p2a: Appletun|337/352\n|\n|-heal|p2a: Appletun|352/352|[from] item: Leftovers\n|upkeep\n|turn|3\n|\n|t:|1771259635\n|move|p1a: Pachirisu|Super Fang|p2a: Appletun\n|-damage|p2a: Appletun|176/352\n|move|p2a: Appletun|Dragon Tail|p1a: Pachirisu|[miss]\n|-miss|p2a: Appletun|p1a: Pachirisu\n|\n|-heal|p2a: Appletun|198/352|[from] item: Leftovers\n|upkeep\n|turn|4\n|\n|t:|1771259657\n|move|p1a: Pachirisu|U-turn|p2a: Appletun\n|-supereffective|p2a: Appletun\n|-damage|p2a: Appletun|122/352\n|\n|t:|1771259666\n|switch|p1a: Cinderace|Cinderace, L77, F|249/249|[from] U-turn\n|move|p2a: Appletun|Recover|p2a: Appletun\n|-heal|p2a: Appletun|298/352\n|\n|-heal|p2a: Appletun|320/352|[from] item: Leftovers\n|upkeep\n|turn|5\n|inactive|grampspk has 120 seconds left.\n|\n|t:|1771259687\n|switch|p2a: Scizor|Scizor, L79, F|240/240\n|move|p1a: Cinderace|U-turn|p2a: Scizor\n|-start|p1a: Cinderace|typechange|Bug|[from] ability: Libero\n|-resisted|p2a: Scizor\n|-damage|p2a: Scizor|192/240\n|\n|t:|1771259702\n|switch|p1a: Houndstone|Houndstone, L86, F|264/264|[from] U-turn\n|\n|upkeep\n|turn|6\n|inactive|grampspk has 120 seconds left.\n|\n|t:|1771259724\n|switch|p2a: Dachsbun|Dachsbun, L92, F|254/254\n|move|p1a: Houndstone|Will-O-Wisp|p2a: Dachsbun\n|-ability|p2a: Dachsbun|Well-Baked Body|boost\n|-boost|p2a: Dachsbun|def|2\n|\n|upkeep\n|turn|7\n|inactive|grampspk has 120 seconds left.\n|\n|t:|1771259749\n|move|p2a: Dachsbun|Yawn|p1a: Houndstone\n|-start|p1a: Houndstone|move: Yawn|[of] p2a: Dachsbun\n|move|p1a: Houndstone|Poltergeist|p2a: Dachsbun\n|-activate|p2a: Dachsbun|move: Poltergeist|Leftovers\n|-damage|p2a: Dachsbun|206/254\n|\n|-heal|p2a: Dachsbun|221/254|[from] item: Leftovers\n|upkeep\n|turn|8\n|inactive|grampspk has 120 seconds left.\n|\n|t:|1771259764\n|switch|p1a: Pachirisu|Pachirisu, L96, M|198/271\n|move|p2a: Dachsbun|Play Rough|p1a: Pachirisu\n|-damage|p1a: Pachirisu|95/271\n|\n|-heal|p2a: Dachsbun|236/254|[from] item: Leftovers\n|upkeep\n|turn|9\n|inactive|grampspk has 120 seconds left.\n|\n|t:|1771259780\n|move|p1a: Pachirisu|U-turn|p2a: Dachsbun\n|-resisted|p2a: Dachsbun\n|-damage|p2a: Dachsbun|229/254\n|\n|t:|1771259784\n|switch|p1a: Raichu|Raichu, L88, M|249/249|[from] U-turn\n|move|p2a: Dachsbun|Play Rough|p1a: Raichu\n|-damage|p1a: Raichu|108/249\n|\n|-heal|p2a: Dachsbun|244/254|[from] item: Leftovers\n|upkeep\n|turn|10\n|inactive|grampspk has 120 seconds left.\n|\n|t:|1771259795\n|move|p1a: Raichu|Nuzzle|p2a: Dachsbun\n|-damage|p2a: Dachsbun|235/254\n|-status|p2a: Dachsbun|par\n|move|p2a: Dachsbun|Play Rough|p1a: Raichu\n|-damage|p1a: Raichu|0 fnt\n|faint|p1a: Raichu\n|\n|-heal|p2a: Dachsbun|250/254 par|[from] item: Leftovers\n|upkeep\n|\n|t:|1771259810\n|switch|p1a: Cinderace|Cinderace, L77, F|249/249\n|turn|11\n|\n|t:|1771259816\n|move|p2a: Dachsbun|Protect|p2a: Dachsbun\n|-singleturn|p2a: Dachsbun|Protect\n|move|p1a: Cinderace|Gunk Shot|p2a: Dachsbun\n|-start|p1a: Cinderace|typechange|Poison|[from] ability: Libero\n|-activate|p2a: Dachsbun|move: Protect\n|\n|-heal|p2a: Dachsbun|254/254 par|[from] item: Leftovers\n|upkeep\n|turn|12\n|\n|t:|1771259829\n|switch|p1a: Houndstone|Houndstone, L86, F|264/264\n|switch|p2a: Scizor|Scizor, L79, F|192/240\n|\n|upkeep\n|turn|13\n|\n|t:|1771259842\n|switch|p2a: Dachsbun|Dachsbun, L92, F|254/254 par\n|move|p1a: Houndstone|Poltergeist|p2a: Dachsbun\n|-activate|p2a: Dachsbun|move: Poltergeist|Leftovers\n|-damage|p2a: Dachsbun|166/254 par\n|\n|-heal|p2a: Dachsbun|181/254 par|[from] item: Leftovers\n|upkeep\n|turn|14\n|\n|t:|1771259853\n|move|p1a: Houndstone|Poltergeist|p2a: Dachsbun\n|-activate|p2a: Dachsbun|move: Poltergeist|Leftovers\n|-damage|p2a: Dachsbun|90/254 par\n|move|p2a: Dachsbun|Yawn|p1a: Houndstone\n|-start|p1a: Houndstone|move: Yawn|[of] p2a: Dachsbun\n|\n|-heal|p2a: Dachsbun|105/254 par|[from] item: Leftovers\n|upkeep\n|turn|15\n|\n|t:|1771259863\n|switch|p1a: Cinderace|Cinderace, L77, F|249/249\n|move|p2a: Dachsbun|Wish|p2a: Dachsbun\n|\n|-heal|p2a: Dachsbun|120/254 par|[from] item: Leftovers\n|upkeep\n|turn|16\n|\n|t:|1771259897\n|cant|p2a: Dachsbun|par\n|move|p1a: Cinderace|Gunk Shot|p2a: Dachsbun|[miss]\n|-start|p1a: Cinderace|typechange|Poison|[from] ability: Libero\n|-miss|p1a: Cinderace|p2a: Dachsbun\n|\n|-heal|p2a: Dachsbun|247/254 par|[from] move: Wish|[wisher] Dachsbun\n|-heal|p2a: Dachsbun|254/254 par|[from] item: Leftovers\n|upkeep\n|turn|17\n|c|☆StanimalVGC|boooo\n|inactive|grampspk has 120 seconds left.\n|inactive|StanimalVGC has 120 seconds left.\n|\n|t:|1771259929\n|switch|p1a: Pachirisu|Pachirisu, L96, M|95/271\n|cant|p2a: Dachsbun|par\n|\n|upkeep\n|turn|18\n|\n|t:|1771259939\n|move|p1a: Pachirisu|U-turn|p2a: Dachsbun\n|-resisted|p2a: Dachsbun\n|-damage|p2a: Dachsbun|239/254 par\n|\n|t:|1771259942\n|switch|p1a: Cinderace|Cinderace, L77, F|249/249|[from] U-turn\n|move|p2a: Dachsbun|Play Rough|p1a: Cinderace\n|-resisted|p1a: Cinderace\n|-damage|p1a: Cinderace|191/249\n|\n|-heal|p2a: Dachsbun|254/254 par|[from] item: Leftovers\n|upkeep\n|turn|19\n|inactive|grampspk has 120 seconds left.\n|\n|t:|1771259954\n|move|p2a: Dachsbun|Protect|p2a: Dachsbun\n|-singleturn|p2a: Dachsbun|Protect\n|move|p1a: Cinderace|Gunk Shot|p2a: Dachsbun\n|-start|p1a: Cinderace|typechange|Poison|[from] ability: Libero\n|-activate|p2a: Dachsbun|move: Protect\n|\n|upkeep\n|turn|20\n|\n|t:|1771259962\n|switch|p1a: Enamorus|Enamorus, L79, F|247/247\n|switch|p2a: Scizor|Scizor, L79, F|192/240\n|\n|upkeep\n|turn|21\n|\n|t:|1771259973\n|-terastallize|p1a: Enamorus|Ground\n|move|p2a: Scizor|Bullet Punch|p1a: Enamorus\n|-damage|p1a: Enamorus|124/247\n|move|p1a: Enamorus|Mystical Fire|p2a: Scizor\n|-supereffective|p2a: Scizor\n|-damage|p2a: Scizor|0 fnt\n|faint|p2a: Scizor\n|\n|upkeep\n|inactive|grampspk has 120 seconds left.\n|\n|t:|1771259999\n|switch|p2a: Cramorant|Cramorant, L86, M|145/261\n|turn|22\n|inactive|grampspk has 120 seconds left.\n|\n|t:|1771260020\n|move|p1a: Enamorus|Moonblast|p2a: Cramorant\n|-crit|p2a: Cramorant\n|-damage|p2a: Cramorant|0 fnt\n|faint|p2a: Cramorant\n|\n|upkeep\n|\n|t:|1771260044\n|switch|p2a: Sinistcha|Sinistcha, L83|254/254\n|turn|23\n|\n|t:|1771260055\n|move|p1a: Enamorus|Mystical Fire|p2a: Sinistcha\n|-supereffective|p2a: Sinistcha\n|-damage|p2a: Sinistcha|186/254\n|-unboost|p2a: Sinistcha|spa|1\n|move|p2a: Sinistcha|Matcha Gotcha|p1a: Enamorus\n|-supereffective|p1a: Enamorus\n|-damage|p1a: Enamorus|0 fnt\n|-heal|p2a: Sinistcha|248/254|[from] drain|[of] p1a: Enamorus\n|faint|p1a: Enamorus\n|\n|-heal|p2a: Sinistcha|254/254|[from] item: Leftovers\n|upkeep\n|\n|t:|1771260067\n|switch|p1a: Houndstone|Houndstone, L86, F|264/264\n|turn|24\n|\n|t:|1771260077\n|move|p1a: Houndstone|Poltergeist|p2a: Sinistcha|[miss]\n|-miss|p1a: Houndstone|p2a: Sinistcha\n|move|p2a: Sinistcha|Shadow Ball|p1a: Houndstone\n|-supereffective|p1a: Houndstone\n|-damage|p1a: Houndstone|142/264\n|\n|-heal|p1a: Houndstone|158/264|[from] item: Leftovers\n|upkeep\n|turn|25\n|\n|t:|1771260087\n|move|p1a: Houndstone|Poltergeist|p2a: Sinistcha\n|-activate|p2a: Sinistcha|move: Poltergeist|Leftovers\n|-supereffective|p2a: Sinistcha\n|-damage|p2a: Sinistcha|44/254\n|move|p2a: Sinistcha|Shadow Ball|p1a: Houndstone\n|-supereffective|p1a: Houndstone\n|-damage|p1a: Houndstone|24/264\n|\n|-heal|p1a: Houndstone|40/264|[from] item: Leftovers\n|-heal|p2a: Sinistcha|59/254|[from] item: Leftovers\n|upkeep\n|turn|26\n|inactive|grampspk has 120 seconds left.\n|\n|t:|1771260098\n|switch|p2a: Dachsbun|Dachsbun, L92, F|254/254 par\n|move|p1a: Houndstone|Shadow Sneak|p2a: Dachsbun\n|-damage|p2a: Dachsbun|217/254 par\n|\n|-heal|p1a: Houndstone|56/264|[from] item: Leftovers\n|-heal|p2a: Dachsbun|232/254 par|[from] item: Leftovers\n|upkeep\n|turn|27\n|\n|t:|1771260106\n|move|p1a: Houndstone|Poltergeist|p2a: Dachsbun\n|-activate|p2a: Dachsbun|move: Poltergeist|Leftovers\n|-damage|p2a: Dachsbun|144/254 par\n|move|p2a: Dachsbun|Play Rough|p1a: Houndstone\n|-damage|p1a: Houndstone|14/264\n|\n|-heal|p1a: Houndstone|30/264|[from] item: Leftovers\n|-heal|p2a: Dachsbun|159/254 par|[from] item: Leftovers\n|upkeep\n|turn|28\n|inactive|grampspk has 120 seconds left.\n|\n|t:|1771260129\n|move|p1a: Houndstone|Poltergeist|p2a: Dachsbun|[miss]\n|-miss|p1a: Houndstone|p2a: Dachsbun\n|move|p2a: Dachsbun|Wish|p2a: Dachsbun\n|\n|-heal|p1a: Houndstone|46/264|[from] item: Leftovers\n|-heal|p2a: Dachsbun|174/254 par|[from] item: Leftovers\n|upkeep\n|turn|29\n|\n|t:|1771260138\n|switch|p1a: Cinderace|Cinderace, L77, F|191/249\n|move|p2a: Dachsbun|Play Rough|p1a: Cinderace\n|-resisted|p1a: Cinderace\n|-damage|p1a: Cinderace|131/249\n|\n|-heal|p2a: Dachsbun|254/254 par|[from] move: Wish|[wisher] Dachsbun\n|upkeep\n|turn|30\n|inactive|grampspk has 120 seconds left.\n|\n|t:|1771260170\n|move|p2a: Dachsbun|Protect|p2a: Dachsbun\n|-singleturn|p2a: Dachsbun|Protect\n|move|p1a: Cinderace|Gunk Shot|p2a: Dachsbun\n|-start|p1a: Cinderace|typechange|Poison|[from] ability: Libero\n|-activate|p2a: Dachsbun|move: Protect\n|\n|upkeep\n|turn|31\n|\n|t:|1771260185\n|-terastallize|p2a: Dachsbun|Steel\n|move|p1a: Cinderace|Gunk Shot|p2a: Dachsbun\n|-immune|p2a: Dachsbun\n|move|p2a: Dachsbun|Play Rough|p1a: Cinderace\n|-resisted|p1a: Cinderace\n|-damage|p1a: Cinderace|69/249\n|\n|upkeep\n|turn|32\n|\n|t:|1771260211\n|switch|p1a: Pachirisu|Pachirisu, L96, M|95/271\n|move|p2a: Dachsbun|Yawn|p1a: Pachirisu\n|-start|p1a: Pachirisu|move: Yawn|[of] p2a: Dachsbun\n|\n|upkeep\n|turn|33\n|\n|t:|1771260232\n|move|p1a: Pachirisu|Encore|p2a: Dachsbun\n|-start|p2a: Dachsbun|Encore\n|cant|p2a: Dachsbun|par\n|\n|-end|p1a: Pachirisu|move: Yawn|[silent]\n|-status|p1a: Pachirisu|slp\n|upkeep\n|turn|34\n|\n|t:|1771260243\n|switch|p1a: Houndstone|Houndstone, L86, F|46/264\n|switch|p2a: Sinistcha|Sinistcha, L83|59/254\n|\n|-heal|p1a: Houndstone|62/264|[from] item: Leftovers\n|-heal|p2a: Sinistcha|74/254|[from] item: Leftovers\n|upkeep\n|turn|35\n|\n|t:|1771260253\n|switch|p2a: Dachsbun|Dachsbun, L92, F, tera:Steel|254/254 par\n|move|p1a: Houndstone|Shadow Sneak|p2a: Dachsbun\n|-damage|p2a: Dachsbun|217/254 par\n|\n|-heal|p1a: Houndstone|78/264|[from] item: Leftovers\n|-heal|p2a: Dachsbun|232/254 par|[from] item: Leftovers\n|upkeep\n|turn|36\n|\n|t:|1771260264\n|move|p1a: Houndstone|Body Press|p2a: Dachsbun\n|-supereffective|p2a: Dachsbun\n|-damage|p2a: Dachsbun|138/254 par\n|move|p2a: Dachsbun|Play Rough|p1a: Houndstone\n|-damage|p1a: Houndstone|37/264\n|\n|-heal|p1a: Houndstone|53/264|[from] item: Leftovers\n|-heal|p2a: Dachsbun|153/254 par|[from] item: Leftovers\n|upkeep\n|turn|37\n|\n|t:|1771260283\n|move|p1a: Houndstone|Body Press|p2a: Dachsbun\n|-supereffective|p2a: Dachsbun\n|-crit|p2a: Dachsbun\n|-damage|p2a: Dachsbun|25/254 par\n|cant|p2a: Dachsbun|par\n|\n|-heal|p1a: Houndstone|69/264|[from] item: Leftovers\n|-heal|p2a: Dachsbun|40/254 par|[from] item: Leftovers\n|upkeep\n|turn|38\n|\n|t:|1771260295\n|move|p2a: Dachsbun|Protect|p2a: Dachsbun\n|-singleturn|p2a: Dachsbun|Protect\n|move|p1a: Houndstone|Poltergeist|p2a: Dachsbun\n|-activate|p2a: Dachsbun|move: Protect\n|\n|-heal|p1a: Houndstone|85/264|[from] item: Leftovers\n|-heal|p2a: Dachsbun|55/254 par|[from] item: Leftovers\n|upkeep\n|turn|39\n|\n|t:|1771260305\n|move|p1a: Houndstone|Body Press|p2a: Dachsbun\n|-supereffective|p2a: Dachsbun\n|-damage|p2a: Dachsbun|0 fnt\n|faint|p2a: Dachsbun\n|\n|-heal|p1a: Houndstone|101/264|[from] item: Leftovers\n|upkeep\n|\n|t:|1771260311\n|switch|p2a: Appletun|Appletun, L92, F|320/352\n|turn|40\n|inactive|grampspk has 120 seconds left.\n|\n|t:|1771260325\n|switch|p1a: Mandibuzz|Mandibuzz, L85, F|326/326\n|move|p2a: Appletun|Apple Acid|p1a: Mandibuzz\n|-resisted|p1a: Mandibuzz\n|-damage|p1a: Mandibuzz|282/326\n|-unboost|p1a: Mandibuzz|spd|1\n|\n|-heal|p2a: Appletun|342/352|[from] item: Leftovers\n|upkeep\n|turn|41\n|inactive|grampspk has 120 seconds left.\n|\n|t:|1771260353\n|move|p1a: Mandibuzz|U-turn|p2a: Appletun\n|-supereffective|p2a: Appletun\n|-damage|p2a: Appletun|262/352\n|\n|t:|1771260357\n|switch|p1a: Pachirisu|Pachirisu, L96, M|95/271 slp|[from] U-turn\n|move|p2a: Appletun|Apple Acid|p1a: Pachirisu\n|-damage|p1a: Pachirisu|4/271 slp\n|-unboost|p1a: Pachirisu|spd|1\n|\n|-heal|p2a: Appletun|284/352|[from] item: Leftovers\n|upkeep\n|turn|42\n|\n|t:|1771260380\n|cant|p1a: Pachirisu|slp\n|move|p2a: Appletun|Apple Acid|p1a: Pachirisu\n|-damage|p1a: Pachirisu|0 fnt\n|faint|p1a: Pachirisu\n|\n|-heal|p2a: Appletun|306/352|[from] item: Leftovers\n|upkeep\n|\n|t:|1771260387\n|switch|p1a: Cinderace|Cinderace, L77, F|69/249\n|turn|43\n|\n|t:|1771260400\n|move|p1a: Cinderace|Gunk Shot|p2a: Appletun\n|-start|p1a: Cinderace|typechange|Poison|[from] ability: Libero\n|-supereffective|p2a: Appletun\n|-damage|p2a: Appletun|0 fnt\n|faint|p2a: Appletun\n|\n|upkeep\n|\n|t:|1771260413\n|switch|p2a: Articuno|Articuno-Galar, L84|288/288\n|turn|44\n|inactive|grampspk has 90 seconds left.\n|\n|t:|1771260433\n|switch|p1a: Mandibuzz|Mandibuzz, L85, F|282/326\n|move|p2a: Articuno|Hurricane|p1a: Mandibuzz\n|-damage|p1a: Mandibuzz|149/326\n|\n|upkeep\n|turn|45\n|\n|t:|1771260443\n|move|p2a: Articuno|Hurricane|p1a: Mandibuzz\n|-damage|p1a: Mandibuzz|23/326\n|-start|p1a: Mandibuzz|confusion\n|-activate|p1a: Mandibuzz|confusion\n|move|p1a: Mandibuzz|Foul Play|p2a: Articuno\n|-supereffective|p2a: Articuno\n|-damage|p2a: Articuno|126/288\n|\n|upkeep\n|turn|46\n|\n|t:|1771260452\n|move|p2a: Articuno|Recover|p2a: Articuno\n|-heal|p2a: Articuno|270/288\n|-end|p1a: Mandibuzz|confusion\n|move|p1a: Mandibuzz|Foul Play|p2a: Articuno\n|-supereffective|p2a: Articuno\n|-crit|p2a: Articuno\n|-damage|p2a: Articuno|64/288\n|\n|upkeep\n|turn|47\n|\n|t:|1771260462\n|move|p2a: Articuno|Hurricane|p1a: Mandibuzz\n|-damage|p1a: Mandibuzz|0 fnt\n|faint|p1a: Mandibuzz\n|\n|upkeep\n|\n|t:|1771260473\n|switch|p1a: Cinderace|Cinderace, L77, F|69/249\n|turn|48\n|\n|t:|1771260482\n|switch|p2a: Sinistcha|Sinistcha, L83|74/254\n|move|p1a: Cinderace|U-turn|p2a: Sinistcha\n|-start|p1a: Cinderace|typechange|Bug|[from] ability: Libero\n|-damage|p2a: Sinistcha|0 fnt\n|faint|p2a: Sinistcha\n|\n|t:|1771260491\n|switch|p1a: Houndstone|Houndstone, L86, F|101/264|[from] U-turn\n|\n|-heal|p1a: Houndstone|117/264|[from] item: Leftovers\n|upkeep\n|\n|t:|1771260493\n|switch|p2a: Articuno|Articuno-Galar, L84|64/288\n|turn|49\n|\n|t:|1771260499\n|move|p1a: Houndstone|Shadow Sneak|p2a: Articuno\n|-supereffective|p2a: Articuno\n|-damage|p2a: Articuno|0 fnt\n|faint|p2a: Articuno\n|\n|win|StanimalVGC\n|raw|StanimalVGC's rating: 1607 &rarr; <strong>1626</strong><br />(+19 for winning)\n|raw|grampspk's rating: 1587 &rarr; <strong>1568</strong><br />(-19 for losing)\n|c|☆StanimalVGC|gg\n|l|☆grampspk\n|player|p2|\n", "inputlog": ">version 686819e5e19f8a7fd2345cfc5a08a5085efa2cc3\n>start {\"formatid\":\"gen9randombattle\",\"seed\":\"sodium,dada6389c87422e2e890ca841d85511d\",\"rated\":\"Rated battle\"}\n>player p1 {\"name\":\"StanimalVGC\",\"avatar\":\"youngster-gen4dp\",\"rating\":1607,\"seed\":\"sodium,18530c5b1639b0ed1413dfbbbcd8b97a\"}\n>player p2 {\"name\":\"grampspk\",\"avatar\":\"petrel\",\"rating\":1587,\"seed\":\"sodium,57fd06d3f26d314c709af9aba7232d72\"}\n>p1 move uturn\n>p2 move surf\n>p1 switch 5\n>p1 move discharge\n>p2 switch 5\n>p1 move superfang\n>p2 move dragontail\n>p1 move uturn\n>p2 move recover\n>p1 switch 5\n>p1 move uturn\n>p2 switch 3\n>p1 switch 6\n>p1 move willowisp\n>p2 switch 6\n>p1 move poltergeist\n>p2 move yawn\n>p1 switch 5\n>p2 move playrough\n>p1 move uturn\n>p2 move playrough\n>p1 switch 4\n>p1 move nuzzle\n>p2 move playrough\n>p1 switch 6\n>p1 move gunkshot\n>p2 move protect\n>p1 switch 5\n>p2 switch 6\n>p1 move poltergeist\n>p2 switch 6\n>p1 move poltergeist\n>p2 move yawn\n>p1 switch 5\n>p2 move wish\n>p1 move gunkshot\n>p2 move protect\n>chat ☆StanimalVGC|boooo\n>p1 switch 4\n>p2 move wish\n>p1 move uturn\n>p2 move playrough\n>p1 switch 4\n>p1 move gunkshot\n>p2 move protect\n>p1 switch 3\n>p2 switch 6\n>p1 move mysticalfire terastallize\n>p2 move bulletpunch\n>p2 switch 5\n>p1 move moonblast\n>p2 move roost\n>p2 switch 4\n>p1 move mysticalfire\n>p2 move matchagotcha\n>p1 switch 5\n>p1 move poltergeist\n>p2 move shadowball\n>p1 move poltergeist\n>p2 move shadowball\n>p1 move shadowsneak\n>p2 switch 6\n>p1 move poltergeist\n>p2 move playrough\n>p1 move poltergeist\n>p2 move wish\n>p1 switch 3\n>p2 move playrough\n>p1 move gunkshot\n>p2 move protect\n>p1 move gunkshot\n>p2 move playrough terastallize\n>p1 switch 4\n>p2 move yawn\n>p1 move encore\n>p2 move playrough\n>p1 switch 3\n>p2 switch 6\n>p1 move shadowsneak\n>p2 switch 6\n>p1 move bodypress\n>p2 move playrough\n>p1 move bodypress\n>p2 move playrough\n>p1 move poltergeist\n>p2 move protect\n>p1 move bodypress\n>p2 move playrough\n>p2 switch 3\n>p1 switch 2\n>p2 move appleacid\n>p1 move uturn\n>p2 move appleacid\n>p1 switch 3\n>p1 move uturn\n>p2 move appleacid\n>p1 switch 4\n>p1 move gunkshot\n>p2 move dracometeor\n>p2 switch 2\n>p1 switch 3\n>p2 move hurricane\n>p1 move foulplay\n>p2 move hurricane\n>p1 move foulplay\n>p2 move recover\n>p1 move foulplay\n>p2 move hurricane\n>p1 switch 3\n>p1 move uturn\n>p2 switch 6\n>p1 switch 2\n>p2 switch 6\n>p1 move shadowsneak\n>p2 move freezingglare", "uploadtime": 1771260513, "views": 21, "formatid": "gen9randombattle", "rating": 1568, "private": 0, "password": null}