{"id": "gen9randombattle-2540517118", "format": "[Gen 9] Random Battle", "players": ["shingo82", "F Boogie"], "log": "|j|☆shingo82\n|j|☆F Boogie\n|t:|1771211978\n|gametype|singles\n|player|p1|shingo82|hooligans|1819\n|player|p2|F Boogie|veteran-gen4|1782\n|gen|9\n|tier|[Gen 9] Random Battle\n|rated|\n|rule|Species Clause: Limit one of each Pokémon\n|rule|HP Percentage Mod: HP is shown in percentages\n|rule|Sleep Clause Mod: Limit one foe put to sleep\n|rule|Illusion Level Mod: Illusion disguises the Pokémon's true level\n|\n|t:|1771211978\n|teamsize|p1|6\n|teamsize|p2|6\n|start\n|switch|p1a: Rhydon|Rhydon, L85, M|317/317\n|switch|p2a: Veluza|Veluza, L85, M|292/292\n|turn|1\n|inactive|Battle timer is ON: inactive players will automatically lose when time's up. (requested by shingo82)\n|\n|t:|1771212020\n|switch|p1a: Bellibolt|Bellibolt, L84, M|320/320\n|move|p2a: Veluza|Flip Turn|p1a: Bellibolt\n|-damage|p1a: Bellibolt|253/320\n|-start|p1a: Bellibolt|Charge|Flip Turn|[from] ability: Electromorphosis\n|\n|t:|1771212025\n|switch|p2a: Golem|Golem-Alola, L93, F|300/300|[from] Flip Turn\n|\n|-heal|p1a: Bellibolt|273/320|[from] item: Leftovers\n|upkeep\n|turn|2\n|\n|t:|1771212034\n|move|p2a: Golem|Earthquake|p1a: Bellibolt\n|-supereffective|p1a: Bellibolt\n|-damage|p1a: Bellibolt|0 fnt\n|faint|p1a: Bellibolt\n|\n|upkeep\n|\n|t:|1771212038\n|switch|p1a: Salamence|Salamence, L77, F|273/273\n|-ability|p1a: Salamence|Intimidate|boost\n|-unboost|p2a: Golem|atk|1\n|turn|3\n|\n|t:|1771212043\n|switch|p2a: Noctowl|Noctowl, L95, M|344/344\n|move|p1a: Salamence|Dragon Dance|p1a: Salamence\n|-boost|p1a: Salamence|atk|1\n|-boost|p1a: Salamence|spe|1\n|\n|upkeep\n|turn|4\n|\n|t:|1771212050\n|move|p1a: Salamence|Dual Wingbeat|p2a: Noctowl\n|-damage|p2a: Noctowl|248/344\n|-damage|p2a: Noctowl|151/344\n|-hitcount|p2a: Noctowl|2\n|move|p2a: Noctowl|Hurricane|p1a: Salamence\n|-damage|p1a: Salamence|111/273\n|\n|upkeep\n|turn|5\n|\n|t:|1771212054\n|move|p1a: Salamence|Dual Wingbeat|p2a: Noctowl\n|-damage|p2a: Noctowl|61/344\n|-damage|p2a: Noctowl|0 fnt\n|faint|p2a: Noctowl\n|-hitcount|p2: Noctowl|2\n|\n|upkeep\n|\n|t:|1771212060\n|switch|p2a: Jirachi|Jirachi, L80|291/291\n|turn|6\n|\n|t:|1771212062\n|move|p2a: Jirachi|Iron Head|p1a: Salamence\n|-damage|p1a: Salamence|21/273\n|cant|p1a: Salamence|flinch\n|\n|upkeep\n|turn|7\n|\n|t:|1771212068\n|switch|p1a: Delphox|Delphox, L84, F|263/263\n|move|p2a: Jirachi|Iron Head|p1a: Delphox\n|-resisted|p1a: Delphox\n|-damage|p1a: Delphox|218/263\n|\n|upkeep\n|turn|8\n|\n|t:|1771212074\n|switch|p2a: Veluza|Veluza, L85, M|292/292\n|move|p1a: Delphox|Fire Blast|p2a: Veluza|[miss]\n|-miss|p1a: Delphox|p2a: Veluza\n|\n|upkeep\n|turn|9\n|\n|t:|1771212079\n|switch|p1a: Salamence|Salamence, L77, F|21/273\n|-ability|p1a: Salamence|Intimidate|boost\n|-unboost|p2a: Veluza|atk|1\n|move|p2a: Veluza|Flip Turn|p1a: Salamence\n|-resisted|p1a: Salamence\n|-damage|p1a: Salamence|0 fnt\n|faint|p1a: Salamence\n|\n|t:|1771212084\n|switch|p2a: Jirachi|Jirachi, L80|291/291|[from] Flip Turn\n|\n|upkeep\n|\n|t:|1771212086\n|switch|p1a: Delphox|Delphox, L84, F|218/263\n|turn|10\n|\n|t:|1771212089\n|move|p1a: Delphox|Fire Blast|p2a: Jirachi\n|-supereffective|p2a: Jirachi\n|-damage|p2a: Jirachi|21/291\n|move|p2a: Jirachi|U-turn|p1a: Delphox\n|-damage|p1a: Delphox|161/263\n|\n|t:|1771212094\n|switch|p2a: Veluza|Veluza, L85, M|292/292|[from] U-turn\n|\n|upkeep\n|turn|11\n|\n|t:|1771212101\n|switch|p1a: Cyclizar|Cyclizar, L83, F|252/252\n|move|p2a: Veluza|Aqua Cutter|p1a: Cyclizar\n|-resisted|p1a: Cyclizar\n|-crit|p1a: Cyclizar\n|-damage|p1a: Cyclizar|138/252\n|\n|upkeep\n|turn|12\n|\n|t:|1771212110\n|switch|p2a: Delibird|Delibird, M|252/252\n|move|p1a: Cyclizar|Knock Off|p2a: Delibird\n|-damage|p2a: Delibird|163/252\n|-enditem|p2a: Delibird|Heavy-Duty Boots|[from] move: Knock Off|[of] p1a: Cyclizar\n|\n|upkeep\n|turn|13\n|\n|t:|1771212127\n|move|p1a: Cyclizar|Shed Tail|p1a: Cyclizar\n|-start|p1a: Cyclizar|Substitute|[from] move: Shed Tail\n|-damage|p1a: Cyclizar|12/252\n|\n|t:|1771212133\n|switch|p1a: Delphox|Delphox, L84, F|161/263|[from] Shed Tail\n|move|p2a: Delibird|Rapid Spin|p1a: Delphox\n|-activate|p1a: Delphox|move: Substitute|[damage]\n|-boost|p2a: Delibird|spe|1\n|\n|upkeep\n|turn|14\n|\n|t:|1771212139\n|move|p1a: Delphox|Fire Blast|p2a: Delibird\n|-supereffective|p2a: Delibird\n|-damage|p2a: Delibird|0 fnt\n|faint|p2a: Delibird\n|\n|upkeep\n|\n|t:|1771212143\n|switch|p2a: Veluza|Veluza, L85, M|292/292\n|turn|15\n|\n|t:|1771212148\n|move|p1a: Delphox|Fire Blast|p2a: Veluza\n|-resisted|p2a: Veluza\n|-damage|p2a: Veluza|211/292\n|-status|p2a: Veluza|brn\n|move|p2a: Veluza|Aqua Cutter|p1a: Delphox\n|-supereffective|p1a: Delphox\n|-end|p1a: Delphox|Substitute\n|\n|-damage|p2a: Veluza|193/292 brn|[from] brn\n|upkeep\n|turn|16\n|\n|t:|1771212156\n|switch|p1a: Cyclizar|Cyclizar, L83, F|96/252\n|move|p2a: Veluza|Aqua Cutter|p1a: Cyclizar\n|-resisted|p1a: Cyclizar\n|-crit|p1a: Cyclizar\n|-damage|p1a: Cyclizar|42/252\n|\n|-damage|p2a: Veluza|175/292 brn|[from] brn\n|upkeep\n|turn|17\n|inactive|F Boogie has 120 seconds left.\n|\n|t:|1771212189\n|move|p2a: Veluza|Aqua Cutter|p1a: Cyclizar\n|-resisted|p1a: Cyclizar\n|-damage|p1a: Cyclizar|5/252\n|move|p1a: Cyclizar|Knock Off|p2a: Veluza\n|-supereffective|p2a: Veluza\n|-damage|p2a: Veluza|21/292 brn\n|-enditem|p2a: Veluza|Choice Scarf|[from] move: Knock Off|[of] p1a: Cyclizar\n|\n|-damage|p2a: Veluza|3/292 brn|[from] brn\n|upkeep\n|turn|18\n|\n|t:|1771212202\n|move|p1a: Cyclizar|Knock Off|p2a: Veluza\n|-supereffective|p2a: Veluza\n|-damage|p2a: Veluza|0 fnt\n|faint|p2a: Veluza\n|\n|upkeep\n|inactive|F Boogie has 120 seconds left.\n|inactive|F Boogie has 90 seconds left.\n|\n|t:|1771212246\n|switch|p2a: Jirachi|Jirachi, L80|21/291\n|turn|19\n|\n|t:|1771212250\n|switch|p1a: Delphox|Delphox, L84, F|161/263\n|move|p2a: Jirachi|U-turn|p1a: Delphox\n|-damage|p1a: Delphox|106/263\n|\n|t:|1771212252\n|switch|p2a: Golem|Golem-Alola, L93, F|300/300|[from] U-turn\n|\n|upkeep\n|turn|20\n|\n|t:|1771212258\n|move|p1a: Delphox|Grass Knot|p2a: Golem\n|-supereffective|p2a: Golem\n|-damage|p2a: Golem|74/300\n|move|p2a: Golem|Earthquake|p1a: Delphox\n|-supereffective|p1a: Delphox\n|-damage|p1a: Delphox|0 fnt\n|faint|p1a: Delphox\n|\n|upkeep\n|\n|t:|1771212268\n|switch|p1a: Smeargle|Smeargle, L95, M|258/258\n|turn|21\n|inactive|F Boogie has 120 seconds left.\n|\n|t:|1771212296\n|move|p1a: Smeargle|Spore|p2a: Golem\n|-status|p2a: Golem|slp|[from] move: Spore\n|cant|p2a: Golem|slp\n|\n|upkeep\n|turn|22\n|\n|t:|1771212310\n|switch|p2a: Jirachi|Jirachi, L80|21/291\n|move|p1a: Smeargle|Shell Smash|p1a: Smeargle\n|-unboost|p1a: Smeargle|def|1\n|-unboost|p1a: Smeargle|spd|1\n|-boost|p1a: Smeargle|atk|2\n|-boost|p1a: Smeargle|spa|2\n|-boost|p1a: Smeargle|spe|2\n|\n|upkeep\n|turn|23\n|\n|t:|1771212314\n|move|p1a: Smeargle|Power Trip|p2a: Jirachi\n|-supereffective|p2a: Jirachi\n|-damage|p2a: Jirachi|0 fnt\n|faint|p2a: Jirachi\n|\n|upkeep\n|\n|t:|1771212315\n|switch|p2a: Bisharp|Bisharp, L79, F|232/232\n|turn|24\n|\n|t:|1771212339\n|move|p1a: Smeargle|Population Bomb|p2a: Bisharp\n|-resisted|p2a: Bisharp\n|-damage|p2a: Bisharp|221/232\n|-hitcount|p2a: Bisharp|1\n|move|p2a: Bisharp|Swords Dance|p2a: Bisharp\n|-boost|p2a: Bisharp|atk|2\n|\n|upkeep\n|turn|25\n|\n|t:|1771212358\n|move|p1a: Smeargle|Population Bomb|p2a: Bisharp\n|-resisted|p2a: Bisharp\n|-damage|p2a: Bisharp|210/232\n|-resisted|p2a: Bisharp\n|-damage|p2a: Bisharp|201/232\n|-resisted|p2a: Bisharp\n|-damage|p2a: Bisharp|191/232\n|-resisted|p2a: Bisharp\n|-crit|p2a: Bisharp\n|-damage|p2a: Bisharp|174/232\n|-resisted|p2a: Bisharp\n|-damage|p2a: Bisharp|163/232\n|-resisted|p2a: Bisharp\n|-damage|p2a: Bisharp|152/232\n|-resisted|p2a: Bisharp\n|-damage|p2a: Bisharp|141/232\n|-resisted|p2a: Bisharp\n|-damage|p2a: Bisharp|131/232\n|-resisted|p2a: Bisharp\n|-damage|p2a: Bisharp|122/232\n|-resisted|p2a: Bisharp\n|-damage|p2a: Bisharp|112/232\n|-hitcount|p2a: Bisharp|10\n|move|p2a: Bisharp|Swords Dance|p2a: Bisharp\n|-boost|p2a: Bisharp|atk|2\n|\n|upkeep\n|turn|26\n|\n|t:|1771212374\n|move|p2a: Bisharp|Sucker Punch|p1a: Smeargle\n|-damage|p1a: Smeargle|0 fnt\n|faint|p1a: Smeargle\n|\n|upkeep\n|\n|t:|1771212379\n|switch|p1a: Cyclizar|Cyclizar, L83, F|89/252\n|turn|27\n|\n|t:|1771212385\n|switch|p1a: Rhydon|Rhydon, L85, M|317/317\n|move|p2a: Bisharp|Sucker Punch||[still]\n|-fail|p2a: Bisharp\n|\n|upkeep\n|turn|28\n|\n|t:|1771212394\n|-terastallize|p2a: Bisharp|Ghost\n|-terastallize|p1a: Rhydon|Water\n|move|p2a: Bisharp|Iron Head|p1a: Rhydon\n|-resisted|p1a: Rhydon\n|-damage|p1a: Rhydon|251/317\n|cant|p1a: Rhydon|flinch\n|\n|upkeep\n|turn|29\n|\n|t:|1771212403\n|move|p2a: Bisharp|Throat Chop|p1a: Rhydon\n|-damage|p1a: Rhydon|112/317\n|-start|p1a: Rhydon|Throat Chop|[silent]\n|move|p1a: Rhydon|Earthquake|p2a: Bisharp\n|-damage|p2a: Bisharp|27/232\n|\n|upkeep\n|turn|30\n|\n|t:|1771212411\n|move|p2a: Bisharp|Throat Chop|p1a: Rhydon\n|-damage|p1a: Rhydon|0 fnt\n|faint|p1a: Rhydon\n|\n|upkeep\n|\n|t:|1771212413\n|switch|p1a: Cyclizar|Cyclizar, L83, F|173/252\n|turn|31\n|\n|t:|1771212415\n|move|p2a: Bisharp|Sucker Punch|p1a: Cyclizar\n|-damage|p1a: Cyclizar|0 fnt\n|faint|p1a: Cyclizar\n|\n|win|F Boogie\n|raw|shingo82's rating: 1819 &rarr; <strong>1797</strong><br />(-22 for losing)\n|raw|F Boogie's rating: 1782 &rarr; <strong>1804</strong><br />(+22 for winning)\n|c|☆F Boogie|gg\n|l|☆shingo82\n|player|p1|\n", "inputlog": ">version 686819e5e19f8a7fd2345cfc5a08a5085efa2cc3\n>start {\"formatid\":\"gen9randombattle\",\"seed\":\"sodium,6593e2c42bc8d5d8302bc22550d2fdd9\",\"rated\":\"Rated battle\"}\n>player p1 {\"name\":\"shingo82\",\"avatar\":\"hooligans\",\"rating\":1819,\"seed\":\"sodium,b4daaaa38bd618e10b3b7426ba82b057\"}\n>player p2 {\"name\":\"F Boogie\",\"avatar\":\"veteran-gen4\",\"rating\":1782,\"seed\":\"sodium,7d6bfbdaa64e527a2dfeae432e881344\"}\n>p1 switch 2\n>p2 move flipturn\n>p2 switch 4\n>p1 move muddywater\n>p2 move earthquake\n>p1 switch 4\n>p1 move dragondance\n>p2 switch 6\n>p1 move dualwingbeat\n>p2 move hurricane\n>p1 move dualwingbeat\n>p2 move hypervoice\n>p2 switch 3\n>p1 move earthquake\n>p2 move ironhead\n>p1 switch 6\n>p2 move ironhead\n>p1 move fireblast\n>p2 switch 4\n>p1 switch 6\n>p2 move flipturn\n>p2 switch 4\n>p1 switch 6\n>p1 move fireblast\n>p2 move uturn\n>p2 switch 4\n>p1 switch 3\n>p2 move aquacutter\n>p1 move knockoff\n>p2 switch 5\n>p1 move shedtail\n>p2 move rapidspin\n>p1 switch 3\n>p1 move fireblast\n>p2 move bravebird\n>p2 switch 5\n>p1 move fireblast\n>p2 move aquacutter\n>p1 switch 3\n>p2 move aquacutter\n>p1 move knockoff\n>p2 move aquacutter\n>p1 move knockoff\n>p2 move aquacutter\n>p2 switch 4\n>p1 switch 3\n>p2 move uturn\n>p2 switch 6\n>p1 move grassknot\n>p2 move earthquake\n>p1 switch 5\n>p1 move spore\n>p2 move earthquake\n>p1 move shellsmash\n>p2 switch 6\n>p1 move powertrip\n>p2 move ironhead\n>p2 switch 2\n>p1 move populationbomb\n>p2 move swordsdance\n>p1 move populationbomb\n>p2 move swordsdance\n>p1 move populationbomb\n>p2 move suckerpunch\n>p1 switch 3\n>p1 switch 2\n>p2 move suckerpunch\n>p1 move earthquake terastallize\n>p2 move ironhead terastallize\n>p1 move earthquake\n>p2 move throatchop\n>p1 move earthquake\n>p2 move throatchop\n>p1 switch 2\n>p1 move knockoff\n>p2 move suckerpunch", "uploadtime": 1771212420, "views": 9, "formatid": "gen9randombattle", "rating": 1797, "private": 0, "password": null}