{"id": "gen9randombattle-2540186333", "format": "[Gen 9] Random Battle", "players": ["ribena supernova", "Highgon"], "log": "|j|☆ribena supernova\n|j|☆Highgon\n|t:|1771173350\n|gametype|singles\n|player|p1|ribena supernova|leaf-masters|2229\n|player|p2|Highgon|265|2250\n|gen|9\n|tier|[Gen 9] Random Battle\n|rated|\n|rule|Species Clause: Limit one of each Pokémon\n|rule|HP Percentage Mod: HP is shown in percentages\n|rule|Sleep Clause Mod: Limit one foe put to sleep\n|rule|Illusion Level Mod: Illusion disguises the Pokémon's true level\n|\n|t:|1771173350\n|teamsize|p1|6\n|teamsize|p2|6\n|start\n|switch|p1a: Tauros|Tauros-Paldea-Aqua, L81, M|254/254\n|switch|p2a: Decidueye|Decidueye-Hisui, L87, F|295/295\n|-ability|p1a: Tauros|Intimidate|boost\n|-fail|p2a: Decidueye|unboost|Attack|[from] ability: Scrappy|[of] p2a: Decidueye\n|turn|1\n|\n|t:|1771173376\n|switch|p1a: Pelipper|Pelipper, L86, M|243/243\n|-weather|RainDance|[from] ability: Drizzle|[of] p1a: Pelipper\n|move|p2a: Decidueye|Leaf Blade|p1a: Pelipper\n|-damage|p1a: Pelipper|138/243\n|\n|-weather|RainDance|[upkeep]\n|upkeep\n|turn|2\n|inactive|Battle timer is ON: inactive players will automatically lose when time's up. (requested by ribena supernova)\n|\n|t:|1771173397\n|switch|p2a: Plusle|Plusle, L95, M|268/268\n|move|p1a: Pelipper|Roost|p1a: Pelipper\n|-heal|p1a: Pelipper|243/243\n|-singleturn|p1a: Pelipper|move: Roost\n|\n|-weather|RainDance|[upkeep]\n|upkeep\n|turn|3\n|\n|t:|1771173406\n|switch|p1a: Hoopa|Hoopa, L85|275/275\n|move|p2a: Plusle|Thunderbolt|p1a: Hoopa\n|-damage|p1a: Hoopa|174/275\n|-damage|p2a: Plusle|242/268|[from] item: Life Orb\n|\n|-weather|RainDance|[upkeep]\n|upkeep\n|turn|4\n|\n|t:|1771173418\n|switch|p2a: Sableye|Sableye, L88, F|231/231\n|switch|p1a: Galvantula|Galvantula, L82, M|249/249\n|\n|-weather|RainDance|[upkeep]\n|upkeep\n|turn|5\n|\n|t:|1771173423\n|move|p1a: Galvantula|Sticky Web|p2a: Sableye\n|-sidestart|p2: Highgon|move: Sticky Web\n|move|p2a: Sableye|Knock Off|p1a: Galvantula\n|-damage|p1a: Galvantula|128/249\n|-enditem|p1a: Galvantula|Heavy-Duty Boots|[from] move: Knock Off|[of] p2a: Sableye\n|\n|-weather|none\n|upkeep\n|turn|6\n|\n|t:|1771173426\n|move|p2a: Sableye|Will-O-Wisp|p1a: Galvantula\n|-status|p1a: Galvantula|brn\n|move|p1a: Galvantula|Bug Buzz|p2a: Sableye\n|-crit|p2a: Sableye\n|-damage|p2a: Sableye|71/231\n|\n|-heal|p2a: Sableye|85/231|[from] item: Leftovers\n|-damage|p1a: Galvantula|113/249 brn|[from] brn\n|upkeep\n|turn|7\n|\n|t:|1771173429\n|move|p2a: Sableye|Recover|p2a: Sableye\n|-heal|p2a: Sableye|201/231\n|move|p1a: Galvantula|Bug Buzz|p2a: Sableye\n|-damage|p2a: Sableye|89/231\n|\n|-heal|p2a: Sableye|103/231|[from] item: Leftovers\n|-damage|p1a: Galvantula|98/249 brn|[from] brn\n|upkeep\n|turn|8\n|\n|t:|1771173441\n|switch|p2a: Plusle|Plusle, L95, M|242/268\n|-activate|p2a: Plusle|move: Sticky Web\n|-unboost|p2a: Plusle|spe|1\n|move|p1a: Galvantula|Volt Switch|p2a: Plusle\n|-ability|p2a: Plusle|Lightning Rod|boost\n|-boost|p2a: Plusle|spa|1\n|\n|-damage|p1a: Galvantula|83/249 brn|[from] brn\n|upkeep\n|turn|9\n|\n|t:|1771173444\n|move|p1a: Galvantula|Bug Buzz|p2a: Plusle\n|-damage|p2a: Plusle|158/268\n|move|p2a: Plusle|Alluring Voice|p1a: Galvantula\n|-damage|p1a: Galvantula|0 fnt\n|faint|p1a: Galvantula\n|-damage|p2a: Plusle|132/268|[from] item: Life Orb\n|\n|upkeep\n|\n|t:|1771173459\n|switch|p1a: Hoopa|Hoopa, L85|174/275\n|turn|10\n|\n|t:|1771173469\n|switch|p2a: Slaking|Slaking, L84, M|389/389\n|-activate|p2a: Slaking|move: Sticky Web\n|-unboost|p2a: Slaking|spe|1\n|move|p1a: Hoopa|Shadow Ball|p2a: Slaking\n|-immune|p2a: Slaking\n|\n|upkeep\n|turn|11\n|\n|t:|1771173483\n|switch|p1a: Tauros|Tauros-Paldea-Aqua, L81, M|254/254\n|-ability|p1a: Tauros|Intimidate|boost\n|-unboost|p2a: Slaking|atk|1\n|move|p2a: Slaking|Double-Edge|p1a: Tauros\n|-damage|p1a: Tauros|74/254\n|-damage|p2a: Slaking|330/389|[from] Recoil\n|\n|upkeep\n|turn|12\n|\n|t:|1771173494\n|switch|p2a: Decidueye|Decidueye-Hisui, L87, F|295/295\n|-activate|p2a: Decidueye|move: Sticky Web\n|-unboost|p2a: Decidueye|spe|1\n|move|p1a: Tauros|Wave Crash|p2a: Decidueye\n|-resisted|p2a: Decidueye\n|-damage|p2a: Decidueye|185/295\n|-damage|p1a: Tauros|38/254|[from] Recoil\n|\n|-heal|p2a: Decidueye|203/295|[from] item: Leftovers\n|upkeep\n|turn|13\n|\n|t:|1771173509\n|switch|p1a: Pelipper|Pelipper, L86, M|243/243\n|-weather|RainDance|[from] ability: Drizzle|[of] p1a: Pelipper\n|move|p2a: Decidueye|Defog|p1a: Pelipper\n|-unboost|p1a: Pelipper|evasion|1\n|-sideend|p2: Highgon|Sticky Web|[from] move: Defog|[of] p2a: Decidueye\n|\n|-weather|RainDance|[upkeep]\n|-heal|p2a: Decidueye|221/295|[from] item: Leftovers\n|upkeep\n|turn|14\n|\n|t:|1771173520\n|switch|p2a: Slaking|Slaking, L84, M|330/389\n|move|p1a: Pelipper|Hydro Pump|p2a: Slaking\n|-damage|p2a: Slaking|92/389\n|\n|-weather|RainDance|[upkeep]\n|upkeep\n|turn|15\n|\n|t:|1771173526\n|switch|p1a: Hoopa|Hoopa, L85|174/275\n|move|p2a: Slaking|Giga Impact|p1a: Hoopa\n|-immune|p1a: Hoopa\n|\n|-weather|RainDance|[upkeep]\n|upkeep\n|turn|16\n|\n|t:|1771173535\n|switch|p2a: Decidueye|Decidueye-Hisui, L87, F|221/295\n|move|p1a: Hoopa|Shadow Ball|p2a: Decidueye\n|-damage|p2a: Decidueye|73/295\n|-unboost|p2a: Decidueye|spd|1\n|-damage|p1a: Hoopa|147/275|[from] item: Life Orb\n|\n|-weather|RainDance|[upkeep]\n|-heal|p2a: Decidueye|91/295|[from] item: Leftovers\n|upkeep\n|turn|17\n|\n|t:|1771173540\n|switch|p2a: Slaking|Slaking, L84, M|92/389\n|move|p1a: Hoopa|Psyshock|p2a: Slaking\n|-damage|p2a: Slaking|0 fnt\n|faint|p2a: Slaking\n|-damage|p1a: Hoopa|120/275|[from] item: Life Orb\n|\n|-weather|none\n|upkeep\n|inactive|Highgon has 120 seconds left.\n|\n|t:|1771173584\n|switch|p2a: Sableye|Sableye, L88, F|103/231\n|turn|18\n|\n|t:|1771173589\n|move|p2a: Sableye|Recover|p2a: Sableye\n|-heal|p2a: Sableye|219/231\n|move|p1a: Hoopa|Shadow Ball|p2a: Sableye\n|-damage|p2a: Sableye|15/231\n|-damage|p1a: Hoopa|93/275|[from] item: Life Orb\n|\n|-heal|p2a: Sableye|29/231|[from] item: Leftovers\n|upkeep\n|turn|19\n|\n|t:|1771173594\n|move|p2a: Sableye|Will-O-Wisp|p1a: Hoopa\n|-status|p1a: Hoopa|brn\n|move|p1a: Hoopa|Shadow Ball|p2a: Sableye\n|-damage|p2a: Sableye|0 fnt\n|faint|p2a: Sableye\n|-damage|p1a: Hoopa|66/275 brn|[from] item: Life Orb\n|\n|-damage|p1a: Hoopa|49/275 brn|[from] brn\n|upkeep\n|\n|t:|1771173598\n|switch|p2a: Plusle|Plusle, L95, M|132/268\n|turn|20\n|\n|t:|1771173600\n|move|p2a: Plusle|Thunderbolt|p1a: Hoopa\n|-damage|p1a: Hoopa|0 fnt\n|faint|p1a: Hoopa\n|-damage|p2a: Plusle|106/268|[from] item: Life Orb\n|\n|upkeep\n|\n|t:|1771173602\n|switch|p1a: Lokix|Lokix, L82, F|251/251\n|turn|21\n|\n|t:|1771173619\n|switch|p2a: Decidueye|Decidueye-Hisui, L87, F|91/295\n|move|p1a: Lokix|Swords Dance|p1a: Lokix\n|-boost|p1a: Lokix|atk|2\n|\n|-heal|p2a: Decidueye|109/295|[from] item: Leftovers\n|upkeep\n|turn|22\n|\n|t:|1771173622\n|move|p1a: Lokix|Leech Life|p2a: Decidueye\n|-crit|p2a: Decidueye\n|-damage|p2a: Decidueye|0 fnt\n|faint|p2a: Decidueye\n|-damage|p1a: Lokix|226/251|[from] item: Life Orb\n|\n|upkeep\n|\n|t:|1771173625\n|switch|p2a: Hatterene|Hatterene, L85, F|236/236\n|turn|23\n|\n|t:|1771173630\n|-terastallize|p1a: Lokix|Dark\n|move|p1a: Lokix|Knock Off|p2a: Hatterene\n|-damage|p2a: Hatterene|0 fnt\n|-enditem|p2a: Hatterene|Assault Vest|[from] move: Knock Off|[of] p1a: Lokix\n|faint|p2a: Hatterene\n|-damage|p1a: Lokix|201/251|[from] item: Life Orb\n|\n|upkeep\n|\n|t:|1771173634\n|switch|p2a: Houndstone|Houndstone, L86, M|264/264\n|turn|24\n|\n|t:|1771173642\n|-terastallize|p2a: Houndstone|Fighting\n|move|p1a: Lokix|Knock Off|p2a: Houndstone\n|-resisted|p2a: Houndstone\n|-damage|p2a: Houndstone|111/264\n|-enditem|p2a: Houndstone|Leftovers|[from] move: Knock Off|[of] p1a: Lokix\n|-damage|p1a: Lokix|176/251|[from] item: Life Orb\n|move|p2a: Houndstone|Body Press|p1a: Lokix\n|-supereffective|p1a: Lokix\n|-damage|p1a: Lokix|0 fnt\n|faint|p1a: Lokix\n|\n|upkeep\n|\n|t:|1771173645\n|switch|p1a: Pelipper|Pelipper, L86, M|243/243\n|-weather|RainDance|[from] ability: Drizzle|[of] p1a: Pelipper\n|turn|25\n|\n|t:|1771173667\n|move|p2a: Houndstone|Rest|p2a: Houndstone\n|-status|p2a: Houndstone|slp|[from] move: Rest\n|-heal|p2a: Houndstone|264/264 slp|[silent]\n|move|p1a: Pelipper|Hurricane|p2a: Houndstone\n|-supereffective|p2a: Houndstone\n|-damage|p2a: Houndstone|54/264 slp\n|\n|-weather|RainDance|[upkeep]\n|upkeep\n|turn|26\n|\n|t:|1771173669\n|cant|p2a: Houndstone|slp\n|move|p2a: Houndstone|Sleep Talk|p2a: Houndstone\n|move|p2a: Houndstone|Body Press|p1a: Pelipper|[from] move: Sleep Talk\n|-resisted|p1a: Pelipper\n|-damage|p1a: Pelipper|205/243\n|move|p1a: Pelipper|Hurricane|p2a: Houndstone\n|-supereffective|p2a: Houndstone\n|-damage|p2a: Houndstone|0 fnt\n|faint|p2a: Houndstone\n|\n|-weather|RainDance|[upkeep]\n|upkeep\n|\n|t:|1771173671\n|switch|p2a: Plusle|Plusle, L95, M|106/268\n|turn|27\n|c|☆ribena supernova|gg\n|\n|t:|1771173675\n|move|p2a: Plusle|Thunderbolt|p1a: Pelipper\n|-supereffective|p1a: Pelipper\n|-damage|p1a: Pelipper|0 fnt\n|faint|p1a: Pelipper\n|-damage|p2a: Plusle|80/268|[from] item: Life Orb\n|\n|-weather|RainDance|[upkeep]\n|upkeep\n|\n|t:|1771173677\n|switch|p1a: Tauros|Tauros-Paldea-Aqua, L81, M|38/254\n|-ability|p1a: Tauros|Intimidate|boost\n|-unboost|p2a: Plusle|atk|1\n|turn|28\n|c|☆Highgon|gg\n|\n|t:|1771173683\n|move|p1a: Tauros|Aqua Jet|p2a: Plusle\n|-damage|p2a: Plusle|0 fnt\n|faint|p2a: Plusle\n|\n|win|ribena supernova\n|raw|ribena supernova's rating: 2229 &rarr; <strong>2250</strong><br />(+21 for winning)\n|raw|Highgon's rating: 2250 &rarr; <strong>2229</strong><br />(-21 for losing)\n", "inputlog": ">version 686819e5e19f8a7fd2345cfc5a08a5085efa2cc3\n>start {\"formatid\":\"gen9randombattle\",\"seed\":\"sodium,69a516e3a583a3ae72b4c1209bf8b54e\",\"rated\":\"Rated battle\"}\n>player p1 {\"name\":\"ribena supernova\",\"avatar\":\"leaf-masters\",\"rating\":2229,\"seed\":\"sodium,c001bb3208a1f6cb5dd9ca8821b9fa16\"}\n>player p2 {\"name\":\"Highgon\",\"avatar\":\"265\",\"rating\":2250,\"seed\":\"sodium,b98963b866ee71ec1d3cf7bbb9fc44df\"}\n>p1 switch 2\n>p2 move leafblade\n>p1 move roost\n>p2 switch 2\n>p1 switch 6\n>p2 move thunderbolt\n>p1 switch 4\n>p2 switch 3\n>p1 move stickyweb\n>p2 move knockoff\n>p1 move bugbuzz\n>p2 move willowisp\n>p1 move bugbuzz\n>p2 move recover\n>p1 move voltswitch\n>p2 switch 3\n>p1 move bugbuzz\n>p2 move alluringvoice\n>p1 switch 4\n>p1 move shadowball\n>p2 switch 6\n>p1 switch 2\n>p2 move doubleedge\n>p1 move wavecrash\n>p2 switch 2\n>p1 switch 6\n>p2 move defog\n>p1 move hydropump\n>p2 switch 2\n>p1 switch 2\n>p2 move gigaimpact\n>p1 move shadowball\n>p2 switch 2\n>p1 move psyshock\n>p2 switch 2\n>p2 switch 3\n>p1 move shadowball\n>p2 move recover\n>p1 move shadowball\n>p2 move willowisp\n>p2 switch 6\n>p1 move shadowball\n>p2 move thunderbolt\n>p1 switch 3\n>p1 move swordsdance\n>p2 switch 2\n>p1 move leechlife\n>p2 move triplearrows\n>p2 switch 4\n>p1 move knockoff terastallize\n>p2 move drainingkiss\n>p2 switch 5\n>p1 move knockoff\n>p2 move bodypress terastallize\n>p1 switch 2\n>p1 move hurricane\n>p2 move rest\n>p1 move hurricane\n>p2 move sleeptalk\n>p2 switch 2\n>chat ☆ribena supernova|gg\n>p1 move hurricane\n>p2 move thunderbolt\n>p1 switch 6\n>chat ☆Highgon|gg\n>p1 move aquajet\n>p2 move thunderbolt", "uploadtime": 1771173689, "views": 11, "formatid": "gen9randombattle", "rating": 2229, "private": 0, "password": null}