{"id": "gen9randombattle-2540622127", "format": "[Gen 9] Random Battle", "players": ["vince_verus", "Mattattac"], "log": "|j|☆vince_verus\n|j|☆Mattattac\n|t:|1771229014\n|gametype|singles\n|player|p1|vince_verus|pokemonranger-gen4|1572\n|player|p2|Mattattac|169|1526\n|gen|9\n|tier|[Gen 9] Random Battle\n|rated|\n|rule|Species Clause: Limit one of each Pokémon\n|rule|HP Percentage Mod: HP is shown in percentages\n|rule|Sleep Clause Mod: Limit one foe put to sleep\n|rule|Illusion Level Mod: Illusion disguises the Pokémon's true level\n|\n|t:|1771229014\n|teamsize|p1|6\n|teamsize|p2|6\n|start\n|switch|p1a: Meganium|Meganium, L90, M|290/290\n|switch|p2a: Zarude|Zarude, L77|288/288\n|turn|1\n|c|☆Mattattac|yo\n|inactive|Battle timer is ON: inactive players will automatically lose when time's up. (requested by vince_verus)\n|\n|t:|1771229026\n|move|p2a: Zarude|Swords Dance|p2a: Zarude\n|-boost|p2a: Zarude|atk|2\n|move|p1a: Meganium|Knock Off|p2a: Zarude\n|-resisted|p2a: Zarude\n|-damage|p2a: Zarude|253/288\n|-enditem|p2a: Zarude|Leftovers|[from] move: Knock Off|[of] p1a: Meganium\n|\n|upkeep\n|turn|2\n|\n|t:|1771229034\n|move|p2a: Zarude|Knock Off|p1a: Meganium\n|-damage|p1a: Meganium|118/290\n|-enditem|p1a: Meganium|Leftovers|[from] move: Knock Off|[of] p2a: Zarude\n|move|p1a: Meganium|Dragon Tail|p2a: Zarude\n|-damage|p2a: Zarude|209/288\n|drag|p2a: Manaphy|Manaphy, L78|284/284\n|\n|upkeep\n|turn|3\n|\n|t:|1771229049\n|switch|p2a: Salamence|Salamence, L77, M|273/273\n|-ability|p2a: Salamence|Intimidate|boost\n|-unboost|p1a: Meganium|atk|1\n|move|p1a: Meganium|Synthesis|p1a: Meganium\n|-heal|p1a: Meganium|263/290\n|\n|upkeep\n|turn|4\n|\n|t:|1771229060\n|move|p2a: Salamence|Dual Wingbeat|p1a: Meganium\n|-supereffective|p1a: Meganium\n|-damage|p1a: Meganium|185/290\n|-supereffective|p1a: Meganium\n|-damage|p1a: Meganium|105/290\n|-hitcount|p1a: Meganium|2\n|move|p1a: Meganium|Knock Off|p2a: Salamence\n|-damage|p2a: Salamence|219/273\n|-enditem|p2a: Salamence|Heavy-Duty Boots|[from] move: Knock Off|[of] p1a: Meganium\n|\n|upkeep\n|turn|5\n|\n|t:|1771229082\n|-terastallize|p1a: Meganium|Steel\n|move|p2a: Salamence|Dragon Dance|p2a: Salamence\n|-boost|p2a: Salamence|atk|1\n|-boost|p2a: Salamence|spe|1\n|move|p1a: Meganium|Synthesis|p1a: Meganium\n|-heal|p1a: Meganium|250/290\n|\n|upkeep\n|turn|6\n|\n|t:|1771229090\n|move|p2a: Salamence|Earthquake|p1a: Meganium\n|-supereffective|p1a: Meganium\n|-damage|p1a: Meganium|66/290\n|move|p1a: Meganium|Dragon Tail|p2a: Salamence\n|-supereffective|p2a: Salamence\n|-damage|p2a: Salamence|151/273\n|drag|p2a: Manaphy|Manaphy, L78|284/284\n|\n|upkeep\n|turn|7\n|\n|t:|1771229098\n|move|p2a: Manaphy|Surf|p1a: Meganium\n|-damage|p1a: Meganium|0 fnt\n|faint|p1a: Meganium\n|\n|upkeep\n|c|☆Mattattac|why tera lol\n|\n|t:|1771229109\n|switch|p1a: Basculin|Basculin-Blue-Striped, L86, M|261/261\n|turn|8\n|\n|t:|1771229117\n|move|p1a: Basculin|Double-Edge|p2a: Manaphy\n|-damage|p2a: Manaphy|149/284\n|-damage|p1a: Basculin|216/261|[from] Recoil\n|move|p2a: Manaphy|Energy Ball|p1a: Basculin\n|-supereffective|p1a: Basculin\n|-damage|p1a: Basculin|66/261\n|\n|-heal|p2a: Manaphy|166/284|[from] item: Leftovers\n|upkeep\n|turn|9\n|\n|t:|1771229128\n|switch|p2a: Salamence|Salamence, L77, M|151/273\n|-ability|p2a: Salamence|Intimidate|boost\n|-unboost|p1a: Basculin|atk|1\n|move|p1a: Basculin|Double-Edge|p2a: Salamence\n|-damage|p2a: Salamence|46/273\n|-damage|p1a: Basculin|31/261|[from] Recoil\n|\n|upkeep\n|turn|10\n|\n|t:|1771229165\n|switch|p2a: Zarude|Zarude, L77|209/288\n|move|p1a: Basculin|Double-Edge|p2a: Zarude\n|-damage|p2a: Zarude|133/288\n|-damage|p1a: Basculin|6/261|[from] Recoil\n|\n|upkeep\n|turn|11\n|\n|t:|1771229174\n|move|p1a: Basculin|Double-Edge|p2a: Zarude\n|-damage|p2a: Zarude|55/288\n|-damage|p1a: Basculin|0 fnt|[from] Recoil\n|faint|p1a: Basculin\n|move|p2a: Zarude|Synthesis|p2a: Zarude\n|-heal|p2a: Zarude|199/288\n|\n|upkeep\n|\n|t:|1771229187\n|switch|p1a: Hariyama|Hariyama, L87, F|392/392\n|turn|12\n|\n|t:|1771229202\n|move|p2a: Zarude|Knock Off|p1a: Hariyama\n|-resisted|p1a: Hariyama\n|-crit|p1a: Hariyama\n|-damage|p1a: Hariyama|287/392\n|-enditem|p1a: Hariyama|Flame Orb|[from] move: Knock Off|[of] p2a: Zarude\n|move|p1a: Hariyama|Close Combat|p2a: Zarude\n|-supereffective|p2a: Zarude\n|-damage|p2a: Zarude|0 fnt\n|-unboost|p1a: Hariyama|def|1\n|-unboost|p1a: Hariyama|spd|1\n|faint|p2a: Zarude\n|\n|upkeep\n|\n|t:|1771229208\n|switch|p2a: Salamence|Salamence, L77, M|46/273\n|-ability|p2a: Salamence|Intimidate|boost\n|-unboost|p1a: Hariyama|atk|1\n|turn|13\n|\n|t:|1771229214\n|move|p2a: Salamence|Dual Wingbeat|p1a: Hariyama\n|-supereffective|p1a: Hariyama\n|-damage|p1a: Hariyama|99/392\n|-supereffective|p1a: Hariyama\n|-damage|p1a: Hariyama|0 fnt\n|faint|p1a: Hariyama\n|-hitcount|p1: Hariyama|2\n|\n|upkeep\n|\n|t:|1771229220\n|switch|p1a: Noivern|Noivern, L82, M|274/274\n|turn|14\n|\n|t:|1771229233\n|move|p1a: Noivern|Draco Meteor|p2a: Salamence\n|-supereffective|p2a: Salamence\n|-damage|p2a: Salamence|0 fnt\n|-unboost|p1a: Noivern|spa|2\n|faint|p2a: Salamence\n|\n|upkeep\n|\n|t:|1771229236\n|switch|p2a: Magearna|Magearna-Original, L77|250/250\n|turn|15\n|\n|t:|1771229239\n|switch|p1a: Armarouge|Armarouge, L80, F|267/267\n|move|p2a: Magearna|Thunder Wave|p1a: Armarouge\n|-status|p1a: Armarouge|par\n|\n|upkeep\n|turn|16\n|\n|t:|1771229247\n|switch|p2a: Manaphy|Manaphy, L78|166/284\n|cant|p1a: Armarouge|par\n|\n|-heal|p2a: Manaphy|183/284|[from] item: Leftovers\n|upkeep\n|turn|17\n|\n|t:|1771229260\n|switch|p1a: Noivern|Noivern, L82, M|274/274\n|move|p2a: Manaphy|Tail Glow|p2a: Manaphy\n|-boost|p2a: Manaphy|spa|3\n|\n|-heal|p2a: Manaphy|200/284|[from] item: Leftovers\n|upkeep\n|turn|18\n|\n|t:|1771229271\n|move|p1a: Noivern|Hurricane|p2a: Manaphy|[miss]\n|-miss|p1a: Noivern|p2a: Manaphy\n|move|p2a: Manaphy|Ice Beam|p1a: Noivern\n|-supereffective|p1a: Noivern\n|-damage|p1a: Noivern|0 fnt\n|faint|p1a: Noivern\n|\n|-heal|p2a: Manaphy|217/284|[from] item: Leftovers\n|upkeep\n|\n|t:|1771229273\n|switch|p1a: Honchkrow|Honchkrow, L86, F|312/312\n|turn|19\n|c|☆Mattattac|ggs\n|\n|t:|1771229286\n|move|p1a: Honchkrow|Sucker Punch|p2a: Manaphy\n|-damage|p2a: Manaphy|118/284\n|move|p2a: Manaphy|Ice Beam|p1a: Honchkrow\n|-supereffective|p1a: Honchkrow\n|-damage|p1a: Honchkrow|0 fnt\n|faint|p1a: Honchkrow\n|\n|-heal|p2a: Manaphy|135/284|[from] item: Leftovers\n|upkeep\n|\n|t:|1771229289\n|switch|p1a: Armarouge|Armarouge, L80, F|267/267 par\n|turn|20\n|-message|vince_verus forfeited.\n|\n|win|Mattattac\n|raw|vince_verus's rating: 1572 &rarr; <strong>1549</strong><br />(-23 for losing)\n|raw|Mattattac's rating: 1526 &rarr; <strong>1549</strong><br />(+23 for winning)\n|l|☆vince_verus\n|player|p1|\n", "inputlog": ">version 686819e5e19f8a7fd2345cfc5a08a5085efa2cc3\n>start {\"formatid\":\"gen9randombattle\",\"seed\":\"sodium,249f247f8e7ea8d317e9fac9f9a9f4f0\",\"rated\":\"Rated battle\"}\n>player p1 {\"name\":\"vince_verus\",\"avatar\":\"pokemonranger-gen4\",\"rating\":1572,\"seed\":\"sodium,ba4f68e3609d32e35211ab7cea97ee5e\"}\n>player p2 {\"name\":\"Mattattac\",\"avatar\":\"169\",\"rating\":1526,\"seed\":\"sodium,805986acc10bccdbd402191aa0b67b92\"}\n>chat ☆Mattattac|yo \n>p1 move knockoff\n>p2 move swordsdance\n>p1 move dragontail\n>p2 move knockoff\n>p1 move synthesis\n>p2 switch 2\n>p1 move knockoff\n>p2 move dualwingbeat\n>p1 move synthesis terastallize\n>p2 move dragondance\n>p1 move dragontail\n>p2 move earthquake\n>p1 move energyball\n>p2 move surf\n>chat ☆Mattattac|why tera lol \n>p1 switch 5\n>p1 move doubleedge\n>p2 move energyball\n>p1 move doubleedge\n>p2 switch 2\n>p1 move doubleedge\n>p2 switch 4\n>p1 move doubleedge\n>p2 move synthesis\n>p1 switch 4\n>p1 move closecombat\n>p2 move knockoff\n>p2 switch 4\n>p1 move facade\n>p2 move dualwingbeat\n>p1 switch 3\n>p1 move dracometeor\n>p2 move outrage\n>p2 switch 6\n>p1 switch 6\n>p2 move thunderwave\n>p1 move energyball\n>p2 switch 2\n>p1 switch 6\n>p2 move tailglow\n>p1 move hurricane\n>p2 move icebeam\n>p1 switch 2\n>chat ☆Mattattac|ggs \n>p1 move suckerpunch\n>p2 move icebeam\n>p1 switch 6\n>forcelose p1", "uploadtime": 1771229298, "views": 14, "formatid": "gen9randombattle", "rating": 1549, "private": 0, "password": null}