{"id": "gen9randombattle-2540664399", "format": "[Gen 9] Random Battle", "players": ["Marioman2007", "Chaud Boulette"], "log": "|j|☆Marioman2007\n|j|☆Chaud Boulette\n|t:|1771236567\n|gametype|singles\n|player|p1|Marioman2007|riley|1989\n|player|p2|Chaud Boulette|lucian|1949\n|gen|9\n|tier|[Gen 9] Random Battle\n|rated|\n|rule|Species Clause: Limit one of each Pokémon\n|rule|HP Percentage Mod: HP is shown in percentages\n|rule|Sleep Clause Mod: Limit one foe put to sleep\n|rule|Illusion Level Mod: Illusion disguises the Pokémon's true level\n|\n|t:|1771236567\n|teamsize|p1|6\n|teamsize|p2|6\n|start\n|switch|p1a: Blissey|Blissey, L85, F|572/572\n|switch|p2a: Reuniclus|Reuniclus, L88, F|337/337\n|turn|1\n|\n|t:|1771236580\n|switch|p2a: Pikachu|Pikachu-Hoenn, L93, F|216/216\n|move|p1a: Blissey|Thunder Wave|p2a: Pikachu\n|-ability|p2a: Pikachu|Lightning Rod|boost\n|-boost|p2a: Pikachu|spa|1\n|\n|upkeep\n|turn|2\n|inactive|Battle timer is ON: inactive players will automatically lose when time's up. (requested by Chaud Boulette)\n|\n|t:|1771236586\n|switch|p1a: Wo-Chien|Wo-Chien, L83|277/277\n|-ability|p1a: Wo-Chien|Tablets of Ruin\n|move|p2a: Pikachu|Fake Out|p1a: Wo-Chien\n|-damage|p1a: Wo-Chien|246/277\n|\n|-heal|p1a: Wo-Chien|263/277|[from] item: Leftovers\n|upkeep\n|turn|3\n|\n|t:|1771236596\n|switch|p2a: Delibird|Delibird, M|252/252\n|move|p1a: Wo-Chien|Knock Off|p2a: Delibird\n|-damage|p2a: Delibird|122/252\n|-enditem|p2a: Delibird|Heavy-Duty Boots|[from] move: Knock Off|[of] p1a: Wo-Chien\n|\n|-heal|p1a: Wo-Chien|277/277|[from] item: Leftovers\n|upkeep\n|turn|4\n|\n|t:|1771236610\n|switch|p1a: Oricorio|Oricorio-Sensu, L85, M|266/266\n|move|p2a: Delibird|Spikes|p1a: Oricorio\n|-sidestart|p1: Marioman2007|Spikes\n|\n|upkeep\n|turn|5\n|\n|t:|1771236616\n|switch|p2a: Bisharp|Bisharp, L79, F|232/232\n|move|p1a: Oricorio|Quiver Dance|p1a: Oricorio\n|-boost|p1a: Oricorio|spa|1\n|-boost|p1a: Oricorio|spd|1\n|-boost|p1a: Oricorio|spe|1\n|\n|upkeep\n|turn|6\n|\n|t:|1771236620\n|move|p1a: Oricorio|Hurricane|p2a: Bisharp\n|-resisted|p2a: Bisharp\n|-damage|p2a: Bisharp|154/232\n|-start|p2a: Bisharp|confusion\n|-activate|p2a: Bisharp|confusion\n|move|p2a: Bisharp|Throat Chop|p1a: Oricorio\n|-supereffective|p1a: Oricorio\n|-damage|p1a: Oricorio|60/266\n|-start|p1a: Oricorio|Throat Chop|[silent]\n|\n|upkeep\n|turn|7\n|\n|t:|1771236630\n|move|p1a: Oricorio|Roost|p1a: Oricorio\n|-heal|p1a: Oricorio|193/266\n|-singleturn|p1a: Oricorio|move: Roost\n|-activate|p2a: Bisharp|confusion\n|-damage|p2a: Bisharp|125/232|[from] confusion\n|\n|-end|p1a: Oricorio|Throat Chop|[silent]\n|upkeep\n|turn|8\n|\n|t:|1771236635\n|-activate|p2a: Bisharp|confusion\n|move|p2a: Bisharp|Sucker Punch|p1a: Oricorio\n|-supereffective|p1a: Oricorio\n|-damage|p1a: Oricorio|0 fnt\n|faint|p1a: Oricorio\n|\n|upkeep\n|\n|t:|1771236639\n|switch|p1a: Wo-Chien|Wo-Chien, L83|277/277\n|-damage|p1a: Wo-Chien|243/277|[from] Spikes\n|-ability|p1a: Wo-Chien|Tablets of Ruin\n|turn|9\n|\n|t:|1771236643\n|switch|p2a: Delibird|Delibird, M|122/252\n|move|p1a: Wo-Chien|Knock Off|p2a: Delibird\n|-damage|p2a: Delibird|38/252\n|\n|-heal|p1a: Wo-Chien|260/277|[from] item: Leftovers\n|upkeep\n|turn|10\n|\n|t:|1771236646\n|move|p2a: Delibird|Brave Bird|p1a: Wo-Chien|[miss]\n|-miss|p2a: Delibird|p1a: Wo-Chien\n|move|p1a: Wo-Chien|Knock Off|p2a: Delibird\n|-crit|p2a: Delibird\n|-damage|p2a: Delibird|0 fnt\n|faint|p2a: Delibird\n|\n|-heal|p1a: Wo-Chien|277/277|[from] item: Leftovers\n|upkeep\n|\n|t:|1771236653\n|switch|p2a: Perrserker|Perrserker, L89, M|269/269\n|turn|11\n|\n|t:|1771236659\n|move|p1a: Wo-Chien|Knock Off|p2a: Perrserker\n|-damage|p2a: Perrserker|188/269\n|-enditem|p2a: Perrserker|Life Orb|[from] move: Knock Off|[of] p1a: Wo-Chien\n|move|p2a: Perrserker|Stealth Rock|p1a: Wo-Chien\n|-sidestart|p1: Marioman2007|move: Stealth Rock\n|\n|upkeep\n|turn|12\n|\n|t:|1771236664\n|move|p1a: Wo-Chien|Ruination|p2a: Perrserker\n|-damage|p2a: Perrserker|94/269\n|move|p2a: Perrserker|Knock Off|p1a: Wo-Chien\n|-resisted|p1a: Wo-Chien\n|-damage|p1a: Wo-Chien|247/277\n|-enditem|p1a: Wo-Chien|Leftovers|[from] move: Knock Off|[of] p2a: Perrserker\n|\n|upkeep\n|turn|13\n|\n|t:|1771236667\n|move|p1a: Wo-Chien|Leech Seed|p2a: Perrserker\n|-start|p2a: Perrserker|move: Leech Seed\n|move|p2a: Perrserker|Close Combat|p1a: Wo-Chien\n|-supereffective|p1a: Wo-Chien\n|-damage|p1a: Wo-Chien|111/277\n|-unboost|p2a: Perrserker|def|1\n|-unboost|p2a: Perrserker|spd|1\n|\n|-damage|p2a: Perrserker|61/269|[from] Leech Seed|[of] p1a: Wo-Chien\n|-heal|p1a: Wo-Chien|144/277|[silent]\n|upkeep\n|turn|14\n|\n|t:|1771236674\n|switch|p2a: Pikachu|Pikachu-Hoenn, L93, F|216/216\n|move|p1a: Wo-Chien|Protect||[still]\n|-fail|p1a: Wo-Chien\n|\n|upkeep\n|turn|15\n|\n|t:|1771236677\n|move|p1a: Wo-Chien|Protect|p1a: Wo-Chien\n|-singleturn|p1a: Wo-Chien|Protect\n|move|p2a: Pikachu|Fake Out|p1a: Wo-Chien\n|-activate|p1a: Wo-Chien|move: Protect\n|\n|upkeep\n|turn|16\n|\n|t:|1771236682\n|move|p2a: Pikachu|Play Rough|p1a: Wo-Chien\n|-supereffective|p1a: Wo-Chien\n|-damage|p1a: Wo-Chien|4/277\n|move|p1a: Wo-Chien|Knock Off|p2a: Pikachu\n|-damage|p2a: Pikachu|86/216\n|-enditem|p2a: Pikachu|Light Ball|[from] move: Knock Off|[of] p1a: Wo-Chien\n|\n|upkeep\n|turn|17\n|\n|t:|1771236689\n|move|p1a: Wo-Chien|Protect|p1a: Wo-Chien\n|-singleturn|p1a: Wo-Chien|Protect\n|move|p2a: Pikachu|Volt Tackle|p1a: Wo-Chien\n|-activate|p1a: Wo-Chien|move: Protect\n|\n|upkeep\n|turn|18\n|\n|t:|1771236693\n|move|p2a: Pikachu|Volt Tackle|p1a: Wo-Chien\n|-resisted|p1a: Wo-Chien\n|-damage|p1a: Wo-Chien|0 fnt\n|faint|p1a: Wo-Chien\n|-damage|p2a: Pikachu|85/216|[from] Recoil\n|\n|upkeep\n|\n|t:|1771236697\n|switch|p1a: Spidops|Spidops, L96, M|271/271\n|turn|19\n|\n|t:|1771236703\n|move|p2a: Pikachu|Volt Tackle|p1a: Spidops\n|-damage|p1a: Spidops|178/271\n|-damage|p2a: Pikachu|54/216|[from] Recoil\n|move|p1a: Spidops|Sticky Web|p2a: Pikachu\n|-sidestart|p2: Chaud Boulette|move: Sticky Web\n|\n|upkeep\n|turn|20\n|\n|t:|1771236711\n|move|p2a: Pikachu|Volt Tackle|p1a: Spidops\n|-damage|p1a: Spidops|96/271\n|-damage|p2a: Pikachu|27/216|[from] Recoil\n|move|p1a: Spidops|Knock Off|p2a: Pikachu\n|-damage|p2a: Pikachu|0 fnt\n|faint|p2a: Pikachu\n|\n|upkeep\n|\n|t:|1771236724\n|switch|p2a: Bisharp|Bisharp, L79, F|125/232\n|-activate|p2a: Bisharp|move: Sticky Web\n|-unboost|p2a: Bisharp|spe|1\n|-ability|p2a: Bisharp|Defiant|boost\n|-boost|p2a: Bisharp|atk|2\n|turn|21\n|\n|t:|1771236730\n|move|p2a: Bisharp|Throat Chop|p1a: Spidops\n|-damage|p1a: Spidops|0 fnt\n|faint|p1a: Spidops\n|\n|upkeep\n|\n|t:|1771236735\n|switch|p1a: Koraidon|Koraidon, L64|235/235\n|-damage|p1a: Koraidon|206/235|[from] Spikes\n|-damage|p1a: Koraidon|192/235|[from] Stealth Rock\n|-weather|SunnyDay|[from] ability: Orichalcum Pulse|[of] p1a: Koraidon\n|-activate|p1a: Koraidon|Orichalcum Pulse|[source]\n|turn|22\n|\n|t:|1771236740\n|-terastallize|p2a: Bisharp|Flying\n|move|p1a: Koraidon|Flare Blitz|p2a: Bisharp\n|-damage|p2a: Bisharp|0 fnt\n|faint|p2a: Bisharp\n|-damage|p1a: Koraidon|151/235|[from] Recoil\n|\n|-weather|SunnyDay|[upkeep]\n|upkeep\n|\n|t:|1771236746\n|switch|p2a: Reuniclus|Reuniclus, L88, F|337/337\n|-activate|p2a: Reuniclus|move: Sticky Web\n|-unboost|p2a: Reuniclus|spe|1\n|turn|23\n|\n|t:|1771236755\n|-terastallize|p1a: Koraidon|Fire\n|move|p1a: Koraidon|Flare Blitz|p2a: Reuniclus\n|-damage|p2a: Reuniclus|27/337\n|-damage|p1a: Koraidon|49/235|[from] Recoil\n|move|p2a: Reuniclus|Psychic|p1a: Koraidon\n|-damage|p1a: Koraidon|0 fnt\n|faint|p1a: Koraidon\n|\n|-weather|SunnyDay|[upkeep]\n|upkeep\n|\n|t:|1771236759\n|switch|p1a: Blissey|Blissey, L85, F|572/572\n|-damage|p1a: Blissey|501/572|[from] Spikes\n|-damage|p1a: Blissey|430/572|[from] Stealth Rock\n|turn|24\n|\n|t:|1771236764\n|move|p1a: Blissey|Seismic Toss|p2a: Reuniclus\n|-damage|p2a: Reuniclus|0 fnt\n|faint|p2a: Reuniclus\n|\n|-weather|SunnyDay|[upkeep]\n|-heal|p1a: Blissey|465/572|[from] item: Leftovers\n|upkeep\n|\n|t:|1771236765\n|switch|p2a: Perrserker|Perrserker, L89, M|61/269\n|-activate|p2a: Perrserker|move: Sticky Web\n|-unboost|p2a: Perrserker|spe|1\n|turn|25\n|\n|t:|1771236768\n|move|p1a: Blissey|Seismic Toss|p2a: Perrserker\n|-damage|p2a: Perrserker|0 fnt\n|faint|p2a: Perrserker\n|\n|-weather|SunnyDay|[upkeep]\n|-heal|p1a: Blissey|500/572|[from] item: Leftovers\n|upkeep\n|\n|t:|1771236770\n|switch|p2a: Phione|Phione, L91|293/293\n|-activate|p2a: Phione|move: Sticky Web\n|-unboost|p2a: Phione|spe|1\n|turn|26\n|\n|t:|1771236774\n|move|p1a: Blissey|Thunder Wave|p2a: Phione|[miss]\n|-miss|p1a: Blissey|p2a: Phione\n|move|p2a: Phione|Take Heart|p2a: Phione\n|-boost|p2a: Phione|spa|1\n|-boost|p2a: Phione|spd|1\n|\n|-weather|none\n|-heal|p1a: Blissey|535/572|[from] item: Leftovers\n|upkeep\n|turn|27\n|\n|t:|1771236779\n|move|p1a: Blissey|Thunder Wave|p2a: Phione\n|-status|p2a: Phione|par\n|move|p2a: Phione|Take Heart|p2a: Phione\n|-boost|p2a: Phione|spa|1\n|-boost|p2a: Phione|spd|1\n|-curestatus|p2a: Phione|par|[msg]\n|\n|-heal|p1a: Blissey|570/572|[from] item: Leftovers\n|upkeep\n|turn|28\n|\n|t:|1771236784\n|move|p1a: Blissey|Seismic Toss|p2a: Phione\n|-damage|p2a: Phione|208/293\n|move|p2a: Phione|Take Heart|p2a: Phione\n|-boost|p2a: Phione|spa|1\n|-boost|p2a: Phione|spd|1\n|\n|-heal|p1a: Blissey|572/572|[from] item: Leftovers\n|-heal|p2a: Phione|226/293|[from] item: Leftovers\n|upkeep\n|turn|29\n|\n|t:|1771236787\n|move|p1a: Blissey|Seismic Toss|p2a: Phione\n|-damage|p2a: Phione|141/293\n|move|p2a: Phione|Take Heart|p2a: Phione\n|-boost|p2a: Phione|spa|1\n|-boost|p2a: Phione|spd|1\n|\n|-heal|p2a: Phione|159/293|[from] item: Leftovers\n|upkeep\n|turn|30\n|\n|t:|1771236789\n|move|p1a: Blissey|Seismic Toss|p2a: Phione\n|-damage|p2a: Phione|74/293\n|move|p2a: Phione|Take Heart|p2a: Phione\n|-boost|p2a: Phione|spa|1\n|-boost|p2a: Phione|spd|1\n|\n|-heal|p2a: Phione|92/293|[from] item: Leftovers\n|upkeep\n|turn|31\n|\n|t:|1771236795\n|move|p1a: Blissey|Seismic Toss|p2a: Phione\n|-damage|p2a: Phione|7/293\n|move|p2a: Phione|Take Heart|p2a: Phione\n|-boost|p2a: Phione|spa|1\n|-boost|p2a: Phione|spd|1\n|\n|-heal|p2a: Phione|25/293|[from] item: Leftovers\n|upkeep\n|turn|32\n|\n|t:|1771236802\n|move|p1a: Blissey|Seismic Toss|p2a: Phione\n|-damage|p2a: Phione|0 fnt\n|faint|p2a: Phione\n|\n|win|Marioman2007\n|raw|Marioman2007's rating: 1989 &rarr; <strong>2007</strong><br />(+18 for winning)\n|raw|Chaud Boulette's rating: 1949 &rarr; <strong>1931</strong><br />(-18 for losing)\n|c|☆Marioman2007|gg\n|l|☆Chaud Boulette\n|player|p2|\n", "inputlog": ">version 686819e5e19f8a7fd2345cfc5a08a5085efa2cc3\n>start {\"formatid\":\"gen9randombattle\",\"seed\":\"sodium,449e7d5333c6613a41534c23c4675d10\",\"rated\":\"Rated battle\"}\n>player p1 {\"name\":\"Marioman2007\",\"avatar\":\"riley\",\"rating\":1989,\"seed\":\"sodium,712f55a53ece259559b34bc8d498c5cf\"}\n>player p2 {\"name\":\"Chaud Boulette\",\"avatar\":\"lucian\",\"rating\":1949,\"seed\":\"sodium,ab398b0bf460c3da75792e9941afa933\"}\n>p1 move thunderwave\n>p2 switch 6\n>p1 switch 6\n>p2 move fakeout\n>p1 move knockoff\n>p2 switch 2\n>p1 switch 5\n>p2 move spikes\n>p1 move quiverdance\n>p2 switch 4\n>p1 move hurricane\n>p2 move throatchop\n>p1 move roost\n>p2 move throatchop\n>p1 move hurricane\n>p2 move suckerpunch\n>p1 switch 5\n>p1 move knockoff\n>p2 switch 4\n>p1 move knockoff\n>p2 move bravebird\n>p2 switch 5\n>p1 move knockoff\n>p2 move stealthrock\n>p1 move ruination\n>p2 move knockoff\n>p1 move leechseed\n>p2 move closecombat\n>p1 move protect\n>p2 switch 2\n>p1 move protect\n>p2 move fakeout\n>p1 move knockoff\n>p2 move playrough\n>p1 move protect\n>p2 move volttackle\n>p1 move knockoff\n>p2 move volttackle\n>p1 switch 2\n>p1 move stickyweb\n>p2 move volttackle\n>p1 move knockoff\n>p2 move volttackle\n>p2 switch 4\n>p1 move circlethrow\n>p2 move throatchop\n>p1 switch 4\n>p1 move flareblitz\n>p2 move ironhead terastallize\n>p2 switch 6\n>p1 move flareblitz terastallize\n>p2 move psychic\n>p1 switch 6\n>p1 move seismictoss\n>p2 move recover\n>p2 switch 2\n>p1 move seismictoss\n>p2 move ironhead\n>p2 switch 3\n>p1 move thunderwave\n>p2 move takeheart\n>p1 move thunderwave\n>p2 move takeheart\n>p1 move seismictoss\n>p2 move takeheart\n>p1 move seismictoss\n>p2 move takeheart\n>p1 move seismictoss\n>p2 move takeheart\n>p1 move seismictoss\n>p2 move takeheart\n>p1 move seismictoss\n>p2 move rest", "uploadtime": 1771236823, "views": 13, "formatid": "gen9randombattle", "rating": 1931, "private": 0, "password": null}