{"id": "gen9randombattle-2540214170", "format": "[Gen 9] Random Battle", "players": ["vorpaldevil", "pablofe08"], "log": "|j|☆vorpaldevil\n|j|☆pablofe08\n|t:|1771176614\n|gametype|singles\n|player|p1|vorpaldevil|workerice|1548\n|player|p2|pablofe08|ethan|1575\n|gen|9\n|tier|[Gen 9] Random Battle\n|rated|\n|rule|Species Clause: Limit one of each Pokémon\n|rule|HP Percentage Mod: HP is shown in percentages\n|rule|Sleep Clause Mod: Limit one foe put to sleep\n|rule|Illusion Level Mod: Illusion disguises the Pokémon's true level\n|\n|t:|1771176614\n|teamsize|p1|6\n|teamsize|p2|6\n|start\n|switch|p1a: Chesnaught|Chesnaught, L84, M|285/285\n|switch|p2a: Spectrier|Spectrier, L75|274/274\n|turn|1\n|inactive|Battle timer is ON: inactive players will automatically lose when time's up. (requested by pablofe08)\n|\n|t:|1771176622\n|move|p2a: Spectrier|Will-O-Wisp|p1a: Chesnaught\n|-status|p1a: Chesnaught|brn\n|move|p1a: Chesnaught|Knock Off|p2a: Spectrier\n|-supereffective|p2a: Spectrier\n|-damage|p2a: Spectrier|175/274\n|-enditem|p2a: Spectrier|Life Orb|[from] move: Knock Off|[of] p1a: Chesnaught\n|\n|-damage|p1a: Chesnaught|268/285 brn|[from] brn\n|upkeep\n|turn|2\n|\n|t:|1771176633\n|move|p2a: Spectrier|Nasty Plot|p2a: Spectrier\n|-boost|p2a: Spectrier|spa|2\n|move|p1a: Chesnaught|Wood Hammer|p2a: Spectrier\n|-damage|p2a: Spectrier|74/274\n|-damage|p1a: Chesnaught|235/285 brn|[from] Recoil\n|\n|-heal|p1a: Chesnaught|252/285 brn|[from] item: Leftovers\n|-damage|p1a: Chesnaught|235/285 brn|[from] brn\n|upkeep\n|turn|3\n|\n|t:|1771176641\n|move|p2a: Spectrier|Shadow Ball|p1a: Chesnaught\n|-immune|p1a: Chesnaught|[from] ability: Bulletproof\n|move|p1a: Chesnaught|Wood Hammer|p2a: Spectrier\n|-damage|p2a: Spectrier|0 fnt\n|faint|p2a: Spectrier\n|-damage|p1a: Chesnaught|211/285 brn|[from] Recoil\n|\n|-heal|p1a: Chesnaught|228/285 brn|[from] item: Leftovers\n|-damage|p1a: Chesnaught|211/285 brn|[from] brn\n|upkeep\n|\n|t:|1771176649\n|switch|p2a: Zekrom|Zekrom, L71|259/259\n|-ability|p2a: Zekrom|Teravolt\n|turn|4\n|\n|t:|1771176662\n|switch|p1a: Rhyperior|Rhyperior, L82, M|323/323\n|move|p2a: Zekrom|Dragon Dance|p2a: Zekrom\n|-boost|p2a: Zekrom|atk|1\n|-boost|p2a: Zekrom|spe|1\n|\n|upkeep\n|turn|5\n|\n|t:|1771176690\n|switch|p2a: Shiftry|Shiftry, L89, M|305/305\n|move|p1a: Rhyperior|Rock Polish|p1a: Rhyperior\n|-boost|p1a: Rhyperior|spe|2\n|\n|upkeep\n|turn|6\n|\n|t:|1771176698\n|move|p1a: Rhyperior|Ice Punch|p2a: Shiftry\n|-supereffective|p2a: Shiftry\n|-damage|p2a: Shiftry|135/305\n|move|p2a: Shiftry|Leaf Blade|p1a: Rhyperior\n|-supereffective|p1a: Rhyperior\n|-damage|p1a: Rhyperior|3/323\n|-enditem|p1a: Rhyperior|Weakness Policy\n|-boost|p1a: Rhyperior|atk|2|[from] item: Weakness Policy\n|-boost|p1a: Rhyperior|spa|2|[from] item: Weakness Policy\n|-damage|p2a: Shiftry|105/305|[from] item: Life Orb\n|\n|upkeep\n|turn|7\n|\n|t:|1771176715\n|move|p1a: Rhyperior|Ice Punch|p2a: Shiftry\n|-supereffective|p2a: Shiftry\n|-damage|p2a: Shiftry|0 fnt\n|faint|p2a: Shiftry\n|\n|upkeep\n|\n|t:|1771176719\n|switch|p2a: Sudowoodo|Sudowoodo, L94, M|284/284\n|turn|8\n|\n|t:|1771176727\n|switch|p1a: Chesnaught|Chesnaught, L84, M|211/285 brn\n|move|p2a: Sudowoodo|Head Smash|p1a: Chesnaught|[miss]\n|-miss|p2a: Sudowoodo|p1a: Chesnaught\n|\n|-heal|p1a: Chesnaught|228/285 brn|[from] item: Leftovers\n|-damage|p1a: Chesnaught|211/285 brn|[from] brn\n|upkeep\n|turn|9\n|\n|t:|1771176735\n|switch|p2a: Metagross|Metagross, L79|256/256\n|move|p1a: Chesnaught|Wood Hammer|p2a: Metagross\n|-resisted|p2a: Metagross\n|-damage|p2a: Metagross|228/256\n|-damage|p1a: Chesnaught|202/285 brn|[from] Recoil\n|\n|-heal|p1a: Chesnaught|219/285 brn|[from] item: Leftovers\n|-damage|p1a: Chesnaught|202/285 brn|[from] brn\n|upkeep\n|turn|10\n|\n|t:|1771176752\n|switch|p1a: Rhyperior|Rhyperior, L82, M|3/323\n|move|p2a: Metagross|Agility|p2a: Metagross\n|-boost|p2a: Metagross|spe|2\n|\n|upkeep\n|turn|11\n|\n|t:|1771176760\n|move|p2a: Metagross|Psychic Fangs|p1a: Rhyperior\n|-damage|p1a: Rhyperior|0 fnt\n|faint|p1a: Rhyperior\n|\n|upkeep\n|\n|t:|1771176770\n|switch|p1a: Jumpluff|Jumpluff, L87, F|271/271\n|turn|12\n|\n|t:|1771176779\n|move|p2a: Metagross|Heavy Slam|p1a: Jumpluff\n|-damage|p1a: Jumpluff|103/271\n|move|p1a: Jumpluff|Sleep Powder|p2a: Metagross\n|-status|p2a: Metagross|slp|[from] move: Sleep Powder\n|\n|upkeep\n|turn|13\n|\n|t:|1771176786\n|switch|p2a: Espeon|Espeon, L84, M|246/246\n|move|p1a: Jumpluff|Strength Sap|p2a: Espeon\n|move|p2a: Espeon|Strength Sap|p1a: Jumpluff|[from] ability: Magic Bounce\n|-unboost|p1a: Jumpluff|atk|1\n|\n|upkeep\n|turn|14\n|\n|t:|1771176797\n|move|p1a: Jumpluff|U-turn|p2a: Espeon\n|-supereffective|p2a: Espeon\n|-damage|p2a: Espeon|186/246\n|\n|t:|1771176801\n|switch|p1a: Chesnaught|Chesnaught, L84, M|202/285 brn|[from] U-turn\n|move|p2a: Espeon|Calm Mind|p2a: Espeon\n|-boost|p2a: Espeon|spa|1\n|-boost|p2a: Espeon|spd|1\n|\n|-heal|p1a: Chesnaught|219/285 brn|[from] item: Leftovers\n|-damage|p1a: Chesnaught|202/285 brn|[from] brn\n|upkeep\n|turn|15\n|\n|t:|1771176808\n|move|p2a: Espeon|Alluring Voice|p1a: Chesnaught\n|-supereffective|p1a: Chesnaught\n|-damage|p1a: Chesnaught|0 fnt\n|faint|p1a: Chesnaught\n|-damage|p2a: Espeon|162/246|[from] item: Life Orb\n|\n|upkeep\n|\n|t:|1771176814\n|switch|p1a: Probopass|Probopass, L91, F|257/257\n|turn|16\n|\n|t:|1771176819\n|move|p2a: Espeon|Shadow Ball|p1a: Probopass\n|-damage|p1a: Probopass|166/257\n|-damage|p2a: Espeon|138/246|[from] item: Life Orb\n|move|p1a: Probopass|Iron Defense|p1a: Probopass\n|-boost|p1a: Probopass|def|2\n|\n|upkeep\n|turn|17\n|\n|t:|1771176830\n|move|p2a: Espeon|Shadow Ball|p1a: Probopass\n|-damage|p1a: Probopass|87/257\n|-damage|p2a: Espeon|114/246|[from] item: Life Orb\n|move|p1a: Probopass|Body Press|p2a: Espeon\n|-resisted|p2a: Espeon\n|-crit|p2a: Espeon\n|-damage|p2a: Espeon|0 fnt\n|faint|p2a: Espeon\n|\n|upkeep\n|\n|t:|1771176841\n|switch|p2a: Sudowoodo|Sudowoodo, L94, M|284/284\n|turn|18\n|\n|t:|1771176850\n|move|p1a: Probopass|Body Press|p2a: Sudowoodo\n|-supereffective|p2a: Sudowoodo\n|-crit|p2a: Sudowoodo\n|-damage|p2a: Sudowoodo|0 fnt\n|faint|p2a: Sudowoodo\n|\n|upkeep\n|\n|t:|1771176852\n|switch|p2a: Metagross|Metagross, L79|228/256 slp\n|turn|19\n|\n|t:|1771176857\n|cant|p2a: Metagross|slp\n|move|p1a: Probopass|Iron Defense|p1a: Probopass\n|-boost|p1a: Probopass|def|2\n|\n|upkeep\n|turn|20\n|\n|t:|1771176863\n|cant|p2a: Metagross|slp\n|move|p1a: Probopass|Iron Defense|p1a: Probopass\n|-boost|p1a: Probopass|def|2\n|\n|upkeep\n|turn|21\n|\n|t:|1771176867\n|cant|p2a: Metagross|slp\n|move|p1a: Probopass|Rest|p1a: Probopass\n|-status|p1a: Probopass|slp|[from] move: Rest\n|-heal|p1a: Probopass|257/257 slp|[silent]\n|-enditem|p1a: Probopass|Chesto Berry|[eat]\n|-curestatus|p1a: Probopass|slp|[msg]\n|\n|upkeep\n|turn|22\n|\n|t:|1771176869\n|-curestatus|p2a: Metagross|slp|[msg]\n|move|p2a: Metagross|Earthquake|p1a: Probopass\n|-supereffective|p1a: Probopass\n|-damage|p1a: Probopass|201/257\n|move|p1a: Probopass|Body Press|p2a: Metagross\n|-damage|p2a: Metagross|0 fnt\n|faint|p2a: Metagross\n|\n|upkeep\n|-message|pablofe08 forfeited.\n|\n|win|vorpaldevil\n|raw|vorpaldevil's rating: 1548 &rarr; <strong>1570</strong><br />(+22 for winning)\n|raw|pablofe08's rating: 1575 &rarr; <strong>1553</strong><br />(-22 for losing)\n|l|☆pablofe08\n|player|p2|\n", "inputlog": ">version 686819e5e19f8a7fd2345cfc5a08a5085efa2cc3\n>start {\"formatid\":\"gen9randombattle\",\"seed\":\"sodium,7edeaf486a63235c0ab9de52ed0e2542\",\"rated\":\"Rated battle\"}\n>player p1 {\"name\":\"vorpaldevil\",\"avatar\":\"workerice\",\"rating\":1548,\"seed\":\"sodium,624c0fae5a953bed1a8387c80958ffbb\"}\n>player p2 {\"name\":\"pablofe08\",\"avatar\":\"ethan\",\"rating\":1575,\"seed\":\"sodium,90baf03b285a217bd9cac090551b4113\"}\n>p1 move knockoff\n>p2 move willowisp\n>p1 move woodhammer\n>p2 move nastyplot\n>p1 move woodhammer\n>p2 move shadowball\n>p2 switch 2\n>p1 switch 2\n>p2 move dragondance\n>p1 move rockpolish\n>p2 switch 3\n>p1 move icepunch\n>p2 move leafblade\n>p1 move icepunch\n>p2 move knockoff\n>p2 switch 4\n>p1 switch 2\n>p2 move headsmash\n>p1 move woodhammer\n>p2 switch 5\n>p1 switch 2\n>p2 move agility\n>p1 move earthquake\n>p2 move psychicfangs\n>p1 switch 6\n>p1 move sleeppowder\n>p2 move heavyslam\n>p1 move strengthsap\n>p2 switch 6\n>p1 move uturn\n>p2 move calmmind\n>p1 switch 2\n>p1 move knockoff\n>p2 move alluringvoice\n>p1 switch 4\n>p1 move irondefense\n>p2 move shadowball\n>p1 move bodypress\n>p2 move shadowball\n>p2 switch 5\n>p1 move bodypress\n>p2 move earthquake\n>p2 switch 6\n>p1 move irondefense\n>p2 move earthquake\n>p1 move irondefense\n>p2 move earthquake\n>p1 move rest\n>p2 move earthquake\n>p1 move bodypress\n>p2 move earthquake\n>forcelose p2", "uploadtime": 1771176883, "views": 23, "formatid": "gen9randombattle", "rating": 1553, "private": 0, "password": null}