{"id": "gen9randombattle-2540256627", "format": "[Gen 9] Random Battle", "players": ["sev04", "frostcrush"], "log": "|j|☆sev04\n|j|☆frostcrush\n|t:|1771181434\n|gametype|singles\n|player|p1|sev04|101|1565\n|player|p2|frostcrush|266|1526\n|gen|9\n|tier|[Gen 9] Random Battle\n|rated|\n|rule|Species Clause: Limit one of each Pokémon\n|rule|HP Percentage Mod: HP is shown in percentages\n|rule|Sleep Clause Mod: Limit one foe put to sleep\n|rule|Illusion Level Mod: Illusion disguises the Pokémon's true level\n|\n|t:|1771181434\n|teamsize|p1|6\n|teamsize|p2|6\n|start\n|switch|p1a: Armarouge|Armarouge, L80, M|267/267\n|switch|p2a: Arboliva|Arboliva, L91, M|290/290\n|turn|1\n|inactive|Battle timer is ON: inactive players will automatically lose when time's up. (requested by sev04)\n|\n|t:|1771181453\n|-terastallize|p2a: Arboliva|Ground\n|move|p1a: Armarouge|Meteor Beam||[still]\n|-prepare|p1a: Armarouge|Meteor Beam\n|-boost|p1a: Armarouge|spa|1\n|-enditem|p1a: Armarouge|Power Herb\n|-anim|p1a: Armarouge|Meteor Beam|p2a: Arboliva\n|-resisted|p2a: Arboliva\n|-damage|p2a: Arboliva|231/290\n|-fieldstart|move: Grassy Terrain|[from] ability: Seed Sower|[of] p2a: Arboliva\n|move|p2a: Arboliva|Earth Power|p1a: Armarouge\n|-supereffective|p1a: Armarouge\n|-damage|p1a: Armarouge|0 fnt\n|faint|p1a: Armarouge\n|\n|-heal|p2a: Arboliva|249/290|[from] Grassy Terrain\n|-heal|p2a: Arboliva|267/290|[from] item: Leftovers\n|upkeep\n|\n|t:|1771181462\n|switch|p1a: Ariados|Ariados, L95, M|287/287\n|turn|2\n|\n|t:|1771181474\n|move|p1a: Ariados|Sticky Web|p2a: Arboliva\n|-sidestart|p2: frostcrush|move: Sticky Web\n|move|p2a: Arboliva|Hyper Voice|p1a: Ariados\n|-damage|p1a: Ariados|152/287\n|\n|-heal|p1a: Ariados|169/287|[from] Grassy Terrain\n|-heal|p2a: Arboliva|285/290|[from] Grassy Terrain\n|-heal|p2a: Arboliva|290/290|[from] item: Leftovers\n|upkeep\n|turn|3\n|\n|t:|1771181481\n|move|p1a: Ariados|Toxic Spikes|p2a: Arboliva\n|-sidestart|p2: frostcrush|move: Toxic Spikes\n|move|p2a: Arboliva|Hyper Voice|p1a: Ariados\n|-damage|p1a: Ariados|27/287\n|\n|-heal|p1a: Ariados|44/287|[from] Grassy Terrain\n|upkeep\n|turn|4\n|\n|t:|1771181493\n|move|p1a: Ariados|Toxic Spikes|p2a: Arboliva\n|-sidestart|p2: frostcrush|move: Toxic Spikes\n|move|p2a: Arboliva|Hyper Voice|p1a: Ariados\n|-damage|p1a: Ariados|0 fnt\n|faint|p1a: Ariados\n|\n|upkeep\n|\n|t:|1771181514\n|switch|p1a: Chien-Pao|Chien-Pao, L72|234/234\n|-ability|p1a: Chien-Pao|Sword of Ruin\n|turn|5\n|\n|t:|1771181534\n|move|p1a: Chien-Pao|Icicle Crash|p2a: Arboliva\n|-supereffective|p2a: Arboliva\n|-damage|p2a: Arboliva|24/290\n|cant|p2a: Arboliva|flinch\n|\n|-heal|p2a: Arboliva|42/290|[from] Grassy Terrain\n|-heal|p2a: Arboliva|60/290|[from] item: Leftovers\n|-fieldend|move: Grassy Terrain\n|upkeep\n|turn|6\n|\n|t:|1771181541\n|move|p1a: Chien-Pao|Icicle Crash|p2a: Arboliva\n|-supereffective|p2a: Arboliva\n|-damage|p2a: Arboliva|0 fnt\n|-fieldstart|move: Grassy Terrain|[from] ability: Seed Sower|[of] p2a: Arboliva\n|faint|p2a: Arboliva\n|\n|upkeep\n|\n|t:|1771181550\n|switch|p2a: Beartic|Beartic, L91, M|321/321\n|turn|7\n|\n|t:|1771181561\n|switch|p1a: Rampardos|Rampardos, L90, F|321/321\n|move|p2a: Beartic|Snowscape|p2a: Beartic\n|-weather|Snowscape\n|\n|-weather|Snowscape|[upkeep]\n|upkeep\n|turn|8\n|\n|t:|1771181577\n|-terastallize|p1a: Rampardos|Psychic\n|move|p2a: Beartic|Close Combat|p1a: Rampardos\n|-resisted|p1a: Rampardos\n|-damage|p1a: Rampardos|243/321\n|-unboost|p2a: Beartic|def|1\n|-unboost|p2a: Beartic|spd|1\n|move|p1a: Rampardos|Rock Slide|p2a: Beartic\n|-supereffective|p2a: Beartic\n|-damage|p2a: Beartic|0 fnt\n|faint|p2a: Beartic\n|\n|-weather|Snowscape|[upkeep]\n|-heal|p1a: Rampardos|263/321|[from] Grassy Terrain\n|upkeep\n|\n|t:|1771181583\n|switch|p2a: Palossand|Palossand, L89, F|296/296\n|-activate|p2a: Palossand|move: Sticky Web\n|-unboost|p2a: Palossand|spe|1\n|-status|p2a: Palossand|tox\n|turn|9\n|\n|t:|1771181592\n|move|p1a: Rampardos|Zen Headbutt|p2a: Palossand\n|-damage|p2a: Palossand|97/296 tox\n|move|p2a: Palossand|Shadow Ball|p1a: Rampardos\n|-supereffective|p1a: Rampardos\n|-damage|p1a: Rampardos|11/321\n|-unboost|p1a: Rampardos|spd|1\n|\n|-weather|Snowscape|[upkeep]\n|-heal|p1a: Rampardos|31/321|[from] Grassy Terrain\n|-heal|p2a: Palossand|115/296 tox|[from] Grassy Terrain\n|-heal|p2a: Palossand|133/296 tox|[from] item: Leftovers\n|-damage|p2a: Palossand|115/296 tox|[from] psn\n|upkeep\n|turn|10\n|\n|t:|1771181600\n|move|p1a: Rampardos|Zen Headbutt|p2a: Palossand\n|-damage|p2a: Palossand|0 fnt\n|faint|p2a: Palossand\n|\n|-weather|Snowscape|[upkeep]\n|-heal|p1a: Rampardos|51/321|[from] Grassy Terrain\n|-fieldend|move: Grassy Terrain\n|upkeep\n|\n|t:|1771181612\n|switch|p2a: Iron Valiant|Iron Valiant, L78|244/244\n|-activate|p2a: Iron Valiant|move: Sticky Web\n|-unboost|p2a: Iron Valiant|spe|1\n|-status|p2a: Iron Valiant|tox\n|turn|11\n|\n|t:|1771181620\n|move|p1a: Rampardos|Zen Headbutt|p2a: Iron Valiant\n|-supereffective|p2a: Iron Valiant\n|-damage|p2a: Iron Valiant|0 fnt\n|faint|p2a: Iron Valiant\n|-end|p2a: Iron Valiant|Quark Drive|[silent]\n|\n|-weather|none\n|upkeep\n|\n|t:|1771181623\n|switch|p2a: Delphox|Delphox, L84, F|263/263\n|turn|12\n|\n|t:|1771181635\n|move|p2a: Delphox|Psyshock|p1a: Rampardos\n|-resisted|p1a: Rampardos\n|-crit|p1a: Rampardos\n|-damage|p1a: Rampardos|0 fnt\n|faint|p1a: Rampardos\n|\n|upkeep\n|\n|t:|1771181640\n|switch|p1a: Chien-Pao|Chien-Pao, L72|234/234\n|-ability|p1a: Chien-Pao|Sword of Ruin\n|turn|13\n|c|☆sev04|Ggwp\n|\n|t:|1771181655\n|move|p1a: Chien-Pao|Throat Chop|p2a: Delphox\n|-supereffective|p2a: Delphox\n|-damage|p2a: Delphox|0 fnt\n|faint|p2a: Delphox\n|\n|upkeep\n|\n|t:|1771181658\n|switch|p2a: Zamazenta|Zamazenta-Crowned, L68|238/238\n|-activate|p2a: Zamazenta|move: Sticky Web\n|-unboost|p2a: Zamazenta|spe|1\n|-ability|p2a: Zamazenta|Dauntless Shield|boost\n|-boost|p2a: Zamazenta|def|1\n|turn|14\n|\n|t:|1771181675\n|switch|p1a: Alomomola|Alomomola, L87, M|429/429\n|move|p2a: Zamazenta|Iron Defense|p2a: Zamazenta\n|-boost|p2a: Zamazenta|def|2\n|\n|upkeep\n|turn|15\n|\n|t:|1771181682\n|move|p1a: Alomomola|Scald|p2a: Zamazenta\n|-damage|p2a: Zamazenta|196/238\n|-status|p2a: Zamazenta|brn\n|move|p2a: Zamazenta|Body Press|p1a: Alomomola\n|-damage|p1a: Alomomola|324/429\n|\n|-heal|p1a: Alomomola|350/429|[from] item: Leftovers\n|-damage|p2a: Zamazenta|182/238 brn|[from] brn\n|upkeep\n|turn|16\n|-message|frostcrush forfeited.\n|\n|win|sev04\n|raw|sev04's rating: 1565 &rarr; <strong>1583</strong><br />(+18 for winning)\n|raw|frostcrush's rating: 1526 &rarr; <strong>1508</strong><br />(-18 for losing)\n|l|☆frostcrush\n|player|p2|\n", "inputlog": ">version 686819e5e19f8a7fd2345cfc5a08a5085efa2cc3\n>start {\"formatid\":\"gen9randombattle\",\"seed\":\"sodium,31345b3b065290d450633929f9d6fa20\",\"rated\":\"Rated battle\"}\n>player p1 {\"name\":\"sev04\",\"avatar\":\"101\",\"rating\":1565,\"seed\":\"sodium,5080e5f8be23d38f9c79a637a1f8e4e5\"}\n>player p2 {\"name\":\"frostcrush\",\"avatar\":\"266\",\"rating\":1526,\"seed\":\"sodium,a569e3e800c091cd67be39976485bee5\"}\n>p1 move meteorbeam\n>p2 move earthpower terastallize\n>p1 switch 2\n>p1 move stickyweb\n>p2 move hypervoice\n>p1 move toxicspikes\n>p2 move hypervoice\n>p1 move toxicspikes\n>p2 move hypervoice\n>p1 switch 5\n>p1 move iciclecrash\n>p2 move strengthsap\n>p1 move iciclecrash\n>p2 move strengthsap\n>p2 switch 2\n>p1 switch 3\n>p2 move snowscape\n>p1 move rockslide terastallize\n>p2 move closecombat\n>p2 switch 3\n>p1 move zenheadbutt\n>p2 move shadowball\n>p1 move zenheadbutt\n>p2 move stealthrock\n>p2 switch 5\n>p1 move zenheadbutt\n>p2 move moonblast\n>p2 switch 6\n>p1 move rockslide\n>p2 move psyshock\n>p1 switch 3\n>chat ☆sev04|Ggwp\n>p1 move throatchop\n>p2 move fireblast\n>p2 switch 4\n>p1 switch 6\n>p2 move irondefense\n>p1 move scald\n>p2 move bodypress\n>forcelose p2", "uploadtime": 1771181701, "views": 8, "formatid": "gen9randombattle", "rating": 1508, "private": 0, "password": null}