{"id": "gen9randombattle-2540683375", "format": "[Gen 9] Random Battle", "players": ["Nauhon", "M4teo010101"], "log": "|j|☆Nauhon\n|j|☆M4teo010101\n|t:|1771239686\n|gametype|singles\n|player|p1|Nauhon|rood|1866\n|player|p2|M4teo010101|sycamore-masters|1818\n|gen|9\n|tier|[Gen 9] Random Battle\n|rated|\n|rule|Species Clause: Limit one of each Pokémon\n|rule|HP Percentage Mod: HP is shown in percentages\n|rule|Sleep Clause Mod: Limit one foe put to sleep\n|rule|Illusion Level Mod: Illusion disguises the Pokémon's true level\n|\n|t:|1771239686\n|teamsize|p1|6\n|teamsize|p2|6\n|start\n|switch|p1a: Dudunsparce|Dudunsparce, L83, M|343/343\n|switch|p2a: Jirachi|Jirachi, L80|291/291\n|turn|1\n|c|☆M4teo010101|hf\n|inactive|Battle timer is ON: inactive players will automatically lose when time's up. (requested by M4teo010101)\n|inactive|Nauhon has 120 seconds left.\n|inactive|Nauhon has 90 seconds left.\n|\n|t:|1771239771\n|switch|p2a: Golurk|Golurk, L87|297/297\n|move|p1a: Dudunsparce|Shadow Ball|p2a: Golurk\n|-supereffective|p2a: Golurk\n|-damage|p2a: Golurk|187/297\n|\n|upkeep\n|turn|2\n|\n|t:|1771239775\n|switch|p1a: Weezing|Weezing, L88, M|258/258\n|move|p2a: Golurk|Dynamic Punch|p1a: Weezing\n|-resisted|p1a: Weezing\n|-damage|p1a: Weezing|214/258\n|-start|p1a: Weezing|confusion\n|-damage|p2a: Golurk|158/297|[from] item: Life Orb\n|\n|-heal|p1a: Weezing|230/258|[from] item: Leftovers\n|upkeep\n|turn|3\n|\n|t:|1771239781\n|-activate|p1a: Weezing|confusion\n|move|p1a: Weezing|Toxic Spikes|p2a: Golurk\n|-sidestart|p2: M4teo010101|move: Toxic Spikes\n|move|p2a: Golurk|Stealth Rock|p1a: Weezing\n|-sidestart|p1: Nauhon|move: Stealth Rock\n|\n|-heal|p1a: Weezing|246/258|[from] item: Leftovers\n|upkeep\n|turn|4\n|\n|t:|1771239785\n|-activate|p1a: Weezing|confusion\n|-damage|p1a: Weezing|223/258|[from] confusion\n|move|p2a: Golurk|Poltergeist|p1a: Weezing\n|-activate|p1a: Weezing|move: Poltergeist|Leftovers\n|-damage|p1a: Weezing|74/258\n|-damage|p2a: Golurk|129/297|[from] item: Life Orb\n|\n|-heal|p1a: Weezing|90/258|[from] item: Leftovers\n|upkeep\n|turn|5\n|\n|t:|1771239792\n|-activate|p1a: Weezing|confusion\n|-damage|p1a: Weezing|66/258|[from] confusion\n|move|p2a: Golurk|Poltergeist|p1a: Weezing\n|-activate|p1a: Weezing|move: Poltergeist|Leftovers\n|-damage|p1a: Weezing|0 fnt\n|faint|p1a: Weezing\n|-damage|p2a: Golurk|100/297|[from] item: Life Orb\n|\n|upkeep\n|\n|t:|1771239799\n|switch|p1a: Victreebel|Victreebel, L90, F|290/290\n|-damage|p1a: Victreebel|254/290|[from] Stealth Rock\n|turn|6\n|\n|t:|1771239803\n|switch|p2a: Orthworm|Orthworm, L88, M|266/266\n|move|p1a: Victreebel|Power Whip|p2a: Orthworm|[miss]\n|-miss|p1a: Victreebel|p2a: Orthworm\n|\n|upkeep\n|turn|7\n|\n|t:|1771239807\n|move|p1a: Victreebel|Sunny Day|p1a: Victreebel\n|-weather|SunnyDay\n|move|p2a: Orthworm|Heavy Slam|p1a: Victreebel\n|-damage|p1a: Victreebel|116/290\n|\n|-weather|SunnyDay|[upkeep]\n|upkeep\n|turn|8\n|\n|t:|1771239809\n|switch|p2a: Pelipper|Pelipper, L86, F|243/243\n|-weather|RainDance|[from] ability: Drizzle|[of] p2a: Pelipper\n|move|p1a: Victreebel|Weather Ball|p2a: Pelipper\n|-resisted|p2a: Pelipper\n|-damage|p2a: Pelipper|144/243\n|-damage|p1a: Victreebel|87/290|[from] item: Life Orb\n|\n|-weather|RainDance|[upkeep]\n|upkeep\n|turn|9\n|\n|t:|1771239814\n|switch|p1a: Vaporeon|Vaporeon, L86, F|364/364\n|-damage|p1a: Vaporeon|319/364|[from] Stealth Rock\n|switch|p2a: Jirachi|Jirachi, L80|291/291\n|\n|-weather|RainDance|[upkeep]\n|-heal|p1a: Vaporeon|341/364|[from] item: Leftovers\n|upkeep\n|turn|10\n|\n|t:|1771239819\n|move|p2a: Jirachi|Iron Head|p1a: Vaporeon\n|-resisted|p1a: Vaporeon\n|-damage|p1a: Vaporeon|286/364\n|cant|p1a: Vaporeon|flinch\n|\n|-weather|RainDance|[upkeep]\n|-heal|p1a: Vaporeon|308/364|[from] item: Leftovers\n|upkeep\n|turn|11\n|\n|t:|1771239821\n|move|p2a: Jirachi|Iron Head|p1a: Vaporeon\n|-resisted|p1a: Vaporeon\n|-damage|p1a: Vaporeon|254/364\n|cant|p1a: Vaporeon|flinch\n|\n|-weather|RainDance|[upkeep]\n|-heal|p1a: Vaporeon|276/364|[from] item: Leftovers\n|upkeep\n|turn|12\n|\n|t:|1771239822\n|move|p2a: Jirachi|Iron Head|p1a: Vaporeon\n|-resisted|p1a: Vaporeon\n|-damage|p1a: Vaporeon|228/364\n|move|p1a: Vaporeon|Scald|p2a: Jirachi\n|-damage|p2a: Jirachi|158/291\n|\n|-weather|none\n|-heal|p2a: Jirachi|176/291|[from] item: Leftovers\n|-heal|p1a: Vaporeon|250/364|[from] item: Leftovers\n|upkeep\n|turn|13\n|\n|t:|1771239825\n|move|p2a: Jirachi|Wish|p2a: Jirachi\n|move|p1a: Vaporeon|Wish|p1a: Vaporeon\n|\n|-heal|p2a: Jirachi|194/291|[from] item: Leftovers\n|-heal|p1a: Vaporeon|272/364|[from] item: Leftovers\n|upkeep\n|turn|14\n|\n|t:|1771239826\n|move|p2a: Jirachi|Iron Head|p1a: Vaporeon\n|-resisted|p1a: Vaporeon\n|-damage|p1a: Vaporeon|221/364\n|move|p1a: Vaporeon|Scald|p2a: Jirachi\n|-damage|p2a: Jirachi|106/291\n|\n|-heal|p2a: Jirachi|251/291|[from] move: Wish|[wisher] Jirachi\n|-heal|p1a: Vaporeon|364/364|[from] move: Wish|[wisher] Vaporeon\n|-heal|p2a: Jirachi|269/291|[from] item: Leftovers\n|upkeep\n|turn|15\n|\n|t:|1771239828\n|move|p2a: Jirachi|Iron Head|p1a: Vaporeon\n|-resisted|p1a: Vaporeon\n|-damage|p1a: Vaporeon|317/364\n|move|p1a: Vaporeon|Scald|p2a: Jirachi\n|-damage|p2a: Jirachi|175/291\n|\n|-heal|p2a: Jirachi|193/291|[from] item: Leftovers\n|-heal|p1a: Vaporeon|339/364|[from] item: Leftovers\n|upkeep\n|turn|16\n|\n|t:|1771239830\n|move|p2a: Jirachi|Wish|p2a: Jirachi\n|move|p1a: Vaporeon|Scald|p2a: Jirachi\n|-damage|p2a: Jirachi|96/291\n|-status|p2a: Jirachi|brn\n|\n|-heal|p2a: Jirachi|114/291 brn|[from] item: Leftovers\n|-heal|p1a: Vaporeon|361/364|[from] item: Leftovers\n|-damage|p2a: Jirachi|96/291 brn|[from] brn\n|upkeep\n|turn|17\n|\n|t:|1771239832\n|move|p2a: Jirachi|Protect|p2a: Jirachi\n|-singleturn|p2a: Jirachi|Protect\n|move|p1a: Vaporeon|Scald|p2a: Jirachi\n|-activate|p2a: Jirachi|move: Protect\n|\n|-heal|p2a: Jirachi|241/291 brn|[from] move: Wish|[wisher] Jirachi\n|-heal|p2a: Jirachi|259/291 brn|[from] item: Leftovers\n|-heal|p1a: Vaporeon|364/364|[from] item: Leftovers\n|-damage|p2a: Jirachi|241/291 brn|[from] brn\n|upkeep\n|turn|18\n|\n|t:|1771239834\n|move|p2a: Jirachi|Wish|p2a: Jirachi\n|move|p1a: Vaporeon|Calm Mind|p1a: Vaporeon\n|-boost|p1a: Vaporeon|spa|1\n|-boost|p1a: Vaporeon|spd|1\n|\n|-heal|p2a: Jirachi|259/291 brn|[from] item: Leftovers\n|-damage|p2a: Jirachi|241/291 brn|[from] brn\n|upkeep\n|turn|19\n|\n|t:|1771239835\n|move|p2a: Jirachi|Iron Head|p1a: Vaporeon\n|-resisted|p1a: Vaporeon\n|-damage|p1a: Vaporeon|337/364\n|cant|p1a: Vaporeon|flinch\n|\n|-heal|p2a: Jirachi|291/291 brn|[from] move: Wish|[wisher] Jirachi\n|-heal|p1a: Vaporeon|359/364|[from] item: Leftovers\n|-damage|p2a: Jirachi|273/291 brn|[from] brn\n|upkeep\n|turn|20\n|\n|t:|1771239839\n|move|p2a: Jirachi|Iron Head|p1a: Vaporeon\n|-resisted|p1a: Vaporeon\n|-damage|p1a: Vaporeon|334/364\n|cant|p1a: Vaporeon|flinch\n|\n|-heal|p2a: Jirachi|291/291 brn|[from] item: Leftovers\n|-heal|p1a: Vaporeon|356/364|[from] item: Leftovers\n|-damage|p2a: Jirachi|273/291 brn|[from] brn\n|upkeep\n|turn|21\n|\n|t:|1771239842\n|move|p2a: Jirachi|Iron Head|p1a: Vaporeon\n|-resisted|p1a: Vaporeon\n|-damage|p1a: Vaporeon|331/364\n|move|p1a: Vaporeon|Calm Mind|p1a: Vaporeon\n|-boost|p1a: Vaporeon|spa|1\n|-boost|p1a: Vaporeon|spd|1\n|\n|-heal|p2a: Jirachi|291/291 brn|[from] item: Leftovers\n|-heal|p1a: Vaporeon|353/364|[from] item: Leftovers\n|-damage|p2a: Jirachi|273/291 brn|[from] brn\n|upkeep\n|turn|22\n|\n|t:|1771239844\n|move|p2a: Jirachi|Protect|p2a: Jirachi\n|-singleturn|p2a: Jirachi|Protect\n|move|p1a: Vaporeon|Scald|p2a: Jirachi\n|-activate|p2a: Jirachi|move: Protect\n|\n|-heal|p2a: Jirachi|291/291 brn|[from] item: Leftovers\n|-heal|p1a: Vaporeon|364/364|[from] item: Leftovers\n|-damage|p2a: Jirachi|273/291 brn|[from] brn\n|upkeep\n|turn|23\n|\n|t:|1771239847\n|move|p2a: Jirachi|Iron Head|p1a: Vaporeon\n|-resisted|p1a: Vaporeon\n|-crit|p1a: Vaporeon\n|-damage|p1a: Vaporeon|326/364\n|cant|p1a: Vaporeon|flinch\n|\n|-heal|p2a: Jirachi|291/291 brn|[from] item: Leftovers\n|-heal|p1a: Vaporeon|348/364|[from] item: Leftovers\n|-damage|p2a: Jirachi|273/291 brn|[from] brn\n|upkeep\n|turn|24\n|\n|t:|1771239850\n|move|p2a: Jirachi|Protect|p2a: Jirachi\n|-singleturn|p2a: Jirachi|Protect\n|move|p1a: Vaporeon|Scald|p2a: Jirachi\n|-activate|p2a: Jirachi|move: Protect\n|\n|-heal|p2a: Jirachi|291/291 brn|[from] item: Leftovers\n|-heal|p1a: Vaporeon|364/364|[from] item: Leftovers\n|-damage|p2a: Jirachi|273/291 brn|[from] brn\n|upkeep\n|turn|25\n|\n|t:|1771239853\n|move|p2a: Jirachi|Iron Head|p1a: Vaporeon\n|-resisted|p1a: Vaporeon\n|-damage|p1a: Vaporeon|339/364\n|cant|p1a: Vaporeon|flinch\n|\n|-heal|p2a: Jirachi|291/291 brn|[from] item: Leftovers\n|-heal|p1a: Vaporeon|361/364|[from] item: Leftovers\n|-damage|p2a: Jirachi|273/291 brn|[from] brn\n|upkeep\n|turn|26\n|\n|t:|1771239856\n|move|p2a: Jirachi|Protect|p2a: Jirachi\n|-singleturn|p2a: Jirachi|Protect\n|move|p1a: Vaporeon|Calm Mind|p1a: Vaporeon\n|-boost|p1a: Vaporeon|spa|1\n|-boost|p1a: Vaporeon|spd|1\n|\n|-heal|p2a: Jirachi|291/291 brn|[from] item: Leftovers\n|-heal|p1a: Vaporeon|364/364|[from] item: Leftovers\n|-damage|p2a: Jirachi|273/291 brn|[from] brn\n|upkeep\n|turn|27\n|\n|t:|1771239858\n|move|p2a: Jirachi|Iron Head|p1a: Vaporeon\n|-resisted|p1a: Vaporeon\n|-damage|p1a: Vaporeon|338/364\n|cant|p1a: Vaporeon|flinch\n|\n|-heal|p2a: Jirachi|291/291 brn|[from] item: Leftovers\n|-heal|p1a: Vaporeon|360/364|[from] item: Leftovers\n|-damage|p2a: Jirachi|273/291 brn|[from] brn\n|upkeep\n|turn|28\n|\n|t:|1771239859\n|move|p2a: Jirachi|Iron Head|p1a: Vaporeon\n|-resisted|p1a: Vaporeon\n|-damage|p1a: Vaporeon|332/364\n|cant|p1a: Vaporeon|flinch\n|\n|-heal|p2a: Jirachi|291/291 brn|[from] item: Leftovers\n|-heal|p1a: Vaporeon|354/364|[from] item: Leftovers\n|-damage|p2a: Jirachi|273/291 brn|[from] brn\n|upkeep\n|turn|29\n|\n|t:|1771239860\n|move|p2a: Jirachi|Protect|p2a: Jirachi\n|-singleturn|p2a: Jirachi|Protect\n|move|p1a: Vaporeon|Calm Mind|p1a: Vaporeon\n|-boost|p1a: Vaporeon|spa|1\n|-boost|p1a: Vaporeon|spd|1\n|\n|-heal|p2a: Jirachi|291/291 brn|[from] item: Leftovers\n|-heal|p1a: Vaporeon|364/364|[from] item: Leftovers\n|-damage|p2a: Jirachi|273/291 brn|[from] brn\n|upkeep\n|turn|30\n|\n|t:|1771239863\n|move|p2a: Jirachi|Iron Head|p1a: Vaporeon\n|-resisted|p1a: Vaporeon\n|-damage|p1a: Vaporeon|339/364\n|move|p1a: Vaporeon|Calm Mind|p1a: Vaporeon\n|-boost|p1a: Vaporeon|spa|1\n|-boost|p1a: Vaporeon|spd|1\n|\n|-heal|p2a: Jirachi|291/291 brn|[from] item: Leftovers\n|-heal|p1a: Vaporeon|361/364|[from] item: Leftovers\n|-damage|p2a: Jirachi|273/291 brn|[from] brn\n|upkeep\n|turn|31\n|\n|t:|1771239864\n|move|p2a: Jirachi|Iron Head|p1a: Vaporeon\n|-resisted|p1a: Vaporeon\n|-damage|p1a: Vaporeon|337/364\n|cant|p1a: Vaporeon|flinch\n|\n|-heal|p2a: Jirachi|291/291 brn|[from] item: Leftovers\n|-heal|p1a: Vaporeon|359/364|[from] item: Leftovers\n|-damage|p2a: Jirachi|273/291 brn|[from] brn\n|upkeep\n|turn|32\n|\n|t:|1771239866\n|move|p2a: Jirachi|Iron Head|p1a: Vaporeon\n|-resisted|p1a: Vaporeon\n|-damage|p1a: Vaporeon|331/364\n|cant|p1a: Vaporeon|flinch\n|\n|-heal|p2a: Jirachi|291/291 brn|[from] item: Leftovers\n|-heal|p1a: Vaporeon|353/364|[from] item: Leftovers\n|-damage|p2a: Jirachi|273/291 brn|[from] brn\n|upkeep\n|turn|33\n|\n|t:|1771239867\n|move|p2a: Jirachi|Protect|p2a: Jirachi\n|-singleturn|p2a: Jirachi|Protect\n|move|p1a: Vaporeon|Scald|p2a: Jirachi\n|-activate|p2a: Jirachi|move: Protect\n|\n|-heal|p2a: Jirachi|291/291 brn|[from] item: Leftovers\n|-heal|p1a: Vaporeon|364/364|[from] item: Leftovers\n|-damage|p2a: Jirachi|273/291 brn|[from] brn\n|upkeep\n|turn|34\n|\n|t:|1771239875\n|move|p2a: Jirachi|Iron Head|p1a: Vaporeon\n|-resisted|p1a: Vaporeon\n|-damage|p1a: Vaporeon|339/364\n|move|p1a: Vaporeon|Scald|p2a: Jirachi\n|-damage|p2a: Jirachi|0 fnt\n|faint|p2a: Jirachi\n|\n|-heal|p1a: Vaporeon|361/364|[from] item: Leftovers\n|upkeep\n|\n|t:|1771239876\n|switch|p2a: Golurk|Golurk, L87|100/297\n|-status|p2a: Golurk|psn\n|turn|35\n|\n|t:|1771239878\n|move|p1a: Vaporeon|Scald|p2a: Golurk\n|-supereffective|p2a: Golurk\n|-damage|p2a: Golurk|0 fnt\n|faint|p2a: Golurk\n|\n|-heal|p1a: Vaporeon|364/364|[from] item: Leftovers\n|upkeep\n|\n|t:|1771239879\n|switch|p2a: Orthworm|Orthworm, L88, M|266/266\n|turn|36\n|\n|t:|1771239881\n|move|p2a: Orthworm|Shed Tail|p2a: Orthworm\n|-start|p2a: Orthworm|Substitute|[from] move: Shed Tail\n|-damage|p2a: Orthworm|133/266\n|\n|t:|1771239882\n|switch|p2a: Pelipper|Pelipper, L86, F|144/243|[from] Shed Tail\n|-weather|RainDance|[from] ability: Drizzle|[of] p2a: Pelipper\n|move|p1a: Vaporeon|Scald|p2a: Pelipper\n|-resisted|p2a: Pelipper\n|-end|p2a: Pelipper|Substitute\n|\n|-weather|RainDance|[upkeep]\n|upkeep\n|turn|37\n|\n|t:|1771239886\n|move|p2a: Pelipper|Hurricane|p1a: Vaporeon\n|-damage|p1a: Vaporeon|331/364\n|move|p1a: Vaporeon|Scald|p2a: Pelipper\n|-resisted|p2a: Pelipper\n|-damage|p2a: Pelipper|0 fnt\n|faint|p2a: Pelipper\n|\n|-weather|RainDance|[upkeep]\n|-heal|p1a: Vaporeon|353/364|[from] item: Leftovers\n|upkeep\n|\n|t:|1771239886\n|switch|p2a: Sandslash|Sandslash, L89, F|278/278\n|-status|p2a: Sandslash|psn\n|turn|38\n|\n|t:|1771239891\n|move|p2a: Sandslash|Rapid Spin|p1a: Vaporeon\n|-damage|p1a: Vaporeon|298/364\n|-boost|p2a: Sandslash|spe|1\n|-sideend|p2: M4teo010101|Toxic Spikes|[from] move: Rapid Spin|[of] p2a: Sandslash\n|move|p1a: Vaporeon|Scald|p2a: Sandslash\n|-supereffective|p2a: Sandslash\n|-damage|p2a: Sandslash|0 fnt\n|faint|p2a: Sandslash\n|\n|-weather|RainDance|[upkeep]\n|-heal|p1a: Vaporeon|320/364|[from] item: Leftovers\n|upkeep\n|\n|t:|1771239892\n|switch|p2a: Glalie|Glalie, L96, F|309/309\n|turn|39\n|\n|t:|1771239894\n|move|p1a: Vaporeon|Protect|p1a: Vaporeon\n|-singleturn|p1a: Vaporeon|Protect\n|move|p2a: Glalie|Earthquake|p1a: Vaporeon\n|-activate|p1a: Vaporeon|move: Protect\n|\n|-weather|RainDance|[upkeep]\n|-heal|p1a: Vaporeon|342/364|[from] item: Leftovers\n|upkeep\n|turn|40\n|\n|t:|1771239895\n|move|p2a: Glalie|Earthquake|p1a: Vaporeon\n|-damage|p1a: Vaporeon|244/364\n|move|p1a: Vaporeon|Scald|p2a: Glalie\n|-damage|p2a: Glalie|0 fnt\n|faint|p2a: Glalie\n|\n|-weather|none\n|-heal|p1a: Vaporeon|266/364|[from] item: Leftovers\n|upkeep\n|\n|t:|1771239896\n|switch|p2a: Orthworm|Orthworm, L88, M|133/266\n|turn|41\n|\n|t:|1771239898\n|move|p2a: Orthworm|Body Press|p1a: Vaporeon\n|-damage|p1a: Vaporeon|149/364\n|move|p1a: Vaporeon|Scald|p2a: Orthworm\n|-damage|p2a: Orthworm|0 fnt\n|faint|p2a: Orthworm\n|\n|win|Nauhon\n|raw|Nauhon's rating: 1866 &rarr; <strong>1883</strong><br />(+17 for winning)\n|raw|M4teo010101's rating: 1818 &rarr; <strong>1801</strong><br />(-17 for losing)\n|c|☆M4teo010101|gg\n", "inputlog": ">version 686819e5e19f8a7fd2345cfc5a08a5085efa2cc3\n>start {\"formatid\":\"gen9randombattle\",\"seed\":\"sodium,dfc975fe093aff06a85c6300969a7d91\",\"rated\":\"Rated battle\"}\n>player p1 {\"name\":\"Nauhon\",\"avatar\":\"rood\",\"rating\":1866,\"seed\":\"sodium,fab8766c9bc60e0a9abcb31fe49d60d9\"}\n>player p2 {\"name\":\"M4teo010101\",\"avatar\":\"sycamore-masters\",\"rating\":1818,\"seed\":\"sodium,55c92877949937a1fb29e3ed21d600bb\"}\n>chat ☆M4teo010101|hf\n>p1 move shadowball\n>p2 switch 3\n>p1 switch 3\n>p2 move dynamicpunch\n>p1 move toxicspikes\n>p2 move stealthrock\n>p1 move toxicspikes\n>p2 move poltergeist\n>p1 move toxicspikes\n>p2 move poltergeist\n>p1 switch 4\n>p1 move powerwhip\n>p2 switch 2\n>p1 move sunnyday\n>p2 move heavyslam\n>p1 move weatherball\n>p2 switch 5\n>p1 switch 6\n>p2 switch 3\n>p1 move scald\n>p2 move ironhead\n>p1 move scald\n>p2 move ironhead\n>p1 move scald\n>p2 move ironhead\n>p1 move wish\n>p2 move wish\n>p1 move scald\n>p2 move ironhead\n>p1 move scald\n>p2 move ironhead\n>p1 move scald\n>p2 move wish\n>p1 move scald\n>p2 move protect\n>p1 move calmmind\n>p2 move wish\n>p1 move scald\n>p2 move ironhead\n>p1 move scald\n>p2 move ironhead\n>p1 move calmmind\n>p2 move ironhead\n>p1 move scald\n>p2 move protect\n>p1 move scald\n>p2 move ironhead\n>p1 move scald\n>p2 move protect\n>p1 move scald\n>p2 move ironhead\n>p1 move calmmind\n>p2 move protect\n>p1 move calmmind\n>p2 move ironhead\n>p1 move calmmind\n>p2 move ironhead\n>p1 move calmmind\n>p2 move protect\n>p1 move calmmind\n>p2 move ironhead\n>p1 move scald\n>p2 move ironhead\n>p1 move scald\n>p2 move ironhead\n>p1 move scald\n>p2 move protect\n>p1 move scald\n>p2 move ironhead\n>p2 switch 2\n>p1 move scald\n>p2 move poltergeist\n>p2 switch 5\n>p1 move scald\n>p2 move shedtail\n>p2 switch 3\n>p1 move scald\n>p2 move hurricane\n>p2 switch 4\n>p1 move scald\n>p2 move rapidspin\n>p2 switch 6\n>p1 move protect\n>p2 move earthquake\n>p1 move scald\n>p2 move earthquake\n>p2 switch 3\n>p1 move scald\n>p2 move bodypress", "uploadtime": 1771239899, "views": 10, "formatid": "gen9randombattle", "rating": 1801, "private": 0, "password": null}