{"id": "gen9randombattle-2540399732", "format": "[Gen 9] Random Battle", "players": ["Micael Lopes", "xxjulian"], "log": "|j|☆Micael Lopes\n|j|☆xxjulian\n|t:|1771197338\n|gametype|singles\n|player|p1|Micael Lopes|benga|1848\n|player|p2|xxjulian|266|1809\n|gen|9\n|tier|[Gen 9] Random Battle\n|rated|\n|rule|Species Clause: Limit one of each Pokémon\n|rule|HP Percentage Mod: HP is shown in percentages\n|rule|Sleep Clause Mod: Limit one foe put to sleep\n|rule|Illusion Level Mod: Illusion disguises the Pokémon's true level\n|\n|t:|1771197338\n|teamsize|p1|6\n|teamsize|p2|6\n|start\n|switch|p1a: Dusknoir|Dusknoir, L89, F|225/225\n|switch|p2a: Empoleon|Empoleon, L84, M|278/278\n|-item|p2a: Empoleon|Leftovers|[from] ability: Frisk|[of] p1a: Dusknoir\n|turn|1\n|inactive|Battle timer is ON: inactive players will automatically lose when time's up. (requested by Micael Lopes)\n|\n|t:|1771197357\n|move|p2a: Empoleon|Knock Off|p1a: Dusknoir\n|-supereffective|p1a: Dusknoir\n|-damage|p1a: Dusknoir|145/225\n|-enditem|p1a: Dusknoir|Choice Band|[from] move: Knock Off|[of] p2a: Empoleon\n|move|p1a: Dusknoir|Earthquake|p2a: Empoleon\n|-supereffective|p2a: Empoleon\n|-damage|p2a: Empoleon|124/278\n|\n|-heal|p2a: Empoleon|141/278|[from] item: Leftovers\n|upkeep\n|turn|2\n|\n|t:|1771197363\n|switch|p2a: Amoonguss|Amoonguss, L82, M|321/321\n|move|p1a: Dusknoir|Poltergeist|p2a: Amoonguss\n|-activate|p2a: Amoonguss|move: Poltergeist|Leftovers\n|-damage|p2a: Amoonguss|159/321\n|\n|-heal|p2a: Amoonguss|179/321|[from] item: Leftovers\n|upkeep\n|turn|3\n|\n|t:|1771197380\n|move|p1a: Dusknoir|Poltergeist|p2a: Amoonguss|[miss]\n|-miss|p1a: Dusknoir|p2a: Amoonguss\n|move|p2a: Amoonguss|Spore|p1a: Dusknoir\n|-status|p1a: Dusknoir|slp|[from] move: Spore\n|\n|-heal|p2a: Amoonguss|199/321|[from] item: Leftovers\n|upkeep\n|turn|4\n|\n|t:|1771197388\n|switch|p1a: Meowscarada|Meowscarada, L78, F|247/247\n|move|p2a: Amoonguss|Giga Drain|p1a: Meowscarada\n|-resisted|p1a: Meowscarada\n|-damage|p1a: Meowscarada|202/247\n|-heal|p2a: Amoonguss|222/321|[from] drain|[of] p1a: Meowscarada\n|\n|-heal|p2a: Amoonguss|242/321|[from] item: Leftovers\n|upkeep\n|turn|5\n|\n|t:|1771197396\n|-terastallize|p2a: Amoonguss|Steel\n|move|p1a: Meowscarada|Toxic Spikes|p2a: Amoonguss\n|-start|p1a: Meowscarada|typechange|Poison|[from] ability: Protean\n|-sidestart|p2: xxjulian|move: Toxic Spikes\n|move|p2a: Amoonguss|Sludge Bomb|p1a: Meowscarada\n|-resisted|p1a: Meowscarada\n|-damage|p1a: Meowscarada|153/247\n|\n|-heal|p2a: Amoonguss|262/321|[from] item: Leftovers\n|upkeep\n|turn|6\n|\n|t:|1771197406\n|move|p1a: Meowscarada|Toxic Spikes|p2a: Amoonguss\n|-sidestart|p2: xxjulian|move: Toxic Spikes\n|move|p2a: Amoonguss|Sludge Bomb|p1a: Meowscarada\n|-resisted|p1a: Meowscarada\n|-damage|p1a: Meowscarada|104/247\n|\n|-heal|p2a: Amoonguss|282/321|[from] item: Leftovers\n|upkeep\n|turn|7\n|\n|t:|1771197411\n|move|p1a: Meowscarada|Knock Off|p2a: Amoonguss\n|-damage|p2a: Amoonguss|204/321\n|-enditem|p2a: Amoonguss|Leftovers|[from] move: Knock Off|[of] p1a: Meowscarada\n|move|p2a: Amoonguss|Giga Drain|p1a: Meowscarada\n|-resisted|p1a: Meowscarada\n|-damage|p1a: Meowscarada|59/247\n|-heal|p2a: Amoonguss|227/321|[from] drain|[of] p1a: Meowscarada\n|\n|upkeep\n|turn|8\n|\n|t:|1771197414\n|move|p1a: Meowscarada|U-turn|p2a: Amoonguss\n|-resisted|p2a: Amoonguss\n|-damage|p2a: Amoonguss|197/321\n|\n|t:|1771197417\n|switch|p1a: Masquerain|Masquerain, L87, M|264/264|[from] U-turn\n|-ability|p1a: Masquerain|Intimidate|boost\n|-unboost|p2a: Amoonguss|atk|1\n|move|p2a: Amoonguss|Giga Drain|p1a: Masquerain\n|-resisted|p1a: Masquerain\n|-damage|p1a: Masquerain|248/264\n|-heal|p2a: Amoonguss|205/321|[from] drain|[of] p1a: Masquerain\n|\n|upkeep\n|turn|9\n|\n|t:|1771197446\n|switch|p1a: Bellibolt|Bellibolt, L84, F|320/320\n|switch|p2a: Kilowattrel|Kilowattrel, L83, F|252/252\n|\n|upkeep\n|turn|10\n|inactive|Micael Lopes has 120 seconds left.\n|\n|t:|1771197479\n|switch|p2a: Amoonguss|Amoonguss, L82, M, tera:Steel|312/321\n|move|p1a: Bellibolt|Muddy Water|p2a: Amoonguss\n|-damage|p2a: Amoonguss|239/321\n|\n|upkeep\n|turn|11\n|\n|t:|1771197492\n|move|p1a: Bellibolt|Thunderbolt|p2a: Amoonguss\n|-damage|p2a: Amoonguss|125/321\n|move|p2a: Amoonguss|Sludge Bomb|p1a: Bellibolt\n|-damage|p1a: Bellibolt|233/320\n|-start|p1a: Bellibolt|Charge|Sludge Bomb|[from] ability: Electromorphosis\n|\n|-heal|p1a: Bellibolt|253/320|[from] item: Leftovers\n|upkeep\n|turn|12\n|\n|t:|1771197503\n|switch|p2a: Kilowattrel|Kilowattrel, L83, F|252/252\n|move|p1a: Bellibolt|Muddy Water|p2a: Kilowattrel\n|-damage|p2a: Kilowattrel|156/252\n|\n|-heal|p1a: Bellibolt|273/320|[from] item: Leftovers\n|upkeep\n|turn|13\n|\n|t:|1771197516\n|move|p2a: Kilowattrel|Thunderbolt|p1a: Bellibolt\n|-resisted|p1a: Bellibolt\n|-damage|p1a: Bellibolt|222/320\n|-start|p1a: Bellibolt|Charge|Thunderbolt|[from] ability: Electromorphosis\n|move|p1a: Bellibolt|Toxic|p2a: Kilowattrel\n|-status|p2a: Kilowattrel|tox\n|\n|-heal|p1a: Bellibolt|242/320|[from] item: Leftovers\n|-damage|p2a: Kilowattrel|141/252 tox|[from] psn\n|upkeep\n|turn|14\n|\n|t:|1771197536\n|move|p2a: Kilowattrel|U-turn|p1a: Bellibolt\n|-damage|p1a: Bellibolt|207/320\n|-start|p1a: Bellibolt|Charge|U-turn|[from] ability: Electromorphosis\n|\n|t:|1771197541\n|switch|p2a: Empoleon|Empoleon, L84, M|141/278|[from] U-turn\n|move|p1a: Bellibolt|Thunderbolt|p2a: Empoleon\n|-supereffective|p2a: Empoleon\n|-damage|p2a: Empoleon|0 fnt\n|faint|p2a: Empoleon\n|-end|p1a: Bellibolt|Charge|[silent]\n|\n|-heal|p1a: Bellibolt|227/320|[from] item: Leftovers\n|upkeep\n|\n|t:|1771197546\n|switch|p2a: Mismagius|Mismagius, L86, M|243/243\n|turn|15\n|\n|t:|1771197550\n|move|p2a: Mismagius|Shadow Ball|p1a: Bellibolt\n|-damage|p1a: Bellibolt|70/320\n|-unboost|p1a: Bellibolt|spd|1\n|-start|p1a: Bellibolt|Charge|Shadow Ball|[from] ability: Electromorphosis\n|move|p1a: Bellibolt|Thunderbolt|p2a: Mismagius\n|-damage|p2a: Mismagius|66/243\n|-end|p1a: Bellibolt|Charge|[silent]\n|\n|-heal|p1a: Bellibolt|90/320|[from] item: Leftovers\n|upkeep\n|turn|16\n|\n|t:|1771197566\n|switch|p1a: Toucannon|Toucannon, L88, M|284/284\n|move|p2a: Mismagius|Shadow Ball|p1a: Toucannon\n|-immune|p1a: Toucannon\n|\n|upkeep\n|turn|17\n|\n|t:|1771197577\n|switch|p2a: Sudowoodo|Sudowoodo, L94, F|284/284\n|-status|p2a: Sudowoodo|tox\n|move|p1a: Toucannon|Knock Off|p2a: Sudowoodo\n|-damage|p2a: Sudowoodo|213/284 tox\n|-enditem|p2a: Sudowoodo|Choice Band|[from] move: Knock Off|[of] p1a: Toucannon\n|\n|-damage|p2a: Sudowoodo|196/284 tox|[from] psn\n|upkeep\n|turn|18\n|\n|t:|1771197588\n|switch|p1a: Dusknoir|Dusknoir, L89, F|145/225 slp\n|move|p2a: Sudowoodo|Head Smash|p1a: Dusknoir\n|-damage|p1a: Dusknoir|0 fnt\n|faint|p1a: Dusknoir\n|\n|-damage|p2a: Sudowoodo|162/284 tox|[from] psn\n|upkeep\n|\n|t:|1771197592\n|switch|p1a: Masquerain|Masquerain, L87, M|248/264\n|-ability|p1a: Masquerain|Intimidate|boost\n|-unboost|p2a: Sudowoodo|atk|1\n|turn|19\n|inactive|xxjulian has 120 seconds left.\n|\n|t:|1771197625\n|switch|p1a: Abomasnow|Abomasnow, L84, M|287/287\n|-weather|Snowscape|[from] ability: Snow Warning|[of] p1a: Abomasnow\n|move|p2a: Sudowoodo|Head Smash|p1a: Abomasnow\n|-supereffective|p1a: Abomasnow\n|-damage|p1a: Abomasnow|71/287\n|\n|-weather|Snowscape|[upkeep]\n|-damage|p2a: Sudowoodo|111/284 tox|[from] psn\n|upkeep\n|turn|20\n|\n|t:|1771197634\n|switch|p2a: Amoonguss|Amoonguss, L82, M, tera:Steel|232/321\n|move|p1a: Abomasnow|Aurora Veil|p1a: Abomasnow\n|-sidestart|p1: Micael Lopes|move: Aurora Veil\n|\n|-weather|Snowscape|[upkeep]\n|upkeep\n|turn|21\n|\n|t:|1771197642\n|switch|p1a: Bellibolt|Bellibolt, L84, F|90/320\n|move|p2a: Amoonguss|Giga Drain|p1a: Bellibolt\n|-damage|p1a: Bellibolt|55/320\n|-heal|p2a: Amoonguss|250/321|[from] drain|[of] p1a: Bellibolt\n|-start|p1a: Bellibolt|Charge|Giga Drain|[from] ability: Electromorphosis\n|\n|-weather|Snowscape|[upkeep]\n|-heal|p1a: Bellibolt|75/320|[from] item: Leftovers\n|upkeep\n|turn|22\n|\n|t:|1771197650\n|move|p1a: Bellibolt|Slack Off|p1a: Bellibolt\n|-heal|p1a: Bellibolt|235/320\n|move|p2a: Amoonguss|Spore|p1a: Bellibolt\n|-status|p1a: Bellibolt|slp|[from] move: Spore\n|\n|-weather|Snowscape|[upkeep]\n|-heal|p1a: Bellibolt|255/320 slp|[from] item: Leftovers\n|upkeep\n|turn|23\n|\n|t:|1771197656\n|switch|p2a: Mismagius|Mismagius, L86, M|66/243\n|cant|p1a: Bellibolt|slp\n|\n|-weather|none\n|-heal|p1a: Bellibolt|275/320 slp|[from] item: Leftovers\n|upkeep\n|turn|24\n|\n|t:|1771197664\n|switch|p1a: Toucannon|Toucannon, L88, M|284/284\n|move|p2a: Mismagius|Trick|p1a: Toucannon\n|-activate|p2a: Mismagius|move: Trick|[of] p1a: Toucannon\n|-item|p1a: Toucannon|Choice Specs|[from] move: Trick\n|-item|p2a: Mismagius|Heavy-Duty Boots|[from] move: Trick\n|\n|upkeep\n|turn|25\n|\n|t:|1771197671\n|switch|p2a: Sudowoodo|Sudowoodo, L94, F|111/284 tox\n|move|p1a: Toucannon|Boomburst|p2a: Sudowoodo\n|-resisted|p2a: Sudowoodo\n|-damage|p2a: Sudowoodo|5/284 tox\n|\n|-damage|p2a: Sudowoodo|0 fnt|[from] psn\n|faint|p2a: Sudowoodo\n|upkeep\n|\n|t:|1771197675\n|switch|p2a: Mismagius|Mismagius, L86, M|66/243\n|turn|26\n|\n|t:|1771197681\n|switch|p1a: Bellibolt|Bellibolt, L84, F|275/320 slp\n|move|p2a: Mismagius|Shadow Ball|p1a: Bellibolt\n|-damage|p1a: Bellibolt|222/320 slp\n|-start|p1a: Bellibolt|Charge|Shadow Ball|[from] ability: Electromorphosis\n|\n|-heal|p1a: Bellibolt|242/320 slp|[from] item: Leftovers\n|upkeep\n|turn|27\n|\n|t:|1771197701\n|move|p2a: Mismagius|Mystical Fire|p1a: Bellibolt\n|-damage|p1a: Bellibolt|212/320 slp\n|-unboost|p1a: Bellibolt|spa|1\n|-start|p1a: Bellibolt|Charge|Mystical Fire|[from] ability: Electromorphosis\n|cant|p1a: Bellibolt|slp\n|-end|p1a: Bellibolt|Charge|[silent]\n|\n|-heal|p1a: Bellibolt|232/320 slp|[from] item: Leftovers\n|-sideend|p1: Micael Lopes|move: Aurora Veil\n|upkeep\n|turn|28\n|\n|t:|1771197710\n|switch|p2a: Goodra|Goodra, L85, M|292/292\n|-status|p2a: Goodra|tox\n|cant|p1a: Bellibolt|slp\n|\n|-heal|p1a: Bellibolt|252/320 slp|[from] item: Leftovers\n|-damage|p2a: Goodra|274/292 tox|[from] psn\n|upkeep\n|turn|29\n|\n|t:|1771197714\n|move|p2a: Goodra|Draco Meteor|p1a: Bellibolt\n|-damage|p1a: Bellibolt|90/320 slp\n|-unboost|p2a: Goodra|spa|2\n|-start|p1a: Bellibolt|Charge|Draco Meteor|[from] ability: Electromorphosis\n|-curestatus|p1a: Bellibolt|slp|[msg]\n|move|p1a: Bellibolt|Slack Off|p1a: Bellibolt\n|-heal|p1a: Bellibolt|250/320\n|\n|-heal|p1a: Bellibolt|270/320|[from] item: Leftovers\n|-damage|p2a: Goodra|238/292 tox|[from] psn\n|upkeep\n|turn|30\n|-message|xxjulian forfeited.\n|\n|win|Micael Lopes\n|raw|Micael Lopes's rating: 1867 &rarr; <strong>1884</strong><br />(+17 for winning)\n|raw|xxjulian's rating: 1809 &rarr; <strong>1792</strong><br />(-17 for losing)\n|l|☆xxjulian\n|player|p2|\n|c|☆Micael Lopes|**__Sexy game.__**\n", "inputlog": ">version 686819e5e19f8a7fd2345cfc5a08a5085efa2cc3\n>start {\"formatid\":\"gen9randombattle\",\"seed\":\"sodium,05f48047ca7cf630e444cd7d11804185\",\"rated\":\"Rated battle\"}\n>player p1 {\"name\":\"Micael Lopes\",\"avatar\":\"benga\",\"rating\":1848,\"seed\":\"sodium,5afa768fd3e690cdf2183240b79a849a\"}\n>player p2 {\"name\":\"xxjulian\",\"avatar\":\"266\",\"rating\":1809,\"seed\":\"sodium,52c2a3b2ba5d7d2a1cb911fe8c92f79f\"}\n>p1 move earthquake\n>p2 move knockoff\n>p1 move poltergeist\n>p2 switch 6\n>p1 move poltergeist\n>p2 move spore\n>p1 switch 3\n>p2 move gigadrain\n>p1 move toxicspikes\n>p2 move sludgebomb terastallize\n>p1 move toxicspikes\n>p2 move sludgebomb\n>p1 move knockoff\n>p2 move gigadrain\n>p1 move uturn\n>p2 move gigadrain\n>p1 switch 4\n>p1 switch 6\n>p2 switch 4\n>p1 move muddywater\n>p2 switch 4\n>p1 move thunderbolt\n>p2 move sludgebomb\n>p1 move muddywater\n>p2 switch 4\n>p1 move toxic\n>p2 move thunderbolt\n>p1 move thunderbolt\n>p2 move uturn\n>p2 switch 6\n>p2 switch 2\n>p1 move thunderbolt\n>p2 move shadowball\n>p1 switch 5\n>p2 move shadowball\n>p1 move knockoff\n>p2 switch 5\n>p1 switch 3\n>p2 move headsmash\n>p1 switch 6\n>p1 switch 2\n>p2 move headsmash\n>p1 move auroraveil\n>p2 switch 4\n>p1 switch 5\n>p2 move gigadrain\n>p1 move slackoff\n>p2 move spore\n>p1 move muddywater\n>p2 switch 5\n>p1 switch 3\n>p2 move trick\n>p1 move boomburst\n>p2 switch 4\n>p2 switch 4\n>p1 switch 3\n>p2 move shadowball\n>p1 move thunderbolt\n>p2 move mysticalfire\n>p1 move thunderbolt\n>p2 switch 3\n>p1 move slackoff\n>p2 move dracometeor\n>forcelose p2", "uploadtime": 1771197723, "views": 9, "formatid": "gen9randombattle", "rating": 1792, "private": 0, "password": null}