{"id": "gen9randombattle-2540569928", "format": "[Gen 9] Random Battle", "players": ["bsman997", "pmcoolboy10"], "log": "|j|☆bsman997\n|j|☆pmcoolboy10\n|t:|1771219627\n|gametype|singles\n|player|p1|bsman997|266|1629\n|player|p2|pmcoolboy10|266|1655\n|gen|9\n|tier|[Gen 9] Random Battle\n|rated|\n|rule|Species Clause: Limit one of each Pokémon\n|rule|HP Percentage Mod: HP is shown in percentages\n|rule|Sleep Clause Mod: Limit one foe put to sleep\n|rule|Illusion Level Mod: Illusion disguises the Pokémon's true level\n|\n|t:|1771219627\n|teamsize|p1|6\n|teamsize|p2|6\n|start\n|switch|p1a: Rhydon|Rhydon, L85, M|317/317\n|switch|p2a: Mewtwo|Mewtwo, L72|235/235\n|turn|1\n|j| sixludicolos\n|inactive|Battle timer is ON: inactive players will automatically lose when time's up. (requested by pmcoolboy10)\n|\n|t:|1771219655\n|switch|p2a: Zarude|Zarude, L77|288/288\n|move|p1a: Rhydon|Megahorn|p2a: Zarude\n|-supereffective|p2a: Zarude\n|-damage|p2a: Zarude|0 fnt\n|faint|p2a: Zarude\n|\n|upkeep\n|\n|t:|1771219671\n|switch|p2a: Sudowoodo|Sudowoodo, L94, F|284/284\n|turn|2\n|\n|t:|1771219684\n|move|p1a: Rhydon|Earthquake|p2a: Sudowoodo\n|-supereffective|p2a: Sudowoodo\n|-damage|p2a: Sudowoodo|90/284\n|move|p2a: Sudowoodo|Wood Hammer|p1a: Rhydon\n|-supereffective|p1a: Rhydon\n|-damage|p1a: Rhydon|105/317\n|\n|-heal|p2a: Sudowoodo|107/284|[from] item: Leftovers\n|upkeep\n|turn|3\n|\n|t:|1771219699\n|move|p1a: Rhydon|Stealth Rock|p2a: Sudowoodo\n|-sidestart|p2: pmcoolboy10|move: Stealth Rock\n|move|p2a: Sudowoodo|Wood Hammer|p1a: Rhydon\n|-supereffective|p1a: Rhydon\n|-damage|p1a: Rhydon|0 fnt\n|faint|p1a: Rhydon\n|\n|-heal|p2a: Sudowoodo|124/284|[from] item: Leftovers\n|upkeep\n|\n|t:|1771219709\n|switch|p1a: Lilligant|Lilligant-Hisui, L79, F|240/240\n|turn|4\n|\n|t:|1771219716\n|move|p1a: Lilligant|Victory Dance|p1a: Lilligant\n|-boost|p1a: Lilligant|atk|1\n|-boost|p1a: Lilligant|def|1\n|-boost|p1a: Lilligant|spe|1\n|move|p2a: Sudowoodo|Head Smash|p1a: Lilligant\n|-resisted|p1a: Lilligant\n|-damage|p1a: Lilligant|155/240\n|\n|-heal|p2a: Sudowoodo|141/284|[from] item: Leftovers\n|upkeep\n|turn|5\n|\n|t:|1771219740\n|move|p1a: Lilligant|Leaf Blade|p2a: Sudowoodo\n|-supereffective|p2a: Sudowoodo\n|-damage|p2a: Sudowoodo|0 fnt\n|faint|p2a: Sudowoodo\n|-damage|p1a: Lilligant|131/240|[from] item: Life Orb\n|\n|upkeep\n|\n|t:|1771219752\n|switch|p2a: Salazzle|Salazzle, L83, F|249/249\n|-damage|p2a: Salazzle|187/249|[from] Stealth Rock\n|turn|6\n|\n|t:|1771219777\n|move|p1a: Lilligant|Close Combat|p2a: Salazzle\n|-resisted|p2a: Salazzle\n|-crit|p2a: Salazzle\n|-damage|p2a: Salazzle|0 fnt\n|-unboost|p1a: Lilligant|def|1\n|-unboost|p1a: Lilligant|spd|1\n|faint|p2a: Salazzle\n|-damage|p1a: Lilligant|107/240|[from] item: Life Orb\n|\n|upkeep\n|\n|t:|1771219781\n|switch|p2a: Dragapult|Dragapult, L77, F|262/262\n|-damage|p2a: Dragapult|230/262|[from] Stealth Rock\n|turn|7\n|\n|t:|1771219787\n|move|p1a: Lilligant|Ice Spinner|p2a: Dragapult\n|-supereffective|p2a: Dragapult\n|-damage|p2a: Dragapult|0 fnt\n|faint|p2a: Dragapult\n|-damage|p1a: Lilligant|83/240|[from] item: Life Orb\n|\n|upkeep\n|\n|t:|1771219797\n|switch|p2a: Mewtwo|Mewtwo, L72|235/235\n|-damage|p2a: Mewtwo|206/235|[from] Stealth Rock\n|turn|8\n|c| sixludicolos|what a brave little toaster\n|\n|t:|1771219809\n|-terastallize|p2a: Mewtwo|Poison\n|move|p1a: Lilligant|Leaf Blade|p2a: Mewtwo\n|-resisted|p2a: Mewtwo\n|-damage|p2a: Mewtwo|38/235\n|replace|p2a: Zoroark|Zoroark, L83, M\n|-end|p2a: Zoroark|Illusion\n|-hint|Illusion Level Mod is active, so this Pokémon's true level was hidden.\n|-damage|p1a: Lilligant|59/240|[from] item: Life Orb\n|move|p2a: Zoroark|Sludge Bomb|p1a: Lilligant\n|-supereffective|p1a: Lilligant\n|-damage|p1a: Lilligant|0 fnt\n|faint|p1a: Lilligant\n|-damage|p2a: Zoroark|15/235|[from] item: Life Orb\n|\n|upkeep\n|\n|t:|1771219821\n|switch|p1a: Falinks|Falinks, L84|246/246\n|turn|9\n|\n|t:|1771219830\n|move|p2a: Zoroark|Sludge Bomb|p1a: Falinks\n|-damage|p1a: Falinks|51/246\n|-damage|p2a: Zoroark|0 fnt|[from] item: Life Orb\n|faint|p2a: Zoroark\n|move|p1a: Falinks|No Retreat|p1a: Falinks\n|-boost|p1a: Falinks|atk|1\n|-boost|p1a: Falinks|def|1\n|-boost|p1a: Falinks|spa|1\n|-boost|p1a: Falinks|spd|1\n|-boost|p1a: Falinks|spe|1\n|-start|p1a: Falinks|move: No Retreat\n|\n|upkeep\n|\n|t:|1771219833\n|switch|p2a: Mewtwo|Mewtwo, L72|272/272\n|-ability|p2a: Mewtwo|Unnerve\n|-damage|p2a: Mewtwo|238/272|[from] Stealth Rock\n|turn|10\n|\n|t:|1771219845\n|-terastallize|p1a: Falinks|Dark\n|move|p1a: Falinks|Knock Off|p2a: Mewtwo\n|-supereffective|p2a: Mewtwo\n|-damage|p2a: Mewtwo|0 fnt\n|-enditem|p2a: Mewtwo|Choice Specs|[from] move: Knock Off|[of] p1a: Falinks\n|faint|p2a: Mewtwo\n|-damage|p1a: Falinks|27/246|[from] item: Life Orb\n|\n|win|bsman997\n|raw|bsman997's rating: 1629 &rarr; <strong>1650</strong><br />(+21 for winning)\n|raw|pmcoolboy10's rating: 1655 &rarr; <strong>1634</strong><br />(-21 for losing)\n|l|☆pmcoolboy10\n|player|p2|\n|l| sixludicolos\n", "inputlog": ">version 686819e5e19f8a7fd2345cfc5a08a5085efa2cc3\n>start {\"formatid\":\"gen9randombattle\",\"seed\":\"sodium,54b4bd5a5e67f0f0efd95e9e0a3e76f2\",\"rated\":\"Rated battle\"}\n>player p1 {\"name\":\"bsman997\",\"avatar\":\"266\",\"rating\":1629,\"seed\":\"sodium,1cfd7a65211e72bfdfc345302b2bc383\"}\n>player p2 {\"name\":\"pmcoolboy10\",\"avatar\":\"266\",\"rating\":1655,\"seed\":\"sodium,924ddb164044163d66b7d6f2b1f6e26c\"}\n>p1 move megahorn\n>p2 switch 2\n>p2 switch 3\n>p1 move earthquake\n>p2 move woodhammer\n>p1 move stealthrock\n>p2 move woodhammer\n>p1 switch 3\n>p1 move victorydance\n>p2 move headsmash\n>p1 move leafblade\n>p2 move headsmash\n>p2 switch 5\n>p1 move closecombat\n>p2 move flamethrower\n>p2 switch 4\n>p1 move icespinner\n>p2 move shadowball\n>p2 switch 2\n>chat  sixludicolos|what a brave little toaster\n>p1 move leafblade\n>p2 move sludgebomb terastallize\n>p1 switch 2\n>p1 move noretreat\n>p2 move sludgebomb\n>p2 switch 6\n>p1 move knockoff terastallize\n>p2 move psystrike", "uploadtime": 1771219894, "views": 19, "formatid": "gen9randombattle", "rating": 1634, "private": 0, "password": null}