{"id": "gen9randombattle-2540904217", "format": "[Gen 9] Random Battle", "players": ["Kitsune rush", "shulai2"], "log": "|j|☆Kitsune rush\n|j|☆shulai2\n|t:|1771265702\n|gametype|singles\n|player|p1|Kitsune rush|daisy|2215\n|player|p2|shulai2|170|2201\n|gen|9\n|tier|[Gen 9] Random Battle\n|rated|\n|rule|Species Clause: Limit one of each Pokémon\n|rule|HP Percentage Mod: HP is shown in percentages\n|rule|Sleep Clause Mod: Limit one foe put to sleep\n|rule|Illusion Level Mod: Illusion disguises the Pokémon's true level\n|\n|t:|1771265702\n|teamsize|p1|6\n|teamsize|p2|6\n|start\n|switch|p1a: Veluza|Veluza, L85, F|292/292\n|switch|p2a: Heracross|Heracross, L80, F|259/259\n|turn|1\n|\n|t:|1771265710\n|move|p2a: Heracross|Megahorn|p1a: Veluza\n|-supereffective|p1a: Veluza\n|-damage|p1a: Veluza|0 fnt\n|faint|p1a: Veluza\n|-ability|p2a: Heracross|Moxie|boost\n|-boost|p2a: Heracross|atk|1\n|\n|upkeep\n|\n|t:|1771265718\n|switch|p1a: Banette|Banette, L93, M|270/270\n|turn|2\n|c|☆shulai2|jumpscare\n|\n|t:|1771265726\n|switch|p2a: Garganacl|Garganacl, L80, F|291/291\n|move|p1a: Banette|Thunder Wave|p2a: Garganacl\n|-immune|p2a: Garganacl|[from] ability: Purifying Salt\n|\n|upkeep\n|turn|3\n|\n|t:|1771265730\n|move|p1a: Banette|Poltergeist|p2a: Garganacl\n|-activate|p2a: Garganacl|move: Poltergeist|Leftovers\n|-damage|p2a: Garganacl|209/291\n|-damage|p1a: Banette|243/270|[from] item: Life Orb\n|move|p2a: Garganacl|Salt Cure|p1a: Banette\n|-damage|p1a: Banette|200/270\n|-start|p1a: Banette|Salt Cure\n|\n|-heal|p2a: Garganacl|227/291|[from] item: Leftovers\n|-damage|p1a: Banette|167/270|[from] Salt Cure\n|upkeep\n|turn|4\n|\n|t:|1771265740\n|switch|p1a: Sandy Shocks|Sandy Shocks, L80|267/267\n|move|p2a: Garganacl|Salt Cure|p1a: Sandy Shocks\n|-resisted|p1a: Sandy Shocks\n|-damage|p1a: Sandy Shocks|247/267\n|-start|p1a: Sandy Shocks|Salt Cure\n|\n|-heal|p2a: Garganacl|245/291|[from] item: Leftovers\n|-damage|p1a: Sandy Shocks|214/267|[from] Salt Cure\n|upkeep\n|turn|5\n|c|☆Kitsune rush|Gross my Veluza was scarf too\n|c|☆shulai2|LMAO\n|c|☆shulai2|wait htast funny\n|c|☆shulai2|you htought i wasnt\n|c|☆shulai2|and so\n|c|☆shulai2|yeah\n|c|☆shulai2|this update\n|c|☆Kitsune rush|I didn’t have a switch in as is\n|c|☆shulai2|is like all scarf\n|\n|t:|1771265786\n|move|p2a: Garganacl|Protect|p2a: Garganacl\n|-singleturn|p2a: Garganacl|Protect\n|move|p1a: Sandy Shocks|Spikes|p2a: Garganacl\n|-sidestart|p2: shulai2|Spikes\n|\n|-heal|p2a: Garganacl|263/291|[from] item: Leftovers\n|-damage|p1a: Sandy Shocks|181/267|[from] Salt Cure\n|upkeep\n|turn|6\n|c|☆Kitsune rush|decided to gamble\n|c|☆Kitsune rush|Oh well\n|c|☆shulai2|yea\n|c|☆shulai2|itso kay\n|c|☆shulai2|youll win at some poitn\n|\n|t:|1771265799\n|switch|p2a: Tentacruel|Tentacruel, L84, M|272/272\n|-damage|p2a: Tentacruel|238/272|[from] Spikes\n|move|p1a: Sandy Shocks|Earth Power|p2a: Tentacruel\n|-supereffective|p2a: Tentacruel\n|-damage|p2a: Tentacruel|128/272\n|\n|-damage|p1a: Sandy Shocks|148/267|[from] Salt Cure\n|upkeep\n|turn|7\n|\n|t:|1771265807\n|-end|p1a: Sandy Shocks|Protosynthesis|[silent]\n|switch|p1a: Rotom|Rotom-Wash, L83|219/219\n|move|p2a: Tentacruel|Rapid Spin|p1a: Rotom\n|-damage|p1a: Rotom|195/219\n|-boost|p2a: Tentacruel|spe|1\n|-sideend|p2: shulai2|Spikes|[from] move: Rapid Spin|[of] p2a: Tentacruel\n|\n|-heal|p1a: Rotom|208/219|[from] item: Leftovers\n|upkeep\n|turn|8\n|\n|t:|1771265818\n|move|p2a: Tentacruel|Flip Turn|p1a: Rotom\n|-resisted|p1a: Rotom\n|-damage|p1a: Rotom|186/219\n|\n|t:|1771265820\n|switch|p2a: Zarude|Zarude-Dada, L77|288/288|[from] Flip Turn\n|move|p1a: Rotom|Volt Switch|p2a: Zarude\n|-resisted|p2a: Zarude\n|-damage|p2a: Zarude|249/288\n|c|☆Kitsune rush|Do we play again?\n|\n|t:|1771265837\n|switch|p1a: Zarude|Zarude, L77|288/288|[from] Volt Switch\n|\n|upkeep\n|turn|9\n|c|☆shulai2|u want a rematch\n|c|☆shulai2|?\n|c|☆Kitsune rush|No no\n|c|☆Kitsune rush|rn\n|c|☆shulai2|play waht again\n|c|☆Kitsune rush|The scarf game\n|c|☆shulai2|LMAO\n|c|☆shulai2|yeah\n|c|☆shulai2|lets get it\n|\n|t:|1771265862\n|move|p2a: Zarude|U-turn|p1a: Zarude\n|-supereffective|p1a: Zarude\n|-damage|p1a: Zarude|100/288\n|c|☆shulai2|were u?\n|c|☆Kitsune rush|nope\n|\n|t:|1771265868\n|switch|p2a: Heracross|Heracross, L80, F|259/259|[from] U-turn\n|move|p1a: Zarude|Swords Dance|p1a: Zarude\n|-boost|p1a: Zarude|atk|2\n|\n|upkeep\n|turn|10\n|c|☆shulai2|oh\n|c|☆shulai2|i was gonna say did i just win a speed tie or\n|\n|t:|1771265879\n|switch|p1a: Banette|Banette, L93, M|167/270\n|move|p2a: Heracross|Megahorn|p1a: Banette\n|-resisted|p1a: Banette\n|-damage|p1a: Banette|80/270\n|\n|upkeep\n|turn|11\n|\n|t:|1771265888\n|switch|p2a: Garganacl|Garganacl, L80, F|263/291\n|move|p1a: Banette|Shadow Sneak|p2a: Garganacl\n|-damage|p2a: Garganacl|232/291\n|-damage|p1a: Banette|53/270|[from] item: Life Orb\n|\n|-heal|p2a: Garganacl|250/291|[from] item: Leftovers\n|upkeep\n|turn|12\n|\n|t:|1771265894\n|switch|p1a: Sandy Shocks|Sandy Shocks, L80|148/267\n|move|p2a: Garganacl|Salt Cure|p1a: Sandy Shocks\n|-resisted|p1a: Sandy Shocks\n|-damage|p1a: Sandy Shocks|127/267\n|-start|p1a: Sandy Shocks|Salt Cure\n|\n|-heal|p2a: Garganacl|268/291|[from] item: Leftovers\n|-damage|p1a: Sandy Shocks|94/267|[from] Salt Cure\n|upkeep\n|turn|13\n|\n|t:|1771265900\n|switch|p2a: Tentacruel|Tentacruel, L84, M|128/272\n|move|p1a: Sandy Shocks|Spikes|p2a: Tentacruel\n|-sidestart|p2: shulai2|Spikes\n|\n|-damage|p1a: Sandy Shocks|61/267|[from] Salt Cure\n|upkeep\n|turn|14\n|\n|t:|1771265904\n|-end|p1a: Sandy Shocks|Protosynthesis|[silent]\n|switch|p1a: Banette|Banette, L93, M|53/270\n|move|p2a: Tentacruel|Rapid Spin|p1a: Banette\n|-immune|p1a: Banette\n|\n|upkeep\n|turn|15\n|c|☆shulai2|spicy plays\n|\n|t:|1771265911\n|move|p1a: Banette|Shadow Sneak|p2a: Tentacruel\n|-damage|p2a: Tentacruel|37/272\n|-damage|p1a: Banette|26/270|[from] item: Life Orb\n|move|p2a: Tentacruel|Surf|p1a: Banette\n|-damage|p1a: Banette|0 fnt\n|faint|p1a: Banette\n|\n|upkeep\n|c|☆shulai2|fomr you\n|\n|t:|1771265917\n|switch|p1a: Necrozma|Necrozma-Dawn-Wings, L76|272/272\n|turn|16\n|inactive|Battle timer is ON: inactive players will automatically lose when time's up. (requested by Kitsune rush)\n|\n|t:|1771265931\n|move|p2a: Tentacruel|Flip Turn|p1a: Necrozma\n|-damage|p1a: Necrozma|226/272\n|\n|t:|1771265934\n|switch|p2a: Zarude|Zarude-Dada, L77|249/288|[from] Flip Turn\n|-damage|p2a: Zarude|213/288|[from] Spikes\n|move|p1a: Necrozma|Dragon Dance|p1a: Necrozma\n|-boost|p1a: Necrozma|atk|1\n|-boost|p1a: Necrozma|spe|1\n|\n|upkeep\n|turn|17\n|\n|t:|1771265949\n|-terastallize|p2a: Zarude|Grass\n|-terastallize|p1a: Necrozma|Fighting\n|move|p2a: Zarude|Power Whip|p1a: Necrozma\n|-damage|p1a: Necrozma|74/272\n|move|p1a: Necrozma|Dragon Dance|p1a: Necrozma\n|-boost|p1a: Necrozma|atk|1\n|-boost|p1a: Necrozma|spe|1\n|\n|upkeep\n|turn|18\n|\n|t:|1771265961\n|switch|p2a: Tentacruel|Tentacruel, L84, M|37/272\n|-damage|p2a: Tentacruel|3/272|[from] Spikes\n|move|p1a: Necrozma|Photon Geyser|p2a: Tentacruel\n|-supereffective|p2a: Tentacruel\n|-damage|p2a: Tentacruel|0 fnt\n|faint|p2a: Tentacruel\n|-damage|p1a: Necrozma|47/272|[from] item: Life Orb\n|\n|upkeep\n|\n|t:|1771265968\n|switch|p2a: Volcanion|Volcanion, L79|255/255\n|-damage|p2a: Volcanion|224/255|[from] Spikes\n|turn|19\n|\n|t:|1771265979\n|move|p1a: Necrozma|Photon Geyser|p2a: Volcanion\n|-damage|p2a: Volcanion|24/255\n|-damage|p1a: Necrozma|20/272|[from] item: Life Orb\n|move|p2a: Volcanion|Flamethrower|p1a: Necrozma\n|-damage|p1a: Necrozma|0 fnt\n|faint|p1a: Necrozma\n|\n|upkeep\n|c|☆Kitsune rush|Alright gg\n|c|☆shulai2|ggs\n|c|☆shulai2|im sorry\n|-message|Kitsune rush forfeited.\n|\n|win|shulai2\n|raw|Kitsune rush's rating: 2215 &rarr; <strong>2194</strong><br />(-21 for losing)\n|raw|shulai2's rating: 2201 &rarr; <strong>2222</strong><br />(+21 for winning)\n|c|☆shulai2|my team was\n|c|☆shulai2|just so\n|l|☆Kitsune rush\n|player|p1|\n|c|☆shulai2|good in this matchup\n", "inputlog": ">version 686819e5e19f8a7fd2345cfc5a08a5085efa2cc3\n>start {\"formatid\":\"gen9randombattle\",\"seed\":\"sodium,e8f9266075e97a3e43ca9b70f7bf7d22\",\"rated\":\"Rated battle\"}\n>player p1 {\"name\":\"Kitsune rush\",\"avatar\":\"daisy\",\"rating\":2215,\"seed\":\"sodium,b50f3ef8c1d451359de9c9cdbb8d2cf4\"}\n>player p2 {\"name\":\"shulai2\",\"avatar\":\"170\",\"rating\":2201,\"seed\":\"sodium,70ec60a3c5859e4dde8dfba6f2a8d098\"}\n>p1 move psychocut\n>p2 move megahorn\n>p1 switch 3\n>chat ☆shulai2|jumpscare\n>p1 move thunderwave\n>p2 switch 3\n>p1 move poltergeist\n>p2 move saltcure\n>p1 switch 5\n>p2 move saltcure\n>chat ☆Kitsune rush|Gross my Veluza was scarf too \n>chat ☆shulai2|LMAO\n>chat ☆shulai2|wait htast funny \n>chat ☆shulai2|you htought i wasnt \n>chat ☆shulai2|and so \n>chat ☆shulai2|yeah \n>chat ☆shulai2|this update \n>chat ☆Kitsune rush|I didn’t have a switch in as is \n>chat ☆shulai2|is like all scarf \n>p1 move spikes\n>p2 move protect\n>chat ☆Kitsune rush|decided to gamble \n>chat ☆Kitsune rush|Oh well \n>chat ☆shulai2|yea\n>chat ☆shulai2|itso kay \n>chat ☆shulai2|youll win at some poitn \n>p1 move earthpower\n>p2 switch 6\n>p1 switch 4\n>p2 move rapidspin\n>p1 move voltswitch\n>p2 move flipturn\n>p2 switch 5\n>chat ☆Kitsune rush|Do we play again?\n>p1 switch 6\n>chat ☆shulai2|u want a rematch\n>chat ☆shulai2|?\n>chat ☆Kitsune rush|No no \n>chat ☆Kitsune rush|rn \n>chat ☆shulai2|play waht again \n>chat ☆Kitsune rush|The scarf game \n>chat ☆shulai2|LMAO\n>chat ☆shulai2|yeah \n>chat ☆shulai2|lets get it \n>p1 move swordsdance\n>p2 move uturn\n>chat ☆shulai2|were u?\n>chat ☆Kitsune rush|nope \n>p2 switch 3\n>chat ☆shulai2|oh \n>chat ☆shulai2|i was gonna say did i just win a speed tie or \n>p1 switch 5\n>p2 move megahorn\n>p1 move shadowsneak\n>p2 switch 6\n>p1 switch 4\n>p2 move saltcure\n>p1 move spikes\n>p2 switch 5\n>p1 switch 4\n>p2 move rapidspin\n>chat ☆shulai2|spicy plays \n>p1 move shadowsneak\n>p2 move surf\n>chat ☆shulai2|fomr you \n>p1 switch 2\n>p1 move dragondance\n>p2 move flipturn\n>p2 switch 3\n>p1 move dragondance terastallize\n>p2 move powerwhip terastallize\n>p1 move photongeyser\n>p2 switch 3\n>p2 switch 4\n>p1 move photongeyser\n>p2 move flamethrower\n>chat ☆Kitsune rush|Alright gg\n>chat ☆shulai2|ggs\n>chat ☆shulai2|im sorry \n>forcelose p1", "uploadtime": 1771265997, "views": 4, "formatid": "gen9randombattle", "rating": 2194, "private": 0, "password": null}