{"id": "gen9randombattle-2539998452", "format": "[Gen 9] Random Battle", "players": ["myriadrivers", "kevinqs123"], "log": "|j|☆myriadrivers\n|j|☆kevinqs123\n|t:|1771141375\n|gametype|singles\n|player|p1|myriadrivers|miku-ice|1878\n|player|p2|kevinqs123|hilbert-wonderlauncher|1885\n|gen|9\n|tier|[Gen 9] Random Battle\n|rated|\n|rule|Species Clause: Limit one of each Pokémon\n|rule|HP Percentage Mod: HP is shown in percentages\n|rule|Sleep Clause Mod: Limit one foe put to sleep\n|rule|Illusion Level Mod: Illusion disguises the Pokémon's true level\n|\n|t:|1771141375\n|teamsize|p1|6\n|teamsize|p2|6\n|start\n|switch|p1a: Mightyena|Mightyena, L96, M|290/290\n|switch|p2a: Ditto|Ditto, L87|225/225\n|-transform|p2a: Ditto|p1a: Mightyena|[from] ability: Imposter\n|-ability|p2a: Ditto|Intimidate|boost\n|-unboost|p1a: Mightyena|atk|1\n|-ability|p1a: Mightyena|Intimidate|boost\n|-unboost|p2a: Ditto|atk|1\n|turn|1\n|inactive|Battle timer is ON: inactive players will automatically lose when time's up. (requested by kevinqs123)\n|\n|t:|1771141390\n|switch|p2a: Regirock|Regirock, L83|268/268\n|move|p1a: Mightyena|Super Fang|p2a: Regirock\n|-damage|p2a: Regirock|134/268\n|\n|upkeep\n|turn|2\n|\n|t:|1771141402\n|switch|p1a: Flygon|Flygon, L82, M|265/265\n|move|p2a: Regirock|Stone Edge|p1a: Flygon|[miss]\n|-miss|p2a: Regirock|p1a: Flygon\n|\n|upkeep\n|turn|3\n|\n|t:|1771141410\n|switch|p2a: Umbreon|Umbreon, L84, F|297/297\n|move|p1a: Flygon|U-turn|p2a: Umbreon\n|-supereffective|p2a: Umbreon\n|-damage|p2a: Umbreon|183/297\n|\n|t:|1771141421\n|switch|p1a: Smeargle|Smeargle, L95, F|258/258|[from] U-turn\n|\n|-heal|p2a: Umbreon|201/297|[from] item: Leftovers\n|upkeep\n|turn|4\n|\n|t:|1771141431\n|move|p1a: Smeargle|Spore|p2a: Umbreon\n|-status|p2a: Umbreon|slp|[from] move: Spore\n|cant|p2a: Umbreon|slp\n|\n|-heal|p2a: Umbreon|219/297 slp|[from] item: Leftovers\n|upkeep\n|turn|5\n|\n|t:|1771141443\n|switch|p2a: Regirock|Regirock, L83|134/268\n|move|p1a: Smeargle|Sticky Web|p2a: Regirock\n|-sidestart|p2: kevinqs123|move: Sticky Web\n|\n|upkeep\n|turn|6\n|\n|t:|1771141452\n|switch|p1a: Flygon|Flygon, L82, M|265/265\n|move|p2a: Regirock|Curse|p2a: Regirock\n|-unboost|p2a: Regirock|spe|1\n|-boost|p2a: Regirock|atk|1\n|-boost|p2a: Regirock|def|1\n|\n|upkeep\n|turn|7\n|\n|t:|1771141460\n|-terastallize|p2a: Regirock|Fighting\n|move|p1a: Flygon|Earthquake|p2a: Regirock\n|-damage|p2a: Regirock|82/268\n|move|p2a: Regirock|Rest|p2a: Regirock\n|-status|p2a: Regirock|slp|[from] move: Rest\n|-heal|p2a: Regirock|268/268 slp|[silent]\n|-enditem|p2a: Regirock|Chesto Berry|[eat]\n|-curestatus|p2a: Regirock|slp|[msg]\n|\n|upkeep\n|turn|8\n|\n|t:|1771141477\n|switch|p1a: Mightyena|Mightyena, L96, M|290/290\n|-ability|p1a: Mightyena|Intimidate|boost\n|-fail|p2a: Regirock|unboost|[from] ability: Clear Body|[of] p2a: Regirock\n|move|p2a: Regirock|Body Press|p1a: Mightyena\n|-supereffective|p1a: Mightyena\n|-damage|p1a: Mightyena|0 fnt\n|faint|p1a: Mightyena\n|\n|upkeep\n|\n|t:|1771141496\n|switch|p1a: Typhlosion|Typhlosion, L84, M|267/267\n|turn|9\n|\n|t:|1771141508\n|move|p1a: Typhlosion|Eruption|p2a: Regirock\n|-damage|p2a: Regirock|25/268\n|move|p2a: Regirock|Stone Edge|p1a: Typhlosion\n|-supereffective|p1a: Typhlosion\n|-crit|p1a: Typhlosion\n|-damage|p1a: Typhlosion|0 fnt\n|faint|p1a: Typhlosion\n|\n|upkeep\n|inactive|myriadrivers has 120 seconds left.\n|\n|t:|1771141547\n|switch|p1a: Cloyster|Cloyster, L80, M|211/211\n|turn|10\n|\n|t:|1771141554\n|move|p1a: Cloyster|Icicle Spear|p2a: Regirock\n|-crit|p2a: Regirock\n|-damage|p2a: Regirock|6/268\n|-damage|p2a: Regirock|0 fnt\n|faint|p2a: Regirock\n|-hitcount|p2: Regirock|2\n|\n|upkeep\n|\n|t:|1771141557\n|switch|p2a: Tentacruel|Tentacruel, L84, F|272/272\n|-activate|p2a: Tentacruel|move: Sticky Web\n|-unboost|p2a: Tentacruel|spe|1\n|turn|11\n|inactive|myriadrivers has 120 seconds left.\n|\n|t:|1771141567\n|move|p1a: Cloyster|Drill Run|p2a: Tentacruel\n|-supereffective|p2a: Tentacruel\n|-damage|p2a: Tentacruel|152/272\n|move|p2a: Tentacruel|Rapid Spin|p1a: Cloyster\n|-damage|p1a: Cloyster|195/211\n|-boost|p2a: Tentacruel|spe|1\n|-sideend|p2: kevinqs123|Sticky Web|[from] move: Rapid Spin|[of] p2a: Tentacruel\n|\n|-heal|p2a: Tentacruel|169/272|[from] item: Leftovers\n|upkeep\n|turn|12\n|inactive|myriadrivers has 120 seconds left.\n|\n|t:|1771141577\n|move|p2a: Tentacruel|Sludge Bomb|p1a: Cloyster\n|-damage|p1a: Cloyster|48/211\n|-status|p1a: Cloyster|psn\n|move|p1a: Cloyster|Shell Smash|p1a: Cloyster\n|-unboost|p1a: Cloyster|def|1\n|-unboost|p1a: Cloyster|spd|1\n|-boost|p1a: Cloyster|atk|2\n|-boost|p1a: Cloyster|spa|2\n|-boost|p1a: Cloyster|spe|2\n|-enditem|p1a: Cloyster|White Herb\n|-clearnegativeboost|p1a: Cloyster|[silent]\n|\n|-heal|p2a: Tentacruel|186/272|[from] item: Leftovers\n|-damage|p1a: Cloyster|22/211 psn|[from] psn\n|upkeep\n|turn|13\n|inactive|myriadrivers has 120 seconds left.\n|\n|t:|1771141592\n|switch|p2a: Ditto|Ditto, L87|225/225\n|-transform|p2a: Ditto|p1a: Cloyster|[from] ability: Imposter\n|move|p1a: Cloyster|Drill Run|p2a: Ditto\n|-damage|p2a: Ditto|167/225\n|\n|-damage|p1a: Cloyster|0 fnt|[from] psn\n|faint|p1a: Cloyster\n|upkeep\n|inactive|myriadrivers has 120 seconds left.\n|\n|t:|1771141604\n|switch|p1a: Metagross|Metagross, L79|256/256\n|turn|14\n|inactive|myriadrivers has 120 seconds left.\n|\n|t:|1771141613\n|switch|p1a: Flygon|Flygon, L82, M|265/265\n|move|p2a: Ditto|Drill Run|p1a: Flygon\n|-immune|p1a: Flygon|[from] ability: Levitate\n|\n|upkeep\n|turn|15\n|\n|t:|1771141622\n|switch|p2a: Umbreon|Umbreon, L84, F|219/297 slp\n|move|p1a: Flygon|Earthquake|p2a: Umbreon\n|-damage|p2a: Umbreon|80/297 slp\n|\n|-heal|p2a: Umbreon|98/297 slp|[from] item: Leftovers\n|upkeep\n|turn|16\n|\n|t:|1771141632\n|move|p1a: Flygon|Earthquake|p2a: Umbreon\n|-damage|p2a: Umbreon|0 fnt\n|faint|p2a: Umbreon\n|\n|upkeep\n|\n|t:|1771141642\n|switch|p2a: Veluza|Veluza, L85, M|292/292\n|turn|17\n|\n|t:|1771141655\n|move|p2a: Veluza|Night Slash|p1a: Flygon\n|-damage|p1a: Flygon|181/265\n|move|p1a: Flygon|Earthquake|p2a: Veluza\n|-damage|p2a: Veluza|109/292\n|\n|upkeep\n|turn|18\n|\n|t:|1771141661\n|switch|p2a: Dipplin|Dipplin, L88, F|284/284\n|move|p1a: Flygon|Earthquake|p2a: Dipplin\n|-resisted|p2a: Dipplin\n|-damage|p2a: Dipplin|239/284\n|\n|upkeep\n|turn|19\n|\n|t:|1771141680\n|switch|p1a: Metagross|Metagross, L79|256/256\n|move|p2a: Dipplin|Dragon Pulse|p1a: Metagross\n|-resisted|p1a: Metagross\n|-damage|p1a: Metagross|202/256\n|\n|upkeep\n|turn|20\n|\n|t:|1771141692\n|move|p1a: Metagross|Agility|p1a: Metagross\n|-boost|p1a: Metagross|spe|2\n|move|p2a: Dipplin|Dragon Pulse|p1a: Metagross\n|-resisted|p1a: Metagross\n|-damage|p1a: Metagross|154/256\n|\n|upkeep\n|turn|21\n|\n|t:|1771141699\n|move|p1a: Metagross|Heavy Slam|p2a: Dipplin\n|-damage|p2a: Dipplin|155/284\n|move|p2a: Dipplin|Dragon Tail|p1a: Metagross\n|-resisted|p1a: Metagross\n|-damage|p1a: Metagross|130/256\n|drag|p1a: Smeargle|Smeargle, L95, F|258/258\n|\n|upkeep\n|turn|22\n|\n|t:|1771141720\n|move|p1a: Smeargle|Ceaseless Edge|p2a: Dipplin\n|-damage|p2a: Dipplin|141/284\n|-sidestart|p2: kevinqs123|Spikes\n|move|p2a: Dipplin|Giga Drain|p1a: Smeargle\n|-crit|p1a: Smeargle\n|-damage|p1a: Smeargle|66/258\n|-heal|p2a: Dipplin|237/284|[from] drain|[of] p1a: Smeargle\n|\n|upkeep\n|turn|23\n|\n|t:|1771141732\n|move|p1a: Smeargle|Spore|p2a: Dipplin\n|-immune|p2a: Dipplin\n|move|p2a: Dipplin|Giga Drain|p1a: Smeargle\n|-damage|p1a: Smeargle|0 fnt\n|-heal|p2a: Dipplin|270/284|[from] drain|[of] p1a: Smeargle\n|faint|p1a: Smeargle\n|\n|upkeep\n|\n|t:|1771141740\n|switch|p1a: Flygon|Flygon, L82, M|181/265\n|turn|24\n|\n|t:|1771141747\n|-terastallize|p1a: Flygon|Rock\n|move|p1a: Flygon|Outrage|p2a: Dipplin\n|-supereffective|p2a: Dipplin\n|-damage|p2a: Dipplin|66/284\n|move|p2a: Dipplin|Dragon Pulse|p1a: Flygon\n|-damage|p1a: Flygon|79/265\n|\n|upkeep\n|turn|25\n|\n|t:|1771141756\n|move|p1a: Flygon|Outrage|p2a: Dipplin|[from] lockedmove\n|-supereffective|p2a: Dipplin\n|-damage|p2a: Dipplin|0 fnt\n|faint|p2a: Dipplin\n|-start|p1a: Flygon|confusion|[fatigue]\n|\n|upkeep\n|c|☆kevinqs123|Uf\n|\n|t:|1771141764\n|switch|p2a: Ditto|Ditto, L87|167/225\n|-damage|p2a: Ditto|139/225|[from] Spikes\n|-transform|p2a: Ditto|p1a: Flygon|[from] ability: Imposter\n|-start|p2a: Ditto|typechange|Ground/Dragon|[silent]\n|turn|26\n|\n|t:|1771141770\n|move|p2a: Ditto|Outrage|p1a: Flygon\n|-damage|p1a: Flygon|0 fnt\n|faint|p1a: Flygon\n|\n|upkeep\n|\n|t:|1771141775\n|switch|p1a: Metagross|Metagross, L79|130/256\n|turn|27\n|\n|t:|1771141784\n|move|p2a: Ditto|Outrage|p1a: Metagross|[from] lockedmove\n|-resisted|p1a: Metagross\n|-damage|p1a: Metagross|82/256\n|move|p1a: Metagross|Knock Off|p2a: Ditto\n|-crit|p2a: Ditto\n|-damage|p2a: Ditto|3/225\n|-enditem|p2a: Ditto|Choice Scarf|[from] move: Knock Off|[of] p1a: Metagross\n|\n|upkeep\n|turn|28\n|\n|t:|1771141794\n|move|p2a: Ditto|Outrage|p1a: Metagross|[from] lockedmove\n|-resisted|p1a: Metagross\n|-damage|p1a: Metagross|27/256\n|-start|p2a: Ditto|confusion|[fatigue]\n|move|p1a: Metagross|Agility|p1a: Metagross\n|-boost|p1a: Metagross|spe|2\n|\n|upkeep\n|turn|29\n|\n|t:|1771141804\n|move|p1a: Metagross|Knock Off|p2a: Ditto\n|-damage|p2a: Ditto|0 fnt\n|faint|p2a: Ditto\n|\n|upkeep\n|\n|t:|1771141807\n|switch|p2a: Tentacruel|Tentacruel, L84, F|186/272\n|-damage|p2a: Tentacruel|152/272|[from] Spikes\n|turn|30\n|\n|t:|1771141812\n|move|p1a: Metagross|Earthquake|p2a: Tentacruel\n|-supereffective|p2a: Tentacruel\n|-damage|p2a: Tentacruel|0 fnt\n|faint|p2a: Tentacruel\n|\n|upkeep\n|\n|t:|1771141814\n|switch|p2a: Veluza|Veluza, L85, M|109/292\n|-damage|p2a: Veluza|73/292|[from] Spikes\n|turn|31\n|\n|t:|1771141823\n|move|p1a: Metagross|Knock Off|p2a: Veluza\n|-supereffective|p2a: Veluza\n|-damage|p2a: Veluza|0 fnt\n|-enditem|p2a: Veluza|Choice Scarf|[from] move: Knock Off|[of] p1a: Metagross\n|faint|p2a: Veluza\n|\n|win|myriadrivers\n|raw|myriadrivers's rating: 1878 &rarr; <strong>1898</strong><br />(+20 for winning)\n|raw|kevinqs123's rating: 1885 &rarr; <strong>1865</strong><br />(-20 for losing)\n", "inputlog": ">version 686819e5e19f8a7fd2345cfc5a08a5085efa2cc3\n>start {\"formatid\":\"gen9randombattle\",\"seed\":\"sodium,724cc44db0ccb18aef81bd83262a0747\",\"rated\":\"Rated battle\"}\n>player p1 {\"name\":\"myriadrivers\",\"avatar\":\"miku-ice\",\"rating\":1878,\"seed\":\"sodium,eee690fc1474ad113301b211ae3fd763\"}\n>player p2 {\"name\":\"kevinqs123\",\"avatar\":\"hilbert-wonderlauncher\",\"rating\":1885,\"seed\":\"sodium,56228ada69f22e310e34ec4502d1d9c5\"}\n>p1 move superfang\n>p2 switch 3\n>p1 switch 6\n>p2 move stoneedge\n>p1 move uturn\n>p2 switch 6\n>p1 switch 4\n>p1 move spore\n>p2 move foulplay\n>p1 move stickyweb\n>p2 switch 6\n>p1 switch 4\n>p2 move curse\n>p1 move earthquake\n>p2 move rest terastallize\n>p1 switch 6\n>p2 move bodypress\n>p1 switch 5\n>p1 move eruption\n>p2 move stoneedge\n>p1 switch 2\n>p1 move iciclespear\n>p2 move bodypress\n>p2 switch 4\n>p1 move drillrun\n>p2 move rapidspin\n>p1 move shellsmash\n>p2 move sludgebomb\n>p1 move drillrun\n>p2 switch 3\n>p1 switch 3\n>p1 switch 6\n>p2 move drillrun\n>p1 move earthquake\n>p2 switch 6\n>p1 move earthquake\n>p2 move wish\n>p2 switch 2\n>p1 move earthquake\n>p2 move nightslash\n>p1 move earthquake\n>p2 switch 5\n>p1 switch 6\n>p2 move dragonpulse\n>p1 move agility\n>p2 move dragonpulse\n>p1 move heavyslam\n>p2 move dragontail\n>p1 move ceaselessedge\n>p2 move gigadrain\n>p1 move spore\n>p2 move gigadrain\n>p1 switch 6\n>p1 move outrage terastallize\n>p2 move dragonpulse\n>p1 move outrage\n>p2 move gigadrain\n>chat ☆kevinqs123|Uf\n>p2 switch 6\n>p1 move outrage\n>p2 move outrage\n>p1 switch 4\n>p1 move knockoff\n>p2 move outrage\n>p1 move agility\n>p2 move outrage\n>p1 move knockoff\n>p2 move uturn\n>p2 switch 3\n>p1 move earthquake\n>p2 move surf\n>p2 switch 5\n>p1 move knockoff\n>p2 move aquacutter", "uploadtime": 1771141831, "views": 19, "formatid": "gen9randombattle", "rating": 1865, "private": 0, "password": null}