{"id": "gen9randombattle-2540178256", "format": "[Gen 9] Random Battle", "players": ["xcom-jenkins", "Lezuza"], "log": "|j|☆xcom-jenkins\n|j|☆Lezuza\n|t:|1771172386\n|gametype|singles\n|player|p1|xcom-jenkins|169|1747\n|player|p2|Lezuza|101|1750\n|gen|9\n|tier|[Gen 9] Random Battle\n|rated|\n|rule|Species Clause: Limit one of each Pokémon\n|rule|HP Percentage Mod: HP is shown in percentages\n|rule|Sleep Clause Mod: Limit one foe put to sleep\n|rule|Illusion Level Mod: Illusion disguises the Pokémon's true level\n|\n|t:|1771172386\n|teamsize|p1|6\n|teamsize|p2|6\n|start\n|switch|p1a: Lokix|Lokix, L82, M|251/251\n|switch|p2a: Arboliva|Arboliva, L91, F|290/290\n|turn|1\n|inactive|Battle timer is ON: inactive players will automatically lose when time's up. (requested by Lezuza)\n|\n|t:|1771172415\n|switch|p2a: Heatran|Heatran, L79, M|273/273\n|-item|p2a: Heatran|Air Balloon\n|move|p1a: Lokix|Swords Dance|p1a: Lokix\n|-boost|p1a: Lokix|atk|2\n|\n|upkeep\n|turn|2\n|\n|t:|1771172439\n|-terastallize|p1a: Lokix|Dark\n|move|p1a: Lokix|Knock Off|p2a: Heatran\n|-damage|p2a: Heatran|0 fnt\n|-enditem|p2a: Heatran|Air Balloon\n|faint|p2a: Heatran\n|-damage|p1a: Lokix|226/251|[from] item: Life Orb\n|\n|upkeep\n|inactive|Lezuza has 120 seconds left.\n|\n|t:|1771172468\n|switch|p2a: Roaring Moon|Roaring Moon, L72|270/270\n|turn|3\n|\n|t:|1771172477\n|move|p2a: Roaring Moon|U-turn|p1a: Lokix\n|-supereffective|p1a: Lokix\n|-damage|p1a: Lokix|72/251\n|\n|t:|1771172481\n|-end|p2a: Roaring Moon|Protosynthesis|[silent]\n|switch|p2a: Lurantis|Lurantis, L87, F|264/264|[from] U-turn\n|move|p1a: Lokix|Leech Life|p2a: Lurantis\n|-supereffective|p2a: Lurantis\n|-damage|p2a: Lurantis|0 fnt\n|-heal|p1a: Lokix|204/251|[from] drain|[of] p2a: Lurantis\n|faint|p2a: Lurantis\n|-damage|p1a: Lokix|179/251|[from] item: Life Orb\n|\n|upkeep\n|\n|t:|1771172486\n|switch|p2a: Misdreavus|Misdreavus, L90, M|254/254\n|turn|4\n|\n|t:|1771172493\n|move|p2a: Misdreavus|Will-O-Wisp|p1a: Lokix\n|-status|p1a: Lokix|brn\n|move|p1a: Lokix|Knock Off|p2a: Misdreavus\n|-supereffective|p2a: Misdreavus\n|-damage|p2a: Misdreavus|0 fnt\n|-enditem|p2a: Misdreavus|Eviolite|[from] move: Knock Off|[of] p1a: Lokix\n|faint|p2a: Misdreavus\n|-damage|p1a: Lokix|154/251 brn|[from] item: Life Orb\n|\n|-damage|p1a: Lokix|139/251 brn|[from] brn\n|upkeep\n|\n|t:|1771172500\n|switch|p2a: Roaring Moon|Roaring Moon, L72|270/270\n|turn|5\n|\n|t:|1771172503\n|move|p1a: Lokix|Sucker Punch|p2a: Roaring Moon\n|-resisted|p2a: Roaring Moon\n|-damage|p2a: Roaring Moon|101/270\n|-damage|p1a: Lokix|114/251 brn|[from] item: Life Orb\n|move|p2a: Roaring Moon|Outrage|p1a: Lokix\n|-damage|p1a: Lokix|0 fnt\n|faint|p1a: Lokix\n|\n|upkeep\n|\n|t:|1771172508\n|switch|p1a: Grimmsnarl|Grimmsnarl, L83, M|293/293\n|turn|6\n|\n|t:|1771172511\n|move|p2a: Roaring Moon|Outrage|p1a: Grimmsnarl|[from] lockedmove\n|-immune|p1a: Grimmsnarl\n|-start|p2a: Roaring Moon|confusion|[fatigue]\n|move|p1a: Grimmsnarl|Spirit Break|p2a: Roaring Moon\n|-supereffective|p2a: Roaring Moon\n|-damage|p2a: Roaring Moon|0 fnt\n|faint|p2a: Roaring Moon\n|-end|p2a: Roaring Moon|Protosynthesis|[silent]\n|\n|upkeep\n|\n|t:|1771172516\n|switch|p2a: Bronzong|Bronzong, L88|261/261\n|turn|7\n|\n|t:|1771172520\n|move|p1a: Grimmsnarl|Taunt|p2a: Bronzong\n|-start|p2a: Bronzong|move: Taunt\n|cant|p2a: Bronzong|move: Taunt|Iron Defense\n|\n|upkeep\n|turn|8\n|\n|t:|1771172527\n|move|p1a: Grimmsnarl|Parting Shot|p2a: Bronzong\n|-unboost|p2a: Bronzong|atk|1\n|-unboost|p2a: Bronzong|spa|1\n|\n|t:|1771172533\n|switch|p1a: Deoxys|Deoxys-Attack, L72|191/191|[from] Parting Shot\n|-ability|p1a: Deoxys|Pressure\n|move|p2a: Bronzong|Iron Head|p1a: Deoxys\n|-damage|p1a: Deoxys|16/191\n|\n|upkeep\n|turn|9\n|\n|t:|1771172541\n|move|p1a: Deoxys|Knock Off|p2a: Bronzong\n|-supereffective|p2a: Bronzong\n|-damage|p2a: Bronzong|105/261\n|-enditem|p2a: Bronzong|Leftovers|[from] move: Knock Off|[of] p1a: Deoxys\n|-damage|p1a: Deoxys|0 fnt|[from] item: Life Orb\n|faint|p1a: Deoxys\n|move|p2a: Bronzong|Iron Head|p1: Deoxys|[notarget]\n|-fail|p2a: Bronzong\n|\n|-end|p2a: Bronzong|move: Taunt\n|upkeep\n|\n|t:|1771172548\n|switch|p1a: Grimmsnarl|Grimmsnarl, L83, M|293/293\n|turn|10\n|\n|t:|1771172553\n|move|p1a: Grimmsnarl|Taunt|p2a: Bronzong\n|-start|p2a: Bronzong|move: Taunt\n|move|p2a: Bronzong|Iron Head|p1a: Grimmsnarl\n|-supereffective|p1a: Grimmsnarl\n|-damage|p1a: Grimmsnarl|135/293\n|\n|-heal|p1a: Grimmsnarl|153/293|[from] item: Leftovers\n|upkeep\n|turn|11\n|\n|t:|1771172556\n|move|p1a: Grimmsnarl|Parting Shot|p2a: Bronzong\n|-unboost|p2a: Bronzong|atk|1\n|-unboost|p2a: Bronzong|spa|1\n|\n|t:|1771172561\n|switch|p1a: Inteleon|Inteleon, L81, M|246/246|[from] Parting Shot\n|move|p2a: Bronzong|Iron Head|p1a: Inteleon\n|-resisted|p1a: Inteleon\n|-damage|p1a: Inteleon|216/246\n|\n|upkeep\n|turn|12\n|\n|t:|1771172571\n|move|p1a: Inteleon|Ice Beam|p2a: Bronzong\n|-resisted|p2a: Bronzong\n|-damage|p2a: Bronzong|65/261\n|move|p2a: Bronzong|Psychic Noise|p1a: Inteleon\n|-damage|p1a: Inteleon|162/246\n|-start|p1a: Inteleon|move: Heal Block\n|\n|-end|p2a: Bronzong|move: Taunt\n|upkeep\n|turn|13\n|\n|t:|1771172579\n|switch|p1a: Grimmsnarl|Grimmsnarl, L83, M|153/293\n|move|p2a: Bronzong|Body Press|p1a: Grimmsnarl\n|-damage|p1a: Grimmsnarl|65/293\n|\n|-heal|p1a: Grimmsnarl|83/293|[from] item: Leftovers\n|upkeep\n|turn|14\n|\n|t:|1771172586\n|move|p1a: Grimmsnarl|Parting Shot|p2a: Bronzong\n|-unboost|p2a: Bronzong|atk|1\n|-unboost|p2a: Bronzong|spa|1\n|\n|t:|1771172587\n|switch|p1a: Inteleon|Inteleon, L81, M|162/246|[from] Parting Shot\n|move|p2a: Bronzong|Iron Head|p1a: Inteleon\n|-resisted|p1a: Inteleon\n|-damage|p1a: Inteleon|141/246\n|\n|upkeep\n|turn|15\n|\n|t:|1771172592\n|move|p1a: Inteleon|Hydro Pump|p2a: Bronzong\n|-damage|p2a: Bronzong|0 fnt\n|faint|p2a: Bronzong\n|\n|upkeep\n|\n|t:|1771172594\n|switch|p2a: Arboliva|Arboliva, L91, F|290/290\n|turn|16\n|\n|t:|1771172607\n|switch|p1a: Grimmsnarl|Grimmsnarl, L83, M|83/293\n|move|p2a: Arboliva|Energy Ball|p1a: Grimmsnarl\n|-damage|p1a: Grimmsnarl|0 fnt\n|faint|p1a: Grimmsnarl\n|\n|upkeep\n|\n|t:|1771172612\n|switch|p1a: Persian|Persian, L92, F|269/269\n|turn|17\n|\n|t:|1771172618\n|move|p1a: Persian|Fake Out|p2a: Arboliva\n|-damage|p2a: Arboliva|229/290\n|-fieldstart|move: Grassy Terrain|[from] ability: Seed Sower|[of] p2a: Arboliva\n|cant|p2a: Arboliva|flinch\n|\n|-heal|p2a: Arboliva|247/290|[from] Grassy Terrain\n|-heal|p2a: Arboliva|265/290|[from] item: Leftovers\n|upkeep\n|turn|18\n|\n|t:|1771172621\n|move|p1a: Persian|Knock Off|p2a: Arboliva\n|-damage|p2a: Arboliva|202/290\n|-enditem|p2a: Arboliva|Leftovers|[from] move: Knock Off|[of] p1a: Persian\n|move|p2a: Arboliva|Strength Sap|p1a: Persian\n|-unboost|p1a: Persian|atk|1\n|-heal|p2a: Arboliva|290/290\n|\n|upkeep\n|turn|19\n|\n|t:|1771172629\n|move|p1a: Persian|U-turn|p2a: Arboliva\n|-supereffective|p2a: Arboliva\n|-damage|p2a: Arboliva|234/290\n|\n|t:|1771172630\n|switch|p1a: Toedscruel|Toedscruel, L87, M|281/281|[from] U-turn\n|move|p2a: Arboliva|Energy Ball|p1a: Toedscruel\n|-damage|p1a: Toedscruel|152/281\n|\n|-heal|p1a: Toedscruel|169/281|[from] Grassy Terrain\n|-heal|p1a: Toedscruel|186/281|[from] item: Leftovers\n|-heal|p2a: Arboliva|252/290|[from] Grassy Terrain\n|upkeep\n|turn|20\n|\n|t:|1771172637\n|move|p1a: Toedscruel|Earth Power|p2a: Arboliva\n|-resisted|p2a: Arboliva\n|-damage|p2a: Arboliva|220/290\n|move|p2a: Arboliva|Energy Ball|p1a: Toedscruel\n|-damage|p1a: Toedscruel|63/281\n|\n|-heal|p1a: Toedscruel|80/281|[from] Grassy Terrain\n|-heal|p1a: Toedscruel|97/281|[from] item: Leftovers\n|-heal|p2a: Arboliva|238/290|[from] Grassy Terrain\n|upkeep\n|turn|21\n|\n|t:|1771172643\n|move|p1a: Toedscruel|Earth Power|p2a: Arboliva\n|-resisted|p2a: Arboliva\n|-damage|p2a: Arboliva|204/290\n|move|p2a: Arboliva|Energy Ball|p1a: Toedscruel\n|-damage|p1a: Toedscruel|0 fnt\n|faint|p1a: Toedscruel\n|\n|-heal|p2a: Arboliva|222/290|[from] Grassy Terrain\n|-fieldend|move: Grassy Terrain\n|upkeep\n|\n|t:|1771172650\n|switch|p1a: Inteleon|Inteleon, L81, M|141/246\n|turn|22\n|\n|t:|1771172654\n|-terastallize|p2a: Arboliva|Poison\n|move|p1a: Inteleon|U-turn|p2a: Arboliva\n|-resisted|p2a: Arboliva\n|-damage|p2a: Arboliva|204/290\n|-fieldstart|move: Grassy Terrain|[from] ability: Seed Sower|[of] p2a: Arboliva\n|\n|t:|1771172656\n|switch|p1a: Persian|Persian, L92, F|269/269|[from] U-turn\n|move|p2a: Arboliva|Energy Ball|p1a: Persian\n|-damage|p1a: Persian|77/269\n|\n|-heal|p1a: Persian|93/269|[from] Grassy Terrain\n|-heal|p2a: Arboliva|222/290|[from] Grassy Terrain\n|upkeep\n|turn|23\n|\n|t:|1771172662\n|move|p1a: Persian|Fake Out|p2a: Arboliva\n|-damage|p2a: Arboliva|153/290\n|cant|p2a: Arboliva|flinch\n|\n|-heal|p1a: Persian|109/269|[from] Grassy Terrain\n|-heal|p2a: Arboliva|171/290|[from] Grassy Terrain\n|upkeep\n|turn|24\n|\n|t:|1771172664\n|move|p1a: Persian|Double-Edge|p2a: Arboliva\n|-damage|p2a: Arboliva|51/290\n|-damage|p1a: Persian|69/269|[from] Recoil\n|move|p2a: Arboliva|Strength Sap|p1a: Persian\n|-unboost|p1a: Persian|atk|1\n|-heal|p2a: Arboliva|232/290\n|\n|-heal|p1a: Persian|85/269|[from] Grassy Terrain\n|-heal|p2a: Arboliva|250/290|[from] Grassy Terrain\n|upkeep\n|turn|25\n|\n|t:|1771172671\n|move|p1a: Persian|Double-Edge|p2a: Arboliva\n|-crit|p2a: Arboliva\n|-damage|p2a: Arboliva|72/290\n|-damage|p1a: Persian|26/269|[from] Recoil\n|move|p2a: Arboliva|Energy Ball|p1a: Persian\n|-damage|p1a: Persian|0 fnt\n|faint|p1a: Persian\n|\n|-heal|p2a: Arboliva|90/290|[from] Grassy Terrain\n|upkeep\n|\n|t:|1771172673\n|switch|p1a: Inteleon|Inteleon, L81, M|141/246\n|turn|26\n|\n|t:|1771172676\n|move|p1a: Inteleon|Hydro Pump|p2a: Arboliva\n|-damage|p2a: Arboliva|0 fnt\n|faint|p2a: Arboliva\n|\n|win|xcom-jenkins\n|raw|xcom-jenkins's rating: 1747 &rarr; <strong>1767</strong><br />(+20 for winning)\n|raw|Lezuza's rating: 1750 &rarr; <strong>1730</strong><br />(-20 for losing)\n", "inputlog": ">version 686819e5e19f8a7fd2345cfc5a08a5085efa2cc3\n>start {\"formatid\":\"gen9randombattle\",\"seed\":\"sodium,c2682bf3f039f699f8921e9b7465255f\",\"rated\":\"Rated battle\"}\n>player p1 {\"name\":\"xcom-jenkins\",\"avatar\":\"169\",\"rating\":1747,\"seed\":\"sodium,eff440ea2ba5c51308c1068a1d0eefcd\"}\n>player p2 {\"name\":\"Lezuza\",\"avatar\":\"101\",\"rating\":1750,\"seed\":\"sodium,f2b78a3b83b8debfb0dae2ad6de20d73\"}\n>p1 move swordsdance\n>p2 switch 4\n>p1 move knockoff terastallize\n>p2 move magmastorm\n>p2 switch 3\n>p1 move leechlife\n>p2 move uturn\n>p2 switch 2\n>p2 switch 5\n>p1 move knockoff\n>p2 move willowisp\n>p2 switch 2\n>p1 move suckerpunch\n>p2 move outrage\n>p1 switch 3\n>p1 move spiritbreak\n>p2 move outrage\n>p2 switch 6\n>p1 move taunt\n>p2 move irondefense\n>p1 move partingshot\n>p2 move ironhead\n>p1 switch 6\n>p1 move knockoff\n>p2 move ironhead\n>p1 switch 6\n>p1 move taunt\n>p2 move ironhead\n>p1 move partingshot\n>p2 move ironhead\n>p1 switch 2\n>p1 move icebeam\n>p2 move psychicnoise\n>p1 switch 2\n>p2 move bodypress\n>p1 move partingshot\n>p2 move ironhead\n>p1 switch 2\n>p1 move hydropump\n>p2 move bodypress\n>p2 switch 4\n>p1 switch 2\n>p2 move energyball\n>p1 switch 5\n>p1 move fakeout\n>p2 move strengthsap\n>p1 move knockoff\n>p2 move strengthsap\n>p1 move uturn\n>p2 move energyball\n>p1 switch 4\n>p1 move earthpower\n>p2 move energyball\n>p1 move earthpower\n>p2 move energyball\n>p1 switch 2\n>p1 move uturn\n>p2 move energyball terastallize\n>p1 switch 4\n>p1 move fakeout\n>p2 move strengthsap\n>p1 move doubleedge\n>p2 move strengthsap\n>p1 move doubleedge\n>p2 move energyball\n>p1 switch 4\n>p1 move hydropump\n>p2 move energyball", "uploadtime": 1771172678, "views": 9, "formatid": "gen9randombattle", "rating": 1730, "private": 0, "password": null}