{"id": "gen9randombattle-2540903550", "format": "[Gen 9] Random Battle", "players": ["xavierali", "Valenteddi"], "log": "|j|☆xavierali\n|j|☆Valenteddi\n|t:|1771265637\n|gametype|singles\n|player|p1|xavierali|cynthia-gen4|1893\n|player|p2|Valenteddi|preschooler|1854\n|gen|9\n|tier|[Gen 9] Random Battle\n|rated|\n|rule|Species Clause: Limit one of each Pokémon\n|rule|HP Percentage Mod: HP is shown in percentages\n|rule|Sleep Clause Mod: Limit one foe put to sleep\n|rule|Illusion Level Mod: Illusion disguises the Pokémon's true level\n|\n|t:|1771265637\n|teamsize|p1|6\n|teamsize|p2|6\n|start\n|switch|p1a: Typhlosion|Typhlosion, L84, F|267/267\n|switch|p2a: Salazzle|Salazzle, L83, F|249/249\n|turn|1\n|inactive|Battle timer is ON: inactive players will automatically lose when time's up. (requested by xavierali)\n|\n|t:|1771265657\n|move|p2a: Salazzle|Protect|p2a: Salazzle\n|-singleturn|p2a: Salazzle|Protect\n|move|p1a: Typhlosion|Scorching Sands|p2a: Salazzle\n|-activate|p2a: Salazzle|move: Protect\n|\n|upkeep\n|turn|2\n|\n|t:|1771265671\n|switch|p2a: Lilligant|Lilligant, L86, F|261/261\n|move|p1a: Typhlosion|Scorching Sands|p2a: Lilligant\n|-resisted|p2a: Lilligant\n|-damage|p2a: Lilligant|213/261\n|\n|upkeep\n|turn|3\n|\n|t:|1771265676\n|switch|p1a: Meowstic|Meowstic-F, L89, F|277/277\n|move|p2a: Lilligant|Quiver Dance|p2a: Lilligant\n|-boost|p2a: Lilligant|spa|1\n|-boost|p2a: Lilligant|spd|1\n|-boost|p2a: Lilligant|spe|1\n|\n|upkeep\n|turn|4\n|\n|t:|1771265684\n|move|p2a: Lilligant|Sleep Powder|p1a: Meowstic|[miss]\n|-miss|p2a: Lilligant|p1a: Meowstic\n|move|p1a: Meowstic|Nasty Plot|p1a: Meowstic\n|-boost|p1a: Meowstic|spa|2\n|\n|upkeep\n|turn|5\n|\n|t:|1771265691\n|move|p2a: Lilligant|Sleep Powder|p1a: Meowstic\n|-status|p1a: Meowstic|slp|[from] move: Sleep Powder\n|cant|p1a: Meowstic|slp\n|\n|upkeep\n|turn|6\n|\n|t:|1771265693\n|move|p2a: Lilligant|Giga Drain|p1a: Meowstic\n|-damage|p1a: Meowstic|100/277 slp\n|-heal|p2a: Lilligant|261/261|[from] drain|[of] p1a: Meowstic\n|-damage|p2a: Lilligant|235/261|[from] item: Life Orb\n|cant|p1a: Meowstic|slp\n|\n|upkeep\n|turn|7\n|\n|t:|1771265719\n|move|p2a: Lilligant|Giga Drain|p1a: Meowstic\n|-damage|p1a: Meowstic|0 fnt\n|-heal|p2a: Lilligant|261/261|[from] drain|[of] p1a: Meowstic\n|faint|p1a: Meowstic\n|-damage|p2a: Lilligant|235/261|[from] item: Life Orb\n|\n|upkeep\n|\n|t:|1771265727\n|switch|p1a: Typhlosion|Typhlosion, L84, F|267/267\n|turn|8\n|\n|t:|1771265749\n|-terastallize|p2a: Lilligant|Rock\n|move|p2a: Lilligant|Tera Blast|p1a: Typhlosion|[anim] Tera Blast Rock\n|-supereffective|p1a: Typhlosion\n|-damage|p1a: Typhlosion|0 fnt\n|faint|p1a: Typhlosion\n|-damage|p2a: Lilligant|209/261|[from] item: Life Orb\n|\n|upkeep\n|inactive|xavierali has 120 seconds left.\n|\n|t:|1771265772\n|switch|p1a: Phione|Phione, L91|293/293\n|turn|9\n|inactive|xavierali has 120 seconds left.\n|inactive|Valenteddi has 120 seconds left.\n|\n|t:|1771265806\n|-terastallize|p1a: Phione|Dragon\n|move|p2a: Lilligant|Sleep Powder|p1a: Phione\n|-status|p1a: Phione|slp|[from] move: Sleep Powder\n|cant|p1a: Phione|slp\n|move|p1a: Phione|Sleep Talk|p1a: Phione\n|move|p1a: Phione|Rest||[from] move: Sleep Talk|[still]\n|-fail|p1a: Phione\n|\n|upkeep\n|turn|10\n|inactive|xavierali has 120 seconds left.\n|\n|t:|1771265820\n|move|p2a: Lilligant|Tera Blast|p1a: Phione|[anim] Tera Blast Rock\n|-damage|p1a: Phione|110/293 slp\n|-damage|p2a: Lilligant|183/261|[from] item: Life Orb\n|-curestatus|p1a: Phione|slp|[msg]\n|move|p1a: Phione|Sleep Talk||[still]\n|-fail|p1a: Phione\n|\n|-heal|p1a: Phione|128/293|[from] item: Leftovers\n|upkeep\n|turn|11\n|-message|xavierali forfeited.\n|\n|win|Valenteddi\n|raw|xavierali's rating: 1893 &rarr; <strong>1871</strong><br />(-22 for losing)\n|raw|Valenteddi's rating: 1854 &rarr; <strong>1876</strong><br />(+22 for winning)\n|l|☆xavierali\n|player|p1|\n", "inputlog": ">version 686819e5e19f8a7fd2345cfc5a08a5085efa2cc3\n>start {\"formatid\":\"gen9randombattle\",\"seed\":\"sodium,64b82aa99741961ff12020502871d2a5\",\"rated\":\"Rated battle\"}\n>player p1 {\"name\":\"xavierali\",\"avatar\":\"cynthia-gen4\",\"rating\":1893,\"seed\":\"sodium,52ddca1334ea6edde397ecae33221452\"}\n>player p2 {\"name\":\"Valenteddi\",\"avatar\":\"preschooler\",\"rating\":1854,\"seed\":\"sodium,b641700c64c74e0cc805a2f9272efd59\"}\n>p1 move scorchingsands\n>p2 move protect\n>p1 move scorchingsands\n>p2 switch 5\n>p1 switch 6\n>p2 move quiverdance\n>p1 move nastyplot\n>p2 move sleeppowder\n>p1 move psyshock\n>p2 move sleeppowder\n>p1 move psyshock\n>p2 move gigadrain\n>p1 move psyshock\n>p2 move gigadrain\n>p1 switch 6\n>p1 move fireblast\n>p2 move terablast terastallize\n>p1 switch 4\n>p1 move sleeptalk terastallize\n>p2 move sleeppowder\n>p1 move sleeptalk\n>p2 move terablast\n>forcelose p1", "uploadtime": 1771265839, "views": 2, "formatid": "gen9randombattle", "rating": 1871, "private": 0, "password": null}