{"id": "gen9randombattle-2540557076", "format": "[Gen 9] Random Battle", "players": ["AlIoutdragadarts", "Xerneas2"], "log": "|badge|p1|bronze|gen9randombattle|100-8\n|uhtml|medal-msg|<div class=\"broadcast-blue\">Curious what those medals under the avatar are? PS now has Ladder Seasons! For more information, check out the <a href=\"https://www.smogon.com/forums/threads/3740067/\">thread on Smogon.</a></div>\n|j|☆AlIoutdragadarts\n|j|☆Xerneas2\n|t:|1771217630\n|gametype|singles\n|player|p1|AlIoutdragadarts|schoolkid|2276\n|player|p2|Xerneas2|lyra|2254\n|gen|9\n|tier|[Gen 9] Random Battle\n|rated|\n|rule|Species Clause: Limit one of each Pokémon\n|rule|HP Percentage Mod: HP is shown in percentages\n|rule|Sleep Clause Mod: Limit one foe put to sleep\n|rule|Illusion Level Mod: Illusion disguises the Pokémon's true level\n|\n|t:|1771217630\n|teamsize|p1|6\n|teamsize|p2|6\n|start\n|switch|p1a: Kyurem|Kyurem-Black, L71|295/295\n|switch|p2a: Moltres|Moltres, L81|278/278\n|-ability|p1a: Kyurem|Teravolt\n|turn|1\n|\n|t:|1771217673\n|move|p2a: Moltres|Fire Blast|p1a: Kyurem\n|-damage|p1a: Kyurem|136/295\n|move|p1a: Kyurem|Dragon Dance|p1a: Kyurem\n|-boost|p1a: Kyurem|atk|1\n|-boost|p1a: Kyurem|spe|1\n|\n|upkeep\n|turn|2\n|\n|t:|1771217707\n|switch|p2a: Landorus|Landorus-Therian, L76, M|260/260\n|-ability|p2a: Landorus|Intimidate|boost\n|-unboost|p1a: Kyurem|atk|1\n|move|p1a: Kyurem|Scale Shot|p2a: Landorus\n|-damage|p2a: Landorus|227/260\n|-damage|p2a: Landorus|196/260\n|-damage|p2a: Landorus|160/260\n|-damage|p2a: Landorus|129/260\n|-hitcount|p2a: Landorus|4\n|-unboost|p1a: Kyurem|def|1\n|-boost|p1a: Kyurem|spe|1\n|\n|-heal|p2a: Landorus|145/260|[from] item: Leftovers\n|upkeep\n|turn|3\n|\n|t:|1771217748\n|switch|p2a: Bisharp|Bisharp, L79, M|232/232\n|move|p1a: Kyurem|Icicle Spear|p2a: Bisharp\n|-resisted|p2a: Bisharp\n|-damage|p2a: Bisharp|221/232\n|-resisted|p2a: Bisharp\n|-damage|p2a: Bisharp|212/232\n|-resisted|p2a: Bisharp\n|-damage|p2a: Bisharp|202/232\n|-resisted|p2a: Bisharp\n|-damage|p2a: Bisharp|193/232\n|-resisted|p2a: Bisharp\n|-damage|p2a: Bisharp|184/232\n|-hitcount|p2a: Bisharp|5\n|\n|upkeep\n|turn|4\n|\n|t:|1771217777\n|move|p1a: Kyurem|Icicle Spear|p2a: Bisharp\n|-resisted|p2a: Bisharp\n|-damage|p2a: Bisharp|173/232\n|-resisted|p2a: Bisharp\n|-crit|p2a: Bisharp\n|-damage|p2a: Bisharp|158/232\n|-resisted|p2a: Bisharp\n|-damage|p2a: Bisharp|149/232\n|-resisted|p2a: Bisharp\n|-damage|p2a: Bisharp|140/232\n|-resisted|p2a: Bisharp\n|-damage|p2a: Bisharp|130/232\n|-hitcount|p2a: Bisharp|5\n|move|p2a: Bisharp|Iron Head|p1a: Kyurem\n|-supereffective|p1a: Kyurem\n|-damage|p1a: Kyurem|0 fnt\n|faint|p1a: Kyurem\n|\n|upkeep\n|\n|t:|1771217785\n|switch|p1a: Quaquaval|Quaquaval, L79, M|264/264\n|turn|5\n|\n|t:|1771217823\n|switch|p2a: Lumineon|Lumineon, L93, F|279/279\n|move|p1a: Quaquaval|Aqua Step|p2a: Lumineon\n|-ability|p2a: Lumineon|Storm Drain|boost\n|-boost|p2a: Lumineon|spa|1\n|\n|upkeep\n|turn|6\n|\n|t:|1771217848\n|switch|p1a: Florges|Florges-White, L85, F|271/271\n|move|p2a: Lumineon|Hydro Pump|p1a: Florges\n|-damage|p1a: Florges|172/271\n|\n|-heal|p1a: Florges|188/271|[from] item: Leftovers\n|upkeep\n|turn|7\n|\n|t:|1771217866\n|move|p2a: Lumineon|Hydro Pump|p1a: Florges\n|-damage|p1a: Florges|91/271\n|move|p1a: Florges|Moonblast|p2a: Lumineon\n|-damage|p2a: Lumineon|177/279\n|-unboost|p2a: Lumineon|spa|1\n|\n|-heal|p1a: Florges|107/271|[from] item: Leftovers\n|upkeep\n|turn|8\n|\n|t:|1771217879\n|move|p2a: Lumineon|Hydro Pump|p1a: Florges\n|-damage|p1a: Florges|37/271\n|move|p1a: Florges|Wish|p1a: Florges\n|\n|-heal|p1a: Florges|53/271|[from] item: Leftovers\n|upkeep\n|turn|9\n|\n|t:|1771217908\n|switch|p2a: Bisharp|Bisharp, L79, M|130/232\n|move|p1a: Florges|Protect||[still]\n|-fail|p1a: Florges\n|\n|-heal|p1a: Florges|188/271|[from] move: Wish|[wisher] Florges\n|-heal|p1a: Florges|204/271|[from] item: Leftovers\n|upkeep\n|turn|10\n|\n|t:|1771217914\n|switch|p1a: Quaquaval|Quaquaval, L79, M|264/264\n|move|p2a: Bisharp|Iron Head|p1a: Quaquaval\n|-resisted|p1a: Quaquaval\n|-damage|p1a: Quaquaval|215/264\n|\n|upkeep\n|turn|11\n|\n|t:|1771217928\n|switch|p2a: Moltres|Moltres, L81|278/278\n|move|p1a: Quaquaval|Aqua Step|p2a: Moltres\n|-supereffective|p2a: Moltres\n|-damage|p2a: Moltres|0 fnt\n|-boost|p1a: Quaquaval|spe|1\n|faint|p2a: Moltres\n|-ability|p1a: Quaquaval|Moxie|boost\n|-boost|p1a: Quaquaval|atk|1\n|\n|upkeep\n|\n|t:|1771217937\n|switch|p2a: Lumineon|Lumineon, L93, F|177/279\n|turn|12\n|\n|t:|1771217953\n|switch|p1a: Zarude|Zarude-Dada, L77|288/288\n|move|p2a: Lumineon|U-turn|p1a: Zarude\n|-supereffective|p1a: Zarude\n|-damage|p1a: Zarude|104/288\n|\n|t:|1771217960\n|switch|p2a: Conkeldurr|Conkeldurr, L80, F|299/299|[from] U-turn\n|\n|-status|p2a: Conkeldurr|brn|[from] item: Flame Orb\n|upkeep\n|turn|13\n|\n|t:|1771217966\n|move|p2a: Conkeldurr|Mach Punch|p1a: Zarude\n|-supereffective|p1a: Zarude\n|-damage|p1a: Zarude|0 fnt\n|faint|p1a: Zarude\n|\n|-damage|p2a: Conkeldurr|281/299 brn|[from] brn\n|upkeep\n|\n|t:|1771217970\n|switch|p1a: Florges|Florges-White, L85, F|204/271\n|turn|14\n|\n|t:|1771217974\n|-terastallize|p2a: Conkeldurr|Normal\n|move|p1a: Florges|Moonblast|p2a: Conkeldurr\n|-damage|p2a: Conkeldurr|119/299 brn\n|-unboost|p2a: Conkeldurr|spa|1\n|move|p2a: Conkeldurr|Facade|p1a: Florges\n|-damage|p1a: Florges|0 fnt\n|faint|p1a: Florges\n|\n|-damage|p2a: Conkeldurr|101/299 brn|[from] brn\n|upkeep\n|\n|t:|1771217981\n|switch|p1a: Quaquaval|Quaquaval, L79, M|215/264\n|turn|15\n|\n|t:|1771217987\n|move|p2a: Conkeldurr|Mach Punch|p1a: Quaquaval\n|-damage|p1a: Quaquaval|124/264\n|move|p1a: Quaquaval|Close Combat|p2a: Conkeldurr\n|-supereffective|p2a: Conkeldurr\n|-damage|p2a: Conkeldurr|0 fnt\n|-unboost|p1a: Quaquaval|def|1\n|-unboost|p1a: Quaquaval|spd|1\n|faint|p2a: Conkeldurr\n|-ability|p1a: Quaquaval|Moxie|boost\n|-boost|p1a: Quaquaval|atk|1\n|\n|upkeep\n|\n|t:|1771217992\n|switch|p2a: Landorus|Landorus-Therian, L76, M|145/260\n|-ability|p2a: Landorus|Intimidate|boost\n|-unboost|p1a: Quaquaval|atk|1\n|turn|16\n|\n|t:|1771218002\n|move|p2a: Landorus|Earthquake|p1a: Quaquaval\n|-damage|p1a: Quaquaval|0 fnt\n|faint|p1a: Quaquaval\n|\n|-heal|p2a: Landorus|161/260|[from] item: Leftovers\n|upkeep\n|\n|t:|1771218005\n|switch|p1a: Floatzel|Floatzel, L86, M|286/286\n|turn|17\n|\n|t:|1771218013\n|switch|p2a: Lumineon|Lumineon, L93, F|177/279\n|move|p1a: Floatzel|Bulk Up|p1a: Floatzel\n|-boost|p1a: Floatzel|atk|1\n|-boost|p1a: Floatzel|def|1\n|\n|upkeep\n|turn|18\n|\n|t:|1771218022\n|move|p1a: Floatzel|Taunt|p2a: Lumineon\n|-start|p2a: Lumineon|move: Taunt\n|cant|p2a: Lumineon|move: Taunt|Encore\n|\n|upkeep\n|turn|19\n|\n|t:|1771218029\n|move|p1a: Floatzel|Bulk Up|p1a: Floatzel\n|-boost|p1a: Floatzel|atk|1\n|-boost|p1a: Floatzel|def|1\n|move|p2a: Lumineon|U-turn|p1a: Floatzel\n|-damage|p1a: Floatzel|253/286\n|\n|t:|1771218069\n|switch|p2a: Luxray|Luxray, L88, M|284/284|[from] U-turn\n|-ability|p2a: Luxray|Intimidate|boost\n|-unboost|p1a: Floatzel|atk|1\n|\n|-heal|p1a: Floatzel|270/286|[from] item: Leftovers\n|upkeep\n|turn|20\n|\n|t:|1771218093\n|switch|p2a: Landorus|Landorus-Therian, L76, M|161/260\n|-ability|p2a: Landorus|Intimidate|boost\n|-unboost|p1a: Floatzel|atk|1\n|move|p1a: Floatzel|Bulk Up|p1a: Floatzel\n|-boost|p1a: Floatzel|atk|1\n|-boost|p1a: Floatzel|def|1\n|\n|-heal|p1a: Floatzel|286/286|[from] item: Leftovers\n|-heal|p2a: Landorus|177/260|[from] item: Leftovers\n|upkeep\n|turn|21\n|\n|t:|1771218109\n|move|p1a: Floatzel|Bulk Up|p1a: Floatzel\n|-boost|p1a: Floatzel|atk|1\n|-boost|p1a: Floatzel|def|1\n|move|p2a: Landorus|Taunt|p1a: Floatzel\n|-start|p1a: Floatzel|move: Taunt\n|\n|-heal|p2a: Landorus|193/260|[from] item: Leftovers\n|upkeep\n|turn|22\n|\n|t:|1771218118\n|switch|p2a: Lumineon|Lumineon, L93, F|177/279\n|move|p1a: Floatzel|Ice Spinner|p2a: Lumineon\n|-resisted|p2a: Lumineon\n|-damage|p2a: Lumineon|116/279\n|\n|upkeep\n|turn|23\n|\n|t:|1771218124\n|move|p1a: Floatzel|Ice Spinner|p2a: Lumineon\n|-resisted|p2a: Lumineon\n|-damage|p2a: Lumineon|50/279\n|move|p2a: Lumineon|Encore|p1a: Floatzel\n|-start|p1a: Floatzel|Encore\n|\n|upkeep\n|turn|24\n|\n|t:|1771218134\n|switch|p2a: Luxray|Luxray, L88, M|284/284\n|-ability|p2a: Luxray|Intimidate|boost\n|-unboost|p1a: Floatzel|atk|1\n|move|p1a: Floatzel|Ice Spinner|p2a: Luxray\n|-damage|p2a: Luxray|191/284\n|\n|-end|p1a: Floatzel|move: Taunt\n|upkeep\n|turn|25\n|\n|t:|1771218142\n|move|p1a: Floatzel|Ice Spinner|p2a: Luxray\n|-damage|p2a: Luxray|101/284\n|move|p2a: Luxray|Volt Switch|p1a: Floatzel\n|-supereffective|p1a: Floatzel\n|-damage|p1a: Floatzel|68/286\n|\n|t:|1771218151\n|switch|p2a: Bisharp|Bisharp, L79, M|130/232|[from] Volt Switch\n|\n|-heal|p1a: Floatzel|85/286|[from] item: Leftovers\n|upkeep\n|turn|26\n|\n|t:|1771218159\n|move|p1a: Floatzel|Ice Spinner|p2a: Bisharp\n|-resisted|p2a: Bisharp\n|-damage|p2a: Bisharp|101/232\n|move|p2a: Bisharp|Throat Chop|p1a: Floatzel\n|-damage|p1a: Floatzel|46/286\n|-start|p1a: Floatzel|Throat Chop|[silent]\n|\n|-heal|p1a: Floatzel|63/286|[from] item: Leftovers\n|-end|p1a: Floatzel|Encore\n|upkeep\n|turn|27\n|\n|t:|1771218173\n|move|p1a: Floatzel|Wave Crash|p2a: Bisharp\n|-damage|p2a: Bisharp|0 fnt\n|faint|p2a: Bisharp\n|-damage|p1a: Floatzel|30/286|[from] Recoil\n|\n|-heal|p1a: Floatzel|47/286|[from] item: Leftovers\n|-end|p1a: Floatzel|Throat Chop|[silent]\n|upkeep\n|\n|t:|1771218186\n|switch|p2a: Luxray|Luxray, L88, M|101/284\n|-ability|p2a: Luxray|Intimidate|boost\n|-unboost|p1a: Floatzel|atk|1\n|turn|28\n|\n|t:|1771218204\n|switch|p2a: Landorus|Landorus-Therian, L76, M|193/260\n|-ability|p2a: Landorus|Intimidate|boost\n|-unboost|p1a: Floatzel|atk|1\n|move|p1a: Floatzel|Wave Crash|p2a: Landorus\n|-supereffective|p2a: Landorus\n|-damage|p2a: Landorus|1/260\n|-damage|p1a: Floatzel|0 fnt|[from] Recoil\n|faint|p1a: Floatzel\n|\n|-heal|p2a: Landorus|17/260|[from] item: Leftovers\n|upkeep\n|\n|t:|1771218211\n|switch|p1a: Victreebel|Victreebel, L90, M|290/290\n|turn|29\n|\n|t:|1771218237\n|move|p2a: Landorus|Taunt|p1a: Victreebel\n|-start|p1a: Victreebel|move: Taunt\n|move|p1a: Victreebel|Sludge Wave|p2a: Landorus\n|-resisted|p2a: Landorus\n|-damage|p2a: Landorus|0 fnt\n|faint|p2a: Landorus\n|-damage|p1a: Victreebel|261/290|[from] item: Life Orb\n|\n|upkeep\n|\n|t:|1771218266\n|switch|p2a: Luxray|Luxray, L88, M|101/284\n|-ability|p2a: Luxray|Intimidate|boost\n|-unboost|p1a: Victreebel|atk|1\n|turn|30\n|\n|t:|1771218279\n|move|p1a: Victreebel|Power Whip|p2a: Luxray\n|-damage|p2a: Luxray|0 fnt\n|faint|p2a: Luxray\n|-damage|p1a: Victreebel|232/290|[from] item: Life Orb\n|\n|upkeep\n|\n|t:|1771218285\n|switch|p2a: Lumineon|Lumineon, L93, F|50/279\n|turn|31\n|\n|t:|1771218312\n|move|p2a: Lumineon|Hydro Pump|p1a: Victreebel\n|-resisted|p1a: Victreebel\n|-damage|p1a: Victreebel|175/290\n|move|p1a: Victreebel|Sludge Wave|p2a: Lumineon\n|-damage|p2a: Lumineon|0 fnt\n|faint|p2a: Lumineon\n|-damage|p1a: Victreebel|146/290|[from] item: Life Orb\n|\n|win|AlIoutdragadarts\n|raw|AlIoutdragadarts's rating: 2276 &rarr; <strong>2295</strong><br />(+19 for winning)\n|raw|Xerneas2's rating: 2254 &rarr; <strong>2235</strong><br />(-19 for losing)\n|l|☆Xerneas2\n|player|p2|\n|c|☆AlIoutdragadarts|how\n", "inputlog": ">version 686819e5e19f8a7fd2345cfc5a08a5085efa2cc3\n>start {\"formatid\":\"gen9randombattle\",\"seed\":\"sodium,3e74aaeff0854b22d900b04accfb0a38\",\"rated\":\"Rated battle\"}\n>player p1 {\"name\":\"AlIoutdragadarts\",\"avatar\":\"schoolkid\",\"rating\":2276,\"seed\":\"sodium,d9d503b10e8ccd5814c8419013cfcafa\"}\n>player p2 {\"name\":\"Xerneas2\",\"avatar\":\"lyra\",\"rating\":2254,\"seed\":\"sodium,4a36316e5d98215bf2f23b9fa8ff358e\"}\n>p1 move dragondance\n>p2 move fireblast\n>p1 move scaleshot\n>p2 switch 3\n>p1 move iciclespear\n>p2 switch 4\n>p1 move iciclespear\n>p2 move ironhead\n>p1 switch 2\n>p1 move aquastep\n>p2 switch 5\n>p1 switch 4\n>p2 move hydropump\n>p1 move moonblast\n>p2 move hydropump\n>p1 move wish\n>p2 move hydropump\n>p1 move protect\n>p2 switch 5\n>p1 switch 4\n>p2 move ironhead\n>p1 move aquastep\n>p2 switch 3\n>p2 switch 5\n>p1 switch 6\n>p2 move uturn\n>p2 switch 6\n>p1 move powerwhip\n>p2 move machpunch\n>p1 switch 4\n>p1 move moonblast\n>p2 move facade terastallize\n>p1 switch 6\n>p1 move closecombat\n>p2 move machpunch\n>p2 switch 4\n>p1 move closecombat\n>p2 move earthquake\n>p1 switch 5\n>p1 move bulkup\n>p2 switch 6\n>p1 move taunt\n>p2 move encore\n>p1 move bulkup\n>p2 move uturn\n>p2 switch 2\n>p1 move bulkup\n>p2 switch 6\n>p1 move bulkup\n>p2 move taunt\n>p1 move icespinner\n>p2 switch 2\n>p1 move icespinner\n>p2 move encore\n>p1 move icespinner\n>p2 switch 6\n>p1 move icespinner\n>p2 move voltswitch\n>p2 switch 3\n>p1 move icespinner\n>p2 move throatchop\n>p1 move wavecrash\n>p2 move throatchop\n>p2 switch 3\n>p1 move wavecrash\n>p2 switch 2\n>p1 switch 3\n>p1 move sludgewave\n>p2 move taunt\n>p2 switch 2\n>p1 move powerwhip\n>p2 move throatchop\n>p2 switch 6\n>p1 move sludgewave\n>p2 move hydropump", "uploadtime": 1771218327, "views": 14, "formatid": "gen9randombattle", "rating": 2235, "private": 0, "password": null}