{"id": "gen9randombattle-2540888553", "format": "[Gen 9] Random Battle", "players": ["burpmonster", "Pokepeeper12"], "log": "|j|☆burpmonster\n|j|☆Pokepeeper12\n|t:|1771264186\n|gametype|singles\n|player|p1|burpmonster|firebreather|1577\n|player|p2|Pokepeeper12|skyla|1546\n|gen|9\n|tier|[Gen 9] Random Battle\n|rated|\n|rule|Species Clause: Limit one of each Pokémon\n|rule|HP Percentage Mod: HP is shown in percentages\n|rule|Sleep Clause Mod: Limit one foe put to sleep\n|rule|Illusion Level Mod: Illusion disguises the Pokémon's true level\n|\n|t:|1771264186\n|teamsize|p1|6\n|teamsize|p2|6\n|start\n|switch|p1a: Rotom|Rotom-Mow, L87|229/229\n|switch|p2a: Tauros|Tauros-Paldea-Combat, L82, M|257/257\n|-ability|p2a: Tauros|Intimidate|boost\n|-unboost|p1a: Rotom|atk|1\n|turn|1\n|\n|t:|1771264196\n|move|p2a: Tauros|Close Combat|p1a: Rotom\n|-damage|p1a: Rotom|70/229\n|-unboost|p2a: Tauros|def|1\n|-unboost|p2a: Tauros|spd|1\n|move|p1a: Rotom|Will-O-Wisp|p2a: Tauros\n|-status|p2a: Tauros|brn\n|\n|-heal|p1a: Rotom|84/229|[from] item: Leftovers\n|-damage|p2a: Tauros|241/257 brn|[from] brn\n|upkeep\n|turn|2\n|\n|t:|1771264206\n|move|p2a: Tauros|Close Combat|p1a: Rotom\n|-damage|p1a: Rotom|7/229\n|-unboost|p2a: Tauros|def|1\n|-unboost|p2a: Tauros|spd|1\n|move|p1a: Rotom|Volt Switch|p2a: Tauros\n|-damage|p2a: Tauros|45/257 brn\n|\n|t:|1771264226\n|switch|p1a: Infernape|Infernape, L82, F|259/259|[from] Volt Switch\n|\n|-damage|p2a: Tauros|29/257 brn|[from] brn\n|upkeep\n|turn|3\n|\n|t:|1771264230\n|move|p1a: Infernape|Grass Knot|p2a: Tauros\n|-damage|p2a: Tauros|0 fnt\n|faint|p2a: Tauros\n|-damage|p1a: Infernape|234/259|[from] item: Life Orb\n|\n|upkeep\n|\n|t:|1771264245\n|switch|p2a: Scrafty|Scrafty, L84, M|246/246\n|-ability|p2a: Scrafty|Intimidate|boost\n|-unboost|p1a: Infernape|atk|1\n|turn|4\n|\n|t:|1771264261\n|-terastallize|p2a: Scrafty|Poison\n|move|p1a: Infernape|Grass Knot|p2a: Scrafty\n|-resisted|p2a: Scrafty\n|-damage|p2a: Scrafty|225/246\n|-damage|p1a: Infernape|209/259|[from] item: Life Orb\n|move|p2a: Scrafty|Dragon Dance|p2a: Scrafty\n|-boost|p2a: Scrafty|atk|1\n|-boost|p2a: Scrafty|spe|1\n|\n|-heal|p2a: Scrafty|240/246|[from] item: Leftovers\n|upkeep\n|turn|5\n|\n|t:|1771264266\n|move|p1a: Infernape|Overheat|p2a: Scrafty\n|-damage|p2a: Scrafty|96/246\n|-unboost|p1a: Infernape|spa|2\n|-damage|p1a: Infernape|184/259|[from] item: Life Orb\n|move|p2a: Scrafty|Dragon Dance|p2a: Scrafty\n|-boost|p2a: Scrafty|atk|1\n|-boost|p2a: Scrafty|spe|1\n|\n|-heal|p2a: Scrafty|111/246|[from] item: Leftovers\n|upkeep\n|turn|6\n|\n|t:|1771264292\n|switch|p1a: Hawlucha|Hawlucha, L80, F|256/256\n|move|p2a: Scrafty|Drain Punch|p1a: Hawlucha\n|-resisted|p1a: Hawlucha\n|-damage|p1a: Hawlucha|176/256\n|-heal|p2a: Scrafty|151/246|[from] drain|[of] p1a: Hawlucha\n|\n|-heal|p2a: Scrafty|166/246|[from] item: Leftovers\n|upkeep\n|turn|7\n|\n|t:|1771264300\n|move|p2a: Scrafty|Poison Jab|p1a: Hawlucha\n|-damage|p1a: Hawlucha|0 fnt\n|faint|p1a: Hawlucha\n|\n|-heal|p2a: Scrafty|181/246|[from] item: Leftovers\n|upkeep\n|\n|t:|1771264303\n|switch|p1a: Rotom|Rotom-Mow, L87|7/229\n|turn|8\n|\n|t:|1771264324\n|move|p2a: Scrafty|Poison Jab|p1a: Rotom\n|-supereffective|p1a: Rotom\n|-damage|p1a: Rotom|0 fnt\n|faint|p1a: Rotom\n|\n|-heal|p2a: Scrafty|196/246|[from] item: Leftovers\n|upkeep\n|\n|t:|1771264340\n|switch|p1a: Delibird|Delibird, F|252/252\n|turn|9\n|\n|t:|1771264360\n|move|p2a: Scrafty|Poison Jab|p1a: Delibird\n|-damage|p1a: Delibird|56/252\n|move|p1a: Delibird|Rapid Spin|p2a: Scrafty\n|-damage|p2a: Scrafty|170/246\n|-boost|p1a: Delibird|spe|1\n|\n|-heal|p2a: Scrafty|185/246|[from] item: Leftovers\n|upkeep\n|turn|10\n|\n|t:|1771264373\n|move|p1a: Delibird|Brave Bird|p2a: Scrafty\n|-damage|p2a: Scrafty|91/246\n|-damage|p1a: Delibird|25/252|[from] Recoil\n|move|p2a: Scrafty|Drain Punch|p1a: Delibird\n|-damage|p1a: Delibird|0 fnt\n|-heal|p2a: Scrafty|104/246|[from] drain|[of] p1a: Delibird\n|faint|p1a: Delibird\n|\n|-heal|p2a: Scrafty|119/246|[from] item: Leftovers\n|upkeep\n|\n|t:|1771264384\n|switch|p1a: Swalot|Swalot, L90, F|326/326\n|turn|11\n|\n|t:|1771264391\n|move|p2a: Scrafty|Knock Off|p1a: Swalot\n|-damage|p1a: Swalot|142/326\n|-enditem|p1a: Swalot|Leftovers|[from] move: Knock Off|[of] p2a: Scrafty\n|move|p1a: Swalot|Earthquake|p2a: Scrafty\n|-supereffective|p2a: Scrafty\n|-damage|p2a: Scrafty|9/246\n|\n|-heal|p2a: Scrafty|24/246|[from] item: Leftovers\n|upkeep\n|turn|12\n|\n|t:|1771264396\n|move|p2a: Scrafty|Knock Off|p1a: Swalot\n|-damage|p1a: Swalot|6/326\n|move|p1a: Swalot|Earthquake|p2a: Scrafty\n|-supereffective|p2a: Scrafty\n|-damage|p2a: Scrafty|0 fnt\n|faint|p2a: Scrafty\n|\n|upkeep\n|\n|t:|1771264406\n|switch|p2a: Lokix|Lokix, L82, F|251/251\n|turn|13\n|\n|t:|1771264414\n|move|p2a: Lokix|U-turn|p1a: Swalot\n|-resisted|p1a: Swalot\n|-damage|p1a: Swalot|0 fnt\n|faint|p1a: Swalot\n|\n|t:|1771264421\n|switch|p2a: Arceus|Arceus-Poison, L70|284/284|[from] U-turn\n|\n|upkeep\n|\n|t:|1771264425\n|switch|p1a: Giratina|Giratina-Origin, L72|335/335\n|turn|14\n|\n|t:|1771264435\n|switch|p2a: Lokix|Lokix, L82, F|251/251\n|move|p1a: Giratina|Will-O-Wisp|p2a: Lokix\n|-status|p2a: Lokix|brn\n|\n|-damage|p2a: Lokix|236/251 brn|[from] brn\n|upkeep\n|turn|15\n|\n|t:|1771264443\n|move|p2a: Lokix|Knock Off|p1a: Giratina\n|-supereffective|p1a: Giratina\n|-damage|p1a: Giratina|269/335\n|move|p1a: Giratina|Draco Meteor|p2a: Lokix\n|-damage|p2a: Lokix|37/251 brn\n|-unboost|p1a: Giratina|spa|2\n|\n|-damage|p2a: Lokix|22/251 brn|[from] brn\n|upkeep\n|turn|16\n|\n|t:|1771264451\n|switch|p1a: Infernape|Infernape, L82, F|184/259\n|move|p2a: Lokix|Knock Off|p1a: Infernape\n|-resisted|p1a: Infernape\n|-damage|p1a: Infernape|122/259\n|-enditem|p1a: Infernape|Life Orb|[from] move: Knock Off|[of] p2a: Lokix\n|\n|-damage|p2a: Lokix|7/251 brn|[from] brn\n|upkeep\n|turn|17\n|\n|t:|1771264461\n|move|p1a: Infernape|Grass Knot|p2a: Lokix\n|-resisted|p2a: Lokix\n|-damage|p2a: Lokix|0 fnt\n|faint|p2a: Lokix\n|\n|upkeep\n|\n|t:|1771264470\n|switch|p2a: Magcargo|Magcargo, L95, M|268/268\n|turn|18\n|\n|t:|1771264476\n|move|p1a: Infernape|Close Combat|p2a: Magcargo\n|-supereffective|p2a: Magcargo\n|-damage|p2a: Magcargo|82/268\n|-unboost|p1a: Infernape|def|1\n|-unboost|p1a: Infernape|spd|1\n|-ability|p2a: Magcargo|Weak Armor|boost\n|-unboost|p2a: Magcargo|def|1\n|-boost|p2a: Magcargo|spe|2\n|move|p2a: Magcargo|Shell Smash|p2a: Magcargo\n|-unboost|p2a: Magcargo|def|1\n|-unboost|p2a: Magcargo|spd|1\n|-boost|p2a: Magcargo|atk|2\n|-boost|p2a: Magcargo|spa|2\n|-boost|p2a: Magcargo|spe|2\n|\n|upkeep\n|turn|19\n|\n|t:|1771264490\n|move|p2a: Magcargo|Earth Power|p1a: Infernape\n|-supereffective|p1a: Infernape\n|-damage|p1a: Infernape|0 fnt\n|faint|p1a: Infernape\n|\n|upkeep\n|\n|t:|1771264492\n|switch|p1a: Giratina|Giratina-Origin, L72|269/335\n|turn|20\n|\n|t:|1771264499\n|move|p2a: Magcargo|Power Gem|p1a: Giratina\n|-damage|p1a: Giratina|59/335\n|move|p1a: Giratina|Dragon Tail|p2a: Magcargo\n|-damage|p2a: Magcargo|0 fnt\n|faint|p2a: Magcargo\n|\n|upkeep\n|\n|t:|1771264510\n|switch|p2a: Arceus|Arceus-Poison, L70|284/284\n|turn|21\n|\n|t:|1771264517\n|move|p2a: Arceus|Gunk Shot|p1a: Giratina\n|-resisted|p1a: Giratina\n|-damage|p1a: Giratina|0 fnt\n|faint|p1a: Giratina\n|\n|win|Pokepeeper12\n|raw|burpmonster's rating: 1577 &rarr; <strong>1555</strong><br />(-22 for losing)\n|raw|Pokepeeper12's rating: 1546 &rarr; <strong>1568</strong><br />(+22 for winning)\n", "inputlog": ">version 686819e5e19f8a7fd2345cfc5a08a5085efa2cc3\n>start {\"formatid\":\"gen9randombattle\",\"seed\":\"sodium,02f6335176a3ff8c1f0f81fe9f8ac14c\",\"rated\":\"Rated battle\"}\n>player p1 {\"name\":\"burpmonster\",\"avatar\":\"firebreather\",\"rating\":1577,\"seed\":\"sodium,786e355e20398396b6190b186b027048\"}\n>player p2 {\"name\":\"Pokepeeper12\",\"avatar\":\"skyla\",\"rating\":1546,\"seed\":\"sodium,9fb81e9341a9c65ec71d5042cede7714\"}\n>p1 move willowisp\n>p2 move closecombat\n>p1 move voltswitch\n>p2 move closecombat\n>p1 switch 2\n>p1 move grassknot\n>p2 move closecombat\n>p2 switch 2\n>p1 move grassknot\n>p2 move dragondance terastallize\n>p1 move overheat\n>p2 move dragondance\n>p1 switch 4\n>p2 move drainpunch\n>p1 move swordsdance\n>p2 move poisonjab\n>p1 switch 2\n>p1 move willowisp\n>p2 move poisonjab\n>p1 switch 5\n>p1 move rapidspin\n>p2 move poisonjab\n>p1 move bravebird\n>p2 move drainpunch\n>p1 switch 3\n>p1 move earthquake\n>p2 move knockoff\n>p1 move earthquake\n>p2 move knockoff\n>p2 switch 3\n>p1 move knockoff\n>p2 move uturn\n>p2 switch 5\n>p1 switch 6\n>p1 move willowisp\n>p2 switch 5\n>p1 move dracometeor\n>p2 move knockoff\n>p1 switch 4\n>p2 move knockoff\n>p1 move grassknot\n>p2 move knockoff\n>p2 switch 4\n>p1 move closecombat\n>p2 move shellsmash\n>p1 move closecombat\n>p2 move earthpower\n>p1 switch 4\n>p1 move dragontail\n>p2 move powergem\n>p2 switch 5\n>p1 move willowisp\n>p2 move gunkshot", "uploadtime": 1771264518, "views": 3, "formatid": "gen9randombattle", "rating": 1555, "private": 0, "password": null}