{"id": "gen9randombattle-2540664718", "format": "[Gen 9] Random Battle", "players": ["daveraff", "kinwah"], "log": "|j|☆daveraff\n|j|☆kinwah\n|t:|1771236622\n|gametype|singles\n|player|p1|daveraff|1|1763\n|player|p2|kinwah|2|1779\n|gen|9\n|tier|[Gen 9] Random Battle\n|rated|\n|rule|Species Clause: Limit one of each Pokémon\n|rule|HP Percentage Mod: HP is shown in percentages\n|rule|Sleep Clause Mod: Limit one foe put to sleep\n|rule|Illusion Level Mod: Illusion disguises the Pokémon's true level\n|\n|t:|1771236622\n|teamsize|p1|6\n|teamsize|p2|6\n|start\n|switch|p1a: Espathra|Espathra, L80, M|283/283\n|switch|p2a: Hariyama|Hariyama, L87, F|392/392\n|turn|1\n|inactive|Battle timer is ON: inactive players will automatically lose when time's up. (requested by daveraff)\n|inactive|kinwah also wants the timer to be on.\n|\n|t:|1771236650\n|switch|p2a: Necrozma|Necrozma-Dawn-Wings, L76|272/272\n|move|p1a: Espathra|U-turn|p2a: Necrozma\n|-damage|p2a: Necrozma|243/272\n|\n|t:|1771236661\n|switch|p1a: Chien-Pao|Chien-Pao, L72|234/234|[from] U-turn\n|-ability|p1a: Chien-Pao|Sword of Ruin\n|\n|-heal|p2a: Necrozma|260/272|[from] item: Leftovers\n|upkeep\n|turn|2\n|\n|t:|1771236676\n|switch|p2a: Hariyama|Hariyama, L87, F|392/392\n|move|p1a: Chien-Pao|Icicle Crash|p2a: Hariyama\n|-damage|p2a: Hariyama|205/392\n|\n|-status|p2a: Hariyama|brn|[from] item: Flame Orb\n|upkeep\n|turn|3\n|\n|t:|1771236682\n|switch|p1a: Ribombee|Ribombee, L83, M|235/235\n|move|p2a: Hariyama|Facade|p1a: Ribombee\n|-damage|p1a: Ribombee|2/235\n|\n|-damage|p2a: Hariyama|181/392 brn|[from] brn\n|upkeep\n|turn|4\n|\n|t:|1771236704\n|switch|p1a: Heatran|Heatran, L79, F|273/273\n|-item|p1a: Heatran|Air Balloon\n|switch|p2a: Oricorio|Oricorio-Pom-Pom, L82, M|257/257\n|\n|upkeep\n|turn|5\n|\n|t:|1771236713\n|switch|p1a: Espathra|Espathra, L80, M|283/283\n|move|p2a: Oricorio|Revelation Dance|p1a: Espathra\n|-damage|p1a: Espathra|159/283\n|\n|upkeep\n|turn|6\n|\n|t:|1771236718\n|move|p1a: Espathra|Lumina Crash|p2a: Oricorio\n|-damage|p2a: Oricorio|112/257\n|-unboost|p2a: Oricorio|spd|2\n|move|p2a: Oricorio|Quiver Dance|p2a: Oricorio\n|-boost|p2a: Oricorio|spa|1\n|-boost|p2a: Oricorio|spd|1\n|-boost|p2a: Oricorio|spe|1\n|\n|-ability|p1a: Espathra|Speed Boost|boost\n|-boost|p1a: Espathra|spe|1\n|upkeep\n|turn|7\n|\n|t:|1771236723\n|switch|p2a: Necrozma|Necrozma-Dawn-Wings, L76|260/272\n|move|p1a: Espathra|Lumina Crash|p2a: Necrozma\n|-resisted|p2a: Necrozma\n|-damage|p2a: Necrozma|211/272\n|-unboost|p2a: Necrozma|spd|2\n|\n|-heal|p2a: Necrozma|228/272|[from] item: Leftovers\n|-ability|p1a: Espathra|Speed Boost|boost\n|-boost|p1a: Espathra|spe|1\n|upkeep\n|turn|8\n|\n|t:|1771236733\n|switch|p1a: Chien-Pao|Chien-Pao, L72|234/234\n|-ability|p1a: Chien-Pao|Sword of Ruin\n|move|p2a: Necrozma|Moongeist Beam|p1a: Chien-Pao\n|-resisted|p1a: Chien-Pao\n|-damage|p1a: Chien-Pao|144/234\n|\n|-heal|p2a: Necrozma|245/272|[from] item: Leftovers\n|upkeep\n|turn|9\n|\n|t:|1771236738\n|switch|p2a: Hariyama|Hariyama, L87, F|181/392 brn\n|move|p1a: Chien-Pao|Crunch|p2a: Hariyama\n|-resisted|p2a: Hariyama\n|-damage|p2a: Hariyama|94/392 brn\n|-unboost|p2a: Hariyama|def|1\n|\n|-damage|p2a: Hariyama|70/392 brn|[from] brn\n|upkeep\n|turn|10\n|\n|t:|1771236741\n|move|p1a: Chien-Pao|Crunch|p2a: Hariyama\n|-resisted|p2a: Hariyama\n|-damage|p2a: Hariyama|0 fnt\n|faint|p2a: Hariyama\n|\n|upkeep\n|\n|t:|1771236749\n|switch|p2a: Cloyster|Cloyster, L80, F|211/211\n|turn|11\n|\n|t:|1771236766\n|move|p1a: Chien-Pao|Crunch|p2a: Cloyster\n|-damage|p2a: Cloyster|129/211\n|-unboost|p2a: Cloyster|def|1\n|-enditem|p2a: Cloyster|White Herb\n|-clearnegativeboost|p2a: Cloyster|[silent]\n|move|p2a: Cloyster|Shell Smash|p2a: Cloyster\n|-unboost|p2a: Cloyster|def|1\n|-unboost|p2a: Cloyster|spd|1\n|-boost|p2a: Cloyster|atk|2\n|-boost|p2a: Cloyster|spa|2\n|-boost|p2a: Cloyster|spe|2\n|\n|upkeep\n|turn|12\n|\n|t:|1771236770\n|switch|p1a: Ribombee|Ribombee, L83, M|2/235\n|move|p2a: Cloyster|Rock Blast|p1a: Ribombee\n|-supereffective|p1a: Ribombee\n|-damage|p1a: Ribombee|0 fnt\n|faint|p1a: Ribombee\n|-hitcount|p1: Ribombee|1\n|\n|upkeep\n|\n|t:|1771236786\n|switch|p1a: Iron Boulder|Iron Boulder, L77|265/265\n|turn|13\n|\n|t:|1771236790\n|move|p2a: Cloyster|Drill Run|p1a: Iron Boulder|[miss]\n|-miss|p2a: Cloyster|p1a: Iron Boulder\n|move|p1a: Iron Boulder|Close Combat|p2a: Cloyster\n|-supereffective|p2a: Cloyster\n|-damage|p2a: Cloyster|0 fnt\n|-unboost|p1a: Iron Boulder|def|1\n|-unboost|p1a: Iron Boulder|spd|1\n|faint|p2a: Cloyster\n|-damage|p1a: Iron Boulder|239/265|[from] item: Life Orb\n|\n|upkeep\n|\n|t:|1771236806\n|switch|p2a: Necrozma|Necrozma-Dawn-Wings, L76|245/272\n|turn|14\n|\n|t:|1771236813\n|move|p1a: Iron Boulder|Mighty Cleave|p2a: Necrozma\n|-damage|p2a: Necrozma|123/272\n|-damage|p1a: Iron Boulder|213/265|[from] item: Life Orb\n|move|p2a: Necrozma|Moongeist Beam|p1a: Iron Boulder\n|-supereffective|p1a: Iron Boulder\n|-damage|p1a: Iron Boulder|0 fnt\n|faint|p1a: Iron Boulder\n|-end|p1a: Iron Boulder|Quark Drive|[silent]\n|\n|-heal|p2a: Necrozma|140/272|[from] item: Leftovers\n|upkeep\n|\n|t:|1771236815\n|switch|p1a: Chien-Pao|Chien-Pao, L72|144/234\n|-ability|p1a: Chien-Pao|Sword of Ruin\n|turn|15\n|\n|t:|1771236826\n|switch|p2a: Oricorio|Oricorio-Pom-Pom, L82, M|112/257\n|move|p1a: Chien-Pao|Icicle Crash|p2a: Oricorio\n|-supereffective|p2a: Oricorio\n|-damage|p2a: Oricorio|0 fnt\n|faint|p2a: Oricorio\n|\n|upkeep\n|\n|t:|1771236837\n|switch|p2a: Dodrio|Dodrio, L85, F|241/241\n|turn|16\n|\n|t:|1771236843\n|switch|p1a: Zebstrika|Zebstrika, L87, M|272/272\n|-terastallize|p2a: Dodrio|Normal\n|move|p2a: Dodrio|Double-Edge|p1a: Zebstrika\n|-damage|p1a: Zebstrika|0 fnt\n|faint|p1a: Zebstrika\n|-damage|p2a: Dodrio|151/241|[from] Recoil\n|\n|upkeep\n|\n|t:|1771236847\n|switch|p1a: Heatran|Heatran, L79, F|273/273\n|-item|p1a: Heatran|Air Balloon\n|turn|17\n|\n|t:|1771236855\n|switch|p2a: Ursaluna|Ursaluna-Bloodmoon, L79, M|308/308\n|move|p1a: Heatran|Heavy Slam|p2a: Ursaluna\n|-damage|p2a: Ursaluna|278/308\n|\n|-heal|p2a: Ursaluna|297/308|[from] item: Leftovers\n|upkeep\n|turn|18\n|\n|t:|1771236861\n|move|p1a: Heatran|Magma Storm|p2a: Ursaluna|[miss]\n|-miss|p1a: Heatran|p2a: Ursaluna\n|move|p2a: Ursaluna|Calm Mind|p2a: Ursaluna\n|-boost|p2a: Ursaluna|spa|1\n|-boost|p2a: Ursaluna|spd|1\n|\n|-heal|p2a: Ursaluna|308/308|[from] item: Leftovers\n|upkeep\n|turn|19\n|\n|t:|1771236865\n|move|p2a: Ursaluna|Vacuum Wave|p1a: Heatran\n|-supereffective|p1a: Heatran\n|-damage|p1a: Heatran|179/273\n|-enditem|p1a: Heatran|Air Balloon\n|move|p1a: Heatran|Magma Storm|p2a: Ursaluna\n|-damage|p2a: Ursaluna|199/308\n|-activate|p2a: Ursaluna|move: Magma Storm|[of] p1a: Heatran\n|\n|-heal|p2a: Ursaluna|218/308|[from] item: Leftovers\n|-damage|p2a: Ursaluna|180/308|[from] move: Magma Storm|[partiallytrapped]\n|upkeep\n|turn|20\n|\n|t:|1771236874\n|switch|p1a: Espathra|Espathra, L80, M|159/283\n|move|p2a: Ursaluna|Calm Mind|p2a: Ursaluna\n|-boost|p2a: Ursaluna|spa|1\n|-boost|p2a: Ursaluna|spd|1\n|\n|-heal|p2a: Ursaluna|199/308|[from] item: Leftovers\n|-end|p2a: Ursaluna|Magma Storm|[partiallytrapped]|[silent]\n|upkeep\n|turn|21\n|\n|t:|1771236876\n|move|p1a: Espathra|Lumina Crash|p2a: Ursaluna\n|-damage|p2a: Ursaluna|114/308\n|-unboost|p2a: Ursaluna|spd|2\n|move|p2a: Ursaluna|Moonlight|p2a: Ursaluna\n|-heal|p2a: Ursaluna|268/308\n|\n|-heal|p2a: Ursaluna|287/308|[from] item: Leftovers\n|-ability|p1a: Espathra|Speed Boost|boost\n|-boost|p1a: Espathra|spe|1\n|upkeep\n|turn|22\n|\n|t:|1771236882\n|move|p1a: Espathra|Lumina Crash|p2a: Ursaluna\n|-damage|p2a: Ursaluna|134/308\n|-unboost|p2a: Ursaluna|spd|2\n|move|p2a: Ursaluna|Blood Moon|p1a: Espathra\n|-damage|p1a: Espathra|0 fnt\n|faint|p1a: Espathra\n|\n|-heal|p2a: Ursaluna|153/308|[from] item: Leftovers\n|upkeep\n|\n|t:|1771236885\n|switch|p1a: Chien-Pao|Chien-Pao, L72|144/234\n|-ability|p1a: Chien-Pao|Sword of Ruin\n|turn|23\n|\n|t:|1771236893\n|-terastallize|p1a: Chien-Pao|Fighting\n|move|p2a: Ursaluna|Vacuum Wave|p1a: Chien-Pao\n|-damage|p1a: Chien-Pao|52/234\n|move|p1a: Chien-Pao|Icicle Crash|p2a: Ursaluna\n|-supereffective|p2a: Ursaluna\n|-damage|p2a: Ursaluna|0 fnt\n|faint|p2a: Ursaluna\n|\n|upkeep\n|\n|t:|1771236900\n|switch|p2a: Dodrio|Dodrio, L85, F, tera:Normal|151/241\n|turn|24\n|\n|t:|1771236903\n|move|p1a: Chien-Pao|Icicle Crash|p2a: Dodrio\n|-damage|p2a: Dodrio|0 fnt\n|faint|p2a: Dodrio\n|\n|upkeep\n|\n|t:|1771236905\n|switch|p2a: Necrozma|Necrozma-Dawn-Wings, L76|140/272\n|turn|25\n|\n|t:|1771236908\n|move|p1a: Chien-Pao|Icicle Crash|p2a: Necrozma\n|-damage|p2a: Necrozma|0 fnt\n|faint|p2a: Necrozma\n|\n|win|daveraff\n|raw|daveraff's rating: 1763 &rarr; <strong>1784</strong><br />(+21 for winning)\n|raw|kinwah's rating: 1779 &rarr; <strong>1758</strong><br />(-21 for losing)\n", "inputlog": ">version 686819e5e19f8a7fd2345cfc5a08a5085efa2cc3\n>start {\"formatid\":\"gen9randombattle\",\"seed\":\"sodium,74d1c1842584d284bf4720929ed31271\",\"rated\":\"Rated battle\"}\n>player p1 {\"name\":\"daveraff\",\"avatar\":\"1\",\"rating\":1763,\"seed\":\"sodium,acc85d13fac9e061d9375d9938cedb06\"}\n>player p2 {\"name\":\"kinwah\",\"avatar\":\"2\",\"rating\":1779,\"seed\":\"sodium,292266449f7deb23d1415063fb02d0e7\"}\n>p1 move uturn\n>p2 switch 3\n>p1 switch 5\n>p1 move iciclecrash\n>p2 switch 3\n>p1 switch 6\n>p2 move facade\n>p1 switch 4\n>p2 switch 6\n>p1 switch 5\n>p2 move revelationdance\n>p1 move luminacrash\n>p2 move quiverdance\n>p1 move luminacrash\n>p2 switch 3\n>p1 switch 6\n>p2 move moongeistbeam\n>p1 move crunch\n>p2 switch 6\n>p1 move crunch\n>p2 move facade\n>p2 switch 5\n>p1 move crunch\n>p2 move shellsmash\n>p1 switch 4\n>p2 move rockblast\n>p1 switch 2\n>p1 move closecombat\n>p2 move drillrun\n>p2 switch 6\n>p1 move mightycleave\n>p2 move moongeistbeam\n>p1 switch 4\n>p1 move iciclecrash\n>p2 switch 3\n>p2 switch 4\n>p1 switch 3\n>p2 move doubleedge terastallize\n>p1 switch 5\n>p1 move heavyslam\n>p2 switch 2\n>p1 move magmastorm\n>p2 move calmmind\n>p1 move magmastorm\n>p2 move vacuumwave\n>p1 switch 6\n>p2 move calmmind\n>p1 move luminacrash\n>p2 move moonlight\n>p1 move luminacrash\n>p2 move bloodmoon\n>p1 switch 3\n>p1 move iciclecrash terastallize\n>p2 move vacuumwave\n>p2 switch 2\n>p1 move iciclecrash\n>p2 move doubleedge\n>p2 switch 3\n>p1 move iciclecrash\n>p2 move moongeistbeam", "uploadtime": 1771236909, "views": 12, "formatid": "gen9randombattle", "rating": 1758, "private": 0, "password": null}