{"id": "gen9randombattle-2540415228", "format": "[Gen 9] Random Battle", "players": ["ElBen71", "Gen.MarriotSuites"], "log": "|j|☆ElBen71\n|j|☆Gen.MarriotSuites\n|t:|1771199216\n|gametype|singles\n|player|p1|ElBen71|hilbert|1989\n|player|p2|Gen.MarriotSuites|depotagent|2028\n|gen|9\n|tier|[Gen 9] Random Battle\n|rated|\n|rule|Species Clause: Limit one of each Pokémon\n|rule|HP Percentage Mod: HP is shown in percentages\n|rule|Sleep Clause Mod: Limit one foe put to sleep\n|rule|Illusion Level Mod: Illusion disguises the Pokémon's true level\n|\n|t:|1771199216\n|teamsize|p1|6\n|teamsize|p2|6\n|start\n|switch|p1a: Pyroar|Pyroar, L88, M|295/295\n|switch|p2a: Illumise|Illumise, L91, F|266/266\n|-ability|p1a: Pyroar|Unnerve\n|turn|1\n|inactive|Battle timer is ON: inactive players will automatically lose when time's up. (requested by ElBen71)\n|inactive|Gen.MarriotSuites has 120 seconds left.\n|\n|t:|1771199259\n|switch|p1a: Bisharp|Bisharp, L79, F|232/232\n|switch|p2a: Barraskewda|Barraskewda, L81, M|231/231\n|\n|upkeep\n|turn|2\n|\n|t:|1771199269\n|switch|p1a: Illumise|Illumise, L91, F|266/266\n|move|p2a: Barraskewda|Close Combat|p1a: Illumise\n|-resisted|p1a: Illumise\n|-damage|p1a: Illumise|197/266\n|-unboost|p2a: Barraskewda|def|1\n|-unboost|p2a: Barraskewda|spd|1\n|\n|upkeep\n|turn|3\n|inactive|Gen.MarriotSuites has 120 seconds left.\n|\n|t:|1771199300\n|switch|p2a: Sandy Shocks|Sandy Shocks, L80|267/267\n|move|p1a: Illumise|Thunder Wave|p2a: Sandy Shocks\n|-immune|p2a: Sandy Shocks\n|\n|upkeep\n|turn|4\n|\n|t:|1771199309\n|move|p2a: Sandy Shocks|Stealth Rock|p1a: Illumise\n|-sidestart|p1: ElBen71|move: Stealth Rock\n|move|p1a: Illumise|Bug Buzz|p2a: Sandy Shocks\n|-damage|p2a: Sandy Shocks|177/267\n|-unboost|p2a: Sandy Shocks|spd|1\n|\n|-heal|p2a: Sandy Shocks|193/267|[from] item: Leftovers\n|upkeep\n|turn|5\n|inactive|Gen.MarriotSuites has 120 seconds left.\n|\n|t:|1771199330\n|-end|p2a: Sandy Shocks|Protosynthesis|[silent]\n|switch|p2a: Moltres|Moltres, L81|278/278\n|move|p1a: Illumise|Encore||[still]\n|-fail|p1a: Illumise\n|\n|upkeep\n|turn|6\n|inactive|Gen.MarriotSuites has 120 seconds left.\n|\n|t:|1771199343\n|switch|p2a: Sandy Shocks|Sandy Shocks, L80|193/267\n|move|p1a: Illumise|Thunder Wave|p2a: Sandy Shocks\n|-immune|p2a: Sandy Shocks\n|\n|-heal|p2a: Sandy Shocks|209/267|[from] item: Leftovers\n|upkeep\n|turn|7\n|inactive|Gen.MarriotSuites has 120 seconds left.\n|\n|t:|1771199349\n|move|p2a: Sandy Shocks|Spikes|p1a: Illumise\n|-sidestart|p1: ElBen71|Spikes\n|move|p1a: Illumise|Bug Buzz|p2a: Sandy Shocks\n|-damage|p2a: Sandy Shocks|118/267\n|\n|-heal|p2a: Sandy Shocks|134/267|[from] item: Leftovers\n|upkeep\n|turn|8\n|inactive|Gen.MarriotSuites has 120 seconds left.\n|\n|t:|1771199374\n|move|p2a: Sandy Shocks|Thunderbolt|p1a: Illumise\n|-damage|p1a: Illumise|103/266\n|move|p1a: Illumise|Bug Buzz|p2a: Sandy Shocks\n|-damage|p2a: Sandy Shocks|35/267\n|\n|-heal|p2a: Sandy Shocks|51/267|[from] item: Leftovers\n|upkeep\n|turn|9\n|inactive|Gen.MarriotSuites has 90 seconds left.\n|inactive|Gen.MarriotSuites has 60 seconds left.\n|\n|t:|1771199444\n|-end|p2a: Sandy Shocks|Protosynthesis|[silent]\n|switch|p2a: Moltres|Moltres, L81|278/278\n|move|p1a: Illumise|Bug Buzz|p2a: Moltres\n|-resisted|p2a: Moltres\n|-damage|p2a: Moltres|255/278\n|\n|upkeep\n|turn|10\n|\n|t:|1771199453\n|switch|p2a: Sandy Shocks|Sandy Shocks, L80|51/267\n|move|p1a: Illumise|Thunder Wave|p2a: Sandy Shocks\n|-immune|p2a: Sandy Shocks\n|\n|-heal|p2a: Sandy Shocks|67/267|[from] item: Leftovers\n|upkeep\n|turn|11\n|inactive|Gen.MarriotSuites has 60 seconds left.\n|\n|t:|1771199458\n|-end|p2a: Sandy Shocks|Protosynthesis|[silent]\n|switch|p2a: Moltres|Moltres, L81|255/278\n|move|p1a: Illumise|Bug Buzz|p2a: Moltres\n|-resisted|p2a: Moltres\n|-damage|p2a: Moltres|233/278\n|\n|upkeep\n|turn|12\n|\n|t:|1771199468\n|move|p1a: Illumise|Thunder Wave|p2a: Moltres\n|-status|p2a: Moltres|par\n|move|p2a: Moltres|Brave Bird|p1a: Illumise\n|-supereffective|p1a: Illumise\n|-damage|p1a: Illumise|0 fnt\n|faint|p1a: Illumise\n|-damage|p2a: Moltres|199/278 par|[from] Recoil\n|\n|upkeep\n|\n|t:|1771199475\n|switch|p1a: Pyroar|Pyroar, L88, M|295/295\n|-ability|p1a: Pyroar|Unnerve\n|turn|13\n|\n|t:|1771199491\n|move|p1a: Pyroar|Hyper Voice|p2a: Moltres\n|-damage|p2a: Moltres|81/278 par\n|cant|p2a: Moltres|par\n|\n|upkeep\n|turn|14\n|inactive|Gen.MarriotSuites has 60 seconds left.\n|\n|t:|1771199531\n|move|p1a: Pyroar|Hyper Voice|p2a: Moltres\n|-damage|p2a: Moltres|0 fnt\n|faint|p2a: Moltres\n|\n|upkeep\n|\n|t:|1771199533\n|switch|p2a: Barraskewda|Barraskewda, L81, M|231/231\n|turn|15\n|\n|t:|1771199539\n|move|p2a: Barraskewda|Flip Turn|p1a: Pyroar\n|-supereffective|p1a: Pyroar\n|-damage|p1a: Pyroar|65/295\n|\n|t:|1771199551\n|switch|p2a: Illumise|Illumise, L91, F|266/266|[from] Flip Turn\n|move|p1a: Pyroar|Will-O-Wisp|p2a: Illumise\n|-status|p2a: Illumise|brn\n|\n|-damage|p2a: Illumise|250/266 brn|[from] brn\n|upkeep\n|turn|16\n|\n|t:|1771199558\n|switch|p1a: Bisharp|Bisharp, L79, F|232/232\n|-damage|p1a: Bisharp|218/232|[from] Stealth Rock\n|-damage|p1a: Bisharp|189/232|[from] Spikes\n|move|p2a: Illumise|Encore|p1a: Bisharp\n|-hint|Since gen 7, Dark is immune to Prankster moves.\n|-immune|p1a: Bisharp\n|\n|-damage|p2a: Illumise|234/266 brn|[from] brn\n|upkeep\n|turn|17\n|\n|t:|1771199563\n|move|p2a: Illumise|Bug Buzz|p1a: Bisharp\n|-damage|p1a: Bisharp|116/232\n|move|p1a: Bisharp|Swords Dance|p1a: Bisharp\n|-boost|p1a: Bisharp|atk|2\n|\n|-damage|p2a: Illumise|218/266 brn|[from] brn\n|upkeep\n|turn|18\n|\n|t:|1771199566\n|move|p2a: Illumise|Bug Buzz|p1a: Bisharp\n|-damage|p1a: Bisharp|37/232\n|-unboost|p1a: Bisharp|spd|1\n|-ability|p1a: Bisharp|Defiant|boost\n|-boost|p1a: Bisharp|atk|2\n|move|p1a: Bisharp|Iron Head|p2a: Illumise\n|-damage|p2a: Illumise|0 fnt\n|faint|p2a: Illumise\n|\n|upkeep\n|\n|t:|1771199584\n|switch|p2a: Arceus|Arceus-Electric, L70|284/284\n|turn|19\n|\n|t:|1771199587\n|move|p1a: Bisharp|Sucker Punch|p2a: Arceus\n|-damage|p2a: Arceus|50/284\n|move|p2a: Arceus|Judgment|p1a: Bisharp\n|-damage|p1a: Bisharp|0 fnt\n|faint|p1a: Bisharp\n|\n|upkeep\n|\n|t:|1771199591\n|switch|p1a: Pyroar|Pyroar, L88, M|65/295\n|-ability|p1a: Pyroar|Unnerve\n|turn|20\n|\n|t:|1771199597\n|switch|p2a: Sandy Shocks|Sandy Shocks, L80|67/267\n|move|p1a: Pyroar|Hyper Voice|p2a: Sandy Shocks\n|-damage|p2a: Sandy Shocks|0 fnt\n|faint|p2a: Sandy Shocks\n|-end|p2a: Sandy Shocks|Protosynthesis|[silent]\n|\n|upkeep\n|\n|t:|1771199600\n|switch|p2a: Barraskewda|Barraskewda, L81, M|231/231\n|turn|21\n|\n|t:|1771199607\n|move|p2a: Barraskewda|Waterfall|p1a: Pyroar\n|-supereffective|p1a: Pyroar\n|-damage|p1a: Pyroar|0 fnt\n|faint|p1a: Pyroar\n|\n|upkeep\n|\n|t:|1771199616\n|switch|p1a: Kyogre|Kyogre, L71|259/259\n|-damage|p1a: Kyogre|227/259|[from] Stealth Rock\n|-damage|p1a: Kyogre|195/259|[from] Spikes\n|-weather|RainDance|[from] ability: Drizzle|[of] p1a: Kyogre\n|turn|22\n|\n|t:|1771199626\n|switch|p2a: Gogoat|Gogoat, L88, M|360/360\n|move|p1a: Kyogre|Origin Pulse|p2a: Gogoat\n|-resisted|p2a: Gogoat\n|-damage|p2a: Gogoat|269/360\n|\n|-weather|RainDance|[upkeep]\n|-heal|p2a: Gogoat|291/360|[from] item: Leftovers\n|-heal|p1a: Kyogre|211/259|[from] item: Leftovers\n|upkeep\n|turn|23\n|\n|t:|1771199632\n|move|p2a: Gogoat|Horn Leech|p1a: Kyogre\n|-supereffective|p1a: Kyogre\n|-damage|p1a: Kyogre|13/259\n|-heal|p2a: Gogoat|360/360|[from] drain|[of] p1a: Kyogre\n|move|p1a: Kyogre|Ice Beam|p2a: Gogoat\n|-supereffective|p2a: Gogoat\n|-damage|p2a: Gogoat|216/360\n|\n|-weather|RainDance|[upkeep]\n|-heal|p2a: Gogoat|238/360|[from] item: Leftovers\n|-heal|p1a: Kyogre|29/259|[from] item: Leftovers\n|upkeep\n|turn|24\n|\n|t:|1771199637\n|move|p2a: Gogoat|Horn Leech|p1a: Kyogre\n|-supereffective|p1a: Kyogre\n|-damage|p1a: Kyogre|0 fnt\n|-heal|p2a: Gogoat|253/360|[from] drain|[of] p1a: Kyogre\n|faint|p1a: Kyogre\n|\n|-weather|RainDance|[upkeep]\n|-heal|p2a: Gogoat|275/360|[from] item: Leftovers\n|upkeep\n|\n|t:|1771199643\n|switch|p1a: Falinks|Falinks, L84|246/246\n|-damage|p1a: Falinks|231/246|[from] Stealth Rock\n|-damage|p1a: Falinks|201/246|[from] Spikes\n|turn|25\n|\n|t:|1771199655\n|switch|p2a: Barraskewda|Barraskewda, L81, M|231/231\n|move|p1a: Falinks|No Retreat|p1a: Falinks\n|-boost|p1a: Falinks|atk|1\n|-boost|p1a: Falinks|def|1\n|-boost|p1a: Falinks|spa|1\n|-boost|p1a: Falinks|spd|1\n|-boost|p1a: Falinks|spe|1\n|-start|p1a: Falinks|move: No Retreat\n|\n|-weather|RainDance|[upkeep]\n|upkeep\n|turn|26\n|\n|t:|1771199665\n|-terastallize|p2a: Barraskewda|Water\n|move|p2a: Barraskewda|Waterfall|p1a: Falinks\n|-damage|p1a: Falinks|31/246\n|move|p1a: Falinks|Close Combat|p2a: Barraskewda\n|-damage|p2a: Barraskewda|0 fnt\n|-unboost|p1a: Falinks|def|1\n|-unboost|p1a: Falinks|spd|1\n|faint|p2a: Barraskewda\n|-damage|p1a: Falinks|7/246|[from] item: Life Orb\n|\n|-weather|none\n|upkeep\n|\n|t:|1771199673\n|switch|p2a: Arceus|Arceus-Electric, L70|50/284\n|turn|27\n|\n|t:|1771199677\n|move|p1a: Falinks|Knock Off|p2a: Arceus\n|-damage|p2a: Arceus|0 fnt\n|faint|p2a: Arceus\n|-damage|p1a: Falinks|0 fnt|[from] item: Life Orb\n|faint|p1a: Falinks\n|\n|upkeep\n|\n|t:|1771199680\n|switch|p2a: Gogoat|Gogoat, L88, M|275/360\n|switch|p1a: Iron Thorns|Iron Thorns, L83|302/302\n|-damage|p1a: Iron Thorns|265/302|[from] Stealth Rock\n|-damage|p1a: Iron Thorns|228/302|[from] Spikes\n|turn|28\n|\n|t:|1771199692\n|-terastallize|p1a: Iron Thorns|Flying\n|move|p2a: Gogoat|Bulk Up|p2a: Gogoat\n|-boost|p2a: Gogoat|atk|1\n|-boost|p2a: Gogoat|def|1\n|move|p1a: Iron Thorns|Ice Punch|p2a: Gogoat\n|-supereffective|p2a: Gogoat\n|-damage|p2a: Gogoat|161/360\n|-status|p2a: Gogoat|frz\n|\n|-heal|p2a: Gogoat|183/360 frz|[from] item: Leftovers\n|upkeep\n|turn|29\n|\n|t:|1771199697\n|cant|p2a: Gogoat|frz\n|move|p1a: Iron Thorns|Ice Punch|p2a: Gogoat\n|-supereffective|p2a: Gogoat\n|-damage|p2a: Gogoat|77/360 frz\n|\n|-heal|p2a: Gogoat|99/360 frz|[from] item: Leftovers\n|upkeep\n|turn|30\n|\n|t:|1771199699\n|cant|p2a: Gogoat|frz\n|move|p1a: Iron Thorns|Ice Punch|p2a: Gogoat\n|-supereffective|p2a: Gogoat\n|-damage|p2a: Gogoat|0 fnt\n|faint|p2a: Gogoat\n|\n|win|ElBen71\n|raw|ElBen71's rating: 1989 &rarr; <strong>2011</strong><br />(+22 for winning)\n|raw|Gen.MarriotSuites's rating: 2028 &rarr; <strong>2006</strong><br />(-22 for losing)\n", "inputlog": ">version 686819e5e19f8a7fd2345cfc5a08a5085efa2cc3\n>start {\"formatid\":\"gen9randombattle\",\"seed\":\"sodium,04f8f0575df3d8f291ebe10d82bb6991\",\"rated\":\"Rated battle\"}\n>player p1 {\"name\":\"ElBen71\",\"avatar\":\"hilbert\",\"rating\":1989,\"seed\":\"sodium,8703e26e5544ca9dc464e296eb2bb4c7\"}\n>player p2 {\"name\":\"Gen.MarriotSuites\",\"avatar\":\"depotagent\",\"rating\":2028,\"seed\":\"sodium,c0d254e45c5046ac93362a5220dc9268\"}\n>p1 switch 2\n>p2 switch 5\n>p1 switch 5\n>p2 move closecombat\n>p1 move thunderwave\n>p2 switch 2\n>p1 move bugbuzz\n>p2 move stealthrock\n>p1 move encore\n>p2 switch 6\n>p1 move thunderwave\n>p2 switch 6\n>p1 move bugbuzz\n>p2 move spikes\n>p1 move bugbuzz\n>p2 move thunderbolt\n>p1 move bugbuzz\n>p2 switch 6\n>p1 move thunderwave\n>p2 switch 6\n>p1 move bugbuzz\n>p2 switch 6\n>p1 move thunderwave\n>p2 move bravebird\n>p1 switch 2\n>p1 move hypervoice\n>p2 move bravebird\n>p1 move hypervoice\n>p2 move bravebird\n>p2 switch 2\n>p1 move willowisp\n>p2 move flipturn\n>p2 switch 5\n>p1 switch 5\n>p2 move encore\n>p1 move swordsdance\n>p2 move bugbuzz\n>p1 move ironhead\n>p2 move bugbuzz\n>p2 switch 4\n>p1 move suckerpunch\n>p2 move judgment\n>p1 switch 5\n>p1 move hypervoice\n>p2 switch 6\n>p2 switch 5\n>p1 move hypervoice\n>p2 move waterfall\n>p1 switch 3\n>p1 move originpulse\n>p2 switch 3\n>p1 move icebeam\n>p2 move hornleech\n>p1 move icebeam\n>p2 move hornleech\n>p1 switch 6\n>p1 move noretreat\n>p2 switch 3\n>p1 move closecombat\n>p2 move waterfall terastallize\n>p2 switch 6\n>p1 move knockoff\n>p2 move judgment\n>p1 switch 4\n>p2 switch 3\n>p1 move icepunch terastallize\n>p2 move bulkup\n>p1 move icepunch\n>p2 move milkdrink\n>p1 move icepunch\n>p2 move milkdrink", "uploadtime": 1771199705, "views": 10, "formatid": "gen9randombattle", "rating": 2006, "private": 0, "password": null}