{"id": "gen9randombattle-2540340413", "format": "[Gen 9] Random Battle", "players": ["Doc Peppa", "oreobro"], "log": "|j|☆Doc Peppa\n|j|☆oreobro\n|t:|1771190590\n|gametype|singles\n|player|p1|Doc Peppa|doctor|1643\n|player|p2|oreobro|169|1594\n|gen|9\n|tier|[Gen 9] Random Battle\n|rated|\n|rule|Species Clause: Limit one of each Pokémon\n|rule|HP Percentage Mod: HP is shown in percentages\n|rule|Sleep Clause Mod: Limit one foe put to sleep\n|rule|Illusion Level Mod: Illusion disguises the Pokémon's true level\n|\n|t:|1771190590\n|teamsize|p1|6\n|teamsize|p2|6\n|start\n|switch|p1a: Tauros|Tauros-Paldea-Blaze, L81, M|252/252\n|switch|p2a: Garganacl|Garganacl, L80, M|291/291\n|turn|1\n|inactive|Battle timer is ON: inactive players will automatically lose when time's up. (requested by Doc Peppa)\n|\n|t:|1771190599\n|move|p1a: Tauros|Substitute|p1a: Tauros\n|-start|p1a: Tauros|Substitute\n|-damage|p1a: Tauros|189/252\n|move|p2a: Garganacl|Salt Cure|p1a: Tauros\n|-activate|p1a: Tauros|move: Substitute|[damage]\n|\n|upkeep\n|turn|2\n|\n|t:|1771190606\n|move|p1a: Tauros|Bulk Up|p1a: Tauros\n|-boost|p1a: Tauros|atk|1\n|-boost|p1a: Tauros|def|1\n|move|p2a: Garganacl|Earthquake|p1a: Tauros\n|-supereffective|p1a: Tauros\n|-end|p1a: Tauros|Substitute\n|\n|upkeep\n|turn|3\n|\n|t:|1771190624\n|move|p1a: Tauros|Substitute|p1a: Tauros\n|-start|p1a: Tauros|Substitute\n|-damage|p1a: Tauros|126/252\n|-enditem|p1a: Tauros|Sitrus Berry|[eat]\n|-heal|p1a: Tauros|189/252|[from] item: Sitrus Berry\n|move|p2a: Garganacl|Earthquake|p1a: Tauros\n|-supereffective|p1a: Tauros\n|-end|p1a: Tauros|Substitute\n|\n|upkeep\n|turn|4\n|\n|t:|1771190630\n|move|p1a: Tauros|Close Combat|p2a: Garganacl\n|-supereffective|p2a: Garganacl\n|-damage|p2a: Garganacl|0 fnt\n|-unboost|p1a: Tauros|def|1\n|-unboost|p1a: Tauros|spd|1\n|faint|p2a: Garganacl\n|\n|-activate|p1a: Tauros|ability: Cud Chew\n|-enditem|p1a: Tauros|Sitrus Berry|[eat]\n|-heal|p1a: Tauros|252/252|[from] item: Sitrus Berry\n|upkeep\n|\n|t:|1771190636\n|switch|p2a: Flygon|Flygon, L82, M|265/265\n|turn|5\n|\n|t:|1771190647\n|move|p2a: Flygon|Dragon Dance|p2a: Flygon\n|-boost|p2a: Flygon|atk|1\n|-boost|p2a: Flygon|spe|1\n|move|p1a: Tauros|Close Combat|p2a: Flygon\n|-damage|p2a: Flygon|64/265\n|-unboost|p1a: Tauros|def|1\n|-unboost|p1a: Tauros|spd|1\n|\n|upkeep\n|turn|6\n|\n|t:|1771190656\n|move|p2a: Flygon|Earthquake|p1a: Tauros\n|-supereffective|p1a: Tauros\n|-damage|p1a: Tauros|0 fnt\n|faint|p1a: Tauros\n|\n|upkeep\n|\n|t:|1771190662\n|switch|p1a: Persian|Persian, L92, F|269/269\n|turn|7\n|\n|t:|1771190667\n|move|p1a: Persian|Fake Out|p2a: Flygon\n|-damage|p2a: Flygon|0 fnt\n|faint|p2a: Flygon\n|\n|upkeep\n|\n|t:|1771190670\n|switch|p2a: Sinistcha|Sinistcha-Masterpiece, L83|254/254\n|turn|8\n|\n|t:|1771190675\n|move|p1a: Persian|Knock Off|p2a: Sinistcha\n|-supereffective|p2a: Sinistcha\n|-damage|p2a: Sinistcha|142/254\n|-enditem|p2a: Sinistcha|Leftovers|[from] move: Knock Off|[of] p1a: Persian\n|move|p2a: Sinistcha|Strength Sap|p1a: Persian\n|-unboost|p1a: Persian|atk|1\n|-heal|p2a: Sinistcha|254/254\n|\n|upkeep\n|turn|9\n|\n|t:|1771190680\n|move|p1a: Persian|U-turn|p2a: Sinistcha\n|-damage|p2a: Sinistcha|225/254\n|\n|t:|1771190683\n|switch|p1a: Arceus|Arceus-Psychic, L69|280/280|[from] U-turn\n|move|p2a: Sinistcha|Calm Mind|p2a: Sinistcha\n|-boost|p2a: Sinistcha|spa|1\n|-boost|p2a: Sinistcha|spd|1\n|\n|upkeep\n|turn|10\n|\n|t:|1771190687\n|move|p1a: Arceus|Cosmic Power|p1a: Arceus\n|-boost|p1a: Arceus|def|1\n|-boost|p1a: Arceus|spd|1\n|move|p2a: Sinistcha|Calm Mind|p2a: Sinistcha\n|-boost|p2a: Sinistcha|spa|1\n|-boost|p2a: Sinistcha|spd|1\n|\n|upkeep\n|turn|11\n|\n|t:|1771190689\n|move|p1a: Arceus|Cosmic Power|p1a: Arceus\n|-boost|p1a: Arceus|def|1\n|-boost|p1a: Arceus|spd|1\n|move|p2a: Sinistcha|Shadow Ball|p1a: Arceus\n|-supereffective|p1a: Arceus\n|-damage|p1a: Arceus|88/280\n|-unboost|p1a: Arceus|spd|1\n|\n|upkeep\n|turn|12\n|\n|t:|1771190694\n|-terastallize|p1a: Arceus|Steel\n|move|p1a: Arceus|Recover|p1a: Arceus\n|-heal|p1a: Arceus|228/280\n|move|p2a: Sinistcha|Shadow Ball|p1a: Arceus\n|-damage|p1a: Arceus|99/280\n|\n|upkeep\n|turn|13\n|\n|t:|1771190704\n|move|p1a: Arceus|Recover|p1a: Arceus\n|-heal|p1a: Arceus|239/280\n|move|p2a: Sinistcha|Calm Mind|p2a: Sinistcha\n|-boost|p2a: Sinistcha|spa|1\n|-boost|p2a: Sinistcha|spd|1\n|\n|upkeep\n|turn|14\n|\n|t:|1771190709\n|move|p1a: Arceus|Cosmic Power|p1a: Arceus\n|-boost|p1a: Arceus|def|1\n|-boost|p1a: Arceus|spd|1\n|move|p2a: Sinistcha|Shadow Ball|p1a: Arceus\n|-damage|p1a: Arceus|110/280\n|\n|upkeep\n|turn|15\n|\n|t:|1771190714\n|move|p1a: Arceus|Recover|p1a: Arceus\n|-heal|p1a: Arceus|250/280\n|move|p2a: Sinistcha|Shadow Ball|p1a: Arceus\n|-damage|p1a: Arceus|132/280\n|\n|upkeep\n|turn|16\n|\n|t:|1771190716\n|move|p1a: Arceus|Recover|p1a: Arceus\n|-heal|p1a: Arceus|272/280\n|move|p2a: Sinistcha|Shadow Ball|p1a: Arceus\n|-damage|p1a: Arceus|151/280\n|\n|upkeep\n|turn|17\n|\n|t:|1771190719\n|move|p1a: Arceus|Cosmic Power|p1a: Arceus\n|-boost|p1a: Arceus|def|1\n|-boost|p1a: Arceus|spd|1\n|move|p2a: Sinistcha|Shadow Ball|p1a: Arceus\n|-damage|p1a: Arceus|64/280\n|\n|upkeep\n|turn|18\n|\n|t:|1771190722\n|move|p1a: Arceus|Recover|p1a: Arceus\n|-heal|p1a: Arceus|204/280\n|move|p2a: Sinistcha|Shadow Ball|p1a: Arceus\n|-damage|p1a: Arceus|102/280\n|\n|upkeep\n|turn|19\n|\n|t:|1771190725\n|move|p1a: Arceus|Recover|p1a: Arceus\n|-heal|p1a: Arceus|242/280\n|move|p2a: Sinistcha|Shadow Ball|p1a: Arceus\n|-damage|p1a: Arceus|146/280\n|\n|upkeep\n|turn|20\n|\n|t:|1771190729\n|move|p1a: Arceus|Cosmic Power|p1a: Arceus\n|-boost|p1a: Arceus|def|1\n|-boost|p1a: Arceus|spd|1\n|move|p2a: Sinistcha|Shadow Ball|p1a: Arceus\n|-damage|p1a: Arceus|70/280\n|\n|upkeep\n|turn|21\n|\n|t:|1771190733\n|move|p1a: Arceus|Recover|p1a: Arceus\n|-heal|p1a: Arceus|210/280\n|move|p2a: Sinistcha|Shadow Ball|p1a: Arceus\n|-damage|p1a: Arceus|131/280\n|\n|upkeep\n|turn|22\n|\n|t:|1771190737\n|move|p1a: Arceus|Recover|p1a: Arceus\n|-heal|p1a: Arceus|271/280\n|move|p2a: Sinistcha|Calm Mind|p2a: Sinistcha\n|-boost|p2a: Sinistcha|spa|1\n|-boost|p2a: Sinistcha|spd|1\n|\n|upkeep\n|turn|23\n|\n|t:|1771190740\n|move|p1a: Arceus|Cosmic Power|p1a: Arceus\n|-boost|p1a: Arceus|def|1\n|-boost|p1a: Arceus|spd|1\n|move|p2a: Sinistcha|Shadow Ball|p1a: Arceus\n|-damage|p1a: Arceus|190/280\n|\n|upkeep\n|turn|24\n|\n|t:|1771190743\n|move|p1a: Arceus|Stored Power|p2a: Sinistcha\n|-damage|p2a: Sinistcha|137/254\n|move|p2a: Sinistcha|Shadow Ball|p1a: Arceus\n|-damage|p1a: Arceus|105/280\n|-unboost|p1a: Arceus|spd|1\n|\n|upkeep\n|turn|25\n|\n|t:|1771190751\n|move|p1a: Arceus|Stored Power|p2a: Sinistcha\n|-damage|p2a: Sinistcha|47/254\n|move|p2a: Sinistcha|Matcha Gotcha|p1a: Arceus|[miss]\n|-miss|p2a: Sinistcha|p1a: Arceus\n|\n|upkeep\n|turn|26\n|\n|t:|1771190755\n|move|p1a: Arceus|Stored Power|p2a: Sinistcha\n|-damage|p2a: Sinistcha|0 fnt\n|faint|p2a: Sinistcha\n|\n|upkeep\n|c|☆oreobro|wow\n|\n|t:|1771190764\n|switch|p2a: Victreebel|Victreebel, L90, M|290/290\n|turn|27\n|\n|t:|1771190772\n|move|p1a: Arceus|Body Press|p2a: Victreebel\n|-resisted|p2a: Victreebel\n|-damage|p2a: Victreebel|182/290\n|move|p2a: Victreebel|Sludge Wave|p1a: Arceus\n|-immune|p1a: Arceus\n|\n|upkeep\n|turn|28\n|\n|t:|1771190776\n|move|p1a: Arceus|Stored Power|p2a: Victreebel\n|-supereffective|p2a: Victreebel\n|-damage|p2a: Victreebel|0 fnt\n|faint|p2a: Victreebel\n|\n|upkeep\n|c|☆oreobro|that missed matcha literally won you the match\n|-message|oreobro forfeited.\n|\n|win|Doc Peppa\n|raw|Doc Peppa's rating: 1643 &rarr; <strong>1660</strong><br />(+17 for winning)\n|raw|oreobro's rating: 1594 &rarr; <strong>1577</strong><br />(-17 for losing)\n|l|☆oreobro\n|player|p2|\n|c|☆Doc Peppa|Rng is a fickle thing\n", "inputlog": ">version 686819e5e19f8a7fd2345cfc5a08a5085efa2cc3\n>start {\"formatid\":\"gen9randombattle\",\"seed\":\"sodium,7c2ab02c428cf0bb4d2f8c58c43a359d\",\"rated\":\"Rated battle\"}\n>player p1 {\"name\":\"Doc Peppa\",\"avatar\":\"doctor\",\"rating\":1643,\"seed\":\"sodium,09e4a90331f4b379341c00a77265f395\"}\n>player p2 {\"name\":\"oreobro\",\"avatar\":\"169\",\"rating\":1594,\"seed\":\"sodium,3167e8f0e53e6c04ff92d1d360e5c935\"}\n>p1 move substitute\n>p2 move saltcure\n>p1 move bulkup\n>p2 move earthquake\n>p1 move substitute\n>p2 move earthquake\n>p1 move closecombat\n>p2 move saltcure\n>p2 switch 5\n>p1 move closecombat\n>p2 move dragondance\n>p1 move closecombat\n>p2 move earthquake\n>p1 switch 5\n>p1 move fakeout\n>p2 move outrage\n>p2 switch 4\n>p1 move knockoff\n>p2 move strengthsap\n>p1 move uturn\n>p2 move calmmind\n>p1 switch 6\n>p1 move cosmicpower\n>p2 move calmmind\n>p1 move cosmicpower\n>p2 move shadowball\n>p1 move recover terastallize\n>p2 move shadowball\n>p1 move recover\n>p2 move calmmind\n>p1 move cosmicpower\n>p2 move shadowball\n>p1 move recover\n>p2 move shadowball\n>p1 move recover\n>p2 move shadowball\n>p1 move cosmicpower\n>p2 move shadowball\n>p1 move recover\n>p2 move shadowball\n>p1 move recover\n>p2 move shadowball\n>p1 move cosmicpower\n>p2 move shadowball\n>p1 move recover\n>p2 move shadowball\n>p1 move recover\n>p2 move calmmind\n>p1 move cosmicpower\n>p2 move shadowball\n>p1 move storedpower\n>p2 move shadowball\n>p1 move storedpower\n>p2 move matchagotcha\n>p1 move storedpower\n>p2 move matchagotcha\n>chat ☆oreobro|wow\n>p2 switch 3\n>p1 move bodypress\n>p2 move sludgewave\n>p1 move storedpower\n>p2 move powerwhip\n>chat ☆oreobro|that missed matcha literally won you the match\n>forcelose p2", "uploadtime": 1771190817, "views": 7, "formatid": "gen9randombattle", "rating": 1577, "private": 0, "password": null}