{"id": "gen9randombattle-2540052369", "format": "[Gen 9] Random Battle", "players": ["ribena supernova", "badassaug"], "log": "|j|☆ribena supernova\n|j|☆badassaug\n|t:|1771152953\n|gametype|singles\n|player|p1|ribena supernova|leaf-masters|2211\n|player|p2|badassaug|170|2254\n|gen|9\n|tier|[Gen 9] Random Battle\n|rated|\n|rule|Species Clause: Limit one of each Pokémon\n|rule|HP Percentage Mod: HP is shown in percentages\n|rule|Sleep Clause Mod: Limit one foe put to sleep\n|rule|Illusion Level Mod: Illusion disguises the Pokémon's true level\n|\n|t:|1771152953\n|teamsize|p1|6\n|teamsize|p2|6\n|start\n|switch|p1a: Ursaluna|Ursaluna, L79, M|335/335\n|switch|p2a: Chi-Yu|Chi-Yu, L77|211/211\n|-ability|p2a: Chi-Yu|Beads of Ruin\n|turn|1\n|inactive|Battle timer is ON: inactive players will automatically lose when time's up. (requested by ribena supernova)\n|inactive|badassaug has 120 seconds left.\n|\n|t:|1771153015\n|switch|p2a: Slither Wing|Slither Wing, L81|270/270\n|move|p1a: Ursaluna|Headlong Rush|p2a: Slither Wing\n|-resisted|p2a: Slither Wing\n|-damage|p2a: Slither Wing|190/270\n|-unboost|p1a: Ursaluna|def|1\n|-unboost|p1a: Ursaluna|spd|1\n|\n|-status|p1a: Ursaluna|brn|[from] item: Flame Orb\n|upkeep\n|turn|2\n|\n|t:|1771153027\n|switch|p1a: Latias|Latias, L79, F|256/256\n|move|p2a: Slither Wing|U-turn|p1a: Latias\n|-supereffective|p1a: Latias\n|-damage|p1a: Latias|50/256\n|\n|t:|1771153037\n|-end|p2a: Slither Wing|Protosynthesis|[silent]\n|switch|p2a: Barraskewda|Barraskewda, L81, M|231/231|[from] U-turn\n|\n|upkeep\n|turn|3\n|\n|t:|1771153042\n|switch|p1a: Ampharos|Ampharos, L88, M|302/302\n|move|p2a: Barraskewda|Waterfall|p1a: Ampharos\n|-damage|p1a: Ampharos|152/302\n|-status|p2a: Barraskewda|par|[from] ability: Static|[of] p1a: Ampharos\n|\n|upkeep\n|turn|4\n|\n|t:|1771153054\n|move|p1a: Ampharos|Volt Switch|p2a: Barraskewda\n|-supereffective|p2a: Barraskewda\n|-damage|p2a: Barraskewda|0 fnt\n|faint|p2a: Barraskewda\n|\n|t:|1771153064\n|switch|p1a: Infernape|Infernape, L82, F|259/259|[from] Volt Switch\n|\n|upkeep\n|\n|t:|1771153074\n|switch|p2a: Iron Boulder|Iron Boulder, L77|265/265\n|turn|5\n|\n|t:|1771153080\n|switch|p1a: Ampharos|Ampharos, L88, M|152/302\n|move|p2a: Iron Boulder|Zen Headbutt|p1a: Ampharos\n|-damage|p1a: Ampharos|43/302\n|-damage|p2a: Iron Boulder|239/265|[from] item: Life Orb\n|\n|upkeep\n|turn|6\n|\n|t:|1771153096\n|move|p2a: Iron Boulder|Mighty Cleave|p1a: Ampharos\n|-damage|p1a: Ampharos|0 fnt\n|-status|p2a: Iron Boulder|par|[from] ability: Static|[of] p1a: Ampharos\n|faint|p1a: Ampharos\n|-damage|p2a: Iron Boulder|213/265 par|[from] item: Life Orb\n|\n|upkeep\n|\n|t:|1771153101\n|switch|p1a: Samurott|Samurott, L88, M|310/310\n|turn|7\n|\n|t:|1771153113\n|move|p1a: Samurott|Liquidation|p2a: Iron Boulder\n|-supereffective|p2a: Iron Boulder\n|-damage|p2a: Iron Boulder|0 fnt\n|faint|p2a: Iron Boulder\n|-end|p2a: Iron Boulder|Quark Drive|[silent]\n|-damage|p1a: Samurott|279/310|[from] item: Life Orb\n|\n|upkeep\n|\n|t:|1771153121\n|switch|p2a: Slither Wing|Slither Wing, L81|190/270\n|turn|8\n|\n|t:|1771153126\n|move|p2a: Slither Wing|Will-O-Wisp|p1a: Samurott\n|-status|p1a: Samurott|brn\n|move|p1a: Samurott|Liquidation|p2a: Slither Wing\n|-damage|p2a: Slither Wing|112/270\n|-damage|p1a: Samurott|248/310 brn|[from] item: Life Orb\n|\n|-damage|p1a: Samurott|229/310 brn|[from] brn\n|upkeep\n|turn|9\n|\n|t:|1771153135\n|switch|p1a: Latias|Latias, L79, F|50/256\n|move|p2a: Slither Wing|Morning Sun|p2a: Slither Wing\n|-heal|p2a: Slither Wing|247/270\n|\n|upkeep\n|turn|10\n|\n|t:|1771153141\n|move|p1a: Latias|Draco Meteor|p2a: Slither Wing\n|-damage|p2a: Slither Wing|114/270\n|-unboost|p1a: Latias|spa|2\n|move|p2a: Slither Wing|U-turn|p1a: Latias\n|-supereffective|p1a: Latias\n|-damage|p1a: Latias|0 fnt\n|faint|p1a: Latias\n|\n|t:|1771153151\n|-end|p2a: Slither Wing|Protosynthesis|[silent]\n|switch|p2a: Mabosstiff|Mabosstiff, L86, F|278/278|[from] U-turn\n|\n|upkeep\n|\n|t:|1771153158\n|switch|p1a: Infernape|Infernape, L82, F|259/259\n|turn|11\n|\n|t:|1771153166\n|switch|p2a: Ho-Oh|Ho-Oh, L71|268/268\n|move|p1a: Infernape|Close Combat|p2a: Ho-Oh\n|-resisted|p2a: Ho-Oh\n|-damage|p2a: Ho-Oh|171/268\n|-unboost|p1a: Infernape|def|1\n|-unboost|p1a: Infernape|spd|1\n|-damage|p1a: Infernape|234/259|[from] item: Life Orb\n|\n|upkeep\n|turn|12\n|\n|t:|1771153178\n|switch|p1a: Samurott|Samurott, L88, M|229/310 brn\n|switch|p2a: Mabosstiff|Mabosstiff, L86, F|278/278\n|\n|-damage|p1a: Samurott|210/310 brn|[from] brn\n|upkeep\n|turn|13\n|\n|t:|1771153188\n|move|p2a: Mabosstiff|Crunch|p1a: Samurott\n|-damage|p1a: Samurott|107/310 brn\n|move|p1a: Samurott|Knock Off|p2a: Mabosstiff\n|-resisted|p2a: Mabosstiff\n|-damage|p2a: Mabosstiff|256/278\n|-enditem|p2a: Mabosstiff|Choice Scarf|[from] move: Knock Off|[of] p1a: Samurott\n|-damage|p1a: Samurott|76/310 brn|[from] item: Life Orb\n|\n|-damage|p1a: Samurott|57/310 brn|[from] brn\n|upkeep\n|turn|14\n|\n|t:|1771153197\n|move|p1a: Samurott|Aqua Jet|p2a: Mabosstiff\n|-damage|p2a: Mabosstiff|213/278\n|-damage|p1a: Samurott|26/310 brn|[from] item: Life Orb\n|move|p2a: Mabosstiff|Crunch|p1a: Samurott\n|-damage|p1a: Samurott|0 fnt\n|faint|p1a: Samurott\n|\n|upkeep\n|\n|t:|1771153201\n|switch|p1a: Infernape|Infernape, L82, F|234/259\n|turn|15\n|\n|t:|1771153209\n|switch|p1a: Miraidon|Miraidon, L65|238/238\n|-fieldstart|move: Electric Terrain|[from] ability: Hadron Engine|[of] p1a: Miraidon\n|switch|p2a: Ho-Oh|Ho-Oh, L71|260/268\n|\n|upkeep\n|turn|16\n|\n|t:|1771153217\n|-terastallize|p2a: Ho-Oh|Ground\n|move|p1a: Miraidon|Substitute|p1a: Miraidon\n|-start|p1a: Miraidon|Substitute\n|-damage|p1a: Miraidon|179/238\n|move|p2a: Ho-Oh|Earthquake|p1a: Miraidon\n|-supereffective|p1a: Miraidon\n|-end|p1a: Miraidon|Substitute\n|\n|-heal|p1a: Miraidon|193/238|[from] item: Leftovers\n|upkeep\n|turn|17\n|\n|t:|1771153226\n|switch|p1a: Ursaluna|Ursaluna, L79, M|335/335 brn\n|move|p2a: Ho-Oh|Earthquake|p1a: Ursaluna\n|-damage|p1a: Ursaluna|245/335 brn\n|\n|-damage|p1a: Ursaluna|225/335 brn|[from] brn\n|upkeep\n|turn|18\n|\n|t:|1771153243\n|switch|p2a: Mabosstiff|Mabosstiff, L86, F|213/278\n|move|p1a: Ursaluna|Facade|p2a: Mabosstiff\n|-damage|p2a: Mabosstiff|0 fnt\n|faint|p2a: Mabosstiff\n|\n|-damage|p1a: Ursaluna|205/335 brn|[from] brn\n|upkeep\n|\n|t:|1771153257\n|switch|p2a: Slither Wing|Slither Wing, L81|114/270\n|turn|19\n|\n|t:|1771153263\n|switch|p1a: Miraidon|Miraidon, L65|193/238\n|-activate|p1a: Miraidon|ability: Hadron Engine\n|move|p2a: Slither Wing|Close Combat|p1a: Miraidon\n|-crit|p1a: Miraidon\n|-damage|p1a: Miraidon|0 fnt\n|-unboost|p2a: Slither Wing|def|1\n|-unboost|p2a: Slither Wing|spd|1\n|faint|p1a: Miraidon\n|\n|-fieldend|move: Electric Terrain\n|upkeep\n|c|☆ribena supernova|man\n|\n|t:|1771153271\n|switch|p1a: Infernape|Infernape, L82, F|234/259\n|turn|20\n|\n|t:|1771153279\n|-end|p2a: Slither Wing|Protosynthesis|[silent]\n|switch|p2a: Ho-Oh|Ho-Oh, L71, tera:Ground|268/268\n|move|p1a: Infernape|Close Combat|p2a: Ho-Oh\n|-damage|p2a: Ho-Oh|83/268\n|-unboost|p1a: Infernape|def|1\n|-unboost|p1a: Infernape|spd|1\n|-damage|p1a: Infernape|209/259|[from] item: Life Orb\n|\n|upkeep\n|turn|21\n|\n|t:|1771153306\n|switch|p2a: Chi-Yu|Chi-Yu, L77|211/211\n|-ability|p2a: Chi-Yu|Beads of Ruin\n|move|p1a: Infernape|Close Combat|p2a: Chi-Yu\n|-supereffective|p2a: Chi-Yu\n|-damage|p2a: Chi-Yu|0 fnt\n|-unboost|p1a: Infernape|def|1\n|-unboost|p1a: Infernape|spd|1\n|faint|p2a: Chi-Yu\n|-damage|p1a: Infernape|184/259|[from] item: Life Orb\n|\n|upkeep\n|inactive|badassaug has 120 seconds left.\n|\n|t:|1771153319\n|switch|p2a: Slither Wing|Slither Wing, L81|114/270\n|turn|22\n|\n|t:|1771153324\n|-end|p2a: Slither Wing|Protosynthesis|[silent]\n|switch|p2a: Ho-Oh|Ho-Oh, L71, tera:Ground|172/268\n|move|p1a: Infernape|Overheat|p2a: Ho-Oh\n|-damage|p2a: Ho-Oh|42/268\n|-unboost|p1a: Infernape|spa|2\n|-damage|p1a: Infernape|159/259|[from] item: Life Orb\n|\n|upkeep\n|turn|23\n|\n|t:|1771153332\n|switch|p2a: Slither Wing|Slither Wing, L81|114/270\n|move|p1a: Infernape|Close Combat|p2a: Slither Wing\n|-resisted|p2a: Slither Wing\n|-damage|p2a: Slither Wing|18/270\n|-unboost|p1a: Infernape|def|1\n|-unboost|p1a: Infernape|spd|1\n|-damage|p1a: Infernape|134/259|[from] item: Life Orb\n|\n|upkeep\n|turn|24\n|-message|badassaug forfeited.\n|\n|win|ribena supernova\n|raw|ribena supernova's rating: 2211 &rarr; <strong>2233</strong><br />(+22 for winning)\n|raw|badassaug's rating: 2254 &rarr; <strong>2232</strong><br />(-22 for losing)\n|l|☆badassaug\n|player|p2|\n", "inputlog": ">version 686819e5e19f8a7fd2345cfc5a08a5085efa2cc3\n>start {\"formatid\":\"gen9randombattle\",\"seed\":\"sodium,894d198999a46677dab9feb2c8574f5e\",\"rated\":\"Rated battle\"}\n>player p1 {\"name\":\"ribena supernova\",\"avatar\":\"leaf-masters\",\"rating\":2211,\"seed\":\"sodium,6308894026414fdf7af6a0c3b456484a\"}\n>player p2 {\"name\":\"badassaug\",\"avatar\":\"170\",\"rating\":2254,\"seed\":\"sodium,e680855595ff56b6620b3deefebaacd5\"}\n>p1 move headlongrush\n>p2 switch 5\n>p1 switch 6\n>p2 move uturn\n>p2 switch 4\n>p1 switch 4\n>p2 move waterfall\n>p1 move voltswitch\n>p2 move waterfall\n>p1 switch 3\n>p2 switch 2\n>p1 switch 3\n>p2 move zenheadbutt\n>p1 move voltswitch\n>p2 move mightycleave\n>p1 switch 5\n>p1 move liquidation\n>p2 move mightycleave\n>p2 switch 4\n>p1 move liquidation\n>p2 move willowisp\n>p1 switch 4\n>p2 move morningsun\n>p1 move dracometeor\n>p2 move uturn\n>p2 switch 3\n>p1 switch 3\n>p1 move closecombat\n>p2 switch 6\n>p1 switch 4\n>p2 switch 6\n>p1 move knockoff\n>p2 move crunch\n>p1 move aquajet\n>p2 move crunch\n>p1 switch 4\n>p1 switch 2\n>p2 switch 6\n>p1 move substitute\n>p2 move earthquake terastallize\n>p1 switch 6\n>p2 move earthquake\n>p1 move facade\n>p2 switch 6\n>p2 switch 3\n>p1 switch 6\n>p2 move closecombat\n>chat ☆ribena supernova|man\n>p1 switch 2\n>p1 move closecombat\n>p2 switch 6\n>p1 move closecombat\n>p2 switch 5\n>p2 switch 6\n>p1 move overheat\n>p2 switch 5\n>p1 move closecombat\n>p2 switch 5\n>forcelose p2", "uploadtime": 1771153342, "views": 16, "formatid": "gen9randombattle", "rating": 2232, "private": 0, "password": null}