{"id": "gen9randombattle-2540462289", "format": "[Gen 9] Random Battle", "players": ["treeshhhh", "O Sapo"], "log": "|j|☆treeshhhh\n|j|☆O Sapo\n|t:|1771205024\n|gametype|singles\n|player|p1|treeshhhh|169|1727\n|player|p2|O Sapo|2|1662\n|gen|9\n|tier|[Gen 9] Random Battle\n|rated|\n|rule|Species Clause: Limit one of each Pokémon\n|rule|HP Percentage Mod: HP is shown in percentages\n|rule|Sleep Clause Mod: Limit one foe put to sleep\n|rule|Illusion Level Mod: Illusion disguises the Pokémon's true level\n|\n|t:|1771205024\n|teamsize|p1|6\n|teamsize|p2|6\n|start\n|switch|p1a: Pyroar|Pyroar, L88, M|295/295\n|switch|p2a: Quagsire|Quagsire, L84, M|297/297\n|-ability|p1a: Pyroar|Unnerve\n|turn|1\n|inactive|Battle timer is ON: inactive players will automatically lose when time's up. (requested by treeshhhh)\n|\n|t:|1771205050\n|move|p1a: Pyroar|Work Up|p1a: Pyroar\n|-boost|p1a: Pyroar|atk|1\n|-boost|p1a: Pyroar|spa|1\n|move|p2a: Quagsire|Spikes|p1a: Pyroar\n|-sidestart|p1: treeshhhh|Spikes\n|\n|upkeep\n|turn|2\n|\n|t:|1771205066\n|move|p1a: Pyroar|Dark Pulse|p2a: Quagsire\n|-damage|p2a: Quagsire|204/297\n|move|p2a: Quagsire|Spikes|p1a: Pyroar\n|-sidestart|p1: treeshhhh|Spikes\n|\n|-heal|p2a: Quagsire|222/297|[from] item: Leftovers\n|upkeep\n|turn|3\n|\n|t:|1771205071\n|move|p1a: Pyroar|Hyper Voice|p2a: Quagsire\n|-damage|p2a: Quagsire|89/297\n|move|p2a: Quagsire|Spikes|p1a: Pyroar\n|-sidestart|p1: treeshhhh|Spikes\n|\n|-heal|p2a: Quagsire|107/297|[from] item: Leftovers\n|upkeep\n|turn|4\n|\n|t:|1771205082\n|switch|p2a: Fezandipiti|Fezandipiti, L82, M|278/278\n|move|p1a: Pyroar|Hyper Voice|p2a: Fezandipiti\n|-damage|p2a: Fezandipiti|187/278\n|\n|upkeep\n|turn|5\n|\n|t:|1771205095\n|move|p1a: Pyroar|Fire Blast|p2a: Fezandipiti\n|-damage|p2a: Fezandipiti|73/278\n|move|p2a: Fezandipiti|Gunk Shot|p1a: Pyroar\n|-damage|p1a: Pyroar|166/295\n|-status|p1a: Pyroar|psn\n|\n|-damage|p1a: Pyroar|130/295 psn|[from] psn\n|upkeep\n|turn|6\n|\n|t:|1771205113\n|switch|p2a: Noctowl|Noctowl, L95, F|344/344\n|move|p1a: Pyroar|Hyper Voice|p2a: Noctowl\n|-damage|p2a: Noctowl|203/344\n|\n|-damage|p1a: Pyroar|94/295 psn|[from] psn\n|upkeep\n|turn|7\n|inactive|treeshhhh has 120 seconds left.\n|\n|t:|1771205160\n|move|p1a: Pyroar|Hyper Voice|p2a: Noctowl\n|-damage|p2a: Noctowl|70/344\n|move|p2a: Noctowl|Roost|p2a: Noctowl\n|-heal|p2a: Noctowl|242/344\n|-singleturn|p2a: Noctowl|move: Roost\n|\n|-damage|p1a: Pyroar|58/295 psn|[from] psn\n|upkeep\n|turn|8\n|\n|t:|1771205167\n|move|p1a: Pyroar|Fire Blast|p2a: Noctowl\n|-damage|p2a: Noctowl|70/344\n|move|p2a: Noctowl|Hyper Voice|p1a: Pyroar\n|-damage|p1a: Pyroar|0 fnt\n|faint|p1a: Pyroar\n|\n|upkeep\n|\n|t:|1771205171\n|switch|p1a: Swanna|Swanna, L89, M|278/278\n|turn|9\n|\n|t:|1771205186\n|move|p1a: Swanna|Defog|p2a: Noctowl\n|-unboost|p2a: Noctowl|evasion|1\n|-sideend|p1: treeshhhh|Spikes|[from] move: Defog|[of] p1a: Swanna\n|move|p2a: Noctowl|Roost|p2a: Noctowl\n|-heal|p2a: Noctowl|242/344\n|-singleturn|p2a: Noctowl|move: Roost\n|\n|upkeep\n|turn|10\n|\n|t:|1771205195\n|move|p1a: Swanna|Brave Bird|p2a: Noctowl\n|-damage|p2a: Noctowl|76/344\n|-damage|p1a: Swanna|223/278|[from] Recoil\n|move|p2a: Noctowl|Hurricane|p1a: Swanna\n|-damage|p1a: Swanna|70/278\n|\n|upkeep\n|turn|11\n|\n|t:|1771205207\n|move|p1a: Swanna|Hydro Pump|p2a: Noctowl\n|-damage|p2a: Noctowl|0 fnt\n|faint|p2a: Noctowl\n|\n|upkeep\n|\n|t:|1771205211\n|switch|p2a: Chien-Pao|Chien-Pao, L72|234/234\n|-ability|p2a: Chien-Pao|Sword of Ruin\n|turn|12\n|\n|t:|1771205219\n|move|p2a: Chien-Pao|Throat Chop|p1a: Swanna\n|-damage|p1a: Swanna|0 fnt\n|faint|p1a: Swanna\n|\n|upkeep\n|\n|t:|1771205222\n|switch|p1a: Dachsbun|Dachsbun, L92, M|254/254\n|turn|13\n|\n|t:|1771205225\n|switch|p2a: Fezandipiti|Fezandipiti, L82, M|73/278\n|move|p1a: Dachsbun|Play Rough|p2a: Fezandipiti\n|-resisted|p2a: Fezandipiti\n|-damage|p2a: Fezandipiti|22/278\n|\n|upkeep\n|turn|14\n|\n|t:|1771205230\n|move|p1a: Dachsbun|Play Rough|p2a: Fezandipiti\n|-resisted|p2a: Fezandipiti\n|-damage|p2a: Fezandipiti|0 fnt\n|faint|p2a: Fezandipiti\n|\n|upkeep\n|\n|t:|1771205252\n|switch|p2a: Grimmsnarl|Grimmsnarl, L83, M|293/293\n|turn|15\n|\n|t:|1771205270\n|switch|p1a: Sandy Shocks|Sandy Shocks, L80|267/267\n|move|p2a: Grimmsnarl|Parting Shot|p1a: Sandy Shocks\n|-unboost|p1a: Sandy Shocks|atk|1\n|-unboost|p1a: Sandy Shocks|spa|1\n|\n|t:|1771205284\n|switch|p2a: Quagsire|Quagsire, L84, M|107/297|[from] Parting Shot\n|\n|-heal|p2a: Quagsire|125/297|[from] item: Leftovers\n|upkeep\n|turn|16\n|\n|t:|1771205288\n|move|p1a: Sandy Shocks|Earth Power|p2a: Quagsire\n|-damage|p2a: Quagsire|0 fnt\n|faint|p2a: Quagsire\n|\n|upkeep\n|\n|t:|1771205291\n|switch|p2a: Chien-Pao|Chien-Pao, L72|234/234\n|-ability|p2a: Chien-Pao|Sword of Ruin\n|turn|17\n|\n|t:|1771205297\n|move|p2a: Chien-Pao|Icicle Crash|p1a: Sandy Shocks|[miss]\n|-miss|p2a: Chien-Pao|p1a: Sandy Shocks\n|move|p1a: Sandy Shocks|Thunder Wave|p2a: Chien-Pao\n|-status|p2a: Chien-Pao|par\n|\n|upkeep\n|turn|18\n|\n|t:|1771205307\n|move|p1a: Sandy Shocks|Spikes|p2a: Chien-Pao\n|-sidestart|p2: O Sapo|Spikes\n|move|p2a: Chien-Pao|Icicle Crash|p1a: Sandy Shocks\n|-supereffective|p1a: Sandy Shocks\n|-damage|p1a: Sandy Shocks|0 fnt\n|faint|p1a: Sandy Shocks\n|-end|p1a: Sandy Shocks|Protosynthesis|[silent]\n|\n|upkeep\n|\n|t:|1771205315\n|switch|p1a: Arceus|Arceus-Bug, L73|295/295\n|turn|19\n|\n|t:|1771205325\n|move|p1a: Arceus|Calm Mind|p1a: Arceus\n|-boost|p1a: Arceus|spa|1\n|-boost|p1a: Arceus|spd|1\n|cant|p2a: Chien-Pao|par\n|\n|upkeep\n|turn|20\n|\n|t:|1771205329\n|move|p1a: Arceus|Judgment|p2a: Chien-Pao\n|-supereffective|p2a: Chien-Pao\n|-damage|p2a: Chien-Pao|0 fnt\n|faint|p2a: Chien-Pao\n|\n|upkeep\n|\n|t:|1771205333\n|switch|p2a: Grimmsnarl|Grimmsnarl, L83, M|293/293\n|-damage|p2a: Grimmsnarl|257/293|[from] Spikes\n|turn|21\n|\n|t:|1771205338\n|move|p2a: Grimmsnarl|Light Screen|p2a: Grimmsnarl\n|-sidestart|p2: O Sapo|move: Light Screen\n|move|p1a: Arceus|Judgment|p2a: Grimmsnarl\n|-damage|p2a: Grimmsnarl|162/293\n|\n|upkeep\n|turn|22\n|\n|t:|1771205342\n|move|p1a: Arceus|Judgment|p2a: Grimmsnarl\n|-crit|p2a: Grimmsnarl\n|-damage|p2a: Grimmsnarl|0 fnt\n|faint|p2a: Grimmsnarl\n|\n|upkeep\n|\n|t:|1771205346\n|switch|p2a: Okidogi|Okidogi, L77, M|262/262\n|-damage|p2a: Okidogi|230/262|[from] Spikes\n|turn|23\n|\n|t:|1771205357\n|move|p1a: Arceus|Fire Blast|p2a: Okidogi\n|-damage|p2a: Okidogi|191/262\n|-status|p2a: Okidogi|brn\n|move|p2a: Okidogi|Gunk Shot|p1a: Arceus\n|-damage|p1a: Arceus|238/295\n|-status|p1a: Arceus|psn\n|\n|-damage|p1a: Arceus|202/295 psn|[from] psn\n|-damage|p2a: Okidogi|175/262 brn|[from] brn\n|upkeep\n|turn|24\n|-message|O Sapo forfeited.\n|\n|win|treeshhhh\n|raw|treeshhhh's rating: 1727 &rarr; <strong>1743</strong><br />(+16 for winning)\n|raw|O Sapo's rating: 1662 &rarr; <strong>1646</strong><br />(-16 for losing)\n|l|☆O Sapo\n|player|p2|\n", "inputlog": ">version 686819e5e19f8a7fd2345cfc5a08a5085efa2cc3\n>start {\"formatid\":\"gen9randombattle\",\"seed\":\"sodium,3ce7007f062d184629017139311deba7\",\"rated\":\"Rated battle\"}\n>player p1 {\"name\":\"treeshhhh\",\"avatar\":\"169\",\"rating\":1727,\"seed\":\"sodium,515cf23cda2ba93e3712b5daf2517593\"}\n>player p2 {\"name\":\"O Sapo\",\"avatar\":\"2\",\"rating\":1662,\"seed\":\"sodium,698d0e73b5571d26df4a6658e7f03d2f\"}\n>p1 move workup\n>p2 move spikes\n>p1 move darkpulse\n>p2 move spikes\n>p1 move hypervoice\n>p2 move spikes\n>p1 move hypervoice\n>p2 switch 5\n>p1 move fireblast\n>p2 move gunkshot\n>p1 move hypervoice\n>p2 switch 2\n>p1 move hypervoice\n>p2 move roost\n>p1 move fireblast\n>p2 move hypervoice\n>p1 switch 3\n>p1 move defog\n>p2 move roost\n>p1 move bravebird\n>p2 move hurricane\n>p1 move hydropump\n>p2 move roost\n>p2 switch 6\n>p1 move hydropump\n>p2 move throatchop\n>p1 switch 2\n>p1 move playrough\n>p2 switch 2\n>p1 move playrough\n>p2 move gunkshot\n>p2 switch 4\n>p1 switch 4\n>p2 move partingshot\n>p2 switch 5\n>p1 move earthpower\n>p2 move recover\n>p2 switch 2\n>p1 move thunderwave\n>p2 move iciclecrash\n>p1 move spikes\n>p2 move iciclecrash\n>p1 switch 6\n>p1 move calmmind\n>p2 move iciclecrash\n>p1 move judgment\n>p2 move iciclecrash\n>p2 switch 5\n>p1 move judgment\n>p2 move lightscreen\n>p1 move judgment\n>p2 move spiritbreak\n>p2 switch 3\n>p1 move fireblast\n>p2 move gunkshot\n>forcelose p2", "uploadtime": 1771205369, "views": 7, "formatid": "gen9randombattle", "rating": 1646, "private": 0, "password": null}