{"id": "gen9randombattle-2540594517", "format": "[Gen 9] Random Battle", "players": ["Ayyjord", "DonovanIsNotHere"], "log": "|j|☆Ayyjord\n|j|☆DonovanIsNotHere\n|t:|1771223813\n|gametype|singles\n|player|p1|Ayyjord|skier|1529\n|player|p2|DonovanIsNotHere|102|1553\n|gen|9\n|tier|[Gen 9] Random Battle\n|rated|\n|rule|Species Clause: Limit one of each Pokémon\n|rule|HP Percentage Mod: HP is shown in percentages\n|rule|Sleep Clause Mod: Limit one foe put to sleep\n|rule|Illusion Level Mod: Illusion disguises the Pokémon's true level\n|\n|t:|1771223813\n|teamsize|p1|6\n|teamsize|p2|6\n|start\n|switch|p1a: Noctowl|Noctowl, L95, M|344/344\n|switch|p2a: Tsareena|Tsareena, L87, F|267/267\n|turn|1\n|inactive|Battle timer is ON: inactive players will automatically lose when time's up. (requested by Ayyjord)\n|\n|t:|1771223827\n|switch|p2a: Froslass|Froslass, L87, F|263/263\n|move|p1a: Noctowl|Hyper Voice|p2a: Froslass\n|-immune|p2a: Froslass\n|\n|upkeep\n|turn|2\n|\n|t:|1771223843\n|switch|p1a: Sableye|Sableye, L88, M|231/231\n|move|p2a: Froslass|Triple Axel|p1a: Sableye\n|-damage|p1a: Sableye|210/231\n|-damage|p1a: Sableye|168/231\n|-damage|p1a: Sableye|108/231\n|-hitcount|p1a: Sableye|3\n|\n|-heal|p1a: Sableye|122/231|[from] item: Leftovers\n|upkeep\n|turn|3\n|\n|t:|1771223851\n|move|p1a: Sableye|Recover|p1a: Sableye\n|-heal|p1a: Sableye|231/231\n|move|p2a: Froslass|Triple Axel|p1a: Sableye\n|-damage|p1a: Sableye|210/231\n|-damage|p1a: Sableye|167/231\n|-damage|p1a: Sableye|104/231\n|-hitcount|p1a: Sableye|3\n|\n|-heal|p1a: Sableye|118/231|[from] item: Leftovers\n|upkeep\n|turn|4\n|\n|t:|1771223861\n|move|p1a: Sableye|Will-O-Wisp|p2a: Froslass\n|-status|p2a: Froslass|brn\n|move|p2a: Froslass|Poltergeist|p1a: Sableye\n|-activate|p1a: Sableye|move: Poltergeist|Leftovers\n|-damage|p1a: Sableye|55/231\n|\n|-heal|p1a: Sableye|69/231|[from] item: Leftovers\n|-damage|p2a: Froslass|247/263 brn|[from] brn\n|upkeep\n|turn|5\n|\n|t:|1771223870\n|switch|p2a: Tsareena|Tsareena, L87, F|267/267\n|move|p1a: Sableye|Knock Off|p2a: Tsareena\n|-damage|p2a: Tsareena|186/267\n|-enditem|p2a: Tsareena|Heavy-Duty Boots|[from] move: Knock Off|[of] p1a: Sableye\n|\n|-heal|p1a: Sableye|83/231|[from] item: Leftovers\n|upkeep\n|turn|6\n|\n|t:|1771223878\n|move|p1a: Sableye|Will-O-Wisp||[still]\n|cant|p2a: Tsareena|ability: Queenly Majesty|Will-O-Wisp|[of] p1a: Sableye\n|move|p2a: Tsareena|Power Whip|p1a: Sableye\n|-damage|p1a: Sableye|0 fnt\n|faint|p1a: Sableye\n|\n|upkeep\n|\n|t:|1771223893\n|switch|p1a: Tornadus|Tornadus-Therian, L79, M|254/254\n|turn|7\n|\n|t:|1771223908\n|switch|p2a: Regieleki|Regieleki, L79|256/256\n|move|p1a: Tornadus|Heat Wave|p2a: Regieleki\n|-damage|p2a: Regieleki|145/256\n|\n|upkeep\n|turn|8\n|\n|t:|1771223917\n|switch|p1a: Houndstone|Houndstone, L86, M|264/264\n|move|p2a: Regieleki|Thunderbolt|p1a: Houndstone\n|-damage|p1a: Houndstone|186/264\n|\n|upkeep\n|turn|9\n|\n|t:|1771223926\n|move|p2a: Regieleki|Volt Switch|p1a: Houndstone\n|-damage|p1a: Houndstone|120/264\n|\n|t:|1771223930\n|switch|p2a: Dunsparce|Dunsparce, L86, F|312/312|[from] Volt Switch\n|move|p1a: Houndstone|Poltergeist|p2a: Dunsparce\n|-immune|p2a: Dunsparce\n|\n|upkeep\n|turn|10\n|\n|t:|1771223936\n|switch|p2a: Froslass|Froslass, L87, F|247/263 brn\n|move|p1a: Houndstone|Body Press|p2a: Froslass\n|-immune|p2a: Froslass\n|\n|-damage|p2a: Froslass|231/263 brn|[from] brn\n|upkeep\n|turn|11\n|\n|t:|1771223940\n|move|p2a: Froslass|Will-O-Wisp|p1a: Houndstone\n|-status|p1a: Houndstone|brn\n|move|p1a: Houndstone|Body Press|p2a: Froslass\n|-immune|p2a: Froslass\n|\n|-damage|p2a: Froslass|215/263 brn|[from] brn\n|-damage|p1a: Houndstone|104/264 brn|[from] brn\n|upkeep\n|turn|12\n|\n|t:|1771223944\n|move|p2a: Froslass|Spikes|p1a: Houndstone\n|-sidestart|p1: Ayyjord|Spikes\n|move|p1a: Houndstone|Body Press|p2a: Froslass\n|-immune|p2a: Froslass\n|\n|-damage|p2a: Froslass|199/263 brn|[from] brn\n|-damage|p1a: Houndstone|88/264 brn|[from] brn\n|upkeep\n|turn|13\n|\n|t:|1771223949\n|move|p2a: Froslass|Spikes|p1a: Houndstone\n|-sidestart|p1: Ayyjord|Spikes\n|move|p1a: Houndstone|Poltergeist|p2a: Froslass\n|-activate|p2a: Froslass|move: Poltergeist|Wide Lens\n|-supereffective|p2a: Froslass\n|-damage|p2a: Froslass|61/263 brn\n|\n|-damage|p2a: Froslass|45/263 brn|[from] brn\n|-damage|p1a: Houndstone|72/264 brn|[from] brn\n|upkeep\n|turn|14\n|\n|t:|1771223956\n|move|p1a: Houndstone|Shadow Sneak|p2a: Froslass\n|-supereffective|p2a: Froslass\n|-damage|p2a: Froslass|0 fnt\n|faint|p2a: Froslass\n|\n|-damage|p1a: Houndstone|56/264 brn|[from] brn\n|upkeep\n|\n|t:|1771223960\n|switch|p2a: Heracross|Heracross, L80, M|259/259\n|turn|15\n|\n|t:|1771223966\n|move|p2a: Heracross|Trailblaze|p1a: Houndstone\n|-damage|p1a: Houndstone|40/264 brn\n|-boost|p2a: Heracross|spe|1\n|move|p1a: Houndstone|Play Rough|p2a: Heracross|[miss]\n|-miss|p1a: Houndstone|p2a: Heracross\n|\n|-damage|p1a: Houndstone|24/264 brn|[from] brn\n|-status|p2a: Heracross|brn|[from] item: Flame Orb\n|upkeep\n|turn|16\n|\n|t:|1771223972\n|move|p2a: Heracross|Knock Off|p1a: Houndstone\n|-supereffective|p1a: Houndstone\n|-damage|p1a: Houndstone|0 fnt\n|-enditem|p1a: Houndstone|Assault Vest|[from] move: Knock Off|[of] p2a: Heracross\n|faint|p1a: Houndstone\n|\n|-damage|p2a: Heracross|243/259 brn|[from] brn\n|upkeep\n|\n|t:|1771223981\n|switch|p1a: Noctowl|Noctowl, L95, M|344/344\n|turn|17\n|\n|t:|1771223985\n|-terastallize|p2a: Heracross|Normal\n|move|p2a: Heracross|Facade|p1a: Noctowl\n|-damage|p1a: Noctowl|0 fnt\n|faint|p1a: Noctowl\n|\n|-damage|p2a: Heracross|227/259 brn|[from] brn\n|upkeep\n|\n|t:|1771223995\n|switch|p1a: Tornadus|Tornadus-Therian, L79, M|254/254\n|turn|18\n|\n|t:|1771224000\n|move|p2a: Heracross|Facade|p1a: Tornadus\n|-damage|p1a: Tornadus|0 fnt\n|faint|p1a: Tornadus\n|\n|-damage|p2a: Heracross|211/259 brn|[from] brn\n|upkeep\n|\n|t:|1771224002\n|switch|p1a: Clawitzer|Clawitzer, L87, M|265/265\n|-damage|p1a: Clawitzer|221/265|[from] Spikes\n|turn|19\n|\n|t:|1771224005\n|move|p2a: Heracross|Facade|p1a: Clawitzer\n|-damage|p1a: Clawitzer|0 fnt\n|faint|p1a: Clawitzer\n|\n|-damage|p2a: Heracross|195/259 brn|[from] brn\n|upkeep\n|\n|t:|1771224008\n|switch|p1a: Garganacl|Garganacl, L80, F|291/291\n|-damage|p1a: Garganacl|243/291|[from] Spikes\n|turn|20\n|\n|t:|1771224015\n|-terastallize|p1a: Garganacl|Ghost\n|move|p2a: Heracross|Close Combat|p1a: Garganacl\n|-immune|p1a: Garganacl\n|move|p1a: Garganacl|Salt Cure|p2a: Heracross\n|-crit|p2a: Heracross\n|-damage|p2a: Heracross|117/259 brn\n|-start|p2a: Heracross|Salt Cure\n|\n|-heal|p1a: Garganacl|261/291|[from] item: Leftovers\n|-damage|p2a: Heracross|101/259 brn|[from] brn\n|-damage|p2a: Heracross|69/259 brn|[from] Salt Cure\n|upkeep\n|turn|21\n|\n|t:|1771224021\n|move|p2a: Heracross|Knock Off|p1a: Garganacl\n|-supereffective|p1a: Garganacl\n|-damage|p1a: Garganacl|67/291\n|-enditem|p1a: Garganacl|Leftovers|[from] move: Knock Off|[of] p2a: Heracross\n|move|p1a: Garganacl|Recover|p1a: Garganacl\n|-heal|p1a: Garganacl|213/291\n|\n|-damage|p2a: Heracross|53/259 brn|[from] brn\n|-damage|p2a: Heracross|21/259 brn|[from] Salt Cure\n|upkeep\n|turn|22\n|\n|t:|1771224047\n|move|p2a: Heracross|Knock Off|p1a: Garganacl\n|-supereffective|p1a: Garganacl\n|-damage|p1a: Garganacl|93/291\n|move|p1a: Garganacl|Recover|p1a: Garganacl\n|-heal|p1a: Garganacl|239/291\n|\n|-damage|p2a: Heracross|5/259 brn|[from] brn\n|-damage|p2a: Heracross|0 fnt|[from] Salt Cure\n|faint|p2a: Heracross\n|upkeep\n|inactive|DonovanIsNotHere has 120 seconds left.\n|\n|t:|1771224058\n|switch|p2a: Regieleki|Regieleki, L79|145/256\n|turn|23\n|\n|t:|1771224063\n|move|p2a: Regieleki|Volt Switch|p1a: Garganacl\n|-damage|p1a: Garganacl|139/291\n|\n|t:|1771224074\n|switch|p2a: Dunsparce|Dunsparce, L86, F|312/312|[from] Volt Switch\n|move|p1a: Garganacl|Salt Cure|p2a: Dunsparce\n|-damage|p2a: Dunsparce|282/312\n|-start|p2a: Dunsparce|Salt Cure\n|\n|-damage|p2a: Dunsparce|243/312|[from] Salt Cure\n|upkeep\n|turn|24\n|\n|t:|1771224081\n|move|p2a: Dunsparce|Coil|p2a: Dunsparce\n|-boost|p2a: Dunsparce|atk|1\n|-boost|p2a: Dunsparce|def|1\n|-boost|p2a: Dunsparce|accuracy|1\n|move|p1a: Garganacl|Recover|p1a: Garganacl\n|-heal|p1a: Garganacl|285/291\n|\n|-damage|p2a: Dunsparce|204/312|[from] Salt Cure\n|upkeep\n|turn|25\n|\n|t:|1771224089\n|move|p2a: Dunsparce|Earthquake|p1a: Garganacl\n|-damage|p1a: Garganacl|222/291\n|move|p1a: Garganacl|Earthquake|p2a: Dunsparce\n|-damage|p2a: Dunsparce|166/312\n|\n|-damage|p2a: Dunsparce|127/312|[from] Salt Cure\n|upkeep\n|turn|26\n|\n|t:|1771224092\n|move|p2a: Dunsparce|Roost|p2a: Dunsparce\n|-heal|p2a: Dunsparce|283/312\n|-singleturn|p2a: Dunsparce|move: Roost\n|move|p1a: Garganacl|Recover|p1a: Garganacl\n|-heal|p1a: Garganacl|291/291\n|\n|-damage|p2a: Dunsparce|244/312|[from] Salt Cure\n|upkeep\n|turn|27\n|\n|t:|1771224096\n|move|p2a: Dunsparce|Coil|p2a: Dunsparce\n|-boost|p2a: Dunsparce|atk|1\n|-boost|p2a: Dunsparce|def|1\n|-boost|p2a: Dunsparce|accuracy|1\n|move|p1a: Garganacl|Earthquake|p2a: Dunsparce\n|-damage|p2a: Dunsparce|216/312\n|\n|-damage|p2a: Dunsparce|177/312|[from] Salt Cure\n|upkeep\n|turn|28\n|\n|t:|1771224104\n|move|p2a: Dunsparce|Coil|p2a: Dunsparce\n|-boost|p2a: Dunsparce|atk|1\n|-boost|p2a: Dunsparce|def|1\n|-boost|p2a: Dunsparce|accuracy|1\n|move|p1a: Garganacl|Recover||[still]\n|-fail|p1a: Garganacl|heal\n|\n|-damage|p2a: Dunsparce|138/312|[from] Salt Cure\n|upkeep\n|turn|29\n|\n|t:|1771224110\n|move|p2a: Dunsparce|Roost|p2a: Dunsparce\n|-heal|p2a: Dunsparce|294/312\n|-singleturn|p2a: Dunsparce|move: Roost\n|move|p1a: Garganacl|Earthquake|p2a: Dunsparce\n|-damage|p2a: Dunsparce|272/312\n|\n|-damage|p2a: Dunsparce|233/312|[from] Salt Cure\n|upkeep\n|turn|30\n|\n|t:|1771224116\n|move|p2a: Dunsparce|Earthquake|p1a: Garganacl\n|-damage|p1a: Garganacl|178/291\n|move|p1a: Garganacl|Earthquake|p2a: Dunsparce\n|-damage|p2a: Dunsparce|213/312\n|\n|-damage|p2a: Dunsparce|174/312|[from] Salt Cure\n|upkeep\n|turn|31\n|\n|t:|1771224122\n|move|p2a: Dunsparce|Earthquake|p1a: Garganacl\n|-crit|p1a: Garganacl\n|-damage|p1a: Garganacl|10/291\n|move|p1a: Garganacl|Salt Cure|p2a: Dunsparce\n|-damage|p2a: Dunsparce|161/312\n|\n|-damage|p2a: Dunsparce|122/312|[from] Salt Cure\n|upkeep\n|turn|32\n|\n|t:|1771224125\n|move|p2a: Dunsparce|Earthquake|p1a: Garganacl\n|-damage|p1a: Garganacl|0 fnt\n|faint|p1a: Garganacl\n|\n|win|DonovanIsNotHere\n|raw|Ayyjord's rating: 1529 &rarr; <strong>1510</strong><br />(-19 for losing)\n|raw|DonovanIsNotHere's rating: 1553 &rarr; <strong>1572</strong><br />(+19 for winning)\n|l|☆Ayyjord\n|player|p1|\n", "inputlog": ">version 686819e5e19f8a7fd2345cfc5a08a5085efa2cc3\n>start {\"formatid\":\"gen9randombattle\",\"seed\":\"sodium,17a9cad53a82e562f59741222b2a0a0b\",\"rated\":\"Rated battle\"}\n>player p1 {\"name\":\"Ayyjord\",\"avatar\":\"skier\",\"rating\":1529,\"seed\":\"sodium,b673addf0c04a2ceee128f652d5eb534\"}\n>player p2 {\"name\":\"DonovanIsNotHere\",\"avatar\":\"102\",\"rating\":1553,\"seed\":\"sodium,8fdc7816e730ffa74d388eefb8d8d66e\"}\n>p1 move hypervoice\n>p2 switch 4\n>p1 switch 4\n>p2 move tripleaxel\n>p1 move recover\n>p2 move tripleaxel\n>p1 move willowisp\n>p2 move poltergeist\n>p1 move knockoff\n>p2 switch 4\n>p1 move willowisp\n>p2 move powerwhip\n>p1 switch 3\n>p1 move heatwave\n>p2 switch 2\n>p1 switch 5\n>p2 move thunderbolt\n>p1 move poltergeist\n>p2 move voltswitch\n>p2 switch 6\n>p1 move bodypress\n>p2 switch 4\n>p1 move bodypress\n>p2 move willowisp\n>p1 move bodypress\n>p2 move spikes\n>p1 move poltergeist\n>p2 move spikes\n>p1 move shadowsneak\n>p2 move spikes\n>p2 switch 3\n>p1 move playrough\n>p2 move trailblaze\n>p1 move playrough\n>p2 move knockoff\n>p1 switch 4\n>p1 move defog\n>p2 move facade terastallize\n>p1 switch 5\n>p1 move bleakwindstorm\n>p2 move facade\n>p1 switch 6\n>p1 move waterpulse\n>p2 move facade\n>p1 switch 2\n>p1 move saltcure terastallize\n>p2 move closecombat\n>p1 move recover\n>p2 move knockoff\n>p1 move recover\n>p2 move knockoff\n>p2 switch 6\n>p1 move saltcure\n>p2 move voltswitch\n>p2 switch 4\n>p1 move recover\n>p2 move coil\n>p1 move earthquake\n>p2 move earthquake\n>p1 move recover\n>p2 move roost\n>p1 move earthquake\n>p2 move coil\n>p1 move recover\n>p2 move coil\n>p1 move earthquake\n>p2 move roost\n>p1 move earthquake\n>p2 move earthquake\n>p1 move saltcure\n>p2 move earthquake\n>p1 move recover\n>p2 move earthquake", "uploadtime": 1771224185, "views": 13, "formatid": "gen9randombattle", "rating": 1510, "private": 0, "password": null}