{"id": "gen9randombattle-2540247679", "format": "[Gen 9] Random Battle", "players": ["roberr4", "Micael Lopes"], "log": "|j|☆roberr4\n|j|☆Micael Lopes\n|t:|1771180412\n|gametype|singles\n|player|p1|roberr4|n|1898\n|player|p2|Micael Lopes|benga|1918\n|gen|9\n|tier|[Gen 9] Random Battle\n|rated|\n|rule|Species Clause: Limit one of each Pokémon\n|rule|HP Percentage Mod: HP is shown in percentages\n|rule|Sleep Clause Mod: Limit one foe put to sleep\n|rule|Illusion Level Mod: Illusion disguises the Pokémon's true level\n|\n|t:|1771180412\n|teamsize|p1|6\n|teamsize|p2|6\n|start\n|switch|p1a: Seviper|Seviper, L93, M|287/287\n|switch|p2a: Noivern|Noivern, L82, F|274/274\n|turn|1\n|inactive|Battle timer is ON: inactive players will automatically lose when time's up. (requested by Micael Lopes)\n|\n|t:|1771180422\n|move|p2a: Noivern|Boomburst|p1a: Seviper\n|-damage|p1a: Seviper|132/287\n|move|p1a: Seviper|Gunk Shot|p2a: Noivern\n|-damage|p2a: Noivern|108/274\n|\n|-heal|p1a: Seviper|149/287|[from] item: Leftovers\n|upkeep\n|turn|2\n|\n|t:|1771180426\n|switch|p1a: Banette|Banette, L93, M|270/270\n|move|p2a: Noivern|Boomburst|p1a: Banette\n|-immune|p1a: Banette\n|\n|upkeep\n|turn|3\n|\n|t:|1771180433\n|switch|p2a: Coalossal|Coalossal, L89, F|341/341\n|move|p1a: Banette|Thunder Wave|p2a: Coalossal\n|-status|p2a: Coalossal|par\n|\n|upkeep\n|turn|4\n|\n|t:|1771180440\n|switch|p1a: Toxapex|Toxapex, L82, M|216/216\n|move|p2a: Coalossal|Will-O-Wisp|p1a: Toxapex\n|-status|p1a: Toxapex|brn\n|\n|-damage|p1a: Toxapex|203/216 brn|[from] brn\n|upkeep\n|turn|5\n|\n|t:|1771180446\n|switch|p2a: Lumineon|Lumineon, L93, M|279/279\n|move|p1a: Toxapex|Toxic Spikes|p2a: Lumineon\n|-sidestart|p2: Micael Lopes|move: Toxic Spikes\n|\n|-damage|p1a: Toxapex|190/216 brn|[from] brn\n|upkeep\n|turn|6\n|\n|t:|1771180450\n|move|p2a: Lumineon|Encore|p1a: Toxapex\n|-start|p1a: Toxapex|Encore\n|move|p1a: Toxapex|Toxic Spikes|p2a: Lumineon\n|-sidestart|p2: Micael Lopes|move: Toxic Spikes\n|\n|-damage|p1a: Toxapex|177/216 brn|[from] brn\n|upkeep\n|turn|7\n|\n|t:|1771180466\n|switch|p1a: Seviper|Seviper, L93, M|149/287\n|move|p2a: Lumineon|Hydro Pump|p1a: Seviper\n|-damage|p1a: Seviper|0 fnt\n|faint|p1a: Seviper\n|-damage|p2a: Lumineon|252/279|[from] item: Life Orb\n|\n|upkeep\n|inactive|roberr4 has 120 seconds left.\n|\n|t:|1771180497\n|switch|p1a: Veluza|Veluza, L85, F|292/292\n|turn|8\n|inactive|Micael Lopes has 120 seconds left.\n|\n|t:|1771180538\n|switch|p2a: Coalossal|Coalossal, L89, F|341/341 par\n|move|p1a: Veluza|Psycho Cut|p2a: Coalossal\n|-damage|p2a: Coalossal|206/341 par\n|\n|upkeep\n|turn|9\n|inactive|roberr4 has 120 seconds left.\n|inactive|roberr4 has 90 seconds left.\n|\n|t:|1771180582\n|switch|p1a: Toxapex|Toxapex, L82, M|216/216 brn\n|move|p2a: Coalossal|Rapid Spin|p1a: Toxapex\n|-damage|p1a: Toxapex|194/216 brn\n|-boost|p2a: Coalossal|spe|1\n|-damage|p2a: Coalossal|150/341 par|[from] item: Rocky Helmet|[of] p1a: Toxapex\n|-sideend|p2: Micael Lopes|Toxic Spikes|[from] move: Rapid Spin|[of] p2a: Coalossal\n|\n|-damage|p1a: Toxapex|181/216 brn|[from] brn\n|upkeep\n|turn|10\n|inactive|Micael Lopes has 120 seconds left.\n|\n|t:|1771180592\n|switch|p2a: Medicham|Medicham, L86, M|243/243\n|move|p1a: Toxapex|Liquidation|p2a: Medicham\n|-damage|p2a: Medicham|212/243\n|\n|-damage|p1a: Toxapex|168/216 brn|[from] brn\n|upkeep\n|turn|11\n|inactive|Micael Lopes has 120 seconds left.\n|\n|t:|1771180600\n|switch|p1a: Jumpluff|Jumpluff, L87, F|271/271\n|move|p2a: Medicham|Zen Headbutt|p1a: Jumpluff\n|-crit|p1a: Jumpluff\n|-damage|p1a: Jumpluff|0 fnt\n|faint|p1a: Jumpluff\n|\n|upkeep\n|\n|t:|1771180605\n|switch|p1a: Banette|Banette, L93, M|270/270\n|turn|12\n|\n|t:|1771180613\n|move|p2a: Medicham|Zen Headbutt|p1a: Banette\n|-crit|p1a: Banette\n|-damage|p1a: Banette|0 fnt\n|faint|p1a: Banette\n|\n|upkeep\n|\n|t:|1771180631\n|switch|p1a: Tyranitar|Tyranitar, L78, F|284/284\n|-weather|Sandstorm|[from] ability: Sand Stream|[of] p1a: Tyranitar\n|turn|13\n|\n|t:|1771180638\n|switch|p2a: Trevenant|Trevenant, L89, M|296/296\n|move|p1a: Tyranitar|Dragon Dance|p1a: Tyranitar\n|-boost|p1a: Tyranitar|atk|1\n|-boost|p1a: Tyranitar|spe|1\n|\n|-weather|Sandstorm|[upkeep]\n|-damage|p2a: Trevenant|278/296|[from] Sandstorm\n|upkeep\n|turn|14\n|\n|t:|1771180653\n|-terastallize|p2a: Trevenant|Steel\n|move|p1a: Tyranitar|Knock Off|p2a: Trevenant\n|-damage|p2a: Trevenant|107/296\n|-enditem|p2a: Trevenant|Sitrus Berry|[from] move: Knock Off|[of] p1a: Tyranitar\n|move|p2a: Trevenant|Drain Punch|p1a: Tyranitar\n|-supereffective|p1a: Tyranitar\n|-damage|p1a: Tyranitar|60/284\n|-heal|p2a: Trevenant|219/296|[from] drain|[of] p1a: Tyranitar\n|-enditem|p1a: Tyranitar|Weakness Policy\n|-boost|p1a: Tyranitar|atk|2|[from] item: Weakness Policy\n|-boost|p1a: Tyranitar|spa|2|[from] item: Weakness Policy\n|\n|-weather|Sandstorm|[upkeep]\n|upkeep\n|turn|15\n|\n|t:|1771180657\n|move|p1a: Tyranitar|Earthquake|p2a: Trevenant\n|-supereffective|p2a: Trevenant\n|-damage|p2a: Trevenant|0 fnt\n|faint|p2a: Trevenant\n|\n|-weather|Sandstorm|[upkeep]\n|upkeep\n|\n|t:|1771180687\n|switch|p2a: Lumineon|Lumineon, L93, M|252/279\n|turn|16\n|inactive|roberr4 has 120 seconds left.\n|\n|t:|1771180700\n|move|p2a: Lumineon|Alluring Voice|p1a: Tyranitar\n|-supereffective|p1a: Tyranitar\n|-damage|p1a: Tyranitar|0 fnt\n|faint|p1a: Tyranitar\n|-damage|p2a: Lumineon|225/279|[from] item: Life Orb\n|\n|-weather|Sandstorm|[upkeep]\n|-damage|p2a: Lumineon|208/279|[from] Sandstorm\n|upkeep\n|\n|t:|1771180703\n|switch|p1a: Veluza|Veluza, L85, F|292/292\n|turn|17\n|inactive|roberr4 has 120 seconds left.\n|\n|t:|1771180726\n|switch|p2a: Coalossal|Coalossal, L89, F|150/341 par\n|move|p1a: Veluza|Psycho Cut|p2a: Coalossal\n|-damage|p2a: Coalossal|6/341 par\n|\n|-weather|none\n|upkeep\n|turn|18\n|\n|t:|1771180734\n|move|p1a: Veluza|Psycho Cut|p2a: Coalossal\n|-damage|p2a: Coalossal|0 fnt\n|faint|p2a: Coalossal\n|\n|upkeep\n|\n|t:|1771180738\n|switch|p2a: Noivern|Noivern, L82, F|108/274\n|turn|19\n|\n|t:|1771180743\n|move|p2a: Noivern|Hurricane|p1a: Veluza\n|-damage|p1a: Veluza|76/292\n|move|p1a: Veluza|Psycho Cut|p2a: Noivern\n|-damage|p2a: Noivern|0 fnt\n|faint|p2a: Noivern\n|\n|upkeep\n|\n|t:|1771180750\n|switch|p2a: Vivillon|Vivillon-High Plains, L83, F|268/268\n|turn|20\n|\n|t:|1771180754\n|switch|p1a: Toxapex|Toxapex, L82, M|216/216 brn\n|move|p2a: Vivillon|Bug Buzz|p1a: Toxapex\n|-resisted|p1a: Toxapex\n|-damage|p1a: Toxapex|186/216 brn\n|\n|-damage|p1a: Toxapex|173/216 brn|[from] brn\n|upkeep\n|turn|21\n|\n|t:|1771180760\n|switch|p2a: Lumineon|Lumineon, L93, M|208/279\n|move|p1a: Toxapex|Liquidation|p2a: Lumineon\n|-ability|p2a: Lumineon|Storm Drain|boost\n|-boost|p2a: Lumineon|spa|1\n|\n|-damage|p1a: Toxapex|160/216 brn|[from] brn\n|upkeep\n|turn|22\n|\n|t:|1771180768\n|move|p2a: Lumineon|Encore|p1a: Toxapex\n|-start|p1a: Toxapex|Encore\n|move|p1a: Toxapex|Liquidation|p2a: Lumineon\n|-ability|p2a: Lumineon|Storm Drain|boost\n|-boost|p2a: Lumineon|spa|1\n|\n|-damage|p1a: Toxapex|147/216 brn|[from] brn\n|upkeep\n|turn|23\n|\n|t:|1771180777\n|switch|p1a: Veluza|Veluza, L85, F|76/292\n|move|p2a: Lumineon|Hydro Pump|p1a: Veluza|[miss]\n|-miss|p2a: Lumineon|p1a: Veluza\n|\n|upkeep\n|turn|24\n|\n|t:|1771180785\n|move|p2a: Lumineon|Alluring Voice|p1a: Veluza\n|-damage|p1a: Veluza|0 fnt\n|faint|p1a: Veluza\n|-damage|p2a: Lumineon|181/279|[from] item: Life Orb\n|\n|upkeep\n|\n|t:|1771180787\n|switch|p1a: Toxapex|Toxapex, L82, M|216/216 brn\n|turn|25\n|\n|t:|1771180790\n|move|p2a: Lumineon|Hydro Pump|p1a: Toxapex\n|-resisted|p1a: Toxapex\n|-damage|p1a: Toxapex|119/216 brn\n|-damage|p2a: Lumineon|154/279|[from] item: Life Orb\n|move|p1a: Toxapex|Haze|p1a: Toxapex\n|-clearallboost\n|\n|-damage|p1a: Toxapex|106/216 brn|[from] brn\n|upkeep\n|turn|26\n|\n|t:|1771180793\n|move|p2a: Lumineon|Encore|p1a: Toxapex\n|-start|p1a: Toxapex|Encore\n|move|p1a: Toxapex|Haze|p1a: Toxapex\n|-clearallboost\n|\n|-damage|p1a: Toxapex|93/216 brn|[from] brn\n|upkeep\n|turn|27\n|\n|t:|1771180796\n|switch|p2a: Medicham|Medicham, L86, M|212/243\n|move|p1a: Toxapex|Haze|p1a: Toxapex\n|-clearallboost\n|\n|-damage|p1a: Toxapex|80/216 brn|[from] brn\n|upkeep\n|turn|28\n|\n|t:|1771180798\n|move|p2a: Medicham|Zen Headbutt|p1a: Toxapex\n|-supereffective|p1a: Toxapex\n|-damage|p1a: Toxapex|0 fnt\n|-damage|p2a: Medicham|172/243|[from] item: Rocky Helmet|[of] p1a: Toxapex\n|faint|p1a: Toxapex\n|\n|win|Micael Lopes\n|raw|roberr4's rating: 1898 &rarr; <strong>1879</strong><br />(-19 for losing)\n|raw|Micael Lopes's rating: 1918 &rarr; <strong>1937</strong><br />(+19 for winning)\n|l|☆roberr4\n|player|p1|\n|c|☆Micael Lopes|**__Sexy game.__**\n", "inputlog": ">version 686819e5e19f8a7fd2345cfc5a08a5085efa2cc3\n>start {\"formatid\":\"gen9randombattle\",\"seed\":\"sodium,a9f856b61d832853feafa6a017ec28c4\",\"rated\":\"Rated battle\"}\n>player p1 {\"name\":\"roberr4\",\"avatar\":\"n\",\"rating\":1898,\"seed\":\"sodium,28f8aa4098576e5a6fb29248c54b5e8b\"}\n>player p2 {\"name\":\"Micael Lopes\",\"avatar\":\"benga\",\"rating\":1918,\"seed\":\"sodium,c2703948722096b602afd46b72e6cb02\"}\n>p1 move gunkshot\n>p2 move boomburst\n>p1 switch 6\n>p2 move boomburst\n>p1 move thunderwave\n>p2 switch 5\n>p1 switch 4\n>p2 move willowisp\n>p1 move toxicspikes\n>p2 switch 6\n>p1 move toxicspikes\n>p2 move encore\n>p1 switch 6\n>p2 move hydropump\n>p1 switch 3\n>p1 move psychocut\n>p2 switch 6\n>p1 switch 6\n>p2 move rapidspin\n>p1 move liquidation\n>p2 switch 3\n>p1 switch 5\n>p2 move zenheadbutt\n>p1 switch 4\n>p1 move poltergeist\n>p2 move zenheadbutt\n>p1 switch 2\n>p1 move dragondance\n>p2 switch 4\n>p1 move knockoff\n>p2 move drainpunch terastallize\n>p1 move earthquake\n>p2 move drainpunch\n>p2 switch 6\n>p1 move stoneedge\n>p2 move alluringvoice\n>p1 switch 6\n>p1 move psychocut\n>p2 switch 3\n>p1 move psychocut\n>p2 move stoneedge\n>p2 switch 5\n>p1 move psychocut\n>p2 move hurricane\n>p2 switch 2\n>p1 switch 5\n>p2 move bugbuzz\n>p1 move liquidation\n>p2 switch 3\n>p1 move haze\n>p2 move encore\n>p1 switch 5\n>p2 move hydropump\n>p1 move psychocut\n>p2 move alluringvoice\n>p1 switch 5\n>p1 move haze\n>p2 move hydropump\n>p1 move recover\n>p2 move encore\n>p1 move haze\n>p2 switch 4\n>p1 move haze\n>p2 move zenheadbutt", "uploadtime": 1771180804, "views": 8, "formatid": "gen9randombattle", "rating": 1879, "private": 0, "password": null}