{"id": "gen9randombattle-2540248347", "format": "[Gen 9] Random Battle", "players": ["Sir David", "Conquerdon"], "log": "|j|☆Sir David\n|j|☆Conquerdon\n|t:|1771180490\n|gametype|singles\n|player|p1|Sir David|blackbelt-gen4dp|1558\n|player|p2|Conquerdon|norman|1584\n|gen|9\n|tier|[Gen 9] Random Battle\n|rated|\n|rule|Species Clause: Limit one of each Pokémon\n|rule|HP Percentage Mod: HP is shown in percentages\n|rule|Sleep Clause Mod: Limit one foe put to sleep\n|rule|Illusion Level Mod: Illusion disguises the Pokémon's true level\n|\n|t:|1771180490\n|teamsize|p1|6\n|teamsize|p2|6\n|start\n|switch|p1a: Volcanion|Volcanion, L79|255/255\n|switch|p2a: Conkeldurr|Conkeldurr, L80, M|299/299\n|turn|1\n|c|☆Conquerdon|glhf\n|inactive|Battle timer is ON: inactive players will automatically lose when time's up. (requested by Conquerdon)\n|\n|t:|1771180505\n|switch|p1a: Kilowattrel|Kilowattrel, L83, F|252/252\n|move|p2a: Conkeldurr|Knock Off|p1a: Kilowattrel\n|-damage|p1a: Kilowattrel|136/252\n|-enditem|p1a: Kilowattrel|Heavy-Duty Boots|[from] move: Knock Off|[of] p2a: Conkeldurr\n|\n|-status|p2a: Conkeldurr|brn|[from] item: Flame Orb\n|upkeep\n|turn|2\n|\n|t:|1771180515\n|switch|p2a: Gholdengo|Gholdengo, L77|261/261\n|move|p1a: Kilowattrel|Hurricane|p2a: Gholdengo|[miss]\n|-miss|p1a: Kilowattrel|p2a: Gholdengo\n|\n|upkeep\n|turn|3\n|\n|t:|1771180526\n|move|p1a: Kilowattrel|U-turn|p2a: Gholdengo\n|-resisted|p2a: Gholdengo\n|-damage|p2a: Gholdengo|251/261\n|\n|t:|1771180529\n|switch|p1a: Volcanion|Volcanion, L79|255/255|[from] U-turn\n|move|p2a: Gholdengo|Shadow Ball|p1a: Volcanion\n|-damage|p1a: Volcanion|194/255\n|\n|-heal|p2a: Gholdengo|261/261|[from] item: Leftovers\n|upkeep\n|turn|4\n|\n|t:|1771180540\n|switch|p2a: Conkeldurr|Conkeldurr, L80, M|299/299 brn\n|move|p1a: Volcanion|Flame Charge|p2a: Conkeldurr\n|-damage|p2a: Conkeldurr|248/299 brn\n|-boost|p1a: Volcanion|spe|1\n|\n|-damage|p2a: Conkeldurr|230/299 brn|[from] brn\n|upkeep\n|turn|5\n|\n|t:|1771180553\n|switch|p1a: Skarmory|Skarmory, L80, M|235/235\n|move|p2a: Conkeldurr|Facade|p1a: Skarmory\n|-resisted|p1a: Skarmory\n|-damage|p1a: Skarmory|164/235\n|-damage|p2a: Conkeldurr|181/299 brn|[from] item: Rocky Helmet|[of] p1a: Skarmory\n|\n|-damage|p2a: Conkeldurr|163/299 brn|[from] brn\n|upkeep\n|turn|6\n|\n|t:|1771180564\n|move|p1a: Skarmory|Brave Bird|p2a: Conkeldurr\n|-supereffective|p2a: Conkeldurr\n|-damage|p2a: Conkeldurr|0 fnt\n|faint|p2a: Conkeldurr\n|-damage|p1a: Skarmory|110/235|[from] Recoil\n|\n|upkeep\n|\n|t:|1771180568\n|switch|p2a: Volcarona|Volcarona, L77, M|257/257\n|turn|7\n|\n|t:|1771180577\n|move|p2a: Volcarona|Fire Blast|p1a: Skarmory|[miss]\n|-miss|p2a: Volcarona|p1a: Skarmory\n|move|p1a: Skarmory|Stealth Rock|p2a: Volcarona\n|-sidestart|p2: Conquerdon|move: Stealth Rock\n|\n|upkeep\n|turn|8\n|\n|t:|1771180584\n|switch|p1a: Volcanion|Volcanion, L79|194/255\n|move|p2a: Volcarona|Fire Blast|p1a: Volcanion|[miss]\n|-miss|p2a: Volcarona|p1a: Volcanion\n|\n|upkeep\n|turn|9\n|\n|t:|1771180592\n|-terastallize|p2a: Volcarona|Ground\n|move|p2a: Volcarona|Quiver Dance|p2a: Volcarona\n|-boost|p2a: Volcarona|spa|1\n|-boost|p2a: Volcarona|spd|1\n|-boost|p2a: Volcarona|spe|1\n|move|p1a: Volcanion|Steam Eruption|p2a: Volcarona\n|-supereffective|p2a: Volcarona\n|-damage|p2a: Volcarona|89/257\n|-status|p2a: Volcarona|brn\n|\n|-damage|p2a: Volcarona|73/257 brn|[from] brn\n|upkeep\n|turn|10\n|\n|t:|1771180605\n|move|p2a: Volcarona|Tera Blast|p1a: Volcanion|[anim] Tera Blast Ground\n|-supereffective|p1a: Volcanion\n|-damage|p1a: Volcanion|0 fnt\n|faint|p1a: Volcanion\n|\n|-damage|p2a: Volcarona|57/257 brn|[from] brn\n|upkeep\n|\n|t:|1771180615\n|switch|p1a: Abomasnow|Abomasnow, L84, M|287/287\n|-weather|Snowscape|[from] ability: Snow Warning|[of] p1a: Abomasnow\n|turn|11\n|c|☆Conquerdon|that tera was stupid on my end\n|\n|t:|1771180626\n|switch|p2a: Hitmonchan|Hitmonchan, L87, M|229/229\n|-damage|p2a: Hitmonchan|215/229|[from] Stealth Rock\n|move|p1a: Abomasnow|Ice Shard|p2a: Hitmonchan\n|-damage|p2a: Hitmonchan|170/229\n|\n|-weather|Snowscape|[upkeep]\n|-heal|p2a: Hitmonchan|184/229|[from] item: Leftovers\n|upkeep\n|turn|12\n|\n|t:|1771180637\n|switch|p1a: Skarmory|Skarmory, L80, M|110/235\n|move|p2a: Hitmonchan|Encore||[still]\n|-fail|p2a: Hitmonchan\n|\n|-weather|Snowscape|[upkeep]\n|-heal|p2a: Hitmonchan|198/229|[from] item: Leftovers\n|upkeep\n|turn|13\n|\n|t:|1771180646\n|move|p2a: Hitmonchan|Knock Off|p1a: Skarmory\n|-damage|p1a: Skarmory|52/235\n|-damage|p2a: Hitmonchan|160/229|[from] item: Rocky Helmet|[of] p1a: Skarmory\n|-enditem|p1a: Skarmory|Rocky Helmet|[from] move: Knock Off|[of] p2a: Hitmonchan\n|move|p1a: Skarmory|Spikes|p2a: Hitmonchan\n|-sidestart|p2: Conquerdon|Spikes\n|\n|-weather|Snowscape|[upkeep]\n|-heal|p2a: Hitmonchan|174/229|[from] item: Leftovers\n|upkeep\n|turn|14\n|\n|t:|1771180656\n|move|p2a: Hitmonchan|Drain Punch|p1a: Skarmory\n|-damage|p1a: Skarmory|0 fnt\n|-heal|p2a: Hitmonchan|200/229|[from] drain|[of] p1a: Skarmory\n|faint|p1a: Skarmory\n|\n|-weather|Snowscape|[upkeep]\n|-heal|p2a: Hitmonchan|214/229|[from] item: Leftovers\n|upkeep\n|\n|t:|1771180664\n|switch|p1a: Kilowattrel|Kilowattrel, L83, F|136/252\n|turn|15\n|\n|t:|1771180668\n|move|p1a: Kilowattrel|Hurricane|p2a: Hitmonchan\n|-supereffective|p2a: Hitmonchan\n|-damage|p2a: Hitmonchan|14/229\n|move|p2a: Hitmonchan|Rapid Spin|p1a: Kilowattrel\n|-damage|p1a: Kilowattrel|86/252\n|-boost|p2a: Hitmonchan|spe|1\n|-sideend|p2: Conquerdon|Spikes|[from] move: Rapid Spin|[of] p2a: Hitmonchan\n|-sideend|p2: Conquerdon|Stealth Rock|[from] move: Rapid Spin|[of] p2a: Hitmonchan\n|\n|-weather|none\n|-heal|p2a: Hitmonchan|28/229|[from] item: Leftovers\n|upkeep\n|turn|16\n|\n|t:|1771180680\n|move|p2a: Hitmonchan|Knock Off|p1a: Kilowattrel\n|-damage|p1a: Kilowattrel|23/252\n|move|p1a: Kilowattrel|Roost|p1a: Kilowattrel\n|-heal|p1a: Kilowattrel|149/252\n|-singleturn|p1a: Kilowattrel|move: Roost\n|\n|-heal|p2a: Hitmonchan|42/229|[from] item: Leftovers\n|upkeep\n|turn|17\n|\n|t:|1771180691\n|switch|p1a: Kyogre|Kyogre, L71|259/259\n|-weather|RainDance|[from] ability: Drizzle|[of] p1a: Kyogre\n|move|p2a: Hitmonchan|Encore||[still]\n|-fail|p2a: Hitmonchan\n|\n|-weather|RainDance|[upkeep]\n|-heal|p2a: Hitmonchan|56/229|[from] item: Leftovers\n|upkeep\n|turn|18\n|\n|t:|1771180704\n|move|p2a: Hitmonchan|Knock Off|p1a: Kyogre\n|-damage|p1a: Kyogre|168/259\n|-enditem|p1a: Kyogre|Leftovers|[from] move: Knock Off|[of] p2a: Hitmonchan\n|move|p1a: Kyogre|Origin Pulse|p2a: Hitmonchan\n|-damage|p2a: Hitmonchan|0 fnt\n|faint|p2a: Hitmonchan\n|\n|-weather|RainDance|[upkeep]\n|upkeep\n|\n|t:|1771180717\n|switch|p2a: Volcarona|Volcarona, L77, M, tera:Ground|57/257 brn\n|turn|19\n|\n|t:|1771180721\n|move|p2a: Volcarona|Giga Drain|p1a: Kyogre\n|-supereffective|p1a: Kyogre\n|-damage|p1a: Kyogre|66/259\n|-heal|p2a: Volcarona|108/257 brn|[from] drain|[of] p1a: Kyogre\n|move|p1a: Kyogre|Origin Pulse|p2a: Volcarona\n|-supereffective|p2a: Volcarona\n|-damage|p2a: Volcarona|0 fnt\n|faint|p2a: Volcarona\n|\n|-weather|RainDance|[upkeep]\n|upkeep\n|\n|t:|1771180725\n|switch|p2a: Hatterene|Hatterene, L85, F|236/236\n|turn|20\n|\n|t:|1771180738\n|move|p1a: Kyogre|Thunder|p2a: Hatterene\n|-damage|p2a: Hatterene|170/236\n|-status|p2a: Hatterene|par\n|move|p2a: Hatterene|Calm Mind|p2a: Hatterene\n|-boost|p2a: Hatterene|spa|1\n|-boost|p2a: Hatterene|spd|1\n|\n|-weather|RainDance|[upkeep]\n|-heal|p2a: Hatterene|184/236 par|[from] item: Leftovers\n|upkeep\n|turn|21\n|\n|t:|1771180750\n|move|p1a: Kyogre|Origin Pulse|p2a: Hatterene\n|-damage|p2a: Hatterene|72/236 par\n|move|p2a: Hatterene|Calm Mind|p2a: Hatterene\n|-boost|p2a: Hatterene|spa|1\n|-boost|p2a: Hatterene|spd|1\n|\n|-weather|none\n|-heal|p2a: Hatterene|86/236 par|[from] item: Leftovers\n|upkeep\n|turn|22\n|\n|t:|1771180759\n|move|p1a: Kyogre|Origin Pulse|p2a: Hatterene\n|-damage|p2a: Hatterene|29/236 par\n|move|p2a: Hatterene|Draining Kiss|p1a: Kyogre\n|-damage|p1a: Kyogre|0 fnt\n|-heal|p2a: Hatterene|79/236 par|[from] drain|[of] p1a: Kyogre\n|faint|p1a: Kyogre\n|\n|-heal|p2a: Hatterene|93/236 par|[from] item: Leftovers\n|upkeep\n|\n|t:|1771180771\n|switch|p1a: Cacturne|Cacturne, L92, M|278/278\n|turn|23\n|\n|t:|1771180776\n|move|p1a: Cacturne|Seed Bomb|p2a: Hatterene\n|-damage|p2a: Hatterene|0 fnt\n|faint|p2a: Hatterene\n|-damage|p1a: Cacturne|251/278|[from] item: Life Orb\n|\n|upkeep\n|\n|t:|1771180781\n|switch|p2a: Gholdengo|Gholdengo, L77|261/261\n|turn|24\n|\n|t:|1771180788\n|move|p1a: Cacturne|Sucker Punch|p2a: Gholdengo\n|-supereffective|p2a: Gholdengo\n|-damage|p2a: Gholdengo|0 fnt\n|faint|p2a: Gholdengo\n|-damage|p1a: Cacturne|224/278|[from] item: Life Orb\n|\n|upkeep\n|\n|t:|1771180791\n|switch|p2a: Articuno|Articuno-Galar, L84|288/288\n|turn|25\n|c|☆Conquerdon|gg\n|\n|t:|1771180797\n|move|p2a: Articuno|Hurricane|p1a: Cacturne\n|-supereffective|p1a: Cacturne\n|-damage|p1a: Cacturne|0 fnt\n|faint|p1a: Cacturne\n|\n|upkeep\n|\n|t:|1771180803\n|switch|p1a: Abomasnow|Abomasnow, L84, M|287/287\n|-weather|Snowscape|[from] ability: Snow Warning|[of] p1a: Abomasnow\n|turn|26\n|\n|t:|1771180809\n|move|p2a: Articuno|Calm Mind|p2a: Articuno\n|-boost|p2a: Articuno|spa|1\n|-boost|p2a: Articuno|spd|1\n|move|p1a: Abomasnow|Aurora Veil|p1a: Abomasnow\n|-sidestart|p1: Sir David|move: Aurora Veil\n|\n|-weather|Snowscape|[upkeep]\n|upkeep\n|turn|27\n|\n|t:|1771180818\n|move|p2a: Articuno|Calm Mind|p2a: Articuno\n|-boost|p2a: Articuno|spa|1\n|-boost|p2a: Articuno|spd|1\n|move|p1a: Abomasnow|Blizzard|p2a: Articuno\n|-supereffective|p2a: Articuno\n|-damage|p2a: Articuno|180/288\n|\n|-weather|Snowscape|[upkeep]\n|upkeep\n|turn|28\n|\n|t:|1771180828\n|move|p2a: Articuno|Calm Mind|p2a: Articuno\n|-boost|p2a: Articuno|spa|1\n|-boost|p2a: Articuno|spd|1\n|move|p1a: Abomasnow|Blizzard|p2a: Articuno\n|-supereffective|p2a: Articuno\n|-damage|p2a: Articuno|106/288\n|\n|-weather|Snowscape|[upkeep]\n|upkeep\n|turn|29\n|\n|t:|1771180836\n|move|p1a: Abomasnow|Ice Shard|p2a: Articuno\n|-supereffective|p2a: Articuno\n|-damage|p2a: Articuno|16/288\n|move|p2a: Articuno|Recover|p2a: Articuno\n|-heal|p2a: Articuno|160/288\n|\n|-weather|Snowscape|[upkeep]\n|upkeep\n|turn|30\n|\n|t:|1771180844\n|move|p2a: Articuno|Recover|p2a: Articuno\n|-heal|p2a: Articuno|288/288\n|move|p1a: Abomasnow|Blizzard|p2a: Articuno\n|-supereffective|p2a: Articuno\n|-damage|p2a: Articuno|198/288\n|\n|-weather|none\n|upkeep\n|turn|31\n|\n|t:|1771180856\n|switch|p1a: Kilowattrel|Kilowattrel, L83, F|149/252\n|move|p2a: Articuno|Hurricane|p1a: Kilowattrel|[miss]\n|-miss|p2a: Articuno|p1a: Kilowattrel\n|\n|upkeep\n|turn|32\n|\n|t:|1771180863\n|move|p1a: Kilowattrel|Thunderbolt|p2a: Articuno\n|-supereffective|p2a: Articuno\n|-damage|p2a: Articuno|126/288\n|-status|p2a: Articuno|par\n|move|p2a: Articuno|Freezing Glare|p1a: Kilowattrel\n|-damage|p1a: Kilowattrel|0 fnt\n|faint|p1a: Kilowattrel\n|\n|upkeep\n|\n|t:|1771180872\n|switch|p1a: Abomasnow|Abomasnow, L84, M|287/287\n|-weather|Snowscape|[from] ability: Snow Warning|[of] p1a: Abomasnow\n|turn|33\n|\n|t:|1771180877\n|move|p1a: Abomasnow|Blizzard|p2a: Articuno\n|-supereffective|p2a: Articuno\n|-damage|p2a: Articuno|42/288 par\n|cant|p2a: Articuno|par\n|\n|-weather|Snowscape|[upkeep]\n|-sideend|p1: Sir David|move: Aurora Veil\n|upkeep\n|turn|34\n|c|☆Conquerdon|gg\n|\n|t:|1771180884\n|move|p1a: Abomasnow|Blizzard|p2a: Articuno\n|-supereffective|p2a: Articuno\n|-damage|p2a: Articuno|0 fnt\n|faint|p2a: Articuno\n|\n|win|Sir David\n|raw|Sir David's rating: 1558 &rarr; <strong>1579</strong><br />(+21 for winning)\n|raw|Conquerdon's rating: 1584 &rarr; <strong>1563</strong><br />(-21 for losing)\n|l|☆Conquerdon\n|player|p2|\n|c|☆Sir David|Gg\n", "inputlog": ">version 686819e5e19f8a7fd2345cfc5a08a5085efa2cc3\n>start {\"formatid\":\"gen9randombattle\",\"seed\":\"sodium,aad43673b5592bd480502ce77f064f28\",\"rated\":\"Rated battle\"}\n>player p1 {\"name\":\"Sir David\",\"avatar\":\"blackbelt-gen4dp\",\"rating\":1558,\"seed\":\"sodium,0a4dc23b475012ba26e1bd8cefdf4b7d\"}\n>player p2 {\"name\":\"Conquerdon\",\"avatar\":\"norman\",\"rating\":1584,\"seed\":\"sodium,34a8649c888bef5346e84d580d730cdd\"}\n>chat ☆Conquerdon|glhf\n>p1 switch 3\n>p2 move knockoff\n>p1 move hurricane\n>p2 switch 6\n>p1 move uturn\n>p2 move shadowball\n>p1 switch 3\n>p1 move flamecharge\n>p2 switch 6\n>p1 switch 4\n>p2 move facade\n>p1 move bravebird\n>p2 move closecombat\n>p2 switch 4\n>p1 move stealthrock\n>p2 move fireblast\n>p1 switch 4\n>p2 move fireblast\n>p1 move steameruption\n>p2 move quiverdance terastallize\n>p1 move flamecharge\n>p2 move terablast\n>p1 switch 6\n>chat ☆Conquerdon|that tera was stupid on my end\n>p1 move iceshard\n>p2 switch 3\n>p1 switch 4\n>p2 move encore\n>p1 move spikes\n>p2 move knockoff\n>p1 move spikes\n>p2 move drainpunch\n>p1 switch 3\n>p1 move hurricane\n>p2 move rapidspin\n>p1 move roost\n>p2 move knockoff\n>p1 switch 2\n>p2 move encore\n>p1 move originpulse\n>p2 move knockoff\n>p2 switch 3\n>p1 move originpulse\n>p2 move gigadrain\n>p2 switch 2\n>p1 move thunder\n>p2 move calmmind\n>p1 move originpulse\n>p2 move calmmind\n>p1 move originpulse\n>p2 move drainingkiss\n>p1 switch 5\n>p1 move seedbomb\n>p2 move drainingkiss\n>p2 switch 6\n>p1 move suckerpunch\n>p2 move makeitrain\n>p2 switch 5\n>chat ☆Conquerdon|gg\n>p1 move knockoff\n>p2 move hurricane\n>p1 switch 4\n>p1 move auroraveil\n>p2 move calmmind\n>p1 move blizzard\n>p2 move calmmind\n>p1 move blizzard\n>p2 move calmmind\n>p1 move iceshard\n>p2 move recover\n>p1 move blizzard\n>p2 move recover\n>p1 switch 2\n>p2 move hurricane\n>p1 move thunderbolt\n>p2 move freezingglare\n>p1 switch 2\n>p1 move blizzard\n>p2 move recover\n>chat ☆Conquerdon|gg\n>p1 move blizzard\n>p2 move recover", "uploadtime": 1771180916, "views": 11, "formatid": "gen9randombattle", "rating": 1563, "private": 0, "password": null}