{"id": "gen9randombattle-2540702024", "format": "[Gen 9] Random Battle", "players": ["whiiite01", "Cloudpearlstone"], "log": "|j|☆whiiite01\n|j|☆Cloudpearlstone\n|t:|1771242725\n|gametype|singles\n|player|p1|whiiite01|harlequin|1524\n|player|p2|Cloudpearlstone|pokemaniac|1542\n|gen|9\n|tier|[Gen 9] Random Battle\n|rated|\n|rule|Species Clause: Limit one of each Pokémon\n|rule|HP Percentage Mod: HP is shown in percentages\n|rule|Sleep Clause Mod: Limit one foe put to sleep\n|rule|Illusion Level Mod: Illusion disguises the Pokémon's true level\n|\n|t:|1771242725\n|teamsize|p1|6\n|teamsize|p2|6\n|start\n|switch|p1a: Cryogonal|Cryogonal, L89|287/287\n|switch|p2a: Galvantula|Galvantula, L82, F|249/249\n|turn|1\n|inactive|Battle timer is ON: inactive players will automatically lose when time's up. (requested by Cloudpearlstone)\n|inactive|whiiite01 also wants the timer to be on.\n|\n|t:|1771242733\n|move|p1a: Cryogonal|Freeze-Dry|p2a: Galvantula\n|-damage|p2a: Galvantula|147/249\n|move|p2a: Galvantula|Sticky Web|p1a: Cryogonal\n|-sidestart|p1: whiiite01|move: Sticky Web\n|\n|upkeep\n|turn|2\n|\n|t:|1771242738\n|move|p1a: Cryogonal|Rapid Spin|p2a: Galvantula\n|-damage|p2a: Galvantula|112/249\n|-boost|p1a: Cryogonal|spe|1\n|-sideend|p1: whiiite01|Sticky Web|[from] move: Rapid Spin|[of] p1a: Cryogonal\n|move|p2a: Galvantula|Thunder|p1a: Cryogonal\n|-damage|p1a: Cryogonal|206/287\n|-status|p1a: Cryogonal|par\n|\n|upkeep\n|turn|3\n|\n|t:|1771242742\n|move|p2a: Galvantula|Sticky Web|p1a: Cryogonal\n|-sidestart|p1: whiiite01|move: Sticky Web\n|move|p1a: Cryogonal|Freeze-Dry|p2a: Galvantula\n|-damage|p2a: Galvantula|10/249\n|\n|upkeep\n|turn|4\n|\n|t:|1771242745\n|move|p2a: Galvantula|Volt Switch|p1a: Cryogonal\n|-damage|p1a: Cryogonal|157/287 par\n|\n|t:|1771242752\n|switch|p2a: Rotom|Rotom-Heat, L83|219/219|[from] Volt Switch\n|move|p1a: Cryogonal|Rapid Spin|p2a: Rotom\n|-damage|p2a: Rotom|198/219\n|-boost|p1a: Cryogonal|spe|1\n|-sideend|p1: whiiite01|Sticky Web|[from] move: Rapid Spin|[of] p1a: Cryogonal\n|\n|upkeep\n|turn|5\n|\n|t:|1771242767\n|switch|p1a: Garganacl|Garganacl, L80, F|291/291\n|move|p2a: Rotom|Volt Switch|p1a: Garganacl\n|-damage|p1a: Garganacl|215/291\n|\n|t:|1771242771\n|switch|p2a: Galvantula|Galvantula, L82, F|10/249|[from] Volt Switch\n|\n|-heal|p1a: Garganacl|233/291|[from] item: Leftovers\n|upkeep\n|turn|6\n|\n|t:|1771242775\n|move|p2a: Galvantula|Sticky Web|p1a: Garganacl\n|-sidestart|p1: whiiite01|move: Sticky Web\n|move|p1a: Garganacl|Salt Cure|p2a: Galvantula\n|-supereffective|p2a: Galvantula\n|-damage|p2a: Galvantula|0 fnt\n|faint|p2a: Galvantula\n|\n|-heal|p1a: Garganacl|251/291|[from] item: Leftovers\n|upkeep\n|\n|t:|1771242780\n|switch|p2a: Ogerpon|Ogerpon, L80, F|259/259\n|turn|7\n|\n|t:|1771242783\n|switch|p1a: Amoonguss|Amoonguss, L82, M|321/321\n|-activate|p1a: Amoonguss|move: Sticky Web\n|-unboost|p1a: Amoonguss|spe|1\n|move|p2a: Ogerpon|Ivy Cudgel|p1a: Amoonguss\n|-resisted|p1a: Amoonguss\n|-damage|p1a: Amoonguss|290/321\n|\n|-heal|p1a: Amoonguss|310/321|[from] item: Leftovers\n|upkeep\n|turn|8\n|\n|t:|1771242795\n|switch|p2a: Rotom|Rotom-Heat, L83|198/219\n|move|p1a: Amoonguss|Spore|p2a: Rotom\n|-status|p2a: Rotom|slp|[from] move: Spore\n|\n|-heal|p1a: Amoonguss|321/321|[from] item: Leftovers\n|upkeep\n|turn|9\n|\n|t:|1771242807\n|switch|p2a: Noctowl|Noctowl, L95, M|344/344\n|switch|p1a: Cryogonal|Cryogonal, L89|157/287 par\n|\n|upkeep\n|turn|10\n|\n|t:|1771242810\n|move|p2a: Noctowl|Hurricane|p1a: Cryogonal\n|-damage|p1a: Cryogonal|73/287 par\n|cant|p1a: Cryogonal|par\n|\n|upkeep\n|turn|11\n|\n|t:|1771242814\n|move|p2a: Noctowl|Hurricane|p1a: Cryogonal|[miss]\n|-miss|p2a: Noctowl|p1a: Cryogonal\n|move|p1a: Cryogonal|Rapid Spin|p2a: Noctowl\n|-damage|p2a: Noctowl|309/344\n|-boost|p1a: Cryogonal|spe|1\n|-sideend|p1: whiiite01|Sticky Web|[from] move: Rapid Spin|[of] p1a: Cryogonal\n|\n|upkeep\n|turn|12\n|\n|t:|1771242821\n|move|p2a: Noctowl|Hurricane|p1a: Cryogonal\n|-damage|p1a: Cryogonal|0 fnt\n|faint|p1a: Cryogonal\n|\n|upkeep\n|\n|t:|1771242824\n|switch|p1a: Garganacl|Garganacl, L80, F|251/291\n|turn|13\n|\n|t:|1771242831\n|move|p2a: Noctowl|Hurricane|p1a: Garganacl|[miss]\n|-miss|p2a: Noctowl|p1a: Garganacl\n|move|p1a: Garganacl|Stealth Rock|p2a: Noctowl\n|-sidestart|p2: Cloudpearlstone|move: Stealth Rock\n|\n|-heal|p1a: Garganacl|269/291|[from] item: Leftovers\n|upkeep\n|turn|14\n|\n|t:|1771242834\n|move|p2a: Noctowl|Defog|p1a: Garganacl\n|-unboost|p1a: Garganacl|evasion|1\n|-sideend|p2: Cloudpearlstone|Stealth Rock|[from] move: Defog|[of] p2a: Noctowl\n|move|p1a: Garganacl|Salt Cure|p2a: Noctowl\n|-supereffective|p2a: Noctowl\n|-damage|p2a: Noctowl|199/344\n|-start|p2a: Noctowl|Salt Cure\n|\n|-heal|p1a: Garganacl|287/291|[from] item: Leftovers\n|-damage|p2a: Noctowl|156/344|[from] Salt Cure\n|upkeep\n|turn|15\n|\n|t:|1771242838\n|move|p2a: Noctowl|Hurricane|p1a: Garganacl\n|-resisted|p1a: Garganacl\n|-damage|p1a: Garganacl|153/291\n|move|p1a: Garganacl|Stealth Rock|p2a: Noctowl\n|-sidestart|p2: Cloudpearlstone|move: Stealth Rock\n|\n|-heal|p1a: Garganacl|171/291|[from] item: Leftovers\n|-damage|p2a: Noctowl|113/344|[from] Salt Cure\n|upkeep\n|turn|16\n|\n|t:|1771242848\n|move|p2a: Noctowl|Defog|p1a: Garganacl\n|-unboost|p1a: Garganacl|evasion|1\n|-sideend|p2: Cloudpearlstone|Stealth Rock|[from] move: Defog|[of] p2a: Noctowl\n|move|p1a: Garganacl|Recover|p1a: Garganacl\n|-heal|p1a: Garganacl|291/291\n|\n|-damage|p2a: Noctowl|70/344|[from] Salt Cure\n|upkeep\n|turn|17\n|\n|t:|1771242853\n|switch|p2a: Ogerpon|Ogerpon, L80, F|259/259\n|move|p1a: Garganacl|Stealth Rock|p2a: Ogerpon\n|-sidestart|p2: Cloudpearlstone|move: Stealth Rock\n|\n|upkeep\n|turn|18\n|\n|t:|1771242856\n|switch|p1a: Amoonguss|Amoonguss, L82, M|321/321\n|move|p2a: Ogerpon|Encore||[still]\n|-fail|p2a: Ogerpon\n|\n|upkeep\n|turn|19\n|\n|t:|1771242863\n|move|p2a: Ogerpon|U-turn|p1a: Amoonguss\n|-damage|p1a: Amoonguss|258/321\n|\n|t:|1771242868\n|switch|p2a: Arbok|Arbok, L87, M|246/246|[from] U-turn\n|-damage|p2a: Arbok|216/246|[from] Stealth Rock\n|-ability|p2a: Arbok|Intimidate|boost\n|-unboost|p1a: Amoonguss|atk|1\n|move|p1a: Amoonguss|Sludge Bomb|p2a: Arbok\n|-resisted|p2a: Arbok\n|-damage|p2a: Arbok|171/246\n|\n|-heal|p2a: Arbok|186/246|[from] item: Leftovers\n|-heal|p1a: Amoonguss|278/321|[from] item: Leftovers\n|upkeep\n|turn|20\n|\n|t:|1771242876\n|switch|p1a: Altaria|Altaria, L89, F|278/278\n|move|p2a: Arbok|Coil|p2a: Arbok\n|-boost|p2a: Arbok|atk|1\n|-boost|p2a: Arbok|def|1\n|-boost|p2a: Arbok|accuracy|1\n|\n|-heal|p2a: Arbok|201/246|[from] item: Leftovers\n|upkeep\n|turn|21\n|\n|t:|1771242880\n|move|p1a: Altaria|Will-O-Wisp|p2a: Arbok\n|-status|p2a: Arbok|brn\n|move|p2a: Arbok|Gunk Shot|p1a: Altaria\n|-damage|p1a: Altaria|182/278\n|\n|-heal|p2a: Arbok|216/246 brn|[from] item: Leftovers\n|-damage|p2a: Arbok|201/246 brn|[from] brn\n|upkeep\n|turn|22\n|\n|t:|1771242885\n|move|p1a: Altaria|Haze|p1a: Altaria\n|-clearallboost\n|move|p2a: Arbok|Coil|p2a: Arbok\n|-boost|p2a: Arbok|atk|1\n|-boost|p2a: Arbok|def|1\n|-boost|p2a: Arbok|accuracy|1\n|\n|-heal|p2a: Arbok|216/246 brn|[from] item: Leftovers\n|-damage|p2a: Arbok|201/246 brn|[from] brn\n|upkeep\n|turn|23\n|\n|t:|1771242893\n|move|p1a: Altaria|Haze|p1a: Altaria\n|-clearallboost\n|move|p2a: Arbok|Gunk Shot|p1a: Altaria\n|-damage|p1a: Altaria|122/278\n|\n|-heal|p2a: Arbok|216/246 brn|[from] item: Leftovers\n|-damage|p2a: Arbok|201/246 brn|[from] brn\n|upkeep\n|turn|24\n|\n|t:|1771242895\n|move|p1a: Altaria|Roost|p1a: Altaria\n|-heal|p1a: Altaria|261/278\n|-singleturn|p1a: Altaria|move: Roost\n|move|p2a: Arbok|Coil|p2a: Arbok\n|-boost|p2a: Arbok|atk|1\n|-boost|p2a: Arbok|def|1\n|-boost|p2a: Arbok|accuracy|1\n|\n|-heal|p2a: Arbok|216/246 brn|[from] item: Leftovers\n|-damage|p2a: Arbok|201/246 brn|[from] brn\n|upkeep\n|turn|25\n|\n|t:|1771242902\n|move|p1a: Altaria|Haze|p1a: Altaria\n|-clearallboost\n|move|p2a: Arbok|Gunk Shot|p1a: Altaria\n|-damage|p1a: Altaria|204/278\n|\n|-heal|p2a: Arbok|216/246 brn|[from] item: Leftovers\n|-damage|p2a: Arbok|201/246 brn|[from] brn\n|upkeep\n|turn|26\n|\n|t:|1771242908\n|move|p1a: Altaria|Brave Bird|p2a: Arbok\n|-damage|p2a: Arbok|68/246 brn\n|-damage|p1a: Altaria|160/278|[from] Recoil\n|move|p2a: Arbok|Coil|p2a: Arbok\n|-boost|p2a: Arbok|atk|1\n|-boost|p2a: Arbok|def|1\n|-boost|p2a: Arbok|accuracy|1\n|\n|-heal|p2a: Arbok|83/246 brn|[from] item: Leftovers\n|-damage|p2a: Arbok|68/246 brn|[from] brn\n|upkeep\n|turn|27\n|\n|t:|1771242912\n|move|p1a: Altaria|Brave Bird|p2a: Arbok\n|-damage|p2a: Arbok|0 fnt\n|faint|p2a: Arbok\n|-damage|p1a: Altaria|138/278|[from] Recoil\n|\n|upkeep\n|\n|t:|1771242915\n|switch|p2a: Rotom|Rotom-Heat, L83|198/219 slp\n|turn|28\n|\n|t:|1771242918\n|switch|p1a: Garganacl|Garganacl, L80, F|291/291\n|cant|p2a: Rotom|slp\n|\n|upkeep\n|turn|29\n|\n|t:|1771242921\n|switch|p2a: Ogerpon|Ogerpon, L80, F|259/259\n|move|p1a: Garganacl|Salt Cure|p2a: Ogerpon\n|-damage|p2a: Ogerpon|219/259\n|-start|p2a: Ogerpon|Salt Cure\n|\n|-damage|p2a: Ogerpon|187/259|[from] Salt Cure\n|upkeep\n|turn|30\n|\n|t:|1771242926\n|switch|p1a: Amoonguss|Amoonguss, L82, M|321/321\n|move|p2a: Ogerpon|Ivy Cudgel|p1a: Amoonguss\n|-resisted|p1a: Amoonguss\n|-damage|p1a: Amoonguss|288/321\n|\n|-heal|p1a: Amoonguss|308/321|[from] item: Leftovers\n|-damage|p2a: Ogerpon|155/259|[from] Salt Cure\n|upkeep\n|turn|31\n|\n|t:|1771242933\n|switch|p2a: Rotom|Rotom-Heat, L83|198/219 slp\n|move|p1a: Amoonguss|Sludge Bomb|p2a: Rotom\n|-damage|p2a: Rotom|128/219 slp\n|\n|-heal|p1a: Amoonguss|321/321|[from] item: Leftovers\n|upkeep\n|turn|32\n|\n|t:|1771242937\n|switch|p1a: Garganacl|Garganacl, L80, F|291/291\n|cant|p2a: Rotom|slp\n|\n|upkeep\n|turn|33\n|\n|t:|1771242942\n|-curestatus|p2a: Rotom|slp|[msg]\n|move|p2a: Rotom|Pain Split|p1a: Garganacl\n|-sethp|p1a: Garganacl|209/291|[from] move: Pain Split|[silent]\n|-sethp|p2a: Rotom|209/219|[from] move: Pain Split\n|move|p1a: Garganacl|Earthquake|p2a: Rotom\n|-immune|p2a: Rotom|[from] ability: Levitate\n|\n|-heal|p1a: Garganacl|227/291|[from] item: Leftovers\n|upkeep\n|turn|34\n|\n|t:|1771242947\n|move|p2a: Rotom|Volt Switch|p1a: Garganacl\n|-damage|p1a: Garganacl|148/291\n|\n|t:|1771242950\n|switch|p2a: Ogerpon|Ogerpon, L80, F|155/259|[from] Volt Switch\n|move|p1a: Garganacl|Salt Cure|p2a: Ogerpon\n|-damage|p2a: Ogerpon|115/259\n|-start|p2a: Ogerpon|Salt Cure\n|\n|-heal|p1a: Garganacl|166/291|[from] item: Leftovers\n|-damage|p2a: Ogerpon|83/259|[from] Salt Cure\n|upkeep\n|turn|35\n|\n|t:|1771242956\n|switch|p1a: Amoonguss|Amoonguss, L82, M|321/321\n|move|p2a: Ogerpon|U-turn|p1a: Amoonguss\n|-damage|p1a: Amoonguss|258/321\n|\n|t:|1771242958\n|switch|p2a: Noctowl|Noctowl, L95, M|70/344|[from] U-turn\n|\n|-heal|p1a: Amoonguss|278/321|[from] item: Leftovers\n|upkeep\n|turn|36\n|\n|t:|1771242969\n|switch|p1a: Altaria|Altaria, L89, F|138/278\n|move|p2a: Noctowl|Hurricane|p1a: Altaria\n|-damage|p1a: Altaria|26/278\n|\n|upkeep\n|turn|37\n|\n|t:|1771242977\n|switch|p2a: Rotom|Rotom-Heat, L83|209/219\n|move|p1a: Altaria|Brave Bird|p2a: Rotom\n|-resisted|p2a: Rotom\n|-damage|p2a: Rotom|158/219\n|-damage|p1a: Altaria|9/278|[from] Recoil\n|\n|upkeep\n|turn|38\n|\n|t:|1771242981\n|move|p1a: Altaria|Roost|p1a: Altaria\n|-heal|p1a: Altaria|148/278\n|-singleturn|p1a: Altaria|move: Roost\n|move|p2a: Rotom|Volt Switch|p1a: Altaria\n|-resisted|p1a: Altaria\n|-damage|p1a: Altaria|114/278\n|\n|t:|1771242986\n|switch|p2a: Ogerpon|Ogerpon, L80, F|83/259|[from] Volt Switch\n|\n|upkeep\n|turn|39\n|\n|t:|1771242994\n|switch|p1a: Amoonguss|Amoonguss, L82, M|321/321\n|move|p2a: Ogerpon|Encore||[still]\n|-fail|p2a: Ogerpon\n|\n|upkeep\n|turn|40\n|\n|t:|1771243001\n|move|p2a: Ogerpon|U-turn|p1a: Amoonguss\n|-damage|p1a: Amoonguss|258/321\n|\n|t:|1771243004\n|switch|p2a: Rotom|Rotom-Heat, L83|158/219|[from] U-turn\n|move|p1a: Amoonguss|Sludge Bomb|p2a: Rotom\n|-damage|p2a: Rotom|82/219\n|-status|p2a: Rotom|psn\n|\n|-heal|p1a: Amoonguss|278/321|[from] item: Leftovers\n|-damage|p2a: Rotom|55/219 psn|[from] psn\n|upkeep\n|turn|41\n|\n|t:|1771243012\n|switch|p1a: Garganacl|Garganacl, L80, F|166/291\n|move|p2a: Rotom|Pain Split|p1a: Garganacl\n|-sethp|p1a: Garganacl|110/291|[from] move: Pain Split|[silent]\n|-sethp|p2a: Rotom|110/219 psn|[from] move: Pain Split\n|\n|-heal|p1a: Garganacl|128/291|[from] item: Leftovers\n|-damage|p2a: Rotom|83/219 psn|[from] psn\n|upkeep\n|turn|42\n|\n|t:|1771243014\n|move|p2a: Rotom|Overheat|p1a: Garganacl\n|-resisted|p1a: Garganacl\n|-damage|p1a: Garganacl|47/291\n|-unboost|p2a: Rotom|spa|2\n|move|p1a: Garganacl|Recover|p1a: Garganacl\n|-heal|p1a: Garganacl|193/291\n|\n|-heal|p1a: Garganacl|211/291|[from] item: Leftovers\n|-damage|p2a: Rotom|56/219 psn|[from] psn\n|upkeep\n|turn|43\n|\n|t:|1771243026\n|move|p2a: Rotom|Volt Switch|p1a: Garganacl\n|-damage|p1a: Garganacl|172/291\n|\n|t:|1771243029\n|switch|p2a: Ogerpon|Ogerpon, L80, F|83/259|[from] Volt Switch\n|move|p1a: Garganacl|Salt Cure|p2a: Ogerpon\n|-damage|p2a: Ogerpon|43/259\n|-start|p2a: Ogerpon|Salt Cure\n|\n|-heal|p1a: Garganacl|190/291|[from] item: Leftovers\n|-damage|p2a: Ogerpon|11/259|[from] Salt Cure\n|upkeep\n|turn|44\n|\n|t:|1771243034\n|switch|p1a: Amoonguss|Amoonguss, L82, M|321/321\n|move|p2a: Ogerpon|Synthesis|p2a: Ogerpon\n|-heal|p2a: Ogerpon|140/259\n|\n|-damage|p2a: Ogerpon|108/259|[from] Salt Cure\n|upkeep\n|turn|45\n|\n|t:|1771243038\n|move|p2a: Ogerpon|U-turn|p1a: Amoonguss\n|-damage|p1a: Amoonguss|260/321\n|\n|t:|1771243041\n|switch|p2a: Rotom|Rotom-Heat, L83|56/219 psn|[from] U-turn\n|move|p1a: Amoonguss|Sludge Bomb|p2a: Rotom\n|-damage|p2a: Rotom|0 fnt\n|faint|p2a: Rotom\n|\n|-heal|p1a: Amoonguss|280/321|[from] item: Leftovers\n|upkeep\n|\n|t:|1771243045\n|switch|p2a: Noctowl|Noctowl, L95, M|70/344\n|turn|46\n|\n|t:|1771243051\n|switch|p1a: Raging Bolt|Raging Bolt, L78|323/323\n|move|p2a: Noctowl|Roost|p2a: Noctowl\n|-heal|p2a: Noctowl|242/344\n|-singleturn|p2a: Noctowl|move: Roost\n|\n|upkeep\n|turn|47\n|\n|t:|1771243056\n|switch|p2a: Ogerpon|Ogerpon, L80, F|108/259\n|move|p1a: Raging Bolt|Discharge|p2a: Ogerpon\n|-resisted|p2a: Ogerpon\n|-damage|p2a: Ogerpon|58/259\n|\n|upkeep\n|turn|48\n|\n|t:|1771243064\n|-end|p1a: Raging Bolt|Protosynthesis|[silent]\n|switch|p1a: Amoonguss|Amoonguss, L82, M|321/321\n|move|p2a: Ogerpon|Synthesis|p2a: Ogerpon\n|-heal|p2a: Ogerpon|187/259\n|\n|upkeep\n|turn|49\n|\n|t:|1771243067\n|move|p2a: Ogerpon|U-turn|p1a: Amoonguss\n|-damage|p1a: Amoonguss|250/321\n|\n|t:|1771243069\n|switch|p2a: Noctowl|Noctowl, L95, M|242/344|[from] U-turn\n|move|p1a: Amoonguss|Spore|p2a: Noctowl\n|-status|p2a: Noctowl|slp|[from] move: Spore\n|\n|-heal|p1a: Amoonguss|270/321|[from] item: Leftovers\n|upkeep\n|turn|50\n|\n|t:|1771243073\n|switch|p1a: Garganacl|Garganacl, L80, F|190/291\n|cant|p2a: Noctowl|slp\n|\n|-heal|p1a: Garganacl|208/291|[from] item: Leftovers\n|upkeep\n|turn|51\n|\n|t:|1771243077\n|switch|p2a: Ogerpon|Ogerpon, L80, F|187/259\n|move|p1a: Garganacl|Salt Cure|p2a: Ogerpon\n|-damage|p2a: Ogerpon|144/259\n|-start|p2a: Ogerpon|Salt Cure\n|\n|-heal|p1a: Garganacl|226/291|[from] item: Leftovers\n|-damage|p2a: Ogerpon|112/259|[from] Salt Cure\n|upkeep\n|turn|52\n|\n|t:|1771243083\n|switch|p1a: Altaria|Altaria, L89, F|114/278\n|move|p2a: Ogerpon|Synthesis|p2a: Ogerpon\n|-heal|p2a: Ogerpon|241/259\n|\n|-damage|p2a: Ogerpon|209/259|[from] Salt Cure\n|upkeep\n|turn|53\n|\n|t:|1771243092\n|move|p2a: Ogerpon|U-turn|p1a: Altaria\n|-resisted|p1a: Altaria\n|-damage|p1a: Altaria|89/278\n|\n|t:|1771243094\n|switch|p2a: Noctowl|Noctowl, L95, M|242/344 slp|[from] U-turn\n|move|p1a: Altaria|Will-O-Wisp||[still]\n|-fail|p1a: Altaria\n|\n|upkeep\n|turn|54\n|\n|t:|1771243099\n|move|p1a: Altaria|Roost|p1a: Altaria\n|-heal|p1a: Altaria|228/278\n|-singleturn|p1a: Altaria|move: Roost\n|cant|p2a: Noctowl|slp\n|\n|upkeep\n|turn|55\n|\n|t:|1771243102\n|move|p1a: Altaria|Brave Bird|p2a: Noctowl\n|-damage|p2a: Noctowl|106/344 slp\n|-damage|p1a: Altaria|183/278|[from] Recoil\n|cant|p2a: Noctowl|slp\n|\n|upkeep\n|turn|56\n|\n|t:|1771243108\n|move|p1a: Altaria|Brave Bird|p2a: Noctowl\n|-damage|p2a: Noctowl|0 fnt\n|faint|p2a: Noctowl\n|-damage|p1a: Altaria|148/278|[from] Recoil\n|\n|upkeep\n|\n|t:|1771243110\n|switch|p2a: Zacian|Zacian, L69|241/241\n|-damage|p2a: Zacian|211/241|[from] Stealth Rock\n|-ability|p2a: Zacian|Intrepid Sword|boost\n|-boost|p2a: Zacian|atk|1\n|turn|57\n|\n|t:|1771243113\n|move|p2a: Zacian|Play Rough|p1a: Altaria\n|-supereffective|p1a: Altaria\n|-damage|p1a: Altaria|0 fnt\n|faint|p1a: Altaria\n|\n|upkeep\n|\n|t:|1771243120\n|switch|p1a: Amoonguss|Amoonguss, L82, M|321/321\n|turn|58\n|\n|t:|1771243126\n|switch|p2a: Ogerpon|Ogerpon, L80, F|209/259\n|move|p1a: Amoonguss|Sludge Bomb|p2a: Ogerpon\n|-supereffective|p2a: Ogerpon\n|-damage|p2a: Ogerpon|57/259\n|-status|p2a: Ogerpon|psn\n|\n|-damage|p2a: Ogerpon|25/259 psn|[from] psn\n|upkeep\n|turn|59\n|\n|t:|1771243132\n|move|p2a: Ogerpon|Ivy Cudgel|p1a: Amoonguss\n|-resisted|p1a: Amoonguss\n|-crit|p1a: Amoonguss\n|-damage|p1a: Amoonguss|270/321\n|move|p1a: Amoonguss|Sludge Bomb|p2a: Ogerpon\n|-supereffective|p2a: Ogerpon\n|-damage|p2a: Ogerpon|0 fnt\n|faint|p2a: Ogerpon\n|\n|-heal|p1a: Amoonguss|290/321|[from] item: Leftovers\n|upkeep\n|\n|t:|1771243133\n|switch|p2a: Zacian|Zacian, L69|211/241\n|-damage|p2a: Zacian|181/241|[from] Stealth Rock\n|turn|60\n|\n|t:|1771243136\n|move|p2a: Zacian|Crunch|p1a: Amoonguss\n|-damage|p1a: Amoonguss|203/321\n|move|p1a: Amoonguss|Spore|p2a: Zacian\n|-status|p2a: Zacian|slp|[from] move: Spore\n|\n|-heal|p1a: Amoonguss|223/321|[from] item: Leftovers\n|upkeep\n|turn|61\n|\n|t:|1771243141\n|cant|p2a: Zacian|slp\n|move|p1a: Amoonguss|Sludge Bomb|p2a: Zacian\n|-supereffective|p2a: Zacian\n|-damage|p2a: Zacian|23/241 slp\n|\n|-heal|p1a: Amoonguss|243/321|[from] item: Leftovers\n|upkeep\n|turn|62\n|-message|Cloudpearlstone forfeited.\n|\n|win|whiiite01\n|raw|whiiite01's rating: 1524 &rarr; <strong>1545</strong><br />(+21 for winning)\n|raw|Cloudpearlstone's rating: 1542 &rarr; <strong>1521</strong><br />(-21 for losing)\n|l|☆Cloudpearlstone\n|player|p2|\n", "inputlog": ">version 686819e5e19f8a7fd2345cfc5a08a5085efa2cc3\n>start {\"formatid\":\"gen9randombattle\",\"seed\":\"sodium,4b6d5e76e45f51b7d943234021baf9ca\",\"rated\":\"Rated battle\"}\n>player p1 {\"name\":\"whiiite01\",\"avatar\":\"harlequin\",\"rating\":1524,\"seed\":\"sodium,4fd1d1134632e621bddd4ca7c6c92bd3\"}\n>player p2 {\"name\":\"Cloudpearlstone\",\"avatar\":\"pokemaniac\",\"rating\":1542,\"seed\":\"sodium,997079b59f6e0db9cc86cf80d2e2d48a\"}\n>p1 move freezedry\n>p2 move stickyweb\n>p1 move rapidspin\n>p2 move thunder\n>p1 move freezedry\n>p2 move stickyweb\n>p1 move rapidspin\n>p2 move voltswitch\n>p2 switch 2\n>p1 switch 3\n>p2 move voltswitch\n>p2 switch 2\n>p1 move saltcure\n>p2 move stickyweb\n>p2 switch 3\n>p1 switch 2\n>p2 move ivycudgel\n>p1 move spore\n>p2 switch 2\n>p1 switch 3\n>p2 switch 5\n>p1 move rapidspin\n>p2 move hurricane\n>p1 move rapidspin\n>p2 move hurricane\n>p1 move recover\n>p2 move hurricane\n>p1 switch 2\n>p1 move stealthrock\n>p2 move hurricane\n>p1 move saltcure\n>p2 move defog\n>p1 move stealthrock\n>p2 move hurricane\n>p1 move recover\n>p2 move defog\n>p1 move stealthrock\n>p2 switch 2\n>p1 switch 3\n>p2 move encore\n>p1 move sludgebomb\n>p2 move uturn\n>p2 switch 4\n>p1 switch 4\n>p2 move coil\n>p1 move willowisp\n>p2 move gunkshot\n>p1 move haze\n>p2 move coil\n>p1 move haze\n>p2 move gunkshot\n>p1 move roost\n>p2 move coil\n>p1 move haze\n>p2 move gunkshot\n>p1 move bravebird\n>p2 move coil\n>p1 move bravebird\n>p2 move gunkshot\n>p2 switch 5\n>p1 switch 3\n>p2 move voltswitch\n>p1 move saltcure\n>p2 switch 4\n>p1 switch 4\n>p2 move ivycudgel\n>p1 move sludgebomb\n>p2 switch 4\n>p1 switch 4\n>p2 move painsplit\n>p1 move earthquake\n>p2 move painsplit\n>p1 move saltcure\n>p2 move voltswitch\n>p2 switch 4\n>p1 switch 4\n>p2 move uturn\n>p2 switch 2\n>p1 switch 3\n>p2 move hurricane\n>p1 move bravebird\n>p2 switch 4\n>p1 move roost\n>p2 move voltswitch\n>p2 switch 2\n>p1 switch 3\n>p2 move encore\n>p1 move sludgebomb\n>p2 move uturn\n>p2 switch 2\n>p1 switch 4\n>p2 move painsplit\n>p1 move recover\n>p2 move overheat\n>p1 move saltcure\n>p2 move voltswitch\n>p2 switch 2\n>p1 switch 4\n>p2 move synthesis\n>p1 move sludgebomb\n>p2 move uturn\n>p2 switch 2\n>p2 switch 4\n>p1 switch 5\n>p2 move roost\n>p1 move discharge\n>p2 switch 2\n>p1 switch 5\n>p2 move synthesis\n>p1 move spore\n>p2 move uturn\n>p2 switch 2\n>p1 switch 4\n>p2 move hurricane\n>p1 move saltcure\n>p2 switch 2\n>p1 switch 3\n>p2 move synthesis\n>p1 move willowisp\n>p2 move uturn\n>p2 switch 2\n>p1 move roost\n>p2 move hypervoice\n>p1 move bravebird\n>p2 move defog\n>p1 move bravebird\n>p2 move defog\n>p2 switch 6\n>p1 move willowisp\n>p2 move playrough\n>p1 switch 4\n>p1 move sludgebomb\n>p2 switch 2\n>p1 move sludgebomb\n>p2 move ivycudgel\n>p2 switch 2\n>p1 move spore\n>p2 move crunch\n>p1 move sludgebomb\n>p2 move crunch\n>forcelose p2", "uploadtime": 1771243148, "views": 12, "formatid": "gen9randombattle", "rating": 1521, "private": 0, "password": null}