{"id": "gen9randombattle-2540810511", "format": "[Gen 9] Random Battle", "players": ["harlanhatcher", "Poor Melia"], "log": "|j|☆harlanhatcher\n|j|☆Poor Melia\n|t:|1771256424\n|gametype|singles\n|player|p1|harlanhatcher|miku-ground|1729\n|player|p2|Poor Melia|miku-ground|1780\n|gen|9\n|tier|[Gen 9] Random Battle\n|rated|\n|rule|Species Clause: Limit one of each Pokémon\n|rule|HP Percentage Mod: HP is shown in percentages\n|rule|Sleep Clause Mod: Limit one foe put to sleep\n|rule|Illusion Level Mod: Illusion disguises the Pokémon's true level\n|\n|t:|1771256424\n|teamsize|p1|6\n|teamsize|p2|6\n|start\n|switch|p1a: Leavanny|Leavanny, L86, M|269/269\n|switch|p2a: Ogerpon|Ogerpon-Cornerstone, L76, F|247/247\n|turn|1\n|inactive|Battle timer is ON: inactive players will automatically lose when time's up. (requested by Poor Melia)\n|\n|t:|1771256434\n|switch|p2a: Espeon|Espeon, L84, M|246/246\n|move|p1a: Leavanny|Sticky Web|p2a: Espeon\n|move|p2a: Espeon|Sticky Web|p1a: Leavanny|[from] ability: Magic Bounce\n|-sidestart|p1: harlanhatcher|move: Sticky Web\n|\n|upkeep\n|turn|2\n|\n|t:|1771256449\n|move|p2a: Espeon|Psychic|p1a: Leavanny\n|-damage|p1a: Leavanny|96/269\n|-damage|p2a: Espeon|222/246|[from] item: Life Orb\n|move|p1a: Leavanny|Lunge|p2a: Espeon\n|-supereffective|p2a: Espeon\n|-damage|p2a: Espeon|0 fnt\n|faint|p2a: Espeon\n|\n|upkeep\n|\n|t:|1771256450\n|switch|p2a: Ogerpon|Ogerpon-Cornerstone, L76, F|247/247\n|turn|3\n|c|☆harlanhatcher|well dang\n|\n|t:|1771256465\n|switch|p1a: Bellossom|Bellossom, L84, M|263/263\n|-activate|p1a: Bellossom|move: Sticky Web\n|-unboost|p1a: Bellossom|spe|1\n|move|p2a: Ogerpon|Ivy Cudgel|p1a: Bellossom|[anim] Ivy Cudgel Rock\n|-damage|p1a: Bellossom|152/263\n|\n|-heal|p1a: Bellossom|168/263|[from] item: Leftovers\n|upkeep\n|turn|4\n|\n|t:|1771256470\n|switch|p2a: Cloyster|Cloyster, L80, M|211/211\n|move|p1a: Bellossom|Strength Sap|p2a: Cloyster\n|-unboost|p2a: Cloyster|atk|1\n|-heal|p1a: Bellossom|263/263\n|-enditem|p2a: Cloyster|White Herb\n|-clearnegativeboost|p2a: Cloyster|[silent]\n|\n|upkeep\n|turn|5\n|\n|t:|1771256478\n|move|p2a: Cloyster|Icicle Spear|p1a: Bellossom\n|-supereffective|p1a: Bellossom\n|-damage|p1a: Bellossom|209/263\n|-supereffective|p1a: Bellossom\n|-damage|p1a: Bellossom|165/263\n|-supereffective|p1a: Bellossom\n|-damage|p1a: Bellossom|121/263\n|-supereffective|p1a: Bellossom\n|-damage|p1a: Bellossom|77/263\n|-supereffective|p1a: Bellossom\n|-damage|p1a: Bellossom|29/263\n|-hitcount|p1a: Bellossom|5\n|move|p1a: Bellossom|Giga Drain|p2a: Cloyster\n|-supereffective|p2a: Cloyster\n|-damage|p2a: Cloyster|0 fnt\n|-heal|p1a: Bellossom|135/263|[from] drain|[of] p2a: Cloyster\n|faint|p2a: Cloyster\n|\n|-heal|p1a: Bellossom|151/263|[from] item: Leftovers\n|upkeep\n|\n|t:|1771256488\n|switch|p2a: Meowstic|Meowstic-F, L89, F|277/277\n|turn|6\n|\n|t:|1771256492\n|move|p2a: Meowstic|Psychic|p1a: Bellossom\n|-damage|p1a: Bellossom|33/263\n|-damage|p2a: Meowstic|250/277|[from] item: Life Orb\n|move|p1a: Bellossom|Giga Drain|p2a: Meowstic\n|-damage|p2a: Meowstic|172/277\n|-heal|p1a: Bellossom|72/263|[from] drain|[of] p2a: Meowstic\n|\n|-heal|p1a: Bellossom|88/263|[from] item: Leftovers\n|upkeep\n|turn|7\n|\n|t:|1771256499\n|move|p2a: Meowstic|Psychic|p1a: Bellossom\n|-damage|p1a: Bellossom|0 fnt\n|faint|p1a: Bellossom\n|-damage|p2a: Meowstic|145/277|[from] item: Life Orb\n|\n|upkeep\n|\n|t:|1771256528\n|switch|p1a: Ting-Lu|Ting-Lu, L78|370/370\n|-activate|p1a: Ting-Lu|move: Sticky Web\n|-unboost|p1a: Ting-Lu|spe|1\n|-ability|p1a: Ting-Lu|Vessel of Ruin\n|turn|8\n|\n|t:|1771256540\n|move|p2a: Meowstic|Alluring Voice|p1a: Ting-Lu\n|-supereffective|p1a: Ting-Lu\n|-damage|p1a: Ting-Lu|250/370\n|-damage|p2a: Meowstic|118/277|[from] item: Life Orb\n|move|p1a: Ting-Lu|Throat Chop|p2a: Meowstic\n|-supereffective|p2a: Meowstic\n|-damage|p2a: Meowstic|0 fnt\n|faint|p2a: Meowstic\n|\n|-heal|p1a: Ting-Lu|273/370|[from] item: Leftovers\n|upkeep\n|\n|t:|1771256543\n|switch|p2a: Ogerpon|Ogerpon-Cornerstone, L76, F|247/247\n|turn|9\n|\n|t:|1771256552\n|switch|p1a: Leavanny|Leavanny, L86, M|96/269\n|-activate|p1a: Leavanny|move: Sticky Web\n|-unboost|p1a: Leavanny|spe|1\n|move|p2a: Ogerpon|Swords Dance|p2a: Ogerpon\n|-boost|p2a: Ogerpon|atk|2\n|\n|upkeep\n|turn|10\n|\n|t:|1771256560\n|move|p2a: Ogerpon|Ivy Cudgel|p1a: Leavanny|[anim] Ivy Cudgel Rock\n|-supereffective|p1a: Leavanny\n|-damage|p1a: Leavanny|0 fnt\n|faint|p1a: Leavanny\n|\n|upkeep\n|\n|t:|1771256563\n|switch|p1a: Lucario|Lucario, L84, M|255/255\n|-activate|p1a: Lucario|move: Sticky Web\n|-unboost|p1a: Lucario|spe|1\n|turn|11\n|\n|t:|1771256568\n|switch|p1a: Fezandipiti|Fezandipiti, L82, M|278/278\n|-activate|p1a: Fezandipiti|move: Sticky Web\n|-unboost|p1a: Fezandipiti|spe|1\n|move|p2a: Ogerpon|Superpower|p1a: Fezandipiti\n|-resisted|p1a: Fezandipiti\n|-damage|p1a: Fezandipiti|230/278\n|-unboost|p2a: Ogerpon|atk|1\n|-unboost|p2a: Ogerpon|def|1\n|\n|-heal|p1a: Fezandipiti|247/278|[from] item: Leftovers\n|upkeep\n|turn|12\n|\n|t:|1771256585\n|switch|p2a: Zacian|Zacian-Crowned, L64|225/225\n|-ability|p2a: Zacian|Intrepid Sword|boost\n|-boost|p2a: Zacian|atk|1\n|move|p1a: Fezandipiti|Gunk Shot|p2a: Zacian\n|-immune|p2a: Zacian\n|\n|-heal|p1a: Fezandipiti|264/278|[from] item: Leftovers\n|upkeep\n|turn|13\n|\n|t:|1771256594\n|switch|p1a: Ting-Lu|Ting-Lu, L78|273/370\n|-activate|p1a: Ting-Lu|move: Sticky Web\n|-unboost|p1a: Ting-Lu|spe|1\n|-ability|p1a: Ting-Lu|Vessel of Ruin\n|move|p2a: Zacian|Behemoth Blade|p1a: Ting-Lu\n|-damage|p1a: Ting-Lu|168/370\n|\n|-heal|p1a: Ting-Lu|191/370|[from] item: Leftovers\n|upkeep\n|turn|14\n|inactive|harlanhatcher has 120 seconds left.\n|\n|t:|1771256649\n|move|p2a: Zacian|Play Rough|p1a: Ting-Lu\n|-supereffective|p1a: Ting-Lu\n|-damage|p1a: Ting-Lu|11/370\n|-unboost|p1a: Ting-Lu|atk|1\n|move|p1a: Ting-Lu|Earthquake|p2a: Zacian\n|-supereffective|p2a: Zacian\n|-damage|p2a: Zacian|87/225\n|\n|-heal|p1a: Ting-Lu|34/370|[from] item: Leftovers\n|upkeep\n|turn|15\n|inactive|harlanhatcher has 90 seconds left.\n|\n|t:|1771256665\n|move|p2a: Zacian|Behemoth Blade|p1a: Ting-Lu\n|-damage|p1a: Ting-Lu|0 fnt\n|faint|p1a: Ting-Lu\n|\n|upkeep\n|\n|t:|1771256667\n|switch|p1a: Fezandipiti|Fezandipiti, L82, M|264/278\n|-activate|p1a: Fezandipiti|move: Sticky Web\n|-unboost|p1a: Fezandipiti|spe|1\n|turn|16\n|\n|t:|1771256673\n|-terastallize|p1a: Fezandipiti|Ground\n|move|p2a: Zacian|Behemoth Blade|p1a: Fezandipiti\n|-damage|p1a: Fezandipiti|108/278\n|move|p1a: Fezandipiti|Tera Blast|p2a: Zacian|[anim] Tera Blast Ground\n|-supereffective|p2a: Zacian\n|-crit|p2a: Zacian\n|-damage|p2a: Zacian|0 fnt\n|faint|p2a: Zacian\n|\n|-heal|p1a: Fezandipiti|125/278|[from] item: Leftovers\n|upkeep\n|\n|t:|1771256676\n|switch|p2a: Ogerpon|Ogerpon-Cornerstone, L76, F|247/247\n|turn|17\n|\n|t:|1771256683\n|switch|p1a: Lucario|Lucario, L84, M|255/255\n|-activate|p1a: Lucario|move: Sticky Web\n|-unboost|p1a: Lucario|spe|1\n|move|p2a: Ogerpon|Power Whip|p1a: Lucario|[miss]\n|-miss|p2a: Ogerpon|p1a: Lucario\n|\n|upkeep\n|turn|18\n|\n|t:|1771256689\n|move|p2a: Ogerpon|Superpower|p1a: Lucario\n|-supereffective|p1a: Lucario\n|-crit|p1a: Lucario\n|-damage|p1a: Lucario|0 fnt\n|-unboost|p2a: Ogerpon|atk|1\n|-unboost|p2a: Ogerpon|def|1\n|faint|p1a: Lucario\n|\n|upkeep\n|\n|t:|1771256694\n|switch|p1a: Mienshao|Mienshao, L83, F|244/244\n|-activate|p1a: Mienshao|move: Sticky Web\n|-unboost|p1a: Mienshao|spe|1\n|turn|19\n|\n|t:|1771256699\n|switch|p2a: Haxorus|Haxorus, L77, F|244/244\n|-ability|p2a: Haxorus|Mold Breaker\n|move|p1a: Mienshao|Close Combat|p2a: Haxorus\n|-damage|p2a: Haxorus|40/244\n|-unboost|p1a: Mienshao|def|1\n|-unboost|p1a: Mienshao|spd|1\n|-damage|p1a: Mienshao|220/244|[from] item: Life Orb\n|\n|upkeep\n|turn|20\n|\n|t:|1771256704\n|switch|p1a: Fezandipiti|Fezandipiti, L82, M, tera:Ground|125/278\n|-activate|p1a: Fezandipiti|move: Sticky Web\n|-unboost|p1a: Fezandipiti|spe|1\n|move|p2a: Haxorus|Outrage|p1a: Fezandipiti\n|-damage|p1a: Fezandipiti|0 fnt\n|faint|p1a: Fezandipiti\n|\n|upkeep\n|\n|t:|1771256706\n|switch|p1a: Mienshao|Mienshao, L83, F|244/244\n|-activate|p1a: Mienshao|move: Sticky Web\n|-unboost|p1a: Mienshao|spe|1\n|turn|21\n|\n|t:|1771256710\n|move|p2a: Haxorus|Outrage|p1a: Mienshao|[from] lockedmove\n|-damage|p1a: Mienshao|30/244\n|-start|p2a: Haxorus|confusion|[fatigue]\n|-enditem|p2a: Haxorus|Lum Berry|[eat]\n|-end|p2a: Haxorus|confusion\n|move|p1a: Mienshao|Triple Axel|p2a: Haxorus\n|-supereffective|p2a: Haxorus\n|-damage|p2a: Haxorus|0 fnt\n|faint|p2a: Haxorus\n|-hitcount|p2: Haxorus|1\n|-damage|p1a: Mienshao|6/244|[from] item: Life Orb\n|\n|upkeep\n|\n|t:|1771256712\n|switch|p2a: Ogerpon|Ogerpon-Cornerstone, L76, F|247/247\n|turn|22\n|\n|t:|1771256714\n|move|p2a: Ogerpon|Ivy Cudgel|p1a: Mienshao|[anim] Ivy Cudgel Rock\n|-resisted|p1a: Mienshao\n|-damage|p1a: Mienshao|0 fnt\n|faint|p1a: Mienshao\n|\n|win|Poor Melia\n|raw|harlanhatcher's rating: 1729 &rarr; <strong>1712</strong><br />(-17 for losing)\n|raw|Poor Melia's rating: 1780 &rarr; <strong>1797</strong><br />(+17 for winning)\n", "inputlog": ">version 686819e5e19f8a7fd2345cfc5a08a5085efa2cc3\n>start {\"formatid\":\"gen9randombattle\",\"seed\":\"sodium,e6d03c6b27cb34a549aac6e174c8330e\",\"rated\":\"Rated battle\"}\n>player p1 {\"name\":\"harlanhatcher\",\"avatar\":\"miku-ground\",\"rating\":1729,\"seed\":\"sodium,416ff6ae23664cddb5241315229e2d92\"}\n>player p2 {\"name\":\"Poor Melia\",\"avatar\":\"miku-ground\",\"rating\":1780,\"seed\":\"sodium,0905a061432afb6015fa0876df35bd37\"}\n>p1 move stickyweb\n>p2 switch 2\n>p1 move lunge\n>p2 move psychic\n>p2 switch 2\n>chat ☆harlanhatcher|well dang\n>p1 switch 3\n>p2 move ivycudgel\n>p1 move strengthsap\n>p2 switch 6\n>p1 move gigadrain\n>p2 move iciclespear\n>p2 switch 5\n>p1 move gigadrain\n>p2 move psychic\n>p1 move gigadrain\n>p2 move psychic\n>p1 switch 4\n>p1 move throatchop\n>p2 move alluringvoice\n>p2 switch 6\n>p1 switch 3\n>p2 move swordsdance\n>p1 move lunge\n>p2 move ivycudgel\n>p1 switch 6\n>p1 switch 5\n>p2 move superpower\n>p1 move gunkshot\n>p2 switch 3\n>p1 switch 3\n>p2 move behemothblade\n>p1 move earthquake\n>p2 move playrough\n>p1 move earthquake\n>p2 move behemothblade\n>p1 switch 3\n>p1 move terablast terastallize\n>p2 move behemothblade\n>p2 switch 3\n>p1 switch 5\n>p2 move powerwhip\n>p1 move focusblast\n>p2 move superpower\n>p1 switch 2\n>p1 move closecombat\n>p2 switch 4\n>p1 switch 5\n>p2 move outrage\n>p1 switch 5\n>p1 move tripleaxel\n>p2 move outrage\n>p2 switch 4\n>p1 move closecombat\n>p2 move ivycudgel", "uploadtime": 1771256717, "views": 7, "formatid": "gen9randombattle", "rating": 1712, "private": 0, "password": null}