{"id": "gen9randombattle-2540826097", "format": "[Gen 9] Random Battle", "players": ["Waede", "bellenguer2"], "log": "|j|☆Waede\n|j|☆bellenguer2\n|t:|1771258037\n|gametype|singles\n|player|p1|Waede|gentleman-gen4dp|1551\n|player|p2|bellenguer2|102|1557\n|gen|9\n|tier|[Gen 9] Random Battle\n|rated|\n|rule|Species Clause: Limit one of each Pokémon\n|rule|HP Percentage Mod: HP is shown in percentages\n|rule|Sleep Clause Mod: Limit one foe put to sleep\n|rule|Illusion Level Mod: Illusion disguises the Pokémon's true level\n|\n|t:|1771258037\n|teamsize|p1|6\n|teamsize|p2|6\n|start\n|switch|p1a: Kingambit|Kingambit, L74, M|270/270\n|switch|p2a: Polteageist|Polteageist, L78|222/222\n|turn|1\n|\n|t:|1771258068\n|switch|p2a: Great Tusk|Great Tusk, L77|304/304\n|move|p1a: Kingambit|Kowtow Cleave|p2a: Great Tusk\n|-resisted|p2a: Great Tusk\n|-damage|p2a: Great Tusk|268/304\n|\n|upkeep\n|turn|2\n|\n|t:|1771258074\n|-end|p1a: Kingambit|fallenundefined|[silent]\n|switch|p1a: Cresselia|Cresselia, L80, F|323/323\n|move|p2a: Great Tusk|Close Combat|p1a: Cresselia\n|-resisted|p1a: Cresselia\n|-damage|p1a: Cresselia|260/323\n|-unboost|p2a: Great Tusk|def|1\n|-unboost|p2a: Great Tusk|spd|1\n|\n|-heal|p1a: Cresselia|280/323|[from] item: Leftovers\n|upkeep\n|turn|3\n|\n|t:|1771258089\n|-end|p2a: Great Tusk|Protosynthesis|[silent]\n|switch|p2a: Scizor|Scizor, L79, M|240/240\n|move|p1a: Cresselia|Calm Mind|p1a: Cresselia\n|-boost|p1a: Cresselia|spa|1\n|-boost|p1a: Cresselia|spd|1\n|\n|-heal|p1a: Cresselia|300/323|[from] item: Leftovers\n|upkeep\n|turn|4\n|\n|t:|1771258116\n|switch|p1a: Chi-Yu|Chi-Yu, L77|211/211\n|-ability|p1a: Chi-Yu|Beads of Ruin\n|move|p2a: Scizor|U-turn|p1a: Chi-Yu\n|-damage|p1a: Chi-Yu|57/211\n|\n|t:|1771258151\n|switch|p2a: Rhydon|Rhydon, L85, M|317/317|[from] U-turn\n|\n|upkeep\n|turn|5\n|\n|t:|1771258165\n|move|p1a: Chi-Yu|Dark Pulse|p2a: Rhydon\n|-damage|p2a: Rhydon|191/317\n|move|p2a: Rhydon|Megahorn|p1a: Chi-Yu\n|-damage|p1a: Chi-Yu|0 fnt\n|faint|p1a: Chi-Yu\n|\n|upkeep\n|\n|t:|1771258177\n|switch|p1a: Eiscue|Eiscue, L88, F|274/274\n|turn|6\n|inactive|Battle timer is ON: inactive players will automatically lose when time's up. (requested by Waede)\n|\n|t:|1771258186\n|switch|p2a: Zebstrika|Zebstrika, L87, F|272/272\n|move|p1a: Eiscue|Belly Drum|p1a: Eiscue\n|-damage|p1a: Eiscue|137/274\n|-setboost|p1a: Eiscue|atk|6|[from] move: Belly Drum\n|-enditem|p1a: Eiscue|Sitrus Berry|[eat]\n|-heal|p1a: Eiscue|205/274|[from] item: Sitrus Berry\n|\n|upkeep\n|turn|7\n|\n|t:|1771258200\n|move|p2a: Zebstrika|Volt Switch|p1a: Eiscue\n|-damage|p1a: Eiscue|126/274\n|-damage|p2a: Zebstrika|245/272|[from] item: Life Orb\n|\n|t:|1771258224\n|switch|p2a: Rhydon|Rhydon, L85, M|191/317|[from] Volt Switch\n|move|p1a: Eiscue|Liquidation|p2a: Rhydon\n|-supereffective|p2a: Rhydon\n|-damage|p2a: Rhydon|0 fnt\n|faint|p2a: Rhydon\n|\n|upkeep\n|\n|t:|1771258243\n|switch|p2a: Polteageist|Polteageist, L78|222/222\n|turn|8\n|\n|t:|1771258247\n|move|p2a: Polteageist|Shadow Ball|p1a: Eiscue\n|-damage|p1a: Eiscue|38/274\n|move|p1a: Eiscue|Ice Spinner|p2a: Polteageist\n|-damage|p2a: Polteageist|0 fnt\n|-start|p1a: Eiscue|Disable|Ice Spinner|[from] ability: Cursed Body|[of] p2a: Polteageist\n|faint|p2a: Polteageist\n|\n|upkeep\n|\n|t:|1771258254\n|switch|p2a: Zebstrika|Zebstrika, L87, F|245/272\n|turn|9\n|\n|t:|1771258258\n|-terastallize|p1a: Eiscue|Ground\n|move|p2a: Zebstrika|Volt Switch|p1a: Eiscue\n|-immune|p1a: Eiscue\n|move|p1a: Eiscue|Tera Blast|p2a: Zebstrika|[anim] Tera Blast Ground\n|-supereffective|p2a: Zebstrika\n|-damage|p2a: Zebstrika|0 fnt\n|faint|p2a: Zebstrika\n|\n|upkeep\n|\n|t:|1771258280\n|switch|p2a: Oinkologne|Oinkologne-F, L92, F|361/361\n|turn|10\n|\n|t:|1771258283\n|move|p2a: Oinkologne|Body Slam|p1a: Eiscue\n|-activate|p1a: Eiscue|ability: Ice Face\n|-damage|p1a: Eiscue|38/274\n|detailschange|p1a: Eiscue|Eiscue-Noice, L88, F, tera:Ground\n|move|p1a: Eiscue|Tera Blast|p2a: Oinkologne|[anim] Tera Blast Ground\n|-damage|p2a: Oinkologne|31/361\n|\n|-heal|p2a: Oinkologne|53/361|[from] item: Leftovers\n|upkeep\n|turn|11\n|\n|t:|1771258290\n|move|p1a: Eiscue|Tera Blast|p2a: Oinkologne|[anim] Tera Blast Ground\n|-damage|p2a: Oinkologne|0 fnt\n|faint|p2a: Oinkologne\n|\n|-end|p1a: Eiscue|Disable\n|upkeep\n|\n|t:|1771258292\n|switch|p2a: Scizor|Scizor, L79, M|240/240\n|turn|12\n|\n|t:|1771258295\n|move|p2a: Scizor|Bullet Punch|p1a: Eiscue\n|-damage|p1a: Eiscue|0 fnt\n|faint|p1a: Eiscue\n|\n|upkeep\n|\n|t:|1771258320\n|switch|p1a: Pikachu|Pikachu-Sinnoh, L93, M|216/216\n|turn|13\n|\n|t:|1771258323\n|switch|p2a: Great Tusk|Great Tusk, L77|268/304\n|move|p1a: Pikachu|Surf|p2a: Great Tusk\n|-supereffective|p2a: Great Tusk\n|-damage|p2a: Great Tusk|66/304\n|\n|upkeep\n|turn|14\n|\n|t:|1771258328\n|move|p1a: Pikachu|Surf|p2a: Great Tusk\n|-supereffective|p2a: Great Tusk\n|-damage|p2a: Great Tusk|0 fnt\n|faint|p2a: Great Tusk\n|-end|p2a: Great Tusk|Protosynthesis|[silent]\n|\n|upkeep\n|\n|t:|1771258329\n|switch|p2a: Scizor|Scizor, L79, M|240/240\n|turn|15\n|\n|t:|1771258332\n|move|p1a: Pikachu|Volt Tackle|p2a: Scizor\n|-damage|p2a: Scizor|41/240\n|-damage|p1a: Pikachu|150/216|[from] Recoil\n|move|p2a: Scizor|U-turn|p1a: Pikachu\n|-damage|p1a: Pikachu|0 fnt\n|faint|p1a: Pikachu\n|\n|upkeep\n|\n|t:|1771258336\n|switch|p1a: Kingambit|Kingambit, L74, M|270/270\n|-activate|p1a: Kingambit|ability: Supreme Overlord\n|-start|p1a: Kingambit|fallen3|[silent]\n|turn|16\n|\n|t:|1771258344\n|move|p2a: Scizor|U-turn|p1a: Kingambit\n|-damage|p1a: Kingambit|168/270\n|move|p1a: Kingambit|Kowtow Cleave|p2a: Scizor\n|-damage|p2a: Scizor|0 fnt\n|faint|p2a: Scizor\n|\n|win|Waede\n|raw|Waede's rating: 1551 &rarr; <strong>1571</strong><br />(+20 for winning)\n|raw|bellenguer2's rating: 1557 &rarr; <strong>1537</strong><br />(-20 for losing)\n", "inputlog": ">version 686819e5e19f8a7fd2345cfc5a08a5085efa2cc3\n>start {\"formatid\":\"gen9randombattle\",\"seed\":\"sodium,947ad116595ecec1137c436b7fb36408\",\"rated\":\"Rated battle\"}\n>player p1 {\"name\":\"Waede\",\"avatar\":\"gentleman-gen4dp\",\"rating\":1551,\"seed\":\"sodium,41ed266013f19ce46040c53be93c3d5d\"}\n>player p2 {\"name\":\"bellenguer2\",\"avatar\":\"102\",\"rating\":1557,\"seed\":\"sodium,fc15e643ea285dd2dda42569d82717f5\"}\n>p1 move kowtowcleave\n>p2 switch 3\n>p1 switch 5\n>p2 move closecombat\n>p1 move calmmind\n>p2 switch 5\n>p1 switch 3\n>p2 move uturn\n>p2 switch 6\n>p1 move darkpulse\n>p2 move megahorn\n>p1 switch 2\n>p1 move bellydrum\n>p2 switch 4\n>p1 move liquidation\n>p2 move voltswitch\n>p2 switch 4\n>p2 switch 3\n>p1 move icespinner\n>p2 move shadowball\n>p2 switch 4\n>p1 move terablast terastallize\n>p2 move voltswitch\n>p2 switch 2\n>p1 move terablast\n>p2 move bodyslam\n>p1 move terablast\n>p2 move bodyslam\n>p2 switch 6\n>p1 move terablast\n>p2 move bulletpunch\n>p1 switch 4\n>p1 move surf\n>p2 switch 5\n>p1 move surf\n>p2 move headlongrush\n>p2 switch 5\n>p1 move volttackle\n>p2 move uturn\n>p1 switch 5\n>p1 move kowtowcleave\n>p2 move uturn", "uploadtime": 1771258346, "views": 6, "formatid": "gen9randombattle", "rating": 1537, "private": 0, "password": null}