{"id": "gen9randombattle-2540783509", "format": "[Gen 9] Random Battle", "players": ["Phani42", "summerr707"], "log": "|j|☆Phani42\n|j|‽summerr707\n|t:|1771253542\n|gametype|singles\n|player|p1|Phani42|1|1814\n|player|p2|summerr707|2|1791\n|gen|9\n|tier|[Gen 9] Random Battle\n|rated|\n|rule|Species Clause: Limit one of each Pokémon\n|rule|HP Percentage Mod: HP is shown in percentages\n|rule|Sleep Clause Mod: Limit one foe put to sleep\n|rule|Illusion Level Mod: Illusion disguises the Pokémon's true level\n|\n|t:|1771253542\n|teamsize|p1|6\n|teamsize|p2|6\n|start\n|switch|p1a: Breloom|Breloom, L83, M|235/235\n|switch|p2a: Ogerpon|Ogerpon-Wellspring, L76, F|247/247\n|turn|1\n|inactive|Battle timer is ON: inactive players will automatically lose when time's up. (requested by Phani42)\n|inactive|summerr707 has 120 seconds left.\n|\n|t:|1771253593\n|switch|p2a: Magearna|Magearna, L77|250/250\n|move|p1a: Breloom|Swords Dance|p1a: Breloom\n|-boost|p1a: Breloom|atk|2\n|\n|upkeep\n|turn|2\n|\n|t:|1771253612\n|move|p1a: Breloom|Mach Punch|p2a: Magearna\n|-damage|p2a: Magearna|81/250\n|-damage|p1a: Breloom|212/235|[from] item: Life Orb\n|move|p2a: Magearna|Fleur Cannon|p1a: Breloom|[miss]\n|-miss|p2a: Magearna|p1a: Breloom\n|\n|upkeep\n|turn|3\n|\n|t:|1771253619\n|move|p1a: Breloom|Mach Punch|p2a: Magearna\n|-crit|p2a: Magearna\n|-damage|p2a: Magearna|0 fnt\n|faint|p2a: Magearna\n|-damage|p1a: Breloom|189/235|[from] item: Life Orb\n|\n|upkeep\n|\n|t:|1771253628\n|switch|p2a: Breloom|Breloom, L83, F|235/235\n|turn|4\n|\n|t:|1771253633\n|move|p2a: Breloom|Mach Punch|p1a: Breloom\n|-damage|p1a: Breloom|71/235\n|-damage|p2a: Breloom|212/235|[from] item: Life Orb\n|move|p1a: Breloom|Mach Punch|p2a: Breloom\n|-damage|p2a: Breloom|0 fnt\n|faint|p2a: Breloom\n|-damage|p1a: Breloom|48/235|[from] item: Life Orb\n|\n|upkeep\n|\n|t:|1771253642\n|switch|p2a: Ogerpon|Ogerpon-Wellspring, L76, F|247/247\n|turn|5\n|\n|t:|1771253644\n|move|p1a: Breloom|Mach Punch|p2a: Ogerpon\n|-damage|p2a: Ogerpon|23/247\n|-damage|p1a: Breloom|25/235|[from] item: Life Orb\n|move|p2a: Ogerpon|Horn Leech|p1a: Breloom\n|-resisted|p1a: Breloom\n|-damage|p1a: Breloom|0 fnt\n|-heal|p2a: Ogerpon|36/247|[from] drain|[of] p1a: Breloom\n|faint|p1a: Breloom\n|\n|upkeep\n|\n|t:|1771253653\n|switch|p1a: Morpeko|Morpeko, L88, F|245/245\n|turn|6\n|\n|t:|1771253666\n|switch|p2a: Furret|Furret, L94, F|312/312\n|-item|p1a: Morpeko|Heavy-Duty Boots|[from] ability: Frisk|[of] p2a: Furret\n|move|p1a: Morpeko|Aura Wheel|p2a: Furret\n|-damage|p2a: Furret|173/312\n|-boost|p1a: Morpeko|spe|1\n|\n|-formechange|p1a: Morpeko|Morpeko-Hangry||[from] ability: Hunger Switch\n|upkeep\n|turn|7\n|\n|t:|1771253672\n|move|p1a: Morpeko|Aura Wheel|p2a: Furret\n|-damage|p2a: Furret|40/312\n|-boost|p1a: Morpeko|spe|1\n|move|p2a: Furret|U-turn|p1a: Morpeko\n|-supereffective|p1a: Morpeko\n|-damage|p1a: Morpeko|37/245\n|\n|t:|1771253677\n|switch|p2a: Excadrill|Excadrill, L79, F|303/303|[from] U-turn\n|-ability|p2a: Excadrill|Mold Breaker\n|\n|-formechange|p1a: Morpeko|Morpeko||[from] ability: Hunger Switch\n|upkeep\n|turn|8\n|\n|t:|1771253683\n|move|p1a: Morpeko|Parting Shot|p2a: Excadrill\n|-unboost|p2a: Excadrill|atk|1\n|-unboost|p2a: Excadrill|spa|1\n|\n|t:|1771253688\n|switch|p1a: Mandibuzz|Mandibuzz, L85, F|326/326|[from] Parting Shot\n|move|p2a: Excadrill|Iron Head|p1a: Mandibuzz\n|-damage|p1a: Mandibuzz|263/326\n|\n|upkeep\n|turn|9\n|\n|t:|1771253695\n|switch|p1a: Morpeko|Morpeko, L88, F|37/245\n|switch|p2a: Furret|Furret, L94, F|40/312\n|-item|p1a: Morpeko|Heavy-Duty Boots|[from] ability: Frisk|[of] p2a: Furret\n|\n|-formechange|p1a: Morpeko|Morpeko-Hangry||[from] ability: Hunger Switch\n|upkeep\n|turn|10\n|\n|t:|1771253702\n|switch|p2a: Excadrill|Excadrill, L79, F|303/303\n|-ability|p2a: Excadrill|Mold Breaker\n|move|p1a: Morpeko|Protect||[still]\n|-fail|p1a: Morpeko\n|\n|-formechange|p1a: Morpeko|Morpeko||[from] ability: Hunger Switch\n|upkeep\n|turn|11\n|\n|t:|1771253706\n|move|p1a: Morpeko|Parting Shot|p2a: Excadrill\n|-unboost|p2a: Excadrill|atk|1\n|-unboost|p2a: Excadrill|spa|1\n|\n|t:|1771253711\n|switch|p1a: Infernape|Infernape, L82, F|259/259|[from] Parting Shot\n|move|p2a: Excadrill|Rock Slide|p1a: Infernape\n|-damage|p1a: Infernape|209/259\n|\n|upkeep\n|turn|12\n|\n|t:|1771253735\n|-terastallize|p2a: Excadrill|Water\n|move|p1a: Infernape|Close Combat|p2a: Excadrill\n|-crit|p2a: Excadrill\n|-damage|p2a: Excadrill|0 fnt\n|-unboost|p1a: Infernape|def|1\n|-unboost|p1a: Infernape|spd|1\n|faint|p2a: Excadrill\n|-damage|p1a: Infernape|184/259|[from] item: Life Orb\n|\n|upkeep\n|l|‽summerr707\n|inactive|summerr707 disconnected and has a minute to reconnect!\n|player|p2|\n|inactive|summerr707 has 30 seconds to reconnect!\n|inactive|summerr707 has 20 seconds to reconnect!\n|inactive|summerr707 has 15 seconds to reconnect!\n|inactive|summerr707 has 10 seconds to reconnect!\n|inactive|summerr707 has 5 seconds to reconnect!\n|-message|summerr707 lost due to inactivity.\n|\n|win|Phani42\n|raw|Phani42's rating: 1814 &rarr; <strong>1833</strong><br />(+19 for winning)\n|raw|summerr707's rating: 1791 &rarr; <strong>1772</strong><br />(-19 for losing)\n", "inputlog": ">version 686819e5e19f8a7fd2345cfc5a08a5085efa2cc3\n>start {\"formatid\":\"gen9randombattle\",\"seed\":\"sodium,ad70421daba7e953d69207ad140f0895\",\"rated\":\"Rated battle\"}\n>player p1 {\"name\":\"Phani42\",\"avatar\":\"1\",\"rating\":1814,\"seed\":\"sodium,82c18ee17aa8cbad98b5e0cfdd215dce\"}\n>player p2 {\"name\":\"summerr707\",\"avatar\":\"2\",\"rating\":1791,\"seed\":\"sodium,83c38618cdc92ca1373a77afb3d22911\"}\n>p1 move swordsdance\n>p2 switch 2\n>p1 move machpunch\n>p2 move fleurcannon\n>p1 move machpunch\n>p2 move fleurcannon\n>p2 switch 3\n>p1 move machpunch\n>p2 move machpunch\n>p2 switch 2\n>p1 move machpunch\n>p2 move hornleech\n>p1 switch 2\n>p1 move aurawheel\n>p2 switch 4\n>p1 move aurawheel\n>p2 move uturn\n>p2 switch 6\n>p1 move partingshot\n>p2 move ironhead\n>p1 switch 3\n>p1 switch 3\n>p2 switch 6\n>p1 move protect\n>p2 switch 6\n>p1 move partingshot\n>p2 move rockslide\n>p1 switch 4\n>p1 move closecombat\n>p2 move earthquake terastallize\n>forcelose p2", "uploadtime": 1771253807, "views": 5, "formatid": "gen9randombattle", "rating": 1772, "private": 0, "password": null}