{"id": "gen9randombattle-2540918477", "format": "[Gen 9] Random Battle", "players": ["ZanDan00", "DayCrybabyTon"], "log": "|j|☆ZanDan00\n|j|☆DayCrybabyTon\n|t:|1771267067\n|gametype|singles\n|player|p1|ZanDan00|pokekid|2210\n|player|p2|DayCrybabyTon|102|2195\n|gen|9\n|tier|[Gen 9] Random Battle\n|rated|\n|rule|Species Clause: Limit one of each Pokémon\n|rule|HP Percentage Mod: HP is shown in percentages\n|rule|Sleep Clause Mod: Limit one foe put to sleep\n|rule|Illusion Level Mod: Illusion disguises the Pokémon's true level\n|\n|t:|1771267067\n|teamsize|p1|6\n|teamsize|p2|6\n|start\n|switch|p1a: Furret|Furret, L94, F|312/312\n|switch|p2a: Meganium|Meganium, L90, M|290/290\n|-item|p2a: Meganium|Leftovers|[from] ability: Frisk|[of] p1a: Furret\n|turn|1\n|inactive|Battle timer is ON: inactive players will automatically lose when time's up. (requested by ZanDan00)\n|\n|t:|1771267075\n|move|p1a: Furret|Trick|p2a: Meganium\n|-activate|p1a: Furret|move: Trick|[of] p2a: Meganium\n|-item|p2a: Meganium|Choice Band|[from] move: Trick\n|-item|p1a: Furret|Leftovers|[from] move: Trick\n|move|p2a: Meganium|Knock Off|p1a: Furret\n|-damage|p1a: Furret|191/312\n|-enditem|p1a: Furret|Leftovers|[from] move: Knock Off|[of] p2a: Meganium\n|\n|upkeep\n|turn|2\n|\n|t:|1771267088\n|move|p1a: Furret|U-turn|p2a: Meganium\n|-supereffective|p2a: Meganium\n|-damage|p2a: Meganium|198/290\n|\n|t:|1771267092\n|switch|p1a: Delibird|Delibird, F|252/252|[from] U-turn\n|move|p2a: Meganium|Knock Off|p1a: Delibird\n|-damage|p1a: Delibird|105/252\n|-enditem|p1a: Delibird|Heavy-Duty Boots|[from] move: Knock Off|[of] p2a: Meganium\n|\n|upkeep\n|turn|3\n|\n|t:|1771267110\n|switch|p2a: Miraidon|Miraidon, L65|238/238\n|-fieldstart|move: Electric Terrain|[from] ability: Hadron Engine|[of] p2a: Miraidon\n|move|p1a: Delibird|Spikes|p2a: Miraidon\n|-sidestart|p2: DayCrybabyTon|Spikes\n|\n|upkeep\n|turn|4\n|\n|t:|1771267115\n|switch|p1a: Ursaluna|Ursaluna-Bloodmoon, L79, M|308/308\n|move|p2a: Miraidon|Substitute|p2a: Miraidon\n|-start|p2a: Miraidon|Substitute\n|-damage|p2a: Miraidon|179/238\n|\n|-heal|p2a: Miraidon|193/238|[from] item: Leftovers\n|upkeep\n|turn|5\n|\n|t:|1771267118\n|move|p2a: Miraidon|Draco Meteor|p1a: Ursaluna\n|-damage|p1a: Ursaluna|115/308\n|-unboost|p2a: Miraidon|spa|2\n|move|p1a: Ursaluna|Calm Mind|p1a: Ursaluna\n|-boost|p1a: Ursaluna|spa|1\n|-boost|p1a: Ursaluna|spd|1\n|\n|-heal|p2a: Miraidon|207/238|[from] item: Leftovers\n|-heal|p1a: Ursaluna|134/308|[from] item: Leftovers\n|upkeep\n|turn|6\n|\n|t:|1771267123\n|switch|p2a: Meganium|Meganium, L90, M|198/290\n|-damage|p2a: Meganium|162/290|[from] Spikes\n|move|p1a: Ursaluna|Moonlight|p1a: Ursaluna\n|-heal|p1a: Ursaluna|288/308\n|\n|-heal|p1a: Ursaluna|307/308|[from] item: Leftovers\n|upkeep\n|turn|7\n|\n|t:|1771267130\n|switch|p1a: Delibird|Delibird, F|105/252\n|move|p2a: Meganium|Petal Blizzard|p1a: Delibird\n|-resisted|p1a: Delibird\n|-damage|p1a: Delibird|8/252\n|\n|-fieldend|move: Electric Terrain\n|upkeep\n|turn|8\n|\n|t:|1771267152\n|switch|p2a: Manaphy|Manaphy, L78|284/284\n|-damage|p2a: Manaphy|249/284|[from] Spikes\n|move|p1a: Delibird|Freeze-Dry|p2a: Manaphy\n|-supereffective|p2a: Manaphy\n|-damage|p2a: Manaphy|105/284\n|\n|-heal|p2a: Manaphy|122/284|[from] item: Leftovers\n|upkeep\n|turn|9\n|\n|t:|1771267158\n|switch|p2a: Magmortar|Magmortar, L88, F|275/275\n|move|p1a: Delibird|Freeze-Dry|p2a: Magmortar\n|-resisted|p2a: Magmortar\n|-damage|p2a: Magmortar|238/275\n|\n|upkeep\n|turn|10\n|\n|t:|1771267161\n|move|p1a: Delibird|Spikes|p2a: Magmortar\n|-sidestart|p2: DayCrybabyTon|Spikes\n|move|p2a: Magmortar|Thunderbolt|p1a: Delibird\n|-supereffective|p1a: Delibird\n|-damage|p1a: Delibird|0 fnt\n|faint|p1a: Delibird\n|\n|upkeep\n|\n|t:|1771267169\n|switch|p1a: Furret|Furret, L94, F|191/312\n|-item|p2a: Magmortar|Heavy-Duty Boots|[from] ability: Frisk|[of] p1a: Furret\n|turn|11\n|\n|t:|1771267179\n|move|p1a: Furret|Trick|p2a: Magmortar\n|-activate|p1a: Furret|move: Trick|[of] p2a: Magmortar\n|-enditem|p2a: Magmortar|Heavy-Duty Boots|[silent]|[from] move: Trick\n|-item|p1a: Furret|Heavy-Duty Boots|[from] move: Trick\n|move|p2a: Magmortar|Fire Blast|p1a: Furret|[miss]\n|-miss|p2a: Magmortar|p1a: Furret\n|\n|upkeep\n|turn|12\n|\n|t:|1771267191\n|move|p1a: Furret|Double-Edge|p2a: Magmortar\n|-damage|p2a: Magmortar|76/275\n|-damage|p1a: Furret|138/312|[from] Recoil\n|move|p2a: Magmortar|Fire Blast|p1a: Furret\n|-damage|p1a: Furret|0 fnt\n|faint|p1a: Furret\n|\n|upkeep\n|\n|t:|1771267199\n|switch|p1a: Cramorant|Cramorant, L86, F|261/261\n|turn|13\n|\n|t:|1771267204\n|move|p2a: Magmortar|Thunderbolt|p1a: Cramorant\n|-supereffective|p1a: Cramorant\n|-damage|p1a: Cramorant|0 fnt\n|faint|p1a: Cramorant\n|\n|upkeep\n|\n|t:|1771267206\n|switch|p1a: Conkeldurr|Conkeldurr, L80, F|299/299\n|turn|14\n|\n|t:|1771267213\n|move|p1a: Conkeldurr|Mach Punch|p2a: Magmortar\n|-damage|p2a: Magmortar|18/275\n|-status|p1a: Conkeldurr|brn|[from] ability: Flame Body|[of] p2a: Magmortar\n|move|p2a: Magmortar|Fire Blast|p1a: Conkeldurr\n|-damage|p1a: Conkeldurr|107/299 brn\n|\n|-damage|p1a: Conkeldurr|89/299 brn|[from] brn\n|upkeep\n|turn|15\n|\n|t:|1771267218\n|move|p1a: Conkeldurr|Mach Punch|p2a: Magmortar\n|-damage|p2a: Magmortar|0 fnt\n|faint|p2a: Magmortar\n|\n|-damage|p1a: Conkeldurr|71/299 brn|[from] brn\n|upkeep\n|\n|t:|1771267224\n|switch|p2a: Walking Wake|Walking Wake, L79|286/286\n|-damage|p2a: Walking Wake|239/286|[from] Spikes\n|turn|16\n|\n|t:|1771267226\n|move|p1a: Conkeldurr|Mach Punch|p2a: Walking Wake\n|-damage|p2a: Walking Wake|158/286\n|move|p2a: Walking Wake|Flamethrower|p1a: Conkeldurr\n|-damage|p1a: Conkeldurr|0 fnt\n|faint|p1a: Conkeldurr\n|-damage|p2a: Walking Wake|130/286|[from] item: Life Orb\n|\n|upkeep\n|\n|t:|1771267229\n|switch|p1a: Ludicolo|Ludicolo, L90, M, shiny|290/290\n|turn|17\n|\n|t:|1771267238\n|move|p2a: Walking Wake|Draco Meteor|p1a: Ludicolo\n|-damage|p1a: Ludicolo|133/290\n|-unboost|p2a: Walking Wake|spa|2\n|-damage|p2a: Walking Wake|102/286|[from] item: Life Orb\n|move|p1a: Ludicolo|Ice Beam|p2a: Walking Wake\n|-damage|p2a: Walking Wake|0 fnt\n|faint|p2a: Walking Wake\n|-end|p2a: Walking Wake|Protosynthesis|[silent]\n|\n|upkeep\n|\n|t:|1771267246\n|switch|p2a: Hitmonlee|Hitmonlee, L85, M|224/224\n|-damage|p2a: Hitmonlee|187/224|[from] Spikes\n|turn|18\n|\n|t:|1771267248\n|move|p2a: Hitmonlee|Close Combat|p1a: Ludicolo\n|-damage|p1a: Ludicolo|0 fnt\n|-unboost|p2a: Hitmonlee|def|1\n|-unboost|p2a: Hitmonlee|spd|1\n|faint|p1a: Ludicolo\n|-enditem|p2a: Hitmonlee|White Herb\n|-clearnegativeboost|p2a: Hitmonlee|[silent]\n|\n|upkeep\n|\n|t:|1771267251\n|switch|p1a: Ursaluna|Ursaluna-Bloodmoon, L79, M|307/308\n|turn|19\n|\n|t:|1771267254\n|-terastallize|p1a: Ursaluna|Poison\n|move|p2a: Hitmonlee|Swords Dance|p2a: Hitmonlee\n|-boost|p2a: Hitmonlee|atk|2\n|move|p1a: Ursaluna|Calm Mind|p1a: Ursaluna\n|-boost|p1a: Ursaluna|spa|1\n|-boost|p1a: Ursaluna|spd|1\n|\n|-heal|p1a: Ursaluna|308/308|[from] item: Leftovers\n|upkeep\n|turn|20\n|\n|t:|1771267259\n|move|p2a: Hitmonlee|Knock Off|p1a: Ursaluna\n|-damage|p1a: Ursaluna|167/308\n|-enditem|p1a: Ursaluna|Leftovers|[from] move: Knock Off|[of] p2a: Hitmonlee\n|move|p1a: Ursaluna|Moonlight|p1a: Ursaluna\n|-heal|p1a: Ursaluna|308/308\n|\n|upkeep\n|turn|21\n|\n|t:|1771267264\n|move|p2a: Hitmonlee|Knock Off|p1a: Ursaluna\n|-damage|p1a: Ursaluna|219/308\n|move|p1a: Ursaluna|Blood Moon|p2a: Hitmonlee\n|-damage|p2a: Hitmonlee|0 fnt\n|faint|p2a: Hitmonlee\n|\n|upkeep\n|\n|t:|1771267266\n|switch|p2a: Meganium|Meganium, L90, M|162/290\n|-damage|p2a: Meganium|114/290|[from] Spikes\n|turn|22\n|\n|t:|1771267271\n|-terastallize|p2a: Meganium|Ground\n|move|p2a: Meganium|Earthquake|p1a: Ursaluna\n|-supereffective|p1a: Ursaluna\n|-damage|p1a: Ursaluna|0 fnt\n|faint|p1a: Ursaluna\n|\n|win|DayCrybabyTon\n|raw|ZanDan00's rating: 2210 &rarr; <strong>2189</strong><br />(-21 for losing)\n|raw|DayCrybabyTon's rating: 2195 &rarr; <strong>2216</strong><br />(+21 for winning)\n|l|☆ZanDan00\n|player|p1|\n|c|☆DayCrybabyTon|gg\n", "inputlog": ">version 686819e5e19f8a7fd2345cfc5a08a5085efa2cc3\n>start {\"formatid\":\"gen9randombattle\",\"seed\":\"sodium,947e81501fdab7079b032427473bb4ea\",\"rated\":\"Rated battle\"}\n>player p1 {\"name\":\"ZanDan00\",\"avatar\":\"pokekid\",\"rating\":2210,\"seed\":\"sodium,05fc8f2ce8cc8deccfa85c9ee529fd41\"}\n>player p2 {\"name\":\"DayCrybabyTon\",\"avatar\":\"102\",\"rating\":2195,\"seed\":\"sodium,6879eeda665297e8160dd3627a2a0512\"}\n>p1 move trick\n>p2 move knockoff\n>p1 move uturn\n>p2 move knockoff\n>p1 switch 4\n>p1 move spikes\n>p2 switch 6\n>p1 switch 3\n>p2 move substitute\n>p1 move calmmind\n>p2 move dracometeor\n>p1 move moonlight\n>p2 switch 6\n>p1 switch 3\n>p2 move petalblizzard\n>p1 move freezedry\n>p2 switch 4\n>p1 move freezedry\n>p2 switch 5\n>p1 move spikes\n>p2 move thunderbolt\n>p1 switch 4\n>p1 move trick\n>p2 move fireblast\n>p1 move doubleedge\n>p2 move fireblast\n>p1 switch 2\n>p1 move surf\n>p2 move thunderbolt\n>p1 switch 6\n>p1 move machpunch\n>p2 move fireblast\n>p1 move machpunch\n>p2 move thunderbolt\n>p2 switch 2\n>p1 move machpunch\n>p2 move flamethrower\n>p1 switch 5\n>p1 move icebeam\n>p2 move dracometeor\n>p2 switch 3\n>p1 move icebeam\n>p2 move closecombat\n>p1 switch 3\n>p1 move calmmind terastallize\n>p2 move swordsdance\n>p1 move moonlight\n>p2 move knockoff\n>p1 move bloodmoon\n>p2 move knockoff\n>p2 switch 4\n>p1 move moonlight\n>p2 move earthquake terastallize", "uploadtime": 1771267275, "views": 2, "formatid": "gen9randombattle", "rating": 2189, "private": 0, "password": null}