{"id": "gen9randombattle-2540454608", "format": "[Gen 9] Random Battle", "players": ["ScarletRoyal", "vbest2"], "log": "|j|☆ScarletRoyal\n|j|☆vbest2\n|t:|1771204070\n|gametype|singles\n|player|p1|ScarletRoyal|mars|1658\n|player|p2|vbest2|1|1608\n|gen|9\n|tier|[Gen 9] Random Battle\n|rated|\n|rule|Species Clause: Limit one of each Pokémon\n|rule|HP Percentage Mod: HP is shown in percentages\n|rule|Sleep Clause Mod: Limit one foe put to sleep\n|rule|Illusion Level Mod: Illusion disguises the Pokémon's true level\n|\n|t:|1771204070\n|teamsize|p1|6\n|teamsize|p2|6\n|start\n|switch|p1a: Pecharunt|Pecharunt, L77|262/262\n|switch|p2a: Iron Hands|Iron Hands, L79|373/373\n|turn|1\n|\n|t:|1771204118\n|move|p1a: Pecharunt|Malignant Chain|p2a: Iron Hands\n|-damage|p2a: Iron Hands|295/373\n|-status|p2a: Iron Hands|tox\n|-start|p2a: Iron Hands|confusion|[from] ability: Poison Puppeteer|[of] p1a: Pecharunt\n|-activate|p2a: Iron Hands|confusion\n|-damage|p2a: Iron Hands|266/373 tox|[from] confusion\n|\n|-damage|p2a: Iron Hands|243/373 tox|[from] psn\n|upkeep\n|turn|2\n|\n|t:|1771204134\n|move|p1a: Pecharunt|Parting Shot|p2a: Iron Hands\n|-unboost|p2a: Iron Hands|atk|1\n|-unboost|p2a: Iron Hands|spa|1\n|\n|t:|1771204139\n|switch|p1a: Samurott|Samurott-Hisui, L77, F|265/265|[from] Parting Shot\n|-activate|p2a: Iron Hands|confusion\n|-damage|p2a: Iron Hands|223/373 tox|[from] confusion\n|\n|-damage|p2a: Iron Hands|177/373 tox|[from] psn\n|upkeep\n|turn|3\n|\n|t:|1771204148\n|move|p1a: Samurott|Ceaseless Edge|p2a: Iron Hands\n|-resisted|p2a: Iron Hands\n|-damage|p2a: Iron Hands|126/373 tox\n|-sidestart|p2: vbest2|Spikes\n|-damage|p1a: Samurott|239/265|[from] item: Life Orb\n|-activate|p2a: Iron Hands|confusion\n|-damage|p2a: Iron Hands|104/373 tox|[from] confusion\n|\n|-damage|p2a: Iron Hands|35/373 tox|[from] psn\n|upkeep\n|turn|4\n|\n|t:|1771204157\n|move|p1a: Samurott|Ceaseless Edge|p2a: Iron Hands\n|-resisted|p2a: Iron Hands\n|-damage|p2a: Iron Hands|0 fnt\n|-sidestart|p2: vbest2|Spikes\n|faint|p2a: Iron Hands\n|-end|p2a: Iron Hands|Quark Drive|[silent]\n|-damage|p1a: Samurott|213/265|[from] item: Life Orb\n|\n|upkeep\n|\n|t:|1771204161\n|switch|p2a: Tatsugiri|Tatsugiri, L87, M|260/260\n|turn|5\n|\n|t:|1771204166\n|move|p2a: Tatsugiri|Nasty Plot|p2a: Tatsugiri\n|-boost|p2a: Tatsugiri|spa|2\n|move|p1a: Samurott|Ceaseless Edge|p2a: Tatsugiri\n|-damage|p2a: Tatsugiri|108/260\n|-sidestart|p2: vbest2|Spikes\n|-damage|p1a: Samurott|187/265|[from] item: Life Orb\n|\n|upkeep\n|turn|6\n|\n|t:|1771204174\n|move|p2a: Tatsugiri|Draco Meteor|p1a: Samurott\n|-damage|p1a: Samurott|0 fnt\n|-unboost|p2a: Tatsugiri|spa|2\n|faint|p1a: Samurott\n|\n|upkeep\n|\n|t:|1771204198\n|switch|p1a: Scream Tail|Scream Tail, L84|330/330\n|turn|7\n|\n|t:|1771204204\n|move|p1a: Scream Tail|Dazzling Gleam|p2a: Tatsugiri\n|-supereffective|p2a: Tatsugiri\n|-damage|p2a: Tatsugiri|0 fnt\n|faint|p2a: Tatsugiri\n|\n|upkeep\n|\n|t:|1771204215\n|switch|p2a: Magnezone|Magnezone, L85|258/258\n|-damage|p2a: Magnezone|194/258|[from] Spikes\n|turn|8\n|\n|t:|1771204223\n|-end|p1a: Scream Tail|Protosynthesis|[silent]\n|switch|p1a: Groudon|Groudon, L72|263/263\n|-weather|SunnyDay|[from] ability: Drought|[of] p1a: Groudon\n|move|p2a: Magnezone|Iron Defense|p2a: Magnezone\n|-boost|p2a: Magnezone|def|2\n|\n|-weather|SunnyDay|[upkeep]\n|-heal|p2a: Magnezone|210/258|[from] item: Leftovers\n|upkeep\n|turn|9\n|\n|t:|1771204235\n|-terastallize|p2a: Magnezone|Fighting\n|move|p1a: Groudon|Precipice Blades|p2a: Magnezone\n|-damage|p2a: Magnezone|158/258\n|move|p2a: Magnezone|Iron Defense|p2a: Magnezone\n|-boost|p2a: Magnezone|def|2\n|\n|-weather|SunnyDay|[upkeep]\n|-heal|p2a: Magnezone|174/258|[from] item: Leftovers\n|upkeep\n|turn|10\n|\n|t:|1771204253\n|move|p1a: Groudon|Stealth Rock|p2a: Magnezone\n|-sidestart|p2: vbest2|move: Stealth Rock\n|move|p2a: Magnezone|Body Press|p1a: Groudon\n|-damage|p1a: Groudon|0 fnt\n|faint|p1a: Groudon\n|\n|-weather|SunnyDay|[upkeep]\n|-heal|p2a: Magnezone|190/258|[from] item: Leftovers\n|upkeep\n|\n|t:|1771204259\n|switch|p1a: Pelipper|Pelipper, L86, F|243/243\n|-weather|RainDance|[from] ability: Drizzle|[of] p1a: Pelipper\n|turn|11\n|\n|t:|1771204265\n|move|p1a: Pelipper|Weather Ball|p2a: Magnezone\n|-damage|p2a: Magnezone|0 fnt\n|faint|p2a: Magnezone\n|\n|-weather|RainDance|[upkeep]\n|upkeep\n|\n|t:|1771204273\n|switch|p2a: Arboliva|Arboliva, L91, M|288/288\n|-damage|p2a: Arboliva|216/288|[from] Spikes\n|-damage|p2a: Arboliva|180/288|[from] Stealth Rock\n|turn|12\n|\n|t:|1771204282\n|switch|p1a: Pecharunt|Pecharunt, L77|262/262\n|move|p2a: Arboliva|Leech Seed|p1a: Pecharunt\n|-start|p1a: Pecharunt|move: Leech Seed\n|\n|-weather|RainDance|[upkeep]\n|-damage|p1a: Pecharunt|230/262|[from] Leech Seed|[of] p2a: Arboliva\n|-heal|p2a: Arboliva|212/288|[silent]\n|upkeep\n|turn|13\n|\n|t:|1771204288\n|move|p2a: Arboliva|Protect|p2a: Arboliva\n|-singleturn|p2a: Arboliva|Protect\n|move|p1a: Pecharunt|Malignant Chain|p2a: Arboliva\n|-activate|p2a: Arboliva|move: Protect\n|\n|-weather|RainDance|[upkeep]\n|-damage|p1a: Pecharunt|198/262|[from] Leech Seed|[of] p2a: Arboliva\n|-heal|p2a: Arboliva|244/288|[silent]\n|upkeep\n|turn|14\n|\n|t:|1771204295\n|move|p1a: Pecharunt|Malignant Chain|p2a: Arboliva\n|-supereffective|p2a: Arboliva\n|-damage|p2a: Arboliva|118/288\n|-enditem|p2a: Arboliva|Sitrus Berry|[eat]\n|-heal|p2a: Arboliva|190/288|[from] item: Sitrus Berry\n|move|p2a: Arboliva|Substitute|p2a: Arboliva\n|-start|p2a: Arboliva|Substitute\n|-damage|p2a: Arboliva|118/288\n|\n|-weather|RainDance|[upkeep]\n|-damage|p1a: Pecharunt|166/262|[from] Leech Seed|[of] p2a: Arboliva\n|-heal|p2a: Arboliva|150/288|[silent]\n|-item|p2a: Arboliva|Sitrus Berry|[from] ability: Harvest\n|upkeep\n|turn|15\n|\n|t:|1771204306\n|move|p2a: Arboliva|Protect|p2a: Arboliva\n|-singleturn|p2a: Arboliva|Protect\n|move|p1a: Pecharunt|Recover|p1a: Pecharunt\n|-heal|p1a: Pecharunt|262/262\n|\n|-weather|none\n|-damage|p1a: Pecharunt|230/262|[from] Leech Seed|[of] p2a: Arboliva\n|-heal|p2a: Arboliva|182/288|[silent]\n|upkeep\n|turn|16\n|\n|t:|1771204321\n|move|p1a: Pecharunt|Malignant Chain|p2a: Arboliva\n|-supereffective|p2a: Arboliva\n|-end|p2a: Arboliva|Substitute\n|move|p2a: Arboliva|Substitute|p2a: Arboliva\n|-start|p2a: Arboliva|Substitute\n|-damage|p2a: Arboliva|110/288\n|-enditem|p2a: Arboliva|Sitrus Berry|[eat]\n|-heal|p2a: Arboliva|182/288|[from] item: Sitrus Berry\n|\n|-damage|p1a: Pecharunt|198/262|[from] Leech Seed|[of] p2a: Arboliva\n|-heal|p2a: Arboliva|214/288|[silent]\n|-item|p2a: Arboliva|Sitrus Berry|[from] ability: Harvest\n|upkeep\n|turn|17\n|\n|t:|1771204342\n|move|p2a: Arboliva|Protect|p2a: Arboliva\n|-singleturn|p2a: Arboliva|Protect\n|move|p1a: Pecharunt|Malignant Chain|p2a: Arboliva\n|-activate|p2a: Arboliva|move: Protect\n|\n|-damage|p1a: Pecharunt|166/262|[from] Leech Seed|[of] p2a: Arboliva\n|-heal|p2a: Arboliva|246/288|[silent]\n|upkeep\n|turn|18\n|\n|t:|1771204347\n|move|p1a: Pecharunt|Recover|p1a: Pecharunt\n|-heal|p1a: Pecharunt|262/262\n|move|p2a: Arboliva|Substitute|p2a: Arboliva\n|-fail|p2a: Arboliva|move: Substitute\n|\n|-damage|p1a: Pecharunt|230/262|[from] Leech Seed|[of] p2a: Arboliva\n|-heal|p2a: Arboliva|278/288|[silent]\n|upkeep\n|turn|19\n|\n|t:|1771204377\n|move|p1a: Pecharunt|Shadow Ball|p2a: Arboliva\n|-immune|p2a: Arboliva\n|move|p2a: Arboliva|Substitute|p2a: Arboliva\n|-fail|p2a: Arboliva|move: Substitute\n|\n|-damage|p1a: Pecharunt|198/262|[from] Leech Seed|[of] p2a: Arboliva\n|-heal|p2a: Arboliva|288/288|[silent]\n|upkeep\n|turn|20\n|\n|t:|1771204387\n|move|p1a: Pecharunt|Shadow Ball|p2a: Arboliva\n|-immune|p2a: Arboliva\n|move|p2a: Arboliva|Hyper Voice|p1a: Pecharunt\n|-immune|p1a: Pecharunt\n|\n|-damage|p1a: Pecharunt|166/262|[from] Leech Seed|[of] p2a: Arboliva\n|upkeep\n|turn|21\n|\n|t:|1771204395\n|move|p1a: Pecharunt|Recover|p1a: Pecharunt\n|-heal|p1a: Pecharunt|262/262\n|move|p2a: Arboliva|Leech Seed||[still]\n|-fail|p2a: Arboliva\n|\n|-damage|p1a: Pecharunt|230/262|[from] Leech Seed|[of] p2a: Arboliva\n|upkeep\n|turn|22\n|\n|t:|1771204419\n|switch|p1a: Scream Tail|Scream Tail, L84|330/330\n|move|p2a: Arboliva|Protect||[still]\n|-fail|p2a: Arboliva\n|\n|upkeep\n|turn|23\n|\n|t:|1771204427\n|move|p1a: Scream Tail|Protect|p1a: Scream Tail\n|-singleturn|p1a: Scream Tail|Protect\n|move|p2a: Arboliva|Leech Seed|p1a: Scream Tail\n|-activate|p1a: Scream Tail|move: Protect\n|\n|upkeep\n|turn|24\n|\n|t:|1771204432\n|move|p1a: Scream Tail|Wish|p1a: Scream Tail\n|move|p2a: Arboliva|Leech Seed|p1a: Scream Tail\n|-start|p1a: Scream Tail|move: Leech Seed\n|\n|-damage|p1a: Scream Tail|289/330|[from] Leech Seed|[of] p2a: Arboliva\n|upkeep\n|turn|25\n|\n|t:|1771204438\n|-end|p1a: Scream Tail|Protosynthesis|[silent]\n|switch|p1a: Pecharunt|Pecharunt, L77|230/262\n|move|p2a: Arboliva|Leech Seed|p1a: Pecharunt\n|-start|p1a: Pecharunt|move: Leech Seed\n|\n|-heal|p1a: Pecharunt|262/262|[from] move: Wish|[wisher] Scream Tail\n|-damage|p1a: Pecharunt|230/262|[from] Leech Seed|[of] p2a: Arboliva\n|upkeep\n|turn|26\n|\n|t:|1771204446\n|switch|p1a: Scream Tail|Scream Tail, L84|289/330\n|move|p2a: Arboliva|Substitute|p2a: Arboliva\n|-fail|p2a: Arboliva|move: Substitute\n|\n|-heal|p1a: Scream Tail|309/330|[from] item: Leftovers\n|upkeep\n|turn|27\n|\n|t:|1771204452\n|move|p1a: Scream Tail|Wish|p1a: Scream Tail\n|move|p2a: Arboliva|Hyper Voice|p1a: Scream Tail\n|-damage|p1a: Scream Tail|201/330\n|\n|-heal|p1a: Scream Tail|221/330|[from] item: Leftovers\n|upkeep\n|turn|28\n|\n|t:|1771204458\n|move|p1a: Scream Tail|Protect|p1a: Scream Tail\n|-singleturn|p1a: Scream Tail|Protect\n|move|p2a: Arboliva|Leech Seed|p1a: Scream Tail\n|-activate|p1a: Scream Tail|move: Protect\n|\n|-heal|p1a: Scream Tail|330/330|[from] move: Wish|[wisher] Scream Tail\n|upkeep\n|turn|29\n|\n|t:|1771204469\n|move|p1a: Scream Tail|Wish|p1a: Scream Tail\n|move|p2a: Arboliva|Hyper Voice|p1a: Scream Tail\n|-damage|p1a: Scream Tail|222/330\n|\n|-heal|p1a: Scream Tail|242/330|[from] item: Leftovers\n|upkeep\n|turn|30\n|\n|t:|1771204478\n|switch|p2a: Vivillon|Vivillon-Savanna, L83, M|268/268\n|move|p1a: Scream Tail|Protect||[still]\n|-fail|p1a: Scream Tail\n|\n|-heal|p1a: Scream Tail|330/330|[from] move: Wish|[wisher] Scream Tail\n|upkeep\n|turn|31\n|\n|t:|1771204487\n|move|p1a: Scream Tail|Thunder Wave|p2a: Vivillon|[miss]\n|-miss|p1a: Scream Tail|p2a: Vivillon\n|move|p2a: Vivillon|Quiver Dance|p2a: Vivillon\n|-boost|p2a: Vivillon|spa|1\n|-boost|p2a: Vivillon|spd|1\n|-boost|p2a: Vivillon|spe|1\n|\n|upkeep\n|turn|32\n|\n|t:|1771204491\n|move|p2a: Vivillon|Sleep Powder|p1a: Scream Tail\n|-status|p1a: Scream Tail|slp|[from] move: Sleep Powder\n|cant|p1a: Scream Tail|slp\n|\n|upkeep\n|turn|33\n|\n|t:|1771204507\n|-curestatus|p1a: Scream Tail|slp|[msg]\n|move|p1a: Scream Tail|Protect|p1a: Scream Tail\n|-singleturn|p1a: Scream Tail|Protect\n|move|p2a: Vivillon|Hurricane|p1a: Scream Tail\n|-activate|p1a: Scream Tail|move: Protect\n|\n|upkeep\n|turn|34\n|\n|t:|1771204513\n|move|p2a: Vivillon|Sleep Powder|p1a: Scream Tail\n|-status|p1a: Scream Tail|slp|[from] move: Sleep Powder\n|cant|p1a: Scream Tail|slp\n|\n|upkeep\n|turn|35\n|\n|t:|1771204521\n|-end|p1a: Scream Tail|Protosynthesis|[silent]\n|switch|p1a: Raging Bolt|Raging Bolt, L78|323/323\n|move|p2a: Vivillon|Quiver Dance|p2a: Vivillon\n|-boost|p2a: Vivillon|spa|1\n|-boost|p2a: Vivillon|spd|1\n|-boost|p2a: Vivillon|spe|1\n|\n|upkeep\n|turn|36\n|\n|t:|1771204529\n|move|p2a: Vivillon|Quiver Dance|p2a: Vivillon\n|-boost|p2a: Vivillon|spa|1\n|-boost|p2a: Vivillon|spd|1\n|-boost|p2a: Vivillon|spe|1\n|move|p1a: Raging Bolt|Thunderbolt|p2a: Vivillon\n|-supereffective|p2a: Vivillon\n|-damage|p2a: Vivillon|140/268\n|\n|upkeep\n|turn|37\n|\n|t:|1771204536\n|move|p2a: Vivillon|Hurricane|p1a: Raging Bolt\n|-resisted|p1a: Raging Bolt\n|-damage|p1a: Raging Bolt|175/323\n|move|p1a: Raging Bolt|Thunderbolt|p2a: Vivillon\n|-supereffective|p2a: Vivillon\n|-damage|p2a: Vivillon|18/268\n|\n|-heal|p1a: Raging Bolt|195/323|[from] item: Leftovers\n|upkeep\n|turn|38\n|\n|t:|1771204546\n|move|p1a: Raging Bolt|Thunderclap|p2a: Vivillon\n|-supereffective|p2a: Vivillon\n|-crit|p2a: Vivillon\n|-damage|p2a: Vivillon|0 fnt\n|faint|p2a: Vivillon\n|\n|-heal|p1a: Raging Bolt|215/323|[from] item: Leftovers\n|upkeep\n|\n|t:|1771204562\n|switch|p2a: Arboliva|Arboliva, L91, M|288/288\n|-damage|p2a: Arboliva|216/288|[from] Spikes\n|-damage|p2a: Arboliva|180/288|[from] Stealth Rock\n|turn|39\n|\n|t:|1771204577\n|move|p1a: Raging Bolt|Draco Meteor|p2a: Arboliva\n|-damage|p2a: Arboliva|56/288\n|-unboost|p1a: Raging Bolt|spa|2\n|-enditem|p2a: Arboliva|Sitrus Berry|[eat]\n|-heal|p2a: Arboliva|128/288|[from] item: Sitrus Berry\n|move|p2a: Arboliva|Substitute|p2a: Arboliva\n|-start|p2a: Arboliva|Substitute\n|-damage|p2a: Arboliva|56/288\n|\n|-heal|p1a: Raging Bolt|235/323|[from] item: Leftovers\n|upkeep\n|turn|40\n|\n|t:|1771204587\n|-end|p1a: Raging Bolt|Protosynthesis|[silent]\n|switch|p1a: Pecharunt|Pecharunt, L77|230/262\n|move|p2a: Arboliva|Leech Seed|p1a: Pecharunt\n|-start|p1a: Pecharunt|move: Leech Seed\n|\n|-damage|p1a: Pecharunt|198/262|[from] Leech Seed|[of] p2a: Arboliva\n|-heal|p2a: Arboliva|88/288|[silent]\n|upkeep\n|turn|41\n|\n|t:|1771204595\n|move|p2a: Arboliva|Protect|p2a: Arboliva\n|-singleturn|p2a: Arboliva|Protect\n|move|p1a: Pecharunt|Parting Shot|p2a: Arboliva\n|-activate|p2a: Arboliva|move: Protect\n|\n|-damage|p1a: Pecharunt|166/262|[from] Leech Seed|[of] p2a: Arboliva\n|-heal|p2a: Arboliva|120/288|[silent]\n|upkeep\n|turn|42\n|\n|t:|1771204604\n|move|p1a: Pecharunt|Parting Shot|p2a: Arboliva\n|-unboost|p2a: Arboliva|atk|1\n|-unboost|p2a: Arboliva|spa|1\n|\n|t:|1771204609\n|switch|p1a: Scream Tail|Scream Tail, L84|330/330 slp|[from] Parting Shot\n|move|p2a: Arboliva|Substitute|p2a: Arboliva\n|-fail|p2a: Arboliva|move: Substitute\n|\n|upkeep\n|turn|43\n|\n|t:|1771204620\n|cant|p1a: Scream Tail|slp\n|move|p2a: Arboliva|Leech Seed|p1a: Scream Tail\n|-start|p1a: Scream Tail|move: Leech Seed\n|\n|-damage|p1a: Scream Tail|289/330 slp|[from] Leech Seed|[of] p2a: Arboliva\n|-heal|p2a: Arboliva|161/288|[silent]\n|upkeep\n|turn|44\n|\n|t:|1771204624\n|cant|p1a: Scream Tail|slp\n|move|p2a: Arboliva|Hyper Voice|p1a: Scream Tail\n|-damage|p1a: Scream Tail|220/330 slp\n|\n|-heal|p1a: Scream Tail|240/330 slp|[from] item: Leftovers\n|-damage|p1a: Scream Tail|199/330 slp|[from] Leech Seed|[of] p2a: Arboliva\n|-heal|p2a: Arboliva|202/288|[silent]\n|upkeep\n|turn|45\n|\n|t:|1771204636\n|-curestatus|p1a: Scream Tail|slp|[msg]\n|move|p1a: Scream Tail|Wish|p1a: Scream Tail\n|move|p2a: Arboliva|Hyper Voice|p1a: Scream Tail\n|-damage|p1a: Scream Tail|132/330\n|\n|-heal|p1a: Scream Tail|152/330|[from] item: Leftovers\n|-damage|p1a: Scream Tail|111/330|[from] Leech Seed|[of] p2a: Arboliva\n|-heal|p2a: Arboliva|243/288|[silent]\n|-item|p2a: Arboliva|Sitrus Berry|[from] ability: Harvest\n|upkeep\n|turn|46\n|\n|t:|1771204659\n|move|p1a: Scream Tail|Protect|p1a: Scream Tail\n|-singleturn|p1a: Scream Tail|Protect\n|move|p2a: Arboliva|Protect||[still]\n|-fail|p2a: Arboliva\n|\n|-heal|p1a: Scream Tail|276/330|[from] move: Wish|[wisher] Scream Tail\n|-heal|p1a: Scream Tail|296/330|[from] item: Leftovers\n|-damage|p1a: Scream Tail|255/330|[from] Leech Seed|[of] p2a: Arboliva\n|-heal|p2a: Arboliva|284/288|[silent]\n|upkeep\n|turn|47\n|\n|t:|1771204668\n|move|p1a: Scream Tail|Wish|p1a: Scream Tail\n|move|p2a: Arboliva|Hyper Voice|p1a: Scream Tail\n|-crit|p1a: Scream Tail\n|-damage|p1a: Scream Tail|98/330\n|\n|-heal|p1a: Scream Tail|118/330|[from] item: Leftovers\n|-damage|p1a: Scream Tail|77/330|[from] Leech Seed|[of] p2a: Arboliva\n|-heal|p2a: Arboliva|288/288|[silent]\n|upkeep\n|turn|48\n|\n|t:|1771204676\n|move|p1a: Scream Tail|Protect|p1a: Scream Tail\n|-singleturn|p1a: Scream Tail|Protect\n|move|p2a: Arboliva|Hyper Voice|p1a: Scream Tail\n|-activate|p1a: Scream Tail|move: Protect\n|\n|-heal|p1a: Scream Tail|242/330|[from] move: Wish|[wisher] Scream Tail\n|-heal|p1a: Scream Tail|262/330|[from] item: Leftovers\n|-damage|p1a: Scream Tail|221/330|[from] Leech Seed|[of] p2a: Arboliva\n|upkeep\n|turn|49\n|\n|t:|1771204686\n|-end|p1a: Scream Tail|Protosynthesis|[silent]\n|switch|p1a: Pecharunt|Pecharunt, L77|166/262\n|move|p2a: Arboliva|Hyper Voice|p1a: Pecharunt\n|-immune|p1a: Pecharunt\n|\n|upkeep\n|turn|50\n|\n|t:|1771204698\n|move|p1a: Pecharunt|Recover|p1a: Pecharunt\n|-heal|p1a: Pecharunt|262/262\n|move|p2a: Arboliva|Leech Seed|p1a: Pecharunt\n|-start|p1a: Pecharunt|move: Leech Seed\n|\n|-damage|p1a: Pecharunt|230/262|[from] Leech Seed|[of] p2a: Arboliva\n|upkeep\n|turn|51\n|\n|t:|1771204706\n|switch|p1a: Scream Tail|Scream Tail, L84|221/330\n|move|p2a: Arboliva|Hyper Voice|p1a: Scream Tail\n|-damage|p1a: Scream Tail|148/330\n|\n|-heal|p1a: Scream Tail|168/330|[from] item: Leftovers\n|upkeep\n|turn|52\n|\n|t:|1771204710\n|-end|p1a: Scream Tail|Protosynthesis|[silent]\n|switch|p1a: Pecharunt|Pecharunt, L77|230/262\n|move|p2a: Arboliva|Leech Seed|p1a: Pecharunt\n|-start|p1a: Pecharunt|move: Leech Seed\n|\n|-damage|p1a: Pecharunt|198/262|[from] Leech Seed|[of] p2a: Arboliva\n|upkeep\n|turn|53\n|\n|t:|1771204721\n|switch|p1a: Scream Tail|Scream Tail, L84|168/330\n|move|p2a: Arboliva|Substitute|p2a: Arboliva\n|-fail|p2a: Arboliva|move: Substitute\n|\n|-heal|p1a: Scream Tail|188/330|[from] item: Leftovers\n|upkeep\n|turn|54\n|\n|t:|1771204733\n|move|p1a: Scream Tail|Wish|p1a: Scream Tail\n|move|p2a: Arboliva|Leech Seed|p1a: Scream Tail\n|-start|p1a: Scream Tail|move: Leech Seed\n|\n|-heal|p1a: Scream Tail|208/330|[from] item: Leftovers\n|-damage|p1a: Scream Tail|167/330|[from] Leech Seed|[of] p2a: Arboliva\n|upkeep\n|turn|55\n|\n|t:|1771204759\n|move|p1a: Scream Tail|Protect|p1a: Scream Tail\n|-singleturn|p1a: Scream Tail|Protect\n|move|p2a: Arboliva|Protect||[still]\n|-fail|p2a: Arboliva\n|\n|-heal|p1a: Scream Tail|330/330|[from] move: Wish|[wisher] Scream Tail\n|-damage|p1a: Scream Tail|289/330|[from] Leech Seed|[of] p2a: Arboliva\n|upkeep\n|turn|56\n|\n|t:|1771204767\n|-end|p1a: Scream Tail|Protosynthesis|[silent]\n|switch|p1a: Pecharunt|Pecharunt, L77|198/262\n|move|p2a: Arboliva|Hyper Voice|p1a: Pecharunt\n|-immune|p1a: Pecharunt\n|\n|upkeep\n|turn|57\n|\n|t:|1771204773\n|switch|p2a: Koraidon|Koraidon, L64|235/235\n|-damage|p2a: Koraidon|177/235|[from] Spikes\n|-damage|p2a: Koraidon|163/235|[from] Stealth Rock\n|-weather|SunnyDay|[from] ability: Orichalcum Pulse|[of] p2a: Koraidon\n|-activate|p2a: Koraidon|Orichalcum Pulse|[source]\n|move|p1a: Pecharunt|Parting Shot|p2a: Koraidon\n|-unboost|p2a: Koraidon|atk|1\n|-unboost|p2a: Koraidon|spa|1\n|\n|t:|1771204782\n|switch|p1a: Scream Tail|Scream Tail, L84|289/330|[from] Parting Shot\n|-activate|p1a: Scream Tail|ability: Protosynthesis\n|-start|p1a: Scream Tail|protosynthesisspd\n|\n|-weather|SunnyDay|[upkeep]\n|-heal|p1a: Scream Tail|309/330|[from] item: Leftovers\n|upkeep\n|turn|58\n|-message|vbest2 forfeited.\n|\n|win|ScarletRoyal\n|raw|ScarletRoyal's rating: 1658 &rarr; <strong>1675</strong><br />(+17 for winning)\n|raw|vbest2's rating: 1608 &rarr; <strong>1591</strong><br />(-17 for losing)\n|l|☆vbest2\n|player|p2|\n", "inputlog": ">version 686819e5e19f8a7fd2345cfc5a08a5085efa2cc3\n>start {\"formatid\":\"gen9randombattle\",\"seed\":\"sodium,a92b1d6c8ea90f5cc19211c679c2a822\",\"rated\":\"Rated battle\"}\n>player p1 {\"name\":\"ScarletRoyal\",\"avatar\":\"mars\",\"rating\":1658,\"seed\":\"sodium,6f0788dc29eb9e323d6203b8f7335c24\"}\n>player p2 {\"name\":\"vbest2\",\"avatar\":\"1\",\"rating\":1608,\"seed\":\"sodium,1c56071308d2c2248173e1faeb45ba44\"}\n>p1 move malignantchain\n>p2 move voltswitch\n>p1 move partingshot\n>p2 move voltswitch\n>p1 switch 5\n>p1 move ceaselessedge\n>p2 move closecombat\n>p1 move ceaselessedge\n>p2 move closecombat\n>p2 switch 5\n>p1 move ceaselessedge\n>p2 move nastyplot\n>p1 move sacredsword\n>p2 move dracometeor\n>p1 switch 3\n>p1 move dazzlinggleam\n>p2 move rapidspin\n>p2 switch 3\n>p1 switch 4\n>p2 move irondefense\n>p1 move precipiceblades\n>p2 move irondefense terastallize\n>p1 move stealthrock\n>p2 move bodypress\n>p1 switch 6\n>p1 move weatherball\n>p2 move thunderbolt\n>p2 switch 4\n>p1 switch 5\n>p2 move leechseed\n>p1 move malignantchain\n>p2 move protect\n>p1 move malignantchain\n>p2 move substitute\n>p1 move recover\n>p2 move protect\n>p1 move malignantchain\n>p2 move substitute\n>p1 move malignantchain\n>p2 move protect\n>p1 move recover\n>p2 move substitute\n>p1 move shadowball\n>p2 move substitute\n>p1 move shadowball\n>p2 move hypervoice\n>p1 move recover\n>p2 move leechseed\n>p1 switch 4\n>p2 move protect\n>p1 move protect\n>p2 move leechseed\n>p1 move wish\n>p2 move leechseed\n>p1 switch 4\n>p2 move leechseed\n>p1 switch 4\n>p2 move substitute\n>p1 move wish\n>p2 move hypervoice\n>p1 move protect\n>p2 move leechseed\n>p1 move wish\n>p2 move hypervoice\n>p1 move protect\n>p2 switch 6\n>p1 move thunderwave\n>p2 move quiverdance\n>p1 move thunderwave\n>p2 move sleeppowder\n>p1 move protect\n>p2 move hurricane\n>p1 move thunderwave\n>p2 move sleeppowder\n>p1 switch 2\n>p2 move quiverdance\n>p1 move thunderbolt\n>p2 move quiverdance\n>p1 move thunderbolt\n>p2 move hurricane\n>p1 move thunderclap\n>p2 move hurricane\n>p2 switch 6\n>p1 move dracometeor\n>p2 move substitute\n>p1 switch 4\n>p2 move leechseed\n>p1 move partingshot\n>p2 move protect\n>p1 move partingshot\n>p2 move substitute\n>p1 switch 2\n>p1 move wish\n>p2 move leechseed\n>p1 move wish\n>p2 move hypervoice\n>p1 move wish\n>p2 move hypervoice\n>p1 move protect\n>p2 move protect\n>p1 move wish\n>p2 move hypervoice\n>p1 move protect\n>p2 move hypervoice\n>p1 switch 2\n>p2 move hypervoice\n>p1 move recover\n>p2 move leechseed\n>p1 switch 2\n>p2 move hypervoice\n>p1 switch 2\n>p2 move leechseed\n>p1 switch 2\n>p2 move substitute\n>p1 move wish\n>p2 move leechseed\n>p1 move protect\n>p2 move protect\n>p1 switch 2\n>p2 move hypervoice\n>p1 move partingshot\n>p2 switch 2\n>p1 switch 2\n>forcelose p2", "uploadtime": 1771204815, "views": 9, "formatid": "gen9randombattle", "rating": 1591, "private": 0, "password": null}