{"id": "gen9randombattle-2540112630", "format": "[Gen 9] Random Battle", "players": ["Docxyclaque", "Axtell"], "log": "|j|☆Docxyclaque\n|j|☆Axtell\n|t:|1771163756\n|gametype|singles\n|player|p1|Docxyclaque|bugsy|1844\n|player|p2|Axtell|cynthia|1886\n|gen|9\n|tier|[Gen 9] Random Battle\n|rated|\n|rule|Species Clause: Limit one of each Pokémon\n|rule|HP Percentage Mod: HP is shown in percentages\n|rule|Sleep Clause Mod: Limit one foe put to sleep\n|rule|Illusion Level Mod: Illusion disguises the Pokémon's true level\n|\n|t:|1771163756\n|teamsize|p1|6\n|teamsize|p2|6\n|start\n|switch|p1a: Whimsicott|Whimsicott, L84, M|238/238\n|switch|p2a: Munkidori|Munkidori, L79, M|269/269\n|turn|1\n|inactive|Battle timer is ON: inactive players will automatically lose when time's up. (requested by Axtell)\n|\n|t:|1771163764\n|move|p1a: Whimsicott|U-turn|p2a: Munkidori\n|-damage|p2a: Munkidori|216/269\n|\n|t:|1771163777\n|switch|p1a: Meowstic|Meowstic, L89, M|277/277|[from] U-turn\n|move|p2a: Munkidori|Sludge Wave|p1a: Meowstic\n|-damage|p1a: Meowstic|111/277\n|\n|upkeep\n|turn|2\n|\n|t:|1771163781\n|move|p1a: Meowstic|Light Screen|p1a: Meowstic\n|-sidestart|p1: Docxyclaque|move: Light Screen\n|move|p2a: Munkidori|Sludge Wave|p1a: Meowstic\n|-damage|p1a: Meowstic|30/277\n|\n|upkeep\n|turn|3\n|inactive|Docxyclaque has 120 seconds left.\n|c|☆Axtell|🥱\n|inactive|Docxyclaque has 90 seconds left.\n|\n|t:|1771163869\n|switch|p2a: Mandibuzz|Mandibuzz, L85, F|326/326\n|move|p1a: Meowstic|Reflect|p1a: Meowstic\n|-sidestart|p1: Docxyclaque|Reflect\n|\n|upkeep\n|turn|4\n|\n|t:|1771163875\n|move|p1a: Meowstic|Alluring Voice|p2a: Mandibuzz\n|-supereffective|p2a: Mandibuzz\n|-damage|p2a: Mandibuzz|214/326\n|move|p2a: Mandibuzz|Defog|p1a: Meowstic\n|-unboost|p1a: Meowstic|evasion|1\n|-sideend|p1: Docxyclaque|Reflect\n|-sideend|p1: Docxyclaque|move: Light Screen\n|\n|upkeep\n|turn|5\n|\n|t:|1771163889\n|switch|p1a: Whimsicott|Whimsicott, L84, M|238/238\n|move|p2a: Mandibuzz|Roost|p2a: Mandibuzz\n|-heal|p2a: Mandibuzz|326/326\n|-singleturn|p2a: Mandibuzz|move: Roost\n|\n|upkeep\n|turn|6\n|\n|t:|1771163894\n|switch|p2a: Vileplume|Vileplume, L85, F|266/266\n|move|p1a: Whimsicott|Moonblast|p2a: Vileplume\n|-resisted|p2a: Vileplume\n|-damage|p2a: Vileplume|225/266\n|\n|-heal|p2a: Vileplume|241/266|[from] item: Leftovers\n|upkeep\n|turn|7\n|inactive|Docxyclaque has 90 seconds left.\n|\n|t:|1771163907\n|move|p1a: Whimsicott|U-turn|p2a: Vileplume\n|-damage|p2a: Vileplume|201/266\n|\n|t:|1771163911\n|switch|p1a: Mismagius|Mismagius, L86, M|243/243|[from] U-turn\n|move|p2a: Vileplume|Sludge Bomb|p1a: Mismagius\n|-resisted|p1a: Mismagius\n|-damage|p1a: Mismagius|195/243\n|\n|-heal|p1a: Mismagius|210/243|[from] item: Leftovers\n|-heal|p2a: Vileplume|217/266|[from] item: Leftovers\n|upkeep\n|turn|8\n|\n|t:|1771163916\n|move|p1a: Mismagius|Nasty Plot|p1a: Mismagius\n|-boost|p1a: Mismagius|spa|2\n|move|p2a: Vileplume|Sleep Powder|p1a: Mismagius\n|-status|p1a: Mismagius|slp|[from] move: Sleep Powder\n|\n|-heal|p1a: Mismagius|225/243 slp|[from] item: Leftovers\n|-heal|p2a: Vileplume|233/266|[from] item: Leftovers\n|upkeep\n|turn|9\n|\n|t:|1771163927\n|switch|p2a: Mandibuzz|Mandibuzz, L85, F|326/326\n|cant|p1a: Mismagius|slp\n|\n|-heal|p1a: Mismagius|240/243 slp|[from] item: Leftovers\n|upkeep\n|turn|10\n|\n|t:|1771163938\n|cant|p1a: Mismagius|slp\n|move|p2a: Mandibuzz|Foul Play|p1a: Mismagius\n|-supereffective|p1a: Mismagius\n|-damage|p1a: Mismagius|106/243 slp\n|\n|-heal|p1a: Mismagius|121/243 slp|[from] item: Leftovers\n|upkeep\n|turn|11\n|\n|t:|1771163948\n|-terastallize|p1a: Mismagius|Fighting\n|-curestatus|p1a: Mismagius|slp|[msg]\n|move|p1a: Mismagius|Substitute|p1a: Mismagius\n|-start|p1a: Mismagius|Substitute\n|-damage|p1a: Mismagius|61/243\n|move|p2a: Mandibuzz|Foul Play|p1a: Mismagius\n|-resisted|p1a: Mismagius\n|-activate|p1a: Mismagius|move: Substitute|[damage]\n|\n|-heal|p1a: Mismagius|76/243|[from] item: Leftovers\n|upkeep\n|turn|12\n|\n|t:|1771163956\n|move|p1a: Mismagius|Tera Blast|p2a: Mandibuzz|[anim] Tera Blast Fighting\n|-damage|p2a: Mandibuzz|137/326\n|move|p2a: Mandibuzz|U-turn|p1a: Mismagius\n|-resisted|p1a: Mismagius\n|-activate|p1a: Mismagius|move: Substitute|[damage]\n|\n|t:|1771163983\n|switch|p2a: Jirachi|Jirachi, L80|291/291|[from] U-turn\n|\n|-heal|p1a: Mismagius|91/243|[from] item: Leftovers\n|upkeep\n|turn|13\n|inactive|Docxyclaque has 120 seconds left.\n|inactive|Axtell has 120 seconds left.\n|\n|t:|1771164012\n|-terastallize|p2a: Jirachi|Water\n|move|p1a: Mismagius|Shadow Ball|p2a: Jirachi\n|-damage|p2a: Jirachi|111/291\n|move|p2a: Jirachi|Iron Head|p1a: Mismagius\n|-end|p1a: Mismagius|Substitute\n|\n|-heal|p1a: Mismagius|106/243|[from] item: Leftovers\n|-heal|p2a: Jirachi|129/291|[from] item: Leftovers\n|upkeep\n|turn|14\n|inactive|Axtell has 120 seconds left.\n|\n|t:|1771164023\n|move|p1a: Mismagius|Shadow Ball|p2a: Jirachi\n|-damage|p2a: Jirachi|0 fnt\n|faint|p2a: Jirachi\n|\n|-heal|p1a: Mismagius|121/243|[from] item: Leftovers\n|upkeep\n|\n|t:|1771164024\n|switch|p2a: Altaria|Altaria, L89, M|278/278\n|turn|15\n|\n|t:|1771164035\n|move|p1a: Mismagius|Shadow Ball|p2a: Altaria\n|-damage|p2a: Altaria|133/278\n|move|p2a: Altaria|Brave Bird|p1a: Mismagius\n|-supereffective|p1a: Mismagius\n|-damage|p1a: Mismagius|0 fnt\n|faint|p1a: Mismagius\n|-damage|p2a: Altaria|93/278|[from] Recoil\n|\n|upkeep\n|\n|t:|1771164045\n|switch|p1a: Whimsicott|Whimsicott, L84, M|238/238\n|turn|16\n|\n|t:|1771164051\n|switch|p2a: Duraludon|Duraludon, L82, M|249/249\n|move|p1a: Whimsicott|Moonblast|p2a: Duraludon\n|-damage|p2a: Duraludon|170/249\n|\n|upkeep\n|turn|17\n|\n|t:|1771164056\n|switch|p1a: Meowstic|Meowstic, L89, M|30/277\n|move|p2a: Duraludon|Flash Cannon|p1a: Meowstic\n|-damage|p1a: Meowstic|0 fnt\n|faint|p1a: Meowstic\n|\n|upkeep\n|\n|t:|1771164059\n|switch|p1a: Quaquaval|Quaquaval, L79, M|264/264\n|turn|18\n|\n|t:|1771164066\n|switch|p2a: Vileplume|Vileplume, L85, F|233/266\n|move|p1a: Quaquaval|Close Combat|p2a: Vileplume\n|-resisted|p2a: Vileplume\n|-damage|p2a: Vileplume|162/266\n|-unboost|p1a: Quaquaval|def|1\n|-unboost|p1a: Quaquaval|spd|1\n|-status|p1a: Quaquaval|slp|[from] ability: Effect Spore|[of] p2a: Vileplume\n|\n|-heal|p2a: Vileplume|178/266|[from] item: Leftovers\n|upkeep\n|turn|19\n|\n|t:|1771164074\n|switch|p1a: Altaria|Altaria, L89, F|278/278\n|move|p2a: Vileplume|Giga Drain|p1a: Altaria\n|-resisted|p1a: Altaria\n|-damage|p1a: Altaria|259/278\n|-heal|p2a: Vileplume|188/266|[from] drain|[of] p1a: Altaria\n|\n|-heal|p2a: Vileplume|204/266|[from] item: Leftovers\n|upkeep\n|turn|20\n|\n|t:|1771164084\n|switch|p2a: Mandibuzz|Mandibuzz, L85, F|137/326\n|move|p1a: Altaria|Earthquake|p2a: Mandibuzz\n|-immune|p2a: Mandibuzz\n|\n|upkeep\n|turn|21\n|\n|t:|1771164091\n|switch|p1a: Tsareena|Tsareena, L87, F|267/267\n|move|p2a: Mandibuzz|Roost|p2a: Mandibuzz\n|-heal|p2a: Mandibuzz|300/326\n|-singleturn|p2a: Mandibuzz|move: Roost\n|\n|upkeep\n|turn|22\n|\n|t:|1771164095\n|move|p2a: Mandibuzz|U-turn|p1a: Tsareena\n|-supereffective|p1a: Tsareena\n|-damage|p1a: Tsareena|195/267\n|\n|t:|1771164098\n|switch|p2a: Altaria|Altaria, L89, M|93/278|[from] U-turn\n|move|p1a: Tsareena|Triple Axel|p2a: Altaria\n|-supereffective|p2a: Altaria\n|-damage|p2a: Altaria|0 fnt\n|faint|p2a: Altaria\n|-hitcount|p2: Altaria|1\n|\n|upkeep\n|\n|t:|1771164102\n|switch|p2a: Munkidori|Munkidori, L79, M|216/269\n|turn|23\n|\n|t:|1771164116\n|switch|p1a: Altaria|Altaria, L89, F|259/278\n|move|p2a: Munkidori|Sludge Wave|p1a: Altaria\n|-damage|p1a: Altaria|130/278\n|\n|upkeep\n|turn|24\n|\n|t:|1771164123\n|move|p2a: Munkidori|Sludge Wave|p1a: Altaria\n|-damage|p1a: Altaria|0 fnt\n|faint|p1a: Altaria\n|\n|upkeep\n|\n|t:|1771164128\n|switch|p1a: Whimsicott|Whimsicott, L84, M|238/238\n|turn|25\n|\n|t:|1771164130\n|move|p1a: Whimsicott|Stun Spore|p2a: Munkidori|[miss]\n|-miss|p1a: Whimsicott|p2a: Munkidori\n|move|p2a: Munkidori|Sludge Wave|p1a: Whimsicott\n|-supereffective|p1a: Whimsicott\n|-damage|p1a: Whimsicott|0 fnt\n|faint|p1a: Whimsicott\n|\n|upkeep\n|\n|t:|1771164145\n|switch|p1a: Tsareena|Tsareena, L87, F|195/267\n|turn|26\n|\n|t:|1771164149\n|move|p2a: Munkidori|Sludge Wave|p1a: Tsareena\n|-supereffective|p1a: Tsareena\n|-damage|p1a: Tsareena|0 fnt\n|faint|p1a: Tsareena\n|\n|upkeep\n|\n|t:|1771164151\n|switch|p1a: Quaquaval|Quaquaval, L79, M|264/264 slp\n|turn|27\n|\n|t:|1771164152\n|move|p2a: Munkidori|Sludge Wave|p1a: Quaquaval\n|-crit|p1a: Quaquaval\n|-damage|p1a: Quaquaval|0 fnt\n|faint|p1a: Quaquaval\n|\n|win|Axtell\n|raw|Docxyclaque's rating: 1844 &rarr; <strong>1826</strong><br />(-18 for losing)\n|raw|Axtell's rating: 1886 &rarr; <strong>1904</strong><br />(+18 for winning)\n", "inputlog": ">version 686819e5e19f8a7fd2345cfc5a08a5085efa2cc3\n>start {\"formatid\":\"gen9randombattle\",\"seed\":\"sodium,d49e1b006e42502066b69b458896ba3e\",\"rated\":\"Rated battle\"}\n>player p1 {\"name\":\"Docxyclaque\",\"avatar\":\"bugsy\",\"rating\":1844,\"seed\":\"sodium,7c01e352f1e84ee53aebf2e379d8737d\"}\n>player p2 {\"name\":\"Axtell\",\"avatar\":\"cynthia\",\"rating\":1886,\"seed\":\"sodium,46eb02e6617f971d66f95d09335533a8\"}\n>p1 move uturn\n>p2 move sludgewave\n>p1 switch 5\n>p1 move lightscreen\n>p2 move sludgewave\n>chat ☆Axtell|🥱\n>p1 move reflect\n>p2 switch 2\n>p1 move alluringvoice\n>p2 move defog\n>p1 switch 5\n>p2 move roost\n>p1 move moonblast\n>p2 switch 6\n>p1 move uturn\n>p2 move sludgebomb\n>p1 switch 2\n>p1 move nastyplot\n>p2 move sleeppowder\n>p1 move shadowball\n>p2 switch 6\n>p1 move substitute\n>p2 move foulplay\n>p1 move substitute terastallize\n>p2 move foulplay\n>p1 move terablast\n>p2 move uturn\n>p2 switch 3\n>p1 move shadowball\n>p2 move ironhead terastallize\n>p1 move shadowball\n>p2 move ironhead\n>p2 switch 4\n>p1 move shadowball\n>p2 move bravebird\n>p1 switch 2\n>p1 move moonblast\n>p2 switch 5\n>p1 switch 5\n>p2 move flashcannon\n>p1 switch 3\n>p1 move closecombat\n>p2 switch 6\n>p1 switch 4\n>p2 move gigadrain\n>p1 move earthquake\n>p2 switch 3\n>p1 switch 6\n>p2 move roost\n>p1 move tripleaxel\n>p2 move uturn\n>p2 switch 5\n>p2 switch 2\n>p1 switch 6\n>p2 move sludgewave\n>p1 move earthquake\n>p2 move sludgewave\n>p1 switch 5\n>p1 move stunspore\n>p2 move sludgewave\n>p1 switch 6\n>p1 move tripleaxel\n>p2 move sludgewave\n>p1 switch 4\n>p1 move aquastep\n>p2 move sludgewave", "uploadtime": 1771164156, "views": 12, "formatid": "gen9randombattle", "rating": 1826, "private": 0, "password": null}