{"id": "gen9randombattle-2540426405", "format": "[Gen 9] Random Battle", "players": ["Firebro2026", "rogash"], "log": "|j|☆Firebro2026\n|j|☆rogash\n|t:|1771200586\n|gametype|singles\n|player|p1|Firebro2026|benga|1554\n|player|p2|rogash|1|1571\n|gen|9\n|tier|[Gen 9] Random Battle\n|rated|\n|rule|Species Clause: Limit one of each Pokémon\n|rule|HP Percentage Mod: HP is shown in percentages\n|rule|Sleep Clause Mod: Limit one foe put to sleep\n|rule|Illusion Level Mod: Illusion disguises the Pokémon's true level\n|\n|t:|1771200586\n|teamsize|p1|6\n|teamsize|p2|6\n|start\n|switch|p1a: Ho-Oh|Ho-Oh, L71|268/268\n|switch|p2a: Chesnaught|Chesnaught, L84, M|285/285\n|turn|1\n|inactive|Battle timer is ON: inactive players will automatically lose when time's up. (requested by Firebro2026)\n|\n|t:|1771200629\n|switch|p2a: Eternatus|Eternatus, L69|308/308\n|-ability|p2a: Eternatus|Pressure\n|move|p1a: Ho-Oh|Brave Bird|p2a: Eternatus\n|-damage|p2a: Eternatus|173/308\n|-damage|p1a: Ho-Oh|223/268|[from] Recoil\n|\n|-heal|p2a: Eternatus|192/308|[from] item: Leftovers\n|upkeep\n|turn|2\n|\n|t:|1771200634\n|move|p2a: Eternatus|Recover|p2a: Eternatus\n|-heal|p2a: Eternatus|308/308\n|move|p1a: Ho-Oh|Earthquake|p2a: Eternatus\n|-supereffective|p2a: Eternatus\n|-damage|p2a: Eternatus|160/308\n|\n|-heal|p2a: Eternatus|179/308|[from] item: Leftovers\n|upkeep\n|turn|3\n|\n|t:|1771200645\n|move|p2a: Eternatus|Sludge Bomb|p1a: Ho-Oh\n|-crit|p1a: Ho-Oh\n|-damage|p1a: Ho-Oh|127/268\n|-status|p1a: Ho-Oh|psn\n|move|p1a: Ho-Oh|Earthquake|p2a: Eternatus\n|-supereffective|p2a: Eternatus\n|-damage|p2a: Eternatus|31/308\n|\n|-heal|p2a: Eternatus|50/308|[from] item: Leftovers\n|-damage|p1a: Ho-Oh|94/268 psn|[from] psn\n|upkeep\n|turn|4\n|\n|t:|1771200656\n|switch|p1a: Munkidori|Munkidori, L79, M|269/269\n|move|p2a: Eternatus|Recover|p2a: Eternatus\n|-heal|p2a: Eternatus|204/308\n|\n|-heal|p2a: Eternatus|223/308|[from] item: Leftovers\n|upkeep\n|turn|5\n|\n|t:|1771200672\n|switch|p2a: Wo-Chien|Wo-Chien, L83|277/277\n|-ability|p2a: Wo-Chien|Tablets of Ruin\n|move|p1a: Munkidori|Nasty Plot|p1a: Munkidori\n|-boost|p1a: Munkidori|spa|2\n|\n|upkeep\n|turn|6\n|\n|t:|1771200679\n|move|p1a: Munkidori|Sludge Wave|p2a: Wo-Chien\n|-supereffective|p2a: Wo-Chien\n|-damage|p2a: Wo-Chien|0 fnt\n|faint|p2a: Wo-Chien\n|-damage|p1a: Munkidori|243/269|[from] item: Life Orb\n|\n|upkeep\n|\n|t:|1771200695\n|switch|p2a: Eternatus|Eternatus, L69|223/308\n|-ability|p2a: Eternatus|Pressure\n|turn|7\n|\n|t:|1771200712\n|move|p2a: Eternatus|Dynamax Cannon|p1a: Munkidori\n|-damage|p1a: Munkidori|144/269\n|move|p1a: Munkidori|Psyshock|p2a: Eternatus\n|-supereffective|p2a: Eternatus\n|-damage|p2a: Eternatus|0 fnt\n|faint|p2a: Eternatus\n|-damage|p1a: Munkidori|118/269|[from] item: Life Orb\n|\n|upkeep\n|\n|t:|1771200730\n|switch|p2a: Reshiram|Reshiram, L76|277/277\n|-ability|p2a: Reshiram|Turboblaze\n|turn|8\n|\n|t:|1771200741\n|move|p1a: Munkidori|Psyshock|p2a: Reshiram\n|-damage|p2a: Reshiram|50/277\n|-damage|p1a: Munkidori|92/269|[from] item: Life Orb\n|move|p2a: Reshiram|Dragon Dance|p2a: Reshiram\n|-boost|p2a: Reshiram|atk|1\n|-boost|p2a: Reshiram|spe|1\n|\n|upkeep\n|turn|9\n|\n|t:|1771200749\n|switch|p1a: Quagsire|Quagsire, L84, F|297/297\n|move|p2a: Reshiram|Flare Blitz|p1a: Quagsire\n|-resisted|p1a: Quagsire\n|-damage|p1a: Quagsire|198/297\n|-damage|p2a: Reshiram|17/277|[from] Recoil\n|\n|-heal|p1a: Quagsire|216/297|[from] item: Leftovers\n|upkeep\n|turn|10\n|\n|t:|1771200757\n|move|p2a: Reshiram|Outrage|p1a: Quagsire\n|-damage|p1a: Quagsire|12/297\n|move|p1a: Quagsire|Recover|p1a: Quagsire\n|-heal|p1a: Quagsire|161/297\n|\n|-heal|p1a: Quagsire|179/297|[from] item: Leftovers\n|upkeep\n|turn|11\n|\n|t:|1771200769\n|switch|p1a: Glaceon|Glaceon, L94, F|275/275\n|move|p2a: Reshiram|Outrage|p1a: Glaceon|[from] lockedmove\n|-damage|p1a: Glaceon|122/275\n|-start|p2a: Reshiram|confusion|[fatigue]\n|\n|upkeep\n|turn|12\n|\n|t:|1771200781\n|-activate|p2a: Reshiram|confusion\n|move|p2a: Reshiram|Outrage|p1a: Glaceon\n|-damage|p1a: Glaceon|0 fnt\n|faint|p1a: Glaceon\n|\n|upkeep\n|\n|t:|1771200790\n|switch|p1a: Zebstrika|Zebstrika, L87, M|272/272\n|turn|13\n|\n|t:|1771200793\n|-end|p2a: Reshiram|confusion\n|move|p2a: Reshiram|Outrage|p1a: Zebstrika|[from] lockedmove\n|-damage|p1a: Zebstrika|53/272\n|-start|p2a: Reshiram|confusion|[fatigue]\n|move|p1a: Zebstrika|Volt Switch|p2a: Reshiram\n|-resisted|p2a: Reshiram\n|-damage|p2a: Reshiram|0 fnt\n|faint|p2a: Reshiram\n|-damage|p1a: Zebstrika|26/272|[from] item: Life Orb\n|\n|t:|1771200800\n|switch|p1a: Munkidori|Munkidori, L79, M|92/269|[from] Volt Switch\n|\n|upkeep\n|\n|t:|1771200805\n|switch|p2a: Passimian|Passimian, L83, F|302/302\n|turn|14\n|\n|t:|1771200815\n|move|p1a: Munkidori|Psyshock|p2a: Passimian\n|-supereffective|p2a: Passimian\n|-damage|p2a: Passimian|73/302\n|-damage|p1a: Munkidori|66/269|[from] item: Life Orb\n|move|p2a: Passimian|Knock Off|p1a: Munkidori\n|-supereffective|p1a: Munkidori\n|-damage|p1a: Munkidori|0 fnt\n|-enditem|p1a: Munkidori|Life Orb|[from] move: Knock Off|[of] p2a: Passimian\n|faint|p1a: Munkidori\n|\n|upkeep\n|\n|t:|1771200827\n|switch|p1a: Zebstrika|Zebstrika, L87, M|26/272\n|turn|15\n|\n|t:|1771200834\n|switch|p2a: Chesnaught|Chesnaught, L84, M|285/285\n|move|p1a: Zebstrika|Volt Switch|p2a: Chesnaught\n|-resisted|p2a: Chesnaught\n|-damage|p2a: Chesnaught|234/285\n|-damage|p1a: Zebstrika|0 fnt|[from] item: Life Orb\n|faint|p1a: Zebstrika\n|\n|-heal|p2a: Chesnaught|251/285|[from] item: Leftovers\n|upkeep\n|\n|t:|1771200837\n|switch|p1a: Ho-Oh|Ho-Oh, L71|183/268 psn\n|turn|16\n|\n|t:|1771200844\n|switch|p2a: Dondozo|Dondozo, L78, F|362/362\n|move|p1a: Ho-Oh|Sacred Fire|p2a: Dondozo\n|-resisted|p2a: Dondozo\n|-damage|p2a: Dondozo|323/362\n|\n|-heal|p2a: Dondozo|345/362|[from] item: Leftovers\n|-damage|p1a: Ho-Oh|150/268 psn|[from] psn\n|upkeep\n|turn|17\n|\n|t:|1771200850\n|switch|p1a: Quagsire|Quagsire, L84, F|179/297\n|move|p2a: Dondozo|Curse|p2a: Dondozo\n|-unboost|p2a: Dondozo|spe|1\n|-boost|p2a: Dondozo|atk|1\n|-boost|p2a: Dondozo|def|1\n|\n|-heal|p1a: Quagsire|197/297|[from] item: Leftovers\n|-heal|p2a: Dondozo|362/362|[from] item: Leftovers\n|upkeep\n|turn|18\n|\n|t:|1771200856\n|move|p1a: Quagsire|Toxic|p2a: Dondozo\n|-status|p2a: Dondozo|tox\n|move|p2a: Dondozo|Wave Crash|p1a: Quagsire\n|-damage|p1a: Quagsire|80/297\n|-damage|p2a: Dondozo|323/362 tox|[from] Recoil\n|\n|-heal|p1a: Quagsire|98/297|[from] item: Leftovers\n|-heal|p2a: Dondozo|345/362 tox|[from] item: Leftovers\n|-damage|p2a: Dondozo|323/362 tox|[from] psn\n|upkeep\n|turn|19\n|\n|t:|1771200866\n|move|p1a: Quagsire|Recover|p1a: Quagsire\n|-heal|p1a: Quagsire|247/297\n|move|p2a: Dondozo|Wave Crash|p1a: Quagsire\n|-damage|p1a: Quagsire|126/297\n|-damage|p2a: Dondozo|283/362 tox|[from] Recoil\n|\n|-heal|p1a: Quagsire|144/297|[from] item: Leftovers\n|-heal|p2a: Dondozo|305/362 tox|[from] item: Leftovers\n|-damage|p2a: Dondozo|261/362 tox|[from] psn\n|upkeep\n|turn|20\n|\n|t:|1771200874\n|move|p1a: Quagsire|Recover|p1a: Quagsire\n|-heal|p1a: Quagsire|293/297\n|move|p2a: Dondozo|Wave Crash|p1a: Quagsire\n|-damage|p1a: Quagsire|170/297\n|-damage|p2a: Dondozo|220/362 tox|[from] Recoil\n|\n|-heal|p1a: Quagsire|188/297|[from] item: Leftovers\n|-heal|p2a: Dondozo|242/362 tox|[from] item: Leftovers\n|-damage|p2a: Dondozo|176/362 tox|[from] psn\n|upkeep\n|turn|21\n|\n|t:|1771200882\n|move|p1a: Quagsire|Earthquake|p2a: Dondozo\n|-damage|p2a: Dondozo|92/362 tox\n|move|p2a: Dondozo|Rest|p2a: Dondozo\n|-status|p2a: Dondozo|slp|[from] move: Rest\n|-heal|p2a: Dondozo|362/362 slp|[silent]\n|\n|-heal|p1a: Quagsire|206/297|[from] item: Leftovers\n|upkeep\n|turn|22\n|\n|t:|1771200888\n|move|p1a: Quagsire|Earthquake|p2a: Dondozo\n|-crit|p2a: Dondozo\n|-damage|p2a: Dondozo|227/362 slp\n|cant|p2a: Dondozo|slp\n|move|p2a: Dondozo|Sleep Talk|p2a: Dondozo\n|move|p2a: Dondozo|Curse|p2a: Dondozo|[from] move: Sleep Talk\n|-unboost|p2a: Dondozo|spe|1\n|-boost|p2a: Dondozo|atk|1\n|-boost|p2a: Dondozo|def|1\n|\n|-heal|p1a: Quagsire|224/297|[from] item: Leftovers\n|-heal|p2a: Dondozo|249/362 slp|[from] item: Leftovers\n|upkeep\n|turn|23\n|\n|t:|1771200894\n|move|p1a: Quagsire|Earthquake|p2a: Dondozo\n|-damage|p2a: Dondozo|158/362 slp\n|cant|p2a: Dondozo|slp\n|move|p2a: Dondozo|Sleep Talk|p2a: Dondozo\n|move|p2a: Dondozo|Curse|p2a: Dondozo|[from] move: Sleep Talk\n|-unboost|p2a: Dondozo|spe|1\n|-boost|p2a: Dondozo|atk|1\n|-boost|p2a: Dondozo|def|1\n|\n|-heal|p1a: Quagsire|242/297|[from] item: Leftovers\n|-heal|p2a: Dondozo|180/362 slp|[from] item: Leftovers\n|upkeep\n|turn|24\n|\n|t:|1771200905\n|move|p1a: Quagsire|Earthquake|p2a: Dondozo\n|-damage|p2a: Dondozo|99/362 slp\n|-curestatus|p2a: Dondozo|slp|[msg]\n|move|p2a: Dondozo|Rest|p2a: Dondozo\n|-status|p2a: Dondozo|slp|[from] move: Rest\n|-heal|p2a: Dondozo|362/362 slp|[silent]\n|\n|-heal|p1a: Quagsire|260/297|[from] item: Leftovers\n|upkeep\n|turn|25\n|\n|t:|1771200912\n|move|p1a: Quagsire|Earthquake|p2a: Dondozo\n|-damage|p2a: Dondozo|286/362 slp\n|cant|p2a: Dondozo|slp\n|move|p2a: Dondozo|Sleep Talk|p2a: Dondozo\n|move|p2a: Dondozo|Curse|p2a: Dondozo|[from] move: Sleep Talk\n|-unboost|p2a: Dondozo|spe|1\n|-boost|p2a: Dondozo|atk|1\n|-boost|p2a: Dondozo|def|1\n|\n|-heal|p1a: Quagsire|278/297|[from] item: Leftovers\n|-heal|p2a: Dondozo|308/362 slp|[from] item: Leftovers\n|upkeep\n|turn|26\n|\n|t:|1771200920\n|move|p1a: Quagsire|Earthquake|p2a: Dondozo\n|-damage|p2a: Dondozo|224/362 slp\n|cant|p2a: Dondozo|slp\n|move|p2a: Dondozo|Sleep Talk|p2a: Dondozo\n|move|p2a: Dondozo|Rest||[from] move: Sleep Talk|[still]\n|-fail|p2a: Dondozo\n|\n|-heal|p1a: Quagsire|296/297|[from] item: Leftovers\n|-heal|p2a: Dondozo|246/362 slp|[from] item: Leftovers\n|upkeep\n|turn|27\n|\n|t:|1771200939\n|move|p1a: Quagsire|Earthquake|p2a: Dondozo\n|-damage|p2a: Dondozo|161/362 slp\n|-curestatus|p2a: Dondozo|slp|[msg]\n|move|p2a: Dondozo|Wave Crash|p1a: Quagsire\n|-damage|p1a: Quagsire|170/297\n|-damage|p2a: Dondozo|119/362|[from] Recoil\n|\n|-heal|p1a: Quagsire|188/297|[from] item: Leftovers\n|-heal|p2a: Dondozo|141/362|[from] item: Leftovers\n|upkeep\n|turn|28\n|\n|t:|1771200949\n|move|p1a: Quagsire|Earthquake|p2a: Dondozo\n|-damage|p2a: Dondozo|54/362\n|move|p2a: Dondozo|Rest|p2a: Dondozo\n|-status|p2a: Dondozo|slp|[from] move: Rest\n|-heal|p2a: Dondozo|362/362 slp|[silent]\n|\n|-heal|p1a: Quagsire|206/297|[from] item: Leftovers\n|upkeep\n|turn|29\n|\n|t:|1771200959\n|move|p1a: Quagsire|Ice Beam|p2a: Dondozo\n|-resisted|p2a: Dondozo\n|-damage|p2a: Dondozo|330/362 slp\n|cant|p2a: Dondozo|slp\n|move|p2a: Dondozo|Sleep Talk|p2a: Dondozo\n|move|p2a: Dondozo|Rest||[from] move: Sleep Talk|[still]\n|-fail|p2a: Dondozo\n|\n|-heal|p1a: Quagsire|224/297|[from] item: Leftovers\n|-heal|p2a: Dondozo|352/362 slp|[from] item: Leftovers\n|upkeep\n|turn|30\n|\n|t:|1771200967\n|move|p1a: Quagsire|Ice Beam|p2a: Dondozo\n|-resisted|p2a: Dondozo\n|-damage|p2a: Dondozo|322/362 slp\n|cant|p2a: Dondozo|slp\n|move|p2a: Dondozo|Sleep Talk|p2a: Dondozo\n|move|p2a: Dondozo|Rest||[from] move: Sleep Talk|[still]\n|-fail|p2a: Dondozo\n|\n|-heal|p1a: Quagsire|242/297|[from] item: Leftovers\n|-heal|p2a: Dondozo|344/362 slp|[from] item: Leftovers\n|upkeep\n|turn|31\n|\n|t:|1771200974\n|move|p1a: Quagsire|Ice Beam|p2a: Dondozo\n|-resisted|p2a: Dondozo\n|-damage|p2a: Dondozo|313/362 slp\n|-curestatus|p2a: Dondozo|slp|[msg]\n|move|p2a: Dondozo|Wave Crash|p1a: Quagsire\n|-damage|p1a: Quagsire|134/297\n|-damage|p2a: Dondozo|277/362|[from] Recoil\n|\n|-heal|p1a: Quagsire|152/297|[from] item: Leftovers\n|-heal|p2a: Dondozo|299/362|[from] item: Leftovers\n|upkeep\n|turn|32\n|\n|t:|1771200985\n|move|p1a: Quagsire|Toxic|p2a: Dondozo\n|-status|p2a: Dondozo|tox\n|move|p2a: Dondozo|Wave Crash|p1a: Quagsire\n|-damage|p1a: Quagsire|29/297\n|-damage|p2a: Dondozo|258/362 tox|[from] Recoil\n|\n|-heal|p1a: Quagsire|47/297|[from] item: Leftovers\n|-heal|p2a: Dondozo|280/362 tox|[from] item: Leftovers\n|-damage|p2a: Dondozo|258/362 tox|[from] psn\n|upkeep\n|turn|33\n|\n|t:|1771200997\n|switch|p1a: Slaking|Slaking, L84, F|389/389\n|move|p2a: Dondozo|Wave Crash|p1a: Slaking\n|-damage|p1a: Slaking|106/389\n|-damage|p2a: Dondozo|165/362 tox|[from] Recoil\n|\n|-heal|p2a: Dondozo|187/362 tox|[from] item: Leftovers\n|-damage|p2a: Dondozo|143/362 tox|[from] psn\n|upkeep\n|turn|34\n|\n|t:|1771201006\n|move|p1a: Slaking|Giga Impact|p2a: Dondozo\n|-damage|p2a: Dondozo|44/362 tox\n|-mustrecharge|p1a: Slaking\n|move|p2a: Dondozo|Rest|p2a: Dondozo\n|-status|p2a: Dondozo|slp|[from] move: Rest\n|-heal|p2a: Dondozo|362/362 slp|[silent]\n|\n|upkeep\n|turn|35\n|\n|t:|1771201013\n|cant|p1a: Slaking|recharge\n|cant|p2a: Dondozo|slp\n|move|p2a: Dondozo|Sleep Talk|p2a: Dondozo\n|move|p2a: Dondozo|Wave Crash|p1a: Slaking|[from] move: Sleep Talk\n|-damage|p1a: Slaking|0 fnt\n|faint|p1a: Slaking\n|-damage|p2a: Dondozo|327/362 slp|[from] Recoil\n|\n|-heal|p2a: Dondozo|349/362 slp|[from] item: Leftovers\n|upkeep\n|\n|t:|1771201019\n|switch|p1a: Ho-Oh|Ho-Oh, L71|239/268 psn\n|turn|36\n|\n|t:|1771201025\n|move|p1a: Ho-Oh|Brave Bird|p2a: Dondozo\n|-damage|p2a: Dondozo|316/362 slp\n|-damage|p1a: Ho-Oh|228/268 psn|[from] Recoil\n|cant|p2a: Dondozo|slp\n|move|p2a: Dondozo|Sleep Talk|p2a: Dondozo\n|move|p2a: Dondozo|Curse|p2a: Dondozo|[from] move: Sleep Talk\n|-unboost|p2a: Dondozo|spe|1\n|-boost|p2a: Dondozo|atk|1\n|-boost|p2a: Dondozo|def|1\n|\n|-heal|p2a: Dondozo|338/362 slp|[from] item: Leftovers\n|-damage|p1a: Ho-Oh|195/268 psn|[from] psn\n|upkeep\n|turn|37\n|\n|t:|1771201039\n|move|p1a: Ho-Oh|Brave Bird|p2a: Dondozo\n|-damage|p2a: Dondozo|307/362 slp\n|-damage|p1a: Ho-Oh|185/268 psn|[from] Recoil\n|-curestatus|p2a: Dondozo|slp|[msg]\n|move|p2a: Dondozo|Wave Crash|p1a: Ho-Oh\n|-supereffective|p1a: Ho-Oh\n|-damage|p1a: Ho-Oh|0 fnt\n|faint|p1a: Ho-Oh\n|-damage|p2a: Dondozo|246/362|[from] Recoil\n|\n|-heal|p2a: Dondozo|268/362|[from] item: Leftovers\n|upkeep\n|\n|t:|1771201046\n|switch|p1a: Quagsire|Quagsire, L84, F|47/297\n|turn|38\n|\n|t:|1771201049\n|move|p1a: Quagsire|Recover|p1a: Quagsire\n|-heal|p1a: Quagsire|196/297\n|move|p2a: Dondozo|Wave Crash|p1a: Quagsire\n|-damage|p1a: Quagsire|78/297\n|-damage|p2a: Dondozo|229/362|[from] Recoil\n|\n|-heal|p1a: Quagsire|96/297|[from] item: Leftovers\n|-heal|p2a: Dondozo|251/362|[from] item: Leftovers\n|upkeep\n|turn|39\n|\n|t:|1771201055\n|move|p1a: Quagsire|Recover|p1a: Quagsire\n|-heal|p1a: Quagsire|245/297\n|move|p2a: Dondozo|Wave Crash|p1a: Quagsire\n|-damage|p1a: Quagsire|124/297\n|-damage|p2a: Dondozo|211/362|[from] Recoil\n|\n|-heal|p1a: Quagsire|142/297|[from] item: Leftovers\n|-heal|p2a: Dondozo|233/362|[from] item: Leftovers\n|upkeep\n|turn|40\n|\n|t:|1771201065\n|move|p1a: Quagsire|Recover|p1a: Quagsire\n|-heal|p1a: Quagsire|291/297\n|move|p2a: Dondozo|Wave Crash|p1a: Quagsire\n|-damage|p1a: Quagsire|182/297\n|-damage|p2a: Dondozo|197/362|[from] Recoil\n|\n|-heal|p1a: Quagsire|200/297|[from] item: Leftovers\n|-heal|p2a: Dondozo|219/362|[from] item: Leftovers\n|upkeep\n|turn|41\n|\n|t:|1771201081\n|move|p1a: Quagsire|Ice Beam|p2a: Dondozo\n|-resisted|p2a: Dondozo\n|-damage|p2a: Dondozo|185/362\n|move|p2a: Dondozo|Wave Crash|p1a: Quagsire\n|-damage|p1a: Quagsire|73/297\n|-damage|p2a: Dondozo|143/362|[from] Recoil\n|\n|-heal|p1a: Quagsire|91/297|[from] item: Leftovers\n|-heal|p2a: Dondozo|165/362|[from] item: Leftovers\n|upkeep\n|turn|42\n|\n|t:|1771201093\n|move|p1a: Quagsire|Recover|p1a: Quagsire\n|-heal|p1a: Quagsire|240/297\n|move|p2a: Dondozo|Wave Crash|p1a: Quagsire\n|-damage|p1a: Quagsire|119/297\n|-damage|p2a: Dondozo|125/362|[from] Recoil\n|\n|-heal|p1a: Quagsire|137/297|[from] item: Leftovers\n|-heal|p2a: Dondozo|147/362|[from] item: Leftovers\n|upkeep\n|turn|43\n|\n|t:|1771201106\n|move|p1a: Quagsire|Ice Beam|p2a: Dondozo\n|-resisted|p2a: Dondozo\n|-damage|p2a: Dondozo|114/362\n|move|p2a: Dondozo|Rest|p2a: Dondozo\n|-status|p2a: Dondozo|slp|[from] move: Rest\n|-heal|p2a: Dondozo|362/362 slp|[silent]\n|\n|-heal|p1a: Quagsire|155/297|[from] item: Leftovers\n|upkeep\n|turn|44\n|\n|t:|1771201114\n|move|p1a: Quagsire|Earthquake|p2a: Dondozo\n|-damage|p2a: Dondozo|277/362 slp\n|cant|p2a: Dondozo|slp\n|move|p2a: Dondozo|Sleep Talk|p2a: Dondozo\n|move|p2a: Dondozo|Rest||[from] move: Sleep Talk|[still]\n|-fail|p2a: Dondozo\n|\n|-heal|p1a: Quagsire|173/297|[from] item: Leftovers\n|-heal|p2a: Dondozo|299/362 slp|[from] item: Leftovers\n|upkeep\n|turn|45\n|\n|t:|1771201120\n|move|p1a: Quagsire|Earthquake|p2a: Dondozo\n|-damage|p2a: Dondozo|214/362 slp\n|cant|p2a: Dondozo|slp\n|move|p2a: Dondozo|Sleep Talk|p2a: Dondozo\n|move|p2a: Dondozo|Rest||[from] move: Sleep Talk|[still]\n|-fail|p2a: Dondozo\n|\n|-heal|p1a: Quagsire|191/297|[from] item: Leftovers\n|-heal|p2a: Dondozo|236/362 slp|[from] item: Leftovers\n|upkeep\n|turn|46\n|\n|t:|1771201127\n|move|p1a: Quagsire|Earthquake|p2a: Dondozo\n|-damage|p2a: Dondozo|148/362 slp\n|-curestatus|p2a: Dondozo|slp|[msg]\n|move|p2a: Dondozo|Wave Crash|p1a: Quagsire\n|-damage|p1a: Quagsire|80/297\n|-damage|p2a: Dondozo|111/362|[from] Recoil\n|\n|-heal|p1a: Quagsire|98/297|[from] item: Leftovers\n|-heal|p2a: Dondozo|133/362|[from] item: Leftovers\n|upkeep\n|turn|47\n|\n|t:|1771201138\n|move|p1a: Quagsire|Recover|p1a: Quagsire\n|-heal|p1a: Quagsire|247/297\n|move|p2a: Dondozo|Rest|p2a: Dondozo\n|-status|p2a: Dondozo|slp|[from] move: Rest\n|-heal|p2a: Dondozo|362/362 slp|[silent]\n|\n|-heal|p1a: Quagsire|265/297|[from] item: Leftovers\n|upkeep\n|turn|48\n|\n|t:|1771201148\n|move|p1a: Quagsire|Ice Beam|p2a: Dondozo\n|-resisted|p2a: Dondozo\n|-damage|p2a: Dondozo|333/362 slp\n|cant|p2a: Dondozo|slp\n|move|p2a: Dondozo|Sleep Talk|p2a: Dondozo\n|move|p2a: Dondozo|Curse|p2a: Dondozo|[from] move: Sleep Talk\n|-unboost|p2a: Dondozo|spe|1\n|-boost|p2a: Dondozo|atk|1\n|-boost|p2a: Dondozo|def|1\n|\n|-heal|p1a: Quagsire|283/297|[from] item: Leftovers\n|-heal|p2a: Dondozo|355/362 slp|[from] item: Leftovers\n|upkeep\n|turn|49\n|\n|t:|1771201158\n|move|p1a: Quagsire|Ice Beam|p2a: Dondozo\n|-resisted|p2a: Dondozo\n|-damage|p2a: Dondozo|324/362 slp\n|cant|p2a: Dondozo|slp\n|move|p2a: Dondozo|Sleep Talk|p2a: Dondozo\n|move|p2a: Dondozo|Rest||[from] move: Sleep Talk|[still]\n|-fail|p2a: Dondozo\n|\n|-heal|p1a: Quagsire|297/297|[from] item: Leftovers\n|-heal|p2a: Dondozo|346/362 slp|[from] item: Leftovers\n|upkeep\n|turn|50\n|\n|t:|1771201165\n|move|p1a: Quagsire|Ice Beam|p2a: Dondozo\n|-resisted|p2a: Dondozo\n|-damage|p2a: Dondozo|313/362 slp\n|-curestatus|p2a: Dondozo|slp|[msg]\n|move|p2a: Dondozo|Wave Crash|p1a: Quagsire\n|-damage|p1a: Quagsire|170/297\n|-damage|p2a: Dondozo|271/362|[from] Recoil\n|\n|-heal|p1a: Quagsire|188/297|[from] item: Leftovers\n|-heal|p2a: Dondozo|293/362|[from] item: Leftovers\n|upkeep\n|turn|51\n|\n|t:|1771201171\n|move|p1a: Quagsire|Ice Beam|p2a: Dondozo\n|-resisted|p2a: Dondozo\n|-crit|p2a: Dondozo\n|-damage|p2a: Dondozo|244/362\n|move|p2a: Dondozo|Wave Crash|p1a: Quagsire\n|-damage|p1a: Quagsire|68/297\n|-damage|p2a: Dondozo|204/362|[from] Recoil\n|\n|-heal|p1a: Quagsire|86/297|[from] item: Leftovers\n|-heal|p2a: Dondozo|226/362|[from] item: Leftovers\n|upkeep\n|turn|52\n|\n|t:|1771201182\n|move|p1a: Quagsire|Ice Beam|p2a: Dondozo\n|-resisted|p2a: Dondozo\n|-crit|p2a: Dondozo\n|-damage|p2a: Dondozo|177/362\n|move|p2a: Dondozo|Rest|p2a: Dondozo\n|-status|p2a: Dondozo|slp|[from] move: Rest\n|-heal|p2a: Dondozo|362/362 slp|[silent]\n|\n|-heal|p1a: Quagsire|104/297|[from] item: Leftovers\n|upkeep\n|turn|53\n|\n|t:|1771201189\n|move|p1a: Quagsire|Ice Beam|p2a: Dondozo\n|-resisted|p2a: Dondozo\n|-damage|p2a: Dondozo|333/362 slp\n|cant|p2a: Dondozo|slp\n|move|p2a: Dondozo|Sleep Talk|p2a: Dondozo\n|move|p2a: Dondozo|Wave Crash|p1a: Quagsire|[from] move: Sleep Talk\n|-damage|p1a: Quagsire|0 fnt\n|faint|p1a: Quagsire\n|-damage|p2a: Dondozo|299/362 slp|[from] Recoil\n|\n|win|rogash\n|raw|Firebro2026's rating: 1554 &rarr; <strong>1535</strong><br />(-19 for losing)\n|raw|rogash's rating: 1571 &rarr; <strong>1590</strong><br />(+19 for winning)\n|l|☆Firebro2026\n|player|p1|\n|c|☆rogash|ggs\n", "inputlog": ">version 686819e5e19f8a7fd2345cfc5a08a5085efa2cc3\n>start {\"formatid\":\"gen9randombattle\",\"seed\":\"sodium,bbe6380f66946e4f7fa063f389f26db2\",\"rated\":\"Rated battle\"}\n>player p1 {\"name\":\"Firebro2026\",\"avatar\":\"benga\",\"rating\":1554,\"seed\":\"sodium,5340f3597fe0c88c4b29881d97598268\"}\n>player p2 {\"name\":\"rogash\",\"avatar\":\"1\",\"rating\":1571,\"seed\":\"sodium,3357b7a720b7a2c2a9b765ddea2560f4\"}\n>p1 move bravebird\n>p2 switch 2\n>p1 move earthquake\n>p2 move recover\n>p1 move earthquake\n>p2 move sludgebomb\n>p1 switch 6\n>p2 move recover\n>p1 move nastyplot\n>p2 switch 5\n>p1 move sludgewave\n>p2 move knockoff\n>p2 switch 5\n>p1 move psyshock\n>p2 move dynamaxcannon\n>p2 switch 3\n>p1 move psyshock\n>p2 move dragondance\n>p1 switch 5\n>p2 move flareblitz\n>p1 move recover\n>p2 move outrage\n>p1 switch 4\n>p2 move outrage\n>p1 move wish\n>p2 move outrage\n>p1 switch 3\n>p1 move voltswitch\n>p2 move outrage\n>p1 switch 5\n>p2 switch 6\n>p1 move psyshock\n>p2 move knockoff\n>p1 switch 5\n>p1 move voltswitch\n>p2 switch 2\n>p1 switch 6\n>p1 move sacredfire\n>p2 switch 4\n>p1 switch 4\n>p2 move curse\n>p1 move toxic\n>p2 move wavecrash\n>p1 move recover\n>p2 move wavecrash\n>p1 move recover\n>p2 move wavecrash\n>p1 move earthquake\n>p2 move rest\n>p1 move earthquake\n>p2 move sleeptalk\n>p1 move earthquake\n>p2 move sleeptalk\n>p1 move earthquake\n>p2 move rest\n>p1 move earthquake\n>p2 move sleeptalk\n>p1 move earthquake\n>p2 move sleeptalk\n>p1 move earthquake\n>p2 move wavecrash\n>p1 move earthquake\n>p2 move rest\n>p1 move icebeam\n>p2 move sleeptalk\n>p1 move icebeam\n>p2 move sleeptalk\n>p1 move icebeam\n>p2 move wavecrash\n>p1 move toxic\n>p2 move wavecrash\n>p1 switch 2\n>p2 move wavecrash\n>p1 move gigaimpact\n>p2 move rest\n>p1 move recharge\n>p2 move sleeptalk\n>p1 switch 4\n>p1 move bravebird\n>p2 move sleeptalk\n>p1 move bravebird\n>p2 move wavecrash\n>p1 switch 2\n>p1 move recover\n>p2 move wavecrash\n>p1 move recover\n>p2 move wavecrash\n>p1 move recover\n>p2 move wavecrash\n>p1 move icebeam\n>p2 move wavecrash\n>p1 move recover\n>p2 move wavecrash\n>p1 move icebeam\n>p2 move rest\n>p1 move earthquake\n>p2 move sleeptalk\n>p1 move earthquake\n>p2 move sleeptalk\n>p1 move earthquake\n>p2 move wavecrash\n>p1 move recover\n>p2 move rest\n>p1 move icebeam\n>p2 move sleeptalk\n>p1 move icebeam\n>p2 move sleeptalk\n>p1 move icebeam\n>p2 move wavecrash\n>p1 move icebeam\n>p2 move wavecrash\n>p1 move icebeam\n>p2 move rest\n>p1 move icebeam\n>p2 move sleeptalk", "uploadtime": 1771201201, "views": 8, "formatid": "gen9randombattle", "rating": 1535, "private": 0, "password": null}