{"id": "gen9randombattle-2540297759", "format": "[Gen 9] Random Battle", "players": ["AaronRodgersMVP5", "manofcheese144"], "log": "|j|☆AaronRodgersMVP5\n|j|☆manofcheese144\n|t:|1771185965\n|gametype|singles\n|player|p1|AaronRodgersMVP5|101|1553\n|player|p2|manofcheese144|266|1530\n|gen|9\n|tier|[Gen 9] Random Battle\n|rated|\n|rule|Species Clause: Limit one of each Pokémon\n|rule|HP Percentage Mod: HP is shown in percentages\n|rule|Sleep Clause Mod: Limit one foe put to sleep\n|rule|Illusion Level Mod: Illusion disguises the Pokémon's true level\n|\n|t:|1771185965\n|teamsize|p1|6\n|teamsize|p2|6\n|start\n|switch|p1a: Luvdisc|Luvdisc, M|247/247\n|switch|p2a: Shiftry|Shiftry, L89, F|305/305\n|turn|1\n|inactive|Battle timer is ON: inactive players will automatically lose when time's up. (requested by manofcheese144)\n|\n|t:|1771186002\n|move|p1a: Luvdisc|Flip Turn|p2a: Shiftry\n|-resisted|p2a: Shiftry\n|-damage|p2a: Shiftry|280/305\n|\n|t:|1771186005\n|switch|p1a: Infernape|Infernape, L82, F|259/259|[from] Flip Turn\n|move|p2a: Shiftry|Knock Off|p1a: Infernape\n|-resisted|p1a: Infernape\n|-damage|p1a: Infernape|190/259\n|-enditem|p1a: Infernape|Life Orb|[from] move: Knock Off|[of] p2a: Shiftry\n|\n|upkeep\n|turn|2\n|\n|t:|1771186015\n|switch|p2a: Raikou|Raikou, L81|278/278\n|-ability|p2a: Raikou|Pressure\n|move|p1a: Infernape|Close Combat|p2a: Raikou\n|-damage|p2a: Raikou|122/278\n|-unboost|p1a: Infernape|def|1\n|-unboost|p1a: Infernape|spd|1\n|\n|-heal|p2a: Raikou|139/278|[from] item: Leftovers\n|upkeep\n|turn|3\n|\n|t:|1771186034\n|switch|p1a: Electrode|Electrode-Hisui, L87|246/246\n|move|p2a: Raikou|Thunderbolt|p1a: Electrode\n|-resisted|p1a: Electrode\n|-damage|p1a: Electrode|218/246\n|\n|-heal|p2a: Raikou|156/278|[from] item: Leftovers\n|upkeep\n|turn|4\n|\n|t:|1771186047\n|switch|p1a: Meloetta|Meloetta, L82|298/298\n|switch|p2a: Ogerpon|Ogerpon-Hearthflame, L74, F|239/239\n|-ability|p2a: Ogerpon|Mold Breaker\n|\n|upkeep\n|turn|5\n|inactive|AaronRodgersMVP5 has 120 seconds left.\n|\n|t:|1771186107\n|move|p2a: Ogerpon|Knock Off|p1a: Meloetta\n|-supereffective|p1a: Meloetta\n|-damage|p1a: Meloetta|110/298\n|-enditem|p1a: Meloetta|Life Orb|[from] move: Knock Off|[of] p2a: Ogerpon\n|move|p1a: Meloetta|Calm Mind|p1a: Meloetta\n|-boost|p1a: Meloetta|spa|1\n|-boost|p1a: Meloetta|spd|1\n|\n|upkeep\n|turn|6\n|\n|t:|1771186115\n|move|p2a: Ogerpon|Ivy Cudgel|p1a: Meloetta|[anim] Ivy Cudgel Fire\n|-damage|p1a: Meloetta|0 fnt\n|faint|p1a: Meloetta\n|\n|upkeep\n|\n|t:|1771186121\n|switch|p1a: Basculegion|Basculegion-F, L83, F|335/335\n|turn|7\n|\n|t:|1771186126\n|move|p2a: Ogerpon|Knock Off|p1a: Basculegion\n|-supereffective|p1a: Basculegion\n|-damage|p1a: Basculegion|157/335\n|-enditem|p1a: Basculegion|Choice Specs|[from] move: Knock Off|[of] p2a: Ogerpon\n|move|p1a: Basculegion|Hydro Pump|p2a: Ogerpon\n|-damage|p2a: Ogerpon|63/239\n|\n|upkeep\n|turn|8\n|\n|t:|1771186143\n|move|p2a: Ogerpon|Horn Leech|p1a: Basculegion\n|-supereffective|p1a: Basculegion\n|-damage|p1a: Basculegion|0 fnt\n|-heal|p2a: Ogerpon|142/239|[from] drain|[of] p1a: Basculegion\n|faint|p1a: Basculegion\n|\n|upkeep\n|-message|AaronRodgersMVP5 forfeited.\n|\n|win|manofcheese144\n|raw|AaronRodgersMVP5's rating: 1553 &rarr; <strong>1532</strong><br />(-21 for losing)\n|raw|manofcheese144's rating: 1530 &rarr; <strong>1551</strong><br />(+21 for winning)\n|l|☆AaronRodgersMVP5\n|player|p1|\n|c|☆manofcheese144|gg\n", "inputlog": ">version 686819e5e19f8a7fd2345cfc5a08a5085efa2cc3\n>start {\"formatid\":\"gen9randombattle\",\"seed\":\"sodium,5ace9efd217c6a843cbf974b79fb46d3\",\"rated\":\"Rated battle\"}\n>player p1 {\"name\":\"AaronRodgersMVP5\",\"avatar\":\"101\",\"rating\":1553,\"seed\":\"sodium,f557f502a124c78fe6a0ae11ae045f4e\"}\n>player p2 {\"name\":\"manofcheese144\",\"avatar\":\"266\",\"rating\":1530,\"seed\":\"sodium,d3770b39833b158a7ce6bcdf11df89f7\"}\n>p1 move flipturn\n>p2 move knockoff\n>p1 switch 2\n>p1 move closecombat\n>p2 switch 5\n>p1 switch 5\n>p2 move thunderbolt\n>p1 switch 3\n>p2 switch 2\n>p1 move calmmind\n>p2 move knockoff\n>p1 move hypervoice\n>p2 move ivycudgel\n>p1 switch 4\n>p1 move hydropump\n>p2 move knockoff\n>p1 move shadowball\n>p2 move hornleech\n>forcelose p1", "uploadtime": 1771186153, "views": 10, "formatid": "gen9randombattle", "rating": 1532, "private": 0, "password": null}