{"id": "gen9randombattle-2540304364", "format": "[Gen 9] Random Battle", "players": ["minitops", "EmeraldBee"], "log": "|j|☆minitops\n|j|☆EmeraldBee\n|t:|1771186660\n|gametype|singles\n|player|p1|minitops|265|1550\n|player|p2|EmeraldBee|nate|1567\n|gen|9\n|tier|[Gen 9] Random Battle\n|rated|\n|rule|Species Clause: Limit one of each Pokémon\n|rule|HP Percentage Mod: HP is shown in percentages\n|rule|Sleep Clause Mod: Limit one foe put to sleep\n|rule|Illusion Level Mod: Illusion disguises the Pokémon's true level\n|\n|t:|1771186661\n|teamsize|p1|6\n|teamsize|p2|6\n|start\n|switch|p1a: Cresselia|Cresselia, L80, F|323/323\n|switch|p2a: Sunflora|Sunflora, F|312/312\n|turn|1\n|inactive|Battle timer is ON: inactive players will automatically lose when time's up. (requested by EmeraldBee)\n|\n|t:|1771186671\n|switch|p2a: Metagross|Metagross, L79|256/256\n|move|p1a: Cresselia|Calm Mind|p1a: Cresselia\n|-boost|p1a: Cresselia|spa|1\n|-boost|p1a: Cresselia|spd|1\n|\n|upkeep\n|turn|2\n|\n|t:|1771186677\n|move|p1a: Cresselia|Thunderbolt|p2a: Metagross\n|-damage|p2a: Metagross|181/256\n|-status|p2a: Metagross|par\n|cant|p2a: Metagross|par\n|\n|upkeep\n|turn|3\n|\n|t:|1771186682\n|move|p1a: Cresselia|Thunderbolt|p2a: Metagross\n|-damage|p2a: Metagross|103/256 par\n|move|p2a: Metagross|Knock Off|p1a: Cresselia\n|-supereffective|p1a: Cresselia\n|-damage|p1a: Cresselia|113/323\n|-enditem|p1a: Cresselia|Leftovers|[from] move: Knock Off|[of] p2a: Metagross\n|\n|upkeep\n|turn|4\n|\n|t:|1771186703\n|move|p1a: Cresselia|Moonlight|p1a: Cresselia\n|-heal|p1a: Cresselia|274/323\n|move|p2a: Metagross|Knock Off|p1a: Cresselia\n|-supereffective|p1a: Cresselia\n|-damage|p1a: Cresselia|138/323\n|\n|upkeep\n|turn|5\n|\n|t:|1771186713\n|switch|p2a: Iron Valiant|Iron Valiant, L78|244/244\n|move|p1a: Cresselia|Moonlight|p1a: Cresselia\n|-heal|p1a: Cresselia|299/323\n|\n|upkeep\n|turn|6\n|\n|t:|1771186718\n|move|p2a: Iron Valiant|Encore|p1a: Cresselia\n|-start|p1a: Cresselia|Encore\n|move|p1a: Cresselia|Moonlight|p1a: Cresselia\n|-heal|p1a: Cresselia|323/323\n|\n|upkeep\n|turn|7\n|\n|t:|1771186723\n|switch|p1a: Rhyperior|Rhyperior, L82, M|323/323\n|move|p2a: Iron Valiant|Knock Off|p1a: Rhyperior\n|-damage|p1a: Rhyperior|245/323\n|-enditem|p1a: Rhyperior|Choice Band|[from] move: Knock Off|[of] p2a: Iron Valiant\n|-damage|p2a: Iron Valiant|220/244|[from] item: Life Orb\n|\n|upkeep\n|turn|8\n|\n|t:|1771186733\n|-end|p2a: Iron Valiant|Quark Drive|[silent]\n|switch|p2a: Rillaboom|Rillaboom, L79, M|288/288\n|-fieldstart|move: Grassy Terrain|[from] ability: Grassy Surge|[of] p2a: Rillaboom\n|move|p1a: Rhyperior|Earthquake|p2a: Rillaboom\n|-resisted|p2a: Rillaboom\n|-damage|p2a: Rillaboom|255/288\n|\n|-heal|p2a: Rillaboom|273/288|[from] Grassy Terrain\n|-heal|p1a: Rhyperior|265/323|[from] Grassy Terrain\n|upkeep\n|turn|9\n|\n|t:|1771186753\n|switch|p1a: Eternatus|Eternatus, L69|308/308\n|-ability|p1a: Eternatus|Pressure\n|move|p2a: Rillaboom|Wood Hammer|p1a: Eternatus\n|-resisted|p1a: Eternatus\n|-damage|p1a: Eternatus|236/308\n|-damage|p2a: Rillaboom|249/288|[from] Recoil\n|\n|-heal|p1a: Eternatus|255/308|[from] Grassy Terrain\n|-heal|p2a: Rillaboom|267/288|[from] Grassy Terrain\n|upkeep\n|turn|10\n|\n|t:|1771186765\n|switch|p2a: Metagross|Metagross, L79|103/256 par\n|move|p1a: Eternatus|Meteor Beam||[still]\n|-prepare|p1a: Eternatus|Meteor Beam\n|-boost|p1a: Eternatus|spa|1\n|-enditem|p1a: Eternatus|Power Herb\n|-anim|p1a: Eternatus|Meteor Beam|p2a: Metagross\n|-resisted|p2a: Metagross\n|-damage|p2a: Metagross|40/256 par\n|\n|-heal|p1a: Eternatus|274/308|[from] Grassy Terrain\n|-heal|p2a: Metagross|56/256 par|[from] Grassy Terrain\n|upkeep\n|turn|11\n|\n|t:|1771186778\n|move|p1a: Eternatus|Fire Blast|p2a: Metagross|[miss]\n|-miss|p1a: Eternatus|p2a: Metagross\n|move|p2a: Metagross|Psychic Fangs|p1a: Eternatus\n|-supereffective|p1a: Eternatus\n|-damage|p1a: Eternatus|0 fnt\n|faint|p1a: Eternatus\n|\n|-heal|p2a: Metagross|72/256 par|[from] Grassy Terrain\n|upkeep\n|\n|t:|1771186792\n|switch|p1a: Weavile|Weavile, L79, F|239/239\n|turn|12\n|\n|t:|1771186804\n|switch|p2a: Whiscash|Whiscash, L88, F|337/337\n|move|p1a: Weavile|Knock Off|p2a: Whiscash\n|-damage|p2a: Whiscash|160/337\n|-enditem|p2a: Whiscash|Leftovers|[from] move: Knock Off|[of] p1a: Weavile\n|\n|-heal|p2a: Whiscash|181/337|[from] Grassy Terrain\n|-fieldend|move: Grassy Terrain\n|upkeep\n|turn|13\n|\n|t:|1771186811\n|switch|p1a: Cresselia|Cresselia, L80, F|323/323\n|move|p2a: Whiscash|Stealth Rock|p1a: Cresselia\n|-sidestart|p1: minitops|move: Stealth Rock\n|\n|upkeep\n|turn|14\n|\n|t:|1771186829\n|switch|p2a: Rillaboom|Rillaboom, L79, M|267/288\n|-fieldstart|move: Grassy Terrain|[from] ability: Grassy Surge|[of] p2a: Rillaboom\n|move|p1a: Cresselia|Psyshock|p2a: Rillaboom\n|-damage|p2a: Rillaboom|204/288\n|\n|-heal|p2a: Rillaboom|222/288|[from] Grassy Terrain\n|upkeep\n|turn|15\n|\n|t:|1771186840\n|move|p1a: Cresselia|Calm Mind|p1a: Cresselia\n|-boost|p1a: Cresselia|spa|1\n|-boost|p1a: Cresselia|spd|1\n|move|p2a: Rillaboom|U-turn|p1a: Cresselia\n|-supereffective|p1a: Cresselia\n|-damage|p1a: Cresselia|191/323\n|\n|t:|1771186848\n|switch|p2a: Toucannon|Toucannon, L88, M|284/284|[from] U-turn\n|\n|upkeep\n|turn|16\n|\n|t:|1771186857\n|-singleturn|p2a: Toucannon|move: Beak Blast\n|move|p1a: Cresselia|Thunderbolt|p2a: Toucannon\n|-supereffective|p2a: Toucannon\n|-damage|p2a: Toucannon|130/284\n|move|p2a: Toucannon|Beak Blast|p1a: Cresselia\n|-damage|p1a: Cresselia|70/323\n|\n|upkeep\n|turn|17\n|\n|t:|1771186868\n|-singleturn|p2a: Toucannon|move: Beak Blast\n|move|p1a: Cresselia|Moonlight|p1a: Cresselia\n|-heal|p1a: Cresselia|231/323\n|move|p2a: Toucannon|Beak Blast|p1a: Cresselia\n|-damage|p1a: Cresselia|107/323\n|\n|upkeep\n|turn|18\n|\n|t:|1771186883\n|-singleturn|p2a: Toucannon|move: Beak Blast\n|move|p1a: Cresselia|Thunderbolt|p2a: Toucannon\n|-supereffective|p2a: Toucannon\n|-damage|p2a: Toucannon|0 fnt\n|faint|p2a: Toucannon\n|\n|-fieldend|move: Grassy Terrain\n|upkeep\n|\n|t:|1771186911\n|switch|p2a: Iron Valiant|Iron Valiant, L78|220/244\n|turn|19\n|\n|t:|1771186914\n|move|p2a: Iron Valiant|Knock Off|p1a: Cresselia\n|-supereffective|p1a: Cresselia\n|-damage|p1a: Cresselia|0 fnt\n|faint|p1a: Cresselia\n|-damage|p2a: Iron Valiant|196/244|[from] item: Life Orb\n|\n|upkeep\n|\n|t:|1771186924\n|switch|p1a: Rhyperior|Rhyperior, L82, M|265/323\n|-damage|p1a: Rhyperior|245/323|[from] Stealth Rock\n|turn|20\n|\n|t:|1771186931\n|-end|p2a: Iron Valiant|Quark Drive|[silent]\n|switch|p2a: Metagross|Metagross, L79|72/256 par\n|move|p1a: Rhyperior|Ice Punch|p2a: Metagross\n|-resisted|p2a: Metagross\n|-crit|p2a: Metagross\n|-damage|p2a: Metagross|29/256 par\n|\n|upkeep\n|turn|21\n|\n|t:|1771186937\n|move|p1a: Rhyperior|Ice Punch|p2a: Metagross\n|-resisted|p2a: Metagross\n|-damage|p2a: Metagross|1/256 par\n|cant|p2a: Metagross|par\n|\n|upkeep\n|turn|22\n|\n|t:|1771186943\n|move|p1a: Rhyperior|Ice Punch|p2a: Metagross\n|-resisted|p2a: Metagross\n|-damage|p2a: Metagross|0 fnt\n|faint|p2a: Metagross\n|\n|upkeep\n|\n|t:|1771186945\n|switch|p2a: Rillaboom|Rillaboom, L79, M|222/288\n|-fieldstart|move: Grassy Terrain|[from] ability: Grassy Surge|[of] p2a: Rillaboom\n|turn|23\n|\n|t:|1771186953\n|move|p2a: Rillaboom|U-turn|p1a: Rhyperior\n|-damage|p1a: Rhyperior|185/323\n|\n|t:|1771186957\n|switch|p2a: Whiscash|Whiscash, L88, F|181/337|[from] U-turn\n|move|p1a: Rhyperior|Ice Punch|p2a: Whiscash\n|-damage|p2a: Whiscash|113/337\n|\n|-heal|p2a: Whiscash|134/337|[from] Grassy Terrain\n|-heal|p1a: Rhyperior|205/323|[from] Grassy Terrain\n|upkeep\n|turn|24\n|\n|t:|1771186966\n|move|p2a: Whiscash|Hydro Pump|p1a: Rhyperior\n|-supereffective|p1a: Rhyperior\n|-damage|p1a: Rhyperior|0 fnt\n|faint|p1a: Rhyperior\n|\n|-heal|p2a: Whiscash|155/337|[from] Grassy Terrain\n|upkeep\n|\n|t:|1771186979\n|switch|p1a: Giratina|Giratina-Origin, L72|335/335\n|-damage|p1a: Giratina|294/335|[from] Stealth Rock\n|turn|25\n|\n|t:|1771186982\n|move|p1a: Giratina|Poltergeist||[still]\n|-fail|p1a: Giratina\n|move|p2a: Whiscash|Ice Beam|p1a: Giratina\n|-supereffective|p1a: Giratina\n|-damage|p1a: Giratina|172/335\n|\n|-heal|p2a: Whiscash|176/337|[from] Grassy Terrain\n|upkeep\n|turn|26\n|\n|t:|1771186992\n|move|p1a: Giratina|Draco Meteor|p2a: Whiscash\n|-damage|p2a: Whiscash|8/337\n|-unboost|p1a: Giratina|spa|2\n|move|p2a: Whiscash|Hydro Pump|p1a: Giratina\n|-resisted|p1a: Giratina\n|-damage|p1a: Giratina|115/335\n|\n|-heal|p2a: Whiscash|29/337|[from] Grassy Terrain\n|upkeep\n|turn|27\n|\n|t:|1771186999\n|move|p1a: Giratina|Shadow Sneak|p2a: Whiscash\n|-damage|p2a: Whiscash|0 fnt\n|faint|p2a: Whiscash\n|\n|-fieldend|move: Grassy Terrain\n|upkeep\n|\n|t:|1771187013\n|switch|p2a: Iron Valiant|Iron Valiant, L78|196/244\n|turn|28\n|\n|t:|1771187021\n|move|p1a: Giratina|Shadow Sneak|p2a: Iron Valiant\n|-damage|p2a: Iron Valiant|148/244\n|move|p2a: Iron Valiant|Moonblast|p1a: Giratina\n|-supereffective|p1a: Giratina\n|-damage|p1a: Giratina|0 fnt\n|faint|p1a: Giratina\n|-damage|p2a: Iron Valiant|124/244|[from] item: Life Orb\n|\n|upkeep\n|\n|t:|1771187026\n|switch|p1a: Weavile|Weavile, L79, F|239/239\n|-damage|p1a: Weavile|180/239|[from] Stealth Rock\n|turn|29\n|l|☆EmeraldBee\n|inactive|EmeraldBee disconnected and has a minute to reconnect!\n|player|p2|\n|inactive|EmeraldBee has 30 seconds to reconnect!\n|j|☆EmeraldBee\n|inactive|EmeraldBee reconnected and has 120 seconds left.\n|player|p2|EmeraldBee|nate|\n|\n|t:|1771187066\n|move|p1a: Weavile|Triple Axel|p2a: Iron Valiant\n|-damage|p2a: Iron Valiant|84/244\n|-damage|p2a: Iron Valiant|9/244\n|-damage|p2a: Iron Valiant|0 fnt\n|faint|p2a: Iron Valiant\n|-end|p2a: Iron Valiant|Quark Drive|[silent]\n|-hitcount|p2: Iron Valiant|3\n|\n|upkeep\n|\n|t:|1771187090\n|switch|p2a: Rillaboom|Rillaboom, L79, M|222/288\n|-fieldstart|move: Grassy Terrain|[from] ability: Grassy Surge|[of] p2a: Rillaboom\n|turn|30\n|\n|t:|1771187096\n|move|p2a: Rillaboom|Grassy Glide|p1a: Weavile\n|-damage|p1a: Weavile|23/239\n|move|p1a: Weavile|Triple Axel|p2a: Rillaboom\n|-supereffective|p2a: Rillaboom\n|-damage|p2a: Rillaboom|156/288\n|-supereffective|p2a: Rillaboom\n|-damage|p2a: Rillaboom|24/288\n|-supereffective|p2a: Rillaboom\n|-damage|p2a: Rillaboom|0 fnt\n|faint|p2a: Rillaboom\n|-hitcount|p2: Rillaboom|3\n|\n|-heal|p1a: Weavile|37/239|[from] Grassy Terrain\n|upkeep\n|\n|t:|1771187105\n|switch|p2a: Sunflora|Sunflora, F|312/312\n|turn|31\n|\n|t:|1771187109\n|-terastallize|p2a: Sunflora|Fire\n|move|p1a: Weavile|Triple Axel|p2a: Sunflora\n|-resisted|p2a: Sunflora\n|-damage|p2a: Sunflora|293/312\n|-resisted|p2a: Sunflora\n|-damage|p2a: Sunflora|255/312\n|-resisted|p2a: Sunflora\n|-damage|p2a: Sunflora|199/312\n|-hitcount|p2a: Sunflora|3\n|move|p2a: Sunflora|Sunny Day|p2a: Sunflora\n|-weather|SunnyDay\n|\n|-weather|SunnyDay|[upkeep]\n|-heal|p1a: Weavile|51/239|[from] Grassy Terrain\n|-heal|p2a: Sunflora|218/312|[from] Grassy Terrain\n|upkeep\n|turn|32\n|\n|t:|1771187119\n|move|p1a: Weavile|Triple Axel|p2a: Sunflora\n|-resisted|p2a: Sunflora\n|-damage|p2a: Sunflora|197/312\n|-resisted|p2a: Sunflora\n|-damage|p2a: Sunflora|158/312\n|-resisted|p2a: Sunflora\n|-damage|p2a: Sunflora|96/312\n|-hitcount|p2a: Sunflora|3\n|move|p2a: Sunflora|Weather Ball|p1a: Weavile\n|-supereffective|p1a: Weavile\n|-damage|p1a: Weavile|0 fnt\n|faint|p1a: Weavile\n|-damage|p2a: Sunflora|65/312|[from] item: Life Orb\n|\n|-weather|SunnyDay|[upkeep]\n|-heal|p2a: Sunflora|84/312|[from] Grassy Terrain\n|upkeep\n|\n|t:|1771187130\n|switch|p1a: Basculegion|Basculegion-F, L83, F|335/335\n|-damage|p1a: Basculegion|294/335|[from] Stealth Rock\n|turn|33\n|\n|t:|1771187137\n|-terastallize|p1a: Basculegion|Water\n|move|p2a: Sunflora|Solar Beam||[still]\n|-prepare|p2a: Sunflora|Solar Beam\n|-anim|p2a: Sunflora|Solar Beam|p1a: Basculegion\n|-supereffective|p1a: Basculegion\n|-damage|p1a: Basculegion|0 fnt\n|faint|p1a: Basculegion\n|-damage|p2a: Sunflora|53/312|[from] item: Life Orb\n|\n|win|EmeraldBee\n|raw|minitops's rating: 1550 &rarr; <strong>1531</strong><br />(-19 for losing)\n|raw|EmeraldBee's rating: 1567 &rarr; <strong>1586</strong><br />(+19 for winning)\n", "inputlog": ">version 686819e5e19f8a7fd2345cfc5a08a5085efa2cc3\n>start {\"formatid\":\"gen9randombattle\",\"seed\":\"sodium,e4b477f4f0eb1b44e2fb5778dab2ec49\",\"rated\":\"Rated battle\"}\n>player p1 {\"name\":\"minitops\",\"avatar\":\"265\",\"rating\":1550,\"seed\":\"sodium,581d4a604a06c997486dce83e5b77572\"}\n>player p2 {\"name\":\"EmeraldBee\",\"avatar\":\"nate\",\"rating\":1567,\"seed\":\"sodium,110682bfd9b027fa5f753e1b6b57b36a\"}\n>p1 move calmmind\n>p2 switch 4\n>p1 move thunderbolt\n>p2 move knockoff\n>p1 move thunderbolt\n>p2 move knockoff\n>p1 move moonlight\n>p2 move knockoff\n>p1 move moonlight\n>p2 switch 5\n>p1 move psyshock\n>p2 move encore\n>p1 switch 2\n>p2 move knockoff\n>p1 move earthquake\n>p2 switch 6\n>p1 switch 5\n>p2 move woodhammer\n>p1 move meteorbeam\n>p2 switch 5\n>p1 move fireblast\n>p2 move psychicfangs\n>p1 switch 6\n>p1 move knockoff\n>p2 switch 2\n>p1 switch 2\n>p2 move stealthrock\n>p1 move psyshock\n>p2 switch 5\n>p1 move calmmind\n>p2 move uturn\n>p2 switch 3\n>p1 move thunderbolt\n>p2 move beakblast\n>p1 move moonlight\n>p2 move beakblast\n>p1 move thunderbolt\n>p2 move beakblast\n>p2 switch 6\n>p1 move psyshock\n>p2 move knockoff\n>p1 switch 5\n>p1 move icepunch\n>p2 switch 2\n>p1 move icepunch\n>p2 move heavyslam\n>p1 move icepunch\n>p2 move earthquake\n>p2 switch 3\n>p1 move icepunch\n>p2 move uturn\n>p2 switch 5\n>p1 move icepunch\n>p2 move hydropump\n>p1 switch 3\n>p1 move poltergeist\n>p2 move icebeam\n>p1 move dracometeor\n>p2 move hydropump\n>p1 move shadowsneak\n>p2 move icebeam\n>p2 switch 2\n>p1 move shadowsneak\n>p2 move moonblast\n>p1 switch 2\n>p1 move tripleaxel\n>p2 move moonblast\n>p2 switch 5\n>p1 move tripleaxel\n>p2 move grassyglide\n>p2 switch 4\n>p1 move tripleaxel\n>p2 move sunnyday terastallize\n>p1 move tripleaxel\n>p2 move weatherball\n>p1 switch 4\n>p1 move wavecrash terastallize\n>p2 move solarbeam", "uploadtime": 1771187142, "views": 11, "formatid": "gen9randombattle", "rating": 1531, "private": 0, "password": null}