{"id": "gen9randombattle-2540668658", "format": "[Gen 9] Random Battle", "players": ["insectassistant", "M4teo010101"], "log": "|j|☆insectassistant\n|j|☆M4teo010101\n|t:|1771237274\n|gametype|singles\n|player|p1|insectassistant|266|1598\n|player|p2|M4teo010101|sycamore-masters|1655\n|gen|9\n|tier|[Gen 9] Random Battle\n|rated|\n|rule|Species Clause: Limit one of each Pokémon\n|rule|HP Percentage Mod: HP is shown in percentages\n|rule|Sleep Clause Mod: Limit one foe put to sleep\n|rule|Illusion Level Mod: Illusion disguises the Pokémon's true level\n|\n|t:|1771237274\n|teamsize|p1|6\n|teamsize|p2|6\n|start\n|switch|p1a: Poliwrath|Poliwrath, L88, M|302/302\n|switch|p2a: Tsareena|Tsareena, L87, F|267/267\n|turn|1\n|inactive|Battle timer is ON: inactive players will automatically lose when time's up. (requested by insectassistant)\n|c|☆M4teo010101|hf\n|inactive|M4teo010101 also wants the timer to be on.\n|\n|t:|1771237282\n|switch|p1a: Mienshao|Mienshao, L83, M|244/244\n|move|p2a: Tsareena|Power Whip|p1a: Mienshao\n|-damage|p1a: Mienshao|21/244\n|\n|upkeep\n|turn|2\n|\n|t:|1771237291\n|switch|p2a: Swalot|Swalot, L90, F|326/326\n|move|p1a: Mienshao|U-turn|p2a: Swalot\n|-resisted|p2a: Swalot\n|-damage|p2a: Swalot|297/326\n|\n|t:|1771237298\n|switch|p1a: Poliwrath|Poliwrath, L88, M|302/302|[from] U-turn\n|\n|-heal|p2a: Swalot|317/326|[from] item: Leftovers\n|upkeep\n|turn|3\n|\n|t:|1771237302\n|move|p2a: Swalot|Swords Dance|p2a: Swalot\n|-boost|p2a: Swalot|atk|2\n|move|p1a: Poliwrath|Circle Throw|p2a: Swalot\n|-resisted|p2a: Swalot\n|-damage|p2a: Swalot|284/326\n|drag|p2a: Tsareena|Tsareena, L87, F|267/267\n|\n|upkeep\n|turn|4\n|\n|t:|1771237316\n|-terastallize|p1a: Poliwrath|Steel\n|move|p2a: Tsareena|Power Whip|p1a: Poliwrath\n|-resisted|p1a: Poliwrath\n|-damage|p1a: Poliwrath|226/302\n|move|p1a: Poliwrath|Close Combat|p2a: Tsareena\n|-damage|p2a: Tsareena|134/267\n|-unboost|p1a: Poliwrath|def|1\n|-unboost|p1a: Poliwrath|spd|1\n|\n|upkeep\n|turn|5\n|\n|t:|1771237325\n|switch|p1a: Mismagius|Mismagius, L86, M|243/243\n|move|p2a: Tsareena|Knock Off|p1a: Mismagius\n|-supereffective|p1a: Mismagius\n|-damage|p1a: Mismagius|11/243\n|-enditem|p1a: Mismagius|Life Orb|[from] move: Knock Off|[of] p2a: Tsareena\n|\n|upkeep\n|turn|6\n|\n|t:|1771237330\n|move|p1a: Mismagius|Shadow Ball|p2a: Tsareena\n|-damage|p2a: Tsareena|82/267\n|move|p2a: Tsareena|Knock Off|p1a: Mismagius\n|-supereffective|p1a: Mismagius\n|-damage|p1a: Mismagius|0 fnt\n|faint|p1a: Mismagius\n|\n|upkeep\n|\n|t:|1771237337\n|switch|p1a: Mienshao|Mienshao, L83, M|102/244\n|turn|7\n|\n|t:|1771237338\n|switch|p2a: Swalot|Swalot, L90, F|284/326\n|move|p1a: Mienshao|U-turn|p2a: Swalot\n|-resisted|p2a: Swalot\n|-damage|p2a: Swalot|255/326\n|\n|t:|1771237343\n|switch|p1a: Poliwrath|Poliwrath, L88, M, tera:Steel|226/302|[from] U-turn\n|\n|-heal|p2a: Swalot|275/326|[from] item: Leftovers\n|upkeep\n|turn|8\n|\n|t:|1771237345\n|move|p1a: Poliwrath|Liquidation|p2a: Swalot\n|-damage|p2a: Swalot|182/326\n|move|p2a: Swalot|Earthquake|p1a: Poliwrath\n|-supereffective|p1a: Poliwrath\n|-damage|p1a: Poliwrath|104/302\n|\n|-heal|p2a: Swalot|202/326|[from] item: Leftovers\n|upkeep\n|turn|9\n|\n|t:|1771237351\n|move|p1a: Poliwrath|Knock Off|p2a: Swalot\n|-damage|p2a: Swalot|135/326\n|-enditem|p2a: Swalot|Leftovers|[from] move: Knock Off|[of] p1a: Poliwrath\n|move|p2a: Swalot|Earthquake|p1a: Poliwrath\n|-supereffective|p1a: Poliwrath\n|-damage|p1a: Poliwrath|0 fnt\n|faint|p1a: Poliwrath\n|\n|upkeep\n|\n|t:|1771237364\n|switch|p1a: Torterra|Torterra, L78, F|276/276\n|turn|10\n|\n|t:|1771237365\n|move|p2a: Swalot|Knock Off|p1a: Torterra\n|-damage|p1a: Torterra|220/276\n|-enditem|p1a: Torterra|Loaded Dice|[from] move: Knock Off|[of] p2a: Swalot\n|move|p1a: Torterra|Shell Smash|p1a: Torterra\n|-unboost|p1a: Torterra|def|1\n|-unboost|p1a: Torterra|spd|1\n|-boost|p1a: Torterra|atk|2\n|-boost|p1a: Torterra|spa|2\n|-boost|p1a: Torterra|spe|2\n|\n|upkeep\n|turn|11\n|\n|t:|1771237372\n|move|p1a: Torterra|Headlong Rush|p2a: Swalot\n|-supereffective|p2a: Swalot\n|-damage|p2a: Swalot|0 fnt\n|-unboost|p1a: Torterra|def|1\n|-unboost|p1a: Torterra|spd|1\n|faint|p2a: Swalot\n|\n|upkeep\n|\n|t:|1771237373\n|switch|p2a: Toucannon|Toucannon, L88, M|284/284\n|turn|12\n|\n|t:|1771237380\n|-singleturn|p2a: Toucannon|move: Beak Blast\n|move|p1a: Torterra|Rock Blast|p2a: Toucannon\n|-supereffective|p2a: Toucannon\n|-damage|p2a: Toucannon|210/284\n|-supereffective|p2a: Toucannon\n|-damage|p2a: Toucannon|132/284\n|-supereffective|p2a: Toucannon\n|-damage|p2a: Toucannon|60/284\n|-supereffective|p2a: Toucannon\n|-damage|p2a: Toucannon|0 fnt\n|faint|p2a: Toucannon\n|-hitcount|p2: Toucannon|4\n|\n|upkeep\n|\n|t:|1771237381\n|switch|p2a: Iron Jugulis|Iron Jugulis, L77|271/271\n|turn|13\n|\n|t:|1771237393\n|move|p1a: Torterra|Rock Blast|p2a: Iron Jugulis\n|-supereffective|p2a: Iron Jugulis\n|-damage|p2a: Iron Jugulis|191/271\n|-supereffective|p2a: Iron Jugulis\n|-damage|p2a: Iron Jugulis|119/271\n|-hitcount|p2a: Iron Jugulis|2\n|move|p2a: Iron Jugulis|Dark Pulse|p1a: Torterra\n|-damage|p1a: Torterra|0 fnt\n|faint|p1a: Torterra\n|\n|upkeep\n|\n|t:|1771237402\n|switch|p1a: Kyogre|Kyogre, L71|259/259\n|-weather|RainDance|[from] ability: Drizzle|[of] p1a: Kyogre\n|turn|14\n|\n|t:|1771237408\n|move|p2a: Iron Jugulis|Dark Pulse|p1a: Kyogre\n|-damage|p1a: Kyogre|160/259\n|cant|p1a: Kyogre|flinch\n|\n|-weather|RainDance|[upkeep]\n|-heal|p1a: Kyogre|176/259|[from] item: Leftovers\n|upkeep\n|turn|15\n|\n|t:|1771237412\n|move|p2a: Iron Jugulis|Dark Pulse|p1a: Kyogre\n|-damage|p1a: Kyogre|68/259\n|move|p1a: Kyogre|Ice Beam|p2a: Iron Jugulis\n|-supereffective|p2a: Iron Jugulis\n|-damage|p2a: Iron Jugulis|0 fnt\n|faint|p2a: Iron Jugulis\n|-end|p2a: Iron Jugulis|Quark Drive|[silent]\n|\n|-weather|RainDance|[upkeep]\n|-heal|p1a: Kyogre|84/259|[from] item: Leftovers\n|upkeep\n|\n|t:|1771237413\n|switch|p2a: Grumpig|Grumpig, L92, M|297/297\n|turn|16\n|\n|t:|1771237424\n|move|p2a: Grumpig|Nasty Plot|p2a: Grumpig\n|-boost|p2a: Grumpig|spa|2\n|move|p1a: Kyogre|Calm Mind|p1a: Kyogre\n|-boost|p1a: Kyogre|spa|1\n|-boost|p1a: Kyogre|spd|1\n|\n|-weather|RainDance|[upkeep]\n|-heal|p1a: Kyogre|100/259|[from] item: Leftovers\n|upkeep\n|turn|17\n|\n|t:|1771237427\n|move|p2a: Grumpig|Psyshock|p1a: Kyogre\n|-damage|p1a: Kyogre|0 fnt\n|faint|p1a: Kyogre\n|\n|-weather|RainDance|[upkeep]\n|upkeep\n|\n|t:|1771237430\n|switch|p1a: Mienshao|Mienshao, L83, M|183/244\n|turn|18\n|\n|t:|1771237433\n|move|p1a: Mienshao|Fake Out|p2a: Grumpig\n|-damage|p2a: Grumpig|258/297\n|cant|p2a: Grumpig|flinch\n|\n|-weather|none\n|-heal|p2a: Grumpig|276/297|[from] item: Leftovers\n|upkeep\n|turn|19\n|\n|t:|1771237440\n|move|p1a: Mienshao|Knock Off|p2a: Grumpig\n|-supereffective|p2a: Grumpig\n|-damage|p2a: Grumpig|90/297\n|-enditem|p2a: Grumpig|Leftovers|[from] move: Knock Off|[of] p1a: Mienshao\n|move|p2a: Grumpig|Psyshock|p1a: Mienshao\n|-supereffective|p1a: Mienshao\n|-damage|p1a: Mienshao|0 fnt\n|faint|p1a: Mienshao\n|\n|upkeep\n|\n|t:|1771237446\n|switch|p1a: Mimikyu|Mimikyu, L79, M|216/216\n|turn|20\n|\n|t:|1771237448\n|move|p2a: Grumpig|Dazzling Gleam|p1a: Mimikyu\n|-activate|p1a: Mimikyu|ability: Disguise\n|-damage|p1a: Mimikyu|216/216\n|detailschange|p1a: Mimikyu|Mimikyu-Busted, L79, M\n|-damage|p1a: Mimikyu|189/216|[from] pokemon: Mimikyu-Busted\n|move|p1a: Mimikyu|Swords Dance|p1a: Mimikyu\n|-boost|p1a: Mimikyu|atk|2\n|\n|upkeep\n|turn|21\n|\n|t:|1771237451\n|move|p1a: Mimikyu|Shadow Sneak|p2a: Grumpig\n|-supereffective|p2a: Grumpig\n|-crit|p2a: Grumpig\n|-damage|p2a: Grumpig|0 fnt\n|faint|p2a: Grumpig\n|-damage|p1a: Mimikyu|168/216|[from] item: Life Orb\n|\n|upkeep\n|\n|t:|1771237452\n|switch|p2a: Uxie|Uxie, L83|260/260\n|turn|22\n|\n|t:|1771237459\n|move|p2a: Uxie|Encore|p1a: Mimikyu\n|-start|p1a: Mimikyu|Encore\n|move|p1a: Mimikyu|Shadow Sneak|p2a: Uxie\n|-supereffective|p2a: Uxie\n|-damage|p2a: Uxie|120/260\n|-damage|p1a: Mimikyu|147/216|[from] item: Life Orb\n|\n|-heal|p2a: Uxie|136/260|[from] item: Leftovers\n|upkeep\n|turn|23\n|\n|t:|1771237463\n|switch|p2a: Tsareena|Tsareena, L87, F|82/267\n|move|p1a: Mimikyu|Shadow Sneak||[still]\n|cant|p2a: Tsareena|ability: Queenly Majesty|Shadow Sneak|[of] p1a: Mimikyu\n|\n|upkeep\n|turn|24\n|\n|t:|1771237466\n|move|p1a: Mimikyu|Shadow Sneak||[still]\n|cant|p2a: Tsareena|ability: Queenly Majesty|Shadow Sneak|[of] p1a: Mimikyu\n|move|p2a: Tsareena|Knock Off|p1a: Mimikyu\n|-damage|p1a: Mimikyu|54/216\n|-enditem|p1a: Mimikyu|Life Orb|[from] move: Knock Off|[of] p2a: Tsareena\n|\n|-end|p1a: Mimikyu|Encore\n|upkeep\n|turn|25\n|\n|t:|1771237469\n|move|p1a: Mimikyu|Drain Punch|p2a: Tsareena\n|-damage|p2a: Tsareena|7/267\n|-heal|p1a: Mimikyu|92/216|[from] drain|[of] p2a: Tsareena\n|move|p2a: Tsareena|Knock Off|p1a: Mimikyu\n|-damage|p1a: Mimikyu|28/216\n|\n|upkeep\n|turn|26\n|\n|t:|1771237473\n|move|p1a: Mimikyu|Drain Punch|p2a: Tsareena\n|-damage|p2a: Tsareena|0 fnt\n|-heal|p1a: Mimikyu|32/216|[from] drain|[of] p2a: Tsareena\n|faint|p2a: Tsareena\n|\n|upkeep\n|\n|t:|1771237474\n|switch|p2a: Uxie|Uxie, L83|136/260\n|turn|27\n|\n|t:|1771237476\n|move|p1a: Mimikyu|Shadow Sneak|p2a: Uxie\n|-supereffective|p2a: Uxie\n|-damage|p2a: Uxie|26/260\n|move|p2a: Uxie|Psychic Noise|p1a: Mimikyu\n|-damage|p1a: Mimikyu|0 fnt\n|faint|p1a: Mimikyu\n|\n|win|M4teo010101\n|raw|insectassistant's rating: 1598 &rarr; <strong>1581</strong><br />(-17 for losing)\n|raw|M4teo010101's rating: 1655 &rarr; <strong>1672</strong><br />(+17 for winning)\n|c|☆M4teo010101|gg\n", "inputlog": ">version 686819e5e19f8a7fd2345cfc5a08a5085efa2cc3\n>start {\"formatid\":\"gen9randombattle\",\"seed\":\"sodium,64d9788a945e5c5b75d124d1130e33fb\",\"rated\":\"Rated battle\"}\n>player p1 {\"name\":\"insectassistant\",\"avatar\":\"266\",\"rating\":1598,\"seed\":\"sodium,f9bbc1b056d7dfe7f211271b7e6d1769\"}\n>player p2 {\"name\":\"M4teo010101\",\"avatar\":\"sycamore-masters\",\"rating\":1655,\"seed\":\"sodium,a414cc42b1b76afb396b559ea15846fc\"}\n>chat ☆M4teo010101|hf\n>p1 switch 3\n>p2 move powerwhip\n>p1 move uturn\n>p2 switch 5\n>p1 switch 3\n>p1 move circlethrow\n>p2 move swordsdance\n>p1 move closecombat terastallize\n>p2 move powerwhip\n>p1 switch 6\n>p2 move knockoff\n>p1 move shadowball\n>p2 move knockoff\n>p1 switch 3\n>p1 move uturn\n>p2 switch 5\n>p1 switch 6\n>p1 move liquidation\n>p2 move earthquake\n>p1 move knockoff\n>p2 move earthquake\n>p1 switch 2\n>p1 move shellsmash\n>p2 move knockoff\n>p1 move headlongrush\n>p2 move gunkshot\n>p2 switch 6\n>p1 move rockblast\n>p2 move beakblast\n>p2 switch 3\n>p1 move rockblast\n>p2 move darkpulse\n>p1 switch 5\n>p1 move icebeam\n>p2 move darkpulse\n>p1 move icebeam\n>p2 move darkpulse\n>p2 switch 4\n>p1 move calmmind\n>p2 move nastyplot\n>p1 move originpulse\n>p2 move psyshock\n>p1 switch 6\n>p1 move fakeout\n>p2 move psyshock\n>p1 move knockoff\n>p2 move psyshock\n>p1 switch 4\n>p1 move swordsdance\n>p2 move dazzlinggleam\n>p1 move shadowsneak\n>p2 move shadowball\n>p2 switch 2\n>p1 move playrough\n>p2 move encore\n>p1 move shadowsneak\n>p2 switch 5\n>p1 move shadowsneak\n>p2 move knockoff\n>p1 move drainpunch\n>p2 move knockoff\n>p1 move drainpunch\n>p2 move knockoff\n>p2 switch 5\n>p1 move shadowsneak\n>p2 move psychicnoise", "uploadtime": 1771237477, "views": 11, "formatid": "gen9randombattle", "rating": 1581, "private": 0, "password": null}