{"id": "gen9randombattle-2540401839", "format": "[Gen 9] Random Battle", "players": ["Disgrazze", "Mooha"], "log": "|j|☆Disgrazze\n|j|☆Mooha\n|t:|1771197594\n|gametype|singles\n|player|p1|Disgrazze|170|1526\n|player|p2|Mooha|shadowtriad|1501\n|gen|9\n|tier|[Gen 9] Random Battle\n|rated|\n|rule|Species Clause: Limit one of each Pokémon\n|rule|HP Percentage Mod: HP is shown in percentages\n|rule|Sleep Clause Mod: Limit one foe put to sleep\n|rule|Illusion Level Mod: Illusion disguises the Pokémon's true level\n|\n|t:|1771197594\n|teamsize|p1|6\n|teamsize|p2|6\n|start\n|switch|p1a: Chandelure|Chandelure, L83, M|235/235\n|switch|p2a: Meganium|Meganium, L90, M|290/290\n|turn|1\n|\n|t:|1771197606\n|move|p2a: Meganium|Knock Off|p1a: Chandelure\n|-supereffective|p1a: Chandelure\n|-damage|p1a: Chandelure|91/235\n|-enditem|p1a: Chandelure|Heavy-Duty Boots|[from] move: Knock Off|[of] p2a: Meganium\n|move|p1a: Chandelure|Fire Blast|p2a: Meganium\n|-supereffective|p2a: Meganium\n|-crit|p2a: Meganium\n|-damage|p2a: Meganium|0 fnt\n|faint|p2a: Meganium\n|\n|upkeep\n|\n|t:|1771197615\n|switch|p2a: Greninja|Greninja, L80, M|246/246\n|turn|2\n|\n|t:|1771197628\n|switch|p1a: Dudunsparce|Dudunsparce, L83, M|343/343\n|move|p2a: Greninja|Dark Pulse|p1a: Dudunsparce\n|-damage|p1a: Dudunsparce|217/343\n|-damage|p2a: Greninja|222/246|[from] item: Life Orb\n|\n|-heal|p1a: Dudunsparce|238/343|[from] item: Leftovers\n|upkeep\n|turn|3\n|\n|t:|1771197641\n|switch|p2a: Eelektross|Eelektross, L87, M|290/290\n|move|p1a: Dudunsparce|Glare|p2a: Eelektross\n|-immune|p2a: Eelektross\n|\n|-heal|p1a: Dudunsparce|259/343|[from] item: Leftovers\n|upkeep\n|turn|4\n|\n|t:|1771197663\n|switch|p1a: Heracross|Heracross, L80, M|259/259\n|move|p2a: Eelektross|Knock Off|p1a: Heracross\n|-resisted|p1a: Heracross\n|-damage|p1a: Heracross|211/259\n|-enditem|p1a: Heracross|Choice Band|[from] move: Knock Off|[of] p2a: Eelektross\n|\n|upkeep\n|turn|5\n|\n|t:|1771197676\n|move|p1a: Heracross|Megahorn|p2a: Eelektross\n|-damage|p2a: Eelektross|139/290\n|move|p2a: Eelektross|U-turn|p1a: Heracross\n|-resisted|p1a: Heracross\n|-damage|p1a: Heracross|178/259\n|\n|t:|1771197681\n|switch|p2a: Vikavolt|Vikavolt, L83, M|263/263|[from] U-turn\n|\n|upkeep\n|turn|6\n|\n|t:|1771197695\n|move|p1a: Heracross|Stone Edge|p2a: Vikavolt\n|-supereffective|p2a: Vikavolt\n|-damage|p2a: Vikavolt|117/263\n|move|p2a: Vikavolt|Sticky Web|p1a: Heracross\n|-sidestart|p1: Disgrazze|move: Sticky Web\n|\n|upkeep\n|turn|7\n|\n|t:|1771197701\n|move|p1a: Heracross|Stone Edge|p2a: Vikavolt\n|-supereffective|p2a: Vikavolt\n|-damage|p2a: Vikavolt|0 fnt\n|faint|p2a: Vikavolt\n|-ability|p1a: Heracross|Moxie|boost\n|-boost|p1a: Heracross|atk|1\n|\n|upkeep\n|\n|t:|1771197715\n|switch|p2a: Mew|Mew, L82|298/298\n|turn|8\n|\n|t:|1771197735\n|move|p2a: Mew|Psychic|p1a: Heracross\n|-supereffective|p1a: Heracross\n|-damage|p1a: Heracross|0 fnt\n|faint|p1a: Heracross\n|-damage|p2a: Mew|269/298|[from] item: Life Orb\n|\n|upkeep\n|\n|t:|1771197748\n|switch|p1a: Torkoal|Torkoal, L88, F|266/266\n|-weather|SunnyDay|[from] ability: Drought|[of] p1a: Torkoal\n|turn|9\n|\n|t:|1771197754\n|move|p2a: Mew|Nasty Plot|p2a: Mew\n|-boost|p2a: Mew|spa|2\n|move|p1a: Torkoal|Yawn|p2a: Mew\n|-start|p2a: Mew|move: Yawn|[of] p1a: Torkoal\n|\n|-weather|SunnyDay|[upkeep]\n|upkeep\n|turn|10\n|\n|t:|1771197765\n|switch|p2a: Bronzong|Bronzong, L88|261/261\n|move|p1a: Torkoal|Solar Beam||[still]\n|-prepare|p1a: Torkoal|Solar Beam\n|-anim|p1a: Torkoal|Solar Beam|p2a: Bronzong\n|-resisted|p2a: Bronzong\n|-damage|p2a: Bronzong|228/261\n|\n|-weather|SunnyDay|[upkeep]\n|-heal|p2a: Bronzong|244/261|[from] item: Leftovers\n|upkeep\n|turn|11\n|\n|t:|1771197775\n|move|p2a: Bronzong|Hypnosis|p1a: Torkoal|[miss]\n|-miss|p2a: Bronzong|p1a: Torkoal\n|move|p1a: Torkoal|Yawn|p2a: Bronzong\n|-start|p2a: Bronzong|move: Yawn|[of] p1a: Torkoal\n|\n|-weather|SunnyDay|[upkeep]\n|-heal|p2a: Bronzong|260/261|[from] item: Leftovers\n|upkeep\n|turn|12\n|\n|t:|1771197783\n|switch|p2a: Eelektross|Eelektross, L87, M|139/290\n|move|p1a: Torkoal|Yawn|p2a: Eelektross\n|-start|p2a: Eelektross|move: Yawn|[of] p1a: Torkoal\n|\n|-weather|SunnyDay|[upkeep]\n|upkeep\n|turn|13\n|\n|t:|1771197791\n|switch|p2a: Bronzong|Bronzong, L88|260/261\n|move|p1a: Torkoal|Lava Plume|p2a: Bronzong\n|-supereffective|p2a: Bronzong\n|-damage|p2a: Bronzong|62/261\n|\n|-weather|none\n|-heal|p2a: Bronzong|78/261|[from] item: Leftovers\n|upkeep\n|turn|14\n|\n|t:|1771197800\n|move|p2a: Bronzong|Hypnosis|p1a: Torkoal\n|-status|p1a: Torkoal|slp|[from] move: Hypnosis\n|cant|p1a: Torkoal|slp\n|\n|-heal|p2a: Bronzong|94/261|[from] item: Leftovers\n|upkeep\n|turn|15\n|\n|t:|1771197809\n|switch|p2a: Mew|Mew, L82|269/298\n|-curestatus|p1a: Torkoal|slp|[msg]\n|move|p1a: Torkoal|Yawn|p2a: Mew\n|-start|p2a: Mew|move: Yawn|[of] p1a: Torkoal\n|\n|upkeep\n|turn|16\n|\n|t:|1771197818\n|switch|p2a: Bronzong|Bronzong, L88|94/261\n|switch|p1a: Weezing|Weezing-Galar, L86, F|252/252\n|\n|-heal|p2a: Bronzong|110/261|[from] item: Leftovers\n|upkeep\n|turn|17\n|\n|t:|1771197828\n|move|p1a: Weezing|Defog|p2a: Bronzong\n|-unboost|p2a: Bronzong|evasion|1\n|-sideend|p1: Disgrazze|Sticky Web|[from] move: Defog|[of] p1a: Weezing\n|move|p2a: Bronzong|Iron Head|p1a: Weezing\n|-supereffective|p1a: Weezing\n|-damage|p1a: Weezing|118/252\n|\n|-heal|p1a: Weezing|133/252|[from] item: Leftovers\n|-heal|p2a: Bronzong|126/261|[from] item: Leftovers\n|upkeep\n|turn|18\n|\n|t:|1771197838\n|switch|p1a: Torkoal|Torkoal, L88, F|266/266\n|-weather|SunnyDay|[from] ability: Drought|[of] p1a: Torkoal\n|move|p2a: Bronzong|Iron Head|p1a: Torkoal\n|-resisted|p1a: Torkoal\n|-damage|p1a: Torkoal|239/266\n|\n|-weather|SunnyDay|[upkeep]\n|-heal|p2a: Bronzong|142/261|[from] item: Leftovers\n|upkeep\n|turn|19\n|\n|t:|1771197849\n|move|p2a: Bronzong|Hypnosis|p1a: Torkoal\n|-status|p1a: Torkoal|slp|[from] move: Hypnosis\n|cant|p1a: Torkoal|slp\n|\n|-weather|SunnyDay|[upkeep]\n|-heal|p2a: Bronzong|158/261|[from] item: Leftovers\n|upkeep\n|turn|20\n|\n|t:|1771197856\n|switch|p2a: Mew|Mew, L82|269/298\n|cant|p1a: Torkoal|slp\n|\n|-weather|SunnyDay|[upkeep]\n|upkeep\n|turn|21\n|\n|t:|1771197863\n|move|p2a: Mew|Nasty Plot|p2a: Mew\n|-boost|p2a: Mew|spa|2\n|cant|p1a: Torkoal|slp\n|\n|-weather|SunnyDay|[upkeep]\n|upkeep\n|turn|22\n|\n|t:|1771197870\n|move|p2a: Mew|Psychic|p1a: Torkoal\n|-damage|p1a: Torkoal|0 fnt\n|faint|p1a: Torkoal\n|-damage|p2a: Mew|240/298|[from] item: Life Orb\n|\n|-weather|none\n|upkeep\n|c|☆Disgrazze|Man what is that luck lmao\n|c|☆Mooha|bro what luck lol\n|\n|t:|1771197894\n|switch|p1a: Dudunsparce|Dudunsparce, L83, M|259/343\n|turn|23\n|c|☆Mooha|you got the first turn wake up the first time\n|c|☆Disgrazze|Bro u with 2/3 hypnosis\n|c|☆Disgrazze|hahaha\n|c|☆Mooha|i mean yeah that's true\n|\n|t:|1771197926\n|move|p2a: Mew|Aura Sphere|p1a: Dudunsparce\n|-supereffective|p1a: Dudunsparce\n|-damage|p1a: Dudunsparce|0 fnt\n|faint|p1a: Dudunsparce\n|-damage|p2a: Mew|211/298|[from] item: Life Orb\n|\n|upkeep\n|\n|t:|1771197933\n|switch|p1a: Hydrapple|Hydrapple, L83, F|312/312\n|turn|24\n|\n|t:|1771197939\n|move|p2a: Mew|Psychic|p1a: Hydrapple\n|-damage|p1a: Hydrapple|39/312\n|-damage|p2a: Mew|182/298|[from] item: Life Orb\n|move|p1a: Hydrapple|Fickle Beam|p2a: Mew\n|-damage|p2a: Mew|47/298\n|\n|upkeep\n|turn|25\n|\n|t:|1771197948\n|move|p2a: Mew|Aura Sphere|p1a: Hydrapple\n|-damage|p1a: Hydrapple|0 fnt\n|faint|p1a: Hydrapple\n|-damage|p2a: Mew|18/298|[from] item: Life Orb\n|\n|upkeep\n|\n|t:|1771197954\n|switch|p1a: Chandelure|Chandelure, L83, M|91/235\n|turn|26\n|\n|t:|1771197960\n|move|p2a: Mew|Psychic|p1a: Chandelure\n|-damage|p1a: Chandelure|0 fnt\n|faint|p1a: Chandelure\n|-damage|p2a: Mew|0 fnt|[from] item: Life Orb\n|faint|p2a: Mew\n|\n|upkeep\n|\n|t:|1771197967\n|switch|p2a: Bronzong|Bronzong, L88|158/261\n|switch|p1a: Weezing|Weezing-Galar, L86, F|133/252\n|turn|27\n|\n|t:|1771197973\n|move|p1a: Weezing|Fire Blast|p2a: Bronzong|[miss]\n|-miss|p1a: Weezing|p2a: Bronzong\n|move|p2a: Bronzong|Iron Head|p1a: Weezing\n|-supereffective|p1a: Weezing\n|-damage|p1a: Weezing|5/252\n|\n|-heal|p1a: Weezing|20/252|[from] item: Leftovers\n|-heal|p2a: Bronzong|174/261|[from] item: Leftovers\n|upkeep\n|turn|28\n|c|☆Disgrazze|Hahaha damm\n|\n|t:|1771197986\n|move|p1a: Weezing|Fire Blast|p2a: Bronzong\n|-supereffective|p2a: Bronzong\n|-damage|p2a: Bronzong|58/261\n|move|p2a: Bronzong|Iron Head|p1a: Weezing\n|-supereffective|p1a: Weezing\n|-damage|p1a: Weezing|0 fnt\n|faint|p1a: Weezing\n|\n|win|Mooha\n|raw|Disgrazze's rating: 1526 &rarr; <strong>1505</strong><br />(-21 for losing)\n|raw|Mooha's rating: 1501 &rarr; <strong>1522</strong><br />(+21 for winning)\n|c|☆Mooha|damn sorry\n|c|☆Mooha|gg tho\n|l|☆Disgrazze\n|player|p1|\n", "inputlog": ">version 686819e5e19f8a7fd2345cfc5a08a5085efa2cc3\n>start {\"formatid\":\"gen9randombattle\",\"seed\":\"sodium,1e691769cbe790afb297184023a5015b\",\"rated\":\"Rated battle\"}\n>player p1 {\"name\":\"Disgrazze\",\"avatar\":\"170\",\"rating\":1526,\"seed\":\"sodium,ceb70a01e18a736b4d0ceca6fae0db69\"}\n>player p2 {\"name\":\"Mooha\",\"avatar\":\"shadowtriad\",\"rating\":1501,\"seed\":\"sodium,1e0e63826ba72d0fcfc0ad5461c2d728\"}\n>p1 move fireblast\n>p2 move knockoff\n>p2 switch 4\n>p1 switch 5\n>p2 move darkpulse\n>p1 move glare\n>p2 switch 6\n>p1 switch 6\n>p2 move knockoff\n>p1 move megahorn\n>p2 move uturn\n>p2 switch 3\n>p1 move stoneedge\n>p2 move stickyweb\n>p1 move stoneedge\n>p2 move thunderbolt\n>p2 switch 5\n>p1 move megahorn\n>p2 move psychic\n>p1 switch 4\n>p1 move yawn\n>p2 move nastyplot\n>p1 move solarbeam\n>p2 switch 2\n>p1 move yawn\n>p2 move hypnosis\n>p1 move yawn\n>p2 switch 3\n>p1 move lavaplume\n>p2 switch 3\n>p1 move lavaplume\n>p2 move hypnosis\n>p1 move yawn\n>p2 switch 2\n>p1 switch 3\n>p2 switch 2\n>p1 move defog\n>p2 move ironhead\n>p1 switch 3\n>p2 move ironhead\n>p1 move yawn\n>p2 move hypnosis\n>p1 move yawn\n>p2 switch 2\n>p1 move yawn\n>p2 move nastyplot\n>p1 move yawn\n>p2 move psychic\n>chat ☆Disgrazze|Man what is that luck lmao \n>chat ☆Mooha|bro what luck lol\n>p1 switch 6\n>chat ☆Mooha|you got the first turn wake up the first time\n>chat ☆Disgrazze|Bro u with 2/3 hypnosis \n>chat ☆Disgrazze|hahaha\n>chat ☆Mooha|i mean yeah that's true\n>p1 move glare\n>p2 move aurasphere\n>p1 switch 2\n>p1 move ficklebeam\n>p2 move psychic\n>p1 move ficklebeam\n>p2 move aurasphere\n>p1 switch 5\n>p1 move energyball\n>p2 move psychic\n>p1 switch 3\n>p2 switch 2\n>p1 move fireblast\n>p2 move ironhead\n>chat ☆Disgrazze|Hahaha damm\n>p1 move fireblast\n>p2 move ironhead", "uploadtime": 1771197997, "views": 8, "formatid": "gen9randombattle", "rating": 1505, "private": 0, "password": null}