{"id": "gen9randombattle-2540023487", "format": "[Gen 9] Random Battle", "players": ["MeAndTheBorthers", "SA20009053"], "log": "|j|☆MeAndTheBorthers\n|j|☆SA20009053\n|t:|1771146911\n|gametype|singles\n|player|p1|MeAndTheBorthers|iris-gen5bw2|1769\n|player|p2|SA20009053|169|1682\n|gen|9\n|tier|[Gen 9] Random Battle\n|rated|\n|rule|Species Clause: Limit one of each Pokémon\n|rule|HP Percentage Mod: HP is shown in percentages\n|rule|Sleep Clause Mod: Limit one foe put to sleep\n|rule|Illusion Level Mod: Illusion disguises the Pokémon's true level\n|\n|t:|1771146911\n|teamsize|p1|6\n|teamsize|p2|6\n|start\n|switch|p1a: Ho-Oh|Ho-Oh, L71|268/268\n|switch|p2a: Jumpluff|Jumpluff, L87, F|271/271\n|turn|1\n|inactive|Battle timer is ON: inactive players will automatically lose when time's up. (requested by SA20009053)\n|\n|t:|1771146923\n|move|p2a: Jumpluff|Encore||[still]\n|-fail|p2a: Jumpluff\n|move|p1a: Ho-Oh|Sacred Fire|p2a: Jumpluff\n|-supereffective|p2a: Jumpluff\n|-damage|p2a: Jumpluff|37/271\n|-status|p2a: Jumpluff|brn\n|\n|-damage|p2a: Jumpluff|21/271 brn|[from] brn\n|upkeep\n|turn|2\n|\n|t:|1771146933\n|move|p2a: Jumpluff|U-turn|p1a: Ho-Oh\n|-resisted|p1a: Ho-Oh\n|-damage|p1a: Ho-Oh|263/268\n|\n|t:|1771146941\n|switch|p2a: Garganacl|Garganacl, L80, M|291/291|[from] U-turn\n|move|p1a: Ho-Oh|Sacred Fire|p2a: Garganacl\n|-resisted|p2a: Garganacl\n|-damage|p2a: Garganacl|257/291\n|\n|-heal|p2a: Garganacl|275/291|[from] item: Leftovers\n|upkeep\n|turn|3\n|\n|t:|1771146964\n|switch|p1a: Wo-Chien|Wo-Chien, L83|277/277\n|-ability|p1a: Wo-Chien|Tablets of Ruin\n|move|p2a: Garganacl|Stealth Rock|p1a: Wo-Chien\n|-sidestart|p1: MeAndTheBorthers|move: Stealth Rock\n|\n|-heal|p2a: Garganacl|291/291|[from] item: Leftovers\n|upkeep\n|turn|4\n|\n|t:|1771146980\n|move|p1a: Wo-Chien|Knock Off|p2a: Garganacl\n|-damage|p2a: Garganacl|219/291\n|-enditem|p2a: Garganacl|Leftovers|[from] move: Knock Off|[of] p1a: Wo-Chien\n|move|p2a: Garganacl|Salt Cure|p1a: Wo-Chien\n|-damage|p1a: Wo-Chien|250/277\n|-start|p1a: Wo-Chien|Salt Cure\n|\n|-heal|p1a: Wo-Chien|267/277|[from] item: Leftovers\n|-damage|p1a: Wo-Chien|233/277|[from] Salt Cure\n|upkeep\n|turn|5\n|\n|t:|1771146987\n|switch|p2a: Ogerpon|Ogerpon-Wellspring, L76, F|247/247\n|move|p1a: Wo-Chien|Giga Drain|p2a: Ogerpon\n|-damage|p2a: Ogerpon|163/247\n|-heal|p1a: Wo-Chien|275/277|[from] drain|[of] p2a: Ogerpon\n|\n|-heal|p1a: Wo-Chien|277/277|[from] item: Leftovers\n|-damage|p1a: Wo-Chien|243/277|[from] Salt Cure\n|upkeep\n|turn|6\n|\n|t:|1771146995\n|move|p2a: Ogerpon|U-turn|p1a: Wo-Chien\n|-supereffective|p1a: Wo-Chien\n|-damage|p1a: Wo-Chien|79/277\n|\n|t:|1771147000\n|switch|p2a: Garganacl|Garganacl, L80, M|219/291|[from] U-turn\n|move|p1a: Wo-Chien|Giga Drain|p2a: Garganacl\n|-supereffective|p2a: Garganacl\n|-damage|p2a: Garganacl|49/291\n|-heal|p1a: Wo-Chien|164/277|[from] drain|[of] p2a: Garganacl\n|\n|-heal|p1a: Wo-Chien|181/277|[from] item: Leftovers\n|-damage|p1a: Wo-Chien|147/277|[from] Salt Cure\n|upkeep\n|turn|7\n|\n|t:|1771147009\n|switch|p2a: Jumpluff|Jumpluff, L87, F|21/271 brn\n|move|p1a: Wo-Chien|Giga Drain|p2a: Jumpluff\n|-resisted|p2a: Jumpluff\n|-damage|p2a: Jumpluff|4/271 brn\n|-heal|p1a: Wo-Chien|156/277|[from] drain|[of] p2a: Jumpluff\n|\n|-heal|p1a: Wo-Chien|173/277|[from] item: Leftovers\n|-damage|p2a: Jumpluff|0 fnt|[from] brn\n|faint|p2a: Jumpluff\n|-damage|p1a: Wo-Chien|139/277|[from] Salt Cure\n|upkeep\n|-message|SA20009053 forfeited.\n|\n|win|MeAndTheBorthers\n|raw|MeAndTheBorthers's rating: 1769 &rarr; <strong>1784</strong><br />(+15 for winning)\n|raw|SA20009053's rating: 1682 &rarr; <strong>1667</strong><br />(-15 for losing)\n", "inputlog": ">version 686819e5e19f8a7fd2345cfc5a08a5085efa2cc3\n>start {\"formatid\":\"gen9randombattle\",\"seed\":\"sodium,5df2d7291011d53cb596f2a79d1b8231\",\"rated\":\"Rated battle\"}\n>player p1 {\"name\":\"MeAndTheBorthers\",\"avatar\":\"iris-gen5bw2\",\"rating\":1769,\"seed\":\"sodium,4d6e7ed276dd78c7b86773e757fc3a0b\"}\n>player p2 {\"name\":\"SA20009053\",\"avatar\":\"169\",\"rating\":1682,\"seed\":\"sodium,2a5f10416afca5b709bd36aa2d8b5e87\"}\n>p1 move sacredfire\n>p2 move encore\n>p1 move sacredfire\n>p2 move uturn\n>p2 switch 5\n>p1 switch 2\n>p2 move stealthrock\n>p1 move knockoff\n>p2 move saltcure\n>p1 move gigadrain\n>p2 switch 2\n>p1 move gigadrain\n>p2 move uturn\n>p2 switch 2\n>p1 move gigadrain\n>p2 switch 5\n>forcelose p2", "uploadtime": 1771147017, "views": 16, "formatid": "gen9randombattle", "rating": 1667, "private": 0, "password": null}