{"id": "gen9randombattle-2539966054", "format": "[Gen 9] Random Battle", "players": ["asdfffg", "dpmpwjdgmpw"], "log": "|j|‽asdfffg\n|j|☆dpmpwjdgmpw\n|t:|1771134860\n|gametype|singles\n|player|p1|asdfffg|1|1582\n|player|p2|dpmpwjdgmpw|169|1588\n|gen|9\n|tier|[Gen 9] Random Battle\n|rated|\n|rule|Species Clause: Limit one of each Pokémon\n|rule|HP Percentage Mod: HP is shown in percentages\n|rule|Sleep Clause Mod: Limit one foe put to sleep\n|rule|Illusion Level Mod: Illusion disguises the Pokémon's true level\n|\n|t:|1771134860\n|teamsize|p1|6\n|teamsize|p2|6\n|start\n|switch|p1a: Hariyama|Hariyama, L87, F|392/392\n|switch|p2a: Phione|Phione, L91|293/293\n|turn|1\n|\n|t:|1771134875\n|switch|p2a: Scyther|Scyther, L82, M|249/249\n|move|p1a: Hariyama|Knock Off|p2a: Scyther\n|-damage|p2a: Scyther|146/249\n|-enditem|p2a: Scyther|Heavy-Duty Boots|[from] move: Knock Off|[of] p1a: Hariyama\n|\n|-status|p1a: Hariyama|brn|[from] item: Flame Orb\n|upkeep\n|turn|2\n|\n|t:|1771134884\n|switch|p1a: Swampert|Swampert, L83, F|302/302\n|move|p2a: Scyther|Dual Wingbeat|p1a: Swampert|[miss]\n|-miss|p2a: Scyther|p1a: Swampert\n|\n|upkeep\n|turn|3\n|\n|t:|1771134925\n|move|p2a: Scyther|Close Combat|p1a: Swampert\n|-damage|p1a: Swampert|219/302\n|-unboost|p2a: Scyther|def|1\n|-unboost|p2a: Scyther|spd|1\n|move|p1a: Swampert|Ice Beam|p2a: Scyther\n|-supereffective|p2a: Scyther\n|-damage|p2a: Scyther|0 fnt\n|faint|p2a: Scyther\n|\n|-heal|p1a: Swampert|237/302|[from] item: Leftovers\n|upkeep\n|\n|t:|1771134943\n|switch|p2a: Phione|Phione, L91|293/293\n|turn|4\n|\n|t:|1771134977\n|move|p2a: Phione|Scald|p1a: Swampert\n|-damage|p1a: Swampert|152/302\n|move|p1a: Swampert|Yawn|p2a: Phione\n|-start|p2a: Phione|move: Yawn|[of] p1a: Swampert\n|\n|-heal|p1a: Swampert|170/302|[from] item: Leftovers\n|upkeep\n|turn|5\n|\n|t:|1771134986\n|move|p2a: Phione|Scald|p1a: Swampert\n|-damage|p1a: Swampert|91/302\n|move|p1a: Swampert|Flip Turn|p2a: Phione\n|-resisted|p2a: Phione\n|-damage|p2a: Phione|246/293\n|\n|t:|1771134990\n|switch|p1a: Hariyama|Hariyama, L87, F|392/392 brn|[from] Flip Turn\n|\n|-heal|p2a: Phione|264/293|[from] item: Leftovers\n|-damage|p1a: Hariyama|368/392 brn|[from] brn\n|-end|p2a: Phione|move: Yawn|[silent]\n|-status|p2a: Phione|slp\n|upkeep\n|turn|6\n|\n|t:|1771135004\n|cant|p2a: Phione|slp\n|move|p2a: Phione|Sleep Talk|p2a: Phione\n|move|p2a: Phione|Take Heart|p2a: Phione|[from] move: Sleep Talk\n|-boost|p2a: Phione|spa|1\n|-boost|p2a: Phione|spd|1\n|-curestatus|p2a: Phione|slp|[msg]\n|move|p1a: Hariyama|Facade|p2a: Phione\n|-damage|p2a: Phione|88/293\n|\n|-heal|p2a: Phione|106/293|[from] item: Leftovers\n|-damage|p1a: Hariyama|344/392 brn|[from] brn\n|upkeep\n|turn|7\n|\n|t:|1771135032\n|move|p2a: Phione|Rest|p2a: Phione\n|-status|p2a: Phione|slp|[from] move: Rest\n|-heal|p2a: Phione|293/293 slp|[silent]\n|move|p1a: Hariyama|Facade|p2a: Phione\n|-damage|p2a: Phione|113/293 slp\n|\n|-heal|p2a: Phione|131/293 slp|[from] item: Leftovers\n|-damage|p1a: Hariyama|320/392 brn|[from] brn\n|upkeep\n|turn|8\n|\n|t:|1771135041\n|switch|p2a: Incineroar|Incineroar, L82, F|290/290\n|-ability|p2a: Incineroar|Intimidate|boost\n|-unboost|p1a: Hariyama|atk|1\n|move|p1a: Hariyama|Facade|p2a: Incineroar\n|-damage|p2a: Incineroar|157/290\n|\n|-damage|p1a: Hariyama|296/392 brn|[from] brn\n|upkeep\n|turn|9\n|\n|t:|1771135079\n|move|p2a: Incineroar|Flare Blitz|p1a: Hariyama\n|-damage|p1a: Hariyama|110/392 brn\n|-damage|p2a: Incineroar|96/290|[from] Recoil\n|move|p1a: Hariyama|Close Combat|p2a: Incineroar\n|-supereffective|p2a: Incineroar\n|-damage|p2a: Incineroar|0 fnt\n|-unboost|p1a: Hariyama|def|1\n|-unboost|p1a: Hariyama|spd|1\n|faint|p2a: Incineroar\n|\n|-damage|p1a: Hariyama|86/392 brn|[from] brn\n|upkeep\n|\n|t:|1771135085\n|switch|p2a: Quaquaval|Quaquaval, L79, F|264/264\n|turn|10\n|\n|t:|1771135093\n|switch|p1a: Sylveon|Sylveon, L85, F|300/300\n|move|p2a: Quaquaval|Aqua Step|p1a: Sylveon\n|-damage|p1a: Sylveon|141/300\n|-boost|p2a: Quaquaval|spe|1\n|\n|-heal|p1a: Sylveon|159/300|[from] item: Leftovers\n|upkeep\n|turn|11\n|\n|t:|1771135111\n|switch|p2a: Magmortar|Magmortar, L88, M|275/275\n|move|p1a: Sylveon|Hyper Voice|p2a: Magmortar\n|-resisted|p2a: Magmortar\n|-damage|p2a: Magmortar|212/275\n|\n|-heal|p1a: Sylveon|177/300|[from] item: Leftovers\n|upkeep\n|turn|12\n|\n|t:|1771135120\n|switch|p1a: Swampert|Swampert, L83, F|91/302\n|move|p2a: Magmortar|Knock Off|p1a: Swampert\n|-damage|p1a: Swampert|19/302\n|-enditem|p1a: Swampert|Leftovers|[from] move: Knock Off|[of] p2a: Magmortar\n|\n|upkeep\n|turn|13\n|\n|t:|1771135133\n|move|p2a: Magmortar|Knock Off|p1a: Swampert\n|-damage|p1a: Swampert|0 fnt\n|faint|p1a: Swampert\n|\n|upkeep\n|\n|t:|1771135139\n|switch|p1a: Darkrai|Darkrai, L77|234/234\n|turn|14\n|\n|t:|1771135146\n|move|p1a: Darkrai|Hypnosis|p2a: Magmortar\n|-status|p2a: Magmortar|slp|[from] move: Hypnosis\n|cant|p2a: Magmortar|slp\n|\n|-damage|p2a: Magmortar|178/275 slp|[from] ability: Bad Dreams|[of] p1a: Darkrai\n|upkeep\n|turn|15\n|\n|t:|1771135150\n|move|p1a: Darkrai|Nasty Plot|p1a: Darkrai\n|-boost|p1a: Darkrai|spa|2\n|cant|p2a: Magmortar|slp\n|\n|-damage|p2a: Magmortar|144/275 slp|[from] ability: Bad Dreams|[of] p1a: Darkrai\n|upkeep\n|turn|16\n|\n|t:|1771135161\n|move|p1a: Darkrai|Dark Pulse|p2a: Magmortar\n|-damage|p2a: Magmortar|0 fnt\n|faint|p2a: Magmortar\n|-damage|p1a: Darkrai|211/234|[from] item: Life Orb\n|\n|upkeep\n|\n|t:|1771135170\n|switch|p2a: Quaquaval|Quaquaval, L79, F|264/264\n|turn|17\n|\n|t:|1771135179\n|-terastallize|p1a: Darkrai|Poison\n|move|p1a: Darkrai|Hypnosis|p2a: Quaquaval\n|-status|p2a: Quaquaval|slp|[from] move: Hypnosis\n|cant|p2a: Quaquaval|slp\n|\n|-damage|p2a: Quaquaval|231/264 slp|[from] ability: Bad Dreams|[of] p1a: Darkrai\n|upkeep\n|turn|18\n|\n|t:|1771135190\n|move|p1a: Darkrai|Sludge Bomb|p2a: Quaquaval\n|-damage|p2a: Quaquaval|0 fnt\n|faint|p2a: Quaquaval\n|-damage|p1a: Darkrai|188/234|[from] item: Life Orb\n|\n|upkeep\n|-message|dpmpwjdgmpw forfeited.\n|\n|win|asdfffg\n|raw|asdfffg's rating: 1582 &rarr; <strong>1602</strong><br />(+20 for winning)\n|raw|dpmpwjdgmpw's rating: 1588 &rarr; <strong>1568</strong><br />(-20 for losing)\n|l|☆dpmpwjdgmpw\n|player|p2|\n", "inputlog": ">version 686819e5e19f8a7fd2345cfc5a08a5085efa2cc3\n>start {\"formatid\":\"gen9randombattle\",\"seed\":\"sodium,448c75cb9953de914a11de34567dff24\",\"rated\":\"Rated battle\"}\n>player p1 {\"name\":\"asdfffg\",\"avatar\":\"1\",\"rating\":1582,\"seed\":\"sodium,dc4879f8dc26487d8089a9b94665bc39\"}\n>player p2 {\"name\":\"dpmpwjdgmpw\",\"avatar\":\"169\",\"rating\":1588,\"seed\":\"sodium,f008a788533f8a368f37daf50129a192\"}\n>p1 move knockoff\n>p2 switch 2\n>p1 switch 5\n>p2 move dualwingbeat\n>p1 move icebeam\n>p2 move closecombat\n>p2 switch 2\n>p1 move yawn\n>p2 move scald\n>p1 move flipturn\n>p2 move scald\n>p1 switch 5\n>p1 move facade\n>p2 move sleeptalk\n>p1 move facade\n>p2 move rest\n>p1 move facade\n>p2 switch 6\n>p1 move closecombat\n>p2 move flareblitz\n>p2 switch 3\n>p1 switch 4\n>p2 move aquastep\n>p1 move hypervoice\n>p2 switch 4\n>p1 switch 5\n>p2 move knockoff\n>p1 move flipturn\n>p2 move knockoff\n>p1 switch 3\n>p1 move hypnosis\n>p2 move focusblast\n>p1 move nastyplot\n>p2 move focusblast\n>p1 move darkpulse\n>p2 move focusblast\n>p2 switch 4\n>p1 move hypnosis terastallize\n>p2 move aquastep\n>p1 move sludgebomb\n>p2 move aquastep\n>forcelose p2", "uploadtime": 1771135198, "views": 13, "formatid": "gen9randombattle", "rating": 1568, "private": 0, "password": null}