{"id": "gen9randombattle-2540545293", "format": "[Gen 9] Random Battle", "players": ["06ScotchZ", "Dmacriz"], "log": "|j|☆06ScotchZ\n|j|☆Dmacriz\n|t:|1771215846\n|gametype|singles\n|player|p1|06ScotchZ|marnie|1666\n|player|p2|Dmacriz|cyrus|1680\n|gen|9\n|tier|[Gen 9] Random Battle\n|rated|\n|rule|Species Clause: Limit one of each Pokémon\n|rule|HP Percentage Mod: HP is shown in percentages\n|rule|Sleep Clause Mod: Limit one foe put to sleep\n|rule|Illusion Level Mod: Illusion disguises the Pokémon's true level\n|\n|t:|1771215846\n|teamsize|p1|6\n|teamsize|p2|6\n|start\n|switch|p1a: Uxie|Uxie, L83|260/260\n|switch|p2a: Jirachi|Jirachi, L80|291/291\n|turn|1\n|\n|t:|1771215856\n|move|p2a: Jirachi|U-turn|p1a: Uxie\n|-supereffective|p1a: Uxie\n|-damage|p1a: Uxie|184/260\n|\n|t:|1771215863\n|switch|p2a: Clefable|Clefable, L83, F|293/293|[from] U-turn\n|move|p1a: Uxie|Knock Off|p2a: Clefable\n|-resisted|p2a: Clefable\n|-damage|p2a: Clefable|259/293\n|-enditem|p2a: Clefable|Life Orb|[from] move: Knock Off|[of] p1a: Uxie\n|\n|-heal|p1a: Uxie|200/260|[from] item: Leftovers\n|upkeep\n|turn|2\n|\n|t:|1771215876\n|move|p1a: Uxie|Stealth Rock|p2a: Clefable\n|-sidestart|p2: Dmacriz|move: Stealth Rock\n|move|p2a: Clefable|Moonblast|p1a: Uxie\n|-damage|p1a: Uxie|128/260\n|\n|-heal|p1a: Uxie|144/260|[from] item: Leftovers\n|upkeep\n|turn|3\n|\n|t:|1771215884\n|move|p1a: Uxie|Psychic Noise|p2a: Clefable\n|-damage|p2a: Clefable|198/293\n|-start|p2a: Clefable|move: Heal Block\n|move|p2a: Clefable|Moonblast|p1a: Uxie\n|-damage|p1a: Uxie|71/260\n|\n|-heal|p1a: Uxie|87/260|[from] item: Leftovers\n|upkeep\n|turn|4\n|\n|t:|1771215894\n|move|p1a: Uxie|U-turn|p2a: Clefable\n|-resisted|p2a: Clefable\n|-damage|p2a: Clefable|175/293\n|\n|t:|1771215911\n|switch|p1a: Zebstrika|Zebstrika, L87, M|272/272|[from] U-turn\n|move|p2a: Clefable|Moonblast|p1a: Zebstrika\n|-damage|p1a: Zebstrika|161/272\n|\n|-end|p2a: Clefable|move: Heal Block\n|upkeep\n|turn|5\n|\n|t:|1771215924\n|move|p1a: Zebstrika|Volt Switch|p2a: Clefable\n|-damage|p2a: Clefable|80/293\n|-damage|p1a: Zebstrika|134/272|[from] item: Life Orb\n|\n|t:|1771215932\n|switch|p1a: Mightyena|Mightyena, L96, F|290/290|[from] Volt Switch\n|-ability|p1a: Mightyena|Intimidate|boost\n|-unboost|p2a: Clefable|atk|1\n|move|p2a: Clefable|Moonlight|p2a: Clefable\n|-heal|p2a: Clefable|226/293\n|\n|upkeep\n|turn|6\n|\n|t:|1771215942\n|move|p1a: Mightyena|Poison Fang|p2a: Clefable\n|-supereffective|p2a: Clefable\n|-damage|p2a: Clefable|118/293\n|-status|p2a: Clefable|tox\n|move|p2a: Clefable|Moonblast|p1a: Mightyena\n|-supereffective|p1a: Mightyena\n|-damage|p1a: Mightyena|138/290\n|\n|upkeep\n|turn|7\n|\n|t:|1771215951\n|move|p1a: Mightyena|Poison Fang|p2a: Clefable\n|-supereffective|p2a: Clefable\n|-damage|p2a: Clefable|14/293 tox\n|move|p2a: Clefable|Moonlight|p2a: Clefable\n|-heal|p2a: Clefable|160/293 tox\n|\n|upkeep\n|turn|8\n|\n|t:|1771215958\n|move|p1a: Mightyena|Poison Fang|p2a: Clefable\n|-supereffective|p2a: Clefable\n|-damage|p2a: Clefable|66/293 tox\n|move|p2a: Clefable|Moonlight|p2a: Clefable\n|-heal|p2a: Clefable|212/293 tox\n|\n|upkeep\n|turn|9\n|\n|t:|1771215965\n|move|p1a: Mightyena|Super Fang|p2a: Clefable\n|-damage|p2a: Clefable|106/293 tox\n|move|p2a: Clefable|Moonlight|p2a: Clefable\n|-heal|p2a: Clefable|252/293 tox\n|\n|upkeep\n|turn|10\n|\n|t:|1771215976\n|switch|p1a: Dragalge|Dragalge, L88, M|258/258\n|move|p2a: Clefable|Moonblast|p1a: Dragalge\n|-crit|p1a: Dragalge\n|-damage|p1a: Dragalge|191/258\n|\n|upkeep\n|turn|11\n|\n|t:|1771215984\n|switch|p2a: Jirachi|Jirachi, L80|291/291\n|-damage|p2a: Jirachi|273/291|[from] Stealth Rock\n|move|p1a: Dragalge|Sludge Wave|p2a: Jirachi\n|-immune|p2a: Jirachi\n|\n|upkeep\n|turn|12\n|\n|t:|1771215993\n|move|p2a: Jirachi|Psychic|p1a: Dragalge\n|-supereffective|p1a: Dragalge\n|-damage|p1a: Dragalge|105/258\n|move|p1a: Dragalge|Dragon Tail|p2a: Jirachi\n|-resisted|p2a: Jirachi\n|-damage|p2a: Jirachi|239/291\n|drag|p2a: Dipplin|Dipplin, L88, F|284/284\n|-damage|p2a: Dipplin|249/284|[from] Stealth Rock\n|\n|upkeep\n|turn|13\n|\n|t:|1771216003\n|switch|p2a: Clefable|Clefable, L83, F|252/293 tox\n|move|p1a: Dragalge|Dragon Tail|p2a: Clefable\n|-immune|p2a: Clefable\n|\n|upkeep\n|turn|14\n|inactive|Battle timer is ON: inactive players will automatically lose when time's up. (requested by Dmacriz)\n|\n|t:|1771216059\n|move|p2a: Clefable|Moonblast|p1a: Dragalge\n|-damage|p1a: Dragalge|60/258\n|move|p1a: Dragalge|Sludge Wave|p2a: Clefable\n|-supereffective|p2a: Clefable\n|-damage|p2a: Clefable|0 fnt\n|faint|p2a: Clefable\n|\n|upkeep\n|\n|t:|1771216076\n|switch|p2a: Jirachi|Jirachi, L80|239/291\n|-damage|p2a: Jirachi|221/291|[from] Stealth Rock\n|turn|15\n|\n|t:|1771216089\n|move|p2a: Jirachi|Iron Head|p1a: Dragalge\n|-damage|p1a: Dragalge|0 fnt\n|faint|p1a: Dragalge\n|\n|upkeep\n|\n|t:|1771216098\n|switch|p1a: Uxie|Uxie, L83|87/260\n|turn|16\n|\n|t:|1771216101\n|move|p2a: Jirachi|Iron Head|p1a: Uxie\n|-damage|p1a: Uxie|24/260\n|cant|p1a: Uxie|flinch\n|\n|-heal|p1a: Uxie|40/260|[from] item: Leftovers\n|upkeep\n|turn|17\n|\n|t:|1771216109\n|move|p2a: Jirachi|Iron Head|p1a: Uxie\n|-damage|p1a: Uxie|0 fnt\n|faint|p1a: Uxie\n|\n|upkeep\n|\n|t:|1771216118\n|switch|p1a: Zebstrika|Zebstrika, L87, M|134/272\n|turn|18\n|\n|t:|1771216129\n|switch|p2a: Dipplin|Dipplin, L88, F|249/284\n|-damage|p2a: Dipplin|214/284|[from] Stealth Rock\n|move|p1a: Zebstrika|Volt Switch|p2a: Dipplin\n|-resisted|p2a: Dipplin\n|-damage|p2a: Dipplin|197/284\n|-damage|p1a: Zebstrika|107/272|[from] item: Life Orb\n|\n|t:|1771216136\n|switch|p1a: Gumshoos|Gumshoos, L95, M|321/321|[from] Volt Switch\n|\n|upkeep\n|turn|19\n|\n|t:|1771216142\n|move|p1a: Gumshoos|U-turn|p2a: Dipplin\n|-supereffective|p2a: Dipplin\n|-damage|p2a: Dipplin|75/284\n|\n|t:|1771216146\n|switch|p1a: Mightyena|Mightyena, L96, F|138/290|[from] U-turn\n|-ability|p1a: Mightyena|Intimidate|boost\n|-unboost|p2a: Dipplin|atk|1\n|move|p2a: Dipplin|Recover|p2a: Dipplin\n|-heal|p2a: Dipplin|217/284\n|\n|upkeep\n|turn|20\n|\n|t:|1771216158\n|switch|p2a: Qwilfish|Qwilfish-Hisui, L83, F|244/244\n|-damage|p2a: Qwilfish|214/244|[from] Stealth Rock\n|-ability|p2a: Qwilfish|Intimidate|boost\n|-unboost|p1a: Mightyena|atk|1\n|move|p1a: Mightyena|Throat Chop|p2a: Qwilfish\n|-resisted|p2a: Qwilfish\n|-damage|p2a: Qwilfish|188/244\n|-start|p2a: Qwilfish|Throat Chop|[silent]\n|\n|upkeep\n|turn|21\n|\n|t:|1771216170\n|move|p1a: Mightyena|Super Fang|p2a: Qwilfish\n|-damage|p2a: Qwilfish|94/244\n|move|p2a: Qwilfish|Toxic Spikes|p1a: Mightyena\n|-sidestart|p1: 06ScotchZ|move: Toxic Spikes\n|\n|-end|p2a: Qwilfish|Throat Chop|[silent]\n|upkeep\n|turn|22\n|\n|t:|1771216196\n|switch|p1a: Gumshoos|Gumshoos, L95, M|321/321\n|-status|p1a: Gumshoos|psn\n|move|p2a: Qwilfish|Toxic Spikes|p1a: Gumshoos\n|-sidestart|p1: 06ScotchZ|move: Toxic Spikes\n|\n|-damage|p1a: Gumshoos|281/321 psn|[from] psn\n|upkeep\n|turn|23\n|\n|t:|1771216204\n|switch|p2a: Jirachi|Jirachi, L80|221/291\n|-damage|p2a: Jirachi|203/291|[from] Stealth Rock\n|move|p1a: Gumshoos|U-turn|p2a: Jirachi\n|-damage|p2a: Jirachi|7/291\n|\n|t:|1771216209\n|switch|p1a: Mightyena|Mightyena, L96, F|138/290|[from] U-turn\n|-status|p1a: Mightyena|tox\n|-ability|p1a: Mightyena|Intimidate|boost\n|-unboost|p2a: Jirachi|atk|1\n|\n|-damage|p1a: Mightyena|120/290 tox|[from] psn\n|upkeep\n|turn|24\n|\n|t:|1771216219\n|move|p2a: Jirachi|Healing Wish|p2a: Jirachi\n|faint|p2a: Jirachi\n|move|p1a: Mightyena|Throat Chop|p2: Jirachi|[notarget]\n|-fail|p1a: Mightyena\n|\n|-damage|p1a: Mightyena|84/290 tox|[from] psn\n|upkeep\n|\n|t:|1771216226\n|switch|p2a: Qwilfish|Qwilfish-Hisui, L83, F|94/244\n|-heal|p2a: Qwilfish|244/244|[from] move: Healing Wish\n|-damage|p2a: Qwilfish|214/244|[from] Stealth Rock\n|-ability|p2a: Qwilfish|Intimidate|boost\n|-unboost|p1a: Mightyena|atk|1\n|turn|25\n|\n|t:|1771216235\n|move|p2a: Qwilfish|Gunk Shot|p1a: Mightyena\n|-damage|p1a: Mightyena|0 fnt\n|faint|p1a: Mightyena\n|\n|upkeep\n|\n|t:|1771216248\n|switch|p1a: Gumshoos|Gumshoos, L95, M|281/321 psn\n|turn|26\n|\n|t:|1771216254\n|move|p2a: Qwilfish|Crunch|p1a: Gumshoos\n|-damage|p1a: Gumshoos|176/321 psn\n|move|p1a: Gumshoos|Earthquake|p2a: Qwilfish\n|-supereffective|p2a: Qwilfish\n|-damage|p2a: Qwilfish|8/244\n|\n|-damage|p1a: Gumshoos|136/321 psn|[from] psn\n|upkeep\n|turn|27\n|\n|t:|1771216264\n|switch|p2a: Dipplin|Dipplin, L88, F|217/284\n|-damage|p2a: Dipplin|182/284|[from] Stealth Rock\n|move|p1a: Gumshoos|Earthquake|p2a: Dipplin\n|-resisted|p2a: Dipplin\n|-damage|p2a: Dipplin|103/284\n|\n|-damage|p1a: Gumshoos|96/321 psn|[from] psn\n|upkeep\n|turn|28\n|\n|t:|1771216273\n|switch|p1a: Politoed|Politoed, L88, F|302/302\n|-status|p1a: Politoed|tox\n|-weather|RainDance|[from] ability: Drizzle|[of] p1a: Politoed\n|move|p2a: Dipplin|Recover|p2a: Dipplin\n|-heal|p2a: Dipplin|245/284\n|\n|-weather|RainDance|[upkeep]\n|-damage|p1a: Politoed|284/302 tox|[from] psn\n|upkeep\n|turn|29\n|\n|t:|1771216292\n|-terastallize|p2a: Dipplin|Steel\n|move|p1a: Politoed|Hydro Pump|p2a: Dipplin\n|-crit|p2a: Dipplin\n|-damage|p2a: Dipplin|0 fnt\n|faint|p2a: Dipplin\n|\n|-weather|RainDance|[upkeep]\n|-damage|p1a: Politoed|248/302 tox|[from] psn\n|upkeep\n|\n|t:|1771216302\n|switch|p2a: Cryogonal|Cryogonal, L89|287/287\n|turn|30\n|\n|t:|1771216309\n|switch|p1a: Gumshoos|Gumshoos, L95, M|96/321 psn\n|move|p2a: Cryogonal|Rapid Spin|p1a: Gumshoos\n|-damage|p1a: Gumshoos|68/321 psn\n|-boost|p2a: Cryogonal|spe|1\n|-sideend|p2: Dmacriz|Stealth Rock|[from] move: Rapid Spin|[of] p2a: Cryogonal\n|\n|-weather|RainDance|[upkeep]\n|-damage|p1a: Gumshoos|28/321 psn|[from] psn\n|upkeep\n|turn|31\n|\n|t:|1771216320\n|move|p2a: Cryogonal|Ice Beam|p1a: Gumshoos\n|-damage|p1a: Gumshoos|0 fnt\n|faint|p1a: Gumshoos\n|\n|-weather|RainDance|[upkeep]\n|upkeep\n|\n|t:|1771216322\n|switch|p1a: Zebstrika|Zebstrika, L87, M|107/272\n|-status|p1a: Zebstrika|tox\n|turn|32\n|\n|t:|1771216330\n|move|p2a: Cryogonal|Ice Beam|p1a: Zebstrika\n|-damage|p1a: Zebstrika|0 fnt\n|faint|p1a: Zebstrika\n|\n|-weather|none\n|upkeep\n|\n|t:|1771216332\n|switch|p1a: Politoed|Politoed, L88, F|248/302 tox\n|-weather|RainDance|[from] ability: Drizzle|[of] p1a: Politoed\n|turn|33\n|\n|t:|1771216340\n|move|p2a: Cryogonal|Tera Blast|p1a: Politoed\n|-crit|p1a: Politoed\n|-damage|p1a: Politoed|174/302 tox\n|move|p1a: Politoed|Hydro Pump|p2a: Cryogonal|[miss]\n|-miss|p1a: Politoed|p2a: Cryogonal\n|\n|-weather|RainDance|[upkeep]\n|-damage|p1a: Politoed|156/302 tox|[from] psn\n|upkeep\n|turn|34\n|\n|t:|1771216349\n|move|p2a: Cryogonal|Tera Blast|p1a: Politoed\n|-damage|p1a: Politoed|98/302 tox\n|move|p1a: Politoed|Hydro Pump|p2a: Cryogonal\n|-damage|p2a: Cryogonal|104/287\n|\n|-weather|RainDance|[upkeep]\n|-damage|p1a: Politoed|62/302 tox|[from] psn\n|upkeep\n|turn|35\n|\n|t:|1771216358\n|move|p2a: Cryogonal|Recover|p2a: Cryogonal\n|-heal|p2a: Cryogonal|248/287\n|move|p1a: Politoed|Hydro Pump|p2a: Cryogonal\n|-damage|p2a: Cryogonal|79/287\n|\n|-weather|RainDance|[upkeep]\n|-damage|p1a: Politoed|8/302 tox|[from] psn\n|upkeep\n|turn|36\n|\n|t:|1771216367\n|move|p2a: Cryogonal|Rapid Spin|p1a: Politoed\n|-damage|p1a: Politoed|0 fnt\n|-boost|p2a: Cryogonal|spe|1\n|faint|p1a: Politoed\n|\n|win|Dmacriz\n|raw|06ScotchZ's rating: 1666 &rarr; <strong>1647</strong><br />(-19 for losing)\n|raw|Dmacriz's rating: 1680 &rarr; <strong>1699</strong><br />(+19 for winning)\n|l|☆06ScotchZ\n|player|p1|\n", "inputlog": ">version 686819e5e19f8a7fd2345cfc5a08a5085efa2cc3\n>start {\"formatid\":\"gen9randombattle\",\"seed\":\"sodium,2d0d0bc07bed5ed7016377a1fd826137\",\"rated\":\"Rated battle\"}\n>player p1 {\"name\":\"06ScotchZ\",\"avatar\":\"marnie\",\"rating\":1666,\"seed\":\"sodium,c3f017e8d306c07af17866080f10dbff\"}\n>player p2 {\"name\":\"Dmacriz\",\"avatar\":\"cyrus\",\"rating\":1680,\"seed\":\"sodium,1c01553ce990dc72d5ef21541c2bda59\"}\n>p1 move knockoff\n>p2 move uturn\n>p2 switch 3\n>p1 move stealthrock\n>p2 move moonblast\n>p1 move psychicnoise\n>p2 move moonblast\n>p1 move uturn\n>p2 move moonblast\n>p1 switch 3\n>p1 move voltswitch\n>p2 move moonlight\n>p1 switch 5\n>p1 move poisonfang\n>p2 move moonblast\n>p1 move poisonfang\n>p2 move moonlight\n>p1 move poisonfang\n>p2 move moonlight\n>p1 move superfang\n>p2 move moonlight\n>p1 switch 6\n>p2 move moonblast\n>p1 move sludgewave\n>p2 switch 3\n>p1 move dragontail\n>p2 move psychic\n>p1 move dragontail\n>p2 switch 3\n>p1 move sludgewave\n>p2 move moonblast\n>p2 switch 6\n>p1 move dragontail\n>p2 move ironhead\n>p1 switch 3\n>p1 move knockoff\n>p2 move ironhead\n>p1 move knockoff\n>p2 move ironhead\n>p1 switch 5\n>p1 move voltswitch\n>p2 switch 3\n>p1 switch 4\n>p1 move uturn\n>p2 move recover\n>p1 switch 6\n>p1 move throatchop\n>p2 switch 4\n>p1 move superfang\n>p2 move toxicspikes\n>p1 switch 6\n>p2 move toxicspikes\n>p1 move uturn\n>p2 switch 3\n>p1 switch 6\n>p1 move throatchop\n>p2 move healingwish\n>p2 switch 3\n>p1 move superfang\n>p2 move gunkshot\n>p1 switch 6\n>p1 move earthquake\n>p2 move crunch\n>p1 move earthquake\n>p2 switch 4\n>p1 switch 2\n>p2 move recover\n>p1 move hydropump\n>p2 move gigadrain terastallize\n>p2 switch 5\n>p1 switch 2\n>p2 move rapidspin\n>p1 move knockoff\n>p2 move icebeam\n>p1 switch 4\n>p1 move supercellslam\n>p2 move icebeam\n>p1 switch 2\n>p1 move hydropump\n>p2 move terablast\n>p1 move hydropump\n>p2 move terablast\n>p1 move hydropump\n>p2 move recover\n>p1 move hydropump\n>p2 move rapidspin", "uploadtime": 1771216370, "views": 13, "formatid": "gen9randombattle", "rating": 1647, "private": 0, "password": null}