{"id": "gen9randombattle-2540624757", "format": "[Gen 9] Random Battle", "players": ["Pokegod383", "yusei1789"], "log": "|j|☆Pokegod383\n|j|☆yusei1789\n|t:|1771229526\n|gametype|singles\n|player|p1|Pokegod383|266|2205\n|player|p2|yusei1789|170|2295\n|gen|9\n|tier|[Gen 9] Random Battle\n|rated|\n|rule|Species Clause: Limit one of each Pokémon\n|rule|HP Percentage Mod: HP is shown in percentages\n|rule|Sleep Clause Mod: Limit one foe put to sleep\n|rule|Illusion Level Mod: Illusion disguises the Pokémon's true level\n|\n|t:|1771229526\n|teamsize|p1|6\n|teamsize|p2|6\n|start\n|switch|p1a: Klawf|Klawf, L90, F|272/272\n|switch|p2a: Dunsparce|Dunsparce, L86, M|312/312\n|turn|1\n|inactive|Battle timer is ON: inactive players will automatically lose when time's up. (requested by yusei1789)\n|\n|t:|1771229546\n|move|p1a: Klawf|Knock Off|p2a: Dunsparce\n|-damage|p2a: Dunsparce|252/312\n|-enditem|p2a: Dunsparce|Eviolite|[from] move: Knock Off|[of] p1a: Klawf\n|move|p2a: Dunsparce|Coil|p2a: Dunsparce\n|-boost|p2a: Dunsparce|atk|1\n|-boost|p2a: Dunsparce|def|1\n|-boost|p2a: Dunsparce|accuracy|1\n|\n|upkeep\n|turn|2\n|\n|t:|1771229550\n|move|p1a: Klawf|Swords Dance|p1a: Klawf\n|-boost|p1a: Klawf|atk|2\n|move|p2a: Dunsparce|Body Slam|p1a: Klawf\n|-resisted|p1a: Klawf\n|-damage|p1a: Klawf|228/272\n|\n|upkeep\n|turn|3\n|\n|t:|1771229554\n|move|p1a: Klawf|Stone Edge|p2a: Dunsparce\n|-damage|p2a: Dunsparce|75/312\n|move|p2a: Dunsparce|Earthquake|p1a: Klawf\n|-supereffective|p1a: Klawf\n|-damage|p1a: Klawf|88/272\n|-ability|p1a: Klawf|Anger Shell|boost\n|-boost|p1a: Klawf|atk|1\n|-boost|p1a: Klawf|spa|1\n|-boost|p1a: Klawf|spe|1\n|-unboost|p1a: Klawf|def|1\n|-unboost|p1a: Klawf|spd|1\n|\n|upkeep\n|turn|4\n|l|☆Pokegod383\n|inactive|Pokegod383 disconnected and has a minute to reconnect!\n|player|p1|\n|j|☆Pokegod383\n|inactive|Pokegod383 reconnected and has 140 seconds left.\n|player|p1|Pokegod383|266|\n|\n|t:|1771229569\n|move|p1a: Klawf|Crabhammer|p2a: Dunsparce\n|-damage|p2a: Dunsparce|0 fnt\n|faint|p2a: Dunsparce\n|\n|upkeep\n|\n|t:|1771229591\n|switch|p2a: Quaquaval|Quaquaval, L79, M|264/264\n|turn|5\n|\n|t:|1771229595\n|move|p1a: Klawf|Stone Edge|p2a: Quaquaval|[miss]\n|-miss|p1a: Klawf|p2a: Quaquaval\n|move|p2a: Quaquaval|Aqua Step|p1a: Klawf\n|-supereffective|p1a: Klawf\n|-damage|p1a: Klawf|0 fnt\n|-boost|p2a: Quaquaval|spe|1\n|faint|p1a: Klawf\n|-ability|p2a: Quaquaval|Moxie|boost\n|-boost|p2a: Quaquaval|atk|1\n|\n|upkeep\n|\n|t:|1771229602\n|switch|p1a: Electrode|Electrode-Hisui, L87|246/246\n|turn|6\n|\n|t:|1771229612\n|switch|p2a: Slowking|Slowking-Galar, L85, F|300/300\n|move|p1a: Electrode|Thunder Wave|p2a: Slowking\n|-status|p2a: Slowking|par\n|\n|upkeep\n|turn|7\n|\n|t:|1771229621\n|switch|p1a: Araquanid|Araquanid, L82, M|246/246\n|-prepare|p2a: Slowking|Chilly Reception|[premajor]\n|move|p2a: Slowking|Chilly Reception|p2a: Slowking\n|-weather|Snowscape\n|\n|t:|1771229638\n|switch|p2a: Cloyster|Cloyster, L80, M|211/211|[from] Chilly Reception\n|\n|-weather|Snowscape|[upkeep]\n|upkeep\n|turn|8\n|\n|t:|1771229659\n|move|p2a: Cloyster|Shell Smash|p2a: Cloyster\n|-unboost|p2a: Cloyster|def|1\n|-unboost|p2a: Cloyster|spd|1\n|-boost|p2a: Cloyster|atk|2\n|-boost|p2a: Cloyster|spa|2\n|-boost|p2a: Cloyster|spe|2\n|-enditem|p2a: Cloyster|White Herb\n|-clearnegativeboost|p2a: Cloyster|[silent]\n|move|p1a: Araquanid|Hydro Pump|p2a: Cloyster\n|-resisted|p2a: Cloyster\n|-damage|p2a: Cloyster|88/211\n|\n|-weather|Snowscape|[upkeep]\n|upkeep\n|turn|9\n|\n|t:|1771229666\n|move|p2a: Cloyster|Rock Blast|p1a: Araquanid\n|-supereffective|p1a: Araquanid\n|-damage|p1a: Araquanid|182/246\n|-supereffective|p1a: Araquanid\n|-crit|p1a: Araquanid\n|-damage|p1a: Araquanid|92/246\n|-supereffective|p1a: Araquanid\n|-damage|p1a: Araquanid|26/246\n|-supereffective|p1a: Araquanid\n|-damage|p1a: Araquanid|0 fnt\n|faint|p1a: Araquanid\n|-hitcount|p1: Araquanid|4\n|\n|-weather|Snowscape|[upkeep]\n|upkeep\n|\n|t:|1771229669\n|switch|p1a: Politoed|Politoed, L88, M|302/302\n|-weather|RainDance|[from] ability: Drizzle|[of] p1a: Politoed\n|turn|10\n|\n|t:|1771229682\n|move|p2a: Cloyster|Rock Blast|p1a: Politoed\n|-damage|p1a: Politoed|267/302\n|-damage|p1a: Politoed|234/302\n|-damage|p1a: Politoed|200/302\n|-damage|p1a: Politoed|167/302\n|-damage|p1a: Politoed|132/302\n|-hitcount|p1a: Politoed|5\n|move|p1a: Politoed|Surf|p2a: Cloyster\n|-resisted|p2a: Cloyster\n|-damage|p2a: Cloyster|0 fnt\n|faint|p2a: Cloyster\n|\n|-weather|RainDance|[upkeep]\n|-heal|p1a: Politoed|150/302|[from] item: Leftovers\n|upkeep\n|\n|t:|1771229694\n|switch|p2a: Quaquaval|Quaquaval, L79, M|264/264\n|turn|11\n|\n|t:|1771229698\n|move|p2a: Quaquaval|Close Combat|p1a: Politoed\n|-damage|p1a: Politoed|0 fnt\n|-unboost|p2a: Quaquaval|def|1\n|-unboost|p2a: Quaquaval|spd|1\n|faint|p1a: Politoed\n|-ability|p2a: Quaquaval|Moxie|boost\n|-boost|p2a: Quaquaval|atk|1\n|\n|-weather|RainDance|[upkeep]\n|upkeep\n|\n|t:|1771229706\n|switch|p1a: Porygon-Z|Porygon-Z, L83|277/277\n|-ability|p1a: Porygon-Z|Download|boost\n|-boost|p1a: Porygon-Z|spa|1\n|turn|12\n|\n|t:|1771229713\n|-terastallize|p1a: Porygon-Z|Ghost\n|move|p1a: Porygon-Z|Nasty Plot|p1a: Porygon-Z\n|-boost|p1a: Porygon-Z|spa|2\n|move|p2a: Quaquaval|Close Combat|p1a: Porygon-Z\n|-immune|p1a: Porygon-Z\n|\n|-weather|RainDance|[upkeep]\n|upkeep\n|turn|13\n|\n|t:|1771229722\n|switch|p2a: Slowking|Slowking-Galar, L85, F|300/300 par\n|move|p1a: Porygon-Z|Tri Attack|p2a: Slowking\n|-damage|p2a: Slowking|6/300 par\n|-damage|p1a: Porygon-Z|250/277|[from] item: Life Orb\n|\n|-weather|RainDance|[upkeep]\n|upkeep\n|turn|14\n|\n|t:|1771229725\n|move|p1a: Porygon-Z|Tri Attack|p2a: Slowking\n|-damage|p2a: Slowking|0 fnt\n|faint|p2a: Slowking\n|-damage|p1a: Porygon-Z|223/277|[from] item: Life Orb\n|\n|-weather|none\n|upkeep\n|\n|t:|1771229728\n|switch|p2a: Slaking|Slaking, L84, M|389/389\n|turn|15\n|\n|t:|1771229732\n|move|p2a: Slaking|Knock Off|p1a: Porygon-Z\n|-supereffective|p1a: Porygon-Z\n|-damage|p1a: Porygon-Z|0 fnt\n|-enditem|p1a: Porygon-Z|Life Orb|[from] move: Knock Off|[of] p2a: Slaking\n|faint|p1a: Porygon-Z\n|\n|upkeep\n|\n|t:|1771229735\n|switch|p1a: Magcargo|Magcargo, L95, F|268/268\n|turn|16\n|\n|t:|1771229740\n|switch|p2a: Quaquaval|Quaquaval, L79, M|264/264\n|move|p1a: Magcargo|Earth Power|p2a: Quaquaval\n|-damage|p2a: Quaquaval|171/264\n|\n|upkeep\n|turn|17\n|\n|t:|1771229748\n|switch|p1a: Electrode|Electrode-Hisui, L87|246/246\n|move|p2a: Quaquaval|Close Combat|p1a: Electrode\n|-damage|p1a: Electrode|14/246\n|-unboost|p2a: Quaquaval|def|1\n|-unboost|p2a: Quaquaval|spd|1\n|\n|upkeep\n|turn|18\n|\n|t:|1771229752\n|move|p1a: Electrode|Thunderbolt|p2a: Quaquaval\n|-supereffective|p2a: Quaquaval\n|-damage|p2a: Quaquaval|0 fnt\n|faint|p2a: Quaquaval\n|-damage|p1a: Electrode|0 fnt|[from] item: Life Orb\n|faint|p1a: Electrode\n|\n|upkeep\n|\n|t:|1771229768\n|switch|p1a: Magcargo|Magcargo, L95, F|268/268\n|switch|p2a: Flamigo|Flamigo, L82, F|269/269\n|turn|19\n|\n|t:|1771229771\n|-terastallize|p2a: Flamigo|Fighting\n|move|p2a: Flamigo|Close Combat|p1a: Magcargo\n|-supereffective|p1a: Magcargo\n|-damage|p1a: Magcargo|0 fnt\n|-unboost|p2a: Flamigo|def|1\n|-unboost|p2a: Flamigo|spd|1\n|faint|p1a: Magcargo\n|-damage|p2a: Flamigo|243/269|[from] item: Life Orb\n|\n|win|yusei1789\n|raw|Pokegod383's rating: 2205 &rarr; <strong>2190</strong><br />(-15 for losing)\n|raw|yusei1789's rating: 2295 &rarr; <strong>2310</strong><br />(+15 for winning)\n|l|☆Pokegod383\n|player|p1|\n", "inputlog": ">version 686819e5e19f8a7fd2345cfc5a08a5085efa2cc3\n>start {\"formatid\":\"gen9randombattle\",\"seed\":\"sodium,a5d7635f88e978668e56d5c1fb688856\",\"rated\":\"Rated battle\"}\n>player p1 {\"name\":\"Pokegod383\",\"avatar\":\"266\",\"rating\":2205,\"seed\":\"sodium,e7be9ec91d01d39e0f6dd1e463a4cea0\"}\n>player p2 {\"name\":\"yusei1789\",\"avatar\":\"170\",\"rating\":2295,\"seed\":\"sodium,f4f0e46808bd6a62a640761b59f3248a\"}\n>p1 move knockoff\n>p2 move coil\n>p1 move swordsdance\n>p2 move bodyslam\n>p1 move stoneedge\n>p2 move earthquake\n>p1 move crabhammer\n>p2 move earthquake\n>p2 switch 6\n>p1 move stoneedge\n>p2 move aquastep\n>p1 switch 6\n>p1 move thunderwave\n>p2 switch 2\n>p1 switch 4\n>p2 move chillyreception\n>p2 switch 4\n>p1 move hydropump\n>p2 move shellsmash\n>p1 move hydropump\n>p2 move rockblast\n>p1 switch 2\n>p1 move surf\n>p2 move rockblast\n>p2 switch 2\n>p1 move hypnosis\n>p2 move closecombat\n>p1 switch 3\n>p1 move nastyplot terastallize\n>p2 move closecombat\n>p1 move triattack\n>p2 switch 4\n>p1 move triattack\n>p2 move chillyreception\n>p2 switch 3\n>p1 move triattack\n>p2 move knockoff\n>p1 switch 5\n>p1 move earthpower\n>p2 switch 4\n>p1 switch 4\n>p2 move closecombat\n>p1 move thunderbolt\n>p2 move closecombat\n>p1 switch 4\n>p2 switch 5\n>p1 move shellsmash\n>p2 move closecombat terastallize", "uploadtime": 1771229780, "views": 18, "formatid": "gen9randombattle", "rating": 2190, "private": 0, "password": null}