{"id": "gen9randombattle-2540948112", "format": "[Gen 9] Random Battle", "players": ["igiveuponaname", "not fatboieric"], "log": "|j|☆igiveuponaname\n|j|☆not fatboieric\n|t:|1771269907\n|gametype|singles\n|player|p1|igiveuponaname|1|2084\n|player|p2|not fatboieric|leon|2125\n|gen|9\n|tier|[Gen 9] Random Battle\n|rated|\n|rule|Species Clause: Limit one of each Pokémon\n|rule|HP Percentage Mod: HP is shown in percentages\n|rule|Sleep Clause Mod: Limit one foe put to sleep\n|rule|Illusion Level Mod: Illusion disguises the Pokémon's true level\n|\n|t:|1771269907\n|teamsize|p1|6\n|teamsize|p2|6\n|start\n|switch|p1a: Gallade|Gallade, L80, M|240/240\n|switch|p2a: Kyogre|Kyogre, L71|259/259\n|-weather|RainDance|[from] ability: Drizzle|[of] p2a: Kyogre\n|turn|1\n|inactive|Battle timer is ON: inactive players will automatically lose when time's up. (requested by igiveuponaname)\n|\n|t:|1771269918\n|switch|p2a: Gholdengo|Gholdengo, L77|261/261\n|move|p1a: Gallade|Leaf Blade|p2a: Gholdengo\n|-resisted|p2a: Gholdengo\n|-damage|p2a: Gholdengo|182/261\n|\n|-weather|RainDance|[upkeep]\n|-heal|p2a: Gholdengo|198/261|[from] item: Leftovers\n|upkeep\n|turn|2\n|\n|t:|1771269929\n|switch|p1a: Incineroar|Incineroar, L82, F|290/290\n|-ability|p1a: Incineroar|Intimidate|boost\n|-unboost|p2a: Gholdengo|atk|1\n|move|p2a: Gholdengo|Make It Rain|p1a: Incineroar\n|-resisted|p1a: Incineroar\n|-crit|p1a: Incineroar\n|-damage|p1a: Incineroar|195/290\n|-unboost|p2a: Gholdengo|spa|1\n|\n|-weather|RainDance|[upkeep]\n|-heal|p2a: Gholdengo|214/261|[from] item: Leftovers\n|upkeep\n|turn|3\n|\n|t:|1771269939\n|switch|p2a: Honchkrow|Honchkrow, L86, F|312/312\n|move|p1a: Incineroar|Knock Off|p2a: Honchkrow\n|-resisted|p2a: Honchkrow\n|-damage|p2a: Honchkrow|240/312\n|-enditem|p2a: Honchkrow|Heavy-Duty Boots|[from] move: Knock Off|[of] p1a: Incineroar\n|\n|-weather|RainDance|[upkeep]\n|upkeep\n|turn|4\n|\n|t:|1771269945\n|move|p2a: Honchkrow|Brave Bird|p1a: Incineroar\n|-damage|p1a: Incineroar|41/290\n|-damage|p2a: Honchkrow|189/312|[from] Recoil\n|move|p1a: Incineroar|Parting Shot|p2a: Honchkrow\n|-unboost|p2a: Honchkrow|atk|1\n|-unboost|p2a: Honchkrow|spa|1\n|\n|t:|1771269949\n|switch|p1a: Gallade|Gallade, L80, M|240/240|[from] Parting Shot\n|\n|-weather|RainDance|[upkeep]\n|upkeep\n|turn|5\n|\n|t:|1771269954\n|move|p2a: Honchkrow|Sucker Punch|p1a: Gallade\n|-damage|p1a: Gallade|152/240\n|move|p1a: Gallade|Leaf Blade|p2a: Honchkrow\n|-resisted|p2a: Honchkrow\n|-damage|p2a: Honchkrow|71/312\n|\n|-weather|none\n|upkeep\n|turn|6\n|\n|t:|1771269964\n|move|p2a: Honchkrow|Sucker Punch|p1a: Gallade\n|-damage|p1a: Gallade|73/240\n|move|p1a: Gallade|Leaf Blade|p2a: Honchkrow\n|-resisted|p2a: Honchkrow\n|-damage|p2a: Honchkrow|0 fnt\n|faint|p2a: Honchkrow\n|\n|upkeep\n|\n|t:|1771269976\n|switch|p2a: Squawkabilly|Squawkabilly-Yellow, L89, M|291/291\n|turn|7\n|\n|t:|1771269979\n|switch|p1a: Dusknoir|Dusknoir, L89, M|225/225\n|-item|p2a: Squawkabilly|Heavy-Duty Boots|[from] ability: Frisk|[of] p1a: Dusknoir\n|move|p2a: Squawkabilly|Brave Bird|p1a: Dusknoir|[miss]\n|-miss|p2a: Squawkabilly|p1a: Dusknoir\n|\n|upkeep\n|turn|8\n|\n|t:|1771269990\n|switch|p1a: Incineroar|Incineroar, L82, F|41/290\n|-ability|p1a: Incineroar|Intimidate|boost\n|-unboost|p2a: Squawkabilly|atk|1\n|move|p2a: Squawkabilly|Brave Bird|p1a: Incineroar\n|-damage|p1a: Incineroar|0 fnt\n|faint|p1a: Incineroar\n|-damage|p2a: Squawkabilly|277/291|[from] Recoil\n|\n|upkeep\n|\n|t:|1771269994\n|switch|p1a: Electrode|Electrode-Hisui, L87|246/246\n|turn|9\n|\n|t:|1771269997\n|switch|p2a: Chansey|Chansey, L85, F|564/564\n|move|p1a: Electrode|Thunderbolt|p2a: Chansey\n|-damage|p2a: Chansey|512/564\n|\n|upkeep\n|turn|10\n|\n|t:|1771270003\n|move|p1a: Electrode|Leech Seed|p2a: Chansey|[miss]\n|-miss|p1a: Electrode|p2a: Chansey\n|move|p2a: Chansey|Stealth Rock|p1a: Electrode\n|-sidestart|p1: igiveuponaname|move: Stealth Rock\n|\n|upkeep\n|turn|11\n|\n|t:|1771270010\n|switch|p2a: Gholdengo|Gholdengo, L77|214/261\n|move|p1a: Electrode|Substitute|p1a: Electrode\n|-start|p1a: Electrode|Substitute\n|-damage|p1a: Electrode|185/246\n|\n|-heal|p1a: Electrode|200/246|[from] item: Leftovers\n|-heal|p2a: Gholdengo|230/261|[from] item: Leftovers\n|upkeep\n|turn|12\n|\n|t:|1771270023\n|move|p1a: Electrode|Thunderbolt|p2a: Gholdengo\n|-damage|p2a: Gholdengo|139/261\n|move|p2a: Gholdengo|Shadow Ball|p1a: Electrode\n|-end|p1a: Electrode|Substitute\n|\n|-heal|p1a: Electrode|215/246|[from] item: Leftovers\n|-heal|p2a: Gholdengo|155/261|[from] item: Leftovers\n|upkeep\n|turn|13\n|\n|t:|1771270026\n|move|p1a: Electrode|Thunderbolt|p2a: Gholdengo\n|-crit|p2a: Gholdengo\n|-damage|p2a: Gholdengo|19/261\n|move|p2a: Gholdengo|Shadow Ball|p1a: Electrode\n|-damage|p1a: Electrode|128/246\n|\n|-heal|p1a: Electrode|143/246|[from] item: Leftovers\n|-heal|p2a: Gholdengo|35/261|[from] item: Leftovers\n|upkeep\n|turn|14\n|\n|t:|1771270030\n|move|p1a: Electrode|Thunderbolt|p2a: Gholdengo\n|-damage|p2a: Gholdengo|0 fnt\n|faint|p2a: Gholdengo\n|\n|-heal|p1a: Electrode|158/246|[from] item: Leftovers\n|upkeep\n|\n|t:|1771270039\n|switch|p2a: Kyogre|Kyogre, L71|259/259\n|-weather|RainDance|[from] ability: Drizzle|[of] p2a: Kyogre\n|turn|15\n|\n|t:|1771270053\n|switch|p1a: Baxcalibur|Baxcalibur, L75, M|295/295\n|-damage|p1a: Baxcalibur|222/295|[from] Stealth Rock\n|move|p2a: Kyogre|Ice Beam|p1a: Baxcalibur\n|-damage|p1a: Baxcalibur|145/295\n|\n|-weather|RainDance|[upkeep]\n|upkeep\n|turn|16\n|\n|t:|1771270065\n|move|p1a: Baxcalibur|Glaive Rush|p2a: Kyogre\n|-damage|p2a: Kyogre|0 fnt\n|-singlemove|p1a: Baxcalibur|Glaive Rush|[silent]\n|faint|p2a: Kyogre\n|\n|-weather|RainDance|[upkeep]\n|upkeep\n|\n|t:|1771270077\n|switch|p2a: Squawkabilly|Squawkabilly-Yellow, L89, M|277/291\n|turn|17\n|\n|t:|1771270081\n|switch|p1a: Dusknoir|Dusknoir, L89, M|225/225\n|-damage|p1a: Dusknoir|197/225|[from] Stealth Rock\n|-item|p2a: Squawkabilly|Heavy-Duty Boots|[from] ability: Frisk|[of] p1a: Dusknoir\n|move|p2a: Squawkabilly|Brave Bird|p1a: Dusknoir\n|-damage|p1a: Dusknoir|67/225\n|-damage|p2a: Squawkabilly|234/291|[from] Recoil\n|\n|-weather|RainDance|[upkeep]\n|-heal|p1a: Dusknoir|81/225|[from] item: Leftovers\n|upkeep\n|turn|18\n|\n|t:|1771270084\n|move|p2a: Squawkabilly|Brave Bird|p1a: Dusknoir\n|-damage|p1a: Dusknoir|0 fnt\n|faint|p1a: Dusknoir\n|-damage|p2a: Squawkabilly|207/291|[from] Recoil\n|\n|-weather|RainDance|[upkeep]\n|upkeep\n|\n|t:|1771270086\n|switch|p1a: Electrode|Electrode-Hisui, L87|158/246\n|-damage|p1a: Electrode|128/246|[from] Stealth Rock\n|turn|19\n|\n|t:|1771270091\n|-terastallize|p2a: Squawkabilly|Normal\n|move|p2a: Squawkabilly|Quick Attack|p1a: Electrode\n|-damage|p1a: Electrode|14/246\n|move|p1a: Electrode|Thunderbolt|p2a: Squawkabilly\n|-damage|p2a: Squawkabilly|78/291\n|\n|-weather|none\n|-heal|p1a: Electrode|29/246|[from] item: Leftovers\n|upkeep\n|turn|20\n|\n|t:|1771270099\n|move|p2a: Squawkabilly|Quick Attack|p1a: Electrode|[miss]\n|-miss|p2a: Squawkabilly|p1a: Electrode\n|move|p1a: Electrode|Thunderbolt|p2a: Squawkabilly\n|-damage|p2a: Squawkabilly|0 fnt\n|faint|p2a: Squawkabilly\n|\n|-heal|p1a: Electrode|44/246|[from] item: Leftovers\n|upkeep\n|\n|t:|1771270103\n|switch|p2a: Chansey|Chansey, L85, F|512/564\n|turn|21\n|\n|t:|1771270105\n|move|p1a: Electrode|Leech Seed|p2a: Chansey\n|-start|p2a: Chansey|move: Leech Seed\n|move|p2a: Chansey|Seismic Toss|p1a: Electrode\n|-damage|p1a: Electrode|0 fnt\n|faint|p1a: Electrode\n|\n|upkeep\n|\n|t:|1771270107\n|switch|p1a: Baxcalibur|Baxcalibur, L75, M|145/295\n|-damage|p1a: Baxcalibur|72/295|[from] Stealth Rock\n|turn|22\n|\n|t:|1771270112\n|move|p1a: Baxcalibur|Icicle Crash|p2a: Chansey\n|-damage|p2a: Chansey|188/564\n|move|p2a: Chansey|Seismic Toss|p1a: Baxcalibur\n|-damage|p1a: Baxcalibur|0 fnt\n|faint|p1a: Baxcalibur\n|\n|upkeep\n|\n|t:|1771270117\n|switch|p1a: Gallade|Gallade, L80, M|73/240\n|-damage|p1a: Gallade|58/240|[from] Stealth Rock\n|turn|23\n|\n|t:|1771270121\n|move|p1a: Gallade|Sacred Sword|p2a: Chansey\n|-supereffective|p2a: Chansey\n|-damage|p2a: Chansey|0 fnt\n|faint|p2a: Chansey\n|\n|upkeep\n|\n|t:|1771270123\n|switch|p2a: Eiscue|Eiscue, L88, M|274/274\n|turn|24\n|\n|t:|1771270128\n|move|p1a: Gallade|Sacred Sword|p2a: Eiscue\n|-activate|p2a: Eiscue|ability: Ice Face\n|-damage|p2a: Eiscue|274/274\n|detailschange|p2a: Eiscue|Eiscue-Noice, L88, M\n|move|p2a: Eiscue|Belly Drum|p2a: Eiscue\n|-damage|p2a: Eiscue|137/274\n|-setboost|p2a: Eiscue|atk|6|[from] move: Belly Drum\n|-enditem|p2a: Eiscue|Sitrus Berry|[eat]\n|-heal|p2a: Eiscue|205/274|[from] item: Sitrus Berry\n|\n|upkeep\n|turn|25\n|\n|t:|1771270133\n|move|p2a: Eiscue|Ice Spinner|p1a: Gallade\n|-damage|p1a: Gallade|0 fnt\n|faint|p1a: Gallade\n|\n|upkeep\n|\n|t:|1771270134\n|switch|p1a: Furret|Furret, L94, M|312/312\n|-damage|p1a: Furret|273/312|[from] Stealth Rock\n|turn|26\n|\n|t:|1771270137\n|move|p2a: Eiscue|Ice Spinner|p1a: Furret\n|-damage|p1a: Furret|0 fnt\n|faint|p1a: Furret\n|\n|win|not fatboieric\n|raw|igiveuponaname's rating: 2084 &rarr; <strong>2066</strong><br />(-18 for losing)\n|raw|not fatboieric's rating: 2125 &rarr; <strong>2143</strong><br />(+18 for winning)\n|l|☆igiveuponaname\n|player|p1|\n", "inputlog": ">version 686819e5e19f8a7fd2345cfc5a08a5085efa2cc3\n>start {\"formatid\":\"gen9randombattle\",\"seed\":\"sodium,df50a7d40b0932159ecf20e49576d2c4\",\"rated\":\"Rated battle\"}\n>player p1 {\"name\":\"igiveuponaname\",\"avatar\":\"1\",\"rating\":2084,\"seed\":\"sodium,549d96d4d9a7f739c6f0bd28a6284e15\"}\n>player p2 {\"name\":\"not fatboieric\",\"avatar\":\"leon\",\"rating\":2125,\"seed\":\"sodium,0ac9464e1d5bb3f73cf18c1dfa01336d\"}\n>p1 move leafblade\n>p2 switch 5\n>p1 switch 2\n>p2 move makeitrain\n>p1 move knockoff\n>p2 switch 3\n>p1 move partingshot\n>p2 move bravebird\n>p1 switch 2\n>p1 move leafblade\n>p2 move suckerpunch\n>p1 move leafblade\n>p2 move suckerpunch\n>p2 switch 6\n>p1 switch 4\n>p2 move bravebird\n>p1 switch 2\n>p2 move bravebird\n>p1 switch 6\n>p1 move thunderbolt\n>p2 switch 4\n>p1 move leechseed\n>p2 move stealthrock\n>p1 move substitute\n>p2 switch 3\n>p1 move thunderbolt\n>p2 move shadowball\n>p1 move thunderbolt\n>p2 move shadowball\n>p1 move thunderbolt\n>p2 move shadowball\n>p2 switch 5\n>p1 switch 3\n>p2 move icebeam\n>p1 move glaiverush\n>p2 move calmmind\n>p2 switch 4\n>p1 switch 2\n>p2 move bravebird\n>p1 move willowisp\n>p2 move bravebird\n>p1 switch 3\n>p1 move thunderbolt\n>p2 move quickattack terastallize\n>p1 move thunderbolt\n>p2 move quickattack\n>p2 switch 3\n>p1 move leechseed\n>p2 move seismictoss\n>p1 switch 2\n>p1 move iciclecrash\n>p2 move seismictoss\n>p1 switch 4\n>p1 move sacredsword\n>p2 move seismictoss\n>p2 switch 2\n>p1 move sacredsword\n>p2 move bellydrum\n>p1 move sacredsword\n>p2 move icespinner\n>p1 switch 5\n>p1 move doubleedge\n>p2 move icespinner", "uploadtime": 1771270171, "views": 6, "formatid": "gen9randombattle", "rating": 2066, "private": 0, "password": null}