{"id": "gen9randombattle-2540750974", "format": "[Gen 9] Random Battle", "players": ["Katapusan", "Temp91"], "log": "|j|☆Katapusan\n|j|☆Temp91\n|t:|1771249686\n|gametype|singles\n|player|p1|Katapusan|fisherman-gen4|1651\n|player|p2|Temp91|101|1701\n|gen|9\n|tier|[Gen 9] Random Battle\n|rated|\n|rule|Species Clause: Limit one of each Pokémon\n|rule|HP Percentage Mod: HP is shown in percentages\n|rule|Sleep Clause Mod: Limit one foe put to sleep\n|rule|Illusion Level Mod: Illusion disguises the Pokémon's true level\n|\n|t:|1771249686\n|teamsize|p1|6\n|teamsize|p2|6\n|start\n|switch|p1a: Gurdurr|Gurdurr, L85, M|283/283\n|switch|p2a: Milotic|Milotic, L83, M|293/293\n|turn|1\n|inactive|Battle timer is ON: inactive players will automatically lose when time's up. (requested by Katapusan)\n|\n|t:|1771249698\n|switch|p2a: Swanna|Swanna, L89, F|278/278\n|move|p1a: Gurdurr|Bulk Up|p1a: Gurdurr\n|-boost|p1a: Gurdurr|atk|1\n|-boost|p1a: Gurdurr|def|1\n|\n|upkeep\n|turn|2\n|\n|t:|1771249703\n|move|p2a: Swanna|Brave Bird|p1a: Gurdurr\n|-supereffective|p1a: Gurdurr\n|-damage|p1a: Gurdurr|167/283\n|-damage|p2a: Swanna|240/278|[from] Recoil\n|move|p1a: Gurdurr|Knock Off|p2a: Swanna\n|-damage|p2a: Swanna|105/278\n|-enditem|p2a: Swanna|Heavy-Duty Boots|[from] move: Knock Off|[of] p1a: Gurdurr\n|\n|upkeep\n|turn|3\n|\n|t:|1771249718\n|move|p2a: Swanna|Brave Bird|p1a: Gurdurr\n|-supereffective|p1a: Gurdurr\n|-damage|p1a: Gurdurr|41/283\n|-damage|p2a: Swanna|63/278|[from] Recoil\n|move|p1a: Gurdurr|Drain Punch|p2a: Swanna\n|-resisted|p2a: Swanna\n|-damage|p2a: Swanna|0 fnt\n|-heal|p1a: Gurdurr|73/283|[from] drain|[of] p2a: Swanna\n|faint|p2a: Swanna\n|\n|upkeep\n|\n|t:|1771249728\n|switch|p2a: Milotic|Milotic, L83, M|293/293\n|turn|4\n|\n|t:|1771249731\n|move|p2a: Milotic|Scald|p1a: Gurdurr\n|-damage|p1a: Gurdurr|0 fnt\n|faint|p1a: Gurdurr\n|\n|upkeep\n|\n|t:|1771249737\n|switch|p1a: Rotom|Rotom-Mow, L87|229/229\n|turn|5\n|\n|t:|1771249742\n|switch|p2a: Magnezone|Magnezone, L85|258/258\n|move|p1a: Rotom|Volt Switch|p2a: Magnezone\n|-resisted|p2a: Magnezone\n|-damage|p2a: Magnezone|231/258\n|\n|t:|1771249751\n|switch|p1a: Hitmonlee|Hitmonlee, L85, M|223/223|[from] Volt Switch\n|\n|upkeep\n|turn|6\n|\n|t:|1771249758\n|switch|p1a: Rotom|Rotom-Mow, L87|229/229\n|switch|p2a: Milotic|Milotic, L83, M|293/293\n|\n|upkeep\n|turn|7\n|\n|t:|1771249765\n|move|p1a: Rotom|Volt Switch|p2a: Milotic\n|-supereffective|p2a: Milotic\n|-damage|p2a: Milotic|159/293\n|\n|t:|1771249767\n|switch|p1a: Leafeon|Leafeon, L88, M|258/258|[from] Volt Switch\n|move|p2a: Milotic|Recover|p2a: Milotic\n|-heal|p2a: Milotic|293/293\n|\n|upkeep\n|turn|8\n|\n|t:|1771249779\n|switch|p1a: Hitmonlee|Hitmonlee, L85, M|223/223\n|move|p2a: Milotic|Dragon Tail|p1a: Hitmonlee\n|-damage|p1a: Hitmonlee|181/223\n|drag|p1a: Leafeon|Leafeon, L88, M|258/258\n|\n|upkeep\n|turn|9\n|\n|t:|1771249786\n|move|p1a: Leafeon|Swords Dance|p1a: Leafeon\n|-boost|p1a: Leafeon|atk|2\n|move|p2a: Milotic|Ice Beam|p1a: Leafeon\n|-supereffective|p1a: Leafeon\n|-damage|p1a: Leafeon|108/258\n|\n|upkeep\n|turn|10\n|\n|t:|1771249790\n|move|p1a: Leafeon|Leaf Blade|p2a: Milotic\n|-supereffective|p2a: Milotic\n|-damage|p2a: Milotic|0 fnt\n|faint|p2a: Milotic\n|-damage|p1a: Leafeon|83/258|[from] item: Life Orb\n|\n|upkeep\n|\n|t:|1771249794\n|switch|p2a: Cinderace|Cinderace, L77, F|249/249\n|turn|11\n|\n|t:|1771249799\n|move|p2a: Cinderace|U-turn|p1a: Leafeon\n|-start|p2a: Cinderace|typechange|Bug|[from] ability: Libero\n|-supereffective|p1a: Leafeon\n|-damage|p1a: Leafeon|0 fnt\n|faint|p1a: Leafeon\n|\n|t:|1771249804\n|switch|p2a: Leafeon|Leafeon, L88, M|258/258|[from] U-turn\n|\n|upkeep\n|\n|t:|1771249811\n|switch|p1a: Rotom|Rotom-Mow, L87|229/229\n|turn|12\n|\n|t:|1771249814\n|move|p2a: Leafeon|Swords Dance|p2a: Leafeon\n|-boost|p2a: Leafeon|atk|2\n|move|p1a: Rotom|Will-O-Wisp|p2a: Leafeon\n|-status|p2a: Leafeon|brn\n|\n|-damage|p2a: Leafeon|242/258 brn|[from] brn\n|upkeep\n|turn|13\n|\n|t:|1771249822\n|move|p2a: Leafeon|Double-Edge|p1a: Rotom\n|-damage|p1a: Rotom|150/229\n|-damage|p2a: Leafeon|216/258 brn|[from] Recoil\n|move|p1a: Rotom|Volt Switch|p2a: Leafeon\n|-resisted|p2a: Leafeon\n|-damage|p2a: Leafeon|168/258 brn\n|\n|t:|1771249825\n|switch|p1a: Hitmonlee|Hitmonlee, L85, M|181/223|[from] Volt Switch\n|\n|-heal|p2a: Leafeon|184/258 brn|[from] item: Leftovers\n|-damage|p2a: Leafeon|168/258 brn|[from] brn\n|upkeep\n|turn|14\n|\n|t:|1771249831\n|move|p1a: Hitmonlee|Poison Jab|p2a: Leafeon\n|-supereffective|p2a: Leafeon\n|-damage|p2a: Leafeon|70/258 brn\n|move|p2a: Leafeon|Leaf Blade|p1a: Hitmonlee\n|-damage|p1a: Hitmonlee|18/223\n|\n|-heal|p2a: Leafeon|86/258 brn|[from] item: Leftovers\n|-damage|p2a: Leafeon|70/258 brn|[from] brn\n|upkeep\n|turn|15\n|\n|t:|1771249838\n|switch|p1a: Rotom|Rotom-Mow, L87|150/229\n|move|p2a: Leafeon|Leaf Blade|p1a: Rotom\n|-resisted|p1a: Rotom\n|-damage|p1a: Rotom|105/229\n|\n|-heal|p2a: Leafeon|86/258 brn|[from] item: Leftovers\n|-heal|p1a: Rotom|119/229|[from] item: Leftovers\n|-damage|p2a: Leafeon|70/258 brn|[from] brn\n|upkeep\n|turn|16\n|\n|t:|1771249846\n|move|p2a: Leafeon|Double-Edge|p1a: Rotom\n|-damage|p1a: Rotom|29/229\n|-damage|p2a: Leafeon|40/258 brn|[from] Recoil\n|move|p1a: Rotom|Leaf Storm|p2a: Leafeon\n|-resisted|p2a: Leafeon\n|-damage|p2a: Leafeon|0 fnt\n|-unboost|p1a: Rotom|spa|2\n|faint|p2a: Leafeon\n|\n|-heal|p1a: Rotom|43/229|[from] item: Leftovers\n|upkeep\n|\n|t:|1771249852\n|switch|p2a: Cinderace|Cinderace, L77, F|249/249\n|turn|17\n|\n|t:|1771249855\n|move|p2a: Cinderace|U-turn|p1a: Rotom\n|-start|p2a: Cinderace|typechange|Bug|[from] ability: Libero\n|-supereffective|p1a: Rotom\n|-damage|p1a: Rotom|0 fnt\n|faint|p1a: Rotom\n|\n|t:|1771249857\n|switch|p2a: Magnezone|Magnezone, L85|231/258|[from] U-turn\n|\n|upkeep\n|\n|t:|1771249861\n|switch|p1a: Malamar|Malamar, L82, F|275/275\n|turn|18\n|\n|t:|1771249871\n|move|p1a: Malamar|Superpower|p2a: Magnezone\n|-supereffective|p2a: Magnezone\n|-damage|p2a: Magnezone|105/258\n|-boost|p1a: Malamar|atk|1\n|-boost|p1a: Malamar|def|1\n|move|p2a: Magnezone|Volt Switch|p1a: Malamar\n|-damage|p1a: Malamar|128/275\n|\n|t:|1771249874\n|switch|p2a: Cinderace|Cinderace, L77, F|249/249|[from] Volt Switch\n|\n|-heal|p1a: Malamar|145/275|[from] item: Leftovers\n|upkeep\n|turn|19\n|\n|t:|1771249883\n|-terastallize|p1a: Malamar|Steel\n|move|p2a: Cinderace|U-turn|p1a: Malamar\n|-start|p2a: Cinderace|typechange|Bug|[from] ability: Libero\n|-resisted|p1a: Malamar\n|-crit|p1a: Malamar\n|-damage|p1a: Malamar|57/275\n|\n|t:|1771249886\n|switch|p2a: Magnezone|Magnezone, L85|105/258|[from] U-turn\n|move|p1a: Malamar|Superpower|p2a: Magnezone\n|-supereffective|p2a: Magnezone\n|-damage|p2a: Magnezone|0 fnt\n|-boost|p1a: Malamar|atk|1\n|-boost|p1a: Malamar|def|1\n|faint|p2a: Magnezone\n|\n|-heal|p1a: Malamar|74/275|[from] item: Leftovers\n|upkeep\n|\n|t:|1771249888\n|switch|p2a: Cinderace|Cinderace, L77, F|249/249\n|turn|20\n|\n|t:|1771249895\n|move|p2a: Cinderace|High Jump Kick|p1a: Malamar\n|-start|p2a: Cinderace|typechange|Fighting|[from] ability: Libero\n|-supereffective|p1a: Malamar\n|-damage|p1a: Malamar|0 fnt\n|faint|p1a: Malamar\n|\n|upkeep\n|\n|t:|1771249898\n|switch|p1a: Hitmonlee|Hitmonlee, L85, M|18/223\n|turn|21\n|\n|t:|1771249902\n|switch|p2a: Polteageist|Polteageist-Antique, L78|222/222\n|move|p1a: Hitmonlee|High Jump Kick|p2a: Polteageist\n|-immune|p2a: Polteageist\n|-damage|p1a: Hitmonlee|0 fnt|[from] highjumpkick\n|faint|p1a: Hitmonlee\n|\n|upkeep\n|\n|t:|1771249905\n|switch|p1a: Regigigas|Regigigas, L84|322/322\n|-start|p1a: Regigigas|ability: Slow Start\n|turn|22\n|\n|t:|1771249912\n|move|p2a: Polteageist|Shell Smash|p2a: Polteageist\n|-unboost|p2a: Polteageist|def|1\n|-unboost|p2a: Polteageist|spd|1\n|-boost|p2a: Polteageist|atk|2\n|-boost|p2a: Polteageist|spa|2\n|-boost|p2a: Polteageist|spe|2\n|-enditem|p2a: Polteageist|White Herb\n|-clearnegativeboost|p2a: Polteageist|[silent]\n|move|p1a: Regigigas|Knock Off|p2a: Polteageist\n|-supereffective|p2a: Polteageist\n|-damage|p2a: Polteageist|126/222\n|-start|p1a: Regigigas|Disable|Knock Off|[from] ability: Cursed Body|[of] p2a: Polteageist\n|\n|upkeep\n|turn|23\n|-message|Katapusan forfeited.\n|\n|win|Temp91\n|raw|Katapusan's rating: 1651 &rarr; <strong>1634</strong><br />(-17 for losing)\n|raw|Temp91's rating: 1701 &rarr; <strong>1718</strong><br />(+17 for winning)\n|l|☆Katapusan\n|player|p1|\n|n| max-serge|temp91\n|n|☆Temp91|maxserge\n", "inputlog": ">version 686819e5e19f8a7fd2345cfc5a08a5085efa2cc3\n>start {\"formatid\":\"gen9randombattle\",\"seed\":\"sodium,d5b662a9d70ec99b4c6156bb1326c735\",\"rated\":\"Rated battle\"}\n>player p1 {\"name\":\"Katapusan\",\"avatar\":\"fisherman-gen4\",\"rating\":1651,\"seed\":\"sodium,5037251144ecadc7f0be40c74647e021\"}\n>player p2 {\"name\":\"Temp91\",\"avatar\":\"101\",\"rating\":1701,\"seed\":\"sodium,6785a30471747c67c89d1f5ae8664cdf\"}\n>p1 move bulkup\n>p2 switch 3\n>p1 move knockoff\n>p2 move bravebird\n>p1 move drainpunch\n>p2 move bravebird\n>p2 switch 3\n>p1 move drainpunch\n>p2 move scald\n>p1 switch 4\n>p1 move voltswitch\n>p2 switch 5\n>p1 switch 5\n>p1 switch 5\n>p2 switch 5\n>p1 move voltswitch\n>p2 move recover\n>p1 switch 6\n>p1 switch 5\n>p2 move dragontail\n>p1 move swordsdance\n>p2 move icebeam\n>p1 move leafblade\n>p2 move icebeam\n>p2 switch 2\n>p1 move doubleedge\n>p2 move uturn\n>p2 switch 6\n>p1 switch 6\n>p1 move willowisp\n>p2 move swordsdance\n>p1 move voltswitch\n>p2 move doubleedge\n>p1 switch 5\n>p1 move poisonjab\n>p2 move leafblade\n>p1 switch 5\n>p2 move leafblade\n>p1 move leafstorm\n>p2 move doubleedge\n>p2 switch 6\n>p1 move voltswitch\n>p2 move uturn\n>p2 switch 5\n>p1 switch 2\n>p1 move superpower\n>p2 move voltswitch\n>p2 switch 5\n>p1 move superpower terastallize\n>p2 move uturn\n>p2 switch 5\n>p2 switch 5\n>p1 move rest\n>p2 move highjumpkick\n>p1 switch 5\n>p1 move highjumpkick\n>p2 switch 4\n>p1 switch 3\n>p1 move knockoff\n>p2 move shellsmash\n>forcelose p1", "uploadtime": 1771249953, "views": 14, "formatid": "gen9randombattle", "rating": 1634, "private": 0, "password": null}