{"id": "gen9randombattle-2540673817", "format": "[Gen 9] Random Battle", "players": ["M4teo010101", "chrisman13"], "log": "|j|☆M4teo010101\n|j|☆chrisman13\n|t:|1771238130\n|gametype|singles\n|player|p1|M4teo010101|sycamore-masters|1716\n|player|p2|chrisman13|winona|1683\n|gen|9\n|tier|[Gen 9] Random Battle\n|rated|\n|rule|Species Clause: Limit one of each Pokémon\n|rule|HP Percentage Mod: HP is shown in percentages\n|rule|Sleep Clause Mod: Limit one foe put to sleep\n|rule|Illusion Level Mod: Illusion disguises the Pokémon's true level\n|\n|t:|1771238130\n|teamsize|p1|6\n|teamsize|p2|6\n|start\n|switch|p1a: Arbok|Arbok, L87, F|246/246\n|switch|p2a: Kilowattrel|Kilowattrel, L83, M|252/252\n|-ability|p1a: Arbok|Intimidate|boost\n|-unboost|p2a: Kilowattrel|atk|1\n|turn|1\n|inactive|Battle timer is ON: inactive players will automatically lose when time's up. (requested by chrisman13)\n|c|☆M4teo010101|hf\n|inactive|M4teo010101 also wants the timer to be on.\n|l|☆chrisman13\n|inactive|chrisman13 disconnected and has a minute to reconnect!\n|player|p2|\n|j|☆chrisman13\n|inactive|chrisman13 reconnected and has 135 seconds left.\n|player|p2|chrisman13|winona|\n|\n|t:|1771238152\n|move|p2a: Kilowattrel|Discharge|p1a: Arbok\n|-damage|p1a: Arbok|150/246\n|-status|p1a: Arbok|par\n|move|p1a: Arbok|Gunk Shot|p2a: Kilowattrel\n|-damage|p2a: Kilowattrel|78/252\n|\n|-heal|p1a: Arbok|165/246 par|[from] item: Leftovers\n|upkeep\n|turn|2\n|\n|t:|1771238158\n|move|p2a: Kilowattrel|U-turn|p1a: Arbok\n|-resisted|p1a: Arbok\n|-damage|p1a: Arbok|149/246 par\n|\n|t:|1771238162\n|switch|p2a: Fezandipiti|Fezandipiti, L82, M|278/278|[from] U-turn\n|move|p1a: Arbok|Gunk Shot|p2a: Fezandipiti\n|-damage|p2a: Fezandipiti|130/278\n|\n|-heal|p1a: Arbok|164/246 par|[from] item: Leftovers\n|upkeep\n|turn|3\n|\n|t:|1771238172\n|move|p2a: Fezandipiti|Gunk Shot|p1a: Arbok|[miss]\n|-miss|p2a: Fezandipiti|p1a: Arbok\n|move|p1a: Arbok|Earthquake|p2a: Fezandipiti\n|-supereffective|p2a: Fezandipiti\n|-damage|p2a: Fezandipiti|0 fnt\n|faint|p2a: Fezandipiti\n|\n|-heal|p1a: Arbok|179/246 par|[from] item: Leftovers\n|upkeep\n|\n|t:|1771238177\n|switch|p2a: Toedscruel|Toedscruel, L87, F|281/281\n|turn|4\n|\n|t:|1771238179\n|switch|p1a: Ogerpon|Ogerpon, L80, F|259/259\n|move|p2a: Toedscruel|Earth Power|p1a: Ogerpon\n|-resisted|p1a: Ogerpon\n|-damage|p1a: Ogerpon|215/259\n|\n|-heal|p1a: Ogerpon|231/259|[from] item: Leftovers\n|upkeep\n|turn|5\n|\n|t:|1771238186\n|switch|p2a: Squawkabilly|Squawkabilly-White, L89, F|291/291\n|move|p1a: Ogerpon|Ivy Cudgel|p2a: Squawkabilly\n|-resisted|p2a: Squawkabilly\n|-damage|p2a: Squawkabilly|207/291\n|\n|-heal|p1a: Ogerpon|247/259|[from] item: Leftovers\n|upkeep\n|turn|6\n|\n|t:|1771238191\n|move|p1a: Ogerpon|Knock Off|p2a: Squawkabilly\n|-damage|p2a: Squawkabilly|112/291\n|-enditem|p2a: Squawkabilly|Choice Band|[from] move: Knock Off|[of] p1a: Ogerpon\n|move|p2a: Squawkabilly|Brave Bird|p1a: Ogerpon\n|-supereffective|p1a: Ogerpon\n|-damage|p1a: Ogerpon|0 fnt\n|faint|p1a: Ogerpon\n|-damage|p2a: Squawkabilly|30/291|[from] Recoil\n|\n|upkeep\n|\n|t:|1771238192\n|switch|p1a: Arbok|Arbok, L87, F|179/246 par\n|-ability|p1a: Arbok|Intimidate|boost\n|-unboost|p2a: Squawkabilly|atk|1\n|turn|7\n|\n|t:|1771238200\n|move|p2a: Squawkabilly|Quick Attack|p1a: Arbok\n|-damage|p1a: Arbok|125/246 par\n|move|p1a: Arbok|Sucker Punch||[still]\n|-fail|p1a: Arbok\n|\n|-heal|p1a: Arbok|140/246 par|[from] item: Leftovers\n|upkeep\n|turn|8\n|\n|t:|1771238205\n|move|p1a: Arbok|Sucker Punch|p2a: Squawkabilly\n|-damage|p2a: Squawkabilly|0 fnt\n|faint|p2a: Squawkabilly\n|\n|-heal|p1a: Arbok|155/246 par|[from] item: Leftovers\n|upkeep\n|\n|t:|1771238210\n|switch|p2a: Toedscruel|Toedscruel, L87, F|281/281\n|turn|9\n|\n|t:|1771238212\n|switch|p1a: Flapple|Flapple, L88, F|266/266\n|move|p2a: Toedscruel|Earth Power|p1a: Flapple\n|-resisted|p1a: Flapple\n|-damage|p1a: Flapple|212/266\n|\n|upkeep\n|turn|10\n|\n|t:|1771238216\n|switch|p2a: Clefable|Clefable, L83, M|293/293\n|move|p1a: Flapple|Grav Apple|p2a: Clefable\n|-damage|p2a: Clefable|38/293\n|-unboost|p2a: Clefable|def|1\n|\n|upkeep\n|turn|11\n|\n|t:|1771238221\n|move|p1a: Flapple|Grav Apple|p2a: Clefable\n|-damage|p2a: Clefable|0 fnt\n|faint|p2a: Clefable\n|\n|upkeep\n|\n|t:|1771238224\n|switch|p2a: Kilowattrel|Kilowattrel, L83, M|78/252\n|turn|12\n|\n|t:|1771238226\n|switch|p1a: Arbok|Arbok, L87, F|155/246 par\n|-ability|p1a: Arbok|Intimidate|boost\n|-unboost|p2a: Kilowattrel|atk|1\n|move|p2a: Kilowattrel|Hurricane|p1a: Arbok\n|-damage|p1a: Arbok|34/246 par\n|-start|p1a: Arbok|confusion\n|\n|-heal|p1a: Arbok|49/246 par|[from] item: Leftovers\n|upkeep\n|turn|13\n|\n|t:|1771238228\n|-activate|p1a: Arbok|confusion\n|-damage|p1a: Arbok|12/246 par|[from] confusion\n|move|p2a: Kilowattrel|Discharge|p1a: Arbok\n|-damage|p1a: Arbok|0 fnt\n|faint|p1a: Arbok\n|\n|upkeep\n|\n|t:|1771238229\n|switch|p1a: Revavroom|Revavroom, L79, F|256/256\n|turn|14\n|\n|t:|1771238234\n|move|p2a: Kilowattrel|Roost|p2a: Kilowattrel\n|-heal|p2a: Kilowattrel|204/252\n|-singleturn|p2a: Kilowattrel|move: Roost\n|move|p1a: Revavroom|Shift Gear|p1a: Revavroom\n|-boost|p1a: Revavroom|spe|2\n|-boost|p1a: Revavroom|atk|1\n|\n|upkeep\n|turn|15\n|\n|t:|1771238237\n|move|p1a: Revavroom|Gunk Shot|p2a: Kilowattrel\n|-damage|p2a: Kilowattrel|0 fnt\n|faint|p2a: Kilowattrel\n|-damage|p1a: Revavroom|231/256|[from] item: Life Orb\n|\n|upkeep\n|\n|t:|1771238241\n|switch|p2a: Toedscruel|Toedscruel, L87, F|281/281\n|turn|16\n|\n|t:|1771238242\n|move|p1a: Revavroom|Gunk Shot|p2a: Toedscruel\n|-damage|p2a: Toedscruel|0 fnt\n|faint|p2a: Toedscruel\n|-damage|p1a: Revavroom|206/256|[from] item: Life Orb\n|\n|upkeep\n|-message|chrisman13 forfeited.\n|\n|win|M4teo010101\n|raw|M4teo010101's rating: 1716 &rarr; <strong>1734</strong><br />(+18 for winning)\n|raw|chrisman13's rating: 1683 &rarr; <strong>1665</strong><br />(-18 for losing)\n|c|☆M4teo010101|gg\n|l|☆chrisman13\n|player|p2|\n", "inputlog": ">version 686819e5e19f8a7fd2345cfc5a08a5085efa2cc3\n>start {\"formatid\":\"gen9randombattle\",\"seed\":\"sodium,9aae97bfecceca94fbd3a179f1d9d584\",\"rated\":\"Rated battle\"}\n>player p1 {\"name\":\"M4teo010101\",\"avatar\":\"sycamore-masters\",\"rating\":1716,\"seed\":\"sodium,5f5133a78755aab25f130a6017b0a21b\"}\n>player p2 {\"name\":\"chrisman13\",\"avatar\":\"winona\",\"rating\":1683,\"seed\":\"sodium,29e59f055785d9fc627cfb7644f9ab56\"}\n>chat ☆M4teo010101|hf\n>p1 move gunkshot\n>p2 move discharge\n>p1 move gunkshot\n>p2 move uturn\n>p2 switch 4\n>p1 move earthquake\n>p2 move gunkshot\n>p2 switch 2\n>p1 switch 2\n>p2 move earthpower\n>p1 move ivycudgel\n>p2 switch 5\n>p1 move knockoff\n>p2 move bravebird\n>p1 switch 2\n>p1 move suckerpunch\n>p2 move quickattack\n>p1 move suckerpunch\n>p2 move bravebird\n>p2 switch 5\n>p1 switch 3\n>p2 move earthpower\n>p1 move gravapple\n>p2 switch 6\n>p1 move gravapple\n>p2 move moonblast\n>p2 switch 4\n>p1 switch 3\n>p2 move hurricane\n>p1 move suckerpunch\n>p2 move discharge\n>p1 switch 5\n>p1 move shiftgear\n>p2 move roost\n>p1 move gunkshot\n>p2 move discharge\n>p2 switch 6\n>p1 move gunkshot\n>p2 move gigadrain\n>forcelose p2", "uploadtime": 1771238246, "views": 12, "formatid": "gen9randombattle", "rating": 1665, "private": 0, "password": null}