{"id": "gen9randombattle-2540105137", "format": "[Gen 9] Random Battle", "players": ["BrennainSan", "Kulbutron"], "log": "|j|☆BrennainSan\n|j|☆Kulbutron\n|t:|1771162577\n|gametype|singles\n|player|p1|BrennainSan|marshal|1685\n|player|p2|Kulbutron|rood|1697\n|gen|9\n|tier|[Gen 9] Random Battle\n|rated|\n|rule|Species Clause: Limit one of each Pokémon\n|rule|HP Percentage Mod: HP is shown in percentages\n|rule|Sleep Clause Mod: Limit one foe put to sleep\n|rule|Illusion Level Mod: Illusion disguises the Pokémon's true level\n|\n|t:|1771162577\n|teamsize|p1|6\n|teamsize|p2|6\n|start\n|switch|p1a: Gallade|Gallade, L80, M|240/240\n|switch|p2a: Incineroar|Incineroar, L82, M|290/290\n|-ability|p2a: Incineroar|Intimidate|boost\n|-unboost|p1a: Gallade|atk|1\n|turn|1\n|\n|t:|1771162594\n|switch|p1a: Sandy Shocks|Sandy Shocks, L80|267/267\n|switch|p2a: Volbeat|Volbeat, L90, M|263/263\n|\n|upkeep\n|turn|2\n|\n|t:|1771162603\n|move|p2a: Volbeat|Encore||[still]\n|-fail|p2a: Volbeat\n|move|p1a: Sandy Shocks|Thunder Wave|p2a: Volbeat\n|-status|p2a: Volbeat|par\n|\n|upkeep\n|turn|3\n|inactive|Battle timer is ON: inactive players will automatically lose when time's up. (requested by Kulbutron)\n|\n|t:|1771162623\n|-end|p1a: Sandy Shocks|Protosynthesis|[silent]\n|switch|p1a: Bastiodon|Bastiodon, L89, F|252/252\n|move|p2a: Volbeat|Thunder Wave|p1a: Bastiodon\n|-status|p1a: Bastiodon|par\n|\n|upkeep\n|turn|4\n|\n|t:|1771162632\n|switch|p2a: Perrserker|Perrserker, L89, M|269/269\n|move|p1a: Bastiodon|Iron Defense|p1a: Bastiodon\n|-boost|p1a: Bastiodon|def|2\n|\n|upkeep\n|turn|5\n|\n|t:|1771162642\n|move|p2a: Perrserker|Stealth Rock|p1a: Bastiodon\n|-sidestart|p1: BrennainSan|move: Stealth Rock\n|move|p1a: Bastiodon|Iron Defense|p1a: Bastiodon\n|-boost|p1a: Bastiodon|def|2\n|\n|upkeep\n|turn|6\n|\n|t:|1771162647\n|move|p2a: Perrserker|Knock Off|p1a: Bastiodon\n|-damage|p1a: Bastiodon|231/252 par\n|-enditem|p1a: Bastiodon|Chesto Berry|[from] move: Knock Off|[of] p2a: Perrserker\n|-damage|p2a: Perrserker|243/269|[from] item: Life Orb\n|move|p1a: Bastiodon|Body Press|p2a: Perrserker\n|-supereffective|p2a: Perrserker\n|-damage|p2a: Perrserker|0 fnt\n|faint|p2a: Perrserker\n|\n|upkeep\n|\n|t:|1771162663\n|switch|p2a: Volbeat|Volbeat, L90, M|263/263 par\n|turn|7\n|\n|t:|1771162666\n|move|p2a: Volbeat|Encore|p1a: Bastiodon\n|-start|p1a: Bastiodon|Encore\n|cant|p1a: Bastiodon|par\n|\n|upkeep\n|turn|8\n|\n|t:|1771162671\n|move|p2a: Volbeat|Lunge|p1a: Bastiodon\n|-resisted|p1a: Bastiodon\n|-damage|p1a: Bastiodon|224/252 par\n|-unboost|p1a: Bastiodon|atk|1\n|move|p1a: Bastiodon|Body Press|p2a: Volbeat\n|-resisted|p2a: Volbeat\n|-damage|p2a: Volbeat|99/263 par\n|\n|upkeep\n|turn|9\n|\n|t:|1771162680\n|move|p2a: Volbeat|Roost|p2a: Volbeat\n|-heal|p2a: Volbeat|231/263 par\n|-singleturn|p2a: Volbeat|move: Roost\n|move|p1a: Bastiodon|Body Press|p2a: Volbeat\n|-resisted|p2a: Volbeat\n|-damage|p2a: Volbeat|80/263 par\n|\n|-end|p1a: Bastiodon|Encore\n|upkeep\n|turn|10\n|\n|t:|1771162691\n|move|p2a: Volbeat|Encore|p1a: Bastiodon\n|-start|p1a: Bastiodon|Encore\n|move|p1a: Bastiodon|Body Press|p2a: Volbeat\n|-resisted|p2a: Volbeat\n|-damage|p2a: Volbeat|0 fnt\n|faint|p2a: Volbeat\n|\n|upkeep\n|\n|t:|1771162699\n|switch|p2a: Conkeldurr|Conkeldurr, L80, M|299/299\n|turn|11\n|\n|t:|1771162708\n|-terastallize|p1a: Bastiodon|Fighting\n|move|p2a: Conkeldurr|Mach Punch|p1a: Bastiodon\n|-damage|p1a: Bastiodon|214/252 par\n|move|p1a: Bastiodon|Body Press|p2a: Conkeldurr\n|-damage|p2a: Conkeldurr|0 fnt\n|faint|p2a: Conkeldurr\n|\n|upkeep\n|-message|Kulbutron forfeited.\n|\n|win|BrennainSan\n|raw|BrennainSan's rating: 1685 &rarr; <strong>1706</strong><br />(+21 for winning)\n|raw|Kulbutron's rating: 1697 &rarr; <strong>1676</strong><br />(-21 for losing)\n|l|☆Kulbutron\n|player|p2|\n", "inputlog": ">version 686819e5e19f8a7fd2345cfc5a08a5085efa2cc3\n>start {\"formatid\":\"gen9randombattle\",\"seed\":\"sodium,a2bd2499bfc314e8926a62e85d3744f1\",\"rated\":\"Rated battle\"}\n>player p1 {\"name\":\"BrennainSan\",\"avatar\":\"marshal\",\"rating\":1685,\"seed\":\"sodium,c5a03bbc63f805b4a77c53735d30b028\"}\n>player p2 {\"name\":\"Kulbutron\",\"avatar\":\"rood\",\"rating\":1697,\"seed\":\"sodium,1a286bdf622277e020b4c4f0c9587b7d\"}\n>p1 switch 5\n>p2 switch 5\n>p1 move thunderwave\n>p2 move encore\n>p1 switch 3\n>p2 move thunderwave\n>p1 move irondefense\n>p2 switch 3\n>p1 move irondefense\n>p2 move stealthrock\n>p1 move bodypress\n>p2 move knockoff\n>p2 switch 3\n>p1 move bodypress\n>p2 move encore\n>p1 move bodypress\n>p2 move lunge\n>p1 move bodypress\n>p2 move roost\n>p1 move bodypress\n>p2 move encore\n>p2 switch 4\n>p1 move bodypress terastallize\n>p2 move machpunch\n>forcelose p2", "uploadtime": 1771162724, "views": 9, "formatid": "gen9randombattle", "rating": 1676, "private": 0, "password": null}