{"id": "gen9randombattle-2540162993", "format": "[Gen 9] Random Battle", "players": ["PokeAle24", "kuronare"], "log": "|j|☆PokeAle24\n|j|☆kuronare\n|t:|1771170495\n|gametype|singles\n|player|p1|PokeAle24|265|1583\n|player|p2|kuronare|giovanni|1538\n|gen|9\n|tier|[Gen 9] Random Battle\n|rated|\n|rule|Species Clause: Limit one of each Pokémon\n|rule|HP Percentage Mod: HP is shown in percentages\n|rule|Sleep Clause Mod: Limit one foe put to sleep\n|rule|Illusion Level Mod: Illusion disguises the Pokémon's true level\n|\n|t:|1771170495\n|teamsize|p1|6\n|teamsize|p2|6\n|start\n|switch|p1a: Dewgong|Dewgong, L94, M|322/322\n|switch|p2a: Clawitzer|Clawitzer, L87, M|265/265\n|turn|1\n|inactive|Battle timer is ON: inactive players will automatically lose when time's up. (requested by PokeAle24)\n|\n|t:|1771170523\n|move|p1a: Dewgong|Knock Off|p2a: Clawitzer\n|-damage|p2a: Clawitzer|205/265\n|-enditem|p2a: Clawitzer|Assault Vest|[from] move: Knock Off|[of] p1a: Dewgong\n|move|p2a: Clawitzer|U-turn|p1a: Dewgong\n|-damage|p1a: Dewgong|281/322\n|\n|t:|1771170550\n|switch|p2a: Minun|Minun, L95, F|268/268|[from] U-turn\n|\n|upkeep\n|turn|2\n|\n|t:|1771170564\n|switch|p1a: Serperior|Serperior, L79, M|248/248\n|move|p2a: Minun|Nasty Plot|p2a: Minun\n|-boost|p2a: Minun|spa|2\n|\n|upkeep\n|turn|3\n|\n|t:|1771170577\n|move|p2a: Minun|Alluring Voice|p1a: Serperior\n|-damage|p1a: Serperior|93/248\n|-damage|p2a: Minun|242/268|[from] item: Life Orb\n|move|p1a: Serperior|Leaf Storm|p2a: Minun\n|-damage|p2a: Minun|112/268\n|-boost|p1a: Serperior|spa|2\n|-damage|p1a: Serperior|69/248|[from] item: Life Orb\n|\n|upkeep\n|turn|4\n|\n|t:|1771170589\n|move|p2a: Minun|Alluring Voice|p1a: Serperior\n|-damage|p1a: Serperior|0 fnt\n|faint|p1a: Serperior\n|-damage|p2a: Minun|86/268|[from] item: Life Orb\n|\n|upkeep\n|\n|t:|1771170601\n|switch|p1a: Zangoose|Zangoose, L85, M|263/263\n|turn|5\n|\n|t:|1771170609\n|move|p1a: Zangoose|Quick Attack|p2a: Minun\n|-damage|p2a: Minun|14/268\n|move|p2a: Minun|Thunderbolt|p1a: Zangoose\n|-damage|p1a: Zangoose|0 fnt\n|faint|p1a: Zangoose\n|-damage|p2a: Minun|0 fnt|[from] item: Life Orb\n|faint|p2a: Minun\n|\n|upkeep\n|\n|t:|1771170630\n|switch|p2a: Infernape|Infernape, L82, M|259/259\n|switch|p1a: Dewgong|Dewgong, L94, M|281/322\n|turn|6\n|\n|t:|1771170637\n|move|p2a: Infernape|Close Combat|p1a: Dewgong\n|-supereffective|p1a: Dewgong\n|-damage|p1a: Dewgong|0 fnt\n|-unboost|p2a: Infernape|def|1\n|-unboost|p2a: Infernape|spd|1\n|faint|p1a: Dewgong\n|-damage|p2a: Infernape|234/259|[from] item: Life Orb\n|\n|upkeep\n|\n|t:|1771170649\n|switch|p1a: Houndstone|Houndstone, L86, F|264/264\n|turn|7\n|\n|t:|1771170657\n|switch|p2a: Scovillain|Scovillain, L91, F|266/266\n|move|p1a: Houndstone|Poltergeist|p2a: Scovillain\n|-activate|p2a: Scovillain|move: Poltergeist|Leftovers\n|-damage|p2a: Scovillain|112/266\n|\n|-heal|p2a: Scovillain|128/266|[from] item: Leftovers\n|upkeep\n|turn|8\n|\n|t:|1771170667\n|move|p2a: Scovillain|Protect|p2a: Scovillain\n|-singleturn|p2a: Scovillain|Protect\n|move|p1a: Houndstone|Poltergeist|p2a: Scovillain\n|-activate|p2a: Scovillain|move: Protect\n|\n|-heal|p2a: Scovillain|144/266|[from] item: Leftovers\n|upkeep\n|turn|9\n|\n|t:|1771170691\n|move|p2a: Scovillain|Substitute|p2a: Scovillain\n|-start|p2a: Scovillain|Substitute\n|-damage|p2a: Scovillain|78/266\n|move|p1a: Houndstone|Poltergeist|p2a: Scovillain\n|-activate|p2a: Scovillain|move: Poltergeist|Leftovers\n|-end|p2a: Scovillain|Substitute\n|\n|-heal|p2a: Scovillain|94/266|[from] item: Leftovers\n|upkeep\n|turn|10\n|\n|t:|1771170704\n|move|p2a: Scovillain|Protect|p2a: Scovillain\n|-singleturn|p2a: Scovillain|Protect\n|move|p1a: Houndstone|Poltergeist|p2a: Scovillain\n|-activate|p2a: Scovillain|move: Protect\n|\n|-heal|p2a: Scovillain|110/266|[from] item: Leftovers\n|upkeep\n|turn|11\n|\n|t:|1771170715\n|move|p2a: Scovillain|Substitute|p2a: Scovillain\n|-start|p2a: Scovillain|Substitute\n|-damage|p2a: Scovillain|44/266\n|move|p1a: Houndstone|Body Press|p2a: Scovillain\n|-activate|p2a: Scovillain|move: Substitute|[damage]\n|\n|-heal|p2a: Scovillain|60/266|[from] item: Leftovers\n|upkeep\n|turn|12\n|\n|t:|1771170725\n|move|p2a: Scovillain|Leech Seed|p1a: Houndstone\n|-start|p1a: Houndstone|move: Leech Seed\n|move|p1a: Houndstone|Body Press|p2a: Scovillain\n|-end|p2a: Scovillain|Substitute\n|\n|-heal|p2a: Scovillain|76/266|[from] item: Leftovers\n|-damage|p1a: Houndstone|231/264|[from] Leech Seed|[of] p2a: Scovillain\n|-heal|p2a: Scovillain|109/266|[silent]\n|upkeep\n|turn|13\n|\n|t:|1771170734\n|switch|p1a: Palkia|Palkia-Origin, L72|249/249\n|-ability|p1a: Palkia|Pressure\n|move|p2a: Scovillain|Protect||[still]\n|-fail|p2a: Scovillain\n|\n|-heal|p2a: Scovillain|125/266|[from] item: Leftovers\n|upkeep\n|turn|14\n|\n|t:|1771170756\n|move|p1a: Palkia|Thunder Wave|p2a: Scovillain\n|-status|p2a: Scovillain|par\n|cant|p2a: Scovillain|par\n|\n|-heal|p2a: Scovillain|141/266 par|[from] item: Leftovers\n|upkeep\n|turn|15\n|\n|t:|1771170764\n|move|p1a: Palkia|Hydro Pump|p2a: Scovillain\n|-damage|p2a: Scovillain|0 fnt\n|faint|p2a: Scovillain\n|\n|upkeep\n|\n|t:|1771170777\n|switch|p2a: Clawitzer|Clawitzer, L87, M|205/265\n|turn|16\n|\n|t:|1771170783\n|switch|p1a: Enamorus|Enamorus-Therian, L83, F|259/259\n|move|p2a: Clawitzer|Dragon Pulse|p1a: Enamorus\n|-immune|p1a: Enamorus\n|\n|upkeep\n|turn|17\n|\n|t:|1771170794\n|move|p2a: Clawitzer|Water Pulse|p1a: Enamorus\n|-damage|p1a: Enamorus|145/259\n|move|p1a: Enamorus|Agility|p1a: Enamorus\n|-boost|p1a: Enamorus|spe|2\n|\n|upkeep\n|turn|18\n|\n|t:|1771170802\n|move|p1a: Enamorus|Moonblast|p2a: Clawitzer\n|-crit|p2a: Clawitzer\n|-damage|p2a: Clawitzer|18/265\n|move|p2a: Clawitzer|Water Pulse|p1a: Enamorus\n|-damage|p1a: Enamorus|37/259\n|\n|upkeep\n|turn|19\n|\n|t:|1771170810\n|move|p1a: Enamorus|Moonblast|p2a: Clawitzer\n|-damage|p2a: Clawitzer|0 fnt\n|faint|p2a: Clawitzer\n|\n|upkeep\n|\n|t:|1771170819\n|switch|p2a: Chien-Pao|Chien-Pao, L72|234/234\n|-ability|p2a: Chien-Pao|Sword of Ruin\n|turn|20\n|\n|t:|1771170833\n|move|p2a: Chien-Pao|Ice Shard|p1a: Enamorus\n|-supereffective|p1a: Enamorus\n|-damage|p1a: Enamorus|0 fnt\n|faint|p1a: Enamorus\n|\n|upkeep\n|\n|t:|1771170837\n|switch|p1a: Houndstone|Houndstone, L86, F|231/264\n|turn|21\n|\n|t:|1771170843\n|switch|p2a: Infernape|Infernape, L82, M|234/259\n|move|p1a: Houndstone|Body Press|p2a: Infernape\n|-damage|p2a: Infernape|166/259\n|\n|-heal|p1a: Houndstone|247/264|[from] item: Leftovers\n|upkeep\n|turn|22\n|\n|t:|1771170853\n|move|p2a: Infernape|Knock Off|p1a: Houndstone\n|-supereffective|p1a: Houndstone\n|-damage|p1a: Houndstone|173/264\n|-enditem|p1a: Houndstone|Leftovers|[from] move: Knock Off|[of] p2a: Infernape\n|-damage|p2a: Infernape|141/259|[from] item: Life Orb\n|move|p1a: Houndstone|Body Press|p2a: Infernape\n|-damage|p2a: Infernape|67/259\n|\n|upkeep\n|turn|23\n|\n|t:|1771170869\n|move|p2a: Infernape|Overheat|p1a: Houndstone\n|-damage|p1a: Houndstone|0 fnt\n|-unboost|p2a: Infernape|spa|2\n|faint|p1a: Houndstone\n|-damage|p2a: Infernape|42/259|[from] item: Life Orb\n|\n|upkeep\n|\n|t:|1771170876\n|switch|p1a: Palkia|Palkia-Origin, L72|249/249\n|-ability|p1a: Palkia|Pressure\n|turn|24\n|\n|t:|1771170888\n|move|p2a: Infernape|Close Combat|p1a: Palkia\n|-damage|p1a: Palkia|62/249\n|-unboost|p2a: Infernape|def|1\n|-unboost|p2a: Infernape|spd|1\n|-damage|p2a: Infernape|17/259|[from] item: Life Orb\n|move|p1a: Palkia|Thunder Wave|p2a: Infernape\n|-status|p2a: Infernape|par\n|\n|upkeep\n|turn|25\n|-message|PokeAle24 forfeited.\n|\n|win|kuronare\n|raw|PokeAle24's rating: 1583 &rarr; <strong>1560</strong><br />(-23 for losing)\n|raw|kuronare's rating: 1538 &rarr; <strong>1561</strong><br />(+23 for winning)\n|l|☆PokeAle24\n|player|p1|\n", "inputlog": ">version 686819e5e19f8a7fd2345cfc5a08a5085efa2cc3\n>start {\"formatid\":\"gen9randombattle\",\"seed\":\"sodium,34eb5a57a0ce0daa6252bc84e3e57b74\",\"rated\":\"Rated battle\"}\n>player p1 {\"name\":\"PokeAle24\",\"avatar\":\"265\",\"rating\":1583,\"seed\":\"sodium,a4912b136e0d2941d01a1b69d6813c8c\"}\n>player p2 {\"name\":\"kuronare\",\"avatar\":\"giovanni\",\"rating\":1538,\"seed\":\"sodium,fda353765c1cd60f1678a6de611f3e28\"}\n>p1 move knockoff\n>p2 move uturn\n>p2 switch 6\n>p1 switch 6\n>p2 move nastyplot\n>p1 move leafstorm\n>p2 move alluringvoice\n>p1 move leafstorm\n>p2 move alluringvoice\n>p1 switch 3\n>p1 move quickattack\n>p2 move thunderbolt\n>p1 switch 6\n>p2 switch 2\n>p1 move hydropump\n>p2 move closecombat\n>p1 switch 2\n>p1 move poltergeist\n>p2 switch 4\n>p1 move poltergeist\n>p2 move protect\n>p1 move poltergeist\n>p2 move substitute\n>p1 move poltergeist\n>p2 move protect\n>p1 move bodypress\n>p2 move substitute\n>p1 move bodypress\n>p2 move leechseed\n>p1 switch 5\n>p2 move protect\n>p1 move thunderwave\n>p2 move leechseed\n>p1 move hydropump\n>p2 move leechseed\n>p2 switch 6\n>p1 switch 4\n>p2 move dragonpulse\n>p1 move agility\n>p2 move waterpulse\n>p1 move moonblast\n>p2 move waterpulse\n>p1 move moonblast\n>p2 move waterpulse\n>p2 switch 3\n>p1 move moonblast\n>p2 move iceshard\n>p1 switch 5\n>p1 move bodypress\n>p2 switch 4\n>p1 move bodypress\n>p2 move knockoff\n>p1 move rest\n>p2 move overheat\n>p1 switch 4\n>p1 move thunderwave\n>p2 move closecombat\n>forcelose p1", "uploadtime": 1771170904, "views": 11, "formatid": "gen9randombattle", "rating": 1560, "private": 0, "password": null}