{"id": "gen9randombattle-2540313459", "format": "[Gen 9] Random Battle", "players": ["Tryhard_Demon", "hindus curry"], "log": "|j|☆Tryhard_Demon\n|j|☆hindus curry\n|t:|1771187647\n|gametype|singles\n|player|p1|Tryhard_Demon|lusamine-nihilego|1582\n|player|p2|hindus curry|101|1576\n|gen|9\n|tier|[Gen 9] Random Battle\n|rated|\n|rule|Species Clause: Limit one of each Pokémon\n|rule|HP Percentage Mod: HP is shown in percentages\n|rule|Sleep Clause Mod: Limit one foe put to sleep\n|rule|Illusion Level Mod: Illusion disguises the Pokémon's true level\n|\n|t:|1771187647\n|teamsize|p1|6\n|teamsize|p2|6\n|start\n|switch|p1a: Entei|Entei, L78|307/307\n|switch|p2a: Hippowdon|Hippowdon, L82, M|311/311\n|-weather|Sandstorm|[from] ability: Sand Stream|[of] p2a: Hippowdon\n|turn|1\n|\n|t:|1771187653\n|switch|p1a: Amoonguss|Amoonguss, L82, M|321/321\n|move|p2a: Hippowdon|Stealth Rock|p1a: Amoonguss\n|-sidestart|p1: Tryhard_Demon|move: Stealth Rock\n|\n|-weather|Sandstorm|[upkeep]\n|-damage|p1a: Amoonguss|301/321|[from] Sandstorm\n|-heal|p1a: Amoonguss|321/321|[from] item: Leftovers\n|upkeep\n|turn|2\n|inactive|Battle timer is ON: inactive players will automatically lose when time's up. (requested by Tryhard_Demon)\n|\n|t:|1771187660\n|switch|p2a: Altaria|Altaria, L89, F|278/278\n|move|p1a: Amoonguss|Giga Drain|p2a: Altaria\n|-resisted|p2a: Altaria\n|-damage|p2a: Altaria|265/278\n|\n|-weather|Sandstorm|[upkeep]\n|-damage|p2a: Altaria|248/278|[from] Sandstorm\n|-damage|p1a: Amoonguss|301/321|[from] Sandstorm\n|-heal|p1a: Amoonguss|321/321|[from] item: Leftovers\n|upkeep\n|turn|3\n|\n|t:|1771187668\n|move|p2a: Altaria|Dragon Dance|p2a: Altaria\n|-boost|p2a: Altaria|atk|1\n|-boost|p2a: Altaria|spe|1\n|move|p1a: Amoonguss|Sludge Bomb|p2a: Altaria\n|-damage|p2a: Altaria|185/278\n|\n|-weather|Sandstorm|[upkeep]\n|-damage|p2a: Altaria|168/278|[from] Sandstorm\n|-damage|p1a: Amoonguss|301/321|[from] Sandstorm\n|-heal|p1a: Amoonguss|321/321|[from] item: Leftovers\n|upkeep\n|turn|4\n|\n|t:|1771187679\n|move|p2a: Altaria|Brave Bird|p1a: Amoonguss\n|-supereffective|p1a: Amoonguss\n|-damage|p1a: Amoonguss|0 fnt\n|faint|p1a: Amoonguss\n|-damage|p2a: Altaria|62/278|[from] Recoil\n|\n|-weather|Sandstorm|[upkeep]\n|-damage|p2a: Altaria|45/278|[from] Sandstorm\n|upkeep\n|\n|t:|1771187684\n|switch|p1a: Rotom|Rotom-Wash, L83|219/219\n|-damage|p1a: Rotom|192/219|[from] Stealth Rock\n|turn|5\n|\n|t:|1771187689\n|move|p2a: Altaria|Roost|p2a: Altaria\n|-heal|p2a: Altaria|184/278\n|-singleturn|p2a: Altaria|move: Roost\n|move|p1a: Rotom|Thunderbolt|p2a: Altaria\n|-resisted|p2a: Altaria\n|-damage|p2a: Altaria|144/278\n|\n|-weather|none\n|-heal|p1a: Rotom|205/219|[from] item: Leftovers\n|upkeep\n|turn|6\n|\n|t:|1771187698\n|move|p2a: Altaria|Roost|p2a: Altaria\n|-heal|p2a: Altaria|278/278\n|-singleturn|p2a: Altaria|move: Roost\n|move|p1a: Rotom|Nasty Plot|p1a: Rotom\n|-boost|p1a: Rotom|spa|2\n|\n|-heal|p1a: Rotom|218/219|[from] item: Leftovers\n|upkeep\n|turn|7\n|\n|t:|1771187705\n|switch|p2a: Excadrill|Excadrill, L79, F|303/303\n|-ability|p2a: Excadrill|Mold Breaker\n|move|p1a: Rotom|Thunderbolt|p2a: Excadrill\n|-immune|p2a: Excadrill\n|\n|-heal|p1a: Rotom|219/219|[from] item: Leftovers\n|upkeep\n|turn|8\n|\n|t:|1771187708\n|-terastallize|p2a: Excadrill|Water\n|move|p1a: Rotom|Hydro Pump|p2a: Excadrill\n|-resisted|p2a: Excadrill\n|-damage|p2a: Excadrill|198/303\n|move|p2a: Excadrill|Earthquake|p1a: Rotom\n|-supereffective|p1a: Rotom\n|-crit|p1a: Rotom\n|-damage|p1a: Rotom|0 fnt\n|faint|p1a: Rotom\n|\n|upkeep\n|-message|Tryhard_Demon forfeited.\n|\n|win|hindus curry\n|raw|Tryhard_Demon's rating: 1582 &rarr; <strong>1562</strong><br />(-20 for losing)\n|raw|hindus curry's rating: 1576 &rarr; <strong>1596</strong><br />(+20 for winning)\n|l|☆Tryhard_Demon\n|player|p1|\n", "inputlog": ">version 686819e5e19f8a7fd2345cfc5a08a5085efa2cc3\n>start {\"formatid\":\"gen9randombattle\",\"seed\":\"sodium,cc5c9d2cb33f4ef68c8f3e6f74147057\",\"rated\":\"Rated battle\"}\n>player p1 {\"name\":\"Tryhard_Demon\",\"avatar\":\"lusamine-nihilego\",\"rating\":1582,\"seed\":\"sodium,88d5a8f198d1c31c8c454a166e1157d1\"}\n>player p2 {\"name\":\"hindus curry\",\"avatar\":\"101\",\"rating\":1576,\"seed\":\"sodium,146e912a027f27729d5d4c4d391095ed\"}\n>p1 switch 6\n>p2 move stealthrock\n>p1 move gigadrain\n>p2 switch 3\n>p1 move sludgebomb\n>p2 move dragondance\n>p1 move spore\n>p2 move bravebird\n>p1 switch 5\n>p1 move thunderbolt\n>p2 move roost\n>p1 move nastyplot\n>p2 move roost\n>p1 move thunderbolt\n>p2 switch 6\n>p1 move hydropump\n>p2 move earthquake terastallize\n>forcelose p1", "uploadtime": 1771187733, "views": 7, "formatid": "gen9randombattle", "rating": 1562, "private": 0, "password": null}