{"id": "gen9randombattle-2540778814", "format": "[Gen 9] Random Battle", "players": ["crazygreenyt7", "tivico2"], "log": "|j|☆crazygreenyt7\n|j|☆tivico2\n|t:|1771253022\n|gametype|singles\n|player|p1|crazygreenyt7|aetherfoundation2|1748\n|player|p2|tivico2|colress|1734\n|gen|9\n|tier|[Gen 9] Random Battle\n|rated|\n|rule|Species Clause: Limit one of each Pokémon\n|rule|HP Percentage Mod: HP is shown in percentages\n|rule|Sleep Clause Mod: Limit one foe put to sleep\n|rule|Illusion Level Mod: Illusion disguises the Pokémon's true level\n|\n|t:|1771253022\n|teamsize|p1|6\n|teamsize|p2|6\n|start\n|switch|p1a: Gallade|Gallade, L80, M|240/240\n|switch|p2a: Kyurem|Kyurem-White, L73|303/303\n|-ability|p2a: Kyurem|Turboblaze\n|turn|1\n|inactive|Battle timer is ON: inactive players will automatically lose when time's up. (requested by crazygreenyt7)\n|\n|t:|1771253047\n|move|p2a: Kyurem|Draco Meteor|p1a: Gallade\n|-damage|p1a: Gallade|95/240\n|-unboost|p2a: Kyurem|spa|2\n|move|p1a: Gallade|Sacred Sword|p2a: Kyurem\n|-supereffective|p2a: Kyurem\n|-crit|p2a: Kyurem\n|-damage|p2a: Kyurem|0 fnt\n|faint|p2a: Kyurem\n|\n|upkeep\n|\n|t:|1771253055\n|switch|p2a: Toxicroak|Toxicroak, L84, M|277/277\n|turn|2\n|\n|t:|1771253070\n|switch|p1a: Bellibolt|Bellibolt, L84, F|320/320\n|move|p2a: Toxicroak|Gunk Shot|p1a: Bellibolt\n|-damage|p1a: Bellibolt|137/320\n|-start|p1a: Bellibolt|Charge|Gunk Shot|[from] ability: Electromorphosis\n|\n|-heal|p1a: Bellibolt|157/320|[from] item: Leftovers\n|upkeep\n|turn|3\n|inactive|crazygreenyt7 has 120 seconds left.\n|\n|t:|1771253120\n|move|p2a: Toxicroak|Gunk Shot|p1a: Bellibolt|[miss]\n|-miss|p2a: Toxicroak|p1a: Bellibolt\n|move|p1a: Bellibolt|Thunderbolt|p2a: Toxicroak\n|-damage|p2a: Toxicroak|34/277\n|-end|p1a: Bellibolt|Charge|[silent]\n|\n|-heal|p1a: Bellibolt|177/320|[from] item: Leftovers\n|upkeep\n|turn|4\n|inactive|crazygreenyt7 has 90 seconds left.\n|\n|t:|1771253138\n|switch|p1a: Golduck|Golduck, L90, F|290/290\n|-ability|p1a: Golduck|Cloud Nine\n|move|p2a: Toxicroak|Gunk Shot|p1a: Golduck\n|-damage|p1a: Golduck|95/290\n|-status|p1a: Golduck|psn\n|\n|-heal|p1a: Golduck|113/290 psn|[from] item: Leftovers\n|-damage|p1a: Golduck|77/290 psn|[from] psn\n|upkeep\n|turn|5\n|\n|t:|1771253151\n|switch|p2a: Leavanny|Leavanny, L86, M|269/269\n|move|p1a: Golduck|Ice Beam|p2a: Leavanny\n|-supereffective|p2a: Leavanny\n|-damage|p2a: Leavanny|105/269\n|\n|-heal|p1a: Golduck|95/290 psn|[from] item: Leftovers\n|-damage|p1a: Golduck|59/290 psn|[from] psn\n|upkeep\n|turn|6\n|inactive|crazygreenyt7 has 90 seconds left.\n|\n|t:|1771253170\n|switch|p1a: Spectrier|Spectrier, L75|274/274\n|move|p2a: Leavanny|Sticky Web|p1a: Spectrier\n|-sidestart|p1: crazygreenyt7|move: Sticky Web\n|\n|upkeep\n|turn|7\n|\n|t:|1771253180\n|move|p1a: Spectrier|Shadow Ball|p2a: Leavanny\n|-damage|p2a: Leavanny|0 fnt\n|faint|p2a: Leavanny\n|-ability|p1a: Spectrier|Grim Neigh|boost\n|-boost|p1a: Spectrier|spa|1\n|-damage|p1a: Spectrier|247/274|[from] item: Life Orb\n|\n|upkeep\n|\n|t:|1771253183\n|switch|p2a: Toxtricity|Toxtricity, L82, F|257/257\n|turn|8\n|inactive|crazygreenyt7 has 90 seconds left.\n|\n|t:|1771253214\n|move|p2a: Toxtricity|Overdrive|p1a: Spectrier\n|-damage|p1a: Spectrier|108/274\n|move|p1a: Spectrier|Dark Pulse|p2a: Toxtricity\n|-damage|p2a: Toxtricity|104/257\n|-damage|p1a: Spectrier|81/274|[from] item: Life Orb\n|\n|upkeep\n|turn|9\n|\n|t:|1771253230\n|switch|p1a: Bellibolt|Bellibolt, L84, F|177/320\n|-activate|p1a: Bellibolt|move: Sticky Web\n|-unboost|p1a: Bellibolt|spe|1\n|move|p2a: Toxtricity|Overdrive|p1a: Bellibolt\n|-resisted|p1a: Bellibolt\n|-damage|p1a: Bellibolt|115/320\n|-start|p1a: Bellibolt|Charge|Overdrive|[from] ability: Electromorphosis\n|\n|-heal|p1a: Bellibolt|135/320|[from] item: Leftovers\n|upkeep\n|turn|10\n|\n|t:|1771253248\n|switch|p2a: Toxicroak|Toxicroak, L84, M|34/277\n|move|p1a: Bellibolt|Slack Off|p1a: Bellibolt\n|-heal|p1a: Bellibolt|295/320\n|\n|-heal|p1a: Bellibolt|315/320|[from] item: Leftovers\n|upkeep\n|turn|11\n|\n|t:|1771253253\n|move|p2a: Toxicroak|Gunk Shot|p1a: Bellibolt\n|-damage|p1a: Bellibolt|117/320\n|-start|p1a: Bellibolt|Charge|Gunk Shot|[from] ability: Electromorphosis\n|move|p1a: Bellibolt|Thunderbolt|p2a: Toxicroak\n|-damage|p2a: Toxicroak|0 fnt\n|faint|p2a: Toxicroak\n|-end|p1a: Bellibolt|Charge|[silent]\n|\n|-heal|p1a: Bellibolt|137/320|[from] item: Leftovers\n|upkeep\n|\n|t:|1771253265\n|switch|p2a: Cinccino|Cinccino, L83, F|260/260\n|turn|12\n|inactive|crazygreenyt7 has 90 seconds left.\n|\n|t:|1771253292\n|-terastallize|p2a: Cinccino|Normal\n|move|p2a: Cinccino|Tail Slap|p1a: Bellibolt\n|-damage|p1a: Bellibolt|83/320\n|-start|p1a: Bellibolt|Charge|Tail Slap|[from] ability: Electromorphosis\n|-damage|p1a: Bellibolt|35/320\n|-start|p1a: Bellibolt|Charge|Tail Slap|[from] ability: Electromorphosis\n|-damage|p1a: Bellibolt|0 fnt\n|faint|p1a: Bellibolt\n|-hitcount|p1: Bellibolt|3\n|\n|upkeep\n|inactive|crazygreenyt7 has 60 seconds left.\n|inactive|crazygreenyt7 has 30 seconds left.\n|\n|t:|1771253345\n|switch|p1a: Scovillain|Scovillain, L91, F|266/266\n|-activate|p1a: Scovillain|move: Sticky Web\n|-unboost|p1a: Scovillain|spe|1\n|turn|13\n|inactive|crazygreenyt7 has 30 seconds left.\n|\n|t:|1771253358\n|-terastallize|p1a: Scovillain|Fire\n|move|p2a: Cinccino|Tail Slap|p1a: Scovillain\n|-damage|p1a: Scovillain|210/266\n|-damage|p1a: Scovillain|148/266\n|-damage|p1a: Scovillain|88/266\n|-damage|p1a: Scovillain|24/266\n|-damage|p1a: Scovillain|0 fnt\n|faint|p1a: Scovillain\n|-hitcount|p1: Scovillain|5\n|\n|upkeep\n|inactive|crazygreenyt7 has 30 seconds left.\n|inactive|crazygreenyt7 has 20 seconds left.\n|inactive|crazygreenyt7 has 15 seconds left.\n|\n|t:|1771253383\n|switch|p1a: Spectrier|Spectrier, L75|81/274\n|-activate|p1a: Spectrier|move: Sticky Web\n|-unboost|p1a: Spectrier|spe|1\n|turn|14\n|inactive|crazygreenyt7 has 25 seconds left this turn.\n|inactive|crazygreenyt7 has 20 seconds left.\n|\n|t:|1771253389\n|move|p2a: Cinccino|Bullet Seed|p1a: Spectrier\n|-damage|p1a: Spectrier|44/274\n|-damage|p1a: Spectrier|6/274\n|-damage|p1a: Spectrier|0 fnt\n|faint|p1a: Spectrier\n|-hitcount|p1: Spectrier|3\n|\n|upkeep\n|inactive|crazygreenyt7 has 25 seconds left this turn.\n|inactive|crazygreenyt7 has 20 seconds left.\n|inactive|crazygreenyt7 has 15 seconds left.\n|\n|t:|1771253401\n|switch|p1a: Oricorio|Oricorio-Pom-Pom, L82, F|257/257\n|turn|15\n|inactive|crazygreenyt7 has 25 seconds left this turn.\n|inactive|crazygreenyt7 has 20 seconds left.\n|\n|t:|1771253410\n|move|p2a: Cinccino|Triple Axel|p1a: Oricorio\n|-supereffective|p1a: Oricorio\n|-damage|p1a: Oricorio|205/257\n|-supereffective|p1a: Oricorio\n|-damage|p1a: Oricorio|99/257\n|-supereffective|p1a: Oricorio\n|-damage|p1a: Oricorio|0 fnt\n|faint|p1a: Oricorio\n|-hitcount|p1: Oricorio|3\n|\n|upkeep\n|inactive|crazygreenyt7 has 25 seconds left this turn.\n|inactive|crazygreenyt7 has 20 seconds left.\n|\n|t:|1771253416\n|switch|p1a: Golduck|Golduck, L90, F|59/290 psn\n|-activate|p1a: Golduck|move: Sticky Web\n|-unboost|p1a: Golduck|spe|1\n|-ability|p1a: Golduck|Cloud Nine\n|turn|16\n|inactive|crazygreenyt7 has 30 seconds left this turn.\n|\n|t:|1771253419\n|move|p2a: Cinccino|Tail Slap|p1a: Golduck\n|-damage|p1a: Golduck|9/290 psn\n|-damage|p1a: Golduck|0 fnt\n|faint|p1a: Golduck\n|-hitcount|p1: Golduck|2\n|\n|upkeep\n|\n|t:|1771253421\n|switch|p1a: Gallade|Gallade, L80, M|95/240\n|-activate|p1a: Gallade|move: Sticky Web\n|-unboost|p1a: Gallade|spe|1\n|turn|17\n|\n|t:|1771253424\n|move|p2a: Cinccino|Tail Slap|p1a: Gallade\n|-damage|p1a: Gallade|25/240\n|-damage|p1a: Gallade|0 fnt\n|faint|p1a: Gallade\n|-hitcount|p1: Gallade|2\n|\n|win|tivico2\n|raw|crazygreenyt7's rating: 1748 &rarr; <strong>1727</strong><br />(-21 for losing)\n|raw|tivico2's rating: 1734 &rarr; <strong>1755</strong><br />(+21 for winning)\n|c|☆tivico2|gg\n|l|☆crazygreenyt7\n|player|p1|\n", "inputlog": ">version 686819e5e19f8a7fd2345cfc5a08a5085efa2cc3\n>start {\"formatid\":\"gen9randombattle\",\"seed\":\"sodium,ab2a2711ecbdb18091d48ab79dfc91e6\",\"rated\":\"Rated battle\"}\n>player p1 {\"name\":\"crazygreenyt7\",\"avatar\":\"aetherfoundation2\",\"rating\":1748,\"seed\":\"sodium,b23e0f84a6a4888bd91aec6268ea4138\"}\n>player p2 {\"name\":\"tivico2\",\"avatar\":\"colress\",\"rating\":1734,\"seed\":\"sodium,76ba90077a79d60c67f56029ef287b71\"}\n>p1 move sacredsword\n>p2 move dracometeor\n>p2 switch 2\n>p1 switch 6\n>p2 move gunkshot\n>p1 move thunderbolt\n>p2 move gunkshot\n>p1 switch 2\n>p2 move gunkshot\n>p1 move icebeam\n>p2 switch 6\n>p1 switch 4\n>p2 move stickyweb\n>p1 move shadowball\n>p2 move knockoff\n>p2 switch 5\n>p1 move darkpulse\n>p2 move overdrive\n>p1 switch 2\n>p2 move overdrive\n>p1 move slackoff\n>p2 switch 6\n>p1 move thunderbolt\n>p2 move gunkshot\n>p2 switch 4\n>p1 move slackoff\n>p2 move tailslap terastallize\n>p1 switch 5\n>p1 move overheat terastallize\n>p2 move tailslap\n>p1 switch 2\n>p1 move darkpulse\n>p2 move bulletseed\n>p1 switch 3\n>p1 move quiverdance\n>p2 move tripleaxel\n>p1 switch 4\n>p1 move hydropump\n>p2 move tailslap\n>p1 switch 6\n>p1 move sacredsword\n>p2 move tailslap", "uploadtime": 1771253432, "views": 5, "formatid": "gen9randombattle", "rating": 1727, "private": 0, "password": null}