{"id": "gen9randombattle-2540488781", "format": "[Gen 9] Random Battle", "players": ["jjk02", "drsmoothlove"], "log": "|j|☆jjk02\n|j|☆drsmoothlove\n|t:|1771208329\n|gametype|singles\n|player|p1|jjk02|cynthia-gen4|1727\n|player|p2|drsmoothlove|colress|1711\n|gen|9\n|tier|[Gen 9] Random Battle\n|rated|\n|rule|Species Clause: Limit one of each Pokémon\n|rule|HP Percentage Mod: HP is shown in percentages\n|rule|Sleep Clause Mod: Limit one foe put to sleep\n|rule|Illusion Level Mod: Illusion disguises the Pokémon's true level\n|\n|t:|1771208329\n|teamsize|p1|6\n|teamsize|p2|6\n|start\n|switch|p1a: Gumshoos|Gumshoos, L95, F|321/321\n|switch|p2a: Iron Crown|Iron Crown, L78|268/268\n|turn|1\n|inactive|Battle timer is ON: inactive players will automatically lose when time's up. (requested by jjk02)\n|\n|t:|1771208354\n|move|p2a: Iron Crown|Volt Switch|p1a: Gumshoos\n|-damage|p1a: Gumshoos|232/321\n|\n|t:|1771208360\n|-end|p2a: Iron Crown|Quark Drive|[silent]\n|switch|p2a: Flygon|Flygon, L82, F|265/265|[from] Volt Switch\n|move|p1a: Gumshoos|Knock Off|p2a: Flygon\n|-damage|p2a: Flygon|0 fnt\n|-enditem|p2a: Flygon|Lum Berry|[from] move: Knock Off|[of] p1a: Gumshoos\n|faint|p2a: Flygon\n|\n|upkeep\n|\n|t:|1771208370\n|switch|p2a: Mienshao|Mienshao, L83, M|244/244\n|turn|2\n|\n|t:|1771208376\n|switch|p1a: Dedenne|Dedenne, L88, F|261/261\n|move|p2a: Mienshao|Fake Out|p1a: Dedenne\n|-damage|p1a: Dedenne|214/261\n|\n|upkeep\n|turn|3\n|\n|t:|1771208395\n|move|p1a: Dedenne|Nuzzle|p2a: Mienshao\n|-damage|p2a: Mienshao|222/244\n|-status|p2a: Mienshao|par\n|cant|p2a: Mienshao|par\n|\n|upkeep\n|turn|4\n|\n|t:|1771208409\n|move|p1a: Dedenne|Super Fang|p2a: Mienshao\n|-damage|p2a: Mienshao|111/244 par\n|move|p2a: Mienshao|U-turn|p1a: Dedenne\n|-resisted|p1a: Dedenne\n|-damage|p1a: Dedenne|179/261\n|\n|t:|1771208421\n|switch|p2a: Iron Crown|Iron Crown, L78|268/268|[from] U-turn\n|\n|upkeep\n|turn|5\n|\n|t:|1771208428\n|-end|p2a: Iron Crown|Quark Drive|[silent]\n|switch|p2a: Electivire|Electivire, L84, F|263/263\n|move|p1a: Dedenne|Nuzzle|p2a: Electivire\n|-ability|p2a: Electivire|Motor Drive|boost\n|-boost|p2a: Electivire|spe|1\n|\n|upkeep\n|turn|6\n|\n|t:|1771208439\n|switch|p1a: Salamence|Salamence, L77, F|273/273\n|-ability|p1a: Salamence|Intimidate|boost\n|-unboost|p2a: Electivire|atk|1\n|move|p2a: Electivire|Bulk Up|p2a: Electivire\n|-boost|p2a: Electivire|atk|1\n|-boost|p2a: Electivire|def|1\n|\n|upkeep\n|turn|7\n|\n|t:|1771208455\n|switch|p1a: Hariyama|Hariyama, L87, F|392/392\n|move|p2a: Electivire|Ice Punch|p1a: Hariyama\n|-damage|p1a: Hariyama|337/392\n|-damage|p2a: Electivire|237/263|[from] item: Life Orb\n|\n|upkeep\n|turn|8\n|\n|t:|1771208469\n|move|p2a: Electivire|Bulk Up|p2a: Electivire\n|-boost|p2a: Electivire|atk|1\n|-boost|p2a: Electivire|def|1\n|move|p1a: Hariyama|Close Combat|p2a: Electivire\n|-damage|p2a: Electivire|140/263\n|-unboost|p1a: Hariyama|def|1\n|-unboost|p1a: Hariyama|spd|1\n|\n|upkeep\n|turn|9\n|\n|t:|1771208480\n|switch|p1a: Gumshoos|Gumshoos, L95, F|232/321\n|move|p2a: Electivire|Supercell Slam|p1a: Gumshoos\n|-damage|p1a: Gumshoos|0 fnt\n|faint|p1a: Gumshoos\n|-damage|p2a: Electivire|114/263|[from] item: Life Orb\n|\n|upkeep\n|\n|t:|1771208482\n|switch|p1a: Salamence|Salamence, L77, F|273/273\n|-ability|p1a: Salamence|Intimidate|boost\n|-unboost|p2a: Electivire|atk|1\n|turn|10\n|\n|t:|1771208494\n|switch|p1a: Hariyama|Hariyama, L87, F|337/392\n|move|p2a: Electivire|Supercell Slam|p1a: Hariyama\n|-damage|p1a: Hariyama|145/392\n|-damage|p2a: Electivire|88/263|[from] item: Life Orb\n|\n|upkeep\n|turn|11\n|\n|t:|1771208504\n|switch|p1a: Dedenne|Dedenne, L88, F|179/261\n|move|p2a: Electivire|Bulk Up|p2a: Electivire\n|-boost|p2a: Electivire|atk|1\n|-boost|p2a: Electivire|def|1\n|\n|upkeep\n|turn|12\n|\n|t:|1771208514\n|move|p2a: Electivire|Ice Punch|p1a: Dedenne\n|-damage|p1a: Dedenne|30/261\n|-enditem|p1a: Dedenne|Sitrus Berry|[eat]\n|-heal|p1a: Dedenne|95/261|[from] item: Sitrus Berry\n|-heal|p1a: Dedenne|182/261|[from] ability: Cheek Pouch\n|-damage|p2a: Electivire|62/263|[from] item: Life Orb\n|move|p1a: Dedenne|Dazzling Gleam|p2a: Electivire\n|-damage|p2a: Electivire|0 fnt\n|faint|p2a: Electivire\n|\n|upkeep\n|inactive|drsmoothlove has 120 seconds left.\n|\n|t:|1771208549\n|switch|p2a: Iron Crown|Iron Crown, L78|268/268\n|turn|13\n|inactive|drsmoothlove has 120 seconds left.\n|\n|t:|1771208561\n|move|p1a: Dedenne|Nuzzle|p2a: Iron Crown\n|-damage|p2a: Iron Crown|252/268\n|-status|p2a: Iron Crown|par\n|move|p2a: Iron Crown|Tachyon Cutter|p1a: Dedenne\n|-damage|p1a: Dedenne|85/261\n|-damage|p1a: Dedenne|0 fnt\n|faint|p1a: Dedenne\n|-hitcount|p1: Dedenne|2\n|\n|upkeep\n|\n|t:|1771208573\n|switch|p1a: Hariyama|Hariyama, L87, F|145/392\n|turn|14\n|inactive|drsmoothlove has 120 seconds left.\n|\n|t:|1771208591\n|-end|p2a: Iron Crown|Quark Drive|[silent]\n|switch|p2a: Tornadus|Tornadus-Therian, L79, M|254/254\n|move|p1a: Hariyama|Close Combat|p2a: Tornadus\n|-resisted|p2a: Tornadus\n|-damage|p2a: Tornadus|160/254\n|-unboost|p1a: Hariyama|def|1\n|-unboost|p1a: Hariyama|spd|1\n|\n|upkeep\n|turn|15\n|inactive|drsmoothlove has 120 seconds left.\n|\n|t:|1771208603\n|switch|p1a: Florges|Florges-Blue, L85, F|271/271\n|move|p2a: Tornadus|Bleakwind Storm|p1a: Florges\n|-damage|p1a: Florges|204/271\n|\n|-heal|p1a: Florges|220/271|[from] item: Leftovers\n|upkeep\n|turn|16\n|inactive|drsmoothlove has 120 seconds left.\n|\n|t:|1771208614\n|move|p2a: Tornadus|U-turn|p1a: Florges\n|-resisted|p1a: Florges\n|-damage|p1a: Florges|195/271\n|\n|t:|1771208618\n|switch|p2a: Iron Crown|Iron Crown, L78|252/268 par|[from] U-turn\n|move|p1a: Florges|Calm Mind|p1a: Florges\n|-boost|p1a: Florges|spa|1\n|-boost|p1a: Florges|spd|1\n|\n|-heal|p1a: Florges|211/271|[from] item: Leftovers\n|upkeep\n|turn|17\n|\n|t:|1771208642\n|move|p1a: Florges|Calm Mind|p1a: Florges\n|-boost|p1a: Florges|spa|1\n|-boost|p1a: Florges|spd|1\n|move|p2a: Iron Crown|Psyshock|p1a: Florges\n|-damage|p1a: Florges|58/271\n|\n|-heal|p1a: Florges|74/271|[from] item: Leftovers\n|upkeep\n|turn|18\n|\n|t:|1771208650\n|move|p1a: Florges|Synthesis|p1a: Florges\n|-heal|p1a: Florges|209/271\n|cant|p2a: Iron Crown|par\n|\n|-heal|p1a: Florges|225/271|[from] item: Leftovers\n|upkeep\n|turn|19\n|\n|t:|1771208658\n|-terastallize|p1a: Florges|Ground\n|move|p1a: Florges|Tera Blast|p2a: Iron Crown|[anim] Tera Blast Ground\n|-supereffective|p2a: Iron Crown\n|-damage|p2a: Iron Crown|0 fnt\n|faint|p2a: Iron Crown\n|-end|p2a: Iron Crown|Quark Drive|[silent]\n|\n|-heal|p1a: Florges|241/271|[from] item: Leftovers\n|upkeep\n|\n|t:|1771208675\n|switch|p2a: Tornadus|Tornadus-Therian, L79, M|244/254\n|turn|20\n|\n|t:|1771208679\n|move|p2a: Tornadus|Knock Off|p1a: Florges\n|-damage|p1a: Florges|171/271\n|-enditem|p1a: Florges|Leftovers|[from] move: Knock Off|[of] p2a: Tornadus\n|move|p1a: Florges|Moonblast|p2a: Tornadus\n|-crit|p2a: Tornadus\n|-damage|p2a: Tornadus|13/254\n|\n|upkeep\n|turn|21\n|\n|t:|1771208696\n|move|p2a: Tornadus|U-turn|p1a: Florges\n|-damage|p1a: Florges|113/271\n|\n|t:|1771208700\n|switch|p2a: Jolteon|Jolteon, L84, M|246/246|[from] U-turn\n|move|p1a: Florges|Synthesis|p1a: Florges\n|-heal|p1a: Florges|248/271\n|\n|upkeep\n|turn|22\n|-message|drsmoothlove forfeited.\n|\n|win|jjk02\n|raw|jjk02's rating: 1727 &rarr; <strong>1746</strong><br />(+19 for winning)\n|raw|drsmoothlove's rating: 1711 &rarr; <strong>1692</strong><br />(-19 for losing)\n", "inputlog": ">version 686819e5e19f8a7fd2345cfc5a08a5085efa2cc3\n>start {\"formatid\":\"gen9randombattle\",\"seed\":\"sodium,13c2f8f2b9640bb14017e620c0518976\",\"rated\":\"Rated battle\"}\n>player p1 {\"name\":\"jjk02\",\"avatar\":\"cynthia-gen4\",\"rating\":1727,\"seed\":\"sodium,d510cf87538a72dc638f12f11cb858b2\"}\n>player p2 {\"name\":\"drsmoothlove\",\"avatar\":\"colress\",\"rating\":1711,\"seed\":\"sodium,425dfa13e0134fb054c0e95b1c32d98b\"}\n>p1 move knockoff\n>p2 move voltswitch\n>p2 switch 2\n>p2 switch 3\n>p1 switch 2\n>p2 move fakeout\n>p1 move nuzzle\n>p2 move uturn\n>p1 move superfang\n>p2 move uturn\n>p2 switch 2\n>p1 move nuzzle\n>p2 switch 4\n>p1 switch 6\n>p2 move bulkup\n>p1 switch 3\n>p2 move icepunch\n>p1 move closecombat\n>p2 move bulkup\n>p1 switch 2\n>p2 move supercellslam\n>p1 switch 3\n>p1 switch 2\n>p2 move supercellslam\n>p1 switch 6\n>p2 move bulkup\n>p1 move dazzlinggleam\n>p2 move icepunch\n>p2 switch 4\n>p1 move nuzzle\n>p2 move tachyoncutter\n>p1 switch 6\n>p1 move closecombat\n>p2 switch 6\n>p1 switch 4\n>p2 move bleakwindstorm\n>p1 move calmmind\n>p2 move uturn\n>p2 switch 6\n>p1 move calmmind\n>p2 move psyshock\n>p1 move synthesis\n>p2 move psyshock\n>p1 move terablast terastallize\n>p2 move psyshock\n>p2 switch 6\n>p1 move moonblast\n>p2 move knockoff\n>p1 move synthesis\n>p2 move uturn\n>p2 switch 5\n>forcelose p2", "uploadtime": 1771208718, "views": 8, "formatid": "gen9randombattle", "rating": 1692, "private": 0, "password": null}