{"id": "gen9randombattle-2540754855", "format": "[Gen 9] Random Battle", "players": ["FantasyWind", "KeiserKing"], "log": "|j|‽FantasyWind\n|j|☆KeiserKing\n|t:|1771250182\n|gametype|singles\n|player|p1|FantasyWind|rosa|1724\n|player|p2|KeiserKing|101|1713\n|gen|9\n|tier|[Gen 9] Random Battle\n|rated|\n|rule|Species Clause: Limit one of each Pokémon\n|rule|HP Percentage Mod: HP is shown in percentages\n|rule|Sleep Clause Mod: Limit one foe put to sleep\n|rule|Illusion Level Mod: Illusion disguises the Pokémon's true level\n|\n|t:|1771250182\n|teamsize|p1|6\n|teamsize|p2|6\n|start\n|switch|p1a: Walking Wake|Walking Wake, L79|286/286\n|switch|p2a: Rhyperior|Rhyperior, L82, M|323/323\n|turn|1\n|inactive|Battle timer is ON: inactive players will automatically lose when time's up. (requested by FantasyWind)\n|\n|t:|1771250202\n|move|p1a: Walking Wake|Sunny Day|p1a: Walking Wake\n|-weather|SunnyDay\n|-activate|p1a: Walking Wake|ability: Protosynthesis\n|-start|p1a: Walking Wake|protosynthesisspa\n|move|p2a: Rhyperior|Dragon Tail|p1a: Walking Wake\n|-supereffective|p1a: Walking Wake\n|-damage|p1a: Walking Wake|184/286\n|-end|p1a: Walking Wake|Protosynthesis|[silent]\n|drag|p1a: Minun|Minun, L95, M|268/268\n|\n|-weather|SunnyDay|[upkeep]\n|upkeep\n|turn|2\n|\n|t:|1771250215\n|move|p1a: Minun|Grass Knot|p2a: Rhyperior\n|-supereffective|p2a: Rhyperior\n|-damage|p2a: Rhyperior|15/323\n|-damage|p1a: Minun|242/268|[from] item: Life Orb\n|move|p2a: Rhyperior|Earthquake|p1a: Minun\n|-supereffective|p1a: Minun\n|-damage|p1a: Minun|0 fnt\n|faint|p1a: Minun\n|\n|-weather|SunnyDay|[upkeep]\n|upkeep\n|\n|t:|1771250220\n|switch|p1a: Walking Wake|Walking Wake, L79|184/286\n|-activate|p1a: Walking Wake|ability: Protosynthesis\n|-start|p1a: Walking Wake|protosynthesisspa\n|turn|3\n|\n|t:|1771250226\n|move|p1a: Walking Wake|Hydro Steam|p2a: Rhyperior\n|-supereffective|p2a: Rhyperior\n|-damage|p2a: Rhyperior|0 fnt\n|faint|p2a: Rhyperior\n|-damage|p1a: Walking Wake|156/286|[from] item: Life Orb\n|\n|-weather|SunnyDay|[upkeep]\n|upkeep\n|\n|t:|1771250243\n|switch|p2a: Dusknoir|Dusknoir, L89, F|225/225\n|-item|p1a: Walking Wake|Life Orb|[from] ability: Frisk|[of] p2a: Dusknoir\n|turn|4\n|\n|t:|1771250251\n|move|p1a: Walking Wake|Hydro Steam|p2a: Dusknoir\n|-damage|p2a: Dusknoir|69/225\n|-damage|p1a: Walking Wake|128/286|[from] item: Life Orb\n|move|p2a: Dusknoir|Poltergeist|p1a: Walking Wake\n|-activate|p1a: Walking Wake|move: Poltergeist|Life Orb\n|-crit|p1a: Walking Wake\n|-damage|p1a: Walking Wake|0 fnt\n|faint|p1a: Walking Wake\n|-end|p1a: Walking Wake|Protosynthesis|[silent]\n|\n|-weather|SunnyDay|[upkeep]\n|-heal|p2a: Dusknoir|83/225|[from] item: Leftovers\n|upkeep\n|\n|t:|1771250256\n|switch|p1a: Zarude|Zarude, L77|288/288\n|turn|5\n|\n|t:|1771250274\n|-singleturn|p2a: Dusknoir|move: Focus Punch\n|move|p1a: Zarude|Swords Dance|p1a: Zarude\n|-boost|p1a: Zarude|atk|2\n|move|p2a: Dusknoir|Focus Punch|p1a: Zarude\n|-supereffective|p1a: Zarude\n|-damage|p1a: Zarude|42/288\n|\n|-weather|none\n|-heal|p2a: Dusknoir|97/225|[from] item: Leftovers\n|upkeep\n|turn|6\n|\n|t:|1771250288\n|move|p1a: Zarude|Knock Off|p2a: Dusknoir\n|-supereffective|p2a: Dusknoir\n|-damage|p2a: Dusknoir|0 fnt\n|-enditem|p2a: Dusknoir|Leftovers|[from] move: Knock Off|[of] p1a: Zarude\n|faint|p2a: Dusknoir\n|-damage|p1a: Zarude|14/288|[from] item: Life Orb\n|\n|upkeep\n|\n|t:|1771250297\n|switch|p2a: Typhlosion|Typhlosion, L84, M|267/267\n|turn|7\n|\n|t:|1771250304\n|move|p2a: Typhlosion|Eruption|p1a: Zarude\n|-supereffective|p1a: Zarude\n|-crit|p1a: Zarude\n|-damage|p1a: Zarude|0 fnt\n|faint|p1a: Zarude\n|\n|upkeep\n|\n|t:|1771250307\n|switch|p1a: Mesprit|Mesprit, L85|275/275\n|turn|8\n|\n|t:|1771250319\n|move|p2a: Typhlosion|Eruption|p1a: Mesprit\n|-damage|p1a: Mesprit|139/275\n|move|p1a: Mesprit|Psychic Noise|p2a: Typhlosion\n|-damage|p2a: Typhlosion|173/267\n|-start|p2a: Typhlosion|move: Heal Block\n|\n|-heal|p1a: Mesprit|156/275|[from] item: Leftovers\n|upkeep\n|turn|9\n|\n|t:|1771250329\n|switch|p2a: Crawdaunt|Crawdaunt, L84, M|243/243\n|move|p1a: Mesprit|Psychic Noise|p2a: Crawdaunt\n|-immune|p2a: Crawdaunt\n|\n|-heal|p1a: Mesprit|173/275|[from] item: Leftovers\n|upkeep\n|turn|10\n|\n|t:|1771250337\n|-terastallize|p1a: Mesprit|Fighting\n|move|p1a: Mesprit|Drain Punch|p2a: Crawdaunt\n|-supereffective|p2a: Crawdaunt\n|-damage|p2a: Crawdaunt|45/243\n|-heal|p1a: Mesprit|272/275|[from] drain|[of] p2a: Crawdaunt\n|move|p2a: Crawdaunt|Knock Off|p1a: Mesprit\n|-resisted|p1a: Mesprit\n|-damage|p1a: Mesprit|176/275\n|-enditem|p1a: Mesprit|Leftovers|[from] move: Knock Off|[of] p2a: Crawdaunt\n|-damage|p2a: Crawdaunt|21/243|[from] item: Life Orb\n|\n|upkeep\n|turn|11\n|\n|t:|1771250350\n|move|p1a: Mesprit|Stealth Rock|p2a: Crawdaunt\n|-sidestart|p2: KeiserKing|move: Stealth Rock\n|move|p2a: Crawdaunt|Knock Off|p1a: Mesprit\n|-resisted|p1a: Mesprit\n|-damage|p1a: Mesprit|108/275\n|-damage|p2a: Crawdaunt|0 fnt|[from] item: Life Orb\n|faint|p2a: Crawdaunt\n|\n|upkeep\n|\n|t:|1771250368\n|switch|p2a: Typhlosion|Typhlosion, L84, M|173/267\n|-damage|p2a: Typhlosion|107/267|[from] Stealth Rock\n|turn|12\n|\n|t:|1771250374\n|-terastallize|p2a: Typhlosion|Fire\n|move|p2a: Typhlosion|Fire Blast|p1a: Mesprit\n|-damage|p1a: Mesprit|0 fnt\n|faint|p1a: Mesprit\n|\n|upkeep\n|\n|t:|1771250380\n|switch|p1a: Dragapult|Dragapult, L77, F|262/262\n|turn|13\n|\n|t:|1771250386\n|switch|p2a: Orthworm|Orthworm, L88, F|266/266\n|-damage|p2a: Orthworm|250/266|[from] Stealth Rock\n|move|p1a: Dragapult|Shadow Ball|p2a: Orthworm\n|-damage|p2a: Orthworm|96/266\n|\n|upkeep\n|turn|14\n|\n|t:|1771250398\n|move|p1a: Dragapult|Shadow Ball|p2a: Orthworm\n|-damage|p2a: Orthworm|0 fnt\n|faint|p2a: Orthworm\n|\n|upkeep\n|\n|t:|1771250402\n|switch|p2a: Necrozma|Necrozma, L80|286/286\n|-damage|p2a: Necrozma|251/286|[from] Stealth Rock\n|turn|15\n|\n|t:|1771250409\n|move|p1a: Dragapult|Shadow Ball|p2a: Necrozma\n|-supereffective|p2a: Necrozma\n|-damage|p2a: Necrozma|79/286\n|-enditem|p2a: Necrozma|Weakness Policy\n|-boost|p2a: Necrozma|atk|2|[from] item: Weakness Policy\n|-boost|p2a: Necrozma|spa|2|[from] item: Weakness Policy\n|move|p2a: Necrozma|Knock Off|p1a: Dragapult\n|-supereffective|p1a: Dragapult\n|-damage|p1a: Dragapult|0 fnt\n|-enditem|p1a: Dragapult|Choice Specs|[from] move: Knock Off|[of] p2a: Necrozma\n|faint|p1a: Dragapult\n|\n|upkeep\n|\n|t:|1771250412\n|switch|p1a: Banette|Banette, L93, F|270/270\n|turn|16\n|\n|t:|1771250421\n|move|p1a: Banette|Shadow Sneak|p2a: Necrozma\n|-supereffective|p2a: Necrozma\n|-crit|p2a: Necrozma\n|-damage|p2a: Necrozma|0 fnt\n|faint|p2a: Necrozma\n|-damage|p1a: Banette|243/270|[from] item: Life Orb\n|\n|upkeep\n|\n|t:|1771250426\n|switch|p2a: Typhlosion|Typhlosion, L84, M, tera:Fire|107/267\n|-damage|p2a: Typhlosion|41/267|[from] Stealth Rock\n|turn|17\n|\n|t:|1771250431\n|move|p1a: Banette|Shadow Sneak|p2a: Typhlosion\n|-damage|p2a: Typhlosion|0 fnt\n|faint|p2a: Typhlosion\n|-damage|p1a: Banette|216/270|[from] item: Life Orb\n|\n|win|FantasyWind\n|raw|FantasyWind's rating: 1724 &rarr; <strong>1743</strong><br />(+19 for winning)\n|raw|KeiserKing's rating: 1713 &rarr; <strong>1694</strong><br />(-19 for losing)\n|l|☆KeiserKing\n|player|p2|\n", "inputlog": ">version 686819e5e19f8a7fd2345cfc5a08a5085efa2cc3\n>start {\"formatid\":\"gen9randombattle\",\"seed\":\"sodium,cd99b0efa6f3ed8359b635818fc2ef38\",\"rated\":\"Rated battle\"}\n>player p1 {\"name\":\"FantasyWind\",\"avatar\":\"rosa\",\"rating\":1724,\"seed\":\"sodium,fd4929cfe6ba6eacde6f357793edf41d\"}\n>player p2 {\"name\":\"KeiserKing\",\"avatar\":\"101\",\"rating\":1713,\"seed\":\"sodium,dad62f6cab5be1e5596efd9c51bdd507\"}\n>p1 move sunnyday\n>p2 move dragontail\n>p1 move grassknot\n>p2 move earthquake\n>p1 switch 4\n>p1 move hydrosteam\n>p2 move earthquake\n>p2 switch 3\n>p1 move hydrosteam\n>p2 move poltergeist\n>p1 switch 6\n>p1 move swordsdance\n>p2 move focuspunch\n>p1 move knockoff\n>p2 move poltergeist\n>p2 switch 5\n>p1 move knockoff\n>p2 move eruption\n>p1 switch 5\n>p1 move psychicnoise\n>p2 move eruption\n>p1 move psychicnoise\n>p2 switch 4\n>p1 move drainpunch terastallize\n>p2 move knockoff\n>p1 move stealthrock\n>p2 move knockoff\n>p2 switch 4\n>p1 move drainpunch\n>p2 move fireblast terastallize\n>p1 switch 3\n>p1 move shadowball\n>p2 switch 2\n>p1 move shadowball\n>p2 move rest\n>p2 switch 6\n>p1 move shadowball\n>p2 move knockoff\n>p1 switch 2\n>p1 move shadowsneak\n>p2 move knockoff\n>p2 switch 2\n>p1 move shadowsneak\n>p2 move fireblast", "uploadtime": 1771250433, "views": 5, "formatid": "gen9randombattle", "rating": 1694, "private": 0, "password": null}