{"id": "gen9randombattle-2540411426", "format": "[Gen 9] Random Battle", "players": ["yoursodapop", "treeshhhh"], "log": "|j|☆yoursodapop\n|j|☆treeshhhh\n|t:|1771198754\n|gametype|singles\n|player|p1|yoursodapop|dawn|1689\n|player|p2|treeshhhh|169|1662\n|gen|9\n|tier|[Gen 9] Random Battle\n|rated|\n|rule|Species Clause: Limit one of each Pokémon\n|rule|HP Percentage Mod: HP is shown in percentages\n|rule|Sleep Clause Mod: Limit one foe put to sleep\n|rule|Illusion Level Mod: Illusion disguises the Pokémon's true level\n|\n|t:|1771198754\n|teamsize|p1|6\n|teamsize|p2|6\n|start\n|switch|p1a: Ogerpon|Ogerpon, L80, F|259/259\n|switch|p2a: Yanmega|Yanmega, L82, M|275/275\n|turn|1\n|inactive|Battle timer is ON: inactive players will automatically lose when time's up. (requested by yoursodapop)\n|\n|t:|1771198769\n|switch|p1a: Milotic|Milotic, L83, M|293/293\n|move|p2a: Yanmega|Bug Buzz|p1a: Milotic\n|-damage|p1a: Milotic|172/293\n|\n|-heal|p1a: Milotic|190/293|[from] item: Leftovers\n|upkeep\n|turn|2\n|\n|t:|1771198776\n|move|p2a: Yanmega|Bug Buzz|p1a: Milotic\n|-damage|p1a: Milotic|79/293\n|move|p1a: Milotic|Ice Beam|p2a: Yanmega\n|-supereffective|p2a: Yanmega\n|-damage|p2a: Yanmega|95/275\n|\n|-heal|p1a: Milotic|97/293|[from] item: Leftovers\n|upkeep\n|turn|3\n|\n|t:|1771198782\n|move|p2a: Yanmega|Bug Buzz|p1a: Milotic\n|-damage|p1a: Milotic|0 fnt\n|faint|p1a: Milotic\n|\n|upkeep\n|\n|t:|1771198790\n|switch|p1a: Ogerpon|Ogerpon, L80, F|259/259\n|turn|4\n|\n|t:|1771198793\n|move|p1a: Ogerpon|Knock Off|p2a: Yanmega\n|-damage|p2a: Yanmega|0 fnt\n|-enditem|p2a: Yanmega|Choice Specs|[from] move: Knock Off|[of] p1a: Ogerpon\n|faint|p2a: Yanmega\n|-damage|p1a: Ogerpon|234/259|[from] item: Life Orb\n|\n|upkeep\n|\n|t:|1771198820\n|switch|p2a: Noivern|Noivern, L82, F|274/274\n|turn|5\n|\n|t:|1771198833\n|switch|p1a: Umbreon|Umbreon, L84, F|297/297\n|move|p2a: Noivern|U-turn|p1a: Umbreon\n|-supereffective|p1a: Umbreon\n|-damage|p1a: Umbreon|233/297\n|\n|t:|1771198845\n|switch|p2a: Phione|Phione, L91|293/293|[from] U-turn\n|\n|-heal|p1a: Umbreon|251/297|[from] item: Leftovers\n|upkeep\n|turn|6\n|\n|t:|1771198853\n|switch|p1a: Ogerpon|Ogerpon, L80, F|234/259\n|move|p2a: Phione|Take Heart|p2a: Phione\n|-boost|p2a: Phione|spa|1\n|-boost|p2a: Phione|spd|1\n|\n|upkeep\n|turn|7\n|\n|t:|1771198863\n|switch|p2a: Noivern|Noivern, L82, F|274/274\n|move|p1a: Ogerpon|Ivy Cudgel|p2a: Noivern\n|-resisted|p2a: Noivern\n|-damage|p2a: Noivern|235/274\n|-damage|p1a: Ogerpon|209/259|[from] item: Life Orb\n|\n|upkeep\n|turn|8\n|\n|t:|1771198871\n|move|p2a: Noivern|Hurricane|p1a: Ogerpon\n|-supereffective|p1a: Ogerpon\n|-damage|p1a: Ogerpon|0 fnt\n|faint|p1a: Ogerpon\n|\n|upkeep\n|\n|t:|1771198874\n|switch|p1a: Umbreon|Umbreon, L84, F|251/297\n|turn|9\n|\n|t:|1771198881\n|switch|p2a: Phione|Phione, L91|293/293\n|move|p1a: Umbreon|Foul Play|p2a: Phione\n|-damage|p2a: Phione|218/293\n|\n|-heal|p2a: Phione|236/293|[from] item: Leftovers\n|-heal|p1a: Umbreon|269/297|[from] item: Leftovers\n|upkeep\n|turn|10\n|\n|t:|1771198889\n|move|p2a: Phione|Scald|p1a: Umbreon\n|-damage|p1a: Umbreon|202/297\n|move|p1a: Umbreon|Toxic|p2a: Phione\n|-status|p2a: Phione|tox\n|\n|-heal|p2a: Phione|254/293 tox|[from] item: Leftovers\n|-heal|p1a: Umbreon|220/297|[from] item: Leftovers\n|-damage|p2a: Phione|236/293 tox|[from] psn\n|upkeep\n|turn|11\n|\n|t:|1771198893\n|move|p2a: Phione|Take Heart|p2a: Phione\n|-boost|p2a: Phione|spa|1\n|-boost|p2a: Phione|spd|1\n|-curestatus|p2a: Phione|tox|[msg]\n|move|p1a: Umbreon|Foul Play|p2a: Phione\n|-damage|p2a: Phione|163/293\n|\n|-heal|p2a: Phione|181/293|[from] item: Leftovers\n|-heal|p1a: Umbreon|238/297|[from] item: Leftovers\n|upkeep\n|turn|12\n|\n|t:|1771198903\n|move|p1a: Umbreon|Protect|p1a: Umbreon\n|-singleturn|p1a: Umbreon|Protect\n|move|p2a: Phione|Scald|p1a: Umbreon\n|-activate|p1a: Umbreon|move: Protect\n|\n|-heal|p2a: Phione|199/293|[from] item: Leftovers\n|-heal|p1a: Umbreon|256/297|[from] item: Leftovers\n|upkeep\n|turn|13\n|\n|t:|1771198908\n|switch|p1a: Wugtrio|Wugtrio, L91, F|212/212\n|move|p2a: Phione|Scald|p1a: Wugtrio\n|-resisted|p1a: Wugtrio\n|-damage|p1a: Wugtrio|143/212\n|\n|-heal|p2a: Phione|217/293|[from] item: Leftovers\n|upkeep\n|turn|14\n|\n|t:|1771198915\n|move|p1a: Wugtrio|Throat Chop|p2a: Phione\n|-damage|p2a: Phione|122/293\n|-start|p2a: Phione|Throat Chop|[silent]\n|move|p2a: Phione|Scald|p1a: Wugtrio\n|-resisted|p1a: Wugtrio\n|-damage|p1a: Wugtrio|77/212\n|\n|-heal|p2a: Phione|140/293|[from] item: Leftovers\n|upkeep\n|turn|15\n|\n|t:|1771198931\n|switch|p2a: Arcanine|Arcanine, L84, F|288/288\n|-ability|p2a: Arcanine|Intimidate|boost\n|-unboost|p1a: Wugtrio|atk|1\n|move|p1a: Wugtrio|Throat Chop|p2a: Arcanine\n|-damage|p2a: Arcanine|211/288\n|-start|p2a: Arcanine|Throat Chop|[silent]\n|\n|upkeep\n|turn|16\n|\n|t:|1771198938\n|switch|p1a: Emboar|Emboar, L84, M|322/322\n|move|p2a: Arcanine|Close Combat|p1a: Emboar\n|-damage|p1a: Emboar|205/322\n|-unboost|p2a: Arcanine|def|1\n|-unboost|p2a: Arcanine|spd|1\n|\n|-end|p2a: Arcanine|Throat Chop|[silent]\n|upkeep\n|turn|17\n|\n|t:|1771198950\n|switch|p2a: Mew|Mew, L82|298/298\n|move|p1a: Emboar|Knock Off|p2a: Mew\n|-supereffective|p2a: Mew\n|-damage|p2a: Mew|58/298\n|-enditem|p2a: Mew|Life Orb|[from] move: Knock Off|[of] p1a: Emboar\n|\n|upkeep\n|turn|18\n|\n|t:|1771198957\n|switch|p1a: Umbreon|Umbreon, L84, F|256/297\n|move|p2a: Mew|Psychic Fangs|p1a: Umbreon\n|-immune|p1a: Umbreon\n|\n|-heal|p1a: Umbreon|274/297|[from] item: Leftovers\n|upkeep\n|turn|19\n|\n|t:|1771198963\n|move|p2a: Mew|Close Combat|p1a: Umbreon\n|-supereffective|p1a: Umbreon\n|-damage|p1a: Umbreon|132/297\n|-unboost|p2a: Mew|def|1\n|-unboost|p2a: Mew|spd|1\n|move|p1a: Umbreon|Foul Play|p2a: Mew\n|-supereffective|p2a: Mew\n|-damage|p2a: Mew|0 fnt\n|faint|p2a: Mew\n|\n|-heal|p1a: Umbreon|150/297|[from] item: Leftovers\n|upkeep\n|\n|t:|1771198968\n|switch|p2a: Zekrom|Zekrom, L71|259/259\n|-ability|p2a: Zekrom|Teravolt\n|turn|20\n|\n|t:|1771198974\n|move|p2a: Zekrom|Substitute|p2a: Zekrom\n|-start|p2a: Zekrom|Substitute\n|-damage|p2a: Zekrom|195/259\n|move|p1a: Umbreon|Foul Play|p2a: Zekrom\n|-end|p2a: Zekrom|Substitute\n|\n|-heal|p2a: Zekrom|211/259|[from] item: Leftovers\n|-heal|p1a: Umbreon|168/297|[from] item: Leftovers\n|upkeep\n|turn|21\n|\n|t:|1771198980\n|switch|p2a: Arcanine|Arcanine, L84, F|211/288\n|-ability|p2a: Arcanine|Intimidate|boost\n|-unboost|p1a: Umbreon|atk|1\n|switch|p1a: Emboar|Emboar, L84, M|205/322\n|\n|upkeep\n|turn|22\n|\n|t:|1771198996\n|switch|p2a: Noivern|Noivern, L82, F|235/274\n|move|p1a: Emboar|Knock Off|p2a: Noivern\n|-crit|p2a: Noivern\n|-damage|p2a: Noivern|37/274\n|-enditem|p2a: Noivern|Choice Specs|[from] move: Knock Off|[of] p1a: Emboar\n|\n|upkeep\n|turn|23\n|\n|t:|1771199005\n|move|p2a: Noivern|Hurricane|p1a: Emboar\n|-supereffective|p1a: Emboar\n|-damage|p1a: Emboar|0 fnt\n|faint|p1a: Emboar\n|\n|upkeep\n|\n|t:|1771199011\n|switch|p1a: Umbreon|Umbreon, L84, F|168/297\n|turn|24\n|\n|t:|1771199016\n|move|p2a: Noivern|U-turn|p1a: Umbreon\n|-supereffective|p1a: Umbreon\n|-damage|p1a: Umbreon|108/297\n|\n|t:|1771199018\n|switch|p2a: Phione|Phione, L91|140/293|[from] U-turn\n|move|p1a: Umbreon|Wish|p1a: Umbreon\n|\n|-heal|p2a: Phione|158/293|[from] item: Leftovers\n|-heal|p1a: Umbreon|126/297|[from] item: Leftovers\n|upkeep\n|turn|25\n|\n|t:|1771199023\n|move|p2a: Phione|Take Heart|p2a: Phione\n|-boost|p2a: Phione|spa|1\n|-boost|p2a: Phione|spd|1\n|move|p1a: Umbreon|Foul Play|p2a: Phione\n|-damage|p2a: Phione|80/293\n|\n|-heal|p1a: Umbreon|274/297|[from] move: Wish|[wisher] Umbreon\n|-heal|p2a: Phione|98/293|[from] item: Leftovers\n|-heal|p1a: Umbreon|292/297|[from] item: Leftovers\n|upkeep\n|turn|26\n|\n|t:|1771199028\n|move|p2a: Phione|Scald|p1a: Umbreon\n|-damage|p1a: Umbreon|189/297\n|move|p1a: Umbreon|Wish|p1a: Umbreon\n|\n|-heal|p2a: Phione|116/293|[from] item: Leftovers\n|-heal|p1a: Umbreon|207/297|[from] item: Leftovers\n|upkeep\n|turn|27\n|\n|t:|1771199033\n|switch|p1a: Wugtrio|Wugtrio, L91, F|77/212\n|move|p2a: Phione|Scald|p1a: Wugtrio\n|-resisted|p1a: Wugtrio\n|-damage|p1a: Wugtrio|5/212\n|\n|-heal|p1a: Wugtrio|153/212|[from] move: Wish|[wisher] Umbreon\n|-heal|p2a: Phione|134/293|[from] item: Leftovers\n|upkeep\n|turn|28\n|\n|t:|1771199044\n|move|p1a: Wugtrio|Throat Chop|p2a: Phione\n|-damage|p2a: Phione|32/293\n|-start|p2a: Phione|Throat Chop|[silent]\n|move|p2a: Phione|Scald|p1a: Wugtrio\n|-resisted|p1a: Wugtrio\n|-damage|p1a: Wugtrio|87/212\n|\n|-heal|p2a: Phione|50/293|[from] item: Leftovers\n|upkeep\n|turn|29\n|\n|t:|1771199048\n|switch|p2a: Arcanine|Arcanine, L84, F|211/288\n|-ability|p2a: Arcanine|Intimidate|boost\n|-unboost|p1a: Wugtrio|atk|1\n|move|p1a: Wugtrio|Throat Chop|p2a: Arcanine\n|-damage|p2a: Arcanine|142/288\n|-start|p2a: Arcanine|Throat Chop|[silent]\n|\n|upkeep\n|turn|30\n|\n|t:|1771199060\n|switch|p1a: Annihilape|Annihilape, L76, M|292/292\n|move|p2a: Arcanine|Morning Sun|p2a: Arcanine\n|-heal|p2a: Arcanine|286/288\n|\n|-end|p2a: Arcanine|Throat Chop|[silent]\n|upkeep\n|turn|31\n|\n|t:|1771199067\n|move|p1a: Annihilape|Bulk Up|p1a: Annihilape\n|-boost|p1a: Annihilape|atk|1\n|-boost|p1a: Annihilape|def|1\n|move|p2a: Arcanine|Roar|p1a: Annihilape\n|drag|p1a: Umbreon|Umbreon, L84, F|207/297\n|\n|-heal|p1a: Umbreon|225/297|[from] item: Leftovers\n|upkeep\n|turn|32\n|\n|t:|1771199077\n|move|p1a: Umbreon|Protect|p1a: Umbreon\n|-singleturn|p1a: Umbreon|Protect\n|move|p2a: Arcanine|Close Combat|p1a: Umbreon\n|-activate|p1a: Umbreon|move: Protect\n|\n|-heal|p1a: Umbreon|243/297|[from] item: Leftovers\n|upkeep\n|turn|33\n|\n|t:|1771199082\n|switch|p2a: Noivern|Noivern, L82, F|37/274\n|switch|p1a: Annihilape|Annihilape, L76, M|292/292\n|\n|upkeep\n|turn|34\n|\n|t:|1771199089\n|-terastallize|p1a: Annihilape|Steel\n|move|p2a: Noivern|Hurricane|p1a: Annihilape\n|-resisted|p1a: Annihilape\n|-damage|p1a: Annihilape|232/292\n|move|p1a: Annihilape|Drain Punch|p2a: Noivern\n|-resisted|p2a: Noivern\n|-damage|p2a: Noivern|0 fnt\n|-heal|p1a: Annihilape|251/292|[from] drain|[of] p2a: Noivern\n|faint|p2a: Noivern\n|\n|upkeep\n|\n|t:|1771199092\n|switch|p2a: Arcanine|Arcanine, L84, F|286/288\n|-ability|p2a: Arcanine|Intimidate|boost\n|-unboost|p1a: Annihilape|atk|1\n|-ability|p1a: Annihilape|Defiant|boost\n|-boost|p1a: Annihilape|atk|2\n|turn|35\n|\n|t:|1771199096\n|move|p2a: Arcanine|Flare Blitz|p1a: Annihilape\n|-supereffective|p1a: Annihilape\n|-damage|p1a: Annihilape|0 fnt\n|faint|p1a: Annihilape\n|-damage|p2a: Arcanine|203/288|[from] Recoil\n|\n|upkeep\n|\n|t:|1771199099\n|switch|p1a: Wugtrio|Wugtrio, L91, F|87/212\n|turn|36\n|\n|t:|1771199104\n|switch|p2a: Zekrom|Zekrom, L71|211/259\n|-ability|p2a: Zekrom|Teravolt\n|move|p1a: Wugtrio|Liquidation|p2a: Zekrom\n|-resisted|p2a: Zekrom\n|-damage|p2a: Zekrom|142/259\n|\n|-heal|p2a: Zekrom|158/259|[from] item: Leftovers\n|upkeep\n|turn|37\n|\n|t:|1771199107\n|switch|p1a: Umbreon|Umbreon, L84, F|243/297\n|move|p2a: Zekrom|Dragon Dance|p2a: Zekrom\n|-boost|p2a: Zekrom|atk|1\n|-boost|p2a: Zekrom|spe|1\n|\n|-heal|p2a: Zekrom|174/259|[from] item: Leftovers\n|-heal|p1a: Umbreon|261/297|[from] item: Leftovers\n|upkeep\n|turn|38\n|\n|t:|1771199118\n|move|p2a: Zekrom|Outrage|p1a: Umbreon\n|-damage|p1a: Umbreon|96/297\n|move|p1a: Umbreon|Foul Play|p2a: Zekrom\n|-damage|p2a: Zekrom|18/259\n|\n|-heal|p2a: Zekrom|34/259|[from] item: Leftovers\n|-heal|p1a: Umbreon|114/297|[from] item: Leftovers\n|upkeep\n|turn|39\n|\n|t:|1771199124\n|move|p1a: Umbreon|Protect|p1a: Umbreon\n|-singleturn|p1a: Umbreon|Protect\n|move|p2a: Zekrom|Outrage|p1a: Umbreon|[from] lockedmove\n|-activate|p1a: Umbreon|move: Protect\n|-start|p2a: Zekrom|confusion|[fatigue]\n|\n|-heal|p2a: Zekrom|50/259|[from] item: Leftovers\n|-heal|p1a: Umbreon|132/297|[from] item: Leftovers\n|upkeep\n|turn|40\n|\n|t:|1771199130\n|switch|p1a: Wugtrio|Wugtrio, L91, F|87/212\n|-activate|p2a: Zekrom|confusion\n|move|p2a: Zekrom|Outrage|p1a: Wugtrio\n|-crit|p1a: Wugtrio\n|-damage|p1a: Wugtrio|0 fnt\n|-ability|p1a: Wugtrio|Gooey\n|-unboost|p2a: Zekrom|spe|1\n|faint|p1a: Wugtrio\n|\n|-heal|p2a: Zekrom|66/259|[from] item: Leftovers\n|upkeep\n|\n|t:|1771199135\n|switch|p1a: Umbreon|Umbreon, L84, F|132/297\n|turn|41\n|\n|t:|1771199138\n|move|p1a: Umbreon|Protect|p1a: Umbreon\n|-singleturn|p1a: Umbreon|Protect\n|-activate|p2a: Zekrom|confusion\n|-damage|p2a: Zekrom|22/259|[from] confusion\n|\n|-heal|p2a: Zekrom|38/259|[from] item: Leftovers\n|-heal|p1a: Umbreon|150/297|[from] item: Leftovers\n|upkeep\n|turn|42\n|\n|t:|1771199146\n|move|p1a: Umbreon|Protect|p1a: Umbreon\n|-singleturn|p1a: Umbreon|Protect\n|-end|p2a: Zekrom|confusion\n|move|p2a: Zekrom|Outrage|p1a: Umbreon\n|-activate|p1a: Umbreon|move: Protect\n|\n|-heal|p2a: Zekrom|54/259|[from] item: Leftovers\n|-heal|p1a: Umbreon|168/297|[from] item: Leftovers\n|upkeep\n|turn|43\n|\n|t:|1771199152\n|move|p2a: Zekrom|Bolt Strike|p1a: Umbreon\n|-damage|p1a: Umbreon|0 fnt\n|faint|p1a: Umbreon\n|\n|win|treeshhhh\n|raw|yoursodapop's rating: 1689 &rarr; <strong>1667</strong><br />(-22 for losing)\n|raw|treeshhhh's rating: 1662 &rarr; <strong>1684</strong><br />(+22 for winning)\n", "inputlog": ">version 686819e5e19f8a7fd2345cfc5a08a5085efa2cc3\n>start {\"formatid\":\"gen9randombattle\",\"seed\":\"sodium,cbc567b5d9ffdb1aafd812f1cbba1474\",\"rated\":\"Rated battle\"}\n>player p1 {\"name\":\"yoursodapop\",\"avatar\":\"dawn\",\"rating\":1689,\"seed\":\"sodium,f76c1a81adc3f25ddedb36d195b4e68c\"}\n>player p2 {\"name\":\"treeshhhh\",\"avatar\":\"169\",\"rating\":1662,\"seed\":\"sodium,c0a7d7b9af376be6ee35f5b7ef12c463\"}\n>p1 switch 2\n>p2 move bugbuzz\n>p1 move icebeam\n>p2 move bugbuzz\n>p1 move icebeam\n>p2 move bugbuzz\n>p1 switch 2\n>p1 move knockoff\n>p2 move bugbuzz\n>p2 switch 4\n>p1 switch 4\n>p2 move uturn\n>p2 switch 5\n>p1 switch 4\n>p2 move takeheart\n>p1 move ivycudgel\n>p2 switch 5\n>p1 move swordsdance\n>p2 move hurricane\n>p1 switch 4\n>p1 move foulplay\n>p2 switch 5\n>p1 move toxic\n>p2 move scald\n>p1 move foulplay\n>p2 move takeheart\n>p1 move protect\n>p2 move scald\n>p1 switch 3\n>p2 move scald\n>p1 move throatchop\n>p2 move scald\n>p1 move throatchop\n>p2 switch 6\n>p1 switch 6\n>p2 move closecombat\n>p1 move knockoff\n>p2 switch 2\n>p1 switch 3\n>p2 move psychicfangs\n>p1 move foulplay\n>p2 move closecombat\n>p2 switch 3\n>p1 move foulplay\n>p2 move substitute\n>p1 switch 3\n>p2 switch 2\n>p1 move knockoff\n>p2 switch 5\n>p1 move knockoff\n>p2 move hurricane\n>p1 switch 3\n>p1 move wish\n>p2 move uturn\n>p2 switch 6\n>p1 move foulplay\n>p2 move takeheart\n>p1 move wish\n>p2 move scald\n>p1 switch 6\n>p2 move scald\n>p1 move throatchop\n>p2 move scald\n>p1 move throatchop\n>p2 switch 5\n>p1 switch 5\n>p2 move morningsun\n>p1 move bulkup\n>p2 move roar\n>p1 move protect\n>p2 move closecombat\n>p1 switch 6\n>p2 switch 6\n>p1 move drainpunch terastallize\n>p2 move hurricane\n>p2 switch 6\n>p1 move drainpunch\n>p2 move flareblitz\n>p1 switch 5\n>p1 move liquidation\n>p2 switch 2\n>p1 switch 6\n>p2 move dragondance\n>p1 move foulplay\n>p2 move outrage\n>p1 move protect\n>p2 move outrage\n>p1 switch 6\n>p2 move outrage\n>p1 switch 6\n>p1 move protect\n>p2 move outrage\n>p1 move protect\n>p2 move outrage\n>p1 move foulplay\n>p2 move boltstrike", "uploadtime": 1771199154, "views": 7, "formatid": "gen9randombattle", "rating": 1667, "private": 0, "password": null}