{"id": "gen9randombattle-2540284186", "format": "[Gen 9] Random Battle", "players": ["Dominikolo", "av10n"], "log": "|j|☆Dominikolo\n|j|☆av10n\n|t:|1771184489\n|gametype|singles\n|player|p1|Dominikolo|plasmagrunt|1607\n|player|p2|av10n|cynthia|1549\n|gen|9\n|tier|[Gen 9] Random Battle\n|rated|\n|rule|Species Clause: Limit one of each Pokémon\n|rule|HP Percentage Mod: HP is shown in percentages\n|rule|Sleep Clause Mod: Limit one foe put to sleep\n|rule|Illusion Level Mod: Illusion disguises the Pokémon's true level\n|\n|t:|1771184489\n|teamsize|p1|6\n|teamsize|p2|6\n|start\n|switch|p1a: Meowscarada|Meowscarada, L78, F|247/247\n|switch|p2a: Volbeat|Volbeat, L90, M|263/263\n|turn|1\n|inactive|Battle timer is ON: inactive players will automatically lose when time's up. (requested by av10n)\n|\n|t:|1771184494\n|switch|p1a: Glimmora|Glimmora, L75, M|248/248\n|move|p2a: Volbeat|Lunge|p1a: Glimmora\n|-resisted|p1a: Glimmora\n|-damage|p1a: Glimmora|205/248\n|-unboost|p1a: Glimmora|atk|1\n|-activate|p1a: Glimmora|ability: Toxic Debris\n|-sidestart|p2: av10n|move: Toxic Spikes\n|\n|upkeep\n|turn|2\n|\n|t:|1771184502\n|switch|p2a: Heatran|Heatran, L79, M|273/273\n|-item|p2a: Heatran|Air Balloon\n|move|p1a: Glimmora|Meteor Beam||[still]\n|-prepare|p1a: Glimmora|Meteor Beam\n|-boost|p1a: Glimmora|spa|1\n|-enditem|p1a: Glimmora|Power Herb\n|-anim|p1a: Glimmora|Meteor Beam|p2a: Heatran|[miss]\n|-miss|p1a: Glimmora|p2a: Heatran\n|\n|upkeep\n|turn|3\n|\n|t:|1771184511\n|move|p1a: Glimmora|Energy Ball|p2a: Heatran\n|-resisted|p2a: Heatran\n|-damage|p2a: Heatran|252/273\n|-unboost|p2a: Heatran|spd|1\n|-enditem|p2a: Heatran|Air Balloon\n|move|p2a: Heatran|Stealth Rock|p1a: Glimmora\n|-sidestart|p1: Dominikolo|move: Stealth Rock\n|\n|upkeep\n|turn|4\n|\n|t:|1771184515\n|move|p1a: Glimmora|Earth Power|p2a: Heatran\n|-supereffective|p2a: Heatran\n|-damage|p2a: Heatran|0 fnt\n|faint|p2a: Heatran\n|\n|upkeep\n|\n|t:|1771184529\n|switch|p2a: Dialga|Dialga, L73|266/266\n|-ability|p2a: Dialga|Pressure\n|turn|5\n|\n|t:|1771184544\n|move|p2a: Dialga|Heavy Slam|p1a: Glimmora\n|-supereffective|p1a: Glimmora\n|-damage|p1a: Glimmora|0 fnt\n|-activate|p1a: Glimmora|ability: Toxic Debris\n|-sidestart|p2: av10n|move: Toxic Spikes\n|faint|p1a: Glimmora\n|\n|upkeep\n|inactive|Dominikolo has 120 seconds left.\n|\n|t:|1771184571\n|switch|p1a: Arceus|Arceus-Electric, L70|284/284\n|-damage|p1a: Arceus|249/284|[from] Stealth Rock\n|turn|6\n|\n|t:|1771184599\n|move|p1a: Arceus|Ice Beam|p2a: Dialga\n|-damage|p2a: Dialga|214/266\n|move|p2a: Dialga|Fire Blast|p1a: Arceus\n|-damage|p1a: Arceus|176/284\n|\n|-heal|p2a: Dialga|230/266|[from] item: Leftovers\n|upkeep\n|turn|7\n|\n|t:|1771184607\n|move|p1a: Arceus|Calm Mind|p1a: Arceus\n|-boost|p1a: Arceus|spa|1\n|-boost|p1a: Arceus|spd|1\n|move|p2a: Dialga|Draco Meteor|p1a: Arceus\n|-damage|p1a: Arceus|77/284\n|-unboost|p2a: Dialga|spa|2\n|\n|-heal|p2a: Dialga|246/266|[from] item: Leftovers\n|upkeep\n|turn|8\n|\n|t:|1771184613\n|switch|p2a: Volbeat|Volbeat, L90, M|263/263\n|move|p1a: Arceus|Recover|p1a: Arceus\n|-heal|p1a: Arceus|219/284\n|\n|upkeep\n|turn|9\n|\n|t:|1771184618\n|move|p2a: Volbeat|Encore|p1a: Arceus\n|-start|p1a: Arceus|Encore\n|move|p1a: Arceus|Recover|p1a: Arceus\n|-heal|p1a: Arceus|284/284\n|\n|upkeep\n|turn|10\n|\n|t:|1771184626\n|switch|p1a: Goodra|Goodra, L85, M|292/292\n|-damage|p1a: Goodra|256/292|[from] Stealth Rock\n|move|p2a: Volbeat|Lunge|p1a: Goodra\n|-damage|p1a: Goodra|165/292\n|-unboost|p1a: Goodra|atk|1\n|\n|upkeep\n|turn|11\n|\n|t:|1771184636\n|switch|p2a: Dachsbun|Dachsbun, L92, M|254/254\n|-status|p2a: Dachsbun|tox\n|move|p1a: Goodra|Fire Blast|p2a: Dachsbun\n|-ability|p2a: Dachsbun|Well-Baked Body|boost\n|-boost|p2a: Dachsbun|def|2\n|\n|-damage|p2a: Dachsbun|239/254 tox|[from] psn\n|upkeep\n|turn|12\n|\n|t:|1771184640\n|move|p2a: Dachsbun|Play Rough|p1a: Goodra|[miss]\n|-miss|p2a: Dachsbun|p1a: Goodra\n|move|p1a: Goodra|Sludge Bomb|p2a: Dachsbun\n|-supereffective|p2a: Dachsbun\n|-damage|p2a: Dachsbun|107/254 tox\n|\n|-heal|p2a: Dachsbun|122/254 tox|[from] item: Leftovers\n|-damage|p2a: Dachsbun|92/254 tox|[from] psn\n|upkeep\n|turn|13\n|\n|t:|1771184656\n|-terastallize|p1a: Goodra|Fire\n|move|p2a: Dachsbun|Play Rough|p1a: Goodra\n|-resisted|p1a: Goodra\n|-damage|p1a: Goodra|106/292\n|move|p1a: Goodra|Sludge Bomb|p2a: Dachsbun\n|-supereffective|p2a: Dachsbun\n|-damage|p2a: Dachsbun|0 fnt\n|faint|p2a: Dachsbun\n|\n|upkeep\n|\n|t:|1771184667\n|switch|p2a: Bombirdier|Bombirdier, L85, M|258/258\n|turn|14\n|\n|t:|1771184678\n|move|p2a: Bombirdier|Stone Edge|p1a: Goodra\n|-supereffective|p1a: Goodra\n|-damage|p1a: Goodra|0 fnt\n|faint|p1a: Goodra\n|\n|upkeep\n|\n|t:|1771184684\n|switch|p1a: Drednaw|Drednaw, L81, M|278/278\n|-damage|p1a: Drednaw|244/278|[from] Stealth Rock\n|turn|15\n|\n|t:|1771184689\n|switch|p2a: Volbeat|Volbeat, L90, M|263/263\n|move|p1a: Drednaw|Stone Edge|p2a: Volbeat\n|-supereffective|p2a: Volbeat\n|-damage|p2a: Volbeat|17/263\n|\n|upkeep\n|turn|16\n|\n|t:|1771184704\n|switch|p1a: Meowscarada|Meowscarada, L78, F|247/247\n|-damage|p1a: Meowscarada|217/247|[from] Stealth Rock\n|move|p2a: Volbeat|Thunder Wave|p1a: Meowscarada\n|-hint|Since gen 7, Dark is immune to Prankster moves.\n|-immune|p1a: Meowscarada\n|\n|upkeep\n|turn|17\n|\n|t:|1771184710\n|move|p2a: Volbeat|Roost|p2a: Volbeat\n|-heal|p2a: Volbeat|149/263\n|-singleturn|p2a: Volbeat|move: Roost\n|move|p1a: Meowscarada|Knock Off|p2a: Volbeat\n|-start|p1a: Meowscarada|typechange|Dark|[from] ability: Protean\n|-damage|p2a: Volbeat|50/263\n|-enditem|p2a: Volbeat|Heavy-Duty Boots|[from] move: Knock Off|[of] p1a: Meowscarada\n|\n|upkeep\n|turn|18\n|\n|t:|1771184717\n|move|p1a: Meowscarada|Triple Axel|p2a: Volbeat\n|-damage|p2a: Volbeat|35/263\n|-hitcount|p2a: Volbeat|1\n|move|p2a: Volbeat|Lunge|p1a: Meowscarada\n|-supereffective|p1a: Meowscarada\n|-damage|p1a: Meowscarada|5/247\n|-unboost|p1a: Meowscarada|atk|1\n|\n|upkeep\n|turn|19\n|\n|t:|1771184723\n|move|p2a: Volbeat|Roost|p2a: Volbeat\n|-heal|p2a: Volbeat|167/263\n|-singleturn|p2a: Volbeat|move: Roost\n|move|p1a: Meowscarada|Knock Off|p2a: Volbeat\n|-damage|p2a: Volbeat|121/263\n|\n|upkeep\n|turn|20\n|\n|t:|1771184726\n|move|p2a: Volbeat|Roost|p2a: Volbeat\n|-heal|p2a: Volbeat|253/263\n|-singleturn|p2a: Volbeat|move: Roost\n|move|p1a: Meowscarada|Triple Axel|p2a: Volbeat\n|-crit|p2a: Volbeat\n|-damage|p2a: Volbeat|231/263\n|-damage|p2a: Volbeat|211/263\n|-hitcount|p2a: Volbeat|2\n|\n|upkeep\n|turn|21\n|\n|t:|1771184729\n|move|p1a: Meowscarada|Triple Axel|p2a: Volbeat\n|-damage|p2a: Volbeat|200/263\n|-damage|p2a: Volbeat|179/263\n|-damage|p2a: Volbeat|148/263\n|-hitcount|p2a: Volbeat|3\n|move|p2a: Volbeat|Lunge|p1a: Meowscarada\n|-supereffective|p1a: Meowscarada\n|-damage|p1a: Meowscarada|0 fnt\n|faint|p1a: Meowscarada\n|\n|upkeep\n|\n|t:|1771184734\n|switch|p1a: Koraidon|Koraidon, L64|235/235\n|-damage|p1a: Koraidon|221/235|[from] Stealth Rock\n|-weather|SunnyDay|[from] ability: Orichalcum Pulse|[of] p1a: Koraidon\n|-activate|p1a: Koraidon|Orichalcum Pulse|[source]\n|turn|22\n|\n|t:|1771184737\n|move|p2a: Volbeat|Thunder Wave|p1a: Koraidon|[miss]\n|-miss|p2a: Volbeat|p1a: Koraidon\n|move|p1a: Koraidon|Flare Blitz|p2a: Volbeat\n|-supereffective|p2a: Volbeat\n|-damage|p2a: Volbeat|0 fnt\n|faint|p2a: Volbeat\n|-damage|p1a: Koraidon|172/235|[from] Recoil\n|\n|-weather|SunnyDay|[upkeep]\n|upkeep\n|\n|t:|1771184740\n|switch|p2a: Arcanine|Arcanine, L84, M|288/288\n|-ability|p2a: Arcanine|Intimidate|boost\n|-unboost|p1a: Koraidon|atk|1\n|turn|23\n|\n|t:|1771184745\n|switch|p1a: Arceus|Arceus-Electric, L70|284/284\n|-damage|p1a: Arceus|249/284|[from] Stealth Rock\n|move|p2a: Arcanine|Will-O-Wisp|p1a: Arceus|[miss]\n|-miss|p2a: Arcanine|p1a: Arceus\n|\n|-weather|SunnyDay|[upkeep]\n|upkeep\n|turn|24\n|\n|t:|1771184753\n|-terastallize|p2a: Arcanine|Normal\n|move|p2a: Arcanine|Extreme Speed|p1a: Arceus\n|-damage|p1a: Arceus|164/284\n|move|p1a: Arceus|Judgment|p2a: Arcanine\n|-damage|p2a: Arcanine|174/288\n|\n|-weather|SunnyDay|[upkeep]\n|upkeep\n|turn|25\n|\n|t:|1771184757\n|move|p2a: Arcanine|Extreme Speed|p1a: Arceus\n|-damage|p1a: Arceus|82/284\n|move|p1a: Arceus|Judgment|p2a: Arcanine\n|-damage|p2a: Arcanine|63/288\n|\n|-weather|SunnyDay|[upkeep]\n|upkeep\n|turn|26\n|\n|t:|1771184761\n|move|p2a: Arcanine|Extreme Speed|p1a: Arceus\n|-damage|p1a: Arceus|0 fnt\n|faint|p1a: Arceus\n|\n|-weather|none\n|upkeep\n|\n|t:|1771184765\n|switch|p1a: Drednaw|Drednaw, L81, M|244/278\n|-damage|p1a: Drednaw|210/278|[from] Stealth Rock\n|turn|27\n|\n|t:|1771184769\n|move|p2a: Arcanine|Will-O-Wisp|p1a: Drednaw\n|-status|p1a: Drednaw|brn\n|move|p1a: Drednaw|Shell Smash|p1a: Drednaw\n|-unboost|p1a: Drednaw|def|1\n|-unboost|p1a: Drednaw|spd|1\n|-boost|p1a: Drednaw|atk|2\n|-boost|p1a: Drednaw|spa|2\n|-boost|p1a: Drednaw|spe|2\n|-enditem|p1a: Drednaw|White Herb\n|-clearnegativeboost|p1a: Drednaw|[silent]\n|\n|-damage|p1a: Drednaw|193/278 brn|[from] brn\n|upkeep\n|turn|28\n|\n|t:|1771184780\n|move|p1a: Drednaw|Liquidation|p2a: Arcanine\n|-damage|p2a: Arcanine|0 fnt\n|faint|p2a: Arcanine\n|\n|-damage|p1a: Drednaw|176/278 brn|[from] brn\n|upkeep\n|\n|t:|1771184783\n|switch|p2a: Dialga|Dialga, L73|246/266\n|-ability|p2a: Dialga|Pressure\n|turn|29\n|\n|t:|1771184787\n|move|p1a: Drednaw|Shell Smash|p1a: Drednaw\n|-unboost|p1a: Drednaw|def|1\n|-unboost|p1a: Drednaw|spd|1\n|-boost|p1a: Drednaw|atk|2\n|-boost|p1a: Drednaw|spa|2\n|-boost|p1a: Drednaw|spe|2\n|move|p2a: Dialga|Heavy Slam|p1a: Drednaw\n|-damage|p1a: Drednaw|0 fnt\n|faint|p1a: Drednaw\n|\n|-heal|p2a: Dialga|262/266|[from] item: Leftovers\n|upkeep\n|\n|t:|1771184790\n|switch|p1a: Koraidon|Koraidon, L64|172/235\n|-damage|p1a: Koraidon|158/235|[from] Stealth Rock\n|-weather|SunnyDay|[from] ability: Orichalcum Pulse|[of] p1a: Koraidon\n|-activate|p1a: Koraidon|Orichalcum Pulse|[source]\n|turn|30\n|\n|t:|1771184801\n|move|p1a: Koraidon|Outrage|p2a: Dialga\n|-damage|p2a: Dialga|97/266\n|move|p2a: Dialga|Thunder Wave|p1a: Koraidon\n|-status|p1a: Koraidon|par\n|\n|-weather|SunnyDay|[upkeep]\n|-heal|p2a: Dialga|113/266|[from] item: Leftovers\n|upkeep\n|turn|31\n|\n|t:|1771184804\n|move|p2a: Dialga|Draco Meteor|p1a: Koraidon\n|-supereffective|p1a: Koraidon\n|-damage|p1a: Koraidon|0 fnt\n|-unboost|p2a: Dialga|spa|2\n|faint|p1a: Koraidon\n|\n|win|av10n\n|raw|Dominikolo's rating: 1607 &rarr; <strong>1584</strong><br />(-23 for losing)\n|raw|av10n's rating: 1549 &rarr; <strong>1572</strong><br />(+23 for winning)\n|l|☆Dominikolo\n|player|p1|\n|c|☆av10n|gg\n", "inputlog": ">version 686819e5e19f8a7fd2345cfc5a08a5085efa2cc3\n>start {\"formatid\":\"gen9randombattle\",\"seed\":\"sodium,de67f05d6292160895c5d50a2f9b5fb1\",\"rated\":\"Rated battle\"}\n>player p1 {\"name\":\"Dominikolo\",\"avatar\":\"plasmagrunt\",\"rating\":1607,\"seed\":\"sodium,3aea1a569aa2a8d31075685ad74378bf\"}\n>player p2 {\"name\":\"av10n\",\"avatar\":\"cynthia\",\"rating\":1549,\"seed\":\"sodium,bc572c780b6bcd80f24da000bf3e523a\"}\n>p1 switch 3\n>p2 move lunge\n>p1 move meteorbeam\n>p2 switch 2\n>p1 move energyball\n>p2 move stealthrock\n>p1 move earthpower\n>p2 move earthpower\n>p2 switch 5\n>p1 move earthpower\n>p2 move heavyslam\n>p1 switch 4\n>p1 move icebeam\n>p2 move fireblast\n>p1 move calmmind\n>p2 move dracometeor\n>p1 move recover\n>p2 switch 2\n>p1 move judgment\n>p2 move encore\n>p1 switch 6\n>p2 move lunge\n>p1 move fireblast\n>p2 switch 4\n>p1 move sludgebomb\n>p2 move playrough\n>p1 move sludgebomb terastallize\n>p2 move playrough\n>p2 switch 3\n>p1 move dracometeor\n>p2 move stoneedge\n>p1 switch 2\n>p1 move stoneedge\n>p2 switch 4\n>p1 switch 3\n>p2 move thunderwave\n>p1 move knockoff\n>p2 move roost\n>p1 move tripleaxel\n>p2 move lunge\n>p1 move knockoff\n>p2 move roost\n>p1 move tripleaxel\n>p2 move roost\n>p1 move tripleaxel\n>p2 move lunge\n>p1 switch 5\n>p1 move flareblitz\n>p2 move thunderwave\n>p2 switch 6\n>p1 switch 6\n>p2 move willowisp\n>p1 move judgment\n>p2 move extremespeed terastallize\n>p1 move judgment\n>p2 move extremespeed\n>p1 move judgment\n>p2 move extremespeed\n>p1 switch 3\n>p1 move shellsmash\n>p2 move willowisp\n>p1 move liquidation\n>p2 move morningsun\n>p2 switch 2\n>p1 move shellsmash\n>p2 move heavyslam\n>p1 switch 6\n>p1 move outrage\n>p2 move thunderwave\n>p1 move outrage\n>p2 move dracometeor", "uploadtime": 1771184812, "views": 9, "formatid": "gen9randombattle", "rating": 1572, "private": 0, "password": null}