{"id": "gen9randombattle-2540325253", "format": "[Gen 9] Random Battle", "players": ["Michielleus", "F1ish"], "log": "|badge|p1|silver|gen9randombattle|30-8\n|uhtml|medal-msg|<div class=\"broadcast-blue\">Curious what those medals under the avatar are? PS now has Ladder Seasons! For more information, check out the <a href=\"https://www.smogon.com/forums/threads/3740067/\">thread on Smogon.</a></div>\n|badge|p2|bronze|gen9randombattle|100-8\n|uhtml|medal-msg|<div class=\"broadcast-blue\">Curious what those medals under the avatar are? PS now has Ladder Seasons! For more information, check out the <a href=\"https://www.smogon.com/forums/threads/3740067/\">thread on Smogon.</a></div>\n|j|☆Michielleus\n|j|‽F1ish\n|t:|1771188936\n|gametype|singles\n|player|p1|Michielleus|#michielleus|2403\n|player|p2|F1ish|102|2307\n|gen|9\n|tier|[Gen 9] Random Battle\n|rated|\n|rule|Species Clause: Limit one of each Pokémon\n|rule|HP Percentage Mod: HP is shown in percentages\n|rule|Sleep Clause Mod: Limit one foe put to sleep\n|rule|Illusion Level Mod: Illusion disguises the Pokémon's true level\n|\n|t:|1771188936\n|teamsize|p1|6\n|teamsize|p2|6\n|start\n|switch|p1a: Grafaiai|Grafaiai, L86, M|249/249\n|switch|p2a: Cobalion|Cobalion, L80|277/277\n|turn|1\n|inactive|Battle timer is ON: inactive players will automatically lose when time's up. (requested by F1ish)\n|inactive|Michielleus also wants the timer to be on.\n|j| MidnightBeasts\n|\n|t:|1771188946\n|move|p1a: Grafaiai|Parting Shot|p2a: Cobalion\n|-unboost|p2a: Cobalion|atk|1\n|-unboost|p2a: Cobalion|spa|1\n|\n|t:|1771188962\n|switch|p1a: Serperior|Serperior, L79, M|248/248|[from] Parting Shot\n|move|p2a: Cobalion|Aura Sphere|p1a: Serperior\n|-damage|p1a: Serperior|203/248\n|\n|upkeep\n|turn|2\n|\n|t:|1771188972\n|move|p1a: Serperior|Glare|p2a: Cobalion\n|-status|p2a: Cobalion|par\n|move|p2a: Cobalion|Calm Mind|p2a: Cobalion\n|-boost|p2a: Cobalion|spa|1\n|-boost|p2a: Cobalion|spd|1\n|\n|upkeep\n|turn|3\n|\n|t:|1771188992\n|move|p1a: Serperior|Leaf Storm|p2a: Cobalion\n|-resisted|p2a: Cobalion\n|-damage|p2a: Cobalion|222/277 par\n|-boost|p1a: Serperior|spa|2\n|-damage|p1a: Serperior|179/248|[from] item: Life Orb\n|move|p2a: Cobalion|Calm Mind|p2a: Cobalion\n|-boost|p2a: Cobalion|spa|1\n|-boost|p2a: Cobalion|spd|1\n|\n|-heal|p2a: Cobalion|239/277 par|[from] item: Leftovers\n|upkeep\n|turn|4\n|\n|t:|1771188995\n|move|p1a: Serperior|Leaf Storm|p2a: Cobalion\n|-resisted|p2a: Cobalion\n|-damage|p2a: Cobalion|166/277 par\n|-boost|p1a: Serperior|spa|2\n|-damage|p1a: Serperior|155/248|[from] item: Life Orb\n|move|p2a: Cobalion|Calm Mind|p2a: Cobalion\n|-boost|p2a: Cobalion|spa|1\n|-boost|p2a: Cobalion|spd|1\n|\n|-heal|p2a: Cobalion|183/277 par|[from] item: Leftovers\n|upkeep\n|turn|5\n|\n|t:|1771188999\n|move|p1a: Serperior|Leaf Storm|p2a: Cobalion\n|-resisted|p2a: Cobalion\n|-crit|p2a: Cobalion\n|-damage|p2a: Cobalion|0 fnt\n|-boost|p1a: Serperior|spa|2\n|faint|p2a: Cobalion\n|-damage|p1a: Serperior|131/248|[from] item: Life Orb\n|\n|upkeep\n|\n|t:|1771189017\n|switch|p2a: Porygon2|Porygon2, L81|270/270\n|-ability|p2a: Porygon2|Download|boost\n|-boost|p2a: Porygon2|spa|1\n|turn|6\n|\n|t:|1771189020\n|move|p1a: Serperior|Leaf Storm|p2a: Porygon2\n|-damage|p2a: Porygon2|0 fnt\n|faint|p2a: Porygon2\n|-damage|p1a: Serperior|107/248|[from] item: Life Orb\n|\n|upkeep\n|\n|t:|1771189023\n|switch|p2a: Ogerpon|Ogerpon-Hearthflame, L74, F|239/239\n|-ability|p2a: Ogerpon|Mold Breaker\n|turn|7\n|\n|t:|1771189031\n|move|p1a: Serperior|Dragon Pulse|p2a: Ogerpon\n|-damage|p2a: Ogerpon|8/239\n|-damage|p1a: Serperior|83/248|[from] item: Life Orb\n|move|p2a: Ogerpon|Ivy Cudgel|p1a: Serperior|[anim] Ivy Cudgel Fire\n|-supereffective|p1a: Serperior\n|-damage|p1a: Serperior|0 fnt\n|faint|p1a: Serperior\n|\n|upkeep\n|\n|t:|1771189035\n|switch|p1a: Grafaiai|Grafaiai, L86, M|249/249\n|turn|8\n|\n|t:|1771189039\n|switch|p2a: Phione|Phione, L91|293/293\n|move|p1a: Grafaiai|Knock Off|p2a: Phione\n|-damage|p2a: Phione|218/293\n|-enditem|p2a: Phione|Leftovers|[from] move: Knock Off|[of] p1a: Grafaiai\n|\n|upkeep\n|turn|9\n|\n|t:|1771189047\n|move|p1a: Grafaiai|Gunk Shot|p2a: Phione\n|-damage|p2a: Phione|98/293\n|-status|p2a: Phione|psn\n|move|p2a: Phione|Scald|p1a: Grafaiai\n|-damage|p1a: Grafaiai|158/249\n|\n|-damage|p2a: Phione|62/293 psn|[from] psn\n|upkeep\n|turn|10\n|\n|t:|1771189053\n|move|p1a: Grafaiai|Gunk Shot|p2a: Phione|[miss]\n|-miss|p1a: Grafaiai|p2a: Phione\n|move|p2a: Phione|Rest|p2a: Phione\n|-status|p2a: Phione|slp|[from] move: Rest\n|-heal|p2a: Phione|293/293 slp|[silent]\n|\n|upkeep\n|turn|11\n|\n|t:|1771189060\n|move|p1a: Grafaiai|Gunk Shot|p2a: Phione\n|-damage|p2a: Phione|160/293 slp\n|cant|p2a: Phione|slp\n|move|p2a: Phione|Sleep Talk|p2a: Phione\n|move|p2a: Phione|Scald|p1a: Grafaiai|[from] move: Sleep Talk\n|-damage|p1a: Grafaiai|58/249\n|\n|upkeep\n|turn|12\n|\n|t:|1771189064\n|move|p1a: Grafaiai|Gunk Shot|p2a: Phione\n|-damage|p2a: Phione|39/293 slp\n|cant|p2a: Phione|slp\n|move|p2a: Phione|Sleep Talk|p2a: Phione\n|move|p2a: Phione|Take Heart|p2a: Phione|[from] move: Sleep Talk\n|-boost|p2a: Phione|spa|1\n|-boost|p2a: Phione|spd|1\n|-curestatus|p2a: Phione|slp|[msg]\n|\n|upkeep\n|turn|13\n|\n|t:|1771189069\n|move|p1a: Grafaiai|Knock Off|p2a: Phione\n|-damage|p2a: Phione|0 fnt\n|faint|p2a: Phione\n|\n|upkeep\n|\n|t:|1771189070\n|switch|p2a: Azumarill|Azumarill, L82, M|298/298\n|turn|14\n|\n|t:|1771189074\n|switch|p1a: Perrserker|Perrserker, L89, F|269/269\n|move|p2a: Azumarill|Play Rough|p1a: Perrserker\n|-resisted|p1a: Perrserker\n|-damage|p1a: Perrserker|191/269\n|\n|upkeep\n|turn|15\n|\n|t:|1771189081\n|switch|p2a: Ogerpon|Ogerpon-Hearthflame, L74, F|8/239\n|-ability|p2a: Ogerpon|Mold Breaker\n|move|p1a: Perrserker|Stealth Rock|p2a: Ogerpon\n|-sidestart|p2: F1ish|move: Stealth Rock\n|\n|upkeep\n|turn|16\n|\n|t:|1771189083\n|switch|p1a: Arcanine|Arcanine, L84, M|288/288\n|-ability|p1a: Arcanine|Intimidate|boost\n|-unboost|p2a: Ogerpon|atk|1\n|move|p2a: Ogerpon|Ivy Cudgel|p1a: Arcanine|[anim] Ivy Cudgel Fire\n|-resisted|p1a: Arcanine\n|-damage|p1a: Arcanine|246/288\n|\n|upkeep\n|turn|17\n|\n|t:|1771189086\n|move|p1a: Arcanine|Flare Blitz|p2a: Ogerpon\n|-damage|p2a: Ogerpon|0 fnt\n|faint|p2a: Ogerpon\n|-damage|p1a: Arcanine|243/288|[from] Recoil\n|\n|upkeep\n|\n|t:|1771189093\n|switch|p2a: Azumarill|Azumarill, L82, M|298/298\n|-damage|p2a: Azumarill|261/298|[from] Stealth Rock\n|turn|18\n|\n|t:|1771189105\n|move|p1a: Arcanine|Flare Blitz|p2a: Azumarill\n|-resisted|p2a: Azumarill\n|-damage|p2a: Azumarill|184/298\n|-damage|p1a: Arcanine|218/288|[from] Recoil\n|move|p2a: Azumarill|Liquidation|p1a: Arcanine\n|-supereffective|p1a: Arcanine\n|-damage|p1a: Arcanine|0 fnt\n|faint|p1a: Arcanine\n|\n|upkeep\n|\n|t:|1771189108\n|switch|p1a: Perrserker|Perrserker, L89, F|191/269\n|turn|19\n|\n|t:|1771189111\n|move|p1a: Perrserker|Iron Head|p2a: Azumarill\n|-damage|p2a: Azumarill|0 fnt\n|faint|p2a: Azumarill\n|-damage|p1a: Perrserker|165/269|[from] item: Life Orb\n|\n|upkeep\n|\n|t:|1771189112\n|switch|p2a: Clefable|Clefable, L83, M|293/293\n|turn|20\n|\n|t:|1771189114\n|move|p2a: Clefable|Fire Blast|p1a: Perrserker\n|-supereffective|p1a: Perrserker\n|-damage|p1a: Perrserker|0 fnt\n|faint|p1a: Perrserker\n|\n|upkeep\n|\n|t:|1771189124\n|switch|p1a: Grafaiai|Grafaiai, L86, M|58/249\n|turn|21\n|\n|t:|1771189127\n|move|p1a: Grafaiai|Encore|p2a: Clefable\n|-start|p2a: Clefable|Encore\n|move|p2a: Clefable|Fire Blast|p1a: Grafaiai\n|-damage|p1a: Grafaiai|0 fnt\n|faint|p1a: Grafaiai\n|\n|upkeep\n|\n|t:|1771189128\n|switch|p1a: Masquerain|Masquerain, L87, F|264/264\n|-ability|p1a: Masquerain|Intimidate|boost\n|-unboost|p2a: Clefable|atk|1\n|turn|22\n|\n|t:|1771189131\n|-terastallize|p1a: Masquerain|Water\n|move|p1a: Masquerain|Quiver Dance|p1a: Masquerain\n|-boost|p1a: Masquerain|spa|1\n|-boost|p1a: Masquerain|spd|1\n|-boost|p1a: Masquerain|spe|1\n|move|p2a: Clefable|Fire Blast|p1a: Masquerain\n|-resisted|p1a: Masquerain\n|-damage|p1a: Masquerain|233/264\n|-status|p1a: Masquerain|brn\n|\n|-damage|p1a: Masquerain|217/264 brn|[from] brn\n|upkeep\n|turn|23\n|\n|t:|1771189135\n|move|p1a: Masquerain|Hydro Pump|p2a: Clefable|[miss]\n|-miss|p1a: Masquerain|p2a: Clefable\n|move|p2a: Clefable|Fire Blast|p1a: Masquerain|[miss]\n|-miss|p2a: Clefable|p1a: Masquerain\n|\n|-damage|p1a: Masquerain|201/264 brn|[from] brn\n|-end|p2a: Clefable|Encore\n|upkeep\n|turn|24\n|\n|t:|1771189137\n|move|p1a: Masquerain|Hydro Pump|p2a: Clefable\n|-damage|p2a: Clefable|97/293\n|move|p2a: Clefable|Calm Mind|p2a: Clefable\n|-boost|p2a: Clefable|spa|1\n|-boost|p2a: Clefable|spd|1\n|\n|-damage|p1a: Masquerain|185/264 brn|[from] brn\n|upkeep\n|turn|25\n|\n|t:|1771189140\n|move|p1a: Masquerain|Hydro Pump|p2a: Clefable\n|-damage|p2a: Clefable|0 fnt\n|faint|p2a: Clefable\n|\n|win|Michielleus\n|raw|Michielleus's rating: 2403 &rarr; <strong>2418</strong><br />(+15 for winning)\n|raw|F1ish's rating: 2307 &rarr; <strong>2292</strong><br />(-15 for losing)\n", "inputlog": ">version 686819e5e19f8a7fd2345cfc5a08a5085efa2cc3\n>start {\"formatid\":\"gen9randombattle\",\"seed\":\"sodium,985f449010e3bede9d9ce2b955e8ade3\",\"rated\":\"Rated battle\"}\n>player p1 {\"name\":\"Michielleus\",\"avatar\":\"#michielleus\",\"rating\":2403,\"seed\":\"sodium,85f8ae5b75ad3d1723150d77c992b5c3\"}\n>player p2 {\"name\":\"F1ish\",\"avatar\":\"102\",\"rating\":2307,\"seed\":\"sodium,c3993e9036ff2123e3e71c23f5ecae85\"}\n>p1 move partingshot\n>p2 move aurasphere\n>p1 switch 5\n>p1 move glare\n>p2 move calmmind\n>p1 move leafstorm\n>p2 move calmmind\n>p1 move leafstorm\n>p2 move calmmind\n>p1 move leafstorm\n>p2 move aurasphere\n>p2 switch 6\n>p1 move leafstorm\n>p2 move icebeam\n>p2 switch 2\n>p1 move dragonpulse\n>p2 move ivycudgel\n>p1 switch 5\n>p1 move knockoff\n>p2 switch 5\n>p1 move gunkshot\n>p2 move scald\n>p1 move gunkshot\n>p2 move rest\n>p1 move gunkshot\n>p2 move sleeptalk\n>p1 move gunkshot\n>p2 move sleeptalk\n>p1 move knockoff\n>p2 move rest\n>p2 switch 4\n>p1 switch 2\n>p2 move playrough\n>p1 move stealthrock\n>p2 switch 5\n>p1 switch 3\n>p2 move ivycudgel\n>p1 move flareblitz\n>p2 move knockoff\n>p2 switch 5\n>p1 move flareblitz\n>p2 move liquidation\n>p1 switch 3\n>p1 move ironhead\n>p2 move liquidation\n>p2 switch 3\n>p1 move ironhead\n>p2 move fireblast\n>p1 switch 2\n>p1 move encore\n>p2 move fireblast\n>p1 switch 4\n>p1 move quiverdance terastallize\n>p2 move fireblast\n>p1 move hydropump\n>p2 move fireblast\n>p1 move hydropump\n>p2 move calmmind\n>p1 move hydropump\n>p2 move moonlight", "uploadtime": 1771189143, "views": 9, "formatid": "gen9randombattle", "rating": 2292, "private": 0, "password": null}