{"id": "gen9randombattle-2540851329", "format": "[Gen 9] Random Battle", "players": ["Best Kittel", "Gonning"], "log": "|j|☆Best Kittel\n|j|☆Gonning\n|t:|1771260561\n|gametype|singles\n|player|p1|Best Kittel|volkner|1674\n|player|p2|Gonning|1|1718\n|gen|9\n|tier|[Gen 9] Random Battle\n|rated|\n|rule|Species Clause: Limit one of each Pokémon\n|rule|HP Percentage Mod: HP is shown in percentages\n|rule|Sleep Clause Mod: Limit one foe put to sleep\n|rule|Illusion Level Mod: Illusion disguises the Pokémon's true level\n|\n|t:|1771260561\n|teamsize|p1|6\n|teamsize|p2|6\n|start\n|switch|p1a: Hypno|Hypno, L95, M|315/315\n|switch|p2a: Copperajah|Copperajah, L86, F|350/350\n|turn|1\n|inactive|Battle timer is ON: inactive players will automatically lose when time's up. (requested by Gonning)\n|inactive|Gonning has 120 seconds left.\n|\n|t:|1771260598\n|switch|p1a: Duraludon|Duraludon, L82, F|249/249\n|move|p2a: Copperajah|Iron Head|p1a: Duraludon\n|-resisted|p1a: Duraludon\n|-crit|p1a: Duraludon\n|-damage|p1a: Duraludon|178/249\n|\n|upkeep\n|turn|2\n|\n|t:|1771260617\n|switch|p2a: Samurott|Samurott, L88, M|310/310\n|move|p1a: Duraludon|Stealth Rock|p2a: Samurott\n|-sidestart|p2: Gonning|move: Stealth Rock\n|\n|upkeep\n|turn|3\n|\n|t:|1771260639\n|move|p1a: Duraludon|Body Press|p2a: Samurott\n|-damage|p2a: Samurott|252/310\n|move|p2a: Samurott|Knock Off|p1a: Duraludon\n|-damage|p1a: Duraludon|118/249\n|-enditem|p1a: Duraludon|Eviolite|[from] move: Knock Off|[of] p2a: Samurott\n|-damage|p2a: Samurott|221/310|[from] item: Life Orb\n|\n|upkeep\n|turn|4\n|\n|t:|1771260647\n|move|p1a: Duraludon|Draco Meteor|p2a: Samurott\n|-damage|p2a: Samurott|41/310\n|-unboost|p1a: Duraludon|spa|2\n|move|p2a: Samurott|Swords Dance|p2a: Samurott\n|-boost|p2a: Samurott|atk|2\n|\n|upkeep\n|turn|5\n|\n|t:|1771260655\n|move|p1a: Duraludon|Body Press|p2a: Samurott\n|-damage|p2a: Samurott|0 fnt\n|faint|p2a: Samurott\n|\n|upkeep\n|\n|t:|1771260660\n|switch|p2a: Hitmonlee|Hitmonlee, L85, M|223/223\n|-damage|p2a: Hitmonlee|210/223|[from] Stealth Rock\n|turn|6\n|\n|t:|1771260670\n|switch|p1a: Grimmsnarl|Grimmsnarl, L83, M|293/293\n|move|p2a: Hitmonlee|Mach Punch|p1a: Grimmsnarl\n|-damage|p1a: Grimmsnarl|199/293\n|\n|upkeep\n|turn|7\n|\n|t:|1771260696\n|switch|p2a: Copperajah|Copperajah, L86, F|350/350\n|-damage|p2a: Copperajah|329/350|[from] Stealth Rock\n|move|p1a: Grimmsnarl|Reflect|p1a: Grimmsnarl\n|-sidestart|p1: Best Kittel|Reflect\n|\n|upkeep\n|turn|8\n|\n|t:|1771260704\n|move|p1a: Grimmsnarl|Parting Shot|p2a: Copperajah\n|-unboost|p2a: Copperajah|atk|1\n|-unboost|p2a: Copperajah|spa|1\n|\n|t:|1771260706\n|switch|p1a: Duraludon|Duraludon, L82, F|118/249|[from] Parting Shot\n|move|p2a: Copperajah|Iron Head|p1a: Duraludon\n|-resisted|p1a: Duraludon\n|-damage|p1a: Duraludon|89/249\n|\n|upkeep\n|turn|9\n|\n|t:|1771260711\n|move|p1a: Duraludon|Body Press|p2a: Copperajah\n|-supereffective|p2a: Copperajah\n|-damage|p2a: Copperajah|175/350\n|move|p2a: Copperajah|Play Rough|p1a: Duraludon\n|-damage|p1a: Duraludon|51/249\n|\n|upkeep\n|turn|10\n|\n|t:|1771260717\n|move|p1a: Duraludon|Body Press|p2a: Copperajah\n|-supereffective|p2a: Copperajah\n|-damage|p2a: Copperajah|21/350\n|move|p2a: Copperajah|Superpower|p1a: Duraludon\n|-supereffective|p1a: Duraludon\n|-damage|p1a: Duraludon|0 fnt\n|-unboost|p2a: Copperajah|atk|1\n|-unboost|p2a: Copperajah|def|1\n|faint|p1a: Duraludon\n|-damage|p2a: Copperajah|0 fnt|[from] item: Life Orb\n|faint|p2a: Copperajah\n|\n|upkeep\n|\n|t:|1771260730\n|switch|p1a: Grimmsnarl|Grimmsnarl, L83, M|199/293\n|switch|p2a: Hitmonlee|Hitmonlee, L85, M|210/223\n|-damage|p2a: Hitmonlee|197/223|[from] Stealth Rock\n|turn|11\n|\n|t:|1771260737\n|move|p2a: Hitmonlee|High Jump Kick|p1a: Grimmsnarl\n|-damage|p1a: Grimmsnarl|19/293\n|move|p1a: Grimmsnarl|Spirit Break|p2a: Hitmonlee\n|-supereffective|p2a: Hitmonlee\n|-damage|p2a: Hitmonlee|0 fnt\n|faint|p2a: Hitmonlee\n|\n|upkeep\n|\n|t:|1771260741\n|switch|p2a: Whimsicott|Whimsicott, L84, F|238/238\n|-damage|p2a: Whimsicott|209/238|[from] Stealth Rock\n|turn|12\n|\n|t:|1771260755\n|move|p1a: Grimmsnarl|Parting Shot|p2a: Whimsicott\n|-unboost|p2a: Whimsicott|atk|1\n|-unboost|p2a: Whimsicott|spa|1\n|\n|t:|1771260763\n|switch|p1a: Hypno|Hypno, L95, M|315/315|[from] Parting Shot\n|move|p2a: Whimsicott|Moonblast|p1a: Hypno\n|-damage|p1a: Hypno|276/315\n|\n|-heal|p2a: Whimsicott|223/238|[from] item: Leftovers\n|-heal|p1a: Hypno|295/315|[from] item: Leftovers\n|upkeep\n|turn|13\n|\n|t:|1771260766\n|move|p2a: Whimsicott|Stun Spore|p1a: Hypno|[miss]\n|-miss|p2a: Whimsicott|p1a: Hypno\n|move|p1a: Hypno|Toxic|p2a: Whimsicott|[miss]\n|-miss|p1a: Hypno|p2a: Whimsicott\n|\n|-heal|p2a: Whimsicott|237/238|[from] item: Leftovers\n|-heal|p1a: Hypno|314/315|[from] item: Leftovers\n|upkeep\n|turn|14\n|\n|t:|1771260778\n|switch|p1a: Sawsbuck|Sawsbuck-Autumn, L88, F|284/284\n|-terastallize|p2a: Whimsicott|Poison\n|move|p2a: Whimsicott|Encore||[still]\n|-fail|p2a: Whimsicott\n|\n|-heal|p2a: Whimsicott|238/238|[from] item: Leftovers\n|-sideend|p1: Best Kittel|Reflect\n|upkeep\n|turn|15\n|\n|t:|1771260791\n|move|p2a: Whimsicott|Moonblast|p1a: Sawsbuck\n|-damage|p1a: Sawsbuck|215/284\n|-unboost|p1a: Sawsbuck|spa|1\n|move|p1a: Sawsbuck|Double-Edge|p2a: Whimsicott\n|-damage|p2a: Whimsicott|47/238\n|-damage|p1a: Sawsbuck|152/284|[from] Recoil\n|-damage|p1a: Sawsbuck|124/284|[from] item: Life Orb\n|\n|-heal|p2a: Whimsicott|61/238|[from] item: Leftovers\n|upkeep\n|turn|16\n|\n|t:|1771260798\n|move|p2a: Whimsicott|Moonblast|p1a: Sawsbuck\n|-damage|p1a: Sawsbuck|63/284\n|move|p1a: Sawsbuck|High Horsepower|p2a: Whimsicott\n|-supereffective|p2a: Whimsicott\n|-damage|p2a: Whimsicott|0 fnt\n|faint|p2a: Whimsicott\n|-damage|p1a: Sawsbuck|35/284|[from] item: Life Orb\n|\n|upkeep\n|\n|t:|1771260800\n|switch|p2a: Masquerain|Masquerain, L87, F|264/264\n|-ability|p2a: Masquerain|Intimidate|boost\n|-unboost|p1a: Sawsbuck|atk|1\n|turn|17\n|\n|t:|1771260806\n|move|p1a: Sawsbuck|Double-Edge|p2a: Masquerain\n|-damage|p2a: Masquerain|111/264\n|-damage|p1a: Sawsbuck|0 fnt|[from] Recoil\n|faint|p1a: Sawsbuck\n|move|p2a: Masquerain|Bug Buzz|p1: Sawsbuck|[notarget]\n|-fail|p2a: Masquerain\n|\n|upkeep\n|-message|Gonning forfeited.\n|\n|win|Best Kittel\n|raw|Best Kittel's rating: 1674 &rarr; <strong>1697</strong><br />(+23 for winning)\n|raw|Gonning's rating: 1718 &rarr; <strong>1695</strong><br />(-23 for losing)\n|l|☆Gonning\n|player|p2|\n", "inputlog": ">version 686819e5e19f8a7fd2345cfc5a08a5085efa2cc3\n>start {\"formatid\":\"gen9randombattle\",\"seed\":\"sodium,da93a8f13c6d85b4a28d081234adb84c\",\"rated\":\"Rated battle\"}\n>player p1 {\"name\":\"Best Kittel\",\"avatar\":\"volkner\",\"rating\":1674,\"seed\":\"sodium,b88acea502b623811b9e200e6bdfaab0\"}\n>player p2 {\"name\":\"Gonning\",\"avatar\":\"1\",\"rating\":1718,\"seed\":\"sodium,841e9e1950f63f90e37b64ab0f0bc586\"}\n>p1 switch 2\n>p2 move ironhead\n>p1 move stealthrock\n>p2 switch 3\n>p1 move bodypress\n>p2 move knockoff\n>p1 move dracometeor\n>p2 move swordsdance\n>p1 move bodypress\n>p2 move liquidation\n>p2 switch 6\n>p1 switch 4\n>p2 move machpunch\n>p1 move reflect\n>p2 switch 3\n>p1 move partingshot\n>p2 move ironhead\n>p1 switch 4\n>p1 move bodypress\n>p2 move playrough\n>p1 move bodypress\n>p2 move superpower\n>p1 switch 4\n>p2 switch 3\n>p1 move spiritbreak\n>p2 move highjumpkick\n>p2 switch 4\n>p1 move partingshot\n>p2 move moonblast\n>p1 switch 2\n>p1 move toxic\n>p2 move stunspore\n>p1 switch 5\n>p2 move encore terastallize\n>p1 move doubleedge\n>p2 move moonblast\n>p1 move highhorsepower\n>p2 move moonblast\n>p2 switch 5\n>p1 move doubleedge\n>p2 move bugbuzz\n>forcelose p2", "uploadtime": 1771260813, "views": 9, "formatid": "gen9randombattle", "rating": 1695, "private": 0, "password": null}