{"id": "gen9randombattle-2540386973", "format": "[Gen 9] Random Battle", "players": ["Keylan The First", "improvguy"], "log": "|j|☆Keylan The First\n|j|☆improvguy\n|t:|1771195835\n|gametype|singles\n|player|p1|Keylan The First|skier|1616\n|player|p2|improvguy|cameraman|1649\n|gen|9\n|tier|[Gen 9] Random Battle\n|rated|\n|rule|Species Clause: Limit one of each Pokémon\n|rule|HP Percentage Mod: HP is shown in percentages\n|rule|Sleep Clause Mod: Limit one foe put to sleep\n|rule|Illusion Level Mod: Illusion disguises the Pokémon's true level\n|\n|t:|1771195835\n|teamsize|p1|6\n|teamsize|p2|6\n|start\n|switch|p1a: Vaporeon|Vaporeon, L86, M|364/364\n|switch|p2a: Mismagius|Mismagius, L86, F|243/243\n|turn|1\n|inactive|Battle timer is ON: inactive players will automatically lose when time's up. (requested by Keylan The First)\n|\n|t:|1771195850\n|switch|p1a: Krookodile|Krookodile, L80, M|283/283\n|-ability|p1a: Krookodile|Intimidate|boost\n|-unboost|p2a: Mismagius|atk|1\n|move|p2a: Mismagius|Nasty Plot|p2a: Mismagius\n|-boost|p2a: Mismagius|spa|2\n|\n|upkeep\n|turn|2\n|\n|t:|1771195859\n|move|p2a: Mismagius|Dazzling Gleam|p1a: Krookodile\n|-supereffective|p1a: Krookodile\n|-damage|p1a: Krookodile|0 fnt\n|faint|p1a: Krookodile\n|-damage|p2a: Mismagius|219/243|[from] item: Life Orb\n|\n|upkeep\n|\n|t:|1771195880\n|switch|p1a: Honchkrow|Honchkrow, L86, M|312/312\n|turn|3\n|\n|t:|1771195904\n|move|p1a: Honchkrow|Sucker Punch|p2a: Mismagius\n|-supereffective|p2a: Mismagius\n|-damage|p2a: Mismagius|0 fnt\n|faint|p2a: Mismagius\n|-ability|p1a: Honchkrow|Moxie|boost\n|-boost|p1a: Honchkrow|atk|1\n|\n|upkeep\n|\n|t:|1771195910\n|switch|p2a: Houndoom|Houndoom, L87, F|272/272\n|turn|4\n|\n|t:|1771195914\n|move|p2a: Houndoom|Fire Blast|p1a: Honchkrow\n|-damage|p1a: Honchkrow|129/312\n|move|p1a: Honchkrow|Brave Bird|p2a: Houndoom\n|-damage|p2a: Houndoom|0 fnt\n|faint|p2a: Houndoom\n|-ability|p1a: Honchkrow|Moxie|boost\n|-boost|p1a: Honchkrow|atk|1\n|-damage|p1a: Honchkrow|39/312|[from] Recoil\n|\n|upkeep\n|\n|t:|1771195925\n|switch|p2a: Gallade|Gallade, L80, M|240/240\n|turn|5\n|\n|t:|1771195928\n|move|p1a: Honchkrow|Sucker Punch|p2a: Gallade\n|-damage|p2a: Gallade|0 fnt\n|faint|p2a: Gallade\n|-ability|p1a: Honchkrow|Moxie|boost\n|-boost|p1a: Honchkrow|atk|1\n|\n|upkeep\n|\n|t:|1771195931\n|switch|p2a: Kingambit|Kingambit, L74, M|270/270\n|-activate|p2a: Kingambit|ability: Supreme Overlord\n|-start|p2a: Kingambit|fallen3|[silent]\n|turn|6\n|\n|t:|1771195937\n|move|p2a: Kingambit|Sucker Punch|p1a: Honchkrow\n|-resisted|p1a: Honchkrow\n|-damage|p1a: Honchkrow|0 fnt\n|faint|p1a: Honchkrow\n|\n|upkeep\n|\n|t:|1771195944\n|switch|p1a: Vaporeon|Vaporeon, L86, M|364/364\n|turn|7\n|\n|t:|1771195949\n|-end|p2a: Kingambit|fallen3|[silent]\n|switch|p2a: Chesnaught|Chesnaught, L84, F|285/285\n|move|p1a: Vaporeon|Scald|p2a: Chesnaught\n|-resisted|p2a: Chesnaught\n|-damage|p2a: Chesnaught|231/285\n|\n|-heal|p2a: Chesnaught|248/285|[from] item: Leftovers\n|upkeep\n|turn|8\n|\n|t:|1771195959\n|switch|p1a: Lilligant|Lilligant-Hisui, L79, F|240/240\n|move|p2a: Chesnaught|Trailblaze|p1a: Lilligant\n|-resisted|p1a: Lilligant\n|-damage|p1a: Lilligant|209/240\n|-boost|p2a: Chesnaught|spe|1\n|\n|-heal|p2a: Chesnaught|265/285|[from] item: Leftovers\n|upkeep\n|turn|9\n|\n|t:|1771195971\n|move|p2a: Chesnaught|Iron Defense|p2a: Chesnaught\n|-boost|p2a: Chesnaught|def|2\n|move|p1a: Lilligant|Victory Dance|p1a: Lilligant\n|-boost|p1a: Lilligant|atk|1\n|-boost|p1a: Lilligant|def|1\n|-boost|p1a: Lilligant|spe|1\n|\n|-heal|p2a: Chesnaught|282/285|[from] item: Leftovers\n|upkeep\n|turn|10\n|\n|t:|1771195989\n|move|p1a: Lilligant|Victory Dance|p1a: Lilligant\n|-boost|p1a: Lilligant|atk|1\n|-boost|p1a: Lilligant|def|1\n|-boost|p1a: Lilligant|spe|1\n|move|p2a: Chesnaught|Iron Defense|p2a: Chesnaught\n|-boost|p2a: Chesnaught|def|2\n|\n|-heal|p2a: Chesnaught|285/285|[from] item: Leftovers\n|upkeep\n|turn|11\n|\n|t:|1771196011\n|move|p1a: Lilligant|Ice Spinner|p2a: Chesnaught\n|-supereffective|p2a: Chesnaught\n|-damage|p2a: Chesnaught|195/285\n|move|p2a: Chesnaught|Iron Defense|p2a: Chesnaught\n|-boost|p2a: Chesnaught|def|2\n|\n|-heal|p2a: Chesnaught|212/285|[from] item: Leftovers\n|upkeep\n|turn|12\n|\n|t:|1771196022\n|move|p1a: Lilligant|Ice Spinner|p2a: Chesnaught\n|-supereffective|p2a: Chesnaught\n|-damage|p2a: Chesnaught|150/285\n|move|p2a: Chesnaught|Body Press|p1a: Lilligant\n|-damage|p1a: Lilligant|0 fnt\n|faint|p1a: Lilligant\n|\n|-heal|p2a: Chesnaught|167/285|[from] item: Leftovers\n|upkeep\n|\n|t:|1771196030\n|switch|p1a: Polteageist|Polteageist-Antique, L78|222/222\n|turn|13\n|\n|t:|1771196038\n|move|p2a: Chesnaught|Trailblaze|p1a: Polteageist\n|-crit|p1a: Polteageist\n|-damage|p1a: Polteageist|110/222\n|-boost|p2a: Chesnaught|spe|1\n|move|p1a: Polteageist|Shell Smash|p1a: Polteageist\n|-unboost|p1a: Polteageist|def|1\n|-unboost|p1a: Polteageist|spd|1\n|-boost|p1a: Polteageist|atk|2\n|-boost|p1a: Polteageist|spa|2\n|-boost|p1a: Polteageist|spe|2\n|-enditem|p1a: Polteageist|White Herb\n|-clearnegativeboost|p1a: Polteageist|[silent]\n|\n|-heal|p2a: Chesnaught|184/285|[from] item: Leftovers\n|upkeep\n|turn|14\n|\n|t:|1771196061\n|-terastallize|p2a: Chesnaught|Steel\n|move|p2a: Chesnaught|Trailblaze|p1a: Polteageist\n|-damage|p1a: Polteageist|31/222\n|-boost|p2a: Chesnaught|spe|1\n|move|p1a: Polteageist|Tera Blast|p2a: Chesnaught\n|-resisted|p2a: Chesnaught\n|-crit|p2a: Chesnaught\n|-damage|p2a: Chesnaught|83/285\n|\n|-heal|p2a: Chesnaught|100/285|[from] item: Leftovers\n|upkeep\n|turn|15\n|inactive|Keylan The First has 120 seconds left.\n|\n|t:|1771196087\n|move|p2a: Chesnaught|Trailblaze|p1a: Polteageist\n|-damage|p1a: Polteageist|0 fnt\n|-boost|p2a: Chesnaught|spe|1\n|faint|p1a: Polteageist\n|\n|-heal|p2a: Chesnaught|117/285|[from] item: Leftovers\n|upkeep\n|\n|t:|1771196094\n|switch|p1a: Avalugg|Avalugg, L88, M|310/310\n|turn|16\n|\n|t:|1771196098\n|-terastallize|p1a: Avalugg|Fighting\n|move|p2a: Chesnaught|Synthesis|p2a: Chesnaught\n|-heal|p2a: Chesnaught|259/285\n|move|p1a: Avalugg|Body Press|p2a: Chesnaught\n|-supereffective|p2a: Chesnaught\n|-damage|p2a: Chesnaught|199/285\n|\n|-heal|p2a: Chesnaught|216/285|[from] item: Leftovers\n|upkeep\n|turn|17\n|\n|t:|1771196108\n|move|p2a: Chesnaught|Body Press|p1a: Avalugg\n|-damage|p1a: Avalugg|81/310\n|move|p1a: Avalugg|Body Press|p2a: Chesnaught\n|-supereffective|p2a: Chesnaught\n|-damage|p2a: Chesnaught|150/285\n|\n|-heal|p2a: Chesnaught|167/285|[from] item: Leftovers\n|upkeep\n|turn|18\n|-message|Keylan The First forfeited.\n|\n|win|improvguy\n|raw|Keylan The First's rating: 1616 &rarr; <strong>1598</strong><br />(-18 for losing)\n|raw|improvguy's rating: 1649 &rarr; <strong>1667</strong><br />(+18 for winning)\n|l|☆Keylan The First\n|player|p1|\n", "inputlog": ">version 686819e5e19f8a7fd2345cfc5a08a5085efa2cc3\n>start {\"formatid\":\"gen9randombattle\",\"seed\":\"sodium,03c629e4f3f1bf812e7be065627525a9\",\"rated\":\"Rated battle\"}\n>player p1 {\"name\":\"Keylan The First\",\"avatar\":\"skier\",\"rating\":1616,\"seed\":\"sodium,f8727f2a27e4e939b02fbe079ca72d14\"}\n>player p2 {\"name\":\"improvguy\",\"avatar\":\"cameraman\",\"rating\":1649,\"seed\":\"sodium,ee57ba85e830fa44c0845f4c96e96934\"}\n>p1 switch 2\n>p2 move nastyplot\n>p1 move knockoff\n>p2 move dazzlinggleam\n>p1 switch 5\n>p1 move suckerpunch\n>p2 move thunderbolt\n>p2 switch 3\n>p1 move bravebird\n>p2 move fireblast\n>p2 switch 6\n>p1 move suckerpunch\n>p2 move sacredsword\n>p2 switch 2\n>p1 move heatwave\n>p2 move suckerpunch\n>p1 switch 2\n>p1 move scald\n>p2 switch 5\n>p1 switch 4\n>p2 move trailblaze\n>p1 move victorydance\n>p2 move irondefense\n>p1 move victorydance\n>p2 move irondefense\n>p1 move icespinner\n>p2 move irondefense\n>p1 move icespinner\n>p2 move bodypress\n>p1 switch 6\n>p1 move shellsmash\n>p2 move trailblaze\n>p1 move terablast\n>p2 move trailblaze terastallize\n>p1 move terablast\n>p2 move trailblaze\n>p1 switch 3\n>p1 move bodypress terastallize\n>p2 move synthesis\n>p1 move bodypress\n>p2 move bodypress\n>forcelose p1", "uploadtime": 1771196129, "views": 25, "formatid": "gen9randombattle", "rating": 1598, "private": 0, "password": null}