{"id": "gen9randombattle-2540368341", "format": "[Gen 9] Random Battle", "players": ["Virkalam", "SnomSoulll"], "log": "|j|☆Virkalam\n|j|☆SnomSoulll\n|t:|1771193704\n|gametype|singles\n|player|p1|Virkalam|102|1532\n|player|p2|SnomSoulll|1|1555\n|gen|9\n|tier|[Gen 9] Random Battle\n|rated|\n|rule|Species Clause: Limit one of each Pokémon\n|rule|HP Percentage Mod: HP is shown in percentages\n|rule|Sleep Clause Mod: Limit one foe put to sleep\n|rule|Illusion Level Mod: Illusion disguises the Pokémon's true level\n|\n|t:|1771193704\n|teamsize|p1|6\n|teamsize|p2|6\n|start\n|switch|p1a: Pecharunt|Pecharunt, L77|262/262\n|switch|p2a: Galvantula|Galvantula, L82, M|249/249\n|turn|1\n|inactive|Battle timer is ON: inactive players will automatically lose when time's up. (requested by Virkalam)\n|\n|t:|1771193728\n|move|p2a: Galvantula|Sticky Web|p1a: Pecharunt\n|-sidestart|p1: Virkalam|move: Sticky Web\n|move|p1a: Pecharunt|Malignant Chain|p2a: Galvantula\n|-damage|p2a: Galvantula|137/249\n|-status|p2a: Galvantula|tox\n|-start|p2a: Galvantula|confusion|[from] ability: Poison Puppeteer|[of] p1a: Pecharunt\n|\n|-damage|p2a: Galvantula|122/249 tox|[from] psn\n|upkeep\n|turn|2\n|inactive|Virkalam has 120 seconds left.\n|\n|t:|1771193758\n|-activate|p2a: Galvantula|confusion\n|-damage|p2a: Galvantula|98/249 tox|[from] confusion\n|move|p1a: Pecharunt|Shadow Ball|p2a: Galvantula\n|-damage|p2a: Galvantula|4/249 tox\n|\n|-damage|p2a: Galvantula|0 fnt|[from] psn\n|faint|p2a: Galvantula\n|upkeep\n|\n|t:|1771193773\n|switch|p2a: Stonjourner|Stonjourner, L91, F|330/330\n|turn|3\n|inactive|Virkalam has 120 seconds left.\n|\n|t:|1771193792\n|-terastallize|p1a: Pecharunt|Dark\n|-terastallize|p2a: Stonjourner|Ground\n|move|p1a: Pecharunt|Malignant Chain|p2a: Stonjourner\n|-resisted|p2a: Stonjourner\n|-damage|p2a: Stonjourner|245/330\n|move|p2a: Stonjourner|Rock Polish|p2a: Stonjourner\n|-boost|p2a: Stonjourner|spe|2\n|\n|upkeep\n|turn|4\n|inactive|Virkalam has 120 seconds left.\n|\n|t:|1771193805\n|move|p2a: Stonjourner|Earthquake|p1a: Pecharunt\n|-damage|p1a: Pecharunt|137/262\n|-damage|p2a: Stonjourner|212/330|[from] item: Life Orb\n|move|p1a: Pecharunt|Malignant Chain|p2a: Stonjourner\n|-resisted|p2a: Stonjourner\n|-damage|p2a: Stonjourner|128/330\n|\n|upkeep\n|turn|5\n|\n|t:|1771193814\n|move|p2a: Stonjourner|Earthquake|p1a: Pecharunt\n|-damage|p1a: Pecharunt|16/262\n|-damage|p2a: Stonjourner|95/330|[from] item: Life Orb\n|move|p1a: Pecharunt|Recover|p1a: Pecharunt\n|-heal|p1a: Pecharunt|147/262\n|\n|upkeep\n|turn|6\n|\n|t:|1771193822\n|move|p2a: Stonjourner|Earthquake|p1a: Pecharunt\n|-damage|p1a: Pecharunt|21/262\n|-damage|p2a: Stonjourner|62/330|[from] item: Life Orb\n|move|p1a: Pecharunt|Recover|p1a: Pecharunt\n|-heal|p1a: Pecharunt|152/262\n|\n|upkeep\n|turn|7\n|\n|t:|1771193829\n|move|p2a: Stonjourner|Stone Edge|p1a: Pecharunt\n|-damage|p1a: Pecharunt|22/262\n|-damage|p2a: Stonjourner|29/330|[from] item: Life Orb\n|move|p1a: Pecharunt|Recover|p1a: Pecharunt\n|-heal|p1a: Pecharunt|153/262\n|\n|upkeep\n|turn|8\n|\n|t:|1771193837\n|move|p2a: Stonjourner|Stone Edge|p1a: Pecharunt\n|-damage|p1a: Pecharunt|17/262\n|-damage|p2a: Stonjourner|0 fnt|[from] item: Life Orb\n|faint|p2a: Stonjourner\n|move|p1a: Pecharunt|Recover|p1a: Pecharunt\n|-heal|p1a: Pecharunt|148/262\n|\n|upkeep\n|\n|t:|1771193846\n|switch|p2a: Pawmot|Pawmot, L80, M|243/243\n|turn|9\n|\n|t:|1771193852\n|move|p2a: Pawmot|Close Combat|p1a: Pecharunt\n|-supereffective|p1a: Pecharunt\n|-damage|p1a: Pecharunt|0 fnt\n|-unboost|p2a: Pawmot|def|1\n|-unboost|p2a: Pawmot|spd|1\n|-damage|p2a: Pawmot|203/243|[from] item: Rocky Helmet|[of] p1a: Pecharunt\n|faint|p1a: Pecharunt\n|-damage|p2a: Pawmot|179/243|[from] item: Life Orb\n|\n|upkeep\n|\n|t:|1771193880\n|switch|p1a: Seviper|Seviper, L93, F|287/287\n|-activate|p1a: Seviper|move: Sticky Web\n|-unboost|p1a: Seviper|spe|1\n|turn|10\n|\n|t:|1771193907\n|move|p2a: Pawmot|Revival Blessing|p2a: Pawmot\n|\n|t:|1771193908\n|-heal|p2: Stonjourner|165/330|[from] move: Revival Blessing\n|move|p1a: Seviper|Gunk Shot|p2a: Pawmot|[miss]\n|-miss|p1a: Seviper|p2a: Pawmot\n|\n|upkeep\n|turn|11\n|\n|t:|1771193924\n|move|p2a: Pawmot|Double Shock|p1a: Seviper\n|-damage|p1a: Seviper|79/287\n|-start|p2a: Pawmot|typechange|???/Fighting|[from] move: Double Shock\n|-damage|p2a: Pawmot|155/243|[from] item: Life Orb\n|move|p1a: Seviper|Gunk Shot|p2a: Pawmot\n|-damage|p2a: Pawmot|0 fnt\n|faint|p2a: Pawmot\n|\n|-heal|p1a: Seviper|96/287|[from] item: Leftovers\n|upkeep\n|\n|t:|1771193930\n|switch|p2a: Stonjourner|Stonjourner, L91, F|165/330\n|turn|12\n|inactive|SnomSoulll has 120 seconds left.\n|\n|t:|1771193953\n|move|p2a: Stonjourner|Earthquake|p1a: Seviper\n|-supereffective|p1a: Seviper\n|-crit|p1a: Seviper\n|-damage|p1a: Seviper|0 fnt\n|faint|p1a: Seviper\n|-damage|p2a: Stonjourner|132/330|[from] item: Life Orb\n|\n|upkeep\n|\n|t:|1771193959\n|switch|p1a: Eelektross|Eelektross, L87, F|290/290\n|turn|13\n|\n|t:|1771193965\n|move|p2a: Stonjourner|Heat Crash|p1a: Eelektross\n|-damage|p1a: Eelektross|131/290\n|-damage|p2a: Stonjourner|99/330|[from] item: Life Orb\n|move|p1a: Eelektross|Giga Drain|p2a: Stonjourner\n|-supereffective|p2a: Stonjourner\n|-damage|p2a: Stonjourner|0 fnt\n|-heal|p1a: Eelektross|181/290|[from] drain|[of] p2a: Stonjourner\n|faint|p2a: Stonjourner\n|\n|upkeep\n|\n|t:|1771193977\n|switch|p2a: Oranguru|Oranguru, L92, M|315/315\n|turn|14\n|\n|t:|1771193983\n|move|p2a: Oranguru|Nasty Plot|p2a: Oranguru\n|-boost|p2a: Oranguru|spa|2\n|move|p1a: Eelektross|Knock Off|p2a: Oranguru\n|-supereffective|p2a: Oranguru\n|-damage|p2a: Oranguru|147/315\n|-enditem|p2a: Oranguru|Life Orb|[from] move: Knock Off|[of] p1a: Eelektross\n|\n|upkeep\n|turn|15\n|\n|t:|1771194008\n|switch|p1a: Electrode|Electrode-Hisui, L87|246/246\n|-activate|p1a: Electrode|move: Sticky Web\n|-unboost|p1a: Electrode|spe|1\n|move|p2a: Oranguru|Psyshock|p1a: Electrode\n|-damage|p1a: Electrode|48/246\n|\n|upkeep\n|turn|16\n|inactive|Virkalam has 120 seconds left.\n|\n|t:|1771194029\n|move|p1a: Electrode|Thunderbolt|p2a: Oranguru\n|-damage|p2a: Oranguru|57/315\n|-damage|p1a: Electrode|24/246|[from] item: Life Orb\n|move|p2a: Oranguru|Hyper Voice|p1a: Electrode\n|-immune|p1a: Electrode|[from] ability: Soundproof\n|\n|upkeep\n|turn|17\n|inactive|Virkalam has 120 seconds left.\n|\n|t:|1771194048\n|move|p1a: Electrode|Thunderbolt|p2a: Oranguru\n|-damage|p2a: Oranguru|0 fnt\n|faint|p2a: Oranguru\n|-damage|p1a: Electrode|0 fnt|[from] item: Life Orb\n|faint|p1a: Electrode\n|\n|upkeep\n|inactive|Virkalam has 90 seconds left.\n|\n|t:|1771194080\n|switch|p1a: Cetitan|Cetitan, L82, M|413/413\n|switch|p2a: Chesnaught|Chesnaught, L84, M|285/285\n|-activate|p1a: Cetitan|move: Sticky Web\n|-unboost|p1a: Cetitan|spe|1\n|turn|18\n|inactive|Virkalam has 90 seconds left.\n|\n|t:|1771194091\n|move|p2a: Chesnaught|Body Press|p1a: Cetitan\n|-supereffective|p1a: Cetitan\n|-damage|p1a: Cetitan|155/413\n|move|p1a: Cetitan|Icicle Crash|p2a: Chesnaught\n|-supereffective|p2a: Chesnaught\n|-crit|p2a: Chesnaught\n|-damage|p2a: Chesnaught|0 fnt\n|faint|p2a: Chesnaught\n|\n|upkeep\n|\n|t:|1771194094\n|switch|p2a: Swanna|Swanna, L89, M|278/278\n|turn|19\n|\n|t:|1771194105\n|move|p1a: Cetitan|Ice Shard|p2a: Swanna\n|-damage|p2a: Swanna|210/278\n|-damage|p1a: Cetitan|114/413|[from] item: Life Orb\n|move|p2a: Swanna|Hydro Pump|p1a: Cetitan\n|-damage|p1a: Cetitan|0 fnt\n|faint|p1a: Cetitan\n|\n|upkeep\n|inactive|Virkalam has 90 seconds left.\n|\n|t:|1771194119\n|switch|p1a: Crabominable|Crabominable, L90, F|321/321\n|-activate|p1a: Crabominable|move: Sticky Web\n|-unboost|p1a: Crabominable|spe|1\n|turn|20\n|inactive|Virkalam has 90 seconds left.\n|\n|t:|1771194129\n|move|p2a: Swanna|Brave Bird|p1a: Crabominable\n|-supereffective|p1a: Crabominable\n|-damage|p1a: Crabominable|51/321\n|-damage|p2a: Swanna|121/278|[from] Recoil\n|move|p1a: Crabominable|Ice Hammer|p2a: Swanna\n|-damage|p2a: Swanna|0 fnt\n|-unboost|p1a: Crabominable|spe|1\n|faint|p2a: Swanna\n|\n|win|Virkalam\n|raw|Virkalam's rating: 1532 &rarr; <strong>1553</strong><br />(+21 for winning)\n|raw|SnomSoulll's rating: 1555 &rarr; <strong>1534</strong><br />(-21 for losing)\n|l|☆Virkalam\n|player|p1|\n|l|☆SnomSoulll\n|player|p2|\n|j|☆SnomSoulll\n|player|p2|SnomSoulll|1|\n", "inputlog": ">version 686819e5e19f8a7fd2345cfc5a08a5085efa2cc3\n>start {\"formatid\":\"gen9randombattle\",\"seed\":\"sodium,e620b9c938c42c6df2ef0a332132e848\",\"rated\":\"Rated battle\"}\n>player p1 {\"name\":\"Virkalam\",\"avatar\":\"102\",\"rating\":1532,\"seed\":\"sodium,34dfee6ed7c2d7a8ff3d1fb9f1f72a95\"}\n>player p2 {\"name\":\"SnomSoulll\",\"avatar\":\"1\",\"rating\":1555,\"seed\":\"sodium,21daef590dd10254823be8b15d130a0b\"}\n>p1 move malignantchain\n>p2 move stickyweb\n>p1 move shadowball\n>p2 move thunder\n>p2 switch 6\n>p1 move malignantchain terastallize\n>p2 move rockpolish terastallize\n>p1 move malignantchain\n>p2 move earthquake\n>p1 move recover\n>p2 move earthquake\n>p1 move recover\n>p2 move earthquake\n>p1 move recover\n>p2 move stoneedge\n>p1 move recover\n>p2 move stoneedge\n>p2 switch 4\n>p1 move malignantchain\n>p2 move closecombat\n>p1 switch 5\n>p1 move gunkshot\n>p2 move revivalblessing\n>p2 switch 4\n>p1 move gunkshot\n>p2 move doubleshock\n>p2 switch 4\n>p1 move trailblaze\n>p2 move earthquake\n>p1 switch 6\n>p1 move gigadrain\n>p2 move heatcrash\n>p2 switch 5\n>p1 move knockoff\n>p2 move nastyplot\n>p1 switch 2\n>p2 move psyshock\n>p1 move thunderbolt\n>p2 move hypervoice\n>p1 move thunderbolt\n>p2 move psyshock\n>p1 switch 3\n>p2 switch 2\n>p1 move iciclecrash\n>p2 move bodypress\n>p2 switch 3\n>p1 move iceshard\n>p2 move hydropump\n>p1 switch 4\n>p1 move icehammer\n>p2 move bravebird", "uploadtime": 1771194395, "views": 12, "formatid": "gen9randombattle", "rating": 1534, "private": 0, "password": null}