{"id": "gen9randombattle-2540333677", "format": "[Gen 9] Random Battle", "players": ["Magikarpitalism", "The Fuckit Bucket"], "log": "|j|☆Magikarpitalism\n|j|‽The Fuckit Bucket\n|t:|1771189862\n|gametype|singles\n|player|p1|Magikarpitalism|steven|2103\n|player|p2|The Fuckit Bucket|depotagent|2057\n|gen|9\n|tier|[Gen 9] Random Battle\n|rated|\n|rule|Species Clause: Limit one of each Pokémon\n|rule|HP Percentage Mod: HP is shown in percentages\n|rule|Sleep Clause Mod: Limit one foe put to sleep\n|rule|Illusion Level Mod: Illusion disguises the Pokémon's true level\n|\n|t:|1771189862\n|teamsize|p1|6\n|teamsize|p2|6\n|start\n|switch|p1a: Dudunsparce|Dudunsparce, L83, F|343/343\n|switch|p2a: Palafin|Palafin, L77, F|281/281\n|turn|1\n|inactive|Battle timer is ON: inactive players will automatically lose when time's up. (requested by The Fuckit Bucket)\n|\n|t:|1771189880\n|detailschange|p2a: Palafin|Palafin-Hero, L77, F\n|switch|p2a: Volbeat|Volbeat, L90, M|263/263\n|move|p1a: Dudunsparce|Calm Mind|p1a: Dudunsparce\n|-boost|p1a: Dudunsparce|spa|1\n|-boost|p1a: Dudunsparce|spd|1\n|\n|upkeep\n|turn|2\n|\n|t:|1771189887\n|switch|p1a: Quagsire|Quagsire, L84, F|297/297\n|move|p2a: Volbeat|Encore||[still]\n|-fail|p2a: Volbeat\n|\n|upkeep\n|turn|3\n|\n|t:|1771189889\n|move|p2a: Volbeat|U-turn|p1a: Quagsire\n|-damage|p1a: Quagsire|222/297\n|\n|t:|1771189891\n|switch|p2a: Delibird|Delibird, F|252/252|[from] U-turn\n|move|p1a: Quagsire|Toxic|p2a: Delibird\n|-status|p2a: Delibird|tox\n|\n|-heal|p1a: Quagsire|240/297|[from] item: Leftovers\n|-damage|p2a: Delibird|237/252 tox|[from] psn\n|upkeep\n|turn|4\n|\n|t:|1771189896\n|switch|p1a: Dudunsparce|Dudunsparce, L83, F|343/343\n|move|p2a: Delibird|Spikes|p1a: Dudunsparce\n|-sidestart|p1: Magikarpitalism|Spikes\n|\n|-damage|p2a: Delibird|207/252 tox|[from] psn\n|upkeep\n|turn|5\n|\n|t:|1771189905\n|switch|p2a: Florges|Florges-Yellow, L85, F|271/271\n|move|p1a: Dudunsparce|Calm Mind|p1a: Dudunsparce\n|-boost|p1a: Dudunsparce|spa|1\n|-boost|p1a: Dudunsparce|spd|1\n|\n|upkeep\n|turn|6\n|\n|t:|1771189907\n|move|p2a: Florges|Calm Mind|p2a: Florges\n|-boost|p2a: Florges|spa|1\n|-boost|p2a: Florges|spd|1\n|move|p1a: Dudunsparce|Calm Mind|p1a: Dudunsparce\n|-boost|p1a: Dudunsparce|spa|1\n|-boost|p1a: Dudunsparce|spd|1\n|\n|upkeep\n|turn|7\n|\n|t:|1771189910\n|move|p2a: Florges|Calm Mind|p2a: Florges\n|-boost|p2a: Florges|spa|1\n|-boost|p2a: Florges|spd|1\n|move|p1a: Dudunsparce|Calm Mind|p1a: Dudunsparce\n|-boost|p1a: Dudunsparce|spa|1\n|-boost|p1a: Dudunsparce|spd|1\n|\n|upkeep\n|turn|8\n|\n|t:|1771189912\n|move|p2a: Florges|Calm Mind|p2a: Florges\n|-boost|p2a: Florges|spa|1\n|-boost|p2a: Florges|spd|1\n|move|p1a: Dudunsparce|Calm Mind|p1a: Dudunsparce\n|-boost|p1a: Dudunsparce|spa|1\n|-boost|p1a: Dudunsparce|spd|1\n|\n|upkeep\n|turn|9\n|\n|t:|1771189913\n|move|p2a: Florges|Calm Mind|p2a: Florges\n|-boost|p2a: Florges|spa|1\n|-boost|p2a: Florges|spd|1\n|move|p1a: Dudunsparce|Calm Mind|p1a: Dudunsparce\n|-boost|p1a: Dudunsparce|spa|1\n|-boost|p1a: Dudunsparce|spd|1\n|\n|upkeep\n|turn|10\n|\n|t:|1771189915\n|move|p2a: Florges|Calm Mind|p2a: Florges\n|-boost|p2a: Florges|spa|1\n|-boost|p2a: Florges|spd|1\n|move|p1a: Dudunsparce|Calm Mind|p1a: Dudunsparce\n|-boost|p1a: Dudunsparce|spa|1\n|-boost|p1a: Dudunsparce|spd|1\n|\n|upkeep\n|turn|11\n|\n|t:|1771189917\n|move|p2a: Florges|Calm Mind|p2a: Florges\n|-boost|p2a: Florges|spa|1\n|-boost|p2a: Florges|spd|1\n|move|p1a: Dudunsparce|Boomburst|p2a: Florges\n|-damage|p2a: Florges|190/271\n|\n|-heal|p2a: Florges|206/271|[from] item: Leftovers\n|upkeep\n|turn|12\n|\n|t:|1771189920\n|move|p2a: Florges|Moonblast|p1a: Dudunsparce\n|-damage|p1a: Dudunsparce|201/343\n|move|p1a: Dudunsparce|Boomburst|p2a: Florges\n|-damage|p2a: Florges|121/271\n|\n|-heal|p2a: Florges|137/271|[from] item: Leftovers\n|-heal|p1a: Dudunsparce|222/343|[from] item: Leftovers\n|upkeep\n|turn|13\n|\n|t:|1771189923\n|move|p2a: Florges|Moonblast|p1a: Dudunsparce\n|-damage|p1a: Dudunsparce|95/343\n|-unboost|p1a: Dudunsparce|spa|1\n|move|p1a: Dudunsparce|Boomburst|p2a: Florges\n|-damage|p2a: Florges|62/271\n|\n|-heal|p2a: Florges|78/271|[from] item: Leftovers\n|-heal|p1a: Dudunsparce|116/343|[from] item: Leftovers\n|upkeep\n|turn|14\n|\n|t:|1771189926\n|move|p2a: Florges|Wish|p2a: Florges\n|move|p1a: Dudunsparce|Boomburst|p2a: Florges\n|-damage|p2a: Florges|0 fnt\n|faint|p2a: Florges\n|\n|-heal|p1a: Dudunsparce|137/343|[from] item: Leftovers\n|upkeep\n|\n|t:|1771189930\n|switch|p2a: Infernape|Infernape, L82, M|259/259\n|turn|15\n|\n|t:|1771189934\n|-terastallize|p1a: Dudunsparce|Ghost\n|move|p2a: Infernape|Close Combat|p1a: Dudunsparce\n|-immune|p1a: Dudunsparce\n|move|p1a: Dudunsparce|Roost|p1a: Dudunsparce\n|-heal|p1a: Dudunsparce|309/343\n|\n|-heal|p1a: Dudunsparce|330/343|[from] item: Leftovers\n|upkeep\n|turn|16\n|\n|t:|1771189940\n|move|p2a: Infernape|Flare Blitz|p1a: Dudunsparce\n|-damage|p1a: Dudunsparce|151/343\n|-damage|p2a: Infernape|200/259|[from] Recoil\n|-damage|p2a: Infernape|175/259|[from] item: Life Orb\n|move|p1a: Dudunsparce|Boomburst|p2a: Infernape\n|-damage|p2a: Infernape|0 fnt\n|faint|p2a: Infernape\n|\n|-heal|p1a: Dudunsparce|172/343|[from] item: Leftovers\n|upkeep\n|\n|t:|1771189942\n|switch|p2a: Urshifu|Urshifu-Rapid-Strike, L75, M|274/274\n|turn|17\n|\n|t:|1771189960\n|switch|p1a: Ludicolo|Ludicolo, L90, M|290/290\n|-damage|p1a: Ludicolo|254/290|[from] Spikes\n|move|p2a: Urshifu|Surging Strikes|p1a: Ludicolo\n|-resisted|p1a: Ludicolo\n|-crit|p1a: Ludicolo\n|-damage|p1a: Ludicolo|238/290\n|-resisted|p1a: Ludicolo\n|-crit|p1a: Ludicolo\n|-damage|p1a: Ludicolo|225/290\n|-resisted|p1a: Ludicolo\n|-crit|p1a: Ludicolo\n|-damage|p1a: Ludicolo|209/290\n|-hitcount|p1a: Ludicolo|3\n|-damage|p2a: Urshifu|247/274|[from] item: Life Orb\n|\n|upkeep\n|turn|18\n|\n|t:|1771189973\n|switch|p2a: Delibird|Delibird, F|207/252 tox\n|move|p1a: Ludicolo|Rain Dance|p1a: Ludicolo\n|-weather|RainDance\n|\n|-weather|RainDance|[upkeep]\n|-damage|p2a: Delibird|192/252 tox|[from] psn\n|upkeep\n|turn|19\n|\n|t:|1771189979\n|move|p1a: Ludicolo|Hydro Pump|p2a: Delibird\n|-damage|p2a: Delibird|0 fnt\n|faint|p2a: Delibird\n|-damage|p1a: Ludicolo|180/290|[from] item: Life Orb\n|\n|-weather|RainDance|[upkeep]\n|upkeep\n|\n|t:|1771189982\n|switch|p2a: Volbeat|Volbeat, L90, M|263/263\n|turn|20\n|\n|t:|1771189987\n|move|p1a: Ludicolo|Hydro Pump|p2a: Volbeat\n|-damage|p2a: Volbeat|43/263\n|-damage|p1a: Ludicolo|151/290|[from] item: Life Orb\n|move|p2a: Volbeat|U-turn|p1a: Ludicolo\n|-supereffective|p1a: Ludicolo\n|-damage|p1a: Ludicolo|0 fnt\n|faint|p1a: Ludicolo\n|\n|t:|1771189991\n|switch|p2a: Urshifu|Urshifu-Rapid-Strike, L75, M|247/274|[from] U-turn\n|\n|-weather|RainDance|[upkeep]\n|upkeep\n|inactive|Magikarpitalism has 120 seconds left.\n|\n|t:|1771190038\n|switch|p1a: Kilowattrel|Kilowattrel, L83, F|252/252\n|turn|21\n|\n|t:|1771190047\n|move|p2a: Urshifu|Aqua Jet|p1a: Kilowattrel\n|-damage|p1a: Kilowattrel|127/252\n|-damage|p2a: Urshifu|220/274|[from] item: Life Orb\n|move|p1a: Kilowattrel|Hurricane|p2a: Urshifu\n|-supereffective|p2a: Urshifu\n|-damage|p2a: Urshifu|0 fnt\n|faint|p2a: Urshifu\n|\n|-weather|RainDance|[upkeep]\n|upkeep\n|\n|t:|1771190054\n|switch|p2a: Palafin|Palafin-Hero, L77, F|281/281\n|-activate|p2a: Palafin|ability: Zero to Hero\n|turn|22\n|\n|t:|1771190060\n|move|p1a: Kilowattrel|Thunderbolt|p2a: Palafin\n|-supereffective|p2a: Palafin\n|-damage|p2a: Palafin|77/281\n|move|p2a: Palafin|Wave Crash|p1a: Kilowattrel\n|-damage|p1a: Kilowattrel|0 fnt\n|faint|p1a: Kilowattrel\n|-damage|p2a: Palafin|35/281|[from] Recoil\n|\n|-weather|none\n|upkeep\n|\n|t:|1771190066\n|switch|p1a: Fezandipiti|Fezandipiti, L82, M|278/278\n|-damage|p1a: Fezandipiti|244/278|[from] Spikes\n|turn|23\n|\n|t:|1771190070\n|move|p1a: Fezandipiti|Moonblast|p2a: Palafin\n|-damage|p2a: Palafin|0 fnt\n|faint|p2a: Palafin\n|\n|upkeep\n|\n|t:|1771190077\n|switch|p2a: Volbeat|Volbeat, L90, M|43/263\n|turn|24\n|\n|t:|1771190080\n|move|p2a: Volbeat|Encore|p1a: Fezandipiti\n|-start|p1a: Fezandipiti|Encore\n|move|p1a: Fezandipiti|Moonblast|p2a: Volbeat\n|-crit|p2a: Volbeat\n|-damage|p2a: Volbeat|0 fnt\n|faint|p2a: Volbeat\n|\n|win|Magikarpitalism\n|raw|Magikarpitalism's rating: 2103 &rarr; <strong>2120</strong><br />(+17 for winning)\n|raw|The Fuckit Bucket's rating: 2057 &rarr; <strong>2040</strong><br />(-17 for losing)\n", "inputlog": ">version 686819e5e19f8a7fd2345cfc5a08a5085efa2cc3\n>start {\"formatid\":\"gen9randombattle\",\"seed\":\"sodium,8de65ff8d55765d8701c6cc983e37076\",\"rated\":\"Rated battle\"}\n>player p1 {\"name\":\"Magikarpitalism\",\"avatar\":\"steven\",\"rating\":2103,\"seed\":\"sodium,e88fd766ede9f8826a3c00a60e246d74\"}\n>player p2 {\"name\":\"The Fuckit Bucket\",\"avatar\":\"depotagent\",\"rating\":2057,\"seed\":\"sodium,2407fe770100c15b33d7424c75247e3f\"}\n>p1 move calmmind\n>p2 switch 5\n>p1 switch 2\n>p2 move encore\n>p1 move toxic\n>p2 move uturn\n>p2 switch 3\n>p1 switch 2\n>p2 move spikes\n>p1 move calmmind\n>p2 switch 6\n>p1 move calmmind\n>p2 move calmmind\n>p1 move calmmind\n>p2 move calmmind\n>p1 move calmmind\n>p2 move calmmind\n>p1 move calmmind\n>p2 move calmmind\n>p1 move calmmind\n>p2 move calmmind\n>p1 move boomburst\n>p2 move calmmind\n>p1 move boomburst\n>p2 move moonblast\n>p1 move boomburst\n>p2 move moonblast\n>p1 move boomburst\n>p2 move wish\n>p2 switch 4\n>p1 move roost terastallize\n>p2 move closecombat\n>p1 move boomburst\n>p2 move flareblitz\n>p2 switch 2\n>p1 switch 4\n>p2 move surgingstrikes\n>p1 move raindance\n>p2 switch 6\n>p1 move hydropump\n>p2 move spikes\n>p2 switch 3\n>p1 move hydropump\n>p2 move uturn\n>p2 switch 6\n>p1 switch 5\n>p1 move hurricane\n>p2 move aquajet\n>p2 switch 5\n>p1 move thunderbolt\n>p2 move wavecrash\n>p1 switch 6\n>p1 move moonblast\n>p2 move wavecrash\n>p2 switch 6\n>p1 move moonblast\n>p2 move encore", "uploadtime": 1771190081, "views": 9, "formatid": "gen9randombattle", "rating": 2040, "private": 0, "password": null}