{"id": "gen9randombattle-2540457381", "format": "[Gen 9] Random Battle", "players": ["FatalOblivion", "nextbangermyliege"], "log": "|j|☆FatalOblivion\n|j|☆nextbangermyliege\n|t:|1771204416\n|gametype|singles\n|player|p1|FatalOblivion|hilda-wonderlauncher|1605\n|player|p2|nextbangermyliege|teamrocket|1654\n|gen|9\n|tier|[Gen 9] Random Battle\n|rated|\n|rule|Species Clause: Limit one of each Pokémon\n|rule|HP Percentage Mod: HP is shown in percentages\n|rule|Sleep Clause Mod: Limit one foe put to sleep\n|rule|Illusion Level Mod: Illusion disguises the Pokémon's true level\n|\n|t:|1771204416\n|teamsize|p1|6\n|teamsize|p2|6\n|start\n|switch|p1a: Gouging Fire|Gouging Fire, L74|277/277\n|switch|p2a: Komala|Komala, L89, F|260/260\n|-ability|p2a: Komala|Comatose\n|turn|1\n|inactive|Battle timer is ON: inactive players will automatically lose when time's up. (requested by FatalOblivion)\n|\n|t:|1771204425\n|-end|p1a: Gouging Fire|Protosynthesis|[silent]\n|switch|p1a: Hariyama|Hariyama, L87, F|392/392\n|move|p2a: Komala|Body Slam|p1a: Hariyama\n|-damage|p1a: Hariyama|238/392\n|-status|p1a: Hariyama|par\n|\n|upkeep\n|turn|2\n|\n|t:|1771204431\n|move|p2a: Komala|U-turn|p1a: Hariyama\n|-resisted|p1a: Hariyama\n|-damage|p1a: Hariyama|196/392 par\n|\n|t:|1771204435\n|switch|p2a: Moltres|Moltres, L81|278/278|[from] U-turn\n|move|p1a: Hariyama|Knock Off|p2a: Moltres\n|-damage|p2a: Moltres|156/278\n|-enditem|p2a: Moltres|Heavy-Duty Boots|[from] move: Knock Off|[of] p1a: Hariyama\n|\n|upkeep\n|turn|3\n|\n|t:|1771204450\n|switch|p1a: Gouging Fire|Gouging Fire, L74|277/277\n|move|p2a: Moltres|Brave Bird|p1a: Gouging Fire\n|-damage|p1a: Gouging Fire|174/277\n|-damage|p2a: Moltres|122/278|[from] Recoil\n|\n|upkeep\n|turn|4\n|\n|t:|1771204468\n|move|p2a: Moltres|Scorching Sands|p1a: Gouging Fire\n|-supereffective|p1a: Gouging Fire\n|-damage|p1a: Gouging Fire|46/277\n|move|p1a: Gouging Fire|Dragon Dance|p1a: Gouging Fire\n|-boost|p1a: Gouging Fire|atk|1\n|-boost|p1a: Gouging Fire|spe|1\n|\n|upkeep\n|turn|5\n|\n|t:|1771204474\n|move|p1a: Gouging Fire|Outrage|p2a: Moltres\n|-damage|p2a: Moltres|0 fnt\n|faint|p2a: Moltres\n|\n|upkeep\n|\n|t:|1771204494\n|switch|p2a: Komala|Komala, L89, F|260/260\n|-ability|p2a: Komala|Comatose\n|turn|6\n|\n|t:|1771204505\n|move|p1a: Gouging Fire|Outrage|p2a: Komala|[from] lockedmove\n|-damage|p2a: Komala|49/260\n|-start|p1a: Gouging Fire|confusion|[fatigue]\n|move|p2a: Komala|Body Slam|p1a: Gouging Fire\n|-damage|p1a: Gouging Fire|0 fnt\n|faint|p1a: Gouging Fire\n|-end|p1a: Gouging Fire|Protosynthesis|[silent]\n|\n|upkeep\n|\n|t:|1771204526\n|switch|p1a: Cyclizar|Cyclizar, L83, F|252/252\n|turn|7\n|\n|t:|1771204529\n|move|p1a: Cyclizar|Draco Meteor|p2a: Komala\n|-damage|p2a: Komala|0 fnt\n|-unboost|p1a: Cyclizar|spa|2\n|faint|p2a: Komala\n|\n|upkeep\n|\n|t:|1771204539\n|switch|p2a: Kilowattrel|Kilowattrel, L83, M|252/252\n|turn|8\n|\n|t:|1771204551\n|move|p2a: Kilowattrel|Hurricane|p1a: Cyclizar\n|-damage|p1a: Cyclizar|104/252\n|move|p1a: Cyclizar|Rapid Spin|p2a: Kilowattrel\n|-crit|p2a: Kilowattrel\n|-damage|p2a: Kilowattrel|149/252\n|-boost|p1a: Cyclizar|spe|1\n|\n|upkeep\n|turn|9\n|\n|t:|1771204560\n|switch|p1a: Solgaleo|Solgaleo, L74|325/325\n|move|p2a: Kilowattrel|Hurricane|p1a: Solgaleo|[miss]\n|-miss|p2a: Kilowattrel|p1a: Solgaleo\n|\n|upkeep\n|turn|10\n|\n|t:|1771204568\n|move|p2a: Kilowattrel|U-turn|p1a: Solgaleo\n|-damage|p1a: Solgaleo|289/325\n|\n|t:|1771204574\n|switch|p2a: Darkrai|Darkrai, L77|234/234|[from] U-turn\n|move|p1a: Solgaleo|Knock Off|p2a: Darkrai\n|-resisted|p2a: Darkrai\n|-damage|p2a: Darkrai|195/234\n|-enditem|p2a: Darkrai|Leftovers|[from] move: Knock Off|[of] p1a: Solgaleo\n|\n|-heal|p1a: Solgaleo|309/325|[from] item: Leftovers\n|upkeep\n|turn|11\n|\n|t:|1771204585\n|switch|p1a: Chien-Pao|Chien-Pao, L72|234/234\n|-ability|p1a: Chien-Pao|Sword of Ruin\n|move|p2a: Darkrai|Sludge Bomb|p1a: Chien-Pao\n|-damage|p1a: Chien-Pao|132/234\n|\n|upkeep\n|turn|12\n|inactive|nextbangermyliege has 120 seconds left.\n|\n|t:|1771204634\n|move|p2a: Darkrai|Sludge Bomb|p1a: Chien-Pao\n|-damage|p1a: Chien-Pao|34/234\n|-status|p1a: Chien-Pao|psn\n|move|p1a: Chien-Pao|Icicle Crash|p2a: Darkrai\n|-damage|p2a: Darkrai|21/234\n|\n|-damage|p1a: Chien-Pao|5/234 psn|[from] psn\n|upkeep\n|turn|13\n|\n|t:|1771204654\n|switch|p1a: Blaziken|Blaziken, L76, F|247/247\n|move|p2a: Darkrai|Substitute|p2a: Darkrai\n|-fail|p2a: Darkrai|move: Substitute|[weak]\n|\n|upkeep\n|turn|14\n|\n|t:|1771204661\n|move|p2a: Darkrai|Sludge Bomb|p1a: Blaziken\n|-damage|p1a: Blaziken|163/247\n|move|p1a: Blaziken|Swords Dance|p1a: Blaziken\n|-boost|p1a: Blaziken|atk|2\n|\n|-ability|p1a: Blaziken|Speed Boost|boost\n|-boost|p1a: Blaziken|spe|1\n|upkeep\n|turn|15\n|\n|t:|1771204666\n|move|p1a: Blaziken|Flare Blitz|p2a: Darkrai\n|-damage|p2a: Darkrai|0 fnt\n|faint|p2a: Darkrai\n|-damage|p1a: Blaziken|156/247|[from] Recoil\n|-damage|p1a: Blaziken|132/247|[from] item: Life Orb\n|\n|-ability|p1a: Blaziken|Speed Boost|boost\n|-boost|p1a: Blaziken|spe|1\n|upkeep\n|\n|t:|1771204670\n|switch|p2a: Inteleon|Inteleon, L81, M|246/246\n|turn|16\n|\n|t:|1771204677\n|switch|p2a: Lilligant|Lilligant, L86, F|261/261\n|-terastallize|p1a: Blaziken|Fighting\n|move|p1a: Blaziken|Close Combat|p2a: Lilligant\n|-damage|p2a: Lilligant|0 fnt\n|-unboost|p1a: Blaziken|def|1\n|-unboost|p1a: Blaziken|spd|1\n|faint|p2a: Lilligant\n|-damage|p1a: Blaziken|108/247|[from] item: Life Orb\n|\n|-ability|p1a: Blaziken|Speed Boost|boost\n|-boost|p1a: Blaziken|spe|1\n|upkeep\n|\n|t:|1771204686\n|switch|p2a: Kilowattrel|Kilowattrel, L83, M|149/252\n|turn|17\n|\n|t:|1771204688\n|move|p1a: Blaziken|Flare Blitz|p2a: Kilowattrel\n|-damage|p2a: Kilowattrel|0 fnt\n|faint|p2a: Kilowattrel\n|-damage|p1a: Blaziken|59/247|[from] Recoil\n|-damage|p1a: Blaziken|35/247|[from] item: Life Orb\n|\n|-ability|p1a: Blaziken|Speed Boost|boost\n|-boost|p1a: Blaziken|spe|1\n|upkeep\n|c|☆FatalOblivion|Gg\n|\n|t:|1771204696\n|switch|p2a: Inteleon|Inteleon, L81, M|246/246\n|turn|18\n|\n|t:|1771204698\n|move|p1a: Blaziken|Close Combat|p2a: Inteleon\n|-damage|p2a: Inteleon|0 fnt\n|-unboost|p1a: Blaziken|def|1\n|-unboost|p1a: Blaziken|spd|1\n|faint|p2a: Inteleon\n|-damage|p1a: Blaziken|11/247|[from] item: Life Orb\n|\n|win|FatalOblivion\n|raw|FatalOblivion's rating: 1605 &rarr; <strong>1628</strong><br />(+23 for winning)\n|raw|nextbangermyliege's rating: 1654 &rarr; <strong>1631</strong><br />(-23 for losing)\n", "inputlog": ">version 686819e5e19f8a7fd2345cfc5a08a5085efa2cc3\n>start {\"formatid\":\"gen9randombattle\",\"seed\":\"sodium,b5d5c6f05d751b96b5838ba6c2cbc6c6\",\"rated\":\"Rated battle\"}\n>player p1 {\"name\":\"FatalOblivion\",\"avatar\":\"hilda-wonderlauncher\",\"rating\":1605,\"seed\":\"sodium,a2ddebaa1e4dd65974676a0fa3ca8f68\"}\n>player p2 {\"name\":\"nextbangermyliege\",\"avatar\":\"teamrocket\",\"rating\":1654,\"seed\":\"sodium,d7b533aefac44ae4d6a54b85180f2784\"}\n>p1 switch 2\n>p2 move bodyslam\n>p1 move knockoff\n>p2 move uturn\n>p2 switch 3\n>p1 switch 2\n>p2 move bravebird\n>p1 move dragondance\n>p2 move scorchingsands\n>p1 move outrage\n>p2 move scorchingsands\n>p2 switch 3\n>p1 move outrage\n>p2 move bodyslam\n>p1 switch 5\n>p1 move dracometeor\n>p2 move knockoff\n>p2 switch 6\n>p1 move rapidspin\n>p2 move hurricane\n>p1 switch 4\n>p2 move hurricane\n>p1 move knockoff\n>p2 move uturn\n>p2 switch 2\n>p1 switch 6\n>p2 move sludgebomb\n>p1 move iciclecrash\n>p2 move sludgebomb\n>p1 switch 3\n>p2 move substitute\n>p1 move swordsdance\n>p2 move sludgebomb\n>p1 move flareblitz\n>p2 move sludgebomb\n>p2 switch 5\n>p1 move closecombat terastallize\n>p2 switch 4\n>p2 switch 2\n>p1 move flareblitz\n>p2 move thunderbolt\n>chat ☆FatalOblivion|Gg\n>p2 switch 4\n>p1 move closecombat\n>p2 move scald", "uploadtime": 1771204704, "views": 8, "formatid": "gen9randombattle", "rating": 1628, "private": 0, "password": null}