{"id": "gen9randombattle-2540440299", "format": "[Gen 9] Random Battle", "players": ["RBLT drakon11", "sleepingbug"], "log": "|j|☆RBLT drakon11\n|j|☆sleepingbug\n|t:|1771202292\n|gametype|singles\n|player|p1|RBLT drakon11|265|1753\n|player|p2|sleepingbug|265|1763\n|gen|9\n|tier|[Gen 9] Random Battle\n|rated|\n|rule|Species Clause: Limit one of each Pokémon\n|rule|HP Percentage Mod: HP is shown in percentages\n|rule|Sleep Clause Mod: Limit one foe put to sleep\n|rule|Illusion Level Mod: Illusion disguises the Pokémon's true level\n|\n|t:|1771202292\n|teamsize|p1|6\n|teamsize|p2|6\n|start\n|switch|p1a: Cetitan|Cetitan, L82, M|412/412\n|switch|p2a: Regidrago|Regidrago, L77|435/435\n|turn|1\n|inactive|Battle timer is ON: inactive players will automatically lose when time's up. (requested by sleepingbug)\n|inactive|RBLT drakon11 also wants the timer to be on.\n|\n|t:|1771202323\n|move|p2a: Regidrago|Dragon Energy|p1a: Cetitan\n|-damage|p1a: Cetitan|142/412\n|-enditem|p1a: Cetitan|Sitrus Berry|[eat]\n|-heal|p1a: Cetitan|245/412|[from] item: Sitrus Berry\n|move|p1a: Cetitan|Belly Drum|p1a: Cetitan\n|-damage|p1a: Cetitan|39/412\n|-setboost|p1a: Cetitan|atk|6|[from] move: Belly Drum\n|\n|upkeep\n|turn|2\n|inactive|sleepingbug has 120 seconds left.\n|\n|t:|1771202359\n|switch|p2a: Plusle|Plusle, L95, M|268/268\n|move|p1a: Cetitan|Ice Shard|p2a: Plusle\n|-damage|p2a: Plusle|0 fnt\n|faint|p2a: Plusle\n|\n|upkeep\n|\n|t:|1771202361\n|switch|p2a: Landorus|Landorus-Therian, L76, M|260/260\n|-ability|p2a: Landorus|Intimidate|boost\n|-unboost|p1a: Cetitan|atk|1\n|turn|3\n|\n|t:|1771202375\n|switch|p1a: Quagsire|Quagsire, L84, M|297/297\n|move|p2a: Landorus|Earthquake|p1a: Quagsire\n|-damage|p1a: Quagsire|176/297\n|\n|-heal|p1a: Quagsire|194/297|[from] item: Leftovers\n|upkeep\n|turn|4\n|c|☆RBLT drakon11|you got me\n|\n|t:|1771202388\n|switch|p2a: Mismagius|Mismagius, L86, M|243/243\n|move|p1a: Quagsire|Recover|p1a: Quagsire\n|-heal|p1a: Quagsire|297/297\n|\n|upkeep\n|turn|5\n|\n|t:|1771202405\n|switch|p1a: Hariyama|Hariyama, L87, M|392/392\n|move|p2a: Mismagius|Shadow Ball|p1a: Hariyama\n|-damage|p1a: Hariyama|272/392\n|\n|upkeep\n|turn|6\n|\n|t:|1771202411\n|switch|p2a: Slowbro|Slowbro-Galar, L87, F|307/307\n|move|p1a: Hariyama|Knock Off|p2a: Slowbro\n|-supereffective|p2a: Slowbro\n|-damage|p2a: Slowbro|149/307\n|-enditem|p2a: Slowbro|Leftovers|[from] move: Knock Off|[of] p1a: Hariyama\n|\n|upkeep\n|turn|7\n|\n|t:|1771202416\n|move|p1a: Hariyama|Headlong Rush|p2a: Slowbro\n|-supereffective|p2a: Slowbro\n|-damage|p2a: Slowbro|0 fnt\n|-unboost|p1a: Hariyama|def|1\n|-unboost|p1a: Hariyama|spd|1\n|faint|p2a: Slowbro\n|\n|upkeep\n|\n|t:|1771202426\n|switch|p2a: Regidrago|Regidrago, L77|435/435\n|turn|8\n|\n|t:|1771202432\n|switch|p1a: Bastiodon|Bastiodon, L89, M|252/252\n|move|p2a: Regidrago|Outrage|p1a: Bastiodon\n|-resisted|p1a: Bastiodon\n|-damage|p1a: Bastiodon|210/252\n|\n|upkeep\n|turn|9\n|\n|t:|1771202438\n|move|p2a: Regidrago|Outrage|p1a: Bastiodon|[from] lockedmove\n|-resisted|p1a: Bastiodon\n|-damage|p1a: Bastiodon|165/252\n|-start|p2a: Regidrago|confusion|[fatigue]\n|move|p1a: Bastiodon|Foul Play|p2a: Regidrago\n|-damage|p2a: Regidrago|324/435\n|\n|upkeep\n|turn|10\n|\n|t:|1771202454\n|switch|p2a: Landorus|Landorus-Therian, L76, M|260/260\n|-ability|p2a: Landorus|Intimidate|boost\n|-unboost|p1a: Bastiodon|atk|1\n|move|p1a: Bastiodon|Iron Defense|p1a: Bastiodon\n|-boost|p1a: Bastiodon|def|2\n|\n|upkeep\n|turn|11\n|\n|t:|1771202459\n|switch|p1a: Quagsire|Quagsire, L84, M|297/297\n|move|p2a: Landorus|Taunt|p1a: Quagsire\n|-start|p1a: Quagsire|move: Taunt\n|\n|upkeep\n|turn|12\n|\n|t:|1771202487\n|switch|p1a: Cetitan|Cetitan, L82, M|39/412\n|move|p2a: Landorus|Stealth Rock|p1a: Cetitan\n|-sidestart|p1: RBLT drakon11|move: Stealth Rock\n|\n|upkeep\n|turn|13\n|\n|t:|1771202506\n|move|p1a: Cetitan|Ice Shard|p2a: Landorus\n|-supereffective|p2a: Landorus\n|-damage|p2a: Landorus|80/260\n|move|p2a: Landorus|Earthquake|p1a: Cetitan\n|-damage|p1a: Cetitan|0 fnt\n|faint|p1a: Cetitan\n|\n|-heal|p2a: Landorus|96/260|[from] item: Leftovers\n|upkeep\n|\n|t:|1771202515\n|switch|p1a: Iron Crown|Iron Crown, L78|268/268\n|-damage|p1a: Iron Crown|252/268|[from] Stealth Rock\n|turn|14\n|\n|t:|1771202523\n|switch|p2a: Mismagius|Mismagius, L86, M|243/243\n|move|p1a: Iron Crown|Tachyon Cutter|p2a: Mismagius\n|-damage|p2a: Mismagius|198/243\n|-damage|p2a: Mismagius|150/243\n|-hitcount|p2a: Mismagius|2\n|\n|-heal|p1a: Iron Crown|268/268|[from] item: Leftovers\n|upkeep\n|turn|15\n|inactive|RBLT drakon11 has 120 seconds left.\n|\n|t:|1771202582\n|-end|p1a: Iron Crown|Quark Drive|[silent]\n|switch|p1a: Bastiodon|Bastiodon, L89, M|165/252\n|-damage|p1a: Bastiodon|150/252|[from] Stealth Rock\n|move|p2a: Mismagius|Shadow Ball|p1a: Bastiodon\n|-damage|p1a: Bastiodon|54/252\n|\n|upkeep\n|turn|16\n|\n|t:|1771202589\n|move|p2a: Mismagius|Shadow Ball|p1a: Bastiodon\n|-damage|p1a: Bastiodon|0 fnt\n|faint|p1a: Bastiodon\n|\n|upkeep\n|\n|t:|1771202597\n|switch|p1a: Hariyama|Hariyama, L87, M|272/392\n|-damage|p1a: Hariyama|248/392|[from] Stealth Rock\n|turn|17\n|\n|t:|1771202600\n|switch|p2a: Landorus|Landorus-Therian, L76, M|96/260\n|-ability|p2a: Landorus|Intimidate|boost\n|-unboost|p1a: Hariyama|atk|1\n|move|p1a: Hariyama|Knock Off|p2a: Landorus\n|-damage|p2a: Landorus|33/260\n|-enditem|p2a: Landorus|Leftovers|[from] move: Knock Off|[of] p1a: Hariyama\n|\n|upkeep\n|turn|18\n|inactive|RBLT drakon11 has 120 seconds left.\n|\n|t:|1771202612\n|move|p2a: Landorus|Earthquake|p1a: Hariyama\n|-damage|p1a: Hariyama|107/392\n|move|p1a: Hariyama|Knock Off|p2a: Landorus\n|-damage|p2a: Landorus|0 fnt\n|faint|p2a: Landorus\n|\n|upkeep\n|\n|t:|1771202619\n|switch|p2a: Mismagius|Mismagius, L86, M|150/243\n|turn|19\n|\n|t:|1771202628\n|move|p2a: Mismagius|Shadow Ball|p1a: Hariyama\n|-damage|p1a: Hariyama|0 fnt\n|faint|p1a: Hariyama\n|\n|upkeep\n|\n|t:|1771202637\n|switch|p1a: Chandelure|Chandelure, L83, F|235/235\n|turn|20\n|inactive|sleepingbug has 120 seconds left.\n|\n|t:|1771202676\n|-terastallize|p1a: Chandelure|Grass\n|move|p2a: Mismagius|Shadow Ball|p1a: Chandelure\n|-damage|p1a: Chandelure|87/235\n|move|p1a: Chandelure|Shadow Ball|p2a: Mismagius\n|-supereffective|p2a: Mismagius\n|-damage|p2a: Mismagius|0 fnt\n|faint|p2a: Mismagius\n|\n|upkeep\n|\n|t:|1771202688\n|switch|p2a: Thundurus|Thundurus, L80, M|258/258\n|turn|21\n|\n|t:|1771202705\n|move|p2a: Thundurus|U-turn|p1a: Chandelure\n|-supereffective|p1a: Chandelure\n|-damage|p1a: Chandelure|0 fnt\n|faint|p1a: Chandelure\n|\n|t:|1771202710\n|switch|p2a: Regidrago|Regidrago, L77|324/435|[from] U-turn\n|\n|upkeep\n|\n|t:|1771202727\n|switch|p1a: Iron Crown|Iron Crown, L78|268/268\n|-damage|p1a: Iron Crown|252/268|[from] Stealth Rock\n|turn|22\n|\n|t:|1771202736\n|move|p2a: Regidrago|Earthquake|p1a: Iron Crown\n|-supereffective|p1a: Iron Crown\n|-damage|p1a: Iron Crown|132/268\n|move|p1a: Iron Crown|Tachyon Cutter|p2a: Regidrago\n|-damage|p2a: Regidrago|236/435\n|-damage|p2a: Regidrago|142/435\n|-hitcount|p2a: Regidrago|2\n|\n|-heal|p1a: Iron Crown|148/268|[from] item: Leftovers\n|upkeep\n|turn|23\n|inactive|RBLT drakon11 has 120 seconds left.\n|\n|t:|1771202761\n|-end|p1a: Iron Crown|Quark Drive|[silent]\n|switch|p1a: Quagsire|Quagsire, L84, M|297/297\n|-damage|p1a: Quagsire|279/297|[from] Stealth Rock\n|move|p2a: Regidrago|Earthquake|p1a: Quagsire\n|-damage|p1a: Quagsire|220/297\n|\n|-heal|p1a: Quagsire|238/297|[from] item: Leftovers\n|upkeep\n|turn|24\n|\n|t:|1771202765\n|switch|p2a: Thundurus|Thundurus, L80, M|258/258\n|move|p1a: Quagsire|Toxic|p2a: Thundurus|[miss]\n|-miss|p1a: Quagsire|p2a: Thundurus\n|\n|-heal|p1a: Quagsire|256/297|[from] item: Leftovers\n|upkeep\n|turn|25\n|\n|t:|1771202769\n|move|p2a: Thundurus|Grass Knot|p1a: Quagsire\n|-supereffective|p1a: Quagsire\n|-damage|p1a: Quagsire|0 fnt\n|faint|p1a: Quagsire\n|\n|upkeep\n|\n|t:|1771202771\n|switch|p1a: Iron Crown|Iron Crown, L78|148/268\n|-damage|p1a: Iron Crown|132/268|[from] Stealth Rock\n|turn|26\n|\n|t:|1771202774\n|move|p2a: Thundurus|Thunderbolt|p1a: Iron Crown\n|-damage|p1a: Iron Crown|39/268\n|move|p1a: Iron Crown|Psyshock|p2a: Thundurus\n|-damage|p2a: Thundurus|143/258\n|\n|-heal|p1a: Iron Crown|55/268|[from] item: Leftovers\n|upkeep\n|turn|27\n|\n|t:|1771202776\n|move|p2a: Thundurus|Thunderbolt|p1a: Iron Crown\n|-damage|p1a: Iron Crown|0 fnt\n|faint|p1a: Iron Crown\n|-end|p1a: Iron Crown|Quark Drive|[silent]\n|\n|win|sleepingbug\n|raw|RBLT drakon11's rating: 1753 &rarr; <strong>1734</strong><br />(-19 for losing)\n|raw|sleepingbug's rating: 1763 &rarr; <strong>1782</strong><br />(+19 for winning)\n|c|☆RBLT drakon11|gg\n|l|☆RBLT drakon11\n|player|p1|\n|c|☆sleepingbug|gg\n", "inputlog": ">version 686819e5e19f8a7fd2345cfc5a08a5085efa2cc3\n>start {\"formatid\":\"gen9randombattle\",\"seed\":\"sodium,eec976549c5ab65270ec66f9b2efbd42\",\"rated\":\"Rated battle\"}\n>player p1 {\"name\":\"RBLT drakon11\",\"avatar\":\"265\",\"rating\":1753,\"seed\":\"sodium,6339264dce1382296ad27304e5eb55d2\"}\n>player p2 {\"name\":\"sleepingbug\",\"avatar\":\"265\",\"rating\":1763,\"seed\":\"sodium,1830d76b064b6d44a5d10787ccda766f\"}\n>p1 move bellydrum\n>p2 move dragonenergy\n>p1 move iceshard\n>p2 switch 3\n>p2 switch 6\n>p1 switch 4\n>p2 move earthquake\n>chat ☆RBLT drakon11|you got me\n>p1 move recover\n>p2 switch 4\n>p1 switch 5\n>p2 move shadowball\n>p1 move knockoff\n>p2 switch 2\n>p1 move headlongrush\n>p2 move shellsidearm\n>p2 switch 3\n>p1 switch 6\n>p2 move outrage\n>p1 move foulplay\n>p2 move outrage\n>p1 move irondefense\n>p2 switch 4\n>p1 switch 5\n>p2 move taunt\n>p1 switch 4\n>p2 move stealthrock\n>p1 move iceshard\n>p2 move earthquake\n>p1 switch 2\n>p1 move tachyoncutter\n>p2 switch 2\n>p1 switch 5\n>p2 move shadowball\n>p1 move foulplay\n>p2 move shadowball\n>p1 switch 6\n>p1 move knockoff\n>p2 switch 2\n>p1 move knockoff\n>p2 move earthquake\n>p2 switch 2\n>p1 move knockoff\n>p2 move shadowball\n>p1 switch 3\n>p1 move shadowball terastallize\n>p2 move shadowball\n>p2 switch 5\n>p1 move fireblast\n>p2 move uturn\n>p2 switch 4\n>p1 switch 5\n>p1 move tachyoncutter\n>p2 move earthquake\n>p1 switch 4\n>p2 move earthquake\n>p1 move toxic\n>p2 switch 4\n>p1 move toxic\n>p2 move grassknot\n>p1 switch 4\n>p1 move psyshock\n>p2 move thunderbolt\n>p1 move psyshock\n>p2 move thunderbolt", "uploadtime": 1771202784, "views": 13, "formatid": "gen9randombattle", "rating": 1734, "private": 0, "password": null}