{"id": "gen9randombattle-2540919260", "format": "[Gen 9] Random Battle", "players": ["mikhail95", "cebash"], "log": "|j|☆mikhail95\n|j|☆cebash\n|t:|1771267141\n|gametype|singles\n|player|p1|mikhail95|102|1735\n|player|p2|cebash|pokemonranger-gen4|1773\n|gen|9\n|tier|[Gen 9] Random Battle\n|rated|\n|rule|Species Clause: Limit one of each Pokémon\n|rule|HP Percentage Mod: HP is shown in percentages\n|rule|Sleep Clause Mod: Limit one foe put to sleep\n|rule|Illusion Level Mod: Illusion disguises the Pokémon's true level\n|\n|t:|1771267141\n|teamsize|p1|6\n|teamsize|p2|6\n|start\n|switch|p1a: Ogerpon|Ogerpon-Hearthflame, L74, F|239/239\n|switch|p2a: Iron Bundle|Iron Bundle, L78|215/215\n|-ability|p1a: Ogerpon|Mold Breaker\n|turn|1\n|\n|t:|1771267151\n|move|p2a: Iron Bundle|Flip Turn|p1a: Ogerpon\n|-crit|p1a: Ogerpon\n|-damage|p1a: Ogerpon|151/239\n|\n|t:|1771267156\n|-end|p2a: Iron Bundle|Quark Drive|[silent]\n|switch|p2a: Samurott|Samurott, L88, M|310/310|[from] Flip Turn\n|move|p1a: Ogerpon|Horn Leech|p2a: Samurott\n|-supereffective|p2a: Samurott\n|-damage|p2a: Samurott|148/310\n|-heal|p1a: Ogerpon|232/239|[from] drain|[of] p2a: Samurott\n|\n|upkeep\n|turn|2\n|\n|t:|1771267163\n|move|p1a: Ogerpon|Horn Leech|p2a: Samurott\n|-supereffective|p2a: Samurott\n|-damage|p2a: Samurott|0 fnt\n|-heal|p1a: Ogerpon|239/239|[from] drain|[of] p2a: Samurott\n|faint|p2a: Samurott\n|\n|upkeep\n|\n|t:|1771267171\n|switch|p2a: Porygon-Z|Porygon-Z, L83|277/277\n|turn|3\n|\n|t:|1771267174\n|move|p1a: Ogerpon|Knock Off|p2a: Porygon-Z\n|-damage|p2a: Porygon-Z|181/277\n|-enditem|p2a: Porygon-Z|Life Orb|[from] move: Knock Off|[of] p1a: Ogerpon\n|move|p2a: Porygon-Z|Tera Blast|p1a: Ogerpon\n|-damage|p1a: Ogerpon|83/239\n|\n|upkeep\n|turn|4\n|\n|t:|1771267180\n|move|p1a: Ogerpon|Ivy Cudgel|p2a: Porygon-Z|[anim] Ivy Cudgel Fire\n|-damage|p2a: Porygon-Z|48/277\n|move|p2a: Porygon-Z|Tera Blast|p1a: Ogerpon\n|-damage|p1a: Ogerpon|0 fnt\n|faint|p1a: Ogerpon\n|\n|upkeep\n|\n|t:|1771267193\n|switch|p1a: Ho-Oh|Ho-Oh, L71|268/268\n|turn|5\n|\n|t:|1771267196\n|move|p2a: Porygon-Z|Tera Blast|p1a: Ho-Oh\n|-damage|p1a: Ho-Oh|154/268\n|move|p1a: Ho-Oh|Sacred Fire|p2a: Porygon-Z\n|-damage|p2a: Porygon-Z|0 fnt\n|faint|p2a: Porygon-Z\n|\n|upkeep\n|\n|t:|1771267202\n|switch|p2a: Sceptile|Sceptile, L87, M|264/264\n|turn|6\n|\n|t:|1771267209\n|switch|p1a: Deoxys|Deoxys-Defense, L84|221/221\n|-ability|p1a: Deoxys|Pressure\n|move|p2a: Sceptile|Rock Slide|p1a: Deoxys\n|-damage|p1a: Deoxys|176/221\n|-damage|p2a: Sceptile|238/264|[from] item: Life Orb\n|\n|-heal|p1a: Deoxys|189/221|[from] item: Leftovers\n|upkeep\n|turn|7\n|\n|t:|1771267221\n|switch|p2a: Froslass|Froslass, L87, F|263/263\n|move|p1a: Deoxys|Night Shade|p2a: Froslass\n|-damage|p2a: Froslass|179/263\n|-start|p1a: Deoxys|Disable|Night Shade|[from] ability: Cursed Body|[of] p2a: Froslass\n|\n|-heal|p1a: Deoxys|202/221|[from] item: Leftovers\n|upkeep\n|turn|8\n|\n|t:|1771267230\n|switch|p1a: Maushold|Maushold-Four, L76|238/238\n|move|p2a: Froslass|Spikes|p1a: Maushold\n|-sidestart|p1: mikhail95|Spikes\n|\n|upkeep\n|turn|9\n|\n|t:|1771267235\n|move|p2a: Froslass|Taunt|p1a: Maushold\n|-start|p1a: Maushold|move: Taunt\n|cant|p1a: Maushold|move: Taunt|Tidy Up\n|\n|upkeep\n|turn|10\n|\n|t:|1771267239\n|move|p2a: Froslass|Spikes|p1a: Maushold\n|-sidestart|p1: mikhail95|Spikes\n|move|p1a: Maushold|Bite|p2a: Froslass\n|-supereffective|p2a: Froslass\n|-damage|p2a: Froslass|85/263\n|\n|upkeep\n|turn|11\n|\n|t:|1771267244\n|move|p2a: Froslass|Triple Axel|p1a: Maushold\n|-damage|p1a: Maushold|210/238\n|-crit|p1a: Maushold\n|-damage|p1a: Maushold|134/238\n|-damage|p1a: Maushold|62/238\n|-hitcount|p1a: Maushold|3\n|move|p1a: Maushold|Bite|p2a: Froslass\n|-supereffective|p2a: Froslass\n|-damage|p2a: Froslass|0 fnt\n|faint|p2a: Froslass\n|\n|-end|p1a: Maushold|move: Taunt\n|upkeep\n|\n|t:|1771267251\n|switch|p2a: Sceptile|Sceptile, L87, M|238/264\n|turn|12\n|\n|t:|1771267257\n|move|p2a: Sceptile|Leaf Blade|p1a: Maushold\n|-damage|p1a: Maushold|0 fnt\n|faint|p1a: Maushold\n|-damage|p2a: Sceptile|212/264|[from] item: Life Orb\n|\n|upkeep\n|\n|t:|1771267263\n|switch|p1a: Rayquaza|Rayquaza, L72|270/270\n|-ability|p1a: Rayquaza|Air Lock\n|turn|13\n|\n|t:|1771267267\n|-terastallize|p2a: Sceptile|Rock\n|move|p2a: Sceptile|Rock Slide|p1a: Rayquaza\n|-supereffective|p1a: Rayquaza\n|-damage|p1a: Rayquaza|57/270\n|-damage|p2a: Sceptile|186/264|[from] item: Life Orb\n|cant|p1a: Rayquaza|flinch\n|\n|upkeep\n|turn|14\n|\n|t:|1771267277\n|move|p2a: Sceptile|Rock Slide|p1a: Rayquaza\n|-supereffective|p1a: Rayquaza\n|-damage|p1a: Rayquaza|0 fnt\n|faint|p1a: Rayquaza\n|-damage|p2a: Sceptile|160/264|[from] item: Life Orb\n|\n|upkeep\n|\n|t:|1771267283\n|switch|p1a: Hippowdon|Hippowdon, L82, F|311/311\n|-damage|p1a: Hippowdon|260/311|[from] Spikes\n|-weather|Sandstorm|[from] ability: Sand Stream|[of] p1a: Hippowdon\n|turn|15\n|\n|t:|1771267288\n|switch|p2a: Iron Bundle|Iron Bundle, L78|215/215\n|move|p1a: Hippowdon|Earthquake|p2a: Iron Bundle\n|-damage|p2a: Iron Bundle|107/215\n|\n|-weather|Sandstorm|[upkeep]\n|-damage|p2a: Iron Bundle|94/215|[from] Sandstorm\n|-heal|p1a: Hippowdon|279/311|[from] item: Leftovers\n|upkeep\n|turn|16\n|\n|t:|1771267296\n|switch|p1a: Ho-Oh|Ho-Oh, L71|243/268\n|move|p2a: Iron Bundle|Hydro Pump|p1a: Ho-Oh\n|-supereffective|p1a: Ho-Oh\n|-damage|p1a: Ho-Oh|0 fnt\n|faint|p1a: Ho-Oh\n|\n|-weather|Sandstorm|[upkeep]\n|-damage|p2a: Iron Bundle|81/215|[from] Sandstorm\n|upkeep\n|\n|t:|1771267304\n|switch|p1a: Deoxys|Deoxys-Defense, L84|202/221\n|-damage|p1a: Deoxys|166/221|[from] Spikes\n|-ability|p1a: Deoxys|Pressure\n|turn|17\n|\n|t:|1771267309\n|move|p2a: Iron Bundle|Hydro Pump|p1a: Deoxys\n|-damage|p1a: Deoxys|60/221\n|move|p1a: Deoxys|Night Shade|p2a: Iron Bundle\n|-damage|p2a: Iron Bundle|0 fnt\n|faint|p2a: Iron Bundle\n|-end|p2a: Iron Bundle|Quark Drive|[silent]\n|\n|-weather|Sandstorm|[upkeep]\n|-damage|p1a: Deoxys|47/221|[from] Sandstorm\n|-heal|p1a: Deoxys|60/221|[from] item: Leftovers\n|upkeep\n|\n|t:|1771267316\n|switch|p2a: Klefki|Klefki, L84, M|233/233\n|turn|18\n|\n|t:|1771267322\n|switch|p1a: Hippowdon|Hippowdon, L82, F|279/311\n|-damage|p1a: Hippowdon|228/311|[from] Spikes\n|move|p2a: Klefki|Thunder Wave|p1a: Hippowdon\n|-immune|p1a: Hippowdon\n|\n|-weather|Sandstorm|[upkeep]\n|-heal|p1a: Hippowdon|247/311|[from] item: Leftovers\n|upkeep\n|turn|19\n|\n|t:|1771267330\n|move|p2a: Klefki|Magnet Rise|p2a: Klefki\n|-start|p2a: Klefki|Magnet Rise\n|move|p1a: Hippowdon|Curse|p1a: Hippowdon\n|-unboost|p1a: Hippowdon|spe|1\n|-boost|p1a: Hippowdon|atk|1\n|-boost|p1a: Hippowdon|def|1\n|\n|-weather|none\n|-heal|p1a: Hippowdon|266/311|[from] item: Leftovers\n|upkeep\n|turn|20\n|\n|t:|1771267338\n|move|p2a: Klefki|Spikes|p1a: Hippowdon\n|-sidestart|p1: mikhail95|Spikes\n|move|p1a: Hippowdon|Curse|p1a: Hippowdon\n|-unboost|p1a: Hippowdon|spe|1\n|-boost|p1a: Hippowdon|atk|1\n|-boost|p1a: Hippowdon|def|1\n|\n|-heal|p1a: Hippowdon|285/311|[from] item: Leftovers\n|upkeep\n|turn|21\n|\n|t:|1771267345\n|move|p2a: Klefki|Play Rough|p1a: Hippowdon|[miss]\n|-miss|p2a: Klefki|p1a: Hippowdon\n|move|p1a: Hippowdon|Curse|p1a: Hippowdon\n|-unboost|p1a: Hippowdon|spe|1\n|-boost|p1a: Hippowdon|atk|1\n|-boost|p1a: Hippowdon|def|1\n|\n|-heal|p1a: Hippowdon|304/311|[from] item: Leftovers\n|upkeep\n|turn|22\n|\n|t:|1771267353\n|move|p2a: Klefki|Play Rough|p1a: Hippowdon\n|-damage|p1a: Hippowdon|277/311\n|move|p1a: Hippowdon|Stone Edge|p2a: Klefki|[miss]\n|-miss|p1a: Hippowdon|p2a: Klefki\n|\n|-heal|p1a: Hippowdon|296/311|[from] item: Leftovers\n|upkeep\n|turn|23\n|\n|t:|1771267360\n|move|p2a: Klefki|Play Rough|p1a: Hippowdon\n|-damage|p1a: Hippowdon|268/311\n|move|p1a: Hippowdon|Stone Edge|p2a: Klefki\n|-resisted|p2a: Klefki\n|-crit|p2a: Klefki\n|-damage|p2a: Klefki|89/233\n|\n|-heal|p2a: Klefki|103/233|[from] item: Leftovers\n|-heal|p1a: Hippowdon|287/311|[from] item: Leftovers\n|-end|p2a: Klefki|Magnet Rise\n|upkeep\n|turn|24\n|\n|t:|1771267368\n|move|p2a: Klefki|Magnet Rise|p2a: Klefki\n|-start|p2a: Klefki|Magnet Rise\n|move|p1a: Hippowdon|Stone Edge|p2a: Klefki\n|-resisted|p2a: Klefki\n|-damage|p2a: Klefki|5/233\n|\n|-heal|p2a: Klefki|19/233|[from] item: Leftovers\n|-heal|p1a: Hippowdon|306/311|[from] item: Leftovers\n|upkeep\n|turn|25\n|\n|t:|1771267376\n|move|p2a: Klefki|Play Rough|p1a: Hippowdon\n|-damage|p1a: Hippowdon|279/311\n|move|p1a: Hippowdon|Stone Edge|p2a: Klefki\n|-resisted|p2a: Klefki\n|-damage|p2a: Klefki|0 fnt\n|faint|p2a: Klefki\n|\n|-heal|p1a: Hippowdon|298/311|[from] item: Leftovers\n|upkeep\n|\n|t:|1771267378\n|switch|p2a: Sceptile|Sceptile, L87, M, tera:Rock|160/264\n|turn|26\n|\n|t:|1771267385\n|move|p2a: Sceptile|Leaf Blade|p1a: Hippowdon\n|-supereffective|p1a: Hippowdon\n|-damage|p1a: Hippowdon|217/311\n|-damage|p2a: Sceptile|134/264|[from] item: Life Orb\n|move|p1a: Hippowdon|Earthquake|p2a: Sceptile\n|-supereffective|p2a: Sceptile\n|-damage|p2a: Sceptile|0 fnt\n|faint|p2a: Sceptile\n|\n|win|mikhail95\n|raw|mikhail95's rating: 1735 &rarr; <strong>1757</strong><br />(+22 for winning)\n|raw|cebash's rating: 1773 &rarr; <strong>1751</strong><br />(-22 for losing)\n|l|☆cebash\n|player|p2|\n|c|☆mikhail95|gg\n", "inputlog": ">version 686819e5e19f8a7fd2345cfc5a08a5085efa2cc3\n>start {\"formatid\":\"gen9randombattle\",\"seed\":\"sodium,daf365a8c9b3f5a2419fd6db2ae1888d\",\"rated\":\"Rated battle\"}\n>player p1 {\"name\":\"mikhail95\",\"avatar\":\"102\",\"rating\":1735,\"seed\":\"sodium,47167835a4b037dad8b8c575d5659be1\"}\n>player p2 {\"name\":\"cebash\",\"avatar\":\"pokemonranger-gen4\",\"rating\":1773,\"seed\":\"sodium,0d396ff3f695b9a52c42612fc4caec26\"}\n>p1 move hornleech\n>p2 move flipturn\n>p2 switch 4\n>p1 move hornleech\n>p2 move hydropump\n>p2 switch 2\n>p1 move knockoff\n>p2 move terablast\n>p1 move ivycudgel\n>p2 move terablast\n>p1 switch 3\n>p1 move sacredfire\n>p2 move terablast\n>p2 switch 6\n>p1 switch 2\n>p2 move rockslide\n>p1 move nightshade\n>p2 switch 3\n>p1 switch 5\n>p2 move spikes\n>p1 move tidyup\n>p2 move taunt\n>p1 move bite\n>p2 move spikes\n>p1 move bite\n>p2 move tripleaxel\n>p2 switch 3\n>p1 move tidyup\n>p2 move leafblade\n>p1 switch 4\n>p1 move dragondance\n>p2 move rockslide terastallize\n>p1 move dragondance\n>p2 move rockslide\n>p1 switch 6\n>p1 move earthquake\n>p2 switch 4\n>p1 switch 2\n>p2 move hydropump\n>p1 switch 5\n>p1 move nightshade\n>p2 move hydropump\n>p2 switch 5\n>p1 switch 2\n>p2 move thunderwave\n>p1 move curse\n>p2 move magnetrise\n>p1 move curse\n>p2 move spikes\n>p1 move curse\n>p2 move playrough\n>p1 move stoneedge\n>p2 move playrough\n>p1 move stoneedge\n>p2 move playrough\n>p1 move stoneedge\n>p2 move magnetrise\n>p1 move stoneedge\n>p2 move playrough\n>p2 switch 4\n>p1 move earthquake\n>p2 move leafblade", "uploadtime": 1771267394, "views": 2, "formatid": "gen9randombattle", "rating": 1751, "private": 0, "password": null}