{"id": "gen9randombattle-2540017374", "format": "[Gen 9] Random Battle", "players": ["DevinsFather", "Calibold"], "log": "|j|☆DevinsFather\n|j|☆Calibold\n|t:|1771145563\n|gametype|singles\n|player|p1|DevinsFather|265|2050\n|player|p2|Calibold|larry|2133\n|gen|9\n|tier|[Gen 9] Random Battle\n|rated|\n|rule|Species Clause: Limit one of each Pokémon\n|rule|HP Percentage Mod: HP is shown in percentages\n|rule|Sleep Clause Mod: Limit one foe put to sleep\n|rule|Illusion Level Mod: Illusion disguises the Pokémon's true level\n|\n|t:|1771145563\n|teamsize|p1|6\n|teamsize|p2|6\n|start\n|switch|p1a: Gyarados|Gyarados, L79, F|280/280\n|switch|p2a: Roaring Moon|Roaring Moon, L72|270/270\n|turn|1\n|inactive|Battle timer is ON: inactive players will automatically lose when time's up. (requested by Calibold)\n|inactive|DevinsFather has 120 seconds left.\n|\n|t:|1771145602\n|switch|p1a: Avalugg|Avalugg-Hisui, L90, F|317/317\n|move|p2a: Roaring Moon|U-turn|p1a: Avalugg\n|-damage|p1a: Avalugg|281/317\n|\n|t:|1771145631\n|-end|p2a: Roaring Moon|Protosynthesis|[silent]\n|switch|p2a: Latios|Latios, L78, M|253/253|[from] U-turn\n|\n|upkeep\n|turn|2\n|\n|t:|1771145646\n|switch|p1a: Lunala|Lunala, L70|308/308\n|move|p2a: Latios|Draco Meteor|p1a: Lunala\n|-damage|p1a: Lunala|197/308\n|-unboost|p2a: Latios|spa|2\n|\n|-heal|p1a: Lunala|216/308|[from] item: Leftovers\n|upkeep\n|turn|3\n|\n|t:|1771145661\n|switch|p2a: Gumshoos|Gumshoos, L95, M|321/321\n|move|p1a: Lunala|Moonlight|p1a: Lunala\n|-heal|p1a: Lunala|308/308\n|\n|upkeep\n|turn|4\n|\n|t:|1771145666\n|switch|p1a: Avalugg|Avalugg-Hisui, L90, F|281/317\n|move|p2a: Gumshoos|Knock Off|p1a: Avalugg\n|-damage|p1a: Avalugg|145/317\n|-enditem|p1a: Avalugg|Heavy-Duty Boots|[from] move: Knock Off|[of] p2a: Gumshoos\n|\n|upkeep\n|turn|5\n|\n|t:|1771145678\n|switch|p2a: Gallade|Gallade, L80, M|240/240\n|move|p1a: Avalugg|Recover|p1a: Avalugg\n|-heal|p1a: Avalugg|304/317\n|\n|upkeep\n|turn|6\n|\n|t:|1771145693\n|switch|p1a: Leafeon|Leafeon, L88, F|258/258\n|move|p2a: Gallade|Night Slash|p1a: Leafeon\n|-damage|p1a: Leafeon|177/258\n|-damage|p2a: Gallade|216/240|[from] item: Life Orb\n|\n|upkeep\n|turn|7\n|\n|t:|1771145707\n|switch|p2a: Gumshoos|Gumshoos, L95, M|321/321\n|move|p1a: Leafeon|Leaf Blade|p2a: Gumshoos\n|-damage|p2a: Gumshoos|160/321\n|-damage|p1a: Leafeon|152/258|[from] item: Life Orb\n|\n|upkeep\n|turn|8\n|\n|t:|1771145709\n|move|p1a: Leafeon|Leaf Blade|p2a: Gumshoos\n|-damage|p2a: Gumshoos|0 fnt\n|faint|p2a: Gumshoos\n|-damage|p1a: Leafeon|127/258|[from] item: Life Orb\n|\n|upkeep\n|\n|t:|1771145722\n|switch|p2a: Roaring Moon|Roaring Moon, L72|270/270\n|turn|9\n|\n|t:|1771145729\n|move|p1a: Leafeon|Synthesis|p1a: Leafeon\n|-heal|p1a: Leafeon|256/258\n|move|p2a: Roaring Moon|U-turn|p1a: Leafeon\n|-supereffective|p1a: Leafeon\n|-damage|p1a: Leafeon|160/258\n|\n|t:|1771145737\n|-end|p2a: Roaring Moon|Protosynthesis|[silent]\n|switch|p2a: Latios|Latios, L78, M|253/253|[from] U-turn\n|\n|upkeep\n|turn|10\n|\n|t:|1771145740\n|move|p2a: Latios|Draco Meteor|p1a: Leafeon\n|-damage|p1a: Leafeon|0 fnt\n|-unboost|p2a: Latios|spa|2\n|faint|p1a: Leafeon\n|\n|upkeep\n|\n|t:|1771145743\n|switch|p1a: Gyarados|Gyarados, L79, F|280/280\n|turn|11\n|\n|t:|1771145755\n|switch|p2a: Roaring Moon|Roaring Moon, L72|270/270\n|move|p1a: Gyarados|Dragon Dance|p1a: Gyarados\n|-boost|p1a: Gyarados|atk|1\n|-boost|p1a: Gyarados|spe|1\n|\n|upkeep\n|turn|12\n|\n|t:|1771145773\n|move|p1a: Gyarados|Dragon Dance|p1a: Gyarados\n|-boost|p1a: Gyarados|atk|1\n|-boost|p1a: Gyarados|spe|1\n|move|p2a: Roaring Moon|Outrage|p1a: Gyarados\n|-damage|p1a: Gyarados|58/280\n|\n|upkeep\n|turn|13\n|\n|t:|1771145779\n|-terastallize|p1a: Gyarados|Flying\n|move|p1a: Gyarados|Tera Blast|p2a: Roaring Moon|[anim] Tera Blast Flying\n|-damage|p2a: Roaring Moon|0 fnt\n|faint|p2a: Roaring Moon\n|-end|p2a: Roaring Moon|Protosynthesis|[silent]\n|-ability|p1a: Gyarados|Moxie|boost\n|-boost|p1a: Gyarados|atk|1\n|\n|upkeep\n|\n|t:|1771145795\n|switch|p2a: Florges|Florges-Orange, L85, F|271/271\n|turn|14\n|\n|t:|1771145798\n|-terastallize|p2a: Florges|Steel\n|move|p1a: Gyarados|Earthquake|p2a: Florges\n|-supereffective|p2a: Florges\n|-damage|p2a: Florges|0 fnt\n|faint|p2a: Florges\n|-ability|p1a: Gyarados|Moxie|boost\n|-boost|p1a: Gyarados|atk|1\n|\n|upkeep\n|-message|Calibold forfeited.\n|\n|win|DevinsFather\n|raw|DevinsFather's rating: 2050 &rarr; <strong>2075</strong><br />(+25 for winning)\n|raw|Calibold's rating: 2133 &rarr; <strong>2108</strong><br />(-25 for losing)\n|l|☆Calibold\n|player|p2|\n", "inputlog": ">version 686819e5e19f8a7fd2345cfc5a08a5085efa2cc3\n>start {\"formatid\":\"gen9randombattle\",\"seed\":\"sodium,2035014af5c8abed569cd54c943294c2\",\"rated\":\"Rated battle\"}\n>player p1 {\"name\":\"DevinsFather\",\"avatar\":\"265\",\"rating\":2050,\"seed\":\"sodium,61bd36e9b9b10e20e856dfa886b745d8\"}\n>player p2 {\"name\":\"Calibold\",\"avatar\":\"larry\",\"rating\":2133,\"seed\":\"sodium,d6e2a1211078395d76792054bcc9aeb7\"}\n>p1 switch 4\n>p2 move uturn\n>p2 switch 3\n>p1 switch 5\n>p2 move dracometeor\n>p1 move moonlight\n>p2 switch 4\n>p1 switch 5\n>p2 move knockoff\n>p1 move recover\n>p2 switch 2\n>p1 switch 6\n>p2 move nightslash\n>p1 move leafblade\n>p2 switch 2\n>p1 move leafblade\n>p2 move uturn\n>p2 switch 3\n>p1 move synthesis\n>p2 move uturn\n>p2 switch 4\n>p1 move knockoff\n>p2 move dracometeor\n>p1 switch 4\n>p1 move dragondance\n>p2 switch 4\n>p1 move dragondance\n>p2 move outrage\n>p1 move terablast terastallize\n>p2 move outrage\n>p2 switch 5\n>p1 move earthquake\n>p2 move moonblast terastallize\n>forcelose p2", "uploadtime": 1771145811, "views": 23, "formatid": "gen9randombattle", "rating": 2075, "private": 0, "password": null}