{"id": "gen9randombattle-2540625303", "format": "[Gen 9] Random Battle", "players": ["Mattattac", "mrcanju"], "log": "|j|☆Mattattac\n|j|☆mrcanju\n|t:|1771229633\n|gametype|singles\n|player|p1|Mattattac|169|1566\n|player|p2|mrcanju|265|1575\n|gen|9\n|tier|[Gen 9] Random Battle\n|rated|\n|rule|Species Clause: Limit one of each Pokémon\n|rule|HP Percentage Mod: HP is shown in percentages\n|rule|Sleep Clause Mod: Limit one foe put to sleep\n|rule|Illusion Level Mod: Illusion disguises the Pokémon's true level\n|\n|t:|1771229633\n|teamsize|p1|6\n|teamsize|p2|6\n|start\n|switch|p1a: Cetitan|Cetitan, L82, M|413/413\n|switch|p2a: Golurk|Golurk, L87|297/297\n|turn|1\n|inactive|Battle timer is ON: inactive players will automatically lose when time's up. (requested by mrcanju)\n|\n|t:|1771229649\n|switch|p2a: Bronzong|Bronzong, L88|261/261\n|move|p1a: Cetitan|Icicle Crash|p2a: Bronzong\n|-resisted|p2a: Bronzong\n|-damage|p2a: Bronzong|199/261\n|\n|upkeep\n|turn|2\n|\n|t:|1771229663\n|switch|p1a: Spiritomb|Spiritomb, L89, M|234/234\n|move|p2a: Bronzong|Body Press|p1a: Spiritomb\n|-immune|p1a: Spiritomb\n|\n|upkeep\n|turn|3\n|\n|t:|1771229678\n|switch|p2a: Alomomola|Alomomola, L87, F|429/429\n|move|p1a: Spiritomb|Poltergeist|p2a: Alomomola\n|-activate|p2a: Alomomola|move: Poltergeist|Leftovers\n|-damage|p2a: Alomomola|296/429\n|\n|-heal|p2a: Alomomola|322/429|[from] item: Leftovers\n|upkeep\n|turn|4\n|\n|t:|1771229684\n|move|p2a: Alomomola|Scald|p1a: Spiritomb\n|-damage|p1a: Spiritomb|191/234\n|move|p1a: Spiritomb|Toxic|p2a: Alomomola\n|-status|p2a: Alomomola|tox\n|\n|-heal|p2a: Alomomola|348/429 tox|[from] item: Leftovers\n|-heal|p1a: Spiritomb|205/234|[from] item: Leftovers\n|-damage|p2a: Alomomola|322/429 tox|[from] psn\n|upkeep\n|turn|5\n|\n|t:|1771229702\n|switch|p1a: Farigiraf|Farigiraf, L91, M|366/366\n|move|p2a: Alomomola|Scald|p1a: Farigiraf\n|-damage|p1a: Farigiraf|309/366\n|-status|p1a: Farigiraf|brn\n|\n|-heal|p2a: Alomomola|348/429 tox|[from] item: Leftovers\n|-heal|p1a: Farigiraf|331/366 brn|[from] item: Leftovers\n|-damage|p2a: Alomomola|296/429 tox|[from] psn\n|-damage|p1a: Farigiraf|309/366 brn|[from] brn\n|upkeep\n|turn|6\n|\n|t:|1771229708\n|move|p2a: Alomomola|Flip Turn|p1a: Farigiraf\n|-damage|p1a: Farigiraf|252/366 brn\n|\n|t:|1771229713\n|switch|p2a: Meowscarada|Meowscarada, L78, F|247/247|[from] Flip Turn\n|move|p1a: Farigiraf|Future Sight|p2a: Meowscarada\n|-start|p1a: Farigiraf|move: Future Sight\n|\n|-heal|p1a: Farigiraf|274/366 brn|[from] item: Leftovers\n|-damage|p1a: Farigiraf|252/366 brn|[from] brn\n|upkeep\n|turn|7\n|\n|t:|1771229724\n|switch|p1a: Spiritomb|Spiritomb, L89, M|205/234\n|move|p2a: Meowscarada|Knock Off|p1a: Spiritomb\n|-start|p2a: Meowscarada|typechange|Dark|[from] ability: Protean\n|-damage|p1a: Spiritomb|100/234\n|-enditem|p1a: Spiritomb|Leftovers|[from] move: Knock Off|[of] p2a: Meowscarada\n|-damage|p2a: Meowscarada|223/247|[from] item: Life Orb\n|\n|upkeep\n|turn|8\n|\n|t:|1771229733\n|switch|p2a: Tinkaton|Tinkaton, L82, F|274/274\n|-ability|p2a: Tinkaton|Mold Breaker\n|move|p1a: Spiritomb|Toxic|p2a: Tinkaton|[miss]\n|-miss|p1a: Spiritomb|p2a: Tinkaton\n|\n|-end|p2a: Tinkaton|move: Future Sight\n|-resisted|p2a: Tinkaton\n|-damage|p2a: Tinkaton|203/274\n|-heal|p2a: Tinkaton|220/274|[from] item: Leftovers\n|upkeep\n|turn|9\n|\n|t:|1771229739\n|move|p2a: Tinkaton|Play Rough|p1a: Spiritomb\n|-supereffective|p1a: Spiritomb\n|-damage|p1a: Spiritomb|0 fnt\n|faint|p1a: Spiritomb\n|\n|-heal|p2a: Tinkaton|237/274|[from] item: Leftovers\n|upkeep\n|\n|t:|1771229756\n|switch|p1a: Bronzong|Bronzong, L88|261/261\n|turn|10\n|\n|t:|1771229760\n|move|p2a: Tinkaton|Knock Off|p1a: Bronzong\n|-supereffective|p1a: Bronzong\n|-damage|p1a: Bronzong|175/261\n|-enditem|p1a: Bronzong|Leftovers|[from] move: Knock Off|[of] p2a: Tinkaton\n|move|p1a: Bronzong|Stealth Rock|p2a: Tinkaton\n|-sidestart|p2: mrcanju|move: Stealth Rock\n|\n|-heal|p2a: Tinkaton|254/274|[from] item: Leftovers\n|upkeep\n|turn|11\n|\n|t:|1771229764\n|move|p2a: Tinkaton|Encore|p1a: Bronzong\n|-start|p1a: Bronzong|Encore\n|move|p1a: Bronzong|Stealth Rock||[still]\n|-fail|p1a: Bronzong\n|\n|-heal|p2a: Tinkaton|271/274|[from] item: Leftovers\n|upkeep\n|turn|12\n|\n|t:|1771229774\n|switch|p1a: Farigiraf|Farigiraf, L91, M|252/366 brn\n|move|p2a: Tinkaton|Knock Off|p1a: Farigiraf\n|-supereffective|p1a: Farigiraf\n|-damage|p1a: Farigiraf|128/366 brn\n|-enditem|p1a: Farigiraf|Leftovers|[from] move: Knock Off|[of] p2a: Tinkaton\n|\n|-heal|p2a: Tinkaton|274/274|[from] item: Leftovers\n|-damage|p1a: Farigiraf|106/366 brn|[from] brn\n|upkeep\n|turn|13\n|\n|t:|1771229786\n|move|p2a: Tinkaton|Gigaton Hammer|p1a: Farigiraf\n|-damage|p1a: Farigiraf|0 fnt\n|faint|p1a: Farigiraf\n|\n|upkeep\n|\n|t:|1771229789\n|switch|p1a: Bronzong|Bronzong, L88|175/261\n|turn|14\n|\n|t:|1771229792\n|move|p2a: Tinkaton|Knock Off|p1a: Bronzong\n|-supereffective|p1a: Bronzong\n|-damage|p1a: Bronzong|121/261\n|move|p1a: Bronzong|Earthquake|p2a: Tinkaton\n|-supereffective|p2a: Tinkaton\n|-damage|p2a: Tinkaton|122/274\n|\n|-heal|p2a: Tinkaton|139/274|[from] item: Leftovers\n|upkeep\n|turn|15\n|\n|t:|1771229805\n|move|p2a: Tinkaton|Encore|p1a: Bronzong\n|-start|p1a: Bronzong|Encore\n|move|p1a: Bronzong|Earthquake|p2a: Tinkaton\n|-supereffective|p2a: Tinkaton\n|-damage|p2a: Tinkaton|0 fnt\n|faint|p2a: Tinkaton\n|\n|upkeep\n|\n|t:|1771229810\n|switch|p2a: Bronzong|Bronzong, L88|199/261\n|-damage|p2a: Bronzong|183/261|[from] Stealth Rock\n|turn|16\n|\n|t:|1771229816\n|switch|p1a: Falinks|Falinks, L84|246/246\n|move|p2a: Bronzong|Iron Defense|p2a: Bronzong\n|-boost|p2a: Bronzong|def|2\n|\n|upkeep\n|turn|17\n|\n|t:|1771229824\n|-terastallize|p2a: Bronzong|Fighting\n|move|p1a: Falinks|No Retreat|p1a: Falinks\n|-boost|p1a: Falinks|atk|1\n|-boost|p1a: Falinks|def|1\n|-boost|p1a: Falinks|spa|1\n|-boost|p1a: Falinks|spd|1\n|-boost|p1a: Falinks|spe|1\n|-start|p1a: Falinks|move: No Retreat\n|move|p2a: Bronzong|Iron Defense|p2a: Bronzong\n|-boost|p2a: Bronzong|def|2\n|\n|upkeep\n|turn|18\n|\n|t:|1771229830\n|move|p1a: Falinks|Knock Off|p2a: Bronzong\n|-resisted|p2a: Bronzong\n|-damage|p2a: Bronzong|166/261\n|-enditem|p2a: Bronzong|Chesto Berry|[from] move: Knock Off|[of] p1a: Falinks\n|-damage|p1a: Falinks|222/246|[from] item: Life Orb\n|move|p2a: Bronzong|Body Press|p1a: Falinks\n|-damage|p1a: Falinks|29/246\n|\n|upkeep\n|turn|19\n|\n|t:|1771229838\n|move|p1a: Falinks|Close Combat|p2a: Bronzong\n|-damage|p2a: Bronzong|96/261\n|-unboost|p1a: Falinks|def|1\n|-unboost|p1a: Falinks|spd|1\n|-damage|p1a: Falinks|5/246|[from] item: Life Orb\n|move|p2a: Bronzong|Iron Defense|p2a: Bronzong\n|-boost|p2a: Bronzong|def|2\n|\n|upkeep\n|turn|20\n|c|☆Mattattac|ggs\n|\n|t:|1771229843\n|move|p1a: Falinks|Close Combat|p2a: Bronzong\n|-damage|p2a: Bronzong|49/261\n|-unboost|p1a: Falinks|def|1\n|-unboost|p1a: Falinks|spd|1\n|-damage|p1a: Falinks|0 fnt|[from] item: Life Orb\n|faint|p1a: Falinks\n|move|p2a: Bronzong|Rest|p2a: Bronzong\n|-status|p2a: Bronzong|slp|[from] move: Rest\n|-heal|p2a: Bronzong|261/261 slp|[silent]\n|\n|upkeep\n|c|☆mrcanju|gg\n|\n|t:|1771229853\n|switch|p1a: Bronzong|Bronzong, L88|121/261\n|turn|21\n|\n|t:|1771229856\n|cant|p2a: Bronzong|slp\n|move|p1a: Bronzong|Psychic|p2a: Bronzong\n|-supereffective|p2a: Bronzong\n|-damage|p2a: Bronzong|111/261 slp\n|\n|upkeep\n|turn|22\n|\n|t:|1771229861\n|switch|p2a: Meowscarada|Meowscarada, L78, F|223/247\n|-damage|p2a: Meowscarada|193/247|[from] Stealth Rock\n|move|p1a: Bronzong|Psychic|p2a: Meowscarada\n|-immune|p2a: Meowscarada\n|\n|upkeep\n|turn|23\n|\n|t:|1771229866\n|move|p2a: Meowscarada|Knock Off|p1a: Bronzong\n|-start|p2a: Meowscarada|typechange|Dark|[from] ability: Protean\n|-supereffective|p1a: Bronzong\n|-crit|p1a: Bronzong\n|-damage|p1a: Bronzong|0 fnt\n|faint|p1a: Bronzong\n|-damage|p2a: Meowscarada|169/247|[from] item: Life Orb\n|\n|upkeep\n|\n|t:|1771229870\n|switch|p1a: Cryogonal|Cryogonal, L89|287/287\n|turn|24\n|\n|t:|1771229885\n|-terastallize|p1a: Cryogonal|Electric\n|move|p1a: Cryogonal|Tera Blast|p2a: Meowscarada|[anim] Tera Blast Electric\n|-crit|p2a: Meowscarada\n|-damage|p2a: Meowscarada|0 fnt\n|faint|p2a: Meowscarada\n|\n|upkeep\n|\n|t:|1771229899\n|switch|p2a: Bronzong|Bronzong, L88, tera:Fighting|111/261 slp\n|-damage|p2a: Bronzong|95/261 slp|[from] Stealth Rock\n|turn|25\n|\n|t:|1771229903\n|move|p1a: Cryogonal|Ice Beam|p2a: Bronzong\n|-damage|p2a: Bronzong|11/261 slp\n|cant|p2a: Bronzong|slp\n|\n|upkeep\n|turn|26\n|\n|t:|1771229907\n|move|p1a: Cryogonal|Ice Beam|p2a: Bronzong\n|-damage|p2a: Bronzong|0 fnt\n|faint|p2a: Bronzong\n|\n|upkeep\n|\n|t:|1771229920\n|switch|p2a: Golurk|Golurk, L87|297/297\n|-damage|p2a: Golurk|279/297|[from] Stealth Rock\n|turn|27\n|c|☆Mattattac|freeze\n|\n|t:|1771229927\n|move|p1a: Cryogonal|Ice Beam|p2a: Golurk\n|-supereffective|p2a: Golurk\n|-damage|p2a: Golurk|51/297\n|move|p2a: Golurk|Dynamic Punch|p1a: Cryogonal\n|-damage|p1a: Cryogonal|117/287\n|-start|p1a: Cryogonal|confusion\n|-damage|p2a: Golurk|22/297|[from] item: Life Orb\n|\n|upkeep\n|turn|28\n|c|☆Mattattac|damn lol\n|\n|t:|1771229942\n|switch|p1a: Cetitan|Cetitan, L82, M|413/413\n|move|p2a: Golurk|Poltergeist|p1a: Cetitan\n|-activate|p1a: Cetitan|move: Poltergeist|Life Orb\n|-damage|p1a: Cetitan|158/413\n|-damage|p2a: Golurk|0 fnt|[from] item: Life Orb\n|faint|p2a: Golurk\n|\n|upkeep\n|\n|t:|1771229950\n|switch|p2a: Alomomola|Alomomola, L87, F|429/429 tox\n|-damage|p2a: Alomomola|376/429 tox|[from] Stealth Rock\n|turn|29\n|\n|t:|1771229961\n|switch|p1a: Cryogonal|Cryogonal, L89, tera:Electric|117/287\n|move|p2a: Alomomola|Scald|p1a: Cryogonal\n|-damage|p1a: Cryogonal|84/287\n|\n|-heal|p2a: Alomomola|402/429 tox|[from] item: Leftovers\n|-damage|p2a: Alomomola|376/429 tox|[from] psn\n|upkeep\n|turn|30\n|\n|t:|1771229966\n|move|p1a: Cryogonal|Recover|p1a: Cryogonal\n|-heal|p1a: Cryogonal|228/287\n|move|p2a: Alomomola|Scald|p1a: Cryogonal\n|-damage|p1a: Cryogonal|192/287\n|\n|-heal|p2a: Alomomola|402/429 tox|[from] item: Leftovers\n|-damage|p2a: Alomomola|350/429 tox|[from] psn\n|upkeep\n|turn|31\n|\n|t:|1771229971\n|move|p1a: Cryogonal|Recover|p1a: Cryogonal\n|-heal|p1a: Cryogonal|287/287\n|move|p2a: Alomomola|Scald|p1a: Cryogonal\n|-damage|p1a: Cryogonal|251/287\n|\n|-heal|p2a: Alomomola|376/429 tox|[from] item: Leftovers\n|-damage|p2a: Alomomola|298/429 tox|[from] psn\n|upkeep\n|turn|32\n|\n|t:|1771229974\n|move|p1a: Cryogonal|Tera Blast|p2a: Alomomola|[anim] Tera Blast Electric\n|-supereffective|p2a: Alomomola\n|-damage|p2a: Alomomola|38/429 tox\n|move|p2a: Alomomola|Scald|p1a: Cryogonal\n|-damage|p1a: Cryogonal|218/287\n|\n|-heal|p2a: Alomomola|64/429 tox|[from] item: Leftovers\n|-damage|p2a: Alomomola|0 fnt|[from] psn\n|faint|p2a: Alomomola\n|upkeep\n|\n|t:|1771229978\n|switch|p2a: Vaporeon|Vaporeon, L86, F|364/364\n|-damage|p2a: Vaporeon|319/364|[from] Stealth Rock\n|turn|33\n|\n|t:|1771229987\n|move|p1a: Cryogonal|Tera Blast|p2a: Vaporeon|[anim] Tera Blast Electric\n|-supereffective|p2a: Vaporeon\n|-damage|p2a: Vaporeon|139/364\n|move|p2a: Vaporeon|Calm Mind|p2a: Vaporeon\n|-boost|p2a: Vaporeon|spa|1\n|-boost|p2a: Vaporeon|spd|1\n|\n|-heal|p2a: Vaporeon|161/364|[from] item: Leftovers\n|upkeep\n|turn|34\n|\n|t:|1771229992\n|move|p1a: Cryogonal|Tera Blast|p2a: Vaporeon|[anim] Tera Blast Electric\n|-supereffective|p2a: Vaporeon\n|-damage|p2a: Vaporeon|45/364\n|move|p2a: Vaporeon|Wish|p2a: Vaporeon\n|\n|-heal|p2a: Vaporeon|67/364|[from] item: Leftovers\n|upkeep\n|turn|35\n|\n|t:|1771229995\n|move|p2a: Vaporeon|Protect|p2a: Vaporeon\n|-singleturn|p2a: Vaporeon|Protect\n|move|p1a: Cryogonal|Recover|p1a: Cryogonal\n|-heal|p1a: Cryogonal|287/287\n|\n|-heal|p2a: Vaporeon|249/364|[from] move: Wish|[wisher] Vaporeon\n|-heal|p2a: Vaporeon|271/364|[from] item: Leftovers\n|upkeep\n|turn|36\n|\n|t:|1771229998\n|move|p1a: Cryogonal|Tera Blast|p2a: Vaporeon|[anim] Tera Blast Electric\n|-supereffective|p2a: Vaporeon\n|-damage|p2a: Vaporeon|149/364\n|move|p2a: Vaporeon|Calm Mind|p2a: Vaporeon\n|-boost|p2a: Vaporeon|spa|1\n|-boost|p2a: Vaporeon|spd|1\n|\n|-heal|p2a: Vaporeon|171/364|[from] item: Leftovers\n|upkeep\n|turn|37\n|\n|t:|1771230001\n|move|p1a: Cryogonal|Tera Blast|p2a: Vaporeon|[anim] Tera Blast Electric\n|-supereffective|p2a: Vaporeon\n|-damage|p2a: Vaporeon|85/364\n|move|p2a: Vaporeon|Wish|p2a: Vaporeon\n|\n|-heal|p2a: Vaporeon|107/364|[from] item: Leftovers\n|upkeep\n|turn|38\n|\n|t:|1771230006\n|move|p2a: Vaporeon|Protect|p2a: Vaporeon\n|-singleturn|p2a: Vaporeon|Protect\n|move|p1a: Cryogonal|Rapid Spin|p2a: Vaporeon\n|-activate|p2a: Vaporeon|move: Protect\n|\n|-heal|p2a: Vaporeon|289/364|[from] move: Wish|[wisher] Vaporeon\n|-heal|p2a: Vaporeon|311/364|[from] item: Leftovers\n|upkeep\n|turn|39\n|\n|t:|1771230009\n|move|p1a: Cryogonal|Tera Blast|p2a: Vaporeon|[anim] Tera Blast Electric\n|-supereffective|p2a: Vaporeon\n|-damage|p2a: Vaporeon|231/364\n|move|p2a: Vaporeon|Calm Mind|p2a: Vaporeon\n|-boost|p2a: Vaporeon|spa|1\n|-boost|p2a: Vaporeon|spd|1\n|\n|-heal|p2a: Vaporeon|253/364|[from] item: Leftovers\n|upkeep\n|turn|40\n|\n|t:|1771230012\n|move|p1a: Cryogonal|Tera Blast|p2a: Vaporeon|[anim] Tera Blast Electric\n|-supereffective|p2a: Vaporeon\n|-damage|p2a: Vaporeon|179/364\n|move|p2a: Vaporeon|Wish|p2a: Vaporeon\n|\n|-heal|p2a: Vaporeon|201/364|[from] item: Leftovers\n|upkeep\n|turn|41\n|\n|t:|1771230015\n|move|p1a: Cryogonal|Tera Blast|p2a: Vaporeon|[anim] Tera Blast Electric\n|-supereffective|p2a: Vaporeon\n|-damage|p2a: Vaporeon|135/364\n|move|p2a: Vaporeon|Scald|p1a: Cryogonal\n|-damage|p1a: Cryogonal|134/287\n|-status|p1a: Cryogonal|brn\n|\n|-heal|p2a: Vaporeon|317/364|[from] move: Wish|[wisher] Vaporeon\n|-heal|p2a: Vaporeon|339/364|[from] item: Leftovers\n|-damage|p1a: Cryogonal|117/287 brn|[from] brn\n|upkeep\n|turn|42\n|c|☆Mattattac|welp that sucks\n|\n|t:|1771230024\n|move|p1a: Cryogonal|Tera Blast|p2a: Vaporeon|[anim] Tera Blast Electric\n|-supereffective|p2a: Vaporeon\n|-damage|p2a: Vaporeon|265/364\n|move|p2a: Vaporeon|Calm Mind|p2a: Vaporeon\n|-boost|p2a: Vaporeon|spa|1\n|-boost|p2a: Vaporeon|spd|1\n|\n|-heal|p2a: Vaporeon|287/364|[from] item: Leftovers\n|-damage|p1a: Cryogonal|100/287 brn|[from] brn\n|upkeep\n|turn|43\n|\n|t:|1771230027\n|move|p1a: Cryogonal|Tera Blast|p2a: Vaporeon|[anim] Tera Blast Electric\n|-supereffective|p2a: Vaporeon\n|-damage|p2a: Vaporeon|227/364\n|move|p2a: Vaporeon|Scald|p1a: Cryogonal\n|-crit|p1a: Cryogonal\n|-damage|p1a: Cryogonal|0 fnt\n|faint|p1a: Cryogonal\n|\n|-heal|p2a: Vaporeon|249/364|[from] item: Leftovers\n|upkeep\n|\n|t:|1771230030\n|switch|p1a: Cetitan|Cetitan, L82, M|158/413\n|turn|44\n|\n|t:|1771230036\n|move|p1a: Cetitan|Icicle Crash|p2a: Vaporeon\n|-resisted|p2a: Vaporeon\n|-crit|p2a: Vaporeon\n|-damage|p2a: Vaporeon|92/364\n|move|p2a: Vaporeon|Scald|p1a: Cetitan\n|-damage|p1a: Cetitan|0 fnt\n|faint|p1a: Cetitan\n|\n|win|mrcanju\n|raw|Mattattac's rating: 1566 &rarr; <strong>1547</strong><br />(-19 for losing)\n|raw|mrcanju's rating: 1575 &rarr; <strong>1594</strong><br />(+19 for winning)\n|l|☆mrcanju\n|player|p2|\n|c|☆Mattattac|damn\n", "inputlog": ">version 686819e5e19f8a7fd2345cfc5a08a5085efa2cc3\n>start {\"formatid\":\"gen9randombattle\",\"seed\":\"sodium,6e18b12e6381fd2c73bbe88e0597432e\",\"rated\":\"Rated battle\"}\n>player p1 {\"name\":\"Mattattac\",\"avatar\":\"169\",\"rating\":1566,\"seed\":\"sodium,386921888dba819bed9b3d747d06efd8\"}\n>player p2 {\"name\":\"mrcanju\",\"avatar\":\"265\",\"rating\":1575,\"seed\":\"sodium,b7fa4936f5b68a81ea4fc8215d7c7ed8\"}\n>p1 move iciclecrash\n>p2 switch 6\n>p1 switch 2\n>p2 move bodypress\n>p1 move poltergeist\n>p2 switch 4\n>p1 move toxic\n>p2 move scald\n>p1 switch 5\n>p2 move scald\n>p1 move futuresight\n>p2 move flipturn\n>p2 switch 3\n>p1 switch 5\n>p2 move knockoff\n>p1 move toxic\n>p2 switch 5\n>p1 move poltergeist\n>p2 move playrough\n>p1 switch 3\n>p1 move stealthrock\n>p2 move knockoff\n>p1 move earthquake\n>p2 move encore\n>p1 switch 5\n>p2 move knockoff\n>p1 move wish\n>p2 move gigatonhammer\n>p1 switch 5\n>p1 move earthquake\n>p2 move knockoff\n>p1 move ironhead\n>p2 move encore\n>p2 switch 4\n>p1 switch 6\n>p2 move irondefense\n>p1 move noretreat\n>p2 move irondefense terastallize\n>p1 move knockoff\n>p2 move bodypress\n>p1 move closecombat\n>p2 move irondefense\n>chat ☆Mattattac|ggs \n>p1 move closecombat\n>p2 move rest\n>chat ☆mrcanju|gg\n>p1 switch 6\n>p1 move psychic\n>p2 move bodypress\n>p1 move psychic\n>p2 switch 5\n>p1 move ironhead\n>p2 move knockoff\n>p1 switch 4\n>p1 move terablast terastallize\n>p2 move toxicspikes\n>p2 switch 5\n>p1 move icebeam\n>p2 move bodypress\n>p1 move icebeam\n>p2 move bodypress\n>p2 switch 6\n>chat ☆Mattattac|freeze\n>p1 move icebeam\n>p2 move dynamicpunch\n>chat ☆Mattattac|damn lol \n>p1 switch 2\n>p2 move poltergeist\n>p2 switch 3\n>p1 switch 2\n>p2 move scald\n>p1 move recover\n>p2 move scald\n>p1 move recover\n>p2 move scald\n>p1 move terablast\n>p2 move scald\n>p2 switch 2\n>p1 move terablast\n>p2 move calmmind\n>p1 move terablast\n>p2 move wish\n>p1 move recover\n>p2 move protect\n>p1 move terablast\n>p2 move calmmind\n>p1 move terablast\n>p2 move wish\n>p1 move rapidspin\n>p2 move protect\n>p1 move terablast\n>p2 move calmmind\n>p1 move terablast\n>p2 move wish\n>p1 move terablast\n>p2 move scald\n>chat ☆Mattattac|welp that sucks \n>p1 move terablast\n>p2 move calmmind\n>p1 move terablast\n>p2 move scald\n>p1 switch 2\n>p1 move iciclecrash\n>p2 move scald", "uploadtime": 1771230125, "views": 13, "formatid": "gen9randombattle", "rating": 1547, "private": 0, "password": null}