{"id": "gen9randombattle-2540085502", "format": "[Gen 9] Random Battle", "players": ["Diadark", "nlmsndc"], "log": "|j|☆Diadark\n|j|☆nlmsndc\n|t:|1771159281\n|gametype|singles\n|player|p1|Diadark|169|1543\n|player|p2|nlmsndc|flannery|1573\n|gen|9\n|tier|[Gen 9] Random Battle\n|rated|\n|rule|Species Clause: Limit one of each Pokémon\n|rule|HP Percentage Mod: HP is shown in percentages\n|rule|Sleep Clause Mod: Limit one foe put to sleep\n|rule|Illusion Level Mod: Illusion disguises the Pokémon's true level\n|\n|t:|1771159281\n|teamsize|p1|6\n|teamsize|p2|6\n|start\n|switch|p1a: Phione|Phione, L91|293/293\n|switch|p2a: Bisharp|Bisharp, L79, M|232/232\n|turn|1\n|inactive|Battle timer is ON: inactive players will automatically lose when time's up. (requested by nlmsndc)\n|\n|t:|1771159289\n|move|p1a: Phione|Scald|p2a: Bisharp\n|-damage|p2a: Bisharp|163/232\n|move|p2a: Bisharp|Stealth Rock|p1a: Phione\n|-sidestart|p1: Diadark|move: Stealth Rock\n|\n|upkeep\n|turn|2\n|\n|t:|1771159294\n|switch|p2a: Victreebel|Victreebel, L90, M|290/290\n|move|p1a: Phione|Scald|p2a: Victreebel\n|-resisted|p2a: Victreebel\n|-crit|p2a: Victreebel\n|-damage|p2a: Victreebel|218/290\n|\n|upkeep\n|turn|3\n|\n|t:|1771159303\n|switch|p1a: Magmortar|Magmortar, L88, M|275/275\n|move|p2a: Victreebel|Swords Dance|p2a: Victreebel\n|-boost|p2a: Victreebel|atk|2\n|\n|upkeep\n|turn|4\n|\n|t:|1771159314\n|switch|p2a: Gurdurr|Gurdurr, L85, M|283/283\n|move|p1a: Magmortar|Fire Blast|p2a: Gurdurr\n|-damage|p2a: Gurdurr|129/283\n|\n|upkeep\n|turn|5\n|\n|t:|1771159325\n|move|p2a: Gurdurr|Mach Punch|p1a: Magmortar\n|-damage|p1a: Magmortar|224/275\n|-status|p2a: Gurdurr|brn|[from] ability: Flame Body|[of] p1a: Magmortar\n|move|p1a: Magmortar|Fire Blast|p2a: Gurdurr\n|-damage|p2a: Gurdurr|0 fnt\n|faint|p2a: Gurdurr\n|\n|upkeep\n|c|☆Diadark|nt\n|\n|t:|1771159339\n|switch|p2a: Sylveon|Sylveon, L85, M|300/300\n|turn|6\n|\n|t:|1771159344\n|move|p1a: Magmortar|Will-O-Wisp|p2a: Sylveon\n|-status|p2a: Sylveon|brn\n|move|p2a: Sylveon|Calm Mind|p2a: Sylveon\n|-boost|p2a: Sylveon|spa|1\n|-boost|p2a: Sylveon|spd|1\n|\n|-damage|p2a: Sylveon|282/300 brn|[from] brn\n|upkeep\n|turn|7\n|\n|t:|1771159351\n|move|p1a: Magmortar|Earthquake|p2a: Sylveon\n|-damage|p2a: Sylveon|180/300 brn\n|move|p2a: Sylveon|Hyper Voice|p1a: Magmortar\n|-resisted|p1a: Magmortar\n|-damage|p1a: Magmortar|140/275\n|\n|-heal|p2a: Sylveon|198/300 brn|[from] item: Leftovers\n|-damage|p2a: Sylveon|180/300 brn|[from] brn\n|upkeep\n|turn|8\n|\n|t:|1771159365\n|move|p1a: Magmortar|Earthquake|p2a: Sylveon\n|-damage|p2a: Sylveon|88/300 brn\n|move|p2a: Sylveon|Wish|p2a: Sylveon\n|\n|-heal|p2a: Sylveon|106/300 brn|[from] item: Leftovers\n|-damage|p2a: Sylveon|88/300 brn|[from] brn\n|upkeep\n|turn|9\n|\n|t:|1771159385\n|switch|p1a: Dusknoir|Dusknoir, L89, M|225/225\n|-damage|p1a: Dusknoir|197/225|[from] Stealth Rock\n|-item|p2a: Sylveon|Leftovers|[from] ability: Frisk|[of] p1a: Dusknoir\n|move|p2a: Sylveon|Protect||[still]\n|-fail|p2a: Sylveon\n|\n|-heal|p2a: Sylveon|238/300 brn|[from] move: Wish|[wisher] Sylveon\n|-heal|p2a: Sylveon|256/300 brn|[from] item: Leftovers\n|-damage|p2a: Sylveon|238/300 brn|[from] brn\n|upkeep\n|turn|10\n|\n|t:|1771159398\n|switch|p2a: Bisharp|Bisharp, L79, M|163/232\n|move|p1a: Dusknoir|Poltergeist|p2a: Bisharp\n|-activate|p2a: Bisharp|move: Poltergeist|Eviolite\n|-resisted|p2a: Bisharp\n|-damage|p2a: Bisharp|112/232\n|-damage|p1a: Dusknoir|175/225|[from] item: Life Orb\n|\n|upkeep\n|turn|11\n|\n|t:|1771159407\n|switch|p1a: Magmortar|Magmortar, L88, M|140/275\n|move|p2a: Bisharp|Throat Chop|p1a: Magmortar\n|-damage|p1a: Magmortar|37/275\n|-start|p1a: Magmortar|Throat Chop|[silent]\n|\n|upkeep\n|turn|12\n|\n|t:|1771159414\n|move|p2a: Bisharp|Sucker Punch|p1a: Magmortar\n|-damage|p1a: Magmortar|0 fnt\n|faint|p1a: Magmortar\n|\n|upkeep\n|\n|t:|1771159420\n|switch|p1a: Deoxys|Deoxys-Attack, L72|191/191\n|-damage|p1a: Deoxys|168/191|[from] Stealth Rock\n|-ability|p1a: Deoxys|Pressure\n|turn|13\n|\n|t:|1771159428\n|switch|p1a: Phione|Phione, L91|293/293\n|-damage|p1a: Phione|257/293|[from] Stealth Rock\n|move|p2a: Bisharp|Sucker Punch||[still]\n|-fail|p2a: Bisharp\n|\n|-heal|p1a: Phione|275/293|[from] item: Leftovers\n|upkeep\n|turn|14\n|\n|t:|1771159436\n|switch|p2a: Victreebel|Victreebel, L90, M|218/290\n|move|p1a: Phione|Scald|p2a: Victreebel\n|-resisted|p2a: Victreebel\n|-crit|p2a: Victreebel\n|-damage|p2a: Victreebel|149/290\n|-status|p2a: Victreebel|brn\n|\n|-heal|p1a: Phione|293/293|[from] item: Leftovers\n|-damage|p2a: Victreebel|131/290 brn|[from] brn\n|upkeep\n|turn|15\n|\n|t:|1771159446\n|move|p1a: Phione|Ice Beam|p2a: Victreebel\n|-supereffective|p2a: Victreebel\n|-damage|p2a: Victreebel|0 fnt\n|faint|p2a: Victreebel\n|\n|upkeep\n|\n|t:|1771159452\n|switch|p2a: Sylveon|Sylveon, L85, M|238/300 brn\n|turn|16\n|inactive|Diadark has 120 seconds left.\n|\n|t:|1771159484\n|switch|p1a: Dusknoir|Dusknoir, L89, M|175/225\n|-damage|p1a: Dusknoir|147/225|[from] Stealth Rock\n|-item|p2a: Sylveon|Leftovers|[from] ability: Frisk|[of] p1a: Dusknoir\n|move|p2a: Sylveon|Wish|p2a: Sylveon\n|\n|-heal|p2a: Sylveon|256/300 brn|[from] item: Leftovers\n|-damage|p2a: Sylveon|238/300 brn|[from] brn\n|upkeep\n|turn|17\n|inactive|Diadark has 120 seconds left.\n|\n|t:|1771159495\n|move|p2a: Sylveon|Hyper Voice|p1a: Dusknoir\n|-damage|p1a: Dusknoir|65/225\n|move|p1a: Dusknoir|Earthquake|p2a: Sylveon\n|-damage|p2a: Sylveon|102/300 brn\n|-damage|p1a: Dusknoir|43/225|[from] item: Life Orb\n|\n|-heal|p2a: Sylveon|252/300 brn|[from] move: Wish|[wisher] Sylveon\n|-heal|p2a: Sylveon|270/300 brn|[from] item: Leftovers\n|-damage|p2a: Sylveon|252/300 brn|[from] brn\n|upkeep\n|turn|18\n|inactive|Diadark has 120 seconds left.\n|\n|t:|1771159506\n|move|p1a: Dusknoir|Shadow Sneak|p2a: Sylveon\n|-damage|p2a: Sylveon|173/300 brn\n|-damage|p1a: Dusknoir|21/225|[from] item: Life Orb\n|move|p2a: Sylveon|Hyper Voice|p1a: Dusknoir\n|-damage|p1a: Dusknoir|0 fnt\n|faint|p1a: Dusknoir\n|\n|-heal|p2a: Sylveon|191/300 brn|[from] item: Leftovers\n|-damage|p2a: Sylveon|173/300 brn|[from] brn\n|upkeep\n|inactive|Diadark has 120 seconds left.\n|\n|t:|1771159524\n|switch|p1a: Sceptile|Sceptile, L87, M|264/264\n|-damage|p1a: Sceptile|231/264|[from] Stealth Rock\n|turn|19\n|\n|t:|1771159529\n|move|p1a: Sceptile|Leech Seed|p2a: Sylveon\n|-start|p2a: Sylveon|move: Leech Seed\n|move|p2a: Sylveon|Hyper Voice|p1a: Sceptile\n|-damage|p1a: Sceptile|99/264\n|\n|-heal|p1a: Sceptile|115/264|[from] item: Leftovers\n|-heal|p2a: Sylveon|191/300 brn|[from] item: Leftovers\n|-damage|p2a: Sylveon|154/300 brn|[from] Leech Seed|[of] p1a: Sceptile\n|-heal|p1a: Sceptile|152/264|[silent]\n|-damage|p2a: Sylveon|136/300 brn|[from] brn\n|upkeep\n|turn|20\n|inactive|Diadark has 120 seconds left.\n|\n|t:|1771159539\n|switch|p2a: Bisharp|Bisharp, L79, M|112/232\n|move|p1a: Sceptile|Giga Drain|p2a: Bisharp\n|-resisted|p2a: Bisharp\n|-damage|p2a: Bisharp|78/232\n|-heal|p1a: Sceptile|169/264|[from] drain|[of] p2a: Bisharp\n|\n|-heal|p1a: Sceptile|185/264|[from] item: Leftovers\n|upkeep\n|turn|21\n|\n|t:|1771159547\n|move|p1a: Sceptile|Focus Blast|p2a: Bisharp\n|-supereffective|p2a: Bisharp\n|-damage|p2a: Bisharp|0 fnt\n|faint|p2a: Bisharp\n|\n|-heal|p1a: Sceptile|201/264|[from] item: Leftovers\n|upkeep\n|\n|t:|1771159555\n|switch|p2a: Sylveon|Sylveon, L85, M|235/235\n|turn|22\n|\n|t:|1771159561\n|move|p1a: Sceptile|Leech Seed|p2a: Sylveon\n|-start|p2a: Sylveon|move: Leech Seed\n|move|p2a: Sylveon|Sludge Bomb|p1a: Sceptile\n|-supereffective|p1a: Sceptile\n|-damage|p1a: Sceptile|0 fnt\n|faint|p1a: Sceptile\n|\n|upkeep\n|\n|t:|1771159567\n|switch|p1a: Deoxys|Deoxys-Attack, L72|168/191\n|-damage|p1a: Deoxys|145/191|[from] Stealth Rock\n|-ability|p1a: Deoxys|Pressure\n|turn|23\n|\n|t:|1771159573\n|move|p1a: Deoxys|Superpower|p2a: Sylveon\n|-supereffective|p2a: Sylveon\n|-damage|p2a: Sylveon|0 fnt\n|-unboost|p1a: Deoxys|atk|1\n|-unboost|p1a: Deoxys|def|1\n|replace|p2a: Zoroark|Zoroark, L83, F\n|-end|p2a: Zoroark|Illusion\n|-hint|Illusion Level Mod is active, so this Pokémon's true level was hidden.\n|faint|p2a: Zoroark\n|-damage|p1a: Deoxys|126/191|[from] item: Life Orb\n|\n|upkeep\n|\n|t:|1771159576\n|switch|p2a: Terapagos|Terapagos, L77, F|265/265\n|-activate|p2a: Terapagos|ability: Tera Shift\n|detailschange|p2a: Terapagos|Terapagos-Terastal, L77, F\n|-heal|p2a: Terapagos|273/273|[silent]\n|turn|24\n|\n|t:|1771159587\n|move|p1a: Deoxys|Knock Off|p2a: Terapagos\n|-activate|p2a: Terapagos|ability: Tera Shell\n|-resisted|p2a: Terapagos\n|-damage|p2a: Terapagos|242/273\n|-enditem|p2a: Terapagos|Heavy-Duty Boots|[from] move: Knock Off|[of] p1a: Deoxys\n|-damage|p1a: Deoxys|107/191|[from] item: Life Orb\n|move|p2a: Terapagos|Rapid Spin|p1a: Deoxys\n|-damage|p1a: Deoxys|0 fnt\n|-boost|p2a: Terapagos|spe|1\n|faint|p1a: Deoxys\n|\n|upkeep\n|\n|t:|1771159602\n|switch|p1a: Zekrom|Zekrom, L71|259/259\n|-damage|p1a: Zekrom|227/259|[from] Stealth Rock\n|-ability|p1a: Zekrom|Teravolt\n|turn|25\n|\n|t:|1771159607\n|move|p2a: Terapagos|Calm Mind|p2a: Terapagos\n|-boost|p2a: Terapagos|spa|1\n|-boost|p2a: Terapagos|spd|1\n|move|p1a: Zekrom|Dragon Dance|p1a: Zekrom\n|-boost|p1a: Zekrom|atk|1\n|-boost|p1a: Zekrom|spe|1\n|\n|-heal|p1a: Zekrom|243/259|[from] item: Leftovers\n|upkeep\n|turn|26\n|\n|t:|1771159623\n|-terastallize|p2a: Terapagos|Stellar\n|detailschange|p2a: Terapagos|Terapagos-Stellar, L77, F, tera:Stellar\n|-heal|p2a: Terapagos|342/373|[silent]\n|move|p2a: Terapagos|Tera Starstorm|p1a: Zekrom\n|-damage|p1a: Zekrom|61/259\n|move|p1a: Zekrom|Substitute|p1a: Zekrom\n|-fail|p1a: Zekrom|move: Substitute|[weak]\n|\n|-heal|p1a: Zekrom|77/259|[from] item: Leftovers\n|upkeep\n|turn|27\n|\n|t:|1771159632\n|move|p2a: Terapagos|Tera Starstorm|p1a: Zekrom\n|-damage|p1a: Zekrom|0 fnt\n|faint|p1a: Zekrom\n|\n|upkeep\n|\n|t:|1771159638\n|switch|p1a: Phione|Phione, L91|293/293\n|-damage|p1a: Phione|257/293|[from] Stealth Rock\n|turn|28\n|c|☆nlmsndc|Nt\n|\n|t:|1771159652\n|move|p2a: Terapagos|Tera Starstorm|p1a: Phione\n|-crit|p1a: Phione\n|-damage|p1a: Phione|34/293\n|move|p1a: Phione|Take Heart|p1a: Phione\n|-boost|p1a: Phione|spa|1\n|-boost|p1a: Phione|spd|1\n|\n|-heal|p1a: Phione|52/293|[from] item: Leftovers\n|upkeep\n|turn|29\n|c|☆Diadark|XD\n|c|☆nlmsndc|Nt\n|\n|t:|1771159660\n|move|p2a: Terapagos|Tera Starstorm|p1a: Phione\n|-damage|p1a: Phione|0 fnt\n|faint|p1a: Phione\n|\n|win|nlmsndc\n|raw|Diadark's rating: 1543 &rarr; <strong>1525</strong><br />(-18 for losing)\n|raw|nlmsndc's rating: 1573 &rarr; <strong>1591</strong><br />(+18 for winning)\n|c|☆Diadark|xd\n|c|☆nlmsndc|Nt\n|c|☆Diadark|xd\n", "inputlog": ">version 686819e5e19f8a7fd2345cfc5a08a5085efa2cc3\n>start {\"formatid\":\"gen9randombattle\",\"seed\":\"sodium,15ac080f1b593132d3c8bdc0dd2acfbd\",\"rated\":\"Rated battle\"}\n>player p1 {\"name\":\"Diadark\",\"avatar\":\"169\",\"rating\":1543,\"seed\":\"sodium,a279d9dcdb7b673f7de91921556929e4\"}\n>player p2 {\"name\":\"nlmsndc\",\"avatar\":\"flannery\",\"rating\":1573,\"seed\":\"sodium,e7a3bfb9e0de76aa5bb0aabe3453c72a\"}\n>p1 move scald\n>p2 move stealthrock\n>p1 move scald\n>p2 switch 3\n>p1 switch 5\n>p2 move swordsdance\n>p1 move fireblast\n>p2 switch 6\n>p1 move fireblast\n>p2 move machpunch\n>chat ☆Diadark|nt\n>p2 switch 4\n>p1 move willowisp\n>p2 move calmmind\n>p1 move earthquake\n>p2 move hypervoice\n>p1 move earthquake\n>p2 move wish\n>p1 switch 4\n>p2 move protect\n>p1 move poltergeist\n>p2 switch 3\n>p1 switch 4\n>p2 move throatchop\n>p1 move fireblast\n>p2 move suckerpunch\n>p1 switch 6\n>p1 switch 5\n>p2 move suckerpunch\n>p1 move scald\n>p2 switch 6\n>p1 move icebeam\n>p2 move powerwhip\n>p2 switch 3\n>p1 switch 4\n>p2 move wish\n>p1 move earthquake\n>p2 move hypervoice\n>p1 move shadowsneak\n>p2 move hypervoice\n>p1 switch 2\n>p1 move leechseed\n>p2 move hypervoice\n>p1 move gigadrain\n>p2 switch 6\n>p1 move focusblast\n>p2 move throatchop\n>p2 switch 5\n>p1 move leechseed\n>p2 move sludgebomb\n>p1 switch 5\n>p1 move superpower\n>p2 move sludgebomb\n>p2 switch 2\n>p1 move knockoff\n>p2 move rapidspin\n>p1 switch 3\n>p1 move dragondance\n>p2 move calmmind\n>p1 move substitute\n>p2 move terastarstorm terastallize\n>p1 move boltstrike\n>p2 move terastarstorm\n>p1 switch 4\n>chat ☆nlmsndc|Nt\n>p1 move takeheart\n>p2 move terastarstorm\n>chat ☆Diadark|XD\n>chat ☆nlmsndc|Nt\n>p1 move grassknot\n>p2 move terastarstorm", "uploadtime": 1771159682, "views": 13, "formatid": "gen9randombattle", "rating": 1525, "private": 0, "password": null}