{"id": "gen9randombattle-2540327784", "format": "[Gen 9] Random Battle", "players": ["milkreo", "F1ish"], "log": "|badge|p1|bronze|gen9randombattle|100-8\n|uhtml|medal-msg|<div class=\"broadcast-blue\">Curious what those medals under the avatar are? PS now has Ladder Seasons! For more information, check out the <a href=\"https://www.smogon.com/forums/threads/3740067/\">thread on Smogon.</a></div>\n|badge|p2|bronze|gen9randombattle|100-8\n|uhtml|medal-msg|<div class=\"broadcast-blue\">Curious what those medals under the avatar are? PS now has Ladder Seasons! For more information, check out the <a href=\"https://www.smogon.com/forums/threads/3740067/\">thread on Smogon.</a></div>\n|j|☆milkreo\n|j|‽F1ish\n|t:|1771189212\n|gametype|singles\n|player|p1|milkreo|1|2305\n|player|p2|F1ish|102|2292\n|gen|9\n|tier|[Gen 9] Random Battle\n|rated|\n|rule|Species Clause: Limit one of each Pokémon\n|rule|HP Percentage Mod: HP is shown in percentages\n|rule|Sleep Clause Mod: Limit one foe put to sleep\n|rule|Illusion Level Mod: Illusion disguises the Pokémon's true level\n|\n|t:|1771189212\n|teamsize|p1|6\n|teamsize|p2|6\n|start\n|switch|p1a: Vileplume|Vileplume, L85, M|266/266\n|switch|p2a: Sneasler|Sneasler, L74, M|240/240\n|turn|1\n|inactive|Battle timer is ON: inactive players will automatically lose when time's up. (requested by F1ish)\n|\n|t:|1771189241\n|move|p2a: Sneasler|U-turn|p1a: Vileplume\n|-damage|p1a: Vileplume|185/266\n|j| MidnightBeasts\n|\n|t:|1771189248\n|switch|p2a: Furret|Furret, L94, F|312/312|[from] U-turn\n|-item|p1a: Vileplume|Leftovers|[from] ability: Frisk|[of] p2a: Furret\n|move|p1a: Vileplume|Leech Seed|p2a: Furret\n|-start|p2a: Furret|move: Leech Seed\n|\n|-heal|p1a: Vileplume|201/266|[from] item: Leftovers\n|-damage|p2a: Furret|273/312|[from] Leech Seed|[of] p1a: Vileplume\n|-heal|p1a: Vileplume|240/266|[silent]\n|upkeep\n|turn|2\n|inactive|milkreo has 120 seconds left.\n|\n|t:|1771189278\n|switch|p1a: Empoleon|Empoleon, L84, M|278/278\n|move|p2a: Furret|Trick|p1a: Empoleon\n|-activate|p2a: Furret|move: Trick|[of] p1a: Empoleon\n|-item|p1a: Empoleon|Choice Band|[from] move: Trick\n|-item|p2a: Furret|Leftovers|[from] move: Trick\n|\n|-heal|p2a: Furret|292/312|[from] item: Leftovers\n|-damage|p2a: Furret|253/312|[from] Leech Seed|[of] p1a: Empoleon\n|upkeep\n|turn|3\n|\n|t:|1771189290\n|move|p2a: Furret|U-turn|p1a: Empoleon\n|-resisted|p1a: Empoleon\n|-damage|p1a: Empoleon|254/278\n|\n|t:|1771189295\n|switch|p2a: Mandibuzz|Mandibuzz, L85, F|326/326|[from] U-turn\n|move|p1a: Empoleon|Knock Off|p2a: Mandibuzz\n|-resisted|p2a: Mandibuzz\n|-damage|p2a: Mandibuzz|285/326\n|-enditem|p2a: Mandibuzz|Heavy-Duty Boots|[from] move: Knock Off|[of] p1a: Empoleon\n|\n|upkeep\n|turn|4\n|\n|t:|1771189304\n|switch|p2a: Perrserker|Perrserker, L89, F|269/269\n|move|p1a: Empoleon|Knock Off|p2a: Perrserker\n|-crit|p2a: Perrserker\n|-damage|p2a: Perrserker|152/269\n|-enditem|p2a: Perrserker|Choice Band|[from] move: Knock Off|[of] p1a: Empoleon\n|\n|upkeep\n|turn|5\n|\n|t:|1771189320\n|switch|p1a: Smeargle|Smeargle, L95, M|258/258\n|move|p2a: Perrserker|Close Combat|p1a: Smeargle\n|-supereffective|p1a: Smeargle\n|-enditem|p1a: Smeargle|Focus Sash\n|-damage|p1a: Smeargle|1/258\n|-unboost|p2a: Perrserker|def|1\n|-unboost|p2a: Perrserker|spd|1\n|\n|upkeep\n|turn|6\n|\n|t:|1771189341\n|switch|p2a: Mandibuzz|Mandibuzz, L85, F|285/326\n|move|p1a: Smeargle|Spore|p2a: Mandibuzz\n|-immune|p2a: Mandibuzz|[from] ability: Overcoat\n|\n|upkeep\n|turn|7\n|\n|t:|1771189356\n|move|p1a: Smeargle|Stealth Rock|p2a: Mandibuzz\n|-sidestart|p2: F1ish|move: Stealth Rock\n|move|p2a: Mandibuzz|Foul Play|p1a: Smeargle\n|-damage|p1a: Smeargle|0 fnt\n|faint|p1a: Smeargle\n|\n|upkeep\n|\n|t:|1771189368\n|switch|p1a: Toxicroak|Toxicroak, L84, F|277/277\n|turn|8\n|\n|t:|1771189388\n|move|p1a: Toxicroak|Close Combat|p2a: Mandibuzz\n|-damage|p2a: Mandibuzz|125/326\n|-unboost|p1a: Toxicroak|def|1\n|-unboost|p1a: Toxicroak|spd|1\n|move|p2a: Mandibuzz|Defog|p1a: Toxicroak\n|-unboost|p1a: Toxicroak|evasion|1\n|-sideend|p2: F1ish|Stealth Rock|[from] move: Defog|[of] p2a: Mandibuzz\n|\n|upkeep\n|turn|9\n|\n|t:|1771189392\n|switch|p2a: Sneasler|Sneasler, L74, M|240/240\n|move|p1a: Toxicroak|Close Combat|p2a: Sneasler\n|-resisted|p2a: Sneasler\n|-damage|p2a: Sneasler|91/240\n|-unboost|p1a: Toxicroak|def|1\n|-unboost|p1a: Toxicroak|spd|1\n|\n|upkeep\n|turn|10\n|\n|t:|1771189399\n|move|p2a: Sneasler|Dire Claw|p1a: Toxicroak\n|-resisted|p1a: Toxicroak\n|-damage|p1a: Toxicroak|129/277\n|move|p1a: Toxicroak|Close Combat|p2a: Sneasler\n|-resisted|p2a: Sneasler\n|-damage|p2a: Sneasler|0 fnt\n|-unboost|p1a: Toxicroak|def|1\n|-unboost|p1a: Toxicroak|spd|1\n|faint|p2a: Sneasler\n|\n|upkeep\n|\n|t:|1771189403\n|switch|p2a: Lucario|Lucario, L84, F|255/255\n|turn|11\n|\n|t:|1771189411\n|move|p2a: Lucario|Meteor Mash|p1a: Toxicroak\n|-damage|p1a: Toxicroak|0 fnt\n|faint|p1a: Toxicroak\n|-damage|p2a: Lucario|230/255|[from] item: Life Orb\n|\n|upkeep\n|\n|t:|1771189427\n|switch|p1a: Sceptile|Sceptile, L87, M|264/264\n|turn|12\n|\n|t:|1771189435\n|move|p1a: Sceptile|Focus Blast|p2a: Lucario\n|-supereffective|p2a: Lucario\n|-damage|p2a: Lucario|2/255\n|-unboost|p2a: Lucario|spd|1\n|move|p2a: Lucario|Meteor Mash|p1a: Sceptile\n|-damage|p1a: Sceptile|85/264\n|-damage|p2a: Lucario|0 fnt|[from] item: Life Orb\n|faint|p2a: Lucario\n|\n|-heal|p1a: Sceptile|101/264|[from] item: Leftovers\n|upkeep\n|\n|t:|1771189440\n|switch|p2a: Leafeon|Leafeon, L88, M|258/258\n|turn|13\n|\n|t:|1771189460\n|switch|p1a: Vileplume|Vileplume, L85, M|240/266\n|move|p2a: Leafeon|Swords Dance|p2a: Leafeon\n|-boost|p2a: Leafeon|atk|2\n|\n|-heal|p1a: Vileplume|256/266|[from] item: Leftovers\n|upkeep\n|turn|14\n|\n|t:|1771189473\n|move|p2a: Leafeon|Swords Dance|p2a: Leafeon\n|-boost|p2a: Leafeon|atk|2\n|move|p1a: Vileplume|Sludge Bomb|p2a: Leafeon\n|-supereffective|p2a: Leafeon\n|-crit|p2a: Leafeon\n|-damage|p2a: Leafeon|0 fnt\n|faint|p2a: Leafeon\n|\n|-heal|p1a: Vileplume|266/266|[from] item: Leftovers\n|upkeep\n|\n|t:|1771189478\n|switch|p2a: Perrserker|Perrserker, L89, F|152/269\n|turn|15\n|\n|t:|1771189487\n|switch|p1a: Empoleon|Empoleon, L84, M|254/278\n|move|p2a: Perrserker|Close Combat|p1a: Empoleon\n|-supereffective|p1a: Empoleon\n|-damage|p1a: Empoleon|0 fnt\n|-unboost|p2a: Perrserker|def|1\n|-unboost|p2a: Perrserker|spd|1\n|faint|p1a: Empoleon\n|\n|upkeep\n|\n|t:|1771189494\n|switch|p1a: Tatsugiri|Tatsugiri, L87, M|260/260\n|turn|16\n|\n|t:|1771189501\n|move|p1a: Tatsugiri|Surf|p2a: Perrserker\n|-damage|p2a: Perrserker|0 fnt\n|faint|p2a: Perrserker\n|\n|upkeep\n|-message|F1ish forfeited.\n|\n|win|milkreo\n|raw|milkreo's rating: 2305 &rarr; <strong>2326</strong><br />(+21 for winning)\n|raw|F1ish's rating: 2315 &rarr; <strong>2294</strong><br />(-21 for losing)\n|l|‽F1ish\n|player|p2|\n", "inputlog": ">version 686819e5e19f8a7fd2345cfc5a08a5085efa2cc3\n>start {\"formatid\":\"gen9randombattle\",\"seed\":\"sodium,5a53a5732889fc2bc055f50697b68393\",\"rated\":\"Rated battle\"}\n>player p1 {\"name\":\"milkreo\",\"avatar\":\"1\",\"rating\":2305,\"seed\":\"sodium,6fc84ca355795909f141ba029a2fcec4\"}\n>player p2 {\"name\":\"F1ish\",\"avatar\":\"102\",\"rating\":2292,\"seed\":\"sodium,a3f15438c352528d502b000ff8458d2a\"}\n>p1 move leechseed\n>p2 move uturn\n>p2 switch 4\n>p1 switch 6\n>p2 move trick\n>p1 move knockoff\n>p2 move uturn\n>p2 switch 6\n>p1 move knockoff\n>p2 switch 2\n>p1 switch 5\n>p2 move closecombat\n>p1 move spore\n>p2 switch 2\n>p1 move stealthrock\n>p2 move foulplay\n>p1 switch 2\n>p1 move closecombat\n>p2 move defog\n>p1 move closecombat\n>p2 switch 4\n>p1 move closecombat\n>p2 move direclaw\n>p2 switch 5\n>p1 move closecombat\n>p2 move meteormash\n>p1 switch 3\n>p1 move focusblast\n>p2 move meteormash\n>p2 switch 3\n>p1 switch 6\n>p2 move swordsdance\n>p1 move sludgebomb\n>p2 move swordsdance\n>p2 switch 2\n>p1 switch 5\n>p2 move closecombat\n>p1 switch 4\n>p1 move surf\n>p2 move uturn\n>forcelose p2", "uploadtime": 1771189506, "views": 18, "formatid": "gen9randombattle", "rating": 2294, "private": 0, "password": null}