{"id": "gen9randombattle-2540263311", "format": "[Gen 9] Random Battle", "players": ["treeshhhh", "Pomemonguy"], "log": "|j|☆treeshhhh\n|j|☆Pomemonguy\n|t:|1771182192\n|gametype|singles\n|player|p1|treeshhhh|2|1629\n|player|p2|Pomemonguy|170|1650\n|gen|9\n|tier|[Gen 9] Random Battle\n|rated|\n|rule|Species Clause: Limit one of each Pokémon\n|rule|HP Percentage Mod: HP is shown in percentages\n|rule|Sleep Clause Mod: Limit one foe put to sleep\n|rule|Illusion Level Mod: Illusion disguises the Pokémon's true level\n|\n|t:|1771182192\n|teamsize|p1|6\n|teamsize|p2|6\n|start\n|switch|p1a: Walking Wake|Walking Wake, L79|286/286\n|switch|p2a: Minior|Minior, L79|224/224\n|-formechange|p2a: Minior|Minior-Meteor||[from] ability: Shields Down\n|turn|1\n|\n|t:|1771182215\n|switch|p2a: Uxie|Uxie, L83|260/260\n|move|p1a: Walking Wake|Hydro Pump|p2a: Uxie|[miss]\n|-miss|p1a: Walking Wake|p2a: Uxie\n|\n|upkeep\n|turn|2\n|\n|t:|1771182243\n|-end|p1a: Walking Wake|Protosynthesis|[silent]\n|switch|p1a: Glalie|Glalie, L96, F|309/309\n|move|p2a: Uxie|Thunder Wave|p1a: Glalie\n|-status|p1a: Glalie|par\n|\n|upkeep\n|turn|3\n|\n|t:|1771182249\n|move|p2a: Uxie|U-turn|p1a: Glalie\n|-damage|p1a: Glalie|268/309 par\n|\n|t:|1771182254\n|switch|p2a: Glalie|Glalie, L96, F|309/309|[from] U-turn\n|move|p1a: Glalie|Spikes|p2a: Glalie\n|-sidestart|p2: Pomemonguy|Spikes\n|\n|upkeep\n|turn|4\n|\n|t:|1771182262\n|switch|p1a: Hitmontop|Hitmontop, L88, M|231/231\n|move|p2a: Glalie|Disable||[still]\n|-fail|p2a: Glalie\n|\n|upkeep\n|turn|5\n|\n|t:|1771182272\n|switch|p2a: Uxie|Uxie, L83|260/260\n|move|p1a: Hitmontop|Bulk Up|p1a: Hitmontop\n|-boost|p1a: Hitmontop|atk|1\n|-boost|p1a: Hitmontop|def|1\n|\n|upkeep\n|turn|6\n|\n|t:|1771182276\n|move|p2a: Uxie|Thunder Wave|p1a: Hitmontop\n|-status|p1a: Hitmontop|par\n|move|p1a: Hitmontop|Triple Axel|p2a: Uxie\n|-damage|p2a: Uxie|233/260\n|-damage|p2a: Uxie|180/260\n|-damage|p2a: Uxie|102/260\n|-hitcount|p2a: Uxie|3\n|\n|-heal|p2a: Uxie|118/260|[from] item: Leftovers\n|upkeep\n|turn|7\n|\n|t:|1771182280\n|move|p2a: Uxie|Psychic Noise|p1a: Hitmontop\n|-supereffective|p1a: Hitmontop\n|-damage|p1a: Hitmontop|121/231 par\n|-start|p1a: Hitmontop|move: Heal Block\n|move|p1a: Hitmontop|Triple Axel|p2a: Uxie\n|-damage|p2a: Uxie|93/260\n|-damage|p2a: Uxie|45/260\n|-damage|p2a: Uxie|0 fnt\n|faint|p2a: Uxie\n|-hitcount|p2: Uxie|3\n|\n|upkeep\n|\n|t:|1771182289\n|switch|p2a: Rillaboom|Rillaboom, L79, M|288/288\n|-damage|p2a: Rillaboom|252/288|[from] Spikes\n|-fieldstart|move: Grassy Terrain|[from] ability: Grassy Surge|[of] p2a: Rillaboom\n|turn|8\n|\n|t:|1771182296\n|move|p2a: Rillaboom|Wood Hammer|p1a: Hitmontop\n|-damage|p1a: Hitmontop|0 fnt\n|faint|p1a: Hitmontop\n|-damage|p2a: Rillaboom|212/288|[from] Recoil\n|\n|-heal|p2a: Rillaboom|230/288|[from] Grassy Terrain\n|upkeep\n|\n|t:|1771182302\n|switch|p1a: Cobalion|Cobalion, L80|277/277\n|turn|9\n|\n|t:|1771182305\n|switch|p2a: Krookodile|Krookodile, L80, F|283/283\n|-damage|p2a: Krookodile|248/283|[from] Spikes\n|-ability|p2a: Krookodile|Intimidate|boost\n|-unboost|p1a: Cobalion|atk|1\n|move|p1a: Cobalion|Calm Mind|p1a: Cobalion\n|-boost|p1a: Cobalion|spa|1\n|-boost|p1a: Cobalion|spd|1\n|\n|-heal|p2a: Krookodile|265/283|[from] Grassy Terrain\n|upkeep\n|turn|10\n|\n|t:|1771182318\n|move|p1a: Cobalion|Aura Sphere|p2a: Krookodile\n|-supereffective|p2a: Krookodile\n|-crit|p2a: Krookodile\n|-damage|p2a: Krookodile|0 fnt\n|faint|p2a: Krookodile\n|\n|upkeep\n|\n|t:|1771182328\n|switch|p2a: Minior|Minior, L79|224/224\n|-formechange|p2a: Minior|Minior-Meteor||[from] ability: Shields Down\n|turn|11\n|\n|t:|1771182333\n|move|p1a: Cobalion|Calm Mind|p1a: Cobalion\n|-boost|p1a: Cobalion|spa|1\n|-boost|p1a: Cobalion|spd|1\n|move|p2a: Minior|Shell Smash|p2a: Minior\n|-unboost|p2a: Minior|def|1\n|-unboost|p2a: Minior|spd|1\n|-boost|p2a: Minior|atk|2\n|-boost|p2a: Minior|spa|2\n|-boost|p2a: Minior|spe|2\n|-enditem|p2a: Minior|White Herb\n|-clearnegativeboost|p2a: Minior|[silent]\n|\n|upkeep\n|turn|12\n|\n|t:|1771182338\n|-terastallize|p2a: Minior|Ground\n|move|p2a: Minior|Earthquake|p1a: Cobalion\n|-supereffective|p1a: Cobalion\n|-damage|p1a: Cobalion|157/277\n|move|p1a: Cobalion|Flash Cannon|p2a: Minior\n|-damage|p2a: Minior|85/224\n|\n|-heal|p2a: Minior|99/224|[from] Grassy Terrain\n|-heal|p1a: Cobalion|174/277|[from] Grassy Terrain\n|-heal|p1a: Cobalion|191/277|[from] item: Leftovers\n|-fieldend|move: Grassy Terrain\n|-formechange|p2a: Minior|Minior||[from] ability: Shields Down\n|upkeep\n|turn|13\n|\n|t:|1771182353\n|move|p1a: Cobalion|Vacuum Wave|p2a: Minior\n|-damage|p2a: Minior|0 fnt\n|faint|p2a: Minior\n|\n|-heal|p1a: Cobalion|208/277|[from] item: Leftovers\n|upkeep\n|\n|t:|1771182386\n|switch|p2a: Raichu|Raichu, L88, F|249/249\n|-damage|p2a: Raichu|218/249|[from] Spikes\n|turn|14\n|\n|t:|1771182406\n|-terastallize|p1a: Cobalion|Fighting\n|move|p2a: Raichu|Focus Blast|p1a: Cobalion|[miss]\n|-miss|p2a: Raichu|p1a: Cobalion\n|move|p1a: Cobalion|Aura Sphere|p2a: Raichu\n|-damage|p2a: Raichu|20/249\n|\n|-heal|p1a: Cobalion|225/277|[from] item: Leftovers\n|upkeep\n|turn|15\n|\n|t:|1771182411\n|move|p1a: Cobalion|Vacuum Wave|p2a: Raichu\n|-damage|p2a: Raichu|0 fnt\n|faint|p2a: Raichu\n|\n|-heal|p1a: Cobalion|242/277|[from] item: Leftovers\n|upkeep\n|\n|t:|1771182413\n|switch|p2a: Rillaboom|Rillaboom, L79, M|230/288\n|-damage|p2a: Rillaboom|194/288|[from] Spikes\n|-fieldstart|move: Grassy Terrain|[from] ability: Grassy Surge|[of] p2a: Rillaboom\n|turn|16\n|\n|t:|1771182417\n|move|p1a: Cobalion|Aura Sphere|p2a: Rillaboom\n|-damage|p2a: Rillaboom|0 fnt\n|faint|p2a: Rillaboom\n|\n|-heal|p1a: Cobalion|259/277|[from] Grassy Terrain\n|-heal|p1a: Cobalion|276/277|[from] item: Leftovers\n|upkeep\n|\n|t:|1771182420\n|switch|p2a: Glalie|Glalie, L96, F|309/309\n|turn|17\n|\n|t:|1771182423\n|move|p1a: Cobalion|Aura Sphere|p2a: Glalie\n|-supereffective|p2a: Glalie\n|-damage|p2a: Glalie|0 fnt\n|faint|p2a: Glalie\n|\n|win|treeshhhh\n|raw|treeshhhh's rating: 1629 &rarr; <strong>1650</strong><br />(+21 for winning)\n|raw|Pomemonguy's rating: 1650 &rarr; <strong>1629</strong><br />(-21 for losing)\n", "inputlog": ">version 686819e5e19f8a7fd2345cfc5a08a5085efa2cc3\n>start {\"formatid\":\"gen9randombattle\",\"seed\":\"sodium,57c8719c2f9c2a96c9d3537a02aee18a\",\"rated\":\"Rated battle\"}\n>player p1 {\"name\":\"treeshhhh\",\"avatar\":\"2\",\"rating\":1629,\"seed\":\"sodium,2b48048c81139c88a19e8c21a360fb4b\"}\n>player p2 {\"name\":\"Pomemonguy\",\"avatar\":\"170\",\"rating\":1650,\"seed\":\"sodium,0a0baee71ee2208518c263b6b8729f2d\"}\n>p1 move hydropump\n>p2 switch 6\n>p1 switch 2\n>p2 move thunderwave\n>p1 move spikes\n>p2 move uturn\n>p2 switch 4\n>p1 switch 5\n>p2 move disable\n>p1 move bulkup\n>p2 switch 4\n>p1 move tripleaxel\n>p2 move thunderwave\n>p1 move tripleaxel\n>p2 move psychicnoise\n>p2 switch 2\n>p1 move tripleaxel\n>p2 move woodhammer\n>p1 switch 3\n>p1 move calmmind\n>p2 switch 3\n>p1 move aurasphere\n>p2 move earthquake\n>p2 switch 6\n>p1 move calmmind\n>p2 move shellsmash\n>p1 move flashcannon\n>p2 move earthquake terastallize\n>p1 move vacuumwave\n>p2 move earthquake\n>p2 switch 5\n>p1 move aurasphere terastallize\n>p2 move focusblast\n>p1 move vacuumwave\n>p2 move thunderbolt\n>p2 switch 3\n>p1 move aurasphere\n>p2 move woodhammer\n>p2 switch 4\n>p1 move aurasphere\n>p2 move freezedry", "uploadtime": 1771182426, "views": 12, "formatid": "gen9randombattle", "rating": 1629, "private": 0, "password": null}