{"id": "gen9randombattle-2540273272", "format": "[Gen 9] Random Battle", "players": ["improvguy", "Not jacob boughter"], "log": "|j|☆improvguy\n|j|☆Not jacob boughter\n|t:|1771183286\n|gametype|singles\n|player|p1|improvguy|cameraman|1720\n|player|p2|Not jacob boughter|volo|1695\n|gen|9\n|tier|[Gen 9] Random Battle\n|rated|\n|rule|Species Clause: Limit one of each Pokémon\n|rule|HP Percentage Mod: HP is shown in percentages\n|rule|Sleep Clause Mod: Limit one foe put to sleep\n|rule|Illusion Level Mod: Illusion disguises the Pokémon's true level\n|\n|t:|1771183286\n|teamsize|p1|6\n|teamsize|p2|6\n|start\n|switch|p1a: Articuno|Articuno-Galar, L84|288/288\n|switch|p2a: Sylveon|Sylveon, L85, F|300/300\n|turn|1\n|inactive|Battle timer is ON: inactive players will automatically lose when time's up. (requested by Not jacob boughter)\n|\n|t:|1771183304\n|switch|p1a: Greedent|Greedent, L86, F|347/347\n|move|p2a: Sylveon|Calm Mind|p2a: Sylveon\n|-boost|p2a: Sylveon|spa|1\n|-boost|p2a: Sylveon|spd|1\n|\n|upkeep\n|turn|2\n|\n|t:|1771183322\n|move|p2a: Sylveon|Hyper Voice|p1a: Greedent\n|-damage|p1a: Greedent|121/347\n|-enditem|p1a: Greedent|Sitrus Berry|[eat]\n|-heal|p1a: Greedent|207/347|[from] item: Sitrus Berry\n|-heal|p1a: Greedent|322/347|[from] ability: Cheek Pouch\n|move|p1a: Greedent|Knock Off|p2a: Sylveon\n|-resisted|p2a: Sylveon\n|-damage|p2a: Sylveon|258/300\n|-enditem|p2a: Sylveon|Leftovers|[from] move: Knock Off|[of] p1a: Greedent\n|\n|upkeep\n|turn|3\n|\n|t:|1771183333\n|move|p2a: Sylveon|Wish|p2a: Sylveon\n|move|p1a: Greedent|Body Slam|p2a: Sylveon\n|-damage|p2a: Sylveon|137/300\n|\n|upkeep\n|turn|4\n|\n|t:|1771183340\n|move|p2a: Sylveon|Hyper Voice|p1a: Greedent\n|-damage|p1a: Greedent|94/347\n|move|p1a: Greedent|Body Slam|p2a: Sylveon\n|-damage|p2a: Sylveon|29/300\n|\n|-heal|p2a: Sylveon|179/300|[from] move: Wish|[wisher] Sylveon\n|upkeep\n|turn|5\n|\n|t:|1771183349\n|move|p2a: Sylveon|Hyper Voice|p1a: Greedent\n|-damage|p1a: Greedent|0 fnt\n|faint|p1a: Greedent\n|\n|upkeep\n|\n|t:|1771183351\n|switch|p1a: Kingambit|Kingambit, L74, M|270/270\n|-activate|p1a: Kingambit|ability: Supreme Overlord\n|-start|p1a: Kingambit|fallen1|[silent]\n|turn|6\n|\n|t:|1771183363\n|switch|p2a: Sandaconda|Sandaconda, L84, M|258/258\n|move|p1a: Kingambit|Iron Head|p2a: Sandaconda\n|-damage|p2a: Sandaconda|191/258\n|\n|-heal|p2a: Sandaconda|207/258|[from] item: Leftovers\n|upkeep\n|turn|7\n|\n|t:|1771183376\n|-end|p1a: Kingambit|fallen1|[silent]\n|switch|p1a: Articuno|Articuno-Galar, L84|288/288\n|move|p2a: Sandaconda|Glare|p1a: Articuno\n|-status|p1a: Articuno|par\n|\n|-heal|p2a: Sandaconda|223/258|[from] item: Leftovers\n|upkeep\n|turn|8\n|\n|t:|1771183390\n|switch|p2a: Sylveon|Sylveon, L85, F|179/300\n|move|p1a: Articuno|Freezing Glare|p2a: Sylveon\n|-damage|p2a: Sylveon|100/300\n|\n|upkeep\n|turn|9\n|\n|t:|1771183396\n|move|p2a: Sylveon|Wish|p2a: Sylveon\n|move|p1a: Articuno|Calm Mind|p1a: Articuno\n|-boost|p1a: Articuno|spa|1\n|-boost|p1a: Articuno|spd|1\n|\n|upkeep\n|turn|10\n|\n|t:|1771183402\n|move|p2a: Sylveon|Protect|p2a: Sylveon\n|-singleturn|p2a: Sylveon|Protect\n|move|p1a: Articuno|Calm Mind|p1a: Articuno\n|-boost|p1a: Articuno|spa|1\n|-boost|p1a: Articuno|spd|1\n|\n|-heal|p2a: Sylveon|250/300|[from] move: Wish|[wisher] Sylveon\n|upkeep\n|turn|11\n|\n|t:|1771183411\n|move|p2a: Sylveon|Calm Mind|p2a: Sylveon\n|-boost|p2a: Sylveon|spa|1\n|-boost|p2a: Sylveon|spd|1\n|cant|p1a: Articuno|par\n|\n|upkeep\n|turn|12\n|\n|t:|1771183418\n|move|p2a: Sylveon|Calm Mind|p2a: Sylveon\n|-boost|p2a: Sylveon|spa|1\n|-boost|p2a: Sylveon|spd|1\n|cant|p1a: Articuno|par\n|\n|upkeep\n|turn|13\n|\n|t:|1771183424\n|move|p2a: Sylveon|Calm Mind|p2a: Sylveon\n|-boost|p2a: Sylveon|spa|1\n|-boost|p2a: Sylveon|spd|1\n|move|p1a: Articuno|Calm Mind|p1a: Articuno\n|-boost|p1a: Articuno|spa|1\n|-boost|p1a: Articuno|spd|1\n|\n|upkeep\n|turn|14\n|\n|t:|1771183430\n|move|p2a: Sylveon|Calm Mind|p2a: Sylveon\n|-boost|p2a: Sylveon|spa|1\n|-boost|p2a: Sylveon|spd|1\n|move|p1a: Articuno|Calm Mind|p1a: Articuno\n|-boost|p1a: Articuno|spa|1\n|-boost|p1a: Articuno|spd|1\n|\n|upkeep\n|turn|15\n|\n|t:|1771183437\n|move|p2a: Sylveon|Calm Mind|p2a: Sylveon\n|-boost|p2a: Sylveon|spa|1\n|-boost|p2a: Sylveon|spd|1\n|move|p1a: Articuno|Calm Mind|p1a: Articuno\n|-boost|p1a: Articuno|spa|1\n|-boost|p1a: Articuno|spd|1\n|\n|upkeep\n|turn|16\n|\n|t:|1771183444\n|move|p2a: Sylveon|Calm Mind|p2a: Sylveon\n|-boost|p2a: Sylveon|spa|1\n|-boost|p2a: Sylveon|spd|1\n|cant|p1a: Articuno|par\n|\n|upkeep\n|turn|17\n|\n|t:|1771183450\n|move|p2a: Sylveon|Hyper Voice|p1a: Articuno\n|-damage|p1a: Articuno|147/288 par\n|move|p1a: Articuno|Calm Mind|p1a: Articuno\n|-boost|p1a: Articuno|spa|1\n|-boost|p1a: Articuno|spd|1\n|\n|upkeep\n|turn|18\n|\n|t:|1771183457\n|move|p2a: Sylveon|Hyper Voice|p1a: Articuno\n|-damage|p1a: Articuno|29/288 par\n|move|p1a: Articuno|Recover|p1a: Articuno\n|-heal|p1a: Articuno|173/288 par\n|\n|upkeep\n|turn|19\n|\n|t:|1771183464\n|move|p2a: Sylveon|Hyper Voice|p1a: Articuno\n|-damage|p1a: Articuno|50/288 par\n|move|p1a: Articuno|Freezing Glare|p2a: Sylveon\n|-damage|p2a: Sylveon|171/300\n|\n|upkeep\n|turn|20\n|\n|t:|1771183470\n|move|p2a: Sylveon|Hyper Voice|p1a: Articuno\n|-crit|p1a: Articuno\n|-damage|p1a: Articuno|0 fnt\n|faint|p1a: Articuno\n|\n|upkeep\n|\n|t:|1771183474\n|switch|p1a: Baxcalibur|Baxcalibur, L75, M|295/295\n|turn|21\n|\n|t:|1771183482\n|move|p1a: Baxcalibur|Icicle Crash|p2a: Sylveon\n|-damage|p2a: Sylveon|0 fnt\n|faint|p2a: Sylveon\n|\n|upkeep\n|\n|t:|1771183489\n|switch|p2a: Breloom|Breloom, L83, F|235/235\n|turn|22\n|\n|t:|1771183499\n|-terastallize|p2a: Breloom|Fighting\n|move|p1a: Baxcalibur|Icicle Crash|p2a: Breloom\n|-damage|p2a: Breloom|67/235\n|move|p2a: Breloom|Spore|p1a: Baxcalibur\n|-status|p1a: Baxcalibur|slp|[from] move: Spore\n|\n|upkeep\n|turn|23\n|\n|t:|1771183508\n|switch|p1a: Falinks|Falinks, L84|246/246\n|move|p2a: Breloom|Swords Dance|p2a: Breloom\n|-boost|p2a: Breloom|atk|2\n|\n|upkeep\n|turn|24\n|\n|t:|1771183516\n|move|p1a: Falinks|Close Combat|p2a: Breloom\n|-damage|p2a: Breloom|0 fnt\n|-unboost|p1a: Falinks|def|1\n|-unboost|p1a: Falinks|spd|1\n|faint|p2a: Breloom\n|-damage|p1a: Falinks|222/246|[from] item: Life Orb\n|\n|upkeep\n|\n|t:|1771183529\n|switch|p2a: Volcanion|Volcanion, L79|255/255\n|turn|25\n|\n|t:|1771183538\n|switch|p1a: Baxcalibur|Baxcalibur, L75, M|295/295 slp\n|move|p2a: Volcanion|Steam Eruption|p1a: Baxcalibur\n|-resisted|p1a: Baxcalibur\n|-damage|p1a: Baxcalibur|187/295 slp\n|\n|upkeep\n|turn|26\n|\n|t:|1771183545\n|cant|p1a: Baxcalibur|slp\n|move|p2a: Volcanion|Steam Eruption|p1a: Baxcalibur\n|-resisted|p1a: Baxcalibur\n|-damage|p1a: Baxcalibur|77/295 slp\n|\n|upkeep\n|turn|27\n|\n|t:|1771183552\n|-curestatus|p1a: Baxcalibur|slp|[msg]\n|move|p1a: Baxcalibur|Earthquake|p2a: Volcanion\n|-supereffective|p2a: Volcanion\n|-damage|p2a: Volcanion|71/255\n|move|p2a: Volcanion|Steam Eruption|p1a: Baxcalibur\n|-resisted|p1a: Baxcalibur\n|-damage|p1a: Baxcalibur|0 fnt\n|faint|p1a: Baxcalibur\n|\n|upkeep\n|\n|t:|1771183558\n|switch|p1a: Keldeo|Keldeo-Resolute, L79|273/273\n|turn|28\n|\n|t:|1771183569\n|move|p1a: Keldeo|Substitute|p1a: Keldeo\n|-start|p1a: Keldeo|Substitute\n|-damage|p1a: Keldeo|205/273\n|move|p2a: Volcanion|Steam Eruption|p1a: Keldeo\n|-resisted|p1a: Keldeo\n|-end|p1a: Keldeo|Substitute\n|\n|-heal|p1a: Keldeo|222/273|[from] item: Leftovers\n|upkeep\n|turn|29\n|\n|t:|1771183580\n|switch|p2a: Primarina|Primarina, L83, M|268/268\n|move|p1a: Keldeo|Calm Mind|p1a: Keldeo\n|-boost|p1a: Keldeo|spa|1\n|-boost|p1a: Keldeo|spd|1\n|\n|-heal|p1a: Keldeo|239/273|[from] item: Leftovers\n|upkeep\n|turn|30\n|\n|t:|1771183594\n|-terastallize|p1a: Keldeo|Steel\n|move|p1a: Keldeo|Calm Mind|p1a: Keldeo\n|-boost|p1a: Keldeo|spa|1\n|-boost|p1a: Keldeo|spd|1\n|move|p2a: Primarina|Moonblast|p1a: Keldeo\n|-resisted|p1a: Keldeo\n|-damage|p1a: Keldeo|190/273\n|-unboost|p1a: Keldeo|spa|1\n|\n|-heal|p1a: Keldeo|207/273|[from] item: Leftovers\n|upkeep\n|turn|31\n|\n|t:|1771183607\n|switch|p2a: Volcanion|Volcanion, L79|71/255\n|move|p1a: Keldeo|Calm Mind|p1a: Keldeo\n|-boost|p1a: Keldeo|spa|1\n|-boost|p1a: Keldeo|spd|1\n|\n|-heal|p1a: Keldeo|224/273|[from] item: Leftovers\n|upkeep\n|turn|32\n|\n|t:|1771183616\n|move|p1a: Keldeo|Secret Sword|p2a: Volcanion\n|-damage|p2a: Volcanion|0 fnt\n|faint|p2a: Volcanion\n|\n|-heal|p1a: Keldeo|241/273|[from] item: Leftovers\n|upkeep\n|\n|t:|1771183624\n|switch|p2a: Sandaconda|Sandaconda, L84, M|223/258\n|turn|33\n|\n|t:|1771183628\n|move|p1a: Keldeo|Hydro Pump|p2a: Sandaconda\n|-supereffective|p2a: Sandaconda\n|-damage|p2a: Sandaconda|0 fnt\n|faint|p2a: Sandaconda\n|\n|-heal|p1a: Keldeo|258/273|[from] item: Leftovers\n|upkeep\n|\n|t:|1771183635\n|switch|p2a: Skarmory|Skarmory, L80, M|235/235\n|turn|34\n|\n|t:|1771183638\n|move|p1a: Keldeo|Secret Sword|p2a: Skarmory\n|-damage|p2a: Skarmory|78/235\n|move|p2a: Skarmory|Body Press|p1a: Keldeo\n|-supereffective|p1a: Keldeo\n|-damage|p1a: Keldeo|98/273\n|\n|-heal|p1a: Keldeo|115/273|[from] item: Leftovers\n|-heal|p2a: Skarmory|92/235|[from] item: Leftovers\n|upkeep\n|turn|35\n|\n|t:|1771183649\n|switch|p2a: Primarina|Primarina, L83, M|268/268\n|move|p1a: Keldeo|Secret Sword|p2a: Primarina\n|-resisted|p2a: Primarina\n|-damage|p2a: Primarina|163/268\n|\n|-heal|p1a: Keldeo|132/273|[from] item: Leftovers\n|upkeep\n|turn|36\n|\n|t:|1771183659\n|move|p1a: Keldeo|Calm Mind|p1a: Keldeo\n|-boost|p1a: Keldeo|spa|1\n|-boost|p1a: Keldeo|spd|1\n|move|p2a: Primarina|Hydro Pump|p1a: Keldeo\n|-damage|p1a: Keldeo|57/273\n|\n|-heal|p1a: Keldeo|74/273|[from] item: Leftovers\n|upkeep\n|turn|37\n|\n|t:|1771183667\n|move|p1a: Keldeo|Hydro Pump|p2a: Primarina|[miss]\n|-miss|p1a: Keldeo|p2a: Primarina\n|move|p2a: Primarina|Hydro Pump|p1a: Keldeo|[miss]\n|-miss|p2a: Primarina|p1a: Keldeo\n|\n|-heal|p1a: Keldeo|91/273|[from] item: Leftovers\n|upkeep\n|turn|38\n|\n|t:|1771183676\n|move|p1a: Keldeo|Hydro Pump|p2a: Primarina|[miss]\n|-miss|p1a: Keldeo|p2a: Primarina\n|move|p2a: Primarina|Hydro Pump|p1a: Keldeo\n|-damage|p1a: Keldeo|10/273\n|\n|-heal|p1a: Keldeo|27/273|[from] item: Leftovers\n|upkeep\n|turn|39\n|\n|t:|1771183685\n|move|p1a: Keldeo|Hydro Pump|p2a: Primarina\n|-resisted|p2a: Primarina\n|-damage|p2a: Primarina|31/268\n|move|p2a: Primarina|Hydro Pump|p1a: Keldeo|[miss]\n|-miss|p2a: Primarina|p1a: Keldeo\n|\n|-heal|p1a: Keldeo|44/273|[from] item: Leftovers\n|upkeep\n|turn|40\n|\n|t:|1771183693\n|move|p1a: Keldeo|Secret Sword|p2a: Primarina\n|-resisted|p2a: Primarina\n|-damage|p2a: Primarina|0 fnt\n|faint|p2a: Primarina\n|\n|-heal|p1a: Keldeo|61/273|[from] item: Leftovers\n|upkeep\n|c|☆improvguy|gg\n|\n|t:|1771183700\n|switch|p2a: Skarmory|Skarmory, L80, M|92/235\n|turn|41\n|\n|t:|1771183704\n|move|p1a: Keldeo|Secret Sword|p2a: Skarmory\n|-damage|p2a: Skarmory|0 fnt\n|faint|p2a: Skarmory\n|\n|win|improvguy\n|raw|improvguy's rating: 1720 &rarr; <strong>1739</strong><br />(+19 for winning)\n|raw|Not jacob boughter's rating: 1695 &rarr; <strong>1676</strong><br />(-19 for losing)\n|l|☆Not jacob boughter\n|player|p2|\n", "inputlog": ">version 686819e5e19f8a7fd2345cfc5a08a5085efa2cc3\n>start {\"formatid\":\"gen9randombattle\",\"seed\":\"sodium,3ca4a44123041b10bebbcaac0e9db076\",\"rated\":\"Rated battle\"}\n>player p1 {\"name\":\"improvguy\",\"avatar\":\"cameraman\",\"rating\":1720,\"seed\":\"sodium,95c62dc6c1775b6c48b5ebfe6b5ab1d7\"}\n>player p2 {\"name\":\"Not jacob boughter\",\"avatar\":\"volo\",\"rating\":1695,\"seed\":\"sodium,8de4623e4d02ef1f88de4bd8226fc601\"}\n>p1 switch 6\n>p2 move calmmind\n>p1 move knockoff\n>p2 move hypervoice\n>p1 move bodyslam\n>p2 move wish\n>p1 move bodyslam\n>p2 move hypervoice\n>p1 move bodyslam\n>p2 move hypervoice\n>p1 switch 2\n>p1 move ironhead\n>p2 switch 6\n>p1 switch 6\n>p2 move glare\n>p1 move freezingglare\n>p2 switch 6\n>p1 move calmmind\n>p2 move wish\n>p1 move calmmind\n>p2 move protect\n>p1 move hurricane\n>p2 move calmmind\n>p1 move calmmind\n>p2 move calmmind\n>p1 move calmmind\n>p2 move calmmind\n>p1 move calmmind\n>p2 move calmmind\n>p1 move calmmind\n>p2 move calmmind\n>p1 move calmmind\n>p2 move calmmind\n>p1 move calmmind\n>p2 move hypervoice\n>p1 move recover\n>p2 move hypervoice\n>p1 move freezingglare\n>p2 move hypervoice\n>p1 move hurricane\n>p2 move hypervoice\n>p1 switch 5\n>p1 move iciclecrash\n>p2 move wish\n>p2 switch 2\n>p1 move iciclecrash\n>p2 move spore terastallize\n>p1 switch 3\n>p2 move swordsdance\n>p1 move closecombat\n>p2 move bulletseed\n>p2 switch 3\n>p1 switch 3\n>p2 move steameruption\n>p1 move glaiverush\n>p2 move steameruption\n>p1 move earthquake\n>p2 move steameruption\n>p1 switch 4\n>p1 move substitute\n>p2 move steameruption\n>p1 move calmmind\n>p2 switch 5\n>p1 move calmmind terastallize\n>p2 move moonblast\n>p1 move calmmind\n>p2 switch 5\n>p1 move secretsword\n>p2 move flamethrower\n>p2 switch 6\n>p1 move hydropump\n>p2 move earthquake\n>p2 switch 4\n>p1 move secretsword\n>p2 move bodypress\n>p1 move secretsword\n>p2 switch 5\n>p1 move calmmind\n>p2 move hydropump\n>p1 move hydropump\n>p2 move hydropump\n>p1 move hydropump\n>p2 move hydropump\n>p1 move hydropump\n>p2 move hydropump\n>p1 move secretsword\n>p2 move hydropump\n>chat ☆improvguy|gg\n>p2 switch 5\n>p1 move secretsword\n>p2 move bodypress", "uploadtime": 1771183717, "views": 22, "formatid": "gen9randombattle", "rating": 1676, "private": 0, "password": null}