{"id": "gen9randombattle-2540140109", "format": "[Gen 9] Random Battle", "players": ["Nanosecond Arrows", "daatch"], "log": "|j|☆Nanosecond Arrows\n|j|‽daatch\n|t:|1771167582\n|gametype|singles\n|player|p1|Nanosecond Arrows|red|1499\n|player|p2|daatch|169|1540\n|gen|9\n|tier|[Gen 9] Random Battle\n|rated|\n|rule|Species Clause: Limit one of each Pokémon\n|rule|HP Percentage Mod: HP is shown in percentages\n|rule|Sleep Clause Mod: Limit one foe put to sleep\n|rule|Illusion Level Mod: Illusion disguises the Pokémon's true level\n|\n|t:|1771167582\n|teamsize|p1|6\n|teamsize|p2|6\n|start\n|switch|p1a: Chien-Pao|Chien-Pao, L72|234/234\n|switch|p2a: Darkrai|Darkrai, L77|234/234\n|-ability|p1a: Chien-Pao|Sword of Ruin\n|turn|1\n|inactive|Battle timer is ON: inactive players will automatically lose when time's up. (requested by daatch)\n|\n|t:|1771167601\n|switch|p2a: Pelipper|Pelipper, L86, F|243/243\n|-weather|RainDance|[from] ability: Drizzle|[of] p2a: Pelipper\n|move|p1a: Chien-Pao|Sacred Sword|p2a: Pelipper\n|-resisted|p2a: Pelipper\n|-damage|p2a: Pelipper|195/243\n|\n|-weather|RainDance|[upkeep]\n|upkeep\n|turn|2\n|\n|t:|1771167630\n|switch|p1a: Wugtrio|Wugtrio, L91, F|212/212\n|move|p2a: Pelipper|Hurricane|p1a: Wugtrio\n|-damage|p1a: Wugtrio|26/212\n|\n|-weather|RainDance|[upkeep]\n|upkeep\n|turn|3\n|\n|t:|1771167645\n|move|p1a: Wugtrio|Throat Chop|p2a: Pelipper\n|-damage|p2a: Pelipper|99/243\n|-start|p2a: Pelipper|Throat Chop|[silent]\n|move|p2a: Pelipper|Hurricane|p1a: Wugtrio\n|-damage|p1a: Wugtrio|0 fnt\n|faint|p1a: Wugtrio\n|\n|-weather|RainDance|[upkeep]\n|upkeep\n|\n|t:|1771167653\n|switch|p1a: Jolteon|Jolteon, L84, M|235/235\n|turn|4\n|\n|t:|1771167661\n|switch|p2a: Regieleki|Regieleki, L79|256/256\n|move|p1a: Jolteon|Nasty Plot|p1a: Jolteon\n|-boost|p1a: Jolteon|spa|2\n|\n|-weather|RainDance|[upkeep]\n|upkeep\n|turn|5\n|\n|t:|1771167670\n|move|p2a: Regieleki|Volt Switch|p1a: Jolteon\n|-damage|p1a: Jolteon|102/235\n|replace|p1a: Zoroark|Zoroark, L83, F\n|-end|p1a: Zoroark|Illusion\n|-hint|Illusion Level Mod is active, so this Pokémon's true level was hidden.\n|\n|t:|1771167678\n|switch|p2a: Chi-Yu|Chi-Yu, L77|211/211|[from] Volt Switch\n|-ability|p2a: Chi-Yu|Beads of Ruin\n|move|p1a: Zoroark|Dark Pulse|p2a: Chi-Yu\n|-resisted|p2a: Chi-Yu\n|-damage|p2a: Chi-Yu|102/211\n|-damage|p1a: Zoroark|79/235|[from] item: Life Orb\n|\n|-weather|none\n|upkeep\n|turn|6\n|\n|t:|1771167688\n|switch|p2a: Hawlucha|Hawlucha, L80, M|256/256\n|move|p1a: Zoroark|Sludge Bomb|p2a: Hawlucha\n|-damage|p2a: Hawlucha|3/256\n|-damage|p1a: Zoroark|56/235|[from] item: Life Orb\n|\n|upkeep\n|turn|7\n|\n|t:|1771167698\n|switch|p1a: Trevenant|Trevenant, L89, M|296/296\n|move|p2a: Hawlucha|Close Combat|p1a: Trevenant\n|-immune|p1a: Trevenant\n|\n|upkeep\n|turn|8\n|\n|t:|1771167707\n|switch|p2a: Chi-Yu|Chi-Yu, L77|102/211\n|-ability|p2a: Chi-Yu|Beads of Ruin\n|move|p1a: Trevenant|Drain Punch|p2a: Chi-Yu\n|-supereffective|p2a: Chi-Yu\n|-damage|p2a: Chi-Yu|0 fnt\n|faint|p2a: Chi-Yu\n|\n|upkeep\n|\n|t:|1771167712\n|switch|p2a: Pelipper|Pelipper, L86, F|99/243\n|-weather|RainDance|[from] ability: Drizzle|[of] p2a: Pelipper\n|turn|9\n|\n|t:|1771167718\n|switch|p1a: Jolteon|Jolteon, L84, M|56/235\n|move|p2a: Pelipper|Hurricane|p1a: Jolteon\n|-damage|p1a: Jolteon|0 fnt\n|replace|p1a: Zoroark|Zoroark, L83, F\n|-end|p1a: Zoroark|Illusion\n|faint|p1a: Zoroark\n|\n|-weather|RainDance|[upkeep]\n|upkeep\n|\n|t:|1771167724\n|switch|p1a: Jolteon|Jolteon, L84, M|246/246\n|turn|10\n|\n|t:|1771167729\n|switch|p2a: Regieleki|Regieleki, L79|256/256\n|move|p1a: Jolteon|Substitute|p1a: Jolteon\n|-start|p1a: Jolteon|Substitute\n|-damage|p1a: Jolteon|185/246\n|\n|-weather|RainDance|[upkeep]\n|-heal|p1a: Jolteon|200/246|[from] item: Leftovers\n|upkeep\n|turn|11\n|\n|t:|1771167743\n|switch|p2a: Hawlucha|Hawlucha, L80, M|3/256\n|move|p1a: Jolteon|Calm Mind|p1a: Jolteon\n|-boost|p1a: Jolteon|spa|1\n|-boost|p1a: Jolteon|spd|1\n|\n|-weather|RainDance|[upkeep]\n|-heal|p1a: Jolteon|215/246|[from] item: Leftovers\n|upkeep\n|turn|12\n|\n|t:|1771167748\n|move|p1a: Jolteon|Thunderbolt|p2a: Hawlucha\n|-supereffective|p2a: Hawlucha\n|-crit|p2a: Hawlucha\n|-damage|p2a: Hawlucha|0 fnt\n|faint|p2a: Hawlucha\n|\n|-weather|RainDance|[upkeep]\n|-heal|p1a: Jolteon|230/246|[from] item: Leftovers\n|upkeep\n|\n|t:|1771167752\n|switch|p2a: Cinderace|Cinderace, L77, F|249/249\n|turn|13\n|\n|t:|1771167759\n|move|p1a: Jolteon|Thunderbolt|p2a: Cinderace\n|-damage|p2a: Cinderace|51/249\n|move|p2a: Cinderace|Pyro Ball|p1a: Jolteon\n|-end|p1a: Jolteon|Substitute\n|\n|-weather|none\n|-heal|p1a: Jolteon|245/246|[from] item: Leftovers\n|upkeep\n|turn|14\n|\n|t:|1771167768\n|move|p2a: Cinderace|Sucker Punch||[still]\n|-fail|p2a: Cinderace\n|move|p1a: Jolteon|Substitute|p1a: Jolteon\n|-start|p1a: Jolteon|Substitute\n|-damage|p1a: Jolteon|184/246\n|\n|-heal|p1a: Jolteon|199/246|[from] item: Leftovers\n|upkeep\n|turn|15\n|\n|t:|1771167772\n|move|p1a: Jolteon|Calm Mind|p1a: Jolteon\n|-boost|p1a: Jolteon|spa|1\n|-boost|p1a: Jolteon|spd|1\n|move|p2a: Cinderace|Pyro Ball|p1a: Jolteon\n|-end|p1a: Jolteon|Substitute\n|\n|-heal|p1a: Jolteon|214/246|[from] item: Leftovers\n|upkeep\n|turn|16\n|\n|t:|1771167779\n|move|p1a: Jolteon|Substitute|p1a: Jolteon\n|-start|p1a: Jolteon|Substitute\n|-damage|p1a: Jolteon|153/246\n|move|p2a: Cinderace|High Jump Kick|p1a: Jolteon\n|-start|p2a: Cinderace|typechange|Fighting|[from] ability: Libero\n|-end|p1a: Jolteon|Substitute\n|\n|-heal|p1a: Jolteon|168/246|[from] item: Leftovers\n|upkeep\n|turn|17\n|\n|t:|1771167786\n|move|p1a: Jolteon|Thunderbolt|p2a: Cinderace\n|-damage|p2a: Cinderace|0 fnt\n|faint|p2a: Cinderace\n|\n|-heal|p1a: Jolteon|183/246|[from] item: Leftovers\n|upkeep\n|\n|t:|1771167791\n|switch|p2a: Regieleki|Regieleki, L79|256/256\n|turn|18\n|\n|t:|1771167799\n|-terastallize|p1a: Jolteon|Ice\n|move|p2a: Regieleki|Explosion|p1a: Jolteon\n|-damage|p1a: Jolteon|0 fnt\n|faint|p2a: Regieleki\n|faint|p1a: Jolteon\n|\n|upkeep\n|\n|t:|1771167810\n|switch|p2a: Pelipper|Pelipper, L86, F|99/243\n|switch|p1a: Chien-Pao|Chien-Pao, L72|234/234\n|-ability|p1a: Chien-Pao|Sword of Ruin\n|-weather|RainDance|[from] ability: Drizzle|[of] p2a: Pelipper\n|turn|19\n|\n|t:|1771167819\n|move|p1a: Chien-Pao|Icicle Crash|p2a: Pelipper\n|-crit|p2a: Pelipper\n|-damage|p2a: Pelipper|0 fnt\n|faint|p2a: Pelipper\n|\n|-weather|RainDance|[upkeep]\n|upkeep\n|\n|t:|1771167821\n|switch|p2a: Darkrai|Darkrai, L77|234/234\n|turn|20\n|\n|t:|1771167829\n|switch|p1a: Trevenant|Trevenant, L89, M|296/296\n|move|p2a: Darkrai|Hypnosis|p1a: Trevenant|[miss]\n|-miss|p2a: Darkrai|p1a: Trevenant\n|\n|-weather|RainDance|[upkeep]\n|upkeep\n|turn|21\n|\n|t:|1771167837\n|move|p2a: Darkrai|Dark Pulse|p1a: Trevenant\n|-supereffective|p1a: Trevenant\n|-damage|p1a: Trevenant|62/296\n|-enditem|p1a: Trevenant|Sitrus Berry|[eat]\n|-heal|p1a: Trevenant|136/296|[from] item: Sitrus Berry\n|-damage|p2a: Darkrai|211/234|[from] item: Life Orb\n|cant|p1a: Trevenant|flinch\n|\n|-weather|RainDance|[upkeep]\n|upkeep\n|turn|22\n|\n|t:|1771167843\n|move|p1a: Trevenant|Protect|p1a: Trevenant\n|-singleturn|p1a: Trevenant|Protect\n|move|p2a: Darkrai|Dark Pulse|p1a: Trevenant\n|-activate|p1a: Trevenant|move: Protect\n|\n|-weather|RainDance|[upkeep]\n|upkeep\n|turn|23\n|\n|t:|1771167847\n|move|p2a: Darkrai|Dark Pulse|p1a: Trevenant\n|-supereffective|p1a: Trevenant\n|-damage|p1a: Trevenant|0 fnt\n|faint|p1a: Trevenant\n|-damage|p2a: Darkrai|188/234|[from] item: Life Orb\n|\n|-weather|none\n|upkeep\n|\n|t:|1771167849\n|switch|p1a: Chien-Pao|Chien-Pao, L72|234/234\n|-ability|p1a: Chien-Pao|Sword of Ruin\n|turn|24\n|\n|t:|1771167852\n|move|p2a: Darkrai|Hypnosis|p1a: Chien-Pao\n|-status|p1a: Chien-Pao|slp|[from] move: Hypnosis\n|cant|p1a: Chien-Pao|slp\n|\n|-damage|p1a: Chien-Pao|205/234 slp|[from] ability: Bad Dreams|[of] p2a: Darkrai\n|upkeep\n|turn|25\n|\n|t:|1771167857\n|-terastallize|p2a: Darkrai|Poison\n|move|p2a: Darkrai|Sludge Bomb|p1a: Chien-Pao\n|-damage|p1a: Chien-Pao|6/234 slp\n|-damage|p2a: Darkrai|165/234|[from] item: Life Orb\n|-curestatus|p1a: Chien-Pao|slp|[msg]\n|move|p1a: Chien-Pao|Sacred Sword|p2a: Darkrai\n|-resisted|p2a: Darkrai\n|-damage|p2a: Darkrai|110/234\n|\n|upkeep\n|turn|26\n|\n|t:|1771167864\n|switch|p1a: Leafeon|Leafeon, L88, M|258/258\n|move|p2a: Darkrai|Dark Pulse|p1a: Leafeon\n|-damage|p1a: Leafeon|110/258\n|-damage|p2a: Darkrai|87/234|[from] item: Life Orb\n|\n|-heal|p1a: Leafeon|126/258|[from] item: Leftovers\n|upkeep\n|turn|27\n|\n|t:|1771167870\n|move|p2a: Darkrai|Sludge Bomb|p1a: Leafeon\n|-supereffective|p1a: Leafeon\n|-damage|p1a: Leafeon|0 fnt\n|faint|p1a: Leafeon\n|-damage|p2a: Darkrai|64/234|[from] item: Life Orb\n|\n|upkeep\n|\n|t:|1771167872\n|switch|p1a: Chien-Pao|Chien-Pao, L72|6/234\n|-ability|p1a: Chien-Pao|Sword of Ruin\n|turn|28\n|\n|t:|1771167875\n|move|p1a: Chien-Pao|Ice Shard|p2a: Darkrai\n|-damage|p2a: Darkrai|0 fnt\n|faint|p2a: Darkrai\n|\n|win|Nanosecond Arrows\n|raw|Nanosecond Arrows's rating: 1499 &rarr; <strong>1521</strong><br />(+22 for winning)\n|raw|daatch's rating: 1540 &rarr; <strong>1518</strong><br />(-22 for losing)\n|l|‽daatch\n|player|p2|\n", "inputlog": ">version 686819e5e19f8a7fd2345cfc5a08a5085efa2cc3\n>start {\"formatid\":\"gen9randombattle\",\"seed\":\"sodium,909b4ef0b33e6edc425daba314a3b727\",\"rated\":\"Rated battle\"}\n>player p1 {\"name\":\"Nanosecond Arrows\",\"avatar\":\"red\",\"rating\":1499,\"seed\":\"sodium,cf8a2ce683ffeb4fe820ae6d7fad7aae\"}\n>player p2 {\"name\":\"daatch\",\"avatar\":\"169\",\"rating\":1540,\"seed\":\"sodium,429eea712c9964037e6a25a2599bf902\"}\n>p1 move sacredsword\n>p2 switch 3\n>p1 switch 4\n>p2 move hurricane\n>p1 move throatchop\n>p2 move hurricane\n>p1 switch 5\n>p1 move nastyplot\n>p2 switch 6\n>p1 move darkpulse\n>p2 move voltswitch\n>p2 switch 2\n>p1 move sludgebomb\n>p2 switch 4\n>p1 switch 3\n>p2 move closecombat\n>p1 move drainpunch\n>p2 switch 4\n>p2 switch 6\n>p1 switch 3\n>p2 move hurricane\n>p1 switch 6\n>p1 move substitute\n>p2 switch 2\n>p1 move calmmind\n>p2 switch 4\n>p1 move thunderbolt\n>p2 move acrobatics\n>p2 switch 5\n>p1 move thunderbolt\n>p2 move pyroball\n>p1 move substitute\n>p2 move suckerpunch\n>p1 move calmmind\n>p2 move pyroball\n>p1 move substitute\n>p2 move highjumpkick\n>p1 move thunderbolt\n>p2 move highjumpkick\n>p2 switch 4\n>p1 move terablast terastallize\n>p2 move explosion\n>p1 switch 4\n>p2 switch 2\n>p1 move iciclecrash\n>p2 move hurricane\n>p2 switch 3\n>p1 switch 3\n>p2 move hypnosis\n>p1 move toxic\n>p2 move darkpulse\n>p1 move protect\n>p2 move darkpulse\n>p1 move drainpunch\n>p2 move darkpulse\n>p1 switch 3\n>p1 move sacredsword\n>p2 move hypnosis\n>p1 move sacredsword\n>p2 move sludgebomb terastallize\n>p1 switch 2\n>p2 move darkpulse\n>p1 move knockoff\n>p2 move sludgebomb\n>p1 switch 2\n>p1 move iceshard\n>p2 move sludgebomb", "uploadtime": 1771167887, "views": 13, "formatid": "gen9randombattle", "rating": 1518, "private": 0, "password": null}