{"id": "gen9randombattle-2540404229", "format": "[Gen 9] Random Battle", "players": ["bepisending", "treeshhhh"], "log": "|j|☆bepisending\n|j|☆treeshhhh\n|t:|1771197880\n|gametype|singles\n|player|p1|bepisending|nate|1620\n|player|p2|treeshhhh|169|1667\n|gen|9\n|tier|[Gen 9] Random Battle\n|rated|\n|rule|Species Clause: Limit one of each Pokémon\n|rule|HP Percentage Mod: HP is shown in percentages\n|rule|Sleep Clause Mod: Limit one foe put to sleep\n|rule|Illusion Level Mod: Illusion disguises the Pokémon's true level\n|\n|t:|1771197880\n|teamsize|p1|6\n|teamsize|p2|6\n|start\n|switch|p1a: Urshifu|Urshifu, L74, M|270/270\n|switch|p2a: Crawdaunt|Crawdaunt, L84, F|243/243\n|turn|1\n|inactive|Battle timer is ON: inactive players will automatically lose when time's up. (requested by bepisending)\n|\n|t:|1771197899\n|switch|p2a: Mesprit|Mesprit, L85|275/275\n|move|p1a: Urshifu|Close Combat|p2a: Mesprit\n|-resisted|p2a: Mesprit\n|-damage|p2a: Mesprit|216/275\n|-unboost|p1a: Urshifu|def|1\n|-unboost|p1a: Urshifu|spd|1\n|\n|-heal|p2a: Mesprit|233/275|[from] item: Leftovers\n|upkeep\n|turn|2\n|inactive|treeshhhh has 120 seconds left.\n|\n|t:|1771197932\n|switch|p1a: Dewgong|Dewgong, L94, F|322/322\n|move|p2a: Mesprit|U-turn|p1a: Dewgong\n|-damage|p1a: Dewgong|267/322\n|inactive|treeshhhh has 120 seconds left.\n|\n|t:|1771197949\n|switch|p2a: Crawdaunt|Crawdaunt, L84, F|243/243|[from] U-turn\n|\n|upkeep\n|turn|3\n|\n|t:|1771197954\n|move|p1a: Dewgong|Surf|p2a: Crawdaunt\n|-resisted|p2a: Crawdaunt\n|-damage|p2a: Crawdaunt|183/243\n|move|p2a: Crawdaunt|Close Combat|p1a: Dewgong\n|-supereffective|p1a: Dewgong\n|-damage|p1a: Dewgong|0 fnt\n|-unboost|p2a: Crawdaunt|def|1\n|-unboost|p2a: Crawdaunt|spd|1\n|faint|p1a: Dewgong\n|\n|upkeep\n|\n|t:|1771197962\n|switch|p1a: Urshifu|Urshifu, L74, M|270/270\n|turn|4\n|\n|t:|1771197969\n|move|p1a: Urshifu|U-turn|p2a: Crawdaunt\n|-supereffective|p2a: Crawdaunt\n|-damage|p2a: Crawdaunt|27/243\n|\n|t:|1771197974\n|switch|p1a: Barraskewda|Barraskewda, L81, M|231/231|[from] U-turn\n|move|p2a: Crawdaunt|Close Combat|p1a: Barraskewda\n|-damage|p1a: Barraskewda|42/231\n|-unboost|p2a: Crawdaunt|def|1\n|-unboost|p2a: Crawdaunt|spd|1\n|\n|upkeep\n|turn|5\n|\n|t:|1771197988\n|switch|p2a: Altaria|Altaria, L89, M|278/278\n|move|p1a: Barraskewda|Flip Turn|p2a: Altaria\n|-resisted|p2a: Altaria\n|-damage|p2a: Altaria|227/278\n|\n|t:|1771197993\n|switch|p1a: Regidrago|Regidrago, L77|435/435|[from] Flip Turn\n|\n|upkeep\n|turn|6\n|\n|t:|1771198011\n|switch|p2a: Piloswine|Piloswine, L85, M|309/309\n|move|p1a: Regidrago|Dragon Energy|p2a: Piloswine\n|-damage|p2a: Piloswine|137/309\n|\n|upkeep\n|turn|7\n|\n|t:|1771198029\n|switch|p1a: Blaziken|Blaziken, L76, M|247/247\n|move|p2a: Piloswine|Ice Shard|p1a: Blaziken\n|-resisted|p1a: Blaziken\n|-damage|p1a: Blaziken|217/247\n|\n|upkeep\n|turn|8\n|\n|t:|1771198036\n|move|p1a: Blaziken|Knock Off|p2a: Piloswine\n|-damage|p2a: Piloswine|80/309\n|-enditem|p2a: Piloswine|Eviolite|[from] move: Knock Off|[of] p1a: Blaziken\n|-damage|p1a: Blaziken|193/247|[from] item: Life Orb\n|move|p2a: Piloswine|Earthquake|p1a: Blaziken\n|-supereffective|p1a: Blaziken\n|-damage|p1a: Blaziken|0 fnt\n|faint|p1a: Blaziken\n|\n|upkeep\n|\n|t:|1771198043\n|switch|p1a: Barraskewda|Barraskewda, L81, M|42/231\n|turn|9\n|\n|t:|1771198051\n|move|p2a: Piloswine|Ice Shard|p1a: Barraskewda\n|-resisted|p1a: Barraskewda\n|-damage|p1a: Barraskewda|14/231\n|move|p1a: Barraskewda|Flip Turn|p2a: Piloswine\n|-supereffective|p2a: Piloswine\n|-damage|p2a: Piloswine|0 fnt\n|faint|p2a: Piloswine\n|\n|t:|1771198055\n|switch|p1a: Regidrago|Regidrago, L77|435/435|[from] Flip Turn\n|\n|upkeep\n|inactive|treeshhhh has 120 seconds left.\n|\n|t:|1771198098\n|switch|p2a: Mesprit|Mesprit, L85|233/275\n|turn|10\n|inactive|treeshhhh has 120 seconds left.\n|\n|t:|1771198111\n|switch|p1a: Urshifu|Urshifu, L74, M|270/270\n|move|p2a: Mesprit|Knock Off|p1a: Urshifu\n|-resisted|p1a: Urshifu\n|-damage|p1a: Urshifu|252/270\n|-enditem|p1a: Urshifu|Choice Scarf|[from] move: Knock Off|[of] p2a: Mesprit\n|\n|-heal|p2a: Mesprit|250/275|[from] item: Leftovers\n|upkeep\n|turn|11\n|inactive|treeshhhh has 120 seconds left.\n|inactive|treeshhhh has 90 seconds left.\n|\n|t:|1771198157\n|move|p1a: Urshifu|Wicked Blow|p2a: Mesprit\n|-supereffective|p2a: Mesprit\n|-crit|p2a: Mesprit\n|-damage|p2a: Mesprit|38/275\n|move|p2a: Mesprit|U-turn|p1a: Urshifu\n|-damage|p1a: Urshifu|195/270\n|\n|t:|1771198163\n|switch|p2a: Altaria|Altaria, L89, M|227/278|[from] U-turn\n|\n|upkeep\n|turn|12\n|inactive|treeshhhh has 90 seconds left.\n|\n|t:|1771198172\n|switch|p1a: Farigiraf|Farigiraf, L91, F|366/366\n|move|p2a: Altaria|Dragon Dance|p2a: Altaria\n|-boost|p2a: Altaria|atk|1\n|-boost|p2a: Altaria|spe|1\n|\n|upkeep\n|turn|13\n|inactive|treeshhhh has 90 seconds left.\n|\n|t:|1771198187\n|switch|p2a: Gumshoos|Gumshoos, L95, M|321/321\n|move|p1a: Farigiraf|Hyper Voice|p2a: Gumshoos\n|-damage|p2a: Gumshoos|176/321\n|\n|upkeep\n|turn|14\n|inactive|treeshhhh has 90 seconds left.\n|\n|t:|1771198193\n|move|p1a: Farigiraf|Protect|p1a: Farigiraf\n|-singleturn|p1a: Farigiraf|Protect\n|move|p2a: Gumshoos|U-turn|p1a: Farigiraf\n|-activate|p1a: Farigiraf|move: Protect\n|\n|upkeep\n|turn|15\n|\n|t:|1771198198\n|move|p1a: Farigiraf|Wish|p1a: Farigiraf\n|move|p2a: Gumshoos|U-turn|p1a: Farigiraf\n|-supereffective|p1a: Farigiraf\n|-damage|p1a: Farigiraf|124/366\n|inactive|treeshhhh has 90 seconds left.\n|\n|t:|1771198216\n|switch|p2a: Mesprit|Mesprit, L85|38/275|[from] U-turn\n|\n|-heal|p2a: Mesprit|55/275|[from] item: Leftovers\n|-heal|p1a: Farigiraf|146/366|[from] item: Leftovers\n|upkeep\n|turn|16\n|\n|t:|1771198220\n|move|p2a: Mesprit|Knock Off|p1a: Farigiraf\n|-supereffective|p1a: Farigiraf\n|-damage|p1a: Farigiraf|0 fnt\n|-enditem|p1a: Farigiraf|Leftovers|[from] move: Knock Off|[of] p2a: Mesprit\n|faint|p1a: Farigiraf\n|\n|-heal|p2a: Mesprit|72/275|[from] item: Leftovers\n|upkeep\n|\n|t:|1771198225\n|switch|p1a: Urshifu|Urshifu, L74, M|195/270\n|turn|17\n|\n|t:|1771198228\n|move|p1a: Urshifu|Wicked Blow|p2a: Mesprit\n|-supereffective|p2a: Mesprit\n|-crit|p2a: Mesprit\n|-damage|p2a: Mesprit|0 fnt\n|faint|p2a: Mesprit\n|\n|upkeep\n|\n|t:|1771198238\n|switch|p2a: Altaria|Altaria, L89, M|227/278\n|turn|18\n|inactive|treeshhhh has 120 seconds left.\n|\n|t:|1771198244\n|switch|p1a: Barraskewda|Barraskewda, L81, M|14/231\n|move|p2a: Altaria|Brave Bird|p1a: Barraskewda\n|-damage|p1a: Barraskewda|0 fnt\n|faint|p1a: Barraskewda\n|-damage|p2a: Altaria|222/278|[from] Recoil\n|\n|upkeep\n|\n|t:|1771198246\n|switch|p1a: Regidrago|Regidrago, L77|435/435\n|turn|19\n|\n|t:|1771198261\n|switch|p1a: Urshifu|Urshifu, L74, M|195/270\n|-terastallize|p2a: Altaria|Steel\n|move|p2a: Altaria|Dragon Dance|p2a: Altaria\n|-boost|p2a: Altaria|atk|1\n|-boost|p2a: Altaria|spe|1\n|\n|upkeep\n|turn|20\n|\n|t:|1771198265\n|-terastallize|p1a: Urshifu|Poison\n|move|p2a: Altaria|Brave Bird|p1a: Urshifu\n|-damage|p1a: Urshifu|24/270\n|-damage|p2a: Altaria|166/278|[from] Recoil\n|move|p1a: Urshifu|Close Combat|p2a: Altaria\n|-supereffective|p2a: Altaria\n|-damage|p2a: Altaria|0 fnt\n|-unboost|p1a: Urshifu|def|1\n|-unboost|p1a: Urshifu|spd|1\n|faint|p2a: Altaria\n|\n|upkeep\n|\n|t:|1771198271\n|switch|p2a: Crawdaunt|Crawdaunt, L84, F|27/243\n|turn|21\n|\n|t:|1771198279\n|move|p2a: Crawdaunt|Aqua Jet|p1a: Urshifu\n|-damage|p1a: Urshifu|0 fnt\n|faint|p1a: Urshifu\n|\n|upkeep\n|\n|t:|1771198281\n|switch|p1a: Regidrago|Regidrago, L77|435/435\n|turn|22\n|\n|t:|1771198283\n|move|p2a: Crawdaunt|Aqua Jet|p1a: Regidrago\n|-resisted|p1a: Regidrago\n|-damage|p1a: Regidrago|350/435\n|move|p1a: Regidrago|Dragon Energy|p2a: Crawdaunt\n|-damage|p2a: Crawdaunt|0 fnt\n|faint|p2a: Crawdaunt\n|\n|upkeep\n|\n|t:|1771198299\n|switch|p2a: Polteageist|Polteageist-Antique, L78|222/222\n|turn|23\n|\n|t:|1771198306\n|move|p1a: Regidrago|Dragon Energy|p2a: Polteageist\n|-damage|p2a: Polteageist|89/222\n|move|p2a: Polteageist|Shell Smash|p2a: Polteageist\n|-unboost|p2a: Polteageist|def|1\n|-unboost|p2a: Polteageist|spd|1\n|-boost|p2a: Polteageist|atk|2\n|-boost|p2a: Polteageist|spa|2\n|-boost|p2a: Polteageist|spe|2\n|-enditem|p2a: Polteageist|White Herb\n|-clearnegativeboost|p2a: Polteageist|[silent]\n|\n|upkeep\n|turn|24\n|\n|t:|1771198311\n|move|p2a: Polteageist|Stored Power|p1a: Regidrago\n|-damage|p1a: Regidrago|7/435\n|move|p1a: Regidrago|Dragon Energy|p2a: Polteageist\n|-damage|p2a: Polteageist|86/222\n|-start|p1a: Regidrago|Disable|Dragon Energy|[from] ability: Cursed Body|[of] p2a: Polteageist\n|\n|upkeep\n|turn|25\n|-message|bepisending forfeited.\n|\n|win|treeshhhh\n|raw|bepisending's rating: 1620 &rarr; <strong>1603</strong><br />(-17 for losing)\n|raw|treeshhhh's rating: 1667 &rarr; <strong>1684</strong><br />(+17 for winning)\n|l|☆bepisending\n|player|p1|\n", "inputlog": ">version 686819e5e19f8a7fd2345cfc5a08a5085efa2cc3\n>start {\"formatid\":\"gen9randombattle\",\"seed\":\"sodium,2019a125b229567cce4e4be6f57432ae\",\"rated\":\"Rated battle\"}\n>player p1 {\"name\":\"bepisending\",\"avatar\":\"nate\",\"rating\":1620,\"seed\":\"sodium,b8d93f2ac5800db4c11ea358c2c6aa0e\"}\n>player p2 {\"name\":\"treeshhhh\",\"avatar\":\"169\",\"rating\":1667,\"seed\":\"sodium,81ed1200b932f69f6b79c23f33affa39\"}\n>p1 move closecombat\n>p2 switch 4\n>p1 switch 4\n>p2 move uturn\n>p2 switch 4\n>p1 move surf\n>p2 move closecombat\n>p1 switch 4\n>p1 move uturn\n>p2 move closecombat\n>p1 switch 5\n>p1 move flipturn\n>p2 switch 6\n>p1 switch 6\n>p1 move dragonenergy\n>p2 switch 3\n>p1 switch 2\n>p2 move iceshard\n>p1 move knockoff\n>p2 move earthquake\n>p1 switch 6\n>p1 move flipturn\n>p2 move iceshard\n>p1 switch 2\n>p2 switch 4\n>p1 switch 5\n>p2 move knockoff\n>p1 move wickedblow\n>p2 move uturn\n>p2 switch 3\n>p1 switch 3\n>p2 move dragondance\n>p1 move hypervoice\n>p2 switch 2\n>p1 move protect\n>p2 move uturn\n>p1 move wish\n>p2 move uturn\n>p2 switch 3\n>p1 move hypervoice\n>p2 move knockoff\n>p1 switch 3\n>p1 move wickedblow\n>p2 move uturn\n>p2 switch 2\n>p1 switch 2\n>p2 move bravebird\n>p1 switch 5\n>p1 switch 2\n>p2 move dragondance terastallize\n>p1 move closecombat terastallize\n>p2 move bravebird\n>p2 switch 6\n>p1 move uturn\n>p2 move aquajet\n>p1 switch 2\n>p1 move dragonenergy\n>p2 move aquajet\n>p2 switch 5\n>p1 move dragonenergy\n>p2 move shellsmash\n>p1 move dragonenergy\n>p2 move storedpower\n>forcelose p1", "uploadtime": 1771198317, "views": 7, "formatid": "gen9randombattle", "rating": 1603, "private": 0, "password": null}