{"id": "gen9randombattle-2540422181", "format": "[Gen 9] Random Battle", "players": ["Pogui86", "vorpaldevil"], "log": "|j|☆Pogui86\n|j|☆vorpaldevil\n|t:|1771200070\n|gametype|singles\n|player|p1|Pogui86|volkner|1529\n|player|p2|vorpaldevil|workerice|1570\n|gen|9\n|tier|[Gen 9] Random Battle\n|rated|\n|rule|Species Clause: Limit one of each Pokémon\n|rule|HP Percentage Mod: HP is shown in percentages\n|rule|Sleep Clause Mod: Limit one foe put to sleep\n|rule|Illusion Level Mod: Illusion disguises the Pokémon's true level\n|\n|t:|1771200070\n|teamsize|p1|6\n|teamsize|p2|6\n|start\n|switch|p1a: Bellossom|Bellossom, L84, F|263/263\n|switch|p2a: Keldeo|Keldeo-Resolute, L79|273/273\n|turn|1\n|\n|t:|1771200079\n|switch|p2a: Ambipom|Ambipom, L84, M|263/263\n|move|p1a: Bellossom|Quiver Dance|p1a: Bellossom\n|-boost|p1a: Bellossom|spa|1\n|-boost|p1a: Bellossom|spd|1\n|-boost|p1a: Bellossom|spe|1\n|\n|upkeep\n|turn|2\n|\n|t:|1771200092\n|move|p2a: Ambipom|Triple Axel|p1a: Bellossom\n|-supereffective|p1a: Bellossom\n|-damage|p1a: Bellossom|201/263\n|-supereffective|p1a: Bellossom\n|-damage|p1a: Bellossom|71/263\n|-supereffective|p1a: Bellossom\n|-damage|p1a: Bellossom|0 fnt\n|faint|p1a: Bellossom\n|-hitcount|p1: Bellossom|3\n|\n|upkeep\n|\n|t:|1771200108\n|switch|p1a: Metagross|Metagross, L79|256/256\n|turn|3\n|\n|t:|1771200119\n|switch|p2a: Necrozma|Necrozma-Dusk-Mane, L69|248/248\n|move|p1a: Metagross|Agility|p1a: Metagross\n|-boost|p1a: Metagross|spe|2\n|\n|upkeep\n|turn|4\n|\n|t:|1771200128\n|move|p1a: Metagross|Earthquake|p2a: Necrozma\n|-supereffective|p2a: Necrozma\n|-damage|p2a: Necrozma|136/248\n|-enditem|p2a: Necrozma|Weakness Policy\n|-boost|p2a: Necrozma|atk|2|[from] item: Weakness Policy\n|-boost|p2a: Necrozma|spa|2|[from] item: Weakness Policy\n|move|p2a: Necrozma|Dragon Dance|p2a: Necrozma\n|-boost|p2a: Necrozma|atk|1\n|-boost|p2a: Necrozma|spe|1\n|\n|upkeep\n|turn|5\n|\n|t:|1771200145\n|move|p1a: Metagross|Earthquake|p2a: Necrozma\n|-supereffective|p2a: Necrozma\n|-damage|p2a: Necrozma|21/248\n|move|p2a: Necrozma|Earthquake|p1a: Metagross\n|-supereffective|p1a: Metagross\n|-damage|p1a: Metagross|0 fnt\n|faint|p1a: Metagross\n|\n|upkeep\n|\n|t:|1771200161\n|switch|p1a: Dedenne|Dedenne, L88, F|261/261\n|turn|6\n|\n|t:|1771200172\n|-terastallize|p2a: Necrozma|Ground\n|move|p1a: Dedenne|Thunderbolt|p2a: Necrozma\n|-immune|p2a: Necrozma\n|move|p2a: Necrozma|Earthquake|p1a: Dedenne\n|-supereffective|p1a: Dedenne\n|-damage|p1a: Dedenne|0 fnt\n|faint|p1a: Dedenne\n|\n|upkeep\n|\n|t:|1771200185\n|switch|p1a: Dragonite|Dragonite, L74, F|257/257\n|turn|7\n|\n|t:|1771200204\n|-terastallize|p1a: Dragonite|Steel\n|move|p2a: Necrozma|Morning Sun|p2a: Necrozma\n|-heal|p2a: Necrozma|145/248\n|move|p1a: Dragonite|Dragon Dance|p1a: Dragonite\n|-boost|p1a: Dragonite|atk|1\n|-boost|p1a: Dragonite|spe|1\n|\n|upkeep\n|turn|8\n|\n|t:|1771200217\n|move|p1a: Dragonite|Outrage|p2a: Necrozma\n|-damage|p2a: Necrozma|0 fnt\n|faint|p2a: Necrozma\n|\n|upkeep\n|\n|t:|1771200229\n|switch|p2a: Ambipom|Ambipom, L84, M|263/263\n|turn|9\n|\n|t:|1771200237\n|move|p1a: Dragonite|Outrage|p2a: Ambipom|[from] lockedmove\n|-damage|p2a: Ambipom|47/263\n|-start|p1a: Dragonite|confusion|[fatigue]\n|move|p2a: Ambipom|Low Kick|p1a: Dragonite\n|-supereffective|p1a: Dragonite\n|-damage|p1a: Dragonite|131/257\n|\n|upkeep\n|turn|10\n|\n|t:|1771200253\n|switch|p1a: Gyarados|Gyarados, L79, M|280/280\n|move|p2a: Ambipom|Low Kick|p1a: Gyarados\n|-resisted|p1a: Gyarados\n|-damage|p1a: Gyarados|204/280\n|\n|upkeep\n|turn|11\n|\n|t:|1771200265\n|switch|p2a: Volcanion|Volcanion, L79|255/255\n|move|p1a: Gyarados|Dragon Dance|p1a: Gyarados\n|-boost|p1a: Gyarados|atk|1\n|-boost|p1a: Gyarados|spe|1\n|\n|upkeep\n|turn|12\n|\n|t:|1771200277\n|move|p1a: Gyarados|Earthquake|p2a: Volcanion\n|-supereffective|p2a: Volcanion\n|-damage|p2a: Volcanion|75/255\n|move|p2a: Volcanion|Sludge Bomb|p1a: Gyarados\n|-damage|p1a: Gyarados|131/280\n|-status|p1a: Gyarados|psn\n|\n|-damage|p1a: Gyarados|96/280 psn|[from] psn\n|upkeep\n|turn|13\n|\n|t:|1771200296\n|switch|p2a: Ambipom|Ambipom, L84, M|47/263\n|move|p1a: Gyarados|Earthquake|p2a: Ambipom\n|-damage|p2a: Ambipom|0 fnt\n|faint|p2a: Ambipom\n|-ability|p1a: Gyarados|Moxie|boost\n|-boost|p1a: Gyarados|atk|1\n|\n|-damage|p1a: Gyarados|61/280 psn|[from] psn\n|upkeep\n|\n|t:|1771200312\n|switch|p2a: Keldeo|Keldeo-Resolute, L79|273/273\n|turn|14\n|\n|t:|1771200322\n|move|p1a: Gyarados|Earthquake|p2a: Keldeo\n|-damage|p2a: Keldeo|103/273\n|move|p2a: Keldeo|Surf|p1a: Gyarados\n|-resisted|p1a: Gyarados\n|-damage|p1a: Gyarados|9/280 psn\n|\n|-heal|p2a: Keldeo|120/273|[from] item: Leftovers\n|-damage|p1a: Gyarados|0 fnt|[from] psn\n|faint|p1a: Gyarados\n|upkeep\n|\n|t:|1771200331\n|switch|p1a: Leavanny|Leavanny, L86, M|269/269\n|turn|15\n|inactive|Battle timer is ON: inactive players will automatically lose when time's up. (requested by Pogui86)\n|\n|t:|1771200353\n|switch|p2a: Terapagos|Terapagos, L77, M|265/265\n|-activate|p2a: Terapagos|ability: Tera Shift\n|detailschange|p2a: Terapagos|Terapagos-Terastal, L77, M\n|-heal|p2a: Terapagos|273/273|[silent]\n|move|p1a: Leavanny|Sticky Web|p2a: Terapagos\n|-sidestart|p2: vorpaldevil|move: Sticky Web\n|\n|upkeep\n|turn|16\n|\n|t:|1771200365\n|move|p1a: Leavanny|Knock Off|p2a: Terapagos\n|-activate|p2a: Terapagos|ability: Tera Shell\n|-resisted|p2a: Terapagos\n|-damage|p2a: Terapagos|237/273\n|-enditem|p2a: Terapagos|Heavy-Duty Boots|[from] move: Knock Off|[of] p1a: Leavanny\n|move|p2a: Terapagos|Rapid Spin|p1a: Leavanny\n|-damage|p1a: Leavanny|223/269\n|-boost|p2a: Terapagos|spe|1\n|-sideend|p2: vorpaldevil|Sticky Web|[from] move: Rapid Spin|[of] p2a: Terapagos\n|\n|upkeep\n|turn|17\n|inactive|Pogui86 has 120 seconds left.\n|\n|t:|1771200398\n|switch|p1a: Dragonite|Dragonite, L74, F, tera:Steel|131/257\n|move|p2a: Terapagos|Calm Mind|p2a: Terapagos\n|-boost|p2a: Terapagos|spa|1\n|-boost|p2a: Terapagos|spd|1\n|\n|upkeep\n|turn|18\n|\n|t:|1771200408\n|move|p2a: Terapagos|Earth Power|p1a: Dragonite\n|-supereffective|p1a: Dragonite\n|-damage|p1a: Dragonite|0 fnt\n|faint|p1a: Dragonite\n|\n|upkeep\n|\n|t:|1771200412\n|switch|p1a: Leavanny|Leavanny, L86, M|223/269\n|turn|19\n|\n|t:|1771200419\n|move|p2a: Terapagos|Tera Starstorm|p1a: Leavanny\n|-damage|p1a: Leavanny|31/269\n|move|p1a: Leavanny|Leaf Blade|p2a: Terapagos\n|-damage|p2a: Terapagos|137/273\n|\n|upkeep\n|turn|20\n|\n|t:|1771200426\n|move|p2a: Terapagos|Tera Starstorm|p1a: Leavanny\n|-damage|p1a: Leavanny|0 fnt\n|faint|p1a: Leavanny\n|\n|win|vorpaldevil\n|raw|Pogui86's rating: 1529 &rarr; <strong>1511</strong><br />(-18 for losing)\n|raw|vorpaldevil's rating: 1570 &rarr; <strong>1588</strong><br />(+18 for winning)\n", "inputlog": ">version 686819e5e19f8a7fd2345cfc5a08a5085efa2cc3\n>start {\"formatid\":\"gen9randombattle\",\"seed\":\"sodium,79165281a2185d09959c6ae000792da9\",\"rated\":\"Rated battle\"}\n>player p1 {\"name\":\"Pogui86\",\"avatar\":\"volkner\",\"rating\":1529,\"seed\":\"sodium,cdc7a3d33691b3b873b635dc144a8ae3\"}\n>player p2 {\"name\":\"vorpaldevil\",\"avatar\":\"workerice\",\"rating\":1570,\"seed\":\"sodium,b4fc55a4bb7d57955e80aebab176da4a\"}\n>p1 move quiverdance\n>p2 switch 6\n>p1 move strengthsap\n>p2 move tripleaxel\n>p1 switch 2\n>p1 move agility\n>p2 switch 2\n>p1 move earthquake\n>p2 move dragondance\n>p1 move earthquake\n>p2 move earthquake\n>p1 switch 6\n>p1 move thunderbolt\n>p2 move earthquake terastallize\n>p1 switch 5\n>p1 move dragondance terastallize\n>p2 move morningsun\n>p1 move outrage\n>p2 move earthquake\n>p2 switch 2\n>p1 move outrage\n>p2 move lowkick\n>p1 switch 4\n>p2 move lowkick\n>p1 move dragondance\n>p2 switch 5\n>p1 move earthquake\n>p2 move sludgebomb\n>p1 move earthquake\n>p2 switch 5\n>p2 switch 6\n>p1 move earthquake\n>p2 move surf\n>p1 switch 3\n>p1 move stickyweb\n>p2 switch 4\n>p1 move knockoff\n>p2 move rapidspin\n>p1 switch 4\n>p2 move calmmind\n>p1 move earthquake\n>p2 move earthpower\n>p1 switch 4\n>p1 move leafblade\n>p2 move terastarstorm\n>p1 move leafblade\n>p2 move terastarstorm", "uploadtime": 1771200429, "views": 7, "formatid": "gen9randombattle", "rating": 1511, "private": 0, "password": null}