{"id": "gen9randombattle-2540093805", "format": "[Gen 9] Random Battle", "players": ["miquel17", "Arxz"], "log": "|j|☆miquel17\n|j|☆Arxz\n|t:|1771160724\n|gametype|singles\n|player|p1|miquel17|ghetsis-gen5bw|2260\n|player|p2|Arxz|hoopster|2188\n|gen|9\n|tier|[Gen 9] Random Battle\n|rated|\n|rule|Species Clause: Limit one of each Pokémon\n|rule|HP Percentage Mod: HP is shown in percentages\n|rule|Sleep Clause Mod: Limit one foe put to sleep\n|rule|Illusion Level Mod: Illusion disguises the Pokémon's true level\n|\n|t:|1771160724\n|teamsize|p1|6\n|teamsize|p2|6\n|start\n|switch|p1a: Palkia|Palkia-Origin, L72|249/249\n|switch|p2a: Slowbro|Slowbro, L85, F|300/300\n|-ability|p1a: Palkia|Pressure\n|turn|1\n|inactive|Battle timer is ON: inactive players will automatically lose when time's up. (requested by Arxz)\n|\n|t:|1771160745\n|move|p1a: Palkia|Draco Meteor|p2a: Slowbro\n|-damage|p2a: Slowbro|131/300\n|-unboost|p1a: Palkia|spa|2\n|move|p2a: Slowbro|Thunder Wave|p1a: Palkia\n|-status|p1a: Palkia|par\n|\n|-heal|p2a: Slowbro|149/300|[from] item: Leftovers\n|upkeep\n|turn|2\n|\n|t:|1771160751\n|move|p1a: Palkia|Thunder Wave|p2a: Slowbro\n|-status|p2a: Slowbro|par\n|move|p2a: Slowbro|Slack Off|p2a: Slowbro\n|-heal|p2a: Slowbro|299/300 par\n|\n|-heal|p2a: Slowbro|300/300 par|[from] item: Leftovers\n|upkeep\n|turn|3\n|\n|t:|1771160761\n|switch|p1a: Toucannon|Toucannon, L88, M|284/284\n|move|p2a: Slowbro|Scald|p1a: Toucannon\n|-damage|p1a: Toucannon|194/284\n|\n|upkeep\n|turn|4\n|\n|t:|1771160773\n|move|p1a: Toucannon|U-turn|p2a: Slowbro\n|-supereffective|p2a: Slowbro\n|-damage|p2a: Slowbro|184/300 par\n|\n|t:|1771160779\n|switch|p1a: Palkia|Palkia-Origin, L72|249/249 par|[from] U-turn\n|-ability|p1a: Palkia|Pressure\n|cant|p2a: Slowbro|par\n|\n|-heal|p2a: Slowbro|202/300 par|[from] item: Leftovers\n|upkeep\n|turn|5\n|\n|t:|1771160788\n|move|p1a: Palkia|Hydro Pump|p2a: Slowbro\n|-resisted|p2a: Slowbro\n|-damage|p2a: Slowbro|118/300 par\n|cant|p2a: Slowbro|par\n|\n|-heal|p2a: Slowbro|136/300 par|[from] item: Leftovers\n|upkeep\n|turn|6\n|\n|t:|1771160796\n|switch|p2a: Meloetta|Meloetta, L82|298/298\n|cant|p1a: Palkia|par\n|\n|upkeep\n|turn|7\n|\n|t:|1771160802\n|move|p2a: Meloetta|U-turn|p1a: Palkia\n|-damage|p1a: Palkia|210/249 par\n|\n|t:|1771160806\n|switch|p2a: Rotom|Rotom, L88|231/231|[from] U-turn\n|move|p1a: Palkia|Thunder Wave|p2a: Rotom\n|-immune|p2a: Rotom\n|\n|upkeep\n|turn|8\n|\n|t:|1771160811\n|move|p2a: Rotom|Thunderbolt|p1a: Palkia\n|-damage|p1a: Palkia|123/249 par\n|cant|p1a: Palkia|par\n|\n|upkeep\n|turn|9\n|\n|t:|1771160814\n|move|p2a: Rotom|Thunderbolt|p1a: Palkia\n|-damage|p1a: Palkia|30/249 par\n|move|p1a: Palkia|Draco Meteor|p2a: Rotom\n|-damage|p2a: Rotom|65/231\n|-unboost|p1a: Palkia|spa|2\n|\n|upkeep\n|turn|10\n|\n|t:|1771160824\n|move|p2a: Rotom|Thunderbolt|p1a: Palkia\n|-damage|p1a: Palkia|0 fnt\n|faint|p1a: Palkia\n|\n|upkeep\n|\n|t:|1771160826\n|switch|p1a: Tauros|Tauros-Paldea-Combat, L82, M|257/257\n|-ability|p1a: Tauros|Intimidate|boost\n|-unboost|p2a: Rotom|atk|1\n|turn|11\n|\n|t:|1771160833\n|switch|p2a: Arcanine|Arcanine, L84, F|288/288\n|-ability|p2a: Arcanine|Intimidate|boost\n|-unboost|p1a: Tauros|atk|1\n|move|p1a: Tauros|Iron Head|p2a: Arcanine\n|-resisted|p2a: Arcanine\n|-damage|p2a: Arcanine|261/288\n|-damage|p1a: Tauros|232/257|[from] item: Life Orb\n|\n|upkeep\n|turn|12\n|\n|t:|1771160845\n|switch|p1a: Salazzle|Salazzle, L83, F|249/249\n|move|p2a: Arcanine|Flare Blitz|p1a: Salazzle\n|-resisted|p1a: Salazzle\n|-damage|p1a: Salazzle|159/249\n|-damage|p2a: Arcanine|231/288|[from] Recoil\n|\n|upkeep\n|turn|13\n|\n|t:|1771160854\n|move|p1a: Salazzle|Nasty Plot|p1a: Salazzle\n|-boost|p1a: Salazzle|spa|2\n|move|p2a: Arcanine|Flare Blitz|p1a: Salazzle\n|-resisted|p1a: Salazzle\n|-damage|p1a: Salazzle|62/249\n|-damage|p2a: Arcanine|199/288|[from] Recoil\n|\n|upkeep\n|turn|14\n|\n|t:|1771160864\n|switch|p1a: Alomomola|Alomomola, L87, M|429/429\n|move|p2a: Arcanine|Flare Blitz|p1a: Alomomola\n|-resisted|p1a: Alomomola\n|-crit|p1a: Alomomola\n|-damage|p1a: Alomomola|315/429\n|-damage|p2a: Arcanine|161/288|[from] Recoil\n|\n|upkeep\n|turn|15\n|\n|t:|1771160873\n|switch|p2a: Slowbro|Slowbro, L85, F|236/300 par\n|move|p1a: Alomomola|Flip Turn|p2a: Slowbro\n|-resisted|p2a: Slowbro\n|-crit|p2a: Slowbro\n|-damage|p2a: Slowbro|203/300 par\n|\n|t:|1771160889\n|switch|p1a: Salazzle|Salazzle, L83, F|62/249|[from] Flip Turn\n|\n|-heal|p2a: Slowbro|221/300 par|[from] item: Leftovers\n|upkeep\n|turn|16\n|\n|t:|1771160894\n|move|p1a: Salazzle|Sludge Wave|p2a: Slowbro\n|-damage|p2a: Slowbro|95/300 par\n|move|p2a: Slowbro|Psychic Noise|p1a: Salazzle\n|-supereffective|p1a: Salazzle\n|-damage|p1a: Salazzle|0 fnt\n|faint|p1a: Salazzle\n|\n|-heal|p2a: Slowbro|113/300 par|[from] item: Leftovers\n|upkeep\n|\n|t:|1771160900\n|switch|p1a: Okidogi|Okidogi, L77, M|262/262\n|turn|17\n|\n|t:|1771160910\n|switch|p2a: Arcanine|Arcanine, L84, F|161/288\n|-ability|p2a: Arcanine|Intimidate|boost\n|-unboost|p1a: Okidogi|atk|1\n|move|p1a: Okidogi|Knock Off|p2a: Arcanine\n|-damage|p2a: Arcanine|110/288\n|-enditem|p2a: Arcanine|Heavy-Duty Boots|[from] move: Knock Off|[of] p1a: Okidogi\n|\n|upkeep\n|turn|18\n|\n|t:|1771160915\n|switch|p1a: Alomomola|Alomomola, L87, M|429/429\n|move|p2a: Arcanine|Morning Sun|p2a: Arcanine\n|-heal|p2a: Arcanine|254/288\n|\n|upkeep\n|turn|19\n|\n|t:|1771160928\n|move|p2a: Arcanine|Will-O-Wisp|p1a: Alomomola\n|-status|p1a: Alomomola|brn\n|move|p1a: Alomomola|Scald|p2a: Arcanine\n|-supereffective|p2a: Arcanine\n|-damage|p2a: Arcanine|150/288\n|\n|-damage|p1a: Alomomola|403/429 brn|[from] brn\n|upkeep\n|turn|20\n|\n|t:|1771160933\n|move|p2a: Arcanine|Morning Sun|p2a: Arcanine\n|-heal|p2a: Arcanine|288/288\n|move|p1a: Alomomola|Flip Turn|p2a: Arcanine\n|-supereffective|p2a: Arcanine\n|-damage|p2a: Arcanine|222/288\n|\n|t:|1771160936\n|switch|p1a: Tauros|Tauros-Paldea-Combat, L82, M|232/257|[from] Flip Turn\n|-ability|p1a: Tauros|Intimidate|boost\n|-unboost|p2a: Arcanine|atk|1\n|\n|upkeep\n|turn|21\n|\n|t:|1771160943\n|switch|p1a: Alomomola|Alomomola, L87, M|429/429 brn\n|move|p2a: Arcanine|Will-O-Wisp|p1a: Alomomola\n|-fail|p1a: Alomomola|brn\n|\n|-damage|p1a: Alomomola|403/429 brn|[from] brn\n|upkeep\n|turn|22\n|\n|t:|1771160951\n|move|p2a: Arcanine|Morning Sun|p2a: Arcanine\n|-heal|p2a: Arcanine|288/288\n|move|p1a: Alomomola|Flip Turn|p2a: Arcanine\n|-supereffective|p2a: Arcanine\n|-damage|p2a: Arcanine|227/288\n|\n|t:|1771160952\n|switch|p1a: Tauros|Tauros-Paldea-Combat, L82, M|232/257|[from] Flip Turn\n|-ability|p1a: Tauros|Intimidate|boost\n|-unboost|p2a: Arcanine|atk|1\n|\n|upkeep\n|turn|23\n|\n|t:|1771160959\n|switch|p1a: Alomomola|Alomomola, L87, M|429/429 brn\n|move|p2a: Arcanine|Flare Blitz|p1a: Alomomola\n|-resisted|p1a: Alomomola\n|-damage|p1a: Alomomola|394/429 brn\n|-damage|p2a: Arcanine|215/288|[from] Recoil\n|\n|-damage|p1a: Alomomola|368/429 brn|[from] brn\n|upkeep\n|turn|24\n|\n|t:|1771160962\n|move|p2a: Arcanine|Morning Sun|p2a: Arcanine\n|-heal|p2a: Arcanine|288/288\n|move|p1a: Alomomola|Scald|p2a: Arcanine\n|-supereffective|p2a: Arcanine\n|-damage|p2a: Arcanine|186/288\n|\n|-damage|p1a: Alomomola|342/429 brn|[from] brn\n|upkeep\n|turn|25\n|\n|t:|1771160966\n|switch|p2a: Slowbro|Slowbro, L85, F|213/300 par\n|move|p1a: Alomomola|Flip Turn|p2a: Slowbro\n|-resisted|p2a: Slowbro\n|-damage|p2a: Slowbro|202/300 par\n|\n|t:|1771160970\n|switch|p1a: Okidogi|Okidogi, L77, M|262/262|[from] Flip Turn\n|\n|-heal|p2a: Slowbro|220/300 par|[from] item: Leftovers\n|upkeep\n|turn|26\n|\n|t:|1771160974\n|move|p1a: Okidogi|Knock Off|p2a: Slowbro\n|-supereffective|p2a: Slowbro\n|-damage|p2a: Slowbro|98/300 par\n|-enditem|p2a: Slowbro|Leftovers|[from] move: Knock Off|[of] p1a: Okidogi\n|move|p2a: Slowbro|Thunder Wave|p1a: Okidogi\n|-status|p1a: Okidogi|par\n|\n|upkeep\n|turn|27\n|\n|t:|1771160980\n|switch|p2a: Arcanine|Arcanine, L84, F|186/288\n|-ability|p2a: Arcanine|Intimidate|boost\n|-unboost|p1a: Okidogi|atk|1\n|move|p1a: Okidogi|Knock Off|p2a: Arcanine\n|-damage|p2a: Arcanine|152/288\n|-status|p2a: Arcanine|tox|[from] ability: Toxic Chain|[of] p1a: Okidogi\n|\n|-damage|p2a: Arcanine|134/288 tox|[from] psn\n|upkeep\n|turn|28\n|\n|t:|1771160986\n|switch|p2a: Rotom|Rotom, L88|65/231\n|switch|p1a: Alomomola|Alomomola, L87, M|429/429 brn\n|\n|-damage|p1a: Alomomola|403/429 brn|[from] brn\n|upkeep\n|turn|29\n|\n|t:|1771160993\n|move|p2a: Rotom|Trick|p1a: Alomomola\n|-activate|p2a: Rotom|move: Trick|[of] p1a: Alomomola\n|-item|p1a: Alomomola|Choice Scarf|[from] move: Trick\n|-item|p2a: Rotom|Heavy-Duty Boots|[from] move: Trick\n|move|p1a: Alomomola|Flip Turn|p2a: Rotom\n|-damage|p2a: Rotom|38/231\n|\n|t:|1771161000\n|switch|p1a: Okidogi|Okidogi, L77, M|262/262 par|[from] Flip Turn\n|\n|upkeep\n|turn|30\n|\n|t:|1771161003\n|move|p2a: Rotom|Volt Switch|p1a: Okidogi\n|-damage|p1a: Okidogi|205/262 par\n|\n|t:|1771161007\n|switch|p2a: Arcanine|Arcanine, L84, F|134/288 tox|[from] Volt Switch\n|-ability|p2a: Arcanine|Intimidate|boost\n|-unboost|p1a: Okidogi|atk|1\n|move|p1a: Okidogi|Knock Off|p2a: Arcanine\n|-damage|p2a: Arcanine|101/288 tox\n|\n|-damage|p2a: Arcanine|83/288 tox|[from] psn\n|upkeep\n|turn|31\n|\n|t:|1771161012\n|switch|p1a: Alomomola|Alomomola, L87, M|429/429 brn\n|move|p2a: Arcanine|Morning Sun|p2a: Arcanine\n|-heal|p2a: Arcanine|227/288 tox\n|\n|-damage|p2a: Arcanine|191/288 tox|[from] psn\n|-damage|p1a: Alomomola|403/429 brn|[from] brn\n|upkeep\n|turn|32\n|\n|t:|1771161020\n|move|p1a: Alomomola|Scald|p2a: Arcanine\n|-supereffective|p2a: Arcanine\n|-damage|p2a: Arcanine|75/288 tox\n|move|p2a: Arcanine|Morning Sun|p2a: Arcanine\n|-heal|p2a: Arcanine|219/288 tox\n|\n|-damage|p2a: Arcanine|165/288 tox|[from] psn\n|-damage|p1a: Alomomola|377/429 brn|[from] brn\n|upkeep\n|turn|33\n|\n|t:|1771161026\n|switch|p1a: Okidogi|Okidogi, L77, M|205/262 par\n|move|p2a: Arcanine|Morning Sun|p2a: Arcanine\n|-heal|p2a: Arcanine|288/288 tox\n|\n|-damage|p2a: Arcanine|216/288 tox|[from] psn\n|upkeep\n|turn|34\n|\n|t:|1771161032\n|move|p2a: Arcanine|Flare Blitz|p1a: Okidogi\n|-crit|p1a: Okidogi\n|-damage|p1a: Okidogi|16/262 par\n|-damage|p2a: Arcanine|154/288 tox|[from] Recoil\n|move|p1a: Okidogi|High Horsepower|p2a: Arcanine\n|-supereffective|p2a: Arcanine\n|-damage|p2a: Arcanine|0 fnt\n|faint|p2a: Arcanine\n|\n|upkeep\n|\n|t:|1771161039\n|switch|p2a: Rotom|Rotom, L88|38/231\n|turn|35\n|\n|t:|1771161045\n|move|p2a: Rotom|Thunderbolt|p1a: Okidogi\n|-damage|p1a: Okidogi|0 fnt\n|faint|p1a: Okidogi\n|\n|upkeep\n|\n|t:|1771161047\n|switch|p1a: Alomomola|Alomomola, L87, M|429/429 brn\n|turn|36\n|\n|t:|1771161054\n|switch|p2a: Slowbro|Slowbro, L85, F|198/300 par\n|move|p1a: Alomomola|Flip Turn|p2a: Slowbro\n|-resisted|p2a: Slowbro\n|-damage|p2a: Slowbro|187/300 par\n|\n|t:|1771161058\n|switch|p1a: Toucannon|Toucannon, L88, M|194/284|[from] Flip Turn\n|\n|upkeep\n|turn|37\n|\n|t:|1771161065\n|move|p1a: Toucannon|Boomburst|p2a: Slowbro\n|-damage|p2a: Slowbro|42/300 par\n|move|p2a: Slowbro|Scald|p1a: Toucannon\n|-damage|p1a: Toucannon|101/284\n|\n|upkeep\n|turn|38\n|\n|t:|1771161074\n|switch|p2a: Perrserker|Perrserker, L89, M|269/269\n|move|p1a: Toucannon|U-turn|p2a: Perrserker\n|-resisted|p2a: Perrserker\n|-damage|p2a: Perrserker|243/269\n|\n|t:|1771161076\n|switch|p1a: Tauros|Tauros-Paldea-Combat, L82, M|232/257|[from] U-turn\n|-ability|p1a: Tauros|Intimidate|boost\n|-unboost|p2a: Perrserker|atk|1\n|\n|upkeep\n|turn|39\n|\n|t:|1771161085\n|move|p1a: Tauros|Bulk Up|p1a: Tauros\n|-boost|p1a: Tauros|atk|1\n|-boost|p1a: Tauros|def|1\n|move|p2a: Perrserker|Knock Off|p1a: Tauros\n|-resisted|p1a: Tauros\n|-damage|p1a: Tauros|210/257\n|-enditem|p1a: Tauros|Life Orb|[from] move: Knock Off|[of] p2a: Perrserker\n|-damage|p2a: Perrserker|217/269|[from] item: Life Orb\n|\n|upkeep\n|turn|40\n|\n|t:|1771161090\n|move|p1a: Tauros|Close Combat|p2a: Perrserker\n|-supereffective|p2a: Perrserker\n|-damage|p2a: Perrserker|0 fnt\n|-unboost|p1a: Tauros|def|1\n|-unboost|p1a: Tauros|spd|1\n|faint|p2a: Perrserker\n|\n|upkeep\n|\n|t:|1771161095\n|switch|p2a: Meloetta|Meloetta, L82|298/298\n|turn|41\n|\n|t:|1771161104\n|-terastallize|p1a: Tauros|Steel\n|move|p1a: Tauros|Iron Head|p2a: Meloetta\n|-crit|p2a: Meloetta\n|-damage|p2a: Meloetta|75/298\n|cant|p2a: Meloetta|flinch\n|\n|upkeep\n|turn|42\n|\n|t:|1771161110\n|move|p1a: Tauros|Iron Head|p2a: Meloetta\n|-damage|p2a: Meloetta|0 fnt\n|faint|p2a: Meloetta\n|\n|upkeep\n|\n|t:|1771161115\n|switch|p2a: Whiscash|Whiscash, L88, M|337/337\n|turn|43\n|\n|t:|1771161121\n|switch|p1a: Alomomola|Alomomola, L87, M|429/429 brn\n|move|p2a: Whiscash|Earthquake|p1a: Alomomola\n|-damage|p1a: Alomomola|304/429 brn\n|-damage|p2a: Whiscash|304/337|[from] item: Life Orb\n|\n|-damage|p1a: Alomomola|278/429 brn|[from] brn\n|upkeep\n|turn|44\n|\n|t:|1771161126\n|switch|p2a: Slowbro|Slowbro, L85, F|142/300 par\n|move|p1a: Alomomola|Scald|p2a: Slowbro\n|-resisted|p2a: Slowbro\n|-damage|p2a: Slowbro|116/300 par\n|\n|-damage|p1a: Alomomola|252/429 brn|[from] brn\n|upkeep\n|turn|45\n|\n|t:|1771161130\n|switch|p1a: Toucannon|Toucannon, L88, M|101/284\n|move|p2a: Slowbro|Slack Off|p2a: Slowbro\n|-heal|p2a: Slowbro|266/300 par\n|\n|upkeep\n|turn|46\n|\n|t:|1771161135\n|move|p1a: Toucannon|Boomburst|p2a: Slowbro\n|-damage|p2a: Slowbro|136/300 par\n|cant|p2a: Slowbro|par\n|\n|upkeep\n|turn|47\n|\n|t:|1771161140\n|move|p1a: Toucannon|U-turn|p2a: Slowbro\n|-supereffective|p2a: Slowbro\n|-damage|p2a: Slowbro|30/300 par\n|\n|t:|1771161144\n|switch|p1a: Alomomola|Alomomola, L87, M|395/429 brn|[from] U-turn\n|cant|p2a: Slowbro|par\n|\n|-damage|p1a: Alomomola|369/429 brn|[from] brn\n|upkeep\n|turn|48\n|\n|t:|1771161149\n|move|p1a: Alomomola|Flip Turn|p2a: Slowbro\n|-resisted|p2a: Slowbro\n|-damage|p2a: Slowbro|18/300 par\n|\n|t:|1771161154\n|switch|p1a: Toucannon|Toucannon, L88, M|101/284|[from] Flip Turn\n|move|p2a: Slowbro|Slack Off|p2a: Slowbro\n|-heal|p2a: Slowbro|168/300 par\n|\n|upkeep\n|turn|49\n|\n|t:|1771161158\n|move|p1a: Toucannon|Boomburst|p2a: Slowbro\n|-damage|p2a: Slowbro|18/300 par\n|move|p2a: Slowbro|Slack Off|p2a: Slowbro\n|-heal|p2a: Slowbro|168/300 par\n|\n|upkeep\n|turn|50\n|\n|t:|1771161165\n|move|p1a: Toucannon|Boomburst|p2a: Slowbro\n|-damage|p2a: Slowbro|30/300 par\n|cant|p2a: Slowbro|par\n|\n|upkeep\n|turn|51\n|\n|t:|1771161171\n|move|p1a: Toucannon|U-turn|p2a: Slowbro\n|-supereffective|p2a: Slowbro\n|-damage|p2a: Slowbro|0 fnt\n|faint|p2a: Slowbro\n|\n|t:|1771161175\n|switch|p1a: Alomomola|Alomomola, L87, M|429/429 brn|[from] U-turn\n|\n|-damage|p1a: Alomomola|403/429 brn|[from] brn\n|upkeep\n|\n|t:|1771161180\n|switch|p2a: Whiscash|Whiscash, L88, M|304/337\n|turn|52\n|\n|t:|1771161187\n|move|p1a: Alomomola|Scald|p2a: Whiscash\n|-damage|p2a: Whiscash|249/337\n|move|p2a: Whiscash|Dragon Dance|p2a: Whiscash\n|-boost|p2a: Whiscash|atk|1\n|-boost|p2a: Whiscash|spe|1\n|\n|-damage|p1a: Alomomola|377/429 brn|[from] brn\n|upkeep\n|turn|53\n|inactive|Arxz has 120 seconds left.\n|\n|t:|1771161225\n|move|p1a: Alomomola|Scald|p2a: Whiscash\n|-damage|p2a: Whiscash|197/337\n|move|p2a: Whiscash|Dragon Dance|p2a: Whiscash\n|-boost|p2a: Whiscash|atk|1\n|-boost|p2a: Whiscash|spe|1\n|\n|-damage|p1a: Alomomola|351/429 brn|[from] brn\n|upkeep\n|turn|54\n|inactive|Arxz has 120 seconds left.\n|\n|t:|1771161233\n|-terastallize|p2a: Whiscash|Ground\n|move|p2a: Whiscash|Earthquake|p1a: Alomomola\n|-damage|p1a: Alomomola|0 fnt\n|faint|p1a: Alomomola\n|-damage|p2a: Whiscash|164/337|[from] item: Life Orb\n|\n|upkeep\n|\n|t:|1771161237\n|switch|p1a: Tauros|Tauros-Paldea-Combat, L82, M, tera:Steel|210/257\n|-ability|p1a: Tauros|Intimidate|boost\n|-fail|p2a: Whiscash|unboost|Attack|[from] ability: Oblivious|[of] p2a: Whiscash\n|turn|55\n|\n|t:|1771161241\n|switch|p1a: Toucannon|Toucannon, L88, M|101/284\n|move|p2a: Whiscash|Earthquake|p1a: Toucannon\n|-immune|p1a: Toucannon\n|\n|upkeep\n|turn|56\n|\n|t:|1771161245\n|-singleturn|p1a: Toucannon|move: Beak Blast\n|move|p2a: Whiscash|Liquidation|p1a: Toucannon\n|-damage|p1a: Toucannon|0 fnt\n|-status|p2a: Whiscash|brn\n|faint|p1a: Toucannon\n|-damage|p2a: Whiscash|131/337 brn|[from] item: Life Orb\n|\n|-damage|p2a: Whiscash|110/337 brn|[from] brn\n|upkeep\n|\n|t:|1771161248\n|switch|p1a: Tauros|Tauros-Paldea-Combat, L82, M, tera:Steel|210/257\n|-ability|p1a: Tauros|Intimidate|boost\n|-fail|p2a: Whiscash|unboost|Attack|[from] ability: Oblivious|[of] p2a: Whiscash\n|turn|57\n|\n|t:|1771161253\n|move|p2a: Whiscash|Earthquake|p1a: Tauros\n|-supereffective|p1a: Tauros\n|-damage|p1a: Tauros|0 fnt\n|faint|p1a: Tauros\n|-damage|p2a: Whiscash|77/337 brn|[from] item: Life Orb\n|\n|win|Arxz\n|raw|miquel17's rating: 2260 &rarr; <strong>2236</strong><br />(-24 for losing)\n|raw|Arxz's rating: 2188 &rarr; <strong>2212</strong><br />(+24 for winning)\n|l|☆miquel17\n|player|p1|\n", "inputlog": ">version 686819e5e19f8a7fd2345cfc5a08a5085efa2cc3\n>start {\"formatid\":\"gen9randombattle\",\"seed\":\"sodium,5406faacae05c5fb76269e24650427b0\",\"rated\":\"Rated battle\"}\n>player p1 {\"name\":\"miquel17\",\"avatar\":\"ghetsis-gen5bw\",\"rating\":2260,\"seed\":\"sodium,bd2f214e0823d82dd8b80c9c75a9b346\"}\n>player p2 {\"name\":\"Arxz\",\"avatar\":\"hoopster\",\"rating\":2188,\"seed\":\"sodium,6574e201999b08b490fffb670391f52c\"}\n>p1 move dracometeor\n>p2 move thunderwave\n>p1 move thunderwave\n>p2 move slackoff\n>p1 switch 3\n>p2 move scald\n>p1 move uturn\n>p2 move scald\n>p1 switch 3\n>p1 move hydropump\n>p2 move slackoff\n>p1 move dracometeor\n>p2 switch 4\n>p1 move thunderwave\n>p2 move uturn\n>p2 switch 5\n>p1 move dracometeor\n>p2 move thunderbolt\n>p1 move dracometeor\n>p2 move thunderbolt\n>p1 move dracometeor\n>p2 move thunderbolt\n>p1 switch 4\n>p1 move ironhead\n>p2 switch 6\n>p1 switch 2\n>p2 move flareblitz\n>p1 move nastyplot\n>p2 move flareblitz\n>p1 switch 5\n>p2 move flareblitz\n>p1 move flipturn\n>p2 switch 4\n>p1 switch 5\n>p1 move sludgewave\n>p2 move psychicnoise\n>p1 switch 6\n>p1 move knockoff\n>p2 switch 4\n>p1 switch 5\n>p2 move morningsun\n>p1 move scald\n>p2 move willowisp\n>p1 move flipturn\n>p2 move morningsun\n>p1 switch 2\n>p1 switch 2\n>p2 move willowisp\n>p1 move flipturn\n>p2 move morningsun\n>p1 switch 2\n>p1 switch 2\n>p2 move flareblitz\n>p1 move scald\n>p2 move morningsun\n>p1 move flipturn\n>p2 switch 4\n>p1 switch 5\n>p1 move knockoff\n>p2 move thunderwave\n>p1 move knockoff\n>p2 switch 4\n>p1 switch 5\n>p2 switch 6\n>p1 move flipturn\n>p2 move trick\n>p1 switch 5\n>p1 move knockoff\n>p2 move voltswitch\n>p2 switch 6\n>p1 switch 5\n>p2 move morningsun\n>p1 move scald\n>p2 move morningsun\n>p1 switch 5\n>p2 move morningsun\n>p1 move highhorsepower\n>p2 move flareblitz\n>p2 switch 6\n>p1 move knockoff\n>p2 move thunderbolt\n>p1 switch 5\n>p1 move flipturn\n>p2 switch 4\n>p1 switch 3\n>p1 move boomburst\n>p2 move scald\n>p1 move uturn\n>p2 switch 3\n>p1 switch 2\n>p1 move bulkup\n>p2 move knockoff\n>p1 move closecombat\n>p2 move uturn\n>p2 switch 5\n>p1 move ironhead terastallize\n>p2 move hypervoice\n>p1 move ironhead\n>p2 move focusblast\n>p2 switch 2\n>p1 switch 3\n>p2 move earthquake\n>p1 move scald\n>p2 switch 3\n>p1 switch 2\n>p2 move slackoff\n>p1 move boomburst\n>p2 move thunderwave\n>p1 move uturn\n>p2 move scald\n>p1 switch 2\n>p1 move flipturn\n>p2 move slackoff\n>p1 switch 2\n>p1 move boomburst\n>p2 move slackoff\n>p1 move boomburst\n>p2 move psychicnoise\n>p1 move uturn\n>p2 move scald\n>p1 switch 2\n>p2 switch 3\n>p1 move scald\n>p2 move dragondance\n>p1 move scald\n>p2 move dragondance\n>p1 move scald\n>p2 move earthquake terastallize\n>p1 switch 3\n>p1 switch 2\n>p2 move earthquake\n>p1 move beakblast\n>p2 move liquidation\n>p1 switch 2\n>p1 move closecombat\n>p2 move earthquake", "uploadtime": 1771161259, "views": 13, "formatid": "gen9randombattle", "rating": 2212, "private": 0, "password": null}