{"id": "gen9randombattle-2540895945", "format": "[Gen 9] Random Battle", "players": ["SaibotS00", "Irinel"], "log": "|j|☆SaibotS00\n|j|☆Irinel\n|t:|1771264900\n|gametype|singles\n|player|p1|SaibotS00|bruno|1587\n|player|p2|Irinel|265|1616\n|gen|9\n|tier|[Gen 9] Random Battle\n|rated|\n|rule|Species Clause: Limit one of each Pokémon\n|rule|HP Percentage Mod: HP is shown in percentages\n|rule|Sleep Clause Mod: Limit one foe put to sleep\n|rule|Illusion Level Mod: Illusion disguises the Pokémon's true level\n|\n|t:|1771264900\n|teamsize|p1|6\n|teamsize|p2|6\n|start\n|switch|p1a: Toxtricity|Toxtricity, L82, F|257/257\n|switch|p2a: Rotom|Rotom-Frost, L87|229/229\n|turn|1\n|inactive|Battle timer is ON: inactive players will automatically lose when time's up. (requested by Irinel)\n|\n|t:|1771264924\n|move|p2a: Rotom|Volt Switch|p1a: Toxtricity\n|-resisted|p1a: Toxtricity\n|-damage|p1a: Toxtricity|204/257\n|inactive|Irinel has 120 seconds left.\n|\n|t:|1771264962\n|switch|p2a: Magnezone|Magnezone, L85|258/258|[from] Volt Switch\n|move|p1a: Toxtricity|Shift Gear|p1a: Toxtricity\n|-boost|p1a: Toxtricity|spe|2\n|-boost|p1a: Toxtricity|atk|1\n|\n|upkeep\n|turn|2\n|\n|t:|1771264987\n|move|p1a: Toxtricity|Boomburst|p2a: Magnezone\n|-resisted|p2a: Magnezone\n|-damage|p2a: Magnezone|191/258\n|-enditem|p1a: Toxtricity|Throat Spray\n|-boost|p1a: Toxtricity|spa|1|[from] item: Throat Spray\n|move|p2a: Magnezone|Iron Defense|p2a: Magnezone\n|-boost|p2a: Magnezone|def|2\n|\n|-heal|p2a: Magnezone|207/258|[from] item: Leftovers\n|upkeep\n|turn|3\n|\n|t:|1771264998\n|move|p1a: Toxtricity|Overdrive|p2a: Magnezone\n|-resisted|p2a: Magnezone\n|-damage|p2a: Magnezone|120/258\n|move|p2a: Magnezone|Body Press|p1a: Toxtricity\n|-resisted|p1a: Toxtricity\n|-damage|p1a: Toxtricity|121/257\n|\n|-heal|p2a: Magnezone|136/258|[from] item: Leftovers\n|upkeep\n|turn|4\n|\n|t:|1771265006\n|move|p1a: Toxtricity|Overdrive|p2a: Magnezone\n|-resisted|p2a: Magnezone\n|-damage|p2a: Magnezone|45/258\n|move|p2a: Magnezone|Body Press|p1a: Toxtricity\n|-resisted|p1a: Toxtricity\n|-damage|p1a: Toxtricity|41/257\n|\n|-heal|p2a: Magnezone|61/258|[from] item: Leftovers\n|upkeep\n|turn|5\n|\n|t:|1771265014\n|move|p1a: Toxtricity|Overdrive|p2a: Magnezone\n|-resisted|p2a: Magnezone\n|-damage|p2a: Magnezone|0 fnt\n|faint|p2a: Magnezone\n|\n|upkeep\n|\n|t:|1771265030\n|switch|p2a: Rotom|Rotom-Frost, L87|229/229\n|turn|6\n|\n|t:|1771265037\n|-terastallize|p1a: Toxtricity|Normal\n|move|p1a: Toxtricity|Boomburst|p2a: Rotom\n|-damage|p2a: Rotom|0 fnt\n|faint|p2a: Rotom\n|\n|upkeep\n|\n|t:|1771265058\n|switch|p2a: Hitmontop|Hitmontop, L88, M|231/231\n|turn|7\n|\n|t:|1771265067\n|move|p1a: Toxtricity|Boomburst|p2a: Hitmontop\n|-crit|p2a: Hitmontop\n|-damage|p2a: Hitmontop|0 fnt\n|faint|p2a: Hitmontop\n|\n|upkeep\n|\n|t:|1771265071\n|switch|p2a: Florges|Florges-Blue, L85, F|271/271\n|turn|8\n|\n|t:|1771265080\n|-terastallize|p2a: Florges|Ground\n|move|p1a: Toxtricity|Overdrive|p2a: Florges\n|-immune|p2a: Florges\n|move|p2a: Florges|Moonblast|p1a: Toxtricity\n|-damage|p1a: Toxtricity|0 fnt\n|faint|p1a: Toxtricity\n|\n|upkeep\n|\n|t:|1771265098\n|switch|p1a: Victreebel|Victreebel, L90, F|290/290\n|turn|9\n|\n|t:|1771265111\n|move|p1a: Victreebel|Swords Dance|p1a: Victreebel\n|-boost|p1a: Victreebel|atk|2\n|move|p2a: Florges|Tera Blast|p1a: Victreebel|[anim] Tera Blast Ground\n|-damage|p1a: Victreebel|182/290\n|\n|upkeep\n|turn|10\n|\n|t:|1771265116\n|move|p1a: Victreebel|Power Whip|p2a: Florges\n|-supereffective|p2a: Florges\n|-damage|p2a: Florges|0 fnt\n|faint|p2a: Florges\n|-damage|p1a: Victreebel|153/290|[from] item: Life Orb\n|\n|upkeep\n|\n|t:|1771265119\n|switch|p2a: Victreebel|Victreebel, L90, M|290/290\n|turn|11\n|\n|t:|1771265124\n|move|p2a: Victreebel|Sludge Wave|p1a: Victreebel\n|-damage|p1a: Victreebel|0 fnt\n|faint|p1a: Victreebel\n|-damage|p2a: Victreebel|261/290|[from] item: Life Orb\n|\n|upkeep\n|\n|t:|1771265135\n|switch|p1a: Girafarig|Girafarig, L89, F|269/269\n|turn|12\n|\n|t:|1771265142\n|switch|p2a: Milotic|Milotic, L83, F|293/293\n|move|p1a: Girafarig|Nasty Plot|p1a: Girafarig\n|-boost|p1a: Girafarig|spa|2\n|\n|upkeep\n|turn|13\n|\n|t:|1771265146\n|move|p1a: Girafarig|Thunderbolt|p2a: Milotic\n|-supereffective|p2a: Milotic\n|-crit|p2a: Milotic\n|-damage|p2a: Milotic|0 fnt\n|faint|p2a: Milotic\n|\n|upkeep\n|-message|Irinel forfeited.\n|\n|win|SaibotS00\n|raw|SaibotS00's rating: 1587 &rarr; <strong>1609</strong><br />(+22 for winning)\n|raw|Irinel's rating: 1616 &rarr; <strong>1594</strong><br />(-22 for losing)\n|l|☆Irinel\n|player|p2|\n", "inputlog": ">version 686819e5e19f8a7fd2345cfc5a08a5085efa2cc3\n>start {\"formatid\":\"gen9randombattle\",\"seed\":\"sodium,496e9c2f3f138c9b7675374996cfc8bd\",\"rated\":\"Rated battle\"}\n>player p1 {\"name\":\"SaibotS00\",\"avatar\":\"bruno\",\"rating\":1587,\"seed\":\"sodium,074625f3eda614de53ac0306d44c712a\"}\n>player p2 {\"name\":\"Irinel\",\"avatar\":\"265\",\"rating\":1616,\"seed\":\"sodium,0d81287b8ff2c0276a63fcec57dc5396\"}\n>p1 move shiftgear\n>p2 move voltswitch\n>p2 switch 5\n>p1 move boomburst\n>p2 move irondefense\n>p1 move overdrive\n>p2 move bodypress\n>p1 move overdrive\n>p2 move bodypress\n>p1 move overdrive\n>p2 move bodypress\n>p2 switch 5\n>p1 move boomburst terastallize\n>p2 move thunderbolt\n>p2 switch 2\n>p1 move boomburst\n>p2 move rapidspin\n>p2 switch 3\n>p1 move overdrive\n>p2 move moonblast terastallize\n>p1 switch 4\n>p1 move swordsdance\n>p2 move terablast\n>p1 move powerwhip\n>p2 move terablast\n>p2 switch 4\n>p1 move poisonjab\n>p2 move sludgewave\n>p1 switch 2\n>p1 move nastyplot\n>p2 switch 6\n>p1 move thunderbolt\n>p2 move dragontail\n>forcelose p2", "uploadtime": 1771265160, "views": 2, "formatid": "gen9randombattle", "rating": 1594, "private": 0, "password": null}