{"id": "gen9randombattle-2540659805", "format": "[Gen 9] Random Battle", "players": ["LeoAjju", "Lord_DVDP"], "log": "|j|☆LeoAjju\n|j|☆Lord_DVDP\n|t:|1771235770\n|gametype|singles\n|player|p1|LeoAjju|101|1563\n|player|p2|Lord_DVDP|medium|1585\n|gen|9\n|tier|[Gen 9] Random Battle\n|rated|\n|rule|Species Clause: Limit one of each Pokémon\n|rule|HP Percentage Mod: HP is shown in percentages\n|rule|Sleep Clause Mod: Limit one foe put to sleep\n|rule|Illusion Level Mod: Illusion disguises the Pokémon's true level\n|\n|t:|1771235770\n|teamsize|p1|6\n|teamsize|p2|6\n|start\n|switch|p1a: Indeedee|Indeedee, L84, M|238/238\n|switch|p2a: Metagross|Metagross, L79|256/256\n|-fieldstart|move: Psychic Terrain|[from] ability: Psychic Surge|[of] p1a: Indeedee\n|turn|1\n|inactive|Battle timer is ON: inactive players will automatically lose when time's up. (requested by LeoAjju)\n|\n|t:|1771235786\n|switch|p1a: Dusknoir|Dusknoir, L89, M|225/225\n|-item|p2a: Metagross|Weakness Policy|[from] ability: Frisk|[of] p1a: Dusknoir\n|move|p2a: Metagross|Agility|p2a: Metagross\n|-boost|p2a: Metagross|spe|2\n|\n|upkeep\n|turn|2\n|\n|t:|1771235796\n|move|p2a: Metagross|Heavy Slam|p1a: Dusknoir\n|-crit|p1a: Dusknoir\n|-damage|p1a: Dusknoir|87/225\n|move|p1a: Dusknoir|Will-O-Wisp|p2a: Metagross|[miss]\n|-miss|p1a: Dusknoir|p2a: Metagross\n|\n|-heal|p1a: Dusknoir|101/225|[from] item: Leftovers\n|upkeep\n|turn|3\n|\n|t:|1771235807\n|move|p2a: Metagross|Psychic Fangs|p1a: Dusknoir\n|-damage|p1a: Dusknoir|8/225\n|move|p1a: Dusknoir|Will-O-Wisp|p2a: Metagross\n|-status|p2a: Metagross|brn\n|\n|-heal|p1a: Dusknoir|22/225|[from] item: Leftovers\n|-damage|p2a: Metagross|240/256 brn|[from] brn\n|upkeep\n|turn|4\n|\n|t:|1771235827\n|move|p2a: Metagross|Heavy Slam|p1a: Dusknoir\n|-damage|p1a: Dusknoir|0 fnt\n|faint|p1a: Dusknoir\n|\n|-damage|p2a: Metagross|224/256 brn|[from] brn\n|upkeep\n|\n|t:|1771235845\n|switch|p1a: Bellossom|Bellossom, L84, M|263/263\n|turn|5\n|\n|t:|1771235852\n|move|p2a: Metagross|Psychic Fangs|p1a: Bellossom\n|-damage|p1a: Bellossom|203/263\n|move|p1a: Bellossom|Quiver Dance|p1a: Bellossom\n|-boost|p1a: Bellossom|spa|1\n|-boost|p1a: Bellossom|spd|1\n|-boost|p1a: Bellossom|spe|1\n|\n|-heal|p1a: Bellossom|219/263|[from] item: Leftovers\n|-damage|p2a: Metagross|208/256 brn|[from] brn\n|-fieldend|move: Psychic Terrain\n|upkeep\n|turn|6\n|\n|t:|1771235864\n|switch|p2a: Toxapex|Toxapex, L82, F|216/216\n|move|p1a: Bellossom|Quiver Dance|p1a: Bellossom\n|-boost|p1a: Bellossom|spa|1\n|-boost|p1a: Bellossom|spd|1\n|-boost|p1a: Bellossom|spe|1\n|\n|-heal|p1a: Bellossom|235/263|[from] item: Leftovers\n|upkeep\n|turn|7\n|\n|t:|1771235879\n|move|p1a: Bellossom|Giga Drain|p2a: Toxapex\n|-damage|p2a: Toxapex|105/216\n|-heal|p1a: Bellossom|263/263|[from] drain|[of] p2a: Toxapex\n|move|p2a: Toxapex|Haze|p2a: Toxapex\n|-clearallboost\n|\n|-heal|p2a: Toxapex|118/216|[from] item: Leftovers\n|upkeep\n|turn|8\n|\n|t:|1771235883\n|move|p1a: Bellossom|Giga Drain|p2a: Toxapex\n|-damage|p2a: Toxapex|60/216\n|move|p2a: Toxapex|Toxic|p1a: Bellossom\n|-status|p1a: Bellossom|tox\n|\n|-heal|p2a: Toxapex|73/216|[from] item: Leftovers\n|-damage|p1a: Bellossom|247/263 tox|[from] psn\n|upkeep\n|turn|9\n|\n|t:|1771235893\n|switch|p2a: Torkoal|Torkoal, L88, M|266/266\n|-weather|SunnyDay|[from] ability: Drought|[of] p2a: Torkoal\n|move|p1a: Bellossom|Quiver Dance|p1a: Bellossom\n|-boost|p1a: Bellossom|spa|1\n|-boost|p1a: Bellossom|spd|1\n|-boost|p1a: Bellossom|spe|1\n|\n|-weather|SunnyDay|[upkeep]\n|-heal|p1a: Bellossom|263/263 tox|[from] item: Leftovers\n|-damage|p1a: Bellossom|231/263 tox|[from] psn\n|upkeep\n|turn|10\n|\n|t:|1771235908\n|-terastallize|p1a: Bellossom|Rock\n|move|p1a: Bellossom|Quiver Dance|p1a: Bellossom\n|-boost|p1a: Bellossom|spa|1\n|-boost|p1a: Bellossom|spd|1\n|-boost|p1a: Bellossom|spe|1\n|move|p2a: Torkoal|Stealth Rock|p1a: Bellossom\n|-sidestart|p1: LeoAjju|move: Stealth Rock\n|\n|-weather|SunnyDay|[upkeep]\n|-heal|p1a: Bellossom|247/263 tox|[from] item: Leftovers\n|-damage|p1a: Bellossom|199/263 tox|[from] psn\n|upkeep\n|turn|11\n|\n|t:|1771235911\n|switch|p2a: Metagross|Metagross, L79|208/256 brn\n|move|p1a: Bellossom|Tera Blast|p2a: Metagross|[anim] Tera Blast Rock\n|-resisted|p2a: Metagross\n|-crit|p2a: Metagross\n|-damage|p2a: Metagross|86/256 brn\n|\n|-weather|SunnyDay|[upkeep]\n|-heal|p1a: Bellossom|215/263 tox|[from] item: Leftovers\n|-damage|p1a: Bellossom|151/263 tox|[from] psn\n|-damage|p2a: Metagross|70/256 brn|[from] brn\n|upkeep\n|turn|12\n|\n|t:|1771235914\n|move|p1a: Bellossom|Giga Drain|p2a: Metagross\n|-resisted|p2a: Metagross\n|-damage|p2a: Metagross|0 fnt\n|-heal|p1a: Bellossom|186/263 tox|[from] drain|[of] p2a: Metagross\n|faint|p2a: Metagross\n|\n|-weather|SunnyDay|[upkeep]\n|-heal|p1a: Bellossom|202/263 tox|[from] item: Leftovers\n|-damage|p1a: Bellossom|122/263 tox|[from] psn\n|upkeep\n|\n|t:|1771235925\n|switch|p2a: Squawkabilly|Squawkabilly-White, L89, F|291/291\n|turn|13\n|\n|t:|1771235929\n|move|p2a: Squawkabilly|Quick Attack|p1a: Bellossom\n|-resisted|p1a: Bellossom\n|-crit|p1a: Bellossom\n|-damage|p1a: Bellossom|71/263 tox\n|move|p1a: Bellossom|Tera Blast|p2a: Squawkabilly|[anim] Tera Blast Rock\n|-supereffective|p2a: Squawkabilly\n|-damage|p2a: Squawkabilly|0 fnt\n|faint|p2a: Squawkabilly\n|\n|-weather|none\n|-heal|p1a: Bellossom|87/263 tox|[from] item: Leftovers\n|-damage|p1a: Bellossom|0 fnt|[from] psn\n|faint|p1a: Bellossom\n|upkeep\n|\n|t:|1771235943\n|switch|p2a: Palkia|Palkia-Origin, L72|249/249\n|switch|p1a: Indeedee|Indeedee, L84, M|238/238\n|-damage|p1a: Indeedee|209/238|[from] Stealth Rock\n|-fieldstart|move: Psychic Terrain|[from] ability: Psychic Surge|[of] p1a: Indeedee\n|-ability|p2a: Palkia|Pressure\n|turn|14\n|\n|t:|1771235952\n|move|p1a: Indeedee|Expanding Force|p2a: Palkia\n|-damage|p2a: Palkia|92/249\n|move|p2a: Palkia|Thunder Wave|p1a: Indeedee\n|-status|p1a: Indeedee|par\n|\n|upkeep\n|turn|15\n|\n|t:|1771235962\n|move|p2a: Palkia|Draco Meteor|p1a: Indeedee\n|-damage|p1a: Indeedee|55/238 par\n|-unboost|p2a: Palkia|spa|2\n|move|p1a: Indeedee|Expanding Force|p2a: Palkia\n|-damage|p2a: Palkia|0 fnt\n|faint|p2a: Palkia\n|\n|upkeep\n|\n|t:|1771235966\n|switch|p2a: Glastrier|Glastrier, L86|311/311\n|turn|16\n|\n|t:|1771235969\n|cant|p1a: Indeedee|par\n|move|p2a: Glastrier|Icicle Crash|p1a: Indeedee|[miss]\n|-miss|p2a: Glastrier|p1a: Indeedee\n|\n|upkeep\n|turn|17\n|\n|t:|1771235971\n|move|p1a: Indeedee|Expanding Force|p2a: Glastrier\n|-damage|p2a: Glastrier|173/311\n|move|p2a: Glastrier|Icicle Crash|p1a: Indeedee\n|-damage|p1a: Indeedee|0 fnt\n|faint|p1a: Indeedee\n|-ability|p2a: Glastrier|Chilling Neigh|boost\n|-boost|p2a: Glastrier|atk|1\n|\n|upkeep\n|\n|t:|1771235978\n|switch|p1a: Golem|Golem-Alola, L93, M|300/300\n|-damage|p1a: Golem|263/300|[from] Stealth Rock\n|turn|18\n|\n|t:|1771235987\n|move|p1a: Golem|Double-Edge|p2a: Glastrier\n|-damage|p2a: Glastrier|0 fnt\n|faint|p2a: Glastrier\n|-damage|p1a: Golem|206/300|[from] Recoil\n|-damage|p1a: Golem|176/300|[from] item: Life Orb\n|\n|-fieldend|move: Psychic Terrain\n|upkeep\n|\n|t:|1771235992\n|switch|p2a: Toxapex|Toxapex, L82, F|145/216\n|turn|19\n|\n|t:|1771236000\n|-terastallize|p2a: Toxapex|Steel\n|move|p1a: Golem|Double-Edge|p2a: Toxapex\n|-damage|p2a: Toxapex|0 fnt\n|faint|p2a: Toxapex\n|-damage|p1a: Golem|128/300|[from] Recoil\n|-damage|p1a: Golem|98/300|[from] item: Life Orb\n|\n|upkeep\n|\n|t:|1771236004\n|switch|p2a: Torkoal|Torkoal, L88, M|266/266\n|-weather|SunnyDay|[from] ability: Drought|[of] p2a: Torkoal\n|turn|20\n|-message|Lord_DVDP forfeited.\n|\n|win|LeoAjju\n|raw|LeoAjju's rating: 1563 &rarr; <strong>1584</strong><br />(+21 for winning)\n|raw|Lord_DVDP's rating: 1585 &rarr; <strong>1564</strong><br />(-21 for losing)\n|l|☆Lord_DVDP\n|player|p2|\n", "inputlog": ">version 686819e5e19f8a7fd2345cfc5a08a5085efa2cc3\n>start {\"formatid\":\"gen9randombattle\",\"seed\":\"sodium,4f6519577801e2240d8b651168796a1d\",\"rated\":\"Rated battle\"}\n>player p1 {\"name\":\"LeoAjju\",\"avatar\":\"101\",\"rating\":1563,\"seed\":\"sodium,11d1c9daaf818c05804ecd5ef363075b\"}\n>player p2 {\"name\":\"Lord_DVDP\",\"avatar\":\"medium\",\"rating\":1585,\"seed\":\"sodium,1adc7edc3a4fb8657609c7ebbbdc0e82\"}\n>p1 switch 2\n>p2 move agility\n>p1 move willowisp\n>p2 move heavyslam\n>p1 move willowisp\n>p2 move psychicfangs\n>p1 move earthquake\n>p2 move heavyslam\n>p1 switch 4\n>p1 move quiverdance\n>p2 move psychicfangs\n>p1 move quiverdance\n>p2 switch 3\n>p1 move gigadrain\n>p2 move haze\n>p1 move gigadrain\n>p2 move toxic\n>p1 move quiverdance\n>p2 switch 2\n>p1 move quiverdance terastallize\n>p2 move stealthrock\n>p1 move terablast\n>p2 switch 3\n>p1 move gigadrain\n>p2 move heavyslam\n>p2 switch 6\n>p1 move terablast\n>p2 move quickattack\n>p1 switch 2\n>p2 switch 5\n>p1 move expandingforce\n>p2 move thunderwave\n>p1 move expandingforce\n>p2 move dracometeor\n>p2 switch 4\n>p1 move expandingforce\n>p2 move iciclecrash\n>p1 move expandingforce\n>p2 move iciclecrash\n>p1 switch 5\n>p1 move doubleedge\n>p2 move iciclecrash\n>p2 switch 2\n>p1 move doubleedge\n>p2 move liquidation terastallize\n>p2 switch 3\n>forcelose p2", "uploadtime": 1771236019, "views": 16, "formatid": "gen9randombattle", "rating": 1564, "private": 0, "password": null}