{"id": "gen9randombattle-2540111212", "format": "[Gen 9] Random Battle", "players": ["Micael Lopes", "A0Kguy"], "log": "|j|☆Micael Lopes\n|j|☆A0Kguy\n|t:|1771163543\n|gametype|singles\n|player|p1|Micael Lopes|benga|1880\n|player|p2|A0Kguy|alder|1813\n|gen|9\n|tier|[Gen 9] Random Battle\n|rated|\n|rule|Species Clause: Limit one of each Pokémon\n|rule|HP Percentage Mod: HP is shown in percentages\n|rule|Sleep Clause Mod: Limit one foe put to sleep\n|rule|Illusion Level Mod: Illusion disguises the Pokémon's true level\n|\n|t:|1771163543\n|teamsize|p1|6\n|teamsize|p2|6\n|start\n|switch|p1a: Slowbro|Slowbro-Galar, L87, M|307/307\n|switch|p2a: Slither Wing|Slither Wing, L81|270/270\n|turn|1\n|inactive|Battle timer is ON: inactive players will automatically lose when time's up. (requested by Micael Lopes)\n|\n|t:|1771163562\n|move|p2a: Slither Wing|U-turn|p1a: Slowbro\n|-damage|p1a: Slowbro|231/307\n|\n|t:|1771163578\n|-end|p2a: Slither Wing|Protosynthesis|[silent]\n|switch|p2a: Meowstic|Meowstic, L89, M|277/277|[from] U-turn\n|move|p1a: Slowbro|Shell Side Arm|p2a: Meowstic|[anim] Shell Side Arm Physical\n|-damage|p2a: Meowstic|168/277\n|-hint|Physical Shell Side Arm\n|-status|p2a: Meowstic|psn\n|\n|-heal|p2a: Meowstic|185/277 psn|[from] item: Leftovers\n|-heal|p1a: Slowbro|250/307|[from] item: Leftovers\n|-damage|p2a: Meowstic|151/277 psn|[from] psn\n|upkeep\n|turn|2\n|\n|t:|1771163589\n|move|p2a: Meowstic|Psychic Noise|p1a: Slowbro\n|-damage|p1a: Slowbro|160/307\n|-start|p1a: Slowbro|move: Heal Block\n|move|p1a: Slowbro|Shell Side Arm|p2a: Meowstic|[anim] Shell Side Arm Physical\n|-damage|p2a: Meowstic|43/277 psn\n|-hint|Physical Shell Side Arm\n|\n|-heal|p2a: Meowstic|60/277 psn|[from] item: Leftovers\n|-damage|p2a: Meowstic|26/277 psn|[from] psn\n|upkeep\n|turn|3\n|\n|t:|1771163592\n|move|p2a: Meowstic|Yawn|p1a: Slowbro\n|-start|p1a: Slowbro|move: Yawn|[of] p2a: Meowstic\n|move|p1a: Slowbro|Psychic|p2a: Meowstic\n|-resisted|p2a: Meowstic\n|-damage|p2a: Meowstic|0 fnt\n|faint|p2a: Meowstic\n|\n|-end|p1a: Slowbro|move: Heal Block\n|upkeep\n|\n|t:|1771163605\n|switch|p2a: Dondozo|Dondozo, L78, F|362/362\n|turn|4\n|\n|t:|1771163618\n|switch|p1a: Wigglytuff|Wigglytuff, L96, M|424/424\n|move|p2a: Dondozo|Curse|p2a: Dondozo\n|-unboost|p2a: Dondozo|spe|1\n|-boost|p2a: Dondozo|atk|1\n|-boost|p2a: Dondozo|def|1\n|\n|upkeep\n|turn|5\n|\n|t:|1771163622\n|move|p1a: Wigglytuff|Thunder Wave|p2a: Dondozo\n|-status|p2a: Dondozo|par\n|move|p2a: Dondozo|Wave Crash|p1a: Wigglytuff\n|-damage|p1a: Wigglytuff|171/424\n|-damage|p2a: Dondozo|279/362 par|[from] Recoil\n|\n|-heal|p1a: Wigglytuff|197/424|[from] item: Leftovers\n|-heal|p2a: Dondozo|301/362 par|[from] item: Leftovers\n|upkeep\n|turn|6\n|\n|t:|1771163637\n|move|p1a: Wigglytuff|Dazzling Gleam|p2a: Dondozo\n|-damage|p2a: Dondozo|174/362 par\n|move|p2a: Dondozo|Wave Crash|p1a: Wigglytuff\n|-damage|p1a: Wigglytuff|0 fnt\n|faint|p1a: Wigglytuff\n|-damage|p2a: Dondozo|109/362 par|[from] Recoil\n|\n|-heal|p2a: Dondozo|131/362 par|[from] item: Leftovers\n|upkeep\n|\n|t:|1771163645\n|switch|p1a: Slowbro|Slowbro-Galar, L87, M|262/307\n|turn|7\n|\n|t:|1771163650\n|move|p1a: Slowbro|Shell Side Arm|p2a: Dondozo|[anim] Shell Side Arm Special\n|-damage|p2a: Dondozo|0 fnt\n|-hint|Special Shell Side Arm\n|faint|p2a: Dondozo\n|\n|-heal|p1a: Slowbro|281/307|[from] item: Leftovers\n|upkeep\n|\n|t:|1771163658\n|switch|p2a: Keldeo|Keldeo-Resolute, L79|273/273\n|turn|8\n|\n|t:|1771163688\n|-terastallize|p2a: Keldeo|Steel\n|move|p2a: Keldeo|Substitute|p2a: Keldeo\n|-start|p2a: Keldeo|Substitute\n|-damage|p2a: Keldeo|205/273\n|move|p1a: Slowbro|Psychic|p2a: Keldeo\n|-resisted|p2a: Keldeo\n|-activate|p2a: Keldeo|move: Substitute|[damage]\n|\n|-heal|p2a: Keldeo|222/273|[from] item: Leftovers\n|-heal|p1a: Slowbro|300/307|[from] item: Leftovers\n|upkeep\n|turn|9\n|\n|t:|1771163692\n|move|p2a: Keldeo|Calm Mind|p2a: Keldeo\n|-boost|p2a: Keldeo|spa|1\n|-boost|p2a: Keldeo|spd|1\n|move|p1a: Slowbro|Psychic|p2a: Keldeo\n|-resisted|p2a: Keldeo\n|-end|p2a: Keldeo|Substitute\n|\n|-heal|p2a: Keldeo|239/273|[from] item: Leftovers\n|-heal|p1a: Slowbro|307/307|[from] item: Leftovers\n|upkeep\n|turn|10\n|\n|t:|1771163695\n|move|p2a: Keldeo|Substitute|p2a: Keldeo\n|-start|p2a: Keldeo|Substitute\n|-damage|p2a: Keldeo|171/273\n|move|p1a: Slowbro|Haze|p1a: Slowbro\n|-clearallboost\n|\n|-heal|p2a: Keldeo|188/273|[from] item: Leftovers\n|upkeep\n|turn|11\n|\n|t:|1771163699\n|switch|p1a: Conkeldurr|Conkeldurr, L80, M|299/299\n|move|p2a: Keldeo|Calm Mind|p2a: Keldeo\n|-boost|p2a: Keldeo|spa|1\n|-boost|p2a: Keldeo|spd|1\n|\n|-heal|p2a: Keldeo|205/273|[from] item: Leftovers\n|-status|p1a: Conkeldurr|brn|[from] item: Flame Orb\n|upkeep\n|turn|12\n|\n|t:|1771163702\n|move|p1a: Conkeldurr|Mach Punch|p2a: Keldeo\n|-supereffective|p2a: Keldeo\n|-end|p2a: Keldeo|Substitute\n|move|p2a: Keldeo|Surf|p1a: Conkeldurr\n|-damage|p1a: Conkeldurr|110/299 brn\n|\n|-heal|p2a: Keldeo|222/273|[from] item: Leftovers\n|-damage|p1a: Conkeldurr|92/299 brn|[from] brn\n|upkeep\n|turn|13\n|\n|t:|1771163728\n|switch|p2a: Dedenne|Dedenne, L88, M|261/261\n|move|p1a: Conkeldurr|Mach Punch|p2a: Dedenne\n|-resisted|p2a: Dedenne\n|-damage|p2a: Dedenne|210/261\n|\n|-damage|p1a: Conkeldurr|74/299 brn|[from] brn\n|upkeep\n|turn|14\n|\n|t:|1771163739\n|switch|p1a: Slowbro|Slowbro-Galar, L87, M|307/307\n|move|p2a: Dedenne|Dazzling Gleam|p1a: Slowbro\n|-resisted|p1a: Slowbro\n|-damage|p1a: Slowbro|262/307\n|\n|-heal|p1a: Slowbro|281/307|[from] item: Leftovers\n|upkeep\n|turn|15\n|\n|t:|1771163749\n|switch|p1a: Infernape|Infernape, L82, F|259/259\n|move|p2a: Dedenne|Thunderbolt|p1a: Infernape\n|-damage|p1a: Infernape|145/259\n|\n|upkeep\n|turn|16\n|\n|t:|1771163755\n|-terastallize|p1a: Infernape|Fire\n|move|p2a: Dedenne|Nuzzle|p1a: Infernape\n|-damage|p1a: Infernape|124/259\n|-status|p1a: Infernape|par\n|move|p1a: Infernape|Flare Blitz|p2a: Dedenne\n|-damage|p2a: Dedenne|0 fnt\n|faint|p2a: Dedenne\n|-damage|p1a: Infernape|55/259 par|[from] Recoil\n|\n|upkeep\n|\n|t:|1771163761\n|switch|p2a: Keldeo|Keldeo-Resolute, L79, tera:Steel|222/273\n|turn|17\n|\n|t:|1771163764\n|move|p2a: Keldeo|Surf|p1a: Infernape\n|-supereffective|p1a: Infernape\n|-damage|p1a: Infernape|0 fnt\n|faint|p1a: Infernape\n|\n|-heal|p2a: Keldeo|239/273|[from] item: Leftovers\n|upkeep\n|\n|t:|1771163766\n|switch|p1a: Conkeldurr|Conkeldurr, L80, M|74/299 brn\n|turn|18\n|\n|t:|1771163768\n|switch|p2a: Slither Wing|Slither Wing, L81|270/270\n|move|p1a: Conkeldurr|Mach Punch|p2a: Slither Wing\n|-resisted|p2a: Slither Wing\n|-damage|p2a: Slither Wing|225/270\n|\n|-damage|p1a: Conkeldurr|56/299 brn|[from] brn\n|upkeep\n|turn|19\n|\n|t:|1771163772\n|switch|p1a: Slowbro|Slowbro-Galar, L87, M|307/307\n|move|p2a: Slither Wing|Close Combat|p1a: Slowbro\n|-resisted|p1a: Slowbro\n|-damage|p1a: Slowbro|274/307\n|-unboost|p2a: Slither Wing|def|1\n|-unboost|p2a: Slither Wing|spd|1\n|\n|-heal|p1a: Slowbro|293/307|[from] item: Leftovers\n|upkeep\n|turn|20\n|\n|t:|1771163776\n|switch|p1a: Squawkabilly|Squawkabilly-Blue, L85, F|278/278\n|move|p2a: Slither Wing|U-turn|p1a: Squawkabilly\n|-resisted|p1a: Squawkabilly\n|-damage|p1a: Squawkabilly|218/278\n|\n|t:|1771163779\n|-end|p2a: Slither Wing|Protosynthesis|[silent]\n|switch|p2a: Keldeo|Keldeo-Resolute, L79, tera:Steel|239/273|[from] U-turn\n|\n|-heal|p2a: Keldeo|256/273|[from] item: Leftovers\n|-status|p1a: Squawkabilly|brn|[from] item: Flame Orb\n|upkeep\n|turn|21\n|\n|t:|1771163786\n|move|p2a: Keldeo|Substitute|p2a: Keldeo\n|-start|p2a: Keldeo|Substitute\n|-damage|p2a: Keldeo|188/273\n|move|p1a: Squawkabilly|Facade|p2a: Keldeo\n|-resisted|p2a: Keldeo\n|-end|p2a: Keldeo|Substitute\n|\n|-heal|p2a: Keldeo|205/273|[from] item: Leftovers\n|-damage|p1a: Squawkabilly|201/278 brn|[from] brn\n|upkeep\n|turn|22\n|\n|t:|1771163797\n|switch|p2a: Lilligant|Lilligant, L86, F|261/261\n|move|p1a: Squawkabilly|Facade|p2a: Lilligant\n|-damage|p2a: Lilligant|30/261\n|\n|-damage|p1a: Squawkabilly|184/278 brn|[from] brn\n|upkeep\n|turn|23\n|\n|t:|1771163814\n|move|p1a: Squawkabilly|U-turn|p2a: Lilligant\n|-supereffective|p2a: Lilligant\n|-damage|p2a: Lilligant|0 fnt\n|faint|p2a: Lilligant\n|\n|t:|1771163817\n|switch|p1a: Revavroom|Revavroom, L79, M|256/256|[from] U-turn\n|\n|upkeep\n|\n|t:|1771163825\n|switch|p2a: Slither Wing|Slither Wing, L81|225/270\n|turn|24\n|\n|t:|1771163831\n|switch|p1a: Slowbro|Slowbro-Galar, L87, M|307/307\n|move|p2a: Slither Wing|Will-O-Wisp|p1a: Slowbro\n|-status|p1a: Slowbro|brn\n|\n|-damage|p1a: Slowbro|288/307 brn|[from] brn\n|upkeep\n|turn|25\n|\n|t:|1771163841\n|switch|p1a: Revavroom|Revavroom, L79, M|256/256\n|move|p2a: Slither Wing|U-turn|p1a: Revavroom\n|-resisted|p1a: Revavroom\n|-damage|p1a: Revavroom|232/256\n|\n|t:|1771163843\n|-end|p2a: Slither Wing|Protosynthesis|[silent]\n|switch|p2a: Keldeo|Keldeo-Resolute, L79, tera:Steel|205/273|[from] U-turn\n|\n|-heal|p2a: Keldeo|222/273|[from] item: Leftovers\n|upkeep\n|turn|26\n|\n|t:|1771163850\n|move|p2a: Keldeo|Substitute|p2a: Keldeo\n|-start|p2a: Keldeo|Substitute\n|-damage|p2a: Keldeo|154/273\n|move|p1a: Revavroom|Shift Gear|p1a: Revavroom\n|-boost|p1a: Revavroom|spe|2\n|-boost|p1a: Revavroom|atk|1\n|\n|-heal|p2a: Keldeo|171/273|[from] item: Leftovers\n|upkeep\n|turn|27\n|\n|t:|1771163851\n|move|p1a: Revavroom|High Horsepower|p2a: Keldeo\n|-supereffective|p2a: Keldeo\n|-crit|p2a: Keldeo\n|-end|p2a: Keldeo|Substitute\n|-damage|p1a: Revavroom|207/256|[from] item: Life Orb\n|move|p2a: Keldeo|Surf|p1a: Revavroom\n|-damage|p1a: Revavroom|66/256\n|\n|-heal|p2a: Keldeo|188/273|[from] item: Leftovers\n|upkeep\n|turn|28\n|\n|t:|1771163859\n|switch|p2a: Slither Wing|Slither Wing, L81|225/270\n|move|p1a: Revavroom|Gunk Shot|p2a: Slither Wing|[miss]\n|-miss|p1a: Revavroom|p2a: Slither Wing\n|\n|upkeep\n|turn|29\n|\n|t:|1771163863\n|move|p1a: Revavroom|Gunk Shot|p2a: Slither Wing\n|-damage|p2a: Slither Wing|0 fnt\n|faint|p2a: Slither Wing\n|-end|p2a: Slither Wing|Protosynthesis|[silent]\n|-damage|p1a: Revavroom|41/256|[from] item: Life Orb\n|\n|upkeep\n|\n|t:|1771163865\n|switch|p2a: Keldeo|Keldeo-Resolute, L79, tera:Steel|188/273\n|turn|30\n|\n|t:|1771163867\n|move|p1a: Revavroom|High Horsepower|p2a: Keldeo\n|-supereffective|p2a: Keldeo\n|-damage|p2a: Keldeo|0 fnt\n|faint|p2a: Keldeo\n|-damage|p1a: Revavroom|16/256|[from] item: Life Orb\n|\n|win|Micael Lopes\n|raw|Micael Lopes's rating: 1880 &rarr; <strong>1896</strong><br />(+16 for winning)\n|raw|A0Kguy's rating: 1813 &rarr; <strong>1797</strong><br />(-16 for losing)\n|l|☆A0Kguy\n|player|p2|\n|c|☆Micael Lopes|**__Sexy game.__**\n", "inputlog": ">version 686819e5e19f8a7fd2345cfc5a08a5085efa2cc3\n>start {\"formatid\":\"gen9randombattle\",\"seed\":\"sodium,38476d0bdaba02df79ddaefaa51bf01f\",\"rated\":\"Rated battle\"}\n>player p1 {\"name\":\"Micael Lopes\",\"avatar\":\"benga\",\"rating\":1880,\"seed\":\"sodium,075ba14ca6dee62cf94070b7417fe163\"}\n>player p2 {\"name\":\"A0Kguy\",\"avatar\":\"alder\",\"rating\":1813,\"seed\":\"sodium,915f8243187f4f1e2f4b028417705399\"}\n>p1 move shellsidearm\n>p2 move uturn\n>p2 switch 4\n>p1 move shellsidearm\n>p2 move psychicnoise\n>p1 move psychic\n>p2 move yawn\n>p2 switch 2\n>p1 switch 6\n>p2 move curse\n>p1 move thunderwave\n>p2 move wavecrash\n>p1 move dazzlinggleam\n>p2 move wavecrash\n>p1 switch 6\n>p1 move shellsidearm\n>p2 move rest\n>p2 switch 3\n>p1 move psychic\n>p2 move substitute terastallize\n>p1 move psychic\n>p2 move calmmind\n>p1 move haze\n>p2 move substitute\n>p1 switch 3\n>p2 move calmmind\n>p1 move machpunch\n>p2 move surf\n>p1 move machpunch\n>p2 switch 5\n>p1 switch 3\n>p2 move dazzlinggleam\n>p1 switch 4\n>p2 move thunderbolt\n>p1 move flareblitz terastallize\n>p2 move nuzzle\n>p2 switch 5\n>p1 move flareblitz\n>p2 move surf\n>p1 switch 3\n>p1 move machpunch\n>p2 switch 4\n>p1 switch 4\n>p2 move closecombat\n>p1 switch 5\n>p2 move uturn\n>p2 switch 4\n>p1 move facade\n>p2 move substitute\n>p1 move facade\n>p2 switch 6\n>p1 move uturn\n>p2 move gigadrain\n>p1 switch 2\n>p2 switch 4\n>p1 switch 5\n>p2 move willowisp\n>p1 switch 5\n>p2 move uturn\n>p2 switch 6\n>p1 move shiftgear\n>p2 move substitute\n>p1 move highhorsepower\n>p2 move surf\n>p1 move gunkshot\n>p2 switch 6\n>p1 move gunkshot\n>p2 move willowisp\n>p2 switch 6\n>p1 move highhorsepower\n>p2 move surf", "uploadtime": 1771163883, "views": 12, "formatid": "gen9randombattle", "rating": 1797, "private": 0, "password": null}