{"id": "gen9randombattle-2540930478", "format": "[Gen 9] Random Battle", "players": ["luigilooming", "AadiLeon"], "log": "|j|☆luigilooming\n|j|☆AadiLeon\n|t:|1771268236\n|gametype|singles\n|player|p1|luigilooming|depotagent|1766\n|player|p2|AadiLeon|nate|1725\n|gen|9\n|tier|[Gen 9] Random Battle\n|rated|\n|rule|Species Clause: Limit one of each Pokémon\n|rule|HP Percentage Mod: HP is shown in percentages\n|rule|Sleep Clause Mod: Limit one foe put to sleep\n|rule|Illusion Level Mod: Illusion disguises the Pokémon's true level\n|\n|t:|1771268236\n|teamsize|p1|6\n|teamsize|p2|6\n|start\n|switch|p1a: Dunsparce|Dunsparce, L86, F|312/312\n|switch|p2a: Blastoise|Blastoise, L80, M|258/258\n|turn|1\n|inactive|Battle timer is ON: inactive players will automatically lose when time's up. (requested by AadiLeon)\n|\n|t:|1771268257\n|switch|p2a: Arbok|Arbok, L87, F|246/246\n|-ability|p2a: Arbok|Intimidate|boost\n|-unboost|p1a: Dunsparce|atk|1\n|move|p1a: Dunsparce|Body Slam|p2a: Arbok\n|-damage|p2a: Arbok|194/246\n|-status|p2a: Arbok|par\n|\n|-heal|p2a: Arbok|209/246 par|[from] item: Leftovers\n|upkeep\n|turn|2\n|\n|t:|1771268266\n|switch|p1a: Camerupt|Camerupt, L91, F|275/275\n|cant|p2a: Arbok|par\n|\n|-heal|p2a: Arbok|224/246 par|[from] item: Leftovers\n|upkeep\n|turn|3\n|\n|t:|1771268293\n|switch|p2a: Blastoise|Blastoise, L80, M|258/258\n|move|p1a: Camerupt|Stealth Rock|p2a: Blastoise\n|-sidestart|p2: AadiLeon|move: Stealth Rock\n|\n|upkeep\n|turn|4\n|\n|t:|1771268302\n|switch|p1a: Sceptile|Sceptile, L87, M|264/264\n|move|p2a: Blastoise|Hydro Pump|p1a: Sceptile\n|-resisted|p1a: Sceptile\n|-damage|p1a: Sceptile|216/264\n|\n|-heal|p1a: Sceptile|232/264|[from] item: Leftovers\n|upkeep\n|turn|5\n|\n|t:|1771268308\n|switch|p2a: Girafarig|Girafarig, L89, F|269/269\n|-damage|p2a: Girafarig|236/269|[from] Stealth Rock\n|move|p1a: Sceptile|Substitute|p1a: Sceptile\n|-start|p1a: Sceptile|Substitute\n|-damage|p1a: Sceptile|166/264\n|\n|-heal|p1a: Sceptile|182/264|[from] item: Leftovers\n|upkeep\n|turn|6\n|\n|t:|1771268316\n|move|p1a: Sceptile|Focus Blast|p2a: Girafarig\n|-damage|p2a: Girafarig|158/269\n|move|p2a: Girafarig|Psychic|p1a: Sceptile\n|-end|p1a: Sceptile|Substitute\n|\n|-heal|p1a: Sceptile|198/264|[from] item: Leftovers\n|upkeep\n|turn|7\n|\n|t:|1771268321\n|switch|p1a: Crawdaunt|Crawdaunt, L84, F|243/243\n|move|p2a: Girafarig|Psychic|p1a: Crawdaunt\n|-immune|p1a: Crawdaunt\n|\n|upkeep\n|turn|8\n|\n|t:|1771268326\n|-terastallize|p2a: Girafarig|Electric\n|move|p2a: Girafarig|Thunderbolt|p1a: Crawdaunt\n|-supereffective|p1a: Crawdaunt\n|-damage|p1a: Crawdaunt|0 fnt\n|faint|p1a: Crawdaunt\n|\n|upkeep\n|\n|t:|1771268329\n|switch|p1a: Camerupt|Camerupt, L91, F|275/275\n|turn|9\n|\n|t:|1771268333\n|move|p2a: Girafarig|Psychic|p1a: Camerupt\n|-damage|p1a: Camerupt|170/275\n|move|p1a: Camerupt|Earthquake|p2a: Girafarig\n|-supereffective|p2a: Girafarig\n|-damage|p2a: Girafarig|0 fnt\n|faint|p2a: Girafarig\n|\n|-heal|p1a: Camerupt|187/275|[from] item: Leftovers\n|upkeep\n|\n|t:|1771268341\n|switch|p2a: Raikou|Raikou, L81|278/278\n|-damage|p2a: Raikou|244/278|[from] Stealth Rock\n|-ability|p2a: Raikou|Pressure\n|turn|10\n|\n|t:|1771268346\n|move|p2a: Raikou|Scald|p1a: Camerupt\n|-supereffective|p1a: Camerupt\n|-damage|p1a: Camerupt|0 fnt\n|faint|p1a: Camerupt\n|\n|-heal|p2a: Raikou|261/278|[from] item: Leftovers\n|upkeep\n|\n|t:|1771268349\n|switch|p1a: Sceptile|Sceptile, L87, M|198/264\n|turn|11\n|\n|t:|1771268361\n|move|p1a: Sceptile|Substitute|p1a: Sceptile\n|-start|p1a: Sceptile|Substitute\n|-damage|p1a: Sceptile|132/264\n|move|p2a: Raikou|Shadow Ball|p1a: Sceptile\n|-activate|p1a: Sceptile|move: Substitute|[damage]\n|\n|-heal|p1a: Sceptile|148/264|[from] item: Leftovers\n|-heal|p2a: Raikou|278/278|[from] item: Leftovers\n|upkeep\n|turn|12\n|\n|t:|1771268366\n|move|p1a: Sceptile|Leech Seed|p2a: Raikou\n|-start|p2a: Raikou|move: Leech Seed\n|move|p2a: Raikou|Shadow Ball|p1a: Sceptile\n|-end|p1a: Sceptile|Substitute\n|\n|-heal|p1a: Sceptile|164/264|[from] item: Leftovers\n|-damage|p2a: Raikou|244/278|[from] Leech Seed|[of] p1a: Sceptile\n|-heal|p1a: Sceptile|198/264|[silent]\n|upkeep\n|turn|13\n|\n|t:|1771268371\n|switch|p2a: Arbok|Arbok, L87, F|224/246 par\n|-damage|p2a: Arbok|194/246 par|[from] Stealth Rock\n|-ability|p2a: Arbok|Intimidate|boost\n|-unboost|p1a: Sceptile|atk|1\n|move|p1a: Sceptile|Substitute|p1a: Sceptile\n|-start|p1a: Sceptile|Substitute\n|-damage|p1a: Sceptile|132/264\n|\n|-heal|p1a: Sceptile|148/264|[from] item: Leftovers\n|-heal|p2a: Arbok|209/246 par|[from] item: Leftovers\n|upkeep\n|turn|14\n|\n|t:|1771268385\n|move|p1a: Sceptile|Leech Seed|p2a: Arbok\n|-start|p2a: Arbok|move: Leech Seed\n|move|p2a: Arbok|Gunk Shot|p1a: Sceptile\n|-supereffective|p1a: Sceptile\n|-end|p1a: Sceptile|Substitute\n|\n|-heal|p1a: Sceptile|164/264|[from] item: Leftovers\n|-heal|p2a: Arbok|224/246 par|[from] item: Leftovers\n|-damage|p2a: Arbok|194/246 par|[from] Leech Seed|[of] p1a: Sceptile\n|-heal|p1a: Sceptile|194/264|[silent]\n|upkeep\n|turn|15\n|\n|t:|1771268392\n|move|p1a: Sceptile|Substitute|p1a: Sceptile\n|-start|p1a: Sceptile|Substitute\n|-damage|p1a: Sceptile|128/264\n|move|p2a: Arbok|Gunk Shot|p1a: Sceptile\n|-supereffective|p1a: Sceptile\n|-end|p1a: Sceptile|Substitute\n|\n|-heal|p1a: Sceptile|144/264|[from] item: Leftovers\n|-heal|p2a: Arbok|209/246 par|[from] item: Leftovers\n|-damage|p2a: Arbok|179/246 par|[from] Leech Seed|[of] p1a: Sceptile\n|-heal|p1a: Sceptile|174/264|[silent]\n|upkeep\n|turn|16\n|\n|t:|1771268401\n|switch|p2a: Beartic|Beartic, L91, M|321/321\n|move|p1a: Sceptile|Substitute|p1a: Sceptile\n|-start|p1a: Sceptile|Substitute\n|-damage|p1a: Sceptile|108/264\n|\n|-heal|p1a: Sceptile|124/264|[from] item: Leftovers\n|upkeep\n|turn|17\n|\n|t:|1771268408\n|move|p1a: Sceptile|Leech Seed|p2a: Beartic\n|-start|p2a: Beartic|move: Leech Seed\n|move|p2a: Beartic|Icicle Crash|p1a: Sceptile\n|-supereffective|p1a: Sceptile\n|-end|p1a: Sceptile|Substitute\n|\n|-heal|p1a: Sceptile|140/264|[from] item: Leftovers\n|-damage|p2a: Beartic|281/321|[from] Leech Seed|[of] p1a: Sceptile\n|-heal|p1a: Sceptile|180/264|[silent]\n|upkeep\n|turn|18\n|\n|t:|1771268431\n|switch|p1a: Dunsparce|Dunsparce, L86, F|312/312\n|move|p2a: Beartic|Icicle Crash|p1a: Dunsparce\n|-damage|p1a: Dunsparce|212/312\n|\n|-damage|p2a: Beartic|241/321|[from] Leech Seed|[of] p1a: Dunsparce\n|-heal|p1a: Dunsparce|252/312|[silent]\n|upkeep\n|turn|19\n|\n|t:|1771268439\n|move|p2a: Beartic|Close Combat|p1a: Dunsparce\n|-supereffective|p1a: Dunsparce\n|-damage|p1a: Dunsparce|60/312\n|-unboost|p2a: Beartic|def|1\n|-unboost|p2a: Beartic|spd|1\n|move|p1a: Dunsparce|Coil|p1a: Dunsparce\n|-boost|p1a: Dunsparce|atk|1\n|-boost|p1a: Dunsparce|def|1\n|-boost|p1a: Dunsparce|accuracy|1\n|\n|-damage|p2a: Beartic|201/321|[from] Leech Seed|[of] p1a: Dunsparce\n|-heal|p1a: Dunsparce|100/312|[silent]\n|upkeep\n|turn|20\n|\n|t:|1771268455\n|move|p2a: Beartic|Close Combat|p1a: Dunsparce\n|-supereffective|p1a: Dunsparce\n|-damage|p1a: Dunsparce|0 fnt\n|-unboost|p2a: Beartic|def|1\n|-unboost|p2a: Beartic|spd|1\n|faint|p1a: Dunsparce\n|\n|upkeep\n|\n|t:|1771268459\n|switch|p1a: Mabosstiff|Mabosstiff, L86, F|278/278\n|turn|21\n|\n|t:|1771268465\n|move|p1a: Mabosstiff|Crunch|p2a: Beartic\n|-damage|p2a: Beartic|0 fnt\n|faint|p2a: Beartic\n|\n|upkeep\n|\n|t:|1771268469\n|switch|p2a: Arbok|Arbok, L87, F|179/246 par\n|-damage|p2a: Arbok|149/246 par|[from] Stealth Rock\n|-ability|p2a: Arbok|Intimidate|boost\n|-unboost|p1a: Mabosstiff|atk|1\n|turn|22\n|\n|t:|1771268478\n|move|p1a: Mabosstiff|Crunch|p2a: Arbok\n|-damage|p2a: Arbok|74/246 par\n|move|p2a: Arbok|Gunk Shot|p1a: Mabosstiff\n|-damage|p1a: Mabosstiff|149/278\n|\n|-heal|p2a: Arbok|89/246 par|[from] item: Leftovers\n|upkeep\n|turn|23\n|\n|t:|1771268487\n|move|p1a: Mabosstiff|Crunch|p2a: Arbok\n|-damage|p2a: Arbok|5/246 par\n|cant|p2a: Arbok|par\n|\n|-heal|p2a: Arbok|20/246 par|[from] item: Leftovers\n|upkeep\n|turn|24\n|\n|t:|1771268492\n|move|p2a: Arbok|Sucker Punch|p1a: Mabosstiff\n|-resisted|p1a: Mabosstiff\n|-damage|p1a: Mabosstiff|126/278\n|move|p1a: Mabosstiff|Crunch|p2a: Arbok\n|-damage|p2a: Arbok|0 fnt\n|faint|p2a: Arbok\n|\n|upkeep\n|\n|t:|1771268511\n|switch|p2a: Blastoise|Blastoise, L80, M|258/258\n|-damage|p2a: Blastoise|226/258|[from] Stealth Rock\n|turn|25\n|\n|t:|1771268526\n|move|p1a: Mabosstiff|Crunch|p2a: Blastoise\n|-damage|p2a: Blastoise|159/258\n|move|p2a: Blastoise|Shell Smash|p2a: Blastoise\n|-unboost|p2a: Blastoise|def|1\n|-unboost|p2a: Blastoise|spd|1\n|-boost|p2a: Blastoise|atk|2\n|-boost|p2a: Blastoise|spa|2\n|-boost|p2a: Blastoise|spe|2\n|-enditem|p2a: Blastoise|White Herb\n|-clearnegativeboost|p2a: Blastoise|[silent]\n|\n|upkeep\n|turn|26\n|\n|t:|1771268533\n|move|p2a: Blastoise|Earthquake|p1a: Mabosstiff\n|-damage|p1a: Mabosstiff|12/278\n|move|p1a: Mabosstiff|Crunch|p2a: Blastoise\n|-damage|p2a: Blastoise|93/258\n|\n|upkeep\n|turn|27\n|\n|t:|1771268537\n|move|p2a: Blastoise|Earthquake|p1a: Mabosstiff\n|-damage|p1a: Mabosstiff|0 fnt\n|faint|p1a: Mabosstiff\n|\n|upkeep\n|\n|t:|1771268542\n|switch|p1a: Sceptile|Sceptile, L87, M|180/264\n|turn|28\n|\n|t:|1771268546\n|-terastallize|p1a: Sceptile|Steel\n|move|p2a: Blastoise|Ice Beam|p1a: Sceptile\n|-resisted|p1a: Sceptile\n|-damage|p1a: Sceptile|131/264\n|move|p1a: Sceptile|Giga Drain|p2a: Blastoise\n|-supereffective|p2a: Blastoise\n|-damage|p2a: Blastoise|0 fnt\n|-heal|p1a: Sceptile|178/264|[from] drain|[of] p2a: Blastoise\n|faint|p2a: Blastoise\n|\n|-heal|p1a: Sceptile|194/264|[from] item: Leftovers\n|upkeep\n|\n|t:|1771268550\n|switch|p2a: Goodra|Goodra-Hisui, L82, F|265/265\n|-damage|p2a: Goodra|249/265|[from] Stealth Rock\n|turn|29\n|\n|t:|1771268560\n|move|p1a: Sceptile|Focus Blast|p2a: Goodra|[miss]\n|-miss|p1a: Sceptile|p2a: Goodra\n|move|p2a: Goodra|Fire Blast|p1a: Sceptile\n|-supereffective|p1a: Sceptile\n|-damage|p1a: Sceptile|20/264\n|\n|-heal|p1a: Sceptile|36/264|[from] item: Leftovers\n|upkeep\n|turn|30\n|\n|t:|1771268571\n|move|p1a: Sceptile|Focus Blast|p2a: Goodra|[miss]\n|-miss|p1a: Sceptile|p2a: Goodra\n|move|p2a: Goodra|Fire Blast|p1a: Sceptile\n|-supereffective|p1a: Sceptile\n|-damage|p1a: Sceptile|0 fnt\n|faint|p1a: Sceptile\n|\n|upkeep\n|\n|t:|1771268573\n|switch|p1a: Zacian|Zacian, L69|241/241\n|-ability|p1a: Zacian|Intrepid Sword|boost\n|-boost|p1a: Zacian|atk|1\n|turn|31\n|\n|t:|1771268578\n|move|p1a: Zacian|Close Combat|p2a: Goodra\n|-supereffective|p2a: Goodra\n|-damage|p2a: Goodra|10/265\n|-unboost|p1a: Zacian|def|1\n|-unboost|p1a: Zacian|spd|1\n|-damage|p1a: Zacian|217/241|[from] item: Life Orb\n|move|p2a: Goodra|Heavy Slam|p1a: Zacian\n|-supereffective|p1a: Zacian\n|-damage|p1a: Zacian|0 fnt\n|faint|p1a: Zacian\n|\n|win|AadiLeon\n|raw|luigilooming's rating: 1766 &rarr; <strong>1744</strong><br />(-22 for losing)\n|raw|AadiLeon's rating: 1725 &rarr; <strong>1747</strong><br />(+22 for winning)\n|l|☆luigilooming\n|player|p1|\n", "inputlog": ">version 686819e5e19f8a7fd2345cfc5a08a5085efa2cc3\n>start {\"formatid\":\"gen9randombattle\",\"seed\":\"sodium,9fcded71c44e684a5992e0a91c211379\",\"rated\":\"Rated battle\"}\n>player p1 {\"name\":\"luigilooming\",\"avatar\":\"depotagent\",\"rating\":1766,\"seed\":\"sodium,d8dfdbf6d0b182dd55d28e23476c9140\"}\n>player p2 {\"name\":\"AadiLeon\",\"avatar\":\"nate\",\"rating\":1725,\"seed\":\"sodium,c25f6d70e3c2dd57440ca4fa7f52fc0d\"}\n>p1 move bodyslam\n>p2 switch 3\n>p1 switch 6\n>p2 move gunkshot\n>p1 move stealthrock\n>p2 switch 3\n>p1 switch 4\n>p2 move hydropump\n>p1 move substitute\n>p2 switch 6\n>p1 move focusblast\n>p2 move psychic\n>p1 switch 2\n>p2 move psychic\n>p1 move knockoff\n>p2 move thunderbolt terastallize\n>p1 switch 4\n>p1 move earthquake\n>p2 move psychic\n>p2 switch 5\n>p1 move roar\n>p2 move scald\n>p1 switch 2\n>p1 move substitute\n>p2 move shadowball\n>p1 move leechseed\n>p2 move shadowball\n>p1 move substitute\n>p2 switch 3\n>p1 move leechseed\n>p2 move gunkshot\n>p1 move substitute\n>p2 move gunkshot\n>p1 move substitute\n>p2 switch 2\n>p1 move leechseed\n>p2 move iciclecrash\n>p1 switch 6\n>p2 move iciclecrash\n>p1 move coil\n>p2 move closecombat\n>p1 move earthquake\n>p2 move closecombat\n>p1 switch 3\n>p1 move crunch\n>p2 move closecombat\n>p2 switch 2\n>p1 move crunch\n>p2 move gunkshot\n>p1 move crunch\n>p2 move gunkshot\n>p1 move crunch\n>p2 move suckerpunch\n>p2 switch 6\n>p1 move crunch\n>p2 move shellsmash\n>p1 move crunch\n>p2 move earthquake\n>p1 move crunch\n>p2 move earthquake\n>p1 switch 6\n>p1 move gigadrain terastallize\n>p2 move icebeam\n>p2 switch 4\n>p1 move focusblast\n>p2 move fireblast\n>p1 move focusblast\n>p2 move fireblast\n>p1 switch 5\n>p1 move closecombat\n>p2 move heavyslam", "uploadtime": 1771268591, "views": 10, "formatid": "gen9randombattle", "rating": 1744, "private": 0, "password": null}