{"id": "gen9randombattle-2540951379", "format": "[Gen 9] Random Battle", "players": ["Alpha Tw", "shulai2"], "log": "|j|☆Alpha Tw\n|j|☆shulai2\n|t:|1771270210\n|gametype|singles\n|player|p1|Alpha Tw|n|2172\n|player|p2|shulai2|170|2200\n|gen|9\n|tier|[Gen 9] Random Battle\n|rated|\n|rule|Species Clause: Limit one of each Pokémon\n|rule|HP Percentage Mod: HP is shown in percentages\n|rule|Sleep Clause Mod: Limit one foe put to sleep\n|rule|Illusion Level Mod: Illusion disguises the Pokémon's true level\n|\n|t:|1771270210\n|teamsize|p1|6\n|teamsize|p2|6\n|start\n|switch|p1a: Gastrodon|Gastrodon, L86, F|331/331\n|switch|p2a: Tatsugiri|Tatsugiri, L87, M|260/260\n|turn|1\n|j| haeSunny\n|c|☆shulai2|yo haesunny who ru btw\n|inactive|Battle timer is ON: inactive players will automatically lose when time's up. (requested by shulai2)\n|\n|t:|1771270252\n|move|p2a: Tatsugiri|Nasty Plot|p2a: Tatsugiri\n|-boost|p2a: Tatsugiri|spa|2\n|move|p1a: Gastrodon|Earthquake|p2a: Tatsugiri\n|-crit|p2a: Tatsugiri\n|-damage|p2a: Tatsugiri|64/260\n|\n|upkeep\n|turn|2\n|c|☆shulai2|gl hf\n|\n|t:|1771270259\n|move|p2a: Tatsugiri|Draco Meteor|p1a: Gastrodon|[miss]\n|-miss|p2a: Tatsugiri|p1a: Gastrodon\n|move|p1a: Gastrodon|Earthquake|p2a: Tatsugiri\n|-damage|p2a: Tatsugiri|0 fnt\n|faint|p2a: Tatsugiri\n|\n|upkeep\n|c|☆shulai2|bro\n|c| haeSunny|random scrub\n|c|☆shulai2|whta thfuk is that\n|\n|t:|1771270284\n|switch|p2a: Delibird|Delibird, M|252/252\n|turn|3\n|c|☆shulai2|oh okay\n|c|☆shulai2|i see\n|\n|t:|1771270292\n|switch|p1a: Scrafty|Scrafty, L84, M|246/246\n|-ability|p1a: Scrafty|Intimidate|boost\n|-unboost|p2a: Delibird|atk|1\n|move|p2a: Delibird|Spikes|p1a: Scrafty\n|-sidestart|p1: Alpha Tw|Spikes\n|\n|upkeep\n|turn|4\n|\n|t:|1771270304\n|switch|p2a: Ludicolo|Ludicolo, L90, M|290/290\n|move|p1a: Scrafty|Dragon Dance|p1a: Scrafty\n|-boost|p1a: Scrafty|atk|1\n|-boost|p1a: Scrafty|spe|1\n|\n|upkeep\n|turn|5\n|\n|t:|1771270313\n|move|p1a: Scrafty|Poison Jab|p2a: Ludicolo\n|-supereffective|p2a: Ludicolo\n|-damage|p2a: Ludicolo|114/290\n|move|p2a: Ludicolo|Rain Dance|p2a: Ludicolo\n|-weather|RainDance\n|\n|-weather|RainDance|[upkeep]\n|upkeep\n|turn|6\n|\n|t:|1771270321\n|move|p2a: Ludicolo|Hydro Pump|p1a: Scrafty\n|-damage|p1a: Scrafty|46/246\n|-damage|p2a: Ludicolo|85/290|[from] item: Life Orb\n|move|p1a: Scrafty|Drain Punch|p2a: Ludicolo\n|-damage|p2a: Ludicolo|0 fnt\n|-heal|p1a: Scrafty|89/246|[from] drain|[of] p2a: Ludicolo\n|faint|p2a: Ludicolo\n|\n|-weather|RainDance|[upkeep]\n|-heal|p1a: Scrafty|104/246|[from] item: Leftovers\n|upkeep\n|\n|t:|1771270330\n|switch|p2a: Weavile|Weavile, L79, M|240/240\n|turn|7\n|\n|t:|1771270337\n|move|p2a: Weavile|Triple Axel|p1a: Scrafty\n|-damage|p1a: Scrafty|86/246\n|-crit|p1a: Scrafty\n|-damage|p1a: Scrafty|35/246\n|-damage|p1a: Scrafty|0 fnt\n|faint|p1a: Scrafty\n|-hitcount|p1: Scrafty|3\n|\n|-weather|RainDance|[upkeep]\n|upkeep\n|\n|t:|1771270341\n|switch|p1a: Gastrodon|Gastrodon, L86, F|331/331\n|-damage|p1a: Gastrodon|290/331|[from] Spikes\n|turn|8\n|\n|t:|1771270371\n|switch|p2a: Delibird|Delibird, M|252/252\n|move|p1a: Gastrodon|Surf|p2a: Delibird\n|-damage|p2a: Delibird|68/252\n|\n|-weather|RainDance|[upkeep]\n|-heal|p1a: Gastrodon|310/331|[from] item: Leftovers\n|upkeep\n|turn|9\n|\n|t:|1771270381\n|-terastallize|p1a: Gastrodon|Poison\n|move|p2a: Delibird|Freeze-Dry|p1a: Gastrodon\n|-damage|p1a: Gastrodon|225/331\n|move|p1a: Gastrodon|Surf|p2a: Delibird\n|-damage|p2a: Delibird|0 fnt\n|faint|p2a: Delibird\n|\n|-weather|none\n|-heal|p1a: Gastrodon|245/331|[from] item: Leftovers\n|upkeep\n|inactive|shulai2 has 120 seconds left.\n|\n|t:|1771270403\n|switch|p2a: Forretress|Forretress, L84, F|263/263\n|turn|10\n|\n|t:|1771270406\n|move|p1a: Gastrodon|Surf|p2a: Forretress\n|-damage|p2a: Forretress|145/263\n|move|p2a: Forretress|Stealth Rock|p1a: Gastrodon\n|-sidestart|p1: Alpha Tw|move: Stealth Rock\n|\n|-heal|p1a: Gastrodon|265/331|[from] item: Leftovers\n|-heal|p2a: Forretress|161/263|[from] item: Leftovers\n|upkeep\n|turn|11\n|\n|t:|1771270410\n|move|p1a: Gastrodon|Surf|p2a: Forretress\n|-damage|p2a: Forretress|34/263\n|move|p2a: Forretress|Spikes|p1a: Gastrodon\n|-sidestart|p1: Alpha Tw|Spikes\n|\n|-heal|p1a: Gastrodon|285/331|[from] item: Leftovers\n|-heal|p2a: Forretress|50/263|[from] item: Leftovers\n|upkeep\n|turn|12\n|\n|t:|1771270413\n|move|p1a: Gastrodon|Surf|p2a: Forretress\n|-damage|p2a: Forretress|0 fnt\n|faint|p2a: Forretress\n|\n|-heal|p1a: Gastrodon|305/331|[from] item: Leftovers\n|upkeep\n|\n|t:|1771270417\n|switch|p2a: Weavile|Weavile, L79, M|240/240\n|turn|13\n|\n|t:|1771270426\n|move|p2a: Weavile|Swords Dance|p2a: Weavile\n|-boost|p2a: Weavile|atk|2\n|move|p1a: Gastrodon|Sludge Bomb|p2a: Weavile\n|-damage|p2a: Weavile|132/240\n|\n|-heal|p1a: Gastrodon|325/331|[from] item: Leftovers\n|upkeep\n|turn|14\n|\n|t:|1771270437\n|-terastallize|p2a: Weavile|Dark\n|move|p2a: Weavile|Knock Off|p1a: Gastrodon\n|-damage|p1a: Gastrodon|11/331\n|-enditem|p1a: Gastrodon|Leftovers|[from] move: Knock Off|[of] p2a: Weavile\n|move|p1a: Gastrodon|Sludge Bomb|p2a: Weavile\n|-damage|p2a: Weavile|24/240\n|-status|p2a: Weavile|psn\n|\n|-damage|p2a: Weavile|0 fnt|[from] psn\n|faint|p2a: Weavile\n|upkeep\n|c|☆shulai2|bro like\n|c|☆shulai2|you get the roll\n|c|☆shulai2|you get he poisn\n|c|☆shulai2|you get everyhtiugn\n|\n|t:|1771270449\n|switch|p2a: Archaludon|Archaludon, L78, F|268/268\n|turn|15\n|\n|t:|1771270457\n|move|p2a: Archaludon|Body Press|p1a: Gastrodon\n|-resisted|p1a: Gastrodon\n|-damage|p1a: Gastrodon|0 fnt\n|faint|p1a: Gastrodon\n|\n|upkeep\n|\n|t:|1771270468\n|switch|p1a: Gallade|Gallade, L80, M|240/240\n|-damage|p1a: Gallade|200/240|[from] Spikes\n|-damage|p1a: Gallade|185/240|[from] Stealth Rock\n|turn|16\n|\n|t:|1771270473\n|move|p2a: Archaludon|Thunder Wave|p1a: Gallade\n|-status|p1a: Gallade|par\n|move|p1a: Gallade|Sacred Sword|p2a: Archaludon\n|-supereffective|p2a: Archaludon\n|-damage|p2a: Archaludon|0 fnt\n|faint|p2a: Archaludon\n|\n|win|Alpha Tw\n|raw|Alpha Tw's rating: 2172 &rarr; <strong>2194</strong><br />(+22 for winning)\n|raw|shulai2's rating: 2200 &rarr; <strong>2178</strong><br />(-22 for losing)\n", "inputlog": ">version 686819e5e19f8a7fd2345cfc5a08a5085efa2cc3\n>start {\"formatid\":\"gen9randombattle\",\"seed\":\"sodium,5ea6372284ff99970b9fd62857ae6b20\",\"rated\":\"Rated battle\"}\n>player p1 {\"name\":\"Alpha Tw\",\"avatar\":\"n\",\"rating\":2172,\"seed\":\"sodium,bc13e01a3d98a71392c5e6c1ee5504aa\"}\n>player p2 {\"name\":\"shulai2\",\"avatar\":\"170\",\"rating\":2200,\"seed\":\"sodium,fbbfb77824397cb754d4889dc5cae045\"}\n>chat ☆shulai2|yo haesunny who ru btw \n>p1 move earthquake\n>p2 move nastyplot\n>chat ☆shulai2|gl hf \n>p1 move earthquake\n>p2 move dracometeor\n>chat ☆shulai2|bro \n>chat  haeSunny|random scrub\n>chat ☆shulai2|whta thfuk is that \n>p2 switch 4\n>chat ☆shulai2|oh okay\n>chat ☆shulai2|i see\n>p1 switch 4\n>p2 move spikes\n>p1 move dragondance\n>p2 switch 3\n>p1 move poisonjab\n>p2 move raindance\n>p1 move drainpunch\n>p2 move hydropump\n>p2 switch 2\n>p1 move drainpunch\n>p2 move tripleaxel\n>p1 switch 4\n>p1 move surf\n>p2 switch 3\n>p1 move surf terastallize\n>p2 move freezedry\n>p2 switch 5\n>p1 move surf\n>p2 move stealthrock\n>p1 move surf\n>p2 move spikes\n>p1 move surf\n>p2 move spikes\n>p2 switch 3\n>p1 move sludgebomb\n>p2 move swordsdance\n>p1 move sludgebomb\n>p2 move knockoff terastallize\n>chat ☆shulai2|bro like \n>chat ☆shulai2|you get the roll \n>chat ☆shulai2|you get he poisn \n>chat ☆shulai2|you get everyhtiugn \n>p2 switch 6\n>p1 move earthquake\n>p2 move bodypress\n>p1 switch 3\n>p1 move sacredsword\n>p2 move thunderwave", "uploadtime": 1771270474, "views": 1, "formatid": "gen9randombattle", "rating": 2178, "private": 0, "password": null}