{"id": "gen9randombattle-2540273055", "format": "[Gen 9] Random Battle", "players": ["Superpascal", "darumaka maracas"], "log": "|j|☆Superpascal\n|j|☆darumaka maracas\n|t:|1771183263\n|gametype|singles\n|player|p1|Superpascal|blue|2060\n|player|p2|darumaka maracas|postman|2031\n|gen|9\n|tier|[Gen 9] Random Battle\n|rated|\n|rule|Species Clause: Limit one of each Pokémon\n|rule|HP Percentage Mod: HP is shown in percentages\n|rule|Sleep Clause Mod: Limit one foe put to sleep\n|rule|Illusion Level Mod: Illusion disguises the Pokémon's true level\n|\n|t:|1771183263\n|teamsize|p1|6\n|teamsize|p2|6\n|start\n|switch|p1a: Lapras|Lapras, L87, F|367/367\n|switch|p2a: Skarmory|Skarmory, L80, M|235/235\n|turn|1\n|\n|t:|1771183289\n|move|p2a: Skarmory|Spikes|p1a: Lapras\n|-sidestart|p1: Superpascal|Spikes\n|move|p1a: Lapras|Ice Beam|p2a: Skarmory\n|-damage|p2a: Skarmory|61/235\n|\n|upkeep\n|turn|2\n|\n|t:|1771183310\n|switch|p1a: Delibird|Delibird, M|252/252\n|move|p2a: Skarmory|Roost|p2a: Skarmory\n|-heal|p2a: Skarmory|179/235\n|-singleturn|p2a: Skarmory|move: Roost\n|\n|upkeep\n|turn|3\n|\n|t:|1771183321\n|move|p1a: Delibird|Spikes|p2a: Skarmory\n|-sidestart|p2: darumaka maracas|Spikes\n|move|p2a: Skarmory|Roost|p2a: Skarmory\n|-heal|p2a: Skarmory|235/235\n|-singleturn|p2a: Skarmory|move: Roost\n|\n|upkeep\n|turn|4\n|\n|t:|1771183324\n|move|p1a: Delibird|Spikes|p2a: Skarmory\n|-sidestart|p2: darumaka maracas|Spikes\n|move|p2a: Skarmory|Body Press|p1a: Delibird\n|-damage|p1a: Delibird|159/252\n|\n|upkeep\n|turn|5\n|\n|t:|1771183340\n|move|p1a: Delibird|Freeze-Dry|p2a: Skarmory\n|-damage|p2a: Skarmory|141/235\n|move|p2a: Skarmory|Body Press|p1a: Delibird\n|-crit|p1a: Delibird\n|-damage|p1a: Delibird|28/252\n|\n|upkeep\n|turn|6\n|\n|t:|1771183349\n|move|p1a: Delibird|Spikes|p2a: Skarmory\n|-sidestart|p2: darumaka maracas|Spikes\n|move|p2a: Skarmory|Roost|p2a: Skarmory\n|-heal|p2a: Skarmory|235/235\n|-singleturn|p2a: Skarmory|move: Roost\n|\n|upkeep\n|turn|7\n|\n|t:|1771183364\n|move|p1a: Delibird|Freeze-Dry|p2a: Skarmory\n|-damage|p2a: Skarmory|136/235\n|move|p2a: Skarmory|Spikes|p1a: Delibird\n|-sidestart|p1: Superpascal|Spikes\n|\n|upkeep\n|turn|8\n|\n|t:|1771183369\n|move|p1a: Delibird|Freeze-Dry|p2a: Skarmory\n|-damage|p2a: Skarmory|36/235\n|move|p2a: Skarmory|Spikes|p1a: Delibird\n|-sidestart|p1: Superpascal|Spikes\n|\n|upkeep\n|turn|9\n|\n|t:|1771183373\n|move|p1a: Delibird|Freeze-Dry|p2a: Skarmory\n|-damage|p2a: Skarmory|0 fnt\n|faint|p2a: Skarmory\n|\n|upkeep\n|\n|t:|1771183380\n|switch|p2a: Iron Jugulis|Iron Jugulis, L77|271/271\n|turn|10\n|\n|t:|1771183390\n|switch|p1a: Eelektross|Eelektross, L87, M|290/290\n|move|p2a: Iron Jugulis|Dark Pulse|p1a: Eelektross\n|-damage|p1a: Eelektross|236/290\n|\n|upkeep\n|turn|11\n|\n|t:|1771183401\n|-end|p2a: Iron Jugulis|Quark Drive|[silent]\n|switch|p2a: Piloswine|Piloswine, L85, M|309/309\n|-damage|p2a: Piloswine|232/309|[from] Spikes\n|move|p1a: Eelektross|U-turn|p2a: Piloswine\n|-damage|p2a: Piloswine|189/309\n|\n|t:|1771183438\n|switch|p1a: Lapras|Lapras, L87, F|367/367|[from] U-turn\n|-damage|p1a: Lapras|276/367|[from] Spikes\n|\n|upkeep\n|turn|12\n|\n|t:|1771183454\n|move|p1a: Lapras|Hydro Pump|p2a: Piloswine\n|-supereffective|p2a: Piloswine\n|-damage|p2a: Piloswine|0 fnt\n|faint|p2a: Piloswine\n|\n|upkeep\n|\n|t:|1771183457\n|switch|p2a: Sunflora|Sunflora, F|312/312\n|-damage|p2a: Sunflora|234/312|[from] Spikes\n|turn|13\n|\n|t:|1771183523\n|switch|p1a: Eelektross|Eelektross, L87, M|236/290\n|move|p2a: Sunflora|Leaf Storm|p1a: Eelektross\n|-damage|p1a: Eelektross|2/290\n|-unboost|p2a: Sunflora|spa|2\n|\n|upkeep\n|turn|14\n|\n|t:|1771183566\n|move|p1a: Eelektross|Knock Off|p2a: Sunflora\n|-damage|p2a: Sunflora|143/312\n|-enditem|p2a: Sunflora|Choice Specs|[from] move: Knock Off|[of] p1a: Eelektross\n|move|p2a: Sunflora|Leaf Storm|p1a: Eelektross\n|-damage|p1a: Eelektross|0 fnt\n|-unboost|p2a: Sunflora|spa|2\n|faint|p1a: Eelektross\n|\n|upkeep\n|\n|t:|1771183575\n|switch|p1a: Delibird|Delibird, M|28/252\n|turn|15\n|\n|t:|1771183578\n|move|p1a: Delibird|Rapid Spin|p2a: Sunflora\n|-damage|p2a: Sunflora|102/312\n|-boost|p1a: Delibird|spe|1\n|-sideend|p1: Superpascal|Spikes|[from] move: Rapid Spin|[of] p1a: Delibird\n|move|p2a: Sunflora|Dazzling Gleam|p1a: Delibird\n|-damage|p1a: Delibird|0 fnt\n|faint|p1a: Delibird\n|\n|upkeep\n|\n|t:|1771183628\n|switch|p1a: Lapras|Lapras, L87, F|276/367\n|turn|16\n|\n|t:|1771183632\n|move|p1a: Lapras|Ice Beam|p2a: Sunflora\n|-supereffective|p2a: Sunflora\n|-damage|p2a: Sunflora|0 fnt\n|faint|p2a: Sunflora\n|\n|upkeep\n|\n|t:|1771183642\n|switch|p2a: Haxorus|Haxorus, L77, F|244/244\n|-damage|p2a: Haxorus|183/244|[from] Spikes\n|-ability|p2a: Haxorus|Mold Breaker\n|turn|17\n|\n|t:|1771183678\n|switch|p1a: Okidogi|Okidogi, L77, M|262/262\n|-terastallize|p2a: Haxorus|Steel\n|move|p2a: Haxorus|Swords Dance|p2a: Haxorus\n|-boost|p2a: Haxorus|atk|2\n|\n|upkeep\n|turn|18\n|\n|t:|1771183720\n|move|p2a: Haxorus|Iron Head|p1a: Okidogi\n|-damage|p1a: Okidogi|97/262\n|move|p1a: Okidogi|Drain Punch|p2a: Haxorus\n|-supereffective|p2a: Haxorus\n|-damage|p2a: Haxorus|15/244\n|-heal|p1a: Okidogi|181/262|[from] drain|[of] p2a: Haxorus\n|\n|-heal|p1a: Okidogi|197/262|[from] item: Leftovers\n|upkeep\n|turn|19\n|\n|t:|1771183738\n|move|p2a: Haxorus|Scale Shot|p1a: Okidogi\n|-damage|p1a: Okidogi|137/262\n|-damage|p1a: Okidogi|86/262\n|-damage|p1a: Okidogi|35/262\n|-damage|p1a: Okidogi|0 fnt\n|faint|p1a: Okidogi\n|-hitcount|p1: Okidogi|4\n|-unboost|p2a: Haxorus|def|1\n|-boost|p2a: Haxorus|spe|1\n|\n|upkeep\n|\n|t:|1771183763\n|switch|p1a: Ampharos|Ampharos, L88, F|302/302\n|turn|20\n|\n|t:|1771183781\n|move|p2a: Haxorus|Iron Head|p1a: Ampharos\n|-resisted|p1a: Ampharos\n|-damage|p1a: Ampharos|213/302\n|move|p1a: Ampharos|Volt Switch|p2a: Haxorus\n|-damage|p2a: Haxorus|0 fnt\n|faint|p2a: Haxorus\n|\n|t:|1771183789\n|switch|p1a: Lapras|Lapras, L87, F|276/367|[from] Volt Switch\n|\n|upkeep\n|\n|t:|1771183792\n|switch|p2a: Scrafty|Scrafty, L84, M|246/246\n|-damage|p2a: Scrafty|185/246|[from] Spikes\n|turn|21\n|\n|t:|1771183812\n|-terastallize|p1a: Lapras|Water\n|move|p1a: Lapras|Hydro Pump|p2a: Scrafty\n|-damage|p2a: Scrafty|0 fnt\n|faint|p2a: Scrafty\n|\n|upkeep\n|\n|t:|1771183818\n|switch|p2a: Iron Jugulis|Iron Jugulis, L77|271/271\n|turn|22\n|\n|t:|1771183851\n|move|p2a: Iron Jugulis|Meteor Beam||[still]\n|-prepare|p2a: Iron Jugulis|Meteor Beam\n|-boost|p2a: Iron Jugulis|spa|1\n|-enditem|p2a: Iron Jugulis|Power Herb\n|-anim|p2a: Iron Jugulis|Meteor Beam|p1a: Lapras\n|-damage|p1a: Lapras|150/367\n|move|p1a: Lapras|Hydro Pump|p2a: Iron Jugulis\n|-damage|p2a: Iron Jugulis|23/271\n|\n|upkeep\n|turn|23\n|\n|t:|1771183880\n|move|p2a: Iron Jugulis|Hurricane|p1a: Lapras\n|-damage|p1a: Lapras|3/367\n|move|p1a: Lapras|Hydro Pump|p2a: Iron Jugulis\n|-damage|p2a: Iron Jugulis|0 fnt\n|faint|p2a: Iron Jugulis\n|-end|p2a: Iron Jugulis|Quark Drive|[silent]\n|\n|win|Superpascal\n|raw|Superpascal's rating: 2060 &rarr; <strong>2079</strong><br />(+19 for winning)\n|raw|darumaka maracas's rating: 2047 &rarr; <strong>2028</strong><br />(-19 for losing)\n|c|☆Superpascal|gg\n|l|☆darumaka maracas\n|player|p2|\n", "inputlog": ">version 686819e5e19f8a7fd2345cfc5a08a5085efa2cc3\n>start {\"formatid\":\"gen9randombattle\",\"seed\":\"sodium,ce5357d3794cd0a698fd98401a8cfbe6\",\"rated\":\"Rated battle\"}\n>player p1 {\"name\":\"Superpascal\",\"avatar\":\"blue\",\"rating\":2060,\"seed\":\"sodium,b17b7ee25f85686756959c8f147796bb\"}\n>player p2 {\"name\":\"darumaka maracas\",\"avatar\":\"postman\",\"rating\":2031,\"seed\":\"sodium,c740ed8538d0f7267209addbbdc5ae12\"}\n>p1 move icebeam\n>p2 move spikes\n>p1 switch 2\n>p2 move roost\n>p1 move spikes\n>p2 move roost\n>p1 move spikes\n>p2 move bodypress\n>p1 move freezedry\n>p2 move bodypress\n>p1 move spikes\n>p2 move roost\n>p1 move freezedry\n>p2 move spikes\n>p1 move freezedry\n>p2 move spikes\n>p1 move freezedry\n>p2 move spikes\n>p2 switch 5\n>p1 switch 3\n>p2 move darkpulse\n>p1 move uturn\n>p2 switch 2\n>p1 switch 2\n>p1 move hydropump\n>p2 move stealthrock\n>p2 switch 6\n>p1 switch 2\n>p2 move leafstorm\n>p1 move knockoff\n>p2 move leafstorm\n>p1 switch 3\n>p1 move rapidspin\n>p2 move dazzlinggleam\n>p1 switch 2\n>p1 move icebeam\n>p2 move leafstorm\n>p2 switch 4\n>p1 switch 4\n>p2 move swordsdance terastallize\n>p1 move drainpunch\n>p2 move ironhead\n>p1 move drainpunch\n>p2 move scaleshot\n>p1 switch 5\n>p1 move voltswitch\n>p2 move ironhead\n>p1 switch 4\n>p2 switch 3\n>p1 move hydropump terastallize\n>p2 move drainpunch\n>p2 switch 2\n>p1 move hydropump\n>p2 move meteorbeam\n>p1 move hydropump\n>p2 move hurricane", "uploadtime": 1771183887, "views": 11, "formatid": "gen9randombattle", "rating": 2028, "private": 0, "password": null}