{"id": "gen9randombattle-2540417607", "format": "[Gen 9] Random Battle", "players": ["Sporrty", "Aceryuzu"], "log": "|j|☆Sporrty\n|j|☆Aceryuzu\n|t:|1771199506\n|gametype|singles\n|player|p1|Sporrty|jogger|1561\n|player|p2|Aceryuzu|steven|1517\n|gen|9\n|tier|[Gen 9] Random Battle\n|rated|\n|rule|Species Clause: Limit one of each Pokémon\n|rule|HP Percentage Mod: HP is shown in percentages\n|rule|Sleep Clause Mod: Limit one foe put to sleep\n|rule|Illusion Level Mod: Illusion disguises the Pokémon's true level\n|\n|t:|1771199506\n|teamsize|p1|6\n|teamsize|p2|6\n|start\n|switch|p1a: Politoed|Politoed, L88, M|302/302\n|switch|p2a: Gardevoir|Gardevoir, L83, M|249/249\n|-ability|p2a: Gardevoir|Drizzle|Trace|[from] ability: Trace|[of] p1a: Politoed\n|-weather|RainDance|[from] ability: Drizzle|[of] p2a: Gardevoir\n|turn|1\n|\n|t:|1771199527\n|switch|p2a: Bruxish|Bruxish, L85, M|254/254\n|move|p1a: Politoed|Encore||[still]\n|-fail|p1a: Politoed\n|\n|-weather|RainDance|[upkeep]\n|upkeep\n|turn|2\n|\n|t:|1771199537\n|switch|p1a: Pecharunt|Pecharunt, L77|235/235\n|move|p2a: Bruxish|Psychic Fangs|p1a: Pecharunt\n|-immune|p1a: Pecharunt\n|\n|-weather|RainDance|[upkeep]\n|upkeep\n|turn|3\n|\n|t:|1771199556\n|switch|p2a: Grimmsnarl|Grimmsnarl, L83, M|293/293\n|move|p1a: Pecharunt|Dark Pulse|p2a: Grimmsnarl\n|-resisted|p2a: Grimmsnarl\n|-crit|p2a: Grimmsnarl\n|-damage|p2a: Grimmsnarl|235/293\n|\n|-weather|RainDance|[upkeep]\n|-heal|p2a: Grimmsnarl|253/293|[from] item: Leftovers\n|upkeep\n|turn|4\n|\n|t:|1771199570\n|switch|p1a: Brute Bonnet|Brute Bonnet, L81|312/312\n|move|p2a: Grimmsnarl|Thunder Wave|p1a: Brute Bonnet\n|-hint|Since gen 7, Dark is immune to Prankster moves.\n|-immune|p1a: Brute Bonnet\n|\n|-weather|RainDance|[upkeep]\n|-heal|p2a: Grimmsnarl|271/293|[from] item: Leftovers\n|upkeep\n|turn|5\n|\n|t:|1771199581\n|move|p2a: Grimmsnarl|Parting Shot|p1a: Brute Bonnet\n|-hint|Since gen 7, Dark is immune to Prankster moves.\n|-immune|p1a: Brute Bonnet\n|move|p1a: Brute Bonnet|Seed Bomb|p2a: Grimmsnarl\n|-damage|p2a: Grimmsnarl|150/293\n|\n|-weather|none\n|-heal|p2a: Grimmsnarl|168/293|[from] item: Leftovers\n|upkeep\n|turn|6\n|\n|t:|1771199591\n|move|p2a: Grimmsnarl|Spirit Break|p1a: Brute Bonnet\n|-supereffective|p1a: Brute Bonnet\n|-damage|p1a: Brute Bonnet|132/312\n|-unboost|p1a: Brute Bonnet|spa|1\n|move|p1a: Brute Bonnet|Seed Bomb|p2a: Grimmsnarl\n|-damage|p2a: Grimmsnarl|50/293\n|\n|-heal|p2a: Grimmsnarl|68/293|[from] item: Leftovers\n|-heal|p1a: Brute Bonnet|151/312|[from] item: Leftovers\n|upkeep\n|turn|7\n|\n|t:|1771199596\n|move|p2a: Grimmsnarl|Spirit Break|p1a: Brute Bonnet\n|-supereffective|p1a: Brute Bonnet\n|-damage|p1a: Brute Bonnet|0 fnt\n|faint|p1a: Brute Bonnet\n|-end|p1a: Brute Bonnet|Protosynthesis|[silent]\n|\n|-heal|p2a: Grimmsnarl|86/293|[from] item: Leftovers\n|upkeep\n|\n|t:|1771199603\n|switch|p1a: Pecharunt|Pecharunt, L77|235/235\n|turn|8\n|\n|t:|1771199608\n|move|p2a: Grimmsnarl|Parting Shot|p1a: Pecharunt\n|-hint|Since gen 7, Dark is immune to Prankster moves.\n|-immune|p1a: Pecharunt\n|move|p1a: Pecharunt|Sludge Bomb|p2a: Grimmsnarl\n|-supereffective|p2a: Grimmsnarl\n|-damage|p2a: Grimmsnarl|0 fnt\n|faint|p2a: Grimmsnarl\n|\n|upkeep\n|\n|t:|1771199646\n|switch|p2a: Lycanroc|Lycanroc-Midnight, L89, F|296/296\n|turn|9\n|\n|t:|1771199653\n|switch|p1a: Mienshao|Mienshao, L83, M|244/244\n|move|p2a: Lycanroc|Stone Edge|p1a: Mienshao\n|-resisted|p1a: Mienshao\n|-damage|p1a: Mienshao|118/244\n|-damage|p2a: Lycanroc|267/296|[from] item: Life Orb\n|\n|upkeep\n|turn|10\n|\n|t:|1771199663\n|switch|p2a: Gardevoir|Gardevoir, L83, M|249/249\n|-ability|p2a: Gardevoir|Regenerator|Trace|[from] ability: Trace|[of] p1a: Mienshao\n|move|p1a: Mienshao|Knock Off|p2a: Gardevoir\n|-damage|p2a: Gardevoir|109/249\n|-enditem|p2a: Gardevoir|Choice Scarf|[from] move: Knock Off|[of] p1a: Mienshao\n|-damage|p1a: Mienshao|94/244|[from] item: Life Orb\n|\n|upkeep\n|turn|11\n|\n|t:|1771199672\n|switch|p1a: Pecharunt|Pecharunt, L77|235/235\n|move|p2a: Gardevoir|Moonblast|p1a: Pecharunt\n|-supereffective|p1a: Pecharunt\n|-damage|p1a: Pecharunt|0 fnt\n|replace|p1a: Zoroark|Zoroark, L83, M\n|-end|p1a: Zoroark|Illusion\n|-hint|Illusion Level Mod is active, so this Pokémon's true level was hidden.\n|faint|p1a: Zoroark\n|\n|upkeep\n|\n|t:|1771199676\n|switch|p1a: Pecharunt|Pecharunt, L77|262/262\n|turn|12\n|\n|t:|1771199683\n|switch|p2a: Lycanroc|Lycanroc-Midnight, L89, F|267/296\n|move|p1a: Pecharunt|Malignant Chain|p2a: Lycanroc\n|-resisted|p2a: Lycanroc\n|-damage|p2a: Lycanroc|227/296\n|\n|upkeep\n|turn|13\n|\n|t:|1771199691\n|move|p2a: Lycanroc|Stone Edge|p1a: Pecharunt\n|-crit|p1a: Pecharunt\n|-damage|p1a: Pecharunt|94/262\n|-damage|p2a: Lycanroc|198/296|[from] item: Life Orb\n|move|p1a: Pecharunt|Shadow Ball|p2a: Lycanroc\n|-damage|p2a: Lycanroc|131/296\n|\n|-heal|p1a: Pecharunt|110/262|[from] item: Leftovers\n|upkeep\n|turn|14\n|\n|t:|1771199695\n|move|p2a: Lycanroc|Stone Edge|p1a: Pecharunt\n|-damage|p1a: Pecharunt|0 fnt\n|faint|p1a: Pecharunt\n|-damage|p2a: Lycanroc|102/296|[from] item: Life Orb\n|\n|upkeep\n|\n|t:|1771199700\n|switch|p1a: Mienshao|Mienshao, L83, M|175/244\n|turn|15\n|\n|t:|1771199704\n|switch|p2a: Bruxish|Bruxish, L85, M|254/254\n|move|p1a: Mienshao|Close Combat|p2a: Bruxish\n|-resisted|p2a: Bruxish\n|-damage|p2a: Bruxish|137/254\n|-unboost|p1a: Mienshao|def|1\n|-unboost|p1a: Mienshao|spd|1\n|-damage|p1a: Mienshao|151/244|[from] item: Life Orb\n|\n|upkeep\n|turn|16\n|\n|t:|1771199707\n|move|p2a: Bruxish|Aqua Jet|p1a: Mienshao\n|-damage|p1a: Mienshao|4/244\n|move|p1a: Mienshao|Knock Off|p2a: Bruxish\n|-supereffective|p2a: Bruxish\n|-damage|p2a: Bruxish|0 fnt\n|-enditem|p2a: Bruxish|Choice Band|[from] move: Knock Off|[of] p1a: Mienshao\n|faint|p2a: Bruxish\n|-damage|p1a: Mienshao|0 fnt|[from] item: Life Orb\n|faint|p1a: Mienshao\n|\n|upkeep\n|\n|t:|1771199719\n|switch|p1a: Ambipom|Ambipom, L84, F|263/263\n|switch|p2a: Leavanny|Leavanny, L86, M|269/269\n|turn|17\n|\n|t:|1771199759\n|-terastallize|p2a: Leavanny|Rock\n|move|p1a: Ambipom|Fake Out|p2a: Leavanny\n|-resisted|p2a: Leavanny\n|-damage|p2a: Leavanny|227/269\n|cant|p2a: Leavanny|flinch\n|\n|upkeep\n|turn|18\n|\n|t:|1771199766\n|move|p1a: Ambipom|U-turn|p2a: Leavanny\n|-damage|p2a: Leavanny|170/269\n|\n|t:|1771199769\n|switch|p1a: Politoed|Politoed, L88, M|302/302|[from] U-turn\n|-weather|RainDance|[from] ability: Drizzle|[of] p1a: Politoed\n|move|p2a: Leavanny|Sticky Web|p1a: Politoed\n|-sidestart|p1: Sporrty|move: Sticky Web\n|\n|-weather|RainDance|[upkeep]\n|upkeep\n|turn|19\n|\n|t:|1771199782\n|switch|p2a: Gardevoir|Gardevoir, L83, M|192/249\n|-ability|p2a: Gardevoir|Drizzle|Trace|[from] ability: Trace|[of] p1a: Politoed\n|move|p1a: Politoed|Surf|p2a: Gardevoir\n|-damage|p2a: Gardevoir|69/249\n|\n|-weather|RainDance|[upkeep]\n|upkeep\n|turn|20\n|\n|t:|1771199797\n|move|p2a: Gardevoir|Healing Wish|p2a: Gardevoir\n|faint|p2a: Gardevoir\n|move|p1a: Politoed|Surf|p2: Gardevoir|[notarget]\n|-fail|p1a: Politoed\n|\n|-weather|RainDance|[upkeep]\n|upkeep\n|\n|t:|1771199811\n|switch|p2a: Lycanroc|Lycanroc-Midnight, L89, F|102/296\n|-heal|p2a: Lycanroc|296/296|[from] move: Healing Wish\n|turn|21\n|\n|t:|1771199831\n|switch|p2a: Leavanny|Leavanny, L86, M, tera:Rock|170/269\n|move|p1a: Politoed|Surf|p2a: Leavanny\n|-supereffective|p2a: Leavanny\n|-damage|p2a: Leavanny|0 fnt\n|faint|p2a: Leavanny\n|\n|-weather|RainDance|[upkeep]\n|upkeep\n|\n|t:|1771199833\n|switch|p2a: Miraidon|Miraidon, L65|238/238\n|-fieldstart|move: Electric Terrain|[from] ability: Hadron Engine|[of] p2a: Miraidon\n|turn|22\n|\n|t:|1771199843\n|move|p2a: Miraidon|Electro Drift|p1a: Politoed\n|-supereffective|p1a: Politoed\n|-damage|p1a: Politoed|0 fnt\n|faint|p1a: Politoed\n|\n|-weather|none\n|upkeep\n|\n|t:|1771199845\n|switch|p1a: Ambipom|Ambipom, L84, F|263/263\n|-activate|p1a: Ambipom|move: Sticky Web\n|-unboost|p1a: Ambipom|spe|1\n|turn|23\n|\n|t:|1771199851\n|-terastallize|p1a: Ambipom|Normal\n|move|p2a: Miraidon|Electro Drift|p1a: Ambipom\n|-damage|p1a: Ambipom|7/263\n|move|p1a: Ambipom|Double-Edge|p2a: Miraidon\n|-damage|p2a: Miraidon|0 fnt\n|faint|p2a: Miraidon\n|-damage|p1a: Ambipom|0 fnt|[from] Recoil\n|faint|p1a: Ambipom\n|\n|win|Aceryuzu\n|raw|Sporrty's rating: 1561 &rarr; <strong>1538</strong><br />(-23 for losing)\n|raw|Aceryuzu's rating: 1517 &rarr; <strong>1540</strong><br />(+23 for winning)\n", "inputlog": ">version 686819e5e19f8a7fd2345cfc5a08a5085efa2cc3\n>start {\"formatid\":\"gen9randombattle\",\"seed\":\"sodium,821761025dc49616e60d9e4a050ad0ef\",\"rated\":\"Rated battle\"}\n>player p1 {\"name\":\"Sporrty\",\"avatar\":\"jogger\",\"rating\":1561,\"seed\":\"sodium,de9de0e08ff31c877300b113a2cb315b\"}\n>player p2 {\"name\":\"Aceryuzu\",\"avatar\":\"steven\",\"rating\":1517,\"seed\":\"sodium,1e8ed0df865485348fe92962cc841cfb\"}\n>p1 move encore\n>p2 switch 4\n>p1 switch 3\n>p2 move psychicfangs\n>p1 move darkpulse\n>p2 switch 6\n>p1 switch 2\n>p2 move thunderwave\n>p1 move seedbomb\n>p2 move partingshot\n>p1 move seedbomb\n>p2 move spiritbreak\n>p1 move seedbomb\n>p2 move spiritbreak\n>p1 switch 2\n>p1 move sludgebomb\n>p2 move partingshot\n>p2 switch 5\n>p1 switch 4\n>p2 move stoneedge\n>p1 move knockoff\n>p2 switch 4\n>p1 switch 4\n>p2 move moonblast\n>p1 switch 6\n>p1 move malignantchain\n>p2 switch 4\n>p1 move shadowball\n>p2 move stoneedge\n>p1 move recover\n>p2 move stoneedge\n>p1 switch 4\n>p1 move closecombat\n>p2 switch 6\n>p1 move knockoff\n>p2 move aquajet\n>p1 switch 5\n>p2 switch 2\n>p1 move fakeout\n>p2 move stickyweb terastallize\n>p1 move uturn\n>p2 move stickyweb\n>p1 switch 3\n>p1 move surf\n>p2 switch 4\n>p1 move surf\n>p2 move healingwish\n>p2 switch 6\n>p1 move surf\n>p2 switch 4\n>p2 switch 3\n>p1 move icebeam\n>p2 move electrodrift\n>p1 switch 3\n>p1 move doubleedge terastallize\n>p2 move electrodrift", "uploadtime": 1771199856, "views": 13, "formatid": "gen9randombattle", "rating": 1538, "private": 0, "password": null}