{"id": "gen9randombattle-2540805387", "format": "[Gen 9] Random Battle", "players": ["rayofdoom26", "ArcuateCow"], "log": "|j|☆rayofdoom26\n|j|☆ArcuateCow\n|t:|1771255887\n|gametype|singles\n|player|p1|rayofdoom26|170|1801\n|player|p2|ArcuateCow|101|1851\n|gen|9\n|tier|[Gen 9] Random Battle\n|rated|\n|rule|Species Clause: Limit one of each Pokémon\n|rule|HP Percentage Mod: HP is shown in percentages\n|rule|Sleep Clause Mod: Limit one foe put to sleep\n|rule|Illusion Level Mod: Illusion disguises the Pokémon's true level\n|\n|t:|1771255887\n|teamsize|p1|6\n|teamsize|p2|6\n|start\n|switch|p1a: Swanna|Swanna, L89, M|278/278\n|switch|p2a: Magmortar|Magmortar, L88, F|275/275\n|turn|1\n|inactive|Battle timer is ON: inactive players will automatically lose when time's up. (requested by ArcuateCow)\n|\n|t:|1771255912\n|switch|p1a: Dipplin|Dipplin, L88, M|284/284\n|move|p2a: Magmortar|Thunderbolt|p1a: Dipplin\n|-resisted|p1a: Dipplin\n|-damage|p1a: Dipplin|269/284\n|\n|upkeep\n|turn|2\n|\n|t:|1771255923\n|move|p2a: Magmortar|Fire Blast|p1a: Dipplin\n|-crit|p1a: Dipplin\n|-damage|p1a: Dipplin|118/284\n|move|p1a: Dipplin|Dragon Pulse|p2a: Magmortar\n|-damage|p2a: Magmortar|184/275\n|\n|upkeep\n|turn|3\n|\n|t:|1771255931\n|move|p2a: Magmortar|Fire Blast|p1a: Dipplin\n|-damage|p1a: Dipplin|7/284\n|move|p1a: Dipplin|Recover|p1a: Dipplin\n|-heal|p1a: Dipplin|149/284\n|\n|upkeep\n|turn|4\n|\n|t:|1771255944\n|switch|p1a: Emboar|Emboar, L84, M|322/322\n|move|p2a: Magmortar|Fire Blast|p1a: Emboar\n|-resisted|p1a: Emboar\n|-damage|p1a: Emboar|257/322\n|\n|upkeep\n|turn|5\n|\n|t:|1771255955\n|switch|p2a: Slowbro|Slowbro, L85, F|300/300\n|move|p1a: Emboar|Close Combat|p2a: Slowbro\n|-resisted|p2a: Slowbro\n|-damage|p2a: Slowbro|242/300\n|-unboost|p1a: Emboar|def|1\n|-unboost|p1a: Emboar|spd|1\n|\n|upkeep\n|turn|6\n|\n|t:|1771255968\n|switch|p1a: Chansey|Chansey, L85, F|564/564\n|move|p2a: Slowbro|Future Sight|p1a: Chansey\n|-start|p2a: Slowbro|move: Future Sight\n|\n|upkeep\n|turn|7\n|\n|t:|1771255982\n|switch|p2a: Palossand|Palossand, L89, M|296/296\n|move|p1a: Chansey|Stealth Rock|p2a: Palossand\n|-sidestart|p2: ArcuateCow|move: Stealth Rock\n|\n|upkeep\n|turn|8\n|inactive|rayofdoom26 has 120 seconds left.\n|\n|t:|1771256014\n|switch|p1a: Dipplin|Dipplin, L88, M|149/284\n|move|p2a: Palossand|Sludge Bomb|p1a: Dipplin\n|-supereffective|p1a: Dipplin\n|-damage|p1a: Dipplin|43/284\n|\n|-end|p1a: Dipplin|move: Future Sight\n|-damage|p1a: Dipplin|0 fnt\n|faint|p1a: Dipplin\n|upkeep\n|inactive|rayofdoom26 has 120 seconds left.\n|\n|t:|1771256041\n|switch|p1a: Swanna|Swanna, L89, M|278/278\n|turn|9\n|\n|t:|1771256049\n|switch|p2a: Slowbro|Slowbro, L85, F|300/300\n|-damage|p2a: Slowbro|263/300|[from] Stealth Rock\n|move|p1a: Swanna|Hydro Pump|p2a: Slowbro\n|-resisted|p2a: Slowbro\n|-damage|p2a: Slowbro|217/300\n|\n|upkeep\n|turn|10\n|\n|t:|1771256070\n|switch|p1a: Reuniclus|Reuniclus, L88, F|337/337\n|move|p2a: Slowbro|Future Sight|p1a: Reuniclus\n|-start|p2a: Slowbro|move: Future Sight\n|\n|upkeep\n|turn|11\n|\n|t:|1771256079\n|switch|p2a: Rillaboom|Rillaboom, L79, F|288/288\n|-damage|p2a: Rillaboom|252/288|[from] Stealth Rock\n|-fieldstart|move: Grassy Terrain|[from] ability: Grassy Surge|[of] p2a: Rillaboom\n|move|p1a: Reuniclus|Calm Mind|p1a: Reuniclus\n|-boost|p1a: Reuniclus|spa|1\n|-boost|p1a: Reuniclus|spd|1\n|\n|-heal|p2a: Rillaboom|270/288|[from] Grassy Terrain\n|upkeep\n|turn|12\n|inactive|rayofdoom26 has 90 seconds left.\n|\n|t:|1771256125\n|-terastallize|p1a: Reuniclus|Fighting\n|move|p2a: Rillaboom|Wood Hammer|p1a: Reuniclus\n|-damage|p1a: Reuniclus|40/337\n|-damage|p2a: Rillaboom|172/288|[from] Recoil\n|move|p1a: Reuniclus|Psyshock|p2a: Rillaboom\n|-damage|p2a: Rillaboom|0 fnt\n|faint|p2a: Rillaboom\n|\n|-end|p1a: Reuniclus|move: Future Sight\n|-supereffective|p1a: Reuniclus\n|-damage|p1a: Reuniclus|0 fnt\n|faint|p1a: Reuniclus\n|upkeep\n|inactive|rayofdoom26 has 60 seconds left.\n|\n|t:|1771256140\n|switch|p2a: Slowbro|Slowbro, L85, F|300/300\n|switch|p1a: Uxie|Uxie, L83|260/260\n|-damage|p2a: Slowbro|263/300|[from] Stealth Rock\n|turn|13\n|\n|t:|1771256150\n|move|p1a: Uxie|U-turn|p2a: Slowbro\n|-supereffective|p2a: Slowbro\n|-damage|p2a: Slowbro|191/300\n|\n|t:|1771256153\n|switch|p1a: Swanna|Swanna, L89, M|278/278|[from] U-turn\n|move|p2a: Slowbro|Future Sight|p1a: Swanna\n|-start|p2a: Slowbro|move: Future Sight\n|\n|-heal|p2a: Slowbro|209/300|[from] Grassy Terrain\n|upkeep\n|turn|14\n|\n|t:|1771256165\n|switch|p2a: Magmortar|Magmortar, L88, F|184/275\n|move|p1a: Swanna|Brave Bird|p2a: Magmortar\n|-damage|p2a: Magmortar|39/275\n|-damage|p1a: Swanna|230/278|[from] Recoil\n|\n|-heal|p2a: Magmortar|56/275|[from] Grassy Terrain\n|upkeep\n|turn|15\n|\n|t:|1771256178\n|move|p1a: Swanna|Hydro Pump|p2a: Magmortar\n|-supereffective|p2a: Magmortar\n|-damage|p2a: Magmortar|0 fnt\n|faint|p2a: Magmortar\n|\n|-end|p1a: Swanna|move: Future Sight\n|-damage|p1a: Swanna|61/278\n|-fieldend|move: Grassy Terrain\n|upkeep\n|\n|t:|1771256193\n|switch|p2a: Cloyster|Cloyster, L80, M|211/211\n|-damage|p2a: Cloyster|159/211|[from] Stealth Rock\n|turn|16\n|\n|t:|1771256213\n|switch|p1a: Uxie|Uxie, L83|260/260\n|move|p2a: Cloyster|Shell Smash|p2a: Cloyster\n|-unboost|p2a: Cloyster|def|1\n|-unboost|p2a: Cloyster|spd|1\n|-boost|p2a: Cloyster|atk|2\n|-boost|p2a: Cloyster|spa|2\n|-boost|p2a: Cloyster|spe|2\n|-enditem|p2a: Cloyster|White Herb\n|-clearnegativeboost|p2a: Cloyster|[silent]\n|\n|upkeep\n|turn|17\n|\n|t:|1771256224\n|move|p2a: Cloyster|Icicle Spear|p1a: Uxie\n|-damage|p1a: Uxie|223/260\n|-damage|p1a: Uxie|187/260\n|-damage|p1a: Uxie|153/260\n|-damage|p1a: Uxie|116/260\n|-damage|p1a: Uxie|77/260\n|-hitcount|p1a: Uxie|5\n|move|p1a: Uxie|Thunder Wave|p2a: Cloyster\n|-status|p2a: Cloyster|par\n|\n|-heal|p1a: Uxie|93/260|[from] item: Leftovers\n|upkeep\n|turn|18\n|\n|t:|1771256248\n|move|p1a: Uxie|Psychic Noise|p2a: Cloyster\n|-damage|p2a: Cloyster|60/211 par\n|-start|p2a: Cloyster|move: Heal Block\n|move|p2a: Cloyster|Shell Smash|p2a: Cloyster\n|-unboost|p2a: Cloyster|def|1\n|-unboost|p2a: Cloyster|spd|1\n|-boost|p2a: Cloyster|atk|2\n|-boost|p2a: Cloyster|spa|2\n|-boost|p2a: Cloyster|spe|2\n|\n|-heal|p1a: Uxie|109/260|[from] item: Leftovers\n|upkeep\n|turn|19\n|\n|t:|1771256263\n|cant|p2a: Cloyster|par\n|move|p1a: Uxie|Psychic Noise|p2a: Cloyster\n|-damage|p2a: Cloyster|0 fnt\n|faint|p2a: Cloyster\n|\n|-heal|p1a: Uxie|125/260|[from] item: Leftovers\n|upkeep\n|\n|t:|1771256269\n|switch|p2a: Palossand|Palossand, L89, M|296/296\n|-damage|p2a: Palossand|278/296|[from] Stealth Rock\n|turn|20\n|inactive|rayofdoom26 has 60 seconds left.\n|\n|t:|1771256305\n|move|p1a: Uxie|U-turn|p2a: Palossand\n|-resisted|p2a: Palossand\n|-damage|p2a: Palossand|262/296\n|\n|t:|1771256308\n|switch|p1a: Emboar|Emboar, L84, M|257/322|[from] U-turn\n|move|p2a: Palossand|Shadow Ball|p1a: Emboar\n|-damage|p1a: Emboar|181/322\n|\n|-heal|p2a: Palossand|280/296|[from] item: Leftovers\n|upkeep\n|turn|21\n|\n|t:|1771256326\n|switch|p2a: Slowbro|Slowbro, L85, F|300/300\n|-damage|p2a: Slowbro|263/300|[from] Stealth Rock\n|move|p1a: Emboar|Knock Off|p2a: Slowbro\n|-supereffective|p2a: Slowbro\n|-damage|p2a: Slowbro|119/300\n|-enditem|p2a: Slowbro|Assault Vest|[from] move: Knock Off|[of] p1a: Emboar\n|\n|upkeep\n|turn|22\n|\n|t:|1771256350\n|switch|p1a: Chansey|Chansey, L85, F|564/564\n|move|p2a: Slowbro|Future Sight|p1a: Chansey\n|-start|p2a: Slowbro|move: Future Sight\n|\n|upkeep\n|turn|23\n|\n|t:|1771256356\n|switch|p2a: Palossand|Palossand, L89, M|280/296\n|-damage|p2a: Palossand|262/296|[from] Stealth Rock\n|move|p1a: Chansey|Thunder Wave|p2a: Palossand\n|-immune|p2a: Palossand\n|\n|-heal|p2a: Palossand|280/296|[from] item: Leftovers\n|upkeep\n|turn|24\n|\n|t:|1771256366\n|move|p1a: Chansey|Stealth Rock||[still]\n|-fail|p1a: Chansey\n|move|p2a: Palossand|Sludge Bomb|p1a: Chansey\n|-damage|p1a: Chansey|521/564\n|-status|p1a: Chansey|psn\n|\n|-end|p1a: Chansey|move: Future Sight\n|-damage|p1a: Chansey|448/564 psn\n|-heal|p2a: Palossand|296/296|[from] item: Leftovers\n|-damage|p1a: Chansey|378/564 psn|[from] psn\n|upkeep\n|turn|25\n|\n|t:|1771256391\n|move|p1a: Chansey|Soft-Boiled|p1a: Chansey\n|-heal|p1a: Chansey|564/564 psn\n|move|p2a: Palossand|Shadow Ball|p1a: Chansey\n|-immune|p1a: Chansey\n|\n|-damage|p1a: Chansey|494/564 psn|[from] psn\n|upkeep\n|turn|26\n|\n|t:|1771256405\n|-curestatus|p1a: Chansey|psn|[from] ability: Natural Cure\n|switch|p1a: Emboar|Emboar, L84, M|181/322\n|move|p2a: Palossand|Earth Power|p1a: Emboar\n|-supereffective|p1a: Emboar\n|-damage|p1a: Emboar|0 fnt\n|faint|p1a: Emboar\n|\n|upkeep\n|\n|t:|1771256413\n|switch|p1a: Swanna|Swanna, L89, M|61/278\n|turn|27\n|\n|t:|1771256421\n|switch|p2a: Slowbro|Slowbro, L85, F|219/300\n|-damage|p2a: Slowbro|182/300|[from] Stealth Rock\n|move|p1a: Swanna|Roost|p1a: Swanna\n|-heal|p1a: Swanna|200/278\n|-singleturn|p1a: Swanna|move: Roost\n|\n|upkeep\n|turn|28\n|\n|t:|1771256431\n|move|p1a: Swanna|Brave Bird|p2a: Slowbro\n|-damage|p2a: Slowbro|70/300\n|-damage|p1a: Swanna|163/278|[from] Recoil\n|move|p2a: Slowbro|Future Sight|p1a: Swanna\n|-start|p2a: Slowbro|move: Future Sight\n|\n|upkeep\n|turn|29\n|\n|t:|1771256438\n|switch|p2a: Palossand|Palossand, L89, M|296/296\n|-damage|p2a: Palossand|278/296|[from] Stealth Rock\n|move|p1a: Swanna|Brave Bird|p2a: Palossand\n|-damage|p2a: Palossand|170/296\n|-damage|p1a: Swanna|127/278|[from] Recoil\n|\n|-heal|p2a: Palossand|188/296|[from] item: Leftovers\n|upkeep\n|turn|30\n|\n|t:|1771256449\n|switch|p1a: Chansey|Chansey, L85, F|494/564\n|switch|p2a: Slowbro|Slowbro, L85, F|170/300\n|-damage|p2a: Slowbro|133/300|[from] Stealth Rock\n|\n|-end|p1a: Chansey|move: Future Sight\n|-damage|p1a: Chansey|419/564\n|upkeep\n|turn|31\n|\n|t:|1771256472\n|switch|p1a: Swanna|Swanna, L89, M|127/278\n|switch|p2a: Palossand|Palossand, L89, M|188/296\n|-damage|p2a: Palossand|170/296|[from] Stealth Rock\n|\n|-heal|p2a: Palossand|188/296|[from] item: Leftovers\n|upkeep\n|turn|32\n|\n|t:|1771256483\n|switch|p2a: Slowbro|Slowbro, L85, F|233/300\n|-damage|p2a: Slowbro|196/300|[from] Stealth Rock\n|move|p1a: Swanna|Roost|p1a: Swanna\n|-heal|p1a: Swanna|266/278\n|-singleturn|p1a: Swanna|move: Roost\n|\n|upkeep\n|turn|33\n|\n|t:|1771256491\n|move|p1a: Swanna|Hydro Pump|p2a: Slowbro\n|-resisted|p2a: Slowbro\n|-damage|p2a: Slowbro|129/300\n|move|p2a: Slowbro|Future Sight|p1a: Swanna\n|-start|p2a: Slowbro|move: Future Sight\n|\n|upkeep\n|turn|34\n|\n|t:|1771256496\n|move|p1a: Swanna|Brave Bird|p2a: Slowbro\n|-damage|p2a: Slowbro|23/300\n|-damage|p1a: Swanna|231/278|[from] Recoil\n|move|p2a: Slowbro|Scald|p1a: Swanna\n|-resisted|p1a: Swanna\n|-damage|p1a: Swanna|173/278\n|\n|upkeep\n|turn|35\n|\n|t:|1771256508\n|switch|p1a: Chansey|Chansey, L85, F|419/564\n|switch|p2a: Palossand|Palossand, L89, M|188/296\n|-damage|p2a: Palossand|170/296|[from] Stealth Rock\n|\n|-end|p1a: Chansey|move: Future Sight\n|-damage|p1a: Chansey|341/564\n|-heal|p2a: Palossand|188/296|[from] item: Leftovers\n|upkeep\n|turn|36\n|\n|t:|1771256519\n|move|p1a: Chansey|Thunder Wave|p2a: Palossand\n|-immune|p2a: Palossand\n|move|p2a: Palossand|Sludge Bomb|p1a: Chansey\n|-crit|p1a: Chansey\n|-damage|p1a: Chansey|281/564\n|\n|-heal|p2a: Palossand|206/296|[from] item: Leftovers\n|upkeep\n|turn|37\n|\n|t:|1771256527\n|move|p1a: Chansey|Soft-Boiled|p1a: Chansey\n|-heal|p1a: Chansey|563/564\n|move|p2a: Palossand|Sludge Bomb|p1a: Chansey\n|-damage|p1a: Chansey|520/564\n|\n|-heal|p2a: Palossand|224/296|[from] item: Leftovers\n|upkeep\n|turn|38\n|inactive|rayofdoom26 has 60 seconds left.\n|\n|t:|1771256534\n|switch|p1a: Swanna|Swanna, L89, M|173/278\n|move|p2a: Palossand|Sludge Bomb|p1a: Swanna\n|-damage|p1a: Swanna|81/278\n|\n|-heal|p2a: Palossand|242/296|[from] item: Leftovers\n|upkeep\n|turn|39\n|\n|t:|1771256543\n|move|p1a: Swanna|Hydro Pump|p2a: Palossand\n|-supereffective|p2a: Palossand\n|-damage|p2a: Palossand|6/296\n|-ability|p2a: Palossand|Water Compaction|boost\n|-boost|p2a: Palossand|def|2\n|move|p2a: Palossand|Sludge Bomb|p1a: Swanna\n|-damage|p1a: Swanna|0 fnt\n|faint|p1a: Swanna\n|\n|-heal|p2a: Palossand|24/296|[from] item: Leftovers\n|upkeep\n|\n|t:|1771256552\n|switch|p1a: Uxie|Uxie, L83|125/260\n|turn|40\n|\n|t:|1771256559\n|move|p1a: Uxie|Psychic Noise|p2a: Palossand\n|-damage|p2a: Palossand|0 fnt\n|faint|p2a: Palossand\n|\n|-heal|p1a: Uxie|141/260|[from] item: Leftovers\n|upkeep\n|\n|t:|1771256563\n|switch|p2a: Zangoose|Zangoose, L85, M|263/263\n|-damage|p2a: Zangoose|231/263|[from] Stealth Rock\n|turn|41\n|\n|t:|1771256573\n|move|p1a: Uxie|Thunder Wave|p2a: Zangoose\n|-status|p2a: Zangoose|par\n|cant|p2a: Zangoose|par\n|\n|-heal|p1a: Uxie|157/260|[from] item: Leftovers\n|upkeep\n|turn|42\n|\n|t:|1771256585\n|move|p1a: Uxie|Psychic Noise|p2a: Zangoose\n|-damage|p2a: Zangoose|143/263 par\n|-start|p2a: Zangoose|move: Heal Block\n|cant|p2a: Zangoose|par\n|\n|-heal|p1a: Uxie|173/260|[from] item: Leftovers\n|upkeep\n|turn|43\n|\n|t:|1771256594\n|move|p1a: Uxie|Psychic Noise|p2a: Zangoose\n|-damage|p2a: Zangoose|65/263 par\n|move|p2a: Zangoose|Facade|p1a: Uxie\n|-damage|p1a: Uxie|31/260\n|\n|-heal|p1a: Uxie|47/260|[from] item: Leftovers\n|-end|p2a: Zangoose|move: Heal Block\n|upkeep\n|turn|44\n|inactive|rayofdoom26 has 90 seconds left.\n|\n|t:|1771256603\n|-terastallize|p2a: Zangoose|Normal\n|move|p2a: Zangoose|Quick Attack|p1a: Uxie\n|-damage|p1a: Uxie|0 fnt\n|faint|p1a: Uxie\n|\n|upkeep\n|\n|t:|1771256608\n|switch|p1a: Chansey|Chansey, L85, F|520/564\n|turn|45\n|\n|t:|1771256613\n|cant|p2a: Zangoose|par\n|move|p1a: Chansey|Seismic Toss|p2a: Zangoose\n|-damage|p2a: Zangoose|0 fnt\n|faint|p2a: Zangoose\n|\n|upkeep\n|-message|ArcuateCow forfeited.\n|\n|win|rayofdoom26\n|raw|rayofdoom26's rating: 1801 &rarr; <strong>1824</strong><br />(+23 for winning)\n|raw|ArcuateCow's rating: 1851 &rarr; <strong>1828</strong><br />(-23 for losing)\n|l|☆ArcuateCow\n|player|p2|\n", "inputlog": ">version 686819e5e19f8a7fd2345cfc5a08a5085efa2cc3\n>start {\"formatid\":\"gen9randombattle\",\"seed\":\"sodium,29864b5f078ed03a85e6c1d332fcbd7e\",\"rated\":\"Rated battle\"}\n>player p1 {\"name\":\"rayofdoom26\",\"avatar\":\"170\",\"rating\":1801,\"seed\":\"sodium,9bc6ab6b98717c382a543ddfc772dd0a\"}\n>player p2 {\"name\":\"ArcuateCow\",\"avatar\":\"101\",\"rating\":1851,\"seed\":\"sodium,bc5164378cc7c3f80ba11cf7e4b0db1d\"}\n>p1 switch 2\n>p2 move thunderbolt\n>p1 move dragonpulse\n>p2 move fireblast\n>p1 move recover\n>p2 move fireblast\n>p1 switch 4\n>p2 move fireblast\n>p1 move closecombat\n>p2 switch 2\n>p1 switch 3\n>p2 move futuresight\n>p1 move stealthrock\n>p2 switch 3\n>p1 switch 4\n>p2 move sludgebomb\n>p1 switch 2\n>p1 move hydropump\n>p2 switch 3\n>p1 switch 5\n>p2 move futuresight\n>p1 move calmmind\n>p2 switch 5\n>p1 move psyshock terastallize\n>p2 move woodhammer\n>p1 switch 6\n>p2 switch 5\n>p1 move uturn\n>p2 move futuresight\n>p1 switch 5\n>p1 move bravebird\n>p2 switch 2\n>p1 move hydropump\n>p2 move thunderbolt\n>p2 switch 6\n>p1 switch 5\n>p2 move shellsmash\n>p1 move thunderwave\n>p2 move iciclespear\n>p1 move psychicnoise\n>p2 move shellsmash\n>p1 move psychicnoise\n>p2 move iciclespear\n>p2 switch 3\n>p1 move uturn\n>p2 move shadowball\n>p1 switch 3\n>p1 move knockoff\n>p2 switch 2\n>p1 switch 4\n>p2 move futuresight\n>p1 move thunderwave\n>p2 switch 2\n>p1 move stealthrock\n>p2 move sludgebomb\n>p1 move softboiled\n>p2 move shadowball\n>p1 switch 4\n>p2 move earthpower\n>p1 switch 5\n>p1 move roost\n>p2 switch 2\n>p1 move bravebird\n>p2 move futuresight\n>p1 move bravebird\n>p2 switch 2\n>p1 switch 4\n>p2 switch 2\n>p1 switch 4\n>p2 switch 2\n>p1 move roost\n>p2 switch 2\n>p1 move hydropump\n>p2 move futuresight\n>p1 move bravebird\n>p2 move scald\n>p1 switch 4\n>p2 switch 2\n>p1 move thunderwave\n>p2 move sludgebomb\n>p1 move softboiled\n>p2 move sludgebomb\n>p1 switch 4\n>p2 move sludgebomb\n>p1 move hydropump\n>p2 move sludgebomb\n>p1 switch 3\n>p1 move psychicnoise\n>p2 move shoreup\n>p2 switch 4\n>p1 move thunderwave\n>p2 move facade\n>p1 move psychicnoise\n>p2 move facade\n>p1 move psychicnoise\n>p2 move facade\n>p1 move psychicnoise\n>p2 move quickattack terastallize\n>p1 switch 4\n>p1 move seismictoss\n>p2 move quickattack\n>forcelose p2", "uploadtime": 1771256623, "views": 6, "formatid": "gen9randombattle", "rating": 1824, "private": 0, "password": null}