{"id": "gen9randombattle-2540109916", "format": "[Gen 9] Random Battle", "players": ["Micael Lopes", "pokemonepic120"], "log": "|j|☆Micael Lopes\n|j|☆pokemonepic120\n|t:|1771163341\n|gametype|singles\n|player|p1|Micael Lopes|benga|1899\n|player|p2|pokemonepic120|169|1915\n|gen|9\n|tier|[Gen 9] Random Battle\n|rated|\n|rule|Species Clause: Limit one of each Pokémon\n|rule|HP Percentage Mod: HP is shown in percentages\n|rule|Sleep Clause Mod: Limit one foe put to sleep\n|rule|Illusion Level Mod: Illusion disguises the Pokémon's true level\n|\n|t:|1771163341\n|teamsize|p1|6\n|teamsize|p2|6\n|start\n|switch|p1a: Beartic|Beartic, L91, F|321/321\n|switch|p2a: Exeggutor|Exeggutor-Alola, L89, M|314/314\n|-item|p1a: Beartic|Heavy-Duty Boots|[from] ability: Frisk|[of] p2a: Exeggutor\n|turn|1\n|inactive|Battle timer is ON: inactive players will automatically lose when time's up. (requested by Micael Lopes)\n|inactive|Micael Lopes has 120 seconds left.\n|inactive|pokemonepic120 has 120 seconds left.\n|\n|t:|1771163389\n|switch|p2a: Illumise|Illumise, L91, F|266/266\n|move|p1a: Beartic|Swords Dance|p1a: Beartic\n|-boost|p1a: Beartic|atk|2\n|\n|upkeep\n|turn|2\n|\n|t:|1771163396\n|switch|p1a: Raichu|Raichu, L88, F|249/249\n|move|p2a: Illumise|Encore||[still]\n|-fail|p2a: Illumise\n|\n|upkeep\n|turn|3\n|\n|t:|1771163421\n|switch|p2a: Exeggutor|Exeggutor-Alola, L89, M|314/314\n|-item|p1a: Raichu|Assault Vest|[from] ability: Frisk|[of] p2a: Exeggutor\n|move|p1a: Raichu|Nuzzle|p2a: Exeggutor\n|-resisted|p2a: Exeggutor\n|-damage|p2a: Exeggutor|309/314\n|-status|p2a: Exeggutor|par\n|\n|upkeep\n|turn|4\n|\n|t:|1771163429\n|switch|p1a: Copperajah|Copperajah, L86, M|350/350\n|move|p2a: Exeggutor|Draco Meteor|p1a: Copperajah\n|-resisted|p1a: Copperajah\n|-damage|p1a: Copperajah|176/350\n|-unboost|p2a: Exeggutor|spa|2\n|\n|upkeep\n|turn|5\n|inactive|pokemonepic120 has 120 seconds left.\n|\n|t:|1771163460\n|switch|p2a: Malamar|Malamar, L82, F|275/275\n|move|p1a: Copperajah|Rock Slide|p2a: Malamar\n|-damage|p2a: Malamar|152/275\n|\n|upkeep\n|turn|6\n|\n|t:|1771163468\n|-terastallize|p1a: Copperajah|Fairy\n|move|p2a: Malamar|Superpower|p1a: Copperajah\n|-resisted|p1a: Copperajah\n|-damage|p1a: Copperajah|131/350\n|-boost|p2a: Malamar|atk|1\n|-boost|p2a: Malamar|def|1\n|move|p1a: Copperajah|Play Rough|p2a: Malamar\n|-supereffective|p2a: Malamar\n|-damage|p2a: Malamar|0 fnt\n|faint|p2a: Malamar\n|\n|upkeep\n|inactive|pokemonepic120 has 120 seconds left.\n|\n|t:|1771163501\n|switch|p2a: Tatsugiri|Tatsugiri, L87, M|260/260\n|turn|7\n|\n|t:|1771163523\n|switch|p1a: Suicune|Suicune, L82|298/298\n|-ability|p1a: Suicune|Pressure\n|move|p2a: Tatsugiri|Surf|p1a: Suicune\n|-resisted|p1a: Suicune\n|-damage|p1a: Suicune|248/298\n|\n|-heal|p1a: Suicune|266/298|[from] item: Leftovers\n|upkeep\n|turn|8\n|inactive|pokemonepic120 has 90 seconds left.\n|\n|t:|1771163555\n|switch|p2a: Leavanny|Leavanny, L86, F|269/269\n|switch|p1a: Raichu|Raichu, L88, F|249/249\n|\n|upkeep\n|turn|9\n|\n|t:|1771163567\n|move|p1a: Raichu|Nuzzle|p2a: Leavanny\n|-resisted|p2a: Leavanny\n|-damage|p2a: Leavanny|258/269\n|-status|p2a: Leavanny|par\n|move|p2a: Leavanny|Bullet Seed|p1a: Raichu\n|-damage|p1a: Raichu|212/249\n|-damage|p1a: Raichu|175/249\n|-damage|p1a: Raichu|132/249\n|-damage|p1a: Raichu|89/249\n|-hitcount|p1a: Raichu|4\n|\n|upkeep\n|turn|10\n|\n|t:|1771163578\n|switch|p1a: Cinderace|Cinderace, L77, F|249/249\n|move|p2a: Leavanny|Sticky Web|p1a: Cinderace\n|-sidestart|p1: Micael Lopes|move: Sticky Web\n|\n|upkeep\n|turn|11\n|\n|t:|1771163586\n|switch|p2a: Tatsugiri|Tatsugiri, L87, M|260/260\n|move|p1a: Cinderace|Court Change|p1a: Cinderace\n|-start|p1a: Cinderace|typechange|Normal|[from] ability: Libero\n|-swapsideconditions\n|-activate|p1a: Cinderace|move: Court Change\n|\n|upkeep\n|turn|12\n|\n|t:|1771163610\n|move|p1a: Cinderace|High Jump Kick|p2a: Tatsugiri|[miss]\n|-miss|p1a: Cinderace|p2a: Tatsugiri\n|-damage|p1a: Cinderace|125/249|[from] highjumpkick\n|move|p2a: Tatsugiri|Nasty Plot|p2a: Tatsugiri\n|-boost|p2a: Tatsugiri|spa|2\n|\n|upkeep\n|turn|13\n|\n|t:|1771163624\n|move|p1a: Cinderace|High Jump Kick|p2a: Tatsugiri\n|-damage|p2a: Tatsugiri|143/260\n|move|p2a: Tatsugiri|Nasty Plot|p2a: Tatsugiri\n|-boost|p2a: Tatsugiri|spa|2\n|\n|upkeep\n|turn|14\n|\n|t:|1771163628\n|move|p1a: Cinderace|High Jump Kick|p2a: Tatsugiri\n|-damage|p2a: Tatsugiri|34/260\n|move|p2a: Tatsugiri|Rapid Spin|p1a: Cinderace\n|-damage|p1a: Cinderace|95/249\n|-boost|p2a: Tatsugiri|spe|1\n|-sideend|p2: pokemonepic120|Sticky Web|[from] move: Rapid Spin|[of] p2a: Tatsugiri\n|\n|upkeep\n|turn|15\n|\n|t:|1771163631\n|move|p1a: Cinderace|Sucker Punch|p2a: Tatsugiri\n|-damage|p2a: Tatsugiri|0 fnt\n|faint|p2a: Tatsugiri\n|\n|upkeep\n|inactive|pokemonepic120 has 120 seconds left.\n|\n|t:|1771163640\n|switch|p2a: Exeggutor|Exeggutor-Alola, L89, M|309/314 par\n|-item|p1a: Cinderace|Heavy-Duty Boots|[from] ability: Frisk|[of] p2a: Exeggutor\n|turn|16\n|\n|t:|1771163659\n|switch|p1a: Farigiraf|Farigiraf, L91, F|366/366\n|move|p2a: Exeggutor|Giga Drain|p1a: Farigiraf\n|-ability|p1a: Farigiraf|Sap Sipper|boost\n|-boost|p1a: Farigiraf|atk|1\n|\n|upkeep\n|turn|17\n|\n|t:|1771163664\n|switch|p2a: Leavanny|Leavanny, L86, F|258/269 par\n|move|p1a: Farigiraf|Body Slam|p2a: Leavanny\n|-damage|p2a: Leavanny|93/269 par\n|\n|upkeep\n|turn|18\n|\n|t:|1771163667\n|move|p1a: Farigiraf|Body Slam|p2a: Leavanny\n|-damage|p2a: Leavanny|0 fnt\n|faint|p2a: Leavanny\n|\n|upkeep\n|\n|t:|1771163671\n|switch|p2a: Illumise|Illumise, L91, F|266/266\n|turn|19\n|\n|t:|1771163674\n|move|p2a: Illumise|Bug Buzz|p1a: Farigiraf\n|-supereffective|p1a: Farigiraf\n|-damage|p1a: Farigiraf|168/366\n|move|p1a: Farigiraf|Body Slam|p2a: Illumise\n|-damage|p2a: Illumise|97/266\n|\n|-heal|p1a: Farigiraf|190/366|[from] item: Leftovers\n|upkeep\n|turn|20\n|\n|t:|1771163679\n|move|p1a: Farigiraf|Protect|p1a: Farigiraf\n|-singleturn|p1a: Farigiraf|Protect\n|move|p2a: Illumise|Bug Buzz|p1a: Farigiraf\n|-activate|p1a: Farigiraf|move: Protect\n|\n|-heal|p1a: Farigiraf|212/366|[from] item: Leftovers\n|upkeep\n|turn|21\n|\n|t:|1771163683\n|move|p2a: Illumise|Bug Buzz|p1a: Farigiraf\n|-supereffective|p1a: Farigiraf\n|-damage|p1a: Farigiraf|30/366\n|move|p1a: Farigiraf|Body Slam|p2a: Illumise\n|-damage|p2a: Illumise|0 fnt\n|faint|p2a: Illumise\n|\n|-heal|p1a: Farigiraf|52/366|[from] item: Leftovers\n|upkeep\n|\n|t:|1771163686\n|switch|p2a: Cryogonal|Cryogonal, L89|287/287\n|turn|22\n|\n|t:|1771163705\n|move|p1a: Farigiraf|Protect|p1a: Farigiraf\n|-singleturn|p1a: Farigiraf|Protect\n|move|p2a: Cryogonal|Freeze-Dry|p1a: Farigiraf\n|-activate|p1a: Farigiraf|move: Protect\n|\n|-heal|p1a: Farigiraf|74/366|[from] item: Leftovers\n|upkeep\n|turn|23\n|\n|t:|1771163710\n|switch|p1a: Beartic|Beartic, L91, F|321/321\n|move|p2a: Cryogonal|Freeze-Dry|p1a: Beartic\n|-resisted|p1a: Beartic\n|-damage|p1a: Beartic|278/321\n|\n|upkeep\n|turn|24\n|\n|t:|1771163715\n|move|p2a: Cryogonal|Flash Cannon|p1a: Beartic\n|-supereffective|p1a: Beartic\n|-damage|p1a: Beartic|156/321\n|move|p1a: Beartic|Close Combat|p2a: Cryogonal\n|-supereffective|p2a: Cryogonal\n|-damage|p2a: Cryogonal|0 fnt\n|-unboost|p1a: Beartic|def|1\n|-unboost|p1a: Beartic|spd|1\n|faint|p2a: Cryogonal\n|\n|upkeep\n|c|☆Micael Lopes|**__Sexy game.__**\n|inactive|pokemonepic120 has 120 seconds left.\n|inactive|pokemonepic120 has 90 seconds left.\n|inactive|pokemonepic120 has 60 seconds left.\n|inactive|pokemonepic120 has 30 seconds left.\n|inactive|pokemonepic120 has 20 seconds left.\n|inactive|pokemonepic120 has 15 seconds left.\n|inactive|pokemonepic120 has 10 seconds left.\n|\n|t:|1771163856\n|switch|p2a: Exeggutor|Exeggutor-Alola, L89, M|309/314 par\n|-item|p1a: Beartic|Heavy-Duty Boots|[from] ability: Frisk|[of] p2a: Exeggutor\n|turn|25\n|inactive|pokemonepic120 has 25 seconds left this turn.\n|inactive|pokemonepic120 has 20 seconds left.\n|\n|t:|1771163874\n|move|p1a: Beartic|Icicle Crash|p2a: Exeggutor\n|-supereffective|p2a: Exeggutor\n|-damage|p2a: Exeggutor|0 fnt\n|faint|p2a: Exeggutor\n|\n|win|Micael Lopes\n|raw|Micael Lopes's rating: 1896 &rarr; <strong>1917</strong><br />(+21 for winning)\n|raw|pokemonepic120's rating: 1915 &rarr; <strong>1894</strong><br />(-21 for losing)\n|c|☆Micael Lopes|**__Sexy game.__**\n|l|☆pokemonepic120\n|player|p2|\n", "inputlog": ">version 686819e5e19f8a7fd2345cfc5a08a5085efa2cc3\n>start {\"formatid\":\"gen9randombattle\",\"seed\":\"sodium,3295dce6f1fec5ba739adf578481a09c\",\"rated\":\"Rated battle\"}\n>player p1 {\"name\":\"Micael Lopes\",\"avatar\":\"benga\",\"rating\":1899,\"seed\":\"sodium,0c7990d174e7212621d6fe7fef6c9ab5\"}\n>player p2 {\"name\":\"pokemonepic120\",\"avatar\":\"169\",\"rating\":1915,\"seed\":\"sodium,a72d21357e37ad16ffc03d31bb1bcbe8\"}\n>p1 move swordsdance\n>p2 switch 6\n>p1 switch 4\n>p2 move encore\n>p1 move nuzzle\n>p2 switch 6\n>p1 switch 3\n>p2 move dracometeor\n>p1 move rockslide\n>p2 switch 3\n>p1 move playrough terastallize\n>p2 move superpower\n>p2 switch 2\n>p1 switch 5\n>p2 move surf\n>p1 switch 3\n>p2 switch 4\n>p1 move nuzzle\n>p2 move bulletseed\n>p1 switch 2\n>p2 move stickyweb\n>p1 move courtchange\n>p2 switch 4\n>p1 move highjumpkick\n>p2 move nastyplot\n>p1 move highjumpkick\n>p2 move nastyplot\n>p1 move highjumpkick\n>p2 move rapidspin\n>p1 move suckerpunch\n>p2 move surf\n>p2 switch 3\n>p1 switch 6\n>p2 move gigadrain\n>p1 move bodyslam\n>p2 switch 4\n>p1 move bodyslam\n>p2 move knockoff\n>p2 switch 6\n>p1 move bodyslam\n>p2 move bugbuzz\n>p1 move protect\n>p2 move bugbuzz\n>p1 move bodyslam\n>p2 move bugbuzz\n>p2 switch 5\n>p1 move protect\n>p2 move freezedry\n>p1 switch 4\n>p2 move freezedry\n>p1 move closecombat\n>p2 move flashcannon\n>chat ☆Micael Lopes|**__Sexy game.__**\n>p2 switch 4\n>p1 move iciclecrash\n>p2 move flamethrower", "uploadtime": 1771164105, "views": 10, "formatid": "gen9randombattle", "rating": 1894, "private": 0, "password": null}