{"id": "gen9randombattle-2540203019", "format": "[Gen 9] Random Battle", "players": ["AnubisRosalina", "reggie1000"], "log": "|j|☆AnubisRosalina\n|j|☆reggie1000\n|t:|1771175324\n|gametype|singles\n|player|p1|AnubisRosalina|2|1877\n|player|p2|reggie1000|1|1860\n|gen|9\n|tier|[Gen 9] Random Battle\n|rated|\n|rule|Species Clause: Limit one of each Pokémon\n|rule|HP Percentage Mod: HP is shown in percentages\n|rule|Sleep Clause Mod: Limit one foe put to sleep\n|rule|Illusion Level Mod: Illusion disguises the Pokémon's true level\n|\n|t:|1771175324\n|teamsize|p1|6\n|teamsize|p2|6\n|start\n|switch|p1a: Misdreavus|Misdreavus, L90, F|254/254\n|switch|p2a: Crabominable|Crabominable, L90, M|321/321\n|turn|1\n|\n|t:|1771175334\n|switch|p2a: Copperajah|Copperajah, L86, M|350/350\n|move|p1a: Misdreavus|Will-O-Wisp|p2a: Copperajah\n|-status|p2a: Copperajah|brn\n|\n|-damage|p2a: Copperajah|329/350 brn|[from] brn\n|upkeep\n|turn|2\n|\n|t:|1771175358\n|switch|p1a: Hippowdon|Hippowdon, L82, F|311/311\n|-weather|Sandstorm|[from] ability: Sand Stream|[of] p1a: Hippowdon\n|move|p2a: Copperajah|Heavy Slam|p1a: Hippowdon\n|-crit|p1a: Hippowdon\n|-damage|p1a: Hippowdon|189/311\n|\n|-weather|Sandstorm|[upkeep]\n|-heal|p1a: Hippowdon|208/311|[from] item: Leftovers\n|-damage|p2a: Copperajah|308/350 brn|[from] brn\n|upkeep\n|turn|3\n|\n|t:|1771175365\n|move|p1a: Hippowdon|Slack Off|p1a: Hippowdon\n|-heal|p1a: Hippowdon|311/311\n|move|p2a: Copperajah|Heavy Slam|p1a: Hippowdon\n|-damage|p1a: Hippowdon|231/311\n|\n|-weather|Sandstorm|[upkeep]\n|-heal|p1a: Hippowdon|250/311|[from] item: Leftovers\n|-damage|p2a: Copperajah|287/350 brn|[from] brn\n|upkeep\n|turn|4\n|\n|t:|1771175388\n|switch|p2a: Crabominable|Crabominable, L90, M|321/321\n|move|p1a: Hippowdon|Earthquake|p2a: Crabominable\n|-damage|p2a: Crabominable|215/321\n|\n|-weather|Sandstorm|[upkeep]\n|-damage|p2a: Crabominable|195/321|[from] Sandstorm\n|-heal|p1a: Hippowdon|269/311|[from] item: Leftovers\n|upkeep\n|turn|5\n|\n|t:|1771175404\n|switch|p1a: Misdreavus|Misdreavus, L90, F|254/254\n|move|p2a: Crabominable|Ice Hammer|p1a: Misdreavus\n|-damage|p1a: Misdreavus|17/254\n|-unboost|p2a: Crabominable|spe|1\n|\n|-weather|Sandstorm|[upkeep]\n|-damage|p1a: Misdreavus|2/254|[from] Sandstorm\n|-damage|p2a: Crabominable|175/321|[from] Sandstorm\n|upkeep\n|turn|6\n|\n|t:|1771175409\n|switch|p2a: Copperajah|Copperajah, L86, M|287/350 brn\n|move|p1a: Misdreavus|Draining Kiss|p2a: Copperajah\n|-resisted|p2a: Copperajah\n|-damage|p2a: Copperajah|266/350 brn\n|-heal|p1a: Misdreavus|18/254|[from] drain|[of] p2a: Copperajah\n|\n|-weather|none\n|-damage|p2a: Copperajah|245/350 brn|[from] brn\n|upkeep\n|turn|7\n|\n|t:|1771175425\n|switch|p1a: Hippowdon|Hippowdon, L82, F|269/311\n|-weather|Sandstorm|[from] ability: Sand Stream|[of] p1a: Hippowdon\n|move|p2a: Copperajah|Heavy Slam|p1a: Hippowdon\n|-crit|p1a: Hippowdon\n|-damage|p1a: Hippowdon|147/311\n|\n|-weather|Sandstorm|[upkeep]\n|-heal|p1a: Hippowdon|166/311|[from] item: Leftovers\n|-damage|p2a: Copperajah|224/350 brn|[from] brn\n|upkeep\n|turn|8\n|\n|t:|1771175439\n|switch|p2a: Crabominable|Crabominable, L90, M|175/321\n|move|p1a: Hippowdon|Earthquake|p2a: Crabominable\n|-damage|p2a: Crabominable|49/321\n|\n|-weather|Sandstorm|[upkeep]\n|-damage|p2a: Crabominable|29/321|[from] Sandstorm\n|-heal|p1a: Hippowdon|185/311|[from] item: Leftovers\n|upkeep\n|turn|9\n|\n|t:|1771175457\n|move|p2a: Crabominable|Ice Hammer|p1a: Hippowdon\n|-supereffective|p1a: Hippowdon\n|-damage|p1a: Hippowdon|0 fnt\n|-unboost|p2a: Crabominable|spe|1\n|faint|p1a: Hippowdon\n|\n|-weather|Sandstorm|[upkeep]\n|-damage|p2a: Crabominable|9/321|[from] Sandstorm\n|upkeep\n|\n|t:|1771175494\n|switch|p1a: Meloetta|Meloetta, L82|298/298\n|turn|10\n|\n|t:|1771175501\n|switch|p2a: Copperajah|Copperajah, L86, M|224/350 brn\n|move|p1a: Meloetta|Relic Song|p2a: Copperajah\n|-resisted|p2a: Copperajah\n|-damage|p2a: Copperajah|146/350 brn\n|-formechange|p1a: Meloetta|Meloetta-Pirouette|[msg]\n|-damage|p1a: Meloetta|269/298|[from] item: Life Orb\n|\n|-weather|Sandstorm|[upkeep]\n|-damage|p1a: Meloetta|251/298|[from] Sandstorm\n|-damage|p2a: Copperajah|125/350 brn|[from] brn\n|upkeep\n|turn|11\n|\n|t:|1771175513\n|move|p1a: Meloetta|Close Combat|p2a: Copperajah\n|-supereffective|p2a: Copperajah\n|-damage|p2a: Copperajah|0 fnt\n|-unboost|p1a: Meloetta|def|1\n|-unboost|p1a: Meloetta|spd|1\n|faint|p2a: Copperajah\n|-damage|p1a: Meloetta|222/298|[from] item: Life Orb\n|\n|-weather|none\n|upkeep\n|\n|t:|1771175517\n|switch|p2a: Drifblim|Drifblim, L86, M|396/396\n|turn|12\n|\n|t:|1771175532\n|move|p1a: Meloetta|Triple Axel|p2a: Drifblim\n|-supereffective|p2a: Drifblim\n|-damage|p2a: Drifblim|326/396\n|-hitcount|p2a: Drifblim|1\n|-damage|p1a: Meloetta|193/298|[from] item: Life Orb\n|move|p2a: Drifblim|Calm Mind|p2a: Drifblim\n|-boost|p2a: Drifblim|spa|1\n|-boost|p2a: Drifblim|spd|1\n|\n|upkeep\n|turn|13\n|\n|t:|1771175541\n|-terastallize|p2a: Drifblim|Ghost\n|move|p1a: Meloetta|Triple Axel|p2a: Drifblim\n|-damage|p2a: Drifblim|290/396\n|-damage|p2a: Drifblim|224/396\n|-damage|p2a: Drifblim|121/396\n|-enditem|p2a: Drifblim|Sitrus Berry|[eat]\n|-heal|p2a: Drifblim|220/396|[from] item: Sitrus Berry\n|-hitcount|p2a: Drifblim|3\n|-damage|p1a: Meloetta|164/298|[from] item: Life Orb\n|move|p2a: Drifblim|Strength Sap|p1a: Meloetta\n|-unboost|p1a: Meloetta|atk|1\n|-heal|p2a: Drifblim|396/396\n|\n|upkeep\n|turn|14\n|\n|t:|1771175564\n|switch|p1a: Chansey|Chansey, L85, F|564/564\n|move|p2a: Drifblim|Calm Mind|p2a: Drifblim\n|-boost|p2a: Drifblim|spa|1\n|-boost|p2a: Drifblim|spd|1\n|\n|upkeep\n|turn|15\n|\n|t:|1771175605\n|move|p2a: Drifblim|Calm Mind|p2a: Drifblim\n|-boost|p2a: Drifblim|spa|1\n|-boost|p2a: Drifblim|spd|1\n|move|p1a: Chansey|Thunder Wave|p2a: Drifblim\n|-status|p2a: Drifblim|par\n|\n|upkeep\n|turn|16\n|\n|t:|1771175623\n|switch|p1a: Meloetta|Meloetta, L82|164/298\n|move|p2a: Drifblim|Air Slash|p1a: Meloetta\n|-crit|p1a: Meloetta\n|-damage|p1a: Meloetta|0 fnt\n|faint|p1a: Meloetta\n|\n|upkeep\n|inactive|Battle timer is ON: inactive players will automatically lose when time's up. (requested by reggie1000)\n|\n|t:|1771175653\n|switch|p1a: Clodsire|Clodsire, L81, M|343/343\n|turn|17\n|\n|t:|1771175658\n|move|p2a: Drifblim|Shadow Ball|p1a: Clodsire\n|-damage|p1a: Clodsire|237/343\n|move|p1a: Clodsire|Poison Jab|p2a: Drifblim\n|-resisted|p2a: Drifblim\n|-damage|p2a: Drifblim|345/396 par\n|\n|-heal|p1a: Clodsire|258/343|[from] item: Leftovers\n|upkeep\n|turn|18\n|\n|t:|1771175682\n|move|p2a: Drifblim|Shadow Ball|p1a: Clodsire\n|-damage|p1a: Clodsire|146/343\n|move|p1a: Clodsire|Poison Jab|p2a: Drifblim\n|-resisted|p2a: Drifblim\n|-damage|p2a: Drifblim|296/396 par\n|\n|-heal|p1a: Clodsire|167/343|[from] item: Leftovers\n|upkeep\n|turn|19\n|\n|t:|1771175694\n|move|p2a: Drifblim|Strength Sap|p1a: Clodsire\n|-unboost|p1a: Clodsire|atk|1\n|-heal|p2a: Drifblim|396/396 par\n|move|p1a: Clodsire|Recover|p1a: Clodsire\n|-heal|p1a: Clodsire|339/343\n|\n|-heal|p1a: Clodsire|343/343|[from] item: Leftovers\n|upkeep\n|turn|20\n|\n|t:|1771175706\n|switch|p1a: Chansey|Chansey, L85, F|564/564\n|move|p2a: Drifblim|Shadow Ball|p1a: Chansey\n|-immune|p1a: Chansey\n|\n|upkeep\n|turn|21\n|c|☆reggie1000|in case you didn't realize, but i'm not immune to ground and i cannot be poisoned\n|\n|t:|1771175711\n|move|p2a: Drifblim|Air Slash|p1a: Chansey\n|-damage|p1a: Chansey|441/564\n|move|p1a: Chansey|Stealth Rock|p2a: Drifblim\n|-sidestart|p2: reggie1000|move: Stealth Rock\n|\n|upkeep\n|turn|22\n|\n|t:|1771175715\n|move|p2a: Drifblim|Air Slash|p1a: Chansey\n|-damage|p1a: Chansey|332/564\n|move|p1a: Chansey|Seismic Toss|p2a: Drifblim\n|-immune|p2a: Drifblim\n|\n|upkeep\n|turn|23\n|\n|t:|1771175717\n|move|p2a: Drifblim|Air Slash|p1a: Chansey\n|-damage|p1a: Chansey|220/564\n|move|p1a: Chansey|Soft-Boiled|p1a: Chansey\n|-heal|p1a: Chansey|502/564\n|\n|upkeep\n|turn|24\n|\n|t:|1771175721\n|move|p2a: Drifblim|Calm Mind|p2a: Drifblim\n|-boost|p2a: Drifblim|spa|1\n|-boost|p2a: Drifblim|spd|1\n|move|p1a: Chansey|Thunder Wave|p2a: Drifblim\n|-fail|p2a: Drifblim|par\n|\n|upkeep\n|turn|25\n|\n|t:|1771175727\n|move|p2a: Drifblim|Calm Mind|p2a: Drifblim\n|-boost|p2a: Drifblim|spa|1\n|-boost|p2a: Drifblim|spd|1\n|move|p1a: Chansey|Seismic Toss|p2a: Drifblim\n|-immune|p2a: Drifblim\n|\n|upkeep\n|turn|26\n|\n|t:|1771175729\n|move|p2a: Drifblim|Calm Mind|p2a: Drifblim\n|-boost|p2a: Drifblim|spa|1\n|-boost|p2a: Drifblim|spd|1\n|move|p1a: Chansey|Seismic Toss|p2a: Drifblim\n|-immune|p2a: Drifblim\n|\n|upkeep\n|turn|27\n|\n|t:|1771175731\n|cant|p2a: Drifblim|par\n|move|p1a: Chansey|Soft-Boiled|p1a: Chansey\n|-heal|p1a: Chansey|564/564\n|\n|upkeep\n|turn|28\n|\n|t:|1771175733\n|move|p2a: Drifblim|Air Slash|p1a: Chansey\n|-damage|p1a: Chansey|378/564\n|cant|p1a: Chansey|flinch\n|\n|upkeep\n|turn|29\n|\n|t:|1771175736\n|move|p2a: Drifblim|Air Slash|p1a: Chansey\n|-damage|p1a: Chansey|203/564\n|move|p1a: Chansey|Stealth Rock||[still]\n|-fail|p1a: Chansey\n|\n|upkeep\n|turn|30\n|\n|t:|1771175739\n|move|p2a: Drifblim|Air Slash|p1a: Chansey\n|-damage|p1a: Chansey|35/564\n|move|p1a: Chansey|Soft-Boiled|p1a: Chansey\n|-heal|p1a: Chansey|317/564\n|\n|upkeep\n|turn|31\n|\n|t:|1771175741\n|move|p2a: Drifblim|Air Slash|p1a: Chansey\n|-damage|p1a: Chansey|121/564\n|move|p1a: Chansey|Soft-Boiled|p1a: Chansey\n|-heal|p1a: Chansey|403/564\n|\n|upkeep\n|turn|32\n|\n|t:|1771175744\n|cant|p2a: Drifblim|par\n|move|p1a: Chansey|Soft-Boiled|p1a: Chansey\n|-heal|p1a: Chansey|564/564\n|\n|upkeep\n|turn|33\n|\n|t:|1771175752\n|move|p2a: Drifblim|Air Slash|p1a: Chansey\n|-damage|p1a: Chansey|372/564\n|move|p1a: Chansey|Thunder Wave|p2a: Drifblim\n|-fail|p2a: Drifblim|par\n|\n|upkeep\n|turn|34\n|\n|t:|1771175755\n|move|p2a: Drifblim|Air Slash|p1a: Chansey\n|-damage|p1a: Chansey|191/564\n|move|p1a: Chansey|Seismic Toss|p2a: Drifblim\n|-immune|p2a: Drifblim\n|\n|upkeep\n|turn|35\n|\n|t:|1771175758\n|move|p2a: Drifblim|Air Slash|p1a: Chansey\n|-damage|p1a: Chansey|5/564\n|cant|p1a: Chansey|flinch\n|\n|upkeep\n|turn|36\n|\n|t:|1771175764\n|switch|p1a: Clodsire|Clodsire, L81, M|343/343\n|move|p2a: Drifblim|Air Slash|p1a: Clodsire\n|-damage|p1a: Clodsire|271/343\n|\n|-heal|p1a: Clodsire|292/343|[from] item: Leftovers\n|upkeep\n|turn|37\n|\n|t:|1771175768\n|cant|p2a: Drifblim|par\n|move|p1a: Clodsire|Poison Jab|p2a: Drifblim\n|-resisted|p2a: Drifblim\n|-damage|p2a: Drifblim|344/396 par\n|\n|-heal|p1a: Clodsire|313/343|[from] item: Leftovers\n|upkeep\n|turn|38\n|\n|t:|1771175772\n|move|p2a: Drifblim|Shadow Ball|p1a: Clodsire\n|-damage|p1a: Clodsire|209/343\n|move|p1a: Clodsire|Poison Jab|p2a: Drifblim\n|-resisted|p2a: Drifblim\n|-damage|p2a: Drifblim|292/396 par\n|\n|-heal|p1a: Clodsire|230/343|[from] item: Leftovers\n|upkeep\n|turn|39\n|\n|t:|1771175780\n|cant|p2a: Drifblim|par\n|move|p1a: Clodsire|Poison Jab|p2a: Drifblim\n|-resisted|p2a: Drifblim\n|-damage|p2a: Drifblim|238/396 par\n|\n|-heal|p1a: Clodsire|251/343|[from] item: Leftovers\n|upkeep\n|turn|40\n|\n|t:|1771175783\n|move|p2a: Drifblim|Strength Sap|p1a: Clodsire\n|-unboost|p1a: Clodsire|atk|1\n|-heal|p2a: Drifblim|396/396 par\n|move|p1a: Clodsire|Poison Jab|p2a: Drifblim\n|-resisted|p2a: Drifblim\n|-damage|p2a: Drifblim|362/396 par\n|\n|-heal|p1a: Clodsire|272/343|[from] item: Leftovers\n|upkeep\n|turn|41\n|\n|t:|1771175785\n|cant|p2a: Drifblim|par\n|move|p1a: Clodsire|Poison Jab|p2a: Drifblim\n|-resisted|p2a: Drifblim\n|-damage|p2a: Drifblim|331/396 par\n|\n|-heal|p1a: Clodsire|293/343|[from] item: Leftovers\n|upkeep\n|turn|42\n|\n|t:|1771175787\n|move|p2a: Drifblim|Shadow Ball|p1a: Clodsire\n|-damage|p1a: Clodsire|187/343\n|move|p1a: Clodsire|Poison Jab|p2a: Drifblim\n|-resisted|p2a: Drifblim\n|-damage|p2a: Drifblim|298/396 par\n|\n|-heal|p1a: Clodsire|208/343|[from] item: Leftovers\n|upkeep\n|turn|43\n|\n|t:|1771175789\n|move|p2a: Drifblim|Shadow Ball|p1a: Clodsire\n|-damage|p1a: Clodsire|98/343\n|move|p1a: Clodsire|Poison Jab|p2a: Drifblim\n|-resisted|p2a: Drifblim\n|-damage|p2a: Drifblim|265/396 par\n|\n|-heal|p1a: Clodsire|119/343|[from] item: Leftovers\n|upkeep\n|turn|44\n|\n|t:|1771175792\n|cant|p2a: Drifblim|par\n|move|p1a: Clodsire|Recover|p1a: Clodsire\n|-heal|p1a: Clodsire|291/343\n|\n|-heal|p1a: Clodsire|312/343|[from] item: Leftovers\n|upkeep\n|turn|45\n|\n|t:|1771175794\n|cant|p2a: Drifblim|par\n|move|p1a: Clodsire|Poison Jab|p2a: Drifblim\n|-resisted|p2a: Drifblim\n|-damage|p2a: Drifblim|232/396 par\n|\n|-heal|p1a: Clodsire|333/343|[from] item: Leftovers\n|upkeep\n|turn|46\n|\n|t:|1771175799\n|move|p2a: Drifblim|Strength Sap|p1a: Clodsire\n|-unboost|p1a: Clodsire|atk|1\n|-heal|p2a: Drifblim|344/396 par\n|move|p1a: Clodsire|Poison Jab|p2a: Drifblim\n|-resisted|p2a: Drifblim\n|-damage|p2a: Drifblim|320/396 par\n|\n|-heal|p1a: Clodsire|343/343|[from] item: Leftovers\n|upkeep\n|turn|47\n|\n|t:|1771175801\n|move|p2a: Drifblim|Shadow Ball|p1a: Clodsire\n|-damage|p1a: Clodsire|235/343\n|move|p1a: Clodsire|Poison Jab|p2a: Drifblim\n|-resisted|p2a: Drifblim\n|-damage|p2a: Drifblim|296/396 par\n|\n|-heal|p1a: Clodsire|256/343|[from] item: Leftovers\n|upkeep\n|turn|48\n|\n|t:|1771175804\n|move|p2a: Drifblim|Shadow Ball|p1a: Clodsire\n|-damage|p1a: Clodsire|152/343\n|move|p1a: Clodsire|Poison Jab|p2a: Drifblim\n|-resisted|p2a: Drifblim\n|-damage|p2a: Drifblim|272/396 par\n|\n|-heal|p1a: Clodsire|173/343|[from] item: Leftovers\n|upkeep\n|turn|49\n|\n|t:|1771175807\n|switch|p1a: Chansey|Chansey, L85, F|5/564\n|move|p2a: Drifblim|Shadow Ball|p1a: Chansey\n|-immune|p1a: Chansey\n|\n|upkeep\n|turn|50\n|\n|t:|1771175811\n|switch|p1a: Clodsire|Clodsire, L81, M|173/343\n|move|p2a: Drifblim|Air Slash|p1a: Clodsire\n|-damage|p1a: Clodsire|98/343\n|\n|-heal|p1a: Clodsire|119/343|[from] item: Leftovers\n|upkeep\n|turn|51\n|\n|t:|1771175814\n|move|p2a: Drifblim|Air Slash|p1a: Clodsire|[miss]\n|-miss|p2a: Drifblim|p1a: Clodsire\n|move|p1a: Clodsire|Recover|p1a: Clodsire\n|-heal|p1a: Clodsire|291/343\n|\n|-heal|p1a: Clodsire|312/343|[from] item: Leftovers\n|upkeep\n|turn|52\n|\n|t:|1771175817\n|move|p2a: Drifblim|Shadow Ball|p1a: Clodsire\n|-crit|p1a: Clodsire\n|-damage|p1a: Clodsire|160/343\n|-unboost|p1a: Clodsire|spd|1\n|move|p1a: Clodsire|Poison Jab|p2a: Drifblim\n|-resisted|p2a: Drifblim\n|-damage|p2a: Drifblim|224/396 par\n|\n|-heal|p1a: Clodsire|181/343|[from] item: Leftovers\n|upkeep\n|turn|53\n|\n|t:|1771175822\n|switch|p1a: Chansey|Chansey, L85, F|5/564\n|cant|p2a: Drifblim|par\n|\n|upkeep\n|turn|54\n|\n|t:|1771175827\n|switch|p1a: Clodsire|Clodsire, L81, M|181/343\n|cant|p2a: Drifblim|par\n|\n|-heal|p1a: Clodsire|202/343|[from] item: Leftovers\n|upkeep\n|turn|55\n|\n|t:|1771175829\n|move|p2a: Drifblim|Strength Sap|p1a: Clodsire\n|-unboost|p1a: Clodsire|atk|1\n|-heal|p2a: Drifblim|392/396 par\n|move|p1a: Clodsire|Recover|p1a: Clodsire\n|-heal|p1a: Clodsire|343/343\n|\n|upkeep\n|turn|56\n|\n|t:|1771175832\n|move|p2a: Drifblim|Shadow Ball|p1a: Clodsire\n|-damage|p1a: Clodsire|231/343\n|move|p1a: Clodsire|Poison Jab|p2a: Drifblim\n|-resisted|p2a: Drifblim\n|-damage|p2a: Drifblim|358/396 par\n|\n|-heal|p1a: Clodsire|252/343|[from] item: Leftovers\n|upkeep\n|turn|57\n|\n|t:|1771175834\n|move|p2a: Drifblim|Shadow Ball|p1a: Clodsire\n|-damage|p1a: Clodsire|150/343\n|-unboost|p1a: Clodsire|spd|1\n|move|p1a: Clodsire|Poison Jab|p2a: Drifblim\n|-resisted|p2a: Drifblim\n|-damage|p2a: Drifblim|325/396 par\n|\n|-heal|p1a: Clodsire|171/343|[from] item: Leftovers\n|upkeep\n|turn|58\n|\n|t:|1771175837\n|switch|p1a: Chansey|Chansey, L85, F|5/564\n|move|p2a: Drifblim|Shadow Ball|p1a: Chansey\n|-immune|p1a: Chansey\n|\n|upkeep\n|turn|59\n|\n|t:|1771175840\n|switch|p1a: Clodsire|Clodsire, L81, M|171/343\n|move|p2a: Drifblim|Shadow Ball|p1a: Clodsire\n|-damage|p1a: Clodsire|63/343\n|\n|-heal|p1a: Clodsire|84/343|[from] item: Leftovers\n|upkeep\n|turn|60\n|\n|t:|1771175842\n|move|p2a: Drifblim|Shadow Ball|p1a: Clodsire\n|-damage|p1a: Clodsire|0 fnt\n|faint|p1a: Clodsire\n|\n|upkeep\n|\n|t:|1771175845\n|switch|p1a: Chansey|Chansey, L85, F|5/564\n|turn|61\n|\n|t:|1771175847\n|cant|p2a: Drifblim|par\n|move|p1a: Chansey|Soft-Boiled|p1a: Chansey\n|-heal|p1a: Chansey|287/564\n|\n|upkeep\n|turn|62\n|\n|t:|1771175849\n|move|p2a: Drifblim|Strength Sap|p1a: Chansey\n|-unboost|p1a: Chansey|atk|1\n|-heal|p2a: Drifblim|338/396 par\n|move|p1a: Chansey|Soft-Boiled|p1a: Chansey\n|-heal|p1a: Chansey|564/564\n|\n|upkeep\n|turn|63\n|\n|t:|1771175853\n|cant|p2a: Drifblim|par\n|move|p1a: Chansey|Seismic Toss|p2a: Drifblim\n|-immune|p2a: Drifblim\n|\n|upkeep\n|turn|64\n|\n|t:|1771175854\n|cant|p2a: Drifblim|par\n|move|p1a: Chansey|Seismic Toss|p2a: Drifblim\n|-immune|p2a: Drifblim\n|\n|upkeep\n|turn|65\n|\n|t:|1771175856\n|move|p2a: Drifblim|Air Slash|p1a: Chansey\n|-damage|p1a: Chansey|396/564\n|move|p1a: Chansey|Seismic Toss|p2a: Drifblim\n|-immune|p2a: Drifblim\n|\n|upkeep\n|turn|66\n|\n|t:|1771175858\n|cant|p2a: Drifblim|par\n|move|p1a: Chansey|Seismic Toss|p2a: Drifblim\n|-immune|p2a: Drifblim\n|\n|upkeep\n|turn|67\n|\n|t:|1771175859\n|move|p2a: Drifblim|Air Slash|p1a: Chansey\n|-damage|p1a: Chansey|228/564\n|move|p1a: Chansey|Seismic Toss|p2a: Drifblim\n|-immune|p2a: Drifblim\n|\n|upkeep\n|turn|68\n|\n|t:|1771175861\n|move|p2a: Drifblim|Air Slash|p1a: Chansey\n|-damage|p1a: Chansey|47/564\n|move|p1a: Chansey|Soft-Boiled|p1a: Chansey\n|-heal|p1a: Chansey|329/564\n|\n|upkeep\n|turn|69\n|\n|t:|1771175864\n|move|p2a: Drifblim|Air Slash|p1a: Chansey\n|-damage|p1a: Chansey|143/564\n|cant|p1a: Chansey|flinch\n|\n|upkeep\n|turn|70\n|\n|t:|1771175867\n|move|p2a: Drifblim|Air Slash|p1a: Chansey\n|-damage|p1a: Chansey|0 fnt\n|faint|p1a: Chansey\n|\n|upkeep\n|\n|t:|1771175873\n|switch|p1a: Misdreavus|Misdreavus, L90, F|18/254\n|turn|71\n|\n|t:|1771175879\n|move|p1a: Misdreavus|Shadow Ball|p2a: Drifblim\n|-supereffective|p2a: Drifblim\n|-damage|p2a: Drifblim|272/396 par\n|move|p2a: Drifblim|Shadow Ball|p1a: Misdreavus\n|-supereffective|p1a: Misdreavus\n|-damage|p1a: Misdreavus|0 fnt\n|faint|p1a: Misdreavus\n|\n|upkeep\n|\n|t:|1771175884\n|switch|p1a: Appletun|Appletun, L92, M|352/352\n|turn|72\n|\n|t:|1771175886\n|move|p2a: Drifblim|Air Slash|p1a: Appletun\n|-supereffective|p1a: Appletun\n|-damage|p1a: Appletun|0 fnt\n|faint|p1a: Appletun\n|\n|win|reggie1000\n|raw|AnubisRosalina's rating: 1877 &rarr; <strong>1856</strong><br />(-21 for losing)\n|raw|reggie1000's rating: 1860 &rarr; <strong>1881</strong><br />(+21 for winning)\n|l|☆AnubisRosalina\n|player|p1|\n", "inputlog": ">version 686819e5e19f8a7fd2345cfc5a08a5085efa2cc3\n>start {\"formatid\":\"gen9randombattle\",\"seed\":\"sodium,b7960eb1a84c5ea2f7c66622402af8ae\",\"rated\":\"Rated battle\"}\n>player p1 {\"name\":\"AnubisRosalina\",\"avatar\":\"2\",\"rating\":1877,\"seed\":\"sodium,c2ff6e5ff00295ec1604a224ac3d257a\"}\n>player p2 {\"name\":\"reggie1000\",\"avatar\":\"1\",\"rating\":1860,\"seed\":\"sodium,0083901db1d5aa648ffdff990b9ac134\"}\n>p1 move willowisp\n>p2 switch 3\n>p1 switch 2\n>p2 move heavyslam\n>p1 move slackoff\n>p2 move heavyslam\n>p1 move earthquake\n>p2 switch 3\n>p1 switch 2\n>p2 move icehammer\n>p1 move drainingkiss\n>p2 switch 3\n>p1 switch 2\n>p2 move heavyslam\n>p1 move earthquake\n>p2 switch 3\n>p1 move earthquake\n>p2 move icehammer\n>p1 switch 6\n>p1 move relicsong\n>p2 switch 3\n>p1 move closecombat\n>p2 move heavyslam\n>p2 switch 6\n>p1 move tripleaxel\n>p2 move calmmind\n>p1 move tripleaxel\n>p2 move strengthsap terastallize\n>p1 switch 3\n>p2 move calmmind\n>p1 move thunderwave\n>p2 move calmmind\n>p1 switch 3\n>p2 move airslash\n>p1 switch 5\n>p1 move poisonjab\n>p2 move shadowball\n>p1 move poisonjab\n>p2 move shadowball\n>p1 move recover\n>p2 move strengthsap\n>p1 switch 3\n>p2 move shadowball\n>chat ☆reggie1000|in case you didn't realize, but i'm not immune to ground and i cannot be poisoned\n>p1 move stealthrock\n>p2 move airslash\n>p1 move seismictoss\n>p2 move airslash\n>p1 move softboiled\n>p2 move airslash\n>p1 move thunderwave\n>p2 move calmmind\n>p1 move seismictoss\n>p2 move calmmind\n>p1 move seismictoss\n>p2 move calmmind\n>p1 move softboiled\n>p2 move airslash\n>p1 move thunderwave\n>p2 move airslash\n>p1 move stealthrock\n>p2 move airslash\n>p1 move softboiled\n>p2 move airslash\n>p1 move softboiled\n>p2 move airslash\n>p1 move softboiled\n>p2 move airslash\n>p1 move thunderwave\n>p2 move airslash\n>p1 move seismictoss\n>p2 move airslash\n>p1 move softboiled\n>p2 move airslash\n>p1 switch 3\n>p2 move airslash\n>p1 move poisonjab\n>p2 move shadowball\n>p1 move poisonjab\n>p2 move shadowball\n>p1 move poisonjab\n>p2 move shadowball\n>p1 move poisonjab\n>p2 move strengthsap\n>p1 move poisonjab\n>p2 move shadowball\n>p1 move poisonjab\n>p2 move shadowball\n>p1 move poisonjab\n>p2 move shadowball\n>p1 move recover\n>p2 move shadowball\n>p1 move poisonjab\n>p2 move strengthsap\n>p1 move poisonjab\n>p2 move strengthsap\n>p1 move poisonjab\n>p2 move shadowball\n>p1 move poisonjab\n>p2 move shadowball\n>p1 switch 3\n>p2 move shadowball\n>p1 switch 3\n>p2 move airslash\n>p1 move recover\n>p2 move airslash\n>p1 move poisonjab\n>p2 move shadowball\n>p1 switch 3\n>p2 move strengthsap\n>p1 switch 3\n>p2 move airslash\n>p1 move recover\n>p2 move strengthsap\n>p1 move poisonjab\n>p2 move shadowball\n>p1 move poisonjab\n>p2 move shadowball\n>p1 switch 3\n>p2 move shadowball\n>p1 switch 3\n>p2 move shadowball\n>p1 move recover\n>p2 move shadowball\n>p1 switch 3\n>p1 move softboiled\n>p2 move airslash\n>p1 move softboiled\n>p2 move strengthsap\n>p1 move seismictoss\n>p2 move airslash\n>p1 move seismictoss\n>p2 move airslash\n>p1 move seismictoss\n>p2 move airslash\n>p1 move seismictoss\n>p2 move airslash\n>p1 move seismictoss\n>p2 move airslash\n>p1 move softboiled\n>p2 move airslash\n>p1 move seismictoss\n>p2 move airslash\n>p1 move seismictoss\n>p2 move airslash\n>p1 switch 2\n>p1 move shadowball\n>p2 move shadowball\n>p1 switch 4\n>p1 move leechseed\n>p2 move airslash", "uploadtime": 1771175910, "views": 12, "formatid": "gen9randombattle", "rating": 1856, "private": 0, "password": null}