{"id": "gen9randombattle-2540191099", "format": "[Gen 9] Random Battle", "players": ["Mysterious Soop", "Sa̯͡ma̯͡ellle"], "log": "|j|☆Mysterious Soop\n|j|☆Sa̯͡ma̯͡ellle\n|t:|1771173924\n|gametype|singles\n|player|p1|Mysterious Soop|265|1979\n|player|p2|Sa̯͡ma̯͡ellle|miku-ghost|2071\n|gen|9\n|tier|[Gen 9] Random Battle\n|rated|\n|rule|Species Clause: Limit one of each Pokémon\n|rule|HP Percentage Mod: HP is shown in percentages\n|rule|Sleep Clause Mod: Limit one foe put to sleep\n|rule|Illusion Level Mod: Illusion disguises the Pokémon's true level\n|\n|t:|1771173924\n|teamsize|p1|6\n|teamsize|p2|6\n|start\n|switch|p1a: Goodra|Goodra-Hisui, L82, M|265/265\n|switch|p2a: Koraidon|Koraidon, L64|235/235\n|-weather|SunnyDay|[from] ability: Orichalcum Pulse|[of] p2a: Koraidon\n|-activate|p2a: Koraidon|Orichalcum Pulse|[source]\n|turn|1\n|inactive|Battle timer is ON: inactive players will automatically lose when time's up. (requested by Sa̯͡ma̯͡ellle)\n|inactive|Mysterious Soop has 120 seconds left.\n|\n|t:|1771173965\n|switch|p1a: Salamence|Salamence, L77, F|273/273\n|-ability|p1a: Salamence|Intimidate|boost\n|-unboost|p2a: Koraidon|atk|1\n|move|p2a: Koraidon|Close Combat|p1a: Salamence\n|-resisted|p1a: Salamence\n|-damage|p1a: Salamence|204/273\n|-unboost|p2a: Koraidon|def|1\n|-unboost|p2a: Koraidon|spd|1\n|\n|-weather|SunnyDay|[upkeep]\n|upkeep\n|turn|2\n|\n|t:|1771173989\n|switch|p2a: Ceruledge|Ceruledge, L78, M|245/245\n|move|p1a: Salamence|Dragon Dance|p1a: Salamence\n|-boost|p1a: Salamence|atk|1\n|-boost|p1a: Salamence|spe|1\n|\n|-weather|SunnyDay|[upkeep]\n|upkeep\n|turn|3\n|\n|t:|1771174008\n|-terastallize|p2a: Ceruledge|Ghost\n|move|p1a: Salamence|Earthquake|p2a: Ceruledge\n|-damage|p2a: Ceruledge|110/245\n|-ability|p2a: Ceruledge|Weak Armor|boost\n|-unboost|p2a: Ceruledge|def|1\n|-boost|p2a: Ceruledge|spe|2\n|move|p2a: Ceruledge|Poltergeist|p1a: Salamence\n|-activate|p1a: Salamence|move: Poltergeist|Heavy-Duty Boots\n|-damage|p1a: Salamence|22/273\n|\n|-weather|SunnyDay|[upkeep]\n|upkeep\n|turn|4\n|\n|t:|1771174018\n|move|p2a: Ceruledge|Bitter Blade|p1a: Salamence\n|-resisted|p1a: Salamence\n|-damage|p1a: Salamence|0 fnt\n|-heal|p2a: Ceruledge|121/245|[from] drain|[of] p1a: Salamence\n|faint|p1a: Salamence\n|\n|-weather|SunnyDay|[upkeep]\n|upkeep\n|inactive|Mysterious Soop has 120 seconds left.\n|\n|t:|1771174054\n|switch|p1a: Iron Valiant|Iron Valiant, L78|244/244\n|turn|5\n|inactive|Sa̯͡ma̯͡ellle has 120 seconds left.\n|\n|t:|1771174087\n|move|p2a: Ceruledge|Bitter Blade|p1a: Iron Valiant\n|-crit|p1a: Iron Valiant\n|-damage|p1a: Iron Valiant|0 fnt\n|-heal|p2a: Ceruledge|243/245|[from] drain|[of] p1a: Iron Valiant\n|faint|p1a: Iron Valiant\n|-end|p1a: Iron Valiant|Quark Drive|[silent]\n|\n|-weather|none\n|upkeep\n|inactive|Mysterious Soop has 120 seconds left.\n|c|☆Mysterious Soop|-_-\n|inactive|Mysterious Soop has 90 seconds left.\n|\n|t:|1771174131\n|switch|p1a: Goodra|Goodra-Hisui, L82, M|265/265\n|turn|6\n|inactive|Mysterious Soop has 90 seconds left.\n|inactive|Sa̯͡ma̯͡ellle has 120 seconds left.\n|\n|t:|1771174147\n|move|p2a: Ceruledge|Swords Dance|p2a: Ceruledge\n|-boost|p2a: Ceruledge|atk|2\n|move|p1a: Goodra|Heavy Slam|p2a: Ceruledge\n|-damage|p2a: Ceruledge|15/245\n|-ability|p2a: Ceruledge|Weak Armor|boost\n|-unboost|p2a: Ceruledge|def|1\n|-boost|p2a: Ceruledge|spe|2\n|\n|upkeep\n|turn|7\n|inactive|Mysterious Soop has 90 seconds left.\n|\n|t:|1771174170\n|move|p2a: Ceruledge|Poltergeist|p1a: Goodra\n|-activate|p1a: Goodra|move: Poltergeist|Assault Vest\n|-damage|p1a: Goodra|0 fnt\n|faint|p1a: Goodra\n|\n|upkeep\n|\n|t:|1771174177\n|switch|p1a: Quagsire|Quagsire, L84, M|297/297\n|turn|8\n|inactive|Sa̯͡ma̯͡ellle has 120 seconds left.\n|\n|t:|1771174206\n|move|p2a: Ceruledge|Poltergeist|p1a: Quagsire|[miss]\n|-miss|p2a: Ceruledge|p1a: Quagsire\n|move|p1a: Quagsire|Ice Beam|p2a: Ceruledge\n|-damage|p2a: Ceruledge|0 fnt\n|faint|p2a: Ceruledge\n|\n|upkeep\n|\n|t:|1771174209\n|switch|p2a: Lurantis|Lurantis, L87, F|264/264\n|turn|9\n|inactive|Mysterious Soop has 90 seconds left.\n|\n|t:|1771174254\n|-terastallize|p1a: Quagsire|Poison\n|move|p2a: Lurantis|Knock Off|p1a: Quagsire\n|-damage|p1a: Quagsire|219/297\n|-enditem|p1a: Quagsire|Leftovers|[from] move: Knock Off|[of] p2a: Lurantis\n|move|p1a: Quagsire|Toxic|p2a: Lurantis\n|-status|p2a: Lurantis|tox\n|\n|-damage|p2a: Lurantis|248/264 tox|[from] psn\n|upkeep\n|turn|10\n|inactive|Sa̯͡ma̯͡ellle has 120 seconds left.\n|\n|t:|1771174288\n|switch|p2a: Flareon|Flareon, L90, M|263/263\n|move|p1a: Quagsire|Ice Beam|p2a: Flareon\n|-resisted|p2a: Flareon\n|-damage|p2a: Flareon|244/263\n|\n|-status|p2a: Flareon|tox|[from] item: Toxic Orb\n|upkeep\n|turn|11\n|inactive|Mysterious Soop has 60 seconds left.\n|\n|t:|1771174317\n|move|p2a: Flareon|Flare Blitz|p1a: Quagsire\n|-damage|p1a: Quagsire|0 fnt\n|faint|p1a: Quagsire\n|-damage|p2a: Flareon|172/263 tox|[from] Recoil\n|\n|-damage|p2a: Flareon|156/263 tox|[from] psn\n|upkeep\n|inactive|Mysterious Soop has 60 seconds left.\n|\n|t:|1771174324\n|switch|p1a: Minun|Minun, L95, F|268/268\n|turn|12\n|inactive|Sa̯͡ma̯͡ellle has 120 seconds left.\n|inactive|Sa̯͡ma̯͡ellle has 90 seconds left.\n|inactive|Sa̯͡ma̯͡ellle has 60 seconds left.\n|\n|t:|1771174396\n|move|p1a: Minun|Thunderbolt|p2a: Flareon\n|-damage|p2a: Flareon|59/263 tox\n|-damage|p1a: Minun|242/268|[from] item: Life Orb\n|move|p2a: Flareon|Trailblaze|p1a: Minun\n|-damage|p1a: Minun|149/268\n|-boost|p2a: Flareon|spe|1\n|\n|-damage|p2a: Flareon|27/263 tox|[from] psn\n|upkeep\n|turn|13\n|\n|t:|1771174413\n|move|p2a: Flareon|Flare Blitz|p1a: Minun\n|-damage|p1a: Minun|0 fnt\n|faint|p1a: Minun\n|-damage|p2a: Flareon|0 fnt|[from] Recoil\n|faint|p2a: Flareon\n|\n|upkeep\n|\n|t:|1771174421\n|switch|p1a: Annihilape|Annihilape, L76, F|292/292\n|switch|p2a: Wo-Chien|Wo-Chien, L83|277/277\n|-ability|p2a: Wo-Chien|Tablets of Ruin\n|turn|14\n|\n|t:|1771174429\n|move|p1a: Annihilape|Bulk Up|p1a: Annihilape\n|-boost|p1a: Annihilape|atk|1\n|-boost|p1a: Annihilape|def|1\n|move|p2a: Wo-Chien|Leech Seed|p1a: Annihilape\n|-start|p1a: Annihilape|move: Leech Seed\n|\n|-damage|p1a: Annihilape|256/292|[from] Leech Seed|[of] p2a: Wo-Chien\n|upkeep\n|turn|15\n|\n|t:|1771174436\n|move|p2a: Wo-Chien|Protect|p2a: Wo-Chien\n|-singleturn|p2a: Wo-Chien|Protect\n|move|p1a: Annihilape|Bulk Up|p1a: Annihilape\n|-boost|p1a: Annihilape|atk|1\n|-boost|p1a: Annihilape|def|1\n|\n|-heal|p1a: Annihilape|274/292|[from] item: Leftovers\n|-damage|p1a: Annihilape|238/292|[from] Leech Seed|[of] p2a: Wo-Chien\n|upkeep\n|turn|16\n|\n|t:|1771174446\n|switch|p2a: Lurantis|Lurantis, L87, F|248/264 tox\n|move|p1a: Annihilape|Bulk Up|p1a: Annihilape\n|-boost|p1a: Annihilape|atk|1\n|-boost|p1a: Annihilape|def|1\n|\n|-heal|p1a: Annihilape|256/292|[from] item: Leftovers\n|-damage|p1a: Annihilape|220/292|[from] Leech Seed|[of] p2a: Lurantis\n|-heal|p2a: Lurantis|264/264 tox|[silent]\n|-damage|p2a: Lurantis|248/264 tox|[from] psn\n|upkeep\n|turn|17\n|\n|t:|1771174451\n|move|p1a: Annihilape|Drain Punch|p2a: Lurantis\n|-damage|p2a: Lurantis|61/264 tox\n|-heal|p1a: Annihilape|292/292|[from] drain|[of] p2a: Lurantis\n|move|p2a: Lurantis|Leaf Storm|p1a: Annihilape\n|-damage|p1a: Annihilape|144/292\n|-boost|p2a: Lurantis|spa|2\n|\n|-heal|p1a: Annihilape|162/292|[from] item: Leftovers\n|-damage|p1a: Annihilape|126/292|[from] Leech Seed|[of] p2a: Lurantis\n|-heal|p2a: Lurantis|97/264 tox|[silent]\n|-damage|p2a: Lurantis|65/264 tox|[from] psn\n|upkeep\n|turn|18\n|\n|t:|1771174458\n|move|p1a: Annihilape|Drain Punch|p2a: Lurantis\n|-damage|p2a: Lurantis|0 fnt\n|-heal|p1a: Annihilape|159/292|[from] drain|[of] p2a: Lurantis\n|faint|p2a: Lurantis\n|\n|-heal|p1a: Annihilape|177/292|[from] item: Leftovers\n|upkeep\n|\n|t:|1771174465\n|switch|p2a: Lucario|Lucario, L84, F|255/255\n|turn|19\n|\n|t:|1771174468\n|move|p2a: Lucario|Flash Cannon|p1a: Annihilape\n|-damage|p1a: Annihilape|52/292\n|-damage|p2a: Lucario|230/255|[from] item: Life Orb\n|move|p1a: Annihilape|Drain Punch|p2a: Lucario\n|-supereffective|p2a: Lucario\n|-damage|p2a: Lucario|0 fnt\n|-heal|p1a: Annihilape|167/292|[from] drain|[of] p2a: Lucario\n|faint|p2a: Lucario\n|\n|-heal|p1a: Annihilape|185/292|[from] item: Leftovers\n|upkeep\n|-message|Sa̯͡ma̯͡ellle forfeited.\n|\n|win|Mysterious Soop\n|raw|Mysterious Soop's rating: 1979 &rarr; <strong>2004</strong><br />(+25 for winning)\n|raw|Sa̯͡ma̯͡ellle's rating: 2071 &rarr; <strong>2046</strong><br />(-25 for losing)\n|l|☆Sa̯͡ma̯͡ellle\n|player|p2|\n|c|☆Mysterious Soop|ggs\n", "inputlog": ">version 686819e5e19f8a7fd2345cfc5a08a5085efa2cc3\n>start {\"formatid\":\"gen9randombattle\",\"seed\":\"sodium,ae45300c963ecbeed87164045274d24c\",\"rated\":\"Rated battle\"}\n>player p1 {\"name\":\"Mysterious Soop\",\"avatar\":\"265\",\"rating\":1979,\"seed\":\"sodium,0d48fad03d64b3a3619971ad80471252\"}\n>player p2 {\"name\":\"Sa̯͡ma̯͡ellle\",\"avatar\":\"miku-ghost\",\"rating\":2071,\"seed\":\"sodium,39f169215aa2cf8c8b709abfd7e49ca4\"}\n>p1 switch 2\n>p2 move closecombat\n>p1 move dragondance\n>p2 switch 4\n>p1 move earthquake\n>p2 move poltergeist terastallize\n>p1 move earthquake\n>p2 move bitterblade\n>p1 switch 6\n>p1 move knockoff\n>p2 move bitterblade\n>chat ☆Mysterious Soop|-_-\n>p1 switch 2\n>p1 move heavyslam\n>p2 move swordsdance\n>p1 move heavyslam\n>p2 move poltergeist\n>p1 switch 4\n>p1 move icebeam\n>p2 move poltergeist\n>p2 switch 5\n>p1 move toxic terastallize\n>p2 move knockoff\n>p1 move icebeam\n>p2 switch 3\n>p1 move earthquake\n>p2 move flareblitz\n>p1 switch 3\n>p1 move thunderbolt\n>p2 move trailblaze\n>p1 move nastyplot\n>p2 move flareblitz\n>p1 switch 5\n>p2 switch 2\n>p1 move bulkup\n>p2 move leechseed\n>p1 move bulkup\n>p2 move protect\n>p1 move bulkup\n>p2 switch 3\n>p1 move drainpunch\n>p2 move leafstorm\n>p1 move drainpunch\n>p2 move leafstorm\n>p2 switch 6\n>p1 move drainpunch\n>p2 move flashcannon\n>forcelose p2", "uploadtime": 1771174479, "views": 16, "formatid": "gen9randombattle", "rating": 2004, "private": 0, "password": null}