{"id": "gen9randombattle-2540739293", "format": "[Gen 9] Random Battle", "players": ["BCena", "purplebluegreen"], "log": "|j|☆BCena\n|j|☆purplebluegreen\n|t:|1771248177\n|gametype|singles\n|player|p1|BCena|red|1959\n|player|p2|purplebluegreen|blue-gen1|1876\n|gen|9\n|tier|[Gen 9] Random Battle\n|rated|\n|rule|Species Clause: Limit one of each Pokémon\n|rule|HP Percentage Mod: HP is shown in percentages\n|rule|Sleep Clause Mod: Limit one foe put to sleep\n|rule|Illusion Level Mod: Illusion disguises the Pokémon's true level\n|\n|t:|1771248177\n|teamsize|p1|6\n|teamsize|p2|6\n|start\n|switch|p1a: Dedenne|Dedenne, L88, M|261/261\n|switch|p2a: Spiritomb|Spiritomb, L89, M|234/234\n|turn|1\n|c|☆purplebluegreen|hf\n|inactive|Battle timer is ON: inactive players will automatically lose when time's up. (requested by purplebluegreen)\n|\n|t:|1771248185\n|switch|p2a: Magnezone|Magnezone, L85|258/258\n|move|p1a: Dedenne|Nuzzle|p2a: Magnezone\n|-resisted|p2a: Magnezone\n|-damage|p2a: Magnezone|251/258\n|\n|-heal|p2a: Magnezone|258/258|[from] item: Leftovers\n|upkeep\n|turn|2\n|\n|t:|1771248189\n|move|p1a: Dedenne|U-turn|p2a: Magnezone\n|-resisted|p2a: Magnezone\n|-damage|p2a: Magnezone|243/258\n|\n|t:|1771248202\n|switch|p1a: Zangoose|Zangoose, L85, F|263/263|[from] U-turn\n|move|p2a: Magnezone|Iron Defense|p2a: Magnezone\n|-boost|p2a: Magnezone|def|2\n|\n|-heal|p2a: Magnezone|258/258|[from] item: Leftovers\n|-status|p1a: Zangoose|tox|[from] item: Toxic Orb\n|upkeep\n|turn|3\n|\n|t:|1771248213\n|move|p1a: Zangoose|Knock Off|p2a: Magnezone\n|-damage|p2a: Magnezone|209/258\n|-enditem|p2a: Magnezone|Leftovers|[from] move: Knock Off|[of] p1a: Zangoose\n|move|p2a: Magnezone|Body Press|p1a: Zangoose\n|-supereffective|p1a: Zangoose\n|-damage|p1a: Zangoose|0 fnt\n|faint|p1a: Zangoose\n|\n|upkeep\n|\n|t:|1771248219\n|switch|p1a: Gyarados|Gyarados, L79, F|280/280\n|-ability|p1a: Gyarados|Intimidate|boost\n|-unboost|p2a: Magnezone|atk|1\n|turn|4\n|\n|t:|1771248232\n|switch|p1a: Dedenne|Dedenne, L88, M|261/261\n|move|p2a: Magnezone|Discharge|p1a: Dedenne\n|-resisted|p1a: Dedenne\n|-damage|p1a: Dedenne|183/261\n|\n|upkeep\n|turn|5\n|\n|t:|1771248241\n|move|p1a: Dedenne|U-turn|p2a: Magnezone\n|-resisted|p2a: Magnezone\n|-damage|p2a: Magnezone|201/258\n|\n|t:|1771248242\n|switch|p1a: Gyarados|Gyarados, L79, F|280/280|[from] U-turn\n|-ability|p1a: Gyarados|Intimidate|boost\n|-unboost|p2a: Magnezone|atk|1\n|move|p2a: Magnezone|Iron Defense|p2a: Magnezone\n|-boost|p2a: Magnezone|def|2\n|\n|upkeep\n|turn|6\n|\n|t:|1771248248\n|move|p1a: Gyarados|Earthquake|p2a: Magnezone\n|-supereffective|p2a: Magnezone\n|-damage|p2a: Magnezone|121/258\n|move|p2a: Magnezone|Discharge|p1a: Gyarados\n|-supereffective|p1a: Gyarados\n|-damage|p1a: Gyarados|0 fnt\n|faint|p1a: Gyarados\n|\n|upkeep\n|\n|t:|1771248253\n|switch|p1a: Oricorio|Oricorio, L84, F|263/263\n|turn|7\n|\n|t:|1771248265\n|move|p1a: Oricorio|Revelation Dance|p2a: Magnezone\n|-supereffective|p2a: Magnezone\n|-damage|p2a: Magnezone|0 fnt\n|faint|p2a: Magnezone\n|\n|upkeep\n|\n|t:|1771248286\n|switch|p2a: Meloetta|Meloetta, L82|298/298\n|turn|8\n|\n|t:|1771248297\n|switch|p1a: Spiritomb|Spiritomb, L89, F|234/234\n|move|p2a: Meloetta|Psyshock|p1a: Spiritomb\n|-immune|p1a: Spiritomb\n|\n|upkeep\n|turn|9\n|\n|t:|1771248302\n|switch|p2a: Archaludon|Archaludon, L78, F|268/268\n|move|p1a: Spiritomb|Toxic|p2a: Archaludon\n|-immune|p2a: Archaludon\n|\n|upkeep\n|turn|10\n|\n|t:|1771248310\n|switch|p1a: Oricorio|Oricorio, L84, F|263/263\n|move|p2a: Archaludon|Swords Dance|p2a: Archaludon\n|-boost|p2a: Archaludon|atk|2\n|-activate|p1a: Oricorio|ability: Dancer\n|move|p1a: Oricorio|Swords Dance|p1a: Oricorio|[from] ability: Dancer\n|-boost|p1a: Oricorio|atk|2\n|\n|upkeep\n|turn|11\n|\n|t:|1771248319\n|move|p1a: Oricorio|Quiver Dance|p1a: Oricorio\n|-boost|p1a: Oricorio|spa|1\n|-boost|p1a: Oricorio|spd|1\n|-boost|p1a: Oricorio|spe|1\n|move|p2a: Archaludon|Outrage|p1a: Oricorio\n|-damage|p1a: Oricorio|0 fnt\n|faint|p1a: Oricorio\n|\n|upkeep\n|\n|t:|1771248323\n|switch|p1a: Dedenne|Dedenne, L88, M|183/261\n|turn|12\n|\n|t:|1771248325\n|move|p1a: Dedenne|Dazzling Gleam|p2a: Archaludon\n|-damage|p2a: Archaludon|154/268\n|-ability|p2a: Archaludon|Stamina|boost\n|-boost|p2a: Archaludon|def|1\n|move|p2a: Archaludon|Outrage|p1a: Dedenne|[from] lockedmove\n|-immune|p1a: Dedenne\n|-start|p2a: Archaludon|confusion|[fatigue]\n|-enditem|p2a: Archaludon|Lum Berry|[eat]\n|-end|p2a: Archaludon|confusion\n|\n|upkeep\n|turn|13\n|\n|t:|1771248336\n|-terastallize|p1a: Dedenne|Flying\n|move|p1a: Dedenne|Dazzling Gleam|p2a: Archaludon\n|-damage|p2a: Archaludon|51/268\n|-ability|p2a: Archaludon|Stamina|boost\n|-boost|p2a: Archaludon|def|1\n|move|p2a: Archaludon|Earthquake|p1a: Dedenne\n|-immune|p1a: Dedenne\n|\n|upkeep\n|turn|14\n|\n|t:|1771248341\n|move|p1a: Dedenne|Dazzling Gleam|p2a: Archaludon\n|-damage|p2a: Archaludon|0 fnt\n|faint|p2a: Archaludon\n|\n|upkeep\n|inactive|purplebluegreen has 120 seconds left.\n|\n|t:|1771248372\n|switch|p2a: Clefable|Clefable, L83, M|293/293\n|turn|15\n|\n|t:|1771248377\n|move|p1a: Dedenne|Nuzzle|p2a: Clefable\n|-damage|p2a: Clefable|274/293\n|-status|p2a: Clefable|par\n|move|p2a: Clefable|Moonblast|p1a: Dedenne\n|-damage|p1a: Dedenne|35/261\n|-enditem|p1a: Dedenne|Sitrus Berry|[eat]\n|-heal|p1a: Dedenne|100/261|[from] item: Sitrus Berry\n|-heal|p1a: Dedenne|187/261|[from] ability: Cheek Pouch\n|\n|upkeep\n|turn|16\n|\n|t:|1771248390\n|move|p1a: Dedenne|U-turn|p2a: Clefable\n|-resisted|p2a: Clefable\n|-damage|p2a: Clefable|253/293 par\n|\n|t:|1771248392\n|switch|p1a: Cacturne|Cacturne, L92, F|278/278|[from] U-turn\n|move|p2a: Clefable|Moonblast|p1a: Cacturne\n|-supereffective|p1a: Cacturne\n|-damage|p1a: Cacturne|0 fnt\n|faint|p1a: Cacturne\n|\n|upkeep\n|\n|t:|1771248401\n|switch|p1a: Spiritomb|Spiritomb, L89, F|234/234\n|turn|17\n|\n|t:|1771248405\n|move|p1a: Spiritomb|Poltergeist|p2a: Clefable\n|-activate|p2a: Clefable|move: Poltergeist|Life Orb\n|-damage|p2a: Clefable|109/293 par\n|move|p2a: Clefable|Moonblast|p1a: Spiritomb\n|-supereffective|p1a: Spiritomb\n|-damage|p1a: Spiritomb|21/234\n|-unboost|p1a: Spiritomb|spa|1\n|\n|-heal|p1a: Spiritomb|35/234|[from] item: Leftovers\n|upkeep\n|turn|18\n|\n|t:|1771248412\n|switch|p2a: Meloetta|Meloetta, L82|298/298\n|move|p1a: Spiritomb|Poltergeist|p2a: Meloetta\n|-immune|p2a: Meloetta\n|\n|-heal|p1a: Spiritomb|49/234|[from] item: Leftovers\n|upkeep\n|turn|19\n|\n|t:|1771248416\n|move|p2a: Meloetta|U-turn|p1a: Spiritomb\n|-damage|p1a: Spiritomb|17/234\n|\n|t:|1771248420\n|switch|p2a: Walking Wake|Walking Wake, L79|286/286|[from] U-turn\n|move|p1a: Spiritomb|Pain Split|p2a: Walking Wake\n|-sethp|p2a: Walking Wake|151/286|[from] move: Pain Split|[silent]\n|-sethp|p1a: Spiritomb|151/234|[from] move: Pain Split\n|\n|-heal|p1a: Spiritomb|165/234|[from] item: Leftovers\n|upkeep\n|turn|20\n|\n|t:|1771248431\n|switch|p1a: Dedenne|Dedenne, L88, M, tera:Flying|187/261\n|move|p2a: Walking Wake|Draco Meteor|p1a: Dedenne\n|-damage|p1a: Dedenne|0 fnt\n|-unboost|p2a: Walking Wake|spa|2\n|faint|p1a: Dedenne\n|-damage|p2a: Walking Wake|123/286|[from] item: Life Orb\n|\n|upkeep\n|\n|t:|1771248434\n|switch|p1a: Spiritomb|Spiritomb, L89, F|165/234\n|turn|21\n|\n|t:|1771248442\n|-end|p2a: Walking Wake|Protosynthesis|[silent]\n|switch|p2a: Meloetta|Meloetta, L82|298/298\n|move|p1a: Spiritomb|Foul Play|p2a: Meloetta\n|-supereffective|p2a: Meloetta\n|-damage|p2a: Meloetta|116/298\n|\n|-heal|p1a: Spiritomb|179/234|[from] item: Leftovers\n|upkeep\n|turn|22\n|\n|t:|1771248453\n|move|p2a: Meloetta|U-turn|p1a: Spiritomb\n|-damage|p1a: Spiritomb|149/234\n|\n|t:|1771248455\n|switch|p2a: Clefable|Clefable, L83, M|109/293 par|[from] U-turn\n|move|p1a: Spiritomb|Poltergeist|p2a: Clefable\n|-activate|p2a: Clefable|move: Poltergeist|Life Orb\n|-damage|p2a: Clefable|0 fnt\n|faint|p2a: Clefable\n|\n|-heal|p1a: Spiritomb|163/234|[from] item: Leftovers\n|upkeep\n|\n|t:|1771248459\n|switch|p2a: Spiritomb|Spiritomb, L89, M|234/234\n|turn|23\n|\n|t:|1771248470\n|-terastallize|p2a: Spiritomb|Steel\n|move|p2a: Spiritomb|Will-O-Wisp|p1a: Spiritomb\n|-status|p1a: Spiritomb|brn\n|move|p1a: Spiritomb|Pain Split|p2a: Spiritomb\n|-sethp|p2a: Spiritomb|198/234|[from] move: Pain Split|[silent]\n|-sethp|p1a: Spiritomb|198/234 brn|[from] move: Pain Split\n|\n|-heal|p2a: Spiritomb|212/234|[from] item: Leftovers\n|-heal|p1a: Spiritomb|212/234 brn|[from] item: Leftovers\n|-damage|p1a: Spiritomb|198/234 brn|[from] brn\n|upkeep\n|turn|24\n|\n|t:|1771248478\n|move|p2a: Spiritomb|Poltergeist|p1a: Spiritomb\n|-activate|p1a: Spiritomb|move: Poltergeist|Leftovers\n|-damage|p1a: Spiritomb|104/234 brn\n|move|p1a: Spiritomb|Foul Play|p2a: Spiritomb\n|-crit|p2a: Spiritomb\n|-damage|p2a: Spiritomb|141/234\n|\n|-heal|p1a: Spiritomb|118/234 brn|[from] item: Leftovers\n|-heal|p2a: Spiritomb|155/234|[from] item: Leftovers\n|-damage|p1a: Spiritomb|104/234 brn|[from] brn\n|upkeep\n|turn|25\n|\n|t:|1771248483\n|move|p2a: Spiritomb|Poltergeist|p1a: Spiritomb\n|-activate|p1a: Spiritomb|move: Poltergeist|Leftovers\n|-damage|p1a: Spiritomb|0 fnt\n|faint|p1a: Spiritomb\n|\n|win|purplebluegreen\n|raw|BCena's rating: 1959 &rarr; <strong>1934</strong><br />(-25 for losing)\n|raw|purplebluegreen's rating: 1876 &rarr; <strong>1901</strong><br />(+25 for winning)\n|l|☆BCena\n|player|p1|\n|c|☆purplebluegreen|gg ez\n", "inputlog": ">version 686819e5e19f8a7fd2345cfc5a08a5085efa2cc3\n>start {\"formatid\":\"gen9randombattle\",\"seed\":\"sodium,fb6e1c1b5de2b3659c5b2246bda891a0\",\"rated\":\"Rated battle\"}\n>player p1 {\"name\":\"BCena\",\"avatar\":\"red\",\"rating\":1959,\"seed\":\"sodium,bb0de865026dc91edee5da28b4d44d91\"}\n>player p2 {\"name\":\"purplebluegreen\",\"avatar\":\"blue-gen1\",\"rating\":1876,\"seed\":\"sodium,e45d298a8ea6ceb24b660c9c9eab02cc\"}\n>chat ☆purplebluegreen|hf\n>p1 move nuzzle\n>p2 switch 4\n>p1 move uturn\n>p2 move irondefense\n>p1 switch 4\n>p1 move knockoff\n>p2 move bodypress\n>p1 switch 3\n>p1 switch 4\n>p2 move discharge\n>p1 move uturn\n>p2 move irondefense\n>p1 switch 4\n>p1 move earthquake\n>p2 move discharge\n>p1 switch 5\n>p1 move revelationdance\n>p2 move discharge\n>p2 switch 2\n>p1 switch 2\n>p2 move psyshock\n>p1 move toxic\n>p2 switch 3\n>p1 switch 2\n>p2 move swordsdance\n>p1 move quiverdance\n>p2 move outrage\n>p1 switch 4\n>p1 move dazzlinggleam\n>p2 move outrage\n>p1 move dazzlinggleam terastallize\n>p2 move earthquake\n>p1 move dazzlinggleam\n>p2 move ironhead\n>p2 switch 6\n>p1 move nuzzle\n>p2 move moonblast\n>p1 move uturn\n>p2 move moonblast\n>p1 switch 6\n>p1 switch 2\n>p1 move poltergeist\n>p2 move moonblast\n>p1 move poltergeist\n>p2 switch 3\n>p1 move painsplit\n>p2 move uturn\n>p2 switch 5\n>p1 switch 6\n>p2 move dracometeor\n>p1 switch 6\n>p1 move foulplay\n>p2 switch 5\n>p1 move poltergeist\n>p2 move uturn\n>p2 switch 3\n>p2 switch 4\n>p1 move painsplit\n>p2 move willowisp terastallize\n>p1 move foulplay\n>p2 move poltergeist\n>p1 move painsplit\n>p2 move poltergeist", "uploadtime": 1771248489, "views": 9, "formatid": "gen9randombattle", "rating": 1901, "private": 0, "password": null}