{"id": "gen9randombattle-2540373569", "format": "[Gen 9] Random Battle", "players": ["DayCrybabyTon", "Reconforce"], "log": "|j|☆DayCrybabyTon\n|j|☆Reconforce\n|t:|1771194296\n|gametype|singles\n|player|p1|DayCrybabyTon|265|2172\n|player|p2|Reconforce|170|2206\n|gen|9\n|tier|[Gen 9] Random Battle\n|rated|\n|rule|Species Clause: Limit one of each Pokémon\n|rule|HP Percentage Mod: HP is shown in percentages\n|rule|Sleep Clause Mod: Limit one foe put to sleep\n|rule|Illusion Level Mod: Illusion disguises the Pokémon's true level\n|\n|t:|1771194296\n|teamsize|p1|6\n|teamsize|p2|6\n|start\n|switch|p1a: Bastiodon|Bastiodon, L89, M|252/252\n|switch|p2a: Kingdra|Kingdra, L84, M|263/263\n|turn|1\n|inactive|Battle timer is ON: inactive players will automatically lose when time's up. (requested by DayCrybabyTon)\n|\n|t:|1771194305\n|switch|p1a: Mightyena|Mightyena, L96, M|290/290\n|-ability|p1a: Mightyena|Intimidate|boost\n|-unboost|p2a: Kingdra|atk|1\n|move|p2a: Kingdra|Wave Crash|p1a: Mightyena\n|-crit|p1a: Mightyena\n|-damage|p1a: Mightyena|2/290\n|-damage|p2a: Kingdra|168/263|[from] Recoil\n|\n|upkeep\n|turn|2\n|\n|t:|1771194313\n|switch|p1a: Tinkaton|Tinkaton, L82, F|274/274\n|-ability|p1a: Tinkaton|Mold Breaker\n|move|p2a: Kingdra|Wave Crash|p1a: Tinkaton\n|-damage|p1a: Tinkaton|187/274\n|-damage|p2a: Kingdra|139/263|[from] Recoil\n|\n|-heal|p1a: Tinkaton|204/274|[from] item: Leftovers\n|upkeep\n|turn|3\n|\n|t:|1771194317\n|switch|p2a: Cobalion|Cobalion, L80|277/277\n|move|p1a: Tinkaton|Stealth Rock|p2a: Cobalion\n|-sidestart|p2: Reconforce|move: Stealth Rock\n|\n|-heal|p1a: Tinkaton|221/274|[from] item: Leftovers\n|upkeep\n|turn|4\n|\n|t:|1771194322\n|move|p2a: Cobalion|Thunder Wave|p1a: Tinkaton\n|-status|p1a: Tinkaton|par\n|move|p1a: Tinkaton|Thunder Wave|p2a: Cobalion\n|-status|p2a: Cobalion|par\n|\n|-heal|p1a: Tinkaton|238/274 par|[from] item: Leftovers\n|upkeep\n|turn|5\n|\n|t:|1771194343\n|switch|p1a: Kilowattrel|Kilowattrel, L83, F|252/252\n|cant|p2a: Cobalion|par\n|\n|upkeep\n|turn|6\n|\n|t:|1771194349\n|switch|p2a: Iron Thorns|Iron Thorns, L83|302/302\n|-damage|p2a: Iron Thorns|265/302|[from] Stealth Rock\n|-enditem|p2a: Iron Thorns|Booster Energy\n|-activate|p2a: Iron Thorns|ability: Quark Drive|[fromitem]\n|-start|p2a: Iron Thorns|quarkdriveatk\n|move|p1a: Kilowattrel|Discharge|p2a: Iron Thorns\n|-resisted|p2a: Iron Thorns\n|-damage|p2a: Iron Thorns|217/302\n|\n|upkeep\n|turn|7\n|\n|t:|1771194357\n|move|p1a: Kilowattrel|U-turn|p2a: Iron Thorns\n|-damage|p2a: Iron Thorns|186/302\n|\n|t:|1771194363\n|switch|p1a: Mightyena|Mightyena, L96, M|2/290|[from] U-turn\n|-ability|p1a: Mightyena|Intimidate|boost\n|-unboost|p2a: Iron Thorns|atk|1\n|move|p2a: Iron Thorns|Stone Edge|p1a: Mightyena\n|-damage|p1a: Mightyena|0 fnt\n|faint|p1a: Mightyena\n|\n|upkeep\n|\n|t:|1771194367\n|switch|p1a: Indeedee|Indeedee, L84, M|238/238\n|-fieldstart|move: Psychic Terrain|[from] ability: Psychic Surge|[of] p1a: Indeedee\n|turn|8\n|\n|t:|1771194370\n|move|p1a: Indeedee|Expanding Force|p2a: Iron Thorns\n|-damage|p2a: Iron Thorns|0 fnt\n|faint|p2a: Iron Thorns\n|-end|p2a: Iron Thorns|Quark Drive|[silent]\n|\n|upkeep\n|\n|t:|1771194373\n|switch|p2a: Tornadus|Tornadus-Therian, L79, M|254/254\n|-damage|p2a: Tornadus|191/254|[from] Stealth Rock\n|turn|9\n|\n|t:|1771194379\n|switch|p1a: Kilowattrel|Kilowattrel, L83, F|252/252\n|move|p2a: Tornadus|Knock Off|p1a: Kilowattrel\n|-damage|p1a: Kilowattrel|168/252\n|-enditem|p1a: Kilowattrel|Heavy-Duty Boots|[from] move: Knock Off|[of] p2a: Tornadus\n|\n|upkeep\n|turn|10\n|\n|t:|1771194385\n|switch|p2a: Carbink|Carbink, L90|236/236\n|-damage|p2a: Carbink|207/236|[from] Stealth Rock\n|move|p1a: Kilowattrel|Discharge|p2a: Carbink\n|-damage|p2a: Carbink|155/236\n|\n|-heal|p2a: Carbink|169/236|[from] item: Leftovers\n|upkeep\n|turn|11\n|\n|t:|1771194390\n|move|p1a: Kilowattrel|U-turn|p2a: Carbink\n|-resisted|p2a: Carbink\n|-damage|p2a: Carbink|158/236\n|\n|t:|1771194392\n|switch|p1a: Indeedee|Indeedee, L84, M|238/238|[from] U-turn\n|move|p2a: Carbink|Rock Polish|p2a: Carbink\n|-boost|p2a: Carbink|spe|2\n|\n|-heal|p2a: Carbink|172/236|[from] item: Leftovers\n|upkeep\n|turn|12\n|\n|t:|1771194395\n|move|p2a: Carbink|Body Press|p1a: Indeedee\n|-damage|p1a: Indeedee|107/238\n|move|p1a: Indeedee|Expanding Force|p2a: Carbink\n|-damage|p2a: Carbink|4/236\n|\n|-heal|p2a: Carbink|18/236|[from] item: Leftovers\n|-fieldend|move: Psychic Terrain\n|upkeep\n|turn|13\n|\n|t:|1771194402\n|move|p2a: Carbink|Body Press|p1a: Indeedee\n|-damage|p1a: Indeedee|0 fnt\n|faint|p1a: Indeedee\n|\n|-heal|p2a: Carbink|32/236|[from] item: Leftovers\n|upkeep\n|\n|t:|1771194406\n|switch|p1a: Kilowattrel|Kilowattrel, L83, F|168/252\n|turn|14\n|\n|t:|1771194408\n|move|p2a: Carbink|Body Press|p1a: Kilowattrel\n|-resisted|p1a: Kilowattrel\n|-damage|p1a: Kilowattrel|105/252\n|move|p1a: Kilowattrel|Discharge|p2a: Carbink\n|-damage|p2a: Carbink|0 fnt\n|faint|p2a: Carbink\n|\n|upkeep\n|\n|t:|1771194412\n|switch|p2a: Kingdra|Kingdra, L84, M|139/263\n|-damage|p2a: Kingdra|107/263|[from] Stealth Rock\n|turn|15\n|\n|t:|1771194419\n|-terastallize|p2a: Kingdra|Steel\n|move|p1a: Kilowattrel|U-turn|p2a: Kingdra\n|-resisted|p2a: Kingdra\n|-damage|p2a: Kingdra|90/263\n|\n|t:|1771194421\n|switch|p1a: Tinkaton|Tinkaton, L82, F|238/274 par|[from] U-turn\n|-ability|p1a: Tinkaton|Mold Breaker\n|move|p2a: Kingdra|Dragon Dance|p2a: Kingdra\n|-boost|p2a: Kingdra|atk|1\n|-boost|p2a: Kingdra|spe|1\n|\n|-heal|p1a: Tinkaton|255/274 par|[from] item: Leftovers\n|upkeep\n|turn|16\n|\n|t:|1771194425\n|move|p2a: Kingdra|Iron Head|p1a: Tinkaton\n|-damage|p1a: Tinkaton|117/274 par\n|cant|p1a: Tinkaton|flinch\n|\n|-heal|p1a: Tinkaton|134/274 par|[from] item: Leftovers\n|upkeep\n|turn|17\n|\n|t:|1771194430\n|move|p2a: Kingdra|Iron Head|p1a: Tinkaton\n|-damage|p1a: Tinkaton|0 fnt\n|faint|p1a: Tinkaton\n|\n|upkeep\n|\n|t:|1771194439\n|switch|p1a: Bastiodon|Bastiodon, L89, M|252/252\n|turn|18\n|\n|t:|1771194443\n|move|p2a: Kingdra|Wave Crash|p1a: Bastiodon\n|-supereffective|p1a: Bastiodon\n|-damage|p1a: Bastiodon|46/252\n|-damage|p2a: Kingdra|22/263|[from] Recoil\n|move|p1a: Bastiodon|Body Press|p2a: Kingdra\n|-supereffective|p2a: Kingdra\n|-damage|p2a: Kingdra|0 fnt\n|faint|p2a: Kingdra\n|\n|upkeep\n|\n|t:|1771194446\n|switch|p2a: Lurantis|Lurantis, L87, F|264/264\n|-damage|p2a: Lurantis|231/264|[from] Stealth Rock\n|turn|19\n|\n|t:|1771194451\n|move|p2a: Lurantis|Superpower|p1a: Bastiodon\n|-supereffective|p1a: Bastiodon\n|-damage|p1a: Bastiodon|0 fnt\n|-boost|p2a: Lurantis|atk|1\n|-boost|p2a: Lurantis|def|1\n|faint|p1a: Bastiodon\n|\n|upkeep\n|\n|t:|1771194455\n|switch|p1a: Kilowattrel|Kilowattrel, L83, F|105/252\n|turn|20\n|\n|t:|1771194457\n|move|p1a: Kilowattrel|Hurricane|p2a: Lurantis\n|-supereffective|p2a: Lurantis\n|-damage|p2a: Lurantis|87/264\n|-start|p2a: Lurantis|confusion\n|-activate|p2a: Lurantis|confusion\n|move|p2a: Lurantis|Knock Off|p1a: Kilowattrel\n|-damage|p1a: Kilowattrel|8/252\n|\n|upkeep\n|turn|21\n|\n|t:|1771194464\n|move|p1a: Kilowattrel|Hurricane|p2a: Lurantis\n|-supereffective|p2a: Lurantis\n|-damage|p2a: Lurantis|0 fnt\n|faint|p2a: Lurantis\n|\n|upkeep\n|\n|t:|1771194465\n|switch|p2a: Tornadus|Tornadus-Therian, L79, M|254/254\n|-damage|p2a: Tornadus|191/254|[from] Stealth Rock\n|turn|22\n|\n|t:|1771194468\n|move|p1a: Kilowattrel|Roost|p1a: Kilowattrel\n|-heal|p1a: Kilowattrel|134/252\n|-singleturn|p1a: Kilowattrel|move: Roost\n|move|p2a: Tornadus|Knock Off|p1a: Kilowattrel\n|-damage|p1a: Kilowattrel|77/252\n|\n|upkeep\n|turn|23\n|\n|t:|1771194470\n|move|p1a: Kilowattrel|Roost|p1a: Kilowattrel\n|-heal|p1a: Kilowattrel|203/252\n|-singleturn|p1a: Kilowattrel|move: Roost\n|move|p2a: Tornadus|Bleakwind Storm|p1a: Kilowattrel\n|-resisted|p1a: Kilowattrel\n|-damage|p1a: Kilowattrel|129/252\n|-unboost|p1a: Kilowattrel|spe|1\n|\n|upkeep\n|turn|24\n|\n|t:|1771194473\n|move|p2a: Tornadus|Heat Wave|p1a: Kilowattrel\n|-damage|p1a: Kilowattrel|40/252\n|move|p1a: Kilowattrel|Roost|p1a: Kilowattrel\n|-heal|p1a: Kilowattrel|166/252\n|-singleturn|p1a: Kilowattrel|move: Roost\n|\n|upkeep\n|turn|25\n|\n|t:|1771194475\n|move|p2a: Tornadus|Heat Wave|p1a: Kilowattrel\n|-damage|p1a: Kilowattrel|71/252\n|move|p1a: Kilowattrel|Roost|p1a: Kilowattrel\n|-heal|p1a: Kilowattrel|197/252\n|-singleturn|p1a: Kilowattrel|move: Roost\n|\n|upkeep\n|turn|26\n|\n|t:|1771194477\n|move|p2a: Tornadus|Heat Wave|p1a: Kilowattrel\n|-damage|p1a: Kilowattrel|115/252\n|move|p1a: Kilowattrel|Roost|p1a: Kilowattrel\n|-heal|p1a: Kilowattrel|241/252\n|-singleturn|p1a: Kilowattrel|move: Roost\n|\n|upkeep\n|turn|27\n|\n|t:|1771194480\n|move|p2a: Tornadus|Heat Wave|p1a: Kilowattrel\n|-damage|p1a: Kilowattrel|161/252\n|move|p1a: Kilowattrel|Roost|p1a: Kilowattrel\n|-heal|p1a: Kilowattrel|252/252\n|-singleturn|p1a: Kilowattrel|move: Roost\n|\n|upkeep\n|turn|28\n|\n|t:|1771194487\n|move|p2a: Tornadus|Heat Wave|p1a: Kilowattrel\n|-damage|p1a: Kilowattrel|159/252\n|move|p1a: Kilowattrel|Discharge|p2a: Tornadus\n|-supereffective|p2a: Tornadus\n|-damage|p2a: Tornadus|71/254\n|\n|upkeep\n|turn|29\n|\n|t:|1771194491\n|move|p2a: Tornadus|Heat Wave|p1a: Kilowattrel|[miss]\n|-miss|p2a: Tornadus|p1a: Kilowattrel\n|move|p1a: Kilowattrel|Roost|p1a: Kilowattrel\n|-heal|p1a: Kilowattrel|252/252\n|-singleturn|p1a: Kilowattrel|move: Roost\n|\n|upkeep\n|turn|30\n|-message|Reconforce forfeited.\n|\n|win|DayCrybabyTon\n|raw|DayCrybabyTon's rating: 2172 &rarr; <strong>2194</strong><br />(+22 for winning)\n|raw|Reconforce's rating: 2206 &rarr; <strong>2184</strong><br />(-22 for losing)\n|l|☆Reconforce\n|player|p2|\n", "inputlog": ">version 686819e5e19f8a7fd2345cfc5a08a5085efa2cc3\n>start {\"formatid\":\"gen9randombattle\",\"seed\":\"sodium,dcd7eb41ba0e940193990a5e25316b96\",\"rated\":\"Rated battle\"}\n>player p1 {\"name\":\"DayCrybabyTon\",\"avatar\":\"265\",\"rating\":2172,\"seed\":\"sodium,5e6d0a0507591802fe90139720179545\"}\n>player p2 {\"name\":\"Reconforce\",\"avatar\":\"170\",\"rating\":2206,\"seed\":\"sodium,83b70a5763d0cdbb6cd2f838171c463d\"}\n>p1 switch 6\n>p2 move wavecrash\n>p1 switch 3\n>p2 move wavecrash\n>p1 move stealthrock\n>p2 switch 3\n>p1 move thunderwave\n>p2 move thunderwave\n>p1 switch 4\n>p2 move irondefense\n>p1 move discharge\n>p2 switch 5\n>p1 move uturn\n>p2 move stoneedge\n>p1 switch 3\n>p1 switch 5\n>p1 move expandingforce\n>p2 move dragondance\n>p2 switch 6\n>p1 switch 3\n>p2 move knockoff\n>p1 move discharge\n>p2 switch 2\n>p1 move uturn\n>p2 move rockpolish\n>p1 switch 3\n>p1 move expandingforce\n>p2 move bodypress\n>p1 move expandingforce\n>p2 move bodypress\n>p1 switch 3\n>p1 move discharge\n>p2 move bodypress\n>p2 switch 3\n>p1 move uturn\n>p2 move dragondance terastallize\n>p1 switch 4\n>p1 move gigatonhammer\n>p2 move ironhead\n>p1 move gigatonhammer\n>p2 move ironhead\n>p1 switch 6\n>p1 move bodypress\n>p2 move wavecrash\n>p2 switch 4\n>p1 move bodypress\n>p2 move superpower\n>p1 switch 4\n>p1 move hurricane\n>p2 move knockoff\n>p1 move hurricane\n>p2 move superpower\n>p2 switch 2\n>p1 move roost\n>p2 move knockoff\n>p1 move roost\n>p2 move bleakwindstorm\n>p1 move roost\n>p2 move heatwave\n>p1 move roost\n>p2 move heatwave\n>p1 move roost\n>p2 move heatwave\n>p1 move roost\n>p2 move heatwave\n>p1 move discharge\n>p2 move heatwave\n>p1 move roost\n>p2 move heatwave\n>forcelose p2", "uploadtime": 1771194496, "views": 10, "formatid": "gen9randombattle", "rating": 2184, "private": 0, "password": null}