{"id": "gen9randombattle-2540770711", "format": "[Gen 9] Random Battle", "players": ["kurosaki66", "Arxz"], "log": "|j|☆kurosaki66\n|j|☆Arxz\n|t:|1771252086\n|gametype|singles\n|player|p1|kurosaki66|266|2058\n|player|p2|Arxz|hoopster|2168\n|gen|9\n|tier|[Gen 9] Random Battle\n|rated|\n|rule|Species Clause: Limit one of each Pokémon\n|rule|HP Percentage Mod: HP is shown in percentages\n|rule|Sleep Clause Mod: Limit one foe put to sleep\n|rule|Illusion Level Mod: Illusion disguises the Pokémon's true level\n|\n|t:|1771252086\n|teamsize|p1|6\n|teamsize|p2|6\n|start\n|switch|p1a: Entei|Entei, L78|307/307\n|switch|p2a: Banette|Banette, L93, F|270/270\n|turn|1\n|inactive|Battle timer is ON: inactive players will automatically lose when time's up. (requested by Arxz)\n|\n|t:|1771252107\n|switch|p2a: Eternatus|Eternatus, L69|308/308\n|-ability|p2a: Eternatus|Pressure\n|move|p1a: Entei|Sacred Fire|p2a: Eternatus\n|-resisted|p2a: Eternatus\n|-crit|p2a: Eternatus\n|-damage|p2a: Eternatus|176/308\n|\n|upkeep\n|turn|2\n|\n|t:|1771252125\n|switch|p1a: Ting-Lu|Ting-Lu, L78|370/370\n|-ability|p1a: Ting-Lu|Vessel of Ruin\n|move|p2a: Eternatus|Dynamax Cannon|p1a: Ting-Lu\n|-damage|p1a: Ting-Lu|312/370\n|\n|upkeep\n|turn|3\n|\n|t:|1771252139\n|switch|p2a: Eelektross|Eelektross, L87, M|290/290\n|move|p1a: Ting-Lu|Ruination|p2a: Eelektross\n|-damage|p2a: Eelektross|145/290\n|\n|upkeep\n|turn|4\n|\n|t:|1771252154\n|switch|p1a: Entei|Entei, L78|307/307\n|move|p2a: Eelektross|Close Combat|p1a: Entei\n|-damage|p1a: Entei|202/307\n|-unboost|p2a: Eelektross|def|1\n|-unboost|p2a: Eelektross|spd|1\n|\n|upkeep\n|turn|5\n|\n|t:|1771252168\n|switch|p2a: Eternatus|Eternatus, L69|176/308\n|-ability|p2a: Eternatus|Pressure\n|move|p1a: Entei|Sacred Fire|p2a: Eternatus\n|-resisted|p2a: Eternatus\n|-damage|p2a: Eternatus|84/308\n|\n|upkeep\n|turn|6\n|\n|t:|1771252180\n|move|p2a: Eternatus|Recover|p2a: Eternatus\n|-heal|p2a: Eternatus|238/308\n|move|p1a: Entei|Sacred Fire|p2a: Eternatus\n|-resisted|p2a: Eternatus\n|-damage|p2a: Eternatus|140/308\n|\n|upkeep\n|turn|7\n|\n|t:|1771252187\n|switch|p1a: Ting-Lu|Ting-Lu, L78|312/370\n|-ability|p1a: Ting-Lu|Vessel of Ruin\n|move|p2a: Eternatus|Recover|p2a: Eternatus\n|-heal|p2a: Eternatus|294/308\n|\n|upkeep\n|turn|8\n|\n|t:|1771252195\n|move|p2a: Eternatus|Dynamax Cannon|p1a: Ting-Lu\n|-damage|p1a: Ting-Lu|257/370\n|move|p1a: Ting-Lu|Ruination|p2a: Eternatus\n|-damage|p2a: Eternatus|147/308\n|\n|upkeep\n|turn|9\n|\n|t:|1771252201\n|switch|p2a: Eelektross|Eelektross, L87, M|145/290\n|move|p1a: Ting-Lu|Earthquake|p2a: Eelektross\n|-immune|p2a: Eelektross|[from] ability: Levitate\n|\n|upkeep\n|turn|10\n|\n|t:|1771252217\n|switch|p1a: Klefki|Klefki, L84, F|233/233\n|move|p2a: Eelektross|Close Combat|p1a: Klefki\n|-damage|p1a: Klefki|132/233\n|-unboost|p2a: Eelektross|def|1\n|-unboost|p2a: Eelektross|spd|1\n|\n|-heal|p1a: Klefki|146/233|[from] item: Leftovers\n|upkeep\n|turn|11\n|\n|t:|1771252229\n|move|p1a: Klefki|Foul Play|p2a: Eelektross\n|-damage|p2a: Eelektross|18/290\n|move|p2a: Eelektross|Discharge|p1a: Klefki\n|-damage|p1a: Klefki|49/233\n|-status|p1a: Klefki|par\n|\n|-heal|p1a: Klefki|63/233 par|[from] item: Leftovers\n|upkeep\n|turn|12\n|\n|t:|1771252238\n|cant|p1a: Klefki|par\n|move|p2a: Eelektross|Discharge|p1a: Klefki\n|-damage|p1a: Klefki|0 fnt\n|faint|p1a: Klefki\n|\n|upkeep\n|\n|t:|1771252250\n|switch|p1a: Entei|Entei, L78|202/307\n|turn|13\n|\n|t:|1771252257\n|switch|p2a: Eternatus|Eternatus, L69|147/308\n|-ability|p2a: Eternatus|Pressure\n|move|p1a: Entei|Flare Blitz|p2a: Eternatus\n|-resisted|p2a: Eternatus\n|-damage|p2a: Eternatus|33/308\n|-damage|p1a: Entei|151/307|[from] item: Rocky Helmet|[of] p2a: Eternatus\n|-damage|p1a: Entei|113/307|[from] Recoil\n|\n|upkeep\n|turn|14\n|\n|t:|1771252266\n|switch|p1a: Ting-Lu|Ting-Lu, L78|257/370\n|-ability|p1a: Ting-Lu|Vessel of Ruin\n|move|p2a: Eternatus|Recover|p2a: Eternatus\n|-heal|p2a: Eternatus|187/308\n|\n|upkeep\n|turn|15\n|\n|t:|1771252273\n|switch|p2a: Kleavor|Kleavor, L78, F|237/237\n|move|p1a: Ting-Lu|Payback|p2a: Kleavor\n|-damage|p2a: Kleavor|183/237\n|\n|upkeep\n|turn|16\n|\n|t:|1771252279\n|move|p2a: Kleavor|U-turn|p1a: Ting-Lu\n|-supereffective|p1a: Ting-Lu\n|-damage|p1a: Ting-Lu|113/370\n|\n|t:|1771252282\n|switch|p2a: Eelektross|Eelektross, L87, M|18/290|[from] U-turn\n|move|p1a: Ting-Lu|Heavy Slam|p2a: Eelektross\n|-resisted|p2a: Eelektross\n|-damage|p2a: Eelektross|0 fnt\n|faint|p2a: Eelektross\n|\n|upkeep\n|\n|t:|1771252287\n|switch|p2a: Kleavor|Kleavor, L78, F|183/237\n|turn|17\n|\n|t:|1771252292\n|move|p2a: Kleavor|U-turn|p1a: Ting-Lu\n|-supereffective|p1a: Ting-Lu\n|-damage|p1a: Ting-Lu|0 fnt\n|faint|p1a: Ting-Lu\n|\n|t:|1771252295\n|switch|p2a: Eternatus|Eternatus, L69|187/308|[from] U-turn\n|-ability|p2a: Eternatus|Pressure\n|\n|upkeep\n|\n|t:|1771252304\n|switch|p1a: Koraidon|Koraidon, L64|235/235\n|-weather|SunnyDay|[from] ability: Orichalcum Pulse|[of] p1a: Koraidon\n|-activate|p1a: Koraidon|Orichalcum Pulse|[source]\n|turn|18\n|\n|t:|1771252318\n|-terastallize|p1a: Koraidon|Fire\n|move|p2a: Eternatus|Dynamax Cannon|p1a: Koraidon\n|-damage|p1a: Koraidon|124/235\n|move|p1a: Koraidon|Scale Shot|p2a: Eternatus|[miss]\n|-miss|p1a: Koraidon|p2a: Eternatus\n|\n|-weather|SunnyDay|[upkeep]\n|upkeep\n|turn|19\n|\n|t:|1771252331\n|move|p2a: Eternatus|Dynamax Cannon|p1a: Koraidon\n|-damage|p1a: Koraidon|12/235\n|move|p1a: Koraidon|Scale Shot|p2a: Eternatus\n|-supereffective|p2a: Eternatus\n|-damage|p2a: Eternatus|121/308\n|-supereffective|p2a: Eternatus\n|-damage|p2a: Eternatus|53/308\n|-supereffective|p2a: Eternatus\n|-damage|p2a: Eternatus|0 fnt\n|faint|p2a: Eternatus\n|-hitcount|p2: Eternatus|3\n|-unboost|p1a: Koraidon|def|1\n|-boost|p1a: Koraidon|spe|1\n|\n|-weather|SunnyDay|[upkeep]\n|upkeep\n|\n|t:|1771252344\n|switch|p2a: Banette|Banette, L93, F|270/270\n|turn|20\n|\n|t:|1771252348\n|switch|p1a: Pincurchin|Pincurchin, M|258/258\n|-fieldstart|move: Electric Terrain|[from] ability: Electric Surge|[of] p1a: Pincurchin\n|move|p2a: Banette|Shadow Sneak|p1a: Pincurchin\n|-damage|p1a: Pincurchin|196/258\n|-damage|p2a: Banette|243/270|[from] item: Life Orb\n|\n|-weather|SunnyDay|[upkeep]\n|-heal|p1a: Pincurchin|212/258|[from] item: Leftovers\n|upkeep\n|turn|21\n|\n|t:|1771252361\n|switch|p2a: Virizion|Virizion, L82|283/283\n|move|p1a: Pincurchin|Zing Zap|p2a: Virizion\n|-resisted|p2a: Virizion\n|-damage|p2a: Virizion|188/283\n|\n|-weather|SunnyDay|[upkeep]\n|-heal|p1a: Pincurchin|228/258|[from] item: Leftovers\n|upkeep\n|turn|22\n|\n|t:|1771252378\n|switch|p1a: Koraidon|Koraidon, L64, tera:Fire|12/235\n|-activate|p1a: Koraidon|ability: Orichalcum Pulse\n|move|p2a: Virizion|Leaf Blade|p1a: Koraidon\n|-resisted|p1a: Koraidon\n|-damage|p1a: Koraidon|0 fnt\n|faint|p1a: Koraidon\n|-damage|p2a: Virizion|160/283|[from] item: Life Orb\n|\n|-weather|none\n|upkeep\n|\n|t:|1771252387\n|switch|p1a: Comfey|Comfey, L85, M|225/225\n|turn|23\n|\n|t:|1771252393\n|switch|p2a: Banette|Banette, L93, F|243/270\n|move|p1a: Comfey|Draining Kiss|p2a: Banette\n|-damage|p2a: Banette|186/270\n|\n|upkeep\n|turn|24\n|\n|t:|1771252399\n|switch|p1a: Entei|Entei, L78|113/307\n|move|p2a: Banette|Poltergeist|p1a: Entei\n|-activate|p1a: Entei|move: Poltergeist|Choice Band\n|-damage|p1a: Entei|0 fnt\n|faint|p1a: Entei\n|-damage|p2a: Banette|159/270|[from] item: Life Orb\n|\n|-fieldend|move: Electric Terrain\n|upkeep\n|\n|t:|1771252407\n|switch|p1a: Pincurchin|Pincurchin, M|228/258\n|-fieldstart|move: Electric Terrain|[from] ability: Electric Surge|[of] p1a: Pincurchin\n|turn|25\n|\n|t:|1771252417\n|move|p2a: Banette|Poltergeist|p1a: Pincurchin\n|-activate|p1a: Pincurchin|move: Poltergeist|Leftovers\n|-damage|p1a: Pincurchin|75/258\n|-damage|p2a: Banette|132/270|[from] item: Life Orb\n|move|p1a: Pincurchin|Curse|p1a: Pincurchin\n|-unboost|p1a: Pincurchin|spe|1\n|-boost|p1a: Pincurchin|atk|1\n|-boost|p1a: Pincurchin|def|1\n|\n|-heal|p1a: Pincurchin|91/258|[from] item: Leftovers\n|upkeep\n|turn|26\n|\n|t:|1771252428\n|move|p2a: Banette|Poltergeist|p1a: Pincurchin\n|-activate|p1a: Pincurchin|move: Poltergeist|Leftovers\n|-damage|p1a: Pincurchin|0 fnt\n|faint|p1a: Pincurchin\n|-damage|p2a: Banette|105/270|[from] item: Life Orb\n|\n|upkeep\n|\n|t:|1771252434\n|switch|p1a: Comfey|Comfey, L85, M|225/225\n|turn|27\n|\n|t:|1771252437\n|move|p1a: Comfey|Calm Mind|p1a: Comfey\n|-boost|p1a: Comfey|spa|1\n|-boost|p1a: Comfey|spd|1\n|move|p2a: Banette|Poltergeist|p1a: Comfey\n|-activate|p1a: Comfey|move: Poltergeist|Leftovers\n|-damage|p1a: Comfey|26/225\n|-damage|p2a: Banette|78/270|[from] item: Life Orb\n|\n|-heal|p1a: Comfey|40/225|[from] item: Leftovers\n|upkeep\n|turn|28\n|\n|t:|1771252447\n|move|p1a: Comfey|Draining Kiss|p2a: Banette\n|-damage|p2a: Banette|0 fnt\n|-heal|p1a: Comfey|99/225|[from] drain|[of] p2a: Banette\n|faint|p2a: Banette\n|\n|-heal|p1a: Comfey|113/225|[from] item: Leftovers\n|upkeep\n|\n|t:|1771252450\n|switch|p2a: Metagross|Metagross, L79|256/256\n|turn|29\n|-message|kurosaki66 forfeited.\n|\n|win|Arxz\n|raw|kurosaki66's rating: 2058 &rarr; <strong>2044</strong><br />(-14 for losing)\n|raw|Arxz's rating: 2168 &rarr; <strong>2182</strong><br />(+14 for winning)\n|l|☆kurosaki66\n|player|p1|\n", "inputlog": ">version 686819e5e19f8a7fd2345cfc5a08a5085efa2cc3\n>start {\"formatid\":\"gen9randombattle\",\"seed\":\"sodium,861826ceeed4fcfefa822bebffd90731\",\"rated\":\"Rated battle\"}\n>player p1 {\"name\":\"kurosaki66\",\"avatar\":\"266\",\"rating\":2058,\"seed\":\"sodium,2cd468f2d4fbc6174ed7bf935e48753f\"}\n>player p2 {\"name\":\"Arxz\",\"avatar\":\"hoopster\",\"rating\":2168,\"seed\":\"sodium,afd0fc7ff0dab7dd35555b940cc95963\"}\n>p1 move sacredfire\n>p2 switch 2\n>p1 switch 6\n>p2 move dynamaxcannon\n>p1 move ruination\n>p2 switch 5\n>p1 switch 6\n>p2 move closecombat\n>p1 move sacredfire\n>p2 switch 5\n>p1 move sacredfire\n>p2 move recover\n>p1 switch 6\n>p2 move recover\n>p1 move ruination\n>p2 move dynamaxcannon\n>p1 move earthquake\n>p2 switch 5\n>p1 switch 3\n>p2 move closecombat\n>p1 move foulplay\n>p2 move discharge\n>p1 move spikes\n>p2 move discharge\n>p1 switch 6\n>p1 move flareblitz\n>p2 switch 5\n>p1 switch 3\n>p2 move recover\n>p1 move payback\n>p2 switch 4\n>p1 move heavyslam\n>p2 move uturn\n>p2 switch 5\n>p2 switch 5\n>p1 move heavyslam\n>p2 move uturn\n>p2 switch 4\n>p1 switch 4\n>p1 move scaleshot terastallize\n>p2 move dynamaxcannon\n>p1 move scaleshot\n>p2 move dynamaxcannon\n>p2 switch 2\n>p1 switch 5\n>p2 move shadowsneak\n>p1 move zingzap\n>p2 switch 3\n>p1 switch 5\n>p2 move leafblade\n>p1 switch 2\n>p1 move drainingkiss\n>p2 switch 3\n>p1 switch 3\n>p2 move poltergeist\n>p1 switch 5\n>p1 move curse\n>p2 move poltergeist\n>p1 move recover\n>p2 move poltergeist\n>p1 switch 3\n>p1 move calmmind\n>p2 move poltergeist\n>p1 move drainingkiss\n>p2 move shadowsneak\n>p2 switch 6\n>forcelose p1", "uploadtime": 1771252456, "views": 9, "formatid": "gen9randombattle", "rating": 2044, "private": 0, "password": null}