{"id": "gen9randombattle-2540527291", "format": "[Gen 9] Random Battle", "players": ["KoolCreatorX", "cancerbero28"], "log": "|j|☆KoolCreatorX\n|j|☆cancerbero28\n|t:|1771213337\n|gametype|singles\n|player|p1|KoolCreatorX|unknown|1563\n|player|p2|cancerbero28|266|1520\n|gen|9\n|tier|[Gen 9] Random Battle\n|rated|\n|rule|Species Clause: Limit one of each Pokémon\n|rule|HP Percentage Mod: HP is shown in percentages\n|rule|Sleep Clause Mod: Limit one foe put to sleep\n|rule|Illusion Level Mod: Illusion disguises the Pokémon's true level\n|\n|t:|1771213337\n|teamsize|p1|6\n|teamsize|p2|6\n|start\n|switch|p1a: Slowking|Slowking-Galar, L85, F|300/300\n|switch|p2a: Blastoise|Blastoise, L80, M|258/258\n|turn|1\n|inactive|Battle timer is ON: inactive players will automatically lose when time's up. (requested by cancerbero28)\n|\n|t:|1771213372\n|move|p2a: Blastoise|Shell Smash|p2a: Blastoise\n|-unboost|p2a: Blastoise|def|1\n|-unboost|p2a: Blastoise|spd|1\n|-boost|p2a: Blastoise|atk|2\n|-boost|p2a: Blastoise|spa|2\n|-boost|p2a: Blastoise|spe|2\n|-enditem|p2a: Blastoise|White Herb\n|-clearnegativeboost|p2a: Blastoise|[silent]\n|move|p1a: Slowking|Sludge Bomb|p2a: Blastoise\n|-damage|p2a: Blastoise|150/258\n|-status|p2a: Blastoise|psn\n|\n|-damage|p2a: Blastoise|118/258 psn|[from] psn\n|upkeep\n|turn|2\n|\n|t:|1771213381\n|move|p2a: Blastoise|Earthquake|p1a: Slowking\n|-supereffective|p1a: Slowking\n|-damage|p1a: Slowking|38/300\n|move|p1a: Slowking|Sludge Bomb|p2a: Blastoise\n|-damage|p2a: Blastoise|25/258 psn\n|\n|-heal|p1a: Slowking|56/300|[from] item: Leftovers\n|-damage|p2a: Blastoise|0 fnt|[from] psn\n|faint|p2a: Blastoise\n|upkeep\n|\n|t:|1771213393\n|switch|p2a: Gardevoir|Gardevoir, L83, M|219/219\n|turn|3\n|\n|t:|1771213411\n|switch|p1a: Arcanine|Arcanine-Hisui, L79, F|279/279\n|move|p2a: Gardevoir|Hyper Voice|p1a: Arcanine\n|-resisted|p1a: Arcanine\n|-damage|p1a: Arcanine|188/279\n|\n|upkeep\n|turn|4\n|\n|t:|1771213426\n|switch|p2a: Rhydon|Rhydon, L85, F|317/317\n|move|p1a: Arcanine|Flare Blitz|p2a: Rhydon\n|-resisted|p2a: Rhydon\n|-damage|p2a: Rhydon|269/317\n|\n|upkeep\n|turn|5\n|\n|t:|1771213435\n|switch|p1a: Leafeon|Leafeon, L88, M|258/258\n|move|p2a: Rhydon|Swords Dance|p2a: Rhydon\n|-boost|p2a: Rhydon|atk|2\n|\n|upkeep\n|turn|6\n|\n|t:|1771213447\n|-terastallize|p2a: Rhydon|Flying\n|move|p1a: Leafeon|Substitute|p1a: Leafeon\n|-start|p1a: Leafeon|Substitute\n|-damage|p1a: Leafeon|194/258\n|move|p2a: Rhydon|Stone Edge|p1a: Leafeon|[miss]\n|-miss|p2a: Rhydon|p1a: Leafeon\n|\n|-heal|p1a: Leafeon|210/258|[from] item: Leftovers\n|upkeep\n|turn|7\n|\n|t:|1771213458\n|move|p1a: Leafeon|Knock Off|p2a: Rhydon\n|-damage|p2a: Rhydon|221/317\n|-enditem|p2a: Rhydon|Eviolite|[from] move: Knock Off|[of] p1a: Leafeon\n|move|p2a: Rhydon|Megahorn|p1a: Leafeon\n|-supereffective|p1a: Leafeon\n|-end|p1a: Leafeon|Substitute\n|\n|-heal|p1a: Leafeon|226/258|[from] item: Leftovers\n|upkeep\n|turn|8\n|\n|t:|1771213477\n|move|p1a: Leafeon|Knock Off|p2a: Rhydon\n|-damage|p2a: Rhydon|176/317\n|move|p2a: Rhydon|Megahorn|p1a: Leafeon|[miss]\n|-miss|p2a: Rhydon|p1a: Leafeon\n|\n|-heal|p1a: Leafeon|242/258|[from] item: Leftovers\n|upkeep\n|turn|9\n|\n|t:|1771213482\n|move|p1a: Leafeon|Knock Off|p2a: Rhydon\n|-damage|p2a: Rhydon|134/317\n|move|p2a: Rhydon|Megahorn|p1a: Leafeon\n|-supereffective|p1a: Leafeon\n|-damage|p1a: Leafeon|0 fnt\n|faint|p1a: Leafeon\n|\n|upkeep\n|\n|t:|1771213500\n|switch|p1a: Sylveon|Sylveon, L85, F|300/300\n|turn|10\n|\n|t:|1771213503\n|move|p1a: Sylveon|Hyper Voice|p2a: Rhydon\n|-damage|p2a: Rhydon|0 fnt\n|faint|p2a: Rhydon\n|\n|upkeep\n|\n|t:|1771213510\n|switch|p2a: Gardevoir|Gardevoir, L83, M|219/219\n|turn|11\n|\n|t:|1771213517\n|move|p2a: Gardevoir|Hyper Voice|p1a: Sylveon\n|-damage|p1a: Sylveon|182/300\n|move|p1a: Sylveon|Hyper Voice|p2a: Gardevoir\n|-damage|p2a: Gardevoir|50/219\n|replace|p2a: Zoroark|Zoroark-Hisui, L80, M\n|-end|p2a: Zoroark|Illusion\n|-hint|Illusion Level Mod is active, so this Pokémon's true level was hidden.\n|\n|-heal|p1a: Sylveon|200/300|[from] item: Leftovers\n|upkeep\n|turn|12\n|\n|t:|1771213528\n|move|p2a: Zoroark|Hyper Voice|p1a: Sylveon\n|-damage|p1a: Sylveon|89/300\n|move|p1a: Sylveon|Wish|p1a: Sylveon\n|\n|-heal|p1a: Sylveon|107/300|[from] item: Leftovers\n|upkeep\n|turn|13\n|\n|t:|1771213532\n|move|p1a: Sylveon|Protect|p1a: Sylveon\n|-singleturn|p1a: Sylveon|Protect\n|move|p2a: Zoroark|Hyper Voice|p1a: Sylveon\n|-activate|p1a: Sylveon|move: Protect\n|\n|-heal|p1a: Sylveon|257/300|[from] move: Wish|[wisher] Sylveon\n|-heal|p1a: Sylveon|275/300|[from] item: Leftovers\n|upkeep\n|turn|14\n|\n|t:|1771213535\n|move|p2a: Zoroark|Hyper Voice|p1a: Sylveon\n|-damage|p1a: Sylveon|155/300\n|move|p1a: Sylveon|Hyper Voice|p2a: Zoroark\n|-damage|p2a: Zoroark|0 fnt\n|faint|p2a: Zoroark\n|\n|-heal|p1a: Sylveon|173/300|[from] item: Leftovers\n|upkeep\n|\n|t:|1771213539\n|switch|p2a: Ogerpon|Ogerpon-Cornerstone, L76, F|247/247\n|turn|15\n|\n|t:|1771213546\n|switch|p1a: Magmortar|Magmortar, L88, M|275/275\n|move|p2a: Ogerpon|Encore||[still]\n|-fail|p2a: Ogerpon\n|\n|upkeep\n|turn|16\n|\n|t:|1771213552\n|move|p2a: Ogerpon|Ivy Cudgel|p1a: Magmortar|[anim] Ivy Cudgel Rock\n|-supereffective|p1a: Magmortar\n|-damage|p1a: Magmortar|0 fnt\n|faint|p1a: Magmortar\n|\n|upkeep\n|\n|t:|1771213561\n|switch|p1a: Arcanine|Arcanine-Hisui, L79, F|188/279\n|turn|17\n|\n|t:|1771213566\n|move|p2a: Ogerpon|Ivy Cudgel|p1a: Arcanine|[anim] Ivy Cudgel Rock\n|-supereffective|p1a: Arcanine\n|-damage|p1a: Arcanine|0 fnt\n|faint|p1a: Arcanine\n|\n|upkeep\n|\n|t:|1771213579\n|switch|p1a: Sylveon|Sylveon, L85, F|173/300\n|turn|18\n|\n|t:|1771213582\n|move|p2a: Ogerpon|Ivy Cudgel|p1a: Sylveon|[anim] Ivy Cudgel Rock\n|-damage|p1a: Sylveon|11/300\n|move|p1a: Sylveon|Hyper Voice|p2a: Ogerpon\n|-damage|p2a: Ogerpon|112/247\n|\n|-heal|p1a: Sylveon|29/300|[from] item: Leftovers\n|upkeep\n|turn|19\n|\n|t:|1771213585\n|move|p2a: Ogerpon|Ivy Cudgel|p1a: Sylveon|[anim] Ivy Cudgel Rock\n|-damage|p1a: Sylveon|0 fnt\n|faint|p1a: Sylveon\n|\n|upkeep\n|\n|t:|1771213587\n|switch|p1a: Serperior|Serperior, L79, F|248/248\n|turn|20\n|\n|t:|1771213595\n|move|p1a: Serperior|Leaf Storm|p2a: Ogerpon\n|-damage|p2a: Ogerpon|13/247\n|-boost|p1a: Serperior|spa|2\n|move|p2a: Ogerpon|Ivy Cudgel|p1a: Serperior|[anim] Ivy Cudgel Rock\n|-damage|p1a: Serperior|130/248\n|\n|-heal|p1a: Serperior|145/248|[from] item: Leftovers\n|upkeep\n|turn|21\n|\n|t:|1771213603\n|move|p1a: Serperior|Leaf Storm|p2a: Ogerpon\n|-damage|p2a: Ogerpon|0 fnt\n|-boost|p1a: Serperior|spa|2\n|faint|p2a: Ogerpon\n|\n|-heal|p1a: Serperior|160/248|[from] item: Leftovers\n|upkeep\n|\n|t:|1771213606\n|switch|p2a: Gardevoir|Gardevoir, L83, M|249/249\n|-ability|p2a: Gardevoir|Contrary|Trace|[from] ability: Trace|[of] p1a: Serperior\n|turn|22\n|\n|t:|1771213612\n|move|p1a: Serperior|Leaf Storm|p2a: Gardevoir\n|-damage|p2a: Gardevoir|9/249\n|-boost|p1a: Serperior|spa|2\n|move|p2a: Gardevoir|Moonblast|p1a: Serperior\n|-damage|p1a: Serperior|0 fnt\n|faint|p1a: Serperior\n|-damage|p2a: Gardevoir|0 fnt|[from] item: Life Orb\n|faint|p2a: Gardevoir\n|\n|upkeep\n|\n|t:|1771213617\n|switch|p1a: Slowking|Slowking-Galar, L85, F|156/300\n|switch|p2a: Donphan|Donphan, L84, M|288/288\n|turn|23\n|\n|t:|1771213628\n|-terastallize|p1a: Slowking|Dark\n|move|p2a: Donphan|Earthquake|p1a: Slowking\n|-damage|p1a: Slowking|21/300\n|move|p1a: Slowking|Slack Off|p1a: Slowking\n|-heal|p1a: Slowking|171/300\n|\n|-heal|p1a: Slowking|189/300|[from] item: Leftovers\n|upkeep\n|turn|24\n|\n|t:|1771213636\n|move|p2a: Donphan|Earthquake|p1a: Slowking\n|-damage|p1a: Slowking|45/300\n|move|p1a: Slowking|Slack Off|p1a: Slowking\n|-heal|p1a: Slowking|195/300\n|\n|-heal|p1a: Slowking|213/300|[from] item: Leftovers\n|upkeep\n|turn|25\n|\n|t:|1771213641\n|move|p2a: Donphan|Earthquake|p1a: Slowking\n|-damage|p1a: Slowking|69/300\n|move|p1a: Slowking|Slack Off|p1a: Slowking\n|-heal|p1a: Slowking|219/300\n|\n|-heal|p1a: Slowking|237/300|[from] item: Leftovers\n|upkeep\n|turn|26\n|\n|t:|1771213651\n|move|p2a: Donphan|Earthquake|p1a: Slowking\n|-damage|p1a: Slowking|113/300\n|move|p1a: Slowking|Slack Off|p1a: Slowking\n|-heal|p1a: Slowking|263/300\n|\n|-heal|p1a: Slowking|281/300|[from] item: Leftovers\n|upkeep\n|turn|27\n|\n|t:|1771213658\n|move|p2a: Donphan|Earthquake|p1a: Slowking\n|-damage|p1a: Slowking|155/300\n|move|p1a: Slowking|Fire Blast|p2a: Donphan\n|-damage|p2a: Donphan|212/288\n|\n|-heal|p1a: Slowking|173/300|[from] item: Leftovers\n|upkeep\n|turn|28\n|\n|t:|1771213664\n|move|p2a: Donphan|Earthquake|p1a: Slowking\n|-damage|p1a: Slowking|40/300\n|move|p1a: Slowking|Slack Off|p1a: Slowking\n|-heal|p1a: Slowking|190/300\n|\n|-heal|p1a: Slowking|208/300|[from] item: Leftovers\n|upkeep\n|turn|29\n|\n|t:|1771213668\n|move|p2a: Donphan|Earthquake|p1a: Slowking\n|-damage|p1a: Slowking|69/300\n|move|p1a: Slowking|Slack Off|p1a: Slowking\n|-heal|p1a: Slowking|219/300\n|\n|-heal|p1a: Slowking|237/300|[from] item: Leftovers\n|upkeep\n|turn|30\n|\n|t:|1771213673\n|move|p2a: Donphan|Earthquake|p1a: Slowking\n|-damage|p1a: Slowking|111/300\n|move|p1a: Slowking|Slack Off|p1a: Slowking\n|-heal|p1a: Slowking|261/300\n|\n|-heal|p1a: Slowking|279/300|[from] item: Leftovers\n|upkeep\n|turn|31\n|\n|t:|1771213677\n|move|p2a: Donphan|Earthquake|p1a: Slowking\n|-damage|p1a: Slowking|158/300\n|move|p1a: Slowking|Fire Blast|p2a: Donphan\n|-damage|p2a: Donphan|137/288\n|\n|-heal|p1a: Slowking|176/300|[from] item: Leftovers\n|upkeep\n|turn|32\n|\n|t:|1771213685\n|move|p2a: Donphan|Earthquake|p1a: Slowking\n|-damage|p1a: Slowking|47/300\n|move|p1a: Slowking|Slack Off|p1a: Slowking\n|-heal|p1a: Slowking|197/300\n|\n|-heal|p1a: Slowking|215/300|[from] item: Leftovers\n|upkeep\n|turn|33\n|\n|t:|1771213688\n|move|p2a: Donphan|Earthquake|p1a: Slowking\n|-damage|p1a: Slowking|86/300\n|move|p1a: Slowking|Fire Blast|p2a: Donphan\n|-damage|p2a: Donphan|58/288\n|\n|-heal|p1a: Slowking|104/300|[from] item: Leftovers\n|upkeep\n|turn|34\n|\n|t:|1771213693\n|move|p2a: Donphan|Earthquake|p1a: Slowking\n|-damage|p1a: Slowking|0 fnt\n|faint|p1a: Slowking\n|\n|win|cancerbero28\n|raw|KoolCreatorX's rating: 1563 &rarr; <strong>1541</strong><br />(-22 for losing)\n|raw|cancerbero28's rating: 1520 &rarr; <strong>1542</strong><br />(+22 for winning)\n|l|☆KoolCreatorX\n|player|p1|\n|c|☆cancerbero28|Gg\n", "inputlog": ">version 686819e5e19f8a7fd2345cfc5a08a5085efa2cc3\n>start {\"formatid\":\"gen9randombattle\",\"seed\":\"sodium,183e48e4af5da7cafd32e4217fe1f5cc\",\"rated\":\"Rated battle\"}\n>player p1 {\"name\":\"KoolCreatorX\",\"avatar\":\"unknown\",\"rating\":1563,\"seed\":\"sodium,671138cdbc5ce45522ba0d1a240e57f9\"}\n>player p2 {\"name\":\"cancerbero28\",\"avatar\":\"266\",\"rating\":1520,\"seed\":\"sodium,27e63f0b3be7eaca2d1d6a0d4afd2ff0\"}\n>p1 move sludgebomb\n>p2 move shellsmash\n>p1 move sludgebomb\n>p2 move earthquake\n>p2 switch 3\n>p1 switch 5\n>p2 move hypervoice\n>p1 move flareblitz\n>p2 switch 2\n>p1 switch 4\n>p2 move swordsdance\n>p1 move substitute\n>p2 move stoneedge terastallize\n>p1 move knockoff\n>p2 move megahorn\n>p1 move knockoff\n>p2 move megahorn\n>p1 move knockoff\n>p2 move megahorn\n>p1 switch 3\n>p1 move hypervoice\n>p2 move earthquake\n>p2 switch 2\n>p1 move hypervoice\n>p2 move hypervoice\n>p1 move wish\n>p2 move hypervoice\n>p1 move protect\n>p2 move hypervoice\n>p1 move hypervoice\n>p2 move hypervoice\n>p2 switch 5\n>p1 switch 6\n>p2 move encore\n>p1 move willowisp\n>p2 move ivycudgel\n>p1 switch 4\n>p1 move flareblitz\n>p2 move ivycudgel\n>p1 switch 6\n>p1 move hypervoice\n>p2 move ivycudgel\n>p1 move hypervoice\n>p2 move ivycudgel\n>p1 switch 2\n>p1 move leafstorm\n>p2 move ivycudgel\n>p1 move leafstorm\n>p2 move ivycudgel\n>p2 switch 6\n>p1 move leafstorm\n>p2 move moonblast\n>p1 switch 5\n>p2 switch 4\n>p1 move slackoff terastallize\n>p2 move earthquake\n>p1 move slackoff\n>p2 move earthquake\n>p1 move slackoff\n>p2 move earthquake\n>p1 move slackoff\n>p2 move earthquake\n>p1 move fireblast\n>p2 move earthquake\n>p1 move slackoff\n>p2 move earthquake\n>p1 move slackoff\n>p2 move earthquake\n>p1 move slackoff\n>p2 move earthquake\n>p1 move fireblast\n>p2 move earthquake\n>p1 move slackoff\n>p2 move earthquake\n>p1 move fireblast\n>p2 move earthquake\n>p1 move psychicnoise\n>p2 move earthquake", "uploadtime": 1771213702, "views": 10, "formatid": "gen9randombattle", "rating": 1541, "private": 0, "password": null}