{"id": "gen9randombattle-2540780996", "format": "[Gen 9] Random Battle", "players": ["FantasyWind", "sharang"], "log": "|j|‽FantasyWind\n|j|☆sharang\n|t:|1771253269\n|gametype|singles\n|player|p1|FantasyWind|rosa|1729\n|player|p2|sharang|firebreather|1675\n|gen|9\n|tier|[Gen 9] Random Battle\n|rated|\n|rule|Species Clause: Limit one of each Pokémon\n|rule|HP Percentage Mod: HP is shown in percentages\n|rule|Sleep Clause Mod: Limit one foe put to sleep\n|rule|Illusion Level Mod: Illusion disguises the Pokémon's true level\n|\n|t:|1771253269\n|teamsize|p1|6\n|teamsize|p2|6\n|start\n|switch|p1a: Minior|Minior, L79|224/224\n|switch|p2a: Inteleon|Inteleon, L81, F|246/246\n|-formechange|p1a: Minior|Minior-Meteor||[from] ability: Shields Down\n|turn|1\n|inactive|Battle timer is ON: inactive players will automatically lose when time's up. (requested by FantasyWind)\n|\n|t:|1771253298\n|switch|p1a: Bruxish|Bruxish, L85, F|254/254\n|move|p2a: Inteleon|Scald|p1a: Bruxish\n|-resisted|p1a: Bruxish\n|-damage|p1a: Bruxish|173/254\n|\n|upkeep\n|turn|2\n|inactive|sharang has 120 seconds left.\n|inactive|sharang has 90 seconds left.\n|\n|t:|1771253376\n|switch|p2a: Spidops|Spidops, L96, M|271/271\n|move|p1a: Bruxish|Psychic Fangs|p2a: Spidops\n|-damage|p2a: Spidops|151/271\n|\n|upkeep\n|turn|3\n|\n|t:|1771253388\n|move|p1a: Bruxish|Psychic Fangs|p2a: Spidops\n|-damage|p2a: Spidops|19/271\n|move|p2a: Spidops|Sticky Web|p1a: Bruxish\n|-sidestart|p1: FantasyWind|move: Sticky Web\n|\n|upkeep\n|turn|4\n|inactive|sharang has 60 seconds left.\n|\n|t:|1771253425\n|move|p1a: Bruxish|Psychic Fangs|p2a: Spidops\n|-damage|p2a: Spidops|0 fnt\n|faint|p2a: Spidops\n|\n|upkeep\n|\n|t:|1771253432\n|switch|p2a: Inteleon|Inteleon, L81, F|246/246\n|turn|5\n|\n|t:|1771253446\n|move|p1a: Bruxish|Psychic Fangs|p2a: Inteleon\n|-damage|p2a: Inteleon|48/246\n|move|p2a: Inteleon|U-turn|p1a: Bruxish\n|-supereffective|p1a: Bruxish\n|-damage|p1a: Bruxish|77/254\n|inactive|sharang has 60 seconds left.\n|\n|t:|1771253465\n|switch|p2a: Wugtrio|Wugtrio, L91, F|212/212|[from] U-turn\n|\n|upkeep\n|turn|6\n|\n|t:|1771253472\n|move|p1a: Bruxish|Psychic Fangs|p2a: Wugtrio\n|-damage|p2a: Wugtrio|22/212\n|-ability|p2a: Wugtrio|Gooey\n|-unboost|p1a: Bruxish|spe|1\n|move|p2a: Wugtrio|Throat Chop|p1a: Bruxish\n|-supereffective|p1a: Bruxish\n|-damage|p1a: Bruxish|0 fnt\n|faint|p1a: Bruxish\n|\n|upkeep\n|\n|t:|1771253476\n|switch|p1a: Minior|Minior, L79|224/224\n|-formechange|p1a: Minior|Minior-Meteor||[from] ability: Shields Down\n|turn|7\n|inactive|sharang has 60 seconds left.\n|\n|t:|1771253497\n|switch|p2a: Flygon|Flygon, L82, F|265/265\n|move|p1a: Minior|Shell Smash|p1a: Minior\n|-unboost|p1a: Minior|def|1\n|-unboost|p1a: Minior|spd|1\n|-boost|p1a: Minior|atk|2\n|-boost|p1a: Minior|spa|2\n|-boost|p1a: Minior|spe|2\n|-enditem|p1a: Minior|White Herb\n|-clearnegativeboost|p1a: Minior|[silent]\n|\n|upkeep\n|turn|8\n|inactive|sharang has 60 seconds left.\n|\n|t:|1771253507\n|-terastallize|p2a: Flygon|Rock\n|move|p2a: Flygon|Stone Edge|p1a: Minior\n|-supereffective|p1a: Minior\n|-damage|p1a: Minior|42/224\n|move|p1a: Minior|Acrobatics|p2a: Flygon\n|-resisted|p2a: Flygon\n|-damage|p2a: Flygon|192/265\n|\n|-formechange|p1a: Minior|Minior||[from] ability: Shields Down\n|upkeep\n|turn|9\n|inactive|sharang has 60 seconds left.\n|\n|t:|1771253522\n|move|p1a: Minior|Power Gem|p2a: Flygon\n|-damage|p2a: Flygon|18/265\n|move|p2a: Flygon|Stone Edge|p1a: Minior\n|-supereffective|p1a: Minior\n|-damage|p1a: Minior|0 fnt\n|faint|p1a: Minior\n|\n|upkeep\n|\n|t:|1771253527\n|switch|p1a: Donphan|Donphan, L84, F|288/288\n|-activate|p1a: Donphan|move: Sticky Web\n|-unboost|p1a: Donphan|spe|1\n|turn|10\n|\n|t:|1771253532\n|switch|p2a: Wugtrio|Wugtrio, L91, F|22/212\n|move|p1a: Donphan|Rapid Spin|p2a: Wugtrio\n|-damage|p2a: Wugtrio|0 fnt\n|-boost|p1a: Donphan|spe|1\n|-ability|p2a: Wugtrio|Gooey\n|-unboost|p1a: Donphan|spe|1\n|-sideend|p1: FantasyWind|Sticky Web|[from] move: Rapid Spin|[of] p1a: Donphan\n|faint|p2a: Wugtrio\n|\n|upkeep\n|\n|t:|1771253542\n|switch|p2a: Inteleon|Inteleon, L81, F|48/246\n|turn|11\n|\n|t:|1771253549\n|move|p2a: Inteleon|Scald|p1a: Donphan\n|-supereffective|p1a: Donphan\n|-ability|p1a: Donphan|Sturdy\n|-damage|p1a: Donphan|1/288\n|move|p1a: Donphan|Knock Off|p2a: Inteleon\n|-damage|p2a: Inteleon|0 fnt\n|-enditem|p2a: Inteleon|Choice Specs|[from] move: Knock Off|[of] p1a: Donphan\n|faint|p2a: Inteleon\n|\n|upkeep\n|\n|t:|1771253561\n|switch|p2a: Flygon|Flygon, L82, F, tera:Rock|18/265\n|turn|12\n|\n|t:|1771253566\n|move|p2a: Flygon|U-turn|p1a: Donphan\n|-damage|p1a: Donphan|0 fnt\n|faint|p1a: Donphan\n|\n|t:|1771253569\n|switch|p2a: Chimecho|Chimecho, L93, M|290/290|[from] U-turn\n|\n|upkeep\n|\n|t:|1771253577\n|switch|p1a: Regidrago|Regidrago, L77|435/435\n|turn|13\n|inactive|sharang has 90 seconds left.\n|\n|t:|1771253594\n|move|p2a: Chimecho|Calm Mind|p2a: Chimecho\n|-boost|p2a: Chimecho|spa|1\n|-boost|p2a: Chimecho|spd|1\n|move|p1a: Regidrago|Dragon Dance|p1a: Regidrago\n|-boost|p1a: Regidrago|atk|1\n|-boost|p1a: Regidrago|spe|1\n|\n|upkeep\n|turn|14\n|inactive|sharang has 90 seconds left.\n|\n|t:|1771253600\n|move|p1a: Regidrago|Dragon Claw|p2a: Chimecho\n|-damage|p2a: Chimecho|102/290\n|-damage|p1a: Regidrago|392/435|[from] item: Life Orb\n|move|p2a: Chimecho|Dazzling Gleam|p1a: Regidrago\n|-supereffective|p1a: Regidrago\n|-damage|p1a: Regidrago|54/435\n|\n|-heal|p2a: Chimecho|120/290|[from] item: Leftovers\n|upkeep\n|turn|15\n|\n|t:|1771253609\n|move|p1a: Regidrago|Dragon Claw|p2a: Chimecho\n|-damage|p2a: Chimecho|0 fnt\n|faint|p2a: Chimecho\n|-damage|p1a: Regidrago|11/435|[from] item: Life Orb\n|\n|upkeep\n|\n|t:|1771253615\n|switch|p2a: Flygon|Flygon, L82, F, tera:Rock|18/265\n|turn|16\n|\n|t:|1771253621\n|move|p2a: Flygon|U-turn|p1a: Regidrago\n|-damage|p1a: Regidrago|0 fnt\n|faint|p1a: Regidrago\n|\n|t:|1771253623\n|switch|p2a: Lucario|Lucario, L84, M|255/255|[from] U-turn\n|\n|upkeep\n|\n|t:|1771253625\n|switch|p1a: Entei|Entei, L78|307/307\n|turn|17\n|\n|t:|1771253644\n|move|p2a: Lucario|Vacuum Wave|p1a: Entei\n|-damage|p1a: Entei|237/307\n|-damage|p2a: Lucario|230/255|[from] item: Life Orb\n|move|p1a: Entei|Flare Blitz|p2a: Lucario\n|-supereffective|p2a: Lucario\n|-damage|p2a: Lucario|0 fnt\n|faint|p2a: Lucario\n|-damage|p1a: Entei|161/307|[from] Recoil\n|\n|upkeep\n|\n|t:|1771253646\n|switch|p2a: Flygon|Flygon, L82, F, tera:Rock|18/265\n|turn|18\n|\n|t:|1771253651\n|switch|p1a: Weezing|Weezing, L88, F|258/258\n|move|p2a: Flygon|Earthquake|p1a: Weezing\n|-immune|p1a: Weezing|[from] ability: Levitate\n|\n|upkeep\n|turn|19\n|-message|sharang forfeited.\n|\n|win|FantasyWind\n|raw|FantasyWind's rating: 1729 &rarr; <strong>1746</strong><br />(+17 for winning)\n|raw|sharang's rating: 1675 &rarr; <strong>1658</strong><br />(-17 for losing)\n|l|☆sharang\n|player|p2|\n", "inputlog": ">version 686819e5e19f8a7fd2345cfc5a08a5085efa2cc3\n>start {\"formatid\":\"gen9randombattle\",\"seed\":\"sodium,1a57e3a9342ada98c5612186d1e0ce8d\",\"rated\":\"Rated battle\"}\n>player p1 {\"name\":\"FantasyWind\",\"avatar\":\"rosa\",\"rating\":1729,\"seed\":\"sodium,be53b66f2d86256be7f3f82685f08ae0\"}\n>player p2 {\"name\":\"sharang\",\"avatar\":\"firebreather\",\"rating\":1675,\"seed\":\"sodium,7957dc37a456544b0ee753f927676a9c\"}\n>p1 switch 5\n>p2 move scald\n>p1 move psychicfangs\n>p2 switch 4\n>p1 move psychicfangs\n>p2 move stickyweb\n>p1 move psychicfangs\n>p2 move uturn\n>p2 switch 4\n>p1 move psychicfangs\n>p2 move uturn\n>p2 switch 3\n>p1 move psychicfangs\n>p2 move throatchop\n>p1 switch 5\n>p1 move shellsmash\n>p2 switch 6\n>p1 move acrobatics\n>p2 move stoneedge terastallize\n>p1 move powergem\n>p2 move stoneedge\n>p1 switch 4\n>p1 move rapidspin\n>p2 switch 6\n>p2 switch 3\n>p1 move knockoff\n>p2 move scald\n>p2 switch 6\n>p1 move rapidspin\n>p2 move uturn\n>p2 switch 2\n>p1 switch 3\n>p1 move dragondance\n>p2 move calmmind\n>p1 move dragonclaw\n>p2 move dazzlinggleam\n>p1 move dragonclaw\n>p2 move recover\n>p2 switch 2\n>p1 move dragonclaw\n>p2 move uturn\n>p2 switch 5\n>p1 switch 6\n>p1 move flareblitz\n>p2 move vacuumwave\n>p2 switch 5\n>p1 switch 2\n>p2 move earthquake\n>forcelose p2", "uploadtime": 1771253656, "views": 5, "formatid": "gen9randombattle", "rating": 1658, "private": 0, "password": null}