{"id": "gen9randombattle-2540321798", "format": "[Gen 9] Random Battle", "players": ["top dog penguin", "Micael Lopes"], "log": "|j|☆top dog penguin\n|j|☆Micael Lopes\n|t:|1771188556\n|gametype|singles\n|player|p1|top dog penguin|2|1747\n|player|p2|Micael Lopes|benga|1744\n|gen|9\n|tier|[Gen 9] Random Battle\n|rated|\n|rule|Species Clause: Limit one of each Pokémon\n|rule|HP Percentage Mod: HP is shown in percentages\n|rule|Sleep Clause Mod: Limit one foe put to sleep\n|rule|Illusion Level Mod: Illusion disguises the Pokémon's true level\n|\n|t:|1771188556\n|teamsize|p1|6\n|teamsize|p2|6\n|start\n|switch|p1a: Darkrai|Darkrai, L77|234/234\n|switch|p2a: Iron Bundle|Iron Bundle, L78|215/215\n|turn|1\n|inactive|Battle timer is ON: inactive players will automatically lose when time's up. (requested by Micael Lopes)\n|inactive|top dog penguin also wants the timer to be on.\n|\n|t:|1771188567\n|switch|p1a: Deoxys|Deoxys-Defense, L84|221/221\n|-ability|p1a: Deoxys|Pressure\n|move|p2a: Iron Bundle|Hydro Pump|p1a: Deoxys\n|-damage|p1a: Deoxys|107/221\n|\n|-heal|p1a: Deoxys|120/221|[from] item: Leftovers\n|upkeep\n|turn|2\n|\n|t:|1771188572\n|-end|p2a: Iron Bundle|Quark Drive|[silent]\n|switch|p2a: Rotom|Rotom-Mow, L87|229/229\n|move|p1a: Deoxys|Recover|p1a: Deoxys\n|-heal|p1a: Deoxys|221/221\n|\n|upkeep\n|turn|3\n|\n|t:|1771188582\n|move|p2a: Rotom|Trick|p1a: Deoxys\n|-activate|p2a: Rotom|move: Trick|[of] p1a: Deoxys\n|-item|p1a: Deoxys|Choice Scarf|[from] move: Trick\n|-item|p2a: Rotom|Leftovers|[from] move: Trick\n|move|p1a: Deoxys|Teleport|p1a: Deoxys\n|inactive|top dog penguin has 120 seconds left.\n|\n|t:|1771188632\n|switch|p1a: Darkrai|Darkrai, L77|234/234|[from] Teleport\n|\n|upkeep\n|turn|4\n|\n|t:|1771188647\n|move|p1a: Darkrai|Nasty Plot|p1a: Darkrai\n|-boost|p1a: Darkrai|spa|2\n|move|p2a: Rotom|Volt Switch|p1a: Darkrai\n|-damage|p1a: Darkrai|152/234\n|\n|t:|1771188656\n|switch|p2a: Iron Bundle|Iron Bundle, L78|215/215|[from] Volt Switch\n|\n|-heal|p1a: Darkrai|166/234|[from] item: Leftovers\n|upkeep\n|turn|5\n|\n|t:|1771188661\n|move|p2a: Iron Bundle|Hydro Pump|p1a: Darkrai\n|-damage|p1a: Darkrai|0 fnt\n|faint|p1a: Darkrai\n|\n|upkeep\n|\n|t:|1771188673\n|switch|p1a: Kyurem|Kyurem-White, L73|303/303\n|-ability|p1a: Kyurem|Turboblaze\n|turn|6\n|\n|t:|1771188683\n|-end|p2a: Iron Bundle|Quark Drive|[silent]\n|switch|p2a: Iron Moth|Iron Moth, L78|253/253\n|move|p1a: Kyurem|Draco Meteor|p2a: Iron Moth\n|-damage|p2a: Iron Moth|31/253\n|-unboost|p1a: Kyurem|spa|2\n|\n|upkeep\n|turn|7\n|inactive|top dog penguin has 120 seconds left.\n|\n|t:|1771188695\n|switch|p1a: Deoxys|Deoxys-Defense, L84|221/221\n|-ability|p1a: Deoxys|Pressure\n|move|p2a: Iron Moth|Morning Sun|p2a: Iron Moth\n|-heal|p2a: Iron Moth|157/253\n|\n|upkeep\n|turn|8\n|\n|t:|1771188711\n|-end|p2a: Iron Moth|Quark Drive|[silent]\n|switch|p2a: Iron Jugulis|Iron Jugulis, L77|271/271\n|move|p1a: Deoxys|Psychic Noise|p2a: Iron Jugulis\n|-immune|p2a: Iron Jugulis\n|\n|upkeep\n|turn|9\n|\n|t:|1771188721\n|switch|p1a: Salazzle|Salazzle, L83, F|249/249\n|move|p2a: Iron Jugulis|Dark Pulse|p1a: Salazzle\n|-damage|p1a: Salazzle|69/249\n|\n|upkeep\n|turn|10\n|\n|t:|1771188733\n|move|p1a: Salazzle|Sludge Wave|p2a: Iron Jugulis\n|-crit|p2a: Iron Jugulis\n|-damage|p2a: Iron Jugulis|76/271\n|move|p2a: Iron Jugulis|Dark Pulse|p1a: Salazzle\n|-damage|p1a: Salazzle|0 fnt\n|faint|p1a: Salazzle\n|\n|upkeep\n|inactive|top dog penguin has 120 seconds left.\n|\n|t:|1771188758\n|switch|p1a: Iron Leaves|Iron Leaves, L80|275/275\n|turn|11\n|\n|t:|1771188772\n|-end|p2a: Iron Jugulis|Quark Drive|[silent]\n|switch|p2a: Rotom|Rotom-Mow, L87|229/229\n|move|p1a: Iron Leaves|Close Combat|p2a: Rotom\n|-damage|p2a: Rotom|130/229\n|-unboost|p1a: Iron Leaves|def|1\n|-unboost|p1a: Iron Leaves|spd|1\n|-damage|p1a: Iron Leaves|248/275|[from] item: Life Orb\n|\n|-heal|p2a: Rotom|144/229|[from] item: Leftovers\n|upkeep\n|turn|12\n|inactive|Micael Lopes has 120 seconds left.\n|\n|t:|1771188813\n|-end|p1a: Iron Leaves|Quark Drive|[silent]\n|switch|p1a: Deoxys|Deoxys-Defense, L84|221/221\n|-ability|p1a: Deoxys|Pressure\n|move|p2a: Rotom|Volt Switch|p1a: Deoxys\n|-damage|p1a: Deoxys|173/221\n|\n|t:|1771188816\n|switch|p2a: Iron Jugulis|Iron Jugulis, L77|76/271|[from] Volt Switch\n|\n|upkeep\n|turn|13\n|\n|t:|1771188829\n|move|p1a: Deoxys|Knock Off|p2a: Iron Jugulis\n|-resisted|p2a: Iron Jugulis\n|-damage|p2a: Iron Jugulis|45/271\n|-enditem|p2a: Iron Jugulis|Choice Specs|[from] move: Knock Off|[of] p1a: Deoxys\n|move|p2a: Iron Jugulis|Dark Pulse|p1a: Deoxys\n|-supereffective|p1a: Deoxys\n|-crit|p1a: Deoxys\n|-damage|p1a: Deoxys|3/221\n|\n|upkeep\n|turn|14\n|\n|t:|1771188834\n|move|p1a: Deoxys|Knock Off|p2a: Iron Jugulis\n|-resisted|p2a: Iron Jugulis\n|-damage|p2a: Iron Jugulis|27/271\n|move|p2a: Iron Jugulis|Dark Pulse|p1a: Deoxys\n|-supereffective|p1a: Deoxys\n|-damage|p1a: Deoxys|0 fnt\n|faint|p1a: Deoxys\n|\n|upkeep\n|\n|t:|1771188855\n|switch|p1a: Iron Leaves|Iron Leaves, L80|248/275\n|turn|15\n|\n|t:|1771188871\n|-end|p2a: Iron Jugulis|Quark Drive|[silent]\n|switch|p2a: Dragapult|Dragapult, L77, M|262/262\n|move|p1a: Iron Leaves|Leaf Blade|p2a: Dragapult\n|-resisted|p2a: Dragapult\n|-crit|p2a: Dragapult\n|-damage|p2a: Dragapult|133/262\n|-damage|p1a: Iron Leaves|221/275|[from] item: Life Orb\n|\n|upkeep\n|turn|16\n|\n|t:|1771188878\n|move|p2a: Dragapult|Dragon Dance|p2a: Dragapult\n|-boost|p2a: Dragapult|atk|1\n|-boost|p2a: Dragapult|spe|1\n|move|p1a: Iron Leaves|Psyblade|p2a: Dragapult\n|-crit|p2a: Dragapult\n|-damage|p2a: Dragapult|0 fnt\n|faint|p2a: Dragapult\n|-damage|p1a: Iron Leaves|194/275|[from] item: Life Orb\n|\n|upkeep\n|\n|t:|1771188883\n|switch|p2a: Iron Moth|Iron Moth, L78|157/253\n|turn|17\n|\n|t:|1771188907\n|-terastallize|p1a: Iron Leaves|Fighting\n|move|p2a: Iron Moth|Fiery Dance|p1a: Iron Leaves\n|-damage|p1a: Iron Leaves|109/275\n|-boost|p2a: Iron Moth|spa|1\n|move|p1a: Iron Leaves|Psyblade|p2a: Iron Moth\n|-supereffective|p2a: Iron Moth\n|-damage|p2a: Iron Moth|0 fnt\n|faint|p2a: Iron Moth\n|-end|p2a: Iron Moth|Quark Drive|[silent]\n|-damage|p1a: Iron Leaves|82/275|[from] item: Life Orb\n|\n|upkeep\n|\n|t:|1771188911\n|switch|p2a: Iron Bundle|Iron Bundle, L78|215/215\n|turn|18\n|\n|t:|1771188917\n|move|p2a: Iron Bundle|Ice Beam|p1a: Iron Leaves\n|-damage|p1a: Iron Leaves|0 fnt\n|faint|p1a: Iron Leaves\n|-end|p1a: Iron Leaves|Quark Drive|[silent]\n|\n|upkeep\n|\n|t:|1771188924\n|switch|p1a: Kyurem|Kyurem-White, L73|303/303\n|-ability|p1a: Kyurem|Turboblaze\n|turn|19\n|\n|t:|1771188945\n|move|p2a: Iron Bundle|Ice Beam|p1a: Kyurem\n|-damage|p1a: Kyurem|152/303\n|move|p1a: Kyurem|Freeze-Dry|p2a: Iron Bundle\n|-damage|p2a: Iron Bundle|34/215\n|\n|upkeep\n|turn|20\n|\n|t:|1771188948\n|move|p2a: Iron Bundle|Ice Beam|p1a: Kyurem\n|-damage|p1a: Kyurem|0 fnt\n|faint|p1a: Kyurem\n|\n|upkeep\n|\n|t:|1771188950\n|switch|p1a: Excadrill|Excadrill, L79, F|303/303\n|-ability|p1a: Excadrill|Mold Breaker\n|turn|21\n|\n|t:|1771188958\n|move|p2a: Iron Bundle|Ice Beam|p1a: Excadrill\n|-damage|p1a: Excadrill|104/303\n|move|p1a: Excadrill|Rapid Spin|p2a: Iron Bundle\n|-damage|p2a: Iron Bundle|0 fnt\n|-boost|p1a: Excadrill|spe|1\n|faint|p2a: Iron Bundle\n|-end|p2a: Iron Bundle|Quark Drive|[silent]\n|\n|-heal|p1a: Excadrill|122/303|[from] item: Leftovers\n|upkeep\n|\n|t:|1771188961\n|switch|p2a: Ogerpon|Ogerpon-Wellspring, L76, F|247/247\n|turn|22\n|\n|t:|1771188966\n|move|p1a: Excadrill|Iron Head|p2a: Ogerpon\n|-resisted|p2a: Ogerpon\n|-damage|p2a: Ogerpon|195/247\n|cant|p2a: Ogerpon|flinch\n|\n|-heal|p1a: Excadrill|140/303|[from] item: Leftovers\n|upkeep\n|turn|23\n|\n|t:|1771188974\n|move|p1a: Excadrill|Iron Head|p2a: Ogerpon\n|-resisted|p2a: Ogerpon\n|-damage|p2a: Ogerpon|138/247\n|cant|p2a: Ogerpon|flinch\n|\n|-heal|p1a: Excadrill|158/303|[from] item: Leftovers\n|upkeep\n|turn|24\n|\n|t:|1771188978\n|move|p1a: Excadrill|Iron Head|p2a: Ogerpon\n|-resisted|p2a: Ogerpon\n|-damage|p2a: Ogerpon|87/247\n|move|p2a: Ogerpon|Ivy Cudgel|p1a: Excadrill|[anim] Ivy Cudgel Water\n|-supereffective|p1a: Excadrill\n|-damage|p1a: Excadrill|0 fnt\n|faint|p1a: Excadrill\n|\n|win|Micael Lopes\n|raw|top dog penguin's rating: 1747 &rarr; <strong>1728</strong><br />(-19 for losing)\n|raw|Micael Lopes's rating: 1760 &rarr; <strong>1779</strong><br />(+19 for winning)\n|c|☆Micael Lopes|**__Sexy game.__**\n|l|☆top dog penguin\n|player|p1|\n", "inputlog": ">version 686819e5e19f8a7fd2345cfc5a08a5085efa2cc3\n>start {\"formatid\":\"gen9randombattle\",\"seed\":\"sodium,10eb144d685929b4529322a3e462daef\",\"rated\":\"Rated battle\"}\n>player p1 {\"name\":\"top dog penguin\",\"avatar\":\"2\",\"rating\":1747,\"seed\":\"sodium,5de60300b4015a6edf9031ff8751b538\"}\n>player p2 {\"name\":\"Micael Lopes\",\"avatar\":\"benga\",\"rating\":1744,\"seed\":\"sodium,4124462b8d61afecf56b2e45d06e69a8\"}\n>p1 switch 4\n>p2 move hydropump\n>p1 move recover\n>p2 switch 2\n>p1 move teleport\n>p2 move trick\n>p1 switch 4\n>p1 move nastyplot\n>p2 move voltswitch\n>p2 switch 2\n>p1 move darkpulse\n>p2 move hydropump\n>p1 switch 6\n>p1 move dracometeor\n>p2 switch 5\n>p1 switch 4\n>p2 move morningsun\n>p1 move psychicnoise\n>p2 switch 4\n>p1 switch 5\n>p2 move darkpulse\n>p1 move sludgewave\n>p2 move darkpulse\n>p1 switch 3\n>p1 move closecombat\n>p2 switch 2\n>p1 switch 5\n>p2 move voltswitch\n>p2 switch 2\n>p1 move knockoff\n>p2 move darkpulse\n>p1 move knockoff\n>p2 move darkpulse\n>p1 switch 5\n>p1 move leafblade\n>p2 switch 6\n>p1 move psyblade\n>p2 move dragondance\n>p2 switch 4\n>p1 move psyblade terastallize\n>p2 move fierydance\n>p2 switch 5\n>p1 move closecombat\n>p2 move icebeam\n>p1 switch 4\n>p1 move freezedry\n>p2 move icebeam\n>p1 move freezedry\n>p2 move icebeam\n>p1 switch 2\n>p1 move rapidspin\n>p2 move icebeam\n>p2 switch 3\n>p1 move ironhead\n>p2 move ivycudgel\n>p1 move ironhead\n>p2 move ivycudgel\n>p1 move ironhead\n>p2 move ivycudgel", "uploadtime": 1771189429, "views": 8, "formatid": "gen9randombattle", "rating": 1728, "private": 0, "password": null}