{"id": "gen9randombattle-2540460226", "format": "[Gen 9] Random Battle", "players": ["FatalOblivion", "vvvxvvv"], "log": "|j|☆FatalOblivion\n|j|☆vvvxvvv\n|t:|1771204765\n|gametype|singles\n|player|p1|FatalOblivion|hilda-wonderlauncher|1628\n|player|p2|vvvxvvv|preschooler|1573\n|gen|9\n|tier|[Gen 9] Random Battle\n|rated|\n|rule|Species Clause: Limit one of each Pokémon\n|rule|HP Percentage Mod: HP is shown in percentages\n|rule|Sleep Clause Mod: Limit one foe put to sleep\n|rule|Illusion Level Mod: Illusion disguises the Pokémon's true level\n|\n|t:|1771204765\n|teamsize|p1|6\n|teamsize|p2|6\n|start\n|switch|p1a: Torkoal|Torkoal, L88, M|266/266\n|switch|p2a: Poliwrath|Poliwrath, L88, F|302/302\n|-weather|SunnyDay|[from] ability: Drought|[of] p1a: Torkoal\n|turn|1\n|inactive|Battle timer is ON: inactive players will automatically lose when time's up. (requested by FatalOblivion)\n|\n|t:|1771204779\n|move|p2a: Poliwrath|Rain Dance|p2a: Poliwrath\n|-weather|RainDance\n|move|p1a: Torkoal|Solar Beam||[still]\n|-prepare|p1a: Torkoal|Solar Beam\n|\n|-weather|RainDance|[upkeep]\n|upkeep\n|turn|2\n|\n|t:|1771204794\n|switch|p2a: Araquanid|Araquanid, L82, M|246/246\n|move|p1a: Torkoal|Solar Beam|p2a: Araquanid|[from] lockedmove\n|-crit|p2a: Araquanid\n|-damage|p2a: Araquanid|197/246\n|\n|-weather|RainDance|[upkeep]\n|upkeep\n|turn|3\n|\n|t:|1771204803\n|switch|p1a: Vileplume|Vileplume, L85, M|266/266\n|move|p2a: Araquanid|Sticky Web|p1a: Vileplume\n|-sidestart|p1: FatalOblivion|move: Sticky Web\n|\n|-weather|RainDance|[upkeep]\n|upkeep\n|turn|4\n|\n|t:|1771204822\n|move|p1a: Vileplume|Sleep Powder|p2a: Araquanid\n|-status|p2a: Araquanid|slp|[from] move: Sleep Powder\n|cant|p2a: Araquanid|slp\n|\n|-weather|RainDance|[upkeep]\n|upkeep\n|turn|5\n|\n|t:|1771204838\n|switch|p2a: Bombirdier|Bombirdier, L85, M|258/258\n|move|p1a: Vileplume|Sludge Bomb|p2a: Bombirdier\n|-damage|p2a: Bombirdier|146/258\n|\n|-weather|none\n|upkeep\n|turn|6\n|\n|t:|1771204847\n|switch|p1a: Torkoal|Torkoal, L88, M|266/266\n|-weather|SunnyDay|[from] ability: Drought|[of] p1a: Torkoal\n|move|p2a: Bombirdier|Roost|p2a: Bombirdier\n|-heal|p2a: Bombirdier|258/258\n|-singleturn|p2a: Bombirdier|move: Roost\n|\n|-weather|SunnyDay|[upkeep]\n|upkeep\n|turn|7\n|\n|t:|1771204858\n|switch|p2a: Araquanid|Araquanid, L82, M|197/246 slp\n|move|p1a: Torkoal|Rapid Spin|p2a: Araquanid\n|-damage|p2a: Araquanid|161/246 slp\n|-boost|p1a: Torkoal|spe|1\n|-sideend|p1: FatalOblivion|Sticky Web|[from] move: Rapid Spin|[of] p1a: Torkoal\n|\n|-weather|SunnyDay|[upkeep]\n|upkeep\n|turn|8\n|\n|t:|1771204868\n|move|p1a: Torkoal|Stealth Rock|p2a: Araquanid\n|-sidestart|p2: vvvxvvv|move: Stealth Rock\n|cant|p2a: Araquanid|slp\n|\n|-weather|SunnyDay|[upkeep]\n|upkeep\n|turn|9\n|\n|t:|1771204876\n|switch|p1a: Vileplume|Vileplume, L85, M|266/266\n|cant|p2a: Araquanid|slp\n|\n|-weather|SunnyDay|[upkeep]\n|upkeep\n|turn|10\n|\n|t:|1771204883\n|move|p1a: Vileplume|Sludge Bomb|p2a: Araquanid\n|-damage|p2a: Araquanid|76/246 slp\n|-curestatus|p2a: Araquanid|slp|[msg]\n|move|p2a: Araquanid|Mirror Coat|p1a: Vileplume\n|-damage|p1a: Vileplume|96/266\n|\n|-weather|none\n|-heal|p1a: Vileplume|112/266|[from] item: Leftovers\n|upkeep\n|turn|11\n|\n|t:|1771204893\n|move|p1a: Vileplume|Strength Sap|p2a: Araquanid\n|-unboost|p2a: Araquanid|atk|1\n|-heal|p1a: Vileplume|266/266\n|move|p2a: Araquanid|Sticky Web|p1a: Vileplume\n|-sidestart|p1: FatalOblivion|move: Sticky Web\n|\n|upkeep\n|turn|12\n|\n|t:|1771204901\n|switch|p2a: Magmortar|Magmortar, L88, F|275/275\n|move|p1a: Vileplume|Sludge Bomb|p2a: Magmortar\n|-damage|p2a: Magmortar|178/275\n|\n|upkeep\n|turn|13\n|\n|t:|1771204917\n|switch|p2a: Poliwrath|Poliwrath, L88, F|302/302\n|-damage|p2a: Poliwrath|284/302|[from] Stealth Rock\n|switch|p1a: Arcanine|Arcanine, L84, F|288/288\n|-ability|p1a: Arcanine|Intimidate|boost\n|-unboost|p2a: Poliwrath|atk|1\n|\n|upkeep\n|turn|14\n|\n|t:|1771204926\n|move|p1a: Arcanine|Will-O-Wisp|p2a: Poliwrath\n|-status|p2a: Poliwrath|brn\n|move|p2a: Poliwrath|Rain Dance|p2a: Poliwrath\n|-weather|RainDance\n|\n|-weather|RainDance|[upkeep]\n|-damage|p2a: Poliwrath|266/302 brn|[from] brn\n|upkeep\n|turn|15\n|\n|t:|1771204934\n|switch|p1a: Torkoal|Torkoal, L88, M|266/266\n|-weather|SunnyDay|[from] ability: Drought|[of] p1a: Torkoal\n|move|p2a: Poliwrath|Knock Off|p1a: Torkoal\n|-damage|p1a: Torkoal|243/266\n|-enditem|p1a: Torkoal|Heavy-Duty Boots|[from] move: Knock Off|[of] p2a: Poliwrath\n|-damage|p2a: Poliwrath|236/302 brn|[from] item: Life Orb\n|\n|-weather|SunnyDay|[upkeep]\n|-damage|p2a: Poliwrath|218/302 brn|[from] brn\n|upkeep\n|turn|16\n|\n|t:|1771204946\n|move|p2a: Poliwrath|Rain Dance|p2a: Poliwrath\n|-weather|RainDance\n|move|p1a: Torkoal|Rapid Spin|p2a: Poliwrath\n|-damage|p2a: Poliwrath|186/302 brn\n|-boost|p1a: Torkoal|spe|1\n|-sideend|p1: FatalOblivion|Sticky Web|[from] move: Rapid Spin|[of] p1a: Torkoal\n|\n|-weather|RainDance|[upkeep]\n|-damage|p2a: Poliwrath|168/302 brn|[from] brn\n|upkeep\n|turn|17\n|\n|t:|1771204958\n|switch|p1a: Vileplume|Vileplume, L85, M|266/266\n|move|p2a: Poliwrath|Liquidation|p1a: Vileplume\n|-resisted|p1a: Vileplume\n|-damage|p1a: Vileplume|235/266\n|-damage|p2a: Poliwrath|138/302 brn|[from] item: Life Orb\n|\n|-weather|RainDance|[upkeep]\n|-heal|p1a: Vileplume|251/266|[from] item: Leftovers\n|-damage|p2a: Poliwrath|120/302 brn|[from] brn\n|upkeep\n|turn|18\n|\n|t:|1771204970\n|move|p2a: Poliwrath|Knock Off|p1a: Vileplume\n|-damage|p1a: Vileplume|217/266\n|-enditem|p1a: Vileplume|Leftovers|[from] move: Knock Off|[of] p2a: Poliwrath\n|-damage|p2a: Poliwrath|90/302 brn|[from] item: Life Orb\n|move|p1a: Vileplume|Sludge Bomb|p2a: Poliwrath\n|-damage|p2a: Poliwrath|0 fnt\n|faint|p2a: Poliwrath\n|\n|-weather|RainDance|[upkeep]\n|upkeep\n|\n|t:|1771204986\n|switch|p2a: Bombirdier|Bombirdier, L85, M|258/258\n|turn|19\n|\n|t:|1771204992\n|switch|p1a: Arcanine|Arcanine, L84, F|288/288\n|-ability|p1a: Arcanine|Intimidate|boost\n|-unboost|p2a: Bombirdier|atk|1\n|move|p2a: Bombirdier|Brave Bird|p1a: Arcanine\n|-damage|p1a: Arcanine|186/288\n|-damage|p2a: Bombirdier|224/258|[from] Recoil\n|\n|-weather|RainDance|[upkeep]\n|upkeep\n|turn|20\n|\n|t:|1771205002\n|move|p1a: Arcanine|Will-O-Wisp|p2a: Bombirdier\n|-status|p2a: Bombirdier|brn\n|move|p2a: Bombirdier|Knock Off|p1a: Arcanine\n|-damage|p1a: Arcanine|148/288\n|-enditem|p1a: Arcanine|Heavy-Duty Boots|[from] move: Knock Off|[of] p2a: Bombirdier\n|\n|-weather|none\n|-damage|p2a: Bombirdier|208/258 brn|[from] brn\n|upkeep\n|turn|21\n|\n|t:|1771205012\n|move|p2a: Bombirdier|Sucker Punch||[still]\n|-fail|p2a: Bombirdier\n|move|p1a: Arcanine|Morning Sun|p1a: Arcanine\n|-heal|p1a: Arcanine|288/288\n|\n|-damage|p2a: Bombirdier|192/258 brn|[from] brn\n|upkeep\n|turn|22\n|\n|t:|1771205021\n|move|p1a: Arcanine|Flare Blitz|p2a: Bombirdier\n|-damage|p2a: Bombirdier|51/258 brn\n|-damage|p1a: Arcanine|241/288|[from] Recoil\n|move|p2a: Bombirdier|Roost|p2a: Bombirdier\n|-heal|p2a: Bombirdier|180/258 brn\n|-singleturn|p2a: Bombirdier|move: Roost\n|\n|-damage|p2a: Bombirdier|164/258 brn|[from] brn\n|upkeep\n|turn|23\n|\n|t:|1771205034\n|switch|p1a: Torkoal|Torkoal, L88, M|243/266\n|-weather|SunnyDay|[from] ability: Drought|[of] p1a: Torkoal\n|move|p2a: Bombirdier|Brave Bird|p1a: Torkoal\n|-damage|p1a: Torkoal|213/266\n|-damage|p2a: Bombirdier|154/258 brn|[from] Recoil\n|\n|-weather|SunnyDay|[upkeep]\n|-damage|p2a: Bombirdier|138/258 brn|[from] brn\n|upkeep\n|turn|24\n|\n|t:|1771205045\n|move|p2a: Bombirdier|Knock Off|p1a: Torkoal\n|-damage|p1a: Torkoal|196/266\n|move|p1a: Torkoal|Fire Blast|p2a: Bombirdier\n|-damage|p2a: Bombirdier|0 fnt\n|faint|p2a: Bombirdier\n|\n|-weather|SunnyDay|[upkeep]\n|upkeep\n|\n|t:|1771205060\n|switch|p2a: Exeggutor|Exeggutor-Alola, L89, F|314/314\n|-damage|p2a: Exeggutor|275/314|[from] Stealth Rock\n|turn|25\n|\n|t:|1771205078\n|switch|p1a: Flutter Mane|Flutter Mane, L74|203/203\n|-activate|p1a: Flutter Mane|ability: Protosynthesis\n|-start|p1a: Flutter Mane|protosynthesisspa\n|move|p2a: Exeggutor|Draco Meteor|p1a: Flutter Mane\n|-immune|p1a: Flutter Mane\n|\n|-weather|SunnyDay|[upkeep]\n|upkeep\n|turn|26\n|\n|t:|1771205090\n|switch|p2a: Magmortar|Magmortar, L88, F|178/275\n|move|p1a: Flutter Mane|Shadow Ball|p2a: Magmortar\n|-damage|p2a: Magmortar|39/275\n|-unboost|p2a: Magmortar|spd|1\n|\n|-weather|SunnyDay|[upkeep]\n|upkeep\n|turn|27\n|\n|t:|1771205110\n|move|p1a: Flutter Mane|Shadow Ball|p2a: Magmortar\n|-damage|p2a: Magmortar|0 fnt\n|faint|p2a: Magmortar\n|\n|-weather|none\n|-end|p1a: Flutter Mane|Protosynthesis\n|upkeep\n|\n|t:|1771205118\n|switch|p2a: Solgaleo|Solgaleo, L74|325/325\n|-damage|p2a: Solgaleo|305/325|[from] Stealth Rock\n|turn|28\n|\n|t:|1771205125\n|-end|p1a: Flutter Mane|Protosynthesis|[silent]\n|switch|p1a: Arcanine|Arcanine, L84, F|241/288\n|-ability|p1a: Arcanine|Intimidate|boost\n|-fail|p2a: Solgaleo|unboost|[from] ability: Full Metal Body|[of] p2a: Solgaleo\n|-terastallize|p2a: Solgaleo|Water\n|move|p2a: Solgaleo|Sunsteel Strike|p1a: Arcanine\n|-resisted|p1a: Arcanine\n|-damage|p1a: Arcanine|184/288\n|\n|upkeep\n|turn|29\n|\n|t:|1771205141\n|switch|p2a: Araquanid|Araquanid, L82, M|76/246\n|move|p1a: Arcanine|Will-O-Wisp|p2a: Araquanid\n|-immune|p2a: Araquanid|[from] ability: Water Bubble\n|\n|upkeep\n|turn|30\n|\n|t:|1771205153\n|move|p1a: Arcanine|Flare Blitz|p2a: Araquanid\n|-damage|p2a: Araquanid|10/246\n|-damage|p1a: Arcanine|162/288|[from] Recoil\n|move|p2a: Araquanid|Sticky Web|p1a: Arcanine\n|-sidestart|p1: FatalOblivion|move: Sticky Web\n|\n|upkeep\n|turn|31\n|\n|t:|1771205164\n|move|p1a: Arcanine|Flare Blitz|p2a: Araquanid\n|-damage|p2a: Araquanid|0 fnt\n|faint|p2a: Araquanid\n|-damage|p1a: Arcanine|159/288|[from] Recoil\n|\n|upkeep\n|\n|t:|1771205183\n|switch|p2a: Solgaleo|Solgaleo, L74, tera:Water|305/325\n|-damage|p2a: Solgaleo|265/325|[from] Stealth Rock\n|turn|32\n|\n|t:|1771205188\n|move|p1a: Arcanine|Will-O-Wisp|p2a: Solgaleo\n|-status|p2a: Solgaleo|brn\n|move|p2a: Solgaleo|Earthquake|p1a: Arcanine\n|-supereffective|p1a: Arcanine\n|-damage|p1a: Arcanine|83/288\n|\n|-damage|p2a: Solgaleo|245/325 brn|[from] brn\n|upkeep\n|turn|33\n|\n|t:|1771205200\n|switch|p1a: Torkoal|Torkoal, L88, M|196/266\n|-activate|p1a: Torkoal|move: Sticky Web\n|-unboost|p1a: Torkoal|spe|1\n|-weather|SunnyDay|[from] ability: Drought|[of] p1a: Torkoal\n|move|p2a: Solgaleo|Earthquake|p1a: Torkoal\n|-supereffective|p1a: Torkoal\n|-damage|p1a: Torkoal|149/266\n|\n|-weather|SunnyDay|[upkeep]\n|-damage|p2a: Solgaleo|225/325 brn|[from] brn\n|upkeep\n|turn|34\n|-message|vvvxvvv forfeited.\n|\n|win|FatalOblivion\n|raw|FatalOblivion's rating: 1628 &rarr; <strong>1645</strong><br />(+17 for winning)\n|raw|vvvxvvv's rating: 1573 &rarr; <strong>1556</strong><br />(-17 for losing)\n|l|☆vvvxvvv\n|player|p2|\n", "inputlog": ">version 686819e5e19f8a7fd2345cfc5a08a5085efa2cc3\n>start {\"formatid\":\"gen9randombattle\",\"seed\":\"sodium,ec668bda1c661b78137e7d1a546021df\",\"rated\":\"Rated battle\"}\n>player p1 {\"name\":\"FatalOblivion\",\"avatar\":\"hilda-wonderlauncher\",\"rating\":1628,\"seed\":\"sodium,b3babd6dd1afa4c74560eff333dadc0b\"}\n>player p2 {\"name\":\"vvvxvvv\",\"avatar\":\"preschooler\",\"rating\":1573,\"seed\":\"sodium,b3e37ca1852e3f6ee1e2031d5b7fe1bd\"}\n>p1 move solarbeam\n>p2 move raindance\n>p1 move solarbeam\n>p2 switch 3\n>p1 switch 2\n>p2 move stickyweb\n>p1 move sleeppowder\n>p2 move mirrorcoat\n>p1 move sludgebomb\n>p2 switch 5\n>p1 switch 2\n>p2 move roost\n>p1 move rapidspin\n>p2 switch 5\n>p1 move stealthrock\n>p2 move mirrorcoat\n>p1 switch 2\n>p2 move mirrorcoat\n>p1 move sludgebomb\n>p2 move mirrorcoat\n>p1 move strengthsap\n>p2 move stickyweb\n>p1 move sludgebomb\n>p2 switch 6\n>p1 switch 4\n>p2 switch 3\n>p1 move willowisp\n>p2 move raindance\n>p1 switch 2\n>p2 move knockoff\n>p1 move rapidspin\n>p2 move raindance\n>p1 switch 4\n>p2 move liquidation\n>p1 move sludgebomb\n>p2 move knockoff\n>p2 switch 5\n>p1 switch 2\n>p2 move bravebird\n>p1 move willowisp\n>p2 move knockoff\n>p1 move morningsun\n>p2 move suckerpunch\n>p1 move flareblitz\n>p2 move roost\n>p1 switch 4\n>p2 move bravebird\n>p1 move fireblast\n>p2 move knockoff\n>p2 switch 4\n>p1 switch 5\n>p2 move dracometeor\n>p1 move shadowball\n>p2 switch 3\n>p1 move shadowball\n>p2 move thunderbolt\n>p2 switch 2\n>p1 switch 4\n>p2 move sunsteelstrike terastallize\n>p1 move willowisp\n>p2 switch 6\n>p1 move flareblitz\n>p2 move stickyweb\n>p1 move flareblitz\n>p2 move liquidation\n>p2 switch 6\n>p1 move willowisp\n>p2 move earthquake\n>p1 switch 5\n>p2 move earthquake\n>forcelose p2", "uploadtime": 1771205209, "views": 9, "formatid": "gen9randombattle", "rating": 1556, "private": 0, "password": null}