{"id": "gen9randombattle-2540562736", "format": "[Gen 9] Random Battle", "players": ["saltybae7", "kkkkkwzzr"], "log": "|j|☆saltybae7\n|j|☆kkkkkwzzr\n|t:|1771218502\n|gametype|singles\n|player|p1|saltybae7|brock|1551\n|player|p2|kkkkkwzzr|emmet|1564\n|gen|9\n|tier|[Gen 9] Random Battle\n|rated|\n|rule|Species Clause: Limit one of each Pokémon\n|rule|HP Percentage Mod: HP is shown in percentages\n|rule|Sleep Clause Mod: Limit one foe put to sleep\n|rule|Illusion Level Mod: Illusion disguises the Pokémon's true level\n|\n|t:|1771218502\n|teamsize|p1|6\n|teamsize|p2|6\n|start\n|switch|p1a: Regigigas|Regigigas, L84|322/322\n|switch|p2a: Mimikyu|Mimikyu, L79, M|216/216\n|-start|p1a: Regigigas|ability: Slow Start\n|turn|1\n|l|☆kkkkkwzzr\n|player|p2|\n|j|☆kkkkkwzzr\n|player|p2|kkkkkwzzr|emmet|\n|inactive|Battle timer is ON: inactive players will automatically lose when time's up. (requested by kkkkkwzzr)\n|\n|t:|1771218566\n|move|p2a: Mimikyu|Swords Dance|p2a: Mimikyu\n|-boost|p2a: Mimikyu|atk|2\n|move|p1a: Regigigas|Knock Off|p2a: Mimikyu\n|-activate|p2a: Mimikyu|ability: Disguise\n|-damage|p2a: Mimikyu|216/216\n|-enditem|p2a: Mimikyu|Life Orb|[from] move: Knock Off|[of] p1a: Regigigas\n|detailschange|p2a: Mimikyu|Mimikyu-Busted, L79, M\n|-damage|p2a: Mimikyu|189/216|[from] pokemon: Mimikyu-Busted\n|\n|upkeep\n|turn|2\n|\n|t:|1771218591\n|switch|p1a: Gothitelle|Gothitelle, L90, F|272/272\n|move|p2a: Mimikyu|Swords Dance|p2a: Mimikyu\n|-boost|p2a: Mimikyu|atk|2\n|\n|upkeep\n|turn|3\n|\n|t:|1771218600\n|move|p2a: Mimikyu|Shadow Sneak|p1a: Gothitelle\n|-supereffective|p1a: Gothitelle\n|-damage|p1a: Gothitelle|74/272\n|move|p1a: Gothitelle|Psychic Noise|p2a: Mimikyu\n|-damage|p2a: Mimikyu|99/216\n|-start|p2a: Mimikyu|move: Heal Block\n|\n|-heal|p1a: Gothitelle|91/272|[from] item: Leftovers\n|upkeep\n|turn|4\n|\n|t:|1771218610\n|move|p2a: Mimikyu|Shadow Sneak|p1a: Gothitelle\n|-supereffective|p1a: Gothitelle\n|-damage|p1a: Gothitelle|0 fnt\n|faint|p1a: Gothitelle\n|\n|-end|p2a: Mimikyu|move: Heal Block\n|upkeep\n|\n|t:|1771218628\n|switch|p1a: Chi-Yu|Chi-Yu, L77|211/211\n|-ability|p1a: Chi-Yu|Beads of Ruin\n|turn|5\n|\n|t:|1771218644\n|move|p1a: Chi-Yu|Flamethrower|p2a: Mimikyu\n|-damage|p2a: Mimikyu|0 fnt\n|faint|p2a: Mimikyu\n|\n|upkeep\n|\n|t:|1771218649\n|switch|p2a: Araquanid|Araquanid, L82, M|246/246\n|turn|6\n|\n|t:|1771218654\n|switch|p1a: Decidueye|Decidueye-Hisui, L87, M|295/295\n|move|p2a: Araquanid|Sticky Web|p1a: Decidueye\n|-sidestart|p1: saltybae7|move: Sticky Web\n|\n|upkeep\n|turn|7\n|\n|t:|1771218662\n|move|p1a: Decidueye|Leaf Blade|p2a: Araquanid\n|-damage|p2a: Araquanid|138/246\n|move|p2a: Araquanid|Leech Life|p1a: Decidueye\n|-damage|p1a: Decidueye|223/295\n|-heal|p2a: Araquanid|174/246|[from] drain|[of] p1a: Decidueye\n|\n|-heal|p1a: Decidueye|241/295|[from] item: Leftovers\n|upkeep\n|turn|8\n|\n|t:|1771218668\n|move|p1a: Decidueye|Triple Arrows|p2a: Araquanid\n|-resisted|p2a: Araquanid\n|-damage|p2a: Araquanid|117/246\n|cant|p2a: Araquanid|flinch\n|\n|-heal|p1a: Decidueye|259/295|[from] item: Leftovers\n|upkeep\n|turn|9\n|\n|t:|1771218672\n|move|p1a: Decidueye|Triple Arrows|p2a: Araquanid\n|-resisted|p2a: Araquanid\n|-damage|p2a: Araquanid|65/246\n|move|p2a: Araquanid|Leech Life|p1a: Decidueye\n|-damage|p1a: Decidueye|193/295\n|-heal|p2a: Araquanid|98/246|[from] drain|[of] p1a: Decidueye\n|\n|-heal|p1a: Decidueye|211/295|[from] item: Leftovers\n|upkeep\n|turn|10\n|\n|t:|1771218681\n|switch|p2a: Hoopa|Hoopa, L85|275/275\n|move|p1a: Decidueye|Triple Arrows|p2a: Hoopa\n|-resisted|p2a: Hoopa\n|-damage|p2a: Hoopa|200/275\n|\n|-heal|p1a: Decidueye|229/295|[from] item: Leftovers\n|upkeep\n|turn|11\n|\n|t:|1771218690\n|move|p1a: Decidueye|Sucker Punch|p2a: Hoopa\n|-supereffective|p2a: Hoopa\n|-damage|p2a: Hoopa|0 fnt\n|faint|p2a: Hoopa\n|\n|-heal|p1a: Decidueye|247/295|[from] item: Leftovers\n|upkeep\n|-message|kkkkkwzzr forfeited.\n|\n|win|saltybae7\n|raw|saltybae7's rating: 1551 &rarr; <strong>1572</strong><br />(+21 for winning)\n|raw|kkkkkwzzr's rating: 1564 &rarr; <strong>1543</strong><br />(-21 for losing)\n|l|☆kkkkkwzzr\n|player|p2|\n|l|☆saltybae7\n|player|p1|\n|j|☆saltybae7\n|player|p1|saltybae7|brock|\n", "inputlog": ">version 686819e5e19f8a7fd2345cfc5a08a5085efa2cc3\n>start {\"formatid\":\"gen9randombattle\",\"seed\":\"sodium,b2c946bd9277b8fcff466f42c4b7b075\",\"rated\":\"Rated battle\"}\n>player p1 {\"name\":\"saltybae7\",\"avatar\":\"brock\",\"rating\":1551,\"seed\":\"sodium,59bfa04f4e527dd0110dd993651d1cbc\"}\n>player p2 {\"name\":\"kkkkkwzzr\",\"avatar\":\"emmet\",\"rating\":1564,\"seed\":\"sodium,3c872aa2b555b628808ec694c4bfba93\"}\n>p1 move knockoff\n>p2 move swordsdance\n>p1 switch 2\n>p2 move swordsdance\n>p1 move psychicnoise\n>p2 move shadowsneak\n>p1 move psychicnoise\n>p2 move shadowsneak\n>p1 switch 3\n>p1 move flamethrower\n>p2 move drainpunch\n>p2 switch 5\n>p1 switch 4\n>p2 move stickyweb\n>p1 move leafblade\n>p2 move leechlife\n>p1 move triplearrows\n>p2 move leechlife\n>p1 move triplearrows\n>p2 move leechlife\n>p1 move triplearrows\n>p2 switch 2\n>p1 move suckerpunch\n>p2 move psychic\n>forcelose p2", "uploadtime": 1771218703, "views": 12, "formatid": "gen9randombattle", "rating": 1543, "private": 0, "password": null}