{"id": "gen9randombattle-2539965500", "format": "[Gen 9] Random Battle", "players": ["ROCK ROSE", "Nuttyr"], "log": "|j|☆ROCK ROSE\n|j|☆Nuttyr\n|t:|1771134761\n|gametype|singles\n|player|p1|ROCK ROSE|maid|1696\n|player|p2|Nuttyr|lucas|1728\n|gen|9\n|tier|[Gen 9] Random Battle\n|rated|\n|rule|Species Clause: Limit one of each Pokémon\n|rule|HP Percentage Mod: HP is shown in percentages\n|rule|Sleep Clause Mod: Limit one foe put to sleep\n|rule|Illusion Level Mod: Illusion disguises the Pokémon's true level\n|\n|t:|1771134761\n|teamsize|p1|6\n|teamsize|p2|6\n|start\n|switch|p1a: Rillaboom|Rillaboom, L79, M|288/288\n|switch|p2a: Wigglytuff|Wigglytuff, L96, M|424/424\n|-fieldstart|move: Grassy Terrain|[from] ability: Grassy Surge|[of] p1a: Rillaboom\n|turn|1\n|inactive|Battle timer is ON: inactive players will automatically lose when time's up. (requested by Nuttyr)\n|\n|t:|1771134782\n|move|p1a: Rillaboom|U-turn|p2a: Wigglytuff\n|-resisted|p2a: Wigglytuff\n|-damage|p2a: Wigglytuff|364/424\n|\n|t:|1771134785\n|switch|p1a: Dachsbun|Dachsbun, L92, M|254/254|[from] U-turn\n|move|p2a: Wigglytuff|Thunder Wave|p1a: Dachsbun\n|-status|p1a: Dachsbun|par\n|\n|-heal|p2a: Wigglytuff|390/424|[from] Grassy Terrain\n|-heal|p2a: Wigglytuff|416/424|[from] item: Leftovers\n|upkeep\n|turn|2\n|j| fubbbba\n|\n|t:|1771134797\n|switch|p2a: Manaphy|Manaphy, L78|284/284\n|move|p1a: Dachsbun|Wish|p1a: Dachsbun\n|\n|upkeep\n|turn|3\n|\n|t:|1771134806\n|switch|p1a: Lumineon|Lumineon, L93, M|279/279\n|move|p2a: Manaphy|Tail Glow|p2a: Manaphy\n|-boost|p2a: Manaphy|spa|3\n|\n|upkeep\n|turn|4\n|\n|t:|1771134812\n|move|p1a: Lumineon|Encore|p2a: Manaphy\n|-start|p2a: Manaphy|Encore\n|move|p2a: Manaphy|Tail Glow|p2a: Manaphy\n|-boost|p2a: Manaphy|spa|3\n|\n|upkeep\n|turn|5\n|\n|t:|1771134828\n|move|p1a: Lumineon|Alluring Voice|p2a: Manaphy\n|-damage|p2a: Manaphy|218/284\n|-damage|p1a: Lumineon|252/279|[from] item: Life Orb\n|move|p2a: Manaphy|Tail Glow|p2a: Manaphy\n|-boost|p2a: Manaphy|spa|0\n|\n|-heal|p1a: Lumineon|269/279|[from] Grassy Terrain\n|-heal|p2a: Manaphy|235/284|[from] Grassy Terrain\n|-heal|p2a: Manaphy|252/284|[from] item: Leftovers\n|-fieldend|move: Grassy Terrain\n|upkeep\n|turn|6\n|\n|t:|1771134843\n|move|p1a: Lumineon|Alluring Voice|p2a: Manaphy\n|-damage|p2a: Manaphy|183/284\n|-damage|p1a: Lumineon|242/279|[from] item: Life Orb\n|move|p2a: Manaphy|Tail Glow|p2a: Manaphy\n|-boost|p2a: Manaphy|spa|0\n|\n|-heal|p2a: Manaphy|200/284|[from] item: Leftovers\n|-end|p2a: Manaphy|Encore\n|upkeep\n|turn|7\n|\n|t:|1771134848\n|switch|p2a: Leafeon|Leafeon, L88, F|258/258\n|move|p1a: Lumineon|Encore||[still]\n|-fail|p1a: Lumineon\n|\n|upkeep\n|turn|8\n|\n|t:|1771134872\n|switch|p1a: Dachsbun|Dachsbun, L92, M|254/254 par\n|move|p2a: Leafeon|Knock Off|p1a: Dachsbun\n|-resisted|p1a: Dachsbun\n|-damage|p1a: Dachsbun|212/254 par\n|-enditem|p1a: Dachsbun|Leftovers|[from] move: Knock Off|[of] p2a: Leafeon\n|-damage|p2a: Leafeon|233/258|[from] item: Life Orb\n|\n|upkeep\n|turn|9\n|\n|t:|1771134881\n|switch|p2a: Manaphy|Manaphy, L78|200/284\n|move|p1a: Dachsbun|Wish|p1a: Dachsbun\n|\n|-heal|p2a: Manaphy|217/284|[from] item: Leftovers\n|upkeep\n|turn|10\n|\n|t:|1771134889\n|switch|p1a: Lumineon|Lumineon, L93, M|242/279\n|move|p2a: Manaphy|Surf|p1a: Lumineon\n|-ability|p1a: Lumineon|Storm Drain|boost\n|-boost|p1a: Lumineon|spa|1\n|\n|-heal|p1a: Lumineon|279/279|[from] move: Wish|[wisher] Dachsbun\n|-heal|p2a: Manaphy|234/284|[from] item: Leftovers\n|upkeep\n|turn|11\n|\n|t:|1771134895\n|move|p1a: Lumineon|Ice Beam|p2a: Manaphy\n|-resisted|p2a: Manaphy\n|-damage|p2a: Manaphy|177/284\n|-damage|p1a: Lumineon|252/279|[from] item: Life Orb\n|move|p2a: Manaphy|Energy Ball|p1a: Lumineon\n|-supereffective|p1a: Lumineon\n|-damage|p1a: Lumineon|152/279\n|\n|-heal|p2a: Manaphy|194/284|[from] item: Leftovers\n|upkeep\n|turn|12\n|\n|t:|1771134910\n|switch|p1a: Rillaboom|Rillaboom, L79, M|288/288\n|-fieldstart|move: Grassy Terrain|[from] ability: Grassy Surge|[of] p1a: Rillaboom\n|move|p2a: Manaphy|Energy Ball|p1a: Rillaboom\n|-resisted|p1a: Rillaboom\n|-damage|p1a: Rillaboom|241/288\n|\n|-heal|p2a: Manaphy|211/284|[from] Grassy Terrain\n|-heal|p2a: Manaphy|228/284|[from] item: Leftovers\n|-heal|p1a: Rillaboom|259/288|[from] Grassy Terrain\n|upkeep\n|turn|13\n|\n|t:|1771134918\n|switch|p2a: Wigglytuff|Wigglytuff, L96, M|416/424\n|move|p1a: Rillaboom|Grassy Glide|p2a: Wigglytuff\n|-damage|p2a: Wigglytuff|248/424\n|\n|-heal|p1a: Rillaboom|277/288|[from] Grassy Terrain\n|-heal|p2a: Wigglytuff|274/424|[from] Grassy Terrain\n|-heal|p2a: Wigglytuff|300/424|[from] item: Leftovers\n|upkeep\n|turn|14\n|\n|t:|1771134922\n|switch|p1a: Dachsbun|Dachsbun, L92, M|212/254 par\n|move|p2a: Wigglytuff|Wish|p2a: Wigglytuff\n|\n|-heal|p2a: Wigglytuff|326/424|[from] Grassy Terrain\n|-heal|p2a: Wigglytuff|352/424|[from] item: Leftovers\n|-heal|p1a: Dachsbun|227/254 par|[from] Grassy Terrain\n|upkeep\n|turn|15\n|\n|t:|1771134933\n|switch|p2a: Manaphy|Manaphy, L78|228/284\n|switch|p1a: Lumineon|Lumineon, L93, M|152/279\n|\n|-heal|p2a: Manaphy|284/284|[from] move: Wish|[wisher] Wigglytuff\n|-heal|p1a: Lumineon|169/279|[from] Grassy Terrain\n|upkeep\n|turn|16\n|\n|t:|1771134961\n|switch|p1a: Rillaboom|Rillaboom, L79, M|277/288\n|move|p2a: Manaphy|Tail Glow|p2a: Manaphy\n|-boost|p2a: Manaphy|spa|3\n|\n|-heal|p1a: Rillaboom|288/288|[from] Grassy Terrain\n|-fieldend|move: Grassy Terrain\n|upkeep\n|turn|17\n|inactive|ROCK ROSE has 120 seconds left.\n|\n|t:|1771134981\n|switch|p1a: Lumineon|Lumineon, L93, M|169/279\n|-terastallize|p2a: Manaphy|Grass\n|move|p2a: Manaphy|Ice Beam|p1a: Lumineon\n|-resisted|p1a: Lumineon\n|-damage|p1a: Lumineon|100/279\n|\n|upkeep\n|turn|18\n|inactive|ROCK ROSE has 120 seconds left.\n|\n|t:|1771134988\n|move|p1a: Lumineon|Encore|p2a: Manaphy\n|-start|p2a: Manaphy|Encore\n|move|p2a: Manaphy|Ice Beam|p1a: Lumineon\n|-resisted|p1a: Lumineon\n|-damage|p1a: Lumineon|32/279\n|\n|upkeep\n|turn|19\n|\n|t:|1771134993\n|switch|p1a: Flareon|Flareon, L90, M|263/263\n|move|p2a: Manaphy|Ice Beam|p1a: Flareon\n|-resisted|p1a: Flareon\n|-damage|p1a: Flareon|210/263\n|\n|-status|p1a: Flareon|tox|[from] item: Toxic Orb\n|upkeep\n|turn|20\n|\n|t:|1771135000\n|switch|p2a: Wigglytuff|Wigglytuff, L96, M|352/424\n|move|p1a: Flareon|Trailblaze|p2a: Wigglytuff\n|-damage|p2a: Wigglytuff|240/424\n|-boost|p1a: Flareon|spe|1\n|\n|-heal|p2a: Wigglytuff|266/424|[from] item: Leftovers\n|-damage|p1a: Flareon|194/263 tox|[from] psn\n|upkeep\n|turn|21\n|\n|t:|1771135006\n|move|p2a: Wigglytuff|Protect|p2a: Wigglytuff\n|-singleturn|p2a: Wigglytuff|Protect\n|move|p1a: Flareon|Facade|p2a: Wigglytuff\n|-activate|p2a: Wigglytuff|move: Protect\n|\n|-heal|p2a: Wigglytuff|292/424|[from] item: Leftovers\n|-damage|p1a: Flareon|162/263 tox|[from] psn\n|upkeep\n|turn|22\n|\n|t:|1771135020\n|move|p1a: Flareon|Facade|p2a: Wigglytuff\n|-damage|p2a: Wigglytuff|0 fnt\n|faint|p2a: Wigglytuff\n|\n|-damage|p1a: Flareon|114/263 tox|[from] psn\n|upkeep\n|\n|t:|1771135031\n|switch|p2a: Lokix|Lokix, L82, F|251/251\n|turn|23\n|\n|t:|1771135037\n|move|p2a: Lokix|First Impression|p1a: Flareon\n|-resisted|p1a: Flareon\n|-damage|p1a: Flareon|0 fnt\n|faint|p1a: Flareon\n|\n|upkeep\n|inactive|ROCK ROSE has 120 seconds left.\n|\n|t:|1771135070\n|switch|p1a: Tauros|Tauros-Paldea-Combat, L82, M|257/257\n|-ability|p1a: Tauros|Intimidate|boost\n|-unboost|p2a: Lokix|atk|1\n|turn|24\n|\n|t:|1771135076\n|move|p1a: Tauros|Close Combat|p2a: Lokix\n|-damage|p2a: Lokix|25/251\n|-unboost|p1a: Tauros|def|1\n|-unboost|p1a: Tauros|spd|1\n|move|p2a: Lokix|U-turn|p1a: Tauros\n|-resisted|p1a: Tauros\n|-damage|p1a: Tauros|185/257\n|\n|t:|1771135085\n|switch|p2a: Leafeon|Leafeon, L88, F|233/258|[from] U-turn\n|\n|upkeep\n|turn|25\n|\n|t:|1771135095\n|switch|p1a: Dachsbun|Dachsbun, L92, M|227/254 par\n|move|p2a: Leafeon|Swords Dance|p2a: Leafeon\n|-boost|p2a: Leafeon|atk|2\n|\n|upkeep\n|turn|26\n|\n|t:|1771135105\n|move|p2a: Leafeon|Leaf Blade|p1a: Dachsbun\n|-damage|p1a: Dachsbun|0 fnt\n|faint|p1a: Dachsbun\n|-damage|p2a: Leafeon|208/258|[from] item: Life Orb\n|\n|upkeep\n|\n|t:|1771135117\n|switch|p1a: Lumineon|Lumineon, L93, M|32/279\n|turn|27\n|\n|t:|1771135129\n|move|p1a: Lumineon|Ice Beam|p2a: Leafeon\n|-supereffective|p2a: Leafeon\n|-crit|p2a: Leafeon\n|-damage|p2a: Leafeon|0 fnt\n|faint|p2a: Leafeon\n|-damage|p1a: Lumineon|5/279|[from] item: Life Orb\n|\n|upkeep\n|\n|t:|1771135135\n|switch|p2a: Lokix|Lokix, L82, F|25/251\n|turn|28\n|\n|t:|1771135142\n|switch|p1a: Tauros|Tauros-Paldea-Combat, L82, M|185/257\n|-ability|p1a: Tauros|Intimidate|boost\n|-unboost|p2a: Lokix|atk|1\n|move|p2a: Lokix|First Impression|p1a: Tauros\n|-resisted|p1a: Tauros\n|-damage|p1a: Tauros|121/257\n|\n|upkeep\n|turn|29\n|l| fubbbba\n|\n|t:|1771135161\n|switch|p2a: Manaphy|Manaphy, L78, tera:Grass|284/284\n|move|p1a: Tauros|Close Combat|p2a: Manaphy\n|-damage|p2a: Manaphy|100/284\n|-unboost|p1a: Tauros|def|1\n|-unboost|p1a: Tauros|spd|1\n|\n|-heal|p2a: Manaphy|117/284|[from] item: Leftovers\n|upkeep\n|turn|30\n|\n|t:|1771135167\n|move|p1a: Tauros|Close Combat|p2a: Manaphy\n|-damage|p2a: Manaphy|0 fnt\n|-unboost|p1a: Tauros|def|1\n|-unboost|p1a: Tauros|spd|1\n|faint|p2a: Manaphy\n|\n|upkeep\n|\n|t:|1771135170\n|switch|p2a: Lokix|Lokix, L82, F|25/251\n|turn|31\n|\n|t:|1771135184\n|switch|p1a: Lumineon|Lumineon, L93, M|5/279\n|move|p2a: Lokix|First Impression|p1a: Lumineon\n|-damage|p1a: Lumineon|0 fnt\n|faint|p1a: Lumineon\n|\n|upkeep\n|\n|t:|1771135194\n|switch|p1a: Tauros|Tauros-Paldea-Combat, L82, M|121/257\n|-ability|p1a: Tauros|Intimidate|boost\n|-unboost|p2a: Lokix|atk|1\n|turn|32\n|\n|t:|1771135198\n|move|p2a: Lokix|Sucker Punch|p1a: Tauros\n|-resisted|p1a: Tauros\n|-damage|p1a: Tauros|81/257\n|move|p1a: Tauros|Close Combat|p2a: Lokix\n|-damage|p2a: Lokix|0 fnt\n|-unboost|p1a: Tauros|def|1\n|-unboost|p1a: Tauros|spd|1\n|faint|p2a: Lokix\n|\n|upkeep\n|\n|t:|1771135200\n|switch|p2a: Torterra|Torterra, L78, F|276/276\n|turn|33\n|\n|t:|1771135214\n|move|p1a: Tauros|Close Combat|p2a: Torterra\n|-damage|p2a: Torterra|83/276\n|-unboost|p1a: Tauros|def|1\n|-unboost|p1a: Tauros|spd|1\n|move|p2a: Torterra|Shell Smash|p2a: Torterra\n|-unboost|p2a: Torterra|def|1\n|-unboost|p2a: Torterra|spd|1\n|-boost|p2a: Torterra|atk|2\n|-boost|p2a: Torterra|spa|2\n|-boost|p2a: Torterra|spe|2\n|\n|upkeep\n|turn|34\n|\n|t:|1771135219\n|switch|p1a: Appletun|Appletun, L92, M|352/352\n|move|p2a: Torterra|Bullet Seed|p1a: Appletun\n|-resisted|p1a: Appletun\n|-damage|p1a: Appletun|335/352\n|-resisted|p1a: Appletun\n|-damage|p1a: Appletun|316/352\n|-resisted|p1a: Appletun\n|-damage|p1a: Appletun|299/352\n|-resisted|p1a: Appletun\n|-damage|p1a: Appletun|281/352\n|-resisted|p1a: Appletun\n|-damage|p1a: Appletun|263/352\n|-hitcount|p1a: Appletun|5\n|\n|-heal|p1a: Appletun|285/352|[from] item: Leftovers\n|upkeep\n|turn|35\n|\n|t:|1771135227\n|move|p2a: Torterra|Rock Blast|p1a: Appletun\n|-damage|p1a: Appletun|250/352\n|-crit|p1a: Appletun\n|-damage|p1a: Appletun|204/352\n|-damage|p1a: Appletun|169/352\n|-damage|p1a: Appletun|137/352\n|-hitcount|p1a: Appletun|4\n|move|p1a: Appletun|Apple Acid|p2a: Torterra\n|-damage|p2a: Torterra|0 fnt\n|faint|p2a: Torterra\n|\n|-heal|p1a: Appletun|159/352|[from] item: Leftovers\n|upkeep\n|\n|t:|1771135237\n|switch|p2a: Dunsparce|Dunsparce, L86, F|312/312\n|turn|36\n|\n|t:|1771135244\n|move|p2a: Dunsparce|Coil|p2a: Dunsparce\n|-boost|p2a: Dunsparce|atk|1\n|-boost|p2a: Dunsparce|def|1\n|-boost|p2a: Dunsparce|accuracy|1\n|move|p1a: Appletun|Recover|p1a: Appletun\n|-heal|p1a: Appletun|335/352\n|\n|-heal|p1a: Appletun|352/352|[from] item: Leftovers\n|upkeep\n|turn|37\n|\n|t:|1771135254\n|move|p2a: Dunsparce|Body Slam|p1a: Appletun\n|-damage|p1a: Appletun|243/352\n|-status|p1a: Appletun|par\n|move|p1a: Appletun|Apple Acid|p2a: Dunsparce\n|-damage|p2a: Dunsparce|236/312\n|-unboost|p2a: Dunsparce|spd|1\n|\n|-heal|p1a: Appletun|265/352 par|[from] item: Leftovers\n|upkeep\n|turn|38\n|\n|t:|1771135259\n|-terastallize|p1a: Appletun|Steel\n|move|p2a: Dunsparce|Body Slam|p1a: Appletun\n|-resisted|p1a: Appletun\n|-damage|p1a: Appletun|206/352 par\n|move|p1a: Appletun|Apple Acid|p2a: Dunsparce\n|-damage|p2a: Dunsparce|119/312\n|-unboost|p2a: Dunsparce|spd|1\n|\n|-heal|p1a: Appletun|228/352 par|[from] item: Leftovers\n|upkeep\n|turn|39\n|\n|t:|1771135265\n|move|p2a: Dunsparce|Earthquake|p1a: Appletun\n|-supereffective|p1a: Appletun\n|-damage|p1a: Appletun|64/352 par\n|cant|p1a: Appletun|par\n|\n|-heal|p1a: Appletun|86/352 par|[from] item: Leftovers\n|upkeep\n|turn|40\n|\n|t:|1771135274\n|move|p2a: Dunsparce|Roost|p2a: Dunsparce\n|-heal|p2a: Dunsparce|275/312\n|-singleturn|p2a: Dunsparce|move: Roost\n|move|p1a: Appletun|Draco Meteor|p2a: Dunsparce\n|-damage|p2a: Dunsparce|0 fnt\n|-unboost|p1a: Appletun|spa|2\n|faint|p2a: Dunsparce\n|\n|win|ROCK ROSE\n|raw|ROCK ROSE's rating: 1696 &rarr; <strong>1718</strong><br />(+22 for winning)\n|raw|Nuttyr's rating: 1728 &rarr; <strong>1706</strong><br />(-22 for losing)\n|l|☆Nuttyr\n|player|p2|\n", "inputlog": ">version 686819e5e19f8a7fd2345cfc5a08a5085efa2cc3\n>start {\"formatid\":\"gen9randombattle\",\"seed\":\"sodium,1c7c51934d51695f435b9e4a55927bd6\",\"rated\":\"Rated battle\"}\n>player p1 {\"name\":\"ROCK ROSE\",\"avatar\":\"maid\",\"rating\":1696,\"seed\":\"sodium,ae9a9054ab694b0aa2fdca442e1cd011\"}\n>player p2 {\"name\":\"Nuttyr\",\"avatar\":\"lucas\",\"rating\":1728,\"seed\":\"sodium,6858ef28c40f5bfbef36c7758b2190ba\"}\n>p1 move uturn\n>p2 move thunderwave\n>p1 switch 3\n>p1 move wish\n>p2 switch 2\n>p1 switch 4\n>p2 move tailglow\n>p1 move encore\n>p2 move energyball\n>p1 move alluringvoice\n>p2 move tailglow\n>p1 move alluringvoice\n>p2 move tailglow\n>p1 move encore\n>p2 switch 4\n>p1 switch 4\n>p2 move knockoff\n>p1 move wish\n>p2 switch 4\n>p1 switch 4\n>p2 move surf\n>p1 move icebeam\n>p2 move energyball\n>p1 switch 3\n>p2 move energyball\n>p1 move grassyglide\n>p2 switch 2\n>p1 switch 4\n>p2 move wish\n>p1 switch 3\n>p2 switch 2\n>p1 switch 4\n>p2 move tailglow\n>p1 switch 4\n>p2 move icebeam terastallize\n>p1 move encore\n>p2 move energyball\n>p1 switch 5\n>p2 move icebeam\n>p1 move trailblaze\n>p2 switch 2\n>p1 move facade\n>p2 move protect\n>p1 move facade\n>p2 move wish\n>p2 switch 6\n>p1 move willowisp\n>p2 move firstimpression\n>p1 switch 6\n>p1 move closecombat\n>p2 move uturn\n>p2 switch 4\n>p1 switch 3\n>p2 move swordsdance\n>p1 move wish\n>p2 move leafblade\n>p1 switch 5\n>p1 move icebeam\n>p2 move leafblade\n>p2 switch 4\n>p1 switch 3\n>p2 move firstimpression\n>p1 move closecombat\n>p2 switch 2\n>p1 move closecombat\n>p2 move surf\n>p2 switch 2\n>p1 switch 3\n>p2 move firstimpression\n>p1 switch 3\n>p1 move closecombat\n>p2 move suckerpunch\n>p2 switch 5\n>p1 move closecombat\n>p2 move shellsmash\n>p1 switch 2\n>p2 move bulletseed\n>p1 move appleacid\n>p2 move rockblast\n>p2 switch 3\n>p1 move recover\n>p2 move coil\n>p1 move appleacid\n>p2 move bodyslam\n>p1 move appleacid terastallize\n>p2 move bodyslam\n>p1 move dracometeor\n>p2 move earthquake\n>p1 move dracometeor\n>p2 move roost", "uploadtime": 1771135277, "views": 14, "formatid": "gen9randombattle", "rating": 1706, "private": 0, "password": null}