{"id": "gen9randombattle-2540219673", "format": "[Gen 9] Random Battle", "players": ["ColaGod177013", "Fabu555"], "log": "|j|☆ColaGod177013\n|j|☆Fabu555\n|t:|1771177246\n|gametype|singles\n|player|p1|ColaGod177013|bruno|1636\n|player|p2|Fabu555|rocketgrunt|1690\n|gen|9\n|tier|[Gen 9] Random Battle\n|rated|\n|rule|Species Clause: Limit one of each Pokémon\n|rule|HP Percentage Mod: HP is shown in percentages\n|rule|Sleep Clause Mod: Limit one foe put to sleep\n|rule|Illusion Level Mod: Illusion disguises the Pokémon's true level\n|\n|t:|1771177246\n|teamsize|p1|6\n|teamsize|p2|6\n|start\n|switch|p1a: Lunala|Lunala, L70|308/308\n|switch|p2a: Jumpluff|Jumpluff, L87, F|271/271\n|turn|1\n|\n|t:|1771177307\n|move|p2a: Jumpluff|Acrobatics|p1a: Lunala\n|-damage|p1a: Lunala|262/308\n|move|p1a: Lunala|Moongeist Beam|p2a: Jumpluff\n|-damage|p2a: Jumpluff|184/271\n|\n|-heal|p1a: Lunala|281/308|[from] item: Leftovers\n|upkeep\n|turn|2\n|inactive|Battle timer is ON: inactive players will automatically lose when time's up. (requested by ColaGod177013)\n|\n|t:|1771177320\n|move|p2a: Jumpluff|Acrobatics|p1a: Lunala\n|-damage|p1a: Lunala|181/308\n|move|p1a: Lunala|Moongeist Beam|p2a: Jumpluff\n|-damage|p2a: Jumpluff|94/271\n|\n|-heal|p1a: Lunala|200/308|[from] item: Leftovers\n|upkeep\n|turn|3\n|\n|t:|1771177323\n|move|p2a: Jumpluff|Strength Sap|p1a: Lunala\n|-unboost|p1a: Lunala|atk|1\n|-heal|p2a: Jumpluff|257/271\n|move|p1a: Lunala|Moongeist Beam|p2a: Jumpluff\n|-damage|p2a: Jumpluff|161/271\n|\n|-heal|p1a: Lunala|219/308|[from] item: Leftovers\n|upkeep\n|turn|4\n|\n|t:|1771177327\n|move|p2a: Jumpluff|Sleep Powder|p1a: Lunala|[miss]\n|-miss|p2a: Jumpluff|p1a: Lunala\n|move|p1a: Lunala|Moongeist Beam|p2a: Jumpluff\n|-damage|p2a: Jumpluff|70/271\n|\n|-heal|p1a: Lunala|238/308|[from] item: Leftovers\n|upkeep\n|turn|5\n|\n|t:|1771177330\n|move|p2a: Jumpluff|Sleep Powder|p1a: Lunala\n|-status|p1a: Lunala|slp|[from] move: Sleep Powder\n|cant|p1a: Lunala|slp\n|\n|-heal|p1a: Lunala|257/308 slp|[from] item: Leftovers\n|upkeep\n|turn|6\n|\n|t:|1771177334\n|move|p2a: Jumpluff|Strength Sap|p1a: Lunala\n|-unboost|p1a: Lunala|atk|1\n|-heal|p2a: Jumpluff|178/271\n|cant|p1a: Lunala|slp\n|\n|-heal|p1a: Lunala|276/308 slp|[from] item: Leftovers\n|upkeep\n|turn|7\n|\n|t:|1771177341\n|move|p2a: Jumpluff|Acrobatics|p1a: Lunala\n|-damage|p1a: Lunala|185/308 slp\n|-curestatus|p1a: Lunala|slp|[msg]\n|move|p1a: Lunala|Moongeist Beam|p2a: Jumpluff\n|-damage|p2a: Jumpluff|91/271\n|\n|-heal|p1a: Lunala|204/308|[from] item: Leftovers\n|upkeep\n|turn|8\n|inactive|Fabu555 has 120 seconds left.\n|\n|t:|1771177376\n|move|p2a: Jumpluff|Sleep Powder|p1a: Lunala\n|-status|p1a: Lunala|slp|[from] move: Sleep Powder\n|cant|p1a: Lunala|slp\n|\n|-heal|p1a: Lunala|223/308 slp|[from] item: Leftovers\n|upkeep\n|turn|9\n|inactive|Fabu555 has 120 seconds left.\n|\n|t:|1771177391\n|switch|p2a: Vigoroth|Vigoroth, L85, M|275/275\n|cant|p1a: Lunala|slp\n|\n|-heal|p1a: Lunala|242/308 slp|[from] item: Leftovers\n|upkeep\n|turn|10\n|\n|t:|1771177396\n|switch|p1a: Fezandipiti|Fezandipiti, L82, M|278/278\n|move|p2a: Vigoroth|Knock Off|p1a: Fezandipiti\n|-resisted|p1a: Fezandipiti\n|-damage|p1a: Fezandipiti|246/278\n|-enditem|p1a: Fezandipiti|Assault Vest|[from] move: Knock Off|[of] p2a: Vigoroth\n|\n|upkeep\n|turn|11\n|inactive|Fabu555 has 120 seconds left.\n|\n|t:|1771177433\n|switch|p2a: Lucario|Lucario, L84, F|255/255\n|move|p1a: Fezandipiti|Gunk Shot|p2a: Lucario\n|-immune|p2a: Lucario\n|\n|upkeep\n|turn|12\n|\n|t:|1771177444\n|move|p1a: Fezandipiti|U-turn|p2a: Lucario\n|-resisted|p2a: Lucario\n|-damage|p2a: Lucario|242/255\n|\n|t:|1771177448\n|switch|p1a: Palossand|Palossand, L89, M|296/296|[from] U-turn\n|move|p2a: Lucario|Meteor Mash|p1a: Palossand\n|-damage|p1a: Palossand|187/296\n|-damage|p2a: Lucario|217/255|[from] item: Life Orb\n|\n|-heal|p1a: Palossand|205/296|[from] item: Leftovers\n|upkeep\n|turn|13\n|\n|t:|1771177459\n|switch|p2a: Vigoroth|Vigoroth, L85, M|275/275\n|move|p1a: Palossand|Shadow Ball|p2a: Vigoroth\n|-immune|p2a: Vigoroth\n|\n|-heal|p1a: Palossand|223/296|[from] item: Leftovers\n|upkeep\n|turn|14\n|\n|t:|1771177470\n|switch|p2a: Lucario|Lucario, L84, F|217/255\n|switch|p1a: Fezandipiti|Fezandipiti, L82, M|246/278\n|\n|upkeep\n|turn|15\n|\n|t:|1771177477\n|move|p1a: Fezandipiti|U-turn|p2a: Lucario\n|-resisted|p2a: Lucario\n|-damage|p2a: Lucario|205/255\n|\n|t:|1771177479\n|switch|p1a: Palossand|Palossand, L89, M|223/296|[from] U-turn\n|move|p2a: Lucario|Meteor Mash|p1a: Palossand\n|-damage|p1a: Palossand|105/296\n|-damage|p2a: Lucario|180/255|[from] item: Life Orb\n|\n|-heal|p1a: Palossand|123/296|[from] item: Leftovers\n|upkeep\n|turn|16\n|inactive|Fabu555 has 90 seconds left.\n|\n|t:|1771177520\n|switch|p2a: Jumpluff|Jumpluff, L87, F|91/271\n|move|p1a: Palossand|Shore Up|p1a: Palossand\n|-heal|p1a: Palossand|271/296\n|\n|-heal|p1a: Palossand|289/296|[from] item: Leftovers\n|upkeep\n|turn|17\n|\n|t:|1771177528\n|move|p2a: Jumpluff|Encore|p1a: Palossand\n|-start|p1a: Palossand|Encore\n|move|p1a: Palossand|Shore Up|p1a: Palossand\n|-heal|p1a: Palossand|296/296\n|\n|upkeep\n|turn|18\n|\n|t:|1771177531\n|switch|p1a: Fezandipiti|Fezandipiti, L82, M|246/278\n|move|p2a: Jumpluff|Strength Sap|p1a: Fezandipiti\n|-unboost|p1a: Fezandipiti|atk|1\n|-heal|p2a: Jumpluff|271/271\n|\n|upkeep\n|turn|19\n|\n|t:|1771177538\n|switch|p2a: Lucario|Lucario, L84, F|180/255\n|move|p1a: Fezandipiti|U-turn|p2a: Lucario\n|-resisted|p2a: Lucario\n|-damage|p2a: Lucario|171/255\n|\n|t:|1771177540\n|switch|p1a: Palossand|Palossand, L89, M|296/296|[from] U-turn\n|\n|upkeep\n|turn|20\n|\n|t:|1771177553\n|switch|p2a: Vigoroth|Vigoroth, L85, M|275/275\n|move|p1a: Palossand|Stealth Rock|p2a: Vigoroth\n|-sidestart|p2: Fabu555|move: Stealth Rock\n|\n|upkeep\n|turn|21\n|\n|t:|1771177559\n|switch|p1a: Fezandipiti|Fezandipiti, L82, M|246/278\n|move|p2a: Vigoroth|Bulk Up|p2a: Vigoroth\n|-boost|p2a: Vigoroth|atk|1\n|-boost|p2a: Vigoroth|def|1\n|\n|upkeep\n|turn|22\n|\n|t:|1771177565\n|move|p1a: Fezandipiti|Moonblast|p2a: Vigoroth\n|-damage|p2a: Vigoroth|209/275\n|-status|p2a: Vigoroth|tox|[from] ability: Toxic Chain|[of] p1a: Fezandipiti\n|move|p2a: Vigoroth|Body Slam|p1a: Fezandipiti\n|-damage|p1a: Fezandipiti|122/278\n|-status|p1a: Fezandipiti|par\n|\n|-damage|p2a: Vigoroth|192/275 tox|[from] psn\n|upkeep\n|turn|23\n|inactive|Fabu555 has 120 seconds left.\n|\n|t:|1771177574\n|switch|p1a: Palossand|Palossand, L89, M|296/296\n|move|p2a: Vigoroth|Knock Off|p1a: Palossand\n|-supereffective|p1a: Palossand\n|-damage|p1a: Palossand|160/296\n|-enditem|p1a: Palossand|Leftovers|[from] move: Knock Off|[of] p2a: Vigoroth\n|\n|-damage|p2a: Vigoroth|158/275 tox|[from] psn\n|upkeep\n|turn|24\n|inactive|Fabu555 has 120 seconds left.\n|\n|t:|1771177586\n|switch|p2a: Cramorant|Cramorant, L86, F|261/261\n|move|p1a: Palossand|Shore Up|p1a: Palossand\n|-heal|p1a: Palossand|296/296\n|\n|upkeep\n|turn|25\n|\n|t:|1771177592\n|switch|p1a: Porygon2|Porygon2, L81|270/270\n|-ability|p1a: Porygon2|Download|boost\n|-boost|p1a: Porygon2|atk|1\n|move|p2a: Cramorant|Surf|p1a: Porygon2\n|-formechange|p2a: Cramorant|Cramorant-Gulping|\n|-damage|p1a: Porygon2|215/270\n|\n|upkeep\n|turn|26\n|\n|t:|1771177606\n|move|p2a: Cramorant|Brave Bird|p1a: Porygon2\n|-damage|p1a: Porygon2|128/270\n|-damage|p2a: Cramorant|232/261|[from] Recoil\n|move|p1a: Porygon2|Thunder Wave|p2a: Cramorant\n|-status|p2a: Cramorant|par\n|\n|upkeep\n|turn|27\n|\n|t:|1771177612\n|move|p1a: Porygon2|Recover|p1a: Porygon2\n|-heal|p1a: Porygon2|263/270\n|move|p2a: Cramorant|Defog|p1a: Porygon2\n|-unboost|p1a: Porygon2|evasion|1\n|-sideend|p2: Fabu555|Stealth Rock|[from] move: Defog|[of] p2a: Cramorant\n|\n|upkeep\n|turn|28\n|\n|t:|1771177634\n|move|p1a: Porygon2|Tera Blast|p2a: Cramorant\n|-damage|p2a: Cramorant|160/261 par\n|-damage|p1a: Porygon2|196/270|[from] ability: Gulp Missile|[of] p2a: Cramorant\n|-unboost|p1a: Porygon2|def|1\n|-formechange|p2a: Cramorant|Cramorant|\n|move|p2a: Cramorant|Brave Bird|p1a: Porygon2\n|-damage|p1a: Porygon2|76/270\n|-damage|p2a: Cramorant|120/261 par|[from] Recoil\n|\n|upkeep\n|turn|29\n|\n|t:|1771177646\n|move|p1a: Porygon2|Recover|p1a: Porygon2\n|-heal|p1a: Porygon2|211/270\n|move|p2a: Cramorant|Roost|p2a: Cramorant\n|-heal|p2a: Cramorant|251/261 par\n|-singleturn|p2a: Cramorant|move: Roost\n|\n|upkeep\n|turn|30\n|\n|t:|1771177660\n|switch|p1a: Lugia|Lugia, L73|275/275\n|move|p2a: Cramorant|Brave Bird|p1a: Lugia\n|-damage|p1a: Lugia|222/275\n|-damage|p2a: Cramorant|234/261 par|[from] Recoil\n|\n|upkeep\n|turn|31\n|\n|t:|1771177678\n|switch|p2a: Jumpluff|Jumpluff, L87, F|271/271\n|move|p1a: Lugia|Calm Mind|p1a: Lugia\n|-boost|p1a: Lugia|spa|1\n|-boost|p1a: Lugia|spd|1\n|\n|upkeep\n|turn|32\n|\n|t:|1771177685\n|switch|p1a: Palossand|Palossand, L89, M|296/296\n|move|p2a: Jumpluff|Encore||[still]\n|-fail|p2a: Jumpluff\n|\n|upkeep\n|turn|33\n|\n|t:|1771177687\n|move|p2a: Jumpluff|Sleep Powder|p1a: Palossand\n|-message|Sleep Clause Mod activated.\n|-hint|Sleep Clause Mod prevents players from putting more than one of their opponent's Pokémon to sleep at a time\n|move|p1a: Palossand|Stealth Rock|p2a: Jumpluff\n|-sidestart|p2: Fabu555|move: Stealth Rock\n|\n|upkeep\n|turn|34\n|\n|t:|1771177699\n|move|p2a: Jumpluff|Encore|p1a: Palossand\n|-start|p1a: Palossand|Encore\n|move|p1a: Palossand|Stealth Rock||[still]\n|-fail|p1a: Palossand\n|\n|upkeep\n|turn|35\n|\n|t:|1771177708\n|switch|p2a: Cyclizar|Cyclizar, L83, M|252/252\n|switch|p1a: Porygon2|Porygon2, L81|211/270\n|-ability|p1a: Porygon2|Download|boost\n|-boost|p1a: Porygon2|spa|1\n|\n|upkeep\n|turn|36\n|\n|t:|1771177721\n|move|p2a: Cyclizar|Shed Tail|p2a: Cyclizar\n|-start|p2a: Cyclizar|Substitute|[from] move: Shed Tail\n|-damage|p2a: Cyclizar|126/252\n|\n|t:|1771177732\n|switch|p2a: Suicune|Suicune, L82|298/298|[from] Shed Tail\n|-damage|p2a: Suicune|261/298|[from] Stealth Rock\n|-ability|p2a: Suicune|Pressure\n|move|p1a: Porygon2|Shadow Ball|p2a: Suicune\n|-end|p2a: Suicune|Substitute\n|\n|-heal|p2a: Suicune|279/298|[from] item: Leftovers\n|upkeep\n|turn|37\n|\n|t:|1771177739\n|move|p2a: Suicune|Calm Mind|p2a: Suicune\n|-boost|p2a: Suicune|spa|1\n|-boost|p2a: Suicune|spd|1\n|move|p1a: Porygon2|Thunder Wave|p2a: Suicune\n|-status|p2a: Suicune|par\n|\n|-heal|p2a: Suicune|297/298 par|[from] item: Leftovers\n|upkeep\n|turn|38\n|\n|t:|1771177745\n|switch|p1a: Staraptor|Staraptor, L79, F|263/263\n|cant|p2a: Suicune|par\n|\n|-heal|p2a: Suicune|298/298 par|[from] item: Leftovers\n|upkeep\n|turn|39\n|\n|t:|1771177764\n|move|p2a: Suicune|Protect|p2a: Suicune\n|-singleturn|p2a: Suicune|Protect\n|move|p1a: Staraptor|Brave Bird|p2a: Suicune\n|-activate|p2a: Suicune|move: Protect\n|\n|upkeep\n|turn|40\n|\n|t:|1771177771\n|-terastallize|p2a: Suicune|Steel\n|move|p1a: Staraptor|Brave Bird|p2a: Suicune\n|-resisted|p2a: Suicune\n|-damage|p2a: Suicune|201/298 par\n|-damage|p1a: Staraptor|231/263|[from] Recoil\n|move|p2a: Suicune|Scald|p1a: Staraptor\n|-damage|p1a: Staraptor|69/263\n|\n|-heal|p2a: Suicune|219/298 par|[from] item: Leftovers\n|upkeep\n|turn|41\n|\n|t:|1771177777\n|switch|p1a: Fezandipiti|Fezandipiti, L82, M|122/278 par\n|move|p2a: Suicune|Substitute|p2a: Suicune\n|-start|p2a: Suicune|Substitute\n|-damage|p2a: Suicune|145/298 par\n|\n|-heal|p2a: Suicune|163/298 par|[from] item: Leftovers\n|upkeep\n|turn|42\n|\n|t:|1771177783\n|move|p1a: Fezandipiti|U-turn|p2a: Suicune\n|-resisted|p2a: Suicune\n|-activate|p2a: Suicune|move: Substitute|[damage]\n|\n|t:|1771177796\n|switch|p1a: Porygon2|Porygon2, L81|211/270|[from] U-turn\n|-ability|p1a: Porygon2|Download|boost\n|-boost|p1a: Porygon2|atk|1\n|move|p2a: Suicune|Scald|p1a: Porygon2\n|-damage|p1a: Porygon2|136/270\n|\n|-heal|p2a: Suicune|181/298 par|[from] item: Leftovers\n|upkeep\n|turn|43\n|\n|t:|1771177809\n|move|p1a: Porygon2|Tera Blast|p2a: Suicune\n|-resisted|p2a: Suicune\n|-activate|p2a: Suicune|move: Substitute|[damage]\n|move|p2a: Suicune|Calm Mind|p2a: Suicune\n|-boost|p2a: Suicune|spa|1\n|-boost|p2a: Suicune|spd|1\n|\n|-heal|p2a: Suicune|199/298 par|[from] item: Leftovers\n|upkeep\n|turn|44\n|\n|t:|1771177818\n|move|p1a: Porygon2|Shadow Ball|p2a: Suicune\n|-activate|p2a: Suicune|move: Substitute|[damage]\n|cant|p2a: Suicune|par\n|\n|-heal|p2a: Suicune|217/298 par|[from] item: Leftovers\n|upkeep\n|turn|45\n|\n|t:|1771177825\n|move|p1a: Porygon2|Shadow Ball|p2a: Suicune\n|-end|p2a: Suicune|Substitute\n|cant|p2a: Suicune|par\n|\n|-heal|p2a: Suicune|235/298 par|[from] item: Leftovers\n|upkeep\n|turn|46\n|\n|t:|1771177836\n|switch|p1a: Staraptor|Staraptor, L79, F|69/263\n|move|p2a: Suicune|Substitute|p2a: Suicune\n|-start|p2a: Suicune|Substitute\n|-damage|p2a: Suicune|161/298 par\n|\n|-heal|p2a: Suicune|179/298 par|[from] item: Leftovers\n|upkeep\n|turn|47\n|\n|t:|1771177840\n|move|p1a: Staraptor|Close Combat|p2a: Suicune\n|-supereffective|p2a: Suicune\n|-crit|p2a: Suicune\n|-end|p2a: Suicune|Substitute\n|-unboost|p1a: Staraptor|def|1\n|-unboost|p1a: Staraptor|spd|1\n|move|p2a: Suicune|Scald|p1a: Staraptor\n|-damage|p1a: Staraptor|0 fnt\n|faint|p1a: Staraptor\n|\n|-heal|p2a: Suicune|197/298 par|[from] item: Leftovers\n|upkeep\n|\n|t:|1771177854\n|switch|p1a: Lunala|Lunala, L70|242/308 slp\n|turn|48\n|\n|t:|1771177860\n|-curestatus|p1a: Lunala|slp|[msg]\n|move|p1a: Lunala|Calm Mind|p1a: Lunala\n|-boost|p1a: Lunala|spa|1\n|-boost|p1a: Lunala|spd|1\n|move|p2a: Suicune|Scald|p1a: Lunala\n|-damage|p1a: Lunala|139/308\n|-status|p1a: Lunala|brn\n|\n|-heal|p1a: Lunala|158/308 brn|[from] item: Leftovers\n|-heal|p2a: Suicune|215/298 par|[from] item: Leftovers\n|-damage|p1a: Lunala|139/308 brn|[from] brn\n|upkeep\n|turn|49\n|\n|t:|1771177869\n|move|p1a: Lunala|Moonlight|p1a: Lunala\n|-heal|p1a: Lunala|293/308 brn\n|cant|p2a: Suicune|par\n|\n|-heal|p1a: Lunala|308/308 brn|[from] item: Leftovers\n|-heal|p2a: Suicune|233/298 par|[from] item: Leftovers\n|-damage|p1a: Lunala|289/308 brn|[from] brn\n|upkeep\n|turn|50\n|\n|t:|1771177873\n|move|p1a: Lunala|Calm Mind|p1a: Lunala\n|-boost|p1a: Lunala|spa|1\n|-boost|p1a: Lunala|spd|1\n|cant|p2a: Suicune|par\n|\n|-heal|p1a: Lunala|308/308 brn|[from] item: Leftovers\n|-heal|p2a: Suicune|251/298 par|[from] item: Leftovers\n|-damage|p1a: Lunala|289/308 brn|[from] brn\n|upkeep\n|turn|51\n|\n|t:|1771177875\n|move|p1a: Lunala|Calm Mind|p1a: Lunala\n|-boost|p1a: Lunala|spa|1\n|-boost|p1a: Lunala|spd|1\n|cant|p2a: Suicune|par\n|\n|-heal|p1a: Lunala|308/308 brn|[from] item: Leftovers\n|-heal|p2a: Suicune|269/298 par|[from] item: Leftovers\n|-damage|p1a: Lunala|289/308 brn|[from] brn\n|upkeep\n|turn|52\n|\n|t:|1771177877\n|move|p1a: Lunala|Calm Mind|p1a: Lunala\n|-boost|p1a: Lunala|spa|1\n|-boost|p1a: Lunala|spd|1\n|move|p2a: Suicune|Substitute|p2a: Suicune\n|-start|p2a: Suicune|Substitute\n|-damage|p2a: Suicune|195/298 par\n|\n|-heal|p1a: Lunala|308/308 brn|[from] item: Leftovers\n|-heal|p2a: Suicune|213/298 par|[from] item: Leftovers\n|-damage|p1a: Lunala|289/308 brn|[from] brn\n|upkeep\n|turn|53\n|\n|t:|1771177880\n|move|p1a: Lunala|Calm Mind|p1a: Lunala\n|-boost|p1a: Lunala|spa|1\n|-boost|p1a: Lunala|spd|1\n|move|p2a: Suicune|Scald|p1a: Lunala\n|-damage|p1a: Lunala|241/308 brn\n|\n|-heal|p1a: Lunala|260/308 brn|[from] item: Leftovers\n|-heal|p2a: Suicune|231/298 par|[from] item: Leftovers\n|-damage|p1a: Lunala|241/308 brn|[from] brn\n|upkeep\n|turn|54\n|\n|t:|1771177882\n|move|p1a: Lunala|Calm Mind|p1a: Lunala\n|-boost|p1a: Lunala|spa|1\n|-boost|p1a: Lunala|spd|1\n|move|p2a: Suicune|Scald|p1a: Lunala\n|-damage|p1a: Lunala|199/308 brn\n|\n|-heal|p1a: Lunala|218/308 brn|[from] item: Leftovers\n|-heal|p2a: Suicune|249/298 par|[from] item: Leftovers\n|-damage|p1a: Lunala|199/308 brn|[from] brn\n|upkeep\n|turn|55\n|\n|t:|1771177885\n|move|p1a: Lunala|Focus Blast|p2a: Suicune\n|-supereffective|p2a: Suicune\n|-end|p2a: Suicune|Substitute\n|cant|p2a: Suicune|par\n|\n|-heal|p1a: Lunala|218/308 brn|[from] item: Leftovers\n|-heal|p2a: Suicune|267/298 par|[from] item: Leftovers\n|-damage|p1a: Lunala|199/308 brn|[from] brn\n|upkeep\n|turn|56\n|\n|t:|1771177888\n|move|p1a: Lunala|Focus Blast|p2a: Suicune|[miss]\n|-miss|p1a: Lunala|p2a: Suicune\n|move|p2a: Suicune|Scald|p1a: Lunala\n|-damage|p1a: Lunala|160/308 brn\n|\n|-heal|p1a: Lunala|179/308 brn|[from] item: Leftovers\n|-heal|p2a: Suicune|285/298 par|[from] item: Leftovers\n|-damage|p1a: Lunala|160/308 brn|[from] brn\n|upkeep\n|turn|57\n|\n|t:|1771177899\n|move|p2a: Suicune|Protect|p2a: Suicune\n|-singleturn|p2a: Suicune|Protect\n|move|p1a: Lunala|Moonlight|p1a: Lunala\n|-heal|p1a: Lunala|308/308 brn\n|\n|-heal|p2a: Suicune|298/298 par|[from] item: Leftovers\n|-damage|p1a: Lunala|289/308 brn|[from] brn\n|upkeep\n|turn|58\n|\n|t:|1771177904\n|move|p1a: Lunala|Focus Blast|p2a: Suicune\n|-supereffective|p2a: Suicune\n|-damage|p2a: Suicune|34/298 par\n|move|p2a: Suicune|Substitute|p2a: Suicune\n|-fail|p2a: Suicune|move: Substitute|[weak]\n|\n|-heal|p1a: Lunala|308/308 brn|[from] item: Leftovers\n|-heal|p2a: Suicune|52/298 par|[from] item: Leftovers\n|-damage|p1a: Lunala|289/308 brn|[from] brn\n|upkeep\n|turn|59\n|\n|t:|1771177910\n|cant|p2a: Suicune|par\n|move|p1a: Lunala|Focus Blast|p2a: Suicune|[miss]\n|-miss|p1a: Lunala|p2a: Suicune\n|\n|-heal|p1a: Lunala|308/308 brn|[from] item: Leftovers\n|-heal|p2a: Suicune|70/298 par|[from] item: Leftovers\n|-damage|p1a: Lunala|289/308 brn|[from] brn\n|upkeep\n|turn|60\n|\n|t:|1771177917\n|move|p1a: Lunala|Moongeist Beam|p2a: Suicune\n|-damage|p2a: Suicune|0 fnt\n|faint|p2a: Suicune\n|\n|-heal|p1a: Lunala|308/308 brn|[from] item: Leftovers\n|-damage|p1a: Lunala|289/308 brn|[from] brn\n|upkeep\n|\n|t:|1771177926\n|switch|p2a: Vigoroth|Vigoroth, L85, M|158/275 tox\n|-damage|p2a: Vigoroth|124/275 tox|[from] Stealth Rock\n|turn|61\n|\n|t:|1771177931\n|switch|p1a: Palossand|Palossand, L89, M|296/296\n|move|p2a: Vigoroth|Knock Off|p1a: Palossand\n|-supereffective|p1a: Palossand\n|-damage|p1a: Palossand|228/296\n|\n|-damage|p2a: Vigoroth|107/275 tox|[from] psn\n|upkeep\n|turn|62\n|\n|t:|1771177944\n|switch|p2a: Jumpluff|Jumpluff, L87, F|271/271\n|-damage|p2a: Jumpluff|204/271|[from] Stealth Rock\n|move|p1a: Palossand|Shadow Ball|p2a: Jumpluff\n|-damage|p2a: Jumpluff|122/271\n|\n|upkeep\n|turn|63\n|\n|t:|1771177948\n|move|p2a: Jumpluff|Sleep Powder|p1a: Palossand\n|-status|p1a: Palossand|slp|[from] move: Sleep Powder\n|cant|p1a: Palossand|slp\n|\n|upkeep\n|turn|64\n|\n|t:|1771177950\n|move|p2a: Jumpluff|Strength Sap|p1a: Palossand\n|-unboost|p1a: Palossand|atk|1\n|-heal|p2a: Jumpluff|260/271\n|cant|p1a: Palossand|slp\n|\n|upkeep\n|turn|65\n|\n|t:|1771177953\n|move|p2a: Jumpluff|Acrobatics|p1a: Palossand\n|-damage|p1a: Palossand|162/296 slp\n|-curestatus|p1a: Palossand|slp|[msg]\n|move|p1a: Palossand|Shadow Ball|p2a: Jumpluff\n|-damage|p2a: Jumpluff|169/271\n|\n|upkeep\n|turn|66\n|\n|t:|1771177958\n|move|p2a: Jumpluff|Sleep Powder|p1a: Palossand\n|-status|p1a: Palossand|slp|[from] move: Sleep Powder\n|cant|p1a: Palossand|slp\n|\n|upkeep\n|turn|67\n|\n|t:|1771177961\n|move|p2a: Jumpluff|Acrobatics|p1a: Palossand\n|-damage|p1a: Palossand|93/296 slp\n|cant|p1a: Palossand|slp\n|\n|upkeep\n|turn|68\n|\n|t:|1771177964\n|move|p2a: Jumpluff|Acrobatics|p1a: Palossand\n|-damage|p1a: Palossand|29/296 slp\n|-curestatus|p1a: Palossand|slp|[msg]\n|move|p1a: Palossand|Shore Up|p1a: Palossand\n|-heal|p1a: Palossand|177/296\n|\n|upkeep\n|turn|69\n|\n|t:|1771177969\n|move|p2a: Jumpluff|Encore|p1a: Palossand\n|-start|p1a: Palossand|Encore\n|move|p1a: Palossand|Shore Up|p1a: Palossand\n|-heal|p1a: Palossand|296/296\n|\n|upkeep\n|turn|70\n|\n|t:|1771177972\n|switch|p1a: Fezandipiti|Fezandipiti, L82, M|122/278 par\n|move|p2a: Jumpluff|Sleep Powder|p1a: Fezandipiti|[miss]\n|-miss|p2a: Jumpluff|p1a: Fezandipiti\n|\n|upkeep\n|turn|71\n|\n|t:|1771177979\n|switch|p2a: Lucario|Lucario, L84, F|171/255\n|-damage|p2a: Lucario|164/255|[from] Stealth Rock\n|cant|p1a: Fezandipiti|par\n|\n|upkeep\n|turn|72\n|\n|t:|1771177997\n|switch|p1a: Palossand|Palossand, L89, M|296/296\n|move|p2a: Lucario|Meteor Mash|p1a: Palossand\n|-damage|p1a: Palossand|191/296\n|-damage|p2a: Lucario|139/255|[from] item: Life Orb\n|\n|upkeep\n|turn|73\n|\n|t:|1771178014\n|switch|p2a: Vigoroth|Vigoroth, L85, M|107/275 tox\n|-damage|p2a: Vigoroth|73/275 tox|[from] Stealth Rock\n|move|p1a: Palossand|Earth Power|p2a: Vigoroth\n|-damage|p2a: Vigoroth|0 fnt\n|faint|p2a: Vigoroth\n|\n|upkeep\n|\n|t:|1771178023\n|switch|p2a: Jumpluff|Jumpluff, L87, F|169/271\n|-damage|p2a: Jumpluff|102/271|[from] Stealth Rock\n|turn|74\n|\n|t:|1771178029\n|switch|p1a: Fezandipiti|Fezandipiti, L82, M|122/278 par\n|move|p2a: Jumpluff|Strength Sap|p1a: Fezandipiti\n|-unboost|p1a: Fezandipiti|atk|1\n|-heal|p2a: Jumpluff|271/271\n|\n|upkeep\n|turn|75\n|\n|t:|1771178048\n|move|p2a: Jumpluff|Acrobatics|p1a: Fezandipiti\n|-damage|p1a: Fezandipiti|28/278 par\n|move|p1a: Fezandipiti|Heat Wave|p2a: Jumpluff\n|-supereffective|p2a: Jumpluff\n|-damage|p2a: Jumpluff|173/271\n|-status|p2a: Jumpluff|tox|[from] ability: Toxic Chain|[of] p1a: Fezandipiti\n|\n|-damage|p2a: Jumpluff|157/271 tox|[from] psn\n|upkeep\n|turn|76\n|\n|t:|1771178059\n|switch|p1a: Lunala|Lunala, L70|289/308 brn\n|move|p2a: Jumpluff|Acrobatics|p1a: Lunala\n|-damage|p1a: Lunala|187/308 brn\n|\n|-heal|p1a: Lunala|206/308 brn|[from] item: Leftovers\n|-damage|p2a: Jumpluff|125/271 tox|[from] psn\n|-damage|p1a: Lunala|187/308 brn|[from] brn\n|upkeep\n|turn|77\n|\n|t:|1771178070\n|move|p2a: Jumpluff|Strength Sap|p1a: Lunala\n|-unboost|p1a: Lunala|atk|1\n|-heal|p2a: Jumpluff|271/271 tox\n|move|p1a: Lunala|Moonlight|p1a: Lunala\n|-heal|p1a: Lunala|308/308 brn\n|\n|-damage|p2a: Jumpluff|223/271 tox|[from] psn\n|-damage|p1a: Lunala|289/308 brn|[from] brn\n|upkeep\n|turn|78\n|\n|t:|1771178077\n|switch|p1a: Palossand|Palossand, L89, M|191/296\n|move|p2a: Jumpluff|Encore||[still]\n|-fail|p2a: Jumpluff\n|\n|-damage|p2a: Jumpluff|159/271 tox|[from] psn\n|upkeep\n|turn|79\n|\n|t:|1771178085\n|switch|p2a: Cramorant|Cramorant, L86, F|234/261 par\n|switch|p1a: Fezandipiti|Fezandipiti, L82, M|28/278 par\n|\n|upkeep\n|turn|80\n|\n|t:|1771178096\n|switch|p2a: Lucario|Lucario, L84, F|139/255\n|-damage|p2a: Lucario|132/255|[from] Stealth Rock\n|cant|p1a: Fezandipiti|par\n|\n|upkeep\n|turn|81\n|\n|t:|1771178102\n|move|p2a: Lucario|Swords Dance|p2a: Lucario\n|-boost|p2a: Lucario|atk|2\n|move|p1a: Fezandipiti|Heat Wave|p2a: Lucario\n|-supereffective|p2a: Lucario\n|-damage|p2a: Lucario|14/255\n|\n|upkeep\n|turn|82\n|\n|t:|1771178111\n|move|p2a: Lucario|Meteor Mash|p1a: Fezandipiti\n|-supereffective|p1a: Fezandipiti\n|-damage|p1a: Fezandipiti|0 fnt\n|faint|p1a: Fezandipiti\n|-damage|p2a: Lucario|0 fnt|[from] item: Life Orb\n|faint|p2a: Lucario\n|\n|upkeep\n|inactive|ColaGod177013 has 120 seconds left.\n|\n|t:|1771178155\n|switch|p1a: Porygon2|Porygon2, L81|136/270\n|switch|p2a: Cyclizar|Cyclizar, L83, M|210/252\n|-ability|p1a: Porygon2|Download|boost\n|-boost|p1a: Porygon2|spa|1\n|turn|83\n|inactive|ColaGod177013 has 120 seconds left.\n|\n|t:|1771178170\n|-terastallize|p1a: Porygon2|Fairy\n|move|p2a: Cyclizar|Taunt|p1a: Porygon2\n|-start|p1a: Porygon2|move: Taunt\n|cant|p1a: Porygon2|move: Taunt|Recover\n|\n|upkeep\n|turn|84\n|\n|t:|1771178191\n|move|p2a: Cyclizar|Knock Off|p1a: Porygon2\n|-resisted|p1a: Porygon2\n|-damage|p1a: Porygon2|115/270\n|-enditem|p1a: Porygon2|Eviolite|[from] move: Knock Off|[of] p2a: Cyclizar\n|move|p1a: Porygon2|Tera Blast|p2a: Cyclizar|[anim] Tera Blast Fairy\n|-supereffective|p2a: Cyclizar\n|-damage|p2a: Cyclizar|0 fnt\n|faint|p2a: Cyclizar\n|\n|upkeep\n|\n|t:|1771178201\n|switch|p2a: Cramorant|Cramorant, L86, F|234/261 par\n|turn|85\n|inactive|ColaGod177013 has 120 seconds left.\n|\n|t:|1771178227\n|switch|p1a: Lunala|Lunala, L70|289/308 brn\n|move|p2a: Cramorant|Brave Bird|p1a: Lunala\n|-damage|p1a: Lunala|145/308 brn\n|-damage|p2a: Cramorant|186/261 par|[from] Recoil\n|\n|-heal|p1a: Lunala|164/308 brn|[from] item: Leftovers\n|-damage|p1a: Lunala|145/308 brn|[from] brn\n|upkeep\n|turn|86\n|inactive|ColaGod177013 has 120 seconds left.\n|\n|t:|1771178239\n|move|p1a: Lunala|Calm Mind|p1a: Lunala\n|-boost|p1a: Lunala|spa|1\n|-boost|p1a: Lunala|spd|1\n|move|p2a: Cramorant|Defog|p1a: Lunala\n|-unboost|p1a: Lunala|evasion|1\n|-sideend|p2: Fabu555|Stealth Rock|[from] move: Defog|[of] p2a: Cramorant\n|\n|-heal|p1a: Lunala|164/308 brn|[from] item: Leftovers\n|-damage|p1a: Lunala|145/308 brn|[from] brn\n|upkeep\n|turn|87\n|\n|t:|1771178248\n|move|p1a: Lunala|Calm Mind|p1a: Lunala\n|-boost|p1a: Lunala|spa|1\n|-boost|p1a: Lunala|spd|1\n|move|p2a: Cramorant|Brave Bird|p1a: Lunala\n|-damage|p1a: Lunala|0 fnt\n|faint|p1a: Lunala\n|-damage|p2a: Cramorant|138/261 par|[from] Recoil\n|\n|upkeep\n|\n|t:|1771178251\n|switch|p1a: Porygon2|Porygon2, L81, tera:Fairy|115/270\n|-ability|p1a: Porygon2|Download|boost\n|-boost|p1a: Porygon2|atk|1\n|turn|88\n|\n|t:|1771178258\n|move|p1a: Porygon2|Recover|p1a: Porygon2\n|-heal|p1a: Porygon2|250/270\n|move|p2a: Cramorant|Roost|p2a: Cramorant\n|-heal|p2a: Cramorant|261/261 par\n|-singleturn|p2a: Cramorant|move: Roost\n|\n|upkeep\n|turn|89\n|\n|t:|1771178261\n|move|p1a: Porygon2|Tera Blast|p2a: Cramorant|[anim] Tera Blast Fairy\n|-damage|p2a: Cramorant|114/261 par\n|move|p2a: Cramorant|Surf|p1a: Porygon2\n|-formechange|p2a: Cramorant|Cramorant-Gorging|\n|-damage|p1a: Porygon2|166/270\n|\n|upkeep\n|turn|90\n|\n|t:|1771178269\n|move|p1a: Porygon2|Tera Blast|p2a: Cramorant|[anim] Tera Blast Fairy\n|-damage|p2a: Cramorant|0 fnt\n|-damage|p1a: Porygon2|99/270|[from] ability: Gulp Missile|[of] p2a: Cramorant\n|-status|p1a: Porygon2|par\n|-formechange|p2a: Cramorant|Cramorant|\n|faint|p2a: Cramorant\n|\n|upkeep\n|\n|t:|1771178273\n|switch|p2a: Jumpluff|Jumpluff, L87, F|159/271 tox\n|turn|91\n|\n|t:|1771178276\n|move|p2a: Jumpluff|Acrobatics|p1a: Porygon2\n|-damage|p1a: Porygon2|15/270 par\n|move|p1a: Porygon2|Recover|p1a: Porygon2\n|-heal|p1a: Porygon2|150/270 par\n|\n|-damage|p2a: Jumpluff|143/271 tox|[from] psn\n|upkeep\n|turn|92\n|\n|t:|1771178282\n|move|p2a: Jumpluff|Acrobatics|p1a: Porygon2\n|-damage|p1a: Porygon2|71/270 par\n|move|p1a: Porygon2|Recover|p1a: Porygon2\n|-heal|p1a: Porygon2|206/270 par\n|\n|-damage|p2a: Jumpluff|111/271 tox|[from] psn\n|upkeep\n|turn|93\n|\n|t:|1771178297\n|move|p2a: Jumpluff|Strength Sap|p1a: Porygon2\n|-unboost|p1a: Porygon2|atk|1\n|-heal|p2a: Jumpluff|271/271 tox\n|move|p1a: Porygon2|Recover|p1a: Porygon2\n|-heal|p1a: Porygon2|270/270 par\n|\n|-damage|p2a: Jumpluff|223/271 tox|[from] psn\n|upkeep\n|turn|94\n|c|☆Fabu555|ggwp\n|\n|t:|1771178305\n|move|p2a: Jumpluff|Acrobatics|p1a: Porygon2\n|-damage|p1a: Porygon2|189/270 par\n|move|p1a: Porygon2|Recover|p1a: Porygon2\n|-heal|p1a: Porygon2|270/270 par\n|\n|-damage|p2a: Jumpluff|159/271 tox|[from] psn\n|upkeep\n|turn|95\n|\n|t:|1771178310\n|move|p2a: Jumpluff|Acrobatics|p1a: Porygon2\n|-damage|p1a: Porygon2|185/270 par\n|cant|p1a: Porygon2|par\n|\n|-damage|p2a: Jumpluff|79/271 tox|[from] psn\n|upkeep\n|turn|96\n|\n|t:|1771178313\n|move|p2a: Jumpluff|Acrobatics|p1a: Porygon2\n|-damage|p1a: Porygon2|97/270 par\n|cant|p1a: Porygon2|par\n|\n|-damage|p2a: Jumpluff|0 fnt|[from] psn\n|faint|p2a: Jumpluff\n|\n|win|ColaGod177013\n|raw|ColaGod177013's rating: 1636 &rarr; <strong>1659</strong><br />(+23 for winning)\n|raw|Fabu555's rating: 1690 &rarr; <strong>1667</strong><br />(-23 for losing)\n", "inputlog": ">version 686819e5e19f8a7fd2345cfc5a08a5085efa2cc3\n>start {\"formatid\":\"gen9randombattle\",\"seed\":\"sodium,5e9e7f459afbfe71752953f7c1fdc363\",\"rated\":\"Rated battle\"}\n>player p1 {\"name\":\"ColaGod177013\",\"avatar\":\"bruno\",\"rating\":1636,\"seed\":\"sodium,0e752f7a085ec3ee836a4089bbb7dfa5\"}\n>player p2 {\"name\":\"Fabu555\",\"avatar\":\"rocketgrunt\",\"rating\":1690,\"seed\":\"sodium,505cb5891f87aed00592320d5886bb52\"}\n>p1 move moongeistbeam\n>p2 move acrobatics\n>p1 move moongeistbeam\n>p2 move acrobatics\n>p1 move moongeistbeam\n>p2 move strengthsap\n>p1 move moongeistbeam\n>p2 move sleeppowder\n>p1 move moongeistbeam\n>p2 move sleeppowder\n>p1 move moongeistbeam\n>p2 move strengthsap\n>p1 move moongeistbeam\n>p2 move acrobatics\n>p1 move calmmind\n>p2 move sleeppowder\n>p1 move moonlight\n>p2 switch 3\n>p1 switch 6\n>p2 move knockoff\n>p1 move gunkshot\n>p2 switch 4\n>p1 move uturn\n>p2 move meteormash\n>p1 switch 5\n>p1 move shadowball\n>p2 switch 4\n>p1 switch 5\n>p2 switch 4\n>p1 move uturn\n>p2 move meteormash\n>p1 switch 5\n>p1 move shoreup\n>p2 switch 3\n>p1 move shadowball\n>p2 move encore\n>p1 switch 5\n>p2 move strengthsap\n>p1 move uturn\n>p2 switch 3\n>p1 switch 5\n>p1 move stealthrock\n>p2 switch 4\n>p1 switch 5\n>p2 move bulkup\n>p1 move moonblast\n>p2 move bodyslam\n>p1 switch 5\n>p2 move knockoff\n>p1 move shoreup\n>p2 switch 2\n>p1 switch 2\n>p2 move surf\n>p1 move thunderwave\n>p2 move bravebird\n>p1 move recover\n>p2 move defog\n>p1 move terablast\n>p2 move bravebird\n>p1 move recover\n>p2 move roost\n>p1 switch 3\n>p2 move bravebird\n>p1 move calmmind\n>p2 switch 3\n>p1 switch 2\n>p2 move encore\n>p1 move stealthrock\n>p2 move sleeppowder\n>p1 move shadowball\n>p2 move encore\n>p1 switch 3\n>p2 switch 5\n>p1 move shadowball\n>p2 move shedtail\n>p2 switch 6\n>p1 move thunderwave\n>p2 move calmmind\n>p1 switch 4\n>p2 move substitute\n>p1 move bravebird\n>p2 move protect\n>p1 move bravebird\n>p2 move scald terastallize\n>p1 switch 5\n>p2 move substitute\n>p1 move uturn\n>p2 move scald\n>p1 switch 4\n>p1 move terablast\n>p2 move calmmind\n>p1 move shadowball\n>p2 move scald\n>p1 move shadowball\n>p2 move substitute\n>p1 switch 5\n>p2 move substitute\n>p1 move closecombat\n>p2 move scald\n>p1 switch 6\n>p1 move calmmind\n>p2 move scald\n>p1 move moonlight\n>p2 move substitute\n>p1 move calmmind\n>p2 move substitute\n>p1 move calmmind\n>p2 move substitute\n>p1 move calmmind\n>p2 move substitute\n>p1 move calmmind\n>p2 move scald\n>p1 move calmmind\n>p2 move scald\n>p1 move focusblast\n>p2 move scald\n>p1 move focusblast\n>p2 move scald\n>p1 move moonlight\n>p2 move protect\n>p1 move focusblast\n>p2 move substitute\n>p1 move focusblast\n>p2 move protect\n>p1 move moongeistbeam\n>p2 move scald\n>p2 switch 2\n>p1 switch 3\n>p2 move knockoff\n>p1 move shadowball\n>p2 switch 5\n>p1 move shadowball\n>p2 move sleeppowder\n>p1 move shadowball\n>p2 move strengthsap\n>p1 move shadowball\n>p2 move acrobatics\n>p1 move shoreup\n>p2 move sleeppowder\n>p1 move shoreup\n>p2 move acrobatics\n>p1 move shoreup\n>p2 move acrobatics\n>p1 move shadowball\n>p2 move encore\n>p1 switch 4\n>p2 move sleeppowder\n>p1 move heatwave\n>p2 switch 4\n>p1 switch 4\n>p2 move meteormash\n>p1 move earthpower\n>p2 switch 5\n>p2 switch 4\n>p1 switch 4\n>p2 move strengthsap\n>p1 move heatwave\n>p2 move acrobatics\n>p1 switch 3\n>p2 move acrobatics\n>p1 move moonlight\n>p2 move strengthsap\n>p1 switch 4\n>p2 move encore\n>p1 switch 3\n>p2 switch 3\n>p1 move gunkshot\n>p2 switch 5\n>p1 move heatwave\n>p2 move swordsdance\n>p1 move moonblast\n>p2 move meteormash\n>p1 switch 5\n>p2 switch 6\n>p1 move recover terastallize\n>p2 move taunt\n>p1 move terablast\n>p2 move knockoff\n>p2 switch 5\n>p1 switch 4\n>p2 move bravebird\n>p1 move calmmind\n>p2 move defog\n>p1 move calmmind\n>p2 move bravebird\n>p1 switch 4\n>p1 move recover\n>p2 move roost\n>p1 move terablast\n>p2 move surf\n>p1 move terablast\n>p2 move roost\n>p2 switch 3\n>p1 move recover\n>p2 move acrobatics\n>p1 move recover\n>p2 move acrobatics\n>p1 move recover\n>p2 move strengthsap\n>chat ☆Fabu555|ggwp\n>p1 move recover\n>p2 move acrobatics\n>p1 move recover\n>p2 move acrobatics\n>p1 move recover\n>p2 move acrobatics", "uploadtime": 1771178319, "views": 16, "formatid": "gen9randombattle", "rating": 1659, "private": 0, "password": null}