{"id": "gen9randombattle-2540522008", "format": "[Gen 9] Random Battle", "players": ["Broken0feather", "treeshhhh"], "log": "|j|☆Broken0feather\n|j|☆treeshhhh\n|t:|1771212630\n|gametype|singles\n|player|p1|Broken0feather|acetrainer-gen4dp|1677\n|player|p2|treeshhhh|169|1708\n|gen|9\n|tier|[Gen 9] Random Battle\n|rated|\n|rule|Species Clause: Limit one of each Pokémon\n|rule|HP Percentage Mod: HP is shown in percentages\n|rule|Sleep Clause Mod: Limit one foe put to sleep\n|rule|Illusion Level Mod: Illusion disguises the Pokémon's true level\n|\n|t:|1771212630\n|teamsize|p1|6\n|teamsize|p2|6\n|start\n|switch|p1a: Mienshao|Mienshao, L83, F|244/244\n|switch|p2a: Magnezone|Magnezone, L85|258/258\n|turn|1\n|inactive|Battle timer is ON: inactive players will automatically lose when time's up. (requested by Broken0feather)\n|\n|t:|1771212646\n|switch|p2a: Enamorus|Enamorus-Therian, L83, F|259/259\n|move|p1a: Mienshao|Fake Out|p2a: Enamorus\n|-damage|p2a: Enamorus|227/259\n|\n|upkeep\n|turn|2\n|inactive|Broken0feather has 120 seconds left.\n|inactive|treeshhhh has 120 seconds left.\n|\n|t:|1771212687\n|move|p1a: Mienshao|U-turn|p2a: Enamorus\n|-resisted|p2a: Enamorus\n|-damage|p2a: Enamorus|214/259\n|\n|t:|1771212689\n|switch|p1a: Hypno|Hypno, L95, M|315/315|[from] U-turn\n|move|p2a: Enamorus|Agility|p2a: Enamorus\n|-boost|p2a: Enamorus|spe|2\n|\n|upkeep\n|turn|3\n|inactive|Broken0feather has 120 seconds left.\n|\n|t:|1771212701\n|switch|p2a: Magnezone|Magnezone, L85|258/258\n|move|p1a: Hypno|Thunder Wave|p2a: Magnezone\n|-immune|p2a: Magnezone\n|\n|upkeep\n|turn|4\n|inactive|Broken0feather has 120 seconds left.\n|\n|t:|1771212712\n|move|p1a: Hypno|Knock Off|p2a: Magnezone\n|-damage|p2a: Magnezone|199/258\n|-enditem|p2a: Magnezone|Leftovers|[from] move: Knock Off|[of] p1a: Hypno\n|move|p2a: Magnezone|Thunderbolt|p1a: Hypno\n|-damage|p1a: Hypno|188/315\n|\n|-heal|p1a: Hypno|207/315|[from] item: Leftovers\n|upkeep\n|turn|5\n|\n|t:|1771212719\n|switch|p1a: Toedscruel|Toedscruel, L87, F|281/281\n|move|p2a: Magnezone|Thunderbolt|p1a: Toedscruel\n|-immune|p1a: Toedscruel\n|\n|upkeep\n|turn|6\n|\n|t:|1771212728\n|switch|p2a: Brambleghast|Brambleghast, L88, F|240/240\n|move|p1a: Toedscruel|Spore|p2a: Brambleghast\n|-immune|p2a: Brambleghast\n|\n|upkeep\n|turn|7\n|\n|t:|1771212736\n|switch|p1a: Yanmega|Yanmega, L82, F|275/275\n|move|p2a: Brambleghast|Power Whip|p1a: Yanmega|[miss]\n|-miss|p2a: Brambleghast|p1a: Yanmega\n|\n|upkeep\n|turn|8\n|\n|t:|1771212749\n|switch|p2a: Magnezone|Magnezone, L85|199/258\n|move|p1a: Yanmega|U-turn|p2a: Magnezone\n|-resisted|p2a: Magnezone\n|-damage|p2a: Magnezone|151/258\n|\n|t:|1771212759\n|switch|p1a: Houndoom|Houndoom, L87, M|272/272|[from] U-turn\n|\n|upkeep\n|turn|9\n|\n|t:|1771212768\n|switch|p2a: Hitmonchan|Hitmonchan, L87, M|229/229\n|move|p1a: Houndoom|Nasty Plot|p1a: Houndoom\n|-boost|p1a: Houndoom|spa|2\n|\n|upkeep\n|turn|10\n|\n|t:|1771212779\n|switch|p1a: Hypno|Hypno, L95, M|207/315\n|move|p2a: Hitmonchan|Drain Punch|p1a: Hypno\n|-resisted|p1a: Hypno\n|-damage|p1a: Hypno|150/315\n|\n|-heal|p1a: Hypno|169/315|[from] item: Leftovers\n|upkeep\n|turn|11\n|\n|t:|1771212788\n|move|p2a: Hitmonchan|Knock Off|p1a: Hypno\n|-supereffective|p1a: Hypno\n|-damage|p1a: Hypno|17/315\n|-enditem|p1a: Hypno|Leftovers|[from] move: Knock Off|[of] p2a: Hitmonchan\n|move|p1a: Hypno|Psychic Noise|p2a: Hitmonchan\n|-supereffective|p2a: Hitmonchan\n|-damage|p2a: Hitmonchan|95/229\n|-start|p2a: Hitmonchan|move: Heal Block\n|\n|upkeep\n|turn|12\n|\n|t:|1771212797\n|move|p2a: Hitmonchan|Rapid Spin|p1a: Hypno\n|-damage|p1a: Hypno|0 fnt\n|-boost|p2a: Hitmonchan|spe|1\n|faint|p1a: Hypno\n|\n|-end|p2a: Hitmonchan|move: Heal Block\n|upkeep\n|\n|t:|1771212804\n|switch|p1a: Yanmega|Yanmega, L82, F|275/275\n|turn|13\n|\n|t:|1771212824\n|move|p2a: Hitmonchan|Knock Off|p1a: Yanmega\n|-damage|p1a: Yanmega|197/275\n|-enditem|p1a: Yanmega|Choice Specs|[from] move: Knock Off|[of] p2a: Hitmonchan\n|move|p1a: Yanmega|Bug Buzz|p2a: Hitmonchan\n|-resisted|p2a: Hitmonchan\n|-damage|p2a: Hitmonchan|17/229\n|\n|-heal|p2a: Hitmonchan|31/229|[from] item: Leftovers\n|upkeep\n|turn|14\n|\n|t:|1771212832\n|switch|p2a: Enamorus|Enamorus-Therian, L83, F|214/259\n|move|p1a: Yanmega|Bug Buzz|p2a: Enamorus\n|-resisted|p2a: Enamorus\n|-damage|p2a: Enamorus|164/259\n|\n|upkeep\n|turn|15\n|\n|t:|1771212841\n|move|p1a: Yanmega|Air Slash|p2a: Enamorus\n|-damage|p2a: Enamorus|85/259\n|move|p2a: Enamorus|Moonblast|p1a: Yanmega\n|-damage|p1a: Yanmega|5/275\n|\n|upkeep\n|turn|16\n|\n|t:|1771212846\n|move|p1a: Yanmega|Air Slash|p2a: Enamorus\n|-damage|p2a: Enamorus|6/259\n|cant|p2a: Enamorus|flinch\n|\n|upkeep\n|turn|17\n|\n|t:|1771212850\n|move|p1a: Yanmega|Air Slash|p2a: Enamorus\n|-damage|p2a: Enamorus|0 fnt\n|faint|p2a: Enamorus\n|\n|upkeep\n|\n|t:|1771212868\n|switch|p2a: Furret|Furret, L94, M|312/312\n|turn|18\n|\n|t:|1771212875\n|move|p2a: Furret|U-turn|p1a: Yanmega\n|-resisted|p1a: Yanmega\n|-damage|p1a: Yanmega|0 fnt\n|faint|p1a: Yanmega\n|\n|t:|1771212886\n|switch|p2a: Brambleghast|Brambleghast, L88, F|240/240|[from] U-turn\n|\n|upkeep\n|\n|t:|1771212892\n|switch|p1a: Houndoom|Houndoom, L87, M|272/272\n|turn|19\n|\n|t:|1771212911\n|switch|p2a: Hitmonchan|Hitmonchan, L87, M|31/229\n|move|p1a: Houndoom|Nasty Plot|p1a: Houndoom\n|-boost|p1a: Houndoom|spa|2\n|\n|-heal|p2a: Hitmonchan|45/229|[from] item: Leftovers\n|upkeep\n|turn|20\n|\n|t:|1771212918\n|move|p1a: Houndoom|Sucker Punch|p2a: Hitmonchan\n|-resisted|p2a: Hitmonchan\n|-damage|p2a: Hitmonchan|7/229\n|move|p2a: Hitmonchan|Drain Punch|p1a: Houndoom\n|-supereffective|p1a: Houndoom\n|-damage|p1a: Houndoom|0 fnt\n|-heal|p2a: Hitmonchan|143/229|[from] drain|[of] p1a: Houndoom\n|faint|p1a: Houndoom\n|\n|-heal|p2a: Hitmonchan|157/229|[from] item: Leftovers\n|upkeep\n|\n|t:|1771212926\n|switch|p1a: Enamorus|Enamorus, L79, F|247/247\n|turn|21\n|\n|t:|1771212945\n|move|p1a: Enamorus|Substitute|p1a: Enamorus\n|-start|p1a: Enamorus|Substitute\n|-damage|p1a: Enamorus|186/247\n|move|p2a: Hitmonchan|Rapid Spin|p1a: Enamorus\n|-activate|p1a: Enamorus|move: Substitute|[damage]\n|-boost|p2a: Hitmonchan|spe|1\n|\n|-heal|p2a: Hitmonchan|171/229|[from] item: Leftovers\n|-heal|p1a: Enamorus|201/247|[from] item: Leftovers\n|upkeep\n|turn|22\n|\n|t:|1771212955\n|move|p2a: Hitmonchan|Knock Off|p1a: Enamorus\n|-resisted|p1a: Enamorus\n|-end|p1a: Enamorus|Substitute\n|move|p1a: Enamorus|Play Rough|p2a: Hitmonchan\n|-supereffective|p2a: Hitmonchan\n|-damage|p2a: Hitmonchan|0 fnt\n|faint|p2a: Hitmonchan\n|\n|-heal|p1a: Enamorus|216/247|[from] item: Leftovers\n|upkeep\n|\n|t:|1771212969\n|switch|p2a: Furret|Furret, L94, M|312/312\n|-item|p1a: Enamorus|Leftovers|[from] ability: Frisk|[of] p2a: Furret\n|turn|23\n|\n|t:|1771212975\n|move|p2a: Furret|Double-Edge|p1a: Enamorus\n|-damage|p1a: Enamorus|0 fnt\n|faint|p1a: Enamorus\n|-damage|p2a: Furret|241/312|[from] Recoil\n|\n|upkeep\n|\n|t:|1771212983\n|switch|p1a: Mienshao|Mienshao, L83, F|244/244\n|turn|24\n|\n|t:|1771212988\n|switch|p2a: Brambleghast|Brambleghast, L88, F|240/240\n|move|p1a: Mienshao|Fake Out|p2a: Brambleghast\n|-immune|p2a: Brambleghast\n|\n|upkeep\n|turn|25\n|\n|t:|1771212996\n|move|p1a: Mienshao|Knock Off|p2a: Brambleghast\n|-supereffective|p2a: Brambleghast\n|-damage|p2a: Brambleghast|68/240\n|-enditem|p2a: Brambleghast|Leftovers|[from] move: Knock Off|[of] p1a: Mienshao\n|move|p2a: Brambleghast|Power Whip|p1a: Mienshao\n|-damage|p1a: Mienshao|46/244\n|\n|upkeep\n|turn|26\n|\n|t:|1771213003\n|switch|p2a: Magnezone|Magnezone, L85|151/258\n|move|p1a: Mienshao|Knock Off|p2a: Magnezone\n|-damage|p2a: Magnezone|103/258\n|\n|upkeep\n|turn|27\n|\n|t:|1771213008\n|move|p1a: Mienshao|Close Combat|p2a: Magnezone\n|-supereffective|p2a: Magnezone\n|-damage|p2a: Magnezone|0 fnt\n|-unboost|p1a: Mienshao|def|1\n|-unboost|p1a: Mienshao|spd|1\n|faint|p2a: Magnezone\n|\n|upkeep\n|\n|t:|1771213012\n|switch|p2a: Furret|Furret, L94, M|241/312\n|-item|p1a: Mienshao|Assault Vest|[from] ability: Frisk|[of] p2a: Furret\n|turn|28\n|\n|t:|1771213016\n|move|p2a: Furret|U-turn|p1a: Mienshao\n|-resisted|p1a: Mienshao\n|-damage|p1a: Mienshao|0 fnt\n|faint|p1a: Mienshao\n|\n|t:|1771213019\n|switch|p2a: Baxcalibur|Baxcalibur, L75, F|295/295|[from] U-turn\n|\n|upkeep\n|\n|t:|1771213021\n|switch|p1a: Toedscruel|Toedscruel, L87, F|281/281\n|turn|29\n|\n|t:|1771213042\n|switch|p2a: Brambleghast|Brambleghast, L88, F|68/240\n|-terastallize|p1a: Toedscruel|Water\n|move|p1a: Toedscruel|Spore|p2a: Brambleghast\n|-immune|p2a: Brambleghast\n|\n|upkeep\n|turn|30\n|-message|Broken0feather forfeited.\n|\n|win|treeshhhh\n|raw|Broken0feather's rating: 1677 &rarr; <strong>1659</strong><br />(-18 for losing)\n|raw|treeshhhh's rating: 1708 &rarr; <strong>1726</strong><br />(+18 for winning)\n|l|☆Broken0feather\n|player|p1|\n", "inputlog": ">version 686819e5e19f8a7fd2345cfc5a08a5085efa2cc3\n>start {\"formatid\":\"gen9randombattle\",\"seed\":\"sodium,9b30660c4668adb09abdde47b0833f7b\",\"rated\":\"Rated battle\"}\n>player p1 {\"name\":\"Broken0feather\",\"avatar\":\"acetrainer-gen4dp\",\"rating\":1677,\"seed\":\"sodium,8dbcf56f54e656caad41887064470670\"}\n>player p2 {\"name\":\"treeshhhh\",\"avatar\":\"169\",\"rating\":1708,\"seed\":\"sodium,fc3150a0eda8d27724f5b2e2d191222c\"}\n>p1 move fakeout\n>p2 switch 3\n>p1 move uturn\n>p2 move agility\n>p1 switch 3\n>p1 move thunderwave\n>p2 switch 3\n>p1 move knockoff\n>p2 move thunderbolt\n>p1 switch 2\n>p2 move thunderbolt\n>p1 move spore\n>p2 switch 6\n>p1 switch 6\n>p2 move powerwhip\n>p1 move uturn\n>p2 switch 6\n>p1 switch 5\n>p1 move nastyplot\n>p2 switch 4\n>p1 switch 2\n>p2 move drainpunch\n>p1 move psychicnoise\n>p2 move knockoff\n>p1 move psychicnoise\n>p2 move rapidspin\n>p1 switch 5\n>p1 move bugbuzz\n>p2 move knockoff\n>p1 move bugbuzz\n>p2 switch 3\n>p1 move airslash\n>p2 move moonblast\n>p1 move airslash\n>p2 move moonblast\n>p1 move airslash\n>p2 move moonblast\n>p2 switch 2\n>p1 move bugbuzz\n>p2 move uturn\n>p2 switch 6\n>p1 switch 2\n>p1 move nastyplot\n>p2 switch 3\n>p1 move suckerpunch\n>p2 move drainpunch\n>p1 switch 4\n>p1 move substitute\n>p2 move rapidspin\n>p1 move playrough\n>p2 move knockoff\n>p2 switch 6\n>p1 move substitute\n>p2 move doubleedge\n>p1 switch 3\n>p1 move fakeout\n>p2 switch 3\n>p1 move knockoff\n>p2 move powerwhip\n>p1 move knockoff\n>p2 switch 4\n>p1 move closecombat\n>p2 move flashcannon\n>p2 switch 3\n>p1 move closecombat\n>p2 move uturn\n>p2 switch 5\n>p1 switch 6\n>p1 move spore terastallize\n>p2 switch 4\n>forcelose p1", "uploadtime": 1771213053, "views": 9, "formatid": "gen9randombattle", "rating": 1659, "private": 0, "password": null}