{"id": "gen9randombattle-2540533729", "format": "[Gen 9] Random Battle", "players": ["ViPa", "Papi Draieul"], "log": "|j|☆ViPa\n|j|☆Papi Draieul\n|t:|1771214208\n|gametype|singles\n|player|p1|ViPa|2|2014\n|player|p2|Papi Draieul|265|2029\n|gen|9\n|tier|[Gen 9] Random Battle\n|rated|\n|rule|Species Clause: Limit one of each Pokémon\n|rule|HP Percentage Mod: HP is shown in percentages\n|rule|Sleep Clause Mod: Limit one foe put to sleep\n|rule|Illusion Level Mod: Illusion disguises the Pokémon's true level\n|\n|t:|1771214208\n|teamsize|p1|6\n|teamsize|p2|6\n|start\n|switch|p1a: Sawsbuck|Sawsbuck-Autumn, L88, M|284/284\n|switch|p2a: Fezandipiti|Fezandipiti, L82, M|278/278\n|turn|1\n|\n|t:|1771214246\n|switch|p1a: Skuntank|Skuntank, L84, M|310/310\n|move|p2a: Fezandipiti|Gunk Shot|p1a: Skuntank\n|-resisted|p1a: Skuntank\n|-damage|p1a: Skuntank|238/310\n|\n|upkeep\n|turn|2\n|\n|t:|1771214258\n|move|p2a: Fezandipiti|Moonblast|p1a: Skuntank\n|-crit|p1a: Skuntank\n|-damage|p1a: Skuntank|142/310\n|-unboost|p1a: Skuntank|spa|1\n|move|p1a: Skuntank|Gunk Shot|p2a: Fezandipiti|[miss]\n|-miss|p1a: Skuntank|p2a: Fezandipiti\n|\n|upkeep\n|turn|3\n|\n|t:|1771214283\n|move|p2a: Fezandipiti|U-turn|p1a: Skuntank\n|-damage|p1a: Skuntank|86/310\n|\n|t:|1771214312\n|switch|p2a: Vileplume|Vileplume, L85, M|266/266|[from] U-turn\n|move|p1a: Skuntank|Gunk Shot|p2a: Vileplume|[miss]\n|-miss|p1a: Skuntank|p2a: Vileplume\n|\n|upkeep\n|turn|4\n|\n|t:|1771214322\n|move|p1a: Skuntank|Knock Off|p2a: Vileplume\n|-damage|p2a: Vileplume|170/266\n|-enditem|p2a: Vileplume|Leftovers|[from] move: Knock Off|[of] p1a: Skuntank\n|move|p2a: Vileplume|Strength Sap|p1a: Skuntank\n|-unboost|p1a: Skuntank|atk|1\n|-heal|p2a: Vileplume|266/266\n|\n|upkeep\n|turn|5\n|\n|t:|1771214344\n|move|p1a: Skuntank|Fire Blast|p2a: Vileplume\n|-supereffective|p2a: Vileplume\n|-damage|p2a: Vileplume|182/266\n|move|p2a: Vileplume|Sludge Bomb|p1a: Skuntank\n|-resisted|p1a: Skuntank\n|-damage|p1a: Skuntank|35/310\n|\n|upkeep\n|turn|6\n|\n|t:|1771214356\n|move|p1a: Skuntank|Fire Blast|p2a: Vileplume|[miss]\n|-miss|p1a: Skuntank|p2a: Vileplume\n|move|p2a: Vileplume|Strength Sap|p1a: Skuntank\n|-unboost|p1a: Skuntank|atk|1\n|-heal|p2a: Vileplume|266/266\n|\n|upkeep\n|turn|7\n|\n|t:|1771214365\n|move|p1a: Skuntank|Fire Blast|p2a: Vileplume\n|-supereffective|p2a: Vileplume\n|-damage|p2a: Vileplume|192/266\n|move|p2a: Vileplume|Sludge Bomb|p1a: Skuntank\n|-resisted|p1a: Skuntank\n|-damage|p1a: Skuntank|0 fnt\n|faint|p1a: Skuntank\n|\n|upkeep\n|\n|t:|1771214388\n|switch|p1a: Vespiquen|Vespiquen, L99, F|299/299\n|-ability|p1a: Vespiquen|Pressure\n|turn|8\n|\n|t:|1771214406\n|switch|p2a: Fezandipiti|Fezandipiti, L82, M|278/278\n|move|p1a: Vespiquen|Hurricane|p2a: Fezandipiti|[miss]\n|-miss|p1a: Vespiquen|p2a: Fezandipiti\n|\n|upkeep\n|turn|9\n|c|☆ViPa|one day i'll land an attack\n|\n|t:|1771214450\n|switch|p1a: Muk|Muk-Alola, L82, F|306/306\n|move|p2a: Fezandipiti|Gunk Shot|p1a: Muk\n|-resisted|p1a: Muk\n|-damage|p1a: Muk|240/306\n|\n|upkeep\n|turn|10\n|\n|t:|1771214461\n|move|p2a: Fezandipiti|U-turn|p1a: Muk\n|-damage|p1a: Muk|186/306\n|\n|t:|1771214464\n|switch|p2a: Vileplume|Vileplume, L85, M|192/266|[from] U-turn\n|move|p1a: Muk|Gunk Shot|p2a: Vileplume|[miss]\n|-miss|p1a: Muk|p2a: Vileplume\n|\n|upkeep\n|turn|11\n|\n|t:|1771214477\n|switch|p1a: Vespiquen|Vespiquen, L99, F|299/299\n|-ability|p1a: Vespiquen|Pressure\n|move|p2a: Vileplume|Sludge Bomb|p1a: Vespiquen\n|-damage|p1a: Vespiquen|223/299\n|\n|upkeep\n|turn|12\n|\n|t:|1771214485\n|switch|p2a: Fezandipiti|Fezandipiti, L82, M|278/278\n|move|p1a: Vespiquen|Hurricane|p2a: Fezandipiti|[miss]\n|-miss|p1a: Vespiquen|p2a: Fezandipiti\n|\n|upkeep\n|turn|13\n|c|☆ViPa|still waiting\n|\n|t:|1771214507\n|switch|p1a: Muk|Muk-Alola, L82, F|186/306\n|move|p2a: Fezandipiti|Moonblast|p1a: Muk\n|-damage|p1a: Muk|135/306\n|-unboost|p1a: Muk|spa|1\n|\n|upkeep\n|turn|14\n|\n|t:|1771214516\n|move|p2a: Fezandipiti|U-turn|p1a: Muk\n|-damage|p1a: Muk|85/306\n|\n|t:|1771214518\n|switch|p2a: Vileplume|Vileplume, L85, M|192/266|[from] U-turn\n|move|p1a: Muk|Ice Punch|p2a: Vileplume\n|-supereffective|p2a: Vileplume\n|-damage|p2a: Vileplume|76/266\n|\n|upkeep\n|turn|15\n|\n|t:|1771214527\n|switch|p1a: Vespiquen|Vespiquen, L99, F|223/299\n|-ability|p1a: Vespiquen|Pressure\n|move|p2a: Vileplume|Strength Sap|p1a: Vespiquen\n|-unboost|p1a: Vespiquen|atk|1\n|-heal|p2a: Vileplume|266/266\n|\n|upkeep\n|turn|16\n|\n|t:|1771214532\n|switch|p2a: Fezandipiti|Fezandipiti, L82, M|278/278\n|move|p1a: Vespiquen|Hurricane|p2a: Fezandipiti|[miss]\n|-miss|p1a: Vespiquen|p2a: Fezandipiti\n|\n|upkeep\n|turn|17\n|\n|t:|1771214540\n|move|p2a: Fezandipiti|Moonblast|p1a: Vespiquen\n|-damage|p1a: Vespiquen|163/299\n|-unboost|p1a: Vespiquen|spa|1\n|-status|p1a: Vespiquen|tox|[from] ability: Toxic Chain|[of] p2a: Fezandipiti\n|move|p1a: Vespiquen|Roost|p1a: Vespiquen\n|-heal|p1a: Vespiquen|299/299 tox\n|-singleturn|p1a: Vespiquen|move: Roost\n|\n|-damage|p1a: Vespiquen|281/299 tox|[from] psn\n|upkeep\n|turn|18\n|\n|t:|1771214555\n|switch|p1a: Muk|Muk-Alola, L82, F|85/306\n|move|p2a: Fezandipiti|Heat Wave|p1a: Muk\n|-damage|p1a: Muk|55/306\n|\n|upkeep\n|turn|19\n|\n|t:|1771214565\n|move|p2a: Fezandipiti|Moonblast|p1a: Muk\n|-damage|p1a: Muk|6/306\n|move|p1a: Muk|Gunk Shot|p2a: Fezandipiti\n|-damage|p2a: Fezandipiti|149/278\n|\n|upkeep\n|turn|20\n|\n|t:|1771214577\n|move|p1a: Muk|Shadow Sneak|p2a: Fezandipiti\n|-damage|p2a: Fezandipiti|118/278\n|move|p2a: Fezandipiti|U-turn|p1a: Muk\n|-damage|p1a: Muk|0 fnt\n|faint|p1a: Muk\n|\n|t:|1771214583\n|switch|p2a: Vileplume|Vileplume, L85, M|266/266|[from] U-turn\n|\n|upkeep\n|\n|t:|1771214588\n|switch|p1a: Vespiquen|Vespiquen, L99, F|281/299 tox\n|-ability|p1a: Vespiquen|Pressure\n|turn|21\n|\n|t:|1771214595\n|switch|p2a: Primarina|Primarina, L83, F|268/268\n|move|p1a: Vespiquen|Hurricane|p2a: Primarina\n|-damage|p2a: Primarina|145/268\n|-start|p2a: Primarina|confusion\n|\n|-heal|p2a: Primarina|161/268|[from] item: Leftovers\n|-damage|p1a: Vespiquen|263/299 tox|[from] psn\n|upkeep\n|turn|22\n|\n|t:|1771214607\n|-activate|p2a: Primarina|confusion\n|move|p2a: Primarina|Calm Mind|p2a: Primarina\n|-boost|p2a: Primarina|spa|1\n|-boost|p2a: Primarina|spd|1\n|move|p1a: Vespiquen|U-turn|p2a: Primarina\n|-resisted|p2a: Primarina\n|-damage|p2a: Primarina|115/268\n|\n|t:|1771214619\n|switch|p1a: Sawsbuck|Sawsbuck-Autumn, L88, M|284/284|[from] U-turn\n|\n|-heal|p2a: Primarina|131/268|[from] item: Leftovers\n|upkeep\n|turn|23\n|\n|t:|1771214627\n|-terastallize|p2a: Primarina|Steel\n|move|p1a: Sawsbuck|Swords Dance|p1a: Sawsbuck\n|-boost|p1a: Sawsbuck|atk|2\n|-end|p2a: Primarina|confusion\n|move|p2a: Primarina|Draining Kiss|p1a: Sawsbuck\n|-damage|p1a: Sawsbuck|176/284\n|-heal|p2a: Primarina|212/268|[from] drain|[of] p1a: Sawsbuck\n|\n|-heal|p2a: Primarina|228/268|[from] item: Leftovers\n|upkeep\n|turn|24\n|\n|t:|1771214638\n|switch|p2a: Sinistcha|Sinistcha-Masterpiece, L83|254/254\n|move|p1a: Sawsbuck|High Horsepower|p2a: Sinistcha\n|-resisted|p2a: Sinistcha\n|-damage|p2a: Sinistcha|175/254\n|-damage|p1a: Sawsbuck|148/284|[from] item: Life Orb\n|\n|-heal|p2a: Sinistcha|190/254|[from] item: Leftovers\n|upkeep\n|turn|25\n|\n|t:|1771214653\n|switch|p1a: Vespiquen|Vespiquen, L99, F|263/299 tox\n|-ability|p1a: Vespiquen|Pressure\n|switch|p2a: Vileplume|Vileplume, L85, M|266/266\n|\n|-damage|p1a: Vespiquen|245/299 tox|[from] psn\n|upkeep\n|turn|26\n|\n|t:|1771214662\n|switch|p2a: Fezandipiti|Fezandipiti, L82, M|118/278\n|move|p1a: Vespiquen|Hurricane|p2a: Fezandipiti|[miss]\n|-miss|p1a: Vespiquen|p2a: Fezandipiti\n|\n|-damage|p1a: Vespiquen|209/299 tox|[from] psn\n|upkeep\n|turn|27\n|\n|t:|1771214670\n|move|p2a: Fezandipiti|Heat Wave|p1a: Vespiquen\n|-supereffective|p1a: Vespiquen\n|-damage|p1a: Vespiquen|135/299 tox\n|move|p1a: Vespiquen|Hurricane|p2a: Fezandipiti\n|-damage|p2a: Fezandipiti|48/278\n|\n|-damage|p1a: Vespiquen|81/299 tox|[from] psn\n|upkeep\n|turn|28\n|\n|t:|1771214680\n|move|p2a: Fezandipiti|Gunk Shot|p1a: Vespiquen\n|-damage|p1a: Vespiquen|0 fnt\n|faint|p1a: Vespiquen\n|\n|upkeep\n|\n|t:|1771214696\n|switch|p1a: Sawsbuck|Sawsbuck-Autumn, L88, M|148/284\n|turn|29\n|\n|t:|1771214711\n|move|p1a: Sawsbuck|High Horsepower|p2a: Fezandipiti\n|-supereffective|p2a: Fezandipiti\n|-damage|p2a: Fezandipiti|0 fnt\n|faint|p2a: Fezandipiti\n|-damage|p1a: Sawsbuck|120/284|[from] item: Life Orb\n|\n|upkeep\n|\n|t:|1771214718\n|switch|p2a: Vileplume|Vileplume, L85, M|266/266\n|turn|30\n|\n|t:|1771214728\n|move|p1a: Sawsbuck|Double-Edge|p2a: Vileplume\n|-damage|p2a: Vileplume|91/266\n|-damage|p1a: Sawsbuck|62/284|[from] Recoil\n|-damage|p1a: Sawsbuck|34/284|[from] item: Life Orb\n|move|p2a: Vileplume|Sludge Bomb|p1a: Sawsbuck\n|-supereffective|p1a: Sawsbuck\n|-damage|p1a: Sawsbuck|0 fnt\n|faint|p1a: Sawsbuck\n|\n|upkeep\n|\n|t:|1771214738\n|switch|p1a: Thundurus|Thundurus, L80, M|258/258\n|turn|31\n|\n|t:|1771214749\n|move|p1a: Thundurus|Nasty Plot|p1a: Thundurus\n|-boost|p1a: Thundurus|spa|2\n|move|p2a: Vileplume|Sludge Bomb|p1a: Thundurus\n|-damage|p1a: Thundurus|131/258\n|\n|upkeep\n|turn|32\n|\n|t:|1771214770\n|-terastallize|p1a: Thundurus|Flying\n|move|p1a: Thundurus|Tera Blast|p2a: Vileplume|[anim] Tera Blast Flying\n|-supereffective|p2a: Vileplume\n|-damage|p2a: Vileplume|0 fnt\n|faint|p2a: Vileplume\n|\n|upkeep\n|\n|t:|1771214778\n|switch|p2a: Bruxish|Bruxish, L85, F|254/254\n|turn|33\n|\n|t:|1771214782\n|move|p2a: Bruxish|Aqua Jet|p1a: Thundurus\n|-damage|p1a: Thundurus|50/258\n|move|p1a: Thundurus|Thunderbolt|p2a: Bruxish\n|-supereffective|p2a: Bruxish\n|-damage|p2a: Bruxish|0 fnt\n|faint|p2a: Bruxish\n|\n|upkeep\n|\n|t:|1771214790\n|switch|p2a: Baxcalibur|Baxcalibur, L75, F|296/296\n|turn|34\n|\n|t:|1771214795\n|move|p1a: Thundurus|Focus Blast|p2a: Baxcalibur\n|-supereffective|p2a: Baxcalibur\n|-damage|p2a: Baxcalibur|0 fnt\n|faint|p2a: Baxcalibur\n|\n|upkeep\n|\n|t:|1771214802\n|switch|p2a: Primarina|Primarina, L83, F, tera:Steel|228/268\n|turn|35\n|\n|t:|1771214808\n|move|p1a: Thundurus|Focus Blast|p2a: Primarina\n|-supereffective|p2a: Primarina\n|-damage|p2a: Primarina|0 fnt\n|faint|p2a: Primarina\n|\n|upkeep\n|-message|Papi Draieul forfeited.\n|\n|win|ViPa\n|raw|ViPa's rating: 2014 &rarr; <strong>2035</strong><br />(+21 for winning)\n|raw|Papi Draieul's rating: 2029 &rarr; <strong>2008</strong><br />(-21 for losing)\n|l|☆Papi Draieul\n|player|p2|\n", "inputlog": ">version 686819e5e19f8a7fd2345cfc5a08a5085efa2cc3\n>start {\"formatid\":\"gen9randombattle\",\"seed\":\"sodium,5e2ab1a517208a50d8ed4487bafe069d\",\"rated\":\"Rated battle\"}\n>player p1 {\"name\":\"ViPa\",\"avatar\":\"2\",\"rating\":2014,\"seed\":\"sodium,80bd6280535e51aa3c122bb0e4b6f9ab\"}\n>player p2 {\"name\":\"Papi Draieul\",\"avatar\":\"265\",\"rating\":2029,\"seed\":\"sodium,f8b016345d533155381818b8b5bd6406\"}\n>p1 switch 2\n>p2 move gunkshot\n>p1 move gunkshot\n>p2 move moonblast\n>p1 move gunkshot\n>p2 move uturn\n>p2 switch 2\n>p1 move knockoff\n>p2 move strengthsap\n>p1 move fireblast\n>p2 move sludgebomb\n>p1 move fireblast\n>p2 move strengthsap\n>p1 move fireblast\n>p2 move sludgebomb\n>p1 switch 5\n>p1 move hurricane\n>p2 switch 2\n>chat ☆ViPa|one day i'll land an attack\n>p1 switch 4\n>p2 move gunkshot\n>p1 move gunkshot\n>p2 move uturn\n>p2 switch 2\n>p1 switch 4\n>p2 move sludgebomb\n>p1 move hurricane\n>p2 switch 2\n>chat ☆ViPa|still waiting\n>p1 switch 4\n>p2 move moonblast\n>p1 move icepunch\n>p2 move uturn\n>p2 switch 2\n>p1 switch 4\n>p2 move strengthsap\n>p1 move hurricane\n>p2 switch 2\n>p1 move roost\n>p2 move moonblast\n>p1 switch 4\n>p2 move heatwave\n>p1 move gunkshot\n>p2 move moonblast\n>p1 move shadowsneak\n>p2 move uturn\n>p2 switch 2\n>p1 switch 4\n>p1 move hurricane\n>p2 switch 4\n>p1 move uturn\n>p2 move calmmind\n>p1 switch 2\n>p1 move swordsdance\n>p2 move drainingkiss terastallize\n>p1 move highhorsepower\n>p2 switch 5\n>p1 switch 2\n>p2 switch 4\n>p1 move hurricane\n>p2 switch 2\n>p1 move hurricane\n>p2 move heatwave\n>p1 move hurricane\n>p2 move gunkshot\n>p1 switch 2\n>p1 move highhorsepower\n>p2 move heatwave\n>p2 switch 2\n>p1 move doubleedge\n>p2 move sludgebomb\n>p1 switch 3\n>p1 move nastyplot\n>p2 move sludgebomb\n>p1 move terablast terastallize\n>p2 move sludgebomb\n>p2 switch 3\n>p1 move thunderbolt\n>p2 move aquajet\n>p2 switch 6\n>p1 move focusblast\n>p2 move dragondance\n>p2 switch 5\n>p1 move focusblast\n>p2 move moonblast\n>forcelose p2", "uploadtime": 1771214819, "views": 12, "formatid": "gen9randombattle", "rating": 2008, "private": 0, "password": null}