{"id": "gen9randombattle-2540525803", "format": "[Gen 9] Random Battle", "players": ["MeAndTheBorthers", "wadeiswadeiwade"], "log": "|j|☆MeAndTheBorthers\n|j|☆wadeiswadeiwade\n|t:|1771213139\n|gametype|singles\n|player|p1|MeAndTheBorthers|iris-gen5bw2|1764\n|player|p2|wadeiswadeiwade|2|1717\n|gen|9\n|tier|[Gen 9] Random Battle\n|rated|\n|rule|Species Clause: Limit one of each Pokémon\n|rule|HP Percentage Mod: HP is shown in percentages\n|rule|Sleep Clause Mod: Limit one foe put to sleep\n|rule|Illusion Level Mod: Illusion disguises the Pokémon's true level\n|\n|t:|1771213139\n|teamsize|p1|6\n|teamsize|p2|6\n|start\n|switch|p1a: Hoopa|Hoopa, L85|275/275\n|switch|p2a: Poliwrath|Poliwrath, L88, M|302/302\n|turn|1\n|\n|t:|1771213159\n|switch|p2a: Clawitzer|Clawitzer, L87, M|265/265\n|move|p1a: Hoopa|Psychic|p2a: Clawitzer\n|-damage|p2a: Clawitzer|136/265\n|-damage|p1a: Hoopa|248/275|[from] item: Life Orb\n|\n|upkeep\n|turn|2\n|\n|t:|1771213181\n|move|p1a: Hoopa|Nasty Plot|p1a: Hoopa\n|-boost|p1a: Hoopa|spa|2\n|move|p2a: Clawitzer|Water Pulse|p1a: Hoopa\n|-damage|p1a: Hoopa|154/275\n|\n|upkeep\n|turn|3\n|inactive|Battle timer is ON: inactive players will automatically lose when time's up. (requested by MeAndTheBorthers)\n|\n|t:|1771213186\n|move|p1a: Hoopa|Shadow Ball|p2a: Clawitzer\n|-damage|p2a: Clawitzer|0 fnt\n|faint|p2a: Clawitzer\n|-damage|p1a: Hoopa|127/275|[from] item: Life Orb\n|\n|upkeep\n|\n|t:|1771213199\n|switch|p2a: Weavile|Weavile, L79, F|240/240\n|turn|4\n|\n|t:|1771213214\n|switch|p1a: Poliwrath|Poliwrath, L88, F|302/302\n|move|p2a: Weavile|Knock Off|p1a: Poliwrath\n|-resisted|p1a: Poliwrath\n|-damage|p1a: Poliwrath|251/302\n|-enditem|p1a: Poliwrath|Life Orb|[from] move: Knock Off|[of] p2a: Weavile\n|\n|upkeep\n|turn|5\n|\n|t:|1771213240\n|switch|p2a: Gallade|Gallade, L80, M|240/240\n|move|p1a: Poliwrath|Liquidation|p2a: Gallade\n|-damage|p2a: Gallade|108/240\n|\n|upkeep\n|turn|6\n|\n|t:|1771213252\n|switch|p1a: Meowscarada|Meowscarada, L78, M|247/247\n|move|p2a: Gallade|Psycho Cut|p1a: Meowscarada\n|-immune|p1a: Meowscarada\n|\n|upkeep\n|turn|7\n|\n|t:|1771213270\n|switch|p2a: Registeel|Registeel, L81|262/262\n|move|p1a: Meowscarada|Toxic Spikes|p2a: Registeel\n|-start|p1a: Meowscarada|typechange|Poison|[from] ability: Protean\n|-sidestart|p2: wadeiswadeiwade|move: Toxic Spikes\n|\n|upkeep\n|turn|8\n|\n|t:|1771213281\n|switch|p1a: Pikachu|Pikachu-Original, L93, M|216/216\n|move|p2a: Registeel|Thunder Wave|p1a: Pikachu\n|-ability|p1a: Pikachu|Lightning Rod|boost\n|-boost|p1a: Pikachu|spa|1\n|\n|upkeep\n|turn|9\n|\n|t:|1771213291\n|move|p1a: Pikachu|Fake Out|p2a: Registeel\n|-resisted|p2a: Registeel\n|-damage|p2a: Registeel|245/262\n|cant|p2a: Registeel|flinch\n|\n|-heal|p2a: Registeel|261/262|[from] item: Leftovers\n|upkeep\n|turn|10\n|\n|t:|1771213304\n|move|p1a: Pikachu|Volt Tackle|p2a: Registeel\n|-damage|p2a: Registeel|131/262\n|-damage|p1a: Pikachu|173/216|[from] Recoil\n|move|p2a: Registeel|Body Press|p1a: Pikachu\n|-damage|p1a: Pikachu|59/216\n|\n|-heal|p2a: Registeel|147/262|[from] item: Leftovers\n|upkeep\n|turn|11\n|\n|t:|1771213328\n|move|p1a: Pikachu|Volt Tackle|p2a: Registeel\n|-damage|p2a: Registeel|2/262\n|-damage|p1a: Pikachu|11/216|[from] Recoil\n|move|p2a: Registeel|Body Press|p1a: Pikachu\n|-damage|p1a: Pikachu|0 fnt\n|faint|p1a: Pikachu\n|\n|-heal|p2a: Registeel|18/262|[from] item: Leftovers\n|upkeep\n|\n|t:|1771213351\n|switch|p1a: Hoopa|Hoopa, L85|127/275\n|turn|12\n|\n|t:|1771213360\n|move|p1a: Hoopa|Shadow Ball|p2a: Registeel\n|-damage|p2a: Registeel|0 fnt\n|faint|p2a: Registeel\n|-damage|p1a: Hoopa|100/275|[from] item: Life Orb\n|\n|upkeep\n|\n|t:|1771213383\n|switch|p2a: Gallade|Gallade, L80, M|108/240\n|-status|p2a: Gallade|psn\n|turn|13\n|inactive|wadeiswadeiwade has 120 seconds left.\n|\n|t:|1771213403\n|move|p2a: Gallade|Sacred Sword|p1a: Hoopa\n|-immune|p1a: Hoopa\n|move|p1a: Hoopa|Shadow Ball|p2a: Gallade\n|-supereffective|p2a: Gallade\n|-damage|p2a: Gallade|0 fnt\n|faint|p2a: Gallade\n|-damage|p1a: Hoopa|73/275|[from] item: Life Orb\n|\n|upkeep\n|inactive|wadeiswadeiwade has 120 seconds left.\n|\n|t:|1771213420\n|switch|p2a: Poliwrath|Poliwrath, L88, M|302/302\n|-status|p2a: Poliwrath|psn\n|turn|14\n|\n|t:|1771213429\n|switch|p1a: Poliwrath|Poliwrath, L88, F|251/302\n|move|p2a: Poliwrath|Poison Jab|p1a: Poliwrath\n|-damage|p1a: Poliwrath|200/302\n|\n|-damage|p2a: Poliwrath|265/302 psn|[from] psn\n|upkeep\n|turn|15\n|inactive|wadeiswadeiwade has 120 seconds left.\n|-message|wadeiswadeiwade forfeited.\n|\n|win|MeAndTheBorthers\n|raw|MeAndTheBorthers's rating: 1764 &rarr; <strong>1781</strong><br />(+17 for winning)\n|raw|wadeiswadeiwade's rating: 1717 &rarr; <strong>1700</strong><br />(-17 for losing)\n", "inputlog": ">version 686819e5e19f8a7fd2345cfc5a08a5085efa2cc3\n>start {\"formatid\":\"gen9randombattle\",\"seed\":\"sodium,b131476b603d026d5870282f8c5da4ac\",\"rated\":\"Rated battle\"}\n>player p1 {\"name\":\"MeAndTheBorthers\",\"avatar\":\"iris-gen5bw2\",\"rating\":1764,\"seed\":\"sodium,e120bb1bb0d2a4b511589b54201dbb4a\"}\n>player p2 {\"name\":\"wadeiswadeiwade\",\"avatar\":\"2\",\"rating\":1717,\"seed\":\"sodium,df1537cf21d8881eac3ad9bf1ea20700\"}\n>p1 move psychic\n>p2 switch 5\n>p1 move nastyplot\n>p2 move waterpulse\n>p1 move shadowball\n>p2 move waterpulse\n>p2 switch 3\n>p1 switch 2\n>p2 move knockoff\n>p1 move liquidation\n>p2 switch 4\n>p1 switch 5\n>p2 move psychocut\n>p1 move toxicspikes\n>p2 switch 2\n>p1 switch 3\n>p2 move thunderwave\n>p1 move fakeout\n>p2 move bodypress\n>p1 move volttackle\n>p2 move bodypress\n>p1 move volttackle\n>p2 move bodypress\n>p1 switch 2\n>p1 move shadowball\n>p2 move ironhead\n>p2 switch 2\n>p1 move shadowball\n>p2 move sacredsword\n>p2 switch 5\n>p1 switch 5\n>p2 move poisonjab\n>forcelose p2", "uploadtime": 1771213443, "views": 10, "formatid": "gen9randombattle", "rating": 1700, "private": 0, "password": null}