{"id": "gen9randombattle-2540267335", "format": "[Gen 9] Random Battle", "players": ["Axtell", "LhIKveok47"], "log": "|j|☆Axtell\n|j|☆LhIKveok47\n|t:|1771182634\n|gametype|singles\n|player|p1|Axtell|cynthia|1929\n|player|p2|LhIKveok47|hilbert|1886\n|gen|9\n|tier|[Gen 9] Random Battle\n|rated|\n|rule|Species Clause: Limit one of each Pokémon\n|rule|HP Percentage Mod: HP is shown in percentages\n|rule|Sleep Clause Mod: Limit one foe put to sleep\n|rule|Illusion Level Mod: Illusion disguises the Pokémon's true level\n|\n|t:|1771182634\n|teamsize|p1|6\n|teamsize|p2|6\n|start\n|switch|p1a: Brute Bonnet|Brute Bonnet, L81|312/312\n|switch|p2a: Calyrex|Calyrex-Ice, L72|263/263\n|-ability|p2a: Calyrex|As One\n|-ability|p2a: Calyrex|Unnerve\n|turn|1\n|inactive|Battle timer is ON: inactive players will automatically lose when time's up. (requested by Axtell)\n|\n|t:|1771182642\n|move|p1a: Brute Bonnet|Spore|p2a: Calyrex\n|-status|p2a: Calyrex|slp|[from] move: Spore\n|cant|p2a: Calyrex|slp\n|\n|upkeep\n|turn|2\n|\n|t:|1771182649\n|-end|p1a: Brute Bonnet|Protosynthesis|[silent]\n|switch|p1a: Incineroar|Incineroar, L82, M|290/290\n|-ability|p1a: Incineroar|Intimidate|boost\n|-unboost|p2a: Calyrex|atk|1\n|switch|p2a: Tornadus|Tornadus-Therian, L79, M|254/254\n|\n|upkeep\n|turn|3\n|\n|t:|1771182654\n|move|p2a: Tornadus|Bleakwind Storm|p1a: Incineroar\n|-damage|p1a: Incineroar|184/290\n|move|p1a: Incineroar|Knock Off|p2a: Tornadus\n|-damage|p2a: Tornadus|73/254\n|-enditem|p2a: Tornadus|Assault Vest|[from] move: Knock Off|[of] p1a: Incineroar\n|\n|upkeep\n|turn|4\n|\n|t:|1771182661\n|move|p2a: Tornadus|U-turn|p1a: Incineroar\n|-damage|p1a: Incineroar|136/290\n|\n|t:|1771182665\n|switch|p2a: Piloswine|Piloswine, L85, F|309/309|[from] U-turn\n|move|p1a: Incineroar|Knock Off|p2a: Piloswine\n|-damage|p2a: Piloswine|194/309\n|-enditem|p2a: Piloswine|Eviolite|[from] move: Knock Off|[of] p1a: Incineroar\n|\n|upkeep\n|turn|5\n|\n|t:|1771182675\n|switch|p1a: Brute Bonnet|Brute Bonnet, L81|312/312\n|move|p2a: Piloswine|Earthquake|p1a: Brute Bonnet\n|-resisted|p1a: Brute Bonnet\n|-damage|p1a: Brute Bonnet|262/312\n|\n|-heal|p1a: Brute Bonnet|281/312|[from] item: Leftovers\n|upkeep\n|turn|6\n|\n|t:|1771182685\n|switch|p2a: Ariados|Ariados, L95, M|287/287\n|move|p1a: Brute Bonnet|Crunch|p2a: Ariados\n|-damage|p2a: Ariados|178/287\n|\n|-heal|p1a: Brute Bonnet|300/312|[from] item: Leftovers\n|upkeep\n|turn|7\n|\n|t:|1771182693\n|move|p1a: Brute Bonnet|Crunch|p2a: Ariados\n|-damage|p2a: Ariados|84/287\n|-unboost|p2a: Ariados|def|1\n|move|p2a: Ariados|Poison Jab|p1a: Brute Bonnet\n|-supereffective|p1a: Brute Bonnet\n|-damage|p1a: Brute Bonnet|88/312\n|\n|-heal|p1a: Brute Bonnet|107/312|[from] item: Leftovers\n|upkeep\n|turn|8\n|\n|t:|1771182698\n|switch|p2a: Dudunsparce|Dudunsparce-Three-Segment, L83, M|343/343\n|move|p1a: Brute Bonnet|Crunch|p2a: Dudunsparce\n|-damage|p2a: Dudunsparce|228/343\n|-ability|p2a: Dudunsparce|Rattled|boost\n|-boost|p2a: Dudunsparce|spe|1\n|\n|-heal|p2a: Dudunsparce|249/343|[from] item: Leftovers\n|-heal|p1a: Brute Bonnet|126/312|[from] item: Leftovers\n|upkeep\n|turn|9\n|\n|t:|1771182709\n|-end|p1a: Brute Bonnet|Protosynthesis|[silent]\n|switch|p1a: Iron Thorns|Iron Thorns, L83|302/302\n|move|p2a: Dudunsparce|Boomburst|p1a: Iron Thorns\n|-resisted|p1a: Iron Thorns\n|-damage|p1a: Iron Thorns|230/302\n|\n|-heal|p2a: Dudunsparce|270/343|[from] item: Leftovers\n|upkeep\n|turn|10\n|\n|t:|1771182713\n|move|p2a: Dudunsparce|Calm Mind|p2a: Dudunsparce\n|-boost|p2a: Dudunsparce|spa|1\n|-boost|p2a: Dudunsparce|spd|1\n|move|p1a: Iron Thorns|Stone Edge|p2a: Dudunsparce\n|-damage|p2a: Dudunsparce|125/343\n|\n|-heal|p2a: Dudunsparce|146/343|[from] item: Leftovers\n|upkeep\n|turn|11\n|\n|t:|1771182718\n|move|p2a: Dudunsparce|Roost|p2a: Dudunsparce\n|-heal|p2a: Dudunsparce|318/343\n|-singleturn|p2a: Dudunsparce|move: Roost\n|move|p1a: Iron Thorns|Wild Charge|p2a: Dudunsparce\n|-damage|p2a: Dudunsparce|183/343\n|-damage|p1a: Iron Thorns|196/302|[from] Recoil\n|\n|-heal|p2a: Dudunsparce|204/343|[from] item: Leftovers\n|upkeep\n|turn|12\n|\n|t:|1771182721\n|move|p2a: Dudunsparce|Shadow Ball|p1a: Iron Thorns\n|-damage|p1a: Iron Thorns|122/302\n|-unboost|p1a: Iron Thorns|spd|1\n|move|p1a: Iron Thorns|Volt Switch|p2a: Dudunsparce\n|-damage|p2a: Dudunsparce|156/343\n|\n|t:|1771182732\n|-end|p1a: Iron Thorns|Quark Drive|[silent]\n|switch|p1a: Iron Boulder|Iron Boulder, L77|265/265|[from] Volt Switch\n|-enditem|p1a: Iron Boulder|Booster Energy\n|-activate|p1a: Iron Boulder|ability: Quark Drive|[fromitem]\n|-start|p1a: Iron Boulder|quarkdrivespe\n|\n|-heal|p2a: Dudunsparce|177/343|[from] item: Leftovers\n|upkeep\n|turn|13\n|\n|t:|1771182737\n|-terastallize|p2a: Dudunsparce|Ghost\n|move|p1a: Iron Boulder|Swords Dance|p1a: Iron Boulder\n|-boost|p1a: Iron Boulder|atk|2\n|move|p2a: Dudunsparce|Shadow Ball|p1a: Iron Boulder\n|-supereffective|p1a: Iron Boulder\n|-damage|p1a: Iron Boulder|35/265\n|\n|-heal|p2a: Dudunsparce|198/343|[from] item: Leftovers\n|upkeep\n|turn|14\n|\n|t:|1771182752\n|switch|p2a: Piloswine|Piloswine, L85, F|194/309\n|move|p1a: Iron Boulder|Mighty Cleave|p2a: Piloswine\n|-damage|p2a: Piloswine|0 fnt\n|faint|p2a: Piloswine\n|\n|upkeep\n|\n|t:|1771182755\n|switch|p2a: Clodsire|Clodsire, L81, M|343/343\n|turn|15\n|\n|t:|1771182759\n|move|p1a: Iron Boulder|Zen Headbutt|p2a: Clodsire\n|-supereffective|p2a: Clodsire\n|-damage|p2a: Clodsire|0 fnt\n|faint|p2a: Clodsire\n|\n|upkeep\n|\n|t:|1771182762\n|switch|p2a: Calyrex|Calyrex-Ice, L72|263/263 slp\n|-ability|p2a: Calyrex|As One\n|-ability|p2a: Calyrex|Unnerve\n|turn|16\n|\n|t:|1771182766\n|move|p1a: Iron Boulder|Mighty Cleave|p2a: Calyrex\n|-supereffective|p2a: Calyrex\n|-damage|p2a: Calyrex|0 fnt\n|faint|p2a: Calyrex\n|\n|upkeep\n|\n|t:|1771182768\n|switch|p2a: Ariados|Ariados, L95, M|84/287\n|turn|17\n|-message|LhIKveok47 forfeited.\n|\n|win|Axtell\n|raw|Axtell's rating: 1929 &rarr; <strong>1948</strong><br />(+19 for winning)\n|raw|LhIKveok47's rating: 1906 &rarr; <strong>1887</strong><br />(-19 for losing)\n|l|☆LhIKveok47\n|player|p2|\n", "inputlog": ">version 686819e5e19f8a7fd2345cfc5a08a5085efa2cc3\n>start {\"formatid\":\"gen9randombattle\",\"seed\":\"sodium,09ced139a83c83432b47ab570786b96a\",\"rated\":\"Rated battle\"}\n>player p1 {\"name\":\"Axtell\",\"avatar\":\"cynthia\",\"rating\":1929,\"seed\":\"sodium,690cf69092edf5d69d2350ecdbcc80d1\"}\n>player p2 {\"name\":\"LhIKveok47\",\"avatar\":\"hilbert\",\"rating\":1886,\"seed\":\"sodium,5b4ea5a83cb9643b2244ec23ab8d0201\"}\n>p1 move spore\n>p2 move trickroom\n>p1 switch 4\n>p2 switch 4\n>p1 move knockoff\n>p2 move bleakwindstorm\n>p1 move knockoff\n>p2 move uturn\n>p2 switch 5\n>p1 switch 4\n>p2 move earthquake\n>p1 move crunch\n>p2 switch 2\n>p1 move crunch\n>p2 move poisonjab\n>p1 move crunch\n>p2 switch 3\n>p1 switch 5\n>p2 move boomburst\n>p1 move stoneedge\n>p2 move calmmind\n>p1 move wildcharge\n>p2 move roost\n>p1 move voltswitch\n>p2 move shadowball\n>p1 switch 3\n>p1 move swordsdance\n>p2 move shadowball terastallize\n>p1 move mightycleave\n>p2 switch 2\n>p2 switch 6\n>p1 move zenheadbutt\n>p2 move earthquake\n>p2 switch 4\n>p1 move mightycleave\n>p2 move trickroom\n>p2 switch 3\n>forcelose p2", "uploadtime": 1771182773, "views": 9, "formatid": "gen9randombattle", "rating": 1887, "private": 0, "password": null}