{"id": "gen9randombattle-2540482489", "format": "[Gen 9] Random Battle", "players": ["Ormae5", "emrys_x"], "log": "|j|☆Ormae5\n|j|☆emrys_x\n|t:|1771207561\n|gametype|singles\n|player|p1|Ormae5|bellelba|1722\n|player|p2|emrys_x|n-masters|1670\n|gen|9\n|tier|[Gen 9] Random Battle\n|rated|\n|rule|Species Clause: Limit one of each Pokémon\n|rule|HP Percentage Mod: HP is shown in percentages\n|rule|Sleep Clause Mod: Limit one foe put to sleep\n|rule|Illusion Level Mod: Illusion disguises the Pokémon's true level\n|\n|t:|1771207561\n|teamsize|p1|6\n|teamsize|p2|6\n|start\n|switch|p1a: Indeedee|Indeedee, L84, M|238/238\n|switch|p2a: Mamoswine|Mamoswine, L81, F|311/311\n|-fieldstart|move: Psychic Terrain|[from] ability: Psychic Surge|[of] p1a: Indeedee\n|turn|1\n|inactive|Battle timer is ON: inactive players will automatically lose when time's up. (requested by emrys_x)\n|\n|t:|1771207581\n|-terastallize|p1a: Indeedee|Psychic\n|move|p1a: Indeedee|Expanding Force|p2a: Mamoswine\n|-damage|p2a: Mamoswine|17/311\n|move|p2a: Mamoswine|Knock Off|p1a: Indeedee\n|-supereffective|p1a: Indeedee\n|-crit|p1a: Indeedee\n|-damage|p1a: Indeedee|0 fnt\n|-enditem|p1a: Indeedee|Choice Scarf|[from] move: Knock Off|[of] p2a: Mamoswine\n|faint|p1a: Indeedee\n|\n|upkeep\n|\n|t:|1771207599\n|switch|p1a: Heracross|Heracross, L80, F|259/259\n|turn|2\n|\n|t:|1771207606\n|move|p1a: Heracross|Trailblaze|p2a: Mamoswine\n|-supereffective|p2a: Mamoswine\n|-damage|p2a: Mamoswine|0 fnt\n|-boost|p1a: Heracross|spe|1\n|faint|p2a: Mamoswine\n|\n|-status|p1a: Heracross|brn|[from] item: Flame Orb\n|upkeep\n|\n|t:|1771207635\n|switch|p2a: Flareon|Flareon, L90, M|263/263\n|turn|3\n|inactive|Ormae5 has 120 seconds left.\n|\n|t:|1771207693\n|move|p1a: Heracross|Facade|p2a: Flareon\n|-damage|p2a: Flareon|70/263\n|move|p2a: Flareon|Flare Blitz|p1a: Heracross\n|-supereffective|p1a: Heracross\n|-damage|p1a: Heracross|0 fnt\n|faint|p1a: Heracross\n|-damage|p2a: Flareon|0 fnt|[from] Recoil\n|faint|p2a: Flareon\n|\n|upkeep\n|inactive|emrys_x has 120 seconds left.\n|\n|t:|1771207725\n|switch|p1a: Copperajah|Copperajah, L86, F|350/350\n|switch|p2a: Dragapult|Dragapult, L77, M|262/262\n|turn|4\n|\n|t:|1771207744\n|move|p2a: Dragapult|Fire Blast|p1a: Copperajah\n|-supereffective|p1a: Copperajah\n|-damage|p1a: Copperajah|150/350\n|-damage|p2a: Dragapult|236/262|[from] item: Life Orb\n|move|p1a: Copperajah|Play Rough|p2a: Dragapult\n|-supereffective|p2a: Dragapult\n|-damage|p2a: Dragapult|0 fnt\n|faint|p2a: Dragapult\n|\n|upkeep\n|\n|t:|1771207751\n|switch|p2a: Clawitzer|Clawitzer, L87, F|265/265\n|turn|5\n|\n|t:|1771207759\n|move|p2a: Clawitzer|Aura Sphere|p1a: Copperajah\n|-supereffective|p1a: Copperajah\n|-damage|p1a: Copperajah|0 fnt\n|faint|p1a: Copperajah\n|\n|-fieldend|move: Psychic Terrain\n|upkeep\n|\n|t:|1771207761\n|switch|p1a: Regieleki|Regieleki, L79|256/256\n|turn|6\n|\n|t:|1771207769\n|-terastallize|p2a: Clawitzer|Dark\n|move|p1a: Regieleki|Volt Switch|p2a: Clawitzer\n|-damage|p2a: Clawitzer|160/265\n|\n|t:|1771207780\n|switch|p1a: Regice|Regice, L88|284/284|[from] Volt Switch\n|move|p2a: Clawitzer|Aura Sphere|p1a: Regice\n|-supereffective|p1a: Regice\n|-damage|p1a: Regice|118/284\n|\n|upkeep\n|turn|7\n|\n|t:|1771207786\n|move|p2a: Clawitzer|Aura Sphere|p1a: Regice\n|-supereffective|p1a: Regice\n|-damage|p1a: Regice|0 fnt\n|faint|p1a: Regice\n|\n|upkeep\n|\n|t:|1771207788\n|switch|p1a: Regieleki|Regieleki, L79|256/256\n|turn|8\n|\n|t:|1771207791\n|move|p1a: Regieleki|Thunderbolt|p2a: Clawitzer\n|-damage|p2a: Clawitzer|22/265\n|-status|p2a: Clawitzer|par\n|cant|p2a: Clawitzer|par\n|\n|upkeep\n|turn|9\n|\n|t:|1771207796\n|move|p1a: Regieleki|Thunderbolt|p2a: Clawitzer\n|-damage|p2a: Clawitzer|0 fnt\n|faint|p2a: Clawitzer\n|\n|upkeep\n|\n|t:|1771207808\n|switch|p2a: Hitmonchan|Hitmonchan, L87, M|229/229\n|turn|10\n|\n|t:|1771207811\n|move|p1a: Regieleki|Thunderbolt|p2a: Hitmonchan\n|-damage|p2a: Hitmonchan|126/229\n|move|p2a: Hitmonchan|Drain Punch|p1a: Regieleki\n|-damage|p1a: Regieleki|79/256\n|-heal|p2a: Hitmonchan|215/229|[from] drain|[of] p1a: Regieleki\n|\n|-heal|p2a: Hitmonchan|229/229|[from] item: Leftovers\n|upkeep\n|turn|11\n|\n|t:|1771207818\n|move|p1a: Regieleki|Thunderbolt|p2a: Hitmonchan\n|-damage|p2a: Hitmonchan|111/229\n|-status|p2a: Hitmonchan|par\n|move|p2a: Hitmonchan|Drain Punch|p1a: Regieleki\n|-damage|p1a: Regieleki|0 fnt\n|-heal|p2a: Hitmonchan|151/229 par|[from] drain|[of] p1a: Regieleki\n|faint|p1a: Regieleki\n|\n|-heal|p2a: Hitmonchan|165/229 par|[from] item: Leftovers\n|upkeep\n|\n|t:|1771207820\n|switch|p1a: Arceus|Arceus-Fire, L72|291/291\n|turn|12\n|\n|t:|1771207826\n|move|p1a: Arceus|Swords Dance|p1a: Arceus\n|-boost|p1a: Arceus|atk|2\n|move|p2a: Hitmonchan|Drain Punch|p1a: Arceus\n|-damage|p1a: Arceus|200/291\n|-heal|p2a: Hitmonchan|211/229 par|[from] drain|[of] p1a: Arceus\n|\n|-heal|p2a: Hitmonchan|225/229 par|[from] item: Leftovers\n|upkeep\n|turn|13\n|\n|t:|1771207851\n|move|p1a: Arceus|Earthquake|p2a: Hitmonchan\n|-damage|p2a: Hitmonchan|95/229 par\n|move|p2a: Hitmonchan|Drain Punch|p1a: Arceus\n|-damage|p1a: Arceus|110/291\n|-heal|p2a: Hitmonchan|140/229 par|[from] drain|[of] p1a: Arceus\n|\n|-heal|p2a: Hitmonchan|154/229 par|[from] item: Leftovers\n|upkeep\n|turn|14\n|\n|t:|1771207861\n|move|p1a: Arceus|Earthquake|p2a: Hitmonchan\n|-damage|p2a: Hitmonchan|29/229 par\n|move|p2a: Hitmonchan|Drain Punch|p1a: Arceus\n|-damage|p1a: Arceus|10/291\n|-heal|p2a: Hitmonchan|79/229 par|[from] drain|[of] p1a: Arceus\n|\n|-heal|p2a: Hitmonchan|93/229 par|[from] item: Leftovers\n|upkeep\n|turn|15\n|\n|t:|1771207866\n|move|p1a: Arceus|Extreme Speed|p2a: Hitmonchan\n|-damage|p2a: Hitmonchan|0 fnt\n|faint|p2a: Hitmonchan\n|\n|upkeep\n|\n|t:|1771207869\n|switch|p2a: Virizion|Virizion, L82|283/283\n|turn|16\n|\n|t:|1771207873\n|move|p1a: Arceus|Extreme Speed|p2a: Virizion\n|-damage|p2a: Virizion|172/283\n|move|p2a: Virizion|Leaf Blade|p1a: Arceus\n|-resisted|p1a: Arceus\n|-damage|p1a: Arceus|0 fnt\n|faint|p1a: Arceus\n|-damage|p2a: Virizion|144/283|[from] item: Life Orb\n|\n|win|emrys_x\n|raw|Ormae5's rating: 1743 &rarr; <strong>1719</strong><br />(-24 for losing)\n|raw|emrys_x's rating: 1670 &rarr; <strong>1694</strong><br />(+24 for winning)\n", "inputlog": ">version 686819e5e19f8a7fd2345cfc5a08a5085efa2cc3\n>start {\"formatid\":\"gen9randombattle\",\"seed\":\"sodium,8f855cbe84049eb0715a56dd3ebd4429\",\"rated\":\"Rated battle\"}\n>player p1 {\"name\":\"Ormae5\",\"avatar\":\"bellelba\",\"rating\":1722,\"seed\":\"sodium,c9bb26f2098144a18f73be03257e7e57\"}\n>player p2 {\"name\":\"emrys_x\",\"avatar\":\"n-masters\",\"rating\":1670,\"seed\":\"sodium,906a50bf64eb857af3f2af3ee0cdc240\"}\n>p1 move expandingforce terastallize\n>p2 move knockoff\n>p1 switch 6\n>p1 move trailblaze\n>p2 move knockoff\n>p2 switch 2\n>p1 move facade\n>p2 move flareblitz\n>p1 switch 2\n>p2 switch 5\n>p1 move playrough\n>p2 move fireblast\n>p2 switch 6\n>p1 move earthquake\n>p2 move aurasphere\n>p1 switch 3\n>p1 move voltswitch\n>p2 move aurasphere terastallize\n>p1 switch 5\n>p1 move icebeam\n>p2 move aurasphere\n>p1 switch 5\n>p1 move thunderbolt\n>p2 move aurasphere\n>p1 move thunderbolt\n>p2 move aurasphere\n>p2 switch 4\n>p1 move thunderbolt\n>p2 move drainpunch\n>p1 move thunderbolt\n>p2 move drainpunch\n>p1 switch 4\n>p1 move swordsdance\n>p2 move drainpunch\n>p1 move earthquake\n>p2 move drainpunch\n>p1 move earthquake\n>p2 move drainpunch\n>p1 move extremespeed\n>p2 move drainpunch\n>p2 switch 3\n>p1 move extremespeed\n>p2 move leafblade", "uploadtime": 1771207873, "views": 8, "formatid": "gen9randombattle", "rating": 1694, "private": 0, "password": null}