{"id": "gen9randombattle-2540317255", "format": "[Gen 9] Random Battle", "players": ["Micael Lopes", "dirtydan99"], "log": "|j|☆Micael Lopes\n|j|☆dirtydan99\n|t:|1771188059\n|gametype|singles\n|player|p1|Micael Lopes|benga|1741\n|player|p2|dirtydan99|266|1720\n|gen|9\n|tier|[Gen 9] Random Battle\n|rated|\n|rule|Species Clause: Limit one of each Pokémon\n|rule|HP Percentage Mod: HP is shown in percentages\n|rule|Sleep Clause Mod: Limit one foe put to sleep\n|rule|Illusion Level Mod: Illusion disguises the Pokémon's true level\n|\n|t:|1771188059\n|teamsize|p1|6\n|teamsize|p2|6\n|start\n|switch|p1a: Keldeo|Keldeo-Resolute, L79|273/273\n|switch|p2a: Qwilfish|Qwilfish, L86, M|252/252\n|-ability|p2a: Qwilfish|Intimidate|boost\n|-unboost|p1a: Keldeo|atk|1\n|turn|1\n|inactive|Battle timer is ON: inactive players will automatically lose when time's up. (requested by Micael Lopes)\n|\n|t:|1771188087\n|move|p1a: Keldeo|Hydro Pump|p2a: Qwilfish\n|-resisted|p2a: Qwilfish\n|-damage|p2a: Qwilfish|159/252\n|move|p2a: Qwilfish|Toxic Spikes|p1a: Keldeo\n|-sidestart|p1: Micael Lopes|move: Toxic Spikes\n|\n|-heal|p2a: Qwilfish|174/252|[from] item: Leftovers\n|upkeep\n|turn|2\n|\n|t:|1771188096\n|switch|p1a: Chesnaught|Chesnaught, L84, M|285/285\n|-status|p1a: Chesnaught|psn\n|move|p2a: Qwilfish|Toxic Spikes|p1a: Chesnaught\n|-sidestart|p1: Micael Lopes|move: Toxic Spikes\n|\n|-heal|p2a: Qwilfish|189/252|[from] item: Leftovers\n|-damage|p1a: Chesnaught|250/285 psn|[from] psn\n|upkeep\n|turn|3\n|\n|t:|1771188101\n|move|p2a: Qwilfish|Gunk Shot|p1a: Chesnaught\n|-supereffective|p1a: Chesnaught\n|-damage|p1a: Chesnaught|34/285 psn\n|move|p1a: Chesnaught|Iron Defense|p1a: Chesnaught\n|-boost|p1a: Chesnaught|def|2\n|\n|-heal|p2a: Qwilfish|204/252|[from] item: Leftovers\n|-heal|p1a: Chesnaught|51/285 psn|[from] item: Leftovers\n|-damage|p1a: Chesnaught|16/285 psn|[from] psn\n|upkeep\n|turn|4\n|\n|t:|1771188126\n|move|p2a: Qwilfish|Spikes|p1a: Chesnaught\n|-sidestart|p1: Micael Lopes|Spikes\n|move|p1a: Chesnaught|Synthesis|p1a: Chesnaught\n|-heal|p1a: Chesnaught|158/285 psn\n|\n|-heal|p2a: Qwilfish|219/252|[from] item: Leftovers\n|-heal|p1a: Chesnaught|175/285 psn|[from] item: Leftovers\n|-damage|p1a: Chesnaught|140/285 psn|[from] psn\n|upkeep\n|turn|5\n|\n|t:|1771188138\n|move|p2a: Qwilfish|Gunk Shot|p1a: Chesnaught\n|-supereffective|p1a: Chesnaught\n|-damage|p1a: Chesnaught|42/285 psn\n|move|p1a: Chesnaught|Synthesis|p1a: Chesnaught\n|-heal|p1a: Chesnaught|184/285 psn\n|\n|-heal|p2a: Qwilfish|234/252|[from] item: Leftovers\n|-heal|p1a: Chesnaught|201/285 psn|[from] item: Leftovers\n|-damage|p1a: Chesnaught|166/285 psn|[from] psn\n|upkeep\n|turn|6\n|\n|t:|1771188149\n|move|p2a: Qwilfish|Spikes|p1a: Chesnaught\n|-sidestart|p1: Micael Lopes|Spikes\n|move|p1a: Chesnaught|Trailblaze|p2a: Qwilfish\n|-damage|p2a: Qwilfish|176/252\n|-boost|p1a: Chesnaught|spe|1\n|\n|-heal|p1a: Chesnaught|183/285 psn|[from] item: Leftovers\n|-heal|p2a: Qwilfish|191/252|[from] item: Leftovers\n|-damage|p1a: Chesnaught|148/285 psn|[from] psn\n|upkeep\n|turn|7\n|\n|t:|1771188166\n|move|p1a: Chesnaught|Iron Defense|p1a: Chesnaught\n|-boost|p1a: Chesnaught|def|2\n|move|p2a: Qwilfish|Gunk Shot|p1a: Chesnaught\n|-supereffective|p1a: Chesnaught\n|-damage|p1a: Chesnaught|74/285 psn\n|\n|-heal|p1a: Chesnaught|91/285 psn|[from] item: Leftovers\n|-heal|p2a: Qwilfish|206/252|[from] item: Leftovers\n|-damage|p1a: Chesnaught|56/285 psn|[from] psn\n|upkeep\n|turn|8\n|\n|t:|1771188173\n|switch|p2a: Spectrier|Spectrier, L75|274/274\n|move|p1a: Chesnaught|Synthesis|p1a: Chesnaught\n|-heal|p1a: Chesnaught|198/285 psn\n|\n|-heal|p1a: Chesnaught|215/285 psn|[from] item: Leftovers\n|-damage|p1a: Chesnaught|180/285 psn|[from] psn\n|upkeep\n|turn|9\n|\n|t:|1771188180\n|move|p2a: Spectrier|Shadow Ball|p1a: Chesnaught\n|-immune|p1a: Chesnaught|[from] ability: Bulletproof\n|move|p1a: Chesnaught|Trailblaze|p2a: Spectrier\n|-damage|p2a: Spectrier|186/274\n|-boost|p1a: Chesnaught|spe|1\n|\n|-heal|p1a: Chesnaught|197/285 psn|[from] item: Leftovers\n|-damage|p1a: Chesnaught|162/285 psn|[from] psn\n|upkeep\n|turn|10\n|\n|t:|1771188189\n|switch|p2a: Qwilfish|Qwilfish, L86, M|206/252\n|-ability|p2a: Qwilfish|Intimidate|boost\n|-unboost|p1a: Chesnaught|atk|1\n|move|p1a: Chesnaught|Trailblaze|p2a: Qwilfish\n|-damage|p2a: Qwilfish|167/252\n|-boost|p1a: Chesnaught|spe|1\n|\n|-heal|p1a: Chesnaught|179/285 psn|[from] item: Leftovers\n|-heal|p2a: Qwilfish|182/252|[from] item: Leftovers\n|-damage|p1a: Chesnaught|144/285 psn|[from] psn\n|upkeep\n|turn|11\n|\n|t:|1771188196\n|move|p1a: Chesnaught|Body Press|p2a: Qwilfish\n|-resisted|p2a: Qwilfish\n|-damage|p2a: Qwilfish|43/252\n|move|p2a: Qwilfish|Gunk Shot|p1a: Chesnaught\n|-supereffective|p1a: Chesnaught\n|-damage|p1a: Chesnaught|72/285 psn\n|\n|-heal|p1a: Chesnaught|89/285 psn|[from] item: Leftovers\n|-heal|p2a: Qwilfish|58/252|[from] item: Leftovers\n|-damage|p1a: Chesnaught|54/285 psn|[from] psn\n|upkeep\n|turn|12\n|\n|t:|1771188215\n|switch|p2a: Gurdurr|Gurdurr, L85, M|283/283\n|move|p1a: Chesnaught|Body Press|p2a: Gurdurr\n|-damage|p2a: Gurdurr|63/283\n|\n|-heal|p1a: Chesnaught|71/285 psn|[from] item: Leftovers\n|-damage|p1a: Chesnaught|36/285 psn|[from] psn\n|upkeep\n|turn|13\n|\n|t:|1771188223\n|move|p2a: Gurdurr|Mach Punch|p1a: Chesnaught\n|-damage|p1a: Chesnaught|24/285 psn\n|move|p1a: Chesnaught|Synthesis|p1a: Chesnaught\n|-heal|p1a: Chesnaught|166/285 psn\n|\n|-heal|p1a: Chesnaught|183/285 psn|[from] item: Leftovers\n|-damage|p1a: Chesnaught|148/285 psn|[from] psn\n|upkeep\n|turn|14\n|\n|t:|1771188249\n|switch|p2a: Qwilfish|Qwilfish, L86, M|58/252\n|-ability|p2a: Qwilfish|Intimidate|boost\n|-unboost|p1a: Chesnaught|atk|1\n|move|p1a: Chesnaught|Body Press|p2a: Qwilfish\n|-resisted|p2a: Qwilfish\n|-damage|p2a: Qwilfish|0 fnt\n|faint|p2a: Qwilfish\n|\n|-heal|p1a: Chesnaught|165/285 psn|[from] item: Leftovers\n|-damage|p1a: Chesnaught|130/285 psn|[from] psn\n|upkeep\n|\n|t:|1771188260\n|switch|p2a: Spectrier|Spectrier, L75|186/274\n|turn|15\n|\n|t:|1771188269\n|move|p1a: Chesnaught|Trailblaze|p2a: Spectrier\n|-damage|p2a: Spectrier|141/274\n|-boost|p1a: Chesnaught|spe|1\n|move|p2a: Spectrier|Nasty Plot|p2a: Spectrier\n|-boost|p2a: Spectrier|spa|2\n|\n|-heal|p1a: Chesnaught|147/285 psn|[from] item: Leftovers\n|-damage|p1a: Chesnaught|112/285 psn|[from] psn\n|upkeep\n|turn|16\n|\n|t:|1771188277\n|move|p1a: Chesnaught|Trailblaze|p2a: Spectrier\n|-damage|p2a: Spectrier|96/274\n|-boost|p1a: Chesnaught|spe|1\n|move|p2a: Spectrier|Nasty Plot|p2a: Spectrier\n|-boost|p2a: Spectrier|spa|2\n|\n|-heal|p1a: Chesnaught|129/285 psn|[from] item: Leftovers\n|-damage|p1a: Chesnaught|94/285 psn|[from] psn\n|upkeep\n|turn|17\n|\n|t:|1771188291\n|move|p1a: Chesnaught|Trailblaze|p2a: Spectrier\n|-damage|p2a: Spectrier|50/274\n|-boost|p1a: Chesnaught|spe|1\n|move|p2a: Spectrier|Dark Pulse|p1a: Chesnaught\n|-resisted|p1a: Chesnaught\n|-damage|p1a: Chesnaught|0 fnt\n|faint|p1a: Chesnaught\n|-ability|p2a: Spectrier|Grim Neigh|boost\n|-boost|p2a: Spectrier|spa|1\n|-damage|p2a: Spectrier|23/274|[from] item: Life Orb\n|\n|upkeep\n|\n|t:|1771188302\n|switch|p1a: Keldeo|Keldeo-Resolute, L79|273/273\n|-status|p1a: Keldeo|tox\n|-damage|p1a: Keldeo|228/273 tox|[from] Spikes\n|turn|18\n|\n|t:|1771188306\n|move|p1a: Keldeo|Flip Turn|p2a: Spectrier\n|-crit|p2a: Spectrier\n|-damage|p2a: Spectrier|0 fnt\n|faint|p2a: Spectrier\n|\n|t:|1771188310\n|switch|p1a: Banette|Banette, L93, M|219/219|[from] Flip Turn\n|-status|p1a: Banette|tox\n|-damage|p1a: Banette|183/219 tox|[from] Spikes\n|\n|-damage|p1a: Banette|170/219 tox|[from] psn\n|upkeep\n|\n|t:|1771188321\n|switch|p2a: Houndoom|Houndoom, L87, M|272/272\n|turn|19\n|\n|t:|1771188329\n|move|p1a: Banette|Trick|p2a: Houndoom\n|-activate|p1a: Banette|move: Trick|[of] p2a: Houndoom\n|-item|p2a: Houndoom|Choice Specs|[from] move: Trick\n|-item|p1a: Banette|Heavy-Duty Boots|[from] move: Trick\n|move|p2a: Houndoom|Nasty Plot|p2a: Houndoom\n|-boost|p2a: Houndoom|spa|2\n|\n|-damage|p1a: Banette|144/219 tox|[from] psn\n|upkeep\n|turn|20\n|\n|t:|1771188342\n|switch|p2a: Gurdurr|Gurdurr, L85, M|63/283\n|move|p1a: Banette|Bitter Malice|p2a: Gurdurr\n|-damage|p2a: Gurdurr|0 fnt\n|faint|p2a: Gurdurr\n|\n|-damage|p1a: Banette|105/219 tox|[from] psn\n|upkeep\n|\n|t:|1771188354\n|switch|p2a: Flygon|Flygon, L82, M|265/265\n|turn|21\n|\n|t:|1771188364\n|move|p1a: Banette|Bitter Malice|p2a: Flygon\n|-damage|p2a: Flygon|162/265\n|-unboost|p2a: Flygon|atk|1\n|move|p2a: Flygon|Earthquake|p1a: Banette\n|-damage|p1a: Banette|0 fnt\n|replace|p1a: Zoroark|Zoroark-Hisui, L80, M\n|-end|p1a: Zoroark|Illusion\n|-hint|Illusion Level Mod is active, so this Pokémon's true level was hidden.\n|faint|p1a: Zoroark\n|\n|upkeep\n|\n|t:|1771188380\n|switch|p1a: Mewtwo|Mewtwo, L72|272/272\n|-ability|p1a: Mewtwo|Unnerve\n|-status|p1a: Mewtwo|tox\n|-damage|p1a: Mewtwo|227/272 tox|[from] Spikes\n|turn|22\n|\n|t:|1771188384\n|switch|p2a: Iron Crown|Iron Crown, L78|268/268\n|move|p1a: Mewtwo|Psystrike|p2a: Iron Crown\n|-resisted|p2a: Iron Crown\n|-damage|p2a: Iron Crown|236/268\n|-damage|p1a: Mewtwo|200/272 tox|[from] item: Life Orb\n|\n|-damage|p1a: Mewtwo|183/272 tox|[from] psn\n|upkeep\n|turn|23\n|\n|t:|1771188397\n|move|p1a: Mewtwo|Fire Blast|p2a: Iron Crown|[miss]\n|-miss|p1a: Mewtwo|p2a: Iron Crown\n|move|p2a: Iron Crown|Volt Switch|p1a: Mewtwo\n|-damage|p1a: Mewtwo|97/272 tox\n|\n|t:|1771188406\n|-end|p2a: Iron Crown|Quark Drive|[silent]\n|switch|p2a: Flygon|Flygon, L82, M|162/265|[from] Volt Switch\n|\n|-damage|p1a: Mewtwo|63/272 tox|[from] psn\n|upkeep\n|turn|24\n|\n|t:|1771188411\n|switch|p2a: Houndoom|Houndoom, L87, M|272/272\n|move|p1a: Mewtwo|Recover|p1a: Mewtwo\n|-heal|p1a: Mewtwo|199/272 tox\n|\n|-damage|p1a: Mewtwo|148/272 tox|[from] psn\n|upkeep\n|turn|25\n|\n|t:|1771188420\n|switch|p2a: Flygon|Flygon, L82, M|162/265\n|move|p1a: Mewtwo|Aura Sphere|p2a: Flygon\n|-damage|p2a: Flygon|74/265\n|-damage|p1a: Mewtwo|121/272 tox|[from] item: Life Orb\n|\n|-damage|p1a: Mewtwo|53/272 tox|[from] psn\n|upkeep\n|turn|26\n|\n|t:|1771188446\n|move|p1a: Mewtwo|Aura Sphere|p2a: Flygon\n|-damage|p2a: Flygon|0 fnt\n|faint|p2a: Flygon\n|-damage|p1a: Mewtwo|26/272 tox|[from] item: Life Orb\n|\n|-damage|p1a: Mewtwo|0 fnt|[from] psn\n|faint|p1a: Mewtwo\n|upkeep\n|inactive|Micael Lopes has 120 seconds left.\n|\n|t:|1771188457\n|switch|p1a: Keldeo|Keldeo-Resolute, L79|228/273 tox\n|switch|p2a: Iron Crown|Iron Crown, L78|236/268\n|-damage|p1a: Keldeo|183/273 tox|[from] Spikes\n|turn|27\n|\n|t:|1771188466\n|move|p1a: Keldeo|Flip Turn|p2a: Iron Crown\n|-damage|p2a: Iron Crown|188/268\n|\n|t:|1771188470\n|switch|p1a: Banette|Banette, L93, M|270/270|[from] Flip Turn\n|-status|p1a: Banette|tox\n|-damage|p1a: Banette|225/270 tox|[from] Spikes\n|move|p2a: Iron Crown|Psyshock|p1a: Banette\n|-damage|p1a: Banette|69/270 tox\n|\n|-damage|p1a: Banette|53/270 tox|[from] psn\n|upkeep\n|turn|28\n|\n|t:|1771188482\n|-end|p2a: Iron Crown|Quark Drive|[silent]\n|switch|p2a: Houndoom|Houndoom, L87, M|272/272\n|move|p1a: Banette|Thunder Wave|p2a: Houndoom\n|-status|p2a: Houndoom|par\n|\n|-damage|p1a: Banette|21/270 tox|[from] psn\n|upkeep\n|turn|29\n|\n|t:|1771188492\n|switch|p2a: Iron Crown|Iron Crown, L78|188/268\n|move|p1a: Banette|Gunk Shot|p2a: Iron Crown\n|-immune|p2a: Iron Crown\n|\n|-damage|p1a: Banette|0 fnt|[from] psn\n|faint|p1a: Banette\n|upkeep\n|\n|t:|1771188495\n|switch|p1a: Raikou|Raikou, L81|278/278\n|-status|p1a: Raikou|tox\n|-damage|p1a: Raikou|232/278 tox|[from] Spikes\n|-ability|p1a: Raikou|Pressure\n|turn|30\n|\n|t:|1771188503\n|-end|p2a: Iron Crown|Quark Drive|[silent]\n|switch|p2a: Houndoom|Houndoom, L87, M|272/272 par\n|move|p1a: Raikou|Thunderbolt|p2a: Houndoom\n|-damage|p2a: Houndoom|119/272 par\n|\n|-damage|p1a: Raikou|215/278 tox|[from] psn\n|upkeep\n|turn|31\n|\n|t:|1771188510\n|move|p1a: Raikou|Thunderbolt|p2a: Houndoom\n|-damage|p2a: Houndoom|0 fnt\n|faint|p2a: Houndoom\n|\n|-damage|p1a: Raikou|181/278 tox|[from] psn\n|upkeep\n|\n|t:|1771188513\n|switch|p2a: Iron Crown|Iron Crown, L78|188/268\n|turn|32\n|\n|t:|1771188518\n|move|p1a: Raikou|Thunderbolt|p2a: Iron Crown\n|-damage|p2a: Iron Crown|47/268\n|move|p2a: Iron Crown|Psyshock|p1a: Raikou\n|-damage|p1a: Raikou|39/278 tox\n|\n|-damage|p1a: Raikou|0 fnt|[from] psn\n|faint|p1a: Raikou\n|upkeep\n|\n|t:|1771188521\n|switch|p1a: Keldeo|Keldeo-Resolute, L79|183/273 tox\n|-damage|p1a: Keldeo|138/273 tox|[from] Spikes\n|turn|33\n|\n|t:|1771188524\n|move|p1a: Keldeo|Secret Sword|p2a: Iron Crown\n|-crit|p2a: Iron Crown\n|-damage|p2a: Iron Crown|0 fnt\n|faint|p2a: Iron Crown\n|-end|p2a: Iron Crown|Quark Drive|[silent]\n|\n|win|Micael Lopes\n|raw|Micael Lopes's rating: 1724 &rarr; <strong>1744</strong><br />(+20 for winning)\n|raw|dirtydan99's rating: 1720 &rarr; <strong>1700</strong><br />(-20 for losing)\n|c|☆Micael Lopes|**__Sexy game.__**\n|l|☆dirtydan99\n|player|p2|\n", "inputlog": ">version 686819e5e19f8a7fd2345cfc5a08a5085efa2cc3\n>start {\"formatid\":\"gen9randombattle\",\"seed\":\"sodium,b26b078a6edc3a5f54048658a5d1683e\",\"rated\":\"Rated battle\"}\n>player p1 {\"name\":\"Micael Lopes\",\"avatar\":\"benga\",\"rating\":1741,\"seed\":\"sodium,ee9897d5c43dad37942e1c92d62c790d\"}\n>player p2 {\"name\":\"dirtydan99\",\"avatar\":\"266\",\"rating\":1720,\"seed\":\"sodium,8c7270ab364a9595a9679c85dbe4e8a2\"}\n>p1 move hydropump\n>p2 move toxicspikes\n>p1 switch 6\n>p2 move toxicspikes\n>p1 move irondefense\n>p2 move gunkshot\n>p1 move synthesis\n>p2 move spikes\n>p1 move synthesis\n>p2 move gunkshot\n>p1 move trailblaze\n>p2 move spikes\n>p1 move irondefense\n>p2 move gunkshot\n>p1 move synthesis\n>p2 switch 5\n>p1 move trailblaze\n>p2 move shadowball\n>p1 move trailblaze\n>p2 switch 5\n>p1 move bodypress\n>p2 move gunkshot\n>p1 move bodypress\n>p2 switch 4\n>p1 move synthesis\n>p2 move machpunch\n>p1 move bodypress\n>p2 switch 4\n>p2 switch 5\n>p1 move trailblaze\n>p2 move nastyplot\n>p1 move trailblaze\n>p2 move nastyplot\n>p1 move trailblaze\n>p2 move darkpulse\n>p1 switch 6\n>p1 move flipturn\n>p2 move shadowball\n>p1 switch 4\n>p2 switch 2\n>p1 move trick\n>p2 move nastyplot\n>p1 move bittermalice\n>p2 switch 4\n>p2 switch 3\n>p1 move bittermalice\n>p2 move earthquake\n>p1 switch 3\n>p1 move psystrike\n>p2 switch 6\n>p1 move fireblast\n>p2 move voltswitch\n>p2 switch 6\n>p1 move recover\n>p2 switch 4\n>p1 move aurasphere\n>p2 switch 4\n>p1 move aurasphere\n>p2 move uturn\n>p1 switch 4\n>p2 switch 6\n>p1 move flipturn\n>p2 move psyshock\n>p1 switch 5\n>p1 move thunderwave\n>p2 switch 4\n>p1 move gunkshot\n>p2 switch 4\n>p1 switch 2\n>p1 move thunderbolt\n>p2 switch 4\n>p1 move thunderbolt\n>p2 move darkpulse\n>p2 switch 4\n>p1 move thunderbolt\n>p2 move psyshock\n>p1 switch 5\n>p1 move secretsword\n>p2 move psyshock", "uploadtime": 1771188528, "views": 8, "formatid": "gen9randombattle", "rating": 1700, "private": 0, "password": null}