{"id": "gen9randombattle-2540321117", "format": "[Gen 9] Random Battle", "players": ["Ivar57", "F1ish"], "log": "|badge|p1|bronze|gen9randombattle|100-8\n|uhtml|medal-msg|<div class=\"broadcast-blue\">Curious what those medals under the avatar are? PS now has Ladder Seasons! For more information, check out the <a href=\"https://www.smogon.com/forums/threads/3740067/\">thread on Smogon.</a></div>\n|badge|p2|bronze|gen9randombattle|100-8\n|uhtml|medal-msg|<div class=\"broadcast-blue\">Curious what those medals under the avatar are? PS now has Ladder Seasons! For more information, check out the <a href=\"https://www.smogon.com/forums/threads/3740067/\">thread on Smogon.</a></div>\n|j|☆Ivar57\n|j|‽F1ish\n|t:|1771188483\n|gametype|singles\n|player|p1|Ivar57|#rbtt9moons2|2344\n|player|p2|F1ish|102|2326\n|gen|9\n|tier|[Gen 9] Random Battle\n|rated|\n|rule|Species Clause: Limit one of each Pokémon\n|rule|HP Percentage Mod: HP is shown in percentages\n|rule|Sleep Clause Mod: Limit one foe put to sleep\n|rule|Illusion Level Mod: Illusion disguises the Pokémon's true level\n|\n|t:|1771188483\n|teamsize|p1|6\n|teamsize|p2|6\n|start\n|switch|p1a: Duraludon|Duraludon, L82, M|249/249\n|switch|p2a: Ribombee|Ribombee, L83, F|235/235\n|turn|1\n|inactive|Battle timer is ON: inactive players will automatically lose when time's up. (requested by F1ish)\n|\n|t:|1771188506\n|move|p2a: Ribombee|Moonblast|p1a: Duraludon\n|-damage|p1a: Duraludon|156/249\n|-unboost|p1a: Duraludon|spa|1\n|move|p1a: Duraludon|Thunder Wave|p2a: Ribombee\n|-status|p2a: Ribombee|par\n|\n|upkeep\n|turn|2\n|\n|t:|1771188512\n|move|p1a: Duraludon|Flash Cannon|p2a: Ribombee\n|-supereffective|p2a: Ribombee\n|-damage|p2a: Ribombee|89/235 par\n|move|p2a: Ribombee|Moonblast|p1a: Duraludon\n|-damage|p1a: Duraludon|63/249\n|\n|upkeep\n|turn|3\n|\n|t:|1771188526\n|switch|p2a: Tentacruel|Tentacruel, L84, F|272/272\n|move|p1a: Duraludon|Flash Cannon|p2a: Tentacruel\n|-resisted|p2a: Tentacruel\n|-damage|p2a: Tentacruel|257/272\n|\n|upkeep\n|turn|4\n|\n|t:|1771188534\n|move|p2a: Tentacruel|Flip Turn|p1a: Duraludon\n|-resisted|p1a: Duraludon\n|-damage|p1a: Duraludon|50/249\n|\n|t:|1771188537\n|switch|p2a: Gliscor|Gliscor, L76, M|239/239|[from] Flip Turn\n|move|p1a: Duraludon|Thunder Wave|p2a: Gliscor\n|-immune|p2a: Gliscor\n|\n|-status|p2a: Gliscor|tox|[from] item: Toxic Orb\n|upkeep\n|turn|5\n|inactive|Ivar57 has 120 seconds left.\n|\n|t:|1771188587\n|switch|p1a: Lurantis|Lurantis, L87, F|264/264\n|move|p2a: Gliscor|Earthquake|p1a: Lurantis\n|-resisted|p1a: Lurantis\n|-damage|p1a: Lurantis|220/264\n|\n|-heal|p1a: Lurantis|236/264|[from] item: Leftovers\n|upkeep\n|turn|6\n|\n|t:|1771188595\n|move|p2a: Gliscor|Protect|p2a: Gliscor\n|-singleturn|p2a: Gliscor|Protect\n|move|p1a: Lurantis|Leaf Storm|p2a: Gliscor\n|-activate|p2a: Gliscor|move: Protect\n|\n|-heal|p1a: Lurantis|252/264|[from] item: Leftovers\n|upkeep\n|turn|7\n|\n|t:|1771188598\n|switch|p2a: Zebstrika|Zebstrika, L87, M|272/272\n|move|p1a: Lurantis|Leaf Storm|p2a: Zebstrika\n|-ability|p2a: Zebstrika|Sap Sipper|boost\n|-boost|p2a: Zebstrika|atk|1\n|\n|-heal|p1a: Lurantis|264/264|[from] item: Leftovers\n|upkeep\n|turn|8\n|j| MidnightBeasts\n|inactive|Ivar57 has 120 seconds left.\n|\n|t:|1771188611\n|switch|p1a: Duraludon|Duraludon, L82, M|50/249\n|move|p2a: Zebstrika|Overheat|p1a: Duraludon\n|-crit|p1a: Duraludon\n|-damage|p1a: Duraludon|0 fnt\n|-unboost|p2a: Zebstrika|spa|2\n|faint|p1a: Duraludon\n|-damage|p2a: Zebstrika|245/272|[from] item: Life Orb\n|\n|upkeep\n|\n|t:|1771188625\n|switch|p1a: Lurantis|Lurantis, L87, F|264/264\n|turn|9\n|\n|t:|1771188631\n|switch|p2a: Tentacruel|Tentacruel, L84, F|257/272\n|move|p1a: Lurantis|Superpower|p2a: Tentacruel\n|-resisted|p2a: Tentacruel\n|-damage|p2a: Tentacruel|193/272\n|-boost|p1a: Lurantis|atk|1\n|-boost|p1a: Lurantis|def|1\n|\n|upkeep\n|turn|10\n|inactive|Ivar57 has 120 seconds left.\n|\n|t:|1771188658\n|-terastallize|p1a: Lurantis|Fighting\n|move|p2a: Tentacruel|Sludge Bomb|p1a: Lurantis\n|-damage|p1a: Lurantis|183/264\n|-status|p1a: Lurantis|psn\n|move|p1a: Lurantis|Superpower|p2a: Tentacruel\n|-resisted|p2a: Tentacruel\n|-damage|p2a: Tentacruel|55/272\n|-boost|p1a: Lurantis|atk|1\n|-boost|p1a: Lurantis|def|1\n|\n|-heal|p1a: Lurantis|199/264 psn|[from] item: Leftovers\n|-damage|p1a: Lurantis|166/264 psn|[from] psn\n|upkeep\n|turn|11\n|\n|t:|1771188665\n|move|p2a: Tentacruel|Sludge Bomb|p1a: Lurantis\n|-damage|p1a: Lurantis|87/264 psn\n|move|p1a: Lurantis|Superpower|p2a: Tentacruel\n|-resisted|p2a: Tentacruel\n|-damage|p2a: Tentacruel|0 fnt\n|-boost|p1a: Lurantis|atk|1\n|-boost|p1a: Lurantis|def|1\n|faint|p2a: Tentacruel\n|\n|-heal|p1a: Lurantis|103/264 psn|[from] item: Leftovers\n|-damage|p1a: Lurantis|70/264 psn|[from] psn\n|upkeep\n|\n|t:|1771188673\n|switch|p2a: Zebstrika|Zebstrika, L87, M|245/272\n|turn|12\n|\n|t:|1771188680\n|switch|p1a: Thundurus|Thundurus-Therian, L80, M|258/258\n|move|p2a: Zebstrika|Volt Switch|p1a: Thundurus\n|-immune|p1a: Thundurus|[from] ability: Volt Absorb\n|\n|upkeep\n|turn|13\n|\n|t:|1771188687\n|switch|p2a: Gliscor|Gliscor, L76, M|239/239 tox\n|move|p1a: Thundurus|Nasty Plot|p1a: Thundurus\n|-boost|p1a: Thundurus|spa|2\n|\n|upkeep\n|turn|14\n|\n|t:|1771188698\n|move|p1a: Thundurus|Nasty Plot|p1a: Thundurus\n|-boost|p1a: Thundurus|spa|2\n|move|p2a: Gliscor|Toxic|p1a: Thundurus|[miss]\n|-miss|p2a: Gliscor|p1a: Thundurus\n|\n|upkeep\n|turn|15\n|\n|t:|1771188710\n|move|p2a: Gliscor|Protect|p2a: Gliscor\n|-singleturn|p2a: Gliscor|Protect\n|move|p1a: Thundurus|Tera Blast|p2a: Gliscor\n|-activate|p2a: Gliscor|move: Protect\n|\n|upkeep\n|turn|16\n|\n|t:|1771188725\n|move|p1a: Thundurus|Tera Blast|p2a: Gliscor\n|-damage|p2a: Gliscor|0 fnt\n|faint|p2a: Gliscor\n|\n|upkeep\n|\n|t:|1771188730\n|switch|p2a: Granbull|Granbull, L88, F|302/302\n|-ability|p2a: Granbull|Intimidate|boost\n|-unboost|p1a: Thundurus|atk|1\n|turn|17\n|\n|t:|1771188736\n|-terastallize|p2a: Granbull|Ground\n|move|p1a: Thundurus|Thunderbolt|p2a: Granbull\n|-immune|p2a: Granbull\n|move|p2a: Granbull|Encore|p1a: Thundurus\n|-start|p1a: Thundurus|Encore\n|\n|upkeep\n|turn|18\n|\n|t:|1771188743\n|switch|p1a: Talonflame|Talonflame, L83, F|265/265\n|move|p2a: Granbull|Play Rough|p1a: Talonflame\n|-resisted|p1a: Talonflame\n|-damage|p1a: Talonflame|187/265\n|-status|p2a: Granbull|brn|[from] ability: Flame Body|[of] p1a: Talonflame\n|\n|-damage|p2a: Granbull|284/302 brn|[from] brn\n|upkeep\n|turn|19\n|\n|t:|1771188753\n|switch|p1a: Thundurus|Thundurus-Therian, L80, M|258/258\n|move|p2a: Granbull|Thunder Wave|p1a: Thundurus\n|-immune|p1a: Thundurus|[from] ability: Volt Absorb\n|\n|-heal|p2a: Granbull|302/302 brn|[from] item: Leftovers\n|-damage|p2a: Granbull|284/302 brn|[from] brn\n|upkeep\n|turn|20\n|\n|t:|1771188763\n|move|p1a: Thundurus|Nasty Plot|p1a: Thundurus\n|-boost|p1a: Thundurus|spa|2\n|move|p2a: Granbull|Play Rough|p1a: Thundurus\n|-damage|p1a: Thundurus|185/258\n|\n|-heal|p2a: Granbull|302/302 brn|[from] item: Leftovers\n|-damage|p2a: Granbull|284/302 brn|[from] brn\n|upkeep\n|turn|21\n|\n|t:|1771188767\n|move|p1a: Thundurus|Tera Blast|p2a: Granbull\n|-damage|p2a: Granbull|91/302 brn\n|move|p2a: Granbull|Play Rough|p1a: Thundurus\n|-damage|p1a: Thundurus|103/258\n|\n|-heal|p2a: Granbull|109/302 brn|[from] item: Leftovers\n|-damage|p2a: Granbull|91/302 brn|[from] brn\n|upkeep\n|turn|22\n|\n|t:|1771188771\n|move|p1a: Thundurus|Tera Blast|p2a: Granbull\n|-damage|p2a: Granbull|0 fnt\n|faint|p2a: Granbull\n|\n|upkeep\n|\n|t:|1771188772\n|switch|p2a: Zebstrika|Zebstrika, L87, M|245/272\n|turn|23\n|\n|t:|1771188777\n|switch|p1a: Lurantis|Lurantis, L87, F, tera:Fighting|70/264 psn\n|move|p2a: Zebstrika|Overheat|p1a: Lurantis\n|-damage|p1a: Lurantis|0 fnt\n|-unboost|p2a: Zebstrika|spa|2\n|faint|p1a: Lurantis\n|-damage|p2a: Zebstrika|218/272|[from] item: Life Orb\n|\n|upkeep\n|\n|t:|1771188783\n|switch|p1a: Espathra|Espathra, L80, M|283/283\n|turn|24\n|\n|t:|1771188790\n|move|p2a: Zebstrika|Supercell Slam|p1a: Espathra\n|-crit|p1a: Espathra\n|-damage|p1a: Espathra|0 fnt\n|faint|p1a: Espathra\n|-damage|p2a: Zebstrika|191/272|[from] item: Life Orb\n|\n|upkeep\n|\n|t:|1771188800\n|switch|p1a: Thundurus|Thundurus-Therian, L80, M|103/258\n|turn|25\n|\n|t:|1771188811\n|switch|p2a: Ribombee|Ribombee, L83, F|89/235 par\n|move|p1a: Thundurus|Tera Blast|p2a: Ribombee\n|-damage|p2a: Ribombee|0 fnt\n|faint|p2a: Ribombee\n|\n|upkeep\n|\n|t:|1771188813\n|switch|p2a: Zebstrika|Zebstrika, L87, M|191/272\n|turn|26\n|\n|t:|1771188820\n|switch|p1a: Talonflame|Talonflame, L83, F|187/265\n|move|p2a: Zebstrika|Supercell Slam|p1a: Talonflame\n|-supereffective|p1a: Talonflame\n|-damage|p1a: Talonflame|0 fnt\n|faint|p1a: Talonflame\n|-damage|p2a: Zebstrika|164/272|[from] item: Life Orb\n|\n|upkeep\n|\n|t:|1771188830\n|switch|p1a: Electrode|Electrode-Hisui, L87|246/246\n|turn|27\n|\n|t:|1771188836\n|move|p1a: Electrode|Substitute|p1a: Electrode\n|-start|p1a: Electrode|Substitute\n|-damage|p1a: Electrode|185/246\n|move|p2a: Zebstrika|Overheat|p1a: Electrode|[miss]\n|-miss|p2a: Zebstrika|p1a: Electrode\n|\n|-heal|p1a: Electrode|200/246|[from] item: Leftovers\n|upkeep\n|turn|28\n|\n|t:|1771188845\n|move|p1a: Electrode|Thunderbolt|p2a: Zebstrika\n|-resisted|p2a: Zebstrika\n|-damage|p2a: Zebstrika|106/272\n|move|p2a: Zebstrika|Overheat|p1a: Electrode\n|-supereffective|p1a: Electrode\n|-end|p1a: Electrode|Substitute\n|-unboost|p2a: Zebstrika|spa|2\n|-damage|p2a: Zebstrika|79/272|[from] item: Life Orb\n|\n|-heal|p1a: Electrode|215/246|[from] item: Leftovers\n|upkeep\n|turn|29\n|\n|t:|1771188851\n|switch|p2a: Kingdra|Kingdra, L84, M|263/263\n|move|p1a: Electrode|Substitute|p1a: Electrode\n|-start|p1a: Electrode|Substitute\n|-damage|p1a: Electrode|154/246\n|\n|-heal|p1a: Electrode|169/246|[from] item: Leftovers\n|upkeep\n|turn|30\n|\n|t:|1771188856\n|move|p1a: Electrode|Leech Seed|p2a: Kingdra\n|-start|p2a: Kingdra|move: Leech Seed\n|move|p2a: Kingdra|Outrage|p1a: Electrode\n|-end|p1a: Electrode|Substitute\n|\n|-heal|p1a: Electrode|184/246|[from] item: Leftovers\n|-damage|p2a: Kingdra|231/263|[from] Leech Seed|[of] p1a: Electrode\n|-heal|p1a: Electrode|216/246|[silent]\n|upkeep\n|turn|31\n|\n|t:|1771188867\n|move|p1a: Electrode|Substitute|p1a: Electrode\n|-start|p1a: Electrode|Substitute\n|-damage|p1a: Electrode|155/246\n|move|p2a: Kingdra|Outrage|p1a: Electrode|[from] lockedmove\n|-end|p1a: Electrode|Substitute\n|-start|p2a: Kingdra|confusion|[fatigue]\n|-enditem|p2a: Kingdra|Lum Berry|[eat]\n|-end|p2a: Kingdra|confusion\n|\n|-heal|p1a: Electrode|170/246|[from] item: Leftovers\n|-damage|p2a: Kingdra|199/263|[from] Leech Seed|[of] p1a: Electrode\n|-heal|p1a: Electrode|202/246|[silent]\n|upkeep\n|turn|32\n|\n|t:|1771188874\n|switch|p2a: Zebstrika|Zebstrika, L87, M|79/272\n|move|p1a: Electrode|Substitute|p1a: Electrode\n|-start|p1a: Electrode|Substitute\n|-damage|p1a: Electrode|141/246\n|\n|-heal|p1a: Electrode|156/246|[from] item: Leftovers\n|upkeep\n|turn|33\n|\n|t:|1771188879\n|move|p1a: Electrode|Thunderbolt|p2a: Zebstrika\n|-resisted|p2a: Zebstrika\n|-damage|p2a: Zebstrika|22/272\n|move|p2a: Zebstrika|Overheat|p1a: Electrode|[miss]\n|-miss|p2a: Zebstrika|p1a: Electrode\n|\n|-heal|p1a: Electrode|171/246|[from] item: Leftovers\n|upkeep\n|turn|34\n|\n|t:|1771188883\n|move|p1a: Electrode|Thunderbolt|p2a: Zebstrika\n|-resisted|p2a: Zebstrika\n|-damage|p2a: Zebstrika|0 fnt\n|faint|p2a: Zebstrika\n|\n|-heal|p1a: Electrode|186/246|[from] item: Leftovers\n|upkeep\n|-message|F1ish forfeited.\n|\n|win|Ivar57\n|raw|Ivar57's rating: 2344 &rarr; <strong>2363</strong><br />(+19 for winning)\n|raw|F1ish's rating: 2326 &rarr; <strong>2307</strong><br />(-19 for losing)\n", "inputlog": ">version 686819e5e19f8a7fd2345cfc5a08a5085efa2cc3\n>start {\"formatid\":\"gen9randombattle\",\"seed\":\"sodium,1596c4e2d58fdb155abe7468f9e114f6\",\"rated\":\"Rated battle\"}\n>player p1 {\"name\":\"Ivar57\",\"avatar\":\"#rbtt9moons2\",\"rating\":2344,\"seed\":\"sodium,69add7b1464631b82df1cc92d4142414\"}\n>player p2 {\"name\":\"F1ish\",\"avatar\":\"102\",\"rating\":2326,\"seed\":\"sodium,21a64f12eecad05efc65dd8323021280\"}\n>p1 move thunderwave\n>p2 move moonblast\n>p1 move flashcannon\n>p2 move moonblast\n>p1 move flashcannon\n>p2 switch 6\n>p1 move thunderwave\n>p2 move flipturn\n>p2 switch 3\n>p1 switch 6\n>p2 move earthquake\n>p1 move leafstorm\n>p2 move protect\n>p1 move leafstorm\n>p2 switch 2\n>p1 switch 6\n>p2 move overheat\n>p1 switch 6\n>p1 move superpower\n>p2 switch 3\n>p1 move superpower terastallize\n>p2 move sludgebomb\n>p1 move superpower\n>p2 move sludgebomb\n>p2 switch 3\n>p1 switch 4\n>p2 move voltswitch\n>p1 move nastyplot\n>p2 switch 2\n>p1 move nastyplot\n>p2 move toxic\n>p1 move terablast\n>p2 move protect\n>p1 move terablast\n>p2 move toxic\n>p2 switch 4\n>p1 move thunderbolt\n>p2 move encore terastallize\n>p1 switch 3\n>p2 move playrough\n>p1 switch 3\n>p2 move thunderwave\n>p1 move nastyplot\n>p2 move playrough\n>p1 move terablast\n>p2 move playrough\n>p1 move terablast\n>p2 move playrough\n>p2 switch 2\n>p1 switch 4\n>p2 move overheat\n>p1 switch 5\n>p1 move luminacrash\n>p2 move supercellslam\n>p1 switch 4\n>p1 move terablast\n>p2 switch 6\n>p2 switch 6\n>p1 switch 3\n>p2 move supercellslam\n>p1 switch 2\n>p1 move substitute\n>p2 move overheat\n>p1 move thunderbolt\n>p2 move overheat\n>p1 move substitute\n>p2 switch 5\n>p1 move leechseed\n>p2 move outrage\n>p1 move substitute\n>p2 move outrage\n>p1 move substitute\n>p2 switch 5\n>p1 move thunderbolt\n>p2 move overheat\n>p1 move thunderbolt\n>p2 move overheat\n>forcelose p2", "uploadtime": 1771188887, "views": 22, "formatid": "gen9randombattle", "rating": 2307, "private": 0, "password": null}