{"id": "gen9randombattle-2540521960", "format": "[Gen 9] Random Battle", "players": ["Timster757", "malpals"], "log": "|j|☆Timster757\n|j|☆malpals\n|t:|1771212622\n|gametype|singles\n|player|p1|Timster757|lucas|1605\n|player|p2|malpals|preschoolerf|1661\n|gen|9\n|tier|[Gen 9] Random Battle\n|rated|\n|rule|Species Clause: Limit one of each Pokémon\n|rule|HP Percentage Mod: HP is shown in percentages\n|rule|Sleep Clause Mod: Limit one foe put to sleep\n|rule|Illusion Level Mod: Illusion disguises the Pokémon's true level\n|\n|t:|1771212622\n|teamsize|p1|6\n|teamsize|p2|6\n|start\n|switch|p1a: Krookodile|Krookodile, L80, M|283/283\n|switch|p2a: Deoxys|Deoxys-Defense, L84|221/221\n|-ability|p2a: Deoxys|Pressure\n|-ability|p1a: Krookodile|Intimidate|boost\n|-unboost|p2a: Deoxys|atk|1\n|turn|1\n|inactive|Battle timer is ON: inactive players will automatically lose when time's up. (requested by Timster757)\n|\n|t:|1771212643\n|switch|p2a: Tauros|Tauros-Paldea-Combat, L82, M|257/257\n|-ability|p2a: Tauros|Intimidate|boost\n|-unboost|p1a: Krookodile|atk|1\n|move|p1a: Krookodile|Knock Off|p2a: Tauros\n|-resisted|p2a: Tauros\n|-damage|p2a: Tauros|225/257\n|-enditem|p2a: Tauros|Choice Band|[from] move: Knock Off|[of] p1a: Krookodile\n|\n|upkeep\n|turn|2\n|\n|t:|1771212653\n|switch|p1a: Kricketune|Kricketune, L99, F|312/312\n|move|p2a: Tauros|Close Combat|p1a: Kricketune\n|-resisted|p1a: Kricketune\n|-damage|p1a: Kricketune|222/312\n|-unboost|p2a: Tauros|def|1\n|-unboost|p2a: Tauros|spd|1\n|\n|upkeep\n|turn|3\n|\n|t:|1771212658\n|move|p2a: Tauros|Stone Edge|p1a: Kricketune\n|-supereffective|p1a: Kricketune\n|-damage|p1a: Kricketune|32/312\n|move|p1a: Kricketune|Sticky Web|p2a: Tauros\n|-sidestart|p2: malpals|move: Sticky Web\n|\n|upkeep\n|turn|4\n|\n|t:|1771212667\n|move|p2a: Tauros|Iron Head|p1a: Kricketune\n|-damage|p1a: Kricketune|0 fnt\n|faint|p1a: Kricketune\n|\n|upkeep\n|\n|t:|1771212679\n|switch|p1a: Wugtrio|Wugtrio, L91, M|212/212\n|turn|5\n|\n|t:|1771212700\n|move|p1a: Wugtrio|Liquidation|p2a: Tauros\n|-damage|p2a: Tauros|5/257\n|move|p2a: Tauros|Close Combat|p1a: Wugtrio\n|-damage|p1a: Wugtrio|32/212\n|-unboost|p2a: Tauros|def|1\n|-unboost|p2a: Tauros|spd|1\n|-ability|p1a: Wugtrio|Gooey\n|-unboost|p2a: Tauros|spe|1\n|\n|upkeep\n|turn|6\n|inactive|malpals has 120 seconds left.\n|\n|t:|1771212741\n|move|p1a: Wugtrio|Liquidation|p2a: Tauros\n|-damage|p2a: Tauros|0 fnt\n|faint|p2a: Tauros\n|\n|upkeep\n|\n|t:|1771212755\n|switch|p2a: Jumpluff|Jumpluff, L87, M|271/271\n|turn|7\n|\n|t:|1771212761\n|switch|p1a: Vigoroth|Vigoroth, L85, M|275/275\n|move|p2a: Jumpluff|Acrobatics|p1a: Vigoroth\n|-damage|p1a: Vigoroth|220/275\n|\n|upkeep\n|turn|8\n|\n|t:|1771212768\n|move|p2a: Jumpluff|Strength Sap|p1a: Vigoroth\n|-unboost|p1a: Vigoroth|atk|1\n|move|p1a: Vigoroth|Body Slam|p2a: Jumpluff\n|-crit|p2a: Jumpluff\n|-damage|p2a: Jumpluff|142/271\n|-status|p2a: Jumpluff|par\n|\n|upkeep\n|turn|9\n|\n|t:|1771212774\n|move|p1a: Vigoroth|Bulk Up|p1a: Vigoroth\n|-boost|p1a: Vigoroth|atk|1\n|-boost|p1a: Vigoroth|def|1\n|move|p2a: Jumpluff|Strength Sap|p1a: Vigoroth\n|-unboost|p1a: Vigoroth|atk|1\n|-heal|p2a: Jumpluff|271/271 par\n|\n|upkeep\n|turn|10\n|inactive|malpals has 120 seconds left.\n|\n|t:|1771212781\n|move|p1a: Vigoroth|Bulk Up|p1a: Vigoroth\n|-boost|p1a: Vigoroth|atk|1\n|-boost|p1a: Vigoroth|def|1\n|move|p2a: Jumpluff|Encore|p1a: Vigoroth\n|-start|p1a: Vigoroth|Encore\n|\n|upkeep\n|turn|11\n|\n|t:|1771212790\n|switch|p2a: Cinderace|Cinderace, L77, F|249/249\n|-activate|p2a: Cinderace|move: Sticky Web\n|-unboost|p2a: Cinderace|spe|1\n|move|p1a: Vigoroth|Bulk Up|p1a: Vigoroth\n|-boost|p1a: Vigoroth|atk|1\n|-boost|p1a: Vigoroth|def|1\n|\n|upkeep\n|turn|12\n|\n|t:|1771212794\n|move|p1a: Vigoroth|Bulk Up|p1a: Vigoroth\n|-boost|p1a: Vigoroth|atk|1\n|-boost|p1a: Vigoroth|def|1\n|move|p2a: Cinderace|High Jump Kick|p1a: Vigoroth\n|-start|p2a: Cinderace|typechange|Fighting|[from] ability: Libero\n|-supereffective|p1a: Vigoroth\n|-damage|p1a: Vigoroth|118/275\n|\n|upkeep\n|turn|13\n|\n|t:|1771212802\n|-terastallize|p1a: Vigoroth|Ghost\n|move|p1a: Vigoroth|Bulk Up|p1a: Vigoroth\n|-boost|p1a: Vigoroth|atk|1\n|-boost|p1a: Vigoroth|def|1\n|move|p2a: Cinderace|High Jump Kick|p1a: Vigoroth\n|-immune|p1a: Vigoroth\n|-damage|p2a: Cinderace|125/249|[from] highjumpkick\n|\n|-end|p1a: Vigoroth|Encore\n|upkeep\n|turn|14\n|\n|t:|1771212807\n|switch|p2a: Jumpluff|Jumpluff, L87, M|271/271 par\n|move|p1a: Vigoroth|Slack Off|p1a: Vigoroth\n|-heal|p1a: Vigoroth|256/275\n|\n|upkeep\n|turn|15\n|\n|t:|1771212812\n|move|p1a: Vigoroth|Body Slam|p2a: Jumpluff\n|-damage|p2a: Jumpluff|45/271 par\n|move|p2a: Jumpluff|Strength Sap|p1a: Vigoroth\n|-unboost|p1a: Vigoroth|atk|1\n|-heal|p2a: Jumpluff|271/271 par\n|\n|upkeep\n|turn|16\n|\n|t:|1771212819\n|move|p1a: Vigoroth|Bulk Up|p1a: Vigoroth\n|-boost|p1a: Vigoroth|atk|1\n|-boost|p1a: Vigoroth|def|1\n|move|p2a: Jumpluff|Strength Sap|p1a: Vigoroth\n|-unboost|p1a: Vigoroth|atk|1\n|\n|upkeep\n|turn|17\n|\n|t:|1771212825\n|move|p1a: Vigoroth|Body Slam|p2a: Jumpluff\n|-damage|p2a: Jumpluff|82/271 par\n|move|p2a: Jumpluff|Encore|p1a: Vigoroth\n|-start|p1a: Vigoroth|Encore\n|\n|upkeep\n|turn|18\n|\n|t:|1771212832\n|move|p1a: Vigoroth|Body Slam|p2a: Jumpluff\n|-damage|p2a: Jumpluff|0 fnt\n|faint|p2a: Jumpluff\n|\n|upkeep\n|\n|t:|1771212837\n|switch|p2a: Weezing|Weezing, L88, F|258/258\n|turn|19\n|\n|t:|1771212839\n|move|p1a: Vigoroth|Body Slam|p2a: Weezing\n|-damage|p2a: Weezing|147/258\n|move|p2a: Weezing|Will-O-Wisp|p1a: Vigoroth\n|-status|p1a: Vigoroth|brn\n|\n|-heal|p2a: Weezing|163/258|[from] item: Leftovers\n|-damage|p1a: Vigoroth|239/275 brn|[from] brn\n|upkeep\n|turn|20\n|\n|t:|1771212844\n|move|p1a: Vigoroth|Body Slam|p2a: Weezing\n|-damage|p2a: Weezing|100/258\n|-status|p2a: Weezing|par\n|move|p2a: Weezing|Pain Split|p1a: Vigoroth\n|-sethp|p1a: Vigoroth|169/275 brn|[from] move: Pain Split|[silent]\n|-sethp|p2a: Weezing|169/258 par|[from] move: Pain Split\n|\n|-heal|p2a: Weezing|185/258 par|[from] item: Leftovers\n|-damage|p1a: Vigoroth|152/275 brn|[from] brn\n|-end|p1a: Vigoroth|Encore\n|upkeep\n|turn|21\n|\n|t:|1771212856\n|move|p1a: Vigoroth|Bulk Up|p1a: Vigoroth\n|-boost|p1a: Vigoroth|atk|1\n|-boost|p1a: Vigoroth|def|0\n|move|p2a: Weezing|Fire Blast|p1a: Vigoroth|[miss]\n|-miss|p2a: Weezing|p1a: Vigoroth\n|\n|-heal|p2a: Weezing|201/258 par|[from] item: Leftovers\n|-damage|p1a: Vigoroth|135/275 brn|[from] brn\n|upkeep\n|turn|22\n|\n|t:|1771212863\n|move|p1a: Vigoroth|Slack Off|p1a: Vigoroth\n|-heal|p1a: Vigoroth|273/275 brn\n|move|p2a: Weezing|Fire Blast|p1a: Vigoroth|[miss]\n|-miss|p2a: Weezing|p1a: Vigoroth\n|\n|-heal|p2a: Weezing|217/258 par|[from] item: Leftovers\n|-damage|p1a: Vigoroth|256/275 brn|[from] brn\n|upkeep\n|turn|23\n|\n|t:|1771212868\n|move|p1a: Vigoroth|Bulk Up|p1a: Vigoroth\n|-boost|p1a: Vigoroth|atk|1\n|-boost|p1a: Vigoroth|def|0\n|move|p2a: Weezing|Pain Split|p1a: Vigoroth\n|-sethp|p1a: Vigoroth|236/275 brn|[from] move: Pain Split|[silent]\n|-sethp|p2a: Weezing|236/258 par|[from] move: Pain Split\n|\n|-heal|p2a: Weezing|252/258 par|[from] item: Leftovers\n|-damage|p1a: Vigoroth|219/275 brn|[from] brn\n|upkeep\n|turn|24\n|\n|t:|1771212875\n|move|p1a: Vigoroth|Bulk Up|p1a: Vigoroth\n|-boost|p1a: Vigoroth|atk|1\n|-boost|p1a: Vigoroth|def|0\n|cant|p2a: Weezing|par\n|\n|-heal|p2a: Weezing|258/258 par|[from] item: Leftovers\n|-damage|p1a: Vigoroth|202/275 brn|[from] brn\n|upkeep\n|turn|25\n|\n|t:|1771212880\n|move|p1a: Vigoroth|Bulk Up|p1a: Vigoroth\n|-boost|p1a: Vigoroth|atk|1\n|-boost|p1a: Vigoroth|def|0\n|cant|p2a: Weezing|par\n|\n|-damage|p1a: Vigoroth|185/275 brn|[from] brn\n|upkeep\n|turn|26\n|\n|t:|1771212881\n|move|p1a: Vigoroth|Knock Off|p2a: Weezing\n|-damage|p2a: Weezing|161/258 par\n|-enditem|p2a: Weezing|Leftovers|[from] move: Knock Off|[of] p1a: Vigoroth\n|move|p2a: Weezing|Pain Split|p1a: Vigoroth\n|-sethp|p1a: Vigoroth|173/275 brn|[from] move: Pain Split|[silent]\n|-sethp|p2a: Weezing|173/258 par|[from] move: Pain Split\n|\n|-damage|p1a: Vigoroth|156/275 brn|[from] brn\n|upkeep\n|turn|27\n|\n|t:|1771212890\n|move|p1a: Vigoroth|Slack Off|p1a: Vigoroth\n|-heal|p1a: Vigoroth|275/275 brn\n|move|p2a: Weezing|Fire Blast|p1a: Vigoroth\n|-damage|p1a: Vigoroth|209/275 brn\n|\n|-damage|p1a: Vigoroth|192/275 brn|[from] brn\n|upkeep\n|turn|28\n|\n|t:|1771212897\n|move|p1a: Vigoroth|Body Slam|p2a: Weezing\n|-damage|p2a: Weezing|62/258 par\n|cant|p2a: Weezing|par\n|\n|-damage|p1a: Vigoroth|175/275 brn|[from] brn\n|upkeep\n|turn|29\n|\n|t:|1771212905\n|-terastallize|p2a: Weezing|Steel\n|move|p1a: Vigoroth|Body Slam|p2a: Weezing\n|-resisted|p2a: Weezing\n|-damage|p2a: Weezing|0 fnt\n|faint|p2a: Weezing\n|\n|-damage|p1a: Vigoroth|158/275 brn|[from] brn\n|upkeep\n|\n|t:|1771212913\n|switch|p2a: Cinderace|Cinderace, L77, F|125/249\n|-activate|p2a: Cinderace|move: Sticky Web\n|-unboost|p2a: Cinderace|spe|1\n|turn|30\n|\n|t:|1771212915\n|move|p1a: Vigoroth|Body Slam|p2a: Cinderace\n|-damage|p2a: Cinderace|0 fnt\n|faint|p2a: Cinderace\n|\n|-damage|p1a: Vigoroth|141/275 brn|[from] brn\n|upkeep\n|\n|t:|1771212918\n|switch|p2a: Seviper|Seviper, L93, F|287/287\n|-activate|p2a: Seviper|move: Sticky Web\n|-unboost|p2a: Seviper|spe|1\n|turn|31\n|\n|t:|1771212924\n|move|p1a: Vigoroth|Body Slam|p2a: Seviper\n|-damage|p2a: Seviper|83/287\n|-status|p2a: Seviper|par\n|move|p2a: Seviper|Trailblaze|p1a: Vigoroth\n|-damage|p1a: Vigoroth|132/275 brn\n|-boost|p2a: Seviper|spe|1\n|\n|-heal|p2a: Seviper|100/287 par|[from] item: Leftovers\n|-damage|p1a: Vigoroth|115/275 brn|[from] brn\n|upkeep\n|turn|32\n|\n|t:|1771212930\n|move|p1a: Vigoroth|Body Slam|p2a: Seviper\n|-damage|p2a: Seviper|0 fnt\n|faint|p2a: Seviper\n|\n|-damage|p1a: Vigoroth|98/275 brn|[from] brn\n|upkeep\n|\n|t:|1771212931\n|switch|p2a: Deoxys|Deoxys-Defense, L84|221/221\n|-activate|p2a: Deoxys|move: Sticky Web\n|-unboost|p2a: Deoxys|spe|1\n|-ability|p2a: Deoxys|Pressure\n|turn|33\n|\n|t:|1771212937\n|move|p1a: Vigoroth|Knock Off|p2a: Deoxys\n|-supereffective|p2a: Deoxys\n|-damage|p2a: Deoxys|78/221\n|-enditem|p2a: Deoxys|Leftovers|[from] move: Knock Off|[of] p1a: Vigoroth\n|move|p2a: Deoxys|Recover|p2a: Deoxys\n|-heal|p2a: Deoxys|189/221\n|\n|-damage|p1a: Vigoroth|81/275 brn|[from] brn\n|upkeep\n|turn|34\n|\n|t:|1771212943\n|move|p1a: Vigoroth|Slack Off|p1a: Vigoroth\n|-heal|p1a: Vigoroth|219/275 brn\n|move|p2a: Deoxys|Cosmic Power|p2a: Deoxys\n|-boost|p2a: Deoxys|def|1\n|-boost|p2a: Deoxys|spd|1\n|\n|-damage|p1a: Vigoroth|202/275 brn|[from] brn\n|upkeep\n|turn|35\n|\n|t:|1771212947\n|move|p1a: Vigoroth|Body Slam|p2a: Deoxys\n|-damage|p2a: Deoxys|119/221\n|move|p2a: Deoxys|Recover|p2a: Deoxys\n|-heal|p2a: Deoxys|221/221\n|\n|-damage|p1a: Vigoroth|185/275 brn|[from] brn\n|upkeep\n|turn|36\n|\n|t:|1771212952\n|move|p1a: Vigoroth|Body Slam|p2a: Deoxys\n|-damage|p2a: Deoxys|154/221\n|move|p2a: Deoxys|Cosmic Power|p2a: Deoxys\n|-boost|p2a: Deoxys|def|1\n|-boost|p2a: Deoxys|spd|1\n|\n|-damage|p1a: Vigoroth|168/275 brn|[from] brn\n|upkeep\n|turn|37\n|\n|t:|1771212957\n|move|p1a: Vigoroth|Body Slam|p2a: Deoxys\n|-damage|p2a: Deoxys|108/221\n|move|p2a: Deoxys|Recover|p2a: Deoxys\n|-heal|p2a: Deoxys|219/221\n|\n|-damage|p1a: Vigoroth|151/275 brn|[from] brn\n|upkeep\n|turn|38\n|\n|t:|1771212962\n|move|p1a: Vigoroth|Body Slam|p2a: Deoxys\n|-damage|p2a: Deoxys|172/221\n|move|p2a: Deoxys|Cosmic Power|p2a: Deoxys\n|-boost|p2a: Deoxys|def|1\n|-boost|p2a: Deoxys|spd|1\n|\n|-damage|p1a: Vigoroth|134/275 brn|[from] brn\n|upkeep\n|turn|39\n|\n|t:|1771212965\n|move|p1a: Vigoroth|Body Slam|p2a: Deoxys\n|-damage|p2a: Deoxys|128/221\n|-status|p2a: Deoxys|par\n|move|p2a: Deoxys|Cosmic Power|p2a: Deoxys\n|-boost|p2a: Deoxys|def|1\n|-boost|p2a: Deoxys|spd|1\n|\n|-damage|p1a: Vigoroth|117/275 brn|[from] brn\n|upkeep\n|turn|40\n|\n|t:|1771212967\n|move|p1a: Vigoroth|Slack Off|p1a: Vigoroth\n|-heal|p1a: Vigoroth|255/275 brn\n|cant|p2a: Deoxys|par\n|\n|-damage|p1a: Vigoroth|238/275 brn|[from] brn\n|upkeep\n|turn|41\n|\n|t:|1771212970\n|move|p1a: Vigoroth|Knock Off|p2a: Deoxys\n|-supereffective|p2a: Deoxys\n|-damage|p2a: Deoxys|92/221 par\n|move|p2a: Deoxys|Recover|p2a: Deoxys\n|-heal|p2a: Deoxys|203/221 par\n|\n|-damage|p1a: Vigoroth|221/275 brn|[from] brn\n|upkeep\n|turn|42\n|\n|t:|1771212976\n|move|p1a: Vigoroth|Knock Off|p2a: Deoxys\n|-supereffective|p2a: Deoxys\n|-damage|p2a: Deoxys|169/221 par\n|cant|p2a: Deoxys|par\n|\n|-damage|p1a: Vigoroth|204/275 brn|[from] brn\n|upkeep\n|turn|43\n|\n|t:|1771212980\n|move|p1a: Vigoroth|Knock Off|p2a: Deoxys\n|-supereffective|p2a: Deoxys\n|-damage|p2a: Deoxys|136/221 par\n|move|p2a: Deoxys|Cosmic Power|p2a: Deoxys\n|-boost|p2a: Deoxys|def|1\n|-boost|p2a: Deoxys|spd|1\n|\n|-damage|p1a: Vigoroth|187/275 brn|[from] brn\n|upkeep\n|turn|44\n|\n|t:|1771212982\n|move|p1a: Vigoroth|Knock Off|p2a: Deoxys\n|-supereffective|p2a: Deoxys\n|-damage|p2a: Deoxys|105/221 par\n|cant|p2a: Deoxys|par\n|\n|-damage|p1a: Vigoroth|170/275 brn|[from] brn\n|upkeep\n|turn|45\n|\n|t:|1771212985\n|move|p1a: Vigoroth|Knock Off|p2a: Deoxys\n|-supereffective|p2a: Deoxys\n|-damage|p2a: Deoxys|74/221 par\n|move|p2a: Deoxys|Recover|p2a: Deoxys\n|-heal|p2a: Deoxys|185/221 par\n|\n|-damage|p1a: Vigoroth|153/275 brn|[from] brn\n|upkeep\n|turn|46\n|\n|t:|1771212990\n|move|p1a: Vigoroth|Knock Off|p2a: Deoxys\n|-supereffective|p2a: Deoxys\n|-damage|p2a: Deoxys|157/221 par\n|move|p2a: Deoxys|Cosmic Power|p2a: Deoxys\n|-boost|p2a: Deoxys|def|1\n|-boost|p2a: Deoxys|spd|1\n|\n|-damage|p1a: Vigoroth|136/275 brn|[from] brn\n|upkeep\n|turn|47\n|\n|t:|1771212992\n|move|p1a: Vigoroth|Slack Off|p1a: Vigoroth\n|-heal|p1a: Vigoroth|274/275 brn\n|move|p2a: Deoxys|Recover|p2a: Deoxys\n|-heal|p2a: Deoxys|221/221 par\n|\n|-damage|p1a: Vigoroth|257/275 brn|[from] brn\n|upkeep\n|turn|48\n|\n|t:|1771212996\n|move|p1a: Vigoroth|Knock Off|p2a: Deoxys\n|-supereffective|p2a: Deoxys\n|-damage|p2a: Deoxys|196/221 par\n|move|p2a: Deoxys|Stored Power|p1a: Vigoroth\n|-damage|p1a: Vigoroth|62/275 brn\n|\n|-damage|p1a: Vigoroth|45/275 brn|[from] brn\n|upkeep\n|turn|49\n|\n|t:|1771213011\n|move|p1a: Vigoroth|Knock Off|p2a: Deoxys\n|-supereffective|p2a: Deoxys\n|-damage|p2a: Deoxys|170/221 par\n|move|p2a: Deoxys|Night Shade|p1a: Vigoroth\n|-damage|p1a: Vigoroth|0 fnt\n|faint|p1a: Vigoroth\n|\n|upkeep\n|\n|t:|1771213025\n|switch|p1a: Krookodile|Krookodile, L80, M|283/283\n|-ability|p1a: Krookodile|Intimidate|boost\n|-unboost|p2a: Deoxys|atk|1\n|turn|50\n|\n|t:|1771213033\n|switch|p1a: Wugtrio|Wugtrio, L91, M|32/212\n|cant|p2a: Deoxys|par\n|\n|upkeep\n|turn|51\n|\n|t:|1771213037\n|switch|p1a: Krookodile|Krookodile, L80, M|283/283\n|-ability|p1a: Krookodile|Intimidate|boost\n|-unboost|p2a: Deoxys|atk|1\n|move|p2a: Deoxys|Recover|p2a: Deoxys\n|-heal|p2a: Deoxys|221/221 par\n|\n|upkeep\n|turn|52\n|\n|t:|1771213043\n|move|p1a: Krookodile|Bulk Up|p1a: Krookodile\n|-boost|p1a: Krookodile|atk|1\n|-boost|p1a: Krookodile|def|1\n|cant|p2a: Deoxys|par\n|\n|upkeep\n|turn|53\n|\n|t:|1771213048\n|move|p1a: Krookodile|Bulk Up|p1a: Krookodile\n|-boost|p1a: Krookodile|atk|1\n|-boost|p1a: Krookodile|def|1\n|move|p2a: Deoxys|Night Shade|p1a: Krookodile\n|-damage|p1a: Krookodile|199/283\n|\n|-heal|p1a: Krookodile|216/283|[from] item: Leftovers\n|upkeep\n|turn|54\n|\n|t:|1771213053\n|move|p1a: Krookodile|Bulk Up|p1a: Krookodile\n|-boost|p1a: Krookodile|atk|1\n|-boost|p1a: Krookodile|def|1\n|move|p2a: Deoxys|Night Shade|p1a: Krookodile\n|-damage|p1a: Krookodile|132/283\n|\n|-heal|p1a: Krookodile|149/283|[from] item: Leftovers\n|upkeep\n|turn|55\n|\n|t:|1771213067\n|move|p1a: Krookodile|Knock Off|p2a: Deoxys\n|-supereffective|p2a: Deoxys\n|-damage|p2a: Deoxys|161/221 par\n|move|p2a: Deoxys|Night Shade|p1a: Krookodile\n|-damage|p1a: Krookodile|65/283\n|\n|-heal|p1a: Krookodile|82/283|[from] item: Leftovers\n|upkeep\n|turn|56\n|\n|t:|1771213071\n|move|p1a: Krookodile|Earthquake|p2a: Deoxys\n|-damage|p2a: Deoxys|119/221 par\n|move|p2a: Deoxys|Night Shade|p1a: Krookodile\n|-damage|p1a: Krookodile|0 fnt\n|faint|p1a: Krookodile\n|\n|upkeep\n|\n|t:|1771213077\n|switch|p1a: Wugtrio|Wugtrio, L91, M|32/212\n|turn|57\n|\n|t:|1771213082\n|move|p1a: Wugtrio|Throat Chop|p2a: Deoxys\n|-supereffective|p2a: Deoxys\n|-damage|p2a: Deoxys|87/221 par\n|-start|p2a: Deoxys|Throat Chop|[silent]\n|move|p2a: Deoxys|Recover|p2a: Deoxys\n|-heal|p2a: Deoxys|198/221 par\n|\n|upkeep\n|turn|58\n|\n|t:|1771213087\n|move|p1a: Wugtrio|Throat Chop|p2a: Deoxys\n|-supereffective|p2a: Deoxys\n|-damage|p2a: Deoxys|166/221 par\n|cant|p2a: Deoxys|par\n|\n|-end|p2a: Deoxys|Throat Chop|[silent]\n|upkeep\n|turn|59\n|\n|t:|1771213092\n|move|p1a: Wugtrio|Throat Chop|p2a: Deoxys\n|-supereffective|p2a: Deoxys\n|-damage|p2a: Deoxys|134/221 par\n|-start|p2a: Deoxys|Throat Chop|[silent]\n|cant|p2a: Deoxys|par\n|\n|upkeep\n|turn|60\n|\n|t:|1771213094\n|move|p1a: Wugtrio|Throat Chop|p2a: Deoxys\n|-supereffective|p2a: Deoxys\n|-damage|p2a: Deoxys|102/221 par\n|move|p2a: Deoxys|Stored Power|p1a: Wugtrio\n|-damage|p1a: Wugtrio|0 fnt\n|faint|p1a: Wugtrio\n|\n|-end|p2a: Deoxys|Throat Chop|[silent]\n|upkeep\n|\n|t:|1771213104\n|switch|p1a: Arbok|Arbok, L87, F|246/246\n|-ability|p1a: Arbok|Intimidate|boost\n|-unboost|p2a: Deoxys|atk|1\n|turn|61\n|\n|t:|1771213108\n|move|p1a: Arbok|Gunk Shot|p2a: Deoxys\n|-damage|p2a: Deoxys|81/221 par\n|move|p2a: Deoxys|Stored Power|p1a: Arbok\n|-supereffective|p1a: Arbok\n|-damage|p1a: Arbok|0 fnt\n|faint|p1a: Arbok\n|\n|upkeep\n|\n|t:|1771213110\n|switch|p1a: Excadrill|Excadrill, L79, M|303/303\n|-ability|p1a: Excadrill|Mold Breaker\n|turn|62\n|\n|t:|1771213117\n|move|p1a: Excadrill|Iron Head|p2a: Deoxys\n|-damage|p2a: Deoxys|65/221 par\n|cant|p2a: Deoxys|flinch\n|\n|upkeep\n|turn|63\n|\n|t:|1771213121\n|move|p1a: Excadrill|Iron Head|p2a: Deoxys\n|-damage|p2a: Deoxys|49/221 par\n|cant|p2a: Deoxys|par\n|\n|upkeep\n|turn|64\n|\n|t:|1771213124\n|move|p1a: Excadrill|Iron Head|p2a: Deoxys\n|-damage|p2a: Deoxys|33/221 par\n|cant|p2a: Deoxys|flinch\n|\n|upkeep\n|turn|65\n|\n|t:|1771213128\n|move|p1a: Excadrill|Iron Head|p2a: Deoxys\n|-damage|p2a: Deoxys|18/221 par\n|move|p2a: Deoxys|Stored Power|p1a: Excadrill\n|-resisted|p1a: Excadrill\n|-damage|p1a: Excadrill|204/303\n|\n|upkeep\n|turn|66\n|\n|t:|1771213134\n|move|p1a: Excadrill|Iron Head|p2a: Deoxys\n|-damage|p2a: Deoxys|3/221 par\n|cant|p2a: Deoxys|par\n|\n|upkeep\n|turn|67\n|\n|t:|1771213137\n|move|p1a: Excadrill|Iron Head|p2a: Deoxys\n|-damage|p2a: Deoxys|0 fnt\n|faint|p2a: Deoxys\n|\n|win|Timster757\n|raw|Timster757's rating: 1605 &rarr; <strong>1628</strong><br />(+23 for winning)\n|raw|malpals's rating: 1661 &rarr; <strong>1638</strong><br />(-23 for losing)\n", "inputlog": ">version 686819e5e19f8a7fd2345cfc5a08a5085efa2cc3\n>start {\"formatid\":\"gen9randombattle\",\"seed\":\"sodium,22b21c98fb7dd3a09fc591491ffe422e\",\"rated\":\"Rated battle\"}\n>player p1 {\"name\":\"Timster757\",\"avatar\":\"lucas\",\"rating\":1605,\"seed\":\"sodium,3d68f9f0b7472a32e60807bfeac1ea87\"}\n>player p2 {\"name\":\"malpals\",\"avatar\":\"preschoolerf\",\"rating\":1661,\"seed\":\"sodium,d5931aa0b7f6c22955689428e787c6d2\"}\n>p1 move knockoff\n>p2 switch 3\n>p1 switch 5\n>p2 move closecombat\n>p1 move stickyweb\n>p2 move stoneedge\n>p1 move pounce\n>p2 move ironhead\n>p1 switch 4\n>p1 move liquidation\n>p2 move closecombat\n>p1 move liquidation\n>p2 move closecombat\n>p2 switch 6\n>p1 switch 2\n>p2 move acrobatics\n>p1 move bodyslam\n>p2 move strengthsap\n>p1 move bulkup\n>p2 move strengthsap\n>p1 move bulkup\n>p2 move encore\n>p1 move bulkup\n>p2 switch 4\n>p1 move bulkup\n>p2 move highjumpkick\n>p1 move bulkup terastallize\n>p2 move highjumpkick\n>p1 move slackoff\n>p2 switch 4\n>p1 move bodyslam\n>p2 move strengthsap\n>p1 move bulkup\n>p2 move strengthsap\n>p1 move bodyslam\n>p2 move encore\n>p1 move bodyslam\n>p2 move strengthsap\n>p2 switch 2\n>p1 move bodyslam\n>p2 move willowisp\n>p1 move bodyslam\n>p2 move painsplit\n>p1 move bulkup\n>p2 move fireblast\n>p1 move slackoff\n>p2 move fireblast\n>p1 move bulkup\n>p2 move painsplit\n>p1 move bulkup\n>p2 move fireblast\n>p1 move bulkup\n>p2 move fireblast\n>p1 move knockoff\n>p2 move painsplit\n>p1 move slackoff\n>p2 move fireblast\n>p1 move bodyslam\n>p2 move painsplit\n>p1 move bodyslam\n>p2 move painsplit terastallize\n>p2 switch 4\n>p1 move bodyslam\n>p2 move pyroball\n>p2 switch 5\n>p1 move bodyslam\n>p2 move trailblaze\n>p1 move bodyslam\n>p2 move earthquake\n>p2 switch 3\n>p1 move knockoff\n>p2 move recover\n>p1 move slackoff\n>p2 move cosmicpower\n>p1 move bodyslam\n>p2 move recover\n>p1 move bodyslam\n>p2 move cosmicpower\n>p1 move bodyslam\n>p2 move recover\n>p1 move bodyslam\n>p2 move cosmicpower\n>p1 move bodyslam\n>p2 move cosmicpower\n>p1 move slackoff\n>p2 move recover\n>p1 move knockoff\n>p2 move recover\n>p1 move knockoff\n>p2 move storedpower\n>p1 move knockoff\n>p2 move cosmicpower\n>p1 move knockoff\n>p2 move recover\n>p1 move knockoff\n>p2 move recover\n>p1 move knockoff\n>p2 move cosmicpower\n>p1 move slackoff\n>p2 move recover\n>p1 move knockoff\n>p2 move storedpower\n>p1 move knockoff\n>p2 move nightshade\n>p1 switch 5\n>p1 switch 2\n>p2 move recover\n>p1 switch 2\n>p2 move recover\n>p1 move bulkup\n>p2 move nightshade\n>p1 move bulkup\n>p2 move nightshade\n>p1 move bulkup\n>p2 move nightshade\n>p1 move knockoff\n>p2 move nightshade\n>p1 move earthquake\n>p2 move nightshade\n>p1 switch 2\n>p1 move throatchop\n>p2 move recover\n>p1 move throatchop\n>p2 move storedpower\n>p1 move throatchop\n>p2 move storedpower\n>p1 move throatchop\n>p2 move storedpower\n>p1 switch 6\n>p1 move gunkshot\n>p2 move storedpower\n>p1 switch 3\n>p1 move ironhead\n>p2 move storedpower\n>p1 move ironhead\n>p2 move storedpower\n>p1 move ironhead\n>p2 move storedpower\n>p1 move ironhead\n>p2 move storedpower\n>p1 move ironhead\n>p2 move storedpower\n>p1 move ironhead\n>p2 move storedpower", "uploadtime": 1771213138, "views": 9, "formatid": "gen9randombattle", "rating": 1628, "private": 0, "password": null}