{"id": "gen9randombattle-2540767779", "format": "[Gen 9] Random Battle", "players": ["Adinairrock", "Tripachuu"], "log": "|j|☆Adinairrock\n|j|☆Tripachuu\n|t:|1771251755\n|gametype|singles\n|player|p1|Adinairrock|169|1615\n|player|p2|Tripachuu|n|1568\n|gen|9\n|tier|[Gen 9] Random Battle\n|rated|\n|rule|Species Clause: Limit one of each Pokémon\n|rule|HP Percentage Mod: HP is shown in percentages\n|rule|Sleep Clause Mod: Limit one foe put to sleep\n|rule|Illusion Level Mod: Illusion disguises the Pokémon's true level\n|\n|t:|1771251755\n|teamsize|p1|6\n|teamsize|p2|6\n|start\n|switch|p1a: Kingambit|Kingambit, L74, F|270/270\n|switch|p2a: Glaceon|Glaceon, L94, F|275/275\n|turn|1\n|inactive|Battle timer is ON: inactive players will automatically lose when time's up. (requested by Adinairrock)\n|l|☆Tripachuu\n|inactive|Tripachuu disconnected and has a minute to reconnect!\n|player|p2|\n|j|☆Tripachuu\n|inactive|Tripachuu reconnected and has 135 seconds left.\n|player|p2|Tripachuu|n|\n|\n|t:|1771251781\n|move|p2a: Glaceon|Mud Shot|p1a: Kingambit\n|-supereffective|p1a: Kingambit\n|-damage|p1a: Kingambit|122/270\n|-unboost|p1a: Kingambit|spe|1\n|move|p1a: Kingambit|Swords Dance|p1a: Kingambit\n|-boost|p1a: Kingambit|atk|2\n|\n|-heal|p1a: Kingambit|138/270|[from] item: Leftovers\n|upkeep\n|turn|2\n|\n|t:|1771251792\n|-terastallize|p1a: Kingambit|Flying\n|move|p2a: Glaceon|Mud Shot|p1a: Kingambit\n|-immune|p1a: Kingambit\n|move|p1a: Kingambit|Iron Head|p2a: Glaceon\n|-supereffective|p2a: Glaceon\n|-damage|p2a: Glaceon|23/275\n|\n|-heal|p1a: Kingambit|154/270|[from] item: Leftovers\n|upkeep\n|turn|3\n|\n|t:|1771251796\n|move|p1a: Kingambit|Sucker Punch|p2a: Glaceon\n|-crit|p2a: Glaceon\n|-damage|p2a: Glaceon|0 fnt\n|faint|p2a: Glaceon\n|\n|-heal|p1a: Kingambit|170/270|[from] item: Leftovers\n|upkeep\n|\n|t:|1771251819\n|switch|p2a: Suicune|Suicune, L82|298/298\n|-ability|p2a: Suicune|Pressure\n|turn|4\n|\n|t:|1771251823\n|move|p2a: Suicune|Scald|p1a: Kingambit\n|-damage|p1a: Kingambit|88/270\n|move|p1a: Kingambit|Kowtow Cleave|p2a: Suicune\n|-damage|p2a: Suicune|144/298\n|\n|-heal|p2a: Suicune|162/298|[from] item: Leftovers\n|-heal|p1a: Kingambit|104/270|[from] item: Leftovers\n|upkeep\n|turn|5\n|\n|t:|1771251830\n|move|p2a: Suicune|Scald|p1a: Kingambit\n|-damage|p1a: Kingambit|23/270\n|move|p1a: Kingambit|Kowtow Cleave|p2a: Suicune\n|-damage|p2a: Suicune|3/298\n|\n|-heal|p2a: Suicune|21/298|[from] item: Leftovers\n|-heal|p1a: Kingambit|39/270|[from] item: Leftovers\n|upkeep\n|turn|6\n|\n|t:|1771251839\n|move|p1a: Kingambit|Sucker Punch||[still]\n|-fail|p1a: Kingambit\n|move|p2a: Suicune|Calm Mind|p2a: Suicune\n|-boost|p2a: Suicune|spa|1\n|-boost|p2a: Suicune|spd|1\n|\n|-heal|p2a: Suicune|39/298|[from] item: Leftovers\n|-heal|p1a: Kingambit|55/270|[from] item: Leftovers\n|upkeep\n|turn|7\n|\n|t:|1771251846\n|move|p1a: Kingambit|Sucker Punch||[still]\n|-fail|p1a: Kingambit\n|move|p2a: Suicune|Calm Mind|p2a: Suicune\n|-boost|p2a: Suicune|spa|1\n|-boost|p2a: Suicune|spd|1\n|\n|-heal|p2a: Suicune|57/298|[from] item: Leftovers\n|-heal|p1a: Kingambit|71/270|[from] item: Leftovers\n|upkeep\n|turn|8\n|\n|t:|1771251849\n|move|p2a: Suicune|Scald|p1a: Kingambit\n|-damage|p1a: Kingambit|0 fnt\n|faint|p1a: Kingambit\n|-end|p1a: Kingambit|fallenundefined|[silent]\n|\n|-heal|p2a: Suicune|75/298|[from] item: Leftovers\n|upkeep\n|\n|t:|1771251855\n|switch|p1a: Urshifu|Urshifu, L74, M|270/270\n|turn|9\n|c|☆Tripachuu|Sucker punch game :)\n|c|☆Adinairrock|:)\n|\n|t:|1771251872\n|move|p1a: Urshifu|Wicked Blow|p2a: Suicune\n|-crit|p2a: Suicune\n|-damage|p2a: Suicune|0 fnt\n|faint|p2a: Suicune\n|\n|upkeep\n|\n|t:|1771251886\n|switch|p2a: Mimikyu|Mimikyu, L79, M|219/219\n|turn|10\n|\n|t:|1771251892\n|switch|p1a: Uxie|Uxie, L83|260/260\n|move|p2a: Mimikyu|Nasty Plot|p2a: Mimikyu\n|-boost|p2a: Mimikyu|spa|2\n|\n|upkeep\n|turn|11\n|\n|t:|1771251899\n|move|p2a: Mimikyu|Bitter Malice|p1a: Uxie\n|-supereffective|p1a: Uxie\n|-damage|p1a: Uxie|0 fnt\n|faint|p1a: Uxie\n|-damage|p2a: Mimikyu|198/219|[from] item: Life Orb\n|\n|upkeep\n|\n|t:|1771251911\n|switch|p1a: Glaceon|Glaceon, L94, F|275/275\n|turn|12\n|\n|t:|1771251919\n|move|p2a: Mimikyu|Flamethrower|p1a: Glaceon\n|-supereffective|p1a: Glaceon\n|-damage|p1a: Glaceon|0 fnt\n|faint|p1a: Glaceon\n|-damage|p2a: Mimikyu|177/219|[from] item: Life Orb\n|\n|upkeep\n|\n|t:|1771251926\n|switch|p1a: Urshifu|Urshifu, L74, M|270/270\n|turn|13\n|\n|t:|1771251931\n|switch|p2a: Hariyama|Hariyama, L87, M|392/392\n|move|p1a: Urshifu|Wicked Blow|p2a: Hariyama\n|-resisted|p2a: Hariyama\n|-crit|p2a: Hariyama\n|-damage|p2a: Hariyama|287/392\n|\n|upkeep\n|turn|14\n|\n|t:|1771251940\n|switch|p1a: Braviary|Braviary-Hisui, L85, M|326/326\n|move|p2a: Hariyama|Close Combat|p1a: Braviary\n|-resisted|p1a: Braviary\n|-damage|p1a: Braviary|276/326\n|-unboost|p2a: Hariyama|def|1\n|-unboost|p2a: Hariyama|spd|1\n|\n|upkeep\n|turn|15\n|\n|t:|1771251949\n|switch|p2a: Cinderace|Cinderace, L77, M|249/249\n|move|p1a: Braviary|Esper Wing|p2a: Cinderace\n|-damage|p2a: Cinderace|131/249\n|-boost|p1a: Braviary|spe|1\n|\n|upkeep\n|turn|16\n|\n|t:|1771251964\n|move|p1a: Braviary|Hurricane|p2a: Cinderace|[miss]\n|-miss|p1a: Braviary|p2a: Cinderace\n|move|p2a: Cinderace|Pyro Ball|p1a: Braviary\n|-damage|p1a: Braviary|45/326\n|\n|upkeep\n|turn|17\n|\n|t:|1771251967\n|move|p1a: Braviary|Hurricane|p2a: Cinderace\n|-damage|p2a: Cinderace|0 fnt\n|faint|p2a: Cinderace\n|\n|upkeep\n|\n|t:|1771251974\n|switch|p2a: Mimikyu|Mimikyu, L79, M|216/216\n|turn|18\n|\n|t:|1771251983\n|move|p2a: Mimikyu|Shadow Sneak|p1a: Braviary\n|-supereffective|p1a: Braviary\n|-damage|p1a: Braviary|0 fnt\n|faint|p1a: Braviary\n|-damage|p2a: Mimikyu|195/216|[from] item: Life Orb\n|\n|upkeep\n|\n|t:|1771251990\n|switch|p1a: Vespiquen|Vespiquen, L99, F|299/299\n|-ability|p1a: Vespiquen|Pressure\n|turn|19\n|\n|t:|1771251997\n|switch|p2a: Hariyama|Hariyama, L87, M|287/392\n|move|p1a: Vespiquen|Toxic|p2a: Hariyama\n|-status|p2a: Hariyama|tox\n|\n|-damage|p2a: Hariyama|263/392 tox|[from] psn\n|upkeep\n|turn|20\n|\n|t:|1771252004\n|move|p2a: Hariyama|Stone Edge|p1a: Vespiquen|[miss]\n|-miss|p2a: Hariyama|p1a: Vespiquen\n|move|p1a: Vespiquen|Air Slash|p2a: Hariyama\n|-supereffective|p2a: Hariyama\n|-damage|p2a: Hariyama|93/392 tox\n|\n|-damage|p2a: Hariyama|45/392 tox|[from] psn\n|upkeep\n|turn|21\n|\n|t:|1771252010\n|move|p2a: Hariyama|Stone Edge|p1a: Vespiquen|[miss]\n|-miss|p2a: Hariyama|p1a: Vespiquen\n|move|p1a: Vespiquen|Roost||[still]\n|-fail|p1a: Vespiquen|heal\n|\n|-damage|p2a: Hariyama|0 fnt|[from] psn\n|faint|p2a: Hariyama\n|upkeep\n|\n|t:|1771252019\n|switch|p2a: Mimikyu|Mimikyu, L79, M|177/219\n|turn|22\n|\n|t:|1771252029\n|move|p2a: Mimikyu|Flamethrower|p1a: Vespiquen\n|-supereffective|p1a: Vespiquen\n|-damage|p1a: Vespiquen|151/299\n|-damage|p2a: Mimikyu|156/219|[from] item: Life Orb\n|move|p1a: Vespiquen|U-turn|p2a: Mimikyu\n|-resisted|p2a: Mimikyu\n|-damage|p2a: Mimikyu|95/219\n|replace|p2a: Zoroark|Zoroark-Hisui, L80, F\n|-end|p2a: Zoroark|Illusion\n|-hint|Illusion Level Mod is active, so this Pokémon's true level was hidden.\n|\n|t:|1771252032\n|switch|p1a: Urshifu|Urshifu, L74, M|270/270|[from] U-turn\n|\n|upkeep\n|turn|23\n|\n|t:|1771252045\n|move|p2a: Zoroark|Flamethrower|p1a: Urshifu\n|-damage|p1a: Urshifu|132/270\n|-damage|p2a: Zoroark|74/219|[from] item: Life Orb\n|move|p1a: Urshifu|Wicked Blow|p2a: Zoroark\n|-supereffective|p2a: Zoroark\n|-crit|p2a: Zoroark\n|-damage|p2a: Zoroark|0 fnt\n|faint|p2a: Zoroark\n|\n|upkeep\n|\n|t:|1771252050\n|switch|p2a: Mimikyu|Mimikyu, L79, M|195/216\n|turn|24\n|\n|t:|1771252056\n|-terastallize|p2a: Mimikyu|Fairy\n|move|p2a: Mimikyu|Play Rough|p1a: Urshifu\n|-supereffective|p1a: Urshifu\n|-damage|p1a: Urshifu|0 fnt\n|faint|p1a: Urshifu\n|-damage|p2a: Mimikyu|174/216|[from] item: Life Orb\n|\n|upkeep\n|\n|t:|1771252058\n|switch|p1a: Vespiquen|Vespiquen, L99, F|151/299\n|-ability|p1a: Vespiquen|Pressure\n|turn|25\n|\n|t:|1771252065\n|move|p2a: Mimikyu|Shadow Claw|p1a: Vespiquen\n|-damage|p1a: Vespiquen|95/299\n|-damage|p2a: Mimikyu|153/216|[from] item: Life Orb\n|move|p1a: Vespiquen|Roost|p1a: Vespiquen\n|-heal|p1a: Vespiquen|245/299\n|-singleturn|p1a: Vespiquen|move: Roost\n|\n|upkeep\n|turn|26\n|\n|t:|1771252072\n|move|p2a: Mimikyu|Swords Dance|p2a: Mimikyu\n|-boost|p2a: Mimikyu|atk|2\n|move|p1a: Vespiquen|Toxic|p2a: Mimikyu\n|-status|p2a: Mimikyu|tox\n|\n|-damage|p2a: Mimikyu|140/216 tox|[from] psn\n|upkeep\n|turn|27\n|\n|t:|1771252079\n|move|p2a: Mimikyu|Swords Dance|p2a: Mimikyu\n|-boost|p2a: Mimikyu|atk|2\n|move|p1a: Vespiquen|Roost|p1a: Vespiquen\n|-heal|p1a: Vespiquen|299/299\n|-singleturn|p1a: Vespiquen|move: Roost\n|\n|-damage|p2a: Mimikyu|114/216 tox|[from] psn\n|upkeep\n|turn|28\n|\n|t:|1771252090\n|move|p2a: Mimikyu|Play Rough|p1a: Vespiquen\n|-damage|p1a: Vespiquen|0 fnt\n|faint|p1a: Vespiquen\n|-damage|p2a: Mimikyu|93/216 tox|[from] item: Life Orb\n|\n|win|Tripachuu\n|raw|Adinairrock's rating: 1615 &rarr; <strong>1592</strong><br />(-23 for losing)\n|raw|Tripachuu's rating: 1568 &rarr; <strong>1591</strong><br />(+23 for winning)\n|c|☆Tripachuu|Gg\n|l|☆Adinairrock\n|player|p1|\n", "inputlog": ">version 686819e5e19f8a7fd2345cfc5a08a5085efa2cc3\n>start {\"formatid\":\"gen9randombattle\",\"seed\":\"sodium,ba7b8eb2ad41fac3f5f94b99998ac6af\",\"rated\":\"Rated battle\"}\n>player p1 {\"name\":\"Adinairrock\",\"avatar\":\"169\",\"rating\":1615,\"seed\":\"sodium,c80ee87d29338f5ce2c517c6f4dbc011\"}\n>player p2 {\"name\":\"Tripachuu\",\"avatar\":\"n\",\"rating\":1568,\"seed\":\"sodium,63a21a644c65c9aefeecb14555f777cc\"}\n>p1 move swordsdance\n>p2 move mudshot\n>p1 move ironhead terastallize\n>p2 move mudshot\n>p1 move suckerpunch\n>p2 move freezedry\n>p2 switch 4\n>p1 move kowtowcleave\n>p2 move scald\n>p1 move kowtowcleave\n>p2 move scald\n>p1 move suckerpunch\n>p2 move calmmind\n>p1 move suckerpunch\n>p2 move calmmind\n>p1 move kowtowcleave\n>p2 move scald\n>p1 switch 6\n>chat ☆Tripachuu|Sucker punch game :)\n>chat ☆Adinairrock|:)\n>p1 move wickedblow\n>p2 move calmmind\n>p2 switch 5\n>p1 switch 5\n>p2 move nastyplot\n>p1 move encore\n>p2 move bittermalice\n>p1 switch 2\n>p1 move mudshot\n>p2 move flamethrower\n>p1 switch 5\n>p1 move wickedblow\n>p2 switch 2\n>p1 switch 4\n>p2 move closecombat\n>p1 move esperwing\n>p2 switch 3\n>p1 move hurricane\n>p2 move pyroball\n>p1 move hurricane\n>p2 move pyroball\n>p2 switch 6\n>p1 move esperwing\n>p2 move shadowsneak\n>p1 switch 3\n>p1 move toxic\n>p2 switch 3\n>p1 move airslash\n>p2 move stoneedge\n>p1 move roost\n>p2 move stoneedge\n>p2 switch 2\n>p1 move uturn\n>p2 move flamethrower\n>p1 switch 4\n>p1 move wickedblow\n>p2 move flamethrower\n>p2 switch 3\n>p1 move wickedblow\n>p2 move playrough terastallize\n>p1 switch 4\n>p1 move roost\n>p2 move shadowclaw\n>p1 move toxic\n>p2 move swordsdance\n>p1 move roost\n>p2 move swordsdance\n>p1 move airslash\n>p2 move playrough", "uploadtime": 1771252117, "views": 7, "formatid": "gen9randombattle", "rating": 1591, "private": 0, "password": null}