{"id": "gen9randombattle-2540561587", "format": "[Gen 9] Random Battle", "players": ["improvguy", "canbetaught2"], "log": "|j|☆improvguy\n|j|☆canbetaught2\n|t:|1771218328\n|gametype|singles\n|player|p1|improvguy|2|1657\n|player|p2|canbetaught2|hilda-wonderlauncher|1602\n|gen|9\n|tier|[Gen 9] Random Battle\n|rated|\n|rule|Species Clause: Limit one of each Pokémon\n|rule|HP Percentage Mod: HP is shown in percentages\n|rule|Sleep Clause Mod: Limit one foe put to sleep\n|rule|Illusion Level Mod: Illusion disguises the Pokémon's true level\n|\n|t:|1771218328\n|teamsize|p1|6\n|teamsize|p2|6\n|start\n|switch|p1a: Abomasnow|Abomasnow, L84, F|287/287\n|switch|p2a: Vikavolt|Vikavolt, L83, F|263/263\n|-weather|Snowscape|[from] ability: Snow Warning|[of] p1a: Abomasnow\n|turn|1\n|\n|t:|1771218335\n|move|p1a: Abomasnow|Aurora Veil|p1a: Abomasnow\n|-sidestart|p1: improvguy|move: Aurora Veil\n|move|p2a: Vikavolt|Sticky Web|p1a: Abomasnow\n|-sidestart|p1: improvguy|move: Sticky Web\n|\n|-weather|Snowscape|[upkeep]\n|upkeep\n|turn|2\n|\n|t:|1771218344\n|move|p1a: Abomasnow|Blizzard|p2a: Vikavolt\n|-damage|p2a: Vikavolt|127/263\n|-status|p2a: Vikavolt|frz\n|cant|p2a: Vikavolt|frz\n|\n|-weather|Snowscape|[upkeep]\n|upkeep\n|turn|3\n|\n|t:|1771218348\n|move|p1a: Abomasnow|Blizzard|p2a: Vikavolt\n|-damage|p2a: Vikavolt|7/263 frz\n|cant|p2a: Vikavolt|frz\n|\n|-weather|Snowscape|[upkeep]\n|upkeep\n|turn|4\n|\n|t:|1771218353\n|move|p1a: Abomasnow|Blizzard|p2a: Vikavolt\n|-damage|p2a: Vikavolt|0 fnt\n|faint|p2a: Vikavolt\n|\n|-weather|Snowscape|[upkeep]\n|upkeep\n|\n|t:|1771218369\n|switch|p2a: Skuntank|Skuntank, L84, M|310/310\n|turn|5\n|\n|t:|1771218372\n|move|p2a: Skuntank|Fire Blast|p1a: Abomasnow\n|-supereffective|p1a: Abomasnow\n|-damage|p1a: Abomasnow|153/287\n|move|p1a: Abomasnow|Earthquake|p2a: Skuntank\n|-supereffective|p2a: Skuntank\n|-damage|p2a: Skuntank|136/310\n|\n|-weather|none\n|upkeep\n|turn|6\n|\n|t:|1771218391\n|move|p2a: Skuntank|Fire Blast|p1a: Abomasnow\n|-supereffective|p1a: Abomasnow\n|-damage|p1a: Abomasnow|15/287\n|move|p1a: Abomasnow|Earthquake|p2a: Skuntank\n|-supereffective|p2a: Skuntank\n|-damage|p2a: Skuntank|0 fnt\n|faint|p2a: Skuntank\n|\n|upkeep\n|\n|t:|1771218395\n|switch|p2a: Kricketune|Kricketune, L99, M|312/312\n|turn|7\n|\n|t:|1771218402\n|move|p1a: Abomasnow|Ice Shard|p2a: Kricketune\n|-damage|p2a: Kricketune|264/312\n|move|p2a: Kricketune|Swords Dance|p2a: Kricketune\n|-boost|p2a: Kricketune|atk|2\n|\n|upkeep\n|turn|8\n|\n|t:|1771218413\n|move|p2a: Kricketune|Swords Dance|p2a: Kricketune\n|-boost|p2a: Kricketune|atk|2\n|move|p1a: Abomasnow|Blizzard|p2a: Kricketune\n|-damage|p2a: Kricketune|132/312\n|\n|-sideend|p1: improvguy|move: Aurora Veil\n|upkeep\n|turn|9\n|\n|t:|1771218419\n|move|p1a: Abomasnow|Ice Shard|p2a: Kricketune\n|-damage|p2a: Kricketune|78/312\n|move|p2a: Kricketune|Pounce|p1a: Abomasnow\n|-supereffective|p1a: Abomasnow\n|-crit|p1a: Abomasnow\n|-damage|p1a: Abomasnow|0 fnt\n|faint|p1a: Abomasnow\n|\n|upkeep\n|\n|t:|1771218422\n|switch|p1a: Mandibuzz|Mandibuzz, L85, F|326/326\n|turn|10\n|\n|t:|1771218436\n|move|p1a: Mandibuzz|Brave Bird|p2a: Kricketune\n|-supereffective|p2a: Kricketune\n|-damage|p2a: Kricketune|0 fnt\n|faint|p2a: Kricketune\n|-damage|p1a: Mandibuzz|300/326|[from] Recoil\n|\n|upkeep\n|\n|t:|1771218443\n|switch|p2a: Oranguru|Oranguru, L92, F|315/315\n|turn|11\n|\n|t:|1771218447\n|move|p1a: Mandibuzz|Defog|p2a: Oranguru\n|-unboost|p2a: Oranguru|evasion|1\n|-sideend|p1: improvguy|Sticky Web|[from] move: Defog|[of] p1a: Mandibuzz\n|move|p2a: Oranguru|Thunderbolt|p1a: Mandibuzz\n|-supereffective|p1a: Mandibuzz\n|-damage|p1a: Mandibuzz|100/326\n|\n|upkeep\n|turn|12\n|\n|t:|1771218451\n|move|p1a: Mandibuzz|Knock Off|p2a: Oranguru\n|-supereffective|p2a: Oranguru\n|-damage|p2a: Oranguru|169/315\n|-enditem|p2a: Oranguru|Choice Specs|[from] move: Knock Off|[of] p1a: Mandibuzz\n|move|p2a: Oranguru|Thunderbolt|p1a: Mandibuzz\n|-supereffective|p1a: Mandibuzz\n|-damage|p1a: Mandibuzz|0 fnt\n|faint|p1a: Mandibuzz\n|\n|upkeep\n|\n|t:|1771218459\n|switch|p1a: Gothitelle|Gothitelle, L90, F|272/272\n|turn|13\n|\n|t:|1771218463\n|move|p1a: Gothitelle|Calm Mind|p1a: Gothitelle\n|-boost|p1a: Gothitelle|spa|1\n|-boost|p1a: Gothitelle|spd|1\n|move|p2a: Oranguru|Hyper Voice|p1a: Gothitelle\n|-damage|p1a: Gothitelle|215/272\n|\n|-heal|p1a: Gothitelle|232/272|[from] item: Leftovers\n|upkeep\n|turn|14\n|\n|t:|1771218469\n|move|p1a: Gothitelle|Calm Mind|p1a: Gothitelle\n|-boost|p1a: Gothitelle|spa|1\n|-boost|p1a: Gothitelle|spd|1\n|move|p2a: Oranguru|Hyper Voice|p1a: Gothitelle\n|-damage|p1a: Gothitelle|186/272\n|\n|-heal|p1a: Gothitelle|203/272|[from] item: Leftovers\n|upkeep\n|turn|15\n|\n|t:|1771218474\n|move|p1a: Gothitelle|Calm Mind|p1a: Gothitelle\n|-boost|p1a: Gothitelle|spa|1\n|-boost|p1a: Gothitelle|spd|1\n|move|p2a: Oranguru|Psyshock|p1a: Gothitelle\n|-resisted|p1a: Gothitelle\n|-damage|p1a: Gothitelle|159/272\n|\n|-heal|p1a: Gothitelle|176/272|[from] item: Leftovers\n|upkeep\n|turn|16\n|\n|t:|1771218478\n|move|p1a: Gothitelle|Focus Blast|p2a: Oranguru\n|-crit|p2a: Oranguru\n|-damage|p2a: Oranguru|0 fnt\n|faint|p2a: Oranguru\n|\n|-heal|p1a: Gothitelle|193/272|[from] item: Leftovers\n|upkeep\n|\n|t:|1771218480\n|switch|p2a: Drifblim|Drifblim, L86, F|396/396\n|turn|17\n|\n|t:|1771218487\n|-terastallize|p2a: Drifblim|Fairy\n|move|p2a: Drifblim|Calm Mind|p2a: Drifblim\n|-boost|p2a: Drifblim|spa|1\n|-boost|p2a: Drifblim|spd|1\n|move|p1a: Gothitelle|Thunderbolt|p2a: Drifblim\n|-damage|p2a: Drifblim|231/396\n|-status|p2a: Drifblim|par\n|\n|-heal|p1a: Gothitelle|210/272|[from] item: Leftovers\n|upkeep\n|turn|18\n|\n|t:|1771218498\n|move|p1a: Gothitelle|Calm Mind|p1a: Gothitelle\n|-boost|p1a: Gothitelle|spa|1\n|-boost|p1a: Gothitelle|spd|1\n|move|p2a: Drifblim|Calm Mind|p2a: Drifblim\n|-boost|p2a: Drifblim|spa|1\n|-boost|p2a: Drifblim|spd|1\n|\n|-heal|p1a: Gothitelle|227/272|[from] item: Leftovers\n|upkeep\n|turn|19\n|\n|t:|1771218505\n|move|p1a: Gothitelle|Psychic Noise|p2a: Drifblim\n|-crit|p2a: Drifblim\n|-damage|p2a: Drifblim|0 fnt\n|faint|p2a: Drifblim\n|\n|-heal|p1a: Gothitelle|244/272|[from] item: Leftovers\n|upkeep\n|c|☆improvguy|off\n|c|☆improvguy|sorry about that rng\n|-message|canbetaught2 forfeited.\n|\n|win|improvguy\n|raw|improvguy's rating: 1657 &rarr; <strong>1675</strong><br />(+18 for winning)\n|raw|canbetaught2's rating: 1621 &rarr; <strong>1603</strong><br />(-18 for losing)\n|l|☆canbetaught2\n|player|p2|\n", "inputlog": ">version 686819e5e19f8a7fd2345cfc5a08a5085efa2cc3\n>start {\"formatid\":\"gen9randombattle\",\"seed\":\"sodium,be8daca55ac5d06170f4d77a634eddfe\",\"rated\":\"Rated battle\"}\n>player p1 {\"name\":\"improvguy\",\"avatar\":\"2\",\"rating\":1657,\"seed\":\"sodium,10697b2fb7e3b6236673e61358585407\"}\n>player p2 {\"name\":\"canbetaught2\",\"avatar\":\"hilda-wonderlauncher\",\"rating\":1602,\"seed\":\"sodium,b824aebb0767153989123a5ecd37802a\"}\n>p1 move auroraveil\n>p2 move stickyweb\n>p1 move blizzard\n>p2 move bugbuzz\n>p1 move blizzard\n>p2 move bugbuzz\n>p1 move blizzard\n>p2 move bugbuzz\n>p2 switch 2\n>p1 move earthquake\n>p2 move fireblast\n>p1 move earthquake\n>p2 move fireblast\n>p2 switch 5\n>p1 move iceshard\n>p2 move swordsdance\n>p1 move blizzard\n>p2 move swordsdance\n>p1 move iceshard\n>p2 move pounce\n>p1 switch 3\n>p1 move bravebird\n>p2 move pounce\n>p2 switch 3\n>p1 move defog\n>p2 move thunderbolt\n>p1 move knockoff\n>p2 move thunderbolt\n>p1 switch 5\n>p1 move calmmind\n>p2 move hypervoice\n>p1 move calmmind\n>p2 move hypervoice\n>p1 move calmmind\n>p2 move psyshock\n>p1 move focusblast\n>p2 move psyshock\n>p2 switch 4\n>p1 move thunderbolt\n>p2 move calmmind terastallize\n>p1 move calmmind\n>p2 move calmmind\n>p1 move psychicnoise\n>p2 move calmmind\n>chat ☆improvguy|off\n>chat ☆improvguy|sorry about that rng\n>forcelose p2", "uploadtime": 1771218544, "views": 20, "formatid": "gen9randombattle", "rating": 1603, "private": 0, "password": null}