{"id": "gen9randombattle-2540099306", "format": "[Gen 9] Random Battle", "players": ["mudkipz1100", "charnmeleon"], "log": "|j|☆mudkipz1100\n|j|☆charnmeleon\n|t:|1771161647\n|gametype|singles\n|player|p1|mudkipz1100|265|1888\n|player|p2|charnmeleon|swimmer-gen4dp|1865\n|gen|9\n|tier|[Gen 9] Random Battle\n|rated|\n|rule|Species Clause: Limit one of each Pokémon\n|rule|HP Percentage Mod: HP is shown in percentages\n|rule|Sleep Clause Mod: Limit one foe put to sleep\n|rule|Illusion Level Mod: Illusion disguises the Pokémon's true level\n|\n|t:|1771161647\n|teamsize|p1|6\n|teamsize|p2|6\n|start\n|switch|p1a: Koraidon|Koraidon, L64|235/235\n|switch|p2a: Iron Treads|Iron Treads, L77|265/265\n|-weather|SunnyDay|[from] ability: Orichalcum Pulse|[of] p1a: Koraidon\n|-activate|p1a: Koraidon|Orichalcum Pulse|[source]\n|turn|1\n|inactive|Battle timer is ON: inactive players will automatically lose when time's up. (requested by mudkipz1100)\n|\n|t:|1771161664\n|move|p1a: Koraidon|U-turn|p2a: Iron Treads\n|-resisted|p2a: Iron Treads\n|-damage|p2a: Iron Treads|235/265\n|\n|t:|1771161675\n|switch|p1a: Altaria|Altaria, L89, M|278/278|[from] U-turn\n|move|p2a: Iron Treads|Stealth Rock|p1a: Altaria\n|-sidestart|p1: mudkipz1100|move: Stealth Rock\n|\n|-weather|SunnyDay|[upkeep]\n|-heal|p2a: Iron Treads|251/265|[from] item: Leftovers\n|upkeep\n|turn|2\n|\n|t:|1771161687\n|move|p2a: Iron Treads|Iron Head|p1a: Altaria\n|-damage|p1a: Altaria|200/278\n|move|p1a: Altaria|Will-O-Wisp|p2a: Iron Treads\n|-status|p2a: Iron Treads|brn\n|\n|-weather|SunnyDay|[upkeep]\n|-heal|p2a: Iron Treads|265/265 brn|[from] item: Leftovers\n|-damage|p2a: Iron Treads|249/265 brn|[from] brn\n|upkeep\n|turn|3\n|\n|t:|1771161701\n|move|p2a: Iron Treads|Iron Head|p1a: Altaria\n|-damage|p1a: Altaria|161/278\n|move|p1a: Altaria|Defog|p2a: Iron Treads\n|-unboost|p2a: Iron Treads|evasion|1\n|-sideend|p1: mudkipz1100|Stealth Rock|[from] move: Defog|[of] p1a: Altaria\n|\n|-weather|SunnyDay|[upkeep]\n|-heal|p2a: Iron Treads|265/265 brn|[from] item: Leftovers\n|-damage|p2a: Iron Treads|249/265 brn|[from] brn\n|upkeep\n|turn|4\n|\n|t:|1771161709\n|move|p2a: Iron Treads|Stealth Rock|p1a: Altaria\n|-sidestart|p1: mudkipz1100|move: Stealth Rock\n|move|p1a: Altaria|Roost|p1a: Altaria\n|-heal|p1a: Altaria|278/278\n|-singleturn|p1a: Altaria|move: Roost\n|\n|-weather|SunnyDay|[upkeep]\n|-heal|p2a: Iron Treads|265/265 brn|[from] item: Leftovers\n|-damage|p2a: Iron Treads|249/265 brn|[from] brn\n|upkeep\n|turn|5\n|\n|t:|1771161711\n|-end|p2a: Iron Treads|Quark Drive|[silent]\n|switch|p2a: Golduck|Golduck, L90, M|290/290\n|-ability|p2a: Golduck|Cloud Nine\n|move|p1a: Altaria|Defog|p2a: Golduck\n|-unboost|p2a: Golduck|evasion|1\n|-sideend|p1: mudkipz1100|Stealth Rock|[from] move: Defog|[of] p1a: Altaria\n|\n|-weather|none\n|upkeep\n|turn|6\n|\n|t:|1771161715\n|switch|p1a: Volcanion|Volcanion, L79|255/255\n|move|p2a: Golduck|Ice Beam|p1a: Volcanion\n|-resisted|p1a: Volcanion\n|-damage|p1a: Volcanion|243/255\n|\n|upkeep\n|turn|7\n|\n|t:|1771161723\n|switch|p2a: Chansey|Chansey, L85, F|564/564\n|switch|p1a: Koraidon|Koraidon, L64|235/235\n|-weather|SunnyDay|[from] ability: Orichalcum Pulse|[of] p1a: Koraidon\n|-activate|p1a: Koraidon|Orichalcum Pulse|[source]\n|\n|-weather|SunnyDay|[upkeep]\n|upkeep\n|turn|8\n|\n|t:|1771161731\n|switch|p2a: Golduck|Golduck, L90, M|290/290\n|-ability|p2a: Golduck|Cloud Nine\n|move|p1a: Koraidon|Close Combat|p2a: Golduck\n|-damage|p2a: Golduck|133/290\n|-unboost|p1a: Koraidon|def|1\n|-unboost|p1a: Koraidon|spd|1\n|\n|-weather|SunnyDay|[upkeep]\n|-heal|p2a: Golduck|151/290|[from] item: Leftovers\n|upkeep\n|turn|9\n|\n|t:|1771161741\n|switch|p1a: Slowking|Slowking, L88, M|310/310\n|switch|p2a: Chansey|Chansey, L85, F|564/564\n|\n|-weather|SunnyDay|[upkeep]\n|upkeep\n|turn|10\n|\n|t:|1771161745\n|move|p2a: Chansey|Thunder Wave|p1a: Slowking|[miss]\n|-miss|p2a: Chansey|p1a: Slowking\n|-prepare|p1a: Slowking|Chilly Reception|[premajor]\n|move|p1a: Slowking|Chilly Reception|p1a: Slowking\n|-weather|Snowscape\n|\n|t:|1771161748\n|switch|p1a: Koraidon|Koraidon, L64|235/235|[from] Chilly Reception\n|-weather|SunnyDay|[from] ability: Orichalcum Pulse|[of] p1a: Koraidon\n|-activate|p1a: Koraidon|Orichalcum Pulse|[source]\n|\n|-weather|SunnyDay|[upkeep]\n|upkeep\n|turn|11\n|\n|t:|1771161750\n|switch|p2a: Golduck|Golduck, L90, M|151/290\n|-ability|p2a: Golduck|Cloud Nine\n|move|p1a: Koraidon|Close Combat|p2a: Golduck\n|-damage|p2a: Golduck|6/290\n|-unboost|p1a: Koraidon|def|1\n|-unboost|p1a: Koraidon|spd|1\n|\n|-weather|SunnyDay|[upkeep]\n|-heal|p2a: Golduck|24/290|[from] item: Leftovers\n|upkeep\n|turn|12\n|\n|t:|1771161757\n|move|p1a: Koraidon|Close Combat|p2a: Golduck\n|-crit|p2a: Golduck\n|-damage|p2a: Golduck|0 fnt\n|-unboost|p1a: Koraidon|def|1\n|-unboost|p1a: Koraidon|spd|1\n|faint|p2a: Golduck\n|\n|-weather|SunnyDay|[upkeep]\n|upkeep\n|\n|t:|1771161762\n|switch|p2a: Plusle|Plusle, L95, F|268/268\n|turn|13\n|\n|t:|1771161767\n|switch|p1a: Deoxys|Deoxys-Defense, L84|221/221\n|-ability|p1a: Deoxys|Pressure\n|move|p2a: Plusle|Nasty Plot|p2a: Plusle\n|-boost|p2a: Plusle|spa|2\n|\n|-weather|SunnyDay|[upkeep]\n|upkeep\n|turn|14\n|\n|t:|1771161775\n|move|p2a: Plusle|Thunderbolt|p1a: Deoxys\n|-damage|p1a: Deoxys|29/221\n|-damage|p2a: Plusle|242/268|[from] item: Life Orb\n|move|p1a: Deoxys|Cosmic Power|p1a: Deoxys\n|-boost|p1a: Deoxys|def|1\n|-boost|p1a: Deoxys|spd|1\n|\n|-weather|none\n|-heal|p1a: Deoxys|42/221|[from] item: Leftovers\n|upkeep\n|turn|15\n|\n|t:|1771161780\n|move|p2a: Plusle|Thunderbolt|p1a: Deoxys\n|-damage|p1a: Deoxys|0 fnt\n|faint|p1a: Deoxys\n|-damage|p2a: Plusle|216/268|[from] item: Life Orb\n|\n|upkeep\n|\n|t:|1771161793\n|switch|p1a: Volcanion|Volcanion, L79|243/255\n|turn|16\n|\n|t:|1771161798\n|switch|p2a: Chansey|Chansey, L85, F|564/564\n|move|p1a: Volcanion|Steam Eruption|p2a: Chansey\n|-damage|p2a: Chansey|488/564\n|\n|upkeep\n|turn|17\n|\n|t:|1771161803\n|switch|p1a: Altaria|Altaria, L89, M|278/278\n|move|p2a: Chansey|Thunder Wave|p1a: Altaria\n|-status|p1a: Altaria|par\n|\n|upkeep\n|turn|18\n|\n|t:|1771161810\n|switch|p2a: Ting-Lu|Ting-Lu, L78|370/370\n|-ability|p2a: Ting-Lu|Vessel of Ruin\n|move|p1a: Altaria|Will-O-Wisp|p2a: Ting-Lu\n|-status|p2a: Ting-Lu|brn\n|\n|-damage|p2a: Ting-Lu|347/370 brn|[from] brn\n|upkeep\n|turn|19\n|\n|t:|1771161814\n|-curestatus|p1a: Altaria|par|[from] ability: Natural Cure\n|switch|p1a: Koraidon|Koraidon, L64|235/235\n|-weather|SunnyDay|[from] ability: Orichalcum Pulse|[of] p1a: Koraidon\n|-activate|p1a: Koraidon|Orichalcum Pulse|[source]\n|move|p2a: Ting-Lu|Spikes|p1a: Koraidon\n|-sidestart|p1: mudkipz1100|Spikes\n|\n|-weather|SunnyDay|[upkeep]\n|-heal|p2a: Ting-Lu|370/370 brn|[from] item: Leftovers\n|-damage|p2a: Ting-Lu|347/370 brn|[from] brn\n|upkeep\n|turn|20\n|\n|t:|1771161821\n|move|p1a: Koraidon|Close Combat|p2a: Ting-Lu\n|-supereffective|p2a: Ting-Lu\n|-damage|p2a: Ting-Lu|17/370 brn\n|-unboost|p1a: Koraidon|def|1\n|-unboost|p1a: Koraidon|spd|1\n|move|p2a: Ting-Lu|Whirlwind|p1a: Koraidon\n|drag|p1a: Volcanion|Volcanion, L79|243/255\n|-damage|p1a: Volcanion|212/255|[from] Spikes\n|\n|-weather|SunnyDay|[upkeep]\n|-heal|p2a: Ting-Lu|40/370 brn|[from] item: Leftovers\n|-damage|p2a: Ting-Lu|17/370 brn|[from] brn\n|upkeep\n|turn|21\n|\n|t:|1771161826\n|move|p1a: Volcanion|Flame Charge|p2a: Ting-Lu\n|-crit|p2a: Ting-Lu\n|-damage|p2a: Ting-Lu|0 fnt\n|-boost|p1a: Volcanion|spe|1\n|faint|p2a: Ting-Lu\n|\n|-weather|SunnyDay|[upkeep]\n|upkeep\n|\n|t:|1771161829\n|switch|p2a: Chansey|Chansey, L85, F|488/564\n|turn|22\n|\n|t:|1771161833\n|switch|p1a: Altaria|Altaria, L89, M|278/278\n|move|p2a: Chansey|Thunder Wave|p1a: Altaria|[miss]\n|-miss|p2a: Chansey|p1a: Altaria\n|\n|-weather|SunnyDay|[upkeep]\n|upkeep\n|turn|23\n|\n|t:|1771161842\n|move|p1a: Altaria|Defog|p2a: Chansey\n|-unboost|p2a: Chansey|evasion|1\n|-sideend|p1: mudkipz1100|Spikes|[from] move: Defog|[of] p1a: Altaria\n|move|p2a: Chansey|Seismic Toss|p1a: Altaria\n|-damage|p1a: Altaria|193/278\n|\n|-weather|none\n|upkeep\n|turn|24\n|\n|t:|1771161845\n|move|p1a: Altaria|Will-O-Wisp|p2a: Chansey\n|-status|p2a: Chansey|brn\n|move|p2a: Chansey|Thunder Wave|p1a: Altaria\n|-status|p1a: Altaria|par\n|\n|-damage|p2a: Chansey|453/564 brn|[from] brn\n|upkeep\n|turn|25\n|\n|t:|1771161850\n|move|p2a: Chansey|Seismic Toss|p1a: Altaria\n|-damage|p1a: Altaria|108/278 par\n|move|p1a: Altaria|Brave Bird|p2a: Chansey\n|-damage|p2a: Chansey|195/564 brn\n|-damage|p1a: Altaria|23/278 par|[from] Recoil\n|\n|-damage|p2a: Chansey|160/564 brn|[from] brn\n|upkeep\n|turn|26\n|\n|t:|1771161853\n|move|p2a: Chansey|Seismic Toss|p1a: Altaria\n|-damage|p1a: Altaria|0 fnt\n|faint|p1a: Altaria\n|\n|-damage|p2a: Chansey|125/564 brn|[from] brn\n|upkeep\n|\n|t:|1771161859\n|switch|p1a: Koraidon|Koraidon, L64|235/235\n|-weather|SunnyDay|[from] ability: Orichalcum Pulse|[of] p1a: Koraidon\n|-activate|p1a: Koraidon|Orichalcum Pulse|[source]\n|turn|27\n|\n|t:|1771161862\n|move|p1a: Koraidon|U-turn|p2a: Chansey\n|-damage|p2a: Chansey|0 fnt\n|faint|p2a: Chansey\n|\n|t:|1771161864\n|switch|p1a: Volcanion|Volcanion, L79|212/255|[from] U-turn\n|\n|-weather|SunnyDay|[upkeep]\n|upkeep\n|\n|t:|1771161867\n|switch|p2a: Iron Treads|Iron Treads, L77|249/265 brn\n|turn|28\n|\n|t:|1771161873\n|move|p2a: Iron Treads|Earthquake|p1a: Volcanion\n|-supereffective|p1a: Volcanion\n|-damage|p1a: Volcanion|124/255\n|move|p1a: Volcanion|Flame Charge|p2a: Iron Treads\n|-supereffective|p2a: Iron Treads\n|-damage|p2a: Iron Treads|111/265 brn\n|-boost|p1a: Volcanion|spe|1\n|\n|-weather|SunnyDay|[upkeep]\n|-heal|p2a: Iron Treads|127/265 brn|[from] item: Leftovers\n|-damage|p2a: Iron Treads|111/265 brn|[from] brn\n|upkeep\n|turn|29\n|\n|t:|1771161876\n|move|p1a: Volcanion|Flamethrower|p2a: Iron Treads\n|-supereffective|p2a: Iron Treads\n|-damage|p2a: Iron Treads|0 fnt\n|faint|p2a: Iron Treads\n|-end|p2a: Iron Treads|Quark Drive|[silent]\n|\n|-weather|SunnyDay|[upkeep]\n|upkeep\n|\n|t:|1771161878\n|switch|p2a: Skarmory|Skarmory, L80, M|235/235\n|turn|30\n|\n|t:|1771161884\n|move|p1a: Volcanion|Flame Charge|p2a: Skarmory\n|-supereffective|p2a: Skarmory\n|-damage|p2a: Skarmory|127/235\n|-boost|p1a: Volcanion|spe|1\n|move|p2a: Skarmory|Brave Bird|p1a: Volcanion\n|-damage|p1a: Volcanion|42/255\n|-damage|p2a: Skarmory|100/235|[from] Recoil\n|\n|-weather|SunnyDay|[upkeep]\n|-heal|p2a: Skarmory|114/235|[from] item: Leftovers\n|upkeep\n|turn|31\n|\n|t:|1771161888\n|-terastallize|p2a: Skarmory|Dragon\n|move|p1a: Volcanion|Flamethrower|p2a: Skarmory\n|-resisted|p2a: Skarmory\n|-damage|p2a: Skarmory|10/235\n|move|p2a: Skarmory|Brave Bird|p1a: Volcanion\n|-damage|p1a: Volcanion|0 fnt\n|faint|p1a: Volcanion\n|-damage|p2a: Skarmory|0 fnt|[from] Recoil\n|faint|p2a: Skarmory\n|\n|-weather|none\n|upkeep\n|\n|t:|1771161908\n|switch|p2a: Plusle|Plusle, L95, F|216/268\n|switch|p1a: Slowking|Slowking, L88, M|310/310\n|turn|32\n|\n|t:|1771161912\n|move|p2a: Plusle|Nasty Plot|p2a: Plusle\n|-boost|p2a: Plusle|spa|2\n|move|p1a: Slowking|Future Sight|p2a: Plusle\n|-start|p1a: Slowking|move: Future Sight\n|\n|upkeep\n|turn|33\n|\n|t:|1771161917\n|move|p2a: Plusle|Thunderbolt|p1a: Slowking\n|-supereffective|p1a: Slowking\n|-damage|p1a: Slowking|0 fnt\n|faint|p1a: Slowking\n|-damage|p2a: Plusle|190/268|[from] item: Life Orb\n|\n|upkeep\n|\n|t:|1771161923\n|switch|p1a: Iron Jugulis|Iron Jugulis, L77|271/271\n|turn|34\n|\n|t:|1771161936\n|move|p2a: Plusle|Thunderbolt|p1a: Iron Jugulis\n|-supereffective|p1a: Iron Jugulis\n|-damage|p1a: Iron Jugulis|0 fnt\n|faint|p1a: Iron Jugulis\n|-end|p1a: Iron Jugulis|Quark Drive|[silent]\n|-damage|p2a: Plusle|164/268|[from] item: Life Orb\n|\n|-end|p2a: Plusle|move: Future Sight\n|-damage|p2a: Plusle|29/268\n|upkeep\n|\n|t:|1771161939\n|switch|p1a: Koraidon|Koraidon, L64|235/235\n|-weather|SunnyDay|[from] ability: Orichalcum Pulse|[of] p1a: Koraidon\n|-activate|p1a: Koraidon|Orichalcum Pulse|[source]\n|turn|35\n|\n|t:|1771161943\n|-terastallize|p1a: Koraidon|Fire\n|move|p2a: Plusle|Thunderbolt|p1a: Koraidon\n|-damage|p1a: Koraidon|0 fnt\n|faint|p1a: Koraidon\n|-damage|p2a: Plusle|3/268|[from] item: Life Orb\n|\n|win|charnmeleon\n|raw|mudkipz1100's rating: 1888 &rarr; <strong>1867</strong><br />(-21 for losing)\n|raw|charnmeleon's rating: 1865 &rarr; <strong>1886</strong><br />(+21 for winning)\n|c|☆charnmeleon|Gg\n|l|☆mudkipz1100\n|player|p1|\n|l|☆charnmeleon\n|player|p2|\n|j|☆charnmeleon\n|player|p2|charnmeleon|swimmer-gen4dp|\n", "inputlog": ">version 686819e5e19f8a7fd2345cfc5a08a5085efa2cc3\n>start {\"formatid\":\"gen9randombattle\",\"seed\":\"sodium,a9c5382a72316e3d41730f2528a01eea\",\"rated\":\"Rated battle\"}\n>player p1 {\"name\":\"mudkipz1100\",\"avatar\":\"265\",\"rating\":1888,\"seed\":\"sodium,47e62970f6aafbe85337888501f93dac\"}\n>player p2 {\"name\":\"charnmeleon\",\"avatar\":\"swimmer-gen4dp\",\"rating\":1865,\"seed\":\"sodium,0887955925704a72b81f817767c20562\"}\n>p1 move uturn\n>p2 move stealthrock\n>p1 switch 4\n>p1 move willowisp\n>p2 move ironhead\n>p1 move defog\n>p2 move ironhead\n>p1 move roost\n>p2 move stealthrock\n>p1 move defog\n>p2 switch 2\n>p1 switch 5\n>p2 move icebeam\n>p1 switch 4\n>p2 switch 4\n>p1 move closecombat\n>p2 switch 4\n>p1 switch 3\n>p2 switch 4\n>p1 move chillyreception\n>p2 move thunderwave\n>p1 switch 3\n>p1 move closecombat\n>p2 switch 4\n>p1 move closecombat\n>p2 move grassknot\n>p2 switch 6\n>p1 switch 2\n>p2 move nastyplot\n>p1 move cosmicpower\n>p2 move thunderbolt\n>p1 move recover\n>p2 move thunderbolt\n>p1 switch 4\n>p1 move steameruption\n>p2 switch 4\n>p1 switch 5\n>p2 move thunderwave\n>p1 move willowisp\n>p2 switch 5\n>p1 switch 2\n>p2 move spikes\n>p1 move closecombat\n>p2 move whirlwind\n>p1 move flamecharge\n>p2 move spikes\n>p2 switch 5\n>p1 switch 2\n>p2 move thunderwave\n>p1 move defog\n>p2 move seismictoss\n>p1 move willowisp\n>p2 move thunderwave\n>p1 move bravebird\n>p2 move seismictoss\n>p1 move roost\n>p2 move seismictoss\n>p1 switch 5\n>p1 move uturn\n>p2 move seismictoss\n>p1 switch 2\n>p2 switch 2\n>p1 move flamecharge\n>p2 move earthquake\n>p1 move flamethrower\n>p2 move earthquake\n>p2 switch 3\n>p1 move flamecharge\n>p2 move bravebird\n>p1 move flamethrower\n>p2 move bravebird terastallize\n>p1 switch 3\n>p2 switch 4\n>p1 move futuresight\n>p2 move nastyplot\n>p1 move slackoff\n>p2 move thunderbolt\n>p1 switch 6\n>p1 move earthpower\n>p2 move thunderbolt\n>p1 switch 2\n>p1 move uturn terastallize\n>p2 move thunderbolt", "uploadtime": 1771161958, "views": 13, "formatid": "gen9randombattle", "rating": 1867, "private": 0, "password": null}