{"id": "gen9randombattle-2540750225", "format": "[Gen 9] Random Battle", "players": ["akmza", "Taimajii"], "log": "|j|‽akmza\n|j|☆Taimajii\n|t:|1771249592\n|gametype|singles\n|player|p1|akmza|shadowtriad|1598\n|player|p2|Taimajii|medium|1600\n|gen|9\n|tier|[Gen 9] Random Battle\n|rated|\n|rule|Species Clause: Limit one of each Pokémon\n|rule|HP Percentage Mod: HP is shown in percentages\n|rule|Sleep Clause Mod: Limit one foe put to sleep\n|rule|Illusion Level Mod: Illusion disguises the Pokémon's true level\n|\n|t:|1771249592\n|teamsize|p1|6\n|teamsize|p2|6\n|start\n|switch|p1a: Gliscor|Gliscor, L76, F|239/239\n|switch|p2a: Jirachi|Jirachi, L80|291/291\n|turn|1\n|inactive|Battle timer is ON: inactive players will automatically lose when time's up. (requested by Taimajii)\n|inactive|Taimajii has 120 seconds left.\n|\n|t:|1771249628\n|move|p2a: Jirachi|U-turn|p1a: Gliscor\n|-resisted|p1a: Gliscor\n|-damage|p1a: Gliscor|218/239\n|\n|t:|1771249632\n|switch|p2a: Ursaring|Ursaring, L84, F|288/288|[from] U-turn\n|move|p1a: Gliscor|Earthquake|p2a: Ursaring\n|-damage|p2a: Ursaring|185/288\n|\n|-status|p1a: Gliscor|tox|[from] item: Toxic Orb\n|-status|p2a: Ursaring|tox|[from] item: Toxic Orb\n|upkeep\n|turn|2\n|\n|t:|1771249651\n|move|p2a: Ursaring|Swords Dance|p2a: Ursaring\n|-boost|p2a: Ursaring|atk|2\n|move|p1a: Gliscor|Substitute|p1a: Gliscor\n|-start|p1a: Gliscor|Substitute\n|-damage|p1a: Gliscor|159/239 tox\n|\n|-damage|p2a: Ursaring|167/288 tox|[from] psn\n|-heal|p1a: Gliscor|188/239 tox|[from] ability: Poison Heal\n|upkeep\n|turn|3\n|\n|t:|1771249662\n|move|p1a: Gliscor|Protect|p1a: Gliscor\n|-singleturn|p1a: Gliscor|Protect\n|move|p2a: Ursaring|Facade|p1a: Gliscor\n|-activate|p1a: Gliscor|move: Protect\n|\n|-damage|p2a: Ursaring|131/288 tox|[from] psn\n|-heal|p1a: Gliscor|217/239 tox|[from] ability: Poison Heal\n|upkeep\n|turn|4\n|\n|t:|1771249671\n|move|p2a: Ursaring|Facade|p1a: Gliscor\n|-end|p1a: Gliscor|Substitute\n|move|p1a: Gliscor|Earthquake|p2a: Ursaring\n|-damage|p2a: Ursaring|31/288 tox\n|\n|-damage|p2a: Ursaring|0 fnt|[from] psn\n|faint|p2a: Ursaring\n|-heal|p1a: Gliscor|239/239 tox|[from] ability: Poison Heal\n|upkeep\n|\n|t:|1771249700\n|switch|p2a: Snorlax|Snorlax, L82, F|397/397\n|turn|5\n|\n|t:|1771249724\n|move|p1a: Gliscor|Toxic|p2a: Snorlax\n|-status|p2a: Snorlax|tox\n|move|p2a: Snorlax|Curse|p2a: Snorlax\n|-unboost|p2a: Snorlax|spe|1\n|-boost|p2a: Snorlax|atk|1\n|-boost|p2a: Snorlax|def|1\n|\n|-damage|p2a: Snorlax|373/397 tox|[from] psn\n|upkeep\n|turn|6\n|\n|t:|1771249743\n|move|p1a: Gliscor|Substitute|p1a: Gliscor\n|-start|p1a: Gliscor|Substitute\n|-damage|p1a: Gliscor|180/239 tox\n|move|p2a: Snorlax|Curse|p2a: Snorlax\n|-unboost|p2a: Snorlax|spe|1\n|-boost|p2a: Snorlax|atk|1\n|-boost|p2a: Snorlax|def|1\n|\n|-heal|p2a: Snorlax|397/397 tox|[from] item: Leftovers\n|-heal|p1a: Gliscor|209/239 tox|[from] ability: Poison Heal\n|-damage|p2a: Snorlax|349/397 tox|[from] psn\n|upkeep\n|turn|7\n|\n|t:|1771249756\n|move|p1a: Gliscor|Earthquake|p2a: Snorlax\n|-damage|p2a: Snorlax|291/397 tox\n|move|p2a: Snorlax|Curse|p2a: Snorlax\n|-unboost|p2a: Snorlax|spe|1\n|-boost|p2a: Snorlax|atk|1\n|-boost|p2a: Snorlax|def|1\n|\n|-heal|p2a: Snorlax|315/397 tox|[from] item: Leftovers\n|-heal|p1a: Gliscor|238/239 tox|[from] ability: Poison Heal\n|-damage|p2a: Snorlax|243/397 tox|[from] psn\n|upkeep\n|turn|8\n|inactive|akmza has 120 seconds left.\n|\n|t:|1771249782\n|move|p1a: Gliscor|Earthquake|p2a: Snorlax\n|-damage|p2a: Snorlax|200/397 tox\n|move|p2a: Snorlax|Body Slam|p1a: Gliscor\n|-crit|p1a: Gliscor\n|-end|p1a: Gliscor|Substitute\n|\n|-heal|p2a: Snorlax|224/397 tox|[from] item: Leftovers\n|-heal|p1a: Gliscor|239/239 tox|[from] ability: Poison Heal\n|-damage|p2a: Snorlax|128/397 tox|[from] psn\n|upkeep\n|turn|9\n|\n|t:|1771249795\n|move|p1a: Gliscor|Protect|p1a: Gliscor\n|-singleturn|p1a: Gliscor|Protect\n|move|p2a: Snorlax|Rest|p2a: Snorlax\n|-status|p2a: Snorlax|slp|[from] move: Rest\n|-heal|p2a: Snorlax|397/397 slp|[silent]\n|\n|upkeep\n|turn|10\n|\n|t:|1771249806\n|move|p1a: Gliscor|Substitute|p1a: Gliscor\n|-start|p1a: Gliscor|Substitute\n|-damage|p1a: Gliscor|180/239 tox\n|cant|p2a: Snorlax|slp\n|move|p2a: Snorlax|Sleep Talk|p2a: Snorlax\n|move|p2a: Snorlax|Curse|p2a: Snorlax|[from] move: Sleep Talk\n|-unboost|p2a: Snorlax|spe|1\n|-boost|p2a: Snorlax|atk|1\n|-boost|p2a: Snorlax|def|1\n|\n|-heal|p1a: Gliscor|209/239 tox|[from] ability: Poison Heal\n|upkeep\n|turn|11\n|\n|t:|1771249817\n|move|p1a: Gliscor|Earthquake|p2a: Snorlax\n|-damage|p2a: Snorlax|355/397 slp\n|cant|p2a: Snorlax|slp\n|move|p2a: Snorlax|Sleep Talk|p2a: Snorlax\n|move|p2a: Snorlax|Curse|p2a: Snorlax|[from] move: Sleep Talk\n|-unboost|p2a: Snorlax|spe|1\n|-boost|p2a: Snorlax|atk|1\n|-boost|p2a: Snorlax|def|1\n|\n|-heal|p2a: Snorlax|379/397 slp|[from] item: Leftovers\n|-heal|p1a: Gliscor|238/239 tox|[from] ability: Poison Heal\n|upkeep\n|turn|12\n|\n|t:|1771249835\n|move|p1a: Gliscor|Earthquake|p2a: Snorlax\n|-damage|p2a: Snorlax|349/397 slp\n|-curestatus|p2a: Snorlax|slp|[msg]\n|move|p2a: Snorlax|Body Slam|p1a: Gliscor\n|-end|p1a: Gliscor|Substitute\n|\n|-heal|p2a: Snorlax|373/397|[from] item: Leftovers\n|-heal|p1a: Gliscor|239/239 tox|[from] ability: Poison Heal\n|upkeep\n|turn|13\n|\n|t:|1771249850\n|move|p1a: Gliscor|Protect|p1a: Gliscor\n|-singleturn|p1a: Gliscor|Protect\n|move|p2a: Snorlax|Body Slam|p1a: Gliscor\n|-activate|p1a: Gliscor|move: Protect\n|\n|-heal|p2a: Snorlax|397/397|[from] item: Leftovers\n|upkeep\n|turn|14\n|inactive|akmza has 90 seconds left.\n|\n|t:|1771249878\n|move|p1a: Gliscor|Toxic|p2a: Snorlax\n|-status|p2a: Snorlax|tox\n|move|p2a: Snorlax|Body Slam|p1a: Gliscor\n|-damage|p1a: Gliscor|0 fnt\n|faint|p1a: Gliscor\n|\n|-damage|p2a: Snorlax|373/397 tox|[from] psn\n|upkeep\n|inactive|akmza has 60 seconds left.\n|n|‽akmza|akmza\n|\n|t:|1771249933\n|switch|p1a: Oranguru|Oranguru, L92, F|315/315\n|turn|15\n|\n|t:|1771249944\n|move|p1a: Oranguru|Trick|p2a: Snorlax\n|-activate|p1a: Oranguru|move: Trick|[of] p2a: Snorlax\n|-item|p2a: Snorlax|Choice Specs|[from] move: Trick\n|-item|p1a: Oranguru|Leftovers|[from] move: Trick\n|move|p2a: Snorlax|Body Slam|p1a: Oranguru\n|-damage|p1a: Oranguru|9/315\n|\n|-heal|p1a: Oranguru|28/315|[from] item: Leftovers\n|-damage|p2a: Snorlax|325/397 tox|[from] psn\n|upkeep\n|turn|16\n|inactive|akmza has 30 seconds left.\n|\n|t:|1771249971\n|move|p1a: Oranguru|Hyper Voice|p2a: Snorlax\n|-damage|p2a: Snorlax|232/397 tox\n|move|p2a: Snorlax|Body Slam|p1a: Oranguru\n|-damage|p1a: Oranguru|0 fnt\n|faint|p1a: Oranguru\n|\n|-damage|p2a: Snorlax|160/397 tox|[from] psn\n|upkeep\n|inactive|akmza has 30 seconds left this turn.\n|inactive|akmza has 20 seconds left.\n|inactive|akmza has 15 seconds left.\n|\n|t:|1771249988\n|switch|p1a: Leafeon|Leafeon, L88, F|258/258\n|turn|17\n|inactive|akmza has 25 seconds left this turn.\n|\n|t:|1771249992\n|move|p1a: Leafeon|Substitute|p1a: Leafeon\n|-start|p1a: Leafeon|Substitute\n|-damage|p1a: Leafeon|194/258\n|move|p2a: Snorlax|Body Slam|p1a: Leafeon\n|-end|p1a: Leafeon|Substitute\n|\n|-heal|p1a: Leafeon|210/258|[from] item: Leftovers\n|-damage|p2a: Snorlax|64/397 tox|[from] psn\n|upkeep\n|turn|18\n|inactive|akmza has 30 seconds left.\n|\n|t:|1771250004\n|move|p1a: Leafeon|Leaf Blade|p2a: Snorlax\n|-damage|p2a: Snorlax|24/397 tox\n|move|p2a: Snorlax|Body Slam|p1a: Leafeon\n|-crit|p1a: Leafeon\n|-damage|p1a: Leafeon|0 fnt\n|faint|p1a: Leafeon\n|\n|-damage|p2a: Snorlax|0 fnt|[from] psn\n|faint|p2a: Snorlax\n|upkeep\n|inactive|akmza has 30 seconds left this turn.\n|inactive|akmza has 20 seconds left.\n|\n|t:|1771250015\n|switch|p1a: Lanturn|Lanturn, L89, F|367/367\n|switch|p2a: Jirachi|Jirachi, L80|291/291\n|turn|19\n|inactive|akmza has 30 seconds left this turn.\n|inactive|akmza has 20 seconds left.\n|inactive|akmza has 15 seconds left.\n|inactive|akmza has 10 seconds left.\n|\n|t:|1771250036\n|move|p2a: Jirachi|U-turn|p1a: Lanturn\n|-crit|p1a: Lanturn\n|-damage|p1a: Lanturn|279/367\n|\n|t:|1771250041\n|switch|p2a: Bellibolt|Bellibolt, L84, F|320/320|[from] U-turn\n|move|p1a: Lanturn|Thunder Wave|p2a: Bellibolt\n|-immune|p2a: Bellibolt\n|\n|-heal|p1a: Lanturn|301/367|[from] item: Leftovers\n|upkeep\n|turn|20\n|inactive|akmza has 25 seconds left this turn.\n|inactive|akmza has 20 seconds left.\n|inactive|akmza has 15 seconds left.\n|\n|t:|1771250051\n|move|p1a: Lanturn|Scald|p2a: Bellibolt\n|-damage|p2a: Bellibolt|235/320\n|-start|p2a: Bellibolt|Charge|Scald|[from] ability: Electromorphosis\n|move|p2a: Bellibolt|Toxic|p1a: Lanturn\n|-status|p1a: Lanturn|tox\n|\n|-heal|p1a: Lanturn|323/367 tox|[from] item: Leftovers\n|-heal|p2a: Bellibolt|255/320|[from] item: Leftovers\n|-damage|p1a: Lanturn|301/367 tox|[from] psn\n|upkeep\n|turn|21\n|inactive|akmza has 25 seconds left this turn.\n|inactive|akmza has 20 seconds left.\n|inactive|akmza has 15 seconds left.\n|\n|t:|1771250063\n|move|p1a: Lanturn|Ice Beam|p2a: Bellibolt\n|-damage|p2a: Bellibolt|195/320\n|-start|p2a: Bellibolt|Charge|Ice Beam|[from] ability: Electromorphosis\n|move|p2a: Bellibolt|Muddy Water|p1a: Lanturn\n|-resisted|p1a: Lanturn\n|-damage|p1a: Lanturn|265/367 tox\n|\n|-heal|p1a: Lanturn|287/367 tox|[from] item: Leftovers\n|-heal|p2a: Bellibolt|215/320|[from] item: Leftovers\n|-damage|p1a: Lanturn|243/367 tox|[from] psn\n|upkeep\n|turn|22\n|inactive|akmza has 25 seconds left this turn.\n|inactive|akmza has 20 seconds left.\n|\n|t:|1771250071\n|move|p1a: Lanturn|Scald|p2a: Bellibolt\n|-damage|p2a: Bellibolt|128/320\n|-status|p2a: Bellibolt|brn\n|-start|p2a: Bellibolt|Charge|Scald|[from] ability: Electromorphosis\n|move|p2a: Bellibolt|Slack Off|p2a: Bellibolt\n|-heal|p2a: Bellibolt|288/320 brn\n|\n|-heal|p1a: Lanturn|265/367 tox|[from] item: Leftovers\n|-heal|p2a: Bellibolt|308/320 brn|[from] item: Leftovers\n|-damage|p1a: Lanturn|199/367 tox|[from] psn\n|-damage|p2a: Bellibolt|288/320 brn|[from] brn\n|upkeep\n|turn|23\n|inactive|akmza has 30 seconds left this turn.\n|inactive|akmza has 20 seconds left.\n|\n|t:|1771250083\n|move|p1a: Lanturn|Scald|p2a: Bellibolt\n|-damage|p2a: Bellibolt|203/320 brn\n|-start|p2a: Bellibolt|Charge|Scald|[from] ability: Electromorphosis\n|move|p2a: Bellibolt|Muddy Water|p1a: Lanturn\n|-resisted|p1a: Lanturn\n|-damage|p1a: Lanturn|164/367 tox\n|-unboost|p1a: Lanturn|accuracy|1\n|\n|-heal|p1a: Lanturn|186/367 tox|[from] item: Leftovers\n|-heal|p2a: Bellibolt|223/320 brn|[from] item: Leftovers\n|-damage|p1a: Lanturn|98/367 tox|[from] psn\n|-damage|p2a: Bellibolt|203/320 brn|[from] brn\n|upkeep\n|turn|24\n|inactive|akmza has 30 seconds left this turn.\n|\n|t:|1771250088\n|move|p1a: Lanturn|Scald|p2a: Bellibolt\n|-damage|p2a: Bellibolt|122/320 brn\n|-start|p2a: Bellibolt|Charge|Scald|[from] ability: Electromorphosis\n|move|p2a: Bellibolt|Slack Off|p2a: Bellibolt\n|-heal|p2a: Bellibolt|282/320 brn\n|\n|-heal|p1a: Lanturn|120/367 tox|[from] item: Leftovers\n|-heal|p2a: Bellibolt|302/320 brn|[from] item: Leftovers\n|-damage|p1a: Lanturn|10/367 tox|[from] psn\n|-damage|p2a: Bellibolt|282/320 brn|[from] brn\n|upkeep\n|turn|25\n|\n|t:|1771250094\n|move|p1a: Lanturn|Scald|p2a: Bellibolt\n|-damage|p2a: Bellibolt|200/320 brn\n|-start|p2a: Bellibolt|Charge|Scald|[from] ability: Electromorphosis\n|move|p2a: Bellibolt|Slack Off|p2a: Bellibolt\n|-heal|p2a: Bellibolt|320/320 brn\n|\n|-heal|p1a: Lanturn|32/367 tox|[from] item: Leftovers\n|-damage|p1a: Lanturn|0 fnt|[from] psn\n|faint|p1a: Lanturn\n|-damage|p2a: Bellibolt|300/320 brn|[from] brn\n|upkeep\n|\n|t:|1771250102\n|switch|p1a: Entei|Entei, L78|307/307\n|turn|26\n|\n|t:|1771250112\n|move|p1a: Entei|Stomping Tantrum|p2a: Bellibolt\n|-supereffective|p2a: Bellibolt\n|-damage|p2a: Bellibolt|148/320 brn\n|-start|p2a: Bellibolt|Charge|Stomping Tantrum|[from] ability: Electromorphosis\n|move|p2a: Bellibolt|Thunderbolt|p1a: Entei\n|-damage|p1a: Entei|57/307\n|-end|p2a: Bellibolt|Charge|[silent]\n|\n|-heal|p2a: Bellibolt|168/320 brn|[from] item: Leftovers\n|-damage|p2a: Bellibolt|148/320 brn|[from] brn\n|upkeep\n|turn|27\n|\n|t:|1771250122\n|move|p1a: Entei|Stomping Tantrum|p2a: Bellibolt\n|-supereffective|p2a: Bellibolt\n|-damage|p2a: Bellibolt|0 fnt\n|faint|p2a: Bellibolt\n|\n|upkeep\n|\n|t:|1771250145\n|switch|p2a: Muk|Muk, L86, F|321/321\n|turn|28\n|\n|t:|1771250148\n|move|p2a: Muk|Shadow Sneak|p1a: Entei\n|-damage|p1a: Entei|23/307\n|move|p1a: Entei|Stomping Tantrum|p2a: Muk\n|-supereffective|p2a: Muk\n|-damage|p2a: Muk|155/321\n|\n|-heal|p2a: Muk|175/321|[from] item: Leftovers\n|upkeep\n|turn|29\n|\n|t:|1771250158\n|move|p2a: Muk|Shadow Sneak|p1a: Entei\n|-damage|p1a: Entei|0 fnt\n|faint|p1a: Entei\n|\n|-heal|p2a: Muk|195/321|[from] item: Leftovers\n|upkeep\n|\n|t:|1771250165\n|switch|p1a: Zamazenta|Zamazenta, L71|248/248\n|-ability|p1a: Zamazenta|Dauntless Shield|boost\n|-boost|p1a: Zamazenta|def|1\n|turn|30\n|\n|t:|1771250180\n|move|p1a: Zamazenta|Iron Defense|p1a: Zamazenta\n|-boost|p1a: Zamazenta|def|2\n|move|p2a: Muk|Knock Off|p1a: Zamazenta\n|-resisted|p1a: Zamazenta\n|-damage|p1a: Zamazenta|232/248\n|-enditem|p1a: Zamazenta|Chesto Berry|[from] move: Knock Off|[of] p2a: Muk\n|\n|-heal|p2a: Muk|215/321|[from] item: Leftovers\n|upkeep\n|turn|31\n|\n|t:|1771250195\n|move|p1a: Zamazenta|Iron Head|p2a: Muk\n|-damage|p2a: Muk|159/321\n|move|p2a: Muk|Haze|p2a: Muk\n|-clearallboost\n|\n|-heal|p2a: Muk|179/321|[from] item: Leftovers\n|upkeep\n|turn|32\n|\n|t:|1771250204\n|move|p1a: Zamazenta|Iron Defense|p1a: Zamazenta\n|-boost|p1a: Zamazenta|def|2\n|move|p2a: Muk|Poison Jab|p1a: Zamazenta\n|-damage|p1a: Zamazenta|189/248\n|-status|p1a: Zamazenta|psn|[from] ability: Poison Touch|[of] p2a: Muk\n|\n|-heal|p2a: Muk|199/321|[from] item: Leftovers\n|-damage|p1a: Zamazenta|158/248 psn|[from] psn\n|upkeep\n|turn|33\n|\n|t:|1771250212\n|move|p1a: Zamazenta|Body Press|p2a: Muk\n|-resisted|p2a: Muk\n|-damage|p2a: Muk|122/321\n|move|p2a: Muk|Haze|p2a: Muk\n|-clearallboost\n|\n|-heal|p2a: Muk|142/321|[from] item: Leftovers\n|-damage|p1a: Zamazenta|127/248 psn|[from] psn\n|upkeep\n|turn|34\n|\n|t:|1771250231\n|move|p1a: Zamazenta|Rest|p1a: Zamazenta\n|-status|p1a: Zamazenta|slp|[from] move: Rest\n|-heal|p1a: Zamazenta|248/248 slp|[silent]\n|move|p2a: Muk|Poison Jab|p1a: Zamazenta\n|-damage|p1a: Zamazenta|160/248 slp\n|\n|-heal|p2a: Muk|162/321|[from] item: Leftovers\n|upkeep\n|turn|35\n|inactive|Taimajii has 120 seconds left.\n|\n|t:|1771250265\n|switch|p2a: Comfey|Comfey, L85, M|225/225\n|-terastallize|p1a: Zamazenta|Steel\n|cant|p1a: Zamazenta|slp\n|\n|upkeep\n|turn|36\n|inactive|akmza has 90 seconds left.\n|inactive|Taimajii has 120 seconds left.\n|\n|t:|1771250272\n|cant|p1a: Zamazenta|slp\n|move|p2a: Comfey|Calm Mind|p2a: Comfey\n|-boost|p2a: Comfey|spa|1\n|-boost|p2a: Comfey|spd|1\n|\n|upkeep\n|turn|37\n|inactive|Taimajii has 120 seconds left.\n|\n|t:|1771250283\n|-terastallize|p2a: Comfey|Ground\n|-curestatus|p1a: Zamazenta|slp|[msg]\n|move|p1a: Zamazenta|Iron Head|p2a: Comfey\n|-damage|p2a: Comfey|153/225\n|move|p2a: Comfey|Calm Mind|p2a: Comfey\n|-boost|p2a: Comfey|spa|1\n|-boost|p2a: Comfey|spd|1\n|\n|-heal|p2a: Comfey|167/225|[from] item: Leftovers\n|upkeep\n|turn|38\n|\n|t:|1771250291\n|move|p1a: Zamazenta|Iron Defense|p1a: Zamazenta\n|-boost|p1a: Zamazenta|def|2\n|move|p2a: Comfey|Tera Blast|p1a: Zamazenta|[anim] Tera Blast Ground\n|-supereffective|p1a: Zamazenta\n|-damage|p1a: Zamazenta|0 fnt\n|faint|p1a: Zamazenta\n|\n|win|Taimajii\n|raw|akmza's rating: 1598 &rarr; <strong>1578</strong><br />(-20 for losing)\n|raw|Taimajii's rating: 1600 &rarr; <strong>1620</strong><br />(+20 for winning)\n|l|‽akmza\n|player|p1|\n", "inputlog": ">version 686819e5e19f8a7fd2345cfc5a08a5085efa2cc3\n>start {\"formatid\":\"gen9randombattle\",\"seed\":\"sodium,bdcd3e44f669318326262710d29bce50\",\"rated\":\"Rated battle\"}\n>player p1 {\"name\":\"akmza\",\"avatar\":\"shadowtriad\",\"rating\":1598,\"seed\":\"sodium,c8586c120356a56b8ad5017c365f3b0b\"}\n>player p2 {\"name\":\"Taimajii\",\"avatar\":\"medium\",\"rating\":1600,\"seed\":\"sodium,2a7e4f43775abceee4aac56c987f80c1\"}\n>p1 move earthquake\n>p2 move uturn\n>p2 switch 4\n>p1 move substitute\n>p2 move swordsdance\n>p1 move protect\n>p2 move facade\n>p1 move earthquake\n>p2 move facade\n>p2 switch 3\n>p1 move toxic\n>p2 move curse\n>p1 move substitute\n>p2 move curse\n>p1 move earthquake\n>p2 move curse\n>p1 move earthquake\n>p2 move bodyslam\n>p1 move protect\n>p2 move rest\n>p1 move substitute\n>p2 move sleeptalk\n>p1 move earthquake\n>p2 move sleeptalk\n>p1 move earthquake\n>p2 move bodyslam\n>p1 move protect\n>p2 move bodyslam\n>p1 move toxic\n>p2 move bodyslam\n>p1 switch 2\n>p1 move trick\n>p2 move bodyslam\n>p1 move hypervoice\n>p2 move bodyslam\n>p1 switch 4\n>p1 move substitute\n>p2 move bodyslam\n>p1 move leafblade\n>p2 move bodyslam\n>p1 switch 6\n>p2 switch 4\n>p1 move thunderwave\n>p2 move uturn\n>p2 switch 5\n>p1 move scald\n>p2 move toxic\n>p1 move icebeam\n>p2 move muddywater\n>p1 move scald\n>p2 move slackoff\n>p1 move scald\n>p2 move muddywater\n>p1 move scald\n>p2 move slackoff\n>p1 move scald\n>p2 move slackoff\n>p1 switch 3\n>p1 move stompingtantrum\n>p2 move thunderbolt\n>p1 move stompingtantrum\n>p2 move slackoff\n>p2 switch 2\n>p1 move stompingtantrum\n>p2 move shadowsneak\n>p1 move stompingtantrum\n>p2 move shadowsneak\n>p1 switch 5\n>p1 move irondefense\n>p2 move knockoff\n>p1 move ironhead\n>p2 move haze\n>p1 move irondefense\n>p2 move poisonjab\n>p1 move bodypress\n>p2 move haze\n>p1 move rest\n>p2 move poisonjab\n>p1 move irondefense terastallize\n>p2 switch 6\n>p1 move irondefense\n>p2 move calmmind\n>p1 move ironhead\n>p2 move calmmind terastallize\n>p1 move irondefense\n>p2 move terablast", "uploadtime": 1771250302, "views": 8, "formatid": "gen9randombattle", "rating": 1578, "private": 0, "password": null}