{"id": "gen9randombattle-2540523801", "format": "[Gen 9] Random Battle", "players": ["poweroutage273", "Surf90"], "log": "|j|☆poweroutage273\n|j|☆Surf90\n|t:|1771212864\n|gametype|singles\n|player|p1|poweroutage273|malva|2175\n|player|p2|Surf90|worker|2204\n|gen|9\n|tier|[Gen 9] Random Battle\n|rated|\n|rule|Species Clause: Limit one of each Pokémon\n|rule|HP Percentage Mod: HP is shown in percentages\n|rule|Sleep Clause Mod: Limit one foe put to sleep\n|rule|Illusion Level Mod: Illusion disguises the Pokémon's true level\n|\n|t:|1771212864\n|teamsize|p1|6\n|teamsize|p2|6\n|start\n|switch|p1a: Barraskewda|Barraskewda, L81, M|231/231\n|switch|p2a: Hitmonlee|Hitmonlee, L85, M|224/224\n|turn|1\n|inactive|Battle timer is ON: inactive players will automatically lose when time's up. (requested by poweroutage273)\n|\n|t:|1771212887\n|switch|p2a: Arboliva|Arboliva, L91, M|288/288\n|move|p1a: Barraskewda|Flip Turn|p2a: Arboliva\n|-resisted|p2a: Arboliva\n|-damage|p2a: Arboliva|238/288\n|\n|t:|1771212893\n|switch|p1a: Cacturne|Cacturne, L92, F|278/278|[from] Flip Turn\n|\n|upkeep\n|turn|2\n|\n|t:|1771212910\n|move|p1a: Cacturne|Knock Off|p2a: Arboliva\n|-damage|p2a: Arboliva|85/288\n|-enditem|p2a: Arboliva|Sitrus Berry|[from] move: Knock Off|[of] p1a: Cacturne\n|-damage|p1a: Cacturne|251/278|[from] item: Life Orb\n|move|p2a: Arboliva|Hyper Voice|p1a: Cacturne\n|-damage|p1a: Cacturne|76/278\n|\n|upkeep\n|turn|3\n|\n|t:|1771212915\n|move|p1a: Cacturne|Knock Off|p2a: Arboliva\n|-damage|p2a: Arboliva|0 fnt\n|faint|p2a: Arboliva\n|-damage|p1a: Cacturne|49/278|[from] item: Life Orb\n|\n|upkeep\n|\n|t:|1771212918\n|switch|p2a: Scizor|Scizor, L79, M|240/240\n|turn|4\n|\n|t:|1771212922\n|switch|p1a: Empoleon|Empoleon, L84, M|278/278\n|move|p2a: Scizor|Bullet Punch|p1a: Empoleon\n|-resisted|p1a: Empoleon\n|-damage|p1a: Empoleon|251/278\n|\n|-heal|p1a: Empoleon|268/278|[from] item: Leftovers\n|upkeep\n|turn|5\n|\n|t:|1771212940\n|switch|p2a: Slowbro|Slowbro-Galar, L87, M|307/307\n|move|p1a: Empoleon|Knock Off|p2a: Slowbro\n|-supereffective|p2a: Slowbro\n|-damage|p2a: Slowbro|201/307\n|-enditem|p2a: Slowbro|Assault Vest|[from] move: Knock Off|[of] p1a: Empoleon\n|\n|-heal|p1a: Empoleon|278/278|[from] item: Leftovers\n|upkeep\n|turn|6\n|\n|t:|1771212947\n|move|p1a: Empoleon|Surf|p2a: Slowbro\n|-damage|p2a: Slowbro|75/307\n|move|p2a: Slowbro|Earthquake|p1a: Empoleon\n|-supereffective|p1a: Empoleon\n|-damage|p1a: Empoleon|126/278\n|\n|-heal|p1a: Empoleon|143/278|[from] item: Leftovers\n|upkeep\n|turn|7\n|\n|t:|1771212950\n|switch|p2a: Noctowl|Noctowl, L95, F|344/344\n|move|p1a: Empoleon|Surf|p2a: Noctowl\n|-damage|p2a: Noctowl|251/344\n|\n|-heal|p1a: Empoleon|160/278|[from] item: Leftovers\n|upkeep\n|turn|8\n|\n|t:|1771212953\n|move|p2a: Noctowl|Hurricane|p1a: Empoleon|[miss]\n|-miss|p2a: Noctowl|p1a: Empoleon\n|move|p1a: Empoleon|Ice Beam|p2a: Noctowl\n|-supereffective|p2a: Noctowl\n|-damage|p2a: Noctowl|125/344\n|\n|-heal|p1a: Empoleon|177/278|[from] item: Leftovers\n|upkeep\n|turn|9\n|\n|t:|1771212958\n|move|p2a: Noctowl|Hurricane|p1a: Empoleon\n|-resisted|p1a: Empoleon\n|-damage|p1a: Empoleon|63/278\n|-start|p1a: Empoleon|confusion\n|-activate|p1a: Empoleon|confusion\n|move|p1a: Empoleon|Ice Beam|p2a: Noctowl\n|-supereffective|p2a: Noctowl\n|-damage|p2a: Noctowl|9/344\n|\n|-heal|p1a: Empoleon|80/278|[from] item: Leftovers\n|upkeep\n|turn|10\n|\n|t:|1771212962\n|move|p2a: Noctowl|Roost|p2a: Noctowl\n|-heal|p2a: Noctowl|181/344\n|-singleturn|p2a: Noctowl|move: Roost\n|-end|p1a: Empoleon|confusion\n|move|p1a: Empoleon|Knock Off|p2a: Noctowl\n|-damage|p2a: Noctowl|99/344\n|-enditem|p2a: Noctowl|Heavy-Duty Boots|[from] move: Knock Off|[of] p1a: Empoleon\n|\n|-heal|p1a: Empoleon|97/278|[from] item: Leftovers\n|upkeep\n|turn|11\n|\n|t:|1771212966\n|move|p2a: Noctowl|Roost|p2a: Noctowl\n|-heal|p2a: Noctowl|271/344\n|-singleturn|p2a: Noctowl|move: Roost\n|move|p1a: Empoleon|Ice Beam|p2a: Noctowl\n|-damage|p2a: Noctowl|209/344\n|\n|-heal|p1a: Empoleon|114/278|[from] item: Leftovers\n|upkeep\n|turn|12\n|\n|t:|1771212968\n|move|p2a: Noctowl|Hurricane|p1a: Empoleon\n|-resisted|p1a: Empoleon\n|-damage|p1a: Empoleon|0 fnt\n|faint|p1a: Empoleon\n|\n|upkeep\n|\n|t:|1771212985\n|switch|p1a: Ambipom|Ambipom, L84, M|263/263\n|turn|13\n|\n|t:|1771212991\n|move|p1a: Ambipom|Double-Edge|p2a: Noctowl\n|-damage|p2a: Noctowl|0 fnt\n|faint|p2a: Noctowl\n|-damage|p1a: Ambipom|194/263|[from] Recoil\n|\n|upkeep\n|\n|t:|1771212995\n|switch|p2a: Scizor|Scizor, L79, M|240/240\n|turn|14\n|\n|t:|1771213000\n|move|p1a: Ambipom|Double-Edge|p2a: Scizor\n|-resisted|p2a: Scizor\n|-damage|p2a: Scizor|152/240\n|-damage|p1a: Ambipom|165/263|[from] Recoil\n|move|p2a: Scizor|U-turn|p1a: Ambipom\n|-damage|p1a: Ambipom|21/263\n|\n|t:|1771213015\n|switch|p2a: Slowbro|Slowbro-Galar, L87, M|177/307|[from] U-turn\n|\n|upkeep\n|turn|15\n|\n|t:|1771213021\n|switch|p2a: Scizor|Scizor, L79, M|152/240\n|move|p1a: Ambipom|Double-Edge|p2a: Scizor\n|-resisted|p2a: Scizor\n|-damage|p2a: Scizor|62/240\n|-damage|p1a: Ambipom|0 fnt|[from] Recoil\n|faint|p1a: Ambipom\n|\n|upkeep\n|\n|t:|1771213032\n|switch|p1a: Barraskewda|Barraskewda, L81, M|231/231\n|turn|16\n|\n|t:|1771213042\n|move|p2a: Scizor|Bullet Punch|p1a: Barraskewda\n|-resisted|p1a: Barraskewda\n|-damage|p1a: Barraskewda|154/231\n|move|p1a: Barraskewda|Flip Turn|p2a: Scizor\n|-damage|p2a: Scizor|0 fnt\n|faint|p2a: Scizor\n|\n|t:|1771213054\n|switch|p1a: Dragapult|Dragapult, L77, M|262/262|[from] Flip Turn\n|\n|upkeep\n|\n|t:|1771213069\n|switch|p2a: Slowbro|Slowbro-Galar, L87, M|279/307\n|turn|17\n|\n|t:|1771213084\n|-terastallize|p1a: Dragapult|Ghost\n|move|p1a: Dragapult|Shadow Ball|p2a: Slowbro\n|-supereffective|p2a: Slowbro\n|-damage|p2a: Slowbro|0 fnt\n|faint|p2a: Slowbro\n|\n|upkeep\n|\n|t:|1771213099\n|switch|p2a: Hitmonlee|Hitmonlee, L85, M|224/224\n|turn|18\n|\n|t:|1771213103\n|move|p1a: Dragapult|Shadow Ball|p2a: Hitmonlee\n|-damage|p2a: Hitmonlee|112/224\n|move|p2a: Hitmonlee|Knock Off|p1a: Dragapult\n|-supereffective|p1a: Dragapult\n|-damage|p1a: Dragapult|60/262\n|-enditem|p1a: Dragapult|Choice Specs|[from] move: Knock Off|[of] p2a: Hitmonlee\n|\n|upkeep\n|turn|19\n|-message|Surf90 forfeited.\n|\n|win|poweroutage273\n|raw|poweroutage273's rating: 2175 &rarr; <strong>2197</strong><br />(+22 for winning)\n|raw|Surf90's rating: 2204 &rarr; <strong>2182</strong><br />(-22 for losing)\n|l|☆Surf90\n|player|p2|\n", "inputlog": ">version 686819e5e19f8a7fd2345cfc5a08a5085efa2cc3\n>start {\"formatid\":\"gen9randombattle\",\"seed\":\"sodium,361f9330cac79f030155ae4a95adb9ae\",\"rated\":\"Rated battle\"}\n>player p1 {\"name\":\"poweroutage273\",\"avatar\":\"malva\",\"rating\":2175,\"seed\":\"sodium,b26d1eb0d2ac02a506c9cb534abed6b8\"}\n>player p2 {\"name\":\"Surf90\",\"avatar\":\"worker\",\"rating\":2204,\"seed\":\"sodium,4046814ba3af364b1f0c9a5d6cf62a80\"}\n>p1 move flipturn\n>p2 switch 6\n>p1 switch 6\n>p1 move knockoff\n>p2 move hypervoice\n>p1 move knockoff\n>p2 move hypervoice\n>p2 switch 5\n>p1 switch 3\n>p2 move bulletpunch\n>p1 move knockoff\n>p2 switch 3\n>p1 move surf\n>p2 move earthquake\n>p1 move surf\n>p2 switch 2\n>p1 move icebeam\n>p2 move hurricane\n>p1 move icebeam\n>p2 move hurricane\n>p1 move knockoff\n>p2 move roost\n>p1 move icebeam\n>p2 move roost\n>p1 move roost\n>p2 move hurricane\n>p1 switch 5\n>p1 move doubleedge\n>p2 move hurricane\n>p2 switch 3\n>p1 move doubleedge\n>p2 move uturn\n>p2 switch 2\n>p1 move doubleedge\n>p2 switch 2\n>p1 switch 6\n>p1 move flipturn\n>p2 move bulletpunch\n>p1 switch 2\n>p2 switch 2\n>p1 move shadowball terastallize\n>p2 move foulplay\n>p2 switch 6\n>p1 move shadowball\n>p2 move knockoff\n>forcelose p2", "uploadtime": 1771213120, "views": 11, "formatid": "gen9randombattle", "rating": 2182, "private": 0, "password": null}