{"id": "gen9randombattle-2540278128", "format": "[Gen 9] Random Battle", "players": ["Axtell", "sweggitrash"], "log": "|j|☆Axtell\n|j|☆sweggitrash\n|t:|1771183818\n|gametype|singles\n|player|p1|Axtell|cynthia|1948\n|player|p2|sweggitrash|170|1891\n|gen|9\n|tier|[Gen 9] Random Battle\n|rated|\n|rule|Species Clause: Limit one of each Pokémon\n|rule|HP Percentage Mod: HP is shown in percentages\n|rule|Sleep Clause Mod: Limit one foe put to sleep\n|rule|Illusion Level Mod: Illusion disguises the Pokémon's true level\n|\n|t:|1771183818\n|teamsize|p1|6\n|teamsize|p2|6\n|start\n|switch|p1a: Ariados|Ariados, L95, M|287/287\n|switch|p2a: Rabsca|Rabsca, L91, F|284/284\n|turn|1\n|inactive|Battle timer is ON: inactive players will automatically lose when time's up. (requested by Axtell)\n|\n|t:|1771183832\n|move|p2a: Rabsca|Psychic|p1a: Ariados\n|-supereffective|p1a: Ariados\n|-enditem|p1a: Ariados|Focus Sash\n|-damage|p1a: Ariados|1/287\n|move|p1a: Ariados|Sticky Web|p2a: Rabsca\n|-sidestart|p2: sweggitrash|move: Sticky Web\n|\n|upkeep\n|turn|2\n|\n|t:|1771183860\n|move|p2a: Rabsca|Bug Buzz|p1a: Ariados\n|-resisted|p1a: Ariados\n|-damage|p1a: Ariados|0 fnt\n|faint|p1a: Ariados\n|\n|upkeep\n|\n|t:|1771183867\n|switch|p1a: Spectrier|Spectrier, L75|274/274\n|turn|3\n|\n|t:|1771183880\n|switch|p2a: Krookodile|Krookodile, L80, M|283/283\n|-activate|p2a: Krookodile|move: Sticky Web\n|-unboost|p2a: Krookodile|spe|1\n|-ability|p2a: Krookodile|Intimidate|boost\n|-unboost|p1a: Spectrier|atk|1\n|move|p1a: Spectrier|Nasty Plot|p1a: Spectrier\n|-boost|p1a: Spectrier|spa|2\n|\n|upkeep\n|turn|4\n|\n|t:|1771183891\n|-terastallize|p1a: Spectrier|Dark\n|move|p1a: Spectrier|Dark Pulse|p2a: Krookodile\n|-resisted|p2a: Krookodile\n|-damage|p2a: Krookodile|158/283\n|move|p2a: Krookodile|Knock Off|p1a: Spectrier\n|-resisted|p1a: Spectrier\n|-damage|p1a: Spectrier|187/274\n|-enditem|p1a: Spectrier|Leftovers|[from] move: Knock Off|[of] p2a: Krookodile\n|\n|-heal|p2a: Krookodile|175/283|[from] item: Leftovers\n|upkeep\n|turn|5\n|\n|t:|1771183900\n|move|p1a: Spectrier|Dark Pulse|p2a: Krookodile\n|-resisted|p2a: Krookodile\n|-damage|p2a: Krookodile|47/283\n|move|p2a: Krookodile|Earthquake|p1a: Spectrier\n|-damage|p1a: Spectrier|24/274\n|\n|-heal|p2a: Krookodile|64/283|[from] item: Leftovers\n|upkeep\n|turn|6\n|\n|t:|1771183905\n|move|p1a: Spectrier|Dark Pulse|p2a: Krookodile\n|-resisted|p2a: Krookodile\n|-damage|p2a: Krookodile|0 fnt\n|faint|p2a: Krookodile\n|-ability|p1a: Spectrier|Grim Neigh|boost\n|-boost|p1a: Spectrier|spa|1\n|\n|upkeep\n|\n|t:|1771183908\n|switch|p2a: Slither Wing|Slither Wing, L81|270/270\n|-activate|p2a: Slither Wing|move: Sticky Web\n|-unboost|p2a: Slither Wing|spe|1\n|turn|7\n|\n|t:|1771183912\n|move|p2a: Slither Wing|First Impression|p1a: Spectrier\n|-supereffective|p1a: Spectrier\n|-damage|p1a: Spectrier|0 fnt\n|faint|p1a: Spectrier\n|-damage|p2a: Slither Wing|243/270|[from] item: Life Orb\n|\n|upkeep\n|\n|t:|1771183914\n|switch|p1a: Armarouge|Armarouge, L80, F|267/267\n|turn|8\n|\n|t:|1771183941\n|-end|p2a: Slither Wing|Protosynthesis|[silent]\n|switch|p2a: Haxorus|Haxorus, L77, F|244/244\n|-activate|p2a: Haxorus|move: Sticky Web\n|-unboost|p2a: Haxorus|spe|1\n|-ability|p2a: Haxorus|Mold Breaker\n|move|p1a: Armarouge|Armor Cannon|p2a: Haxorus\n|-resisted|p2a: Haxorus\n|-damage|p2a: Haxorus|100/244\n|-unboost|p1a: Armarouge|def|1\n|-unboost|p1a: Armarouge|spd|1\n|\n|upkeep\n|turn|9\n|\n|t:|1771183947\n|move|p1a: Armarouge|Armor Cannon|p2a: Haxorus\n|-resisted|p2a: Haxorus\n|-crit|p2a: Haxorus\n|-damage|p2a: Haxorus|0 fnt\n|-unboost|p1a: Armarouge|def|1\n|-unboost|p1a: Armarouge|spd|1\n|faint|p2a: Haxorus\n|\n|upkeep\n|\n|t:|1771183961\n|switch|p2a: Calyrex|Calyrex-Shadow, L64|235/235\n|-ability|p2a: Calyrex|As One\n|-ability|p2a: Calyrex|Unnerve\n|-activate|p2a: Calyrex|move: Sticky Web\n|-unboost|p2a: Calyrex|spe|1\n|turn|10\n|\n|t:|1771183967\n|move|p1a: Armarouge|Armor Cannon|p2a: Calyrex\n|-damage|p2a: Calyrex|0 fnt\n|-unboost|p1a: Armarouge|def|1\n|-unboost|p1a: Armarouge|spd|1\n|faint|p2a: Calyrex\n|\n|upkeep\n|\n|t:|1771183973\n|switch|p2a: Slither Wing|Slither Wing, L81|243/270\n|-activate|p2a: Slither Wing|move: Sticky Web\n|-unboost|p2a: Slither Wing|spe|1\n|turn|11\n|\n|t:|1771183977\n|switch|p1a: Stonjourner|Stonjourner, L91, F|330/330\n|move|p2a: Slither Wing|Close Combat|p1a: Stonjourner\n|-supereffective|p1a: Stonjourner\n|-damage|p1a: Stonjourner|54/330\n|-unboost|p2a: Slither Wing|def|1\n|-unboost|p2a: Slither Wing|spd|1\n|-damage|p2a: Slither Wing|216/270|[from] item: Life Orb\n|\n|upkeep\n|turn|12\n|\n|t:|1771183987\n|move|p1a: Stonjourner|Heat Crash|p2a: Slither Wing\n|-supereffective|p2a: Slither Wing\n|-damage|p2a: Slither Wing|0 fnt\n|faint|p2a: Slither Wing\n|-end|p2a: Slither Wing|Protosynthesis|[silent]\n|-damage|p1a: Stonjourner|21/330|[from] item: Life Orb\n|\n|upkeep\n|\n|t:|1771183989\n|switch|p2a: Alcremie|Alcremie-Caramel-Swirl, L90, F|263/263\n|-activate|p2a: Alcremie|move: Sticky Web\n|-unboost|p2a: Alcremie|spe|1\n|turn|13\n|\n|t:|1771183996\n|move|p1a: Stonjourner|Stone Edge|p2a: Alcremie\n|-damage|p2a: Alcremie|43/263\n|-damage|p1a: Stonjourner|0 fnt|[from] item: Life Orb\n|faint|p1a: Stonjourner\n|move|p2a: Alcremie|Recover|p2a: Alcremie\n|-heal|p2a: Alcremie|175/263\n|\n|-heal|p2a: Alcremie|191/263|[from] item: Leftovers\n|upkeep\n|\n|t:|1771183999\n|switch|p1a: Archaludon|Archaludon, L78, F|268/268\n|turn|14\n|\n|t:|1771184010\n|move|p1a: Archaludon|Swords Dance|p1a: Archaludon\n|-boost|p1a: Archaludon|atk|2\n|move|p2a: Alcremie|Recover|p2a: Alcremie\n|-heal|p2a: Alcremie|263/263\n|\n|upkeep\n|turn|15\n|\n|t:|1771184017\n|-terastallize|p2a: Alcremie|Steel\n|move|p1a: Archaludon|Iron Head|p2a: Alcremie\n|-resisted|p2a: Alcremie\n|-damage|p2a: Alcremie|177/263\n|move|p2a: Alcremie|Alluring Voice|p1a: Archaludon\n|-damage|p1a: Archaludon|132/268\n|-ability|p1a: Archaludon|Stamina|boost\n|-boost|p1a: Archaludon|def|1\n|\n|-heal|p2a: Alcremie|193/263|[from] item: Leftovers\n|upkeep\n|turn|16\n|\n|t:|1771184026\n|move|p1a: Archaludon|Earthquake|p2a: Alcremie\n|-supereffective|p2a: Alcremie\n|-damage|p2a: Alcremie|0 fnt\n|faint|p2a: Alcremie\n|\n|upkeep\n|\n|t:|1771184028\n|switch|p2a: Rabsca|Rabsca, L91, F|284/284\n|turn|17\n|\n|t:|1771184037\n|move|p1a: Archaludon|Swords Dance|p1a: Archaludon\n|-boost|p1a: Archaludon|atk|2\n|move|p2a: Rabsca|Earth Power|p1a: Archaludon\n|-supereffective|p1a: Archaludon\n|-damage|p1a: Archaludon|0 fnt\n|faint|p1a: Archaludon\n|\n|upkeep\n|\n|t:|1771184039\n|switch|p1a: Armarouge|Armarouge, L80, F|267/267\n|turn|18\n|\n|t:|1771184041\n|move|p1a: Armarouge|Armor Cannon|p2a: Rabsca\n|-supereffective|p2a: Rabsca\n|-damage|p2a: Rabsca|0 fnt\n|-unboost|p1a: Armarouge|def|1\n|-unboost|p1a: Armarouge|spd|1\n|faint|p2a: Rabsca\n|\n|win|Axtell\n|raw|Axtell's rating: 1948 &rarr; <strong>1965</strong><br />(+17 for winning)\n|raw|sweggitrash's rating: 1891 &rarr; <strong>1874</strong><br />(-17 for losing)\n|l|☆sweggitrash\n|player|p2|\n", "inputlog": ">version 686819e5e19f8a7fd2345cfc5a08a5085efa2cc3\n>start {\"formatid\":\"gen9randombattle\",\"seed\":\"sodium,f1ab7134233757f792e405059fdc9720\",\"rated\":\"Rated battle\"}\n>player p1 {\"name\":\"Axtell\",\"avatar\":\"cynthia\",\"rating\":1948,\"seed\":\"sodium,c2c0c3d4ca34600b19973e2fd0d34683\"}\n>player p2 {\"name\":\"sweggitrash\",\"avatar\":\"170\",\"rating\":1891,\"seed\":\"sodium,9b7ff632fdd938a949df89ab06869465\"}\n>p1 move stickyweb\n>p2 move psychic\n>p1 move knockoff\n>p2 move bugbuzz\n>p1 switch 4\n>p1 move nastyplot\n>p2 switch 3\n>p1 move darkpulse terastallize\n>p2 move knockoff\n>p1 move darkpulse\n>p2 move earthquake\n>p1 move darkpulse\n>p2 move earthquake\n>p2 switch 2\n>p1 move shadowball\n>p2 move firstimpression\n>p1 switch 2\n>p1 move armorcannon\n>p2 switch 4\n>p1 move armorcannon\n>p2 move earthquake\n>p2 switch 6\n>p1 move armorcannon\n>p2 move astralbarrage\n>p2 switch 4\n>p1 switch 5\n>p2 move closecombat\n>p1 move heatcrash\n>p2 move closecombat\n>p2 switch 5\n>p1 move stoneedge\n>p2 move recover\n>p1 switch 3\n>p1 move swordsdance\n>p2 move recover\n>p1 move ironhead\n>p2 move alluringvoice terastallize\n>p1 move earthquake\n>p2 move alluringvoice\n>p2 switch 3\n>p1 move swordsdance\n>p2 move earthpower\n>p1 switch 5\n>p1 move armorcannon\n>p2 move revivalblessing", "uploadtime": 1771184045, "views": 9, "formatid": "gen9randombattle", "rating": 1874, "private": 0, "password": null}