{"id": "gen9randombattle-2540707604", "format": "[Gen 9] Random Battle", "players": ["soyjett", "aiguels"], "log": "|j|☆soyjett\n|j|☆aiguels\n|t:|1771243617\n|gametype|singles\n|player|p1|soyjett|benga|1653\n|player|p2|aiguels|ingo|1696\n|gen|9\n|tier|[Gen 9] Random Battle\n|rated|\n|rule|Species Clause: Limit one of each Pokémon\n|rule|HP Percentage Mod: HP is shown in percentages\n|rule|Sleep Clause Mod: Limit one foe put to sleep\n|rule|Illusion Level Mod: Illusion disguises the Pokémon's true level\n|\n|t:|1771243617\n|teamsize|p1|6\n|teamsize|p2|6\n|start\n|switch|p1a: Tentacruel|Tentacruel, L84, F|272/272\n|switch|p2a: Chi-Yu|Chi-Yu, L77|211/211\n|-ability|p2a: Chi-Yu|Beads of Ruin\n|turn|1\n|inactive|Battle timer is ON: inactive players will automatically lose when time's up. (requested by aiguels)\n|\n|t:|1771243643\n|switch|p2a: Victreebel|Victreebel, L90, F|290/290\n|move|p1a: Tentacruel|Surf|p2a: Victreebel\n|-resisted|p2a: Victreebel\n|-damage|p2a: Victreebel|248/290\n|\n|upkeep\n|turn|2\n|\n|t:|1771243654\n|move|p1a: Tentacruel|Sludge Bomb|p2a: Victreebel\n|-damage|p2a: Victreebel|163/290\n|move|p2a: Victreebel|Knock Off|p1a: Tentacruel\n|-damage|p1a: Tentacruel|143/272\n|-enditem|p1a: Tentacruel|Assault Vest|[from] move: Knock Off|[of] p2a: Victreebel\n|-damage|p2a: Victreebel|134/290|[from] item: Life Orb\n|\n|upkeep\n|turn|3\n|\n|t:|1771243663\n|move|p1a: Tentacruel|Sludge Bomb|p2a: Victreebel\n|-damage|p2a: Victreebel|50/290\n|move|p2a: Victreebel|Strength Sap|p1a: Tentacruel\n|-unboost|p1a: Tentacruel|atk|1\n|-damage|p2a: Victreebel|0 fnt|[from] ability: Liquid Ooze|[of] p1a: Tentacruel\n|faint|p2a: Victreebel\n|\n|upkeep\n|\n|t:|1771243671\n|switch|p2a: Espeon|Espeon, L84, M|246/246\n|turn|4\n|\n|t:|1771243678\n|switch|p1a: Houndstone|Houndstone, L86, M|264/264\n|move|p2a: Espeon|Psyshock|p1a: Houndstone\n|-damage|p1a: Houndstone|114/264\n|\n|upkeep\n|turn|5\n|\n|t:|1771243689\n|move|p1a: Houndstone|Shadow Sneak|p2a: Espeon\n|-supereffective|p2a: Espeon\n|-damage|p2a: Espeon|132/246\n|move|p2a: Espeon|Psyshock|p1a: Houndstone\n|-damage|p1a: Houndstone|0 fnt\n|faint|p1a: Houndstone\n|\n|upkeep\n|\n|t:|1771243701\n|switch|p1a: Farigiraf|Farigiraf, L91, F|366/366\n|turn|6\n|\n|t:|1771243708\n|switch|p2a: Volbeat|Volbeat, L90, M|263/263\n|move|p1a: Farigiraf|Body Slam|p2a: Volbeat\n|-damage|p2a: Volbeat|163/263\n|\n|upkeep\n|turn|7\n|\n|t:|1771243718\n|switch|p1a: Raging Bolt|Raging Bolt, L78|323/323\n|move|p2a: Volbeat|Thunder Wave|p1a: Raging Bolt\n|-immune|p1a: Raging Bolt\n|\n|upkeep\n|turn|8\n|\n|t:|1771243728\n|move|p2a: Volbeat|U-turn|p1a: Raging Bolt\n|-damage|p1a: Raging Bolt|251/323\n|\n|t:|1771243737\n|switch|p2a: Sinistcha|Sinistcha, L83|254/254|[from] U-turn\n|move|p1a: Raging Bolt|Thunderbolt|p2a: Sinistcha\n|-resisted|p2a: Sinistcha\n|-damage|p2a: Sinistcha|198/254\n|\n|-heal|p2a: Sinistcha|213/254|[from] item: Leftovers\n|-heal|p1a: Raging Bolt|271/323|[from] item: Leftovers\n|upkeep\n|turn|9\n|\n|t:|1771243754\n|-end|p1a: Raging Bolt|Protosynthesis|[silent]\n|switch|p1a: Tentacruel|Tentacruel, L84, F|143/272\n|move|p2a: Sinistcha|Calm Mind|p2a: Sinistcha\n|-boost|p2a: Sinistcha|spa|1\n|-boost|p2a: Sinistcha|spd|1\n|\n|-heal|p2a: Sinistcha|228/254|[from] item: Leftovers\n|upkeep\n|turn|10\n|\n|t:|1771243767\n|move|p1a: Tentacruel|Surf|p2a: Sinistcha\n|-resisted|p2a: Sinistcha\n|-damage|p2a: Sinistcha|201/254\n|move|p2a: Sinistcha|Matcha Gotcha|p1a: Tentacruel\n|-damage|p1a: Tentacruel|34/272\n|-damage|p2a: Sinistcha|146/254|[from] ability: Liquid Ooze|[of] p1a: Tentacruel\n|\n|-heal|p2a: Sinistcha|161/254|[from] item: Leftovers\n|upkeep\n|turn|11\n|\n|t:|1771243778\n|move|p1a: Tentacruel|Sludge Bomb|p2a: Sinistcha\n|-damage|p2a: Sinistcha|97/254\n|move|p2a: Sinistcha|Shadow Ball|p1a: Tentacruel\n|-damage|p1a: Tentacruel|0 fnt\n|faint|p1a: Tentacruel\n|\n|-heal|p2a: Sinistcha|112/254|[from] item: Leftovers\n|upkeep\n|\n|t:|1771243795\n|switch|p1a: Hitmontop|Hitmontop, L88, M|231/231\n|turn|12\n|\n|t:|1771243800\n|move|p1a: Hitmontop|Triple Axel|p2a: Sinistcha\n|-supereffective|p2a: Sinistcha\n|-damage|p2a: Sinistcha|72/254\n|-supereffective|p2a: Sinistcha\n|-damage|p2a: Sinistcha|0 fnt\n|faint|p2a: Sinistcha\n|-hitcount|p2: Sinistcha|2\n|\n|upkeep\n|\n|t:|1771243814\n|switch|p2a: Reshiram|Reshiram, L76|277/277\n|-ability|p2a: Reshiram|Turboblaze\n|turn|13\n|\n|t:|1771243823\n|switch|p1a: Farigiraf|Farigiraf, L91, F|366/366\n|move|p2a: Reshiram|Will-O-Wisp|p1a: Farigiraf\n|-status|p1a: Farigiraf|brn\n|\n|-damage|p1a: Farigiraf|344/366 brn|[from] brn\n|upkeep\n|turn|14\n|\n|t:|1771243840\n|switch|p2a: Volbeat|Volbeat, L90, M|163/263\n|move|p1a: Farigiraf|Body Slam|p2a: Volbeat\n|-damage|p2a: Volbeat|111/263\n|\n|-heal|p1a: Farigiraf|366/366 brn|[from] item: Leftovers\n|-damage|p1a: Farigiraf|344/366 brn|[from] brn\n|upkeep\n|turn|15\n|\n|t:|1771243852\n|move|p2a: Volbeat|Roost|p2a: Volbeat\n|-heal|p2a: Volbeat|243/263\n|-singleturn|p2a: Volbeat|move: Roost\n|move|p1a: Farigiraf|Body Slam|p2a: Volbeat\n|-damage|p2a: Volbeat|192/263\n|-status|p2a: Volbeat|par\n|\n|-heal|p1a: Farigiraf|366/366 brn|[from] item: Leftovers\n|-damage|p1a: Farigiraf|344/366 brn|[from] brn\n|upkeep\n|turn|16\n|\n|t:|1771243865\n|move|p1a: Farigiraf|Body Slam|p2a: Volbeat\n|-crit|p2a: Volbeat\n|-damage|p2a: Volbeat|119/263 par\n|move|p2a: Volbeat|U-turn|p1a: Farigiraf\n|-supereffective|p1a: Farigiraf\n|-damage|p1a: Farigiraf|188/366 brn\n|\n|t:|1771243875\n|switch|p2a: Chi-Yu|Chi-Yu, L77|211/211|[from] U-turn\n|-ability|p2a: Chi-Yu|Beads of Ruin\n|\n|-heal|p1a: Farigiraf|210/366 brn|[from] item: Leftovers\n|-damage|p1a: Farigiraf|188/366 brn|[from] brn\n|upkeep\n|turn|17\n|\n|t:|1771243885\n|move|p2a: Chi-Yu|Dark Pulse|p1a: Farigiraf\n|-supereffective|p1a: Farigiraf\n|-damage|p1a: Farigiraf|0 fnt\n|faint|p1a: Farigiraf\n|\n|upkeep\n|\n|t:|1771243896\n|switch|p1a: Hitmontop|Hitmontop, L88, M|231/231\n|turn|18\n|\n|t:|1771243903\n|switch|p2a: Volbeat|Volbeat, L90, M|119/263 par\n|move|p1a: Hitmontop|Bulk Up|p1a: Hitmontop\n|-boost|p1a: Hitmontop|atk|1\n|-boost|p1a: Hitmontop|def|1\n|\n|upkeep\n|turn|19\n|\n|t:|1771243910\n|switch|p1a: Raging Bolt|Raging Bolt, L78|271/323\n|move|p2a: Volbeat|Encore||[still]\n|-fail|p2a: Volbeat\n|\n|-heal|p1a: Raging Bolt|291/323|[from] item: Leftovers\n|upkeep\n|turn|20\n|\n|t:|1771243921\n|move|p2a: Volbeat|Roost|p2a: Volbeat\n|-heal|p2a: Volbeat|251/263 par\n|-singleturn|p2a: Volbeat|move: Roost\n|move|p1a: Raging Bolt|Draco Meteor|p2a: Volbeat\n|-damage|p2a: Volbeat|106/263 par\n|-unboost|p1a: Raging Bolt|spa|2\n|\n|-heal|p1a: Raging Bolt|311/323|[from] item: Leftovers\n|upkeep\n|turn|21\n|\n|t:|1771243932\n|-end|p1a: Raging Bolt|Protosynthesis|[silent]\n|switch|p1a: Hitmontop|Hitmontop, L88, M|231/231\n|move|p2a: Volbeat|Roost|p2a: Volbeat\n|-heal|p2a: Volbeat|238/263 par\n|-singleturn|p2a: Volbeat|move: Roost\n|\n|upkeep\n|turn|22\n|\n|t:|1771243940\n|move|p2a: Volbeat|Thunder Wave|p1a: Hitmontop\n|-status|p1a: Hitmontop|par\n|cant|p1a: Hitmontop|par\n|\n|upkeep\n|turn|23\n|\n|t:|1771243948\n|move|p2a: Volbeat|U-turn|p1a: Hitmontop\n|-resisted|p1a: Hitmontop\n|-damage|p1a: Hitmontop|201/231 par\n|\n|t:|1771243954\n|switch|p2a: Reshiram|Reshiram, L76|277/277|[from] U-turn\n|-ability|p2a: Reshiram|Turboblaze\n|move|p1a: Hitmontop|Triple Axel|p2a: Reshiram\n|-damage|p2a: Reshiram|253/277\n|-damage|p2a: Reshiram|203/277\n|-damage|p2a: Reshiram|130/277\n|-hitcount|p2a: Reshiram|3\n|\n|-heal|p1a: Hitmontop|215/231 par|[from] item: Leftovers\n|upkeep\n|turn|24\n|\n|t:|1771243970\n|move|p2a: Reshiram|Blue Flare|p1a: Hitmontop\n|-damage|p1a: Hitmontop|94/231 par\n|move|p1a: Hitmontop|Triple Axel|p2a: Reshiram\n|-damage|p2a: Reshiram|105/277\n|-damage|p2a: Reshiram|62/277\n|-damage|p2a: Reshiram|0 fnt\n|faint|p2a: Reshiram\n|-hitcount|p2: Reshiram|3\n|\n|-heal|p1a: Hitmontop|108/231 par|[from] item: Leftovers\n|upkeep\n|\n|t:|1771243980\n|switch|p2a: Espeon|Espeon, L84, M|132/246\n|turn|25\n|\n|t:|1771243988\n|move|p2a: Espeon|Alluring Voice|p1a: Hitmontop\n|-supereffective|p1a: Hitmontop\n|-damage|p1a: Hitmontop|0 fnt\n|faint|p1a: Hitmontop\n|\n|upkeep\n|\n|t:|1771243997\n|switch|p1a: Volcanion|Volcanion, L79|255/255\n|turn|26\n|\n|t:|1771244008\n|switch|p2a: Volbeat|Volbeat, L90, M|238/263 par\n|move|p1a: Volcanion|Steam Eruption|p2a: Volbeat\n|-damage|p2a: Volbeat|123/263 par\n|\n|upkeep\n|turn|27\n|\n|t:|1771244016\n|switch|p1a: Raging Bolt|Raging Bolt, L78|311/323\n|move|p2a: Volbeat|Thunder Wave|p1a: Raging Bolt\n|-immune|p1a: Raging Bolt\n|\n|-heal|p1a: Raging Bolt|323/323|[from] item: Leftovers\n|upkeep\n|turn|28\n|\n|t:|1771244026\n|move|p2a: Volbeat|Roost|p2a: Volbeat\n|-heal|p2a: Volbeat|255/263 par\n|-singleturn|p2a: Volbeat|move: Roost\n|move|p1a: Raging Bolt|Thunderbolt|p2a: Volbeat\n|-damage|p2a: Volbeat|140/263 par\n|\n|upkeep\n|turn|29\n|\n|t:|1771244034\n|move|p2a: Volbeat|Roost|p2a: Volbeat\n|-heal|p2a: Volbeat|263/263 par\n|-singleturn|p2a: Volbeat|move: Roost\n|move|p1a: Raging Bolt|Thunderbolt|p2a: Volbeat\n|-damage|p2a: Volbeat|158/263 par\n|\n|upkeep\n|turn|30\n|\n|t:|1771244042\n|move|p1a: Raging Bolt|Thunderbolt|p2a: Volbeat\n|-damage|p2a: Volbeat|49/263 par\n|cant|p2a: Volbeat|par\n|\n|upkeep\n|turn|31\n|\n|t:|1771244048\n|move|p1a: Raging Bolt|Thunderbolt|p2a: Volbeat\n|-damage|p2a: Volbeat|0 fnt\n|faint|p2a: Volbeat\n|\n|upkeep\n|\n|t:|1771244056\n|switch|p2a: Chi-Yu|Chi-Yu, L77|211/211\n|-ability|p2a: Chi-Yu|Beads of Ruin\n|turn|32\n|\n|t:|1771244071\n|-terastallize|p2a: Chi-Yu|Dark\n|move|p2a: Chi-Yu|Dark Pulse|p1a: Raging Bolt\n|-damage|p1a: Raging Bolt|55/323\n|cant|p1a: Raging Bolt|flinch\n|\n|-heal|p1a: Raging Bolt|75/323|[from] item: Leftovers\n|upkeep\n|turn|33\n|\n|t:|1771244081\n|move|p1a: Raging Bolt|Thunderclap|p2a: Chi-Yu\n|-damage|p2a: Chi-Yu|135/211\n|move|p2a: Chi-Yu|Dark Pulse|p1a: Raging Bolt\n|-damage|p1a: Raging Bolt|0 fnt\n|faint|p1a: Raging Bolt\n|-end|p1a: Raging Bolt|Protosynthesis|[silent]\n|\n|upkeep\n|\n|t:|1771244092\n|switch|p1a: Volcanion|Volcanion, L79|255/255\n|turn|34\n|\n|t:|1771244099\n|-terastallize|p1a: Volcanion|Water\n|move|p1a: Volcanion|Steam Eruption|p2a: Chi-Yu\n|-damage|p2a: Chi-Yu|0 fnt\n|faint|p2a: Chi-Yu\n|\n|upkeep\n|\n|t:|1771244104\n|switch|p2a: Espeon|Espeon, L84, M|132/246\n|turn|35\n|\n|t:|1771244112\n|move|p1a: Volcanion|Steam Eruption|p2a: Espeon\n|-damage|p2a: Espeon|0 fnt\n|faint|p2a: Espeon\n|\n|win|soyjett\n|raw|soyjett's rating: 1653 &rarr; <strong>1675</strong><br />(+22 for winning)\n|raw|aiguels's rating: 1696 &rarr; <strong>1674</strong><br />(-22 for losing)\n|l|☆aiguels\n|player|p2|\n", "inputlog": ">version 686819e5e19f8a7fd2345cfc5a08a5085efa2cc3\n>start {\"formatid\":\"gen9randombattle\",\"seed\":\"sodium,2073a7a33d0a76d103a26fc4a1e7a77d\",\"rated\":\"Rated battle\"}\n>player p1 {\"name\":\"soyjett\",\"avatar\":\"benga\",\"rating\":1653,\"seed\":\"sodium,e78de93ba2d9e52a0c5ba345667b3c9c\"}\n>player p2 {\"name\":\"aiguels\",\"avatar\":\"ingo\",\"rating\":1696,\"seed\":\"sodium,6792860675bd1f3c22601efe33761e13\"}\n>p1 move surf\n>p2 switch 2\n>p1 move sludgebomb\n>p2 move knockoff\n>p1 move sludgebomb\n>p2 move strengthsap\n>p2 switch 5\n>p1 switch 5\n>p2 move psyshock\n>p1 move shadowsneak\n>p2 move psyshock\n>p1 switch 2\n>p1 move bodyslam\n>p2 switch 3\n>p1 switch 4\n>p2 move thunderwave\n>p1 move thunderbolt\n>p2 move uturn\n>p2 switch 6\n>p1 switch 5\n>p2 move calmmind\n>p1 move surf\n>p2 move matchagotcha\n>p1 move sludgebomb\n>p2 move shadowball\n>p1 switch 6\n>p1 move tripleaxel\n>p2 move strengthsap\n>p2 switch 4\n>p1 switch 4\n>p2 move willowisp\n>p1 move bodyslam\n>p2 switch 6\n>p1 move bodyslam\n>p2 move roost\n>p1 move bodyslam\n>p2 move uturn\n>p2 switch 2\n>p1 move bodyslam\n>p2 move darkpulse\n>p1 switch 4\n>p1 move bulkup\n>p2 switch 2\n>p1 switch 5\n>p2 move encore\n>p1 move dracometeor\n>p2 move roost\n>p1 switch 5\n>p2 move roost\n>p1 move tripleaxel\n>p2 move thunderwave\n>p1 move tripleaxel\n>p2 move uturn\n>p2 switch 6\n>p1 move tripleaxel\n>p2 move blueflare\n>p2 switch 3\n>p1 move tripleaxel\n>p2 move alluringvoice\n>p1 switch 3\n>p1 move steameruption\n>p2 switch 6\n>p1 switch 5\n>p2 move thunderwave\n>p1 move thunderbolt\n>p2 move roost\n>p1 move thunderbolt\n>p2 move roost\n>p1 move thunderbolt\n>p2 move uturn\n>p1 move thunderbolt\n>p2 move uturn\n>p2 switch 2\n>p1 move thunderbolt\n>p2 move darkpulse terastallize\n>p1 move thunderclap\n>p2 move darkpulse\n>p1 switch 5\n>p1 move steameruption terastallize\n>p2 move darkpulse\n>p2 switch 6\n>p1 move steameruption\n>p2 move psyshock", "uploadtime": 1771244250, "views": 7, "formatid": "gen9randombattle", "rating": 1674, "private": 0, "password": null}