{"id": "gen9randombattle-2539997605", "format": "[Gen 9] Random Battle", "players": ["Adinairrock", "Xboxthepokemonguy"], "log": "|j|☆Adinairrock\n|j|☆Xboxthepokemonguy\n|t:|1771141186\n|gametype|singles\n|player|p1|Adinairrock|101|1678\n|player|p2|Xboxthepokemonguy|gentleman-gen4|1723\n|gen|9\n|tier|[Gen 9] Random Battle\n|rated|\n|rule|Species Clause: Limit one of each Pokémon\n|rule|HP Percentage Mod: HP is shown in percentages\n|rule|Sleep Clause Mod: Limit one foe put to sleep\n|rule|Illusion Level Mod: Illusion disguises the Pokémon's true level\n|\n|t:|1771141186\n|teamsize|p1|6\n|teamsize|p2|6\n|start\n|switch|p1a: Giratina|Giratina, L75|349/349\n|switch|p2a: Spiritomb|Spiritomb, L89, F|234/234\n|-ability|p1a: Giratina|Pressure\n|turn|1\n|inactive|Battle timer is ON: inactive players will automatically lose when time's up. (requested by Adinairrock)\n|\n|t:|1771141197\n|move|p1a: Giratina|Will-O-Wisp|p2a: Spiritomb\n|-status|p2a: Spiritomb|brn\n|move|p2a: Spiritomb|Toxic|p1a: Giratina\n|-status|p1a: Giratina|tox\n|\n|-damage|p1a: Giratina|328/349 tox|[from] psn\n|-damage|p2a: Spiritomb|220/234 brn|[from] brn\n|upkeep\n|turn|2\n|\n|t:|1771141205\n|move|p1a: Giratina|Shadow Ball|p2a: Spiritomb\n|-damage|p2a: Spiritomb|165/234 brn\n|move|p2a: Spiritomb|Poltergeist|p1a: Giratina\n|-activate|p1a: Giratina|move: Poltergeist|Leftovers\n|-supereffective|p1a: Giratina\n|-damage|p1a: Giratina|213/349 tox\n|\n|-heal|p1a: Giratina|234/349 tox|[from] item: Leftovers\n|-heal|p2a: Spiritomb|179/234 brn|[from] item: Leftovers\n|-damage|p1a: Giratina|192/349 tox|[from] psn\n|-damage|p2a: Spiritomb|165/234 brn|[from] brn\n|upkeep\n|turn|3\n|\n|t:|1771141220\n|move|p1a: Giratina|Rest|p1a: Giratina\n|-status|p1a: Giratina|slp|[from] move: Rest\n|-heal|p1a: Giratina|349/349 slp|[silent]\n|move|p2a: Spiritomb|Poltergeist|p1a: Giratina\n|-activate|p1a: Giratina|move: Poltergeist|Leftovers\n|-supereffective|p1a: Giratina\n|-damage|p1a: Giratina|243/349 slp\n|\n|-heal|p1a: Giratina|264/349 slp|[from] item: Leftovers\n|-heal|p2a: Spiritomb|179/234 brn|[from] item: Leftovers\n|-damage|p2a: Spiritomb|165/234 brn|[from] brn\n|upkeep\n|turn|4\n|\n|t:|1771141245\n|cant|p1a: Giratina|slp\n|move|p1a: Giratina|Sleep Talk|p1a: Giratina\n|move|p1a: Giratina|Will-O-Wisp|p2a: Spiritomb|[from] move: Sleep Talk\n|-fail|p2a: Spiritomb|brn\n|move|p2a: Spiritomb|Poltergeist|p1a: Giratina\n|-activate|p1a: Giratina|move: Poltergeist|Leftovers\n|-supereffective|p1a: Giratina\n|-crit|p1a: Giratina\n|-damage|p1a: Giratina|93/349 slp\n|\n|-heal|p1a: Giratina|114/349 slp|[from] item: Leftovers\n|-heal|p2a: Spiritomb|179/234 brn|[from] item: Leftovers\n|-damage|p2a: Spiritomb|165/234 brn|[from] brn\n|upkeep\n|turn|5\n|\n|t:|1771141259\n|cant|p1a: Giratina|slp\n|move|p1a: Giratina|Sleep Talk|p1a: Giratina\n|move|p1a: Giratina|Will-O-Wisp|p2a: Spiritomb|[from] move: Sleep Talk\n|-fail|p2a: Spiritomb|brn\n|move|p2a: Spiritomb|Poltergeist|p1a: Giratina\n|-activate|p1a: Giratina|move: Poltergeist|Leftovers\n|-supereffective|p1a: Giratina\n|-damage|p1a: Giratina|0 fnt\n|faint|p1a: Giratina\n|\n|-heal|p2a: Spiritomb|179/234 brn|[from] item: Leftovers\n|-damage|p2a: Spiritomb|165/234 brn|[from] brn\n|upkeep\n|inactive|Adinairrock has 120 seconds left.\n|\n|t:|1771141287\n|switch|p1a: Regigigas|Regigigas, L84|322/322\n|-start|p1a: Regigigas|ability: Slow Start\n|turn|6\n|\n|t:|1771141298\n|move|p2a: Spiritomb|Toxic|p1a: Regigigas\n|-status|p1a: Regigigas|tox\n|move|p1a: Regigigas|Knock Off|p2a: Spiritomb\n|-damage|p2a: Spiritomb|125/234 brn\n|-enditem|p2a: Spiritomb|Leftovers|[from] move: Knock Off|[of] p1a: Regigigas\n|\n|-damage|p1a: Regigigas|302/322 tox|[from] psn\n|-damage|p2a: Spiritomb|111/234 brn|[from] brn\n|upkeep\n|turn|7\n|\n|t:|1771141306\n|move|p2a: Spiritomb|Pain Split|p1a: Regigigas\n|-sethp|p1a: Regigigas|206/322 tox|[from] move: Pain Split|[silent]\n|-sethp|p2a: Spiritomb|206/234 brn|[from] move: Pain Split\n|move|p1a: Regigigas|Knock Off|p2a: Spiritomb\n|-damage|p2a: Spiritomb|178/234 brn\n|\n|-heal|p1a: Regigigas|226/322 tox|[from] item: Leftovers\n|-damage|p1a: Regigigas|186/322 tox|[from] psn\n|-damage|p2a: Spiritomb|164/234 brn|[from] brn\n|upkeep\n|turn|8\n|\n|t:|1771141313\n|move|p2a: Spiritomb|Foul Play|p1a: Regigigas\n|-damage|p1a: Regigigas|117/322 tox\n|move|p1a: Regigigas|Rest|p1a: Regigigas\n|-status|p1a: Regigigas|slp|[from] move: Rest\n|-heal|p1a: Regigigas|322/322 slp|[silent]\n|\n|-damage|p2a: Spiritomb|150/234 brn|[from] brn\n|upkeep\n|turn|9\n|\n|t:|1771141335\n|switch|p2a: Trevenant|Trevenant, L89, F|296/296\n|cant|p1a: Regigigas|slp\n|move|p1a: Regigigas|Sleep Talk|p1a: Regigigas\n|move|p1a: Regigigas|Body Slam|p2a: Trevenant|[from] move: Sleep Talk\n|-immune|p2a: Trevenant\n|\n|upkeep\n|turn|10\n|\n|t:|1771141342\n|move|p2a: Trevenant|Drain Punch|p1a: Regigigas\n|-supereffective|p1a: Regigigas\n|-damage|p1a: Regigigas|214/322 slp\n|cant|p1a: Regigigas|slp\n|move|p1a: Regigigas|Sleep Talk|p1a: Regigigas\n|move|p1a: Regigigas|Knock Off|p2a: Trevenant|[from] move: Sleep Talk\n|-supereffective|p2a: Trevenant\n|-damage|p2a: Trevenant|194/296\n|-enditem|p2a: Trevenant|Sitrus Berry|[from] move: Knock Off|[of] p1a: Regigigas\n|\n|-heal|p1a: Regigigas|234/322 slp|[from] item: Leftovers\n|-end|p1a: Regigigas|Slow Start\n|upkeep\n|turn|11\n|\n|t:|1771141351\n|-curestatus|p1a: Regigigas|slp|[msg]\n|move|p1a: Regigigas|Knock Off|p2a: Trevenant\n|-supereffective|p2a: Trevenant\n|-damage|p2a: Trevenant|56/296\n|move|p2a: Trevenant|Drain Punch|p1a: Regigigas\n|-supereffective|p1a: Regigigas\n|-damage|p1a: Regigigas|128/322\n|-heal|p2a: Trevenant|109/296|[from] drain|[of] p1a: Regigigas\n|\n|-heal|p1a: Regigigas|148/322|[from] item: Leftovers\n|upkeep\n|turn|12\n|\n|t:|1771141356\n|move|p1a: Regigigas|Knock Off|p2a: Trevenant\n|-supereffective|p2a: Trevenant\n|-damage|p2a: Trevenant|0 fnt\n|faint|p2a: Trevenant\n|\n|-heal|p1a: Regigigas|168/322|[from] item: Leftovers\n|upkeep\n|\n|t:|1771141359\n|switch|p2a: Vileplume|Vileplume, L85, F|266/266\n|turn|13\n|inactive|Adinairrock has 120 seconds left.\n|\n|t:|1771141406\n|move|p1a: Regigigas|Body Slam|p2a: Vileplume\n|-damage|p2a: Vileplume|130/266\n|-status|p2a: Vileplume|par\n|-status|p1a: Regigigas|psn|[from] ability: Effect Spore|[of] p2a: Vileplume\n|move|p2a: Vileplume|Leech Seed|p1a: Regigigas\n|-start|p1a: Regigigas|move: Leech Seed\n|\n|-heal|p1a: Regigigas|188/322 psn|[from] item: Leftovers\n|-heal|p2a: Vileplume|146/266 par|[from] item: Leftovers\n|-damage|p1a: Regigigas|148/322 psn|[from] Leech Seed|[of] p2a: Vileplume\n|-heal|p2a: Vileplume|186/266 par|[silent]\n|-damage|p1a: Regigigas|108/322 psn|[from] psn\n|upkeep\n|turn|14\n|\n|t:|1771141417\n|move|p1a: Regigigas|Rest|p1a: Regigigas\n|-status|p1a: Regigigas|slp|[from] move: Rest\n|-heal|p1a: Regigigas|322/322 slp|[silent]\n|cant|p2a: Vileplume|par\n|\n|-heal|p2a: Vileplume|202/266 par|[from] item: Leftovers\n|-damage|p1a: Regigigas|282/322 slp|[from] Leech Seed|[of] p2a: Vileplume\n|-heal|p2a: Vileplume|242/266 par|[silent]\n|upkeep\n|turn|15\n|\n|t:|1771141434\n|cant|p1a: Regigigas|slp\n|move|p2a: Vileplume|Strength Sap|p1a: Regigigas\n|-unboost|p1a: Regigigas|atk|1\n|-heal|p2a: Vileplume|266/266 par\n|\n|-heal|p1a: Regigigas|302/322 slp|[from] item: Leftovers\n|-damage|p1a: Regigigas|262/322 slp|[from] Leech Seed|[of] p2a: Vileplume\n|upkeep\n|turn|16\n|\n|t:|1771141460\n|switch|p1a: Pachirisu|Pachirisu, L96, M|271/271\n|cant|p2a: Vileplume|par\n|\n|upkeep\n|turn|17\n|inactive|Xboxthepokemonguy has 120 seconds left.\n|\n|t:|1771141477\n|move|p1a: Pachirisu|Super Fang|p2a: Vileplume\n|-damage|p2a: Vileplume|133/266 par\n|cant|p2a: Vileplume|par\n|\n|-heal|p2a: Vileplume|149/266 par|[from] item: Leftovers\n|upkeep\n|turn|18\n|inactive|Xboxthepokemonguy has 120 seconds left.\n|\n|t:|1771141490\n|move|p1a: Pachirisu|Super Fang|p2a: Vileplume\n|-damage|p2a: Vileplume|75/266 par\n|move|p2a: Vileplume|Sludge Bomb|p1a: Pachirisu\n|-damage|p1a: Pachirisu|213/271\n|-status|p1a: Pachirisu|psn\n|\n|-heal|p2a: Vileplume|91/266 par|[from] item: Leftovers\n|-damage|p1a: Pachirisu|180/271 psn|[from] psn\n|upkeep\n|turn|19\n|\n|t:|1771141508\n|move|p1a: Pachirisu|Super Fang|p2a: Vileplume\n|-damage|p2a: Vileplume|46/266 par\n|move|p2a: Vileplume|Strength Sap|p1a: Pachirisu\n|-unboost|p1a: Pachirisu|atk|1\n|-heal|p2a: Vileplume|187/266 par\n|\n|-heal|p2a: Vileplume|203/266 par|[from] item: Leftovers\n|-damage|p1a: Pachirisu|147/271 psn|[from] psn\n|upkeep\n|turn|20\n|\n|t:|1771141527\n|move|p1a: Pachirisu|Super Fang|p2a: Vileplume\n|-damage|p2a: Vileplume|102/266 par\n|move|p2a: Vileplume|Giga Drain|p1a: Pachirisu\n|-damage|p1a: Pachirisu|95/271 psn\n|-heal|p2a: Vileplume|128/266 par|[from] drain|[of] p1a: Pachirisu\n|\n|-heal|p2a: Vileplume|144/266 par|[from] item: Leftovers\n|-damage|p1a: Pachirisu|62/271 psn|[from] psn\n|upkeep\n|turn|21\n|\n|t:|1771141535\n|move|p1a: Pachirisu|Super Fang|p2a: Vileplume\n|-damage|p2a: Vileplume|72/266 par\n|move|p2a: Vileplume|Giga Drain|p1a: Pachirisu\n|-damage|p1a: Pachirisu|10/271 psn\n|-heal|p2a: Vileplume|98/266 par|[from] drain|[of] p1a: Pachirisu\n|\n|-heal|p2a: Vileplume|114/266 par|[from] item: Leftovers\n|-damage|p1a: Pachirisu|0 fnt|[from] psn\n|faint|p1a: Pachirisu\n|upkeep\n|inactive|Adinairrock has 90 seconds left.\n|\n|t:|1771141563\n|switch|p1a: Flygon|Flygon, L82, M|265/265\n|turn|22\n|\n|t:|1771141570\n|move|p1a: Flygon|Outrage|p2a: Vileplume\n|-damage|p2a: Vileplume|0 fnt\n|-status|p1a: Flygon|slp|[from] ability: Effect Spore|[of] p2a: Vileplume\n|-enditem|p1a: Flygon|Lum Berry|[eat]\n|-curestatus|p1a: Flygon|slp|[msg]\n|faint|p2a: Vileplume\n|\n|upkeep\n|\n|t:|1771141578\n|switch|p2a: Scizor|Scizor, L79, M|240/240\n|turn|23\n|\n|t:|1771141598\n|move|p1a: Flygon|Outrage|p2a: Scizor|[from] lockedmove\n|-resisted|p2a: Scizor\n|-damage|p2a: Scizor|180/240\n|-start|p1a: Flygon|confusion|[fatigue]\n|move|p2a: Scizor|Swords Dance|p2a: Scizor\n|-boost|p2a: Scizor|atk|2\n|\n|upkeep\n|turn|24\n|\n|t:|1771141614\n|-terastallize|p2a: Scizor|Steel\n|move|p2a: Scizor|Bullet Punch|p1a: Flygon\n|-damage|p1a: Flygon|15/265\n|-damage|p2a: Scizor|156/240|[from] item: Life Orb\n|-activate|p1a: Flygon|confusion\n|move|p1a: Flygon|Earthquake|p2a: Scizor\n|-supereffective|p2a: Scizor\n|-damage|p2a: Scizor|0 fnt\n|faint|p2a: Scizor\n|\n|upkeep\n|\n|t:|1771141623\n|switch|p2a: Raichu|Raichu-Alola, L87, M|246/246\n|turn|25\n|inactive|Adinairrock has 120 seconds left.\n|c|☆Xboxthepokemonguy|kinda misclicked tera\n|c|☆Xboxthepokemonguy|all good\n|inactive|Adinairrock has 90 seconds left.\n|l|☆Adinairrock\n|inactive|Adinairrock disconnected and has a minute to reconnect!\n|player|p1|\n|j|☆Adinairrock\n|inactive|Adinairrock reconnected and has 80 seconds left.\n|player|p1|Adinairrock|101|\n|\n|t:|1771141683\n|move|p2a: Raichu|Psychic|p1a: Flygon\n|-damage|p1a: Flygon|0 fnt\n|faint|p1a: Flygon\n|\n|upkeep\n|\n|t:|1771141688\n|switch|p1a: Morpeko|Morpeko, L88, F|245/245\n|turn|26\n|\n|t:|1771141692\n|switch|p2a: Spiritomb|Spiritomb, L89, F|150/234 brn\n|move|p1a: Morpeko|Protect||[still]\n|-fail|p1a: Morpeko\n|\n|-damage|p2a: Spiritomb|136/234 brn|[from] brn\n|-formechange|p1a: Morpeko|Morpeko-Hangry||[from] ability: Hunger Switch\n|upkeep\n|turn|27\n|\n|t:|1771141699\n|move|p1a: Morpeko|Aura Wheel|p2a: Spiritomb\n|-damage|p2a: Spiritomb|37/234 brn\n|-boost|p1a: Morpeko|spe|1\n|move|p2a: Spiritomb|Pain Split|p1a: Morpeko\n|-sethp|p1a: Morpeko|141/245|[from] move: Pain Split|[silent]\n|-sethp|p2a: Spiritomb|141/234 brn|[from] move: Pain Split\n|\n|-heal|p1a: Morpeko|156/245|[from] item: Leftovers\n|-damage|p2a: Spiritomb|127/234 brn|[from] brn\n|-formechange|p1a: Morpeko|Morpeko||[from] ability: Hunger Switch\n|upkeep\n|turn|28\n|inactive|Adinairrock has 90 seconds left.\n|\n|t:|1771141712\n|move|p1a: Morpeko|Aura Wheel|p2a: Spiritomb\n|-damage|p2a: Spiritomb|19/234 brn\n|-boost|p1a: Morpeko|spe|1\n|move|p2a: Spiritomb|Pain Split|p1a: Morpeko\n|-sethp|p1a: Morpeko|87/245|[from] move: Pain Split|[silent]\n|-sethp|p2a: Spiritomb|87/234 brn|[from] move: Pain Split\n|\n|-heal|p1a: Morpeko|102/245|[from] item: Leftovers\n|-damage|p2a: Spiritomb|73/234 brn|[from] brn\n|-formechange|p1a: Morpeko|Morpeko-Hangry||[from] ability: Hunger Switch\n|upkeep\n|turn|29\n|\n|t:|1771141718\n|move|p1a: Morpeko|Aura Wheel|p2a: Spiritomb\n|-damage|p2a: Spiritomb|0 fnt\n|-boost|p1a: Morpeko|spe|1\n|faint|p2a: Spiritomb\n|\n|-heal|p1a: Morpeko|117/245|[from] item: Leftovers\n|-formechange|p1a: Morpeko|Morpeko||[from] ability: Hunger Switch\n|upkeep\n|\n|t:|1771141725\n|switch|p2a: Rampardos|Rampardos, L90, F|321/321\n|turn|30\n|\n|t:|1771141736\n|switch|p1a: Regigigas|Regigigas, L84|262/322 slp\n|-start|p1a: Regigigas|ability: Slow Start\n|move|p2a: Rampardos|Earthquake|p1a: Regigigas\n|-damage|p1a: Regigigas|152/322 slp\n|\n|-heal|p1a: Regigigas|172/322 slp|[from] item: Leftovers\n|upkeep\n|turn|31\n|inactive|Adinairrock has 90 seconds left.\n|\n|t:|1771141764\n|move|p2a: Rampardos|Earthquake|p1a: Regigigas\n|-damage|p1a: Regigigas|71/322 slp\n|cant|p1a: Regigigas|slp\n|move|p1a: Regigigas|Sleep Talk|p1a: Regigigas\n|move|p1a: Regigigas|Rest||[from] move: Sleep Talk|[still]\n|-fail|p1a: Regigigas\n|\n|-heal|p1a: Regigigas|91/322 slp|[from] item: Leftovers\n|upkeep\n|turn|32\n|\n|t:|1771141774\n|move|p2a: Rampardos|Earthquake|p1a: Regigigas\n|-damage|p1a: Regigigas|0 fnt\n|faint|p1a: Regigigas\n|-end|p1a: Regigigas|Slow Start|[silent]\n|\n|upkeep\n|inactive|Adinairrock has 90 seconds left.\n|\n|t:|1771141801\n|switch|p1a: Ribombee|Ribombee, L83, M|235/235\n|turn|33\n|\n|t:|1771141806\n|switch|p2a: Raichu|Raichu-Alola, L87, M|246/246\n|move|p1a: Ribombee|Moonblast|p2a: Raichu\n|-damage|p2a: Raichu|150/246\n|\n|upkeep\n|turn|34\n|\n|t:|1771141811\n|move|p1a: Ribombee|Quiver Dance|p1a: Ribombee\n|-boost|p1a: Ribombee|spa|1\n|-boost|p1a: Ribombee|spd|1\n|-boost|p1a: Ribombee|spe|1\n|move|p2a: Raichu|Psychic|p1a: Ribombee\n|-damage|p1a: Ribombee|117/235\n|\n|upkeep\n|turn|35\n|\n|t:|1771141820\n|-terastallize|p1a: Ribombee|Ground\n|move|p1a: Ribombee|Tera Blast|p2a: Raichu|[anim] Tera Blast Ground\n|-supereffective|p2a: Raichu\n|-damage|p2a: Raichu|0 fnt\n|faint|p2a: Raichu\n|\n|upkeep\n|\n|t:|1771141824\n|switch|p2a: Rampardos|Rampardos, L90, F|321/321\n|turn|36\n|c|☆Xboxthepokemonguy|gg\n|c|☆Xboxthepokemonguy|i lose\n|\n|t:|1771141846\n|move|p1a: Ribombee|Tera Blast|p2a: Rampardos|[anim] Tera Blast Ground\n|-supereffective|p2a: Rampardos\n|-damage|p2a: Rampardos|9/321\n|move|p2a: Rampardos|Earthquake|p1a: Ribombee\n|-damage|p1a: Ribombee|0 fnt\n|faint|p1a: Ribombee\n|\n|upkeep\n|\n|t:|1771141849\n|switch|p1a: Morpeko|Morpeko, L88, F|117/245\n|turn|37\n|\n|t:|1771141854\n|move|p2a: Rampardos|Earthquake|p1a: Morpeko\n|-supereffective|p1a: Morpeko\n|-damage|p1a: Morpeko|0 fnt\n|faint|p1a: Morpeko\n|\n|win|Xboxthepokemonguy\n|raw|Adinairrock's rating: 1717 &rarr; <strong>1697</strong><br />(-20 for losing)\n|raw|Xboxthepokemonguy's rating: 1723 &rarr; <strong>1743</strong><br />(+20 for winning)\n", "inputlog": ">version 686819e5e19f8a7fd2345cfc5a08a5085efa2cc3\n>start {\"formatid\":\"gen9randombattle\",\"seed\":\"sodium,2dfeaa86742efb40c49b8d4a952acb66\",\"rated\":\"Rated battle\"}\n>player p1 {\"name\":\"Adinairrock\",\"avatar\":\"101\",\"rating\":1678,\"seed\":\"sodium,d15be4a5fdbe0eaa9cfda618b09a5caa\"}\n>player p2 {\"name\":\"Xboxthepokemonguy\",\"avatar\":\"gentleman-gen4\",\"rating\":1723,\"seed\":\"sodium,64e208f3a2080e8fc4f9ff519bbe07c9\"}\n>p1 move willowisp\n>p2 move toxic\n>p1 move shadowball\n>p2 move poltergeist\n>p1 move rest\n>p2 move poltergeist\n>p1 move sleeptalk\n>p2 move poltergeist\n>p1 move sleeptalk\n>p2 move poltergeist\n>p1 switch 4\n>p1 move knockoff\n>p2 move toxic\n>p1 move knockoff\n>p2 move painsplit\n>p1 move rest\n>p2 move foulplay\n>p1 move sleeptalk\n>p2 switch 3\n>p1 move sleeptalk\n>p2 move drainpunch\n>p1 move knockoff\n>p2 move drainpunch\n>p1 move knockoff\n>p2 move drainpunch\n>p2 switch 5\n>p1 move bodyslam\n>p2 move leechseed\n>p1 move rest\n>p2 move sludgebomb\n>p1 move bodyslam\n>p2 move strengthsap\n>p1 switch 3\n>p2 move sludgebomb\n>p1 move superfang\n>p2 move sludgebomb\n>p1 move superfang\n>p2 move sludgebomb\n>p1 move superfang\n>p2 move strengthsap\n>p1 move superfang\n>p2 move gigadrain\n>p1 move superfang\n>p2 move gigadrain\n>p1 switch 2\n>p1 move outrage\n>p2 move leechseed\n>p2 switch 4\n>p1 move outrage\n>p2 move swordsdance\n>p1 move earthquake\n>p2 move bulletpunch terastallize\n>p2 switch 2\n>chat ☆Xboxthepokemonguy|kinda misclicked tera\n>chat ☆Xboxthepokemonguy|all good\n>p1 move earthquake\n>p2 move psychic\n>p1 switch 5\n>p1 move protect\n>p2 switch 3\n>p1 move aurawheel\n>p2 move painsplit\n>p1 move aurawheel\n>p2 move painsplit\n>p1 move aurawheel\n>p2 move painsplit\n>p2 switch 6\n>p1 switch 3\n>p2 move earthquake\n>p1 move sleeptalk\n>p2 move earthquake\n>p1 move rest\n>p2 move earthquake\n>p1 switch 6\n>p1 move moonblast\n>p2 switch 3\n>p1 move quiverdance\n>p2 move psychic\n>p1 move terablast terastallize\n>p2 move psychic\n>p2 switch 3\n>chat ☆Xboxthepokemonguy|gg\n>chat ☆Xboxthepokemonguy|i lose\n>p1 move terablast\n>p2 move earthquake\n>p1 switch 3\n>p1 move aurawheel\n>p2 move earthquake", "uploadtime": 1771141858, "views": 24, "formatid": "gen9randombattle", "rating": 1697, "private": 0, "password": null}