{"id": "gen9randombattle-2540361078", "format": "[Gen 9] Random Battle", "players": ["sonnyjimvb2", "DayCrybabyTon"], "log": "|j|☆sonnyjimvb2\n|j|☆DayCrybabyTon\n|t:|1771192875\n|gametype|singles\n|player|p1|sonnyjimvb2|266|2052\n|player|p2|DayCrybabyTon|265|2141\n|gen|9\n|tier|[Gen 9] Random Battle\n|rated|\n|rule|Species Clause: Limit one of each Pokémon\n|rule|HP Percentage Mod: HP is shown in percentages\n|rule|Sleep Clause Mod: Limit one foe put to sleep\n|rule|Illusion Level Mod: Illusion disguises the Pokémon's true level\n|\n|t:|1771192875\n|teamsize|p1|6\n|teamsize|p2|6\n|start\n|switch|p1a: Reuniclus|Reuniclus, L88, M|337/337\n|switch|p2a: Palossand|Palossand, L89, F|296/296\n|turn|1\n|inactive|Battle timer is ON: inactive players will automatically lose when time's up. (requested by DayCrybabyTon)\n|\n|t:|1771192892\n|move|p2a: Palossand|Stealth Rock|p1a: Reuniclus\n|-sidestart|p1: sonnyjimvb2|move: Stealth Rock\n|move|p1a: Reuniclus|Calm Mind|p1a: Reuniclus\n|-boost|p1a: Reuniclus|spa|1\n|-boost|p1a: Reuniclus|spd|1\n|\n|upkeep\n|turn|2\n|\n|t:|1771192899\n|move|p2a: Palossand|Shadow Ball|p1a: Reuniclus\n|-supereffective|p1a: Reuniclus\n|-damage|p1a: Reuniclus|199/337\n|move|p1a: Reuniclus|Psychic|p2a: Palossand\n|-crit|p2a: Palossand\n|-damage|p2a: Palossand|0 fnt\n|faint|p2a: Palossand\n|\n|upkeep\n|\n|t:|1771192902\n|switch|p2a: Tinkaton|Tinkaton, L82, F|274/274\n|-ability|p2a: Tinkaton|Mold Breaker\n|turn|3\n|\n|t:|1771192907\n|move|p2a: Tinkaton|Knock Off|p1a: Reuniclus\n|-supereffective|p1a: Reuniclus\n|-damage|p1a: Reuniclus|89/337\n|-enditem|p1a: Reuniclus|Life Orb|[from] move: Knock Off|[of] p2a: Tinkaton\n|move|p1a: Reuniclus|Recover|p1a: Reuniclus\n|-heal|p1a: Reuniclus|258/337\n|\n|upkeep\n|turn|4\n|\n|t:|1771192911\n|move|p2a: Tinkaton|Encore|p1a: Reuniclus\n|-start|p1a: Reuniclus|Encore\n|move|p1a: Reuniclus|Recover|p1a: Reuniclus\n|-heal|p1a: Reuniclus|337/337\n|\n|upkeep\n|turn|5\n|\n|t:|1771192917\n|switch|p1a: Heatran|Heatran, L79, M|273/273\n|-damage|p1a: Heatran|239/273|[from] Stealth Rock\n|-item|p1a: Heatran|Air Balloon\n|move|p2a: Tinkaton|Knock Off|p1a: Heatran\n|-damage|p1a: Heatran|188/273\n|-enditem|p1a: Heatran|Air Balloon\n|\n|upkeep\n|turn|6\n|\n|t:|1771192921\n|switch|p2a: Manaphy|Manaphy, L78|284/284\n|move|p1a: Heatran|Stealth Rock|p2a: Manaphy\n|-sidestart|p2: DayCrybabyTon|move: Stealth Rock\n|\n|upkeep\n|turn|7\n|\n|t:|1771192932\n|switch|p1a: Scrafty|Scrafty, L84, F|246/246\n|-damage|p1a: Scrafty|231/246|[from] Stealth Rock\n|-ability|p1a: Scrafty|Intimidate|boost\n|-unboost|p2a: Manaphy|atk|1\n|move|p2a: Manaphy|Tail Glow|p2a: Manaphy\n|-boost|p2a: Manaphy|spa|3\n|\n|-heal|p1a: Scrafty|246/246|[from] item: Leftovers\n|upkeep\n|turn|8\n|\n|t:|1771192936\n|move|p2a: Manaphy|Surf|p1a: Scrafty\n|-damage|p1a: Scrafty|69/246\n|move|p1a: Scrafty|Dragon Dance|p1a: Scrafty\n|-boost|p1a: Scrafty|atk|1\n|-boost|p1a: Scrafty|spe|1\n|\n|-heal|p1a: Scrafty|84/246|[from] item: Leftovers\n|upkeep\n|turn|9\n|\n|t:|1771192940\n|move|p1a: Scrafty|Drain Punch|p2a: Manaphy\n|-damage|p2a: Manaphy|176/284\n|-heal|p1a: Scrafty|138/246|[from] drain|[of] p2a: Manaphy\n|move|p2a: Manaphy|Surf|p1a: Scrafty\n|-damage|p1a: Scrafty|0 fnt\n|faint|p1a: Scrafty\n|\n|-heal|p2a: Manaphy|193/284|[from] item: Leftovers\n|upkeep\n|\n|t:|1771192945\n|switch|p1a: Toedscruel|Toedscruel, L87, F|281/281\n|-damage|p1a: Toedscruel|264/281|[from] Stealth Rock\n|turn|10\n|\n|t:|1771192949\n|switch|p2a: Altaria|Altaria, L89, F|278/278\n|move|p1a: Toedscruel|Giga Drain|p2a: Altaria\n|-resisted|p2a: Altaria\n|-damage|p2a: Altaria|263/278\n|-heal|p1a: Toedscruel|272/281|[from] drain|[of] p2a: Altaria\n|\n|-heal|p1a: Toedscruel|281/281|[from] item: Leftovers\n|upkeep\n|turn|11\n|\n|t:|1771192958\n|move|p1a: Toedscruel|Rapid Spin|p2a: Altaria\n|-damage|p2a: Altaria|237/278\n|-boost|p1a: Toedscruel|spe|1\n|-sideend|p1: sonnyjimvb2|Stealth Rock|[from] move: Rapid Spin|[of] p1a: Toedscruel\n|move|p2a: Altaria|Brave Bird|p1a: Toedscruel\n|-supereffective|p1a: Toedscruel\n|-damage|p1a: Toedscruel|35/281\n|-damage|p2a: Altaria|156/278|[from] Recoil\n|\n|-heal|p1a: Toedscruel|52/281|[from] item: Leftovers\n|upkeep\n|turn|12\n|\n|t:|1771192962\n|switch|p1a: Heatran|Heatran, L79, M|188/273\n|move|p2a: Altaria|Dragon Dance|p2a: Altaria\n|-boost|p2a: Altaria|atk|1\n|-boost|p2a: Altaria|spe|1\n|\n|upkeep\n|turn|13\n|\n|t:|1771192966\n|move|p2a: Altaria|Roost|p2a: Altaria\n|-heal|p2a: Altaria|278/278\n|-singleturn|p2a: Altaria|move: Roost\n|move|p1a: Heatran|Heavy Slam|p2a: Altaria\n|-damage|p2a: Altaria|173/278\n|\n|upkeep\n|turn|14\n|\n|t:|1771192969\n|move|p2a: Altaria|Earthquake|p1a: Heatran\n|-supereffective|p1a: Heatran\n|-damage|p1a: Heatran|0 fnt\n|faint|p1a: Heatran\n|\n|upkeep\n|\n|t:|1771192981\n|switch|p1a: Reuniclus|Reuniclus, L88, M|337/337\n|turn|15\n|\n|t:|1771192992\n|switch|p2a: Tinkaton|Tinkaton, L82, F|274/274\n|-damage|p2a: Tinkaton|257/274|[from] Stealth Rock\n|-ability|p2a: Tinkaton|Mold Breaker\n|move|p1a: Reuniclus|Psychic|p2a: Tinkaton\n|-resisted|p2a: Tinkaton\n|-damage|p2a: Tinkaton|200/274\n|\n|-heal|p2a: Tinkaton|217/274|[from] item: Leftovers\n|upkeep\n|turn|16\n|\n|t:|1771193010\n|move|p2a: Tinkaton|Knock Off|p1a: Reuniclus\n|-supereffective|p1a: Reuniclus\n|-damage|p1a: Reuniclus|261/337\n|move|p1a: Reuniclus|Focus Blast|p2a: Tinkaton\n|-damage|p2a: Tinkaton|123/274\n|\n|-heal|p2a: Tinkaton|140/274|[from] item: Leftovers\n|upkeep\n|turn|17\n|\n|t:|1771193016\n|move|p2a: Tinkaton|Gigaton Hammer|p1a: Reuniclus\n|-damage|p1a: Reuniclus|131/337\n|move|p1a: Reuniclus|Focus Blast|p2a: Tinkaton\n|-crit|p2a: Tinkaton\n|-damage|p2a: Tinkaton|0 fnt\n|faint|p2a: Tinkaton\n|\n|upkeep\n|\n|t:|1771193024\n|switch|p2a: Rampardos|Rampardos, L90, M|321/321\n|-damage|p2a: Rampardos|281/321|[from] Stealth Rock\n|turn|18\n|\n|t:|1771193029\n|switch|p1a: Exeggutor|Exeggutor, L89, M|312/312\n|move|p2a: Rampardos|Fire Punch|p1a: Exeggutor\n|-supereffective|p1a: Exeggutor\n|-damage|p1a: Exeggutor|0 fnt\n|faint|p1a: Exeggutor\n|\n|upkeep\n|\n|t:|1771193038\n|switch|p1a: Toedscruel|Toedscruel, L87, F|52/281\n|turn|19\n|\n|t:|1771193042\n|switch|p2a: Altaria|Altaria, L89, F|173/278\n|move|p1a: Toedscruel|Spore|p2a: Altaria\n|-status|p2a: Altaria|slp|[from] move: Spore\n|\n|-heal|p1a: Toedscruel|69/281|[from] item: Leftovers\n|upkeep\n|turn|20\n|\n|t:|1771193046\n|switch|p1a: Regidrago|Regidrago, L77|435/435\n|-curestatus|p2a: Altaria|slp|[from] ability: Natural Cure\n|switch|p2a: Rampardos|Rampardos, L90, M|281/321\n|-damage|p2a: Rampardos|241/321|[from] Stealth Rock\n|\n|upkeep\n|turn|21\n|\n|t:|1771193050\n|-terastallize|p1a: Regidrago|Steel\n|move|p1a: Regidrago|Dragon Dance|p1a: Regidrago\n|-boost|p1a: Regidrago|atk|1\n|-boost|p1a: Regidrago|spe|1\n|move|p2a: Rampardos|Rock Slide|p1a: Regidrago\n|-resisted|p1a: Regidrago\n|-damage|p1a: Regidrago|252/435\n|\n|upkeep\n|turn|22\n|\n|t:|1771193054\n|move|p1a: Regidrago|Tera Blast|p2a: Rampardos|[anim] Tera Blast Steel\n|-supereffective|p2a: Rampardos\n|-damage|p2a: Rampardos|0 fnt\n|faint|p2a: Rampardos\n|-damage|p1a: Regidrago|209/435|[from] item: Life Orb\n|\n|upkeep\n|\n|t:|1771193066\n|switch|p2a: Manaphy|Manaphy, L78|193/284\n|-damage|p2a: Manaphy|158/284|[from] Stealth Rock\n|turn|23\n|\n|t:|1771193069\n|move|p1a: Regidrago|Dragon Claw|p2a: Manaphy\n|-damage|p2a: Manaphy|0 fnt\n|faint|p2a: Manaphy\n|-damage|p1a: Regidrago|166/435|[from] item: Life Orb\n|\n|upkeep\n|\n|t:|1771193072\n|switch|p2a: Minun|Minun, L95, M|268/268\n|-damage|p2a: Minun|235/268|[from] Stealth Rock\n|turn|24\n|\n|t:|1771193075\n|-terastallize|p2a: Minun|Grass\n|move|p1a: Regidrago|Earthquake|p2a: Minun\n|-resisted|p2a: Minun\n|-damage|p2a: Minun|156/268\n|-damage|p1a: Regidrago|123/435|[from] item: Life Orb\n|move|p2a: Minun|Thunderbolt|p1a: Regidrago\n|-damage|p1a: Regidrago|0 fnt\n|faint|p1a: Regidrago\n|-damage|p2a: Minun|130/268|[from] item: Life Orb\n|\n|upkeep\n|c|☆DayCrybabyTon|gg!\n|c|☆DayCrybabyTon|Phew\n|\n|t:|1771193090\n|switch|p1a: Reuniclus|Reuniclus, L88, M|131/337\n|turn|25\n|\n|t:|1771193094\n|move|p2a: Minun|Thunderbolt|p1a: Reuniclus\n|-damage|p1a: Reuniclus|5/337\n|-damage|p2a: Minun|104/268|[from] item: Life Orb\n|move|p1a: Reuniclus|Recover|p1a: Reuniclus\n|-heal|p1a: Reuniclus|174/337\n|\n|upkeep\n|turn|26\n|\n|t:|1771193097\n|switch|p1a: Toedscruel|Toedscruel, L87, F|69/281\n|move|p2a: Minun|Nasty Plot|p2a: Minun\n|-boost|p2a: Minun|spa|2\n|\n|-heal|p1a: Toedscruel|86/281|[from] item: Leftovers\n|upkeep\n|turn|27\n|\n|t:|1771193101\n|switch|p2a: Altaria|Altaria, L89, F|173/278\n|move|p1a: Toedscruel|Rapid Spin|p2a: Altaria\n|-damage|p2a: Altaria|145/278\n|-boost|p1a: Toedscruel|spe|1\n|\n|-heal|p1a: Toedscruel|103/281|[from] item: Leftovers\n|upkeep\n|turn|28\n|\n|t:|1771193104\n|move|p2a: Altaria|Brave Bird|p1a: Toedscruel\n|-supereffective|p1a: Toedscruel\n|-damage|p1a: Toedscruel|0 fnt\n|faint|p1a: Toedscruel\n|-damage|p2a: Altaria|111/278|[from] Recoil\n|\n|upkeep\n|\n|t:|1771193106\n|switch|p1a: Reuniclus|Reuniclus, L88, M|174/337\n|turn|29\n|\n|t:|1771193115\n|move|p2a: Altaria|Dragon Dance|p2a: Altaria\n|-boost|p2a: Altaria|atk|1\n|-boost|p2a: Altaria|spe|1\n|move|p1a: Reuniclus|Recover|p1a: Reuniclus\n|-heal|p1a: Reuniclus|337/337\n|\n|upkeep\n|turn|30\n|\n|t:|1771193120\n|move|p2a: Altaria|Brave Bird|p1a: Reuniclus\n|-damage|p1a: Reuniclus|159/337\n|-damage|p2a: Altaria|52/278|[from] Recoil\n|move|p1a: Reuniclus|Psychic|p2a: Altaria\n|-damage|p2a: Altaria|0 fnt\n|faint|p2a: Altaria\n|\n|upkeep\n|\n|t:|1771193123\n|switch|p2a: Minun|Minun, L95, M, tera:Grass|104/268\n|-damage|p2a: Minun|71/268|[from] Stealth Rock\n|turn|31\n|c|☆DayCrybabyTon|now critic!\n|\n|t:|1771193134\n|move|p2a: Minun|Thunderbolt|p1a: Reuniclus\n|-crit|p1a: Reuniclus\n|-damage|p1a: Reuniclus|0 fnt\n|faint|p1a: Reuniclus\n|-damage|p2a: Minun|45/268|[from] item: Life Orb\n|\n|win|DayCrybabyTon\n|raw|sonnyjimvb2's rating: 2052 &rarr; <strong>2037</strong><br />(-15 for losing)\n|raw|DayCrybabyTon's rating: 2141 &rarr; <strong>2156</strong><br />(+15 for winning)\n|c|☆DayCrybabyTon|gg\n|c|☆DayCrybabyTon|everythins was calculated (?\n", "inputlog": ">version 686819e5e19f8a7fd2345cfc5a08a5085efa2cc3\n>start {\"formatid\":\"gen9randombattle\",\"seed\":\"sodium,f91803a027d6dfc68aa89ee24e9726b1\",\"rated\":\"Rated battle\"}\n>player p1 {\"name\":\"sonnyjimvb2\",\"avatar\":\"266\",\"rating\":2052,\"seed\":\"sodium,22ceea5afab134b0ea13132f3ab9de49\"}\n>player p2 {\"name\":\"DayCrybabyTon\",\"avatar\":\"265\",\"rating\":2141,\"seed\":\"sodium,9b6f283ad49301611fdc1d0dbdf32bf9\"}\n>p1 move calmmind\n>p2 move stealthrock\n>p1 move psychic\n>p2 move shadowball\n>p2 switch 5\n>p1 move recover\n>p2 move knockoff\n>p1 move focusblast\n>p2 move encore\n>p1 switch 2\n>p2 move knockoff\n>p1 move stealthrock\n>p2 switch 6\n>p1 switch 6\n>p2 move tailglow\n>p1 move dragondance\n>p2 move surf\n>p1 move drainpunch\n>p2 move surf\n>p1 switch 3\n>p1 move gigadrain\n>p2 switch 3\n>p1 move rapidspin\n>p2 move bravebird\n>p1 switch 6\n>p2 move dragondance\n>p1 move heavyslam\n>p2 move roost\n>p1 move lavaplume\n>p2 move earthquake\n>p1 switch 2\n>p1 move psychic\n>p2 switch 6\n>p1 move focusblast\n>p2 move knockoff\n>p1 move focusblast\n>p2 move gigatonhammer\n>p2 switch 2\n>p1 switch 4\n>p2 move firepunch\n>p1 switch 6\n>p1 move spore\n>p2 switch 6\n>p1 switch 5\n>p2 switch 6\n>p1 move dragondance terastallize\n>p2 move rockslide\n>p1 move terablast\n>p2 move firepunch\n>p2 switch 3\n>p1 move dragonclaw\n>p2 move surf\n>p2 switch 4\n>p1 move earthquake\n>p2 move thunderbolt terastallize\n>chat ☆DayCrybabyTon|gg!\n>chat ☆DayCrybabyTon|Phew\n>p1 switch 4\n>p1 move recover\n>p2 move thunderbolt\n>p1 switch 5\n>p2 move nastyplot\n>p1 move rapidspin\n>p2 switch 6\n>p1 move spore\n>p2 move bravebird\n>p1 switch 5\n>p1 move recover\n>p2 move dragondance\n>p1 move psychic\n>p2 move bravebird\n>p2 switch 6\n>chat ☆DayCrybabyTon|now critic!\n>p1 move psychic\n>p2 move thunderbolt", "uploadtime": 1771193170, "views": 8, "formatid": "gen9randombattle", "rating": 2037, "private": 0, "password": null}