{"id": "gen9randombattle-2540425490", "format": "[Gen 9] Random Battle", "players": ["Oswalking", "Melphegor"], "log": "|j|☆Oswalking\n|j|☆Melphegor\n|t:|1771200476\n|gametype|singles\n|player|p1|Oswalking|aaron|1549\n|player|p2|Melphegor|n|1564\n|gen|9\n|tier|[Gen 9] Random Battle\n|rated|\n|rule|Species Clause: Limit one of each Pokémon\n|rule|HP Percentage Mod: HP is shown in percentages\n|rule|Sleep Clause Mod: Limit one foe put to sleep\n|rule|Illusion Level Mod: Illusion disguises the Pokémon's true level\n|\n|t:|1771200476\n|teamsize|p1|6\n|teamsize|p2|6\n|start\n|switch|p1a: Koraidon|Koraidon, L64|235/235\n|switch|p2a: Victreebel|Victreebel, L90, M|290/290\n|-weather|SunnyDay|[from] ability: Orichalcum Pulse|[of] p1a: Koraidon\n|-activate|p1a: Koraidon|Orichalcum Pulse|[source]\n|turn|1\n|\n|t:|1771200505\n|switch|p1a: Mightyena|Mightyena, L96, F|290/290\n|-ability|p1a: Mightyena|Intimidate|boost\n|-unboost|p2a: Victreebel|atk|1\n|move|p2a: Victreebel|Sleep Powder|p1a: Mightyena\n|-status|p1a: Mightyena|slp|[from] move: Sleep Powder\n|\n|-weather|SunnyDay|[upkeep]\n|upkeep\n|turn|2\n|\n|t:|1771200521\n|switch|p1a: Koraidon|Koraidon, L64|235/235\n|-activate|p1a: Koraidon|ability: Orichalcum Pulse\n|move|p2a: Victreebel|Sludge Wave|p1a: Koraidon\n|-damage|p1a: Koraidon|54/235\n|-damage|p2a: Victreebel|261/290|[from] item: Life Orb\n|\n|-weather|SunnyDay|[upkeep]\n|upkeep\n|turn|3\n|\n|t:|1771200549\n|move|p2a: Victreebel|Sludge Wave|p1a: Koraidon\n|-damage|p1a: Koraidon|0 fnt\n|faint|p1a: Koraidon\n|-damage|p2a: Victreebel|232/290|[from] item: Life Orb\n|\n|-weather|SunnyDay|[upkeep]\n|upkeep\n|\n|t:|1771200559\n|switch|p1a: Cresselia|Cresselia, L80, F|323/323\n|turn|4\n|\n|t:|1771200593\n|switch|p2a: Iron Thorns|Iron Thorns, L83|302/302\n|-item|p2a: Iron Thorns|Air Balloon\n|-terastallize|p1a: Cresselia|Poison\n|move|p1a: Cresselia|Calm Mind|p1a: Cresselia\n|-boost|p1a: Cresselia|spa|1\n|-boost|p1a: Cresselia|spd|1\n|\n|-weather|SunnyDay|[upkeep]\n|upkeep\n|turn|5\n|\n|t:|1771200615\n|move|p1a: Cresselia|Calm Mind|p1a: Cresselia\n|-boost|p1a: Cresselia|spa|1\n|-boost|p1a: Cresselia|spd|1\n|move|p2a: Iron Thorns|Stone Edge|p1a: Cresselia\n|-damage|p1a: Cresselia|197/323\n|\n|-weather|none\n|-heal|p1a: Cresselia|217/323|[from] item: Leftovers\n|upkeep\n|turn|6\n|\n|t:|1771200626\n|move|p1a: Cresselia|Psyshock|p2a: Iron Thorns\n|-damage|p2a: Iron Thorns|200/302\n|-enditem|p2a: Iron Thorns|Air Balloon\n|move|p2a: Iron Thorns|Stone Edge|p1a: Cresselia\n|-damage|p1a: Cresselia|93/323\n|\n|-heal|p1a: Cresselia|113/323|[from] item: Leftovers\n|upkeep\n|turn|7\n|\n|t:|1771200639\n|move|p1a: Cresselia|Moonlight|p1a: Cresselia\n|-heal|p1a: Cresselia|274/323\n|move|p2a: Iron Thorns|Stone Edge|p1a: Cresselia\n|-damage|p1a: Cresselia|163/323\n|\n|-heal|p1a: Cresselia|183/323|[from] item: Leftovers\n|upkeep\n|turn|8\n|\n|t:|1771200646\n|move|p1a: Cresselia|Moonlight|p1a: Cresselia\n|-heal|p1a: Cresselia|323/323\n|move|p2a: Iron Thorns|Stone Edge|p1a: Cresselia\n|-damage|p1a: Cresselia|203/323\n|\n|-heal|p1a: Cresselia|223/323|[from] item: Leftovers\n|upkeep\n|turn|9\n|\n|t:|1771200656\n|move|p1a: Cresselia|Psyshock|p2a: Iron Thorns\n|-damage|p2a: Iron Thorns|92/302\n|move|p2a: Iron Thorns|Stone Edge|p1a: Cresselia\n|-damage|p1a: Cresselia|100/323\n|\n|-heal|p1a: Cresselia|120/323|[from] item: Leftovers\n|upkeep\n|turn|10\n|\n|t:|1771200663\n|move|p1a: Cresselia|Moonlight|p1a: Cresselia\n|-heal|p1a: Cresselia|281/323\n|move|p2a: Iron Thorns|Stone Edge|p1a: Cresselia|[miss]\n|-miss|p2a: Iron Thorns|p1a: Cresselia\n|\n|-heal|p1a: Cresselia|301/323|[from] item: Leftovers\n|upkeep\n|turn|11\n|\n|t:|1771200673\n|move|p1a: Cresselia|Psyshock|p2a: Iron Thorns\n|-damage|p2a: Iron Thorns|0 fnt\n|faint|p2a: Iron Thorns\n|-end|p2a: Iron Thorns|Quark Drive|[silent]\n|\n|-heal|p1a: Cresselia|321/323|[from] item: Leftovers\n|upkeep\n|\n|t:|1771200679\n|switch|p2a: Solgaleo|Solgaleo, L74|325/325\n|turn|12\n|\n|t:|1771200683\n|move|p1a: Cresselia|Thunderbolt|p2a: Solgaleo\n|-damage|p2a: Solgaleo|225/325\n|move|p2a: Solgaleo|Roar|p1a: Cresselia\n|drag|p1a: Sudowoodo|Sudowoodo, L94, F|284/284\n|\n|upkeep\n|turn|13\n|\n|t:|1771200705\n|move|p2a: Solgaleo|Sunsteel Strike|p1a: Sudowoodo\n|-supereffective|p1a: Sudowoodo\n|-damage|p1a: Sudowoodo|128/284\n|move|p1a: Sudowoodo|Earthquake|p2a: Solgaleo\n|-supereffective|p2a: Solgaleo\n|-damage|p2a: Solgaleo|0 fnt\n|faint|p2a: Solgaleo\n|\n|upkeep\n|\n|t:|1771200714\n|switch|p2a: Squawkabilly|Squawkabilly-Yellow, L89, M|291/291\n|turn|14\n|\n|t:|1771200736\n|switch|p1a: Mightyena|Mightyena, L96, F|290/290 slp\n|-ability|p1a: Mightyena|Intimidate|boost\n|-unboost|p2a: Squawkabilly|atk|1\n|move|p2a: Squawkabilly|Parting Shot|p1a: Mightyena\n|-unboost|p1a: Mightyena|atk|1\n|-unboost|p1a: Mightyena|spa|1\n|\n|t:|1771200759\n|switch|p2a: Raging Bolt|Raging Bolt, L78|323/323|[from] Parting Shot\n|-enditem|p2a: Raging Bolt|Booster Energy\n|-activate|p2a: Raging Bolt|ability: Protosynthesis|[fromitem]\n|-start|p2a: Raging Bolt|protosynthesisspa\n|\n|upkeep\n|turn|15\n|\n|t:|1771200768\n|switch|p1a: Dugtrio|Dugtrio, L84, F|196/196\n|move|p2a: Raging Bolt|Calm Mind|p2a: Raging Bolt\n|-boost|p2a: Raging Bolt|spa|1\n|-boost|p2a: Raging Bolt|spd|1\n|\n|upkeep\n|turn|16\n|\n|t:|1771200777\n|move|p1a: Dugtrio|Earthquake|p2a: Raging Bolt\n|-supereffective|p2a: Raging Bolt\n|-damage|p2a: Raging Bolt|0 fnt\n|faint|p2a: Raging Bolt\n|-end|p2a: Raging Bolt|Protosynthesis|[silent]\n|\n|upkeep\n|\n|t:|1771200782\n|switch|p2a: Squawkabilly|Squawkabilly-Yellow, L89, M|291/291\n|turn|17\n|\n|t:|1771200802\n|switch|p1a: Sudowoodo|Sudowoodo, L94, F|128/284\n|move|p2a: Squawkabilly|Brave Bird|p1a: Sudowoodo\n|-resisted|p1a: Sudowoodo\n|-damage|p1a: Sudowoodo|54/284\n|-damage|p2a: Squawkabilly|267/291|[from] Recoil\n|\n|upkeep\n|turn|18\n|\n|t:|1771200813\n|move|p2a: Squawkabilly|Foul Play|p1a: Sudowoodo\n|-damage|p1a: Sudowoodo|0 fnt\n|faint|p1a: Sudowoodo\n|\n|upkeep\n|\n|t:|1771200821\n|switch|p1a: Dugtrio|Dugtrio, L84, F|196/196\n|turn|19\n|\n|t:|1771200839\n|move|p1a: Dugtrio|Stone Edge|p2a: Squawkabilly|[miss]\n|-miss|p1a: Dugtrio|p2a: Squawkabilly\n|move|p2a: Squawkabilly|Brave Bird|p1a: Dugtrio\n|-damage|p1a: Dugtrio|0 fnt\n|faint|p1a: Dugtrio\n|-damage|p2a: Squawkabilly|202/291|[from] Recoil\n|\n|upkeep\n|\n|t:|1771200856\n|switch|p1a: Cresselia|Cresselia, L80, F, tera:Poison|321/323\n|turn|20\n|\n|t:|1771200870\n|-terastallize|p2a: Squawkabilly|Flying\n|move|p2a: Squawkabilly|Brave Bird|p1a: Cresselia\n|-damage|p1a: Cresselia|85/323\n|-damage|p2a: Squawkabilly|124/291|[from] Recoil\n|move|p1a: Cresselia|Thunderbolt|p2a: Squawkabilly\n|-supereffective|p2a: Squawkabilly\n|-damage|p2a: Squawkabilly|0 fnt\n|faint|p2a: Squawkabilly\n|\n|-heal|p1a: Cresselia|105/323|[from] item: Leftovers\n|upkeep\n|\n|t:|1771200880\n|switch|p2a: Barraskewda|Barraskewda, L81, F|231/231\n|turn|21\n|\n|t:|1771200887\n|switch|p1a: Mightyena|Mightyena, L96, F|290/290 slp\n|-ability|p1a: Mightyena|Intimidate|boost\n|-unboost|p2a: Barraskewda|atk|1\n|move|p2a: Barraskewda|Waterfall|p1a: Mightyena\n|-damage|p1a: Mightyena|188/290 slp\n|\n|-heal|p1a: Mightyena|206/290 slp|[from] item: Leftovers\n|upkeep\n|turn|22\n|\n|t:|1771200901\n|switch|p2a: Victreebel|Victreebel, L90, M|232/290\n|switch|p1a: Enamorus|Enamorus, L79, F|247/247\n|\n|upkeep\n|turn|23\n|\n|t:|1771200918\n|move|p1a: Enamorus|Substitute|p1a: Enamorus\n|-start|p1a: Enamorus|Substitute\n|-damage|p1a: Enamorus|186/247\n|move|p2a: Victreebel|Sludge Wave|p1a: Enamorus\n|-supereffective|p1a: Enamorus\n|-end|p1a: Enamorus|Substitute\n|-damage|p2a: Victreebel|203/290|[from] item: Life Orb\n|\n|-heal|p1a: Enamorus|201/247|[from] item: Leftovers\n|upkeep\n|turn|24\n|\n|t:|1771200936\n|move|p1a: Enamorus|Substitute|p1a: Enamorus\n|-start|p1a: Enamorus|Substitute\n|-damage|p1a: Enamorus|140/247\n|move|p2a: Victreebel|Sludge Wave|p1a: Enamorus\n|-supereffective|p1a: Enamorus\n|-end|p1a: Enamorus|Substitute\n|-damage|p2a: Victreebel|174/290|[from] item: Life Orb\n|\n|-heal|p1a: Enamorus|155/247|[from] item: Leftovers\n|upkeep\n|turn|25\n|\n|t:|1771200946\n|switch|p1a: Cresselia|Cresselia, L80, F, tera:Poison|105/323\n|move|p2a: Victreebel|Sludge Wave|p1a: Cresselia\n|-resisted|p1a: Cresselia\n|-damage|p1a: Cresselia|39/323\n|-damage|p2a: Victreebel|145/290|[from] item: Life Orb\n|\n|-heal|p1a: Cresselia|59/323|[from] item: Leftovers\n|upkeep\n|turn|26\n|\n|t:|1771200961\n|switch|p2a: Barraskewda|Barraskewda, L81, F|231/231\n|move|p1a: Cresselia|Moonlight|p1a: Cresselia\n|-heal|p1a: Cresselia|220/323\n|\n|-heal|p1a: Cresselia|240/323|[from] item: Leftovers\n|upkeep\n|turn|27\n|\n|t:|1771200979\n|switch|p1a: Mightyena|Mightyena, L96, F|206/290 slp\n|-ability|p1a: Mightyena|Intimidate|boost\n|-unboost|p2a: Barraskewda|atk|1\n|move|p2a: Barraskewda|Flip Turn|p1a: Mightyena\n|-damage|p1a: Mightyena|130/290 slp\n|\n|t:|1771200985\n|switch|p2a: Victreebel|Victreebel, L90, M|145/290|[from] Flip Turn\n|\n|-heal|p1a: Mightyena|148/290 slp|[from] item: Leftovers\n|upkeep\n|turn|28\n|\n|t:|1771200994\n|switch|p1a: Cresselia|Cresselia, L80, F, tera:Poison|240/323\n|move|p2a: Victreebel|Strength Sap|p1a: Cresselia\n|-unboost|p1a: Cresselia|atk|1\n|-heal|p2a: Victreebel|262/290\n|\n|-heal|p1a: Cresselia|260/323|[from] item: Leftovers\n|upkeep\n|turn|29\n|\n|t:|1771201006\n|switch|p2a: Barraskewda|Barraskewda, L81, F|231/231\n|move|p1a: Cresselia|Psyshock|p2a: Barraskewda\n|-damage|p2a: Barraskewda|137/231\n|\n|-heal|p1a: Cresselia|280/323|[from] item: Leftovers\n|upkeep\n|turn|30\n|\n|t:|1771201015\n|move|p2a: Barraskewda|Waterfall|p1a: Cresselia\n|-damage|p1a: Cresselia|160/323\n|move|p1a: Cresselia|Psyshock|p2a: Barraskewda\n|-damage|p2a: Barraskewda|50/231\n|\n|-heal|p1a: Cresselia|180/323|[from] item: Leftovers\n|upkeep\n|turn|31\n|\n|t:|1771201024\n|switch|p2a: Victreebel|Victreebel, L90, M|262/290\n|move|p1a: Cresselia|Moonlight|p1a: Cresselia\n|-heal|p1a: Cresselia|323/323\n|\n|upkeep\n|turn|32\n|\n|t:|1771201032\n|move|p1a: Cresselia|Calm Mind|p1a: Cresselia\n|-boost|p1a: Cresselia|spa|1\n|-boost|p1a: Cresselia|spd|1\n|move|p2a: Victreebel|Power Whip|p1a: Cresselia\n|-resisted|p1a: Cresselia\n|-damage|p1a: Cresselia|236/323\n|-damage|p2a: Victreebel|233/290|[from] item: Life Orb\n|\n|-heal|p1a: Cresselia|256/323|[from] item: Leftovers\n|upkeep\n|turn|33\n|-message|Melphegor forfeited.\n|\n|win|Oswalking\n|raw|Oswalking's rating: 1549 &rarr; <strong>1570</strong><br />(+21 for winning)\n|raw|Melphegor's rating: 1564 &rarr; <strong>1543</strong><br />(-21 for losing)\n|l|☆Melphegor\n|player|p2|\n", "inputlog": ">version 686819e5e19f8a7fd2345cfc5a08a5085efa2cc3\n>start {\"formatid\":\"gen9randombattle\",\"seed\":\"sodium,8fa757f23c6f23c78bba2defb0d08f70\",\"rated\":\"Rated battle\"}\n>player p1 {\"name\":\"Oswalking\",\"avatar\":\"aaron\",\"rating\":1549,\"seed\":\"sodium,bcf083c1917463caef14a688ddaa2ee1\"}\n>player p2 {\"name\":\"Melphegor\",\"avatar\":\"n\",\"rating\":1564,\"seed\":\"sodium,cd40ba099ebb52b1586593ce443673fc\"}\n>p1 switch 3\n>p2 move sleeppowder\n>p1 switch 3\n>p2 move sludgewave\n>p1 move flareblitz\n>p2 move sludgewave\n>p1 switch 6\n>p1 move calmmind terastallize\n>p2 switch 4\n>p1 move calmmind\n>p2 move stoneedge\n>p1 move psyshock\n>p2 move stoneedge\n>p1 move moonlight\n>p2 move stoneedge\n>p1 move moonlight\n>p2 move stoneedge\n>p1 move psyshock\n>p2 move stoneedge\n>p1 move moonlight\n>p2 move stoneedge\n>p1 move psyshock\n>p2 move stoneedge\n>p2 switch 5\n>p1 move thunderbolt\n>p2 move roar\n>p1 move earthquake\n>p2 move sunsteelstrike\n>p2 switch 2\n>p1 switch 3\n>p2 move partingshot\n>p2 switch 3\n>p1 switch 4\n>p2 move calmmind\n>p1 move earthquake\n>p2 move dragonpulse\n>p2 switch 3\n>p1 switch 3\n>p2 move bravebird\n>p1 move headsmash\n>p2 move foulplay\n>p1 switch 3\n>p1 move stoneedge\n>p2 move bravebird\n>p1 switch 2\n>p1 move thunderbolt\n>p2 move bravebird terastallize\n>p2 switch 6\n>p1 switch 4\n>p2 move waterfall\n>p1 switch 5\n>p2 switch 4\n>p1 move substitute\n>p2 move sludgewave\n>p1 move substitute\n>p2 move sludgewave\n>p1 switch 4\n>p2 move sludgewave\n>p1 move moonlight\n>p2 switch 4\n>p1 switch 5\n>p2 move flipturn\n>p2 switch 4\n>p1 switch 5\n>p2 move strengthsap\n>p1 move psyshock\n>p2 switch 4\n>p1 move psyshock\n>p2 move waterfall\n>p1 move moonlight\n>p2 switch 4\n>p1 move calmmind\n>p2 move powerwhip\n>forcelose p2", "uploadtime": 1771201049, "views": 7, "formatid": "gen9randombattle", "rating": 1543, "private": 0, "password": null}