{"id": "gen9randombattle-2540873266", "format": "[Gen 9] Random Battle", "players": ["Cooler 08", "Garevitarna"], "log": "|j|☆Cooler 08\n|j|☆Garevitarna\n|t:|1771262713\n|gametype|singles\n|player|p1|Cooler 08|benga|1518\n|player|p2|Garevitarna|mira|1563\n|gen|9\n|tier|[Gen 9] Random Battle\n|rated|\n|rule|Species Clause: Limit one of each Pokémon\n|rule|HP Percentage Mod: HP is shown in percentages\n|rule|Sleep Clause Mod: Limit one foe put to sleep\n|rule|Illusion Level Mod: Illusion disguises the Pokémon's true level\n|\n|t:|1771262713\n|teamsize|p1|6\n|teamsize|p2|6\n|start\n|switch|p1a: Gogoat|Gogoat, L88, F|360/360\n|switch|p2a: Yanmega|Yanmega, L82, M|275/275\n|turn|1\n|inactive|Battle timer is ON: inactive players will automatically lose when time's up. (requested by Cooler 08)\n|\n|t:|1771262737\n|switch|p1a: Garganacl|Garganacl, L80, M|291/291\n|move|p2a: Yanmega|Bug Buzz|p1a: Garganacl\n|-damage|p1a: Garganacl|132/291\n|\n|-heal|p1a: Garganacl|150/291|[from] item: Leftovers\n|upkeep\n|turn|2\n|\n|t:|1771262752\n|move|p2a: Yanmega|Bug Buzz|p1a: Garganacl\n|-damage|p1a: Garganacl|0 fnt\n|faint|p1a: Garganacl\n|\n|upkeep\n|\n|t:|1771262755\n|switch|p1a: Toxtricity|Toxtricity, L82, F|257/257\n|turn|3\n|\n|t:|1771262777\n|switch|p2a: Rhydon|Rhydon, L85, F|317/317\n|move|p1a: Toxtricity|Shift Gear|p1a: Toxtricity\n|-boost|p1a: Toxtricity|spe|2\n|-boost|p1a: Toxtricity|atk|1\n|\n|upkeep\n|turn|4\n|\n|t:|1771262789\n|-terastallize|p1a: Toxtricity|Normal\n|move|p1a: Toxtricity|Boomburst|p2a: Rhydon\n|-resisted|p2a: Rhydon\n|-damage|p2a: Rhydon|204/317\n|-enditem|p1a: Toxtricity|Throat Spray\n|-boost|p1a: Toxtricity|spa|1|[from] item: Throat Spray\n|move|p2a: Rhydon|Stealth Rock|p1a: Toxtricity\n|-sidestart|p1: Cooler 08|move: Stealth Rock\n|\n|upkeep\n|turn|5\n|\n|t:|1771262799\n|move|p1a: Toxtricity|Boomburst|p2a: Rhydon\n|-resisted|p2a: Rhydon\n|-damage|p2a: Rhydon|35/317\n|move|p2a: Rhydon|Earthquake|p1a: Toxtricity\n|-damage|p1a: Toxtricity|79/257\n|\n|upkeep\n|turn|6\n|\n|t:|1771262806\n|move|p1a: Toxtricity|Boomburst|p2a: Rhydon\n|-resisted|p2a: Rhydon\n|-damage|p2a: Rhydon|0 fnt\n|faint|p2a: Rhydon\n|\n|upkeep\n|\n|t:|1771262823\n|switch|p2a: Swalot|Swalot, L90, M|326/326\n|turn|7\n|\n|t:|1771262828\n|move|p1a: Toxtricity|Boomburst|p2a: Swalot\n|-damage|p2a: Swalot|10/326\n|move|p2a: Swalot|Sludge Bomb|p1a: Toxtricity\n|-damage|p1a: Toxtricity|0 fnt\n|faint|p1a: Toxtricity\n|\n|-heal|p2a: Swalot|30/326|[from] item: Leftovers\n|upkeep\n|\n|t:|1771262835\n|switch|p1a: Malamar|Malamar, L82, F|275/275\n|-damage|p1a: Malamar|241/275|[from] Stealth Rock\n|turn|8\n|\n|t:|1771262851\n|switch|p2a: Yanmega|Yanmega, L82, M|275/275\n|move|p1a: Malamar|Superpower|p2a: Yanmega\n|-resisted|p2a: Yanmega\n|-damage|p2a: Yanmega|256/275\n|-boost|p1a: Malamar|atk|1\n|-boost|p1a: Malamar|def|1\n|\n|upkeep\n|turn|9\n|\n|t:|1771262864\n|switch|p1a: Clawitzer|Clawitzer, L87, F|265/265\n|-damage|p1a: Clawitzer|232/265|[from] Stealth Rock\n|move|p2a: Yanmega|Bug Buzz|p1a: Clawitzer\n|-damage|p1a: Clawitzer|82/265\n|\n|upkeep\n|turn|10\n|\n|t:|1771262869\n|move|p2a: Yanmega|Bug Buzz|p1a: Clawitzer\n|-damage|p1a: Clawitzer|0 fnt\n|faint|p1a: Clawitzer\n|\n|upkeep\n|\n|t:|1771262872\n|switch|p1a: Dondozo|Dondozo, L78, M|362/362\n|-damage|p1a: Dondozo|317/362|[from] Stealth Rock\n|turn|11\n|\n|t:|1771262880\n|switch|p2a: Lanturn|Lanturn, L89, M|367/367\n|move|p1a: Dondozo|Wave Crash|p2a: Lanturn\n|-resisted|p2a: Lanturn\n|-damage|p2a: Lanturn|295/367\n|-damage|p1a: Dondozo|293/362|[from] Recoil\n|\n|-heal|p1a: Dondozo|315/362|[from] item: Leftovers\n|upkeep\n|turn|12\n|\n|t:|1771262885\n|switch|p1a: Gogoat|Gogoat, L88, F|360/360\n|-damage|p1a: Gogoat|315/360|[from] Stealth Rock\n|move|p2a: Lanturn|Thunderbolt|p1a: Gogoat\n|-resisted|p1a: Gogoat\n|-damage|p1a: Gogoat|273/360\n|\n|-heal|p1a: Gogoat|295/360|[from] item: Leftovers\n|upkeep\n|turn|13\n|\n|t:|1771262892\n|switch|p2a: Swalot|Swalot, L90, M|30/326\n|move|p1a: Gogoat|Bulk Up|p1a: Gogoat\n|-boost|p1a: Gogoat|atk|1\n|-boost|p1a: Gogoat|def|1\n|\n|-heal|p1a: Gogoat|317/360|[from] item: Leftovers\n|-heal|p2a: Swalot|50/326|[from] item: Leftovers\n|upkeep\n|turn|14\n|\n|t:|1771262900\n|move|p1a: Gogoat|Horn Leech|p2a: Swalot\n|-resisted|p2a: Swalot\n|-damage|p2a: Swalot|0 fnt\n|-damage|p1a: Gogoat|292/360|[from] ability: Liquid Ooze|[of] p2a: Swalot\n|faint|p2a: Swalot\n|\n|-heal|p1a: Gogoat|314/360|[from] item: Leftovers\n|upkeep\n|\n|t:|1771262907\n|switch|p2a: Yanmega|Yanmega, L82, M|256/275\n|turn|15\n|\n|t:|1771262915\n|switch|p1a: Dondozo|Dondozo, L78, M|315/362\n|-damage|p1a: Dondozo|270/362|[from] Stealth Rock\n|move|p2a: Yanmega|Bug Buzz|p1a: Dondozo\n|-damage|p1a: Dondozo|75/362\n|\n|-heal|p1a: Dondozo|97/362|[from] item: Leftovers\n|upkeep\n|turn|16\n|-message|Cooler 08 forfeited.\n|\n|win|Garevitarna\n|raw|Cooler 08's rating: 1518 &rarr; <strong>1501</strong><br />(-17 for losing)\n|raw|Garevitarna's rating: 1563 &rarr; <strong>1580</strong><br />(+17 for winning)\n|l|☆Cooler 08\n|player|p1|\n|c|☆Garevitarna|yangmega too op\n", "inputlog": ">version 686819e5e19f8a7fd2345cfc5a08a5085efa2cc3\n>start {\"formatid\":\"gen9randombattle\",\"seed\":\"sodium,936c0807ea90361b7fc41a62aaa40948\",\"rated\":\"Rated battle\"}\n>player p1 {\"name\":\"Cooler 08\",\"avatar\":\"benga\",\"rating\":1518,\"seed\":\"sodium,d8265b014b9c0be230a3e762bae582b8\"}\n>player p2 {\"name\":\"Garevitarna\",\"avatar\":\"mira\",\"rating\":1563,\"seed\":\"sodium,8e879f75dc87f371f9c8a794f970ce4f\"}\n>p1 switch 3\n>p2 move bugbuzz\n>p1 move saltcure\n>p2 move bugbuzz\n>p1 switch 6\n>p1 move shiftgear\n>p2 switch 2\n>p1 move boomburst terastallize\n>p2 move stealthrock\n>p1 move boomburst\n>p2 move earthquake\n>p1 move boomburst\n>p2 move earthquake\n>p2 switch 3\n>p1 move boomburst\n>p2 move sludgebomb\n>p1 switch 2\n>p1 move superpower\n>p2 switch 2\n>p1 switch 5\n>p2 move bugbuzz\n>p1 move waterpulse\n>p2 move bugbuzz\n>p1 switch 4\n>p1 move wavecrash\n>p2 switch 4\n>p1 switch 3\n>p2 move thunderbolt\n>p1 move bulkup\n>p2 switch 2\n>p1 move hornleech\n>p2 move sludgebomb\n>p2 switch 4\n>p1 switch 3\n>p2 move bugbuzz\n>forcelose p1", "uploadtime": 1771263081, "views": 5, "formatid": "gen9randombattle", "rating": 1501, "private": 0, "password": null}