{"id": "gen9randombattle-2540389722", "format": "[Gen 9] Random Battle", "players": ["Aqua", "milkreo"], "log": "|badge|p1|silver|gen9randombattle|30-8\n|uhtml|medal-msg|<div class=\"broadcast-blue\">Curious what those medals under the avatar are? PS now has Ladder Seasons! For more information, check out the <a href=\"https://www.smogon.com/forums/threads/3740067/\">thread on Smogon.</a></div>\n|badge|p2|bronze|gen9randombattle|100-8\n|uhtml|medal-msg|<div class=\"broadcast-blue\">Curious what those medals under the avatar are? PS now has Ladder Seasons! For more information, check out the <a href=\"https://www.smogon.com/forums/threads/3740067/\">thread on Smogon.</a></div>\n|j|☆Aqua\n|j|☆milkreo\n|t:|1771196149\n|gametype|singles\n|player|p1|Aqua|#rbtt7teamdarkraif|2472\n|player|p2|milkreo|1|2319\n|gen|9\n|tier|[Gen 9] Random Battle\n|rated|\n|rule|Species Clause: Limit one of each Pokémon\n|rule|HP Percentage Mod: HP is shown in percentages\n|rule|Sleep Clause Mod: Limit one foe put to sleep\n|rule|Illusion Level Mod: Illusion disguises the Pokémon's true level\n|\n|t:|1771196149\n|teamsize|p1|6\n|teamsize|p2|6\n|start\n|switch|p1a: Dusknoir|Dusknoir, L89, M|225/225\n|switch|p2a: Greninja|Greninja, L80, M|246/246\n|-item|p2a: Greninja|Choice Specs|[from] ability: Frisk|[of] p1a: Dusknoir\n|turn|1\n|inactive|Battle timer is ON: inactive players will automatically lose when time's up. (requested by Aqua)\n|inactive|Aqua has 120 seconds left.\n|\n|t:|1771196183\n|switch|p1a: Rotom|Rotom-Mow, L87|229/229\n|move|p2a: Greninja|Hydro Pump|p1a: Rotom\n|-start|p2a: Greninja|typechange|Water|[from] ability: Protean\n|-resisted|p1a: Rotom\n|-damage|p1a: Rotom|161/229\n|\n|-heal|p1a: Rotom|175/229|[from] item: Leftovers\n|upkeep\n|turn|2\n|\n|t:|1771196197\n|switch|p2a: Arceus|Arceus-Bug, L73|295/295\n|move|p1a: Rotom|Will-O-Wisp|p2a: Arceus\n|-status|p2a: Arceus|brn\n|\n|-heal|p1a: Rotom|189/229|[from] item: Leftovers\n|-damage|p2a: Arceus|277/295 brn|[from] brn\n|upkeep\n|turn|3\n|\n|t:|1771196223\n|switch|p1a: Dusknoir|Dusknoir, L89, M|225/225\n|-item|p2a: Arceus|Insect Plate|[from] ability: Frisk|[of] p1a: Dusknoir\n|move|p2a: Arceus|Fire Blast|p1a: Dusknoir\n|-damage|p1a: Dusknoir|172/225\n|\n|-damage|p2a: Arceus|259/295 brn|[from] brn\n|upkeep\n|turn|4\n|\n|t:|1771196237\n|switch|p2a: Garganacl|Garganacl, L80, F|291/291\n|move|p1a: Dusknoir|Earthquake|p2a: Garganacl\n|-supereffective|p2a: Garganacl\n|-damage|p2a: Garganacl|103/291\n|\n|-heal|p2a: Garganacl|121/291|[from] item: Leftovers\n|upkeep\n|turn|5\n|\n|t:|1771196246\n|switch|p1a: Palafin|Palafin, L77, M|281/281\n|switch|p2a: Arceus|Arceus-Bug, L73|259/295 brn\n|\n|-damage|p2a: Arceus|241/295 brn|[from] brn\n|upkeep\n|turn|6\n|\n|t:|1771196260\n|detailschange|p1a: Palafin|Palafin-Hero, L77, M\n|switch|p1a: Dusknoir|Dusknoir, L89, M|172/225\n|-item|p2a: Arceus|Insect Plate|[from] ability: Frisk|[of] p1a: Dusknoir\n|move|p2a: Arceus|Judgment|p1a: Dusknoir\n|-resisted|p1a: Dusknoir\n|-damage|p1a: Dusknoir|136/225\n|\n|-damage|p2a: Arceus|223/295 brn|[from] brn\n|upkeep\n|turn|7\n|\n|t:|1771196273\n|switch|p2a: Porygon-Z|Porygon-Z, L83|277/277\n|move|p1a: Dusknoir|Poltergeist|p2a: Porygon-Z\n|-immune|p2a: Porygon-Z\n|\n|upkeep\n|turn|8\n|inactive|Aqua has 120 seconds left.\n|\n|t:|1771196307\n|switch|p1a: Rotom|Rotom-Mow, L87|189/229\n|move|p2a: Porygon-Z|Tera Blast|p1a: Rotom\n|-damage|p1a: Rotom|38/229\n|-damage|p2a: Porygon-Z|250/277|[from] item: Life Orb\n|\n|-heal|p1a: Rotom|52/229|[from] item: Leftovers\n|upkeep\n|turn|9\n|\n|t:|1771196319\n|switch|p2a: Arceus|Arceus-Bug, L73|223/295 brn\n|move|p1a: Rotom|Thunderbolt|p2a: Arceus\n|-damage|p2a: Arceus|129/295 brn\n|\n|-heal|p1a: Rotom|66/229|[from] item: Leftovers\n|-damage|p2a: Arceus|111/295 brn|[from] brn\n|upkeep\n|turn|10\n|inactive|Aqua has 120 seconds left.\n|\n|t:|1771196345\n|switch|p1a: Palafin|Palafin-Hero, L77, M|281/281\n|-activate|p1a: Palafin|ability: Zero to Hero\n|move|p2a: Arceus|Recover|p2a: Arceus\n|-heal|p2a: Arceus|259/295 brn\n|\n|-damage|p2a: Arceus|241/295 brn|[from] brn\n|upkeep\n|turn|11\n|\n|t:|1771196359\n|move|p2a: Arceus|Judgment|p1a: Palafin\n|-damage|p1a: Palafin|158/281\n|move|p1a: Palafin|Flip Turn|p2a: Arceus\n|-damage|p2a: Arceus|136/295 brn\n|\n|t:|1771196363\n|switch|p1a: Lokix|Lokix, L82, F|251/251|[from] Flip Turn\n|\n|-damage|p2a: Arceus|118/295 brn|[from] brn\n|upkeep\n|turn|12\n|inactive|Aqua has 120 seconds left.\n|\n|t:|1771196371\n|move|p1a: Lokix|First Impression|p2a: Arceus\n|-damage|p2a: Arceus|17/295 brn\n|-damage|p1a: Lokix|226/251|[from] item: Life Orb\n|move|p2a: Arceus|Recover|p2a: Arceus\n|-heal|p2a: Arceus|165/295 brn\n|\n|-damage|p2a: Arceus|147/295 brn|[from] brn\n|upkeep\n|turn|13\n|inactive|Aqua has 120 seconds left.\n|\n|t:|1771196388\n|switch|p1a: Magcargo|Magcargo, L95, M|268/268\n|move|p2a: Arceus|Recover|p2a: Arceus\n|-heal|p2a: Arceus|295/295 brn\n|\n|-damage|p2a: Arceus|277/295 brn|[from] brn\n|upkeep\n|turn|14\n|inactive|Aqua has 120 seconds left.\n|\n|t:|1771196407\n|switch|p2a: Greninja|Greninja, L80, M|246/246\n|move|p1a: Magcargo|Power Gem|p2a: Greninja\n|-damage|p2a: Greninja|113/246\n|\n|upkeep\n|turn|15\n|\n|t:|1771196434\n|switch|p1a: Rotom|Rotom-Mow, L87|66/229\n|move|p2a: Greninja|U-turn|p1a: Rotom\n|-start|p2a: Greninja|typechange|Bug|[from] ability: Protean\n|-supereffective|p1a: Rotom\n|-damage|p1a: Rotom|0 fnt\n|faint|p1a: Rotom\n|\n|t:|1771196443\n|switch|p2a: Electivire|Electivire, L84, M|263/263|[from] U-turn\n|\n|upkeep\n|inactive|Aqua has 90 seconds left.\n|\n|t:|1771196489\n|switch|p1a: Lokix|Lokix, L82, F|226/251\n|turn|16\n|\n|t:|1771196503\n|switch|p2a: Arceus|Arceus-Bug, L73|277/295 brn\n|move|p1a: Lokix|First Impression|p2a: Arceus\n|-damage|p2a: Arceus|164/295 brn\n|-damage|p1a: Lokix|201/251|[from] item: Life Orb\n|\n|-damage|p2a: Arceus|146/295 brn|[from] brn\n|upkeep\n|turn|17\n|\n|t:|1771196510\n|switch|p1a: Magcargo|Magcargo, L95, M|268/268\n|move|p2a: Arceus|Recover|p2a: Arceus\n|-heal|p2a: Arceus|294/295 brn\n|\n|-damage|p2a: Arceus|276/295 brn|[from] brn\n|upkeep\n|turn|18\n|\n|t:|1771196533\n|switch|p2a: Porygon-Z|Porygon-Z, L83|250/277\n|move|p1a: Magcargo|Shell Smash|p1a: Magcargo\n|-unboost|p1a: Magcargo|def|1\n|-unboost|p1a: Magcargo|spd|1\n|-boost|p1a: Magcargo|atk|2\n|-boost|p1a: Magcargo|spa|2\n|-boost|p1a: Magcargo|spe|2\n|\n|upkeep\n|turn|19\n|j| MidnightBeasts\n|inactive|milkreo has 120 seconds left.\n|\n|t:|1771196553\n|move|p1a: Magcargo|Fire Blast|p2a: Porygon-Z\n|-crit|p2a: Porygon-Z\n|-damage|p2a: Porygon-Z|0 fnt\n|faint|p2a: Porygon-Z\n|\n|upkeep\n|\n|t:|1771196557\n|switch|p2a: Greninja|Greninja, L80, M|113/246\n|turn|20\n|inactive|Aqua has 90 seconds left.\n|\n|t:|1771196570\n|switch|p1a: Lokix|Lokix, L82, F|201/251\n|move|p2a: Greninja|Dark Pulse|p1a: Lokix\n|-start|p2a: Greninja|typechange|Dark|[from] ability: Protean\n|-resisted|p1a: Lokix\n|-damage|p1a: Lokix|117/251\n|\n|upkeep\n|turn|21\n|inactive|milkreo has 120 seconds left.\n|\n|t:|1771196593\n|switch|p2a: Arceus|Arceus-Bug, L73|276/295 brn\n|move|p1a: Lokix|Leech Life|p2a: Arceus\n|-damage|p2a: Arceus|173/295 brn\n|-heal|p1a: Lokix|169/251|[from] drain|[of] p2a: Arceus\n|-damage|p1a: Lokix|144/251|[from] item: Life Orb\n|\n|-damage|p2a: Arceus|155/295 brn|[from] brn\n|upkeep\n|turn|22\n|\n|t:|1771196607\n|switch|p1a: Magcargo|Magcargo, L95, M|268/268\n|move|p2a: Arceus|Judgment|p1a: Magcargo\n|-resisted|p1a: Magcargo\n|-damage|p1a: Magcargo|217/268\n|\n|-damage|p2a: Arceus|137/295 brn|[from] brn\n|upkeep\n|turn|23\n|inactive|milkreo has 120 seconds left.\n|\n|t:|1771196647\n|move|p2a: Arceus|Judgment|p1a: Magcargo\n|-resisted|p1a: Magcargo\n|-damage|p1a: Magcargo|160/268\n|move|p1a: Magcargo|Power Gem|p2a: Arceus\n|-supereffective|p2a: Arceus\n|-damage|p2a: Arceus|0 fnt\n|faint|p2a: Arceus\n|\n|upkeep\n|\n|t:|1771196652\n|switch|p2a: Greninja|Greninja, L80, M|113/246\n|turn|24\n|\n|t:|1771196664\n|move|p2a: Greninja|Hydro Pump|p1a: Magcargo\n|-start|p2a: Greninja|typechange|Water|[from] ability: Protean\n|-supereffective|p1a: Magcargo\n|-damage|p1a: Magcargo|0 fnt\n|faint|p1a: Magcargo\n|\n|upkeep\n|\n|t:|1771196671\n|switch|p1a: Lokix|Lokix, L82, F|144/251\n|turn|25\n|inactive|milkreo has 120 seconds left.\n|\n|t:|1771196677\n|move|p2a: Greninja|Hydro Pump|p1a: Lokix\n|-damage|p1a: Lokix|0 fnt\n|faint|p1a: Lokix\n|\n|upkeep\n|\n|t:|1771196688\n|switch|p1a: Palafin|Palafin-Hero, L77, M|158/281\n|turn|26\n|inactive|milkreo has 120 seconds left.\n|\n|t:|1771196713\n|switch|p2a: Garganacl|Garganacl, L80, F|121/291\n|move|p1a: Palafin|Flip Turn|p2a: Garganacl\n|-supereffective|p2a: Garganacl\n|-damage|p2a: Garganacl|0 fnt\n|faint|p2a: Garganacl\n|\n|t:|1771196719\n|switch|p1a: Dusknoir|Dusknoir, L89, M|136/225|[from] Flip Turn\n|\n|upkeep\n|\n|t:|1771196723\n|switch|p2a: Greninja|Greninja, L80, M|113/246\n|turn|27\n|\n|t:|1771196739\n|move|p1a: Dusknoir|Shadow Sneak|p2a: Greninja\n|-resisted|p2a: Greninja\n|-crit|p2a: Greninja\n|-damage|p2a: Greninja|46/246\n|move|p2a: Greninja|Dark Pulse|p1a: Dusknoir\n|-start|p2a: Greninja|typechange|Dark|[from] ability: Protean\n|-supereffective|p1a: Dusknoir\n|-damage|p1a: Dusknoir|0 fnt\n|faint|p1a: Dusknoir\n|\n|upkeep\n|\n|t:|1771196746\n|switch|p1a: Palafin|Palafin-Hero, L77, M|158/281\n|turn|28\n|\n|t:|1771196750\n|move|p1a: Palafin|Jet Punch|p2a: Greninja\n|-crit|p2a: Greninja\n|-damage|p2a: Greninja|0 fnt\n|faint|p2a: Greninja\n|\n|upkeep\n|\n|t:|1771196752\n|switch|p2a: Electivire|Electivire, L84, M|263/263\n|turn|29\n|\n|t:|1771196756\n|-terastallize|p1a: Palafin|Fighting\n|move|p1a: Palafin|Jet Punch|p2a: Electivire\n|-damage|p2a: Electivire|121/263\n|move|p2a: Electivire|Supercell Slam|p1a: Palafin\n|-damage|p1a: Palafin|32/281\n|\n|upkeep\n|turn|30\n|\n|t:|1771196763\n|move|p1a: Palafin|Jet Punch|p2a: Electivire\n|-damage|p2a: Electivire|0 fnt\n|faint|p2a: Electivire\n|\n|upkeep\n|\n|t:|1771196766\n|switch|p2a: Mimikyu|Mimikyu, L79, M|216/216\n|turn|31\n|\n|t:|1771196777\n|move|p1a: Palafin|Jet Punch|p2a: Mimikyu\n|-activate|p2a: Mimikyu|ability: Disguise\n|-damage|p2a: Mimikyu|216/216\n|detailschange|p2a: Mimikyu|Mimikyu-Busted, L79, M\n|-damage|p2a: Mimikyu|189/216|[from] pokemon: Mimikyu-Busted\n|move|p2a: Mimikyu|Swords Dance|p2a: Mimikyu\n|-boost|p2a: Mimikyu|atk|2\n|\n|upkeep\n|turn|32\n|\n|t:|1771196781\n|move|p1a: Palafin|Jet Punch|p2a: Mimikyu\n|-damage|p2a: Mimikyu|51/216\n|move|p2a: Mimikyu|Drain Punch|p1a: Palafin\n|-damage|p1a: Palafin|0 fnt\n|-heal|p2a: Mimikyu|67/216|[from] drain|[of] p1a: Palafin\n|faint|p1a: Palafin\n|-damage|p2a: Mimikyu|46/216|[from] item: Life Orb\n|\n|upkeep\n|\n|t:|1771196783\n|switch|p1a: Venomoth|Venomoth, L84, M|255/255\n|turn|33\n|\n|t:|1771196790\n|move|p2a: Mimikyu|Shadow Sneak|p1a: Venomoth\n|-damage|p1a: Venomoth|137/255\n|-damage|p2a: Mimikyu|25/216|[from] item: Life Orb\n|move|p1a: Venomoth|Sludge Wave|p2a: Mimikyu\n|-damage|p2a: Mimikyu|0 fnt\n|faint|p2a: Mimikyu\n|\n|win|Aqua\n|raw|Aqua's rating: 2472 &rarr; <strong>2484</strong><br />(+12 for winning)\n|raw|milkreo's rating: 2319 &rarr; <strong>2307</strong><br />(-12 for losing)\n|l| MidnightBeasts\n", "inputlog": ">version 686819e5e19f8a7fd2345cfc5a08a5085efa2cc3\n>start {\"formatid\":\"gen9randombattle\",\"seed\":\"sodium,f7cafc083da1dc287c41b8d00ed04692\",\"rated\":\"Rated battle\"}\n>player p1 {\"name\":\"Aqua\",\"avatar\":\"#rbtt7teamdarkraif\",\"rating\":2472,\"seed\":\"sodium,2916646a2b42ee910cd93cf9a35839fd\"}\n>player p2 {\"name\":\"milkreo\",\"avatar\":\"1\",\"rating\":2319,\"seed\":\"sodium,f56e2d097fe1dd49f2da2b29122e15ae\"}\n>p1 switch 5\n>p2 move hydropump\n>p1 move willowisp\n>p2 switch 6\n>p1 switch 5\n>p2 move fireblast\n>p1 move earthquake\n>p2 switch 3\n>p1 switch 6\n>p2 switch 3\n>p1 switch 6\n>p2 move judgment\n>p1 move poltergeist\n>p2 switch 2\n>p1 switch 5\n>p2 move terablast\n>p1 move thunderbolt\n>p2 switch 2\n>p1 switch 6\n>p2 move recover\n>p1 move flipturn\n>p2 move judgment\n>p1 switch 4\n>p1 move firstimpression\n>p2 move recover\n>p1 switch 3\n>p2 move recover\n>p1 move powergem\n>p2 switch 6\n>p1 switch 6\n>p2 move uturn\n>p2 switch 4\n>p1 switch 3\n>p1 move firstimpression\n>p2 switch 6\n>p1 switch 6\n>p2 move recover\n>p1 move shellsmash\n>p2 switch 2\n>p1 move fireblast\n>p2 move terablast\n>p2 switch 4\n>p1 switch 6\n>p2 move darkpulse\n>p1 move leechlife\n>p2 switch 2\n>p1 switch 6\n>p2 move judgment\n>p1 move powergem\n>p2 move judgment\n>p2 switch 2\n>p1 move powergem\n>p2 move hydropump\n>p1 switch 6\n>p1 move leechlife\n>p2 move hydropump\n>p1 switch 4\n>p1 move flipturn\n>p2 switch 3\n>p1 switch 5\n>p2 switch 3\n>p1 move shadowsneak\n>p2 move darkpulse\n>p1 switch 5\n>p1 move jetpunch\n>p2 move darkpulse\n>p2 switch 6\n>p1 move jetpunch terastallize\n>p2 move supercellslam\n>p1 move jetpunch\n>p2 move supercellslam\n>p2 switch 5\n>p1 move jetpunch\n>p2 move swordsdance\n>p1 move jetpunch\n>p2 move drainpunch\n>p1 switch 2\n>p1 move sludgewave\n>p2 move shadowsneak", "uploadtime": 1771196799, "views": 12, "formatid": "gen9randombattle", "rating": 2307, "private": 0, "password": null}