{"id": "gen9randombattle-2540943012", "format": "[Gen 9] Random Battle", "players": ["Astarall", "Mtitia"], "log": "|j|☆Astarall\n|j|☆Mtitia\n|t:|1771269430\n|gametype|singles\n|player|p1|Astarall|2|1543\n|player|p2|Mtitia|blackbelt-gen4|1554\n|gen|9\n|tier|[Gen 9] Random Battle\n|rated|\n|rule|Species Clause: Limit one of each Pokémon\n|rule|HP Percentage Mod: HP is shown in percentages\n|rule|Sleep Clause Mod: Limit one foe put to sleep\n|rule|Illusion Level Mod: Illusion disguises the Pokémon's true level\n|\n|t:|1771269430\n|teamsize|p1|6\n|teamsize|p2|6\n|start\n|switch|p1a: Leavanny|Leavanny, L86, M|269/269\n|switch|p2a: Reshiram|Reshiram, L76|277/277\n|-ability|p2a: Reshiram|Turboblaze\n|turn|1\n|inactive|Battle timer is ON: inactive players will automatically lose when time's up. (requested by Mtitia)\n|\n|t:|1771269451\n|switch|p1a: Hypno|Hypno, L95, M|315/315\n|move|p2a: Reshiram|Blue Flare|p1a: Hypno|[miss]\n|-miss|p2a: Reshiram|p1a: Hypno\n|\n|upkeep\n|turn|2\n|\n|t:|1771269469\n|switch|p2a: Lugia|Lugia, L73|275/275\n|move|p1a: Hypno|Toxic|p2a: Lugia\n|-status|p2a: Lugia|tox\n|\n|-damage|p2a: Lugia|258/275 tox|[from] psn\n|upkeep\n|turn|3\n|\n|t:|1771269479\n|move|p2a: Lugia|Calm Mind|p2a: Lugia\n|-boost|p2a: Lugia|spa|1\n|-boost|p2a: Lugia|spd|1\n|move|p1a: Hypno|Psychic Noise|p2a: Lugia\n|-resisted|p2a: Lugia\n|-damage|p2a: Lugia|240/275 tox\n|-start|p2a: Lugia|move: Heal Block\n|\n|-damage|p2a: Lugia|206/275 tox|[from] psn\n|upkeep\n|turn|4\n|\n|t:|1771269487\n|move|p2a: Lugia|Aeroblast|p1a: Hypno\n|-damage|p1a: Hypno|234/315\n|move|p1a: Hypno|Psychic Noise|p2a: Lugia\n|-resisted|p2a: Lugia\n|-damage|p2a: Lugia|185/275 tox\n|\n|-heal|p1a: Hypno|253/315|[from] item: Leftovers\n|-damage|p2a: Lugia|134/275 tox|[from] psn\n|-end|p2a: Lugia|move: Heal Block\n|upkeep\n|turn|5\n|\n|t:|1771269494\n|move|p2a: Lugia|Recover|p2a: Lugia\n|-heal|p2a: Lugia|272/275 tox\n|move|p1a: Hypno|Psychic Noise|p2a: Lugia\n|-resisted|p2a: Lugia\n|-damage|p2a: Lugia|253/275 tox\n|-start|p2a: Lugia|move: Heal Block\n|\n|-heal|p1a: Hypno|272/315|[from] item: Leftovers\n|-damage|p2a: Lugia|185/275 tox|[from] psn\n|upkeep\n|turn|6\n|\n|t:|1771269506\n|switch|p2a: Ambipom|Ambipom, L84, F|263/263\n|move|p1a: Hypno|Protect||[still]\n|-fail|p1a: Hypno\n|\n|-heal|p1a: Hypno|291/315|[from] item: Leftovers\n|upkeep\n|turn|7\n|\n|t:|1771269518\n|switch|p1a: Skeledirge|Skeledirge, L79, M|294/294\n|move|p2a: Ambipom|U-turn|p1a: Skeledirge\n|-resisted|p1a: Skeledirge\n|-damage|p1a: Skeledirge|276/294\n|\n|t:|1771269536\n|switch|p2a: Lanturn|Lanturn, L89, M|367/367|[from] U-turn\n|\n|upkeep\n|turn|8\n|\n|t:|1771269543\n|switch|p1a: Thundurus|Thundurus-Therian, L80, M|258/258\n|move|p2a: Lanturn|Thunder Wave|p1a: Thundurus\n|-immune|p1a: Thundurus|[from] ability: Volt Absorb\n|\n|upkeep\n|turn|9\n|\n|t:|1771269556\n|move|p1a: Thundurus|Psychic|p2a: Lanturn\n|-damage|p2a: Lanturn|248/367\n|move|p2a: Lanturn|Scald|p1a: Thundurus\n|-damage|p1a: Thundurus|171/258\n|-status|p1a: Thundurus|brn\n|\n|-damage|p1a: Thundurus|155/258 brn|[from] brn\n|upkeep\n|turn|10\n|\n|t:|1771269572\n|switch|p1a: Hypno|Hypno, L95, M|291/315\n|switch|p2a: Lugia|Lugia, L73|185/275 tox\n|\n|-heal|p1a: Hypno|310/315|[from] item: Leftovers\n|-damage|p2a: Lugia|168/275 tox|[from] psn\n|upkeep\n|turn|11\n|\n|t:|1771269582\n|move|p2a: Lugia|Recover|p2a: Lugia\n|-heal|p2a: Lugia|275/275 tox\n|move|p1a: Hypno|Psychic Noise|p2a: Lugia\n|-resisted|p2a: Lugia\n|-damage|p2a: Lugia|260/275 tox\n|-start|p2a: Lugia|move: Heal Block\n|\n|-heal|p1a: Hypno|315/315|[from] item: Leftovers\n|-damage|p2a: Lugia|226/275 tox|[from] psn\n|upkeep\n|turn|12\n|\n|t:|1771269589\n|switch|p2a: Ambipom|Ambipom, L84, F|263/263\n|switch|p1a: Skeledirge|Skeledirge, L79, M|276/294\n|\n|upkeep\n|turn|13\n|\n|t:|1771269598\n|move|p2a: Ambipom|Knock Off|p1a: Skeledirge\n|-supereffective|p1a: Skeledirge\n|-damage|p1a: Skeledirge|70/294\n|-enditem|p1a: Skeledirge|Heavy-Duty Boots|[from] move: Knock Off|[of] p2a: Ambipom\n|move|p1a: Skeledirge|Torch Song|p2a: Ambipom\n|-damage|p2a: Ambipom|164/263\n|-boost|p1a: Skeledirge|spa|1\n|\n|upkeep\n|turn|14\n|\n|t:|1771269613\n|move|p2a: Ambipom|Knock Off|p1a: Skeledirge\n|-supereffective|p1a: Skeledirge\n|-damage|p1a: Skeledirge|0 fnt\n|faint|p1a: Skeledirge\n|\n|upkeep\n|\n|t:|1771269617\n|switch|p1a: Skuntank|Skuntank, L84, F|310/310\n|turn|15\n|\n|t:|1771269635\n|switch|p2a: Swalot|Swalot, L90, M|326/326\n|move|p1a: Skuntank|Toxic Spikes|p2a: Swalot\n|-sidestart|p2: Mtitia|move: Toxic Spikes\n|\n|upkeep\n|turn|16\n|\n|t:|1771269654\n|switch|p1a: Thundurus|Thundurus-Therian, L80, M|155/258 brn\n|move|p2a: Swalot|Ice Beam|p1a: Thundurus\n|-supereffective|p1a: Thundurus\n|-damage|p1a: Thundurus|29/258 brn\n|\n|-damage|p1a: Thundurus|13/258 brn|[from] brn\n|upkeep\n|turn|17\n|\n|t:|1771269687\n|move|p1a: Thundurus|Sludge Wave|p2a: Swalot\n|-resisted|p2a: Swalot\n|-damage|p2a: Swalot|267/326\n|move|p2a: Swalot|Knock Off|p1a: Thundurus\n|-damage|p1a: Thundurus|0 fnt\n|-enditem|p1a: Thundurus|Choice Specs|[from] move: Knock Off|[of] p2a: Swalot\n|faint|p1a: Thundurus\n|\n|-heal|p2a: Swalot|287/326|[from] item: Leftovers\n|upkeep\n|\n|t:|1771269691\n|switch|p1a: Hypno|Hypno, L95, M|315/315\n|turn|18\n|\n|t:|1771269709\n|switch|p2a: Venomoth|Venomoth, L84, F|255/255\n|-sideend|p2: Mtitia|move: Toxic Spikes|[of] p2a: Venomoth\n|move|p1a: Hypno|Psychic Noise|p2a: Venomoth\n|-supereffective|p2a: Venomoth\n|-damage|p2a: Venomoth|79/255\n|-start|p2a: Venomoth|move: Heal Block\n|\n|upkeep\n|turn|19\n|\n|t:|1771269722\n|move|p2a: Venomoth|Sleep Powder|p1a: Hypno\n|-immune|p1a: Hypno|[from] ability: Insomnia\n|move|p1a: Hypno|Focus Blast|p2a: Venomoth|[miss]\n|-miss|p1a: Hypno|p2a: Venomoth\n|\n|-end|p2a: Venomoth|move: Heal Block\n|upkeep\n|turn|20\n|inactive|Mtitia has 120 seconds left.\n|\n|t:|1771269737\n|switch|p2a: Ambipom|Ambipom, L84, F|164/263\n|move|p1a: Hypno|Psychic Noise|p2a: Ambipom\n|-damage|p2a: Ambipom|61/263\n|-start|p2a: Ambipom|move: Heal Block\n|\n|upkeep\n|turn|21\n|inactive|Mtitia has 120 seconds left.\n|\n|t:|1771269752\n|move|p1a: Hypno|Protect|p1a: Hypno\n|-singleturn|p1a: Hypno|Protect\n|move|p2a: Ambipom|Knock Off|p1a: Hypno\n|-activate|p1a: Hypno|move: Protect\n|\n|-end|p2a: Ambipom|move: Heal Block\n|upkeep\n|turn|22\n|\n|t:|1771269765\n|switch|p2a: Venomoth|Venomoth, L84, F|79/255\n|switch|p1a: Leavanny|Leavanny, L86, M|269/269\n|\n|upkeep\n|turn|23\n|\n|t:|1771269778\n|move|p1a: Leavanny|Sticky Web|p2a: Venomoth\n|-sidestart|p2: Mtitia|move: Sticky Web\n|move|p2a: Venomoth|Sleep Powder|p1a: Leavanny\n|-immune|p1a: Leavanny\n|\n|upkeep\n|turn|24\n|\n|t:|1771269790\n|move|p1a: Leavanny|Knock Off|p2a: Venomoth\n|-damage|p2a: Venomoth|0 fnt\n|-enditem|p2a: Venomoth|Heavy-Duty Boots|[from] move: Knock Off|[of] p1a: Leavanny\n|faint|p2a: Venomoth\n|\n|upkeep\n|\n|t:|1771269800\n|switch|p2a: Lugia|Lugia, L73|226/275 tox\n|turn|25\n|\n|t:|1771269811\n|move|p1a: Leavanny|Knock Off|p2a: Lugia\n|-supereffective|p2a: Lugia\n|-damage|p2a: Lugia|92/275 tox\n|-enditem|p2a: Lugia|Heavy-Duty Boots|[from] move: Knock Off|[of] p1a: Leavanny\n|move|p2a: Lugia|Aeroblast|p1a: Leavanny\n|-supereffective|p1a: Leavanny\n|-enditem|p1a: Leavanny|Focus Sash\n|-damage|p1a: Leavanny|1/269\n|\n|-damage|p2a: Lugia|75/275 tox|[from] psn\n|upkeep\n|turn|26\n|\n|t:|1771269817\n|move|p1a: Leavanny|Lunge|p2a: Lugia\n|-damage|p2a: Lugia|0 fnt\n|faint|p2a: Lugia\n|\n|upkeep\n|\n|t:|1771269824\n|switch|p2a: Reshiram|Reshiram, L76|277/277\n|-ability|p2a: Reshiram|Turboblaze\n|turn|27\n|inactive|Astarall has 120 seconds left.\n|\n|t:|1771269871\n|switch|p1a: Hypno|Hypno, L95, M|315/315\n|move|p2a: Reshiram|Dragon Tail|p1a: Hypno\n|-damage|p1a: Hypno|251/315\n|drag|p1a: Skuntank|Skuntank, L84, F|310/310\n|\n|upkeep\n|turn|28\n|inactive|Mtitia has 120 seconds left.\n|inactive|Astarall has 90 seconds left.\n|\n|t:|1771269914\n|move|p1a: Skuntank|Knock Off|p2a: Reshiram\n|-damage|p2a: Reshiram|155/277\n|-enditem|p2a: Reshiram|Heavy-Duty Boots|[from] move: Knock Off|[of] p1a: Skuntank\n|-damage|p1a: Skuntank|279/310|[from] item: Life Orb\n|move|p2a: Reshiram|Blue Flare|p1a: Skuntank\n|-damage|p1a: Skuntank|60/310\n|-status|p1a: Skuntank|brn\n|\n|-damage|p1a: Skuntank|41/310 brn|[from] brn\n|upkeep\n|turn|29\n|inactive|Mtitia has 90 seconds left.\n|\n|t:|1771269939\n|move|p1a: Skuntank|Toxic Spikes|p2a: Reshiram\n|-sidestart|p2: Mtitia|move: Toxic Spikes\n|move|p2a: Reshiram|Dragon Tail|p1a: Skuntank\n|-damage|p1a: Skuntank|0 fnt\n|-damage|p2a: Reshiram|86/277|[from] ability: Aftermath|[of] p1a: Skuntank\n|faint|p1a: Skuntank\n|\n|upkeep\n|\n|t:|1771269949\n|switch|p1a: Hypno|Hypno, L95, M|251/315\n|turn|30\n|inactive|Mtitia has 90 seconds left.\n|inactive|Astarall has 60 seconds left.\n|\n|t:|1771269994\n|move|p1a: Hypno|Protect|p1a: Hypno\n|-singleturn|p1a: Hypno|Protect\n|move|p2a: Reshiram|Blue Flare|p1a: Hypno\n|-activate|p1a: Hypno|move: Protect\n|\n|-heal|p1a: Hypno|270/315|[from] item: Leftovers\n|upkeep\n|turn|31\n|\n|t:|1771270004\n|move|p1a: Hypno|Psychic Noise|p2a: Reshiram\n|-damage|p2a: Reshiram|8/277\n|-start|p2a: Reshiram|move: Heal Block\n|move|p2a: Reshiram|Blue Flare|p1a: Hypno|[miss]\n|-miss|p2a: Reshiram|p1a: Hypno\n|\n|-heal|p1a: Hypno|289/315|[from] item: Leftovers\n|upkeep\n|turn|32\n|inactive|Mtitia has 90 seconds left.\n|\n|t:|1771270025\n|move|p1a: Hypno|Psychic Noise|p2a: Reshiram\n|-damage|p2a: Reshiram|0 fnt\n|faint|p2a: Reshiram\n|\n|-heal|p1a: Hypno|308/315|[from] item: Leftovers\n|upkeep\n|\n|t:|1771270029\n|switch|p2a: Swalot|Swalot, L90, M|287/326\n|-activate|p2a: Swalot|move: Sticky Web\n|-unboost|p2a: Swalot|spe|1\n|-sideend|p2: Mtitia|move: Toxic Spikes|[of] p2a: Swalot\n|turn|33\n|\n|t:|1771270035\n|-terastallize|p2a: Swalot|Dark\n|move|p1a: Hypno|Psychic Noise|p2a: Swalot\n|-immune|p2a: Swalot\n|move|p2a: Swalot|Knock Off|p1a: Hypno\n|-supereffective|p1a: Hypno\n|-damage|p1a: Hypno|102/315\n|-enditem|p1a: Hypno|Leftovers|[from] move: Knock Off|[of] p2a: Swalot\n|\n|-heal|p2a: Swalot|307/326|[from] item: Leftovers\n|upkeep\n|turn|34\n|\n|t:|1771270044\n|move|p1a: Hypno|Protect|p1a: Hypno\n|-singleturn|p1a: Hypno|Protect\n|move|p2a: Swalot|Knock Off|p1a: Hypno\n|-activate|p1a: Hypno|move: Protect\n|\n|-heal|p2a: Swalot|326/326|[from] item: Leftovers\n|upkeep\n|turn|35\n|\n|t:|1771270052\n|move|p1a: Hypno|Focus Blast|p2a: Swalot|[miss]\n|-miss|p1a: Hypno|p2a: Swalot\n|move|p2a: Swalot|Knock Off|p1a: Hypno\n|-supereffective|p1a: Hypno\n|-damage|p1a: Hypno|0 fnt\n|faint|p1a: Hypno\n|\n|upkeep\n|\n|t:|1771270057\n|switch|p1a: Leavanny|Leavanny, L86, M|1/269\n|turn|36\n|inactive|Mtitia has 120 seconds left.\n|\n|t:|1771270082\n|switch|p2a: Ambipom|Ambipom, L84, F|61/263\n|-activate|p2a: Ambipom|move: Sticky Web\n|-unboost|p2a: Ambipom|spe|1\n|move|p1a: Leavanny|Lunge|p2a: Ambipom\n|-damage|p2a: Ambipom|0 fnt\n|faint|p2a: Ambipom\n|\n|upkeep\n|\n|t:|1771270089\n|switch|p2a: Lanturn|Lanturn, L89, M|248/367\n|turn|37\n|inactive|Astarall has 90 seconds left.\n|inactive|Astarall has 60 seconds left.\n|\n|t:|1771270138\n|move|p1a: Leavanny|Leaf Blade|p2a: Lanturn\n|-supereffective|p2a: Lanturn\n|-damage|p2a: Lanturn|0 fnt\n|faint|p2a: Lanturn\n|\n|upkeep\n|\n|t:|1771270143\n|switch|p2a: Swalot|Swalot, L90, M, tera:Dark|326/326\n|-activate|p2a: Swalot|move: Sticky Web\n|-unboost|p2a: Swalot|spe|1\n|turn|38\n|\n|t:|1771270147\n|move|p1a: Leavanny|Lunge|p2a: Swalot\n|-supereffective|p2a: Swalot\n|-damage|p2a: Swalot|38/326\n|-unboost|p2a: Swalot|atk|1\n|move|p2a: Swalot|Knock Off|p1a: Leavanny\n|-damage|p1a: Leavanny|0 fnt\n|faint|p1a: Leavanny\n|\n|-heal|p2a: Swalot|58/326|[from] item: Leftovers\n|upkeep\n|\n|t:|1771270149\n|switch|p1a: Golurk|Golurk, L87|297/297\n|turn|39\n|\n|t:|1771270159\n|-terastallize|p1a: Golurk|Fighting\n|move|p1a: Golurk|Dynamic Punch|p2a: Swalot\n|-supereffective|p2a: Swalot\n|-damage|p2a: Swalot|0 fnt\n|faint|p2a: Swalot\n|-damage|p1a: Golurk|268/297|[from] item: Life Orb\n|\n|win|Astarall\n|raw|Astarall's rating: 1543 &rarr; <strong>1564</strong><br />(+21 for winning)\n|raw|Mtitia's rating: 1554 &rarr; <strong>1533</strong><br />(-21 for losing)\n|l|☆Mtitia\n|player|p2|\n", "inputlog": ">version 686819e5e19f8a7fd2345cfc5a08a5085efa2cc3\n>start {\"formatid\":\"gen9randombattle\",\"seed\":\"sodium,1f596c8fa12588ce48b854e8e67833c6\",\"rated\":\"Rated battle\"}\n>player p1 {\"name\":\"Astarall\",\"avatar\":\"2\",\"rating\":1543,\"seed\":\"sodium,71842819eecf86b867ffe47370048273\"}\n>player p2 {\"name\":\"Mtitia\",\"avatar\":\"blackbelt-gen4\",\"rating\":1554,\"seed\":\"sodium,7a61277c447066fdc7dfe99cfeb16de4\"}\n>p1 switch 3\n>p2 move blueflare\n>p1 move toxic\n>p2 switch 2\n>p1 move psychicnoise\n>p2 move calmmind\n>p1 move psychicnoise\n>p2 move aeroblast\n>p1 move psychicnoise\n>p2 move recover\n>p1 move protect\n>p2 switch 3\n>p1 switch 2\n>p2 move uturn\n>p2 switch 5\n>p1 switch 4\n>p2 move thunderwave\n>p1 move psychic\n>p2 move scald\n>p1 switch 2\n>p2 switch 3\n>p1 move psychicnoise\n>p2 move recover\n>p1 switch 4\n>p2 switch 5\n>p1 move torchsong\n>p2 move knockoff\n>p1 move slackoff\n>p2 move knockoff\n>p1 switch 6\n>p1 move toxicspikes\n>p2 switch 6\n>p1 switch 2\n>p2 move icebeam\n>p1 move sludgewave\n>p2 move knockoff\n>p1 switch 4\n>p1 move psychicnoise\n>p2 switch 4\n>p1 move focusblast\n>p2 move sleeppowder\n>p1 move psychicnoise\n>p2 switch 6\n>p1 move protect\n>p2 move knockoff\n>p1 switch 3\n>p2 switch 6\n>p1 move stickyweb\n>p2 move sleeppowder\n>p1 move knockoff\n>p2 move sludgewave\n>p2 switch 5\n>p1 move knockoff\n>p2 move aeroblast\n>p1 move lunge\n>p2 move recover\n>p2 switch 2\n>p1 switch 3\n>p2 move dragontail\n>p1 move knockoff\n>p2 move blueflare\n>p1 move toxicspikes\n>p2 move dragontail\n>p1 switch 2\n>p1 move protect\n>p2 move blueflare\n>p1 move psychicnoise\n>p2 move blueflare\n>p1 move psychicnoise\n>p2 move dracometeor\n>p2 switch 4\n>p1 move psychicnoise\n>p2 move knockoff terastallize\n>p1 move protect\n>p2 move knockoff\n>p1 move focusblast\n>p2 move knockoff\n>p1 switch 3\n>p1 move lunge\n>p2 switch 6\n>p2 switch 3\n>p1 move leafblade\n>p2 move scald\n>p2 switch 6\n>p1 move lunge\n>p2 move knockoff\n>p1 switch 5\n>p1 move dynamicpunch terastallize\n>p2 move knockoff", "uploadtime": 1771270171, "views": 1, "formatid": "gen9randombattle", "rating": 1533, "private": 0, "password": null}