{"id": "gen9randombattle-2540489936", "format": "[Gen 9] Random Battle", "players": ["fy8d6jhego", "incursio1o1"], "log": "|j|‽fy8d6jhego\n|j|☆incursio1o1\n|t:|1771208477\n|gametype|singles\n|player|p1|fy8d6jhego|scientist-gen4|1616\n|player|p2|incursio1o1|2|1617\n|gen|9\n|tier|[Gen 9] Random Battle\n|rated|\n|rule|Species Clause: Limit one of each Pokémon\n|rule|HP Percentage Mod: HP is shown in percentages\n|rule|Sleep Clause Mod: Limit one foe put to sleep\n|rule|Illusion Level Mod: Illusion disguises the Pokémon's true level\n|\n|t:|1771208477\n|teamsize|p1|6\n|teamsize|p2|6\n|start\n|switch|p1a: Bellossom|Bellossom, L84, F|263/263\n|switch|p2a: Mesprit|Mesprit, L85|275/275\n|turn|1\n|inactive|Battle timer is ON: inactive players will automatically lose when time's up. (requested by fy8d6jhego)\n|inactive|incursio1o1 also wants the timer to be on.\n|inactive|fy8d6jhego has 120 seconds left.\n|\n|t:|1771208512\n|switch|p1a: Zapdos|Zapdos, L78|268/268\n|move|p2a: Mesprit|Knock Off|p1a: Zapdos\n|-damage|p1a: Zapdos|181/268\n|-enditem|p1a: Zapdos|Heavy-Duty Boots|[from] move: Knock Off|[of] p2a: Mesprit\n|\n|upkeep\n|turn|2\n|\n|t:|1771208520\n|move|p1a: Zapdos|U-turn|p2a: Mesprit\n|-supereffective|p2a: Mesprit\n|-damage|p2a: Mesprit|201/275\n|\n|t:|1771208535\n|switch|p1a: Porygon-Z|Porygon-Z, L83|277/277|[from] U-turn\n|move|p2a: Mesprit|Stealth Rock|p1a: Porygon-Z\n|-sidestart|p1: fy8d6jhego|move: Stealth Rock\n|\n|-heal|p2a: Mesprit|218/275|[from] item: Leftovers\n|upkeep\n|turn|3\n|\n|t:|1771208543\n|move|p1a: Porygon-Z|Trick|p2a: Mesprit\n|-activate|p1a: Porygon-Z|move: Trick|[of] p2a: Mesprit\n|-item|p2a: Mesprit|Choice Scarf|[from] move: Trick\n|-item|p1a: Porygon-Z|Leftovers|[from] move: Trick\n|move|p2a: Mesprit|Thunder Wave|p1a: Porygon-Z\n|-status|p1a: Porygon-Z|par\n|\n|upkeep\n|turn|4\n|\n|t:|1771208562\n|switch|p2a: Salazzle|Salazzle, L83, F|249/249\n|move|p1a: Porygon-Z|Tri Attack|p2a: Salazzle\n|-damage|p2a: Salazzle|51/249\n|\n|upkeep\n|turn|5\n|\n|t:|1771208570\n|move|p2a: Salazzle|Sludge Wave|p1a: Porygon-Z\n|-damage|p1a: Porygon-Z|160/277 par\n|move|p1a: Porygon-Z|Tri Attack|p2a: Salazzle\n|-damage|p2a: Salazzle|0 fnt\n|faint|p2a: Salazzle\n|\n|-heal|p1a: Porygon-Z|177/277 par|[from] item: Leftovers\n|upkeep\n|\n|t:|1771208574\n|switch|p2a: Spiritomb|Spiritomb, L89, M|234/234\n|turn|6\n|\n|t:|1771208597\n|switch|p1a: Toxapex|Toxapex, L82, F|216/216\n|-damage|p1a: Toxapex|189/216|[from] Stealth Rock\n|move|p2a: Spiritomb|Foul Play|p1a: Toxapex\n|-damage|p1a: Toxapex|141/216\n|\n|-heal|p1a: Toxapex|154/216|[from] item: Leftovers\n|upkeep\n|turn|7\n|\n|t:|1771208625\n|move|p2a: Spiritomb|Poltergeist|p1a: Toxapex\n|-activate|p1a: Toxapex|move: Poltergeist|Leftovers\n|-damage|p1a: Toxapex|75/216\n|move|p1a: Toxapex|Toxic Spikes|p2a: Spiritomb\n|-sidestart|p2: incursio1o1|move: Toxic Spikes\n|\n|-heal|p1a: Toxapex|88/216|[from] item: Leftovers\n|upkeep\n|turn|8\n|\n|t:|1771208636\n|move|p2a: Spiritomb|Poltergeist|p1a: Toxapex\n|-activate|p1a: Toxapex|move: Poltergeist|Leftovers\n|-damage|p1a: Toxapex|9/216\n|move|p1a: Toxapex|Recover|p1a: Toxapex\n|-heal|p1a: Toxapex|117/216\n|\n|-heal|p1a: Toxapex|130/216|[from] item: Leftovers\n|upkeep\n|turn|9\n|\n|t:|1771208644\n|move|p2a: Spiritomb|Foul Play|p1a: Toxapex\n|-damage|p1a: Toxapex|84/216\n|move|p1a: Toxapex|Recover|p1a: Toxapex\n|-heal|p1a: Toxapex|192/216\n|\n|-heal|p1a: Toxapex|205/216|[from] item: Leftovers\n|upkeep\n|turn|10\n|\n|t:|1771208653\n|move|p2a: Spiritomb|Foul Play|p1a: Toxapex\n|-damage|p1a: Toxapex|157/216\n|move|p1a: Toxapex|Toxic Spikes|p2a: Spiritomb\n|-sidestart|p2: incursio1o1|move: Toxic Spikes\n|\n|-heal|p1a: Toxapex|170/216|[from] item: Leftovers\n|upkeep\n|turn|11\n|\n|t:|1771208661\n|move|p2a: Spiritomb|Poltergeist|p1a: Toxapex\n|-activate|p1a: Toxapex|move: Poltergeist|Leftovers\n|-damage|p1a: Toxapex|79/216\n|move|p1a: Toxapex|Liquidation|p2a: Spiritomb\n|-damage|p2a: Spiritomb|182/234\n|\n|-heal|p2a: Spiritomb|196/234|[from] item: Leftovers\n|-heal|p1a: Toxapex|92/216|[from] item: Leftovers\n|upkeep\n|turn|12\n|\n|t:|1771208676\n|move|p2a: Spiritomb|Foul Play|p1a: Toxapex\n|-damage|p1a: Toxapex|46/216\n|move|p1a: Toxapex|Recover|p1a: Toxapex\n|-heal|p1a: Toxapex|154/216\n|\n|-heal|p2a: Spiritomb|210/234|[from] item: Leftovers\n|-heal|p1a: Toxapex|167/216|[from] item: Leftovers\n|upkeep\n|turn|13\n|\n|t:|1771208685\n|switch|p1a: Porygon-Z|Porygon-Z, L83|177/277 par\n|-damage|p1a: Porygon-Z|143/277 par|[from] Stealth Rock\n|move|p2a: Spiritomb|Foul Play|p1a: Porygon-Z\n|-damage|p1a: Porygon-Z|62/277 par\n|\n|-heal|p2a: Spiritomb|224/234|[from] item: Leftovers\n|-heal|p1a: Porygon-Z|79/277 par|[from] item: Leftovers\n|upkeep\n|turn|14\n|\n|t:|1771208696\n|move|p2a: Spiritomb|Foul Play|p1a: Porygon-Z\n|-damage|p1a: Porygon-Z|0 fnt\n|faint|p1a: Porygon-Z\n|\n|-heal|p2a: Spiritomb|234/234|[from] item: Leftovers\n|upkeep\n|\n|t:|1771208704\n|switch|p1a: Bellossom|Bellossom, L84, F|263/263\n|-damage|p1a: Bellossom|231/263|[from] Stealth Rock\n|turn|15\n|\n|t:|1771208712\n|move|p1a: Bellossom|Quiver Dance|p1a: Bellossom\n|-boost|p1a: Bellossom|spa|1\n|-boost|p1a: Bellossom|spd|1\n|-boost|p1a: Bellossom|spe|1\n|move|p2a: Spiritomb|Poltergeist|p1a: Bellossom\n|-activate|p1a: Bellossom|move: Poltergeist|Leftovers\n|-crit|p1a: Bellossom\n|-damage|p1a: Bellossom|56/263\n|\n|-heal|p1a: Bellossom|72/263|[from] item: Leftovers\n|upkeep\n|turn|16\n|\n|t:|1771208724\n|move|p1a: Bellossom|Strength Sap|p2a: Spiritomb\n|-unboost|p2a: Spiritomb|atk|1\n|-heal|p1a: Bellossom|263/263\n|move|p2a: Spiritomb|Poltergeist|p1a: Bellossom\n|-activate|p1a: Bellossom|move: Poltergeist|Leftovers\n|-damage|p1a: Bellossom|191/263\n|\n|-heal|p1a: Bellossom|207/263|[from] item: Leftovers\n|upkeep\n|turn|17\n|\n|t:|1771208748\n|switch|p2a: Empoleon|Empoleon, L84, F|278/278\n|move|p1a: Bellossom|Moonblast|p2a: Empoleon\n|-resisted|p2a: Empoleon\n|-damage|p2a: Empoleon|235/278\n|\n|-heal|p1a: Bellossom|223/263|[from] item: Leftovers\n|-heal|p2a: Empoleon|252/278|[from] item: Leftovers\n|upkeep\n|turn|18\n|\n|t:|1771208761\n|move|p1a: Bellossom|Giga Drain|p2a: Empoleon\n|-damage|p2a: Empoleon|149/278\n|-heal|p1a: Bellossom|263/263|[from] drain|[of] p2a: Empoleon\n|move|p2a: Empoleon|Roar|p1a: Bellossom\n|drag|p1a: Infernape|Infernape, L82, F|259/259\n|-damage|p1a: Infernape|227/259|[from] Stealth Rock\n|\n|-heal|p2a: Empoleon|166/278|[from] item: Leftovers\n|upkeep\n|turn|19\n|inactive|fy8d6jhego has 120 seconds left.\n|\n|t:|1771208788\n|switch|p2a: Spiritomb|Spiritomb, L89, M|234/234\n|-status|p2a: Spiritomb|tox\n|move|p1a: Infernape|Close Combat|p2a: Spiritomb\n|-immune|p2a: Spiritomb\n|\n|-damage|p2a: Spiritomb|220/234 tox|[from] psn\n|upkeep\n|turn|20\n|inactive|fy8d6jhego has 120 seconds left.\n|\n|t:|1771208806\n|switch|p1a: Toxapex|Toxapex, L82, F|216/216\n|-damage|p1a: Toxapex|189/216|[from] Stealth Rock\n|move|p2a: Spiritomb|Poltergeist|p1a: Toxapex\n|-activate|p1a: Toxapex|move: Poltergeist|Leftovers\n|-damage|p1a: Toxapex|105/216\n|\n|-heal|p2a: Spiritomb|234/234 tox|[from] item: Leftovers\n|-heal|p1a: Toxapex|118/216|[from] item: Leftovers\n|-damage|p2a: Spiritomb|206/234 tox|[from] psn\n|upkeep\n|turn|21\n|\n|t:|1771208818\n|switch|p2a: Mesprit|Mesprit, L85|218/275\n|move|p1a: Toxapex|Recover|p1a: Toxapex\n|-heal|p1a: Toxapex|216/216\n|\n|upkeep\n|turn|22\n|\n|t:|1771208825\n|switch|p1a: Zapdos|Zapdos, L78|181/268\n|-damage|p1a: Zapdos|114/268|[from] Stealth Rock\n|move|p2a: Mesprit|Thunder Wave|p1a: Zapdos\n|-immune|p1a: Zapdos\n|\n|upkeep\n|turn|23\n|inactive|fy8d6jhego has 120 seconds left.\n|\n|t:|1771208833\n|switch|p2a: Empoleon|Empoleon, L84, F|166/278\n|move|p1a: Zapdos|Roost|p1a: Zapdos\n|-heal|p1a: Zapdos|248/268\n|-singleturn|p1a: Zapdos|move: Roost\n|\n|-heal|p2a: Empoleon|183/278|[from] item: Leftovers\n|upkeep\n|turn|24\n|\n|t:|1771208841\n|move|p1a: Zapdos|Thunderbolt|p2a: Empoleon\n|-supereffective|p2a: Empoleon\n|-damage|p2a: Empoleon|0 fnt\n|faint|p2a: Empoleon\n|\n|upkeep\n|\n|t:|1771208846\n|switch|p2a: Mesprit|Mesprit, L85|218/275\n|turn|25\n|\n|t:|1771208852\n|move|p2a: Mesprit|Psychic Noise|p1a: Zapdos\n|-damage|p1a: Zapdos|157/268\n|-start|p1a: Zapdos|move: Heal Block\n|move|p1a: Zapdos|U-turn|p2a: Mesprit\n|-supereffective|p2a: Mesprit\n|-damage|p2a: Mesprit|146/275\n|\n|t:|1771208868\n|switch|p1a: Bellossom|Bellossom, L84, F|263/263|[from] U-turn\n|-damage|p1a: Bellossom|231/263|[from] Stealth Rock\n|\n|-heal|p1a: Bellossom|247/263|[from] item: Leftovers\n|upkeep\n|turn|26\n|\n|t:|1771208875\n|switch|p2a: Electrode|Electrode, L92|260/260\n|-status|p2a: Electrode|tox\n|move|p1a: Bellossom|Quiver Dance|p1a: Bellossom\n|-boost|p1a: Bellossom|spa|1\n|-boost|p1a: Bellossom|spd|1\n|-boost|p1a: Bellossom|spe|1\n|\n|-heal|p1a: Bellossom|263/263|[from] item: Leftovers\n|-damage|p2a: Electrode|244/260 tox|[from] psn\n|upkeep\n|turn|27\n|inactive|fy8d6jhego has 120 seconds left.\n|\n|t:|1771208899\n|move|p2a: Electrode|Thunder Wave|p1a: Bellossom\n|-status|p1a: Bellossom|par\n|move|p1a: Bellossom|Quiver Dance|p1a: Bellossom\n|-boost|p1a: Bellossom|spa|1\n|-boost|p1a: Bellossom|spd|1\n|-boost|p1a: Bellossom|spe|1\n|\n|-damage|p2a: Electrode|212/260 tox|[from] psn\n|upkeep\n|turn|28\n|\n|t:|1771208907\n|move|p2a: Electrode|Foul Play|p1a: Bellossom\n|-crit|p1a: Bellossom\n|-damage|p1a: Bellossom|169/263 par\n|-damage|p2a: Electrode|186/260 tox|[from] item: Life Orb\n|move|p1a: Bellossom|Quiver Dance|p1a: Bellossom\n|-boost|p1a: Bellossom|spa|1\n|-boost|p1a: Bellossom|spd|1\n|-boost|p1a: Bellossom|spe|1\n|\n|-heal|p1a: Bellossom|185/263 par|[from] item: Leftovers\n|-damage|p2a: Electrode|138/260 tox|[from] psn\n|upkeep\n|turn|29\n|\n|t:|1771208919\n|move|p2a: Electrode|Explosion|p1a: Bellossom\n|-damage|p1a: Bellossom|12/263 par\n|faint|p2a: Electrode\n|move|p1a: Bellossom|Giga Drain|p2: Electrode|[notarget]\n|-fail|p1a: Bellossom\n|\n|-heal|p1a: Bellossom|28/263 par|[from] item: Leftovers\n|upkeep\n|\n|t:|1771208925\n|switch|p2a: Mesprit|Mesprit, L85|146/275\n|turn|30\n|\n|t:|1771208932\n|move|p2a: Mesprit|Psychic Noise|p1a: Bellossom\n|-damage|p1a: Bellossom|0 fnt\n|faint|p1a: Bellossom\n|\n|upkeep\n|\n|t:|1771208942\n|switch|p1a: Squawkabilly|Squawkabilly, L85, F|278/278\n|-damage|p1a: Squawkabilly|209/278|[from] Stealth Rock\n|turn|31\n|inactive|fy8d6jhego has 120 seconds left.\n|\n|t:|1771208969\n|switch|p2a: Spiritomb|Spiritomb, L89, M|206/234 tox\n|-terastallize|p1a: Squawkabilly|Normal\n|move|p1a: Squawkabilly|Facade|p2a: Spiritomb\n|-immune|p2a: Spiritomb\n|\n|-heal|p2a: Spiritomb|220/234 tox|[from] item: Leftovers\n|-damage|p2a: Spiritomb|206/234 tox|[from] psn\n|-status|p1a: Squawkabilly|brn|[from] item: Flame Orb\n|upkeep\n|turn|32\n|inactive|fy8d6jhego has 120 seconds left.\n|\n|t:|1771208983\n|switch|p1a: Toxapex|Toxapex, L82, F|216/216\n|-damage|p1a: Toxapex|189/216|[from] Stealth Rock\n|move|p2a: Spiritomb|Foul Play|p1a: Toxapex\n|-damage|p1a: Toxapex|141/216\n|\n|-heal|p2a: Spiritomb|220/234 tox|[from] item: Leftovers\n|-heal|p1a: Toxapex|154/216|[from] item: Leftovers\n|-damage|p2a: Spiritomb|192/234 tox|[from] psn\n|upkeep\n|turn|33\n|inactive|fy8d6jhego has 120 seconds left.\n|\n|t:|1771208993\n|switch|p2a: Mesprit|Mesprit, L85|146/275\n|move|p1a: Toxapex|Liquidation|p2a: Mesprit\n|-crit|p2a: Mesprit\n|-damage|p2a: Mesprit|65/275\n|\n|-heal|p1a: Toxapex|167/216|[from] item: Leftovers\n|upkeep\n|turn|34\n|inactive|fy8d6jhego has 120 seconds left.\n|\n|t:|1771209017\n|move|p2a: Mesprit|Psychic Noise|p1a: Toxapex\n|-supereffective|p1a: Toxapex\n|-damage|p1a: Toxapex|51/216\n|-start|p1a: Toxapex|move: Heal Block\n|move|p1a: Toxapex|Liquidation|p2a: Mesprit\n|-crit|p2a: Mesprit\n|-damage|p2a: Mesprit|0 fnt\n|faint|p2a: Mesprit\n|\n|upkeep\n|\n|t:|1771209026\n|switch|p2a: Scyther|Scyther, L82, F|249/249\n|turn|35\n|inactive|fy8d6jhego has 120 seconds left.\n|\n|t:|1771209032\n|switch|p1a: Zapdos|Zapdos, L78|157/268\n|-damage|p1a: Zapdos|90/268|[from] Stealth Rock\n|move|p2a: Scyther|Dual Wingbeat|p1a: Zapdos\n|-resisted|p1a: Zapdos\n|-crit|p1a: Zapdos\n|-damage|p1a: Zapdos|37/268\n|-resisted|p1a: Zapdos\n|-damage|p1a: Zapdos|1/268\n|-hitcount|p1a: Zapdos|2\n|\n|upkeep\n|turn|36\n|inactive|fy8d6jhego has 120 seconds left.\n|\n|t:|1771209042\n|move|p2a: Scyther|Dual Wingbeat|p1a: Zapdos\n|-resisted|p1a: Zapdos\n|-damage|p1a: Zapdos|0 fnt\n|faint|p1a: Zapdos\n|-hitcount|p1: Zapdos|1\n|\n|upkeep\n|inactive|fy8d6jhego has 120 seconds left.\n|\n|t:|1771209056\n|switch|p1a: Squawkabilly|Squawkabilly, L85, F, tera:Normal|209/278 brn\n|-damage|p1a: Squawkabilly|175/278 brn|[from] Stealth Rock\n|turn|37\n|inactive|fy8d6jhego has 120 seconds left.\n|\n|t:|1771209072\n|move|p2a: Scyther|Dual Wingbeat|p1a: Squawkabilly\n|-damage|p1a: Squawkabilly|78/278 brn\n|-crit|p1a: Squawkabilly\n|-damage|p1a: Squawkabilly|0 fnt\n|faint|p1a: Squawkabilly\n|-hitcount|p1: Squawkabilly|2\n|\n|upkeep\n|\n|t:|1771209081\n|switch|p1a: Infernape|Infernape, L82, F|227/259\n|-damage|p1a: Infernape|195/259|[from] Stealth Rock\n|turn|38\n|\n|t:|1771209085\n|-terastallize|p2a: Scyther|Fighting\n|move|p1a: Infernape|Flare Blitz|p2a: Scyther\n|-damage|p2a: Scyther|51/249\n|-damage|p1a: Infernape|130/259|[from] Recoil\n|move|p2a: Scyther|Dual Wingbeat|p1a: Infernape\n|-supereffective|p1a: Infernape\n|-damage|p1a: Infernape|0 fnt\n|faint|p1a: Infernape\n|-hitcount|p1: Infernape|1\n|\n|upkeep\n|\n|t:|1771209095\n|switch|p1a: Toxapex|Toxapex, L82, F|123/216\n|-damage|p1a: Toxapex|96/216|[from] Stealth Rock\n|turn|39\n|\n|t:|1771209099\n|move|p2a: Scyther|Dual Wingbeat|p1a: Toxapex\n|-damage|p1a: Toxapex|53/216\n|-damage|p1a: Toxapex|10/216\n|-hitcount|p1a: Toxapex|2\n|move|p1a: Toxapex|Recover|p1a: Toxapex\n|-heal|p1a: Toxapex|118/216\n|\n|-heal|p1a: Toxapex|131/216|[from] item: Leftovers\n|upkeep\n|turn|40\n|\n|t:|1771209108\n|move|p2a: Scyther|Dual Wingbeat|p1a: Toxapex\n|-damage|p1a: Toxapex|85/216\n|-damage|p1a: Toxapex|42/216\n|-hitcount|p1a: Toxapex|2\n|move|p1a: Toxapex|Recover|p1a: Toxapex\n|-heal|p1a: Toxapex|150/216\n|\n|-heal|p1a: Toxapex|163/216|[from] item: Leftovers\n|upkeep\n|turn|41\n|\n|t:|1771209122\n|move|p2a: Scyther|Dual Wingbeat|p1a: Toxapex|[miss]\n|-miss|p2a: Scyther|p1a: Toxapex\n|move|p1a: Toxapex|Liquidation|p2a: Scyther\n|-damage|p2a: Scyther|0 fnt\n|faint|p2a: Scyther\n|\n|-heal|p1a: Toxapex|176/216|[from] item: Leftovers\n|upkeep\n|\n|t:|1771209128\n|switch|p2a: Spiritomb|Spiritomb, L89, M|192/234 tox\n|turn|42\n|\n|t:|1771209134\n|move|p2a: Spiritomb|Poltergeist|p1a: Toxapex\n|-activate|p1a: Toxapex|move: Poltergeist|Leftovers\n|-damage|p1a: Toxapex|89/216\n|move|p1a: Toxapex|Liquidation|p2a: Spiritomb\n|-damage|p2a: Spiritomb|146/234 tox\n|\n|-heal|p2a: Spiritomb|160/234 tox|[from] item: Leftovers\n|-heal|p1a: Toxapex|102/216|[from] item: Leftovers\n|-damage|p2a: Spiritomb|146/234 tox|[from] psn\n|upkeep\n|turn|43\n|\n|t:|1771209144\n|move|p2a: Spiritomb|Poltergeist|p1a: Toxapex\n|-activate|p1a: Toxapex|move: Poltergeist|Leftovers\n|-damage|p1a: Toxapex|23/216\n|move|p1a: Toxapex|Recover|p1a: Toxapex\n|-heal|p1a: Toxapex|131/216\n|\n|-heal|p2a: Spiritomb|160/234 tox|[from] item: Leftovers\n|-heal|p1a: Toxapex|144/216|[from] item: Leftovers\n|-damage|p2a: Spiritomb|132/234 tox|[from] psn\n|upkeep\n|turn|44\n|\n|t:|1771209153\n|move|p2a: Spiritomb|Pain Split|p1a: Toxapex\n|-sethp|p1a: Toxapex|138/216|[from] move: Pain Split|[silent]\n|-sethp|p2a: Spiritomb|138/234 tox|[from] move: Pain Split\n|move|p1a: Toxapex|Recover|p1a: Toxapex\n|-heal|p1a: Toxapex|216/216\n|\n|-heal|p2a: Spiritomb|152/234 tox|[from] item: Leftovers\n|-damage|p2a: Spiritomb|110/234 tox|[from] psn\n|upkeep\n|turn|45\n|\n|t:|1771209163\n|move|p2a: Spiritomb|Pain Split|p1a: Toxapex\n|-sethp|p1a: Toxapex|163/216|[from] move: Pain Split|[silent]\n|-sethp|p2a: Spiritomb|163/234 tox|[from] move: Pain Split\n|move|p1a: Toxapex|Liquidation|p2a: Spiritomb\n|-damage|p2a: Spiritomb|114/234 tox\n|\n|-heal|p2a: Spiritomb|128/234 tox|[from] item: Leftovers\n|-heal|p1a: Toxapex|176/216|[from] item: Leftovers\n|-damage|p2a: Spiritomb|72/234 tox|[from] psn\n|upkeep\n|turn|46\n|-message|incursio1o1 forfeited.\n|\n|win|fy8d6jhego\n|raw|fy8d6jhego's rating: 1616 &rarr; <strong>1636</strong><br />(+20 for winning)\n|raw|incursio1o1's rating: 1617 &rarr; <strong>1597</strong><br />(-20 for losing)\n|l|☆incursio1o1\n|player|p2|\n", "inputlog": ">version 686819e5e19f8a7fd2345cfc5a08a5085efa2cc3\n>start {\"formatid\":\"gen9randombattle\",\"seed\":\"sodium,e9f297b31c108d7b03038bae92b2a67b\",\"rated\":\"Rated battle\"}\n>player p1 {\"name\":\"fy8d6jhego\",\"avatar\":\"scientist-gen4\",\"rating\":1616,\"seed\":\"sodium,c98317fe7af720b270b0dfcc9a99f6c4\"}\n>player p2 {\"name\":\"incursio1o1\",\"avatar\":\"2\",\"rating\":1617,\"seed\":\"sodium,41a8cf99e39ac31f8b8d7ba34707f046\"}\n>p1 switch 2\n>p2 move knockoff\n>p1 move uturn\n>p2 move stealthrock\n>p1 switch 6\n>p1 move trick\n>p2 move thunderwave\n>p1 move triattack\n>p2 switch 3\n>p1 move triattack\n>p2 move sludgewave\n>p2 switch 5\n>p1 switch 3\n>p2 move foulplay\n>p1 move toxicspikes\n>p2 move poltergeist\n>p1 move recover\n>p2 move poltergeist\n>p1 move recover\n>p2 move foulplay\n>p1 move toxicspikes\n>p2 move foulplay\n>p1 move liquidation\n>p2 move poltergeist\n>p1 move recover\n>p2 move foulplay\n>p1 switch 3\n>p2 move foulplay\n>p1 move icebeam\n>p2 move foulplay\n>p1 switch 2\n>p1 move quiverdance\n>p2 move poltergeist\n>p1 move strengthsap\n>p2 move poltergeist\n>p1 move moonblast\n>p2 switch 4\n>p1 move gigadrain\n>p2 move roar\n>p1 move closecombat\n>p2 switch 4\n>p1 switch 3\n>p2 move poltergeist\n>p1 move recover\n>p2 switch 3\n>p1 switch 6\n>p2 move thunderwave\n>p1 move roost\n>p2 switch 4\n>p1 move thunderbolt\n>p2 move roar\n>p2 switch 4\n>p1 move uturn\n>p2 move psychicnoise\n>p1 switch 5\n>p1 move quiverdance\n>p2 switch 6\n>p1 move quiverdance\n>p2 move thunderwave\n>p1 move quiverdance\n>p2 move foulplay\n>p1 move gigadrain\n>p2 move explosion\n>p2 switch 6\n>p1 move gigadrain\n>p2 move psychicnoise\n>p1 switch 4\n>p1 move facade terastallize\n>p2 switch 3\n>p1 switch 6\n>p2 move foulplay\n>p1 move liquidation\n>p2 switch 3\n>p1 move liquidation\n>p2 move psychicnoise\n>p2 switch 2\n>p1 switch 5\n>p2 move dualwingbeat\n>p1 move roost\n>p2 move dualwingbeat\n>p1 switch 6\n>p1 move bravebird\n>p2 move dualwingbeat\n>p1 switch 3\n>p1 move flareblitz\n>p2 move dualwingbeat terastallize\n>p1 switch 5\n>p1 move recover\n>p2 move dualwingbeat\n>p1 move recover\n>p2 move dualwingbeat\n>p1 move liquidation\n>p2 move dualwingbeat\n>p2 switch 3\n>p1 move liquidation\n>p2 move poltergeist\n>p1 move recover\n>p2 move poltergeist\n>p1 move recover\n>p2 move painsplit\n>p1 move liquidation\n>p2 move painsplit\n>forcelose p2", "uploadtime": 1771209178, "views": 8, "formatid": "gen9randombattle", "rating": 1597, "private": 0, "password": null}