{"id": "gen9randombattle-2540209706", "format": "[Gen 9] Random Battle", "players": ["Nyassu", "GamesWrath"], "log": "|j|☆Nyassu\n|j|☆GamesWrath\n|t:|1771176100\n|gametype|singles\n|player|p1|Nyassu|baker|1538\n|player|p2|GamesWrath|170|1500\n|gen|9\n|tier|[Gen 9] Random Battle\n|rated|\n|rule|Species Clause: Limit one of each Pokémon\n|rule|HP Percentage Mod: HP is shown in percentages\n|rule|Sleep Clause Mod: Limit one foe put to sleep\n|rule|Illusion Level Mod: Illusion disguises the Pokémon's true level\n|\n|t:|1771176100\n|teamsize|p1|6\n|teamsize|p2|6\n|start\n|switch|p1a: Mesprit|Mesprit, L85|275/275\n|switch|p2a: Ariados|Ariados, L95, F|287/287\n|turn|1\n|\n|t:|1771176146\n|switch|p2a: Misdreavus|Misdreavus, L90, F|254/254\n|move|p1a: Mesprit|Psychic|p2a: Misdreavus\n|-damage|p2a: Misdreavus|190/254\n|\n|upkeep\n|turn|2\n|inactive|Battle timer is ON: inactive players will automatically lose when time's up. (requested by Nyassu)\n|\n|t:|1771176164\n|switch|p1a: Appletun|Appletun, L92, M|352/352\n|move|p2a: Misdreavus|Calm Mind|p2a: Misdreavus\n|-boost|p2a: Misdreavus|spa|1\n|-boost|p2a: Misdreavus|spd|1\n|\n|upkeep\n|turn|3\n|\n|t:|1771176191\n|move|p2a: Misdreavus|Draining Kiss|p1a: Appletun\n|-supereffective|p1a: Appletun\n|-damage|p1a: Appletun|234/352\n|-heal|p2a: Misdreavus|254/254|[from] drain|[of] p1a: Appletun\n|move|p1a: Appletun|Dragon Tail|p2a: Misdreavus\n|-damage|p2a: Misdreavus|196/254\n|drag|p2a: Meowstic|Meowstic, L89, M|277/277\n|\n|-heal|p1a: Appletun|256/352|[from] item: Leftovers\n|upkeep\n|turn|4\n|\n|t:|1771176215\n|move|p2a: Meowstic|Yawn|p1a: Appletun\n|-start|p1a: Appletun|move: Yawn|[of] p2a: Meowstic\n|move|p1a: Appletun|Dragon Pulse|p2a: Meowstic\n|-damage|p2a: Meowstic|166/277\n|\n|-heal|p2a: Meowstic|183/277|[from] item: Leftovers\n|-heal|p1a: Appletun|278/352|[from] item: Leftovers\n|upkeep\n|turn|5\n|\n|t:|1771176228\n|switch|p1a: Mesprit|Mesprit, L85|275/275\n|move|p2a: Meowstic|Alluring Voice|p1a: Mesprit\n|-damage|p1a: Mesprit|224/275\n|\n|-heal|p2a: Meowstic|200/277|[from] item: Leftovers\n|upkeep\n|turn|6\n|inactive|GamesWrath has 120 seconds left.\n|\n|t:|1771176249\n|move|p2a: Meowstic|Thunder Wave|p1a: Mesprit\n|-status|p1a: Mesprit|par\n|cant|p1a: Mesprit|par\n|\n|-heal|p2a: Meowstic|217/277|[from] item: Leftovers\n|upkeep\n|turn|7\n|\n|t:|1771176259\n|move|p2a: Meowstic|Alluring Voice|p1a: Mesprit\n|-damage|p1a: Mesprit|174/275 par\n|cant|p1a: Mesprit|par\n|\n|-heal|p2a: Meowstic|234/277|[from] item: Leftovers\n|upkeep\n|turn|8\n|\n|t:|1771176264\n|switch|p2a: Ariados|Ariados, L95, F|287/287\n|move|p1a: Mesprit|Thunderbolt|p2a: Ariados\n|-damage|p2a: Ariados|219/287\n|-status|p2a: Ariados|par\n|\n|upkeep\n|turn|9\n|\n|t:|1771176273\n|switch|p1a: Politoed|Politoed, L88, M|302/302\n|-weather|RainDance|[from] ability: Drizzle|[of] p1a: Politoed\n|move|p2a: Ariados|Sticky Web|p1a: Politoed\n|-sidestart|p1: Nyassu|move: Sticky Web\n|\n|-weather|RainDance|[upkeep]\n|upkeep\n|turn|10\n|\n|t:|1771176282\n|switch|p2a: Milotic|Milotic, L83, F|293/293\n|move|p1a: Politoed|Encore||[still]\n|-fail|p1a: Politoed\n|\n|-weather|RainDance|[upkeep]\n|upkeep\n|turn|11\n|\n|t:|1771176290\n|move|p1a: Politoed|Surf|p2a: Milotic\n|-resisted|p2a: Milotic\n|-damage|p2a: Milotic|232/293\n|move|p2a: Milotic|Dragon Tail|p1a: Politoed\n|-damage|p1a: Politoed|268/302\n|drag|p1a: Mesprit|Mesprit, L85|174/275 par\n|\n|-weather|RainDance|[upkeep]\n|-heal|p2a: Milotic|250/293|[from] item: Leftovers\n|upkeep\n|turn|12\n|\n|t:|1771176300\n|move|p1a: Mesprit|Thunderbolt|p2a: Milotic\n|-supereffective|p2a: Milotic\n|-damage|p2a: Milotic|144/293\n|move|p2a: Milotic|Dragon Tail|p1a: Mesprit\n|-damage|p1a: Mesprit|147/275 par\n|drag|p1a: Galvantula|Galvantula, L82, M|249/249\n|\n|-weather|RainDance|[upkeep]\n|-heal|p2a: Milotic|162/293|[from] item: Leftovers\n|upkeep\n|turn|13\n|\n|t:|1771176317\n|move|p1a: Galvantula|Sticky Web|p2a: Milotic\n|-sidestart|p2: GamesWrath|move: Sticky Web\n|move|p2a: Milotic|Scald|p1a: Galvantula\n|-damage|p1a: Galvantula|89/249\n|\n|-weather|none\n|-heal|p2a: Milotic|180/293|[from] item: Leftovers\n|upkeep\n|turn|14\n|inactive|GamesWrath has 120 seconds left.\n|\n|t:|1771176349\n|switch|p2a: Ariados|Ariados, L95, F|219/287 par\n|-activate|p2a: Ariados|move: Sticky Web\n|-unboost|p2a: Ariados|spe|1\n|move|p1a: Galvantula|Thunder|p2a: Ariados\n|-damage|p2a: Ariados|110/287 par\n|\n|upkeep\n|turn|15\n|inactive|GamesWrath has 120 seconds left.\n|inactive|GamesWrath has 90 seconds left.\n|\n|t:|1771176390\n|move|p1a: Galvantula|Thunder|p2a: Ariados\n|-damage|p2a: Ariados|0 fnt\n|faint|p2a: Ariados\n|\n|upkeep\n|inactive|GamesWrath has 90 seconds left.\n|inactive|GamesWrath has 60 seconds left.\n|\n|t:|1771176442\n|switch|p2a: Clefable|Clefable, L83, F|293/293\n|-activate|p2a: Clefable|move: Sticky Web\n|-unboost|p2a: Clefable|spe|1\n|turn|16\n|\n|t:|1771176449\n|move|p1a: Galvantula|Thunder|p2a: Clefable\n|-damage|p2a: Clefable|185/293\n|move|p2a: Clefable|Knock Off|p1a: Galvantula\n|-damage|p1a: Galvantula|16/249\n|-enditem|p1a: Galvantula|Heavy-Duty Boots|[from] move: Knock Off|[of] p2a: Clefable\n|\n|-heal|p2a: Clefable|203/293|[from] item: Leftovers\n|upkeep\n|turn|17\n|inactive|GamesWrath has 60 seconds left.\n|\n|t:|1771176458\n|move|p1a: Galvantula|Bug Buzz|p2a: Clefable\n|-resisted|p2a: Clefable\n|-damage|p2a: Clefable|160/293\n|move|p2a: Clefable|Moonlight|p2a: Clefable\n|-heal|p2a: Clefable|293/293\n|\n|upkeep\n|turn|18\n|\n|t:|1771176465\n|move|p1a: Galvantula|Thunder|p2a: Clefable\n|-damage|p2a: Clefable|178/293\n|move|p2a: Clefable|Moonblast|p1a: Galvantula\n|-damage|p1a: Galvantula|0 fnt\n|faint|p1a: Galvantula\n|\n|-heal|p2a: Clefable|196/293|[from] item: Leftovers\n|upkeep\n|\n|t:|1771176473\n|switch|p1a: Pecharunt|Pecharunt, L77|262/262\n|-activate|p1a: Pecharunt|move: Sticky Web\n|-unboost|p1a: Pecharunt|spe|1\n|turn|19\n|\n|t:|1771176484\n|move|p1a: Pecharunt|Malignant Chain|p2a: Clefable\n|-supereffective|p2a: Clefable\n|-damage|p2a: Clefable|16/293\n|-status|p2a: Clefable|tox\n|-start|p2a: Clefable|confusion|[from] ability: Poison Puppeteer|[of] p1a: Pecharunt\n|-activate|p2a: Clefable|confusion\n|move|p2a: Clefable|Knock Off|p1a: Pecharunt\n|-supereffective|p1a: Pecharunt\n|-damage|p1a: Pecharunt|190/262\n|-damage|p2a: Clefable|0 fnt|[from] item: Rocky Helmet|[of] p1a: Pecharunt\n|faint|p2a: Clefable\n|\n|upkeep\n|inactive|GamesWrath has 60 seconds left.\n|\n|t:|1771176511\n|switch|p2a: Milotic|Milotic, L83, F|180/293\n|-activate|p2a: Milotic|move: Sticky Web\n|-unboost|p2a: Milotic|spe|1\n|-ability|p2a: Milotic|Competitive|boost\n|-boost|p2a: Milotic|spa|2\n|turn|20\n|inactive|GamesWrath has 60 seconds left.\n|\n|t:|1771176534\n|move|p2a: Milotic|Scald|p1a: Pecharunt\n|-damage|p1a: Pecharunt|0 fnt\n|faint|p1a: Pecharunt\n|\n|-heal|p2a: Milotic|198/293|[from] item: Leftovers\n|upkeep\n|\n|t:|1771176544\n|switch|p1a: Mesprit|Mesprit, L85|147/275 par\n|turn|21\n|inactive|GamesWrath has 60 seconds left.\n|inactive|GamesWrath has 30 seconds left.\n|\n|t:|1771176594\n|cant|p1a: Mesprit|par\n|move|p2a: Milotic|Dragon Tail|p1a: Mesprit\n|-damage|p1a: Mesprit|122/275 par\n|drag|p1a: Appletun|Appletun, L92, M|278/352\n|-activate|p1a: Appletun|move: Sticky Web\n|-unboost|p1a: Appletun|spe|1\n|\n|-heal|p2a: Milotic|216/293|[from] item: Leftovers\n|-heal|p1a: Appletun|300/352|[from] item: Leftovers\n|upkeep\n|turn|22\n|inactive|GamesWrath has 30 seconds left.\n|inactive|GamesWrath has 20 seconds left.\n|\n|t:|1771176612\n|move|p1a: Appletun|Apple Acid|p2a: Milotic\n|-supereffective|p2a: Milotic\n|-damage|p2a: Milotic|58/293\n|-unboost|p2a: Milotic|spd|1\n|-ability|p2a: Milotic|Competitive|boost\n|-boost|p2a: Milotic|spa|2\n|move|p2a: Milotic|Dragon Tail|p1a: Appletun\n|-supereffective|p1a: Appletun\n|-damage|p1a: Appletun|246/352\n|drag|p1a: Mesprit|Mesprit, L85|122/275 par\n|\n|-heal|p2a: Milotic|76/293|[from] item: Leftovers\n|upkeep\n|turn|23\n|inactive|GamesWrath has 30 seconds left this turn.\n|\n|t:|1771176618\n|move|p1a: Mesprit|Thunderbolt|p2a: Milotic\n|-supereffective|p2a: Milotic\n|-damage|p2a: Milotic|0 fnt\n|faint|p2a: Milotic\n|\n|upkeep\n|inactive|GamesWrath has 30 seconds left this turn.\n|\n|t:|1771176626\n|switch|p2a: Rabsca|Rabsca, L91, M|284/284\n|turn|24\n|inactive|GamesWrath has 30 seconds left.\n|\n|t:|1771176634\n|move|p1a: Mesprit|Thunderbolt|p2a: Rabsca\n|-damage|p2a: Rabsca|222/284\n|move|p2a: Rabsca|Bug Buzz|p1a: Mesprit\n|-supereffective|p1a: Mesprit\n|-damage|p1a: Mesprit|0 fnt\n|faint|p1a: Mesprit\n|\n|upkeep\n|\n|t:|1771176638\n|switch|p1a: Politoed|Politoed, L88, M|268/302\n|-activate|p1a: Politoed|move: Sticky Web\n|-unboost|p1a: Politoed|spe|1\n|-weather|RainDance|[from] ability: Drizzle|[of] p1a: Politoed\n|turn|25\n|inactive|GamesWrath has 30 seconds left.\n|inactive|GamesWrath has 20 seconds left.\n|inactive|GamesWrath has 15 seconds left.\n|inactive|GamesWrath has 10 seconds left.\n|\n|t:|1771176674\n|move|p2a: Rabsca|Revival Blessing|p2a: Rabsca\n|inactive|GamesWrath has 15 seconds left this turn.\n|\n|t:|1771176676\n|-heal|p2: Milotic|146/293|[from] move: Revival Blessing\n|move|p1a: Politoed|Surf|p2a: Rabsca\n|-damage|p2a: Rabsca|105/284\n|\n|-weather|RainDance|[upkeep]\n|upkeep\n|turn|26\n|inactive|GamesWrath has 25 seconds left this turn.\n|l|☆Nyassu\n|inactive|Nyassu disconnected and has a minute to reconnect!\n|player|p1|\n|j|☆Nyassu\n|inactive|Nyassu reconnected and has 140 seconds left.\n|player|p1|Nyassu|baker|\n|\n|t:|1771176694\n|move|p2a: Rabsca|Recover|p2a: Rabsca\n|-heal|p2a: Rabsca|247/284\n|move|p1a: Politoed|Surf|p2a: Rabsca\n|-damage|p2a: Rabsca|126/284\n|\n|-weather|RainDance|[upkeep]\n|upkeep\n|turn|27\n|inactive|GamesWrath has 30 seconds left.\n|inactive|GamesWrath has 20 seconds left.\n|\n|t:|1771176713\n|move|p2a: Rabsca|Recover|p2a: Rabsca\n|-heal|p2a: Rabsca|268/284\n|move|p1a: Politoed|Encore|p2a: Rabsca\n|-start|p2a: Rabsca|Encore\n|\n|-weather|RainDance|[upkeep]\n|upkeep\n|turn|28\n|inactive|GamesWrath has 30 seconds left this turn.\n|\n|t:|1771176722\n|switch|p2a: Milotic|Milotic, L83, F|146/293\n|-activate|p2a: Milotic|move: Sticky Web\n|-unboost|p2a: Milotic|spe|1\n|-ability|p2a: Milotic|Competitive|boost\n|-boost|p2a: Milotic|spa|2\n|switch|p1a: Appletun|Appletun, L92, M|246/352\n|-activate|p1a: Appletun|move: Sticky Web\n|-unboost|p1a: Appletun|spe|1\n|\n|-weather|RainDance|[upkeep]\n|-heal|p2a: Milotic|164/293|[from] item: Leftovers\n|-heal|p1a: Appletun|268/352|[from] item: Leftovers\n|upkeep\n|turn|29\n|\n|t:|1771176728\n|move|p2a: Milotic|Ice Beam|p1a: Appletun\n|-supereffective|p1a: Appletun\n|-damage|p1a: Appletun|12/352\n|move|p1a: Appletun|Apple Acid|p2a: Milotic\n|-supereffective|p2a: Milotic\n|-damage|p2a: Milotic|0 fnt\n|faint|p2a: Milotic\n|\n|-weather|none\n|-heal|p1a: Appletun|34/352|[from] item: Leftovers\n|upkeep\n|\n|t:|1771176736\n|switch|p2a: Meowstic|Meowstic, L89, M|234/277\n|-activate|p2a: Meowstic|move: Sticky Web\n|-unboost|p2a: Meowstic|spe|1\n|turn|30\n|\n|t:|1771176741\n|move|p2a: Meowstic|Alluring Voice|p1a: Appletun\n|-supereffective|p1a: Appletun\n|-damage|p1a: Appletun|0 fnt\n|faint|p1a: Appletun\n|\n|-heal|p2a: Meowstic|251/277|[from] item: Leftovers\n|upkeep\n|\n|t:|1771176746\n|switch|p1a: Rillaboom|Rillaboom, L79, F|288/288\n|-activate|p1a: Rillaboom|move: Sticky Web\n|-unboost|p1a: Rillaboom|spe|1\n|-fieldstart|move: Grassy Terrain|[from] ability: Grassy Surge|[of] p1a: Rillaboom\n|turn|31\n|\n|t:|1771176760\n|move|p2a: Meowstic|Thunder Wave|p1a: Rillaboom\n|-status|p1a: Rillaboom|par\n|move|p1a: Rillaboom|Swords Dance|p1a: Rillaboom\n|-boost|p1a: Rillaboom|atk|2\n|\n|-heal|p2a: Meowstic|268/277|[from] Grassy Terrain\n|-heal|p2a: Meowstic|277/277|[from] item: Leftovers\n|upkeep\n|turn|32\n|\n|t:|1771176769\n|move|p2a: Meowstic|Alluring Voice|p1a: Rillaboom\n|-crit|p1a: Rillaboom\n|-damage|p1a: Rillaboom|179/288 par\n|move|p1a: Rillaboom|Knock Off|p2a: Meowstic\n|-supereffective|p2a: Meowstic\n|-damage|p2a: Meowstic|0 fnt\n|-enditem|p2a: Meowstic|Leftovers|[from] move: Knock Off|[of] p1a: Rillaboom\n|faint|p2a: Meowstic\n|-damage|p1a: Rillaboom|151/288 par|[from] item: Life Orb\n|\n|-heal|p1a: Rillaboom|169/288 par|[from] Grassy Terrain\n|upkeep\n|\n|t:|1771176777\n|switch|p2a: Rabsca|Rabsca, L91, M|268/284\n|turn|33\n|\n|t:|1771176780\n|move|p2a: Rabsca|Bug Buzz|p1a: Rillaboom\n|-supereffective|p1a: Rillaboom\n|-damage|p1a: Rillaboom|0 fnt\n|faint|p1a: Rillaboom\n|\n|-heal|p2a: Rabsca|284/284|[from] Grassy Terrain\n|upkeep\n|\n|t:|1771176782\n|switch|p1a: Politoed|Politoed, L88, M|268/302\n|-activate|p1a: Politoed|move: Sticky Web\n|-unboost|p1a: Politoed|spe|1\n|-weather|RainDance|[from] ability: Drizzle|[of] p1a: Politoed\n|turn|34\n|\n|t:|1771176786\n|move|p2a: Rabsca|Psychic|p1a: Politoed\n|-damage|p1a: Politoed|148/302\n|move|p1a: Politoed|Surf|p2a: Rabsca\n|-damage|p2a: Rabsca|149/284\n|\n|-weather|RainDance|[upkeep]\n|-heal|p2a: Rabsca|166/284|[from] Grassy Terrain\n|-heal|p1a: Politoed|166/302|[from] Grassy Terrain\n|upkeep\n|turn|35\n|\n|t:|1771176791\n|move|p2a: Rabsca|Psychic|p1a: Politoed\n|-damage|p1a: Politoed|54/302\n|move|p1a: Politoed|Ice Beam|p2a: Rabsca\n|-damage|p2a: Rabsca|109/284\n|\n|-weather|RainDance|[upkeep]\n|-heal|p2a: Rabsca|126/284|[from] Grassy Terrain\n|-heal|p1a: Politoed|72/302|[from] Grassy Terrain\n|-fieldend|move: Grassy Terrain\n|upkeep\n|turn|36\n|\n|t:|1771176801\n|move|p2a: Rabsca|Psychic|p1a: Politoed\n|-damage|p1a: Politoed|0 fnt\n|faint|p1a: Politoed\n|\n|win|GamesWrath\n|raw|Nyassu's rating: 1538 &rarr; <strong>1516</strong><br />(-22 for losing)\n|raw|GamesWrath's rating: 1500 &rarr; <strong>1522</strong><br />(+22 for winning)\n|l|☆Nyassu\n|player|p1|\n", "inputlog": ">version 686819e5e19f8a7fd2345cfc5a08a5085efa2cc3\n>start {\"formatid\":\"gen9randombattle\",\"seed\":\"sodium,c0079c5a0abf1605cddf40163140cdf9\",\"rated\":\"Rated battle\"}\n>player p1 {\"name\":\"Nyassu\",\"avatar\":\"baker\",\"rating\":1538,\"seed\":\"sodium,368e834613ad833e2c10d65f57bff937\"}\n>player p2 {\"name\":\"GamesWrath\",\"avatar\":\"170\",\"rating\":1500,\"seed\":\"sodium,ed5343a3034eb697d22b5a7572c828aa\"}\n>p1 move psychic\n>p2 switch 4\n>p1 switch 6\n>p2 move calmmind\n>p1 move dragontail\n>p2 move drainingkiss\n>p1 move dragonpulse\n>p2 move yawn\n>p1 switch 6\n>p2 move alluringvoice\n>p1 move thunderbolt\n>p2 move thunderwave\n>p1 move thunderbolt\n>p2 move alluringvoice\n>p1 move thunderbolt\n>p2 switch 4\n>p1 switch 3\n>p2 move stickyweb\n>p1 move encore\n>p2 switch 5\n>p1 move surf\n>p2 move dragontail\n>p1 move thunderbolt\n>p2 move dragontail\n>p1 move stickyweb\n>p2 move scald\n>p1 move thunder\n>p2 switch 5\n>p1 move thunder\n>p2 move megahorn\n>p2 switch 6\n>p1 move thunder\n>p2 move knockoff\n>p1 move bugbuzz\n>p2 move moonlight\n>p1 move thunder\n>p2 move moonblast\n>p1 switch 2\n>p1 move malignantchain\n>p2 move knockoff\n>p2 switch 5\n>p1 move partingshot\n>p2 move scald\n>p1 switch 4\n>p1 move thunderbolt\n>p2 move dragontail\n>p1 move appleacid\n>p2 move dragontail\n>p1 move thunderbolt\n>p2 move scald\n>p2 switch 2\n>p1 move thunderbolt\n>p2 move bugbuzz\n>p1 switch 3\n>p1 move surf\n>p2 move revivalblessing\n>p2 switch 2\n>p1 move surf\n>p2 move recover\n>p1 move encore\n>p2 move recover\n>p1 switch 6\n>p2 switch 2\n>p1 move appleacid\n>p2 move icebeam\n>p2 switch 4\n>p1 move recover\n>p2 move alluringvoice\n>p1 switch 5\n>p1 move swordsdance\n>p2 move thunderwave\n>p1 move knockoff\n>p2 move alluringvoice\n>p2 switch 2\n>p1 move knockoff\n>p2 move bugbuzz\n>p1 switch 6\n>p1 move surf\n>p2 move psychic\n>p1 move icebeam\n>p2 move psychic\n>p1 move rest\n>p2 move psychic", "uploadtime": 1771176805, "views": 9, "formatid": "gen9randombattle", "rating": 1516, "private": 0, "password": null}