{"id": "gen9randombattle-2540091962", "format": "[Gen 9] Random Battle", "players": ["AlIoutdragadarts", "dandetheheartless"], "log": "|j|☆AlIoutdragadarts\n|j|☆dandetheheartless\n|t:|1771160396\n|gametype|singles\n|player|p1|AlIoutdragadarts|schoolkid|2192\n|player|p2|dandetheheartless|winona|2023\n|gen|9\n|tier|[Gen 9] Random Battle\n|rated|\n|rule|Species Clause: Limit one of each Pokémon\n|rule|HP Percentage Mod: HP is shown in percentages\n|rule|Sleep Clause Mod: Limit one foe put to sleep\n|rule|Illusion Level Mod: Illusion disguises the Pokémon's true level\n|\n|t:|1771160396\n|teamsize|p1|6\n|teamsize|p2|6\n|start\n|switch|p1a: Grumpig|Grumpig, L92, F|297/297\n|switch|p2a: Solgaleo|Solgaleo, L74|325/325\n|turn|1\n|inactive|Battle timer is ON: inactive players will automatically lose when time's up. (requested by dandetheheartless)\n|inactive|AlIoutdragadarts has 120 seconds left.\n|\n|t:|1771160434\n|move|p1a: Grumpig|Earth Power|p2a: Solgaleo\n|-supereffective|p2a: Solgaleo\n|-damage|p2a: Solgaleo|75/325\n|move|p2a: Solgaleo|Knock Off|p1a: Grumpig\n|-supereffective|p1a: Grumpig\n|-damage|p1a: Grumpig|143/297\n|-enditem|p1a: Grumpig|Choice Specs|[from] move: Knock Off|[of] p2a: Solgaleo\n|\n|upkeep\n|turn|2\n|\n|t:|1771160447\n|move|p1a: Grumpig|Shadow Ball|p2a: Solgaleo\n|-supereffective|p2a: Solgaleo\n|-damage|p2a: Solgaleo|0 fnt\n|faint|p2a: Solgaleo\n|\n|upkeep\n|\n|t:|1771160451\n|switch|p2a: Wigglytuff|Wigglytuff, L96, M|424/424\n|turn|3\n|\n|t:|1771160462\n|switch|p1a: Sandslash|Sandslash-Alola, L88, F|275/275\n|move|p2a: Wigglytuff|Dazzling Gleam|p1a: Sandslash\n|-resisted|p1a: Sandslash\n|-damage|p1a: Sandslash|219/275\n|\n|-heal|p1a: Sandslash|236/275|[from] item: Leftovers\n|upkeep\n|turn|4\n|\n|t:|1771160479\n|switch|p2a: Quaquaval|Quaquaval, L79, F|264/264\n|move|p1a: Sandslash|Spikes|p2a: Quaquaval\n|-sidestart|p2: dandetheheartless|Spikes\n|\n|-heal|p1a: Sandslash|253/275|[from] item: Leftovers\n|upkeep\n|turn|5\n|\n|t:|1771160487\n|switch|p1a: Cresselia|Cresselia, L80, F|323/323\n|move|p2a: Quaquaval|Aqua Step|p1a: Cresselia\n|-damage|p1a: Cresselia|216/323\n|-boost|p2a: Quaquaval|spe|1\n|-damage|p2a: Quaquaval|238/264|[from] item: Life Orb\n|\n|-heal|p1a: Cresselia|236/323|[from] item: Leftovers\n|upkeep\n|turn|6\n|\n|t:|1771160498\n|move|p2a: Quaquaval|Knock Off|p1a: Cresselia\n|-supereffective|p1a: Cresselia\n|-damage|p1a: Cresselia|70/323\n|-enditem|p1a: Cresselia|Leftovers|[from] move: Knock Off|[of] p2a: Quaquaval\n|-damage|p2a: Quaquaval|212/264|[from] item: Life Orb\n|move|p1a: Cresselia|Psyshock|p2a: Quaquaval\n|-supereffective|p2a: Quaquaval\n|-damage|p2a: Quaquaval|66/264\n|\n|upkeep\n|turn|7\n|j| YuCosMos\n|\n|t:|1771160519\n|switch|p1a: Quaquaval|Quaquaval, L79, F|264/264\n|move|p2a: Quaquaval|Aqua Step|p1a: Quaquaval\n|-resisted|p1a: Quaquaval\n|-damage|p1a: Quaquaval|196/264\n|-boost|p2a: Quaquaval|spe|1\n|-damage|p2a: Quaquaval|40/264|[from] item: Life Orb\n|\n|-heal|p1a: Quaquaval|212/264|[from] item: Leftovers\n|upkeep\n|turn|8\n|\n|t:|1771160530\n|move|p2a: Quaquaval|Close Combat|p1a: Quaquaval\n|-damage|p1a: Quaquaval|31/264\n|-unboost|p2a: Quaquaval|def|1\n|-unboost|p2a: Quaquaval|spd|1\n|-damage|p2a: Quaquaval|14/264|[from] item: Life Orb\n|move|p1a: Quaquaval|Aqua Step|p2a: Quaquaval\n|-resisted|p2a: Quaquaval\n|-damage|p2a: Quaquaval|0 fnt\n|-boost|p1a: Quaquaval|spe|1\n|faint|p2a: Quaquaval\n|-ability|p1a: Quaquaval|Moxie|boost\n|-boost|p1a: Quaquaval|atk|1\n|\n|-heal|p1a: Quaquaval|47/264|[from] item: Leftovers\n|upkeep\n|\n|t:|1771160537\n|switch|p2a: Reuniclus|Reuniclus, L88, F|337/337\n|turn|9\n|\n|t:|1771160541\n|move|p1a: Quaquaval|Aqua Step|p2a: Reuniclus\n|-damage|p2a: Reuniclus|204/337\n|-boost|p1a: Quaquaval|spe|1\n|move|p2a: Reuniclus|Psyshock|p1a: Quaquaval\n|-supereffective|p1a: Quaquaval\n|-damage|p1a: Quaquaval|0 fnt\n|faint|p1a: Quaquaval\n|\n|upkeep\n|\n|t:|1771160549\n|switch|p1a: Dunsparce|Dunsparce, L86, M|312/312\n|turn|10\n|\n|t:|1771160553\n|move|p1a: Dunsparce|Body Slam|p2a: Reuniclus\n|-damage|p2a: Reuniclus|120/337\n|-status|p2a: Reuniclus|par\n|move|p2a: Reuniclus|Focus Blast|p1a: Dunsparce\n|-supereffective|p1a: Dunsparce\n|-damage|p1a: Dunsparce|62/312\n|\n|upkeep\n|turn|11\n|\n|t:|1771160563\n|move|p1a: Dunsparce|Coil|p1a: Dunsparce\n|-boost|p1a: Dunsparce|atk|1\n|-boost|p1a: Dunsparce|def|1\n|-boost|p1a: Dunsparce|accuracy|1\n|cant|p2a: Reuniclus|par\n|\n|upkeep\n|turn|12\n|\n|t:|1771160564\n|move|p1a: Dunsparce|Body Slam|p2a: Reuniclus\n|-damage|p2a: Reuniclus|0 fnt\n|faint|p2a: Reuniclus\n|\n|upkeep\n|\n|t:|1771160573\n|switch|p2a: Wigglytuff|Wigglytuff, L96, M|424/424\n|-damage|p2a: Wigglytuff|371/424|[from] Spikes\n|turn|13\n|\n|t:|1771160578\n|move|p2a: Wigglytuff|Dazzling Gleam|p1a: Dunsparce\n|-damage|p1a: Dunsparce|0 fnt\n|faint|p1a: Dunsparce\n|\n|-heal|p2a: Wigglytuff|397/424|[from] item: Leftovers\n|upkeep\n|\n|t:|1771160582\n|switch|p1a: Sandslash|Sandslash-Alola, L88, F|253/275\n|turn|14\n|\n|t:|1771160593\n|switch|p2a: Kingdra|Kingdra, L84, M|263/263\n|-damage|p2a: Kingdra|231/263|[from] Spikes\n|move|p1a: Sandslash|Iron Head|p2a: Kingdra\n|-resisted|p2a: Kingdra\n|-damage|p2a: Kingdra|188/263\n|\n|-heal|p1a: Sandslash|270/275|[from] item: Leftovers\n|upkeep\n|turn|15\n|\n|t:|1771160612\n|move|p2a: Kingdra|Rain Dance|p2a: Kingdra\n|-weather|RainDance\n|move|p1a: Sandslash|Triple Axel|p2a: Kingdra\n|-damage|p2a: Kingdra|163/263\n|-damage|p2a: Kingdra|120/263\n|-damage|p2a: Kingdra|56/263\n|-hitcount|p2a: Kingdra|3\n|\n|-weather|RainDance|[upkeep]\n|-heal|p1a: Sandslash|275/275|[from] item: Leftovers\n|upkeep\n|turn|16\n|\n|t:|1771160620\n|switch|p1a: Cresselia|Cresselia, L80, F|70/323\n|move|p2a: Kingdra|Wave Crash|p1a: Cresselia\n|-damage|p1a: Cresselia|0 fnt\n|faint|p1a: Cresselia\n|-damage|p2a: Kingdra|33/263|[from] Recoil\n|-damage|p2a: Kingdra|7/263|[from] item: Life Orb\n|\n|-weather|RainDance|[upkeep]\n|upkeep\n|\n|t:|1771160623\n|switch|p1a: Grumpig|Grumpig, L92, F|143/297\n|turn|17\n|\n|t:|1771160627\n|move|p2a: Kingdra|Draco Meteor|p1a: Grumpig\n|-damage|p1a: Grumpig|0 fnt\n|-unboost|p2a: Kingdra|spa|2\n|faint|p1a: Grumpig\n|-damage|p2a: Kingdra|0 fnt|[from] item: Life Orb\n|faint|p2a: Kingdra\n|\n|-weather|RainDance|[upkeep]\n|upkeep\n|l| YuCosMos\n|\n|t:|1771160633\n|switch|p1a: Regirock|Regirock, L83|268/268\n|switch|p2a: Bastiodon|Bastiodon, L89, M|252/252\n|-damage|p2a: Bastiodon|221/252|[from] Spikes\n|turn|18\n|\n|t:|1771160640\n|-terastallize|p2a: Bastiodon|Fighting\n|move|p1a: Regirock|Body Press|p2a: Bastiodon\n|-damage|p2a: Bastiodon|163/252\n|move|p2a: Bastiodon|Iron Defense|p2a: Bastiodon\n|-boost|p2a: Bastiodon|def|2\n|\n|-weather|RainDance|[upkeep]\n|upkeep\n|turn|19\n|\n|t:|1771160645\n|-terastallize|p1a: Regirock|Fighting\n|move|p1a: Regirock|Iron Defense|p1a: Regirock\n|-boost|p1a: Regirock|def|2\n|move|p2a: Bastiodon|Body Press|p1a: Regirock\n|-damage|p1a: Regirock|196/268\n|\n|-weather|none\n|upkeep\n|turn|20\n|\n|t:|1771160652\n|move|p1a: Regirock|Body Press|p2a: Bastiodon\n|-damage|p2a: Bastiodon|78/252\n|move|p2a: Bastiodon|Iron Defense|p2a: Bastiodon\n|-boost|p2a: Bastiodon|def|2\n|\n|upkeep\n|turn|21\n|\n|t:|1771160658\n|move|p1a: Regirock|Iron Defense|p1a: Regirock\n|-boost|p1a: Regirock|def|2\n|move|p2a: Bastiodon|Rest|p2a: Bastiodon\n|-status|p2a: Bastiodon|slp|[from] move: Rest\n|-heal|p2a: Bastiodon|252/252 slp|[silent]\n|-enditem|p2a: Bastiodon|Chesto Berry|[eat]\n|-curestatus|p2a: Bastiodon|slp|[msg]\n|\n|upkeep\n|turn|22\n|\n|t:|1771160660\n|move|p1a: Regirock|Iron Defense|p1a: Regirock\n|-boost|p1a: Regirock|def|2\n|move|p2a: Bastiodon|Iron Defense|p2a: Bastiodon\n|-boost|p2a: Bastiodon|def|2\n|\n|upkeep\n|turn|23\n|\n|t:|1771160663\n|move|p1a: Regirock|Body Press|p2a: Bastiodon\n|-damage|p2a: Bastiodon|167/252\n|move|p2a: Bastiodon|Body Press|p1a: Regirock\n|-damage|p1a: Regirock|117/268\n|\n|upkeep\n|turn|24\n|\n|t:|1771160669\n|move|p1a: Regirock|Body Press|p2a: Bastiodon\n|-damage|p2a: Bastiodon|85/252\n|move|p2a: Bastiodon|Body Press|p1a: Regirock\n|-damage|p1a: Regirock|33/268\n|\n|upkeep\n|turn|25\n|\n|t:|1771160676\n|move|p1a: Regirock|Body Press|p2a: Bastiodon\n|-damage|p2a: Bastiodon|0 fnt\n|faint|p2a: Bastiodon\n|\n|upkeep\n|\n|t:|1771160680\n|switch|p2a: Wigglytuff|Wigglytuff, L96, M|397/424\n|-damage|p2a: Wigglytuff|344/424|[from] Spikes\n|turn|26\n|\n|t:|1771160685\n|move|p2a: Wigglytuff|Dazzling Gleam|p1a: Regirock\n|-supereffective|p1a: Regirock\n|-damage|p1a: Regirock|0 fnt\n|faint|p1a: Regirock\n|\n|-heal|p2a: Wigglytuff|370/424|[from] item: Leftovers\n|upkeep\n|\n|t:|1771160689\n|switch|p1a: Sandslash|Sandslash-Alola, L88, F|275/275\n|turn|27\n|\n|t:|1771160691\n|move|p1a: Sandslash|Iron Head|p2a: Wigglytuff\n|-supereffective|p2a: Wigglytuff\n|-damage|p2a: Wigglytuff|94/424\n|move|p2a: Wigglytuff|Knock Off|p1a: Sandslash\n|-damage|p1a: Sandslash|219/275\n|-enditem|p1a: Sandslash|Leftovers|[from] move: Knock Off|[of] p2a: Wigglytuff\n|\n|-heal|p2a: Wigglytuff|120/424|[from] item: Leftovers\n|upkeep\n|turn|28\n|-message|dandetheheartless forfeited.\n|\n|win|AlIoutdragadarts\n|raw|AlIoutdragadarts's rating: 2192 &rarr; <strong>2203</strong><br />(+11 for winning)\n|raw|dandetheheartless's rating: 2023 &rarr; <strong>2012</strong><br />(-11 for losing)\n|l|☆dandetheheartless\n|player|p2|\n", "inputlog": ">version 686819e5e19f8a7fd2345cfc5a08a5085efa2cc3\n>start {\"formatid\":\"gen9randombattle\",\"seed\":\"sodium,03a83382896d12836a208d21cd3620a2\",\"rated\":\"Rated battle\"}\n>player p1 {\"name\":\"AlIoutdragadarts\",\"avatar\":\"schoolkid\",\"rating\":2192,\"seed\":\"sodium,d7fc6c1765b15066721990f5c98f09d7\"}\n>player p2 {\"name\":\"dandetheheartless\",\"avatar\":\"winona\",\"rating\":2023,\"seed\":\"sodium,59343923eec43d5fa14506a2433ff342\"}\n>p1 move earthpower\n>p2 move knockoff\n>p1 move shadowball\n>p2 move sunsteelstrike\n>p2 switch 2\n>p1 switch 5\n>p2 move dazzlinggleam\n>p1 move spikes\n>p2 switch 6\n>p1 switch 3\n>p2 move aquastep\n>p1 move psyshock\n>p2 move knockoff\n>p1 switch 4\n>p2 move aquastep\n>p1 move aquastep\n>p2 move closecombat\n>p2 switch 3\n>p1 move aquastep\n>p2 move psyshock\n>p1 switch 2\n>p1 move bodyslam\n>p2 move focusblast\n>p1 move coil\n>p2 move recover\n>p1 move bodyslam\n>p2 move focusblast\n>p2 switch 6\n>p1 move bodyslam\n>p2 move dazzlinggleam\n>p1 switch 3\n>p1 move ironhead\n>p2 switch 5\n>p1 move tripleaxel\n>p2 move raindance\n>p1 switch 4\n>p2 move wavecrash\n>p1 switch 5\n>p1 move psyshock\n>p2 move dracometeor\n>p1 switch 6\n>p2 switch 4\n>p1 move bodypress\n>p2 move irondefense terastallize\n>p1 move irondefense terastallize\n>p2 move bodypress\n>p1 move bodypress\n>p2 move irondefense\n>p1 move irondefense\n>p2 move rest\n>p1 move irondefense\n>p2 move irondefense\n>p1 move bodypress\n>p2 move bodypress\n>p1 move bodypress\n>p2 move bodypress\n>p1 move bodypress\n>p2 move rest\n>p2 switch 5\n>p1 move bodypress\n>p2 move dazzlinggleam\n>p1 switch 4\n>p1 move ironhead\n>p2 move knockoff\n>forcelose p2", "uploadtime": 1771160701, "views": 16, "formatid": "gen9randombattle", "rating": 2012, "private": 0, "password": null}