{"id": "gen9randombattle-2540207515", "format": "[Gen 9] Random Battle", "players": ["SquidRoundpants", "galettejambon"], "log": "|j|☆SquidRoundpants\n|j|☆galettejambon\n|t:|1771175846\n|gametype|singles\n|player|p1|SquidRoundpants|leon|1642\n|player|p2|galettejambon|ghetsis|1662\n|gen|9\n|tier|[Gen 9] Random Battle\n|rated|\n|rule|Species Clause: Limit one of each Pokémon\n|rule|HP Percentage Mod: HP is shown in percentages\n|rule|Sleep Clause Mod: Limit one foe put to sleep\n|rule|Illusion Level Mod: Illusion disguises the Pokémon's true level\n|\n|t:|1771175846\n|teamsize|p1|6\n|teamsize|p2|6\n|start\n|switch|p1a: Toxapex|Toxapex, L82, F|216/216\n|switch|p2a: Arboliva|Arboliva, L91, F|288/288\n|turn|1\n|inactive|Battle timer is ON: inactive players will automatically lose when time's up. (requested by SquidRoundpants)\n|\n|t:|1771175858\n|move|p2a: Arboliva|Substitute|p2a: Arboliva\n|-start|p2a: Arboliva|Substitute\n|-damage|p2a: Arboliva|216/288\n|move|p1a: Toxapex|Toxic Spikes|p2a: Arboliva\n|-sidestart|p2: galettejambon|move: Toxic Spikes\n|\n|upkeep\n|turn|2\n|\n|t:|1771175870\n|move|p2a: Arboliva|Leech Seed|p1a: Toxapex\n|-start|p1a: Toxapex|move: Leech Seed\n|move|p1a: Toxapex|Toxic Spikes|p2a: Arboliva\n|-sidestart|p2: galettejambon|move: Toxic Spikes\n|\n|-damage|p1a: Toxapex|189/216|[from] Leech Seed|[of] p2a: Arboliva\n|-heal|p2a: Arboliva|243/288|[silent]\n|upkeep\n|turn|3\n|\n|t:|1771175885\n|switch|p1a: Dachsbun|Dachsbun, L92, M|219/219\n|move|p2a: Arboliva|Hyper Voice|p1a: Dachsbun\n|-immune|p1a: Dachsbun\n|\n|upkeep\n|turn|4\n|\n|t:|1771175894\n|move|p1a: Dachsbun|Hyper Voice|p2a: Arboliva\n|-damage|p2a: Arboliva|126/288\n|-enditem|p2a: Arboliva|Sitrus Berry|[eat]\n|-heal|p2a: Arboliva|198/288|[from] item: Sitrus Berry\n|-damage|p1a: Dachsbun|198/219|[from] item: Life Orb\n|move|p2a: Arboliva|Leech Seed|p1a: Dachsbun\n|-start|p1a: Dachsbun|move: Leech Seed\n|\n|-damage|p1a: Dachsbun|171/219|[from] Leech Seed|[of] p2a: Arboliva\n|-heal|p2a: Arboliva|225/288|[silent]\n|upkeep\n|turn|5\n|\n|t:|1771175905\n|switch|p1a: Dachsbun|Dachsbun, L92, M|254/254\n|move|p2a: Arboliva|Protect||[still]\n|-fail|p2a: Arboliva\n|\n|-item|p2a: Arboliva|Sitrus Berry|[from] ability: Harvest\n|upkeep\n|turn|6\n|\n|t:|1771175907\n|move|p1a: Dachsbun|Yawn||[still]\n|-fail|p1a: Dachsbun\n|move|p2a: Arboliva|Leech Seed|p1a: Dachsbun\n|-start|p1a: Dachsbun|move: Leech Seed\n|\n|-damage|p1a: Dachsbun|223/254|[from] Leech Seed|[of] p2a: Arboliva\n|-heal|p2a: Arboliva|256/288|[silent]\n|upkeep\n|turn|7\n|\n|t:|1771175914\n|move|p1a: Dachsbun|Wish|p1a: Dachsbun\n|move|p2a: Arboliva|Leech Seed||[still]\n|-fail|p2a: Arboliva\n|\n|-heal|p1a: Dachsbun|238/254|[from] item: Leftovers\n|-damage|p1a: Dachsbun|207/254|[from] Leech Seed|[of] p2a: Arboliva\n|-heal|p2a: Arboliva|287/288|[silent]\n|upkeep\n|turn|8\n|\n|t:|1771175918\n|switch|p1a: Dachsbun|Dachsbun, L92, M|171/219\n|move|p2a: Arboliva|Leech Seed|p1a: Dachsbun\n|-start|p1a: Dachsbun|move: Leech Seed\n|\n|-heal|p1a: Dachsbun|219/219|[from] move: Wish|[wisher] Dachsbun\n|-damage|p1a: Dachsbun|192/219|[from] Leech Seed|[of] p2a: Arboliva\n|-heal|p2a: Arboliva|288/288|[silent]\n|upkeep\n|turn|9\n|\n|t:|1771175926\n|switch|p1a: Dachsbun|Dachsbun, L92, M|207/254\n|move|p2a: Arboliva|Protect||[still]\n|-fail|p2a: Arboliva\n|\n|-heal|p1a: Dachsbun|222/254|[from] item: Leftovers\n|upkeep\n|turn|10\n|\n|t:|1771175929\n|move|p1a: Dachsbun|Wish|p1a: Dachsbun\n|move|p2a: Arboliva|Hyper Voice|p1a: Dachsbun\n|-damage|p1a: Dachsbun|87/254\n|\n|-heal|p1a: Dachsbun|102/254|[from] item: Leftovers\n|upkeep\n|turn|11\n|\n|t:|1771175935\n|move|p1a: Dachsbun|Protect|p1a: Dachsbun\n|-singleturn|p1a: Dachsbun|Protect\n|move|p2a: Arboliva|Hyper Voice|p1a: Dachsbun\n|-activate|p1a: Dachsbun|move: Protect\n|\n|-heal|p1a: Dachsbun|229/254|[from] move: Wish|[wisher] Dachsbun\n|-heal|p1a: Dachsbun|244/254|[from] item: Leftovers\n|upkeep\n|turn|12\n|\n|t:|1771175941\n|switch|p2a: Umbreon|Umbreon, L84, M|297/297\n|-status|p2a: Umbreon|tox\n|move|p1a: Dachsbun|Wish|p1a: Dachsbun\n|\n|-heal|p1a: Dachsbun|254/254|[from] item: Leftovers\n|-damage|p2a: Umbreon|279/297 tox|[from] psn\n|upkeep\n|turn|13\n|\n|t:|1771175949\n|-terastallize|p1a: Dachsbun|Steel\n|move|p1a: Dachsbun|Play Rough|p2a: Umbreon\n|-supereffective|p2a: Umbreon\n|-damage|p2a: Umbreon|111/297 tox\n|move|p2a: Umbreon|Toxic|p1a: Dachsbun\n|-immune|p1a: Dachsbun\n|\n|-heal|p2a: Umbreon|129/297 tox|[from] item: Leftovers\n|-damage|p2a: Umbreon|93/297 tox|[from] psn\n|upkeep\n|turn|14\n|-message|galettejambon forfeited.\n|\n|win|SquidRoundpants\n|raw|SquidRoundpants's rating: 1642 &rarr; <strong>1663</strong><br />(+21 for winning)\n|raw|galettejambon's rating: 1662 &rarr; <strong>1641</strong><br />(-21 for losing)\n|l|☆galettejambon\n|player|p2|\n", "inputlog": ">version 686819e5e19f8a7fd2345cfc5a08a5085efa2cc3\n>start {\"formatid\":\"gen9randombattle\",\"seed\":\"sodium,29a666d578082177076278ea0d7c091a\",\"rated\":\"Rated battle\"}\n>player p1 {\"name\":\"SquidRoundpants\",\"avatar\":\"leon\",\"rating\":1642,\"seed\":\"sodium,95b2ca6e83a254e7f8d9b1cd6d33d85f\"}\n>player p2 {\"name\":\"galettejambon\",\"avatar\":\"ghetsis\",\"rating\":1662,\"seed\":\"sodium,c8ba5bbd74eea356637d8ee9e6af13cc\"}\n>p1 move toxicspikes\n>p2 move substitute\n>p1 move toxicspikes\n>p2 move leechseed\n>p1 switch 3\n>p2 move hypervoice\n>p1 move hypervoice\n>p2 move leechseed\n>p1 switch 6\n>p2 move protect\n>p1 move yawn\n>p2 move leechseed\n>p1 move wish\n>p2 move leechseed\n>p1 switch 6\n>p2 move leechseed\n>p1 switch 6\n>p2 move protect\n>p1 move wish\n>p2 move hypervoice\n>p1 move protect\n>p2 move hypervoice\n>p1 move wish\n>p2 switch 6\n>p1 move playrough terastallize\n>p2 move toxic\n>forcelose p2", "uploadtime": 1771175963, "views": 10, "formatid": "gen9randombattle", "rating": 1641, "private": 0, "password": null}