{"id": "gen9randombattle-2539962967", "format": "[Gen 9] Random Battle", "players": ["PokemonPat2rick", "ROCK ROSE"], "log": "|j|☆PokemonPat2rick\n|j|☆ROCK ROSE\n|t:|1771134286\n|gametype|singles\n|player|p1|PokemonPat2rick|101|1618\n|player|p2|ROCK ROSE|maid|1663\n|gen|9\n|tier|[Gen 9] Random Battle\n|rated|\n|rule|Species Clause: Limit one of each Pokémon\n|rule|HP Percentage Mod: HP is shown in percentages\n|rule|Sleep Clause Mod: Limit one foe put to sleep\n|rule|Illusion Level Mod: Illusion disguises the Pokémon's true level\n|\n|t:|1771134286\n|teamsize|p1|6\n|teamsize|p2|6\n|start\n|switch|p1a: Rotom|Rotom-Frost, L87|229/229\n|switch|p2a: Dusknoir|Dusknoir, L89, M|225/225\n|-item|p1a: Rotom|Heavy-Duty Boots|[from] ability: Frisk|[of] p2a: Dusknoir\n|turn|1\n|inactive|Battle timer is ON: inactive players will automatically lose when time's up. (requested by PokemonPat2rick)\n|\n|t:|1771134317\n|move|p1a: Rotom|Will-O-Wisp|p2a: Dusknoir\n|-status|p2a: Dusknoir|brn\n|move|p2a: Dusknoir|Poltergeist|p1a: Rotom\n|-activate|p1a: Rotom|move: Poltergeist|Heavy-Duty Boots\n|-damage|p1a: Rotom|146/229\n|\n|-damage|p2a: Dusknoir|211/225 brn|[from] brn\n|upkeep\n|turn|2\n|\n|t:|1771134334\n|switch|p2a: Kilowattrel|Kilowattrel, L83, M|252/252\n|move|p1a: Rotom|Volt Switch|p2a: Kilowattrel\n|-immune|p2a: Kilowattrel|[from] ability: Volt Absorb\n|\n|upkeep\n|turn|3\n|inactive|ROCK ROSE has 120 seconds left.\n|\n|t:|1771134364\n|move|p2a: Kilowattrel|U-turn|p1a: Rotom\n|-damage|p1a: Rotom|116/229\n|\n|t:|1771134367\n|switch|p2a: Gholdengo|Gholdengo, L77|261/261|[from] U-turn\n|move|p1a: Rotom|Blizzard|p2a: Gholdengo\n|-resisted|p2a: Gholdengo\n|-damage|p2a: Gholdengo|196/261\n|\n|-heal|p2a: Gholdengo|212/261|[from] item: Leftovers\n|upkeep\n|turn|4\n|inactive|ROCK ROSE has 120 seconds left.\n|\n|t:|1771134378\n|move|p1a: Rotom|Volt Switch|p2a: Gholdengo\n|-damage|p2a: Gholdengo|127/261\n|\n|t:|1771134392\n|switch|p1a: Muk|Muk, L86, F|321/321|[from] Volt Switch\n|move|p2a: Gholdengo|Shadow Ball|p1a: Muk\n|-damage|p1a: Muk|267/321\n|\n|-heal|p2a: Gholdengo|143/261|[from] item: Leftovers\n|upkeep\n|turn|5\n|inactive|ROCK ROSE has 120 seconds left.\n|\n|t:|1771134409\n|switch|p2a: Magearna|Magearna-Original, L77|250/250\n|move|p1a: Muk|Knock Off|p2a: Magearna\n|-resisted|p2a: Magearna\n|-damage|p2a: Magearna|218/250\n|-enditem|p2a: Magearna|Weakness Policy|[from] move: Knock Off|[of] p1a: Muk\n|\n|upkeep\n|turn|6\n|inactive|ROCK ROSE has 120 seconds left.\n|\n|t:|1771134433\n|switch|p1a: Rotom|Rotom-Frost, L87|116/229\n|move|p2a: Magearna|Shift Gear|p2a: Magearna\n|-boost|p2a: Magearna|spe|2\n|-boost|p2a: Magearna|atk|1\n|\n|upkeep\n|turn|7\n|inactive|ROCK ROSE has 120 seconds left.\n|\n|t:|1771134440\n|move|p2a: Magearna|Iron Head|p1a: Rotom\n|-damage|p1a: Rotom|31/229\n|move|p1a: Rotom|Will-O-Wisp|p2a: Magearna\n|-status|p2a: Magearna|brn\n|\n|-damage|p2a: Magearna|203/250 brn|[from] brn\n|upkeep\n|turn|8\n|\n|t:|1771134448\n|switch|p1a: Muk|Muk, L86, F|267/321\n|move|p2a: Magearna|Iron Head|p1a: Muk\n|-damage|p1a: Muk|212/321\n|\n|-damage|p2a: Magearna|188/250 brn|[from] brn\n|upkeep\n|turn|9\n|inactive|ROCK ROSE has 120 seconds left.\n|\n|t:|1771134469\n|move|p2a: Magearna|Shift Gear|p2a: Magearna\n|-boost|p2a: Magearna|spe|2\n|-boost|p2a: Magearna|atk|1\n|move|p1a: Muk|Drain Punch|p2a: Magearna\n|-damage|p2a: Magearna|138/250 brn\n|-heal|p1a: Muk|237/321|[from] drain|[of] p2a: Magearna\n|\n|-damage|p2a: Magearna|123/250 brn|[from] brn\n|upkeep\n|turn|10\n|inactive|ROCK ROSE has 120 seconds left.\n|\n|t:|1771134489\n|-terastallize|p2a: Magearna|Ground\n|move|p2a: Magearna|Tera Blast|p1a: Muk|[anim] Tera Blast Ground\n|-supereffective|p1a: Muk\n|-damage|p1a: Muk|74/321\n|move|p1a: Muk|Drain Punch|p2a: Magearna\n|-damage|p2a: Magearna|72/250 brn\n|-heal|p1a: Muk|100/321|[from] drain|[of] p2a: Magearna\n|\n|-damage|p2a: Magearna|57/250 brn|[from] brn\n|upkeep\n|turn|11\n|\n|t:|1771134503\n|switch|p1a: Rotom|Rotom-Frost, L87|31/229\n|move|p2a: Magearna|Tera Blast|p1a: Rotom|[anim] Tera Blast Ground\n|-immune|p1a: Rotom|[from] ability: Levitate\n|\n|-damage|p2a: Magearna|42/250 brn|[from] brn\n|upkeep\n|turn|12\n|\n|t:|1771134510\n|move|p2a: Magearna|Iron Head|p1a: Rotom\n|-damage|p1a: Rotom|0 fnt\n|faint|p1a: Rotom\n|-ability|p2a: Magearna|Soul-Heart|boost\n|-boost|p2a: Magearna|spa|1\n|\n|-damage|p2a: Magearna|27/250 brn|[from] brn\n|upkeep\n|\n|t:|1771134520\n|switch|p1a: Decidueye|Decidueye-Hisui, L87, F|295/295\n|turn|13\n|\n|t:|1771134525\n|move|p1a: Decidueye|Sucker Punch|p2a: Magearna\n|-damage|p2a: Magearna|0 fnt\n|faint|p2a: Magearna\n|\n|upkeep\n|\n|t:|1771134532\n|switch|p2a: Shaymin|Shaymin-Sky, L73|266/266\n|turn|14\n|\n|t:|1771134541\n|switch|p1a: Muk|Muk, L86, F|100/321\n|move|p2a: Shaymin|Air Slash|p1a: Muk\n|-damage|p1a: Muk|42/321\n|\n|upkeep\n|turn|15\n|\n|t:|1771134545\n|move|p1a: Muk|Shadow Sneak|p2a: Shaymin\n|-damage|p2a: Shaymin|228/266\n|move|p2a: Shaymin|Air Slash|p1a: Muk\n|-damage|p1a: Muk|0 fnt\n|faint|p1a: Muk\n|\n|upkeep\n|\n|t:|1771134552\n|switch|p1a: Sudowoodo|Sudowoodo, L94, F|284/284\n|turn|16\n|\n|t:|1771134562\n|switch|p2a: Dusknoir|Dusknoir, L89, M|211/225 brn\n|-item|p1a: Sudowoodo|Choice Band|[from] ability: Frisk|[of] p2a: Dusknoir\n|move|p1a: Sudowoodo|Head Smash|p2a: Dusknoir|[miss]\n|-miss|p1a: Sudowoodo|p2a: Dusknoir\n|\n|-damage|p2a: Dusknoir|197/225 brn|[from] brn\n|upkeep\n|turn|17\n|\n|t:|1771134579\n|switch|p1a: Indeedee|Indeedee-F, L90, F|272/272\n|-fieldstart|move: Psychic Terrain|[from] ability: Psychic Surge|[of] p1a: Indeedee\n|move|p2a: Dusknoir|Earthquake|p1a: Indeedee\n|-damage|p1a: Indeedee|204/272\n|\n|-damage|p2a: Dusknoir|183/225 brn|[from] brn\n|upkeep\n|turn|18\n|\n|t:|1771134585\n|move|p1a: Indeedee|Calm Mind|p1a: Indeedee\n|-boost|p1a: Indeedee|spa|1\n|-boost|p1a: Indeedee|spd|1\n|move|p2a: Dusknoir|Earthquake|p1a: Indeedee\n|-damage|p1a: Indeedee|133/272\n|\n|-damage|p2a: Dusknoir|169/225 brn|[from] brn\n|upkeep\n|turn|19\n|\n|t:|1771134590\n|move|p1a: Indeedee|Psyshock|p2a: Dusknoir\n|-crit|p2a: Dusknoir\n|-damage|p2a: Dusknoir|0 fnt\n|faint|p2a: Dusknoir\n|-damage|p1a: Indeedee|106/272|[from] item: Life Orb\n|\n|upkeep\n|\n|t:|1771134611\n|switch|p2a: Shaymin|Shaymin-Sky, L73|228/266\n|turn|20\n|\n|t:|1771134618\n|move|p2a: Shaymin|Air Slash|p1a: Indeedee\n|-damage|p1a: Indeedee|45/272\n|cant|p1a: Indeedee|flinch\n|\n|upkeep\n|turn|21\n|\n|t:|1771134621\n|move|p2a: Shaymin|Air Slash|p1a: Indeedee\n|-damage|p1a: Indeedee|0 fnt\n|faint|p1a: Indeedee\n|\n|-fieldend|move: Psychic Terrain\n|upkeep\n|\n|t:|1771134624\n|switch|p1a: Sudowoodo|Sudowoodo, L94, F|284/284\n|turn|22\n|\n|t:|1771134634\n|switch|p2a: Clawitzer|Clawitzer, L87, F|265/265\n|move|p1a: Sudowoodo|Earthquake|p2a: Clawitzer\n|-damage|p2a: Clawitzer|144/265\n|\n|upkeep\n|turn|23\n|\n|t:|1771134654\n|switch|p1a: Decidueye|Decidueye-Hisui, L87, F|295/295\n|move|p2a: Clawitzer|Water Pulse|p1a: Decidueye\n|-resisted|p1a: Decidueye\n|-damage|p1a: Decidueye|241/295\n|\n|-heal|p1a: Decidueye|259/295|[from] item: Leftovers\n|upkeep\n|turn|24\n|\n|t:|1771134665\n|switch|p2a: Kilowattrel|Kilowattrel, L83, M|252/252\n|move|p1a: Decidueye|Triple Arrows|p2a: Kilowattrel\n|-resisted|p2a: Kilowattrel\n|-damage|p2a: Kilowattrel|178/252\n|-unboost|p2a: Kilowattrel|def|1\n|\n|-heal|p1a: Decidueye|277/295|[from] item: Leftovers\n|upkeep\n|turn|25\n|\n|t:|1771134676\n|-terastallize|p1a: Decidueye|Steel\n|move|p2a: Kilowattrel|Hurricane|p1a: Decidueye\n|-resisted|p1a: Decidueye\n|-damage|p1a: Decidueye|220/295\n|-start|p1a: Decidueye|confusion\n|-activate|p1a: Decidueye|confusion\n|move|p1a: Decidueye|Triple Arrows|p2a: Kilowattrel\n|-resisted|p2a: Kilowattrel\n|-damage|p2a: Kilowattrel|64/252\n|\n|-heal|p1a: Decidueye|238/295|[from] item: Leftovers\n|upkeep\n|turn|26\n|\n|t:|1771134696\n|switch|p2a: Clawitzer|Clawitzer, L87, F|144/265\n|-end|p1a: Decidueye|confusion\n|move|p1a: Decidueye|Triple Arrows|p2a: Clawitzer\n|-damage|p2a: Clawitzer|38/265\n|-unboost|p2a: Clawitzer|def|1\n|\n|-heal|p1a: Decidueye|256/295|[from] item: Leftovers\n|upkeep\n|turn|27\n|\n|t:|1771134706\n|move|p1a: Decidueye|Triple Arrows|p2a: Clawitzer\n|-damage|p2a: Clawitzer|0 fnt\n|faint|p2a: Clawitzer\n|\n|-heal|p1a: Decidueye|274/295|[from] item: Leftovers\n|upkeep\n|\n|t:|1771134715\n|switch|p2a: Shaymin|Shaymin-Sky, L73|228/266\n|turn|28\n|\n|t:|1771134720\n|move|p2a: Shaymin|Earth Power|p1a: Decidueye\n|-supereffective|p1a: Decidueye\n|-crit|p1a: Decidueye\n|-damage|p1a: Decidueye|50/295\n|move|p1a: Decidueye|Triple Arrows|p2a: Shaymin\n|-resisted|p2a: Shaymin\n|-damage|p2a: Shaymin|158/266\n|\n|-heal|p1a: Decidueye|68/295|[from] item: Leftovers\n|upkeep\n|turn|29\n|\n|t:|1771134726\n|move|p1a: Decidueye|Sucker Punch|p2a: Shaymin\n|-damage|p2a: Shaymin|88/266\n|move|p2a: Shaymin|Earth Power|p1a: Decidueye\n|-supereffective|p1a: Decidueye\n|-damage|p1a: Decidueye|0 fnt\n|faint|p1a: Decidueye\n|\n|upkeep\n|\n|t:|1771134729\n|switch|p1a: Farigiraf|Farigiraf, L91, F|366/366\n|turn|30\n|\n|t:|1771134737\n|switch|p2a: Gholdengo|Gholdengo, L77|143/261\n|switch|p1a: Sudowoodo|Sudowoodo, L94, F|284/284\n|\n|-heal|p2a: Gholdengo|159/261|[from] item: Leftovers\n|upkeep\n|turn|31\n|\n|t:|1771134747\n|move|p2a: Gholdengo|Thunder Wave|p1a: Sudowoodo\n|-status|p1a: Sudowoodo|par\n|move|p1a: Sudowoodo|Head Smash|p2a: Gholdengo|[miss]\n|-miss|p1a: Sudowoodo|p2a: Gholdengo\n|\n|-heal|p2a: Gholdengo|175/261|[from] item: Leftovers\n|upkeep\n|turn|32\n|-message|PokemonPat2rick forfeited.\n|\n|win|ROCK ROSE\n|raw|PokemonPat2rick's rating: 1618 &rarr; <strong>1602</strong><br />(-16 for losing)\n|raw|ROCK ROSE's rating: 1680 &rarr; <strong>1696</strong><br />(+16 for winning)\n|l|☆PokemonPat2rick\n|player|p1|\n", "inputlog": ">version 686819e5e19f8a7fd2345cfc5a08a5085efa2cc3\n>start {\"formatid\":\"gen9randombattle\",\"seed\":\"sodium,21b37bb98d66f1089a176d04e953d439\",\"rated\":\"Rated battle\"}\n>player p1 {\"name\":\"PokemonPat2rick\",\"avatar\":\"101\",\"rating\":1618,\"seed\":\"sodium,c205db0344840a713c64e91877063bed\"}\n>player p2 {\"name\":\"ROCK ROSE\",\"avatar\":\"maid\",\"rating\":1663,\"seed\":\"sodium,47a964268ea7588c03ddf80535cb44db\"}\n>p1 move willowisp\n>p2 move poltergeist\n>p1 move voltswitch\n>p2 switch 5\n>p1 move blizzard\n>p2 move uturn\n>p2 switch 2\n>p1 move voltswitch\n>p2 move shadowball\n>p1 switch 3\n>p1 move knockoff\n>p2 switch 6\n>p1 switch 3\n>p2 move shiftgear\n>p1 move willowisp\n>p2 move ironhead\n>p1 switch 3\n>p2 move ironhead\n>p1 move drainpunch\n>p2 move shiftgear\n>p1 move drainpunch\n>p2 move terablast terastallize\n>p1 switch 3\n>p2 move terablast\n>p1 move blizzard\n>p2 move ironhead\n>p1 switch 6\n>p1 move suckerpunch\n>p2 move fleurcannon\n>p2 switch 3\n>p1 switch 3\n>p2 move airslash\n>p1 move shadowsneak\n>p2 move airslash\n>p1 switch 5\n>p1 move headsmash\n>p2 switch 5\n>p1 switch 4\n>p2 move earthquake\n>p1 move calmmind\n>p2 move earthquake\n>p1 move psyshock\n>p2 move earthquake\n>p2 switch 5\n>p1 move psyshock\n>p2 move airslash\n>p1 move psyshock\n>p2 move airslash\n>p1 switch 4\n>p1 move earthquake\n>p2 switch 4\n>p1 switch 3\n>p2 move waterpulse\n>p1 move triplearrows\n>p2 switch 2\n>p1 move triplearrows terastallize\n>p2 move hurricane\n>p1 move triplearrows\n>p2 switch 2\n>p1 move triplearrows\n>p2 move waterpulse\n>p2 switch 4\n>p1 move triplearrows\n>p2 move earthpower\n>p1 move suckerpunch\n>p2 move earthpower\n>p1 switch 2\n>p1 switch 3\n>p2 switch 6\n>p1 move headsmash\n>p2 move thunderwave\n>forcelose p1", "uploadtime": 1771134754, "views": 14, "formatid": "gen9randombattle", "rating": 1602, "private": 0, "password": null}