{"id": "gen9randombattle-2540830956", "format": "[Gen 9] Random Battle", "players": ["Whosthatpokemon1", "soyjett"], "log": "|j|☆Whosthatpokemon1\n|j|☆soyjett\n|t:|1771258527\n|gametype|singles\n|player|p1|Whosthatpokemon1|unknown|1556\n|player|p2|soyjett|benga|1602\n|gen|9\n|tier|[Gen 9] Random Battle\n|rated|\n|rule|Species Clause: Limit one of each Pokémon\n|rule|HP Percentage Mod: HP is shown in percentages\n|rule|Sleep Clause Mod: Limit one foe put to sleep\n|rule|Illusion Level Mod: Illusion disguises the Pokémon's true level\n|\n|t:|1771258527\n|teamsize|p1|6\n|teamsize|p2|6\n|start\n|switch|p1a: Flareon|Flareon, L90, M|263/263\n|switch|p2a: Raging Bolt|Raging Bolt, L78|323/323\n|turn|1\n|inactive|Battle timer is ON: inactive players will automatically lose when time's up. (requested by soyjett)\n|\n|t:|1771258546\n|switch|p1a: Swampert|Swampert, L83, M|302/302\n|move|p2a: Raging Bolt|Discharge|p1a: Swampert\n|-immune|p1a: Swampert\n|\n|upkeep\n|turn|2\n|\n|t:|1771258566\n|-end|p2a: Raging Bolt|Protosynthesis|[silent]\n|switch|p2a: Lucario|Lucario, L84, M|255/255\n|move|p1a: Swampert|Ice Beam|p2a: Lucario\n|-resisted|p2a: Lucario\n|-damage|p2a: Lucario|219/255\n|-status|p2a: Lucario|frz\n|\n|upkeep\n|turn|3\n|\n|t:|1771258579\n|switch|p1a: Flareon|Flareon, L90, M|263/263\n|cant|p2a: Lucario|frz\n|\n|-status|p1a: Flareon|tox|[from] item: Toxic Orb\n|upkeep\n|turn|4\n|c|☆Whosthatpokemon1|Lol\n|\n|t:|1771258586\n|cant|p2a: Lucario|frz\n|move|p1a: Flareon|Trailblaze|p2a: Lucario\n|-resisted|p2a: Lucario\n|-damage|p2a: Lucario|173/255 frz\n|-boost|p1a: Flareon|spe|1\n|\n|-damage|p1a: Flareon|247/263 tox|[from] psn\n|upkeep\n|turn|5\n|\n|t:|1771258596\n|move|p1a: Flareon|Flare Blitz|p2a: Lucario\n|-supereffective|p2a: Lucario\n|-damage|p2a: Lucario|0 fnt\n|faint|p2a: Lucario\n|-damage|p1a: Flareon|190/263 tox|[from] Recoil\n|\n|-damage|p1a: Flareon|158/263 tox|[from] psn\n|upkeep\n|\n|t:|1771258617\n|switch|p2a: Dragapult|Dragapult, L77, F|262/262\n|turn|6\n|\n|t:|1771258627\n|move|p2a: Dragapult|Draco Meteor|p1a: Flareon\n|-damage|p1a: Flareon|10/263 tox\n|-unboost|p2a: Dragapult|spa|2\n|move|p1a: Flareon|Will-O-Wisp|p2a: Dragapult\n|-status|p2a: Dragapult|brn\n|\n|-damage|p1a: Flareon|0 fnt|[from] psn\n|faint|p1a: Flareon\n|-damage|p2a: Dragapult|246/262 brn|[from] brn\n|upkeep\n|\n|t:|1771258637\n|switch|p1a: Swampert|Swampert, L83, M|302/302\n|turn|7\n|\n|t:|1771258645\n|switch|p2a: Volcarona|Volcarona, L77, F|257/257\n|move|p1a: Swampert|Ice Beam|p2a: Volcarona\n|-resisted|p2a: Volcarona\n|-damage|p2a: Volcarona|232/257\n|\n|upkeep\n|turn|8\n|\n|t:|1771258655\n|move|p2a: Volcarona|Giga Drain|p1a: Swampert\n|-supereffective|p1a: Swampert\n|-damage|p1a: Swampert|78/302\n|-heal|p2a: Volcarona|257/257|[from] drain|[of] p1a: Swampert\n|move|p1a: Swampert|Earthquake|p2a: Volcarona\n|-damage|p2a: Volcarona|104/257\n|\n|-heal|p1a: Swampert|96/302|[from] item: Leftovers\n|upkeep\n|turn|9\n|\n|t:|1771258664\n|switch|p1a: Vivillon|Vivillon-Monsoon, L83, F|268/268\n|move|p2a: Volcarona|Giga Drain|p1a: Vivillon\n|-resisted|p1a: Vivillon\n|-damage|p1a: Vivillon|247/268\n|-heal|p2a: Volcarona|115/257|[from] drain|[of] p1a: Vivillon\n|\n|upkeep\n|turn|10\n|\n|t:|1771258674\n|move|p2a: Volcarona|Fiery Dance|p1a: Vivillon\n|-supereffective|p1a: Vivillon\n|-damage|p1a: Vivillon|0 fnt\n|faint|p1a: Vivillon\n|\n|upkeep\n|\n|t:|1771258681\n|switch|p1a: Pyroar|Pyroar, L88, F|295/295\n|-ability|p1a: Pyroar|Unnerve\n|turn|11\n|\n|t:|1771258686\n|switch|p2a: Dragapult|Dragapult, L77, F|246/262 brn\n|move|p1a: Pyroar|Fire Blast|p2a: Dragapult\n|-resisted|p2a: Dragapult\n|-damage|p2a: Dragapult|162/262 brn\n|\n|-damage|p2a: Dragapult|146/262 brn|[from] brn\n|upkeep\n|turn|12\n|\n|t:|1771258699\n|switch|p1a: Swampert|Swampert, L83, M|96/302\n|move|p2a: Dragapult|Draco Meteor|p1a: Swampert\n|-damage|p1a: Swampert|0 fnt\n|-unboost|p2a: Dragapult|spa|2\n|faint|p1a: Swampert\n|\n|-damage|p2a: Dragapult|130/262 brn|[from] brn\n|upkeep\n|\n|t:|1771258707\n|switch|p1a: Stonjourner|Stonjourner, L91, M|330/330\n|turn|13\n|\n|t:|1771258719\n|move|p2a: Dragapult|Draco Meteor|p1a: Stonjourner\n|-damage|p1a: Stonjourner|149/330\n|-unboost|p2a: Dragapult|spa|2\n|move|p1a: Stonjourner|Rock Polish|p1a: Stonjourner\n|-boost|p1a: Stonjourner|spe|2\n|\n|-damage|p2a: Dragapult|114/262 brn|[from] brn\n|upkeep\n|turn|14\n|\n|t:|1771258729\n|move|p1a: Stonjourner|Stone Edge|p2a: Dragapult\n|-damage|p2a: Dragapult|0 fnt\n|faint|p2a: Dragapult\n|-damage|p1a: Stonjourner|116/330|[from] item: Life Orb\n|\n|upkeep\n|\n|t:|1771258735\n|switch|p2a: Raging Bolt|Raging Bolt, L78|323/323\n|turn|15\n|\n|t:|1771258740\n|move|p2a: Raging Bolt|Thunderclap|p1a: Stonjourner\n|-damage|p1a: Stonjourner|0 fnt\n|faint|p1a: Stonjourner\n|\n|upkeep\n|\n|t:|1771258745\n|switch|p1a: Gumshoos|Gumshoos, L95, F|321/321\n|turn|16\n|\n|t:|1771258750\n|-end|p2a: Raging Bolt|Protosynthesis|[silent]\n|switch|p2a: Annihilape|Annihilape, L76, F|292/292\n|move|p1a: Gumshoos|Earthquake|p2a: Annihilape\n|-damage|p2a: Annihilape|0 fnt\n|faint|p2a: Annihilape\n|\n|upkeep\n|\n|t:|1771258763\n|switch|p2a: Raging Bolt|Raging Bolt, L78|323/323\n|turn|17\n|\n|t:|1771258769\n|move|p2a: Raging Bolt|Thunderclap|p1a: Gumshoos\n|-damage|p1a: Gumshoos|216/321\n|move|p1a: Gumshoos|Earthquake|p2a: Raging Bolt\n|-supereffective|p2a: Raging Bolt\n|-damage|p2a: Raging Bolt|25/323\n|\n|upkeep\n|turn|18\n|\n|t:|1771258781\n|move|p2a: Raging Bolt|Draco Meteor|p1a: Gumshoos\n|-damage|p1a: Gumshoos|18/321\n|-unboost|p2a: Raging Bolt|spa|2\n|move|p1a: Gumshoos|Earthquake|p2a: Raging Bolt\n|-supereffective|p2a: Raging Bolt\n|-damage|p2a: Raging Bolt|0 fnt\n|faint|p2a: Raging Bolt\n|-end|p2a: Raging Bolt|Protosynthesis|[silent]\n|\n|upkeep\n|\n|t:|1771258791\n|switch|p2a: Volcarona|Volcarona, L77, F|115/257\n|turn|19\n|\n|t:|1771258794\n|move|p2a: Volcarona|Giga Drain|p1a: Gumshoos\n|-damage|p1a: Gumshoos|0 fnt\n|-heal|p2a: Volcarona|124/257|[from] drain|[of] p1a: Gumshoos\n|faint|p1a: Gumshoos\n|\n|upkeep\n|\n|t:|1771258796\n|switch|p1a: Pyroar|Pyroar, L88, F|295/295\n|-ability|p1a: Pyroar|Unnerve\n|turn|20\n|\n|t:|1771258807\n|move|p1a: Pyroar|Taunt|p2a: Volcarona\n|-start|p2a: Volcarona|move: Taunt\n|move|p2a: Volcarona|Bug Buzz|p1a: Pyroar\n|-resisted|p1a: Pyroar\n|-crit|p1a: Pyroar\n|-damage|p1a: Pyroar|196/295\n|\n|upkeep\n|turn|21\n|\n|t:|1771258816\n|move|p1a: Pyroar|Hyper Voice|p2a: Volcarona\n|-damage|p2a: Volcarona|7/257\n|move|p2a: Volcarona|Bug Buzz|p1a: Pyroar\n|-resisted|p1a: Pyroar\n|-damage|p1a: Pyroar|105/295\n|-unboost|p1a: Pyroar|spd|1\n|\n|upkeep\n|turn|22\n|\n|t:|1771258827\n|move|p1a: Pyroar|Hyper Voice|p2a: Volcarona\n|-damage|p2a: Volcarona|0 fnt\n|faint|p2a: Volcarona\n|\n|upkeep\n|\n|t:|1771258833\n|switch|p2a: Toxtricity|Toxtricity, L82, M|257/257\n|turn|23\n|\n|t:|1771258836\n|-terastallize|p1a: Pyroar|Fire\n|-terastallize|p2a: Toxtricity|Normal\n|move|p1a: Pyroar|Fire Blast|p2a: Toxtricity\n|-damage|p2a: Toxtricity|19/257\n|move|p2a: Toxtricity|Boomburst|p1a: Pyroar\n|-damage|p1a: Pyroar|0 fnt\n|faint|p1a: Pyroar\n|\n|win|soyjett\n|raw|Whosthatpokemon1's rating: 1556 &rarr; <strong>1539</strong><br />(-17 for losing)\n|raw|soyjett's rating: 1602 &rarr; <strong>1619</strong><br />(+17 for winning)\n|c|☆Whosthatpokemon1|Gg\n|l|☆Whosthatpokemon1\n|player|p1|\n", "inputlog": ">version 686819e5e19f8a7fd2345cfc5a08a5085efa2cc3\n>start {\"formatid\":\"gen9randombattle\",\"seed\":\"sodium,fea44b26e659b7f0f923aab13a445d30\",\"rated\":\"Rated battle\"}\n>player p1 {\"name\":\"Whosthatpokemon1\",\"avatar\":\"unknown\",\"rating\":1556,\"seed\":\"sodium,82108a2434a12d8273a64773dd78a157\"}\n>player p2 {\"name\":\"soyjett\",\"avatar\":\"benga\",\"rating\":1602,\"seed\":\"sodium,82212e18c3442bd404fb11565ecf6936\"}\n>p1 switch 4\n>p2 move discharge\n>p1 move icebeam\n>p2 switch 5\n>p1 switch 4\n>p2 move focusblast\n>chat ☆Whosthatpokemon1|Lol\n>p1 move trailblaze\n>p2 move focusblast\n>p1 move flareblitz\n>p2 move focusblast\n>p2 switch 6\n>p1 move willowisp\n>p2 move dracometeor\n>p1 switch 4\n>p1 move icebeam\n>p2 switch 2\n>p1 move earthquake\n>p2 move gigadrain\n>p1 switch 5\n>p2 move gigadrain\n>p1 move hurricane\n>p2 move fierydance\n>p1 switch 3\n>p1 move fireblast\n>p2 switch 2\n>p1 switch 5\n>p2 move dracometeor\n>p1 switch 6\n>p1 move rockpolish\n>p2 move dracometeor\n>p1 move stoneedge\n>p2 move dracometeor\n>p2 switch 5\n>p1 move earthquake\n>p2 move thunderclap\n>p1 switch 2\n>p1 move earthquake\n>p2 switch 3\n>p2 switch 3\n>p1 move earthquake\n>p2 move thunderclap\n>p1 move earthquake\n>p2 move dracometeor\n>p2 switch 2\n>p1 move earthquake\n>p2 move gigadrain\n>p1 switch 5\n>p1 move taunt\n>p2 move bugbuzz\n>p1 move hypervoice\n>p2 move bugbuzz\n>p1 move hypervoice\n>p2 move bugbuzz\n>p2 switch 4\n>p1 move fireblast terastallize\n>p2 move boomburst terastallize", "uploadtime": 1771258861, "views": 5, "formatid": "gen9randombattle", "rating": 1539, "private": 0, "password": null}