{"id": "gen9randombattle-2540400765", "format": "[Gen 9] Random Battle", "players": ["Ambifable", "imissmy95accurate"], "log": "|j|☆Ambifable\n|j|☆imissmy95accurate\n|t:|1771197459\n|gametype|singles\n|player|p1|Ambifable|170|1743\n|player|p2|imissmy95accurate|266|1751\n|gen|9\n|tier|[Gen 9] Random Battle\n|rated|\n|rule|Species Clause: Limit one of each Pokémon\n|rule|HP Percentage Mod: HP is shown in percentages\n|rule|Sleep Clause Mod: Limit one foe put to sleep\n|rule|Illusion Level Mod: Illusion disguises the Pokémon's true level\n|\n|t:|1771197459\n|teamsize|p1|6\n|teamsize|p2|6\n|start\n|switch|p1a: Electrode|Electrode-Hisui, L87|246/246\n|switch|p2a: Ampharos|Ampharos, L88, F|302/302\n|turn|1\n|inactive|Battle timer is ON: inactive players will automatically lose when time's up. (requested by Ambifable)\n|\n|t:|1771197477\n|move|p1a: Electrode|Volt Switch|p2a: Ampharos\n|-resisted|p2a: Ampharos\n|-damage|p2a: Ampharos|259/302\n|-damage|p1a: Electrode|222/246|[from] item: Life Orb\n|\n|t:|1771197483\n|switch|p1a: Toedscruel|Toedscruel, L87, M|281/281|[from] Volt Switch\n|move|p2a: Ampharos|Volt Switch|p1a: Toedscruel\n|-immune|p1a: Toedscruel\n|\n|upkeep\n|turn|2\n|inactive|imissmy95accurate has 120 seconds left.\n|\n|t:|1771197518\n|switch|p2a: Illumise|Illumise, L91, F|266/266\n|move|p1a: Toedscruel|Earth Power|p2a: Illumise\n|-resisted|p2a: Illumise\n|-damage|p2a: Illumise|224/266\n|\n|upkeep\n|turn|3\n|inactive|imissmy95accurate has 120 seconds left.\n|\n|t:|1771197537\n|move|p2a: Illumise|Encore|p1a: Toedscruel\n|-start|p1a: Toedscruel|Encore\n|move|p1a: Toedscruel|Earth Power|p2a: Illumise\n|-resisted|p2a: Illumise\n|-damage|p2a: Illumise|179/266\n|\n|upkeep\n|turn|4\n|\n|t:|1771197548\n|switch|p1a: Keldeo|Keldeo-Resolute, L79|273/273\n|move|p2a: Illumise|Bug Buzz|p1a: Keldeo\n|-resisted|p1a: Keldeo\n|-damage|p1a: Keldeo|227/273\n|\n|-heal|p1a: Keldeo|244/273|[from] item: Leftovers\n|upkeep\n|turn|5\n|\n|t:|1771197556\n|move|p2a: Illumise|Thunder Wave|p1a: Keldeo\n|-status|p1a: Keldeo|par\n|move|p1a: Keldeo|Substitute|p1a: Keldeo\n|-start|p1a: Keldeo|Substitute\n|-damage|p1a: Keldeo|176/273 par\n|\n|-heal|p1a: Keldeo|193/273 par|[from] item: Leftovers\n|upkeep\n|turn|6\n|\n|t:|1771197562\n|move|p2a: Illumise|Encore|p1a: Keldeo\n|-start|p1a: Keldeo|Encore\n|move|p1a: Keldeo|Substitute|p1a: Keldeo\n|-fail|p1a: Keldeo|move: Substitute\n|\n|-heal|p1a: Keldeo|210/273 par|[from] item: Leftovers\n|upkeep\n|turn|7\n|\n|t:|1771197567\n|switch|p2a: Ampharos|Ampharos, L88, F|259/302\n|cant|p1a: Keldeo|par\n|\n|-heal|p1a: Keldeo|227/273 par|[from] item: Leftovers\n|upkeep\n|turn|8\n|\n|t:|1771197573\n|switch|p1a: Toedscruel|Toedscruel, L87, M|281/281\n|move|p2a: Ampharos|Dazzling Gleam|p1a: Toedscruel\n|-damage|p1a: Toedscruel|227/281\n|\n|upkeep\n|turn|9\n|\n|t:|1771197594\n|switch|p2a: Delibird|Delibird, M|252/252\n|move|p1a: Toedscruel|Knock Off|p2a: Delibird\n|-damage|p2a: Delibird|181/252\n|-enditem|p2a: Delibird|Heavy-Duty Boots|[from] move: Knock Off|[of] p1a: Toedscruel\n|\n|upkeep\n|turn|10\n|\n|t:|1771197607\n|switch|p1a: Electrode|Electrode-Hisui, L87|222/246\n|move|p2a: Delibird|Ice Spinner|p1a: Electrode\n|-supereffective|p1a: Electrode\n|-damage|p1a: Electrode|0 fnt\n|-status|p2a: Delibird|par|[from] ability: Static|[of] p1a: Electrode\n|faint|p1a: Electrode\n|\n|upkeep\n|\n|t:|1771197615\n|switch|p1a: Maushold|Maushold, L76|238/238\n|turn|11\n|\n|t:|1771197620\n|move|p1a: Maushold|Tidy Up|p1a: Maushold\n|-boost|p1a: Maushold|atk|1\n|-boost|p1a: Maushold|spe|1\n|move|p2a: Delibird|Brave Bird|p1a: Maushold\n|-crit|p1a: Maushold\n|-damage|p1a: Maushold|0 fnt\n|faint|p1a: Maushold\n|-damage|p2a: Delibird|102/252 par|[from] Recoil\n|\n|upkeep\n|\n|t:|1771197638\n|switch|p1a: Duraludon|Duraludon, L82, M|249/249\n|turn|12\n|\n|t:|1771197648\n|switch|p2a: Ampharos|Ampharos, L88, F|259/302\n|move|p1a: Duraludon|Iron Defense|p1a: Duraludon\n|-boost|p1a: Duraludon|def|2\n|\n|upkeep\n|turn|13\n|l|☆Ambifable\n|inactive|Ambifable disconnected and has a minute to reconnect!\n|player|p1|\n|j|☆Ambifable\n|inactive|Ambifable reconnected and has 140 seconds left.\n|player|p1|Ambifable|170|\n|\n|t:|1771197670\n|move|p1a: Duraludon|Iron Defense|p1a: Duraludon\n|-boost|p1a: Duraludon|def|2\n|move|p2a: Ampharos|Focus Blast|p1a: Duraludon|[miss]\n|-miss|p2a: Ampharos|p1a: Duraludon\n|\n|upkeep\n|turn|14\n|\n|t:|1771197678\n|move|p1a: Duraludon|Body Press|p2a: Ampharos\n|-damage|p2a: Ampharos|87/302\n|-status|p1a: Duraludon|par|[from] ability: Static|[of] p2a: Ampharos\n|move|p2a: Ampharos|Focus Blast|p1a: Duraludon\n|-supereffective|p1a: Duraludon\n|-damage|p1a: Duraludon|0 fnt\n|faint|p1a: Duraludon\n|\n|upkeep\n|\n|t:|1771197690\n|switch|p1a: Tatsugiri|Tatsugiri, L87, M|260/260\n|turn|15\n|\n|t:|1771197697\n|move|p1a: Tatsugiri|Surf|p2a: Ampharos\n|-damage|p2a: Ampharos|0 fnt\n|faint|p2a: Ampharos\n|\n|upkeep\n|\n|t:|1771197727\n|switch|p2a: Illumise|Illumise, L91, F|179/266\n|turn|16\n|\n|t:|1771197736\n|move|p2a: Illumise|Thunder Wave|p1a: Tatsugiri\n|-status|p1a: Tatsugiri|par\n|move|p1a: Tatsugiri|Surf|p2a: Illumise\n|-damage|p2a: Illumise|74/266\n|\n|upkeep\n|turn|17\n|\n|t:|1771197742\n|move|p2a: Illumise|Roost|p2a: Illumise\n|-heal|p2a: Illumise|207/266\n|-singleturn|p2a: Illumise|move: Roost\n|move|p1a: Tatsugiri|Surf|p2a: Illumise\n|-damage|p2a: Illumise|93/266\n|\n|upkeep\n|turn|18\n|\n|t:|1771197754\n|-terastallize|p1a: Tatsugiri|Water\n|move|p2a: Illumise|Roost|p2a: Illumise\n|-heal|p2a: Illumise|226/266\n|-singleturn|p2a: Illumise|move: Roost\n|cant|p1a: Tatsugiri|par\n|\n|upkeep\n|turn|19\n|\n|t:|1771197762\n|move|p2a: Illumise|Bug Buzz|p1a: Tatsugiri\n|-damage|p1a: Tatsugiri|179/260 par\n|move|p1a: Tatsugiri|Surf|p2a: Illumise\n|-damage|p2a: Illumise|80/266\n|\n|upkeep\n|turn|20\n|\n|t:|1771197770\n|move|p2a: Illumise|Roost|p2a: Illumise\n|-heal|p2a: Illumise|213/266\n|-singleturn|p2a: Illumise|move: Roost\n|move|p1a: Tatsugiri|Surf|p2a: Illumise\n|-damage|p2a: Illumise|63/266\n|\n|upkeep\n|turn|21\n|\n|t:|1771197775\n|move|p2a: Illumise|Roost|p2a: Illumise\n|-heal|p2a: Illumise|196/266\n|-singleturn|p2a: Illumise|move: Roost\n|cant|p1a: Tatsugiri|par\n|\n|upkeep\n|turn|22\n|\n|t:|1771197781\n|move|p2a: Illumise|Bug Buzz|p1a: Tatsugiri\n|-damage|p1a: Tatsugiri|92/260 par\n|cant|p1a: Tatsugiri|par\n|\n|upkeep\n|turn|23\n|-message|Ambifable forfeited.\n|\n|win|imissmy95accurate\n|raw|Ambifable's rating: 1743 &rarr; <strong>1723</strong><br />(-20 for losing)\n|raw|imissmy95accurate's rating: 1751 &rarr; <strong>1771</strong><br />(+20 for winning)\n|l|☆Ambifable\n|player|p1|\n", "inputlog": ">version 686819e5e19f8a7fd2345cfc5a08a5085efa2cc3\n>start {\"formatid\":\"gen9randombattle\",\"seed\":\"sodium,b04cc97195fa7d86f4e0a86756f63921\",\"rated\":\"Rated battle\"}\n>player p1 {\"name\":\"Ambifable\",\"avatar\":\"170\",\"rating\":1743,\"seed\":\"sodium,feb6ca6c8fadff66ef0e86efb9f51d20\"}\n>player p2 {\"name\":\"imissmy95accurate\",\"avatar\":\"266\",\"rating\":1751,\"seed\":\"sodium,c1d7ca552ef5d266afdce74f0c29f455\"}\n>p1 move voltswitch\n>p2 move voltswitch\n>p1 switch 2\n>p1 move earthpower\n>p2 switch 6\n>p1 move knockoff\n>p2 move encore\n>p1 switch 5\n>p2 move bugbuzz\n>p1 move substitute\n>p2 move thunderwave\n>p1 move calmmind\n>p2 move encore\n>p1 move substitute\n>p2 switch 6\n>p1 switch 5\n>p2 move dazzlinggleam\n>p1 move knockoff\n>p2 switch 5\n>p1 switch 2\n>p2 move icespinner\n>p1 switch 4\n>p1 move tidyup\n>p2 move bravebird\n>p1 switch 6\n>p1 move irondefense\n>p2 switch 5\n>p1 move irondefense\n>p2 move focusblast\n>p1 move bodypress\n>p2 move focusblast\n>p1 switch 3\n>p1 move surf\n>p2 move focusblast\n>p2 switch 6\n>p1 move surf\n>p2 move thunderwave\n>p1 move surf\n>p2 move roost\n>p1 move surf terastallize\n>p2 move roost\n>p1 move surf\n>p2 move bugbuzz\n>p1 move surf\n>p2 move roost\n>p1 move surf\n>p2 move roost\n>p1 move surf\n>p2 move bugbuzz\n>forcelose p1", "uploadtime": 1771197786, "views": 7, "formatid": "gen9randombattle", "rating": 1723, "private": 0, "password": null}