{"id": "gen9randombattle-2540543402", "format": "[Gen 9] Random Battle", "players": ["Narwhal1024", "bajiiruu"], "log": "|j|☆Narwhal1024\n|j|☆bajiiruu\n|t:|1771215571\n|gametype|singles\n|player|p1|Narwhal1024|clay|1590\n|player|p2|bajiiruu|preschooler|1605\n|gen|9\n|tier|[Gen 9] Random Battle\n|rated|\n|rule|Species Clause: Limit one of each Pokémon\n|rule|HP Percentage Mod: HP is shown in percentages\n|rule|Sleep Clause Mod: Limit one foe put to sleep\n|rule|Illusion Level Mod: Illusion disguises the Pokémon's true level\n|\n|t:|1771215571\n|teamsize|p1|6\n|teamsize|p2|6\n|start\n|switch|p1a: Masquerain|Masquerain, L87, M|264/264\n|switch|p2a: Cyclizar|Cyclizar, L83, F|252/252\n|-ability|p1a: Masquerain|Intimidate|boost\n|-unboost|p2a: Cyclizar|atk|1\n|turn|1\n|\n|t:|1771215597\n|move|p2a: Cyclizar|Shed Tail|p2a: Cyclizar\n|-start|p2a: Cyclizar|Substitute|[from] move: Shed Tail\n|-damage|p2a: Cyclizar|126/252\n|inactive|Battle timer is ON: inactive players will automatically lose when time's up. (requested by Narwhal1024)\n|\n|t:|1771215617\n|switch|p2a: Bisharp|Bisharp, L79, F|232/232|[from] Shed Tail\n|move|p1a: Masquerain|Quiver Dance|p1a: Masquerain\n|-boost|p1a: Masquerain|spa|1\n|-boost|p1a: Masquerain|spd|1\n|-boost|p1a: Masquerain|spe|1\n|\n|upkeep\n|turn|2\n|\n|t:|1771215628\n|move|p1a: Masquerain|Bug Buzz|p2a: Bisharp\n|-damage|p2a: Bisharp|103/232\n|move|p2a: Bisharp|Stealth Rock|p1a: Masquerain\n|-sidestart|p1: Narwhal1024|move: Stealth Rock\n|\n|upkeep\n|turn|3\n|inactive|bajiiruu has 120 seconds left.\n|\n|t:|1771215678\n|-terastallize|p2a: Bisharp|Flying\n|move|p1a: Masquerain|Bug Buzz|p2a: Bisharp\n|-resisted|p2a: Bisharp\n|-damage|p2a: Bisharp|32/232\n|move|p2a: Bisharp|Throat Chop|p1a: Masquerain\n|-damage|p1a: Masquerain|146/264\n|-start|p1a: Masquerain|Throat Chop|[silent]\n|\n|upkeep\n|turn|4\n|\n|t:|1771215699\n|move|p2a: Bisharp|Sucker Punch|p1a: Masquerain\n|-damage|p1a: Masquerain|46/264\n|move|p1a: Masquerain|Hydro Pump|p2a: Bisharp\n|-end|p2a: Bisharp|Substitute\n|\n|-end|p1a: Masquerain|Throat Chop|[silent]\n|upkeep\n|turn|5\n|inactive|Narwhal1024 has 120 seconds left.\n|\n|t:|1771215719\n|switch|p1a: Forretress|Forretress, L84, F|263/263\n|-damage|p1a: Forretress|231/263|[from] Stealth Rock\n|move|p2a: Bisharp|Sucker Punch||[still]\n|-fail|p2a: Bisharp\n|\n|-heal|p1a: Forretress|247/263|[from] item: Leftovers\n|upkeep\n|turn|6\n|inactive|bajiiruu has 90 seconds left.\n|\n|t:|1771215735\n|move|p2a: Bisharp|Throat Chop|p1a: Forretress\n|-damage|p1a: Forretress|187/263\n|-start|p1a: Forretress|Throat Chop|[silent]\n|move|p1a: Forretress|Rapid Spin|p2a: Bisharp\n|-damage|p2a: Bisharp|11/232\n|-boost|p1a: Forretress|spe|1\n|-sideend|p1: Narwhal1024|Stealth Rock|[from] move: Rapid Spin|[of] p1a: Forretress\n|\n|-heal|p1a: Forretress|203/263|[from] item: Leftovers\n|upkeep\n|turn|7\n|\n|t:|1771215746\n|move|p1a: Forretress|Rapid Spin|p2a: Bisharp\n|-damage|p2a: Bisharp|0 fnt\n|-boost|p1a: Forretress|spe|1\n|faint|p2a: Bisharp\n|\n|-heal|p1a: Forretress|219/263|[from] item: Leftovers\n|-end|p1a: Forretress|Throat Chop|[silent]\n|upkeep\n|inactive|bajiiruu has 90 seconds left.\n|\n|t:|1771215775\n|switch|p2a: Suicune|Suicune, L82|298/298\n|-ability|p2a: Suicune|Pressure\n|turn|8\n|\n|t:|1771215793\n|move|p1a: Forretress|Spikes|p2a: Suicune\n|-sidestart|p2: bajiiruu|Spikes\n|move|p2a: Suicune|Substitute|p2a: Suicune\n|-start|p2a: Suicune|Substitute\n|-damage|p2a: Suicune|224/298\n|\n|-heal|p1a: Forretress|235/263|[from] item: Leftovers\n|-heal|p2a: Suicune|242/298|[from] item: Leftovers\n|upkeep\n|turn|9\n|\n|t:|1771215808\n|move|p1a: Forretress|Spikes|p2a: Suicune\n|-sidestart|p2: bajiiruu|Spikes\n|move|p2a: Suicune|Calm Mind|p2a: Suicune\n|-boost|p2a: Suicune|spa|1\n|-boost|p2a: Suicune|spd|1\n|\n|-heal|p1a: Forretress|251/263|[from] item: Leftovers\n|-heal|p2a: Suicune|260/298|[from] item: Leftovers\n|upkeep\n|turn|10\n|\n|t:|1771215819\n|move|p1a: Forretress|Body Press|p2a: Suicune\n|-activate|p2a: Suicune|move: Substitute|[damage]\n|move|p2a: Suicune|Calm Mind|p2a: Suicune\n|-boost|p2a: Suicune|spa|1\n|-boost|p2a: Suicune|spd|1\n|\n|-heal|p1a: Forretress|263/263|[from] item: Leftovers\n|-heal|p2a: Suicune|278/298|[from] item: Leftovers\n|upkeep\n|turn|11\n|\n|t:|1771215828\n|move|p1a: Forretress|Body Press|p2a: Suicune\n|-end|p2a: Suicune|Substitute\n|move|p2a: Suicune|Calm Mind|p2a: Suicune\n|-boost|p2a: Suicune|spa|1\n|-boost|p2a: Suicune|spd|1\n|\n|-heal|p2a: Suicune|296/298|[from] item: Leftovers\n|upkeep\n|turn|12\n|inactive|bajiiruu has 90 seconds left.\n|\n|t:|1771215837\n|move|p1a: Forretress|Body Press|p2a: Suicune\n|-damage|p2a: Suicune|232/298\n|move|p2a: Suicune|Substitute|p2a: Suicune\n|-start|p2a: Suicune|Substitute\n|-damage|p2a: Suicune|158/298\n|\n|-heal|p2a: Suicune|176/298|[from] item: Leftovers\n|upkeep\n|turn|13\n|\n|t:|1771215848\n|move|p1a: Forretress|Body Press|p2a: Suicune\n|-activate|p2a: Suicune|move: Substitute|[damage]\n|move|p2a: Suicune|Calm Mind|p2a: Suicune\n|-boost|p2a: Suicune|spa|1\n|-boost|p2a: Suicune|spd|1\n|\n|-heal|p2a: Suicune|194/298|[from] item: Leftovers\n|upkeep\n|turn|14\n|inactive|bajiiruu has 90 seconds left.\n|\n|t:|1771215866\n|move|p2a: Suicune|Protect|p2a: Suicune\n|-singleturn|p2a: Suicune|Protect\n|move|p1a: Forretress|Body Press|p2a: Suicune\n|-activate|p2a: Suicune|move: Protect\n|\n|-heal|p2a: Suicune|212/298|[from] item: Leftovers\n|upkeep\n|turn|15\n|inactive|bajiiruu has 90 seconds left.\n|\n|t:|1771215889\n|move|p1a: Forretress|Body Press|p2a: Suicune\n|-end|p2a: Suicune|Substitute\n|move|p2a: Suicune|Substitute|p2a: Suicune\n|-start|p2a: Suicune|Substitute\n|-damage|p2a: Suicune|138/298\n|\n|-heal|p2a: Suicune|156/298|[from] item: Leftovers\n|upkeep\n|turn|16\n|\n|t:|1771215908\n|move|p1a: Forretress|Body Press|p2a: Suicune\n|-activate|p2a: Suicune|move: Substitute|[damage]\n|move|p2a: Suicune|Scald|p1a: Forretress\n|-ability|p1a: Forretress|Sturdy\n|-damage|p1a: Forretress|1/263\n|\n|-heal|p1a: Forretress|17/263|[from] item: Leftovers\n|-heal|p2a: Suicune|174/298|[from] item: Leftovers\n|upkeep\n|turn|17\n|\n|t:|1771215920\n|move|p2a: Suicune|Protect|p2a: Suicune\n|-singleturn|p2a: Suicune|Protect\n|move|p1a: Forretress|Body Press|p2a: Suicune\n|-activate|p2a: Suicune|move: Protect\n|\n|-heal|p1a: Forretress|33/263|[from] item: Leftovers\n|-heal|p2a: Suicune|192/298|[from] item: Leftovers\n|upkeep\n|turn|18\n|\n|t:|1771215934\n|move|p1a: Forretress|Iron Head|p2a: Suicune\n|-resisted|p2a: Suicune\n|-end|p2a: Suicune|Substitute\n|move|p2a: Suicune|Substitute|p2a: Suicune\n|-start|p2a: Suicune|Substitute\n|-damage|p2a: Suicune|118/298\n|\n|-heal|p1a: Forretress|49/263|[from] item: Leftovers\n|-heal|p2a: Suicune|136/298|[from] item: Leftovers\n|upkeep\n|turn|19\n|inactive|Narwhal1024 has 120 seconds left.\n|\n|t:|1771215952\n|move|p2a: Suicune|Protect|p2a: Suicune\n|-singleturn|p2a: Suicune|Protect\n|move|p1a: Forretress|Iron Head|p2a: Suicune\n|-activate|p2a: Suicune|move: Protect\n|\n|-heal|p1a: Forretress|65/263|[from] item: Leftovers\n|-heal|p2a: Suicune|154/298|[from] item: Leftovers\n|upkeep\n|turn|20\n|inactive|bajiiruu has 90 seconds left.\n|\n|t:|1771215963\n|move|p1a: Forretress|Iron Head|p2a: Suicune\n|-resisted|p2a: Suicune\n|-activate|p2a: Suicune|move: Substitute|[damage]\n|move|p2a: Suicune|Calm Mind|p2a: Suicune\n|-boost|p2a: Suicune|spa|1\n|-boost|p2a: Suicune|spd|1\n|\n|-heal|p1a: Forretress|81/263|[from] item: Leftovers\n|-heal|p2a: Suicune|172/298|[from] item: Leftovers\n|upkeep\n|turn|21\n|inactive|bajiiruu has 90 seconds left.\n|\n|t:|1771215974\n|move|p2a: Suicune|Protect|p2a: Suicune\n|-singleturn|p2a: Suicune|Protect\n|move|p1a: Forretress|Spikes|p2a: Suicune\n|-sidestart|p2: bajiiruu|Spikes\n|\n|-heal|p1a: Forretress|97/263|[from] item: Leftovers\n|-heal|p2a: Suicune|190/298|[from] item: Leftovers\n|upkeep\n|turn|22\n|inactive|bajiiruu has 90 seconds left.\n|\n|t:|1771215982\n|move|p1a: Forretress|Iron Head|p2a: Suicune\n|-resisted|p2a: Suicune\n|-activate|p2a: Suicune|move: Substitute|[damage]\n|move|p2a: Suicune|Substitute|p2a: Suicune\n|-fail|p2a: Suicune|move: Substitute\n|\n|-heal|p1a: Forretress|113/263|[from] item: Leftovers\n|-heal|p2a: Suicune|208/298|[from] item: Leftovers\n|upkeep\n|turn|23\n|inactive|bajiiruu has 90 seconds left.\n|\n|t:|1771215993\n|move|p2a: Suicune|Protect|p2a: Suicune\n|-singleturn|p2a: Suicune|Protect\n|move|p1a: Forretress|Rapid Spin|p2a: Suicune\n|-activate|p2a: Suicune|move: Protect\n|\n|-heal|p1a: Forretress|129/263|[from] item: Leftovers\n|-heal|p2a: Suicune|226/298|[from] item: Leftovers\n|upkeep\n|turn|24\n|\n|t:|1771216004\n|move|p1a: Forretress|Rapid Spin|p2a: Suicune\n|-end|p2a: Suicune|Substitute\n|-boost|p1a: Forretress|spe|1\n|move|p2a: Suicune|Substitute|p2a: Suicune\n|-start|p2a: Suicune|Substitute\n|-damage|p2a: Suicune|152/298\n|\n|-heal|p1a: Forretress|145/263|[from] item: Leftovers\n|-heal|p2a: Suicune|170/298|[from] item: Leftovers\n|upkeep\n|turn|25\n|\n|t:|1771216013\n|move|p2a: Suicune|Protect|p2a: Suicune\n|-singleturn|p2a: Suicune|Protect\n|move|p1a: Forretress|Rapid Spin|p2a: Suicune\n|-activate|p2a: Suicune|move: Protect\n|\n|-heal|p1a: Forretress|161/263|[from] item: Leftovers\n|-heal|p2a: Suicune|188/298|[from] item: Leftovers\n|upkeep\n|turn|26\n|inactive|bajiiruu has 90 seconds left.\n|\n|t:|1771216034\n|move|p1a: Forretress|Rapid Spin|p2a: Suicune\n|-activate|p2a: Suicune|move: Substitute|[damage]\n|-boost|p1a: Forretress|spe|1\n|move|p2a: Suicune|Calm Mind|p2a: Suicune\n|-boost|p2a: Suicune|spa|1\n|-boost|p2a: Suicune|spd|1\n|\n|-heal|p1a: Forretress|177/263|[from] item: Leftovers\n|-heal|p2a: Suicune|206/298|[from] item: Leftovers\n|upkeep\n|turn|27\n|\n|t:|1771216044\n|move|p2a: Suicune|Protect|p2a: Suicune\n|-singleturn|p2a: Suicune|Protect\n|move|p1a: Forretress|Rapid Spin|p2a: Suicune\n|-activate|p2a: Suicune|move: Protect\n|\n|-heal|p1a: Forretress|193/263|[from] item: Leftovers\n|-heal|p2a: Suicune|224/298|[from] item: Leftovers\n|upkeep\n|turn|28\n|\n|t:|1771216065\n|move|p1a: Forretress|Iron Head|p2a: Suicune\n|-resisted|p2a: Suicune\n|-activate|p2a: Suicune|move: Substitute|[damage]\n|move|p2a: Suicune|Substitute|p2a: Suicune\n|-fail|p2a: Suicune|move: Substitute\n|\n|-heal|p1a: Forretress|209/263|[from] item: Leftovers\n|-heal|p2a: Suicune|242/298|[from] item: Leftovers\n|upkeep\n|turn|29\n|\n|t:|1771216074\n|move|p2a: Suicune|Protect|p2a: Suicune\n|-singleturn|p2a: Suicune|Protect\n|move|p1a: Forretress|Rapid Spin|p2a: Suicune\n|-activate|p2a: Suicune|move: Protect\n|\n|-heal|p1a: Forretress|225/263|[from] item: Leftovers\n|-heal|p2a: Suicune|260/298|[from] item: Leftovers\n|upkeep\n|turn|30\n|\n|t:|1771216082\n|move|p1a: Forretress|Iron Head|p2a: Suicune\n|-resisted|p2a: Suicune\n|-end|p2a: Suicune|Substitute\n|move|p2a: Suicune|Substitute|p2a: Suicune\n|-start|p2a: Suicune|Substitute\n|-damage|p2a: Suicune|186/298\n|\n|-heal|p1a: Forretress|241/263|[from] item: Leftovers\n|-heal|p2a: Suicune|204/298|[from] item: Leftovers\n|upkeep\n|turn|31\n|\n|t:|1771216091\n|move|p1a: Forretress|Iron Head|p2a: Suicune\n|-resisted|p2a: Suicune\n|-activate|p2a: Suicune|move: Substitute|[damage]\n|move|p2a: Suicune|Scald|p1a: Forretress\n|-damage|p1a: Forretress|0 fnt\n|faint|p1a: Forretress\n|\n|-heal|p2a: Suicune|222/298|[from] item: Leftovers\n|upkeep\n|c|☆bajiiruu|was it worth it\n|inactive|Narwhal1024 has 120 seconds left.\n|\n|t:|1771216123\n|switch|p1a: Florges|Florges, L85, F|271/271\n|turn|32\n|inactive|bajiiruu has 120 seconds left.\n|\n|t:|1771216131\n|move|p2a: Suicune|Scald|p1a: Florges\n|-damage|p1a: Florges|94/271\n|move|p1a: Florges|Calm Mind|p1a: Florges\n|-boost|p1a: Florges|spa|1\n|-boost|p1a: Florges|spd|1\n|\n|-heal|p2a: Suicune|240/298|[from] item: Leftovers\n|-heal|p1a: Florges|110/271|[from] item: Leftovers\n|upkeep\n|turn|33\n|\n|t:|1771216141\n|move|p2a: Suicune|Scald|p1a: Florges\n|-damage|p1a: Florges|0 fnt\n|faint|p1a: Florges\n|\n|-heal|p2a: Suicune|258/298|[from] item: Leftovers\n|upkeep\n|c|☆bajiiruu|jesus\n|c|☆bajiiruu|FREE\n|\n|t:|1771216151\n|switch|p1a: Masquerain|Masquerain, L87, M|46/264\n|-ability|p1a: Masquerain|Intimidate|boost\n|-immune|p2a: Suicune\n|turn|34\n|\n|t:|1771216162\n|move|p1a: Masquerain|Hurricane|p2a: Suicune\n|-activate|p2a: Suicune|move: Substitute|[damage]\n|move|p2a: Suicune|Scald|p1a: Masquerain\n|-damage|p1a: Masquerain|0 fnt\n|faint|p1a: Masquerain\n|\n|-heal|p2a: Suicune|276/298|[from] item: Leftovers\n|upkeep\n|c|☆bajiiruu|omg\n|c|☆bajiiruu|omg\n|c|☆bajiiruu|omg\n|c|☆bajiiruu|omg\n|inactive|Narwhal1024 has 120 seconds left.\n|c|☆bajiiruu|this is so POG\n|\n|t:|1771216182\n|switch|p1a: Dunsparce|Dunsparce, L86, F|312/312\n|turn|35\n|\n|t:|1771216188\n|move|p2a: Suicune|Scald|p1a: Dunsparce\n|-damage|p1a: Dunsparce|48/312\n|move|p1a: Dunsparce|Body Slam|p2a: Suicune\n|-end|p2a: Suicune|Substitute\n|\n|-heal|p2a: Suicune|294/298|[from] item: Leftovers\n|upkeep\n|turn|36\n|\n|t:|1771216197\n|move|p2a: Suicune|Substitute|p2a: Suicune\n|-start|p2a: Suicune|Substitute\n|-damage|p2a: Suicune|220/298\n|move|p1a: Dunsparce|Body Slam|p2a: Suicune\n|-activate|p2a: Suicune|move: Substitute|[damage]\n|\n|-heal|p2a: Suicune|238/298|[from] item: Leftovers\n|upkeep\n|turn|37\n|\n|t:|1771216208\n|move|p2a: Suicune|Protect|p2a: Suicune\n|-singleturn|p2a: Suicune|Protect\n|move|p1a: Dunsparce|Body Slam|p2a: Suicune\n|-activate|p2a: Suicune|move: Protect\n|\n|-heal|p2a: Suicune|256/298|[from] item: Leftovers\n|upkeep\n|turn|38\n|\n|t:|1771216217\n|move|p2a: Suicune|Scald|p1a: Dunsparce\n|-damage|p1a: Dunsparce|0 fnt\n|faint|p1a: Dunsparce\n|\n|-heal|p2a: Suicune|274/298|[from] item: Leftovers\n|upkeep\n|\n|t:|1771216233\n|switch|p1a: Porygon-Z|Porygon-Z, L83|277/277\n|-ability|p1a: Porygon-Z|Download|boost\n|-boost|p1a: Porygon-Z|atk|1\n|turn|39\n|\n|t:|1771216244\n|move|p1a: Porygon-Z|Tri Attack|p2a: Suicune\n|-end|p2a: Suicune|Substitute\n|-damage|p1a: Porygon-Z|250/277|[from] item: Life Orb\n|move|p2a: Suicune|Scald|p1a: Porygon-Z\n|-damage|p1a: Porygon-Z|0 fnt\n|faint|p1a: Porygon-Z\n|\n|-heal|p2a: Suicune|292/298|[from] item: Leftovers\n|upkeep\n|\n|t:|1771216256\n|switch|p1a: Cinderace|Cinderace, L77, F|249/249\n|turn|40\n|c|☆bajiiruu|??????????????????????\n|\n|t:|1771216265\n|move|p1a: Cinderace|High Jump Kick|p2a: Suicune\n|-start|p1a: Cinderace|typechange|Fighting|[from] ability: Libero\n|-damage|p2a: Suicune|138/298\n|move|p2a: Suicune|Scald|p1a: Cinderace\n|-damage|p1a: Cinderace|0 fnt\n|faint|p1a: Cinderace\n|\n|win|bajiiruu\n|raw|Narwhal1024's rating: 1590 &rarr; <strong>1571</strong><br />(-19 for losing)\n|raw|bajiiruu's rating: 1605 &rarr; <strong>1624</strong><br />(+19 for winning)\n|c|☆bajiiruu|no way ur 1600\n|c|☆Narwhal1024|Gg\n|c|☆bajiiruu|oh thank god\n", "inputlog": ">version 686819e5e19f8a7fd2345cfc5a08a5085efa2cc3\n>start {\"formatid\":\"gen9randombattle\",\"seed\":\"sodium,8a033e6401ef6c8b38bc083500d65aa9\",\"rated\":\"Rated battle\"}\n>player p1 {\"name\":\"Narwhal1024\",\"avatar\":\"clay\",\"rating\":1590,\"seed\":\"sodium,ecc76c171aa12d129de1a34a7bf8d489\"}\n>player p2 {\"name\":\"bajiiruu\",\"avatar\":\"preschooler\",\"rating\":1605,\"seed\":\"sodium,f1dd1f493206b2012c6cbc5e0fd8a941\"}\n>p1 move quiverdance\n>p2 move shedtail\n>p2 switch 4\n>p1 move bugbuzz\n>p2 move stealthrock\n>p1 move bugbuzz\n>p2 move throatchop terastallize\n>p1 move hydropump\n>p2 move suckerpunch\n>p1 switch 4\n>p2 move suckerpunch\n>p1 move rapidspin\n>p2 move throatchop\n>p1 move rapidspin\n>p2 move throatchop\n>p2 switch 2\n>p1 move spikes\n>p2 move substitute\n>p1 move spikes\n>p2 move calmmind\n>p1 move bodypress\n>p2 move calmmind\n>p1 move bodypress\n>p2 move calmmind\n>p1 move bodypress\n>p2 move substitute\n>p1 move bodypress\n>p2 move calmmind\n>p1 move bodypress\n>p2 move protect\n>p1 move bodypress\n>p2 move substitute\n>p1 move bodypress\n>p2 move scald\n>p1 move bodypress\n>p2 move protect\n>p1 move ironhead\n>p2 move substitute\n>p1 move ironhead\n>p2 move protect\n>p1 move ironhead\n>p2 move calmmind\n>p1 move spikes\n>p2 move protect\n>p1 move ironhead\n>p2 move substitute\n>p1 move rapidspin\n>p2 move protect\n>p1 move rapidspin\n>p2 move substitute\n>p1 move rapidspin\n>p2 move protect\n>p1 move rapidspin\n>p2 move calmmind\n>p1 move rapidspin\n>p2 move protect\n>p1 move ironhead\n>p2 move substitute\n>p1 move rapidspin\n>p2 move protect\n>p1 move ironhead\n>p2 move substitute\n>p1 move ironhead\n>p2 move scald\n>chat ☆bajiiruu|was it worth it\n>p1 switch 3\n>p1 move calmmind\n>p2 move scald\n>p1 move synthesis\n>p2 move scald\n>chat ☆bajiiruu|jesus\n>chat ☆bajiiruu|FREE\n>p1 switch 4\n>p1 move hurricane\n>p2 move scald\n>chat ☆bajiiruu|omg\n>chat ☆bajiiruu|omg\n>chat ☆bajiiruu|omg\n>chat ☆bajiiruu|omg\n>chat ☆bajiiruu|this is so POG\n>p1 switch 2\n>p1 move bodyslam\n>p2 move scald\n>p1 move bodyslam\n>p2 move substitute\n>p1 move bodyslam\n>p2 move protect\n>p1 move bodyslam\n>p2 move scald\n>p1 switch 5\n>p1 move triattack\n>p2 move scald\n>p1 switch 6\n>chat ☆bajiiruu|??????????????????????\n>p1 move highjumpkick\n>p2 move scald", "uploadtime": 1771216282, "views": 13, "formatid": "gen9randombattle", "rating": 1571, "private": 0, "password": null}