{"id": "gen9randombattle-2540367715", "format": "[Gen 9] Random Battle", "players": ["BrutalBjoern", "justanab"], "log": "|j|☆BrutalBjoern\n|j|☆justanab\n|t:|1771193637\n|gametype|singles\n|player|p1|BrutalBjoern|lady-gen4|1811\n|player|p2|justanab|1|1851\n|gen|9\n|tier|[Gen 9] Random Battle\n|rated|\n|rule|Species Clause: Limit one of each Pokémon\n|rule|HP Percentage Mod: HP is shown in percentages\n|rule|Sleep Clause Mod: Limit one foe put to sleep\n|rule|Illusion Level Mod: Illusion disguises the Pokémon's true level\n|\n|t:|1771193637\n|teamsize|p1|6\n|teamsize|p2|6\n|start\n|switch|p1a: Iron Crown|Iron Crown, L78|268/268\n|switch|p2a: Sceptile|Sceptile, L87, M|264/264\n|turn|1\n|inactive|Battle timer is ON: inactive players will automatically lose when time's up. (requested by justanab)\n|\n|t:|1771193661\n|move|p2a: Sceptile|Swords Dance|p2a: Sceptile\n|-boost|p2a: Sceptile|atk|2\n|move|p1a: Iron Crown|Tachyon Cutter|p2a: Sceptile\n|-damage|p2a: Sceptile|209/264\n|-damage|p2a: Sceptile|155/264\n|-hitcount|p2a: Sceptile|2\n|\n|upkeep\n|turn|2\n|inactive|BrutalBjoern has 120 seconds left.\n|\n|t:|1771193720\n|-end|p1a: Iron Crown|Quark Drive|[silent]\n|switch|p1a: Mabosstiff|Mabosstiff, L86, F|278/278\n|move|p2a: Sceptile|Earthquake|p1a: Mabosstiff\n|-damage|p1a: Mabosstiff|110/278\n|-damage|p2a: Sceptile|129/264|[from] item: Life Orb\n|\n|upkeep\n|turn|3\n|\n|t:|1771193728\n|move|p1a: Mabosstiff|Crunch|p2a: Sceptile\n|-damage|p2a: Sceptile|0 fnt\n|faint|p2a: Sceptile\n|\n|upkeep\n|\n|t:|1771193731\n|switch|p2a: Bellibolt|Bellibolt, L84, M|320/320\n|turn|4\n|\n|t:|1771193743\n|switch|p1a: Rhyperior|Rhyperior, L82, M|323/323\n|move|p2a: Bellibolt|Thunderbolt|p1a: Rhyperior\n|-immune|p1a: Rhyperior\n|\n|upkeep\n|turn|5\n|\n|t:|1771193748\n|move|p2a: Bellibolt|Muddy Water|p1a: Rhyperior\n|-supereffective|p1a: Rhyperior\n|-damage|p1a: Rhyperior|23/323\n|-enditem|p1a: Rhyperior|Weakness Policy\n|-boost|p1a: Rhyperior|atk|2|[from] item: Weakness Policy\n|-boost|p1a: Rhyperior|spa|2|[from] item: Weakness Policy\n|move|p1a: Rhyperior|Earthquake|p2a: Bellibolt\n|-supereffective|p2a: Bellibolt\n|-damage|p2a: Bellibolt|0 fnt\n|faint|p2a: Bellibolt\n|\n|upkeep\n|\n|t:|1771193760\n|switch|p2a: Arboliva|Arboliva, L91, M|288/288\n|turn|6\n|\n|t:|1771193767\n|move|p2a: Arboliva|Hyper Voice|p1a: Rhyperior\n|-resisted|p1a: Rhyperior\n|-damage|p1a: Rhyperior|0 fnt\n|faint|p1a: Rhyperior\n|\n|upkeep\n|inactive|BrutalBjoern has 120 seconds left.\n|\n|t:|1771193778\n|switch|p1a: Volcarona|Volcarona, L77, F|257/257\n|turn|7\n|inactive|justanab has 120 seconds left.\n|\n|t:|1771193809\n|switch|p2a: Basculegion|Basculegion-F, L83, F|335/335\n|move|p1a: Volcarona|Quiver Dance|p1a: Volcarona\n|-boost|p1a: Volcarona|spa|1\n|-boost|p1a: Volcarona|spd|1\n|-boost|p1a: Volcarona|spe|1\n|\n|upkeep\n|turn|8\n|\n|t:|1771193826\n|switch|p1a: Poliwrath|Poliwrath, L88, F|302/302\n|move|p2a: Basculegion|Wave Crash|p1a: Poliwrath\n|-immune|p1a: Poliwrath|[from] ability: Water Absorb\n|\n|upkeep\n|turn|9\n|\n|t:|1771193834\n|move|p2a: Basculegion|Shadow Ball|p1a: Poliwrath\n|-damage|p1a: Poliwrath|202/302\n|-unboost|p1a: Poliwrath|spd|1\n|move|p1a: Poliwrath|Poison Jab|p2a: Basculegion\n|-resisted|p2a: Basculegion\n|-damage|p2a: Basculegion|295/335\n|\n|-heal|p1a: Poliwrath|220/302|[from] item: Leftovers\n|upkeep\n|turn|10\n|\n|t:|1771193848\n|switch|p1a: Mabosstiff|Mabosstiff, L86, F|110/278\n|move|p2a: Basculegion|Shadow Ball|p1a: Mabosstiff\n|-resisted|p1a: Mabosstiff\n|-damage|p1a: Mabosstiff|49/278\n|-unboost|p1a: Mabosstiff|spd|1\n|\n|upkeep\n|turn|11\n|\n|t:|1771193855\n|-terastallize|p2a: Basculegion|Water\n|move|p1a: Mabosstiff|Crunch|p2a: Basculegion\n|-damage|p2a: Basculegion|162/335\n|move|p2a: Basculegion|Shadow Ball|p1a: Mabosstiff\n|-resisted|p1a: Mabosstiff\n|-damage|p1a: Mabosstiff|0 fnt\n|faint|p1a: Mabosstiff\n|\n|upkeep\n|\n|t:|1771193862\n|switch|p1a: Clawitzer|Clawitzer, L87, F|265/265\n|turn|12\n|\n|t:|1771193867\n|move|p2a: Basculegion|Flip Turn|p1a: Clawitzer\n|-resisted|p1a: Clawitzer\n|-damage|p1a: Clawitzer|219/265\n|\n|t:|1771193869\n|switch|p2a: Arboliva|Arboliva, L91, M|288/288|[from] Flip Turn\n|move|p1a: Clawitzer|Dragon Pulse|p2a: Arboliva\n|-damage|p2a: Arboliva|192/288\n|\n|upkeep\n|turn|13\n|\n|t:|1771193875\n|move|p1a: Clawitzer|U-turn|p2a: Arboliva\n|-supereffective|p2a: Arboliva\n|-damage|p2a: Arboliva|112/288\n|-enditem|p2a: Arboliva|Sitrus Berry|[eat]\n|-heal|p2a: Arboliva|184/288|[from] item: Sitrus Berry\n|\n|t:|1771193883\n|switch|p1a: Iron Crown|Iron Crown, L78|268/268|[from] U-turn\n|move|p2a: Arboliva|Substitute|p2a: Arboliva\n|-start|p2a: Arboliva|Substitute\n|-damage|p2a: Arboliva|112/288\n|\n|upkeep\n|turn|14\n|\n|t:|1771193891\n|move|p1a: Iron Crown|Calm Mind|p1a: Iron Crown\n|-boost|p1a: Iron Crown|spa|1\n|-boost|p1a: Iron Crown|spd|1\n|move|p2a: Arboliva|Leech Seed|p1a: Iron Crown\n|-start|p1a: Iron Crown|move: Leech Seed\n|\n|-damage|p1a: Iron Crown|235/268|[from] Leech Seed|[of] p2a: Arboliva\n|-heal|p2a: Arboliva|145/288|[silent]\n|upkeep\n|turn|15\n|l|☆justanab\n|inactive|justanab disconnected and has a minute to reconnect!\n|player|p2|\n|j|☆justanab\n|inactive|justanab reconnected and has 120 seconds left.\n|player|p2|justanab|1|\n|\n|t:|1771193929\n|move|p2a: Arboliva|Protect|p2a: Arboliva\n|-singleturn|p2a: Arboliva|Protect\n|move|p1a: Iron Crown|Calm Mind|p1a: Iron Crown\n|-boost|p1a: Iron Crown|spa|1\n|-boost|p1a: Iron Crown|spd|1\n|\n|-heal|p1a: Iron Crown|251/268|[from] item: Leftovers\n|-damage|p1a: Iron Crown|218/268|[from] Leech Seed|[of] p2a: Arboliva\n|-heal|p2a: Arboliva|178/288|[silent]\n|-item|p2a: Arboliva|Sitrus Berry|[from] ability: Harvest\n|upkeep\n|turn|16\n|\n|t:|1771193943\n|move|p1a: Iron Crown|Tachyon Cutter|p2a: Arboliva\n|-end|p2a: Arboliva|Substitute\n|-damage|p2a: Arboliva|97/288\n|-enditem|p2a: Arboliva|Sitrus Berry|[eat]\n|-heal|p2a: Arboliva|169/288|[from] item: Sitrus Berry\n|-hitcount|p2a: Arboliva|2\n|move|p2a: Arboliva|Hyper Voice|p1a: Iron Crown\n|-resisted|p1a: Iron Crown\n|-damage|p1a: Iron Crown|188/268\n|\n|-heal|p1a: Iron Crown|204/268|[from] item: Leftovers\n|-damage|p1a: Iron Crown|171/268|[from] Leech Seed|[of] p2a: Arboliva\n|-heal|p2a: Arboliva|202/288|[silent]\n|upkeep\n|turn|17\n|inactive|justanab has 120 seconds left.\n|l|☆justanab\n|inactive|justanab disconnected and has a minute to reconnect!\n|player|p2|\n|j|☆justanab\n|inactive|justanab reconnected and has 90 seconds left.\n|player|p2|justanab|1|\n|\n|t:|1771193997\n|-terastallize|p1a: Iron Crown|Steel\n|move|p1a: Iron Crown|Tachyon Cutter|p2a: Arboliva\n|-damage|p2a: Arboliva|90/288\n|-damage|p2a: Arboliva|0 fnt\n|faint|p2a: Arboliva\n|-hitcount|p2: Arboliva|2\n|\n|-heal|p1a: Iron Crown|187/268|[from] item: Leftovers\n|upkeep\n|\n|t:|1771194003\n|switch|p2a: Deoxys|Deoxys-Attack, L72|191/191\n|-ability|p2a: Deoxys|Pressure\n|turn|18\n|\n|t:|1771194011\n|-end|p1a: Iron Crown|Quark Drive|[silent]\n|switch|p1a: Volcarona|Volcarona, L77, F|257/257\n|move|p2a: Deoxys|Superpower|p1a: Volcarona\n|-resisted|p1a: Volcarona\n|-crit|p1a: Volcarona\n|-damage|p1a: Volcarona|123/257\n|-unboost|p2a: Deoxys|atk|1\n|-unboost|p2a: Deoxys|def|1\n|-damage|p2a: Deoxys|172/191|[from] item: Life Orb\n|\n|upkeep\n|turn|19\n|\n|t:|1771194023\n|move|p2a: Deoxys|Psycho Boost|p1a: Volcarona\n|-damage|p1a: Volcarona|0 fnt\n|-unboost|p2a: Deoxys|spa|2\n|faint|p1a: Volcarona\n|-damage|p2a: Deoxys|153/191|[from] item: Life Orb\n|\n|upkeep\n|\n|t:|1771194033\n|switch|p1a: Iron Crown|Iron Crown, L78, tera:Steel|187/268\n|turn|20\n|\n|t:|1771194038\n|switch|p2a: Inteleon|Inteleon, L81, F|246/246\n|move|p1a: Iron Crown|Tachyon Cutter|p2a: Inteleon\n|-resisted|p2a: Inteleon\n|-damage|p2a: Inteleon|193/246\n|-resisted|p2a: Inteleon\n|-damage|p2a: Inteleon|144/246\n|-hitcount|p2a: Inteleon|2\n|\n|-heal|p1a: Iron Crown|203/268|[from] item: Leftovers\n|upkeep\n|turn|21\n|\n|t:|1771194050\n|-end|p1a: Iron Crown|Quark Drive|[silent]\n|switch|p1a: Clawitzer|Clawitzer, L87, F|219/265\n|move|p2a: Inteleon|U-turn|p1a: Clawitzer\n|-damage|p1a: Clawitzer|175/265\n|\n|t:|1771194055\n|switch|p2a: Basculegion|Basculegion-F, L83, F, tera:Water|162/335|[from] U-turn\n|\n|upkeep\n|turn|22\n|\n|t:|1771194059\n|move|p2a: Basculegion|Shadow Ball|p1a: Clawitzer\n|-crit|p1a: Clawitzer\n|-damage|p1a: Clawitzer|96/265\n|move|p1a: Clawitzer|Dragon Pulse|p2a: Basculegion\n|-crit|p2a: Basculegion\n|-damage|p2a: Basculegion|30/335\n|\n|upkeep\n|turn|23\n|\n|t:|1771194065\n|move|p2a: Basculegion|Shadow Ball|p1a: Clawitzer\n|-damage|p1a: Clawitzer|45/265\n|move|p1a: Clawitzer|Dark Pulse|p2a: Basculegion\n|-damage|p2a: Basculegion|0 fnt\n|faint|p2a: Basculegion\n|\n|upkeep\n|\n|t:|1771194068\n|switch|p2a: Deoxys|Deoxys-Attack, L72|153/191\n|-ability|p2a: Deoxys|Pressure\n|turn|24\n|\n|t:|1771194070\n|move|p2a: Deoxys|Knock Off|p1a: Clawitzer\n|-damage|p1a: Clawitzer|0 fnt\n|-enditem|p1a: Clawitzer|Assault Vest|[from] move: Knock Off|[of] p2a: Deoxys\n|faint|p1a: Clawitzer\n|-damage|p2a: Deoxys|134/191|[from] item: Life Orb\n|\n|upkeep\n|\n|t:|1771194081\n|switch|p1a: Poliwrath|Poliwrath, L88, F|220/302\n|turn|25\n|\n|t:|1771194087\n|move|p2a: Deoxys|Psycho Boost|p1a: Poliwrath\n|-supereffective|p1a: Poliwrath\n|-damage|p1a: Poliwrath|0 fnt\n|-unboost|p2a: Deoxys|spa|2\n|faint|p1a: Poliwrath\n|-damage|p2a: Deoxys|115/191|[from] item: Life Orb\n|\n|upkeep\n|\n|t:|1771194090\n|switch|p1a: Iron Crown|Iron Crown, L78, tera:Steel|203/268\n|turn|26\n|\n|t:|1771194092\n|move|p2a: Deoxys|Superpower|p1a: Iron Crown\n|-supereffective|p1a: Iron Crown\n|-damage|p1a: Iron Crown|0 fnt\n|-unboost|p2a: Deoxys|atk|1\n|-unboost|p2a: Deoxys|def|1\n|faint|p1a: Iron Crown\n|-end|p1a: Iron Crown|Quark Drive|[silent]\n|-damage|p2a: Deoxys|96/191|[from] item: Life Orb\n|\n|win|justanab\n|raw|BrutalBjoern's rating: 1811 &rarr; <strong>1793</strong><br />(-18 for losing)\n|raw|justanab's rating: 1851 &rarr; <strong>1869</strong><br />(+18 for winning)\n", "inputlog": ">version 686819e5e19f8a7fd2345cfc5a08a5085efa2cc3\n>start {\"formatid\":\"gen9randombattle\",\"seed\":\"sodium,87d793099cd7f1b7e4f2ad0b4bb554f5\",\"rated\":\"Rated battle\"}\n>player p1 {\"name\":\"BrutalBjoern\",\"avatar\":\"lady-gen4\",\"rating\":1811,\"seed\":\"sodium,d97a8c79ea21e1a406e0e58692809f8f\"}\n>player p2 {\"name\":\"justanab\",\"avatar\":\"1\",\"rating\":1851,\"seed\":\"sodium,c04ebf8493bc653a32dbf409da9e6467\"}\n>p1 move tachyoncutter\n>p2 move swordsdance\n>p1 switch 6\n>p2 move earthquake\n>p1 move crunch\n>p2 move leafblade\n>p2 switch 6\n>p1 switch 3\n>p2 move thunderbolt\n>p1 move earthquake\n>p2 move muddywater\n>p2 switch 2\n>p1 move rockpolish\n>p2 move hypervoice\n>p1 switch 2\n>p1 move quiverdance\n>p2 switch 5\n>p1 switch 5\n>p2 move wavecrash\n>p1 move poisonjab\n>p2 move shadowball\n>p1 switch 3\n>p2 move shadowball\n>p1 move crunch\n>p2 move shadowball terastallize\n>p1 switch 4\n>p1 move dragonpulse\n>p2 move flipturn\n>p2 switch 5\n>p1 move uturn\n>p2 move substitute\n>p1 switch 6\n>p1 move calmmind\n>p2 move leechseed\n>p1 move calmmind\n>p2 move protect\n>p1 move tachyoncutter\n>p2 move hypervoice\n>p1 move tachyoncutter terastallize\n>p2 move hypervoice\n>p2 switch 3\n>p1 switch 5\n>p2 move superpower\n>p1 move bugbuzz\n>p2 move psychoboost\n>p1 switch 5\n>p1 move tachyoncutter\n>p2 switch 4\n>p1 switch 6\n>p2 move uturn\n>p2 switch 5\n>p1 move dragonpulse\n>p2 move shadowball\n>p1 move darkpulse\n>p2 move shadowball\n>p2 switch 4\n>p1 move darkpulse\n>p2 move knockoff\n>p1 switch 3\n>p1 move liquidation\n>p2 move psychoboost\n>p1 switch 6\n>p1 move tachyoncutter\n>p2 move superpower", "uploadtime": 1771194092, "views": 5, "formatid": "gen9randombattle", "rating": 1793, "private": 0, "password": null}