{"id": "gen9randombattle-2540793149", "format": "[Gen 9] Random Battle", "players": ["YSSXYX", "sunyata"], "log": "|j|☆YSSXYX\n|j|☆sunyata\n|t:|1771254611\n|gametype|singles\n|player|p1|YSSXYX|guitarist|1674\n|player|p2|sunyata|101|1630\n|gen|9\n|tier|[Gen 9] Random Battle\n|rated|\n|rule|Species Clause: Limit one of each Pokémon\n|rule|HP Percentage Mod: HP is shown in percentages\n|rule|Sleep Clause Mod: Limit one foe put to sleep\n|rule|Illusion Level Mod: Illusion disguises the Pokémon's true level\n|\n|t:|1771254611\n|teamsize|p1|6\n|teamsize|p2|6\n|start\n|switch|p1a: Qwilfish|Qwilfish, L86, M|252/252\n|switch|p2a: Stonjourner|Stonjourner, L91, M|330/330\n|-ability|p1a: Qwilfish|Intimidate|boost\n|-unboost|p2a: Stonjourner|atk|1\n|turn|1\n|inactive|Battle timer is ON: inactive players will automatically lose when time's up. (requested by YSSXYX)\n|c|☆YSSXYX|M按！\n|\n|t:|1771254640\n|switch|p2a: Skarmory|Skarmory, L80, F|235/235\n|move|p1a: Qwilfish|Thunder Wave|p2a: Skarmory\n|-status|p2a: Skarmory|par\n|\n|upkeep\n|turn|2\n|\n|t:|1771254648\n|move|p1a: Qwilfish|Flip Turn|p2a: Skarmory\n|-damage|p2a: Skarmory|189/235 par\n|inactive|YSSXYX has 120 seconds left.\n|\n|t:|1771254681\n|switch|p1a: Spidops|Spidops, L96, F|271/271|[from] Flip Turn\n|cant|p2a: Skarmory|par\n|\n|-heal|p2a: Skarmory|203/235 par|[from] item: Leftovers\n|upkeep\n|turn|3\n|\n|t:|1771254697\n|move|p1a: Spidops|Sticky Web|p2a: Skarmory\n|-sidestart|p2: sunyata|move: Sticky Web\n|move|p2a: Skarmory|Brave Bird|p1a: Spidops\n|-supereffective|p1a: Spidops\n|-damage|p1a: Spidops|109/271\n|-damage|p2a: Skarmory|150/235 par|[from] Recoil\n|\n|-heal|p2a: Skarmory|164/235 par|[from] item: Leftovers\n|upkeep\n|turn|4\n|\n|t:|1771254709\n|move|p1a: Spidops|Toxic Spikes|p2a: Skarmory\n|-sidestart|p2: sunyata|move: Toxic Spikes\n|cant|p2a: Skarmory|par\n|\n|-heal|p2a: Skarmory|178/235 par|[from] item: Leftovers\n|upkeep\n|turn|5\n|\n|t:|1771254713\n|move|p1a: Spidops|Toxic Spikes|p2a: Skarmory\n|-sidestart|p2: sunyata|move: Toxic Spikes\n|move|p2a: Skarmory|Brave Bird|p1a: Spidops\n|-supereffective|p1a: Spidops\n|-damage|p1a: Spidops|0 fnt\n|faint|p1a: Spidops\n|-damage|p2a: Skarmory|142/235 par|[from] Recoil\n|\n|-heal|p2a: Skarmory|156/235 par|[from] item: Leftovers\n|upkeep\n|\n|t:|1771254718\n|switch|p1a: Oricorio|Oricorio, L84, F|263/263\n|turn|6\n|\n|t:|1771254729\n|switch|p2a: Kleavor|Kleavor, L78, M|237/237\n|move|p1a: Oricorio|Quiver Dance|p1a: Oricorio\n|-boost|p1a: Oricorio|spa|1\n|-boost|p1a: Oricorio|spd|1\n|-boost|p1a: Oricorio|spe|1\n|\n|upkeep\n|turn|7\n|\n|t:|1771254748\n|-terastallize|p1a: Oricorio|Ground\n|move|p1a: Oricorio|Quiver Dance|p1a: Oricorio\n|-boost|p1a: Oricorio|spa|1\n|-boost|p1a: Oricorio|spd|1\n|-boost|p1a: Oricorio|spe|1\n|move|p2a: Kleavor|Stone Axe|p1a: Oricorio\n|-resisted|p1a: Oricorio\n|-damage|p1a: Oricorio|189/263\n|-sidestart|p1: YSSXYX|move: Stealth Rock\n|\n|upkeep\n|turn|8\n|\n|t:|1771254775\n|move|p1a: Oricorio|Revelation Dance|p2a: Kleavor\n|-damage|p2a: Kleavor|8/237\n|move|p2a: Kleavor|Close Combat|p1a: Oricorio\n|-damage|p1a: Oricorio|67/263\n|-unboost|p2a: Kleavor|def|1\n|-unboost|p2a: Kleavor|spd|1\n|\n|upkeep\n|turn|9\n|inactive|YSSXYX has 120 seconds left.\n|\n|t:|1771254811\n|move|p1a: Oricorio|Roost|p1a: Oricorio\n|-heal|p1a: Oricorio|199/263\n|move|p2a: Kleavor|Close Combat|p1a: Oricorio\n|-damage|p1a: Oricorio|90/263\n|-unboost|p2a: Kleavor|def|1\n|-unboost|p2a: Kleavor|spd|1\n|\n|upkeep\n|turn|10\n|\n|t:|1771254819\n|move|p1a: Oricorio|Roost|p1a: Oricorio\n|-heal|p1a: Oricorio|222/263\n|move|p2a: Kleavor|Close Combat|p1a: Oricorio\n|-damage|p1a: Oricorio|103/263\n|-unboost|p2a: Kleavor|def|1\n|-unboost|p2a: Kleavor|spd|1\n|\n|upkeep\n|turn|11\n|\n|t:|1771254823\n|move|p1a: Oricorio|Roost|p1a: Oricorio\n|-heal|p1a: Oricorio|235/263\n|move|p2a: Kleavor|Close Combat|p1a: Oricorio\n|-damage|p1a: Oricorio|114/263\n|-unboost|p2a: Kleavor|def|1\n|-unboost|p2a: Kleavor|spd|1\n|\n|upkeep\n|turn|12\n|\n|t:|1771254832\n|move|p1a: Oricorio|Roost|p1a: Oricorio\n|-heal|p1a: Oricorio|246/263\n|move|p2a: Kleavor|Close Combat|p1a: Oricorio\n|-damage|p1a: Oricorio|122/263\n|-unboost|p2a: Kleavor|def|1\n|-unboost|p2a: Kleavor|spd|1\n|\n|upkeep\n|turn|13\n|\n|t:|1771254835\n|move|p1a: Oricorio|Revelation Dance|p2a: Kleavor\n|-damage|p2a: Kleavor|0 fnt\n|faint|p2a: Kleavor\n|\n|upkeep\n|\n|t:|1771254842\n|switch|p2a: Scizor|Scizor, L79, F|240/240\n|-activate|p2a: Scizor|move: Sticky Web\n|-unboost|p2a: Scizor|spe|1\n|turn|14\n|\n|t:|1771254848\n|-terastallize|p2a: Scizor|Steel\n|move|p2a: Scizor|Bullet Punch|p1a: Oricorio\n|-damage|p1a: Oricorio|4/263\n|move|p1a: Oricorio|Hurricane|p2a: Scizor\n|-resisted|p2a: Scizor\n|-damage|p2a: Scizor|117/240\n|-start|p2a: Scizor|confusion\n|\n|-heal|p2a: Scizor|132/240|[from] item: Leftovers\n|upkeep\n|turn|15\n|\n|t:|1771254854\n|-activate|p2a: Scizor|confusion\n|-damage|p2a: Scizor|103/240|[from] confusion\n|move|p1a: Oricorio|Roost|p1a: Oricorio\n|-heal|p1a: Oricorio|136/263\n|\n|-heal|p2a: Scizor|118/240|[from] item: Leftovers\n|upkeep\n|turn|16\n|\n|t:|1771254860\n|-end|p2a: Scizor|confusion\n|move|p2a: Scizor|Bullet Punch|p1a: Oricorio\n|-damage|p1a: Oricorio|24/263\n|move|p1a: Oricorio|Revelation Dance|p2a: Scizor\n|-supereffective|p2a: Scizor\n|-damage|p2a: Scizor|0 fnt\n|faint|p2a: Scizor\n|\n|upkeep\n|\n|t:|1771254867\n|switch|p2a: Skarmory|Skarmory, L80, F|235/235\n|-activate|p2a: Skarmory|move: Sticky Web\n|-unboost|p2a: Skarmory|spe|1\n|-status|p2a: Skarmory|tox\n|turn|17\n|-message|sunyata forfeited.\n|\n|win|YSSXYX\n|raw|YSSXYX's rating: 1674 &rarr; <strong>1691</strong><br />(+17 for winning)\n|raw|sunyata's rating: 1630 &rarr; <strong>1613</strong><br />(-17 for losing)\n|l|☆sunyata\n|player|p2|\n|c|☆YSSXYX|hahaha\n", "inputlog": ">version 686819e5e19f8a7fd2345cfc5a08a5085efa2cc3\n>start {\"formatid\":\"gen9randombattle\",\"seed\":\"sodium,92b4fb7d3715aaef419587de2a729673\",\"rated\":\"Rated battle\"}\n>player p1 {\"name\":\"YSSXYX\",\"avatar\":\"guitarist\",\"rating\":1674,\"seed\":\"sodium,401dd2cf64efb28011c868d9c8880ef4\"}\n>player p2 {\"name\":\"sunyata\",\"avatar\":\"101\",\"rating\":1630,\"seed\":\"sodium,542863ff9e84bb2c96127a0e98095940\"}\n>chat ☆YSSXYX|M按！\n>p1 move thunderwave\n>p2 switch 3\n>p1 move flipturn\n>p2 move irondefense\n>p1 switch 5\n>p1 move stickyweb\n>p2 move bravebird\n>p1 move toxicspikes\n>p2 move bravebird\n>p1 move toxicspikes\n>p2 move bravebird\n>p1 switch 4\n>p1 move quiverdance\n>p2 switch 6\n>p1 move quiverdance terastallize\n>p2 move stoneaxe\n>p1 move revelationdance\n>p2 move closecombat\n>p1 move roost\n>p2 move closecombat\n>p1 move roost\n>p2 move closecombat\n>p1 move roost\n>p2 move closecombat\n>p1 move roost\n>p2 move closecombat\n>p1 move revelationdance\n>p2 move closecombat\n>p2 switch 4\n>p1 move hurricane\n>p2 move bulletpunch terastallize\n>p1 move roost\n>p2 move bulletpunch\n>p1 move revelationdance\n>p2 move bulletpunch\n>p2 switch 5\n>forcelose p2", "uploadtime": 1771254997, "views": 7, "formatid": "gen9randombattle", "rating": 1613, "private": 0, "password": null}