{"id": "gen9randombattle-2540449865", "format": "[Gen 9] Random Battle", "players": ["codetaku", "grass1234567"], "log": "|j|☆codetaku\n|j|☆grass1234567\n|t:|1771203476\n|gametype|singles\n|player|p1|codetaku|1|2031\n|player|p2|grass1234567|pokemaniac|2035\n|gen|9\n|tier|[Gen 9] Random Battle\n|rated|\n|rule|Species Clause: Limit one of each Pokémon\n|rule|HP Percentage Mod: HP is shown in percentages\n|rule|Sleep Clause Mod: Limit one foe put to sleep\n|rule|Illusion Level Mod: Illusion disguises the Pokémon's true level\n|\n|t:|1771203476\n|teamsize|p1|6\n|teamsize|p2|6\n|start\n|switch|p1a: Probopass|Probopass, L91, M|257/257\n|switch|p2a: Politoed|Politoed, L88, F|302/302\n|-weather|RainDance|[from] ability: Drizzle|[of] p2a: Politoed\n|turn|1\n|\n|t:|1771203498\n|switch|p1a: Tatsugiri|Tatsugiri, L87, F|260/260\n|move|p2a: Politoed|Hypnosis|p1a: Tatsugiri\n|-status|p1a: Tatsugiri|slp|[from] move: Hypnosis\n|\n|-weather|RainDance|[upkeep]\n|upkeep\n|turn|2\n|\n|t:|1771203532\n|switch|p2a: Hitmonchan|Hitmonchan, L87, M|229/229\n|cant|p1a: Tatsugiri|slp\n|\n|-weather|RainDance|[upkeep]\n|upkeep\n|turn|3\n|\n|t:|1771203546\n|switch|p1a: Zacian|Zacian, L69|241/241\n|-ability|p1a: Zacian|Intrepid Sword|boost\n|-boost|p1a: Zacian|atk|1\n|move|p2a: Hitmonchan|Drain Punch|p1a: Zacian\n|-resisted|p1a: Zacian\n|-damage|p1a: Zacian|170/241\n|-damage|p2a: Hitmonchan|207/229|[from] item: Life Orb\n|\n|-weather|RainDance|[upkeep]\n|upkeep\n|turn|4\n|\n|t:|1771203569\n|switch|p2a: Cinderace|Cinderace, L77, F|249/249\n|move|p1a: Zacian|Swords Dance|p1a: Zacian\n|-boost|p1a: Zacian|atk|2\n|\n|-weather|RainDance|[upkeep]\n|upkeep\n|turn|5\n|\n|t:|1771203594\n|-terastallize|p1a: Zacian|Fighting\n|move|p1a: Zacian|Close Combat|p2a: Cinderace\n|-damage|p2a: Cinderace|0 fnt\n|-unboost|p1a: Zacian|def|1\n|-unboost|p1a: Zacian|spd|1\n|faint|p2a: Cinderace\n|-damage|p1a: Zacian|146/241|[from] item: Life Orb\n|\n|-weather|none\n|upkeep\n|\n|t:|1771203610\n|switch|p2a: Ho-Oh|Ho-Oh, L71|268/268\n|turn|6\n|\n|t:|1771203626\n|move|p1a: Zacian|Close Combat|p2a: Ho-Oh\n|-resisted|p2a: Ho-Oh\n|-damage|p2a: Ho-Oh|85/268\n|-unboost|p1a: Zacian|def|1\n|-unboost|p1a: Zacian|spd|1\n|-damage|p1a: Zacian|122/241|[from] item: Life Orb\n|move|p2a: Ho-Oh|Sacred Fire|p1a: Zacian\n|-damage|p1a: Zacian|0 fnt\n|faint|p1a: Zacian\n|\n|upkeep\n|\n|t:|1771203631\n|switch|p1a: Tatsugiri|Tatsugiri, L87, F|260/260 slp\n|turn|7\n|\n|t:|1771203646\n|switch|p2a: Hitmonchan|Hitmonchan, L87, M|207/229\n|-curestatus|p1a: Tatsugiri|slp|[msg]\n|move|p1a: Tatsugiri|Nasty Plot|p1a: Tatsugiri\n|-boost|p1a: Tatsugiri|spa|2\n|\n|upkeep\n|turn|8\n|\n|t:|1771203666\n|move|p1a: Tatsugiri|Draco Meteor|p2a: Hitmonchan\n|-damage|p2a: Hitmonchan|0 fnt\n|-unboost|p1a: Tatsugiri|spa|2\n|faint|p2a: Hitmonchan\n|\n|upkeep\n|\n|t:|1771203675\n|switch|p2a: Copperajah|Copperajah, L86, F|350/350\n|turn|9\n|\n|t:|1771203699\n|switch|p1a: Furret|Furret, L94, F|312/312\n|-item|p2a: Copperajah|Choice Band|[from] ability: Frisk|[of] p1a: Furret\n|move|p2a: Copperajah|Superpower|p1a: Furret\n|-supereffective|p1a: Furret\n|-damage|p1a: Furret|0 fnt\n|-unboost|p2a: Copperajah|atk|1\n|-unboost|p2a: Copperajah|def|1\n|faint|p1a: Furret\n|\n|upkeep\n|\n|t:|1771203702\n|switch|p1a: Tatsugiri|Tatsugiri, L87, F|260/260\n|turn|10\n|\n|t:|1771203713\n|switch|p2a: Rayquaza|Rayquaza, L72|270/270\n|-ability|p2a: Rayquaza|Air Lock\n|move|p1a: Tatsugiri|Nasty Plot|p1a: Tatsugiri\n|-boost|p1a: Tatsugiri|spa|2\n|\n|upkeep\n|turn|11\n|\n|t:|1771203735\n|-terastallize|p2a: Rayquaza|Steel\n|move|p1a: Tatsugiri|Hydro Pump|p2a: Rayquaza\n|-damage|p2a: Rayquaza|0 fnt\n|faint|p2a: Rayquaza\n|\n|upkeep\n|-message|grass1234567 forfeited.\n|\n|win|codetaku\n|raw|codetaku's rating: 2031 &rarr; <strong>2051</strong><br />(+20 for winning)\n|raw|grass1234567's rating: 2035 &rarr; <strong>2015</strong><br />(-20 for losing)\n|l|☆grass1234567\n|player|p2|\n", "inputlog": ">version 686819e5e19f8a7fd2345cfc5a08a5085efa2cc3\n>start {\"formatid\":\"gen9randombattle\",\"seed\":\"sodium,96bc6e46a2bd86d3515ad99c936d9752\",\"rated\":\"Rated battle\"}\n>player p1 {\"name\":\"codetaku\",\"avatar\":\"1\",\"rating\":2031,\"seed\":\"sodium,84f281fe1c8ec2b8a0cb6d3b859b195d\"}\n>player p2 {\"name\":\"grass1234567\",\"avatar\":\"pokemaniac\",\"rating\":2035,\"seed\":\"sodium,3570ff2e72281c9bf349b5be759172ee\"}\n>p1 switch 4\n>p2 move hypnosis\n>p1 move rapidspin\n>p2 switch 6\n>p1 switch 6\n>p2 move drainpunch\n>p1 move swordsdance\n>p2 switch 2\n>p1 move closecombat terastallize\n>p2 move gunkshot\n>p2 switch 4\n>p1 move closecombat\n>p2 move sacredfire\n>p1 switch 6\n>p1 move nastyplot\n>p2 switch 2\n>p1 move dracometeor\n>p2 move drainpunch\n>p2 switch 3\n>p1 switch 2\n>p2 move superpower\n>p1 switch 2\n>p1 move nastyplot\n>p2 switch 5\n>p1 move hydropump\n>p2 move outrage terastallize\n>forcelose p2", "uploadtime": 1771203744, "views": 18, "formatid": "gen9randombattle", "rating": 2015, "private": 0, "password": null}