{"id": "gen9randombattle-2540030967", "format": "[Gen 9] Random Battle", "players": ["Lukob", "aboepp"], "log": "|j|☆Lukob\n|j|☆aboepp\n|t:|1771148536\n|gametype|singles\n|player|p1|Lukob|ballguy|1928\n|player|p2|aboepp|170|2006\n|gen|9\n|tier|[Gen 9] Random Battle\n|rated|\n|rule|Species Clause: Limit one of each Pokémon\n|rule|HP Percentage Mod: HP is shown in percentages\n|rule|Sleep Clause Mod: Limit one foe put to sleep\n|rule|Illusion Level Mod: Illusion disguises the Pokémon's true level\n|\n|t:|1771148536\n|teamsize|p1|6\n|teamsize|p2|6\n|start\n|switch|p1a: Magcargo|Magcargo, L95, M|268/268\n|switch|p2a: Iron Treads|Iron Treads, L77|265/265\n|turn|1\n|inactive|Battle timer is ON: inactive players will automatically lose when time's up. (requested by aboepp)\n|inactive|Lukob has 120 seconds left.\n|\n|t:|1771148578\n|-terastallize|p1a: Magcargo|Grass\n|move|p2a: Iron Treads|Earthquake|p1a: Magcargo\n|-resisted|p1a: Magcargo\n|-damage|p1a: Magcargo|236/268\n|-ability|p1a: Magcargo|Weak Armor|boost\n|-unboost|p1a: Magcargo|def|1\n|-boost|p1a: Magcargo|spe|2\n|move|p1a: Magcargo|Shell Smash|p1a: Magcargo\n|-unboost|p1a: Magcargo|def|1\n|-unboost|p1a: Magcargo|spd|1\n|-boost|p1a: Magcargo|atk|2\n|-boost|p1a: Magcargo|spa|2\n|-boost|p1a: Magcargo|spe|2\n|\n|upkeep\n|turn|2\n|\n|t:|1771148586\n|-end|p2a: Iron Treads|Quark Drive|[silent]\n|switch|p2a: Goodra|Goodra, L85, M|292/292\n|move|p1a: Magcargo|Fire Blast|p2a: Goodra\n|-resisted|p2a: Goodra\n|-crit|p2a: Goodra\n|-damage|p2a: Goodra|208/292\n|-status|p2a: Goodra|brn\n|\n|-damage|p2a: Goodra|190/292 brn|[from] brn\n|upkeep\n|turn|3\n|\n|t:|1771148594\n|move|p1a: Magcargo|Power Gem|p2a: Goodra\n|-damage|p2a: Goodra|96/292 brn\n|move|p2a: Goodra|Sludge Bomb|p1a: Magcargo\n|-supereffective|p1a: Magcargo\n|-damage|p1a: Magcargo|16/268\n|\n|-damage|p2a: Goodra|78/292 brn|[from] brn\n|upkeep\n|turn|4\n|\n|t:|1771148600\n|move|p1a: Magcargo|Power Gem|p2a: Goodra\n|-crit|p2a: Goodra\n|-damage|p2a: Goodra|0 fnt\n|faint|p2a: Goodra\n|\n|upkeep\n|\n|t:|1771148611\n|switch|p2a: Toxicroak|Toxicroak, L84, F|277/277\n|turn|5\n|\n|t:|1771148618\n|move|p2a: Toxicroak|Sucker Punch||[still]\n|-fail|p2a: Toxicroak\n|move|p1a: Magcargo|Shell Smash|p1a: Magcargo\n|-unboost|p1a: Magcargo|def|1\n|-unboost|p1a: Magcargo|spd|1\n|-boost|p1a: Magcargo|atk|2\n|-boost|p1a: Magcargo|spa|2\n|-boost|p1a: Magcargo|spe|2\n|\n|upkeep\n|turn|6\n|\n|t:|1771148622\n|move|p2a: Toxicroak|Sucker Punch||[still]\n|-fail|p2a: Toxicroak\n|move|p1a: Magcargo|Shell Smash|p1a: Magcargo\n|-unboost|p1a: Magcargo|def|1\n|-unboost|p1a: Magcargo|spd|1\n|-boost|p1a: Magcargo|atk|2\n|-boost|p1a: Magcargo|spa|2\n|-boost|p1a: Magcargo|spe|0\n|\n|upkeep\n|turn|7\n|\n|t:|1771148625\n|move|p2a: Toxicroak|Sucker Punch||[still]\n|-fail|p2a: Toxicroak\n|move|p1a: Magcargo|Shell Smash|p1a: Magcargo\n|-unboost|p1a: Magcargo|def|1\n|-unboost|p1a: Magcargo|spd|1\n|-boost|p1a: Magcargo|atk|0\n|-boost|p1a: Magcargo|spa|0\n|-boost|p1a: Magcargo|spe|0\n|\n|upkeep\n|turn|8\n|\n|t:|1771148628\n|move|p2a: Toxicroak|Sucker Punch||[still]\n|-fail|p2a: Toxicroak\n|move|p1a: Magcargo|Shell Smash|p1a: Magcargo\n|-unboost|p1a: Magcargo|def|1\n|-unboost|p1a: Magcargo|spd|1\n|-boost|p1a: Magcargo|atk|0\n|-boost|p1a: Magcargo|spa|0\n|-boost|p1a: Magcargo|spe|0\n|\n|upkeep\n|turn|9\n|\n|t:|1771148631\n|move|p2a: Toxicroak|Sucker Punch||[still]\n|-fail|p2a: Toxicroak\n|move|p1a: Magcargo|Shell Smash|p1a: Magcargo\n|-unboost|p1a: Magcargo|def|0\n|-unboost|p1a: Magcargo|spd|1\n|-boost|p1a: Magcargo|atk|0\n|-boost|p1a: Magcargo|spa|0\n|-boost|p1a: Magcargo|spe|0\n|\n|upkeep\n|turn|10\n|\n|t:|1771148634\n|move|p2a: Toxicroak|Sucker Punch||[still]\n|-fail|p2a: Toxicroak\n|move|p1a: Magcargo|Shell Smash|p1a: Magcargo\n|-unboost|p1a: Magcargo|def|0\n|-unboost|p1a: Magcargo|spd|0\n|-boost|p1a: Magcargo|atk|0\n|-boost|p1a: Magcargo|spa|0\n|-boost|p1a: Magcargo|spe|0\n|\n|upkeep\n|turn|11\n|\n|t:|1771148640\n|move|p2a: Toxicroak|Sucker Punch||[still]\n|-fail|p2a: Toxicroak\n|move|p1a: Magcargo|Shell Smash|p1a: Magcargo\n|-unboost|p1a: Magcargo|def|0\n|-unboost|p1a: Magcargo|spd|0\n|-boost|p1a: Magcargo|atk|0\n|-boost|p1a: Magcargo|spa|0\n|-boost|p1a: Magcargo|spe|0\n|\n|upkeep\n|turn|12\n|\n|t:|1771148642\n|switch|p2a: Iron Treads|Iron Treads, L77|265/265\n|move|p1a: Magcargo|Shell Smash|p1a: Magcargo\n|-unboost|p1a: Magcargo|def|0\n|-unboost|p1a: Magcargo|spd|0\n|-boost|p1a: Magcargo|atk|0\n|-boost|p1a: Magcargo|spa|0\n|-boost|p1a: Magcargo|spe|0\n|\n|upkeep\n|turn|13\n|\n|t:|1771148647\n|move|p1a: Magcargo|Fire Blast|p2a: Iron Treads\n|-supereffective|p2a: Iron Treads\n|-damage|p2a: Iron Treads|0 fnt\n|faint|p2a: Iron Treads\n|-end|p2a: Iron Treads|Quark Drive|[silent]\n|\n|upkeep\n|\n|t:|1771148651\n|switch|p2a: Toxicroak|Toxicroak, L84, F|277/277\n|turn|14\n|\n|t:|1771148658\n|move|p2a: Toxicroak|Sucker Punch||[still]\n|-fail|p2a: Toxicroak\n|move|p1a: Magcargo|Shell Smash|p1a: Magcargo\n|-unboost|p1a: Magcargo|def|0\n|-unboost|p1a: Magcargo|spd|0\n|-boost|p1a: Magcargo|atk|0\n|-boost|p1a: Magcargo|spa|0\n|-boost|p1a: Magcargo|spe|0\n|\n|upkeep\n|turn|15\n|\n|t:|1771148660\n|move|p1a: Magcargo|Earth Power|p2a: Toxicroak\n|-supereffective|p2a: Toxicroak\n|-damage|p2a: Toxicroak|0 fnt\n|faint|p2a: Toxicroak\n|\n|upkeep\n|-message|aboepp forfeited.\n|\n|win|Lukob\n|raw|Lukob's rating: 1928 &rarr; <strong>1952</strong><br />(+24 for winning)\n|raw|aboepp's rating: 2006 &rarr; <strong>1982</strong><br />(-24 for losing)\n|l|☆aboepp\n|player|p2|\n", "inputlog": ">version 686819e5e19f8a7fd2345cfc5a08a5085efa2cc3\n>start {\"formatid\":\"gen9randombattle\",\"seed\":\"sodium,4e2dc6d8902ea81e53780ed792fa7d7c\",\"rated\":\"Rated battle\"}\n>player p1 {\"name\":\"Lukob\",\"avatar\":\"ballguy\",\"rating\":1928,\"seed\":\"sodium,05acba1fccc9fbc682781cb6a8f8faa5\"}\n>player p2 {\"name\":\"aboepp\",\"avatar\":\"170\",\"rating\":2006,\"seed\":\"sodium,b295a1725599b9115be0e024a8cba71f\"}\n>p1 move shellsmash terastallize\n>p2 move earthquake\n>p1 move fireblast\n>p2 switch 4\n>p1 move powergem\n>p2 move sludgebomb\n>p1 move powergem\n>p2 move sludgebomb\n>p2 switch 2\n>p1 move shellsmash\n>p2 move suckerpunch\n>p1 move shellsmash\n>p2 move suckerpunch\n>p1 move shellsmash\n>p2 move suckerpunch\n>p1 move shellsmash\n>p2 move suckerpunch\n>p1 move shellsmash\n>p2 move suckerpunch\n>p1 move shellsmash\n>p2 move suckerpunch\n>p1 move shellsmash\n>p2 move suckerpunch\n>p1 move shellsmash\n>p2 switch 4\n>p1 move fireblast\n>p2 move rapidspin\n>p2 switch 4\n>p1 move shellsmash\n>p2 move suckerpunch\n>p1 move earthpower\n>p2 move struggle\n>forcelose p2", "uploadtime": 1771148725, "views": 16, "formatid": "gen9randombattle", "rating": 1952, "private": 0, "password": null}