{"id": "gen9randombattle-2540483575", "format": "[Gen 9] Random Battle", "players": ["whiiite01", "shakironil"], "log": "|j|☆whiiite01\n|j|☆shakironil\n|t:|1771207690\n|gametype|singles\n|player|p1|whiiite01|harlequin|1526\n|player|p2|shakironil|marshal|1545\n|gen|9\n|tier|[Gen 9] Random Battle\n|rated|\n|rule|Species Clause: Limit one of each Pokémon\n|rule|HP Percentage Mod: HP is shown in percentages\n|rule|Sleep Clause Mod: Limit one foe put to sleep\n|rule|Illusion Level Mod: Illusion disguises the Pokémon's true level\n|\n|t:|1771207690\n|teamsize|p1|6\n|teamsize|p2|6\n|start\n|switch|p1a: Serperior|Serperior, L79, F|248/248\n|switch|p2a: Altaria|Altaria, L89, M|278/278\n|turn|1\n|inactive|Battle timer is ON: inactive players will automatically lose when time's up. (requested by whiiite01)\n|\n|t:|1771207705\n|switch|p1a: Iron Treads|Iron Treads, L77|265/265\n|move|p2a: Altaria|Brave Bird|p1a: Iron Treads\n|-resisted|p1a: Iron Treads\n|-damage|p1a: Iron Treads|219/265\n|-damage|p2a: Altaria|263/278|[from] Recoil\n|\n|-heal|p1a: Iron Treads|235/265|[from] item: Leftovers\n|upkeep\n|turn|2\n|\n|t:|1771207714\n|move|p1a: Iron Treads|Stealth Rock|p2a: Altaria\n|-sidestart|p2: shakironil|move: Stealth Rock\n|move|p2a: Altaria|Earthquake|p1a: Iron Treads\n|-supereffective|p1a: Iron Treads\n|-damage|p1a: Iron Treads|119/265\n|\n|-heal|p1a: Iron Treads|135/265|[from] item: Leftovers\n|upkeep\n|turn|3\n|\n|t:|1771207725\n|move|p1a: Iron Treads|Iron Head|p2a: Altaria\n|-damage|p2a: Altaria|196/278\n|move|p2a: Altaria|Earthquake|p1a: Iron Treads\n|-supereffective|p1a: Iron Treads\n|-damage|p1a: Iron Treads|27/265\n|\n|-heal|p1a: Iron Treads|43/265|[from] item: Leftovers\n|upkeep\n|turn|4\n|\n|t:|1771207732\n|-end|p1a: Iron Treads|Quark Drive|[silent]\n|switch|p1a: Salamence|Salamence, L77, F|273/273\n|move|p2a: Altaria|Earthquake|p1a: Salamence\n|-immune|p1a: Salamence\n|\n|upkeep\n|turn|5\n|\n|t:|1771207738\n|move|p1a: Salamence|Outrage|p2a: Altaria\n|-supereffective|p2a: Altaria\n|-crit|p2a: Altaria\n|-damage|p2a: Altaria|0 fnt\n|faint|p2a: Altaria\n|-ability|p1a: Salamence|Moxie|boost\n|-boost|p1a: Salamence|atk|1\n|\n|upkeep\n|\n|t:|1771207764\n|switch|p2a: Quagsire|Quagsire, L84, F|297/297\n|-damage|p2a: Quagsire|279/297|[from] Stealth Rock\n|turn|6\n|\n|t:|1771207769\n|move|p1a: Salamence|Outrage|p2a: Quagsire|[from] lockedmove\n|-damage|p2a: Quagsire|125/297\n|-start|p1a: Salamence|confusion|[fatigue]\n|move|p2a: Quagsire|Toxic|p1a: Salamence\n|-status|p1a: Salamence|tox\n|\n|-heal|p2a: Quagsire|143/297|[from] item: Leftovers\n|-damage|p1a: Salamence|256/273 tox|[from] psn\n|upkeep\n|turn|7\n|\n|t:|1771207779\n|-activate|p1a: Salamence|confusion\n|-damage|p1a: Salamence|200/273 tox|[from] confusion\n|move|p2a: Quagsire|Recover|p2a: Quagsire\n|-heal|p2a: Quagsire|292/297\n|\n|-heal|p2a: Quagsire|297/297|[from] item: Leftovers\n|-damage|p1a: Salamence|166/273 tox|[from] psn\n|upkeep\n|turn|8\n|\n|t:|1771207787\n|switch|p1a: Serperior|Serperior, L79, F|248/248\n|move|p2a: Quagsire|Spikes|p1a: Serperior\n|-sidestart|p1: whiiite01|Spikes\n|\n|upkeep\n|turn|9\n|\n|t:|1771207794\n|-terastallize|p2a: Quagsire|Fairy\n|move|p1a: Serperior|Leaf Storm|p2a: Quagsire\n|-damage|p2a: Quagsire|137/297\n|-boost|p1a: Serperior|spa|2\n|-damage|p1a: Serperior|224/248|[from] item: Life Orb\n|move|p2a: Quagsire|Toxic|p1a: Serperior\n|-status|p1a: Serperior|tox\n|\n|-heal|p2a: Quagsire|155/297|[from] item: Leftovers\n|-damage|p1a: Serperior|209/248 tox|[from] psn\n|upkeep\n|turn|10\n|\n|t:|1771207815\n|switch|p2a: Snorlax|Snorlax, L82, M|397/397\n|-damage|p2a: Snorlax|348/397|[from] Stealth Rock\n|move|p1a: Serperior|Leaf Storm|p2a: Snorlax\n|-damage|p2a: Snorlax|105/397\n|-boost|p1a: Serperior|spa|2\n|-damage|p1a: Serperior|185/248 tox|[from] item: Life Orb\n|\n|-heal|p2a: Snorlax|129/397|[from] item: Leftovers\n|-damage|p1a: Serperior|155/248 tox|[from] psn\n|upkeep\n|turn|11\n|\n|t:|1771207827\n|move|p1a: Serperior|Leaf Storm|p2a: Snorlax\n|-damage|p2a: Snorlax|0 fnt\n|-boost|p1a: Serperior|spa|2\n|faint|p2a: Snorlax\n|-damage|p1a: Serperior|131/248 tox|[from] item: Life Orb\n|\n|-damage|p1a: Serperior|86/248 tox|[from] psn\n|upkeep\n|inactive|shakironil has 120 seconds left.\n|\n|t:|1771207855\n|switch|p2a: Dragapult|Dragapult, L77, M|262/262\n|-damage|p2a: Dragapult|230/262|[from] Stealth Rock\n|turn|12\n|\n|t:|1771207863\n|move|p2a: Dragapult|U-turn|p1a: Serperior\n|-supereffective|p1a: Serperior\n|-damage|p1a: Serperior|0 fnt\n|faint|p1a: Serperior\n|\n|t:|1771207868\n|switch|p2a: Quagsire|Quagsire, L84, F, tera:Fairy|155/297|[from] U-turn\n|-damage|p2a: Quagsire|118/297|[from] Stealth Rock\n|\n|-heal|p2a: Quagsire|136/297|[from] item: Leftovers\n|upkeep\n|\n|t:|1771207881\n|switch|p1a: Iron Treads|Iron Treads, L77|43/265\n|-damage|p1a: Iron Treads|10/265|[from] Spikes\n|turn|13\n|\n|t:|1771207890\n|move|p1a: Iron Treads|Iron Head|p2a: Quagsire\n|-supereffective|p2a: Quagsire\n|-crit|p2a: Quagsire\n|-damage|p2a: Quagsire|0 fnt\n|faint|p2a: Quagsire\n|\n|-heal|p1a: Iron Treads|26/265|[from] item: Leftovers\n|upkeep\n|\n|t:|1771207906\n|switch|p2a: Dragapult|Dragapult, L77, M|230/262\n|-damage|p2a: Dragapult|198/262|[from] Stealth Rock\n|turn|14\n|\n|t:|1771207923\n|move|p2a: Dragapult|Fire Blast|p1a: Iron Treads\n|-supereffective|p1a: Iron Treads\n|-damage|p1a: Iron Treads|0 fnt\n|faint|p1a: Iron Treads\n|-end|p1a: Iron Treads|Quark Drive|[silent]\n|\n|upkeep\n|\n|t:|1771207930\n|switch|p1a: Feraligatr|Feraligatr, L79, F|264/264\n|-damage|p1a: Feraligatr|231/264|[from] Spikes\n|turn|15\n|\n|t:|1771207949\n|switch|p2a: Glimmora|Glimmora, L75, M|248/248\n|-damage|p2a: Glimmora|217/248|[from] Stealth Rock\n|-item|p2a: Glimmora|Air Balloon\n|move|p1a: Feraligatr|Crunch|p2a: Glimmora\n|-damage|p2a: Glimmora|112/248\n|-activate|p2a: Glimmora|ability: Toxic Debris\n|-sidestart|p1: whiiite01|move: Toxic Spikes\n|-enditem|p2a: Glimmora|Air Balloon\n|\n|upkeep\n|turn|16\n|\n|t:|1771207963\n|-terastallize|p1a: Feraligatr|Steel\n|move|p2a: Glimmora|Sludge Wave|p1a: Feraligatr\n|-immune|p1a: Feraligatr\n|move|p1a: Feraligatr|Dragon Dance|p1a: Feraligatr\n|-boost|p1a: Feraligatr|atk|1\n|-boost|p1a: Feraligatr|spe|1\n|\n|upkeep\n|turn|17\n|\n|t:|1771207970\n|move|p1a: Feraligatr|Liquidation|p2a: Glimmora\n|-supereffective|p2a: Glimmora\n|-damage|p2a: Glimmora|0 fnt\n|-activate|p2a: Glimmora|ability: Toxic Debris\n|-sidestart|p1: whiiite01|move: Toxic Spikes\n|faint|p2a: Glimmora\n|\n|upkeep\n|\n|t:|1771207983\n|switch|p2a: Dragapult|Dragapult, L77, M|198/262\n|-damage|p2a: Dragapult|166/262|[from] Stealth Rock\n|turn|18\n|\n|t:|1771207987\n|move|p2a: Dragapult|Fire Blast|p1a: Feraligatr\n|-supereffective|p1a: Feraligatr\n|-damage|p1a: Feraligatr|1/264\n|move|p1a: Feraligatr|Crunch|p2a: Dragapult\n|-supereffective|p2a: Dragapult\n|-damage|p2a: Dragapult|0 fnt\n|faint|p2a: Dragapult\n|\n|upkeep\n|\n|t:|1771207995\n|switch|p2a: Krookodile|Krookodile, L80, M|283/283\n|-damage|p2a: Krookodile|266/283|[from] Stealth Rock\n|-ability|p2a: Krookodile|Intimidate|boost\n|-unboost|p1a: Feraligatr|atk|1\n|turn|19\n|\n|t:|1771208002\n|move|p1a: Feraligatr|Liquidation|p2a: Krookodile\n|-supereffective|p2a: Krookodile\n|-damage|p2a: Krookodile|0 fnt\n|faint|p2a: Krookodile\n|\n|win|whiiite01\n|raw|whiiite01's rating: 1526 &rarr; <strong>1547</strong><br />(+21 for winning)\n|raw|shakironil's rating: 1545 &rarr; <strong>1524</strong><br />(-21 for losing)\n|l|☆shakironil\n|player|p2|\n", "inputlog": ">version 686819e5e19f8a7fd2345cfc5a08a5085efa2cc3\n>start {\"formatid\":\"gen9randombattle\",\"seed\":\"sodium,4971a17912a88c14fc802c7730731b17\",\"rated\":\"Rated battle\"}\n>player p1 {\"name\":\"whiiite01\",\"avatar\":\"harlequin\",\"rating\":1526,\"seed\":\"sodium,c9408a086fb7aae4c906f86631c3cda3\"}\n>player p2 {\"name\":\"shakironil\",\"avatar\":\"marshal\",\"rating\":1545,\"seed\":\"sodium,c6643c1cc721b3b5a74ea91592b100a6\"}\n>p1 switch 5\n>p2 move bravebird\n>p1 move stealthrock\n>p2 move earthquake\n>p1 move ironhead\n>p2 move earthquake\n>p1 switch 2\n>p2 move earthquake\n>p1 move outrage\n>p2 move defog\n>p2 switch 6\n>p1 move outrage\n>p2 move toxic\n>p1 move outrage\n>p2 move recover\n>p1 switch 5\n>p2 move spikes\n>p1 move leafstorm\n>p2 move toxic terastallize\n>p1 move leafstorm\n>p2 switch 5\n>p1 move leafstorm\n>p2 move rest\n>p2 switch 3\n>p1 move dragonpulse\n>p2 move uturn\n>p2 switch 5\n>p1 switch 2\n>p1 move ironhead\n>p2 move recover\n>p2 switch 5\n>p1 move rapidspin\n>p2 move fireblast\n>p1 switch 4\n>p1 move crunch\n>p2 switch 2\n>p1 move dragondance terastallize\n>p2 move sludgewave\n>p1 move liquidation\n>p2 move earthpower\n>p2 switch 2\n>p1 move crunch\n>p2 move fireblast\n>p2 switch 4\n>p1 move liquidation\n>p2 move knockoff", "uploadtime": 1771208013, "views": 10, "formatid": "gen9randombattle", "rating": 1524, "private": 0, "password": null}