{"id": "gen9randombattle-2540795930", "format": "[Gen 9] Random Battle", "players": ["kukpoo", "ribena supernova"], "log": "|j|☆kukpoo\n|j|☆ribena supernova\n|t:|1771254902\n|gametype|singles\n|player|p1|kukpoo|gambler|2241\n|player|p2|ribena supernova|leaf-masters|2207\n|gen|9\n|tier|[Gen 9] Random Battle\n|rated|\n|rule|Species Clause: Limit one of each Pokémon\n|rule|HP Percentage Mod: HP is shown in percentages\n|rule|Sleep Clause Mod: Limit one foe put to sleep\n|rule|Illusion Level Mod: Illusion disguises the Pokémon's true level\n|\n|t:|1771254902\n|teamsize|p1|6\n|teamsize|p2|6\n|start\n|switch|p1a: Reshiram|Reshiram, L76|277/277\n|switch|p2a: Cetitan|Cetitan, L82, M|413/413\n|-ability|p1a: Reshiram|Turboblaze\n|turn|1\n|inactive|Battle timer is ON: inactive players will automatically lose when time's up. (requested by kukpoo)\n|\n|t:|1771254916\n|switch|p2a: Swalot|Swalot, L90, F|326/326\n|move|p1a: Reshiram|Dragon Dance|p1a: Reshiram\n|-boost|p1a: Reshiram|atk|1\n|-boost|p1a: Reshiram|spe|1\n|\n|upkeep\n|turn|2\n|\n|t:|1771254923\n|move|p1a: Reshiram|Flare Blitz|p2a: Swalot\n|-damage|p2a: Swalot|133/326\n|-damage|p1a: Reshiram|213/277|[from] Recoil\n|move|p2a: Swalot|Earthquake|p1a: Reshiram\n|-supereffective|p1a: Reshiram\n|-damage|p1a: Reshiram|75/277\n|\n|-heal|p2a: Swalot|153/326|[from] item: Leftovers\n|upkeep\n|turn|3\n|\n|t:|1771254928\n|move|p1a: Reshiram|Flare Blitz|p2a: Swalot\n|-damage|p2a: Swalot|0 fnt\n|faint|p2a: Swalot\n|-damage|p1a: Reshiram|25/277|[from] Recoil\n|\n|upkeep\n|\n|t:|1771254934\n|switch|p2a: Skuntank|Skuntank, L84, F|310/310\n|turn|4\n|\n|t:|1771254937\n|move|p1a: Reshiram|Dragon Dance|p1a: Reshiram\n|-boost|p1a: Reshiram|atk|1\n|-boost|p1a: Reshiram|spe|1\n|move|p2a: Skuntank|Toxic Spikes|p1a: Reshiram\n|-sidestart|p1: kukpoo|move: Toxic Spikes\n|\n|upkeep\n|turn|5\n|\n|t:|1771254941\n|move|p2a: Skuntank|Sucker Punch|p1a: Reshiram\n|-damage|p1a: Reshiram|0 fnt\n|faint|p1a: Reshiram\n|-damage|p2a: Skuntank|279/310|[from] item: Life Orb\n|\n|upkeep\n|\n|t:|1771254951\n|switch|p1a: Gyarados|Gyarados, L79, F|280/280\n|turn|6\n|\n|t:|1771254960\n|move|p2a: Skuntank|Gunk Shot|p1a: Gyarados|[miss]\n|-miss|p2a: Skuntank|p1a: Gyarados\n|move|p1a: Gyarados|Earthquake|p2a: Skuntank\n|-supereffective|p2a: Skuntank\n|-damage|p2a: Skuntank|89/310\n|\n|upkeep\n|turn|7\n|\n|t:|1771254966\n|move|p2a: Skuntank|Gunk Shot|p1a: Gyarados|[miss]\n|-miss|p2a: Skuntank|p1a: Gyarados\n|move|p1a: Gyarados|Earthquake|p2a: Skuntank\n|-supereffective|p2a: Skuntank\n|-damage|p2a: Skuntank|0 fnt\n|faint|p2a: Skuntank\n|-ability|p1a: Gyarados|Moxie|boost\n|-boost|p1a: Gyarados|atk|1\n|\n|upkeep\n|c|☆ribena supernova|man\n|\n|t:|1771254975\n|switch|p2a: Zebstrika|Zebstrika, L87, M|272/272\n|turn|8\n|\n|t:|1771254982\n|switch|p2a: Cetitan|Cetitan, L82, M|413/413\n|-terastallize|p1a: Gyarados|Ground\n|move|p1a: Gyarados|Dragon Dance|p1a: Gyarados\n|-boost|p1a: Gyarados|atk|1\n|-boost|p1a: Gyarados|spe|1\n|\n|upkeep\n|turn|9\n|\n|t:|1771254987\n|move|p1a: Gyarados|Waterfall|p2a: Cetitan\n|-damage|p2a: Cetitan|190/413\n|move|p2a: Cetitan|Icicle Crash|p1a: Gyarados\n|-supereffective|p1a: Gyarados\n|-damage|p1a: Gyarados|0 fnt\n|faint|p1a: Gyarados\n|\n|upkeep\n|\n|t:|1771254998\n|switch|p1a: Leavanny|Leavanny, L86, F|269/269\n|-status|p1a: Leavanny|psn\n|turn|10\n|\n|t:|1771255002\n|move|p1a: Leavanny|Sticky Web|p2a: Cetitan\n|-sidestart|p2: ribena supernova|move: Sticky Web\n|move|p2a: Cetitan|Icicle Crash|p1a: Leavanny\n|-supereffective|p1a: Leavanny\n|-damage|p1a: Leavanny|0 fnt\n|faint|p1a: Leavanny\n|\n|upkeep\n|\n|t:|1771255009\n|switch|p1a: Floatzel|Floatzel, L86, M|286/286\n|-status|p1a: Floatzel|psn\n|turn|11\n|\n|t:|1771255015\n|move|p1a: Floatzel|Bulk Up|p1a: Floatzel\n|-boost|p1a: Floatzel|atk|1\n|-boost|p1a: Floatzel|def|1\n|move|p2a: Cetitan|Earthquake|p1a: Floatzel\n|-damage|p1a: Floatzel|192/286 psn\n|-damage|p2a: Cetitan|149/413|[from] item: Life Orb\n|\n|-heal|p1a: Floatzel|209/286 psn|[from] item: Leftovers\n|-damage|p1a: Floatzel|174/286 psn|[from] psn\n|upkeep\n|turn|12\n|\n|t:|1771255018\n|move|p1a: Floatzel|Wave Crash|p2a: Cetitan\n|-damage|p2a: Cetitan|0 fnt\n|faint|p2a: Cetitan\n|-damage|p1a: Floatzel|125/286 psn|[from] Recoil\n|\n|-heal|p1a: Floatzel|142/286 psn|[from] item: Leftovers\n|-damage|p1a: Floatzel|107/286 psn|[from] psn\n|upkeep\n|\n|t:|1771255020\n|switch|p2a: Tatsugiri|Tatsugiri, L87, F|260/260\n|turn|13\n|\n|t:|1771255028\n|move|p1a: Floatzel|Ice Spinner|p2a: Tatsugiri\n|-damage|p2a: Tatsugiri|149/260\n|move|p2a: Tatsugiri|Rapid Spin|p1a: Floatzel\n|-damage|p1a: Floatzel|86/286 psn\n|-boost|p2a: Tatsugiri|spe|1\n|-sideend|p2: ribena supernova|Sticky Web|[from] move: Rapid Spin|[of] p2a: Tatsugiri\n|\n|-heal|p1a: Floatzel|103/286 psn|[from] item: Leftovers\n|-damage|p1a: Floatzel|68/286 psn|[from] psn\n|upkeep\n|turn|14\n|\n|t:|1771255033\n|move|p2a: Tatsugiri|Nasty Plot|p2a: Tatsugiri\n|-boost|p2a: Tatsugiri|spa|2\n|move|p1a: Floatzel|Ice Spinner|p2a: Tatsugiri\n|-damage|p2a: Tatsugiri|38/260\n|\n|-heal|p1a: Floatzel|85/286 psn|[from] item: Leftovers\n|-damage|p1a: Floatzel|50/286 psn|[from] psn\n|upkeep\n|turn|15\n|\n|t:|1771255036\n|move|p2a: Tatsugiri|Surf|p1a: Floatzel\n|-resisted|p1a: Floatzel\n|-damage|p1a: Floatzel|0 fnt\n|faint|p1a: Floatzel\n|\n|upkeep\n|\n|t:|1771255041\n|switch|p1a: Exeggutor|Exeggutor-Alola, L89, M|314/314\n|-status|p1a: Exeggutor|psn\n|turn|16\n|\n|t:|1771255044\n|move|p2a: Tatsugiri|Draco Meteor|p1a: Exeggutor|[miss]\n|-miss|p2a: Tatsugiri|p1a: Exeggutor\n|move|p1a: Exeggutor|Giga Drain|p2a: Tatsugiri\n|-damage|p2a: Tatsugiri|0 fnt\n|faint|p2a: Tatsugiri\n|\n|-damage|p1a: Exeggutor|275/314 psn|[from] psn\n|upkeep\n|\n|t:|1771255050\n|switch|p2a: Spectrier|Spectrier, L75|274/274\n|turn|17\n|\n|t:|1771255056\n|move|p2a: Spectrier|Nasty Plot|p2a: Spectrier\n|-boost|p2a: Spectrier|spa|2\n|move|p1a: Exeggutor|Calm Mind|p1a: Exeggutor\n|-boost|p1a: Exeggutor|spa|1\n|-boost|p1a: Exeggutor|spd|1\n|\n|-damage|p1a: Exeggutor|236/314 psn|[from] psn\n|upkeep\n|turn|18\n|\n|t:|1771255064\n|move|p2a: Spectrier|Shadow Ball|p1a: Exeggutor\n|-damage|p1a: Exeggutor|112/314 psn\n|-enditem|p1a: Exeggutor|Sitrus Berry|[eat]\n|-heal|p1a: Exeggutor|190/314 psn|[from] item: Sitrus Berry\n|move|p1a: Exeggutor|Dragon Pulse|p2a: Spectrier\n|-damage|p2a: Spectrier|37/274\n|\n|-heal|p2a: Spectrier|54/274|[from] item: Leftovers\n|-damage|p1a: Exeggutor|151/314 psn|[from] psn\n|-item|p1a: Exeggutor|Sitrus Berry|[from] ability: Harvest\n|upkeep\n|-enditem|p1a: Exeggutor|Sitrus Berry|[eat]\n|-heal|p1a: Exeggutor|229/314 psn|[from] item: Sitrus Berry\n|turn|19\n|\n|t:|1771255070\n|move|p2a: Spectrier|Shadow Ball|p1a: Exeggutor\n|-damage|p1a: Exeggutor|103/314 psn\n|move|p1a: Exeggutor|Dragon Pulse|p2a: Spectrier\n|-damage|p2a: Spectrier|0 fnt\n|faint|p2a: Spectrier\n|\n|-damage|p1a: Exeggutor|64/314 psn|[from] psn\n|upkeep\n|\n|t:|1771255076\n|switch|p2a: Zebstrika|Zebstrika, L87, M|272/272\n|turn|20\n|inactive|kukpoo has 120 seconds left.\n|\n|t:|1771255108\n|switch|p1a: Blaziken|Blaziken, L76, M|247/247\n|-status|p1a: Blaziken|psn\n|move|p2a: Zebstrika|Overheat|p1a: Blaziken\n|-resisted|p1a: Blaziken\n|-damage|p1a: Blaziken|177/247 psn\n|-unboost|p2a: Zebstrika|spa|2\n|-damage|p2a: Zebstrika|245/272|[from] item: Life Orb\n|\n|-damage|p1a: Blaziken|147/247 psn|[from] psn\n|upkeep\n|turn|21\n|inactive|kukpoo has 120 seconds left.\n|\n|t:|1771255120\n|move|p2a: Zebstrika|High Horsepower|p1a: Blaziken\n|-supereffective|p1a: Blaziken\n|-damage|p1a: Blaziken|0 fnt\n|faint|p1a: Blaziken\n|-damage|p2a: Zebstrika|218/272|[from] item: Life Orb\n|\n|upkeep\n|\n|t:|1771255122\n|switch|p1a: Exeggutor|Exeggutor-Alola, L89, M|64/314 psn\n|turn|22\n|\n|t:|1771255132\n|-terastallize|p2a: Zebstrika|Ground\n|move|p2a: Zebstrika|High Horsepower|p1a: Exeggutor\n|-resisted|p1a: Exeggutor\n|-damage|p1a: Exeggutor|0 fnt\n|faint|p1a: Exeggutor\n|-damage|p2a: Zebstrika|191/272|[from] item: Life Orb\n|\n|win|ribena supernova\n|raw|kukpoo's rating: 2241 &rarr; <strong>2219</strong><br />(-22 for losing)\n|raw|ribena supernova's rating: 2207 &rarr; <strong>2229</strong><br />(+22 for winning)\n|l|☆kukpoo\n|player|p1|\n|c|☆ribena supernova|gg\n", "inputlog": ">version 686819e5e19f8a7fd2345cfc5a08a5085efa2cc3\n>start {\"formatid\":\"gen9randombattle\",\"seed\":\"sodium,08c8c197a2637698fda85e46708df04a\",\"rated\":\"Rated battle\"}\n>player p1 {\"name\":\"kukpoo\",\"avatar\":\"gambler\",\"rating\":2241,\"seed\":\"sodium,95f0ac32f2fe7864ad65bd2dd59015e3\"}\n>player p2 {\"name\":\"ribena supernova\",\"avatar\":\"leaf-masters\",\"rating\":2207,\"seed\":\"sodium,508954d5da7ba6e26e0dd86931c79c1f\"}\n>p1 move dragondance\n>p2 switch 3\n>p1 move flareblitz\n>p2 move earthquake\n>p1 move flareblitz\n>p2 move earthquake\n>p2 switch 6\n>p1 move dragondance\n>p2 move toxicspikes\n>p1 move flareblitz\n>p2 move suckerpunch\n>p1 switch 2\n>p1 move earthquake\n>p2 move gunkshot\n>p1 move earthquake\n>p2 move gunkshot\n>chat ☆ribena supernova|man\n>p2 switch 2\n>p1 move dragondance terastallize\n>p2 switch 3\n>p1 move waterfall\n>p2 move iciclecrash\n>p1 switch 3\n>p1 move stickyweb\n>p2 move iciclecrash\n>p1 switch 4\n>p1 move bulkup\n>p2 move earthquake\n>p1 move wavecrash\n>p2 move earthquake\n>p2 switch 5\n>p1 move icespinner\n>p2 move rapidspin\n>p1 move icespinner\n>p2 move nastyplot\n>p1 move icespinner\n>p2 move surf\n>p1 switch 6\n>p1 move gigadrain\n>p2 move dracometeor\n>p2 switch 4\n>p1 move calmmind\n>p2 move nastyplot\n>p1 move dragonpulse\n>p2 move shadowball\n>p1 move dragonpulse\n>p2 move shadowball\n>p2 switch 3\n>p1 switch 5\n>p2 move overheat\n>p1 move closecombat\n>p2 move highhorsepower\n>p1 switch 5\n>p1 move dragonpulse\n>p2 move highhorsepower terastallize", "uploadtime": 1771255157, "views": 7, "formatid": "gen9randombattle", "rating": 2219, "private": 0, "password": null}