{"id": "gen9randombattle-2540879392", "format": "[Gen 9] Random Battle", "players": ["Phani42", "trotti"], "log": "|j|☆Phani42\n|j|☆trotti\n|t:|1771263308\n|gametype|singles\n|player|p1|Phani42|1|1832\n|player|p2|trotti|1|1875\n|gen|9\n|tier|[Gen 9] Random Battle\n|rated|\n|rule|Species Clause: Limit one of each Pokémon\n|rule|HP Percentage Mod: HP is shown in percentages\n|rule|Sleep Clause Mod: Limit one foe put to sleep\n|rule|Illusion Level Mod: Illusion disguises the Pokémon's true level\n|\n|t:|1771263308\n|teamsize|p1|6\n|teamsize|p2|6\n|start\n|switch|p1a: Manaphy|Manaphy, L78|284/284\n|switch|p2a: Florges|Florges-Orange, L85, F|271/271\n|turn|1\n|inactive|Battle timer is ON: inactive players will automatically lose when time's up. (requested by Phani42)\n|\n|t:|1771263325\n|switch|p1a: Forretress|Forretress, L84, M|263/263\n|move|p2a: Florges|Calm Mind|p2a: Florges\n|-boost|p2a: Florges|spa|1\n|-boost|p2a: Florges|spd|1\n|\n|upkeep\n|turn|2\n|\n|t:|1771263353\n|switch|p2a: Bronzong|Bronzong, L88|261/261\n|move|p1a: Forretress|Toxic Spikes|p2a: Bronzong\n|-sidestart|p2: trotti|move: Toxic Spikes\n|\n|upkeep\n|turn|3\n|\n|t:|1771263361\n|move|p1a: Forretress|Toxic Spikes|p2a: Bronzong\n|-sidestart|p2: trotti|move: Toxic Spikes\n|move|p2a: Bronzong|Iron Defense|p2a: Bronzong\n|-boost|p2a: Bronzong|def|2\n|\n|upkeep\n|turn|4\n|\n|t:|1771263374\n|move|p1a: Forretress|Stealth Rock|p2a: Bronzong\n|-sidestart|p2: trotti|move: Stealth Rock\n|move|p2a: Bronzong|Body Press|p1a: Forretress\n|-damage|p1a: Forretress|161/263\n|\n|-heal|p1a: Forretress|177/263|[from] item: Leftovers\n|upkeep\n|turn|5\n|\n|t:|1771263382\n|switch|p1a: Skarmory|Skarmory, L80, F|235/235\n|move|p2a: Bronzong|Body Press|p1a: Skarmory\n|-damage|p1a: Skarmory|122/235\n|-damage|p2a: Bronzong|218/261|[from] item: Rocky Helmet|[of] p1a: Skarmory\n|\n|upkeep\n|turn|6\n|\n|t:|1771263391\n|move|p1a: Skarmory|Spikes|p2a: Bronzong\n|-sidestart|p2: trotti|Spikes\n|move|p2a: Bronzong|Body Press|p1a: Skarmory\n|-damage|p1a: Skarmory|9/235\n|-damage|p2a: Bronzong|175/261|[from] item: Rocky Helmet|[of] p1a: Skarmory\n|\n|upkeep\n|turn|7\n|\n|t:|1771263399\n|move|p1a: Skarmory|Spikes|p2a: Bronzong\n|-sidestart|p2: trotti|Spikes\n|move|p2a: Bronzong|Body Press|p1a: Skarmory\n|-damage|p1a: Skarmory|0 fnt\n|-damage|p2a: Bronzong|132/261|[from] item: Rocky Helmet|[of] p1a: Skarmory\n|faint|p1a: Skarmory\n|\n|upkeep\n|\n|t:|1771263402\n|switch|p1a: Pyroar|Pyroar, L88, M|295/295\n|-ability|p1a: Pyroar|Unnerve\n|turn|8\n|\n|t:|1771263410\n|-terastallize|p2a: Bronzong|Fighting\n|move|p1a: Pyroar|Fire Blast|p2a: Bronzong\n|-damage|p2a: Bronzong|14/261\n|move|p2a: Bronzong|Rest|p2a: Bronzong\n|-status|p2a: Bronzong|slp|[from] move: Rest\n|-heal|p2a: Bronzong|261/261 slp|[silent]\n|\n|upkeep\n|turn|9\n|\n|t:|1771263420\n|move|p1a: Pyroar|Taunt|p2a: Bronzong\n|-start|p2a: Bronzong|move: Taunt\n|cant|p2a: Bronzong|slp\n|\n|upkeep\n|turn|10\n|\n|t:|1771263427\n|move|p1a: Pyroar|Work Up|p1a: Pyroar\n|-boost|p1a: Pyroar|atk|1\n|-boost|p1a: Pyroar|spa|1\n|cant|p2a: Bronzong|slp\n|\n|upkeep\n|turn|11\n|\n|t:|1771263430\n|-terastallize|p1a: Pyroar|Fire\n|move|p1a: Pyroar|Fire Blast|p2a: Bronzong\n|-damage|p2a: Bronzong|31/261 slp\n|-curestatus|p2a: Bronzong|slp|[msg]\n|move|p2a: Bronzong|Body Press|p1a: Pyroar\n|-damage|p1a: Pyroar|66/295\n|\n|-end|p2a: Bronzong|move: Taunt\n|upkeep\n|turn|12\n|\n|t:|1771263440\n|move|p1a: Pyroar|Hyper Voice|p2a: Bronzong\n|-damage|p2a: Bronzong|0 fnt\n|faint|p2a: Bronzong\n|\n|upkeep\n|\n|t:|1771263448\n|switch|p2a: Regirock|Regirock, L83|268/268\n|-status|p2a: Regirock|tox\n|-damage|p2a: Regirock|235/268 tox|[from] Stealth Rock\n|-damage|p2a: Regirock|191/268 tox|[from] Spikes\n|turn|13\n|\n|t:|1771263460\n|switch|p1a: Manaphy|Manaphy, L78|284/284\n|move|p2a: Regirock|Body Press|p1a: Manaphy\n|-damage|p1a: Manaphy|185/284\n|\n|-heal|p1a: Manaphy|202/284|[from] item: Leftovers\n|-heal|p2a: Regirock|207/268 tox|[from] item: Leftovers\n|-damage|p2a: Regirock|191/268 tox|[from] psn\n|upkeep\n|turn|14\n|\n|t:|1771263466\n|move|p1a: Manaphy|Tail Glow|p1a: Manaphy\n|-boost|p1a: Manaphy|spa|3\n|move|p2a: Regirock|Thunder Wave|p1a: Manaphy\n|-status|p1a: Manaphy|par\n|\n|-heal|p2a: Regirock|207/268 tox|[from] item: Leftovers\n|-heal|p1a: Manaphy|219/284 par|[from] item: Leftovers\n|-damage|p2a: Regirock|175/268 tox|[from] psn\n|upkeep\n|turn|15\n|\n|t:|1771263473\n|switch|p2a: Galvantula|Galvantula, L82, M|249/249\n|cant|p1a: Manaphy|par\n|\n|-heal|p1a: Manaphy|236/284 par|[from] item: Leftovers\n|upkeep\n|turn|16\n|\n|t:|1771263482\n|switch|p1a: Rhyperior|Rhyperior, L82, F|323/323\n|move|p2a: Galvantula|Sticky Web|p1a: Rhyperior\n|-sidestart|p1: Phani42|move: Sticky Web\n|\n|upkeep\n|turn|17\n|\n|t:|1771263490\n|switch|p2a: Orthworm|Orthworm, L88, M|266/266\n|-damage|p2a: Orthworm|250/266|[from] Stealth Rock\n|-damage|p2a: Orthworm|206/266|[from] Spikes\n|move|p1a: Rhyperior|Earthquake|p2a: Orthworm\n|-heal|p2a: Orthworm|266/266|[from] ability: Earth Eater|[of] p1a: Rhyperior\n|\n|upkeep\n|turn|18\n|\n|t:|1771263499\n|switch|p1a: Manaphy|Manaphy, L78|236/284 par\n|-activate|p1a: Manaphy|move: Sticky Web\n|-unboost|p1a: Manaphy|spe|1\n|move|p2a: Orthworm|Body Press|p1a: Manaphy\n|-damage|p1a: Manaphy|156/284 par\n|\n|-heal|p1a: Manaphy|173/284 par|[from] item: Leftovers\n|upkeep\n|turn|19\n|\n|t:|1771263504\n|move|p2a: Orthworm|Coil|p2a: Orthworm\n|-boost|p2a: Orthworm|atk|1\n|-boost|p2a: Orthworm|def|1\n|-boost|p2a: Orthworm|accuracy|1\n|move|p1a: Manaphy|Surf|p2a: Orthworm\n|-damage|p2a: Orthworm|143/266\n|\n|-heal|p1a: Manaphy|190/284 par|[from] item: Leftovers\n|upkeep\n|turn|20\n|\n|t:|1771263510\n|move|p2a: Orthworm|Body Press|p1a: Manaphy\n|-damage|p1a: Manaphy|56/284 par\n|move|p1a: Manaphy|Surf|p2a: Orthworm\n|-damage|p2a: Orthworm|34/266\n|\n|-heal|p1a: Manaphy|73/284 par|[from] item: Leftovers\n|upkeep\n|turn|21\n|\n|t:|1771263517\n|move|p2a: Orthworm|Rest|p2a: Orthworm\n|-status|p2a: Orthworm|slp|[from] move: Rest\n|-heal|p2a: Orthworm|266/266 slp|[silent]\n|-enditem|p2a: Orthworm|Chesto Berry|[eat]\n|-curestatus|p2a: Orthworm|slp|[msg]\n|move|p1a: Manaphy|Surf|p2a: Orthworm\n|-crit|p2a: Orthworm\n|-damage|p2a: Orthworm|86/266\n|\n|-heal|p1a: Manaphy|90/284 par|[from] item: Leftovers\n|upkeep\n|turn|22\n|\n|t:|1771263523\n|move|p2a: Orthworm|Body Press|p1a: Manaphy\n|-damage|p1a: Manaphy|0 fnt\n|faint|p1a: Manaphy\n|\n|upkeep\n|\n|t:|1771263527\n|switch|p1a: Pyroar|Pyroar, L88, M, tera:Fire|66/295\n|-ability|p1a: Pyroar|Unnerve\n|turn|23\n|\n|t:|1771263531\n|move|p1a: Pyroar|Fire Blast|p2a: Orthworm\n|-supereffective|p2a: Orthworm\n|-damage|p2a: Orthworm|0 fnt\n|faint|p2a: Orthworm\n|\n|upkeep\n|\n|t:|1771263536\n|switch|p2a: Florges|Florges-Orange, L85, F|271/271\n|-status|p2a: Florges|tox\n|-damage|p2a: Florges|238/271 tox|[from] Stealth Rock\n|-damage|p2a: Florges|193/271 tox|[from] Spikes\n|turn|24\n|\n|t:|1771263540\n|switch|p1a: Forretress|Forretress, L84, M|177/263\n|-activate|p1a: Forretress|move: Sticky Web\n|-unboost|p1a: Forretress|spe|1\n|move|p2a: Florges|Wish|p2a: Florges\n|\n|-heal|p2a: Florges|209/271 tox|[from] item: Leftovers\n|-heal|p1a: Forretress|193/263|[from] item: Leftovers\n|-damage|p2a: Florges|193/271 tox|[from] psn\n|upkeep\n|turn|25\n|\n|t:|1771263545\n|switch|p2a: Veluza|Veluza, L85, F|292/292\n|-status|p2a: Veluza|tox\n|-damage|p2a: Veluza|256/292 tox|[from] Stealth Rock\n|-damage|p2a: Veluza|208/292 tox|[from] Spikes\n|move|p1a: Forretress|Rapid Spin|p2a: Veluza\n|-damage|p2a: Veluza|171/292 tox\n|-boost|p1a: Forretress|spe|1\n|-sideend|p1: Phani42|Sticky Web|[from] move: Rapid Spin|[of] p1a: Forretress\n|\n|-heal|p2a: Veluza|292/292 tox|[from] move: Wish|[wisher] Florges\n|-heal|p1a: Forretress|209/263|[from] item: Leftovers\n|-damage|p2a: Veluza|274/292 tox|[from] psn\n|upkeep\n|turn|26\n|\n|t:|1771263551\n|switch|p1a: Rhyperior|Rhyperior, L82, F|323/323\n|move|p2a: Veluza|Fillet Away|p2a: Veluza\n|-boost|p2a: Veluza|atk|2\n|-boost|p2a: Veluza|spa|2\n|-boost|p2a: Veluza|spe|2\n|-damage|p2a: Veluza|128/292 tox\n|-enditem|p2a: Veluza|Sitrus Berry|[eat]\n|-heal|p2a: Veluza|201/292 tox|[from] item: Sitrus Berry\n|\n|-damage|p2a: Veluza|165/292 tox|[from] psn\n|upkeep\n|turn|27\n|\n|t:|1771263565\n|move|p2a: Veluza|Aqua Cutter|p1a: Rhyperior\n|-supereffective|p1a: Rhyperior\n|-crit|p1a: Rhyperior\n|-damage|p1a: Rhyperior|0 fnt\n|faint|p1a: Rhyperior\n|\n|-damage|p2a: Veluza|111/292 tox|[from] psn\n|upkeep\n|\n|t:|1771263569\n|switch|p1a: Eiscue|Eiscue, L88, F|274/274\n|turn|28\n|\n|t:|1771263573\n|switch|p2a: Galvantula|Galvantula, L82, M|249/249\n|move|p1a: Eiscue|Tera Blast|p2a: Galvantula\n|-damage|p2a: Galvantula|181/249\n|\n|upkeep\n|turn|29\n|\n|t:|1771263580\n|move|p2a: Galvantula|Thunder|p1a: Eiscue\n|-damage|p1a: Eiscue|175/274\n|move|p1a: Eiscue|Ice Spinner|p2a: Galvantula\n|-damage|p2a: Galvantula|75/249\n|\n|upkeep\n|turn|30\n|\n|t:|1771263587\n|move|p2a: Galvantula|Thunder|p1a: Eiscue\n|-damage|p1a: Eiscue|72/274\n|-enditem|p1a: Eiscue|Sitrus Berry|[eat]\n|-heal|p1a: Eiscue|140/274|[from] item: Sitrus Berry\n|move|p1a: Eiscue|Ice Spinner|p2a: Galvantula\n|-damage|p2a: Galvantula|0 fnt\n|faint|p2a: Galvantula\n|\n|upkeep\n|\n|t:|1771263593\n|switch|p2a: Florges|Florges-Orange, L85, F|193/271 tox\n|-damage|p2a: Florges|160/271 tox|[from] Stealth Rock\n|-damage|p2a: Florges|115/271 tox|[from] Spikes\n|turn|31\n|\n|t:|1771263599\n|move|p2a: Florges|Moonblast|p1a: Eiscue\n|-damage|p1a: Eiscue|22/274\n|move|p1a: Eiscue|Ice Spinner|p2a: Florges\n|-damage|p2a: Florges|19/271 tox\n|\n|-heal|p2a: Florges|35/271 tox|[from] item: Leftovers\n|-damage|p2a: Florges|19/271 tox|[from] psn\n|upkeep\n|turn|32\n|\n|t:|1771263607\n|move|p2a: Florges|Moonblast|p1a: Eiscue\n|-damage|p1a: Eiscue|0 fnt\n|faint|p1a: Eiscue\n|\n|-heal|p2a: Florges|35/271 tox|[from] item: Leftovers\n|-damage|p2a: Florges|3/271 tox|[from] psn\n|upkeep\n|\n|t:|1771263611\n|switch|p1a: Pyroar|Pyroar, L88, M, tera:Fire|66/295\n|-ability|p1a: Pyroar|Unnerve\n|turn|33\n|\n|t:|1771263614\n|move|p1a: Pyroar|Hyper Voice|p2a: Florges\n|-damage|p2a: Florges|0 fnt\n|faint|p2a: Florges\n|\n|upkeep\n|\n|t:|1771263616\n|switch|p2a: Regirock|Regirock, L83|175/268 tox\n|-damage|p2a: Regirock|142/268 tox|[from] Stealth Rock\n|-damage|p2a: Regirock|98/268 tox|[from] Spikes\n|turn|34\n|\n|t:|1771263621\n|move|p1a: Pyroar|Taunt|p2a: Regirock\n|-start|p2a: Regirock|move: Taunt\n|move|p2a: Regirock|Body Press|p1a: Pyroar\n|-damage|p1a: Pyroar|0 fnt\n|faint|p1a: Pyroar\n|\n|-heal|p2a: Regirock|114/268 tox|[from] item: Leftovers\n|-damage|p2a: Regirock|98/268 tox|[from] psn\n|upkeep\n|\n|t:|1771263626\n|switch|p1a: Forretress|Forretress, L84, M|209/263\n|turn|35\n|\n|t:|1771263630\n|move|p2a: Regirock|Body Press|p1a: Forretress\n|-damage|p1a: Forretress|143/263\n|move|p1a: Forretress|Iron Head|p2a: Regirock\n|-supereffective|p2a: Regirock\n|-damage|p2a: Regirock|8/268 tox\n|\n|-heal|p2a: Regirock|24/268 tox|[from] item: Leftovers\n|-heal|p1a: Forretress|159/263|[from] item: Leftovers\n|-damage|p2a: Regirock|0 fnt|[from] psn\n|faint|p2a: Regirock\n|upkeep\n|\n|t:|1771263633\n|switch|p2a: Veluza|Veluza, L85, F|111/292 tox\n|-damage|p2a: Veluza|75/292 tox|[from] Stealth Rock\n|-damage|p2a: Veluza|27/292 tox|[from] Spikes\n|turn|36\n|\n|t:|1771263640\n|move|p2a: Veluza|Aqua Cutter|p1a: Forretress\n|-damage|p1a: Forretress|83/263\n|move|p1a: Forretress|Iron Head|p2a: Veluza\n|-resisted|p2a: Veluza\n|-damage|p2a: Veluza|0 fnt\n|faint|p2a: Veluza\n|\n|win|Phani42\n|raw|Phani42's rating: 1832 &rarr; <strong>1854</strong><br />(+22 for winning)\n|raw|trotti's rating: 1875 &rarr; <strong>1853</strong><br />(-22 for losing)\n|l|☆trotti\n|player|p2|\n", "inputlog": ">version 686819e5e19f8a7fd2345cfc5a08a5085efa2cc3\n>start {\"formatid\":\"gen9randombattle\",\"seed\":\"sodium,ac1dd0bffd9f6cea4c1f6c080f12d15c\",\"rated\":\"Rated battle\"}\n>player p1 {\"name\":\"Phani42\",\"avatar\":\"1\",\"rating\":1832,\"seed\":\"sodium,ddc2b97e51d28ae222c449cdf8c6edd9\"}\n>player p2 {\"name\":\"trotti\",\"avatar\":\"1\",\"rating\":1875,\"seed\":\"sodium,2cbf505e44425436b46b6128465a1f50\"}\n>p1 switch 3\n>p2 move calmmind\n>p1 move toxicspikes\n>p2 switch 6\n>p1 move toxicspikes\n>p2 move irondefense\n>p1 move stealthrock\n>p2 move bodypress\n>p1 switch 6\n>p2 move bodypress\n>p1 move spikes\n>p2 move bodypress\n>p1 move spikes\n>p2 move bodypress\n>p1 switch 4\n>p1 move fireblast\n>p2 move rest terastallize\n>p1 move taunt\n>p2 move bodypress\n>p1 move workup\n>p2 move bodypress\n>p1 move fireblast terastallize\n>p2 move bodypress\n>p1 move hypervoice\n>p2 move bodypress\n>p2 switch 3\n>p1 switch 3\n>p2 move bodypress\n>p1 move tailglow\n>p2 move thunderwave\n>p1 move surf\n>p2 switch 5\n>p1 switch 5\n>p2 move stickyweb\n>p1 move earthquake\n>p2 switch 4\n>p1 switch 5\n>p2 move bodypress\n>p1 move surf\n>p2 move coil\n>p1 move surf\n>p2 move bodypress\n>p1 move surf\n>p2 move rest\n>p1 move surf\n>p2 move bodypress\n>p1 switch 3\n>p1 move fireblast\n>p2 move bodypress\n>p2 switch 6\n>p1 switch 6\n>p2 move wish\n>p1 move rapidspin\n>p2 switch 2\n>p1 switch 5\n>p2 move filletaway\n>p1 move earthquake\n>p2 move aquacutter\n>p1 switch 2\n>p1 move terablast\n>p2 switch 4\n>p1 move icespinner\n>p2 move thunder\n>p1 move icespinner\n>p2 move thunder\n>p2 switch 2\n>p1 move icespinner\n>p2 move moonblast\n>p1 move icespinner\n>p2 move moonblast\n>p1 switch 6\n>p1 move hypervoice\n>p2 move wish\n>p2 switch 5\n>p1 move taunt\n>p2 move bodypress\n>p1 switch 5\n>p1 move ironhead\n>p2 move bodypress\n>p2 switch 4\n>p1 move ironhead\n>p2 move aquacutter", "uploadtime": 1771263648, "views": 3, "formatid": "gen9randombattle", "rating": 1853, "private": 0, "password": null}