{"id": "gen9randombattle-2540614801", "format": "[Gen 9] Random Battle", "players": ["Still Free", "Bifld"], "log": "|j|☆Still Free\n|j|☆Bifld\n|t:|1771227643\n|gametype|singles\n|player|p1|Still Free|cynthia|1789\n|player|p2|Bifld|iono-masters|1757\n|gen|9\n|tier|[Gen 9] Random Battle\n|rated|\n|rule|Species Clause: Limit one of each Pokémon\n|rule|HP Percentage Mod: HP is shown in percentages\n|rule|Sleep Clause Mod: Limit one foe put to sleep\n|rule|Illusion Level Mod: Illusion disguises the Pokémon's true level\n|\n|t:|1771227643\n|teamsize|p1|6\n|teamsize|p2|6\n|start\n|switch|p1a: Skeledirge|Skeledirge, L79, F|294/294\n|switch|p2a: Walking Wake|Walking Wake, L79|286/286\n|turn|1\n|inactive|Battle timer is ON: inactive players will automatically lose when time's up. (requested by Bifld)\n|\n|t:|1771227655\n|switch|p1a: Lurantis|Lurantis, L87, F|264/264\n|move|p2a: Walking Wake|Sunny Day|p2a: Walking Wake\n|-weather|SunnyDay\n|-activate|p2a: Walking Wake|ability: Protosynthesis\n|-start|p2a: Walking Wake|protosynthesisspa\n|\n|-weather|SunnyDay|[upkeep]\n|upkeep\n|turn|2\n|\n|t:|1771227678\n|move|p2a: Walking Wake|Flamethrower|p1a: Lurantis\n|-supereffective|p1a: Lurantis\n|-damage|p1a: Lurantis|33/264\n|-damage|p2a: Walking Wake|258/286|[from] item: Life Orb\n|move|p1a: Lurantis|Leaf Storm|p2a: Walking Wake\n|-damage|p2a: Walking Wake|119/286\n|-boost|p1a: Lurantis|spa|2\n|\n|-weather|SunnyDay|[upkeep]\n|upkeep\n|turn|3\n|\n|t:|1771227690\n|move|p2a: Walking Wake|Hydro Steam|p1a: Lurantis\n|-resisted|p1a: Lurantis\n|-damage|p1a: Lurantis|0 fnt\n|faint|p1a: Lurantis\n|-damage|p2a: Walking Wake|91/286|[from] item: Life Orb\n|\n|-weather|SunnyDay|[upkeep]\n|upkeep\n|\n|t:|1771227700\n|switch|p1a: Iron Moth|Iron Moth, L78|253/253\n|turn|4\n|\n|t:|1771227717\n|move|p2a: Walking Wake|Hydro Steam|p1a: Iron Moth\n|-supereffective|p1a: Iron Moth\n|-damage|p1a: Iron Moth|0 fnt\n|faint|p1a: Iron Moth\n|-end|p1a: Iron Moth|Quark Drive|[silent]\n|-damage|p2a: Walking Wake|63/286|[from] item: Life Orb\n|\n|-weather|SunnyDay|[upkeep]\n|upkeep\n|\n|t:|1771227729\n|switch|p1a: Regigigas|Regigigas, L84|322/322\n|-start|p1a: Regigigas|ability: Slow Start\n|turn|5\n|\n|t:|1771227737\n|-end|p2a: Walking Wake|Protosynthesis|[silent]\n|switch|p2a: Arceus|Arceus-Fighting, L70|284/284\n|move|p1a: Regigigas|Protect||[still]\n|-fail|p1a: Regigigas\n|\n|-weather|none\n|upkeep\n|turn|6\n|\n|t:|1771227743\n|move|p1a: Regigigas|Protect|p1a: Regigigas\n|-singleturn|p1a: Regigigas|Protect\n|move|p2a: Arceus|Cosmic Power|p2a: Arceus\n|-boost|p2a: Arceus|def|1\n|-boost|p2a: Arceus|spd|1\n|\n|upkeep\n|turn|7\n|\n|t:|1771227748\n|move|p2a: Arceus|Cosmic Power|p2a: Arceus\n|-boost|p2a: Arceus|def|1\n|-boost|p2a: Arceus|spd|1\n|move|p1a: Regigigas|Body Slam|p2a: Arceus\n|-damage|p2a: Arceus|248/284\n|\n|upkeep\n|turn|8\n|\n|t:|1771227751\n|move|p2a: Arceus|Cosmic Power|p2a: Arceus\n|-boost|p2a: Arceus|def|1\n|-boost|p2a: Arceus|spd|1\n|move|p1a: Regigigas|Body Slam|p2a: Arceus\n|-damage|p2a: Arceus|221/284\n|\n|upkeep\n|turn|9\n|\n|t:|1771227755\n|move|p1a: Regigigas|Protect|p1a: Regigigas\n|-singleturn|p1a: Regigigas|Protect\n|move|p2a: Arceus|Body Press|p1a: Regigigas\n|-activate|p1a: Regigigas|move: Protect\n|\n|-end|p1a: Regigigas|Slow Start\n|upkeep\n|turn|10\n|\n|t:|1771227758\n|-terastallize|p1a: Regigigas|Ghost\n|move|p1a: Regigigas|Body Slam|p2a: Arceus\n|-damage|p2a: Arceus|173/284\n|move|p2a: Arceus|Body Press|p1a: Regigigas\n|-immune|p1a: Regigigas\n|\n|upkeep\n|turn|11\n|\n|t:|1771227763\n|move|p1a: Regigigas|Body Slam|p2a: Arceus\n|-damage|p2a: Arceus|118/284\n|move|p2a: Arceus|Cosmic Power|p2a: Arceus\n|-boost|p2a: Arceus|def|1\n|-boost|p2a: Arceus|spd|1\n|\n|upkeep\n|turn|12\n|\n|t:|1771227768\n|move|p1a: Regigigas|Body Slam|p2a: Arceus\n|-damage|p2a: Arceus|75/284\n|move|p2a: Arceus|Recover|p2a: Arceus\n|-heal|p2a: Arceus|217/284\n|\n|upkeep\n|turn|13\n|\n|t:|1771227773\n|move|p1a: Regigigas|Body Slam|p2a: Arceus\n|-damage|p2a: Arceus|175/284\n|-status|p2a: Arceus|par\n|move|p2a: Arceus|Cosmic Power|p2a: Arceus\n|-boost|p2a: Arceus|def|1\n|-boost|p2a: Arceus|spd|1\n|\n|upkeep\n|turn|14\n|\n|t:|1771227780\n|switch|p1a: Skeledirge|Skeledirge, L79, F|294/294\n|move|p2a: Arceus|Recover|p2a: Arceus\n|-heal|p2a: Arceus|284/284 par\n|\n|upkeep\n|turn|15\n|\n|t:|1771227785\n|move|p1a: Skeledirge|Torch Song|p2a: Arceus\n|-damage|p2a: Arceus|211/284 par\n|-boost|p1a: Skeledirge|spa|1\n|move|p2a: Arceus|Cosmic Power|p2a: Arceus\n|-boost|p2a: Arceus|def|1\n|-boost|p2a: Arceus|spd|1\n|\n|upkeep\n|turn|16\n|\n|t:|1771227787\n|move|p1a: Skeledirge|Torch Song|p2a: Arceus\n|-damage|p2a: Arceus|105/284 par\n|-boost|p1a: Skeledirge|spa|1\n|move|p2a: Arceus|Stored Power|p1a: Skeledirge\n|-damage|p1a: Skeledirge|120/294\n|\n|upkeep\n|turn|17\n|\n|t:|1771227791\n|move|p1a: Skeledirge|Hex|p2a: Arceus\n|-damage|p2a: Arceus|0 fnt\n|faint|p2a: Arceus\n|\n|upkeep\n|\n|t:|1771227799\n|switch|p2a: Basculin|Basculin, L86, F|261/261\n|turn|18\n|j| YveltalAria\n|\n|t:|1771227806\n|move|p2a: Basculin|Flip Turn|p1a: Skeledirge\n|-supereffective|p1a: Skeledirge\n|-damage|p1a: Skeledirge|0 fnt\n|faint|p1a: Skeledirge\n|l| YveltalAria\n|\n|t:|1771227815\n|switch|p2a: Pikachu|Pikachu-Sinnoh, L93, F|216/216|[from] Flip Turn\n|\n|upkeep\n|\n|t:|1771227819\n|switch|p1a: Sandy Shocks|Sandy Shocks, L80|267/267\n|turn|19\n|\n|t:|1771227826\n|move|p2a: Pikachu|Fake Out|p1a: Sandy Shocks\n|-damage|p1a: Sandy Shocks|219/267\n|cant|p1a: Sandy Shocks|flinch\n|\n|-heal|p1a: Sandy Shocks|235/267|[from] item: Leftovers\n|upkeep\n|turn|20\n|\n|t:|1771227836\n|-terastallize|p2a: Pikachu|Water\n|move|p2a: Pikachu|Surf|p1a: Sandy Shocks\n|-supereffective|p1a: Sandy Shocks\n|-damage|p1a: Sandy Shocks|0 fnt\n|faint|p1a: Sandy Shocks\n|-end|p1a: Sandy Shocks|Protosynthesis|[silent]\n|\n|upkeep\n|\n|t:|1771227841\n|switch|p1a: Lilligant|Lilligant-Hisui, L79, F|240/240\n|turn|21\n|\n|t:|1771227849\n|move|p2a: Pikachu|Volt Tackle|p1a: Lilligant\n|-resisted|p1a: Lilligant\n|-damage|p1a: Lilligant|111/240\n|-damage|p2a: Pikachu|173/216|[from] Recoil\n|move|p1a: Lilligant|Victory Dance|p1a: Lilligant\n|-boost|p1a: Lilligant|atk|1\n|-boost|p1a: Lilligant|def|1\n|-boost|p1a: Lilligant|spe|1\n|\n|upkeep\n|turn|22\n|\n|t:|1771227863\n|switch|p2a: Pyroar|Pyroar, L88, M|295/295\n|-ability|p2a: Pyroar|Unnerve\n|move|p1a: Lilligant|Leaf Blade|p2a: Pyroar\n|-resisted|p2a: Pyroar\n|-damage|p2a: Pyroar|181/295\n|\n|upkeep\n|turn|23\n|\n|t:|1771227865\n|move|p1a: Lilligant|Close Combat|p2a: Pyroar|[miss]\n|-miss|p1a: Lilligant|p2a: Pyroar\n|move|p2a: Pyroar|Will-O-Wisp|p1a: Lilligant\n|-status|p1a: Lilligant|brn\n|\n|-damage|p1a: Lilligant|96/240 brn|[from] brn\n|upkeep\n|turn|24\n|\n|t:|1771227869\n|move|p1a: Lilligant|Close Combat|p2a: Pyroar\n|-supereffective|p2a: Pyroar\n|-damage|p2a: Pyroar|0 fnt\n|-unboost|p1a: Lilligant|def|1\n|-unboost|p1a: Lilligant|spd|1\n|faint|p2a: Pyroar\n|\n|-damage|p1a: Lilligant|81/240 brn|[from] brn\n|upkeep\n|\n|t:|1771227875\n|switch|p2a: Regigigas|Regigigas, L84|322/322\n|-start|p2a: Regigigas|ability: Slow Start\n|turn|25\n|\n|t:|1771227879\n|move|p1a: Lilligant|Leaf Blade|p2a: Regigigas\n|-damage|p2a: Regigigas|241/322\n|move|p2a: Regigigas|Body Slam|p1a: Lilligant\n|-damage|p1a: Lilligant|0 fnt\n|faint|p1a: Lilligant\n|\n|-heal|p2a: Regigigas|261/322|[from] item: Leftovers\n|upkeep\n|\n|t:|1771227882\n|switch|p1a: Regigigas|Regigigas, L84, tera:Ghost|322/322\n|-start|p1a: Regigigas|ability: Slow Start\n|turn|26\n|\n|t:|1771227886\n|move|p2a: Regigigas|Knock Off|p1a: Regigigas\n|-supereffective|p1a: Regigigas\n|-damage|p1a: Regigigas|236/322\n|-enditem|p1a: Regigigas|Leftovers|[from] move: Knock Off|[of] p2a: Regigigas\n|move|p1a: Regigigas|Knock Off|p2a: Regigigas\n|-damage|p2a: Regigigas|216/322\n|-enditem|p2a: Regigigas|Leftovers|[from] move: Knock Off|[of] p1a: Regigigas\n|\n|upkeep\n|turn|27\n|\n|t:|1771227895\n|move|p1a: Regigigas|Body Slam|p2a: Regigigas\n|-damage|p2a: Regigigas|161/322\n|move|p2a: Regigigas|Knock Off|p1a: Regigigas\n|-supereffective|p1a: Regigigas\n|-damage|p1a: Regigigas|176/322\n|\n|upkeep\n|turn|28\n|\n|t:|1771227900\n|move|p1a: Regigigas|Body Slam|p2a: Regigigas\n|-damage|p2a: Regigigas|100/322\n|move|p2a: Regigigas|Knock Off|p1a: Regigigas\n|-supereffective|p1a: Regigigas\n|-damage|p1a: Regigigas|120/322\n|\n|upkeep\n|turn|29\n|\n|t:|1771227905\n|move|p2a: Regigigas|Rest|p2a: Regigigas\n|-status|p2a: Regigigas|slp|[from] move: Rest\n|-heal|p2a: Regigigas|322/322 slp|[silent]\n|move|p1a: Regigigas|Substitute|p1a: Regigigas\n|-start|p1a: Regigigas|Substitute\n|-damage|p1a: Regigigas|40/322\n|\n|-end|p2a: Regigigas|Slow Start\n|upkeep\n|turn|30\n|\n|t:|1771227909\n|cant|p2a: Regigigas|slp\n|move|p2a: Regigigas|Sleep Talk|p2a: Regigigas\n|move|p2a: Regigigas|Body Slam|p1a: Regigigas|[from] move: Sleep Talk\n|-immune|p1a: Regigigas\n|move|p1a: Regigigas|Body Slam|p2a: Regigigas\n|-damage|p2a: Regigigas|264/322 slp\n|\n|-end|p1a: Regigigas|Slow Start\n|upkeep\n|turn|31\n|\n|t:|1771227912\n|cant|p2a: Regigigas|slp\n|move|p1a: Regigigas|Body Slam|p2a: Regigigas\n|-damage|p2a: Regigigas|150/322 slp\n|\n|upkeep\n|turn|32\n|\n|t:|1771227914\n|-curestatus|p2a: Regigigas|slp|[msg]\n|move|p2a: Regigigas|Knock Off|p1a: Regigigas\n|-supereffective|p1a: Regigigas\n|-end|p1a: Regigigas|Substitute\n|move|p1a: Regigigas|Body Slam|p2a: Regigigas\n|-damage|p2a: Regigigas|41/322\n|-status|p2a: Regigigas|par\n|\n|upkeep\n|turn|33\n|\n|t:|1771227918\n|move|p1a: Regigigas|Body Slam|p2a: Regigigas\n|-damage|p2a: Regigigas|0 fnt\n|faint|p2a: Regigigas\n|-end|p2a: Regigigas|Slow Start|[silent]\n|\n|upkeep\n|\n|t:|1771227920\n|switch|p2a: Pikachu|Pikachu-Sinnoh, L93, F, tera:Water|173/216\n|turn|34\n|\n|t:|1771227923\n|move|p1a: Regigigas|Protect|p1a: Regigigas\n|-singleturn|p1a: Regigigas|Protect\n|move|p2a: Pikachu|Volt Tackle|p1a: Regigigas\n|-activate|p1a: Regigigas|move: Protect\n|\n|upkeep\n|turn|35\n|\n|t:|1771227925\n|move|p2a: Pikachu|Volt Tackle|p1a: Regigigas\n|-damage|p1a: Regigigas|0 fnt\n|faint|p1a: Regigigas\n|-end|p1a: Regigigas|Slow Start|[silent]\n|-damage|p2a: Pikachu|160/216|[from] Recoil\n|\n|win|Bifld\n|raw|Still Free's rating: 1808 &rarr; <strong>1785</strong><br />(-23 for losing)\n|raw|Bifld's rating: 1757 &rarr; <strong>1780</strong><br />(+23 for winning)\n", "inputlog": ">version 686819e5e19f8a7fd2345cfc5a08a5085efa2cc3\n>start {\"formatid\":\"gen9randombattle\",\"seed\":\"sodium,2e5329c7694ab7d3a709b26d013513db\",\"rated\":\"Rated battle\"}\n>player p1 {\"name\":\"Still Free\",\"avatar\":\"cynthia\",\"rating\":1789,\"seed\":\"sodium,dc250a6ef490468c396de517b57ba0e3\"}\n>player p2 {\"name\":\"Bifld\",\"avatar\":\"iono-masters\",\"rating\":1757,\"seed\":\"sodium,33066c16343094876f8a6ebb396751ef\"}\n>p1 switch 6\n>p2 move sunnyday\n>p1 move leafstorm\n>p2 move flamethrower\n>p1 move leafstorm\n>p2 move hydrosteam\n>p1 switch 4\n>p1 move sludgewave\n>p2 move hydrosteam\n>p1 switch 3\n>p1 move protect\n>p2 switch 2\n>p1 move protect\n>p2 move cosmicpower\n>p1 move bodyslam\n>p2 move cosmicpower\n>p1 move bodyslam\n>p2 move cosmicpower\n>p1 move protect\n>p2 move bodypress\n>p1 move bodyslam terastallize\n>p2 move bodypress\n>p1 move bodyslam\n>p2 move cosmicpower\n>p1 move bodyslam\n>p2 move recover\n>p1 move bodyslam\n>p2 move cosmicpower\n>p1 switch 6\n>p2 move recover\n>p1 move torchsong\n>p2 move cosmicpower\n>p1 move torchsong\n>p2 move storedpower\n>p1 move hex\n>p2 move storedpower\n>p2 switch 6\n>p1 move willowisp\n>p2 move flipturn\n>p2 switch 5\n>p1 switch 2\n>p1 move earthpower\n>p2 move fakeout\n>p1 move earthpower\n>p2 move surf terastallize\n>p1 switch 5\n>p1 move victorydance\n>p2 move volttackle\n>p1 move leafblade\n>p2 switch 4\n>p1 move closecombat\n>p2 move willowisp\n>p1 move closecombat\n>p2 move hypervoice\n>p2 switch 3\n>p1 move leafblade\n>p2 move bodyslam\n>p1 switch 6\n>p1 move knockoff\n>p2 move knockoff\n>p1 move bodyslam\n>p2 move knockoff\n>p1 move bodyslam\n>p2 move knockoff\n>p1 move substitute\n>p2 move rest\n>p1 move bodyslam\n>p2 move sleeptalk\n>p1 move bodyslam\n>p2 move knockoff\n>p1 move bodyslam\n>p2 move knockoff\n>p1 move bodyslam\n>p2 move knockoff\n>p2 switch 4\n>p1 move protect\n>p2 move volttackle\n>p1 move bodyslam\n>p2 move volttackle", "uploadtime": 1771227925, "views": 13, "formatid": "gen9randombattle", "rating": 1780, "private": 0, "password": null}