{"id": "gen9randombattle-2540858836", "format": "[Gen 9] Random Battle", "players": ["F1ish", "Mr.Fuji245"], "log": "|badge|p1|silver|gen9randombattle|30-8\n|uhtml|medal-msg|<div class=\"broadcast-blue\">Curious what those medals under the avatar are? PS now has Ladder Seasons! For more information, check out the <a href=\"https://www.smogon.com/forums/threads/3740067/\">thread on Smogon.</a></div>\n|badge|p2|bronze|gen9randombattle|100-8\n|uhtml|medal-msg|<div class=\"broadcast-blue\">Curious what those medals under the avatar are? PS now has Ladder Seasons! For more information, check out the <a href=\"https://www.smogon.com/forums/threads/3740067/\">thread on Smogon.</a></div>\n|j|‽F1ish\n|j|☆Mr.Fuji245\n|t:|1771261299\n|gametype|singles\n|player|p1|F1ish|102|2410\n|player|p2|Mr.Fuji245|mrfuji-gen3|2313\n|gen|9\n|tier|[Gen 9] Random Battle\n|rated|\n|rule|Species Clause: Limit one of each Pokémon\n|rule|HP Percentage Mod: HP is shown in percentages\n|rule|Sleep Clause Mod: Limit one foe put to sleep\n|rule|Illusion Level Mod: Illusion disguises the Pokémon's true level\n|\n|t:|1771261299\n|teamsize|p1|6\n|teamsize|p2|6\n|start\n|switch|p1a: Maushold|Maushold-Four, L76|238/238\n|switch|p2a: Palafin|Palafin, L77, F|281/281\n|turn|1\n|inactive|Battle timer is ON: inactive players will automatically lose when time's up. (requested by F1ish)\n|\n|t:|1771261304\n|move|p1a: Maushold|Tidy Up|p1a: Maushold\n|-boost|p1a: Maushold|atk|1\n|-boost|p1a: Maushold|spe|1\n|move|p2a: Palafin|Flip Turn|p1a: Maushold\n|-damage|p1a: Maushold|162/238\n|\n|t:|1771261312\n|detailschange|p2a: Palafin|Palafin-Hero, L77, F\n|switch|p2a: Meowstic|Meowstic, L89, M|277/277|[from] Flip Turn\n|\n|upkeep\n|turn|2\n|\n|t:|1771261318\n|move|p2a: Meowstic|Thunder Wave|p1a: Maushold\n|-status|p1a: Maushold|par\n|move|p1a: Maushold|Population Bomb|p2a: Meowstic\n|-damage|p2a: Meowstic|241/277\n|-damage|p2a: Meowstic|204/277\n|-damage|p2a: Meowstic|171/277\n|-damage|p2a: Meowstic|135/277\n|-damage|p2a: Meowstic|102/277\n|-damage|p2a: Meowstic|66/277\n|-damage|p2a: Meowstic|32/277\n|-damage|p2a: Meowstic|0 fnt\n|faint|p2a: Meowstic\n|-hitcount|p2: Meowstic|8\n|\n|upkeep\n|\n|t:|1771261328\n|switch|p2a: Palafin|Palafin-Hero, L77, F|281/281\n|-activate|p2a: Palafin|ability: Zero to Hero\n|turn|3\n|\n|t:|1771261341\n|switch|p1a: Brambleghast|Brambleghast, L88, M|240/240\n|move|p2a: Palafin|Wave Crash|p1a: Brambleghast\n|-resisted|p1a: Brambleghast\n|-damage|p1a: Brambleghast|108/240\n|-damage|p2a: Palafin|237/281|[from] Recoil\n|\n|-heal|p1a: Brambleghast|123/240|[from] item: Leftovers\n|upkeep\n|turn|4\n|\n|t:|1771261357\n|switch|p2a: Girafarig|Girafarig, L89, M|269/269\n|move|p1a: Brambleghast|Leech Seed|p2a: Girafarig\n|-ability|p2a: Girafarig|Sap Sipper|boost\n|-boost|p2a: Girafarig|atk|1\n|\n|-heal|p1a: Brambleghast|138/240|[from] item: Leftovers\n|upkeep\n|turn|5\n|\n|t:|1771261361\n|switch|p1a: Regigigas|Regigigas, L84|322/322\n|-start|p1a: Regigigas|ability: Slow Start\n|move|p2a: Girafarig|Nasty Plot|p2a: Girafarig\n|-boost|p2a: Girafarig|spa|2\n|\n|upkeep\n|turn|6\n|\n|t:|1771261368\n|move|p2a: Girafarig|Hyper Voice|p1a: Regigigas\n|-damage|p1a: Regigigas|156/322\n|move|p1a: Regigigas|Knock Off|p2a: Girafarig\n|-supereffective|p2a: Girafarig\n|-damage|p2a: Girafarig|189/269\n|-enditem|p2a: Girafarig|Eviolite|[from] move: Knock Off|[of] p1a: Regigigas\n|\n|-heal|p1a: Regigigas|176/322|[from] item: Leftovers\n|upkeep\n|turn|7\n|\n|t:|1771261372\n|move|p2a: Girafarig|Hyper Voice|p1a: Regigigas\n|-damage|p1a: Regigigas|0 fnt\n|faint|p1a: Regigigas\n|-end|p1a: Regigigas|Slow Start|[silent]\n|\n|upkeep\n|\n|t:|1771261383\n|switch|p1a: Manaphy|Manaphy, L78|284/284\n|turn|8\n|\n|t:|1771261388\n|move|p2a: Girafarig|Hyper Voice|p1a: Manaphy\n|-damage|p1a: Manaphy|95/284\n|move|p1a: Manaphy|Tail Glow|p1a: Manaphy\n|-boost|p1a: Manaphy|spa|3\n|\n|-heal|p1a: Manaphy|112/284|[from] item: Leftovers\n|upkeep\n|turn|9\n|\n|t:|1771261398\n|switch|p1a: Maushold|Maushold-Four, L76|162/238 par\n|move|p2a: Girafarig|Hyper Voice|p1a: Maushold\n|-damage|p1a: Maushold|0 fnt\n|faint|p1a: Maushold\n|\n|upkeep\n|\n|t:|1771261400\n|switch|p1a: Pincurchin|Pincurchin, M|258/258\n|-fieldstart|move: Electric Terrain|[from] ability: Electric Surge|[of] p1a: Pincurchin\n|turn|10\n|\n|t:|1771261412\n|move|p2a: Girafarig|Hyper Voice|p1a: Pincurchin\n|-damage|p1a: Pincurchin|84/258\n|move|p1a: Pincurchin|Discharge|p2a: Girafarig\n|-damage|p2a: Girafarig|12/269\n|\n|-heal|p1a: Pincurchin|100/258|[from] item: Leftovers\n|upkeep\n|turn|11\n|\n|t:|1771261420\n|switch|p1a: Manaphy|Manaphy, L78|112/284\n|move|p2a: Girafarig|Psyshock|p1a: Manaphy\n|-damage|p1a: Manaphy|0 fnt\n|faint|p1a: Manaphy\n|\n|upkeep\n|\n|t:|1771261421\n|switch|p1a: Probopass|Probopass, L91, M|257/257\n|turn|12\n|\n|t:|1771261432\n|move|p2a: Girafarig|Thunderbolt|p1a: Probopass\n|-damage|p1a: Probopass|146/257\n|move|p1a: Probopass|Body Press|p2a: Girafarig\n|-damage|p2a: Girafarig|0 fnt\n|faint|p2a: Girafarig\n|\n|-heal|p1a: Probopass|162/257|[from] item: Leftovers\n|upkeep\n|\n|t:|1771261454\n|switch|p2a: Galvantula|Galvantula, L82, F|249/249\n|turn|13\n|\n|t:|1771261462\n|move|p2a: Galvantula|Thunder|p1a: Probopass\n|-damage|p1a: Probopass|75/257\n|-status|p1a: Probopass|par\n|move|p1a: Probopass|Power Gem|p2a: Galvantula\n|-supereffective|p2a: Galvantula\n|-damage|p2a: Galvantula|33/249\n|\n|-heal|p1a: Probopass|91/257 par|[from] item: Leftovers\n|upkeep\n|turn|14\n|\n|t:|1771261469\n|move|p2a: Galvantula|Thunder|p1a: Probopass\n|-damage|p1a: Probopass|4/257 par\n|move|p1a: Probopass|Power Gem|p2a: Galvantula\n|-supereffective|p2a: Galvantula\n|-damage|p2a: Galvantula|0 fnt\n|faint|p2a: Galvantula\n|\n|-heal|p1a: Probopass|20/257 par|[from] item: Leftovers\n|-fieldend|move: Electric Terrain\n|upkeep\n|\n|t:|1771261476\n|switch|p2a: Palafin|Palafin-Hero, L77, F|237/281\n|turn|15\n|\n|t:|1771261480\n|move|p2a: Palafin|Flip Turn|p1a: Probopass\n|-supereffective|p1a: Probopass\n|-crit|p1a: Probopass\n|-damage|p1a: Probopass|0 fnt\n|faint|p1a: Probopass\n|j| MidnightBeasts\n|\n|t:|1771261505\n|switch|p2a: Arceus|Arceus-Ground, L70|284/284|[from] Flip Turn\n|\n|upkeep\n|\n|t:|1771261509\n|switch|p1a: Brambleghast|Brambleghast, L88, M|138/240\n|turn|16\n|\n|t:|1771261513\n|-terastallize|p2a: Arceus|Dragon\n|move|p1a: Brambleghast|Power Whip|p2a: Arceus\n|-resisted|p2a: Arceus\n|-damage|p2a: Arceus|203/284\n|move|p2a: Arceus|Fire Blast|p1a: Brambleghast\n|-supereffective|p1a: Brambleghast\n|-damage|p1a: Brambleghast|0 fnt\n|faint|p1a: Brambleghast\n|\n|upkeep\n|\n|t:|1771261516\n|switch|p1a: Pincurchin|Pincurchin, M|100/258\n|-fieldstart|move: Electric Terrain|[from] ability: Electric Surge|[of] p1a: Pincurchin\n|turn|17\n|\n|t:|1771261524\n|-terastallize|p1a: Pincurchin|Water\n|move|p2a: Arceus|Judgment|p1a: Pincurchin\n|-damage|p1a: Pincurchin|1/258\n|move|p1a: Pincurchin|Recover|p1a: Pincurchin\n|-heal|p1a: Pincurchin|130/258\n|\n|-heal|p1a: Pincurchin|146/258|[from] item: Leftovers\n|upkeep\n|turn|18\n|\n|t:|1771261533\n|move|p2a: Arceus|Calm Mind|p2a: Arceus\n|-boost|p2a: Arceus|spa|1\n|-boost|p2a: Arceus|spd|1\n|move|p1a: Pincurchin|Recover|p1a: Pincurchin\n|-heal|p1a: Pincurchin|258/258\n|\n|upkeep\n|turn|19\n|\n|t:|1771261537\n|move|p2a: Arceus|Judgment|p1a: Pincurchin\n|-damage|p1a: Pincurchin|131/258\n|move|p1a: Pincurchin|Discharge|p2a: Arceus\n|-resisted|p2a: Arceus\n|-damage|p2a: Arceus|156/284\n|-status|p2a: Arceus|par\n|\n|-heal|p1a: Pincurchin|147/258|[from] item: Leftovers\n|upkeep\n|turn|20\n|\n|t:|1771261541\n|cant|p2a: Arceus|par\n|move|p1a: Pincurchin|Discharge|p2a: Arceus\n|-resisted|p2a: Arceus\n|-damage|p2a: Arceus|114/284 par\n|\n|-heal|p1a: Pincurchin|163/258|[from] item: Leftovers\n|upkeep\n|turn|21\n|\n|t:|1771261546\n|move|p2a: Arceus|Recover|p2a: Arceus\n|-heal|p2a: Arceus|256/284 par\n|move|p1a: Pincurchin|Recover|p1a: Pincurchin\n|-heal|p1a: Pincurchin|258/258\n|\n|-fieldend|move: Electric Terrain\n|upkeep\n|turn|22\n|-message|F1ish forfeited.\n|\n|win|Mr.Fuji245\n|raw|F1ish's rating: 2410 &rarr; <strong>2385</strong><br />(-25 for losing)\n|raw|Mr.Fuji245's rating: 2313 &rarr; <strong>2338</strong><br />(+25 for winning)\n|l|‽F1ish\n|player|p1|\n|l| MidnightBeasts\n|j| MidnightBeasts\n", "inputlog": ">version 686819e5e19f8a7fd2345cfc5a08a5085efa2cc3\n>start {\"formatid\":\"gen9randombattle\",\"seed\":\"sodium,66c2f0c8d81b0b80b3f3b43ad3e07982\",\"rated\":\"Rated battle\"}\n>player p1 {\"name\":\"F1ish\",\"avatar\":\"102\",\"rating\":2410,\"seed\":\"sodium,a78602a12e4e980c373e93f2daa1df45\"}\n>player p2 {\"name\":\"Mr.Fuji245\",\"avatar\":\"mrfuji-gen3\",\"rating\":2313,\"seed\":\"sodium,de4a41ecd57e177c954adc4f42f52044\"}\n>p1 move tidyup\n>p2 move flipturn\n>p2 switch 3\n>p1 move populationbomb\n>p2 move thunderwave\n>p2 switch 3\n>p1 switch 3\n>p2 move wavecrash\n>p1 move leechseed\n>p2 switch 4\n>p1 switch 2\n>p2 move nastyplot\n>p1 move knockoff\n>p2 move hypervoice\n>p1 move rest\n>p2 move hypervoice\n>p1 switch 5\n>p1 move tailglow\n>p2 move hypervoice\n>p1 switch 3\n>p2 move hypervoice\n>p1 switch 6\n>p1 move discharge\n>p2 move hypervoice\n>p1 switch 3\n>p2 move psyshock\n>p1 switch 4\n>p1 move bodypress\n>p2 move thunderbolt\n>p2 switch 5\n>p1 move powergem\n>p2 move thunder\n>p1 move powergem\n>p2 move thunder\n>p2 switch 4\n>p1 move bodypress\n>p2 move flipturn\n>p2 switch 6\n>p1 switch 2\n>p1 move powerwhip\n>p2 move fireblast terastallize\n>p1 switch 3\n>p1 move recover terastallize\n>p2 move judgment\n>p1 move recover\n>p2 move calmmind\n>p1 move discharge\n>p2 move judgment\n>p1 move discharge\n>p2 move judgment\n>p1 move recover\n>p2 move recover\n>forcelose p1", "uploadtime": 1771261575, "views": 8, "formatid": "gen9randombattle", "rating": 2338, "private": 0, "password": null}