{"id": "gen9randombattle-2540527934", "format": "[Gen 9] Random Battle", "players": ["shuri2060", "sweggitrash"], "log": "|j|‽shuri2060\n|j|☆sweggitrash\n|t:|1771213421\n|gametype|singles\n|player|p1|shuri2060|265|1776\n|player|p2|sweggitrash|265|1828\n|gen|9\n|tier|[Gen 9] Random Battle\n|rated|\n|rule|Species Clause: Limit one of each Pokémon\n|rule|HP Percentage Mod: HP is shown in percentages\n|rule|Sleep Clause Mod: Limit one foe put to sleep\n|rule|Illusion Level Mod: Illusion disguises the Pokémon's true level\n|\n|t:|1771213421\n|teamsize|p1|6\n|teamsize|p2|6\n|start\n|switch|p1a: Hitmontop|Hitmontop, L88, M|231/231\n|switch|p2a: Regirock|Regirock, L83|268/268\n|-ability|p1a: Hitmontop|Intimidate|boost\n|-fail|p2a: Regirock|unboost|[from] ability: Clear Body|[of] p2a: Regirock\n|turn|1\n|inactive|Battle timer is ON: inactive players will automatically lose when time's up. (requested by sweggitrash)\n|\n|t:|1771213442\n|switch|p2a: Flutter Mane|Flutter Mane, L74|203/203\n|move|p1a: Hitmontop|Close Combat|p2a: Flutter Mane\n|-immune|p2a: Flutter Mane\n|\n|upkeep\n|turn|2\n|inactive|sweggitrash has 120 seconds left.\n|\n|t:|1771213490\n|switch|p1a: Victreebel|Victreebel, L90, F|290/290\n|move|p2a: Flutter Mane|Moonblast|p1a: Victreebel\n|-resisted|p1a: Victreebel\n|-damage|p1a: Victreebel|212/290\n|\n|upkeep\n|turn|3\n|\n|t:|1771213502\n|-end|p2a: Flutter Mane|Protosynthesis|[silent]\n|switch|p2a: Mienshao|Mienshao, L83, F|244/244\n|move|p1a: Victreebel|Sludge Wave|p2a: Mienshao\n|-damage|p2a: Mienshao|56/244\n|-damage|p1a: Victreebel|183/290|[from] item: Life Orb\n|\n|upkeep\n|turn|4\n|\n|t:|1771213517\n|move|p2a: Mienshao|Triple Axel|p1a: Victreebel\n|-supereffective|p1a: Victreebel\n|-damage|p1a: Victreebel|123/290\n|-hitcount|p1a: Victreebel|1\n|-damage|p2a: Mienshao|32/244|[from] item: Life Orb\n|move|p1a: Victreebel|Sunny Day|p1a: Victreebel\n|-weather|SunnyDay\n|\n|-weather|SunnyDay|[upkeep]\n|upkeep\n|turn|5\n|inactive|sweggitrash has 120 seconds left.\n|\n|t:|1771213530\n|switch|p2a: Regirock|Regirock, L83|268/268\n|move|p1a: Victreebel|Weather Ball|p2a: Regirock\n|-resisted|p2a: Regirock\n|-damage|p2a: Regirock|186/268\n|-damage|p1a: Victreebel|94/290|[from] item: Life Orb\n|\n|-weather|SunnyDay|[upkeep]\n|upkeep\n|turn|6\n|inactive|sweggitrash has 120 seconds left.\n|\n|t:|1771213543\n|-terastallize|p2a: Regirock|Fighting\n|move|p1a: Victreebel|Power Whip|p2a: Regirock\n|-damage|p2a: Regirock|81/268\n|-damage|p1a: Victreebel|65/290|[from] item: Life Orb\n|move|p2a: Regirock|Stone Edge|p1a: Victreebel\n|-damage|p1a: Victreebel|0 fnt\n|faint|p1a: Victreebel\n|\n|-weather|SunnyDay|[upkeep]\n|upkeep\n|\n|t:|1771213554\n|switch|p1a: Wyrdeer|Wyrdeer, L87, M|321/321\n|-ability|p1a: Wyrdeer|Intimidate|boost\n|-fail|p2a: Regirock|unboost|[from] ability: Clear Body|[of] p2a: Regirock\n|turn|7\n|\n|t:|1771213562\n|switch|p2a: Flutter Mane|Flutter Mane, L74|203/203\n|-activate|p2a: Flutter Mane|ability: Protosynthesis\n|-start|p2a: Flutter Mane|protosynthesisspa\n|move|p1a: Wyrdeer|Psychic Noise|p2a: Flutter Mane\n|-damage|p2a: Flutter Mane|128/203\n|-start|p2a: Flutter Mane|move: Heal Block\n|\n|-weather|SunnyDay|[upkeep]\n|upkeep\n|turn|8\n|\n|t:|1771213579\n|move|p2a: Flutter Mane|Moonblast|p1a: Wyrdeer\n|-damage|p1a: Wyrdeer|93/321\n|move|p1a: Wyrdeer|Thunder Wave|p2a: Flutter Mane\n|-status|p2a: Flutter Mane|par\n|\n|-weather|none\n|-end|p2a: Flutter Mane|Protosynthesis\n|-heal|p1a: Wyrdeer|113/321|[from] item: Leftovers\n|-end|p2a: Flutter Mane|move: Heal Block\n|upkeep\n|turn|9\n|\n|t:|1771213594\n|switch|p1a: Tropius|Tropius, L91, F|328/328\n|cant|p2a: Flutter Mane|par\n|\n|upkeep\n|turn|10\n|\n|t:|1771213600\n|move|p1a: Tropius|Dragon Dance|p1a: Tropius\n|-boost|p1a: Tropius|atk|1\n|-boost|p1a: Tropius|spe|1\n|move|p2a: Flutter Mane|Moonblast|p1a: Tropius\n|-damage|p1a: Tropius|193/328\n|\n|upkeep\n|turn|11\n|\n|t:|1771213630\n|move|p1a: Tropius|Dragon Dance|p1a: Tropius\n|-boost|p1a: Tropius|atk|1\n|-boost|p1a: Tropius|spe|1\n|move|p2a: Flutter Mane|Moonblast|p1a: Tropius\n|-damage|p1a: Tropius|37/328\n|-enditem|p1a: Tropius|Sitrus Berry|[eat]\n|-heal|p1a: Tropius|119/328|[from] item: Sitrus Berry\n|\n|-item|p1a: Tropius|Sitrus Berry|[from] ability: Harvest\n|upkeep\n|-enditem|p1a: Tropius|Sitrus Berry|[eat]\n|-heal|p1a: Tropius|201/328|[from] item: Sitrus Berry\n|turn|12\n|inactive|sweggitrash has 120 seconds left.\n|\n|t:|1771213648\n|move|p1a: Tropius|Dragon Dance|p1a: Tropius\n|-boost|p1a: Tropius|atk|1\n|-boost|p1a: Tropius|spe|1\n|cant|p2a: Flutter Mane|par\n|\n|-item|p1a: Tropius|Sitrus Berry|[from] ability: Harvest\n|upkeep\n|turn|13\n|\n|t:|1771213655\n|move|p1a: Tropius|Dragon Dance|p1a: Tropius\n|-boost|p1a: Tropius|atk|1\n|-boost|p1a: Tropius|spe|1\n|move|p2a: Flutter Mane|Moonblast|p1a: Tropius\n|-damage|p1a: Tropius|68/328\n|-enditem|p1a: Tropius|Sitrus Berry|[eat]\n|-heal|p1a: Tropius|150/328|[from] item: Sitrus Berry\n|\n|upkeep\n|turn|14\n|\n|t:|1771213671\n|move|p1a: Tropius|Synthesis|p1a: Tropius\n|-heal|p1a: Tropius|314/328\n|cant|p2a: Flutter Mane|par\n|\n|upkeep\n|turn|15\n|\n|t:|1771213677\n|move|p1a: Tropius|Dual Wingbeat|p2a: Flutter Mane\n|-damage|p2a: Flutter Mane|0 fnt\n|faint|p2a: Flutter Mane\n|-end|p2a: Flutter Mane|Protosynthesis|[silent]\n|-hitcount|p2: Flutter Mane|1\n|\n|-item|p1a: Tropius|Sitrus Berry|[from] ability: Harvest\n|upkeep\n|\n|t:|1771213693\n|switch|p2a: Carbink|Carbink, L90|236/236\n|turn|16\n|\n|t:|1771213702\n|move|p1a: Tropius|Earthquake|p2a: Carbink\n|-supereffective|p2a: Carbink\n|-damage|p2a: Carbink|8/236\n|move|p2a: Carbink|Iron Defense|p2a: Carbink\n|-boost|p2a: Carbink|def|2\n|\n|-heal|p2a: Carbink|22/236|[from] item: Leftovers\n|upkeep\n|turn|17\n|-message|sweggitrash forfeited.\n|\n|win|shuri2060\n|raw|shuri2060's rating: 1776 &rarr; <strong>1799</strong><br />(+23 for winning)\n|raw|sweggitrash's rating: 1828 &rarr; <strong>1805</strong><br />(-23 for losing)\n|l|☆sweggitrash\n|player|p2|\n", "inputlog": ">version 686819e5e19f8a7fd2345cfc5a08a5085efa2cc3\n>start {\"formatid\":\"gen9randombattle\",\"seed\":\"sodium,f4dbfc588842ddbbb893844d9be34f92\",\"rated\":\"Rated battle\"}\n>player p1 {\"name\":\"shuri2060\",\"avatar\":\"265\",\"rating\":1776,\"seed\":\"sodium,505bf69a80d571171c24ed85736bd755\"}\n>player p2 {\"name\":\"sweggitrash\",\"avatar\":\"265\",\"rating\":1828,\"seed\":\"sodium,1e28d79f5ab2d71e7c689f6200954984\"}\n>p1 move closecombat\n>p2 switch 6\n>p1 switch 3\n>p2 move moonblast\n>p1 move sludgewave\n>p2 switch 5\n>p1 move sunnyday\n>p2 move tripleaxel\n>p1 move weatherball\n>p2 switch 6\n>p1 move powerwhip\n>p2 move stoneedge terastallize\n>p1 switch 5\n>p1 move psychicnoise\n>p2 switch 5\n>p1 move thunderwave\n>p2 move moonblast\n>p1 switch 2\n>p2 move moonblast\n>p1 move dragondance\n>p2 move moonblast\n>p1 move dragondance\n>p2 move moonblast\n>p1 move dragondance\n>p2 move moonblast\n>p1 move dragondance\n>p2 move moonblast\n>p1 move synthesis\n>p2 move moonblast\n>p1 move dualwingbeat\n>p2 move moonblast\n>p2 switch 4\n>p1 move earthquake\n>p2 move irondefense\n>forcelose p2", "uploadtime": 1771213711, "views": 10, "formatid": "gen9randombattle", "rating": 1799, "private": 0, "password": null}