{"id": "gen9randombattle-2540189730", "format": "[Gen 9] Random Battle", "players": ["red_ash_steven", "Kopliko"], "log": "|j|☆red_ash_steven\n|j|☆Kopliko\n|t:|1771173759\n|gametype|singles\n|player|p1|red_ash_steven|266|1921\n|player|p2|Kopliko|pokefanf-gen4|1903\n|gen|9\n|tier|[Gen 9] Random Battle\n|rated|\n|rule|Species Clause: Limit one of each Pokémon\n|rule|HP Percentage Mod: HP is shown in percentages\n|rule|Sleep Clause Mod: Limit one foe put to sleep\n|rule|Illusion Level Mod: Illusion disguises the Pokémon's true level\n|\n|t:|1771173759\n|teamsize|p1|6\n|teamsize|p2|6\n|start\n|switch|p1a: Ditto|Ditto, L87|225/225\n|switch|p2a: Emboar|Emboar, L84, F|322/322\n|-transform|p1a: Ditto|p2a: Emboar|[from] ability: Imposter\n|turn|1\n|inactive|Battle timer is ON: inactive players will automatically lose when time's up. (requested by Kopliko)\n|\n|t:|1771173778\n|switch|p1a: Pincurchin|Pincurchin, F|258/258\n|-fieldstart|move: Electric Terrain|[from] ability: Electric Surge|[of] p1a: Pincurchin\n|switch|p2a: Medicham|Medicham, L86, F|243/243\n|\n|upkeep\n|turn|2\n|\n|t:|1771173792\n|switch|p2a: Swampert|Swampert, L83, M|302/302\n|move|p1a: Pincurchin|Discharge|p2a: Swampert\n|-immune|p2a: Swampert\n|\n|upkeep\n|turn|3\n|\n|t:|1771173802\n|switch|p1a: Zarude|Zarude, L77|288/288\n|move|p2a: Swampert|Earthquake|p1a: Zarude\n|-resisted|p1a: Zarude\n|-damage|p1a: Zarude|231/288\n|\n|-heal|p1a: Zarude|249/288|[from] item: Leftovers\n|upkeep\n|turn|4\n|\n|t:|1771173814\n|switch|p2a: Archaludon|Archaludon, L78, M|268/268\n|move|p1a: Zarude|Knock Off|p2a: Archaludon\n|-damage|p2a: Archaludon|189/268\n|-ability|p2a: Archaludon|Stamina|boost\n|-boost|p2a: Archaludon|def|1\n|-enditem|p2a: Archaludon|Assault Vest|[from] move: Knock Off|[of] p1a: Zarude\n|\n|-heal|p1a: Zarude|267/288|[from] item: Leftovers\n|upkeep\n|turn|5\n|inactive|red_ash_steven has 120 seconds left.\n|inactive|red_ash_steven has 90 seconds left.\n|\n|t:|1771173892\n|switch|p1a: Pincurchin|Pincurchin, F|258/258\n|move|p2a: Archaludon|Body Press|p1a: Pincurchin\n|-damage|p1a: Pincurchin|179/258\n|\n|-heal|p1a: Pincurchin|195/258|[from] item: Leftovers\n|-fieldend|move: Electric Terrain\n|upkeep\n|turn|6\n|\n|t:|1771173906\n|switch|p2a: Swampert|Swampert, L83, M|302/302\n|move|p1a: Pincurchin|Spikes|p2a: Swampert\n|-sidestart|p2: Kopliko|Spikes\n|\n|-heal|p1a: Pincurchin|211/258|[from] item: Leftovers\n|upkeep\n|turn|7\n|\n|t:|1771173914\n|move|p2a: Swampert|Flip Turn|p1a: Pincurchin\n|-damage|p1a: Pincurchin|151/258\n|\n|t:|1771173917\n|switch|p2a: Cryogonal|Cryogonal, L89|287/287|[from] Flip Turn\n|move|p1a: Pincurchin|Scald|p2a: Cryogonal\n|-damage|p2a: Cryogonal|236/287\n|\n|-heal|p1a: Pincurchin|167/258|[from] item: Leftovers\n|upkeep\n|turn|8\n|inactive|red_ash_steven has 90 seconds left.\n|\n|t:|1771173932\n|switch|p1a: Entei|Entei, L78|307/307\n|move|p2a: Cryogonal|Ice Beam|p1a: Entei\n|-resisted|p1a: Entei\n|-damage|p1a: Entei|248/307\n|\n|upkeep\n|turn|9\n|\n|t:|1771173941\n|switch|p2a: Latias|Latias, L79, F|256/256\n|move|p1a: Entei|Sacred Fire|p2a: Latias\n|-resisted|p2a: Latias\n|-damage|p2a: Latias|171/256\n|\n|upkeep\n|turn|10\n|inactive|red_ash_steven has 90 seconds left.\n|\n|t:|1771173956\n|switch|p1a: Sylveon|Sylveon, L85, F|300/300\n|move|p2a: Latias|Draco Meteor|p1a: Sylveon\n|-immune|p1a: Sylveon\n|\n|upkeep\n|turn|11\n|inactive|red_ash_steven has 90 seconds left.\n|\n|t:|1771173968\n|-terastallize|p2a: Latias|Steel\n|move|p2a: Latias|Calm Mind|p2a: Latias\n|-boost|p2a: Latias|spa|1\n|-boost|p2a: Latias|spd|1\n|move|p1a: Sylveon|Hyper Voice|p2a: Latias\n|-resisted|p2a: Latias\n|-damage|p2a: Latias|140/256\n|\n|upkeep\n|turn|12\n|inactive|red_ash_steven has 90 seconds left.\n|\n|t:|1771173999\n|switch|p1a: Entei|Entei, L78|248/307\n|move|p2a: Latias|Psyshock|p1a: Entei\n|-damage|p1a: Entei|71/307\n|\n|upkeep\n|turn|13\n|inactive|red_ash_steven has 60 seconds left.\n|\n|t:|1771174023\n|move|p1a: Entei|Extreme Speed|p2a: Latias\n|-resisted|p2a: Latias\n|-damage|p2a: Latias|98/256\n|move|p2a: Latias|Psyshock|p1a: Entei\n|-damage|p1a: Entei|0 fnt\n|faint|p1a: Entei\n|\n|upkeep\n|\n|t:|1771174039\n|switch|p1a: Piloswine|Piloswine, L85, F|309/309\n|turn|14\n|\n|t:|1771174043\n|move|p2a: Latias|Recover|p2a: Latias\n|-heal|p2a: Latias|226/256\n|move|p1a: Piloswine|Roar|p2a: Latias\n|drag|p2a: Swampert|Swampert, L83, M|302/302\n|-damage|p2a: Swampert|265/302|[from] Spikes\n|\n|-heal|p2a: Swampert|283/302|[from] item: Leftovers\n|upkeep\n|turn|15\n|inactive|red_ash_steven has 60 seconds left.\n|\n|t:|1771174065\n|move|p2a: Swampert|Knock Off|p1a: Piloswine\n|-damage|p1a: Piloswine|251/309\n|-enditem|p1a: Piloswine|Eviolite|[from] move: Knock Off|[of] p2a: Swampert\n|move|p1a: Piloswine|Earthquake|p2a: Swampert\n|-damage|p2a: Swampert|169/302\n|\n|-heal|p2a: Swampert|187/302|[from] item: Leftovers\n|upkeep\n|turn|16\n|\n|t:|1771174084\n|move|p2a: Swampert|Flip Turn|p1a: Piloswine\n|-supereffective|p1a: Piloswine\n|-damage|p1a: Piloswine|101/309\n|\n|t:|1771174087\n|switch|p2a: Cryogonal|Cryogonal, L89|236/287|[from] Flip Turn\n|move|p1a: Piloswine|Icicle Crash|p2a: Cryogonal\n|-resisted|p2a: Cryogonal\n|-damage|p2a: Cryogonal|164/287\n|\n|upkeep\n|turn|17\n|\n|t:|1771174103\n|switch|p1a: Sylveon|Sylveon, L85, F|300/300\n|move|p2a: Cryogonal|Rapid Spin|p1a: Sylveon\n|-damage|p1a: Sylveon|272/300\n|-boost|p2a: Cryogonal|spe|1\n|-sideend|p2: Kopliko|Spikes|[from] move: Rapid Spin|[of] p2a: Cryogonal\n|\n|-heal|p1a: Sylveon|290/300|[from] item: Leftovers\n|upkeep\n|turn|18\n|\n|t:|1771174121\n|switch|p2a: Latias|Latias, L79, F, tera:Steel|226/256\n|move|p1a: Sylveon|Calm Mind|p1a: Sylveon\n|-boost|p1a: Sylveon|spa|1\n|-boost|p1a: Sylveon|spd|1\n|\n|-heal|p1a: Sylveon|300/300|[from] item: Leftovers\n|upkeep\n|turn|19\n|inactive|red_ash_steven has 30 seconds left.\n|\n|t:|1771174139\n|move|p2a: Latias|Calm Mind|p2a: Latias\n|-boost|p2a: Latias|spa|1\n|-boost|p2a: Latias|spd|1\n|move|p1a: Sylveon|Calm Mind|p1a: Sylveon\n|-boost|p1a: Sylveon|spa|1\n|-boost|p1a: Sylveon|spd|1\n|\n|upkeep\n|turn|20\n|inactive|red_ash_steven has 30 seconds left.\n|\n|t:|1771174151\n|move|p2a: Latias|Psyshock|p1a: Sylveon\n|-damage|p1a: Sylveon|132/300\n|move|p1a: Sylveon|Calm Mind|p1a: Sylveon\n|-boost|p1a: Sylveon|spa|1\n|-boost|p1a: Sylveon|spd|1\n|\n|-heal|p1a: Sylveon|150/300|[from] item: Leftovers\n|upkeep\n|turn|21\n|inactive|red_ash_steven has 30 seconds left.\n|inactive|red_ash_steven has 20 seconds left.\n|\n|t:|1771174171\n|move|p1a: Sylveon|Protect|p1a: Sylveon\n|-singleturn|p1a: Sylveon|Protect\n|move|p2a: Latias|Calm Mind|p2a: Latias\n|-boost|p2a: Latias|spa|1\n|-boost|p2a: Latias|spd|1\n|\n|-heal|p1a: Sylveon|168/300|[from] item: Leftovers\n|upkeep\n|turn|22\n|inactive|red_ash_steven has 30 seconds left this turn.\n|inactive|red_ash_steven has 20 seconds left.\n|inactive|red_ash_steven has 15 seconds left.\n|\n|t:|1771174187\n|switch|p1a: Zarude|Zarude, L77|267/288\n|move|p2a: Latias|Psyshock|p1a: Zarude\n|-immune|p1a: Zarude\n|\n|-heal|p1a: Zarude|285/288|[from] item: Leftovers\n|upkeep\n|turn|23\n|inactive|red_ash_steven has 25 seconds left this turn.\n|inactive|red_ash_steven has 20 seconds left.\n|inactive|red_ash_steven has 15 seconds left.\n|\n|t:|1771174200\n|move|p2a: Latias|Draco Meteor|p1a: Zarude\n|-damage|p1a: Zarude|0 fnt\n|-unboost|p2a: Latias|spa|2\n|faint|p1a: Zarude\n|\n|upkeep\n|inactive|red_ash_steven has 20 seconds left this turn.\n|inactive|red_ash_steven has 15 seconds left.\n|inactive|red_ash_steven has 10 seconds left.\n|\n|t:|1771174210\n|switch|p1a: Sylveon|Sylveon, L85, F|168/300\n|turn|24\n|inactive|red_ash_steven has 20 seconds left this turn.\n|\n|t:|1771174214\n|move|p2a: Latias|Calm Mind|p2a: Latias\n|-boost|p2a: Latias|spa|1\n|-boost|p2a: Latias|spd|1\n|move|p1a: Sylveon|Wish|p1a: Sylveon\n|\n|-heal|p1a: Sylveon|186/300|[from] item: Leftovers\n|upkeep\n|turn|25\n|inactive|red_ash_steven has 30 seconds left this turn.\n|inactive|red_ash_steven has 20 seconds left.\n|\n|t:|1771174224\n|move|p2a: Latias|Psyshock|p1a: Sylveon\n|-damage|p1a: Sylveon|0 fnt\n|faint|p1a: Sylveon\n|\n|upkeep\n|inactive|red_ash_steven has 25 seconds left this turn.\n|inactive|red_ash_steven has 20 seconds left.\n|\n|t:|1771174232\n|switch|p1a: Pincurchin|Pincurchin, F|167/258\n|-fieldstart|move: Electric Terrain|[from] ability: Electric Surge|[of] p1a: Pincurchin\n|turn|26\n|inactive|red_ash_steven has 30 seconds left this turn.\n|\n|t:|1771174238\n|move|p2a: Latias|Draco Meteor|p1a: Pincurchin\n|-damage|p1a: Pincurchin|0 fnt\n|-unboost|p2a: Latias|spa|2\n|faint|p1a: Pincurchin\n|\n|upkeep\n|inactive|red_ash_steven has 30 seconds left this turn.\n|-message|red_ash_steven forfeited.\n|\n|win|Kopliko\n|raw|red_ash_steven's rating: 1921 &rarr; <strong>1900</strong><br />(-21 for losing)\n|raw|Kopliko's rating: 1903 &rarr; <strong>1924</strong><br />(+21 for winning)\n|l|☆red_ash_steven\n|player|p1|\n", "inputlog": ">version 686819e5e19f8a7fd2345cfc5a08a5085efa2cc3\n>start {\"formatid\":\"gen9randombattle\",\"seed\":\"sodium,da5f9becd7640032807084a99e0d2850\",\"rated\":\"Rated battle\"}\n>player p1 {\"name\":\"red_ash_steven\",\"avatar\":\"266\",\"rating\":1921,\"seed\":\"sodium,fc42851fa70bc8d4dee99ffec11fa5d9\"}\n>player p2 {\"name\":\"Kopliko\",\"avatar\":\"pokefanf-gen4\",\"rating\":1903,\"seed\":\"sodium,9626774cb84692db433a6c6af11a13d2\"}\n>p1 switch 6\n>p2 switch 6\n>p1 move discharge\n>p2 switch 3\n>p1 switch 2\n>p2 move earthquake\n>p1 move knockoff\n>p2 switch 2\n>p1 switch 2\n>p2 move bodypress\n>p1 move spikes\n>p2 switch 2\n>p1 move scald\n>p2 move flipturn\n>p2 switch 4\n>p1 switch 4\n>p2 move icebeam\n>p1 move sacredfire\n>p2 switch 5\n>p1 switch 3\n>p2 move dracometeor\n>p1 move hypervoice\n>p2 move calmmind terastallize\n>p1 switch 3\n>p2 move psyshock\n>p1 move extremespeed\n>p2 move psyshock\n>p1 switch 5\n>p1 move roar\n>p2 move recover\n>p1 move earthquake\n>p2 move knockoff\n>p1 move iciclecrash\n>p2 move flipturn\n>p2 switch 5\n>p1 switch 3\n>p2 move rapidspin\n>p1 move calmmind\n>p2 switch 4\n>p1 move calmmind\n>p2 move calmmind\n>p1 move calmmind\n>p2 move psyshock\n>p1 move protect\n>p2 move calmmind\n>p1 switch 2\n>p2 move psyshock\n>p1 move knockoff\n>p2 move dracometeor\n>p1 switch 2\n>p1 move wish\n>p2 move calmmind\n>p1 move calmmind\n>p2 move psyshock\n>p1 switch 4\n>p1 move discharge\n>p2 move dracometeor\n>forcelose p1", "uploadtime": 1771174247, "views": 12, "formatid": "gen9randombattle", "rating": 1900, "private": 0, "password": null}