{"id": "gen9randombattle-2540325888", "format": "[Gen 9] Random Battle", "players": ["Micael Lopes", "Rainblizzard"], "log": "|j|☆Micael Lopes\n|j|☆Rainblizzard\n|t:|1771189005\n|gametype|singles\n|player|p1|Micael Lopes|benga|1779\n|player|p2|Rainblizzard|lucas|1742\n|gen|9\n|tier|[Gen 9] Random Battle\n|rated|\n|rule|Species Clause: Limit one of each Pokémon\n|rule|HP Percentage Mod: HP is shown in percentages\n|rule|Sleep Clause Mod: Limit one foe put to sleep\n|rule|Illusion Level Mod: Illusion disguises the Pokémon's true level\n|\n|t:|1771189005\n|teamsize|p1|6\n|teamsize|p2|6\n|start\n|switch|p1a: Hippowdon|Hippowdon, L82, F|311/311\n|switch|p2a: Armarouge|Armarouge, L80, M|267/267\n|-weather|Sandstorm|[from] ability: Sand Stream|[of] p1a: Hippowdon\n|turn|1\n|inactive|Battle timer is ON: inactive players will automatically lose when time's up. (requested by Micael Lopes)\n|\n|t:|1771189022\n|switch|p1a: Dachsbun|Dachsbun, L92, M|254/254\n|move|p2a: Armarouge|Energy Ball|p1a: Dachsbun\n|-damage|p1a: Dachsbun|143/254\n|\n|-weather|Sandstorm|[upkeep]\n|-damage|p1a: Dachsbun|128/254|[from] Sandstorm\n|-damage|p2a: Armarouge|251/267|[from] Sandstorm\n|-heal|p1a: Dachsbun|143/254|[from] item: Leftovers\n|upkeep\n|turn|2\n|\n|t:|1771189037\n|switch|p2a: Vileplume|Vileplume, L85, F|266/266\n|move|p1a: Dachsbun|Protect||[still]\n|-fail|p1a: Dachsbun\n|\n|-weather|Sandstorm|[upkeep]\n|-damage|p1a: Dachsbun|128/254|[from] Sandstorm\n|-damage|p2a: Vileplume|250/266|[from] Sandstorm\n|-heal|p1a: Dachsbun|143/254|[from] item: Leftovers\n|-heal|p2a: Vileplume|266/266|[from] item: Leftovers\n|upkeep\n|turn|3\n|\n|t:|1771189064\n|move|p1a: Dachsbun|Protect|p1a: Dachsbun\n|-singleturn|p1a: Dachsbun|Protect\n|move|p2a: Vileplume|Sludge Bomb|p1a: Dachsbun\n|-activate|p1a: Dachsbun|move: Protect\n|\n|-weather|Sandstorm|[upkeep]\n|-damage|p1a: Dachsbun|128/254|[from] Sandstorm\n|-damage|p2a: Vileplume|250/266|[from] Sandstorm\n|-heal|p1a: Dachsbun|143/254|[from] item: Leftovers\n|-heal|p2a: Vileplume|266/266|[from] item: Leftovers\n|upkeep\n|turn|4\n|inactive|Micael Lopes has 120 seconds left.\n|\n|t:|1771189088\n|-terastallize|p1a: Dachsbun|Steel\n|move|p1a: Dachsbun|Yawn|p2a: Vileplume\n|-start|p2a: Vileplume|move: Yawn|[of] p1a: Dachsbun\n|move|p2a: Vileplume|Leech Seed|p1a: Dachsbun\n|-start|p1a: Dachsbun|move: Leech Seed\n|\n|-weather|Sandstorm|[upkeep]\n|-damage|p2a: Vileplume|250/266|[from] Sandstorm\n|-heal|p1a: Dachsbun|158/254|[from] item: Leftovers\n|-heal|p2a: Vileplume|266/266|[from] item: Leftovers\n|-damage|p1a: Dachsbun|127/254|[from] Leech Seed|[of] p2a: Vileplume\n|upkeep\n|turn|5\n|inactive|Micael Lopes has 120 seconds left.\n|\n|t:|1771189106\n|switch|p2a: Banette|Banette, L93, M|270/270\n|move|p1a: Dachsbun|Wish|p1a: Dachsbun\n|\n|-weather|none\n|-heal|p1a: Dachsbun|142/254|[from] item: Leftovers\n|-damage|p1a: Dachsbun|111/254|[from] Leech Seed|[of] p2a: Banette\n|upkeep\n|turn|6\n|inactive|Micael Lopes has 120 seconds left.\n|\n|t:|1771189119\n|switch|p1a: Farigiraf|Farigiraf, L91, F|366/366\n|move|p2a: Banette|Poltergeist|p1a: Farigiraf\n|-immune|p1a: Farigiraf\n|\n|upkeep\n|turn|7\n|\n|t:|1771189123\n|move|p2a: Banette|Thunder Wave|p1a: Farigiraf\n|-status|p1a: Farigiraf|par\n|cant|p1a: Farigiraf|par\n|\n|upkeep\n|turn|8\n|\n|t:|1771189151\n|switch|p2a: Lumineon|Lumineon, L93, M|279/279\n|move|p1a: Farigiraf|Future Sight|p2a: Lumineon\n|-start|p1a: Farigiraf|move: Future Sight\n|\n|upkeep\n|turn|9\n|\n|t:|1771189163\n|switch|p1a: Raging Bolt|Raging Bolt, L78|323/323\n|move|p2a: Lumineon|Encore||[still]\n|-fail|p2a: Lumineon\n|\n|upkeep\n|turn|10\n|\n|t:|1771189171\n|-end|p1a: Raging Bolt|Protosynthesis|[silent]\n|switch|p1a: Dachsbun|Dachsbun, L92, M, tera:Steel|111/254\n|move|p2a: Lumineon|U-turn|p1a: Dachsbun\n|-resisted|p1a: Dachsbun\n|-damage|p1a: Dachsbun|95/254\n|\n|t:|1771189177\n|switch|p2a: Armarouge|Armarouge, L80, M|251/267|[from] U-turn\n|\n|-end|p2a: Armarouge|move: Future Sight\n|-resisted|p2a: Armarouge\n|-damage|p2a: Armarouge|165/267\n|-heal|p1a: Dachsbun|110/254|[from] item: Leftovers\n|upkeep\n|turn|11\n|\n|t:|1771189195\n|move|p1a: Dachsbun|Protect|p1a: Dachsbun\n|-singleturn|p1a: Dachsbun|Protect\n|move|p2a: Armarouge|Focus Blast|p1a: Dachsbun\n|-activate|p1a: Dachsbun|move: Protect\n|\n|-heal|p1a: Dachsbun|125/254|[from] item: Leftovers\n|upkeep\n|turn|12\n|\n|t:|1771189198\n|switch|p1a: Oricorio|Oricorio-Sensu, L85, F|266/266\n|move|p2a: Armarouge|Focus Blast|p1a: Oricorio\n|-immune|p1a: Oricorio\n|\n|upkeep\n|turn|13\n|\n|t:|1771189207\n|switch|p1a: Dachsbun|Dachsbun, L92, M, tera:Steel|125/254\n|switch|p2a: Lumineon|Lumineon, L93, M|279/279\n|\n|-heal|p1a: Dachsbun|140/254|[from] item: Leftovers\n|upkeep\n|turn|14\n|\n|t:|1771189213\n|move|p1a: Dachsbun|Protect|p1a: Dachsbun\n|-singleturn|p1a: Dachsbun|Protect\n|move|p2a: Lumineon|Hydro Pump|p1a: Dachsbun\n|-activate|p1a: Dachsbun|move: Protect\n|\n|-heal|p1a: Dachsbun|155/254|[from] item: Leftovers\n|upkeep\n|turn|15\n|\n|t:|1771189218\n|switch|p1a: Raging Bolt|Raging Bolt, L78|323/323\n|move|p2a: Lumineon|Encore||[still]\n|-fail|p2a: Lumineon\n|\n|upkeep\n|turn|16\n|\n|t:|1771189225\n|switch|p2a: Vileplume|Vileplume, L85, F|266/266\n|-end|p1a: Raging Bolt|Protosynthesis|[silent]\n|switch|p1a: Farigiraf|Farigiraf, L91, F|366/366 par\n|\n|upkeep\n|turn|17\n|\n|t:|1771189236\n|move|p2a: Vileplume|Sludge Bomb|p1a: Farigiraf\n|-crit|p1a: Farigiraf\n|-damage|p1a: Farigiraf|197/366 par\n|cant|p1a: Farigiraf|par\n|\n|-heal|p1a: Farigiraf|219/366 par|[from] item: Leftovers\n|upkeep\n|turn|18\n|\n|t:|1771189246\n|move|p2a: Vileplume|Sludge Bomb|p1a: Farigiraf\n|-damage|p1a: Farigiraf|104/366 par\n|move|p1a: Farigiraf|Wish|p1a: Farigiraf\n|\n|-heal|p1a: Farigiraf|126/366 par|[from] item: Leftovers\n|upkeep\n|turn|19\n|\n|t:|1771189251\n|move|p1a: Farigiraf|Protect|p1a: Farigiraf\n|-singleturn|p1a: Farigiraf|Protect\n|move|p2a: Vileplume|Sludge Bomb|p1a: Farigiraf\n|-activate|p1a: Farigiraf|move: Protect\n|\n|-heal|p1a: Farigiraf|309/366 par|[from] move: Wish|[wisher] Farigiraf\n|-heal|p1a: Farigiraf|331/366 par|[from] item: Leftovers\n|upkeep\n|turn|20\n|\n|t:|1771189269\n|move|p2a: Vileplume|Sludge Bomb|p1a: Farigiraf\n|-damage|p1a: Farigiraf|208/366 par\n|move|p1a: Farigiraf|Future Sight|p2a: Vileplume\n|-start|p1a: Farigiraf|move: Future Sight\n|\n|-heal|p1a: Farigiraf|230/366 par|[from] item: Leftovers\n|upkeep\n|turn|21\n|\n|t:|1771189275\n|switch|p2a: Lumineon|Lumineon, L93, M|279/279\n|move|p1a: Farigiraf|Wish|p1a: Farigiraf\n|\n|-heal|p1a: Farigiraf|252/366 par|[from] item: Leftovers\n|upkeep\n|turn|22\n|\n|t:|1771189282\n|switch|p1a: Dachsbun|Dachsbun, L92, M, tera:Steel|155/254\n|move|p2a: Lumineon|U-turn|p1a: Dachsbun\n|-resisted|p1a: Dachsbun\n|-damage|p1a: Dachsbun|138/254\n|\n|t:|1771189292\n|switch|p2a: Muk|Muk, L86, F|321/321|[from] U-turn\n|\n|-end|p2a: Muk|move: Future Sight\n|-supereffective|p2a: Muk\n|-damage|p2a: Muk|7/321\n|-heal|p1a: Dachsbun|254/254|[from] move: Wish|[wisher] Farigiraf\n|-heal|p2a: Muk|27/321|[from] item: Leftovers\n|upkeep\n|turn|23\n|\n|t:|1771189303\n|move|p1a: Dachsbun|Play Rough|p2a: Muk\n|-resisted|p2a: Muk\n|-damage|p2a: Muk|0 fnt\n|faint|p2a: Muk\n|\n|upkeep\n|\n|t:|1771189307\n|switch|p2a: Cloyster|Cloyster, L80, F|211/211\n|turn|24\n|\n|t:|1771189313\n|move|p1a: Dachsbun|Yawn|p2a: Cloyster\n|-start|p2a: Cloyster|move: Yawn|[of] p1a: Dachsbun\n|move|p2a: Cloyster|Shell Smash|p2a: Cloyster\n|-unboost|p2a: Cloyster|def|1\n|-unboost|p2a: Cloyster|spd|1\n|-boost|p2a: Cloyster|atk|2\n|-boost|p2a: Cloyster|spa|2\n|-boost|p2a: Cloyster|spe|2\n|-enditem|p2a: Cloyster|White Herb\n|-clearnegativeboost|p2a: Cloyster|[silent]\n|\n|upkeep\n|turn|25\n|\n|t:|1771189319\n|move|p1a: Dachsbun|Protect|p1a: Dachsbun\n|-singleturn|p1a: Dachsbun|Protect\n|move|p2a: Cloyster|Hydro Pump|p1a: Dachsbun\n|-activate|p1a: Dachsbun|move: Protect\n|\n|-end|p2a: Cloyster|move: Yawn|[silent]\n|-status|p2a: Cloyster|slp\n|upkeep\n|turn|26\n|\n|t:|1771189330\n|switch|p1a: Raging Bolt|Raging Bolt, L78|323/323\n|cant|p2a: Cloyster|slp\n|\n|upkeep\n|turn|27\n|\n|t:|1771189337\n|-terastallize|p2a: Cloyster|Rock\n|cant|p2a: Cloyster|slp\n|move|p1a: Raging Bolt|Thunderbolt|p2a: Cloyster\n|-damage|p2a: Cloyster|43/211 slp\n|\n|upkeep\n|turn|28\n|\n|t:|1771189346\n|move|p1a: Raging Bolt|Thunderclap|p2a: Cloyster\n|-damage|p2a: Cloyster|0 fnt\n|faint|p2a: Cloyster\n|\n|upkeep\n|\n|t:|1771189352\n|switch|p2a: Armarouge|Armarouge, L80, M|165/267\n|turn|29\n|inactive|Micael Lopes has 120 seconds left.\n|\n|t:|1771189402\n|-end|p1a: Raging Bolt|Protosynthesis|[silent]\n|switch|p1a: Farigiraf|Farigiraf, L91, F|252/366 par\n|move|p2a: Armarouge|Focus Blast|p1a: Farigiraf\n|-crit|p1a: Farigiraf\n|-damage|p1a: Farigiraf|0 fnt\n|faint|p1a: Farigiraf\n|\n|upkeep\n|\n|t:|1771189406\n|switch|p1a: Oricorio|Oricorio-Sensu, L85, F|266/266\n|turn|30\n|\n|t:|1771189410\n|switch|p2a: Lumineon|Lumineon, L93, M|279/279\n|move|p1a: Oricorio|Quiver Dance|p1a: Oricorio\n|-boost|p1a: Oricorio|spa|1\n|-boost|p1a: Oricorio|spd|1\n|-boost|p1a: Oricorio|spe|1\n|\n|upkeep\n|turn|31\n|inactive|Micael Lopes has 120 seconds left.\n|\n|t:|1771189422\n|move|p1a: Oricorio|Hurricane|p2a: Lumineon\n|-damage|p2a: Lumineon|101/279\n|move|p2a: Lumineon|Ice Beam|p1a: Oricorio\n|-supereffective|p1a: Oricorio\n|-damage|p1a: Oricorio|174/266\n|\n|upkeep\n|turn|32\n|\n|t:|1771189429\n|move|p1a: Oricorio|Revelation Dance|p2a: Lumineon\n|-damage|p2a: Lumineon|0 fnt\n|faint|p2a: Lumineon\n|\n|upkeep\n|\n|t:|1771189431\n|switch|p2a: Banette|Banette, L93, M|270/270\n|turn|33\n|\n|t:|1771189437\n|switch|p1a: Hippowdon|Hippowdon, L82, F|311/311\n|-weather|Sandstorm|[from] ability: Sand Stream|[of] p1a: Hippowdon\n|move|p2a: Banette|Shadow Sneak|p1a: Hippowdon\n|-damage|p1a: Hippowdon|245/311\n|-damage|p2a: Banette|243/270|[from] item: Life Orb\n|\n|-weather|Sandstorm|[upkeep]\n|-damage|p2a: Banette|227/270|[from] Sandstorm\n|-heal|p1a: Hippowdon|264/311|[from] item: Leftovers\n|upkeep\n|turn|34\n|\n|t:|1771189442\n|switch|p2a: Vileplume|Vileplume, L85, F|266/266\n|switch|p1a: Dachsbun|Dachsbun, L92, M, tera:Steel|254/254\n|\n|-weather|Sandstorm|[upkeep]\n|-damage|p2a: Vileplume|250/266|[from] Sandstorm\n|-heal|p2a: Vileplume|266/266|[from] item: Leftovers\n|upkeep\n|turn|35\n|\n|t:|1771189448\n|move|p1a: Dachsbun|Yawn|p2a: Vileplume\n|-start|p2a: Vileplume|move: Yawn|[of] p1a: Dachsbun\n|move|p2a: Vileplume|Leech Seed|p1a: Dachsbun\n|-start|p1a: Dachsbun|move: Leech Seed\n|\n|-weather|Sandstorm|[upkeep]\n|-damage|p2a: Vileplume|250/266|[from] Sandstorm\n|-heal|p2a: Vileplume|266/266|[from] item: Leftovers\n|-damage|p1a: Dachsbun|223/254|[from] Leech Seed|[of] p2a: Vileplume\n|upkeep\n|turn|36\n|\n|t:|1771189464\n|switch|p1a: Hippowdon|Hippowdon, L82, F|264/311\n|switch|p2a: Banette|Banette, L93, M|227/270\n|\n|-weather|Sandstorm|[upkeep]\n|-damage|p2a: Banette|211/270|[from] Sandstorm\n|-heal|p1a: Hippowdon|283/311|[from] item: Leftovers\n|upkeep\n|turn|37\n|\n|t:|1771189469\n|switch|p2a: Vileplume|Vileplume, L85, F|266/266\n|move|p1a: Hippowdon|Earthquake|p2a: Vileplume\n|-damage|p2a: Vileplume|158/266\n|\n|-weather|none\n|-heal|p2a: Vileplume|174/266|[from] item: Leftovers\n|-heal|p1a: Hippowdon|302/311|[from] item: Leftovers\n|upkeep\n|turn|38\n|\n|t:|1771189482\n|switch|p1a: Dachsbun|Dachsbun, L92, M, tera:Steel|223/254\n|move|p2a: Vileplume|Leech Seed|p1a: Dachsbun\n|-start|p1a: Dachsbun|move: Leech Seed\n|\n|-heal|p1a: Dachsbun|238/254|[from] item: Leftovers\n|-heal|p2a: Vileplume|190/266|[from] item: Leftovers\n|-damage|p1a: Dachsbun|207/254|[from] Leech Seed|[of] p2a: Vileplume\n|-heal|p2a: Vileplume|221/266|[silent]\n|upkeep\n|turn|39\n|\n|t:|1771189490\n|switch|p2a: Armarouge|Armarouge, L80, M|165/267\n|move|p1a: Dachsbun|Yawn|p2a: Armarouge\n|-start|p2a: Armarouge|move: Yawn|[of] p1a: Dachsbun\n|\n|-heal|p1a: Dachsbun|222/254|[from] item: Leftovers\n|-damage|p1a: Dachsbun|191/254|[from] Leech Seed|[of] p2a: Armarouge\n|-heal|p2a: Armarouge|196/267|[silent]\n|upkeep\n|turn|40\n|\n|t:|1771189496\n|switch|p1a: Oricorio|Oricorio-Sensu, L85, F|174/266\n|switch|p2a: Vileplume|Vileplume, L85, F|221/266\n|\n|-heal|p2a: Vileplume|237/266|[from] item: Leftovers\n|upkeep\n|turn|41\n|\n|t:|1771189503\n|move|p1a: Oricorio|Hurricane|p2a: Vileplume\n|-supereffective|p2a: Vileplume\n|-damage|p2a: Vileplume|9/266\n|-start|p2a: Vileplume|confusion\n|-activate|p2a: Vileplume|confusion\n|-damage|p2a: Vileplume|0 fnt|[from] confusion\n|faint|p2a: Vileplume\n|\n|upkeep\n|-message|Rainblizzard forfeited.\n|\n|win|Micael Lopes\n|raw|Micael Lopes's rating: 1781 &rarr; <strong>1799</strong><br />(+18 for winning)\n|raw|Rainblizzard's rating: 1742 &rarr; <strong>1724</strong><br />(-18 for losing)\n|l|☆Rainblizzard\n|player|p2|\n|c|☆Micael Lopes|**__Sexy game.__**\n", "inputlog": ">version 686819e5e19f8a7fd2345cfc5a08a5085efa2cc3\n>start {\"formatid\":\"gen9randombattle\",\"seed\":\"sodium,ffc99282e50cc5a63ec2d0b8bf0d85fd\",\"rated\":\"Rated battle\"}\n>player p1 {\"name\":\"Micael Lopes\",\"avatar\":\"benga\",\"rating\":1779,\"seed\":\"sodium,2a1bb0cc8b5e2d8069aa4956f44f00dd\"}\n>player p2 {\"name\":\"Rainblizzard\",\"avatar\":\"lucas\",\"rating\":1742,\"seed\":\"sodium,c94e8aeeddd64cf915a388bad02da7d5\"}\n>p1 switch 2\n>p2 move energyball\n>p1 move protect\n>p2 switch 4\n>p1 move protect\n>p2 move sludgebomb\n>p1 move yawn terastallize\n>p2 move leechseed\n>p1 move wish\n>p2 switch 3\n>p1 switch 3\n>p2 move poltergeist\n>p1 move futuresight\n>p2 move thunderwave\n>p1 move futuresight\n>p2 switch 2\n>p1 switch 4\n>p2 move encore\n>p1 switch 3\n>p2 move uturn\n>p2 switch 4\n>p1 move protect\n>p2 move focusblast\n>p1 switch 5\n>p2 move focusblast\n>p1 switch 5\n>p2 switch 4\n>p1 move protect\n>p2 move hydropump\n>p1 switch 3\n>p2 move encore\n>p1 switch 4\n>p2 switch 3\n>p1 move futuresight\n>p2 move sludgebomb\n>p1 move wish\n>p2 move sludgebomb\n>p1 move protect\n>p2 move sludgebomb\n>p1 move futuresight\n>p2 move sludgebomb\n>p1 move wish\n>p2 switch 3\n>p1 switch 3\n>p2 move uturn\n>p2 switch 5\n>p1 move playrough\n>p2 move knockoff\n>p2 switch 6\n>p1 move yawn\n>p2 move shellsmash\n>p1 move protect\n>p2 move hydropump\n>p1 switch 4\n>p2 move hydropump\n>p1 move thunderbolt\n>p2 move rockblast terastallize\n>p1 move thunderclap\n>p2 move iciclespear\n>p2 switch 4\n>p1 switch 3\n>p2 move focusblast\n>p1 switch 5\n>p1 move quiverdance\n>p2 switch 5\n>p1 move hurricane\n>p2 move icebeam\n>p1 move revelationdance\n>p2 move icebeam\n>p2 switch 2\n>p1 switch 2\n>p2 move shadowsneak\n>p1 switch 4\n>p2 switch 3\n>p1 move yawn\n>p2 move leechseed\n>p1 switch 4\n>p2 switch 3\n>p1 move earthquake\n>p2 switch 3\n>p1 switch 4\n>p2 move leechseed\n>p1 move yawn\n>p2 switch 5\n>p1 switch 2\n>p2 switch 5\n>p1 move hurricane\n>p2 move leechseed\n>forcelose p2", "uploadtime": 1771189511, "views": 9, "formatid": "gen9randombattle", "rating": 1724, "private": 0, "password": null}