{"id": "gen6randombattle-2521910880", "format": "[Gen 6] Random Battle", "players": ["Yomamma777", "arboretums"], "log": "|j|☆Yomamma777\n|j|☆arboretums\n|t:|1768840495\n|gametype|singles\n|player|p1|Yomamma777|169|1637\n|player|p2|arboretums|serena-masters2|1706\n|gen|6\n|tier|[Gen 6] Random Battle\n|rated|\n|rule|Sleep Clause Mod: Limit one foe put to sleep\n|rule|HP Percentage Mod: HP is shown in percentages\n|rule|Illusion Level Mod: Illusion disguises the Pokémon's true level\n|\n|t:|1768840495\n|teamsize|p1|6\n|teamsize|p2|6\n|start\n|switch|p1a: Lunatone|Lunatone, L96|290/290\n|switch|p2a: Alakazam|Alakazam, L81, F|222/222\n|turn|1\n|inactive|Battle timer is ON: inactive players will automatically lose when time's up. (requested by Yomamma777)\n|\n|t:|1768840517\n|switch|p1a: Dunsparce|Dunsparce, L93, F|337/337\n|move|p2a: Alakazam|Calm Mind|p2a: Alakazam\n|-boost|p2a: Alakazam|spa|1\n|-boost|p2a: Alakazam|spd|1\n|\n|upkeep\n|turn|2\n|\n|t:|1768840522\n|move|p2a: Alakazam|Focus Blast|p1a: Dunsparce\n|-supereffective|p1a: Dunsparce\n|-damage|p1a: Dunsparce|0 fnt\n|faint|p1a: Dunsparce\n|\n|upkeep\n|\n|t:|1768840532\n|switch|p1a: Swellow|Swellow, L81, M|230/230\n|turn|3\n|inactive|arboretums has 120 seconds left.\n|\n|t:|1768840575\n|move|p1a: Swellow|U-turn|p2a: Alakazam\n|-supereffective|p2a: Alakazam\n|-damage|p2a: Alakazam|84/222\n|\n|t:|1768840580\n|switch|p1a: Lunatone|Lunatone, L96|290/290|[from] U-turn\n|move|p2a: Alakazam|Psychic|p1a: Lunatone\n|-resisted|p1a: Lunatone\n|-damage|p1a: Lunatone|196/290\n|\n|upkeep\n|turn|4\n|inactive|arboretums has 120 seconds left.\n|inactive|arboretums has 90 seconds left.\n|\n|t:|1768840632\n|move|p2a: Alakazam|Shadow Ball|p1a: Lunatone\n|-supereffective|p1a: Lunatone\n|-damage|p1a: Lunatone|0 fnt\n|faint|p1a: Lunatone\n|\n|upkeep\n|\n|t:|1768840635\n|switch|p1a: Swellow|Swellow, L81, M|230/230\n|turn|5\n|\n|t:|1768840653\n|move|p1a: Swellow|U-turn|p2a: Alakazam\n|-supereffective|p2a: Alakazam\n|-damage|p2a: Alakazam|0 fnt\n|faint|p2a: Alakazam\n|\n|t:|1768840658\n|switch|p1a: Uxie|Uxie, L81|254/254|[from] U-turn\n|\n|upkeep\n|\n|t:|1768840665\n|switch|p2a: Heatmor|Heatmor, L92, M|306/306\n|turn|6\n|\n|t:|1768840673\n|move|p1a: Uxie|Stealth Rock|p2a: Heatmor\n|-sidestart|p2: arboretums|move: Stealth Rock\n|move|p2a: Heatmor|Knock Off|p1a: Uxie\n|-supereffective|p1a: Uxie\n|-damage|p1a: Uxie|90/254\n|-enditem|p1a: Uxie|Leftovers|[from] move: Knock Off|[of] p2a: Heatmor\n|-damage|p2a: Heatmor|276/306|[from] item: Life Orb\n|\n|upkeep\n|turn|7\n|inactive|arboretums has 90 seconds left.\n|\n|t:|1768840688\n|move|p1a: Uxie|Psychic|p2a: Heatmor\n|-damage|p2a: Heatmor|189/306\n|move|p2a: Heatmor|Knock Off|p1a: Uxie\n|-supereffective|p1a: Uxie\n|-damage|p1a: Uxie|0 fnt\n|faint|p1a: Uxie\n|-damage|p2a: Heatmor|159/306|[from] item: Life Orb\n|\n|upkeep\n|\n|t:|1768840696\n|switch|p1a: Greninja|Greninja, L79, M|243/243\n|turn|8\n|inactive|arboretums has 90 seconds left.\n|\n|t:|1768840725\n|move|p1a: Greninja|Hydro Pump|p2a: Heatmor|[miss]\n|-start|p1a: Greninja|typechange|Water|[from] ability: Protean\n|-miss|p1a: Greninja|p2a: Heatmor\n|move|p2a: Heatmor|Superpower|p1a: Greninja\n|-damage|p1a: Greninja|75/243\n|-unboost|p2a: Heatmor|atk|1\n|-unboost|p2a: Heatmor|def|1\n|-damage|p2a: Heatmor|129/306|[from] item: Life Orb\n|\n|upkeep\n|turn|9\n|\n|t:|1768840735\n|move|p1a: Greninja|Hydro Pump|p2a: Heatmor\n|-supereffective|p2a: Heatmor\n|-damage|p2a: Heatmor|0 fnt\n|faint|p2a: Heatmor\n|-damage|p1a: Greninja|51/243|[from] item: Life Orb\n|\n|upkeep\n|\n|t:|1768840737\n|switch|p2a: Floatzel|Floatzel, L86, M|286/286\n|-damage|p2a: Floatzel|251/286|[from] Stealth Rock\n|turn|10\n|\n|t:|1768840744\n|move|p2a: Floatzel|Waterfall|p1a: Greninja\n|-resisted|p1a: Greninja\n|-damage|p1a: Greninja|0 fnt\n|faint|p1a: Greninja\n|\n|-heal|p2a: Floatzel|268/286|[from] item: Leftovers\n|upkeep\n|\n|t:|1768840751\n|switch|p1a: Floette|Floette-Eternal, L81, F|253/253\n|turn|11\n|\n|t:|1768840756\n|switch|p2a: Nidoking|Nidoking, L82, M|267/267\n|-damage|p2a: Nidoking|251/267|[from] Stealth Rock\n|move|p1a: Floette|Light of Ruin|p2a: Nidoking\n|-resisted|p2a: Nidoking\n|-damage|p2a: Nidoking|153/267\n|-damage|p1a: Floette|204/253|[from] Recoil\n|\n|upkeep\n|turn|12\n|\n|t:|1768840769\n|move|p1a: Floette|Light of Ruin|p2a: Nidoking\n|-resisted|p2a: Nidoking\n|-damage|p2a: Nidoking|63/267\n|-damage|p1a: Floette|159/253|[from] Recoil\n|move|p2a: Nidoking|Ice Beam|p1a: Floette\n|-damage|p1a: Floette|84/253\n|\n|upkeep\n|turn|13\n|\n|t:|1768840778\n|move|p1a: Floette|Light of Ruin|p2a: Nidoking\n|-resisted|p2a: Nidoking\n|-crit|p2a: Nidoking\n|-damage|p2a: Nidoking|0 fnt\n|faint|p2a: Nidoking\n|-damage|p1a: Floette|52/253|[from] Recoil\n|\n|upkeep\n|inactive|arboretums has 120 seconds left.\n|\n|t:|1768840794\n|switch|p2a: Gallade|Gallade, L77, M|231/231\n|-damage|p2a: Gallade|217/231|[from] Stealth Rock\n|turn|14\n|\n|t:|1768840797\n|move|p1a: Floette|Light of Ruin|p2a: Gallade\n|-supereffective|p2a: Gallade\n|-damage|p2a: Gallade|0 fnt\n|faint|p2a: Gallade\n|-damage|p1a: Floette|0 fnt|[from] Recoil\n|faint|p1a: Floette\n|\n|upkeep\n|\n|t:|1768840800\n|switch|p1a: Swellow|Swellow, L81, M|230/230\n|switch|p2a: Dedenne|Dedenne, L89, M|264/264\n|-damage|p2a: Dedenne|231/264|[from] Stealth Rock\n|turn|15\n|\n|t:|1768840807\n|move|p1a: Swellow|Protect|p1a: Swellow\n|-singleturn|p1a: Swellow|Protect\n|move|p2a: Dedenne|Thunderbolt|p1a: Swellow\n|-activate|p1a: Swellow|move: Protect\n|\n|-status|p1a: Swellow|tox|[from] item: Toxic Orb\n|upkeep\n|turn|16\n|\n|t:|1768840815\n|move|p1a: Swellow|Facade|p2a: Dedenne\n|-damage|p2a: Dedenne|0 fnt\n|faint|p2a: Dedenne\n|\n|-damage|p1a: Swellow|216/230 tox|[from] psn\n|upkeep\n|\n|t:|1768840817\n|switch|p2a: Floatzel|Floatzel, L86, M|268/286\n|-damage|p2a: Floatzel|233/286|[from] Stealth Rock\n|turn|17\n|\n|t:|1768840821\n|move|p1a: Swellow|Facade|p2a: Floatzel\n|-crit|p2a: Floatzel\n|-damage|p2a: Floatzel|0 fnt\n|faint|p2a: Floatzel\n|\n|win|Yomamma777\n|raw|Yomamma777's rating: 1637 &rarr; <strong>1661</strong><br />(+24 for winning)\n|raw|arboretums's rating: 1706 &rarr; <strong>1682</strong><br />(-24 for losing)\n|c|☆Yomamma777|Ha\n", "inputlog": ">version 3bd1a1e329da8d286644078cfc9a9638fc7ea025\n>start {\"formatid\":\"gen6randombattle\",\"seed\":\"sodium,7cc71d1e54077962840e2f33eca8c9be\",\"rated\":\"Rated battle\"}\n>player p1 {\"name\":\"Yomamma777\",\"avatar\":\"169\",\"rating\":1637,\"seed\":\"sodium,14c7a3ae0bb368694d568fa7d4c70df6\"}\n>player p2 {\"name\":\"arboretums\",\"avatar\":\"serena-masters2\",\"rating\":1706,\"seed\":\"sodium,5e18bfaf6d9b18e6b93eedf4adc1834d\"}\n>p1 switch 2\n>p2 move calmmind\n>p1 move glare\n>p2 move focusblast\n>p1 switch 5\n>p1 move uturn\n>p2 move psychic\n>p1 switch 2\n>p1 move earthpower\n>p2 move shadowball\n>p1 switch 2\n>p1 move uturn\n>p2 move psychic\n>p1 switch 3\n>p2 switch 4\n>p1 move stealthrock\n>p2 move knockoff\n>p1 move psychic\n>p2 move knockoff\n>p1 switch 6\n>p1 move hydropump\n>p2 move superpower\n>p1 move hydropump\n>p2 move gigadrain\n>p2 switch 6\n>p1 move grassknot\n>p2 move waterfall\n>p1 switch 4\n>p1 move lightofruin\n>p2 switch 5\n>p1 move lightofruin\n>p2 move icebeam\n>p1 move lightofruin\n>p2 move sludgewave\n>p2 switch 3\n>p1 move lightofruin\n>p2 move closecombat\n>p1 switch 3\n>p2 switch 2\n>p1 move protect\n>p2 move thunderbolt\n>p1 move facade\n>p2 move thunderbolt\n>p2 switch 5\n>p1 move facade\n>p2 move substitute", "uploadtime": 1768840834, "views": 306, "formatid": "gen6randombattle", "rating": 1661, "private": 0, "password": null}