{"id": "gen6randombattle-2518383899", "format": "[Gen 6] Random Battle", "players": ["mlungero", "freddie47"], "log": "|j|☆mlungero\n|j|☆freddie47\n|t:|1768380967\n|gametype|singles\n|player|p1|mlungero|brock|1582\n|player|p2|freddie47|brock|1513\n|gen|6\n|tier|[Gen 6] Random Battle\n|rated|\n|rule|Sleep Clause Mod: Limit one foe put to sleep\n|rule|HP Percentage Mod: HP is shown in percentages\n|rule|Illusion Level Mod: Illusion disguises the Pokémon's true level\n|\n|t:|1768380967\n|teamsize|p1|6\n|teamsize|p2|6\n|start\n|switch|p1a: Illumise|Illumise, L91, F|266/266\n|switch|p2a: Spinda|Spinda, L97, M|273/273\n|turn|1\n|\n|t:|1768380979\n|move|p1a: Illumise|Thunder Wave|p2a: Spinda\n|-status|p2a: Spinda|par\n|move|p2a: Spinda|Superpower|p1a: Illumise\n|-resisted|p1a: Illumise\n|-damage|p1a: Illumise|218/266\n|-boost|p2a: Spinda|atk|1\n|-boost|p2a: Spinda|def|1\n|\n|-heal|p1a: Illumise|234/266|[from] item: Leftovers\n|upkeep\n|turn|2\n|inactive|Battle timer is ON: inactive players will automatically lose when time's up. (requested by freddie47)\n|c|☆mlungero|Nice avatar\n|\n|t:|1768380999\n|move|p1a: Illumise|Encore|p2a: Spinda\n|-start|p2a: Spinda|Encore\n|move|p2a: Spinda|Superpower|p1a: Illumise\n|-resisted|p1a: Illumise\n|-damage|p1a: Illumise|153/266\n|-boost|p2a: Spinda|atk|1\n|-boost|p2a: Spinda|def|1\n|\n|-heal|p1a: Illumise|169/266|[from] item: Leftovers\n|upkeep\n|turn|3\n|\n|t:|1768381007\n|switch|p1a: Grumpig|Grumpig, L92, M|297/297\n|move|p2a: Spinda|Superpower|p1a: Grumpig\n|-resisted|p1a: Grumpig\n|-damage|p1a: Grumpig|213/297\n|-boost|p2a: Spinda|atk|1\n|-boost|p2a: Spinda|def|1\n|\n|-heal|p1a: Grumpig|231/297|[from] item: Leftovers\n|upkeep\n|turn|4\n|\n|t:|1768381015\n|move|p1a: Grumpig|Focus Blast|p2a: Spinda|[miss]\n|-miss|p1a: Grumpig|p2a: Spinda\n|move|p2a: Spinda|Superpower|p1a: Grumpig\n|-resisted|p1a: Grumpig\n|-damage|p1a: Grumpig|115/297\n|-boost|p2a: Spinda|atk|1\n|-boost|p2a: Spinda|def|1\n|\n|-heal|p1a: Grumpig|133/297|[from] item: Leftovers\n|-end|p2a: Spinda|Encore\n|upkeep\n|turn|5\n|c|☆mlungero|I should've seen that coming really\n|\n|t:|1768381035\n|move|p1a: Grumpig|Focus Blast|p2a: Spinda\n|-supereffective|p2a: Spinda\n|-damage|p2a: Spinda|55/273 par\n|-boost|p2a: Spinda|spd|1\n|cant|p2a: Spinda|par\n|\n|-heal|p1a: Grumpig|151/297|[from] item: Leftovers\n|-heal|p2a: Spinda|72/273 par|[from] item: Leftovers\n|upkeep\n|turn|6\n|\n|t:|1768381051\n|switch|p2a: Jumpluff|Jumpluff, L90, M|281/281\n|move|p1a: Grumpig|Psychic|p2a: Jumpluff\n|-damage|p2a: Jumpluff|190/281\n|\n|-heal|p1a: Grumpig|169/297|[from] item: Leftovers\n|upkeep\n|turn|7\n|\n|t:|1768381061\n|move|p2a: Jumpluff|Acrobatics|p1a: Grumpig\n|-damage|p1a: Grumpig|72/297\n|move|p1a: Grumpig|Thunder Wave|p2a: Jumpluff\n|-status|p2a: Jumpluff|par\n|\n|-heal|p1a: Grumpig|90/297|[from] item: Leftovers\n|upkeep\n|turn|8\n|\n|t:|1768381072\n|switch|p1a: Weezing|Weezing, L86, F|252/252\n|cant|p2a: Jumpluff|par\n|\n|upkeep\n|turn|9\n|\n|t:|1768381087\n|switch|p2a: Corsola|Corsola, L99, F|269/269\n|move|p1a: Weezing|Sludge Bomb|p2a: Corsola\n|-resisted|p2a: Corsola\n|-damage|p2a: Corsola|227/269\n|\n|-heal|p2a: Corsola|243/269|[from] item: Leftovers\n|upkeep\n|turn|10\n|\n|t:|1768381095\n|switch|p1a: Terrakion|Terrakion, L77|267/267\n|move|p2a: Corsola|Stealth Rock|p1a: Terrakion\n|-sidestart|p1: mlungero|move: Stealth Rock\n|\n|-heal|p2a: Corsola|259/269|[from] item: Leftovers\n|upkeep\n|turn|11\n|\n|t:|1768381112\n|switch|p2a: Spinda|Spinda, L97, M|72/273 par\n|move|p1a: Terrakion|Stone Edge|p2a: Spinda|[miss]\n|-miss|p1a: Terrakion|p2a: Spinda\n|\n|-heal|p2a: Spinda|89/273 par|[from] item: Leftovers\n|upkeep\n|turn|12\n|\n|t:|1768381122\n|move|p1a: Terrakion|Stone Edge|p2a: Spinda\n|-damage|p2a: Spinda|0 fnt\n|faint|p2a: Spinda\n|\n|upkeep\n|\n|t:|1768381131\n|switch|p2a: Hariyama|Hariyama, L86, F|388/388\n|turn|13\n|\n|t:|1768381136\n|switch|p1a: Gligar|Gligar, L82, F|241/241\n|-damage|p1a: Gligar|211/241|[from] Stealth Rock\n|move|p2a: Hariyama|Fake Out|p1a: Gligar\n|-damage|p1a: Gligar|188/241\n|\n|-status|p2a: Hariyama|tox|[from] item: Toxic Orb\n|upkeep\n|turn|14\n|\n|t:|1768381151\n|move|p1a: Gligar|U-turn|p2a: Hariyama\n|-resisted|p2a: Hariyama\n|-damage|p2a: Hariyama|363/388 tox\n|\n|t:|1768381153\n|switch|p1a: Terrakion|Terrakion, L77|267/267|[from] U-turn\n|-damage|p1a: Terrakion|251/267|[from] Stealth Rock\n|move|p2a: Hariyama|Facade|p1a: Terrakion\n|-resisted|p1a: Terrakion\n|-damage|p1a: Terrakion|154/267\n|\n|-damage|p2a: Hariyama|339/388 tox|[from] psn\n|upkeep\n|turn|15\n|\n|t:|1768381164\n|move|p1a: Terrakion|Close Combat|p2a: Hariyama\n|-damage|p2a: Hariyama|77/388 tox\n|-unboost|p1a: Terrakion|def|1\n|-unboost|p1a: Terrakion|spd|1\n|move|p2a: Hariyama|Knock Off|p1a: Terrakion\n|-resisted|p1a: Terrakion\n|-damage|p1a: Terrakion|47/267\n|-ability|p1a: Terrakion|Justified|boost\n|-boost|p1a: Terrakion|atk|1\n|-enditem|p1a: Terrakion|Choice Band|[from] move: Knock Off|[of] p2a: Hariyama\n|\n|-damage|p2a: Hariyama|29/388 tox|[from] psn\n|upkeep\n|turn|16\n|\n|t:|1768381177\n|move|p1a: Terrakion|Close Combat|p2a: Hariyama\n|-damage|p2a: Hariyama|0 fnt\n|-unboost|p1a: Terrakion|def|1\n|-unboost|p1a: Terrakion|spd|1\n|faint|p2a: Hariyama\n|\n|upkeep\n|\n|t:|1768381184\n|switch|p2a: Mewtwo|Mewtwo, L70|264/264\n|-ability|p2a: Mewtwo|Unnerve\n|turn|17\n|\n|t:|1768381195\n|move|p2a: Mewtwo|Psystrike|p1a: Terrakion\n|-supereffective|p1a: Terrakion\n|-damage|p1a: Terrakion|0 fnt\n|faint|p1a: Terrakion\n|-damage|p2a: Mewtwo|238/264|[from] item: Life Orb\n|\n|upkeep\n|\n|t:|1768381201\n|switch|p1a: Raikou|Raikou, L79|272/272\n|-damage|p1a: Raikou|238/272|[from] Stealth Rock\n|-ability|p1a: Raikou|Pressure\n|turn|18\n|\n|t:|1768381215\n|switch|p2a: Ampharos|Ampharos, L82, M|282/282\n|move|p1a: Raikou|Thunderbolt|p2a: Ampharos\n|-resisted|p2a: Ampharos\n|-damage|p2a: Ampharos|208/282\n|\n|upkeep\n|turn|19\n|\n|t:|1768381226\n|switch|p1a: Grumpig|Grumpig, L92, M|90/297\n|-damage|p1a: Grumpig|53/297|[from] Stealth Rock\n|move|p2a: Ampharos|Dragon Pulse|p1a: Grumpig\n|-damage|p1a: Grumpig|5/297\n|\n|-heal|p1a: Grumpig|23/297|[from] item: Leftovers\n|upkeep\n|turn|20\n|\n|t:|1768381235\n|move|p1a: Grumpig|Psychic|p2a: Ampharos\n|-crit|p2a: Ampharos\n|-damage|p2a: Ampharos|37/282\n|move|p2a: Ampharos|Dragon Pulse|p1a: Grumpig\n|-damage|p1a: Grumpig|0 fnt\n|faint|p1a: Grumpig\n|\n|upkeep\n|inactive|mlungero has 120 seconds left.\n|\n|t:|1768381267\n|switch|p1a: Raikou|Raikou, L79|238/272\n|-damage|p1a: Raikou|204/272|[from] Stealth Rock\n|-ability|p1a: Raikou|Pressure\n|turn|21\n|\n|t:|1768381282\n|detailschange|p2a: Ampharos|Ampharos-Mega, L82, M\n|-mega|p2a: Ampharos|Ampharos|Ampharosite\n|-ability|p2a: Ampharos|Mold Breaker\n|move|p1a: Raikou|Thunderbolt|p2a: Ampharos\n|-resisted|p2a: Ampharos\n|-damage|p2a: Ampharos|9/282\n|move|p2a: Ampharos|Rest|p2a: Ampharos\n|-status|p2a: Ampharos|slp|[from] move: Rest\n|-heal|p2a: Ampharos|282/282 slp|[silent]\n|\n|upkeep\n|turn|22\n|\n|t:|1768381292\n|switch|p1a: Gligar|Gligar, L82, F|188/241\n|-damage|p1a: Gligar|158/241|[from] Stealth Rock\n|cant|p2a: Ampharos|slp\n|move|p2a: Ampharos|Sleep Talk|p2a: Ampharos\n|move|p2a: Ampharos|Discharge|p1a: Gligar|[from] move: Sleep Talk\n|-immune|p1a: Gligar\n|\n|upkeep\n|turn|23\n|\n|t:|1768381302\n|switch|p2a: Jumpluff|Jumpluff, L90, M|190/281 par\n|move|p1a: Gligar|U-turn|p2a: Jumpluff\n|-damage|p2a: Jumpluff|148/281 par\n|\n|t:|1768381310\n|switch|p1a: Weezing|Weezing, L86, F|252/252|[from] U-turn\n|-damage|p1a: Weezing|221/252|[from] Stealth Rock\n|\n|-heal|p1a: Weezing|236/252|[from] item: Black Sludge\n|upkeep\n|turn|24\n|\n|t:|1768381320\n|switch|p2a: Corsola|Corsola, L99, F|269/269\n|move|p1a: Weezing|Sludge Bomb|p2a: Corsola\n|-resisted|p2a: Corsola\n|-damage|p2a: Corsola|229/269\n|\n|-heal|p1a: Weezing|251/252|[from] item: Black Sludge\n|-heal|p2a: Corsola|245/269|[from] item: Leftovers\n|upkeep\n|turn|25\n|\n|t:|1768381331\n|move|p1a: Weezing|Will-O-Wisp|p2a: Corsola\n|-status|p2a: Corsola|brn\n|move|p2a: Corsola|Scald|p1a: Weezing\n|-damage|p1a: Weezing|155/252\n|\n|-heal|p1a: Weezing|170/252|[from] item: Black Sludge\n|-heal|p2a: Corsola|261/269 brn|[from] item: Leftovers\n|-damage|p2a: Corsola|228/269 brn|[from] brn\n|upkeep\n|turn|26\n|\n|t:|1768381340\n|move|p1a: Weezing|Sludge Bomb|p2a: Corsola\n|-resisted|p2a: Corsola\n|-damage|p2a: Corsola|189/269 brn\n|move|p2a: Corsola|Scald|p1a: Weezing\n|-damage|p1a: Weezing|64/252\n|\n|-heal|p1a: Weezing|79/252|[from] item: Black Sludge\n|-heal|p2a: Corsola|205/269 brn|[from] item: Leftovers\n|-damage|p2a: Corsola|172/269 brn|[from] brn\n|upkeep\n|turn|27\n|\n|t:|1768381349\n|move|p1a: Weezing|Pain Split|p2a: Corsola\n|-sethp|p2a: Corsola|125/269 brn|[from] move: Pain Split|[silent]\n|-sethp|p1a: Weezing|125/252|[from] move: Pain Split\n|move|p2a: Corsola|Scald|p1a: Weezing\n|-damage|p1a: Weezing|28/252\n|\n|-heal|p1a: Weezing|43/252|[from] item: Black Sludge\n|-heal|p2a: Corsola|141/269 brn|[from] item: Leftovers\n|-damage|p2a: Corsola|108/269 brn|[from] brn\n|upkeep\n|turn|28\n|\n|t:|1768381368\n|move|p1a: Weezing|Sludge Bomb|p2a: Corsola\n|-resisted|p2a: Corsola\n|-damage|p2a: Corsola|70/269 brn\n|move|p2a: Corsola|Scald|p1a: Weezing\n|-damage|p1a: Weezing|0 fnt\n|faint|p1a: Weezing\n|\n|-heal|p2a: Corsola|86/269 brn|[from] item: Leftovers\n|-damage|p2a: Corsola|53/269 brn|[from] brn\n|upkeep\n|\n|t:|1768381375\n|switch|p1a: Illumise|Illumise, L91, F|169/266\n|-damage|p1a: Illumise|103/266|[from] Stealth Rock\n|turn|29\n|\n|t:|1768381380\n|switch|p2a: Jumpluff|Jumpluff, L90, M|148/281 par\n|move|p1a: Illumise|Bug Buzz|p2a: Jumpluff\n|-damage|p2a: Jumpluff|64/281 par\n|\n|-heal|p1a: Illumise|119/266|[from] item: Leftovers\n|upkeep\n|turn|30\n|\n|t:|1768381391\n|move|p1a: Illumise|Bug Buzz|p2a: Jumpluff\n|-damage|p2a: Jumpluff|0 fnt\n|faint|p2a: Jumpluff\n|\n|-heal|p1a: Illumise|135/266|[from] item: Leftovers\n|upkeep\n|\n|t:|1768381396\n|switch|p2a: Ampharos|Ampharos-Mega, L82, M|282/282 slp\n|-ability|p2a: Ampharos|Mold Breaker\n|turn|31\n|\n|t:|1768381404\n|move|p1a: Illumise|Bug Buzz|p2a: Ampharos\n|-damage|p2a: Ampharos|210/282 slp\n|cant|p2a: Ampharos|slp\n|move|p2a: Ampharos|Sleep Talk|p2a: Ampharos\n|move|p2a: Ampharos|Discharge|p1a: Illumise|[from] move: Sleep Talk\n|-damage|p1a: Illumise|0 fnt\n|faint|p1a: Illumise\n|\n|upkeep\n|\n|t:|1768381407\n|switch|p1a: Gligar|Gligar, L82, F|158/241\n|-damage|p1a: Gligar|128/241|[from] Stealth Rock\n|turn|32\n|\n|t:|1768381425\n|move|p1a: Gligar|Earthquake|p2a: Ampharos\n|-supereffective|p2a: Ampharos\n|-damage|p2a: Ampharos|48/282 slp\n|-curestatus|p2a: Ampharos|slp|[msg]\n|move|p2a: Ampharos|Dragon Pulse|p1a: Gligar\n|-damage|p1a: Gligar|8/241\n|\n|upkeep\n|turn|33\n|\n|t:|1768381440\n|switch|p2a: Corsola|Corsola, L99, F|142/269 brn\n|move|p1a: Gligar|Earthquake|p2a: Corsola\n|-supereffective|p2a: Corsola\n|-crit|p2a: Corsola\n|-damage|p2a: Corsola|0 fnt\n|faint|p2a: Corsola\n|\n|upkeep\n|\n|t:|1768381448\n|switch|p2a: Mewtwo|Mewtwo, L70|238/264\n|-ability|p2a: Mewtwo|Unnerve\n|turn|34\n|\n|t:|1768381455\n|move|p2a: Mewtwo|Psystrike|p1a: Gligar\n|-damage|p1a: Gligar|0 fnt\n|faint|p1a: Gligar\n|-damage|p2a: Mewtwo|212/264|[from] item: Life Orb\n|\n|upkeep\n|\n|t:|1768381457\n|switch|p1a: Raikou|Raikou, L79|204/272\n|-damage|p1a: Raikou|170/272|[from] Stealth Rock\n|-ability|p1a: Raikou|Pressure\n|turn|35\n|\n|t:|1768381471\n|move|p1a: Raikou|Thunderbolt|p2a: Mewtwo\n|-damage|p2a: Mewtwo|40/264\n|move|p2a: Mewtwo|Psystrike|p1a: Raikou\n|-crit|p1a: Raikou\n|-damage|p1a: Raikou|0 fnt\n|faint|p1a: Raikou\n|-damage|p2a: Mewtwo|14/264|[from] item: Life Orb\n|\n|win|freddie47\n|raw|mlungero's rating: 1582 &rarr; <strong>1558</strong><br />(-24 for losing)\n|raw|freddie47's rating: 1513 &rarr; <strong>1537</strong><br />(+24 for winning)\n|c|☆mlungero|Oh gg\n|l|☆freddie47\n|player|p2|\n", "inputlog": ">version f2883557ca71b1a14bc1039fd307aee7de4ab455\n>start {\"formatid\":\"gen6randombattle\",\"seed\":\"sodium,8b143d9dd9cea731a2b4a69da8258b57\",\"rated\":\"Rated battle\"}\n>player p1 {\"name\":\"mlungero\",\"avatar\":\"brock\",\"rating\":1582,\"seed\":\"sodium,dd8dbd3c91d82b76f2298edb43141cb2\"}\n>player p2 {\"name\":\"freddie47\",\"avatar\":\"brock\",\"rating\":1513,\"seed\":\"sodium,a4ee61d5113dfaad140f47f357b0058a\"}\n>p1 move thunderwave\n>p2 move superpower\n>chat ☆mlungero|Nice avatar\n>p1 move encore\n>p2 move superpower\n>p1 switch 5\n>p2 move superpower\n>p1 move focusblast\n>p2 move superpower\n>chat ☆mlungero|I should've seen that coming really\n>p1 move focusblast\n>p2 move return\n>p1 move psychic\n>p2 switch 3\n>p1 move thunderwave\n>p2 move acrobatics\n>p1 switch 2\n>p2 move acrobatics\n>p1 move sludgebomb\n>p2 switch 2\n>p1 switch 6\n>p2 move stealthrock\n>p1 move stoneedge\n>p2 switch 3\n>p1 move stoneedge\n>p2 move superpower\n>p2 switch 5\n>p1 switch 4\n>p2 move fakeout\n>p1 move uturn\n>p2 move facade\n>p1 switch 4\n>p1 move closecombat\n>p2 move knockoff\n>p1 move closecombat\n>p2 move facade\n>p2 switch 4\n>p1 move stoneedge\n>p2 move psystrike\n>p1 switch 3\n>p1 move thunderbolt\n>p2 switch 6\n>p1 switch 2\n>p2 move dragonpulse\n>p1 move psychic\n>p2 move dragonpulse\n>p1 switch 2\n>p1 move thunderbolt\n>p2 move rest mega\n>p1 switch 4\n>p2 move sleeptalk\n>p1 move uturn\n>p2 switch 2\n>p1 switch 6\n>p1 move sludgebomb\n>p2 switch 3\n>p1 move willowisp\n>p2 move scald\n>p1 move sludgebomb\n>p2 move scald\n>p1 move painsplit\n>p2 move scald\n>p1 move sludgebomb\n>p2 move scald\n>p1 switch 5\n>p1 move bugbuzz\n>p2 switch 3\n>p1 move bugbuzz\n>p2 move acrobatics\n>p2 switch 2\n>p1 move bugbuzz\n>p2 move sleeptalk\n>p1 switch 6\n>p1 move earthquake\n>p2 move dragonpulse\n>p1 move earthquake\n>p2 switch 3\n>p2 switch 6\n>p1 move roost\n>p2 move psystrike\n>p1 switch 4\n>p1 move thunderbolt\n>p2 move psystrike", "uploadtime": 1768381484, "views": 233, "formatid": "gen6randombattle", "rating": 1537, "private": 0, "password": null}