{"id": "gen6randombattle-2531939297", "format": "[Gen 6] Random Battle", "players": ["unaware clodsire", "Plop"], "log": "|j|☆unaware clodsire\n|j|☆Plop\n|t:|1770123643\n|gametype|singles\n|player|p1|unaware clodsire|acetrainerf-gen7|1743\n|player|p2|Plop|#rbtt9travelers|1665\n|gen|6\n|tier|[Gen 6] Random Battle\n|rated|\n|rule|Sleep Clause Mod: Limit one foe put to sleep\n|rule|HP Percentage Mod: HP is shown in percentages\n|rule|Illusion Level Mod: Illusion disguises the Pokémon's true level\n|\n|t:|1770123643\n|teamsize|p1|6\n|teamsize|p2|6\n|start\n|switch|p1a: Marowak|Marowak, L88, F|249/249\n|switch|p2a: Heatmor|Heatmor, L92, F|306/306\n|turn|1\n|c|☆unaware clodsire|oh...\n|c|☆Plop|oh hey man\n|c|☆unaware clodsire|genuinely 1st game of the evening\n|c|☆unaware clodsire|just had dinner\n|c|☆Plop|I am having a shocker\n|c|☆unaware clodsire|sniper...\n|c|☆Plop|gl\n|c|☆unaware clodsire|hf!\n|inactive|Battle timer is ON: inactive players will automatically lose when time's up. (requested by Plop)\n|\n|t:|1770123680\n|move|p2a: Heatmor|Knock Off|p1a: Marowak\n|-damage|p1a: Marowak|167/249\n|-enditem|p1a: Marowak|Thick Club|[from] move: Knock Off|[of] p2a: Heatmor\n|-damage|p2a: Heatmor|276/306|[from] item: Life Orb\n|move|p1a: Marowak|Knock Off|p2a: Heatmor\n|-damage|p2a: Heatmor|207/306\n|-enditem|p2a: Heatmor|Life Orb|[from] move: Knock Off|[of] p1a: Marowak\n|\n|upkeep\n|turn|2\n|\n|t:|1770123694\n|switch|p1a: Arcanine|Arcanine, L82, F|282/282\n|-ability|p1a: Arcanine|Intimidate|boost\n|-unboost|p2a: Heatmor|atk|1\n|move|p2a: Heatmor|Giga Drain|p1a: Arcanine\n|-resisted|p1a: Arcanine\n|-damage|p1a: Arcanine|244/282\n|-heal|p2a: Heatmor|226/306|[from] drain|[of] p1a: Arcanine\n|\n|-heal|p1a: Arcanine|261/282|[from] item: Leftovers\n|upkeep\n|turn|3\n|\n|t:|1770123712\n|move|p1a: Arcanine|Close Combat|p2a: Heatmor\n|-crit|p2a: Heatmor\n|-damage|p2a: Heatmor|73/306\n|-unboost|p1a: Arcanine|def|1\n|-unboost|p1a: Arcanine|spd|1\n|move|p2a: Heatmor|Knock Off|p1a: Arcanine\n|-damage|p1a: Arcanine|175/282\n|-enditem|p1a: Arcanine|Leftovers|[from] move: Knock Off|[of] p2a: Heatmor\n|\n|upkeep\n|turn|4\n|\n|t:|1770123730\n|move|p1a: Arcanine|Close Combat|p2a: Heatmor\n|-damage|p2a: Heatmor|0 fnt\n|-unboost|p1a: Arcanine|def|1\n|-unboost|p1a: Arcanine|spd|1\n|faint|p2a: Heatmor\n|\n|upkeep\n|\n|t:|1770123732\n|switch|p2a: Corsola|Corsola, L99, M|269/269\n|turn|5\n|\n|t:|1770123738\n|switch|p1a: Blastoise|Blastoise, L81, M|261/261\n|move|p2a: Corsola|Stealth Rock|p1a: Blastoise\n|-sidestart|p1: unaware clodsire|move: Stealth Rock\n|\n|upkeep\n|turn|6\n|\n|t:|1770123751\n|switch|p2a: Sunflora|Sunflora, M|312/312\n|detailschange|p1a: Blastoise|Blastoise-Mega, L81, M\n|-mega|p1a: Blastoise|Blastoise|Blastoisinite\n|move|p1a: Blastoise|Rapid Spin|p2a: Sunflora\n|-damage|p2a: Sunflora|298/312\n|-sideend|p1: unaware clodsire|Stealth Rock|[from] move: Rapid Spin|[of] p1a: Blastoise\n|\n|upkeep\n|turn|7\n|c|☆unaware clodsire|oh thats not a nice mon\n|\n|t:|1770123769\n|switch|p1a: Goodra|Goodra, L85, F|292/292\n|move|p2a: Sunflora|Leaf Storm|p1a: Goodra\n|-ability|p1a: Goodra|Sap Sipper|boost\n|-boost|p1a: Goodra|atk|1\n|\n|upkeep\n|turn|8\n|c|☆unaware clodsire|but i kinda have the ciunter\n|c|☆unaware clodsire|:v\n|\n|t:|1770123786\n|switch|p2a: Corsola|Corsola, L99, M|269/269\n|move|p1a: Goodra|Dragon Tail|p2a: Corsola\n|-damage|p2a: Corsola|175/269\n|drag|p2a: Tyrantrum|Tyrantrum, L80, M|262/262\n|\n|upkeep\n|turn|9\n|\n|t:|1770123798\n|switch|p1a: Bisharp|Bisharp, L79, M|232/232\n|switch|p2a: Corsola|Corsola, L99, M|264/269\n|\n|-heal|p2a: Corsola|269/269|[from] item: Leftovers\n|upkeep\n|turn|10\n|\n|t:|1770123803\n|switch|p1a: Blastoise|Blastoise-Mega, L81, M|261/261\n|move|p2a: Corsola|Stealth Rock|p1a: Blastoise\n|-sidestart|p1: unaware clodsire|move: Stealth Rock\n|\n|upkeep\n|turn|11\n|\n|t:|1770123810\n|move|p1a: Blastoise|Rapid Spin|p2a: Corsola\n|-resisted|p2a: Corsola\n|-damage|p2a: Corsola|264/269\n|-sideend|p1: unaware clodsire|Stealth Rock|[from] move: Rapid Spin|[of] p1a: Blastoise\n|move|p2a: Corsola|Scald|p1a: Blastoise\n|-resisted|p1a: Blastoise\n|-damage|p1a: Blastoise|225/261\n|\n|-heal|p2a: Corsola|269/269|[from] item: Leftovers\n|upkeep\n|turn|12\n|\n|t:|1770123821\n|move|p1a: Blastoise|Aura Sphere|p2a: Corsola\n|-supereffective|p2a: Corsola\n|-damage|p2a: Corsola|91/269\n|move|p2a: Corsola|Scald|p1a: Blastoise\n|-resisted|p1a: Blastoise\n|-crit|p1a: Blastoise\n|-damage|p1a: Blastoise|168/261\n|-status|p1a: Blastoise|brn\n|\n|-heal|p2a: Corsola|107/269|[from] item: Leftovers\n|-damage|p1a: Blastoise|136/261 brn|[from] brn\n|upkeep\n|turn|13\n|\n|t:|1770123829\n|switch|p2a: Sunflora|Sunflora, M|298/312\n|move|p1a: Blastoise|Aura Sphere|p2a: Sunflora\n|-damage|p2a: Sunflora|215/312\n|\n|-damage|p1a: Blastoise|104/261 brn|[from] brn\n|upkeep\n|turn|14\n|\n|t:|1770123837\n|switch|p1a: Goodra|Goodra, L85, F|292/292\n|move|p2a: Sunflora|Earth Power|p1a: Goodra\n|-damage|p1a: Goodra|229/292\n|\n|upkeep\n|turn|15\n|\n|t:|1770123849\n|switch|p2a: Corsola|Corsola, L99, M|196/269\n|move|p1a: Goodra|Sludge Bomb|p2a: Corsola\n|-resisted|p2a: Corsola\n|-damage|p2a: Corsola|162/269\n|-status|p2a: Corsola|psn\n|\n|-heal|p2a: Corsola|178/269 psn|[from] item: Leftovers\n|-damage|p2a: Corsola|145/269 psn|[from] psn\n|upkeep\n|turn|16\n|\n|t:|1770123857\n|move|p1a: Goodra|Earthquake|p2a: Corsola\n|-supereffective|p2a: Corsola\n|-damage|p2a: Corsola|3/269 psn\n|move|p2a: Corsola|Stealth Rock|p1a: Goodra\n|-sidestart|p1: unaware clodsire|move: Stealth Rock\n|\n|-heal|p2a: Corsola|19/269 psn|[from] item: Leftovers\n|-damage|p2a: Corsola|0 fnt|[from] psn\n|faint|p2a: Corsola\n|upkeep\n|\n|t:|1770123866\n|switch|p2a: Hitmonchan|Hitmonchan, L86, M|226/226\n|turn|17\n|c|☆Plop|behold my carry\n|c|☆Plop|he might just do it\n|\n|t:|1770123882\n|move|p1a: Goodra|Draco Meteor|p2a: Hitmonchan\n|-damage|p2a: Hitmonchan|97/226\n|-unboost|p1a: Goodra|spa|2\n|move|p2a: Hitmonchan|Drain Punch|p1a: Goodra\n|-damage|p1a: Goodra|52/292\n|-heal|p2a: Hitmonchan|186/226|[from] drain|[of] p1a: Goodra\n|\n|upkeep\n|turn|18\n|\n|t:|1770123887\n|move|p1a: Goodra|Earthquake|p2a: Hitmonchan\n|-damage|p2a: Hitmonchan|108/226\n|move|p2a: Hitmonchan|Drain Punch|p1a: Goodra\n|-damage|p1a: Goodra|0 fnt\n|-heal|p2a: Hitmonchan|134/226|[from] drain|[of] p1a: Goodra\n|faint|p1a: Goodra\n|\n|upkeep\n|\n|t:|1770123899\n|switch|p1a: Arcanine|Arcanine, L82, F|175/282\n|-damage|p1a: Arcanine|105/282|[from] Stealth Rock\n|-ability|p1a: Arcanine|Intimidate|boost\n|-unboost|p2a: Hitmonchan|atk|1\n|turn|19\n|c|☆unaware clodsire|im scared\n|c|☆unaware clodsire|im probably throwing this endgame\n|inactive|Plop has 120 seconds left.\n|\n|t:|1770123956\n|move|p1a: Arcanine|Morning Sun|p1a: Arcanine\n|-heal|p1a: Arcanine|246/282\n|move|p2a: Hitmonchan|Drain Punch|p1a: Arcanine\n|-damage|p1a: Arcanine|119/282\n|-heal|p2a: Hitmonchan|198/226|[from] drain|[of] p1a: Arcanine\n|\n|upkeep\n|turn|20\n|\n|t:|1770123967\n|move|p1a: Arcanine|Will-O-Wisp|p2a: Hitmonchan\n|-status|p2a: Hitmonchan|brn\n|move|p2a: Hitmonchan|Drain Punch|p1a: Arcanine\n|-damage|p1a: Arcanine|58/282\n|-heal|p2a: Hitmonchan|226/226 brn|[from] drain|[of] p1a: Arcanine\n|\n|-damage|p2a: Hitmonchan|198/226 brn|[from] brn\n|upkeep\n|turn|21\n|\n|t:|1770123975\n|switch|p2a: Sunflora|Sunflora, M|215/312\n|move|p1a: Arcanine|Morning Sun|p1a: Arcanine\n|-heal|p1a: Arcanine|199/282\n|\n|upkeep\n|turn|22\n|\n|t:|1770123979\n|move|p1a: Arcanine|Flare Blitz|p2a: Sunflora\n|-supereffective|p2a: Sunflora\n|-damage|p2a: Sunflora|0 fnt\n|faint|p2a: Sunflora\n|-damage|p1a: Arcanine|128/282|[from] Recoil\n|\n|upkeep\n|\n|t:|1770123981\n|switch|p2a: Tyrantrum|Tyrantrum, L80, M|262/262\n|turn|23\n|\n|t:|1770123995\n|move|p1a: Arcanine|Close Combat|p2a: Tyrantrum\n|-supereffective|p2a: Tyrantrum\n|-damage|p2a: Tyrantrum|104/262\n|-unboost|p1a: Arcanine|def|1\n|-unboost|p1a: Arcanine|spd|1\n|move|p2a: Tyrantrum|Dragon Dance|p2a: Tyrantrum\n|-boost|p2a: Tyrantrum|atk|1\n|-boost|p2a: Tyrantrum|spe|1\n|\n|upkeep\n|turn|24\n|\n|t:|1770124001\n|move|p2a: Tyrantrum|Earthquake|p1a: Arcanine\n|-supereffective|p1a: Arcanine\n|-damage|p1a: Arcanine|0 fnt\n|faint|p1a: Arcanine\n|\n|upkeep\n|\n|t:|1770124004\n|switch|p1a: Bisharp|Bisharp, L79, M|232/232\n|-damage|p1a: Bisharp|218/232|[from] Stealth Rock\n|turn|25\n|\n|t:|1770124014\n|move|p1a: Bisharp|Sucker Punch|p2a: Tyrantrum\n|-damage|p2a: Tyrantrum|20/262\n|move|p2a: Tyrantrum|Earthquake|p1a: Bisharp\n|-supereffective|p1a: Bisharp\n|-damage|p1a: Bisharp|0 fnt\n|faint|p1a: Bisharp\n|\n|upkeep\n|c|☆unaware clodsire|theres NO way that didbt kill\n|c|☆unaware clodsire|i assumed it did\n|c|☆unaware clodsire|mobile.moment\n|c|☆Plop|min roll but no chance to KO\n|\n|t:|1770124030\n|switch|p1a: Marowak|Marowak, L88, F|167/249\n|-damage|p1a: Marowak|152/249|[from] Stealth Rock\n|turn|26\n|c|☆Plop|small chance if LO\n|\n|t:|1770124038\n|move|p2a: Tyrantrum|Outrage|p1a: Marowak\n|-damage|p1a: Marowak|0 fnt\n|faint|p1a: Marowak\n|\n|upkeep\n|c|☆unaware clodsire|black glasses\n|c|☆unaware clodsire|rip\n|c|☆Plop|yeah\n|c|☆unaware clodsire|had to lock u into outrage then\n|c|☆unaware clodsire|ugh\n|c|☆unaware clodsire|im so bad sometimes\n|c|☆Plop|yeah and/or save intim\n|\n|t:|1770124059\n|switch|p1a: Pinsir|Pinsir, L85, F|249/249\n|-damage|p1a: Pinsir|187/249|[from] Stealth Rock\n|turn|27\n|\n|t:|1770124063\n|move|p2a: Tyrantrum|Outrage|p1a: Pinsir|[from] lockedmove\n|-damage|p1a: Pinsir|0 fnt\n|faint|p1a: Pinsir\n|-start|p2a: Tyrantrum|confusion|[fatigue]\n|-enditem|p2a: Tyrantrum|Lum Berry|[eat]\n|-end|p2a: Tyrantrum|confusion\n|\n|upkeep\n|-message|unaware clodsire forfeited.\n|\n|win|Plop\n|raw|unaware clodsire's rating: 1743 &rarr; <strong>1719</strong><br />(-24 for losing)\n|raw|Plop's rating: 1665 &rarr; <strong>1689</strong><br />(+24 for winning)\n|l|☆unaware clodsire\n|player|p1|\n|c|☆Plop|gg\n", "inputlog": ">version ccdc32dd7cde25fd9e4bed64820e885f66e78a4e\n>start {\"formatid\":\"gen6randombattle\",\"seed\":\"sodium,919b4ebfcfea1dace2c96400767e2e4a\",\"rated\":\"Rated battle\"}\n>player p1 {\"name\":\"unaware clodsire\",\"avatar\":\"acetrainerf-gen7\",\"rating\":1743,\"seed\":\"sodium,2796663ceaab5623dda97edbc379dee1\"}\n>player p2 {\"name\":\"Plop\",\"avatar\":\"#rbtt9travelers\",\"rating\":1665,\"seed\":\"sodium,0fd73da471b40cd5923f19d61c11d7ad\"}\n>chat ☆unaware clodsire|oh...\n>chat ☆Plop|oh hey man\n>chat ☆unaware clodsire|genuinely 1st game of the evening\n>chat ☆unaware clodsire|just had dinner\n>chat ☆Plop|I am having a shocker\n>chat ☆unaware clodsire|sniper...\n>chat ☆Plop|gl\n>chat ☆unaware clodsire|hf!\n>p1 move knockoff\n>p2 move knockoff\n>p1 switch 6\n>p2 move gigadrain\n>p1 move closecombat\n>p2 move knockoff\n>p1 move closecombat\n>p2 move superpower\n>p2 switch 5\n>p1 switch 5\n>p2 move stealthrock\n>p1 move rapidspin mega\n>p2 switch 3\n>chat ☆unaware clodsire|oh thats not a nice mon\n>p1 switch 3\n>p2 move leafstorm\n>chat ☆unaware clodsire|but i kinda have the ciunter\n>chat ☆unaware clodsire|:v\n>p1 move dragontail\n>p2 switch 3\n>p1 switch 4\n>p2 switch 4\n>p1 switch 3\n>p2 move stealthrock\n>p1 move rapidspin\n>p2 move scald\n>p1 move aurasphere\n>p2 move scald\n>p1 move aurasphere\n>p2 switch 3\n>p1 switch 4\n>p2 move earthpower\n>p1 move sludgebomb\n>p2 switch 3\n>p1 move earthquake\n>p2 move stealthrock\n>p2 switch 6\n>chat ☆Plop|behold my carry\n>chat ☆Plop|he might just do it\n>p1 move dracometeor\n>p2 move drainpunch\n>p1 move earthquake\n>p2 move drainpunch\n>p1 switch 5\n>chat ☆unaware clodsire|im scared\n>chat ☆unaware clodsire|im probably throwing this endgame\n>p1 move morningsun\n>p2 move drainpunch\n>p1 move willowisp\n>p2 move drainpunch\n>p1 move morningsun\n>p2 switch 3\n>p1 move flareblitz\n>p2 move earthpower\n>p2 switch 4\n>p1 move closecombat\n>p2 move dragondance\n>p1 move closecombat\n>p2 move earthquake\n>p1 switch 3\n>p1 move suckerpunch\n>p2 move earthquake\n>chat ☆unaware clodsire|theres NO way that didbt kill\n>chat ☆unaware clodsire|i assumed it did\n>chat ☆unaware clodsire|mobile.moment\n>chat ☆Plop|min roll but no chance to KO\n>p1 switch 6\n>chat ☆Plop|small chance if LO\n>p1 move earthquake\n>p2 move outrage\n>chat ☆unaware clodsire|black glasses\n>chat ☆unaware clodsire|rip\n>chat ☆Plop|yeah\n>chat ☆unaware clodsire|had to lock u into outrage then\n>chat ☆unaware clodsire|ugh\n>chat ☆unaware clodsire|im so bad sometimes\n>chat ☆Plop|yeah and/or save intim\n>p1 switch 2\n>p1 move xscissor\n>p2 move outrage\n>forcelose p1", "uploadtime": 1770124072, "views": 225, "formatid": "gen6randombattle", "rating": 1689, "private": 0, "password": null}