{"id": "gen6randombattle-2538781162", "format": "[Gen 6] Random Battle", "players": ["Fegi16", "henghengsweeswee"], "log": "|j|☆Fegi16\n|j|☆henghengsweeswee\n|t:|1770973719\n|gametype|singles\n|player|p1|Fegi16|firebreather|1526\n|player|p2|henghengsweeswee|169|1612\n|gen|6\n|tier|[Gen 6] Random Battle\n|rated|\n|rule|Sleep Clause Mod: Limit one foe put to sleep\n|rule|HP Percentage Mod: HP is shown in percentages\n|rule|Illusion Level Mod: Illusion disguises the Pokémon's true level\n|\n|t:|1770973719\n|teamsize|p1|6\n|teamsize|p2|6\n|start\n|switch|p1a: Stantler|Stantler, L90, F|277/277\n|switch|p2a: Feraligatr|Feraligatr, L79, F|264/264\n|-ability|p1a: Stantler|Intimidate|boost\n|-unboost|p2a: Feraligatr|atk|1\n|turn|1\n|inactive|Battle timer is ON: inactive players will automatically lose when time's up. (requested by Fegi16)\n|\n|t:|1770973729\n|switch|p2a: Krookodile|Krookodile, L78, F|276/276\n|-ability|p2a: Krookodile|Intimidate|boost\n|-unboost|p1a: Stantler|atk|1\n|move|p1a: Stantler|Double-Edge|p2a: Krookodile\n|-damage|p2a: Krookodile|99/276\n|-damage|p1a: Stantler|219/277|[from] Recoil\n|\n|upkeep\n|turn|2\n|\n|t:|1770973736\n|switch|p2a: Froslass|Froslass, L84, F|255/255\n|move|p1a: Stantler|Double-Edge|p2a: Froslass\n|-immune|p2a: Froslass\n|\n|upkeep\n|turn|3\n|\n|t:|1770973741\n|switch|p1a: Banette|Banette, L90, F|262/262\n|-item|p2a: Froslass|Leftovers|[from] ability: Frisk|[of] p1a: Banette\n|move|p2a: Froslass|Thunder Wave|p1a: Banette\n|-status|p1a: Banette|par\n|\n|upkeep\n|turn|4\n|\n|t:|1770973768\n|move|p2a: Froslass|Shadow Ball|p1a: Banette\n|-supereffective|p1a: Banette\n|-damage|p1a: Banette|74/262 par\n|-unboost|p1a: Banette|spd|1\n|move|p1a: Banette|Shadow Claw|p2a: Froslass\n|-supereffective|p2a: Froslass\n|-damage|p2a: Froslass|0 fnt\n|faint|p2a: Froslass\n|-damage|p1a: Banette|48/262 par|[from] item: Life Orb\n|\n|upkeep\n|inactive|henghengsweeswee has 120 seconds left.\n|\n|t:|1770973779\n|switch|p2a: Krookodile|Krookodile, L78, F|99/276\n|-ability|p2a: Krookodile|Intimidate|boost\n|-unboost|p1a: Banette|atk|1\n|turn|5\n|\n|t:|1770973783\n|move|p1a: Banette|Shadow Sneak|p2a: Krookodile\n|-resisted|p2a: Krookodile\n|-damage|p2a: Krookodile|70/276\n|-damage|p1a: Banette|22/262 par|[from] item: Life Orb\n|move|p2a: Krookodile|Stealth Rock|p1a: Banette\n|-sidestart|p1: Fegi16|move: Stealth Rock\n|\n|upkeep\n|turn|6\n|\n|t:|1770973794\n|move|p2a: Krookodile|Knock Off|p1a: Banette\n|-supereffective|p1a: Banette\n|-damage|p1a: Banette|0 fnt\n|-enditem|p1a: Banette|Life Orb|[from] move: Knock Off|[of] p2a: Krookodile\n|faint|p1a: Banette\n|-damage|p2a: Krookodile|43/276|[from] item: Life Orb\n|\n|upkeep\n|\n|t:|1770973796\n|switch|p1a: Diancie|Diancie, L75|199/199\n|-damage|p1a: Diancie|175/199|[from] Stealth Rock\n|turn|7\n|\n|t:|1770973801\n|detailschange|p1a: Diancie|Diancie-Mega, L75\n|-mega|p1a: Diancie|Diancie|Diancite\n|move|p1a: Diancie|Protect|p1a: Diancie\n|-singleturn|p1a: Diancie|Protect\n|move|p2a: Krookodile|Earthquake|p1a: Diancie\n|-activate|p1a: Diancie|move: Protect\n|\n|upkeep\n|turn|8\n|\n|t:|1770973806\n|move|p1a: Diancie|Diamond Storm|p2a: Krookodile\n|-resisted|p2a: Krookodile\n|-damage|p2a: Krookodile|0 fnt\n|-boost|p1a: Diancie|def|1\n|faint|p2a: Krookodile\n|\n|upkeep\n|inactive|henghengsweeswee has 120 seconds left.\n|\n|t:|1770973838\n|switch|p2a: Claydol|Claydol, L88|249/249\n|turn|9\n|\n|t:|1770973843\n|switch|p1a: Ferrothorn|Ferrothorn, L71, M|223/223\n|-damage|p1a: Ferrothorn|210/223|[from] Stealth Rock\n|move|p2a: Claydol|Earthquake|p1a: Ferrothorn\n|-damage|p1a: Ferrothorn|134/223\n|\n|-heal|p1a: Ferrothorn|147/223|[from] item: Leftovers\n|upkeep\n|turn|10\n|\n|t:|1770973862\n|move|p2a: Claydol|Earthquake|p1a: Ferrothorn\n|-damage|p1a: Ferrothorn|74/223\n|move|p1a: Ferrothorn|Leech Seed|p2a: Claydol\n|-start|p2a: Claydol|move: Leech Seed\n|\n|-heal|p1a: Ferrothorn|87/223|[from] item: Leftovers\n|-damage|p2a: Claydol|218/249|[from] Leech Seed|[of] p1a: Ferrothorn\n|-heal|p1a: Ferrothorn|118/223|[silent]\n|upkeep\n|turn|11\n|\n|t:|1770973871\n|switch|p2a: Darkrai|Darkrai, L72|220/220\n|move|p1a: Ferrothorn|Stealth Rock|p2a: Darkrai\n|-sidestart|p2: henghengsweeswee|move: Stealth Rock\n|\n|-heal|p1a: Ferrothorn|131/223|[from] item: Leftovers\n|upkeep\n|turn|12\n|\n|t:|1770973876\n|move|p2a: Darkrai|Nasty Plot|p2a: Darkrai\n|-boost|p2a: Darkrai|spa|2\n|move|p1a: Ferrothorn|Leech Seed|p2a: Darkrai\n|-start|p2a: Darkrai|move: Leech Seed\n|\n|-heal|p1a: Ferrothorn|144/223|[from] item: Leftovers\n|-damage|p2a: Darkrai|193/220|[from] Leech Seed|[of] p1a: Ferrothorn\n|-heal|p1a: Ferrothorn|171/223|[silent]\n|upkeep\n|turn|13\n|\n|t:|1770973882\n|move|p2a: Darkrai|Dark Void|p1a: Ferrothorn\n|-status|p1a: Ferrothorn|slp|[from] move: Dark Void\n|cant|p1a: Ferrothorn|slp\n|\n|-heal|p1a: Ferrothorn|184/223 slp|[from] item: Leftovers\n|-damage|p2a: Darkrai|166/220|[from] Leech Seed|[of] p1a: Ferrothorn\n|-heal|p1a: Ferrothorn|211/223 slp|[silent]\n|-damage|p1a: Ferrothorn|184/223 slp|[from] ability: Bad Dreams|[of] p2a: Darkrai\n|upkeep\n|turn|14\n|\n|t:|1770973887\n|move|p2a: Darkrai|Nasty Plot|p2a: Darkrai\n|-boost|p2a: Darkrai|spa|2\n|cant|p1a: Ferrothorn|slp\n|\n|-heal|p1a: Ferrothorn|197/223 slp|[from] item: Leftovers\n|-damage|p2a: Darkrai|139/220|[from] Leech Seed|[of] p1a: Ferrothorn\n|-heal|p1a: Ferrothorn|223/223 slp|[silent]\n|-damage|p1a: Ferrothorn|196/223 slp|[from] ability: Bad Dreams|[of] p2a: Darkrai\n|upkeep\n|turn|15\n|\n|t:|1770973890\n|move|p2a: Darkrai|Dark Pulse|p1a: Ferrothorn\n|-damage|p1a: Ferrothorn|0 fnt\n|faint|p1a: Ferrothorn\n|-damage|p2a: Darkrai|117/220|[from] item: Life Orb\n|\n|upkeep\n|\n|t:|1770973896\n|switch|p1a: Stantler|Stantler, L90, F|219/277\n|-damage|p1a: Stantler|185/277|[from] Stealth Rock\n|-ability|p1a: Stantler|Intimidate|boost\n|-unboost|p2a: Darkrai|atk|1\n|turn|16\n|\n|t:|1770973900\n|move|p1a: Stantler|Sucker Punch|p2a: Darkrai\n|-resisted|p2a: Darkrai\n|-damage|p2a: Darkrai|66/220\n|move|p2a: Darkrai|Dark Pulse|p1a: Stantler\n|-damage|p1a: Stantler|0 fnt\n|faint|p1a: Stantler\n|-damage|p2a: Darkrai|44/220|[from] item: Life Orb\n|\n|upkeep\n|\n|t:|1770973907\n|switch|p1a: Diancie|Diancie-Mega, L75|175/199\n|-damage|p1a: Diancie|151/199|[from] Stealth Rock\n|turn|17\n|\n|t:|1770973913\n|move|p1a: Diancie|Protect|p1a: Diancie\n|-singleturn|p1a: Diancie|Protect\n|move|p2a: Darkrai|Sludge Bomb|p1a: Diancie\n|-activate|p1a: Diancie|move: Protect\n|\n|-damage|p2a: Darkrai|17/220|[from] Leech Seed|[of] p1a: Diancie\n|-heal|p1a: Diancie|178/199|[silent]\n|upkeep\n|turn|18\n|\n|t:|1770973923\n|switch|p1a: Zekrom|Zekrom, L74|270/270\n|-damage|p1a: Zekrom|237/270|[from] Stealth Rock\n|-ability|p1a: Zekrom|Teravolt\n|move|p2a: Darkrai|Sludge Bomb|p1a: Zekrom\n|-damage|p1a: Zekrom|0 fnt\n|faint|p1a: Zekrom\n|-damage|p2a: Darkrai|0 fnt|[from] item: Life Orb\n|faint|p2a: Darkrai\n|\n|upkeep\n|\n|t:|1770973928\n|switch|p2a: Claydol|Claydol, L88|218/249\n|switch|p1a: Lugia|Lugia, L71|268/268\n|-damage|p1a: Lugia|201/268|[from] Stealth Rock\n|-damage|p2a: Claydol|203/249|[from] Stealth Rock\n|turn|19\n|\n|t:|1770973932\n|move|p1a: Lugia|Substitute|p1a: Lugia\n|-start|p1a: Lugia|Substitute\n|-damage|p1a: Lugia|134/268\n|move|p2a: Claydol|Ice Beam|p1a: Lugia\n|-supereffective|p1a: Lugia\n|-end|p1a: Lugia|Substitute\n|\n|-heal|p1a: Lugia|150/268|[from] item: Leftovers\n|-heal|p2a: Claydol|218/249|[from] item: Leftovers\n|upkeep\n|turn|20\n|\n|t:|1770973939\n|move|p1a: Lugia|Roost|p1a: Lugia\n|-heal|p1a: Lugia|268/268\n|-singleturn|p1a: Lugia|move: Roost\n|move|p2a: Claydol|Toxic|p1a: Lugia\n|-status|p1a: Lugia|tox\n|\n|-heal|p2a: Claydol|233/249|[from] item: Leftovers\n|-damage|p1a: Lugia|252/268 tox|[from] psn\n|upkeep\n|turn|21\n|\n|t:|1770973944\n|move|p1a: Lugia|Toxic|p2a: Claydol\n|-status|p2a: Claydol|tox\n|move|p2a: Claydol|Ice Beam|p1a: Lugia\n|-supereffective|p1a: Lugia\n|-crit|p1a: Lugia\n|-damage|p1a: Lugia|118/268 tox\n|\n|-heal|p1a: Lugia|134/268 tox|[from] item: Leftovers\n|-heal|p2a: Claydol|248/249 tox|[from] item: Leftovers\n|-damage|p1a: Lugia|102/268 tox|[from] psn\n|-damage|p2a: Claydol|233/249 tox|[from] psn\n|upkeep\n|turn|22\n|\n|t:|1770973950\n|move|p1a: Lugia|Roost|p1a: Lugia\n|-heal|p1a: Lugia|236/268 tox\n|-singleturn|p1a: Lugia|move: Roost\n|move|p2a: Claydol|Earthquake|p1a: Lugia\n|-damage|p1a: Lugia|157/268 tox\n|\n|-heal|p1a: Lugia|173/268 tox|[from] item: Leftovers\n|-heal|p2a: Claydol|248/249 tox|[from] item: Leftovers\n|-damage|p1a: Lugia|125/268 tox|[from] psn\n|-damage|p2a: Claydol|218/249 tox|[from] psn\n|upkeep\n|turn|23\n|\n|t:|1770973956\n|move|p1a: Lugia|Roost|p1a: Lugia\n|-heal|p1a: Lugia|259/268 tox\n|-singleturn|p1a: Lugia|move: Roost\n|move|p2a: Claydol|Earthquake|p1a: Lugia\n|-damage|p1a: Lugia|172/268 tox\n|\n|-heal|p1a: Lugia|188/268 tox|[from] item: Leftovers\n|-heal|p2a: Claydol|233/249 tox|[from] item: Leftovers\n|-damage|p1a: Lugia|124/268 tox|[from] psn\n|-damage|p2a: Claydol|188/249 tox|[from] psn\n|upkeep\n|turn|24\n|\n|t:|1770973958\n|move|p1a: Lugia|Aeroblast|p2a: Claydol\n|-damage|p2a: Claydol|134/249 tox\n|move|p2a: Claydol|Earthquake|p1a: Lugia\n|-immune|p1a: Lugia\n|\n|-heal|p1a: Lugia|140/268 tox|[from] item: Leftovers\n|-heal|p2a: Claydol|149/249 tox|[from] item: Leftovers\n|-damage|p1a: Lugia|60/268 tox|[from] psn\n|-damage|p2a: Claydol|89/249 tox|[from] psn\n|upkeep\n|turn|25\n|\n|t:|1770973961\n|move|p1a: Lugia|Aeroblast|p2a: Claydol\n|-damage|p2a: Claydol|35/249 tox\n|move|p2a: Claydol|Earthquake|p1a: Lugia\n|-immune|p1a: Lugia\n|\n|-heal|p1a: Lugia|76/268 tox|[from] item: Leftovers\n|-heal|p2a: Claydol|50/249 tox|[from] item: Leftovers\n|-damage|p1a: Lugia|0 fnt|[from] psn\n|faint|p1a: Lugia\n|-damage|p2a: Claydol|0 fnt|[from] psn\n|faint|p2a: Claydol\n|upkeep\n|\n|t:|1770973968\n|switch|p1a: Diancie|Diancie-Mega, L75|178/199\n|switch|p2a: Feraligatr|Feraligatr, L79, F|264/264\n|-damage|p1a: Diancie|154/199|[from] Stealth Rock\n|-damage|p2a: Feraligatr|231/264|[from] Stealth Rock\n|turn|26\n|\n|t:|1770973970\n|move|p1a: Diancie|Moonblast|p2a: Feraligatr\n|-crit|p2a: Feraligatr\n|-damage|p2a: Feraligatr|27/264\n|-unboost|p2a: Feraligatr|spa|1\n|move|p2a: Feraligatr|Dragon Dance|p2a: Feraligatr\n|-boost|p2a: Feraligatr|atk|1\n|-boost|p2a: Feraligatr|spe|1\n|\n|upkeep\n|turn|27\n|\n|t:|1770973974\n|move|p2a: Feraligatr|Waterfall|p1a: Diancie\n|-supereffective|p1a: Diancie\n|-damage|p1a: Diancie|0 fnt\n|faint|p1a: Diancie\n|detailschange|p1: Diancie|Diancie, L75|[silent]\n|\n|win|henghengsweeswee\n|raw|Fegi16's rating: 1526 &rarr; <strong>1511</strong><br />(-15 for losing)\n|raw|henghengsweeswee's rating: 1612 &rarr; <strong>1627</strong><br />(+15 for winning)\n|l|☆Fegi16\n|player|p1|\n|l|☆henghengsweeswee\n|player|p2|\n", "inputlog": ">version ccdc32dd7cde25fd9e4bed64820e885f66e78a4e\n>start {\"formatid\":\"gen6randombattle\",\"seed\":\"sodium,65f76b9b736303ad291cf5c06d2e1528\",\"rated\":\"Rated battle\"}\n>player p1 {\"name\":\"Fegi16\",\"avatar\":\"firebreather\",\"rating\":1526,\"seed\":\"sodium,70de551b9802f8e4a31f754aa3f5943a\"}\n>player p2 {\"name\":\"henghengsweeswee\",\"avatar\":\"169\",\"rating\":1612,\"seed\":\"sodium,a87007c9b9983150be33635d266847b1\"}\n>p1 move doubleedge\n>p2 switch 4\n>p1 move doubleedge\n>p2 switch 6\n>p1 switch 2\n>p2 move thunderwave\n>p1 move shadowclaw\n>p2 move shadowball\n>p2 switch 6\n>p1 move shadowsneak\n>p2 move stealthrock\n>p1 move willowisp\n>p2 move knockoff\n>p1 switch 5\n>p1 move protect mega\n>p2 move earthquake\n>p1 move diamondstorm\n>p2 move earthquake\n>p2 switch 5\n>p1 switch 6\n>p2 move earthquake\n>p1 move leechseed\n>p2 move earthquake\n>p1 move stealthrock\n>p2 switch 3\n>p1 move leechseed\n>p2 move nastyplot\n>p1 move gyroball\n>p2 move darkvoid\n>p1 move gyroball\n>p2 move nastyplot\n>p1 move gyroball\n>p2 move darkpulse\n>p1 switch 2\n>p1 move suckerpunch\n>p2 move darkpulse\n>p1 switch 6\n>p1 move protect\n>p2 move sludgebomb\n>p1 switch 4\n>p2 move sludgebomb\n>p1 switch 3\n>p2 switch 3\n>p1 move substitute\n>p2 move icebeam\n>p1 move roost\n>p2 move toxic\n>p1 move toxic\n>p2 move icebeam\n>p1 move roost\n>p2 move earthquake\n>p1 move roost\n>p2 move earthquake\n>p1 move aeroblast\n>p2 move earthquake\n>p1 move aeroblast\n>p2 move earthquake\n>p1 switch 4\n>p2 switch 4\n>p1 move moonblast\n>p2 move dragondance\n>p1 move moonblast\n>p2 move waterfall", "uploadtime": 1770973992, "views": 214, "formatid": "gen6randombattle", "rating": 1511, "private": 0, "password": null}