{"id": "gen6randombattle-2522239126", "format": "[Gen 6] Random Battle", "players": ["arboretums", "digue007"], "log": "|j|☆arboretums\n|j|☆digue007\n|t:|1768875620\n|gametype|singles\n|player|p1|arboretums|serena-masters2|1680\n|player|p2|digue007|169|1551\n|gen|6\n|tier|[Gen 6] Random Battle\n|rated|\n|rule|Sleep Clause Mod: Limit one foe put to sleep\n|rule|HP Percentage Mod: HP is shown in percentages\n|rule|Illusion Level Mod: Illusion disguises the Pokémon's true level\n|\n|t:|1768875620\n|teamsize|p1|6\n|teamsize|p2|6\n|start\n|switch|p1a: Aerodactyl|Aerodactyl, L77, F|250/250\n|switch|p2a: Toxicroak|Toxicroak, L83, M|273/273\n|-ability|p1a: Aerodactyl|Unnerve\n|turn|1\n|inactive|Battle timer is ON: inactive players will automatically lose when time's up. (requested by digue007)\n|\n|t:|1768875647\n|switch|p2a: Furret|Furret, L93, F|309/309\n|-item|p1a: Aerodactyl|Aerodactylite|[from] ability: Frisk|[of] p2a: Furret\n|detailschange|p1a: Aerodactyl|Aerodactyl-Mega, L77, F\n|-mega|p1a: Aerodactyl|Aerodactyl|Aerodactylite\n|move|p1a: Aerodactyl|Aerial Ace|p2a: Furret\n|-damage|p2a: Furret|210/309\n|\n|upkeep\n|turn|2\n|\n|t:|1768875660\n|move|p1a: Aerodactyl|Aerial Ace|p2a: Furret\n|-damage|p2a: Furret|99/309\n|move|p2a: Furret|Aqua Tail|p1a: Aerodactyl\n|-supereffective|p1a: Aerodactyl\n|-crit|p1a: Aerodactyl\n|-damage|p1a: Aerodactyl|0 fnt\n|faint|p1a: Aerodactyl\n|detailschange|p1: Aerodactyl|Aerodactyl, L77, F|[silent]\n|\n|upkeep\n|\n|t:|1768875668\n|switch|p1a: Furfrou|Furfrou-Diamond, L85, F|266/266\n|turn|3\n|\n|t:|1768875676\n|switch|p2a: Toxicroak|Toxicroak, L83, M|273/273\n|move|p1a: Furfrou|Return|p2a: Toxicroak\n|-crit|p2a: Toxicroak\n|-damage|p2a: Toxicroak|98/273\n|\n|upkeep\n|turn|4\n|\n|t:|1768875679\n|move|p1a: Furfrou|Return|p2a: Toxicroak\n|-damage|p2a: Toxicroak|0 fnt\n|faint|p2a: Toxicroak\n|\n|upkeep\n|\n|t:|1768875681\n|switch|p2a: Primeape|Primeape, L87, M|255/255\n|turn|5\n|\n|t:|1768875684\n|move|p2a: Primeape|Close Combat|p1a: Furfrou\n|-supereffective|p1a: Furfrou\n|-damage|p1a: Furfrou|78/266\n|-unboost|p2a: Primeape|def|1\n|-unboost|p2a: Primeape|spd|1\n|move|p1a: Furfrou|U-turn|p2a: Primeape\n|-resisted|p2a: Primeape\n|-damage|p2a: Primeape|212/255\n|\n|t:|1768875688\n|switch|p1a: Victreebel|Victreebel, L90, M|290/290|[from] U-turn\n|\n|upkeep\n|turn|6\n|\n|t:|1768875695\n|switch|p2a: Garbodor|Garbodor, L88, F|284/284\n|move|p1a: Victreebel|Sleep Powder|p2a: Garbodor\n|-status|p2a: Garbodor|slp|[from] move: Sleep Powder\n|\n|upkeep\n|turn|7\n|\n|t:|1768875700\n|switch|p2a: Genesect|Genesect, L72|221/221\n|-ability|p2a: Genesect|Download|boost\n|-boost|p2a: Genesect|atk|1\n|switch|p1a: Claydol|Claydol, L88|249/249\n|\n|upkeep\n|turn|8\n|\n|t:|1768875713\n|move|p2a: Genesect|Bug Buzz|p1a: Claydol\n|-supereffective|p1a: Claydol\n|-damage|p1a: Claydol|63/249\n|move|p1a: Claydol|Earthquake|p2a: Genesect\n|-damage|p2a: Genesect|127/221\n|\n|-heal|p1a: Claydol|78/249|[from] item: Leftovers\n|upkeep\n|turn|9\n|\n|t:|1768875719\n|switch|p1a: Dustox|Dustox, L96, F|271/271\n|move|p2a: Genesect|Bug Buzz|p1a: Dustox\n|-resisted|p1a: Dustox\n|-damage|p1a: Dustox|213/271\n|\n|-heal|p1a: Dustox|229/271|[from] item: Black Sludge\n|upkeep\n|turn|10\n|\n|t:|1768875730\n|switch|p2a: Furret|Furret, L93, F|99/309\n|-item|p1a: Dustox|Black Sludge|[from] ability: Frisk|[of] p2a: Furret\n|move|p1a: Dustox|Quiver Dance|p1a: Dustox\n|-boost|p1a: Dustox|spa|1\n|-boost|p1a: Dustox|spd|1\n|-boost|p1a: Dustox|spe|1\n|\n|-heal|p1a: Dustox|245/271|[from] item: Black Sludge\n|upkeep\n|turn|11\n|\n|t:|1768875739\n|move|p1a: Dustox|Sludge Bomb|p2a: Furret\n|-damage|p2a: Furret|0 fnt\n|faint|p2a: Furret\n|\n|-heal|p1a: Dustox|261/271|[from] item: Black Sludge\n|upkeep\n|\n|t:|1768875754\n|switch|p2a: Beartic|Beartic, L94, M|331/331\n|turn|12\n|\n|t:|1768875761\n|move|p1a: Dustox|Sludge Bomb|p2a: Beartic\n|-damage|p2a: Beartic|229/331\n|move|p2a: Beartic|Icicle Crash|p1a: Dustox|[miss]\n|-miss|p2a: Beartic|p1a: Dustox\n|\n|-heal|p1a: Dustox|271/271|[from] item: Black Sludge\n|upkeep\n|turn|13\n|\n|t:|1768875765\n|move|p1a: Dustox|Sludge Bomb|p2a: Beartic\n|-damage|p2a: Beartic|126/331\n|move|p2a: Beartic|Icicle Crash|p1a: Dustox\n|-damage|p1a: Dustox|111/271\n|-damage|p2a: Beartic|93/331|[from] item: Life Orb\n|\n|-heal|p1a: Dustox|127/271|[from] item: Black Sludge\n|upkeep\n|turn|14\n|\n|t:|1768875771\n|move|p1a: Dustox|Sludge Bomb|p2a: Beartic\n|-damage|p2a: Beartic|0 fnt\n|faint|p2a: Beartic\n|\n|-heal|p1a: Dustox|143/271|[from] item: Black Sludge\n|upkeep\n|\n|t:|1768875774\n|switch|p2a: Primeape|Primeape, L87, M|212/255\n|turn|15\n|\n|t:|1768875781\n|move|p2a: Primeape|Earthquake|p1a: Dustox\n|-damage|p1a: Dustox|67/271\n|move|p1a: Dustox|Roost|p1a: Dustox\n|-heal|p1a: Dustox|203/271\n|-singleturn|p1a: Dustox|move: Roost\n|\n|-heal|p1a: Dustox|219/271|[from] item: Black Sludge\n|upkeep\n|turn|16\n|\n|t:|1768875786\n|switch|p2a: Genesect|Genesect, L72|127/221\n|-ability|p2a: Genesect|Download|boost\n|-boost|p2a: Genesect|atk|1\n|move|p1a: Dustox|Roost|p1a: Dustox\n|-heal|p1a: Dustox|271/271\n|-singleturn|p1a: Dustox|move: Roost\n|\n|upkeep\n|turn|17\n|\n|t:|1768875788\n|move|p1a: Dustox|Quiver Dance|p1a: Dustox\n|-boost|p1a: Dustox|spa|1\n|-boost|p1a: Dustox|spd|1\n|-boost|p1a: Dustox|spe|1\n|move|p2a: Genesect|Flamethrower|p1a: Dustox\n|-supereffective|p1a: Dustox\n|-damage|p1a: Dustox|195/271\n|\n|-heal|p1a: Dustox|211/271|[from] item: Black Sludge\n|upkeep\n|turn|18\n|-message|digue007 forfeited.\n|\n|win|arboretums\n|raw|arboretums's rating: 1680 &rarr; <strong>1693</strong><br />(+13 for winning)\n|raw|digue007's rating: 1551 &rarr; <strong>1538</strong><br />(-13 for losing)\n|l|☆digue007\n|player|p2|\n", "inputlog": ">version 3bd1a1e329da8d286644078cfc9a9638fc7ea025\n>start {\"formatid\":\"gen6randombattle\",\"seed\":\"sodium,8fa59c2a69dd576ab54bfa55b483fae7\",\"rated\":\"Rated battle\"}\n>player p1 {\"name\":\"arboretums\",\"avatar\":\"serena-masters2\",\"rating\":1680,\"seed\":\"sodium,983fded64bac307b0c075404d3760139\"}\n>player p2 {\"name\":\"digue007\",\"avatar\":\"169\",\"rating\":1551,\"seed\":\"sodium,61aac432cc62218356e8eb93c2ab6452\"}\n>p1 move aerialace mega\n>p2 switch 3\n>p1 move aerialace\n>p2 move aquatail\n>p1 switch 2\n>p1 move return\n>p2 switch 3\n>p1 move return\n>p2 move drainpunch\n>p2 switch 2\n>p1 move uturn\n>p2 move closecombat\n>p1 switch 6\n>p1 move sleeppowder\n>p2 switch 4\n>p1 switch 5\n>p2 switch 5\n>p1 move earthquake\n>p2 move bugbuzz\n>p1 switch 3\n>p2 move bugbuzz\n>p1 move quiverdance\n>p2 switch 3\n>p1 move sludgebomb\n>p2 move doubleedge\n>p2 switch 6\n>p1 move sludgebomb\n>p2 move iciclecrash\n>p1 move sludgebomb\n>p2 move iciclecrash\n>p1 move sludgebomb\n>p2 move iciclecrash\n>p2 switch 4\n>p1 move roost\n>p2 move earthquake\n>p1 move roost\n>p2 switch 3\n>p1 move quiverdance\n>p2 move flamethrower\n>forcelose p2", "uploadtime": 1768875793, "views": 320, "formatid": "gen6randombattle", "rating": 1538, "private": 0, "password": null}