{"id": "gen6randombattle-2530548175", "format": "[Gen 6] Random Battle", "players": ["cuorenero", "Rakunda"], "log": "|j|☆cuorenero\n|j|☆Rakunda\n|t:|1769936901\n|gametype|singles\n|player|p1|cuorenero|dawn|1524\n|player|p2|Rakunda|steven|1622\n|gen|6\n|tier|[Gen 6] Random Battle\n|rated|\n|rule|Sleep Clause Mod: Limit one foe put to sleep\n|rule|HP Percentage Mod: HP is shown in percentages\n|rule|Illusion Level Mod: Illusion disguises the Pokémon's true level\n|\n|t:|1769936901\n|teamsize|p1|6\n|teamsize|p2|6\n|start\n|switch|p1a: Mismagius|Mismagius, L85, M|241/241\n|switch|p2a: Regice|Regice, L87|281/281\n|turn|1\n|inactive|Battle timer is ON: inactive players will automatically lose when time's up. (requested by Rakunda)\n|\n|t:|1769936914\n|switch|p1a: Deoxys|Deoxys-Defense, L84|221/221\n|-ability|p1a: Deoxys|Pressure\n|move|p2a: Regice|Rock Polish|p2a: Regice\n|-boost|p2a: Regice|spe|2\n|\n|upkeep\n|turn|2\n|\n|t:|1769936934\n|move|p2a: Regice|Ice Beam|p1a: Deoxys\n|-damage|p1a: Deoxys|151/221\n|-status|p1a: Deoxys|frz\n|-curestatus|p1a: Deoxys|frz|[msg]\n|move|p1a: Deoxys|Nasty Plot|p1a: Deoxys\n|-boost|p1a: Deoxys|spa|2\n|\n|-heal|p1a: Deoxys|164/221|[from] item: Leftovers\n|upkeep\n|turn|3\n|\n|t:|1769936946\n|move|p2a: Regice|Ice Beam|p1a: Deoxys\n|-damage|p1a: Deoxys|97/221\n|move|p1a: Deoxys|Nasty Plot|p1a: Deoxys\n|-boost|p1a: Deoxys|spa|2\n|\n|-heal|p1a: Deoxys|110/221|[from] item: Leftovers\n|upkeep\n|turn|4\n|\n|t:|1769936953\n|move|p2a: Regice|Ice Beam|p1a: Deoxys\n|-damage|p1a: Deoxys|52/221\n|move|p1a: Deoxys|Recover|p1a: Deoxys\n|-heal|p1a: Deoxys|163/221\n|\n|-heal|p1a: Deoxys|176/221|[from] item: Leftovers\n|upkeep\n|turn|5\n|\n|t:|1769936960\n|move|p2a: Regice|Ice Beam|p1a: Deoxys\n|-crit|p1a: Deoxys\n|-damage|p1a: Deoxys|82/221\n|-status|p1a: Deoxys|frz\n|cant|p1a: Deoxys|frz\n|\n|-heal|p1a: Deoxys|95/221 frz|[from] item: Leftovers\n|upkeep\n|turn|6\n|\n|t:|1769936968\n|move|p2a: Regice|Ice Beam|p1a: Deoxys\n|-damage|p1a: Deoxys|28/221 frz\n|-curestatus|p1a: Deoxys|frz|[msg]\n|move|p1a: Deoxys|Psychic|p2a: Regice\n|-damage|p2a: Regice|164/281\n|\n|-heal|p1a: Deoxys|41/221|[from] item: Leftovers\n|upkeep\n|turn|7\n|\n|t:|1769936977\n|switch|p1a: Eelektross|Eelektross, L85, F|283/283\n|move|p2a: Regice|Ice Beam|p1a: Eelektross\n|-crit|p1a: Eelektross\n|-damage|p1a: Eelektross|171/283\n|\n|upkeep\n|turn|8\n|\n|t:|1769936984\n|move|p2a: Regice|Ice Beam|p1a: Eelektross\n|-damage|p1a: Eelektross|99/283\n|move|p1a: Eelektross|Discharge|p2a: Regice\n|-damage|p2a: Regice|122/281\n|\n|upkeep\n|turn|9\n|\n|t:|1769936990\n|move|p2a: Regice|Ice Beam|p1a: Eelektross\n|-damage|p1a: Eelektross|29/283\n|move|p1a: Eelektross|Discharge|p2a: Regice\n|-damage|p2a: Regice|80/281\n|\n|upkeep\n|turn|10\n|\n|t:|1769936996\n|move|p2a: Regice|Ice Beam|p1a: Eelektross\n|-damage|p1a: Eelektross|0 fnt\n|faint|p1a: Eelektross\n|\n|upkeep\n|\n|t:|1769937006\n|switch|p1a: Mismagius|Mismagius, L85, M|241/241\n|turn|11\n|\n|t:|1769937009\n|move|p2a: Regice|Ice Beam|p1a: Mismagius\n|-damage|p1a: Mismagius|144/241\n|move|p1a: Mismagius|Shadow Ball|p2a: Regice\n|-damage|p2a: Regice|18/281\n|-damage|p1a: Mismagius|120/241|[from] item: Life Orb\n|\n|upkeep\n|turn|12\n|\n|t:|1769937016\n|move|p2a: Regice|Ice Beam|p1a: Mismagius\n|-damage|p1a: Mismagius|35/241\n|move|p1a: Mismagius|Shadow Ball|p2a: Regice\n|-damage|p2a: Regice|0 fnt\n|faint|p2a: Regice\n|-damage|p1a: Mismagius|11/241|[from] item: Life Orb\n|\n|upkeep\n|\n|t:|1769937026\n|switch|p2a: Sceptile|Sceptile, L81, M|246/246\n|turn|13\n|\n|t:|1769937036\n|switch|p1a: Noivern|Noivern, L80, M|267/267\n|detailschange|p2a: Sceptile|Sceptile-Mega, L81, M\n|-mega|p2a: Sceptile|Sceptile|Sceptilite\n|move|p2a: Sceptile|Giga Drain|p1a: Noivern\n|-resisted|p1a: Noivern\n|-damage|p1a: Noivern|237/267\n|\n|upkeep\n|turn|14\n|\n|t:|1769937046\n|switch|p1a: Mismagius|Mismagius, L85, M|11/241\n|move|p2a: Sceptile|Dragon Pulse|p1a: Mismagius\n|-damage|p1a: Mismagius|0 fnt\n|faint|p1a: Mismagius\n|\n|upkeep\n|\n|t:|1769937051\n|switch|p1a: Mewtwo|Mewtwo, L69|261/261\n|-ability|p1a: Mewtwo|Unnerve\n|turn|15\n|\n|t:|1769937075\n|detailschange|p1a: Mewtwo|Mewtwo-Mega-X, L69\n|-mega|p1a: Mewtwo|Mewtwo|Mewtwonite X\n|move|p2a: Sceptile|Dragon Pulse|p1a: Mewtwo\n|-damage|p1a: Mewtwo|140/261\n|move|p1a: Mewtwo|Drain Punch|p2a: Sceptile\n|-damage|p2a: Sceptile|131/246\n|-heal|p1a: Mewtwo|198/261|[from] drain|[of] p2a: Sceptile\n|\n|upkeep\n|turn|16\n|\n|t:|1769937088\n|switch|p2a: Simisear|Simisear, L88, M|275/275\n|move|p1a: Mewtwo|Drain Punch|p2a: Simisear\n|-damage|p2a: Simisear|167/275\n|-heal|p1a: Mewtwo|252/261|[from] drain|[of] p2a: Simisear\n|\n|upkeep\n|turn|17\n|\n|t:|1769937095\n|switch|p1a: Noivern|Noivern, L80, M|237/267\n|move|p2a: Simisear|Fire Blast|p1a: Noivern|[miss]\n|-miss|p2a: Simisear|p1a: Noivern\n|\n|upkeep\n|turn|18\n|\n|t:|1769937105\n|switch|p2a: Tentacruel|Tentacruel, L83, F|268/268\n|move|p1a: Noivern|Boomburst|p2a: Tentacruel\n|-damage|p2a: Tentacruel|168/268\n|\n|-heal|p2a: Tentacruel|184/268|[from] item: Black Sludge\n|upkeep\n|turn|19\n|\n|t:|1769937113\n|switch|p1a: Deoxys|Deoxys-Defense, L84|41/221\n|-ability|p1a: Deoxys|Pressure\n|move|p2a: Tentacruel|Scald|p1a: Deoxys\n|-damage|p1a: Deoxys|0 fnt\n|faint|p1a: Deoxys\n|\n|-heal|p2a: Tentacruel|200/268|[from] item: Black Sludge\n|upkeep\n|\n|t:|1769937118\n|switch|p1a: Mewtwo|Mewtwo-Mega-X, L69|252/261\n|turn|20\n|\n|t:|1769937129\n|switch|p2a: Simisear|Simisear, L88, M|167/275\n|move|p1a: Mewtwo|Zen Headbutt|p2a: Simisear\n|-damage|p2a: Simisear|44/275\n|\n|upkeep\n|turn|21\n|\n|t:|1769937135\n|switch|p1a: Noivern|Noivern, L80, M|237/267\n|move|p2a: Simisear|Fire Blast|p1a: Noivern\n|-resisted|p1a: Noivern\n|-damage|p1a: Noivern|102/267\n|-damage|p2a: Simisear|17/275|[from] item: Life Orb\n|\n|upkeep\n|turn|22\n|\n|t:|1769937144\n|switch|p2a: Tentacruel|Tentacruel, L83, F|200/268\n|move|p1a: Noivern|Boomburst|p2a: Tentacruel\n|-damage|p2a: Tentacruel|91/268\n|\n|-heal|p2a: Tentacruel|107/268|[from] item: Black Sludge\n|upkeep\n|turn|23\n|\n|t:|1769937153\n|move|p1a: Noivern|Boomburst|p2a: Tentacruel\n|-crit|p2a: Tentacruel\n|-damage|p2a: Tentacruel|0 fnt\n|faint|p2a: Tentacruel\n|\n|upkeep\n|\n|t:|1769937170\n|switch|p2a: Sceptile|Sceptile-Mega, L81, M|131/246\n|turn|24\n|\n|t:|1769937188\n|move|p2a: Sceptile|Dragon Pulse|p1a: Noivern\n|-supereffective|p1a: Noivern\n|-damage|p1a: Noivern|0 fnt\n|faint|p1a: Noivern\n|\n|upkeep\n|\n|t:|1769937190\n|switch|p1a: Mewtwo|Mewtwo-Mega-X, L69|252/261\n|turn|25\n|\n|t:|1769937209\n|switch|p2a: Throh|Throh, L88, M|354/354\n|move|p1a: Mewtwo|Bulk Up|p1a: Mewtwo\n|-boost|p1a: Mewtwo|atk|1\n|-boost|p1a: Mewtwo|def|1\n|\n|upkeep\n|turn|26\n|\n|t:|1769937215\n|move|p1a: Mewtwo|Zen Headbutt|p2a: Throh|[miss]\n|-miss|p1a: Mewtwo|p2a: Throh\n|move|p2a: Throh|Circle Throw|p1a: Mewtwo|[miss]\n|-miss|p2a: Throh|p1a: Mewtwo\n|\n|upkeep\n|turn|27\n|\n|t:|1769937221\n|move|p1a: Mewtwo|Zen Headbutt|p2a: Throh|[miss]\n|-miss|p1a: Mewtwo|p2a: Throh\n|move|p2a: Throh|Circle Throw|p1a: Mewtwo|[miss]\n|-miss|p2a: Throh|p1a: Mewtwo\n|\n|upkeep\n|turn|28\n|\n|t:|1769937226\n|move|p1a: Mewtwo|Zen Headbutt|p2a: Throh\n|-supereffective|p2a: Throh\n|-damage|p2a: Throh|66/354\n|move|p2a: Throh|Circle Throw|p1a: Mewtwo\n|-resisted|p1a: Mewtwo\n|-damage|p1a: Mewtwo|228/261\n|drag|p1a: Omastar|Omastar, L83, F|251/251\n|\n|-heal|p2a: Throh|88/354|[from] item: Leftovers\n|upkeep\n|turn|29\n|c|☆Rakunda|bruh\n|\n|t:|1769937236\n|move|p1a: Omastar|Hydro Pump|p2a: Throh|[miss]\n|-miss|p1a: Omastar|p2a: Throh\n|move|p2a: Throh|Circle Throw|p1a: Omastar\n|-supereffective|p1a: Omastar\n|-damage|p1a: Omastar|137/251\n|drag|p1a: Mewtwo|Mewtwo-Mega-X, L69|228/261\n|\n|-heal|p2a: Throh|110/354|[from] item: Leftovers\n|upkeep\n|turn|30\n|\n|t:|1769937245\n|move|p1a: Mewtwo|Zen Headbutt|p2a: Throh\n|-supereffective|p2a: Throh\n|-damage|p2a: Throh|0 fnt\n|faint|p2a: Throh\n|\n|upkeep\n|\n|t:|1769937256\n|switch|p2a: Simisear|Simisear, L88, M|17/275\n|turn|31\n|\n|t:|1769937260\n|switch|p1a: Omastar|Omastar, L83, F|137/251\n|move|p2a: Simisear|Fire Blast|p1a: Omastar|[miss]\n|-miss|p2a: Simisear|p1a: Omastar\n|\n|upkeep\n|turn|32\n|\n|t:|1769937266\n|move|p2a: Simisear|Focus Blast|p1a: Omastar\n|-supereffective|p1a: Omastar\n|-damage|p1a: Omastar|0 fnt\n|faint|p1a: Omastar\n|-damage|p2a: Simisear|0 fnt|[from] item: Life Orb\n|faint|p2a: Simisear\n|\n|upkeep\n|\n|t:|1769937277\n|switch|p2a: Sceptile|Sceptile-Mega, L81, M|131/246\n|switch|p1a: Mewtwo|Mewtwo-Mega-X, L69|228/261\n|turn|33\n|\n|t:|1769937282\n|move|p2a: Sceptile|Dragon Pulse|p1a: Mewtwo\n|-damage|p1a: Mewtwo|102/261\n|move|p1a: Mewtwo|Drain Punch|p2a: Sceptile\n|-damage|p2a: Sceptile|23/246\n|-heal|p1a: Mewtwo|156/261|[from] drain|[of] p2a: Sceptile\n|\n|upkeep\n|turn|34\n|\n|t:|1769937289\n|move|p2a: Sceptile|Dragon Pulse|p1a: Mewtwo\n|-damage|p1a: Mewtwo|36/261\n|move|p1a: Mewtwo|Drain Punch|p2a: Sceptile\n|-damage|p2a: Sceptile|0 fnt\n|-heal|p1a: Mewtwo|48/261|[from] drain|[of] p2a: Sceptile\n|faint|p2a: Sceptile\n|detailschange|p2: Sceptile|Sceptile, L81, M|[silent]\n|\n|upkeep\n|\n|t:|1769937296\n|switch|p2a: Tyrantrum|Tyrantrum, L80, M|262/262\n|turn|35\n|\n|t:|1769937300\n|move|p2a: Tyrantrum|Outrage|p1a: Mewtwo\n|-damage|p1a: Mewtwo|0 fnt\n|faint|p1a: Mewtwo\n|detailschange|p1: Mewtwo|Mewtwo, L69|[silent]\n|\n|win|Rakunda\n|raw|cuorenero's rating: 1524 &rarr; <strong>1509</strong><br />(-15 for losing)\n|raw|Rakunda's rating: 1622 &rarr; <strong>1637</strong><br />(+15 for winning)\n|c|☆Rakunda|gg\n|l|☆cuorenero\n|player|p1|\n", "inputlog": ">version b99ff0165a6231f17e8b78c2a78d1998375de664\n>start {\"formatid\":\"gen6randombattle\",\"seed\":\"sodium,720658d4682c1d12f0951dccf100fd79\",\"rated\":\"Rated battle\"}\n>player p1 {\"name\":\"cuorenero\",\"avatar\":\"dawn\",\"rating\":1524,\"seed\":\"sodium,0959e6ca034de8c0139d8231e2fd1956\"}\n>player p2 {\"name\":\"Rakunda\",\"avatar\":\"steven\",\"rating\":1622,\"seed\":\"sodium,d4e82530c63c82a87e6d45796ddffc4c\"}\n>p1 switch 2\n>p2 move rockpolish\n>p1 move nastyplot\n>p2 move icebeam\n>p1 move nastyplot\n>p2 move icebeam\n>p1 move recover\n>p2 move icebeam\n>p1 move nastyplot\n>p2 move icebeam\n>p1 move psychic\n>p2 move icebeam\n>p1 switch 3\n>p2 move icebeam\n>p1 move discharge\n>p2 move icebeam\n>p1 move discharge\n>p2 move icebeam\n>p1 move discharge\n>p2 move icebeam\n>p1 switch 2\n>p1 move shadowball\n>p2 move icebeam\n>p1 move shadowball\n>p2 move icebeam\n>p2 switch 2\n>p1 switch 5\n>p2 move gigadrain mega\n>p1 switch 5\n>p2 move dragonpulse\n>p1 switch 4\n>p1 move drainpunch mega\n>p2 move dragonpulse\n>p1 move drainpunch\n>p2 switch 3\n>p1 switch 5\n>p2 move fireblast\n>p1 move boomburst\n>p2 switch 5\n>p1 switch 3\n>p2 move scald\n>p1 switch 5\n>p1 move zenheadbutt\n>p2 switch 5\n>p1 switch 3\n>p2 move fireblast\n>p1 move boomburst\n>p2 switch 5\n>p1 move boomburst\n>p2 move sludgebomb\n>p2 switch 3\n>p1 move boomburst\n>p2 move dragonpulse\n>p1 switch 3\n>p1 move bulkup\n>p2 switch 6\n>p1 move zenheadbutt\n>p2 move circlethrow\n>p1 move zenheadbutt\n>p2 move circlethrow\n>p1 move zenheadbutt\n>p2 move circlethrow\n>chat ☆Rakunda|bruh\n>p1 move hydropump\n>p2 move circlethrow\n>p1 move zenheadbutt\n>p2 move circlethrow\n>p2 switch 5\n>p1 switch 6\n>p2 move fireblast\n>p1 move shellsmash\n>p2 move focusblast\n>p1 switch 6\n>p2 switch 6\n>p1 move drainpunch\n>p2 move dragonpulse\n>p1 move drainpunch\n>p2 move dragonpulse\n>p2 switch 4\n>p1 move drainpunch\n>p2 move outrage", "uploadtime": 1769937308, "views": 245, "formatid": "gen6randombattle", "rating": 1509, "private": 0, "password": null}