{"id": "gen6randombattle-2536313138", "format": "[Gen 6] Random Battle", "players": ["Blatjanglover", "roadto15oo"], "log": "|j|☆Blatjanglover\n|j|☆roadto15oo\n|t:|1770673792\n|gametype|singles\n|player|p1|Blatjanglover|brock|1687\n|player|p2|roadto15oo|#bdplxmausholds|1828\n|gen|6\n|tier|[Gen 6] Random Battle\n|rated|\n|rule|Sleep Clause Mod: Limit one foe put to sleep\n|rule|HP Percentage Mod: HP is shown in percentages\n|rule|Illusion Level Mod: Illusion disguises the Pokémon's true level\n|\n|t:|1770673792\n|teamsize|p1|6\n|teamsize|p2|6\n|start\n|switch|p1a: Blissey|Blissey, L84, F|566/566\n|switch|p2a: Audino|Audino, L92, M|339/339\n|turn|1\n|inactive|Battle timer is ON: inactive players will automatically lose when time's up. (requested by roadto15oo)\n|\n|t:|1770673809\n|switch|p2a: Hariyama|Hariyama, L86, M|388/388\n|move|p1a: Blissey|Toxic|p2a: Hariyama\n|-status|p2a: Hariyama|tox\n|\n|-damage|p2a: Hariyama|364/388 tox|[from] psn\n|upkeep\n|turn|2\n|\n|t:|1770673823\n|switch|p1a: Emolga|Emolga, L88, F|239/239\n|move|p2a: Hariyama|Knock Off|p1a: Emolga\n|-damage|p1a: Emolga|139/239\n|\n|-damage|p2a: Hariyama|316/388 tox|[from] psn\n|upkeep\n|turn|3\n|\n|t:|1770673830\n|switch|p2a: Magcargo|Magcargo, L98, M|256/256\n|move|p1a: Emolga|Roost|p1a: Emolga\n|-heal|p1a: Emolga|239/239\n|-singleturn|p1a: Emolga|move: Roost\n|\n|upkeep\n|turn|4\n|\n|t:|1770673849\n|switch|p1a: Blissey|Blissey, L84, F|566/566\n|move|p2a: Magcargo|Lava Plume|p1a: Blissey\n|-damage|p1a: Blissey|496/566\n|\n|-heal|p1a: Blissey|531/566|[from] item: Leftovers\n|upkeep\n|turn|5\n|\n|t:|1770673854\n|switch|p2a: Hariyama|Hariyama, L86, M|316/388 tox\n|move|p1a: Blissey|Seismic Toss|p2a: Hariyama\n|-damage|p2a: Hariyama|232/388 tox\n|\n|-heal|p1a: Blissey|566/566|[from] item: Leftovers\n|-damage|p2a: Hariyama|208/388 tox|[from] psn\n|upkeep\n|turn|6\n|\n|t:|1770673865\n|switch|p1a: Wormadam|Wormadam, F|282/282\n|move|p2a: Hariyama|Facade|p1a: Wormadam\n|-damage|p1a: Wormadam|131/282\n|\n|-heal|p1a: Wormadam|148/282|[from] item: Leftovers\n|-damage|p2a: Hariyama|160/388 tox|[from] psn\n|upkeep\n|turn|7\n|\n|t:|1770673877\n|switch|p2a: Magcargo|Magcargo, L98, M|256/256\n|move|p1a: Wormadam|Protect||[still]\n|-fail|p1a: Wormadam\n|\n|-heal|p1a: Wormadam|165/282|[from] item: Leftovers\n|upkeep\n|turn|8\n|\n|t:|1770673882\n|switch|p2a: Hariyama|Hariyama, L86, M|160/388 tox\n|move|p1a: Wormadam|Hidden Power|p2a: Hariyama\n|-damage|p2a: Hariyama|90/388 tox\n|\n|-heal|p1a: Wormadam|182/282|[from] item: Leftovers\n|-damage|p2a: Hariyama|66/388 tox|[from] psn\n|upkeep\n|turn|9\n|\n|t:|1770673891\n|switch|p2a: Magcargo|Magcargo, L98, M|256/256\n|move|p1a: Wormadam|Protect||[still]\n|-fail|p1a: Wormadam\n|\n|-heal|p1a: Wormadam|199/282|[from] item: Leftovers\n|upkeep\n|turn|10\n|\n|t:|1770673895\n|switch|p2a: Hariyama|Hariyama, L86, M|66/388 tox\n|move|p1a: Wormadam|Hidden Power|p2a: Hariyama\n|-damage|p2a: Hariyama|0 fnt\n|faint|p2a: Hariyama\n|\n|-heal|p1a: Wormadam|216/282|[from] item: Leftovers\n|upkeep\n|\n|t:|1770673901\n|switch|p2a: Arbok|Arbok, L90, F|254/254\n|-ability|p2a: Arbok|Intimidate|boost\n|-unboost|p1a: Wormadam|atk|1\n|turn|11\n|\n|t:|1770673909\n|move|p2a: Arbok|Coil|p2a: Arbok\n|-boost|p2a: Arbok|atk|1\n|-boost|p2a: Arbok|def|1\n|-boost|p2a: Arbok|accuracy|1\n|move|p1a: Wormadam|Hidden Power|p2a: Arbok\n|-supereffective|p2a: Arbok\n|-damage|p2a: Arbok|152/254\n|\n|-heal|p1a: Wormadam|233/282|[from] item: Leftovers\n|upkeep\n|turn|12\n|\n|t:|1770673915\n|switch|p1a: Klinklang|Klinklang, L87|246/246\n|move|p2a: Arbok|Gunk Shot|p1a: Klinklang\n|-immune|p1a: Klinklang\n|\n|upkeep\n|turn|13\n|\n|t:|1770673919\n|switch|p1a: Emolga|Emolga, L88, F|239/239\n|move|p2a: Arbok|Earthquake|p1a: Emolga\n|-immune|p1a: Emolga\n|\n|upkeep\n|turn|14\n|\n|t:|1770673922\n|move|p1a: Emolga|Thunderbolt|p2a: Arbok\n|-damage|p2a: Arbok|56/254\n|move|p2a: Arbok|Gunk Shot|p1a: Emolga\n|-damage|p1a: Emolga|0 fnt\n|faint|p1a: Emolga\n|-damage|p2a: Arbok|31/254|[from] item: Life Orb\n|\n|upkeep\n|\n|t:|1770673945\n|switch|p1a: Klinklang|Klinklang, L87|246/246\n|turn|15\n|\n|t:|1770673953\n|switch|p2a: Magcargo|Magcargo, L98, M|256/256\n|move|p1a: Klinklang|Wild Charge|p2a: Magcargo\n|-damage|p2a: Magcargo|200/256\n|-status|p1a: Klinklang|brn|[from] ability: Flame Body|[of] p2a: Magcargo\n|-damage|p1a: Klinklang|232/246 brn|[from] Recoil\n|-damage|p1a: Klinklang|208/246 brn|[from] item: Life Orb\n|\n|-heal|p2a: Magcargo|216/256|[from] item: Leftovers\n|-damage|p1a: Klinklang|178/246 brn|[from] brn\n|upkeep\n|turn|16\n|\n|t:|1770673959\n|switch|p1a: Blissey|Blissey, L84, F|566/566\n|switch|p2a: Arbok|Arbok, L90, F|31/254\n|-ability|p2a: Arbok|Intimidate|boost\n|-unboost|p1a: Blissey|atk|1\n|\n|upkeep\n|turn|17\n|\n|t:|1770673970\n|switch|p1a: Klinklang|Klinklang, L87|178/246 brn\n|move|p2a: Arbok|Gunk Shot|p1a: Klinklang\n|-immune|p1a: Klinklang\n|\n|-damage|p1a: Klinklang|148/246 brn|[from] brn\n|upkeep\n|turn|18\n|\n|t:|1770673976\n|switch|p2a: Magcargo|Magcargo, L98, M|216/256\n|move|p1a: Klinklang|Gear Grind|p2a: Magcargo\n|-damage|p2a: Magcargo|191/256\n|-damage|p2a: Magcargo|166/256\n|-hitcount|p2a: Magcargo|2\n|-damage|p1a: Klinklang|124/246 brn|[from] item: Life Orb\n|\n|-heal|p2a: Magcargo|182/256|[from] item: Leftovers\n|-damage|p1a: Klinklang|94/246 brn|[from] brn\n|upkeep\n|turn|19\n|\n|t:|1770673981\n|move|p1a: Klinklang|Gear Grind|p2a: Magcargo\n|-damage|p2a: Magcargo|155/256\n|-damage|p2a: Magcargo|128/256\n|-hitcount|p2a: Magcargo|2\n|-damage|p1a: Klinklang|70/246 brn|[from] item: Life Orb\n|move|p2a: Magcargo|Ancient Power|p1a: Klinklang\n|-resisted|p1a: Klinklang\n|-damage|p1a: Klinklang|32/246 brn\n|\n|-heal|p2a: Magcargo|144/256|[from] item: Leftovers\n|-damage|p1a: Klinklang|2/246 brn|[from] brn\n|upkeep\n|turn|20\n|\n|t:|1770673984\n|move|p1a: Klinklang|Gear Grind|p2a: Magcargo\n|-damage|p2a: Magcargo|117/256\n|-damage|p2a: Magcargo|94/256\n|-hitcount|p2a: Magcargo|2\n|-damage|p1a: Klinklang|0 fnt|[from] item: Life Orb\n|faint|p1a: Klinklang\n|move|p2a: Magcargo|Recover|p2a: Magcargo\n|-heal|p2a: Magcargo|222/256\n|\n|-heal|p2a: Magcargo|238/256|[from] item: Leftovers\n|upkeep\n|\n|t:|1770673993\n|switch|p1a: Blissey|Blissey, L84, F|566/566\n|turn|21\n|\n|t:|1770673999\n|move|p1a: Blissey|Seismic Toss|p2a: Magcargo\n|-damage|p2a: Magcargo|154/256\n|-status|p1a: Blissey|brn|[from] ability: Flame Body|[of] p2a: Magcargo\n|move|p2a: Magcargo|Toxic||[still]\n|-fail|p2a: Magcargo\n|\n|-heal|p2a: Magcargo|170/256|[from] item: Leftovers\n|-damage|p1a: Blissey|496/566 brn|[from] brn\n|upkeep\n|turn|22\n|\n|t:|1770674003\n|switch|p2a: Arbok|Arbok, L90, F|31/254\n|-ability|p2a: Arbok|Intimidate|boost\n|-unboost|p1a: Blissey|atk|1\n|move|p1a: Blissey|Seismic Toss|p2a: Arbok\n|-damage|p2a: Arbok|0 fnt\n|faint|p2a: Arbok\n|\n|-heal|p1a: Blissey|531/566 brn|[from] item: Leftovers\n|-damage|p1a: Blissey|461/566 brn|[from] brn\n|upkeep\n|\n|t:|1770674012\n|switch|p2a: Luxray|Luxray, L88, F|284/284\n|turn|23\n|\n|t:|1770674018\n|-curestatus|p1a: Blissey|brn|[from] ability: Natural Cure\n|switch|p1a: Slaking|Slaking, L82, F|380/380\n|move|p2a: Luxray|Facade|p1a: Slaking\n|-damage|p1a: Slaking|324/380\n|\n|-status|p2a: Luxray|tox|[from] item: Toxic Orb\n|upkeep\n|turn|24\n|\n|t:|1770674028\n|-activate|p2a: Luxray|move: Pursuit\n|move|p1a: Slaking|Pursuit|p2a: Luxray|[from] Pursuit\n|-damage|p2a: Luxray|156/284 tox\n|switch|p2a: Audino|Audino, L92, M|339/339\n|\n|upkeep\n|turn|25\n|\n|t:|1770674038\n|switch|p1a: Blissey|Blissey, L84, F|461/566\n|detailschange|p2a: Audino|Audino-Mega, L92, M\n|-mega|p2a: Audino|Audino|Audinite\n|move|p2a: Audino|Wish|p2a: Audino\n|\n|-heal|p1a: Blissey|496/566|[from] item: Leftovers\n|upkeep\n|turn|26\n|\n|t:|1770674041\n|switch|p2a: Luxray|Luxray, L88, F|156/284 tox\n|move|p1a: Blissey|Seismic Toss|p2a: Luxray\n|-damage|p2a: Luxray|72/284 tox\n|\n|-heal|p2a: Luxray|241/284 tox|[from] move: Wish|[wisher] Audino\n|-heal|p1a: Blissey|531/566|[from] item: Leftovers\n|-damage|p2a: Luxray|224/284 tox|[from] psn\n|upkeep\n|turn|27\n|\n|t:|1770674048\n|switch|p1a: Slaking|Slaking, L82, F|324/380\n|move|p2a: Luxray|Facade|p1a: Slaking\n|-damage|p1a: Slaking|151/380\n|\n|-damage|p2a: Luxray|190/284 tox|[from] psn\n|upkeep\n|turn|28\n|\n|t:|1770674053\n|switch|p1a: Wormadam|Wormadam, F|233/282\n|switch|p2a: Audino|Audino-Mega, L92, M|339/339\n|\n|-heal|p1a: Wormadam|250/282|[from] item: Leftovers\n|upkeep\n|turn|29\n|\n|t:|1770674059\n|switch|p2a: Magcargo|Magcargo, L98, M|170/256\n|move|p1a: Wormadam|Toxic|p2a: Magcargo\n|-status|p2a: Magcargo|tox\n|\n|-heal|p1a: Wormadam|267/282|[from] item: Leftovers\n|-heal|p2a: Magcargo|186/256 tox|[from] item: Leftovers\n|-damage|p2a: Magcargo|170/256 tox|[from] psn\n|upkeep\n|turn|30\n|\n|t:|1770674062\n|move|p1a: Wormadam|Hidden Power|p2a: Magcargo\n|-supereffective|p2a: Magcargo\n|-damage|p2a: Magcargo|0 fnt\n|faint|p2a: Magcargo\n|\n|-heal|p1a: Wormadam|282/282|[from] item: Leftovers\n|upkeep\n|\n|t:|1770674080\n|switch|p2a: Luxray|Luxray, L88, F|190/284 tox\n|turn|31\n|\n|t:|1770674082\n|move|p1a: Wormadam|Protect|p1a: Wormadam\n|-singleturn|p1a: Wormadam|Protect\n|move|p2a: Luxray|Facade|p1a: Wormadam\n|-activate|p1a: Wormadam|move: Protect\n|\n|-damage|p2a: Luxray|173/284 tox|[from] psn\n|upkeep\n|turn|32\n|\n|t:|1770674087\n|move|p2a: Luxray|Facade|p1a: Wormadam\n|-damage|p1a: Wormadam|124/282\n|move|p1a: Wormadam|Hidden Power|p2a: Luxray\n|-supereffective|p2a: Luxray\n|-damage|p2a: Luxray|71/284 tox\n|\n|-heal|p1a: Wormadam|141/282|[from] item: Leftovers\n|-damage|p2a: Luxray|37/284 tox|[from] psn\n|upkeep\n|turn|33\n|\n|t:|1770674092\n|switch|p1a: Slaking|Slaking, L82, F|151/380\n|move|p2a: Luxray|Facade|p1a: Slaking\n|-damage|p1a: Slaking|0 fnt\n|faint|p1a: Slaking\n|\n|-damage|p2a: Luxray|0 fnt|[from] psn\n|faint|p2a: Luxray\n|upkeep\n|\n|t:|1770674101\n|switch|p1a: Blissey|Blissey, L84, F|531/566\n|switch|p2a: Audino|Audino-Mega, L92, M|339/339\n|turn|34\n|\n|t:|1770674107\n|move|p2a: Audino|Calm Mind|p2a: Audino\n|-boost|p2a: Audino|spa|1\n|-boost|p2a: Audino|spd|1\n|move|p1a: Blissey|Toxic|p2a: Audino|[miss]\n|-miss|p1a: Blissey|p2a: Audino\n|\n|-heal|p1a: Blissey|566/566|[from] item: Leftovers\n|upkeep\n|turn|35\n|\n|t:|1770674112\n|move|p2a: Audino|Calm Mind|p2a: Audino\n|-boost|p2a: Audino|spa|1\n|-boost|p2a: Audino|spd|1\n|move|p1a: Blissey|Toxic|p2a: Audino\n|-status|p2a: Audino|tox\n|\n|-damage|p2a: Audino|318/339 tox|[from] psn\n|upkeep\n|turn|36\n|\n|t:|1770674116\n|move|p2a: Audino|Calm Mind|p2a: Audino\n|-boost|p2a: Audino|spa|1\n|-boost|p2a: Audino|spd|1\n|move|p1a: Blissey|Seismic Toss|p2a: Audino\n|-damage|p2a: Audino|234/339 tox\n|\n|-damage|p2a: Audino|192/339 tox|[from] psn\n|upkeep\n|turn|37\n|\n|t:|1770674121\n|move|p2a: Audino|Dazzling Gleam|p1a: Blissey\n|-damage|p1a: Blissey|418/566\n|move|p1a: Blissey|Seismic Toss|p2a: Audino\n|-damage|p2a: Audino|108/339 tox\n|\n|-heal|p1a: Blissey|453/566|[from] item: Leftovers\n|-damage|p2a: Audino|45/339 tox|[from] psn\n|upkeep\n|turn|38\n|\n|t:|1770674125\n|move|p2a: Audino|Wish|p2a: Audino\n|move|p1a: Blissey|Soft-Boiled|p1a: Blissey\n|-heal|p1a: Blissey|566/566\n|\n|-damage|p2a: Audino|0 fnt|[from] psn\n|faint|p2a: Audino\n|detailschange|p2: Audino|Audino, L92, M|[silent]\n|upkeep\n|\n|t:|1770674128\n|switch|p2a: Slurpuff|Slurpuff, L77, F|252/252\n|turn|39\n|\n|t:|1770674134\n|move|p2a: Slurpuff|Belly Drum|p2a: Slurpuff\n|-damage|p2a: Slurpuff|126/252\n|-setboost|p2a: Slurpuff|atk|6|[from] move: Belly Drum\n|-enditem|p2a: Slurpuff|Sitrus Berry|[eat]\n|-heal|p2a: Slurpuff|189/252|[from] item: Sitrus Berry\n|move|p1a: Blissey|Thunder Wave|p2a: Slurpuff\n|-status|p2a: Slurpuff|par\n|\n|-heal|p2a: Slurpuff|252/252 par|[from] move: Wish|[wisher] Audino\n|upkeep\n|turn|40\n|\n|t:|1770674141\n|switch|p1a: Wormadam|Wormadam, F|141/282\n|cant|p2a: Slurpuff|par\n|\n|-heal|p1a: Wormadam|158/282|[from] item: Leftovers\n|upkeep\n|turn|41\n|\n|t:|1770674145\n|move|p1a: Wormadam|Giga Drain|p2a: Slurpuff\n|-damage|p2a: Slurpuff|129/252 par\n|-heal|p1a: Wormadam|220/282|[from] drain|[of] p2a: Slurpuff\n|move|p2a: Slurpuff|Return|p1a: Wormadam\n|-damage|p1a: Wormadam|39/282\n|\n|-heal|p1a: Wormadam|56/282|[from] item: Leftovers\n|upkeep\n|turn|42\n|\n|t:|1770674148\n|move|p1a: Wormadam|Giga Drain|p2a: Slurpuff\n|-damage|p2a: Slurpuff|0 fnt\n|-heal|p1a: Wormadam|121/282|[from] drain|[of] p2a: Slurpuff\n|faint|p2a: Slurpuff\n|\n|win|Blatjanglover\n|raw|Blatjanglover's rating: 1687 &rarr; <strong>1715</strong><br />(+28 for winning)\n|raw|roadto15oo's rating: 1828 &rarr; <strong>1800</strong><br />(-28 for losing)\n|l|☆roadto15oo\n|player|p2|\n", "inputlog": ">version ccdc32dd7cde25fd9e4bed64820e885f66e78a4e\n>start {\"formatid\":\"gen6randombattle\",\"seed\":\"sodium,bf9678ded4c8e21025304440134b2086\",\"rated\":\"Rated battle\"}\n>player p1 {\"name\":\"Blatjanglover\",\"avatar\":\"brock\",\"rating\":1687,\"seed\":\"sodium,b72865962fb0add292c0a7b7b5f6fe32\"}\n>player p2 {\"name\":\"roadto15oo\",\"avatar\":\"#bdplxmausholds\",\"rating\":1828,\"seed\":\"sodium,e8eccb4db54e088290f94cd810784998\"}\n>p1 move toxic\n>p2 switch 4\n>p1 switch 4\n>p2 move knockoff\n>p1 move roost\n>p2 switch 2\n>p1 switch 4\n>p2 move lavaplume\n>p1 move seismictoss\n>p2 switch 2\n>p1 switch 3\n>p2 move facade\n>p1 move protect\n>p2 switch 2\n>p1 move hiddenpower\n>p2 switch 2\n>p1 move protect\n>p2 switch 2\n>p1 move hiddenpower\n>p2 switch 2\n>p2 switch 5\n>p1 move hiddenpower\n>p2 move coil\n>p1 switch 6\n>p2 move gunkshot\n>p1 switch 4\n>p2 move earthquake\n>p1 move thunderbolt\n>p2 move gunkshot\n>p1 switch 4\n>p1 move wildcharge\n>p2 switch 2\n>p1 switch 3\n>p2 switch 2\n>p1 switch 3\n>p2 move gunkshot\n>p1 move geargrind\n>p2 switch 2\n>p1 move geargrind\n>p2 move ancientpower\n>p1 move geargrind\n>p2 move recover\n>p1 switch 3\n>p1 move seismictoss\n>p2 move toxic\n>p1 move seismictoss\n>p2 switch 2\n>p2 switch 6\n>p1 switch 2\n>p2 move facade\n>p1 move pursuit\n>p2 switch 4\n>p1 switch 2\n>p2 move wish mega\n>p1 move seismictoss\n>p2 switch 4\n>p1 switch 2\n>p2 move facade\n>p1 switch 6\n>p2 switch 4\n>p1 move toxic\n>p2 switch 2\n>p1 move hiddenpower\n>p2 move lavaplume\n>p2 switch 4\n>p1 move protect\n>p2 move facade\n>p1 move hiddenpower\n>p2 move facade\n>p1 switch 6\n>p2 move facade\n>p1 switch 2\n>p2 switch 2\n>p1 move toxic\n>p2 move calmmind\n>p1 move toxic\n>p2 move calmmind\n>p1 move seismictoss\n>p2 move calmmind\n>p1 move seismictoss\n>p2 move dazzlinggleam\n>p1 move softboiled\n>p2 move wish\n>p2 switch 3\n>p1 move thunderwave\n>p2 move bellydrum\n>p1 switch 6\n>p2 move drainpunch\n>p1 move gigadrain\n>p2 move return\n>p1 move gigadrain\n>p2 move drainpunch", "uploadtime": 1770674158, "views": 235, "formatid": "gen6randombattle", "rating": 1715, "private": 0, "password": null}