{"id": "gen6randombattle-2525315811", "format": "[Gen 6] Random Battle", "players": ["pooster", "I never run good"], "log": "|j|☆pooster\n|j|☆I never run good\n|t:|1769267239\n|gametype|singles\n|player|p1|pooster|clown|1535\n|player|p2|I never run good|allister|1835\n|gen|6\n|tier|[Gen 6] Random Battle\n|rated|\n|rule|Sleep Clause Mod: Limit one foe put to sleep\n|rule|HP Percentage Mod: HP is shown in percentages\n|rule|Illusion Level Mod: Illusion disguises the Pokémon's true level\n|\n|t:|1769267239\n|teamsize|p1|6\n|teamsize|p2|6\n|start\n|switch|p1a: Milotic|Milotic, L83, M|293/293\n|switch|p2a: Groudon|Groudon, L64|235/235\n|detailschange|p2a: Groudon|Groudon-Primal, L64\n|-primal|p2a: Groudon|Red Orb\n|-weather|DesolateLand|[from] ability: Desolate Land|[of] p2a: Groudon\n|turn|1\n|inactive|Battle timer is ON: inactive players will automatically lose when time's up. (requested by pooster)\n|\n|t:|1769267269\n|-weather|none\n|switch|p2a: Spiritomb|Spiritomb, L88, M|231/231\n|move|p1a: Milotic|Toxic|p2a: Spiritomb\n|-status|p2a: Spiritomb|tox\n|\n|-damage|p2a: Spiritomb|217/231 tox|[from] psn\n|upkeep\n|turn|2\n|\n|t:|1769267277\n|switch|p1a: Tangrowth|Tangrowth, L88, M|319/319\n|move|p2a: Spiritomb|Calm Mind|p2a: Spiritomb\n|-boost|p2a: Spiritomb|spa|1\n|-boost|p2a: Spiritomb|spd|1\n|\n|-heal|p2a: Spiritomb|231/231 tox|[from] item: Leftovers\n|-damage|p2a: Spiritomb|203/231 tox|[from] psn\n|upkeep\n|turn|3\n|\n|t:|1769267283\n|move|p1a: Tangrowth|Knock Off|p2a: Spiritomb\n|-damage|p2a: Spiritomb|140/231 tox\n|-enditem|p2a: Spiritomb|Leftovers|[from] move: Knock Off|[of] p1a: Tangrowth\n|move|p2a: Spiritomb|Rest|p2a: Spiritomb\n|-status|p2a: Spiritomb|slp|[from] move: Rest\n|-heal|p2a: Spiritomb|231/231 slp|[silent]\n|\n|upkeep\n|turn|4\n|\n|t:|1769267297\n|switch|p1a: Emboar|Emboar, L83, F|318/318\n|cant|p2a: Spiritomb|slp\n|move|p2a: Spiritomb|Sleep Talk|p2a: Spiritomb\n|move|p2a: Spiritomb|Rest||[from] move: Sleep Talk|[still]\n|-fail|p2a: Spiritomb\n|\n|upkeep\n|turn|5\n|\n|t:|1769267308\n|switch|p2a: Gliscor|Gliscor, L77, F|242/242\n|move|p1a: Emboar|Flare Blitz|p2a: Gliscor\n|-damage|p2a: Gliscor|5/242\n|-status|p2a: Gliscor|brn\n|-damage|p1a: Emboar|240/318|[from] Recoil\n|\n|-damage|p2a: Gliscor|0 fnt|[from] brn\n|faint|p2a: Gliscor\n|upkeep\n|\n|t:|1769267319\n|switch|p2a: Groudon|Groudon-Primal, L64|235/235\n|-weather|DesolateLand|[from] ability: Desolate Land|[of] p2a: Groudon\n|turn|6\n|\n|t:|1769267332\n|move|p1a: Emboar|Flare Blitz|p2a: Groudon\n|-resisted|p2a: Groudon\n|-damage|p2a: Groudon|69/235\n|-damage|p1a: Emboar|185/318|[from] Recoil\n|move|p2a: Groudon|Stealth Rock|p1a: Emboar\n|-sidestart|p1: pooster|move: Stealth Rock\n|\n|-weather|DesolateLand|[upkeep]\n|upkeep\n|turn|7\n|\n|t:|1769267338\n|-weather|none\n|switch|p2a: Wailord|Wailord, L93, M|466/466\n|move|p1a: Emboar|Flare Blitz|p2a: Wailord\n|-resisted|p2a: Wailord\n|-damage|p2a: Wailord|286/466\n|-damage|p1a: Emboar|126/318|[from] Recoil\n|\n|upkeep\n|turn|8\n|\n|t:|1769267352\n|switch|p1a: Blissey|Blissey, L84, F|566/566\n|-damage|p1a: Blissey|496/566|[from] Stealth Rock\n|move|p2a: Wailord|Water Spout|p1a: Blissey\n|-damage|p1a: Blissey|417/566\n|\n|-heal|p1a: Blissey|452/566|[from] item: Leftovers\n|upkeep\n|turn|9\n|\n|t:|1769267363\n|switch|p2a: Jirachi|Jirachi, L78|284/284\n|switch|p1a: Emboar|Emboar, L83, F|126/318\n|-damage|p1a: Emboar|87/318|[from] Stealth Rock\n|\n|upkeep\n|turn|10\n|\n|t:|1769267368\n|move|p2a: Jirachi|Protect|p2a: Jirachi\n|-singleturn|p2a: Jirachi|Protect\n|move|p1a: Emboar|Sucker Punch||[still]\n|-fail|p1a: Emboar\n|\n|upkeep\n|turn|11\n|\n|t:|1769267373\n|switch|p1a: Tangrowth|Tangrowth, L88, M|319/319\n|-damage|p1a: Tangrowth|280/319|[from] Stealth Rock\n|move|p2a: Jirachi|Toxic|p1a: Tangrowth\n|-status|p1a: Tangrowth|tox\n|\n|-damage|p1a: Tangrowth|261/319 tox|[from] psn\n|upkeep\n|turn|12\n|\n|t:|1769267375\n|move|p2a: Jirachi|Protect|p2a: Jirachi\n|-singleturn|p2a: Jirachi|Protect\n|move|p1a: Tangrowth|Knock Off|p2a: Jirachi\n|-activate|p2a: Jirachi|move: Protect\n|\n|-damage|p1a: Tangrowth|223/319 tox|[from] psn\n|upkeep\n|turn|13\n|\n|t:|1769267383\n|switch|p2a: Spiritomb|Spiritomb, L88, M|231/231 slp\n|move|p1a: Tangrowth|Earthquake|p2a: Spiritomb\n|-damage|p2a: Spiritomb|164/231 slp\n|\n|-damage|p1a: Tangrowth|166/319 tox|[from] psn\n|upkeep\n|turn|14\n|\n|t:|1769267391\n|switch|p1a: Emboar|Emboar, L83, F|87/318\n|-damage|p1a: Emboar|48/318|[from] Stealth Rock\n|cant|p2a: Spiritomb|slp\n|move|p2a: Spiritomb|Sleep Talk|p2a: Spiritomb\n|move|p2a: Spiritomb|Calm Mind|p2a: Spiritomb|[from] move: Sleep Talk\n|-boost|p2a: Spiritomb|spa|1\n|-boost|p2a: Spiritomb|spd|1\n|\n|upkeep\n|turn|15\n|\n|t:|1769267395\n|switch|p2a: Wailord|Wailord, L93, M|286/466\n|move|p1a: Emboar|Flare Blitz|p2a: Wailord\n|-resisted|p2a: Wailord\n|-damage|p2a: Wailord|96/466\n|-damage|p1a: Emboar|0 fnt|[from] Recoil\n|faint|p1a: Emboar\n|\n|upkeep\n|\n|t:|1769267397\n|switch|p1a: Blissey|Blissey, L84, F|452/566\n|-damage|p1a: Blissey|382/566|[from] Stealth Rock\n|turn|16\n|\n|t:|1769267402\n|switch|p2a: Jirachi|Jirachi, L78|284/284\n|move|p1a: Blissey|Soft-Boiled|p1a: Blissey\n|-heal|p1a: Blissey|566/566\n|\n|upkeep\n|turn|17\n|\n|t:|1769267408\n|move|p2a: Jirachi|Wish|p2a: Jirachi\n|move|p1a: Blissey|Seismic Toss|p2a: Jirachi\n|-damage|p2a: Jirachi|200/284\n|\n|-heal|p2a: Jirachi|217/284|[from] item: Leftovers\n|upkeep\n|turn|18\n|\n|t:|1769267428\n|switch|p1a: Cresselia|Cresselia, L80, F|323/323\n|-damage|p1a: Cresselia|283/323|[from] Stealth Rock\n|move|p2a: Jirachi|Toxic|p1a: Cresselia\n|-status|p1a: Cresselia|tox\n|\n|-heal|p2a: Jirachi|284/284|[from] move: Wish|[wisher] Jirachi\n|-heal|p1a: Cresselia|303/323 tox|[from] item: Leftovers\n|-damage|p1a: Cresselia|283/323 tox|[from] psn\n|upkeep\n|turn|19\n|\n|t:|1769267442\n|switch|p1a: Tangrowth|Tangrowth, L88, M|272/319 tox\n|-damage|p1a: Tangrowth|233/319 tox|[from] Stealth Rock\n|move|p2a: Jirachi|Protect||[still]\n|-fail|p2a: Jirachi\n|\n|-damage|p1a: Tangrowth|214/319 tox|[from] psn\n|upkeep\n|turn|20\n|\n|t:|1769267446\n|move|p2a: Jirachi|Protect|p2a: Jirachi\n|-singleturn|p2a: Jirachi|Protect\n|move|p1a: Tangrowth|Knock Off|p2a: Jirachi\n|-activate|p2a: Jirachi|move: Protect\n|\n|-damage|p1a: Tangrowth|176/319 tox|[from] psn\n|upkeep\n|turn|21\n|\n|t:|1769267458\n|switch|p2a: Spiritomb|Spiritomb, L88, M|164/231 slp\n|switch|p1a: Scyther|Scyther, L82, F|249/249\n|-damage|p1a: Scyther|125/249|[from] Stealth Rock\n|\n|upkeep\n|turn|22\n|\n|t:|1769267468\n|move|p1a: Scyther|Swords Dance|p1a: Scyther\n|-boost|p1a: Scyther|atk|2\n|-curestatus|p2a: Spiritomb|slp|[msg]\n|move|p2a: Spiritomb|Rest|p2a: Spiritomb\n|-status|p2a: Spiritomb|slp|[from] move: Rest\n|-heal|p2a: Spiritomb|231/231 slp|[silent]\n|\n|upkeep\n|turn|23\n|j| alcatraaz\n|\n|t:|1769267476\n|move|p1a: Scyther|Bug Bite|p2a: Spiritomb\n|-crit|p2a: Spiritomb\n|-damage|p2a: Spiritomb|0 fnt\n|faint|p2a: Spiritomb\n|\n|upkeep\n|\n|t:|1769267487\n|switch|p2a: Wailord|Wailord, L93, M|96/466\n|turn|24\n|\n|t:|1769267490\n|move|p2a: Wailord|Ice Beam|p1a: Scyther\n|-supereffective|p1a: Scyther\n|-damage|p1a: Scyther|7/249\n|move|p1a: Scyther|Bug Bite|p2a: Wailord\n|-damage|p2a: Wailord|0 fnt\n|faint|p2a: Wailord\n|\n|upkeep\n|\n|t:|1769267497\n|switch|p2a: Articuno|Articuno, L84|287/287\n|-ability|p2a: Articuno|Pressure\n|turn|25\n|\n|t:|1769267502\n|move|p1a: Scyther|Aerial Ace|p2a: Articuno\n|-damage|p2a: Articuno|106/287\n|move|p2a: Articuno|Freeze-Dry|p1a: Scyther\n|-supereffective|p1a: Scyther\n|-damage|p1a: Scyther|0 fnt\n|faint|p1a: Scyther\n|\n|-heal|p2a: Articuno|123/287|[from] item: Leftovers\n|upkeep\n|\n|t:|1769267510\n|switch|p1a: Blissey|Blissey, L84, F|566/566\n|-damage|p1a: Blissey|496/566|[from] Stealth Rock\n|turn|26\n|\n|t:|1769267515\n|switch|p2a: Jirachi|Jirachi, L78|284/284\n|move|p1a: Blissey|Toxic|p2a: Jirachi|[miss]\n|-miss|p1a: Blissey|p2a: Jirachi\n|\n|-heal|p1a: Blissey|531/566|[from] item: Leftovers\n|upkeep\n|turn|27\n|\n|t:|1769267518\n|move|p2a: Jirachi|Wish|p2a: Jirachi\n|move|p1a: Blissey|Seismic Toss|p2a: Jirachi\n|-damage|p2a: Jirachi|200/284\n|\n|-heal|p2a: Jirachi|217/284|[from] item: Leftovers\n|-heal|p1a: Blissey|566/566|[from] item: Leftovers\n|upkeep\n|turn|28\n|\n|t:|1769267522\n|move|p2a: Jirachi|Iron Head|p1a: Blissey\n|-damage|p1a: Blissey|319/566\n|move|p1a: Blissey|Seismic Toss|p2a: Jirachi\n|-damage|p2a: Jirachi|133/284\n|\n|-heal|p2a: Jirachi|275/284|[from] move: Wish|[wisher] Jirachi\n|-heal|p2a: Jirachi|284/284|[from] item: Leftovers\n|-heal|p1a: Blissey|354/566|[from] item: Leftovers\n|upkeep\n|turn|29\n|\n|t:|1769267528\n|switch|p1a: Tangrowth|Tangrowth, L88, M|282/319 tox\n|-damage|p1a: Tangrowth|243/319 tox|[from] Stealth Rock\n|move|p2a: Jirachi|Iron Head|p1a: Tangrowth\n|-damage|p1a: Tangrowth|189/319 tox\n|\n|-damage|p1a: Tangrowth|170/319 tox|[from] psn\n|upkeep\n|turn|30\n|\n|t:|1769267538\n|switch|p1a: Milotic|Milotic, L83, M|293/293\n|-damage|p1a: Milotic|257/293|[from] Stealth Rock\n|move|p2a: Jirachi|Protect||[still]\n|-fail|p2a: Jirachi\n|\n|-heal|p1a: Milotic|275/293|[from] item: Leftovers\n|upkeep\n|turn|31\n|\n|t:|1769267545\n|move|p2a: Jirachi|Toxic|p1a: Milotic\n|-status|p1a: Milotic|tox\n|move|p1a: Milotic|Scald|p2a: Jirachi\n|-damage|p2a: Jirachi|193/284\n|\n|-heal|p2a: Jirachi|210/284|[from] item: Leftovers\n|-heal|p1a: Milotic|293/293 tox|[from] item: Leftovers\n|-damage|p1a: Milotic|275/293 tox|[from] psn\n|upkeep\n|turn|32\n|\n|t:|1769267552\n|switch|p1a: Tangrowth|Tangrowth, L88, M|276/319 tox\n|-damage|p1a: Tangrowth|237/319 tox|[from] Stealth Rock\n|move|p2a: Jirachi|Protect||[still]\n|-fail|p2a: Jirachi\n|\n|-heal|p2a: Jirachi|227/284|[from] item: Leftovers\n|-damage|p1a: Tangrowth|218/319 tox|[from] psn\n|upkeep\n|turn|33\n|\n|t:|1769267558\n|move|p2a: Jirachi|Protect|p2a: Jirachi\n|-singleturn|p2a: Jirachi|Protect\n|move|p1a: Tangrowth|Knock Off|p2a: Jirachi\n|-activate|p2a: Jirachi|move: Protect\n|\n|-heal|p2a: Jirachi|244/284|[from] item: Leftovers\n|-damage|p1a: Tangrowth|180/319 tox|[from] psn\n|upkeep\n|turn|34\n|\n|t:|1769267562\n|switch|p2a: Groudon|Groudon-Primal, L64|69/235\n|-weather|DesolateLand|[from] ability: Desolate Land|[of] p2a: Groudon\n|move|p1a: Tangrowth|Knock Off|p2a: Groudon\n|-damage|p2a: Groudon|24/235\n|\n|-weather|DesolateLand|[upkeep]\n|-damage|p1a: Tangrowth|123/319 tox|[from] psn\n|upkeep\n|turn|35\n|\n|t:|1769267568\n|switch|p1a: Milotic|Milotic, L83, M|275/293 tox\n|-damage|p1a: Milotic|239/293 tox|[from] Stealth Rock\n|move|p2a: Groudon|Precipice Blades|p1a: Milotic\n|-damage|p1a: Milotic|149/293 tox\n|\n|-weather|DesolateLand|[upkeep]\n|-heal|p1a: Milotic|167/293 tox|[from] item: Leftovers\n|-damage|p1a: Milotic|149/293 tox|[from] psn\n|upkeep\n|turn|36\n|\n|t:|1769267579\n|-weather|none\n|switch|p2a: Articuno|Articuno, L84|123/287\n|-ability|p2a: Articuno|Pressure\n|move|p1a: Milotic|Ice Beam|p2a: Articuno\n|-damage|p2a: Articuno|73/287\n|\n|-heal|p2a: Articuno|90/287|[from] item: Leftovers\n|-heal|p1a: Milotic|167/293 tox|[from] item: Leftovers\n|-damage|p1a: Milotic|131/293 tox|[from] psn\n|upkeep\n|turn|37\n|\n|t:|1769267583\n|switch|p1a: Blissey|Blissey, L84, F|354/566\n|-damage|p1a: Blissey|284/566|[from] Stealth Rock\n|move|p2a: Articuno|Substitute|p2a: Articuno\n|-start|p2a: Articuno|Substitute\n|-damage|p2a: Articuno|19/287\n|\n|-heal|p2a: Articuno|36/287|[from] item: Leftovers\n|-heal|p1a: Blissey|319/566|[from] item: Leftovers\n|upkeep\n|turn|38\n|\n|t:|1769267587\n|move|p2a: Articuno|Roost|p2a: Articuno\n|-heal|p2a: Articuno|180/287\n|-singleturn|p2a: Articuno|move: Roost\n|move|p1a: Blissey|Soft-Boiled|p1a: Blissey\n|-heal|p1a: Blissey|566/566\n|\n|-heal|p2a: Articuno|197/287|[from] item: Leftovers\n|upkeep\n|turn|39\n|\n|t:|1769267591\n|move|p2a: Articuno|Roost|p2a: Articuno\n|-heal|p2a: Articuno|287/287\n|-singleturn|p2a: Articuno|move: Roost\n|move|p1a: Blissey|Aromatherapy|p1a: Blissey\n|-activate|p1a: Blissey|move: Aromatherapy\n|-curestatus|p1: Milotic|tox|[msg]\n|-curestatus|p1: Cresselia|tox|[msg]\n|-curestatus|p1: Tangrowth|tox|[msg]\n|\n|upkeep\n|turn|40\n|\n|t:|1769267595\n|move|p2a: Articuno|Toxic|p1a: Blissey\n|-status|p1a: Blissey|tox\n|move|p1a: Blissey|Seismic Toss|p2a: Articuno\n|-end|p2a: Articuno|Substitute\n|\n|-damage|p1a: Blissey|531/566 tox|[from] psn\n|upkeep\n|turn|41\n|\n|t:|1769267605\n|-curestatus|p1a: Blissey|tox|[from] ability: Natural Cure\n|switch|p1a: Cresselia|Cresselia, L80, F|283/323\n|-damage|p1a: Cresselia|243/323|[from] Stealth Rock\n|move|p2a: Articuno|Substitute|p2a: Articuno\n|-start|p2a: Articuno|Substitute\n|-damage|p2a: Articuno|216/287\n|\n|-heal|p2a: Articuno|233/287|[from] item: Leftovers\n|-heal|p1a: Cresselia|263/323|[from] item: Leftovers\n|upkeep\n|turn|42\n|\n|t:|1769267610\n|move|p2a: Articuno|Toxic|p1a: Cresselia\n|-status|p1a: Cresselia|tox\n|move|p1a: Cresselia|Psyshock|p2a: Articuno\n|-activate|p2a: Articuno|move: Substitute|[damage]\n|\n|-heal|p2a: Articuno|250/287|[from] item: Leftovers\n|-heal|p1a: Cresselia|283/323 tox|[from] item: Leftovers\n|-damage|p1a: Cresselia|263/323 tox|[from] psn\n|upkeep\n|turn|43\n|\n|t:|1769267616\n|switch|p1a: Blissey|Blissey, L84, F|531/566\n|-damage|p1a: Blissey|461/566|[from] Stealth Rock\n|move|p2a: Articuno|Freeze-Dry|p1a: Blissey\n|-damage|p1a: Blissey|403/566\n|\n|-heal|p2a: Articuno|267/287|[from] item: Leftovers\n|-heal|p1a: Blissey|438/566|[from] item: Leftovers\n|upkeep\n|turn|44\n|\n|t:|1769267624\n|move|p2a: Articuno|Toxic|p1a: Blissey\n|-status|p1a: Blissey|tox\n|move|p1a: Blissey|Seismic Toss|p2a: Articuno\n|-end|p2a: Articuno|Substitute\n|\n|-heal|p2a: Articuno|284/287|[from] item: Leftovers\n|-heal|p1a: Blissey|473/566 tox|[from] item: Leftovers\n|-damage|p1a: Blissey|438/566 tox|[from] psn\n|upkeep\n|turn|45\n|\n|t:|1769267631\n|move|p2a: Articuno|Substitute|p2a: Articuno\n|-start|p2a: Articuno|Substitute\n|-damage|p2a: Articuno|213/287\n|move|p1a: Blissey|Aromatherapy|p1a: Blissey\n|-activate|p1a: Blissey|move: Aromatherapy\n|-curestatus|p1a: Blissey|tox|[msg]\n|-curestatus|p1: Cresselia|tox|[msg]\n|\n|-heal|p2a: Articuno|230/287|[from] item: Leftovers\n|-heal|p1a: Blissey|473/566|[from] item: Leftovers\n|upkeep\n|turn|46\n|\n|t:|1769267641\n|switch|p1a: Tangrowth|Tangrowth, L88, M|229/319\n|-damage|p1a: Tangrowth|190/319|[from] Stealth Rock\n|move|p2a: Articuno|Toxic|p1a: Tangrowth\n|-status|p1a: Tangrowth|tox\n|\n|-heal|p2a: Articuno|247/287|[from] item: Leftovers\n|-damage|p1a: Tangrowth|171/319 tox|[from] psn\n|upkeep\n|turn|47\n|\n|t:|1769267647\n|switch|p2a: Groudon|Groudon-Primal, L64|24/235\n|-weather|DesolateLand|[from] ability: Desolate Land|[of] p2a: Groudon\n|switch|p1a: Blissey|Blissey, L84, F|473/566\n|-damage|p1a: Blissey|403/566|[from] Stealth Rock\n|\n|-weather|DesolateLand|[upkeep]\n|-heal|p1a: Blissey|438/566|[from] item: Leftovers\n|upkeep\n|turn|48\n|\n|t:|1769267655\n|switch|p1a: Cresselia|Cresselia, L80, F|263/323\n|-damage|p1a: Cresselia|223/323|[from] Stealth Rock\n|move|p2a: Groudon|Lava Plume|p1a: Cresselia\n|-crit|p1a: Cresselia\n|-damage|p1a: Cresselia|105/323\n|\n|-weather|DesolateLand|[upkeep]\n|-heal|p1a: Cresselia|125/323|[from] item: Leftovers\n|upkeep\n|turn|49\n|\n|t:|1769267663\n|-weather|none\n|switch|p2a: Jirachi|Jirachi, L78|244/284\n|move|p1a: Cresselia|Moonlight|p1a: Cresselia\n|-heal|p1a: Cresselia|286/323\n|\n|-heal|p2a: Jirachi|261/284|[from] item: Leftovers\n|-heal|p1a: Cresselia|306/323|[from] item: Leftovers\n|upkeep\n|turn|50\n|\n|t:|1769267671\n|switch|p1a: Tangrowth|Tangrowth, L88, M|277/319 tox\n|-damage|p1a: Tangrowth|238/319 tox|[from] Stealth Rock\n|move|p2a: Jirachi|Toxic|p1a: Tangrowth\n|-fail|p1a: Tangrowth|tox\n|\n|-heal|p2a: Jirachi|278/284|[from] item: Leftovers\n|-damage|p1a: Tangrowth|219/319 tox|[from] psn\n|upkeep\n|turn|51\n|\n|t:|1769267678\n|switch|p1a: Milotic|Milotic, L83, M|131/293\n|-damage|p1a: Milotic|95/293|[from] Stealth Rock\n|move|p2a: Jirachi|Protect||[still]\n|-fail|p2a: Jirachi\n|\n|-heal|p2a: Jirachi|284/284|[from] item: Leftovers\n|-heal|p1a: Milotic|113/293|[from] item: Leftovers\n|upkeep\n|turn|52\n|\n|t:|1769267684\n|switch|p2a: Articuno|Articuno, L84|247/287\n|-ability|p2a: Articuno|Pressure\n|move|p1a: Milotic|Recover|p1a: Milotic\n|-heal|p1a: Milotic|260/293\n|\n|-heal|p2a: Articuno|264/287|[from] item: Leftovers\n|-heal|p1a: Milotic|278/293|[from] item: Leftovers\n|upkeep\n|turn|53\n|\n|t:|1769267689\n|move|p2a: Articuno|Substitute|p2a: Articuno\n|-start|p2a: Articuno|Substitute\n|-damage|p2a: Articuno|193/287\n|move|p1a: Milotic|Scald|p2a: Articuno\n|-crit|p2a: Articuno\n|-end|p2a: Articuno|Substitute\n|\n|-heal|p2a: Articuno|210/287|[from] item: Leftovers\n|-heal|p1a: Milotic|293/293|[from] item: Leftovers\n|upkeep\n|turn|54\n|\n|t:|1769267692\n|move|p2a: Articuno|Substitute|p2a: Articuno\n|-start|p2a: Articuno|Substitute\n|-damage|p2a: Articuno|139/287\n|move|p1a: Milotic|Toxic||[still]\n|-fail|p1a: Milotic\n|\n|-heal|p2a: Articuno|156/287|[from] item: Leftovers\n|upkeep\n|turn|55\n|\n|t:|1769267694\n|switch|p1a: Blissey|Blissey, L84, F|438/566\n|-damage|p1a: Blissey|368/566|[from] Stealth Rock\n|move|p2a: Articuno|Toxic|p1a: Blissey\n|-status|p1a: Blissey|tox\n|\n|-heal|p2a: Articuno|173/287|[from] item: Leftovers\n|-heal|p1a: Blissey|403/566 tox|[from] item: Leftovers\n|-damage|p1a: Blissey|368/566 tox|[from] psn\n|upkeep\n|turn|56\n|\n|t:|1769267707\n|switch|p2a: Jirachi|Jirachi, L78|284/284\n|move|p1a: Blissey|Soft-Boiled|p1a: Blissey\n|-heal|p1a: Blissey|566/566 tox\n|\n|-damage|p1a: Blissey|496/566 tox|[from] psn\n|upkeep\n|turn|57\n|\n|t:|1769267716\n|-curestatus|p1a: Blissey|tox|[from] ability: Natural Cure\n|switch|p1a: Milotic|Milotic, L83, M|293/293\n|-damage|p1a: Milotic|257/293|[from] Stealth Rock\n|move|p2a: Jirachi|Toxic|p1a: Milotic\n|-status|p1a: Milotic|tox\n|\n|-heal|p1a: Milotic|275/293 tox|[from] item: Leftovers\n|-damage|p1a: Milotic|257/293 tox|[from] psn\n|upkeep\n|turn|58\n|\n|t:|1769267722\n|switch|p2a: Articuno|Articuno, L84|173/287\n|-ability|p2a: Articuno|Pressure\n|move|p1a: Milotic|Scald|p2a: Articuno\n|-crit|p2a: Articuno\n|-damage|p2a: Articuno|77/287\n|\n|-heal|p2a: Articuno|94/287|[from] item: Leftovers\n|-heal|p1a: Milotic|275/293 tox|[from] item: Leftovers\n|-damage|p1a: Milotic|239/293 tox|[from] psn\n|upkeep\n|turn|59\n|\n|t:|1769267730\n|switch|p2a: Groudon|Groudon-Primal, L64|24/235\n|-weather|DesolateLand|[from] ability: Desolate Land|[of] p2a: Groudon\n|move|p1a: Milotic|Scald||[still]\n|-fail|p1a: Milotic|Scald|[from] Desolate Land\n|\n|-weather|DesolateLand|[upkeep]\n|-heal|p1a: Milotic|257/293 tox|[from] item: Leftovers\n|-damage|p1a: Milotic|203/293 tox|[from] psn\n|upkeep\n|turn|60\n|\n|t:|1769267735\n|-weather|none\n|switch|p2a: Articuno|Articuno, L84|94/287\n|-ability|p2a: Articuno|Pressure\n|move|p1a: Milotic|Ice Beam|p2a: Articuno\n|-crit|p2a: Articuno\n|-damage|p2a: Articuno|20/287\n|\n|-heal|p2a: Articuno|37/287|[from] item: Leftovers\n|-heal|p1a: Milotic|221/293 tox|[from] item: Leftovers\n|-damage|p1a: Milotic|149/293 tox|[from] psn\n|upkeep\n|turn|61\n|\n|t:|1769267742\n|move|p2a: Articuno|Roost|p2a: Articuno\n|-heal|p2a: Articuno|181/287\n|-singleturn|p2a: Articuno|move: Roost\n|move|p1a: Milotic|Toxic|p2a: Articuno\n|-status|p2a: Articuno|tox\n|\n|-heal|p2a: Articuno|198/287 tox|[from] item: Leftovers\n|-heal|p1a: Milotic|167/293 tox|[from] item: Leftovers\n|-damage|p2a: Articuno|181/287 tox|[from] psn\n|-damage|p1a: Milotic|77/293 tox|[from] psn\n|upkeep\n|turn|62\n|\n|t:|1769267748\n|switch|p2a: Groudon|Groudon-Primal, L64|24/235\n|-weather|DesolateLand|[from] ability: Desolate Land|[of] p2a: Groudon\n|switch|p1a: Blissey|Blissey, L84, F|496/566\n|-damage|p1a: Blissey|426/566|[from] Stealth Rock\n|\n|-weather|DesolateLand|[upkeep]\n|-heal|p1a: Blissey|461/566|[from] item: Leftovers\n|upkeep\n|turn|63\n|\n|t:|1769267756\n|switch|p1a: Cresselia|Cresselia, L80, F|306/323\n|-damage|p1a: Cresselia|266/323|[from] Stealth Rock\n|move|p2a: Groudon|Precipice Blades|p1a: Cresselia\n|-immune|p1a: Cresselia|[from] ability: Levitate\n|\n|-weather|DesolateLand|[upkeep]\n|-heal|p1a: Cresselia|286/323|[from] item: Leftovers\n|upkeep\n|turn|64\n|\n|t:|1769267762\n|-weather|none\n|switch|p2a: Jirachi|Jirachi, L78|284/284\n|move|p1a: Cresselia|Psyshock|p2a: Jirachi\n|-resisted|p2a: Jirachi\n|-damage|p2a: Jirachi|269/284\n|\n|-heal|p2a: Jirachi|284/284|[from] item: Leftovers\n|-heal|p1a: Cresselia|306/323|[from] item: Leftovers\n|upkeep\n|turn|65\n|\n|t:|1769267772\n|switch|p1a: Tangrowth|Tangrowth, L88, M|319/319 tox\n|-damage|p1a: Tangrowth|280/319 tox|[from] Stealth Rock\n|move|p2a: Jirachi|Iron Head|p1a: Tangrowth\n|-damage|p1a: Tangrowth|219/319 tox\n|\n|-damage|p1a: Tangrowth|200/319 tox|[from] psn\n|upkeep\n|turn|66\n|\n|t:|1769267781\n|switch|p1a: Blissey|Blissey, L84, F|461/566\n|-damage|p1a: Blissey|391/566|[from] Stealth Rock\n|move|p2a: Jirachi|Iron Head|p1a: Blissey\n|-damage|p1a: Blissey|181/566\n|\n|-heal|p1a: Blissey|216/566|[from] item: Leftovers\n|upkeep\n|turn|67\n|\n|t:|1769267786\n|switch|p1a: Tangrowth|Tangrowth, L88, M|306/319 tox\n|-damage|p1a: Tangrowth|267/319 tox|[from] Stealth Rock\n|move|p2a: Jirachi|Iron Head|p1a: Tangrowth\n|-damage|p1a: Tangrowth|213/319 tox\n|\n|-damage|p1a: Tangrowth|194/319 tox|[from] psn\n|upkeep\n|turn|68\n|\n|t:|1769267789\n|move|p2a: Jirachi|Protect|p2a: Jirachi\n|-singleturn|p2a: Jirachi|Protect\n|move|p1a: Tangrowth|Knock Off|p2a: Jirachi\n|-activate|p2a: Jirachi|move: Protect\n|\n|-damage|p1a: Tangrowth|156/319 tox|[from] psn\n|upkeep\n|turn|69\n|\n|t:|1769267792\n|move|p2a: Jirachi|Iron Head|p1a: Tangrowth\n|-damage|p1a: Tangrowth|101/319 tox\n|move|p1a: Tangrowth|Knock Off|p2a: Jirachi\n|-supereffective|p2a: Jirachi\n|-damage|p2a: Jirachi|132/284\n|-enditem|p2a: Jirachi|Leftovers|[from] move: Knock Off|[of] p1a: Tangrowth\n|\n|-damage|p1a: Tangrowth|44/319 tox|[from] psn\n|upkeep\n|turn|70\n|\n|t:|1769267799\n|move|p2a: Jirachi|Toxic|p1a: Tangrowth\n|-fail|p1a: Tangrowth|tox\n|move|p1a: Tangrowth|Earthquake|p2a: Jirachi\n|-supereffective|p2a: Jirachi\n|-damage|p2a: Jirachi|0 fnt\n|faint|p2a: Jirachi\n|\n|-damage|p1a: Tangrowth|0 fnt|[from] psn\n|faint|p1a: Tangrowth\n|upkeep\n|\n|t:|1769267811\n|switch|p2a: Articuno|Articuno, L84|181/287 tox\n|switch|p1a: Cresselia|Cresselia, L80, F|306/323\n|-ability|p2a: Articuno|Pressure\n|-damage|p1a: Cresselia|266/323|[from] Stealth Rock\n|turn|71\n|\n|t:|1769267817\n|move|p2a: Articuno|Toxic|p1a: Cresselia\n|-status|p1a: Cresselia|tox\n|move|p1a: Cresselia|Calm Mind|p1a: Cresselia\n|-boost|p1a: Cresselia|spa|1\n|-boost|p1a: Cresselia|spd|1\n|\n|-heal|p2a: Articuno|198/287 tox|[from] item: Leftovers\n|-heal|p1a: Cresselia|286/323 tox|[from] item: Leftovers\n|-damage|p2a: Articuno|181/287 tox|[from] psn\n|-damage|p1a: Cresselia|266/323 tox|[from] psn\n|upkeep\n|turn|72\n|\n|t:|1769267824\n|move|p2a: Articuno|Roost|p2a: Articuno\n|-heal|p2a: Articuno|287/287 tox\n|-singleturn|p2a: Articuno|move: Roost\n|move|p1a: Cresselia|Psyshock|p2a: Articuno\n|-damage|p2a: Articuno|199/287 tox\n|\n|-heal|p2a: Articuno|216/287 tox|[from] item: Leftovers\n|-heal|p1a: Cresselia|286/323 tox|[from] item: Leftovers\n|-damage|p2a: Articuno|182/287 tox|[from] psn\n|-damage|p1a: Cresselia|246/323 tox|[from] psn\n|upkeep\n|turn|73\n|\n|t:|1769267832\n|move|p2a: Articuno|Roost|p2a: Articuno\n|-heal|p2a: Articuno|287/287 tox\n|-singleturn|p2a: Articuno|move: Roost\n|move|p1a: Cresselia|Psyshock|p2a: Articuno\n|-damage|p2a: Articuno|205/287 tox\n|\n|-heal|p2a: Articuno|222/287 tox|[from] item: Leftovers\n|-heal|p1a: Cresselia|266/323 tox|[from] item: Leftovers\n|-damage|p2a: Articuno|171/287 tox|[from] psn\n|-damage|p1a: Cresselia|206/323 tox|[from] psn\n|upkeep\n|turn|74\n|\n|t:|1769267834\n|move|p2a: Articuno|Roost|p2a: Articuno\n|-heal|p2a: Articuno|287/287 tox\n|-singleturn|p2a: Articuno|move: Roost\n|move|p1a: Cresselia|Psyshock|p2a: Articuno\n|-damage|p2a: Articuno|200/287 tox\n|\n|-heal|p2a: Articuno|217/287 tox|[from] item: Leftovers\n|-heal|p1a: Cresselia|226/323 tox|[from] item: Leftovers\n|-damage|p2a: Articuno|149/287 tox|[from] psn\n|-damage|p1a: Cresselia|146/323 tox|[from] psn\n|upkeep\n|turn|75\n|\n|t:|1769267839\n|move|p2a: Articuno|Roost|p2a: Articuno\n|-heal|p2a: Articuno|287/287 tox\n|-singleturn|p2a: Articuno|move: Roost\n|move|p1a: Cresselia|Psyshock|p2a: Articuno\n|-damage|p2a: Articuno|193/287 tox\n|\n|-heal|p2a: Articuno|210/287 tox|[from] item: Leftovers\n|-heal|p1a: Cresselia|166/323 tox|[from] item: Leftovers\n|-damage|p2a: Articuno|125/287 tox|[from] psn\n|-damage|p1a: Cresselia|66/323 tox|[from] psn\n|upkeep\n|turn|76\n|\n|t:|1769267843\n|move|p2a: Articuno|Roost|p2a: Articuno\n|-heal|p2a: Articuno|269/287 tox\n|-singleturn|p2a: Articuno|move: Roost\n|move|p1a: Cresselia|Psyshock|p2a: Articuno\n|-damage|p2a: Articuno|176/287 tox\n|\n|-heal|p2a: Articuno|193/287 tox|[from] item: Leftovers\n|-heal|p1a: Cresselia|86/323 tox|[from] item: Leftovers\n|-damage|p2a: Articuno|91/287 tox|[from] psn\n|-damage|p1a: Cresselia|0 fnt|[from] psn\n|faint|p1a: Cresselia\n|upkeep\n|\n|t:|1769267845\n|switch|p1a: Blissey|Blissey, L84, F|216/566\n|-damage|p1a: Blissey|146/566|[from] Stealth Rock\n|turn|77\n|\n|t:|1769267850\n|switch|p2a: Groudon|Groudon-Primal, L64|24/235\n|-weather|DesolateLand|[from] ability: Desolate Land|[of] p2a: Groudon\n|move|p1a: Blissey|Seismic Toss|p2a: Groudon\n|-damage|p2a: Groudon|0 fnt\n|faint|p2a: Groudon\n|-weather|none\n|detailschange|p2: Groudon|Groudon, L64|[silent]\n|\n|-heal|p1a: Blissey|181/566|[from] item: Leftovers\n|upkeep\n|\n|t:|1769267852\n|switch|p2a: Articuno|Articuno, L84|91/287 tox\n|-ability|p2a: Articuno|Pressure\n|turn|78\n|\n|t:|1769267854\n|move|p2a: Articuno|Freeze-Dry|p1a: Blissey\n|-damage|p1a: Blissey|132/566\n|move|p1a: Blissey|Soft-Boiled|p1a: Blissey\n|-heal|p1a: Blissey|415/566\n|\n|-heal|p2a: Articuno|108/287 tox|[from] item: Leftovers\n|-heal|p1a: Blissey|450/566|[from] item: Leftovers\n|-damage|p2a: Articuno|91/287 tox|[from] psn\n|upkeep\n|turn|79\n|-message|I never run good forfeited.\n|\n|win|pooster\n|raw|pooster's rating: 1535 &rarr; <strong>1569</strong><br />(+34 for winning)\n|raw|I never run good's rating: 1835 &rarr; <strong>1801</strong><br />(-34 for losing)\n|l|☆I never run good\n|player|p2|\n|l|☆pooster\n|player|p1|\n", "inputlog": ">version b99ff0165a6231f17e8b78c2a78d1998375de664\n>start {\"formatid\":\"gen6randombattle\",\"seed\":\"sodium,bf6b6b20375584741cbf904b3396252b\",\"rated\":\"Rated battle\"}\n>player p1 {\"name\":\"pooster\",\"avatar\":\"clown\",\"rating\":1535,\"seed\":\"sodium,065ff84d19f5cea380e8e5eb23c7fcce\"}\n>player p2 {\"name\":\"I never run good\",\"avatar\":\"allister\",\"rating\":1835,\"seed\":\"sodium,6a6f44e41d1ee2afe53f64113be266d6\"}\n>p1 move toxic\n>p2 switch 3\n>p1 switch 6\n>p2 move calmmind\n>p1 move knockoff\n>p2 move rest\n>p1 switch 5\n>p2 move sleeptalk\n>p1 move flareblitz\n>p2 switch 5\n>p2 switch 3\n>p1 move flareblitz\n>p2 move stealthrock\n>p1 move flareblitz\n>p2 switch 2\n>p1 switch 2\n>p2 move waterspout\n>p1 switch 2\n>p2 switch 6\n>p1 move suckerpunch\n>p2 move protect\n>p1 switch 5\n>p2 move toxic\n>p1 move knockoff\n>p2 move protect\n>p1 move earthquake\n>p2 switch 5\n>p1 switch 5\n>p2 move sleeptalk\n>p1 move flareblitz\n>p2 switch 6\n>p1 switch 2\n>p1 move softboiled\n>p2 switch 5\n>p1 move seismictoss\n>p2 move wish\n>p1 switch 3\n>p2 move toxic\n>p1 switch 5\n>p2 move protect\n>p1 move knockoff\n>p2 move protect\n>p1 switch 4\n>p2 switch 6\n>p1 move swordsdance\n>p2 move rest\n>p1 move bugbite\n>p2 move sleeptalk\n>p2 switch 5\n>p1 move bugbite\n>p2 move icebeam\n>p2 switch 4\n>p1 move aerialace\n>p2 move freezedry\n>p1 switch 3\n>p1 move toxic\n>p2 switch 6\n>p1 move seismictoss\n>p2 move wish\n>p1 move seismictoss\n>p2 move ironhead\n>p1 switch 4\n>p2 move ironhead\n>p1 switch 6\n>p2 move protect\n>p1 move scald\n>p2 move toxic\n>p1 switch 6\n>p2 move protect\n>p1 move knockoff\n>p2 move protect\n>p1 move knockoff\n>p2 switch 2\n>p1 switch 6\n>p2 move precipiceblades\n>p1 move icebeam\n>p2 switch 6\n>p1 switch 4\n>p2 move substitute\n>p1 move softboiled\n>p2 move roost\n>p1 move aromatherapy\n>p2 move roost\n>p1 move seismictoss\n>p2 move toxic\n>p1 switch 5\n>p2 move substitute\n>p1 move psyshock\n>p2 move toxic\n>p1 switch 5\n>p2 move freezedry\n>p1 move seismictoss\n>p2 move toxic\n>p1 move aromatherapy\n>p2 move substitute\n>p1 switch 6\n>p2 move toxic\n>p1 switch 6\n>p2 switch 6\n>p1 switch 5\n>p2 move lavaplume\n>p1 move moonlight\n>p2 switch 2\n>p1 switch 6\n>p2 move toxic\n>p1 switch 4\n>p2 move protect\n>p1 move recover\n>p2 switch 6\n>p1 move scald\n>p2 move substitute\n>p1 move toxic\n>p2 move substitute\n>p1 switch 5\n>p2 move toxic\n>p1 move softboiled\n>p2 switch 6\n>p1 switch 5\n>p2 move toxic\n>p1 move scald\n>p2 switch 6\n>p1 move scald\n>p2 switch 2\n>p1 move icebeam\n>p2 switch 2\n>p1 move toxic\n>p2 move roost\n>p1 switch 5\n>p2 switch 2\n>p1 switch 6\n>p2 move precipiceblades\n>p1 move psyshock\n>p2 switch 6\n>p1 switch 4\n>p2 move ironhead\n>p1 switch 6\n>p2 move ironhead\n>p1 switch 6\n>p2 move ironhead\n>p1 move knockoff\n>p2 move protect\n>p1 move knockoff\n>p2 move ironhead\n>p1 move earthquake\n>p2 move toxic\n>p1 switch 4\n>p2 switch 2\n>p1 move calmmind\n>p2 move toxic\n>p1 move psyshock\n>p2 move roost\n>p1 move psyshock\n>p2 move roost\n>p1 move psyshock\n>p2 move roost\n>p1 move psyshock\n>p2 move roost\n>p1 move psyshock\n>p2 move roost\n>p1 switch 6\n>p1 move seismictoss\n>p2 switch 6\n>p2 switch 6\n>p1 move softboiled\n>p2 move freezedry\n>forcelose p2", "uploadtime": 1769268020, "views": 253, "formatid": "gen6randombattle", "rating": 1569, "private": 0, "password": null}