{"id": "gen6randombattle-2536158376", "format": "[Gen 6] Random Battle", "players": ["pepperonibeatles", "gdhjdj"], "log": "|j|☆pepperonibeatles\n|j|☆gdhjdj\n|t:|1770659579\n|gametype|singles\n|player|p1|pepperonibeatles|266|1525\n|player|p2|gdhjdj|265|1620\n|gen|6\n|tier|[Gen 6] Random Battle\n|rated|\n|rule|Sleep Clause Mod: Limit one foe put to sleep\n|rule|HP Percentage Mod: HP is shown in percentages\n|rule|Illusion Level Mod: Illusion disguises the Pokémon's true level\n|\n|t:|1770659579\n|teamsize|p1|6\n|teamsize|p2|6\n|start\n|switch|p1a: Gastrodon|Gastrodon, L86, F|331/331\n|switch|p2a: Venusaur|Venusaur, L77, M|250/250\n|turn|1\n|inactive|Battle timer is ON: inactive players will automatically lose when time's up. (requested by gdhjdj)\n|\n|t:|1770659589\n|switch|p1a: Emolga|Emolga, L88, M|239/239\n|detailschange|p2a: Venusaur|Venusaur-Mega, L77, M\n|-mega|p2a: Venusaur|Venusaur|Venusaurite\n|move|p2a: Venusaur|Giga Drain|p1a: Emolga\n|-resisted|p1a: Emolga\n|-crit|p1a: Emolga\n|-damage|p1a: Emolga|161/239\n|\n|upkeep\n|turn|2\n|\n|t:|1770659601\n|switch|p2a: Golurk|Golurk, L83|283/283\n|move|p1a: Emolga|U-turn|p2a: Golurk\n|-resisted|p2a: Golurk\n|-damage|p2a: Golurk|257/283\n|\n|t:|1770659609\n|switch|p1a: Mismagius|Mismagius, L85, F|241/241|[from] U-turn\n|\n|upkeep\n|turn|3\n|\n|t:|1770659618\n|switch|p2a: Ho-Oh|Ho-Oh, L69|261/261\n|move|p1a: Mismagius|Shadow Ball|p2a: Ho-Oh\n|-damage|p2a: Ho-Oh|167/261\n|-damage|p1a: Mismagius|217/241|[from] item: Life Orb\n|\n|-heal|p2a: Ho-Oh|183/261|[from] item: Leftovers\n|upkeep\n|turn|4\n|\n|t:|1770659622\n|move|p1a: Mismagius|Nasty Plot|p1a: Mismagius\n|-boost|p1a: Mismagius|spa|2\n|move|p2a: Ho-Oh|Toxic|p1a: Mismagius\n|-status|p1a: Mismagius|tox\n|\n|-heal|p2a: Ho-Oh|199/261|[from] item: Leftovers\n|-damage|p1a: Mismagius|202/241 tox|[from] psn\n|upkeep\n|turn|5\n|\n|t:|1770659627\n|switch|p2a: Golurk|Golurk, L83|257/283\n|move|p1a: Mismagius|Thunderbolt|p2a: Golurk\n|-immune|p2a: Golurk\n|\n|-damage|p1a: Mismagius|172/241 tox|[from] psn\n|upkeep\n|turn|6\n|\n|t:|1770659631\n|switch|p2a: Ho-Oh|Ho-Oh, L69|261/261\n|move|p1a: Mismagius|Shadow Ball|p2a: Ho-Oh\n|-damage|p2a: Ho-Oh|61/261\n|-damage|p1a: Mismagius|148/241 tox|[from] item: Life Orb\n|\n|-heal|p2a: Ho-Oh|77/261|[from] item: Leftovers\n|-damage|p1a: Mismagius|103/241 tox|[from] psn\n|upkeep\n|turn|7\n|\n|t:|1770659636\n|move|p1a: Mismagius|Shadow Ball|p2a: Ho-Oh\n|-damage|p2a: Ho-Oh|0 fnt\n|faint|p2a: Ho-Oh\n|-damage|p1a: Mismagius|79/241 tox|[from] item: Life Orb\n|\n|-damage|p1a: Mismagius|19/241 tox|[from] psn\n|upkeep\n|\n|t:|1770659646\n|switch|p2a: Florges|Florges-Blue, L84, F|268/268\n|turn|8\n|\n|t:|1770659666\n|switch|p1a: Emolga|Emolga, L88, M|161/239\n|move|p2a: Florges|Protect||[still]\n|-fail|p2a: Florges\n|\n|upkeep\n|turn|9\n|\n|t:|1770659670\n|move|p1a: Emolga|Acrobatics|p2a: Florges\n|-damage|p2a: Florges|138/268\n|move|p2a: Florges|Moonblast|p1a: Emolga\n|-damage|p1a: Emolga|14/239\n|-unboost|p1a: Emolga|spa|1\n|\n|-heal|p2a: Florges|154/268|[from] item: Leftovers\n|upkeep\n|turn|10\n|\n|t:|1770659675\n|move|p1a: Emolga|Acrobatics|p2a: Florges\n|-damage|p2a: Florges|16/268\n|move|p2a: Florges|Moonblast|p1a: Emolga\n|-damage|p1a: Emolga|0 fnt\n|faint|p1a: Emolga\n|\n|-heal|p2a: Florges|32/268|[from] item: Leftovers\n|upkeep\n|\n|t:|1770659681\n|switch|p1a: Zebstrika|Zebstrika, L87, F|272/272\n|turn|11\n|\n|t:|1770659690\n|move|p1a: Zebstrika|Overheat|p2a: Florges\n|-damage|p2a: Florges|0 fnt\n|-unboost|p1a: Zebstrika|spa|2\n|faint|p2a: Florges\n|\n|upkeep\n|\n|t:|1770659703\n|switch|p2a: Golurk|Golurk, L83|257/283\n|turn|12\n|\n|t:|1770659709\n|switch|p1a: Gastrodon|Gastrodon, L86, F|331/331\n|move|p2a: Golurk|Stealth Rock|p1a: Gastrodon\n|-sidestart|p1: pepperonibeatles|move: Stealth Rock\n|\n|upkeep\n|turn|13\n|\n|t:|1770659721\n|switch|p2a: Venusaur|Venusaur-Mega, L77, M|250/250\n|switch|p1a: Zebstrika|Zebstrika, L87, F|272/272\n|-damage|p1a: Zebstrika|238/272|[from] Stealth Rock\n|\n|upkeep\n|turn|14\n|\n|t:|1770659732\n|switch|p2a: Golurk|Golurk, L83|257/283\n|move|p1a: Zebstrika|Overheat|p2a: Golurk\n|-damage|p2a: Golurk|117/283\n|-unboost|p1a: Zebstrika|spa|2\n|\n|upkeep\n|turn|15\n|\n|t:|1770659738\n|switch|p1a: Mismagius|Mismagius, L85, F|19/241 tox\n|-damage|p1a: Mismagius|0 fnt|[from] Stealth Rock\n|faint|p1a: Mismagius\n|move|p2a: Golurk|Dynamic Punch|p1: Mismagius|[notarget]\n|-fail|p2a: Golurk\n|\n|upkeep\n|\n|t:|1770659745\n|switch|p1a: Hariyama|Hariyama, L86, M|388/388\n|-damage|p1a: Hariyama|364/388|[from] Stealth Rock\n|turn|16\n|\n|t:|1770659749\n|move|p2a: Golurk|Dynamic Punch|p1a: Hariyama\n|-damage|p1a: Hariyama|230/388\n|-start|p1a: Hariyama|confusion\n|-damage|p2a: Golurk|89/283|[from] item: Life Orb\n|-activate|p1a: Hariyama|confusion\n|move|p1a: Hariyama|Knock Off|p2a: Golurk\n|-supereffective|p2a: Golurk\n|-damage|p2a: Golurk|0 fnt\n|-enditem|p2a: Golurk|Life Orb|[from] move: Knock Off|[of] p1a: Hariyama\n|faint|p2a: Golurk\n|\n|upkeep\n|\n|t:|1770659756\n|switch|p2a: Slurpuff|Slurpuff, L77, F|252/252\n|turn|17\n|\n|t:|1770659764\n|-activate|p1a: Hariyama|confusion\n|move|p1a: Hariyama|Bullet Punch|p2a: Slurpuff\n|-supereffective|p2a: Slurpuff\n|-damage|p2a: Slurpuff|168/252\n|move|p2a: Slurpuff|Belly Drum|p2a: Slurpuff\n|-damage|p2a: Slurpuff|42/252\n|-setboost|p2a: Slurpuff|atk|6|[from] move: Belly Drum\n|-enditem|p2a: Slurpuff|Sitrus Berry|[eat]\n|-heal|p2a: Slurpuff|105/252|[from] item: Sitrus Berry\n|\n|upkeep\n|turn|18\n|\n|t:|1770659773\n|-end|p1a: Hariyama|confusion\n|move|p1a: Hariyama|Bullet Punch|p2a: Slurpuff\n|-supereffective|p2a: Slurpuff\n|-damage|p2a: Slurpuff|25/252\n|move|p2a: Slurpuff|Drain Punch|p1a: Hariyama\n|-damage|p1a: Hariyama|16/388\n|-heal|p2a: Slurpuff|132/252|[from] drain|[of] p1a: Hariyama\n|\n|upkeep\n|turn|19\n|\n|t:|1770659781\n|move|p1a: Hariyama|Bullet Punch|p2a: Slurpuff\n|-supereffective|p2a: Slurpuff\n|-damage|p2a: Slurpuff|48/252\n|move|p2a: Slurpuff|Drain Punch|p1a: Hariyama\n|-damage|p1a: Hariyama|0 fnt\n|-heal|p2a: Slurpuff|56/252|[from] drain|[of] p1a: Hariyama\n|faint|p1a: Hariyama\n|\n|upkeep\n|\n|t:|1770659786\n|switch|p1a: Cofagrigus|Cofagrigus, L86, M|240/240\n|-damage|p1a: Cofagrigus|210/240|[from] Stealth Rock\n|turn|20\n|\n|t:|1770659791\n|move|p2a: Slurpuff|Play Rough|p1a: Cofagrigus\n|-damage|p1a: Cofagrigus|20/240\n|-ability|p2a: Slurpuff|Mummy|Unburden|[from] ability: Mummy|[of] p1a: Cofagrigus\n|-activate|p1a: Cofagrigus|ability: Mummy|Unburden|[of] p2a: Slurpuff\n|move|p1a: Cofagrigus|Shadow Ball|p2a: Slurpuff\n|-damage|p2a: Slurpuff|0 fnt\n|faint|p2a: Slurpuff\n|\n|-heal|p1a: Cofagrigus|35/240|[from] item: Leftovers\n|upkeep\n|\n|t:|1770659803\n|switch|p2a: Omastar|Omastar, L83, F|251/251\n|turn|21\n|\n|t:|1770659807\n|move|p2a: Omastar|Shell Smash|p2a: Omastar\n|-unboost|p2a: Omastar|def|1\n|-unboost|p2a: Omastar|spd|1\n|-boost|p2a: Omastar|atk|2\n|-boost|p2a: Omastar|spa|2\n|-boost|p2a: Omastar|spe|2\n|-enditem|p2a: Omastar|White Herb\n|-clearnegativeboost|p2a: Omastar|[silent]\n|move|p1a: Cofagrigus|Pain Split|p2a: Omastar\n|-sethp|p2a: Omastar|143/251|[from] move: Pain Split|[silent]\n|-sethp|p1a: Cofagrigus|143/240|[from] move: Pain Split\n|\n|-heal|p1a: Cofagrigus|158/240|[from] item: Leftovers\n|upkeep\n|turn|22\n|\n|t:|1770659813\n|move|p2a: Omastar|Hydro Pump|p1a: Cofagrigus\n|-damage|p1a: Cofagrigus|0 fnt\n|faint|p1a: Cofagrigus\n|\n|upkeep\n|\n|t:|1770659816\n|switch|p1a: Gastrodon|Gastrodon, L86, F|331/331\n|-damage|p1a: Gastrodon|311/331|[from] Stealth Rock\n|turn|23\n|\n|t:|1770659823\n|move|p2a: Omastar|Hidden Power|p1a: Gastrodon\n|-supereffective|p1a: Gastrodon\n|-damage|p1a: Gastrodon|0 fnt\n|faint|p1a: Gastrodon\n|\n|upkeep\n|-message|pepperonibeatles forfeited.\n|\n|win|gdhjdj\n|raw|pepperonibeatles's rating: 1525 &rarr; <strong>1510</strong><br />(-15 for losing)\n|raw|gdhjdj's rating: 1620 &rarr; <strong>1635</strong><br />(+15 for winning)\n|l|☆pepperonibeatles\n|player|p1|\n", "inputlog": ">version ccdc32dd7cde25fd9e4bed64820e885f66e78a4e\n>start {\"formatid\":\"gen6randombattle\",\"seed\":\"sodium,832b26e746913b59ee4eed7cd9d1c6a6\",\"rated\":\"Rated battle\"}\n>player p1 {\"name\":\"pepperonibeatles\",\"avatar\":\"266\",\"rating\":1525,\"seed\":\"sodium,e2e3be3d86c4a452ce2423dff986a9ee\"}\n>player p2 {\"name\":\"gdhjdj\",\"avatar\":\"265\",\"rating\":1620,\"seed\":\"sodium,d9e187d1b816e8cc72a08b26c12b4047\"}\n>p1 switch 5\n>p2 move gigadrain mega\n>p1 move uturn\n>p2 switch 4\n>p1 switch 6\n>p1 move shadowball\n>p2 switch 6\n>p1 move nastyplot\n>p2 move toxic\n>p1 move thunderbolt\n>p2 switch 6\n>p1 move shadowball\n>p2 switch 6\n>p1 move shadowball\n>p2 move roost\n>p2 switch 2\n>p1 switch 6\n>p2 move protect\n>p1 move acrobatics\n>p2 move moonblast\n>p1 move acrobatics\n>p2 move moonblast\n>p1 switch 4\n>p1 move overheat\n>p2 move moonblast\n>p2 switch 6\n>p1 switch 5\n>p2 move stealthrock\n>p1 switch 5\n>p2 switch 4\n>p1 move overheat\n>p2 switch 4\n>p1 switch 6\n>p2 move dynamicpunch\n>p1 switch 3\n>p1 move knockoff\n>p2 move dynamicpunch\n>p2 switch 5\n>p1 move bulletpunch\n>p2 move bellydrum\n>p1 move bulletpunch\n>p2 move drainpunch\n>p1 move bulletpunch\n>p2 move drainpunch\n>p1 switch 2\n>p1 move shadowball\n>p2 move playrough\n>p2 switch 3\n>p1 move painsplit\n>p2 move shellsmash\n>p1 move shadowball\n>p2 move hydropump\n>p1 switch 5\n>p1 move earthquake\n>p2 move hiddenpower\n>forcelose p1", "uploadtime": 1770659833, "views": 236, "formatid": "gen6randombattle", "rating": 1510, "private": 0, "password": null}