{"id": "gen6randombattle-2536251468", "format": "[Gen 6] Random Battle", "players": ["7evy", "RNGgivethRNGtaketh"], "log": "|j|☆7evy\n|j|☆RNGgivethRNGtaketh\n|t:|1770667941\n|gametype|singles\n|player|p1|7evy|turo|1681\n|player|p2|RNGgivethRNGtaketh|brock|1579\n|gen|6\n|tier|[Gen 6] Random Battle\n|rated|\n|rule|Sleep Clause Mod: Limit one foe put to sleep\n|rule|HP Percentage Mod: HP is shown in percentages\n|rule|Illusion Level Mod: Illusion disguises the Pokémon's true level\n|\n|t:|1770667941\n|teamsize|p1|6\n|teamsize|p2|6\n|start\n|switch|p1a: Pachirisu|Pachirisu, L95, M|268/268\n|switch|p2a: Trevenant|Trevenant, L91, F|303/303\n|turn|1\n|\n|t:|1770667949\n|move|p1a: Pachirisu|Toxic|p2a: Trevenant\n|-status|p2a: Trevenant|tox\n|move|p2a: Trevenant|Earthquake|p1a: Pachirisu\n|-supereffective|p1a: Pachirisu\n|-damage|p1a: Pachirisu|78/268\n|\n|-heal|p1a: Pachirisu|94/268|[from] item: Leftovers\n|-damage|p2a: Trevenant|285/303 tox|[from] psn\n|upkeep\n|turn|2\n|inactive|Battle timer is ON: inactive players will automatically lose when time's up. (requested by 7evy)\n|\n|t:|1770667954\n|move|p1a: Pachirisu|U-turn|p2a: Trevenant\n|-damage|p2a: Trevenant|250/303 tox\n|\n|t:|1770667956\n|switch|p1a: Leavanny|Leavanny, L86, F|269/269|[from] U-turn\n|move|p2a: Trevenant|Toxic|p1a: Leavanny\n|-status|p1a: Leavanny|tox\n|\n|-damage|p1a: Leavanny|253/269 tox|[from] psn\n|-damage|p2a: Trevenant|214/303 tox|[from] psn\n|upkeep\n|turn|3\n|\n|t:|1770667964\n|switch|p2a: Butterfree|Butterfree, L92, F|259/259\n|move|p1a: Leavanny|Knock Off|p2a: Butterfree\n|-damage|p2a: Butterfree|164/259\n|-enditem|p2a: Butterfree|Leftovers|[from] move: Knock Off|[of] p1a: Leavanny\n|\n|-heal|p1a: Leavanny|269/269 tox|[from] item: Leftovers\n|-damage|p1a: Leavanny|237/269 tox|[from] psn\n|upkeep\n|turn|4\n|\n|t:|1770667977\n|move|p1a: Leavanny|Toxic|p2a: Butterfree\n|-status|p2a: Butterfree|tox\n|move|p2a: Butterfree|Quiver Dance|p2a: Butterfree\n|-boost|p2a: Butterfree|spa|1\n|-boost|p2a: Butterfree|spd|1\n|-boost|p2a: Butterfree|spe|1\n|\n|-heal|p1a: Leavanny|253/269 tox|[from] item: Leftovers\n|-damage|p2a: Butterfree|148/259 tox|[from] psn\n|-damage|p1a: Leavanny|205/269 tox|[from] psn\n|upkeep\n|turn|5\n|\n|t:|1770667980\n|switch|p1a: Pachirisu|Pachirisu, L95, M|94/268\n|move|p2a: Butterfree|Bug Buzz|p1a: Pachirisu\n|-damage|p1a: Pachirisu|0 fnt\n|faint|p1a: Pachirisu\n|\n|-damage|p2a: Butterfree|116/259 tox|[from] psn\n|upkeep\n|\n|t:|1770667982\n|switch|p1a: Ditto|Ditto, L84|218/218\n|-transform|p1a: Ditto|p2a: Butterfree|[from] ability: Imposter\n|turn|6\n|\n|t:|1770667997\n|move|p1a: Ditto|Psychic|p2a: Butterfree\n|-damage|p2a: Butterfree|54/259 tox\n|move|p2a: Butterfree|Sleep Powder|p1a: Ditto\n|-status|p1a: Ditto|slp|[from] move: Sleep Powder\n|\n|-damage|p2a: Butterfree|6/259 tox|[from] psn\n|upkeep\n|turn|7\n|\n|t:|1770668002\n|cant|p1a: Ditto|slp\n|move|p2a: Butterfree|Bug Buzz|p1a: Ditto\n|-resisted|p1a: Ditto\n|-damage|p1a: Ditto|120/218 slp\n|\n|-damage|p2a: Butterfree|0 fnt|[from] psn\n|faint|p2a: Butterfree\n|upkeep\n|\n|t:|1770668018\n|switch|p2a: Heatmor|Heatmor, L92, M|306/306\n|turn|8\n|\n|t:|1770668022\n|switch|p1a: Tentacruel|Tentacruel, L83, F|268/268\n|move|p2a: Heatmor|Fire Blast|p1a: Tentacruel\n|-resisted|p1a: Tentacruel\n|-damage|p1a: Tentacruel|215/268\n|-damage|p2a: Heatmor|276/306|[from] item: Life Orb\n|\n|upkeep\n|turn|9\n|\n|t:|1770668028\n|switch|p2a: Gastrodon|Gastrodon, L86, F|331/331\n|move|p1a: Tentacruel|Scald|p2a: Gastrodon\n|-ability|p2a: Gastrodon|Storm Drain|boost\n|-boost|p2a: Gastrodon|spa|1\n|\n|upkeep\n|turn|10\n|\n|t:|1770668033\n|switch|p2a: Garbodor|Garbodor, L88, M|284/284\n|move|p1a: Tentacruel|Knock Off|p2a: Garbodor\n|-damage|p2a: Garbodor|231/284\n|-enditem|p2a: Garbodor|Black Sludge|[from] move: Knock Off|[of] p1a: Tentacruel\n|\n|upkeep\n|turn|11\n|\n|t:|1770668044\n|switch|p2a: Gastrodon|Gastrodon, L86, F|331/331\n|move|p1a: Tentacruel|Scald|p2a: Gastrodon\n|-ability|p2a: Gastrodon|Storm Drain|boost\n|-boost|p2a: Gastrodon|spa|1\n|\n|upkeep\n|turn|12\n|\n|t:|1770668048\n|switch|p1a: Leavanny|Leavanny, L86, F|205/269 tox\n|move|p2a: Gastrodon|Scald|p1a: Leavanny\n|-resisted|p1a: Leavanny\n|-damage|p1a: Leavanny|141/269 tox\n|\n|-heal|p1a: Leavanny|157/269 tox|[from] item: Leftovers\n|-damage|p1a: Leavanny|141/269 tox|[from] psn\n|upkeep\n|turn|13\n|\n|t:|1770668054\n|move|p1a: Leavanny|Sticky Web|p2a: Gastrodon\n|-sidestart|p2: RNGgivethRNGtaketh|move: Sticky Web\n|move|p2a: Gastrodon|Clear Smog|p1a: Leavanny\n|-supereffective|p1a: Leavanny\n|-damage|p1a: Leavanny|37/269 tox\n|-clearboost|p1a: Leavanny\n|\n|-heal|p1a: Leavanny|53/269 tox|[from] item: Leftovers\n|-damage|p1a: Leavanny|21/269 tox|[from] psn\n|upkeep\n|turn|14\n|\n|t:|1770668058\n|switch|p2a: Trevenant|Trevenant, L91, F|214/303 tox\n|-activate|p2a: Trevenant|move: Sticky Web\n|-unboost|p2a: Trevenant|spe|1\n|move|p1a: Leavanny|Leaf Blade|p2a: Trevenant\n|-resisted|p2a: Trevenant\n|-damage|p2a: Trevenant|164/303 tox\n|\n|-heal|p1a: Leavanny|37/269 tox|[from] item: Leftovers\n|-damage|p1a: Leavanny|0 fnt|[from] psn\n|faint|p1a: Leavanny\n|-damage|p2a: Trevenant|146/303 tox|[from] psn\n|upkeep\n|-enditem|p2a: Trevenant|Sitrus Berry|[eat]\n|-heal|p2a: Trevenant|221/303 tox|[from] item: Sitrus Berry\n|\n|t:|1770668066\n|switch|p1a: Ditto|Ditto, L84|120/218 slp\n|-transform|p1a: Ditto|p2a: Trevenant|[from] ability: Imposter\n|turn|15\n|\n|t:|1770668078\n|cant|p1a: Ditto|slp\n|move|p2a: Trevenant|Earthquake|p1a: Ditto\n|-resisted|p1a: Ditto\n|-damage|p1a: Ditto|72/218 slp\n|\n|-damage|p2a: Trevenant|185/303 tox|[from] psn\n|upkeep\n|turn|16\n|\n|t:|1770668087\n|cant|p1a: Ditto|slp\n|move|p2a: Trevenant|Earthquake|p1a: Ditto\n|-resisted|p1a: Ditto\n|-damage|p1a: Ditto|22/218 slp\n|\n|-damage|p2a: Trevenant|131/303 tox|[from] psn\n|upkeep\n|turn|17\n|\n|t:|1770668092\n|-curestatus|p1a: Ditto|slp|[msg]\n|move|p1a: Ditto|Protect|p1a: Ditto\n|-singleturn|p1a: Ditto|Protect\n|move|p2a: Trevenant|Horn Leech|p1a: Ditto\n|-activate|p1a: Ditto|move: Protect\n|\n|-damage|p2a: Trevenant|59/303 tox|[from] psn\n|-item|p2a: Trevenant|Sitrus Berry|[from] ability: Harvest\n|upkeep\n|-enditem|p2a: Trevenant|Sitrus Berry|[eat]\n|-heal|p2a: Trevenant|134/303 tox|[from] item: Sitrus Berry\n|turn|18\n|\n|t:|1770668098\n|switch|p1a: Tentacruel|Tentacruel, L83, F|215/268\n|move|p2a: Trevenant|Horn Leech|p1a: Tentacruel\n|-damage|p1a: Tentacruel|91/268\n|-damage|p2a: Trevenant|72/303 tox|[from] ability: Liquid Ooze|[of] p1a: Tentacruel\n|\n|-damage|p2a: Trevenant|0 fnt|[from] psn\n|faint|p2a: Trevenant\n|upkeep\n|\n|t:|1770668107\n|switch|p2a: Gastrodon|Gastrodon, L86, F|331/331\n|-activate|p2a: Gastrodon|move: Sticky Web\n|-unboost|p2a: Gastrodon|spe|1\n|turn|19\n|\n|t:|1770668111\n|move|p1a: Tentacruel|Knock Off|p2a: Gastrodon\n|-damage|p2a: Gastrodon|271/331\n|-enditem|p2a: Gastrodon|Leftovers|[from] move: Knock Off|[of] p1a: Tentacruel\n|move|p2a: Gastrodon|Earthquake|p1a: Tentacruel\n|-supereffective|p1a: Tentacruel\n|-damage|p1a: Tentacruel|0 fnt\n|faint|p1a: Tentacruel\n|\n|upkeep\n|\n|t:|1770668118\n|switch|p1a: Seismitoad|Seismitoad, L84, F|314/314\n|turn|20\n|\n|t:|1770668122\n|move|p1a: Seismitoad|Earthquake|p2a: Gastrodon\n|-damage|p2a: Gastrodon|148/331\n|move|p2a: Gastrodon|Earthquake|p1a: Seismitoad\n|-damage|p1a: Seismitoad|206/314\n|\n|-heal|p1a: Seismitoad|225/314|[from] item: Leftovers\n|upkeep\n|turn|21\n|\n|t:|1770668133\n|move|p1a: Seismitoad|Stealth Rock|p2a: Gastrodon\n|-sidestart|p2: RNGgivethRNGtaketh|move: Stealth Rock\n|move|p2a: Gastrodon|Recover|p2a: Gastrodon\n|-heal|p2a: Gastrodon|314/331\n|\n|-heal|p1a: Seismitoad|244/314|[from] item: Leftovers\n|upkeep\n|turn|22\n|\n|t:|1770668137\n|move|p1a: Seismitoad|Earthquake|p2a: Gastrodon\n|-damage|p2a: Gastrodon|194/331\n|move|p2a: Gastrodon|Earthquake|p1a: Seismitoad\n|-damage|p1a: Seismitoad|127/314\n|\n|-heal|p1a: Seismitoad|146/314|[from] item: Leftovers\n|upkeep\n|turn|23\n|\n|t:|1770668141\n|move|p1a: Seismitoad|Earthquake|p2a: Gastrodon\n|-damage|p2a: Gastrodon|82/331\n|move|p2a: Gastrodon|Recover|p2a: Gastrodon\n|-heal|p2a: Gastrodon|248/331\n|\n|-heal|p1a: Seismitoad|165/314|[from] item: Leftovers\n|upkeep\n|turn|24\n|\n|t:|1770668145\n|move|p1a: Seismitoad|Earthquake|p2a: Gastrodon\n|-damage|p2a: Gastrodon|116/331\n|move|p2a: Gastrodon|Earthquake|p1a: Seismitoad\n|-damage|p1a: Seismitoad|62/314\n|\n|-heal|p1a: Seismitoad|81/314|[from] item: Leftovers\n|upkeep\n|turn|25\n|\n|t:|1770668149\n|move|p1a: Seismitoad|Earthquake|p2a: Gastrodon\n|-damage|p2a: Gastrodon|0 fnt\n|faint|p2a: Gastrodon\n|\n|-heal|p1a: Seismitoad|100/314|[from] item: Leftovers\n|upkeep\n|\n|t:|1770668153\n|switch|p2a: Manaphy|Manaphy, L76|277/277\n|-activate|p2a: Manaphy|move: Sticky Web\n|-unboost|p2a: Manaphy|spe|1\n|-damage|p2a: Manaphy|243/277|[from] Stealth Rock\n|turn|26\n|\n|t:|1770668161\n|move|p1a: Seismitoad|Earthquake|p2a: Manaphy\n|-damage|p2a: Manaphy|143/277\n|move|p2a: Manaphy|Energy Ball|p1a: Seismitoad\n|-supereffective|p1a: Seismitoad\n|-damage|p1a: Seismitoad|0 fnt\n|faint|p1a: Seismitoad\n|\n|-heal|p2a: Manaphy|160/277|[from] item: Leftovers\n|upkeep\n|\n|t:|1770668169\n|switch|p1a: Ditto|Ditto, L84|22/218\n|-transform|p1a: Ditto|p2a: Manaphy|[from] ability: Imposter\n|turn|27\n|\n|t:|1770668178\n|move|p1a: Ditto|Energy Ball|p2a: Manaphy\n|-supereffective|p2a: Manaphy\n|-damage|p2a: Manaphy|34/277\n|move|p2a: Manaphy|Energy Ball|p1a: Ditto\n|-supereffective|p1a: Ditto\n|-damage|p1a: Ditto|0 fnt\n|faint|p1a: Ditto\n|\n|-heal|p2a: Manaphy|51/277|[from] item: Leftovers\n|upkeep\n|\n|t:|1770668181\n|switch|p1a: Zygarde|Zygarde, L77|293/293\n|-ability|p1a: Zygarde|Aura Break\n|turn|28\n|\n|t:|1770668184\n|move|p1a: Zygarde|Earthquake|p2a: Manaphy\n|-damage|p2a: Manaphy|0 fnt\n|faint|p2a: Manaphy\n|\n|upkeep\n|\n|t:|1770668193\n|switch|p2a: Heatmor|Heatmor, L92, M|276/306\n|-activate|p2a: Heatmor|move: Sticky Web\n|-unboost|p2a: Heatmor|spe|1\n|-damage|p2a: Heatmor|200/306|[from] Stealth Rock\n|turn|29\n|\n|t:|1770668199\n|move|p1a: Zygarde|Earthquake|p2a: Heatmor\n|-supereffective|p2a: Heatmor\n|-damage|p2a: Heatmor|0 fnt\n|faint|p2a: Heatmor\n|\n|upkeep\n|\n|t:|1770668202\n|switch|p2a: Garbodor|Garbodor, L88, M|231/284\n|-activate|p2a: Garbodor|move: Sticky Web\n|-unboost|p2a: Garbodor|spe|1\n|-damage|p2a: Garbodor|196/284|[from] Stealth Rock\n|turn|30\n|\n|t:|1770668206\n|move|p1a: Zygarde|Earthquake|p2a: Garbodor\n|-supereffective|p2a: Garbodor\n|-damage|p2a: Garbodor|16/284\n|move|p2a: Garbodor|Drain Punch|p1a: Zygarde\n|-damage|p1a: Zygarde|239/293\n|-heal|p2a: Garbodor|43/284|[from] drain|[of] p1a: Zygarde\n|\n|upkeep\n|turn|31\n|c|☆RNGgivethRNGtaketh|Gg\n|c|☆RNGgivethRNGtaketh|Wp\n|\n|t:|1770668214\n|move|p1a: Zygarde|Earthquake|p2a: Garbodor\n|-supereffective|p2a: Garbodor\n|-damage|p2a: Garbodor|0 fnt\n|faint|p2a: Garbodor\n|\n|win|7evy\n|raw|7evy's rating: 1696 &rarr; <strong>1710</strong><br />(+14 for winning)\n|raw|RNGgivethRNGtaketh's rating: 1579 &rarr; <strong>1565</strong><br />(-14 for losing)\n|l|☆7evy\n|player|p1|\n", "inputlog": ">version ccdc32dd7cde25fd9e4bed64820e885f66e78a4e\n>start {\"formatid\":\"gen6randombattle\",\"seed\":\"sodium,bc126a003c28c1472618d27e70d7f2c1\",\"rated\":\"Rated battle\"}\n>player p1 {\"name\":\"7evy\",\"avatar\":\"turo\",\"rating\":1681,\"seed\":\"sodium,bcb19ac4f7d3ee35f20416c789ad99de\"}\n>player p2 {\"name\":\"RNGgivethRNGtaketh\",\"avatar\":\"brock\",\"rating\":1579,\"seed\":\"sodium,20926b1063b50749015f2a91550b0e36\"}\n>p1 move toxic\n>p2 move earthquake\n>p1 move uturn\n>p2 move toxic\n>p1 switch 5\n>p1 move knockoff\n>p2 switch 5\n>p1 move toxic\n>p2 move quiverdance\n>p1 switch 5\n>p2 move bugbuzz\n>p1 switch 6\n>p1 move psychic\n>p2 move sleeppowder\n>p1 move psychic\n>p2 move bugbuzz\n>p2 switch 6\n>p1 switch 3\n>p2 move fireblast\n>p1 move scald\n>p2 switch 2\n>p1 move knockoff\n>p2 switch 4\n>p1 move scald\n>p2 switch 4\n>p1 switch 5\n>p2 move scald\n>p1 move stickyweb\n>p2 move clearsmog\n>p1 move leafblade\n>p2 switch 5\n>p1 switch 3\n>p1 move toxic\n>p2 move earthquake\n>p1 move hornleech\n>p2 move earthquake\n>p1 move protect\n>p2 move hornleech\n>p1 switch 5\n>p2 move hornleech\n>p2 switch 5\n>p1 move knockoff\n>p2 move earthquake\n>p1 switch 4\n>p1 move earthquake\n>p2 move earthquake\n>p1 move stealthrock\n>p2 move recover\n>p1 move earthquake\n>p2 move earthquake\n>p1 move earthquake\n>p2 move recover\n>p1 move earthquake\n>p2 move earthquake\n>p1 move earthquake\n>p2 move recover\n>p2 switch 3\n>p1 move earthquake\n>p2 move energyball\n>p1 switch 5\n>p1 move energyball\n>p2 move energyball\n>p1 switch 2\n>p1 move earthquake\n>p2 move icebeam\n>p2 switch 2\n>p1 move earthquake\n>p2 move fireblast\n>p2 switch 4\n>p1 move earthquake\n>p2 move drainpunch\n>chat ☆RNGgivethRNGtaketh|Gg\n>chat ☆RNGgivethRNGtaketh|Wp\n>p1 move earthquake\n>p2 move gunkshot", "uploadtime": 1770668223, "views": 237, "formatid": "gen6randombattle", "rating": 1565, "private": 0, "password": null}