{"id": "gen6randombattle-2520019564", "format": "[Gen 6] Random Battle", "players": ["arboretums", "jag gillar knark"], "log": "|j|☆arboretums\n|j|☆jag gillar knark\n|t:|1768580647\n|gametype|singles\n|player|p1|arboretums|serena-masters2|1616\n|player|p2|jag gillar knark|#rbtt9storms|1710\n|gen|6\n|tier|[Gen 6] Random Battle\n|rated|\n|rule|Sleep Clause Mod: Limit one foe put to sleep\n|rule|HP Percentage Mod: HP is shown in percentages\n|rule|Illusion Level Mod: Illusion disguises the Pokémon's true level\n|\n|t:|1768580647\n|teamsize|p1|6\n|teamsize|p2|6\n|start\n|switch|p1a: Simisear|Simisear, L88, M|275/275\n|switch|p2a: Hypno|Hypno, L96, F|319/319\n|turn|1\n|c|☆arboretums|oo nice av\n|inactive|Battle timer is ON: inactive players will automatically lose when time's up. (requested by arboretums)\n|c|☆jag gillar knark|thx its for rbtt 9 that just started\n|c|☆jag gillar knark|hf\n|inactive|jag gillar knark has 120 seconds left.\n|c|☆arboretums|woah\n|\n|t:|1768580696\n|move|p1a: Simisear|Substitute|p1a: Simisear\n|-start|p1a: Simisear|Substitute\n|-damage|p1a: Simisear|207/275\n|move|p2a: Hypno|Psychic|p1a: Simisear\n|-end|p1a: Simisear|Substitute\n|\n|-heal|p1a: Simisear|224/275|[from] item: Leftovers\n|upkeep\n|turn|2\n|c|☆arboretums|wait how do u win them?\n|\n|t:|1768580708\n|move|p1a: Simisear|Substitute|p1a: Simisear\n|-start|p1a: Simisear|Substitute\n|-damage|p1a: Simisear|156/275\n|move|p2a: Hypno|Psychic|p1a: Simisear\n|-end|p1a: Simisear|Substitute\n|\n|-heal|p1a: Simisear|173/275|[from] item: Leftovers\n|upkeep\n|turn|3\n|c|☆jag gillar knark|https://www.smogon.com/forums/threads/random-battles-team-tournament-ix-round-1.3776310/\n|c|☆jag gillar knark|its this tournament\n|c|☆arboretums|thank u\n|c|☆jag gillar knark|has already started though\n|inactive|jag gillar knark has 120 seconds left.\n|c|☆jag gillar knark|but each player that is drafted to a team gets their teams custom avatar\n|\n|t:|1768580752\n|move|p1a: Simisear|Nasty Plot|p1a: Simisear\n|-boost|p1a: Simisear|spa|2\n|move|p2a: Hypno|Psychic|p1a: Simisear\n|-damage|p1a: Simisear|47/275\n|\n|-heal|p1a: Simisear|64/275|[from] item: Leftovers\n|upkeep\n|turn|4\n|c|☆arboretums|oh okay\n|c|☆arboretums|thats so cool\n|\n|t:|1768580771\n|move|p1a: Simisear|Fire Blast|p2a: Hypno|[miss]\n|-miss|p1a: Simisear|p2a: Hypno\n|move|p2a: Hypno|Psychic|p1a: Simisear\n|-damage|p1a: Simisear|0 fnt\n|faint|p1a: Simisear\n|\n|upkeep\n|\n|t:|1768580774\n|switch|p1a: Zangoose|Zangoose, L84, M|260/260\n|turn|5\n|inactive|jag gillar knark has 120 seconds left.\n|\n|t:|1768580793\n|move|p1a: Zangoose|Swords Dance|p1a: Zangoose\n|-boost|p1a: Zangoose|atk|2\n|move|p2a: Hypno|Psychic|p1a: Zangoose\n|-damage|p1a: Zangoose|122/260\n|\n|-status|p1a: Zangoose|tox|[from] item: Toxic Orb\n|upkeep\n|turn|6\n|c|☆jag gillar knark|agreed\n|inactive|jag gillar knark has 120 seconds left.\n|\n|t:|1768580812\n|move|p1a: Zangoose|Knock Off|p2a: Hypno\n|-supereffective|p2a: Hypno\n|-damage|p2a: Hypno|0 fnt\n|-enditem|p2a: Hypno|Leftovers|[from] move: Knock Off|[of] p1a: Zangoose\n|faint|p2a: Hypno\n|\n|-damage|p1a: Zangoose|106/260 tox|[from] psn\n|upkeep\n|\n|t:|1768580818\n|switch|p2a: Starmie|Starmie, L82|233/233\n|turn|7\n|inactive|jag gillar knark has 120 seconds left.\n|\n|t:|1768580827\n|switch|p1a: Cradily|Cradily, L89, F|298/298\n|move|p2a: Starmie|Psyshock|p1a: Cradily\n|-damage|p1a: Cradily|177/298\n|-damage|p2a: Starmie|210/233|[from] item: Life Orb\n|\n|-heal|p1a: Cradily|195/298|[from] item: Leftovers\n|upkeep\n|turn|8\n|inactive|jag gillar knark has 120 seconds left.\n|\n|t:|1768580846\n|move|p2a: Starmie|Ice Beam|p1a: Cradily\n|-supereffective|p1a: Cradily\n|-damage|p1a: Cradily|65/298\n|-damage|p2a: Starmie|187/233|[from] item: Life Orb\n|move|p1a: Cradily|Giga Drain|p2a: Starmie\n|-supereffective|p2a: Starmie\n|-damage|p2a: Starmie|37/233\n|-heal|p1a: Cradily|140/298|[from] drain|[of] p2a: Starmie\n|\n|-heal|p1a: Cradily|158/298|[from] item: Leftovers\n|upkeep\n|turn|9\n|inactive|jag gillar knark has 120 seconds left.\n|\n|t:|1768580866\n|switch|p2a: Beedrill|Beedrill, L94, F|275/275\n|move|p1a: Cradily|Recover|p1a: Cradily\n|-heal|p1a: Cradily|298/298\n|\n|upkeep\n|turn|10\n|\n|t:|1768580873\n|move|p2a: Beedrill|U-turn|p1a: Cradily\n|-supereffective|p1a: Cradily\n|-damage|p1a: Cradily|142/298\n|\n|t:|1768580880\n|switch|p2a: Starmie|Starmie, L82|37/233|[from] U-turn\n|move|p1a: Cradily|Stone Edge|p2a: Starmie|[miss]\n|-miss|p1a: Cradily|p2a: Starmie\n|\n|-heal|p1a: Cradily|160/298|[from] item: Leftovers\n|upkeep\n|turn|11\n|inactive|jag gillar knark has 120 seconds left.\n|\n|t:|1768580885\n|move|p2a: Starmie|Ice Beam|p1a: Cradily\n|-supereffective|p1a: Cradily\n|-damage|p1a: Cradily|38/298\n|-damage|p2a: Starmie|14/233|[from] item: Life Orb\n|move|p1a: Cradily|Recover|p1a: Cradily\n|-heal|p1a: Cradily|187/298\n|\n|-heal|p1a: Cradily|205/298|[from] item: Leftovers\n|upkeep\n|turn|12\n|\n|t:|1768580893\n|switch|p2a: Beedrill|Beedrill, L94, F|275/275\n|move|p1a: Cradily|Recover|p1a: Cradily\n|-heal|p1a: Cradily|298/298\n|\n|upkeep\n|turn|13\n|\n|t:|1768580901\n|move|p2a: Beedrill|U-turn|p1a: Cradily\n|-supereffective|p1a: Cradily\n|-damage|p1a: Cradily|158/298\n|\n|t:|1768580902\n|switch|p2a: Starmie|Starmie, L82|14/233|[from] U-turn\n|move|p1a: Cradily|Stone Edge|p2a: Starmie\n|-damage|p2a: Starmie|0 fnt\n|faint|p2a: Starmie\n|\n|-heal|p1a: Cradily|176/298|[from] item: Leftovers\n|upkeep\n|\n|t:|1768580910\n|switch|p2a: Thundurus|Thundurus, L78, M|251/251\n|turn|14\n|\n|t:|1768580924\n|switch|p1a: Bronzong|Bronzong, L85|253/253\n|move|p2a: Thundurus|Superpower|p1a: Bronzong\n|-damage|p1a: Bronzong|167/253\n|-unboost|p2a: Thundurus|atk|1\n|-unboost|p2a: Thundurus|def|1\n|-damage|p2a: Thundurus|226/251|[from] item: Life Orb\n|\n|-heal|p1a: Bronzong|182/253|[from] item: Leftovers\n|upkeep\n|turn|15\n|\n|t:|1768580932\n|move|p2a: Thundurus|Knock Off|p1a: Bronzong\n|-supereffective|p1a: Bronzong\n|-damage|p1a: Bronzong|91/253\n|-enditem|p1a: Bronzong|Leftovers|[from] move: Knock Off|[of] p2a: Thundurus\n|-damage|p2a: Thundurus|201/251|[from] item: Life Orb\n|move|p1a: Bronzong|Psychic|p2a: Thundurus\n|-damage|p2a: Thundurus|104/251\n|\n|upkeep\n|turn|16\n|\n|t:|1768580940\n|move|p2a: Thundurus|Thunderbolt|p1a: Bronzong\n|-damage|p1a: Bronzong|0 fnt\n|faint|p1a: Bronzong\n|-damage|p2a: Thundurus|79/251|[from] item: Life Orb\n|\n|upkeep\n|\n|t:|1768580949\n|switch|p1a: Starmie|Starmie, L82|233/233\n|turn|17\n|\n|t:|1768580955\n|switch|p2a: Seismitoad|Seismitoad, L84, F|314/314\n|move|p1a: Starmie|Psyshock|p2a: Seismitoad\n|-damage|p2a: Seismitoad|220/314\n|\n|-heal|p2a: Seismitoad|239/314|[from] item: Leftovers\n|upkeep\n|turn|18\n|\n|t:|1768580978\n|switch|p1a: Scizor|Scizor, L74, F|226/226\n|move|p2a: Seismitoad|Stealth Rock|p1a: Scizor\n|-sidestart|p1: arboretums|move: Stealth Rock\n|\n|-heal|p2a: Seismitoad|258/314|[from] item: Leftovers\n|upkeep\n|turn|19\n|\n|t:|1768580990\n|detailschange|p1a: Scizor|Scizor-Mega, L74, F\n|-mega|p1a: Scizor|Scizor|Scizorite\n|move|p2a: Seismitoad|Scald|p1a: Scizor\n|-damage|p1a: Scizor|148/226\n|move|p1a: Scizor|Knock Off|p2a: Seismitoad\n|-damage|p2a: Seismitoad|171/314\n|-enditem|p2a: Seismitoad|Leftovers|[from] move: Knock Off|[of] p1a: Scizor\n|\n|upkeep\n|turn|20\n|\n|t:|1768580996\n|move|p2a: Seismitoad|Scald|p1a: Scizor\n|-damage|p1a: Scizor|64/226\n|move|p1a: Scizor|Roost|p1a: Scizor\n|-heal|p1a: Scizor|177/226\n|-singleturn|p1a: Scizor|move: Roost\n|\n|upkeep\n|turn|21\n|\n|t:|1768581001\n|switch|p1a: Cradily|Cradily, L89, F|176/298\n|-damage|p1a: Cradily|139/298|[from] Stealth Rock\n|move|p2a: Seismitoad|Scald|p1a: Cradily\n|-ability|p1a: Cradily|Storm Drain|boost\n|-boost|p1a: Cradily|spa|1\n|\n|-heal|p1a: Cradily|157/298|[from] item: Leftovers\n|upkeep\n|turn|22\n|\n|t:|1768581015\n|switch|p2a: Salamence|Salamence, L68, F|242/242\n|-ability|p2a: Salamence|Intimidate|boost\n|-unboost|p1a: Cradily|atk|1\n|move|p1a: Cradily|Recover|p1a: Cradily\n|-heal|p1a: Cradily|298/298\n|\n|upkeep\n|turn|23\n|\n|t:|1768581026\n|move|p2a: Salamence|Dragon Dance|p2a: Salamence\n|-boost|p2a: Salamence|atk|1\n|-boost|p2a: Salamence|spe|1\n|move|p1a: Cradily|Stone Edge|p2a: Salamence\n|-supereffective|p2a: Salamence\n|-crit|p2a: Salamence\n|-damage|p2a: Salamence|0 fnt\n|faint|p2a: Salamence\n|\n|upkeep\n|\n|t:|1768581030\n|switch|p2a: Beedrill|Beedrill, L94, F|275/275\n|turn|24\n|\n|t:|1768581042\n|switch|p1a: Scizor|Scizor-Mega, L74, F|177/226\n|-damage|p1a: Scizor|149/226|[from] Stealth Rock\n|move|p2a: Beedrill|U-turn|p1a: Scizor\n|-resisted|p1a: Scizor\n|-damage|p1a: Scizor|114/226\n|\n|t:|1768581045\n|switch|p2a: Seismitoad|Seismitoad, L84, F|171/314|[from] U-turn\n|\n|upkeep\n|turn|25\n|\n|t:|1768581054\n|switch|p2a: Beedrill|Beedrill, L94, F|275/275\n|move|p1a: Scizor|U-turn|p2a: Beedrill\n|-resisted|p2a: Beedrill\n|-damage|p2a: Beedrill|217/275\n|\n|t:|1768581059\n|switch|p1a: Starmie|Starmie, L82|233/233|[from] U-turn\n|-damage|p1a: Starmie|204/233|[from] Stealth Rock\n|\n|-heal|p1a: Starmie|218/233|[from] item: Leftovers\n|-heal|p2a: Beedrill|234/275|[from] item: Black Sludge\n|upkeep\n|turn|26\n|c|☆jag gillar knark|gg\n|c|☆arboretums|gg\n|c|☆arboretums|wp\n|-message|jag gillar knark forfeited.\n|\n|win|arboretums\n|raw|arboretums's rating: 1616 &rarr; <strong>1641</strong><br />(+25 for winning)\n|raw|jag gillar knark's rating: 1710 &rarr; <strong>1685</strong><br />(-25 for losing)\n|l|☆jag gillar knark\n|player|p2|\n", "inputlog": ">version 3bd1a1e329da8d286644078cfc9a9638fc7ea025\n>start {\"formatid\":\"gen6randombattle\",\"seed\":\"sodium,6bfefe8d3849b00f23ed3182c7ba9c5c\",\"rated\":\"Rated battle\"}\n>player p1 {\"name\":\"arboretums\",\"avatar\":\"serena-masters2\",\"rating\":1616,\"seed\":\"sodium,827490da16374e08efc9aa1a98686715\"}\n>player p2 {\"name\":\"jag gillar knark\",\"avatar\":\"#rbtt9storms\",\"rating\":1710,\"seed\":\"sodium,bbcc3048381f9caff8c84c5e9472989f\"}\n>chat ☆arboretums|oo nice av\n>chat ☆jag gillar knark|thx its for rbtt 9 that just started\n>chat ☆jag gillar knark|hf\n>chat ☆arboretums|woah\n>p1 move substitute\n>p2 move psychic\n>chat ☆arboretums|wait how do u win them?\n>p1 move substitute\n>p2 move psychic\n>chat ☆jag gillar knark|https://www.smogon.com/forums/threads/random-battles-team-tournament-ix-round-1.3776310/\n>chat ☆jag gillar knark|its this tournament\n>chat ☆arboretums|thank u\n>chat ☆jag gillar knark|has already started though\n>chat ☆jag gillar knark|but each player that is drafted to a team gets their teams custom avatar\n>p1 move nastyplot\n>p2 move psychic\n>chat ☆arboretums|oh okay\n>chat ☆arboretums|thats so cool\n>p1 move fireblast\n>p2 move psychic\n>p1 switch 5\n>p1 move swordsdance\n>p2 move psychic\n>chat ☆jag gillar knark|agreed\n>p1 move knockoff\n>p2 move psychic\n>p2 switch 3\n>p1 switch 6\n>p2 move psyshock\n>p1 move gigadrain\n>p2 move icebeam\n>p1 move recover\n>p2 switch 4\n>p1 move stoneedge\n>p2 move uturn\n>p2 switch 4\n>p1 move recover\n>p2 move icebeam\n>p1 move recover\n>p2 switch 4\n>p1 move stoneedge\n>p2 move uturn\n>p2 switch 4\n>p2 switch 6\n>p1 switch 4\n>p2 move superpower\n>p1 move psychic\n>p2 move knockoff\n>p1 move psychic\n>p2 move thunderbolt\n>p1 switch 3\n>p1 move psyshock\n>p2 switch 2\n>p1 switch 2\n>p2 move stealthrock\n>p1 move knockoff mega\n>p2 move scald\n>p1 move roost\n>p2 move scald\n>p1 switch 4\n>p2 move scald\n>p1 move recover\n>p2 switch 5\n>p1 move stoneedge\n>p2 move dragondance\n>p2 switch 4\n>p1 switch 4\n>p2 move uturn\n>p2 switch 5\n>p1 move uturn\n>p2 switch 5\n>p1 switch 2\n>chat ☆jag gillar knark|gg\n>chat ☆arboretums|gg\n>chat ☆arboretums|wp\n>forcelose p2", "uploadtime": 1768581072, "views": 300, "formatid": "gen6randombattle", "rating": 1641, "private": 0, "password": null}