{"id": "gen6randombattle-2529614069", "format": "[Gen 6] Random Battle", "players": ["AtomFreeFaller21", "Anantika"], "log": "|j|☆AtomFreeFaller21\n|j|☆Anantika\n|t:|1769804171\n|gametype|singles\n|player|p1|AtomFreeFaller21|265|1704\n|player|p2|Anantika|iris-gen5bw2|1499\n|gen|6\n|tier|[Gen 6] Random Battle\n|rated|\n|rule|Sleep Clause Mod: Limit one foe put to sleep\n|rule|HP Percentage Mod: HP is shown in percentages\n|rule|Illusion Level Mod: Illusion disguises the Pokémon's true level\n|\n|t:|1769804171\n|teamsize|p1|6\n|teamsize|p2|6\n|start\n|switch|p1a: Landorus|Landorus, L76, M|260/260\n|switch|p2a: Skuntank|Skuntank, L85, F|314/314\n|turn|1\n|inactive|Battle timer is ON: inactive players will automatically lose when time's up. (requested by Anantika)\n|\n|t:|1769804185\n|switch|p2a: Mesprit|Mesprit, L85|275/275\n|move|p1a: Landorus|Knock Off|p2a: Mesprit\n|-supereffective|p2a: Mesprit\n|-damage|p2a: Mesprit|106/275\n|-enditem|p2a: Mesprit|Life Orb|[from] move: Knock Off|[of] p1a: Landorus\n|-damage|p1a: Landorus|234/260|[from] item: Life Orb\n|\n|upkeep\n|turn|2\n|\n|t:|1769804199\n|move|p1a: Landorus|Knock Off|p2a: Mesprit\n|-supereffective|p2a: Mesprit\n|-damage|p2a: Mesprit|10/275\n|-damage|p1a: Landorus|208/260|[from] item: Life Orb\n|move|p2a: Mesprit|Psyshock|p1a: Landorus\n|-damage|p1a: Landorus|103/260\n|\n|upkeep\n|turn|3\n|\n|t:|1769804209\n|move|p1a: Landorus|Knock Off|p2a: Mesprit\n|-supereffective|p2a: Mesprit\n|-damage|p2a: Mesprit|0 fnt\n|faint|p2a: Mesprit\n|-damage|p1a: Landorus|77/260|[from] item: Life Orb\n|\n|upkeep\n|\n|t:|1769804228\n|switch|p2a: Skuntank|Skuntank, L85, F|314/314\n|turn|4\n|\n|t:|1769804243\n|switch|p1a: Ferrothorn|Ferrothorn, L71, M|223/223\n|move|p2a: Skuntank|Fire Blast|p1a: Ferrothorn\n|-supereffective|p1a: Ferrothorn\n|-damage|p1a: Ferrothorn|0 fnt\n|faint|p1a: Ferrothorn\n|\n|upkeep\n|\n|t:|1769804249\n|switch|p1a: Landorus|Landorus, L76, M|77/260\n|turn|5\n|\n|t:|1769804252\n|move|p1a: Landorus|Earth Power|p2a: Skuntank\n|-supereffective|p2a: Skuntank\n|-damage|p2a: Skuntank|72/314\n|move|p2a: Skuntank|Fire Blast|p1a: Landorus|[miss]\n|-miss|p2a: Skuntank|p1a: Landorus\n|\n|upkeep\n|turn|6\n|\n|t:|1769804259\n|move|p2a: Skuntank|Sucker Punch|p1a: Landorus\n|-damage|p1a: Landorus|0 fnt\n|faint|p1a: Landorus\n|\n|upkeep\n|\n|t:|1769804264\n|switch|p1a: Rapidash|Rapidash, L87, M|255/255\n|turn|7\n|\n|t:|1769804268\n|move|p2a: Skuntank|Sucker Punch||[still]\n|-fail|p2a: Skuntank\n|move|p1a: Rapidash|Will-O-Wisp|p2a: Skuntank\n|-status|p2a: Skuntank|brn\n|\n|-damage|p2a: Skuntank|33/314 brn|[from] brn\n|upkeep\n|turn|8\n|\n|t:|1769804276\n|move|p2a: Skuntank|Sucker Punch|p1a: Rapidash\n|-damage|p1a: Rapidash|210/255\n|move|p1a: Rapidash|Drill Run|p2a: Skuntank\n|-supereffective|p2a: Skuntank\n|-damage|p2a: Skuntank|0 fnt\n|-damage|p1a: Rapidash|147/255|[from] ability: Aftermath|[of] p2a: Skuntank\n|faint|p2a: Skuntank\n|\n|-heal|p1a: Rapidash|162/255|[from] item: Leftovers\n|upkeep\n|\n|t:|1769804279\n|switch|p2a: Sandslash|Sandslash, L89, M|278/278\n|turn|9\n|\n|t:|1769804292\n|move|p1a: Rapidash|Will-O-Wisp|p2a: Sandslash\n|-status|p2a: Sandslash|brn\n|move|p2a: Sandslash|Earthquake|p1a: Rapidash\n|-supereffective|p1a: Rapidash\n|-damage|p1a: Rapidash|15/255\n|\n|-heal|p1a: Rapidash|30/255|[from] item: Leftovers\n|-damage|p2a: Sandslash|244/278 brn|[from] brn\n|upkeep\n|turn|10\n|\n|t:|1769804300\n|switch|p1a: Giratina|Giratina-Origin, L70|326/326\n|move|p2a: Sandslash|Stone Edge|p1a: Giratina\n|-damage|p1a: Giratina|280/326\n|\n|-heal|p2a: Sandslash|261/278 brn|[from] item: Leftovers\n|-damage|p2a: Sandslash|227/278 brn|[from] brn\n|upkeep\n|turn|11\n|\n|t:|1769804306\n|move|p1a: Giratina|Shadow Ball|p2a: Sandslash\n|-damage|p2a: Sandslash|112/278 brn\n|move|p2a: Sandslash|Toxic|p1a: Giratina\n|-status|p1a: Giratina|tox\n|\n|-heal|p2a: Sandslash|129/278 brn|[from] item: Leftovers\n|-damage|p1a: Giratina|260/326 tox|[from] psn\n|-damage|p2a: Sandslash|95/278 brn|[from] brn\n|upkeep\n|turn|12\n|\n|t:|1769804314\n|move|p1a: Giratina|Shadow Ball|p2a: Sandslash\n|-crit|p2a: Sandslash\n|-damage|p2a: Sandslash|0 fnt\n|faint|p2a: Sandslash\n|\n|-damage|p1a: Giratina|220/326 tox|[from] psn\n|upkeep\n|\n|t:|1769804320\n|switch|p2a: Cacturne|Cacturne, L90, M|272/272\n|turn|13\n|\n|t:|1769804344\n|move|p1a: Giratina|Outrage|p2a: Cacturne\n|-damage|p2a: Cacturne|113/272\n|move|p2a: Cacturne|Swords Dance|p2a: Cacturne\n|-boost|p2a: Cacturne|atk|2\n|\n|-damage|p1a: Giratina|160/326 tox|[from] psn\n|upkeep\n|turn|14\n|\n|t:|1769804350\n|move|p2a: Cacturne|Sucker Punch|p1a: Giratina\n|-supereffective|p1a: Giratina\n|-damage|p1a: Giratina|0 fnt\n|faint|p1a: Giratina\n|-damage|p2a: Cacturne|86/272|[from] item: Life Orb\n|\n|upkeep\n|\n|t:|1769804355\n|switch|p1a: Purugly|Purugly, L88, M|268/268\n|turn|15\n|\n|t:|1769804358\n|move|p1a: Purugly|Fake Out|p2a: Cacturne\n|-damage|p2a: Cacturne|25/272\n|cant|p2a: Cacturne|flinch\n|\n|upkeep\n|turn|16\n|\n|t:|1769804367\n|switch|p1a: Tauros|Tauros, L82, M|257/257\n|-ability|p1a: Tauros|Intimidate|boost\n|-unboost|p2a: Cacturne|atk|1\n|move|p2a: Cacturne|Drain Punch|p1a: Tauros\n|-supereffective|p1a: Tauros\n|-damage|p1a: Tauros|13/257\n|-heal|p2a: Cacturne|147/272|[from] drain|[of] p1a: Tauros\n|-damage|p2a: Cacturne|120/272|[from] item: Life Orb\n|\n|upkeep\n|turn|17\n|\n|t:|1769804379\n|switch|p1a: Purugly|Purugly, L88, M|268/268\n|move|p2a: Cacturne|Sucker Punch||[still]\n|-fail|p2a: Cacturne\n|\n|upkeep\n|turn|18\n|\n|t:|1769804383\n|move|p2a: Cacturne|Sucker Punch|p1a: Purugly\n|-damage|p1a: Purugly|0 fnt\n|faint|p1a: Purugly\n|-damage|p2a: Cacturne|93/272|[from] item: Life Orb\n|\n|upkeep\n|\n|t:|1769804385\n|switch|p1a: Tauros|Tauros, L82, M|13/257\n|-ability|p1a: Tauros|Intimidate|boost\n|-unboost|p2a: Cacturne|atk|1\n|turn|19\n|\n|t:|1769804393\n|move|p2a: Cacturne|Sucker Punch|p1a: Tauros\n|-damage|p1a: Tauros|0 fnt\n|faint|p1a: Tauros\n|-damage|p2a: Cacturne|66/272|[from] item: Life Orb\n|\n|upkeep\n|\n|t:|1769804395\n|switch|p1a: Rapidash|Rapidash, L87, M|30/255\n|turn|20\n|\n|t:|1769804397\n|move|p2a: Cacturne|Sucker Punch||[still]\n|-fail|p2a: Cacturne\n|move|p1a: Rapidash|Morning Sun|p1a: Rapidash\n|-heal|p1a: Rapidash|157/255\n|\n|-heal|p1a: Rapidash|172/255|[from] item: Leftovers\n|upkeep\n|turn|21\n|\n|t:|1769804402\n|move|p2a: Cacturne|Sucker Punch||[still]\n|-fail|p2a: Cacturne\n|move|p1a: Rapidash|Will-O-Wisp|p2a: Cacturne\n|-status|p2a: Cacturne|brn\n|\n|-heal|p1a: Rapidash|187/255|[from] item: Leftovers\n|-damage|p2a: Cacturne|32/272 brn|[from] brn\n|upkeep\n|turn|22\n|\n|t:|1769804411\n|move|p2a: Cacturne|Sucker Punch||[still]\n|-fail|p2a: Cacturne\n|move|p1a: Rapidash|Morning Sun|p1a: Rapidash\n|-heal|p1a: Rapidash|255/255\n|\n|-damage|p2a: Cacturne|0 fnt|[from] brn\n|faint|p2a: Cacturne\n|upkeep\n|\n|t:|1769804414\n|switch|p2a: Steelix|Steelix, L80, M|251/251\n|turn|23\n|\n|t:|1769804420\n|detailschange|p2a: Steelix|Steelix-Mega, L80, M\n|-mega|p2a: Steelix|Steelix|Steelixite\n|move|p1a: Rapidash|Will-O-Wisp|p2a: Steelix\n|-status|p2a: Steelix|brn\n|move|p2a: Steelix|Toxic|p1a: Rapidash\n|-status|p1a: Rapidash|tox\n|\n|-damage|p1a: Rapidash|240/255 tox|[from] psn\n|-damage|p2a: Steelix|220/251 brn|[from] brn\n|upkeep\n|turn|24\n|\n|t:|1769804430\n|move|p1a: Rapidash|Flare Blitz|p2a: Steelix\n|-supereffective|p2a: Steelix\n|-damage|p2a: Steelix|80/251 brn\n|-damage|p1a: Rapidash|194/255 tox|[from] Recoil\n|move|p2a: Steelix|Earthquake|p1a: Rapidash\n|-supereffective|p1a: Rapidash\n|-damage|p1a: Rapidash|64/255 tox\n|\n|-heal|p1a: Rapidash|79/255 tox|[from] item: Leftovers\n|-damage|p1a: Rapidash|49/255 tox|[from] psn\n|-damage|p2a: Steelix|49/251 brn|[from] brn\n|upkeep\n|turn|25\n|\n|t:|1769804440\n|move|p1a: Rapidash|Drill Run|p2a: Steelix\n|-supereffective|p2a: Steelix\n|-damage|p2a: Steelix|0 fnt\n|faint|p2a: Steelix\n|detailschange|p2: Steelix|Steelix, L80, M|[silent]\n|\n|-heal|p1a: Rapidash|64/255 tox|[from] item: Leftovers\n|-damage|p1a: Rapidash|19/255 tox|[from] psn\n|upkeep\n|\n|t:|1769804443\n|switch|p2a: Wigglytuff|Wigglytuff, L93, F|411/411\n|turn|26\n|c|☆Anantika|Gg\n|\n|t:|1769804468\n|move|p1a: Rapidash|Flare Blitz|p2a: Wigglytuff\n|-damage|p2a: Wigglytuff|224/411\n|-damage|p1a: Rapidash|0 fnt|[from] Recoil\n|faint|p1a: Rapidash\n|\n|win|Anantika\n|raw|AtomFreeFaller21's rating: 1704 &rarr; <strong>1673</strong><br />(-31 for losing)\n|raw|Anantika's rating: 1499 &rarr; <strong>1530</strong><br />(+31 for winning)\n|l|☆AtomFreeFaller21\n|player|p1|\n", "inputlog": ">version b99ff0165a6231f17e8b78c2a78d1998375de664\n>start {\"formatid\":\"gen6randombattle\",\"seed\":\"sodium,ce6ede69e18093cddb45c4757cf8346d\",\"rated\":\"Rated battle\"}\n>player p1 {\"name\":\"AtomFreeFaller21\",\"avatar\":\"265\",\"rating\":1704,\"seed\":\"sodium,1d979600e8df8a025451c4dd53f391df\"}\n>player p2 {\"name\":\"Anantika\",\"avatar\":\"iris-gen5bw2\",\"rating\":1499,\"seed\":\"sodium,ff092a911c62ae0eb39183abd5751ea0\"}\n>p1 move knockoff\n>p2 switch 6\n>p1 move knockoff\n>p2 move psyshock\n>p1 move knockoff\n>p2 move psyshock\n>p2 switch 6\n>p1 switch 5\n>p2 move fireblast\n>p1 switch 5\n>p1 move earthpower\n>p2 move fireblast\n>p1 move earthpower\n>p2 move suckerpunch\n>p1 switch 3\n>p1 move willowisp\n>p2 move suckerpunch\n>p1 move drillrun\n>p2 move suckerpunch\n>p2 switch 2\n>p1 move willowisp\n>p2 move earthquake\n>p1 switch 4\n>p2 move stoneedge\n>p1 move shadowball\n>p2 move toxic\n>p1 move shadowball\n>p2 move stoneedge\n>p2 switch 3\n>p1 move outrage\n>p2 move swordsdance\n>p1 move outrage\n>p2 move suckerpunch\n>p1 switch 2\n>p1 move fakeout\n>p2 move drainpunch\n>p1 switch 6\n>p2 move drainpunch\n>p1 switch 6\n>p2 move suckerpunch\n>p1 move uturn\n>p2 move suckerpunch\n>p1 switch 6\n>p1 move doubleedge\n>p2 move suckerpunch\n>p1 switch 4\n>p1 move morningsun\n>p2 move suckerpunch\n>p1 move willowisp\n>p2 move suckerpunch\n>p1 move morningsun\n>p2 move suckerpunch\n>p2 switch 5\n>p1 move willowisp\n>p2 move toxic mega\n>p1 move flareblitz\n>p2 move earthquake\n>p1 move drillrun\n>p2 move earthquake\n>p2 switch 4\n>chat ☆Anantika|Gg\n>p1 move flareblitz\n>p2 move wish", "uploadtime": 1769804486, "views": 271, "formatid": "gen6randombattle", "rating": 1530, "private": 0, "password": null}