{"id": "gen6randombattle-2525904396", "format": "[Gen 6] Random Battle", "players": ["Ramother", "boomer0501o"], "log": "|j|☆Ramother\n|j|☆boomer0501o\n|t:|1769349031\n|gametype|singles\n|player|p1|Ramother|colress|1688\n|player|p2|boomer0501o|102|1661\n|gen|6\n|tier|[Gen 6] Random Battle\n|rated|\n|rule|Sleep Clause Mod: Limit one foe put to sleep\n|rule|HP Percentage Mod: HP is shown in percentages\n|rule|Illusion Level Mod: Illusion disguises the Pokémon's true level\n|\n|t:|1769349031\n|teamsize|p1|6\n|teamsize|p2|6\n|start\n|switch|p1a: Jumpluff|Jumpluff, L90, M|281/281\n|switch|p2a: Swoobat|Swoobat, L87, M|258/258\n|turn|1\n|inactive|Battle timer is ON: inactive players will automatically lose when time's up. (requested by Ramother)\n|\n|t:|1769349046\n|switch|p1a: Magcargo|Magcargo, L98, F|256/256\n|switch|p2a: Vileplume|Vileplume, L87, M|272/272\n|\n|upkeep\n|turn|2\n|\n|t:|1769349052\n|move|p2a: Vileplume|Hidden Power|p1a: Magcargo\n|-supereffective|p1a: Magcargo\n|-crit|p1a: Magcargo\n|-damage|p1a: Magcargo|0 fnt\n|faint|p1a: Magcargo\n|\n|upkeep\n|\n|t:|1769349062\n|switch|p1a: Jumpluff|Jumpluff, L90, M|281/281\n|turn|3\n|inactive|boomer0501o has 120 seconds left.\n|inactive|boomer0501o has 90 seconds left.\n|\n|t:|1769349126\n|move|p1a: Jumpluff|Acrobatics|p2a: Vileplume\n|-supereffective|p2a: Vileplume\n|-damage|p2a: Vileplume|108/272\n|move|p2a: Vileplume|Sludge Bomb|p1a: Jumpluff\n|-supereffective|p1a: Jumpluff\n|-damage|p1a: Jumpluff|95/281\n|\n|-heal|p2a: Vileplume|125/272|[from] item: Black Sludge\n|upkeep\n|turn|4\n|\n|t:|1769349134\n|switch|p2a: Plusle|Plusle, L93, F|262/262\n|move|p1a: Jumpluff|Acrobatics|p2a: Plusle\n|-resisted|p2a: Plusle\n|-damage|p2a: Plusle|192/262\n|\n|-heal|p2a: Plusle|208/262|[from] item: Leftovers\n|upkeep\n|turn|5\n|\n|t:|1769349140\n|move|p1a: Jumpluff|U-turn|p2a: Plusle\n|-damage|p2a: Plusle|152/262\n|\n|t:|1769349142\n|switch|p1a: Rotom|Rotom-Mow, L86|226/226|[from] U-turn\n|move|p2a: Plusle|Hidden Power|p1a: Rotom\n|-supereffective|p1a: Rotom\n|-damage|p1a: Rotom|142/226\n|\n|-heal|p2a: Plusle|168/262|[from] item: Leftovers\n|upkeep\n|turn|6\n|\n|t:|1769349149\n|switch|p2a: Vileplume|Vileplume, L87, M|125/272\n|move|p1a: Rotom|Trick|p2a: Vileplume\n|-activate|p1a: Rotom|move: Trick|[of] p2a: Vileplume\n|-item|p2a: Vileplume|Choice Scarf|[from] move: Trick\n|-item|p1a: Rotom|Black Sludge|[from] move: Trick\n|\n|-damage|p1a: Rotom|114/226|[from] item: Black Sludge\n|upkeep\n|turn|7\n|\n|t:|1769349156\n|move|p2a: Vileplume|Sludge Bomb|p1a: Rotom\n|-supereffective|p1a: Rotom\n|-damage|p1a: Rotom|0 fnt\n|faint|p1a: Rotom\n|\n|upkeep\n|\n|t:|1769349159\n|switch|p1a: Wobbuffet|Wobbuffet, L93, M|504/504\n|turn|8\n|inactive|boomer0501o has 120 seconds left.\n|\n|t:|1769349187\n|move|p2a: Vileplume|Sludge Bomb|p1a: Wobbuffet\n|-damage|p1a: Wobbuffet|360/504\n|move|p1a: Wobbuffet|Mirror Coat|p2a: Vileplume\n|-damage|p2a: Vileplume|0 fnt\n|faint|p2a: Vileplume\n|\n|upkeep\n|\n|t:|1769349202\n|switch|p2a: Whiscash|Whiscash, L88, M|337/337\n|turn|9\n|\n|t:|1769349206\n|switch|p1a: Jumpluff|Jumpluff, L90, M|95/281\n|move|p2a: Whiscash|Toxic|p1a: Jumpluff\n|-status|p1a: Jumpluff|tox\n|\n|-damage|p1a: Jumpluff|78/281 tox|[from] psn\n|upkeep\n|turn|10\n|\n|t:|1769349210\n|move|p2a: Whiscash|Protect|p2a: Whiscash\n|-singleturn|p2a: Whiscash|Protect\n|move|p1a: Jumpluff|Sleep Powder|p2a: Whiscash\n|-activate|p2a: Whiscash|move: Protect\n|\n|-damage|p1a: Jumpluff|44/281 tox|[from] psn\n|upkeep\n|turn|11\n|\n|t:|1769349214\n|switch|p2a: Amoonguss|Amoonguss, L83, F|325/325\n|move|p1a: Jumpluff|Sleep Powder|p2a: Amoonguss\n|-immune|p2a: Amoonguss\n|\n|-damage|p1a: Jumpluff|0 fnt|[from] psn\n|faint|p1a: Jumpluff\n|upkeep\n|\n|t:|1769349225\n|switch|p1a: Machamp|Machamp, L81, F|278/278\n|turn|12\n|\n|t:|1769349247\n|move|p1a: Machamp|Knock Off|p2a: Amoonguss\n|-damage|p2a: Amoonguss|235/325\n|-damage|p1a: Machamp|232/278|[from] item: Rocky Helmet|[of] p2a: Amoonguss\n|-enditem|p2a: Amoonguss|Rocky Helmet|[from] move: Knock Off|[of] p1a: Machamp\n|move|p2a: Amoonguss|Spore|p1a: Machamp\n|-status|p1a: Machamp|slp|[from] move: Spore\n|\n|-heal|p1a: Machamp|249/278 slp|[from] item: Leftovers\n|upkeep\n|turn|13\n|inactive|Ramother has 120 seconds left.\n|\n|t:|1769349290\n|switch|p1a: Wobbuffet|Wobbuffet, L93, M|360/504\n|move|p2a: Amoonguss|Sludge Bomb|p1a: Wobbuffet\n|-damage|p1a: Wobbuffet|263/504\n|\n|upkeep\n|turn|14\n|\n|t:|1769349305\n|move|p2a: Amoonguss|Spore|p1a: Wobbuffet\n|-message|Sleep Clause Mod activated.\n|-hint|Sleep Clause Mod prevents players from putting more than one of their opponent's Pokémon to sleep at a time\n|move|p1a: Wobbuffet|Mirror Coat||[still]\n|-fail|p1a: Wobbuffet\n|\n|upkeep\n|turn|15\n|\n|t:|1769349312\n|move|p1a: Wobbuffet|Encore|p2a: Amoonguss\n|-start|p2a: Amoonguss|Encore\n|move|p2a: Amoonguss|Spore|p1a: Wobbuffet\n|-message|Sleep Clause Mod activated.\n|-hint|Sleep Clause Mod prevents players from putting more than one of their opponent's Pokémon to sleep at a time\n|\n|upkeep\n|turn|16\n|\n|t:|1769349316\n|switch|p1a: Swoobat|Swoobat, L87, M|258/258\n|move|p2a: Amoonguss|Spore|p1a: Swoobat\n|-message|Sleep Clause Mod activated.\n|-hint|Sleep Clause Mod prevents players from putting more than one of their opponent's Pokémon to sleep at a time\n|\n|upkeep\n|turn|17\n|\n|t:|1769349319\n|switch|p2a: Plusle|Plusle, L93, F|168/262\n|move|p1a: Swoobat|Calm Mind|p1a: Swoobat\n|-boost|p1a: Swoobat|spa|2\n|-boost|p1a: Swoobat|spd|2\n|\n|-heal|p2a: Plusle|184/262|[from] item: Leftovers\n|upkeep\n|turn|18\n|\n|t:|1769349323\n|move|p1a: Swoobat|Calm Mind|p1a: Swoobat\n|-boost|p1a: Swoobat|spa|2\n|-boost|p1a: Swoobat|spd|2\n|move|p2a: Plusle|Thunderbolt|p1a: Swoobat\n|-supereffective|p1a: Swoobat\n|-damage|p1a: Swoobat|168/258\n|\n|-heal|p1a: Swoobat|184/258|[from] item: Leftovers\n|-heal|p2a: Plusle|200/262|[from] item: Leftovers\n|upkeep\n|turn|19\n|\n|t:|1769349329\n|move|p1a: Swoobat|Stored Power|p2a: Plusle\n|-damage|p2a: Plusle|0 fnt\n|faint|p2a: Plusle\n|\n|-heal|p1a: Swoobat|200/258|[from] item: Leftovers\n|upkeep\n|\n|t:|1769349336\n|switch|p2a: Swoobat|Swoobat, L87, M|258/258\n|turn|20\n|\n|t:|1769349339\n|move|p1a: Swoobat|Stored Power|p2a: Swoobat\n|-resisted|p2a: Swoobat\n|-damage|p2a: Swoobat|0 fnt\n|faint|p2a: Swoobat\n|\n|-heal|p1a: Swoobat|216/258|[from] item: Leftovers\n|upkeep\n|\n|t:|1769349343\n|switch|p2a: Reuniclus|Reuniclus, L85, M|326/326\n|turn|21\n|\n|t:|1769349350\n|move|p1a: Swoobat|Calm Mind|p1a: Swoobat\n|-boost|p1a: Swoobat|spa|2\n|-boost|p1a: Swoobat|spd|2\n|move|p2a: Reuniclus|Calm Mind|p2a: Reuniclus\n|-boost|p2a: Reuniclus|spa|1\n|-boost|p2a: Reuniclus|spd|1\n|\n|-heal|p1a: Swoobat|232/258|[from] item: Leftovers\n|upkeep\n|turn|22\n|\n|t:|1769349352\n|move|p1a: Swoobat|Stored Power|p2a: Reuniclus\n|-resisted|p2a: Reuniclus\n|-damage|p2a: Reuniclus|0 fnt\n|faint|p2a: Reuniclus\n|\n|-heal|p1a: Swoobat|248/258|[from] item: Leftovers\n|upkeep\n|\n|t:|1769349356\n|switch|p2a: Whiscash|Whiscash, L88, M|337/337\n|turn|23\n|\n|t:|1769349359\n|move|p1a: Swoobat|Stored Power|p2a: Whiscash\n|-damage|p2a: Whiscash|0 fnt\n|faint|p2a: Whiscash\n|\n|-heal|p1a: Swoobat|258/258|[from] item: Leftovers\n|upkeep\n|\n|t:|1769349364\n|switch|p2a: Amoonguss|Amoonguss, L83, F|325/325\n|turn|24\n|\n|t:|1769349367\n|move|p1a: Swoobat|Stored Power|p2a: Amoonguss\n|-supereffective|p2a: Amoonguss\n|-damage|p2a: Amoonguss|0 fnt\n|faint|p2a: Amoonguss\n|\n|win|Ramother\n|raw|Ramother's rating: 1688 &rarr; <strong>1706</strong><br />(+18 for winning)\n|raw|boomer0501o's rating: 1661 &rarr; <strong>1643</strong><br />(-18 for losing)\n|l|☆boomer0501o\n|player|p2|\n|l|☆Ramother\n|player|p1|\n", "inputlog": ">version b99ff0165a6231f17e8b78c2a78d1998375de664\n>start {\"formatid\":\"gen6randombattle\",\"seed\":\"sodium,156e161ffe17065d3ee14b3950f0123d\",\"rated\":\"Rated battle\"}\n>player p1 {\"name\":\"Ramother\",\"avatar\":\"colress\",\"rating\":1688,\"seed\":\"sodium,da593f01cc16933e6492a138b0415ec7\"}\n>player p2 {\"name\":\"boomer0501o\",\"avatar\":\"102\",\"rating\":1661,\"seed\":\"sodium,413405a7c2a63e7d81100857d50bc33c\"}\n>p1 switch 6\n>p2 switch 3\n>p1 move stealthrock\n>p2 move hiddenpower\n>p1 switch 6\n>p1 move acrobatics\n>p2 move sludgebomb\n>p1 move acrobatics\n>p2 switch 5\n>p1 move uturn\n>p2 move hiddenpower\n>p1 switch 4\n>p1 move trick\n>p2 switch 5\n>p1 move voltswitch\n>p2 move sludgebomb\n>p1 switch 3\n>p1 move mirrorcoat\n>p2 move sludgebomb\n>p2 switch 6\n>p1 switch 4\n>p2 move toxic\n>p1 move sleeppowder\n>p2 move protect\n>p1 move sleeppowder\n>p2 switch 4\n>p1 switch 5\n>p1 move knockoff\n>p2 move spore\n>p1 switch 4\n>p2 move sludgebomb\n>p1 move mirrorcoat\n>p2 move spore\n>p1 move encore\n>p2 move sludgebomb\n>p1 switch 2\n>p2 move spore\n>p1 move calmmind\n>p2 switch 5\n>p1 move calmmind\n>p2 move thunderbolt\n>p1 move storedpower\n>p2 move nastyplot\n>p2 switch 3\n>p1 move storedpower\n>p2 move calmmind\n>p2 switch 2\n>p1 move calmmind\n>p2 move calmmind\n>p1 move storedpower\n>p2 move calmmind\n>p2 switch 4\n>p1 move storedpower\n>p2 move scald\n>p2 switch 5\n>p1 move storedpower\n>p2 move sludgebomb", "uploadtime": 1769349375, "views": 285, "formatid": "gen6randombattle", "rating": 1643, "private": 0, "password": null}