{"id": "gen6randombattle-2520928386", "format": "[Gen 6] Random Battle", "players": ["dleemyknee", "arboretums"], "log": "|j|‽dleemyknee\n|j|☆arboretums\n|t:|1768700183\n|gametype|singles\n|player|p1|dleemyknee|265|1588\n|player|p2|arboretums|serena-masters2|1689\n|gen|6\n|tier|[Gen 6] Random Battle\n|rated|\n|rule|Sleep Clause Mod: Limit one foe put to sleep\n|rule|HP Percentage Mod: HP is shown in percentages\n|rule|Illusion Level Mod: Illusion disguises the Pokémon's true level\n|\n|t:|1768700183\n|teamsize|p1|6\n|teamsize|p2|6\n|start\n|switch|p1a: Sawk|Sawk, L84, M|263/263\n|switch|p2a: Luxray|Luxray, L88, M|284/284\n|-ability|p1a: Sawk|Mold Breaker\n|-ability|p2a: Luxray|Intimidate|boost\n|-unboost|p1a: Sawk|atk|1\n|turn|1\n|inactive|Battle timer is ON: inactive players will automatically lose when time's up. (requested by dleemyknee)\n|\n|t:|1768700200\n|move|p1a: Sawk|Earthquake|p2a: Luxray\n|-supereffective|p2a: Luxray\n|-damage|p2a: Luxray|102/284\n|move|p2a: Luxray|Wild Charge|p1a: Sawk\n|-damage|p1a: Sawk|122/263\n|-damage|p2a: Luxray|67/284|[from] Recoil\n|\n|upkeep\n|turn|2\n|\n|t:|1768700207\n|switch|p2a: Staraptor|Staraptor, L78, F|261/261\n|move|p1a: Sawk|Earthquake|p2a: Staraptor\n|-immune|p2a: Staraptor\n|\n|upkeep\n|turn|3\n|\n|t:|1768700221\n|switch|p1a: Lumineon|Lumineon, L90, F|271/271\n|move|p2a: Staraptor|U-turn|p1a: Lumineon\n|-damage|p1a: Lumineon|213/271\n|\n|t:|1768700223\n|switch|p2a: Trevenant|Trevenant, L91, F|303/303|[from] U-turn\n|\n|-heal|p1a: Lumineon|229/271|[from] item: Leftovers\n|upkeep\n|turn|4\n|\n|t:|1768700234\n|switch|p1a: Genesect|Genesect, L72|221/221\n|-ability|p1a: Genesect|Download|boost\n|-boost|p1a: Genesect|atk|1\n|move|p2a: Trevenant|Trick Room|p2a: Trevenant\n|-fieldstart|move: Trick Room|[of] p2a: Trevenant\n|\n|upkeep\n|turn|5\n|\n|t:|1768700242\n|move|p2a: Trevenant|Shadow Claw|p1a: Genesect\n|-damage|p1a: Genesect|91/221\n|-damage|p2a: Trevenant|273/303|[from] item: Life Orb\n|move|p1a: Genesect|Blaze Kick|p2a: Trevenant\n|-supereffective|p2a: Trevenant\n|-damage|p2a: Trevenant|68/303\n|-damage|p1a: Genesect|69/221|[from] item: Life Orb\n|\n|upkeep\n|turn|6\n|\n|t:|1768700258\n|switch|p1a: Bisharp|Bisharp, L79, F|232/232\n|move|p2a: Trevenant|Drain Punch|p1a: Bisharp\n|-supereffective|p1a: Bisharp\n|-damage|p1a: Bisharp|0 fnt\n|-heal|p2a: Trevenant|184/303|[from] drain|[of] p1a: Bisharp\n|faint|p1a: Bisharp\n|-damage|p2a: Trevenant|154/303|[from] item: Life Orb\n|\n|upkeep\n|inactive|dleemyknee has 120 seconds left.\n|\n|t:|1768700281\n|switch|p1a: Sawk|Sawk, L84, M|122/263\n|-ability|p1a: Sawk|Mold Breaker\n|turn|7\n|\n|t:|1768700287\n|move|p2a: Trevenant|Shadow Claw|p1a: Sawk\n|-damage|p1a: Sawk|0 fnt\n|faint|p1a: Sawk\n|-damage|p2a: Trevenant|124/303|[from] item: Life Orb\n|\n|upkeep\n|\n|t:|1768700302\n|switch|p1a: Genesect|Genesect, L72|69/221\n|-ability|p1a: Genesect|Download|boost\n|-boost|p1a: Genesect|atk|1\n|turn|8\n|\n|t:|1768700305\n|move|p2a: Trevenant|Shadow Claw|p1a: Genesect\n|-damage|p1a: Genesect|0 fnt\n|faint|p1a: Genesect\n|-damage|p2a: Trevenant|94/303|[from] item: Life Orb\n|\n|-fieldend|move: Trick Room\n|upkeep\n|\n|t:|1768700309\n|switch|p1a: Lumineon|Lumineon, L90, F|229/271\n|turn|9\n|\n|t:|1768700311\n|move|p1a: Lumineon|Ice Beam|p2a: Trevenant\n|-supereffective|p2a: Trevenant\n|-damage|p2a: Trevenant|0 fnt\n|faint|p2a: Trevenant\n|\n|-heal|p1a: Lumineon|245/271|[from] item: Leftovers\n|upkeep\n|\n|t:|1768700319\n|switch|p2a: Luxray|Luxray, L88, M|67/284\n|-ability|p2a: Luxray|Intimidate|boost\n|-unboost|p1a: Lumineon|atk|1\n|turn|10\n|\n|t:|1768700337\n|switch|p1a: Lunatone|Lunatone, L96|290/290\n|move|p2a: Luxray|Wild Charge|p1a: Lunatone\n|-damage|p1a: Lunatone|146/290\n|-damage|p2a: Luxray|31/284|[from] Recoil\n|\n|-heal|p1a: Lunatone|164/290|[from] item: Leftovers\n|upkeep\n|turn|11\n|\n|t:|1768700346\n|move|p1a: Lunatone|Psychic|p2a: Luxray\n|-damage|p2a: Luxray|0 fnt\n|faint|p2a: Luxray\n|\n|-heal|p1a: Lunatone|182/290|[from] item: Leftovers\n|upkeep\n|\n|t:|1768700352\n|switch|p2a: Staraptor|Staraptor, L78, F|261/261\n|turn|12\n|\n|t:|1768700356\n|move|p2a: Staraptor|U-turn|p1a: Lunatone\n|-supereffective|p1a: Lunatone\n|-damage|p1a: Lunatone|68/290\n|\n|t:|1768700367\n|switch|p2a: Lapras|Lapras, L87, M|368/368|[from] U-turn\n|move|p1a: Lunatone|Stealth Rock|p2a: Lapras\n|-sidestart|p2: arboretums|move: Stealth Rock\n|\n|-heal|p1a: Lunatone|86/290|[from] item: Leftovers\n|upkeep\n|turn|13\n|\n|t:|1768700378\n|switch|p1a: Lumineon|Lumineon, L90, F|245/271\n|move|p2a: Lapras|Freeze-Dry|p1a: Lumineon\n|-supereffective|p1a: Lumineon\n|-damage|p1a: Lumineon|101/271\n|\n|-heal|p1a: Lumineon|117/271|[from] item: Leftovers\n|upkeep\n|turn|14\n|\n|t:|1768700384\n|move|p1a: Lumineon|U-turn|p2a: Lapras\n|-damage|p2a: Lapras|325/368\n|\n|t:|1768700386\n|switch|p1a: Gallade|Gallade, L77, M|231/231|[from] U-turn\n|move|p2a: Lapras|Freeze-Dry|p1a: Gallade\n|-damage|p1a: Gallade|165/231\n|\n|-heal|p2a: Lapras|348/368|[from] item: Leftovers\n|upkeep\n|turn|15\n|\n|t:|1768700395\n|switch|p2a: Exeggutor|Exeggutor, L92, F|324/324\n|-damage|p2a: Exeggutor|284/324|[from] Stealth Rock\n|detailschange|p1a: Gallade|Gallade-Mega, L77, M\n|-mega|p1a: Gallade|Gallade|Galladite\n|move|p1a: Gallade|Close Combat|p2a: Exeggutor\n|-resisted|p2a: Exeggutor\n|-damage|p2a: Exeggutor|212/324\n|-unboost|p1a: Gallade|def|1\n|-unboost|p1a: Gallade|spd|1\n|\n|upkeep\n|turn|16\n|\n|t:|1768700401\n|switch|p1a: Lunatone|Lunatone, L96|86/290\n|move|p2a: Exeggutor|Sleep Powder|p1a: Lunatone\n|-status|p1a: Lunatone|slp|[from] move: Sleep Powder\n|\n|-heal|p1a: Lunatone|104/290 slp|[from] item: Leftovers\n|upkeep\n|turn|17\n|\n|t:|1768700404\n|switch|p1a: Gallade|Gallade-Mega, L77, M|165/231\n|move|p2a: Exeggutor|Giga Drain|p1a: Gallade\n|-damage|p1a: Gallade|56/231\n|-heal|p2a: Exeggutor|267/324|[from] drain|[of] p1a: Gallade\n|\n|upkeep\n|turn|18\n|\n|t:|1768700409\n|move|p1a: Gallade|Knock Off|p2a: Exeggutor\n|-supereffective|p2a: Exeggutor\n|-damage|p2a: Exeggutor|111/324\n|-enditem|p2a: Exeggutor|Sitrus Berry|[from] move: Knock Off|[of] p1a: Gallade\n|move|p2a: Exeggutor|Giga Drain|p1a: Gallade\n|-damage|p1a: Gallade|0 fnt\n|-heal|p2a: Exeggutor|139/324|[from] drain|[of] p1a: Gallade\n|faint|p1a: Gallade\n|detailschange|p1: Gallade|Gallade, L77, M|[silent]\n|\n|upkeep\n|\n|t:|1768700413\n|switch|p1a: Lumineon|Lumineon, L90, F|117/271\n|turn|19\n|\n|t:|1768700425\n|switch|p2a: Lapras|Lapras, L87, M|348/368\n|-damage|p2a: Lapras|256/368|[from] Stealth Rock\n|move|p1a: Lumineon|U-turn|p2a: Lapras\n|-damage|p2a: Lapras|207/368\n|\n|t:|1768700428\n|switch|p1a: Lunatone|Lunatone, L96|104/290 slp|[from] U-turn\n|\n|-heal|p1a: Lunatone|122/290 slp|[from] item: Leftovers\n|-heal|p2a: Lapras|230/368|[from] item: Leftovers\n|upkeep\n|turn|20\n|-message|dleemyknee forfeited.\n|\n|win|arboretums\n|raw|dleemyknee's rating: 1588 &rarr; <strong>1574</strong><br />(-14 for losing)\n|raw|arboretums's rating: 1689 &rarr; <strong>1703</strong><br />(+14 for winning)\n|l|‽dleemyknee\n|player|p1|\n", "inputlog": ">version 3bd1a1e329da8d286644078cfc9a9638fc7ea025\n>start {\"formatid\":\"gen6randombattle\",\"seed\":\"sodium,406ebbb86c4cad4bc8f87e9eab7f4269\",\"rated\":\"Rated battle\"}\n>player p1 {\"name\":\"dleemyknee\",\"avatar\":\"265\",\"rating\":1588,\"seed\":\"sodium,f4d0ac6dcedd66d326528aee90d1b4ae\"}\n>player p2 {\"name\":\"arboretums\",\"avatar\":\"serena-masters2\",\"rating\":1689,\"seed\":\"sodium,edc363758308ef6dfe6bccf8ade7fada\"}\n>p1 move earthquake\n>p2 move wildcharge\n>p1 move earthquake\n>p2 switch 2\n>p1 switch 3\n>p2 move uturn\n>p2 switch 6\n>p1 switch 5\n>p2 move trickroom\n>p1 move blazekick\n>p2 move shadowclaw\n>p1 switch 6\n>p2 move drainpunch\n>p1 switch 3\n>p1 move knockoff\n>p2 move shadowclaw\n>p1 switch 6\n>p1 move blazekick\n>p2 move shadowclaw\n>p1 switch 5\n>p1 move icebeam\n>p2 move woodhammer\n>p2 switch 2\n>p1 switch 4\n>p2 move wildcharge\n>p1 move psychic\n>p2 move crunch\n>p2 switch 6\n>p1 move stealthrock\n>p2 move uturn\n>p2 switch 4\n>p1 switch 4\n>p2 move freezedry\n>p1 move uturn\n>p2 move freezedry\n>p1 switch 2\n>p1 move closecombat mega\n>p2 switch 5\n>p1 switch 4\n>p2 move sleeppowder\n>p1 switch 4\n>p2 move gigadrain\n>p1 move knockoff\n>p2 move gigadrain\n>p1 switch 2\n>p1 move uturn\n>p2 switch 5\n>p1 switch 4\n>forcelose p1", "uploadtime": 1768700432, "views": 271, "formatid": "gen6randombattle", "rating": 1574, "private": 0, "password": null}