{"id": "gen6randombattle-2538933097", "format": "[Gen 6] Random Battle", "players": ["lilshobrob", "arboretums"], "log": "|j|☆lilshobrob\n|j|☆arboretums\n|t:|1770994939\n|gametype|singles\n|player|p1|lilshobrob|101|1585\n|player|p2|arboretums|serena-masters2|1521\n|gen|6\n|tier|[Gen 6] Random Battle\n|rated|\n|rule|Sleep Clause Mod: Limit one foe put to sleep\n|rule|HP Percentage Mod: HP is shown in percentages\n|rule|Illusion Level Mod: Illusion disguises the Pokémon's true level\n|\n|t:|1770994939\n|teamsize|p1|6\n|teamsize|p2|6\n|start\n|switch|p1a: Snorlax|Snorlax, L81, F|392/392\n|switch|p2a: Sawk|Sawk, L84, M|263/263\n|-ability|p2a: Sawk|Mold Breaker\n|turn|1\n|inactive|Battle timer is ON: inactive players will automatically lose when time's up. (requested by arboretums)\n|\n|t:|1770994954\n|switch|p1a: Ledian|Ledian, F|271/271\n|move|p2a: Sawk|Knock Off|p1a: Ledian\n|-damage|p1a: Ledian|168/271\n|-enditem|p1a: Ledian|Leftovers|[from] move: Knock Off|[of] p2a: Sawk\n|\n|upkeep\n|turn|2\n|\n|t:|1770994964\n|switch|p2a: Metagross|Metagross, L74|240/240\n|move|p1a: Ledian|Toxic|p2a: Metagross\n|-immune|p2a: Metagross\n|\n|upkeep\n|turn|3\n|\n|t:|1770994974\n|detailschange|p2a: Metagross|Metagross-Mega, L74\n|-mega|p2a: Metagross|Metagross|Metagrossite\n|move|p1a: Ledian|Focus Blast|p2a: Metagross\n|-damage|p2a: Metagross|168/240\n|move|p2a: Metagross|Meteor Mash|p1a: Ledian\n|-damage|p1a: Ledian|0 fnt\n|faint|p1a: Ledian\n|\n|upkeep\n|\n|t:|1770994986\n|switch|p1a: Exploud|Exploud, L85, M|316/316\n|turn|4\n|\n|t:|1770994997\n|switch|p2a: Sharpedo|Sharpedo, L82, M|249/249\n|move|p1a: Exploud|Boomburst|p2a: Sharpedo\n|-damage|p2a: Sharpedo|0 fnt\n|faint|p2a: Sharpedo\n|\n|upkeep\n|j| billy zubat\n|\n|t:|1770995001\n|switch|p2a: Doublade|Doublade, L82, F|231/231\n|turn|5\n|\n|t:|1770995013\n|switch|p1a: Blastoise|Blastoise, L81, M|261/261\n|move|p2a: Doublade|Swords Dance|p2a: Doublade\n|-boost|p2a: Doublade|atk|2\n|\n|upkeep\n|turn|6\n|\n|t:|1770995019\n|detailschange|p1a: Blastoise|Blastoise-Mega, L81, M\n|-mega|p1a: Blastoise|Blastoise|Blastoisinite\n|move|p1a: Blastoise|Scald|p2a: Doublade\n|-damage|p2a: Doublade|116/231\n|move|p2a: Doublade|Shadow Claw|p1a: Blastoise\n|-damage|p1a: Blastoise|129/261\n|\n|upkeep\n|turn|7\n|\n|t:|1770995028\n|move|p1a: Blastoise|Dark Pulse|p2a: Doublade\n|-supereffective|p2a: Doublade\n|-damage|p2a: Doublade|0 fnt\n|faint|p2a: Doublade\n|\n|upkeep\n|\n|t:|1770995036\n|switch|p2a: Sawk|Sawk, L84, M|263/263\n|-ability|p2a: Sawk|Mold Breaker\n|turn|8\n|\n|t:|1770995043\n|move|p2a: Sawk|Close Combat|p1a: Blastoise\n|-damage|p1a: Blastoise|8/261\n|-unboost|p2a: Sawk|def|1\n|-unboost|p2a: Sawk|spd|1\n|move|p1a: Blastoise|Scald|p2a: Sawk\n|-damage|p2a: Sawk|77/263\n|\n|upkeep\n|turn|9\n|c|☆arboretums|bro\n|\n|t:|1770995057\n|move|p2a: Sawk|Close Combat|p1a: Blastoise\n|-damage|p1a: Blastoise|0 fnt\n|-unboost|p2a: Sawk|def|1\n|-unboost|p2a: Sawk|spd|1\n|faint|p1a: Blastoise\n|detailschange|p1: Blastoise|Blastoise, L81, M|[silent]\n|\n|upkeep\n|\n|t:|1770995074\n|switch|p1a: Hitmonlee|Hitmonlee, L86, M|226/226\n|turn|10\n|\n|t:|1770995090\n|switch|p2a: Yanmega|Yanmega, L82, M|275/275\n|move|p1a: Hitmonlee|Bulk Up|p1a: Hitmonlee\n|-boost|p1a: Hitmonlee|atk|1\n|-boost|p1a: Hitmonlee|def|1\n|\n|upkeep\n|turn|11\n|inactive|lilshobrob has 120 seconds left.\n|\n|t:|1770995107\n|switch|p1a: Exploud|Exploud, L85, M|316/316\n|move|p2a: Yanmega|Air Slash|p1a: Exploud\n|-damage|p1a: Exploud|183/316\n|-damage|p2a: Yanmega|248/275|[from] item: Life Orb\n|\n|-ability|p2a: Yanmega|Speed Boost|boost\n|-boost|p2a: Yanmega|spe|1\n|upkeep\n|turn|12\n|\n|t:|1770995115\n|switch|p2a: Metagross|Metagross-Mega, L74|168/240\n|move|p1a: Exploud|Boomburst|p2a: Metagross\n|-resisted|p2a: Metagross\n|-damage|p2a: Metagross|96/240\n|\n|upkeep\n|turn|13\n|\n|t:|1770995122\n|move|p1a: Exploud|Boomburst|p2a: Metagross\n|-resisted|p2a: Metagross\n|-damage|p2a: Metagross|27/240\n|move|p2a: Metagross|Hammer Arm|p1a: Exploud\n|-supereffective|p1a: Exploud\n|-crit|p1a: Exploud\n|-damage|p1a: Exploud|0 fnt\n|-unboost|p2a: Metagross|spe|1\n|faint|p1a: Exploud\n|\n|upkeep\n|inactive|lilshobrob has 120 seconds left.\n|\n|t:|1770995152\n|switch|p1a: Hitmonlee|Hitmonlee, L86, M|226/226\n|turn|14\n|\n|t:|1770995156\n|move|p1a: Hitmonlee|Close Combat|p2a: Metagross\n|-damage|p2a: Metagross|0 fnt\n|-unboost|p1a: Hitmonlee|def|1\n|-unboost|p1a: Hitmonlee|spd|1\n|faint|p2a: Metagross\n|detailschange|p2: Metagross|Metagross, L74|[silent]\n|-enditem|p1a: Hitmonlee|White Herb\n|-clearnegativeboost|p1a: Hitmonlee|[silent]\n|\n|upkeep\n|\n|t:|1770995170\n|switch|p2a: Yanmega|Yanmega, L82, M|248/275\n|turn|15\n|\n|t:|1770995175\n|move|p1a: Hitmonlee|Stone Edge|p2a: Yanmega\n|-supereffective|p2a: Yanmega\n|-damage|p2a: Yanmega|0 fnt\n|faint|p2a: Yanmega\n|\n|upkeep\n|\n|t:|1770995177\n|switch|p2a: Dusknoir|Dusknoir, L89, M|225/225\n|-ability|p2a: Dusknoir|Pressure\n|turn|16\n|\n|t:|1770995189\n|move|p1a: Hitmonlee|Knock Off|p2a: Dusknoir\n|-supereffective|p2a: Dusknoir\n|-damage|p2a: Dusknoir|115/225\n|-enditem|p2a: Dusknoir|Leftovers|[from] move: Knock Off|[of] p1a: Hitmonlee\n|move|p2a: Dusknoir|Earthquake|p1a: Hitmonlee\n|-damage|p1a: Hitmonlee|106/226\n|\n|upkeep\n|turn|17\n|\n|t:|1770995197\n|move|p1a: Hitmonlee|Knock Off|p2a: Dusknoir\n|-supereffective|p2a: Dusknoir\n|-damage|p2a: Dusknoir|39/225\n|move|p2a: Dusknoir|Earthquake|p1a: Hitmonlee\n|-damage|p1a: Hitmonlee|0 fnt\n|faint|p1a: Hitmonlee\n|\n|upkeep\n|\n|t:|1770995203\n|switch|p1a: Cobalion|Cobalion, L77|267/267\n|turn|18\n|\n|t:|1770995207\n|move|p1a: Cobalion|Iron Head|p2a: Dusknoir\n|-damage|p2a: Dusknoir|0 fnt\n|faint|p2a: Dusknoir\n|\n|upkeep\n|\n|t:|1770995209\n|switch|p2a: Sawk|Sawk, L84, M|77/263\n|-ability|p2a: Sawk|Mold Breaker\n|turn|19\n|\n|t:|1770995212\n|move|p2a: Sawk|Close Combat|p1a: Cobalion\n|-supereffective|p1a: Cobalion\n|-damage|p1a: Cobalion|3/267\n|-unboost|p2a: Sawk|def|1\n|-unboost|p2a: Sawk|spd|1\n|move|p1a: Cobalion|Close Combat|p2a: Sawk\n|-damage|p2a: Sawk|0 fnt\n|-unboost|p1a: Cobalion|def|1\n|-unboost|p1a: Cobalion|spd|1\n|faint|p2a: Sawk\n|\n|win|lilshobrob\n|raw|lilshobrob's rating: 1585 &rarr; <strong>1601</strong><br />(+16 for winning)\n|raw|arboretums's rating: 1521 &rarr; <strong>1505</strong><br />(-16 for losing)\n", "inputlog": ">version ccdc32dd7cde25fd9e4bed64820e885f66e78a4e\n>start {\"formatid\":\"gen6randombattle\",\"seed\":\"sodium,7449f049a2bc563b4d5cf35b1c2114df\",\"rated\":\"Rated battle\"}\n>player p1 {\"name\":\"lilshobrob\",\"avatar\":\"101\",\"rating\":1585,\"seed\":\"sodium,614b471903a5a40ffa6163446052ebff\"}\n>player p2 {\"name\":\"arboretums\",\"avatar\":\"serena-masters2\",\"rating\":1521,\"seed\":\"sodium,6c6603643428b542a06a1bc8e8b7ff0b\"}\n>p1 switch 5\n>p2 move knockoff\n>p1 move toxic\n>p2 switch 6\n>p1 move focusblast\n>p2 move meteormash mega\n>p1 switch 2\n>p1 move boomburst\n>p2 switch 2\n>p2 switch 4\n>p1 switch 6\n>p2 move swordsdance\n>p1 move scald mega\n>p2 move shadowclaw\n>p1 move darkpulse\n>p2 move shadowclaw\n>p2 switch 6\n>p1 move scald\n>p2 move closecombat\n>chat ☆arboretums|bro\n>p1 move scald\n>p2 move closecombat\n>p1 switch 3\n>p1 move bulkup\n>p2 switch 5\n>p1 switch 6\n>p2 move airslash\n>p1 move boomburst\n>p2 switch 2\n>p1 move boomburst\n>p2 move hammerarm\n>p1 switch 6\n>p1 move closecombat\n>p2 move zenheadbutt\n>p2 switch 2\n>p1 move stoneedge\n>p2 move airslash\n>p2 switch 3\n>p1 move knockoff\n>p2 move earthquake\n>p1 move knockoff\n>p2 move earthquake\n>p1 switch 4\n>p1 move ironhead\n>p2 move earthquake\n>p2 switch 5\n>p1 move closecombat\n>p2 move closecombat", "uploadtime": 1770995214, "views": 195, "formatid": "gen6randombattle", "rating": 1505, "private": 0, "password": null}