{"id": "gen6randombattle-2522964346", "format": "[Gen 6] Random Battle", "players": ["Embar", "lilshobrob"], "log": "|j|☆Embar\n|j|☆lilshobrob\n|t:|1768964785\n|gametype|singles\n|player|p1|Embar|linebacker|1502\n|player|p2|lilshobrob|1|1576\n|gen|6\n|tier|[Gen 6] Random Battle\n|rated|\n|rule|Sleep Clause Mod: Limit one foe put to sleep\n|rule|HP Percentage Mod: HP is shown in percentages\n|rule|Illusion Level Mod: Illusion disguises the Pokémon's true level\n|\n|t:|1768964785\n|teamsize|p1|6\n|teamsize|p2|6\n|start\n|switch|p1a: Flygon|Flygon, L83, F|268/268\n|switch|p2a: Castform|Castform, L97, F|293/293\n|turn|1\n|inactive|Battle timer is ON: inactive players will automatically lose when time's up. (requested by lilshobrob)\n|\n|t:|1768964798\n|move|p1a: Flygon|U-turn|p2a: Castform\n|-damage|p2a: Castform|240/293\n|\n|t:|1768964821\n|switch|p1a: Lapras|Lapras, L87, F|368/368|[from] U-turn\n|move|p2a: Castform|Ice Beam|p1a: Lapras\n|-resisted|p1a: Lapras\n|-damage|p1a: Lapras|354/368\n|\n|-heal|p2a: Castform|258/293|[from] item: Leftovers\n|-heal|p1a: Lapras|368/368|[from] item: Leftovers\n|upkeep\n|turn|2\n|\n|t:|1768964846\n|move|p1a: Lapras|Protect|p1a: Lapras\n|-singleturn|p1a: Lapras|Protect\n|move|p2a: Castform|Thunder Wave|p1a: Lapras\n|-activate|p1a: Lapras|move: Protect\n|\n|-heal|p2a: Castform|276/293|[from] item: Leftovers\n|upkeep\n|turn|3\n|\n|t:|1768964862\n|switch|p2a: Seaking|Seaking, L93, M|300/300\n|move|p1a: Lapras|Toxic|p2a: Seaking\n|-status|p2a: Seaking|tox\n|\n|-damage|p2a: Seaking|282/300 tox|[from] psn\n|upkeep\n|turn|4\n|\n|t:|1768964868\n|move|p2a: Seaking|Rain Dance|p2a: Seaking\n|-weather|RainDance\n|move|p1a: Lapras|Freeze-Dry|p2a: Seaking\n|-supereffective|p2a: Seaking\n|-damage|p2a: Seaking|138/300 tox\n|\n|-weather|RainDance|[upkeep]\n|-damage|p2a: Seaking|102/300 tox|[from] psn\n|upkeep\n|turn|5\n|\n|t:|1768964874\n|move|p1a: Lapras|Protect|p1a: Lapras\n|-singleturn|p1a: Lapras|Protect\n|move|p2a: Seaking|Knock Off|p1a: Lapras\n|-activate|p1a: Lapras|move: Protect\n|\n|-weather|RainDance|[upkeep]\n|-damage|p2a: Seaking|48/300 tox|[from] psn\n|upkeep\n|turn|6\n|\n|t:|1768964880\n|move|p2a: Seaking|Knock Off|p1a: Lapras\n|-damage|p1a: Lapras|268/368\n|-enditem|p1a: Lapras|Leftovers|[from] move: Knock Off|[of] p2a: Seaking\n|-damage|p2a: Seaking|18/300 tox|[from] item: Life Orb\n|move|p1a: Lapras|Freeze-Dry|p2a: Seaking\n|-supereffective|p2a: Seaking\n|-damage|p2a: Seaking|0 fnt\n|faint|p2a: Seaking\n|\n|-weather|RainDance|[upkeep]\n|upkeep\n|\n|t:|1768964899\n|switch|p2a: Bronzong|Bronzong, L85|253/253\n|turn|7\n|\n|t:|1768964911\n|move|p1a: Lapras|Protect|p1a: Lapras\n|-singleturn|p1a: Lapras|Protect\n|move|p2a: Bronzong|Protect||[still]\n|-fail|p2a: Bronzong\n|\n|-weather|RainDance|[upkeep]\n|upkeep\n|turn|8\n|\n|t:|1768964918\n|move|p1a: Lapras|Hydro Pump|p2a: Bronzong\n|-damage|p2a: Bronzong|112/253\n|move|p2a: Bronzong|Toxic|p1a: Lapras\n|-status|p1a: Lapras|tox\n|\n|-weather|none\n|-heal|p2a: Bronzong|127/253|[from] item: Leftovers\n|-damage|p1a: Lapras|245/368 tox|[from] psn\n|upkeep\n|turn|9\n|\n|t:|1768964926\n|switch|p1a: Shiftry|Shiftry, L88, M|302/302\n|move|p2a: Bronzong|Psychic|p1a: Shiftry\n|-immune|p1a: Shiftry\n|\n|-heal|p2a: Bronzong|142/253|[from] item: Leftovers\n|upkeep\n|turn|10\n|\n|t:|1768964938\n|move|p1a: Shiftry|Knock Off|p2a: Bronzong\n|-supereffective|p2a: Bronzong\n|-crit|p2a: Bronzong\n|-damage|p2a: Bronzong|0 fnt\n|-enditem|p2a: Bronzong|Leftovers|[from] move: Knock Off|[of] p1a: Shiftry\n|faint|p2a: Bronzong\n|-damage|p1a: Shiftry|272/302|[from] item: Life Orb\n|\n|upkeep\n|\n|t:|1768964950\n|switch|p2a: Castform|Castform, L97, F|276/293\n|turn|11\n|\n|t:|1768964964\n|switch|p1a: Lapras|Lapras, L87, F|245/368 tox\n|move|p2a: Castform|Return|p1a: Lapras\n|-damage|p1a: Lapras|131/368 tox\n|\n|-heal|p2a: Castform|293/293|[from] item: Leftovers\n|-damage|p1a: Lapras|108/368 tox|[from] psn\n|upkeep\n|turn|12\n|\n|t:|1768964975\n|switch|p2a: Tentacruel|Tentacruel, L83, M|268/268\n|move|p1a: Lapras|Toxic|p2a: Tentacruel\n|-immune|p2a: Tentacruel\n|\n|-damage|p1a: Lapras|62/368 tox|[from] psn\n|upkeep\n|turn|13\n|\n|t:|1768965001\n|move|p2a: Tentacruel|Knock Off|p1a: Lapras\n|-damage|p1a: Lapras|26/368 tox\n|move|p1a: Lapras|Freeze-Dry|p2a: Tentacruel\n|-supereffective|p2a: Tentacruel\n|-damage|p2a: Tentacruel|196/268\n|\n|-damage|p1a: Lapras|0 fnt|[from] psn\n|faint|p1a: Lapras\n|upkeep\n|\n|t:|1768965012\n|switch|p1a: Flygon|Flygon, L83, F|268/268\n|turn|14\n|inactive|lilshobrob has 120 seconds left.\n|\n|t:|1768965037\n|switch|p2a: Chansey|Chansey, L86, F|570/570\n|move|p1a: Flygon|Earthquake|p2a: Chansey\n|-damage|p2a: Chansey|336/570\n|\n|upkeep\n|turn|15\n|\n|t:|1768965051\n|switch|p1a: Shiftry|Shiftry, L88, M|272/302\n|move|p2a: Chansey|Toxic|p1a: Shiftry\n|-status|p1a: Shiftry|tox\n|\n|-damage|p1a: Shiftry|254/302 tox|[from] psn\n|upkeep\n|turn|16\n|inactive|lilshobrob has 120 seconds left.\n|\n|t:|1768965076\n|move|p1a: Shiftry|Knock Off|p2a: Chansey\n|-crit|p2a: Chansey\n|-damage|p2a: Chansey|0 fnt\n|-enditem|p2a: Chansey|Eviolite|[from] move: Knock Off|[of] p1a: Shiftry\n|faint|p2a: Chansey\n|-damage|p1a: Shiftry|224/302 tox|[from] item: Life Orb\n|\n|-damage|p1a: Shiftry|188/302 tox|[from] psn\n|upkeep\n|\n|t:|1768965097\n|switch|p2a: Castform|Castform, L97, F|293/293\n|turn|17\n|\n|t:|1768965106\n|move|p2a: Castform|Ice Beam|p1a: Shiftry\n|-supereffective|p1a: Shiftry\n|-damage|p1a: Shiftry|26/302 tox\n|move|p1a: Shiftry|Knock Off|p2a: Castform\n|-damage|p2a: Castform|145/293\n|-enditem|p2a: Castform|Leftovers|[from] move: Knock Off|[of] p1a: Shiftry\n|-damage|p1a: Shiftry|0 fnt|[from] item: Life Orb\n|faint|p1a: Shiftry\n|\n|upkeep\n|\n|t:|1768965117\n|switch|p1a: Porygon-Z|Porygon-Z, L82|274/274\n|turn|18\n|inactive|lilshobrob has 120 seconds left.\n|\n|t:|1768965133\n|move|p1a: Porygon-Z|Tri Attack|p2a: Castform\n|-damage|p2a: Castform|0 fnt\n|faint|p2a: Castform\n|-damage|p1a: Porygon-Z|247/274|[from] item: Life Orb\n|\n|upkeep\n|\n|t:|1768965144\n|switch|p2a: Tentacruel|Tentacruel, L83, M|196/268\n|turn|19\n|\n|t:|1768965156\n|move|p2a: Tentacruel|Knock Off|p1a: Porygon-Z\n|-damage|p1a: Porygon-Z|179/274\n|-enditem|p1a: Porygon-Z|Life Orb|[from] move: Knock Off|[of] p2a: Tentacruel\n|move|p1a: Porygon-Z|Tri Attack|p2a: Tentacruel\n|-damage|p2a: Tentacruel|126/268\n|\n|upkeep\n|turn|20\n|\n|t:|1768965169\n|move|p2a: Tentacruel|Sludge Bomb|p1a: Porygon-Z\n|-damage|p1a: Porygon-Z|86/274\n|-status|p1a: Porygon-Z|psn\n|move|p1a: Porygon-Z|Nasty Plot|p1a: Porygon-Z\n|-boost|p1a: Porygon-Z|spa|2\n|\n|-damage|p1a: Porygon-Z|52/274 psn|[from] psn\n|upkeep\n|turn|21\n|\n|t:|1768965183\n|switch|p1a: Flygon|Flygon, L83, F|268/268\n|move|p2a: Tentacruel|Scald|p1a: Flygon\n|-damage|p1a: Flygon|195/268\n|\n|upkeep\n|turn|22\n|\n|t:|1768965202\n|move|p1a: Flygon|Earthquake|p2a: Tentacruel\n|-supereffective|p2a: Tentacruel\n|-damage|p2a: Tentacruel|0 fnt\n|faint|p2a: Tentacruel\n|\n|upkeep\n|\n|t:|1768965205\n|switch|p2a: Volcarona|Volcarona, L77, F|257/257\n|turn|23\n|\n|t:|1768965213\n|switch|p1a: Volbeat|Volbeat, L91, M|266/266\n|move|p2a: Volcarona|Quiver Dance|p2a: Volcarona\n|-boost|p2a: Volcarona|spa|1\n|-boost|p2a: Volcarona|spd|1\n|-boost|p2a: Volcarona|spe|1\n|\n|upkeep\n|turn|24\n|inactive|lilshobrob has 120 seconds left.\n|\n|t:|1768965219\n|move|p1a: Volbeat|Encore|p2a: Volcarona\n|-start|p2a: Volcarona|Encore\n|move|p2a: Volcarona|Quiver Dance|p2a: Volcarona\n|-boost|p2a: Volcarona|spa|1\n|-boost|p2a: Volcarona|spd|1\n|-boost|p2a: Volcarona|spe|1\n|\n|upkeep\n|turn|25\n|\n|t:|1768965226\n|switch|p1a: Honchkrow|Honchkrow, L82, M|298/298\n|move|p2a: Volcarona|Quiver Dance|p2a: Volcarona\n|-boost|p2a: Volcarona|spa|1\n|-boost|p2a: Volcarona|spd|1\n|-boost|p2a: Volcarona|spe|1\n|\n|upkeep\n|turn|26\n|\n|t:|1768965229\n|move|p2a: Volcarona|Quiver Dance|p2a: Volcarona\n|-boost|p2a: Volcarona|spa|1\n|-boost|p2a: Volcarona|spd|1\n|-boost|p2a: Volcarona|spe|1\n|move|p1a: Honchkrow|Brave Bird|p2a: Volcarona\n|-supereffective|p2a: Volcarona\n|-damage|p2a: Volcarona|0 fnt\n|faint|p2a: Volcarona\n|-damage|p1a: Honchkrow|213/298|[from] Recoil\n|-damage|p1a: Honchkrow|184/298|[from] item: Life Orb\n|\n|win|Embar\n|raw|Embar's rating: 1502 &rarr; <strong>1526</strong><br />(+24 for winning)\n|raw|lilshobrob's rating: 1576 &rarr; <strong>1552</strong><br />(-24 for losing)\n", "inputlog": ">version 3bd1a1e329da8d286644078cfc9a9638fc7ea025\n>start {\"formatid\":\"gen6randombattle\",\"seed\":\"sodium,bdb01d378738fab3ea59c3a94ed01d16\",\"rated\":\"Rated battle\"}\n>player p1 {\"name\":\"Embar\",\"avatar\":\"linebacker\",\"rating\":1502,\"seed\":\"sodium,e97692b2bdaf2d0a61b37cf81a6efeca\"}\n>player p2 {\"name\":\"lilshobrob\",\"avatar\":\"1\",\"rating\":1576,\"seed\":\"sodium,f128bc36a1a085b71757deefa41d60e0\"}\n>p1 move uturn\n>p2 move icebeam\n>p1 switch 6\n>p1 move protect\n>p2 move thunderwave\n>p1 move toxic\n>p2 switch 2\n>p1 move freezedry\n>p2 move raindance\n>p1 move protect\n>p2 move knockoff\n>p1 move freezedry\n>p2 move knockoff\n>p2 switch 4\n>p1 move protect\n>p2 move protect\n>p1 move hydropump\n>p2 move toxic\n>p1 switch 4\n>p2 move psychic\n>p1 move knockoff\n>p2 move toxic\n>p2 switch 2\n>p1 switch 4\n>p2 move return\n>p1 move toxic\n>p2 switch 6\n>p1 move freezedry\n>p2 move knockoff\n>p1 switch 6\n>p1 move earthquake\n>p2 switch 3\n>p1 switch 4\n>p2 move toxic\n>p1 move knockoff\n>p2 move softboiled\n>p2 switch 6\n>p1 move knockoff\n>p2 move icebeam\n>p1 switch 3\n>p1 move triattack\n>p2 move thunderwave\n>p2 switch 3\n>p1 move triattack\n>p2 move knockoff\n>p1 move nastyplot\n>p2 move sludgebomb\n>p1 switch 4\n>p2 move scald\n>p1 move earthquake\n>p2 move scald\n>p2 switch 5\n>p1 switch 5\n>p2 move quiverdance\n>p1 move encore\n>p2 move fireblast\n>p1 switch 2\n>p2 move quiverdance\n>p1 move bravebird\n>p2 move quiverdance", "uploadtime": 1768965240, "views": 301, "formatid": "gen6randombattle", "rating": 1526, "private": 0, "password": null}