{"id": "gen6randombattle-2531959263", "format": "[Gen 6] Random Battle", "players": ["leg peice", "Plop"], "log": "|j|☆leg peice\n|j|☆Plop\n|t:|1770126056\n|gametype|singles\n|player|p1|leg peice|wallace|1552\n|player|p2|Plop|#rbtt9travelers|1694\n|gen|6\n|tier|[Gen 6] Random Battle\n|rated|\n|rule|Sleep Clause Mod: Limit one foe put to sleep\n|rule|HP Percentage Mod: HP is shown in percentages\n|rule|Illusion Level Mod: Illusion disguises the Pokémon's true level\n|\n|t:|1770126056\n|teamsize|p1|6\n|teamsize|p2|6\n|start\n|switch|p1a: Rampardos|Rampardos, L87, M|311/311\n|switch|p2a: Octillery|Octillery, L93, F|290/290\n|turn|1\n|inactive|Battle timer is ON: inactive players will automatically lose when time's up. (requested by leg peice)\n|j| billy zubat\n|inactive|leg peice has 120 seconds left.\n|inactive|Plop has 120 seconds left.\n|inactive|leg peice has 90 seconds left.\n|inactive|leg peice has 60 seconds left.\n|\n|t:|1770126149\n|switch|p1a: Cacturne|Cacturne, L90, M|272/272\n|move|p2a: Octillery|Energy Ball|p1a: Cacturne\n|-resisted|p1a: Cacturne\n|-damage|p1a: Cacturne|204/272\n|-damage|p2a: Octillery|261/290|[from] item: Life Orb\n|\n|upkeep\n|turn|2\n|\n|t:|1770126170\n|switch|p2a: Articuno|Articuno, L84|287/287\n|-ability|p2a: Articuno|Pressure\n|move|p1a: Cacturne|Giga Drain|p2a: Articuno\n|-resisted|p2a: Articuno\n|-damage|p2a: Articuno|239/287\n|-heal|p1a: Cacturne|228/272|[from] drain|[of] p2a: Articuno\n|-damage|p1a: Cacturne|201/272|[from] item: Life Orb\n|\n|-heal|p2a: Articuno|256/287|[from] item: Leftovers\n|upkeep\n|turn|3\n|inactive|leg peice has 120 seconds left.\n|\n|t:|1770126188\n|switch|p1a: Aggron|Aggron, L78, M|237/237\n|move|p2a: Articuno|Toxic|p1a: Aggron\n|-immune|p1a: Aggron\n|\n|-heal|p2a: Articuno|273/287|[from] item: Leftovers\n|upkeep\n|turn|4\n|\n|t:|1770126207\n|switch|p2a: Octillery|Octillery, L93, F|261/290\n|detailschange|p1a: Aggron|Aggron-Mega, L78, M\n|-mega|p1a: Aggron|Aggron|Aggronite\n|move|p1a: Aggron|Toxic|p2a: Octillery\n|-status|p2a: Octillery|tox\n|\n|-damage|p2a: Octillery|243/290 tox|[from] psn\n|upkeep\n|turn|5\n|inactive|leg peice has 120 seconds left.\n|\n|t:|1770126248\n|switch|p1a: Rampardos|Rampardos, L87, M|311/311\n|move|p2a: Octillery|Hydro Pump|p1a: Rampardos\n|-supereffective|p1a: Rampardos\n|-crit|p1a: Rampardos\n|-damage|p1a: Rampardos|0 fnt\n|faint|p1a: Rampardos\n|-damage|p2a: Octillery|214/290 tox|[from] item: Life Orb\n|\n|-damage|p2a: Octillery|178/290 tox|[from] psn\n|upkeep\n|\n|t:|1770126255\n|switch|p1a: Cacturne|Cacturne, L90, M|201/272\n|turn|6\n|\n|t:|1770126268\n|switch|p2a: Articuno|Articuno, L84|273/287\n|-ability|p2a: Articuno|Pressure\n|move|p1a: Cacturne|Dark Pulse|p2a: Articuno\n|-damage|p2a: Articuno|156/287\n|-damage|p1a: Cacturne|174/272|[from] item: Life Orb\n|\n|-heal|p2a: Articuno|173/287|[from] item: Leftovers\n|upkeep\n|turn|7\n|\n|t:|1770126285\n|move|p2a: Articuno|Substitute|p2a: Articuno\n|-start|p2a: Articuno|Substitute\n|-damage|p2a: Articuno|102/287\n|move|p1a: Cacturne|Dark Pulse|p2a: Articuno\n|-crit|p2a: Articuno\n|-end|p2a: Articuno|Substitute\n|-damage|p1a: Cacturne|147/272|[from] item: Life Orb\n|\n|-heal|p2a: Articuno|119/287|[from] item: Leftovers\n|upkeep\n|turn|8\n|\n|t:|1770126291\n|switch|p1a: Aggron|Aggron-Mega, L78, M|237/237\n|move|p2a: Articuno|Roost|p2a: Articuno\n|-heal|p2a: Articuno|263/287\n|-singleturn|p2a: Articuno|move: Roost\n|\n|-heal|p2a: Articuno|280/287|[from] item: Leftovers\n|upkeep\n|turn|9\n|\n|t:|1770126303\n|move|p2a: Articuno|Substitute|p2a: Articuno\n|-start|p2a: Articuno|Substitute\n|-damage|p2a: Articuno|209/287\n|move|p1a: Aggron|Heavy Slam|p2a: Articuno\n|-supereffective|p2a: Articuno\n|-end|p2a: Articuno|Substitute\n|\n|-heal|p2a: Articuno|226/287|[from] item: Leftovers\n|upkeep\n|turn|10\n|\n|t:|1770126311\n|switch|p2a: Octillery|Octillery, L93, F|178/290 tox\n|move|p1a: Aggron|Heavy Slam|p2a: Octillery\n|-resisted|p2a: Octillery\n|-damage|p2a: Octillery|106/290 tox\n|\n|-damage|p2a: Octillery|88/290 tox|[from] psn\n|upkeep\n|turn|11\n|\n|t:|1770126316\n|switch|p1a: Cacturne|Cacturne, L90, M|147/272\n|move|p2a: Octillery|Ice Beam|p1a: Cacturne\n|-supereffective|p1a: Cacturne\n|-damage|p1a: Cacturne|0 fnt\n|faint|p1a: Cacturne\n|-damage|p2a: Octillery|59/290 tox|[from] item: Life Orb\n|\n|-damage|p2a: Octillery|23/290 tox|[from] psn\n|upkeep\n|\n|t:|1770126335\n|switch|p1a: Mr. Mime|Mr. Mime, L89, M|216/216\n|turn|12\n|\n|t:|1770126362\n|switch|p2a: Snorlax|Snorlax, L81, M|392/392\n|move|p1a: Mr. Mime|Psychic|p2a: Snorlax\n|-damage|p2a: Snorlax|263/392\n|-damage|p1a: Mr. Mime|195/216|[from] item: Life Orb\n|\n|-heal|p2a: Snorlax|287/392|[from] item: Leftovers\n|upkeep\n|turn|13\n|inactive|Plop has 120 seconds left.\n|\n|t:|1770126380\n|move|p1a: Mr. Mime|Nasty Plot|p1a: Mr. Mime\n|-boost|p1a: Mr. Mime|spa|2\n|move|p2a: Snorlax|Body Slam|p1a: Mr. Mime\n|-damage|p1a: Mr. Mime|78/216\n|\n|-heal|p2a: Snorlax|311/392|[from] item: Leftovers\n|upkeep\n|turn|14\n|inactive|Plop has 120 seconds left.\n|j| viticetum\n|\n|t:|1770126409\n|switch|p2a: Raichu|Raichu, L87, M|246/246\n|move|p1a: Mr. Mime|Focus Blast|p2a: Raichu\n|-damage|p2a: Raichu|60/246\n|-damage|p1a: Mr. Mime|57/216|[from] item: Life Orb\n|\n|upkeep\n|turn|15\n|\n|t:|1770126420\n|switch|p1a: Meganium|Meganium, L92, F|297/297\n|move|p2a: Raichu|Thunderbolt|p1a: Meganium\n|-resisted|p1a: Meganium\n|-damage|p1a: Meganium|255/297\n|-status|p1a: Meganium|par\n|\n|-heal|p1a: Meganium|273/297 par|[from] item: Leftovers\n|upkeep\n|turn|16\n|\n|t:|1770126429\n|switch|p2a: Snorlax|Snorlax, L81, M|311/392\n|move|p1a: Meganium|Toxic|p2a: Snorlax\n|-status|p2a: Snorlax|tox\n|\n|-heal|p2a: Snorlax|335/392 tox|[from] item: Leftovers\n|-heal|p1a: Meganium|291/297 par|[from] item: Leftovers\n|-damage|p2a: Snorlax|311/392 tox|[from] psn\n|upkeep\n|turn|17\n|inactive|Plop has 120 seconds left.\n|\n|t:|1770126438\n|move|p2a: Snorlax|Body Slam|p1a: Meganium\n|-damage|p1a: Meganium|215/297 par\n|cant|p1a: Meganium|par\n|\n|-heal|p2a: Snorlax|335/392 tox|[from] item: Leftovers\n|-heal|p1a: Meganium|233/297 par|[from] item: Leftovers\n|-damage|p2a: Snorlax|287/392 tox|[from] psn\n|upkeep\n|turn|18\n|\n|t:|1770126446\n|move|p2a: Snorlax|Rest|p2a: Snorlax\n|-status|p2a: Snorlax|slp|[from] move: Rest\n|-heal|p2a: Snorlax|392/392 slp|[silent]\n|move|p1a: Meganium|Earthquake|p2a: Snorlax\n|-damage|p2a: Snorlax|292/392 slp\n|\n|-heal|p2a: Snorlax|316/392 slp|[from] item: Leftovers\n|-heal|p1a: Meganium|251/297 par|[from] item: Leftovers\n|upkeep\n|turn|19\n|inactive|leg peice has 120 seconds left.\n|\n|t:|1770126473\n|switch|p1a: Aggron|Aggron-Mega, L78, M|237/237\n|cant|p2a: Snorlax|slp\n|move|p2a: Snorlax|Sleep Talk|p2a: Snorlax\n|move|p2a: Snorlax|Rest||[from] move: Sleep Talk|[still]\n|-fail|p2a: Snorlax\n|\n|-heal|p2a: Snorlax|340/392 slp|[from] item: Leftovers\n|upkeep\n|turn|20\n|\n|t:|1770126487\n|move|p1a: Aggron|Earthquake|p2a: Snorlax\n|-damage|p2a: Snorlax|240/392 slp\n|cant|p2a: Snorlax|slp\n|move|p2a: Snorlax|Sleep Talk|p2a: Snorlax\n|move|p2a: Snorlax|Body Slam|p1a: Aggron|[from] move: Sleep Talk\n|-resisted|p1a: Aggron\n|-damage|p1a: Aggron|214/237\n|-status|p1a: Aggron|par\n|\n|-heal|p2a: Snorlax|264/392 slp|[from] item: Leftovers\n|upkeep\n|turn|21\n|\n|t:|1770126495\n|switch|p1a: Zekrom|Zekrom, L74|270/270\n|-ability|p1a: Zekrom|Teravolt\n|-curestatus|p2a: Snorlax|slp|[msg]\n|move|p2a: Snorlax|Earthquake|p1a: Zekrom\n|-supereffective|p1a: Zekrom\n|-damage|p1a: Zekrom|150/270\n|\n|-heal|p2a: Snorlax|288/392|[from] item: Leftovers\n|upkeep\n|turn|22\n|inactive|leg peice has 120 seconds left.\n|\n|t:|1770126506\n|move|p1a: Zekrom|Bolt Strike|p2a: Snorlax\n|-damage|p2a: Snorlax|98/392\n|move|p2a: Snorlax|Earthquake|p1a: Zekrom\n|-supereffective|p1a: Zekrom\n|-damage|p1a: Zekrom|24/270\n|\n|-heal|p2a: Snorlax|122/392|[from] item: Leftovers\n|upkeep\n|turn|23\n|\n|t:|1770126534\n|switch|p2a: Arceus|Arceus-Rock, L71|288/288\n|move|p1a: Zekrom|Roost|p1a: Zekrom\n|-heal|p1a: Zekrom|159/270\n|-singleturn|p1a: Zekrom|move: Roost\n|\n|upkeep\n|turn|24\n|inactive|leg peice has 120 seconds left.\n|inactive|Plop has 120 seconds left.\n|\n|t:|1770126551\n|switch|p1a: Meganium|Meganium, L92, F|251/297 par\n|move|p2a: Arceus|Earthquake|p1a: Meganium\n|-resisted|p1a: Meganium\n|-damage|p1a: Meganium|225/297 par\n|\n|-heal|p1a: Meganium|243/297 par|[from] item: Leftovers\n|upkeep\n|turn|25\n|inactive|Plop has 120 seconds left.\n|\n|t:|1770126562\n|move|p2a: Arceus|Earthquake|p1a: Meganium\n|-resisted|p1a: Meganium\n|-damage|p1a: Meganium|216/297 par\n|move|p1a: Meganium|Toxic|p2a: Arceus\n|-status|p2a: Arceus|tox\n|\n|-heal|p1a: Meganium|234/297 par|[from] item: Leftovers\n|-damage|p2a: Arceus|270/288 tox|[from] psn\n|upkeep\n|turn|26\n|inactive|Plop has 120 seconds left.\n|\n|t:|1770126577\n|switch|p2a: Snorlax|Snorlax, L81, M|122/392\n|move|p1a: Meganium|Energy Ball|p2a: Snorlax\n|-crit|p2a: Snorlax\n|-damage|p2a: Snorlax|0 fnt\n|faint|p2a: Snorlax\n|\n|-heal|p1a: Meganium|252/297 par|[from] item: Leftovers\n|upkeep\n|\n|t:|1770126585\n|switch|p2a: Articuno|Articuno, L84|226/287\n|-ability|p2a: Articuno|Pressure\n|turn|27\n|\n|t:|1770126592\n|move|p2a: Articuno|Substitute|p2a: Articuno\n|-start|p2a: Articuno|Substitute\n|-damage|p2a: Articuno|155/287\n|move|p1a: Meganium|Toxic|p2a: Articuno|[miss]\n|-miss|p1a: Meganium|p2a: Articuno\n|\n|-heal|p2a: Articuno|172/287|[from] item: Leftovers\n|-heal|p1a: Meganium|270/297 par|[from] item: Leftovers\n|upkeep\n|turn|28\n|\n|t:|1770126597\n|switch|p1a: Aggron|Aggron-Mega, L78, M|214/237 par\n|move|p2a: Articuno|Freeze-Dry|p1a: Aggron\n|-resisted|p1a: Aggron\n|-damage|p1a: Aggron|175/237 par\n|\n|-heal|p2a: Articuno|189/287|[from] item: Leftovers\n|upkeep\n|turn|29\n|\n|t:|1770126602\n|move|p2a: Articuno|Freeze-Dry|p1a: Aggron\n|-resisted|p1a: Aggron\n|-damage|p1a: Aggron|135/237 par\n|move|p1a: Aggron|Heavy Slam|p2a: Articuno\n|-supereffective|p2a: Articuno\n|-end|p2a: Articuno|Substitute\n|\n|-heal|p2a: Articuno|206/287|[from] item: Leftovers\n|upkeep\n|turn|30\n|\n|t:|1770126607\n|move|p2a: Articuno|Substitute|p2a: Articuno\n|-start|p2a: Articuno|Substitute\n|-damage|p2a: Articuno|135/287\n|move|p1a: Aggron|Heavy Slam|p2a: Articuno\n|-supereffective|p2a: Articuno\n|-crit|p2a: Articuno\n|-end|p2a: Articuno|Substitute\n|\n|-heal|p2a: Articuno|152/287|[from] item: Leftovers\n|upkeep\n|turn|31\n|\n|t:|1770126610\n|move|p2a: Articuno|Substitute|p2a: Articuno\n|-start|p2a: Articuno|Substitute\n|-damage|p2a: Articuno|81/287\n|move|p1a: Aggron|Heavy Slam|p2a: Articuno\n|-supereffective|p2a: Articuno\n|-end|p2a: Articuno|Substitute\n|\n|-heal|p2a: Articuno|98/287|[from] item: Leftovers\n|upkeep\n|turn|32\n|\n|t:|1770126613\n|move|p2a: Articuno|Substitute|p2a: Articuno\n|-start|p2a: Articuno|Substitute\n|-damage|p2a: Articuno|27/287\n|cant|p1a: Aggron|par\n|\n|-heal|p2a: Articuno|44/287|[from] item: Leftovers\n|upkeep\n|turn|33\n|\n|t:|1770126615\n|move|p2a: Articuno|Roost|p2a: Articuno\n|-heal|p2a: Articuno|188/287\n|-singleturn|p2a: Articuno|move: Roost\n|cant|p1a: Aggron|par\n|\n|-heal|p2a: Articuno|205/287|[from] item: Leftovers\n|upkeep\n|turn|34\n|\n|t:|1770126621\n|move|p2a: Articuno|Freeze-Dry|p1a: Aggron\n|-resisted|p1a: Aggron\n|-damage|p1a: Aggron|96/237 par\n|move|p1a: Aggron|Heavy Slam|p2a: Articuno\n|-supereffective|p2a: Articuno\n|-end|p2a: Articuno|Substitute\n|\n|-heal|p2a: Articuno|222/287|[from] item: Leftovers\n|upkeep\n|turn|35\n|\n|t:|1770126627\n|move|p2a: Articuno|Substitute|p2a: Articuno\n|-start|p2a: Articuno|Substitute\n|-damage|p2a: Articuno|151/287\n|cant|p1a: Aggron|par\n|\n|-heal|p2a: Articuno|168/287|[from] item: Leftovers\n|upkeep\n|turn|36\n|\n|t:|1770126632\n|move|p2a: Articuno|Roost|p2a: Articuno\n|-heal|p2a: Articuno|287/287\n|-singleturn|p2a: Articuno|move: Roost\n|move|p1a: Aggron|Heavy Slam|p2a: Articuno\n|-supereffective|p2a: Articuno\n|-end|p2a: Articuno|Substitute\n|\n|upkeep\n|turn|37\n|\n|t:|1770126634\n|move|p2a: Articuno|Substitute|p2a: Articuno\n|-start|p2a: Articuno|Substitute\n|-damage|p2a: Articuno|216/287\n|move|p1a: Aggron|Heavy Slam|p2a: Articuno\n|-supereffective|p2a: Articuno\n|-end|p2a: Articuno|Substitute\n|\n|-heal|p2a: Articuno|233/287|[from] item: Leftovers\n|upkeep\n|turn|38\n|\n|t:|1770126638\n|move|p2a: Articuno|Substitute|p2a: Articuno\n|-start|p2a: Articuno|Substitute\n|-damage|p2a: Articuno|162/287\n|move|p1a: Aggron|Heavy Slam|p2a: Articuno\n|-supereffective|p2a: Articuno\n|-end|p2a: Articuno|Substitute\n|\n|-heal|p2a: Articuno|179/287|[from] item: Leftovers\n|upkeep\n|turn|39\n|\n|t:|1770126640\n|move|p2a: Articuno|Substitute|p2a: Articuno\n|-start|p2a: Articuno|Substitute\n|-damage|p2a: Articuno|108/287\n|move|p1a: Aggron|Stone Edge|p2a: Articuno|[miss]\n|-miss|p1a: Aggron|p2a: Articuno\n|\n|-heal|p2a: Articuno|125/287|[from] item: Leftovers\n|upkeep\n|turn|40\n|\n|t:|1770126644\n|move|p2a: Articuno|Roost|p2a: Articuno\n|-heal|p2a: Articuno|269/287\n|-singleturn|p2a: Articuno|move: Roost\n|move|p1a: Aggron|Stone Edge|p2a: Articuno|[miss]\n|-miss|p1a: Aggron|p2a: Articuno\n|\n|-heal|p2a: Articuno|286/287|[from] item: Leftovers\n|upkeep\n|turn|41\n|\n|t:|1770126647\n|move|p2a: Articuno|Freeze-Dry|p1a: Aggron\n|-resisted|p1a: Aggron\n|-damage|p1a: Aggron|56/237 par\n|move|p1a: Aggron|Stone Edge|p2a: Articuno\n|-supereffective|p2a: Articuno\n|-end|p2a: Articuno|Substitute\n|\n|-heal|p2a: Articuno|287/287|[from] item: Leftovers\n|upkeep\n|turn|42\n|c|☆leg peice|pressure doing its job just fine I see\n|\n|t:|1770126657\n|move|p2a: Articuno|Substitute|p2a: Articuno\n|-start|p2a: Articuno|Substitute\n|-damage|p2a: Articuno|216/287\n|move|p1a: Aggron|Stone Edge|p2a: Articuno\n|-supereffective|p2a: Articuno\n|-crit|p2a: Articuno\n|-end|p2a: Articuno|Substitute\n|\n|-heal|p2a: Articuno|233/287|[from] item: Leftovers\n|upkeep\n|turn|43\n|c|☆Plop|good pokemon\n|\n|t:|1770126664\n|switch|p1a: Mr. Mime|Mr. Mime, L89, M|57/216\n|move|p2a: Articuno|Substitute|p2a: Articuno\n|-start|p2a: Articuno|Substitute\n|-damage|p2a: Articuno|162/287\n|\n|-heal|p2a: Articuno|179/287|[from] item: Leftovers\n|upkeep\n|turn|44\n|\n|t:|1770126666\n|move|p1a: Mr. Mime|Psychic|p2a: Articuno\n|-end|p2a: Articuno|Substitute\n|-damage|p1a: Mr. Mime|36/216|[from] item: Life Orb\n|move|p2a: Articuno|Freeze-Dry|p1a: Mr. Mime\n|-damage|p1a: Mr. Mime|0 fnt\n|faint|p1a: Mr. Mime\n|\n|-heal|p2a: Articuno|196/287|[from] item: Leftovers\n|upkeep\n|\n|t:|1770126671\n|switch|p1a: Zekrom|Zekrom, L74|159/270\n|-ability|p1a: Zekrom|Teravolt\n|turn|45\n|\n|t:|1770126675\n|move|p2a: Articuno|Substitute|p2a: Articuno\n|-start|p2a: Articuno|Substitute\n|-damage|p2a: Articuno|125/287\n|move|p1a: Zekrom|Bolt Strike|p2a: Articuno\n|-supereffective|p2a: Articuno\n|-end|p2a: Articuno|Substitute\n|\n|-heal|p2a: Articuno|142/287|[from] item: Leftovers\n|upkeep\n|turn|46\n|\n|t:|1770126677\n|move|p2a: Articuno|Substitute|p2a: Articuno\n|-start|p2a: Articuno|Substitute\n|-damage|p2a: Articuno|71/287\n|move|p1a: Zekrom|Outrage|p2a: Articuno\n|-end|p2a: Articuno|Substitute\n|\n|-heal|p2a: Articuno|88/287|[from] item: Leftovers\n|upkeep\n|turn|47\n|\n|t:|1770126682\n|move|p2a: Articuno|Roost|p2a: Articuno\n|-heal|p2a: Articuno|232/287\n|-singleturn|p2a: Articuno|move: Roost\n|move|p1a: Zekrom|Outrage|p2a: Articuno|[from] lockedmove\n|-damage|p2a: Articuno|94/287\n|\n|-heal|p2a: Articuno|111/287|[from] item: Leftovers\n|upkeep\n|turn|48\n|\n|t:|1770126685\n|move|p2a: Articuno|Roost|p2a: Articuno\n|-heal|p2a: Articuno|255/287\n|-singleturn|p2a: Articuno|move: Roost\n|move|p1a: Zekrom|Outrage|p2a: Articuno|[from] lockedmove\n|-damage|p2a: Articuno|116/287\n|-start|p1a: Zekrom|confusion|[fatigue]\n|-enditem|p1a: Zekrom|Lum Berry|[eat]\n|-end|p1a: Zekrom|confusion\n|\n|-heal|p2a: Articuno|133/287|[from] item: Leftovers\n|upkeep\n|turn|49\n|\n|t:|1770126688\n|move|p2a: Articuno|Substitute|p2a: Articuno\n|-start|p2a: Articuno|Substitute\n|-damage|p2a: Articuno|62/287\n|move|p1a: Zekrom|Outrage|p2a: Articuno\n|-end|p2a: Articuno|Substitute\n|\n|-heal|p2a: Articuno|79/287|[from] item: Leftovers\n|upkeep\n|turn|50\n|\n|t:|1770126692\n|move|p2a: Articuno|Roost|p2a: Articuno\n|-heal|p2a: Articuno|223/287\n|-singleturn|p2a: Articuno|move: Roost\n|move|p1a: Zekrom|Outrage|p2a: Articuno|[from] lockedmove\n|-damage|p2a: Articuno|90/287\n|-start|p1a: Zekrom|confusion|[fatigue]\n|\n|-heal|p2a: Articuno|107/287|[from] item: Leftovers\n|upkeep\n|turn|51\n|\n|t:|1770126695\n|move|p2a: Articuno|Substitute|p2a: Articuno\n|-start|p2a: Articuno|Substitute\n|-damage|p2a: Articuno|36/287\n|-activate|p1a: Zekrom|confusion\n|-damage|p1a: Zekrom|130/270|[from] confusion\n|\n|-heal|p2a: Articuno|53/287|[from] item: Leftovers\n|upkeep\n|turn|52\n|\n|t:|1770126698\n|move|p2a: Articuno|Freeze-Dry|p1a: Zekrom\n|-supereffective|p1a: Zekrom\n|-damage|p1a: Zekrom|0 fnt\n|faint|p1a: Zekrom\n|\n|-heal|p2a: Articuno|70/287|[from] item: Leftovers\n|upkeep\n|c|☆leg peice|gg\n|c|☆Plop|gg\n|-message|leg peice forfeited.\n|\n|win|Plop\n|raw|leg peice's rating: 1552 &rarr; <strong>1540</strong><br />(-12 for losing)\n|raw|Plop's rating: 1694 &rarr; <strong>1706</strong><br />(+12 for winning)\n|l|☆leg peice\n|player|p1|\n|l| billy zubat\n", "inputlog": ">version ccdc32dd7cde25fd9e4bed64820e885f66e78a4e\n>start {\"formatid\":\"gen6randombattle\",\"seed\":\"sodium,4a1911e18b039b23d88eb6e0a56856e3\",\"rated\":\"Rated battle\"}\n>player p1 {\"name\":\"leg peice\",\"avatar\":\"wallace\",\"rating\":1552,\"seed\":\"sodium,2897fe64c57b1ca5360bd26a3bb18236\"}\n>player p2 {\"name\":\"Plop\",\"avatar\":\"#rbtt9travelers\",\"rating\":1694,\"seed\":\"sodium,b57b74a2042168f3201555548c054c5a\"}\n>p1 switch 3\n>p2 move energyball\n>p1 move gigadrain\n>p2 switch 3\n>p1 switch 6\n>p2 move toxic\n>p1 move toxic mega\n>p2 switch 3\n>p1 switch 3\n>p2 move hydropump\n>p1 switch 6\n>p1 move darkpulse\n>p2 switch 3\n>p1 move darkpulse\n>p2 move substitute\n>p1 switch 3\n>p2 move roost\n>p1 move heavyslam\n>p2 move substitute\n>p1 move heavyslam\n>p2 switch 3\n>p1 switch 3\n>p2 move icebeam\n>p1 switch 2\n>p1 move psychic\n>p2 switch 5\n>p1 move nastyplot\n>p2 move bodyslam\n>p1 move focusblast\n>p2 switch 2\n>p1 switch 5\n>p2 move thunderbolt\n>p1 move toxic\n>p2 switch 2\n>p1 move earthquake\n>p2 move bodyslam\n>p1 move earthquake\n>p2 move rest\n>p1 switch 3\n>p2 move sleeptalk\n>p1 move earthquake\n>p2 move sleeptalk\n>p1 switch 4\n>p2 move earthquake\n>p1 move boltstrike\n>p2 move earthquake\n>p1 move roost\n>p2 switch 6\n>p1 switch 3\n>p2 move earthquake\n>p1 move toxic\n>p2 move earthquake\n>p1 move energyball\n>p2 switch 6\n>p2 switch 3\n>p1 move toxic\n>p2 move substitute\n>p1 switch 4\n>p2 move freezedry\n>p1 move heavyslam\n>p2 move freezedry\n>p1 move heavyslam\n>p2 move substitute\n>p1 move heavyslam\n>p2 move substitute\n>p1 move heavyslam\n>p2 move substitute\n>p1 move heavyslam\n>p2 move roost\n>p1 move heavyslam\n>p2 move freezedry\n>p1 move heavyslam\n>p2 move substitute\n>p1 move heavyslam\n>p2 move roost\n>p1 move heavyslam\n>p2 move substitute\n>p1 move heavyslam\n>p2 move substitute\n>p1 move stoneedge\n>p2 move substitute\n>p1 move stoneedge\n>p2 move roost\n>p1 move stoneedge\n>p2 move freezedry\n>chat ☆leg peice|pressure doing its job just fine I see\n>p1 move stoneedge\n>p2 move substitute\n>chat ☆Plop|good pokemon\n>p1 switch 5\n>p2 move substitute\n>p1 move psychic\n>p2 move freezedry\n>p1 switch 3\n>p1 move boltstrike\n>p2 move substitute\n>p1 move outrage\n>p2 move substitute\n>p1 move outrage\n>p2 move roost\n>p1 move outrage\n>p2 move roost\n>p1 move outrage\n>p2 move substitute\n>p1 move outrage\n>p2 move roost\n>p1 move outrage\n>p2 move substitute\n>p1 move outrage\n>p2 move freezedry\n>chat ☆leg peice|gg\n>chat ☆Plop|gg\n>forcelose p1", "uploadtime": 1770126712, "views": 237, "formatid": "gen6randombattle", "rating": 1540, "private": 0, "password": null}