{"id": "gen6randombattle-2538953013", "format": "[Gen 6] Random Battle", "players": ["jarstimus q", "arboretums"], "log": "|j|☆jarstimus q\n|j|☆arboretums\n|t:|1770996928\n|gametype|singles\n|player|p1|jarstimus q|skierf|1517\n|player|p2|arboretums|serena-masters2|1572\n|gen|6\n|tier|[Gen 6] Random Battle\n|rated|\n|rule|Sleep Clause Mod: Limit one foe put to sleep\n|rule|HP Percentage Mod: HP is shown in percentages\n|rule|Illusion Level Mod: Illusion disguises the Pokémon's true level\n|\n|t:|1770996928\n|teamsize|p1|6\n|teamsize|p2|6\n|start\n|switch|p1a: Absol|Absol, L84, M|246/246\n|switch|p2a: Noctowl|Noctowl, L95, M|344/344\n|turn|1\n|inactive|Battle timer is ON: inactive players will automatically lose when time's up. (requested by arboretums)\n|\n|t:|1770996938\n|move|p2a: Noctowl|Hyper Voice|p1a: Absol\n|-damage|p1a: Absol|119/246\n|move|p1a: Absol|Knock Off|p2a: Noctowl\n|-damage|p2a: Noctowl|157/344\n|-enditem|p2a: Noctowl|Leftovers|[from] move: Knock Off|[of] p1a: Absol\n|\n|upkeep\n|turn|2\n|\n|t:|1770996950\n|switch|p1a: Carracosta|Carracosta, L87, F|271/271\n|move|p2a: Noctowl|Hyper Voice|p1a: Carracosta\n|-resisted|p1a: Carracosta\n|-damage|p1a: Carracosta|141/271\n|\n|upkeep\n|turn|3\n|\n|t:|1770996966\n|move|p2a: Noctowl|Toxic|p1a: Carracosta|[miss]\n|-miss|p2a: Noctowl|p1a: Carracosta\n|move|p1a: Carracosta|Shell Smash|p1a: Carracosta\n|-unboost|p1a: Carracosta|def|1\n|-unboost|p1a: Carracosta|spd|1\n|-boost|p1a: Carracosta|atk|2\n|-boost|p1a: Carracosta|spa|2\n|-boost|p1a: Carracosta|spe|2\n|-enditem|p1a: Carracosta|White Herb\n|-clearnegativeboost|p1a: Carracosta|[silent]\n|\n|upkeep\n|turn|4\n|\n|t:|1770996975\n|move|p1a: Carracosta|Ice Beam|p2a: Noctowl\n|-supereffective|p2a: Noctowl\n|-damage|p2a: Noctowl|0 fnt\n|faint|p2a: Noctowl\n|\n|upkeep\n|\n|t:|1770996983\n|switch|p2a: Carbink|Carbink, L91|239/239\n|turn|5\n|\n|t:|1770996986\n|move|p1a: Carracosta|Waterfall|p2a: Carbink\n|-supereffective|p2a: Carbink\n|-ability|p2a: Carbink|Sturdy\n|-damage|p2a: Carbink|1/239\n|move|p2a: Carbink|Reflect|p2a: Carbink\n|-sidestart|p2: arboretums|Reflect\n|\n|upkeep\n|turn|6\n|\n|t:|1770996990\n|move|p1a: Carracosta|Waterfall|p2a: Carbink\n|-supereffective|p2a: Carbink\n|-crit|p2a: Carbink\n|-damage|p2a: Carbink|0 fnt\n|faint|p2a: Carbink\n|\n|upkeep\n|\n|t:|1770996994\n|switch|p2a: Malamar|Malamar, L81, F|272/272\n|turn|7\n|\n|t:|1770997019\n|move|p1a: Carracosta|Waterfall|p2a: Malamar\n|-damage|p2a: Malamar|173/272\n|move|p2a: Malamar|Superpower|p1a: Carracosta\n|-supereffective|p1a: Carracosta\n|-damage|p1a: Carracosta|68/271\n|-boost|p2a: Malamar|atk|1\n|-boost|p2a: Malamar|def|1\n|\n|upkeep\n|turn|8\n|\n|t:|1770997025\n|move|p1a: Carracosta|Stone Edge|p2a: Malamar\n|-damage|p2a: Malamar|83/272\n|move|p2a: Malamar|Superpower|p1a: Carracosta\n|-supereffective|p1a: Carracosta\n|-damage|p1a: Carracosta|0 fnt\n|-boost|p2a: Malamar|atk|1\n|-boost|p2a: Malamar|def|1\n|faint|p1a: Carracosta\n|\n|upkeep\n|\n|t:|1770997042\n|switch|p1a: Absol|Absol, L84, M|119/246\n|turn|9\n|\n|t:|1770997045\n|move|p1a: Absol|Play Rough|p2a: Malamar\n|-supereffective|p2a: Malamar\n|-damage|p2a: Malamar|43/272\n|move|p2a: Malamar|Rest|p2a: Malamar\n|-status|p2a: Malamar|slp|[from] move: Rest\n|-heal|p2a: Malamar|272/272 slp|[silent]\n|-enditem|p2a: Malamar|Chesto Berry|[eat]\n|-curestatus|p2a: Malamar|slp|[msg]\n|\n|upkeep\n|turn|10\n|\n|t:|1770997051\n|switch|p1a: Gourgeist|Gourgeist-Super, L87, F|290/290\n|move|p2a: Malamar|Superpower|p1a: Gourgeist\n|-immune|p1a: Gourgeist\n|\n|upkeep\n|turn|11\n|\n|t:|1770997053\n|move|p2a: Malamar|Knock Off|p1a: Gourgeist\n|-supereffective|p1a: Gourgeist\n|-damage|p1a: Gourgeist|0 fnt\n|-damage|p2a: Malamar|227/272|[from] item: Rocky Helmet|[of] p1a: Gourgeist\n|-enditem|p1a: Gourgeist|Rocky Helmet|[from] move: Knock Off|[of] p2a: Malamar\n|faint|p1a: Gourgeist\n|\n|upkeep\n|-message|jarstimus q forfeited.\n|\n|win|arboretums\n|raw|jarstimus q's rating: 1531 &rarr; <strong>1513</strong><br />(-18 for losing)\n|raw|arboretums's rating: 1572 &rarr; <strong>1590</strong><br />(+18 for winning)\n|l|☆jarstimus q\n|player|p1|\n", "inputlog": ">version ccdc32dd7cde25fd9e4bed64820e885f66e78a4e\n>start {\"formatid\":\"gen6randombattle\",\"seed\":\"sodium,18a2a2565e1bbd8e241a865ad6000538\",\"rated\":\"Rated battle\"}\n>player p1 {\"name\":\"jarstimus q\",\"avatar\":\"skierf\",\"rating\":1517,\"seed\":\"sodium,7a7afcdab7db50c9f6c9a5c784c60bce\"}\n>player p2 {\"name\":\"arboretums\",\"avatar\":\"serena-masters2\",\"rating\":1572,\"seed\":\"sodium,7b54053b8072d7d98d786c721a1fb91f\"}\n>p1 move knockoff\n>p2 move hypervoice\n>p1 switch 3\n>p2 move hypervoice\n>p1 move shellsmash\n>p2 move toxic\n>p1 move icebeam\n>p2 move toxic\n>p2 switch 4\n>p1 move waterfall\n>p2 move reflect\n>p1 move waterfall\n>p2 move lightscreen\n>p2 switch 6\n>p1 move waterfall\n>p2 move superpower\n>p1 move stoneedge\n>p2 move superpower\n>p1 switch 3\n>p1 move playrough\n>p2 move rest\n>p1 switch 5\n>p2 move superpower\n>p1 move willowisp\n>p2 move knockoff\n>forcelose p1", "uploadtime": 1770997058, "views": 194, "formatid": "gen6randombattle", "rating": 1513, "private": 0, "password": null}