{"id": "gen6randombattle-2532414973", "format": "[Gen 6] Random Battle", "players": ["ramon_rodrigo", "Plop"], "log": "|j|☆ramon_rodrigo\n|j|☆Plop\n|t:|1770173368\n|gametype|singles\n|player|p1|ramon_rodrigo|169|1595\n|player|p2|Plop|#rbtt9travelers|1756\n|gen|6\n|tier|[Gen 6] Random Battle\n|rated|\n|rule|Sleep Clause Mod: Limit one foe put to sleep\n|rule|HP Percentage Mod: HP is shown in percentages\n|rule|Illusion Level Mod: Illusion disguises the Pokémon's true level\n|\n|t:|1770173368\n|teamsize|p1|6\n|teamsize|p2|6\n|start\n|switch|p1a: Magcargo|Magcargo, L98, M|256/256\n|switch|p2a: Heatmor|Heatmor, L92, M|306/306\n|turn|1\n|\n|t:|1770173413\n|move|p2a: Heatmor|Superpower|p1a: Magcargo\n|-supereffective|p1a: Magcargo\n|-damage|p1a: Magcargo|71/256\n|-unboost|p2a: Heatmor|atk|1\n|-unboost|p2a: Heatmor|def|1\n|-damage|p2a: Heatmor|276/306|[from] item: Life Orb\n|move|p1a: Magcargo|Stealth Rock|p2a: Heatmor\n|-sidestart|p2: Plop|move: Stealth Rock\n|\n|-heal|p1a: Magcargo|87/256|[from] item: Leftovers\n|upkeep\n|turn|2\n|\n|t:|1770173424\n|switch|p1a: Dragalge|Dragalge, L87, M|255/255\n|move|p2a: Heatmor|Superpower|p1a: Dragalge\n|-resisted|p1a: Dragalge\n|-damage|p1a: Dragalge|211/255\n|-unboost|p2a: Heatmor|atk|1\n|-unboost|p2a: Heatmor|def|1\n|-damage|p2a: Heatmor|246/306|[from] item: Life Orb\n|\n|upkeep\n|turn|3\n|inactive|Battle timer is ON: inactive players will automatically lose when time's up. (requested by Plop)\n|\n|t:|1770173432\n|switch|p2a: Wormadam|Wormadam-Trash, L88, F|249/249\n|-damage|p2a: Wormadam|218/249|[from] Stealth Rock\n|move|p1a: Dragalge|Draco Meteor|p2a: Wormadam|[miss]\n|-miss|p1a: Dragalge|p2a: Wormadam\n|\n|-heal|p2a: Wormadam|233/249|[from] item: Leftovers\n|upkeep\n|turn|4\n|\n|t:|1770173441\n|switch|p1a: Magcargo|Magcargo, L98, M|87/256\n|move|p2a: Wormadam|Stealth Rock|p1a: Magcargo\n|-sidestart|p1: ramon_rodrigo|move: Stealth Rock\n|\n|-heal|p1a: Magcargo|103/256|[from] item: Leftovers\n|-heal|p2a: Wormadam|248/249|[from] item: Leftovers\n|upkeep\n|turn|5\n|\n|t:|1770173462\n|switch|p2a: Altaria|Altaria, L88, M|275/275\n|-damage|p2a: Altaria|207/275|[from] Stealth Rock\n|move|p1a: Magcargo|Recover|p1a: Magcargo\n|-heal|p1a: Magcargo|231/256\n|\n|-heal|p1a: Magcargo|247/256|[from] item: Leftovers\n|upkeep\n|turn|6\n|\n|t:|1770173472\n|move|p2a: Altaria|Earthquake|p1a: Magcargo\n|-supereffective|p1a: Magcargo\n|-damage|p1a: Magcargo|91/256\n|move|p1a: Magcargo|Toxic|p2a: Altaria\n|-status|p2a: Altaria|tox\n|-enditem|p2a: Altaria|Lum Berry|[eat]\n|-curestatus|p2a: Altaria|tox|[msg]\n|\n|-heal|p1a: Magcargo|107/256|[from] item: Leftovers\n|upkeep\n|turn|7\n|\n|t:|1770173484\n|switch|p1a: Milotic|Milotic, L83, M|293/293\n|-damage|p1a: Milotic|257/293|[from] Stealth Rock\n|move|p2a: Altaria|Dragon Dance|p2a: Altaria\n|-boost|p2a: Altaria|atk|1\n|-boost|p2a: Altaria|spe|1\n|\n|-heal|p1a: Milotic|275/293|[from] item: Leftovers\n|upkeep\n|turn|8\n|\n|t:|1770173494\n|move|p2a: Altaria|Outrage|p1a: Milotic\n|-damage|p1a: Milotic|110/293\n|move|p1a: Milotic|Dragon Tail|p2a: Altaria\n|-supereffective|p2a: Altaria\n|-damage|p2a: Altaria|155/275\n|drag|p2a: Blaziken|Blaziken, L75, F|243/243\n|-damage|p2a: Blaziken|213/243|[from] Stealth Rock\n|\n|-heal|p1a: Milotic|128/293|[from] item: Leftovers\n|upkeep\n|turn|9\n|inactive|Plop has 120 seconds left.\n|\n|t:|1770173531\n|switch|p2a: Altaria|Altaria, L88, M|155/275\n|-damage|p2a: Altaria|87/275|[from] Stealth Rock\n|move|p1a: Milotic|Recover|p1a: Milotic\n|-heal|p1a: Milotic|275/293\n|\n|-heal|p1a: Milotic|293/293|[from] item: Leftovers\n|upkeep\n|turn|10\n|\n|t:|1770173535\n|move|p2a: Altaria|Roost|p2a: Altaria\n|-heal|p2a: Altaria|225/275\n|-singleturn|p2a: Altaria|move: Roost\n|move|p1a: Milotic|Dragon Tail|p2a: Altaria\n|-supereffective|p2a: Altaria\n|-damage|p2a: Altaria|173/275\n|drag|p2a: Lopunny|Lopunny, L76, F|223/223\n|-damage|p2a: Lopunny|196/223|[from] Stealth Rock\n|\n|upkeep\n|turn|11\n|inactive|Plop has 120 seconds left.\n|\n|t:|1770173555\n|detailschange|p2a: Lopunny|Lopunny-Mega, L76, F\n|-mega|p2a: Lopunny|Lopunny|Lopunnite\n|move|p2a: Lopunny|High Jump Kick|p1a: Milotic\n|-damage|p1a: Milotic|119/293\n|move|p1a: Milotic|Scald|p2a: Lopunny\n|-damage|p2a: Lopunny|100/223\n|\n|-heal|p1a: Milotic|137/293|[from] item: Leftovers\n|upkeep\n|turn|12\n|\n|t:|1770173585\n|switch|p1a: Magcargo|Magcargo, L98, M|107/256\n|-damage|p1a: Magcargo|43/256|[from] Stealth Rock\n|move|p2a: Lopunny|High Jump Kick|p1a: Magcargo\n|-supereffective|p1a: Magcargo\n|-damage|p1a: Magcargo|0 fnt\n|faint|p1a: Magcargo\n|\n|upkeep\n|\n|t:|1770173592\n|switch|p1a: Hariyama|Hariyama, L86, M|388/388\n|-damage|p1a: Hariyama|364/388|[from] Stealth Rock\n|turn|13\n|inactive|Plop has 120 seconds left.\n|\n|t:|1770173618\n|switch|p2a: Altaria|Altaria, L88, M|173/275\n|-damage|p2a: Altaria|105/275|[from] Stealth Rock\n|move|p1a: Hariyama|Close Combat|p2a: Altaria\n|-resisted|p2a: Altaria\n|-crit|p2a: Altaria\n|-damage|p2a: Altaria|0 fnt\n|-unboost|p1a: Hariyama|def|1\n|-unboost|p1a: Hariyama|spd|1\n|faint|p2a: Altaria\n|\n|upkeep\n|\n|t:|1770173637\n|switch|p2a: Meloetta|Meloetta, L82|298/298\n|-damage|p2a: Meloetta|261/298|[from] Stealth Rock\n|turn|14\n|inactive|ramon_rodrigo has 120 seconds left.\n|inactive|ramon_rodrigo has 90 seconds left.\n|\n|t:|1770173690\n|switch|p1a: Bouffalant|Bouffalant, L87, M|307/307\n|-damage|p1a: Bouffalant|269/307|[from] Stealth Rock\n|move|p2a: Meloetta|Psyshock|p1a: Bouffalant\n|-damage|p1a: Bouffalant|148/307\n|-damage|p2a: Meloetta|232/298|[from] item: Life Orb\n|\n|-heal|p1a: Bouffalant|167/307|[from] item: Leftovers\n|upkeep\n|turn|15\n|inactive|Plop has 120 seconds left.\n|inactive|Plop has 90 seconds left.\n|inactive|Plop has 60 seconds left.\n|\n|t:|1770173757\n|switch|p2a: Heatmor|Heatmor, L92, M|246/306\n|-damage|p2a: Heatmor|170/306|[from] Stealth Rock\n|move|p1a: Bouffalant|Head Charge|p2a: Heatmor\n|-damage|p2a: Heatmor|0 fnt\n|faint|p2a: Heatmor\n|-damage|p1a: Bouffalant|124/307|[from] Recoil\n|\n|-heal|p1a: Bouffalant|143/307|[from] item: Leftovers\n|upkeep\n|\n|t:|1770173761\n|switch|p2a: Blaziken|Blaziken, L75, F|213/243\n|-damage|p2a: Blaziken|183/243|[from] Stealth Rock\n|turn|16\n|inactive|ramon_rodrigo has 90 seconds left.\n|\n|t:|1770173797\n|move|p2a: Blaziken|High Jump Kick|p1a: Bouffalant\n|-supereffective|p1a: Bouffalant\n|-damage|p1a: Bouffalant|0 fnt\n|faint|p1a: Bouffalant\n|-damage|p2a: Blaziken|159/243|[from] item: Life Orb\n|\n|-ability|p2a: Blaziken|Speed Boost|boost\n|-boost|p2a: Blaziken|spe|1\n|upkeep\n|\n|t:|1770173803\n|switch|p1a: Hariyama|Hariyama, L86, M|364/388\n|-damage|p1a: Hariyama|340/388|[from] Stealth Rock\n|turn|17\n|\n|t:|1770173819\n|move|p2a: Blaziken|High Jump Kick|p1a: Hariyama\n|-crit|p1a: Hariyama\n|-damage|p1a: Hariyama|0 fnt\n|faint|p1a: Hariyama\n|-damage|p2a: Blaziken|135/243|[from] item: Life Orb\n|\n|-ability|p2a: Blaziken|Speed Boost|boost\n|-boost|p2a: Blaziken|spe|1\n|upkeep\n|\n|t:|1770173835\n|switch|p1a: Dragalge|Dragalge, L87, M|211/255\n|-damage|p1a: Dragalge|180/255|[from] Stealth Rock\n|turn|18\n|\n|t:|1770173850\n|switch|p2a: Wormadam|Wormadam-Trash, L88, F|248/249\n|-damage|p2a: Wormadam|217/249|[from] Stealth Rock\n|move|p1a: Dragalge|Dragon Pulse|p2a: Wormadam\n|-resisted|p2a: Wormadam\n|-damage|p2a: Wormadam|123/249\n|\n|-heal|p2a: Wormadam|138/249|[from] item: Leftovers\n|upkeep\n|turn|19\n|inactive|ramon_rodrigo has 60 seconds left.\n|\n|t:|1770173882\n|move|p1a: Dragalge|Dragon Pulse|p2a: Wormadam\n|-resisted|p2a: Wormadam\n|-damage|p2a: Wormadam|52/249\n|move|p2a: Wormadam|Flash Cannon|p1a: Dragalge\n|-damage|p1a: Dragalge|120/255\n|\n|-heal|p2a: Wormadam|67/249|[from] item: Leftovers\n|upkeep\n|turn|20\n|\n|t:|1770173892\n|move|p1a: Dragalge|Dragon Pulse|p2a: Wormadam\n|-resisted|p2a: Wormadam\n|-damage|p2a: Wormadam|0 fnt\n|faint|p2a: Wormadam\n|\n|upkeep\n|\n|t:|1770173893\n|switch|p2a: Meloetta|Meloetta, L82|232/298\n|-damage|p2a: Meloetta|195/298|[from] Stealth Rock\n|turn|21\n|inactive|ramon_rodrigo has 60 seconds left.\n|\n|t:|1770173920\n|move|p2a: Meloetta|Psyshock|p1a: Dragalge\n|-supereffective|p1a: Dragalge\n|-damage|p1a: Dragalge|0 fnt\n|faint|p1a: Dragalge\n|-damage|p2a: Meloetta|166/298|[from] item: Life Orb\n|\n|upkeep\n|\n|t:|1770173923\n|switch|p1a: Floatzel|Floatzel, L86, F|286/286\n|-damage|p1a: Floatzel|251/286|[from] Stealth Rock\n|turn|22\n|inactive|Plop has 90 seconds left.\n|\n|t:|1770173949\n|move|p1a: Floatzel|Waterfall|p2a: Meloetta\n|-damage|p2a: Meloetta|66/298\n|move|p2a: Meloetta|Hyper Voice|p1a: Floatzel\n|-damage|p1a: Floatzel|31/286\n|-damage|p2a: Meloetta|37/298|[from] item: Life Orb\n|\n|-heal|p1a: Floatzel|48/286|[from] item: Leftovers\n|upkeep\n|turn|23\n|\n|t:|1770173959\n|move|p1a: Floatzel|Waterfall|p2a: Meloetta\n|-damage|p2a: Meloetta|0 fnt\n|faint|p2a: Meloetta\n|\n|-heal|p1a: Floatzel|65/286|[from] item: Leftovers\n|upkeep\n|inactive|Plop has 90 seconds left.\n|\n|t:|1770173971\n|switch|p2a: Lopunny|Lopunny-Mega, L76, F|100/223\n|-damage|p2a: Lopunny|87/223|[from] Stealth Rock\n|turn|24\n|\n|t:|1770173975\n|move|p2a: Lopunny|Return|p1a: Floatzel\n|-damage|p1a: Floatzel|0 fnt\n|faint|p1a: Floatzel\n|\n|upkeep\n|\n|t:|1770173978\n|switch|p1a: Milotic|Milotic, L83, M|137/293\n|-damage|p1a: Milotic|101/293|[from] Stealth Rock\n|turn|25\n|\n|t:|1770173982\n|move|p2a: Lopunny|Return|p1a: Milotic\n|-damage|p1a: Milotic|0 fnt\n|faint|p1a: Milotic\n|\n|win|Plop\n|raw|ramon_rodrigo's rating: 1595 &rarr; <strong>1584</strong><br />(-11 for losing)\n|raw|Plop's rating: 1756 &rarr; <strong>1767</strong><br />(+11 for winning)\n|l|☆ramon_rodrigo\n|player|p1|\n", "inputlog": ">version ccdc32dd7cde25fd9e4bed64820e885f66e78a4e\n>start {\"formatid\":\"gen6randombattle\",\"seed\":\"sodium,3512cd2bee14c85a3dcc2f5d8d9626fd\",\"rated\":\"Rated battle\"}\n>player p1 {\"name\":\"ramon_rodrigo\",\"avatar\":\"169\",\"rating\":1595,\"seed\":\"sodium,6460b5ee323e92f5c454bd8a901709be\"}\n>player p2 {\"name\":\"Plop\",\"avatar\":\"#rbtt9travelers\",\"rating\":1756,\"seed\":\"sodium,296f8a1f26c87ce39ec5b5f0c1086699\"}\n>p1 move stealthrock\n>p2 move superpower\n>p1 switch 6\n>p2 move superpower\n>p1 move dracometeor\n>p2 switch 5\n>p1 switch 6\n>p2 move stealthrock\n>p1 move recover\n>p2 switch 3\n>p1 move toxic\n>p2 move earthquake\n>p1 switch 4\n>p2 move dragondance\n>p1 move dragontail\n>p2 move outrage\n>p1 move recover\n>p2 switch 2\n>p1 move dragontail\n>p2 move roost\n>p1 move scald\n>p2 move highjumpkick mega\n>p1 switch 4\n>p2 move highjumpkick\n>p1 switch 2\n>p1 move closecombat\n>p2 switch 6\n>p2 switch 4\n>p1 switch 5\n>p2 move psyshock\n>p1 move headcharge\n>p2 switch 5\n>p2 switch 2\n>p1 move headcharge\n>p2 move highjumpkick\n>p1 switch 5\n>p1 move closecombat\n>p2 move highjumpkick\n>p1 switch 6\n>p1 move dragonpulse\n>p2 switch 3\n>p1 move dragonpulse\n>p2 move flashcannon\n>p1 move dragonpulse\n>p2 move flashcannon\n>p2 switch 5\n>p1 move dragonpulse\n>p2 move psyshock\n>p1 switch 3\n>p1 move waterfall\n>p2 move hypervoice\n>p1 move waterfall\n>p2 move hypervoice\n>p2 switch 6\n>p1 move waterfall\n>p2 move return\n>p1 switch 4\n>p1 move recover\n>p2 move return", "uploadtime": 1770173989, "views": 224, "formatid": "gen6randombattle", "rating": 1584, "private": 0, "password": null}