{"id": "gen6randombattle-2522058554", "format": "[Gen 6] Random Battle", "players": ["lukasehrlich1", "arboretums"], "log": "|j|☆lukasehrlich1\n|j|☆arboretums\n|t:|1768855234\n|gametype|singles\n|player|p1|lukasehrlich1|lucas|1609\n|player|p2|arboretums|serena-masters2|1725\n|gen|6\n|tier|[Gen 6] Random Battle\n|rated|\n|rule|Sleep Clause Mod: Limit one foe put to sleep\n|rule|HP Percentage Mod: HP is shown in percentages\n|rule|Illusion Level Mod: Illusion disguises the Pokémon's true level\n|\n|t:|1768855234\n|teamsize|p1|6\n|teamsize|p2|6\n|start\n|switch|p1a: Venusaur|Venusaur, L77, F|250/250\n|switch|p2a: Jynx|Jynx, L86, F|251/251\n|turn|1\n|inactive|Battle timer is ON: inactive players will automatically lose when time's up. (requested by arboretums)\n|\n|t:|1768855267\n|switch|p1a: Liepard|Liepard, L85, M|248/248\n|move|p2a: Jynx|Psyshock|p1a: Liepard\n|-immune|p1a: Liepard\n|\n|upkeep\n|turn|2\n|\n|t:|1768855281\n|switch|p2a: Drapion|Drapion, L83, M|252/252\n|move|p1a: Liepard|Substitute|p1a: Liepard\n|-start|p1a: Liepard|Substitute\n|-damage|p1a: Liepard|186/248\n|\n|-heal|p1a: Liepard|201/248|[from] item: Leftovers\n|upkeep\n|turn|3\n|\n|t:|1768855287\n|move|p1a: Liepard|Thunder Wave|p2a: Drapion\n|-status|p2a: Drapion|par\n|move|p2a: Drapion|Earthquake|p1a: Liepard\n|-end|p1a: Liepard|Substitute\n|-damage|p2a: Drapion|227/252 par|[from] item: Life Orb\n|\n|-heal|p1a: Liepard|216/248|[from] item: Leftovers\n|upkeep\n|turn|4\n|\n|t:|1768855302\n|switch|p1a: Emolga|Emolga, L88, F|239/239\n|move|p2a: Drapion|Knock Off|p1a: Emolga\n|-damage|p1a: Emolga|142/239\n|-damage|p2a: Drapion|202/252 par|[from] item: Life Orb\n|\n|upkeep\n|turn|5\n|\n|t:|1768855313\n|move|p1a: Emolga|Thunderbolt|p2a: Drapion\n|-damage|p2a: Drapion|103/252 par\n|move|p2a: Drapion|Poison Jab|p1a: Emolga\n|-damage|p1a: Emolga|13/239\n|-status|p1a: Emolga|psn\n|-damage|p2a: Drapion|78/252 par|[from] item: Life Orb\n|\n|-damage|p1a: Emolga|0 fnt|[from] psn\n|faint|p1a: Emolga\n|upkeep\n|\n|t:|1768855324\n|switch|p1a: Diggersby|Diggersby, L81, F|270/270\n|turn|6\n|l|☆lukasehrlich1\n|inactive|lukasehrlich1 disconnected and has a minute to reconnect!\n|player|p1|\n|\n|t:|1768855337\n|move|p1a: Diggersby|Earthquake|p2a: Drapion\n|-supereffective|p2a: Drapion\n|-damage|p2a: Drapion|0 fnt\n|faint|p2a: Drapion\n|\n|upkeep\n|j|☆lukasehrlich1\n|inactive|lukasehrlich1 reconnected.\n|player|p1|lukasehrlich1|lucas|\n|\n|t:|1768855350\n|switch|p2a: Swanna|Swanna, L85, F|266/266\n|turn|7\n|\n|t:|1768855357\n|switch|p1a: Luvdisc|Luvdisc, F|248/248\n|move|p2a: Swanna|Brave Bird|p1a: Luvdisc\n|-damage|p1a: Luvdisc|100/248\n|-damage|p2a: Swanna|217/266|[from] Recoil\n|\n|-heal|p1a: Luvdisc|115/248|[from] item: Leftovers\n|-heal|p2a: Swanna|233/266|[from] item: Leftovers\n|upkeep\n|turn|8\n|\n|t:|1768855366\n|move|p1a: Luvdisc|Scald|p2a: Swanna\n|-resisted|p2a: Swanna\n|-damage|p2a: Swanna|191/266\n|move|p2a: Swanna|Brave Bird|p1a: Luvdisc\n|-damage|p1a: Luvdisc|0 fnt\n|faint|p1a: Luvdisc\n|-damage|p2a: Swanna|153/266|[from] Recoil\n|\n|-heal|p2a: Swanna|169/266|[from] item: Leftovers\n|upkeep\n|\n|t:|1768855379\n|switch|p1a: Liepard|Liepard, L85, M|216/248\n|turn|9\n|\n|t:|1768855383\n|switch|p2a: Raichu|Raichu, L87, M|246/246\n|move|p1a: Liepard|Thunder Wave|p2a: Raichu\n|-ability|p2a: Raichu|Lightning Rod|boost\n|-boost|p2a: Raichu|spa|1\n|\n|-heal|p1a: Liepard|231/248|[from] item: Leftovers\n|upkeep\n|turn|10\n|\n|t:|1768855388\n|move|p2a: Raichu|Thunderbolt|p1a: Liepard\n|-damage|p1a: Liepard|0 fnt\n|faint|p1a: Liepard\n|-damage|p2a: Raichu|222/246|[from] item: Life Orb\n|\n|upkeep\n|\n|t:|1768855394\n|switch|p1a: Venusaur|Venusaur, L77, F|250/250\n|turn|11\n|\n|t:|1768855398\n|detailschange|p1a: Venusaur|Venusaur-Mega, L77, F\n|-mega|p1a: Venusaur|Venusaur|Venusaurite\n|move|p2a: Raichu|Nasty Plot|p2a: Raichu\n|-boost|p2a: Raichu|spa|2\n|move|p1a: Venusaur|Knock Off|p2a: Raichu\n|-damage|p2a: Raichu|149/246\n|-enditem|p2a: Raichu|Life Orb|[from] move: Knock Off|[of] p1a: Venusaur\n|\n|upkeep\n|turn|12\n|\n|t:|1768855408\n|move|p2a: Raichu|Thunderbolt|p1a: Venusaur\n|-resisted|p1a: Venusaur\n|-damage|p1a: Venusaur|146/250\n|move|p1a: Venusaur|Sludge Bomb|p2a: Raichu\n|-damage|p2a: Raichu|50/246\n|\n|upkeep\n|turn|13\n|\n|t:|1768855414\n|move|p2a: Raichu|Thunderbolt|p1a: Venusaur\n|-resisted|p1a: Venusaur\n|-damage|p1a: Venusaur|38/250\n|move|p1a: Venusaur|Synthesis|p1a: Venusaur\n|-heal|p1a: Venusaur|163/250\n|\n|upkeep\n|turn|14\n|\n|t:|1768855417\n|move|p2a: Raichu|Thunderbolt|p1a: Venusaur\n|-resisted|p1a: Venusaur\n|-damage|p1a: Venusaur|55/250\n|move|p1a: Venusaur|Synthesis|p1a: Venusaur\n|-heal|p1a: Venusaur|180/250\n|\n|upkeep\n|turn|15\n|\n|t:|1768855420\n|move|p2a: Raichu|Thunderbolt|p1a: Venusaur\n|-resisted|p1a: Venusaur\n|-damage|p1a: Venusaur|75/250\n|move|p1a: Venusaur|Sludge Bomb|p2a: Raichu\n|-damage|p2a: Raichu|0 fnt\n|faint|p2a: Raichu\n|\n|upkeep\n|\n|t:|1768855425\n|switch|p2a: Jynx|Jynx, L86, F|251/251\n|turn|16\n|\n|t:|1768855428\n|move|p2a: Jynx|Ice Beam|p1a: Venusaur\n|-supereffective|p1a: Venusaur\n|-damage|p1a: Venusaur|0 fnt\n|faint|p1a: Venusaur\n|detailschange|p1: Venusaur|Venusaur, L77, F|[silent]\n|\n|upkeep\n|\n|t:|1768855432\n|switch|p1a: Arcanine|Arcanine, L82, M|282/282\n|-ability|p1a: Arcanine|Intimidate|boost\n|-unboost|p2a: Jynx|atk|1\n|turn|17\n|\n|t:|1768855435\n|switch|p2a: Snorlax|Snorlax, L81, F|392/392\n|move|p1a: Arcanine|Flare Blitz|p2a: Snorlax\n|-damage|p2a: Snorlax|304/392\n|-damage|p1a: Arcanine|253/282|[from] Recoil\n|\n|-heal|p1a: Arcanine|270/282|[from] item: Leftovers\n|-heal|p2a: Snorlax|328/392|[from] item: Leftovers\n|upkeep\n|turn|18\n|\n|t:|1768855438\n|move|p1a: Arcanine|Close Combat|p2a: Snorlax\n|-supereffective|p2a: Snorlax\n|-damage|p2a: Snorlax|100/392\n|-unboost|p1a: Arcanine|def|1\n|-unboost|p1a: Arcanine|spd|1\n|move|p2a: Snorlax|Body Slam|p1a: Arcanine\n|-damage|p1a: Arcanine|128/282\n|-status|p1a: Arcanine|par\n|\n|-heal|p2a: Snorlax|124/392|[from] item: Leftovers\n|-heal|p1a: Arcanine|145/282 par|[from] item: Leftovers\n|upkeep\n|turn|19\n|\n|t:|1768855440\n|move|p2a: Snorlax|Body Slam|p1a: Arcanine\n|-damage|p1a: Arcanine|0 fnt\n|faint|p1a: Arcanine\n|\n|-heal|p2a: Snorlax|148/392|[from] item: Leftovers\n|upkeep\n|\n|t:|1768855443\n|switch|p1a: Diggersby|Diggersby, L81, F|270/270\n|turn|20\n|\n|t:|1768855446\n|move|p1a: Diggersby|Return|p2a: Snorlax\n|-damage|p2a: Snorlax|0 fnt\n|faint|p2a: Snorlax\n|\n|upkeep\n|\n|t:|1768855449\n|switch|p2a: Jynx|Jynx, L86, F|251/251\n|turn|21\n|\n|t:|1768855453\n|move|p2a: Jynx|Ice Beam|p1a: Diggersby\n|-supereffective|p1a: Diggersby\n|-damage|p1a: Diggersby|0 fnt\n|faint|p1a: Diggersby\n|\n|win|arboretums\n|raw|lukasehrlich1's rating: 1609 &rarr; <strong>1595</strong><br />(-14 for losing)\n|raw|arboretums's rating: 1725 &rarr; <strong>1739</strong><br />(+14 for winning)\n", "inputlog": ">version 3bd1a1e329da8d286644078cfc9a9638fc7ea025\n>start {\"formatid\":\"gen6randombattle\",\"seed\":\"sodium,4c73664fccca9ac4110f6dcd6b4e7ea1\",\"rated\":\"Rated battle\"}\n>player p1 {\"name\":\"lukasehrlich1\",\"avatar\":\"lucas\",\"rating\":1609,\"seed\":\"sodium,4b17d495b0b6e229d7469da74b0d3b6f\"}\n>player p2 {\"name\":\"arboretums\",\"avatar\":\"serena-masters2\",\"rating\":1725,\"seed\":\"sodium,2a3de5509e1ea93bbe3da910fa85337a\"}\n>p1 switch 5\n>p2 move psyshock\n>p1 move substitute\n>p2 switch 3\n>p1 move thunderwave\n>p2 move earthquake\n>p1 switch 2\n>p2 move knockoff\n>p1 move thunderbolt\n>p2 move poisonjab\n>p1 switch 4\n>p1 move earthquake\n>p2 move earthquake\n>p2 switch 6\n>p1 switch 3\n>p2 move bravebird\n>p1 move scald\n>p2 move bravebird\n>p1 switch 2\n>p1 move thunderwave\n>p2 switch 2\n>p1 move knockoff\n>p2 move thunderbolt\n>p1 switch 5\n>p1 move knockoff mega\n>p2 move nastyplot\n>p1 move sludgebomb\n>p2 move thunderbolt\n>p1 move synthesis\n>p2 move thunderbolt\n>p1 move synthesis\n>p2 move thunderbolt\n>p1 move sludgebomb\n>p2 move thunderbolt\n>p2 switch 3\n>p1 move knockoff\n>p2 move icebeam\n>p1 switch 6\n>p1 move flareblitz\n>p2 switch 5\n>p1 move closecombat\n>p2 move bodyslam\n>p1 move closecombat\n>p2 move bodyslam\n>p1 switch 3\n>p1 move return\n>p2 move bodyslam\n>p2 switch 5\n>p1 move return\n>p2 move icebeam", "uploadtime": 1768855454, "views": 313, "formatid": "gen6randombattle", "rating": 1595, "private": 0, "password": null}