{"id": "gen6randombattle-2522539340", "format": "[Gen 6] Random Battle", "players": ["arboretums", "Onsson"], "log": "|j|☆arboretums\n|j|☆Onsson\n|t:|1768920820\n|gametype|singles\n|player|p1|arboretums|serena-masters2|1637\n|player|p2|Onsson|266|1521\n|gen|6\n|tier|[Gen 6] Random Battle\n|rated|\n|rule|Sleep Clause Mod: Limit one foe put to sleep\n|rule|HP Percentage Mod: HP is shown in percentages\n|rule|Illusion Level Mod: Illusion disguises the Pokémon's true level\n|\n|t:|1768920820\n|teamsize|p1|6\n|teamsize|p2|6\n|start\n|switch|p1a: Shiftry|Shiftry, L88, F|302/302\n|switch|p2a: Torterra|Torterra, L87, F|307/307\n|turn|1\n|inactive|Battle timer is ON: inactive players will automatically lose when time's up. (requested by Onsson)\n|\n|t:|1768920840\n|switch|p1a: Typhlosion|Typhlosion, L84, M|267/267\n|switch|p2a: Emboar|Emboar, L83, F|318/318\n|\n|upkeep\n|turn|2\n|\n|t:|1768920846\n|switch|p1a: Steelix|Steelix, L80, F|251/251\n|move|p2a: Emboar|Head Smash|p1a: Steelix|[miss]\n|-miss|p2a: Emboar|p1a: Steelix\n|\n|upkeep\n|turn|3\n|\n|t:|1768920857\n|switch|p2a: Pidgeot|Pidgeot, L77, M|254/254\n|detailschange|p1a: Steelix|Steelix-Mega, L80, F\n|-mega|p1a: Steelix|Steelix|Steelixite\n|move|p1a: Steelix|Toxic|p2a: Pidgeot\n|-status|p2a: Pidgeot|tox\n|\n|-damage|p2a: Pidgeot|239/254 tox|[from] psn\n|upkeep\n|turn|4\n|\n|t:|1768920866\n|detailschange|p2a: Pidgeot|Pidgeot-Mega, L77, M\n|-mega|p2a: Pidgeot|Pidgeot|Pidgeotite\n|move|p2a: Pidgeot|Work Up|p2a: Pidgeot\n|-boost|p2a: Pidgeot|atk|1\n|-boost|p2a: Pidgeot|spa|1\n|move|p1a: Steelix|Stealth Rock|p2a: Pidgeot\n|-sidestart|p2: Onsson|move: Stealth Rock\n|\n|-damage|p2a: Pidgeot|209/254 tox|[from] psn\n|upkeep\n|turn|5\n|\n|t:|1768920873\n|move|p2a: Pidgeot|Heat Wave|p1a: Steelix\n|-supereffective|p1a: Steelix\n|-damage|p1a: Steelix|45/251\n|move|p1a: Steelix|Heavy Slam|p2a: Pidgeot\n|-damage|p2a: Pidgeot|44/254 tox\n|\n|-damage|p2a: Pidgeot|0 fnt|[from] psn\n|faint|p2a: Pidgeot\n|detailschange|p2: Pidgeot|Pidgeot, L77, M|[silent]\n|upkeep\n|\n|t:|1768920880\n|switch|p2a: Skarmory|Skarmory, L74, M|218/218\n|-damage|p2a: Skarmory|191/218|[from] Stealth Rock\n|turn|6\n|\n|t:|1768920892\n|switch|p1a: Liepard|Liepard, L85, M|248/248\n|move|p2a: Skarmory|Stealth Rock|p1a: Liepard\n|-sidestart|p1: arboretums|move: Stealth Rock\n|\n|upkeep\n|turn|7\n|\n|t:|1768920897\n|switch|p2a: Torterra|Torterra, L87, F|307/307\n|-damage|p2a: Torterra|288/307|[from] Stealth Rock\n|move|p1a: Liepard|Encore||[still]\n|-fail|p1a: Liepard\n|\n|-heal|p2a: Torterra|307/307|[from] item: Leftovers\n|upkeep\n|turn|8\n|\n|t:|1768920907\n|switch|p1a: Steelix|Steelix-Mega, L80, F|45/251\n|-damage|p1a: Steelix|38/251|[from] Stealth Rock\n|move|p2a: Torterra|Earthquake|p1a: Steelix\n|-supereffective|p1a: Steelix\n|-damage|p1a: Steelix|0 fnt\n|faint|p1a: Steelix\n|detailschange|p1: Steelix|Steelix, L80, F|[silent]\n|\n|upkeep\n|\n|t:|1768920910\n|switch|p1a: Typhlosion|Typhlosion, L84, M|267/267\n|-damage|p1a: Typhlosion|201/267|[from] Stealth Rock\n|turn|9\n|\n|t:|1768920922\n|switch|p2a: Emboar|Emboar, L83, F|318/318\n|-damage|p2a: Emboar|279/318|[from] Stealth Rock\n|move|p1a: Typhlosion|Eruption|p2a: Emboar\n|-resisted|p2a: Emboar\n|-damage|p2a: Emboar|201/318\n|\n|upkeep\n|turn|10\n|\n|t:|1768920929\n|switch|p1a: Gastrodon|Gastrodon-East, L86, F|331/331\n|-damage|p1a: Gastrodon|311/331|[from] Stealth Rock\n|move|p2a: Emboar|Head Smash|p1a: Gastrodon\n|-resisted|p1a: Gastrodon\n|-damage|p1a: Gastrodon|173/331\n|-damage|p2a: Emboar|132/318|[from] Recoil\n|\n|-heal|p1a: Gastrodon|193/331|[from] item: Leftovers\n|upkeep\n|turn|11\n|\n|t:|1768920934\n|switch|p2a: Torterra|Torterra, L87, F|307/307\n|-damage|p2a: Torterra|288/307|[from] Stealth Rock\n|move|p1a: Gastrodon|Recover|p1a: Gastrodon\n|-heal|p1a: Gastrodon|331/331\n|\n|-heal|p2a: Torterra|307/307|[from] item: Leftovers\n|upkeep\n|turn|12\n|\n|t:|1768920939\n|switch|p1a: Fearow|Fearow, L88, F|258/258\n|-damage|p1a: Fearow|194/258|[from] Stealth Rock\n|move|p2a: Torterra|Wood Hammer|p1a: Fearow\n|-resisted|p1a: Fearow\n|-damage|p1a: Fearow|109/258\n|-damage|p2a: Torterra|279/307|[from] Recoil\n|\n|-heal|p2a: Torterra|298/307|[from] item: Leftovers\n|upkeep\n|turn|13\n|\n|t:|1768920945\n|switch|p2a: Skarmory|Skarmory, L74, M|191/218\n|-damage|p2a: Skarmory|164/218|[from] Stealth Rock\n|move|p1a: Fearow|Drill Peck|p2a: Skarmory\n|-resisted|p2a: Skarmory\n|-damage|p2a: Skarmory|113/218\n|-damage|p1a: Fearow|66/258|[from] item: Rocky Helmet|[of] p2a: Skarmory\n|\n|upkeep\n|turn|14\n|\n|t:|1768920957\n|switch|p1a: Gastrodon|Gastrodon-East, L86, F|331/331\n|-damage|p1a: Gastrodon|311/331|[from] Stealth Rock\n|move|p2a: Skarmory|Spikes|p1a: Gastrodon\n|-sidestart|p1: arboretums|Spikes\n|\n|-heal|p1a: Gastrodon|331/331|[from] item: Leftovers\n|upkeep\n|turn|15\n|\n|t:|1768920967\n|move|p2a: Skarmory|Roost|p2a: Skarmory\n|-heal|p2a: Skarmory|218/218\n|-singleturn|p2a: Skarmory|move: Roost\n|move|p1a: Gastrodon|Scald|p2a: Skarmory\n|-damage|p2a: Skarmory|95/218\n|\n|upkeep\n|turn|16\n|\n|t:|1768920982\n|switch|p2a: Torterra|Torterra, L87, F|298/307\n|-damage|p2a: Torterra|279/307|[from] Stealth Rock\n|move|p1a: Gastrodon|Scald|p2a: Torterra\n|-crit|p2a: Torterra\n|-damage|p2a: Torterra|141/307\n|-status|p2a: Torterra|brn\n|\n|-heal|p2a: Torterra|160/307 brn|[from] item: Leftovers\n|-damage|p2a: Torterra|122/307 brn|[from] brn\n|upkeep\n|turn|17\n|\n|t:|1768920990\n|move|p2a: Torterra|Wood Hammer|p1a: Gastrodon\n|-supereffective|p1a: Gastrodon\n|-damage|p1a: Gastrodon|0 fnt\n|faint|p1a: Gastrodon\n|-damage|p2a: Torterra|13/307 brn|[from] Recoil\n|\n|-heal|p2a: Torterra|32/307 brn|[from] item: Leftovers\n|-damage|p2a: Torterra|0 fnt|[from] brn\n|faint|p2a: Torterra\n|upkeep\n|\n|t:|1768921003\n|switch|p2a: Regice|Regice, L87|281/281\n|switch|p1a: Fearow|Fearow, L88, F|66/258\n|-damage|p1a: Fearow|2/258|[from] Stealth Rock\n|-damage|p2a: Regice|211/281|[from] Stealth Rock\n|turn|18\n|\n|t:|1768921011\n|move|p1a: Fearow|Double-Edge|p2a: Regice\n|-damage|p2a: Regice|28/281\n|-damage|p1a: Fearow|0 fnt|[from] Recoil\n|faint|p1a: Fearow\n|move|p2a: Regice|Rock Polish|p2a: Regice\n|-boost|p2a: Regice|spe|2\n|\n|upkeep\n|\n|t:|1768921016\n|switch|p1a: Typhlosion|Typhlosion, L84, M|201/267\n|-damage|p1a: Typhlosion|135/267|[from] Stealth Rock\n|-damage|p1a: Typhlosion|102/267|[from] Spikes\n|turn|19\n|\n|t:|1768921020\n|move|p1a: Typhlosion|Hidden Power|p2a: Regice\n|-supereffective|p2a: Regice\n|-damage|p2a: Regice|0 fnt\n|faint|p2a: Regice\n|\n|upkeep\n|\n|t:|1768921026\n|switch|p2a: Emboar|Emboar, L83, F|132/318\n|-damage|p2a: Emboar|93/318|[from] Stealth Rock\n|turn|20\n|inactive|arboretums has 120 seconds left.\n|\n|t:|1768921060\n|move|p1a: Typhlosion|Hidden Power|p2a: Emboar\n|-damage|p2a: Emboar|31/318\n|move|p2a: Emboar|Head Smash|p1a: Typhlosion\n|-supereffective|p1a: Typhlosion\n|-damage|p1a: Typhlosion|0 fnt\n|faint|p1a: Typhlosion\n|-damage|p2a: Emboar|0 fnt|[from] Recoil\n|faint|p2a: Emboar\n|\n|upkeep\n|inactive|arboretums has 120 seconds left.\n|\n|t:|1768921072\n|switch|p1a: Liepard|Liepard, L85, M|248/248\n|switch|p2a: Skarmory|Skarmory, L74, M|95/218\n|-damage|p1a: Liepard|217/248|[from] Stealth Rock\n|-damage|p1a: Liepard|186/248|[from] Spikes\n|-damage|p2a: Skarmory|68/218|[from] Stealth Rock\n|turn|21\n|\n|t:|1768921077\n|move|p1a: Liepard|Knock Off|p2a: Skarmory\n|-damage|p2a: Skarmory|0 fnt\n|-damage|p1a: Liepard|145/248|[from] item: Rocky Helmet|[of] p2a: Skarmory\n|-enditem|p2a: Skarmory|Rocky Helmet|[from] move: Knock Off|[of] p1a: Liepard\n|faint|p2a: Skarmory\n|\n|-heal|p1a: Liepard|160/248|[from] item: Leftovers\n|upkeep\n|\n|t:|1768921081\n|switch|p2a: Slurpuff|Slurpuff, L77, M|252/252\n|-damage|p2a: Slurpuff|221/252|[from] Stealth Rock\n|turn|22\n|\n|t:|1768921086\n|move|p1a: Liepard|Thunder Wave|p2a: Slurpuff\n|-status|p2a: Slurpuff|par\n|move|p2a: Slurpuff|Play Rough|p1a: Liepard\n|-supereffective|p1a: Liepard\n|-damage|p1a: Liepard|0 fnt\n|faint|p1a: Liepard\n|\n|upkeep\n|\n|t:|1768921093\n|switch|p1a: Shiftry|Shiftry, L88, F|302/302\n|-damage|p1a: Shiftry|265/302|[from] Stealth Rock\n|-damage|p1a: Shiftry|228/302|[from] Spikes\n|turn|23\n|\n|t:|1768921097\n|move|p1a: Shiftry|Swords Dance|p1a: Shiftry\n|-boost|p1a: Shiftry|atk|2\n|move|p2a: Slurpuff|Play Rough|p1a: Shiftry\n|-supereffective|p1a: Shiftry\n|-damage|p1a: Shiftry|46/302\n|\n|upkeep\n|turn|24\n|\n|t:|1768921102\n|move|p1a: Shiftry|Leaf Blade|p2a: Slurpuff\n|-damage|p2a: Slurpuff|0 fnt\n|faint|p2a: Slurpuff\n|-damage|p1a: Shiftry|16/302|[from] item: Life Orb\n|\n|win|arboretums\n|raw|arboretums's rating: 1637 &rarr; <strong>1651</strong><br />(+14 for winning)\n|raw|Onsson's rating: 1521 &rarr; <strong>1507</strong><br />(-14 for losing)\n|l|☆Onsson\n|player|p2|\n", "inputlog": ">version 3bd1a1e329da8d286644078cfc9a9638fc7ea025\n>start {\"formatid\":\"gen6randombattle\",\"seed\":\"sodium,496e4e550df59b5fd8bebeb86a0cca1c\",\"rated\":\"Rated battle\"}\n>player p1 {\"name\":\"arboretums\",\"avatar\":\"serena-masters2\",\"rating\":1637,\"seed\":\"sodium,9b8f696aa401f4460b822954c72e023b\"}\n>player p2 {\"name\":\"Onsson\",\"avatar\":\"266\",\"rating\":1521,\"seed\":\"sodium,dcd078099dbe5a2bc0198d011e31ea42\"}\n>p1 switch 5\n>p2 switch 2\n>p1 switch 3\n>p2 move headsmash\n>p1 move toxic mega\n>p2 switch 3\n>p1 move stealthrock\n>p2 move workup mega\n>p1 move heavyslam\n>p2 move heatwave\n>p2 switch 6\n>p1 switch 6\n>p2 move stealthrock\n>p1 move encore\n>p2 switch 2\n>p1 switch 6\n>p2 move earthquake\n>p1 switch 3\n>p1 move eruption\n>p2 switch 3\n>p1 switch 2\n>p2 move headsmash\n>p1 move recover\n>p2 switch 3\n>p1 switch 4\n>p2 move woodhammer\n>p1 move drillpeck\n>p2 switch 2\n>p1 switch 4\n>p2 move spikes\n>p1 move scald\n>p2 move roost\n>p1 move scald\n>p2 switch 2\n>p1 move recover\n>p2 move woodhammer\n>p1 switch 4\n>p2 switch 5\n>p1 move doubleedge\n>p2 move rockpolish\n>p1 switch 2\n>p1 move hiddenpower\n>p2 move thunderbolt\n>p2 switch 3\n>p1 move hiddenpower\n>p2 move headsmash\n>p1 switch 6\n>p2 switch 2\n>p1 move knockoff\n>p2 move roost\n>p2 switch 4\n>p1 move thunderwave\n>p2 move playrough\n>p1 switch 5\n>p1 move swordsdance\n>p2 move playrough\n>p1 move leafblade\n>p2 move drainpunch", "uploadtime": 1768921108, "views": 297, "formatid": "gen6randombattle", "rating": 1507, "private": 0, "password": null}