{"id": "gen6randombattle-2534502346", "format": "[Gen 6] Random Battle", "players": ["expergamez", "RNGgivethRNGtaketh"], "log": "|j|☆expergamez\n|j|☆RNGgivethRNGtaketh\n|t:|1770429221\n|gametype|singles\n|player|p1|expergamez|red|1679\n|player|p2|RNGgivethRNGtaketh|brock|1647\n|gen|6\n|tier|[Gen 6] Random Battle\n|rated|\n|rule|Sleep Clause Mod: Limit one foe put to sleep\n|rule|HP Percentage Mod: HP is shown in percentages\n|rule|Illusion Level Mod: Illusion disguises the Pokémon's true level\n|\n|t:|1770429221\n|teamsize|p1|6\n|teamsize|p2|6\n|start\n|switch|p1a: Azelf|Azelf, L80|251/251\n|switch|p2a: Xerneas|Xerneas, L64|268/268\n|-ability|p2a: Xerneas|Fairy Aura\n|turn|1\n|inactive|Battle timer is ON: inactive players will automatically lose when time's up. (requested by expergamez)\n|inactive|RNGgivethRNGtaketh has 120 seconds left.\n|\n|t:|1770429273\n|switch|p2a: Aegislash|Aegislash, L78, F|222/222\n|move|p1a: Azelf|Psychic|p2a: Aegislash\n|-resisted|p2a: Aegislash\n|-damage|p2a: Aegislash|171/222\n|-damage|p1a: Azelf|226/251|[from] item: Life Orb\n|\n|upkeep\n|turn|2\n|\n|t:|1770429284\n|move|p1a: Azelf|Fire Blast|p2a: Aegislash\n|-supereffective|p2a: Aegislash\n|-damage|p2a: Aegislash|0 fnt\n|faint|p2a: Aegislash\n|-damage|p1a: Azelf|201/251|[from] item: Life Orb\n|\n|upkeep\n|\n|t:|1770429289\n|switch|p2a: Miltank|Miltank, L84, F|297/297\n|turn|3\n|l|☆RNGgivethRNGtaketh\n|inactive|RNGgivethRNGtaketh disconnected and has a minute to reconnect!\n|player|p2|\n|\n|t:|1770429313\n|move|p1a: Azelf|Psychic|p2a: Miltank\n|-damage|p2a: Miltank|128/297\n|-damage|p1a: Azelf|176/251|[from] item: Life Orb\n|move|p2a: Miltank|Body Slam|p1a: Azelf\n|-damage|p1a: Azelf|76/251\n|\n|-heal|p2a: Miltank|146/297|[from] item: Leftovers\n|upkeep\n|turn|4\n|j|☆RNGgivethRNGtaketh\n|inactive|RNGgivethRNGtaketh reconnected and has 140 seconds left.\n|player|p2|RNGgivethRNGtaketh|brock|\n|\n|t:|1770429334\n|switch|p2a: Suicune|Suicune, L80|291/291\n|-ability|p2a: Suicune|Pressure\n|move|p1a: Azelf|Psychic|p2a: Suicune\n|-damage|p2a: Suicune|177/291\n|-damage|p1a: Azelf|51/251|[from] item: Life Orb\n|\n|upkeep\n|turn|5\n|\n|t:|1770429341\n|move|p1a: Azelf|Psychic|p2a: Suicune\n|-damage|p2a: Suicune|56/291\n|-damage|p1a: Azelf|26/251|[from] item: Life Orb\n|move|p2a: Suicune|Rest|p2a: Suicune\n|-status|p2a: Suicune|slp|[from] move: Rest\n|-heal|p2a: Suicune|291/291 slp|[silent]\n|-enditem|p2a: Suicune|Chesto Berry|[eat]\n|-curestatus|p2a: Suicune|slp|[msg]\n|\n|upkeep\n|turn|6\n|\n|t:|1770429347\n|move|p1a: Azelf|Psychic|p2a: Suicune\n|-damage|p2a: Suicune|173/291\n|-damage|p1a: Azelf|1/251|[from] item: Life Orb\n|move|p2a: Suicune|Calm Mind|p2a: Suicune\n|-boost|p2a: Suicune|spa|1\n|-boost|p2a: Suicune|spd|1\n|\n|upkeep\n|turn|7\n|\n|t:|1770429353\n|move|p1a: Azelf|Psychic|p2a: Suicune\n|-damage|p2a: Suicune|95/291\n|-damage|p1a: Azelf|0 fnt|[from] item: Life Orb\n|faint|p1a: Azelf\n|move|p2a: Suicune|Calm Mind|p2a: Suicune\n|-boost|p2a: Suicune|spa|1\n|-boost|p2a: Suicune|spd|1\n|\n|upkeep\n|\n|t:|1770429366\n|switch|p1a: Haxorus|Haxorus, L77, M|244/244\n|-ability|p1a: Haxorus|Mold Breaker\n|turn|8\n|c|☆RNGgivethRNGtaketh|Can't believe I used 4 Pokémon. Poor play on my end\n|\n|t:|1770429381\n|move|p1a: Haxorus|Dragon Dance|p1a: Haxorus\n|-boost|p1a: Haxorus|atk|1\n|-boost|p1a: Haxorus|spe|1\n|move|p2a: Suicune|Ice Beam|p1a: Haxorus\n|-supereffective|p1a: Haxorus\n|-crit|p1a: Haxorus\n|-damage|p1a: Haxorus|0 fnt\n|faint|p1a: Haxorus\n|\n|upkeep\n|\n|t:|1770429389\n|switch|p1a: Gligar|Gligar, L82, F|241/241\n|turn|9\n|\n|t:|1770429392\n|move|p1a: Gligar|Earthquake|p2a: Suicune\n|-damage|p2a: Suicune|26/291\n|move|p2a: Suicune|Scald|p1a: Gligar\n|-supereffective|p1a: Gligar\n|-crit|p1a: Gligar\n|-damage|p1a: Gligar|0 fnt\n|faint|p1a: Gligar\n|\n|upkeep\n|\n|t:|1770429397\n|switch|p1a: Linoone|Linoone, L84, F|268/268\n|turn|10\n|\n|t:|1770429403\n|move|p1a: Linoone|Extreme Speed|p2a: Suicune\n|-damage|p2a: Suicune|0 fnt\n|faint|p2a: Suicune\n|\n|upkeep\n|\n|t:|1770429405\n|switch|p2a: Furfrou|Furfrou-Debutante, L85, M|266/266\n|turn|11\n|\n|t:|1770429409\n|switch|p1a: Reuniclus|Reuniclus, L85, F|326/326\n|move|p2a: Furfrou|Cotton Guard|p2a: Furfrou\n|-boost|p2a: Furfrou|def|3\n|\n|upkeep\n|turn|12\n|\n|t:|1770429417\n|switch|p2a: Amoonguss|Amoonguss, L83, F|325/325\n|move|p1a: Reuniclus|Focus Blast|p2a: Amoonguss|[miss]\n|-miss|p1a: Reuniclus|p2a: Amoonguss\n|\n|upkeep\n|turn|13\n|\n|t:|1770429432\n|switch|p1a: Linoone|Linoone, L84, F|268/268\n|move|p2a: Amoonguss|Spore|p1a: Linoone\n|-status|p1a: Linoone|slp|[from] move: Spore\n|\n|upkeep\n|turn|14\n|\n|t:|1770429437\n|switch|p1a: Reuniclus|Reuniclus, L85, F|326/326\n|move|p2a: Amoonguss|Sludge Bomb|p1a: Reuniclus\n|-damage|p1a: Reuniclus|239/326\n|-status|p1a: Reuniclus|psn\n|\n|upkeep\n|turn|15\n|\n|t:|1770429452\n|switch|p2a: Miltank|Miltank, L84, F|146/297\n|move|p1a: Reuniclus|Psyshock|p2a: Miltank\n|-damage|p2a: Miltank|20/297\n|\n|-heal|p2a: Miltank|38/297|[from] item: Leftovers\n|upkeep\n|turn|16\n|\n|t:|1770429457\n|move|p2a: Miltank|Body Slam|p1a: Reuniclus\n|-damage|p1a: Reuniclus|148/326 psn\n|move|p1a: Reuniclus|Psyshock|p2a: Miltank\n|-damage|p2a: Miltank|0 fnt\n|faint|p2a: Miltank\n|\n|upkeep\n|\n|t:|1770429460\n|switch|p2a: Xerneas|Xerneas, L64|268/268\n|-ability|p2a: Xerneas|Fairy Aura\n|turn|17\n|\n|t:|1770429464\n|move|p2a: Xerneas|Geomancy||[still]\n|-prepare|p2a: Xerneas|Geomancy\n|-enditem|p2a: Xerneas|Power Herb\n|-anim|p2a: Xerneas|Geomancy|p2a: Xerneas\n|-boost|p2a: Xerneas|spa|2\n|-boost|p2a: Xerneas|spd|2\n|-boost|p2a: Xerneas|spe|2\n|move|p1a: Reuniclus|Psyshock|p2a: Xerneas\n|-damage|p2a: Xerneas|81/268\n|\n|upkeep\n|turn|18\n|\n|t:|1770429468\n|move|p2a: Xerneas|Moonblast|p1a: Reuniclus\n|-crit|p1a: Reuniclus\n|-damage|p1a: Reuniclus|0 fnt\n|faint|p1a: Reuniclus\n|\n|upkeep\n|\n|t:|1770429477\n|switch|p1a: Gyarados|Gyarados, L74, M|263/263\n|-ability|p1a: Gyarados|Intimidate|boost\n|-unboost|p2a: Xerneas|atk|1\n|turn|19\n|\n|t:|1770429486\n|move|p2a: Xerneas|Moonblast|p1a: Gyarados\n|-damage|p1a: Gyarados|50/263\n|-unboost|p1a: Gyarados|spa|1\n|move|p1a: Gyarados|Waterfall|p2a: Xerneas\n|-damage|p2a: Xerneas|0 fnt\n|faint|p2a: Xerneas\n|\n|upkeep\n|\n|t:|1770429490\n|switch|p2a: Furfrou|Furfrou-Debutante, L85, M|266/266\n|turn|20\n|\n|t:|1770429498\n|switch|p1a: Linoone|Linoone, L84, F|268/268 slp\n|move|p2a: Furfrou|Cotton Guard|p2a: Furfrou\n|-boost|p2a: Furfrou|def|3\n|\n|upkeep\n|turn|21\n|\n|t:|1770429500\n|switch|p1a: Gyarados|Gyarados, L74, M|50/263\n|-ability|p1a: Gyarados|Intimidate|boost\n|-unboost|p2a: Furfrou|atk|1\n|move|p2a: Furfrou|Return|p1a: Gyarados\n|-damage|p1a: Gyarados|0 fnt\n|faint|p1a: Gyarados\n|\n|upkeep\n|\n|t:|1770429502\n|switch|p1a: Linoone|Linoone, L84, F|268/268 slp\n|turn|22\n|c|☆RNGgivethRNGtaketh|Gg\n|\n|t:|1770429507\n|cant|p1a: Linoone|slp\n|move|p2a: Furfrou|Return|p1a: Linoone\n|-damage|p1a: Linoone|186/268 slp\n|\n|upkeep\n|turn|23\n|\n|t:|1770429511\n|-curestatus|p1a: Linoone|slp|[msg]\n|move|p1a: Linoone|Belly Drum|p1a: Linoone\n|-damage|p1a: Linoone|52/268\n|-setboost|p1a: Linoone|atk|6|[from] move: Belly Drum\n|-enditem|p1a: Linoone|Sitrus Berry|[eat]\n|-heal|p1a: Linoone|119/268|[from] item: Sitrus Berry\n|move|p2a: Furfrou|Cotton Guard|p2a: Furfrou\n|-boost|p2a: Furfrou|def|3\n|\n|upkeep\n|turn|24\n|\n|t:|1770429516\n|move|p1a: Linoone|Extreme Speed|p2a: Furfrou\n|-crit|p2a: Furfrou\n|-damage|p2a: Furfrou|23/266\n|move|p2a: Furfrou|Return|p1a: Linoone\n|-damage|p1a: Linoone|37/268\n|\n|upkeep\n|turn|25\n|\n|t:|1770429541\n|move|p1a: Linoone|Extreme Speed|p2a: Furfrou\n|-damage|p2a: Furfrou|0 fnt\n|faint|p2a: Furfrou\n|\n|upkeep\n|\n|t:|1770429543\n|switch|p2a: Amoonguss|Amoonguss, L83, F|325/325\n|turn|26\n|\n|t:|1770429546\n|move|p1a: Linoone|Extreme Speed|p2a: Amoonguss\n|-damage|p2a: Amoonguss|0 fnt\n|-damage|p1a: Linoone|0 fnt|[from] item: Rocky Helmet|[of] p2a: Amoonguss\n|faint|p1a: Linoone\n|faint|p2a: Amoonguss\n|\n|win|RNGgivethRNGtaketh\n|raw|expergamez's rating: 1679 &rarr; <strong>1657</strong><br />(-22 for losing)\n|raw|RNGgivethRNGtaketh's rating: 1647 &rarr; <strong>1669</strong><br />(+22 for winning)\n|c|☆RNGgivethRNGtaketh|Lol wow gg\n|l|☆expergamez\n|player|p1|\n", "inputlog": ">version ccdc32dd7cde25fd9e4bed64820e885f66e78a4e\n>start {\"formatid\":\"gen6randombattle\",\"seed\":\"sodium,baa35695976029dab825ab05c1c0923a\",\"rated\":\"Rated battle\"}\n>player p1 {\"name\":\"expergamez\",\"avatar\":\"red\",\"rating\":1679,\"seed\":\"sodium,78c1248abff645120c67159271c7946f\"}\n>player p2 {\"name\":\"RNGgivethRNGtaketh\",\"avatar\":\"brock\",\"rating\":1647,\"seed\":\"sodium,14735d563d006d2fe8159f4ac2dc52d8\"}\n>p1 move psychic\n>p2 switch 4\n>p1 move fireblast\n>p2 move swordsdance\n>p2 switch 6\n>p1 move psychic\n>p2 move bodyslam\n>p1 move psychic\n>p2 switch 2\n>p1 move psychic\n>p2 move rest\n>p1 move psychic\n>p2 move calmmind\n>p1 move psychic\n>p2 move calmmind\n>p1 switch 5\n>chat ☆RNGgivethRNGtaketh|Can't believe I used 4 Pokémon. Poor play on my end\n>p1 move dragondance\n>p2 move icebeam\n>p1 switch 4\n>p1 move earthquake\n>p2 move scald\n>p1 switch 6\n>p1 move extremespeed\n>p2 move scald\n>p2 switch 5\n>p1 switch 3\n>p2 move cottonguard\n>p1 move focusblast\n>p2 switch 3\n>p1 switch 3\n>p2 move spore\n>p1 switch 3\n>p2 move sludgebomb\n>p1 move psyshock\n>p2 switch 2\n>p1 move psyshock\n>p2 move bodyslam\n>p2 switch 4\n>p1 move psyshock\n>p2 move geomancy\n>p1 move psyshock\n>p2 move moonblast\n>p1 switch 2\n>p1 move waterfall\n>p2 move moonblast\n>p2 switch 3\n>p1 switch 3\n>p2 move cottonguard\n>p1 switch 3\n>p2 move return\n>p1 switch 3\n>chat ☆RNGgivethRNGtaketh|Gg\n>p1 move extremespeed\n>p2 move return\n>p1 move bellydrum\n>p2 move cottonguard\n>p1 move extremespeed\n>p2 move return\n>p1 move extremespeed\n>p2 move rest\n>p2 switch 2\n>p1 move extremespeed\n>p2 move gigadrain", "uploadtime": 1770429573, "views": 255, "formatid": "gen6randombattle", "rating": 1657, "private": 0, "password": null}