{"id": "gen6randombattle-2533953062", "format": "[Gen 6] Random Battle", "players": ["Julesfif", "Plop"], "log": "|j|☆Julesfif\n|j|☆Plop\n|t:|1770366537\n|gametype|singles\n|player|p1|Julesfif|170|1512\n|player|p2|Plop|#rbtt9travelers|1823\n|gen|6\n|tier|[Gen 6] Random Battle\n|rated|\n|rule|Sleep Clause Mod: Limit one foe put to sleep\n|rule|HP Percentage Mod: HP is shown in percentages\n|rule|Illusion Level Mod: Illusion disguises the Pokémon's true level\n|\n|t:|1770366537\n|teamsize|p1|6\n|teamsize|p2|6\n|start\n|switch|p1a: Conkeldurr|Conkeldurr, L81, M|303/303\n|switch|p2a: Wormadam|Wormadam-Sandy, L90, F|254/254\n|turn|1\n|inactive|Battle timer is ON: inactive players will automatically lose when time's up. (requested by Plop)\n|inactive|Julesfif has 120 seconds left.\n|inactive|Julesfif has 90 seconds left.\n|inactive|Julesfif has 60 seconds left.\n|\n|t:|1770366676\n|move|p1a: Conkeldurr|Facade|p2a: Wormadam\n|-damage|p2a: Wormadam|199/254\n|move|p2a: Wormadam|Stealth Rock|p1a: Conkeldurr\n|-sidestart|p1: Julesfif|move: Stealth Rock\n|\n|-heal|p2a: Wormadam|214/254|[from] item: Leftovers\n|-status|p1a: Conkeldurr|brn|[from] item: Flame Orb\n|upkeep\n|turn|2\n|\n|t:|1770366689\n|move|p2a: Wormadam|Protect|p2a: Wormadam\n|-singleturn|p2a: Wormadam|Protect\n|move|p1a: Conkeldurr|Knock Off|p2a: Wormadam\n|-activate|p2a: Wormadam|move: Protect\n|\n|-heal|p2a: Wormadam|229/254|[from] item: Leftovers\n|-damage|p1a: Conkeldurr|266/303 brn|[from] brn\n|upkeep\n|turn|3\n|\n|t:|1770366705\n|move|p1a: Conkeldurr|Facade|p2a: Wormadam\n|-damage|p2a: Wormadam|87/254\n|move|p2a: Wormadam|Earthquake|p1a: Conkeldurr\n|-damage|p1a: Conkeldurr|163/303 brn\n|\n|-heal|p2a: Wormadam|102/254|[from] item: Leftovers\n|-damage|p1a: Conkeldurr|126/303 brn|[from] brn\n|upkeep\n|turn|4\n|inactive|Julesfif has 120 seconds left.\n|\n|t:|1770366715\n|switch|p1a: Mantine|Mantine, L90, M|263/263\n|-damage|p1a: Mantine|198/263|[from] Stealth Rock\n|move|p2a: Wormadam|Protect||[still]\n|-fail|p2a: Wormadam\n|\n|-heal|p2a: Wormadam|117/254|[from] item: Leftovers\n|upkeep\n|turn|5\n|\n|t:|1770366734\n|move|p1a: Mantine|Scald|p2a: Wormadam\n|-supereffective|p2a: Wormadam\n|-damage|p2a: Wormadam|0 fnt\n|faint|p2a: Wormadam\n|\n|upkeep\n|\n|t:|1770366754\n|switch|p2a: Mandibuzz|Mandibuzz, L84, F|322/322\n|turn|6\n|\n|t:|1770366765\n|move|p2a: Mandibuzz|Brave Bird|p1a: Mantine\n|-damage|p1a: Mantine|84/263\n|-damage|p2a: Mandibuzz|284/322|[from] Recoil\n|move|p1a: Mantine|Defog|p2a: Mandibuzz\n|-unboost|p2a: Mandibuzz|evasion|1\n|-sideend|p1: Julesfif|Stealth Rock|[from] move: Defog|[of] p1a: Mantine\n|\n|upkeep\n|turn|7\n|\n|t:|1770366773\n|switch|p1a: Magnezone|Magnezone, L82|249/249\n|move|p2a: Mandibuzz|Brave Bird|p1a: Magnezone\n|-resisted|p1a: Magnezone\n|-damage|p1a: Magnezone|228/249\n|-damage|p2a: Mandibuzz|277/322|[from] Recoil\n|\n|upkeep\n|turn|8\n|\n|t:|1770366788\n|move|p1a: Magnezone|Volt Switch|p2a: Mandibuzz\n|-supereffective|p2a: Mandibuzz\n|-crit|p2a: Mandibuzz\n|-damage|p2a: Mandibuzz|13/322\n|\n|t:|1770366804\n|switch|p1a: Conkeldurr|Conkeldurr, L81, M|126/303 brn|[from] Volt Switch\n|move|p2a: Mandibuzz|Knock Off|p1a: Conkeldurr\n|-resisted|p1a: Conkeldurr\n|-damage|p1a: Conkeldurr|86/303 brn\n|-enditem|p1a: Conkeldurr|Flame Orb|[from] move: Knock Off|[of] p2a: Mandibuzz\n|\n|-damage|p1a: Conkeldurr|49/303 brn|[from] brn\n|upkeep\n|turn|9\n|\n|t:|1770366811\n|switch|p2a: Dusknoir|Dusknoir, L89, M|225/225\n|move|p1a: Conkeldurr|Mach Punch|p2a: Dusknoir\n|-immune|p2a: Dusknoir\n|\n|-damage|p1a: Conkeldurr|12/303 brn|[from] brn\n|upkeep\n|turn|10\n|\n|t:|1770366828\n|switch|p1a: Hitmontop|Hitmontop, L89, M|234/234\n|-ability|p1a: Hitmontop|Intimidate|boost\n|-unboost|p2a: Dusknoir|atk|1\n|move|p2a: Dusknoir|Ice Punch|p1a: Hitmontop\n|-damage|p1a: Hitmontop|196/234\n|\n|-heal|p1a: Hitmontop|210/234|[from] item: Leftovers\n|upkeep\n|turn|11\n|\n|t:|1770366842\n|move|p1a: Hitmontop|Toxic|p2a: Dusknoir\n|-status|p2a: Dusknoir|tox\n|move|p2a: Dusknoir|Will-O-Wisp|p1a: Hitmontop\n|-status|p1a: Hitmontop|brn\n|\n|-heal|p1a: Hitmontop|224/234 brn|[from] item: Leftovers\n|-damage|p2a: Dusknoir|211/225 tox|[from] psn\n|-damage|p1a: Hitmontop|195/234 brn|[from] brn\n|upkeep\n|turn|12\n|\n|t:|1770366869\n|switch|p2a: Mandibuzz|Mandibuzz, L84, F|13/322\n|move|p1a: Hitmontop|Earthquake|p2a: Mandibuzz\n|-immune|p2a: Mandibuzz\n|\n|-heal|p1a: Hitmontop|209/234 brn|[from] item: Leftovers\n|-damage|p1a: Hitmontop|180/234 brn|[from] brn\n|upkeep\n|turn|13\n|\n|t:|1770366885\n|move|p2a: Mandibuzz|Roost|p2a: Mandibuzz\n|-heal|p2a: Mandibuzz|174/322\n|-singleturn|p2a: Mandibuzz|move: Roost\n|move|p1a: Hitmontop|Toxic|p2a: Mandibuzz\n|-status|p2a: Mandibuzz|tox\n|\n|-heal|p1a: Hitmontop|194/234 brn|[from] item: Leftovers\n|-damage|p2a: Mandibuzz|154/322 tox|[from] psn\n|-damage|p1a: Hitmontop|165/234 brn|[from] brn\n|upkeep\n|turn|14\n|\n|t:|1770366893\n|move|p2a: Mandibuzz|Knock Off|p1a: Hitmontop\n|-resisted|p1a: Hitmontop\n|-damage|p1a: Hitmontop|128/234 brn\n|-enditem|p1a: Hitmontop|Leftovers|[from] move: Knock Off|[of] p2a: Mandibuzz\n|move|p1a: Hitmontop|Stone Edge|p2a: Mandibuzz\n|-supereffective|p2a: Mandibuzz\n|-damage|p2a: Mandibuzz|92/322 tox\n|\n|-damage|p2a: Mandibuzz|52/322 tox|[from] psn\n|-damage|p1a: Hitmontop|99/234 brn|[from] brn\n|upkeep\n|turn|15\n|\n|t:|1770366902\n|move|p2a: Mandibuzz|Brave Bird|p1a: Hitmontop\n|-supereffective|p1a: Hitmontop\n|-damage|p1a: Hitmontop|0 fnt\n|faint|p1a: Hitmontop\n|-damage|p2a: Mandibuzz|19/322 tox|[from] Recoil\n|\n|-damage|p2a: Mandibuzz|0 fnt|[from] psn\n|faint|p2a: Mandibuzz\n|upkeep\n|\n|t:|1770366922\n|switch|p2a: Dusknoir|Dusknoir, L89, M|211/225 tox\n|switch|p1a: Magnezone|Magnezone, L82|228/249\n|-item|p1a: Magnezone|Choice Scarf|[from] ability: Frisk|[of] p2a: Dusknoir\n|turn|16\n|\n|t:|1770366931\n|move|p1a: Magnezone|Thunderbolt|p2a: Dusknoir\n|-damage|p2a: Dusknoir|132/225 tox\n|move|p2a: Dusknoir|Will-O-Wisp|p1a: Magnezone\n|-status|p1a: Magnezone|brn\n|\n|-heal|p2a: Dusknoir|146/225 tox|[from] item: Leftovers\n|-damage|p2a: Dusknoir|132/225 tox|[from] psn\n|-damage|p1a: Magnezone|197/249 brn|[from] brn\n|upkeep\n|turn|17\n|\n|t:|1770366936\n|move|p1a: Magnezone|Thunderbolt|p2a: Dusknoir\n|-crit|p2a: Dusknoir\n|-damage|p2a: Dusknoir|20/225 tox\n|move|p2a: Dusknoir|Earthquake|p1a: Magnezone\n|-supereffective|p1a: Magnezone\n|-damage|p1a: Magnezone|0 fnt\n|faint|p1a: Magnezone\n|\n|-heal|p2a: Dusknoir|34/225 tox|[from] item: Leftovers\n|-damage|p2a: Dusknoir|6/225 tox|[from] psn\n|upkeep\n|\n|t:|1770366951\n|switch|p1a: Mantine|Mantine, L90, M|84/263\n|turn|18\n|\n|t:|1770366954\n|move|p1a: Mantine|Scald|p2a: Dusknoir\n|-damage|p2a: Dusknoir|0 fnt\n|faint|p2a: Dusknoir\n|\n|upkeep\n|\n|t:|1770366964\n|switch|p2a: Hawlucha|Hawlucha, L77, M|247/247\n|turn|19\n|\n|t:|1770366970\n|move|p2a: Hawlucha|Sky Attack||[still]\n|-prepare|p2a: Hawlucha|Sky Attack\n|-enditem|p2a: Hawlucha|Power Herb\n|-anim|p2a: Hawlucha|Sky Attack|p1a: Mantine\n|-damage|p1a: Mantine|0 fnt\n|faint|p1a: Mantine\n|\n|upkeep\n|\n|t:|1770366980\n|switch|p1a: Delphox|Delphox, L83, M|260/260\n|turn|20\n|\n|t:|1770366989\n|move|p2a: Hawlucha|Acrobatics|p1a: Delphox\n|-damage|p1a: Delphox|149/260\n|move|p1a: Delphox|Psyshock|p2a: Hawlucha\n|-supereffective|p2a: Hawlucha\n|-damage|p2a: Hawlucha|0 fnt\n|faint|p2a: Hawlucha\n|-damage|p1a: Delphox|123/260|[from] item: Life Orb\n|\n|upkeep\n|\n|t:|1770366996\n|switch|p2a: Floatzel|Floatzel, L86, F|286/286\n|turn|21\n|\n|t:|1770367003\n|switch|p1a: Conkeldurr|Conkeldurr, L81, M|12/303 brn\n|move|p2a: Floatzel|Waterfall|p1a: Conkeldurr\n|-damage|p1a: Conkeldurr|0 fnt\n|faint|p1a: Conkeldurr\n|\n|upkeep\n|\n|t:|1770367011\n|switch|p1a: Accelgor|Accelgor, L89, M|287/287\n|turn|22\n|\n|t:|1770367040\n|move|p1a: Accelgor|Bug Buzz|p2a: Floatzel\n|-damage|p2a: Floatzel|34/286\n|move|p2a: Floatzel|Waterfall|p1a: Accelgor\n|-damage|p1a: Accelgor|44/287\n|\n|upkeep\n|turn|23\n|\n|t:|1770367045\n|move|p1a: Accelgor|Bug Buzz|p2a: Floatzel\n|-damage|p2a: Floatzel|0 fnt\n|faint|p2a: Floatzel\n|\n|upkeep\n|\n|t:|1770367047\n|switch|p2a: Cofagrigus|Cofagrigus, L86, F|240/240\n|turn|24\n|\n|t:|1770367054\n|move|p1a: Accelgor|Bug Buzz|p2a: Cofagrigus\n|-resisted|p2a: Cofagrigus\n|-damage|p2a: Cofagrigus|167/240\n|move|p2a: Cofagrigus|Trick Room|p2a: Cofagrigus\n|-fieldstart|move: Trick Room|[of] p2a: Cofagrigus\n|\n|-heal|p2a: Cofagrigus|182/240|[from] item: Leftovers\n|upkeep\n|turn|25\n|\n|t:|1770367060\n|move|p2a: Cofagrigus|Shadow Ball|p1a: Accelgor\n|-damage|p1a: Accelgor|0 fnt\n|faint|p1a: Accelgor\n|\n|-heal|p2a: Cofagrigus|197/240|[from] item: Leftovers\n|upkeep\n|\n|t:|1770367062\n|switch|p1a: Delphox|Delphox, L83, M|123/260\n|turn|26\n|\n|t:|1770367067\n|move|p2a: Cofagrigus|Shadow Ball|p1a: Delphox\n|-supereffective|p1a: Delphox\n|-damage|p1a: Delphox|0 fnt\n|faint|p1a: Delphox\n|\n|win|Plop\n|raw|Julesfif's rating: 1512 &rarr; <strong>1506</strong><br />(-6 for losing)\n|raw|Plop's rating: 1823 &rarr; <strong>1829</strong><br />(+6 for winning)\n|l|☆Julesfif\n|player|p1|\n", "inputlog": ">version ccdc32dd7cde25fd9e4bed64820e885f66e78a4e\n>start {\"formatid\":\"gen6randombattle\",\"seed\":\"sodium,7dd2a124b1fe5330562bb6ad33dd9b77\",\"rated\":\"Rated battle\"}\n>player p1 {\"name\":\"Julesfif\",\"avatar\":\"170\",\"rating\":1512,\"seed\":\"sodium,c83809751e86644ce5ed40e4a52bd86d\"}\n>player p2 {\"name\":\"Plop\",\"avatar\":\"#rbtt9travelers\",\"rating\":1823,\"seed\":\"sodium,828895ac5fab14b47a3ebe2a2498345a\"}\n>p1 move facade\n>p2 move stealthrock\n>p1 move knockoff\n>p2 move protect\n>p1 move facade\n>p2 move earthquake\n>p1 switch 4\n>p2 move protect\n>p1 move scald\n>p2 move toxic\n>p2 switch 4\n>p1 move defog\n>p2 move bravebird\n>p1 switch 2\n>p2 move bravebird\n>p1 move voltswitch\n>p2 move knockoff\n>p1 switch 4\n>p1 move machpunch\n>p2 switch 6\n>p1 switch 3\n>p2 move icepunch\n>p1 move toxic\n>p2 move willowisp\n>p1 move earthquake\n>p2 switch 6\n>p1 move toxic\n>p2 move roost\n>p1 move stoneedge\n>p2 move knockoff\n>p1 move closecombat\n>p2 move bravebird\n>p1 switch 4\n>p2 switch 6\n>p1 move thunderbolt\n>p2 move willowisp\n>p1 move thunderbolt\n>p2 move earthquake\n>p1 switch 2\n>p1 move scald\n>p2 move painsplit\n>p2 switch 5\n>p1 move airslash\n>p2 move skyattack\n>p1 switch 6\n>p1 move psyshock\n>p2 move acrobatics\n>p2 switch 3\n>p1 switch 3\n>p2 move waterfall\n>p1 switch 5\n>p1 move bugbuzz\n>p2 move waterfall\n>p1 move bugbuzz\n>p2 move waterfall\n>p2 switch 2\n>p1 move bugbuzz\n>p2 move trickroom\n>p1 move bugbuzz\n>p2 move shadowball\n>p1 switch 3\n>p1 move psyshock\n>p2 move shadowball", "uploadtime": 1770367072, "views": 263, "formatid": "gen6randombattle", "rating": 1506, "private": 0, "password": null}