{"id": "gen6randombattle-2536168936", "format": "[Gen 6] Random Battle", "players": ["blonded2003", "RNGgivethRNGtaketh"], "log": "|j|‽blonded2003\n|j|☆RNGgivethRNGtaketh\n|t:|1770660520\n|gametype|singles\n|player|p1|blonded2003|2|1689\n|player|p2|RNGgivethRNGtaketh|brock|1634\n|gen|6\n|tier|[Gen 6] Random Battle\n|rated|\n|rule|Sleep Clause Mod: Limit one foe put to sleep\n|rule|HP Percentage Mod: HP is shown in percentages\n|rule|Illusion Level Mod: Illusion disguises the Pokémon's true level\n|\n|t:|1770660520\n|teamsize|p1|6\n|teamsize|p2|6\n|start\n|switch|p1a: Ninjask|Ninjask, L93, M|263/263\n|switch|p2a: Scizor|Scizor, L74, M|226/226\n|turn|1\n|\n|t:|1770660542\n|switch|p1a: Terrakion|Terrakion, L77|267/267\n|detailschange|p2a: Scizor|Scizor-Mega, L74, M\n|-mega|p2a: Scizor|Scizor|Scizorite\n|move|p2a: Scizor|Bullet Punch|p1a: Terrakion\n|-supereffective|p1a: Terrakion\n|-damage|p1a: Terrakion|115/267\n|\n|upkeep\n|turn|2\n|\n|t:|1770660552\n|switch|p1a: Lanturn|Lanturn, L86, F|355/355\n|move|p2a: Scizor|Bullet Punch|p1a: Lanturn\n|-resisted|p1a: Lanturn\n|-damage|p1a: Lanturn|334/355\n|\n|-heal|p1a: Lanturn|355/355|[from] item: Leftovers\n|upkeep\n|turn|3\n|\n|t:|1770660560\n|switch|p2a: Vileplume|Vileplume, L87, M|272/272\n|move|p1a: Lanturn|Volt Switch|p2a: Vileplume\n|-resisted|p2a: Vileplume\n|-damage|p2a: Vileplume|239/272\n|\n|t:|1770660570\n|switch|p1a: Ninjask|Ninjask, L93, M|263/263|[from] Volt Switch\n|\n|-heal|p2a: Vileplume|256/272|[from] item: Black Sludge\n|upkeep\n|turn|4\n|\n|t:|1770660574\n|move|p1a: Ninjask|Swords Dance|p1a: Ninjask\n|-boost|p1a: Ninjask|atk|2\n|move|p2a: Vileplume|Sludge Bomb|p1a: Ninjask\n|-damage|p1a: Ninjask|121/263\n|\n|-heal|p1a: Ninjask|137/263|[from] item: Leftovers\n|-heal|p2a: Vileplume|272/272|[from] item: Black Sludge\n|upkeep\n|turn|5\n|\n|t:|1770660579\n|switch|p2a: Scizor|Scizor-Mega, L74, M|226/226\n|move|p1a: Ninjask|Aerial Ace|p2a: Scizor\n|-damage|p2a: Scizor|102/226\n|\n|-heal|p1a: Ninjask|153/263|[from] item: Leftovers\n|upkeep\n|turn|6\n|inactive|Battle timer is ON: inactive players will automatically lose when time's up. (requested by blonded2003)\n|\n|t:|1770660594\n|switch|p2a: Rhyperior|Rhyperior, L82, M|323/323\n|move|p1a: Ninjask|Aerial Ace|p2a: Rhyperior\n|-resisted|p2a: Rhyperior\n|-damage|p2a: Rhyperior|270/323\n|\n|-heal|p1a: Ninjask|169/263|[from] item: Leftovers\n|upkeep\n|turn|7\n|\n|t:|1770660615\n|switch|p1a: Lanturn|Lanturn, L86, F|355/355\n|move|p2a: Rhyperior|Stone Edge|p1a: Lanturn\n|-damage|p1a: Lanturn|181/355\n|\n|-heal|p1a: Lanturn|203/355|[from] item: Leftovers\n|upkeep\n|turn|8\n|\n|t:|1770660621\n|switch|p2a: Minun|Minun, L93, M|262/262\n|move|p1a: Lanturn|Scald|p2a: Minun\n|-damage|p2a: Minun|193/262\n|\n|-heal|p2a: Minun|209/262|[from] item: Leftovers\n|-heal|p1a: Lanturn|225/355|[from] item: Leftovers\n|upkeep\n|turn|9\n|\n|t:|1770660629\n|switch|p2a: Vileplume|Vileplume, L87, M|272/272\n|move|p1a: Lanturn|Scald|p2a: Vileplume\n|-resisted|p2a: Vileplume\n|-damage|p2a: Vileplume|239/272\n|\n|-heal|p1a: Lanturn|247/355|[from] item: Leftovers\n|-heal|p2a: Vileplume|256/272|[from] item: Black Sludge\n|upkeep\n|turn|10\n|\n|t:|1770660657\n|switch|p1a: Rotom|Rotom-Mow, L86|226/226\n|move|p2a: Vileplume|Sludge Bomb|p1a: Rotom\n|-supereffective|p1a: Rotom\n|-damage|p1a: Rotom|38/226\n|-status|p1a: Rotom|psn\n|\n|-heal|p1a: Rotom|52/226 psn|[from] item: Leftovers\n|-heal|p2a: Vileplume|272/272|[from] item: Black Sludge\n|-damage|p1a: Rotom|24/226 psn|[from] psn\n|upkeep\n|turn|11\n|\n|t:|1770660665\n|switch|p2a: Scizor|Scizor-Mega, L74, M|102/226\n|move|p1a: Rotom|Will-O-Wisp|p2a: Scizor\n|-status|p2a: Scizor|brn\n|\n|-heal|p1a: Rotom|38/226 psn|[from] item: Leftovers\n|-damage|p1a: Rotom|10/226 psn|[from] psn\n|-damage|p2a: Scizor|74/226 brn|[from] brn\n|upkeep\n|turn|12\n|\n|t:|1770660672\n|move|p1a: Rotom|Thunderbolt|p2a: Scizor\n|-damage|p2a: Scizor|0 fnt\n|faint|p2a: Scizor\n|detailschange|p2: Scizor|Scizor, L74, M|[silent]\n|\n|-heal|p1a: Rotom|24/226 psn|[from] item: Leftovers\n|-damage|p1a: Rotom|0 fnt|[from] psn\n|faint|p1a: Rotom\n|upkeep\n|\n|t:|1770660691\n|switch|p1a: Ninjask|Ninjask, L93, M|169/263\n|switch|p2a: Vileplume|Vileplume, L87, M|272/272\n|turn|13\n|\n|t:|1770660696\n|switch|p1a: Lanturn|Lanturn, L86, F|247/355\n|move|p2a: Vileplume|Sludge Bomb|p1a: Lanturn\n|-damage|p1a: Lanturn|126/355\n|-status|p1a: Lanturn|psn\n|\n|-heal|p1a: Lanturn|148/355 psn|[from] item: Leftovers\n|-damage|p1a: Lanturn|104/355 psn|[from] psn\n|upkeep\n|turn|14\n|\n|t:|1770660703\n|move|p1a: Lanturn|Volt Switch|p2a: Vileplume\n|-resisted|p2a: Vileplume\n|-damage|p2a: Vileplume|243/272\n|\n|t:|1770660707\n|switch|p1a: Terrakion|Terrakion, L77|115/267|[from] Volt Switch\n|move|p2a: Vileplume|Giga Drain|p1a: Terrakion\n|-supereffective|p1a: Terrakion\n|-crit|p1a: Terrakion\n|-damage|p1a: Terrakion|0 fnt\n|-heal|p2a: Vileplume|272/272|[from] drain|[of] p1a: Terrakion\n|faint|p1a: Terrakion\n|\n|upkeep\n|\n|t:|1770660716\n|switch|p1a: Ninjask|Ninjask, L93, M|169/263\n|turn|15\n|\n|t:|1770660720\n|switch|p2a: Rhyperior|Rhyperior, L82, M|270/323\n|move|p1a: Ninjask|Aerial Ace|p2a: Rhyperior\n|-resisted|p2a: Rhyperior\n|-damage|p2a: Rhyperior|244/323\n|\n|-heal|p1a: Ninjask|185/263|[from] item: Leftovers\n|upkeep\n|turn|16\n|\n|t:|1770660724\n|switch|p1a: Simisage|Simisage, L88, M|275/275\n|move|p2a: Rhyperior|Rock Polish|p2a: Rhyperior\n|-boost|p2a: Rhyperior|spe|2\n|\n|upkeep\n|turn|17\n|\n|t:|1770660729\n|move|p1a: Simisage|Leaf Storm|p2a: Rhyperior\n|-supereffective|p2a: Rhyperior\n|-damage|p2a: Rhyperior|0 fnt\n|-unboost|p1a: Simisage|spa|2\n|faint|p2a: Rhyperior\n|-damage|p1a: Simisage|248/275|[from] item: Life Orb\n|\n|upkeep\n|\n|t:|1770660739\n|switch|p2a: Wobbuffet|Wobbuffet, L93, F|504/504\n|turn|18\n|\n|t:|1770660747\n|move|p1a: Simisage|Gunk Shot|p2a: Wobbuffet\n|-damage|p2a: Wobbuffet|355/504\n|-status|p2a: Wobbuffet|psn\n|-damage|p1a: Simisage|221/275|[from] item: Life Orb\n|move|p2a: Wobbuffet|Encore|p1a: Simisage\n|-start|p1a: Simisage|Encore\n|\n|-damage|p2a: Wobbuffet|292/504 psn|[from] psn\n|upkeep\n|turn|19\n|\n|t:|1770660751\n|move|p1a: Simisage|Gunk Shot|p2a: Wobbuffet\n|-damage|p2a: Wobbuffet|153/504 psn\n|-damage|p1a: Simisage|194/275|[from] item: Life Orb\n|move|p2a: Wobbuffet|Counter|p1a: Simisage\n|-damage|p1a: Simisage|0 fnt\n|faint|p1a: Simisage\n|\n|-damage|p2a: Wobbuffet|90/504 psn|[from] psn\n|upkeep\n|\n|t:|1770660767\n|switch|p1a: Ninjask|Ninjask, L93, M|185/263\n|turn|20\n|\n|t:|1770660774\n|switch|p2a: Minun|Minun, L93, M|209/262\n|move|p1a: Ninjask|Swords Dance|p1a: Ninjask\n|-boost|p1a: Ninjask|atk|2\n|\n|-heal|p1a: Ninjask|201/263|[from] item: Leftovers\n|-heal|p2a: Minun|225/262|[from] item: Leftovers\n|upkeep\n|turn|21\n|\n|t:|1770660777\n|move|p1a: Ninjask|X-Scissor|p2a: Minun\n|-damage|p2a: Minun|0 fnt\n|faint|p2a: Minun\n|\n|-heal|p1a: Ninjask|217/263|[from] item: Leftovers\n|upkeep\n|\n|t:|1770660780\n|switch|p2a: Articuno|Articuno, L84|287/287\n|-ability|p2a: Articuno|Pressure\n|turn|22\n|\n|t:|1770660788\n|switch|p1a: Audino|Audino, L92, F|339/339\n|move|p2a: Articuno|Freeze-Dry|p1a: Audino\n|-damage|p1a: Audino|272/339\n|\n|upkeep\n|turn|23\n|\n|t:|1770660792\n|detailschange|p1a: Audino|Audino-Mega, L92, F\n|-mega|p1a: Audino|Audino|Audinite\n|move|p1a: Audino|Protect|p1a: Audino\n|-singleturn|p1a: Audino|Protect\n|move|p2a: Articuno|Toxic|p1a: Audino\n|-activate|p1a: Audino|move: Protect\n|\n|upkeep\n|turn|24\n|\n|t:|1770660802\n|move|p2a: Articuno|Toxic|p1a: Audino\n|-status|p1a: Audino|tox\n|move|p1a: Audino|Toxic|p2a: Articuno\n|-status|p2a: Articuno|tox\n|\n|-damage|p2a: Articuno|270/287 tox|[from] psn\n|-damage|p1a: Audino|251/339 tox|[from] psn\n|upkeep\n|turn|25\n|\n|t:|1770660806\n|switch|p2a: Vileplume|Vileplume, L87, M|272/272\n|move|p1a: Audino|Wish|p1a: Audino\n|\n|-damage|p1a: Audino|209/339 tox|[from] psn\n|upkeep\n|turn|26\n|\n|t:|1770660811\n|switch|p1a: Ninjask|Ninjask, L93, M|217/263\n|move|p2a: Vileplume|Sludge Bomb|p1a: Ninjask\n|-damage|p1a: Ninjask|73/263\n|-status|p1a: Ninjask|psn\n|\n|-heal|p1a: Ninjask|242/263 psn|[from] move: Wish|[wisher] Audino\n|-heal|p1a: Ninjask|258/263 psn|[from] item: Leftovers\n|-damage|p1a: Ninjask|226/263 psn|[from] psn\n|upkeep\n|turn|27\n|\n|t:|1770660814\n|move|p1a: Ninjask|Swords Dance|p1a: Ninjask\n|-boost|p1a: Ninjask|atk|2\n|move|p2a: Vileplume|Sludge Bomb|p1a: Ninjask\n|-damage|p1a: Ninjask|88/263 psn\n|\n|-heal|p1a: Ninjask|104/263 psn|[from] item: Leftovers\n|-damage|p1a: Ninjask|72/263 psn|[from] psn\n|upkeep\n|turn|28\n|\n|t:|1770660817\n|switch|p2a: Wobbuffet|Wobbuffet, L93, F|90/504 psn\n|move|p1a: Ninjask|Aerial Ace|p2a: Wobbuffet\n|-damage|p2a: Wobbuffet|0 fnt\n|faint|p2a: Wobbuffet\n|\n|-heal|p1a: Ninjask|88/263 psn|[from] item: Leftovers\n|-damage|p1a: Ninjask|56/263 psn|[from] psn\n|upkeep\n|\n|t:|1770660819\n|switch|p2a: Articuno|Articuno, L84|270/287 tox\n|-ability|p2a: Articuno|Pressure\n|turn|29\n|\n|t:|1770660829\n|switch|p1a: Lanturn|Lanturn, L86, F|104/355 psn\n|move|p2a: Articuno|Freeze-Dry|p1a: Lanturn\n|-supereffective|p1a: Lanturn\n|-damage|p1a: Lanturn|0 fnt\n|faint|p1a: Lanturn\n|\n|-heal|p2a: Articuno|287/287 tox|[from] item: Leftovers\n|-damage|p2a: Articuno|270/287 tox|[from] psn\n|upkeep\n|\n|t:|1770660831\n|switch|p1a: Audino|Audino-Mega, L92, F|209/339 tox\n|turn|30\n|\n|t:|1770660834\n|switch|p2a: Vileplume|Vileplume, L87, M|272/272\n|move|p1a: Audino|Wish|p1a: Audino\n|\n|-damage|p1a: Audino|188/339 tox|[from] psn\n|upkeep\n|turn|31\n|\n|t:|1770660837\n|switch|p2a: Articuno|Articuno, L84|270/287 tox\n|-ability|p2a: Articuno|Pressure\n|move|p1a: Audino|Protect||[still]\n|-fail|p1a: Audino\n|\n|-heal|p1a: Audino|339/339 tox|[from] move: Wish|[wisher] Audino\n|-heal|p2a: Articuno|287/287 tox|[from] item: Leftovers\n|-damage|p2a: Articuno|270/287 tox|[from] psn\n|-damage|p1a: Audino|297/339 tox|[from] psn\n|upkeep\n|turn|32\n|\n|t:|1770660839\n|switch|p2a: Vileplume|Vileplume, L87, M|272/272\n|move|p1a: Audino|Wish|p1a: Audino\n|\n|-damage|p1a: Audino|234/339 tox|[from] psn\n|upkeep\n|turn|33\n|\n|t:|1770660842\n|switch|p2a: Articuno|Articuno, L84|270/287 tox\n|-ability|p2a: Articuno|Pressure\n|move|p1a: Audino|Dazzling Gleam|p2a: Articuno\n|-damage|p2a: Articuno|207/287 tox\n|\n|-heal|p1a: Audino|339/339 tox|[from] move: Wish|[wisher] Audino\n|-heal|p2a: Articuno|224/287 tox|[from] item: Leftovers\n|-damage|p2a: Articuno|207/287 tox|[from] psn\n|-damage|p1a: Audino|255/339 tox|[from] psn\n|upkeep\n|turn|34\n|\n|t:|1770660848\n|switch|p2a: Vileplume|Vileplume, L87, M|272/272\n|move|p1a: Audino|Wish|p1a: Audino\n|\n|-damage|p1a: Audino|150/339 tox|[from] psn\n|upkeep\n|turn|35\n|\n|t:|1770660851\n|switch|p1a: Ninjask|Ninjask, L93, M|56/263 psn\n|move|p2a: Vileplume|Sludge Bomb|p1a: Ninjask\n|-damage|p1a: Ninjask|0 fnt\n|faint|p1a: Ninjask\n|\n|upkeep\n|-message|blonded2003 forfeited.\n|\n|win|RNGgivethRNGtaketh\n|raw|blonded2003's rating: 1689 &rarr; <strong>1666</strong><br />(-23 for losing)\n|raw|RNGgivethRNGtaketh's rating: 1634 &rarr; <strong>1657</strong><br />(+23 for winning)\n|l|‽blonded2003\n|player|p1|\n", "inputlog": ">version ccdc32dd7cde25fd9e4bed64820e885f66e78a4e\n>start {\"formatid\":\"gen6randombattle\",\"seed\":\"sodium,6c9cc3df4b14a737bca129a66ebb6c32\",\"rated\":\"Rated battle\"}\n>player p1 {\"name\":\"blonded2003\",\"avatar\":\"2\",\"rating\":1689,\"seed\":\"sodium,a2d8f56d7d28b0a14ea581f3c8c100a3\"}\n>player p2 {\"name\":\"RNGgivethRNGtaketh\",\"avatar\":\"brock\",\"rating\":1634,\"seed\":\"sodium,9e7a323fda1a20af555f952691b3cfa7\"}\n>p1 switch 3\n>p2 move bulletpunch mega\n>p1 switch 2\n>p2 move bulletpunch\n>p1 move voltswitch\n>p2 switch 5\n>p1 switch 3\n>p1 move swordsdance\n>p2 move sludgebomb\n>p1 move aerialace\n>p2 switch 5\n>p1 move aerialace\n>p2 switch 4\n>p1 switch 3\n>p2 move stoneedge\n>p1 move scald\n>p2 switch 6\n>p1 move scald\n>p2 switch 5\n>p1 switch 5\n>p2 move sludgebomb\n>p1 move willowisp\n>p2 switch 4\n>p1 move thunderbolt\n>p2 move roost\n>p1 switch 3\n>p2 switch 4\n>p1 switch 5\n>p2 move sludgebomb\n>p1 move voltswitch\n>p2 move gigadrain\n>p1 switch 2\n>p1 switch 5\n>p1 move aerialace\n>p2 switch 6\n>p1 switch 6\n>p2 move rockpolish\n>p1 move leafstorm\n>p2 move megahorn\n>p2 switch 3\n>p1 move gunkshot\n>p2 move encore\n>p1 move gunkshot\n>p2 move counter\n>p1 switch 6\n>p1 move swordsdance\n>p2 switch 5\n>p1 move xscissor\n>p2 move thunderbolt\n>p2 switch 2\n>p1 switch 4\n>p2 move freezedry\n>p1 move protect mega\n>p2 move toxic\n>p1 move toxic\n>p2 move toxic\n>p1 move wish\n>p2 switch 6\n>p1 switch 4\n>p2 move sludgebomb\n>p1 move swordsdance\n>p2 move sludgebomb\n>p1 move aerialace\n>p2 switch 5\n>p2 switch 6\n>p1 switch 2\n>p2 move freezedry\n>p1 switch 4\n>p1 move wish\n>p2 switch 5\n>p1 move protect\n>p2 switch 5\n>p1 move wish\n>p2 switch 5\n>p1 move dazzlinggleam\n>p2 switch 5\n>p1 move wish\n>p2 switch 5\n>p1 switch 2\n>p2 move sludgebomb\n>forcelose p1", "uploadtime": 1770660868, "views": 234, "formatid": "gen6randombattle", "rating": 1657, "private": 0, "password": null}