{"id": "gen6randombattle-2518869287", "format": "[Gen 6] Random Battle", "players": ["arboretums", "Ferny7"], "log": "|j|☆arboretums\n|j|☆Ferny7\n|t:|1768434514\n|gametype|singles\n|player|p1|arboretums|serena-masters2|1556\n|player|p2|Ferny7|steven|1557\n|gen|6\n|tier|[Gen 6] Random Battle\n|rated|\n|rule|Sleep Clause Mod: Limit one foe put to sleep\n|rule|HP Percentage Mod: HP is shown in percentages\n|rule|Illusion Level Mod: Illusion disguises the Pokémon's true level\n|\n|t:|1768434514\n|teamsize|p1|6\n|teamsize|p2|6\n|start\n|switch|p1a: Spiritomb|Spiritomb, L88, M|231/231\n|switch|p2a: Xerneas|Xerneas, L64|268/268\n|-ability|p2a: Xerneas|Fairy Aura\n|turn|1\n|inactive|Battle timer is ON: inactive players will automatically lose when time's up. (requested by arboretums)\n|\n|t:|1768434530\n|switch|p1a: Meloetta|Meloetta, L82|298/298\n|move|p2a: Xerneas|Moonblast|p1a: Meloetta\n|-crit|p1a: Meloetta\n|-damage|p1a: Meloetta|192/298\n|-unboost|p1a: Meloetta|spa|1\n|\n|upkeep\n|turn|2\n|inactive|Ferny7 has 120 seconds left.\n|inactive|Ferny7 has 90 seconds left.\n|\n|t:|1768434617\n|switch|p2a: Jumpluff|Jumpluff, L90, F|281/281\n|move|p1a: Meloetta|Psyshock|p2a: Jumpluff\n|-damage|p2a: Jumpluff|163/281\n|\n|upkeep\n|turn|3\n|inactive|Ferny7 has 60 seconds left.\n|\n|t:|1768434634\n|switch|p1a: Milotic|Milotic, L83, M|293/293\n|move|p2a: Jumpluff|Sleep Powder|p1a: Milotic|[miss]\n|-miss|p2a: Jumpluff|p1a: Milotic\n|\n|upkeep\n|turn|4\n|inactive|Ferny7 has 60 seconds left.\n|inactive|arboretums has 120 seconds left.\n|\n|t:|1768434668\n|move|p2a: Jumpluff|U-turn|p1a: Milotic\n|-damage|p1a: Milotic|250/293\n|\n|t:|1768434674\n|switch|p2a: Electivire|Electivire, L84, M|263/263|[from] U-turn\n|move|p1a: Milotic|Ice Beam|p2a: Electivire\n|-damage|p2a: Electivire|195/263\n|\n|-heal|p1a: Milotic|268/293|[from] item: Leftovers\n|upkeep\n|turn|5\n|inactive|Ferny7 has 60 seconds left.\n|inactive|arboretums has 120 seconds left.\n|\n|t:|1768434690\n|switch|p1a: Sunflora|Sunflora, F|312/312\n|move|p2a: Electivire|Volt Switch|p1a: Sunflora\n|-resisted|p1a: Sunflora\n|-damage|p1a: Sunflora|279/312\n|\n|t:|1768434700\n|switch|p2a: Delphox|Delphox, L83, M|259/259|[from] Volt Switch\n|\n|upkeep\n|turn|6\n|inactive|Ferny7 has 60 seconds left.\n|\n|t:|1768434708\n|move|p2a: Delphox|Switcheroo|p1a: Sunflora\n|-activate|p2a: Delphox|move: Trick|[of] p1a: Sunflora\n|-item|p1a: Sunflora|Choice Scarf|[from] move: Switcheroo\n|-item|p2a: Delphox|Life Orb|[from] move: Switcheroo\n|move|p1a: Sunflora|Earth Power|p2a: Delphox\n|-supereffective|p2a: Delphox\n|-damage|p2a: Delphox|85/259\n|\n|upkeep\n|turn|7\n|inactive|Ferny7 has 60 seconds left.\n|\n|t:|1768434732\n|switch|p1a: Milotic|Milotic, L83, M|268/293\n|move|p2a: Delphox|Fire Blast|p1a: Milotic\n|-resisted|p1a: Milotic\n|-damage|p1a: Milotic|172/293\n|-damage|p2a: Delphox|60/259|[from] item: Life Orb\n|\n|-heal|p1a: Milotic|190/293|[from] item: Leftovers\n|upkeep\n|turn|8\n|\n|t:|1768434741\n|move|p2a: Delphox|Grass Knot|p1a: Milotic\n|-supereffective|p1a: Milotic\n|-damage|p1a: Milotic|29/293\n|-damage|p2a: Delphox|35/259|[from] item: Life Orb\n|move|p1a: Milotic|Recover|p1a: Milotic\n|-heal|p1a: Milotic|176/293\n|\n|-heal|p1a: Milotic|194/293|[from] item: Leftovers\n|upkeep\n|turn|9\n|inactive|Ferny7 has 60 seconds left.\n|\n|t:|1768434766\n|switch|p2a: Electivire|Electivire, L84, M|195/263\n|move|p1a: Milotic|Recover|p1a: Milotic\n|-heal|p1a: Milotic|293/293\n|\n|upkeep\n|turn|10\n|inactive|Ferny7 has 30 seconds left.\n|\n|t:|1768434795\n|switch|p1a: Meloetta|Meloetta, L82|192/298\n|move|p2a: Electivire|Volt Switch|p1a: Meloetta\n|-damage|p1a: Meloetta|132/298\n|inactive|Ferny7 has 30 seconds left.\n|inactive|Ferny7 has 20 seconds left.\n|\n|t:|1768434813\n|switch|p2a: Jumpluff|Jumpluff, L90, F|163/281|[from] Volt Switch\n|\n|upkeep\n|turn|11\n|inactive|Ferny7 has 30 seconds left this turn.\n|\n|t:|1768434824\n|move|p2a: Jumpluff|Acrobatics|p1a: Meloetta\n|-damage|p1a: Meloetta|35/298\n|move|p1a: Meloetta|Psyshock|p2a: Jumpluff\n|-damage|p2a: Jumpluff|0 fnt\n|faint|p2a: Jumpluff\n|\n|upkeep\n|inactive|Ferny7 has 30 seconds left this turn.\n|inactive|Ferny7 has 20 seconds left.\n|inactive|Ferny7 has 15 seconds left.\n|\n|t:|1768434843\n|switch|p2a: Electivire|Electivire, L84, M|195/263\n|turn|12\n|inactive|Ferny7 has 25 seconds left this turn.\n|inactive|Ferny7 has 20 seconds left.\n|inactive|arboretums has 120 seconds left.\n|\n|t:|1768434875\n|switch|p1a: Clefable|Clefable, L80, M|283/283\n|move|p2a: Electivire|Wild Charge|p1a: Clefable\n|-damage|p1a: Clefable|148/283\n|-damage|p2a: Electivire|161/263|[from] Recoil\n|\n|upkeep\n|turn|13\n|inactive|Ferny7 has 30 seconds left this turn.\n|\n|t:|1768434884\n|move|p2a: Electivire|Volt Switch|p1a: Clefable\n|-damage|p1a: Clefable|72/283\n|inactive|Ferny7 has 30 seconds left this turn.\n|inactive|Ferny7 has 20 seconds left.\n|inactive|Ferny7 has 15 seconds left.\n|inactive|Ferny7 has 10 seconds left.\n|\n|t:|1768434905\n|switch|p2a: Espeon|Espeon, L81, M|238/238|[from] Volt Switch\n|move|p1a: Clefable|Soft-Boiled|p1a: Clefable\n|-heal|p1a: Clefable|214/283\n|\n|upkeep\n|turn|14\n|inactive|Ferny7 has 20 seconds left this turn.\n|inactive|Ferny7 has 15 seconds left.\n|inactive|Ferny7 has 10 seconds left.\n|\n|t:|1768434915\n|move|p2a: Espeon|Dazzling Gleam|p1a: Clefable\n|-damage|p1a: Clefable|130/283\n|-damage|p2a: Espeon|215/238|[from] item: Life Orb\n|move|p1a: Clefable|Soft-Boiled|p1a: Clefable\n|-heal|p1a: Clefable|272/283\n|\n|upkeep\n|turn|15\n|inactive|Ferny7 has 20 seconds left this turn.\n|inactive|Ferny7 has 15 seconds left.\n|\n|t:|1768434921\n|move|p2a: Espeon|Psyshock|p1a: Clefable\n|-damage|p1a: Clefable|108/283\n|-damage|p2a: Espeon|192/238|[from] item: Life Orb\n|move|p1a: Clefable|Moonblast|p2a: Espeon\n|-damage|p2a: Espeon|67/238\n|\n|upkeep\n|turn|16\n|inactive|Ferny7 has 25 seconds left this turn.\n|inactive|Ferny7 has 20 seconds left.\n|inactive|Ferny7 has 15 seconds left.\n|\n|t:|1768434934\n|switch|p1a: Spiritomb|Spiritomb, L88, M|231/231\n|move|p2a: Espeon|Psyshock|p1a: Spiritomb\n|-immune|p1a: Spiritomb\n|\n|upkeep\n|turn|17\n|inactive|Ferny7 has 25 seconds left this turn.\n|inactive|Ferny7 has 20 seconds left.\n|inactive|Ferny7 has 15 seconds left.\n|inactive|Ferny7 has 10 seconds left.\n|\n|t:|1768434949\n|switch|p2a: Xerneas|Xerneas, L64|268/268\n|-ability|p2a: Xerneas|Fairy Aura\n|move|p1a: Spiritomb|Foul Play|p2a: Xerneas\n|-resisted|p2a: Xerneas\n|-damage|p2a: Xerneas|214/268\n|\n|upkeep\n|turn|18\n|inactive|Ferny7 has 20 seconds left this turn.\n|inactive|Ferny7 has 15 seconds left.\n|\n|t:|1768434959\n|switch|p1a: Milotic|Milotic, L83, M|293/293\n|move|p2a: Xerneas|Geomancy||[still]\n|-prepare|p2a: Xerneas|Geomancy\n|-enditem|p2a: Xerneas|Power Herb\n|-anim|p2a: Xerneas|Geomancy|p2a: Xerneas\n|-boost|p2a: Xerneas|spa|2\n|-boost|p2a: Xerneas|spd|2\n|-boost|p2a: Xerneas|spe|2\n|\n|upkeep\n|turn|19\n|inactive|Ferny7 has 25 seconds left this turn.\n|inactive|Ferny7 has 20 seconds left.\n|\n|t:|1768434964\n|move|p2a: Xerneas|Moonblast|p1a: Milotic\n|-damage|p1a: Milotic|145/293\n|move|p1a: Milotic|Toxic|p2a: Xerneas\n|-status|p2a: Xerneas|tox\n|\n|-heal|p1a: Milotic|163/293|[from] item: Leftovers\n|-damage|p2a: Xerneas|198/268 tox|[from] psn\n|upkeep\n|turn|20\n|inactive|Ferny7 has 30 seconds left this turn.\n|\n|t:|1768434970\n|move|p2a: Xerneas|Moonblast|p1a: Milotic\n|-damage|p1a: Milotic|16/293\n|-unboost|p1a: Milotic|spa|1\n|move|p1a: Milotic|Recover|p1a: Milotic\n|-heal|p1a: Milotic|163/293\n|\n|-heal|p1a: Milotic|181/293|[from] item: Leftovers\n|-damage|p2a: Xerneas|166/268 tox|[from] psn\n|upkeep\n|turn|21\n|inactive|Ferny7 has 30 seconds left.\n|inactive|Ferny7 has 20 seconds left.\n|inactive|Ferny7 has 15 seconds left.\n|inactive|Ferny7 has 10 seconds left.\n|\n|t:|1768434999\n|move|p2a: Xerneas|Geomancy||[still]\n|-prepare|p2a: Xerneas|Geomancy\n|move|p1a: Milotic|Recover|p1a: Milotic\n|-heal|p1a: Milotic|293/293\n|\n|-damage|p2a: Xerneas|118/268 tox|[from] psn\n|upkeep\n|turn|22\n|inactive|Ferny7 has 20 seconds left this turn.\n|\n|t:|1768435022\n|move|p2a: Xerneas|Geomancy|p2a: Xerneas|[from] lockedmove\n|-boost|p2a: Xerneas|spa|2\n|-boost|p2a: Xerneas|spd|2\n|-boost|p2a: Xerneas|spe|2\n|move|p1a: Milotic|Scald|p2a: Xerneas\n|-damage|p2a: Xerneas|94/268 tox\n|\n|-damage|p2a: Xerneas|30/268 tox|[from] psn\n|upkeep\n|turn|23\n|inactive|Ferny7 has 30 seconds left this turn.\n|\n|t:|1768435032\n|move|p2a: Xerneas|Moonblast|p1a: Milotic\n|-damage|p1a: Milotic|74/293\n|move|p1a: Milotic|Recover|p1a: Milotic\n|-heal|p1a: Milotic|221/293\n|\n|-heal|p1a: Milotic|239/293|[from] item: Leftovers\n|-damage|p2a: Xerneas|0 fnt|[from] psn\n|faint|p2a: Xerneas\n|upkeep\n|inactive|Ferny7 has 30 seconds left this turn.\n|\n|t:|1768435038\n|switch|p2a: Electivire|Electivire, L84, M|161/263\n|turn|24\n|inactive|Ferny7 has 30 seconds left.\n|inactive|Ferny7 has 20 seconds left.\n|\n|t:|1768435056\n|switch|p1a: Spiritomb|Spiritomb, L88, M|231/231\n|move|p2a: Electivire|Volt Switch|p1a: Spiritomb\n|-damage|p1a: Spiritomb|170/231\n|inactive|Ferny7 has 25 seconds left this turn.\n|inactive|Ferny7 has 20 seconds left.\n|\n|t:|1768435062\n|switch|p2a: Quagsire|Quagsire, L87, F|307/307|[from] Volt Switch\n|\n|-heal|p1a: Spiritomb|184/231|[from] item: Leftovers\n|upkeep\n|turn|25\n|inactive|Ferny7 has 30 seconds left this turn.\n|\n|t:|1768435070\n|move|p1a: Spiritomb|Toxic|p2a: Quagsire\n|-status|p2a: Quagsire|tox\n|move|p2a: Quagsire|Scald|p1a: Spiritomb\n|-damage|p1a: Spiritomb|124/231\n|\n|-heal|p1a: Spiritomb|138/231|[from] item: Leftovers\n|-damage|p2a: Quagsire|288/307 tox|[from] psn\n|upkeep\n|turn|26\n|inactive|Ferny7 has 30 seconds left.\n|\n|t:|1768435081\n|switch|p1a: Clefable|Clefable, L80, M|108/283\n|move|p2a: Quagsire|Scald|p1a: Clefable\n|-damage|p1a: Clefable|41/283\n|\n|-heal|p2a: Quagsire|307/307 tox|[from] item: Leftovers\n|-damage|p2a: Quagsire|269/307 tox|[from] psn\n|upkeep\n|turn|27\n|inactive|Ferny7 has 30 seconds left.\n|\n|t:|1768435093\n|switch|p2a: Espeon|Espeon, L81, M|67/238\n|move|p1a: Clefable|Soft-Boiled|p1a: Clefable\n|-heal|p1a: Clefable|183/283\n|\n|upkeep\n|turn|28\n|\n|t:|1768435096\n|move|p2a: Espeon|Psyshock|p1a: Clefable\n|-damage|p1a: Clefable|18/283\n|-damage|p2a: Espeon|44/238|[from] item: Life Orb\n|move|p1a: Clefable|Soft-Boiled|p1a: Clefable\n|-heal|p1a: Clefable|160/283\n|\n|upkeep\n|turn|29\n|\n|t:|1768435103\n|switch|p1a: Spiritomb|Spiritomb, L88, M|138/231\n|move|p2a: Espeon|Psyshock|p1a: Spiritomb\n|-immune|p1a: Spiritomb\n|\n|-heal|p1a: Spiritomb|152/231|[from] item: Leftovers\n|upkeep\n|turn|30\n|\n|t:|1768435106\n|move|p1a: Spiritomb|Sucker Punch|p2a: Espeon\n|-supereffective|p2a: Espeon\n|-damage|p2a: Espeon|0 fnt\n|faint|p2a: Espeon\n|\n|-heal|p1a: Spiritomb|166/231|[from] item: Leftovers\n|upkeep\n|-message|Ferny7 forfeited.\n|\n|win|arboretums\n|raw|arboretums's rating: 1556 &rarr; <strong>1576</strong><br />(+20 for winning)\n|raw|Ferny7's rating: 1557 &rarr; <strong>1537</strong><br />(-20 for losing)\n|l|☆Ferny7\n|player|p2|\n", "inputlog": ">version f2883557ca71b1a14bc1039fd307aee7de4ab455\n>start {\"formatid\":\"gen6randombattle\",\"seed\":\"sodium,14066ef1ffd1da34cb9f6038c2b7d058\",\"rated\":\"Rated battle\"}\n>player p1 {\"name\":\"arboretums\",\"avatar\":\"serena-masters2\",\"rating\":1556,\"seed\":\"sodium,deb7e5a29e6a59f378f1f68cab3f679a\"}\n>player p2 {\"name\":\"Ferny7\",\"avatar\":\"steven\",\"rating\":1557,\"seed\":\"sodium,a88e4cfeb5472a661aecb00e9d791f57\"}\n>p1 switch 5\n>p2 move moonblast\n>p1 move psyshock\n>p2 switch 3\n>p1 switch 3\n>p2 move sleeppowder\n>p1 move icebeam\n>p2 move uturn\n>p2 switch 4\n>p1 switch 6\n>p2 move voltswitch\n>p2 switch 2\n>p1 move earthpower\n>p2 move switcheroo\n>p1 switch 6\n>p2 move fireblast\n>p1 move recover\n>p2 move grassknot\n>p1 move recover\n>p2 switch 2\n>p1 switch 3\n>p2 move voltswitch\n>p2 switch 4\n>p1 move psyshock\n>p2 move acrobatics\n>p2 switch 4\n>p1 switch 2\n>p2 move wildcharge\n>p1 move softboiled\n>p2 move voltswitch\n>p2 switch 6\n>p1 move softboiled\n>p2 move dazzlinggleam\n>p1 move moonblast\n>p2 move psyshock\n>p1 switch 5\n>p2 move psyshock\n>p1 move foulplay\n>p2 switch 3\n>p1 switch 3\n>p2 move geomancy\n>p1 move toxic\n>p2 move moonblast\n>p1 move recover\n>p2 move moonblast\n>p1 move recover\n>p2 move geomancy\n>p1 move scald\n>p2 move geomancy\n>p1 move recover\n>p2 move moonblast\n>p2 switch 6\n>p1 switch 3\n>p2 move voltswitch\n>p2 switch 5\n>p1 move toxic\n>p2 move scald\n>p1 switch 5\n>p2 move scald\n>p1 move softboiled\n>p2 switch 3\n>p1 move softboiled\n>p2 move psyshock\n>p1 switch 5\n>p2 move psyshock\n>p1 move suckerpunch\n>p2 move dazzlinggleam\n>forcelose p2", "uploadtime": 1768435113, "views": 262, "formatid": "gen6randombattle", "rating": 1537, "private": 0, "password": null}