{"id": "gen6randombattle-2519625758", "format": "[Gen 6] Random Battle", "players": ["Ppsaurios", "arboretums"], "log": "|j|☆Ppsaurios\n|j|☆arboretums\n|t:|1768525691\n|gametype|singles\n|player|p1|Ppsaurios|2|1547\n|player|p2|arboretums|serena-masters2|1648\n|gen|6\n|tier|[Gen 6] Random Battle\n|rated|\n|rule|Sleep Clause Mod: Limit one foe put to sleep\n|rule|HP Percentage Mod: HP is shown in percentages\n|rule|Illusion Level Mod: Illusion disguises the Pokémon's true level\n|\n|t:|1768525691\n|teamsize|p1|6\n|teamsize|p2|6\n|start\n|switch|p1a: Mr. Mime|Mr. Mime, L89, M|216/216\n|switch|p2a: Zekrom|Zekrom, L74|270/270\n|-ability|p2a: Zekrom|Teravolt\n|turn|1\n|\n|t:|1768525704\n|switch|p2a: Ferrothorn|Ferrothorn, L71, M|223/223\n|move|p1a: Mr. Mime|Dazzling Gleam|p2a: Ferrothorn\n|-resisted|p2a: Ferrothorn\n|-damage|p2a: Ferrothorn|176/223\n|\n|-heal|p2a: Ferrothorn|189/223|[from] item: Leftovers\n|upkeep\n|turn|2\n|inactive|Battle timer is ON: inactive players will automatically lose when time's up. (requested by arboretums)\n|\n|t:|1768525714\n|switch|p1a: Magcargo|Magcargo, L98, F|256/256\n|move|p2a: Ferrothorn|Power Whip|p1a: Magcargo\n|-damage|p1a: Magcargo|193/256\n|\n|-heal|p1a: Magcargo|209/256|[from] item: Leftovers\n|-heal|p2a: Ferrothorn|202/223|[from] item: Leftovers\n|upkeep\n|turn|3\n|\n|t:|1768525723\n|switch|p2a: Sudowoodo|Sudowoodo, L94, M|284/284\n|move|p1a: Magcargo|Ancient Power|p2a: Sudowoodo\n|-damage|p2a: Sudowoodo|206/284\n|\n|-heal|p1a: Magcargo|225/256|[from] item: Leftovers\n|-heal|p2a: Sudowoodo|223/284|[from] item: Leftovers\n|upkeep\n|turn|4\n|\n|t:|1768525748\n|switch|p1a: Dusknoir|Dusknoir, L89, F|225/225\n|-ability|p1a: Dusknoir|Pressure\n|move|p2a: Sudowoodo|Stealth Rock|p1a: Dusknoir\n|-sidestart|p1: Ppsaurios|move: Stealth Rock\n|\n|-heal|p2a: Sudowoodo|240/284|[from] item: Leftovers\n|upkeep\n|turn|5\n|\n|t:|1768525757\n|move|p1a: Dusknoir|Will-O-Wisp|p2a: Sudowoodo\n|-status|p2a: Sudowoodo|brn\n|move|p2a: Sudowoodo|Toxic|p1a: Dusknoir\n|-status|p1a: Dusknoir|tox\n|\n|-heal|p2a: Sudowoodo|257/284 brn|[from] item: Leftovers\n|-damage|p1a: Dusknoir|211/225 tox|[from] psn\n|-damage|p2a: Sudowoodo|222/284 brn|[from] brn\n|upkeep\n|turn|6\n|\n|t:|1768525764\n|move|p1a: Dusknoir|Earthquake|p2a: Sudowoodo\n|-supereffective|p2a: Sudowoodo\n|-damage|p2a: Sudowoodo|108/284 brn\n|move|p2a: Sudowoodo|Stone Edge|p1a: Dusknoir|[miss]\n|-miss|p2a: Sudowoodo|p1a: Dusknoir\n|\n|-heal|p1a: Dusknoir|225/225 tox|[from] item: Leftovers\n|-heal|p2a: Sudowoodo|125/284 brn|[from] item: Leftovers\n|-damage|p1a: Dusknoir|197/225 tox|[from] psn\n|-damage|p2a: Sudowoodo|90/284 brn|[from] brn\n|upkeep\n|turn|7\n|\n|t:|1768525770\n|move|p1a: Dusknoir|Earthquake|p2a: Sudowoodo\n|-supereffective|p2a: Sudowoodo\n|-crit|p2a: Sudowoodo\n|-damage|p2a: Sudowoodo|0 fnt\n|faint|p2a: Sudowoodo\n|\n|-heal|p1a: Dusknoir|211/225 tox|[from] item: Leftovers\n|-damage|p1a: Dusknoir|169/225 tox|[from] psn\n|upkeep\n|inactive|arboretums has 120 seconds left.\n|\n|t:|1768525801\n|switch|p2a: Ferrothorn|Ferrothorn, L71, M|202/223\n|turn|8\n|\n|t:|1768525817\n|switch|p1a: Magcargo|Magcargo, L98, F|225/256\n|-damage|p1a: Magcargo|161/256|[from] Stealth Rock\n|move|p2a: Ferrothorn|Knock Off|p1a: Magcargo\n|-damage|p1a: Magcargo|126/256\n|-status|p2a: Ferrothorn|brn|[from] ability: Flame Body|[of] p1a: Magcargo\n|-enditem|p1a: Magcargo|Leftovers|[from] move: Knock Off|[of] p2a: Ferrothorn\n|\n|-heal|p2a: Ferrothorn|215/223 brn|[from] item: Leftovers\n|-damage|p2a: Ferrothorn|188/223 brn|[from] brn\n|upkeep\n|turn|9\n|\n|t:|1768525826\n|move|p1a: Magcargo|Recover|p1a: Magcargo\n|-heal|p1a: Magcargo|254/256\n|move|p2a: Ferrothorn|Spikes|p1a: Magcargo\n|-sidestart|p1: Ppsaurios|Spikes\n|\n|-heal|p2a: Ferrothorn|201/223 brn|[from] item: Leftovers\n|-damage|p2a: Ferrothorn|174/223 brn|[from] brn\n|upkeep\n|turn|10\n|\n|t:|1768525838\n|move|p1a: Magcargo|Lava Plume|p2a: Ferrothorn\n|-supereffective|p2a: Ferrothorn\n|-damage|p2a: Ferrothorn|0 fnt\n|faint|p2a: Ferrothorn\n|\n|upkeep\n|\n|t:|1768525853\n|switch|p2a: Zekrom|Zekrom, L74|270/270\n|-ability|p2a: Zekrom|Teravolt\n|turn|11\n|\n|t:|1768525866\n|move|p2a: Zekrom|Hone Claws|p2a: Zekrom\n|-boost|p2a: Zekrom|atk|1\n|-boost|p2a: Zekrom|accuracy|1\n|move|p1a: Magcargo|Toxic|p2a: Zekrom\n|-status|p2a: Zekrom|tox\n|-enditem|p2a: Zekrom|Lum Berry|[eat]\n|-curestatus|p2a: Zekrom|tox|[msg]\n|\n|upkeep\n|turn|12\n|\n|t:|1768525870\n|move|p2a: Zekrom|Bolt Strike|p1a: Magcargo\n|-damage|p1a: Magcargo|103/256\n|move|p1a: Magcargo|Toxic|p2a: Zekrom\n|-status|p2a: Zekrom|tox\n|\n|-damage|p2a: Zekrom|254/270 tox|[from] psn\n|upkeep\n|turn|13\n|\n|t:|1768525878\n|move|p2a: Zekrom|Bolt Strike|p1a: Magcargo\n|-damage|p1a: Magcargo|0 fnt\n|faint|p1a: Magcargo\n|\n|-damage|p2a: Zekrom|222/270 tox|[from] psn\n|upkeep\n|\n|t:|1768525881\n|switch|p1a: Dusknoir|Dusknoir, L89, F|169/225 tox\n|-damage|p1a: Dusknoir|141/225 tox|[from] Stealth Rock\n|-damage|p1a: Dusknoir|113/225 tox|[from] Spikes\n|-ability|p1a: Dusknoir|Pressure\n|turn|14\n|\n|t:|1768525884\n|move|p2a: Zekrom|Bolt Strike|p1a: Dusknoir\n|-damage|p1a: Dusknoir|0 fnt\n|faint|p1a: Dusknoir\n|\n|-damage|p2a: Zekrom|174/270 tox|[from] psn\n|upkeep\n|\n|t:|1768525896\n|switch|p1a: Dustox|Dustox, L96, F|271/271\n|-damage|p1a: Dustox|204/271|[from] Stealth Rock\n|-damage|p1a: Dustox|171/271|[from] Spikes\n|turn|15\n|\n|t:|1768525900\n|move|p1a: Dustox|Hidden Power|p2a: Zekrom\n|-supereffective|p2a: Zekrom\n|-damage|p2a: Zekrom|98/270 tox\n|move|p2a: Zekrom|Bolt Strike|p1a: Dustox\n|-damage|p1a: Dustox|0 fnt\n|faint|p1a: Dustox\n|\n|-damage|p2a: Zekrom|34/270 tox|[from] psn\n|upkeep\n|\n|t:|1768525912\n|switch|p1a: Gallade|Gallade, L77, M|231/231\n|-damage|p1a: Gallade|217/231|[from] Stealth Rock\n|-damage|p1a: Gallade|189/231|[from] Spikes\n|turn|16\n|\n|t:|1768525917\n|detailschange|p1a: Gallade|Gallade-Mega, L77, M\n|-mega|p1a: Gallade|Gallade|Galladite\n|move|p2a: Zekrom|Bolt Strike|p1a: Gallade\n|-damage|p1a: Gallade|0 fnt\n|faint|p1a: Gallade\n|detailschange|p1: Gallade|Gallade, L77, M|[silent]\n|\n|-damage|p2a: Zekrom|0 fnt|[from] psn\n|faint|p2a: Zekrom\n|upkeep\n|c|☆Ppsaurios|jajajajaj I´m cooked\n|c|☆arboretums|dw u played good\n|\n|t:|1768525932\n|switch|p2a: Ninjask|Ninjask, L93, M|263/263\n|switch|p1a: Clawitzer|Clawitzer, L85, M|259/259\n|-damage|p1a: Clawitzer|227/259|[from] Stealth Rock\n|-damage|p1a: Clawitzer|195/259|[from] Spikes\n|turn|17\n|\n|t:|1768525944\n|move|p2a: Ninjask|Swords Dance|p2a: Ninjask\n|-boost|p2a: Ninjask|atk|2\n|move|p1a: Clawitzer|Ice Beam|p2a: Ninjask\n|-supereffective|p2a: Ninjask\n|-damage|p2a: Ninjask|63/263\n|\n|-heal|p2a: Ninjask|79/263|[from] item: Leftovers\n|upkeep\n|turn|18\n|\n|t:|1768525949\n|move|p2a: Ninjask|X-Scissor|p1a: Clawitzer\n|-damage|p1a: Clawitzer|11/259\n|move|p1a: Clawitzer|Scald|p2a: Ninjask\n|-damage|p2a: Ninjask|0 fnt\n|faint|p2a: Ninjask\n|\n|upkeep\n|inactive|arboretums has 120 seconds left.\n|\n|t:|1768525983\n|switch|p2a: Zangoose|Zangoose, L84, M|260/260\n|turn|19\n|\n|t:|1768525988\n|move|p2a: Zangoose|Knock Off|p1a: Clawitzer\n|-crit|p1a: Clawitzer\n|-damage|p1a: Clawitzer|0 fnt\n|-enditem|p1a: Clawitzer|Assault Vest|[from] move: Knock Off|[of] p2a: Zangoose\n|faint|p1a: Clawitzer\n|\n|-status|p2a: Zangoose|tox|[from] item: Toxic Orb\n|upkeep\n|\n|t:|1768525991\n|switch|p1a: Mr. Mime|Mr. Mime, L89, M|216/216\n|-damage|p1a: Mr. Mime|189/216|[from] Stealth Rock\n|-damage|p1a: Mr. Mime|162/216|[from] Spikes\n|turn|20\n|\n|t:|1768525996\n|move|p1a: Mr. Mime|Focus Blast|p2a: Zangoose\n|-supereffective|p2a: Zangoose\n|-damage|p2a: Zangoose|24/260 tox\n|move|p2a: Zangoose|Facade|p1a: Mr. Mime\n|-damage|p1a: Mr. Mime|0 fnt\n|faint|p1a: Mr. Mime\n|\n|win|arboretums\n|raw|Ppsaurios's rating: 1547 &rarr; <strong>1533</strong><br />(-14 for losing)\n|raw|arboretums's rating: 1648 &rarr; <strong>1662</strong><br />(+14 for winning)\n", "inputlog": ">version 3bd1a1e329da8d286644078cfc9a9638fc7ea025\n>start {\"formatid\":\"gen6randombattle\",\"seed\":\"sodium,a2b44f8feb7f393dae0e09e2d42d7e2b\",\"rated\":\"Rated battle\"}\n>player p1 {\"name\":\"Ppsaurios\",\"avatar\":\"2\",\"rating\":1547,\"seed\":\"sodium,a243d23b2155ab14d469e747496f042a\"}\n>player p2 {\"name\":\"arboretums\",\"avatar\":\"serena-masters2\",\"rating\":1648,\"seed\":\"sodium,74dfef237d592da65a7493776d55fed7\"}\n>p1 move dazzlinggleam\n>p2 switch 2\n>p1 switch 3\n>p2 move powerwhip\n>p1 move ancientpower\n>p2 switch 3\n>p1 switch 2\n>p2 move stealthrock\n>p1 move willowisp\n>p2 move toxic\n>p1 move earthquake\n>p2 move stoneedge\n>p1 move earthquake\n>p2 move stoneedge\n>p2 switch 3\n>p1 switch 2\n>p2 move knockoff\n>p1 move recover\n>p2 move spikes\n>p1 move lavaplume\n>p2 move spikes\n>p2 switch 2\n>p1 move toxic\n>p2 move honeclaws\n>p1 move toxic\n>p2 move boltstrike\n>p1 move recover\n>p2 move boltstrike\n>p1 switch 2\n>p1 move earthquake\n>p2 move boltstrike\n>p1 switch 6\n>p1 move hiddenpower\n>p2 move boltstrike\n>p1 switch 5\n>p1 move knockoff mega\n>p2 move boltstrike\n>chat ☆Ppsaurios|jajajajaj I´m cooked\n>chat ☆arboretums|dw u played good\n>p1 switch 4\n>p2 switch 5\n>p1 move icebeam\n>p2 move swordsdance\n>p1 move scald\n>p2 move xscissor\n>p2 switch 6\n>p1 move aurasphere\n>p2 move knockoff\n>p1 switch 3\n>p1 move focusblast\n>p2 move facade", "uploadtime": 1768525998, "views": 273, "formatid": "gen6randombattle", "rating": 1533, "private": 0, "password": null}