{"id": "gen6randombattle-2533297728", "format": "[Gen 6] Random Battle", "players": ["Blatjanglover", "billy zubat"], "log": "|j|☆Blatjanglover\n|j|☆billy zubat\n|t:|1770288772\n|gametype|singles\n|player|p1|Blatjanglover|brock|1670\n|player|p2|billy zubat|pokemonbreederf-gen4|1794\n|gen|6\n|tier|[Gen 6] Random Battle\n|rated|\n|rule|Sleep Clause Mod: Limit one foe put to sleep\n|rule|HP Percentage Mod: HP is shown in percentages\n|rule|Illusion Level Mod: Illusion disguises the Pokémon's true level\n|\n|t:|1770288772\n|teamsize|p1|6\n|teamsize|p2|6\n|start\n|switch|p1a: Infernape|Infernape, L79, F|250/250\n|switch|p2a: Sandslash|Sandslash, L89, M|278/278\n|turn|1\n|j| Plop\n|\n|t:|1770288817\n|switch|p1a: Gligar|Gligar, L82, F|241/241\n|move|p2a: Sandslash|Knock Off|p1a: Gligar\n|-damage|p1a: Gligar|191/241\n|-enditem|p1a: Gligar|Eviolite|[from] move: Knock Off|[of] p2a: Sandslash\n|\n|upkeep\n|turn|2\n|l|☆Blatjanglover\n|player|p1|\n|j|☆Blatjanglover\n|player|p1|Blatjanglover|brock|\n|\n|t:|1770288898\n|switch|p2a: Altaria|Altaria, L78, M|245/245\n|move|p1a: Gligar|Toxic|p2a: Altaria\n|-status|p2a: Altaria|tox\n|\n|-damage|p2a: Altaria|230/245 tox|[from] psn\n|upkeep\n|turn|3\n|\n|t:|1770288923\n|switch|p1a: Meowstic|Meowstic, L86, M|268/268\n|-curestatus|p2a: Altaria|tox|[from] ability: Natural Cure\n|switch|p2a: Volbeat|Volbeat, L91, M|266/266\n|\n|upkeep\n|turn|4\n|\n|t:|1770288948\n|switch|p1a: Gligar|Gligar, L82, F|191/241\n|move|p2a: Volbeat|U-turn|p1a: Gligar\n|-resisted|p1a: Gligar\n|-damage|p1a: Gligar|162/241\n|c|☆Blatjanglover|Still there.\n|c|☆Blatjanglover|?\n|\n|t:|1770289085\n|switch|p2a: Smeargle|Smeargle, L89, F|243/243|[from] U-turn\n|\n|upkeep\n|turn|5\n|\n|t:|1770289098\n|move|p1a: Gligar|Earthquake|p2a: Smeargle\n|-damage|p2a: Smeargle|92/243\n|move|p2a: Smeargle|Spore|p1a: Gligar\n|-status|p1a: Gligar|slp|[from] move: Spore\n|\n|upkeep\n|turn|6\n|\n|t:|1770289115\n|switch|p1a: Blastoise|Blastoise, L81, M|261/261\n|move|p2a: Smeargle|Sticky Web|p1a: Blastoise\n|-sidestart|p1: Blatjanglover|move: Sticky Web\n|\n|upkeep\n|turn|7\n|\n|t:|1770289122\n|switch|p2a: Hariyama|Hariyama, L86, M|388/388\n|detailschange|p1a: Blastoise|Blastoise-Mega, L81, M\n|-mega|p1a: Blastoise|Blastoise|Blastoisinite\n|move|p1a: Blastoise|Rapid Spin|p2a: Hariyama\n|-damage|p2a: Hariyama|373/388\n|-sideend|p1: Blatjanglover|Sticky Web|[from] move: Rapid Spin|[of] p1a: Blastoise\n|\n|upkeep\n|turn|8\n|\n|t:|1770289180\n|move|p1a: Blastoise|Scald|p2a: Hariyama\n|-damage|p2a: Hariyama|279/388\n|move|p2a: Hariyama|Close Combat|p1a: Blastoise\n|-damage|p1a: Blastoise|134/261\n|-unboost|p2a: Hariyama|def|1\n|-unboost|p2a: Hariyama|spd|1\n|\n|upkeep\n|turn|9\n|\n|t:|1770289197\n|switch|p2a: Volbeat|Volbeat, L91, M|266/266\n|move|p1a: Blastoise|Scald|p2a: Volbeat\n|-damage|p2a: Volbeat|161/266\n|-status|p2a: Volbeat|brn\n|\n|-heal|p2a: Volbeat|177/266 brn|[from] item: Leftovers\n|-damage|p2a: Volbeat|144/266 brn|[from] brn\n|upkeep\n|turn|10\n|\n|t:|1770289210\n|move|p2a: Volbeat|Roost|p2a: Volbeat\n|-heal|p2a: Volbeat|266/266 brn\n|-singleturn|p2a: Volbeat|move: Roost\n|move|p1a: Blastoise|Scald|p2a: Volbeat\n|-damage|p2a: Volbeat|160/266 brn\n|\n|-heal|p2a: Volbeat|176/266 brn|[from] item: Leftovers\n|-damage|p2a: Volbeat|143/266 brn|[from] brn\n|upkeep\n|turn|11\n|\n|t:|1770289214\n|switch|p1a: Infernape|Infernape, L79, F|250/250\n|move|p2a: Volbeat|Roost|p2a: Volbeat\n|-heal|p2a: Volbeat|266/266 brn\n|-singleturn|p2a: Volbeat|move: Roost\n|\n|-damage|p2a: Volbeat|233/266 brn|[from] brn\n|upkeep\n|turn|12\n|\n|t:|1770289230\n|switch|p2a: Hariyama|Hariyama, L86, M|279/388\n|move|p1a: Infernape|Stealth Rock|p2a: Hariyama\n|-sidestart|p2: billy zubat|move: Stealth Rock\n|\n|upkeep\n|turn|13\n|c|☆Blatjanglover|Now I'm the slow one. Sorry mate, I'm at work\n|c|☆billy zubat|np\n|\n|t:|1770289301\n|switch|p1a: Gligar|Gligar, L82, F|162/241 slp\n|move|p2a: Hariyama|Close Combat|p1a: Gligar\n|-resisted|p1a: Gligar\n|-damage|p1a: Gligar|90/241 slp\n|-unboost|p2a: Hariyama|def|1\n|-unboost|p2a: Hariyama|spd|1\n|\n|upkeep\n|turn|14\n|\n|t:|1770289308\n|cant|p1a: Gligar|slp\n|move|p2a: Hariyama|Heavy Slam|p1a: Gligar\n|-damage|p1a: Gligar|24/241 slp\n|\n|upkeep\n|turn|15\n|\n|t:|1770289310\n|move|p2a: Hariyama|Bullet Punch|p1a: Gligar\n|-damage|p1a: Gligar|0 fnt\n|faint|p1a: Gligar\n|\n|upkeep\n|\n|t:|1770289313\n|switch|p1a: Infernape|Infernape, L79, F|250/250\n|turn|16\n|\n|t:|1770289320\n|switch|p2a: Altaria|Altaria, L78, M|230/245\n|-damage|p2a: Altaria|169/245|[from] Stealth Rock\n|move|p1a: Infernape|Close Combat|p2a: Altaria\n|-resisted|p2a: Altaria\n|-damage|p2a: Altaria|83/245\n|-unboost|p1a: Infernape|def|1\n|-unboost|p1a: Infernape|spd|1\n|-damage|p1a: Infernape|225/250|[from] item: Life Orb\n|\n|upkeep\n|turn|17\n|l| Plop\n|\n|t:|1770289367\n|detailschange|p2a: Altaria|Altaria-Mega, L78, M\n|-mega|p2a: Altaria|Altaria|Altarianite\n|move|p1a: Infernape|Close Combat|p2a: Altaria\n|-resisted|p2a: Altaria\n|-damage|p2a: Altaria|17/245\n|-unboost|p1a: Infernape|def|1\n|-unboost|p1a: Infernape|spd|1\n|-damage|p1a: Infernape|200/250|[from] item: Life Orb\n|move|p2a: Altaria|Roost|p2a: Altaria\n|-heal|p2a: Altaria|140/245\n|-singleturn|p2a: Altaria|move: Roost\n|\n|upkeep\n|turn|18\n|\n|t:|1770289371\n|switch|p1a: Meowstic|Meowstic, L86, M|268/268\n|move|p2a: Altaria|Roost|p2a: Altaria\n|-heal|p2a: Altaria|245/245\n|-singleturn|p2a: Altaria|move: Roost\n|\n|upkeep\n|turn|19\n|\n|t:|1770289376\n|switch|p2a: Sandslash|Sandslash, L89, M|278/278\n|-damage|p2a: Sandslash|261/278|[from] Stealth Rock\n|move|p1a: Meowstic|Reflect|p1a: Meowstic\n|-sidestart|p1: Blatjanglover|Reflect\n|\n|upkeep\n|turn|20\n|\n|t:|1770289386\n|switch|p1a: Meloetta|Meloetta, L82|298/298\n|move|p2a: Sandslash|Rapid Spin|p1a: Meloetta\n|-damage|p1a: Meloetta|289/298\n|-sideend|p2: billy zubat|Stealth Rock|[from] move: Rapid Spin|[of] p2a: Sandslash\n|\n|upkeep\n|turn|21\n|\n|t:|1770289392\n|move|p1a: Meloetta|Relic Song|p2a: Sandslash\n|-damage|p2a: Sandslash|148/278\n|-formechange|p1a: Meloetta|Meloetta-Pirouette|[msg]\n|-damage|p1a: Meloetta|260/298|[from] item: Life Orb\n|move|p2a: Sandslash|Knock Off|p1a: Meloetta\n|-resisted|p1a: Meloetta\n|-damage|p1a: Meloetta|241/298\n|-enditem|p1a: Meloetta|Life Orb|[from] move: Knock Off|[of] p2a: Sandslash\n|\n|upkeep\n|turn|22\n|\n|t:|1770289407\n|switch|p2a: Volbeat|Volbeat, L91, M|233/266 brn\n|move|p1a: Meloetta|Close Combat|p2a: Volbeat\n|-resisted|p2a: Volbeat\n|-crit|p2a: Volbeat\n|-damage|p2a: Volbeat|96/266 brn\n|-unboost|p1a: Meloetta|def|1\n|-unboost|p1a: Meloetta|spd|1\n|\n|-heal|p2a: Volbeat|112/266 brn|[from] item: Leftovers\n|-damage|p2a: Volbeat|79/266 brn|[from] brn\n|upkeep\n|turn|23\n|\n|t:|1770289433\n|move|p2a: Volbeat|Thunder Wave|p1a: Meloetta\n|-status|p1a: Meloetta|par\n|move|p1a: Meloetta|Return|p2a: Volbeat\n|-damage|p2a: Volbeat|0 fnt\n|faint|p2a: Volbeat\n|\n|upkeep\n|\n|t:|1770289446\n|switch|p2a: Altaria|Altaria-Mega, L78, M|245/245\n|turn|24\n|\n|t:|1770289466\n|switch|p1a: Blastoise|Blastoise-Mega, L81, M|134/261\n|move|p2a: Altaria|Return|p1a: Blastoise\n|-damage|p1a: Blastoise|77/261\n|\n|upkeep\n|turn|25\n|\n|t:|1770289475\n|switch|p2a: Hariyama|Hariyama, L86, M|279/388\n|move|p1a: Blastoise|Scald|p2a: Hariyama\n|-damage|p2a: Hariyama|185/388\n|-status|p2a: Hariyama|brn\n|\n|-damage|p2a: Hariyama|137/388 brn|[from] brn\n|upkeep\n|turn|26\n|\n|t:|1770289485\n|move|p1a: Blastoise|Scald|p2a: Hariyama\n|-damage|p2a: Hariyama|43/388 brn\n|move|p2a: Hariyama|Close Combat|p1a: Blastoise\n|-damage|p1a: Blastoise|46/261\n|-unboost|p2a: Hariyama|def|1\n|-unboost|p2a: Hariyama|spd|1\n|\n|-damage|p2a: Hariyama|0 fnt|[from] brn\n|faint|p2a: Hariyama\n|-sideend|p1: Blatjanglover|Reflect\n|upkeep\n|\n|t:|1770289490\n|switch|p2a: Altaria|Altaria-Mega, L78, M|245/245\n|turn|27\n|\n|t:|1770289493\n|move|p1a: Blastoise|Scald|p2a: Altaria\n|-resisted|p2a: Altaria\n|-damage|p2a: Altaria|198/245\n|move|p2a: Altaria|Return|p1a: Blastoise\n|-damage|p1a: Blastoise|0 fnt\n|faint|p1a: Blastoise\n|detailschange|p1: Blastoise|Blastoise, L81, M|[silent]\n|\n|upkeep\n|\n|t:|1770289496\n|switch|p1a: Meowstic|Meowstic, L86, M|268/268\n|turn|28\n|\n|t:|1770289500\n|switch|p2a: Sandslash|Sandslash, L89, M|148/278\n|move|p1a: Meowstic|Thunder Wave|p2a: Sandslash\n|-immune|p2a: Sandslash\n|\n|upkeep\n|turn|29\n|\n|t:|1770289505\n|switch|p1a: Meloetta|Meloetta, L82|241/298 par\n|move|p2a: Sandslash|Knock Off|p1a: Meloetta\n|-supereffective|p1a: Meloetta\n|-damage|p1a: Meloetta|129/298 par\n|\n|upkeep\n|turn|30\n|\n|t:|1770289507\n|move|p2a: Sandslash|Earthquake|p1a: Meloetta\n|-damage|p1a: Meloetta|0 fnt\n|faint|p1a: Meloetta\n|\n|upkeep\n|\n|t:|1770289541\n|switch|p1a: Hitmonlee|Hitmonlee, L86, M|226/226\n|turn|31\n|\n|t:|1770289550\n|move|p1a: Hitmonlee|Bulk Up|p1a: Hitmonlee\n|-boost|p1a: Hitmonlee|atk|1\n|-boost|p1a: Hitmonlee|def|1\n|move|p2a: Sandslash|Earthquake|p1a: Hitmonlee\n|-damage|p1a: Hitmonlee|120/226\n|\n|upkeep\n|turn|32\n|\n|t:|1770289564\n|switch|p2a: Smeargle|Smeargle, L89, F|92/243\n|move|p1a: Hitmonlee|Bulk Up|p1a: Hitmonlee\n|-boost|p1a: Hitmonlee|atk|1\n|-boost|p1a: Hitmonlee|def|1\n|\n|upkeep\n|turn|33\n|\n|t:|1770289569\n|move|p1a: Hitmonlee|Close Combat|p2a: Smeargle\n|-supereffective|p2a: Smeargle\n|-damage|p2a: Smeargle|0 fnt\n|-unboost|p1a: Hitmonlee|def|1\n|-unboost|p1a: Hitmonlee|spd|1\n|faint|p2a: Smeargle\n|-enditem|p1a: Hitmonlee|White Herb\n|-clearnegativeboost|p1a: Hitmonlee|[silent]\n|\n|upkeep\n|\n|t:|1770289571\n|switch|p2a: Altaria|Altaria-Mega, L78, M|198/245\n|turn|34\n|\n|t:|1770289577\n|move|p1a: Hitmonlee|Stone Edge|p2a: Altaria\n|-damage|p2a: Altaria|36/245\n|move|p2a: Altaria|Return|p1a: Hitmonlee\n|-supereffective|p1a: Hitmonlee\n|-crit|p1a: Hitmonlee\n|-damage|p1a: Hitmonlee|0 fnt\n|faint|p1a: Hitmonlee\n|\n|upkeep\n|\n|t:|1770289581\n|switch|p1a: Meowstic|Meowstic, L86, M|268/268\n|turn|35\n|\n|t:|1770289585\n|switch|p2a: Probopass|Probopass, L91, M|257/257\n|move|p1a: Meowstic|Psychic|p2a: Probopass\n|-resisted|p2a: Probopass\n|-damage|p2a: Probopass|231/257\n|-unboost|p2a: Probopass|spd|1\n|\n|-heal|p2a: Probopass|247/257|[from] item: Leftovers\n|upkeep\n|turn|36\n|\n|t:|1770289592\n|move|p1a: Meowstic|Thunder Wave|p2a: Probopass\n|-status|p2a: Probopass|par\n|move|p2a: Probopass|Volt Switch|p1a: Meowstic\n|-damage|p1a: Meowstic|214/268\n|\n|t:|1770289595\n|switch|p2a: Sandslash|Sandslash, L89, M|148/278|[from] Volt Switch\n|\n|upkeep\n|turn|37\n|\n|t:|1770289600\n|move|p1a: Meowstic|Reflect|p1a: Meowstic\n|-sidestart|p1: Blatjanglover|Reflect\n|move|p2a: Sandslash|Knock Off|p1a: Meowstic\n|-supereffective|p1a: Meowstic\n|-damage|p1a: Meowstic|133/268\n|-enditem|p1a: Meowstic|Light Clay|[from] move: Knock Off|[of] p2a: Sandslash\n|\n|upkeep\n|turn|38\n|\n|t:|1770289604\n|switch|p2a: Probopass|Probopass, L91, M|247/257 par\n|move|p1a: Meowstic|Psychic|p2a: Probopass\n|-resisted|p2a: Probopass\n|-damage|p2a: Probopass|219/257 par\n|\n|-heal|p2a: Probopass|235/257 par|[from] item: Leftovers\n|upkeep\n|turn|39\n|\n|t:|1770289608\n|move|p1a: Meowstic|Psychic|p2a: Probopass\n|-resisted|p2a: Probopass\n|-damage|p2a: Probopass|208/257 par\n|move|p2a: Probopass|Volt Switch|p1a: Meowstic\n|-crit|p1a: Meowstic\n|-damage|p1a: Meowstic|65/268\n|\n|t:|1770289610\n|switch|p2a: Sandslash|Sandslash, L89, M|148/278|[from] Volt Switch\n|\n|upkeep\n|turn|40\n|\n|t:|1770289612\n|switch|p2a: Probopass|Probopass, L91, M|208/257 par\n|move|p1a: Meowstic|Psychic|p2a: Probopass\n|-resisted|p2a: Probopass\n|-damage|p2a: Probopass|181/257 par\n|\n|-heal|p2a: Probopass|197/257 par|[from] item: Leftovers\n|upkeep\n|turn|41\n|\n|t:|1770289617\n|move|p1a: Meowstic|Light Screen|p1a: Meowstic\n|-sidestart|p1: Blatjanglover|move: Light Screen\n|move|p2a: Probopass|Power Gem|p1a: Meowstic\n|-damage|p1a: Meowstic|23/268\n|\n|-heal|p2a: Probopass|213/257 par|[from] item: Leftovers\n|upkeep\n|turn|42\n|\n|t:|1770289645\n|switch|p1a: Infernape|Infernape, L79, F|200/250\n|move|p2a: Probopass|Volt Switch|p1a: Infernape\n|-damage|p1a: Infernape|170/250\n|\n|t:|1770289662\n|switch|p2a: Sandslash|Sandslash, L89, M|148/278|[from] Volt Switch\n|\n|upkeep\n|turn|43\n|\n|t:|1770289667\n|switch|p2a: Altaria|Altaria-Mega, L78, M|36/245\n|move|p1a: Infernape|Overheat|p2a: Altaria\n|-resisted|p2a: Altaria\n|-damage|p2a: Altaria|0 fnt\n|-unboost|p1a: Infernape|spa|2\n|faint|p2a: Altaria\n|detailschange|p2: Altaria|Altaria, L78, M|[silent]\n|-damage|p1a: Infernape|145/250|[from] item: Life Orb\n|\n|upkeep\n|\n|t:|1770289673\n|switch|p2a: Sandslash|Sandslash, L89, M|148/278\n|turn|44\n|\n|t:|1770289682\n|move|p1a: Infernape|Close Combat|p2a: Sandslash\n|-damage|p2a: Sandslash|19/278\n|-unboost|p1a: Infernape|def|1\n|-unboost|p1a: Infernape|spd|1\n|-damage|p1a: Infernape|120/250|[from] item: Life Orb\n|move|p2a: Sandslash|Earthquake|p1a: Infernape\n|-supereffective|p1a: Infernape\n|-damage|p1a: Infernape|0 fnt\n|faint|p1a: Infernape\n|\n|-sideend|p1: Blatjanglover|Reflect\n|upkeep\n|\n|t:|1770289685\n|switch|p1a: Meowstic|Meowstic, L86, M|23/268\n|turn|45\n|\n|t:|1770289687\n|move|p1a: Meowstic|Psychic|p2a: Sandslash\n|-damage|p2a: Sandslash|0 fnt\n|faint|p2a: Sandslash\n|\n|-sideend|p1: Blatjanglover|move: Light Screen\n|upkeep\n|\n|t:|1770289689\n|switch|p2a: Probopass|Probopass, L91, M|213/257 par\n|turn|46\n|c|☆billy zubat|gg\n|c|☆Blatjanglover|Oh you got me good, gg wp\n|\n|t:|1770289706\n|move|p1a: Meowstic|Light Screen|p1a: Meowstic\n|-sidestart|p1: Blatjanglover|move: Light Screen\n|cant|p2a: Probopass|par\n|\n|-heal|p2a: Probopass|229/257 par|[from] item: Leftovers\n|upkeep\n|turn|47\n|c|☆billy zubat|youre pretty good made me work hard\n|\n|t:|1770289712\n|move|p1a: Meowstic|Psychic|p2a: Probopass\n|-resisted|p2a: Probopass\n|-damage|p2a: Probopass|202/257 par\n|-unboost|p2a: Probopass|spd|1\n|move|p2a: Probopass|Power Gem|p1a: Meowstic\n|-crit|p1a: Meowstic\n|-damage|p1a: Meowstic|0 fnt\n|faint|p1a: Meowstic\n|\n|win|billy zubat\n|raw|Blatjanglover's rating: 1670 &rarr; <strong>1657</strong><br />(-13 for losing)\n|raw|billy zubat's rating: 1794 &rarr; <strong>1807</strong><br />(+13 for winning)\n|c|☆billy zubat|keep up the good work\n|c|☆Blatjanglover|🫡\n", "inputlog": ">version ccdc32dd7cde25fd9e4bed64820e885f66e78a4e\n>start {\"formatid\":\"gen6randombattle\",\"seed\":\"sodium,8b597a29ba949ab2795c61c1ff956359\",\"rated\":\"Rated battle\"}\n>player p1 {\"name\":\"Blatjanglover\",\"avatar\":\"brock\",\"rating\":1670,\"seed\":\"sodium,c9800ccf941b3ae7a5d89fd56e071803\"}\n>player p2 {\"name\":\"billy zubat\",\"avatar\":\"pokemonbreederf-gen4\",\"rating\":1794,\"seed\":\"sodium,053c1547dfc78b913fb6bc541883a4f8\"}\n>p1 switch 5\n>p2 move knockoff\n>p1 move toxic\n>p2 switch 4\n>p1 switch 6\n>p2 switch 5\n>p1 switch 6\n>p2 move uturn\n>chat ☆Blatjanglover|Still there.\n>chat ☆Blatjanglover|?\n>p2 switch 3\n>p1 move earthquake\n>p2 move spore\n>p1 switch 4\n>p2 move stickyweb\n>p1 move rapidspin mega\n>p2 switch 6\n>p1 move scald\n>p2 move closecombat\n>p1 move scald\n>p2 switch 3\n>p1 move scald\n>p2 move roost\n>p1 switch 5\n>p2 move roost\n>p1 move stealthrock\n>p2 switch 3\n>chat ☆Blatjanglover|Now I'm the slow one. Sorry mate, I'm at work\n>chat ☆billy zubat|np\n>p1 switch 4\n>p2 move closecombat\n>p1 move toxic\n>p2 move heavyslam\n>p1 move toxic\n>p2 move bulletpunch\n>p1 switch 4\n>p1 move closecombat\n>p2 switch 5\n>p1 move closecombat\n>p2 move roost mega\n>p1 switch 6\n>p2 move roost\n>p1 move reflect\n>p2 switch 4\n>p1 switch 2\n>p2 move rapidspin\n>p1 move relicsong\n>p2 move knockoff\n>p1 move closecombat\n>p2 switch 3\n>p1 move return\n>p2 move thunderwave\n>p2 switch 4\n>p1 switch 5\n>p2 move return\n>p1 move scald\n>p2 switch 5\n>p1 move scald\n>p2 move closecombat\n>p2 switch 5\n>p1 move scald\n>p2 move return\n>p1 switch 2\n>p1 move thunderwave\n>p2 switch 3\n>p1 switch 5\n>p2 move knockoff\n>p1 move relicsong\n>p2 move earthquake\n>p1 switch 3\n>p1 move bulkup\n>p2 move earthquake\n>p1 move bulkup\n>p2 switch 6\n>p1 move closecombat\n>p2 move spore\n>p2 switch 3\n>p1 move stoneedge\n>p2 move return\n>p1 switch 5\n>p1 move psychic\n>p2 switch 2\n>p1 move thunderwave\n>p2 move voltswitch\n>p2 switch 6\n>p1 move reflect\n>p2 move knockoff\n>p1 move psychic\n>p2 switch 6\n>p1 move psychic\n>p2 move voltswitch\n>p2 switch 6\n>p1 move psychic\n>p2 switch 6\n>p1 move lightscreen\n>p2 move powergem\n>p1 switch 6\n>p2 move voltswitch\n>p2 switch 6\n>p1 move overheat\n>p2 switch 2\n>p2 switch 2\n>p1 move closecombat\n>p2 move earthquake\n>p1 switch 6\n>p1 move psychic\n>p2 move earthquake\n>p2 switch 6\n>chat ☆billy zubat|gg\n>chat ☆Blatjanglover|Oh you got me good, gg wp\n>p1 move lightscreen\n>p2 move powergem\n>chat ☆billy zubat|youre pretty good made me work hard\n>p1 move psychic\n>p2 move powergem", "uploadtime": 1770289730, "views": 262, "formatid": "gen6randombattle", "rating": 1657, "private": 0, "password": null}