{"id": "gen6randombattle-2532551691", "format": "[Gen 6] Random Battle", "players": ["alcatraaz", "Plop"], "log": "|j|☆alcatraaz\n|j|☆Plop\n|t:|1770195763\n|gametype|singles\n|player|p1|alcatraaz|red|1716\n|player|p2|Plop|#rbtt9travelers|1778\n|gen|6\n|tier|[Gen 6] Random Battle\n|rated|\n|rule|Sleep Clause Mod: Limit one foe put to sleep\n|rule|HP Percentage Mod: HP is shown in percentages\n|rule|Illusion Level Mod: Illusion disguises the Pokémon's true level\n|\n|t:|1770195763\n|teamsize|p1|6\n|teamsize|p2|6\n|start\n|switch|p1a: Raichu|Raichu, L87, M|246/246\n|switch|p2a: Arceus|Arceus-Flying, L71|287/287\n|turn|1\n|\n|t:|1770195779\n|switch|p2a: Chansey|Chansey, L86, F|570/570\n|move|p1a: Raichu|Thunderbolt|p2a: Chansey\n|-damage|p2a: Chansey|516/570\n|\n|upkeep\n|turn|2\n|inactive|Battle timer is ON: inactive players will automatically lose when time's up. (requested by Plop)\n|\n|t:|1770195810\n|switch|p1a: Groudon|Groudon, L64|235/235\n|detailschange|p1a: Groudon|Groudon-Primal, L64\n|-primal|p1a: Groudon|Red Orb\n|-weather|DesolateLand|[from] ability: Desolate Land|[of] p1a: Groudon\n|move|p2a: Chansey|Stealth Rock|p1a: Groudon\n|-sidestart|p1: alcatraaz|move: Stealth Rock\n|\n|-weather|DesolateLand|[upkeep]\n|upkeep\n|turn|3\n|\n|t:|1770195828\n|switch|p2a: Shuckle|Shuckle, L84, F|171/171\n|move|p1a: Groudon|Stealth Rock|p2a: Shuckle\n|-sidestart|p2: Plop|move: Stealth Rock\n|\n|-weather|DesolateLand|[upkeep]\n|upkeep\n|turn|4\n|inactive|alcatraaz has 120 seconds left.\n|\n|t:|1770195864\n|-weather|none\n|switch|p1a: Genesect|Genesect, L72|221/221\n|-damage|p1a: Genesect|194/221|[from] Stealth Rock\n|-ability|p1a: Genesect|Download|boost\n|-boost|p1a: Genesect|spa|1\n|move|p2a: Shuckle|Sticky Web|p1a: Genesect\n|-sidestart|p1: alcatraaz|move: Sticky Web\n|\n|upkeep\n|turn|5\n|inactive|alcatraaz has 120 seconds left.\n|inactive|Plop has 120 seconds left.\n|\n|t:|1770195895\n|switch|p2a: Keldeo|Keldeo-Resolute, L79|273/273\n|-damage|p2a: Keldeo|256/273|[from] Stealth Rock\n|move|p1a: Genesect|Iron Head|p2a: Keldeo\n|-resisted|p2a: Keldeo\n|-damage|p2a: Keldeo|199/273\n|\n|-heal|p2a: Keldeo|216/273|[from] item: Leftovers\n|upkeep\n|turn|6\n|inactive|Plop has 120 seconds left.\n|\n|t:|1770195921\n|switch|p1a: Groudon|Groudon-Primal, L64|235/235\n|-damage|p1a: Groudon|206/235|[from] Stealth Rock\n|-activate|p1a: Groudon|move: Sticky Web\n|-unboost|p1a: Groudon|spe|1\n|-weather|DesolateLand|[from] ability: Desolate Land|[of] p1a: Groudon\n|move|p2a: Keldeo|Secret Sword|p1a: Groudon\n|-damage|p1a: Groudon|118/235\n|\n|-weather|DesolateLand|[upkeep]\n|-heal|p2a: Keldeo|233/273|[from] item: Leftovers\n|upkeep\n|turn|7\n|inactive|Plop has 90 seconds left.\n|\n|t:|1770195948\n|switch|p2a: Shuckle|Shuckle, L84, F|171/171\n|-damage|p2a: Shuckle|129/171|[from] Stealth Rock\n|move|p1a: Groudon|Precipice Blades|p2a: Shuckle\n|-damage|p2a: Shuckle|71/171\n|\n|-weather|DesolateLand|[upkeep]\n|upkeep\n|turn|8\n|inactive|alcatraaz has 90 seconds left.\n|\n|t:|1770195977\n|move|p1a: Groudon|Lava Plume|p2a: Shuckle\n|-damage|p2a: Shuckle|26/171\n|move|p2a: Shuckle|Toxic|p1a: Groudon|[miss]\n|-miss|p2a: Shuckle|p1a: Groudon\n|\n|-weather|DesolateLand|[upkeep]\n|upkeep\n|turn|9\n|\n|t:|1770195986\n|move|p1a: Groudon|Lava Plume|p2a: Shuckle\n|-damage|p2a: Shuckle|0 fnt\n|faint|p2a: Shuckle\n|\n|-weather|DesolateLand|[upkeep]\n|upkeep\n|inactive|Plop has 90 seconds left.\n|\n|t:|1770196002\n|switch|p2a: Arceus|Arceus-Flying, L71|287/287\n|-damage|p2a: Arceus|216/287|[from] Stealth Rock\n|turn|10\n|\n|t:|1770196011\n|move|p2a: Arceus|Judgment|p1a: Groudon\n|-damage|p1a: Groudon|0 fnt\n|faint|p1a: Groudon\n|-weather|none\n|detailschange|p1: Groudon|Groudon, L64|[silent]\n|\n|upkeep\n|inactive|alcatraaz has 90 seconds left.\n|\n|t:|1770196037\n|switch|p1a: Raichu|Raichu, L87, M|246/246\n|-damage|p1a: Raichu|216/246|[from] Stealth Rock\n|-activate|p1a: Raichu|move: Sticky Web\n|-unboost|p1a: Raichu|spe|1\n|turn|11\n|\n|t:|1770196048\n|switch|p2a: Chansey|Chansey, L86, F|516/570\n|-damage|p2a: Chansey|445/570|[from] Stealth Rock\n|move|p1a: Raichu|Nuzzle|p2a: Chansey\n|-damage|p2a: Chansey|394/570\n|-status|p2a: Chansey|par\n|\n|-heal|p1a: Raichu|231/246|[from] item: Leftovers\n|upkeep\n|turn|12\n|\n|t:|1770196059\n|switch|p1a: Genesect|Genesect, L72|194/221\n|-damage|p1a: Genesect|167/221|[from] Stealth Rock\n|-activate|p1a: Genesect|move: Sticky Web\n|-unboost|p1a: Genesect|spe|1\n|-ability|p1a: Genesect|Download|boost\n|-boost|p1a: Genesect|atk|1\n|move|p2a: Chansey|Seismic Toss|p1a: Genesect\n|-damage|p1a: Genesect|81/221\n|\n|upkeep\n|turn|13\n|inactive|alcatraaz has 90 seconds left.\n|\n|t:|1770196078\n|-curestatus|p2a: Chansey|par|[from] ability: Natural Cure\n|switch|p2a: Keldeo|Keldeo-Resolute, L79|233/273\n|-damage|p2a: Keldeo|216/273|[from] Stealth Rock\n|move|p1a: Genesect|U-turn|p2a: Keldeo\n|-resisted|p2a: Keldeo\n|-damage|p2a: Keldeo|144/273\n|inactive|alcatraaz has 90 seconds left.\n|\n|t:|1770196098\n|switch|p1a: Raichu|Raichu, L87, M|231/246|[from] U-turn\n|-damage|p1a: Raichu|201/246|[from] Stealth Rock\n|-activate|p1a: Raichu|move: Sticky Web\n|-unboost|p1a: Raichu|spe|1\n|\n|-heal|p2a: Keldeo|161/273|[from] item: Leftovers\n|-heal|p1a: Raichu|216/246|[from] item: Leftovers\n|upkeep\n|turn|14\n|\n|t:|1770196103\n|switch|p2a: Chansey|Chansey, L86, F|394/570\n|-damage|p2a: Chansey|323/570|[from] Stealth Rock\n|move|p1a: Raichu|Thunderbolt|p2a: Chansey\n|-crit|p2a: Chansey\n|-damage|p2a: Chansey|236/570\n|\n|-heal|p1a: Raichu|231/246|[from] item: Leftovers\n|upkeep\n|turn|15\n|inactive|Plop has 120 seconds left.\n|inactive|alcatraaz has 90 seconds left.\n|\n|t:|1770196134\n|switch|p1a: Purugly|Purugly, L88, M|268/268\n|-damage|p1a: Purugly|235/268|[from] Stealth Rock\n|-activate|p1a: Purugly|move: Sticky Web\n|-unboost|p1a: Purugly|spe|1\n|-ability|p1a: Purugly|Defiant|boost\n|-boost|p1a: Purugly|atk|2\n|move|p2a: Chansey|Soft-Boiled|p2a: Chansey\n|-heal|p2a: Chansey|521/570\n|\n|upkeep\n|turn|16\n|inactive|Plop has 90 seconds left.\n|\n|t:|1770196181\n|switch|p2a: Tyranitar|Tyranitar, L75, M|274/274\n|-damage|p2a: Tyranitar|240/274|[from] Stealth Rock\n|-weather|Sandstorm|[from] ability: Sand Stream|[of] p2a: Tyranitar\n|move|p1a: Purugly|Return|p2a: Tyranitar\n|-resisted|p2a: Tyranitar\n|-damage|p2a: Tyranitar|121/274\n|\n|-weather|Sandstorm|[upkeep]\n|-damage|p1a: Purugly|219/268|[from] Sandstorm\n|upkeep\n|turn|17\n|inactive|Plop has 60 seconds left.\n|\n|t:|1770196207\n|detailschange|p2a: Tyranitar|Tyranitar-Mega, L75, M\n|-mega|p2a: Tyranitar|Tyranitar|Tyranitarite\n|move|p1a: Purugly|Wake-Up Slap|p2a: Tyranitar\n|-supereffective|p2a: Tyranitar\n|-damage|p2a: Tyranitar|0 fnt\n|faint|p2a: Tyranitar\n|detailschange|p2: Tyranitar|Tyranitar, L75, M|[silent]\n|\n|-weather|Sandstorm|[upkeep]\n|-damage|p1a: Purugly|203/268|[from] Sandstorm\n|upkeep\n|\n|t:|1770196210\n|switch|p2a: Keldeo|Keldeo-Resolute, L79|161/273\n|-damage|p2a: Keldeo|144/273|[from] Stealth Rock\n|turn|18\n|inactive|alcatraaz has 60 seconds left.\n|inactive|alcatraaz has 30 seconds left.\n|\n|t:|1770196270\n|switch|p1a: Genesect|Genesect, L72|81/221\n|-damage|p1a: Genesect|54/221|[from] Stealth Rock\n|-activate|p1a: Genesect|move: Sticky Web\n|-unboost|p1a: Genesect|spe|1\n|-ability|p1a: Genesect|Download|boost\n|-boost|p1a: Genesect|spa|1\n|move|p2a: Keldeo|Secret Sword|p1a: Genesect\n|-damage|p1a: Genesect|0 fnt\n|faint|p1a: Genesect\n|\n|-weather|Sandstorm|[upkeep]\n|-damage|p2a: Keldeo|127/273|[from] Sandstorm\n|-heal|p2a: Keldeo|144/273|[from] item: Leftovers\n|upkeep\n|inactive|alcatraaz has 30 seconds left.\n|inactive|alcatraaz has 20 seconds left.\n|\n|t:|1770196288\n|switch|p1a: Raichu|Raichu, L87, M|231/246\n|-damage|p1a: Raichu|201/246|[from] Stealth Rock\n|-activate|p1a: Raichu|move: Sticky Web\n|-unboost|p1a: Raichu|spe|1\n|turn|19\n|inactive|alcatraaz has 30 seconds left this turn.\n|\n|t:|1770196299\n|move|p2a: Keldeo|Substitute|p2a: Keldeo\n|-start|p2a: Keldeo|Substitute\n|-damage|p2a: Keldeo|76/273\n|move|p1a: Raichu|Nuzzle|p2a: Keldeo\n|-supereffective|p2a: Keldeo\n|-activate|p2a: Keldeo|move: Substitute|[damage]\n|\n|-weather|Sandstorm|[upkeep]\n|-damage|p2a: Keldeo|59/273|[from] Sandstorm\n|-damage|p1a: Raichu|186/246|[from] Sandstorm\n|-heal|p2a: Keldeo|76/273|[from] item: Leftovers\n|-heal|p1a: Raichu|201/246|[from] item: Leftovers\n|upkeep\n|turn|20\n|inactive|alcatraaz has 30 seconds left.\n|\n|t:|1770196310\n|move|p2a: Keldeo|Secret Sword|p1a: Raichu\n|-damage|p1a: Raichu|68/246\n|move|p1a: Raichu|Encore|p2a: Keldeo\n|-start|p2a: Keldeo|Encore\n|\n|-weather|none\n|-heal|p2a: Keldeo|93/273|[from] item: Leftovers\n|-heal|p1a: Raichu|83/246|[from] item: Leftovers\n|upkeep\n|turn|21\n|inactive|alcatraaz has 30 seconds left.\n|\n|t:|1770196319\n|move|p2a: Keldeo|Secret Sword|p1a: Raichu\n|-damage|p1a: Raichu|0 fnt\n|faint|p1a: Raichu\n|\n|-heal|p2a: Keldeo|110/273|[from] item: Leftovers\n|upkeep\n|inactive|alcatraaz has 30 seconds left.\n|\n|t:|1770196330\n|switch|p1a: Seaking|Seaking, L93, F|300/300\n|-damage|p1a: Seaking|263/300|[from] Stealth Rock\n|-activate|p1a: Seaking|move: Sticky Web\n|-unboost|p1a: Seaking|spe|1\n|turn|22\n|inactive|alcatraaz has 30 seconds left.\n|inactive|alcatraaz has 20 seconds left.\n|inactive|alcatraaz has 15 seconds left.\n|inactive|alcatraaz has 10 seconds left.\n|\n|t:|1770196358\n|move|p2a: Keldeo|Secret Sword|p1a: Seaking\n|-damage|p1a: Seaking|152/300\n|move|p1a: Seaking|Waterfall|p2a: Keldeo\n|-resisted|p2a: Keldeo\n|-end|p2a: Keldeo|Substitute\n|-damage|p1a: Seaking|122/300|[from] item: Life Orb\n|\n|-heal|p2a: Keldeo|127/273|[from] item: Leftovers\n|upkeep\n|turn|23\n|inactive|alcatraaz has 20 seconds left this turn.\n|inactive|alcatraaz has 15 seconds left.\n|inactive|alcatraaz has 10 seconds left.\n|\n|t:|1770196374\n|switch|p2a: Arceus|Arceus-Flying, L71|216/287\n|-damage|p2a: Arceus|145/287|[from] Stealth Rock\n|move|p1a: Seaking|Rain Dance|p1a: Seaking\n|-weather|RainDance\n|\n|-weather|RainDance|[upkeep]\n|upkeep\n|turn|24\n|inactive|alcatraaz has 20 seconds left this turn.\n|inactive|Plop has 90 seconds left.\n|\n|t:|1770196398\n|switch|p2a: Gorebyss|Gorebyss, L83, M|226/226\n|-damage|p2a: Gorebyss|198/226|[from] Stealth Rock\n|move|p1a: Seaking|Waterfall|p2a: Gorebyss\n|-resisted|p2a: Gorebyss\n|-damage|p2a: Gorebyss|116/226\n|-damage|p1a: Seaking|92/300|[from] item: Life Orb\n|\n|-weather|RainDance|[upkeep]\n|upkeep\n|turn|25\n|inactive|alcatraaz has 30 seconds left this turn.\n|inactive|alcatraaz has 20 seconds left.\n|inactive|alcatraaz has 15 seconds left.\n|inactive|alcatraaz has 10 seconds left.\n|inactive|alcatraaz has 5 seconds left.\n|\n|t:|1770196423\n|move|p2a: Gorebyss|Hidden Power|p1a: Seaking\n|-supereffective|p1a: Seaking\n|-damage|p1a: Seaking|0 fnt\n|faint|p1a: Seaking\n|\n|-weather|RainDance|[upkeep]\n|upkeep\n|inactive|alcatraaz has 10 seconds left this turn.\n|\n|t:|1770196427\n|switch|p1a: Milotic|Milotic, L83, M|293/293\n|-damage|p1a: Milotic|257/293|[from] Stealth Rock\n|-activate|p1a: Milotic|move: Sticky Web\n|-unboost|p1a: Milotic|spe|1\n|-ability|p1a: Milotic|Competitive|boost\n|-boost|p1a: Milotic|spa|2\n|turn|26\n|inactive|alcatraaz has 20 seconds left this turn.\n|inactive|alcatraaz has 15 seconds left.\n|inactive|alcatraaz has 10 seconds left.\n|inactive|Plop has 90 seconds left.\n|\n|t:|1770196459\n|switch|p2a: Chansey|Chansey, L86, F|521/570\n|-damage|p2a: Chansey|450/570|[from] Stealth Rock\n|move|p1a: Milotic|Scald|p2a: Chansey\n|-damage|p2a: Chansey|297/570\n|\n|-weather|RainDance|[upkeep]\n|-heal|p1a: Milotic|275/293|[from] item: Leftovers\n|upkeep\n|turn|27\n|inactive|alcatraaz has 20 seconds left this turn.\n|inactive|alcatraaz has 15 seconds left.\n|inactive|alcatraaz has 10 seconds left.\n|\n|t:|1770196473\n|switch|p1a: Purugly|Purugly, L88, M|203/268\n|-damage|p1a: Purugly|170/268|[from] Stealth Rock\n|-activate|p1a: Purugly|move: Sticky Web\n|-unboost|p1a: Purugly|spe|1\n|-ability|p1a: Purugly|Defiant|boost\n|-boost|p1a: Purugly|atk|2\n|move|p2a: Chansey|Soft-Boiled|p2a: Chansey\n|-heal|p2a: Chansey|570/570\n|\n|-weather|none\n|upkeep\n|turn|28\n|inactive|alcatraaz has 20 seconds left this turn.\n|inactive|alcatraaz has 15 seconds left.\n|\n|t:|1770196482\n|switch|p2a: Gorebyss|Gorebyss, L83, M|116/226\n|-damage|p2a: Gorebyss|88/226|[from] Stealth Rock\n|move|p1a: Purugly|Return|p2a: Gorebyss\n|-crit|p2a: Gorebyss\n|-damage|p2a: Gorebyss|0 fnt\n|faint|p2a: Gorebyss\n|\n|upkeep\n|\n|t:|1770196484\n|switch|p2a: Keldeo|Keldeo-Resolute, L79|127/273\n|-damage|p2a: Keldeo|110/273|[from] Stealth Rock\n|turn|29\n|inactive|alcatraaz has 30 seconds left this turn.\n|\n|t:|1770196488\n|switch|p1a: Milotic|Milotic, L83, M|275/293\n|-damage|p1a: Milotic|239/293|[from] Stealth Rock\n|-activate|p1a: Milotic|move: Sticky Web\n|-unboost|p1a: Milotic|spe|1\n|-ability|p1a: Milotic|Competitive|boost\n|-boost|p1a: Milotic|spa|2\n|move|p2a: Keldeo|Secret Sword|p1a: Milotic\n|-damage|p1a: Milotic|131/293\n|\n|-heal|p2a: Keldeo|127/273|[from] item: Leftovers\n|-heal|p1a: Milotic|149/293|[from] item: Leftovers\n|upkeep\n|turn|30\n|inactive|alcatraaz has 30 seconds left.\n|\n|t:|1770196509\n|switch|p2a: Chansey|Chansey, L86, F|570/570\n|-damage|p2a: Chansey|499/570|[from] Stealth Rock\n|move|p1a: Milotic|Recover|p1a: Milotic\n|-heal|p1a: Milotic|293/293\n|\n|upkeep\n|turn|31\n|\n|t:|1770196519\n|move|p2a: Chansey|Seismic Toss|p1a: Milotic\n|-damage|p1a: Milotic|207/293\n|move|p1a: Milotic|Toxic|p2a: Chansey\n|-status|p2a: Chansey|tox\n|\n|-heal|p1a: Milotic|225/293|[from] item: Leftovers\n|-damage|p2a: Chansey|464/570 tox|[from] psn\n|upkeep\n|turn|32\n|\n|t:|1770196528\n|switch|p1a: Purugly|Purugly, L88, M|170/268\n|-damage|p1a: Purugly|137/268|[from] Stealth Rock\n|-activate|p1a: Purugly|move: Sticky Web\n|-unboost|p1a: Purugly|spe|1\n|-ability|p1a: Purugly|Defiant|boost\n|-boost|p1a: Purugly|atk|2\n|move|p2a: Chansey|Toxic|p1a: Purugly\n|-status|p1a: Purugly|tox\n|\n|-damage|p1a: Purugly|121/268 tox|[from] psn\n|-damage|p2a: Chansey|394/570 tox|[from] psn\n|upkeep\n|turn|33\n|inactive|Plop has 120 seconds left.\n|\n|t:|1770196555\n|-curestatus|p2a: Chansey|tox|[from] ability: Natural Cure\n|switch|p2a: Arceus|Arceus-Flying, L71|145/287\n|-damage|p2a: Arceus|74/287|[from] Stealth Rock\n|move|p1a: Purugly|Return|p2a: Arceus\n|-damage|p2a: Arceus|0 fnt\n|faint|p2a: Arceus\n|\n|-damage|p1a: Purugly|89/268 tox|[from] psn\n|upkeep\n|\n|t:|1770196557\n|switch|p2a: Keldeo|Keldeo-Resolute, L79|127/273\n|-damage|p2a: Keldeo|110/273|[from] Stealth Rock\n|turn|34\n|\n|t:|1770196564\n|switch|p1a: Milotic|Milotic, L83, M|225/293\n|-damage|p1a: Milotic|189/293|[from] Stealth Rock\n|-activate|p1a: Milotic|move: Sticky Web\n|-unboost|p1a: Milotic|spe|1\n|-ability|p1a: Milotic|Competitive|boost\n|-boost|p1a: Milotic|spa|2\n|move|p2a: Keldeo|Secret Sword|p1a: Milotic\n|-damage|p1a: Milotic|81/293\n|\n|-heal|p2a: Keldeo|127/273|[from] item: Leftovers\n|-heal|p1a: Milotic|99/293|[from] item: Leftovers\n|upkeep\n|turn|35\n|inactive|alcatraaz has 60 seconds left.\n|\n|t:|1770196573\n|move|p2a: Keldeo|Secret Sword|p1a: Milotic\n|-damage|p1a: Milotic|0 fnt\n|faint|p1a: Milotic\n|\n|-heal|p2a: Keldeo|144/273|[from] item: Leftovers\n|upkeep\n|\n|t:|1770196575\n|switch|p1a: Purugly|Purugly, L88, M|89/268 tox\n|-damage|p1a: Purugly|56/268 tox|[from] Stealth Rock\n|-activate|p1a: Purugly|move: Sticky Web\n|-unboost|p1a: Purugly|spe|1\n|-ability|p1a: Purugly|Defiant|boost\n|-boost|p1a: Purugly|atk|2\n|turn|36\n|c|☆Plop|gg\n|\n|t:|1770196578\n|switch|p2a: Chansey|Chansey, L86, F|394/570\n|-damage|p2a: Chansey|323/570|[from] Stealth Rock\n|move|p1a: Purugly|Fake Out|p2a: Chansey\n|-damage|p2a: Chansey|104/570\n|\n|-damage|p1a: Purugly|40/268 tox|[from] psn\n|upkeep\n|turn|37\n|\n|t:|1770196587\n|move|p1a: Purugly|Return|p2a: Chansey\n|-damage|p2a: Chansey|0 fnt\n|faint|p2a: Chansey\n|\n|-damage|p1a: Purugly|8/268 tox|[from] psn\n|upkeep\n|\n|t:|1770196589\n|switch|p2a: Keldeo|Keldeo-Resolute, L79|144/273\n|-damage|p2a: Keldeo|127/273|[from] Stealth Rock\n|turn|38\n|c|☆alcatraaz|gg\n|inactive|alcatraaz has 90 seconds left.\n|\n|t:|1770196597\n|move|p2a: Keldeo|Secret Sword|p1a: Purugly\n|-supereffective|p1a: Purugly\n|-damage|p1a: Purugly|0 fnt\n|faint|p1a: Purugly\n|\n|win|Plop\n|raw|alcatraaz's rating: 1716 &rarr; <strong>1700</strong><br />(-16 for losing)\n|raw|Plop's rating: 1778 &rarr; <strong>1794</strong><br />(+16 for winning)\n|l|☆alcatraaz\n|player|p1|\n", "inputlog": ">version ccdc32dd7cde25fd9e4bed64820e885f66e78a4e\n>start {\"formatid\":\"gen6randombattle\",\"seed\":\"sodium,38cd3ecb55186e1efd4130e1df913038\",\"rated\":\"Rated battle\"}\n>player p1 {\"name\":\"alcatraaz\",\"avatar\":\"red\",\"rating\":1716,\"seed\":\"sodium,7d72bcc2363472998b8926b43e2388d2\"}\n>player p2 {\"name\":\"Plop\",\"avatar\":\"#rbtt9travelers\",\"rating\":1778,\"seed\":\"sodium,5b26127bbecf8c8a10a5f23748eddaca\"}\n>p1 move thunderbolt\n>p2 switch 5\n>p1 switch 3\n>p2 move stealthrock\n>p1 move stealthrock\n>p2 switch 3\n>p1 switch 6\n>p2 move stickyweb\n>p1 move ironhead\n>p2 switch 6\n>p1 switch 6\n>p2 move secretsword\n>p1 move precipiceblades\n>p2 switch 6\n>p1 move lavaplume\n>p2 move toxic\n>p1 move lavaplume\n>p2 move toxic\n>p2 switch 5\n>p1 move thunderwave\n>p2 move judgment\n>p1 switch 3\n>p1 move nuzzle\n>p2 switch 3\n>p1 switch 6\n>p2 move seismictoss\n>p1 move uturn\n>p2 switch 6\n>p1 switch 6\n>p1 move thunderbolt\n>p2 switch 6\n>p1 switch 5\n>p2 move softboiled\n>p1 move return\n>p2 switch 2\n>p1 move wakeupslap\n>p2 move crunch mega\n>p2 switch 6\n>p1 switch 6\n>p2 move secretsword\n>p1 switch 5\n>p1 move nuzzle\n>p2 move substitute\n>p1 move encore\n>p2 move secretsword\n>p1 move thunderbolt\n>p2 move secretsword\n>p1 switch 2\n>p1 move waterfall\n>p2 move secretsword\n>p1 move raindance\n>p2 switch 3\n>p1 move waterfall\n>p2 switch 4\n>p1 move knockoff\n>p2 move hiddenpower\n>p1 switch 4\n>p1 move scald\n>p2 switch 2\n>p1 switch 6\n>p2 move softboiled\n>p1 move return\n>p2 switch 2\n>p2 switch 3\n>p1 switch 6\n>p2 move secretsword\n>p1 move recover\n>p2 switch 2\n>p1 move toxic\n>p2 move seismictoss\n>p1 switch 6\n>p2 move toxic\n>p1 move return\n>p2 switch 4\n>p2 switch 2\n>p1 switch 6\n>p2 move secretsword\n>p1 move recover\n>p2 move secretsword\n>p1 switch 6\n>chat ☆Plop|gg\n>p1 move fakeout\n>p2 switch 4\n>p1 move return\n>p2 move seismictoss\n>p2 switch 4\n>chat ☆alcatraaz|gg\n>p1 move return\n>p2 move secretsword", "uploadtime": 1770196601, "views": 228, "formatid": "gen6randombattle", "rating": 1700, "private": 0, "password": null}