{"id": "gen6randombattle-2522043600", "format": "[Gen 6] Random Battle", "players": ["arboretums", "lililiprapras"], "log": "|j|☆arboretums\n|j|☆lililiprapras\n|t:|1768853740\n|gametype|singles\n|player|p1|arboretums|serena-masters2|1711\n|player|p2|lililiprapras|unknown|1603\n|gen|6\n|tier|[Gen 6] Random Battle\n|rated|\n|rule|Sleep Clause Mod: Limit one foe put to sleep\n|rule|HP Percentage Mod: HP is shown in percentages\n|rule|Illusion Level Mod: Illusion disguises the Pokémon's true level\n|\n|t:|1768853740\n|teamsize|p1|6\n|teamsize|p2|6\n|start\n|switch|p1a: Lickilicky|Lickilicky, L88, F|337/337\n|switch|p2a: Huntail|Huntail, L84, F|230/230\n|turn|1\n|inactive|Battle timer is ON: inactive players will automatically lose when time's up. (requested by arboretums)\n|\n|t:|1768853752\n|switch|p2a: Krookodile|Krookodile, L78, M|276/276\n|-ability|p2a: Krookodile|Intimidate|boost\n|-unboost|p1a: Lickilicky|atk|1\n|move|p1a: Lickilicky|Swords Dance|p1a: Lickilicky\n|-boost|p1a: Lickilicky|atk|2\n|\n|upkeep\n|turn|2\n|\n|t:|1768853757\n|move|p2a: Krookodile|Superpower|p1a: Lickilicky\n|-supereffective|p1a: Lickilicky\n|-damage|p1a: Lickilicky|142/337\n|-unboost|p2a: Krookodile|atk|1\n|-unboost|p2a: Krookodile|def|1\n|-damage|p2a: Krookodile|249/276|[from] item: Life Orb\n|move|p1a: Lickilicky|Power Whip|p2a: Krookodile\n|-supereffective|p2a: Krookodile\n|-damage|p2a: Krookodile|0 fnt\n|faint|p2a: Krookodile\n|\n|-heal|p1a: Lickilicky|163/337|[from] item: Leftovers\n|upkeep\n|inactive|lililiprapras has 120 seconds left.\n|\n|t:|1768853789\n|switch|p2a: Bouffalant|Bouffalant, L87, M|307/307\n|turn|3\n|\n|t:|1768853804\n|switch|p1a: Dustox|Dustox, L96, M|271/271\n|move|p2a: Bouffalant|Superpower|p1a: Dustox\n|-resisted|p1a: Dustox\n|-damage|p1a: Dustox|234/271\n|-unboost|p2a: Bouffalant|atk|1\n|-unboost|p2a: Bouffalant|def|1\n|\n|-heal|p1a: Dustox|250/271|[from] item: Black Sludge\n|upkeep\n|turn|4\n|\n|t:|1768853823\n|switch|p2a: Nidoqueen|Nidoqueen, L81, F|278/278\n|move|p1a: Dustox|Quiver Dance|p1a: Dustox\n|-boost|p1a: Dustox|spa|1\n|-boost|p1a: Dustox|spd|1\n|-boost|p1a: Dustox|spe|1\n|\n|-heal|p1a: Dustox|266/271|[from] item: Black Sludge\n|upkeep\n|turn|5\n|\n|t:|1768853829\n|move|p1a: Dustox|Hidden Power|p2a: Nidoqueen\n|-supereffective|p2a: Nidoqueen\n|-damage|p2a: Nidoqueen|166/278\n|move|p2a: Nidoqueen|Earth Power|p1a: Dustox\n|-damage|p1a: Dustox|191/271\n|\n|-heal|p1a: Dustox|207/271|[from] item: Black Sludge\n|upkeep\n|turn|6\n|\n|t:|1768853833\n|move|p1a: Dustox|Quiver Dance|p1a: Dustox\n|-boost|p1a: Dustox|spa|1\n|-boost|p1a: Dustox|spd|1\n|-boost|p1a: Dustox|spe|1\n|move|p2a: Nidoqueen|Earth Power|p1a: Dustox\n|-damage|p1a: Dustox|151/271\n|\n|-heal|p1a: Dustox|167/271|[from] item: Black Sludge\n|upkeep\n|turn|7\n|\n|t:|1768853839\n|switch|p2a: Bouffalant|Bouffalant, L87, M|307/307\n|move|p1a: Dustox|Roost|p1a: Dustox\n|-heal|p1a: Dustox|271/271\n|-singleturn|p1a: Dustox|move: Roost\n|\n|upkeep\n|turn|8\n|\n|t:|1768853842\n|move|p1a: Dustox|Sludge Bomb|p2a: Bouffalant\n|-crit|p2a: Bouffalant\n|-damage|p2a: Bouffalant|81/307\n|move|p2a: Bouffalant|Stone Edge|p1a: Dustox\n|-supereffective|p1a: Dustox\n|-damage|p1a: Dustox|0 fnt\n|faint|p1a: Dustox\n|\n|upkeep\n|\n|t:|1768853849\n|switch|p1a: Shiftry|Shiftry, L88, M|302/302\n|turn|9\n|\n|t:|1768853861\n|switch|p2a: Nidoqueen|Nidoqueen, L81, F|166/278\n|move|p1a: Shiftry|Knock Off|p2a: Nidoqueen\n|-damage|p2a: Nidoqueen|5/278\n|-enditem|p2a: Nidoqueen|Life Orb|[from] move: Knock Off|[of] p1a: Shiftry\n|-damage|p1a: Shiftry|272/302|[from] item: Life Orb\n|\n|upkeep\n|turn|10\n|\n|t:|1768853871\n|move|p1a: Shiftry|Knock Off|p2a: Nidoqueen\n|-damage|p2a: Nidoqueen|0 fnt\n|faint|p2a: Nidoqueen\n|-damage|p1a: Shiftry|242/302|[from] item: Life Orb\n|\n|upkeep\n|\n|t:|1768853882\n|switch|p2a: Delcatty|Delcatty, F|302/302\n|turn|11\n|\n|t:|1768853885\n|switch|p1a: Aggron|Aggron, L78, M|237/237\n|move|p2a: Delcatty|Toxic|p1a: Aggron\n|-immune|p1a: Aggron\n|\n|upkeep\n|turn|12\n|\n|t:|1768853896\n|switch|p2a: Pachirisu|Pachirisu, L95, F|268/268\n|detailschange|p1a: Aggron|Aggron-Mega, L78, M\n|-mega|p1a: Aggron|Aggron|Aggronite\n|move|p1a: Aggron|Heavy Slam|p2a: Pachirisu\n|-resisted|p2a: Pachirisu\n|-damage|p2a: Pachirisu|190/268\n|\n|-heal|p2a: Pachirisu|206/268|[from] item: Leftovers\n|upkeep\n|turn|13\n|\n|t:|1768853913\n|switch|p1a: Whiscash|Whiscash, L88, M|337/337\n|move|p2a: Pachirisu|Nuzzle|p1a: Whiscash\n|-immune|p1a: Whiscash\n|\n|-heal|p2a: Pachirisu|222/268|[from] item: Leftovers\n|upkeep\n|turn|14\n|\n|t:|1768853916\n|move|p2a: Pachirisu|Toxic|p1a: Whiscash\n|-status|p1a: Whiscash|tox\n|move|p1a: Whiscash|Toxic|p2a: Pachirisu|[miss]\n|-miss|p1a: Whiscash|p2a: Pachirisu\n|\n|-heal|p2a: Pachirisu|238/268|[from] item: Leftovers\n|-damage|p1a: Whiscash|316/337 tox|[from] psn\n|upkeep\n|turn|15\n|\n|t:|1768853932\n|switch|p2a: Delcatty|Delcatty, F|302/302\n|move|p1a: Whiscash|Earthquake|p2a: Delcatty\n|-damage|p2a: Delcatty|197/302\n|\n|-heal|p2a: Delcatty|215/302|[from] item: Leftovers\n|-heal|p1a: Whiscash|337/337 tox|[from] item: Leftovers\n|-damage|p1a: Whiscash|295/337 tox|[from] psn\n|upkeep\n|turn|16\n|\n|t:|1768853939\n|move|p1a: Whiscash|Protect|p1a: Whiscash\n|-singleturn|p1a: Whiscash|Protect\n|move|p2a: Delcatty|Double-Edge|p1a: Whiscash\n|-activate|p1a: Whiscash|move: Protect\n|\n|-heal|p2a: Delcatty|233/302|[from] item: Leftovers\n|-heal|p1a: Whiscash|316/337 tox|[from] item: Leftovers\n|-damage|p1a: Whiscash|253/337 tox|[from] psn\n|upkeep\n|turn|17\n|\n|t:|1768853961\n|switch|p2a: Pachirisu|Pachirisu, L95, F|238/268\n|move|p1a: Whiscash|Scald|p2a: Pachirisu\n|-damage|p2a: Pachirisu|174/268\n|\n|-heal|p2a: Pachirisu|190/268|[from] item: Leftovers\n|-heal|p1a: Whiscash|274/337 tox|[from] item: Leftovers\n|-damage|p1a: Whiscash|190/337 tox|[from] psn\n|upkeep\n|turn|18\n|\n|t:|1768853966\n|switch|p2a: Delcatty|Delcatty, F|233/302\n|move|p1a: Whiscash|Earthquake|p2a: Delcatty\n|-damage|p2a: Delcatty|121/302\n|\n|-heal|p2a: Delcatty|139/302|[from] item: Leftovers\n|-heal|p1a: Whiscash|211/337 tox|[from] item: Leftovers\n|-damage|p1a: Whiscash|106/337 tox|[from] psn\n|upkeep\n|turn|19\n|\n|t:|1768853976\n|switch|p1a: Aggron|Aggron-Mega, L78, M|237/237\n|move|p2a: Delcatty|Double-Edge|p1a: Aggron\n|-resisted|p1a: Aggron\n|-damage|p1a: Aggron|205/237\n|-damage|p2a: Delcatty|128/302|[from] Recoil\n|\n|-heal|p2a: Delcatty|146/302|[from] item: Leftovers\n|upkeep\n|turn|20\n|\n|t:|1768853983\n|switch|p2a: Pachirisu|Pachirisu, L95, F|190/268\n|move|p1a: Aggron|Earthquake|p2a: Pachirisu\n|-supereffective|p2a: Pachirisu\n|-damage|p2a: Pachirisu|8/268\n|\n|-heal|p2a: Pachirisu|24/268|[from] item: Leftovers\n|upkeep\n|turn|21\n|\n|t:|1768853989\n|switch|p1a: Whiscash|Whiscash, L88, M|106/337 tox\n|move|p2a: Pachirisu|Super Fang|p1a: Whiscash\n|-damage|p1a: Whiscash|53/337 tox\n|\n|-heal|p2a: Pachirisu|40/268|[from] item: Leftovers\n|-heal|p1a: Whiscash|74/337 tox|[from] item: Leftovers\n|-damage|p1a: Whiscash|53/337 tox|[from] psn\n|upkeep\n|turn|22\n|\n|t:|1768853997\n|switch|p2a: Delcatty|Delcatty, F|146/302\n|move|p1a: Whiscash|Scald|p2a: Delcatty\n|-damage|p2a: Delcatty|49/302\n|\n|-heal|p2a: Delcatty|67/302|[from] item: Leftovers\n|-heal|p1a: Whiscash|74/337 tox|[from] item: Leftovers\n|-damage|p1a: Whiscash|32/337 tox|[from] psn\n|upkeep\n|turn|23\n|\n|t:|1768854003\n|move|p2a: Delcatty|Double-Edge|p1a: Whiscash\n|-damage|p1a: Whiscash|0 fnt\n|faint|p1a: Whiscash\n|-damage|p2a: Delcatty|56/302|[from] Recoil\n|\n|-heal|p2a: Delcatty|74/302|[from] item: Leftovers\n|upkeep\n|\n|t:|1768854013\n|switch|p1a: Shiftry|Shiftry, L88, M|242/302\n|turn|24\n|\n|t:|1768854018\n|move|p1a: Shiftry|Sucker Punch||[still]\n|-fail|p1a: Shiftry\n|move|p2a: Delcatty|Toxic|p1a: Shiftry\n|-status|p1a: Shiftry|tox\n|\n|-heal|p2a: Delcatty|92/302|[from] item: Leftovers\n|-damage|p1a: Shiftry|224/302 tox|[from] psn\n|upkeep\n|turn|25\n|\n|t:|1768854025\n|switch|p1a: Aggron|Aggron-Mega, L78, M|205/237\n|move|p2a: Delcatty|Sucker Punch||[still]\n|-fail|p2a: Delcatty\n|\n|-heal|p2a: Delcatty|110/302|[from] item: Leftovers\n|upkeep\n|turn|26\n|\n|t:|1768854049\n|switch|p2a: Huntail|Huntail, L84, F|230/230\n|move|p1a: Aggron|Heavy Slam|p2a: Huntail\n|-resisted|p2a: Huntail\n|-damage|p2a: Huntail|162/230\n|\n|upkeep\n|turn|27\n|\n|t:|1768854054\n|move|p2a: Huntail|Shell Smash|p2a: Huntail\n|-unboost|p2a: Huntail|def|1\n|-unboost|p2a: Huntail|spd|1\n|-boost|p2a: Huntail|atk|2\n|-boost|p2a: Huntail|spa|2\n|-boost|p2a: Huntail|spe|2\n|-enditem|p2a: Huntail|White Herb\n|-clearnegativeboost|p2a: Huntail|[silent]\n|move|p1a: Aggron|Roar|p2a: Huntail\n|drag|p2a: Pachirisu|Pachirisu, L95, F|40/268\n|\n|-heal|p2a: Pachirisu|56/268|[from] item: Leftovers\n|upkeep\n|turn|28\n|\n|t:|1768854064\n|move|p2a: Pachirisu|Thunderbolt|p1a: Aggron\n|-damage|p1a: Aggron|124/237\n|move|p1a: Aggron|Heavy Slam|p2a: Pachirisu\n|-resisted|p2a: Pachirisu\n|-damage|p2a: Pachirisu|0 fnt\n|faint|p2a: Pachirisu\n|\n|upkeep\n|\n|t:|1768854070\n|switch|p2a: Bouffalant|Bouffalant, L87, M|81/307\n|turn|29\n|\n|t:|1768854074\n|move|p2a: Bouffalant|Superpower|p1a: Aggron\n|-supereffective|p1a: Aggron\n|-damage|p1a: Aggron|6/237\n|-unboost|p2a: Bouffalant|atk|1\n|-unboost|p2a: Bouffalant|def|1\n|move|p1a: Aggron|Heavy Slam|p2a: Bouffalant\n|-damage|p2a: Bouffalant|0 fnt\n|faint|p2a: Bouffalant\n|\n|upkeep\n|\n|t:|1768854079\n|switch|p2a: Delcatty|Delcatty, F|110/302\n|turn|30\n|\n|t:|1768854081\n|move|p2a: Delcatty|Double-Edge|p1a: Aggron\n|-resisted|p1a: Aggron\n|-damage|p1a: Aggron|0 fnt\n|faint|p1a: Aggron\n|detailschange|p1: Aggron|Aggron, L78, M|[silent]\n|-damage|p2a: Delcatty|108/302|[from] Recoil\n|\n|-heal|p2a: Delcatty|126/302|[from] item: Leftovers\n|upkeep\n|\n|t:|1768854089\n|switch|p1a: Palkia|Palkia, L73|252/252\n|-ability|p1a: Palkia|Pressure\n|turn|31\n|\n|t:|1768854092\n|move|p2a: Delcatty|Toxic|p1a: Palkia\n|-status|p1a: Palkia|tox\n|move|p1a: Palkia|Spacial Rend|p2a: Delcatty\n|-damage|p2a: Delcatty|0 fnt\n|faint|p2a: Delcatty\n|\n|-damage|p1a: Palkia|237/252 tox|[from] psn\n|upkeep\n|\n|t:|1768854095\n|switch|p2a: Huntail|Huntail, L84, F|162/230\n|turn|32\n|-message|lililiprapras forfeited.\n|\n|win|arboretums\n|raw|arboretums's rating: 1711 &rarr; <strong>1725</strong><br />(+14 for winning)\n|raw|lililiprapras's rating: 1603 &rarr; <strong>1589</strong><br />(-14 for losing)\n|l|☆lililiprapras\n|player|p2|\n", "inputlog": ">version 3bd1a1e329da8d286644078cfc9a9638fc7ea025\n>start {\"formatid\":\"gen6randombattle\",\"seed\":\"sodium,c18f0c944e47b2ebfe648741410b42ec\",\"rated\":\"Rated battle\"}\n>player p1 {\"name\":\"arboretums\",\"avatar\":\"serena-masters2\",\"rating\":1711,\"seed\":\"sodium,92e6f06ad72f1f8e327016c37e4cb398\"}\n>player p2 {\"name\":\"lililiprapras\",\"avatar\":\"unknown\",\"rating\":1603,\"seed\":\"sodium,361830b9deedcf472cc9f084884241af\"}\n>p1 move swordsdance\n>p2 switch 5\n>p1 move powerwhip\n>p2 move superpower\n>p2 switch 6\n>p1 switch 4\n>p2 move superpower\n>p1 move quiverdance\n>p2 switch 3\n>p1 move hiddenpower\n>p2 move earthpower\n>p1 move quiverdance\n>p2 move earthpower\n>p1 move roost\n>p2 switch 3\n>p1 move sludgebomb\n>p2 move stoneedge\n>p1 switch 3\n>p1 move knockoff\n>p2 switch 3\n>p1 move knockoff\n>p2 move icebeam\n>p2 switch 4\n>p1 switch 5\n>p2 move toxic\n>p1 move heavyslam mega\n>p2 switch 2\n>p1 switch 6\n>p2 move nuzzle\n>p1 move toxic\n>p2 move toxic\n>p1 move earthquake\n>p2 switch 2\n>p1 move protect\n>p2 move doubleedge\n>p1 move scald\n>p2 switch 2\n>p1 move earthquake\n>p2 switch 2\n>p1 switch 6\n>p2 move doubleedge\n>p1 move earthquake\n>p2 switch 2\n>p1 switch 6\n>p2 move superfang\n>p1 move scald\n>p2 switch 2\n>p1 move scald\n>p2 move doubleedge\n>p1 switch 5\n>p1 move suckerpunch\n>p2 move toxic\n>p1 switch 6\n>p2 move suckerpunch\n>p1 move heavyslam\n>p2 switch 5\n>p1 move roar\n>p2 move shellsmash\n>p1 move heavyslam\n>p2 move thunderbolt\n>p2 switch 3\n>p1 move heavyslam\n>p2 move superpower\n>p2 switch 5\n>p1 move stealthrock\n>p2 move doubleedge\n>p1 switch 2\n>p1 move spacialrend\n>p2 move toxic\n>p2 switch 2\n>forcelose p2", "uploadtime": 1768854101, "views": 310, "formatid": "gen6randombattle", "rating": 1589, "private": 0, "password": null}