{"id": "gen6randombattle-2517122935", "format": "[Gen 6] Random Battle", "players": ["fy8seasiders", "arboretums"], "log": "|j|☆fy8seasiders\n|j|☆arboretums\n|t:|1768231037\n|gametype|singles\n|player|p1|fy8seasiders|169|1563\n|player|p2|arboretums|whitney-masters|1640\n|gen|6\n|tier|[Gen 6] Random Battle\n|rated|\n|rule|Sleep Clause Mod: Limit one foe put to sleep\n|rule|HP Percentage Mod: HP is shown in percentages\n|rule|Illusion Level Mod: Illusion disguises the Pokémon's true level\n|\n|t:|1768231037\n|teamsize|p1|6\n|teamsize|p2|6\n|start\n|switch|p1a: Mew|Mew, L80|291/291\n|switch|p2a: Venomoth|Venomoth, L84, M|255/255\n|turn|1\n|inactive|Battle timer is ON: inactive players will automatically lose when time's up. (requested by fy8seasiders)\n|\n|t:|1768231057\n|switch|p2a: Yveltal|Yveltal, L69|288/288\n|-ability|p2a: Yveltal|Dark Aura\n|move|p1a: Mew|Zen Headbutt|p2a: Yveltal\n|-immune|p2a: Yveltal\n|\n|upkeep\n|turn|2\n|\n|t:|1768231072\n|switch|p1a: Altaria|Altaria, L78, F|245/245\n|move|p2a: Yveltal|Knock Off|p1a: Altaria\n|-damage|p1a: Altaria|166/245\n|\n|upkeep\n|turn|3\n|\n|t:|1768231086\n|switch|p2a: Nidoqueen|Nidoqueen, L81, F|278/278\n|detailschange|p1a: Altaria|Altaria-Mega, L78, F\n|-mega|p1a: Altaria|Altaria|Altarianite\n|move|p1a: Altaria|Dragon Dance|p1a: Altaria\n|-boost|p1a: Altaria|atk|1\n|-boost|p1a: Altaria|spe|1\n|\n|upkeep\n|turn|4\n|\n|t:|1768231101\n|move|p1a: Altaria|Earthquake|p2a: Nidoqueen\n|-supereffective|p2a: Nidoqueen\n|-damage|p2a: Nidoqueen|52/278\n|move|p2a: Nidoqueen|Sludge Wave|p1a: Altaria\n|-supereffective|p1a: Altaria\n|-damage|p1a: Altaria|0 fnt\n|faint|p1a: Altaria\n|detailschange|p1: Altaria|Altaria, L78, F|[silent]\n|\n|upkeep\n|inactive|fy8seasiders has 120 seconds left.\n|\n|t:|1768231127\n|switch|p1a: Goodra|Goodra, L85, M|292/292\n|turn|5\n|inactive|fy8seasiders has 120 seconds left.\n|\n|t:|1768231145\n|switch|p2a: Absol|Absol, L84, M|246/246\n|move|p1a: Goodra|Dragon Tail|p2a: Absol\n|-damage|p2a: Absol|164/246\n|drag|p2a: Girafarig|Girafarig, L93, F|281/281\n|\n|upkeep\n|turn|6\n|inactive|fy8seasiders has 120 seconds left.\n|\n|t:|1768231159\n|move|p2a: Girafarig|Dazzling Gleam|p1a: Goodra\n|-supereffective|p1a: Goodra\n|-damage|p1a: Goodra|214/292\n|-damage|p2a: Girafarig|253/281|[from] item: Life Orb\n|move|p1a: Goodra|Draco Meteor|p2a: Girafarig\n|-damage|p2a: Girafarig|78/281\n|-unboost|p1a: Goodra|spa|2\n|\n|upkeep\n|turn|7\n|inactive|fy8seasiders has 120 seconds left.\n|\n|t:|1768231175\n|move|p2a: Girafarig|Dazzling Gleam|p1a: Goodra\n|-supereffective|p1a: Goodra\n|-damage|p1a: Goodra|144/292\n|-damage|p2a: Girafarig|50/281|[from] item: Life Orb\n|move|p1a: Goodra|Dragon Tail|p2a: Girafarig\n|-damage|p2a: Girafarig|0 fnt\n|faint|p2a: Girafarig\n|\n|upkeep\n|\n|t:|1768231177\n|switch|p2a: Absol|Absol, L84, M|164/246\n|turn|8\n|\n|t:|1768231191\n|move|p2a: Absol|Knock Off|p1a: Goodra\n|-damage|p1a: Goodra|0 fnt\n|-enditem|p1a: Goodra|Assault Vest|[from] move: Knock Off|[of] p2a: Absol\n|faint|p1a: Goodra\n|-damage|p2a: Absol|140/246|[from] item: Life Orb\n|\n|upkeep\n|inactive|fy8seasiders has 120 seconds left.\n|\n|t:|1768231212\n|switch|p1a: Huntail|Huntail, L84, F|230/230\n|turn|9\n|\n|t:|1768231225\n|move|p2a: Absol|Knock Off|p1a: Huntail\n|-damage|p1a: Huntail|81/230\n|-enditem|p1a: Huntail|White Herb|[from] move: Knock Off|[of] p2a: Absol\n|-damage|p2a: Absol|116/246|[from] item: Life Orb\n|move|p1a: Huntail|Shell Smash|p1a: Huntail\n|-unboost|p1a: Huntail|def|1\n|-unboost|p1a: Huntail|spd|1\n|-boost|p1a: Huntail|atk|2\n|-boost|p1a: Huntail|spa|2\n|-boost|p1a: Huntail|spe|2\n|\n|upkeep\n|turn|10\n|\n|t:|1768231234\n|move|p1a: Huntail|Sucker Punch|p2a: Absol\n|-resisted|p2a: Absol\n|-damage|p2a: Absol|43/246\n|-ability|p2a: Absol|Justified|boost\n|-boost|p2a: Absol|atk|1\n|move|p2a: Absol|Sucker Punch||[still]\n|-fail|p2a: Absol\n|\n|upkeep\n|turn|11\n|c|☆arboretums|wth\n|\n|t:|1768231248\n|move|p1a: Huntail|Sucker Punch|p2a: Absol\n|-resisted|p2a: Absol\n|-damage|p2a: Absol|0 fnt\n|faint|p2a: Absol\n|\n|upkeep\n|c|☆arboretums|I don't get it\n|c|☆fy8seasiders|because im faster\n|c|☆arboretums|:(\n|c|☆fy8seasiders|bit of a weird interaction ik\n|\n|t:|1768231267\n|switch|p2a: Venomoth|Venomoth, L84, M|255/255\n|turn|12\n|c|☆arboretums|okay\n|\n|t:|1768231280\n|move|p1a: Huntail|Waterfall|p2a: Venomoth\n|-damage|p2a: Venomoth|38/255\n|move|p2a: Venomoth|Bug Buzz|p1a: Huntail\n|-damage|p1a: Huntail|0 fnt\n|faint|p1a: Huntail\n|\n|-heal|p2a: Venomoth|53/255|[from] item: Black Sludge\n|upkeep\n|\n|t:|1768231295\n|switch|p1a: Mew|Mew, L80|291/291\n|turn|13\n|inactive|fy8seasiders has 120 seconds left.\n|\n|t:|1768231318\n|move|p1a: Mew|Swords Dance|p1a: Mew\n|-boost|p1a: Mew|atk|2\n|move|p2a: Venomoth|Quiver Dance|p2a: Venomoth\n|-boost|p2a: Venomoth|spa|1\n|-boost|p2a: Venomoth|spd|1\n|-boost|p2a: Venomoth|spe|1\n|\n|-heal|p2a: Venomoth|68/255|[from] item: Black Sludge\n|upkeep\n|turn|14\n|inactive|fy8seasiders has 120 seconds left.\n|\n|t:|1768231324\n|move|p2a: Venomoth|Bug Buzz|p1a: Mew\n|-supereffective|p1a: Mew\n|-damage|p1a: Mew|49/291\n|move|p1a: Mew|Knock Off|p2a: Venomoth\n|-damage|p2a: Venomoth|0 fnt\n|-enditem|p2a: Venomoth|Black Sludge|[from] move: Knock Off|[of] p1a: Mew\n|faint|p2a: Venomoth\n|-damage|p1a: Mew|20/291|[from] item: Life Orb\n|\n|upkeep\n|\n|t:|1768231328\n|switch|p2a: Medicham|Medicham, L77, M|219/219\n|turn|15\n|\n|t:|1768231336\n|move|p2a: Medicham|Fake Out|p1a: Mew\n|-damage|p1a: Mew|0 fnt\n|faint|p1a: Mew\n|\n|upkeep\n|\n|t:|1768231342\n|switch|p1a: Kingler|Kingler, L89, M|243/243\n|turn|16\n|inactive|fy8seasiders has 120 seconds left.\n|\n|t:|1768231369\n|detailschange|p2a: Medicham|Medicham-Mega, L77, M\n|-mega|p2a: Medicham|Medicham|Medichamite\n|move|p1a: Kingler|Crabhammer|p2a: Medicham|[miss]\n|-miss|p1a: Kingler|p2a: Medicham\n|move|p2a: Medicham|High Jump Kick|p1a: Kingler\n|-damage|p1a: Kingler|57/243\n|\n|upkeep\n|turn|17\n|inactive|fy8seasiders has 120 seconds left.\n|c|☆arboretums|u shoudl have agility\n|c|☆fy8seasiders|i didnt think about mega evolving\n|c|☆fy8seasiders|damn\n|c|☆fy8seasiders|also didnt think crabhammer would miss lol\n|c|☆arboretums|ya I was trying to keep it hidden for a sec\n|inactive|fy8seasiders has 90 seconds left.\n|\n|t:|1768231406\n|move|p2a: Medicham|Zen Headbutt|p1a: Kingler\n|-damage|p1a: Kingler|0 fnt\n|faint|p1a: Kingler\n|\n|upkeep\n|\n|t:|1768231408\n|switch|p1a: Heatran|Heatran, L78, M|270/270\n|turn|18\n|c|☆arboretums|yea as long as theres rng it wont fully be skill based\n|\n|t:|1768231417\n|move|p1a: Heatran|Protect|p1a: Heatran\n|-singleturn|p1a: Heatran|Protect\n|move|p2a: Medicham|High Jump Kick|p1a: Heatran\n|-activate|p1a: Heatran|move: Protect\n|-damage|p2a: Medicham|110/219|[from] highjumpkick\n|\n|upkeep\n|turn|19\n|\n|t:|1768231424\n|move|p1a: Heatran|Protect||[still]\n|-fail|p1a: Heatran\n|move|p2a: Medicham|High Jump Kick|p1a: Heatran\n|-supereffective|p1a: Heatran\n|-damage|p1a: Heatran|0 fnt\n|faint|p1a: Heatran\n|\n|win|arboretums\n|raw|fy8seasiders's rating: 1563 &rarr; <strong>1547</strong><br />(-16 for losing)\n|raw|arboretums's rating: 1640 &rarr; <strong>1656</strong><br />(+16 for winning)\n|c|☆arboretums|gg wp bro\n|c|☆fy8seasiders|gg wp\n", "inputlog": ">version f2883557ca71b1a14bc1039fd307aee7de4ab455\n>start {\"formatid\":\"gen6randombattle\",\"seed\":\"sodium,c787d6e671199c86fcef47041f4f2f67\",\"rated\":\"Rated battle\"}\n>player p1 {\"name\":\"fy8seasiders\",\"avatar\":\"169\",\"rating\":1563,\"seed\":\"sodium,47fc0b4892fe33f086231bded988834e\"}\n>player p2 {\"name\":\"arboretums\",\"avatar\":\"whitney-masters\",\"rating\":1640,\"seed\":\"sodium,0d159712abdffb8c4a1c8958531b5e06\"}\n>p1 move zenheadbutt\n>p2 switch 5\n>p1 switch 5\n>p2 move knockoff\n>p1 move dragondance mega\n>p2 switch 4\n>p1 move earthquake\n>p2 move sludgewave\n>p1 switch 3\n>p1 move dragontail\n>p2 switch 3\n>p1 move dracometeor\n>p2 move dazzlinggleam\n>p1 move dragontail\n>p2 move dazzlinggleam\n>p2 switch 2\n>p1 move dragontail\n>p2 move knockoff\n>p1 switch 4\n>p1 move shellsmash\n>p2 move knockoff\n>p1 move suckerpunch\n>p2 move suckerpunch\n>chat ☆arboretums|wth\n>p1 move suckerpunch\n>p2 move suckerpunch\n>chat ☆arboretums|I don't get it\n>chat ☆fy8seasiders|because im faster\n>chat ☆arboretums|:(\n>chat ☆fy8seasiders|bit of a weird interaction ik\n>p2 switch 5\n>chat ☆arboretums|okay\n>p1 move waterfall\n>p2 move bugbuzz\n>p1 switch 5\n>p1 move swordsdance\n>p2 move quiverdance\n>p1 move knockoff\n>p2 move bugbuzz\n>p2 switch 6\n>p1 move zenheadbutt\n>p2 move fakeout\n>p1 switch 2\n>p1 move crabhammer\n>p2 move highjumpkick mega\n>chat ☆arboretums|u shoudl have agility\n>chat ☆fy8seasiders|i didnt think about mega evolving\n>chat ☆fy8seasiders|damn\n>chat ☆fy8seasiders|also didnt think crabhammer would miss lol\n>chat ☆arboretums|ya I was trying to keep it hidden for a sec\n>p1 move crabhammer\n>p2 move zenheadbutt\n>p1 switch 6\n>chat ☆arboretums|yea as long as theres rng it wont fully be skill based\n>p1 move protect\n>p2 move highjumpkick\n>p1 move protect\n>p2 move highjumpkick", "uploadtime": 1768231429, "views": 223, "formatid": "gen6randombattle", "rating": 1547, "private": 0, "password": null}