{"id": "gen6randombattle-2520133415", "format": "[Gen 6] Random Battle", "players": ["lukasehrlich1", "arboretums"], "log": "|j|☆lukasehrlich1\n|j|☆arboretums\n|t:|1768591636\n|gametype|singles\n|player|p1|lukasehrlich1|lucas|1539\n|player|p2|arboretums|serena-masters2|1625\n|gen|6\n|tier|[Gen 6] Random Battle\n|rated|\n|rule|Sleep Clause Mod: Limit one foe put to sleep\n|rule|HP Percentage Mod: HP is shown in percentages\n|rule|Illusion Level Mod: Illusion disguises the Pokémon's true level\n|\n|t:|1768591636\n|teamsize|p1|6\n|teamsize|p2|6\n|start\n|switch|p1a: Chatot|Chatot, L86, M|271/271\n|switch|p2a: Kabutops|Kabutops, L87, F|246/246\n|turn|1\n|\n|t:|1768591647\n|switch|p1a: Politoed|Politoed, L86, F|295/295\n|-weather|RainDance|[from] ability: Drizzle|[of] p1a: Politoed\n|move|p2a: Kabutops|Stone Edge|p1a: Politoed\n|-damage|p1a: Politoed|99/295\n|-damage|p2a: Kabutops|222/246|[from] item: Life Orb\n|\n|-weather|RainDance|[upkeep]\n|-heal|p1a: Politoed|117/295|[from] item: Leftovers\n|upkeep\n|turn|2\n|inactive|Battle timer is ON: inactive players will automatically lose when time's up. (requested by arboretums)\n|\n|t:|1768591656\n|move|p2a: Kabutops|Knock Off|p1a: Politoed\n|-damage|p1a: Politoed|0 fnt\n|-enditem|p1a: Politoed|Leftovers|[from] move: Knock Off|[of] p2a: Kabutops\n|faint|p1a: Politoed\n|-damage|p2a: Kabutops|198/246|[from] item: Life Orb\n|\n|-weather|RainDance|[upkeep]\n|upkeep\n|\n|t:|1768591668\n|switch|p1a: Bastiodon|Bastiodon, L95, F|268/268\n|-item|p1a: Bastiodon|Air Balloon\n|turn|3\n|\n|t:|1768591673\n|move|p2a: Kabutops|Waterfall|p1a: Bastiodon\n|-supereffective|p1a: Bastiodon\n|-damage|p1a: Bastiodon|47/268\n|-enditem|p1a: Bastiodon|Air Balloon\n|-damage|p2a: Kabutops|174/246|[from] item: Life Orb\n|move|p1a: Bastiodon|Metal Burst|p2a: Kabutops\n|-damage|p2a: Kabutops|0 fnt\n|faint|p2a: Kabutops\n|\n|-weather|RainDance|[upkeep]\n|upkeep\n|\n|t:|1768591696\n|switch|p2a: Flygon|Flygon, L83, M|268/268\n|turn|4\n|\n|t:|1768591702\n|move|p2a: Flygon|Outrage|p1a: Bastiodon\n|-resisted|p1a: Bastiodon\n|-damage|p1a: Bastiodon|0 fnt\n|faint|p1a: Bastiodon\n|\n|-weather|RainDance|[upkeep]\n|upkeep\n|\n|t:|1768591706\n|switch|p1a: Escavalier|Escavalier, L84, M|255/255\n|turn|5\n|\n|t:|1768591709\n|move|p2a: Flygon|Outrage|p1a: Escavalier|[from] lockedmove\n|-resisted|p1a: Escavalier\n|-crit|p1a: Escavalier\n|-damage|p1a: Escavalier|120/255\n|move|p1a: Escavalier|Swords Dance|p1a: Escavalier\n|-boost|p1a: Escavalier|atk|2\n|\n|-weather|none\n|-heal|p1a: Escavalier|135/255|[from] item: Leftovers\n|upkeep\n|turn|6\n|\n|t:|1768591716\n|move|p2a: Flygon|Outrage|p1a: Escavalier|[from] lockedmove\n|-resisted|p1a: Escavalier\n|-damage|p1a: Escavalier|48/255\n|-start|p2a: Flygon|confusion|[fatigue]\n|move|p1a: Escavalier|Megahorn|p2a: Flygon|[miss]\n|-miss|p1a: Escavalier|p2a: Flygon\n|\n|-heal|p1a: Escavalier|63/255|[from] item: Leftovers\n|upkeep\n|turn|7\n|\n|t:|1768591719\n|-activate|p2a: Flygon|confusion\n|-damage|p2a: Flygon|236/268|[from] confusion\n|move|p1a: Escavalier|Megahorn|p2a: Flygon\n|-damage|p2a: Flygon|0 fnt\n|faint|p2a: Flygon\n|\n|-heal|p1a: Escavalier|78/255|[from] item: Leftovers\n|upkeep\n|\n|t:|1768591721\n|switch|p2a: Typhlosion|Typhlosion, L84, F|267/267\n|turn|8\n|\n|t:|1768591726\n|move|p2a: Typhlosion|Eruption|p1a: Escavalier\n|-supereffective|p1a: Escavalier\n|-damage|p1a: Escavalier|0 fnt\n|faint|p1a: Escavalier\n|\n|upkeep\n|\n|t:|1768591728\n|switch|p1a: Marowak|Marowak, L88, F|249/249\n|turn|9\n|\n|t:|1768591736\n|switch|p2a: Mamoswine|Mamoswine, L78, F|300/300\n|move|p1a: Marowak|Earthquake|p2a: Mamoswine\n|-damage|p2a: Mamoswine|66/300\n|\n|upkeep\n|turn|10\n|\n|t:|1768591749\n|move|p2a: Mamoswine|Icicle Crash|p1a: Marowak\n|-supereffective|p1a: Marowak\n|-damage|p1a: Marowak|31/249\n|cant|p1a: Marowak|flinch\n|\n|upkeep\n|turn|11\n|\n|t:|1768591752\n|move|p2a: Mamoswine|Icicle Crash|p1a: Marowak\n|-supereffective|p1a: Marowak\n|-damage|p1a: Marowak|0 fnt\n|faint|p1a: Marowak\n|\n|upkeep\n|\n|t:|1768591755\n|switch|p1a: Sigilyph|Sigilyph, L83, F|255/255\n|turn|12\n|\n|t:|1768591758\n|move|p1a: Sigilyph|Psyshock|p2a: Mamoswine\n|-damage|p2a: Mamoswine|0 fnt\n|faint|p2a: Mamoswine\n|\n|upkeep\n|c|☆arboretums|why?\n|c|☆arboretums|o\n|\n|t:|1768591769\n|switch|p2a: Bouffalant|Bouffalant, L87, M|307/307\n|turn|13\n|c|☆lukasehrlich1|Why what\n|c|☆arboretums|nvm\n|\n|t:|1768591785\n|move|p1a: Sigilyph|Calm Mind|p1a: Sigilyph\n|-boost|p1a: Sigilyph|spa|1\n|-boost|p1a: Sigilyph|spd|1\n|move|p2a: Bouffalant|Swords Dance|p2a: Bouffalant\n|-boost|p2a: Bouffalant|atk|2\n|\n|upkeep\n|turn|14\n|\n|t:|1768591790\n|move|p1a: Sigilyph|Air Slash|p2a: Bouffalant\n|-damage|p2a: Bouffalant|154/307\n|move|p2a: Bouffalant|Stone Edge|p1a: Sigilyph\n|-supereffective|p1a: Sigilyph\n|-damage|p1a: Sigilyph|0 fnt\n|faint|p1a: Sigilyph\n|\n|-heal|p2a: Bouffalant|173/307|[from] item: Leftovers\n|upkeep\n|\n|t:|1768591795\n|switch|p1a: Chatot|Chatot, L86, M|271/271\n|turn|15\n|\n|t:|1768591798\n|move|p1a: Chatot|Chatter|p2a: Bouffalant\n|-damage|p2a: Bouffalant|94/307\n|-start|p2a: Bouffalant|confusion\n|-damage|p1a: Chatot|244/271|[from] item: Life Orb\n|-activate|p2a: Bouffalant|confusion\n|move|p2a: Bouffalant|Superpower|p1a: Chatot\n|-crit|p1a: Chatot\n|-damage|p1a: Chatot|0 fnt\n|-unboost|p2a: Bouffalant|atk|1\n|-unboost|p2a: Bouffalant|def|1\n|faint|p1a: Chatot\n|\n|win|arboretums\n|raw|lukasehrlich1's rating: 1539 &rarr; <strong>1524</strong><br />(-15 for losing)\n|raw|arboretums's rating: 1625 &rarr; <strong>1640</strong><br />(+15 for winning)\n", "inputlog": ">version 3bd1a1e329da8d286644078cfc9a9638fc7ea025\n>start {\"formatid\":\"gen6randombattle\",\"seed\":\"sodium,69831bc21c37ac4c2248468dd3c396e7\",\"rated\":\"Rated battle\"}\n>player p1 {\"name\":\"lukasehrlich1\",\"avatar\":\"lucas\",\"rating\":1539,\"seed\":\"sodium,432a48ef4751d9e06676727b451119ed\"}\n>player p2 {\"name\":\"arboretums\",\"avatar\":\"serena-masters2\",\"rating\":1625,\"seed\":\"sodium,281b049c5151f3b4b353729c9b5eee4a\"}\n>p1 switch 2\n>p2 move stoneedge\n>p1 move scald\n>p2 move knockoff\n>p1 switch 5\n>p1 move metalburst\n>p2 move waterfall\n>p2 switch 4\n>p1 move stealthrock\n>p2 move outrage\n>p1 switch 4\n>p1 move swordsdance\n>p2 move outrage\n>p1 move megahorn\n>p2 move outrage\n>p1 move megahorn\n>p2 move outrage\n>p2 switch 5\n>p1 move drillrun\n>p2 move eruption\n>p1 switch 6\n>p1 move earthquake\n>p2 switch 2\n>p1 move earthquake\n>p2 move iciclecrash\n>p1 move earthquake\n>p2 move iciclecrash\n>p1 switch 3\n>p1 move psyshock\n>p2 move iciclecrash\n>chat ☆arboretums|why?\n>chat ☆arboretums|o\n>p2 switch 3\n>chat ☆lukasehrlich1|Why what \n>chat ☆arboretums|nvm\n>p1 move calmmind\n>p2 move swordsdance\n>p1 move airslash\n>p2 move stoneedge\n>p1 switch 2\n>p1 move chatter\n>p2 move superpower", "uploadtime": 1768591799, "views": 291, "formatid": "gen6randombattle", "rating": 1524, "private": 0, "password": null}