{"id": "gen6randombattle-2519509753", "format": "[Gen 6] Random Battle", "players": ["finpeekn", "arboretums"], "log": "|j|☆finpeekn\n|j|☆arboretums\n|t:|1768512649\n|gametype|singles\n|player|p1|finpeekn|lorelei-lgpe|1569\n|player|p2|arboretums|serena-masters2|1610\n|gen|6\n|tier|[Gen 6] Random Battle\n|rated|\n|rule|Sleep Clause Mod: Limit one foe put to sleep\n|rule|HP Percentage Mod: HP is shown in percentages\n|rule|Illusion Level Mod: Illusion disguises the Pokémon's true level\n|\n|t:|1768512649\n|teamsize|p1|6\n|teamsize|p2|6\n|start\n|switch|p1a: Clefable|Clefable, L80, F|283/283\n|switch|p2a: Krookodile|Krookodile, L78, F|276/276\n|-ability|p2a: Krookodile|Intimidate|boost\n|-unboost|p1a: Clefable|atk|1\n|turn|1\n|inactive|Battle timer is ON: inactive players will automatically lose when time's up. (requested by finpeekn)\n|\n|t:|1768512665\n|switch|p2a: Entei|Entei, L77|303/303\n|-ability|p2a: Entei|Pressure\n|move|p1a: Clefable|Stealth Rock|p2a: Entei\n|-sidestart|p2: arboretums|move: Stealth Rock\n|\n|upkeep\n|turn|2\n|\n|t:|1768512669\n|move|p2a: Entei|Sacred Fire|p1a: Clefable\n|-damage|p1a: Clefable|115/283\n|-status|p1a: Clefable|brn\n|move|p1a: Clefable|Thunder Wave|p2a: Entei\n|-status|p2a: Entei|par\n|\n|-heal|p1a: Clefable|132/283 brn|[from] item: Leftovers\n|-damage|p1a: Clefable|97/283 brn|[from] brn\n|upkeep\n|turn|3\n|\n|t:|1768512681\n|move|p1a: Clefable|Soft-Boiled|p1a: Clefable\n|-heal|p1a: Clefable|239/283 brn\n|move|p2a: Entei|Sacred Fire|p1a: Clefable\n|-damage|p1a: Clefable|52/283 brn\n|\n|-heal|p1a: Clefable|69/283 brn|[from] item: Leftovers\n|-damage|p1a: Clefable|34/283 brn|[from] brn\n|upkeep\n|turn|4\n|\n|t:|1768512692\n|switch|p1a: Entei|Entei, L77|303/303\n|-ability|p1a: Entei|Pressure\n|move|p2a: Entei|Sacred Fire|p1a: Entei\n|-resisted|p1a: Entei\n|-crit|p1a: Entei\n|-damage|p1a: Entei|181/303\n|\n|upkeep\n|turn|5\n|\n|t:|1768512696\n|move|p1a: Entei|Stone Edge|p2a: Entei\n|-supereffective|p2a: Entei\n|-damage|p2a: Entei|57/303 par\n|move|p2a: Entei|Sacred Fire|p1a: Entei\n|-resisted|p1a: Entei\n|-damage|p1a: Entei|92/303\n|\n|upkeep\n|turn|6\n|\n|t:|1768512703\n|move|p1a: Entei|Stone Edge|p2a: Entei\n|-supereffective|p2a: Entei\n|-damage|p2a: Entei|0 fnt\n|faint|p2a: Entei\n|\n|upkeep\n|\n|t:|1768512710\n|switch|p2a: Basculin|Basculin-Blue-Striped, L86, F|261/261\n|-damage|p2a: Basculin|229/261|[from] Stealth Rock\n|turn|7\n|\n|t:|1768512715\n|move|p2a: Basculin|Waterfall|p1a: Entei\n|-supereffective|p1a: Entei\n|-damage|p1a: Entei|0 fnt\n|faint|p1a: Entei\n|\n|upkeep\n|\n|t:|1768512718\n|switch|p1a: Sceptile|Sceptile, L81, M|246/246\n|turn|8\n|\n|t:|1768512727\n|switch|p2a: Braviary|Braviary, L82, M|298/298\n|-damage|p2a: Braviary|224/298|[from] Stealth Rock\n|detailschange|p1a: Sceptile|Sceptile-Mega, L81, M\n|-mega|p1a: Sceptile|Sceptile|Sceptilite\n|move|p1a: Sceptile|Substitute|p1a: Sceptile\n|-start|p1a: Sceptile|Substitute\n|-damage|p1a: Sceptile|185/246\n|\n|-heal|p2a: Braviary|242/298|[from] item: Leftovers\n|upkeep\n|turn|9\n|\n|t:|1768512736\n|move|p1a: Sceptile|Dragon Pulse|p2a: Braviary\n|-damage|p2a: Braviary|112/298\n|move|p2a: Braviary|Brave Bird|p1a: Sceptile\n|-supereffective|p1a: Sceptile\n|-end|p1a: Sceptile|Substitute\n|-damage|p2a: Braviary|92/298|[from] Recoil|[of] p1a: Sceptile\n|\n|-heal|p2a: Braviary|110/298|[from] item: Leftovers\n|upkeep\n|turn|10\n|\n|t:|1768512743\n|move|p1a: Sceptile|Dragon Pulse|p2a: Braviary\n|-damage|p2a: Braviary|0 fnt\n|faint|p2a: Braviary\n|\n|upkeep\n|\n|t:|1768512753\n|switch|p2a: Mismagius|Mismagius, L85, F|241/241\n|-damage|p2a: Mismagius|211/241|[from] Stealth Rock\n|turn|11\n|\n|t:|1768512763\n|move|p1a: Sceptile|Dragon Pulse|p2a: Mismagius\n|-damage|p2a: Mismagius|106/241\n|move|p2a: Mismagius|Dazzling Gleam|p1a: Sceptile\n|-supereffective|p1a: Sceptile\n|-damage|p1a: Sceptile|0 fnt\n|faint|p1a: Sceptile\n|detailschange|p1: Sceptile|Sceptile, L81, M|[silent]\n|-damage|p2a: Mismagius|82/241|[from] item: Life Orb\n|\n|upkeep\n|\n|t:|1768512779\n|switch|p1a: Deoxys|Deoxys-Attack, L72|191/191\n|-ability|p1a: Deoxys|Pressure\n|turn|12\n|\n|t:|1768512787\n|switch|p2a: Chesnaught|Chesnaught, L86, F|292/292\n|-damage|p2a: Chesnaught|274/292|[from] Stealth Rock\n|move|p1a: Deoxys|Knock Off|p2a: Chesnaught\n|-resisted|p2a: Chesnaught\n|-damage|p2a: Chesnaught|230/292\n|-enditem|p2a: Chesnaught|Leftovers|[from] move: Knock Off|[of] p1a: Deoxys\n|-damage|p1a: Deoxys|172/191|[from] item: Life Orb\n|\n|upkeep\n|turn|13\n|\n|t:|1768512800\n|switch|p2a: Krookodile|Krookodile, L78, F|276/276\n|-damage|p2a: Krookodile|259/276|[from] Stealth Rock\n|-ability|p2a: Krookodile|Intimidate|boost\n|-unboost|p1a: Deoxys|atk|1\n|move|p1a: Deoxys|Psycho Boost|p2a: Krookodile\n|-immune|p2a: Krookodile\n|\n|upkeep\n|turn|14\n|\n|t:|1768512805\n|-activate|p1a: Deoxys|move: Pursuit\n|move|p2a: Krookodile|Pursuit|p1a: Deoxys|[from] Pursuit\n|-supereffective|p1a: Deoxys\n|-damage|p1a: Deoxys|0 fnt\n|faint|p1a: Deoxys\n|-hint|A Pokemon can't switch between when it runs out of HP and when it faints\n|\n|upkeep\n|\n|t:|1768512807\n|switch|p1a: Primeape|Primeape, L87, M|255/255\n|turn|15\n|\n|t:|1768512814\n|switch|p2a: Mismagius|Mismagius, L85, F|82/241\n|-damage|p2a: Mismagius|52/241|[from] Stealth Rock\n|move|p1a: Primeape|Stone Edge|p2a: Mismagius\n|-damage|p2a: Mismagius|0 fnt\n|faint|p2a: Mismagius\n|\n|upkeep\n|\n|t:|1768512820\n|switch|p2a: Basculin|Basculin-Blue-Striped, L86, F|229/261\n|-damage|p2a: Basculin|197/261|[from] Stealth Rock\n|turn|16\n|\n|t:|1768512825\n|switch|p1a: Porygon2|Porygon2, L81|270/270\n|-ability|p1a: Porygon2|Download|boost\n|-boost|p1a: Porygon2|spa|1\n|move|p2a: Basculin|Waterfall|p1a: Porygon2\n|-damage|p1a: Porygon2|160/270\n|\n|upkeep\n|turn|17\n|\n|t:|1768512833\n|move|p2a: Basculin|Waterfall|p1a: Porygon2\n|-damage|p1a: Porygon2|52/270\n|move|p1a: Porygon2|Tri Attack|p2a: Basculin\n|-damage|p2a: Basculin|17/261\n|\n|upkeep\n|turn|18\n|\n|t:|1768512841\n|move|p2a: Basculin|Waterfall|p1a: Porygon2\n|-damage|p1a: Porygon2|0 fnt\n|faint|p1a: Porygon2\n|\n|upkeep\n|\n|t:|1768512843\n|switch|p1a: Primeape|Primeape, L87, M|255/255\n|turn|19\n|\n|t:|1768512846\n|move|p1a: Primeape|Gunk Shot|p2a: Basculin|[miss]\n|-miss|p1a: Primeape|p2a: Basculin\n|move|p2a: Basculin|Waterfall|p1a: Primeape\n|-damage|p1a: Primeape|39/255\n|\n|upkeep\n|turn|20\n|\n|t:|1768512849\n|move|p1a: Primeape|Gunk Shot|p2a: Basculin\n|-damage|p2a: Basculin|0 fnt\n|faint|p2a: Basculin\n|\n|upkeep\n|\n|t:|1768512850\n|switch|p2a: Krookodile|Krookodile, L78, F|259/276\n|-damage|p2a: Krookodile|242/276|[from] Stealth Rock\n|-ability|p2a: Krookodile|Intimidate|boost\n|-unboost|p1a: Primeape|atk|1\n|-ability|p1a: Primeape|Defiant|boost\n|-boost|p1a: Primeape|atk|2\n|turn|21\n|c|☆arboretums|gg\n|\n|t:|1768512862\n|switch|p1a: Clefable|Clefable, L80, F|34/283 brn\n|move|p2a: Krookodile|Earthquake|p1a: Clefable\n|-damage|p1a: Clefable|0 fnt\n|faint|p1a: Clefable\n|\n|upkeep\n|\n|t:|1768512864\n|switch|p1a: Primeape|Primeape, L87, M|39/255\n|turn|22\n|\n|t:|1768512868\n|move|p1a: Primeape|Close Combat|p2a: Krookodile\n|-supereffective|p2a: Krookodile\n|-damage|p2a: Krookodile|0 fnt\n|-unboost|p1a: Primeape|def|1\n|-unboost|p1a: Primeape|spd|1\n|faint|p2a: Krookodile\n|\n|upkeep\n|\n|t:|1768512870\n|switch|p2a: Chesnaught|Chesnaught, L86, F|230/292\n|-damage|p2a: Chesnaught|212/292|[from] Stealth Rock\n|turn|23\n|\n|t:|1768512875\n|move|p2a: Chesnaught|Spiky Shield|p2a: Chesnaught\n|-singleturn|p2a: Chesnaught|move: Protect\n|move|p1a: Primeape|Close Combat|p2a: Chesnaught\n|-activate|p2a: Chesnaught|move: Protect\n|-damage|p1a: Primeape|8/255|[from] Spiky Shield|[of] p2a: Chesnaught\n|\n|upkeep\n|turn|24\n|\n|t:|1768512878\n|move|p1a: Primeape|Close Combat|p2a: Chesnaught\n|-damage|p2a: Chesnaught|109/292\n|-unboost|p1a: Primeape|def|1\n|-unboost|p1a: Primeape|spd|1\n|move|p2a: Chesnaught|Drain Punch|p1a: Primeape\n|-damage|p1a: Primeape|0 fnt\n|-heal|p2a: Chesnaught|113/292|[from] drain|[of] p1a: Primeape\n|faint|p1a: Primeape\n|\n|win|arboretums\n|raw|finpeekn's rating: 1569 &rarr; <strong>1551</strong><br />(-18 for losing)\n|raw|arboretums's rating: 1610 &rarr; <strong>1628</strong><br />(+18 for winning)\n", "inputlog": ">version 3bd1a1e329da8d286644078cfc9a9638fc7ea025\n>start {\"formatid\":\"gen6randombattle\",\"seed\":\"sodium,9638ed6e9876a1450a7c35c44ad1581a\",\"rated\":\"Rated battle\"}\n>player p1 {\"name\":\"finpeekn\",\"avatar\":\"lorelei-lgpe\",\"rating\":1569,\"seed\":\"sodium,57805e9dc064530b80d522a58fc2431a\"}\n>player p2 {\"name\":\"arboretums\",\"avatar\":\"serena-masters2\",\"rating\":1610,\"seed\":\"sodium,6a240ce3f3cbbe75b64deddbf0770f6a\"}\n>p1 move stealthrock\n>p2 switch 4\n>p1 move thunderwave\n>p2 move sacredfire\n>p1 move softboiled\n>p2 move sacredfire\n>p1 switch 4\n>p2 move sacredfire\n>p1 move stoneedge\n>p2 move sacredfire\n>p1 move stoneedge\n>p2 move sacredfire\n>p2 switch 6\n>p1 move stoneedge\n>p2 move waterfall\n>p1 switch 5\n>p1 move substitute mega\n>p2 switch 2\n>p1 move dragonpulse\n>p2 move bravebird\n>p1 move dragonpulse\n>p2 move bravebird\n>p2 switch 3\n>p1 move dragonpulse\n>p2 move dazzlinggleam\n>p1 switch 3\n>p1 move knockoff\n>p2 switch 5\n>p1 move psychoboost\n>p2 switch 4\n>p1 switch 2\n>p2 move pursuit\n>p1 switch 2\n>p1 move stoneedge\n>p2 switch 5\n>p2 switch 2\n>p1 switch 6\n>p2 move waterfall\n>p1 move triattack\n>p2 move waterfall\n>p1 move recover\n>p2 move waterfall\n>p1 switch 6\n>p1 move gunkshot\n>p2 move waterfall\n>p1 move gunkshot\n>p2 move waterfall\n>p2 switch 5\n>chat ☆arboretums|gg\n>p1 switch 4\n>p2 move earthquake\n>p1 switch 4\n>p1 move closecombat\n>p2 move earthquake\n>p2 switch 4\n>p1 move closecombat\n>p2 move spikyshield\n>p1 move closecombat\n>p2 move drainpunch", "uploadtime": 1768512879, "views": 276, "formatid": "gen6randombattle", "rating": 1551, "private": 0, "password": null}