{"id": "gen6randombattle-2525444803", "format": "[Gen 6] Random Battle", "players": ["playboijayloi", "Embar"], "log": "|j|‽playboijayloi\n|j|☆Embar\n|t:|1769282274\n|gametype|singles\n|player|p1|playboijayloi|ninjaboy|1614\n|player|p2|Embar|linebacker|1605\n|gen|6\n|tier|[Gen 6] Random Battle\n|rated|\n|rule|Sleep Clause Mod: Limit one foe put to sleep\n|rule|HP Percentage Mod: HP is shown in percentages\n|rule|Illusion Level Mod: Illusion disguises the Pokémon's true level\n|\n|t:|1769282274\n|teamsize|p1|6\n|teamsize|p2|6\n|start\n|switch|p1a: Mandibuzz|Mandibuzz, L84, F|322/322\n|switch|p2a: Conkeldurr|Conkeldurr, L81, M|303/303\n|turn|1\n|inactive|Battle timer is ON: inactive players will automatically lose when time's up. (requested by playboijayloi)\n|\n|t:|1769282288\n|switch|p2a: Skarmory|Skarmory, L74, F|218/218\n|move|p1a: Mandibuzz|U-turn|p2a: Skarmory\n|-resisted|p2a: Skarmory\n|-damage|p2a: Skarmory|212/218\n|\n|t:|1769282305\n|switch|p1a: Rotom|Rotom-Fan, L84|221/221|[from] U-turn\n|\n|-heal|p2a: Skarmory|218/218|[from] item: Leftovers\n|upkeep\n|turn|2\n|\n|t:|1769282323\n|switch|p2a: Magmortar|Magmortar, L86, F|269/269\n|move|p1a: Rotom|Thunderbolt|p2a: Magmortar\n|-damage|p2a: Magmortar|202/269\n|\n|upkeep\n|turn|3\n|inactive|playboijayloi has 120 seconds left.\n|\n|t:|1769282356\n|switch|p1a: Seismitoad|Seismitoad, L84, M|314/314\n|move|p2a: Magmortar|Fire Blast|p1a: Seismitoad\n|-resisted|p1a: Seismitoad\n|-damage|p1a: Seismitoad|224/314\n|\n|upkeep\n|turn|4\n|inactive|playboijayloi has 120 seconds left.\n|\n|t:|1769282372\n|switch|p2a: Shaymin|Shaymin, L83|302/302\n|move|p1a: Seismitoad|Rain Dance|p1a: Seismitoad\n|-weather|RainDance\n|\n|-weather|RainDance|[upkeep]\n|upkeep\n|turn|5\n|inactive|playboijayloi has 120 seconds left.\n|\n|t:|1769282381\n|move|p1a: Seismitoad|Sludge Wave|p2a: Shaymin\n|-supereffective|p2a: Shaymin\n|-damage|p2a: Shaymin|169/302\n|-damage|p1a: Seismitoad|193/314|[from] item: Life Orb\n|move|p2a: Shaymin|Leech Seed|p1a: Seismitoad\n|-start|p1a: Seismitoad|move: Leech Seed\n|\n|-weather|RainDance|[upkeep]\n|-heal|p2a: Shaymin|187/302|[from] item: Leftovers\n|-damage|p1a: Seismitoad|154/314|[from] Leech Seed|[of] p2a: Shaymin\n|-heal|p2a: Shaymin|226/302|[silent]\n|upkeep\n|turn|6\n|inactive|playboijayloi has 120 seconds left.\n|\n|t:|1769282395\n|switch|p1a: Mandibuzz|Mandibuzz, L84, F|322/322\n|move|p2a: Shaymin|Substitute|p2a: Shaymin\n|-start|p2a: Shaymin|Substitute\n|-damage|p2a: Shaymin|151/302\n|\n|-weather|RainDance|[upkeep]\n|-heal|p2a: Shaymin|169/302|[from] item: Leftovers\n|upkeep\n|turn|7\n|\n|t:|1769282404\n|move|p2a: Shaymin|Leech Seed|p1a: Mandibuzz\n|-start|p1a: Mandibuzz|move: Leech Seed\n|move|p1a: Mandibuzz|Foul Play|p2a: Shaymin\n|-end|p2a: Shaymin|Substitute\n|\n|-weather|RainDance|[upkeep]\n|-heal|p2a: Shaymin|187/302|[from] item: Leftovers\n|-damage|p1a: Mandibuzz|282/322|[from] Leech Seed|[of] p2a: Shaymin\n|-heal|p2a: Shaymin|227/302|[silent]\n|upkeep\n|turn|8\n|\n|t:|1769282412\n|switch|p2a: Skarmory|Skarmory, L74, F|218/218\n|switch|p1a: Rotom|Rotom-Fan, L84|221/221\n|\n|-weather|none\n|upkeep\n|turn|9\n|\n|t:|1769282420\n|switch|p2a: Magmortar|Magmortar, L86, F|202/269\n|move|p1a: Rotom|Thunderbolt|p2a: Magmortar\n|-damage|p2a: Magmortar|142/269\n|\n|upkeep\n|turn|10\n|\n|t:|1769282438\n|switch|p1a: Mandibuzz|Mandibuzz, L84, F|282/322\n|move|p2a: Magmortar|Fire Blast|p1a: Mandibuzz\n|-damage|p1a: Mandibuzz|135/322\n|\n|upkeep\n|turn|11\n|\n|t:|1769282446\n|move|p2a: Magmortar|Fire Blast|p1a: Mandibuzz\n|-damage|p1a: Mandibuzz|0 fnt\n|faint|p1a: Mandibuzz\n|\n|upkeep\n|\n|t:|1769282456\n|switch|p1a: Seismitoad|Seismitoad, L84, M|154/314\n|turn|12\n|\n|t:|1769282470\n|switch|p2a: Shaymin|Shaymin, L83|227/302\n|move|p1a: Seismitoad|Sludge Wave|p2a: Shaymin\n|-supereffective|p2a: Shaymin\n|-damage|p2a: Shaymin|74/302\n|-damage|p1a: Seismitoad|123/314|[from] item: Life Orb\n|\n|-heal|p2a: Shaymin|92/302|[from] item: Leftovers\n|upkeep\n|turn|13\n|\n|t:|1769282481\n|switch|p1a: Rotom|Rotom-Fan, L84|221/221\n|move|p2a: Shaymin|Substitute|p2a: Shaymin\n|-start|p2a: Shaymin|Substitute\n|-damage|p2a: Shaymin|17/302\n|\n|-heal|p2a: Shaymin|35/302|[from] item: Leftovers\n|upkeep\n|turn|14\n|\n|t:|1769282489\n|move|p2a: Shaymin|Leech Seed|p1a: Rotom\n|-start|p1a: Rotom|move: Leech Seed\n|move|p1a: Rotom|Air Slash|p2a: Shaymin\n|-supereffective|p2a: Shaymin\n|-end|p2a: Shaymin|Substitute\n|\n|-heal|p2a: Shaymin|53/302|[from] item: Leftovers\n|-damage|p1a: Rotom|194/221|[from] Leech Seed|[of] p2a: Shaymin\n|-heal|p2a: Shaymin|80/302|[silent]\n|upkeep\n|turn|15\n|\n|t:|1769282499\n|switch|p2a: Magmortar|Magmortar, L86, F|142/269\n|switch|p1a: Skuntank|Skuntank, L85, M|314/314\n|\n|upkeep\n|turn|16\n|\n|t:|1769282517\n|switch|p1a: Emboar|Emboar, L83, F|318/318\n|move|p2a: Magmortar|Earthquake|p1a: Emboar\n|-supereffective|p1a: Emboar\n|-damage|p1a: Emboar|126/318\n|\n|upkeep\n|turn|17\n|\n|t:|1769282526\n|move|p1a: Emboar|Sucker Punch|p2a: Magmortar\n|-damage|p2a: Magmortar|58/269\n|move|p2a: Magmortar|Earthquake|p1a: Emboar\n|-supereffective|p1a: Emboar\n|-damage|p1a: Emboar|0 fnt\n|faint|p1a: Emboar\n|\n|upkeep\n|\n|t:|1769282534\n|switch|p1a: Rotom|Rotom-Fan, L84|194/221\n|turn|18\n|\n|t:|1769282540\n|move|p1a: Rotom|Thunderbolt|p2a: Magmortar\n|-damage|p2a: Magmortar|0 fnt\n|faint|p2a: Magmortar\n|\n|-heal|p1a: Rotom|207/221|[from] item: Leftovers\n|upkeep\n|\n|t:|1769282554\n|switch|p2a: Conkeldurr|Conkeldurr, L81, M|303/303\n|turn|19\n|\n|t:|1769282572\n|move|p1a: Rotom|Air Slash|p2a: Conkeldurr\n|-supereffective|p2a: Conkeldurr\n|-damage|p2a: Conkeldurr|69/303\n|move|p2a: Conkeldurr|Knock Off|p1a: Rotom\n|-damage|p1a: Rotom|133/221\n|-enditem|p1a: Rotom|Leftovers|[from] move: Knock Off|[of] p2a: Conkeldurr\n|\n|-status|p2a: Conkeldurr|brn|[from] item: Flame Orb\n|upkeep\n|turn|20\n|\n|t:|1769282594\n|move|p2a: Conkeldurr|Mach Punch|p1a: Rotom\n|-resisted|p1a: Rotom\n|-damage|p1a: Rotom|97/221\n|move|p1a: Rotom|Thunderbolt|p2a: Conkeldurr\n|-damage|p2a: Conkeldurr|0 fnt\n|faint|p2a: Conkeldurr\n|\n|upkeep\n|\n|t:|1769282607\n|switch|p2a: Serperior|Serperior, L80, F|251/251\n|turn|21\n|\n|t:|1769282624\n|switch|p1a: Skuntank|Skuntank, L85, M|314/314\n|move|p2a: Serperior|Leech Seed|p1a: Skuntank|[miss]\n|-miss|p2a: Serperior|p1a: Skuntank\n|\n|upkeep\n|turn|22\n|\n|t:|1769282631\n|switch|p2a: Skarmory|Skarmory, L74, F|218/218\n|move|p1a: Skuntank|Poison Jab|p2a: Skarmory\n|-immune|p2a: Skarmory\n|\n|upkeep\n|turn|23\n|\n|t:|1769282641\n|switch|p1a: Seismitoad|Seismitoad, L84, M|123/314\n|move|p2a: Skarmory|Stealth Rock|p1a: Seismitoad\n|-sidestart|p1: playboijayloi|move: Stealth Rock\n|\n|upkeep\n|turn|24\n|\n|t:|1769282650\n|switch|p2a: Serperior|Serperior, L80, F|251/251\n|move|p1a: Seismitoad|Hydro Pump|p2a: Serperior\n|-resisted|p2a: Serperior\n|-damage|p2a: Serperior|189/251\n|-damage|p1a: Seismitoad|92/314|[from] item: Life Orb\n|\n|-heal|p2a: Serperior|204/251|[from] item: Leftovers\n|upkeep\n|turn|25\n|inactive|playboijayloi has 120 seconds left.\n|inactive|playboijayloi has 90 seconds left.\n|inactive|playboijayloi has 60 seconds left.\n|\n|t:|1769282743\n|switch|p1a: Skuntank|Skuntank, L85, M|314/314\n|-damage|p1a: Skuntank|275/314|[from] Stealth Rock\n|move|p2a: Serperior|Leaf Storm|p1a: Skuntank\n|-resisted|p1a: Skuntank\n|-damage|p1a: Skuntank|209/314\n|-boost|p2a: Serperior|spa|2\n|\n|-heal|p2a: Serperior|219/251|[from] item: Leftovers\n|-heal|p1a: Skuntank|228/314|[from] item: Black Sludge\n|upkeep\n|turn|26\n|inactive|playboijayloi has 60 seconds left.\n|\n|t:|1769282754\n|move|p2a: Serperior|Leech Seed|p1a: Skuntank\n|-start|p1a: Skuntank|move: Leech Seed\n|move|p1a: Skuntank|Defog|p2a: Serperior\n|-boost|p2a: Serperior|evasion|1\n|-sideend|p1: playboijayloi|Stealth Rock|[from] move: Defog|[of] p1a: Skuntank\n|\n|-heal|p2a: Serperior|234/251|[from] item: Leftovers\n|-heal|p1a: Skuntank|247/314|[from] item: Black Sludge\n|-damage|p1a: Skuntank|208/314|[from] Leech Seed|[of] p2a: Serperior\n|-heal|p2a: Serperior|251/251|[silent]\n|upkeep\n|turn|27\n|\n|t:|1769282763\n|move|p2a: Serperior|Substitute|p2a: Serperior\n|-start|p2a: Serperior|Substitute\n|-damage|p2a: Serperior|189/251\n|move|p1a: Skuntank|Poison Jab|p2a: Serperior|[miss]\n|-miss|p1a: Skuntank|p2a: Serperior\n|\n|-heal|p2a: Serperior|204/251|[from] item: Leftovers\n|-heal|p1a: Skuntank|227/314|[from] item: Black Sludge\n|-damage|p1a: Skuntank|188/314|[from] Leech Seed|[of] p2a: Serperior\n|-heal|p2a: Serperior|243/251|[silent]\n|upkeep\n|turn|28\n|c|☆Embar|lmao\n|c|☆Embar|nice one\n|inactive|playboijayloi has 60 seconds left.\n|\n|t:|1769282785\n|switch|p1a: Rotom|Rotom-Fan, L84|97/221\n|move|p2a: Serperior|Leaf Storm|p1a: Rotom\n|-resisted|p1a: Rotom\n|-damage|p1a: Rotom|6/221\n|-boost|p2a: Serperior|spa|2\n|\n|-heal|p2a: Serperior|251/251|[from] item: Leftovers\n|upkeep\n|turn|29\n|inactive|playboijayloi has 60 seconds left.\n|\n|t:|1769282811\n|move|p2a: Serperior|Leaf Storm|p1a: Rotom|[miss]\n|-miss|p2a: Serperior|p1a: Rotom\n|move|p1a: Rotom|Pain Split||[still]\n|-fail|p1a: Rotom\n|\n|upkeep\n|turn|30\n|\n|t:|1769282818\n|move|p2a: Serperior|Leaf Storm|p1a: Rotom\n|-resisted|p1a: Rotom\n|-damage|p1a: Rotom|0 fnt\n|-boost|p2a: Serperior|spa|2\n|faint|p1a: Rotom\n|\n|upkeep\n|\n|t:|1769282831\n|switch|p1a: Skuntank|Skuntank, L85, M|188/314\n|turn|31\n|\n|t:|1769282836\n|move|p2a: Serperior|Leaf Storm|p1a: Skuntank\n|-resisted|p1a: Skuntank\n|-damage|p1a: Skuntank|0 fnt\n|faint|p1a: Skuntank\n|\n|upkeep\n|\n|t:|1769282842\n|switch|p1a: Gardevoir|Gardevoir, L78, F|234/234\n|-ability|p1a: Gardevoir|Contrary|Trace|[from] ability: Trace|[of] p2a: Serperior\n|turn|32\n|\n|t:|1769282852\n|detailschange|p1a: Gardevoir|Gardevoir-Mega, L78, F\n|-mega|p1a: Gardevoir|Gardevoir|Gardevoirite\n|move|p2a: Serperior|Leaf Storm|p1a: Gardevoir\n|-damage|p1a: Gardevoir|0 fnt\n|faint|p1a: Gardevoir\n|detailschange|p1: Gardevoir|Gardevoir, L78, F|[silent]\n|\n|upkeep\n|\n|t:|1769282859\n|switch|p1a: Seismitoad|Seismitoad, L84, M|92/314\n|turn|33\n|\n|t:|1769282863\n|move|p2a: Serperior|Leech Seed|p1a: Seismitoad\n|-start|p1a: Seismitoad|move: Leech Seed\n|move|p1a: Seismitoad|Sludge Wave|p2a: Serperior|[miss]\n|-miss|p1a: Seismitoad|p2a: Serperior\n|\n|-damage|p1a: Seismitoad|53/314|[from] Leech Seed|[of] p2a: Serperior\n|upkeep\n|turn|34\n|inactive|playboijayloi has 60 seconds left.\n|inactive|playboijayloi has 30 seconds left.\n|inactive|playboijayloi has 20 seconds left.\n|inactive|playboijayloi has 15 seconds left.\n|inactive|playboijayloi has 10 seconds left.\n|inactive|playboijayloi has 5 seconds left.\n|\n|t:|1769282937\n|move|p2a: Serperior|Hidden Power|p1a: Seismitoad\n|-resisted|p1a: Seismitoad\n|-damage|p1a: Seismitoad|0 fnt\n|faint|p1a: Seismitoad\n|\n|win|Embar\n|raw|playboijayloi's rating: 1614 &rarr; <strong>1593</strong><br />(-21 for losing)\n|raw|Embar's rating: 1605 &rarr; <strong>1626</strong><br />(+21 for winning)\n|l|‽playboijayloi\n|player|p1|\n", "inputlog": ">version b99ff0165a6231f17e8b78c2a78d1998375de664\n>start {\"formatid\":\"gen6randombattle\",\"seed\":\"sodium,c044ff370e9212ac9d7d33eb5379728c\",\"rated\":\"Rated battle\"}\n>player p1 {\"name\":\"playboijayloi\",\"avatar\":\"ninjaboy\",\"rating\":1614,\"seed\":\"sodium,8acecab114da83e71649edf77e84016f\"}\n>player p2 {\"name\":\"Embar\",\"avatar\":\"linebacker\",\"rating\":1605,\"seed\":\"sodium,789cb323c7b5e065ab537e67677c6c2b\"}\n>p1 move uturn\n>p2 switch 4\n>p1 switch 5\n>p1 move thunderbolt\n>p2 switch 6\n>p1 switch 3\n>p2 move fireblast\n>p1 move raindance\n>p2 switch 2\n>p1 move sludgewave\n>p2 move leechseed\n>p1 switch 5\n>p2 move substitute\n>p1 move foulplay\n>p2 move leechseed\n>p1 switch 3\n>p2 switch 6\n>p1 move thunderbolt\n>p2 switch 2\n>p1 switch 3\n>p2 move fireblast\n>p1 move roost\n>p2 move fireblast\n>p1 switch 5\n>p1 move sludgewave\n>p2 switch 6\n>p1 switch 3\n>p2 move substitute\n>p1 move airslash\n>p2 move leechseed\n>p1 switch 4\n>p2 switch 6\n>p1 switch 2\n>p2 move earthquake\n>p1 move suckerpunch\n>p2 move earthquake\n>p1 switch 4\n>p1 move thunderbolt\n>p2 move fireblast\n>p2 switch 4\n>p1 move airslash\n>p2 move knockoff\n>p1 move thunderbolt\n>p2 move machpunch\n>p2 switch 5\n>p1 switch 2\n>p2 move leechseed\n>p1 move poisonjab\n>p2 switch 2\n>p1 switch 3\n>p2 move stealthrock\n>p1 move hydropump\n>p2 switch 2\n>p1 switch 3\n>p2 move leafstorm\n>p1 move defog\n>p2 move leechseed\n>p1 move poisonjab\n>p2 move substitute\n>chat ☆Embar|lmao\n>chat ☆Embar|nice one\n>p1 switch 2\n>p2 move leafstorm\n>p1 move painsplit\n>p2 move leafstorm\n>p1 move airslash\n>p2 move leafstorm\n>p1 switch 2\n>p1 move poisonjab\n>p2 move leafstorm\n>p1 switch 6\n>p1 move hypervoice mega\n>p2 move leafstorm\n>p1 switch 3\n>p1 move sludgewave\n>p2 move leechseed\n>p1 move sludgewave\n>p2 move hiddenpower", "uploadtime": 1769282955, "views": 258, "formatid": "gen6randombattle", "rating": 1593, "private": 0, "password": null}