{"id": "gen6randombattle-2520918605", "format": "[Gen 6] Random Battle", "players": ["piproom", "arboretums"], "log": "|j|☆piproom\n|j|☆arboretums\n|t:|1768698868\n|gametype|singles\n|player|p1|piproom|gentleman-gen4dp|1543\n|player|p2|arboretums|serena-masters2|1660\n|gen|6\n|tier|[Gen 6] Random Battle\n|rated|\n|rule|Sleep Clause Mod: Limit one foe put to sleep\n|rule|HP Percentage Mod: HP is shown in percentages\n|rule|Illusion Level Mod: Illusion disguises the Pokémon's true level\n|\n|t:|1768698868\n|teamsize|p1|6\n|teamsize|p2|6\n|start\n|switch|p1a: Gigalith|Gigalith, L85, M|283/283\n|switch|p2a: Kingdra|Kingdra, L84, M|263/263\n|turn|1\n|inactive|Battle timer is ON: inactive players will automatically lose when time's up. (requested by piproom)\n|\n|t:|1768698879\n|move|p2a: Kingdra|Dragon Dance|p2a: Kingdra\n|-boost|p2a: Kingdra|atk|1\n|-boost|p2a: Kingdra|spe|1\n|move|p1a: Gigalith|Explosion|p2a: Kingdra\n|-damage|p2a: Kingdra|0 fnt\n|faint|p1a: Gigalith\n|faint|p2a: Kingdra\n|\n|upkeep\n|c|☆arboretums|...\n|\n|t:|1768698893\n|switch|p2a: Regigigas|Regigigas, L84|322/322\n|switch|p1a: Cacturne|Cacturne, L90, F|272/272\n|-start|p2a: Regigigas|ability: Slow Start\n|turn|2\n|\n|t:|1768698907\n|move|p1a: Cacturne|Swords Dance|p1a: Cacturne\n|-boost|p1a: Cacturne|atk|2\n|move|p2a: Regigigas|Thunder Wave|p1a: Cacturne\n|-status|p1a: Cacturne|par\n|\n|upkeep\n|turn|3\n|\n|t:|1768698914\n|move|p2a: Regigigas|Substitute|p2a: Regigigas\n|-start|p2a: Regigigas|Substitute\n|-damage|p2a: Regigigas|242/322\n|move|p1a: Cacturne|Drain Punch|p2a: Regigigas\n|-supereffective|p2a: Regigigas\n|-end|p2a: Regigigas|Substitute\n|-damage|p1a: Cacturne|245/272 par|[from] item: Life Orb\n|\n|-heal|p2a: Regigigas|262/322|[from] item: Leftovers\n|upkeep\n|turn|4\n|\n|t:|1768698924\n|switch|p2a: Ho-Oh|Ho-Oh, L69|261/261\n|move|p1a: Cacturne|Drain Punch|p2a: Ho-Oh\n|-resisted|p2a: Ho-Oh\n|-damage|p2a: Ho-Oh|148/261\n|-heal|p1a: Cacturne|272/272 par|[from] drain|[of] p2a: Ho-Oh\n|-damage|p1a: Cacturne|245/272 par|[from] item: Life Orb\n|\n|-heal|p2a: Ho-Oh|164/261|[from] item: Leftovers\n|upkeep\n|turn|5\n|\n|t:|1768698935\n|move|p1a: Cacturne|Sucker Punch||[still]\n|-fail|p1a: Cacturne\n|move|p2a: Ho-Oh|Substitute|p2a: Ho-Oh\n|-start|p2a: Ho-Oh|Substitute\n|-damage|p2a: Ho-Oh|99/261\n|\n|-heal|p2a: Ho-Oh|115/261|[from] item: Leftovers\n|upkeep\n|turn|6\n|\n|t:|1768698946\n|switch|p1a: Unown|Unown-U|258/258\n|move|p2a: Ho-Oh|Roost|p2a: Ho-Oh\n|-heal|p2a: Ho-Oh|246/261\n|-singleturn|p2a: Ho-Oh|move: Roost\n|\n|-heal|p2a: Ho-Oh|261/261|[from] item: Leftovers\n|upkeep\n|turn|7\n|\n|t:|1768698955\n|move|p2a: Ho-Oh|Brave Bird|p1a: Unown\n|-damage|p1a: Unown|113/258\n|-damage|p2a: Ho-Oh|213/261|[from] Recoil\n|move|p1a: Unown|Hidden Power|p2a: Ho-Oh\n|-end|p2a: Ho-Oh|Substitute\n|\n|-heal|p2a: Ho-Oh|229/261|[from] item: Leftovers\n|upkeep\n|turn|8\n|\n|t:|1768698965\n|move|p2a: Ho-Oh|Brave Bird|p1a: Unown\n|-damage|p1a: Unown|0 fnt\n|faint|p1a: Unown\n|-damage|p2a: Ho-Oh|192/261|[from] Recoil\n|\n|-heal|p2a: Ho-Oh|208/261|[from] item: Leftovers\n|upkeep\n|\n|t:|1768698974\n|switch|p1a: Seaking|Seaking, L93, F|300/300\n|turn|9\n|\n|t:|1768698982\n|switch|p2a: Lapras|Lapras, L87, F|368/368\n|move|p1a: Seaking|Waterfall|p2a: Lapras\n|-immune|p2a: Lapras|[from] ability: Water Absorb\n|\n|upkeep\n|turn|10\n|\n|t:|1768698992\n|switch|p1a: Cacturne|Cacturne, L90, F|245/272 par\n|move|p2a: Lapras|Freeze-Dry|p1a: Cacturne\n|-supereffective|p1a: Cacturne\n|-damage|p1a: Cacturne|59/272 par\n|\n|upkeep\n|turn|11\n|\n|t:|1768698999\n|move|p2a: Lapras|Freeze-Dry|p1a: Cacturne\n|-supereffective|p1a: Cacturne\n|-damage|p1a: Cacturne|0 fnt\n|faint|p1a: Cacturne\n|\n|upkeep\n|\n|t:|1768699006\n|switch|p1a: Bellossom|Bellossom, L96, M|299/299\n|turn|12\n|\n|t:|1768699014\n|move|p2a: Lapras|Toxic|p1a: Bellossom\n|-status|p1a: Bellossom|tox\n|move|p1a: Bellossom|Swords Dance|p1a: Bellossom\n|-boost|p1a: Bellossom|atk|2\n|\n|-damage|p1a: Bellossom|281/299 tox|[from] psn\n|upkeep\n|turn|13\n|\n|t:|1768699027\n|switch|p2a: Ho-Oh|Ho-Oh, L69|261/261\n|move|p1a: Bellossom|Drain Punch|p2a: Ho-Oh\n|-resisted|p2a: Ho-Oh\n|-damage|p2a: Ho-Oh|190/261\n|-heal|p1a: Bellossom|299/299 tox|[from] drain|[of] p2a: Ho-Oh\n|\n|-heal|p2a: Ho-Oh|206/261|[from] item: Leftovers\n|-damage|p1a: Bellossom|263/299 tox|[from] psn\n|upkeep\n|turn|14\n|\n|t:|1768699038\n|move|p2a: Ho-Oh|Sacred Fire|p1a: Bellossom\n|-supereffective|p1a: Bellossom\n|-crit|p1a: Bellossom\n|-damage|p1a: Bellossom|29/299 tox\n|move|p1a: Bellossom|Return|p2a: Ho-Oh\n|-damage|p2a: Ho-Oh|10/261\n|\n|-heal|p2a: Ho-Oh|26/261|[from] item: Leftovers\n|-heal|p1a: Bellossom|47/299 tox|[from] item: Leftovers\n|-damage|p1a: Bellossom|0 fnt|[from] psn\n|faint|p1a: Bellossom\n|upkeep\n|\n|t:|1768699051\n|switch|p1a: Seaking|Seaking, L93, F|300/300\n|turn|15\n|\n|t:|1768699058\n|switch|p2a: Lapras|Lapras, L87, F|368/368\n|move|p1a: Seaking|Knock Off|p2a: Lapras\n|-damage|p2a: Lapras|243/368\n|-enditem|p2a: Lapras|Leftovers|[from] move: Knock Off|[of] p1a: Seaking\n|\n|upkeep\n|turn|16\n|\n|t:|1768699065\n|switch|p1a: Ditto|Ditto, L84|218/218\n|-transform|p1a: Ditto|p2a: Lapras|[from] ability: Imposter\n|move|p2a: Lapras|Freeze-Dry|p1a: Ditto\n|-crit|p1a: Ditto\n|-damage|p1a: Ditto|113/218\n|\n|upkeep\n|turn|17\n|\n|t:|1768699076\n|move|p1a: Ditto|Toxic|p2a: Lapras\n|-status|p2a: Lapras|tox\n|move|p2a: Lapras|Toxic|p1a: Ditto|[miss]\n|-miss|p2a: Lapras|p1a: Ditto\n|\n|-damage|p2a: Lapras|220/368 tox|[from] psn\n|upkeep\n|turn|18\n|\n|t:|1768699084\n|switch|p1a: Seaking|Seaking, L93, F|300/300\n|move|p2a: Lapras|Toxic|p1a: Seaking\n|-status|p1a: Seaking|tox\n|\n|-damage|p1a: Seaking|282/300 tox|[from] psn\n|-damage|p2a: Lapras|174/368 tox|[from] psn\n|upkeep\n|turn|19\n|\n|t:|1768699095\n|move|p1a: Seaking|Megahorn|p2a: Lapras|[miss]\n|-miss|p1a: Seaking|p2a: Lapras\n|move|p2a: Lapras|Freeze-Dry|p1a: Seaking\n|-supereffective|p1a: Seaking\n|-damage|p1a: Seaking|144/300 tox\n|\n|-damage|p1a: Seaking|108/300 tox|[from] psn\n|-damage|p2a: Lapras|105/368 tox|[from] psn\n|upkeep\n|turn|20\n|-message|piproom forfeited.\n|\n|win|arboretums\n|raw|piproom's rating: 1543 &rarr; <strong>1529</strong><br />(-14 for losing)\n|raw|arboretums's rating: 1660 &rarr; <strong>1674</strong><br />(+14 for winning)\n|l|☆piproom\n|player|p1|\n", "inputlog": ">version 3bd1a1e329da8d286644078cfc9a9638fc7ea025\n>start {\"formatid\":\"gen6randombattle\",\"seed\":\"sodium,0c97be5b23731ebba64c564f7e717801\",\"rated\":\"Rated battle\"}\n>player p1 {\"name\":\"piproom\",\"avatar\":\"gentleman-gen4dp\",\"rating\":1543,\"seed\":\"sodium,1dd3f26aa8676e27e1f706016e4859a9\"}\n>player p2 {\"name\":\"arboretums\",\"avatar\":\"serena-masters2\",\"rating\":1660,\"seed\":\"sodium,4756a51109b6092dd184a48a7cfd4d45\"}\n>p1 move explosion\n>p2 move dragondance\n>chat ☆arboretums|...\n>p1 switch 2\n>p2 switch 2\n>p1 move swordsdance\n>p2 move thunderwave\n>p1 move drainpunch\n>p2 move substitute\n>p1 move drainpunch\n>p2 switch 3\n>p1 move suckerpunch\n>p2 move substitute\n>p1 switch 5\n>p2 move roost\n>p1 move hiddenpower\n>p2 move bravebird\n>p1 move hiddenpower\n>p2 move bravebird\n>p1 switch 3\n>p1 move waterfall\n>p2 switch 4\n>p1 switch 5\n>p2 move freezedry\n>p1 move drainpunch\n>p2 move freezedry\n>p1 switch 4\n>p1 move swordsdance\n>p2 move toxic\n>p1 move drainpunch\n>p2 switch 4\n>p1 move return\n>p2 move sacredfire\n>p1 switch 5\n>p1 move knockoff\n>p2 switch 4\n>p1 switch 6\n>p2 move freezedry\n>p1 move toxic\n>p2 move toxic\n>p1 switch 6\n>p2 move toxic\n>p1 move megahorn\n>p2 move freezedry\n>forcelose p1", "uploadtime": 1768699101, "views": 264, "formatid": "gen6randombattle", "rating": 1529, "private": 0, "password": null}