{"id": "gen6randombattle-2523061229", "format": "[Gen 6] Random Battle", "players": ["myteamsucked", "Rakunda"], "log": "|j|☆myteamsucked\n|j|☆Rakunda\n|t:|1768980361\n|gametype|singles\n|player|p1|myteamsucked|gambler|1599\n|player|p2|Rakunda|steven|1651\n|gen|6\n|tier|[Gen 6] Random Battle\n|rated|\n|rule|Sleep Clause Mod: Limit one foe put to sleep\n|rule|HP Percentage Mod: HP is shown in percentages\n|rule|Illusion Level Mod: Illusion disguises the Pokémon's true level\n|\n|t:|1768980361\n|teamsize|p1|6\n|teamsize|p2|6\n|start\n|switch|p1a: Gyarados|Gyarados, L74, M|263/263\n|switch|p2a: Cresselia|Cresselia, L80, F|323/323\n|-ability|p1a: Gyarados|Intimidate|boost\n|-unboost|p2a: Cresselia|atk|1\n|turn|1\n|inactive|Battle timer is ON: inactive players will automatically lose when time's up. (requested by myteamsucked)\n|inactive|Rakunda also wants the timer to be on.\n|\n|t:|1768980378\n|switch|p1a: Claydol|Claydol, L88|249/249\n|move|p2a: Cresselia|Thunder Wave|p1a: Claydol\n|-immune|p1a: Claydol\n|\n|upkeep\n|turn|2\n|\n|t:|1768980395\n|switch|p2a: Ledian|Ledian, M|271/271\n|move|p1a: Claydol|Toxic|p2a: Ledian\n|-status|p2a: Ledian|tox\n|\n|-damage|p2a: Ledian|255/271 tox|[from] psn\n|upkeep\n|turn|3\n|\n|t:|1768980403\n|switch|p1a: Solrock|Solrock, L90|272/272\n|move|p2a: Ledian|Toxic|p1a: Solrock\n|-status|p1a: Solrock|tox\n|\n|-heal|p2a: Ledian|271/271 tox|[from] item: Leftovers\n|-damage|p2a: Ledian|239/271 tox|[from] psn\n|-damage|p1a: Solrock|255/272 tox|[from] psn\n|upkeep\n|turn|4\n|inactive|myteamsucked has 120 seconds left.\n|\n|t:|1768980441\n|move|p2a: Ledian|Knock Off|p1a: Solrock\n|-supereffective|p1a: Solrock\n|-damage|p1a: Solrock|161/272 tox\n|-enditem|p1a: Solrock|Leftovers|[from] move: Knock Off|[of] p2a: Ledian\n|move|p1a: Solrock|Stealth Rock|p2a: Ledian\n|-sidestart|p2: Rakunda|move: Stealth Rock\n|\n|-heal|p2a: Ledian|255/271 tox|[from] item: Leftovers\n|-damage|p2a: Ledian|207/271 tox|[from] psn\n|-damage|p1a: Solrock|127/272 tox|[from] psn\n|upkeep\n|turn|5\n|inactive|myteamsucked has 120 seconds left.\n|\n|t:|1768980450\n|switch|p2a: Grumpig|Grumpig, L92, M|297/297\n|-damage|p2a: Grumpig|260/297|[from] Stealth Rock\n|move|p1a: Solrock|Morning Sun|p1a: Solrock\n|-heal|p1a: Solrock|263/272 tox\n|\n|-heal|p2a: Grumpig|278/297|[from] item: Leftovers\n|-damage|p1a: Solrock|212/272 tox|[from] psn\n|upkeep\n|turn|6\n|inactive|myteamsucked has 120 seconds left.\n|\n|t:|1768980475\n|switch|p1a: Forretress|Forretress, L82, M|257/257\n|move|p2a: Grumpig|Heal Bell|p2a: Grumpig\n|-activate|p2a: Grumpig|move: Heal Bell\n|-curestatus|p2: Ledian|tox|[msg]\n|\n|-heal|p2a: Grumpig|296/297|[from] item: Leftovers\n|upkeep\n|turn|7\n|\n|t:|1768980496\n|switch|p2a: Golem|Golem, L86, F|278/278\n|-damage|p2a: Golem|261/278|[from] Stealth Rock\n|move|p1a: Forretress|Toxic Spikes|p2a: Golem\n|-sidestart|p2: Rakunda|move: Toxic Spikes\n|\n|upkeep\n|turn|8\n|inactive|myteamsucked has 120 seconds left.\n|\n|t:|1768980518\n|move|p2a: Golem|Earthquake|p1a: Forretress\n|-damage|p1a: Forretress|166/257\n|move|p1a: Forretress|Toxic Spikes|p2a: Golem\n|-sidestart|p2: Rakunda|move: Toxic Spikes\n|\n|-heal|p1a: Forretress|182/257|[from] item: Leftovers\n|upkeep\n|turn|9\n|\n|t:|1768980525\n|switch|p1a: Claydol|Claydol, L88|249/249\n|move|p2a: Golem|Stone Edge|p1a: Claydol\n|-resisted|p1a: Claydol\n|-crit|p1a: Claydol\n|-damage|p1a: Claydol|171/249\n|\n|-heal|p1a: Claydol|186/249|[from] item: Leftovers\n|upkeep\n|turn|10\n|\n|t:|1768980533\n|move|p1a: Claydol|Toxic|p2a: Golem\n|-status|p2a: Golem|tox\n|move|p2a: Golem|Explosion|p1a: Claydol\n|-damage|p1a: Claydol|6/249\n|faint|p2a: Golem\n|\n|-heal|p1a: Claydol|21/249|[from] item: Leftovers\n|upkeep\n|\n|t:|1768980543\n|switch|p2a: Arbok|Arbok, L90, M|254/254\n|-damage|p2a: Arbok|223/254|[from] Stealth Rock\n|-sideend|p2: Rakunda|move: Toxic Spikes|[of] p2a: Arbok\n|-ability|p2a: Arbok|Intimidate|boost\n|-unboost|p1a: Claydol|atk|1\n|turn|11\n|\n|t:|1768980552\n|move|p2a: Arbok|Gunk Shot|p1a: Claydol\n|-resisted|p1a: Claydol\n|-damage|p1a: Claydol|0 fnt\n|faint|p1a: Claydol\n|-damage|p2a: Arbok|198/254|[from] item: Life Orb\n|\n|upkeep\n|inactive|myteamsucked has 120 seconds left.\n|\n|t:|1768980579\n|switch|p1a: Gyarados|Gyarados, L74, M|263/263\n|-ability|p1a: Gyarados|Intimidate|boost\n|-unboost|p2a: Arbok|atk|1\n|turn|12\n|\n|t:|1768980585\n|switch|p2a: Cresselia|Cresselia, L80, F|323/323\n|-damage|p2a: Cresselia|283/323|[from] Stealth Rock\n|detailschange|p1a: Gyarados|Gyarados-Mega, L74, M\n|-mega|p1a: Gyarados|Gyarados|Gyaradosite\n|-ability|p1a: Gyarados|Mold Breaker\n|move|p1a: Gyarados|Dragon Dance|p1a: Gyarados\n|-boost|p1a: Gyarados|atk|1\n|-boost|p1a: Gyarados|spe|1\n|\n|-heal|p2a: Cresselia|303/323|[from] item: Leftovers\n|upkeep\n|turn|13\n|\n|t:|1768980597\n|move|p1a: Gyarados|Crunch|p2a: Cresselia\n|-supereffective|p2a: Cresselia\n|-damage|p2a: Cresselia|67/323\n|-unboost|p2a: Cresselia|def|1\n|move|p2a: Cresselia|Thunder Wave|p1a: Gyarados\n|-status|p1a: Gyarados|par\n|\n|-heal|p2a: Cresselia|87/323|[from] item: Leftovers\n|upkeep\n|turn|14\n|\n|t:|1768980606\n|move|p2a: Cresselia|Moonblast|p1a: Gyarados\n|-supereffective|p1a: Gyarados\n|-damage|p1a: Gyarados|179/263 par\n|move|p1a: Gyarados|Crunch|p2a: Cresselia\n|-supereffective|p2a: Cresselia\n|-damage|p2a: Cresselia|0 fnt\n|faint|p2a: Cresselia\n|\n|upkeep\n|\n|t:|1768980630\n|switch|p2a: Arbok|Arbok, L90, M|198/254\n|-damage|p2a: Arbok|167/254|[from] Stealth Rock\n|-ability|p2a: Arbok|Intimidate|boost\n|-unboost|p1a: Gyarados|atk|1\n|turn|15\n|\n|t:|1768980635\n|move|p2a: Arbok|Coil|p2a: Arbok\n|-boost|p2a: Arbok|atk|1\n|-boost|p2a: Arbok|def|1\n|-boost|p2a: Arbok|accuracy|1\n|cant|p1a: Gyarados|par\n|\n|upkeep\n|turn|16\n|\n|t:|1768980652\n|switch|p1a: Minun|Minun, L93, M|262/262\n|move|p2a: Arbok|Gunk Shot|p1a: Minun\n|-damage|p1a: Minun|0 fnt\n|faint|p1a: Minun\n|-damage|p2a: Arbok|142/254|[from] item: Life Orb\n|\n|upkeep\n|\n|t:|1768980665\n|switch|p1a: Gyarados|Gyarados-Mega, L74, M|179/263 par\n|-ability|p1a: Gyarados|Mold Breaker\n|turn|17\n|\n|t:|1768980671\n|move|p2a: Arbok|Gunk Shot|p1a: Gyarados\n|-damage|p1a: Gyarados|0 fnt\n|faint|p1a: Gyarados\n|detailschange|p1: Gyarados|Gyarados, L74, M|[silent]\n|-damage|p2a: Arbok|117/254|[from] item: Life Orb\n|\n|upkeep\n|\n|t:|1768980675\n|switch|p1a: Solrock|Solrock, L90|212/272 tox\n|turn|18\n|\n|t:|1768980680\n|move|p2a: Arbok|Sucker Punch|p1a: Solrock\n|-supereffective|p1a: Solrock\n|-damage|p1a: Solrock|0 fnt\n|faint|p1a: Solrock\n|-damage|p2a: Arbok|92/254|[from] item: Life Orb\n|\n|upkeep\n|\n|t:|1768980682\n|switch|p1a: Forretress|Forretress, L82, M|182/257\n|turn|19\n|\n|t:|1768980688\n|move|p2a: Arbok|Coil|p2a: Arbok\n|-boost|p2a: Arbok|atk|1\n|-boost|p2a: Arbok|def|1\n|-boost|p2a: Arbok|accuracy|1\n|move|p1a: Forretress|Gyro Ball|p2a: Arbok\n|-damage|p2a: Arbok|55/254\n|\n|-heal|p1a: Forretress|198/257|[from] item: Leftovers\n|upkeep\n|turn|20\n|\n|t:|1768980695\n|switch|p1a: Florges|Florges-White, L84, F|268/268\n|move|p2a: Arbok|Earthquake|p1a: Florges\n|-damage|p1a: Florges|46/268\n|-damage|p2a: Arbok|30/254|[from] item: Life Orb\n|\n|-heal|p1a: Florges|62/268|[from] item: Leftovers\n|upkeep\n|turn|21\n|-message|myteamsucked forfeited.\n|\n|win|Rakunda\n|raw|myteamsucked's rating: 1606 &rarr; <strong>1589</strong><br />(-17 for losing)\n|raw|Rakunda's rating: 1651 &rarr; <strong>1668</strong><br />(+17 for winning)\n|l|☆myteamsucked\n|player|p1|\n", "inputlog": ">version 3bd1a1e329da8d286644078cfc9a9638fc7ea025\n>start {\"formatid\":\"gen6randombattle\",\"seed\":\"sodium,3f1c94b2a39fd01010255b9cd7c7ddce\",\"rated\":\"Rated battle\"}\n>player p1 {\"name\":\"myteamsucked\",\"avatar\":\"gambler\",\"rating\":1599,\"seed\":\"sodium,c8e9c94f137e80ee4c0bee83647490bb\"}\n>player p2 {\"name\":\"Rakunda\",\"avatar\":\"steven\",\"rating\":1651,\"seed\":\"sodium,4b6e75b09f07921cb2c77a870c388a64\"}\n>p1 switch 2\n>p2 move thunderwave\n>p1 move toxic\n>p2 switch 5\n>p1 switch 6\n>p2 move toxic\n>p1 move stealthrock\n>p2 move knockoff\n>p1 move morningsun\n>p2 switch 3\n>p1 switch 4\n>p2 move healbell\n>p1 move toxicspikes\n>p2 switch 6\n>p1 move toxicspikes\n>p2 move earthquake\n>p1 switch 6\n>p2 move stoneedge\n>p1 move toxic\n>p2 move explosion\n>p2 switch 2\n>p1 move psychic\n>p2 move gunkshot\n>p1 switch 2\n>p1 move dragondance mega\n>p2 switch 5\n>p1 move crunch\n>p2 move thunderwave\n>p1 move crunch\n>p2 move moonblast\n>p2 switch 5\n>p1 move earthquake\n>p2 move coil\n>p1 switch 5\n>p2 move gunkshot\n>p1 switch 5\n>p1 move earthquake\n>p2 move gunkshot\n>p1 switch 4\n>p1 move stoneedge\n>p2 move suckerpunch\n>p1 switch 6\n>p1 move gyroball\n>p2 move coil\n>p1 switch 3\n>p2 move earthquake\n>forcelose p1", "uploadtime": 1768980737, "views": 335, "formatid": "gen6randombattle", "rating": 1589, "private": 0, "password": null}