{"id": "gen6randombattle-2531259073", "format": "[Gen 6] Random Battle", "players": ["Apocalyptic Sheep", "Blatjanglover"], "log": "|j|☆Apocalyptic Sheep\n|j|☆Blatjanglover\n|t:|1770039124\n|gametype|singles\n|player|p1|Apocalyptic Sheep|1|1484\n|player|p2|Blatjanglover|brock|1585\n|gen|6\n|tier|[Gen 6] Random Battle\n|rated|\n|rule|Sleep Clause Mod: Limit one foe put to sleep\n|rule|HP Percentage Mod: HP is shown in percentages\n|rule|Illusion Level Mod: Illusion disguises the Pokémon's true level\n|\n|t:|1770039124\n|teamsize|p1|6\n|teamsize|p2|6\n|start\n|switch|p1a: Porygon-Z|Porygon-Z, L82|274/274\n|switch|p2a: Kyurem|Kyurem-Black, L76|315/315\n|-ability|p1a: Porygon-Z|Download|boost\n|-boost|p1a: Porygon-Z|spa|1\n|-ability|p2a: Kyurem|Teravolt\n|turn|1\n|inactive|Battle timer is ON: inactive players will automatically lose when time's up. (requested by Apocalyptic Sheep)\n|c|☆Apocalyptic Sheep|glhf\n|\n|t:|1770039144\n|move|p1a: Porygon-Z|Tri Attack|p2a: Kyurem\n|-damage|p2a: Kyurem|56/315\n|move|p2a: Kyurem|Ice Beam|p1a: Porygon-Z\n|-damage|p1a: Porygon-Z|160/274\n|\n|-heal|p2a: Kyurem|75/315|[from] item: Leftovers\n|upkeep\n|turn|2\n|c|☆Blatjanglover|Thanks, you too\n|\n|t:|1770039151\n|switch|p2a: Golem|Golem, L86, M|278/278\n|move|p1a: Porygon-Z|Tri Attack|p2a: Golem\n|-resisted|p2a: Golem\n|-damage|p2a: Golem|132/278\n|\n|upkeep\n|turn|3\n|c|☆Blatjanglover|Dang\n|\n|t:|1770039163\n|switch|p2a: Kyurem|Kyurem-Black, L76|75/315\n|-ability|p2a: Kyurem|Teravolt\n|move|p1a: Porygon-Z|Tri Attack|p2a: Kyurem\n|-damage|p2a: Kyurem|0 fnt\n|faint|p2a: Kyurem\n|\n|upkeep\n|\n|t:|1770039165\n|switch|p2a: Manectric|Manectric, L84, F|255/255\n|turn|4\n|\n|t:|1770039174\n|move|p2a: Manectric|Thunderbolt|p1a: Porygon-Z\n|-damage|p1a: Porygon-Z|0 fnt\n|faint|p1a: Porygon-Z\n|\n|upkeep\n|\n|t:|1770039187\n|switch|p1a: Carbink|Carbink, L91|239/239\n|turn|5\n|\n|t:|1770039193\n|switch|p2a: Golem|Golem, L86, M|132/278\n|move|p1a: Carbink|Light Screen|p1a: Carbink\n|-sidestart|p1: Apocalyptic Sheep|move: Light Screen\n|\n|upkeep\n|turn|6\n|\n|t:|1770039197\n|move|p1a: Carbink|Reflect|p1a: Carbink\n|-sidestart|p1: Apocalyptic Sheep|Reflect\n|move|p2a: Golem|Earthquake|p1a: Carbink\n|-supereffective|p1a: Carbink\n|-damage|p1a: Carbink|158/239\n|\n|upkeep\n|turn|7\n|\n|t:|1770039206\n|move|p1a: Carbink|Moonblast|p2a: Golem\n|-damage|p2a: Golem|45/278\n|move|p2a: Golem|Stealth Rock|p1a: Carbink\n|-sidestart|p1: Apocalyptic Sheep|move: Stealth Rock\n|\n|upkeep\n|turn|8\n|\n|t:|1770039212\n|switch|p2a: Crobat|Crobat, L80, M|267/267\n|move|p1a: Carbink|Moonblast|p2a: Crobat\n|-resisted|p2a: Crobat\n|-damage|p2a: Crobat|228/267\n|\n|-heal|p2a: Crobat|244/267|[from] item: Black Sludge\n|upkeep\n|turn|9\n|\n|t:|1770039219\n|move|p2a: Crobat|Toxic|p1a: Carbink\n|-status|p1a: Carbink|tox\n|move|p1a: Carbink|Power Gem|p2a: Crobat\n|-supereffective|p2a: Crobat\n|-damage|p2a: Crobat|100/267\n|\n|-heal|p2a: Crobat|116/267|[from] item: Black Sludge\n|-damage|p1a: Carbink|144/239 tox|[from] psn\n|upkeep\n|turn|10\n|l|☆Apocalyptic Sheep\n|inactive|Apocalyptic Sheep disconnected and has a minute to reconnect!\n|player|p1|\n|inactive|Apocalyptic Sheep has 30 seconds to reconnect!\n|inactive|Apocalyptic Sheep has 20 seconds to reconnect!\n|l|☆Blatjanglover\n|inactive|Blatjanglover disconnected and has a minute to reconnect!\n|player|p2|\n|inactive|Apocalyptic Sheep has 15 seconds to reconnect!\n|inactive|Apocalyptic Sheep has 10 seconds to reconnect!\n|inactive|Apocalyptic Sheep has 5 seconds to reconnect!\n|j|☆Apocalyptic Sheep\n|inactive|Apocalyptic Sheep reconnected and has 85 seconds left.\n|player|p1|Apocalyptic Sheep|1|\n|c|☆Apocalyptic Sheep|sorry bad connection\n|\n|t:|1770039292\n|move|p2a: Crobat|Roost|p2a: Crobat\n|-heal|p2a: Crobat|250/267\n|-singleturn|p2a: Crobat|move: Roost\n|move|p1a: Carbink|Power Gem|p2a: Crobat\n|-damage|p2a: Crobat|181/267\n|\n|-heal|p2a: Crobat|197/267|[from] item: Black Sludge\n|-damage|p1a: Carbink|116/239 tox|[from] psn\n|upkeep\n|turn|11\n|j|☆Blatjanglover\n|inactive|Blatjanglover reconnected and has 125 seconds left.\n|player|p2|Blatjanglover|brock|\n|inactive|Blatjanglover has 120 seconds left.\n|\n|t:|1770039336\n|switch|p1a: Qwilfish|Qwilfish, L84, F|246/246\n|-damage|p1a: Qwilfish|216/246|[from] Stealth Rock\n|-ability|p1a: Qwilfish|Intimidate|boost\n|-unboost|p2a: Crobat|atk|1\n|move|p2a: Crobat|Roost|p2a: Crobat\n|-heal|p2a: Crobat|267/267\n|-singleturn|p2a: Crobat|move: Roost\n|\n|-heal|p1a: Qwilfish|231/246|[from] item: Black Sludge\n|upkeep\n|turn|12\n|\n|t:|1770039347\n|move|p2a: Crobat|Taunt|p1a: Qwilfish\n|-start|p1a: Qwilfish|move: Taunt\n|cant|p1a: Qwilfish|move: Taunt|Spikes\n|\n|-heal|p1a: Qwilfish|246/246|[from] item: Black Sludge\n|-sideend|p1: Apocalyptic Sheep|move: Light Screen\n|upkeep\n|turn|13\n|\n|t:|1770039352\n|switch|p2a: Leavanny|Leavanny, L86, F|269/269\n|move|p1a: Qwilfish|Waterfall|p2a: Leavanny\n|-resisted|p2a: Leavanny\n|-damage|p2a: Leavanny|226/269\n|\n|-heal|p2a: Leavanny|242/269|[from] item: Leftovers\n|-sideend|p1: Apocalyptic Sheep|Reflect\n|upkeep\n|turn|14\n|inactive|Apocalyptic Sheep has 90 seconds left.\n|\n|t:|1770039360\n|move|p2a: Leavanny|Sticky Web|p1a: Qwilfish\n|-sidestart|p1: Apocalyptic Sheep|move: Sticky Web\n|move|p1a: Qwilfish|Poison Jab|p2a: Leavanny\n|-supereffective|p2a: Leavanny\n|-damage|p2a: Leavanny|56/269\n|\n|-heal|p2a: Leavanny|72/269|[from] item: Leftovers\n|-end|p1a: Qwilfish|move: Taunt\n|upkeep\n|turn|15\n|\n|t:|1770039368\n|move|p2a: Leavanny|Leaf Blade|p1a: Qwilfish\n|-damage|p1a: Qwilfish|134/246\n|move|p1a: Qwilfish|Spikes|p2a: Leavanny\n|-sidestart|p2: Blatjanglover|Spikes\n|\n|-heal|p2a: Leavanny|88/269|[from] item: Leftovers\n|-heal|p1a: Qwilfish|149/246|[from] item: Black Sludge\n|upkeep\n|turn|16\n|\n|t:|1770039376\n|switch|p2a: Golem|Golem, L86, M|45/278\n|-damage|p2a: Golem|11/278|[from] Spikes\n|move|p1a: Qwilfish|Poison Jab|p2a: Golem\n|-resisted|p2a: Golem\n|-damage|p2a: Golem|0 fnt\n|faint|p2a: Golem\n|\n|-heal|p1a: Qwilfish|164/246|[from] item: Black Sludge\n|upkeep\n|\n|t:|1770039381\n|switch|p2a: Manectric|Manectric, L84, F|255/255\n|-damage|p2a: Manectric|224/255|[from] Spikes\n|turn|17\n|\n|t:|1770039391\n|switch|p1a: Garchomp|Garchomp, L76, M|289/289\n|-damage|p1a: Garchomp|271/289|[from] Stealth Rock\n|-activate|p1a: Garchomp|move: Sticky Web\n|-unboost|p1a: Garchomp|spe|1\n|move|p2a: Manectric|Volt Switch|p1a: Garchomp\n|-immune|p1a: Garchomp\n|\n|upkeep\n|turn|18\n|l|☆Blatjanglover\n|inactive|Blatjanglover disconnected and has a minute to reconnect!\n|player|p2|\n|j|☆Blatjanglover\n|inactive|Blatjanglover reconnected and has 130 seconds left.\n|player|p2|Blatjanglover|brock|\n|\n|t:|1770039419\n|switch|p2a: Crobat|Crobat, L80, M|267/267\n|detailschange|p1a: Garchomp|Garchomp-Mega, L76, M\n|-mega|p1a: Garchomp|Garchomp|Garchompite\n|move|p1a: Garchomp|Swords Dance|p1a: Garchomp\n|-boost|p1a: Garchomp|atk|2\n|\n|upkeep\n|turn|19\n|\n|t:|1770039427\n|move|p2a: Crobat|Toxic|p1a: Garchomp\n|-status|p1a: Garchomp|tox\n|move|p1a: Garchomp|Outrage|p2a: Crobat\n|-damage|p2a: Crobat|0 fnt\n|faint|p2a: Crobat\n|\n|-damage|p1a: Garchomp|253/289 tox|[from] psn\n|upkeep\n|\n|t:|1770039430\n|switch|p2a: Sharpedo|Sharpedo, L80, M|243/243\n|-damage|p2a: Sharpedo|213/243|[from] Spikes\n|turn|20\n|inactive|Apocalyptic Sheep has 120 seconds left.\n|\n|t:|1770039439\n|move|p2a: Sharpedo|Protect|p2a: Sharpedo\n|-singleturn|p2a: Sharpedo|Protect\n|move|p1a: Garchomp|Outrage|p2a: Sharpedo|[from] lockedmove\n|-activate|p2a: Sharpedo|move: Protect\n|\n|-damage|p1a: Garchomp|217/289 tox|[from] psn\n|-ability|p2a: Sharpedo|Speed Boost|boost\n|-boost|p2a: Sharpedo|spe|1\n|upkeep\n|turn|21\n|\n|t:|1770039448\n|detailschange|p2a: Sharpedo|Sharpedo-Mega, L80, M\n|-mega|p2a: Sharpedo|Sharpedo|Sharpedonite\n|move|p2a: Sharpedo|Ice Fang|p1a: Garchomp\n|-supereffective|p1a: Garchomp\n|-damage|p1a: Garchomp|0 fnt\n|faint|p1a: Garchomp\n|detailschange|p1: Garchomp|Garchomp, L76, M|[silent]\n|\n|upkeep\n|inactive|Apocalyptic Sheep has 120 seconds left.\n|\n|t:|1770039458\n|switch|p1a: Qwilfish|Qwilfish, L84, F|164/246\n|-damage|p1a: Qwilfish|134/246|[from] Stealth Rock\n|-activate|p1a: Qwilfish|move: Sticky Web\n|-unboost|p1a: Qwilfish|spe|1\n|-ability|p1a: Qwilfish|Intimidate|boost\n|-unboost|p2a: Sharpedo|atk|1\n|turn|22\n|\n|t:|1770039467\n|switch|p2a: Leavanny|Leavanny, L86, F|88/269\n|-damage|p2a: Leavanny|55/269|[from] Spikes\n|move|p1a: Qwilfish|Poison Jab|p2a: Leavanny\n|-supereffective|p2a: Leavanny\n|-crit|p2a: Leavanny\n|-damage|p2a: Leavanny|0 fnt\n|faint|p2a: Leavanny\n|\n|-heal|p1a: Qwilfish|149/246|[from] item: Black Sludge\n|upkeep\n|\n|t:|1770039469\n|switch|p2a: Manectric|Manectric, L84, F|224/255\n|-damage|p2a: Manectric|193/255|[from] Spikes\n|turn|23\n|\n|t:|1770039479\n|switch|p1a: Jolteon|Jolteon, L80, M|235/235\n|-damage|p1a: Jolteon|206/235|[from] Stealth Rock\n|-activate|p1a: Jolteon|move: Sticky Web\n|-unboost|p1a: Jolteon|spe|1\n|move|p2a: Manectric|Thunderbolt|p1a: Jolteon\n|-heal|p1a: Jolteon|235/235|[from] ability: Volt Absorb|[of] p2a: Manectric\n|\n|upkeep\n|turn|24\n|c|☆Blatjanglover|Well dang, gg\n|\n|t:|1770039493\n|move|p2a: Manectric|Thunderbolt|p1a: Jolteon\n|-immune|p1a: Jolteon|[from] ability: Volt Absorb\n|move|p1a: Jolteon|Shadow Ball|p2a: Manectric\n|-damage|p2a: Manectric|74/255\n|-unboost|p2a: Manectric|spd|1\n|\n|upkeep\n|turn|25\n|\n|t:|1770039500\n|switch|p2a: Sharpedo|Sharpedo-Mega, L80, M|213/243\n|-damage|p2a: Sharpedo|183/243|[from] Spikes\n|move|p1a: Jolteon|Shadow Ball|p2a: Sharpedo\n|-resisted|p2a: Sharpedo\n|-damage|p2a: Sharpedo|123/243\n|-unboost|p2a: Sharpedo|spd|1\n|\n|upkeep\n|turn|26\n|\n|t:|1770039509\n|switch|p1a: Carbink|Carbink, L91|116/239 tox\n|-damage|p1a: Carbink|87/239 tox|[from] Stealth Rock\n|-activate|p1a: Carbink|move: Sticky Web\n|-unboost|p1a: Carbink|spe|1\n|move|p2a: Sharpedo|Crunch|p1a: Carbink\n|-resisted|p1a: Carbink\n|-damage|p1a: Carbink|36/239 tox\n|\n|-damage|p1a: Carbink|22/239 tox|[from] psn\n|upkeep\n|turn|27\n|\n|t:|1770039519\n|move|p2a: Sharpedo|Crunch|p1a: Carbink\n|-resisted|p1a: Carbink\n|-crit|p1a: Carbink\n|-damage|p1a: Carbink|0 fnt\n|faint|p1a: Carbink\n|\n|upkeep\n|\n|t:|1770039525\n|switch|p1a: Qwilfish|Qwilfish, L84, F|149/246\n|-damage|p1a: Qwilfish|119/246|[from] Stealth Rock\n|-activate|p1a: Qwilfish|move: Sticky Web\n|-unboost|p1a: Qwilfish|spe|1\n|-ability|p1a: Qwilfish|Intimidate|boost\n|-unboost|p2a: Sharpedo|atk|1\n|turn|28\n|\n|t:|1770039531\n|switch|p2a: Manectric|Manectric, L84, F|74/255\n|-damage|p2a: Manectric|43/255|[from] Spikes\n|move|p1a: Qwilfish|Poison Jab|p2a: Manectric\n|-damage|p2a: Manectric|0 fnt\n|faint|p2a: Manectric\n|\n|-heal|p1a: Qwilfish|134/246|[from] item: Black Sludge\n|upkeep\n|\n|t:|1770039533\n|switch|p2a: Sharpedo|Sharpedo-Mega, L80, M|123/243\n|-damage|p2a: Sharpedo|93/243|[from] Spikes\n|turn|29\n|\n|t:|1770039542\n|move|p2a: Sharpedo|Crunch|p1a: Qwilfish\n|-damage|p1a: Qwilfish|0 fnt\n|faint|p1a: Qwilfish\n|\n|upkeep\n|\n|t:|1770039547\n|switch|p1a: Jolteon|Jolteon, L80, M|235/235\n|-damage|p1a: Jolteon|206/235|[from] Stealth Rock\n|-activate|p1a: Jolteon|move: Sticky Web\n|-unboost|p1a: Jolteon|spe|1\n|turn|30\n|\n|t:|1770039552\n|move|p2a: Sharpedo|Waterfall|p1a: Jolteon\n|-damage|p1a: Jolteon|71/235\n|move|p1a: Jolteon|Thunderbolt|p2a: Sharpedo\n|-supereffective|p2a: Sharpedo\n|-crit|p2a: Sharpedo\n|-damage|p2a: Sharpedo|0 fnt\n|faint|p2a: Sharpedo\n|detailschange|p2: Sharpedo|Sharpedo, L80, M|[silent]\n|\n|win|Apocalyptic Sheep\n|raw|Apocalyptic Sheep's rating: 1484 &rarr; <strong>1510</strong><br />(+26 for winning)\n|raw|Blatjanglover's rating: 1585 &rarr; <strong>1559</strong><br />(-26 for losing)\n|c|☆Apocalyptic Sheep|gg\n", "inputlog": ">version ccdc32dd7cde25fd9e4bed64820e885f66e78a4e\n>start {\"formatid\":\"gen6randombattle\",\"seed\":\"sodium,96cbd58a367e2f7991a6606095de89ee\",\"rated\":\"Rated battle\"}\n>player p1 {\"name\":\"Apocalyptic Sheep\",\"avatar\":\"1\",\"rating\":1484,\"seed\":\"sodium,649d062ffbcb2a921d17ea93e3287a8b\"}\n>player p2 {\"name\":\"Blatjanglover\",\"avatar\":\"brock\",\"rating\":1585,\"seed\":\"sodium,63224c979198bc5e1704cef2c4b74951\"}\n>chat ☆Apocalyptic Sheep|glhf\n>p1 move triattack\n>p2 move icebeam\n>chat ☆Blatjanglover|Thanks, you too\n>p1 move triattack\n>p2 switch 4\n>chat ☆Blatjanglover|Dang\n>p1 move triattack\n>p2 switch 4\n>p2 switch 3\n>p1 move triattack\n>p2 move thunderbolt\n>p1 switch 6\n>p1 move lightscreen\n>p2 switch 4\n>p1 move reflect\n>p2 move earthquake\n>p1 move moonblast\n>p2 move stealthrock\n>p1 move moonblast\n>p2 switch 2\n>p1 move powergem\n>p2 move toxic\n>chat ☆Apocalyptic Sheep|sorry bad connection\n>p1 move powergem\n>p2 move roost\n>p1 switch 4\n>p2 move roost\n>p1 move spikes\n>p2 move taunt\n>p1 move waterfall\n>p2 switch 6\n>p1 move poisonjab\n>p2 move stickyweb\n>p1 move spikes\n>p2 move leafblade\n>p1 move poisonjab\n>p2 switch 2\n>p2 switch 4\n>p1 switch 5\n>p2 move voltswitch\n>p1 move swordsdance mega\n>p2 switch 6\n>p1 move outrage\n>p2 move toxic\n>p2 switch 5\n>p1 move outrage\n>p2 move protect\n>p1 move outrage\n>p2 move icefang mega\n>p1 switch 5\n>p1 move poisonjab\n>p2 switch 2\n>p2 switch 6\n>p1 switch 2\n>p2 move thunderbolt\n>chat ☆Blatjanglover|Well dang, gg\n>p1 move shadowball\n>p2 move thunderbolt\n>p1 move shadowball\n>p2 switch 2\n>p1 switch 4\n>p2 move crunch\n>p1 move reflect\n>p2 move crunch\n>p1 switch 2\n>p1 move poisonjab\n>p2 switch 2\n>p2 switch 2\n>p1 move poisonjab\n>p2 move crunch\n>p1 switch 4\n>p1 move thunderbolt\n>p2 move waterfall", "uploadtime": 1770039557, "views": 215, "formatid": "gen6randombattle", "rating": 1510, "private": 0, "password": null}