{"id": "gen6randombattle-2518743458", "format": "[Gen 6] Random Battle", "players": ["arboretums", "ByMartin0"], "log": "|j|☆arboretums\n|j|☆ByMartin0\n|t:|1768421493\n|gametype|singles\n|player|p1|arboretums|serena-masters2|1534\n|player|p2|ByMartin0|shauntal|1650\n|gen|6\n|tier|[Gen 6] Random Battle\n|rated|\n|rule|Sleep Clause Mod: Limit one foe put to sleep\n|rule|HP Percentage Mod: HP is shown in percentages\n|rule|Illusion Level Mod: Illusion disguises the Pokémon's true level\n|\n|t:|1768421493\n|teamsize|p1|6\n|teamsize|p2|6\n|start\n|switch|p1a: Chesnaught|Chesnaught, L86, M|292/292\n|switch|p2a: Cradily|Cradily, L89, F|298/298\n|turn|1\n|inactive|Battle timer is ON: inactive players will automatically lose when time's up. (requested by arboretums)\n|\n|t:|1768421523\n|switch|p2a: Deoxys|Deoxys-Attack, L72|191/191\n|-ability|p2a: Deoxys|Pressure\n|move|p1a: Chesnaught|Drain Punch|p2a: Deoxys\n|-resisted|p2a: Deoxys\n|-damage|p2a: Deoxys|71/191\n|\n|upkeep\n|turn|2\n|\n|t:|1768421531\n|move|p1a: Chesnaught|Spiky Shield|p1a: Chesnaught\n|-singleturn|p1a: Chesnaught|move: Protect\n|move|p2a: Deoxys|Psycho Boost|p1a: Chesnaught\n|-activate|p1a: Chesnaught|move: Protect\n|\n|upkeep\n|turn|3\n|\n|t:|1768421535\n|switch|p1a: Exeggutor|Exeggutor, L92, M|324/324\n|move|p2a: Deoxys|Psycho Boost|p1a: Exeggutor\n|-resisted|p1a: Exeggutor\n|-damage|p1a: Exeggutor|202/324\n|-unboost|p2a: Deoxys|spa|2\n|-damage|p2a: Deoxys|52/191|[from] item: Life Orb\n|\n|upkeep\n|turn|4\n|\n|t:|1768421540\n|switch|p1a: Chesnaught|Chesnaught, L86, M|292/292\n|move|p2a: Deoxys|Knock Off|p1a: Chesnaught\n|-resisted|p1a: Chesnaught\n|-damage|p1a: Chesnaught|253/292\n|-enditem|p1a: Chesnaught|Leftovers|[from] move: Knock Off|[of] p2a: Deoxys\n|-damage|p2a: Deoxys|33/191|[from] item: Life Orb\n|\n|upkeep\n|turn|5\n|\n|t:|1768421545\n|switch|p2a: Mewtwo|Mewtwo, L69|261/261\n|-ability|p2a: Mewtwo|Unnerve\n|move|p1a: Chesnaught|Spiky Shield||[still]\n|-fail|p1a: Chesnaught\n|\n|upkeep\n|turn|6\n|\n|t:|1768421552\n|switch|p1a: Jellicent|Jellicent, L85, M|309/309\n|detailschange|p2a: Mewtwo|Mewtwo-Mega-X, L69\n|-mega|p2a: Mewtwo|Mewtwo|Mewtwonite X\n|move|p2a: Mewtwo|Taunt|p1a: Jellicent\n|-start|p1a: Jellicent|move: Taunt\n|\n|upkeep\n|turn|7\n|\n|t:|1768421562\n|switch|p2a: Cradily|Cradily, L89, F|298/298\n|move|p1a: Jellicent|Hex|p2a: Cradily\n|-damage|p2a: Cradily|246/298\n|\n|-heal|p2a: Cradily|264/298|[from] item: Leftovers\n|upkeep\n|turn|8\n|\n|t:|1768421569\n|switch|p1a: Chesnaught|Chesnaught, L86, M|253/292\n|move|p2a: Cradily|Stone Edge|p1a: Chesnaught|[miss]\n|-miss|p2a: Cradily|p1a: Chesnaught\n|\n|-heal|p2a: Cradily|282/298|[from] item: Leftovers\n|upkeep\n|turn|9\n|\n|t:|1768421581\n|switch|p2a: Murkrow|Murkrow, L90, M|254/254\n|move|p1a: Chesnaught|Drain Punch|p2a: Murkrow\n|-damage|p2a: Murkrow|161/254\n|-heal|p1a: Chesnaught|292/292|[from] drain|[of] p2a: Murkrow\n|\n|upkeep\n|turn|10\n|\n|t:|1768421592\n|move|p1a: Chesnaught|Spiky Shield|p1a: Chesnaught\n|-singleturn|p1a: Chesnaught|move: Protect\n|move|p2a: Murkrow|Thunder Wave|p1a: Chesnaught\n|-activate|p1a: Chesnaught|move: Protect\n|\n|upkeep\n|turn|11\n|\n|t:|1768421602\n|switch|p1a: Murkrow|Murkrow, L90, F|254/254\n|move|p2a: Murkrow|Thunder Wave|p1a: Murkrow\n|-status|p1a: Murkrow|par\n|\n|upkeep\n|turn|12\n|\n|t:|1768421618\n|switch|p2a: Cradily|Cradily, L89, F|282/298\n|move|p1a: Murkrow|Thunder Wave|p2a: Cradily\n|-status|p2a: Cradily|par\n|\n|-heal|p2a: Cradily|298/298 par|[from] item: Leftovers\n|upkeep\n|turn|13\n|\n|t:|1768421624\n|switch|p1a: Chesnaught|Chesnaught, L86, M|292/292\n|move|p2a: Cradily|Stone Edge|p1a: Chesnaught\n|-resisted|p1a: Chesnaught\n|-damage|p1a: Chesnaught|256/292\n|\n|upkeep\n|turn|14\n|inactive|ByMartin0 has 120 seconds left.\n|\n|t:|1768421656\n|switch|p2a: Murkrow|Murkrow, L90, M|161/254\n|move|p1a: Chesnaught|Drain Punch|p2a: Murkrow\n|-damage|p2a: Murkrow|73/254\n|-heal|p1a: Chesnaught|292/292|[from] drain|[of] p2a: Murkrow\n|\n|upkeep\n|turn|15\n|\n|t:|1768421663\n|switch|p1a: Murkrow|Murkrow, L90, F|254/254 par\n|move|p2a: Murkrow|Thunder Wave|p1a: Murkrow\n|-fail|p1a: Murkrow|par\n|\n|upkeep\n|turn|16\n|\n|t:|1768421667\n|move|p2a: Murkrow|Roost|p2a: Murkrow\n|-heal|p2a: Murkrow|200/254\n|-singleturn|p2a: Murkrow|move: Roost\n|cant|p1a: Murkrow|par\n|\n|upkeep\n|turn|17\n|\n|t:|1768421671\n|switch|p2a: Cradily|Cradily, L89, F|298/298 par\n|move|p1a: Murkrow|Thunder Wave|p2a: Cradily\n|-fail|p2a: Cradily|par\n|\n|upkeep\n|turn|18\n|\n|t:|1768421678\n|switch|p1a: Chesnaught|Chesnaught, L86, M|292/292\n|switch|p2a: Mewtwo|Mewtwo-Mega-X, L69|261/261\n|\n|upkeep\n|turn|19\n|\n|t:|1768421684\n|move|p2a: Mewtwo|Taunt|p1a: Chesnaught\n|-start|p1a: Chesnaught|move: Taunt\n|move|p1a: Chesnaught|Wood Hammer|p2a: Mewtwo\n|-damage|p2a: Mewtwo|111/261\n|-damage|p1a: Chesnaught|242/292|[from] Recoil\n|\n|upkeep\n|turn|20\n|\n|t:|1768421687\n|move|p2a: Mewtwo|Zen Headbutt|p1a: Chesnaught\n|-supereffective|p1a: Chesnaught\n|-damage|p1a: Chesnaught|86/292\n|move|p1a: Chesnaught|Wood Hammer|p2a: Mewtwo\n|-crit|p2a: Mewtwo\n|-damage|p2a: Mewtwo|0 fnt\n|faint|p2a: Mewtwo\n|detailschange|p2: Mewtwo|Mewtwo, L69|[silent]\n|-damage|p1a: Chesnaught|49/292|[from] Recoil\n|\n|upkeep\n|\n|t:|1768421695\n|switch|p2a: Deoxys|Deoxys-Attack, L72|33/191\n|-ability|p2a: Deoxys|Pressure\n|turn|21\n|\n|t:|1768421704\n|switch|p1a: Reshiram|Reshiram, L73|266/266\n|-ability|p1a: Reshiram|Turboblaze\n|move|p2a: Deoxys|Knock Off|p1a: Reshiram\n|-damage|p1a: Reshiram|150/266\n|-enditem|p1a: Reshiram|Leftovers|[from] move: Knock Off|[of] p2a: Deoxys\n|-damage|p2a: Deoxys|14/191|[from] item: Life Orb\n|\n|upkeep\n|turn|22\n|\n|t:|1768421708\n|move|p2a: Deoxys|Psycho Boost|p1a: Reshiram\n|-damage|p1a: Reshiram|0 fnt\n|-unboost|p2a: Deoxys|spa|2\n|faint|p1a: Reshiram\n|-damage|p2a: Deoxys|0 fnt|[from] item: Life Orb\n|faint|p2a: Deoxys\n|\n|upkeep\n|\n|t:|1768421721\n|switch|p2a: Murkrow|Murkrow, L90, M|200/254\n|switch|p1a: Chesnaught|Chesnaught, L86, M|49/292\n|turn|23\n|\n|t:|1768421725\n|move|p1a: Chesnaught|Spiky Shield|p1a: Chesnaught\n|-singleturn|p1a: Chesnaught|move: Protect\n|move|p2a: Murkrow|Foul Play|p1a: Chesnaught\n|-activate|p1a: Chesnaught|move: Protect\n|-damage|p2a: Murkrow|169/254|[from] Spiky Shield|[of] p1a: Chesnaught\n|\n|upkeep\n|turn|24\n|\n|t:|1768421730\n|switch|p1a: Murkrow|Murkrow, L90, F|254/254 par\n|move|p2a: Murkrow|Foul Play|p1a: Murkrow\n|-resisted|p1a: Murkrow\n|-damage|p1a: Murkrow|200/254 par\n|\n|upkeep\n|turn|25\n|\n|t:|1768421734\n|switch|p2a: Cradily|Cradily, L89, F|298/298 par\n|move|p1a: Murkrow|Roost|p1a: Murkrow\n|-heal|p1a: Murkrow|254/254 par\n|-singleturn|p1a: Murkrow|move: Roost\n|\n|upkeep\n|turn|26\n|\n|t:|1768421737\n|switch|p1a: Chesnaught|Chesnaught, L86, M|49/292\n|move|p2a: Cradily|Earth Power|p1a: Chesnaught\n|-resisted|p1a: Chesnaught\n|-damage|p1a: Chesnaught|12/292\n|\n|upkeep\n|turn|27\n|\n|t:|1768421744\n|move|p1a: Chesnaught|Drain Punch|p2a: Cradily\n|-supereffective|p2a: Cradily\n|-damage|p2a: Cradily|146/298 par\n|-heal|p1a: Chesnaught|88/292|[from] drain|[of] p2a: Cradily\n|cant|p2a: Cradily|par\n|\n|-heal|p2a: Cradily|164/298 par|[from] item: Leftovers\n|upkeep\n|turn|28\n|\n|t:|1768421752\n|switch|p2a: Durant|Durant, L79, F|221/221\n|move|p1a: Chesnaught|Drain Punch|p2a: Durant\n|-damage|p2a: Durant|136/221\n|-heal|p1a: Chesnaught|131/292|[from] drain|[of] p2a: Durant\n|\n|upkeep\n|turn|29\n|\n|t:|1768421758\n|move|p2a: Durant|Hone Claws|p2a: Durant\n|-boost|p2a: Durant|atk|1\n|-boost|p2a: Durant|accuracy|1\n|move|p1a: Chesnaught|Leech Seed|p2a: Durant\n|-start|p2a: Durant|move: Leech Seed\n|\n|-damage|p2a: Durant|109/221|[from] Leech Seed|[of] p1a: Chesnaught\n|-heal|p1a: Chesnaught|158/292|[silent]\n|upkeep\n|turn|30\n|\n|t:|1768421763\n|move|p1a: Chesnaught|Spiky Shield|p1a: Chesnaught\n|-singleturn|p1a: Chesnaught|move: Protect\n|move|p2a: Durant|Hone Claws|p2a: Durant\n|-boost|p2a: Durant|atk|1\n|-boost|p2a: Durant|accuracy|1\n|\n|-damage|p2a: Durant|82/221|[from] Leech Seed|[of] p1a: Chesnaught\n|-heal|p1a: Chesnaught|185/292|[silent]\n|upkeep\n|turn|31\n|\n|t:|1768421764\n|move|p2a: Durant|X-Scissor|p1a: Chesnaught\n|-damage|p1a: Chesnaught|0 fnt\n|faint|p1a: Chesnaught\n|-damage|p2a: Durant|60/221|[from] item: Life Orb\n|\n|upkeep\n|\n|t:|1768421768\n|switch|p1a: Simisear|Simisear, L88, M|275/275\n|turn|32\n|\n|t:|1768421775\n|move|p1a: Simisear|Substitute|p1a: Simisear\n|-start|p1a: Simisear|Substitute\n|-damage|p1a: Simisear|207/275\n|move|p2a: Durant|Superpower|p1a: Simisear\n|-end|p1a: Simisear|Substitute\n|-unboost|p2a: Durant|atk|1\n|-unboost|p2a: Durant|def|1\n|-damage|p2a: Durant|38/221|[from] item: Life Orb\n|\n|-heal|p1a: Simisear|224/275|[from] item: Leftovers\n|-damage|p2a: Durant|11/221|[from] Leech Seed|[of] p1a: Simisear\n|-heal|p1a: Simisear|251/275|[silent]\n|upkeep\n|turn|33\n|\n|t:|1768421778\n|move|p1a: Simisear|Substitute|p1a: Simisear\n|-start|p1a: Simisear|Substitute\n|-damage|p1a: Simisear|183/275\n|move|p2a: Durant|Superpower|p1a: Simisear\n|-end|p1a: Simisear|Substitute\n|-unboost|p2a: Durant|atk|1\n|-unboost|p2a: Durant|def|1\n|-damage|p2a: Durant|0 fnt|[from] item: Life Orb\n|faint|p2a: Durant\n|\n|-heal|p1a: Simisear|200/275|[from] item: Leftovers\n|upkeep\n|\n|t:|1768421788\n|switch|p2a: Murkrow|Murkrow, L90, M|169/254\n|turn|34\n|\n|t:|1768421791\n|switch|p1a: Murkrow|Murkrow, L90, F|254/254 par\n|move|p2a: Murkrow|Thunder Wave|p1a: Murkrow\n|-fail|p1a: Murkrow|par\n|\n|upkeep\n|turn|35\n|\n|t:|1768421792\n|switch|p2a: Cradily|Cradily, L89, F|164/298 par\n|cant|p1a: Murkrow|par\n|\n|-heal|p2a: Cradily|182/298 par|[from] item: Leftovers\n|upkeep\n|turn|36\n|\n|t:|1768421796\n|cant|p1a: Murkrow|par\n|cant|p2a: Cradily|par\n|\n|-heal|p2a: Cradily|200/298 par|[from] item: Leftovers\n|upkeep\n|turn|37\n|\n|t:|1768421800\n|move|p1a: Murkrow|Brave Bird|p2a: Cradily\n|-damage|p2a: Cradily|82/298 par\n|-damage|p1a: Murkrow|215/254 par|[from] Recoil\n|move|p2a: Cradily|Stone Edge|p1a: Murkrow\n|-supereffective|p1a: Murkrow\n|-damage|p1a: Murkrow|3/254 par\n|\n|-heal|p2a: Cradily|100/298 par|[from] item: Leftovers\n|upkeep\n|turn|38\n|\n|t:|1768421806\n|move|p1a: Murkrow|Roost|p1a: Murkrow\n|-heal|p1a: Murkrow|130/254 par\n|-singleturn|p1a: Murkrow|move: Roost\n|cant|p2a: Cradily|par\n|\n|-heal|p2a: Cradily|118/298 par|[from] item: Leftovers\n|upkeep\n|turn|39\n|\n|t:|1768421808\n|move|p1a: Murkrow|Brave Bird|p2a: Cradily\n|-damage|p2a: Cradily|10/298 par\n|-damage|p1a: Murkrow|94/254 par|[from] Recoil\n|move|p2a: Cradily|Recover|p2a: Cradily\n|-heal|p2a: Cradily|159/298 par\n|\n|-heal|p2a: Cradily|177/298 par|[from] item: Leftovers\n|upkeep\n|turn|40\n|\n|t:|1768421812\n|cant|p1a: Murkrow|par\n|move|p2a: Cradily|Recover|p2a: Cradily\n|-heal|p2a: Cradily|298/298 par\n|\n|upkeep\n|turn|41\n|\n|t:|1768421814\n|cant|p1a: Murkrow|par\n|move|p2a: Cradily|Stone Edge|p1a: Murkrow\n|-supereffective|p1a: Murkrow\n|-damage|p1a: Murkrow|0 fnt\n|faint|p1a: Murkrow\n|\n|upkeep\n|\n|t:|1768421821\n|switch|p1a: Simisear|Simisear, L88, M|200/275\n|turn|42\n|\n|t:|1768421825\n|move|p1a: Simisear|Substitute|p1a: Simisear\n|-start|p1a: Simisear|Substitute\n|-damage|p1a: Simisear|132/275\n|move|p2a: Cradily|Stone Edge|p1a: Simisear\n|-supereffective|p1a: Simisear\n|-end|p1a: Simisear|Substitute\n|\n|-heal|p1a: Simisear|149/275|[from] item: Leftovers\n|upkeep\n|turn|43\n|\n|t:|1768421829\n|move|p1a: Simisear|Substitute|p1a: Simisear\n|-start|p1a: Simisear|Substitute\n|-damage|p1a: Simisear|81/275\n|cant|p2a: Cradily|par\n|\n|-heal|p1a: Simisear|98/275|[from] item: Leftovers\n|upkeep\n|turn|44\n|\n|t:|1768421831\n|move|p1a: Simisear|Nasty Plot|p1a: Simisear\n|-boost|p1a: Simisear|spa|2\n|cant|p2a: Cradily|par\n|\n|-heal|p1a: Simisear|115/275|[from] item: Leftovers\n|upkeep\n|turn|45\n|\n|t:|1768421836\n|move|p1a: Simisear|Focus Blast|p2a: Cradily\n|-supereffective|p2a: Cradily\n|-damage|p2a: Cradily|0 fnt\n|faint|p2a: Cradily\n|\n|-heal|p1a: Simisear|132/275|[from] item: Leftovers\n|upkeep\n|\n|t:|1768421839\n|switch|p2a: Murkrow|Murkrow, L90, M|169/254\n|turn|46\n|\n|t:|1768421841\n|move|p2a: Murkrow|Haze|p2a: Murkrow\n|-clearallboost\n|move|p1a: Simisear|Fire Blast|p2a: Murkrow\n|-crit|p2a: Murkrow\n|-damage|p2a: Murkrow|0 fnt\n|faint|p2a: Murkrow\n|\n|-heal|p1a: Simisear|149/275|[from] item: Leftovers\n|upkeep\n|\n|t:|1768421844\n|switch|p2a: Houndoom|Houndoom, L84, M|263/263\n|turn|47\n|\n|t:|1768421848\n|move|p1a: Simisear|Focus Blast|p2a: Houndoom|[miss]\n|-miss|p1a: Simisear|p2a: Houndoom\n|move|p2a: Houndoom|Dark Pulse|p1a: Simisear\n|-end|p1a: Simisear|Substitute\n|-damage|p2a: Houndoom|237/263|[from] item: Life Orb\n|\n|-heal|p1a: Simisear|166/275|[from] item: Leftovers\n|upkeep\n|turn|48\n|\n|t:|1768421852\n|move|p1a: Simisear|Focus Blast|p2a: Houndoom\n|-supereffective|p2a: Houndoom\n|-damage|p2a: Houndoom|39/263\n|move|p2a: Houndoom|Dark Pulse|p1a: Simisear\n|-damage|p1a: Simisear|5/275\n|-damage|p2a: Houndoom|13/263|[from] item: Life Orb\n|\n|-heal|p1a: Simisear|22/275|[from] item: Leftovers\n|upkeep\n|turn|49\n|\n|t:|1768421857\n|move|p2a: Houndoom|Sucker Punch|p1a: Simisear\n|-damage|p1a: Simisear|0 fnt\n|faint|p1a: Simisear\n|-damage|p2a: Houndoom|0 fnt|[from] item: Life Orb\n|faint|p2a: Houndoom\n|\n|win|arboretums\n|raw|arboretums's rating: 1534 &rarr; <strong>1560</strong><br />(+26 for winning)\n|raw|ByMartin0's rating: 1650 &rarr; <strong>1624</strong><br />(-26 for losing)\n", "inputlog": ">version f2883557ca71b1a14bc1039fd307aee7de4ab455\n>start {\"formatid\":\"gen6randombattle\",\"seed\":\"sodium,996bdcb5e6705d989bfc036027626546\",\"rated\":\"Rated battle\"}\n>player p1 {\"name\":\"arboretums\",\"avatar\":\"serena-masters2\",\"rating\":1534,\"seed\":\"sodium,180968f2b21949330bab8413050d82ed\"}\n>player p2 {\"name\":\"ByMartin0\",\"avatar\":\"shauntal\",\"rating\":1650,\"seed\":\"sodium,d620a5bdf1e19b8b7e487d42d8f90b1e\"}\n>p1 move drainpunch\n>p2 switch 4\n>p1 move spikyshield\n>p2 move psychoboost\n>p1 switch 6\n>p2 move psychoboost\n>p1 switch 6\n>p2 move knockoff\n>p1 move spikyshield\n>p2 switch 6\n>p1 switch 4\n>p2 move taunt mega\n>p1 move hex\n>p2 switch 4\n>p1 switch 4\n>p2 move stoneedge\n>p1 move drainpunch\n>p2 switch 2\n>p1 move spikyshield\n>p2 move thunderwave\n>p1 switch 2\n>p2 move thunderwave\n>p1 move thunderwave\n>p2 switch 2\n>p1 switch 2\n>p2 move stoneedge\n>p1 move drainpunch\n>p2 switch 2\n>p1 switch 2\n>p2 move thunderwave\n>p1 move bravebird\n>p2 move roost\n>p1 move thunderwave\n>p2 switch 2\n>p1 switch 2\n>p2 switch 4\n>p1 move woodhammer\n>p2 move taunt\n>p1 move woodhammer\n>p2 move zenheadbutt\n>p2 switch 6\n>p1 switch 3\n>p2 move knockoff\n>p1 move roost\n>p2 move psychoboost\n>p1 switch 3\n>p2 switch 2\n>p1 move spikyshield\n>p2 move foulplay\n>p1 switch 2\n>p2 move foulplay\n>p1 move roost\n>p2 switch 4\n>p1 switch 2\n>p2 move earthpower\n>p1 move drainpunch\n>p2 move earthpower\n>p1 move drainpunch\n>p2 switch 5\n>p1 move leechseed\n>p2 move honeclaws\n>p1 move spikyshield\n>p2 move honeclaws\n>p1 move drainpunch\n>p2 move xscissor\n>p1 switch 5\n>p1 move substitute\n>p2 move superpower\n>p1 move substitute\n>p2 move superpower\n>p2 switch 4\n>p1 switch 2\n>p2 move thunderwave\n>p1 move thunderwave\n>p2 switch 5\n>p1 move bravebird\n>p2 move stoneedge\n>p1 move bravebird\n>p2 move stoneedge\n>p1 move roost\n>p2 move recover\n>p1 move bravebird\n>p2 move recover\n>p1 move roost\n>p2 move recover\n>p1 move roost\n>p2 move stoneedge\n>p1 switch 2\n>p1 move substitute\n>p2 move stoneedge\n>p1 move substitute\n>p2 move earthpower\n>p1 move nastyplot\n>p2 move earthpower\n>p1 move focusblast\n>p2 move earthpower\n>p2 switch 5\n>p1 move fireblast\n>p2 move haze\n>p2 switch 3\n>p1 move focusblast\n>p2 move darkpulse\n>p1 move focusblast\n>p2 move darkpulse\n>p1 move focusblast\n>p2 move suckerpunch", "uploadtime": 1768421858, "views": 260, "formatid": "gen6randombattle", "rating": 1560, "private": 0, "password": null}