{"id": "gen6randombattle-2531907299", "format": "[Gen 6] Random Battle", "players": ["Plop", "Magomagic"], "log": "|j|☆Plop\n|j|☆Magomagic\n|t:|1770119183\n|gametype|singles\n|player|p1|Plop|#rbtt9travelers|1668\n|player|p2|Magomagic|clown|1642\n|gen|6\n|tier|[Gen 6] Random Battle\n|rated|\n|rule|Sleep Clause Mod: Limit one foe put to sleep\n|rule|HP Percentage Mod: HP is shown in percentages\n|rule|Illusion Level Mod: Illusion disguises the Pokémon's true level\n|\n|t:|1770119183\n|teamsize|p1|6\n|teamsize|p2|6\n|start\n|switch|p1a: Ninetales|Ninetales, L83, M|257/257\n|switch|p2a: Mienshao|Mienshao, L81, M|237/237\n|-weather|SunnyDay|[from] ability: Drought|[of] p1a: Ninetales\n|turn|1\n|inactive|Battle timer is ON: inactive players will automatically lose when time's up. (requested by Magomagic)\n|\n|t:|1770119209\n|switch|p1a: Carbink|Carbink, L91|239/239\n|move|p2a: Mienshao|Stone Edge|p1a: Carbink\n|-damage|p1a: Carbink|171/239\n|\n|-weather|SunnyDay|[upkeep]\n|upkeep\n|turn|2\n|j| billy zubat\n|\n|t:|1770119229\n|switch|p2a: Roserade|Roserade, L83, F|235/235\n|move|p1a: Carbink|Toxic|p2a: Roserade\n|-immune|p2a: Roserade\n|\n|-weather|SunnyDay|[upkeep]\n|upkeep\n|turn|3\n|\n|t:|1770119245\n|switch|p1a: Accelgor|Accelgor, L89, M|287/287\n|move|p2a: Roserade|Toxic Spikes|p1a: Accelgor\n|-sidestart|p1: Plop|move: Toxic Spikes\n|\n|-weather|SunnyDay|[upkeep]\n|upkeep\n|turn|4\n|\n|t:|1770119252\n|move|p1a: Accelgor|Spikes|p2a: Roserade\n|-sidestart|p2: Magomagic|Spikes\n|move|p2a: Roserade|Toxic Spikes|p1a: Accelgor\n|-sidestart|p1: Plop|move: Toxic Spikes\n|\n|-weather|SunnyDay|[upkeep]\n|upkeep\n|turn|5\n|\n|t:|1770119262\n|switch|p2a: Dodrio|Dodrio, L86, M|243/243\n|move|p1a: Accelgor|Spikes|p2a: Dodrio\n|-sidestart|p2: Magomagic|Spikes\n|\n|-weather|none\n|upkeep\n|turn|6\n|inactive|Plop has 120 seconds left.\n|\n|t:|1770119309\n|move|p1a: Accelgor|Spikes|p2a: Dodrio\n|-sidestart|p2: Magomagic|Spikes\n|move|p2a: Dodrio|Brave Bird|p1a: Accelgor\n|-supereffective|p1a: Accelgor\n|-damage|p1a: Accelgor|0 fnt\n|faint|p1a: Accelgor\n|-damage|p2a: Dodrio|148/243|[from] Recoil\n|-damage|p2a: Dodrio|124/243|[from] item: Life Orb\n|\n|upkeep\n|\n|t:|1770119325\n|switch|p1a: Wigglytuff|Wigglytuff, L93, M|411/411\n|-status|p1a: Wigglytuff|tox\n|turn|7\n|\n|t:|1770119332\n|move|p2a: Dodrio|Return|p1a: Wigglytuff\n|-damage|p1a: Wigglytuff|173/411 tox\n|-damage|p2a: Dodrio|100/243|[from] item: Life Orb\n|move|p1a: Wigglytuff|Stealth Rock|p2a: Dodrio\n|-sidestart|p2: Magomagic|move: Stealth Rock\n|\n|-heal|p1a: Wigglytuff|198/411 tox|[from] item: Leftovers\n|-damage|p1a: Wigglytuff|173/411 tox|[from] psn\n|upkeep\n|turn|8\n|\n|t:|1770119342\n|switch|p1a: Carbink|Carbink, L91|171/239\n|-status|p1a: Carbink|tox\n|move|p2a: Dodrio|Return|p1a: Carbink\n|-resisted|p1a: Carbink\n|-damage|p1a: Carbink|120/239 tox\n|-damage|p2a: Dodrio|76/243|[from] item: Life Orb\n|\n|-damage|p1a: Carbink|106/239 tox|[from] psn\n|upkeep\n|turn|9\n|\n|t:|1770119352\n|move|p2a: Dodrio|Return|p1a: Carbink\n|-resisted|p1a: Carbink\n|-damage|p1a: Carbink|54/239 tox\n|-damage|p2a: Dodrio|52/243|[from] item: Life Orb\n|move|p1a: Carbink|Moonblast|p2a: Dodrio\n|-damage|p2a: Dodrio|0 fnt\n|faint|p2a: Dodrio\n|\n|-damage|p1a: Carbink|26/239 tox|[from] psn\n|upkeep\n|\n|t:|1770119356\n|switch|p2a: Roserade|Roserade, L83, F|235/235\n|-damage|p2a: Roserade|177/235|[from] Spikes\n|-damage|p2a: Roserade|148/235|[from] Stealth Rock\n|turn|10\n|inactive|Plop has 120 seconds left.\n|\n|t:|1770119365\n|move|p2a: Roserade|Spikes|p1a: Carbink\n|-sidestart|p1: Plop|Spikes\n|move|p1a: Carbink|Light Screen|p1a: Carbink\n|-sidestart|p1: Plop|move: Light Screen\n|\n|-heal|p2a: Roserade|162/235|[from] item: Black Sludge\n|-damage|p1a: Carbink|0 fnt|[from] psn\n|faint|p1a: Carbink\n|upkeep\n|inactive|Plop has 120 seconds left.\n|\n|t:|1770119388\n|switch|p1a: Ninetales|Ninetales, L83, M|257/257\n|-status|p1a: Ninetales|tox\n|-damage|p1a: Ninetales|225/257 tox|[from] Spikes\n|-weather|SunnyDay|[from] ability: Drought|[of] p1a: Ninetales\n|turn|11\n|\n|t:|1770119393\n|move|p1a: Ninetales|Fire Blast|p2a: Roserade\n|-supereffective|p2a: Roserade\n|-crit|p2a: Roserade\n|-damage|p2a: Roserade|0 fnt\n|faint|p2a: Roserade\n|\n|-weather|SunnyDay|[upkeep]\n|-heal|p1a: Ninetales|241/257 tox|[from] item: Leftovers\n|-damage|p1a: Ninetales|225/257 tox|[from] psn\n|upkeep\n|\n|t:|1770119395\n|switch|p2a: Delphox|Delphox, L83, M|259/259\n|-damage|p2a: Delphox|195/259|[from] Spikes\n|-damage|p2a: Delphox|131/259|[from] Stealth Rock\n|turn|12\n|inactive|Plop has 120 seconds left.\n|\n|t:|1770119413\n|move|p2a: Delphox|Psyshock|p1a: Ninetales\n|-damage|p1a: Ninetales|167/257 tox\n|move|p1a: Ninetales|Fire Blast|p2a: Delphox\n|-resisted|p2a: Delphox\n|-damage|p2a: Delphox|64/259\n|\n|-weather|SunnyDay|[upkeep]\n|-heal|p1a: Ninetales|183/257 tox|[from] item: Leftovers\n|-damage|p1a: Ninetales|151/257 tox|[from] psn\n|upkeep\n|turn|13\n|\n|t:|1770119420\n|move|p2a: Delphox|Psyshock|p1a: Ninetales\n|-damage|p1a: Ninetales|98/257 tox\n|move|p1a: Ninetales|Fire Blast|p2a: Delphox|[miss]\n|-miss|p1a: Ninetales|p2a: Delphox\n|\n|-weather|SunnyDay|[upkeep]\n|-heal|p1a: Ninetales|114/257 tox|[from] item: Leftovers\n|-damage|p1a: Ninetales|66/257 tox|[from] psn\n|upkeep\n|turn|14\n|\n|t:|1770119423\n|move|p2a: Delphox|Psyshock|p1a: Ninetales\n|-damage|p1a: Ninetales|12/257 tox\n|move|p1a: Ninetales|Fire Blast|p2a: Delphox|[miss]\n|-miss|p1a: Ninetales|p2a: Delphox\n|\n|-weather|SunnyDay|[upkeep]\n|-heal|p1a: Ninetales|28/257 tox|[from] item: Leftovers\n|-damage|p1a: Ninetales|0 fnt|[from] psn\n|faint|p1a: Ninetales\n|upkeep\n|\n|t:|1770119431\n|switch|p1a: Wigglytuff|Wigglytuff, L93, M|173/411 tox\n|-damage|p1a: Wigglytuff|122/411 tox|[from] Spikes\n|turn|15\n|\n|t:|1770119434\n|move|p2a: Delphox|Psyshock|p1a: Wigglytuff\n|-damage|p1a: Wigglytuff|50/411 tox\n|move|p1a: Wigglytuff|Knock Off|p2a: Delphox\n|-supereffective|p2a: Delphox\n|-crit|p2a: Delphox\n|-damage|p2a: Delphox|0 fnt\n|-enditem|p2a: Delphox|Choice Scarf|[from] move: Knock Off|[of] p1a: Wigglytuff\n|faint|p2a: Delphox\n|\n|-weather|none\n|-heal|p1a: Wigglytuff|75/411 tox|[from] item: Leftovers\n|-damage|p1a: Wigglytuff|50/411 tox|[from] psn\n|upkeep\n|\n|t:|1770119442\n|switch|p2a: Unfezant|Unfezant, L87, M|281/281\n|-damage|p2a: Unfezant|211/281|[from] Stealth Rock\n|turn|16\n|\n|t:|1770119453\n|move|p2a: Unfezant|Return|p1a: Wigglytuff\n|-crit|p1a: Wigglytuff\n|-damage|p1a: Wigglytuff|0 fnt\n|faint|p1a: Wigglytuff\n|\n|upkeep\n|\n|t:|1770119454\n|switch|p1a: Deoxys|Deoxys, L74|196/196\n|-status|p1a: Deoxys|tox\n|-damage|p1a: Deoxys|172/196 tox|[from] Spikes\n|-ability|p1a: Deoxys|Pressure\n|turn|17\n|\n|t:|1770119458\n|move|p1a: Deoxys|Ice Beam|p2a: Unfezant\n|-supereffective|p2a: Unfezant\n|-damage|p2a: Unfezant|0 fnt\n|faint|p2a: Unfezant\n|-damage|p1a: Deoxys|153/196 tox|[from] item: Life Orb\n|\n|-damage|p1a: Deoxys|141/196 tox|[from] psn\n|-sideend|p1: Plop|move: Light Screen\n|upkeep\n|\n|t:|1770119466\n|switch|p2a: Machamp|Machamp, L81, F|278/278\n|-damage|p2a: Machamp|209/278|[from] Spikes\n|-damage|p2a: Machamp|192/278|[from] Stealth Rock\n|turn|18\n|\n|t:|1770119475\n|move|p2a: Machamp|Bullet Punch|p1a: Deoxys\n|-damage|p1a: Deoxys|89/196 tox\n|move|p1a: Deoxys|Psycho Boost|p2a: Machamp\n|-supereffective|p2a: Machamp\n|-damage|p2a: Machamp|0 fnt\n|-unboost|p1a: Deoxys|spa|2\n|faint|p2a: Machamp\n|-damage|p1a: Deoxys|70/196 tox|[from] item: Life Orb\n|\n|-damage|p1a: Deoxys|46/196 tox|[from] psn\n|upkeep\n|\n|t:|1770119481\n|switch|p2a: Mienshao|Mienshao, L81, M|237/237\n|-damage|p2a: Mienshao|178/237|[from] Spikes\n|-damage|p2a: Mienshao|164/237|[from] Stealth Rock\n|turn|19\n|inactive|Plop has 120 seconds left.\n|\n|t:|1770119527\n|move|p1a: Deoxys|Knock Off|p2a: Mienshao\n|-resisted|p2a: Mienshao\n|-damage|p2a: Mienshao|98/237\n|-enditem|p2a: Mienshao|Choice Band|[from] move: Knock Off|[of] p1a: Deoxys\n|-damage|p1a: Deoxys|27/196 tox|[from] item: Life Orb\n|move|p2a: Mienshao|High Jump Kick|p1a: Deoxys\n|-resisted|p1a: Deoxys\n|-damage|p1a: Deoxys|0 fnt\n|faint|p1a: Deoxys\n|\n|upkeep\n|\n|t:|1770119530\n|switch|p1a: Arceus|Arceus-Electric, L71|288/288\n|-status|p1a: Arceus|tox\n|-damage|p1a: Arceus|252/288 tox|[from] Spikes\n|turn|20\n|\n|t:|1770119536\n|move|p2a: Mienshao|High Jump Kick|p1a: Arceus|[miss]\n|-miss|p2a: Mienshao|p1a: Arceus\n|-damage|p2a: Mienshao|0 fnt|[from] highjumpkick\n|faint|p2a: Mienshao\n|\n|win|Plop\n|raw|Plop's rating: 1668 &rarr; <strong>1687</strong><br />(+19 for winning)\n|raw|Magomagic's rating: 1642 &rarr; <strong>1623</strong><br />(-19 for losing)\n|l|☆Magomagic\n|player|p2|\n", "inputlog": ">version ccdc32dd7cde25fd9e4bed64820e885f66e78a4e\n>start {\"formatid\":\"gen6randombattle\",\"seed\":\"sodium,48a4dd578f15fc6d7ee45fe8e47ac5c9\",\"rated\":\"Rated battle\"}\n>player p1 {\"name\":\"Plop\",\"avatar\":\"#rbtt9travelers\",\"rating\":1668,\"seed\":\"sodium,58d62f12b568d0970c9dc256ace668aa\"}\n>player p2 {\"name\":\"Magomagic\",\"avatar\":\"clown\",\"rating\":1642,\"seed\":\"sodium,fb41d31bac216592a9091d4ba09150fc\"}\n>p1 switch 2\n>p2 move stoneedge\n>p1 move toxic\n>p2 switch 2\n>p1 switch 4\n>p2 move toxicspikes\n>p1 move spikes\n>p2 move toxicspikes\n>p1 move spikes\n>p2 switch 6\n>p1 move spikes\n>p2 move bravebird\n>p1 switch 6\n>p1 move stealthrock\n>p2 move return\n>p1 switch 4\n>p2 move return\n>p1 move moonblast\n>p2 move return\n>p2 switch 6\n>p1 move lightscreen\n>p2 move spikes\n>p1 switch 2\n>p1 move fireblast\n>p2 move spikes\n>p2 switch 4\n>p1 move fireblast\n>p2 move psyshock\n>p1 move fireblast\n>p2 move psyshock\n>p1 move fireblast\n>p2 move psyshock\n>p1 switch 4\n>p1 move knockoff\n>p2 move psyshock\n>p2 switch 5\n>p1 move dazzlinggleam\n>p2 move return\n>p1 switch 3\n>p1 move icebeam\n>p2 move nightslash\n>p2 switch 3\n>p1 move psychoboost\n>p2 move bulletpunch\n>p2 switch 2\n>p1 move knockoff\n>p2 move highjumpkick\n>p1 switch 5\n>p1 move judgment\n>p2 move highjumpkick", "uploadtime": 1770119544, "views": 226, "formatid": "gen6randombattle", "rating": 1623, "private": 0, "password": null}