{"id": "gen6randombattle-2522896116", "format": "[Gen 6] Random Battle", "players": ["PracticeCatyi0nc", "lucca talento"], "log": "|j|☆PracticeCatyi0nc\n|j|☆lucca talento\n|t:|1768956327\n|gametype|singles\n|player|p1|PracticeCatyi0nc|caitlin|1480\n|player|p2|lucca talento|gambler|1539\n|gen|6\n|tier|[Gen 6] Random Battle\n|rated|\n|rule|Sleep Clause Mod: Limit one foe put to sleep\n|rule|HP Percentage Mod: HP is shown in percentages\n|rule|Illusion Level Mod: Illusion disguises the Pokémon's true level\n|\n|t:|1768956327\n|teamsize|p1|6\n|teamsize|p2|6\n|start\n|switch|p1a: Phione|Phione, L90|290/290\n|switch|p2a: Darmanitan|Darmanitan, L80, M|299/299\n|turn|1\n|inactive|Battle timer is ON: inactive players will automatically lose when time's up. (requested by lucca talento)\n|inactive|lucca talento has 120 seconds left.\n|\n|t:|1768956361\n|switch|p2a: Keldeo|Keldeo-Resolute, L79|273/273\n|move|p1a: Phione|Scald|p2a: Keldeo\n|-resisted|p2a: Keldeo\n|-crit|p2a: Keldeo\n|-damage|p2a: Keldeo|210/273\n|\n|upkeep\n|turn|2\n|\n|t:|1768956372\n|move|p2a: Keldeo|Secret Sword|p1a: Phione\n|-damage|p1a: Phione|190/290\n|move|p1a: Phione|Toxic|p2a: Keldeo\n|-status|p2a: Keldeo|tox\n|\n|-heal|p1a: Phione|208/290|[from] item: Leftovers\n|-damage|p2a: Keldeo|193/273 tox|[from] psn\n|upkeep\n|turn|3\n|\n|t:|1768956385\n|switch|p1a: Toxicroak|Toxicroak, L83, F|273/273\n|move|p2a: Keldeo|Secret Sword|p1a: Toxicroak\n|-resisted|p1a: Toxicroak\n|-damage|p1a: Toxicroak|207/273\n|\n|-damage|p2a: Keldeo|159/273 tox|[from] psn\n|upkeep\n|turn|4\n|\n|t:|1768956395\n|switch|p2a: Darmanitan|Darmanitan, L80, M|299/299\n|move|p1a: Toxicroak|Drain Punch|p2a: Darmanitan\n|-damage|p2a: Darmanitan|134/299\n|-heal|p1a: Toxicroak|273/273|[from] drain|[of] p2a: Darmanitan\n|-damage|p1a: Toxicroak|246/273|[from] item: Life Orb\n|\n|upkeep\n|turn|5\n|\n|t:|1768956418\n|move|p2a: Darmanitan|Earthquake|p1a: Toxicroak\n|-supereffective|p1a: Toxicroak\n|-damage|p1a: Toxicroak|0 fnt\n|faint|p1a: Toxicroak\n|-damage|p2a: Darmanitan|105/299|[from] item: Life Orb\n|\n|upkeep\n|\n|t:|1768956424\n|switch|p1a: Phione|Phione, L90|208/290\n|turn|6\n|\n|t:|1768956429\n|move|p2a: Darmanitan|Superpower|p1a: Phione\n|-damage|p1a: Phione|77/290\n|-unboost|p2a: Darmanitan|atk|1\n|-unboost|p2a: Darmanitan|def|1\n|-damage|p2a: Darmanitan|76/299|[from] item: Life Orb\n|move|p1a: Phione|Scald|p2a: Darmanitan\n|-supereffective|p2a: Darmanitan\n|-crit|p2a: Darmanitan\n|-damage|p2a: Darmanitan|0 fnt\n|faint|p2a: Darmanitan\n|\n|-heal|p1a: Phione|95/290|[from] item: Leftovers\n|upkeep\n|\n|t:|1768956442\n|switch|p2a: Sceptile|Sceptile, L81, F|246/246\n|turn|7\n|\n|t:|1768956452\n|move|p2a: Sceptile|Leaf Blade|p1a: Phione\n|-supereffective|p1a: Phione\n|-damage|p1a: Phione|0 fnt\n|faint|p1a: Phione\n|\n|upkeep\n|\n|t:|1768956470\n|switch|p1a: Avalugg|Avalugg, L90, F|317/317\n|turn|8\n|\n|t:|1768956477\n|switch|p2a: Beartic|Beartic, L94, F|331/331\n|move|p1a: Avalugg|Avalanche|p2a: Beartic\n|-resisted|p2a: Beartic\n|-damage|p2a: Beartic|289/331\n|\n|upkeep\n|turn|9\n|\n|t:|1768956489\n|switch|p1a: Sudowoodo|Sudowoodo, L94, F|284/284\n|move|p2a: Beartic|Stone Edge|p1a: Sudowoodo\n|-damage|p1a: Sudowoodo|188/284\n|\n|-heal|p1a: Sudowoodo|205/284|[from] item: Leftovers\n|upkeep\n|turn|10\n|\n|t:|1768956504\n|switch|p2a: Keldeo|Keldeo-Resolute, L79|159/273 tox\n|move|p1a: Sudowoodo|Stealth Rock|p2a: Keldeo\n|-sidestart|p2: lucca talento|move: Stealth Rock\n|\n|-heal|p1a: Sudowoodo|222/284|[from] item: Leftovers\n|-damage|p2a: Keldeo|142/273 tox|[from] psn\n|upkeep\n|turn|11\n|\n|t:|1768956527\n|switch|p1a: Slaking|Slaking, L82, F|380/380\n|move|p2a: Keldeo|Secret Sword|p1a: Slaking\n|-supereffective|p1a: Slaking\n|-damage|p1a: Slaking|176/380\n|\n|-damage|p2a: Keldeo|108/273 tox|[from] psn\n|upkeep\n|turn|12\n|\n|t:|1768956533\n|move|p2a: Keldeo|Secret Sword|p1a: Slaking\n|-supereffective|p1a: Slaking\n|-crit|p1a: Slaking\n|-damage|p1a: Slaking|0 fnt\n|faint|p1a: Slaking\n|\n|-damage|p2a: Keldeo|57/273 tox|[from] psn\n|upkeep\n|\n|t:|1768956546\n|switch|p1a: Victini|Victini, L77|281/281\n|turn|13\n|\n|t:|1768956570\n|switch|p2a: Beartic|Beartic, L94, F|289/331\n|-damage|p2a: Beartic|207/331|[from] Stealth Rock\n|move|p1a: Victini|U-turn|p2a: Beartic\n|-damage|p2a: Beartic|149/331\n|\n|t:|1768956577\n|switch|p1a: Avalugg|Avalugg, L90, F|317/317|[from] U-turn\n|\n|upkeep\n|turn|14\n|\n|t:|1768956582\n|move|p2a: Beartic|Superpower|p1a: Avalugg\n|-supereffective|p1a: Avalugg\n|-damage|p1a: Avalugg|131/317\n|-unboost|p2a: Beartic|atk|1\n|-unboost|p2a: Beartic|def|1\n|move|p1a: Avalugg|Earthquake|p2a: Beartic\n|-damage|p2a: Beartic|13/331\n|\n|-heal|p1a: Avalugg|150/317|[from] item: Leftovers\n|upkeep\n|turn|15\n|\n|t:|1768956590\n|move|p2a: Beartic|Superpower|p1a: Avalugg\n|-supereffective|p1a: Avalugg\n|-damage|p1a: Avalugg|40/317\n|-unboost|p2a: Beartic|atk|1\n|-unboost|p2a: Beartic|def|1\n|move|p1a: Avalugg|Recover|p1a: Avalugg\n|-heal|p1a: Avalugg|199/317\n|\n|-heal|p1a: Avalugg|218/317|[from] item: Leftovers\n|upkeep\n|turn|16\n|\n|t:|1768956601\n|move|p2a: Beartic|Superpower|p1a: Avalugg\n|-supereffective|p1a: Avalugg\n|-damage|p1a: Avalugg|134/317\n|-unboost|p2a: Beartic|atk|1\n|-unboost|p2a: Beartic|def|1\n|move|p1a: Avalugg|Recover|p1a: Avalugg\n|-heal|p1a: Avalugg|293/317\n|\n|-heal|p1a: Avalugg|312/317|[from] item: Leftovers\n|upkeep\n|turn|17\n|\n|t:|1768956607\n|move|p2a: Beartic|Superpower|p1a: Avalugg\n|-supereffective|p1a: Avalugg\n|-damage|p1a: Avalugg|238/317\n|-unboost|p2a: Beartic|atk|1\n|-unboost|p2a: Beartic|def|1\n|move|p1a: Avalugg|Recover|p1a: Avalugg\n|-heal|p1a: Avalugg|317/317\n|\n|upkeep\n|turn|18\n|\n|t:|1768956613\n|move|p2a: Beartic|Superpower|p1a: Avalugg\n|-supereffective|p1a: Avalugg\n|-damage|p1a: Avalugg|255/317\n|-unboost|p2a: Beartic|atk|1\n|-unboost|p2a: Beartic|def|1\n|move|p1a: Avalugg|Recover|p1a: Avalugg\n|-heal|p1a: Avalugg|317/317\n|\n|upkeep\n|turn|19\n|\n|t:|1768956616\n|move|p2a: Beartic|Superpower|p1a: Avalugg\n|-supereffective|p1a: Avalugg\n|-damage|p1a: Avalugg|265/317\n|-unboost|p2a: Beartic|atk|1\n|-unboost|p2a: Beartic|def|1\n|move|p1a: Avalugg|Earthquake|p2a: Beartic\n|-damage|p2a: Beartic|0 fnt\n|faint|p2a: Beartic\n|\n|-heal|p1a: Avalugg|284/317|[from] item: Leftovers\n|upkeep\n|\n|t:|1768956629\n|switch|p2a: Simisear|Simisear, L88, M|275/275\n|-damage|p2a: Simisear|207/275|[from] Stealth Rock\n|turn|20\n|\n|t:|1768956651\n|switch|p1a: Sudowoodo|Sudowoodo, L94, F|222/284\n|move|p2a: Simisear|Fire Blast|p1a: Sudowoodo\n|-resisted|p1a: Sudowoodo\n|-damage|p1a: Sudowoodo|127/284\n|-damage|p2a: Simisear|180/275|[from] item: Life Orb\n|\n|-heal|p1a: Sudowoodo|144/284|[from] item: Leftovers\n|upkeep\n|turn|21\n|\n|t:|1768956658\n|move|p2a: Simisear|Grass Knot|p1a: Sudowoodo\n|-supereffective|p1a: Sudowoodo\n|-damage|p1a: Sudowoodo|9/284\n|-damage|p2a: Simisear|153/275|[from] item: Life Orb\n|move|p1a: Sudowoodo|Stone Edge|p2a: Simisear\n|-supereffective|p2a: Simisear\n|-damage|p2a: Simisear|0 fnt\n|faint|p2a: Simisear\n|\n|-heal|p1a: Sudowoodo|26/284|[from] item: Leftovers\n|upkeep\n|inactive|lucca talento has 120 seconds left.\n|\n|t:|1768956695\n|switch|p2a: Hitmonlee|Hitmonlee, L86, M|226/226\n|-damage|p2a: Hitmonlee|212/226|[from] Stealth Rock\n|turn|22\n|\n|t:|1768956714\n|move|p2a: Hitmonlee|Knock Off|p1a: Sudowoodo\n|-damage|p1a: Sudowoodo|0 fnt\n|-enditem|p1a: Sudowoodo|Leftovers|[from] move: Knock Off|[of] p2a: Hitmonlee\n|faint|p1a: Sudowoodo\n|\n|upkeep\n|\n|t:|1768956719\n|switch|p1a: Victini|Victini, L77|281/281\n|turn|23\n|inactive|lucca talento has 120 seconds left.\n|\n|t:|1768956748\n|move|p2a: Hitmonlee|Knock Off|p1a: Victini\n|-supereffective|p1a: Victini\n|-damage|p1a: Victini|117/281\n|-enditem|p1a: Victini|Choice Band|[from] move: Knock Off|[of] p2a: Hitmonlee\n|move|p1a: Victini|V-create|p2a: Hitmonlee\n|-damage|p2a: Hitmonlee|0 fnt\n|-unboost|p1a: Victini|spe|1\n|-unboost|p1a: Victini|def|1\n|-unboost|p1a: Victini|spd|1\n|faint|p2a: Hitmonlee\n|\n|upkeep\n|\n|t:|1768956761\n|switch|p2a: Sceptile|Sceptile, L81, F|246/246\n|-damage|p2a: Sceptile|216/246|[from] Stealth Rock\n|turn|24\n|\n|t:|1768956767\n|switch|p1a: Avalugg|Avalugg, L90, F|284/317\n|detailschange|p2a: Sceptile|Sceptile-Mega, L81, F\n|-mega|p2a: Sceptile|Sceptile|Sceptilite\n|move|p2a: Sceptile|Earthquake|p1a: Avalugg\n|-damage|p1a: Avalugg|248/317\n|\n|-heal|p1a: Avalugg|267/317|[from] item: Leftovers\n|upkeep\n|turn|25\n|\n|t:|1768956778\n|switch|p2a: Keldeo|Keldeo-Resolute, L79|57/273 tox\n|-damage|p2a: Keldeo|40/273 tox|[from] Stealth Rock\n|move|p1a: Avalugg|Recover|p1a: Avalugg\n|-heal|p1a: Avalugg|317/317\n|\n|-damage|p2a: Keldeo|23/273 tox|[from] psn\n|upkeep\n|turn|26\n|\n|t:|1768956789\n|switch|p1a: Victini|Victini, L77|117/281\n|move|p2a: Keldeo|Focus Blast|p1a: Victini\n|-resisted|p1a: Victini\n|-damage|p1a: Victini|48/281\n|\n|-damage|p2a: Keldeo|0 fnt|[from] psn\n|faint|p2a: Keldeo\n|upkeep\n|\n|t:|1768956797\n|switch|p2a: Sceptile|Sceptile-Mega, L81, F|216/246\n|-damage|p2a: Sceptile|186/246|[from] Stealth Rock\n|turn|27\n|inactive|lucca talento has 120 seconds left.\n|\n|t:|1768956805\n|move|p2a: Sceptile|Swords Dance|p2a: Sceptile\n|-boost|p2a: Sceptile|atk|2\n|move|p1a: Victini|V-create|p2a: Sceptile\n|-damage|p2a: Sceptile|9/246\n|-unboost|p1a: Victini|spe|1\n|-unboost|p1a: Victini|def|1\n|-unboost|p1a: Victini|spd|1\n|\n|upkeep\n|turn|28\n|inactive|lucca talento has 120 seconds left.\n|\n|t:|1768956827\n|move|p2a: Sceptile|Outrage|p1a: Victini\n|-damage|p1a: Victini|0 fnt\n|faint|p1a: Victini\n|\n|upkeep\n|\n|t:|1768956829\n|switch|p1a: Avalugg|Avalugg, L90, F|317/317\n|turn|29\n|\n|t:|1768956832\n|move|p2a: Sceptile|Outrage|p1a: Avalugg|[from] lockedmove\n|-damage|p1a: Avalugg|185/317\n|move|p1a: Avalugg|Avalanche|p2a: Sceptile\n|-supereffective|p2a: Sceptile\n|-damage|p2a: Sceptile|0 fnt\n|faint|p2a: Sceptile\n|detailschange|p2: Sceptile|Sceptile, L81, F|[silent]\n|\n|win|PracticeCatyi0nc\n|raw|PracticeCatyi0nc's rating: 1480 &rarr; <strong>1503</strong><br />(+23 for winning)\n|raw|lucca talento's rating: 1539 &rarr; <strong>1516</strong><br />(-23 for losing)\n|l|☆lucca talento\n|player|p2|\n", "inputlog": ">version 3bd1a1e329da8d286644078cfc9a9638fc7ea025\n>start {\"formatid\":\"gen6randombattle\",\"seed\":\"sodium,d3b7ab19570a3b2f2788060080b3e9b3\",\"rated\":\"Rated battle\"}\n>player p1 {\"name\":\"PracticeCatyi0nc\",\"avatar\":\"caitlin\",\"rating\":1480,\"seed\":\"sodium,f78434d998666991defec0472bf1b761\"}\n>player p2 {\"name\":\"lucca talento\",\"avatar\":\"gambler\",\"rating\":1539,\"seed\":\"sodium,c83d64ad4c755308221b0ad67570584c\"}\n>p1 move scald\n>p2 switch 6\n>p1 move toxic\n>p2 move secretsword\n>p1 switch 4\n>p2 move secretsword\n>p1 move drainpunch\n>p2 switch 6\n>p1 move drainpunch\n>p2 move earthquake\n>p1 switch 4\n>p1 move scald\n>p2 move superpower\n>p2 switch 3\n>p1 move icebeam\n>p2 move leafblade\n>p1 switch 2\n>p1 move avalanche\n>p2 switch 2\n>p1 switch 5\n>p2 move stoneedge\n>p1 move stealthrock\n>p2 switch 6\n>p1 switch 3\n>p2 move secretsword\n>p1 move retaliate\n>p2 move secretsword\n>p1 switch 6\n>p1 move uturn\n>p2 switch 6\n>p1 switch 5\n>p1 move earthquake\n>p2 move superpower\n>p1 move recover\n>p2 move superpower\n>p1 move recover\n>p2 move superpower\n>p1 move recover\n>p2 move superpower\n>p1 move recover\n>p2 move superpower\n>p1 move earthquake\n>p2 move superpower\n>p2 switch 4\n>p1 switch 3\n>p2 move fireblast\n>p1 move stoneedge\n>p2 move grassknot\n>p2 switch 5\n>p1 move woodhammer\n>p2 move knockoff\n>p1 switch 5\n>p1 move vcreate\n>p2 move knockoff\n>p2 switch 2\n>p1 switch 3\n>p2 move earthquake mega\n>p1 move recover\n>p2 switch 6\n>p1 switch 3\n>p2 move focusblast\n>p2 switch 6\n>p1 move vcreate\n>p2 move swordsdance\n>p1 move uturn\n>p2 move outrage\n>p1 switch 3\n>p1 move avalanche\n>p2 move outrage", "uploadtime": 1768956837, "views": 294, "formatid": "gen6randombattle", "rating": 1503, "private": 0, "password": null}