{"id": "gen6randombattle-2539045029", "format": "[Gen 6] Random Battle", "players": ["GP119", "Omgebhonyel"], "log": "|j|☆GP119\n|j|☆Omgebhonyel\n|t:|1771005935\n|gametype|singles\n|player|p1|GP119|red|1618\n|player|p2|Omgebhonyel|brock|1592\n|gen|6\n|tier|[Gen 6] Random Battle\n|rated|\n|rule|Sleep Clause Mod: Limit one foe put to sleep\n|rule|HP Percentage Mod: HP is shown in percentages\n|rule|Illusion Level Mod: Illusion disguises the Pokémon's true level\n|\n|t:|1771005935\n|teamsize|p1|6\n|teamsize|p2|6\n|start\n|switch|p1a: Serperior|Serperior, L80, F|251/251\n|switch|p2a: Heracross|Heracross, L79, F|256/256\n|turn|1\n|\n|t:|1771005949\n|move|p1a: Serperior|Glare|p2a: Heracross\n|-status|p2a: Heracross|par\n|move|p2a: Heracross|Knock Off|p1a: Serperior\n|-damage|p1a: Serperior|136/251\n|-enditem|p1a: Serperior|Life Orb|[from] move: Knock Off|[of] p2a: Heracross\n|\n|upkeep\n|turn|2\n|\n|t:|1771005974\n|switch|p1a: Qwilfish|Qwilfish, L84, F|246/246\n|-ability|p1a: Qwilfish|Intimidate|boost\n|-unboost|p2a: Heracross|atk|1\n|cant|p2a: Heracross|par\n|\n|upkeep\n|turn|3\n|\n|t:|1771005979\n|switch|p2a: Manectric|Manectric, L78, F|237/237\n|move|p1a: Qwilfish|Waterfall|p2a: Manectric\n|-damage|p2a: Manectric|111/237\n|\n|upkeep\n|turn|4\n|\n|t:|1771005988\n|detailschange|p2a: Manectric|Manectric-Mega, L78, F\n|-mega|p2a: Manectric|Manectric|Manectite\n|-ability|p2a: Manectric|Intimidate|boost\n|-unboost|p1a: Qwilfish|atk|1\n|move|p2a: Manectric|Volt Switch|p1a: Qwilfish\n|-supereffective|p1a: Qwilfish\n|-damage|p1a: Qwilfish|0 fnt\n|faint|p1a: Qwilfish\n|\n|t:|1771006002\n|switch|p2a: Heracross|Heracross, L79, F|256/256 par|[from] Volt Switch\n|\n|upkeep\n|\n|t:|1771006008\n|switch|p1a: Moltres|Moltres, L81|277/277\n|turn|5\n|\n|t:|1771006013\n|switch|p2a: Wobbuffet|Wobbuffet, L93, F|504/504\n|move|p1a: Moltres|Hurricane|p2a: Wobbuffet\n|-damage|p2a: Wobbuffet|351/504\n|-start|p2a: Wobbuffet|confusion\n|\n|upkeep\n|turn|6\n|\n|t:|1771006018\n|move|p1a: Moltres|Toxic|p2a: Wobbuffet|[miss]\n|-miss|p1a: Moltres|p2a: Wobbuffet\n|-activate|p2a: Wobbuffet|confusion\n|-damage|p2a: Wobbuffet|337/504|[from] confusion\n|\n|upkeep\n|turn|7\n|\n|t:|1771006023\n|switch|p2a: Heracross|Heracross, L79, F|256/256 par\n|move|p1a: Moltres|Toxic||[still]\n|-fail|p1a: Moltres\n|\n|upkeep\n|turn|8\n|\n|t:|1771006032\n|switch|p2a: Corsola|Corsola, L99, F|269/269\n|move|p1a: Moltres|Hurricane|p2a: Corsola\n|-resisted|p2a: Corsola\n|-damage|p2a: Corsola|208/269\n|\n|-heal|p2a: Corsola|224/269|[from] item: Leftovers\n|upkeep\n|turn|9\n|\n|t:|1771006038\n|switch|p1a: Serperior|Serperior, L80, F|136/251\n|move|p2a: Corsola|Toxic|p1a: Serperior\n|-status|p1a: Serperior|tox\n|\n|-heal|p2a: Corsola|240/269|[from] item: Leftovers\n|-damage|p1a: Serperior|121/251 tox|[from] psn\n|upkeep\n|turn|10\n|\n|t:|1771006042\n|switch|p2a: Heracross|Heracross, L79, F|256/256 par\n|move|p1a: Serperior|Leaf Storm|p2a: Heracross\n|-resisted|p2a: Heracross\n|-damage|p2a: Heracross|199/256 par\n|-boost|p1a: Serperior|spa|2\n|\n|-damage|p1a: Serperior|91/251 tox|[from] psn\n|upkeep\n|turn|11\n|\n|t:|1771006046\n|move|p1a: Serperior|Hidden Power|p2a: Heracross\n|-supereffective|p2a: Heracross\n|-damage|p2a: Heracross|73/256 par\n|move|p2a: Heracross|Knock Off|p1a: Serperior\n|-damage|p1a: Serperior|12/251 tox\n|\n|-damage|p1a: Serperior|0 fnt|[from] psn\n|faint|p1a: Serperior\n|upkeep\n|\n|t:|1771006057\n|switch|p1a: Banette|Banette, L87, F|253/253\n|-item|p2a: Heracross|Choice Band|[from] ability: Frisk|[of] p1a: Banette\n|turn|12\n|\n|t:|1771006062\n|detailschange|p1a: Banette|Banette-Mega, L87, F\n|-mega|p1a: Banette|Banette|Banettite\n|move|p1a: Banette|Shadow Claw|p2a: Heracross\n|-damage|p2a: Heracross|0 fnt\n|faint|p2a: Heracross\n|\n|upkeep\n|\n|t:|1771006066\n|switch|p2a: Corsola|Corsola, L99, F|269/269\n|turn|13\n|\n|t:|1771006072\n|move|p1a: Banette|Knock Off|p2a: Corsola\n|-damage|p2a: Corsola|167/269\n|-enditem|p2a: Corsola|Leftovers|[from] move: Knock Off|[of] p1a: Banette\n|move|p2a: Corsola|Scald|p1a: Banette\n|-damage|p1a: Banette|165/253\n|-status|p1a: Banette|brn\n|\n|-damage|p1a: Banette|134/253 brn|[from] brn\n|upkeep\n|turn|14\n|\n|t:|1771006077\n|move|p1a: Banette|Will-O-Wisp|p2a: Corsola\n|-status|p2a: Corsola|brn\n|move|p2a: Corsola|Stealth Rock|p1a: Banette\n|-sidestart|p1: GP119|move: Stealth Rock\n|\n|-damage|p1a: Banette|103/253 brn|[from] brn\n|-damage|p2a: Corsola|134/269 brn|[from] brn\n|upkeep\n|turn|15\n|\n|t:|1771006080\n|move|p1a: Banette|Shadow Claw|p2a: Corsola\n|-crit|p2a: Corsola\n|-damage|p2a: Corsola|57/269 brn\n|move|p2a: Corsola|Recover|p2a: Corsola\n|-heal|p2a: Corsola|192/269 brn\n|\n|-damage|p1a: Banette|72/253 brn|[from] brn\n|-damage|p2a: Corsola|159/269 brn|[from] brn\n|upkeep\n|turn|16\n|\n|t:|1771006084\n|move|p1a: Banette|Destiny Bond|p1a: Banette\n|-singlemove|p1a: Banette|Destiny Bond\n|move|p2a: Corsola|Recover|p2a: Corsola\n|-heal|p2a: Corsola|269/269 brn\n|\n|-damage|p1a: Banette|41/253 brn|[from] brn\n|-damage|p2a: Corsola|236/269 brn|[from] brn\n|upkeep\n|turn|17\n|\n|t:|1771006087\n|move|p1a: Banette|Shadow Claw|p2a: Corsola\n|-crit|p2a: Corsola\n|-damage|p2a: Corsola|161/269 brn\n|move|p2a: Corsola|Recover|p2a: Corsola\n|-heal|p2a: Corsola|269/269 brn\n|\n|-damage|p1a: Banette|10/253 brn|[from] brn\n|-damage|p2a: Corsola|236/269 brn|[from] brn\n|upkeep\n|turn|18\n|\n|t:|1771006091\n|move|p1a: Banette|Shadow Claw|p2a: Corsola\n|-damage|p2a: Corsola|184/269 brn\n|move|p2a: Corsola|Recover|p2a: Corsola\n|-heal|p2a: Corsola|269/269 brn\n|\n|-damage|p1a: Banette|0 fnt|[from] brn\n|faint|p1a: Banette\n|detailschange|p1: Banette|Banette, L87, F|[silent]\n|-damage|p2a: Corsola|236/269 brn|[from] brn\n|upkeep\n|\n|t:|1771006095\n|switch|p1a: Lapras|Lapras, L87, F|368/368\n|-damage|p1a: Lapras|276/368|[from] Stealth Rock\n|turn|19\n|\n|t:|1771006101\n|switch|p2a: Wobbuffet|Wobbuffet, L93, F|337/504\n|move|p1a: Lapras|Freeze-Dry|p2a: Wobbuffet\n|-damage|p2a: Wobbuffet|256/504\n|\n|-heal|p1a: Lapras|299/368|[from] item: Leftovers\n|upkeep\n|turn|20\n|\n|t:|1771006107\n|move|p1a: Lapras|Toxic|p2a: Wobbuffet\n|-status|p2a: Wobbuffet|tox\n|move|p2a: Wobbuffet|Encore|p1a: Lapras\n|-start|p1a: Lapras|Encore\n|\n|-heal|p1a: Lapras|322/368|[from] item: Leftovers\n|-damage|p2a: Wobbuffet|225/504 tox|[from] psn\n|upkeep\n|turn|21\n|\n|t:|1771006114\n|switch|p2a: Manectric|Manectric-Mega, L78, F|111/237\n|-ability|p2a: Manectric|Intimidate|boost\n|-unboost|p1a: Lapras|atk|1\n|move|p1a: Lapras|Toxic|p2a: Manectric\n|-status|p2a: Manectric|tox\n|\n|-heal|p1a: Lapras|345/368|[from] item: Leftovers\n|-damage|p2a: Manectric|97/237 tox|[from] psn\n|upkeep\n|turn|22\n|\n|t:|1771006120\n|switch|p1a: Porygon-Z|Porygon-Z, L82|274/274\n|-damage|p1a: Porygon-Z|240/274|[from] Stealth Rock\n|-ability|p1a: Porygon-Z|Download|boost\n|-boost|p1a: Porygon-Z|atk|1\n|move|p2a: Manectric|Thunderbolt|p1a: Porygon-Z\n|-damage|p1a: Porygon-Z|123/274\n|\n|-damage|p2a: Manectric|69/237 tox|[from] psn\n|upkeep\n|turn|23\n|\n|t:|1771006125\n|move|p1a: Porygon-Z|Tri Attack|p2a: Manectric\n|-damage|p2a: Manectric|0 fnt\n|faint|p2a: Manectric\n|detailschange|p2: Manectric|Manectric, L78, F|[silent]\n|\n|upkeep\n|\n|t:|1771006128\n|switch|p2a: Wobbuffet|Wobbuffet, L93, F|225/504 tox\n|turn|24\n|\n|t:|1771006130\n|move|p1a: Porygon-Z|Tri Attack|p2a: Wobbuffet\n|-damage|p2a: Wobbuffet|89/504 tox\n|move|p2a: Wobbuffet|Mirror Coat|p1a: Porygon-Z\n|-damage|p1a: Porygon-Z|0 fnt\n|faint|p1a: Porygon-Z\n|\n|-damage|p2a: Wobbuffet|58/504 tox|[from] psn\n|upkeep\n|\n|t:|1771006138\n|switch|p1a: Lapras|Lapras, L87, F|345/368\n|-damage|p1a: Lapras|253/368|[from] Stealth Rock\n|turn|25\n|\n|t:|1771006150\n|switch|p2a: Dodrio|Dodrio, L86, M|243/243\n|move|p1a: Lapras|Toxic|p2a: Dodrio|[miss]\n|-miss|p1a: Lapras|p2a: Dodrio\n|\n|-heal|p1a: Lapras|276/368|[from] item: Leftovers\n|upkeep\n|turn|26\n|\n|t:|1771006156\n|move|p2a: Dodrio|Brave Bird|p1a: Lapras\n|-damage|p1a: Lapras|69/368\n|-damage|p2a: Dodrio|175/243|[from] Recoil\n|-damage|p2a: Dodrio|151/243|[from] item: Life Orb\n|move|p1a: Lapras|Ice Beam|p2a: Dodrio\n|-supereffective|p2a: Dodrio\n|-damage|p2a: Dodrio|0 fnt\n|faint|p2a: Dodrio\n|\n|-heal|p1a: Lapras|92/368|[from] item: Leftovers\n|upkeep\n|\n|t:|1771006170\n|switch|p2a: Armaldo|Armaldo, L88, M|275/275\n|turn|27\n|\n|t:|1771006173\n|move|p1a: Lapras|Hydro Pump|p2a: Armaldo\n|-supereffective|p2a: Armaldo\n|-damage|p2a: Armaldo|113/275\n|move|p2a: Armaldo|X-Scissor|p1a: Lapras\n|-damage|p1a: Lapras|0 fnt\n|faint|p1a: Lapras\n|\n|upkeep\n|\n|t:|1771006178\n|switch|p1a: Moltres|Moltres, L81|277/277\n|-damage|p1a: Moltres|139/277|[from] Stealth Rock\n|turn|28\n|\n|t:|1771006181\n|switch|p2a: Wobbuffet|Wobbuffet, L93, F|58/504 tox\n|move|p1a: Moltres|Fire Blast|p2a: Wobbuffet|[miss]\n|-miss|p1a: Moltres|p2a: Wobbuffet\n|\n|-heal|p1a: Moltres|156/277|[from] item: Leftovers\n|-damage|p2a: Wobbuffet|27/504 tox|[from] psn\n|upkeep\n|turn|29\n|-enditem|p2a: Wobbuffet|Custap Berry|[eat]\n|-activate|p2a: Wobbuffet|item: Custap Berry|[consumed]\n|\n|t:|1771006184\n|move|p2a: Wobbuffet|Encore|p1a: Moltres\n|-start|p1a: Moltres|Encore\n|move|p1a: Moltres|Fire Blast|p2a: Wobbuffet\n|-damage|p2a: Wobbuffet|0 fnt\n|faint|p2a: Wobbuffet\n|\n|-heal|p1a: Moltres|173/277|[from] item: Leftovers\n|upkeep\n|\n|t:|1771006192\n|switch|p2a: Corsola|Corsola, L99, F|269/269 brn\n|turn|30\n|\n|t:|1771006194\n|move|p1a: Moltres|Fire Blast|p2a: Corsola\n|-resisted|p2a: Corsola\n|-crit|p2a: Corsola\n|-damage|p2a: Corsola|225/269 brn\n|move|p2a: Corsola|Scald|p1a: Moltres\n|-supereffective|p1a: Moltres\n|-damage|p1a: Moltres|0 fnt\n|faint|p1a: Moltres\n|\n|win|Omgebhonyel\n|raw|GP119's rating: 1618 &rarr; <strong>1597</strong><br />(-21 for losing)\n|raw|Omgebhonyel's rating: 1592 &rarr; <strong>1613</strong><br />(+21 for winning)\n|l|☆GP119\n|player|p1|\n|l|☆Omgebhonyel\n|player|p2|\n|j|☆Omgebhonyel\n|player|p2|Omgebhonyel|brock|\n", "inputlog": ">version ccdc32dd7cde25fd9e4bed64820e885f66e78a4e\n>start {\"formatid\":\"gen6randombattle\",\"seed\":\"sodium,e27e417b724fd554d313f56e437ce196\",\"rated\":\"Rated battle\"}\n>player p1 {\"name\":\"GP119\",\"avatar\":\"red\",\"rating\":1618,\"seed\":\"sodium,214edf26a44a82f7dd54c146f6c5b810\"}\n>player p2 {\"name\":\"Omgebhonyel\",\"avatar\":\"brock\",\"rating\":1592,\"seed\":\"sodium,96101460b8c7024fcb116702573a6346\"}\n>p1 move glare\n>p2 move knockoff\n>p1 switch 4\n>p2 move knockoff\n>p1 move waterfall\n>p2 switch 2\n>p1 move poisonjab\n>p2 move voltswitch mega\n>p2 switch 2\n>p1 switch 3\n>p1 move hurricane\n>p2 switch 4\n>p1 move toxic\n>p2 move encore\n>p1 move toxic\n>p2 switch 4\n>p1 move hurricane\n>p2 switch 6\n>p1 switch 4\n>p2 move toxic\n>p1 move leafstorm\n>p2 switch 6\n>p1 move hiddenpower\n>p2 move knockoff\n>p1 switch 5\n>p1 move shadowclaw mega\n>p2 move knockoff\n>p2 switch 6\n>p1 move knockoff\n>p2 move scald\n>p1 move willowisp\n>p2 move stealthrock\n>p1 move shadowclaw\n>p2 move recover\n>p1 move destinybond\n>p2 move recover\n>p1 move shadowclaw\n>p2 move recover\n>p1 move shadowclaw\n>p2 move recover\n>p1 switch 6\n>p1 move freezedry\n>p2 switch 4\n>p1 move toxic\n>p2 move encore\n>p1 move toxic\n>p2 switch 2\n>p1 switch 2\n>p2 move thunderbolt\n>p1 move triattack\n>p2 move voltswitch\n>p2 switch 2\n>p1 move triattack\n>p2 move mirrorcoat\n>p1 switch 2\n>p1 move toxic\n>p2 switch 3\n>p1 move icebeam\n>p2 move bravebird\n>p2 switch 5\n>p1 move hydropump\n>p2 move xscissor\n>p1 switch 4\n>p1 move fireblast\n>p2 switch 3\n>p1 move roost\n>p2 move encore\n>p2 switch 4\n>p1 move fireblast\n>p2 move scald", "uploadtime": 1771006460, "views": 190, "formatid": "gen6randombattle", "rating": 1597, "private": 0, "password": null}