{"id": "gen6randombattle-2518093865", "format": "[Gen 6] Random Battle", "players": ["arboretums", "geomancy enjoyer"], "log": "|j|☆arboretums\n|j|☆geomancy enjoyer\n|t:|1768341450\n|gametype|singles\n|player|p1|arboretums|serena-masters2|1546\n|player|p2|geomancy enjoyer|102|1622\n|gen|6\n|tier|[Gen 6] Random Battle\n|rated|\n|rule|Sleep Clause Mod: Limit one foe put to sleep\n|rule|HP Percentage Mod: HP is shown in percentages\n|rule|Illusion Level Mod: Illusion disguises the Pokémon's true level\n|\n|t:|1768341450\n|teamsize|p1|6\n|teamsize|p2|6\n|start\n|switch|p1a: Gengar|Gengar, L78, F|222/222\n|switch|p2a: Klefki|Klefki, L79, M|220/220\n|turn|1\n|inactive|Battle timer is ON: inactive players will automatically lose when time's up. (requested by arboretums)\n|\n|t:|1768341474\n|switch|p1a: Rhyperior|Rhyperior, L82, M|323/323\n|move|p2a: Klefki|Thunder Wave|p1a: Rhyperior\n|-immune|p1a: Rhyperior\n|\n|upkeep\n|turn|2\n|inactive|geomancy enjoyer has 120 seconds left.\n|\n|t:|1768341515\n|switch|p2a: Dragalge|Dragalge, L87, M|255/255\n|move|p1a: Rhyperior|Earthquake|p2a: Dragalge\n|-supereffective|p2a: Dragalge\n|-damage|p2a: Dragalge|0 fnt\n|faint|p2a: Dragalge\n|\n|upkeep\n|\n|t:|1768341537\n|switch|p2a: Gogoat|Gogoat, L90, F|368/368\n|turn|3\n|\n|t:|1768341563\n|switch|p1a: Gengar|Gengar, L78, F|222/222\n|move|p2a: Gogoat|Horn Leech|p1a: Gengar\n|-resisted|p1a: Gengar\n|-damage|p1a: Gengar|155/222\n|\n|upkeep\n|turn|4\n|\n|t:|1768341577\n|move|p1a: Gengar|Will-O-Wisp|p2a: Gogoat\n|-status|p2a: Gogoat|brn\n|move|p2a: Gogoat|Earthquake|p1a: Gengar\n|-immune|p1a: Gengar|[from] ability: Levitate\n|\n|-damage|p2a: Gogoat|322/368 brn|[from] brn\n|upkeep\n|turn|5\n|\n|t:|1768341589\n|move|p1a: Gengar|Sludge Wave|p2a: Gogoat\n|-supereffective|p2a: Gogoat\n|-damage|p2a: Gogoat|31/368 brn\n|-damage|p1a: Gengar|133/222|[from] item: Life Orb\n|move|p2a: Gogoat|Horn Leech|p1a: Gengar\n|-resisted|p1a: Gengar\n|-damage|p1a: Gengar|102/222\n|-heal|p2a: Gogoat|47/368 brn|[from] drain|[of] p1a: Gengar\n|\n|-heal|p2a: Gogoat|70/368 brn|[from] item: Leftovers\n|-damage|p2a: Gogoat|24/368 brn|[from] brn\n|upkeep\n|turn|6\n|\n|t:|1768341596\n|move|p1a: Gengar|Shadow Ball|p2a: Gogoat\n|-damage|p2a: Gogoat|0 fnt\n|faint|p2a: Gogoat\n|-damage|p1a: Gengar|80/222|[from] item: Life Orb\n|\n|upkeep\n|\n|t:|1768341610\n|switch|p2a: Electrode|Electrode, L88|249/249\n|turn|7\n|\n|t:|1768341614\n|switch|p1a: Rhyperior|Rhyperior, L82, M|323/323\n|move|p2a: Electrode|Hidden Power|p1a: Rhyperior\n|-supereffective|p1a: Rhyperior\n|-damage|p1a: Rhyperior|243/323\n|-damage|p2a: Electrode|225/249|[from] item: Life Orb\n|\n|upkeep\n|turn|8\n|inactive|geomancy enjoyer has 120 seconds left.\n|\n|t:|1768341622\n|switch|p2a: Uxie|Uxie, L81|254/254\n|move|p1a: Rhyperior|Earthquake|p2a: Uxie\n|-immune|p2a: Uxie|[from] ability: Levitate\n|\n|upkeep\n|turn|9\n|\n|t:|1768341645\n|switch|p1a: Hariyama|Hariyama, L86, M|388/388\n|move|p2a: Uxie|Stealth Rock|p1a: Hariyama\n|-sidestart|p1: arboretums|move: Stealth Rock\n|\n|-status|p1a: Hariyama|tox|[from] item: Toxic Orb\n|upkeep\n|turn|10\n|\n|t:|1768341650\n|move|p2a: Uxie|Psychic|p1a: Hariyama\n|-supereffective|p1a: Hariyama\n|-damage|p1a: Hariyama|208/388 tox\n|move|p1a: Hariyama|Knock Off|p2a: Uxie\n|-supereffective|p2a: Uxie\n|-crit|p2a: Uxie\n|-damage|p2a: Uxie|0 fnt\n|-enditem|p2a: Uxie|Leftovers|[from] move: Knock Off|[of] p1a: Hariyama\n|faint|p2a: Uxie\n|\n|-damage|p1a: Hariyama|184/388 tox|[from] psn\n|upkeep\n|\n|t:|1768341667\n|switch|p2a: Klefki|Klefki, L79, M|220/220\n|turn|11\n|\n|t:|1768341676\n|move|p2a: Klefki|Dazzling Gleam|p1a: Hariyama\n|-supereffective|p1a: Hariyama\n|-damage|p1a: Hariyama|22/388 tox\n|move|p1a: Hariyama|Close Combat|p2a: Klefki\n|-damage|p2a: Klefki|0 fnt\n|-unboost|p1a: Hariyama|def|1\n|-unboost|p1a: Hariyama|spd|1\n|faint|p2a: Klefki\n|\n|-damage|p1a: Hariyama|0 fnt|[from] psn\n|faint|p1a: Hariyama\n|upkeep\n|\n|t:|1768341680\n|switch|p2a: Electrode|Electrode, L88|225/249\n|switch|p1a: Rhyperior|Rhyperior, L82, M|243/323\n|-damage|p1a: Rhyperior|223/323|[from] Stealth Rock\n|turn|12\n|\n|t:|1768341686\n|move|p2a: Electrode|Taunt|p1a: Rhyperior\n|-start|p1a: Rhyperior|move: Taunt\n|move|p1a: Rhyperior|Earthquake|p2a: Electrode\n|-supereffective|p2a: Electrode\n|-damage|p2a: Electrode|0 fnt\n|faint|p2a: Electrode\n|\n|upkeep\n|\n|t:|1768341688\n|switch|p2a: Cloyster|Cloyster, L78, F|206/206\n|turn|13\n|\n|t:|1768341709\n|move|p2a: Cloyster|Shell Smash|p2a: Cloyster\n|-unboost|p2a: Cloyster|def|1\n|-unboost|p2a: Cloyster|spd|1\n|-boost|p2a: Cloyster|atk|2\n|-boost|p2a: Cloyster|spa|2\n|-boost|p2a: Cloyster|spe|2\n|-enditem|p2a: Cloyster|White Herb\n|-clearnegativeboost|p2a: Cloyster|[silent]\n|move|p1a: Rhyperior|Stone Edge|p2a: Cloyster\n|-supereffective|p2a: Cloyster\n|-damage|p2a: Cloyster|38/206\n|\n|upkeep\n|turn|14\n|\n|t:|1768341724\n|move|p2a: Cloyster|Icicle Spear|p1a: Rhyperior\n|-supereffective|p1a: Rhyperior\n|-crit|p1a: Rhyperior\n|-damage|p1a: Rhyperior|145/323\n|-supereffective|p1a: Rhyperior\n|-damage|p1a: Rhyperior|94/323\n|-supereffective|p1a: Rhyperior\n|-damage|p1a: Rhyperior|40/323\n|-supereffective|p1a: Rhyperior\n|-damage|p1a: Rhyperior|0 fnt\n|faint|p1a: Rhyperior\n|-hitcount|p1: Rhyperior|4\n|\n|upkeep\n|\n|t:|1768341749\n|switch|p1a: Dusknoir|Dusknoir, L89, M|225/225\n|-damage|p1a: Dusknoir|197/225|[from] Stealth Rock\n|-ability|p1a: Dusknoir|Pressure\n|turn|15\n|\n|t:|1768341764\n|move|p1a: Dusknoir|Shadow Sneak|p2a: Cloyster\n|-damage|p2a: Cloyster|7/206\n|move|p2a: Cloyster|Rock Blast|p1a: Dusknoir\n|-damage|p1a: Dusknoir|176/225\n|-damage|p1a: Dusknoir|154/225\n|-damage|p1a: Dusknoir|134/225\n|-damage|p1a: Dusknoir|114/225\n|-damage|p1a: Dusknoir|92/225\n|-hitcount|p1a: Dusknoir|5\n|\n|-heal|p1a: Dusknoir|106/225|[from] item: Leftovers\n|upkeep\n|turn|16\n|\n|t:|1768341779\n|move|p1a: Dusknoir|Shadow Sneak|p2a: Cloyster\n|-damage|p2a: Cloyster|0 fnt\n|faint|p2a: Cloyster\n|\n|win|arboretums\n|raw|arboretums's rating: 1546 &rarr; <strong>1570</strong><br />(+24 for winning)\n|raw|geomancy enjoyer's rating: 1622 &rarr; <strong>1598</strong><br />(-24 for losing)\n", "inputlog": ">version f2883557ca71b1a14bc1039fd307aee7de4ab455\n>start {\"formatid\":\"gen6randombattle\",\"seed\":\"sodium,868386b6967b6b10088498aa5e267eff\",\"rated\":\"Rated battle\"}\n>player p1 {\"name\":\"arboretums\",\"avatar\":\"serena-masters2\",\"rating\":1546,\"seed\":\"sodium,62c5acc4440e24142ebde9a57850afc5\"}\n>player p2 {\"name\":\"geomancy enjoyer\",\"avatar\":\"102\",\"rating\":1622,\"seed\":\"sodium,c32a3d139431c7fc20274f439ae2d815\"}\n>p1 switch 3\n>p2 move thunderwave\n>p1 move earthquake\n>p2 switch 3\n>p2 switch 6\n>p1 switch 3\n>p2 move hornleech\n>p1 move willowisp\n>p2 move earthquake\n>p1 move sludgewave\n>p2 move hornleech\n>p1 move shadowball\n>p2 move hornleech\n>p2 switch 2\n>p1 switch 3\n>p2 move hiddenpower\n>p1 move earthquake\n>p2 switch 5\n>p1 switch 5\n>p2 move stealthrock\n>p1 move knockoff\n>p2 move psychic\n>p2 switch 3\n>p1 move closecombat\n>p2 move dazzlinggleam\n>p1 switch 5\n>p2 switch 5\n>p1 move earthquake\n>p2 move taunt\n>p2 switch 4\n>p1 move stoneedge\n>p2 move shellsmash\n>p1 move earthquake\n>p2 move iciclespear\n>p1 switch 2\n>p1 move shadowsneak\n>p2 move rockblast\n>p1 move shadowsneak\n>p2 move rockblast", "uploadtime": 1768341780, "views": 216, "formatid": "gen6randombattle", "rating": 1570, "private": 0, "password": null}