{"id": "gen6randombattle-2523644989", "format": "[Gen 6] Random Battle", "players": ["arboretums", "dipster027"], "log": "|j|☆arboretums\n|j|☆dipster027\n|t:|1769048129\n|gametype|singles\n|player|p1|arboretums|serena-masters2|1596\n|player|p2|dipster027|101|1587\n|gen|6\n|tier|[Gen 6] Random Battle\n|rated|\n|rule|Sleep Clause Mod: Limit one foe put to sleep\n|rule|HP Percentage Mod: HP is shown in percentages\n|rule|Illusion Level Mod: Illusion disguises the Pokémon's true level\n|\n|t:|1769048129\n|teamsize|p1|6\n|teamsize|p2|6\n|start\n|switch|p1a: Miltank|Miltank, L84, F, shiny|297/297\n|switch|p2a: Chimecho|Chimecho, L97, F|283/283\n|turn|1\n|inactive|Battle timer is ON: inactive players will automatically lose when time's up. (requested by dipster027)\n|inactive|dipster027 has 120 seconds left.\n|\n|t:|1769048170\n|move|p1a: Miltank|Body Slam|p2a: Chimecho\n|-damage|p2a: Chimecho|196/283\n|move|p2a: Chimecho|Toxic|p1a: Miltank\n|-status|p1a: Miltank|tox\n|\n|-heal|p2a: Chimecho|213/283|[from] item: Leftovers\n|-damage|p1a: Miltank|279/297 tox|[from] psn\n|upkeep\n|turn|2\n|\n|t:|1769048187\n|move|p1a: Miltank|Stealth Rock|p2a: Chimecho\n|-sidestart|p2: dipster027|move: Stealth Rock\n|move|p2a: Chimecho|Psychic|p1a: Miltank\n|-damage|p1a: Miltank|132/297 tox\n|\n|-heal|p1a: Miltank|150/297 tox|[from] item: Leftovers\n|-heal|p2a: Chimecho|230/283|[from] item: Leftovers\n|-damage|p1a: Miltank|114/297 tox|[from] psn\n|upkeep\n|turn|3\n|inactive|arboretums has 120 seconds left.\n|\n|t:|1769048217\n|move|p1a: Miltank|Body Slam|p2a: Chimecho\n|-damage|p2a: Chimecho|151/283\n|-status|p2a: Chimecho|par\n|move|p2a: Chimecho|Knock Off|p1a: Miltank\n|-damage|p1a: Miltank|64/297 tox\n|-enditem|p1a: Miltank|Leftovers|[from] move: Knock Off|[of] p2a: Chimecho\n|\n|-heal|p2a: Chimecho|168/283 par|[from] item: Leftovers\n|-damage|p1a: Miltank|10/297 tox|[from] psn\n|upkeep\n|turn|4\n|inactive|arboretums has 120 seconds left.\n|\n|t:|1769048232\n|switch|p1a: Giratina|Giratina-Origin, L70|326/326\n|move|p2a: Chimecho|Recover|p2a: Chimecho\n|-heal|p2a: Chimecho|283/283 par\n|\n|upkeep\n|turn|5\n|inactive|arboretums has 120 seconds left.\n|\n|t:|1769048247\n|switch|p2a: Miltank|Miltank, L84, F|297/297\n|-damage|p2a: Miltank|260/297|[from] Stealth Rock\n|move|p1a: Giratina|Hex|p2a: Miltank\n|-immune|p2a: Miltank\n|\n|-heal|p2a: Miltank|278/297|[from] item: Leftovers\n|upkeep\n|turn|6\n|inactive|arboretums has 120 seconds left.\n|inactive|arboretums has 90 seconds left.\n|\n|t:|1769048290\n|switch|p2a: Chandelure|Chandelure, L82, F|233/233\n|-damage|p2a: Chandelure|175/233|[from] Stealth Rock\n|move|p1a: Giratina|Thunder Wave|p2a: Chandelure\n|-status|p2a: Chandelure|par\n|\n|-heal|p2a: Chandelure|189/233 par|[from] item: Leftovers\n|upkeep\n|turn|7\n|\n|t:|1769048302\n|switch|p2a: Miltank|Miltank, L84, F|278/297\n|-damage|p2a: Miltank|241/297|[from] Stealth Rock\n|move|p1a: Giratina|Hex|p2a: Miltank\n|-immune|p2a: Miltank\n|\n|-heal|p2a: Miltank|259/297|[from] item: Leftovers\n|upkeep\n|turn|8\n|\n|t:|1769048307\n|move|p2a: Miltank|Heal Bell|p2a: Miltank\n|-activate|p2a: Miltank|move: Heal Bell\n|-curestatus|p2: Chandelure|par|[msg]\n|-curestatus|p2: Chimecho|par|[msg]\n|move|p1a: Giratina|Draco Meteor|p2a: Miltank\n|-damage|p2a: Miltank|87/297\n|-unboost|p1a: Giratina|spa|2\n|\n|-heal|p2a: Miltank|105/297|[from] item: Leftovers\n|upkeep\n|turn|9\n|\n|t:|1769048323\n|move|p2a: Miltank|Milk Drink|p2a: Miltank\n|-heal|p2a: Miltank|254/297\n|move|p1a: Giratina|Thunder Wave|p2a: Miltank\n|-status|p2a: Miltank|par\n|\n|-heal|p2a: Miltank|272/297 par|[from] item: Leftovers\n|upkeep\n|turn|10\n|\n|t:|1769048352\n|switch|p1a: Gallade|Gallade, L77, M|231/231\n|switch|p2a: Linoone|Linoone, L84, F|268/268\n|-damage|p2a: Linoone|235/268|[from] Stealth Rock\n|\n|upkeep\n|turn|11\n|inactive|dipster027 has 120 seconds left.\n|\n|t:|1769048371\n|switch|p2a: Chimecho|Chimecho, L97, F|283/283\n|-damage|p2a: Chimecho|248/283|[from] Stealth Rock\n|move|p1a: Gallade|Close Combat|p2a: Chimecho\n|-resisted|p2a: Chimecho\n|-damage|p2a: Chimecho|185/283\n|-unboost|p1a: Gallade|def|1\n|-unboost|p1a: Gallade|spd|1\n|\n|-heal|p2a: Chimecho|202/283|[from] item: Leftovers\n|upkeep\n|turn|12\n|inactive|dipster027 has 120 seconds left.\n|\n|t:|1769048386\n|switch|p1a: Miltank|Miltank, L84, F, shiny|10/297 tox\n|move|p2a: Chimecho|Psychic|p1a: Miltank\n|-damage|p1a: Miltank|0 fnt\n|faint|p1a: Miltank\n|\n|-heal|p2a: Chimecho|219/283|[from] item: Leftovers\n|upkeep\n|\n|t:|1769048391\n|switch|p1a: Crawdaunt|Crawdaunt, L83, M|240/240\n|turn|13\n|inactive|dipster027 has 120 seconds left.\n|\n|t:|1769048406\n|switch|p2a: Miltank|Miltank, L84, F|272/297 par\n|-damage|p2a: Miltank|235/297 par|[from] Stealth Rock\n|move|p1a: Crawdaunt|Knock Off|p2a: Miltank\n|-damage|p2a: Miltank|33/297 par\n|-enditem|p2a: Miltank|Leftovers|[from] move: Knock Off|[of] p1a: Crawdaunt\n|\n|upkeep\n|turn|14\n|\n|t:|1769048413\n|move|p1a: Crawdaunt|Knock Off|p2a: Miltank\n|-damage|p2a: Miltank|0 fnt\n|faint|p2a: Miltank\n|\n|upkeep\n|inactive|dipster027 has 120 seconds left.\n|\n|t:|1769048436\n|switch|p2a: Relicanth|Relicanth, L87, M|316/316\n|-damage|p2a: Relicanth|277/316|[from] Stealth Rock\n|turn|15\n|\n|t:|1769048445\n|move|p2a: Relicanth|Head Smash|p1a: Crawdaunt|[miss]\n|-miss|p2a: Relicanth|p1a: Crawdaunt\n|move|p1a: Crawdaunt|Knock Off|p2a: Relicanth\n|-damage|p2a: Relicanth|107/316\n|-enditem|p2a: Relicanth|Choice Band|[from] move: Knock Off|[of] p1a: Crawdaunt\n|\n|upkeep\n|turn|16\n|inactive|dipster027 has 120 seconds left.\n|\n|t:|1769048466\n|switch|p1a: Gallade|Gallade, L77, M|231/231\n|move|p2a: Relicanth|Head Smash|p1a: Gallade\n|-resisted|p1a: Gallade\n|-damage|p1a: Gallade|126/231\n|\n|upkeep\n|turn|17\n|\n|t:|1769048471\n|switch|p2a: Chandelure|Chandelure, L82, F|189/233\n|-damage|p2a: Chandelure|131/233|[from] Stealth Rock\n|detailschange|p1a: Gallade|Gallade-Mega, L77, M\n|-mega|p1a: Gallade|Gallade|Galladite\n|move|p1a: Gallade|Swords Dance|p1a: Gallade\n|-boost|p1a: Gallade|atk|2\n|\n|-heal|p2a: Chandelure|145/233|[from] item: Leftovers\n|upkeep\n|turn|18\n|inactive|dipster027 has 120 seconds left.\n|\n|t:|1769048483\n|switch|p2a: Relicanth|Relicanth, L87, M|107/316\n|-damage|p2a: Relicanth|68/316|[from] Stealth Rock\n|move|p1a: Gallade|Knock Off|p2a: Relicanth\n|-damage|p2a: Relicanth|0 fnt\n|faint|p2a: Relicanth\n|\n|upkeep\n|\n|t:|1769048485\n|switch|p2a: Rapidash|Rapidash, L87, F|255/255\n|-damage|p2a: Rapidash|192/255|[from] Stealth Rock\n|turn|19\n|\n|t:|1769048492\n|switch|p1a: Giratina|Giratina-Origin, L70|326/326\n|move|p2a: Rapidash|Flare Blitz|p1a: Giratina\n|-resisted|p1a: Giratina\n|-damage|p1a: Giratina|247/326\n|-damage|p2a: Rapidash|166/255|[from] Recoil\n|\n|-heal|p2a: Rapidash|181/255|[from] item: Leftovers\n|upkeep\n|turn|20\n|\n|t:|1769048499\n|switch|p2a: Linoone|Linoone, L84, F|235/268\n|-damage|p2a: Linoone|202/268|[from] Stealth Rock\n|move|p1a: Giratina|Thunder Wave|p2a: Linoone\n|-status|p2a: Linoone|par\n|\n|upkeep\n|turn|21\n|\n|t:|1769048506\n|move|p2a: Linoone|Belly Drum|p2a: Linoone\n|-damage|p2a: Linoone|68/268 par\n|-setboost|p2a: Linoone|atk|6|[from] move: Belly Drum\n|-enditem|p2a: Linoone|Sitrus Berry|[eat]\n|-heal|p2a: Linoone|135/268 par|[from] item: Sitrus Berry\n|move|p1a: Giratina|Draco Meteor|p2a: Linoone\n|-damage|p2a: Linoone|0 fnt\n|-unboost|p1a: Giratina|spa|2\n|faint|p2a: Linoone\n|\n|upkeep\n|c|☆arboretums|I love this team\n|\n|t:|1769048515\n|switch|p2a: Chandelure|Chandelure, L82, F|145/233\n|-damage|p2a: Chandelure|87/233|[from] Stealth Rock\n|turn|22\n|\n|t:|1769048525\n|switch|p1a: Crawdaunt|Crawdaunt, L83, M|240/240\n|move|p2a: Chandelure|Substitute|p2a: Chandelure\n|-start|p2a: Chandelure|Substitute\n|-damage|p2a: Chandelure|29/233\n|\n|-heal|p2a: Chandelure|43/233|[from] item: Leftovers\n|upkeep\n|turn|23\n|\n|t:|1769048528\n|move|p1a: Crawdaunt|Aqua Jet|p2a: Chandelure\n|-supereffective|p2a: Chandelure\n|-end|p2a: Chandelure|Substitute\n|move|p2a: Chandelure|Fire Blast|p1a: Crawdaunt\n|-resisted|p1a: Crawdaunt\n|-damage|p1a: Crawdaunt|138/240\n|\n|-heal|p2a: Chandelure|57/233|[from] item: Leftovers\n|upkeep\n|turn|24\n|-message|dipster027 forfeited.\n|\n|win|arboretums\n|raw|arboretums's rating: 1596 &rarr; <strong>1617</strong><br />(+21 for winning)\n|raw|dipster027's rating: 1607 &rarr; <strong>1586</strong><br />(-21 for losing)\n|l|☆dipster027\n|player|p2|\n|c|☆arboretums|!showteam\n|c| arboretums|/raw <div class=\"infobox\"><details><summary>View team</summary>Miltank (F) @ Leftovers  <br />Ability: Sap Sipper  <br />Level: 84  <br />Shiny: Yes  <br />EVs: 85 HP &#x2f; 85 Atk &#x2f; 85 Def &#x2f; 85 SpA &#x2f; 85 SpD &#x2f; 85 Spe  <br />- Earthquake  <br />- Body Slam  <br />- Milk Drink  <br />- Stealth Rock  <br /><br />Mothim (M) @ Leftovers  <br />Ability: Tinted Lens  <br />Level: 94  <br />EVs: 81 HP &#x2f; 85 Def &#x2f; 85 SpA &#x2f; 85 SpD &#x2f; 85 Spe  <br />IVs: 0 Atk  <br />- Energy Ball  <br />- Quiver Dance  <br />- Air Slash  <br />- Bug Buzz  <br /><br />Gallade (M) @ Galladite  <br />Ability: Justified  <br />Level: 77  <br />EVs: 85 HP &#x2f; 85 Atk &#x2f; 85 Def &#x2f; 85 SpA &#x2f; 85 SpD &#x2f; 85 Spe  <br />- Zen Headbutt  <br />- Knock Off  <br />- Close Combat  <br />- Swords Dance  <br /><br />Crawdaunt (M) @ Choice Band  <br />Ability: Adaptability  <br />Level: 83  <br />EVs: 85 HP &#x2f; 85 Atk &#x2f; 85 Def &#x2f; 85 SpA &#x2f; 85 SpD &#x2f; 85 Spe  <br />- Knock Off  <br />- Aqua Jet  <br />- Superpower  <br />- Crabhammer  <br /><br />Giratina (Giratina-Origin) @ Griseous Orb  <br />Ability: Levitate  <br />Level: 70  <br />EVs: 85 HP &#x2f; 85 Atk &#x2f; 85 Def &#x2f; 85 SpA &#x2f; 85 SpD &#x2f; 85 Spe  <br />- Shadow Sneak  <br />- Hex  <br />- Thunder Wave  <br />- Draco Meteor  <br /><br />Wigglytuff (M) @ Leftovers  <br />Ability: Competitive  <br />Level: 93  <br />EVs: 85 HP &#x2f; 85 Def &#x2f; 85 SpA &#x2f; 85 SpD &#x2f; 85 Spe  <br />IVs: 0 Atk  <br />- Dazzling Gleam  <br />- Fire Blast  <br />- Wish  <br />- Protect  <br /><br /></details></div>\n", "inputlog": ">version 3bd1a1e329da8d286644078cfc9a9638fc7ea025\n>start {\"formatid\":\"gen6randombattle\",\"seed\":\"sodium,d61d8e429c65bfce3b473cf3019299bc\",\"rated\":\"Rated battle\"}\n>player p1 {\"name\":\"arboretums\",\"avatar\":\"serena-masters2\",\"rating\":1596,\"seed\":\"sodium,96ae35d8d932a58589e872cc87728364\"}\n>player p2 {\"name\":\"dipster027\",\"avatar\":\"101\",\"rating\":1587,\"seed\":\"sodium,e5675d626c824e08d836c7f221fbed60\"}\n>p1 move bodyslam\n>p2 move toxic\n>p1 move stealthrock\n>p2 move psychic\n>p1 move bodyslam\n>p2 move knockoff\n>p1 switch 5\n>p2 move recover\n>p1 move hex\n>p2 switch 6\n>p1 move thunderwave\n>p2 switch 5\n>p1 move hex\n>p2 switch 5\n>p1 move dracometeor\n>p2 move healbell\n>p1 move thunderwave\n>p2 move milkdrink\n>p1 switch 3\n>p2 switch 2\n>p1 move closecombat\n>p2 switch 6\n>p1 switch 5\n>p2 move psychic\n>p1 switch 4\n>p1 move knockoff\n>p2 switch 2\n>p1 move knockoff\n>p2 move bodyslam\n>p2 switch 3\n>p1 move knockoff\n>p2 move headsmash\n>p1 switch 5\n>p2 move headsmash\n>p1 move swordsdance mega\n>p2 switch 5\n>p1 move knockoff\n>p2 switch 5\n>p2 switch 4\n>p1 switch 3\n>p2 move flareblitz\n>p1 move thunderwave\n>p2 switch 6\n>p1 move dracometeor\n>p2 move bellydrum\n>chat ☆arboretums|I love this team\n>p2 switch 5\n>p1 switch 5\n>p2 move substitute\n>p1 move aquajet\n>p2 move fireblast\n>forcelose p2", "uploadtime": 1769048544, "views": 306, "formatid": "gen6randombattle", "rating": 1586, "private": 0, "password": null}