{"id": "gen6randombattle-2524510021", "format": "[Gen 6] Random Battle", "players": ["mlungero", "tublanquito43"], "log": "|j|☆mlungero\n|j|☆tublanquito43\n|t:|1769160758\n|gametype|singles\n|player|p1|mlungero|brock|1551\n|player|p2|tublanquito43|cynthia-gen4|1540\n|gen|6\n|tier|[Gen 6] Random Battle\n|rated|\n|rule|Sleep Clause Mod: Limit one foe put to sleep\n|rule|HP Percentage Mod: HP is shown in percentages\n|rule|Illusion Level Mod: Illusion disguises the Pokémon's true level\n|\n|t:|1769160758\n|teamsize|p1|6\n|teamsize|p2|6\n|start\n|switch|p1a: Furfrou|Furfrou-Heart, L85, M|266/266\n|switch|p2a: Kecleon|Kecleon, L89, M|252/252\n|turn|1\n|l|☆tublanquito43\n|player|p2|\n|inactive|Battle timer is ON: inactive players will automatically lose when time's up. (requested by mlungero)\n|j|☆tublanquito43\n|inactive|tublanquito43 reconnected and has 145 seconds left.\n|player|p2|tublanquito43|cynthia-gen4|\n|\n|t:|1769160798\n|move|p1a: Furfrou|Toxic|p2a: Kecleon\n|-status|p2a: Kecleon|tox\n|move|p2a: Kecleon|Toxic|p1a: Furfrou\n|-start|p2a: Kecleon|typechange|Poison|[from] ability: Protean\n|-status|p1a: Furfrou|tox\n|\n|-damage|p1a: Furfrou|250/266 tox|[from] psn\n|-damage|p2a: Kecleon|237/252 tox|[from] psn\n|upkeep\n|turn|2\n|\n|t:|1769160810\n|move|p1a: Furfrou|U-turn|p2a: Kecleon\n|-resisted|p2a: Kecleon\n|-damage|p2a: Kecleon|212/252 tox\n|inactive|mlungero has 120 seconds left.\n|\n|t:|1769160848\n|switch|p1a: Persian|Persian, L91, F|266/266|[from] U-turn\n|move|p2a: Kecleon|Drain Punch|p1a: Persian\n|-start|p2a: Kecleon|typechange|Fighting|[from] ability: Protean\n|-supereffective|p1a: Persian\n|-damage|p1a: Persian|54/266\n|-heal|p2a: Kecleon|252/252 tox|[from] drain|[of] p1a: Persian\n|\n|-damage|p2a: Kecleon|222/252 tox|[from] psn\n|upkeep\n|turn|3\n|\n|t:|1769160860\n|move|p1a: Persian|Double-Edge|p2a: Kecleon\n|-damage|p2a: Kecleon|29/252 tox\n|-damage|p1a: Persian|0 fnt|[from] Recoil\n|faint|p1a: Persian\n|move|p2a: Kecleon|Knock Off|p1: Persian|[notarget]\n|-fail|p2a: Kecleon\n|\n|-heal|p2a: Kecleon|44/252 tox|[from] item: Leftovers\n|-damage|p2a: Kecleon|0 fnt|[from] psn\n|faint|p2a: Kecleon\n|upkeep\n|\n|t:|1769160874\n|switch|p1a: Uxie|Uxie, L81|254/254\n|switch|p2a: Rhydon|Rhydon, L83, M|310/310\n|turn|4\n|inactive|mlungero has 120 seconds left.\n|\n|t:|1769160880\n|switch|p2a: Gourgeist|Gourgeist-Small, L87, F|237/237\n|-item|p1a: Uxie|Leftovers|[from] ability: Frisk|[of] p2a: Gourgeist\n|move|p1a: Uxie|U-turn|p2a: Gourgeist\n|-damage|p2a: Gourgeist|209/237\n|\n|t:|1769160883\n|switch|p1a: Furfrou|Furfrou-Heart, L85, M|250/266 tox|[from] U-turn\n|\n|-heal|p2a: Gourgeist|223/237|[from] item: Leftovers\n|-damage|p1a: Furfrou|234/266 tox|[from] psn\n|upkeep\n|turn|5\n|\n|t:|1769160893\n|move|p1a: Furfrou|Toxic|p2a: Gourgeist\n|-status|p2a: Gourgeist|tox\n|move|p2a: Gourgeist|Seed Bomb|p1a: Furfrou\n|-damage|p1a: Furfrou|182/266 tox\n|\n|-heal|p2a: Gourgeist|237/237 tox|[from] item: Leftovers\n|-damage|p2a: Gourgeist|223/237 tox|[from] psn\n|-damage|p1a: Furfrou|150/266 tox|[from] psn\n|upkeep\n|turn|6\n|\n|t:|1769160898\n|switch|p2a: Trevenant|Trevenant, L91, M|303/303\n|move|p1a: Furfrou|U-turn|p2a: Trevenant\n|-damage|p2a: Trevenant|256/303\n|\n|t:|1769160915\n|switch|p1a: Gallade|Gallade, L77, M|231/231|[from] U-turn\n|\n|upkeep\n|turn|7\n|\n|t:|1769160924\n|detailschange|p1a: Gallade|Gallade-Mega, L77, M\n|-mega|p1a: Gallade|Gallade|Galladite\n|move|p1a: Gallade|Knock Off|p2a: Trevenant\n|-supereffective|p2a: Trevenant\n|-damage|p2a: Trevenant|76/303\n|-enditem|p2a: Trevenant|Choice Band|[from] move: Knock Off|[of] p1a: Gallade\n|move|p2a: Trevenant|Horn Leech|p1a: Gallade\n|-damage|p1a: Gallade|134/231\n|-heal|p2a: Trevenant|125/303|[from] drain|[of] p1a: Gallade\n|\n|upkeep\n|turn|8\n|\n|t:|1769160935\n|move|p1a: Gallade|Knock Off|p2a: Trevenant\n|-supereffective|p2a: Trevenant\n|-damage|p2a: Trevenant|1/303\n|move|p2a: Trevenant|Shadow Claw|p1a: Gallade\n|-supereffective|p1a: Gallade\n|-damage|p1a: Gallade|0 fnt\n|faint|p1a: Gallade\n|detailschange|p1: Gallade|Gallade, L77, M|[silent]\n|\n|upkeep\n|inactive|mlungero has 120 seconds left.\n|\n|t:|1769160968\n|switch|p1a: Furfrou|Furfrou-Heart, L85, M|150/266 tox\n|turn|9\n|\n|t:|1769160973\n|move|p1a: Furfrou|U-turn|p2a: Trevenant\n|-damage|p2a: Trevenant|0 fnt\n|faint|p2a: Trevenant\n|inactive|mlungero has 120 seconds left.\n|\n|t:|1769161005\n|switch|p1a: Gourgeist|Gourgeist-Large, L87, M|272/272|[from] U-turn\n|\n|upkeep\n|\n|t:|1769161012\n|switch|p2a: Kyurem|Kyurem-Black, L76|315/315\n|-ability|p2a: Kyurem|Teravolt\n|turn|10\n|\n|t:|1769161022\n|switch|p1a: Uxie|Uxie, L81|254/254\n|move|p2a: Kyurem|Substitute|p2a: Kyurem\n|-start|p2a: Kyurem|Substitute\n|-damage|p2a: Kyurem|237/315\n|\n|-heal|p2a: Kyurem|256/315|[from] item: Leftovers\n|upkeep\n|turn|11\n|\n|t:|1769161026\n|move|p1a: Uxie|Psychic|p2a: Kyurem\n|-end|p2a: Kyurem|Substitute\n|move|p2a: Kyurem|Ice Beam|p1a: Uxie\n|-damage|p1a: Uxie|185/254\n|\n|-heal|p1a: Uxie|200/254|[from] item: Leftovers\n|-heal|p2a: Kyurem|275/315|[from] item: Leftovers\n|upkeep\n|turn|12\n|\n|t:|1769161034\n|switch|p2a: Gourgeist|Gourgeist-Small, L87, F|223/237 tox\n|-item|p1a: Uxie|Leftovers|[from] ability: Frisk|[of] p2a: Gourgeist\n|move|p1a: Uxie|Psychic|p2a: Gourgeist\n|-damage|p2a: Gourgeist|148/237 tox\n|\n|-heal|p2a: Gourgeist|162/237 tox|[from] item: Leftovers\n|-heal|p1a: Uxie|215/254|[from] item: Leftovers\n|-damage|p2a: Gourgeist|148/237 tox|[from] psn\n|upkeep\n|turn|13\n|\n|t:|1769161041\n|switch|p2a: Kyurem|Kyurem-Black, L76|275/315\n|-ability|p2a: Kyurem|Teravolt\n|switch|p1a: Furfrou|Furfrou-Heart, L85, M|150/266 tox\n|\n|-heal|p2a: Kyurem|294/315|[from] item: Leftovers\n|-damage|p1a: Furfrou|134/266 tox|[from] psn\n|upkeep\n|turn|14\n|\n|t:|1769161044\n|move|p1a: Furfrou|Toxic|p2a: Kyurem\n|-status|p2a: Kyurem|tox\n|move|p2a: Kyurem|Ice Beam|p1a: Furfrou\n|-damage|p1a: Furfrou|44/266 tox\n|\n|-heal|p2a: Kyurem|313/315 tox|[from] item: Leftovers\n|-damage|p1a: Furfrou|12/266 tox|[from] psn\n|-damage|p2a: Kyurem|294/315 tox|[from] psn\n|upkeep\n|turn|15\n|\n|t:|1769161049\n|move|p1a: Furfrou|Rest|p1a: Furfrou\n|-status|p1a: Furfrou|slp|[from] move: Rest\n|-heal|p1a: Furfrou|266/266 slp|[silent]\n|-enditem|p1a: Furfrou|Chesto Berry|[eat]\n|-curestatus|p1a: Furfrou|slp|[msg]\n|move|p2a: Kyurem|Ice Beam|p1a: Furfrou\n|-damage|p1a: Furfrou|179/266\n|\n|-heal|p2a: Kyurem|313/315 tox|[from] item: Leftovers\n|-damage|p2a: Kyurem|275/315 tox|[from] psn\n|upkeep\n|turn|16\n|\n|t:|1769161054\n|move|p1a: Furfrou|Return|p2a: Kyurem\n|-damage|p2a: Kyurem|176/315 tox\n|move|p2a: Kyurem|Ice Beam|p1a: Furfrou\n|-damage|p1a: Furfrou|89/266\n|\n|-heal|p2a: Kyurem|195/315 tox|[from] item: Leftovers\n|-damage|p2a: Kyurem|138/315 tox|[from] psn\n|upkeep\n|turn|17\n|\n|t:|1769161057\n|move|p1a: Furfrou|U-turn|p2a: Kyurem\n|-damage|p2a: Kyurem|95/315 tox\n|\n|t:|1769161060\n|switch|p1a: Uxie|Uxie, L81|215/254|[from] U-turn\n|move|p2a: Kyurem|Ice Beam|p1a: Uxie\n|-damage|p1a: Uxie|149/254\n|-status|p1a: Uxie|frz\n|\n|-heal|p1a: Uxie|164/254 frz|[from] item: Leftovers\n|-heal|p2a: Kyurem|114/315 tox|[from] item: Leftovers\n|-damage|p2a: Kyurem|38/315 tox|[from] psn\n|upkeep\n|turn|18\n|c|☆mlungero|Dang\n|\n|t:|1769161067\n|switch|p1a: Furfrou|Furfrou-Heart, L85, M|89/266\n|switch|p2a: Pikachu|Pikachu, L91, M|212/212\n|\n|upkeep\n|turn|19\n|\n|t:|1769161076\n|switch|p1a: Zygarde|Zygarde, L77|293/293\n|-ability|p1a: Zygarde|Aura Break\n|move|p2a: Pikachu|Volt Switch|p1a: Zygarde\n|-immune|p1a: Zygarde\n|\n|upkeep\n|turn|20\n|\n|t:|1769161080\n|move|p2a: Pikachu|Hidden Power|p1a: Zygarde\n|-supereffective|p1a: Zygarde\n|-damage|p1a: Zygarde|41/293\n|move|p1a: Zygarde|Dragon Dance|p1a: Zygarde\n|-boost|p1a: Zygarde|atk|1\n|-boost|p1a: Zygarde|spe|1\n|\n|upkeep\n|turn|21\n|\n|t:|1769161084\n|move|p2a: Pikachu|Extreme Speed|p1a: Zygarde\n|-damage|p1a: Zygarde|0 fnt\n|faint|p1a: Zygarde\n|\n|upkeep\n|c|☆mlungero|That's that then\n|inactive|mlungero has 120 seconds left.\n|\n|t:|1769161115\n|switch|p1a: Gourgeist|Gourgeist-Large, L87, M|272/272\n|-item|p2a: Pikachu|Light Ball|[from] ability: Frisk|[of] p1a: Gourgeist\n|turn|22\n|inactive|mlungero has 120 seconds left.\n|l|☆mlungero\n|inactive|mlungero disconnected and has a minute to reconnect!\n|player|p1|\n|inactive|mlungero has 30 seconds to reconnect!\n|inactive|mlungero has 20 seconds to reconnect!\n|inactive|mlungero has 15 seconds to reconnect!\n|j|☆mlungero\n|inactive|mlungero reconnected and has 55 seconds left.\n|player|p1|mlungero|brock|\n|\n|t:|1769161200\n|move|p2a: Pikachu|Volt Switch|p1a: Gourgeist\n|-resisted|p1a: Gourgeist\n|-damage|p1a: Gourgeist|209/272\n|\n|t:|1769161223\n|switch|p2a: Rhydon|Rhydon, L83, M|310/310|[from] Volt Switch\n|move|p1a: Gourgeist|Seed Bomb|p2a: Rhydon\n|-supereffective|p2a: Rhydon\n|-damage|p2a: Rhydon|118/310\n|\n|-heal|p1a: Gourgeist|226/272|[from] item: Leftovers\n|upkeep\n|turn|23\n|inactive|mlungero has 60 seconds left.\n|inactive|tublanquito43 has 120 seconds left.\n|\n|t:|1769161249\n|move|p1a: Gourgeist|Seed Bomb|p2a: Rhydon\n|-supereffective|p2a: Rhydon\n|-damage|p2a: Rhydon|0 fnt\n|faint|p2a: Rhydon\n|\n|-heal|p1a: Gourgeist|243/272|[from] item: Leftovers\n|upkeep\n|inactive|tublanquito43 has 120 seconds left.\n|\n|t:|1769161260\n|switch|p2a: Kyurem|Kyurem-Black, L76|38/315 tox\n|-ability|p2a: Kyurem|Teravolt\n|turn|24\n|inactive|tublanquito43 has 120 seconds left.\n|\n|t:|1769161266\n|move|p1a: Gourgeist|Shadow Sneak|p2a: Kyurem\n|-damage|p2a: Kyurem|0 fnt\n|faint|p2a: Kyurem\n|\n|-heal|p1a: Gourgeist|260/272|[from] item: Leftovers\n|upkeep\n|\n|t:|1769161270\n|switch|p2a: Gourgeist|Gourgeist-Small, L87, F|148/237 tox\n|-item|p1a: Gourgeist|Leftovers|[from] ability: Frisk|[of] p2a: Gourgeist\n|turn|25\n|\n|t:|1769161279\n|switch|p1a: Uxie|Uxie, L81|164/254 frz\n|move|p2a: Gourgeist|Will-O-Wisp|p1a: Uxie|[miss]\n|-miss|p2a: Gourgeist|p1a: Uxie\n|\n|-heal|p2a: Gourgeist|162/237 tox|[from] item: Leftovers\n|-heal|p1a: Uxie|179/254 frz|[from] item: Leftovers\n|-damage|p2a: Gourgeist|148/237 tox|[from] psn\n|upkeep\n|turn|26\n|\n|t:|1769161289\n|switch|p1a: Gourgeist|Gourgeist-Large, L87, M|260/272\n|-item|p2a: Gourgeist|Leftovers|[from] ability: Frisk|[of] p1a: Gourgeist\n|move|p2a: Gourgeist|Shadow Sneak|p1a: Gourgeist\n|-supereffective|p1a: Gourgeist\n|-damage|p1a: Gourgeist|204/272\n|\n|-heal|p2a: Gourgeist|162/237 tox|[from] item: Leftovers\n|-heal|p1a: Gourgeist|221/272|[from] item: Leftovers\n|-damage|p2a: Gourgeist|134/237 tox|[from] psn\n|upkeep\n|turn|27\n|\n|t:|1769161294\n|switch|p1a: Uxie|Uxie, L81|179/254 frz\n|move|p2a: Gourgeist|Will-O-Wisp||[still]\n|-fail|p2a: Gourgeist\n|\n|-heal|p2a: Gourgeist|148/237 tox|[from] item: Leftovers\n|-heal|p1a: Uxie|194/254 frz|[from] item: Leftovers\n|-damage|p2a: Gourgeist|106/237 tox|[from] psn\n|upkeep\n|turn|28\n|\n|t:|1769161298\n|switch|p1a: Furfrou|Furfrou-Heart, L85, M|89/266\n|move|p2a: Gourgeist|Synthesis|p2a: Gourgeist\n|-heal|p2a: Gourgeist|224/237 tox\n|\n|-heal|p2a: Gourgeist|237/237 tox|[from] item: Leftovers\n|-damage|p2a: Gourgeist|181/237 tox|[from] psn\n|upkeep\n|turn|29\n|\n|t:|1769161305\n|switch|p2a: Pikachu|Pikachu, L91, M|212/212\n|move|p1a: Furfrou|U-turn|p2a: Pikachu\n|-damage|p2a: Pikachu|146/212\n|\n|t:|1769161308\n|switch|p1a: Gourgeist|Gourgeist-Large, L87, M|221/272|[from] U-turn\n|-item|p2a: Pikachu|Light Ball|[from] ability: Frisk|[of] p1a: Gourgeist\n|\n|-heal|p1a: Gourgeist|238/272|[from] item: Leftovers\n|upkeep\n|turn|30\n|\n|t:|1769161318\n|move|p2a: Pikachu|Hidden Power|p1a: Gourgeist\n|-supereffective|p1a: Gourgeist\n|-damage|p1a: Gourgeist|114/272\n|move|p1a: Gourgeist|Seed Bomb|p2a: Pikachu\n|-damage|p2a: Pikachu|0 fnt\n|faint|p2a: Pikachu\n|\n|-heal|p1a: Gourgeist|131/272|[from] item: Leftovers\n|upkeep\n|\n|t:|1769161325\n|switch|p2a: Gourgeist|Gourgeist-Small, L87, F|181/237 tox\n|-item|p1a: Gourgeist|Leftovers|[from] ability: Frisk|[of] p2a: Gourgeist\n|turn|31\n|-message|tublanquito43 forfeited.\n|\n|win|mlungero\n|raw|mlungero's rating: 1551 &rarr; <strong>1570</strong><br />(+19 for winning)\n|raw|tublanquito43's rating: 1540 &rarr; <strong>1521</strong><br />(-19 for losing)\n|l|☆tublanquito43\n|player|p2|\n", "inputlog": ">version dd3d52b8382d73d1dd2c67730c4067df325ab790\n>start {\"formatid\":\"gen6randombattle\",\"seed\":\"sodium,bf6729553e44a98589d486ef291284bb\",\"rated\":\"Rated battle\"}\n>player p1 {\"name\":\"mlungero\",\"avatar\":\"brock\",\"rating\":1551,\"seed\":\"sodium,bff6df725603b631647d8dcc4b49213b\"}\n>player p2 {\"name\":\"tublanquito43\",\"avatar\":\"cynthia-gen4\",\"rating\":1540,\"seed\":\"sodium,c82d0aa50522d13c75fb3444196bf2af\"}\n>p1 move toxic\n>p2 move toxic\n>p1 move uturn\n>p2 move drainpunch\n>p1 switch 2\n>p1 move doubleedge\n>p2 move knockoff\n>p1 switch 6\n>p2 switch 2\n>p1 move uturn\n>p2 switch 3\n>p1 switch 2\n>p1 move toxic\n>p2 move seedbomb\n>p1 move uturn\n>p2 switch 4\n>p1 switch 5\n>p1 move knockoff mega\n>p2 move hornleech\n>p1 move knockoff\n>p2 move shadowclaw\n>p1 switch 5\n>p1 move uturn\n>p2 move hornleech\n>p1 switch 4\n>p2 switch 5\n>p1 switch 2\n>p2 move substitute\n>p1 move psychic\n>p2 move icebeam\n>p1 move psychic\n>p2 switch 4\n>p1 switch 4\n>p2 switch 4\n>p1 move toxic\n>p2 move icebeam\n>p1 move rest\n>p2 move icebeam\n>p1 move return\n>p2 move icebeam\n>p1 move uturn\n>p2 move icebeam\n>p1 switch 4\n>chat ☆mlungero|Dang\n>p1 switch 4\n>p2 switch 6\n>p1 switch 3\n>p2 move voltswitch\n>p1 move dragondance\n>p2 move hiddenpower\n>p1 move earthquake\n>p2 move extremespeed\n>chat ☆mlungero|That's that then\n>p1 switch 2\n>p1 move seedbomb\n>p2 move voltswitch\n>p2 switch 3\n>p1 move seedbomb\n>p2 move megahorn\n>p2 switch 6\n>p1 move shadowsneak\n>p2 move icebeam\n>p2 switch 4\n>p1 switch 4\n>p2 move willowisp\n>p1 switch 4\n>p2 move shadowsneak\n>p1 switch 4\n>p2 move willowisp\n>p1 switch 3\n>p2 move synthesis\n>p1 move uturn\n>p2 switch 3\n>p1 switch 4\n>p1 move seedbomb\n>p2 move hiddenpower\n>p2 switch 3\n>forcelose p2", "uploadtime": 1769161353, "views": 271, "formatid": "gen6randombattle", "rating": 1521, "private": 0, "password": null}