{"id": "gen6randombattle-2522901082", "format": "[Gen 6] Random Battle", "players": ["D1lan_07", "arboretums"], "log": "|j|☆D1lan_07\n|j|☆arboretums\n|t:|1768956927\n|gametype|singles\n|player|p1|D1lan_07|169|1563\n|player|p2|arboretums|serena-masters2|1599\n|gen|6\n|tier|[Gen 6] Random Battle\n|rated|\n|rule|Sleep Clause Mod: Limit one foe put to sleep\n|rule|HP Percentage Mod: HP is shown in percentages\n|rule|Illusion Level Mod: Illusion disguises the Pokémon's true level\n|\n|t:|1768956927\n|teamsize|p1|6\n|teamsize|p2|6\n|start\n|switch|p1a: Venusaur|Venusaur, L83, F|268/268\n|switch|p2a: Wobbuffet|Wobbuffet, L93, F|504/504\n|turn|1\n|inactive|Battle timer is ON: inactive players will automatically lose when time's up. (requested by arboretums)\n|\n|t:|1768956949\n|switch|p2a: Fearow|Fearow, L88, M|258/258\n|move|p1a: Venusaur|Leech Seed|p2a: Fearow\n|-start|p2a: Fearow|move: Leech Seed\n|\n|-damage|p2a: Fearow|226/258|[from] Leech Seed|[of] p1a: Venusaur\n|upkeep\n|turn|2\n|\n|t:|1768956964\n|switch|p1a: Blastoise|Blastoise, L81, F|261/261\n|move|p2a: Fearow|U-turn|p1a: Blastoise\n|-damage|p1a: Blastoise|194/261\n|\n|t:|1768956966\n|switch|p2a: Tropius|Tropius, L94, F|336/336|[from] U-turn\n|\n|upkeep\n|turn|3\n|inactive|D1lan_07 has 120 seconds left.\n|\n|t:|1768957010\n|switch|p2a: Stoutland|Stoutland, L85, F|283/283\n|detailschange|p1a: Blastoise|Blastoise-Mega, L81, F\n|-mega|p1a: Blastoise|Blastoise|Blastoisinite\n|move|p1a: Blastoise|Ice Beam|p2a: Stoutland\n|-damage|p2a: Stoutland|212/283\n|\n|upkeep\n|turn|4\n|\n|t:|1768957018\n|move|p2a: Stoutland|Return|p1a: Blastoise\n|-damage|p1a: Blastoise|95/261\n|move|p1a: Blastoise|Aura Sphere|p2a: Stoutland\n|-supereffective|p2a: Stoutland\n|-damage|p2a: Stoutland|0 fnt\n|faint|p2a: Stoutland\n|\n|upkeep\n|\n|t:|1768957026\n|switch|p2a: Sharpedo|Sharpedo, L80, F|243/243\n|turn|5\n|\n|t:|1768957030\n|move|p2a: Sharpedo|Protect|p2a: Sharpedo\n|-singleturn|p2a: Sharpedo|Protect\n|move|p1a: Blastoise|Aura Sphere|p2a: Sharpedo\n|-activate|p2a: Sharpedo|move: Protect\n|\n|-ability|p2a: Sharpedo|Speed Boost|boost\n|-boost|p2a: Sharpedo|spe|1\n|upkeep\n|turn|6\n|\n|t:|1768957036\n|detailschange|p2a: Sharpedo|Sharpedo-Mega, L80, F\n|-mega|p2a: Sharpedo|Sharpedo|Sharpedonite\n|move|p2a: Sharpedo|Crunch|p1a: Blastoise\n|-damage|p1a: Blastoise|0 fnt\n|faint|p1a: Blastoise\n|detailschange|p1: Blastoise|Blastoise, L81, F|[silent]\n|\n|upkeep\n|\n|t:|1768957053\n|switch|p1a: Beartic|Beartic, L94, F|331/331\n|turn|7\n|\n|t:|1768957060\n|switch|p2a: Wobbuffet|Wobbuffet, L93, F|504/504\n|move|p1a: Beartic|Superpower|p2a: Wobbuffet\n|-resisted|p2a: Wobbuffet\n|-damage|p2a: Wobbuffet|412/504\n|-unboost|p1a: Beartic|atk|1\n|-unboost|p1a: Beartic|def|1\n|-damage|p1a: Beartic|298/331|[from] item: Life Orb\n|\n|upkeep\n|turn|8\n|inactive|D1lan_07 has 120 seconds left.\n|\n|t:|1768957092\n|move|p1a: Beartic|Swords Dance|p1a: Beartic\n|-boost|p1a: Beartic|atk|2\n|move|p2a: Wobbuffet|Encore|p1a: Beartic\n|-start|p1a: Beartic|Encore\n|\n|upkeep\n|turn|9\n|\n|t:|1768957094\n|switch|p2a: Rhyperior|Rhyperior, L82, F|323/323\n|move|p1a: Beartic|Swords Dance|p1a: Beartic\n|-boost|p1a: Beartic|atk|2\n|\n|upkeep\n|turn|10\n|\n|t:|1768957104\n|switch|p1a: Venusaur|Venusaur, L83, F|268/268\n|move|p2a: Rhyperior|Stone Edge|p1a: Venusaur\n|-damage|p1a: Venusaur|127/268\n|\n|-heal|p1a: Venusaur|143/268|[from] item: Black Sludge\n|upkeep\n|turn|11\n|\n|t:|1768957112\n|switch|p2a: Tropius|Tropius, L94, F|336/336\n|move|p1a: Venusaur|Sleep Powder|p2a: Tropius\n|-immune|p2a: Tropius\n|\n|-heal|p1a: Venusaur|159/268|[from] item: Black Sludge\n|upkeep\n|turn|12\n|\n|t:|1768957116\n|switch|p1a: Beartic|Beartic, L94, F|298/331\n|move|p2a: Tropius|Air Slash|p1a: Beartic\n|-damage|p1a: Beartic|220/331\n|\n|upkeep\n|turn|13\n|\n|t:|1768957122\n|move|p2a: Tropius|Substitute|p2a: Tropius\n|-start|p2a: Tropius|Substitute\n|-damage|p2a: Tropius|252/336\n|move|p1a: Beartic|Icicle Crash|p2a: Tropius\n|-supereffective|p2a: Tropius\n|-end|p2a: Tropius|Substitute\n|-damage|p1a: Beartic|187/331|[from] item: Life Orb\n|\n|upkeep\n|turn|14\n|\n|t:|1768957124\n|move|p2a: Tropius|Substitute|p2a: Tropius\n|-start|p2a: Tropius|Substitute\n|-damage|p2a: Tropius|168/336\n|-enditem|p2a: Tropius|Sitrus Berry|[eat]\n|-heal|p2a: Tropius|252/336|[from] item: Sitrus Berry\n|move|p1a: Beartic|Icicle Crash|p2a: Tropius|[miss]\n|-miss|p1a: Beartic|p2a: Tropius\n|\n|-item|p2a: Tropius|Sitrus Berry|[from] ability: Harvest\n|upkeep\n|turn|15\n|\n|t:|1768957128\n|move|p2a: Tropius|Leech Seed|p1a: Beartic\n|-start|p1a: Beartic|move: Leech Seed\n|move|p1a: Beartic|Icicle Crash|p2a: Tropius\n|-supereffective|p2a: Tropius\n|-end|p2a: Tropius|Substitute\n|-damage|p1a: Beartic|154/331|[from] item: Life Orb\n|\n|-damage|p1a: Beartic|113/331|[from] Leech Seed|[of] p2a: Tropius\n|-heal|p2a: Tropius|293/336|[silent]\n|upkeep\n|turn|16\n|\n|t:|1768957134\n|switch|p1a: Victini|Victini, L77|281/281\n|move|p2a: Tropius|Substitute|p2a: Tropius\n|-start|p2a: Tropius|Substitute\n|-damage|p2a: Tropius|209/336\n|\n|upkeep\n|turn|17\n|\n|t:|1768957139\n|move|p1a: Victini|Glaciate|p2a: Tropius\n|-supereffective|p2a: Tropius\n|-end|p2a: Tropius|Substitute\n|move|p2a: Tropius|Leech Seed|p1a: Victini\n|-start|p1a: Victini|move: Leech Seed\n|\n|-damage|p1a: Victini|246/281|[from] Leech Seed|[of] p2a: Tropius\n|-heal|p2a: Tropius|244/336|[silent]\n|upkeep\n|turn|18\n|\n|t:|1768957144\n|move|p2a: Tropius|Protect|p2a: Tropius\n|-singleturn|p2a: Tropius|Protect\n|move|p1a: Victini|V-create|p2a: Tropius\n|-activate|p2a: Tropius|move: Protect\n|\n|-damage|p1a: Victini|211/281|[from] Leech Seed|[of] p2a: Tropius\n|-heal|p2a: Tropius|279/336|[silent]\n|upkeep\n|turn|19\n|\n|t:|1768957149\n|switch|p2a: Rhyperior|Rhyperior, L82, F|323/323\n|move|p1a: Victini|V-create|p2a: Rhyperior\n|-resisted|p2a: Rhyperior\n|-damage|p2a: Rhyperior|264/323\n|-unboost|p1a: Victini|spe|1\n|-unboost|p1a: Victini|def|1\n|-unboost|p1a: Victini|spd|1\n|\n|-damage|p1a: Victini|176/281|[from] Leech Seed|[of] p2a: Rhyperior\n|-heal|p2a: Rhyperior|299/323|[silent]\n|upkeep\n|turn|20\n|\n|t:|1768957153\n|move|p1a: Victini|U-turn|p2a: Rhyperior\n|-damage|p2a: Rhyperior|265/323\n|\n|t:|1768957155\n|switch|p1a: Venusaur|Venusaur, L83, F|159/268|[from] U-turn\n|move|p2a: Rhyperior|Rock Polish|p2a: Rhyperior\n|-boost|p2a: Rhyperior|spe|2\n|\n|-heal|p1a: Venusaur|175/268|[from] item: Black Sludge\n|upkeep\n|turn|21\n|\n|t:|1768957164\n|move|p2a: Rhyperior|Earthquake|p1a: Venusaur\n|-damage|p1a: Venusaur|21/268\n|move|p1a: Venusaur|Sludge Bomb|p2a: Rhyperior\n|-resisted|p2a: Rhyperior\n|-damage|p2a: Rhyperior|230/323\n|\n|-heal|p1a: Venusaur|37/268|[from] item: Black Sludge\n|upkeep\n|turn|22\n|\n|t:|1768957186\n|switch|p1a: Hydreigon|Hydreigon, L80, M|278/278\n|move|p2a: Rhyperior|Earthquake|p1a: Hydreigon\n|-immune|p1a: Hydreigon|[from] ability: Levitate\n|\n|upkeep\n|turn|23\n|\n|t:|1768957194\n|move|p2a: Rhyperior|Ice Punch|p1a: Hydreigon\n|-supereffective|p1a: Hydreigon\n|-damage|p1a: Hydreigon|126/278\n|move|p1a: Hydreigon|Draco Meteor|p2a: Rhyperior\n|-damage|p2a: Rhyperior|0 fnt\n|-unboost|p1a: Hydreigon|spa|2\n|faint|p2a: Rhyperior\n|\n|upkeep\n|\n|t:|1768957198\n|switch|p2a: Sharpedo|Sharpedo-Mega, L80, F|243/243\n|turn|24\n|\n|t:|1768957220\n|switch|p1a: Venusaur|Venusaur, L83, F|37/268\n|move|p2a: Sharpedo|Ice Fang|p1a: Venusaur\n|-supereffective|p1a: Venusaur\n|-damage|p1a: Venusaur|0 fnt\n|faint|p1a: Venusaur\n|\n|upkeep\n|inactive|D1lan_07 has 120 seconds left.\n|inactive|D1lan_07 has 90 seconds left.\n|inactive|D1lan_07 has 60 seconds left.\n|inactive|D1lan_07 has 30 seconds left.\n|inactive|D1lan_07 has 20 seconds left.\n|inactive|D1lan_07 has 15 seconds left.\n|\n|t:|1768957358\n|switch|p1a: Hydreigon|Hydreigon, L80, M|126/278\n|turn|25\n|inactive|D1lan_07 has 25 seconds left this turn.\n|\n|t:|1768957361\n|move|p2a: Sharpedo|Ice Fang|p1a: Hydreigon\n|-supereffective|p1a: Hydreigon\n|-damage|p1a: Hydreigon|0 fnt\n|faint|p1a: Hydreigon\n|\n|upkeep\n|inactive|D1lan_07 has 30 seconds left this turn.\n|inactive|D1lan_07 has 20 seconds left.\n|\n|t:|1768957376\n|switch|p1a: Beartic|Beartic, L94, F|113/331\n|turn|26\n|inactive|D1lan_07 has 30 seconds left this turn.\n|\n|t:|1768957379\n|move|p2a: Sharpedo|Crunch|p1a: Beartic\n|-damage|p1a: Beartic|0 fnt\n|faint|p1a: Beartic\n|\n|upkeep\n|\n|t:|1768957381\n|switch|p1a: Victini|Victini, L77|176/281\n|turn|27\n|\n|t:|1768957384\n|move|p2a: Sharpedo|Crunch|p1a: Victini\n|-supereffective|p1a: Victini\n|-crit|p1a: Victini\n|-damage|p1a: Victini|0 fnt\n|faint|p1a: Victini\n|\n|upkeep\n|\n|t:|1768957385\n|switch|p1a: Swoobat|Swoobat, L87, F|258/258\n|turn|28\n|\n|t:|1768957388\n|move|p1a: Swoobat|Air Slash|p2a: Sharpedo\n|-damage|p2a: Sharpedo|129/243\n|-damage|p1a: Swoobat|233/258|[from] item: Life Orb\n|move|p2a: Sharpedo|Crunch|p1a: Swoobat\n|-supereffective|p1a: Swoobat\n|-damage|p1a: Swoobat|0 fnt\n|faint|p1a: Swoobat\n|\n|win|arboretums\n|raw|D1lan_07's rating: 1563 &rarr; <strong>1545</strong><br />(-18 for losing)\n|raw|arboretums's rating: 1599 &rarr; <strong>1617</strong><br />(+18 for winning)\n", "inputlog": ">version 3bd1a1e329da8d286644078cfc9a9638fc7ea025\n>start {\"formatid\":\"gen6randombattle\",\"seed\":\"sodium,c78dfb96ca37b67af6c270ea25623cac\",\"rated\":\"Rated battle\"}\n>player p1 {\"name\":\"D1lan_07\",\"avatar\":\"169\",\"rating\":1563,\"seed\":\"sodium,6cba81d9683fbb420d236173294c03d4\"}\n>player p2 {\"name\":\"arboretums\",\"avatar\":\"serena-masters2\",\"rating\":1599,\"seed\":\"sodium,4f70bdde6a1dcc90c285c3474e24a6b1\"}\n>p1 move leechseed\n>p2 switch 3\n>p1 switch 2\n>p2 move uturn\n>p2 switch 2\n>p1 move icebeam mega\n>p2 switch 6\n>p1 move aurasphere\n>p2 move return\n>p2 switch 5\n>p1 move aurasphere\n>p2 move protect\n>p1 move aurasphere\n>p2 move crunch mega\n>p1 switch 5\n>p1 move superpower\n>p2 switch 3\n>p1 move swordsdance\n>p2 move encore\n>p1 move swordsdance\n>p2 switch 4\n>p1 switch 2\n>p2 move stoneedge\n>p1 move sleeppowder\n>p2 switch 6\n>p1 switch 2\n>p2 move airslash\n>p1 move iciclecrash\n>p2 move substitute\n>p1 move iciclecrash\n>p2 move substitute\n>p1 move iciclecrash\n>p2 move leechseed\n>p1 switch 3\n>p2 move substitute\n>p1 move glaciate\n>p2 move leechseed\n>p1 move vcreate\n>p2 move protect\n>p1 move vcreate\n>p2 switch 6\n>p1 move uturn\n>p2 move rockpolish\n>p1 switch 2\n>p1 move sludgebomb\n>p2 move earthquake\n>p1 switch 6\n>p2 move earthquake\n>p1 move dracometeor\n>p2 move icepunch\n>p2 switch 3\n>p1 switch 6\n>p2 move icefang\n>p1 switch 6\n>p1 move dracometeor\n>p2 move icefang\n>p1 switch 3\n>p1 move superpower\n>p2 move crunch\n>p1 switch 2\n>p1 move boltstrike\n>p2 move crunch\n>p1 switch 4\n>p1 move airslash\n>p2 move crunch", "uploadtime": 1768957389, "views": 295, "formatid": "gen6randombattle", "rating": 1545, "private": 0, "password": null}