{"id": "gen6randombattle-2522741907", "format": "[Gen 6] Random Battle", "players": ["nigeria simulator", "arboretums"], "log": "|j|☆nigeria simulator\n|j|☆arboretums\n|t:|1768939754\n|gametype|singles\n|player|p1|nigeria simulator|169|1562\n|player|p2|arboretums|serena-masters2|1647\n|gen|6\n|tier|[Gen 6] Random Battle\n|rated|\n|rule|Sleep Clause Mod: Limit one foe put to sleep\n|rule|HP Percentage Mod: HP is shown in percentages\n|rule|Illusion Level Mod: Illusion disguises the Pokémon's true level\n|\n|t:|1768939754\n|teamsize|p1|6\n|teamsize|p2|6\n|start\n|switch|p1a: Throh|Throh, L88, M|354/354\n|switch|p2a: Azelf|Azelf, L80|251/251\n|turn|1\n|inactive|Battle timer is ON: inactive players will automatically lose when time's up. (requested by arboretums)\n|\n|t:|1768939766\n|move|p2a: Azelf|U-turn|p1a: Throh\n|-resisted|p1a: Throh\n|-damage|p1a: Throh|326/354\n|\n|t:|1768939770\n|switch|p2a: Archeops|Archeops, L82, M|257/257|[from] U-turn\n|move|p1a: Throh|Circle Throw|p2a: Archeops\n|-damage|p2a: Archeops|164/257\n|drag|p2a: Genesect|Genesect, L72|221/221\n|-ability|p2a: Genesect|Download|boost\n|-boost|p2a: Genesect|spa|1\n|\n|-heal|p1a: Throh|348/354|[from] item: Leftovers\n|upkeep\n|turn|2\n|\n|t:|1768939793\n|move|p2a: Genesect|Flash Cannon|p1a: Throh\n|-damage|p1a: Throh|186/354\n|move|p1a: Throh|Circle Throw|p2a: Genesect\n|-crit|p2a: Genesect\n|-damage|p2a: Genesect|100/221\n|drag|p2a: Archeops|Archeops, L82, M|164/257\n|\n|-heal|p1a: Throh|208/354|[from] item: Leftovers\n|upkeep\n|turn|3\n|\n|t:|1768939808\n|switch|p1a: Ferrothorn|Ferrothorn, L71, M|223/223\n|move|p2a: Archeops|Acrobatics|p1a: Ferrothorn\n|-damage|p1a: Ferrothorn|100/223\n|-damage|p2a: Archeops|132/257|[from] ability: Iron Barbs|[of] p1a: Ferrothorn\n|\n|-heal|p1a: Ferrothorn|113/223|[from] item: Leftovers\n|upkeep\n|turn|4\n|\n|t:|1768939810\n|move|p2a: Archeops|Acrobatics|p1a: Ferrothorn\n|-damage|p1a: Ferrothorn|0 fnt\n|-damage|p2a: Archeops|100/257|[from] ability: Iron Barbs|[of] p1a: Ferrothorn\n|faint|p1a: Ferrothorn\n|\n|upkeep\n|inactive|nigeria simulator has 120 seconds left.\n|inactive|nigeria simulator has 90 seconds left.\n|c|☆arboretums|uyihhkjjkkjlj\n|\n|t:|1768939875\n|switch|p1a: Florges|Florges-White, L84, F|268/268\n|turn|5\n|\n|t:|1768939889\n|switch|p2a: Torkoal|Torkoal, L88, F|266/266\n|move|p1a: Florges|Moonblast|p2a: Torkoal\n|-resisted|p2a: Torkoal\n|-damage|p2a: Torkoal|203/266\n|\n|-heal|p2a: Torkoal|219/266|[from] item: Leftovers\n|upkeep\n|turn|6\n|\n|t:|1768939897\n|move|p1a: Florges|Calm Mind|p1a: Florges\n|-boost|p1a: Florges|spa|1\n|-boost|p1a: Florges|spd|1\n|move|p2a: Torkoal|Yawn|p1a: Florges\n|-start|p1a: Florges|move: Yawn|[of] p2a: Torkoal\n|\n|-heal|p2a: Torkoal|235/266|[from] item: Leftovers\n|upkeep\n|turn|7\n|\n|t:|1768939906\n|switch|p2a: Genesect|Genesect, L72|100/221\n|-ability|p2a: Genesect|Download|boost\n|-boost|p2a: Genesect|atk|1\n|move|p1a: Florges|Moonblast|p2a: Genesect\n|-resisted|p2a: Genesect\n|-damage|p2a: Genesect|11/221\n|-unboost|p2a: Genesect|spa|1\n|\n|-end|p1a: Florges|move: Yawn|[silent]\n|-status|p1a: Florges|slp\n|upkeep\n|turn|8\n|\n|t:|1768939917\n|switch|p1a: Bastiodon|Bastiodon, L95, F|268/268\n|-item|p1a: Bastiodon|Air Balloon\n|move|p2a: Genesect|Flash Cannon|p1a: Bastiodon\n|-damage|p1a: Bastiodon|222/268\n|-enditem|p1a: Bastiodon|Air Balloon\n|\n|upkeep\n|turn|9\n|\n|t:|1768939922\n|switch|p2a: Torkoal|Torkoal, L88, F|235/266\n|move|p1a: Bastiodon|Rock Blast|p2a: Torkoal\n|-supereffective|p2a: Torkoal\n|-damage|p2a: Torkoal|203/266\n|-supereffective|p2a: Torkoal\n|-damage|p2a: Torkoal|173/266\n|-supereffective|p2a: Torkoal\n|-damage|p2a: Torkoal|141/266\n|-hitcount|p2a: Torkoal|3\n|\n|-heal|p2a: Torkoal|157/266|[from] item: Leftovers\n|upkeep\n|turn|10\n|\n|t:|1768939931\n|switch|p1a: Staraptor|Staraptor, L78, F|261/261\n|move|p2a: Torkoal|Earthquake|p1a: Staraptor\n|-immune|p1a: Staraptor\n|\n|-heal|p2a: Torkoal|173/266|[from] item: Leftovers\n|upkeep\n|turn|11\n|\n|t:|1768939934\n|move|p1a: Staraptor|Brave Bird|p2a: Torkoal\n|-damage|p2a: Torkoal|7/266\n|-damage|p1a: Staraptor|206/261|[from] Recoil\n|move|p2a: Torkoal|Lava Plume|p1a: Staraptor\n|-damage|p1a: Staraptor|92/261\n|-status|p1a: Staraptor|brn\n|\n|-heal|p2a: Torkoal|23/266|[from] item: Leftovers\n|-damage|p1a: Staraptor|60/261 brn|[from] brn\n|upkeep\n|turn|12\n|inactive|nigeria simulator has 120 seconds left.\n|\n|t:|1768939955\n|move|p1a: Staraptor|Brave Bird|p2a: Torkoal\n|-damage|p2a: Torkoal|0 fnt\n|faint|p2a: Torkoal\n|-damage|p1a: Staraptor|52/261 brn|[from] Recoil\n|\n|-damage|p1a: Staraptor|20/261 brn|[from] brn\n|upkeep\n|\n|t:|1768939958\n|switch|p2a: Archeops|Archeops, L82, M|100/257\n|turn|13\n|\n|t:|1768939967\n|move|p2a: Archeops|Roost|p2a: Archeops\n|-heal|p2a: Archeops|229/257\n|-singleturn|p2a: Archeops|move: Roost\n|move|p1a: Staraptor|Brave Bird|p2a: Archeops\n|-resisted|p2a: Archeops\n|-damage|p2a: Archeops|157/257\n|-damage|p1a: Staraptor|0 fnt|[from] Recoil\n|faint|p1a: Staraptor\n|\n|upkeep\n|\n|t:|1768939975\n|switch|p1a: Mandibuzz|Mandibuzz, L84, F|322/322\n|turn|14\n|\n|t:|1768939990\n|switch|p2a: Gastrodon|Gastrodon, L86, F|331/331\n|move|p1a: Mandibuzz|Knock Off|p2a: Gastrodon\n|-damage|p2a: Gastrodon|244/331\n|-enditem|p2a: Gastrodon|Leftovers|[from] move: Knock Off|[of] p1a: Mandibuzz\n|\n|upkeep\n|turn|15\n|\n|t:|1768940000\n|switch|p1a: Throh|Throh, L88, M|208/354\n|move|p2a: Gastrodon|Toxic|p1a: Throh|[miss]\n|-miss|p2a: Gastrodon|p1a: Throh\n|\n|-heal|p1a: Throh|230/354|[from] item: Leftovers\n|upkeep\n|turn|16\n|\n|t:|1768940011\n|move|p1a: Throh|Bulk Up|p1a: Throh\n|-boost|p1a: Throh|atk|1\n|-boost|p1a: Throh|def|1\n|move|p2a: Gastrodon|Earthquake|p1a: Throh\n|-damage|p1a: Throh|161/354\n|\n|-heal|p1a: Throh|183/354|[from] item: Leftovers\n|upkeep\n|turn|17\n|\n|t:|1768940030\n|move|p1a: Throh|Rest|p1a: Throh\n|-status|p1a: Throh|slp|[from] move: Rest\n|-heal|p1a: Throh|354/354 slp|[silent]\n|move|p2a: Gastrodon|Toxic||[still]\n|-fail|p2a: Gastrodon\n|\n|upkeep\n|turn|18\n|\n|t:|1768940034\n|cant|p1a: Throh|slp\n|move|p1a: Throh|Sleep Talk|p1a: Throh\n|move|p1a: Throh|Rest||[from] move: Sleep Talk|[still]\n|-fail|p1a: Throh\n|move|p2a: Gastrodon|Earthquake|p1a: Throh\n|-damage|p1a: Throh|291/354 slp\n|\n|-heal|p1a: Throh|313/354 slp|[from] item: Leftovers\n|upkeep\n|turn|19\n|\n|t:|1768940037\n|cant|p1a: Throh|slp\n|move|p1a: Throh|Sleep Talk|p1a: Throh\n|move|p1a: Throh|Bulk Up|p1a: Throh|[from] move: Sleep Talk\n|-boost|p1a: Throh|atk|1\n|-boost|p1a: Throh|def|1\n|move|p2a: Gastrodon|Earthquake|p1a: Throh\n|-damage|p1a: Throh|261/354 slp\n|\n|-heal|p1a: Throh|283/354 slp|[from] item: Leftovers\n|upkeep\n|turn|20\n|\n|t:|1768940041\n|-curestatus|p1a: Throh|slp|[msg]\n|move|p1a: Throh|Bulk Up|p1a: Throh\n|-boost|p1a: Throh|atk|1\n|-boost|p1a: Throh|def|1\n|move|p2a: Gastrodon|Earthquake|p1a: Throh\n|-damage|p1a: Throh|247/354\n|\n|-heal|p1a: Throh|269/354|[from] item: Leftovers\n|upkeep\n|turn|21\n|\n|t:|1768940055\n|move|p2a: Gastrodon|Earthquake|p1a: Throh\n|-damage|p1a: Throh|229/354\n|move|p1a: Throh|Circle Throw|p2a: Gastrodon\n|-damage|p2a: Gastrodon|15/331\n|drag|p2a: Simisear|Simisear, L88, M|275/275\n|\n|-heal|p1a: Throh|251/354|[from] item: Leftovers\n|upkeep\n|turn|22\n|\n|t:|1768940060\n|move|p2a: Simisear|Fire Blast|p1a: Throh\n|-damage|p1a: Throh|94/354\n|-damage|p2a: Simisear|248/275|[from] item: Life Orb\n|move|p1a: Throh|Circle Throw|p2a: Simisear\n|-damage|p2a: Simisear|49/275\n|drag|p2a: Genesect|Genesect, L72|11/221\n|-ability|p2a: Genesect|Download|boost\n|-boost|p2a: Genesect|spa|1\n|\n|-heal|p1a: Throh|116/354|[from] item: Leftovers\n|upkeep\n|turn|23\n|\n|t:|1768940066\n|move|p2a: Genesect|Flash Cannon|p1a: Throh\n|-damage|p1a: Throh|0 fnt\n|faint|p1a: Throh\n|\n|upkeep\n|\n|t:|1768940068\n|switch|p1a: Mandibuzz|Mandibuzz, L84, F|322/322\n|turn|24\n|\n|t:|1768940075\n|switch|p2a: Gastrodon|Gastrodon, L86, F|15/331\n|move|p1a: Mandibuzz|Knock Off|p2a: Gastrodon\n|-damage|p2a: Gastrodon|0 fnt\n|faint|p2a: Gastrodon\n|\n|upkeep\n|\n|t:|1768940100\n|switch|p2a: Genesect|Genesect, L72|11/221\n|-ability|p2a: Genesect|Download|boost\n|-boost|p2a: Genesect|spa|1\n|turn|25\n|\n|t:|1768940103\n|switch|p1a: Florges|Florges-White, L84, F|268/268 slp\n|move|p2a: Genesect|Ice Beam|p1a: Florges\n|-damage|p1a: Florges|184/268 slp\n|\n|-heal|p1a: Florges|200/268 slp|[from] item: Leftovers\n|upkeep\n|turn|26\n|\n|t:|1768940107\n|switch|p2a: Archeops|Archeops, L82, M|157/257\n|cant|p1a: Florges|slp\n|\n|-heal|p1a: Florges|216/268 slp|[from] item: Leftovers\n|upkeep\n|turn|27\n|\n|t:|1768940111\n|move|p2a: Archeops|Acrobatics|p1a: Florges\n|-damage|p1a: Florges|26/268 slp\n|-curestatus|p1a: Florges|slp|[msg]\n|move|p1a: Florges|Moonblast|p2a: Archeops\n|-damage|p2a: Archeops|10/257\n|-unboost|p2a: Archeops|spa|1\n|\n|-heal|p1a: Florges|42/268|[from] item: Leftovers\n|upkeep\n|turn|28\n|\n|t:|1768940127\n|move|p2a: Archeops|Acrobatics|p1a: Florges\n|-damage|p1a: Florges|0 fnt\n|faint|p1a: Florges\n|\n|upkeep\n|\n|t:|1768940145\n|switch|p1a: Bastiodon|Bastiodon, L95, F|222/268\n|turn|29\n|\n|t:|1768940171\n|move|p2a: Archeops|Roost|p2a: Archeops\n|-heal|p2a: Archeops|139/257\n|-singleturn|p2a: Archeops|move: Roost\n|move|p1a: Bastiodon|Rock Blast|p2a: Archeops\n|-damage|p2a: Archeops|112/257\n|-damage|p2a: Archeops|85/257\n|-damage|p2a: Archeops|55/257\n|-hitcount|p2a: Archeops|3\n|\n|upkeep\n|turn|30\n|inactive|nigeria simulator has 120 seconds left.\n|\n|t:|1768940201\n|move|p2a: Archeops|Roost|p2a: Archeops\n|-heal|p2a: Archeops|184/257\n|-singleturn|p2a: Archeops|move: Roost\n|move|p1a: Bastiodon|Toxic|p2a: Archeops\n|-status|p2a: Archeops|tox\n|\n|-damage|p2a: Archeops|168/257 tox|[from] psn\n|upkeep\n|turn|31\n|inactive|nigeria simulator has 120 seconds left.\n|\n|t:|1768940214\n|move|p2a: Archeops|Earthquake|p1a: Bastiodon\n|-supereffective|p1a: Bastiodon\n|-damage|p1a: Bastiodon|34/268\n|move|p1a: Bastiodon|Rock Blast|p2a: Archeops\n|-supereffective|p2a: Archeops\n|-damage|p2a: Archeops|108/257 tox\n|-supereffective|p2a: Archeops\n|-damage|p2a: Archeops|52/257 tox\n|-hitcount|p2a: Archeops|2\n|\n|-damage|p2a: Archeops|20/257 tox|[from] psn\n|upkeep\n|turn|32\n|\n|t:|1768940219\n|move|p2a: Archeops|Earthquake|p1a: Bastiodon\n|-supereffective|p1a: Bastiodon\n|-damage|p1a: Bastiodon|0 fnt\n|faint|p1a: Bastiodon\n|\n|-damage|p2a: Archeops|0 fnt|[from] psn\n|faint|p2a: Archeops\n|upkeep\n|\n|t:|1768940223\n|switch|p2a: Genesect|Genesect, L72|11/221\n|switch|p1a: Mandibuzz|Mandibuzz, L84, F|322/322\n|-ability|p2a: Genesect|Download|boost\n|-boost|p2a: Genesect|spa|1\n|turn|33\n|\n|t:|1768940227\n|move|p2a: Genesect|Ice Beam|p1a: Mandibuzz\n|-supereffective|p1a: Mandibuzz\n|-damage|p1a: Mandibuzz|82/322\n|move|p1a: Mandibuzz|Knock Off|p2a: Genesect\n|-damage|p2a: Genesect|0 fnt\n|-enditem|p2a: Genesect|Choice Specs|[from] move: Knock Off|[of] p1a: Mandibuzz\n|faint|p2a: Genesect\n|\n|upkeep\n|\n|t:|1768940230\n|switch|p2a: Azelf|Azelf, L80|251/251\n|turn|34\n|\n|t:|1768940246\n|move|p2a: Azelf|Explosion|p1a: Mandibuzz\n|-damage|p1a: Mandibuzz|0 fnt\n|faint|p2a: Azelf\n|faint|p1a: Mandibuzz\n|\n|win|arboretums\n|raw|nigeria simulator's rating: 1562 &rarr; <strong>1547</strong><br />(-15 for losing)\n|raw|arboretums's rating: 1647 &rarr; <strong>1662</strong><br />(+15 for winning)\n|l|☆nigeria simulator\n|player|p1|\n", "inputlog": ">version 3bd1a1e329da8d286644078cfc9a9638fc7ea025\n>start {\"formatid\":\"gen6randombattle\",\"seed\":\"sodium,c813c98dfe42c96876f8fdf5872b121d\",\"rated\":\"Rated battle\"}\n>player p1 {\"name\":\"nigeria simulator\",\"avatar\":\"169\",\"rating\":1562,\"seed\":\"sodium,c30bf6837e7832c043f580c7ef5481a2\"}\n>player p2 {\"name\":\"arboretums\",\"avatar\":\"serena-masters2\",\"rating\":1647,\"seed\":\"sodium,83610c3d950b480885655e26152ec433\"}\n>p1 move circlethrow\n>p2 move uturn\n>p2 switch 3\n>p1 move circlethrow\n>p2 move flashcannon\n>p1 switch 6\n>p2 move acrobatics\n>p1 move gyroball\n>p2 move acrobatics\n>chat ☆arboretums|uyihhkjjkkjlj\n>p1 switch 3\n>p1 move moonblast\n>p2 switch 6\n>p1 move calmmind\n>p2 move yawn\n>p1 move moonblast\n>p2 switch 2\n>p1 switch 2\n>p2 move flashcannon\n>p1 move rockblast\n>p2 switch 2\n>p1 switch 4\n>p2 move earthquake\n>p1 move bravebird\n>p2 move lavaplume\n>p1 move bravebird\n>p2 move lavaplume\n>p2 switch 6\n>p1 move bravebird\n>p2 move roost\n>p1 switch 5\n>p1 move knockoff\n>p2 switch 5\n>p1 switch 6\n>p2 move toxic\n>p1 move bulkup\n>p2 move earthquake\n>p1 move rest\n>p2 move toxic\n>p1 move sleeptalk\n>p2 move earthquake\n>p1 move sleeptalk\n>p2 move earthquake\n>p1 move bulkup\n>p2 move earthquake\n>p1 move circlethrow\n>p2 move earthquake\n>p1 move circlethrow\n>p2 move fireblast\n>p1 move rest\n>p2 move flashcannon\n>p1 switch 6\n>p1 move knockoff\n>p2 switch 4\n>p2 switch 4\n>p1 switch 2\n>p2 move icebeam\n>p1 move synthesis\n>p2 switch 5\n>p1 move moonblast\n>p2 move acrobatics\n>p1 move synthesis\n>p2 move acrobatics\n>p1 switch 4\n>p1 move rockblast\n>p2 move roost\n>p1 move toxic\n>p2 move roost\n>p1 move rockblast\n>p2 move earthquake\n>p1 move rockblast\n>p2 move earthquake\n>p1 switch 2\n>p2 switch 5\n>p1 move knockoff\n>p2 move icebeam\n>p2 switch 3\n>p1 move roost\n>p2 move explosion", "uploadtime": 1768940250, "views": 304, "formatid": "gen6randombattle", "rating": 1547, "private": 0, "password": null}