{"id": "gen6randombattle-2520362506", "format": "[Gen 6] Random Battle", "players": ["arboretums", "willyt"], "log": "|j|☆arboretums\n|j|☆willyt\n|t:|1768618762\n|gametype|singles\n|player|p1|arboretums|serena-masters2|1627\n|player|p2|willyt|2|1571\n|gen|6\n|tier|[Gen 6] Random Battle\n|rated|\n|rule|Sleep Clause Mod: Limit one foe put to sleep\n|rule|HP Percentage Mod: HP is shown in percentages\n|rule|Illusion Level Mod: Illusion disguises the Pokémon's true level\n|\n|t:|1768618762\n|teamsize|p1|6\n|teamsize|p2|6\n|start\n|switch|p1a: Altaria|Altaria, L88, M|275/275\n|switch|p2a: Meowstic|Meowstic, L86, M|268/268\n|turn|1\n|inactive|Battle timer is ON: inactive players will automatically lose when time's up. (requested by arboretums)\n|c|☆arboretums|a\n|inactive|willyt has 120 seconds left.\n|\n|t:|1768618845\n|switch|p2a: Roserade|Roserade, L83, F|235/235\n|move|p1a: Altaria|Dragon Dance|p1a: Altaria\n|-boost|p1a: Altaria|atk|1\n|-boost|p1a: Altaria|spe|1\n|\n|upkeep\n|turn|2\n|\n|t:|1768618856\n|move|p1a: Altaria|Dragon Dance|p1a: Altaria\n|-boost|p1a: Altaria|atk|1\n|-boost|p1a: Altaria|spe|1\n|move|p2a: Roserade|Sludge Bomb|p1a: Altaria\n|-damage|p1a: Altaria|181/275\n|\n|upkeep\n|turn|3\n|\n|t:|1768618862\n|move|p1a: Altaria|Outrage|p2a: Roserade\n|-damage|p2a: Roserade|0 fnt\n|faint|p2a: Roserade\n|\n|upkeep\n|\n|t:|1768618866\n|switch|p2a: Suicune|Suicune, L80|291/291\n|-ability|p2a: Suicune|Pressure\n|turn|4\n|\n|t:|1768618875\n|move|p1a: Altaria|Outrage|p2a: Suicune|[from] lockedmove\n|-damage|p2a: Suicune|98/291\n|move|p2a: Suicune|Ice Beam|p1a: Altaria\n|-supereffective|p1a: Altaria\n|-damage|p1a: Altaria|0 fnt\n|faint|p1a: Altaria\n|\n|upkeep\n|\n|t:|1768618885\n|switch|p1a: Hitmonlee|Hitmonlee, L86, M|225/225\n|turn|5\n|\n|t:|1768618891\n|move|p1a: Hitmonlee|Knock Off|p2a: Suicune\n|-damage|p2a: Suicune|0 fnt\n|-enditem|p2a: Suicune|Chesto Berry|[from] move: Knock Off|[of] p1a: Hitmonlee\n|faint|p2a: Suicune\n|\n|upkeep\n|\n|t:|1768618899\n|switch|p2a: Cherrim|Cherrim, L97, M|293/293\n|turn|6\n|\n|t:|1768618904\n|move|p2a: Cherrim|Toxic|p1a: Hitmonlee\n|-status|p1a: Hitmonlee|tox\n|move|p1a: Hitmonlee|Knock Off|p2a: Cherrim\n|-damage|p2a: Cherrim|173/293\n|-enditem|p2a: Cherrim|Leftovers|[from] move: Knock Off|[of] p1a: Hitmonlee\n|\n|-damage|p1a: Hitmonlee|211/225 tox|[from] psn\n|upkeep\n|turn|7\n|\n|t:|1768618910\n|switch|p1a: Beedrill|Beedrill, L77, M|227/227\n|move|p2a: Cherrim|Toxic|p1a: Beedrill\n|-immune|p1a: Beedrill\n|\n|upkeep\n|turn|8\n|\n|t:|1768618920\n|switch|p2a: Rapidash|Rapidash, L87, M|255/255\n|detailschange|p1a: Beedrill|Beedrill-Mega, L77, M\n|-mega|p1a: Beedrill|Beedrill|Beedrillite\n|move|p1a: Beedrill|U-turn|p2a: Rapidash\n|-resisted|p2a: Rapidash\n|-damage|p2a: Rapidash|188/255\n|\n|t:|1768618927\n|switch|p1a: Azumarill|Azumarill, L81, M|295/295|[from] U-turn\n|\n|upkeep\n|turn|9\n|inactive|willyt has 120 seconds left.\n|\n|t:|1768618959\n|switch|p2a: Cherrim|Cherrim, L97, M|173/293\n|move|p1a: Azumarill|Waterfall|p2a: Cherrim\n|-resisted|p2a: Cherrim\n|-damage|p2a: Cherrim|94/293\n|\n|upkeep\n|turn|10\n|inactive|arboretums has 120 seconds left.\n|\n|t:|1768618991\n|switch|p1a: Beedrill|Beedrill-Mega, L77, M|227/227\n|move|p2a: Cherrim|Morning Sun|p2a: Cherrim\n|-heal|p2a: Cherrim|240/293\n|\n|upkeep\n|turn|11\n|\n|t:|1768618996\n|move|p1a: Beedrill|Poison Jab|p2a: Cherrim\n|-supereffective|p2a: Cherrim\n|-damage|p2a: Cherrim|0 fnt\n|faint|p2a: Cherrim\n|\n|upkeep\n|\n|t:|1768619001\n|switch|p2a: Meowstic|Meowstic, L86, M|268/268\n|turn|12\n|\n|t:|1768619005\n|move|p2a: Meowstic|Thunder Wave|p1a: Beedrill\n|-status|p1a: Beedrill|par\n|move|p1a: Beedrill|U-turn|p2a: Meowstic\n|-supereffective|p2a: Meowstic\n|-damage|p2a: Meowstic|0 fnt\n|faint|p2a: Meowstic\n|\n|t:|1768619008\n|switch|p1a: Azumarill|Azumarill, L81, M|295/295|[from] U-turn\n|\n|upkeep\n|inactive|willyt has 120 seconds left.\n|inactive|willyt has 90 seconds left.\n|\n|t:|1768619071\n|switch|p2a: Rapidash|Rapidash, L87, M|188/255\n|turn|13\n|\n|t:|1768619075\n|move|p2a: Rapidash|Wild Charge|p1a: Azumarill\n|-supereffective|p1a: Azumarill\n|-damage|p1a: Azumarill|100/295\n|-damage|p2a: Rapidash|139/255|[from] Recoil\n|-damage|p2a: Rapidash|114/255|[from] item: Life Orb\n|move|p1a: Azumarill|Waterfall|p2a: Rapidash\n|-supereffective|p2a: Rapidash\n|-damage|p2a: Rapidash|0 fnt\n|faint|p2a: Rapidash\n|\n|upkeep\n|\n|t:|1768619083\n|switch|p2a: Gothitelle|Gothitelle, L89, M|269/269\n|turn|14\n|\n|t:|1768619087\n|move|p2a: Gothitelle|Psychic|p1a: Azumarill\n|-damage|p1a: Azumarill|0 fnt\n|faint|p1a: Azumarill\n|\n|upkeep\n|\n|t:|1768619097\n|switch|p1a: Hitmonlee|Hitmonlee, L86, M|211/225 tox\n|turn|15\n|inactive|willyt has 120 seconds left.\n|\n|t:|1768619119\n|move|p2a: Gothitelle|Psychic|p1a: Hitmonlee\n|-supereffective|p1a: Hitmonlee\n|-damage|p1a: Hitmonlee|53/225 tox\n|move|p1a: Hitmonlee|Knock Off|p2a: Gothitelle\n|-supereffective|p2a: Gothitelle\n|-damage|p2a: Gothitelle|59/269\n|-enditem|p2a: Gothitelle|Choice Scarf|[from] move: Knock Off|[of] p1a: Hitmonlee\n|\n|-damage|p1a: Hitmonlee|39/225 tox|[from] psn\n|upkeep\n|turn|16\n|\n|t:|1768619136\n|move|p1a: Hitmonlee|Knock Off|p2a: Gothitelle\n|-supereffective|p2a: Gothitelle\n|-damage|p2a: Gothitelle|0 fnt\n|faint|p2a: Gothitelle\n|\n|win|arboretums\n|raw|arboretums's rating: 1627 &rarr; <strong>1644</strong><br />(+17 for winning)\n|raw|willyt's rating: 1571 &rarr; <strong>1554</strong><br />(-17 for losing)\n", "inputlog": ">version 3bd1a1e329da8d286644078cfc9a9638fc7ea025\n>start {\"formatid\":\"gen6randombattle\",\"seed\":\"sodium,5f25e2ed3c22fc8f5a0dda33c3cb8eca\",\"rated\":\"Rated battle\"}\n>player p1 {\"name\":\"arboretums\",\"avatar\":\"serena-masters2\",\"rating\":1627,\"seed\":\"sodium,1a67d597c8c17e28c42a988265bf2779\"}\n>player p2 {\"name\":\"willyt\",\"avatar\":\"2\",\"rating\":1571,\"seed\":\"sodium,c0509f8502e8f16e8f4c58d9850bad9b\"}\n>chat ☆arboretums|a\n>p1 move dragondance\n>p2 switch 4\n>p1 move dragondance\n>p2 move sludgebomb\n>p1 move outrage\n>p2 move sludgebomb\n>p2 switch 2\n>p1 move outrage\n>p2 move icebeam\n>p1 switch 2\n>p1 move knockoff\n>p2 move scald\n>p2 switch 6\n>p1 move knockoff\n>p2 move toxic\n>p1 switch 6\n>p2 move toxic\n>p1 move uturn mega\n>p2 switch 3\n>p1 switch 3\n>p1 move waterfall\n>p2 switch 3\n>p1 switch 3\n>p2 move morningsun\n>p1 move poisonjab\n>p2 move hiddenpower\n>p2 switch 4\n>p1 move uturn\n>p2 move thunderwave\n>p1 switch 3\n>p2 switch 3\n>p1 move waterfall\n>p2 move wildcharge\n>p2 switch 5\n>p1 move waterfall\n>p2 move psychic\n>p1 switch 6\n>p1 move knockoff\n>p2 move psychic\n>p1 move knockoff\n>p2 move psychic", "uploadtime": 1768619137, "views": 283, "formatid": "gen6randombattle", "rating": 1554, "private": 0, "password": null}