{"id": "gen6randombattle-2521226311", "format": "[Gen 6] Random Battle", "players": ["Bearsfan777", "arboretums"], "log": "|j|☆Bearsfan777\n|j|☆arboretums\n|t:|1768749755\n|gametype|singles\n|player|p1|Bearsfan777|169|1636\n|player|p2|arboretums|serena-masters2|1696\n|gen|6\n|tier|[Gen 6] Random Battle\n|rated|\n|rule|Sleep Clause Mod: Limit one foe put to sleep\n|rule|HP Percentage Mod: HP is shown in percentages\n|rule|Illusion Level Mod: Illusion disguises the Pokémon's true level\n|\n|t:|1768749755\n|teamsize|p1|6\n|teamsize|p2|6\n|start\n|switch|p1a: Plusle|Plusle, L93, F|262/262\n|switch|p2a: Hoopa|Hoopa-Unbound, L79|256/256\n|turn|1\n|inactive|Battle timer is ON: inactive players will automatically lose when time's up. (requested by arboretums)\n|\n|t:|1768749767\n|move|p2a: Hoopa|Hyperspace Fury|p1a: Plusle\n|-damage|p1a: Plusle|33/262\n|-unboost|p2a: Hoopa|def|1\n|move|p1a: Plusle|Nasty Plot|p1a: Plusle\n|-boost|p1a: Plusle|spa|2\n|\n|-heal|p1a: Plusle|49/262|[from] item: Leftovers\n|upkeep\n|turn|2\n|\n|t:|1768749773\n|switch|p1a: Virizion|Virizion, L80|277/277\n|move|p2a: Hoopa|Hyperspace Fury|p1a: Virizion\n|-resisted|p1a: Virizion\n|-damage|p1a: Virizion|186/277\n|-unboost|p2a: Hoopa|def|1\n|-ability|p1a: Virizion|Justified|boost\n|-boost|p1a: Virizion|atk|1\n|\n|upkeep\n|turn|3\n|\n|t:|1768749795\n|switch|p2a: Mew|Mew, L80|291/291\n|move|p1a: Virizion|Swords Dance|p1a: Virizion\n|-boost|p1a: Virizion|atk|2\n|\n|upkeep\n|turn|4\n|\n|t:|1768749798\n|move|p1a: Virizion|Leaf Blade|p2a: Mew\n|-damage|p2a: Mew|22/291\n|-damage|p1a: Virizion|159/277|[from] item: Life Orb\n|move|p2a: Mew|Zen Headbutt|p1a: Virizion\n|-supereffective|p1a: Virizion\n|-crit|p1a: Virizion\n|-damage|p1a: Virizion|0 fnt\n|faint|p1a: Virizion\n|-damage|p2a: Mew|0 fnt|[from] item: Life Orb\n|faint|p2a: Mew\n|\n|upkeep\n|\n|t:|1768749813\n|switch|p1a: Alomomola|Alomomola, L85, F|419/419\n|switch|p2a: Hoopa|Hoopa-Unbound, L79|256/256\n|turn|5\n|\n|t:|1768749818\n|move|p2a: Hoopa|Trick|p1a: Alomomola\n|-activate|p2a: Hoopa|move: Trick|[of] p1a: Alomomola\n|-item|p1a: Alomomola|Choice Scarf|[from] move: Trick\n|-item|p2a: Hoopa|Rocky Helmet|[from] move: Trick\n|move|p1a: Alomomola|Knock Off|p2a: Hoopa\n|-damage|p2a: Hoopa|174/256\n|-damage|p1a: Alomomola|350/419|[from] item: Rocky Helmet|[of] p2a: Hoopa\n|-enditem|p2a: Hoopa|Rocky Helmet|[from] move: Knock Off|[of] p1a: Alomomola\n|\n|upkeep\n|turn|6\n|\n|t:|1768749831\n|move|p1a: Alomomola|Knock Off|p2a: Hoopa\n|-damage|p2a: Hoopa|121/256\n|move|p2a: Hoopa|Psychic|p1a: Alomomola\n|-crit|p1a: Alomomola\n|-damage|p1a: Alomomola|11/419\n|-item|p2a: Hoopa|Choice Scarf|[from] ability: Magician|[of] p1a: Alomomola\n|\n|upkeep\n|turn|7\n|\n|t:|1768749845\n|switch|p1a: Crawdaunt|Crawdaunt, L83, M|240/240\n|move|p2a: Hoopa|Hyperspace Fury|p1a: Crawdaunt\n|-resisted|p1a: Crawdaunt\n|-damage|p1a: Crawdaunt|166/240\n|-unboost|p2a: Hoopa|def|1\n|\n|upkeep\n|turn|8\n|inactive|arboretums has 120 seconds left.\n|\n|t:|1768749876\n|switch|p2a: Jellicent|Jellicent, L85, M|309/309\n|move|p1a: Crawdaunt|Knock Off|p2a: Jellicent\n|-supereffective|p2a: Jellicent\n|-damage|p2a: Jellicent|0 fnt\n|-enditem|p2a: Jellicent|Leftovers|[from] move: Knock Off|[of] p1a: Crawdaunt\n|faint|p2a: Jellicent\n|\n|upkeep\n|inactive|arboretums has 120 seconds left.\n|\n|t:|1768749881\n|switch|p2a: Vivillon|Vivillon-High Plains, L83, M|267/267\n|turn|9\n|\n|t:|1768749891\n|move|p2a: Vivillon|Sleep Powder|p1a: Crawdaunt|[miss]\n|-miss|p2a: Vivillon|p1a: Crawdaunt\n|move|p1a: Crawdaunt|Knock Off|p2a: Vivillon\n|-crit|p2a: Vivillon\n|-damage|p2a: Vivillon|0 fnt\n|-enditem|p2a: Vivillon|Leftovers|[from] move: Knock Off|[of] p1a: Crawdaunt\n|faint|p2a: Vivillon\n|\n|upkeep\n|c|☆arboretums|98%\n|c|☆arboretums|fucking\n|c|☆arboretums|god\n|inactive|arboretums has 120 seconds left.\n|\n|t:|1768749922\n|switch|p2a: Slurpuff|Slurpuff, L77, F|252/252\n|turn|10\n|\n|t:|1768749929\n|move|p2a: Slurpuff|Belly Drum|p2a: Slurpuff\n|-damage|p2a: Slurpuff|126/252\n|-setboost|p2a: Slurpuff|atk|6|[from] move: Belly Drum\n|-enditem|p2a: Slurpuff|Sitrus Berry|[eat]\n|-heal|p2a: Slurpuff|189/252|[from] item: Sitrus Berry\n|move|p1a: Crawdaunt|Knock Off|p2a: Slurpuff\n|-resisted|p2a: Slurpuff\n|-damage|p2a: Slurpuff|103/252\n|\n|upkeep\n|turn|11\n|\n|t:|1768749957\n|switch|p1a: Plusle|Plusle, L93, F|49/262\n|move|p2a: Slurpuff|Drain Punch|p1a: Plusle\n|-damage|p1a: Plusle|0 fnt\n|-heal|p2a: Slurpuff|128/252|[from] drain|[of] p1a: Plusle\n|faint|p1a: Plusle\n|\n|upkeep\n|\n|t:|1768749962\n|switch|p1a: Scyther|Scyther, L82, F|249/249\n|turn|12\n|\n|t:|1768749967\n|move|p2a: Slurpuff|Return|p1a: Scyther\n|-damage|p1a: Scyther|83/249\n|move|p1a: Scyther|Aerial Ace|p2a: Slurpuff\n|-damage|p2a: Slurpuff|14/252\n|\n|upkeep\n|turn|13\n|inactive|arboretums has 120 seconds left.\n|\n|t:|1768749974\n|move|p2a: Slurpuff|Return|p1a: Scyther\n|-damage|p1a: Scyther|0 fnt\n|faint|p1a: Scyther\n|\n|upkeep\n|\n|t:|1768749976\n|switch|p1a: Crawdaunt|Crawdaunt, L83, M|166/240\n|turn|14\n|\n|t:|1768749985\n|move|p1a: Crawdaunt|Aqua Jet|p2a: Slurpuff\n|-damage|p2a: Slurpuff|0 fnt\n|faint|p2a: Slurpuff\n|\n|upkeep\n|\n|t:|1768749992\n|switch|p2a: Heatran|Heatran, L78, F|270/270\n|turn|15\n|\n|t:|1768750000\n|move|p1a: Crawdaunt|Aqua Jet|p2a: Heatran\n|-supereffective|p2a: Heatran\n|-damage|p2a: Heatran|86/270\n|move|p2a: Heatran|Earth Power|p1a: Crawdaunt\n|-damage|p1a: Crawdaunt|68/240\n|\n|-heal|p2a: Heatran|102/270|[from] item: Leftovers\n|upkeep\n|turn|16\n|\n|t:|1768750005\n|move|p1a: Crawdaunt|Aqua Jet|p2a: Heatran\n|-supereffective|p2a: Heatran\n|-damage|p2a: Heatran|0 fnt\n|faint|p2a: Heatran\n|\n|upkeep\n|\n|t:|1768750007\n|switch|p2a: Hoopa|Hoopa-Unbound, L79|121/256\n|turn|17\n|\n|t:|1768750008\n|move|p1a: Crawdaunt|Aqua Jet|p2a: Hoopa\n|-damage|p2a: Hoopa|0 fnt\n|faint|p2a: Hoopa\n|\n|win|Bearsfan777\n|raw|Bearsfan777's rating: 1636 &rarr; <strong>1659</strong><br />(+23 for winning)\n|raw|arboretums's rating: 1696 &rarr; <strong>1673</strong><br />(-23 for losing)\n", "inputlog": ">version 3bd1a1e329da8d286644078cfc9a9638fc7ea025\n>start {\"formatid\":\"gen6randombattle\",\"seed\":\"sodium,244e2f14bccbf513aa24468cd7465810\",\"rated\":\"Rated battle\"}\n>player p1 {\"name\":\"Bearsfan777\",\"avatar\":\"169\",\"rating\":1636,\"seed\":\"sodium,c2ef365fc15c0e055d3b48d760994bd8\"}\n>player p2 {\"name\":\"arboretums\",\"avatar\":\"serena-masters2\",\"rating\":1696,\"seed\":\"sodium,ed7ecade2e48d38c46ed08f1276430db\"}\n>p1 move nastyplot\n>p2 move hyperspacefury\n>p1 switch 3\n>p2 move hyperspacefury\n>p1 move swordsdance\n>p2 switch 2\n>p1 move leafblade\n>p2 move zenheadbutt\n>p1 switch 6\n>p2 switch 2\n>p1 move knockoff\n>p2 move trick\n>p1 move knockoff\n>p2 move psychic\n>p1 switch 4\n>p2 move hyperspacefury\n>p1 move knockoff\n>p2 switch 4\n>p2 switch 3\n>p1 move knockoff\n>p2 move sleeppowder\n>chat ☆arboretums|98%\n>chat ☆arboretums|fucking\n>chat ☆arboretums|god\n>p2 switch 6\n>p1 move knockoff\n>p2 move bellydrum\n>p1 switch 3\n>p2 move drainpunch\n>p1 switch 5\n>p1 move aerialace\n>p2 move return\n>p1 move aerialace\n>p2 move return\n>p1 switch 3\n>p1 move aquajet\n>p2 move drainpunch\n>p2 switch 5\n>p1 move aquajet\n>p2 move earthpower\n>p1 move aquajet\n>p2 move earthpower\n>p2 switch 4\n>p1 move aquajet\n>p2 move hyperspacefury", "uploadtime": 1768750010, "views": 284, "formatid": "gen6randombattle", "rating": 1659, "private": 0, "password": null}