{"id": "gen6randombattle-2538891417", "format": "[Gen 6] Random Battle", "players": ["arboretums", "anilsahin026"], "log": "|j|☆arboretums\n|j|☆anilsahin026\n|t:|1770990339\n|gametype|singles\n|player|p1|arboretums|serena-masters2|1479\n|player|p2|anilsahin026|unknown|1586\n|gen|6\n|tier|[Gen 6] Random Battle\n|rated|\n|rule|Sleep Clause Mod: Limit one foe put to sleep\n|rule|HP Percentage Mod: HP is shown in percentages\n|rule|Illusion Level Mod: Illusion disguises the Pokémon's true level\n|\n|t:|1770990339\n|teamsize|p1|6\n|teamsize|p2|6\n|start\n|switch|p1a: Mew|Mew, L80|291/291\n|switch|p2a: Golduck|Golduck, L90, F|290/290\n|-ability|p2a: Golduck|Cloud Nine\n|turn|1\n|inactive|Battle timer is ON: inactive players will automatically lose when time's up. (requested by arboretums)\n|inactive|anilsahin026 has 120 seconds left.\n|\n|t:|1770990378\n|move|p1a: Mew|Swords Dance|p1a: Mew\n|-boost|p1a: Mew|atk|2\n|move|p2a: Golduck|Hydro Pump|p1a: Mew\n|-damage|p1a: Mew|123/291\n|-damage|p2a: Golduck|261/290|[from] item: Life Orb\n|\n|upkeep\n|turn|2\n|\n|t:|1770990390\n|move|p1a: Mew|Drain Punch|p2a: Golduck\n|-damage|p2a: Golduck|134/290\n|-heal|p1a: Mew|187/291|[from] drain|[of] p2a: Golduck\n|-damage|p1a: Mew|158/291|[from] item: Life Orb\n|move|p2a: Golduck|Hydro Pump|p1a: Mew\n|-damage|p1a: Mew|0 fnt\n|faint|p1a: Mew\n|-damage|p2a: Golduck|105/290|[from] item: Life Orb\n|\n|upkeep\n|\n|t:|1770990411\n|switch|p1a: Palkia|Palkia, L73|252/252\n|-ability|p1a: Palkia|Pressure\n|turn|3\n|\n|t:|1770990420\n|move|p2a: Golduck|Focus Blast|p1a: Palkia\n|-damage|p1a: Palkia|135/252\n|-damage|p2a: Golduck|76/290|[from] item: Life Orb\n|move|p1a: Palkia|Spacial Rend|p2a: Golduck\n|-damage|p2a: Golduck|0 fnt\n|faint|p2a: Golduck\n|\n|upkeep\n|\n|t:|1770990434\n|switch|p2a: Primeape|Primeape, L87, F|255/255\n|turn|4\n|\n|t:|1770990442\n|move|p2a: Primeape|Close Combat|p1a: Palkia\n|-damage|p1a: Palkia|0 fnt\n|-unboost|p2a: Primeape|def|1\n|-unboost|p2a: Primeape|spd|1\n|faint|p1a: Palkia\n|-damage|p2a: Primeape|230/255|[from] item: Life Orb\n|\n|upkeep\n|\n|t:|1770990462\n|switch|p1a: Marowak|Marowak, L88, F|249/249\n|turn|5\n|\n|t:|1770990470\n|switch|p2a: Palkia|Palkia, L73|252/252\n|-ability|p2a: Palkia|Pressure\n|move|p1a: Marowak|Earthquake|p2a: Palkia\n|-damage|p2a: Palkia|36/252\n|\n|upkeep\n|turn|6\n|\n|t:|1770990477\n|switch|p1a: Clawitzer|Clawitzer, L85, M|259/259\n|move|p2a: Palkia|Hydro Pump|p1a: Clawitzer\n|-resisted|p1a: Clawitzer\n|-damage|p1a: Clawitzer|211/259\n|\n|upkeep\n|turn|7\n|\n|t:|1770990500\n|switch|p2a: Swellow|Swellow, L81, F|230/230\n|move|p1a: Clawitzer|U-turn|p2a: Swellow\n|-resisted|p2a: Swellow\n|-damage|p2a: Swellow|200/230\n|\n|t:|1770990510\n|switch|p1a: Marowak|Marowak, L88, F|249/249|[from] U-turn\n|\n|-status|p2a: Swellow|tox|[from] item: Toxic Orb\n|upkeep\n|turn|8\n|\n|t:|1770990514\n|move|p2a: Swellow|U-turn|p1a: Marowak\n|-damage|p1a: Marowak|196/249\n|\n|t:|1770990516\n|switch|p2a: Primeape|Primeape, L87, F|230/255|[from] U-turn\n|move|p1a: Marowak|Stone Edge|p2a: Primeape\n|-resisted|p2a: Primeape\n|-damage|p2a: Primeape|144/255\n|\n|upkeep\n|turn|9\n|\n|t:|1770990519\n|move|p2a: Primeape|Close Combat|p1a: Marowak\n|-damage|p1a: Marowak|56/249\n|-unboost|p2a: Primeape|def|1\n|-unboost|p2a: Primeape|spd|1\n|-damage|p2a: Primeape|119/255|[from] item: Life Orb\n|move|p1a: Marowak|Earthquake|p2a: Primeape\n|-damage|p2a: Primeape|0 fnt\n|faint|p2a: Primeape\n|\n|upkeep\n|\n|t:|1770990523\n|switch|p2a: Swellow|Swellow, L81, F|200/230 tox\n|turn|10\n|\n|t:|1770990525\n|move|p2a: Swellow|Facade|p1a: Marowak\n|-damage|p1a: Marowak|0 fnt\n|faint|p1a: Marowak\n|\n|-damage|p2a: Swellow|186/230 tox|[from] psn\n|upkeep\n|\n|t:|1770990529\n|switch|p1a: Clawitzer|Clawitzer, L85, M|211/259\n|turn|11\n|\n|t:|1770990531\n|move|p2a: Swellow|Facade|p1a: Clawitzer\n|-damage|p1a: Clawitzer|37/259\n|move|p1a: Clawitzer|Ice Beam|p2a: Swellow\n|-supereffective|p2a: Swellow\n|-damage|p2a: Swellow|0 fnt\n|faint|p2a: Swellow\n|\n|upkeep\n|\n|t:|1770990539\n|switch|p2a: Palkia|Palkia, L73|36/252\n|-ability|p2a: Palkia|Pressure\n|turn|12\n|\n|t:|1770990544\n|move|p2a: Palkia|Spacial Rend|p1a: Clawitzer\n|-damage|p1a: Clawitzer|0 fnt\n|faint|p1a: Clawitzer\n|\n|upkeep\n|\n|t:|1770990550\n|switch|p1a: Linoone|Linoone, L84, M|268/268\n|turn|13\n|\n|t:|1770990569\n|move|p1a: Linoone|Seed Bomb|p2a: Palkia\n|-damage|p2a: Palkia|0 fnt\n|faint|p2a: Palkia\n|\n|upkeep\n|\n|t:|1770990573\n|switch|p2a: Xatu|Xatu, L87, F|255/255\n|turn|14\n|\n|t:|1770990578\n|move|p1a: Linoone|Belly Drum|p1a: Linoone\n|-damage|p1a: Linoone|134/268\n|-setboost|p1a: Linoone|atk|6|[from] move: Belly Drum\n|-enditem|p1a: Linoone|Sitrus Berry|[eat]\n|-heal|p1a: Linoone|201/268|[from] item: Sitrus Berry\n|move|p2a: Xatu|Thunder Wave|p1a: Linoone\n|-status|p1a: Linoone|par\n|\n|upkeep\n|turn|15\n|\n|t:|1770990582\n|cant|p1a: Linoone|par\n|move|p2a: Xatu|Psychic|p1a: Linoone\n|-damage|p1a: Linoone|66/268 par\n|\n|upkeep\n|turn|16\n|\n|t:|1770990585\n|switch|p2a: Jirachi|Jirachi, L78|284/284\n|move|p1a: Linoone|Extreme Speed|p2a: Jirachi\n|-resisted|p2a: Jirachi\n|-damage|p2a: Jirachi|166/284\n|\n|-heal|p2a: Jirachi|183/284|[from] item: Leftovers\n|upkeep\n|turn|17\n|\n|t:|1770990590\n|cant|p1a: Linoone|par\n|move|p2a: Jirachi|Iron Head|p1a: Linoone\n|-damage|p1a: Linoone|0 fnt\n|faint|p1a: Linoone\n|\n|-heal|p2a: Jirachi|200/284|[from] item: Leftovers\n|upkeep\n|\n|t:|1770990592\n|switch|p1a: Volcarona|Volcarona, L77, F|257/257\n|turn|18\n|\n|t:|1770990597\n|move|p2a: Jirachi|Toxic|p1a: Volcarona\n|-status|p1a: Volcarona|tox\n|move|p1a: Volcarona|Quiver Dance|p1a: Volcarona\n|-boost|p1a: Volcarona|spa|1\n|-boost|p1a: Volcarona|spd|1\n|-boost|p1a: Volcarona|spe|1\n|\n|-heal|p2a: Jirachi|217/284|[from] item: Leftovers\n|-damage|p1a: Volcarona|241/257 tox|[from] psn\n|upkeep\n|turn|19\n|\n|t:|1770990604\n|move|p1a: Volcarona|Fire Blast|p2a: Jirachi\n|-supereffective|p2a: Jirachi\n|-damage|p2a: Jirachi|0 fnt\n|faint|p2a: Jirachi\n|\n|-heal|p1a: Volcarona|257/257 tox|[from] item: Leftovers\n|-damage|p1a: Volcarona|225/257 tox|[from] psn\n|upkeep\n|\n|t:|1770990607\n|switch|p2a: Xatu|Xatu, L87, F|255/255\n|turn|20\n|\n|t:|1770990612\n|move|p1a: Volcarona|Bug Buzz|p2a: Xatu\n|-damage|p2a: Xatu|68/255\n|move|p2a: Xatu|Psychic|p1a: Volcarona\n|-damage|p1a: Volcarona|164/257 tox\n|\n|-heal|p1a: Volcarona|180/257 tox|[from] item: Leftovers\n|-heal|p2a: Xatu|83/255|[from] item: Leftovers\n|-damage|p1a: Volcarona|132/257 tox|[from] psn\n|upkeep\n|turn|21\n|\n|t:|1770990617\n|move|p1a: Volcarona|Bug Buzz|p2a: Xatu\n|-damage|p2a: Xatu|0 fnt\n|faint|p2a: Xatu\n|\n|win|arboretums\n|raw|arboretums's rating: 1479 &rarr; <strong>1505</strong><br />(+26 for winning)\n|raw|anilsahin026's rating: 1586 &rarr; <strong>1560</strong><br />(-26 for losing)\n", "inputlog": ">version ccdc32dd7cde25fd9e4bed64820e885f66e78a4e\n>start {\"formatid\":\"gen6randombattle\",\"seed\":\"sodium,f519782f2dec91ded1a02e69f9a2e3ad\",\"rated\":\"Rated battle\"}\n>player p1 {\"name\":\"arboretums\",\"avatar\":\"serena-masters2\",\"rating\":1479,\"seed\":\"sodium,cd7a76334c0d423be6c1d6720a6a4f7e\"}\n>player p2 {\"name\":\"anilsahin026\",\"avatar\":\"unknown\",\"rating\":1586,\"seed\":\"sodium,27851105d4631f963009882f0997bba8\"}\n>p1 move swordsdance\n>p2 move hydropump\n>p1 move drainpunch\n>p2 move hydropump\n>p1 switch 4\n>p1 move spacialrend\n>p2 move focusblast\n>p2 switch 6\n>p1 move thunderwave\n>p2 move closecombat\n>p1 switch 2\n>p1 move earthquake\n>p2 switch 4\n>p1 switch 3\n>p2 move hydropump\n>p1 move uturn\n>p2 switch 3\n>p1 switch 3\n>p1 move stoneedge\n>p2 move uturn\n>p2 switch 4\n>p1 move earthquake\n>p2 move closecombat\n>p2 switch 4\n>p1 move stoneedge\n>p2 move facade\n>p1 switch 3\n>p1 move icebeam\n>p2 move facade\n>p2 switch 3\n>p1 move icebeam\n>p2 move spacialrend\n>p1 switch 5\n>p1 move seedbomb\n>p2 move thunderwave\n>p2 switch 2\n>p1 move bellydrum\n>p2 move thunderwave\n>p1 move extremespeed\n>p2 move psychic\n>p1 move extremespeed\n>p2 switch 5\n>p1 move shadowclaw\n>p2 move ironhead\n>p1 switch 6\n>p1 move quiverdance\n>p2 move toxic\n>p1 move fireblast\n>p2 move wish\n>p2 switch 5\n>p1 move bugbuzz\n>p2 move psychic\n>p1 move bugbuzz\n>p2 move roost", "uploadtime": 1770990618, "views": 201, "formatid": "gen6randombattle", "rating": 1505, "private": 0, "password": null}