{"id": "gen6randombattle-2520542665", "format": "[Gen 6] Random Battle", "players": ["felipefelipao", "unzipscrogre"], "log": "|badge|p2|bronze|gen9uu|100-8\n|uhtml|medal-msg|<div class=\"broadcast-blue\">Curious what those medals under the avatar are? PS now has Ladder Seasons! For more information, check out the <a href=\"https://www.smogon.com/forums/threads/3740067/\">thread on Smogon.</a></div>\n|j|☆felipefelipao\n|j|☆unzipscrogre\n|t:|1768651528\n|gametype|singles\n|player|p1|felipefelipao|lenora|1577\n|player|p2|unzipscrogre|unknown|1552\n|gen|6\n|tier|[Gen 6] Random Battle\n|rated|\n|rule|Sleep Clause Mod: Limit one foe put to sleep\n|rule|HP Percentage Mod: HP is shown in percentages\n|rule|Illusion Level Mod: Illusion disguises the Pokémon's true level\n|\n|t:|1768651528\n|teamsize|p1|6\n|teamsize|p2|6\n|start\n|switch|p1a: Donphan|Donphan, L83, M|285/285\n|switch|p2a: Lucario|Lucario, L82, F|249/249\n|turn|1\n|inactive|Battle timer is ON: inactive players will automatically lose when time's up. (requested by unzipscrogre)\n|\n|t:|1768651542\n|switch|p2a: Heracross|Heracross, L77, M|250/250\n|move|p1a: Donphan|Stealth Rock|p2a: Heracross\n|-sidestart|p2: unzipscrogre|move: Stealth Rock\n|\n|upkeep\n|turn|2\n|\n|t:|1768651552\n|switch|p1a: Drifblim|Drifblim, L83, M|384/384\n|detailschange|p2a: Heracross|Heracross-Mega, L77, M\n|-mega|p2a: Heracross|Heracross|Heracronite\n|move|p2a: Heracross|Pin Missile|p1a: Drifblim\n|-resisted|p1a: Drifblim\n|-damage|p1a: Drifblim|369/384\n|-resisted|p1a: Drifblim\n|-damage|p1a: Drifblim|354/384\n|-resisted|p1a: Drifblim\n|-damage|p1a: Drifblim|339/384\n|-resisted|p1a: Drifblim\n|-damage|p1a: Drifblim|323/384\n|-resisted|p1a: Drifblim\n|-damage|p1a: Drifblim|308/384\n|-hitcount|p1a: Drifblim|5\n|\n|upkeep\n|turn|3\n|\n|t:|1768651571\n|switch|p2a: Lumineon|Lumineon, L90, F|271/271\n|-damage|p2a: Lumineon|238/271|[from] Stealth Rock\n|move|p1a: Drifblim|Substitute|p1a: Drifblim\n|-start|p1a: Drifblim|Substitute\n|-damage|p1a: Drifblim|212/384\n|\n|-heal|p2a: Lumineon|254/271|[from] item: Leftovers\n|upkeep\n|turn|4\n|\n|t:|1768651579\n|move|p2a: Lumineon|Defog|p1a: Drifblim\n|-sideend|p2: unzipscrogre|Stealth Rock|[from] move: Defog|[of] p2a: Lumineon\n|move|p1a: Drifblim|Will-O-Wisp|p2a: Lumineon\n|-status|p2a: Lumineon|brn\n|\n|-heal|p2a: Lumineon|270/271 brn|[from] item: Leftovers\n|-damage|p2a: Lumineon|237/271 brn|[from] brn\n|upkeep\n|turn|5\n|\n|t:|1768651587\n|move|p2a: Lumineon|Ice Beam|p1a: Drifblim\n|-supereffective|p1a: Drifblim\n|-end|p1a: Drifblim|Substitute\n|move|p1a: Drifblim|Hex|p2a: Lumineon\n|-damage|p2a: Lumineon|122/271 brn\n|\n|-heal|p2a: Lumineon|138/271 brn|[from] item: Leftovers\n|-damage|p2a: Lumineon|105/271 brn|[from] brn\n|upkeep\n|turn|6\n|\n|t:|1768651601\n|switch|p1a: Bisharp|Bisharp, L79, F|232/232\n|move|p2a: Lumineon|Ice Beam|p1a: Bisharp\n|-resisted|p1a: Bisharp\n|-damage|p1a: Bisharp|195/232\n|\n|-heal|p2a: Lumineon|121/271 brn|[from] item: Leftovers\n|-damage|p2a: Lumineon|88/271 brn|[from] brn\n|upkeep\n|turn|7\n|\n|t:|1768651612\n|move|p2a: Lumineon|Scald|p1a: Bisharp\n|-damage|p1a: Bisharp|101/232\n|-status|p1a: Bisharp|brn\n|move|p1a: Bisharp|Knock Off|p2a: Lumineon\n|-damage|p2a: Lumineon|18/271 brn\n|-enditem|p2a: Lumineon|Leftovers|[from] move: Knock Off|[of] p1a: Bisharp\n|-damage|p1a: Bisharp|78/232 brn|[from] item: Life Orb\n|\n|-damage|p2a: Lumineon|0 fnt|[from] brn\n|faint|p2a: Lumineon\n|-damage|p1a: Bisharp|49/232 brn|[from] brn\n|upkeep\n|\n|t:|1768651618\n|switch|p2a: Heracross|Heracross-Mega, L77, M|250/250\n|turn|8\n|\n|t:|1768651627\n|move|p1a: Bisharp|Sucker Punch|p2a: Heracross\n|-resisted|p2a: Heracross\n|-damage|p2a: Heracross|223/250\n|-damage|p1a: Bisharp|26/232 brn|[from] item: Life Orb\n|move|p2a: Heracross|Rock Blast|p1a: Bisharp\n|-resisted|p1a: Bisharp\n|-damage|p1a: Bisharp|14/232 brn\n|-resisted|p1a: Bisharp\n|-damage|p1a: Bisharp|2/232 brn\n|-resisted|p1a: Bisharp\n|-damage|p1a: Bisharp|0 fnt\n|faint|p1a: Bisharp\n|-hitcount|p1: Bisharp|3\n|\n|upkeep\n|\n|t:|1768651639\n|switch|p1a: Drifblim|Drifblim, L83, M|212/384\n|turn|9\n|\n|t:|1768651646\n|move|p1a: Drifblim|Acrobatics|p2a: Heracross\n|-supereffective|p2a: Heracross\n|-damage|p2a: Heracross|51/250\n|move|p2a: Heracross|Rock Blast|p1a: Drifblim\n|-supereffective|p1a: Drifblim\n|-damage|p1a: Drifblim|134/384\n|-enditem|p1a: Drifblim|Sitrus Berry|[eat]\n|-heal|p1a: Drifblim|230/384|[from] item: Sitrus Berry\n|-supereffective|p1a: Drifblim\n|-damage|p1a: Drifblim|150/384\n|-supereffective|p1a: Drifblim\n|-damage|p1a: Drifblim|72/384\n|-supereffective|p1a: Drifblim\n|-damage|p1a: Drifblim|0 fnt\n|faint|p1a: Drifblim\n|-hitcount|p1: Drifblim|4\n|\n|upkeep\n|\n|t:|1768651666\n|switch|p1a: Ludicolo|Ludicolo, L88, M|284/284\n|turn|10\n|\n|t:|1768651675\n|move|p1a: Ludicolo|Scald|p2a: Heracross\n|-damage|p2a: Heracross|0 fnt\n|faint|p2a: Heracross\n|detailschange|p2: Heracross|Heracross, L77, M|[silent]\n|\n|upkeep\n|\n|t:|1768651679\n|switch|p2a: Exeggutor|Exeggutor, L92, F|324/324\n|turn|11\n|\n|t:|1768651691\n|switch|p1a: Donphan|Donphan, L83, M|230/230\n|move|p2a: Exeggutor|Sleep Powder|p1a: Donphan|[miss]\n|-miss|p2a: Exeggutor|p1a: Donphan\n|\n|upkeep\n|turn|12\n|\n|t:|1768651698\n|move|p1a: Donphan|Dark Pulse|p2a: Exeggutor\n|-supereffective|p2a: Exeggutor\n|-crit|p2a: Exeggutor\n|-damage|p2a: Exeggutor|0 fnt\n|faint|p2a: Exeggutor\n|\n|upkeep\n|\n|t:|1768651713\n|switch|p2a: Lucario|Lucario, L82, F|249/249\n|turn|13\n|\n|t:|1768651719\n|switch|p1a: Donphan|Donphan, L83, M|285/285\n|move|p2a: Lucario|Close Combat|p1a: Donphan\n|-damage|p1a: Donphan|117/285\n|-unboost|p2a: Lucario|def|1\n|-unboost|p2a: Lucario|spd|1\n|\n|-heal|p1a: Donphan|134/285|[from] item: Leftovers\n|upkeep\n|turn|14\n|j| alcatraaz\n|\n|t:|1768651731\n|move|p2a: Lucario|Close Combat|p1a: Donphan\n|-damage|p1a: Donphan|0 fnt\n|-unboost|p2a: Lucario|def|1\n|-unboost|p2a: Lucario|spd|1\n|faint|p1a: Donphan\n|\n|upkeep\n|inactive|felipefelipao has 120 seconds left.\n|\n|t:|1768651757\n|switch|p1a: Ludicolo|Ludicolo, L88, M|230/230\n|turn|15\n|\n|t:|1768651760\n|switch|p2a: Unfezant|Unfezant, L87, F|281/281\n|move|p1a: Ludicolo|Flamethrower|p2a: Unfezant\n|-damage|p2a: Unfezant|134/281\n|\n|upkeep\n|turn|16\n|\n|t:|1768651767\n|move|p1a: Ludicolo|Flamethrower|p2a: Unfezant\n|-damage|p2a: Unfezant|0 fnt\n|faint|p2a: Unfezant\n|\n|upkeep\n|\n|t:|1768651778\n|switch|p2a: Lucario|Lucario, L82, F|249/249\n|turn|17\n|\n|t:|1768651784\n|move|p1a: Ludicolo|Flamethrower|p2a: Lucario\n|-supereffective|p2a: Lucario\n|-damage|p2a: Lucario|13/249\n|move|p2a: Lucario|Close Combat|p1a: Ludicolo\n|-supereffective|p1a: Ludicolo\n|-damage|p1a: Ludicolo|0 fnt\n|-unboost|p2a: Lucario|def|1\n|-unboost|p2a: Lucario|spd|1\n|replace|p1a: Zoroark|Zoroark, L81, F\n|-end|p1a: Zoroark|Illusion\n|-hint|Illusion Level Mod is active, so this Pokémon's true level was hidden.\n|faint|p1a: Zoroark\n|\n|upkeep\n|\n|t:|1768651794\n|switch|p1a: Maractus|Maractus, L98, M|305/305\n|turn|18\n|\n|t:|1768651801\n|move|p1a: Maractus|Spiky Shield|p1a: Maractus\n|-singleturn|p1a: Maractus|move: Protect\n|move|p2a: Lucario|Close Combat|p1a: Maractus\n|-activate|p1a: Maractus|move: Protect\n|-damage|p2a: Lucario|0 fnt|[from] Spiky Shield|[of] p1a: Maractus\n|faint|p2a: Lucario\n|\n|upkeep\n|\n|t:|1768651802\n|switch|p2a: Fearow|Fearow, L88, M|258/258\n|turn|19\n|c|☆felipefelipao|f\n|\n|t:|1768651822\n|move|p2a: Fearow|Drill Peck|p1a: Maractus\n|-supereffective|p1a: Maractus\n|-damage|p1a: Maractus|15/305\n|move|p1a: Maractus|Leech Seed|p2a: Fearow\n|-start|p2a: Fearow|move: Leech Seed\n|\n|-heal|p1a: Maractus|34/305|[from] item: Leftovers\n|-damage|p2a: Fearow|226/258|[from] Leech Seed|[of] p1a: Maractus\n|-heal|p1a: Maractus|66/305|[silent]\n|upkeep\n|turn|20\n|\n|t:|1768651829\n|move|p1a: Maractus|Spiky Shield|p1a: Maractus\n|-singleturn|p1a: Maractus|move: Protect\n|move|p2a: Fearow|Drill Peck|p1a: Maractus\n|-activate|p1a: Maractus|move: Protect\n|-damage|p2a: Fearow|194/258|[from] Spiky Shield|[of] p1a: Maractus\n|\n|-heal|p1a: Maractus|85/305|[from] item: Leftovers\n|-damage|p2a: Fearow|162/258|[from] Leech Seed|[of] p1a: Maractus\n|-heal|p1a: Maractus|117/305|[silent]\n|upkeep\n|turn|21\n|\n|t:|1768651837\n|move|p1a: Maractus|Spiky Shield|p1a: Maractus\n|-singleturn|p1a: Maractus|move: Protect\n|move|p2a: Fearow|Drill Peck|p1a: Maractus\n|-activate|p1a: Maractus|move: Protect\n|-damage|p2a: Fearow|130/258|[from] Spiky Shield|[of] p1a: Maractus\n|\n|-heal|p1a: Maractus|136/305|[from] item: Leftovers\n|-damage|p2a: Fearow|98/258|[from] Leech Seed|[of] p1a: Maractus\n|-heal|p1a: Maractus|168/305|[silent]\n|upkeep\n|turn|22\n|\n|t:|1768651854\n|move|p1a: Maractus|Spiky Shield||[still]\n|-fail|p1a: Maractus\n|move|p2a: Fearow|Drill Peck|p1a: Maractus\n|-supereffective|p1a: Maractus\n|-damage|p1a: Maractus|0 fnt\n|faint|p1a: Maractus\n|\n|upkeep\n|\n|t:|1768651863\n|switch|p1a: Ludicolo|Ludicolo, L88, M|284/284\n|turn|23\n|\n|t:|1768651870\n|move|p2a: Fearow|Drill Peck|p1a: Ludicolo\n|-supereffective|p1a: Ludicolo\n|-damage|p1a: Ludicolo|0 fnt\n|faint|p1a: Ludicolo\n|\n|win|unzipscrogre\n|raw|felipefelipao's rating: 1577 &rarr; <strong>1556</strong><br />(-21 for losing)\n|raw|unzipscrogre's rating: 1552 &rarr; <strong>1573</strong><br />(+21 for winning)\n", "inputlog": ">version 3bd1a1e329da8d286644078cfc9a9638fc7ea025\n>start {\"formatid\":\"gen6randombattle\",\"seed\":\"sodium,260b45b568f7bd49c6a4458f74ab31e1\",\"rated\":\"Rated battle\"}\n>player p1 {\"name\":\"felipefelipao\",\"avatar\":\"lenora\",\"rating\":1577,\"seed\":\"sodium,247a96a8b39a9fa8c3f0fe786a4f2fcb\"}\n>player p2 {\"name\":\"unzipscrogre\",\"avatar\":\"unknown\",\"rating\":1552,\"seed\":\"sodium,b66af5b851a52df48805380a2ccc319d\"}\n>p1 move stealthrock\n>p2 switch 4\n>p1 switch 6\n>p2 move pinmissile mega\n>p1 move substitute\n>p2 switch 3\n>p1 move willowisp\n>p2 move defog\n>p1 move hex\n>p2 move icebeam\n>p1 switch 4\n>p2 move icebeam\n>p1 move knockoff\n>p2 move scald\n>p2 switch 3\n>p1 move suckerpunch\n>p2 move rockblast\n>p1 switch 4\n>p1 move acrobatics\n>p2 move rockblast\n>p1 switch 2\n>p1 move scald\n>p2 move pinmissile\n>p2 switch 5\n>p1 switch 5\n>p2 move sleeppowder\n>p1 move darkpulse\n>p2 move gigadrain\n>p2 switch 4\n>p1 switch 6\n>p2 move closecombat\n>p1 move earthquake\n>p2 move closecombat\n>p1 switch 6\n>p1 move flamethrower\n>p2 switch 6\n>p1 move flamethrower\n>p2 move return\n>p2 switch 6\n>p1 move flamethrower\n>p2 move closecombat\n>p1 switch 3\n>p1 move spikyshield\n>p2 move closecombat\n>p2 switch 2\n>chat ☆felipefelipao|f\n>p1 move leechseed\n>p2 move drillpeck\n>p1 move spikyshield\n>p2 move drillpeck\n>p1 move spikyshield\n>p2 move drillpeck\n>p1 move spikyshield\n>p2 move drillpeck\n>p1 switch 5\n>p1 move icebeam\n>p2 move drillpeck", "uploadtime": 1768651873, "views": 262, "formatid": "gen6randombattle", "rating": 1556, "private": 0, "password": null}