{"id": "gen6randombattle-2531839303", "format": "[Gen 6] Random Battle", "players": ["Blatjanglover", "staggeredray"], "log": "|j|☆Blatjanglover\n|j|☆staggeredray\n|t:|1770108157\n|gametype|singles\n|player|p1|Blatjanglover|brock|1663\n|player|p2|staggeredray|whitney|1526\n|gen|6\n|tier|[Gen 6] Random Battle\n|rated|\n|rule|Sleep Clause Mod: Limit one foe put to sleep\n|rule|HP Percentage Mod: HP is shown in percentages\n|rule|Illusion Level Mod: Illusion disguises the Pokémon's true level\n|\n|t:|1770108157\n|teamsize|p1|6\n|teamsize|p2|6\n|start\n|switch|p1a: Tropius|Tropius, L94, F|336/336\n|switch|p2a: Alakazam|Alakazam, L78, F|214/214\n|turn|1\n|inactive|Battle timer is ON: inactive players will automatically lose when time's up. (requested by staggeredray)\n|\n|t:|1770108171\n|switch|p1a: Spiritomb|Spiritomb, L88, M|231/231\n|detailschange|p2a: Alakazam|Alakazam-Mega, L78, F\n|-mega|p2a: Alakazam|Alakazam|Alakazite\n|-ability|p2a: Alakazam|Infiltrator|Trace|[from] ability: Trace|[of] p1a: Spiritomb\n|move|p2a: Alakazam|Calm Mind|p2a: Alakazam\n|-boost|p2a: Alakazam|spa|1\n|-boost|p2a: Alakazam|spd|1\n|\n|upkeep\n|turn|2\n|l|☆Blatjanglover\n|inactive|Blatjanglover disconnected and has a minute to reconnect!\n|player|p1|\n|inactive|staggeredray has 120 seconds left.\n|j|☆Blatjanglover\n|inactive|Blatjanglover reconnected.\n|player|p1|Blatjanglover|brock|\n|\n|t:|1770108206\n|switch|p2a: Hariyama|Hariyama, L86, M|388/388\n|move|p1a: Spiritomb|Toxic|p2a: Hariyama\n|-status|p2a: Hariyama|tox\n|\n|-damage|p2a: Hariyama|364/388 tox|[from] psn\n|upkeep\n|turn|3\n|\n|t:|1770108212\n|switch|p1a: Emolga|Emolga, L88, M|239/239\n|move|p2a: Hariyama|Knock Off|p1a: Emolga\n|-damage|p1a: Emolga|138/239\n|\n|-damage|p2a: Hariyama|316/388 tox|[from] psn\n|upkeep\n|turn|4\n|inactive|staggeredray has 120 seconds left.\n|inactive|staggeredray has 90 seconds left.\n|\n|t:|1770108265\n|switch|p2a: Aurorus|Aurorus, L86, F|352/352\n|move|p1a: Emolga|Acrobatics|p2a: Aurorus\n|-resisted|p2a: Aurorus\n|-crit|p2a: Aurorus\n|-damage|p2a: Aurorus|261/352\n|\n|-heal|p2a: Aurorus|283/352|[from] item: Leftovers\n|upkeep\n|turn|5\n|inactive|staggeredray has 90 seconds left.\n|l|☆Blatjanglover\n|inactive|Blatjanglover disconnected and has a minute to reconnect!\n|player|p1|\n|j|☆Blatjanglover\n|inactive|Blatjanglover reconnected and has 120 seconds left.\n|player|p1|Blatjanglover|brock|\n|\n|t:|1770108301\n|switch|p1a: Gigalith|Gigalith, L85, M|283/283\n|move|p2a: Aurorus|Hyper Voice|p1a: Gigalith\n|-damage|p1a: Gigalith|150/283\n|\n|-heal|p2a: Aurorus|305/352|[from] item: Leftovers\n|upkeep\n|turn|6\n|\n|t:|1770108316\n|move|p2a: Aurorus|Earth Power|p1a: Gigalith\n|-supereffective|p1a: Gigalith\n|-damage|p1a: Gigalith|6/283\n|move|p1a: Gigalith|Stone Edge|p2a: Aurorus\n|-supereffective|p2a: Aurorus\n|-damage|p2a: Aurorus|0 fnt\n|faint|p2a: Aurorus\n|\n|upkeep\n|\n|t:|1770108330\n|switch|p2a: Cradily|Cradily, L89, M|298/298\n|turn|7\n|-enditem|p1a: Gigalith|Custap Berry|[eat]\n|-activate|p1a: Gigalith|item: Custap Berry|[consumed]\n|\n|t:|1770108348\n|move|p1a: Gigalith|Toxic|p2a: Cradily|[miss]\n|-miss|p1a: Gigalith|p2a: Cradily\n|move|p2a: Cradily|Curse|p2a: Cradily\n|-unboost|p2a: Cradily|spe|1\n|-boost|p2a: Cradily|atk|1\n|-boost|p2a: Cradily|def|1\n|\n|upkeep\n|turn|8\n|inactive|staggeredray has 90 seconds left.\n|c|☆Blatjanglover|Dang\n|\n|t:|1770108363\n|move|p1a: Gigalith|Toxic|p2a: Cradily|[miss]\n|-miss|p1a: Gigalith|p2a: Cradily\n|move|p2a: Cradily|Earthquake|p1a: Gigalith\n|-supereffective|p1a: Gigalith\n|-damage|p1a: Gigalith|0 fnt\n|faint|p1a: Gigalith\n|\n|upkeep\n|\n|t:|1770108381\n|switch|p1a: Spiritomb|Spiritomb, L88, M|231/231\n|turn|9\n|inactive|staggeredray has 90 seconds left.\n|\n|t:|1770108386\n|move|p1a: Spiritomb|Toxic|p2a: Cradily\n|-status|p2a: Cradily|tox\n|move|p2a: Cradily|Stone Edge|p1a: Spiritomb\n|-damage|p1a: Spiritomb|95/231\n|\n|-heal|p1a: Spiritomb|109/231|[from] item: Leftovers\n|-damage|p2a: Cradily|280/298 tox|[from] psn\n|upkeep\n|turn|10\n|c|☆Blatjanglover|Let's try this again\n|\n|t:|1770108393\n|move|p1a: Spiritomb|Pain Split|p2a: Cradily\n|-sethp|p2a: Cradily|194/298 tox|[from] move: Pain Split|[silent]\n|-sethp|p1a: Spiritomb|194/231|[from] move: Pain Split\n|move|p2a: Cradily|Stone Edge|p1a: Spiritomb\n|-damage|p1a: Spiritomb|71/231\n|\n|-heal|p1a: Spiritomb|85/231|[from] item: Leftovers\n|-heal|p2a: Cradily|212/298 tox|[from] item: Leftovers\n|-damage|p2a: Cradily|176/298 tox|[from] psn\n|upkeep\n|turn|11\n|\n|t:|1770108402\n|move|p1a: Spiritomb|Pain Split|p2a: Cradily\n|-sethp|p2a: Cradily|130/298 tox|[from] move: Pain Split|[silent]\n|-sethp|p1a: Spiritomb|130/231|[from] move: Pain Split\n|move|p2a: Cradily|Stone Edge|p1a: Spiritomb\n|-damage|p1a: Spiritomb|0 fnt\n|faint|p1a: Spiritomb\n|\n|-heal|p2a: Cradily|148/298 tox|[from] item: Leftovers\n|-damage|p2a: Cradily|94/298 tox|[from] psn\n|upkeep\n|\n|t:|1770108413\n|switch|p1a: Tropius|Tropius, L94, F|336/336\n|turn|12\n|\n|t:|1770108418\n|move|p1a: Tropius|Substitute|p1a: Tropius\n|-start|p1a: Tropius|Substitute\n|-damage|p1a: Tropius|252/336\n|move|p2a: Cradily|Stone Edge|p1a: Tropius\n|-supereffective|p1a: Tropius\n|-end|p1a: Tropius|Substitute\n|\n|-heal|p2a: Cradily|112/298 tox|[from] item: Leftovers\n|-damage|p2a: Cradily|40/298 tox|[from] psn\n|upkeep\n|turn|13\n|\n|t:|1770108427\n|move|p1a: Tropius|Substitute|p1a: Tropius\n|-start|p1a: Tropius|Substitute\n|-damage|p1a: Tropius|168/336\n|-enditem|p1a: Tropius|Sitrus Berry|[eat]\n|-heal|p1a: Tropius|252/336|[from] item: Sitrus Berry\n|move|p2a: Cradily|Stone Edge|p1a: Tropius\n|-supereffective|p1a: Tropius\n|-end|p1a: Tropius|Substitute\n|\n|-heal|p2a: Cradily|58/298 tox|[from] item: Leftovers\n|-damage|p2a: Cradily|0 fnt|[from] psn\n|faint|p2a: Cradily\n|upkeep\n|\n|t:|1770108434\n|switch|p2a: Alakazam|Alakazam-Mega, L78, F|214/214\n|-ability|p2a: Alakazam|Harvest|Trace|[from] ability: Trace|[of] p1a: Tropius\n|turn|14\n|\n|t:|1770108451\n|move|p2a: Alakazam|Calm Mind|p2a: Alakazam\n|-boost|p2a: Alakazam|spa|1\n|-boost|p2a: Alakazam|spd|1\n|move|p1a: Tropius|Leech Seed|p2a: Alakazam\n|-start|p2a: Alakazam|move: Leech Seed\n|\n|-damage|p2a: Alakazam|188/214|[from] Leech Seed|[of] p1a: Tropius\n|-heal|p1a: Tropius|278/336|[silent]\n|upkeep\n|turn|15\n|c|☆Blatjanglover|Gg\n|\n|t:|1770108461\n|switch|p1a: Bellossom|Bellossom, L96, F|299/299\n|move|p2a: Alakazam|Calm Mind|p2a: Alakazam\n|-boost|p2a: Alakazam|spa|1\n|-boost|p2a: Alakazam|spd|1\n|\n|-damage|p2a: Alakazam|162/214|[from] Leech Seed|[of] p1a: Bellossom\n|upkeep\n|turn|16\n|\n|t:|1770108464\n|move|p2a: Alakazam|Psychic|p1a: Bellossom\n|-damage|p1a: Bellossom|83/299\n|move|p1a: Bellossom|Leaf Blade|p2a: Alakazam\n|-crit|p2a: Alakazam\n|-damage|p2a: Alakazam|0 fnt\n|faint|p2a: Alakazam\n|detailschange|p2: Alakazam|Alakazam, L78, F|[silent]\n|\n|-heal|p1a: Bellossom|101/299|[from] item: Leftovers\n|upkeep\n|\n|t:|1770108484\n|switch|p2a: Yanmega|Yanmega, L82, M|275/275\n|turn|17\n|\n|t:|1770108497\n|switch|p1a: Tropius|Tropius, L94, F|278/336\n|move|p2a: Yanmega|Bug Buzz|p1a: Tropius\n|-damage|p1a: Tropius|156/336\n|-damage|p2a: Yanmega|248/275|[from] item: Life Orb\n|\n|-ability|p2a: Yanmega|Speed Boost|boost\n|-boost|p2a: Yanmega|spe|1\n|-item|p1a: Tropius|Sitrus Berry|[from] ability: Harvest\n|upkeep\n|-enditem|p1a: Tropius|Sitrus Berry|[eat]\n|-heal|p1a: Tropius|240/336|[from] item: Sitrus Berry\n|turn|18\n|\n|t:|1770108504\n|move|p2a: Yanmega|Air Slash|p1a: Tropius\n|-supereffective|p1a: Tropius\n|-damage|p1a: Tropius|27/336\n|-damage|p2a: Yanmega|221/275|[from] item: Life Orb\n|move|p1a: Tropius|Leech Seed|p2a: Yanmega\n|-start|p2a: Yanmega|move: Leech Seed\n|\n|-damage|p2a: Yanmega|187/275|[from] Leech Seed|[of] p1a: Tropius\n|-heal|p1a: Tropius|61/336|[silent]\n|-ability|p2a: Yanmega|Speed Boost|boost\n|-boost|p2a: Yanmega|spe|1\n|upkeep\n|turn|19\n|\n|t:|1770108513\n|move|p1a: Tropius|Protect|p1a: Tropius\n|-singleturn|p1a: Tropius|Protect\n|move|p2a: Yanmega|Bug Buzz|p1a: Tropius\n|-activate|p1a: Tropius|move: Protect\n|\n|-damage|p2a: Yanmega|153/275|[from] Leech Seed|[of] p1a: Tropius\n|-heal|p1a: Tropius|95/336|[silent]\n|-ability|p2a: Yanmega|Speed Boost|boost\n|-boost|p2a: Yanmega|spe|1\n|-item|p1a: Tropius|Sitrus Berry|[from] ability: Harvest\n|upkeep\n|-enditem|p1a: Tropius|Sitrus Berry|[eat]\n|-heal|p1a: Tropius|179/336|[from] item: Sitrus Berry\n|turn|20\n|\n|t:|1770108518\n|switch|p1a: Emolga|Emolga, L88, M|138/239\n|move|p2a: Yanmega|Air Slash|p1a: Emolga\n|-resisted|p1a: Emolga\n|-damage|p1a: Emolga|63/239\n|-damage|p2a: Yanmega|126/275|[from] item: Life Orb\n|\n|-damage|p2a: Yanmega|92/275|[from] Leech Seed|[of] p1a: Emolga\n|-heal|p1a: Emolga|97/239|[silent]\n|-ability|p2a: Yanmega|Speed Boost|boost\n|-boost|p2a: Yanmega|spe|1\n|upkeep\n|turn|21\n|\n|t:|1770108528\n|move|p2a: Yanmega|Bug Buzz|p1a: Emolga\n|-resisted|p1a: Emolga\n|-damage|p1a: Emolga|16/239\n|-damage|p2a: Yanmega|65/275|[from] item: Life Orb\n|move|p1a: Emolga|Roost|p1a: Emolga\n|-heal|p1a: Emolga|136/239\n|-singleturn|p1a: Emolga|move: Roost\n|\n|-damage|p2a: Yanmega|31/275|[from] Leech Seed|[of] p1a: Emolga\n|-heal|p1a: Emolga|170/239|[silent]\n|-ability|p2a: Yanmega|Speed Boost|boost\n|-boost|p2a: Yanmega|spe|1\n|upkeep\n|turn|22\n|\n|t:|1770108533\n|move|p2a: Yanmega|Bug Buzz|p1a: Emolga\n|-resisted|p1a: Emolga\n|-damage|p1a: Emolga|92/239\n|-damage|p2a: Yanmega|4/275|[from] item: Life Orb\n|move|p1a: Emolga|Roost|p1a: Emolga\n|-heal|p1a: Emolga|212/239\n|-singleturn|p1a: Emolga|move: Roost\n|\n|-damage|p2a: Yanmega|0 fnt|[from] Leech Seed|[of] p1a: Emolga\n|-heal|p1a: Emolga|216/239|[silent]\n|faint|p2a: Yanmega\n|upkeep\n|\n|t:|1770108538\n|switch|p2a: Hariyama|Hariyama, L86, M|316/388 tox\n|turn|23\n|\n|t:|1770108544\n|move|p2a: Hariyama|Fake Out|p1a: Emolga\n|-damage|p1a: Emolga|153/239\n|cant|p1a: Emolga|flinch\n|\n|-damage|p2a: Hariyama|292/388 tox|[from] psn\n|upkeep\n|turn|24\n|\n|t:|1770108547\n|move|p1a: Emolga|Acrobatics|p2a: Hariyama\n|-supereffective|p2a: Hariyama\n|-damage|p2a: Hariyama|2/388 tox\n|move|p2a: Hariyama|Facade|p1a: Emolga\n|-damage|p1a: Emolga|0 fnt\n|faint|p1a: Emolga\n|\n|-damage|p2a: Hariyama|0 fnt|[from] psn\n|faint|p2a: Hariyama\n|upkeep\n|\n|t:|1770108553\n|switch|p1a: Tropius|Tropius, L94, F|179/336\n|switch|p2a: Mienshao|Mienshao, L81, F|237/237\n|turn|25\n|\n|t:|1770108560\n|move|p1a: Tropius|Protect|p1a: Tropius\n|-singleturn|p1a: Tropius|Protect\n|move|p2a: Mienshao|Fake Out|p1a: Tropius\n|-activate|p1a: Tropius|move: Protect\n|\n|upkeep\n|turn|26\n|\n|t:|1770108566\n|move|p2a: Mienshao|Knock Off|p1a: Tropius\n|-damage|p1a: Tropius|129/336\n|move|p1a: Tropius|Air Slash|p2a: Mienshao\n|-supereffective|p2a: Mienshao\n|-damage|p2a: Mienshao|99/237\n|\n|upkeep\n|turn|27\n|\n|t:|1770108568\n|move|p1a: Tropius|Protect|p1a: Tropius\n|-singleturn|p1a: Tropius|Protect\n|move|p2a: Mienshao|Knock Off|p1a: Tropius\n|-activate|p1a: Tropius|move: Protect\n|\n|-item|p1a: Tropius|Sitrus Berry|[from] ability: Harvest\n|upkeep\n|-enditem|p1a: Tropius|Sitrus Berry|[eat]\n|-heal|p1a: Tropius|213/336|[from] item: Sitrus Berry\n|turn|28\n|\n|t:|1770108572\n|move|p2a: Mienshao|Knock Off|p1a: Tropius\n|-damage|p1a: Tropius|164/336\n|move|p1a: Tropius|Air Slash|p2a: Mienshao\n|-supereffective|p2a: Mienshao\n|-damage|p2a: Mienshao|0 fnt\n|faint|p2a: Mienshao\n|\n|win|Blatjanglover\n|raw|Blatjanglover's rating: 1663 &rarr; <strong>1675</strong><br />(+12 for winning)\n|raw|staggeredray's rating: 1526 &rarr; <strong>1514</strong><br />(-12 for losing)\n|c|☆Blatjanglover|Gg\n|l|☆staggeredray\n|player|p2|\n", "inputlog": ">version ccdc32dd7cde25fd9e4bed64820e885f66e78a4e\n>start {\"formatid\":\"gen6randombattle\",\"seed\":\"sodium,bcfefdd01dc97fef7351bbe71ca9eaa5\",\"rated\":\"Rated battle\"}\n>player p1 {\"name\":\"Blatjanglover\",\"avatar\":\"brock\",\"rating\":1663,\"seed\":\"sodium,98f8063308a2cd0cb10bdcbc882f9363\"}\n>player p2 {\"name\":\"staggeredray\",\"avatar\":\"whitney\",\"rating\":1526,\"seed\":\"sodium,8aa88d0aa071be53a8f3c84fe534f989\"}\n>p1 switch 5\n>p2 move calmmind mega\n>p1 move toxic\n>p2 switch 3\n>p1 switch 4\n>p2 move knockoff\n>p1 move acrobatics\n>p2 switch 5\n>p1 switch 3\n>p2 move hypervoice\n>p1 move stoneedge\n>p2 move earthpower\n>p2 switch 6\n>p1 move toxic\n>p2 move curse\n>chat ☆Blatjanglover|Dang\n>p1 move toxic\n>p2 move earthquake\n>p1 switch 4\n>p1 move toxic\n>p2 move stoneedge\n>chat ☆Blatjanglover|Let's try this again\n>p1 move painsplit\n>p2 move stoneedge\n>p1 move painsplit\n>p2 move stoneedge\n>p1 switch 5\n>p1 move substitute\n>p2 move stoneedge\n>p1 move substitute\n>p2 move stoneedge\n>p2 switch 3\n>p1 move leechseed\n>p2 move calmmind\n>chat ☆Blatjanglover|Gg\n>p1 switch 6\n>p2 move calmmind\n>p1 move leafblade\n>p2 move psychic\n>p2 switch 2\n>p1 switch 6\n>p2 move bugbuzz\n>p1 move leechseed\n>p2 move airslash\n>p1 move protect\n>p2 move bugbuzz\n>p1 switch 3\n>p2 move airslash\n>p1 move roost\n>p2 move bugbuzz\n>p1 move roost\n>p2 move bugbuzz\n>p2 switch 5\n>p1 move acrobatics\n>p2 move fakeout\n>p1 move acrobatics\n>p2 move facade\n>p1 switch 3\n>p2 switch 4\n>p1 move protect\n>p2 move fakeout\n>p1 move airslash\n>p2 move knockoff\n>p1 move protect\n>p2 move knockoff\n>p1 move airslash\n>p2 move knockoff", "uploadtime": 1770108580, "views": 215, "formatid": "gen6randombattle", "rating": 1514, "private": 0, "password": null}