{"id": "gen6randombattle-2516547863", "format": "[Gen 6] Random Battle", "players": ["YamiObamna", "Tinelf"], "log": "|j|☆YamiObamna\n|j|☆Tinelf\n|t:|1768154474\n|gametype|singles\n|player|p1|YamiObamna|steven|1478\n|player|p2|Tinelf|1|1544\n|gen|6\n|tier|[Gen 6] Random Battle\n|rated|\n|rule|Sleep Clause Mod: Limit one foe put to sleep\n|rule|HP Percentage Mod: HP is shown in percentages\n|rule|Illusion Level Mod: Illusion disguises the Pokémon's true level\n|\n|t:|1768154474\n|teamsize|p1|6\n|teamsize|p2|6\n|start\n|switch|p1a: Swoobat|Swoobat, L87, F|258/258\n|switch|p2a: Klinklang|Klinklang, L87|246/246\n|turn|1\n|\n|t:|1768154509\n|move|p1a: Swoobat|Calm Mind|p1a: Swoobat\n|-boost|p1a: Swoobat|spa|2\n|-boost|p1a: Swoobat|spd|2\n|move|p2a: Klinklang|Shift Gear|p2a: Klinklang\n|-boost|p2a: Klinklang|spe|2\n|-boost|p2a: Klinklang|atk|1\n|\n|upkeep\n|turn|2\n|\n|t:|1768154525\n|move|p2a: Klinklang|Wild Charge|p1a: Swoobat\n|-supereffective|p1a: Swoobat\n|-damage|p1a: Swoobat|0 fnt\n|faint|p1a: Swoobat\n|-damage|p2a: Klinklang|181/246|[from] Recoil\n|\n|-heal|p2a: Klinklang|196/246|[from] item: Leftovers\n|upkeep\n|\n|t:|1768154542\n|switch|p1a: Liepard|Liepard, L85, M|248/248\n|turn|3\n|\n|t:|1768154549\n|move|p1a: Liepard|Thunder Wave|p2a: Klinklang\n|-status|p2a: Klinklang|par\n|move|p2a: Klinklang|Gear Grind|p1a: Liepard\n|-damage|p1a: Liepard|121/248\n|-damage|p1a: Liepard|3/248\n|-hitcount|p1a: Liepard|2\n|\n|-heal|p1a: Liepard|18/248|[from] item: Leftovers\n|-heal|p2a: Klinklang|211/246 par|[from] item: Leftovers\n|upkeep\n|turn|4\n|\n|t:|1768154561\n|move|p1a: Liepard|Knock Off|p2a: Klinklang\n|-damage|p2a: Klinklang|133/246 par\n|-enditem|p2a: Klinklang|Leftovers|[from] move: Knock Off|[of] p1a: Liepard\n|cant|p2a: Klinklang|par\n|\n|-heal|p1a: Liepard|33/248|[from] item: Leftovers\n|upkeep\n|turn|5\n|\n|t:|1768154571\n|move|p1a: Liepard|Copycat|p1a: Liepard\n|move|p1a: Liepard|Knock Off|p2a: Klinklang|[from] move: Copycat\n|-damage|p2a: Klinklang|75/246 par\n|move|p2a: Klinklang|Wild Charge|p1a: Liepard\n|-damage|p1a: Liepard|0 fnt\n|faint|p1a: Liepard\n|-damage|p2a: Klinklang|67/246 par|[from] Recoil\n|\n|upkeep\n|\n|t:|1768154583\n|switch|p1a: Minun|Minun, L93, M|262/262\n|turn|6\n|\n|t:|1768154593\n|move|p1a: Minun|Substitute|p1a: Minun\n|-start|p1a: Minun|Substitute\n|-damage|p1a: Minun|197/262\n|cant|p2a: Klinklang|par\n|\n|-heal|p1a: Minun|213/262|[from] item: Leftovers\n|upkeep\n|turn|7\n|\n|t:|1768154602\n|move|p1a: Minun|Nasty Plot|p1a: Minun\n|-boost|p1a: Minun|spa|2\n|move|p2a: Klinklang|Gear Grind|p1a: Minun\n|-resisted|p1a: Minun\n|-activate|p1a: Minun|move: Substitute|[damage]\n|-resisted|p1a: Minun\n|-end|p1a: Minun|Substitute\n|-hitcount|p1a: Minun|2\n|\n|-heal|p1a: Minun|229/262|[from] item: Leftovers\n|upkeep\n|turn|8\n|\n|t:|1768154623\n|move|p1a: Minun|Substitute|p1a: Minun\n|-start|p1a: Minun|Substitute\n|-damage|p1a: Minun|164/262\n|move|p2a: Klinklang|Gear Grind|p1a: Minun\n|-resisted|p1a: Minun\n|-activate|p1a: Minun|move: Substitute|[damage]\n|-resisted|p1a: Minun\n|-end|p1a: Minun|Substitute\n|-hitcount|p1a: Minun|2\n|\n|-heal|p1a: Minun|180/262|[from] item: Leftovers\n|upkeep\n|turn|9\n|\n|t:|1768154647\n|switch|p2a: Carbink|Carbink, L91|239/239\n|move|p1a: Minun|Thunderbolt|p2a: Carbink\n|-damage|p2a: Carbink|128/239\n|-status|p2a: Carbink|par\n|\n|-heal|p1a: Minun|196/262|[from] item: Leftovers\n|upkeep\n|turn|10\n|\n|t:|1768154656\n|move|p1a: Minun|Substitute|p1a: Minun\n|-start|p1a: Minun|Substitute\n|-damage|p1a: Minun|131/262\n|move|p2a: Carbink|Power Gem|p1a: Minun\n|-activate|p1a: Minun|move: Substitute|[damage]\n|\n|-heal|p1a: Minun|147/262|[from] item: Leftovers\n|upkeep\n|turn|11\n|\n|t:|1768154665\n|move|p1a: Minun|Nasty Plot|p1a: Minun\n|-boost|p1a: Minun|spa|2\n|move|p2a: Carbink|Moonblast|p1a: Minun\n|-end|p1a: Minun|Substitute\n|\n|-heal|p1a: Minun|163/262|[from] item: Leftovers\n|upkeep\n|turn|12\n|\n|t:|1768154674\n|move|p1a: Minun|Thunderbolt|p2a: Carbink\n|-damage|p2a: Carbink|0 fnt\n|faint|p2a: Carbink\n|\n|-heal|p1a: Minun|179/262|[from] item: Leftovers\n|upkeep\n|\n|t:|1768154684\n|switch|p2a: Palkia|Palkia, L73|252/252\n|-ability|p2a: Palkia|Pressure\n|turn|13\n|\n|t:|1768154692\n|move|p2a: Palkia|Draco Meteor|p1a: Minun\n|-damage|p1a: Minun|50/262\n|-unboost|p2a: Palkia|spa|2\n|move|p1a: Minun|Thunderbolt|p2a: Palkia\n|-damage|p2a: Palkia|0 fnt\n|faint|p2a: Palkia\n|\n|-heal|p1a: Minun|66/262|[from] item: Leftovers\n|upkeep\n|\n|t:|1768154712\n|switch|p2a: Torterra|Torterra, L87, F|307/307\n|turn|14\n|\n|t:|1768154716\n|move|p1a: Minun|Hidden Power|p2a: Torterra\n|-supereffective|p2a: Torterra\n|-damage|p2a: Torterra|0 fnt\n|faint|p2a: Torterra\n|\n|-heal|p1a: Minun|82/262|[from] item: Leftovers\n|upkeep\n|\n|t:|1768154719\n|switch|p2a: Solrock|Solrock, L90|272/272\n|turn|15\n|\n|t:|1768154726\n|move|p1a: Minun|Thunderbolt|p2a: Solrock\n|-damage|p2a: Solrock|0 fnt\n|faint|p2a: Solrock\n|\n|-heal|p1a: Minun|98/262|[from] item: Leftovers\n|upkeep\n|\n|t:|1768154734\n|switch|p2a: Sawsbuck|Sawsbuck-Winter, L86, F|278/278\n|turn|16\n|\n|t:|1768154737\n|move|p1a: Minun|Hidden Power|p2a: Sawsbuck\n|-supereffective|p2a: Sawsbuck\n|-damage|p2a: Sawsbuck|0 fnt\n|faint|p2a: Sawsbuck\n|\n|-heal|p1a: Minun|114/262|[from] item: Leftovers\n|upkeep\n|l|☆Tinelf\n|player|p2|\n|inactive|Battle timer is ON: inactive players will automatically lose when time's up. (requested by YamiObamna)\n|inactive|Tinelf has 30 seconds to reconnect!\n|inactive|Tinelf has 20 seconds to reconnect!\n|inactive|Tinelf has 15 seconds to reconnect!\n|inactive|Tinelf has 10 seconds to reconnect!\n|inactive|Tinelf has 5 seconds to reconnect!\n|-message|Tinelf lost due to inactivity.\n|\n|win|YamiObamna\n|raw|YamiObamna's rating: 1478 &rarr; <strong>1502</strong><br />(+24 for winning)\n|raw|Tinelf's rating: 1544 &rarr; <strong>1520</strong><br />(-24 for losing)\n", "inputlog": ">version f2883557ca71b1a14bc1039fd307aee7de4ab455\n>start {\"formatid\":\"gen6randombattle\",\"seed\":\"sodium,ee6396d67255f3cbc7519c6ef0733e0e\",\"rated\":\"Rated battle\"}\n>player p1 {\"name\":\"YamiObamna\",\"avatar\":\"steven\",\"rating\":1478,\"seed\":\"sodium,2685fe78b4c6bae68e18f78b75f558d8\"}\n>player p2 {\"name\":\"Tinelf\",\"avatar\":\"1\",\"rating\":1544,\"seed\":\"sodium,4ee8c9b8c7583199bdc5d5625998d12f\"}\n>p1 move calmmind\n>p2 move shiftgear\n>p1 move heatwave\n>p2 move wildcharge\n>p1 switch 2\n>p1 move thunderwave\n>p2 move geargrind\n>p1 move knockoff\n>p2 move wildcharge\n>p1 move copycat\n>p2 move wildcharge\n>p1 switch 4\n>p1 move substitute\n>p2 move geargrind\n>p1 move nastyplot\n>p2 move geargrind\n>p1 move substitute\n>p2 move geargrind\n>p1 move thunderbolt\n>p2 switch 2\n>p1 move substitute\n>p2 move powergem\n>p1 move nastyplot\n>p2 move moonblast\n>p1 move thunderbolt\n>p2 move moonblast\n>p2 switch 3\n>p1 move thunderbolt\n>p2 move dracometeor\n>p2 switch 4\n>p1 move hiddenpower\n>p2 move earthquake\n>p2 switch 6\n>p1 move thunderbolt\n>p2 move earthquake\n>p2 switch 5\n>p1 move hiddenpower\n>p2 move return\n>forcelose p2", "uploadtime": 1768154825, "views": 260, "formatid": "gen6randombattle", "rating": 1502, "private": 0, "password": null}