{"id": "gen6randombattle-2534423358", "format": "[Gen 6] Random Battle", "players": ["Aloisi", "RNGgivethRNGtaketh"], "log": "|j|☆Aloisi\n|j|☆RNGgivethRNGtaketh\n|t:|1770419273\n|gametype|singles\n|player|p1|Aloisi|2|1518\n|player|p2|RNGgivethRNGtaketh|brock|1596\n|gen|6\n|tier|[Gen 6] Random Battle\n|rated|\n|rule|Sleep Clause Mod: Limit one foe put to sleep\n|rule|HP Percentage Mod: HP is shown in percentages\n|rule|Illusion Level Mod: Illusion disguises the Pokémon's true level\n|\n|t:|1770419273\n|teamsize|p1|6\n|teamsize|p2|6\n|start\n|switch|p1a: Spiritomb|Spiritomb, L88, F|231/231\n|switch|p2a: Liepard|Liepard, L85, F|248/248\n|turn|1\n|inactive|Battle timer is ON: inactive players will automatically lose when time's up. (requested by Aloisi)\n|\n|t:|1770419287\n|switch|p1a: Clefable|Clefable, L80, F|283/283\n|move|p2a: Liepard|Knock Off|p1a: Clefable\n|-resisted|p1a: Clefable\n|-damage|p1a: Clefable|221/283\n|-enditem|p1a: Clefable|Leftovers|[from] move: Knock Off|[of] p2a: Liepard\n|\n|upkeep\n|turn|2\n|\n|t:|1770419296\n|move|p2a: Liepard|U-turn|p1a: Clefable\n|-resisted|p1a: Clefable\n|-crit|p1a: Clefable\n|-damage|p1a: Clefable|176/283\n|\n|t:|1770419315\n|switch|p2a: Tangrowth|Tangrowth, L88, F|319/319|[from] U-turn\n|move|p1a: Clefable|Thunder Wave|p2a: Tangrowth\n|-status|p2a: Tangrowth|par\n|\n|upkeep\n|turn|3\n|\n|t:|1770419324\n|switch|p1a: Kricketune|Kricketune, L98, M|309/309\n|move|p2a: Tangrowth|Sludge Bomb|p1a: Kricketune\n|-damage|p1a: Kricketune|209/309\n|-status|p1a: Kricketune|psn\n|\n|-heal|p1a: Kricketune|228/309 psn|[from] item: Leftovers\n|-damage|p1a: Kricketune|190/309 psn|[from] psn\n|upkeep\n|turn|4\n|\n|t:|1770419339\n|switch|p2a: Darmanitan|Darmanitan, L80, M|299/299\n|move|p1a: Kricketune|Sticky Web|p2a: Darmanitan\n|-sidestart|p2: RNGgivethRNGtaketh|move: Sticky Web\n|\n|-heal|p1a: Kricketune|209/309 psn|[from] item: Leftovers\n|-damage|p1a: Kricketune|171/309 psn|[from] psn\n|upkeep\n|turn|5\n|\n|t:|1770419346\n|move|p2a: Darmanitan|Flare Blitz|p1a: Kricketune\n|-supereffective|p1a: Kricketune\n|-damage|p1a: Kricketune|0 fnt\n|faint|p1a: Kricketune\n|-damage|p2a: Darmanitan|243/299|[from] Recoil\n|\n|upkeep\n|\n|t:|1770419350\n|switch|p1a: Sudowoodo|Sudowoodo, L94, M|284/284\n|turn|6\n|\n|t:|1770419359\n|move|p2a: Darmanitan|U-turn|p1a: Sudowoodo\n|-damage|p1a: Sudowoodo|228/284\n|-damage|p2a: Darmanitan|214/299|[from] item: Life Orb\n|\n|t:|1770419361\n|switch|p2a: Tangrowth|Tangrowth, L88, F|319/319 par|[from] U-turn\n|-activate|p2a: Tangrowth|move: Sticky Web\n|-unboost|p2a: Tangrowth|spe|1\n|move|p1a: Sudowoodo|Stealth Rock|p2a: Tangrowth\n|-sidestart|p2: RNGgivethRNGtaketh|move: Stealth Rock\n|\n|-heal|p1a: Sudowoodo|245/284|[from] item: Leftovers\n|upkeep\n|turn|7\n|\n|t:|1770419368\n|switch|p1a: Skarmory|Skarmory, L74, M|218/218\n|move|p2a: Tangrowth|Leaf Storm|p1a: Skarmory\n|-resisted|p1a: Skarmory\n|-damage|p1a: Skarmory|164/218\n|-unboost|p2a: Tangrowth|spa|2\n|\n|-heal|p1a: Skarmory|177/218|[from] item: Leftovers\n|upkeep\n|turn|8\n|\n|t:|1770419373\n|switch|p2a: Quagsire|Quagsire, L87, F|307/307\n|-activate|p2a: Quagsire|move: Sticky Web\n|-unboost|p2a: Quagsire|spe|1\n|-damage|p2a: Quagsire|288/307|[from] Stealth Rock\n|move|p1a: Skarmory|Spikes|p2a: Quagsire\n|-sidestart|p2: RNGgivethRNGtaketh|Spikes\n|\n|-heal|p1a: Skarmory|190/218|[from] item: Leftovers\n|-heal|p2a: Quagsire|307/307|[from] item: Leftovers\n|upkeep\n|turn|9\n|\n|t:|1770419377\n|move|p1a: Skarmory|Brave Bird|p2a: Quagsire\n|-damage|p2a: Quagsire|222/307\n|-damage|p1a: Skarmory|162/218|[from] Recoil\n|move|p2a: Quagsire|Scald|p1a: Skarmory\n|-damage|p1a: Skarmory|80/218\n|\n|-heal|p1a: Skarmory|93/218|[from] item: Leftovers\n|-heal|p2a: Quagsire|241/307|[from] item: Leftovers\n|upkeep\n|turn|10\n|\n|t:|1770419380\n|move|p2a: Quagsire|Scald|p1a: Skarmory\n|-damage|p1a: Skarmory|2/218\n|move|p1a: Skarmory|Whirlwind|p2a: Quagsire\n|drag|p2a: Liepard|Liepard, L85, F|248/248\n|-activate|p2a: Liepard|move: Sticky Web\n|-unboost|p2a: Liepard|spe|1\n|-damage|p2a: Liepard|217/248|[from] Stealth Rock\n|-damage|p2a: Liepard|186/248|[from] Spikes\n|\n|-heal|p2a: Liepard|201/248|[from] item: Leftovers\n|-heal|p1a: Skarmory|15/218|[from] item: Leftovers\n|upkeep\n|turn|11\n|\n|t:|1770419393\n|move|p2a: Liepard|Thunder Wave|p1a: Skarmory\n|-status|p1a: Skarmory|par\n|move|p1a: Skarmory|Roost|p1a: Skarmory\n|-heal|p1a: Skarmory|124/218 par\n|-singleturn|p1a: Skarmory|move: Roost\n|\n|-heal|p2a: Liepard|216/248|[from] item: Leftovers\n|-heal|p1a: Skarmory|137/218 par|[from] item: Leftovers\n|upkeep\n|turn|12\n|\n|t:|1770419398\n|move|p2a: Liepard|Encore|p1a: Skarmory\n|-start|p1a: Skarmory|Encore\n|cant|p1a: Skarmory|par\n|\n|-heal|p2a: Liepard|231/248|[from] item: Leftovers\n|-heal|p1a: Skarmory|150/218 par|[from] item: Leftovers\n|upkeep\n|turn|13\n|\n|t:|1770419403\n|switch|p2a: Quagsire|Quagsire, L87, F|241/307\n|-activate|p2a: Quagsire|move: Sticky Web\n|-unboost|p2a: Quagsire|spe|1\n|-damage|p2a: Quagsire|222/307|[from] Stealth Rock\n|-damage|p2a: Quagsire|184/307|[from] Spikes\n|move|p1a: Skarmory|Roost|p1a: Skarmory\n|-heal|p1a: Skarmory|218/218 par\n|-singleturn|p1a: Skarmory|move: Roost\n|\n|-heal|p2a: Quagsire|203/307|[from] item: Leftovers\n|upkeep\n|turn|14\n|\n|t:|1770419408\n|switch|p1a: Sudowoodo|Sudowoodo, L94, M|245/284\n|move|p2a: Quagsire|Scald|p1a: Sudowoodo\n|-supereffective|p1a: Sudowoodo\n|-damage|p1a: Sudowoodo|101/284\n|\n|-heal|p1a: Sudowoodo|118/284|[from] item: Leftovers\n|-heal|p2a: Quagsire|222/307|[from] item: Leftovers\n|upkeep\n|turn|15\n|\n|t:|1770419412\n|switch|p2a: Tangrowth|Tangrowth, L88, F|319/319 par\n|-activate|p2a: Tangrowth|move: Sticky Web\n|-unboost|p2a: Tangrowth|spe|1\n|-damage|p2a: Tangrowth|280/319 par|[from] Stealth Rock\n|-damage|p2a: Tangrowth|241/319 par|[from] Spikes\n|move|p1a: Sudowoodo|Wood Hammer|p2a: Tangrowth\n|-resisted|p2a: Tangrowth\n|-damage|p2a: Tangrowth|201/319 par\n|-damage|p1a: Sudowoodo|71/284|[from] item: Rocky Helmet|[of] p2a: Tangrowth\n|\n|-heal|p1a: Sudowoodo|88/284|[from] item: Leftovers\n|upkeep\n|turn|16\n|\n|t:|1770419417\n|switch|p1a: Skarmory|Skarmory, L74, M|218/218 par\n|cant|p2a: Tangrowth|par\n|\n|upkeep\n|turn|17\n|\n|t:|1770419423\n|cant|p1a: Skarmory|par\n|move|p2a: Tangrowth|Knock Off|p1a: Skarmory\n|-damage|p1a: Skarmory|162/218 par\n|-enditem|p1a: Skarmory|Leftovers|[from] move: Knock Off|[of] p2a: Tangrowth\n|\n|upkeep\n|turn|18\n|\n|t:|1770419438\n|switch|p2a: Quagsire|Quagsire, L87, F|222/307\n|-activate|p2a: Quagsire|move: Sticky Web\n|-unboost|p2a: Quagsire|spe|1\n|-damage|p2a: Quagsire|203/307|[from] Stealth Rock\n|-damage|p2a: Quagsire|165/307|[from] Spikes\n|cant|p1a: Skarmory|par\n|\n|-heal|p2a: Quagsire|184/307|[from] item: Leftovers\n|upkeep\n|turn|19\n|\n|t:|1770419445\n|switch|p1a: Sudowoodo|Sudowoodo, L94, M|88/284\n|move|p2a: Quagsire|Scald|p1a: Sudowoodo\n|-supereffective|p1a: Sudowoodo\n|-damage|p1a: Sudowoodo|0 fnt\n|faint|p1a: Sudowoodo\n|\n|-heal|p2a: Quagsire|203/307|[from] item: Leftovers\n|upkeep\n|\n|t:|1770419447\n|switch|p1a: Clefable|Clefable, L80, F|176/283\n|turn|20\n|\n|t:|1770419451\n|switch|p2a: Tangrowth|Tangrowth, L88, F|307/319 par\n|-activate|p2a: Tangrowth|move: Sticky Web\n|-unboost|p2a: Tangrowth|spe|1\n|-damage|p2a: Tangrowth|268/319 par|[from] Stealth Rock\n|-damage|p2a: Tangrowth|229/319 par|[from] Spikes\n|move|p1a: Clefable|Aromatherapy|p1a: Clefable\n|-activate|p1a: Clefable|move: Aromatherapy\n|-curestatus|p1: Skarmory|par|[msg]\n|\n|upkeep\n|turn|21\n|\n|t:|1770419460\n|switch|p1a: Skarmory|Skarmory, L74, M|162/218\n|move|p2a: Tangrowth|Sludge Bomb|p1a: Skarmory\n|-immune|p1a: Skarmory\n|\n|upkeep\n|turn|22\n|\n|t:|1770419464\n|switch|p2a: Quagsire|Quagsire, L87, F|203/307\n|-activate|p2a: Quagsire|move: Sticky Web\n|-unboost|p2a: Quagsire|spe|1\n|-damage|p2a: Quagsire|184/307|[from] Stealth Rock\n|-damage|p2a: Quagsire|146/307|[from] Spikes\n|move|p1a: Skarmory|Brave Bird|p2a: Quagsire\n|-crit|p2a: Quagsire\n|-damage|p2a: Quagsire|23/307\n|-damage|p1a: Skarmory|121/218|[from] Recoil\n|\n|-heal|p2a: Quagsire|42/307|[from] item: Leftovers\n|upkeep\n|turn|23\n|\n|t:|1770419479\n|move|p1a: Skarmory|Brave Bird|p2a: Quagsire\n|-damage|p2a: Quagsire|0 fnt\n|faint|p2a: Quagsire\n|-damage|p1a: Skarmory|107/218|[from] Recoil\n|\n|upkeep\n|\n|t:|1770419484\n|switch|p2a: Darmanitan|Darmanitan, L80, M|214/299\n|-activate|p2a: Darmanitan|move: Sticky Web\n|-unboost|p2a: Darmanitan|spe|1\n|-damage|p2a: Darmanitan|140/299|[from] Stealth Rock\n|-damage|p2a: Darmanitan|103/299|[from] Spikes\n|turn|24\n|\n|t:|1770419487\n|move|p1a: Skarmory|Roost|p1a: Skarmory\n|-heal|p1a: Skarmory|216/218\n|-singleturn|p1a: Skarmory|move: Roost\n|move|p2a: Darmanitan|Flare Blitz|p1a: Skarmory\n|-supereffective|p1a: Skarmory\n|-damage|p1a: Skarmory|0 fnt\n|faint|p1a: Skarmory\n|-damage|p2a: Darmanitan|32/299|[from] Recoil\n|\n|upkeep\n|\n|t:|1770419501\n|switch|p1a: Excadrill|Excadrill, L80, M|307/307\n|-ability|p1a: Excadrill|Mold Breaker\n|turn|25\n|\n|t:|1770419509\n|move|p1a: Excadrill|Earthquake|p2a: Darmanitan\n|-supereffective|p2a: Darmanitan\n|-damage|p2a: Darmanitan|0 fnt\n|faint|p2a: Darmanitan\n|\n|upkeep\n|\n|t:|1770419525\n|switch|p2a: Tangrowth|Tangrowth, L88, F|319/319 par\n|-activate|p2a: Tangrowth|move: Sticky Web\n|-unboost|p2a: Tangrowth|spe|1\n|-damage|p2a: Tangrowth|280/319 par|[from] Stealth Rock\n|-damage|p2a: Tangrowth|241/319 par|[from] Spikes\n|turn|26\n|\n|t:|1770419529\n|move|p1a: Excadrill|Iron Head|p2a: Tangrowth\n|-damage|p2a: Tangrowth|171/319 par\n|-damage|p1a: Excadrill|256/307|[from] item: Rocky Helmet|[of] p2a: Tangrowth\n|move|p2a: Tangrowth|Leaf Storm|p1a: Excadrill\n|-crit|p1a: Excadrill\n|-damage|p1a: Excadrill|30/307\n|-unboost|p2a: Tangrowth|spa|2\n|\n|upkeep\n|turn|27\n|\n|t:|1770419540\n|move|p1a: Excadrill|Iron Head|p2a: Tangrowth\n|-damage|p2a: Tangrowth|98/319 par\n|-damage|p1a: Excadrill|0 fnt|[from] item: Rocky Helmet|[of] p2a: Tangrowth\n|faint|p1a: Excadrill\n|move|p2a: Tangrowth|Knock Off|p1: Excadrill|[notarget]\n|-fail|p2a: Tangrowth\n|\n|upkeep\n|\n|t:|1770419547\n|switch|p1a: Spiritomb|Spiritomb, L88, F|231/231\n|turn|28\n|\n|t:|1770419549\n|switch|p2a: Liepard|Liepard, L85, F|231/248\n|-activate|p2a: Liepard|move: Sticky Web\n|-unboost|p2a: Liepard|spe|1\n|-damage|p2a: Liepard|200/248|[from] Stealth Rock\n|-damage|p2a: Liepard|169/248|[from] Spikes\n|move|p1a: Spiritomb|Foul Play|p2a: Liepard\n|-resisted|p2a: Liepard\n|-damage|p2a: Liepard|80/248\n|\n|-heal|p2a: Liepard|95/248|[from] item: Leftovers\n|upkeep\n|turn|29\n|\n|t:|1770419558\n|move|p2a: Liepard|Thunder Wave|p1a: Spiritomb\n|-status|p1a: Spiritomb|par\n|move|p1a: Spiritomb|Sucker Punch||[still]\n|-fail|p1a: Spiritomb\n|\n|-heal|p2a: Liepard|110/248|[from] item: Leftovers\n|upkeep\n|turn|30\n|\n|t:|1770419566\n|move|p2a: Liepard|U-turn|p1a: Spiritomb\n|-damage|p1a: Spiritomb|191/231 par\n|\n|t:|1770419569\n|switch|p2a: Tangrowth|Tangrowth, L88, F|204/319 par|[from] U-turn\n|-activate|p2a: Tangrowth|move: Sticky Web\n|-unboost|p2a: Tangrowth|spe|1\n|-damage|p2a: Tangrowth|165/319 par|[from] Stealth Rock\n|-damage|p2a: Tangrowth|126/319 par|[from] Spikes\n|move|p1a: Spiritomb|Foul Play|p2a: Tangrowth\n|-damage|p2a: Tangrowth|35/319 par\n|-damage|p1a: Spiritomb|153/231 par|[from] item: Rocky Helmet|[of] p2a: Tangrowth\n|\n|upkeep\n|turn|31\n|\n|t:|1770419586\n|move|p1a: Spiritomb|Sucker Punch|p2a: Tangrowth\n|-damage|p2a: Tangrowth|0 fnt\n|-damage|p1a: Spiritomb|115/231 par|[from] item: Rocky Helmet|[of] p2a: Tangrowth\n|faint|p2a: Tangrowth\n|\n|upkeep\n|\n|t:|1770419606\n|switch|p2a: Palkia|Palkia, L73|252/252\n|-activate|p2a: Palkia|move: Sticky Web\n|-unboost|p2a: Palkia|spe|1\n|-damage|p2a: Palkia|221/252|[from] Stealth Rock\n|-damage|p2a: Palkia|190/252|[from] Spikes\n|-ability|p2a: Palkia|Pressure\n|turn|32\n|\n|t:|1770419609\n|move|p2a: Palkia|Hydro Pump|p1a: Spiritomb\n|-damage|p1a: Spiritomb|3/231 par\n|move|p1a: Spiritomb|Pain Split|p2a: Palkia\n|-sethp|p2a: Palkia|96/252|[from] move: Pain Split|[silent]\n|-sethp|p1a: Spiritomb|96/231 par|[from] move: Pain Split\n|\n|upkeep\n|turn|33\n|\n|t:|1770419615\n|move|p1a: Spiritomb|Sucker Punch|p2a: Palkia\n|-damage|p2a: Palkia|0 fnt\n|faint|p2a: Palkia\n|\n|upkeep\n|\n|t:|1770419628\n|switch|p2a: Liepard|Liepard, L85, F|110/248\n|-activate|p2a: Liepard|move: Sticky Web\n|-unboost|p2a: Liepard|spe|1\n|-damage|p2a: Liepard|79/248|[from] Stealth Rock\n|-damage|p2a: Liepard|48/248|[from] Spikes\n|turn|34\n|\n|t:|1770419631\n|move|p2a: Liepard|Encore|p1a: Spiritomb\n|-start|p1a: Spiritomb|Encore\n|move|p1a: Spiritomb|Sucker Punch||[still]\n|-fail|p1a: Spiritomb\n|\n|-heal|p2a: Liepard|63/248|[from] item: Leftovers\n|upkeep\n|turn|35\n|\n|t:|1770419636\n|switch|p1a: Clefable|Clefable, L80, F|176/283\n|move|p2a: Liepard|Thunder Wave|p1a: Clefable\n|-status|p1a: Clefable|par\n|\n|-heal|p2a: Liepard|78/248|[from] item: Leftovers\n|upkeep\n|turn|36\n|\n|t:|1770419648\n|move|p2a: Liepard|Knock Off|p1a: Clefable\n|-resisted|p1a: Clefable\n|-damage|p1a: Clefable|138/283 par\n|move|p1a: Clefable|Aromatherapy|p1a: Clefable\n|-activate|p1a: Clefable|move: Aromatherapy\n|-curestatus|p1a: Clefable|par|[msg]\n|-curestatus|p1: Spiritomb|par|[msg]\n|\n|-heal|p2a: Liepard|93/248|[from] item: Leftovers\n|upkeep\n|turn|37\n|\n|t:|1770419653\n|move|p2a: Liepard|Encore|p1a: Clefable\n|-start|p1a: Clefable|Encore\n|move|p1a: Clefable|Aromatherapy||[still]\n|-activate|p1a: Clefable|move: Aromatherapy\n|-fail|p1a: Clefable\n|\n|-heal|p2a: Liepard|108/248|[from] item: Leftovers\n|upkeep\n|turn|38\n|\n|t:|1770419657\n|switch|p1a: Spiritomb|Spiritomb, L88, F|96/231\n|move|p2a: Liepard|Thunder Wave|p1a: Spiritomb\n|-status|p1a: Spiritomb|par\n|\n|-heal|p2a: Liepard|123/248|[from] item: Leftovers\n|upkeep\n|turn|39\n|\n|t:|1770419661\n|move|p2a: Liepard|Knock Off|p1a: Spiritomb\n|-damage|p1a: Spiritomb|11/231 par\n|-enditem|p1a: Spiritomb|Black Glasses|[from] move: Knock Off|[of] p2a: Liepard\n|move|p1a: Spiritomb|Foul Play|p2a: Liepard\n|-resisted|p2a: Liepard\n|-damage|p2a: Liepard|55/248\n|\n|-heal|p2a: Liepard|70/248|[from] item: Leftovers\n|upkeep\n|turn|40\n|\n|t:|1770419668\n|move|p1a: Spiritomb|Sucker Punch|p2a: Liepard\n|-resisted|p2a: Liepard\n|-damage|p2a: Liepard|0 fnt\n|faint|p2a: Liepard\n|\n|upkeep\n|\n|t:|1770419671\n|switch|p2a: Simisage|Simisage, L88, F|275/275\n|-activate|p2a: Simisage|move: Sticky Web\n|-unboost|p2a: Simisage|spe|1\n|-damage|p2a: Simisage|241/275|[from] Stealth Rock\n|-damage|p2a: Simisage|207/275|[from] Spikes\n|turn|41\n|\n|t:|1770419676\n|move|p2a: Simisage|Knock Off|p1a: Spiritomb\n|-damage|p1a: Spiritomb|0 fnt\n|faint|p1a: Spiritomb\n|-damage|p2a: Simisage|180/275|[from] item: Life Orb\n|\n|upkeep\n|\n|t:|1770419677\n|switch|p1a: Clefable|Clefable, L80, F|138/283\n|turn|42\n|\n|t:|1770419681\n|move|p2a: Simisage|Gunk Shot|p1a: Clefable\n|-supereffective|p1a: Clefable\n|-damage|p1a: Clefable|0 fnt\n|faint|p1a: Clefable\n|-damage|p2a: Simisage|153/275|[from] item: Life Orb\n|\n|win|RNGgivethRNGtaketh\n|raw|Aloisi's rating: 1518 &rarr; <strong>1502</strong><br />(-16 for losing)\n|raw|RNGgivethRNGtaketh's rating: 1596 &rarr; <strong>1612</strong><br />(+16 for winning)\n|l|☆Aloisi\n|player|p1|\n|c|☆RNGgivethRNGtaketh|Gg\n|c|☆RNGgivethRNGtaketh|Wp\n", "inputlog": ">version ccdc32dd7cde25fd9e4bed64820e885f66e78a4e\n>start {\"formatid\":\"gen6randombattle\",\"seed\":\"sodium,61ba1f3c75a6cd484347f567851bb507\",\"rated\":\"Rated battle\"}\n>player p1 {\"name\":\"Aloisi\",\"avatar\":\"2\",\"rating\":1518,\"seed\":\"sodium,0bba0b4f0a47e43499d82babc02103f0\"}\n>player p2 {\"name\":\"RNGgivethRNGtaketh\",\"avatar\":\"brock\",\"rating\":1596,\"seed\":\"sodium,4d1c6ab3d6c8454ed30734b26f122aa4\"}\n>p1 switch 2\n>p2 move knockoff\n>p1 move thunderwave\n>p2 move uturn\n>p2 switch 5\n>p1 switch 5\n>p2 move sludgebomb\n>p1 move stickyweb\n>p2 switch 2\n>p1 move toxic\n>p2 move flareblitz\n>p1 switch 6\n>p1 move stealthrock\n>p2 move uturn\n>p2 switch 2\n>p1 switch 4\n>p2 move leafstorm\n>p1 move spikes\n>p2 switch 4\n>p1 move bravebird\n>p2 move scald\n>p1 move whirlwind\n>p2 move scald\n>p1 move roost\n>p2 move thunderwave\n>p1 move roost\n>p2 move encore\n>p1 move roost\n>p2 switch 5\n>p1 switch 4\n>p2 move scald\n>p1 move woodhammer\n>p2 switch 4\n>p1 switch 4\n>p2 move knockoff\n>p1 move bravebird\n>p2 move knockoff\n>p1 move bravebird\n>p2 switch 4\n>p1 switch 4\n>p2 move scald\n>p1 switch 5\n>p1 move aromatherapy\n>p2 switch 4\n>p1 switch 4\n>p2 move sludgebomb\n>p1 move bravebird\n>p2 switch 4\n>p1 move bravebird\n>p2 move scald\n>p2 switch 2\n>p1 move roost\n>p2 move flareblitz\n>p1 switch 3\n>p1 move earthquake\n>p2 move flareblitz\n>p2 switch 4\n>p1 move ironhead\n>p2 move leafstorm\n>p1 move ironhead\n>p2 move knockoff\n>p1 switch 2\n>p1 move foulplay\n>p2 switch 5\n>p1 move suckerpunch\n>p2 move thunderwave\n>p1 move foulplay\n>p2 move uturn\n>p2 switch 5\n>p1 move suckerpunch\n>p2 move leafstorm\n>p2 switch 6\n>p1 move painsplit\n>p2 move hydropump\n>p1 move suckerpunch\n>p2 move hydropump\n>p2 switch 5\n>p1 move foulplay\n>p2 move encore\n>p1 switch 4\n>p2 move thunderwave\n>p1 move aromatherapy\n>p2 move knockoff\n>p1 move softboiled\n>p2 move encore\n>p1 switch 4\n>p2 move thunderwave\n>p1 move foulplay\n>p2 move knockoff\n>p1 move suckerpunch\n>p2 move uturn\n>p2 switch 3\n>p1 move painsplit\n>p2 move knockoff\n>p1 switch 4\n>p1 move softboiled\n>p2 move gunkshot", "uploadtime": 1770419699, "views": 256, "formatid": "gen6randombattle", "rating": 1502, "private": 0, "password": null}