{"id": "gen6randombattle-2533958112", "format": "[Gen 6] Random Battle", "players": ["ctb659", "Plop"], "log": "|j|☆ctb659\n|j|☆Plop\n|t:|1770367430\n|gametype|singles\n|player|p1|ctb659|266|1694\n|player|p2|Plop|#rbtt9travelers|1839\n|gen|6\n|tier|[Gen 6] Random Battle\n|rated|\n|rule|Sleep Clause Mod: Limit one foe put to sleep\n|rule|HP Percentage Mod: HP is shown in percentages\n|rule|Illusion Level Mod: Illusion disguises the Pokémon's true level\n|\n|t:|1770367430\n|teamsize|p1|6\n|teamsize|p2|6\n|start\n|switch|p1a: Kricketune|Kricketune, L98, M|309/309\n|switch|p2a: Bibarel|Bibarel, L95, F|304/304\n|turn|1\n|inactive|Battle timer is ON: inactive players will automatically lose when time's up. (requested by ctb659)\n|inactive|Plop has 120 seconds left.\n|\n|t:|1770367477\n|switch|p1a: Stantler|Stantler, L90, M|277/277\n|-ability|p1a: Stantler|Intimidate|boost\n|-unboost|p2a: Bibarel|atk|2\n|move|p2a: Bibarel|Waterfall|p1a: Stantler\n|-damage|p1a: Stantler|203/277\n|-damage|p2a: Bibarel|274/304|[from] item: Life Orb\n|\n|upkeep\n|turn|2\n|inactive|Plop has 120 seconds left.\n|\n|t:|1770367508\n|switch|p2a: Genesect|Genesect, L72|221/221\n|-ability|p2a: Genesect|Download|boost\n|-boost|p2a: Genesect|atk|1\n|move|p1a: Stantler|Jump Kick|p2a: Genesect\n|-damage|p2a: Genesect|97/221\n|\n|upkeep\n|turn|3\n|inactive|Plop has 120 seconds left.\n|\n|t:|1770367528\n|move|p2a: Genesect|Extreme Speed|p1a: Stantler\n|-crit|p1a: Stantler\n|-damage|p1a: Stantler|0 fnt\n|faint|p1a: Stantler\n|\n|upkeep\n|\n|t:|1770367536\n|switch|p1a: Slowbro|Slowbro, L81, F|287/287\n|turn|4\n|inactive|Plop has 120 seconds left.\n|\n|t:|1770367573\n|switch|p2a: Pangoro|Pangoro, L84, M|297/297\n|move|p1a: Slowbro|Scald|p2a: Pangoro\n|-damage|p2a: Pangoro|198/297\n|\n|upkeep\n|turn|5\n|\n|t:|1770367585\n|switch|p1a: Kricketune|Kricketune, L98, M|309/309\n|move|p2a: Pangoro|Knock Off|p1a: Kricketune\n|-damage|p1a: Kricketune|57/309\n|-enditem|p1a: Kricketune|Focus Sash|[from] move: Knock Off|[of] p2a: Pangoro\n|\n|upkeep\n|turn|6\n|\n|t:|1770367593\n|move|p1a: Kricketune|Sticky Web|p2a: Pangoro\n|-sidestart|p2: Plop|move: Sticky Web\n|move|p2a: Pangoro|Knock Off|p1a: Kricketune\n|-damage|p1a: Kricketune|0 fnt\n|faint|p1a: Kricketune\n|\n|upkeep\n|\n|t:|1770367596\n|switch|p1a: Slaking|Slaking, L82, F|380/380\n|turn|7\n|inactive|Plop has 90 seconds left.\n|\n|t:|1770367627\n|move|p1a: Slaking|Double-Edge|p2a: Pangoro\n|-damage|p2a: Pangoro|0 fnt\n|faint|p2a: Pangoro\n|-damage|p1a: Slaking|315/380|[from] Recoil\n|\n|upkeep\n|\n|t:|1770367645\n|switch|p2a: Drapion|Drapion, L83, F|252/252\n|-activate|p2a: Drapion|move: Sticky Web\n|-unboost|p2a: Drapion|spe|1\n|turn|8\n|\n|t:|1770367651\n|switch|p1a: Aerodactyl|Aerodactyl, L82, F|265/265\n|-ability|p1a: Aerodactyl|Unnerve\n|move|p2a: Drapion|Knock Off|p1a: Aerodactyl\n|-damage|p1a: Aerodactyl|76/265\n|-enditem|p1a: Aerodactyl|Leftovers|[from] move: Knock Off|[of] p2a: Drapion\n|\n|upkeep\n|turn|9\n|inactive|Plop has 90 seconds left.\n|\n|t:|1770367662\n|move|p1a: Aerodactyl|Roost|p1a: Aerodactyl\n|-heal|p1a: Aerodactyl|209/265\n|-singleturn|p1a: Aerodactyl|move: Roost\n|move|p2a: Drapion|Knock Off|p1a: Aerodactyl\n|-damage|p1a: Aerodactyl|97/265\n|\n|upkeep\n|turn|10\n|inactive|Plop has 90 seconds left.\n|\n|t:|1770367688\n|switch|p2a: Bibarel|Bibarel, L95, F|274/304\n|-activate|p2a: Bibarel|move: Sticky Web\n|-unboost|p2a: Bibarel|spe|2\n|move|p1a: Aerodactyl|Roost|p1a: Aerodactyl\n|-heal|p1a: Aerodactyl|230/265\n|-singleturn|p1a: Aerodactyl|move: Roost\n|\n|upkeep\n|turn|11\n|\n|t:|1770367699\n|switch|p1a: Slaking|Slaking, L82, F|315/380\n|move|p2a: Bibarel|Work Up|p2a: Bibarel\n|-boost|p2a: Bibarel|atk|2\n|-boost|p2a: Bibarel|spa|2\n|\n|upkeep\n|turn|12\n|\n|t:|1770367710\n|move|p2a: Bibarel|Quick Attack|p1a: Slaking\n|-damage|p1a: Slaking|197/380\n|-damage|p2a: Bibarel|244/304|[from] item: Life Orb\n|move|p1a: Slaking|Double-Edge|p2a: Bibarel\n|-damage|p2a: Bibarel|0 fnt\n|faint|p2a: Bibarel\n|-damage|p1a: Slaking|116/380|[from] Recoil\n|\n|upkeep\n|inactive|Plop has 60 seconds left.\n|inactive|Plop has 30 seconds left.\n|\n|t:|1770367765\n|switch|p2a: Genesect|Genesect, L72|97/221\n|-activate|p2a: Genesect|move: Sticky Web\n|-unboost|p2a: Genesect|spe|1\n|-ability|p2a: Genesect|Download|boost\n|-boost|p2a: Genesect|spa|1\n|turn|13\n|inactive|Plop has 30 seconds left.\n|\n|t:|1770367773\n|switch|p1a: Slowbro|Slowbro, L81, F|287/287\n|move|p2a: Genesect|U-turn|p1a: Slowbro\n|-supereffective|p1a: Slowbro\n|-damage|p1a: Slowbro|111/287\n|inactive|Plop has 30 seconds left.\n|\n|t:|1770367781\n|switch|p2a: Goodra|Goodra, L85, M|292/292|[from] U-turn\n|-activate|p2a: Goodra|move: Sticky Web\n|-unboost|p2a: Goodra|spe|1\n|\n|upkeep\n|turn|14\n|\n|t:|1770367794\n|switch|p1a: Deoxys|Deoxys-Defense, L84|221/221\n|-ability|p1a: Deoxys|Pressure\n|move|p2a: Goodra|Power Whip|p1a: Deoxys\n|-damage|p1a: Deoxys|161/221\n|\n|-heal|p1a: Deoxys|174/221|[from] item: Leftovers\n|upkeep\n|turn|15\n|\n|t:|1770367803\n|switch|p1a: Aerodactyl|Aerodactyl, L82, F|230/265\n|-ability|p1a: Aerodactyl|Unnerve\n|switch|p2a: Drapion|Drapion, L83, F|252/252\n|-activate|p2a: Drapion|move: Sticky Web\n|-unboost|p2a: Drapion|spe|1\n|\n|upkeep\n|turn|16\n|\n|t:|1770367807\n|move|p1a: Aerodactyl|Earthquake|p2a: Drapion\n|-supereffective|p2a: Drapion\n|-damage|p2a: Drapion|126/252\n|move|p2a: Drapion|Aqua Tail|p1a: Aerodactyl\n|-supereffective|p1a: Aerodactyl\n|-damage|p1a: Aerodactyl|6/265\n|\n|upkeep\n|turn|17\n|\n|t:|1770367811\n|move|p1a: Aerodactyl|Earthquake|p2a: Drapion\n|-supereffective|p2a: Drapion\n|-damage|p2a: Drapion|0 fnt\n|faint|p2a: Drapion\n|\n|upkeep\n|inactive|Plop has 60 seconds left.\n|\n|t:|1770367838\n|switch|p2a: Goodra|Goodra, L85, M|292/292\n|-activate|p2a: Goodra|move: Sticky Web\n|-unboost|p2a: Goodra|spe|1\n|turn|18\n|\n|t:|1770367852\n|move|p1a: Aerodactyl|Stone Edge|p2a: Goodra\n|-damage|p2a: Goodra|160/292\n|move|p2a: Goodra|Power Whip|p1a: Aerodactyl\n|-damage|p1a: Aerodactyl|0 fnt\n|faint|p1a: Aerodactyl\n|\n|upkeep\n|\n|t:|1770367856\n|switch|p1a: Slaking|Slaking, L82, F|116/380\n|turn|19\n|\n|t:|1770367865\n|switch|p2a: Genesect|Genesect, L72|97/221\n|-activate|p2a: Genesect|move: Sticky Web\n|-unboost|p2a: Genesect|spe|1\n|-ability|p2a: Genesect|Download|boost\n|-boost|p2a: Genesect|spa|1\n|move|p1a: Slaking|Double-Edge|p2a: Genesect\n|-resisted|p2a: Genesect\n|-damage|p2a: Genesect|0 fnt\n|faint|p2a: Genesect\n|-damage|p1a: Slaking|84/380|[from] Recoil\n|\n|upkeep\n|\n|t:|1770367867\n|switch|p2a: Linoone|Linoone, L84, M|268/268\n|-activate|p2a: Linoone|move: Sticky Web\n|-unboost|p2a: Linoone|spe|1\n|turn|20\n|\n|t:|1770367872\n|cant|p1a: Slaking|ability: Truant\n|move|p2a: Linoone|Belly Drum|p2a: Linoone\n|-damage|p2a: Linoone|134/268\n|-setboost|p2a: Linoone|atk|6|[from] move: Belly Drum\n|-enditem|p2a: Linoone|Sitrus Berry|[eat]\n|-heal|p2a: Linoone|201/268|[from] item: Sitrus Berry\n|\n|upkeep\n|turn|21\n|\n|t:|1770367874\n|move|p2a: Linoone|Extreme Speed|p1a: Slaking\n|-damage|p1a: Slaking|0 fnt\n|faint|p1a: Slaking\n|\n|upkeep\n|\n|t:|1770367877\n|switch|p1a: Slowbro|Slowbro, L81, F|206/287\n|turn|22\n|inactive|Plop has 90 seconds left.\n|\n|t:|1770367890\n|detailschange|p1a: Slowbro|Slowbro-Mega, L81, F\n|-mega|p1a: Slowbro|Slowbro|Slowbronite\n|move|p2a: Linoone|Seed Bomb|p1a: Slowbro\n|-supereffective|p1a: Slowbro\n|-damage|p1a: Slowbro|8/287\n|move|p1a: Slowbro|Scald|p2a: Linoone\n|-damage|p2a: Linoone|83/268\n|\n|upkeep\n|turn|23\n|inactive|Plop has 90 seconds left.\n|-message|ctb659 forfeited.\n|\n|win|Plop\n|raw|ctb659's rating: 1694 &rarr; <strong>1682</strong><br />(-12 for losing)\n|raw|Plop's rating: 1839 &rarr; <strong>1851</strong><br />(+12 for winning)\n|l|☆ctb659\n|player|p1|\n", "inputlog": ">version ccdc32dd7cde25fd9e4bed64820e885f66e78a4e\n>start {\"formatid\":\"gen6randombattle\",\"seed\":\"sodium,f5e7ed7b91242c4001ec1c2bc2b3df79\",\"rated\":\"Rated battle\"}\n>player p1 {\"name\":\"ctb659\",\"avatar\":\"266\",\"rating\":1694,\"seed\":\"sodium,abf7e93f19985fb89daa7dbf08bd7d14\"}\n>player p2 {\"name\":\"Plop\",\"avatar\":\"#rbtt9travelers\",\"rating\":1839,\"seed\":\"sodium,27e4afc6153b2a96e4c680a70c79eb8d\"}\n>p1 switch 3\n>p2 move waterfall\n>p1 move jumpkick\n>p2 switch 6\n>p1 move jumpkick\n>p2 move extremespeed\n>p1 switch 5\n>p1 move scald\n>p2 switch 2\n>p1 switch 3\n>p2 move knockoff\n>p1 move stickyweb\n>p2 move knockoff\n>p1 switch 2\n>p1 move doubleedge\n>p2 move knockoff\n>p2 switch 3\n>p1 switch 4\n>p2 move knockoff\n>p1 move roost\n>p2 move knockoff\n>p1 move roost\n>p2 switch 6\n>p1 switch 4\n>p2 move workup\n>p1 move doubleedge\n>p2 move quickattack\n>p2 switch 2\n>p1 switch 3\n>p2 move uturn\n>p2 switch 4\n>p1 switch 6\n>p2 move powerwhip\n>p1 switch 4\n>p2 switch 6\n>p1 move earthquake\n>p2 move aquatail\n>p1 move earthquake\n>p2 move aquatail\n>p2 switch 6\n>p1 move stoneedge\n>p2 move powerwhip\n>p1 switch 3\n>p1 move doubleedge\n>p2 switch 4\n>p2 switch 5\n>p1 move doubleedge\n>p2 move bellydrum\n>p1 move doubleedge\n>p2 move extremespeed\n>p1 switch 6\n>p1 move scald mega\n>p2 move seedbomb\n>forcelose p1", "uploadtime": 1770367906, "views": 273, "formatid": "gen6randombattle", "rating": 1682, "private": 0, "password": null}