{"id": "gen6randombattle-2520025534", "format": "[Gen 6] Random Battle", "players": ["Ramother", "arboretums"], "log": "|j|☆Ramother\n|j|☆arboretums\n|t:|1768581201\n|gametype|singles\n|player|p1|Ramother|colress|1607\n|player|p2|arboretums|serena-masters2|1641\n|gen|6\n|tier|[Gen 6] Random Battle\n|rated|\n|rule|Sleep Clause Mod: Limit one foe put to sleep\n|rule|HP Percentage Mod: HP is shown in percentages\n|rule|Illusion Level Mod: Illusion disguises the Pokémon's true level\n|\n|t:|1768581201\n|teamsize|p1|6\n|teamsize|p2|6\n|start\n|switch|p1a: Mr. Mime|Mr. Mime, L89, M|216/216\n|switch|p2a: Mandibuzz|Mandibuzz, L84, F|322/322\n|turn|1\n|inactive|Battle timer is ON: inactive players will automatically lose when time's up. (requested by Ramother)\n|\n|t:|1768581219\n|switch|p2a: Wigglytuff|Wigglytuff, L93, F|411/411\n|move|p1a: Mr. Mime|Nasty Plot|p1a: Mr. Mime\n|-boost|p1a: Mr. Mime|spa|2\n|\n|upkeep\n|turn|2\n|\n|t:|1768581227\n|move|p1a: Mr. Mime|Psyshock|p2a: Wigglytuff\n|-damage|p2a: Wigglytuff|82/411\n|-damage|p1a: Mr. Mime|195/216|[from] item: Life Orb\n|move|p2a: Wigglytuff|Thunder Wave|p1a: Mr. Mime\n|-status|p1a: Mr. Mime|par\n|\n|-heal|p2a: Wigglytuff|107/411|[from] item: Leftovers\n|upkeep\n|turn|3\n|\n|t:|1768581249\n|move|p2a: Wigglytuff|Dazzling Gleam|p1a: Mr. Mime\n|-damage|p1a: Mr. Mime|128/216 par\n|cant|p1a: Mr. Mime|par\n|\n|-heal|p2a: Wigglytuff|132/411|[from] item: Leftovers\n|upkeep\n|turn|4\n|\n|t:|1768581254\n|move|p2a: Wigglytuff|Dazzling Gleam|p1a: Mr. Mime\n|-damage|p1a: Mr. Mime|52/216 par\n|move|p1a: Mr. Mime|Dazzling Gleam|p2a: Wigglytuff\n|-damage|p2a: Wigglytuff|0 fnt\n|faint|p2a: Wigglytuff\n|-damage|p1a: Mr. Mime|31/216 par|[from] item: Life Orb\n|\n|upkeep\n|\n|t:|1768581268\n|switch|p2a: Mandibuzz|Mandibuzz, L84, F|322/322\n|turn|5\n|\n|t:|1768581272\n|move|p2a: Mandibuzz|Foul Play|p1a: Mr. Mime\n|-damage|p1a: Mr. Mime|0 fnt\n|faint|p1a: Mr. Mime\n|\n|upkeep\n|\n|t:|1768581281\n|switch|p1a: Golem|Golem, L86, F|278/278\n|turn|6\n|\n|t:|1768581284\n|move|p2a: Mandibuzz|U-turn|p1a: Golem\n|-damage|p1a: Golem|249/278\n|\n|t:|1768581286\n|switch|p2a: Virizion|Virizion, L80|277/277|[from] U-turn\n|move|p1a: Golem|Stone Edge|p2a: Virizion\n|-resisted|p2a: Virizion\n|-damage|p2a: Virizion|152/277\n|\n|upkeep\n|turn|7\n|\n|t:|1768581292\n|switch|p1a: Garbodor|Garbodor, L88, M|284/284\n|move|p2a: Virizion|Swords Dance|p2a: Virizion\n|-boost|p2a: Virizion|atk|2\n|\n|upkeep\n|turn|8\n|\n|t:|1768581297\n|switch|p2a: Arceus|Arceus-Rock, L71|288/288\n|move|p1a: Garbodor|Gunk Shot|p2a: Arceus|[miss]\n|-miss|p1a: Garbodor|p2a: Arceus\n|\n|upkeep\n|turn|9\n|\n|t:|1768581303\n|move|p2a: Arceus|Swords Dance|p2a: Arceus\n|-boost|p2a: Arceus|atk|2\n|move|p1a: Garbodor|Spikes|p2a: Arceus\n|-sidestart|p2: arboretums|Spikes\n|\n|upkeep\n|turn|10\n|\n|t:|1768581308\n|move|p2a: Arceus|Extreme Speed|p1a: Garbodor\n|-damage|p1a: Garbodor|191/284\n|move|p1a: Garbodor|Drain Punch|p2a: Arceus\n|-supereffective|p2a: Arceus\n|-damage|p2a: Arceus|190/288\n|-heal|p1a: Garbodor|240/284|[from] drain|[of] p2a: Arceus\n|\n|-heal|p1a: Garbodor|257/284|[from] item: Black Sludge\n|upkeep\n|turn|11\n|c|☆arboretums|misclick\n|\n|t:|1768581314\n|move|p2a: Arceus|Swords Dance|p2a: Arceus\n|-boost|p2a: Arceus|atk|2\n|move|p1a: Garbodor|Gunk Shot|p2a: Arceus\n|-resisted|p2a: Arceus\n|-damage|p2a: Arceus|131/288\n|\n|-heal|p1a: Garbodor|274/284|[from] item: Black Sludge\n|upkeep\n|turn|12\n|\n|t:|1768581323\n|move|p2a: Arceus|Earthquake|p1a: Garbodor\n|-supereffective|p1a: Garbodor\n|-damage|p1a: Garbodor|0 fnt\n|faint|p1a: Garbodor\n|\n|upkeep\n|\n|t:|1768581333\n|switch|p1a: Escavalier|Escavalier, L84, M|255/255\n|turn|13\n|\n|t:|1768581342\n|move|p2a: Arceus|Stone Edge|p1a: Escavalier|[miss]\n|-miss|p2a: Arceus|p1a: Escavalier\n|move|p1a: Escavalier|Iron Head|p2a: Arceus\n|-supereffective|p2a: Arceus\n|-damage|p2a: Arceus|0 fnt\n|faint|p2a: Arceus\n|\n|upkeep\n|\n|t:|1768581353\n|switch|p2a: Mandibuzz|Mandibuzz, L84, F|322/322\n|turn|14\n|\n|t:|1768581357\n|move|p2a: Mandibuzz|Foul Play|p1a: Escavalier\n|-crit|p1a: Escavalier\n|-damage|p1a: Escavalier|72/255\n|move|p1a: Escavalier|Iron Head|p2a: Mandibuzz\n|-damage|p2a: Mandibuzz|178/322\n|\n|-heal|p2a: Mandibuzz|198/322|[from] item: Leftovers\n|upkeep\n|turn|15\n|\n|t:|1768581366\n|switch|p1a: Pachirisu|Pachirisu, L95, M|268/268\n|move|p2a: Mandibuzz|Foul Play|p1a: Pachirisu\n|-damage|p1a: Pachirisu|204/268\n|\n|-heal|p1a: Pachirisu|220/268|[from] item: Leftovers\n|-heal|p2a: Mandibuzz|218/322|[from] item: Leftovers\n|upkeep\n|turn|16\n|inactive|arboretums has 120 seconds left.\n|\n|t:|1768581397\n|switch|p2a: Pachirisu|Pachirisu, L95, M|268/268\n|-damage|p2a: Pachirisu|235/268|[from] Spikes\n|move|p1a: Pachirisu|Toxic|p2a: Pachirisu\n|-status|p2a: Pachirisu|tox\n|\n|-heal|p2a: Pachirisu|251/268 tox|[from] item: Leftovers\n|-heal|p1a: Pachirisu|236/268|[from] item: Leftovers\n|-damage|p2a: Pachirisu|235/268 tox|[from] psn\n|upkeep\n|turn|17\n|\n|t:|1768581404\n|move|p2a: Pachirisu|Toxic|p1a: Pachirisu\n|-status|p1a: Pachirisu|tox\n|move|p1a: Pachirisu|U-turn|p2a: Pachirisu\n|-damage|p2a: Pachirisu|198/268 tox\n|\n|t:|1768581407\n|switch|p1a: Golem|Golem, L86, F|249/278|[from] U-turn\n|\n|-heal|p2a: Pachirisu|214/268 tox|[from] item: Leftovers\n|-damage|p2a: Pachirisu|182/268 tox|[from] psn\n|upkeep\n|turn|18\n|\n|t:|1768581413\n|move|p2a: Pachirisu|Super Fang|p1a: Golem\n|-damage|p1a: Golem|125/278\n|move|p1a: Golem|Stone Edge|p2a: Pachirisu|[miss]\n|-miss|p1a: Golem|p2a: Pachirisu\n|\n|-heal|p2a: Pachirisu|198/268 tox|[from] item: Leftovers\n|-damage|p2a: Pachirisu|150/268 tox|[from] psn\n|upkeep\n|turn|19\n|\n|t:|1768581416\n|move|p2a: Pachirisu|Super Fang|p1a: Golem\n|-damage|p1a: Golem|63/278\n|move|p1a: Golem|Stone Edge|p2a: Pachirisu\n|-crit|p2a: Pachirisu\n|-damage|p2a: Pachirisu|0 fnt\n|faint|p2a: Pachirisu\n|\n|upkeep\n|\n|t:|1768581421\n|switch|p2a: Virizion|Virizion, L80|152/277\n|-damage|p2a: Virizion|118/277|[from] Spikes\n|turn|20\n|\n|t:|1768581424\n|move|p2a: Virizion|Swords Dance|p2a: Virizion\n|-boost|p2a: Virizion|atk|2\n|move|p1a: Golem|Stone Edge|p2a: Virizion|[miss]\n|-miss|p1a: Golem|p2a: Virizion\n|\n|upkeep\n|turn|21\n|\n|t:|1768581432\n|move|p2a: Virizion|Leaf Blade|p1a: Golem\n|-supereffective|p1a: Golem\n|-damage|p1a: Golem|0 fnt\n|faint|p1a: Golem\n|-damage|p2a: Virizion|91/277|[from] item: Life Orb\n|\n|upkeep\n|\n|t:|1768581437\n|switch|p1a: Pachirisu|Pachirisu, L95, M|236/268 tox\n|turn|22\n|\n|t:|1768581441\n|move|p1a: Pachirisu|U-turn|p2a: Virizion\n|-damage|p2a: Virizion|44/277\n|\n|t:|1768581450\n|switch|p1a: Escavalier|Escavalier, L84, M|72/255|[from] U-turn\n|move|p2a: Virizion|Close Combat|p1a: Escavalier\n|-damage|p1a: Escavalier|0 fnt\n|-unboost|p2a: Virizion|def|1\n|-unboost|p2a: Virizion|spd|1\n|faint|p1a: Escavalier\n|-damage|p2a: Virizion|17/277|[from] item: Life Orb\n|\n|upkeep\n|\n|t:|1768581453\n|switch|p1a: Pachirisu|Pachirisu, L95, M|236/268 tox\n|turn|23\n|\n|t:|1768581456\n|move|p1a: Pachirisu|Thunderbolt|p2a: Virizion\n|-resisted|p2a: Virizion\n|-damage|p2a: Virizion|0 fnt\n|faint|p2a: Virizion\n|\n|-heal|p1a: Pachirisu|252/268 tox|[from] item: Leftovers\n|-damage|p1a: Pachirisu|236/268 tox|[from] psn\n|upkeep\n|\n|t:|1768581460\n|switch|p2a: Mandibuzz|Mandibuzz, L84, F|218/322\n|turn|24\n|\n|t:|1768581464\n|switch|p2a: Emolga|Emolga, L88, M|239/239\n|move|p1a: Pachirisu|Thunderbolt|p2a: Emolga\n|-ability|p2a: Emolga|Motor Drive|boost\n|-boost|p2a: Emolga|spe|1\n|\n|-heal|p1a: Pachirisu|252/268 tox|[from] item: Leftovers\n|-damage|p1a: Pachirisu|220/268 tox|[from] psn\n|upkeep\n|turn|25\n|\n|t:|1768581473\n|switch|p2a: Mandibuzz|Mandibuzz, L84, F|218/322\n|move|p1a: Pachirisu|Toxic|p2a: Mandibuzz\n|-status|p2a: Mandibuzz|tox\n|\n|-heal|p1a: Pachirisu|236/268 tox|[from] item: Leftovers\n|-heal|p2a: Mandibuzz|238/322 tox|[from] item: Leftovers\n|-damage|p1a: Pachirisu|188/268 tox|[from] psn\n|-damage|p2a: Mandibuzz|218/322 tox|[from] psn\n|upkeep\n|turn|26\n|\n|t:|1768581478\n|move|p1a: Pachirisu|U-turn|p2a: Mandibuzz\n|-damage|p2a: Mandibuzz|184/322 tox\n|\n|t:|1768581480\n|switch|p1a: Unfezant|Unfezant, L87, F|281/281|[from] U-turn\n|move|p2a: Mandibuzz|Roost|p2a: Mandibuzz\n|-heal|p2a: Mandibuzz|322/322 tox\n|-singleturn|p2a: Mandibuzz|move: Roost\n|\n|-damage|p2a: Mandibuzz|282/322 tox|[from] psn\n|upkeep\n|turn|27\n|\n|t:|1768581492\n|move|p1a: Unfezant|Return|p2a: Mandibuzz\n|-crit|p2a: Mandibuzz\n|-damage|p2a: Mandibuzz|99/322 tox\n|move|p2a: Mandibuzz|Foul Play|p1a: Unfezant\n|-damage|p1a: Unfezant|154/281\n|\n|-heal|p2a: Mandibuzz|119/322 tox|[from] item: Leftovers\n|-damage|p2a: Mandibuzz|59/322 tox|[from] psn\n|upkeep\n|turn|28\n|\n|t:|1768581495\n|move|p1a: Unfezant|Roost|p1a: Unfezant\n|-heal|p1a: Unfezant|281/281\n|-singleturn|p1a: Unfezant|move: Roost\n|move|p2a: Mandibuzz|Foul Play|p1a: Unfezant\n|-damage|p1a: Unfezant|158/281\n|\n|-heal|p2a: Mandibuzz|79/322 tox|[from] item: Leftovers\n|-damage|p2a: Mandibuzz|0 fnt|[from] psn\n|faint|p2a: Mandibuzz\n|upkeep\n|\n|t:|1768581497\n|switch|p2a: Emolga|Emolga, L88, M|239/239\n|turn|29\n|\n|t:|1768581509\n|move|p2a: Emolga|Thunderbolt|p1a: Unfezant\n|-supereffective|p1a: Unfezant\n|-damage|p1a: Unfezant|0 fnt\n|faint|p1a: Unfezant\n|\n|upkeep\n|\n|t:|1768581511\n|switch|p1a: Pachirisu|Pachirisu, L95, M|188/268 tox\n|turn|30\n|\n|t:|1768581519\n|move|p1a: Pachirisu|Toxic|p2a: Emolga\n|-status|p2a: Emolga|tox\n|move|p2a: Emolga|Acrobatics|p1a: Pachirisu\n|-resisted|p1a: Pachirisu\n|-damage|p1a: Pachirisu|133/268 tox\n|\n|-heal|p1a: Pachirisu|149/268 tox|[from] item: Leftovers\n|-damage|p1a: Pachirisu|133/268 tox|[from] psn\n|-damage|p2a: Emolga|225/239 tox|[from] psn\n|upkeep\n|turn|31\n|\n|t:|1768581522\n|move|p1a: Pachirisu|Super Fang|p2a: Emolga|[miss]\n|-miss|p1a: Pachirisu|p2a: Emolga\n|move|p2a: Emolga|Acrobatics|p1a: Pachirisu\n|-resisted|p1a: Pachirisu\n|-damage|p1a: Pachirisu|76/268 tox\n|\n|-heal|p1a: Pachirisu|92/268 tox|[from] item: Leftovers\n|-damage|p1a: Pachirisu|60/268 tox|[from] psn\n|-damage|p2a: Emolga|197/239 tox|[from] psn\n|upkeep\n|turn|32\n|\n|t:|1768581525\n|move|p1a: Pachirisu|Super Fang|p2a: Emolga\n|-damage|p2a: Emolga|99/239 tox\n|move|p2a: Emolga|Roost|p2a: Emolga\n|-heal|p2a: Emolga|219/239 tox\n|-singleturn|p2a: Emolga|move: Roost\n|\n|-heal|p1a: Pachirisu|76/268 tox|[from] item: Leftovers\n|-damage|p1a: Pachirisu|28/268 tox|[from] psn\n|-damage|p2a: Emolga|177/239 tox|[from] psn\n|upkeep\n|turn|33\n|\n|t:|1768581529\n|move|p1a: Pachirisu|Super Fang|p2a: Emolga\n|-damage|p2a: Emolga|89/239 tox\n|move|p2a: Emolga|Roost|p2a: Emolga\n|-heal|p2a: Emolga|209/239 tox\n|-singleturn|p2a: Emolga|move: Roost\n|\n|-heal|p1a: Pachirisu|44/268 tox|[from] item: Leftovers\n|-damage|p1a: Pachirisu|0 fnt|[from] psn\n|faint|p1a: Pachirisu\n|\n|win|arboretums\n|raw|Ramother's rating: 1607 &rarr; <strong>1589</strong><br />(-18 for losing)\n|raw|arboretums's rating: 1641 &rarr; <strong>1659</strong><br />(+18 for winning)\n", "inputlog": ">version 3bd1a1e329da8d286644078cfc9a9638fc7ea025\n>start {\"formatid\":\"gen6randombattle\",\"seed\":\"sodium,fe5bf59e5f53bd3743ee8f5733e04c4a\",\"rated\":\"Rated battle\"}\n>player p1 {\"name\":\"Ramother\",\"avatar\":\"colress\",\"rating\":1607,\"seed\":\"sodium,b5269d3cccf03c065a138b57a9d91c3b\"}\n>player p2 {\"name\":\"arboretums\",\"avatar\":\"serena-masters2\",\"rating\":1641,\"seed\":\"sodium,f361a4d26989548b494751cd9a6a0fec\"}\n>p1 move nastyplot\n>p2 switch 4\n>p1 move psyshock\n>p2 move thunderwave\n>p1 move dazzlinggleam\n>p2 move dazzlinggleam\n>p1 move dazzlinggleam\n>p2 move dazzlinggleam\n>p2 switch 4\n>p1 move dazzlinggleam\n>p2 move foulplay\n>p1 switch 4\n>p1 move stoneedge\n>p2 move uturn\n>p2 switch 2\n>p1 switch 3\n>p2 move swordsdance\n>p1 move gunkshot\n>p2 switch 6\n>p1 move spikes\n>p2 move swordsdance\n>p1 move drainpunch\n>p2 move extremespeed\n>p1 move gunkshot\n>p2 move swordsdance\n>chat ☆arboretums|misclick\n>p1 move drainpunch\n>p2 move earthquake\n>p1 switch 5\n>p1 move ironhead\n>p2 move stoneedge\n>p2 switch 2\n>p1 move ironhead\n>p2 move foulplay\n>p1 switch 6\n>p2 move foulplay\n>p1 move toxic\n>p2 switch 5\n>p1 move uturn\n>p2 move toxic\n>p1 switch 3\n>p1 move stoneedge\n>p2 move superfang\n>p1 move stoneedge\n>p2 move superfang\n>p2 switch 6\n>p1 move stoneedge\n>p2 move swordsdance\n>p1 move stoneedge\n>p2 move leafblade\n>p1 switch 3\n>p1 move uturn\n>p2 move closecombat\n>p1 switch 6\n>p1 switch 6\n>p1 move thunderbolt\n>p2 move closecombat\n>p2 switch 5\n>p1 move thunderbolt\n>p2 switch 3\n>p1 move toxic\n>p2 switch 3\n>p1 move uturn\n>p2 move roost\n>p1 switch 2\n>p1 move return\n>p2 move foulplay\n>p1 move roost\n>p2 move foulplay\n>p2 switch 3\n>p1 move toxic\n>p2 move thunderbolt\n>p1 switch 2\n>p1 move toxic\n>p2 move acrobatics\n>p1 move superfang\n>p2 move acrobatics\n>p1 move superfang\n>p2 move roost\n>p1 move superfang\n>p2 move roost", "uploadtime": 1768581531, "views": 285, "formatid": "gen6randombattle", "rating": 1589, "private": 0, "password": null}