{"id": "gen6randombattle-2532055870", "format": "[Gen 6] Random Battle", "players": ["Chisaki Kai", "Blatjanglover"], "log": "|j|☆Chisaki Kai\n|j|☆Blatjanglover\n|t:|1770135996\n|gametype|singles\n|player|p1|Chisaki Kai|acetrainer-gen3|1601\n|player|p2|Blatjanglover|brock|1638\n|gen|6\n|tier|[Gen 6] Random Battle\n|rated|\n|rule|Sleep Clause Mod: Limit one foe put to sleep\n|rule|HP Percentage Mod: HP is shown in percentages\n|rule|Illusion Level Mod: Illusion disguises the Pokémon's true level\n|\n|t:|1770135996\n|teamsize|p1|6\n|teamsize|p2|6\n|start\n|switch|p1a: Blaziken|Blaziken, L75, F|243/243\n|switch|p2a: Escavalier|Escavalier, L84, F|255/255\n|turn|1\n|inactive|Battle timer is ON: inactive players will automatically lose when time's up. (requested by Chisaki Kai)\n|\n|t:|1770136008\n|switch|p1a: Forretress|Forretress, L82, M|257/257\n|move|p2a: Escavalier|Drill Run|p1a: Forretress\n|-damage|p1a: Forretress|175/257\n|\n|-heal|p1a: Forretress|191/257|[from] item: Leftovers\n|upkeep\n|turn|2\n|\n|t:|1770136018\n|switch|p2a: Golem|Golem, L86, M|278/278\n|move|p1a: Forretress|Stealth Rock|p2a: Golem\n|-sidestart|p2: Blatjanglover|move: Stealth Rock\n|\n|-heal|p1a: Forretress|207/257|[from] item: Leftovers\n|upkeep\n|turn|3\n|\n|t:|1770136022\n|move|p2a: Golem|Earthquake|p1a: Forretress\n|-damage|p1a: Forretress|119/257\n|move|p1a: Forretress|Toxic Spikes|p2a: Golem\n|-sidestart|p2: Blatjanglover|move: Toxic Spikes\n|\n|-heal|p1a: Forretress|135/257|[from] item: Leftovers\n|upkeep\n|turn|4\n|\n|t:|1770136031\n|move|p2a: Golem|Earthquake|p1a: Forretress\n|-damage|p1a: Forretress|44/257\n|move|p1a: Forretress|Toxic Spikes|p2a: Golem\n|-sidestart|p2: Blatjanglover|move: Toxic Spikes\n|\n|-heal|p1a: Forretress|60/257|[from] item: Leftovers\n|upkeep\n|turn|5\n|\n|t:|1770136037\n|move|p2a: Golem|Earthquake|p1a: Forretress\n|-damage|p1a: Forretress|0 fnt\n|faint|p1a: Forretress\n|\n|upkeep\n|\n|t:|1770136045\n|switch|p1a: Arbok|Arbok, L90, F|254/254\n|turn|6\n|\n|t:|1770136048\n|move|p1a: Arbok|Earthquake|p2a: Golem\n|-supereffective|p2a: Golem\n|-damage|p2a: Golem|172/278\n|move|p2a: Golem|Earthquake|p1a: Arbok\n|-supereffective|p1a: Arbok\n|-damage|p1a: Arbok|0 fnt\n|faint|p1a: Arbok\n|\n|upkeep\n|\n|t:|1770136051\n|switch|p1a: Heliolisk|Heliolisk, L83, F|239/239\n|turn|7\n|\n|t:|1770136058\n|switch|p2a: Escavalier|Escavalier, L84, F|255/255\n|-damage|p2a: Escavalier|224/255|[from] Stealth Rock\n|move|p1a: Heliolisk|Surf|p2a: Escavalier\n|-crit|p2a: Escavalier\n|-damage|p2a: Escavalier|99/255\n|-damage|p1a: Heliolisk|216/239|[from] item: Life Orb\n|\n|upkeep\n|turn|8\n|\n|t:|1770136066\n|move|p1a: Heliolisk|Thunder|p2a: Escavalier\n|-damage|p2a: Escavalier|0 fnt\n|faint|p2a: Escavalier\n|-damage|p1a: Heliolisk|193/239|[from] item: Life Orb\n|\n|upkeep\n|\n|t:|1770136077\n|switch|p2a: Registeel|Registeel, L82|265/265\n|-damage|p2a: Registeel|249/265|[from] Stealth Rock\n|turn|9\n|\n|t:|1770136082\n|move|p1a: Heliolisk|Rain Dance|p1a: Heliolisk\n|-weather|RainDance\n|move|p2a: Registeel|Toxic|p1a: Heliolisk\n|-status|p1a: Heliolisk|tox\n|\n|-weather|RainDance|[upkeep]\n|-heal|p1a: Heliolisk|222/239 tox|[from] ability: Dry Skin\n|-heal|p2a: Registeel|265/265|[from] item: Leftovers\n|-damage|p1a: Heliolisk|208/239 tox|[from] psn\n|upkeep\n|turn|10\n|\n|t:|1770136087\n|move|p2a: Registeel|Protect|p2a: Registeel\n|-singleturn|p2a: Registeel|Protect\n|move|p1a: Heliolisk|Thunder|p2a: Registeel\n|-activate|p2a: Registeel|move: Protect\n|\n|-weather|RainDance|[upkeep]\n|-heal|p1a: Heliolisk|237/239 tox|[from] ability: Dry Skin\n|-damage|p1a: Heliolisk|209/239 tox|[from] psn\n|upkeep\n|turn|11\n|\n|t:|1770136089\n|move|p1a: Heliolisk|Surf|p2a: Registeel\n|-damage|p2a: Registeel|166/265\n|-damage|p1a: Heliolisk|186/239 tox|[from] item: Life Orb\n|move|p2a: Registeel|Stealth Rock|p1a: Heliolisk\n|-sidestart|p1: Chisaki Kai|move: Stealth Rock\n|\n|-weather|RainDance|[upkeep]\n|-heal|p1a: Heliolisk|215/239 tox|[from] ability: Dry Skin\n|-heal|p2a: Registeel|182/265|[from] item: Leftovers\n|-damage|p1a: Heliolisk|173/239 tox|[from] psn\n|upkeep\n|turn|12\n|\n|t:|1770136093\n|switch|p1a: Florges|Florges-Orange, L84, F|268/268\n|-damage|p1a: Florges|235/268|[from] Stealth Rock\n|move|p2a: Registeel|Protect||[still]\n|-fail|p2a: Registeel\n|\n|-weather|RainDance|[upkeep]\n|-heal|p1a: Florges|251/268|[from] item: Leftovers\n|-heal|p2a: Registeel|198/265|[from] item: Leftovers\n|upkeep\n|turn|13\n|\n|t:|1770136096\n|move|p1a: Florges|Aromatherapy|p1a: Florges\n|-activate|p1a: Florges|move: Aromatherapy\n|-curestatus|p1: Heliolisk|tox|[msg]\n|move|p2a: Registeel|Toxic|p1a: Florges\n|-status|p1a: Florges|tox\n|\n|-weather|none\n|-heal|p1a: Florges|267/268 tox|[from] item: Leftovers\n|-heal|p2a: Registeel|214/265|[from] item: Leftovers\n|-damage|p1a: Florges|251/268 tox|[from] psn\n|upkeep\n|turn|14\n|\n|t:|1770136105\n|switch|p1a: Heliolisk|Heliolisk, L83, F|173/239\n|-damage|p1a: Heliolisk|144/239|[from] Stealth Rock\n|move|p2a: Registeel|Seismic Toss|p1a: Heliolisk\n|-damage|p1a: Heliolisk|62/239\n|\n|-heal|p2a: Registeel|230/265|[from] item: Leftovers\n|upkeep\n|turn|15\n|\n|t:|1770136108\n|move|p2a: Registeel|Protect|p2a: Registeel\n|-singleturn|p2a: Registeel|Protect\n|move|p1a: Heliolisk|Thunder|p2a: Registeel\n|-activate|p2a: Registeel|move: Protect\n|\n|-heal|p2a: Registeel|246/265|[from] item: Leftovers\n|upkeep\n|turn|16\n|\n|t:|1770136111\n|move|p1a: Heliolisk|Thunder|p2a: Registeel\n|-damage|p2a: Registeel|136/265\n|-damage|p1a: Heliolisk|39/239|[from] item: Life Orb\n|move|p2a: Registeel|Seismic Toss|p1a: Heliolisk\n|-damage|p1a: Heliolisk|0 fnt\n|faint|p1a: Heliolisk\n|\n|-heal|p2a: Registeel|152/265|[from] item: Leftovers\n|upkeep\n|\n|t:|1770136116\n|switch|p1a: Blaziken|Blaziken, L75, F|243/243\n|-damage|p1a: Blaziken|213/243|[from] Stealth Rock\n|turn|17\n|\n|t:|1770136119\n|move|p1a: Blaziken|Flare Blitz|p2a: Registeel\n|-supereffective|p2a: Registeel\n|-damage|p2a: Registeel|0 fnt\n|faint|p2a: Registeel\n|-damage|p1a: Blaziken|163/243|[from] Recoil\n|-damage|p1a: Blaziken|139/243|[from] item: Life Orb\n|\n|-ability|p1a: Blaziken|Speed Boost|boost\n|-boost|p1a: Blaziken|spe|1\n|upkeep\n|\n|t:|1770136125\n|switch|p2a: Lugia|Lugia, L71|268/268\n|-damage|p2a: Lugia|201/268|[from] Stealth Rock\n|turn|18\n|\n|t:|1770136132\n|switch|p1a: Florges|Florges-Orange, L84, F|251/268 tox\n|-damage|p1a: Florges|218/268 tox|[from] Stealth Rock\n|move|p2a: Lugia|Aeroblast|p1a: Florges\n|-damage|p1a: Florges|169/268 tox\n|\n|-heal|p2a: Lugia|217/268|[from] item: Leftovers\n|-heal|p1a: Florges|185/268 tox|[from] item: Leftovers\n|-damage|p1a: Florges|169/268 tox|[from] psn\n|upkeep\n|turn|19\n|\n|t:|1770136136\n|switch|p2a: Golem|Golem, L86, M|172/278\n|-damage|p2a: Golem|155/278|[from] Stealth Rock\n|-status|p2a: Golem|tox\n|move|p1a: Florges|Synthesis|p1a: Florges\n|-heal|p1a: Florges|268/268 tox\n|\n|-damage|p1a: Florges|236/268 tox|[from] psn\n|-damage|p2a: Golem|138/278 tox|[from] psn\n|upkeep\n|turn|20\n|\n|t:|1770136138\n|move|p1a: Florges|Moonblast|p2a: Golem\n|-damage|p2a: Golem|0 fnt\n|faint|p2a: Golem\n|\n|-heal|p1a: Florges|252/268 tox|[from] item: Leftovers\n|-damage|p1a: Florges|204/268 tox|[from] psn\n|upkeep\n|\n|t:|1770136144\n|switch|p2a: Mr. Mime|Mr. Mime, L89, F|216/216\n|-damage|p2a: Mr. Mime|189/216|[from] Stealth Rock\n|-status|p2a: Mr. Mime|tox\n|turn|21\n|\n|t:|1770136149\n|move|p2a: Mr. Mime|Nasty Plot|p2a: Mr. Mime\n|-boost|p2a: Mr. Mime|spa|2\n|move|p1a: Florges|Moonblast|p2a: Mr. Mime\n|-damage|p2a: Mr. Mime|104/216 tox\n|\n|-heal|p1a: Florges|220/268 tox|[from] item: Leftovers\n|-damage|p2a: Mr. Mime|91/216 tox|[from] psn\n|-damage|p1a: Florges|156/268 tox|[from] psn\n|upkeep\n|turn|22\n|\n|t:|1770136155\n|move|p2a: Mr. Mime|Psychic|p1a: Florges\n|-damage|p1a: Florges|0 fnt\n|faint|p1a: Florges\n|-damage|p2a: Mr. Mime|70/216 tox|[from] item: Life Orb\n|\n|-damage|p2a: Mr. Mime|44/216 tox|[from] psn\n|upkeep\n|\n|t:|1770136161\n|switch|p1a: Blaziken|Blaziken, L75, F|139/243\n|-damage|p1a: Blaziken|109/243|[from] Stealth Rock\n|turn|23\n|\n|t:|1770136164\n|move|p2a: Mr. Mime|Psychic|p1a: Blaziken\n|-supereffective|p1a: Blaziken\n|-damage|p1a: Blaziken|0 fnt\n|faint|p1a: Blaziken\n|-damage|p2a: Mr. Mime|23/216 tox|[from] item: Life Orb\n|\n|-damage|p2a: Mr. Mime|0 fnt|[from] psn\n|faint|p2a: Mr. Mime\n|upkeep\n|\n|t:|1770136172\n|switch|p2a: Lugia|Lugia, L71|217/268\n|switch|p1a: Altaria|Altaria, L78, F|245/245\n|-damage|p2a: Lugia|150/268|[from] Stealth Rock\n|-damage|p1a: Altaria|184/245|[from] Stealth Rock\n|turn|24\n|\n|t:|1770136176\n|detailschange|p1a: Altaria|Altaria-Mega, L78, F\n|-mega|p1a: Altaria|Altaria|Altarianite\n|move|p2a: Lugia|Roost|p2a: Lugia\n|-heal|p2a: Lugia|268/268\n|-singleturn|p2a: Lugia|move: Roost\n|move|p1a: Altaria|Dragon Dance|p1a: Altaria\n|-boost|p1a: Altaria|atk|1\n|-boost|p1a: Altaria|spe|1\n|\n|upkeep\n|turn|25\n|\n|t:|1770136179\n|move|p1a: Altaria|Return|p2a: Lugia\n|-damage|p2a: Lugia|185/268\n|move|p2a: Lugia|Toxic|p1a: Altaria\n|-status|p1a: Altaria|tox\n|\n|-heal|p2a: Lugia|201/268|[from] item: Leftovers\n|-damage|p1a: Altaria|169/245 tox|[from] psn\n|upkeep\n|turn|26\n|\n|t:|1770136182\n|move|p1a: Altaria|Return|p2a: Lugia\n|-crit|p2a: Lugia\n|-damage|p2a: Lugia|0 fnt\n|faint|p2a: Lugia\n|\n|-damage|p1a: Altaria|139/245 tox|[from] psn\n|upkeep\n|c|☆Blatjanglover|Damn\n|c|☆Blatjanglover|Gg\n|\n|t:|1770136191\n|switch|p2a: Gogoat|Gogoat, L90, F|368/368\n|-damage|p2a: Gogoat|322/368|[from] Stealth Rock\n|-status|p2a: Gogoat|tox\n|turn|27\n|\n|t:|1770136195\n|move|p1a: Altaria|Return|p2a: Gogoat\n|-damage|p2a: Gogoat|63/368 tox\n|move|p2a: Gogoat|Bulk Up|p2a: Gogoat\n|-boost|p2a: Gogoat|atk|1\n|-boost|p2a: Gogoat|def|1\n|\n|-heal|p2a: Gogoat|86/368 tox|[from] item: Leftovers\n|-damage|p1a: Altaria|94/245 tox|[from] psn\n|-damage|p2a: Gogoat|63/368 tox|[from] psn\n|upkeep\n|turn|28\n|\n|t:|1770136198\n|move|p1a: Altaria|Return|p2a: Gogoat\n|-damage|p2a: Gogoat|0 fnt\n|faint|p2a: Gogoat\n|\n|win|Chisaki Kai\n|raw|Chisaki Kai's rating: 1601 &rarr; <strong>1623</strong><br />(+22 for winning)\n|raw|Blatjanglover's rating: 1638 &rarr; <strong>1616</strong><br />(-22 for losing)\n|l|☆Chisaki Kai\n|player|p1|\n", "inputlog": ">version ccdc32dd7cde25fd9e4bed64820e885f66e78a4e\n>start {\"formatid\":\"gen6randombattle\",\"seed\":\"sodium,b4b5d57471d52387bf093526bfaad23b\",\"rated\":\"Rated battle\"}\n>player p1 {\"name\":\"Chisaki Kai\",\"avatar\":\"acetrainer-gen3\",\"rating\":1601,\"seed\":\"sodium,f616de585565b285471651818aa7ca63\"}\n>player p2 {\"name\":\"Blatjanglover\",\"avatar\":\"brock\",\"rating\":1638,\"seed\":\"sodium,c9e91e4130d39ea5c1008dcb6fd27082\"}\n>p1 switch 6\n>p2 move drillrun\n>p1 move stealthrock\n>p2 switch 4\n>p1 move toxicspikes\n>p2 move earthquake\n>p1 move toxicspikes\n>p2 move earthquake\n>p1 move gyroball\n>p2 move earthquake\n>p1 switch 5\n>p1 move earthquake\n>p2 move earthquake\n>p1 switch 3\n>p1 move surf\n>p2 switch 4\n>p1 move thunder\n>p2 move knockoff\n>p2 switch 2\n>p1 move raindance\n>p2 move toxic\n>p1 move thunder\n>p2 move protect\n>p1 move surf\n>p2 move stealthrock\n>p1 switch 4\n>p2 move protect\n>p1 move aromatherapy\n>p2 move toxic\n>p1 switch 4\n>p2 move seismictoss\n>p1 move thunder\n>p2 move protect\n>p1 move thunder\n>p2 move seismictoss\n>p1 switch 6\n>p1 move flareblitz\n>p2 move toxic\n>p2 switch 3\n>p1 switch 4\n>p2 move aeroblast\n>p1 move synthesis\n>p2 switch 4\n>p1 move moonblast\n>p2 move earthquake\n>p2 switch 5\n>p1 move moonblast\n>p2 move nastyplot\n>p1 move moonblast\n>p2 move psychic\n>p1 switch 4\n>p1 move swordsdance\n>p2 move psychic\n>p1 switch 2\n>p2 switch 4\n>p1 move dragondance mega\n>p2 move roost\n>p1 move return\n>p2 move toxic\n>p1 move return\n>p2 move roost\n>chat ☆Blatjanglover|Damn\n>chat ☆Blatjanglover|Gg\n>p2 switch 6\n>p1 move return\n>p2 move bulkup\n>p1 move return\n>p2 move milkdrink", "uploadtime": 1770136204, "views": 229, "formatid": "gen6randombattle", "rating": 1616, "private": 0, "password": null}