{"id": "gen6randombattle-2522693928", "format": "[Gen 6] Random Battle", "players": ["Olcorden", "arboretums"], "log": "|j|☆Olcorden\n|j|☆arboretums\n|t:|1768935363\n|gametype|singles\n|player|p1|Olcorden|1|1554\n|player|p2|arboretums|serena-masters2|1631\n|gen|6\n|tier|[Gen 6] Random Battle\n|rated|\n|rule|Sleep Clause Mod: Limit one foe put to sleep\n|rule|HP Percentage Mod: HP is shown in percentages\n|rule|Illusion Level Mod: Illusion disguises the Pokémon's true level\n|\n|t:|1768935363\n|teamsize|p1|6\n|teamsize|p2|6\n|start\n|switch|p1a: Eelektross|Eelektross, L85, M|283/283\n|switch|p2a: Gengar|Gengar, L78, F|222/222\n|turn|1\n|\n|t:|1768935372\n|switch|p2a: Excadrill|Excadrill, L80, F|307/307\n|-ability|p2a: Excadrill|Mold Breaker\n|move|p1a: Eelektross|Discharge|p2a: Excadrill\n|-immune|p2a: Excadrill\n|\n|upkeep\n|turn|2\n|\n|t:|1768935381\n|switch|p1a: Poliwrath|Poliwrath, L89, F|305/305\n|move|p2a: Excadrill|Earthquake|p1a: Poliwrath\n|-damage|p1a: Poliwrath|202/305\n|\n|-heal|p1a: Poliwrath|221/305|[from] item: Leftovers\n|upkeep\n|turn|3\n|\n|t:|1768935386\n|switch|p2a: Octillery|Octillery, L93, F|290/290\n|move|p1a: Poliwrath|Scald|p2a: Octillery\n|-resisted|p2a: Octillery\n|-damage|p2a: Octillery|251/290\n|\n|-heal|p1a: Poliwrath|240/305|[from] item: Leftovers\n|upkeep\n|turn|4\n|inactive|Battle timer is ON: inactive players will automatically lose when time's up. (requested by arboretums)\n|\n|t:|1768935392\n|switch|p1a: Girafarig|Girafarig, L93, M|281/281\n|move|p2a: Octillery|Energy Ball|p1a: Girafarig\n|-ability|p1a: Girafarig|Sap Sipper|boost\n|-boost|p1a: Girafarig|atk|1\n|\n|upkeep\n|turn|5\n|\n|t:|1768935400\n|switch|p2a: Persian|Persian, L91, M|266/266\n|move|p1a: Girafarig|Substitute|p1a: Girafarig\n|-start|p1a: Girafarig|Substitute\n|-damage|p1a: Girafarig|211/281\n|\n|-heal|p1a: Girafarig|228/281|[from] item: Leftovers\n|upkeep\n|turn|6\n|\n|t:|1768935405\n|move|p2a: Persian|Knock Off|p1a: Girafarig\n|-supereffective|p1a: Girafarig\n|-end|p1a: Girafarig|Substitute\n|move|p1a: Girafarig|Psyshock|p2a: Persian\n|-damage|p2a: Persian|146/266\n|\n|-heal|p1a: Girafarig|245/281|[from] item: Leftovers\n|upkeep\n|turn|7\n|\n|t:|1768935417\n|move|p2a: Persian|Knock Off|p1a: Girafarig\n|-supereffective|p1a: Girafarig\n|-damage|p1a: Girafarig|19/281\n|-enditem|p1a: Girafarig|Leftovers|[from] move: Knock Off|[of] p2a: Persian\n|move|p1a: Girafarig|Hyper Voice|p2a: Persian\n|-crit|p2a: Persian\n|-damage|p2a: Persian|0 fnt\n|faint|p2a: Persian\n|\n|upkeep\n|\n|t:|1768935423\n|switch|p2a: Gengar|Gengar, L78, F|222/222\n|turn|8\n|\n|t:|1768935432\n|switch|p1a: Eelektross|Eelektross, L85, M|283/283\n|move|p2a: Gengar|Sludge Wave|p1a: Eelektross\n|-damage|p1a: Eelektross|201/283\n|\n|upkeep\n|turn|9\n|\n|t:|1768935438\n|move|p2a: Gengar|Sludge Wave|p1a: Eelektross\n|-damage|p1a: Eelektross|122/283\n|move|p1a: Eelektross|Giga Drain|p2a: Gengar\n|-resisted|p2a: Gengar\n|-damage|p2a: Gengar|186/222\n|-heal|p1a: Eelektross|140/283|[from] drain|[of] p2a: Gengar\n|\n|-heal|p2a: Gengar|199/222|[from] item: Black Sludge\n|upkeep\n|turn|10\n|\n|t:|1768935441\n|move|p2a: Gengar|Sludge Wave|p1a: Eelektross\n|-damage|p1a: Eelektross|61/283\n|-status|p1a: Eelektross|psn\n|move|p1a: Eelektross|Discharge|p2a: Gengar\n|-damage|p2a: Gengar|84/222\n|-status|p2a: Gengar|par\n|\n|-heal|p2a: Gengar|97/222 par|[from] item: Black Sludge\n|-damage|p1a: Eelektross|26/283 psn|[from] psn\n|upkeep\n|turn|11\n|\n|t:|1768935451\n|switch|p1a: Poliwrath|Poliwrath, L89, F|240/305\n|move|p2a: Gengar|Sludge Wave|p1a: Poliwrath\n|-damage|p1a: Poliwrath|137/305\n|\n|-heal|p1a: Poliwrath|156/305|[from] item: Leftovers\n|-heal|p2a: Gengar|110/222 par|[from] item: Black Sludge\n|upkeep\n|turn|12\n|\n|t:|1768935454\n|move|p1a: Poliwrath|Scald|p2a: Gengar\n|-damage|p2a: Gengar|22/222 par\n|move|p2a: Gengar|Sludge Wave|p1a: Poliwrath\n|-damage|p1a: Poliwrath|45/305\n|-status|p1a: Poliwrath|psn\n|\n|-heal|p1a: Poliwrath|64/305 psn|[from] item: Leftovers\n|-heal|p2a: Gengar|35/222 par|[from] item: Black Sludge\n|-damage|p1a: Poliwrath|26/305 psn|[from] psn\n|upkeep\n|turn|13\n|\n|t:|1768935459\n|move|p1a: Poliwrath|Scald|p2a: Gengar\n|-damage|p2a: Gengar|0 fnt\n|faint|p2a: Gengar\n|\n|-heal|p1a: Poliwrath|45/305 psn|[from] item: Leftovers\n|-damage|p1a: Poliwrath|7/305 psn|[from] psn\n|upkeep\n|\n|t:|1768935461\n|switch|p2a: Blaziken|Blaziken, L72, M|233/233\n|turn|14\n|\n|t:|1768935467\n|detailschange|p2a: Blaziken|Blaziken-Mega, L72, M\n|-mega|p2a: Blaziken|Blaziken|Blazikenite\n|move|p2a: Blaziken|Protect|p2a: Blaziken\n|-singleturn|p2a: Blaziken|Protect\n|move|p1a: Poliwrath|Scald|p2a: Blaziken\n|-activate|p2a: Blaziken|move: Protect\n|\n|-heal|p1a: Poliwrath|26/305 psn|[from] item: Leftovers\n|-damage|p1a: Poliwrath|0 fnt|[from] psn\n|faint|p1a: Poliwrath\n|-ability|p2a: Blaziken|Speed Boost|boost\n|-boost|p2a: Blaziken|spe|1\n|upkeep\n|\n|t:|1768935476\n|switch|p1a: Dodrio|Dodrio, L86, M|243/243\n|turn|15\n|\n|t:|1768935481\n|switch|p2a: Excadrill|Excadrill, L80, F|307/307\n|-ability|p2a: Excadrill|Mold Breaker\n|move|p1a: Dodrio|Brave Bird|p2a: Excadrill\n|-resisted|p2a: Excadrill\n|-damage|p2a: Excadrill|151/307\n|-damage|p1a: Dodrio|192/243|[from] Recoil\n|\n|upkeep\n|turn|16\n|\n|t:|1768935491\n|switch|p1a: Volcarona|Volcarona, L77, M|257/257\n|move|p2a: Excadrill|Rock Slide|p1a: Volcarona\n|-supereffective|p1a: Volcarona\n|-damage|p1a: Volcarona|0 fnt\n|faint|p1a: Volcarona\n|\n|upkeep\n|\n|t:|1768935497\n|switch|p1a: Goodra|Goodra, L85, F|292/292\n|turn|17\n|\n|t:|1768935505\n|switch|p1a: Dodrio|Dodrio, L86, M|192/243\n|move|p2a: Excadrill|Earthquake|p1a: Dodrio\n|-immune|p1a: Dodrio\n|\n|upkeep\n|turn|18\n|\n|t:|1768935520\n|switch|p1a: Eelektross|Eelektross, L85, M|26/283 psn\n|move|p2a: Excadrill|Rock Slide|p1a: Eelektross\n|-damage|p1a: Eelektross|0 fnt\n|faint|p1a: Eelektross\n|\n|upkeep\n|\n|t:|1768935525\n|switch|p1a: Girafarig|Girafarig, L93, M|19/281\n|turn|19\n|\n|t:|1768935530\n|move|p1a: Girafarig|Hyper Voice|p2a: Excadrill\n|-resisted|p2a: Excadrill\n|-damage|p2a: Excadrill|106/307\n|move|p2a: Excadrill|Iron Head|p1a: Girafarig\n|-damage|p1a: Girafarig|0 fnt\n|faint|p1a: Girafarig\n|\n|upkeep\n|\n|t:|1768935534\n|switch|p1a: Dodrio|Dodrio, L86, M|192/243\n|turn|20\n|\n|t:|1768935538\n|move|p1a: Dodrio|Brave Bird|p2a: Excadrill\n|-resisted|p2a: Excadrill\n|-damage|p2a: Excadrill|0 fnt\n|faint|p2a: Excadrill\n|-damage|p1a: Dodrio|157/243|[from] Recoil\n|\n|upkeep\n|\n|t:|1768935542\n|switch|p2a: Octillery|Octillery, L93, F|251/290\n|turn|21\n|\n|t:|1768935553\n|switch|p1a: Goodra|Goodra, L85, F|292/292\n|move|p2a: Octillery|Ice Beam|p1a: Goodra\n|-supereffective|p1a: Goodra\n|-damage|p1a: Goodra|180/292\n|\n|upkeep\n|turn|22\n|\n|t:|1768935564\n|move|p1a: Goodra|Earthquake|p2a: Octillery\n|-damage|p2a: Octillery|169/290\n|move|p2a: Octillery|Ice Beam|p1a: Goodra\n|-supereffective|p1a: Goodra\n|-damage|p1a: Goodra|74/292\n|\n|upkeep\n|turn|23\n|\n|t:|1768935569\n|move|p1a: Goodra|Draco Meteor|p2a: Octillery\n|-damage|p2a: Octillery|16/290\n|-unboost|p1a: Goodra|spa|2\n|move|p2a: Octillery|Ice Beam|p1a: Goodra\n|-supereffective|p1a: Goodra\n|-damage|p1a: Goodra|0 fnt\n|faint|p1a: Goodra\n|\n|upkeep\n|\n|t:|1768935573\n|switch|p1a: Dodrio|Dodrio, L86, M|157/243\n|turn|24\n|\n|t:|1768935575\n|move|p1a: Dodrio|Brave Bird|p2a: Octillery\n|-damage|p2a: Octillery|0 fnt\n|faint|p2a: Octillery\n|-damage|p1a: Dodrio|152/243|[from] Recoil\n|\n|upkeep\n|\n|t:|1768935578\n|switch|p2a: Blaziken|Blaziken-Mega, L72, M|233/233\n|turn|25\n|\n|t:|1768935580\n|move|p2a: Blaziken|Protect|p2a: Blaziken\n|-singleturn|p2a: Blaziken|Protect\n|move|p1a: Dodrio|Brave Bird|p2a: Blaziken\n|-activate|p2a: Blaziken|move: Protect\n|\n|-ability|p2a: Blaziken|Speed Boost|boost\n|-boost|p2a: Blaziken|spe|1\n|upkeep\n|turn|26\n|\n|t:|1768935583\n|move|p2a: Blaziken|High Jump Kick|p1a: Dodrio\n|-damage|p1a: Dodrio|0 fnt\n|faint|p1a: Dodrio\n|\n|win|arboretums\n|raw|Olcorden's rating: 1554 &rarr; <strong>1538</strong><br />(-16 for losing)\n|raw|arboretums's rating: 1631 &rarr; <strong>1647</strong><br />(+16 for winning)\n", "inputlog": ">version 3bd1a1e329da8d286644078cfc9a9638fc7ea025\n>start {\"formatid\":\"gen6randombattle\",\"seed\":\"sodium,aed17a62b928b2cbfccfbffec6a1ae40\",\"rated\":\"Rated battle\"}\n>player p1 {\"name\":\"Olcorden\",\"avatar\":\"1\",\"rating\":1554,\"seed\":\"sodium,762b36348ec3a1327c6397a73fe0aba7\"}\n>player p2 {\"name\":\"arboretums\",\"avatar\":\"serena-masters2\",\"rating\":1631,\"seed\":\"sodium,07ececaa79682078acf673416a76fcca\"}\n>p1 move discharge\n>p2 switch 5\n>p1 switch 3\n>p2 move earthquake\n>p1 move scald\n>p2 switch 4\n>p1 switch 6\n>p2 move energyball\n>p1 move substitute\n>p2 switch 6\n>p1 move psyshock\n>p2 move knockoff\n>p1 move hypervoice\n>p2 move knockoff\n>p2 switch 5\n>p1 switch 3\n>p2 move sludgewave\n>p1 move gigadrain\n>p2 move sludgewave\n>p1 move discharge\n>p2 move sludgewave\n>p1 switch 6\n>p2 move sludgewave\n>p1 move scald\n>p2 move sludgewave\n>p1 move scald\n>p2 move sludgewave\n>p2 switch 3\n>p1 move scald\n>p2 move protect mega\n>p1 switch 5\n>p1 move bravebird\n>p2 switch 4\n>p1 switch 4\n>p2 move rockslide\n>p1 switch 2\n>p1 switch 4\n>p2 move earthquake\n>p1 switch 6\n>p2 move rockslide\n>p1 switch 3\n>p1 move hypervoice\n>p2 move ironhead\n>p1 switch 6\n>p1 move bravebird\n>p2 move rockslide\n>p2 switch 6\n>p1 switch 4\n>p2 move icebeam\n>p1 move earthquake\n>p2 move icebeam\n>p1 move dracometeor\n>p2 move icebeam\n>p1 switch 4\n>p1 move bravebird\n>p2 move icebeam\n>p2 switch 4\n>p1 move bravebird\n>p2 move protect\n>p1 move bravebird\n>p2 move highjumpkick", "uploadtime": 1768935584, "views": 296, "formatid": "gen6randombattle", "rating": 1538, "private": 0, "password": null}