{"id": "gen6randombattle-2525321116", "format": "[Gen 6] Random Battle", "players": ["Walmer", "I never run good"], "log": "|j|☆Walmer\n|j|☆I never run good\n|t:|1769267935\n|gametype|singles\n|player|p1|Walmer|pilot|1542\n|player|p2|I never run good|allister|1801\n|gen|6\n|tier|[Gen 6] Random Battle\n|rated|\n|rule|Sleep Clause Mod: Limit one foe put to sleep\n|rule|HP Percentage Mod: HP is shown in percentages\n|rule|Illusion Level Mod: Illusion disguises the Pokémon's true level\n|\n|t:|1769267935\n|teamsize|p1|6\n|teamsize|p2|6\n|start\n|switch|p1a: Deoxys|Deoxys-Attack, L72|191/191\n|switch|p2a: Rotom|Rotom-Wash, L80|211/211\n|-ability|p1a: Deoxys|Pressure\n|turn|1\n|inactive|Battle timer is ON: inactive players will automatically lose when time's up. (requested by I never run good)\n|\n|t:|1769267963\n|switch|p1a: Electivire|Electivire, L84, F|263/263\n|switch|p2a: Skuntank|Skuntank, L85, F|314/314\n|\n|upkeep\n|turn|2\n|\n|t:|1769267979\n|switch|p2a: Camerupt|Camerupt, L86, M|261/261\n|move|p1a: Electivire|Earthquake|p2a: Camerupt\n|-supereffective|p2a: Camerupt\n|-damage|p2a: Camerupt|30/261\n|\n|upkeep\n|turn|3\n|\n|t:|1769267995\n|switch|p1a: Clawitzer|Clawitzer, L85, M|259/259\n|switch|p2a: Rotom|Rotom-Wash, L80|211/211\n|\n|upkeep\n|turn|4\n|inactive|Walmer has 120 seconds left.\n|\n|t:|1769268047\n|move|p2a: Rotom|Thunderbolt|p1a: Clawitzer\n|-supereffective|p1a: Clawitzer\n|-damage|p1a: Clawitzer|133/259\n|move|p1a: Clawitzer|Scald|p2a: Rotom\n|-resisted|p2a: Rotom\n|-crit|p2a: Rotom\n|-damage|p2a: Rotom|145/211\n|-status|p2a: Rotom|brn\n|\n|-heal|p2a: Rotom|158/211 brn|[from] item: Leftovers\n|-damage|p2a: Rotom|132/211 brn|[from] brn\n|upkeep\n|turn|5\n|\n|t:|1769268072\n|move|p2a: Rotom|Thunderbolt|p1a: Clawitzer\n|-supereffective|p1a: Clawitzer\n|-damage|p1a: Clawitzer|5/259\n|move|p1a: Clawitzer|Scald|p2a: Rotom\n|-resisted|p2a: Rotom\n|-damage|p2a: Rotom|88/211 brn\n|\n|-heal|p2a: Rotom|101/211 brn|[from] item: Leftovers\n|-damage|p2a: Rotom|75/211 brn|[from] brn\n|upkeep\n|turn|6\n|\n|t:|1769268080\n|switch|p1a: Electivire|Electivire, L84, F|263/263\n|move|p2a: Rotom|Hydro Pump|p1a: Electivire|[miss]\n|-miss|p2a: Rotom|p1a: Electivire\n|\n|-heal|p2a: Rotom|88/211 brn|[from] item: Leftovers\n|-damage|p2a: Rotom|62/211 brn|[from] brn\n|upkeep\n|turn|7\n|\n|t:|1769268086\n|switch|p2a: Camerupt|Camerupt, L86, M|30/261\n|move|p1a: Electivire|Cross Chop|p2a: Camerupt|[miss]\n|-miss|p1a: Electivire|p2a: Camerupt\n|\n|upkeep\n|turn|8\n|\n|t:|1769268102\n|detailschange|p2a: Camerupt|Camerupt-Mega, L86, M\n|-mega|p2a: Camerupt|Camerupt|Cameruptite\n|move|p1a: Electivire|Cross Chop|p2a: Camerupt\n|-damage|p2a: Camerupt|0 fnt\n|faint|p2a: Camerupt\n|detailschange|p2: Camerupt|Camerupt, L86, M|[silent]\n|\n|upkeep\n|\n|t:|1769268107\n|switch|p2a: Bellossom|Bellossom, L96, M|299/299\n|turn|9\n|j| Blatjanglover\n|inactive|Walmer has 120 seconds left.\n|\n|t:|1769268144\n|switch|p1a: Clawitzer|Clawitzer, L85, M|5/259\n|move|p2a: Bellossom|Swords Dance|p2a: Bellossom\n|-boost|p2a: Bellossom|atk|2\n|\n|upkeep\n|turn|10\n|\n|t:|1769268164\n|move|p2a: Bellossom|Leaf Blade|p1a: Clawitzer\n|-supereffective|p1a: Clawitzer\n|-damage|p1a: Clawitzer|0 fnt\n|faint|p1a: Clawitzer\n|\n|upkeep\n|inactive|Walmer has 90 seconds left.\n|\n|t:|1769268185\n|switch|p1a: Arceus|Arceus-Bug, L71|287/287\n|turn|11\n|\n|t:|1769268203\n|switch|p2a: Noctowl|Noctowl, L95, M|344/344\n|move|p1a: Arceus|Judgment|p2a: Noctowl\n|-resisted|p2a: Noctowl\n|-damage|p2a: Noctowl|297/344\n|\n|-heal|p2a: Noctowl|318/344|[from] item: Leftovers\n|upkeep\n|turn|12\n|inactive|Walmer has 90 seconds left.\n|\n|t:|1769268241\n|switch|p1a: Lapras|Lapras, L87, M|368/368\n|move|p2a: Noctowl|Air Slash|p1a: Lapras\n|-damage|p1a: Lapras|295/368\n|\n|-heal|p2a: Noctowl|339/344|[from] item: Leftovers\n|-heal|p1a: Lapras|318/368|[from] item: Leftovers\n|upkeep\n|turn|13\n|inactive|I never run good has 120 seconds left.\n|\n|t:|1769268276\n|switch|p2a: Pangoro|Pangoro, L84, M|297/297\n|move|p1a: Lapras|Ice Beam|p2a: Pangoro\n|-damage|p2a: Pangoro|186/297\n|\n|-heal|p1a: Lapras|341/368|[from] item: Leftovers\n|upkeep\n|turn|14\n|inactive|Walmer has 60 seconds left.\n|\n|t:|1769268309\n|switch|p1a: Arceus|Arceus-Bug, L71|287/287\n|move|p2a: Pangoro|Drain Punch|p1a: Arceus\n|-resisted|p1a: Arceus\n|-damage|p1a: Arceus|206/287\n|-heal|p2a: Pangoro|227/297|[from] drain|[of] p1a: Arceus\n|\n|upkeep\n|turn|15\n|\n|t:|1769268318\n|switch|p2a: Noctowl|Noctowl, L95, M|339/344\n|move|p1a: Arceus|Fire Blast|p2a: Noctowl\n|-damage|p2a: Noctowl|279/344\n|\n|-heal|p2a: Noctowl|300/344|[from] item: Leftovers\n|upkeep\n|turn|16\n|\n|t:|1769268323\n|switch|p1a: Lapras|Lapras, L87, M|341/368\n|move|p2a: Noctowl|Air Slash|p1a: Lapras\n|-damage|p1a: Lapras|268/368\n|\n|-heal|p2a: Noctowl|321/344|[from] item: Leftovers\n|-heal|p1a: Lapras|291/368|[from] item: Leftovers\n|upkeep\n|turn|17\n|inactive|Walmer has 60 seconds left.\n|\n|t:|1769268372\n|switch|p2a: Skuntank|Skuntank, L85, F|314/314\n|move|p1a: Lapras|Ice Beam|p2a: Skuntank\n|-damage|p2a: Skuntank|232/314\n|\n|-heal|p1a: Lapras|314/368|[from] item: Leftovers\n|upkeep\n|turn|18\n|\n|t:|1769268380\n|switch|p1a: Avalugg|Avalugg, L90, M|317/317\n|move|p2a: Skuntank|Poison Jab|p1a: Avalugg\n|-damage|p1a: Avalugg|269/317\n|\n|-heal|p1a: Avalugg|288/317|[from] item: Leftovers\n|upkeep\n|turn|19\n|\n|t:|1769268390\n|switch|p2a: Pangoro|Pangoro, L84, M|227/297\n|move|p1a: Avalugg|Avalanche|p2a: Pangoro\n|-damage|p2a: Pangoro|130/297\n|\n|-heal|p1a: Avalugg|307/317|[from] item: Leftovers\n|upkeep\n|turn|20\n|inactive|Walmer has 60 seconds left.\n|\n|t:|1769268399\n|switch|p1a: Arceus|Arceus-Bug, L71|206/287\n|move|p2a: Pangoro|Drain Punch|p1a: Arceus\n|-resisted|p1a: Arceus\n|-crit|p1a: Arceus\n|-damage|p1a: Arceus|81/287\n|-heal|p2a: Pangoro|193/297|[from] drain|[of] p1a: Arceus\n|\n|upkeep\n|turn|21\n|\n|t:|1769268404\n|move|p1a: Arceus|Recover|p1a: Arceus\n|-heal|p1a: Arceus|225/287\n|move|p2a: Pangoro|Drain Punch|p1a: Arceus\n|-resisted|p1a: Arceus\n|-damage|p1a: Arceus|142/287\n|-heal|p2a: Pangoro|235/297|[from] drain|[of] p1a: Arceus\n|\n|upkeep\n|turn|22\n|\n|t:|1769268410\n|switch|p2a: Noctowl|Noctowl, L95, M|321/344\n|move|p1a: Arceus|Judgment|p2a: Noctowl\n|-resisted|p2a: Noctowl\n|-damage|p2a: Noctowl|278/344\n|\n|-heal|p2a: Noctowl|299/344|[from] item: Leftovers\n|upkeep\n|turn|23\n|\n|t:|1769268418\n|switch|p1a: Lapras|Lapras, L87, M|314/368\n|switch|p2a: Rotom|Rotom-Wash, L80|62/211 brn\n|\n|-heal|p2a: Rotom|75/211 brn|[from] item: Leftovers\n|-heal|p1a: Lapras|337/368|[from] item: Leftovers\n|-damage|p2a: Rotom|49/211 brn|[from] brn\n|upkeep\n|turn|24\n|inactive|Walmer has 90 seconds left.\n|inactive|Walmer has 60 seconds left.\n|\n|t:|1769268467\n|move|p2a: Rotom|Pain Split|p1a: Lapras\n|-sethp|p1a: Lapras|193/368|[from] move: Pain Split|[silent]\n|-sethp|p2a: Rotom|193/211 brn|[from] move: Pain Split\n|move|p1a: Lapras|Freeze-Dry|p2a: Rotom\n|-supereffective|p2a: Rotom\n|-damage|p2a: Rotom|77/211 brn\n|\n|-heal|p2a: Rotom|90/211 brn|[from] item: Leftovers\n|-heal|p1a: Lapras|216/368|[from] item: Leftovers\n|-damage|p2a: Rotom|64/211 brn|[from] brn\n|upkeep\n|turn|25\n|l| Blatjanglover\n|\n|t:|1769268488\n|switch|p2a: Pangoro|Pangoro, L84, M|235/297\n|switch|p1a: Electivire|Electivire, L84, F|263/263\n|\n|upkeep\n|turn|26\n|inactive|I never run good has 120 seconds left.\n|\n|t:|1769268511\n|switch|p2a: Bellossom|Bellossom, L96, M|299/299\n|move|p1a: Electivire|Cross Chop|p2a: Bellossom\n|-damage|p2a: Bellossom|201/299\n|\n|-heal|p2a: Bellossom|219/299|[from] item: Leftovers\n|upkeep\n|turn|27\n|inactive|Walmer has 60 seconds left.\n|inactive|I never run good has 120 seconds left.\n|inactive|Walmer has 30 seconds left.\n|\n|t:|1769268565\n|switch|p1a: Avalugg|Avalugg, L90, M|307/317\n|move|p2a: Bellossom|Return|p1a: Avalugg\n|-damage|p1a: Avalugg|262/317\n|\n|-heal|p2a: Bellossom|237/299|[from] item: Leftovers\n|-heal|p1a: Avalugg|281/317|[from] item: Leftovers\n|upkeep\n|turn|28\n|inactive|I never run good has 120 seconds left.\n|\n|t:|1769268576\n|switch|p2a: Rotom|Rotom-Wash, L80|64/211 brn\n|move|p1a: Avalugg|Avalanche|p2a: Rotom\n|-resisted|p2a: Rotom\n|-damage|p2a: Rotom|24/211 brn\n|\n|-heal|p2a: Rotom|37/211 brn|[from] item: Leftovers\n|-heal|p1a: Avalugg|300/317|[from] item: Leftovers\n|-damage|p2a: Rotom|11/211 brn|[from] brn\n|upkeep\n|turn|29\n|j| Blatjanglover\n|inactive|Walmer has 30 seconds left.\n|\n|t:|1769268597\n|switch|p1a: Electivire|Electivire, L84, F|263/263\n|move|p2a: Rotom|Pain Split|p1a: Electivire\n|-sethp|p1a: Electivire|137/263|[from] move: Pain Split|[silent]\n|-sethp|p2a: Rotom|137/211 brn|[from] move: Pain Split\n|\n|-heal|p2a: Rotom|150/211 brn|[from] item: Leftovers\n|-damage|p2a: Rotom|124/211 brn|[from] brn\n|upkeep\n|turn|30\n|l| Blatjanglover\n|inactive|I never run good has 120 seconds left.\n|\n|t:|1769268625\n|switch|p2a: Bellossom|Bellossom, L96, M|237/299\n|move|p1a: Electivire|Wild Charge|p2a: Bellossom\n|-resisted|p2a: Bellossom\n|-damage|p2a: Bellossom|171/299\n|-damage|p1a: Electivire|120/263|[from] Recoil\n|\n|-heal|p2a: Bellossom|189/299|[from] item: Leftovers\n|upkeep\n|turn|31\n|\n|t:|1769268637\n|switch|p1a: Avalugg|Avalugg, L90, M|300/317\n|switch|p2a: Pangoro|Pangoro, L84, M|235/297\n|\n|-heal|p1a: Avalugg|317/317|[from] item: Leftovers\n|upkeep\n|turn|32\n|\n|t:|1769268648\n|switch|p1a: Arceus|Arceus-Bug, L71|142/287\n|move|p2a: Pangoro|Drain Punch|p1a: Arceus\n|-resisted|p1a: Arceus\n|-damage|p1a: Arceus|67/287\n|-heal|p2a: Pangoro|273/297|[from] drain|[of] p1a: Arceus\n|\n|upkeep\n|turn|33\n|\n|t:|1769268660\n|switch|p2a: Skuntank|Skuntank, L85, F|232/314\n|move|p1a: Arceus|Recover|p1a: Arceus\n|-heal|p1a: Arceus|211/287\n|\n|upkeep\n|turn|34\n|inactive|Walmer has 60 seconds left.\n|\n|t:|1769268665\n|move|p1a: Arceus|Calm Mind|p1a: Arceus\n|-boost|p1a: Arceus|spa|1\n|-boost|p1a: Arceus|spd|1\n|move|p2a: Skuntank|Poison Jab|p1a: Arceus\n|-crit|p1a: Arceus\n|-damage|p1a: Arceus|82/287\n|\n|upkeep\n|turn|35\n|\n|t:|1769268669\n|move|p1a: Arceus|Recover|p1a: Arceus\n|-heal|p1a: Arceus|226/287\n|move|p2a: Skuntank|Poison Jab|p1a: Arceus\n|-damage|p1a: Arceus|150/287\n|-status|p1a: Arceus|psn\n|\n|-damage|p1a: Arceus|115/287 psn|[from] psn\n|upkeep\n|turn|36\n|\n|t:|1769268675\n|switch|p2a: Noctowl|Noctowl, L95, M|299/344\n|move|p1a: Arceus|Judgment|p2a: Noctowl\n|-resisted|p2a: Noctowl\n|-damage|p2a: Noctowl|225/344\n|\n|-heal|p2a: Noctowl|246/344|[from] item: Leftovers\n|-damage|p1a: Arceus|80/287 psn|[from] psn\n|upkeep\n|turn|37\n|\n|t:|1769268678\n|switch|p1a: Lapras|Lapras, L87, M|216/368\n|move|p2a: Noctowl|Air Slash|p1a: Lapras\n|-damage|p1a: Lapras|134/368\n|\n|-heal|p2a: Noctowl|267/344|[from] item: Leftovers\n|-heal|p1a: Lapras|157/368|[from] item: Leftovers\n|upkeep\n|turn|38\n|\n|t:|1769268686\n|move|p2a: Noctowl|Air Slash|p1a: Lapras\n|-damage|p1a: Lapras|78/368\n|move|p1a: Lapras|Freeze-Dry|p2a: Noctowl\n|-supereffective|p2a: Noctowl\n|-damage|p2a: Noctowl|153/344\n|\n|-heal|p2a: Noctowl|174/344|[from] item: Leftovers\n|-heal|p1a: Lapras|101/368|[from] item: Leftovers\n|upkeep\n|turn|39\n|\n|t:|1769268694\n|move|p2a: Noctowl|Roost|p2a: Noctowl\n|-heal|p2a: Noctowl|344/344\n|-singleturn|p2a: Noctowl|move: Roost\n|move|p1a: Lapras|Ice Beam|p2a: Noctowl\n|-damage|p2a: Noctowl|266/344\n|\n|-heal|p2a: Noctowl|287/344|[from] item: Leftovers\n|-heal|p1a: Lapras|124/368|[from] item: Leftovers\n|upkeep\n|turn|40\n|\n|t:|1769268704\n|move|p2a: Noctowl|Air Slash|p1a: Lapras\n|-damage|p1a: Lapras|39/368\n|move|p1a: Lapras|Freeze-Dry|p2a: Noctowl\n|-supereffective|p2a: Noctowl\n|-damage|p2a: Noctowl|173/344\n|\n|-heal|p2a: Noctowl|194/344|[from] item: Leftovers\n|-heal|p1a: Lapras|62/368|[from] item: Leftovers\n|upkeep\n|turn|41\n|-message|Walmer forfeited.\n|\n|win|I never run good\n|raw|Walmer's rating: 1542 &rarr; <strong>1535</strong><br />(-7 for losing)\n|raw|I never run good's rating: 1801 &rarr; <strong>1808</strong><br />(+7 for winning)\n|l|☆Walmer\n|player|p1|\n|l|☆I never run good\n|player|p2|\n", "inputlog": ">version b99ff0165a6231f17e8b78c2a78d1998375de664\n>start {\"formatid\":\"gen6randombattle\",\"seed\":\"sodium,57b5879783020620dd18968341d5d7d4\",\"rated\":\"Rated battle\"}\n>player p1 {\"name\":\"Walmer\",\"avatar\":\"pilot\",\"rating\":1542,\"seed\":\"sodium,f83b2717ff2d98dca8dcadb4c55f8d85\"}\n>player p2 {\"name\":\"I never run good\",\"avatar\":\"allister\",\"rating\":1801,\"seed\":\"sodium,76f581222a57bcdb640538f245303887\"}\n>p1 switch 2\n>p2 switch 6\n>p1 move earthquake\n>p2 switch 3\n>p1 switch 4\n>p2 switch 6\n>p1 move scald\n>p2 move thunderbolt\n>p1 move scald\n>p2 move thunderbolt\n>p1 switch 4\n>p2 move hydropump\n>p1 move crosschop\n>p2 switch 6\n>p1 move crosschop\n>p2 move earthpower mega\n>p2 switch 2\n>p1 switch 4\n>p2 move swordsdance\n>p1 move icebeam\n>p2 move leafblade\n>p1 switch 3\n>p1 move judgment\n>p2 switch 4\n>p1 switch 6\n>p2 move airslash\n>p1 move icebeam\n>p2 switch 5\n>p1 switch 6\n>p2 move drainpunch\n>p1 move fireblast\n>p2 switch 5\n>p1 switch 6\n>p2 move airslash\n>p1 move icebeam\n>p2 switch 3\n>p1 switch 5\n>p2 move poisonjab\n>p1 move avalanche\n>p2 switch 5\n>p1 switch 6\n>p2 move drainpunch\n>p1 move recover\n>p2 move drainpunch\n>p1 move judgment\n>p2 switch 3\n>p1 switch 5\n>p2 switch 6\n>p1 move freezedry\n>p2 move painsplit\n>p1 switch 4\n>p2 switch 3\n>p1 move crosschop\n>p2 switch 4\n>p1 switch 6\n>p2 move return\n>p1 move avalanche\n>p2 switch 3\n>p1 switch 6\n>p2 move painsplit\n>p1 move wildcharge\n>p2 switch 3\n>p1 switch 6\n>p2 switch 4\n>p1 switch 5\n>p2 move drainpunch\n>p1 move recover\n>p2 switch 5\n>p1 move calmmind\n>p2 move poisonjab\n>p1 move recover\n>p2 move poisonjab\n>p1 move judgment\n>p2 switch 6\n>p1 switch 4\n>p2 move airslash\n>p1 move freezedry\n>p2 move airslash\n>p1 move icebeam\n>p2 move roost\n>p1 move freezedry\n>p2 move airslash\n>forcelose p1", "uploadtime": 1769268717, "views": 257, "formatid": "gen6randombattle", "rating": 1535, "private": 0, "password": null}