{"id": "gen6randombattle-2537268384", "format": "[Gen 6] Random Battle", "players": ["Light Avocado", "Plop"], "log": "|j|☆Light Avocado\n|j|☆Plop\n|t:|1770787799\n|gametype|singles\n|player|p1|Light Avocado|101|1613\n|player|p2|Plop|#rbtt9travelers|1849\n|gen|6\n|tier|[Gen 6] Random Battle\n|rated|\n|rule|Sleep Clause Mod: Limit one foe put to sleep\n|rule|HP Percentage Mod: HP is shown in percentages\n|rule|Illusion Level Mod: Illusion disguises the Pokémon's true level\n|\n|t:|1770787799\n|teamsize|p1|6\n|teamsize|p2|6\n|start\n|switch|p1a: Mandibuzz|Mandibuzz, L84, F|322/322\n|switch|p2a: Banette|Banette, L87, M|253/253\n|-item|p1a: Mandibuzz|Rocky Helmet|[from] ability: Frisk|[of] p2a: Banette\n|turn|1\n|inactive|Battle timer is ON: inactive players will automatically lose when time's up. (requested by Plop)\n|\n|t:|1770787845\n|switch|p2a: Dustox|Dustox, L96, F|271/271\n|move|p1a: Mandibuzz|Foul Play|p2a: Dustox\n|-damage|p2a: Dustox|219/271\n|\n|-heal|p2a: Dustox|235/271|[from] item: Black Sludge\n|upkeep\n|turn|2\n|\n|t:|1770787872\n|switch|p2a: Glaceon|Glaceon, L91, F|266/266\n|move|p1a: Mandibuzz|U-turn|p2a: Glaceon\n|-damage|p2a: Glaceon|235/266\n|\n|t:|1770787883\n|switch|p1a: Magmortar|Magmortar, L86, F|269/269|[from] U-turn\n|\n|-heal|p2a: Glaceon|251/266|[from] item: Leftovers\n|upkeep\n|turn|3\n|\n|t:|1770787897\n|move|p2a: Glaceon|Protect|p2a: Glaceon\n|-singleturn|p2a: Glaceon|Protect\n|move|p1a: Magmortar|Taunt|p2a: Glaceon\n|-activate|p2a: Glaceon|move: Protect\n|\n|-heal|p2a: Glaceon|266/266|[from] item: Leftovers\n|upkeep\n|turn|4\n|\n|t:|1770787909\n|move|p1a: Magmortar|Fire Blast|p2a: Glaceon\n|-supereffective|p2a: Glaceon\n|-damage|p2a: Glaceon|0 fnt\n|faint|p2a: Glaceon\n|\n|upkeep\n|inactive|Plop has 120 seconds left.\n|\n|t:|1770787943\n|switch|p2a: Banette|Banette, L87, M|253/253\n|-item|p1a: Magmortar|Leftovers|[from] ability: Frisk|[of] p2a: Banette\n|turn|5\n|\n|t:|1770787961\n|switch|p1a: Mandibuzz|Mandibuzz, L84, F|322/322\n|detailschange|p2a: Banette|Banette-Mega, L87, M\n|-mega|p2a: Banette|Banette|Banettite\n|move|p2a: Banette|Will-O-Wisp|p1a: Mandibuzz\n|-status|p1a: Mandibuzz|brn\n|\n|-damage|p1a: Mandibuzz|282/322 brn|[from] brn\n|upkeep\n|turn|6\n|inactive|Plop has 90 seconds left.\n|\n|t:|1770788001\n|switch|p2a: Dustox|Dustox, L96, F|235/271\n|move|p1a: Mandibuzz|Foul Play|p2a: Dustox\n|-damage|p2a: Dustox|211/271\n|\n|-heal|p2a: Dustox|227/271|[from] item: Black Sludge\n|-damage|p1a: Mandibuzz|242/322 brn|[from] brn\n|upkeep\n|turn|7\n|inactive|Plop has 90 seconds left.\n|\n|t:|1770788006\n|move|p1a: Mandibuzz|U-turn|p2a: Dustox\n|-resisted|p2a: Dustox\n|-damage|p2a: Dustox|218/271\n|\n|t:|1770788009\n|switch|p1a: Magmortar|Magmortar, L86, F|269/269|[from] U-turn\n|move|p2a: Dustox|Quiver Dance|p2a: Dustox\n|-boost|p2a: Dustox|spa|1\n|-boost|p2a: Dustox|spd|1\n|-boost|p2a: Dustox|spe|1\n|\n|-heal|p2a: Dustox|234/271|[from] item: Black Sludge\n|upkeep\n|turn|8\n|\n|t:|1770788023\n|move|p2a: Dustox|Quiver Dance|p2a: Dustox\n|-boost|p2a: Dustox|spa|1\n|-boost|p2a: Dustox|spd|1\n|-boost|p2a: Dustox|spe|1\n|move|p1a: Magmortar|Fire Blast|p2a: Dustox|[miss]\n|-miss|p1a: Magmortar|p2a: Dustox\n|\n|-heal|p2a: Dustox|250/271|[from] item: Black Sludge\n|upkeep\n|turn|9\n|\n|t:|1770788036\n|move|p2a: Dustox|Sludge Bomb|p1a: Magmortar\n|-damage|p1a: Magmortar|128/269\n|-status|p1a: Magmortar|psn\n|move|p1a: Magmortar|Fire Blast|p2a: Dustox\n|-supereffective|p2a: Dustox\n|-damage|p2a: Dustox|118/271\n|\n|-heal|p2a: Dustox|134/271|[from] item: Black Sludge\n|-heal|p1a: Magmortar|144/269 psn|[from] item: Leftovers\n|-damage|p1a: Magmortar|111/269 psn|[from] psn\n|upkeep\n|turn|10\n|\n|t:|1770788043\n|move|p2a: Dustox|Sludge Bomb|p1a: Magmortar\n|-damage|p1a: Magmortar|0 fnt\n|faint|p1a: Magmortar\n|\n|-heal|p2a: Dustox|150/271|[from] item: Black Sludge\n|upkeep\n|\n|t:|1770788045\n|switch|p1a: Tyranitar|Tyranitar, L75, F|274/274\n|-weather|Sandstorm|[from] ability: Sand Stream|[of] p1a: Tyranitar\n|turn|11\n|\n|t:|1770788063\n|switch|p2a: Pangoro|Pangoro, L84, M|297/297\n|move|p1a: Tyranitar|Stone Edge|p2a: Pangoro\n|-resisted|p2a: Pangoro\n|-damage|p2a: Pangoro|240/297\n|\n|-weather|Sandstorm|[upkeep]\n|-damage|p2a: Pangoro|222/297|[from] Sandstorm\n|upkeep\n|turn|12\n|\n|t:|1770788072\n|switch|p1a: Mandibuzz|Mandibuzz, L84, F|242/322 brn\n|move|p2a: Pangoro|Drain Punch|p1a: Mandibuzz\n|-damage|p1a: Mandibuzz|121/322 brn\n|-heal|p2a: Pangoro|283/297|[from] drain|[of] p1a: Mandibuzz\n|-damage|p2a: Pangoro|234/297|[from] item: Rocky Helmet|[of] p1a: Mandibuzz\n|-damage|p2a: Pangoro|205/297|[from] item: Life Orb\n|\n|-weather|Sandstorm|[upkeep]\n|-damage|p2a: Pangoro|187/297|[from] Sandstorm\n|-damage|p1a: Mandibuzz|81/322 brn|[from] brn\n|upkeep\n|turn|13\n|\n|t:|1770788086\n|move|p1a: Mandibuzz|U-turn|p2a: Pangoro\n|-damage|p2a: Pangoro|167/297\n|\n|t:|1770788088\n|switch|p1a: Bellossom|Bellossom, L96, M|299/299|[from] U-turn\n|move|p2a: Pangoro|Drain Punch|p1a: Bellossom\n|-damage|p1a: Bellossom|182/299\n|-heal|p2a: Pangoro|226/297|[from] drain|[of] p1a: Bellossom\n|-damage|p2a: Pangoro|197/297|[from] item: Life Orb\n|\n|-weather|Sandstorm|[upkeep]\n|-damage|p1a: Bellossom|164/299|[from] Sandstorm\n|-damage|p2a: Pangoro|179/297|[from] Sandstorm\n|-heal|p1a: Bellossom|182/299|[from] item: Leftovers\n|upkeep\n|turn|14\n|\n|t:|1770788099\n|switch|p2a: Dustox|Dustox, L96, F|150/271\n|move|p1a: Bellossom|Giga Drain|p2a: Dustox\n|-resisted|p2a: Dustox\n|-damage|p2a: Dustox|128/271\n|-heal|p1a: Bellossom|193/299|[from] drain|[of] p2a: Dustox\n|\n|-weather|Sandstorm|[upkeep]\n|-damage|p2a: Dustox|112/271|[from] Sandstorm\n|-damage|p1a: Bellossom|175/299|[from] Sandstorm\n|-heal|p2a: Dustox|128/271|[from] item: Black Sludge\n|-heal|p1a: Bellossom|193/299|[from] item: Leftovers\n|upkeep\n|turn|15\n|inactive|Plop has 120 seconds left.\n|\n|t:|1770788107\n|move|p2a: Dustox|Roost|p2a: Dustox\n|-heal|p2a: Dustox|264/271\n|-singleturn|p2a: Dustox|move: Roost\n|move|p1a: Bellossom|Leech Seed|p2a: Dustox\n|-start|p2a: Dustox|move: Leech Seed\n|\n|-weather|none\n|-heal|p2a: Dustox|271/271|[from] item: Black Sludge\n|-heal|p1a: Bellossom|211/299|[from] item: Leftovers\n|-damage|p2a: Dustox|238/271|[from] Leech Seed|[of] p1a: Bellossom\n|-heal|p1a: Bellossom|244/299|[silent]\n|upkeep\n|turn|16\n|inactive|Plop has 120 seconds left.\n|\n|t:|1770788130\n|switch|p2a: Carnivine|Carnivine, M|310/310\n|switch|p1a: Tyranitar|Tyranitar, L75, F|274/274\n|-weather|Sandstorm|[from] ability: Sand Stream|[of] p1a: Tyranitar\n|\n|-weather|Sandstorm|[upkeep]\n|-damage|p2a: Carnivine|291/310|[from] Sandstorm\n|-heal|p2a: Carnivine|310/310|[from] item: Leftovers\n|upkeep\n|turn|17\n|\n|t:|1770788139\n|switch|p1a: Bellossom|Bellossom, L96, M|244/299\n|move|p2a: Carnivine|Power Whip|p1a: Bellossom|[miss]\n|-miss|p2a: Carnivine|p1a: Bellossom\n|\n|-weather|Sandstorm|[upkeep]\n|-damage|p1a: Bellossom|226/299|[from] Sandstorm\n|-damage|p2a: Carnivine|291/310|[from] Sandstorm\n|-heal|p1a: Bellossom|244/299|[from] item: Leftovers\n|-heal|p2a: Carnivine|310/310|[from] item: Leftovers\n|upkeep\n|turn|18\n|inactive|Plop has 120 seconds left.\n|\n|t:|1770788154\n|switch|p2a: Dustox|Dustox, L96, F|238/271\n|move|p1a: Bellossom|Leech Seed|p2a: Dustox\n|-start|p2a: Dustox|move: Leech Seed\n|\n|-weather|Sandstorm|[upkeep]\n|-damage|p2a: Dustox|222/271|[from] Sandstorm\n|-damage|p1a: Bellossom|226/299|[from] Sandstorm\n|-heal|p2a: Dustox|238/271|[from] item: Black Sludge\n|-heal|p1a: Bellossom|244/299|[from] item: Leftovers\n|-damage|p2a: Dustox|205/271|[from] Leech Seed|[of] p1a: Bellossom\n|-heal|p1a: Bellossom|277/299|[silent]\n|upkeep\n|turn|19\n|inactive|Plop has 120 seconds left.\n|\n|t:|1770788159\n|switch|p2a: Carnivine|Carnivine, M|310/310\n|switch|p1a: Tyranitar|Tyranitar, L75, F|274/274\n|\n|-weather|Sandstorm|[upkeep]\n|-damage|p2a: Carnivine|291/310|[from] Sandstorm\n|-heal|p2a: Carnivine|310/310|[from] item: Leftovers\n|upkeep\n|turn|20\n|\n|t:|1770788163\n|switch|p1a: Bellossom|Bellossom, L96, M|277/299\n|move|p2a: Carnivine|Knock Off|p1a: Bellossom\n|-damage|p1a: Bellossom|197/299\n|-enditem|p1a: Bellossom|Leftovers|[from] move: Knock Off|[of] p2a: Carnivine\n|\n|-weather|none\n|upkeep\n|turn|21\n|\n|t:|1770788169\n|switch|p2a: Dustox|Dustox, L96, F|205/271\n|move|p1a: Bellossom|Toxic|p2a: Dustox\n|-immune|p2a: Dustox\n|\n|-heal|p2a: Dustox|221/271|[from] item: Black Sludge\n|upkeep\n|turn|22\n|\n|t:|1770788175\n|switch|p1a: Tyranitar|Tyranitar, L75, F|274/274\n|-weather|Sandstorm|[from] ability: Sand Stream|[of] p1a: Tyranitar\n|move|p2a: Dustox|Sludge Bomb|p1a: Tyranitar\n|-resisted|p1a: Tyranitar\n|-damage|p1a: Tyranitar|248/274\n|\n|-weather|Sandstorm|[upkeep]\n|-damage|p2a: Dustox|205/271|[from] Sandstorm\n|-heal|p2a: Dustox|221/271|[from] item: Black Sludge\n|upkeep\n|turn|23\n|\n|t:|1770788185\n|switch|p2a: Pangoro|Pangoro, L84, M|179/297\n|move|p1a: Tyranitar|Stone Edge|p2a: Pangoro\n|-resisted|p2a: Pangoro\n|-damage|p2a: Pangoro|117/297\n|\n|-weather|Sandstorm|[upkeep]\n|-damage|p2a: Pangoro|99/297|[from] Sandstorm\n|upkeep\n|turn|24\n|\n|t:|1770788193\n|switch|p1a: Mandibuzz|Mandibuzz, L84, F|81/322 brn\n|move|p2a: Pangoro|Drain Punch|p1a: Mandibuzz\n|-damage|p1a: Mandibuzz|0 fnt\n|-heal|p2a: Pangoro|140/297|[from] drain|[of] p1a: Mandibuzz\n|-damage|p2a: Pangoro|91/297|[from] item: Rocky Helmet|[of] p1a: Mandibuzz\n|faint|p1a: Mandibuzz\n|-damage|p2a: Pangoro|62/297|[from] item: Life Orb\n|\n|-weather|Sandstorm|[upkeep]\n|-damage|p2a: Pangoro|44/297|[from] Sandstorm\n|upkeep\n|\n|t:|1770788203\n|switch|p1a: Bellossom|Bellossom, L96, M|197/299\n|turn|25\n|\n|t:|1770788217\n|switch|p2a: Braviary|Braviary, L82, M|298/298\n|move|p1a: Bellossom|Giga Drain|p2a: Braviary\n|-resisted|p2a: Braviary\n|-damage|p2a: Braviary|247/298\n|-heal|p1a: Bellossom|223/299|[from] drain|[of] p2a: Braviary\n|\n|-weather|Sandstorm|[upkeep]\n|-damage|p2a: Braviary|229/298|[from] Sandstorm\n|-damage|p1a: Bellossom|205/299|[from] Sandstorm\n|-heal|p2a: Braviary|247/298|[from] item: Leftovers\n|upkeep\n|turn|26\n|\n|t:|1770788228\n|move|p2a: Braviary|Brave Bird|p1a: Bellossom\n|-supereffective|p1a: Bellossom\n|-damage|p1a: Bellossom|0 fnt\n|faint|p1a: Bellossom\n|-damage|p2a: Braviary|179/298|[from] Recoil\n|\n|-weather|none\n|-heal|p2a: Braviary|197/298|[from] item: Leftovers\n|upkeep\n|\n|t:|1770788243\n|switch|p1a: Pikachu|Pikachu, L91, F|212/212\n|turn|27\n|\n|t:|1770788257\n|switch|p2a: Carnivine|Carnivine, M|310/310\n|move|p1a: Pikachu|Volt Switch|p2a: Carnivine\n|-resisted|p2a: Carnivine\n|-damage|p2a: Carnivine|256/310\n|\n|t:|1770788264\n|switch|p1a: Leafeon|Leafeon, L87, F|255/255|[from] Volt Switch\n|\n|-heal|p2a: Carnivine|275/310|[from] item: Leftovers\n|upkeep\n|turn|28\n|\n|t:|1770788273\n|switch|p2a: Banette|Banette-Mega, L87, M|253/253\n|move|p1a: Leafeon|Swords Dance|p1a: Leafeon\n|-boost|p1a: Leafeon|atk|2\n|\n|upkeep\n|turn|29\n|\n|t:|1770788286\n|move|p2a: Banette|Will-O-Wisp|p1a: Leafeon\n|-status|p1a: Leafeon|brn\n|move|p1a: Leafeon|Knock Off|p2a: Banette\n|-supereffective|p2a: Banette\n|-damage|p2a: Banette|110/253\n|-damage|p1a: Leafeon|230/255 brn|[from] item: Life Orb\n|\n|-damage|p1a: Leafeon|199/255 brn|[from] brn\n|upkeep\n|turn|30\n|\n|t:|1770788304\n|move|p2a: Banette|Destiny Bond|p2a: Banette\n|-singlemove|p2a: Banette|Destiny Bond\n|move|p1a: Leafeon|Leaf Blade|p2a: Banette\n|-damage|p2a: Banette|0 fnt\n|faint|p2a: Banette\n|-activate|p2a: Banette|move: Destiny Bond\n|detailschange|p2: Banette|Banette, L87, M|[silent]\n|faint|p1a: Leafeon\n|\n|upkeep\n|\n|t:|1770788316\n|switch|p1a: Tyranitar|Tyranitar, L75, F|248/274\n|switch|p2a: Pangoro|Pangoro, L84, M|44/297\n|-weather|Sandstorm|[from] ability: Sand Stream|[of] p1a: Tyranitar\n|turn|31\n|\n|t:|1770788325\n|switch|p1a: Pikachu|Pikachu, L91, F|212/212\n|move|p2a: Pangoro|Drain Punch|p1a: Pikachu\n|-damage|p1a: Pikachu|0 fnt\n|-heal|p2a: Pangoro|150/297|[from] drain|[of] p1a: Pikachu\n|faint|p1a: Pikachu\n|-damage|p2a: Pangoro|121/297|[from] item: Life Orb\n|\n|-weather|Sandstorm|[upkeep]\n|-damage|p2a: Pangoro|103/297|[from] Sandstorm\n|upkeep\n|\n|t:|1770788327\n|switch|p1a: Tyranitar|Tyranitar, L75, F|248/274\n|turn|32\n|\n|t:|1770788331\n|detailschange|p1a: Tyranitar|Tyranitar-Mega, L75, F\n|-mega|p1a: Tyranitar|Tyranitar|Tyranitarite\n|move|p2a: Pangoro|Drain Punch|p1a: Tyranitar\n|-supereffective|p1a: Tyranitar\n|-damage|p1a: Tyranitar|0 fnt\n|-heal|p2a: Pangoro|227/297|[from] drain|[of] p1a: Tyranitar\n|faint|p1a: Tyranitar\n|detailschange|p1: Tyranitar|Tyranitar, L75, F|[silent]\n|-damage|p2a: Pangoro|198/297|[from] item: Life Orb\n|\n|win|Plop\n|raw|Light Avocado's rating: 1613 &rarr; <strong>1605</strong><br />(-8 for losing)\n|raw|Plop's rating: 1849 &rarr; <strong>1857</strong><br />(+8 for winning)\n|l|☆Light Avocado\n|player|p1|\n", "inputlog": ">version ccdc32dd7cde25fd9e4bed64820e885f66e78a4e\n>start {\"formatid\":\"gen6randombattle\",\"seed\":\"sodium,efcb781e2c696e591f001f10182c4c13\",\"rated\":\"Rated battle\"}\n>player p1 {\"name\":\"Light Avocado\",\"avatar\":\"101\",\"rating\":1613,\"seed\":\"sodium,679cc07b415011c8b2a1bf3bda803be7\"}\n>player p2 {\"name\":\"Plop\",\"avatar\":\"#rbtt9travelers\",\"rating\":1849,\"seed\":\"sodium,e218600273265bc02939d75eef0e9cee\"}\n>p1 move foulplay\n>p2 switch 4\n>p1 move uturn\n>p2 switch 6\n>p1 switch 3\n>p1 move taunt\n>p2 move protect\n>p1 move fireblast\n>p2 move toxic\n>p2 switch 4\n>p1 switch 3\n>p2 move willowisp mega\n>p1 move foulplay\n>p2 switch 6\n>p1 move uturn\n>p2 move quiverdance\n>p1 switch 3\n>p1 move fireblast\n>p2 move quiverdance\n>p1 move fireblast\n>p2 move sludgebomb\n>p1 move fireblast\n>p2 move sludgebomb\n>p1 switch 4\n>p1 move stoneedge\n>p2 switch 3\n>p1 switch 3\n>p2 move drainpunch\n>p1 move uturn\n>p2 move drainpunch\n>p1 switch 2\n>p1 move gigadrain\n>p2 switch 3\n>p1 move leechseed\n>p2 move roost\n>p1 switch 3\n>p2 switch 2\n>p1 switch 3\n>p2 move powerwhip\n>p1 move leechseed\n>p2 switch 2\n>p1 switch 3\n>p2 switch 2\n>p1 switch 3\n>p2 move knockoff\n>p1 move toxic\n>p2 switch 2\n>p1 switch 3\n>p2 move sludgebomb\n>p1 move stoneedge\n>p2 switch 3\n>p1 switch 2\n>p2 move drainpunch\n>p1 switch 3\n>p1 move gigadrain\n>p2 switch 5\n>p1 move leechseed\n>p2 move bravebird\n>p1 switch 6\n>p1 move voltswitch\n>p2 switch 2\n>p1 switch 5\n>p1 move swordsdance\n>p2 switch 6\n>p1 move knockoff\n>p2 move willowisp\n>p1 move leafblade\n>p2 move destinybond\n>p1 switch 2\n>p2 switch 5\n>p1 switch 5\n>p2 move drainpunch\n>p1 switch 5\n>p1 move dragondance mega\n>p2 move drainpunch", "uploadtime": 1770788340, "views": 231, "formatid": "gen6randombattle", "rating": 1605, "private": 0, "password": null}