{"id": "gen6randombattle-2537321865", "format": "[Gen 6] Random Battle", "players": ["Darkbloom91", "RNGgivethRNGtaketh"], "log": "|j|‽Darkbloom91\n|j|☆RNGgivethRNGtaketh\n|t:|1770797651\n|gametype|singles\n|player|p1|Darkbloom91|170|1607\n|player|p2|RNGgivethRNGtaketh|brock|1534\n|gen|6\n|tier|[Gen 6] Random Battle\n|rated|\n|rule|Sleep Clause Mod: Limit one foe put to sleep\n|rule|HP Percentage Mod: HP is shown in percentages\n|rule|Illusion Level Mod: Illusion disguises the Pokémon's true level\n|\n|t:|1770797651\n|teamsize|p1|6\n|teamsize|p2|6\n|start\n|switch|p1a: Kangaskhan|Kangaskhan, L71, F|267/267\n|switch|p2a: Doublade|Doublade, L82, F|231/231\n|turn|1\n|inactive|Battle timer is ON: inactive players will automatically lose when time's up. (requested by Darkbloom91)\n|\n|t:|1770797675\n|switch|p1a: Quagsire|Quagsire, L87, M|307/307\n|move|p2a: Doublade|Swords Dance|p2a: Doublade\n|-boost|p2a: Doublade|atk|2\n|\n|upkeep\n|turn|2\n|\n|t:|1770797678\n|switch|p2a: Carnivine|Carnivine, F|310/310\n|move|p1a: Quagsire|Earthquake|p2a: Carnivine\n|-immune|p2a: Carnivine|[from] ability: Levitate\n|\n|upkeep\n|turn|3\n|\n|t:|1770797690\n|switch|p1a: Amoonguss|Amoonguss, L83, M|325/325\n|move|p2a: Carnivine|Power Whip|p1a: Amoonguss\n|-resisted|p1a: Amoonguss\n|-damage|p1a: Amoonguss|272/325\n|-damage|p2a: Carnivine|259/310|[from] item: Rocky Helmet|[of] p1a: Amoonguss\n|\n|-heal|p2a: Carnivine|278/310|[from] item: Leftovers\n|upkeep\n|turn|4\n|\n|t:|1770797697\n|move|p2a: Carnivine|Knock Off|p1a: Amoonguss\n|-damage|p1a: Amoonguss|149/325\n|-damage|p2a: Carnivine|227/310|[from] item: Rocky Helmet|[of] p1a: Amoonguss\n|-enditem|p1a: Amoonguss|Rocky Helmet|[from] move: Knock Off|[of] p2a: Carnivine\n|move|p1a: Amoonguss|Spore|p2a: Carnivine\n|-immune|p2a: Carnivine\n|\n|-heal|p2a: Carnivine|246/310|[from] item: Leftovers\n|upkeep\n|turn|5\n|\n|t:|1770797704\n|switch|p2a: Cryogonal|Cryogonal, L89|269/269\n|move|p1a: Amoonguss|Sludge Bomb|p2a: Cryogonal\n|-damage|p2a: Cryogonal|211/269\n|\n|-heal|p2a: Cryogonal|227/269|[from] item: Leftovers\n|upkeep\n|turn|6\n|\n|t:|1770797718\n|switch|p2a: Persian|Persian, L91, M|266/266\n|switch|p1a: Beartic|Beartic, L94, F|331/331\n|\n|upkeep\n|turn|7\n|\n|t:|1770797724\n|move|p2a: Persian|Fake Out|p1a: Beartic\n|-damage|p1a: Beartic|262/331\n|cant|p1a: Beartic|flinch\n|\n|upkeep\n|turn|8\n|\n|t:|1770797728\n|move|p2a: Persian|U-turn|p1a: Beartic\n|-damage|p1a: Beartic|221/331\n|\n|t:|1770797731\n|switch|p2a: Doublade|Doublade, L82, F|231/231|[from] U-turn\n|move|p1a: Beartic|Icicle Crash|p2a: Doublade\n|-resisted|p2a: Doublade\n|-damage|p2a: Doublade|187/231\n|\n|upkeep\n|turn|9\n|\n|t:|1770797737\n|switch|p1a: Quagsire|Quagsire, L87, M|307/307\n|move|p2a: Doublade|Sacred Sword|p1a: Quagsire\n|-damage|p1a: Quagsire|241/307\n|\n|-heal|p1a: Quagsire|260/307|[from] item: Leftovers\n|upkeep\n|turn|10\n|\n|t:|1770797743\n|switch|p2a: Starmie|Starmie, L82|233/233\n|move|p1a: Quagsire|Scald|p2a: Starmie\n|-resisted|p2a: Starmie\n|-damage|p2a: Starmie|197/233\n|\n|-heal|p2a: Starmie|211/233|[from] item: Leftovers\n|-heal|p1a: Quagsire|279/307|[from] item: Leftovers\n|upkeep\n|turn|11\n|\n|t:|1770797750\n|switch|p1a: Jellicent|Jellicent, L85, F|309/309\n|move|p2a: Starmie|Toxic|p1a: Jellicent\n|-status|p1a: Jellicent|tox\n|\n|-heal|p2a: Starmie|225/233|[from] item: Leftovers\n|-damage|p1a: Jellicent|290/309 tox|[from] psn\n|upkeep\n|turn|12\n|\n|t:|1770797757\n|switch|p2a: Cryogonal|Cryogonal, L89|227/269\n|move|p1a: Jellicent|Shadow Ball|p2a: Cryogonal\n|-damage|p2a: Cryogonal|172/269\n|\n|-heal|p2a: Cryogonal|188/269|[from] item: Leftovers\n|-heal|p1a: Jellicent|309/309 tox|[from] item: Leftovers\n|-damage|p1a: Jellicent|271/309 tox|[from] psn\n|upkeep\n|turn|13\n|\n|t:|1770797764\n|switch|p2a: Persian|Persian, L91, M|266/266\n|switch|p1a: Beartic|Beartic, L94, F|221/331\n|\n|upkeep\n|turn|14\n|\n|t:|1770797768\n|switch|p1a: Jellicent|Jellicent, L85, F|271/309 tox\n|move|p2a: Persian|Fake Out|p1a: Jellicent\n|-immune|p1a: Jellicent\n|\n|-heal|p1a: Jellicent|290/309 tox|[from] item: Leftovers\n|-damage|p1a: Jellicent|271/309 tox|[from] psn\n|upkeep\n|turn|15\n|\n|t:|1770797772\n|move|p2a: Persian|Knock Off|p1a: Jellicent\n|-supereffective|p1a: Jellicent\n|-damage|p1a: Jellicent|119/309 tox\n|-enditem|p1a: Jellicent|Leftovers|[from] move: Knock Off|[of] p2a: Persian\n|move|p1a: Jellicent|Scald|p2a: Persian\n|-damage|p2a: Persian|166/266\n|\n|-damage|p1a: Jellicent|81/309 tox|[from] psn\n|upkeep\n|turn|16\n|\n|t:|1770797776\n|move|p2a: Persian|U-turn|p1a: Jellicent\n|-resisted|p1a: Jellicent\n|-damage|p1a: Jellicent|54/309 tox\n|\n|t:|1770797779\n|switch|p2a: Cryogonal|Cryogonal, L89|188/269|[from] U-turn\n|move|p1a: Jellicent|Recover|p1a: Jellicent\n|-heal|p1a: Jellicent|209/309 tox\n|\n|-heal|p2a: Cryogonal|204/269|[from] item: Leftovers\n|-damage|p1a: Jellicent|152/309 tox|[from] psn\n|upkeep\n|turn|17\n|\n|t:|1770797784\n|switch|p1a: Beartic|Beartic, L94, F|221/331\n|move|p2a: Cryogonal|Freeze-Dry|p1a: Beartic\n|-resisted|p1a: Beartic\n|-damage|p1a: Beartic|181/331\n|\n|-heal|p2a: Cryogonal|220/269|[from] item: Leftovers\n|upkeep\n|turn|18\n|\n|t:|1770797793\n|switch|p2a: Doublade|Doublade, L82, F|187/231\n|move|p1a: Beartic|Icicle Crash|p2a: Doublade\n|-resisted|p2a: Doublade\n|-damage|p2a: Doublade|145/231\n|\n|upkeep\n|turn|19\n|\n|t:|1770797801\n|switch|p1a: Quagsire|Quagsire, L87, M|279/307\n|move|p2a: Doublade|Shadow Sneak|p1a: Quagsire\n|-damage|p1a: Quagsire|231/307\n|\n|-heal|p1a: Quagsire|250/307|[from] item: Leftovers\n|upkeep\n|turn|20\n|\n|t:|1770797806\n|switch|p2a: Cryogonal|Cryogonal, L89|220/269\n|move|p1a: Quagsire|Scald|p2a: Cryogonal\n|-damage|p2a: Cryogonal|175/269\n|\n|-heal|p2a: Cryogonal|191/269|[from] item: Leftovers\n|-heal|p1a: Quagsire|269/307|[from] item: Leftovers\n|upkeep\n|turn|21\n|\n|t:|1770797813\n|switch|p1a: Beartic|Beartic, L94, F|181/331\n|move|p2a: Cryogonal|Freeze-Dry|p1a: Beartic\n|-resisted|p1a: Beartic\n|-damage|p1a: Beartic|141/331\n|\n|-heal|p2a: Cryogonal|207/269|[from] item: Leftovers\n|upkeep\n|turn|22\n|\n|t:|1770797820\n|switch|p2a: Doublade|Doublade, L82, F|145/231\n|move|p1a: Beartic|Icicle Crash|p2a: Doublade\n|-resisted|p2a: Doublade\n|-damage|p2a: Doublade|102/231\n|\n|upkeep\n|turn|23\n|\n|t:|1770797825\n|switch|p1a: Quagsire|Quagsire, L87, M|269/307\n|switch|p2a: Cryogonal|Cryogonal, L89|207/269\n|\n|-heal|p2a: Cryogonal|223/269|[from] item: Leftovers\n|-heal|p1a: Quagsire|288/307|[from] item: Leftovers\n|upkeep\n|turn|24\n|\n|t:|1770797832\n|switch|p1a: Beartic|Beartic, L94, F|141/331\n|move|p2a: Cryogonal|Freeze-Dry|p1a: Beartic\n|-resisted|p1a: Beartic\n|-damage|p1a: Beartic|104/331\n|\n|-heal|p2a: Cryogonal|239/269|[from] item: Leftovers\n|upkeep\n|turn|25\n|\n|t:|1770797838\n|move|p2a: Cryogonal|Freeze-Dry|p1a: Beartic\n|-resisted|p1a: Beartic\n|-damage|p1a: Beartic|63/331\n|move|p1a: Beartic|Icicle Crash|p2a: Cryogonal\n|-resisted|p2a: Cryogonal\n|-damage|p2a: Cryogonal|59/269\n|\n|-heal|p2a: Cryogonal|75/269|[from] item: Leftovers\n|upkeep\n|turn|26\n|\n|t:|1770797846\n|switch|p2a: Doublade|Doublade, L82, F|102/231\n|move|p1a: Beartic|Icicle Crash|p2a: Doublade\n|-resisted|p2a: Doublade\n|-damage|p2a: Doublade|60/231\n|\n|upkeep\n|turn|27\n|\n|t:|1770797852\n|switch|p1a: Quagsire|Quagsire, L87, M|288/307\n|move|p2a: Doublade|Sacred Sword|p1a: Quagsire\n|-damage|p1a: Quagsire|220/307\n|\n|-heal|p1a: Quagsire|239/307|[from] item: Leftovers\n|upkeep\n|turn|28\n|\n|t:|1770797858\n|move|p1a: Quagsire|Toxic|p2a: Doublade\n|-immune|p2a: Doublade\n|move|p2a: Doublade|Sacred Sword|p1a: Quagsire\n|-damage|p1a: Quagsire|171/307\n|\n|-heal|p1a: Quagsire|190/307|[from] item: Leftovers\n|upkeep\n|turn|29\n|\n|t:|1770797861\n|switch|p2a: Persian|Persian, L91, M|166/266\n|move|p1a: Quagsire|Toxic|p2a: Persian\n|-status|p2a: Persian|tox\n|\n|-heal|p1a: Quagsire|209/307|[from] item: Leftovers\n|-damage|p2a: Persian|150/266 tox|[from] psn\n|upkeep\n|turn|30\n|\n|t:|1770797868\n|switch|p1a: Amoonguss|Amoonguss, L83, M|257/325\n|move|p2a: Persian|Knock Off|p1a: Amoonguss\n|-damage|p1a: Amoonguss|209/325\n|\n|-damage|p2a: Persian|118/266 tox|[from] psn\n|upkeep\n|turn|31\n|\n|t:|1770797873\n|move|p2a: Persian|U-turn|p1a: Amoonguss\n|-damage|p1a: Amoonguss|152/325\n|\n|t:|1770797875\n|switch|p2a: Cryogonal|Cryogonal, L89|75/269|[from] U-turn\n|move|p1a: Amoonguss|Sludge Bomb|p2a: Cryogonal\n|-damage|p2a: Cryogonal|20/269\n|-status|p2a: Cryogonal|psn\n|\n|-heal|p2a: Cryogonal|36/269 psn|[from] item: Leftovers\n|-damage|p2a: Cryogonal|3/269 psn|[from] psn\n|upkeep\n|turn|32\n|\n|t:|1770797887\n|switch|p1a: Beartic|Beartic, L94, F|63/331\n|move|p2a: Cryogonal|Recover|p2a: Cryogonal\n|-heal|p2a: Cryogonal|138/269 psn\n|\n|-heal|p2a: Cryogonal|154/269 psn|[from] item: Leftovers\n|-damage|p2a: Cryogonal|121/269 psn|[from] psn\n|upkeep\n|turn|33\n|\n|t:|1770797894\n|move|p2a: Cryogonal|Recover|p2a: Cryogonal\n|-heal|p2a: Cryogonal|256/269 psn\n|move|p1a: Beartic|Icicle Crash|p2a: Cryogonal\n|-resisted|p2a: Cryogonal\n|-damage|p2a: Cryogonal|69/269 psn\n|\n|-heal|p2a: Cryogonal|85/269 psn|[from] item: Leftovers\n|-damage|p2a: Cryogonal|52/269 psn|[from] psn\n|upkeep\n|turn|34\n|\n|t:|1770797900\n|switch|p2a: Doublade|Doublade, L82, F|60/231\n|move|p1a: Beartic|Icicle Crash|p2a: Doublade\n|-resisted|p2a: Doublade\n|-damage|p2a: Doublade|18/231\n|\n|upkeep\n|turn|35\n|\n|t:|1770797910\n|switch|p1a: Quagsire|Quagsire, L87, M|209/307\n|move|p2a: Doublade|Shadow Sneak|p1a: Quagsire\n|-damage|p1a: Quagsire|166/307\n|\n|-heal|p1a: Quagsire|185/307|[from] item: Leftovers\n|upkeep\n|turn|36\n|\n|t:|1770797914\n|switch|p2a: Carnivine|Carnivine, F|246/310\n|move|p1a: Quagsire|Recover|p1a: Quagsire\n|-heal|p1a: Quagsire|307/307\n|\n|-heal|p2a: Carnivine|265/310|[from] item: Leftovers\n|upkeep\n|turn|37\n|\n|t:|1770797918\n|switch|p1a: Amoonguss|Amoonguss, L83, M|260/325\n|move|p2a: Carnivine|Swords Dance|p2a: Carnivine\n|-boost|p2a: Carnivine|atk|2\n|\n|-heal|p2a: Carnivine|284/310|[from] item: Leftovers\n|upkeep\n|turn|38\n|\n|t:|1770797922\n|move|p2a: Carnivine|Knock Off|p1a: Amoonguss\n|-damage|p1a: Amoonguss|100/325\n|move|p1a: Amoonguss|Sludge Bomb|p2a: Carnivine\n|-supereffective|p2a: Carnivine\n|-damage|p2a: Carnivine|116/310\n|-status|p2a: Carnivine|psn\n|\n|-heal|p2a: Carnivine|135/310 psn|[from] item: Leftovers\n|-damage|p2a: Carnivine|97/310 psn|[from] psn\n|upkeep\n|turn|39\n|\n|t:|1770797942\n|switch|p1a: Beartic|Beartic, L94, F|63/331\n|move|p2a: Carnivine|Synthesis|p2a: Carnivine\n|-heal|p2a: Carnivine|252/310 psn\n|\n|-heal|p2a: Carnivine|271/310 psn|[from] item: Leftovers\n|-damage|p2a: Carnivine|233/310 psn|[from] psn\n|upkeep\n|turn|40\n|\n|t:|1770797947\n|switch|p2a: Doublade|Doublade, L82, F|18/231\n|move|p1a: Beartic|Icicle Crash|p2a: Doublade\n|-resisted|p2a: Doublade\n|-damage|p2a: Doublade|0 fnt\n|faint|p2a: Doublade\n|\n|upkeep\n|\n|t:|1770797949\n|switch|p2a: Persian|Persian, L91, M|118/266 tox\n|turn|41\n|\n|t:|1770797954\n|switch|p1a: Jellicent|Jellicent, L85, F|152/309 tox\n|move|p2a: Persian|U-turn|p1a: Jellicent\n|-resisted|p1a: Jellicent\n|-damage|p1a: Jellicent|124/309 tox\n|\n|t:|1770797959\n|switch|p2a: Starmie|Starmie, L82|225/233|[from] U-turn\n|\n|-heal|p2a: Starmie|233/233|[from] item: Leftovers\n|-damage|p1a: Jellicent|105/309 tox|[from] psn\n|upkeep\n|turn|42\n|\n|t:|1770797963\n|move|p2a: Starmie|Psyshock|p1a: Jellicent\n|-damage|p1a: Jellicent|9/309 tox\n|move|p1a: Jellicent|Recover|p1a: Jellicent\n|-heal|p1a: Jellicent|164/309 tox\n|\n|-damage|p1a: Jellicent|126/309 tox|[from] psn\n|upkeep\n|turn|43\n|\n|t:|1770797973\n|move|p2a: Starmie|Psyshock|p1a: Jellicent\n|-damage|p1a: Jellicent|33/309 tox\n|move|p1a: Jellicent|Shadow Ball|p2a: Starmie\n|-supereffective|p2a: Starmie\n|-damage|p2a: Starmie|57/233\n|\n|-heal|p2a: Starmie|71/233|[from] item: Leftovers\n|-damage|p1a: Jellicent|0 fnt|[from] psn\n|faint|p1a: Jellicent\n|upkeep\n|\n|t:|1770797983\n|switch|p1a: Kangaskhan|Kangaskhan, L71, F|267/267\n|turn|44\n|\n|t:|1770797988\n|move|p2a: Starmie|Scald|p1a: Kangaskhan\n|-damage|p1a: Kangaskhan|161/267\n|-status|p1a: Kangaskhan|brn\n|move|p1a: Kangaskhan|Power-Up Punch|p2a: Starmie\n|-resisted|p2a: Starmie\n|-damage|p2a: Starmie|66/233\n|-boost|p1a: Kangaskhan|atk|1\n|\n|-heal|p2a: Starmie|80/233|[from] item: Leftovers\n|-damage|p1a: Kangaskhan|128/267 brn|[from] brn\n|upkeep\n|turn|45\n|\n|t:|1770797994\n|detailschange|p1a: Kangaskhan|Kangaskhan-Mega, L71, F\n|-mega|p1a: Kangaskhan|Kangaskhan|Kangaskhanite\n|move|p1a: Kangaskhan|Sucker Punch||[still]\n|-fail|p1a: Kangaskhan\n|move|p2a: Starmie|Recover|p2a: Starmie\n|-heal|p2a: Starmie|197/233\n|\n|-heal|p2a: Starmie|211/233|[from] item: Leftovers\n|-damage|p1a: Kangaskhan|95/267 brn|[from] brn\n|upkeep\n|turn|46\n|\n|t:|1770798006\n|switch|p2a: Carnivine|Carnivine, F|233/310 psn\n|move|p1a: Kangaskhan|Return|p2a: Carnivine\n|-damage|p2a: Carnivine|164/310 psn\n|-damage|p2a: Carnivine|130/310 psn\n|-hitcount|p2a: Carnivine|2\n|\n|-heal|p2a: Carnivine|149/310 psn|[from] item: Leftovers\n|-damage|p2a: Carnivine|111/310 psn|[from] psn\n|-damage|p1a: Kangaskhan|62/267 brn|[from] brn\n|upkeep\n|turn|47\n|\n|t:|1770798013\n|move|p1a: Kangaskhan|Return|p2a: Carnivine\n|-damage|p2a: Carnivine|36/310 psn\n|-damage|p2a: Carnivine|1/310 psn\n|-hitcount|p2a: Carnivine|2\n|move|p2a: Carnivine|Synthesis|p2a: Carnivine\n|-heal|p2a: Carnivine|156/310 psn\n|\n|-heal|p2a: Carnivine|175/310 psn|[from] item: Leftovers\n|-damage|p2a: Carnivine|137/310 psn|[from] psn\n|-damage|p1a: Kangaskhan|29/267 brn|[from] brn\n|upkeep\n|turn|48\n|\n|t:|1770798028\n|move|p1a: Kangaskhan|Power-Up Punch|p2a: Carnivine\n|-damage|p2a: Carnivine|118/310 psn\n|-boost|p1a: Kangaskhan|atk|1\n|-damage|p2a: Carnivine|105/310 psn\n|-boost|p1a: Kangaskhan|atk|1\n|-hitcount|p2a: Carnivine|2\n|move|p2a: Carnivine|Synthesis|p2a: Carnivine\n|-heal|p2a: Carnivine|260/310 psn\n|\n|-heal|p2a: Carnivine|279/310 psn|[from] item: Leftovers\n|-damage|p2a: Carnivine|241/310 psn|[from] psn\n|-damage|p1a: Kangaskhan|0 fnt|[from] brn\n|faint|p1a: Kangaskhan\n|detailschange|p1: Kangaskhan|Kangaskhan, L71, F|[silent]\n|upkeep\n|\n|t:|1770798032\n|switch|p1a: Amoonguss|Amoonguss, L83, M|208/325\n|turn|49\n|\n|t:|1770798042\n|switch|p2a: Cryogonal|Cryogonal, L89|52/269 psn\n|move|p1a: Amoonguss|Sludge Bomb|p2a: Cryogonal\n|-damage|p2a: Cryogonal|0 fnt\n|faint|p2a: Cryogonal\n|\n|upkeep\n|\n|t:|1770798045\n|switch|p2a: Starmie|Starmie, L82|211/233\n|turn|50\n|\n|t:|1770798052\n|switch|p1a: Beartic|Beartic, L94, F|63/331\n|move|p2a: Starmie|Psyshock|p1a: Beartic\n|-damage|p1a: Beartic|0 fnt\n|faint|p1a: Beartic\n|\n|-heal|p2a: Starmie|225/233|[from] item: Leftovers\n|upkeep\n|\n|t:|1770798062\n|switch|p1a: Jumpluff|Jumpluff, L90, M|281/281\n|turn|51\n|\n|t:|1770798071\n|move|p1a: Jumpluff|Substitute|p1a: Jumpluff\n|-start|p1a: Jumpluff|Substitute\n|-damage|p1a: Jumpluff|211/281\n|move|p2a: Starmie|Psyshock|p1a: Jumpluff\n|-end|p1a: Jumpluff|Substitute\n|\n|-heal|p2a: Starmie|233/233|[from] item: Leftovers\n|upkeep\n|turn|52\n|\n|t:|1770798076\n|move|p1a: Jumpluff|Leech Seed|p2a: Starmie\n|-start|p2a: Starmie|move: Leech Seed\n|move|p2a: Starmie|Toxic|p1a: Jumpluff\n|-status|p1a: Jumpluff|tox\n|\n|-damage|p2a: Starmie|204/233|[from] Leech Seed|[of] p1a: Jumpluff\n|-heal|p1a: Jumpluff|240/281 tox|[silent]\n|-damage|p1a: Jumpluff|223/281 tox|[from] psn\n|upkeep\n|turn|53\n|\n|t:|1770798084\n|switch|p2a: Carnivine|Carnivine, F|241/310 psn\n|move|p1a: Jumpluff|Acrobatics|p2a: Carnivine\n|-supereffective|p2a: Carnivine\n|-damage|p2a: Carnivine|67/310 psn\n|\n|-heal|p2a: Carnivine|86/310 psn|[from] item: Leftovers\n|-damage|p1a: Jumpluff|189/281 tox|[from] psn\n|-damage|p2a: Carnivine|48/310 psn|[from] psn\n|upkeep\n|turn|54\n|\n|t:|1770798089\n|move|p1a: Jumpluff|Acrobatics|p2a: Carnivine\n|-supereffective|p2a: Carnivine\n|-damage|p2a: Carnivine|0 fnt\n|faint|p2a: Carnivine\n|\n|-damage|p1a: Jumpluff|138/281 tox|[from] psn\n|upkeep\n|\n|t:|1770798095\n|switch|p2a: Persian|Persian, L91, M|118/266 tox\n|turn|55\n|\n|t:|1770798101\n|switch|p1a: Quagsire|Quagsire, L87, M|307/307\n|move|p2a: Persian|Double-Edge|p1a: Quagsire\n|-damage|p1a: Quagsire|162/307\n|-damage|p2a: Persian|70/266 tox|[from] Recoil\n|\n|-heal|p1a: Quagsire|181/307|[from] item: Leftovers\n|-damage|p2a: Persian|54/266 tox|[from] psn\n|upkeep\n|turn|56\n|\n|t:|1770798105\n|move|p2a: Persian|Knock Off|p1a: Quagsire\n|-damage|p1a: Quagsire|122/307\n|-enditem|p1a: Quagsire|Leftovers|[from] move: Knock Off|[of] p2a: Persian\n|move|p1a: Quagsire|Recover|p1a: Quagsire\n|-heal|p1a: Quagsire|276/307\n|\n|-damage|p2a: Persian|22/266 tox|[from] psn\n|upkeep\n|turn|57\n|\n|t:|1770798113\n|move|p2a: Persian|Double-Edge|p1a: Quagsire\n|-damage|p1a: Quagsire|149/307\n|-damage|p2a: Persian|0 fnt|[from] Recoil\n|faint|p2a: Persian\n|move|p1a: Quagsire|Earthquake|p2: Persian|[notarget]\n|-fail|p1a: Quagsire\n|\n|upkeep\n|\n|t:|1770798116\n|switch|p2a: Starmie|Starmie, L82|204/233\n|turn|58\n|\n|t:|1770798124\n|move|p2a: Starmie|Toxic|p1a: Quagsire\n|-status|p1a: Quagsire|tox\n|move|p1a: Quagsire|Toxic|p2a: Starmie|[miss]\n|-miss|p1a: Quagsire|p2a: Starmie\n|\n|-heal|p2a: Starmie|218/233|[from] item: Leftovers\n|-damage|p1a: Quagsire|130/307 tox|[from] psn\n|upkeep\n|turn|59\n|\n|t:|1770798128\n|move|p2a: Starmie|Psyshock|p1a: Quagsire\n|-damage|p1a: Quagsire|49/307 tox\n|move|p1a: Quagsire|Earthquake|p2a: Starmie\n|-damage|p2a: Starmie|116/233\n|\n|-heal|p2a: Starmie|130/233|[from] item: Leftovers\n|-damage|p1a: Quagsire|11/307 tox|[from] psn\n|upkeep\n|turn|60\n|\n|t:|1770798135\n|move|p2a: Starmie|Psyshock|p1a: Quagsire\n|-damage|p1a: Quagsire|0 fnt\n|faint|p1a: Quagsire\n|\n|-heal|p2a: Starmie|144/233|[from] item: Leftovers\n|upkeep\n|\n|t:|1770798140\n|switch|p1a: Jumpluff|Jumpluff, L90, M|138/281 tox\n|turn|61\n|\n|t:|1770798143\n|move|p1a: Jumpluff|Leech Seed|p2a: Starmie\n|-start|p2a: Starmie|move: Leech Seed\n|move|p2a: Starmie|Recover|p2a: Starmie\n|-heal|p2a: Starmie|233/233\n|\n|-damage|p2a: Starmie|204/233|[from] Leech Seed|[of] p1a: Jumpluff\n|-heal|p1a: Jumpluff|167/281 tox|[silent]\n|-damage|p1a: Jumpluff|150/281 tox|[from] psn\n|upkeep\n|turn|62\n|\n|t:|1770798146\n|switch|p2a: Alakazam|Alakazam, L78, M|214/214\n|move|p1a: Jumpluff|Acrobatics|p2a: Alakazam\n|-damage|p2a: Alakazam|57/214\n|\n|-damage|p1a: Jumpluff|116/281 tox|[from] psn\n|upkeep\n|turn|63\n|\n|t:|1770798160\n|move|p1a: Jumpluff|Acrobatics|p2a: Alakazam\n|-damage|p2a: Alakazam|0 fnt\n|faint|p2a: Alakazam\n|\n|-damage|p1a: Jumpluff|65/281 tox|[from] psn\n|upkeep\n|\n|t:|1770798162\n|switch|p2a: Starmie|Starmie, L82|204/233\n|turn|64\n|\n|t:|1770798165\n|move|p1a: Jumpluff|Leech Seed|p2a: Starmie\n|-start|p2a: Starmie|move: Leech Seed\n|move|p2a: Starmie|Psyshock|p1a: Jumpluff\n|-damage|p1a: Jumpluff|0 fnt\n|faint|p1a: Jumpluff\n|\n|-heal|p2a: Starmie|218/233|[from] item: Leftovers\n|upkeep\n|\n|t:|1770798169\n|switch|p1a: Amoonguss|Amoonguss, L83, M|316/325\n|turn|65\n|\n|t:|1770798172\n|move|p2a: Starmie|Psyshock|p1a: Amoonguss\n|-supereffective|p1a: Amoonguss\n|-crit|p1a: Amoonguss\n|-damage|p1a: Amoonguss|10/325\n|move|p1a: Amoonguss|Giga Drain|p2a: Starmie\n|-supereffective|p2a: Starmie\n|-damage|p2a: Starmie|68/233\n|-heal|p1a: Amoonguss|85/325|[from] drain|[of] p2a: Starmie\n|\n|-heal|p2a: Starmie|82/233|[from] item: Leftovers\n|-damage|p2a: Starmie|53/233|[from] Leech Seed|[of] p1a: Amoonguss\n|-heal|p1a: Amoonguss|114/325|[silent]\n|upkeep\n|turn|66\n|c|☆RNGgivethRNGtaketh|Gg\n|c|☆RNGgivethRNGtaketh|Wp\n|\n|t:|1770798179\n|move|p2a: Starmie|Psyshock|p1a: Amoonguss\n|-supereffective|p1a: Amoonguss\n|-damage|p1a: Amoonguss|0 fnt\n|faint|p1a: Amoonguss\n|\n|win|RNGgivethRNGtaketh\n|raw|Darkbloom91's rating: 1607 &rarr; <strong>1583</strong><br />(-24 for losing)\n|raw|RNGgivethRNGtaketh's rating: 1534 &rarr; <strong>1558</strong><br />(+24 for winning)\n|l|‽Darkbloom91\n|player|p1|\n", "inputlog": ">version ccdc32dd7cde25fd9e4bed64820e885f66e78a4e\n>start {\"formatid\":\"gen6randombattle\",\"seed\":\"sodium,2c1632a79a32b016783740aab86b7c40\",\"rated\":\"Rated battle\"}\n>player p1 {\"name\":\"Darkbloom91\",\"avatar\":\"170\",\"rating\":1607,\"seed\":\"sodium,45c2e3b19c5f0867bb0ab3950dac4eb6\"}\n>player p2 {\"name\":\"RNGgivethRNGtaketh\",\"avatar\":\"brock\",\"rating\":1534,\"seed\":\"sodium,81f986e4f49077dab289856f17a3ae7b\"}\n>p1 switch 2\n>p2 move swordsdance\n>p1 move earthquake\n>p2 switch 2\n>p1 switch 6\n>p2 move powerwhip\n>p1 move spore\n>p2 move knockoff\n>p1 move sludgebomb\n>p2 switch 6\n>p1 switch 3\n>p2 switch 3\n>p1 move superpower\n>p2 move fakeout\n>p1 move iciclecrash\n>p2 move uturn\n>p2 switch 2\n>p1 switch 6\n>p2 move sacredsword\n>p1 move scald\n>p2 switch 5\n>p1 switch 4\n>p2 move toxic\n>p1 move shadowball\n>p2 switch 3\n>p1 switch 6\n>p2 switch 2\n>p1 switch 6\n>p2 move fakeout\n>p1 move scald\n>p2 move knockoff\n>p1 move recover\n>p2 move uturn\n>p2 switch 2\n>p1 switch 6\n>p2 move freezedry\n>p1 move iciclecrash\n>p2 switch 5\n>p1 switch 4\n>p2 move shadowsneak\n>p1 move scald\n>p2 switch 5\n>p1 switch 4\n>p2 move freezedry\n>p1 move iciclecrash\n>p2 switch 5\n>p1 switch 4\n>p2 switch 5\n>p1 switch 4\n>p2 move freezedry\n>p1 move iciclecrash\n>p2 move freezedry\n>p1 move iciclecrash\n>p2 switch 5\n>p1 switch 4\n>p2 move sacredsword\n>p1 move toxic\n>p2 move sacredsword\n>p1 move toxic\n>p2 switch 2\n>p1 switch 3\n>p2 move knockoff\n>p1 move sludgebomb\n>p2 move uturn\n>p2 switch 5\n>p1 switch 4\n>p2 move recover\n>p1 move iciclecrash\n>p2 move recover\n>p1 move iciclecrash\n>p2 switch 2\n>p1 switch 3\n>p2 move shadowsneak\n>p1 move recover\n>p2 switch 6\n>p1 switch 4\n>p2 move swordsdance\n>p1 move sludgebomb\n>p2 move knockoff\n>p1 switch 3\n>p2 move synthesis\n>p1 move iciclecrash\n>p2 switch 6\n>p2 switch 5\n>p1 switch 6\n>p2 move uturn\n>p2 switch 3\n>p1 move recover\n>p2 move psyshock\n>p1 move shadowball\n>p2 move psyshock\n>p1 switch 2\n>p1 move poweruppunch\n>p2 move scald\n>p1 move suckerpunch mega\n>p2 move recover\n>p1 move return\n>p2 switch 6\n>p1 move return\n>p2 move synthesis\n>p1 move poweruppunch\n>p2 move synthesis\n>p1 switch 3\n>p1 move sludgebomb\n>p2 switch 2\n>p2 switch 6\n>p1 switch 6\n>p2 move psyshock\n>p1 switch 5\n>p1 move substitute\n>p2 move psyshock\n>p1 move leechseed\n>p2 move toxic\n>p1 move acrobatics\n>p2 switch 2\n>p1 move acrobatics\n>p2 move synthesis\n>p2 switch 3\n>p1 switch 4\n>p2 move doubleedge\n>p1 move recover\n>p2 move knockoff\n>p1 move earthquake\n>p2 move doubleedge\n>p2 switch 2\n>p1 move toxic\n>p2 move toxic\n>p1 move earthquake\n>p2 move psyshock\n>p1 move earthquake\n>p2 move psyshock\n>p1 switch 4\n>p1 move leechseed\n>p2 move recover\n>p1 move acrobatics\n>p2 switch 4\n>p1 move acrobatics\n>p2 move psyshock\n>p2 switch 4\n>p1 move leechseed\n>p2 move psyshock\n>p1 switch 6\n>p1 move gigadrain\n>p2 move psyshock\n>chat ☆RNGgivethRNGtaketh|Gg\n>chat ☆RNGgivethRNGtaketh|Wp\n>p1 move gigadrain\n>p2 move psyshock", "uploadtime": 1770798183, "views": 226, "formatid": "gen6randombattle", "rating": 1558, "private": 0, "password": null}