{"id": "gen6randombattle-2518714258", "format": "[Gen 6] Random Battle", "players": ["Bearsfan777", "LoMa_Louis"], "log": "|j|☆Bearsfan777\n|j|☆LoMa_Louis\n|t:|1768418817\n|gametype|singles\n|player|p1|Bearsfan777|101|1662\n|player|p2|LoMa_Louis|wallace-masters|1639\n|gen|6\n|tier|[Gen 6] Random Battle\n|rated|\n|rule|Sleep Clause Mod: Limit one foe put to sleep\n|rule|HP Percentage Mod: HP is shown in percentages\n|rule|Illusion Level Mod: Illusion disguises the Pokémon's true level\n|\n|t:|1768418817\n|teamsize|p1|6\n|teamsize|p2|6\n|start\n|switch|p1a: Dragonite|Dragonite, L73, F|253/253\n|switch|p2a: Goodra|Goodra, L85, F|292/292\n|turn|1\n|inactive|Battle timer is ON: inactive players will automatically lose when time's up. (requested by Bearsfan777)\n|\n|t:|1768418839\n|switch|p2a: Glaceon|Glaceon, L91, F|266/266\n|move|p1a: Dragonite|Outrage|p2a: Glaceon\n|-damage|p2a: Glaceon|172/266\n|\n|-heal|p2a: Glaceon|188/266|[from] item: Leftovers\n|upkeep\n|turn|2\n|\n|t:|1768418844\n|move|p2a: Glaceon|Ice Beam|p1a: Dragonite\n|-supereffective|p1a: Dragonite\n|-damage|p1a: Dragonite|0 fnt\n|faint|p1a: Dragonite\n|\n|-heal|p2a: Glaceon|204/266|[from] item: Leftovers\n|upkeep\n|\n|t:|1768418849\n|switch|p1a: Forretress|Forretress, L82, M|257/257\n|turn|3\n|\n|t:|1768418854\n|switch|p2a: Tentacruel|Tentacruel, L83, F|268/268\n|move|p1a: Forretress|Spikes|p2a: Tentacruel\n|-sidestart|p2: LoMa_Louis|Spikes\n|\n|upkeep\n|turn|4\n|\n|t:|1768418859\n|switch|p1a: Sableye|Sableye, L81, M|214/214\n|move|p2a: Tentacruel|Scald|p1a: Sableye\n|-damage|p1a: Sableye|129/214\n|\n|upkeep\n|turn|5\n|\n|t:|1768418869\n|move|p1a: Sableye|Calm Mind|p1a: Sableye\n|-boost|p1a: Sableye|spa|1\n|-boost|p1a: Sableye|spd|1\n|move|p2a: Tentacruel|Scald|p1a: Sableye\n|-damage|p1a: Sableye|66/214\n|\n|upkeep\n|turn|6\n|\n|t:|1768418877\n|detailschange|p1a: Sableye|Sableye-Mega, L81, M\n|-mega|p1a: Sableye|Sableye|Sablenite\n|move|p1a: Sableye|Recover|p1a: Sableye\n|-heal|p1a: Sableye|173/214\n|move|p2a: Tentacruel|Scald|p1a: Sableye\n|-damage|p1a: Sableye|133/214\n|\n|upkeep\n|turn|7\n|\n|t:|1768418884\n|move|p2a: Tentacruel|Scald|p1a: Sableye\n|-crit|p1a: Sableye\n|-damage|p1a: Sableye|43/214\n|move|p1a: Sableye|Calm Mind|p1a: Sableye\n|-boost|p1a: Sableye|spa|1\n|-boost|p1a: Sableye|spd|1\n|\n|upkeep\n|turn|8\n|\n|t:|1768418890\n|move|p2a: Tentacruel|Scald|p1a: Sableye\n|-damage|p1a: Sableye|10/214\n|-status|p1a: Sableye|brn\n|move|p1a: Sableye|Recover|p1a: Sableye\n|-heal|p1a: Sableye|117/214 brn\n|\n|-damage|p1a: Sableye|91/214 brn|[from] brn\n|upkeep\n|turn|9\n|\n|t:|1768418897\n|move|p2a: Tentacruel|Scald|p1a: Sableye\n|-damage|p1a: Sableye|60/214 brn\n|move|p1a: Sableye|Recover|p1a: Sableye\n|-heal|p1a: Sableye|167/214 brn\n|\n|-damage|p1a: Sableye|141/214 brn|[from] brn\n|upkeep\n|turn|10\n|\n|t:|1768418902\n|move|p2a: Tentacruel|Toxic Spikes|p1a: Sableye\n|move|p1a: Sableye|Toxic Spikes|p2a: Tentacruel|[from] ability: Magic Bounce\n|-sidestart|p2: LoMa_Louis|move: Toxic Spikes\n|move|p1a: Sableye|Recover|p1a: Sableye\n|-heal|p1a: Sableye|214/214 brn\n|\n|-damage|p1a: Sableye|188/214 brn|[from] brn\n|upkeep\n|turn|11\n|\n|t:|1768418906\n|move|p2a: Tentacruel|Scald|p1a: Sableye\n|-damage|p1a: Sableye|160/214 brn\n|move|p1a: Sableye|Calm Mind|p1a: Sableye\n|-boost|p1a: Sableye|spa|1\n|-boost|p1a: Sableye|spd|1\n|\n|-damage|p1a: Sableye|134/214 brn|[from] brn\n|upkeep\n|turn|12\n|\n|t:|1768418918\n|move|p2a: Tentacruel|Scald|p1a: Sableye\n|-damage|p1a: Sableye|110/214 brn\n|move|p1a: Sableye|Will-O-Wisp|p2a: Tentacruel\n|-status|p2a: Tentacruel|brn\n|\n|-damage|p2a: Tentacruel|235/268 brn|[from] brn\n|-damage|p1a: Sableye|84/214 brn|[from] brn\n|upkeep\n|turn|13\n|\n|t:|1768418923\n|move|p2a: Tentacruel|Scald|p1a: Sableye\n|-damage|p1a: Sableye|60/214 brn\n|move|p1a: Sableye|Recover|p1a: Sableye\n|-heal|p1a: Sableye|167/214 brn\n|\n|-heal|p2a: Tentacruel|251/268 brn|[from] item: Black Sludge\n|-damage|p2a: Tentacruel|218/268 brn|[from] brn\n|-damage|p1a: Sableye|141/214 brn|[from] brn\n|upkeep\n|turn|14\n|\n|t:|1768418927\n|move|p2a: Tentacruel|Scald|p1a: Sableye\n|-damage|p1a: Sableye|116/214 brn\n|move|p1a: Sableye|Recover|p1a: Sableye\n|-heal|p1a: Sableye|214/214 brn\n|\n|-heal|p2a: Tentacruel|234/268 brn|[from] item: Black Sludge\n|-damage|p2a: Tentacruel|201/268 brn|[from] brn\n|-damage|p1a: Sableye|188/214 brn|[from] brn\n|upkeep\n|turn|15\n|\n|t:|1768418939\n|move|p2a: Tentacruel|Scald|p1a: Sableye\n|-damage|p1a: Sableye|161/214 brn\n|move|p1a: Sableye|Dark Pulse|p2a: Tentacruel\n|-damage|p2a: Tentacruel|65/268 brn\n|\n|-heal|p2a: Tentacruel|81/268 brn|[from] item: Black Sludge\n|-damage|p2a: Tentacruel|48/268 brn|[from] brn\n|-damage|p1a: Sableye|135/214 brn|[from] brn\n|upkeep\n|turn|16\n|\n|t:|1768418950\n|move|p2a: Tentacruel|Scald|p1a: Sableye\n|-damage|p1a: Sableye|110/214 brn\n|move|p1a: Sableye|Calm Mind|p1a: Sableye\n|-boost|p1a: Sableye|spa|1\n|-boost|p1a: Sableye|spd|1\n|\n|-heal|p2a: Tentacruel|64/268 brn|[from] item: Black Sludge\n|-damage|p2a: Tentacruel|31/268 brn|[from] brn\n|-damage|p1a: Sableye|84/214 brn|[from] brn\n|upkeep\n|turn|17\n|\n|t:|1768418953\n|move|p2a: Tentacruel|Scald|p1a: Sableye\n|-damage|p1a: Sableye|62/214 brn\n|move|p1a: Sableye|Recover|p1a: Sableye\n|-heal|p1a: Sableye|169/214 brn\n|\n|-heal|p2a: Tentacruel|47/268 brn|[from] item: Black Sludge\n|-damage|p2a: Tentacruel|14/268 brn|[from] brn\n|-damage|p1a: Sableye|143/214 brn|[from] brn\n|upkeep\n|turn|18\n|\n|t:|1768418957\n|move|p2a: Tentacruel|Scald|p1a: Sableye\n|-damage|p1a: Sableye|122/214 brn\n|move|p1a: Sableye|Recover|p1a: Sableye\n|-heal|p1a: Sableye|214/214 brn\n|\n|-heal|p2a: Tentacruel|30/268 brn|[from] item: Black Sludge\n|-damage|p2a: Tentacruel|0 fnt|[from] brn\n|faint|p2a: Tentacruel\n|-damage|p1a: Sableye|188/214 brn|[from] brn\n|upkeep\n|\n|t:|1768418970\n|switch|p2a: Goodra|Goodra, L85, F|292/292\n|-damage|p2a: Goodra|256/292|[from] Spikes\n|-status|p2a: Goodra|psn\n|turn|19\n|\n|t:|1768418992\n|move|p2a: Goodra|Draco Meteor|p1a: Sableye\n|-damage|p1a: Sableye|142/214 brn\n|-unboost|p2a: Goodra|spa|2\n|move|p1a: Sableye|Dark Pulse|p2a: Goodra\n|-damage|p2a: Goodra|166/292 psn\n|\n|-damage|p2a: Goodra|130/292 psn|[from] psn\n|-damage|p1a: Sableye|116/214 brn|[from] brn\n|upkeep\n|turn|20\n|\n|t:|1768418998\n|move|p2a: Goodra|Draco Meteor|p1a: Sableye\n|-damage|p1a: Sableye|92/214 brn\n|-unboost|p2a: Goodra|spa|2\n|move|p1a: Sableye|Recover|p1a: Sableye\n|-heal|p1a: Sableye|199/214 brn\n|\n|-damage|p2a: Goodra|94/292 psn|[from] psn\n|-damage|p1a: Sableye|173/214 brn|[from] brn\n|upkeep\n|turn|21\n|\n|t:|1768419004\n|move|p2a: Goodra|Draco Meteor|p1a: Sableye\n|-damage|p1a: Sableye|158/214 brn\n|-unboost|p2a: Goodra|spa|2\n|move|p1a: Sableye|Recover|p1a: Sableye\n|-heal|p1a: Sableye|214/214 brn\n|\n|-damage|p2a: Goodra|58/292 psn|[from] psn\n|-damage|p1a: Sableye|188/214 brn|[from] brn\n|upkeep\n|turn|22\n|\n|t:|1768419007\n|move|p2a: Goodra|Draco Meteor|p1a: Sableye\n|-crit|p1a: Sableye\n|-damage|p1a: Sableye|0 fnt\n|faint|p1a: Sableye\n|detailschange|p1: Sableye|Sableye, L81, M|[silent]\n|\n|-damage|p2a: Goodra|22/292 psn|[from] psn\n|upkeep\n|c|☆LoMa_Louis|finally\n|\n|t:|1768419015\n|switch|p1a: Alakazam|Alakazam, L81, F|222/222\n|turn|23\n|\n|t:|1768419023\n|move|p1a: Alakazam|Substitute|p1a: Alakazam\n|-start|p1a: Alakazam|Substitute\n|-damage|p1a: Alakazam|167/222\n|move|p2a: Goodra|Earthquake|p1a: Alakazam\n|-end|p1a: Alakazam|Substitute\n|\n|-damage|p2a: Goodra|0 fnt|[from] psn\n|faint|p2a: Goodra\n|upkeep\n|\n|t:|1768419038\n|switch|p2a: Maractus|Maractus, L98, F|305/305\n|-damage|p2a: Maractus|267/305|[from] Spikes\n|-status|p2a: Maractus|psn\n|turn|24\n|\n|t:|1768419043\n|switch|p1a: Forretress|Forretress, L82, M|257/257\n|move|p2a: Maractus|Knock Off|p1a: Forretress\n|-damage|p1a: Forretress|196/257\n|-enditem|p1a: Forretress|Leftovers|[from] move: Knock Off|[of] p2a: Maractus\n|\n|-heal|p2a: Maractus|286/305 psn|[from] item: Leftovers\n|-damage|p2a: Maractus|248/305 psn|[from] psn\n|upkeep\n|turn|25\n|\n|t:|1768419051\n|switch|p2a: Glaceon|Glaceon, L91, F|204/266\n|-damage|p2a: Glaceon|171/266|[from] Spikes\n|-status|p2a: Glaceon|psn\n|switch|p1a: Furret|Furret, L93, F|309/309\n|-item|p2a: Glaceon|Leftovers|[from] ability: Frisk|[of] p1a: Furret\n|\n|-heal|p2a: Glaceon|187/266 psn|[from] item: Leftovers\n|-damage|p2a: Glaceon|154/266 psn|[from] psn\n|upkeep\n|turn|26\n|inactive|LoMa_Louis has 120 seconds left.\n|\n|t:|1768419082\n|move|p1a: Furret|Fire Punch|p2a: Glaceon\n|-supereffective|p2a: Glaceon\n|-damage|p2a: Glaceon|36/266 psn\n|move|p2a: Glaceon|Wish|p2a: Glaceon\n|\n|-heal|p2a: Glaceon|52/266 psn|[from] item: Leftovers\n|-damage|p2a: Glaceon|19/266 psn|[from] psn\n|upkeep\n|turn|27\n|\n|t:|1768419087\n|move|p2a: Glaceon|Protect|p2a: Glaceon\n|-singleturn|p2a: Glaceon|Protect\n|move|p1a: Furret|Fire Punch|p2a: Glaceon\n|-activate|p2a: Glaceon|move: Protect\n|\n|-heal|p2a: Glaceon|152/266 psn|[from] move: Wish|[wisher] Glaceon\n|-heal|p2a: Glaceon|168/266 psn|[from] item: Leftovers\n|-damage|p2a: Glaceon|135/266 psn|[from] psn\n|upkeep\n|turn|28\n|\n|t:|1768419094\n|switch|p2a: Volcanion|Volcanion, L79|255/255\n|-damage|p2a: Volcanion|224/255|[from] Spikes\n|-status|p2a: Volcanion|psn\n|move|p1a: Furret|Fire Punch|p2a: Volcanion\n|-resisted|p2a: Volcanion\n|-damage|p2a: Volcanion|207/255 psn\n|\n|-damage|p2a: Volcanion|176/255 psn|[from] psn\n|upkeep\n|turn|29\n|\n|t:|1768419106\n|switch|p1a: Plusle|Plusle, L93, F|262/262\n|move|p2a: Volcanion|Steam Eruption|p1a: Plusle\n|-damage|p1a: Plusle|60/262\n|\n|-heal|p1a: Plusle|76/262|[from] item: Leftovers\n|-damage|p2a: Volcanion|145/255 psn|[from] psn\n|upkeep\n|turn|30\n|\n|t:|1768419115\n|switch|p2a: Maractus|Maractus, L98, F|248/305 psn\n|-damage|p2a: Maractus|210/305 psn|[from] Spikes\n|move|p1a: Plusle|Substitute|p1a: Plusle\n|-start|p1a: Plusle|Substitute\n|-damage|p1a: Plusle|11/262\n|\n|-heal|p1a: Plusle|27/262|[from] item: Leftovers\n|-heal|p2a: Maractus|229/305 psn|[from] item: Leftovers\n|-damage|p2a: Maractus|191/305 psn|[from] psn\n|upkeep\n|turn|31\n|\n|t:|1768419121\n|move|p1a: Plusle|Hidden Power|p2a: Maractus\n|-supereffective|p2a: Maractus\n|-damage|p2a: Maractus|93/305 psn\n|move|p2a: Maractus|Giga Drain|p1a: Plusle\n|-end|p1a: Plusle|Substitute\n|-heal|p2a: Maractus|126/305 psn|[from] drain|[of] p1a: Plusle\n|\n|-heal|p1a: Plusle|43/262|[from] item: Leftovers\n|-heal|p2a: Maractus|145/305 psn|[from] item: Leftovers\n|-damage|p2a: Maractus|107/305 psn|[from] psn\n|upkeep\n|turn|32\n|\n|t:|1768419128\n|move|p1a: Plusle|Hidden Power|p2a: Maractus\n|-supereffective|p2a: Maractus\n|-damage|p2a: Maractus|3/305 psn\n|move|p2a: Maractus|Giga Drain|p1a: Plusle\n|-damage|p1a: Plusle|0 fnt\n|-heal|p2a: Maractus|25/305 psn|[from] drain|[of] p1a: Plusle\n|faint|p1a: Plusle\n|\n|-heal|p2a: Maractus|44/305 psn|[from] item: Leftovers\n|-damage|p2a: Maractus|6/305 psn|[from] psn\n|upkeep\n|\n|t:|1768419133\n|switch|p1a: Furret|Furret, L93, F|309/309\n|-item|p2a: Maractus|Leftovers|[from] ability: Frisk|[of] p1a: Furret\n|turn|33\n|\n|t:|1768419138\n|move|p1a: Furret|Double-Edge|p2a: Maractus\n|-damage|p2a: Maractus|0 fnt\n|faint|p2a: Maractus\n|-damage|p1a: Furret|307/309|[from] Recoil\n|\n|upkeep\n|\n|t:|1768419143\n|switch|p2a: Lugia|Lugia, L71|268/268\n|turn|34\n|\n|t:|1768419154\n|move|p1a: Furret|Double-Edge|p2a: Lugia\n|-damage|p2a: Lugia|184/268\n|-damage|p1a: Furret|279/309|[from] Recoil\n|move|p2a: Lugia|Roost|p2a: Lugia\n|-heal|p2a: Lugia|268/268\n|-singleturn|p2a: Lugia|move: Roost\n|\n|upkeep\n|turn|35\n|\n|t:|1768419160\n|switch|p1a: Forretress|Forretress, L82, M|196/257\n|move|p2a: Lugia|Toxic|p1a: Forretress\n|-immune|p1a: Forretress\n|\n|upkeep\n|turn|36\n|\n|t:|1768419166\n|move|p2a: Lugia|Substitute|p2a: Lugia\n|-start|p2a: Lugia|Substitute\n|-damage|p2a: Lugia|201/268\n|move|p1a: Forretress|Toxic||[still]\n|-fail|p1a: Forretress\n|\n|-heal|p2a: Lugia|217/268|[from] item: Leftovers\n|upkeep\n|turn|37\n|\n|t:|1768419169\n|move|p2a: Lugia|Aeroblast|p1a: Forretress\n|-damage|p1a: Forretress|94/257\n|move|p1a: Forretress|Gyro Ball|p2a: Lugia\n|-crit|p2a: Lugia\n|-end|p2a: Lugia|Substitute\n|\n|-heal|p2a: Lugia|233/268|[from] item: Leftovers\n|upkeep\n|turn|38\n|\n|t:|1768419173\n|move|p2a: Lugia|Substitute|p2a: Lugia\n|-start|p2a: Lugia|Substitute\n|-damage|p2a: Lugia|166/268\n|move|p1a: Forretress|Gyro Ball|p2a: Lugia\n|-activate|p2a: Lugia|move: Substitute|[damage]\n|\n|-heal|p2a: Lugia|182/268|[from] item: Leftovers\n|upkeep\n|turn|39\n|\n|t:|1768419179\n|move|p2a: Lugia|Aeroblast|p1a: Forretress\n|-damage|p1a: Forretress|0 fnt\n|faint|p1a: Forretress\n|\n|-heal|p2a: Lugia|198/268|[from] item: Leftovers\n|upkeep\n|\n|t:|1768419184\n|switch|p1a: Furret|Furret, L93, F|279/309\n|-item|p2a: Lugia|Leftovers|[from] ability: Frisk|[of] p1a: Furret\n|turn|40\n|\n|t:|1768419187\n|move|p1a: Furret|Knock Off|p2a: Lugia\n|-supereffective|p2a: Lugia\n|-end|p2a: Lugia|Substitute\n|move|p2a: Lugia|Toxic|p1a: Furret\n|-status|p1a: Furret|tox\n|\n|-heal|p2a: Lugia|214/268|[from] item: Leftovers\n|-damage|p1a: Furret|260/309 tox|[from] psn\n|upkeep\n|turn|41\n|\n|t:|1768419214\n|switch|p2a: Volcanion|Volcanion, L79|145/255 psn\n|-damage|p2a: Volcanion|114/255 psn|[from] Spikes\n|move|p1a: Furret|Knock Off|p2a: Volcanion\n|-damage|p2a: Volcanion|22/255 psn\n|-enditem|p2a: Volcanion|Choice Specs|[from] move: Knock Off|[of] p1a: Furret\n|\n|-damage|p1a: Furret|222/309 tox|[from] psn\n|-damage|p2a: Volcanion|0 fnt|[from] psn\n|faint|p2a: Volcanion\n|upkeep\n|\n|t:|1768419217\n|switch|p2a: Glaceon|Glaceon, L91, F|135/266 psn\n|-damage|p2a: Glaceon|102/266 psn|[from] Spikes\n|turn|42\n|\n|t:|1768419222\n|move|p1a: Furret|Knock Off|p2a: Glaceon\n|-damage|p2a: Glaceon|22/266 psn\n|-enditem|p2a: Glaceon|Leftovers|[from] move: Knock Off|[of] p1a: Furret\n|move|p2a: Glaceon|Wish|p2a: Glaceon\n|\n|-damage|p1a: Furret|165/309 tox|[from] psn\n|-damage|p2a: Glaceon|0 fnt|[from] psn\n|faint|p2a: Glaceon\n|upkeep\n|\n|t:|1768419226\n|switch|p2a: Lugia|Lugia, L71|214/268\n|turn|43\n|\n|t:|1768419232\n|move|p1a: Furret|Knock Off|p2a: Lugia\n|-supereffective|p2a: Lugia\n|-damage|p2a: Lugia|42/268\n|-enditem|p2a: Lugia|Leftovers|[from] move: Knock Off|[of] p1a: Furret\n|move|p2a: Lugia|Roost|p2a: Lugia\n|-heal|p2a: Lugia|176/268\n|-singleturn|p2a: Lugia|move: Roost\n|\n|-heal|p2a: Lugia|268/268|[from] move: Wish|[wisher] Glaceon\n|-damage|p1a: Furret|89/309 tox|[from] psn\n|upkeep\n|turn|44\n|\n|t:|1768419239\n|move|p1a: Furret|Knock Off|p2a: Lugia\n|-supereffective|p2a: Lugia\n|-damage|p2a: Lugia|204/268\n|move|p2a: Lugia|Roost|p2a: Lugia\n|-heal|p2a: Lugia|268/268\n|-singleturn|p2a: Lugia|move: Roost\n|\n|-damage|p1a: Furret|0 fnt|[from] psn\n|faint|p1a: Furret\n|upkeep\n|\n|t:|1768419244\n|switch|p1a: Alakazam|Alakazam, L81, F|167/222\n|turn|45\n|\n|t:|1768419247\n|move|p1a: Alakazam|Calm Mind|p1a: Alakazam\n|-boost|p1a: Alakazam|spa|1\n|-boost|p1a: Alakazam|spd|1\n|move|p2a: Lugia|Aeroblast|p1a: Alakazam\n|-damage|p1a: Alakazam|118/222\n|\n|upkeep\n|turn|46\n|\n|t:|1768419256\n|move|p1a: Alakazam|Calm Mind|p1a: Alakazam\n|-boost|p1a: Alakazam|spa|1\n|-boost|p1a: Alakazam|spd|1\n|move|p2a: Lugia|Aeroblast|p1a: Alakazam\n|-crit|p1a: Alakazam\n|-damage|p1a: Alakazam|9/222\n|\n|upkeep\n|turn|47\n|c|☆LoMa_Louis|gg\n|-message|Bearsfan777 forfeited.\n|\n|win|LoMa_Louis\n|raw|Bearsfan777's rating: 1662 &rarr; <strong>1641</strong><br />(-21 for losing)\n|raw|LoMa_Louis's rating: 1639 &rarr; <strong>1660</strong><br />(+21 for winning)\n|l|☆Bearsfan777\n|player|p1|\n", "inputlog": ">version f2883557ca71b1a14bc1039fd307aee7de4ab455\n>start {\"formatid\":\"gen6randombattle\",\"seed\":\"sodium,edace12ffb95781b9a6d00164aa36b6e\",\"rated\":\"Rated battle\"}\n>player p1 {\"name\":\"Bearsfan777\",\"avatar\":\"101\",\"rating\":1662,\"seed\":\"sodium,37d131250fff354ca4e771b6242ba67d\"}\n>player p2 {\"name\":\"LoMa_Louis\",\"avatar\":\"wallace-masters\",\"rating\":1639,\"seed\":\"sodium,5fc3d2f81040c750314b95c56e1bd993\"}\n>p1 move outrage\n>p2 switch 3\n>p1 move outrage\n>p2 move icebeam\n>p1 switch 3\n>p1 move spikes\n>p2 switch 4\n>p1 switch 5\n>p2 move scald\n>p1 move calmmind\n>p2 move scald\n>p1 move recover mega\n>p2 move scald\n>p1 move calmmind\n>p2 move scald\n>p1 move recover\n>p2 move scald\n>p1 move recover\n>p2 move scald\n>p1 move recover\n>p2 move toxicspikes\n>p1 move calmmind\n>p2 move scald\n>p1 move willowisp\n>p2 move scald\n>p1 move recover\n>p2 move scald\n>p1 move recover\n>p2 move scald\n>p1 move darkpulse\n>p2 move scald\n>p1 move calmmind\n>p2 move scald\n>p1 move recover\n>p2 move scald\n>p1 move recover\n>p2 move scald\n>p2 switch 3\n>p1 move darkpulse\n>p2 move dracometeor\n>p1 move recover\n>p2 move dracometeor\n>p1 move recover\n>p2 move dracometeor\n>p1 move darkpulse\n>p2 move dracometeor\n>chat ☆LoMa_Louis|finally\n>p1 switch 4\n>p1 move substitute\n>p2 move earthquake\n>p2 switch 2\n>p1 switch 5\n>p2 move knockoff\n>p1 switch 6\n>p2 switch 4\n>p1 move firepunch\n>p2 move wish\n>p1 move firepunch\n>p2 move protect\n>p1 move firepunch\n>p2 switch 6\n>p1 switch 2\n>p2 move steameruption\n>p1 move substitute\n>p2 switch 4\n>p1 move hiddenpower\n>p2 move gigadrain\n>p1 move hiddenpower\n>p2 move gigadrain\n>p1 switch 2\n>p1 move doubleedge\n>p2 move spikes\n>p2 switch 5\n>p1 move doubleedge\n>p2 move roost\n>p1 switch 6\n>p2 move toxic\n>p1 move toxic\n>p2 move substitute\n>p1 move gyroball\n>p2 move aeroblast\n>p1 move gyroball\n>p2 move substitute\n>p1 move gyroball\n>p2 move aeroblast\n>p1 switch 6\n>p1 move knockoff\n>p2 move toxic\n>p1 move knockoff\n>p2 switch 4\n>p2 switch 6\n>p1 move knockoff\n>p2 move wish\n>p2 switch 4\n>p1 move knockoff\n>p2 move roost\n>p1 move knockoff\n>p2 move roost\n>p1 switch 5\n>p1 move calmmind\n>p2 move aeroblast\n>p1 move calmmind\n>p2 move aeroblast\n>chat ☆LoMa_Louis|gg\n>forcelose p1", "uploadtime": 1768419265, "views": 255, "formatid": "gen6randombattle", "rating": 1641, "private": 0, "password": null}