{"id": "gen6randombattle-2519320851", "format": "[Gen 6] Random Battle", "players": ["Embar", "arboretums"], "log": "|j|☆Embar\n|j|☆arboretums\n|t:|1768495467\n|gametype|singles\n|player|p1|Embar|linebacker|1583\n|player|p2|arboretums|whitney-masters|1556\n|gen|6\n|tier|[Gen 6] Random Battle\n|rated|\n|rule|Sleep Clause Mod: Limit one foe put to sleep\n|rule|HP Percentage Mod: HP is shown in percentages\n|rule|Illusion Level Mod: Illusion disguises the Pokémon's true level\n|\n|t:|1768495467\n|teamsize|p1|6\n|teamsize|p2|6\n|start\n|switch|p1a: Octillery|Octillery, L93, M|290/290\n|switch|p2a: Plusle|Plusle, L93, F|262/262\n|turn|1\n|\n|t:|1768495487\n|switch|p1a: Sudowoodo|Sudowoodo, L94, M|284/284\n|move|p2a: Plusle|Nasty Plot|p2a: Plusle\n|-boost|p2a: Plusle|spa|2\n|\n|upkeep\n|turn|2\n|\n|t:|1768495493\n|move|p2a: Plusle|Thunderbolt|p1a: Sudowoodo\n|-damage|p1a: Sudowoodo|0 fnt\n|faint|p1a: Sudowoodo\n|-damage|p2a: Plusle|236/262|[from] item: Life Orb\n|\n|upkeep\n|inactive|Battle timer is ON: inactive players will automatically lose when time's up. (requested by arboretums)\n|\n|t:|1768495506\n|switch|p1a: Bronzong|Bronzong, L85|253/253\n|turn|3\n|\n|t:|1768495516\n|move|p2a: Plusle|Nasty Plot|p2a: Plusle\n|-boost|p2a: Plusle|spa|2\n|move|p1a: Bronzong|Earthquake|p2a: Plusle\n|-supereffective|p2a: Plusle\n|-crit|p2a: Plusle\n|-damage|p2a: Plusle|0 fnt\n|faint|p2a: Plusle\n|\n|upkeep\n|\n|t:|1768495539\n|switch|p2a: Trevenant|Trevenant, L91, M|303/303\n|turn|4\n|\n|t:|1768495548\n|switch|p1a: Volcarona|Volcarona, L77, F|257/257\n|move|p2a: Trevenant|Shadow Claw|p1a: Volcarona\n|-damage|p1a: Volcarona|74/257\n|-damage|p2a: Trevenant|273/303|[from] item: Life Orb\n|\n|-heal|p1a: Volcarona|90/257|[from] item: Leftovers\n|upkeep\n|turn|5\n|inactive|arboretums has 120 seconds left.\n|\n|t:|1768495580\n|move|p1a: Volcarona|Roost|p1a: Volcarona\n|-heal|p1a: Volcarona|219/257\n|-singleturn|p1a: Volcarona|move: Roost\n|move|p2a: Trevenant|Shadow Claw|p1a: Volcarona\n|-damage|p1a: Volcarona|34/257\n|-damage|p2a: Trevenant|243/303|[from] item: Life Orb\n|\n|-heal|p1a: Volcarona|50/257|[from] item: Leftovers\n|upkeep\n|turn|6\n|inactive|arboretums has 120 seconds left.\n|\n|t:|1768495599\n|switch|p2a: Regirock|Regirock, L86|278/278\n|move|p1a: Volcarona|Roost|p1a: Volcarona\n|-heal|p1a: Volcarona|179/257\n|-singleturn|p1a: Volcarona|move: Roost\n|\n|-heal|p1a: Volcarona|195/257|[from] item: Leftovers\n|upkeep\n|turn|7\n|inactive|arboretums has 120 seconds left.\n|\n|t:|1768495628\n|switch|p1a: Octillery|Octillery, L93, M|290/290\n|move|p2a: Regirock|Stone Edge|p1a: Octillery\n|-damage|p1a: Octillery|170/290\n|\n|-heal|p1a: Octillery|188/290|[from] item: Leftovers\n|upkeep\n|turn|8\n|\n|t:|1768495638\n|switch|p2a: Roserade|Roserade, L83, F|235/235\n|move|p1a: Octillery|Scald|p2a: Roserade\n|-resisted|p2a: Roserade\n|-damage|p2a: Roserade|190/235\n|\n|-heal|p1a: Octillery|206/290|[from] item: Leftovers\n|upkeep\n|turn|9\n|inactive|arboretums has 120 seconds left.\n|\n|t:|1768495647\n|switch|p1a: Bronzong|Bronzong, L85|253/253\n|move|p2a: Roserade|Leaf Storm|p1a: Bronzong\n|-resisted|p1a: Bronzong\n|-crit|p1a: Bronzong\n|-damage|p1a: Bronzong|117/253\n|-unboost|p2a: Roserade|spa|2\n|-damage|p2a: Roserade|167/235|[from] item: Life Orb\n|\n|-heal|p1a: Bronzong|132/253|[from] item: Leftovers\n|upkeep\n|turn|10\n|\n|t:|1768495653\n|switch|p2a: Trevenant|Trevenant, L91, M|243/303\n|move|p1a: Bronzong|Toxic|p2a: Trevenant\n|-status|p2a: Trevenant|tox\n|\n|-heal|p1a: Bronzong|147/253|[from] item: Leftovers\n|-damage|p2a: Trevenant|225/303 tox|[from] psn\n|upkeep\n|turn|11\n|inactive|arboretums has 120 seconds left.\n|\n|t:|1768495672\n|switch|p1a: Staraptor|Staraptor, L78, F|261/261\n|move|p2a: Trevenant|Shadow Claw|p1a: Staraptor\n|-immune|p1a: Staraptor\n|\n|-damage|p2a: Trevenant|189/303 tox|[from] psn\n|upkeep\n|turn|12\n|\n|t:|1768495688\n|-curestatus|p2a: Trevenant|tox|[from] ability: Natural Cure\n|switch|p2a: Alomomola|Alomomola, L85, M|419/419\n|move|p1a: Staraptor|Close Combat|p2a: Alomomola\n|-damage|p2a: Alomomola|275/419\n|-unboost|p1a: Staraptor|def|1\n|-unboost|p1a: Staraptor|spd|1\n|-damage|p1a: Staraptor|218/261|[from] item: Rocky Helmet|[of] p2a: Alomomola\n|\n|upkeep\n|turn|13\n|\n|t:|1768495708\n|switch|p1a: Bronzong|Bronzong, L85|147/253\n|move|p2a: Alomomola|Scald|p1a: Bronzong\n|-damage|p1a: Bronzong|110/253\n|\n|-heal|p1a: Bronzong|125/253|[from] item: Leftovers\n|upkeep\n|turn|14\n|j| roadto15oo\n|\n|t:|1768495717\n|move|p2a: Alomomola|Scald|p1a: Bronzong\n|-damage|p1a: Bronzong|82/253\n|move|p1a: Bronzong|Toxic|p2a: Alomomola|[miss]\n|-miss|p1a: Bronzong|p2a: Alomomola\n|\n|-heal|p1a: Bronzong|97/253|[from] item: Leftovers\n|upkeep\n|turn|15\n|\n|t:|1768495725\n|switch|p2a: Trevenant|Trevenant, L91, M|189/303\n|move|p1a: Bronzong|Toxic|p2a: Trevenant\n|-status|p2a: Trevenant|tox\n|\n|-heal|p1a: Bronzong|112/253|[from] item: Leftovers\n|-damage|p2a: Trevenant|171/303 tox|[from] psn\n|upkeep\n|turn|16\n|\n|t:|1768495734\n|switch|p1a: Fearow|Fearow, L88, F|258/258\n|move|p2a: Trevenant|Drain Punch|p1a: Fearow\n|-damage|p1a: Fearow|161/258\n|-heal|p2a: Trevenant|220/303 tox|[from] drain|[of] p1a: Fearow\n|-damage|p2a: Trevenant|190/303 tox|[from] item: Life Orb\n|\n|-damage|p2a: Trevenant|154/303 tox|[from] psn\n|upkeep\n|turn|17\n|\n|t:|1768495748\n|-curestatus|p2a: Trevenant|tox|[from] ability: Natural Cure\n|switch|p2a: Alomomola|Alomomola, L85, M|414/419\n|move|p1a: Fearow|U-turn|p2a: Alomomola\n|-damage|p2a: Alomomola|332/419\n|-damage|p1a: Fearow|118/258|[from] item: Rocky Helmet|[of] p2a: Alomomola\n|\n|t:|1768495757\n|switch|p1a: Bronzong|Bronzong, L85|112/253|[from] U-turn\n|\n|-heal|p1a: Bronzong|127/253|[from] item: Leftovers\n|upkeep\n|turn|18\n|\n|t:|1768495763\n|switch|p2a: Trevenant|Trevenant, L91, M|154/303\n|move|p1a: Bronzong|Toxic|p2a: Trevenant\n|-status|p2a: Trevenant|tox\n|\n|-heal|p1a: Bronzong|142/253|[from] item: Leftovers\n|-damage|p2a: Trevenant|136/303 tox|[from] psn\n|upkeep\n|turn|19\n|\n|t:|1768495781\n|switch|p1a: Octillery|Octillery, L93, M|206/290\n|move|p2a: Trevenant|Shadow Claw|p1a: Octillery\n|-damage|p1a: Octillery|73/290\n|-damage|p2a: Trevenant|106/303 tox|[from] item: Life Orb\n|\n|-heal|p1a: Octillery|91/290|[from] item: Leftovers\n|-damage|p2a: Trevenant|70/303 tox|[from] psn\n|upkeep\n|turn|20\n|\n|t:|1768495793\n|switch|p1a: Volcarona|Volcarona, L77, F|195/257\n|-curestatus|p2a: Trevenant|tox|[from] ability: Natural Cure\n|switch|p2a: Roserade|Roserade, L83, F|167/235\n|\n|-heal|p1a: Volcarona|211/257|[from] item: Leftovers\n|upkeep\n|turn|21\n|\n|t:|1768495805\n|switch|p2a: Regirock|Regirock, L86|278/278\n|move|p1a: Volcarona|Quiver Dance|p1a: Volcarona\n|-boost|p1a: Volcarona|spa|1\n|-boost|p1a: Volcarona|spd|1\n|-boost|p1a: Volcarona|spe|1\n|\n|-heal|p1a: Volcarona|227/257|[from] item: Leftovers\n|upkeep\n|turn|22\n|inactive|Embar has 120 seconds left.\n|\n|t:|1768495833\n|switch|p1a: Fearow|Fearow, L88, F|118/258\n|move|p2a: Regirock|Stone Edge|p1a: Fearow\n|-supereffective|p1a: Fearow\n|-damage|p1a: Fearow|0 fnt\n|faint|p1a: Fearow\n|\n|upkeep\n|inactive|Embar has 120 seconds left.\n|\n|t:|1768495840\n|switch|p1a: Octillery|Octillery, L93, M|91/290\n|turn|23\n|\n|t:|1768495850\n|switch|p2a: Alomomola|Alomomola, L85, M|419/419\n|move|p1a: Octillery|Scald|p2a: Alomomola\n|-resisted|p2a: Alomomola\n|-damage|p2a: Alomomola|332/419\n|\n|-heal|p1a: Octillery|109/290|[from] item: Leftovers\n|upkeep\n|turn|24\n|inactive|Embar has 120 seconds left.\n|\n|t:|1768495871\n|switch|p2a: Roserade|Roserade, L83, F|167/235\n|move|p1a: Octillery|Energy Ball|p2a: Roserade\n|-resisted|p2a: Roserade\n|-damage|p2a: Roserade|149/235\n|\n|-heal|p1a: Octillery|127/290|[from] item: Leftovers\n|upkeep\n|turn|25\n|inactive|Embar has 120 seconds left.\n|\n|t:|1768495882\n|switch|p1a: Volcarona|Volcarona, L77, F|227/257\n|move|p2a: Roserade|Sludge Bomb|p1a: Volcarona\n|-damage|p1a: Volcarona|93/257\n|-status|p1a: Volcarona|psn\n|-damage|p2a: Roserade|126/235|[from] item: Life Orb\n|\n|-heal|p1a: Volcarona|109/257 psn|[from] item: Leftovers\n|-damage|p1a: Volcarona|77/257 psn|[from] psn\n|upkeep\n|turn|26\n|inactive|Embar has 120 seconds left.\n|\n|t:|1768495895\n|move|p1a: Volcarona|Roost|p1a: Volcarona\n|-heal|p1a: Volcarona|206/257 psn\n|-singleturn|p1a: Volcarona|move: Roost\n|move|p2a: Roserade|Sludge Bomb|p1a: Volcarona\n|-damage|p1a: Volcarona|53/257 psn\n|-damage|p2a: Roserade|103/235|[from] item: Life Orb\n|\n|-heal|p1a: Volcarona|69/257 psn|[from] item: Leftovers\n|-damage|p1a: Volcarona|37/257 psn|[from] psn\n|upkeep\n|turn|27\n|\n|t:|1768495902\n|move|p1a: Volcarona|Fiery Dance|p2a: Roserade\n|-supereffective|p2a: Roserade\n|-damage|p2a: Roserade|0 fnt\n|faint|p2a: Roserade\n|\n|-heal|p1a: Volcarona|53/257 psn|[from] item: Leftovers\n|-damage|p1a: Volcarona|21/257 psn|[from] psn\n|upkeep\n|\n|t:|1768495908\n|switch|p2a: Slurpuff|Slurpuff, L77, M|252/252\n|turn|28\n|\n|t:|1768495924\n|switch|p1a: Bronzong|Bronzong, L85|142/253\n|move|p2a: Slurpuff|Belly Drum|p2a: Slurpuff\n|-damage|p2a: Slurpuff|126/252\n|-setboost|p2a: Slurpuff|atk|6|[from] move: Belly Drum\n|-enditem|p2a: Slurpuff|Sitrus Berry|[eat]\n|-heal|p2a: Slurpuff|189/252|[from] item: Sitrus Berry\n|\n|-heal|p1a: Bronzong|157/253|[from] item: Leftovers\n|upkeep\n|turn|29\n|\n|t:|1768495928\n|move|p2a: Slurpuff|Drain Punch|p1a: Bronzong\n|-damage|p1a: Bronzong|31/253\n|-heal|p2a: Slurpuff|252/252|[from] drain|[of] p1a: Bronzong\n|move|p1a: Bronzong|Iron Head|p2a: Slurpuff\n|-supereffective|p2a: Slurpuff\n|-damage|p2a: Slurpuff|78/252\n|\n|-heal|p1a: Bronzong|46/253|[from] item: Leftovers\n|upkeep\n|turn|30\n|\n|t:|1768495932\n|move|p2a: Slurpuff|Drain Punch|p1a: Bronzong\n|-damage|p1a: Bronzong|0 fnt\n|-heal|p2a: Slurpuff|101/252|[from] drain|[of] p1a: Bronzong\n|faint|p1a: Bronzong\n|\n|upkeep\n|\n|t:|1768495943\n|switch|p1a: Staraptor|Staraptor, L78, F|218/261\n|turn|31\n|\n|t:|1768495946\n|move|p1a: Staraptor|Quick Attack|p2a: Slurpuff\n|-damage|p2a: Slurpuff|25/252\n|move|p2a: Slurpuff|Return|p1a: Staraptor\n|-damage|p1a: Staraptor|0 fnt\n|faint|p1a: Staraptor\n|\n|upkeep\n|\n|t:|1768495949\n|switch|p1a: Octillery|Octillery, L93, M|127/290\n|turn|32\n|\n|t:|1768495951\n|move|p2a: Slurpuff|Drain Punch|p1a: Octillery\n|-damage|p1a: Octillery|0 fnt\n|-heal|p2a: Slurpuff|89/252|[from] drain|[of] p1a: Octillery\n|faint|p1a: Octillery\n|\n|upkeep\n|\n|t:|1768495954\n|switch|p1a: Volcarona|Volcarona, L77, F|21/257 psn\n|turn|33\n|\n|t:|1768495958\n|move|p2a: Slurpuff|Drain Punch|p1a: Volcarona\n|-resisted|p1a: Volcarona\n|-damage|p1a: Volcarona|0 fnt\n|-heal|p2a: Slurpuff|100/252|[from] drain|[of] p1a: Volcarona\n|faint|p1a: Volcarona\n|\n|win|arboretums\n|raw|Embar's rating: 1583 &rarr; <strong>1561</strong><br />(-22 for losing)\n|raw|arboretums's rating: 1556 &rarr; <strong>1578</strong><br />(+22 for winning)\n|c|☆arboretums|ggwp\n", "inputlog": ">version 3bd1a1e329da8d286644078cfc9a9638fc7ea025\n>start {\"formatid\":\"gen6randombattle\",\"seed\":\"sodium,09b6ad4a58f801a1db4e9e9d7db30e79\",\"rated\":\"Rated battle\"}\n>player p1 {\"name\":\"Embar\",\"avatar\":\"linebacker\",\"rating\":1583,\"seed\":\"sodium,8cb739112f0fc2886d5f5daded4702db\"}\n>player p2 {\"name\":\"arboretums\",\"avatar\":\"whitney-masters\",\"rating\":1556,\"seed\":\"sodium,072d012f6651d4b7c41b102a9dda3e02\"}\n>p1 switch 5\n>p2 move nastyplot\n>p1 move earthquake\n>p2 move thunderbolt\n>p1 switch 2\n>p1 move earthquake\n>p2 move nastyplot\n>p2 switch 4\n>p1 switch 3\n>p2 move shadowclaw\n>p1 move roost\n>p2 move shadowclaw\n>p1 move roost\n>p2 switch 3\n>p1 switch 5\n>p2 move stoneedge\n>p1 move scald\n>p2 switch 5\n>p1 switch 3\n>p2 move leafstorm\n>p1 move toxic\n>p2 switch 3\n>p1 switch 4\n>p2 move shadowclaw\n>p1 move closecombat\n>p2 switch 2\n>p1 switch 4\n>p2 move scald\n>p1 move toxic\n>p2 move scald\n>p1 move toxic\n>p2 switch 2\n>p1 switch 6\n>p2 move drainpunch\n>p1 move uturn\n>p2 switch 2\n>p1 switch 6\n>p1 move toxic\n>p2 switch 2\n>p1 switch 3\n>p2 move shadowclaw\n>p1 switch 5\n>p2 switch 3\n>p1 move quiverdance\n>p2 switch 5\n>p1 switch 6\n>p2 move stoneedge\n>p1 switch 5\n>p1 move scald\n>p2 switch 2\n>p1 move energyball\n>p2 switch 5\n>p1 switch 6\n>p2 move sludgebomb\n>p1 move roost\n>p2 move sludgebomb\n>p1 move fierydance\n>p2 move sludgebomb\n>p2 switch 6\n>p1 switch 3\n>p2 move bellydrum\n>p1 move ironhead\n>p2 move drainpunch\n>p1 move ironhead\n>p2 move drainpunch\n>p1 switch 4\n>p1 move quickattack\n>p2 move return\n>p1 switch 6\n>p1 move thunderwave\n>p2 move drainpunch\n>p1 switch 3\n>p1 move fierydance\n>p2 move drainpunch", "uploadtime": 1768495960, "views": 266, "formatid": "gen6randombattle", "rating": 1561, "private": 0, "password": null}