{"id": "gen6randombattle-2538167204", "format": "[Gen 6] Random Battle", "players": ["Darkbloom91", "GuyTG24"], "log": "|j|☆Darkbloom91\n|j|☆GuyTG24\n|t:|1770901929\n|gametype|singles\n|player|p1|Darkbloom91|1|1578\n|player|p2|GuyTG24|1|1642\n|gen|6\n|tier|[Gen 6] Random Battle\n|rated|\n|rule|Sleep Clause Mod: Limit one foe put to sleep\n|rule|HP Percentage Mod: HP is shown in percentages\n|rule|Illusion Level Mod: Illusion disguises the Pokémon's true level\n|\n|t:|1770901929\n|teamsize|p1|6\n|teamsize|p2|6\n|start\n|switch|p1a: Victini|Victini, L77|281/281\n|switch|p2a: Milotic|Milotic, L83, M|293/293\n|turn|1\n|inactive|Battle timer is ON: inactive players will automatically lose when time's up. (requested by Darkbloom91)\n|\n|t:|1770901937\n|move|p1a: Victini|Bolt Strike|p2a: Milotic\n|-supereffective|p2a: Milotic\n|-damage|p2a: Milotic|39/293\n|move|p2a: Milotic|Toxic|p1a: Victini\n|-status|p1a: Victini|tox\n|\n|-heal|p2a: Milotic|57/293|[from] item: Leftovers\n|-damage|p1a: Victini|264/281 tox|[from] psn\n|upkeep\n|turn|2\n|\n|t:|1770901943\n|switch|p2a: Chesnaught|Chesnaught, L86, F|292/292\n|move|p1a: Victini|Bolt Strike|p2a: Chesnaught\n|-resisted|p2a: Chesnaught\n|-damage|p2a: Chesnaught|250/292\n|\n|-heal|p2a: Chesnaught|268/292|[from] item: Leftovers\n|-damage|p1a: Victini|230/281 tox|[from] psn\n|upkeep\n|turn|3\n|\n|t:|1770901949\n|switch|p1a: Espeon|Espeon, L81, M|238/238\n|move|p2a: Chesnaught|Spiky Shield||[still]\n|-fail|p2a: Chesnaught\n|\n|-heal|p2a: Chesnaught|286/292|[from] item: Leftovers\n|upkeep\n|turn|4\n|\n|t:|1770901956\n|switch|p2a: Milotic|Milotic, L83, M|57/293\n|move|p1a: Espeon|Psychic|p2a: Milotic\n|-damage|p2a: Milotic|0 fnt\n|faint|p2a: Milotic\n|-damage|p1a: Espeon|215/238|[from] item: Life Orb\n|\n|upkeep\n|\n|t:|1770901961\n|switch|p2a: Kangaskhan|Kangaskhan, L71, F|267/267\n|turn|5\n|\n|t:|1770901967\n|switch|p1a: Registeel|Registeel, L82|265/265\n|detailschange|p2a: Kangaskhan|Kangaskhan-Mega, L71, F\n|-mega|p2a: Kangaskhan|Kangaskhan|Kangaskhanite\n|move|p2a: Kangaskhan|Power-Up Punch|p1a: Registeel\n|-supereffective|p1a: Registeel\n|-damage|p1a: Registeel|233/265\n|-boost|p2a: Kangaskhan|atk|1\n|-supereffective|p1a: Registeel\n|-damage|p1a: Registeel|207/265\n|-boost|p2a: Kangaskhan|atk|1\n|-hitcount|p1a: Registeel|2\n|\n|-heal|p1a: Registeel|223/265|[from] item: Leftovers\n|upkeep\n|turn|6\n|\n|t:|1770901975\n|move|p2a: Kangaskhan|Earthquake|p1a: Registeel\n|-supereffective|p1a: Registeel\n|-damage|p1a: Registeel|43/265\n|-supereffective|p1a: Registeel\n|-damage|p1a: Registeel|0 fnt\n|faint|p1a: Registeel\n|-hitcount|p1: Registeel|2\n|\n|upkeep\n|\n|t:|1770901980\n|switch|p1a: Quagsire|Quagsire, L87, F|307/307\n|turn|7\n|\n|t:|1770901991\n|switch|p2a: Weezing|Weezing, L86, F|252/252\n|move|p1a: Quagsire|Toxic|p2a: Weezing\n|-immune|p2a: Weezing\n|\n|upkeep\n|turn|8\n|\n|t:|1770901994\n|move|p2a: Weezing|Toxic Spikes|p1a: Quagsire\n|-sidestart|p1: Darkbloom91|move: Toxic Spikes\n|move|p1a: Quagsire|Scald|p2a: Weezing\n|-damage|p2a: Weezing|168/252\n|\n|-heal|p2a: Weezing|183/252|[from] item: Black Sludge\n|upkeep\n|turn|9\n|\n|t:|1770901998\n|move|p2a: Weezing|Sludge Bomb|p1a: Quagsire\n|-resisted|p1a: Quagsire\n|-damage|p1a: Quagsire|250/307\n|move|p1a: Quagsire|Scald|p2a: Weezing\n|-damage|p2a: Weezing|107/252\n|-status|p2a: Weezing|brn\n|\n|-heal|p2a: Weezing|122/252 brn|[from] item: Black Sludge\n|-heal|p1a: Quagsire|269/307|[from] item: Leftovers\n|-damage|p2a: Weezing|91/252 brn|[from] brn\n|upkeep\n|turn|10\n|\n|t:|1770902006\n|move|p2a: Weezing|Toxic Spikes|p1a: Quagsire\n|-sidestart|p1: Darkbloom91|move: Toxic Spikes\n|move|p1a: Quagsire|Scald|p2a: Weezing\n|-damage|p2a: Weezing|9/252 brn\n|\n|-heal|p2a: Weezing|24/252 brn|[from] item: Black Sludge\n|-heal|p1a: Quagsire|288/307|[from] item: Leftovers\n|-damage|p2a: Weezing|0 fnt|[from] brn\n|faint|p2a: Weezing\n|upkeep\n|\n|t:|1770902009\n|switch|p2a: Chesnaught|Chesnaught, L86, F|286/292\n|turn|11\n|\n|t:|1770902015\n|switch|p1a: Tornadus|Tornadus-Therian, L78, M|251/251\n|move|p2a: Chesnaught|Wood Hammer|p1a: Tornadus\n|-resisted|p1a: Tornadus\n|-damage|p1a: Tornadus|163/251\n|-damage|p2a: Chesnaught|257/292|[from] Recoil\n|\n|-heal|p2a: Chesnaught|275/292|[from] item: Leftovers\n|upkeep\n|turn|12\n|\n|t:|1770902023\n|switch|p2a: Arceus|Arceus-Poison, L71|288/288\n|move|p1a: Tornadus|Hurricane|p2a: Arceus\n|-crit|p2a: Arceus\n|-damage|p2a: Arceus|138/288\n|\n|upkeep\n|turn|13\n|\n|t:|1770902032\n|move|p1a: Tornadus|U-turn|p2a: Arceus\n|-resisted|p2a: Arceus\n|-damage|p2a: Arceus|118/288\n|\n|t:|1770902036\n|switch|p1a: Espeon|Espeon, L81, M|215/238|[from] U-turn\n|-status|p1a: Espeon|tox\n|move|p2a: Arceus|Recover|p2a: Arceus\n|-heal|p2a: Arceus|262/288\n|\n|-damage|p1a: Espeon|201/238 tox|[from] psn\n|upkeep\n|turn|14\n|\n|t:|1770902043\n|switch|p2a: Sharpedo|Sharpedo, L82, M|249/249\n|move|p1a: Espeon|Psychic|p2a: Sharpedo\n|-immune|p2a: Sharpedo\n|\n|-damage|p1a: Espeon|173/238 tox|[from] psn\n|upkeep\n|turn|15\n|\n|t:|1770902050\n|switch|p1a: Sawk|Sawk, L84, M|263/263\n|-status|p1a: Sawk|tox\n|move|p2a: Sharpedo|Crunch|p1a: Sawk\n|-resisted|p1a: Sawk\n|-damage|p1a: Sawk|198/263 tox\n|-damage|p2a: Sharpedo|225/249|[from] item: Life Orb\n|\n|-heal|p1a: Sawk|214/263 tox|[from] item: Leftovers\n|-damage|p1a: Sawk|198/263 tox|[from] psn\n|-ability|p2a: Sharpedo|Speed Boost|boost\n|-boost|p2a: Sharpedo|spe|1\n|upkeep\n|turn|16\n|\n|t:|1770902057\n|move|p2a: Sharpedo|Protect|p2a: Sharpedo\n|-singleturn|p2a: Sharpedo|Protect\n|move|p1a: Sawk|Close Combat|p2a: Sharpedo\n|-activate|p2a: Sharpedo|move: Protect\n|\n|-heal|p1a: Sawk|214/263 tox|[from] item: Leftovers\n|-damage|p1a: Sawk|182/263 tox|[from] psn\n|-ability|p2a: Sharpedo|Speed Boost|boost\n|-boost|p2a: Sharpedo|spe|1\n|upkeep\n|turn|17\n|\n|t:|1770902064\n|switch|p2a: Chesnaught|Chesnaught, L86, F|275/292\n|move|p1a: Sawk|Earthquake|p2a: Chesnaught\n|-resisted|p2a: Chesnaught\n|-damage|p2a: Chesnaught|240/292\n|\n|-heal|p1a: Sawk|198/263 tox|[from] item: Leftovers\n|-heal|p2a: Chesnaught|258/292|[from] item: Leftovers\n|-damage|p1a: Sawk|150/263 tox|[from] psn\n|upkeep\n|turn|18\n|\n|t:|1770902071\n|switch|p1a: Tornadus|Tornadus-Therian, L78, M|246/251\n|move|p2a: Chesnaught|Leech Seed|p1a: Tornadus\n|-start|p1a: Tornadus|move: Leech Seed\n|\n|-heal|p2a: Chesnaught|276/292|[from] item: Leftovers\n|-damage|p1a: Tornadus|215/251|[from] Leech Seed|[of] p2a: Chesnaught\n|-heal|p2a: Chesnaught|292/292|[silent]\n|upkeep\n|turn|19\n|\n|t:|1770902078\n|switch|p2a: Arceus|Arceus-Poison, L71|262/288\n|move|p1a: Tornadus|U-turn|p2a: Arceus\n|-resisted|p2a: Arceus\n|-damage|p2a: Arceus|241/288\n|\n|t:|1770902081\n|switch|p1a: Espeon|Espeon, L81, M|173/238 tox|[from] U-turn\n|\n|-damage|p1a: Espeon|159/238 tox|[from] psn\n|upkeep\n|turn|20\n|\n|t:|1770902090\n|move|p1a: Espeon|Dazzling Gleam|p2a: Arceus\n|-resisted|p2a: Arceus\n|-damage|p2a: Arceus|199/288\n|-damage|p1a: Espeon|136/238 tox|[from] item: Life Orb\n|move|p2a: Arceus|Sludge Bomb|p1a: Espeon\n|-damage|p1a: Espeon|42/238 tox\n|\n|-damage|p1a: Espeon|14/238 tox|[from] psn\n|upkeep\n|turn|21\n|\n|t:|1770902100\n|move|p1a: Espeon|Morning Sun|p1a: Espeon\n|-heal|p1a: Espeon|133/238 tox\n|move|p2a: Arceus|Calm Mind|p2a: Arceus\n|-boost|p2a: Arceus|spa|1\n|-boost|p2a: Arceus|spd|1\n|\n|-damage|p1a: Espeon|91/238 tox|[from] psn\n|upkeep\n|turn|22\n|\n|t:|1770902108\n|move|p1a: Espeon|Psychic|p2a: Arceus\n|-supereffective|p2a: Arceus\n|-damage|p2a: Arceus|33/288\n|-damage|p1a: Espeon|68/238 tox|[from] item: Life Orb\n|move|p2a: Arceus|Recover|p2a: Arceus\n|-heal|p2a: Arceus|177/288\n|\n|-damage|p1a: Espeon|12/238 tox|[from] psn\n|upkeep\n|turn|23\n|\n|t:|1770902116\n|move|p1a: Espeon|Psychic|p2a: Arceus\n|-supereffective|p2a: Arceus\n|-damage|p2a: Arceus|0 fnt\n|faint|p2a: Arceus\n|-damage|p1a: Espeon|0 fnt|[from] item: Life Orb\n|faint|p1a: Espeon\n|\n|upkeep\n|\n|t:|1770902125\n|switch|p1a: Tornadus|Tornadus-Therian, L78, M|251/251\n|switch|p2a: Kangaskhan|Kangaskhan-Mega, L71, F|267/267\n|turn|24\n|\n|t:|1770902134\n|move|p1a: Tornadus|Superpower|p2a: Kangaskhan\n|-supereffective|p2a: Kangaskhan\n|-damage|p2a: Kangaskhan|107/267\n|-unboost|p1a: Tornadus|atk|1\n|-unboost|p1a: Tornadus|def|1\n|move|p2a: Kangaskhan|Return|p1a: Tornadus\n|-crit|p1a: Tornadus\n|-damage|p1a: Tornadus|0 fnt\n|faint|p1a: Tornadus\n|-hitcount|p1: Tornadus|1\n|\n|upkeep\n|c|☆Darkbloom91|yeah fckng haX as usual\n|\n|t:|1770902150\n|switch|p1a: Sawk|Sawk, L84, M|150/263 tox\n|turn|25\n|c|☆GuyTG24|which?\n|c|☆GuyTG24|what happened?\n|\n|t:|1770902160\n|switch|p2a: Chesnaught|Chesnaught, L86, F|292/292\n|move|p1a: Sawk|Bulk Up|p1a: Sawk\n|-boost|p1a: Sawk|atk|1\n|-boost|p1a: Sawk|def|1\n|\n|-heal|p1a: Sawk|166/263 tox|[from] item: Leftovers\n|-damage|p1a: Sawk|150/263 tox|[from] psn\n|upkeep\n|turn|26\n|\n|t:|1770902165\n|move|p2a: Chesnaught|Spiky Shield|p2a: Chesnaught\n|-singleturn|p2a: Chesnaught|move: Protect\n|move|p1a: Sawk|Close Combat|p2a: Chesnaught\n|-activate|p2a: Chesnaught|move: Protect\n|-damage|p1a: Sawk|118/263 tox|[from] Spiky Shield|[of] p2a: Chesnaught\n|\n|-heal|p1a: Sawk|134/263 tox|[from] item: Leftovers\n|-damage|p1a: Sawk|102/263 tox|[from] psn\n|upkeep\n|turn|27\n|\n|t:|1770902171\n|move|p1a: Sawk|Close Combat|p2a: Chesnaught\n|-damage|p2a: Chesnaught|102/292\n|-unboost|p1a: Sawk|def|1\n|-unboost|p1a: Sawk|spd|1\n|move|p2a: Chesnaught|Drain Punch|p1a: Sawk\n|-damage|p1a: Sawk|5/263 tox\n|-heal|p2a: Chesnaught|151/292|[from] drain|[of] p1a: Sawk\n|\n|-heal|p1a: Sawk|21/263 tox|[from] item: Leftovers\n|-heal|p2a: Chesnaught|169/292|[from] item: Leftovers\n|-damage|p1a: Sawk|0 fnt|[from] psn\n|faint|p1a: Sawk\n|upkeep\n|\n|t:|1770902176\n|switch|p1a: Victini|Victini, L77|230/281 tox\n|turn|28\n|\n|t:|1770902181\n|move|p2a: Chesnaught|Spiky Shield|p2a: Chesnaught\n|-singleturn|p2a: Chesnaught|move: Protect\n|move|p1a: Victini|V-create|p2a: Chesnaught\n|-activate|p2a: Chesnaught|move: Protect\n|-damage|p1a: Victini|195/281 tox|[from] Spiky Shield|[of] p2a: Chesnaught\n|\n|-heal|p2a: Chesnaught|187/292|[from] item: Leftovers\n|-damage|p1a: Victini|178/281 tox|[from] psn\n|upkeep\n|turn|29\n|\n|t:|1770902195\n|switch|p2a: Kangaskhan|Kangaskhan-Mega, L71, F|107/267\n|move|p1a: Victini|V-create|p2a: Kangaskhan\n|-damage|p2a: Kangaskhan|0 fnt\n|-unboost|p1a: Victini|spe|1\n|-unboost|p1a: Victini|def|1\n|-unboost|p1a: Victini|spd|1\n|faint|p2a: Kangaskhan\n|detailschange|p2: Kangaskhan|Kangaskhan, L71, F|[silent]\n|\n|-damage|p1a: Victini|144/281 tox|[from] psn\n|upkeep\n|\n|t:|1770902201\n|switch|p2a: Sharpedo|Sharpedo, L82, M|225/249\n|turn|30\n|\n|t:|1770902209\n|switch|p1a: Quagsire|Quagsire, L87, F|288/307\n|-status|p1a: Quagsire|tox\n|move|p2a: Sharpedo|Waterfall|p1a: Quagsire\n|-damage|p1a: Quagsire|174/307 tox\n|-damage|p2a: Sharpedo|201/249|[from] item: Life Orb\n|\n|-heal|p1a: Quagsire|193/307 tox|[from] item: Leftovers\n|-damage|p1a: Quagsire|174/307 tox|[from] psn\n|-ability|p2a: Sharpedo|Speed Boost|boost\n|-boost|p2a: Sharpedo|spe|1\n|upkeep\n|turn|31\n|\n|t:|1770902217\n|switch|p2a: Chesnaught|Chesnaught, L86, F|187/292\n|move|p1a: Quagsire|Recover|p1a: Quagsire\n|-heal|p1a: Quagsire|307/307 tox\n|\n|-heal|p2a: Chesnaught|205/292|[from] item: Leftovers\n|-damage|p1a: Quagsire|269/307 tox|[from] psn\n|upkeep\n|turn|32\n|\n|t:|1770902223\n|move|p2a: Chesnaught|Wood Hammer|p1a: Quagsire\n|-supereffective|p1a: Quagsire\n|-damage|p1a: Quagsire|0 fnt\n|faint|p1a: Quagsire\n|-damage|p2a: Chesnaught|116/292|[from] Recoil\n|\n|-heal|p2a: Chesnaught|134/292|[from] item: Leftovers\n|upkeep\n|\n|t:|1770902226\n|switch|p1a: Victini|Victini, L77|144/281 tox\n|turn|33\n|-message|Darkbloom91 forfeited.\n|\n|win|GuyTG24\n|raw|Darkbloom91's rating: 1578 &rarr; <strong>1562</strong><br />(-16 for losing)\n|raw|GuyTG24's rating: 1642 &rarr; <strong>1658</strong><br />(+16 for winning)\n|l|☆Darkbloom91\n|player|p1|\n", "inputlog": ">version ccdc32dd7cde25fd9e4bed64820e885f66e78a4e\n>start {\"formatid\":\"gen6randombattle\",\"seed\":\"sodium,4f7110603afd8cf0045ab97498cd321a\",\"rated\":\"Rated battle\"}\n>player p1 {\"name\":\"Darkbloom91\",\"avatar\":\"1\",\"rating\":1578,\"seed\":\"sodium,2ded1f27af8171f57c640c4a579ca31a\"}\n>player p2 {\"name\":\"GuyTG24\",\"avatar\":\"1\",\"rating\":1642,\"seed\":\"sodium,d1bf2184c2e41d475431c349c2db2686\"}\n>p1 move boltstrike\n>p2 move toxic\n>p1 move boltstrike\n>p2 switch 3\n>p1 switch 3\n>p2 move spikyshield\n>p1 move psychic\n>p2 switch 3\n>p2 switch 6\n>p1 switch 4\n>p2 move poweruppunch mega\n>p1 move toxic\n>p2 move earthquake\n>p1 switch 6\n>p1 move toxic\n>p2 switch 4\n>p1 move scald\n>p2 move toxicspikes\n>p1 move scald\n>p2 move sludgebomb\n>p1 move scald\n>p2 move toxicspikes\n>p2 switch 3\n>p1 switch 2\n>p2 move woodhammer\n>p1 move hurricane\n>p2 switch 2\n>p1 move uturn\n>p2 move recover\n>p1 switch 4\n>p1 move psychic\n>p2 switch 5\n>p1 switch 5\n>p2 move crunch\n>p1 move closecombat\n>p2 move protect\n>p1 move earthquake\n>p2 switch 2\n>p1 switch 4\n>p2 move leechseed\n>p1 move uturn\n>p2 switch 5\n>p1 switch 5\n>p1 move dazzlinggleam\n>p2 move sludgebomb\n>p1 move morningsun\n>p2 move calmmind\n>p1 move psychic\n>p2 move recover\n>p1 move psychic\n>p2 move recover\n>p1 switch 5\n>p2 switch 4\n>p1 move superpower\n>p2 move return\n>chat ☆Darkbloom91|yeah fckng haX as usual\n>p1 switch 4\n>chat ☆GuyTG24|which?\n>chat ☆GuyTG24|what happened?\n>p1 move bulkup\n>p2 switch 5\n>p1 move closecombat\n>p2 move spikyshield\n>p1 move closecombat\n>p2 move drainpunch\n>p1 switch 3\n>p1 move vcreate\n>p2 move spikyshield\n>p1 move vcreate\n>p2 switch 5\n>p2 switch 2\n>p1 switch 2\n>p2 move waterfall\n>p1 move recover\n>p2 switch 5\n>p1 move toxic\n>p2 move woodhammer\n>p1 switch 2\n>forcelose p1", "uploadtime": 1770902234, "views": 221, "formatid": "gen6randombattle", "rating": 1562, "private": 0, "password": null}