{"id": "gen6randombattle-2527245939", "format": "[Gen 6] Random Battle", "players": ["Shredward", "dipster027"], "log": "|j|☆Shredward\n|j|☆dipster027\n|t:|1769518866\n|gametype|singles\n|player|p1|Shredward|teamrocket|1552\n|player|p2|dipster027|266|1629\n|gen|6\n|tier|[Gen 6] Random Battle\n|rated|\n|rule|Sleep Clause Mod: Limit one foe put to sleep\n|rule|HP Percentage Mod: HP is shown in percentages\n|rule|Illusion Level Mod: Illusion disguises the Pokémon's true level\n|\n|t:|1769518866\n|teamsize|p1|6\n|teamsize|p2|6\n|start\n|switch|p1a: Articuno|Articuno, L84|287/287\n|switch|p2a: Ursaring|Ursaring, L85, M|292/292\n|-ability|p1a: Articuno|Pressure\n|turn|1\n|inactive|Battle timer is ON: inactive players will automatically lose when time's up. (requested by dipster027)\n|\n|t:|1769518882\n|switch|p2a: Scizor|Scizor, L78, F|237/237\n|move|p1a: Articuno|Hurricane|p2a: Scizor\n|-damage|p2a: Scizor|98/237\n|\n|upkeep\n|turn|2\n|\n|t:|1769518888\n|move|p2a: Scizor|Bullet Punch|p1a: Articuno\n|-supereffective|p1a: Articuno\n|-damage|p1a: Articuno|99/287\n|move|p1a: Articuno|Hurricane|p2a: Scizor|[miss]\n|-miss|p1a: Articuno|p2a: Scizor\n|\n|-heal|p1a: Articuno|116/287|[from] item: Leftovers\n|upkeep\n|turn|3\n|\n|t:|1769518901\n|switch|p1a: Flygon|Flygon, L83, M|268/268\n|switch|p2a: Swanna|Swanna, L85, M|266/266\n|\n|upkeep\n|turn|4\n|\n|t:|1769518906\n|switch|p1a: Pikachu|Pikachu, L91, F|212/212\n|move|p2a: Swanna|Toxic|p1a: Pikachu\n|-status|p1a: Pikachu|tox\n|\n|-damage|p1a: Pikachu|199/212 tox|[from] psn\n|upkeep\n|turn|5\n|inactive|dipster027 has 120 seconds left.\n|\n|t:|1769518950\n|switch|p2a: Scizor|Scizor, L78, F|98/237\n|move|p1a: Pikachu|Volt Tackle|p2a: Scizor\n|-damage|p2a: Scizor|0 fnt\n|faint|p2a: Scizor\n|-damage|p1a: Pikachu|167/212 tox|[from] Recoil\n|\n|-damage|p1a: Pikachu|141/212 tox|[from] psn\n|upkeep\n|inactive|dipster027 has 90 seconds left.\n|\n|t:|1769518981\n|switch|p2a: Ursaring|Ursaring, L85, M|292/292\n|turn|6\n|inactive|dipster027 has 90 seconds left.\n|\n|t:|1769518989\n|move|p1a: Pikachu|Knock Off|p2a: Ursaring\n|-damage|p2a: Ursaring|183/292\n|-enditem|p2a: Ursaring|Toxic Orb|[from] move: Knock Off|[of] p1a: Pikachu\n|move|p2a: Ursaring|Facade|p1a: Pikachu\n|-damage|p1a: Pikachu|0 fnt\n|faint|p1a: Pikachu\n|\n|upkeep\n|\n|t:|1769519003\n|switch|p1a: Articuno|Articuno, L84|116/287\n|-ability|p1a: Articuno|Pressure\n|turn|7\n|\n|t:|1769519013\n|move|p1a: Articuno|Roost|p1a: Articuno\n|-heal|p1a: Articuno|260/287\n|-singleturn|p1a: Articuno|move: Roost\n|move|p2a: Ursaring|Swords Dance|p2a: Ursaring\n|-boost|p2a: Ursaring|atk|2\n|\n|-heal|p1a: Articuno|277/287|[from] item: Leftovers\n|upkeep\n|turn|8\n|\n|t:|1769519019\n|move|p1a: Articuno|Hurricane|p2a: Ursaring|[miss]\n|-miss|p1a: Articuno|p2a: Ursaring\n|move|p2a: Ursaring|Crunch|p1a: Articuno\n|-damage|p1a: Articuno|137/287\n|-unboost|p1a: Articuno|def|1\n|\n|-heal|p1a: Articuno|154/287|[from] item: Leftovers\n|upkeep\n|turn|9\n|\n|t:|1769519030\n|switch|p1a: Flygon|Flygon, L83, M|268/268\n|move|p2a: Ursaring|Crunch|p1a: Flygon\n|-damage|p1a: Flygon|96/268\n|\n|-heal|p1a: Flygon|112/268|[from] item: Leftovers\n|upkeep\n|turn|10\n|inactive|dipster027 has 120 seconds left.\n|\n|t:|1769519036\n|move|p1a: Flygon|Draco Meteor|p2a: Ursaring\n|-damage|p2a: Ursaring|42/292\n|-unboost|p1a: Flygon|spa|2\n|move|p2a: Ursaring|Crunch|p1a: Flygon\n|-damage|p1a: Flygon|0 fnt\n|faint|p1a: Flygon\n|\n|upkeep\n|\n|t:|1769519041\n|switch|p1a: Articuno|Articuno, L84|154/287\n|-ability|p1a: Articuno|Pressure\n|turn|11\n|\n|t:|1769519044\n|move|p1a: Articuno|Freeze-Dry|p2a: Ursaring\n|-damage|p2a: Ursaring|0 fnt\n|faint|p2a: Ursaring\n|\n|-heal|p1a: Articuno|171/287|[from] item: Leftovers\n|upkeep\n|\n|t:|1769519049\n|switch|p2a: Blaziken|Blaziken, L72, F|233/233\n|turn|12\n|\n|t:|1769519053\n|detailschange|p2a: Blaziken|Blaziken-Mega, L72, F\n|-mega|p2a: Blaziken|Blaziken|Blazikenite\n|move|p1a: Articuno|Hurricane|p2a: Blaziken|[miss]\n|-miss|p1a: Articuno|p2a: Blaziken\n|move|p2a: Blaziken|Swords Dance|p2a: Blaziken\n|-boost|p2a: Blaziken|atk|2\n|\n|-heal|p1a: Articuno|188/287|[from] item: Leftovers\n|-ability|p2a: Blaziken|Speed Boost|boost\n|-boost|p2a: Blaziken|spe|1\n|upkeep\n|turn|13\n|\n|t:|1769519058\n|move|p2a: Blaziken|Stone Edge|p1a: Articuno\n|-supereffective|p1a: Articuno\n|-damage|p1a: Articuno|0 fnt\n|faint|p1a: Articuno\n|\n|-ability|p2a: Blaziken|Speed Boost|boost\n|-boost|p2a: Blaziken|spe|1\n|upkeep\n|\n|t:|1769519064\n|switch|p1a: Wailord|Wailord, L93, F|466/466\n|turn|14\n|inactive|dipster027 has 120 seconds left.\n|\n|t:|1769519103\n|move|p2a: Blaziken|High Jump Kick|p1a: Wailord\n|-damage|p1a: Wailord|70/466\n|move|p1a: Wailord|Hydro Pump|p2a: Blaziken|[miss]\n|-miss|p1a: Wailord|p2a: Blaziken\n|\n|-ability|p2a: Blaziken|Speed Boost|boost\n|-boost|p2a: Blaziken|spe|1\n|upkeep\n|turn|15\n|\n|t:|1769519108\n|move|p2a: Blaziken|Flare Blitz|p1a: Wailord\n|-resisted|p1a: Wailord\n|-crit|p1a: Wailord\n|-damage|p1a: Wailord|0 fnt\n|faint|p1a: Wailord\n|-damage|p2a: Blaziken|210/233|[from] Recoil\n|\n|-ability|p2a: Blaziken|Speed Boost|boost\n|-boost|p2a: Blaziken|spe|1\n|upkeep\n|\n|t:|1769519110\n|switch|p1a: Arceus|Arceus-Psychic, L71|288/288\n|turn|16\n|inactive|dipster027 has 120 seconds left.\n|\n|t:|1769519142\n|move|p2a: Blaziken|Flare Blitz|p1a: Arceus\n|-damage|p1a: Arceus|35/288\n|-damage|p2a: Blaziken|127/233|[from] Recoil\n|move|p1a: Arceus|Judgment|p2a: Blaziken\n|-supereffective|p2a: Blaziken\n|-crit|p2a: Blaziken\n|-damage|p2a: Blaziken|0 fnt\n|faint|p2a: Blaziken\n|detailschange|p2: Blaziken|Blaziken, L72, F|[silent]\n|\n|upkeep\n|\n|t:|1769519145\n|switch|p2a: Crobat|Crobat, L80, M|267/267\n|turn|17\n|\n|t:|1769519151\n|switch|p1a: Rotom|Rotom-Mow, L86|226/226\n|move|p2a: Crobat|U-turn|p1a: Rotom\n|-supereffective|p1a: Rotom\n|-damage|p1a: Rotom|158/226\n|\n|t:|1769519157\n|switch|p2a: Hoopa|Hoopa, L84|272/272|[from] U-turn\n|\n|upkeep\n|turn|18\n|\n|t:|1769519165\n|move|p1a: Rotom|Thunderbolt|p2a: Hoopa\n|-damage|p2a: Hoopa|165/272\n|-damage|p1a: Rotom|136/226|[from] item: Life Orb\n|move|p2a: Hoopa|Psychic|p1a: Rotom\n|-damage|p1a: Rotom|0 fnt\n|faint|p1a: Rotom\n|-damage|p2a: Hoopa|138/272|[from] item: Life Orb\n|\n|upkeep\n|\n|t:|1769519170\n|switch|p1a: Arceus|Arceus-Psychic, L71|35/288\n|turn|19\n|\n|t:|1769519174\n|move|p1a: Arceus|Recover|p1a: Arceus\n|-heal|p1a: Arceus|179/288\n|move|p2a: Hoopa|Shadow Ball|p1a: Arceus\n|-supereffective|p1a: Arceus\n|-damage|p1a: Arceus|0 fnt\n|faint|p1a: Arceus\n|-damage|p2a: Hoopa|111/272|[from] item: Life Orb\n|\n|win|dipster027\n|raw|Shredward's rating: 1552 &rarr; <strong>1536</strong><br />(-16 for losing)\n|raw|dipster027's rating: 1629 &rarr; <strong>1645</strong><br />(+16 for winning)\n", "inputlog": ">version b99ff0165a6231f17e8b78c2a78d1998375de664\n>start {\"formatid\":\"gen6randombattle\",\"seed\":\"sodium,8b497a12bf71eeb30b47fddb1c7c4e5e\",\"rated\":\"Rated battle\"}\n>player p1 {\"name\":\"Shredward\",\"avatar\":\"teamrocket\",\"rating\":1552,\"seed\":\"sodium,475358ae4c87d1cce3cb55467a77ee37\"}\n>player p2 {\"name\":\"dipster027\",\"avatar\":\"266\",\"rating\":1629,\"seed\":\"sodium,916444ad874fe5806ea9741e38ad15ef\"}\n>p1 move hurricane\n>p2 switch 2\n>p1 move hurricane\n>p2 move bulletpunch\n>p1 switch 2\n>p2 switch 3\n>p1 switch 3\n>p2 move toxic\n>p1 move volttackle\n>p2 switch 3\n>p2 switch 2\n>p1 move knockoff\n>p2 move facade\n>p1 switch 2\n>p1 move roost\n>p2 move swordsdance\n>p1 move hurricane\n>p2 move crunch\n>p1 switch 3\n>p2 move crunch\n>p1 move dracometeor\n>p2 move crunch\n>p1 switch 3\n>p1 move freezedry\n>p2 move closecombat\n>p2 switch 6\n>p1 move hurricane\n>p2 move swordsdance mega\n>p1 move hurricane\n>p2 move stoneedge\n>p1 switch 6\n>p1 move hydropump\n>p2 move highjumpkick\n>p1 move hydropump\n>p2 move flareblitz\n>p1 switch 5\n>p1 move judgment\n>p2 move flareblitz\n>p2 switch 5\n>p1 switch 4\n>p2 move uturn\n>p2 switch 4\n>p1 move thunderbolt\n>p2 move psychic\n>p1 switch 4\n>p1 move recover\n>p2 move shadowball", "uploadtime": 1769519175, "views": 275, "formatid": "gen6randombattle", "rating": 1536, "private": 0, "password": null}