{"id": "gen6randombattle-2522219082", "format": "[Gen 6] Random Battle", "players": ["Dr Ari Haswari", "arboretums"], "log": "|j|☆Dr Ari Haswari\n|j|☆arboretums\n|t:|1768873190\n|gametype|singles\n|player|p1|Dr Ari Haswari|1|1664\n|player|p2|arboretums|serena-masters2|1679\n|gen|6\n|tier|[Gen 6] Random Battle\n|rated|\n|rule|Sleep Clause Mod: Limit one foe put to sleep\n|rule|HP Percentage Mod: HP is shown in percentages\n|rule|Illusion Level Mod: Illusion disguises the Pokémon's true level\n|\n|t:|1768873190\n|teamsize|p1|6\n|teamsize|p2|6\n|start\n|switch|p1a: Slaking|Slaking, L82, M|380/380\n|switch|p2a: Arcanine|Arcanine, L82, M|282/282\n|-ability|p2a: Arcanine|Intimidate|boost\n|-unboost|p1a: Slaking|atk|1\n|turn|1\n|\n|t:|1768873206\n|switch|p1a: Throh|Throh, L88, M|354/354\n|switch|p2a: Relicanth|Relicanth, L87, F|316/316\n|\n|upkeep\n|turn|2\n|inactive|Battle timer is ON: inactive players will automatically lose when time's up. (requested by arboretums)\n|\n|t:|1768873214\n|switch|p2a: Arcanine|Arcanine, L82, M|282/282\n|-ability|p2a: Arcanine|Intimidate|boost\n|-unboost|p1a: Throh|atk|1\n|move|p1a: Throh|Knock Off|p2a: Arcanine\n|-damage|p2a: Arcanine|229/282\n|-enditem|p2a: Arcanine|Life Orb|[from] move: Knock Off|[of] p1a: Throh\n|\n|upkeep\n|turn|3\n|\n|t:|1768873223\n|move|p2a: Arcanine|Flare Blitz|p1a: Throh\n|-damage|p1a: Throh|222/354\n|-damage|p2a: Arcanine|185/282|[from] Recoil\n|move|p1a: Throh|Circle Throw|p2a: Arcanine\n|-damage|p2a: Arcanine|128/282\n|drag|p2a: Exeggutor|Exeggutor, L92, M|324/324\n|\n|-heal|p1a: Throh|244/354|[from] item: Leftovers\n|upkeep\n|turn|4\n|\n|t:|1768873244\n|switch|p1a: Magnezone|Magnezone, L82|249/249\n|move|p2a: Exeggutor|Sleep Powder|p1a: Magnezone\n|-status|p1a: Magnezone|slp|[from] move: Sleep Powder\n|\n|upkeep\n|turn|5\n|\n|t:|1768873256\n|switch|p1a: Sandslash|Sandslash, L89, F|278/278\n|move|p2a: Exeggutor|Hidden Power|p1a: Sandslash\n|-damage|p1a: Sandslash|201/278\n|\n|-heal|p1a: Sandslash|218/278|[from] item: Leftovers\n|upkeep\n|turn|6\n|\n|t:|1768873263\n|move|p1a: Sandslash|Knock Off|p2a: Exeggutor\n|-supereffective|p2a: Exeggutor\n|-damage|p2a: Exeggutor|176/324\n|-enditem|p2a: Exeggutor|Sitrus Berry|[from] move: Knock Off|[of] p1a: Sandslash\n|move|p2a: Exeggutor|Giga Drain|p1a: Sandslash\n|-supereffective|p1a: Sandslash\n|-damage|p1a: Sandslash|0 fnt\n|-heal|p2a: Exeggutor|285/324|[from] drain|[of] p1a: Sandslash\n|faint|p1a: Sandslash\n|\n|upkeep\n|inactive|Dr Ari Haswari has 120 seconds left.\n|\n|t:|1768873303\n|switch|p1a: Slaking|Slaking, L82, M|380/380\n|turn|7\n|\n|t:|1768873308\n|-activate|p2a: Exeggutor|move: Pursuit\n|move|p1a: Slaking|Pursuit|p2a: Exeggutor|[from] Pursuit\n|-supereffective|p2a: Exeggutor\n|-damage|p2a: Exeggutor|45/324\n|switch|p2a: Relicanth|Relicanth, L87, F|316/316\n|\n|upkeep\n|turn|8\n|\n|t:|1768873317\n|switch|p1a: Throh|Throh, L88, M|244/354\n|move|p2a: Relicanth|Head Smash|p1a: Throh|[miss]\n|-miss|p2a: Relicanth|p1a: Throh\n|\n|-heal|p1a: Throh|266/354|[from] item: Leftovers\n|upkeep\n|turn|9\n|inactive|Dr Ari Haswari has 120 seconds left.\n|\n|t:|1768873325\n|switch|p2a: Togekiss|Togekiss, L79, M|263/263\n|move|p1a: Throh|Circle Throw|p2a: Togekiss\n|-resisted|p2a: Togekiss\n|-damage|p2a: Togekiss|245/263\n|drag|p2a: Relicanth|Relicanth, L87, F|316/316\n|\n|-heal|p1a: Throh|288/354|[from] item: Leftovers\n|upkeep\n|turn|10\n|inactive|Dr Ari Haswari has 120 seconds left.\n|\n|t:|1768873335\n|switch|p2a: Togekiss|Togekiss, L79, M|245/263\n|switch|p1a: Cobalion|Cobalion, L77|267/267\n|\n|upkeep\n|turn|11\n|\n|t:|1768873342\n|move|p2a: Togekiss|Trick|p1a: Cobalion\n|-activate|p2a: Togekiss|move: Trick|[of] p1a: Cobalion\n|-item|p1a: Cobalion|Choice Scarf|[from] move: Trick\n|-item|p2a: Togekiss|Leftovers|[from] move: Trick\n|move|p1a: Cobalion|Stealth Rock|p2a: Togekiss\n|-sidestart|p2: arboretums|move: Stealth Rock\n|\n|-heal|p2a: Togekiss|261/263|[from] item: Leftovers\n|upkeep\n|turn|12\n|\n|t:|1768873351\n|switch|p1a: Magnezone|Magnezone, L82|249/249 slp\n|move|p2a: Togekiss|Aura Sphere|p1a: Magnezone\n|-supereffective|p1a: Magnezone\n|-damage|p1a: Magnezone|121/249 slp\n|\n|-heal|p2a: Togekiss|263/263|[from] item: Leftovers\n|-heal|p1a: Magnezone|136/249 slp|[from] item: Leftovers\n|upkeep\n|turn|13\n|\n|t:|1768873361\n|switch|p1a: Wobbuffet|Wobbuffet, L93, F|504/504\n|move|p2a: Togekiss|Aura Sphere|p1a: Wobbuffet\n|-resisted|p1a: Wobbuffet\n|-crit|p1a: Wobbuffet\n|-damage|p1a: Wobbuffet|450/504\n|\n|upkeep\n|turn|14\n|\n|t:|1768873366\n|move|p2a: Togekiss|Trick|p1a: Wobbuffet\n|-activate|p2a: Togekiss|move: Trick|[of] p1a: Wobbuffet\n|-item|p1a: Wobbuffet|Leftovers|[from] move: Trick\n|-item|p2a: Togekiss|Custap Berry|[from] move: Trick\n|move|p1a: Wobbuffet|Encore|p2a: Togekiss\n|-start|p2a: Togekiss|Encore\n|\n|-heal|p1a: Wobbuffet|481/504|[from] item: Leftovers\n|upkeep\n|turn|15\n|\n|t:|1768873377\n|switch|p1a: Cobalion|Cobalion, L77|267/267\n|move|p2a: Togekiss|Trick|p1a: Cobalion\n|-activate|p2a: Togekiss|move: Trick|[of] p1a: Cobalion\n|-item|p1a: Cobalion|Custap Berry|[from] move: Trick\n|-item|p2a: Togekiss|Choice Scarf|[from] move: Trick\n|\n|upkeep\n|turn|16\n|\n|t:|1768873391\n|switch|p1a: Slaking|Slaking, L82, M|380/380\n|move|p2a: Togekiss|Trick|p1a: Slaking\n|-activate|p2a: Togekiss|move: Trick|[of] p1a: Slaking\n|-item|p1a: Slaking|Choice Scarf|[from] move: Trick\n|-item|p2a: Togekiss|Choice Band|[from] move: Trick\n|\n|upkeep\n|turn|17\n|\n|t:|1768873402\n|switch|p2a: Relicanth|Relicanth, L87, F|316/316\n|-damage|p2a: Relicanth|277/316|[from] Stealth Rock\n|move|p1a: Slaking|Earthquake|p2a: Relicanth\n|-supereffective|p2a: Relicanth\n|-damage|p2a: Relicanth|141/316\n|-enditem|p2a: Relicanth|Weakness Policy\n|-boost|p2a: Relicanth|atk|2|[from] item: Weakness Policy\n|-boost|p2a: Relicanth|spa|2|[from] item: Weakness Policy\n|\n|upkeep\n|turn|18\n|\n|t:|1768873411\n|switch|p1a: Throh|Throh, L88, M|288/354\n|move|p2a: Relicanth|Rock Polish|p2a: Relicanth\n|-boost|p2a: Relicanth|spe|2\n|\n|-heal|p1a: Throh|310/354|[from] item: Leftovers\n|upkeep\n|turn|19\n|\n|t:|1768873416\n|move|p2a: Relicanth|Waterfall|p1a: Throh\n|-damage|p1a: Throh|145/354\n|cant|p1a: Throh|flinch\n|\n|-heal|p1a: Throh|167/354|[from] item: Leftovers\n|upkeep\n|turn|20\n|\n|t:|1768873421\n|move|p2a: Relicanth|Waterfall|p1a: Throh\n|-damage|p1a: Throh|10/354\n|cant|p1a: Throh|flinch\n|\n|-heal|p1a: Throh|32/354|[from] item: Leftovers\n|upkeep\n|turn|21\n|c|☆Dr Ari Haswari|looooooooooooool\n|\n|t:|1768873431\n|move|p2a: Relicanth|Earthquake|p1a: Throh\n|-damage|p1a: Throh|0 fnt\n|faint|p1a: Throh\n|\n|upkeep\n|c|☆arboretums|sorry\n|\n|t:|1768873435\n|switch|p1a: Slaking|Slaking, L82, M|380/380\n|turn|22\n|\n|t:|1768873440\n|move|p1a: Slaking|Earthquake|p2a: Relicanth\n|-supereffective|p2a: Relicanth\n|-crit|p2a: Relicanth\n|-damage|p2a: Relicanth|0 fnt\n|faint|p2a: Relicanth\n|\n|upkeep\n|\n|t:|1768873445\n|switch|p2a: Togekiss|Togekiss, L79, M|263/263\n|-damage|p2a: Togekiss|198/263|[from] Stealth Rock\n|turn|23\n|\n|t:|1768873450\n|switch|p1a: Cobalion|Cobalion, L77|267/267\n|move|p2a: Togekiss|Aura Sphere|p1a: Cobalion\n|-supereffective|p1a: Cobalion\n|-damage|p1a: Cobalion|127/267\n|\n|upkeep\n|turn|24\n|\n|t:|1768873459\n|switch|p2a: Zekrom|Zekrom, L74|270/270\n|-damage|p2a: Zekrom|237/270|[from] Stealth Rock\n|-ability|p2a: Zekrom|Teravolt\n|move|p1a: Cobalion|Iron Head|p2a: Zekrom\n|-resisted|p2a: Zekrom\n|-damage|p2a: Zekrom|209/270\n|\n|upkeep\n|turn|25\n|\n|t:|1768873483\n|switch|p1a: Wobbuffet|Wobbuffet, L93, F|481/504\n|move|p2a: Zekrom|Hone Claws|p2a: Zekrom\n|-boost|p2a: Zekrom|atk|1\n|-boost|p2a: Zekrom|accuracy|1\n|\n|-heal|p1a: Wobbuffet|504/504|[from] item: Leftovers\n|upkeep\n|turn|26\n|\n|t:|1768873489\n|move|p2a: Zekrom|Substitute|p2a: Zekrom\n|-start|p2a: Zekrom|Substitute\n|-damage|p2a: Zekrom|142/270\n|move|p1a: Wobbuffet|Counter||[still]\n|-fail|p1a: Wobbuffet\n|\n|upkeep\n|turn|27\n|\n|t:|1768873492\n|move|p2a: Zekrom|Bolt Strike|p1a: Wobbuffet\n|-damage|p1a: Wobbuffet|237/504\n|move|p1a: Wobbuffet|Encore|p2a: Zekrom\n|-start|p2a: Zekrom|Encore\n|\n|-heal|p1a: Wobbuffet|268/504|[from] item: Leftovers\n|upkeep\n|turn|28\n|\n|t:|1768873501\n|move|p2a: Zekrom|Bolt Strike|p1a: Wobbuffet\n|-damage|p1a: Wobbuffet|0 fnt\n|faint|p1a: Wobbuffet\n|\n|upkeep\n|\n|t:|1768873516\n|switch|p1a: Slaking|Slaking, L82, M|380/380\n|turn|29\n|\n|t:|1768873520\n|move|p1a: Slaking|Earthquake|p2a: Zekrom\n|-supereffective|p2a: Zekrom\n|-end|p2a: Zekrom|Substitute\n|move|p2a: Zekrom|Bolt Strike|p1a: Slaking\n|-damage|p1a: Slaking|175/380\n|-status|p1a: Slaking|par\n|\n|upkeep\n|turn|30\n|\n|t:|1768873525\n|move|p2a: Zekrom|Bolt Strike|p1a: Slaking\n|-damage|p1a: Slaking|0 fnt\n|faint|p1a: Slaking\n|\n|-end|p2a: Zekrom|Encore\n|upkeep\n|\n|t:|1768873528\n|switch|p1a: Cobalion|Cobalion, L77|127/267\n|turn|31\n|\n|t:|1768873533\n|move|p1a: Cobalion|Iron Head|p2a: Zekrom\n|-resisted|p2a: Zekrom\n|-damage|p2a: Zekrom|112/270\n|move|p2a: Zekrom|Bolt Strike|p1a: Cobalion\n|-damage|p1a: Cobalion|0 fnt\n|faint|p1a: Cobalion\n|\n|upkeep\n|\n|t:|1768873538\n|switch|p1a: Magnezone|Magnezone, L82|136/249 slp\n|turn|32\n|\n|t:|1768873543\n|move|p2a: Zekrom|Outrage|p1a: Magnezone\n|-resisted|p1a: Magnezone\n|-damage|p1a: Magnezone|51/249 slp\n|cant|p1a: Magnezone|slp\n|\n|-heal|p1a: Magnezone|66/249 slp|[from] item: Leftovers\n|upkeep\n|turn|33\n|c|☆arboretums|gg\n|\n|t:|1768873547\n|cant|p1a: Magnezone|slp\n|move|p2a: Zekrom|Outrage|p1a: Magnezone|[from] lockedmove\n|-resisted|p1a: Magnezone\n|-damage|p1a: Magnezone|0 fnt\n|faint|p1a: Magnezone\n|-start|p2a: Zekrom|confusion|[fatigue]\n|\n|win|arboretums\n|raw|Dr Ari Haswari's rating: 1664 &rarr; <strong>1645</strong><br />(-19 for losing)\n|raw|arboretums's rating: 1679 &rarr; <strong>1698</strong><br />(+19 for winning)\n", "inputlog": ">version 3bd1a1e329da8d286644078cfc9a9638fc7ea025\n>start {\"formatid\":\"gen6randombattle\",\"seed\":\"sodium,5e0d256cee5d8afc1e08aeab135bb9a7\",\"rated\":\"Rated battle\"}\n>player p1 {\"name\":\"Dr Ari Haswari\",\"avatar\":\"1\",\"rating\":1664,\"seed\":\"sodium,5303cebf17ee3f7df15fea198bafb7b8\"}\n>player p2 {\"name\":\"arboretums\",\"avatar\":\"serena-masters2\",\"rating\":1679,\"seed\":\"sodium,58ba36d2bc606ac15b90ff4dfc3ba999\"}\n>p1 switch 4\n>p2 switch 5\n>p1 move knockoff\n>p2 switch 5\n>p1 move circlethrow\n>p2 move flareblitz\n>p1 switch 5\n>p2 move sleeppowder\n>p1 switch 2\n>p2 move hiddenpower\n>p1 move knockoff\n>p2 move gigadrain\n>p1 switch 4\n>p1 move pursuit\n>p2 switch 5\n>p1 switch 5\n>p2 move headsmash\n>p1 move circlethrow\n>p2 switch 3\n>p1 switch 6\n>p2 switch 3\n>p1 move stealthrock\n>p2 move trick\n>p1 switch 2\n>p2 move aurasphere\n>p1 switch 3\n>p2 move aurasphere\n>p1 move encore\n>p2 move trick\n>p1 switch 2\n>p2 move trick\n>p1 switch 5\n>p2 move trick\n>p1 move earthquake\n>p2 switch 3\n>p1 switch 6\n>p2 move rockpolish\n>p1 move circlethrow\n>p2 move waterfall\n>p1 move circlethrow\n>p2 move waterfall\n>chat ☆Dr Ari Haswari|looooooooooooool\n>p1 move circlethrow\n>p2 move earthquake\n>chat ☆arboretums|sorry\n>p1 switch 6\n>p1 move earthquake\n>p2 move waterfall\n>p2 switch 3\n>p1 switch 5\n>p2 move aurasphere\n>p1 move ironhead\n>p2 switch 4\n>p1 switch 2\n>p2 move honeclaws\n>p1 move counter\n>p2 move substitute\n>p1 move encore\n>p2 move boltstrike\n>p1 move destinybond\n>p2 move boltstrike\n>p1 switch 5\n>p1 move earthquake\n>p2 move boltstrike\n>p1 move earthquake\n>p2 move boltstrike\n>p1 switch 2\n>p1 move ironhead\n>p2 move boltstrike\n>p1 switch 3\n>p1 move toxic\n>p2 move outrage\n>chat ☆arboretums|gg\n>p1 move protect\n>p2 move outrage", "uploadtime": 1768873549, "views": 316, "formatid": "gen6randombattle", "rating": 1645, "private": 0, "password": null}