{"id": "gen6randombattle-2525902646", "format": "[Gen 6] Random Battle", "players": ["t1_opti", "Ramother"], "log": "|j|☆t1_opti\n|j|☆Ramother\n|t:|1769348767\n|gametype|singles\n|player|p1|t1_opti|101|1666\n|player|p2|Ramother|colress|1668\n|gen|6\n|tier|[Gen 6] Random Battle\n|rated|\n|rule|Sleep Clause Mod: Limit one foe put to sleep\n|rule|HP Percentage Mod: HP is shown in percentages\n|rule|Illusion Level Mod: Illusion disguises the Pokémon's true level\n|\n|t:|1769348767\n|teamsize|p1|6\n|teamsize|p2|6\n|start\n|switch|p1a: Feraligatr|Feraligatr, L79, M|264/264\n|switch|p2a: Primeape|Primeape, L87, M|255/255\n|turn|1\n|inactive|Battle timer is ON: inactive players will automatically lose when time's up. (requested by Ramother)\n|\n|t:|1769348785\n|switch|p2a: Sawsbuck|Sawsbuck-Autumn, L86, M|277/277\n|move|p1a: Feraligatr|Dragon Dance|p1a: Feraligatr\n|-boost|p1a: Feraligatr|atk|1\n|-boost|p1a: Feraligatr|spe|1\n|\n|upkeep\n|turn|2\n|\n|t:|1769348793\n|move|p1a: Feraligatr|Ice Punch|p2a: Sawsbuck\n|-supereffective|p2a: Sawsbuck\n|-damage|p2a: Sawsbuck|0 fnt\n|faint|p2a: Sawsbuck\n|\n|upkeep\n|\n|t:|1769348796\n|switch|p2a: Electrode|Electrode, L88|249/249\n|turn|3\n|\n|t:|1769348803\n|switch|p1a: Groudon|Groudon, L74|270/270\n|-weather|SunnyDay|[from] ability: Drought|[of] p1a: Groudon\n|move|p2a: Electrode|Thunderbolt|p1a: Groudon\n|-immune|p1a: Groudon\n|\n|-weather|SunnyDay|[upkeep]\n|upkeep\n|turn|4\n|\n|t:|1769348813\n|switch|p2a: Claydol|Claydol, L88|249/249\n|move|p1a: Groudon|Rock Polish|p1a: Groudon\n|-boost|p1a: Groudon|spe|2\n|\n|-weather|SunnyDay|[upkeep]\n|upkeep\n|turn|5\n|\n|t:|1769348838\n|switch|p1a: Feraligatr|Feraligatr, L79, M|264/264\n|move|p2a: Claydol|Toxic|p1a: Feraligatr\n|-status|p1a: Feraligatr|tox\n|\n|-weather|SunnyDay|[upkeep]\n|-damage|p1a: Feraligatr|248/264 tox|[from] psn\n|upkeep\n|turn|6\n|\n|t:|1769348845\n|move|p2a: Claydol|Stealth Rock|p1a: Feraligatr\n|-sidestart|p1: t1_opti|move: Stealth Rock\n|move|p1a: Feraligatr|Earthquake|p2a: Claydol\n|-immune|p2a: Claydol|[from] ability: Levitate\n|\n|-weather|SunnyDay|[upkeep]\n|-damage|p1a: Feraligatr|216/264 tox|[from] psn\n|upkeep\n|turn|7\n|\n|t:|1769348850\n|move|p2a: Claydol|Earthquake|p1a: Feraligatr\n|-damage|p1a: Feraligatr|129/264 tox\n|move|p1a: Feraligatr|Ice Punch|p2a: Claydol\n|-supereffective|p2a: Claydol\n|-damage|p2a: Claydol|116/249\n|\n|-weather|none\n|-heal|p2a: Claydol|131/249|[from] item: Leftovers\n|-damage|p1a: Feraligatr|81/264 tox|[from] psn\n|upkeep\n|turn|8\n|\n|t:|1769348859\n|move|p2a: Claydol|Earthquake|p1a: Feraligatr\n|-damage|p1a: Feraligatr|0 fnt\n|faint|p1a: Feraligatr\n|\n|-heal|p2a: Claydol|146/249|[from] item: Leftovers\n|upkeep\n|\n|t:|1769348865\n|switch|p1a: Clefable|Clefable, L80, F|283/283\n|turn|9\n|\n|t:|1769348871\n|switch|p2a: Dodrio|Dodrio, L86, M|243/243\n|move|p1a: Clefable|Knock Off|p2a: Dodrio\n|-crit|p2a: Dodrio\n|-damage|p2a: Dodrio|134/243\n|-enditem|p2a: Dodrio|Choice Band|[from] move: Knock Off|[of] p1a: Clefable\n|\n|upkeep\n|turn|10\n|\n|t:|1769348879\n|move|p2a: Dodrio|Brave Bird|p1a: Clefable\n|-damage|p1a: Clefable|91/283\n|-damage|p2a: Dodrio|71/243|[from] Recoil\n|move|p1a: Clefable|Moonblast|p2a: Dodrio\n|-damage|p2a: Dodrio|0 fnt\n|faint|p2a: Dodrio\n|\n|upkeep\n|\n|t:|1769348892\n|switch|p2a: Mew|Mew, L80|291/291\n|turn|11\n|\n|t:|1769348907\n|move|p2a: Mew|Psyshock|p1a: Clefable\n|-damage|p1a: Clefable|0 fnt\n|faint|p1a: Clefable\n|-damage|p2a: Mew|262/291|[from] item: Life Orb\n|\n|upkeep\n|\n|t:|1769348919\n|switch|p1a: Cacturne|Cacturne, L90, M|272/272\n|-damage|p1a: Cacturne|238/272|[from] Stealth Rock\n|turn|12\n|\n|t:|1769348927\n|move|p2a: Mew|Fire Blast|p1a: Cacturne\n|-supereffective|p1a: Cacturne\n|-damage|p1a: Cacturne|7/272\n|-damage|p2a: Mew|233/291|[from] item: Life Orb\n|move|p1a: Cacturne|Swords Dance|p1a: Cacturne\n|-boost|p1a: Cacturne|atk|2\n|\n|upkeep\n|turn|13\n|\n|t:|1769348935\n|switch|p2a: Primeape|Primeape, L87, M|255/255\n|move|p1a: Cacturne|Seed Bomb|p2a: Primeape\n|-damage|p2a: Primeape|0 fnt\n|faint|p2a: Primeape\n|-damage|p1a: Cacturne|0 fnt|[from] item: Life Orb\n|faint|p1a: Cacturne\n|\n|upkeep\n|\n|t:|1769348943\n|switch|p2a: Claydol|Claydol, L88|146/249\n|switch|p1a: Groudon|Groudon, L74|270/270\n|-damage|p1a: Groudon|254/270|[from] Stealth Rock\n|-weather|SunnyDay|[from] ability: Drought|[of] p1a: Groudon\n|turn|14\n|\n|t:|1769348957\n|move|p2a: Claydol|Toxic|p1a: Groudon\n|-status|p1a: Groudon|tox\n|move|p1a: Groudon|Swords Dance|p1a: Groudon\n|-boost|p1a: Groudon|atk|2\n|\n|-weather|SunnyDay|[upkeep]\n|-heal|p2a: Claydol|161/249|[from] item: Leftovers\n|-heal|p1a: Groudon|270/270 tox|[from] item: Leftovers\n|-damage|p1a: Groudon|254/270 tox|[from] psn\n|upkeep\n|turn|15\n|\n|t:|1769348963\n|move|p2a: Claydol|Earthquake|p1a: Groudon\n|-damage|p1a: Groudon|184/270 tox\n|move|p1a: Groudon|Stone Edge|p2a: Claydol\n|-resisted|p2a: Claydol\n|-damage|p2a: Claydol|97/249\n|\n|-weather|SunnyDay|[upkeep]\n|-heal|p2a: Claydol|112/249|[from] item: Leftovers\n|-heal|p1a: Groudon|200/270 tox|[from] item: Leftovers\n|-damage|p1a: Groudon|168/270 tox|[from] psn\n|upkeep\n|turn|16\n|\n|t:|1769348969\n|move|p2a: Claydol|Earthquake|p1a: Groudon\n|-damage|p1a: Groudon|96/270 tox\n|move|p1a: Groudon|Stone Edge|p2a: Claydol\n|-resisted|p2a: Claydol\n|-damage|p2a: Claydol|43/249\n|\n|-weather|SunnyDay|[upkeep]\n|-heal|p2a: Claydol|58/249|[from] item: Leftovers\n|-heal|p1a: Groudon|112/270 tox|[from] item: Leftovers\n|-damage|p1a: Groudon|64/270 tox|[from] psn\n|upkeep\n|turn|17\n|\n|t:|1769348984\n|move|p2a: Claydol|Earthquake|p1a: Groudon\n|-damage|p1a: Groudon|0 fnt\n|faint|p1a: Groudon\n|\n|-weather|SunnyDay|[upkeep]\n|-heal|p2a: Claydol|73/249|[from] item: Leftovers\n|upkeep\n|\n|t:|1769348987\n|switch|p1a: Pidgeot|Pidgeot, L77, F|254/254\n|-damage|p1a: Pidgeot|191/254|[from] Stealth Rock\n|turn|18\n|\n|t:|1769348994\n|detailschange|p1a: Pidgeot|Pidgeot-Mega, L77, F\n|-mega|p1a: Pidgeot|Pidgeot|Pidgeotite\n|move|p1a: Pidgeot|Hurricane|p2a: Claydol\n|-damage|p2a: Claydol|0 fnt\n|faint|p2a: Claydol\n|\n|-weather|none\n|upkeep\n|\n|t:|1769348997\n|switch|p2a: Electrode|Electrode, L88|249/249\n|turn|19\n|\n|t:|1769349004\n|move|p2a: Electrode|Thunderbolt|p1a: Pidgeot\n|-supereffective|p1a: Pidgeot\n|-damage|p1a: Pidgeot|0 fnt\n|faint|p1a: Pidgeot\n|detailschange|p1: Pidgeot|Pidgeot, L77, F|[silent]\n|\n|upkeep\n|\n|t:|1769349006\n|switch|p1a: Flareon|Flareon, L88, M|258/258\n|-damage|p1a: Flareon|194/258|[from] Stealth Rock\n|turn|20\n|\n|t:|1769349018\n|move|p2a: Electrode|Thunderbolt|p1a: Flareon\n|-damage|p1a: Flareon|119/258\n|move|p1a: Flareon|Flare Blitz|p2a: Electrode\n|-damage|p2a: Electrode|50/249\n|-status|p1a: Flareon|par|[from] ability: Static|[of] p2a: Electrode\n|-damage|p1a: Flareon|53/258 par|[from] Recoil\n|\n|-heal|p2a: Electrode|65/249|[from] item: Leftovers\n|upkeep\n|turn|21\n|\n|t:|1769349023\n|move|p1a: Flareon|Quick Attack|p2a: Electrode\n|-damage|p2a: Electrode|1/249\n|move|p2a: Electrode|Thunderbolt|p1a: Flareon\n|-damage|p1a: Flareon|0 fnt\n|faint|p1a: Flareon\n|\n|win|Ramother\n|raw|t1_opti's rating: 1666 &rarr; <strong>1646</strong><br />(-20 for losing)\n|raw|Ramother's rating: 1668 &rarr; <strong>1688</strong><br />(+20 for winning)\n|l|☆Ramother\n|player|p2|\n", "inputlog": ">version b99ff0165a6231f17e8b78c2a78d1998375de664\n>start {\"formatid\":\"gen6randombattle\",\"seed\":\"sodium,aa338f0fabc52196f56469e4a1d40c45\",\"rated\":\"Rated battle\"}\n>player p1 {\"name\":\"t1_opti\",\"avatar\":\"101\",\"rating\":1666,\"seed\":\"sodium,5a061ccca27c219e534ed95863c9d464\"}\n>player p2 {\"name\":\"Ramother\",\"avatar\":\"colress\",\"rating\":1668,\"seed\":\"sodium,a8797bbf6da5dd03d10d49a6109f2fbf\"}\n>p1 move dragondance\n>p2 switch 3\n>p1 move icepunch\n>p2 move hornleech\n>p2 switch 6\n>p1 switch 4\n>p2 move thunderbolt\n>p1 move rockpolish\n>p2 switch 4\n>p1 switch 4\n>p2 move toxic\n>p1 move earthquake\n>p2 move stealthrock\n>p1 move icepunch\n>p2 move earthquake\n>p1 move waterfall\n>p2 move earthquake\n>p1 switch 2\n>p1 move knockoff\n>p2 switch 5\n>p1 move moonblast\n>p2 move bravebird\n>p2 switch 2\n>p1 move stealthrock\n>p2 move psyshock\n>p1 switch 6\n>p1 move swordsdance\n>p2 move fireblast\n>p1 move seedbomb\n>p2 switch 3\n>p1 switch 4\n>p2 switch 5\n>p1 move swordsdance\n>p2 move toxic\n>p1 move stoneedge\n>p2 move earthquake\n>p1 move stoneedge\n>p2 move earthquake\n>p1 move stoneedge\n>p2 move earthquake\n>p1 switch 5\n>p1 move hurricane mega\n>p2 move toxic\n>p2 switch 4\n>p1 move heatwave\n>p2 move thunderbolt\n>p1 switch 3\n>p1 move flareblitz\n>p2 move thunderbolt\n>p1 move quickattack\n>p2 move thunderbolt", "uploadtime": 1769349028, "views": 278, "formatid": "gen6randombattle", "rating": 1646, "private": 0, "password": null}