{"id": "gen6randombattle-2518329141", "format": "[Gen 6] Random Battle", "players": ["mlungero", "boomer0501o"], "log": "|j|☆mlungero\n|j|☆boomer0501o\n|t:|1768371056\n|gametype|singles\n|player|p1|mlungero|brock|1626\n|player|p2|boomer0501o|169|1685\n|gen|6\n|tier|[Gen 6] Random Battle\n|rated|\n|rule|Sleep Clause Mod: Limit one foe put to sleep\n|rule|HP Percentage Mod: HP is shown in percentages\n|rule|Illusion Level Mod: Illusion disguises the Pokémon's true level\n|\n|t:|1768371056\n|teamsize|p1|6\n|teamsize|p2|6\n|start\n|switch|p1a: Heatran|Heatran, L78, M|270/270\n|switch|p2a: Shaymin|Shaymin, L83|302/302\n|-item|p1a: Heatran|Air Balloon\n|turn|1\n|inactive|Battle timer is ON: inactive players will automatically lose when time's up. (requested by boomer0501o)\n|\n|t:|1768371073\n|move|p2a: Shaymin|Air Slash|p1a: Heatran\n|-resisted|p1a: Heatran\n|-damage|p1a: Heatran|239/270\n|-enditem|p1a: Heatran|Air Balloon\n|-damage|p2a: Shaymin|272/302|[from] item: Life Orb\n|move|p1a: Heatran|Stealth Rock|p2a: Shaymin\n|-sidestart|p2: boomer0501o|move: Stealth Rock\n|\n|upkeep\n|turn|2\n|\n|t:|1768371090\n|switch|p1a: Talonflame|Talonflame, L79, M|253/253\n|move|p2a: Shaymin|Earth Power|p1a: Talonflame\n|-immune|p1a: Talonflame\n|\n|upkeep\n|turn|3\n|\n|t:|1768371119\n|switch|p2a: Bastiodon|Bastiodon, L95, M|268/268\n|-damage|p2a: Bastiodon|252/268|[from] Stealth Rock\n|-item|p2a: Bastiodon|Air Balloon\n|move|p1a: Talonflame|Overheat|p2a: Bastiodon\n|-damage|p2a: Bastiodon|192/268\n|-unboost|p1a: Talonflame|spa|2\n|-enditem|p2a: Bastiodon|Air Balloon\n|\n|upkeep\n|turn|4\n|\n|t:|1768371130\n|move|p1a: Talonflame|Will-O-Wisp|p2a: Bastiodon\n|-status|p2a: Bastiodon|brn\n|move|p2a: Bastiodon|Stealth Rock|p1a: Talonflame\n|-sidestart|p1: mlungero|move: Stealth Rock\n|\n|-damage|p2a: Bastiodon|159/268 brn|[from] brn\n|upkeep\n|turn|5\n|\n|t:|1768371140\n|switch|p1a: Flygon|Flygon, L83, F|268/268\n|-damage|p1a: Flygon|252/268|[from] Stealth Rock\n|move|p2a: Bastiodon|Rock Blast|p1a: Flygon\n|-resisted|p1a: Flygon\n|-damage|p1a: Flygon|246/268\n|-resisted|p1a: Flygon\n|-damage|p1a: Flygon|240/268\n|-hitcount|p1a: Flygon|2\n|\n|-damage|p2a: Bastiodon|126/268 brn|[from] brn\n|upkeep\n|turn|6\n|\n|t:|1768371144\n|move|p1a: Flygon|U-turn|p2a: Bastiodon\n|-resisted|p2a: Bastiodon\n|-damage|p2a: Bastiodon|113/268 brn\n|\n|t:|1768371148\n|switch|p1a: Lumineon|Lumineon, L90, M|271/271|[from] U-turn\n|-damage|p1a: Lumineon|238/271|[from] Stealth Rock\n|move|p2a: Bastiodon|Roar|p1a: Lumineon\n|drag|p1a: Meloetta|Meloetta, L82|298/298\n|-damage|p1a: Meloetta|261/298|[from] Stealth Rock\n|\n|-damage|p2a: Bastiodon|80/268 brn|[from] brn\n|upkeep\n|turn|7\n|\n|t:|1768371154\n|move|p1a: Meloetta|Close Combat|p2a: Bastiodon\n|-supereffective|p2a: Bastiodon\n|-damage|p2a: Bastiodon|0 fnt\n|-unboost|p1a: Meloetta|def|1\n|-unboost|p1a: Meloetta|spd|1\n|faint|p2a: Bastiodon\n|-damage|p1a: Meloetta|232/298|[from] item: Life Orb\n|\n|upkeep\n|\n|t:|1768371168\n|switch|p2a: Electivire|Electivire, L84, F|263/263\n|-damage|p2a: Electivire|231/263|[from] Stealth Rock\n|turn|8\n|\n|t:|1768371177\n|move|p2a: Electivire|Ice Punch|p1a: Meloetta\n|-damage|p1a: Meloetta|83/298\n|-damage|p2a: Electivire|205/263|[from] item: Life Orb\n|move|p1a: Meloetta|Relic Song|p2a: Electivire\n|-damage|p2a: Electivire|79/263\n|-formechange|p1a: Meloetta|Meloetta-Pirouette|[msg]\n|-damage|p1a: Meloetta|54/298|[from] item: Life Orb\n|\n|upkeep\n|turn|9\n|\n|t:|1768371183\n|move|p1a: Meloetta|Close Combat|p2a: Electivire\n|-damage|p2a: Electivire|0 fnt\n|-unboost|p1a: Meloetta|def|1\n|-unboost|p1a: Meloetta|spd|1\n|faint|p2a: Electivire\n|-damage|p1a: Meloetta|25/298|[from] item: Life Orb\n|\n|upkeep\n|\n|t:|1768371196\n|switch|p2a: Arceus|Arceus-Fairy, L71|288/288\n|-damage|p2a: Arceus|252/288|[from] Stealth Rock\n|turn|10\n|\n|t:|1768371201\n|move|p1a: Meloetta|Return|p2a: Arceus\n|-damage|p2a: Arceus|104/288\n|-damage|p1a: Meloetta|0 fnt|[from] item: Life Orb\n|faint|p1a: Meloetta\n|move|p2a: Arceus|Recover|p2a: Arceus\n|-heal|p2a: Arceus|248/288\n|\n|upkeep\n|\n|t:|1768371207\n|switch|p1a: Lumineon|Lumineon, L90, M|238/271\n|-damage|p1a: Lumineon|205/271|[from] Stealth Rock\n|turn|11\n|\n|t:|1768371212\n|move|p1a: Lumineon|Toxic|p2a: Arceus\n|-status|p2a: Arceus|tox\n|move|p2a: Arceus|Calm Mind|p2a: Arceus\n|-boost|p2a: Arceus|spa|1\n|-boost|p2a: Arceus|spd|1\n|\n|-heal|p1a: Lumineon|221/271|[from] item: Leftovers\n|-damage|p2a: Arceus|230/288 tox|[from] psn\n|upkeep\n|turn|12\n|\n|t:|1768371215\n|move|p1a: Lumineon|Defog|p2a: Arceus\n|-unboost|p2a: Arceus|evasion|1\n|-sideend|p2: boomer0501o|Stealth Rock|[from] move: Defog|[of] p1a: Lumineon\n|-sideend|p1: mlungero|Stealth Rock|[from] move: Defog|[of] p1a: Lumineon\n|move|p2a: Arceus|Calm Mind|p2a: Arceus\n|-boost|p2a: Arceus|spa|1\n|-boost|p2a: Arceus|spd|1\n|\n|-heal|p1a: Lumineon|237/271|[from] item: Leftovers\n|-damage|p2a: Arceus|194/288 tox|[from] psn\n|upkeep\n|turn|13\n|\n|t:|1768371217\n|switch|p1a: Heatran|Heatran, L78, M|239/270\n|move|p2a: Arceus|Judgment|p1a: Heatran\n|-resisted|p1a: Heatran\n|-damage|p1a: Heatran|189/270\n|\n|-damage|p2a: Arceus|140/288 tox|[from] psn\n|upkeep\n|turn|14\n|\n|t:|1768371221\n|switch|p1a: Talonflame|Talonflame, L79, M|253/253\n|move|p2a: Arceus|Earth Power|p1a: Talonflame\n|-immune|p1a: Talonflame\n|\n|-damage|p2a: Arceus|68/288 tox|[from] psn\n|upkeep\n|turn|15\n|\n|t:|1768371225\n|move|p1a: Talonflame|Brave Bird|p2a: Arceus\n|-damage|p2a: Arceus|0 fnt\n|faint|p2a: Arceus\n|-damage|p1a: Talonflame|231/253|[from] Recoil\n|\n|upkeep\n|\n|t:|1768371229\n|switch|p2a: Banette|Banette, L87, M|253/253\n|-item|p1a: Talonflame|Sharp Beak|[from] ability: Frisk|[of] p2a: Banette\n|turn|16\n|\n|t:|1768371233\n|detailschange|p2a: Banette|Banette-Mega, L87, M\n|-mega|p2a: Banette|Banette|Banettite\n|move|p1a: Talonflame|Will-O-Wisp|p2a: Banette\n|-status|p2a: Banette|brn\n|move|p2a: Banette|Taunt|p1a: Talonflame\n|-start|p1a: Talonflame|move: Taunt\n|\n|-damage|p2a: Banette|222/253 brn|[from] brn\n|upkeep\n|turn|17\n|\n|t:|1768371239\n|move|p1a: Talonflame|Overheat|p2a: Banette\n|-damage|p2a: Banette|120/253 brn\n|-unboost|p1a: Talonflame|spa|2\n|move|p2a: Banette|Shadow Claw|p1a: Talonflame\n|-damage|p1a: Talonflame|162/253\n|\n|-damage|p2a: Banette|89/253 brn|[from] brn\n|upkeep\n|turn|18\n|\n|t:|1768371243\n|switch|p1a: Flygon|Flygon, L83, F|240/268\n|move|p2a: Banette|Will-O-Wisp|p1a: Flygon\n|-status|p1a: Flygon|brn\n|\n|-damage|p1a: Flygon|207/268 brn|[from] brn\n|-damage|p2a: Banette|58/253 brn|[from] brn\n|upkeep\n|turn|19\n|\n|t:|1768371249\n|move|p1a: Flygon|Earthquake|p2a: Banette\n|-damage|p2a: Banette|4/253 brn\n|move|p2a: Banette|Shadow Claw|p1a: Flygon\n|-damage|p1a: Flygon|142/268 brn\n|\n|-damage|p1a: Flygon|109/268 brn|[from] brn\n|-damage|p2a: Banette|0 fnt|[from] brn\n|faint|p2a: Banette\n|detailschange|p2: Banette|Banette, L87, M|[silent]\n|upkeep\n|\n|t:|1768371253\n|switch|p2a: Barbaracle|Barbaracle, L82, F|252/252\n|turn|20\n|\n|t:|1768371260\n|switch|p1a: Lumineon|Lumineon, L90, M|237/271\n|move|p2a: Barbaracle|Shell Smash|p2a: Barbaracle\n|-unboost|p2a: Barbaracle|def|1\n|-unboost|p2a: Barbaracle|spd|1\n|-boost|p2a: Barbaracle|atk|2\n|-boost|p2a: Barbaracle|spa|2\n|-boost|p2a: Barbaracle|spe|2\n|-enditem|p2a: Barbaracle|White Herb\n|-clearnegativeboost|p2a: Barbaracle|[silent]\n|\n|-heal|p1a: Lumineon|253/271|[from] item: Leftovers\n|upkeep\n|turn|21\n|\n|t:|1768371266\n|move|p2a: Barbaracle|Stone Edge|p1a: Lumineon\n|-damage|p1a: Lumineon|48/271\n|move|p1a: Lumineon|Scald|p2a: Barbaracle\n|-damage|p2a: Barbaracle|165/252\n|\n|-heal|p1a: Lumineon|64/271|[from] item: Leftovers\n|upkeep\n|turn|22\n|\n|t:|1768371273\n|move|p2a: Barbaracle|Stone Edge|p1a: Lumineon\n|-damage|p1a: Lumineon|0 fnt\n|faint|p1a: Lumineon\n|\n|upkeep\n|\n|t:|1768371275\n|switch|p1a: Vigoroth|Vigoroth, L88, M|284/284\n|turn|23\n|\n|t:|1768371283\n|move|p2a: Barbaracle|Low Kick|p1a: Vigoroth\n|-supereffective|p1a: Vigoroth\n|-damage|p1a: Vigoroth|118/284\n|move|p1a: Vigoroth|Body Slam|p2a: Barbaracle\n|-resisted|p2a: Barbaracle\n|-damage|p2a: Barbaracle|131/252\n|\n|upkeep\n|turn|24\n|c|☆mlungero|No burn no Para damn gg\n|\n|t:|1768371297\n|switch|p1a: Talonflame|Talonflame, L79, M|162/253\n|move|p2a: Barbaracle|Low Kick|p1a: Talonflame\n|-resisted|p1a: Talonflame\n|-damage|p1a: Talonflame|120/253\n|\n|upkeep\n|turn|25\n|\n|t:|1768371304\n|move|p1a: Talonflame|Brave Bird|p2a: Barbaracle\n|-resisted|p2a: Barbaracle\n|-damage|p2a: Barbaracle|82/252\n|-damage|p1a: Talonflame|104/253|[from] Recoil\n|move|p2a: Barbaracle|Razor Shell|p1a: Talonflame\n|-supereffective|p1a: Talonflame\n|-damage|p1a: Talonflame|0 fnt\n|faint|p1a: Talonflame\n|\n|upkeep\n|\n|t:|1768371308\n|switch|p1a: Flygon|Flygon, L83, F|109/268 brn\n|turn|26\n|\n|t:|1768371313\n|move|p1a: Flygon|Earthquake|p2a: Barbaracle\n|-supereffective|p2a: Barbaracle\n|-damage|p2a: Barbaracle|0 fnt\n|faint|p2a: Barbaracle\n|\n|-damage|p1a: Flygon|76/268 brn|[from] brn\n|upkeep\n|\n|t:|1768371317\n|switch|p2a: Shaymin|Shaymin, L83|272/302\n|turn|27\n|\n|t:|1768371322\n|move|p1a: Flygon|Earthquake|p2a: Shaymin\n|-resisted|p2a: Shaymin\n|-damage|p2a: Shaymin|249/302\n|move|p2a: Shaymin|Synthesis|p2a: Shaymin\n|-heal|p2a: Shaymin|302/302\n|\n|-damage|p1a: Flygon|43/268 brn|[from] brn\n|upkeep\n|turn|28\n|c|☆mlungero|Oh wow still faster? That's a shock\n|\n|t:|1768371336\n|move|p1a: Flygon|Earthquake|p2a: Shaymin\n|-resisted|p2a: Shaymin\n|-damage|p2a: Shaymin|276/302\n|move|p2a: Shaymin|Air Slash|p1a: Flygon\n|-damage|p1a: Flygon|0 fnt\n|faint|p1a: Flygon\n|-damage|p2a: Shaymin|246/302|[from] item: Life Orb\n|\n|upkeep\n|\n|t:|1768371343\n|switch|p1a: Vigoroth|Vigoroth, L88, M|118/284\n|turn|29\n|\n|t:|1768371348\n|move|p2a: Shaymin|Seed Flare|p1a: Vigoroth\n|-damage|p1a: Vigoroth|0 fnt\n|faint|p1a: Vigoroth\n|-damage|p2a: Shaymin|216/302|[from] item: Life Orb\n|\n|upkeep\n|\n|t:|1768371350\n|switch|p1a: Heatran|Heatran, L78, M|189/270\n|turn|30\n|\n|t:|1768371353\n|move|p2a: Shaymin|Earth Power|p1a: Heatran\n|-supereffective|p1a: Heatran\n|-damage|p1a: Heatran|0 fnt\n|faint|p1a: Heatran\n|-damage|p2a: Shaymin|186/302|[from] item: Life Orb\n|\n|win|boomer0501o\n|raw|mlungero's rating: 1626 &rarr; <strong>1609</strong><br />(-17 for losing)\n|raw|boomer0501o's rating: 1685 &rarr; <strong>1702</strong><br />(+17 for winning)\n|l|☆boomer0501o\n|player|p2|\n|c|☆mlungero|Should've paid attention I should've won this lol\n", "inputlog": ">version f2883557ca71b1a14bc1039fd307aee7de4ab455\n>start {\"formatid\":\"gen6randombattle\",\"seed\":\"sodium,37bc1c2b6b3327dca72fb0209e2d7a5f\",\"rated\":\"Rated battle\"}\n>player p1 {\"name\":\"mlungero\",\"avatar\":\"brock\",\"rating\":1626,\"seed\":\"sodium,dc92322a981722e53afd175f1d05d421\"}\n>player p2 {\"name\":\"boomer0501o\",\"avatar\":\"169\",\"rating\":1685,\"seed\":\"sodium,378cdf3acfc890a75f07b82bb900c684\"}\n>p1 move stealthrock\n>p2 move airslash\n>p1 switch 5\n>p2 move earthpower\n>p1 move overheat\n>p2 switch 4\n>p1 move willowisp\n>p2 move stealthrock\n>p1 switch 4\n>p2 move rockblast\n>p1 move uturn\n>p2 move roar\n>p1 switch 6\n>p1 move closecombat\n>p2 move roar\n>p2 switch 5\n>p1 move relicsong\n>p2 move icepunch\n>p1 move closecombat\n>p2 move flamethrower\n>p2 switch 2\n>p1 move return\n>p2 move recover\n>p1 switch 2\n>p1 move toxic\n>p2 move calmmind\n>p1 move defog\n>p2 move calmmind\n>p1 switch 5\n>p2 move judgment\n>p1 switch 4\n>p2 move earthpower\n>p1 move bravebird\n>p2 move judgment\n>p2 switch 3\n>p1 move willowisp\n>p2 move taunt mega\n>p1 move overheat\n>p2 move shadowclaw\n>p1 switch 6\n>p2 move willowisp\n>p1 move earthquake\n>p2 move shadowclaw\n>p2 switch 6\n>p1 switch 5\n>p2 move shellsmash\n>p1 move scald\n>p2 move stoneedge\n>p1 move scald\n>p2 move stoneedge\n>p1 switch 3\n>p1 move bodyslam\n>p2 move lowkick\n>chat ☆mlungero|No burn no Para damn gg\n>p1 switch 6\n>p2 move lowkick\n>p1 move bravebird\n>p2 move razorshell\n>p1 switch 5\n>p1 move earthquake\n>p2 move lowkick\n>p2 switch 4\n>p1 move earthquake\n>p2 move synthesis\n>chat ☆mlungero|Oh wow still faster? That's a shock\n>p1 move earthquake\n>p2 move airslash\n>p1 switch 6\n>p1 move slackoff\n>p2 move seedflare\n>p1 switch 4\n>p1 move lavaplume\n>p2 move earthpower", "uploadtime": 1768371367, "views": 237, "formatid": "gen6randombattle", "rating": 1609, "private": 0, "password": null}