{"id": "gen6randombattle-2527975776", "format": "[Gen 6] Random Battle", "players": ["Chisaki Kai", "xuyuehang"], "log": "|j|☆Chisaki Kai\n|j|☆xuyuehang\n|t:|1769607742\n|gametype|singles\n|player|p1|Chisaki Kai|acetrainer-gen3|1558\n|player|p2|xuyuehang|1|1601\n|gen|6\n|tier|[Gen 6] Random Battle\n|rated|\n|rule|Sleep Clause Mod: Limit one foe put to sleep\n|rule|HP Percentage Mod: HP is shown in percentages\n|rule|Illusion Level Mod: Illusion disguises the Pokémon's true level\n|\n|t:|1769607742\n|teamsize|p1|6\n|teamsize|p2|6\n|start\n|switch|p1a: Heracross|Heracross, L77, M|250/250\n|switch|p2a: Haxorus|Haxorus, L77, M|244/244\n|-ability|p2a: Haxorus|Mold Breaker\n|turn|1\n|inactive|Battle timer is ON: inactive players will automatically lose when time's up. (requested by xuyuehang)\n|\n|t:|1769607765\n|detailschange|p1a: Heracross|Heracross-Mega, L77, M\n|-mega|p1a: Heracross|Heracross|Heracronite\n|move|p2a: Haxorus|Dragon Dance|p2a: Haxorus\n|-boost|p2a: Haxorus|atk|1\n|-boost|p2a: Haxorus|spe|1\n|move|p1a: Heracross|Pin Missile|p2a: Haxorus\n|-damage|p2a: Haxorus|204/244\n|-damage|p2a: Haxorus|165/244\n|-damage|p2a: Haxorus|122/244\n|-damage|p2a: Haxorus|85/244\n|-damage|p2a: Haxorus|42/244\n|-hitcount|p2a: Haxorus|5\n|\n|upkeep\n|turn|2\n|\n|t:|1769607781\n|move|p2a: Haxorus|Outrage|p1a: Heracross\n|-crit|p1a: Heracross\n|-damage|p1a: Heracross|0 fnt\n|faint|p1a: Heracross\n|detailschange|p1: Heracross|Heracross, L77, M|[silent]\n|\n|upkeep\n|\n|t:|1769607784\n|switch|p1a: Skarmory|Skarmory, L74, M|218/218\n|turn|3\n|\n|t:|1769607788\n|move|p2a: Haxorus|Outrage|p1a: Skarmory|[from] lockedmove\n|-resisted|p1a: Skarmory\n|-damage|p1a: Skarmory|137/218\n|-start|p2a: Haxorus|confusion|[fatigue]\n|-enditem|p2a: Haxorus|Lum Berry|[eat]\n|-end|p2a: Haxorus|confusion\n|move|p1a: Skarmory|Stealth Rock|p2a: Haxorus\n|-sidestart|p2: xuyuehang|move: Stealth Rock\n|\n|-heal|p1a: Skarmory|150/218|[from] item: Leftovers\n|upkeep\n|turn|4\n|\n|t:|1769607813\n|move|p2a: Haxorus|Outrage|p1a: Skarmory\n|-resisted|p1a: Skarmory\n|-crit|p1a: Skarmory\n|-damage|p1a: Skarmory|24/218\n|move|p1a: Skarmory|Brave Bird|p2a: Haxorus\n|-damage|p2a: Haxorus|0 fnt\n|faint|p2a: Haxorus\n|-damage|p1a: Skarmory|10/218|[from] Recoil\n|\n|-heal|p1a: Skarmory|23/218|[from] item: Leftovers\n|upkeep\n|inactive|xuyuehang has 120 seconds left.\n|\n|t:|1769607831\n|switch|p2a: Noctowl|Noctowl, L95, F|344/344\n|-damage|p2a: Noctowl|258/344|[from] Stealth Rock\n|turn|5\n|inactive|xuyuehang has 120 seconds left.\n|\n|t:|1769607841\n|move|p2a: Noctowl|Hyper Voice|p1a: Skarmory\n|-resisted|p1a: Skarmory\n|-damage|p1a: Skarmory|0 fnt\n|faint|p1a: Skarmory\n|\n|-heal|p2a: Noctowl|279/344|[from] item: Leftovers\n|upkeep\n|\n|t:|1769607844\n|switch|p1a: Carracosta|Carracosta, L87, M|271/271\n|turn|6\n|inactive|xuyuehang has 120 seconds left.\n|\n|t:|1769607859\n|move|p2a: Noctowl|Defog|p1a: Carracosta\n|-unboost|p1a: Carracosta|evasion|1\n|-sideend|p2: xuyuehang|Stealth Rock|[from] move: Defog|[of] p2a: Noctowl\n|-enditem|p1a: Carracosta|White Herb\n|-clearnegativeboost|p1a: Carracosta|[silent]\n|move|p1a: Carracosta|Shell Smash|p1a: Carracosta\n|-unboost|p1a: Carracosta|def|1\n|-unboost|p1a: Carracosta|spd|1\n|-boost|p1a: Carracosta|atk|2\n|-boost|p1a: Carracosta|spa|2\n|-boost|p1a: Carracosta|spe|2\n|\n|-heal|p2a: Noctowl|300/344|[from] item: Leftovers\n|upkeep\n|turn|7\n|inactive|xuyuehang has 120 seconds left.\n|\n|t:|1769607896\n|move|p1a: Carracosta|Stone Edge|p2a: Noctowl\n|-supereffective|p2a: Noctowl\n|-crit|p2a: Noctowl\n|-damage|p2a: Noctowl|0 fnt\n|faint|p2a: Noctowl\n|\n|upkeep\n|\n|t:|1769607905\n|switch|p2a: Emolga|Emolga, L88, F|239/239\n|turn|8\n|\n|t:|1769607911\n|move|p2a: Emolga|Thunderbolt|p1a: Carracosta\n|-supereffective|p1a: Carracosta\n|-ability|p1a: Carracosta|Sturdy\n|-damage|p1a: Carracosta|1/271\n|move|p1a: Carracosta|Shell Smash|p1a: Carracosta\n|-unboost|p1a: Carracosta|def|1\n|-unboost|p1a: Carracosta|spd|1\n|-boost|p1a: Carracosta|atk|2\n|-boost|p1a: Carracosta|spa|2\n|-boost|p1a: Carracosta|spe|2\n|\n|upkeep\n|turn|9\n|\n|t:|1769607925\n|move|p1a: Carracosta|Stone Edge|p2a: Emolga\n|-supereffective|p2a: Emolga\n|-damage|p2a: Emolga|0 fnt\n|faint|p2a: Emolga\n|\n|upkeep\n|inactive|xuyuehang has 90 seconds left.\n|\n|t:|1769607946\n|switch|p2a: Dewgong|Dewgong, L94, F|322/322\n|turn|10\n|\n|t:|1769607959\n|move|p1a: Carracosta|Stone Edge|p2a: Dewgong|[miss]\n|-miss|p1a: Carracosta|p2a: Dewgong\n|move|p2a: Dewgong|Surf|p1a: Carracosta\n|-damage|p1a: Carracosta|0 fnt\n|faint|p1a: Carracosta\n|\n|upkeep\n|\n|t:|1769607962\n|switch|p1a: Zekrom|Zekrom, L74|270/270\n|-ability|p1a: Zekrom|Teravolt\n|turn|11\n|\n|t:|1769607975\n|move|p2a: Dewgong|Ice Beam|p1a: Zekrom\n|-supereffective|p1a: Zekrom\n|-damage|p1a: Zekrom|148/270\n|move|p1a: Zekrom|Bolt Strike|p2a: Dewgong\n|-supereffective|p2a: Dewgong\n|-damage|p2a: Dewgong|16/322\n|\n|-heal|p2a: Dewgong|36/322|[from] item: Leftovers\n|upkeep\n|turn|12\n|\n|t:|1769607988\n|move|p2a: Dewgong|Ice Beam|p1a: Zekrom\n|-supereffective|p1a: Zekrom\n|-damage|p1a: Zekrom|22/270\n|move|p1a: Zekrom|Bolt Strike|p2a: Dewgong|[miss]\n|-miss|p1a: Zekrom|p2a: Dewgong\n|\n|-heal|p2a: Dewgong|56/322|[from] item: Leftovers\n|upkeep\n|turn|13\n|\n|t:|1769607997\n|switch|p1a: Ursaring|Ursaring, L85, M|292/292\n|move|p2a: Dewgong|Ice Beam|p1a: Ursaring\n|-damage|p1a: Ursaring|195/292\n|\n|-heal|p2a: Dewgong|76/322|[from] item: Leftovers\n|-status|p1a: Ursaring|tox|[from] item: Toxic Orb\n|upkeep\n|turn|14\n|\n|t:|1769608012\n|move|p2a: Dewgong|Protect|p2a: Dewgong\n|-singleturn|p2a: Dewgong|Protect\n|move|p1a: Ursaring|Facade|p2a: Dewgong\n|-activate|p2a: Dewgong|move: Protect\n|\n|-heal|p2a: Dewgong|96/322|[from] item: Leftovers\n|-damage|p1a: Ursaring|177/292 tox|[from] psn\n|upkeep\n|turn|15\n|\n|t:|1769608024\n|move|p1a: Ursaring|Facade|p2a: Dewgong\n|-damage|p2a: Dewgong|0 fnt\n|faint|p2a: Dewgong\n|\n|-damage|p1a: Ursaring|141/292 tox|[from] psn\n|upkeep\n|\n|t:|1769608038\n|switch|p2a: Kyogre|Kyogre, L67|245/245\n|-weather|RainDance|[from] ability: Drizzle|[of] p2a: Kyogre\n|turn|16\n|\n|t:|1769608052\n|move|p2a: Kyogre|Water Spout|p1a: Ursaring\n|-damage|p1a: Ursaring|0 fnt\n|faint|p1a: Ursaring\n|\n|-weather|RainDance|[upkeep]\n|upkeep\n|\n|t:|1769608054\n|switch|p1a: Delibird|Delibird, M|251/251\n|turn|17\n|\n|t:|1769608061\n|move|p2a: Kyogre|Water Spout|p1a: Delibird\n|-damage|p1a: Delibird|0 fnt\n|faint|p1a: Delibird\n|\n|-weather|RainDance|[upkeep]\n|upkeep\n|inactive|Chisaki Kai has 120 seconds left.\n|inactive|Chisaki Kai has 90 seconds left.\n|inactive|Chisaki Kai has 60 seconds left.\n|inactive|Chisaki Kai has 30 seconds left.\n|inactive|Chisaki Kai has 20 seconds left.\n|inactive|Chisaki Kai has 15 seconds left.\n|inactive|Chisaki Kai has 10 seconds left.\n|inactive|Chisaki Kai has 5 seconds left.\n|-message|Chisaki Kai lost due to inactivity.\n|\n|win|xuyuehang\n|raw|Chisaki Kai's rating: 1558 &rarr; <strong>1540</strong><br />(-18 for losing)\n|raw|xuyuehang's rating: 1601 &rarr; <strong>1619</strong><br />(+18 for winning)\n", "inputlog": ">version b99ff0165a6231f17e8b78c2a78d1998375de664\n>start {\"formatid\":\"gen6randombattle\",\"seed\":\"sodium,20050d495a420faa9c3b835fd85ca059\",\"rated\":\"Rated battle\"}\n>player p1 {\"name\":\"Chisaki Kai\",\"avatar\":\"acetrainer-gen3\",\"rating\":1558,\"seed\":\"sodium,e5e2ff5cb48eb7fb37e983441d8f610e\"}\n>player p2 {\"name\":\"xuyuehang\",\"avatar\":\"1\",\"rating\":1601,\"seed\":\"sodium,ace87b3927a085f12f34eb25bf23e442\"}\n>p1 move pinmissile mega\n>p2 move dragondance\n>p1 move pinmissile\n>p2 move outrage\n>p1 switch 2\n>p1 move stealthrock\n>p2 move outrage\n>p1 move bravebird\n>p2 move outrage\n>p2 switch 5\n>p1 move roost\n>p2 move hypervoice\n>p1 switch 3\n>p1 move shellsmash\n>p2 move defog\n>p1 move stoneedge\n>p2 move hypervoice\n>p2 switch 6\n>p1 move shellsmash\n>p2 move thunderbolt\n>p1 move stoneedge\n>p2 move thunderbolt\n>p2 switch 4\n>p1 move stoneedge\n>p2 move surf\n>p1 switch 5\n>p1 move boltstrike\n>p2 move icebeam\n>p1 move boltstrike\n>p2 move icebeam\n>p1 switch 4\n>p2 move icebeam\n>p1 move facade\n>p2 move protect\n>p1 move facade\n>p2 move surf\n>p2 switch 2\n>p1 move facade\n>p2 move waterspout\n>p1 switch 6\n>p1 move freezedry\n>p2 move waterspout\n>forcelose p1", "uploadtime": 1769608215, "views": 263, "formatid": "gen6randombattle", "rating": 1540, "private": 0, "password": null}