{"id": "gen6randombattle-2519953257", "format": "[Gen 6] Random Battle", "players": ["makkiapakkia", "arboretums"], "log": "|j|‽makkiapakkia\n|j|☆arboretums\n|t:|1768574194\n|gametype|singles\n|player|p1|makkiapakkia|266|1632\n|player|p2|arboretums|serena-masters2|1609\n|gen|6\n|tier|[Gen 6] Random Battle\n|rated|\n|rule|Sleep Clause Mod: Limit one foe put to sleep\n|rule|HP Percentage Mod: HP is shown in percentages\n|rule|Illusion Level Mod: Illusion disguises the Pokémon's true level\n|\n|t:|1768574194\n|teamsize|p1|6\n|teamsize|p2|6\n|start\n|switch|p1a: Gothitelle|Gothitelle, L89, M|269/269\n|switch|p2a: Sawsbuck|Sawsbuck-Winter, L86, M|278/278\n|turn|1\n|\n|t:|1768574204\n|move|p1a: Gothitelle|Trick|p2a: Sawsbuck\n|-activate|p1a: Gothitelle|move: Trick|[of] p2a: Sawsbuck\n|-item|p2a: Sawsbuck|Choice Scarf|[from] move: Trick\n|-item|p1a: Gothitelle|Leftovers|[from] move: Trick\n|move|p2a: Sawsbuck|Substitute|p2a: Sawsbuck\n|-start|p2a: Sawsbuck|Substitute\n|-damage|p2a: Sawsbuck|209/278\n|\n|upkeep\n|turn|2\n|c|☆arboretums|bro\n|\n|t:|1768574214\n|move|p2a: Sawsbuck|Substitute|p2a: Sawsbuck\n|-fail|p2a: Sawsbuck|move: Substitute\n|move|p1a: Gothitelle|Psychic|p2a: Sawsbuck\n|-end|p2a: Sawsbuck|Substitute\n|\n|upkeep\n|turn|3\n|\n|t:|1768574218\n|move|p2a: Sawsbuck|Substitute|p2a: Sawsbuck\n|-start|p2a: Sawsbuck|Substitute\n|-damage|p2a: Sawsbuck|140/278\n|move|p1a: Gothitelle|Psychic|p2a: Sawsbuck\n|-end|p2a: Sawsbuck|Substitute\n|\n|upkeep\n|turn|4\n|\n|t:|1768574226\n|move|p2a: Sawsbuck|Substitute|p2a: Sawsbuck\n|-start|p2a: Sawsbuck|Substitute\n|-damage|p2a: Sawsbuck|71/278\n|move|p1a: Gothitelle|Psychic|p2a: Sawsbuck\n|-end|p2a: Sawsbuck|Substitute\n|\n|upkeep\n|turn|5\n|\n|t:|1768574233\n|move|p2a: Sawsbuck|Substitute|p2a: Sawsbuck\n|-start|p2a: Sawsbuck|Substitute\n|-damage|p2a: Sawsbuck|2/278\n|move|p1a: Gothitelle|Psychic|p2a: Sawsbuck\n|-end|p2a: Sawsbuck|Substitute\n|\n|upkeep\n|turn|6\n|\n|t:|1768574241\n|move|p2a: Sawsbuck|Substitute|p2a: Sawsbuck\n|-fail|p2a: Sawsbuck|move: Substitute|[weak]\n|move|p1a: Gothitelle|Hidden Power|p2a: Sawsbuck\n|-supereffective|p2a: Sawsbuck\n|-damage|p2a: Sawsbuck|0 fnt\n|faint|p2a: Sawsbuck\n|\n|upkeep\n|\n|t:|1768574248\n|switch|p2a: Carnivine|Carnivine, M|310/310\n|turn|7\n|inactive|Battle timer is ON: inactive players will automatically lose when time's up. (requested by arboretums)\n|\n|t:|1768574270\n|switch|p1a: Spiritomb|Spiritomb, L88, M|231/231\n|move|p2a: Carnivine|Sleep Powder|p1a: Spiritomb\n|-status|p1a: Spiritomb|slp|[from] move: Sleep Powder\n|\n|upkeep\n|turn|8\n|\n|t:|1768574279\n|move|p2a: Carnivine|Power Whip|p1a: Spiritomb\n|-damage|p1a: Spiritomb|86/231 slp\n|cant|p1a: Spiritomb|slp\n|\n|upkeep\n|turn|9\n|\n|t:|1768574285\n|switch|p1a: Skarmory|Skarmory, L74, F|218/218\n|move|p2a: Carnivine|Power Whip|p1a: Skarmory\n|-resisted|p1a: Skarmory\n|-damage|p1a: Skarmory|180/218\n|\n|-heal|p1a: Skarmory|193/218|[from] item: Leftovers\n|upkeep\n|turn|10\n|\n|t:|1768574299\n|switch|p2a: Zebstrika|Zebstrika, L87, M|272/272\n|move|p1a: Skarmory|Stealth Rock|p2a: Zebstrika\n|-sidestart|p2: arboretums|move: Stealth Rock\n|\n|-heal|p1a: Skarmory|206/218|[from] item: Leftovers\n|upkeep\n|turn|11\n|inactive|makkiapakkia has 120 seconds left.\n|\n|t:|1768574345\n|switch|p1a: Gothitelle|Gothitelle, L89, M|269/269\n|move|p2a: Zebstrika|Volt Switch|p1a: Gothitelle\n|-damage|p1a: Gothitelle|184/269\n|\n|t:|1768574355\n|switch|p2a: Greninja|Greninja, L79, F|243/243|[from] Volt Switch\n|-damage|p2a: Greninja|213/243|[from] Stealth Rock\n|\n|-heal|p1a: Gothitelle|200/269|[from] item: Leftovers\n|upkeep\n|turn|12\n|\n|t:|1768574365\n|move|p2a: Greninja|U-turn|p1a: Gothitelle\n|-start|p2a: Greninja|typechange|Bug|[from] ability: Protean\n|-supereffective|p1a: Gothitelle\n|-damage|p1a: Gothitelle|61/269\n|\n|t:|1768574369\n|switch|p2a: Zebstrika|Zebstrika, L87, M|272/272|[from] U-turn\n|-damage|p2a: Zebstrika|238/272|[from] Stealth Rock\n|move|p1a: Gothitelle|Psychic|p2a: Zebstrika\n|-damage|p2a: Zebstrika|120/272\n|\n|-heal|p1a: Gothitelle|77/269|[from] item: Leftovers\n|upkeep\n|turn|13\n|j| RNGgivethRNGtaketh\n|inactive|makkiapakkia has 120 seconds left.\n|\n|t:|1768574387\n|move|p2a: Zebstrika|Volt Switch|p1a: Gothitelle\n|-damage|p1a: Gothitelle|0 fnt\n|faint|p1a: Gothitelle\n|\n|t:|1768574395\n|switch|p2a: Carnivine|Carnivine, M|310/310|[from] Volt Switch\n|-damage|p2a: Carnivine|272/310|[from] Stealth Rock\n|\n|-heal|p2a: Carnivine|291/310|[from] item: Leftovers\n|upkeep\n|inactive|makkiapakkia has 120 seconds left.\n|\n|t:|1768574400\n|switch|p1a: Skarmory|Skarmory, L74, F|206/218\n|turn|14\n|\n|t:|1768574405\n|move|p2a: Carnivine|Knock Off|p1a: Skarmory\n|-damage|p1a: Skarmory|125/218\n|-enditem|p1a: Skarmory|Leftovers|[from] move: Knock Off|[of] p2a: Carnivine\n|move|p1a: Skarmory|Spikes|p2a: Carnivine\n|-sidestart|p2: arboretums|Spikes\n|\n|-heal|p2a: Carnivine|310/310|[from] item: Leftovers\n|upkeep\n|turn|15\n|\n|t:|1768574411\n|switch|p2a: Shuckle|Shuckle, L84, M|171/171\n|-damage|p2a: Shuckle|129/171|[from] Stealth Rock\n|-damage|p2a: Shuckle|108/171|[from] Spikes\n|move|p1a: Skarmory|Spikes|p2a: Shuckle\n|-sidestart|p2: arboretums|Spikes\n|\n|upkeep\n|turn|16\n|\n|t:|1768574419\n|move|p1a: Skarmory|Spikes|p2a: Shuckle\n|-sidestart|p2: arboretums|Spikes\n|move|p2a: Shuckle|Sticky Web|p1a: Skarmory\n|-sidestart|p1: makkiapakkia|move: Sticky Web\n|\n|upkeep\n|turn|17\n|\n|t:|1768574424\n|move|p1a: Skarmory|Brave Bird|p2a: Shuckle\n|-damage|p2a: Shuckle|71/171\n|-damage|p1a: Skarmory|113/218|[from] Recoil\n|move|p2a: Shuckle|Stealth Rock|p1a: Skarmory\n|-sidestart|p1: makkiapakkia|move: Stealth Rock\n|\n|upkeep\n|turn|18\n|\n|t:|1768574431\n|move|p1a: Skarmory|Roost|p1a: Skarmory\n|-heal|p1a: Skarmory|218/218\n|-singleturn|p1a: Skarmory|move: Roost\n|move|p2a: Shuckle|Encore|p1a: Skarmory\n|-start|p1a: Skarmory|Encore\n|\n|upkeep\n|turn|19\n|\n|t:|1768574443\n|switch|p1a: Delibird|Delibird, M|251/251\n|-damage|p1a: Delibird|126/251|[from] Stealth Rock\n|switch|p2a: Lumineon|Lumineon, L90, F|271/271\n|-damage|p2a: Lumineon|238/271|[from] Stealth Rock\n|-damage|p2a: Lumineon|171/271|[from] Spikes\n|\n|-heal|p2a: Lumineon|187/271|[from] item: Leftovers\n|-heal|p1a: Delibird|141/251|[from] item: Leftovers\n|upkeep\n|turn|20\n|\n|t:|1768574454\n|move|p2a: Lumineon|Defog|p1a: Delibird\n|-unboost|p1a: Delibird|evasion|1\n|-sideend|p1: makkiapakkia|Stealth Rock|[from] move: Defog|[of] p2a: Lumineon\n|-sideend|p1: makkiapakkia|Sticky Web|[from] move: Defog|[of] p2a: Lumineon\n|-sideend|p2: arboretums|Spikes|[from] move: Defog|[of] p2a: Lumineon\n|-sideend|p2: arboretums|Stealth Rock|[from] move: Defog|[of] p2a: Lumineon\n|move|p1a: Delibird|Rapid Spin|p2a: Lumineon\n|-damage|p2a: Lumineon|176/271\n|\n|-heal|p2a: Lumineon|192/271|[from] item: Leftovers\n|-heal|p1a: Delibird|156/251|[from] item: Leftovers\n|upkeep\n|turn|21\n|\n|t:|1768574464\n|move|p2a: Lumineon|Scald|p1a: Delibird\n|-damage|p1a: Delibird|48/251\n|move|p1a: Delibird|Freeze-Dry|p2a: Lumineon\n|-supereffective|p2a: Lumineon\n|-damage|p2a: Lumineon|28/271\n|\n|-heal|p2a: Lumineon|44/271|[from] item: Leftovers\n|-heal|p1a: Delibird|63/251|[from] item: Leftovers\n|upkeep\n|turn|22\n|\n|t:|1768574484\n|switch|p1a: Spiritomb|Spiritomb, L88, M|86/231 slp\n|move|p2a: Lumineon|Scald|p1a: Spiritomb\n|-damage|p1a: Spiritomb|28/231 slp\n|\n|-heal|p2a: Lumineon|60/271|[from] item: Leftovers\n|upkeep\n|turn|23\n|\n|t:|1768574492\n|cant|p1a: Spiritomb|slp\n|move|p2a: Lumineon|U-turn|p1a: Spiritomb\n|-damage|p1a: Spiritomb|0 fnt\n|faint|p1a: Spiritomb\n|\n|t:|1768574499\n|switch|p2a: Zebstrika|Zebstrika, L87, M|120/272|[from] U-turn\n|\n|upkeep\n|\n|t:|1768574504\n|switch|p1a: Excadrill|Excadrill, L80, M|307/307\n|-ability|p1a: Excadrill|Mold Breaker\n|turn|24\n|\n|t:|1768574511\n|move|p2a: Zebstrika|Overheat|p1a: Excadrill\n|-supereffective|p1a: Excadrill\n|-damage|p1a: Excadrill|0 fnt\n|-unboost|p2a: Zebstrika|spa|2\n|faint|p1a: Excadrill\n|\n|upkeep\n|\n|t:|1768574517\n|switch|p1a: Tauros|Tauros, L82, M|257/257\n|-ability|p1a: Tauros|Intimidate|boost\n|-unboost|p2a: Zebstrika|atk|1\n|turn|25\n|\n|t:|1768574536\n|switch|p2a: Shuckle|Shuckle, L84, M|71/171\n|switch|p1a: Delibird|Delibird, M|63/251\n|\n|-heal|p1a: Delibird|78/251|[from] item: Leftovers\n|upkeep\n|turn|26\n|\n|t:|1768574544\n|move|p1a: Delibird|Spikes|p2a: Shuckle\n|-sidestart|p2: arboretums|Spikes\n|move|p2a: Shuckle|Stealth Rock|p1a: Delibird\n|-sidestart|p1: makkiapakkia|move: Stealth Rock\n|\n|-heal|p1a: Delibird|93/251|[from] item: Leftovers\n|upkeep\n|turn|27\n|\n|t:|1768574550\n|move|p1a: Delibird|Spikes|p2a: Shuckle\n|-sidestart|p2: arboretums|Spikes\n|move|p2a: Shuckle|Encore|p1a: Delibird\n|-start|p1a: Delibird|Encore\n|\n|-heal|p1a: Delibird|108/251|[from] item: Leftovers\n|upkeep\n|turn|28\n|\n|t:|1768574558\n|switch|p2a: Zebstrika|Zebstrika, L87, M|120/272\n|-damage|p2a: Zebstrika|75/272|[from] Spikes\n|move|p1a: Delibird|Spikes|p2a: Zebstrika\n|-sidestart|p2: arboretums|Spikes\n|\n|-heal|p1a: Delibird|123/251|[from] item: Leftovers\n|upkeep\n|turn|29\n|\n|t:|1768574566\n|move|p2a: Zebstrika|Volt Switch|p1a: Delibird\n|-supereffective|p1a: Delibird\n|-damage|p1a: Delibird|0 fnt\n|faint|p1a: Delibird\n|\n|t:|1768574575\n|switch|p2a: Carnivine|Carnivine, M|310/310|[from] Volt Switch\n|\n|upkeep\n|\n|t:|1768574580\n|switch|p1a: Skarmory|Skarmory, L74, F|218/218\n|-damage|p1a: Skarmory|191/218|[from] Stealth Rock\n|turn|30\n|\n|t:|1768574585\n|move|p2a: Carnivine|Sleep Powder|p1a: Skarmory|[miss]\n|-miss|p2a: Carnivine|p1a: Skarmory\n|move|p1a: Skarmory|Brave Bird|p2a: Carnivine\n|-supereffective|p2a: Carnivine\n|-damage|p2a: Carnivine|136/310\n|-damage|p1a: Skarmory|134/218|[from] Recoil\n|\n|-heal|p2a: Carnivine|155/310|[from] item: Leftovers\n|upkeep\n|turn|31\n|\n|t:|1768574594\n|move|p2a: Carnivine|Synthesis|p2a: Carnivine\n|-heal|p2a: Carnivine|310/310\n|move|p1a: Skarmory|Brave Bird|p2a: Carnivine\n|-supereffective|p2a: Carnivine\n|-damage|p2a: Carnivine|142/310\n|-damage|p1a: Skarmory|79/218|[from] Recoil\n|\n|-heal|p2a: Carnivine|161/310|[from] item: Leftovers\n|upkeep\n|turn|32\n|\n|t:|1768574602\n|move|p2a: Carnivine|Synthesis|p2a: Carnivine\n|-heal|p2a: Carnivine|310/310\n|move|p1a: Skarmory|Roost|p1a: Skarmory\n|-heal|p1a: Skarmory|188/218\n|-singleturn|p1a: Skarmory|move: Roost\n|\n|upkeep\n|turn|33\n|\n|t:|1768574617\n|move|p2a: Carnivine|Sleep Powder|p1a: Skarmory\n|-status|p1a: Skarmory|slp|[from] move: Sleep Powder\n|cant|p1a: Skarmory|slp\n|\n|upkeep\n|turn|34\n|\n|t:|1768574625\n|switch|p2a: Zebstrika|Zebstrika, L87, M|75/272\n|-damage|p2a: Zebstrika|7/272|[from] Spikes\n|cant|p1a: Skarmory|slp\n|\n|upkeep\n|turn|35\n|\n|t:|1768574638\n|switch|p1a: Tauros|Tauros, L82, M|257/257\n|-damage|p1a: Tauros|225/257|[from] Stealth Rock\n|-ability|p1a: Tauros|Intimidate|boost\n|-unboost|p2a: Zebstrika|atk|1\n|move|p2a: Zebstrika|Thunderbolt|p1a: Tauros\n|-damage|p1a: Tauros|74/257\n|\n|upkeep\n|turn|36\n|\n|t:|1768574648\n|move|p2a: Zebstrika|Thunderbolt|p1a: Tauros\n|-crit|p1a: Tauros\n|-damage|p1a: Tauros|0 fnt\n|faint|p1a: Tauros\n|\n|upkeep\n|\n|t:|1768574652\n|switch|p1a: Skarmory|Skarmory, L74, F|188/218 slp\n|-damage|p1a: Skarmory|161/218 slp|[from] Stealth Rock\n|turn|37\n|\n|t:|1768574656\n|move|p2a: Zebstrika|Thunderbolt|p1a: Skarmory\n|-supereffective|p1a: Skarmory\n|-damage|p1a: Skarmory|0 fnt\n|faint|p1a: Skarmory\n|\n|win|arboretums\n|raw|makkiapakkia's rating: 1632 &rarr; <strong>1611</strong><br />(-21 for losing)\n|raw|arboretums's rating: 1609 &rarr; <strong>1630</strong><br />(+21 for winning)\n", "inputlog": ">version 3bd1a1e329da8d286644078cfc9a9638fc7ea025\n>start {\"formatid\":\"gen6randombattle\",\"seed\":\"sodium,ad83b123ca4d6a04e9521ca44b238b8b\",\"rated\":\"Rated battle\"}\n>player p1 {\"name\":\"makkiapakkia\",\"avatar\":\"266\",\"rating\":1632,\"seed\":\"sodium,3e75a32d568e46441d5fb0d136236683\"}\n>player p2 {\"name\":\"arboretums\",\"avatar\":\"serena-masters2\",\"rating\":1609,\"seed\":\"sodium,8d79dda159ca4f45aa853a0917189004\"}\n>p1 move trick\n>p2 move substitute\n>chat ☆arboretums|bro\n>p1 move psychic\n>p2 move substitute\n>p1 move psychic\n>p2 move substitute\n>p1 move psychic\n>p2 move substitute\n>p1 move psychic\n>p2 move substitute\n>p1 move hiddenpower\n>p2 move substitute\n>p2 switch 6\n>p1 switch 5\n>p2 move sleeppowder\n>p1 move willowisp\n>p2 move powerwhip\n>p1 switch 3\n>p2 move powerwhip\n>p1 move stealthrock\n>p2 switch 4\n>p1 switch 5\n>p2 move voltswitch\n>p2 switch 5\n>p1 move psychic\n>p2 move uturn\n>p2 switch 5\n>p1 move psychic\n>p2 move voltswitch\n>p2 switch 4\n>p1 switch 5\n>p1 move spikes\n>p2 move knockoff\n>p1 move spikes\n>p2 switch 2\n>p1 move spikes\n>p2 move stickyweb\n>p1 move bravebird\n>p2 move stealthrock\n>p1 move roost\n>p2 move encore\n>p1 switch 4\n>p2 switch 3\n>p1 move rapidspin\n>p2 move defog\n>p1 move freezedry\n>p2 move scald\n>p1 switch 3\n>p2 move scald\n>p1 move suckerpunch\n>p2 move uturn\n>p2 switch 4\n>p1 switch 6\n>p1 move ironhead\n>p2 move overheat\n>p1 switch 2\n>p1 switch 3\n>p2 switch 3\n>p1 move spikes\n>p2 move stealthrock\n>p1 move spikes\n>p2 move encore\n>p1 move spikes\n>p2 switch 3\n>p1 move spikes\n>p2 move voltswitch\n>p2 switch 2\n>p1 switch 4\n>p1 move bravebird\n>p2 move sleeppowder\n>p1 move bravebird\n>p2 move synthesis\n>p1 move roost\n>p2 move synthesis\n>p1 move stealthrock\n>p2 move sleeppowder\n>p1 move stealthrock\n>p2 switch 2\n>p1 switch 3\n>p2 move thunderbolt\n>p1 move doubleedge\n>p2 move thunderbolt\n>p1 switch 3\n>p1 move bravebird\n>p2 move thunderbolt", "uploadtime": 1768574657, "views": 282, "formatid": "gen6randombattle", "rating": 1611, "private": 0, "password": null}