{"id": "gen6randombattle-2536517774", "format": "[Gen 6] Random Battle", "players": ["tobyga", "gdhjdj"], "log": "|j|☆tobyga\n|j|☆gdhjdj\n|t:|1770698383\n|gametype|singles\n|player|p1|tobyga|miku-flying|1587\n|player|p2|gdhjdj|102|1492\n|gen|6\n|tier|[Gen 6] Random Battle\n|rated|\n|rule|Sleep Clause Mod: Limit one foe put to sleep\n|rule|HP Percentage Mod: HP is shown in percentages\n|rule|Illusion Level Mod: Illusion disguises the Pokémon's true level\n|\n|t:|1770698383\n|teamsize|p1|6\n|teamsize|p2|6\n|start\n|switch|p1a: Meowstic|Meowstic-F, L90, F|280/280\n|switch|p2a: Musharna|Musharna, L88, F|347/347\n|turn|1\n|\n|t:|1770698395\n|switch|p1a: Drifblim|Drifblim, L83, M|384/384\n|move|p2a: Musharna|Signal Beam|p1a: Drifblim\n|-resisted|p1a: Drifblim\n|-damage|p1a: Drifblim|362/384\n|\n|upkeep\n|turn|2\n|\n|t:|1770698399\n|switch|p2a: Eelektross|Eelektross, L85, F|283/283\n|move|p1a: Drifblim|Will-O-Wisp|p2a: Eelektross|[miss]\n|-miss|p1a: Drifblim|p2a: Eelektross\n|\n|upkeep\n|turn|3\n|\n|t:|1770698408\n|move|p1a: Drifblim|Will-O-Wisp|p2a: Eelektross\n|-status|p2a: Eelektross|brn\n|move|p2a: Eelektross|Discharge|p1a: Drifblim\n|-supereffective|p1a: Drifblim\n|-damage|p1a: Drifblim|86/384\n|-status|p1a: Drifblim|par\n|-enditem|p1a: Drifblim|Sitrus Berry|[eat]\n|-heal|p1a: Drifblim|182/384 par|[from] item: Sitrus Berry\n|\n|-damage|p2a: Eelektross|248/283 brn|[from] brn\n|upkeep\n|turn|4\n|inactive|Battle timer is ON: inactive players will automatically lose when time's up. (requested by gdhjdj)\n|\n|t:|1770698417\n|move|p2a: Eelektross|Discharge|p1a: Drifblim\n|-supereffective|p1a: Drifblim\n|-damage|p1a: Drifblim|0 fnt\n|faint|p1a: Drifblim\n|\n|-damage|p2a: Eelektross|213/283 brn|[from] brn\n|upkeep\n|\n|t:|1770698424\n|switch|p1a: Ariados|Ariados, L91, F|275/275\n|turn|5\n|\n|t:|1770698428\n|move|p2a: Eelektross|Discharge|p1a: Ariados\n|-damage|p1a: Ariados|160/275\n|move|p1a: Ariados|Sticky Web|p2a: Eelektross\n|-sidestart|p2: gdhjdj|move: Sticky Web\n|\n|-heal|p1a: Ariados|177/275|[from] item: Black Sludge\n|-damage|p2a: Eelektross|178/283 brn|[from] brn\n|upkeep\n|turn|6\n|\n|t:|1770698432\n|move|p2a: Eelektross|Flamethrower|p1a: Ariados\n|-supereffective|p1a: Ariados\n|-damage|p1a: Ariados|19/275\n|move|p1a: Ariados|Toxic Spikes|p2a: Eelektross\n|-sidestart|p2: gdhjdj|move: Toxic Spikes\n|\n|-heal|p1a: Ariados|36/275|[from] item: Black Sludge\n|-damage|p2a: Eelektross|143/283 brn|[from] brn\n|upkeep\n|turn|7\n|\n|t:|1770698438\n|move|p2a: Eelektross|Discharge|p1a: Ariados\n|-damage|p1a: Ariados|0 fnt\n|faint|p1a: Ariados\n|\n|-damage|p2a: Eelektross|108/283 brn|[from] brn\n|upkeep\n|\n|t:|1770698445\n|switch|p1a: Meowstic|Meowstic-F, L90, F|280/280\n|turn|8\n|\n|t:|1770698449\n|move|p1a: Meowstic|Psychic|p2a: Eelektross\n|-damage|p2a: Eelektross|13/283 brn\n|-damage|p1a: Meowstic|252/280|[from] item: Life Orb\n|move|p2a: Eelektross|Discharge|p1a: Meowstic\n|-damage|p1a: Meowstic|158/280\n|\n|-damage|p2a: Eelektross|0 fnt|[from] brn\n|faint|p2a: Eelektross\n|upkeep\n|\n|t:|1770698459\n|switch|p2a: Musharna|Musharna, L88, F|347/347\n|-activate|p2a: Musharna|move: Sticky Web\n|-unboost|p2a: Musharna|spe|1\n|-status|p2a: Musharna|psn\n|turn|9\n|\n|t:|1770698465\n|move|p1a: Meowstic|Dark Pulse|p2a: Musharna\n|-supereffective|p2a: Musharna\n|-damage|p2a: Musharna|207/347 psn\n|-damage|p1a: Meowstic|130/280|[from] item: Life Orb\n|move|p2a: Musharna|Signal Beam|p1a: Meowstic\n|-supereffective|p1a: Meowstic\n|-damage|p1a: Meowstic|0 fnt\n|faint|p1a: Meowstic\n|\n|-heal|p2a: Musharna|228/347 psn|[from] item: Leftovers\n|-damage|p2a: Musharna|185/347 psn|[from] psn\n|upkeep\n|\n|t:|1770698473\n|switch|p1a: Furfrou|Furfrou-Matron, L85, M|230/230\n|turn|10\n|\n|t:|1770698478\n|move|p1a: Furfrou|Dark Pulse|p2a: Musharna\n|-supereffective|p2a: Musharna\n|-crit|p2a: Musharna\n|-damage|p2a: Musharna|0 fnt\n|faint|p2a: Musharna\n|\n|upkeep\n|\n|t:|1770698487\n|switch|p2a: Emboar|Emboar, L83, M|318/318\n|-activate|p2a: Emboar|move: Sticky Web\n|-unboost|p2a: Emboar|spe|1\n|-status|p2a: Emboar|psn\n|turn|11\n|\n|t:|1770698493\n|switch|p1a: Doublade|Doublade, L82, F|231/231\n|move|p2a: Emboar|Superpower|p1a: Doublade\n|-immune|p1a: Doublade\n|\n|-damage|p2a: Emboar|279/318 psn|[from] psn\n|upkeep\n|turn|12\n|\n|t:|1770698499\n|switch|p2a: Druddigon|Druddigon, L86, F|273/273\n|-activate|p2a: Druddigon|move: Sticky Web\n|-unboost|p2a: Druddigon|spe|1\n|-status|p2a: Druddigon|psn\n|move|p1a: Doublade|Shadow Claw|p2a: Druddigon\n|-damage|p2a: Druddigon|194/273 psn\n|\n|-damage|p2a: Druddigon|160/273 psn|[from] psn\n|upkeep\n|turn|13\n|\n|t:|1770698502\n|move|p1a: Doublade|Swords Dance|p1a: Doublade\n|-boost|p1a: Doublade|atk|2\n|move|p2a: Druddigon|Fire Punch|p1a: Doublade\n|-supereffective|p1a: Doublade\n|-damage|p1a: Doublade|124/231\n|\n|-damage|p2a: Druddigon|126/273 psn|[from] psn\n|upkeep\n|turn|14\n|\n|t:|1770698506\n|move|p1a: Doublade|Iron Head|p2a: Druddigon\n|-damage|p2a: Druddigon|0 fnt\n|faint|p2a: Druddigon\n|\n|upkeep\n|\n|t:|1770698510\n|switch|p2a: Emboar|Emboar, L83, M|279/318 psn\n|-activate|p2a: Emboar|move: Sticky Web\n|-unboost|p2a: Emboar|spe|1\n|turn|15\n|\n|t:|1770698513\n|move|p1a: Doublade|Shadow Claw|p2a: Emboar\n|-damage|p2a: Emboar|77/318 psn\n|move|p2a: Emboar|Flare Blitz|p1a: Doublade\n|-supereffective|p1a: Doublade\n|-damage|p1a: Doublade|0 fnt\n|faint|p1a: Doublade\n|-damage|p2a: Emboar|36/318 psn|[from] Recoil\n|\n|-damage|p2a: Emboar|0 fnt|[from] psn\n|faint|p2a: Emboar\n|upkeep\n|\n|t:|1770698524\n|switch|p2a: Heracross|Heracross, L77, M|250/250\n|switch|p1a: Furfrou|Furfrou-Matron, L85, M|230/230\n|-activate|p2a: Heracross|move: Sticky Web\n|-unboost|p2a: Heracross|spe|1\n|-status|p2a: Heracross|psn\n|turn|16\n|\n|t:|1770698529\n|detailschange|p2a: Heracross|Heracross-Mega, L77, M\n|-mega|p2a: Heracross|Heracross|Heracronite\n|move|p1a: Furfrou|Flamethrower|p2a: Heracross\n|-supereffective|p2a: Heracross\n|-damage|p2a: Heracross|46/250 psn\n|move|p2a: Heracross|Pin Missile|p1a: Furfrou\n|-supereffective|p1a: Furfrou\n|-damage|p1a: Furfrou|120/230\n|replace|p1a: Zoroark|Zoroark, L81, F\n|-end|p1a: Zoroark|Illusion\n|-hint|Illusion Level Mod is active, so this Pokémon's true level was hidden.\n|-supereffective|p1a: Zoroark\n|-damage|p1a: Zoroark|10/230\n|-supereffective|p1a: Zoroark\n|-damage|p1a: Zoroark|0 fnt\n|faint|p1a: Zoroark\n|-hitcount|p1: Zoroark|3\n|\n|-damage|p2a: Heracross|15/250 psn|[from] psn\n|upkeep\n|\n|t:|1770698537\n|switch|p1a: Furfrou|Furfrou-Matron, L85, M|266/266\n|turn|17\n|\n|t:|1770698546\n|move|p1a: Furfrou|Return|p2a: Heracross\n|-crit|p2a: Heracross\n|-damage|p2a: Heracross|0 fnt\n|faint|p2a: Heracross\n|detailschange|p2: Heracross|Heracross, L77, M|[silent]\n|\n|upkeep\n|\n|t:|1770698549\n|switch|p2a: Omastar|Omastar, L83, F|251/251\n|-activate|p2a: Omastar|move: Sticky Web\n|-unboost|p2a: Omastar|spe|1\n|-status|p2a: Omastar|psn\n|-enditem|p2a: Omastar|White Herb\n|-clearnegativeboost|p2a: Omastar|[silent]\n|turn|18\n|\n|t:|1770698557\n|move|p1a: Furfrou|Return|p2a: Omastar\n|-resisted|p2a: Omastar\n|-damage|p2a: Omastar|216/251 psn\n|move|p2a: Omastar|Shell Smash|p2a: Omastar\n|-unboost|p2a: Omastar|def|1\n|-unboost|p2a: Omastar|spd|1\n|-boost|p2a: Omastar|atk|2\n|-boost|p2a: Omastar|spa|2\n|-boost|p2a: Omastar|spe|2\n|\n|-damage|p2a: Omastar|185/251 psn|[from] psn\n|upkeep\n|turn|19\n|\n|t:|1770698566\n|move|p2a: Omastar|Hydro Pump|p1a: Furfrou\n|-damage|p1a: Furfrou|28/266\n|move|p1a: Furfrou|Rest|p1a: Furfrou\n|-status|p1a: Furfrou|slp|[from] move: Rest\n|-heal|p1a: Furfrou|266/266 slp|[silent]\n|-enditem|p1a: Furfrou|Chesto Berry|[eat]\n|-curestatus|p1a: Furfrou|slp|[msg]\n|\n|-damage|p2a: Omastar|154/251 psn|[from] psn\n|upkeep\n|turn|20\n|\n|t:|1770698577\n|move|p2a: Omastar|Hydro Pump|p1a: Furfrou\n|-damage|p1a: Furfrou|0 fnt\n|faint|p1a: Furfrou\n|\n|win|gdhjdj\n|raw|tobyga's rating: 1596 &rarr; <strong>1570</strong><br />(-26 for losing)\n|raw|gdhjdj's rating: 1492 &rarr; <strong>1518</strong><br />(+26 for winning)\n", "inputlog": ">version ccdc32dd7cde25fd9e4bed64820e885f66e78a4e\n>start {\"formatid\":\"gen6randombattle\",\"seed\":\"sodium,b2519247442adb2cf4cc050f95e6bf04\",\"rated\":\"Rated battle\"}\n>player p1 {\"name\":\"tobyga\",\"avatar\":\"miku-flying\",\"rating\":1587,\"seed\":\"sodium,daec1904ce1563b622330d6e3c2e00d6\"}\n>player p2 {\"name\":\"gdhjdj\",\"avatar\":\"102\",\"rating\":1492,\"seed\":\"sodium,cdca3cb92b717a5bf3a070e087994754\"}\n>p1 switch 6\n>p2 move signalbeam\n>p1 move willowisp\n>p2 switch 2\n>p1 move willowisp\n>p2 move discharge\n>p1 move hex\n>p2 move discharge\n>p1 switch 4\n>p1 move stickyweb\n>p2 move discharge\n>p1 move toxicspikes\n>p2 move flamethrower\n>p1 move megahorn\n>p2 move discharge\n>p1 switch 6\n>p1 move psychic\n>p2 move discharge\n>p2 switch 2\n>p1 move darkpulse\n>p2 move signalbeam\n>p1 switch 3\n>p1 move darkpulse\n>p2 move moonlight\n>p2 switch 4\n>p1 switch 2\n>p2 move superpower\n>p1 move shadowclaw\n>p2 switch 5\n>p1 move swordsdance\n>p2 move firepunch\n>p1 move ironhead\n>p2 move glare\n>p2 switch 5\n>p1 move shadowclaw\n>p2 move flareblitz\n>p1 switch 2\n>p2 switch 3\n>p1 move flamethrower\n>p2 move pinmissile mega\n>p1 switch 5\n>p1 move return\n>p2 move closecombat\n>p2 switch 6\n>p1 move return\n>p2 move shellsmash\n>p1 move rest\n>p2 move hydropump\n>p1 move return\n>p2 move hydropump", "uploadtime": 1770698583, "views": 234, "formatid": "gen6randombattle", "rating": 1518, "private": 0, "password": null}