{"id": "gen6randombattle-2519494089", "format": "[Gen 6] Random Battle", "players": ["raphael44*", "arboretums"], "log": "|j|☆raphael44*\n|j|☆arboretums\n|t:|1768511163\n|gametype|singles\n|player|p1|raphael44*|169|1561\n|player|p2|arboretums|serena-masters2|1539\n|gen|6\n|tier|[Gen 6] Random Battle\n|rated|\n|rule|Sleep Clause Mod: Limit one foe put to sleep\n|rule|HP Percentage Mod: HP is shown in percentages\n|rule|Illusion Level Mod: Illusion disguises the Pokémon's true level\n|\n|t:|1768511163\n|teamsize|p1|6\n|teamsize|p2|6\n|start\n|switch|p1a: Arcanine|Arcanine, L82, F|282/282\n|switch|p2a: Crustle|Crustle, L82, M|249/249\n|-ability|p1a: Arcanine|Intimidate|boost\n|-unboost|p2a: Crustle|atk|1\n|-enditem|p2a: Crustle|White Herb\n|-clearnegativeboost|p2a: Crustle|[silent]\n|turn|1\n|\n|t:|1768511192\n|switch|p1a: Regirock|Regirock, L86|278/278\n|move|p2a: Crustle|Shell Smash|p2a: Crustle\n|-unboost|p2a: Crustle|def|1\n|-unboost|p2a: Crustle|spd|1\n|-boost|p2a: Crustle|atk|2\n|-boost|p2a: Crustle|spa|2\n|-boost|p2a: Crustle|spe|2\n|\n|upkeep\n|turn|2\n|inactive|Battle timer is ON: inactive players will automatically lose when time's up. (requested by arboretums)\n|\n|t:|1768511205\n|switch|p2a: Bronzong|Bronzong, L85|253/253\n|move|p1a: Regirock|Stone Edge|p2a: Bronzong\n|-resisted|p2a: Bronzong\n|-damage|p2a: Bronzong|211/253\n|\n|-heal|p2a: Bronzong|226/253|[from] item: Leftovers\n|upkeep\n|turn|3\n|\n|t:|1768511228\n|move|p1a: Regirock|Curse|p1a: Regirock\n|-unboost|p1a: Regirock|spe|1\n|-boost|p1a: Regirock|atk|1\n|-boost|p1a: Regirock|def|1\n|move|p2a: Bronzong|Toxic|p1a: Regirock\n|-status|p1a: Regirock|tox\n|\n|-heal|p2a: Bronzong|241/253|[from] item: Leftovers\n|-damage|p1a: Regirock|261/278 tox|[from] psn\n|upkeep\n|turn|4\n|\n|t:|1768511239\n|move|p2a: Bronzong|Iron Head|p1a: Regirock\n|-supereffective|p1a: Regirock\n|-damage|p1a: Regirock|199/278 tox\n|cant|p1a: Regirock|flinch\n|\n|-heal|p2a: Bronzong|253/253|[from] item: Leftovers\n|-damage|p1a: Regirock|165/278 tox|[from] psn\n|upkeep\n|turn|5\n|\n|t:|1768511247\n|switch|p2a: Kingdra|Kingdra, L84, F|263/263\n|move|p1a: Regirock|Curse|p1a: Regirock\n|-unboost|p1a: Regirock|spe|1\n|-boost|p1a: Regirock|atk|1\n|-boost|p1a: Regirock|def|1\n|\n|-damage|p1a: Regirock|114/278 tox|[from] psn\n|upkeep\n|turn|6\n|\n|t:|1768511264\n|move|p2a: Kingdra|Rain Dance|p2a: Kingdra\n|-weather|RainDance\n|move|p1a: Regirock|Drain Punch|p2a: Kingdra\n|-damage|p2a: Kingdra|158/263\n|-heal|p1a: Regirock|167/278 tox|[from] drain|[of] p2a: Kingdra\n|\n|-weather|RainDance|[upkeep]\n|-damage|p1a: Regirock|99/278 tox|[from] psn\n|upkeep\n|turn|7\n|\n|t:|1768511277\n|switch|p1a: Celebi|Celebi, L82|298/298\n|move|p2a: Kingdra|Hydro Pump|p1a: Celebi\n|-resisted|p1a: Celebi\n|-damage|p1a: Celebi|193/298\n|-damage|p2a: Kingdra|132/263|[from] item: Life Orb\n|\n|-weather|RainDance|[upkeep]\n|-heal|p1a: Celebi|211/298|[from] item: Leftovers\n|upkeep\n|turn|8\n|inactive|raphael44* has 120 seconds left.\n|\n|t:|1768511302\n|switch|p1a: Volbeat|Volbeat, L91, M|266/266\n|move|p2a: Kingdra|Draco Meteor|p1a: Volbeat\n|-damage|p1a: Volbeat|94/266\n|-unboost|p2a: Kingdra|spa|2\n|-damage|p2a: Kingdra|106/263|[from] item: Life Orb\n|\n|-weather|RainDance|[upkeep]\n|-heal|p1a: Volbeat|110/266|[from] item: Leftovers\n|upkeep\n|turn|9\n|inactive|raphael44* has 120 seconds left.\n|\n|t:|1768511314\n|move|p1a: Volbeat|Roost|p1a: Volbeat\n|-heal|p1a: Volbeat|243/266\n|-singleturn|p1a: Volbeat|move: Roost\n|move|p2a: Kingdra|Waterfall|p1a: Volbeat\n|-damage|p1a: Volbeat|27/266\n|-damage|p2a: Kingdra|80/263|[from] item: Life Orb\n|\n|-weather|RainDance|[upkeep]\n|-heal|p1a: Volbeat|43/266|[from] item: Leftovers\n|upkeep\n|turn|10\n|inactive|raphael44* has 120 seconds left.\n|\n|t:|1768511327\n|switch|p1a: Celebi|Celebi, L82|211/298\n|move|p2a: Kingdra|Waterfall|p1a: Celebi\n|-resisted|p1a: Celebi\n|-damage|p1a: Celebi|141/298\n|-damage|p2a: Kingdra|54/263|[from] item: Life Orb\n|\n|-weather|none\n|-heal|p1a: Celebi|159/298|[from] item: Leftovers\n|upkeep\n|turn|11\n|inactive|raphael44* has 120 seconds left.\n|\n|t:|1768511340\n|switch|p2a: Blissey|Blissey, L84, F|566/566\n|move|p1a: Celebi|Recover|p1a: Celebi\n|-heal|p1a: Celebi|298/298\n|\n|upkeep\n|turn|12\n|inactive|raphael44* has 120 seconds left.\n|\n|t:|1768511365\n|switch|p1a: Nidoqueen|Nidoqueen, L81, F|278/278\n|move|p2a: Blissey|Toxic|p1a: Nidoqueen\n|-immune|p1a: Nidoqueen\n|\n|upkeep\n|turn|13\n|\n|t:|1768511372\n|switch|p2a: Bronzong|Bronzong, L85|253/253\n|move|p1a: Nidoqueen|Toxic Spikes|p2a: Bronzong\n|-sidestart|p2: arboretums|move: Toxic Spikes\n|\n|upkeep\n|turn|14\n|inactive|raphael44* has 120 seconds left.\n|\n|t:|1768511389\n|switch|p1a: Celebi|Celebi, L82|298/298\n|move|p2a: Bronzong|Earthquake|p1a: Celebi\n|-resisted|p1a: Celebi\n|-damage|p1a: Celebi|268/298\n|\n|-heal|p1a: Celebi|286/298|[from] item: Leftovers\n|upkeep\n|turn|15\n|\n|t:|1768511403\n|move|p1a: Celebi|Nasty Plot|p1a: Celebi\n|-boost|p1a: Celebi|spa|2\n|move|p2a: Bronzong|Toxic|p1a: Celebi|[miss]\n|-miss|p2a: Bronzong|p1a: Celebi\n|\n|-heal|p1a: Celebi|298/298|[from] item: Leftovers\n|upkeep\n|turn|16\n|\n|t:|1768511414\n|move|p1a: Celebi|Nasty Plot|p1a: Celebi\n|-boost|p1a: Celebi|spa|2\n|move|p2a: Bronzong|Toxic|p1a: Celebi\n|-status|p1a: Celebi|tox\n|\n|-damage|p1a: Celebi|280/298 tox|[from] psn\n|upkeep\n|turn|17\n|\n|t:|1768511421\n|move|p2a: Bronzong|Protect|p2a: Bronzong\n|-singleturn|p2a: Bronzong|Protect\n|move|p1a: Celebi|Leaf Storm|p2a: Bronzong\n|-activate|p2a: Bronzong|move: Protect\n|\n|-heal|p1a: Celebi|298/298 tox|[from] item: Leftovers\n|-damage|p1a: Celebi|262/298 tox|[from] psn\n|upkeep\n|turn|18\n|inactive|raphael44* has 120 seconds left.\n|\n|t:|1768511430\n|move|p1a: Celebi|Leaf Storm|p2a: Bronzong|[miss]\n|-miss|p1a: Celebi|p2a: Bronzong\n|move|p2a: Bronzong|Iron Head|p1a: Celebi\n|-damage|p1a: Celebi|184/298 tox\n|\n|-heal|p1a: Celebi|202/298 tox|[from] item: Leftovers\n|-damage|p1a: Celebi|148/298 tox|[from] psn\n|upkeep\n|turn|19\n|inactive|raphael44* has 120 seconds left.\n|\n|t:|1768511441\n|-curestatus|p1a: Celebi|tox|[from] ability: Natural Cure\n|switch|p1a: Arcanine|Arcanine, L82, F|282/282\n|-ability|p1a: Arcanine|Intimidate|boost\n|-unboost|p2a: Bronzong|atk|1\n|move|p2a: Bronzong|Protect||[still]\n|-fail|p2a: Bronzong\n|\n|upkeep\n|turn|20\n|inactive|raphael44* has 120 seconds left.\n|\n|t:|1768511455\n|switch|p1a: Celebi|Celebi, L82|148/298\n|switch|p2a: Basculin|Basculin, L86, M|261/261\n|-status|p2a: Basculin|psn\n|\n|-heal|p1a: Celebi|166/298|[from] item: Leftovers\n|-damage|p2a: Basculin|229/261 psn|[from] psn\n|upkeep\n|turn|21\n|inactive|raphael44* has 120 seconds left.\n|\n|t:|1768511470\n|switch|p1a: Arcanine|Arcanine, L82, F|282/282\n|-ability|p1a: Arcanine|Intimidate|boost\n|-unboost|p2a: Basculin|atk|1\n|move|p2a: Basculin|Crunch|p1a: Arcanine\n|-damage|p1a: Arcanine|221/282\n|\n|-damage|p2a: Basculin|197/261 psn|[from] psn\n|upkeep\n|turn|22\n|inactive|raphael44* has 120 seconds left.\n|\n|t:|1768511486\n|switch|p2a: Avalugg|Avalugg, L90, M|317/317\n|-status|p2a: Avalugg|psn\n|move|p1a: Arcanine|Flare Blitz|p2a: Avalugg\n|-supereffective|p2a: Avalugg\n|-damage|p2a: Avalugg|138/317 psn\n|-damage|p1a: Arcanine|162/282|[from] Recoil\n|-damage|p1a: Arcanine|134/282|[from] item: Life Orb\n|\n|-heal|p2a: Avalugg|157/317 psn|[from] item: Leftovers\n|-damage|p2a: Avalugg|118/317 psn|[from] psn\n|upkeep\n|turn|23\n|\n|t:|1768511512\n|switch|p1a: Regirock|Regirock, L86|99/278 tox\n|move|p2a: Avalugg|Rapid Spin|p1a: Regirock\n|-resisted|p1a: Regirock\n|-damage|p1a: Regirock|94/278 tox\n|-sideend|p2: arboretums|Toxic Spikes|[from] move: Rapid Spin|[of] p2a: Avalugg\n|\n|-heal|p2a: Avalugg|137/317 psn|[from] item: Leftovers\n|-damage|p1a: Regirock|77/278 tox|[from] psn\n|-damage|p2a: Avalugg|98/317 psn|[from] psn\n|upkeep\n|turn|24\n|\n|t:|1768511522\n|move|p1a: Regirock|Rest|p1a: Regirock\n|-status|p1a: Regirock|slp|[from] move: Rest\n|-heal|p1a: Regirock|278/278 slp|[silent]\n|-enditem|p1a: Regirock|Chesto Berry|[eat]\n|-curestatus|p1a: Regirock|slp|[msg]\n|move|p2a: Avalugg|Earthquake|p1a: Regirock\n|-supereffective|p1a: Regirock\n|-damage|p1a: Regirock|190/278\n|\n|-heal|p2a: Avalugg|117/317 psn|[from] item: Leftovers\n|-damage|p2a: Avalugg|78/317 psn|[from] psn\n|upkeep\n|turn|25\n|inactive|raphael44* has 90 seconds left.\n|\n|t:|1768511545\n|switch|p2a: Bronzong|Bronzong, L85|253/253\n|move|p1a: Regirock|Drain Punch|p2a: Bronzong\n|-damage|p2a: Bronzong|207/253\n|-heal|p1a: Regirock|213/278|[from] drain|[of] p2a: Bronzong\n|\n|-heal|p2a: Bronzong|222/253|[from] item: Leftovers\n|upkeep\n|turn|26\n|inactive|raphael44* has 90 seconds left.\n|\n|t:|1768511573\n|switch|p1a: Arcanine|Arcanine, L82, F|134/282\n|-ability|p1a: Arcanine|Intimidate|boost\n|-unboost|p2a: Bronzong|atk|1\n|move|p2a: Bronzong|Earthquake|p1a: Arcanine\n|-supereffective|p1a: Arcanine\n|-damage|p1a: Arcanine|30/282\n|\n|-heal|p2a: Bronzong|237/253|[from] item: Leftovers\n|upkeep\n|turn|27\n|\n|t:|1768511582\n|switch|p2a: Avalugg|Avalugg, L90, M|78/317 psn\n|move|p1a: Arcanine|Morning Sun|p1a: Arcanine\n|-heal|p1a: Arcanine|171/282\n|\n|-heal|p2a: Avalugg|97/317 psn|[from] item: Leftovers\n|-damage|p2a: Avalugg|58/317 psn|[from] psn\n|upkeep\n|turn|28\n|\n|t:|1768511602\n|move|p1a: Arcanine|Close Combat|p2a: Avalugg\n|-supereffective|p2a: Avalugg\n|-damage|p2a: Avalugg|0 fnt\n|-unboost|p1a: Arcanine|def|1\n|-unboost|p1a: Arcanine|spd|1\n|faint|p2a: Avalugg\n|-damage|p1a: Arcanine|143/282|[from] item: Life Orb\n|\n|upkeep\n|\n|t:|1768511607\n|switch|p2a: Basculin|Basculin, L86, M|197/261 psn\n|turn|29\n|\n|t:|1768511614\n|switch|p1a: Celebi|Celebi, L82|166/298\n|move|p2a: Basculin|Waterfall|p1a: Celebi\n|-resisted|p1a: Celebi\n|-damage|p1a: Celebi|90/298\n|\n|-heal|p1a: Celebi|108/298|[from] item: Leftovers\n|-damage|p2a: Basculin|165/261 psn|[from] psn\n|upkeep\n|turn|30\n|inactive|raphael44* has 90 seconds left.\n|\n|t:|1768511622\n|switch|p2a: Blissey|Blissey, L84, F|566/566\n|move|p1a: Celebi|Recover|p1a: Celebi\n|-heal|p1a: Celebi|257/298\n|\n|-heal|p1a: Celebi|275/298|[from] item: Leftovers\n|upkeep\n|turn|31\n|inactive|raphael44* has 90 seconds left.\n|\n|t:|1768511642\n|switch|p1a: Regirock|Regirock, L86|213/278\n|move|p2a: Blissey|Toxic|p1a: Regirock\n|-status|p1a: Regirock|tox\n|\n|-damage|p1a: Regirock|196/278 tox|[from] psn\n|upkeep\n|turn|32\n|inactive|raphael44* has 90 seconds left.\n|\n|t:|1768511665\n|switch|p2a: Bronzong|Bronzong, L85|237/253\n|move|p1a: Regirock|Drain Punch|p2a: Bronzong\n|-damage|p2a: Bronzong|190/253\n|-heal|p1a: Regirock|220/278 tox|[from] drain|[of] p2a: Bronzong\n|\n|-heal|p2a: Bronzong|205/253|[from] item: Leftovers\n|-damage|p1a: Regirock|186/278 tox|[from] psn\n|upkeep\n|turn|33\n|\n|t:|1768511675\n|switch|p1a: Arcanine|Arcanine, L82, F|143/282\n|-ability|p1a: Arcanine|Intimidate|boost\n|-unboost|p2a: Bronzong|atk|1\n|move|p2a: Bronzong|Earthquake|p1a: Arcanine\n|-supereffective|p1a: Arcanine\n|-damage|p1a: Arcanine|35/282\n|\n|-heal|p2a: Bronzong|220/253|[from] item: Leftovers\n|upkeep\n|turn|34\n|\n|t:|1768511689\n|switch|p1a: Celebi|Celebi, L82|275/298\n|move|p2a: Bronzong|Toxic|p1a: Celebi\n|-status|p1a: Celebi|tox\n|\n|-heal|p1a: Celebi|293/298 tox|[from] item: Leftovers\n|-heal|p2a: Bronzong|235/253|[from] item: Leftovers\n|-damage|p1a: Celebi|275/298 tox|[from] psn\n|upkeep\n|turn|35\n|\n|t:|1768511714\n|move|p1a: Celebi|Nasty Plot|p1a: Celebi\n|-boost|p1a: Celebi|spa|2\n|move|p2a: Bronzong|Earthquake|p1a: Celebi\n|-resisted|p1a: Celebi\n|-damage|p1a: Celebi|254/298 tox\n|\n|-heal|p1a: Celebi|272/298 tox|[from] item: Leftovers\n|-heal|p2a: Bronzong|250/253|[from] item: Leftovers\n|-damage|p1a: Celebi|236/298 tox|[from] psn\n|upkeep\n|turn|36\n|inactive|arboretums has 120 seconds left.\n|\n|t:|1768511754\n|-curestatus|p1a: Celebi|tox|[from] ability: Natural Cure\n|switch|p1a: Volbeat|Volbeat, L91, M|43/266\n|switch|p2a: Blissey|Blissey, L84, F|566/566\n|\n|-heal|p1a: Volbeat|59/266|[from] item: Leftovers\n|upkeep\n|turn|37\n|\n|t:|1768511772\n|move|p1a: Volbeat|U-turn|p2a: Blissey\n|-damage|p2a: Blissey|347/566\n|\n|t:|1768511776\n|switch|p1a: Regirock|Regirock, L86|186/278 tox|[from] U-turn\n|move|p2a: Blissey|Toxic|p1a: Regirock|[miss]\n|-miss|p2a: Blissey|p1a: Regirock\n|\n|-heal|p2a: Blissey|382/566|[from] item: Leftovers\n|-damage|p1a: Regirock|169/278 tox|[from] psn\n|upkeep\n|turn|38\n|\n|t:|1768511788\n|switch|p2a: Bronzong|Bronzong, L85|250/253\n|move|p1a: Regirock|Curse|p1a: Regirock\n|-unboost|p1a: Regirock|spe|1\n|-boost|p1a: Regirock|atk|1\n|-boost|p1a: Regirock|def|1\n|\n|-heal|p2a: Bronzong|253/253|[from] item: Leftovers\n|-damage|p1a: Regirock|135/278 tox|[from] psn\n|upkeep\n|turn|39\n|\n|t:|1768511799\n|switch|p2a: Kingdra|Kingdra, L84, F|54/263\n|move|p1a: Regirock|Rest|p1a: Regirock\n|-status|p1a: Regirock|slp|[from] move: Rest\n|-heal|p1a: Regirock|278/278 slp|[silent]\n|\n|upkeep\n|turn|40\n|\n|t:|1768511811\n|switch|p1a: Volbeat|Volbeat, L91, M|59/266\n|move|p2a: Kingdra|Hydro Pump|p1a: Volbeat\n|-damage|p1a: Volbeat|0 fnt\n|faint|p1a: Volbeat\n|-damage|p2a: Kingdra|28/263|[from] item: Life Orb\n|\n|upkeep\n|\n|t:|1768511830\n|switch|p1a: Purugly|Purugly, L88, M|268/268\n|turn|41\n|\n|t:|1768511840\n|switch|p2a: Crustle|Crustle, L82, M|249/249\n|move|p1a: Purugly|Knock Off|p2a: Crustle\n|-damage|p2a: Crustle|210/249\n|\n|upkeep\n|turn|42\n|inactive|raphael44* has 60 seconds left.\n|\n|t:|1768511863\n|switch|p1a: Nidoqueen|Nidoqueen, L81, F|278/278\n|move|p2a: Crustle|Shell Smash|p2a: Crustle\n|-unboost|p2a: Crustle|def|1\n|-unboost|p2a: Crustle|spd|1\n|-boost|p2a: Crustle|atk|2\n|-boost|p2a: Crustle|spa|2\n|-boost|p2a: Crustle|spe|2\n|\n|upkeep\n|turn|43\n|\n|t:|1768511872\n|move|p2a: Crustle|Earthquake|p1a: Nidoqueen\n|-supereffective|p1a: Nidoqueen\n|-damage|p1a: Nidoqueen|0 fnt\n|faint|p1a: Nidoqueen\n|\n|upkeep\n|inactive|raphael44* has 60 seconds left.\n|\n|t:|1768511884\n|switch|p1a: Arcanine|Arcanine, L82, F|35/282\n|-ability|p1a: Arcanine|Intimidate|boost\n|-unboost|p2a: Crustle|atk|1\n|turn|44\n|\n|t:|1768511889\n|switch|p1a: Celebi|Celebi, L82|236/298\n|move|p2a: Crustle|Earthquake|p1a: Celebi\n|-resisted|p1a: Celebi\n|-damage|p1a: Celebi|188/298\n|\n|-heal|p1a: Celebi|206/298|[from] item: Leftovers\n|upkeep\n|turn|45\n|inactive|raphael44* has 60 seconds left.\n|\n|t:|1768511917\n|switch|p1a: Purugly|Purugly, L88, M|268/268\n|move|p2a: Crustle|X-Scissor|p1a: Purugly\n|-damage|p1a: Purugly|118/268\n|\n|upkeep\n|turn|46\n|\n|t:|1768511924\n|move|p1a: Purugly|Fake Out|p2a: Crustle\n|-resisted|p2a: Crustle\n|-damage|p2a: Crustle|182/249\n|cant|p2a: Crustle|flinch\n|\n|upkeep\n|turn|47\n|inactive|raphael44* has 60 seconds left.\n|\n|t:|1768511932\n|move|p1a: Purugly|Return|p2a: Crustle\n|-resisted|p2a: Crustle\n|-damage|p2a: Crustle|113/249\n|move|p2a: Crustle|Shell Smash|p2a: Crustle\n|-unboost|p2a: Crustle|def|1\n|-unboost|p2a: Crustle|spd|1\n|-boost|p2a: Crustle|atk|2\n|-boost|p2a: Crustle|spa|2\n|-boost|p2a: Crustle|spe|2\n|\n|upkeep\n|turn|48\n|inactive|raphael44* has 60 seconds left.\n|\n|t:|1768511951\n|switch|p1a: Celebi|Celebi, L82|206/298\n|move|p2a: Crustle|X-Scissor|p1a: Celebi\n|-supereffective|p1a: Celebi\n|-damage|p1a: Celebi|0 fnt\n|faint|p1a: Celebi\n|\n|upkeep\n|\n|t:|1768511959\n|switch|p1a: Purugly|Purugly, L88, M|118/268\n|turn|49\n|\n|t:|1768511962\n|move|p1a: Purugly|Fake Out|p2a: Crustle\n|-resisted|p2a: Crustle\n|-damage|p2a: Crustle|72/249\n|cant|p2a: Crustle|flinch\n|\n|upkeep\n|turn|50\n|\n|t:|1768511969\n|move|p2a: Crustle|X-Scissor|p1a: Purugly\n|-damage|p1a: Purugly|0 fnt\n|faint|p1a: Purugly\n|\n|upkeep\n|\n|t:|1768511973\n|switch|p1a: Arcanine|Arcanine, L82, F|35/282\n|-ability|p1a: Arcanine|Intimidate|boost\n|-unboost|p2a: Crustle|atk|1\n|turn|51\n|\n|t:|1768511978\n|move|p1a: Arcanine|Extreme Speed|p2a: Crustle\n|-resisted|p2a: Crustle\n|-damage|p2a: Crustle|7/249\n|-damage|p1a: Arcanine|7/282|[from] item: Life Orb\n|move|p2a: Crustle|Earthquake|p1a: Arcanine\n|-supereffective|p1a: Arcanine\n|-crit|p1a: Arcanine\n|-damage|p1a: Arcanine|0 fnt\n|faint|p1a: Arcanine\n|\n|upkeep\n|-message|raphael44* forfeited.\n|\n|win|arboretums\n|raw|raphael44*'s rating: 1561 &rarr; <strong>1540</strong><br />(-21 for losing)\n|raw|arboretums's rating: 1539 &rarr; <strong>1560</strong><br />(+21 for winning)\n|l|☆raphael44*\n|player|p1|\n", "inputlog": ">version 3bd1a1e329da8d286644078cfc9a9638fc7ea025\n>start {\"formatid\":\"gen6randombattle\",\"seed\":\"sodium,81c5e5db1c8621fbdedb8d334998c4d3\",\"rated\":\"Rated battle\"}\n>player p1 {\"name\":\"raphael44*\",\"avatar\":\"169\",\"rating\":1561,\"seed\":\"sodium,28bb384f67a2b2663b046412dacd0f63\"}\n>player p2 {\"name\":\"arboretums\",\"avatar\":\"serena-masters2\",\"rating\":1539,\"seed\":\"sodium,91d534cbf2ec333e9f276b47cf5fd56b\"}\n>p1 switch 3\n>p2 move shellsmash\n>p1 move stoneedge\n>p2 switch 4\n>p1 move curse\n>p2 move toxic\n>p1 move curse\n>p2 move ironhead\n>p1 move curse\n>p2 switch 6\n>p1 move drainpunch\n>p2 move raindance\n>p1 switch 5\n>p2 move hydropump\n>p1 switch 6\n>p2 move dracometeor\n>p1 move roost\n>p2 move waterfall\n>p1 switch 6\n>p2 move waterfall\n>p1 move recover\n>p2 switch 5\n>p1 switch 4\n>p2 move toxic\n>p1 move toxicspikes\n>p2 switch 6\n>p1 switch 4\n>p2 move earthquake\n>p1 move nastyplot\n>p2 move toxic\n>p1 move nastyplot\n>p2 move toxic\n>p1 move leafstorm\n>p2 move protect\n>p1 move leafstorm\n>p2 move ironhead\n>p1 switch 3\n>p2 move protect\n>p1 switch 3\n>p2 switch 3\n>p1 switch 3\n>p2 move crunch\n>p1 move flareblitz\n>p2 switch 2\n>p1 switch 5\n>p2 move rapidspin\n>p1 move rest\n>p2 move earthquake\n>p1 move drainpunch\n>p2 switch 3\n>p1 switch 5\n>p2 move earthquake\n>p1 move morningsun\n>p2 switch 3\n>p1 move closecombat\n>p2 move earthquake\n>p2 switch 2\n>p1 switch 3\n>p2 move waterfall\n>p1 move recover\n>p2 switch 6\n>p1 switch 5\n>p2 move toxic\n>p1 move drainpunch\n>p2 switch 3\n>p1 switch 3\n>p2 move earthquake\n>p1 switch 5\n>p2 move toxic\n>p1 move nastyplot\n>p2 move earthquake\n>p1 switch 6\n>p2 switch 3\n>p1 move uturn\n>p2 move toxic\n>p1 switch 3\n>p1 move curse\n>p2 switch 3\n>p1 move rest\n>p2 switch 5\n>p1 switch 3\n>p2 move hydropump\n>p1 switch 2\n>p1 move knockoff\n>p2 switch 4\n>p1 switch 4\n>p2 move shellsmash\n>p1 move sludgewave\n>p2 move earthquake\n>p1 switch 5\n>p1 switch 6\n>p2 move earthquake\n>p1 switch 4\n>p2 move xscissor\n>p1 move fakeout\n>p2 move shellsmash\n>p1 move return\n>p2 move shellsmash\n>p1 switch 4\n>p2 move xscissor\n>p1 switch 4\n>p1 move fakeout\n>p2 move xscissor\n>p1 move return\n>p2 move xscissor\n>p1 switch 6\n>p1 move extremespeed\n>p2 move earthquake\n>forcelose p1", "uploadtime": 1768511984, "views": 274, "formatid": "gen6randombattle", "rating": 1540, "private": 0, "password": null}