{"id": "gen6randombattle-2529323493", "format": "[Gen 6] Random Battle", "players": ["waterrowing", "luukkk"], "log": "|j|☆waterrowing\n|j|‽luukkk\n|t:|1769773588\n|gametype|singles\n|player|p1|waterrowing|1|1517\n|player|p2|luukkk|janitor|1696\n|gen|6\n|tier|[Gen 6] Random Battle\n|rated|\n|rule|Sleep Clause Mod: Limit one foe put to sleep\n|rule|HP Percentage Mod: HP is shown in percentages\n|rule|Illusion Level Mod: Illusion disguises the Pokémon's true level\n|\n|t:|1769773588\n|teamsize|p1|6\n|teamsize|p2|6\n|start\n|switch|p1a: Ampharos|Ampharos, L86, F|295/295\n|switch|p2a: Wigglytuff|Wigglytuff, L93, M|411/411\n|turn|1\n|inactive|Battle timer is ON: inactive players will automatically lose when time's up. (requested by luukkk)\n|\n|t:|1769773614\n|move|p1a: Ampharos|Volt Switch|p2a: Wigglytuff\n|-crit|p2a: Wigglytuff\n|-damage|p2a: Wigglytuff|152/411\n|\n|t:|1769773628\n|switch|p1a: Rampardos|Rampardos, L87, F|311/311|[from] Volt Switch\n|move|p2a: Wigglytuff|Stealth Rock|p1a: Rampardos\n|-sidestart|p1: waterrowing|move: Stealth Rock\n|\n|-heal|p2a: Wigglytuff|177/411|[from] item: Leftovers\n|upkeep\n|turn|2\n|\n|t:|1769773636\n|move|p1a: Rampardos|Rock Slide|p2a: Wigglytuff\n|-damage|p2a: Wigglytuff|0 fnt\n|faint|p2a: Wigglytuff\n|\n|upkeep\n|\n|t:|1769773647\n|switch|p2a: Maractus|Maractus, L98, M|305/305\n|turn|3\n|\n|t:|1769773654\n|switch|p1a: Abomasnow|Abomasnow, L82, M|282/282\n|-damage|p1a: Abomasnow|212/282|[from] Stealth Rock\n|-weather|Hail|[from] ability: Snow Warning|[of] p1a: Abomasnow\n|move|p2a: Maractus|Giga Drain|p1a: Abomasnow\n|-resisted|p1a: Abomasnow\n|-crit|p1a: Abomasnow\n|-damage|p1a: Abomasnow|128/282\n|\n|-weather|Hail|[upkeep]\n|-damage|p2a: Maractus|286/305|[from] Hail\n|-heal|p2a: Maractus|305/305|[from] item: Leftovers\n|upkeep\n|turn|4\n|\n|t:|1769773673\n|switch|p2a: Metagross|Metagross, L80|259/259\n|detailschange|p1a: Abomasnow|Abomasnow-Mega, L82, M\n|-mega|p1a: Abomasnow|Abomasnow|Abomasite\n|move|p1a: Abomasnow|Blizzard|p2a: Metagross\n|-resisted|p2a: Metagross\n|-damage|p2a: Metagross|183/259\n|\n|-weather|Hail|[upkeep]\n|-damage|p2a: Metagross|167/259|[from] Hail\n|upkeep\n|turn|5\n|\n|t:|1769773686\n|move|p2a: Metagross|Meteor Mash|p1a: Abomasnow\n|-supereffective|p1a: Abomasnow\n|-damage|p1a: Abomasnow|0 fnt\n|faint|p1a: Abomasnow\n|detailschange|p1: Abomasnow|Abomasnow, L82, M|[silent]\n|\n|-weather|Hail|[upkeep]\n|-damage|p2a: Metagross|151/259|[from] Hail\n|upkeep\n|\n|t:|1769773702\n|switch|p1a: Vigoroth|Vigoroth, L88, M|284/284\n|-damage|p1a: Vigoroth|249/284|[from] Stealth Rock\n|turn|6\n|\n|t:|1769773707\n|move|p1a: Vigoroth|Bulk Up|p1a: Vigoroth\n|-boost|p1a: Vigoroth|atk|1\n|-boost|p1a: Vigoroth|def|1\n|move|p2a: Metagross|Agility|p2a: Metagross\n|-boost|p2a: Metagross|spe|2\n|\n|-weather|Hail|[upkeep]\n|-damage|p2a: Metagross|135/259|[from] Hail\n|-damage|p1a: Vigoroth|232/284|[from] Hail\n|upkeep\n|turn|7\n|\n|t:|1769773713\n|move|p2a: Metagross|Meteor Mash|p1a: Vigoroth\n|-damage|p1a: Vigoroth|178/284\n|-boost|p2a: Metagross|atk|1\n|move|p1a: Vigoroth|Bulk Up|p1a: Vigoroth\n|-boost|p1a: Vigoroth|atk|1\n|-boost|p1a: Vigoroth|def|1\n|\n|-weather|none\n|upkeep\n|turn|8\n|\n|t:|1769773727\n|switch|p2a: Banette|Banette, L87, M|253/253\n|-item|p1a: Vigoroth|Eviolite|[from] ability: Frisk|[of] p2a: Banette\n|move|p1a: Vigoroth|Shadow Claw|p2a: Banette\n|-supereffective|p2a: Banette\n|-damage|p2a: Banette|39/253\n|\n|upkeep\n|turn|9\n|\n|t:|1769773736\n|detailschange|p2a: Banette|Banette-Mega, L87, M\n|-mega|p2a: Banette|Banette|Banettite\n|move|p1a: Vigoroth|Slack Off|p1a: Vigoroth\n|-heal|p1a: Vigoroth|284/284\n|move|p2a: Banette|Will-O-Wisp|p1a: Vigoroth\n|-status|p1a: Vigoroth|brn\n|\n|-damage|p1a: Vigoroth|249/284 brn|[from] brn\n|upkeep\n|turn|10\n|\n|t:|1769773745\n|move|p2a: Banette|Destiny Bond|p2a: Banette\n|-singlemove|p2a: Banette|Destiny Bond\n|move|p1a: Vigoroth|Shadow Claw|p2a: Banette\n|-supereffective|p2a: Banette\n|-damage|p2a: Banette|0 fnt\n|faint|p2a: Banette\n|-activate|p2a: Banette|move: Destiny Bond\n|detailschange|p2: Banette|Banette, L87, M|[silent]\n|faint|p1a: Vigoroth\n|\n|upkeep\n|\n|t:|1769773755\n|switch|p1a: Ampharos|Ampharos, L86, F|295/295\n|switch|p2a: Metagross|Metagross, L80|135/259\n|-damage|p1a: Ampharos|259/295|[from] Stealth Rock\n|turn|11\n|\n|t:|1769773760\n|move|p2a: Metagross|Earthquake|p1a: Ampharos\n|-supereffective|p1a: Ampharos\n|-damage|p1a: Ampharos|95/295\n|move|p1a: Ampharos|Thunderbolt|p2a: Metagross\n|-damage|p2a: Metagross|0 fnt\n|faint|p2a: Metagross\n|\n|upkeep\n|\n|t:|1769773773\n|switch|p2a: Hitmonlee|Hitmonlee, L86, M|226/226\n|turn|12\n|\n|t:|1769773779\n|move|p2a: Hitmonlee|Knock Off|p1a: Ampharos\n|-damage|p1a: Ampharos|3/295\n|-status|p2a: Hitmonlee|par|[from] ability: Static|[of] p1a: Ampharos\n|-enditem|p1a: Ampharos|Choice Specs|[from] move: Knock Off|[of] p2a: Hitmonlee\n|move|p1a: Ampharos|Thunderbolt|p2a: Hitmonlee\n|-damage|p2a: Hitmonlee|132/226 par\n|\n|upkeep\n|turn|13\n|\n|t:|1769773787\n|move|p1a: Ampharos|Thunderbolt|p2a: Hitmonlee\n|-damage|p2a: Hitmonlee|32/226 par\n|move|p2a: Hitmonlee|Knock Off|p1a: Ampharos\n|-damage|p1a: Ampharos|0 fnt\n|faint|p1a: Ampharos\n|\n|upkeep\n|\n|t:|1769773803\n|switch|p1a: Blastoise|Blastoise, L86, M|276/276\n|-damage|p1a: Blastoise|242/276|[from] Stealth Rock\n|turn|14\n|\n|t:|1769773806\n|move|p1a: Blastoise|Rapid Spin|p2a: Hitmonlee\n|-damage|p2a: Hitmonlee|17/226 par\n|-sideend|p1: waterrowing|Stealth Rock|[from] move: Rapid Spin|[of] p1a: Blastoise\n|move|p2a: Hitmonlee|Close Combat|p1a: Blastoise\n|-damage|p1a: Blastoise|112/276\n|-unboost|p2a: Hitmonlee|def|1\n|-unboost|p2a: Hitmonlee|spd|1\n|-enditem|p2a: Hitmonlee|White Herb\n|-clearnegativeboost|p2a: Hitmonlee|[silent]\n|\n|-heal|p1a: Blastoise|129/276|[from] item: Leftovers\n|upkeep\n|turn|15\n|\n|t:|1769773811\n|move|p1a: Blastoise|Scald|p2a: Hitmonlee\n|-crit|p2a: Hitmonlee\n|-damage|p2a: Hitmonlee|0 fnt\n|faint|p2a: Hitmonlee\n|\n|-heal|p1a: Blastoise|146/276|[from] item: Leftovers\n|upkeep\n|\n|t:|1769773814\n|switch|p2a: Maractus|Maractus, L98, M|305/305\n|turn|16\n|\n|t:|1769773819\n|move|p1a: Blastoise|Toxic|p2a: Maractus\n|-status|p2a: Maractus|tox\n|move|p2a: Maractus|Giga Drain|p1a: Blastoise\n|-supereffective|p1a: Blastoise\n|-damage|p1a: Blastoise|0 fnt\n|faint|p1a: Blastoise\n|\n|-damage|p2a: Maractus|286/305 tox|[from] psn\n|upkeep\n|\n|t:|1769773833\n|switch|p1a: Zygarde|Zygarde, L77|293/293\n|-ability|p1a: Zygarde|Aura Break\n|turn|17\n|\n|t:|1769773842\n|switch|p2a: Yanmega|Yanmega, L82, M|275/275\n|move|p1a: Zygarde|Dragon Dance|p1a: Zygarde\n|-boost|p1a: Zygarde|atk|1\n|-boost|p1a: Zygarde|spe|1\n|\n|upkeep\n|turn|18\n|\n|t:|1769773856\n|move|p1a: Zygarde|Stone Edge|p2a: Yanmega|[miss]\n|-miss|p1a: Zygarde|p2a: Yanmega\n|move|p2a: Yanmega|Bug Buzz|p1a: Zygarde\n|-damage|p1a: Zygarde|139/293\n|\n|upkeep\n|turn|19\n|\n|t:|1769773863\n|move|p1a: Zygarde|Stone Edge|p2a: Yanmega\n|-supereffective|p2a: Yanmega\n|-damage|p2a: Yanmega|0 fnt\n|faint|p2a: Yanmega\n|\n|upkeep\n|\n|t:|1769773866\n|switch|p2a: Maractus|Maractus, L98, M|286/305 tox\n|turn|20\n|\n|t:|1769773870\n|move|p1a: Zygarde|Outrage|p2a: Maractus\n|-crit|p2a: Maractus\n|-damage|p2a: Maractus|36/305 tox\n|move|p2a: Maractus|Giga Drain|p1a: Zygarde\n|-damage|p1a: Zygarde|27/293\n|-heal|p2a: Maractus|92/305 tox|[from] drain|[of] p1a: Zygarde\n|\n|-heal|p2a: Maractus|111/305 tox|[from] item: Leftovers\n|-damage|p2a: Maractus|92/305 tox|[from] psn\n|upkeep\n|turn|21\n|\n|t:|1769773876\n|move|p1a: Zygarde|Outrage|p2a: Maractus|[from] lockedmove\n|-damage|p2a: Maractus|0 fnt\n|faint|p2a: Maractus\n|-start|p1a: Zygarde|confusion|[fatigue]\n|\n|win|waterrowing\n|raw|waterrowing's rating: 1517 &rarr; <strong>1546</strong><br />(+29 for winning)\n|raw|luukkk's rating: 1696 &rarr; <strong>1667</strong><br />(-29 for losing)\n|l|‽luukkk\n|player|p2|\n", "inputlog": ">version b99ff0165a6231f17e8b78c2a78d1998375de664\n>start {\"formatid\":\"gen6randombattle\",\"seed\":\"sodium,f2d8b2eaab2350d84f6da5a273999a37\",\"rated\":\"Rated battle\"}\n>player p1 {\"name\":\"waterrowing\",\"avatar\":\"1\",\"rating\":1517,\"seed\":\"sodium,22a649b207c15b1286f6026ba00ea3dd\"}\n>player p2 {\"name\":\"luukkk\",\"avatar\":\"janitor\",\"rating\":1696,\"seed\":\"sodium,08ed97f29e7ed6230a4f4e1f542fd275\"}\n>p1 move voltswitch\n>p2 move stealthrock\n>p1 switch 6\n>p1 move rockslide\n>p2 move thunderwave\n>p2 switch 2\n>p1 switch 4\n>p2 move gigadrain\n>p1 move blizzard mega\n>p2 switch 3\n>p1 move earthquake\n>p2 move meteormash\n>p1 switch 2\n>p1 move bulkup\n>p2 move agility\n>p1 move bulkup\n>p2 move meteormash\n>p1 move shadowclaw\n>p2 switch 5\n>p1 move slackoff\n>p2 move willowisp mega\n>p1 move shadowclaw\n>p2 move destinybond\n>p1 switch 6\n>p2 switch 5\n>p1 move thunderbolt\n>p2 move earthquake\n>p2 switch 6\n>p1 move thunderbolt\n>p2 move knockoff\n>p1 move thunderbolt\n>p2 move knockoff\n>p1 switch 3\n>p1 move rapidspin\n>p2 move closecombat\n>p1 move scald\n>p2 move closecombat\n>p2 switch 3\n>p1 move toxic\n>p2 move gigadrain\n>p1 switch 5\n>p1 move dragondance\n>p2 switch 4\n>p1 move stoneedge\n>p2 move bugbuzz\n>p1 move stoneedge\n>p2 move bugbuzz\n>p2 switch 4\n>p1 move outrage\n>p2 move gigadrain\n>p1 move outrage\n>p2 move gigadrain", "uploadtime": 1769773881, "views": 281, "formatid": "gen6randombattle", "rating": 1546, "private": 0, "password": null}