{"id": "gen6randombattle-2526162117", "format": "[Gen 6] Random Battle", "players": ["alex-1403", "sssssnakke"], "log": "|j|☆alex-1403\n|j|☆sssssnakke\n|t:|1769377935\n|gametype|singles\n|player|p1|alex-1403|red|1562\n|player|p2|sssssnakke|169|1546\n|gen|6\n|tier|[Gen 6] Random Battle\n|rated|\n|rule|Sleep Clause Mod: Limit one foe put to sleep\n|rule|HP Percentage Mod: HP is shown in percentages\n|rule|Illusion Level Mod: Illusion disguises the Pokémon's true level\n|\n|t:|1769377935\n|teamsize|p1|6\n|teamsize|p2|6\n|start\n|switch|p1a: Darkrai|Darkrai, L72|220/220\n|switch|p2a: Rotom|Rotom-Heat, L82|216/216\n|turn|1\n|inactive|Battle timer is ON: inactive players will automatically lose when time's up. (requested by alex-1403)\n|\n|t:|1769377964\n|move|p1a: Darkrai|Dark Void|p2a: Rotom|[miss]\n|-miss|p1a: Darkrai|p2a: Rotom\n|move|p2a: Rotom|Volt Switch|p1a: Darkrai\n|-damage|p1a: Darkrai|129/220\n|\n|t:|1769377976\n|switch|p2a: Meowstic|Meowstic-F, L90, F|280/280|[from] Volt Switch\n|\n|upkeep\n|turn|2\n|\n|t:|1769377984\n|switch|p1a: Dusknoir|Dusknoir, L89, F|225/225\n|-ability|p1a: Dusknoir|Pressure\n|move|p2a: Meowstic|Signal Beam|p1a: Dusknoir\n|-resisted|p1a: Dusknoir\n|-damage|p1a: Dusknoir|203/225\n|-damage|p2a: Meowstic|252/280|[from] item: Life Orb\n|\n|-heal|p1a: Dusknoir|217/225|[from] item: Leftovers\n|upkeep\n|turn|3\n|\n|t:|1769378009\n|switch|p2a: Regirock|Regirock, L86|278/278\n|move|p1a: Dusknoir|Toxic|p2a: Regirock\n|-status|p2a: Regirock|tox\n|\n|-heal|p1a: Dusknoir|225/225|[from] item: Leftovers\n|-damage|p2a: Regirock|261/278 tox|[from] psn\n|upkeep\n|turn|4\n|\n|t:|1769378017\n|move|p2a: Regirock|Stone Edge|p1a: Dusknoir\n|-damage|p1a: Dusknoir|149/225\n|move|p1a: Dusknoir|Earthquake|p2a: Regirock\n|-supereffective|p2a: Regirock\n|-damage|p2a: Regirock|181/278 tox\n|\n|-heal|p1a: Dusknoir|163/225|[from] item: Leftovers\n|-damage|p2a: Regirock|147/278 tox|[from] psn\n|upkeep\n|turn|5\n|\n|t:|1769378028\n|move|p1a: Dusknoir|Protect|p1a: Dusknoir\n|-singleturn|p1a: Dusknoir|Protect\n|move|p2a: Regirock|Stone Edge|p1a: Dusknoir\n|-activate|p1a: Dusknoir|move: Protect\n|\n|-heal|p1a: Dusknoir|177/225|[from] item: Leftovers\n|-damage|p2a: Regirock|96/278 tox|[from] psn\n|upkeep\n|turn|6\n|\n|t:|1769378037\n|move|p1a: Dusknoir|Protect||[still]\n|-fail|p1a: Dusknoir\n|move|p2a: Regirock|Rest|p2a: Regirock\n|-status|p2a: Regirock|slp|[from] move: Rest\n|-heal|p2a: Regirock|278/278 slp|[silent]\n|-enditem|p2a: Regirock|Chesto Berry|[eat]\n|-curestatus|p2a: Regirock|slp|[msg]\n|\n|-heal|p1a: Dusknoir|191/225|[from] item: Leftovers\n|upkeep\n|turn|7\n|\n|t:|1769378050\n|move|p2a: Regirock|Stone Edge|p1a: Dusknoir|[miss]\n|-miss|p2a: Regirock|p1a: Dusknoir\n|move|p1a: Dusknoir|Toxic|p2a: Regirock\n|-status|p2a: Regirock|tox\n|\n|-heal|p1a: Dusknoir|205/225|[from] item: Leftovers\n|-damage|p2a: Regirock|261/278 tox|[from] psn\n|upkeep\n|turn|8\n|\n|t:|1769378059\n|move|p1a: Dusknoir|Protect|p1a: Dusknoir\n|-singleturn|p1a: Dusknoir|Protect\n|move|p2a: Regirock|Curse|p2a: Regirock\n|-unboost|p2a: Regirock|spe|1\n|-boost|p2a: Regirock|atk|1\n|-boost|p2a: Regirock|def|1\n|\n|-heal|p1a: Dusknoir|219/225|[from] item: Leftovers\n|-damage|p2a: Regirock|227/278 tox|[from] psn\n|upkeep\n|turn|9\n|\n|t:|1769378070\n|move|p1a: Dusknoir|Earthquake|p2a: Regirock\n|-supereffective|p2a: Regirock\n|-damage|p2a: Regirock|169/278 tox\n|move|p2a: Regirock|Stone Edge|p1a: Dusknoir\n|-crit|p1a: Dusknoir\n|-damage|p1a: Dusknoir|47/225\n|\n|-heal|p1a: Dusknoir|61/225|[from] item: Leftovers\n|-damage|p2a: Regirock|118/278 tox|[from] psn\n|upkeep\n|turn|10\n|\n|t:|1769378080\n|move|p1a: Dusknoir|Earthquake|p2a: Regirock\n|-supereffective|p2a: Regirock\n|-damage|p2a: Regirock|66/278 tox\n|move|p2a: Regirock|Rest|p2a: Regirock\n|-status|p2a: Regirock|slp|[from] move: Rest\n|-heal|p2a: Regirock|278/278 slp|[silent]\n|\n|-heal|p1a: Dusknoir|75/225|[from] item: Leftovers\n|upkeep\n|turn|11\n|\n|t:|1769378092\n|switch|p1a: Shaymin|Shaymin, L83|302/302\n|switch|p2a: Rotom|Rotom-Heat, L82|216/216\n|\n|upkeep\n|turn|12\n|\n|t:|1769378107\n|switch|p1a: Latias|Latias, L77, F|250/250\n|move|p2a: Rotom|Overheat|p1a: Latias\n|-resisted|p1a: Latias\n|-damage|p1a: Latias|193/250\n|-unboost|p2a: Rotom|spa|2\n|\n|upkeep\n|turn|13\n|\n|t:|1769378116\n|detailschange|p1a: Latias|Latias-Mega, L77, F\n|-mega|p1a: Latias|Latias|Latiasite\n|move|p1a: Latias|Calm Mind|p1a: Latias\n|-boost|p1a: Latias|spa|1\n|-boost|p1a: Latias|spd|1\n|move|p2a: Rotom|Volt Switch|p1a: Latias\n|-resisted|p1a: Latias\n|-damage|p1a: Latias|184/250\n|\n|t:|1769378133\n|switch|p2a: Sudowoodo|Sudowoodo, L94, M|284/284|[from] Volt Switch\n|\n|upkeep\n|turn|14\n|\n|t:|1769378139\n|move|p1a: Latias|Psyshock|p2a: Sudowoodo\n|-damage|p2a: Sudowoodo|176/284\n|move|p2a: Sudowoodo|Toxic|p1a: Latias\n|-status|p1a: Latias|tox\n|\n|-heal|p2a: Sudowoodo|193/284|[from] item: Leftovers\n|-damage|p1a: Latias|169/250 tox|[from] psn\n|upkeep\n|turn|15\n|\n|t:|1769378148\n|move|p1a: Latias|Draco Meteor|p2a: Sudowoodo|[miss]\n|-miss|p1a: Latias|p2a: Sudowoodo\n|move|p2a: Sudowoodo|Stealth Rock|p1a: Latias\n|-sidestart|p1: alex-1403|move: Stealth Rock\n|\n|-heal|p2a: Sudowoodo|210/284|[from] item: Leftovers\n|-damage|p1a: Latias|139/250 tox|[from] psn\n|upkeep\n|turn|16\n|\n|t:|1769378161\n|move|p1a: Latias|Draco Meteor|p2a: Sudowoodo|[miss]\n|-miss|p1a: Latias|p2a: Sudowoodo\n|move|p2a: Sudowoodo|Stone Edge|p1a: Latias|[miss]\n|-miss|p2a: Sudowoodo|p1a: Latias\n|\n|-heal|p2a: Sudowoodo|227/284|[from] item: Leftovers\n|-damage|p1a: Latias|94/250 tox|[from] psn\n|upkeep\n|turn|17\n|\n|t:|1769378170\n|move|p1a: Latias|Roost|p1a: Latias\n|-heal|p1a: Latias|219/250 tox\n|-singleturn|p1a: Latias|move: Roost\n|move|p2a: Sudowoodo|Stone Edge|p1a: Latias|[miss]\n|-miss|p2a: Sudowoodo|p1a: Latias\n|\n|-heal|p2a: Sudowoodo|244/284|[from] item: Leftovers\n|-damage|p1a: Latias|159/250 tox|[from] psn\n|upkeep\n|turn|18\n|\n|t:|1769378179\n|switch|p1a: Cofagrigus|Cofagrigus, L86, F|240/240\n|-damage|p1a: Cofagrigus|210/240|[from] Stealth Rock\n|move|p2a: Sudowoodo|Stone Edge|p1a: Cofagrigus\n|-crit|p1a: Cofagrigus\n|-damage|p1a: Cofagrigus|71/240\n|\n|-heal|p2a: Sudowoodo|261/284|[from] item: Leftovers\n|-heal|p1a: Cofagrigus|86/240|[from] item: Leftovers\n|upkeep\n|turn|19\n|\n|t:|1769378190\n|move|p2a: Sudowoodo|Toxic|p1a: Cofagrigus\n|-status|p1a: Cofagrigus|tox\n|move|p1a: Cofagrigus|Pain Split|p2a: Sudowoodo\n|-sethp|p2a: Sudowoodo|173/284|[from] move: Pain Split|[silent]\n|-sethp|p1a: Cofagrigus|173/240 tox|[from] move: Pain Split\n|\n|-heal|p2a: Sudowoodo|190/284|[from] item: Leftovers\n|-heal|p1a: Cofagrigus|188/240 tox|[from] item: Leftovers\n|-damage|p1a: Cofagrigus|173/240 tox|[from] psn\n|upkeep\n|turn|20\n|\n|t:|1769378200\n|move|p2a: Sudowoodo|Stone Edge|p1a: Cofagrigus|[miss]\n|-miss|p2a: Sudowoodo|p1a: Cofagrigus\n|move|p1a: Cofagrigus|Toxic Spikes|p2a: Sudowoodo\n|-sidestart|p2: sssssnakke|move: Toxic Spikes\n|\n|-heal|p2a: Sudowoodo|207/284|[from] item: Leftovers\n|-heal|p1a: Cofagrigus|188/240 tox|[from] item: Leftovers\n|-damage|p1a: Cofagrigus|158/240 tox|[from] psn\n|upkeep\n|turn|21\n|\n|t:|1769378212\n|move|p2a: Sudowoodo|Stone Edge|p1a: Cofagrigus|[miss]\n|-miss|p2a: Sudowoodo|p1a: Cofagrigus\n|move|p1a: Cofagrigus|Toxic Spikes|p2a: Sudowoodo\n|-sidestart|p2: sssssnakke|move: Toxic Spikes\n|\n|-heal|p2a: Sudowoodo|224/284|[from] item: Leftovers\n|-heal|p1a: Cofagrigus|173/240 tox|[from] item: Leftovers\n|-damage|p1a: Cofagrigus|128/240 tox|[from] psn\n|upkeep\n|turn|22\n|\n|t:|1769378225\n|move|p2a: Sudowoodo|Stone Edge|p1a: Cofagrigus\n|-damage|p1a: Cofagrigus|46/240 tox\n|move|p1a: Cofagrigus|Shadow Ball|p2a: Sudowoodo\n|-damage|p2a: Sudowoodo|127/284\n|\n|-heal|p2a: Sudowoodo|144/284|[from] item: Leftovers\n|-heal|p1a: Cofagrigus|61/240 tox|[from] item: Leftovers\n|-damage|p1a: Cofagrigus|1/240 tox|[from] psn\n|upkeep\n|turn|23\n|\n|t:|1769378239\n|move|p2a: Sudowoodo|Stone Edge|p1a: Cofagrigus\n|-crit|p1a: Cofagrigus\n|-damage|p1a: Cofagrigus|0 fnt\n|faint|p1a: Cofagrigus\n|\n|-heal|p2a: Sudowoodo|161/284|[from] item: Leftovers\n|upkeep\n|\n|t:|1769378247\n|switch|p1a: Dusknoir|Dusknoir, L89, F|75/225\n|-damage|p1a: Dusknoir|47/225|[from] Stealth Rock\n|-ability|p1a: Dusknoir|Pressure\n|turn|24\n|\n|t:|1769378255\n|move|p1a: Dusknoir|Earthquake|p2a: Sudowoodo\n|-supereffective|p2a: Sudowoodo\n|-damage|p2a: Sudowoodo|39/284\n|move|p2a: Sudowoodo|Stone Edge|p1a: Dusknoir\n|-damage|p1a: Dusknoir|0 fnt\n|faint|p1a: Dusknoir\n|\n|-heal|p2a: Sudowoodo|56/284|[from] item: Leftovers\n|upkeep\n|\n|t:|1769378283\n|switch|p1a: Latias|Latias-Mega, L77, F|159/250 tox\n|-damage|p1a: Latias|128/250 tox|[from] Stealth Rock\n|turn|25\n|\n|t:|1769378291\n|move|p1a: Latias|Psyshock|p2a: Sudowoodo\n|-damage|p2a: Sudowoodo|0 fnt\n|faint|p2a: Sudowoodo\n|\n|-damage|p1a: Latias|113/250 tox|[from] psn\n|upkeep\n|inactive|sssssnakke has 120 seconds left.\n|\n|t:|1769378329\n|switch|p2a: Glaceon|Glaceon, L91, M|266/266\n|-status|p2a: Glaceon|tox\n|turn|26\n|inactive|sssssnakke has 120 seconds left.\n|\n|t:|1769378336\n|move|p1a: Latias|Draco Meteor|p2a: Glaceon|[miss]\n|-miss|p1a: Latias|p2a: Glaceon\n|move|p2a: Glaceon|Ice Beam|p1a: Latias\n|-supereffective|p1a: Latias\n|-damage|p1a: Latias|0 fnt\n|faint|p1a: Latias\n|detailschange|p1: Latias|Latias, L77, F|[silent]\n|\n|-damage|p2a: Glaceon|250/266 tox|[from] psn\n|upkeep\n|\n|t:|1769378358\n|switch|p1a: Drapion|Drapion, L83, M|252/252\n|-damage|p1a: Drapion|221/252|[from] Stealth Rock\n|turn|27\n|inactive|sssssnakke has 120 seconds left.\n|\n|t:|1769378374\n|move|p1a: Drapion|Knock Off|p2a: Glaceon\n|-damage|p2a: Glaceon|168/266 tox\n|-enditem|p2a: Glaceon|Leftovers|[from] move: Knock Off|[of] p1a: Drapion\n|move|p2a: Glaceon|Hidden Power|p1a: Drapion\n|-supereffective|p1a: Drapion\n|-damage|p1a: Drapion|65/252\n|\n|-heal|p1a: Drapion|80/252|[from] item: Black Sludge\n|-damage|p2a: Glaceon|136/266 tox|[from] psn\n|upkeep\n|turn|28\n|inactive|sssssnakke has 120 seconds left.\n|\n|t:|1769378389\n|move|p1a: Drapion|Poison Jab|p2a: Glaceon\n|-damage|p2a: Glaceon|79/266 tox\n|move|p2a: Glaceon|Wish|p2a: Glaceon\n|\n|-heal|p1a: Drapion|95/252|[from] item: Black Sludge\n|-damage|p2a: Glaceon|31/266 tox|[from] psn\n|upkeep\n|turn|29\n|inactive|sssssnakke has 120 seconds left.\n|\n|t:|1769378402\n|switch|p2a: Rotom|Rotom-Heat, L82|216/216\n|move|p1a: Drapion|Whirlwind|p2a: Rotom\n|drag|p2a: Swoobat|Swoobat, L87, F|258/258\n|\n|-heal|p1a: Drapion|110/252|[from] item: Black Sludge\n|upkeep\n|turn|30\n|inactive|sssssnakke has 120 seconds left.\n|\n|t:|1769378415\n|switch|p2a: Glaceon|Glaceon, L91, M|31/266 tox\n|move|p1a: Drapion|Knock Off|p2a: Glaceon\n|-damage|p2a: Glaceon|0 fnt\n|faint|p2a: Glaceon\n|\n|-heal|p1a: Drapion|125/252|[from] item: Black Sludge\n|upkeep\n|inactive|sssssnakke has 120 seconds left.\n|\n|t:|1769378429\n|switch|p2a: Rotom|Rotom-Heat, L82|216/216\n|turn|31\n|inactive|sssssnakke has 120 seconds left.\n|\n|t:|1769378436\n|move|p1a: Drapion|Knock Off|p2a: Rotom\n|-damage|p2a: Rotom|126/216\n|-enditem|p2a: Rotom|Leftovers|[from] move: Knock Off|[of] p1a: Drapion\n|move|p2a: Rotom|Thunderbolt|p1a: Drapion\n|-damage|p1a: Drapion|25/252\n|\n|-heal|p1a: Drapion|40/252|[from] item: Black Sludge\n|upkeep\n|turn|32\n|\n|t:|1769378444\n|move|p1a: Drapion|Poison Jab|p2a: Rotom\n|-damage|p2a: Rotom|60/216\n|move|p2a: Rotom|Volt Switch|p1a: Drapion\n|-damage|p1a: Drapion|0 fnt\n|faint|p1a: Drapion\n|\n|t:|1769378454\n|switch|p2a: Regirock|Regirock, L86|278/278 slp|[from] Volt Switch\n|\n|upkeep\n|\n|t:|1769378459\n|switch|p1a: Shaymin|Shaymin, L83|302/302\n|-damage|p1a: Shaymin|265/302|[from] Stealth Rock\n|turn|33\n|\n|t:|1769378474\n|switch|p2a: Meowstic|Meowstic-F, L90, F|252/280\n|-status|p2a: Meowstic|tox\n|move|p1a: Shaymin|Seed Flare|p2a: Meowstic\n|-damage|p2a: Meowstic|91/280 tox\n|-unboost|p2a: Meowstic|spd|2\n|-ability|p2a: Meowstic|Competitive|boost\n|-boost|p2a: Meowstic|spa|2\n|-damage|p1a: Shaymin|235/302|[from] item: Life Orb\n|\n|-damage|p2a: Meowstic|74/280 tox|[from] psn\n|upkeep\n|turn|34\n|\n|t:|1769378485\n|move|p2a: Meowstic|Signal Beam|p1a: Shaymin\n|-supereffective|p1a: Shaymin\n|-damage|p1a: Shaymin|0 fnt\n|faint|p1a: Shaymin\n|-damage|p2a: Meowstic|46/280 tox|[from] item: Life Orb\n|\n|-damage|p2a: Meowstic|12/280 tox|[from] psn\n|upkeep\n|-message|alex-1403 forfeited.\n|\n|win|sssssnakke\n|raw|alex-1403's rating: 1562 &rarr; <strong>1541</strong><br />(-21 for losing)\n|raw|sssssnakke's rating: 1546 &rarr; <strong>1567</strong><br />(+21 for winning)\n|c|☆sssssnakke|gg\n|l|☆alex-1403\n|player|p1|\n", "inputlog": ">version b99ff0165a6231f17e8b78c2a78d1998375de664\n>start {\"formatid\":\"gen6randombattle\",\"seed\":\"sodium,106ef2d5d7bfea050b283aa8adf9b941\",\"rated\":\"Rated battle\"}\n>player p1 {\"name\":\"alex-1403\",\"avatar\":\"red\",\"rating\":1562,\"seed\":\"sodium,6c3083a08aa7ad6f30188530fc5e1b25\"}\n>player p2 {\"name\":\"sssssnakke\",\"avatar\":\"169\",\"rating\":1546,\"seed\":\"sodium,e26bd34d368951746c4c57c86768eeb5\"}\n>p1 move darkvoid\n>p2 move voltswitch\n>p2 switch 2\n>p1 switch 4\n>p2 move signalbeam\n>p1 move toxic\n>p2 switch 5\n>p1 move earthquake\n>p2 move stoneedge\n>p1 move protect\n>p2 move stoneedge\n>p1 move protect\n>p2 move rest\n>p1 move toxic\n>p2 move stoneedge\n>p1 move protect\n>p2 move curse\n>p1 move earthquake\n>p2 move stoneedge\n>p1 move earthquake\n>p2 move rest\n>p1 switch 5\n>p2 switch 2\n>p1 switch 6\n>p2 move overheat\n>p1 move calmmind mega\n>p2 move voltswitch\n>p2 switch 3\n>p1 move psyshock\n>p2 move toxic\n>p1 move dracometeor\n>p2 move stealthrock\n>p1 move dracometeor\n>p2 move stoneedge\n>p1 move roost\n>p2 move stoneedge\n>p1 switch 3\n>p2 move stoneedge\n>p1 move painsplit\n>p2 move toxic\n>p1 move toxicspikes\n>p2 move stoneedge\n>p1 move toxicspikes\n>p2 move stoneedge\n>p1 move shadowball\n>p2 move stoneedge\n>p1 move painsplit\n>p2 move stoneedge\n>p1 switch 5\n>p1 move earthquake\n>p2 move stoneedge\n>p1 switch 3\n>p1 move psyshock\n>p2 move woodhammer\n>p2 switch 4\n>p1 move dracometeor\n>p2 move icebeam\n>p1 switch 2\n>p1 move knockoff\n>p2 move hiddenpower\n>p1 move poisonjab\n>p2 move wish\n>p1 move whirlwind\n>p2 switch 3\n>p1 move knockoff\n>p2 switch 3\n>p2 switch 6\n>p1 move knockoff\n>p2 move thunderbolt\n>p1 move poisonjab\n>p2 move voltswitch\n>p2 switch 2\n>p1 switch 6\n>p1 move seedflare\n>p2 switch 5\n>p1 move airslash\n>p2 move signalbeam\n>forcelose p1", "uploadtime": 1769378502, "views": 273, "formatid": "gen6randombattle", "rating": 1541, "private": 0, "password": null}