{"id": "gen6randombattle-2529407792", "format": "[Gen 6] Random Battle", "players": ["fy8seasiders", "viticetum"], "log": "|j|☆fy8seasiders\n|j|☆viticetum\n|t:|1769784294\n|gametype|singles\n|player|p1|fy8seasiders|102|1532\n|player|p2|viticetum|serena-masters2|1563\n|gen|6\n|tier|[Gen 6] Random Battle\n|rated|\n|rule|Sleep Clause Mod: Limit one foe put to sleep\n|rule|HP Percentage Mod: HP is shown in percentages\n|rule|Illusion Level Mod: Illusion disguises the Pokémon's true level\n|\n|t:|1769784294\n|teamsize|p1|6\n|teamsize|p2|6\n|start\n|switch|p1a: Pachirisu|Pachirisu, L95, M|268/268\n|switch|p2a: Simisage|Simisage, L88, M|275/275\n|turn|1\n|inactive|Battle timer is ON: inactive players will automatically lose when time's up. (requested by viticetum)\n|inactive|fy8seasiders also wants the timer to be on.\n|\n|t:|1769784310\n|switch|p2a: Marowak|Marowak, L88, F|249/249\n|move|p1a: Pachirisu|Nuzzle|p2a: Marowak\n|-immune|p2a: Marowak\n|\n|upkeep\n|turn|2\n|\n|t:|1769784322\n|switch|p1a: Bellossom|Bellossom, L96, F|299/299\n|move|p2a: Marowak|Knock Off|p1a: Bellossom\n|-damage|p1a: Bellossom|200/299\n|-enditem|p1a: Bellossom|Leftovers|[from] move: Knock Off|[of] p2a: Marowak\n|\n|upkeep\n|turn|3\n|\n|t:|1769784343\n|switch|p2a: Simisage|Simisage, L88, M|275/275\n|move|p1a: Bellossom|Return|p2a: Simisage\n|-damage|p2a: Simisage|183/275\n|\n|upkeep\n|turn|4\n|\n|t:|1769784354\n|switch|p1a: Grumpig|Grumpig, L92, F|297/297\n|move|p2a: Simisage|Gunk Shot|p1a: Grumpig\n|-damage|p1a: Grumpig|161/297\n|-damage|p2a: Simisage|156/275|[from] item: Life Orb\n|\n|-heal|p1a: Grumpig|179/297|[from] item: Leftovers\n|upkeep\n|turn|5\n|\n|t:|1769784372\n|move|p2a: Simisage|Leaf Storm|p1a: Grumpig|[miss]\n|-miss|p2a: Simisage|p1a: Grumpig\n|move|p1a: Grumpig|Psychic|p2a: Simisage\n|-damage|p2a: Simisage|23/275\n|\n|-heal|p1a: Grumpig|197/297|[from] item: Leftovers\n|upkeep\n|turn|6\n|\n|t:|1769784379\n|switch|p1a: Bellossom|Bellossom, L96, F|200/299\n|move|p2a: Simisage|Gunk Shot|p1a: Bellossom\n|-supereffective|p1a: Bellossom\n|-damage|p1a: Bellossom|0 fnt\n|faint|p1a: Bellossom\n|-damage|p2a: Simisage|0 fnt|[from] item: Life Orb\n|faint|p2a: Simisage\n|\n|upkeep\n|\n|t:|1769784390\n|switch|p2a: Marowak|Marowak, L88, F|249/249\n|switch|p1a: Gengar|Gengar, L77, F|219/219\n|turn|7\n|\n|t:|1769784397\n|move|p1a: Gengar|Substitute|p1a: Gengar\n|-start|p1a: Gengar|Substitute\n|-damage|p1a: Gengar|165/219\n|move|p2a: Marowak|Knock Off|p1a: Gengar\n|-supereffective|p1a: Gengar\n|-end|p1a: Gengar|Substitute\n|\n|upkeep\n|turn|8\n|\n|t:|1769784415\n|switch|p1a: Grumpig|Grumpig, L92, F|197/297\n|move|p2a: Marowak|Knock Off|p1a: Grumpig\n|-supereffective|p1a: Grumpig\n|-damage|p1a: Grumpig|0 fnt\n|-enditem|p1a: Grumpig|Leftovers|[from] move: Knock Off|[of] p2a: Marowak\n|faint|p1a: Grumpig\n|\n|upkeep\n|\n|t:|1769784419\n|switch|p1a: Floatzel|Floatzel, L86, M|286/286\n|turn|9\n|\n|t:|1769784439\n|switch|p2a: Huntail|Huntail, L84, F|230/230\n|move|p1a: Floatzel|Substitute|p1a: Floatzel\n|-start|p1a: Floatzel|Substitute\n|-damage|p1a: Floatzel|215/286\n|\n|-heal|p1a: Floatzel|232/286|[from] item: Leftovers\n|upkeep\n|turn|10\n|\n|t:|1769784447\n|move|p1a: Floatzel|Bulk Up|p1a: Floatzel\n|-boost|p1a: Floatzel|atk|1\n|-boost|p1a: Floatzel|def|1\n|move|p2a: Huntail|Shell Smash|p2a: Huntail\n|-unboost|p2a: Huntail|def|1\n|-unboost|p2a: Huntail|spd|1\n|-boost|p2a: Huntail|atk|2\n|-boost|p2a: Huntail|spa|2\n|-boost|p2a: Huntail|spe|2\n|-enditem|p2a: Huntail|White Herb\n|-clearnegativeboost|p2a: Huntail|[silent]\n|\n|-heal|p1a: Floatzel|249/286|[from] item: Leftovers\n|upkeep\n|turn|11\n|\n|t:|1769784462\n|move|p2a: Huntail|Waterfall|p1a: Floatzel\n|-resisted|p1a: Floatzel\n|-end|p1a: Floatzel|Substitute\n|move|p1a: Floatzel|Bulk Up|p1a: Floatzel\n|-boost|p1a: Floatzel|atk|1\n|-boost|p1a: Floatzel|def|1\n|\n|-heal|p1a: Floatzel|266/286|[from] item: Leftovers\n|upkeep\n|turn|12\n|\n|t:|1769784477\n|move|p2a: Huntail|Shell Smash|p2a: Huntail\n|-unboost|p2a: Huntail|def|1\n|-unboost|p2a: Huntail|spd|1\n|-boost|p2a: Huntail|atk|2\n|-boost|p2a: Huntail|spa|2\n|-boost|p2a: Huntail|spe|2\n|move|p1a: Floatzel|Bulk Up|p1a: Floatzel\n|-boost|p1a: Floatzel|atk|1\n|-boost|p1a: Floatzel|def|1\n|\n|-heal|p1a: Floatzel|283/286|[from] item: Leftovers\n|upkeep\n|turn|13\n|\n|t:|1769784486\n|move|p2a: Huntail|Ice Beam|p1a: Floatzel\n|-resisted|p1a: Floatzel\n|-damage|p1a: Floatzel|144/286\n|move|p1a: Floatzel|Waterfall|p2a: Huntail\n|-resisted|p2a: Huntail\n|-damage|p2a: Huntail|64/230\n|\n|-heal|p1a: Floatzel|161/286|[from] item: Leftovers\n|upkeep\n|turn|14\n|\n|t:|1769784500\n|move|p2a: Huntail|Ice Beam|p1a: Floatzel\n|-resisted|p1a: Floatzel\n|-damage|p1a: Floatzel|27/286\n|move|p1a: Floatzel|Waterfall|p2a: Huntail\n|-resisted|p2a: Huntail\n|-damage|p2a: Huntail|0 fnt\n|faint|p2a: Huntail\n|\n|-heal|p1a: Floatzel|44/286|[from] item: Leftovers\n|upkeep\n|\n|t:|1769784506\n|switch|p2a: Donphan|Donphan, L83, M|285/285\n|turn|15\n|\n|t:|1769784514\n|move|p1a: Floatzel|Waterfall|p2a: Donphan\n|-supereffective|p2a: Donphan\n|-ability|p2a: Donphan|Sturdy\n|-damage|p2a: Donphan|1/285\n|move|p2a: Donphan|Earthquake|p1a: Floatzel\n|-damage|p1a: Floatzel|0 fnt\n|faint|p1a: Floatzel\n|\n|-heal|p2a: Donphan|18/285|[from] item: Leftovers\n|upkeep\n|\n|t:|1769784537\n|switch|p1a: Gengar|Gengar, L77, F|165/219\n|turn|16\n|\n|t:|1769784543\n|move|p1a: Gengar|Shadow Ball|p2a: Donphan\n|-damage|p2a: Donphan|0 fnt\n|faint|p2a: Donphan\n|\n|upkeep\n|\n|t:|1769784549\n|switch|p2a: Marowak|Marowak, L88, F|249/249\n|turn|17\n|\n|t:|1769784557\n|detailschange|p1a: Gengar|Gengar-Mega, L77, F\n|-mega|p1a: Gengar|Gengar|Gengarite\n|move|p1a: Gengar|Protect|p1a: Gengar\n|-singleturn|p1a: Gengar|Protect\n|move|p2a: Marowak|Knock Off|p1a: Gengar\n|-activate|p1a: Gengar|move: Protect\n|\n|upkeep\n|turn|18\n|\n|t:|1769784578\n|move|p1a: Gengar|Perish Song|p1a: Gengar\n|-start|p1a: Gengar|perish3|[silent]\n|-start|p2a: Marowak|perish3|[silent]\n|-fieldactivate|move: Perish Song\n|move|p2a: Marowak|Earthquake|p1a: Gengar\n|-supereffective|p1a: Gengar\n|-damage|p1a: Gengar|0 fnt\n|faint|p1a: Gengar\n|detailschange|p1: Gengar|Gengar, L77, F|[silent]\n|\n|-start|p2a: Marowak|perish3\n|upkeep\n|\n|t:|1769784583\n|switch|p1a: Golem|Golem, L86, M|278/278\n|turn|19\n|\n|t:|1769784592\n|move|p2a: Marowak|Knock Off|p1a: Golem\n|-damage|p1a: Golem|189/278\n|-enditem|p1a: Golem|Weakness Policy|[from] move: Knock Off|[of] p2a: Marowak\n|move|p1a: Golem|Rock Polish|p1a: Golem\n|-boost|p1a: Golem|spe|2\n|\n|-start|p2a: Marowak|perish2\n|upkeep\n|turn|20\n|\n|t:|1769784605\n|move|p1a: Golem|Earthquake|p2a: Marowak\n|-damage|p2a: Marowak|134/249\n|move|p2a: Marowak|Earthquake|p1a: Golem\n|-supereffective|p1a: Golem\n|-damage|p1a: Golem|0 fnt\n|faint|p1a: Golem\n|\n|-start|p2a: Marowak|perish1\n|upkeep\n|-message|fy8seasiders forfeited.\n|\n|win|viticetum\n|raw|fy8seasiders's rating: 1532 &rarr; <strong>1514</strong><br />(-18 for losing)\n|raw|viticetum's rating: 1563 &rarr; <strong>1581</strong><br />(+18 for winning)\n|l|☆fy8seasiders\n|player|p1|\n", "inputlog": ">version b99ff0165a6231f17e8b78c2a78d1998375de664\n>start {\"formatid\":\"gen6randombattle\",\"seed\":\"sodium,372b25b2b4a80f905b68982728e8834c\",\"rated\":\"Rated battle\"}\n>player p1 {\"name\":\"fy8seasiders\",\"avatar\":\"102\",\"rating\":1532,\"seed\":\"sodium,473c681c2b9bba353f618810a01b6eef\"}\n>player p2 {\"name\":\"viticetum\",\"avatar\":\"serena-masters2\",\"rating\":1563,\"seed\":\"sodium,e6802a7a311347da204d49584e18b52c\"}\n>p1 move nuzzle\n>p2 switch 6\n>p1 switch 4\n>p2 move knockoff\n>p1 move return\n>p2 switch 6\n>p1 switch 6\n>p2 move gunkshot\n>p1 move psychic\n>p2 move leafstorm\n>p1 switch 6\n>p2 move gunkshot\n>p1 switch 2\n>p2 switch 6\n>p1 move substitute\n>p2 move knockoff\n>p1 switch 6\n>p2 move knockoff\n>p1 switch 5\n>p1 move substitute\n>p2 switch 5\n>p1 move bulkup\n>p2 move shellsmash\n>p1 move bulkup\n>p2 move waterfall\n>p1 move bulkup\n>p2 move shellsmash\n>p1 move waterfall\n>p2 move icebeam\n>p1 move waterfall\n>p2 move icebeam\n>p2 switch 4\n>p1 move waterfall\n>p2 move earthquake\n>p1 switch 6\n>p1 move shadowball\n>p2 move earthquake\n>p2 switch 5\n>p1 move protect mega\n>p2 move knockoff\n>p1 move perishsong\n>p2 move earthquake\n>p1 switch 3\n>p1 move rockpolish\n>p2 move knockoff\n>p1 move earthquake\n>p2 move earthquake\n>forcelose p1", "uploadtime": 1769784616, "views": 277, "formatid": "gen6randombattle", "rating": 1514, "private": 0, "password": null}