{"id": "gen6randombattle-2540730014", "format": "[Gen 6] Random Battle", "players": ["xuyuehang", "b221300120"], "log": "|j|☆xuyuehang\n|j|☆b221300120\n|t:|1771246917\n|gametype|singles\n|player|p1|xuyuehang|266|1602\n|player|p2|b221300120|1|1565\n|gen|6\n|tier|[Gen 6] Random Battle\n|rated|\n|rule|Sleep Clause Mod: Limit one foe put to sleep\n|rule|HP Percentage Mod: HP is shown in percentages\n|rule|Illusion Level Mod: Illusion disguises the Pokémon's true level\n|\n|t:|1771246917\n|teamsize|p1|6\n|teamsize|p2|6\n|start\n|switch|p1a: Cinccino|Cinccino, L82, M|257/257\n|switch|p2a: Floette|Floette-Eternal, L81, F|253/253\n|turn|1\n|inactive|Battle timer is ON: inactive players will automatically lose when time's up. (requested by xuyuehang)\n|\n|t:|1771246943\n|move|p2a: Floette|Light of Ruin|p1a: Cinccino\n|-damage|p1a: Cinccino|13/257\n|-damage|p2a: Floette|131/253|[from] Recoil\n|move|p1a: Cinccino|Tail Slap|p2a: Floette\n|-damage|p2a: Floette|85/253\n|-crit|p2a: Floette\n|-damage|p2a: Floette|10/253\n|-damage|p2a: Floette|0 fnt\n|faint|p2a: Floette\n|-hitcount|p2: Floette|3\n|\n|upkeep\n|\n|t:|1771246956\n|switch|p2a: Klefki|Klefki, L79, F|220/220\n|turn|2\n|\n|t:|1771246966\n|switch|p1a: Delibird|Delibird, F|251/251\n|move|p2a: Klefki|Spikes|p1a: Delibird\n|-sidestart|p1: xuyuehang|Spikes\n|\n|upkeep\n|turn|3\n|\n|t:|1771246975\n|move|p2a: Klefki|Thunder Wave|p1a: Delibird\n|-status|p1a: Delibird|par\n|move|p1a: Delibird|Spikes|p2a: Klefki\n|-sidestart|p2: b221300120|Spikes\n|\n|upkeep\n|turn|4\n|\n|t:|1771246987\n|switch|p2a: Mew|Mew, L80|291/291\n|-damage|p2a: Mew|255/291|[from] Spikes\n|move|p1a: Delibird|Spikes|p2a: Mew\n|-sidestart|p2: b221300120|Spikes\n|\n|upkeep\n|turn|5\n|\n|t:|1771246999\n|move|p2a: Mew|Nasty Plot|p2a: Mew\n|-boost|p2a: Mew|spa|2\n|move|p1a: Delibird|Rapid Spin|p2a: Mew\n|-damage|p2a: Mew|246/291\n|-sideend|p1: xuyuehang|Spikes|[from] move: Rapid Spin|[of] p1a: Delibird\n|\n|upkeep\n|turn|6\n|\n|t:|1771247007\n|move|p2a: Mew|Psychic|p1a: Delibird\n|-damage|p1a: Delibird|0 fnt\n|faint|p1a: Delibird\n|-damage|p2a: Mew|217/291|[from] item: Life Orb\n|\n|upkeep\n|\n|t:|1771247037\n|switch|p1a: Cinccino|Cinccino, L82, M|13/257\n|turn|7\n|\n|t:|1771247048\n|switch|p2a: Klefki|Klefki, L79, F|220/220\n|-damage|p2a: Klefki|184/220|[from] Spikes\n|move|p1a: Cinccino|Knock Off|p2a: Klefki\n|-resisted|p2a: Klefki\n|-damage|p2a: Klefki|131/220\n|-enditem|p2a: Klefki|Leftovers|[from] move: Knock Off|[of] p1a: Cinccino\n|\n|upkeep\n|turn|8\n|\n|t:|1771247061\n|switch|p1a: Quagsire|Quagsire, L87, M|307/307\n|move|p2a: Klefki|Spikes|p1a: Quagsire\n|-sidestart|p1: xuyuehang|Spikes\n|\n|upkeep\n|turn|9\n|\n|t:|1771247069\n|switch|p2a: Tangrowth|Tangrowth, L88, M|319/319\n|-damage|p2a: Tangrowth|266/319|[from] Spikes\n|move|p1a: Quagsire|Earthquake|p2a: Tangrowth\n|-resisted|p2a: Tangrowth\n|-crit|p2a: Tangrowth\n|-damage|p2a: Tangrowth|213/319\n|\n|upkeep\n|turn|10\n|\n|t:|1771247092\n|switch|p1a: Goodra|Goodra, L85, F|292/292\n|-damage|p1a: Goodra|256/292|[from] Spikes\n|move|p2a: Tangrowth|Knock Off|p1a: Goodra\n|-damage|p1a: Goodra|162/292\n|-enditem|p1a: Goodra|Assault Vest|[from] move: Knock Off|[of] p2a: Tangrowth\n|\n|upkeep\n|turn|11\n|\n|t:|1771247105\n|switch|p2a: Mew|Mew, L80|217/291\n|-damage|p2a: Mew|169/291|[from] Spikes\n|move|p1a: Goodra|Sludge Bomb|p2a: Mew\n|-damage|p2a: Mew|105/291\n|\n|upkeep\n|turn|12\n|\n|t:|1771247118\n|move|p2a: Mew|Psychic|p1a: Goodra\n|-damage|p1a: Goodra|92/292\n|-damage|p2a: Mew|76/291|[from] item: Life Orb\n|move|p1a: Goodra|Sludge Bomb|p2a: Mew\n|-damage|p2a: Mew|3/291\n|-status|p2a: Mew|psn\n|-activate|p2a: Mew|ability: Synchronize\n|-status|p1a: Goodra|psn\n|\n|-damage|p2a: Mew|0 fnt|[from] psn\n|faint|p2a: Mew\n|-damage|p1a: Goodra|56/292 psn|[from] psn\n|upkeep\n|\n|t:|1771247137\n|switch|p2a: Klefki|Klefki, L79, F|131/220\n|-damage|p2a: Klefki|95/220|[from] Spikes\n|turn|13\n|\n|t:|1771247147\n|move|p2a: Klefki|Spikes|p1a: Goodra\n|-sidestart|p1: xuyuehang|Spikes\n|move|p1a: Goodra|Earthquake|p2a: Klefki\n|-supereffective|p2a: Klefki\n|-damage|p2a: Klefki|0 fnt\n|faint|p2a: Klefki\n|\n|-damage|p1a: Goodra|20/292 psn|[from] psn\n|upkeep\n|\n|t:|1771247159\n|switch|p2a: Volcarona|Volcarona, L77, M|257/257\n|-damage|p2a: Volcarona|215/257|[from] Spikes\n|turn|14\n|l|☆xuyuehang\n|inactive|xuyuehang disconnected and has a minute to reconnect!\n|player|p1|\n|j|☆xuyuehang\n|inactive|xuyuehang reconnected and has 145 seconds left.\n|player|p1|xuyuehang|266|\n|\n|t:|1771247175\n|move|p2a: Volcarona|Fiery Dance|p1a: Goodra\n|-resisted|p1a: Goodra\n|-damage|p1a: Goodra|0 fnt\n|faint|p1a: Goodra\n|\n|-heal|p2a: Volcarona|231/257|[from] item: Leftovers\n|upkeep\n|inactive|xuyuehang has 120 seconds left.\n|\n|t:|1771247198\n|switch|p1a: Tyrantrum|Tyrantrum, L80, M|262/262\n|-damage|p1a: Tyrantrum|219/262|[from] Spikes\n|turn|15\n|\n|t:|1771247205\n|switch|p2a: Tangrowth|Tangrowth, L88, M|319/319\n|-damage|p2a: Tangrowth|266/319|[from] Spikes\n|move|p1a: Tyrantrum|Dragon Dance|p1a: Tyrantrum\n|-boost|p1a: Tyrantrum|atk|1\n|-boost|p1a: Tyrantrum|spe|1\n|\n|upkeep\n|turn|16\n|inactive|xuyuehang has 120 seconds left.\n|\n|t:|1771247230\n|move|p1a: Tyrantrum|Head Smash|p2a: Tangrowth\n|-damage|p2a: Tangrowth|83/319\n|move|p2a: Tangrowth|Earthquake|p1a: Tyrantrum\n|-supereffective|p1a: Tyrantrum\n|-damage|p1a: Tyrantrum|87/262\n|\n|upkeep\n|turn|17\n|inactive|xuyuehang has 120 seconds left.\n|\n|t:|1771247242\n|move|p1a: Tyrantrum|Outrage|p2a: Tangrowth\n|-damage|p2a: Tangrowth|0 fnt\n|faint|p2a: Tangrowth\n|\n|upkeep\n|\n|t:|1771247247\n|switch|p2a: Clawitzer|Clawitzer, L85, M|259/259\n|-damage|p2a: Clawitzer|216/259|[from] Spikes\n|turn|18\n|\n|t:|1771247256\n|move|p1a: Tyrantrum|Outrage|p2a: Clawitzer|[from] lockedmove\n|-damage|p2a: Clawitzer|8/259\n|-start|p1a: Tyrantrum|confusion|[fatigue]\n|-enditem|p1a: Tyrantrum|Lum Berry|[eat]\n|-end|p1a: Tyrantrum|confusion\n|move|p2a: Clawitzer|Ice Beam|p1a: Tyrantrum\n|-supereffective|p1a: Tyrantrum\n|-damage|p1a: Tyrantrum|0 fnt\n|faint|p1a: Tyrantrum\n|\n|upkeep\n|inactive|xuyuehang has 120 seconds left.\n|\n|t:|1771247277\n|switch|p1a: Hoopa|Hoopa, L84|272/272\n|-damage|p1a: Hoopa|227/272|[from] Spikes\n|turn|19\n|inactive|xuyuehang has 120 seconds left.\n|\n|t:|1771247288\n|move|p1a: Hoopa|Psyshock|p2a: Clawitzer\n|-damage|p2a: Clawitzer|0 fnt\n|faint|p2a: Clawitzer\n|\n|upkeep\n|\n|t:|1771247292\n|switch|p2a: Volcarona|Volcarona, L77, M|231/257\n|-damage|p2a: Volcarona|189/257|[from] Spikes\n|turn|20\n|\n|t:|1771247298\n|move|p1a: Hoopa|Psyshock|p2a: Volcarona\n|-damage|p2a: Volcarona|12/257\n|move|p2a: Volcarona|Quiver Dance|p2a: Volcarona\n|-boost|p2a: Volcarona|spa|1\n|-boost|p2a: Volcarona|spd|1\n|-boost|p2a: Volcarona|spe|1\n|\n|-heal|p2a: Volcarona|28/257|[from] item: Leftovers\n|upkeep\n|turn|21\n|\n|t:|1771247313\n|move|p2a: Volcarona|Fiery Dance|p1a: Hoopa\n|-damage|p1a: Hoopa|119/272\n|-boost|p2a: Volcarona|spa|1\n|move|p1a: Hoopa|Psyshock|p2a: Volcarona\n|-damage|p2a: Volcarona|0 fnt\n|faint|p2a: Volcarona\n|\n|win|xuyuehang\n|raw|xuyuehang's rating: 1602 &rarr; <strong>1620</strong><br />(+18 for winning)\n|raw|b221300120's rating: 1565 &rarr; <strong>1547</strong><br />(-18 for losing)\n", "inputlog": ">version 686819e5e19f8a7fd2345cfc5a08a5085efa2cc3\n>start {\"formatid\":\"gen6randombattle\",\"seed\":\"sodium,4052f164e579ca962e017388add586cc\",\"rated\":\"Rated battle\"}\n>player p1 {\"name\":\"xuyuehang\",\"avatar\":\"266\",\"rating\":1602,\"seed\":\"sodium,3216642bcc9fb820b2b0d768f06a7446\"}\n>player p2 {\"name\":\"b221300120\",\"avatar\":\"1\",\"rating\":1565,\"seed\":\"sodium,992b25ad6f547ce0e47a4feeb1259593\"}\n>p1 move tailslap\n>p2 move lightofruin\n>p2 switch 4\n>p1 switch 6\n>p2 move spikes\n>p1 move spikes\n>p2 move thunderwave\n>p1 move spikes\n>p2 switch 2\n>p1 move rapidspin\n>p2 move nastyplot\n>p1 move destinybond\n>p2 move psychic\n>p1 switch 6\n>p1 move knockoff\n>p2 switch 2\n>p1 switch 5\n>p2 move spikes\n>p1 move earthquake\n>p2 switch 6\n>p1 switch 2\n>p2 move knockoff\n>p1 move sludgebomb\n>p2 switch 2\n>p1 move sludgebomb\n>p2 move psychic\n>p2 switch 6\n>p1 move earthquake\n>p2 move spikes\n>p2 switch 5\n>p1 move dracometeor\n>p2 move fierydance\n>p1 switch 3\n>p1 move dragondance\n>p2 switch 2\n>p1 move headsmash\n>p2 move earthquake\n>p1 move outrage\n>p2 move gigadrain\n>p2 switch 3\n>p1 move outrage\n>p2 move icebeam\n>p1 switch 4\n>p1 move psyshock\n>p2 move icebeam\n>p2 switch 2\n>p1 move psyshock\n>p2 move quiverdance\n>p1 move psyshock\n>p2 move fierydance", "uploadtime": 1771247322, "views": 12, "formatid": "gen6randombattle", "rating": 1547, "private": 0, "password": null}