{"id": "gen6randombattle-2536733262", "format": "[Gen 6] Random Battle", "players": ["arboretums", "hjmdc"], "log": "|j|☆arboretums\n|j|☆hjmdc\n|t:|1770731501\n|gametype|singles\n|player|p1|arboretums|serena-masters2|1477\n|player|p2|hjmdc|169|1569\n|gen|6\n|tier|[Gen 6] Random Battle\n|rated|\n|rule|Sleep Clause Mod: Limit one foe put to sleep\n|rule|HP Percentage Mod: HP is shown in percentages\n|rule|Illusion Level Mod: Illusion disguises the Pokémon's true level\n|\n|t:|1770731501\n|teamsize|p1|6\n|teamsize|p2|6\n|start\n|switch|p1a: Chesnaught|Chesnaught, L86, F|292/292\n|switch|p2a: Hariyama|Hariyama, L86, F|388/388\n|turn|1\n|inactive|Battle timer is ON: inactive players will automatically lose when time's up. (requested by hjmdc)\n|inactive|arboretums also wants the timer to be on.\n|\n|t:|1770731517\n|switch|p2a: Aegislash|Aegislash, L78, F|222/222\n|move|p1a: Chesnaught|Leech Seed|p2a: Aegislash\n|-start|p2a: Aegislash|move: Leech Seed\n|\n|-damage|p2a: Aegislash|195/222|[from] Leech Seed|[of] p1a: Chesnaught\n|upkeep\n|turn|2\n|\n|t:|1770731527\n|switch|p1a: Klefki|Klefki, L79, F|220/220\n|switch|p2a: Reshiram|Reshiram, L73|266/266\n|-ability|p2a: Reshiram|Turboblaze\n|\n|upkeep\n|turn|3\n|\n|t:|1770731531\n|move|p1a: Klefki|Thunder Wave|p2a: Reshiram\n|-status|p2a: Reshiram|par\n|move|p2a: Reshiram|Blue Flare|p1a: Klefki\n|-supereffective|p1a: Klefki\n|-damage|p1a: Klefki|0 fnt\n|faint|p1a: Klefki\n|\n|upkeep\n|\n|t:|1770731537\n|switch|p1a: Relicanth|Relicanth, L87, F|316/316\n|turn|4\n|\n|t:|1770731547\n|switch|p2a: Aegislash|Aegislash, L78, F|195/222\n|move|p1a: Relicanth|Earthquake|p2a: Aegislash\n|-supereffective|p2a: Aegislash\n|-damage|p2a: Aegislash|35/222\n|\n|-heal|p2a: Aegislash|48/222|[from] item: Leftovers\n|upkeep\n|turn|5\n|\n|t:|1770731556\n|switch|p2a: Hariyama|Hariyama, L86, F|388/388\n|move|p1a: Relicanth|Earthquake|p2a: Hariyama\n|-damage|p2a: Hariyama|243/388\n|\n|upkeep\n|turn|6\n|j| billy zubat\n|\n|t:|1770731565\n|switch|p1a: Azelf|Azelf, L80|251/251\n|move|p2a: Hariyama|Knock Off|p1a: Azelf\n|-supereffective|p1a: Azelf\n|-damage|p1a: Azelf|43/251\n|-enditem|p1a: Azelf|Life Orb|[from] move: Knock Off|[of] p2a: Hariyama\n|\n|upkeep\n|turn|7\n|\n|t:|1770731572\n|move|p2a: Hariyama|Bullet Punch|p1a: Azelf\n|-damage|p1a: Azelf|0 fnt\n|faint|p1a: Azelf\n|\n|upkeep\n|\n|t:|1770731577\n|switch|p1a: Yanmega|Yanmega, L82, M|275/275\n|turn|8\n|\n|t:|1770731590\n|move|p1a: Yanmega|Hidden Power|p2a: Hariyama\n|-damage|p2a: Hariyama|191/388\n|-damage|p1a: Yanmega|248/275|[from] item: Life Orb\n|move|p2a: Hariyama|Heavy Slam|p1a: Yanmega\n|-damage|p1a: Yanmega|153/275\n|\n|-ability|p1a: Yanmega|Speed Boost|boost\n|-boost|p1a: Yanmega|spe|1\n|upkeep\n|turn|9\n|\n|t:|1770731617\n|move|p2a: Hariyama|Bullet Punch|p1a: Yanmega\n|-damage|p1a: Yanmega|117/275\n|move|p1a: Yanmega|Air Slash|p2a: Hariyama\n|-supereffective|p2a: Hariyama\n|-damage|p2a: Hariyama|1/388\n|-damage|p1a: Yanmega|90/275|[from] item: Life Orb\n|\n|-ability|p1a: Yanmega|Speed Boost|boost\n|-boost|p1a: Yanmega|spe|1\n|upkeep\n|turn|10\n|c|☆arboretums|bro\n|\n|t:|1770731629\n|move|p2a: Hariyama|Bullet Punch|p1a: Yanmega\n|-damage|p1a: Yanmega|55/275\n|move|p1a: Yanmega|Hidden Power|p2a: Hariyama\n|-damage|p2a: Hariyama|0 fnt\n|faint|p2a: Hariyama\n|-damage|p1a: Yanmega|28/275|[from] item: Life Orb\n|\n|-ability|p1a: Yanmega|Speed Boost|boost\n|-boost|p1a: Yanmega|spe|1\n|upkeep\n|\n|t:|1770731637\n|switch|p2a: Aegislash|Aegislash, L78, F|48/222\n|turn|11\n|\n|t:|1770731640\n|-formechange|p2a: Aegislash|Aegislash-Blade||[from] ability: Stance Change\n|move|p2a: Aegislash|Shadow Sneak|p1a: Yanmega\n|-damage|p1a: Yanmega|0 fnt\n|faint|p1a: Yanmega\n|\n|-heal|p2a: Aegislash|61/222|[from] item: Leftovers\n|upkeep\n|\n|t:|1770731645\n|switch|p1a: Relicanth|Relicanth, L87, F|316/316\n|turn|12\n|\n|t:|1770731648\n|-formechange|p2a: Aegislash|Aegislash||[from] ability: Stance Change\n|move|p2a: Aegislash|King's Shield|p2a: Aegislash\n|-singleturn|p2a: Aegislash|Protect\n|move|p1a: Relicanth|Earthquake|p2a: Aegislash\n|-activate|p2a: Aegislash|move: Protect\n|\n|-heal|p2a: Aegislash|74/222|[from] item: Leftovers\n|upkeep\n|turn|13\n|\n|t:|1770731662\n|switch|p2a: Marowak|Marowak, L88, F|249/249\n|move|p1a: Relicanth|Earthquake|p2a: Marowak\n|-damage|p2a: Marowak|156/249\n|\n|upkeep\n|turn|14\n|\n|t:|1770731667\n|switch|p1a: Chesnaught|Chesnaught, L86, F|292/292\n|move|p2a: Marowak|Stealth Rock|p1a: Chesnaught\n|-sidestart|p1: arboretums|move: Stealth Rock\n|\n|upkeep\n|turn|15\n|\n|t:|1770731684\n|switch|p2a: Reshiram|Reshiram, L73|266/266 par\n|-ability|p2a: Reshiram|Turboblaze\n|move|p1a: Chesnaught|Leech Seed|p2a: Reshiram\n|-start|p2a: Reshiram|move: Leech Seed\n|\n|-damage|p2a: Reshiram|233/266 par|[from] Leech Seed|[of] p1a: Chesnaught\n|upkeep\n|turn|16\n|\n|t:|1770731693\n|move|p1a: Chesnaught|Spiky Shield|p1a: Chesnaught\n|-singleturn|p1a: Chesnaught|move: Protect\n|move|p2a: Reshiram|Toxic|p1a: Chesnaught\n|-activate|p1a: Chesnaught|move: Protect\n|\n|-heal|p2a: Reshiram|249/266 par|[from] item: Leftovers\n|-damage|p2a: Reshiram|216/266 par|[from] Leech Seed|[of] p1a: Chesnaught\n|upkeep\n|turn|17\n|\n|t:|1770731701\n|switch|p1a: Relicanth|Relicanth, L87, F|316/316\n|-damage|p1a: Relicanth|277/316|[from] Stealth Rock\n|move|p2a: Reshiram|Toxic|p1a: Relicanth\n|-status|p1a: Relicanth|tox\n|\n|-heal|p2a: Reshiram|232/266 par|[from] item: Leftovers\n|-damage|p2a: Reshiram|199/266 par|[from] Leech Seed|[of] p1a: Relicanth\n|-heal|p1a: Relicanth|310/316 tox|[silent]\n|-damage|p1a: Relicanth|291/316 tox|[from] psn\n|upkeep\n|turn|18\n|\n|t:|1770731709\n|move|p1a: Relicanth|Head Smash|p2a: Reshiram\n|-supereffective|p2a: Reshiram\n|-damage|p2a: Reshiram|0 fnt\n|faint|p2a: Reshiram\n|\n|-damage|p1a: Relicanth|253/316 tox|[from] psn\n|upkeep\n|\n|t:|1770731725\n|switch|p2a: Marowak|Marowak, L88, F|156/249\n|turn|19\n|\n|t:|1770731732\n|switch|p1a: Chesnaught|Chesnaught, L86, F|292/292\n|-damage|p1a: Chesnaught|274/292|[from] Stealth Rock\n|move|p2a: Marowak|Knock Off|p1a: Chesnaught\n|-resisted|p1a: Chesnaught\n|-damage|p1a: Chesnaught|225/292\n|-enditem|p1a: Chesnaught|Leftovers|[from] move: Knock Off|[of] p2a: Marowak\n|\n|upkeep\n|turn|20\n|\n|t:|1770731744\n|move|p1a: Chesnaught|Leech Seed|p2a: Marowak\n|-start|p2a: Marowak|move: Leech Seed\n|move|p2a: Marowak|Earthquake|p1a: Chesnaught\n|-resisted|p1a: Chesnaught\n|-damage|p1a: Chesnaught|147/292\n|\n|-damage|p2a: Marowak|125/249|[from] Leech Seed|[of] p1a: Chesnaught\n|-heal|p1a: Chesnaught|178/292|[silent]\n|upkeep\n|turn|21\n|\n|t:|1770731751\n|switch|p2a: Politoed|Politoed, L86, M|295/295\n|-weather|RainDance|[from] ability: Drizzle|[of] p2a: Politoed\n|move|p1a: Chesnaught|Wood Hammer|p2a: Politoed\n|-supereffective|p2a: Politoed\n|-damage|p2a: Politoed|0 fnt\n|faint|p2a: Politoed\n|-damage|p1a: Chesnaught|81/292|[from] Recoil\n|\n|-weather|RainDance|[upkeep]\n|upkeep\n|\n|t:|1770731763\n|switch|p2a: Lumineon|Lumineon, L90, M|271/271\n|turn|22\n|\n|t:|1770731767\n|switch|p1a: Rotom|Rotom-Wash, L80|211/211\n|-damage|p1a: Rotom|185/211|[from] Stealth Rock\n|move|p2a: Lumineon|Ice Beam|p1a: Rotom\n|-resisted|p1a: Rotom\n|-damage|p1a: Rotom|160/211\n|\n|-weather|RainDance|[upkeep]\n|-heal|p1a: Rotom|173/211|[from] item: Leftovers\n|upkeep\n|turn|23\n|\n|t:|1770731773\n|move|p2a: Lumineon|Scald|p1a: Rotom\n|-resisted|p1a: Rotom\n|-damage|p1a: Rotom|117/211\n|move|p1a: Rotom|Will-O-Wisp|p2a: Lumineon\n|-status|p2a: Lumineon|brn\n|\n|-weather|RainDance|[upkeep]\n|-heal|p1a: Rotom|130/211|[from] item: Leftovers\n|-damage|p2a: Lumineon|238/271 brn|[from] brn\n|upkeep\n|turn|24\n|\n|t:|1770731785\n|move|p2a: Lumineon|Scald|p1a: Rotom\n|-resisted|p1a: Rotom\n|-damage|p1a: Rotom|78/211\n|move|p1a: Rotom|Thunderbolt|p2a: Lumineon\n|-supereffective|p2a: Lumineon\n|-crit|p2a: Lumineon\n|-damage|p2a: Lumineon|0 fnt\n|faint|p2a: Lumineon\n|\n|-weather|RainDance|[upkeep]\n|-heal|p1a: Rotom|91/211|[from] item: Leftovers\n|upkeep\n|-message|hjmdc forfeited.\n|\n|win|arboretums\n|raw|arboretums's rating: 1477 &rarr; <strong>1502</strong><br />(+25 for winning)\n|raw|hjmdc's rating: 1569 &rarr; <strong>1544</strong><br />(-25 for losing)\n|l|☆hjmdc\n|player|p2|\n", "inputlog": ">version ccdc32dd7cde25fd9e4bed64820e885f66e78a4e\n>start {\"formatid\":\"gen6randombattle\",\"seed\":\"sodium,744cdc8c4833fcd01a6a3436f86871ef\",\"rated\":\"Rated battle\"}\n>player p1 {\"name\":\"arboretums\",\"avatar\":\"serena-masters2\",\"rating\":1477,\"seed\":\"sodium,b3948f4b7fe26441fc1056d2d82023ab\"}\n>player p2 {\"name\":\"hjmdc\",\"avatar\":\"169\",\"rating\":1569,\"seed\":\"sodium,ab26f7e53c9c19faccfc8c3f5cadfc1b\"}\n>p1 move leechseed\n>p2 switch 2\n>p1 switch 2\n>p2 switch 4\n>p1 move thunderwave\n>p2 move blueflare\n>p1 switch 4\n>p1 move earthquake\n>p2 switch 4\n>p1 move earthquake\n>p2 switch 2\n>p1 switch 3\n>p2 move knockoff\n>p1 move psychic\n>p2 move bulletpunch\n>p1 switch 6\n>p1 move hiddenpower\n>p2 move heavyslam\n>p1 move airslash\n>p2 move bulletpunch\n>chat ☆arboretums|bro\n>p1 move hiddenpower\n>p2 move bulletpunch\n>p2 switch 2\n>p1 move hiddenpower\n>p2 move shadowsneak\n>p1 switch 3\n>p1 move earthquake\n>p2 move kingsshield\n>p1 move earthquake\n>p2 switch 6\n>p1 switch 2\n>p2 move stealthrock\n>p1 move leechseed\n>p2 switch 4\n>p1 move spikyshield\n>p2 move toxic\n>p1 switch 2\n>p2 move toxic\n>p1 move headsmash\n>p2 move dracometeor\n>p2 switch 4\n>p1 switch 2\n>p2 move knockoff\n>p1 move leechseed\n>p2 move earthquake\n>p1 move woodhammer\n>p2 switch 5\n>p2 switch 3\n>p1 switch 5\n>p2 move icebeam\n>p1 move willowisp\n>p2 move scald\n>p1 move thunderbolt\n>p2 move scald\n>forcelose p2", "uploadtime": 1770731793, "views": 217, "formatid": "gen6randombattle", "rating": 1502, "private": 0, "password": null}