{"id": "gen6randombattle-2519464639", "format": "[Gen 6] Random Battle", "players": ["playboijayloi", "arboretums"], "log": "|j|‽playboijayloi\n|j|☆arboretums\n|t:|1768508365\n|gametype|singles\n|player|p1|playboijayloi|ninjaboy|1587\n|player|p2|arboretums|serena-masters2|1580\n|gen|6\n|tier|[Gen 6] Random Battle\n|rated|\n|rule|Sleep Clause Mod: Limit one foe put to sleep\n|rule|HP Percentage Mod: HP is shown in percentages\n|rule|Illusion Level Mod: Illusion disguises the Pokémon's true level\n|\n|t:|1768508365\n|teamsize|p1|6\n|teamsize|p2|6\n|start\n|switch|p1a: Mightyena|Mightyena, L93, M|281/281\n|switch|p2a: Emboar|Emboar, L83, F|318/318\n|-ability|p1a: Mightyena|Intimidate|boost\n|-unboost|p2a: Emboar|atk|1\n|turn|1\n|inactive|Battle timer is ON: inactive players will automatically lose when time's up. (requested by playboijayloi)\n|\n|t:|1768508393\n|switch|p1a: Politoed|Politoed, L86, M|295/295\n|-weather|RainDance|[from] ability: Drizzle|[of] p1a: Politoed\n|move|p2a: Emboar|Superpower|p1a: Politoed\n|-damage|p1a: Politoed|130/295\n|-unboost|p2a: Emboar|atk|1\n|-unboost|p2a: Emboar|def|1\n|\n|-weather|RainDance|[upkeep]\n|upkeep\n|turn|2\n|inactive|arboretums has 120 seconds left.\n|\n|t:|1768508439\n|switch|p2a: Shaymin|Shaymin, L83|302/302\n|move|p1a: Politoed|Scald|p2a: Shaymin\n|-resisted|p2a: Shaymin\n|-damage|p2a: Shaymin|244/302\n|\n|-weather|RainDance|[upkeep]\n|-heal|p2a: Shaymin|262/302|[from] item: Leftovers\n|upkeep\n|turn|3\n|\n|t:|1768508463\n|switch|p1a: Ariados|Ariados, L91, F|275/275\n|move|p2a: Shaymin|Substitute|p2a: Shaymin\n|-start|p2a: Shaymin|Substitute\n|-damage|p2a: Shaymin|187/302\n|\n|-weather|RainDance|[upkeep]\n|-heal|p2a: Shaymin|205/302|[from] item: Leftovers\n|upkeep\n|turn|4\n|inactive|arboretums has 120 seconds left.\n|\n|t:|1768508472\n|move|p2a: Shaymin|Air Slash|p1a: Ariados\n|-supereffective|p1a: Ariados\n|-damage|p1a: Ariados|135/275\n|move|p1a: Ariados|Sticky Web|p2a: Shaymin\n|-sidestart|p2: arboretums|move: Sticky Web\n|\n|-weather|RainDance|[upkeep]\n|-heal|p2a: Shaymin|223/302|[from] item: Leftovers\n|-heal|p1a: Ariados|152/275|[from] item: Black Sludge\n|upkeep\n|turn|5\n|\n|t:|1768508487\n|move|p2a: Shaymin|Air Slash|p1a: Ariados\n|-supereffective|p1a: Ariados\n|-damage|p1a: Ariados|16/275\n|cant|p1a: Ariados|flinch\n|\n|-weather|none\n|-heal|p2a: Shaymin|241/302|[from] item: Leftovers\n|-heal|p1a: Ariados|33/275|[from] item: Black Sludge\n|upkeep\n|turn|6\n|\n|t:|1768508496\n|move|p2a: Shaymin|Air Slash|p1a: Ariados\n|-supereffective|p1a: Ariados\n|-damage|p1a: Ariados|0 fnt\n|faint|p1a: Ariados\n|\n|-heal|p2a: Shaymin|259/302|[from] item: Leftovers\n|upkeep\n|\n|t:|1768508513\n|switch|p1a: Starmie|Starmie, L82|233/233\n|turn|7\n|\n|t:|1768508515\n|move|p1a: Starmie|Ice Beam|p2a: Shaymin\n|-supereffective|p2a: Shaymin\n|-end|p2a: Shaymin|Substitute\n|move|p2a: Shaymin|Seed Flare|p1a: Starmie\n|-supereffective|p1a: Starmie\n|-damage|p1a: Starmie|0 fnt\n|faint|p1a: Starmie\n|\n|-heal|p2a: Shaymin|277/302|[from] item: Leftovers\n|upkeep\n|\n|t:|1768508535\n|switch|p1a: Victreebel|Victreebel, L90, M|290/290\n|turn|8\n|\n|t:|1768508541\n|move|p2a: Shaymin|Air Slash|p1a: Victreebel\n|-supereffective|p1a: Victreebel\n|-damage|p1a: Victreebel|172/290\n|move|p1a: Victreebel|Sludge Bomb|p2a: Shaymin\n|-supereffective|p2a: Shaymin\n|-damage|p2a: Shaymin|9/302\n|-damage|p1a: Victreebel|143/290|[from] item: Life Orb\n|\n|-heal|p2a: Shaymin|27/302|[from] item: Leftovers\n|upkeep\n|turn|9\n|\n|t:|1768508550\n|move|p2a: Shaymin|Air Slash|p1a: Victreebel\n|-supereffective|p1a: Victreebel\n|-damage|p1a: Victreebel|25/290\n|move|p1a: Victreebel|Sludge Bomb|p2a: Shaymin\n|-supereffective|p2a: Shaymin\n|-damage|p2a: Shaymin|0 fnt\n|faint|p2a: Shaymin\n|-damage|p1a: Victreebel|0 fnt|[from] item: Life Orb\n|faint|p1a: Victreebel\n|\n|upkeep\n|\n|t:|1768508563\n|switch|p2a: Yanmega|Yanmega, L82, M|275/275\n|switch|p1a: Politoed|Politoed, L86, M|130/295\n|-weather|RainDance|[from] ability: Drizzle|[of] p1a: Politoed\n|turn|10\n|\n|t:|1768508570\n|move|p2a: Yanmega|Bug Buzz|p1a: Politoed\n|-damage|p1a: Politoed|0 fnt\n|faint|p1a: Politoed\n|\n|-weather|RainDance|[upkeep]\n|upkeep\n|\n|t:|1768508575\n|switch|p1a: Sawk|Sawk, L84, M|263/263\n|turn|11\n|\n|t:|1768508580\n|move|p1a: Sawk|Stone Edge|p2a: Yanmega\n|-supereffective|p2a: Yanmega\n|-damage|p2a: Yanmega|0 fnt\n|faint|p2a: Yanmega\n|\n|-weather|RainDance|[upkeep]\n|upkeep\n|\n|t:|1768508589\n|switch|p2a: Sableye|Sableye, L81, F|214/214\n|-activate|p2a: Sableye|move: Sticky Web\n|-unboost|p2a: Sableye|spe|1\n|turn|12\n|\n|t:|1768508597\n|switch|p1a: Mightyena|Mightyena, L93, M|281/281\n|-ability|p1a: Mightyena|Intimidate|boost\n|-unboost|p2a: Sableye|atk|1\n|move|p2a: Sableye|Will-O-Wisp|p1a: Mightyena\n|-status|p1a: Mightyena|brn\n|\n|-weather|RainDance|[upkeep]\n|-damage|p1a: Mightyena|246/281 brn|[from] brn\n|upkeep\n|turn|13\n|\n|t:|1768508608\n|switch|p2a: Emboar|Emboar, L83, F|318/318\n|-activate|p2a: Emboar|move: Sticky Web\n|-unboost|p2a: Emboar|spe|1\n|move|p1a: Mightyena|Play Rough|p2a: Emboar|[miss]\n|-miss|p1a: Mightyena|p2a: Emboar\n|\n|-weather|RainDance|[upkeep]\n|-damage|p1a: Mightyena|211/281 brn|[from] brn\n|upkeep\n|turn|14\n|\n|t:|1768508618\n|move|p1a: Mightyena|Play Rough|p2a: Emboar\n|-damage|p2a: Emboar|254/318\n|move|p2a: Emboar|Superpower|p1a: Mightyena\n|-supereffective|p1a: Mightyena\n|-damage|p1a: Mightyena|0 fnt\n|-unboost|p2a: Emboar|atk|1\n|-unboost|p2a: Emboar|def|1\n|faint|p1a: Mightyena\n|\n|-weather|none\n|upkeep\n|\n|t:|1768508627\n|switch|p1a: Sawk|Sawk, L84, M|263/263\n|turn|15\n|\n|t:|1768508637\n|switch|p2a: Sableye|Sableye, L81, F|214/214\n|-activate|p2a: Sableye|move: Sticky Web\n|-unboost|p2a: Sableye|spe|1\n|move|p1a: Sawk|Stone Edge|p2a: Sableye\n|-damage|p2a: Sableye|107/214\n|\n|upkeep\n|turn|16\n|\n|t:|1768508644\n|move|p2a: Sableye|Will-O-Wisp|p1a: Sawk\n|-status|p1a: Sawk|brn\n|move|p1a: Sawk|Stone Edge|p2a: Sableye\n|-damage|p2a: Sableye|57/214\n|\n|-damage|p1a: Sawk|231/263 brn|[from] brn\n|upkeep\n|turn|17\n|\n|t:|1768508651\n|move|p2a: Sableye|Recover|p2a: Sableye\n|-heal|p2a: Sableye|164/214\n|move|p1a: Sawk|Stone Edge|p2a: Sableye\n|-damage|p2a: Sableye|115/214\n|\n|-damage|p1a: Sawk|199/263 brn|[from] brn\n|upkeep\n|turn|18\n|\n|t:|1768508657\n|move|p2a: Sableye|Recover|p2a: Sableye\n|-heal|p2a: Sableye|214/214\n|move|p1a: Sawk|Stone Edge|p2a: Sableye|[miss]\n|-miss|p1a: Sawk|p2a: Sableye\n|\n|-damage|p1a: Sawk|167/263 brn|[from] brn\n|upkeep\n|turn|19\n|\n|t:|1768508664\n|move|p1a: Sawk|Stone Edge|p2a: Sableye\n|-damage|p2a: Sableye|161/214\n|move|p2a: Sableye|Dark Pulse|p1a: Sawk\n|-resisted|p1a: Sawk\n|-damage|p1a: Sawk|133/263 brn\n|\n|-damage|p1a: Sawk|101/263 brn|[from] brn\n|upkeep\n|turn|20\n|\n|t:|1768508671\n|move|p1a: Sawk|Stone Edge|p2a: Sableye\n|-damage|p2a: Sableye|110/214\n|move|p2a: Sableye|Dark Pulse|p1a: Sawk\n|-resisted|p1a: Sawk\n|-damage|p1a: Sawk|69/263 brn\n|\n|-damage|p1a: Sawk|37/263 brn|[from] brn\n|upkeep\n|turn|21\n|\n|t:|1768508678\n|move|p1a: Sawk|Stone Edge|p2a: Sableye|[miss]\n|-miss|p1a: Sawk|p2a: Sableye\n|move|p2a: Sableye|Dark Pulse|p1a: Sawk\n|-resisted|p1a: Sawk\n|-crit|p1a: Sawk\n|-damage|p1a: Sawk|0 fnt\n|faint|p1a: Sawk\n|\n|win|arboretums\n|raw|playboijayloi's rating: 1587 &rarr; <strong>1567</strong><br />(-20 for losing)\n|raw|arboretums's rating: 1580 &rarr; <strong>1600</strong><br />(+20 for winning)\n", "inputlog": ">version 3bd1a1e329da8d286644078cfc9a9638fc7ea025\n>start {\"formatid\":\"gen6randombattle\",\"seed\":\"sodium,eb62431efc5a3fbf3b98950bc95812ff\",\"rated\":\"Rated battle\"}\n>player p1 {\"name\":\"playboijayloi\",\"avatar\":\"ninjaboy\",\"rating\":1587,\"seed\":\"sodium,7926c0fbffb64aee2f824dfc9dadbb17\"}\n>player p2 {\"name\":\"arboretums\",\"avatar\":\"serena-masters2\",\"rating\":1580,\"seed\":\"sodium,3f5e3e09a125520e214388f01f250d70\"}\n>p1 switch 6\n>p2 move superpower\n>p1 move scald\n>p2 switch 5\n>p1 switch 2\n>p2 move substitute\n>p1 move stickyweb\n>p2 move airslash\n>p1 move poisonjab\n>p2 move airslash\n>p1 move poisonjab\n>p2 move airslash\n>p1 switch 5\n>p1 move icebeam\n>p2 move seedflare\n>p1 switch 3\n>p1 move sludgebomb\n>p2 move airslash\n>p1 move sludgebomb\n>p2 move airslash\n>p1 switch 2\n>p2 switch 6\n>p1 move icebeam\n>p2 move bugbuzz\n>p1 switch 4\n>p1 move stoneedge\n>p2 move bugbuzz\n>p2 switch 2\n>p1 switch 6\n>p2 move willowisp\n>p1 move playrough\n>p2 switch 5\n>p1 move playrough\n>p2 move superpower\n>p1 switch 6\n>p1 move stoneedge\n>p2 switch 5\n>p1 move stoneedge\n>p2 move willowisp\n>p1 move stoneedge\n>p2 move recover\n>p1 move stoneedge\n>p2 move recover\n>p1 move stoneedge\n>p2 move darkpulse\n>p1 move stoneedge\n>p2 move darkpulse\n>p1 move stoneedge\n>p2 move darkpulse", "uploadtime": 1768508680, "views": 268, "formatid": "gen6randombattle", "rating": 1567, "private": 0, "password": null}