{"id": "gen6randombattle-2535965732", "format": "[Gen 6] Random Battle", "players": ["rivs97", "nigeria simulator"], "log": "|j|☆rivs97\n|j|☆nigeria simulator\n|t:|1770639534\n|gametype|singles\n|player|p1|rivs97|265|1546\n|player|p2|nigeria simulator|266|1647\n|gen|6\n|tier|[Gen 6] Random Battle\n|rated|\n|rule|Sleep Clause Mod: Limit one foe put to sleep\n|rule|HP Percentage Mod: HP is shown in percentages\n|rule|Illusion Level Mod: Illusion disguises the Pokémon's true level\n|\n|t:|1770639534\n|teamsize|p1|6\n|teamsize|p2|6\n|start\n|switch|p1a: Kyurem|Kyurem-White, L74|307/307\n|switch|p2a: Snorlax|Snorlax, L81, M|392/392\n|-ability|p1a: Kyurem|Turboblaze\n|turn|1\n|inactive|Battle timer is ON: inactive players will automatically lose when time's up. (requested by nigeria simulator)\n|inactive|rivs97 has 120 seconds left.\n|\n|t:|1770639578\n|switch|p1a: Chandelure|Chandelure, L82, F|233/233\n|move|p2a: Snorlax|Body Slam|p1a: Chandelure\n|-immune|p1a: Chandelure\n|\n|upkeep\n|turn|2\n|\n|t:|1770639604\n|switch|p2a: Electivire|Electivire, L84, F|263/263\n|move|p1a: Chandelure|Trick|p2a: Electivire\n|-activate|p1a: Chandelure|move: Trick|[of] p2a: Electivire\n|-item|p2a: Electivire|Choice Scarf|[from] move: Trick\n|-item|p1a: Chandelure|Expert Belt|[from] move: Trick\n|\n|upkeep\n|turn|3\n|\n|t:|1770639616\n|switch|p1a: Zygarde|Zygarde, L77|293/293\n|-ability|p1a: Zygarde|Aura Break\n|move|p2a: Electivire|Volt Switch|p1a: Zygarde\n|-immune|p1a: Zygarde\n|\n|upkeep\n|turn|4\n|\n|t:|1770639624\n|switch|p2a: Thundurus|Thundurus-Therian, L78, M|251/251\n|move|p1a: Zygarde|Dragon Dance|p1a: Zygarde\n|-boost|p1a: Zygarde|atk|1\n|-boost|p1a: Zygarde|spe|1\n|\n|upkeep\n|turn|5\n|\n|t:|1770639633\n|move|p1a: Zygarde|Outrage|p2a: Thundurus\n|-crit|p2a: Thundurus\n|-damage|p2a: Thundurus|0 fnt\n|faint|p2a: Thundurus\n|\n|upkeep\n|\n|t:|1770639641\n|switch|p2a: Electivire|Electivire, L84, F|263/263\n|turn|6\n|\n|t:|1770639647\n|move|p2a: Electivire|Ice Punch|p1a: Zygarde\n|-supereffective|p1a: Zygarde\n|-damage|p1a: Zygarde|77/293\n|move|p1a: Zygarde|Outrage|p2a: Electivire|[from] lockedmove\n|-damage|p2a: Electivire|50/263\n|-start|p1a: Zygarde|confusion|[fatigue]\n|-enditem|p1a: Zygarde|Lum Berry|[eat]\n|-end|p1a: Zygarde|confusion\n|\n|upkeep\n|turn|7\n|\n|t:|1770639657\n|switch|p1a: Chandelure|Chandelure, L82, F|233/233\n|move|p2a: Electivire|Ice Punch|p1a: Chandelure\n|-resisted|p1a: Chandelure\n|-damage|p1a: Chandelure|200/233\n|\n|upkeep\n|turn|8\n|j| Plop\n|\n|t:|1770639672\n|switch|p2a: Purugly|Purugly, L88, M|268/268\n|move|p1a: Chandelure|Energy Ball|p2a: Purugly\n|-damage|p2a: Purugly|157/268\n|\n|upkeep\n|turn|9\n|\n|t:|1770639685\n|move|p2a: Purugly|Knock Off|p1a: Chandelure\n|-supereffective|p1a: Chandelure\n|-damage|p1a: Chandelure|62/233\n|-enditem|p1a: Chandelure|Expert Belt|[from] move: Knock Off|[of] p2a: Purugly\n|move|p1a: Chandelure|Energy Ball|p2a: Purugly\n|-damage|p2a: Purugly|54/268\n|\n|upkeep\n|turn|10\n|\n|t:|1770639694\n|switch|p1a: Absol|Absol, L80, M|235/235\n|move|p2a: Purugly|Knock Off|p1a: Absol\n|-resisted|p1a: Absol\n|-damage|p1a: Absol|205/235\n|-ability|p1a: Absol|Justified|boost\n|-boost|p1a: Absol|atk|1\n|\n|upkeep\n|turn|11\n|\n|t:|1770639707\n|switch|p2a: Electivire|Electivire, L84, F|50/263\n|move|p1a: Absol|Sucker Punch||[still]\n|-fail|p1a: Absol\n|\n|upkeep\n|turn|12\n|\n|t:|1770639713\n|switch|p2a: Parasect|Parasect, M|282/282\n|detailschange|p1a: Absol|Absol-Mega, L80, M\n|-mega|p1a: Absol|Absol|Absolite\n|move|p1a: Absol|Sucker Punch||[still]\n|-fail|p1a: Absol\n|\n|upkeep\n|turn|13\n|\n|t:|1770639717\n|move|p1a: Absol|Knock Off|p2a: Parasect\n|-damage|p2a: Parasect|99/282\n|-enditem|p2a: Parasect|Leftovers|[from] move: Knock Off|[of] p1a: Absol\n|move|p2a: Parasect|X-Scissor|p1a: Absol\n|-supereffective|p1a: Absol\n|-damage|p1a: Absol|0 fnt\n|faint|p1a: Absol\n|detailschange|p1: Absol|Absol, L80, M|[silent]\n|\n|upkeep\n|\n|t:|1770639729\n|switch|p1a: Chandelure|Chandelure, L82, F|62/233\n|turn|14\n|\n|t:|1770639737\n|move|p1a: Chandelure|Fire Blast|p2a: Parasect\n|-supereffective|p2a: Parasect\n|-damage|p2a: Parasect|0 fnt\n|faint|p2a: Parasect\n|\n|upkeep\n|\n|t:|1770639752\n|switch|p2a: Purugly|Purugly, L88, M|54/268\n|turn|15\n|\n|t:|1770639767\n|move|p2a: Purugly|Knock Off|p1a: Chandelure\n|-supereffective|p1a: Chandelure\n|-damage|p1a: Chandelure|0 fnt\n|faint|p1a: Chandelure\n|\n|upkeep\n|\n|t:|1770639770\n|switch|p1a: Feraligatr|Feraligatr, L79, F|264/264\n|turn|16\n|\n|t:|1770639778\n|move|p2a: Purugly|Return|p1a: Feraligatr\n|-damage|p1a: Feraligatr|144/264\n|move|p1a: Feraligatr|Dragon Dance|p1a: Feraligatr\n|-boost|p1a: Feraligatr|atk|1\n|-boost|p1a: Feraligatr|spe|1\n|\n|upkeep\n|turn|17\n|\n|t:|1770639786\n|move|p1a: Feraligatr|Waterfall|p2a: Purugly\n|-crit|p2a: Purugly\n|-damage|p2a: Purugly|0 fnt\n|faint|p2a: Purugly\n|\n|upkeep\n|\n|t:|1770639789\n|switch|p2a: Electivire|Electivire, L84, F|50/263\n|turn|18\n|\n|t:|1770639794\n|switch|p1a: Zygarde|Zygarde, L77|77/293\n|-ability|p1a: Zygarde|Aura Break\n|move|p2a: Electivire|Wild Charge|p1a: Zygarde\n|-immune|p1a: Zygarde\n|\n|upkeep\n|turn|19\n|\n|t:|1770639796\n|switch|p2a: Rhyperior|Rhyperior, L82, F|323/323\n|move|p1a: Zygarde|Dragon Dance|p1a: Zygarde\n|-boost|p1a: Zygarde|atk|1\n|-boost|p1a: Zygarde|spe|1\n|\n|upkeep\n|turn|20\n|\n|t:|1770639802\n|move|p1a: Zygarde|Earthquake|p2a: Rhyperior\n|-supereffective|p2a: Rhyperior\n|-damage|p2a: Rhyperior|175/323\n|-enditem|p2a: Rhyperior|Weakness Policy\n|-boost|p2a: Rhyperior|atk|2|[from] item: Weakness Policy\n|-boost|p2a: Rhyperior|spa|2|[from] item: Weakness Policy\n|move|p2a: Rhyperior|Earthquake|p1a: Zygarde\n|-damage|p1a: Zygarde|0 fnt\n|faint|p1a: Zygarde\n|\n|upkeep\n|\n|t:|1770639807\n|switch|p1a: Feraligatr|Feraligatr, L79, F|144/264\n|turn|21\n|\n|t:|1770639814\n|move|p1a: Feraligatr|Waterfall|p2a: Rhyperior\n|-supereffective|p2a: Rhyperior\n|-damage|p2a: Rhyperior|0 fnt\n|faint|p2a: Rhyperior\n|\n|upkeep\n|\n|t:|1770639823\n|switch|p2a: Electivire|Electivire, L84, F|50/263\n|turn|22\n|\n|t:|1770639826\n|switch|p1a: Kyurem|Kyurem-White, L74|307/307\n|-ability|p1a: Kyurem|Turboblaze\n|move|p2a: Electivire|Volt Switch|p1a: Kyurem\n|-resisted|p1a: Kyurem\n|-damage|p1a: Kyurem|269/307\n|\n|t:|1770639827\n|switch|p2a: Snorlax|Snorlax, L81, M|392/392|[from] Volt Switch\n|\n|upkeep\n|turn|23\n|\n|t:|1770639834\n|move|p1a: Kyurem|Draco Meteor|p2a: Snorlax\n|-damage|p2a: Snorlax|217/392\n|-unboost|p1a: Kyurem|spa|2\n|-damage|p1a: Kyurem|239/307|[from] item: Life Orb\n|move|p2a: Snorlax|Curse|p2a: Snorlax\n|-unboost|p2a: Snorlax|spe|1\n|-boost|p2a: Snorlax|atk|1\n|-boost|p2a: Snorlax|def|1\n|\n|-heal|p2a: Snorlax|241/392|[from] item: Leftovers\n|upkeep\n|turn|24\n|\n|t:|1770639838\n|switch|p1a: Tornadus|Tornadus-Therian, L78, M|251/251\n|move|p2a: Snorlax|Body Slam|p1a: Tornadus\n|-damage|p1a: Tornadus|86/251\n|-status|p1a: Tornadus|par\n|\n|-heal|p2a: Snorlax|265/392|[from] item: Leftovers\n|-heal|p1a: Tornadus|101/251 par|[from] item: Leftovers\n|upkeep\n|turn|25\n|\n|t:|1770639842\n|move|p2a: Snorlax|Body Slam|p1a: Tornadus\n|-damage|p1a: Tornadus|0 fnt\n|faint|p1a: Tornadus\n|\n|-heal|p2a: Snorlax|289/392|[from] item: Leftovers\n|upkeep\n|\n|t:|1770639845\n|switch|p1a: Feraligatr|Feraligatr, L79, F|144/264\n|turn|26\n|\n|t:|1770639849\n|move|p1a: Feraligatr|Waterfall|p2a: Snorlax\n|-damage|p2a: Snorlax|164/392\n|move|p2a: Snorlax|Body Slam|p1a: Feraligatr\n|-damage|p1a: Feraligatr|2/264\n|\n|-heal|p2a: Snorlax|188/392|[from] item: Leftovers\n|upkeep\n|turn|27\n|\n|t:|1770639852\n|move|p1a: Feraligatr|Waterfall|p2a: Snorlax\n|-damage|p2a: Snorlax|71/392\n|move|p2a: Snorlax|Body Slam|p1a: Feraligatr\n|-damage|p1a: Feraligatr|0 fnt\n|faint|p1a: Feraligatr\n|\n|-heal|p2a: Snorlax|95/392|[from] item: Leftovers\n|upkeep\n|\n|t:|1770639854\n|switch|p1a: Kyurem|Kyurem-White, L74|239/307\n|-ability|p1a: Kyurem|Turboblaze\n|turn|28\n|\n|t:|1770639863\n|move|p1a: Kyurem|Fusion Flare|p2a: Snorlax\n|-damage|p2a: Snorlax|3/392\n|-damage|p1a: Kyurem|209/307|[from] item: Life Orb\n|move|p2a: Snorlax|Rest|p2a: Snorlax\n|-status|p2a: Snorlax|slp|[from] move: Rest\n|-heal|p2a: Snorlax|392/392 slp|[silent]\n|\n|upkeep\n|turn|29\n|c|☆rivs97|no\n|c|☆rivs97|way\n|c| Plop|why not ice beam lol\n|\n|t:|1770639875\n|move|p1a: Kyurem|Fusion Flare|p2a: Snorlax\n|-damage|p2a: Snorlax|301/392 slp\n|-damage|p1a: Kyurem|179/307|[from] item: Life Orb\n|cant|p2a: Snorlax|slp\n|move|p2a: Snorlax|Sleep Talk|p2a: Snorlax\n|move|p2a: Snorlax|Curse|p2a: Snorlax|[from] move: Sleep Talk\n|-unboost|p2a: Snorlax|spe|1\n|-boost|p2a: Snorlax|atk|1\n|-boost|p2a: Snorlax|def|1\n|\n|-heal|p2a: Snorlax|325/392 slp|[from] item: Leftovers\n|upkeep\n|turn|30\n|\n|t:|1770639880\n|move|p1a: Kyurem|Fusion Flare|p2a: Snorlax\n|-damage|p2a: Snorlax|226/392 slp\n|-damage|p1a: Kyurem|149/307|[from] item: Life Orb\n|cant|p2a: Snorlax|slp\n|move|p2a: Snorlax|Sleep Talk|p2a: Snorlax\n|move|p2a: Snorlax|Curse|p2a: Snorlax|[from] move: Sleep Talk\n|-unboost|p2a: Snorlax|spe|1\n|-boost|p2a: Snorlax|atk|1\n|-boost|p2a: Snorlax|def|1\n|\n|-heal|p2a: Snorlax|250/392 slp|[from] item: Leftovers\n|upkeep\n|turn|31\n|c|☆rivs97|???\n|c|☆rivs97|why tho\n|\n|t:|1770639890\n|move|p1a: Kyurem|Draco Meteor|p2a: Snorlax\n|-damage|p2a: Snorlax|69/392 slp\n|-unboost|p1a: Kyurem|spa|2\n|-damage|p1a: Kyurem|119/307|[from] item: Life Orb\n|-curestatus|p2a: Snorlax|slp|[msg]\n|move|p2a: Snorlax|Body Slam|p1a: Kyurem\n|-damage|p1a: Kyurem|0 fnt\n|faint|p1a: Kyurem\n|\n|win|nigeria simulator\n|raw|rivs97's rating: 1546 &rarr; <strong>1532</strong><br />(-14 for losing)\n|raw|nigeria simulator's rating: 1647 &rarr; <strong>1661</strong><br />(+14 for winning)\n|c|☆rivs97|gg\n|c| Plop|it does like 1.5x as much?\n|l|☆nigeria simulator\n|player|p2|\n|c|☆rivs97|nope it doesnt\n|c| Plop|you know about STAB?\n|c|☆rivs97|i know\n|l|☆rivs97\n|player|p1|\n", "inputlog": ">version ccdc32dd7cde25fd9e4bed64820e885f66e78a4e\n>start {\"formatid\":\"gen6randombattle\",\"seed\":\"sodium,f09acc4f2c8da3fd1f5152968904e3bb\",\"rated\":\"Rated battle\"}\n>player p1 {\"name\":\"rivs97\",\"avatar\":\"265\",\"rating\":1546,\"seed\":\"sodium,dbc21715603c41e6d2e1b770beb7df38\"}\n>player p2 {\"name\":\"nigeria simulator\",\"avatar\":\"266\",\"rating\":1647,\"seed\":\"sodium,b1d3a8567d8ee53d76ef297f43025d55\"}\n>p1 switch 5\n>p2 move bodyslam\n>p1 move trick\n>p2 switch 5\n>p1 switch 3\n>p2 move voltswitch\n>p1 move dragondance\n>p2 switch 3\n>p1 move outrage\n>p2 move hiddenpower\n>p2 switch 3\n>p1 move outrage\n>p2 move icepunch\n>p1 switch 3\n>p2 move icepunch\n>p1 move energyball\n>p2 switch 2\n>p1 move energyball\n>p2 move knockoff\n>p1 switch 6\n>p2 move knockoff\n>p1 move suckerpunch\n>p2 switch 2\n>p1 move suckerpunch mega\n>p2 switch 6\n>p1 move knockoff\n>p2 move xscissor\n>p1 switch 6\n>p1 move fireblast\n>p2 move spore\n>p2 switch 2\n>p1 move energyball\n>p2 move knockoff\n>p1 switch 2\n>p1 move dragondance\n>p2 move return\n>p1 move waterfall\n>p2 move return\n>p2 switch 6\n>p1 switch 3\n>p2 move wildcharge\n>p1 move dragondance\n>p2 switch 4\n>p1 move earthquake\n>p2 move earthquake\n>p1 switch 3\n>p1 move waterfall\n>p2 move earthquake\n>p2 switch 4\n>p1 switch 5\n>p2 move voltswitch\n>p2 switch 5\n>p1 move dracometeor\n>p2 move curse\n>p1 switch 4\n>p2 move bodyslam\n>p1 move taunt\n>p2 move bodyslam\n>p1 switch 5\n>p1 move waterfall\n>p2 move bodyslam\n>p1 move waterfall\n>p2 move bodyslam\n>p1 switch 4\n>p1 move fusionflare\n>p2 move rest\n>chat ☆rivs97|no\n>chat ☆rivs97|way\n>chat  Plop|why not ice beam lol\n>p1 move fusionflare\n>p2 move sleeptalk\n>p1 move fusionflare\n>p2 move sleeptalk\n>chat ☆rivs97|???\n>chat ☆rivs97|why tho\n>p1 move dracometeor\n>p2 move bodyslam", "uploadtime": 1770639937, "views": 240, "formatid": "gen6randombattle", "rating": 1532, "private": 0, "password": null}