{"id": "gen6randombattle-2522047356", "format": "[Gen 6] Random Battle", "players": ["lililiprapras", "Fogglez"], "log": "|j|☆lililiprapras\n|j|☆Fogglez\n|t:|1768854104\n|gametype|singles\n|player|p1|lililiprapras|unknown|1589\n|player|p2|Fogglez|265|1622\n|gen|6\n|tier|[Gen 6] Random Battle\n|rated|\n|rule|Sleep Clause Mod: Limit one foe put to sleep\n|rule|HP Percentage Mod: HP is shown in percentages\n|rule|Illusion Level Mod: Illusion disguises the Pokémon's true level\n|\n|t:|1768854104\n|teamsize|p1|6\n|teamsize|p2|6\n|start\n|switch|p1a: Latias|Latias, L77, F|250/250\n|switch|p2a: Garchomp|Garchomp, L75, M|286/286\n|turn|1\n|inactive|Battle timer is ON: inactive players will automatically lose when time's up. (requested by lililiprapras)\n|\n|t:|1768854125\n|detailschange|p1a: Latias|Latias-Mega, L77, F\n|-mega|p1a: Latias|Latias|Latiasite\n|move|p2a: Garchomp|Outrage|p1a: Latias\n|-supereffective|p1a: Latias\n|-damage|p1a: Latias|28/250\n|move|p1a: Latias|Calm Mind|p1a: Latias\n|-boost|p1a: Latias|spa|1\n|-boost|p1a: Latias|spd|1\n|\n|upkeep\n|turn|2\n|\n|t:|1768854136\n|move|p2a: Garchomp|Outrage|p1a: Latias|[from] lockedmove\n|-supereffective|p1a: Latias\n|-damage|p1a: Latias|0 fnt\n|faint|p1a: Latias\n|detailschange|p1: Latias|Latias, L77, F|[silent]\n|\n|upkeep\n|\n|t:|1768854147\n|switch|p1a: Mr. Mime|Mr. Mime, L89, M|216/216\n|turn|3\n|\n|t:|1768854152\n|move|p1a: Mr. Mime|Dazzling Gleam|p2a: Garchomp\n|-supereffective|p2a: Garchomp\n|-damage|p2a: Garchomp|82/286\n|move|p2a: Garchomp|Outrage|p1a: Mr. Mime|[from] lockedmove\n|-immune|p1a: Mr. Mime\n|-start|p2a: Garchomp|confusion|[fatigue]\n|\n|upkeep\n|turn|4\n|\n|t:|1768854159\n|switch|p2a: Florges|Florges, L84, F|268/268\n|move|p1a: Mr. Mime|Dazzling Gleam|p2a: Florges\n|-crit|p2a: Florges\n|-damage|p2a: Florges|177/268\n|\n|-heal|p2a: Florges|193/268|[from] item: Leftovers\n|upkeep\n|turn|5\n|\n|t:|1768854169\n|switch|p1a: Politoed|Politoed, L86, F|295/295\n|-weather|RainDance|[from] ability: Drizzle|[of] p1a: Politoed\n|move|p2a: Florges|Synthesis|p2a: Florges\n|-heal|p2a: Florges|260/268\n|\n|-weather|RainDance|[upkeep]\n|-heal|p2a: Florges|268/268|[from] item: Leftovers\n|upkeep\n|turn|6\n|\n|t:|1768854184\n|move|p2a: Florges|Calm Mind|p2a: Florges\n|-boost|p2a: Florges|spa|1\n|-boost|p2a: Florges|spd|1\n|move|p1a: Politoed|Toxic|p2a: Florges\n|-status|p2a: Florges|tox\n|\n|-weather|RainDance|[upkeep]\n|-damage|p2a: Florges|252/268 tox|[from] psn\n|upkeep\n|turn|7\n|\n|t:|1768854191\n|move|p1a: Politoed|Protect|p1a: Politoed\n|-singleturn|p1a: Politoed|Protect\n|move|p2a: Florges|Moonblast|p1a: Politoed\n|-activate|p1a: Politoed|move: Protect\n|\n|-weather|RainDance|[upkeep]\n|-heal|p2a: Florges|268/268 tox|[from] item: Leftovers\n|-damage|p2a: Florges|236/268 tox|[from] psn\n|upkeep\n|turn|8\n|\n|t:|1768854202\n|switch|p1a: Kecleon|Kecleon, L89, F|252/252\n|move|p2a: Florges|Moonblast|p1a: Kecleon\n|-damage|p1a: Kecleon|120/252\n|\n|-weather|RainDance|[upkeep]\n|-heal|p2a: Florges|252/268 tox|[from] item: Leftovers\n|-heal|p1a: Kecleon|135/252|[from] item: Leftovers\n|-damage|p2a: Florges|204/268 tox|[from] psn\n|upkeep\n|turn|9\n|j| arboretums\n|\n|t:|1768854219\n|move|p2a: Florges|Calm Mind|p2a: Florges\n|-boost|p2a: Florges|spa|1\n|-boost|p2a: Florges|spd|1\n|move|p1a: Kecleon|Recover|p1a: Kecleon\n|-heal|p1a: Kecleon|252/252\n|\n|-weather|none\n|-heal|p2a: Florges|220/268 tox|[from] item: Leftovers\n|-damage|p2a: Florges|156/268 tox|[from] psn\n|upkeep\n|turn|10\n|\n|t:|1768854229\n|switch|p1a: Mr. Mime|Mr. Mime, L89, M|216/216\n|move|p2a: Florges|Synthesis|p2a: Florges\n|-heal|p2a: Florges|268/268 tox\n|\n|-damage|p2a: Florges|188/268 tox|[from] psn\n|upkeep\n|turn|11\n|\n|t:|1768854237\n|move|p1a: Mr. Mime|Psyshock|p2a: Florges\n|-damage|p2a: Florges|65/268 tox\n|move|p2a: Florges|Moonblast|p1a: Mr. Mime\n|-damage|p1a: Mr. Mime|48/216\n|-unboost|p1a: Mr. Mime|spa|1\n|\n|-heal|p2a: Florges|81/268 tox|[from] item: Leftovers\n|-damage|p2a: Florges|0 fnt|[from] psn\n|faint|p2a: Florges\n|upkeep\n|inactive|Fogglez has 120 seconds left.\n|\n|t:|1768854271\n|switch|p2a: Pinsir|Pinsir, L73, M|215/215\n|turn|12\n|inactive|Fogglez has 120 seconds left.\n|\n|t:|1768854289\n|switch|p1a: Reshiram|Reshiram, L73|266/266\n|-ability|p1a: Reshiram|Turboblaze\n|detailschange|p2a: Pinsir|Pinsir-Mega, L73, M\n|-mega|p2a: Pinsir|Pinsir|Pinsirite\n|move|p2a: Pinsir|Swords Dance|p2a: Pinsir\n|-boost|p2a: Pinsir|atk|2\n|\n|upkeep\n|turn|13\n|inactive|Fogglez has 120 seconds left.\n|\n|t:|1768854307\n|move|p2a: Pinsir|Return|p1a: Reshiram\n|-damage|p1a: Reshiram|0 fnt\n|faint|p1a: Reshiram\n|\n|upkeep\n|\n|t:|1768854320\n|switch|p1a: Politoed|Politoed, L86, F|295/295\n|-weather|RainDance|[from] ability: Drizzle|[of] p1a: Politoed\n|turn|14\n|inactive|Fogglez has 120 seconds left.\n|\n|t:|1768854325\n|move|p2a: Pinsir|Return|p1a: Politoed\n|-damage|p1a: Politoed|0 fnt\n|faint|p1a: Politoed\n|\n|-weather|RainDance|[upkeep]\n|upkeep\n|\n|t:|1768854328\n|switch|p1a: Kecleon|Kecleon, L89, F|252/252\n|turn|15\n|\n|t:|1768854333\n|move|p2a: Pinsir|Return|p1a: Kecleon\n|-damage|p1a: Kecleon|0 fnt\n|faint|p1a: Kecleon\n|\n|-weather|RainDance|[upkeep]\n|upkeep\n|\n|t:|1768854336\n|switch|p1a: Virizion|Virizion, L80|277/277\n|turn|16\n|\n|t:|1768854342\n|move|p2a: Pinsir|Quick Attack|p1a: Virizion\n|-supereffective|p1a: Virizion\n|-damage|p1a: Virizion|0 fnt\n|faint|p1a: Virizion\n|\n|-weather|RainDance|[upkeep]\n|upkeep\n|\n|t:|1768854344\n|switch|p1a: Mr. Mime|Mr. Mime, L89, M|48/216\n|turn|17\n|\n|t:|1768854349\n|move|p2a: Pinsir|Quick Attack|p1a: Mr. Mime\n|-damage|p1a: Mr. Mime|0 fnt\n|faint|p1a: Mr. Mime\n|\n|win|Fogglez\n|raw|lililiprapras's rating: 1589 &rarr; <strong>1571</strong><br />(-18 for losing)\n|raw|Fogglez's rating: 1622 &rarr; <strong>1640</strong><br />(+18 for winning)\n", "inputlog": ">version 3bd1a1e329da8d286644078cfc9a9638fc7ea025\n>start {\"formatid\":\"gen6randombattle\",\"seed\":\"sodium,3e33277b14029d5a5b2b2a0a03d5e3a6\",\"rated\":\"Rated battle\"}\n>player p1 {\"name\":\"lililiprapras\",\"avatar\":\"unknown\",\"rating\":1589,\"seed\":\"sodium,5eae6768a800c7451592c025f2d5aab1\"}\n>player p2 {\"name\":\"Fogglez\",\"avatar\":\"265\",\"rating\":1622,\"seed\":\"sodium,fffd62bcbe8e26f73c8529816c0f70ad\"}\n>p1 move calmmind mega\n>p2 move outrage\n>p1 move dracometeor\n>p2 move outrage\n>p1 switch 5\n>p1 move dazzlinggleam\n>p2 move outrage\n>p1 move dazzlinggleam\n>p2 switch 5\n>p1 switch 6\n>p2 move synthesis\n>p1 move toxic\n>p2 move calmmind\n>p1 move protect\n>p2 move moonblast\n>p1 switch 2\n>p2 move moonblast\n>p1 move recover\n>p2 move calmmind\n>p1 switch 6\n>p2 move synthesis\n>p1 move psyshock\n>p2 move moonblast\n>p2 switch 2\n>p1 switch 3\n>p2 move swordsdance mega\n>p1 move blueflare\n>p2 move return\n>p1 switch 2\n>p1 move icebeam\n>p2 move return\n>p1 switch 6\n>p1 move thunderwave\n>p2 move return\n>p1 switch 4\n>p1 move stoneedge\n>p2 move quickattack\n>p1 switch 3\n>p1 move shadowball\n>p2 move quickattack", "uploadtime": 1768854351, "views": 309, "formatid": "gen6randombattle", "rating": 1571, "private": 0, "password": null}