{"id": "gen6randombattle-2533791270", "format": "[Gen 6] Random Battle", "players": ["arboretums", "jesus saves the 1"], "log": "|j|☆arboretums\n|j|☆jesus saves the 1\n|t:|1770341408\n|gametype|singles\n|player|p1|arboretums|serena-masters2|1488\n|player|p2|jesus saves the 1|gentleman-gen4dp|1556\n|gen|6\n|tier|[Gen 6] Random Battle\n|rated|\n|rule|Sleep Clause Mod: Limit one foe put to sleep\n|rule|HP Percentage Mod: HP is shown in percentages\n|rule|Illusion Level Mod: Illusion disguises the Pokémon's true level\n|\n|t:|1770341408\n|teamsize|p1|6\n|teamsize|p2|6\n|start\n|switch|p1a: Golem|Golem, L86, F|278/278\n|switch|p2a: Miltank|Miltank, L84, F|297/297\n|turn|1\n|inactive|Battle timer is ON: inactive players will automatically lose when time's up. (requested by jesus saves the 1)\n|inactive|arboretums also wants the timer to be on.\n|inactive|jesus saves the 1 has 120 seconds left.\n|j| ace es spades\n|\n|t:|1770341444\n|switch|p1a: Heracross|Heracross, L77, F|250/250\n|move|p2a: Miltank|Earthquake|p1a: Heracross\n|-resisted|p1a: Heracross\n|-damage|p1a: Heracross|212/250\n|\n|upkeep\n|turn|2\n|l| ace es spades\n|\n|t:|1770341456\n|switch|p2a: Slowking|Slowking, L86, M|304/304\n|detailschange|p1a: Heracross|Heracross-Mega, L77, F\n|-mega|p1a: Heracross|Heracross|Heracronite\n|move|p1a: Heracross|Close Combat|p2a: Slowking\n|-resisted|p2a: Slowking\n|-damage|p2a: Slowking|209/304\n|-unboost|p1a: Heracross|def|1\n|-unboost|p1a: Heracross|spd|1\n|\n|upkeep\n|turn|3\n|\n|t:|1770341469\n|switch|p2a: Miltank|Miltank, L84, F|297/297\n|move|p1a: Heracross|Pin Missile|p2a: Miltank\n|-damage|p2a: Miltank|263/297\n|-damage|p2a: Miltank|229/297\n|-damage|p2a: Miltank|198/297\n|-damage|p2a: Miltank|162/297\n|-damage|p2a: Miltank|128/297\n|-hitcount|p2a: Miltank|5\n|\n|-heal|p2a: Miltank|146/297|[from] item: Leftovers\n|upkeep\n|turn|4\n|\n|t:|1770341474\n|move|p2a: Miltank|Body Slam|p1a: Heracross\n|-damage|p1a: Heracross|110/250\n|move|p1a: Heracross|Pin Missile|p2a: Miltank\n|-damage|p2a: Miltank|112/297\n|-damage|p2a: Miltank|81/297\n|-damage|p2a: Miltank|50/297\n|-damage|p2a: Miltank|17/297\n|-damage|p2a: Miltank|0 fnt\n|faint|p2a: Miltank\n|-hitcount|p2: Miltank|5\n|\n|upkeep\n|\n|t:|1770341483\n|switch|p2a: Lugia|Lugia, L71|268/268\n|turn|5\n|\n|t:|1770341488\n|switch|p1a: Golem|Golem, L86, F|278/278\n|move|p2a: Lugia|Aeroblast|p1a: Golem\n|-resisted|p1a: Golem\n|-damage|p1a: Golem|233/278\n|\n|upkeep\n|turn|6\n|\n|t:|1770341493\n|move|p2a: Lugia|Toxic|p1a: Golem\n|-status|p1a: Golem|tox\n|move|p1a: Golem|Rock Polish|p1a: Golem\n|-boost|p1a: Golem|spe|2\n|\n|-damage|p1a: Golem|216/278 tox|[from] psn\n|upkeep\n|turn|7\n|\n|t:|1770341499\n|move|p1a: Golem|Stone Edge|p2a: Lugia|[miss]\n|-miss|p1a: Golem|p2a: Lugia\n|move|p2a: Lugia|Whirlwind|p1a: Golem\n|drag|p1a: Kyogre|Kyogre, L71|259/259\n|detailschange|p1a: Kyogre|Kyogre-Primal, L71\n|-primal|p1a: Kyogre|Blue Orb\n|-weather|PrimordialSea|[from] ability: Primordial Sea|[of] p1a: Kyogre\n|\n|-weather|PrimordialSea|[upkeep]\n|upkeep\n|turn|8\n|\n|t:|1770341504\n|-weather|none\n|switch|p1a: Golem|Golem, L86, F|216/278 tox\n|move|p2a: Lugia|Toxic|p1a: Golem|[miss]\n|-miss|p2a: Lugia|p1a: Golem\n|\n|-damage|p1a: Golem|199/278 tox|[from] psn\n|upkeep\n|turn|9\n|\n|t:|1770341520\n|switch|p2a: Hippowdon|Hippowdon, L81, F|308/308\n|-weather|Sandstorm|[from] ability: Sand Stream|[of] p2a: Hippowdon\n|move|p1a: Golem|Stone Edge|p2a: Hippowdon\n|-resisted|p2a: Hippowdon\n|-crit|p2a: Hippowdon\n|-damage|p2a: Hippowdon|222/308\n|\n|-weather|Sandstorm|[upkeep]\n|-damage|p1a: Golem|165/278 tox|[from] psn\n|upkeep\n|turn|10\n|\n|t:|1770341537\n|move|p1a: Golem|Earthquake|p2a: Hippowdon\n|-damage|p2a: Hippowdon|107/308\n|move|p2a: Hippowdon|Toxic|p1a: Golem\n|-fail|p1a: Golem|tox\n|\n|-weather|Sandstorm|[upkeep]\n|-damage|p1a: Golem|114/278 tox|[from] psn\n|upkeep\n|turn|11\n|\n|t:|1770341546\n|switch|p2a: Lugia|Lugia, L71|268/268\n|move|p1a: Golem|Earthquake|p2a: Lugia\n|-immune|p2a: Lugia\n|\n|-weather|Sandstorm|[upkeep]\n|-damage|p2a: Lugia|252/268|[from] Sandstorm\n|-heal|p2a: Lugia|268/268|[from] item: Leftovers\n|-damage|p1a: Golem|46/278 tox|[from] psn\n|upkeep\n|turn|12\n|\n|t:|1770341551\n|move|p2a: Lugia|Aeroblast|p1a: Golem\n|-resisted|p1a: Golem\n|-damage|p1a: Golem|14/278 tox\n|move|p1a: Golem|Stone Edge|p2a: Lugia\n|-supereffective|p2a: Lugia\n|-crit|p2a: Lugia\n|-damage|p2a: Lugia|93/268\n|\n|-weather|Sandstorm|[upkeep]\n|-damage|p2a: Lugia|77/268|[from] Sandstorm\n|-heal|p2a: Lugia|93/268|[from] item: Leftovers\n|-damage|p1a: Golem|0 fnt|[from] psn\n|faint|p1a: Golem\n|upkeep\n|\n|t:|1770341561\n|switch|p1a: Floette|Floette-Eternal, L81, F|253/253\n|turn|13\n|\n|t:|1770341568\n|switch|p2a: Hippowdon|Hippowdon, L81, F|107/308\n|move|p1a: Floette|Light of Ruin|p2a: Hippowdon\n|-damage|p2a: Hippowdon|0 fnt\n|faint|p2a: Hippowdon\n|-damage|p1a: Floette|199/253|[from] Recoil\n|\n|-weather|none\n|upkeep\n|\n|t:|1770341572\n|switch|p2a: Slowking|Slowking, L86, M|304/304\n|turn|14\n|\n|t:|1770341584\n|switch|p1a: Kyogre|Kyogre-Primal, L71|259/259\n|-weather|PrimordialSea|[from] ability: Primordial Sea|[of] p1a: Kyogre\n|move|p2a: Slowking|Future Sight|p1a: Kyogre\n|-start|p2a: Slowking|move: Future Sight\n|\n|-weather|PrimordialSea|[upkeep]\n|upkeep\n|turn|15\n|\n|t:|1770341600\n|move|p1a: Kyogre|Calm Mind|p1a: Kyogre\n|-boost|p1a: Kyogre|spa|1\n|-boost|p1a: Kyogre|spd|1\n|move|p2a: Slowking|Psyshock|p1a: Kyogre\n|-damage|p1a: Kyogre|150/259\n|\n|-weather|PrimordialSea|[upkeep]\n|upkeep\n|turn|16\n|\n|t:|1770341603\n|move|p1a: Kyogre|Thunder|p2a: Slowking\n|-supereffective|p2a: Slowking\n|-damage|p2a: Slowking|138/304\n|-status|p2a: Slowking|par\n|move|p2a: Slowking|Psyshock|p1a: Kyogre\n|-damage|p1a: Kyogre|41/259\n|\n|-weather|PrimordialSea|[upkeep]\n|-end|p1a: Kyogre|move: Future Sight\n|-damage|p1a: Kyogre|0 fnt\n|faint|p1a: Kyogre\n|-weather|none\n|detailschange|p1: Kyogre|Kyogre, L71|[silent]\n|upkeep\n|\n|t:|1770341616\n|switch|p1a: Heracross|Heracross-Mega, L77, F|110/250\n|turn|17\n|\n|t:|1770341641\n|switch|p2a: Luxray|Luxray, L88, M|284/284\n|move|p1a: Heracross|Pin Missile|p2a: Luxray\n|-crit|p2a: Luxray\n|-damage|p2a: Luxray|226/284\n|-damage|p2a: Luxray|184/284\n|-damage|p2a: Luxray|144/284\n|-damage|p2a: Luxray|102/284\n|-damage|p2a: Luxray|60/284\n|-hitcount|p2a: Luxray|5\n|\n|-status|p2a: Luxray|tox|[from] item: Toxic Orb\n|upkeep\n|turn|18\n|\n|t:|1770341651\n|switch|p1a: Floette|Floette-Eternal, L81, F|199/253\n|move|p2a: Luxray|Facade|p1a: Floette\n|-damage|p1a: Floette|0 fnt\n|faint|p1a: Floette\n|\n|-damage|p2a: Luxray|43/284 tox|[from] psn\n|upkeep\n|\n|t:|1770341659\n|switch|p1a: Miltank|Miltank, L84, F|297/297\n|turn|19\n|\n|t:|1770341662\n|move|p1a: Miltank|Body Slam|p2a: Luxray\n|-damage|p2a: Luxray|0 fnt\n|faint|p2a: Luxray\n|\n|upkeep\n|\n|t:|1770341671\n|switch|p2a: Pangoro|Pangoro, L84, M|297/297\n|turn|20\n|\n|t:|1770341682\n|move|p1a: Miltank|Body Slam|p2a: Pangoro\n|-damage|p2a: Pangoro|212/297\n|-status|p2a: Pangoro|par\n|move|p2a: Pangoro|Drain Punch|p1a: Miltank\n|-supereffective|p1a: Miltank\n|-damage|p1a: Miltank|47/297\n|-heal|p2a: Pangoro|297/297 par|[from] drain|[of] p1a: Miltank\n|-damage|p2a: Pangoro|268/297 par|[from] item: Life Orb\n|\n|-heal|p1a: Miltank|65/297|[from] item: Leftovers\n|upkeep\n|turn|21\n|\n|t:|1770341703\n|move|p1a: Miltank|Body Slam|p2a: Pangoro\n|-damage|p2a: Pangoro|180/297 par\n|move|p2a: Pangoro|Knock Off|p1a: Miltank\n|-crit|p1a: Miltank\n|-damage|p1a: Miltank|0 fnt\n|-enditem|p1a: Miltank|Leftovers|[from] move: Knock Off|[of] p2a: Pangoro\n|faint|p1a: Miltank\n|-damage|p2a: Pangoro|151/297 par|[from] item: Life Orb\n|\n|upkeep\n|\n|t:|1770341705\n|switch|p1a: Heracross|Heracross-Mega, L77, F|110/250\n|turn|22\n|\n|t:|1770341710\n|switch|p2a: Slowking|Slowking, L86, M|239/304 par\n|move|p1a: Heracross|Pin Missile|p2a: Slowking\n|-supereffective|p2a: Slowking\n|-damage|p2a: Slowking|159/304 par\n|-supereffective|p2a: Slowking\n|-damage|p2a: Slowking|79/304 par\n|-supereffective|p2a: Slowking\n|-damage|p2a: Slowking|0 fnt\n|faint|p2a: Slowking\n|-hitcount|p2: Slowking|3\n|\n|upkeep\n|\n|t:|1770341714\n|switch|p2a: Pangoro|Pangoro, L84, M|151/297 par\n|turn|23\n|\n|t:|1770341717\n|switch|p2a: Lugia|Lugia, L71|93/268\n|move|p1a: Heracross|Pin Missile|p2a: Lugia\n|-damage|p2a: Lugia|60/268\n|-damage|p2a: Lugia|24/268\n|-damage|p2a: Lugia|0 fnt\n|faint|p2a: Lugia\n|-hitcount|p2: Lugia|3\n|\n|upkeep\n|\n|t:|1770341719\n|switch|p2a: Pangoro|Pangoro, L84, M|151/297 par\n|turn|24\n|\n|t:|1770341721\n|move|p1a: Heracross|Close Combat|p2a: Pangoro\n|-supereffective|p2a: Pangoro\n|-damage|p2a: Pangoro|0 fnt\n|-unboost|p1a: Heracross|def|1\n|-unboost|p1a: Heracross|spd|1\n|faint|p2a: Pangoro\n|\n|win|arboretums\n|raw|arboretums's rating: 1488 &rarr; <strong>1512</strong><br />(+24 for winning)\n|raw|jesus saves the 1's rating: 1556 &rarr; <strong>1532</strong><br />(-24 for losing)\n", "inputlog": ">version ccdc32dd7cde25fd9e4bed64820e885f66e78a4e\n>start {\"formatid\":\"gen6randombattle\",\"seed\":\"sodium,d92de38c05529dbe4d2a359d3f9a3d02\",\"rated\":\"Rated battle\"}\n>player p1 {\"name\":\"arboretums\",\"avatar\":\"serena-masters2\",\"rating\":1488,\"seed\":\"sodium,9333e3e05f89aefeb1d0da99c0037fff\"}\n>player p2 {\"name\":\"jesus saves the 1\",\"avatar\":\"gentleman-gen4dp\",\"rating\":1556,\"seed\":\"sodium,33e98db81dccd8427a4146872c3f8a69\"}\n>p1 switch 2\n>p2 move earthquake\n>p1 move closecombat mega\n>p2 switch 2\n>p1 move pinmissile\n>p2 switch 2\n>p1 move pinmissile\n>p2 move bodyslam\n>p2 switch 5\n>p1 switch 2\n>p2 move aeroblast\n>p1 move rockpolish\n>p2 move toxic\n>p1 move stoneedge\n>p2 move whirlwind\n>p1 switch 6\n>p2 move toxic\n>p1 move stoneedge\n>p2 switch 3\n>p1 move earthquake\n>p2 move toxic\n>p1 move earthquake\n>p2 switch 3\n>p1 move stoneedge\n>p2 move aeroblast\n>p1 switch 4\n>p1 move lightofruin\n>p2 switch 3\n>p2 switch 2\n>p1 switch 6\n>p2 move futuresight\n>p1 move calmmind\n>p2 move psyshock\n>p1 move thunder\n>p2 move psyshock\n>p1 switch 2\n>p1 move pinmissile\n>p2 switch 6\n>p1 switch 6\n>p2 move facade\n>p1 switch 5\n>p1 move bodyslam\n>p2 move superpower\n>p2 switch 4\n>p1 move bodyslam\n>p2 move drainpunch\n>p1 move bodyslam\n>p2 move knockoff\n>p1 switch 6\n>p1 move pinmissile\n>p2 switch 6\n>p2 switch 6\n>p1 move pinmissile\n>p2 switch 3\n>p2 switch 3\n>p1 move closecombat\n>p2 move gunkshot", "uploadtime": 1770341722, "views": 252, "formatid": "gen6randombattle", "rating": 1512, "private": 0, "password": null}