{"id": "gen6randombattle-2525237965", "format": "[Gen 6] Random Battle", "players": ["t1_opti", "nigeria simulator"], "log": "|j|☆t1_opti\n|j|☆nigeria simulator\n|t:|1769255171\n|gametype|singles\n|player|p1|t1_opti|102|1661\n|player|p2|nigeria simulator|102|1681\n|gen|6\n|tier|[Gen 6] Random Battle\n|rated|\n|rule|Sleep Clause Mod: Limit one foe put to sleep\n|rule|HP Percentage Mod: HP is shown in percentages\n|rule|Illusion Level Mod: Illusion disguises the Pokémon's true level\n|\n|t:|1769255171\n|teamsize|p1|6\n|teamsize|p2|6\n|start\n|switch|p1a: Golduck|Golduck, L90, F|290/290\n|switch|p2a: Primeape|Primeape, L87, F|255/255\n|-ability|p1a: Golduck|Cloud Nine\n|turn|1\n|inactive|Battle timer is ON: inactive players will automatically lose when time's up. (requested by t1_opti)\n|\n|t:|1769255191\n|move|p2a: Primeape|Hone Claws|p2a: Primeape\n|-boost|p2a: Primeape|atk|1\n|-boost|p2a: Primeape|accuracy|1\n|move|p1a: Golduck|Scald|p2a: Primeape\n|-damage|p2a: Primeape|143/255\n|\n|upkeep\n|turn|2\n|\n|t:|1769255214\n|move|p2a: Primeape|Close Combat|p1a: Golduck\n|-damage|p1a: Golduck|0 fnt\n|-unboost|p2a: Primeape|def|1\n|-unboost|p2a: Primeape|spd|1\n|faint|p1a: Golduck\n|-damage|p2a: Primeape|118/255|[from] item: Life Orb\n|\n|upkeep\n|\n|t:|1769255228\n|switch|p1a: Scyther|Scyther, L82, F|249/249\n|turn|3\n|\n|t:|1769255234\n|switch|p2a: Corsola|Corsola, L99, F|269/269\n|move|p1a: Scyther|U-turn|p2a: Corsola\n|-damage|p2a: Corsola|164/269\n|\n|t:|1769255239\n|switch|p1a: Jolteon|Jolteon, L80, F|235/235|[from] U-turn\n|\n|-heal|p2a: Corsola|180/269|[from] item: Leftovers\n|upkeep\n|turn|4\n|\n|t:|1769255242\n|switch|p2a: Plusle|Plusle, L93, M|262/262\n|move|p1a: Jolteon|Volt Switch|p2a: Plusle\n|-ability|p2a: Plusle|Lightning Rod|boost\n|-boost|p2a: Plusle|spa|1\n|\n|upkeep\n|turn|5\n|\n|t:|1769255248\n|switch|p1a: Dusknoir|Dusknoir, L89, F|225/225\n|-item|p2a: Plusle|Leftovers|[from] ability: Frisk|[of] p1a: Dusknoir\n|move|p2a: Plusle|Substitute|p2a: Plusle\n|-start|p2a: Plusle|Substitute\n|-damage|p2a: Plusle|197/262\n|\n|-heal|p2a: Plusle|213/262|[from] item: Leftovers\n|upkeep\n|turn|6\n|\n|t:|1769255251\n|move|p2a: Plusle|Nasty Plot|p2a: Plusle\n|-boost|p2a: Plusle|spa|2\n|move|p1a: Dusknoir|Earthquake|p2a: Plusle\n|-supereffective|p2a: Plusle\n|-end|p2a: Plusle|Substitute\n|\n|-heal|p2a: Plusle|229/262|[from] item: Leftovers\n|upkeep\n|turn|7\n|\n|t:|1769255254\n|move|p2a: Plusle|Thunderbolt|p1a: Dusknoir\n|-damage|p1a: Dusknoir|62/225\n|-status|p1a: Dusknoir|par\n|move|p1a: Dusknoir|Earthquake|p2a: Plusle\n|-supereffective|p2a: Plusle\n|-damage|p2a: Plusle|0 fnt\n|faint|p2a: Plusle\n|\n|-heal|p1a: Dusknoir|76/225 par|[from] item: Leftovers\n|upkeep\n|\n|t:|1769255258\n|switch|p2a: Corsola|Corsola, L99, F|269/269\n|turn|8\n|\n|t:|1769255263\n|move|p2a: Corsola|Stealth Rock|p1a: Dusknoir\n|-sidestart|p1: t1_opti|move: Stealth Rock\n|move|p1a: Dusknoir|Toxic|p2a: Corsola\n|-status|p2a: Corsola|tox\n|\n|-heal|p1a: Dusknoir|90/225 par|[from] item: Leftovers\n|-damage|p2a: Corsola|253/269 tox|[from] psn\n|upkeep\n|turn|9\n|\n|t:|1769255268\n|move|p2a: Corsola|Scald|p1a: Dusknoir\n|-damage|p1a: Dusknoir|33/225 par\n|cant|p1a: Dusknoir|par\n|\n|-heal|p2a: Corsola|269/269 tox|[from] item: Leftovers\n|-heal|p1a: Dusknoir|47/225 par|[from] item: Leftovers\n|-damage|p2a: Corsola|237/269 tox|[from] psn\n|upkeep\n|turn|10\n|\n|t:|1769255271\n|cant|p1a: Dusknoir|par\n|move|p2a: Corsola|Scald|p1a: Dusknoir\n|-damage|p1a: Dusknoir|0 fnt\n|faint|p1a: Dusknoir\n|\n|-heal|p2a: Corsola|253/269 tox|[from] item: Leftovers\n|-damage|p2a: Corsola|205/269 tox|[from] psn\n|upkeep\n|\n|t:|1769255275\n|switch|p1a: Jolteon|Jolteon, L80, F|235/235\n|-damage|p1a: Jolteon|206/235|[from] Stealth Rock\n|turn|11\n|\n|t:|1769255286\n|move|p1a: Jolteon|Volt Switch|p2a: Corsola\n|-supereffective|p2a: Corsola\n|-damage|p2a: Corsola|0 fnt\n|faint|p2a: Corsola\n|\n|t:|1769255294\n|switch|p1a: Cherrim|Cherrim, L97, M|293/293|[from] Volt Switch\n|-damage|p1a: Cherrim|257/293|[from] Stealth Rock\n|\n|upkeep\n|\n|t:|1769255319\n|switch|p2a: Raticate|Raticate, L88, F|240/240\n|turn|12\n|\n|t:|1769255325\n|move|p2a: Raticate|Protect|p2a: Raticate\n|-singleturn|p2a: Raticate|Protect\n|move|p1a: Cherrim|Energy Ball|p2a: Raticate\n|-activate|p2a: Raticate|move: Protect\n|\n|-status|p2a: Raticate|tox|[from] item: Toxic Orb\n|upkeep\n|turn|13\n|\n|t:|1769255329\n|move|p2a: Raticate|Facade|p1a: Cherrim\n|-damage|p1a: Cherrim|35/293\n|move|p1a: Cherrim|Energy Ball|p2a: Raticate\n|-damage|p2a: Raticate|67/240 tox\n|-damage|p1a: Cherrim|6/293|[from] item: Life Orb\n|\n|-damage|p2a: Raticate|52/240 tox|[from] psn\n|upkeep\n|turn|14\n|\n|t:|1769255336\n|move|p2a: Raticate|U-turn|p1a: Cherrim\n|-supereffective|p1a: Cherrim\n|-damage|p1a: Cherrim|0 fnt\n|faint|p1a: Cherrim\n|\n|t:|1769255339\n|switch|p2a: Primeape|Primeape, L87, F|118/255|[from] U-turn\n|\n|upkeep\n|inactive|t1_opti has 120 seconds left.\n|\n|t:|1769255381\n|switch|p1a: Scyther|Scyther, L82, F|249/249\n|-damage|p1a: Scyther|125/249|[from] Stealth Rock\n|turn|15\n|\n|t:|1769255407\n|move|p1a: Scyther|Aerial Ace|p2a: Primeape\n|-supereffective|p2a: Primeape\n|-damage|p2a: Primeape|0 fnt\n|faint|p2a: Primeape\n|\n|upkeep\n|\n|t:|1769255413\n|switch|p2a: Meloetta|Meloetta, L82|298/298\n|turn|16\n|\n|t:|1769255420\n|move|p1a: Scyther|Aerial Ace|p2a: Meloetta\n|-damage|p2a: Meloetta|144/298\n|move|p2a: Meloetta|Relic Song|p1a: Scyther\n|-damage|p1a: Scyther|0 fnt\n|faint|p1a: Scyther\n|-formechange|p2a: Meloetta|Meloetta-Pirouette|[msg]\n|-damage|p2a: Meloetta|115/298|[from] item: Life Orb\n|\n|upkeep\n|\n|t:|1769255434\n|switch|p1a: Throh|Throh, L88, M|354/354\n|-damage|p1a: Throh|332/354|[from] Stealth Rock\n|turn|17\n|\n|t:|1769255444\n|move|p2a: Meloetta|Close Combat|p1a: Throh\n|-damage|p1a: Throh|157/354\n|-unboost|p2a: Meloetta|def|1\n|-unboost|p2a: Meloetta|spd|1\n|-damage|p2a: Meloetta|86/298|[from] item: Life Orb\n|move|p1a: Throh|Circle Throw|p2a: Meloetta\n|-supereffective|p2a: Meloetta\n|-damage|p2a: Meloetta|0 fnt\n|faint|p2a: Meloetta\n|\n|-heal|p1a: Throh|179/354|[from] item: Leftovers\n|upkeep\n|\n|t:|1769255446\n|switch|p2a: Medicham|Medicham, L77, M|219/219\n|turn|18\n|\n|t:|1769255461\n|detailschange|p2a: Medicham|Medicham-Mega, L77, M\n|-mega|p2a: Medicham|Medicham|Medichamite\n|move|p2a: Medicham|Fake Out|p1a: Throh\n|-crit|p1a: Throh\n|-damage|p1a: Throh|110/354\n|cant|p1a: Throh|flinch\n|\n|-heal|p1a: Throh|132/354|[from] item: Leftovers\n|upkeep\n|turn|19\n|\n|t:|1769255466\n|move|p2a: Medicham|Zen Headbutt|p1a: Throh\n|-supereffective|p1a: Throh\n|-damage|p1a: Throh|0 fnt\n|faint|p1a: Throh\n|\n|upkeep\n|\n|t:|1769255470\n|switch|p1a: Jolteon|Jolteon, L80, F|206/235\n|-damage|p1a: Jolteon|177/235|[from] Stealth Rock\n|turn|20\n|\n|t:|1769255476\n|move|p1a: Jolteon|Thunderbolt|p2a: Medicham\n|-damage|p2a: Medicham|57/219\n|move|p2a: Medicham|High Jump Kick|p1a: Jolteon|[miss]\n|-miss|p2a: Medicham|p1a: Jolteon\n|-damage|p2a: Medicham|0 fnt|[from] highjumpkick\n|faint|p2a: Medicham\n|detailschange|p2: Medicham|Medicham, L77, M|[silent]\n|\n|upkeep\n|-message|nigeria simulator forfeited.\n|\n|win|t1_opti\n|raw|t1_opti's rating: 1661 &rarr; <strong>1682</strong><br />(+21 for winning)\n|raw|nigeria simulator's rating: 1681 &rarr; <strong>1660</strong><br />(-21 for losing)\n|l|☆nigeria simulator\n|player|p2|\n|l|☆t1_opti\n|player|p1|\n", "inputlog": ">version b99ff0165a6231f17e8b78c2a78d1998375de664\n>start {\"formatid\":\"gen6randombattle\",\"seed\":\"sodium,20f7edaebd3b3fc753045ebdb40b1b88\",\"rated\":\"Rated battle\"}\n>player p1 {\"name\":\"t1_opti\",\"avatar\":\"102\",\"rating\":1661,\"seed\":\"sodium,e8940e7422158fbf27444f5d117d4264\"}\n>player p2 {\"name\":\"nigeria simulator\",\"avatar\":\"102\",\"rating\":1681,\"seed\":\"sodium,d11d411c34581dcb90463e5cbe675d1f\"}\n>p1 move scald\n>p2 move honeclaws\n>p1 move scald\n>p2 move closecombat\n>p1 switch 5\n>p1 move uturn\n>p2 switch 4\n>p1 switch 3\n>p1 move voltswitch\n>p2 switch 5\n>p1 switch 4\n>p2 move substitute\n>p1 move earthquake\n>p2 move nastyplot\n>p1 move earthquake\n>p2 move thunderbolt\n>p2 switch 5\n>p1 move toxic\n>p2 move stealthrock\n>p1 move earthquake\n>p2 move scald\n>p1 move protect\n>p2 move scald\n>p1 switch 4\n>p1 move voltswitch\n>p2 move scald\n>p1 switch 2\n>p2 switch 3\n>p1 move energyball\n>p2 move protect\n>p1 move energyball\n>p2 move facade\n>p1 move morningsun\n>p2 move uturn\n>p2 switch 4\n>p1 switch 3\n>p1 move aerialace\n>p2 move stoneedge\n>p2 switch 2\n>p1 move aerialace\n>p2 move relicsong\n>p1 switch 6\n>p1 move circlethrow\n>p2 move closecombat\n>p2 switch 6\n>p1 move knockoff\n>p2 move fakeout mega\n>p1 move knockoff\n>p2 move zenheadbutt\n>p1 switch 2\n>p1 move thunderbolt\n>p2 move highjumpkick\n>forcelose p2", "uploadtime": 1769255484, "views": 261, "formatid": "gen6randombattle", "rating": 1660, "private": 0, "password": null}