{"id": "gen6randombattle-2538625525", "format": "[Gen 6] Random Battle", "players": ["Emkatt", "hrosepwor"], "log": "|badge|p1|bronze|gen9randombattle|100-8\n|uhtml|medal-msg|<div class=\"broadcast-blue\">Curious what those medals under the avatar are? PS now has Ladder Seasons! For more information, check out the <a href=\"https://www.smogon.com/forums/threads/3740067/\">thread on Smogon.</a></div>\n|j|☆Emkatt\n|j|☆hrosepwor\n|t:|1770948684\n|gametype|singles\n|player|p1|Emkatt|acetrainer-gen2|1571\n|player|p2|hrosepwor|170|1554\n|gen|6\n|tier|[Gen 6] Random Battle\n|rated|\n|rule|Sleep Clause Mod: Limit one foe put to sleep\n|rule|HP Percentage Mod: HP is shown in percentages\n|rule|Illusion Level Mod: Illusion disguises the Pokémon's true level\n|\n|t:|1770948684\n|teamsize|p1|6\n|teamsize|p2|6\n|start\n|switch|p1a: Gothitelle|Gothitelle, L89, F|269/269\n|switch|p2a: Zangoose|Zangoose, L84, M|260/260\n|turn|1\n|\n|t:|1770948708\n|move|p2a: Zangoose|Knock Off|p1a: Gothitelle\n|-supereffective|p1a: Gothitelle\n|-damage|p1a: Gothitelle|137/269\n|-enditem|p1a: Gothitelle|Leftovers|[from] move: Knock Off|[of] p2a: Zangoose\n|move|p1a: Gothitelle|Psychic|p2a: Zangoose\n|-damage|p2a: Zangoose|118/260\n|\n|-status|p2a: Zangoose|tox|[from] item: Toxic Orb\n|upkeep\n|turn|2\n|\n|t:|1770948724\n|switch|p1a: Rhyperior|Rhyperior, L82, M|323/323\n|move|p2a: Zangoose|Facade|p1a: Rhyperior\n|-resisted|p1a: Rhyperior\n|-damage|p1a: Rhyperior|224/323\n|\n|-damage|p2a: Zangoose|102/260 tox|[from] psn\n|upkeep\n|turn|3\n|\n|t:|1770948731\n|switch|p2a: Weezing|Weezing, L86, F|252/252\n|move|p1a: Rhyperior|Earthquake|p2a: Weezing\n|-immune|p2a: Weezing|[from] ability: Levitate\n|\n|upkeep\n|turn|4\n|\n|t:|1770948741\n|switch|p1a: Gothitelle|Gothitelle, L89, F|137/269\n|move|p2a: Weezing|Will-O-Wisp|p1a: Gothitelle\n|-status|p1a: Gothitelle|brn\n|\n|-damage|p1a: Gothitelle|104/269 brn|[from] brn\n|upkeep\n|turn|5\n|\n|t:|1770948748\n|move|p1a: Gothitelle|Psychic|p2a: Weezing\n|-supereffective|p2a: Weezing\n|-damage|p2a: Weezing|4/252\n|-unboost|p2a: Weezing|spd|1\n|move|p2a: Weezing|Sludge Bomb|p1a: Gothitelle\n|-damage|p1a: Gothitelle|37/269 brn\n|\n|-heal|p2a: Weezing|19/252|[from] item: Black Sludge\n|-damage|p1a: Gothitelle|4/269 brn|[from] brn\n|upkeep\n|turn|6\n|\n|t:|1770948758\n|move|p1a: Gothitelle|Psychic|p2a: Weezing\n|-supereffective|p2a: Weezing\n|-damage|p2a: Weezing|0 fnt\n|faint|p2a: Weezing\n|\n|-damage|p1a: Gothitelle|0 fnt|[from] brn\n|faint|p1a: Gothitelle\n|upkeep\n|inactive|Battle timer is ON: inactive players will automatically lose when time's up. (requested by Emkatt)\n|\n|t:|1770948771\n|switch|p1a: Luxray|Luxray, L88, F|284/284\n|switch|p2a: Ludicolo|Ludicolo, L88, M|284/284\n|-ability|p1a: Luxray|Intimidate|boost\n|-unboost|p2a: Ludicolo|atk|1\n|turn|7\n|\n|t:|1770948781\n|switch|p2a: Mismagius|Mismagius, L85, F|241/241\n|move|p1a: Luxray|Wild Charge|p2a: Mismagius\n|-damage|p2a: Mismagius|82/241\n|-damage|p1a: Luxray|244/284|[from] Recoil\n|\n|-heal|p2a: Mismagius|97/241|[from] item: Leftovers\n|upkeep\n|turn|8\n|\n|t:|1770948790\n|move|p2a: Mismagius|Pain Split|p1a: Luxray\n|-sethp|p1a: Luxray|170/284|[from] move: Pain Split|[silent]\n|-sethp|p2a: Mismagius|170/241|[from] move: Pain Split\n|move|p1a: Luxray|Wild Charge|p2a: Mismagius\n|-damage|p2a: Mismagius|2/241\n|-damage|p1a: Luxray|128/284|[from] Recoil\n|\n|-heal|p2a: Mismagius|17/241|[from] item: Leftovers\n|upkeep\n|turn|9\n|\n|t:|1770948806\n|switch|p2a: Ursaring|Ursaring, L85, F|292/292\n|move|p1a: Luxray|Wild Charge|p2a: Ursaring\n|-damage|p2a: Ursaring|147/292\n|-damage|p1a: Luxray|92/284|[from] Recoil\n|\n|-status|p2a: Ursaring|tox|[from] item: Toxic Orb\n|upkeep\n|turn|10\n|\n|t:|1770948831\n|move|p1a: Luxray|Volt Switch|p2a: Ursaring\n|-damage|p2a: Ursaring|53/292 tox\n|\n|t:|1770948840\n|switch|p1a: Rhyperior|Rhyperior, L82, M|224/323|[from] Volt Switch\n|move|p2a: Ursaring|Facade|p1a: Rhyperior\n|-resisted|p1a: Rhyperior\n|-damage|p1a: Rhyperior|109/323\n|\n|-damage|p2a: Ursaring|35/292 tox|[from] psn\n|upkeep\n|turn|11\n|\n|t:|1770948848\n|switch|p1a: Mew|Mew, L80|291/291\n|move|p2a: Ursaring|Close Combat|p1a: Mew\n|-resisted|p1a: Mew\n|-damage|p1a: Mew|207/291\n|-unboost|p2a: Ursaring|def|1\n|-unboost|p2a: Ursaring|spd|1\n|\n|-heal|p1a: Mew|225/291|[from] item: Leftovers\n|-damage|p2a: Ursaring|0 fnt|[from] psn\n|faint|p2a: Ursaring\n|upkeep\n|\n|t:|1770948857\n|switch|p2a: Mismagius|Mismagius, L85, F|17/241\n|turn|12\n|\n|t:|1770948879\n|switch|p1a: Unfezant|Unfezant, L87, M|281/281\n|move|p2a: Mismagius|Shadow Ball|p1a: Unfezant\n|-immune|p1a: Unfezant\n|\n|-heal|p2a: Mismagius|32/241|[from] item: Leftovers\n|upkeep\n|turn|13\n|\n|t:|1770948886\n|switch|p2a: Venomoth|Venomoth, L84, F|255/255\n|move|p1a: Unfezant|Night Slash|p2a: Venomoth\n|-crit|p2a: Venomoth\n|-damage|p2a: Venomoth|128/255\n|\n|-heal|p2a: Venomoth|143/255|[from] item: Black Sludge\n|upkeep\n|turn|14\n|\n|t:|1770948892\n|move|p1a: Unfezant|Pluck|p2a: Venomoth\n|-supereffective|p2a: Venomoth\n|-damage|p2a: Venomoth|0 fnt\n|faint|p2a: Venomoth\n|\n|upkeep\n|\n|t:|1770948902\n|switch|p2a: Ludicolo|Ludicolo, L88, M|284/284\n|turn|15\n|\n|t:|1770948911\n|move|p1a: Unfezant|Pluck|p2a: Ludicolo\n|-supereffective|p2a: Ludicolo\n|-crit|p2a: Ludicolo\n|-damage|p2a: Ludicolo|12/284\n|move|p2a: Ludicolo|Ice Beam|p1a: Unfezant\n|-supereffective|p1a: Unfezant\n|-damage|p1a: Unfezant|34/281\n|-damage|p2a: Ludicolo|0 fnt|[from] item: Life Orb\n|faint|p2a: Ludicolo\n|\n|upkeep\n|\n|t:|1770948924\n|switch|p2a: Zangoose|Zangoose, L84, M|102/260 tox\n|turn|16\n|\n|t:|1770948930\n|move|p2a: Zangoose|Quick Attack|p1a: Unfezant\n|-crit|p1a: Unfezant\n|-damage|p1a: Unfezant|0 fnt\n|faint|p1a: Unfezant\n|\n|-damage|p2a: Zangoose|86/260 tox|[from] psn\n|upkeep\n|\n|t:|1770948936\n|switch|p1a: Luxray|Luxray, L88, F|92/284\n|-ability|p1a: Luxray|Intimidate|boost\n|-unboost|p2a: Zangoose|atk|1\n|turn|17\n|\n|t:|1770948941\n|move|p2a: Zangoose|Quick Attack|p1a: Luxray\n|-damage|p1a: Luxray|44/284\n|move|p1a: Luxray|Volt Switch|p2a: Zangoose\n|-damage|p2a: Zangoose|0 fnt\n|faint|p2a: Zangoose\n|\n|t:|1770948947\n|switch|p1a: Nidoking|Nidoking, L82, M|267/267|[from] Volt Switch\n|\n|upkeep\n|\n|t:|1770948949\n|switch|p2a: Mismagius|Mismagius, L85, F|32/241\n|turn|18\n|\n|t:|1770948955\n|move|p2a: Mismagius|Pain Split|p1a: Nidoking\n|-sethp|p1a: Nidoking|149/267|[from] move: Pain Split|[silent]\n|-sethp|p2a: Mismagius|149/241|[from] move: Pain Split\n|move|p1a: Nidoking|Poison Jab|p2a: Mismagius\n|-resisted|p2a: Mismagius\n|-damage|p2a: Mismagius|59/241\n|\n|-heal|p2a: Mismagius|74/241|[from] item: Leftovers\n|upkeep\n|turn|19\n|\n|t:|1770948962\n|move|p2a: Mismagius|Shadow Ball|p1a: Nidoking\n|-damage|p1a: Nidoking|49/267\n|move|p1a: Nidoking|Poison Jab|p2a: Mismagius\n|-resisted|p2a: Mismagius\n|-damage|p2a: Mismagius|0 fnt\n|faint|p2a: Mismagius\n|\n|win|Emkatt\n|raw|Emkatt's rating: 1571 &rarr; <strong>1590</strong><br />(+19 for winning)\n|raw|hrosepwor's rating: 1554 &rarr; <strong>1535</strong><br />(-19 for losing)\n|l|☆hrosepwor\n|player|p2|\n", "inputlog": ">version ccdc32dd7cde25fd9e4bed64820e885f66e78a4e\n>start {\"formatid\":\"gen6randombattle\",\"seed\":\"sodium,69f837be7fd082bc522add162e7c86a3\",\"rated\":\"Rated battle\"}\n>player p1 {\"name\":\"Emkatt\",\"avatar\":\"acetrainer-gen2\",\"rating\":1571,\"seed\":\"sodium,37630c6063b9b1bec585f6b455e3f1fb\"}\n>player p2 {\"name\":\"hrosepwor\",\"avatar\":\"170\",\"rating\":1554,\"seed\":\"sodium,333d5b1c1644d41258733f465376fd36\"}\n>p1 move psychic\n>p2 move knockoff\n>p1 switch 5\n>p2 move facade\n>p1 move earthquake\n>p2 switch 2\n>p1 switch 5\n>p2 move willowisp\n>p1 move psychic\n>p2 move sludgebomb\n>p1 move psychic\n>p2 move toxicspikes\n>p1 switch 3\n>p2 switch 5\n>p1 move wildcharge\n>p2 switch 3\n>p1 move wildcharge\n>p2 move painsplit\n>p1 move wildcharge\n>p2 switch 6\n>p1 move voltswitch\n>p2 move facade\n>p1 switch 5\n>p1 switch 4\n>p2 move closecombat\n>p2 switch 6\n>p1 switch 2\n>p2 move shadowball\n>p1 move nightslash\n>p2 switch 4\n>p1 move pluck\n>p2 move sleeppowder\n>p2 switch 3\n>p1 move pluck\n>p2 move icebeam\n>p2 switch 2\n>p1 move return\n>p2 move quickattack\n>p1 switch 5\n>p1 move voltswitch\n>p2 move quickattack\n>p1 switch 6\n>p2 switch 4\n>p1 move poisonjab\n>p2 move painsplit\n>p1 move poisonjab\n>p2 move shadowball", "uploadtime": 1770948967, "views": 226, "formatid": "gen6randombattle", "rating": 1535, "private": 0, "password": null}