{"id": "gen6randombattle-2520013068", "format": "[Gen 6] Random Battle", "players": ["arboretums", "jerimonn"], "log": "|j|☆arboretums\n|j|☆jerimonn\n|t:|1768580025\n|gametype|singles\n|player|p1|arboretums|serena-masters2|1631\n|player|p2|jerimonn|169|1543\n|gen|6\n|tier|[Gen 6] Random Battle\n|rated|\n|rule|Sleep Clause Mod: Limit one foe put to sleep\n|rule|HP Percentage Mod: HP is shown in percentages\n|rule|Illusion Level Mod: Illusion disguises the Pokémon's true level\n|\n|t:|1768580025\n|teamsize|p1|6\n|teamsize|p2|6\n|start\n|switch|p1a: Weavile|Weavile, L77, F|234/234\n|switch|p2a: Arceus|Arceus-Dragon, L71|288/288\n|turn|1\n|inactive|Battle timer is ON: inactive players will automatically lose when time's up. (requested by arboretums)\n|\n|t:|1768580064\n|switch|p1a: Ampharos|Ampharos, L82, F|282/282\n|switch|p2a: Suicune|Suicune, L80|291/291\n|-ability|p2a: Suicune|Pressure\n|\n|upkeep\n|turn|2\n|\n|t:|1768580073\n|move|p2a: Suicune|Substitute|p2a: Suicune\n|-start|p2a: Suicune|Substitute\n|-damage|p2a: Suicune|219/291\n|move|p1a: Ampharos|Discharge|p2a: Suicune\n|-supereffective|p2a: Suicune\n|-end|p2a: Suicune|Substitute\n|\n|-heal|p2a: Suicune|237/291|[from] item: Leftovers\n|upkeep\n|turn|3\n|\n|t:|1768580088\n|switch|p2a: Skuntank|Skuntank, L85, M|314/314\n|detailschange|p1a: Ampharos|Ampharos-Mega, L82, F\n|-mega|p1a: Ampharos|Ampharos|Ampharosite\n|-ability|p1a: Ampharos|Mold Breaker\n|move|p1a: Ampharos|Discharge|p2a: Skuntank\n|-damage|p2a: Skuntank|169/314\n|-status|p2a: Skuntank|par\n|\n|-heal|p2a: Skuntank|188/314 par|[from] item: Black Sludge\n|upkeep\n|turn|4\n|c|☆jerimonn|lol\n|\n|t:|1768580101\n|move|p1a: Ampharos|Discharge|p2a: Skuntank\n|-damage|p2a: Skuntank|19/314 par\n|move|p2a: Skuntank|Poison Jab|p1a: Ampharos\n|-damage|p1a: Ampharos|212/282\n|\n|-heal|p2a: Skuntank|38/314 par|[from] item: Black Sludge\n|upkeep\n|turn|5\n|\n|t:|1768580109\n|move|p2a: Skuntank|Sucker Punch|p1a: Ampharos\n|-damage|p1a: Ampharos|139/282\n|move|p1a: Ampharos|Dragon Pulse|p2a: Skuntank\n|-crit|p2a: Skuntank\n|-damage|p2a: Skuntank|0 fnt\n|faint|p2a: Skuntank\n|\n|upkeep\n|\n|t:|1768580117\n|switch|p2a: Smeargle|Smeargle, L89, M|243/243\n|turn|6\n|\n|t:|1768580122\n|move|p2a: Smeargle|Spore|p1a: Ampharos\n|-status|p1a: Ampharos|slp|[from] move: Spore\n|cant|p1a: Ampharos|slp\n|\n|upkeep\n|turn|7\n|\n|t:|1768580127\n|move|p2a: Smeargle|Sticky Web|p1a: Ampharos\n|-sidestart|p1: arboretums|move: Sticky Web\n|cant|p1a: Ampharos|slp\n|move|p1a: Ampharos|Sleep Talk|p1a: Ampharos\n|move|p1a: Ampharos|Dragon Pulse|p2a: Smeargle|[from] move: Sleep Talk\n|-damage|p2a: Smeargle|42/243\n|\n|upkeep\n|turn|8\n|\n|t:|1768580135\n|move|p2a: Smeargle|Spikes|p1a: Ampharos\n|-sidestart|p1: arboretums|Spikes\n|-curestatus|p1a: Ampharos|slp|[msg]\n|move|p1a: Ampharos|Discharge|p2a: Smeargle\n|-damage|p2a: Smeargle|0 fnt\n|faint|p2a: Smeargle\n|\n|upkeep\n|\n|t:|1768580149\n|switch|p2a: Arceus|Arceus-Dragon, L71|288/288\n|turn|9\n|\n|t:|1768580159\n|switch|p1a: Cofagrigus|Cofagrigus, L86, F|240/240\n|-activate|p1a: Cofagrigus|move: Sticky Web\n|-unboost|p1a: Cofagrigus|spe|1\n|-damage|p1a: Cofagrigus|210/240|[from] Spikes\n|move|p2a: Arceus|Earthquake|p1a: Cofagrigus\n|-crit|p1a: Cofagrigus\n|-damage|p1a: Cofagrigus|144/240\n|\n|-heal|p1a: Cofagrigus|159/240|[from] item: Leftovers\n|upkeep\n|turn|10\n|\n|t:|1768580170\n|switch|p2a: Suicune|Suicune, L80|237/291\n|-ability|p2a: Suicune|Pressure\n|move|p1a: Cofagrigus|Trick Room|p1a: Cofagrigus\n|-fieldstart|move: Trick Room|[of] p1a: Cofagrigus\n|\n|-heal|p1a: Cofagrigus|174/240|[from] item: Leftovers\n|-heal|p2a: Suicune|255/291|[from] item: Leftovers\n|upkeep\n|turn|11\n|\n|t:|1768580179\n|move|p1a: Cofagrigus|Nasty Plot|p1a: Cofagrigus\n|-boost|p1a: Cofagrigus|spa|2\n|move|p2a: Suicune|Scald|p1a: Cofagrigus\n|-damage|p1a: Cofagrigus|108/240\n|-status|p1a: Cofagrigus|brn\n|\n|-heal|p1a: Cofagrigus|123/240 brn|[from] item: Leftovers\n|-heal|p2a: Suicune|273/291|[from] item: Leftovers\n|-damage|p1a: Cofagrigus|93/240 brn|[from] brn\n|upkeep\n|turn|12\n|\n|t:|1768580190\n|move|p1a: Cofagrigus|Shadow Ball|p2a: Suicune\n|-damage|p2a: Suicune|120/291\n|-unboost|p2a: Suicune|spd|1\n|move|p2a: Suicune|Scald|p1a: Cofagrigus\n|-damage|p1a: Cofagrigus|26/240 brn\n|\n|-heal|p1a: Cofagrigus|41/240 brn|[from] item: Leftovers\n|-heal|p2a: Suicune|138/291|[from] item: Leftovers\n|-damage|p1a: Cofagrigus|11/240 brn|[from] brn\n|upkeep\n|turn|13\n|\n|t:|1768580203\n|move|p1a: Cofagrigus|Shadow Ball|p2a: Suicune\n|-damage|p2a: Suicune|0 fnt\n|faint|p2a: Suicune\n|\n|-heal|p1a: Cofagrigus|26/240 brn|[from] item: Leftovers\n|-damage|p1a: Cofagrigus|0 fnt|[from] brn\n|faint|p1a: Cofagrigus\n|upkeep\n|\n|t:|1768580215\n|switch|p1a: Samurott|Samurott, L87, F|307/307\n|switch|p2a: Hawlucha|Hawlucha, L77, M|244/244\n|-activate|p1a: Samurott|move: Sticky Web\n|-unboost|p1a: Samurott|spe|1\n|-damage|p1a: Samurott|269/307|[from] Spikes\n|turn|14\n|\n|t:|1768580234\n|move|p1a: Samurott|Ice Beam|p2a: Hawlucha\n|-supereffective|p2a: Hawlucha\n|-damage|p2a: Hawlucha|32/244\n|-enditem|p2a: Hawlucha|Sitrus Berry|[eat]\n|-heal|p2a: Hawlucha|93/244|[from] item: Sitrus Berry\n|move|p2a: Hawlucha|Swords Dance|p2a: Hawlucha\n|-boost|p2a: Hawlucha|atk|2\n|\n|-fieldend|move: Trick Room\n|upkeep\n|turn|15\n|\n|t:|1768580249\n|move|p1a: Samurott|Aqua Jet|p2a: Hawlucha\n|-damage|p2a: Hawlucha|35/244\n|move|p2a: Hawlucha|High Jump Kick|p1a: Samurott\n|-damage|p1a: Samurott|64/307\n|\n|upkeep\n|turn|16\n|\n|t:|1768580256\n|move|p1a: Samurott|Aqua Jet|p2a: Hawlucha\n|-damage|p2a: Hawlucha|0 fnt\n|faint|p2a: Hawlucha\n|\n|upkeep\n|\n|t:|1768580263\n|switch|p2a: Ninjask|Ninjask, L93, F|263/263\n|turn|17\n|\n|t:|1768580267\n|move|p2a: Ninjask|X-Scissor|p1a: Samurott\n|-damage|p1a: Samurott|0 fnt\n|faint|p1a: Samurott\n|\n|upkeep\n|\n|t:|1768580280\n|switch|p1a: Weavile|Weavile, L77, F|234/234\n|-activate|p1a: Weavile|move: Sticky Web\n|-unboost|p1a: Weavile|spe|1\n|-damage|p1a: Weavile|205/234|[from] Spikes\n|turn|18\n|\n|t:|1768580287\n|move|p2a: Ninjask|X-Scissor|p1a: Weavile\n|-supereffective|p1a: Weavile\n|-damage|p1a: Weavile|0 fnt\n|faint|p1a: Weavile\n|\n|upkeep\n|\n|t:|1768580297\n|switch|p1a: Haxorus|Haxorus, L77, F|244/244\n|-activate|p1a: Haxorus|move: Sticky Web\n|-unboost|p1a: Haxorus|spe|1\n|-damage|p1a: Haxorus|214/244|[from] Spikes\n|-ability|p1a: Haxorus|Mold Breaker\n|turn|19\n|\n|t:|1768580305\n|switch|p2a: Arceus|Arceus-Dragon, L71|288/288\n|move|p1a: Haxorus|Outrage|p2a: Arceus\n|-supereffective|p2a: Arceus\n|-damage|p2a: Arceus|6/288\n|\n|upkeep\n|turn|20\n|\n|t:|1768580311\n|move|p2a: Arceus|Outrage|p1a: Haxorus\n|-supereffective|p1a: Haxorus\n|-damage|p1a: Haxorus|0 fnt\n|faint|p1a: Haxorus\n|\n|upkeep\n|\n|t:|1768580315\n|switch|p1a: Maractus|Maractus, L98, F|305/305\n|-activate|p1a: Maractus|move: Sticky Web\n|-unboost|p1a: Maractus|spe|1\n|-damage|p1a: Maractus|267/305|[from] Spikes\n|turn|21\n|\n|t:|1768580321\n|move|p1a: Maractus|Spiky Shield|p1a: Maractus\n|-singleturn|p1a: Maractus|move: Protect\n|move|p2a: Arceus|Outrage|p1a: Maractus|[from] lockedmove\n|-activate|p1a: Maractus|move: Protect\n|-damage|p2a: Arceus|0 fnt|[from] Spiky Shield|[of] p1a: Maractus\n|faint|p2a: Arceus\n|\n|-heal|p1a: Maractus|286/305|[from] item: Leftovers\n|upkeep\n|\n|t:|1768580329\n|switch|p2a: Ninjask|Ninjask, L93, F|263/263\n|turn|22\n|\n|t:|1768580334\n|move|p2a: Ninjask|X-Scissor|p1a: Maractus\n|-supereffective|p1a: Maractus\n|-damage|p1a: Maractus|0 fnt\n|faint|p1a: Maractus\n|\n|upkeep\n|\n|t:|1768580336\n|switch|p1a: Ampharos|Ampharos-Mega, L82, F|139/282\n|-activate|p1a: Ampharos|move: Sticky Web\n|-unboost|p1a: Ampharos|spe|1\n|-damage|p1a: Ampharos|104/282|[from] Spikes\n|-ability|p1a: Ampharos|Mold Breaker\n|turn|23\n|\n|t:|1768580344\n|move|p2a: Ninjask|X-Scissor|p1a: Ampharos\n|-damage|p1a: Ampharos|0 fnt\n|faint|p1a: Ampharos\n|detailschange|p1: Ampharos|Ampharos, L82, F|[silent]\n|\n|win|jerimonn\n|raw|arboretums's rating: 1631 &rarr; <strong>1606</strong><br />(-25 for losing)\n|raw|jerimonn's rating: 1543 &rarr; <strong>1568</strong><br />(+25 for winning)\n", "inputlog": ">version 3bd1a1e329da8d286644078cfc9a9638fc7ea025\n>start {\"formatid\":\"gen6randombattle\",\"seed\":\"sodium,13ed70e5c376c6e2ab099aa11e06764e\",\"rated\":\"Rated battle\"}\n>player p1 {\"name\":\"arboretums\",\"avatar\":\"serena-masters2\",\"rating\":1631,\"seed\":\"sodium,6828f5716f7716b5c981d4c8a9ef7480\"}\n>player p2 {\"name\":\"jerimonn\",\"avatar\":\"169\",\"rating\":1543,\"seed\":\"sodium,e205ad5cc880410a242fc6c2b5a2b429\"}\n>p1 switch 6\n>p2 switch 3\n>p1 move discharge\n>p2 move substitute\n>p1 move discharge mega\n>p2 switch 2\n>chat ☆jerimonn|lol\n>p1 move discharge\n>p2 move poisonjab\n>p1 move dragonpulse\n>p2 move suckerpunch\n>p2 switch 5\n>p1 move discharge\n>p2 move spore\n>p1 move sleeptalk\n>p2 move stickyweb\n>p1 move discharge\n>p2 move spikes\n>p2 switch 3\n>p1 switch 3\n>p2 move earthquake\n>p1 move trickroom\n>p2 switch 2\n>p1 move nastyplot\n>p2 move scald\n>p1 move shadowball\n>p2 move scald\n>p1 move shadowball\n>p2 move scald\n>p1 switch 2\n>p2 switch 6\n>p1 move icebeam\n>p2 move swordsdance\n>p1 move aquajet\n>p2 move highjumpkick\n>p1 move aquajet\n>p2 move acrobatics\n>p2 switch 4\n>p1 move hydropump\n>p2 move xscissor\n>p1 switch 6\n>p1 move iciclecrash\n>p2 move xscissor\n>p1 switch 5\n>p1 move outrage\n>p2 switch 2\n>p1 move outrage\n>p2 move outrage\n>p1 switch 4\n>p1 move spikyshield\n>p2 move outrage\n>p2 switch 2\n>p1 move leechseed\n>p2 move xscissor\n>p1 switch 3\n>p1 move discharge\n>p2 move xscissor", "uploadtime": 1768580346, "views": 285, "formatid": "gen6randombattle", "rating": 1568, "private": 0, "password": null}