{"id": "gen6randombattle-2537266089", "format": "[Gen 6] Random Battle", "players": ["Alanmedinaesq", "Plop"], "log": "|j|☆Alanmedinaesq\n|j|☆Plop\n|t:|1770787417\n|gametype|singles\n|player|p1|Alanmedinaesq|n|1630\n|player|p2|Plop|#rbtt9travelers|1840\n|gen|6\n|tier|[Gen 6] Random Battle\n|rated|\n|rule|Sleep Clause Mod: Limit one foe put to sleep\n|rule|HP Percentage Mod: HP is shown in percentages\n|rule|Illusion Level Mod: Illusion disguises the Pokémon's true level\n|\n|t:|1770787417\n|teamsize|p1|6\n|teamsize|p2|6\n|start\n|switch|p1a: Skuntank|Skuntank, L85, F|314/314\n|switch|p2a: Luvdisc|Luvdisc, F|248/248\n|turn|1\n|inactive|Battle timer is ON: inactive players will automatically lose when time's up. (requested by Alanmedinaesq)\n|\n|t:|1770787444\n|switch|p1a: Ariados|Ariados, L91, F|275/275\n|move|p2a: Luvdisc|Scald|p1a: Ariados\n|-damage|p1a: Ariados|193/275\n|\n|-heal|p1a: Ariados|210/275|[from] item: Black Sludge\n|upkeep\n|turn|2\n|\n|t:|1770787450\n|move|p2a: Luvdisc|Scald|p1a: Ariados\n|-damage|p1a: Ariados|134/275\n|move|p1a: Ariados|Sticky Web|p2a: Luvdisc\n|-sidestart|p2: Plop|move: Sticky Web\n|\n|-heal|p1a: Ariados|151/275|[from] item: Black Sludge\n|upkeep\n|turn|3\n|\n|t:|1770787463\n|switch|p2a: Donphan|Donphan, L83, F|285/285\n|-activate|p2a: Donphan|move: Sticky Web\n|-unboost|p2a: Donphan|spe|1\n|move|p1a: Ariados|Toxic Spikes|p2a: Donphan\n|-sidestart|p2: Plop|move: Toxic Spikes\n|\n|-heal|p1a: Ariados|168/275|[from] item: Black Sludge\n|upkeep\n|turn|4\n|\n|t:|1770787487\n|switch|p1a: Shaymin|Shaymin-Sky, L73|266/266\n|move|p2a: Donphan|Rapid Spin|p1a: Shaymin\n|-damage|p1a: Shaymin|246/266\n|-sideend|p2: Plop|Toxic Spikes|[from] move: Rapid Spin|[of] p2a: Donphan\n|-sideend|p2: Plop|Sticky Web|[from] move: Rapid Spin|[of] p2a: Donphan\n|\n|-heal|p1a: Shaymin|262/266|[from] item: Leftovers\n|upkeep\n|turn|5\n|\n|t:|1770787499\n|switch|p2a: Fearow|Fearow, L88, F|258/258\n|move|p1a: Shaymin|Seed Flare|p2a: Fearow|[miss]\n|-miss|p1a: Shaymin|p2a: Fearow\n|\n|-heal|p1a: Shaymin|266/266|[from] item: Leftovers\n|upkeep\n|turn|6\n|\n|t:|1770787506\n|switch|p1a: Skuntank|Skuntank, L85, F|314/314\n|move|p2a: Fearow|U-turn|p1a: Skuntank\n|-damage|p1a: Skuntank|221/314\n|\n|t:|1770787511\n|switch|p2a: Donphan|Donphan, L83, F|285/285|[from] U-turn\n|\n|upkeep\n|turn|7\n|\n|t:|1770787515\n|switch|p1a: Shaymin|Shaymin-Sky, L73|266/266\n|move|p2a: Donphan|Knock Off|p1a: Shaymin\n|-damage|p1a: Shaymin|154/266\n|-enditem|p1a: Shaymin|Leftovers|[from] move: Knock Off|[of] p2a: Donphan\n|\n|upkeep\n|turn|8\n|inactive|Plop has 120 seconds left.\n|\n|t:|1770787559\n|switch|p2a: Hoopa|Hoopa, L84|272/272\n|move|p1a: Shaymin|Leech Seed|p2a: Hoopa\n|-start|p2a: Hoopa|move: Leech Seed\n|\n|-damage|p2a: Hoopa|238/272|[from] Leech Seed|[of] p1a: Shaymin\n|-heal|p1a: Shaymin|188/266|[silent]\n|upkeep\n|turn|9\n|\n|t:|1770787568\n|switch|p2a: Fearow|Fearow, L88, F|258/258\n|move|p1a: Shaymin|Substitute|p1a: Shaymin\n|-start|p1a: Shaymin|Substitute\n|-damage|p1a: Shaymin|122/266\n|\n|upkeep\n|turn|10\n|inactive|Plop has 120 seconds left.\n|\n|t:|1770787574\n|move|p1a: Shaymin|Air Slash|p2a: Fearow\n|-damage|p2a: Fearow|167/258\n|move|p2a: Fearow|U-turn|p1a: Shaymin\n|-end|p1a: Shaymin|Substitute\n|inactive|Plop has 120 seconds left.\n|\n|t:|1770787594\n|switch|p2a: Luvdisc|Luvdisc, F|248/248|[from] U-turn\n|\n|upkeep\n|turn|11\n|\n|t:|1770787598\n|move|p2a: Luvdisc|Toxic|p1a: Shaymin\n|-status|p1a: Shaymin|tox\n|move|p1a: Shaymin|Seed Flare|p2a: Luvdisc|[miss]\n|-miss|p1a: Shaymin|p2a: Luvdisc\n|\n|-damage|p1a: Shaymin|106/266 tox|[from] psn\n|upkeep\n|turn|12\n|\n|t:|1770787602\n|move|p2a: Luvdisc|Protect|p2a: Luvdisc\n|-singleturn|p2a: Luvdisc|Protect\n|move|p1a: Shaymin|Seed Flare|p2a: Luvdisc\n|-activate|p2a: Luvdisc|move: Protect\n|\n|-damage|p1a: Shaymin|74/266 tox|[from] psn\n|upkeep\n|turn|13\n|\n|t:|1770787604\n|move|p2a: Luvdisc|Substitute|p2a: Luvdisc\n|-start|p2a: Luvdisc|Substitute\n|-damage|p2a: Luvdisc|186/248\n|move|p1a: Shaymin|Leech Seed||[still]\n|-fail|p1a: Shaymin\n|\n|-heal|p2a: Luvdisc|201/248|[from] item: Leftovers\n|-damage|p1a: Shaymin|26/266 tox|[from] psn\n|upkeep\n|turn|14\n|-message|Alanmedinaesq forfeited.\n|\n|win|Plop\n|raw|Alanmedinaesq's rating: 1630 &rarr; <strong>1621</strong><br />(-9 for losing)\n|raw|Plop's rating: 1840 &rarr; <strong>1849</strong><br />(+9 for winning)\n|l|☆Alanmedinaesq\n|player|p1|\n", "inputlog": ">version ccdc32dd7cde25fd9e4bed64820e885f66e78a4e\n>start {\"formatid\":\"gen6randombattle\",\"seed\":\"sodium,981e4e7ad8f2d14255c74205b5c9a2cb\",\"rated\":\"Rated battle\"}\n>player p1 {\"name\":\"Alanmedinaesq\",\"avatar\":\"n\",\"rating\":1630,\"seed\":\"sodium,c927f63f749b9d74453a6388d8a27e1a\"}\n>player p2 {\"name\":\"Plop\",\"avatar\":\"#rbtt9travelers\",\"rating\":1840,\"seed\":\"sodium,75894f1cc80d4015262eed26a3362063\"}\n>p1 switch 5\n>p2 move scald\n>p1 move stickyweb\n>p2 move scald\n>p1 move toxicspikes\n>p2 switch 3\n>p1 switch 2\n>p2 move rapidspin\n>p1 move seedflare\n>p2 switch 2\n>p1 switch 5\n>p2 move uturn\n>p2 switch 2\n>p1 switch 5\n>p2 move knockoff\n>p1 move leechseed\n>p2 switch 4\n>p1 move substitute\n>p2 switch 2\n>p1 move airslash\n>p2 move uturn\n>p2 switch 3\n>p1 move seedflare\n>p2 move toxic\n>p1 move seedflare\n>p2 move protect\n>p1 move leechseed\n>p2 move substitute\n>forcelose p1", "uploadtime": 1770787610, "views": 226, "formatid": "gen6randombattle", "rating": 1621, "private": 0, "password": null}