{"id": "gen6randombattle-2532616271", "format": "[Gen 6] Random Battle", "players": ["Plop", "pepperonibeatles"], "log": "|j|☆Plop\n|j|☆pepperonibeatles\n|t:|1770206025\n|gametype|singles\n|player|p1|Plop|#rbtt9travelers|1794\n|player|p2|pepperonibeatles|266|1642\n|gen|6\n|tier|[Gen 6] Random Battle\n|rated|\n|rule|Sleep Clause Mod: Limit one foe put to sleep\n|rule|HP Percentage Mod: HP is shown in percentages\n|rule|Illusion Level Mod: Illusion disguises the Pokémon's true level\n|\n|t:|1770206025\n|teamsize|p1|6\n|teamsize|p2|6\n|start\n|switch|p1a: Swoobat|Swoobat, L87, F|258/258\n|switch|p2a: Gardevoir|Gardevoir, L81, F|243/243\n|-ability|p2a: Gardevoir|Simple|Trace|[from] ability: Trace|[of] p1a: Swoobat\n|turn|1\n|inactive|Battle timer is ON: inactive players will automatically lose when time's up. (requested by pepperonibeatles)\n|\n|t:|1770206043\n|switch|p1a: Garbodor|Garbodor, L88, M|284/284\n|move|p2a: Gardevoir|Shadow Ball|p1a: Garbodor\n|-damage|p1a: Garbodor|187/284\n|\n|-heal|p1a: Garbodor|204/284|[from] item: Black Sludge\n|upkeep\n|turn|2\n|\n|t:|1770206067\n|switch|p2a: Amoonguss|Amoonguss, L83, F|325/325\n|move|p1a: Garbodor|Gunk Shot|p2a: Amoonguss\n|-damage|p2a: Amoonguss|153/325\n|\n|-heal|p1a: Garbodor|221/284|[from] item: Black Sludge\n|-heal|p2a: Amoonguss|173/325|[from] item: Black Sludge\n|upkeep\n|turn|3\n|inactive|Plop has 120 seconds left.\n|\n|t:|1770206092\n|switch|p1a: Ludicolo|Ludicolo, L88, F|284/284\n|move|p2a: Amoonguss|Spore|p1a: Ludicolo\n|-immune|p1a: Ludicolo\n|\n|-heal|p2a: Amoonguss|193/325|[from] item: Black Sludge\n|upkeep\n|turn|4\n|inactive|pepperonibeatles has 120 seconds left.\n|\n|t:|1770206144\n|switch|p2a: Volcanion|Volcanion, L79|256/256\n|move|p1a: Ludicolo|Ice Beam|p2a: Volcanion\n|-resisted|p2a: Volcanion\n|-damage|p2a: Volcanion|230/256\n|\n|-heal|p2a: Volcanion|246/256|[from] item: Leftovers\n|upkeep\n|turn|5\n|inactive|Plop has 120 seconds left.\n|\n|t:|1770206168\n|switch|p1a: Rotom|Rotom-Wash, L80|211/211\n|move|p2a: Volcanion|Toxic|p1a: Rotom\n|-status|p1a: Rotom|tox\n|\n|-heal|p2a: Volcanion|256/256|[from] item: Leftovers\n|-damage|p1a: Rotom|198/211 tox|[from] psn\n|upkeep\n|turn|6\n|\n|t:|1770206178\n|switch|p2a: Amoonguss|Amoonguss, L83, F|301/325\n|move|p1a: Rotom|Volt Switch|p2a: Amoonguss\n|-resisted|p2a: Amoonguss\n|-damage|p2a: Amoonguss|259/325\n|inactive|Plop has 120 seconds left.\n|\n|t:|1770206209\n|switch|p1a: Ludicolo|Ludicolo, L88, F|284/284|[from] Volt Switch\n|\n|-heal|p2a: Amoonguss|279/325|[from] item: Black Sludge\n|upkeep\n|turn|7\n|\n|t:|1770206216\n|move|p1a: Ludicolo|Ice Beam|p2a: Amoonguss\n|-supereffective|p2a: Amoonguss\n|-damage|p2a: Amoonguss|71/325\n|move|p2a: Amoonguss|Sludge Bomb|p1a: Ludicolo\n|-supereffective|p1a: Ludicolo\n|-damage|p1a: Ludicolo|150/284\n|\n|-heal|p2a: Amoonguss|91/325|[from] item: Black Sludge\n|upkeep\n|turn|8\n|inactive|Plop has 120 seconds left.\n|\n|t:|1770206223\n|switch|p1a: Pikachu|Pikachu, L91, M|212/212\n|switch|p2a: Volcanion|Volcanion, L79|256/256\n|\n|upkeep\n|turn|9\n|\n|t:|1770206231\n|switch|p2a: Sudowoodo|Sudowoodo, L94, F|284/284\n|move|p1a: Pikachu|Knock Off|p2a: Sudowoodo\n|-crit|p2a: Sudowoodo\n|-damage|p2a: Sudowoodo|163/284\n|-enditem|p2a: Sudowoodo|Leftovers|[from] move: Knock Off|[of] p1a: Pikachu\n|\n|upkeep\n|turn|10\n|inactive|Plop has 120 seconds left.\n|inactive|Plop has 90 seconds left.\n|l|☆pepperonibeatles\n|inactive|pepperonibeatles disconnected and has a minute to reconnect!\n|player|p2|\n|\n|t:|1770206292\n|switch|p1a: Rotom|Rotom-Wash, L80|198/211 tox\n|move|p2a: Sudowoodo|Stealth Rock|p1a: Rotom\n|-sidestart|p1: Plop|move: Stealth Rock\n|\n|-damage|p1a: Rotom|185/211 tox|[from] psn\n|upkeep\n|turn|11\n|inactive|pepperonibeatles has 30 seconds to reconnect!\n|j|☆pepperonibeatles\n|inactive|pepperonibeatles reconnected and has 105 seconds left.\n|player|p2|pepperonibeatles|266|\n|\n|t:|1770206334\n|switch|p2a: Amoonguss|Amoonguss, L83, F|199/325\n|move|p1a: Rotom|Volt Switch|p2a: Amoonguss\n|-resisted|p2a: Amoonguss\n|-damage|p2a: Amoonguss|157/325\n|\n|t:|1770206352\n|switch|p1a: Ludicolo|Ludicolo, L88, F|150/284|[from] Volt Switch\n|-damage|p1a: Ludicolo|115/284|[from] Stealth Rock\n|\n|-heal|p2a: Amoonguss|177/325|[from] item: Black Sludge\n|upkeep\n|turn|12\n|\n|t:|1770206358\n|switch|p2a: Volcanion|Volcanion, L79|256/256\n|move|p1a: Ludicolo|Energy Ball|p2a: Volcanion\n|-damage|p2a: Volcanion|94/256\n|\n|-heal|p2a: Volcanion|110/256|[from] item: Leftovers\n|upkeep\n|turn|13\n|\n|t:|1770206372\n|switch|p1a: Pikachu|Pikachu, L91, M|212/212\n|-damage|p1a: Pikachu|186/212|[from] Stealth Rock\n|switch|p2a: Salamence|Salamence, L68, M|242/242\n|-ability|p2a: Salamence|Intimidate|boost\n|-unboost|p1a: Pikachu|atk|1\n|\n|upkeep\n|turn|14\n|inactive|pepperonibeatles has 120 seconds left.\n|inactive|Plop has 60 seconds left.\n|\n|t:|1770206404\n|detailschange|p2a: Salamence|Salamence-Mega, L68, M\n|-mega|p2a: Salamence|Salamence|Salamencite\n|move|p1a: Pikachu|Volt Tackle|p2a: Salamence\n|-damage|p2a: Salamence|133/242\n|-damage|p1a: Pikachu|150/212|[from] Recoil\n|move|p2a: Salamence|Dragon Dance|p2a: Salamence\n|-boost|p2a: Salamence|atk|1\n|-boost|p2a: Salamence|spe|1\n|\n|upkeep\n|turn|15\n|inactive|Plop has 60 seconds left.\n|inactive|pepperonibeatles has 120 seconds left.\n|\n|t:|1770206428\n|switch|p1a: Garbodor|Garbodor, L88, M|221/284\n|-damage|p1a: Garbodor|186/284|[from] Stealth Rock\n|move|p2a: Salamence|Return|p1a: Garbodor\n|-damage|p1a: Garbodor|0 fnt\n|-damage|p2a: Salamence|73/242|[from] ability: Aftermath|[of] p1a: Garbodor\n|faint|p1a: Garbodor\n|\n|upkeep\n|\n|t:|1770206441\n|switch|p1a: Pikachu|Pikachu, L91, M|150/212\n|-damage|p1a: Pikachu|124/212|[from] Stealth Rock\n|turn|16\n|\n|t:|1770206445\n|move|p1a: Pikachu|Extreme Speed|p2a: Salamence\n|-damage|p2a: Salamence|0 fnt\n|faint|p2a: Salamence\n|detailschange|p2: Salamence|Salamence, L68, M|[silent]\n|\n|upkeep\n|\n|t:|1770206462\n|switch|p2a: Terrakion|Terrakion, L77|267/267\n|turn|17\n|inactive|Plop has 60 seconds left.\n|\n|t:|1770206472\n|move|p1a: Pikachu|Grass Knot|p2a: Terrakion\n|-supereffective|p2a: Terrakion\n|-damage|p2a: Terrakion|11/267\n|move|p2a: Terrakion|Close Combat|p1a: Pikachu\n|-damage|p1a: Pikachu|0 fnt\n|-unboost|p2a: Terrakion|def|1\n|-unboost|p2a: Terrakion|spd|1\n|faint|p1a: Pikachu\n|-damage|p2a: Terrakion|0 fnt|[from] item: Life Orb\n|faint|p2a: Terrakion\n|\n|upkeep\n|inactive|Plop has 60 seconds left.\n|\n|t:|1770206487\n|switch|p1a: Ludicolo|Ludicolo, L88, F|115/284\n|switch|p2a: Gardevoir|Gardevoir, L81, F|243/243\n|-ability|p2a: Gardevoir|Swift Swim|Trace|[from] ability: Trace|[of] p1a: Ludicolo\n|-damage|p1a: Ludicolo|80/284|[from] Stealth Rock\n|turn|18\n|\n|t:|1770206496\n|move|p2a: Gardevoir|Psychic|p1a: Ludicolo\n|-damage|p1a: Ludicolo|0 fnt\n|faint|p1a: Ludicolo\n|\n|upkeep\n|\n|t:|1770206500\n|switch|p1a: Swoobat|Swoobat, L87, F|258/258\n|-damage|p1a: Swoobat|194/258|[from] Stealth Rock\n|turn|19\n|\n|t:|1770206504\n|switch|p2a: Sudowoodo|Sudowoodo, L94, F|163/284\n|move|p1a: Swoobat|Calm Mind|p1a: Swoobat\n|-boost|p1a: Swoobat|spa|2\n|-boost|p1a: Swoobat|spd|2\n|\n|-heal|p1a: Swoobat|210/258|[from] item: Leftovers\n|upkeep\n|turn|20\n|\n|t:|1770206514\n|move|p1a: Swoobat|Stored Power|p2a: Sudowoodo\n|-damage|p2a: Sudowoodo|0 fnt\n|faint|p2a: Sudowoodo\n|\n|-heal|p1a: Swoobat|226/258|[from] item: Leftovers\n|upkeep\n|-message|pepperonibeatles forfeited.\n|\n|win|Plop\n|raw|Plop's rating: 1794 &rarr; <strong>1806</strong><br />(+12 for winning)\n|raw|pepperonibeatles's rating: 1642 &rarr; <strong>1630</strong><br />(-12 for losing)\n|l|☆pepperonibeatles\n|player|p2|\n", "inputlog": ">version ccdc32dd7cde25fd9e4bed64820e885f66e78a4e\n>start {\"formatid\":\"gen6randombattle\",\"seed\":\"sodium,2b464472a0e1fa1e304944ca5ef1de28\",\"rated\":\"Rated battle\"}\n>player p1 {\"name\":\"Plop\",\"avatar\":\"#rbtt9travelers\",\"rating\":1794,\"seed\":\"sodium,b9031ab340202ff8d4112f3159ca252a\"}\n>player p2 {\"name\":\"pepperonibeatles\",\"avatar\":\"266\",\"rating\":1642,\"seed\":\"sodium,ec26687dbf2e470e054eb39fd7ecafe0\"}\n>p1 switch 4\n>p2 move shadowball\n>p1 move gunkshot\n>p2 switch 5\n>p1 switch 6\n>p2 move spore\n>p1 move icebeam\n>p2 switch 6\n>p1 switch 5\n>p2 move toxic\n>p1 move voltswitch\n>p2 switch 6\n>p1 switch 5\n>p1 move icebeam\n>p2 move sludgebomb\n>p1 switch 3\n>p2 switch 6\n>p1 move knockoff\n>p2 switch 3\n>p1 switch 5\n>p2 move stealthrock\n>p1 move voltswitch\n>p2 switch 6\n>p1 switch 3\n>p1 move energyball\n>p2 switch 3\n>p1 switch 5\n>p2 switch 4\n>p1 move volttackle\n>p2 move dragondance mega\n>p1 switch 6\n>p2 move return\n>p1 switch 6\n>p1 move extremespeed\n>p2 move earthquake\n>p2 switch 2\n>p1 move grassknot\n>p2 move closecombat\n>p1 switch 5\n>p2 switch 5\n>p1 move icebeam\n>p2 move psychic\n>p1 switch 4\n>p1 move calmmind\n>p2 switch 6\n>p1 move storedpower\n>p2 move stoneedge\n>forcelose p2", "uploadtime": 1770206520, "views": 223, "formatid": "gen6randombattle", "rating": 1630, "private": 0, "password": null}