{"id": "gen6randombattle-2523043484", "format": "[Gen 6] Random Battle", "players": ["HengHengSweeSwee", "I never run good"], "log": "|j|☆HengHengSweeSwee\n|j|☆I never run good\n|t:|1768976962\n|gametype|singles\n|player|p1|HengHengSweeSwee|1|1565\n|player|p2|I never run good|allister|1705\n|gen|6\n|tier|[Gen 6] Random Battle\n|rated|\n|rule|Sleep Clause Mod: Limit one foe put to sleep\n|rule|HP Percentage Mod: HP is shown in percentages\n|rule|Illusion Level Mod: Illusion disguises the Pokémon's true level\n|\n|t:|1768976962\n|teamsize|p1|6\n|teamsize|p2|6\n|start\n|switch|p1a: Abomasnow|Abomasnow, L84, M|287/287\n|switch|p2a: Carnivine|Carnivine, F|310/310\n|-weather|Hail|[from] ability: Snow Warning|[of] p1a: Abomasnow\n|turn|1\n|j| ggghbbb buongio\n|\n|t:|1768976989\n|switch|p2a: Klefki|Klefki, L79, M|220/220\n|move|p1a: Abomasnow|Blizzard|p2a: Klefki\n|-resisted|p2a: Klefki\n|-damage|p2a: Klefki|164/220\n|\n|-weather|Hail|[upkeep]\n|-damage|p2a: Klefki|151/220|[from] Hail\n|-heal|p2a: Klefki|164/220|[from] item: Leftovers\n|upkeep\n|turn|2\n|\n|t:|1768977012\n|move|p2a: Klefki|Spikes|p1a: Abomasnow\n|-sidestart|p1: HengHengSweeSwee|Spikes\n|move|p1a: Abomasnow|Earthquake|p2a: Klefki\n|-supereffective|p2a: Klefki\n|-damage|p2a: Klefki|10/220\n|\n|-weather|Hail|[upkeep]\n|-damage|p2a: Klefki|0 fnt|[from] Hail\n|faint|p2a: Klefki\n|upkeep\n|\n|t:|1768977026\n|switch|p2a: Drapion|Drapion, L83, F|252/252\n|turn|3\n|j| Jakub111\n|inactive|Battle timer is ON: inactive players will automatically lose when time's up. (requested by I never run good)\n|l| Jakub111\n|\n|t:|1768977049\n|switch|p1a: Aggron|Aggron, L78, M|237/237\n|-damage|p1a: Aggron|208/237|[from] Spikes\n|move|p2a: Drapion|Poison Jab|p1a: Aggron\n|-immune|p1a: Aggron\n|\n|-weather|Hail|[upkeep]\n|-damage|p2a: Drapion|237/252|[from] Hail\n|-damage|p1a: Aggron|194/237|[from] Hail\n|-heal|p2a: Drapion|252/252|[from] item: Black Sludge\n|upkeep\n|turn|4\n|\n|t:|1768977060\n|detailschange|p1a: Aggron|Aggron-Mega, L78, M\n|-mega|p1a: Aggron|Aggron|Aggronite\n|move|p2a: Drapion|Toxic Spikes|p1a: Aggron\n|-sidestart|p1: HengHengSweeSwee|move: Toxic Spikes\n|move|p1a: Aggron|Heavy Slam|p2a: Drapion\n|-damage|p2a: Drapion|114/252\n|\n|-weather|Hail|[upkeep]\n|-damage|p2a: Drapion|99/252|[from] Hail\n|-damage|p1a: Aggron|180/237|[from] Hail\n|-heal|p2a: Drapion|114/252|[from] item: Black Sludge\n|upkeep\n|turn|5\n|\n|t:|1768977070\n|switch|p2a: Quagsire|Quagsire, L87, F|307/307\n|move|p1a: Aggron|Heavy Slam|p2a: Quagsire\n|-resisted|p2a: Quagsire\n|-damage|p2a: Quagsire|227/307\n|\n|-weather|none\n|-heal|p2a: Quagsire|246/307|[from] item: Leftovers\n|upkeep\n|turn|6\n|\n|t:|1768977086\n|switch|p2a: Drapion|Drapion, L83, F|114/252\n|move|p1a: Aggron|Toxic|p2a: Drapion\n|-immune|p2a: Drapion\n|\n|-heal|p2a: Drapion|129/252|[from] item: Black Sludge\n|upkeep\n|turn|7\n|\n|t:|1768977094\n|switch|p2a: Quagsire|Quagsire, L87, F|246/307\n|move|p1a: Aggron|Earthquake|p2a: Quagsire\n|-damage|p2a: Quagsire|165/307\n|\n|-heal|p2a: Quagsire|184/307|[from] item: Leftovers\n|upkeep\n|turn|8\n|\n|t:|1768977105\n|move|p1a: Aggron|Toxic|p2a: Quagsire\n|-status|p2a: Quagsire|tox\n|move|p2a: Quagsire|Scald|p1a: Aggron\n|-damage|p1a: Aggron|98/237\n|-status|p1a: Aggron|brn\n|\n|-heal|p2a: Quagsire|203/307 tox|[from] item: Leftovers\n|-damage|p2a: Quagsire|184/307 tox|[from] psn\n|-damage|p1a: Aggron|69/237 brn|[from] brn\n|upkeep\n|turn|9\n|\n|t:|1768977115\n|move|p1a: Aggron|Earthquake|p2a: Quagsire\n|-damage|p2a: Quagsire|142/307 tox\n|move|p2a: Quagsire|Recover|p2a: Quagsire\n|-heal|p2a: Quagsire|296/307 tox\n|\n|-heal|p2a: Quagsire|307/307 tox|[from] item: Leftovers\n|-damage|p2a: Quagsire|269/307 tox|[from] psn\n|-damage|p1a: Aggron|40/237 brn|[from] brn\n|upkeep\n|turn|10\n|\n|t:|1768977127\n|switch|p2a: Drapion|Drapion, L83, F|129/252\n|move|p1a: Aggron|Heavy Slam|p2a: Drapion\n|-damage|p2a: Drapion|69/252\n|\n|-heal|p2a: Drapion|84/252|[from] item: Black Sludge\n|-damage|p1a: Aggron|11/237 brn|[from] brn\n|upkeep\n|turn|11\n|\n|t:|1768977131\n|move|p2a: Drapion|Knock Off|p1a: Aggron\n|-damage|p1a: Aggron|0 fnt\n|faint|p1a: Aggron\n|detailschange|p1: Aggron|Aggron, L78, M|[silent]\n|\n|-heal|p2a: Drapion|99/252|[from] item: Black Sludge\n|upkeep\n|inactive|HengHengSweeSwee has 120 seconds left.\n|\n|t:|1768977165\n|switch|p1a: Hawlucha|Hawlucha, L77, F|244/244\n|turn|12\n|\n|t:|1768977178\n|move|p1a: Hawlucha|Swords Dance|p1a: Hawlucha\n|-boost|p1a: Hawlucha|atk|2\n|move|p2a: Drapion|Whirlwind|p1a: Hawlucha\n|drag|p1a: Seviper|Seviper, L91, F|281/281\n|-damage|p1a: Seviper|246/281|[from] Spikes\n|-sideend|p1: HengHengSweeSwee|move: Toxic Spikes|[of] p1a: Seviper\n|\n|-heal|p2a: Drapion|114/252|[from] item: Black Sludge\n|upkeep\n|turn|13\n|\n|t:|1768977188\n|switch|p2a: Quagsire|Quagsire, L87, F|269/307 tox\n|move|p1a: Seviper|Earthquake|p2a: Quagsire\n|-damage|p2a: Quagsire|159/307 tox\n|-damage|p1a: Seviper|218/281|[from] item: Life Orb\n|\n|-heal|p2a: Quagsire|178/307 tox|[from] item: Leftovers\n|-damage|p2a: Quagsire|159/307 tox|[from] psn\n|upkeep\n|turn|14\n|\n|t:|1768977197\n|switch|p2a: Drapion|Drapion, L83, F|114/252\n|move|p1a: Seviper|Earthquake|p2a: Drapion\n|-supereffective|p2a: Drapion\n|-damage|p2a: Drapion|0 fnt\n|faint|p2a: Drapion\n|-damage|p1a: Seviper|190/281|[from] item: Life Orb\n|\n|upkeep\n|c|☆HengHengSweeSwee|Lol pls switch more\n|\n|t:|1768977208\n|switch|p2a: Quagsire|Quagsire, L87, F|159/307 tox\n|turn|15\n|c|☆HengHengSweeSwee|It's very fun\n|j| Plop\n|\n|t:|1768977222\n|switch|p1a: Abomasnow|Abomasnow, L84, M|287/287\n|-damage|p1a: Abomasnow|252/287|[from] Spikes\n|-weather|Hail|[from] ability: Snow Warning|[of] p1a: Abomasnow\n|move|p2a: Quagsire|Recover|p2a: Quagsire\n|-heal|p2a: Quagsire|307/307 tox\n|\n|-weather|Hail|[upkeep]\n|-damage|p2a: Quagsire|288/307 tox|[from] Hail\n|-heal|p2a: Quagsire|307/307 tox|[from] item: Leftovers\n|-damage|p2a: Quagsire|288/307 tox|[from] psn\n|upkeep\n|turn|16\n|\n|t:|1768977228\n|switch|p2a: Banette|Banette, L87, M|253/253\n|-item|p1a: Abomasnow|Assault Vest|[from] ability: Frisk|[of] p2a: Banette\n|move|p1a: Abomasnow|Blizzard|p2a: Banette\n|-damage|p2a: Banette|103/253\n|\n|-weather|Hail|[upkeep]\n|-damage|p2a: Banette|88/253|[from] Hail\n|upkeep\n|turn|17\n|c|☆HengHengSweeSwee|Switch again lol\n|\n|t:|1768977241\n|detailschange|p2a: Banette|Banette-Mega, L87, M\n|-mega|p2a: Banette|Banette|Banettite\n|move|p2a: Banette|Destiny Bond|p2a: Banette\n|-singlemove|p2a: Banette|Destiny Bond\n|move|p1a: Abomasnow|Blizzard|p2a: Banette\n|-damage|p2a: Banette|0 fnt\n|faint|p2a: Banette\n|-activate|p2a: Banette|move: Destiny Bond\n|detailschange|p2: Banette|Banette, L87, M|[silent]\n|faint|p1a: Abomasnow\n|\n|-weather|Hail|[upkeep]\n|upkeep\n|\n|t:|1768977263\n|switch|p2a: Dragalge|Dragalge, L87, M|255/255\n|switch|p1a: Hawlucha|Hawlucha, L77, F|244/244\n|turn|18\n|\n|t:|1768977272\n|move|p1a: Hawlucha|Substitute|p1a: Hawlucha\n|-start|p1a: Hawlucha|Substitute\n|-damage|p1a: Hawlucha|183/244\n|move|p2a: Dragalge|Dragon Pulse|p1a: Hawlucha\n|-end|p1a: Hawlucha|Substitute\n|\n|-weather|Hail|[upkeep]\n|-damage|p1a: Hawlucha|168/244|[from] Hail\n|-damage|p2a: Dragalge|240/255|[from] Hail\n|upkeep\n|turn|19\n|\n|t:|1768977277\n|move|p1a: Hawlucha|Swords Dance|p1a: Hawlucha\n|-boost|p1a: Hawlucha|atk|2\n|move|p2a: Dragalge|Dragon Pulse|p1a: Hawlucha\n|-damage|p1a: Hawlucha|0 fnt\n|faint|p1a: Hawlucha\n|\n|-weather|none\n|upkeep\n|\n|t:|1768977282\n|switch|p1a: Seviper|Seviper, L91, F|190/281\n|-damage|p1a: Seviper|155/281|[from] Spikes\n|turn|20\n|\n|t:|1768977288\n|switch|p2a: Quagsire|Quagsire, L87, F|288/307 tox\n|move|p1a: Seviper|Earthquake|p2a: Quagsire\n|-damage|p2a: Quagsire|184/307 tox\n|-damage|p1a: Seviper|127/281|[from] item: Life Orb\n|\n|-heal|p2a: Quagsire|203/307 tox|[from] item: Leftovers\n|-damage|p2a: Quagsire|184/307 tox|[from] psn\n|upkeep\n|turn|21\n|\n|t:|1768977295\n|move|p1a: Seviper|Earthquake|p2a: Quagsire\n|-damage|p2a: Quagsire|77/307 tox\n|-damage|p1a: Seviper|99/281|[from] item: Life Orb\n|move|p2a: Quagsire|Recover|p2a: Quagsire\n|-heal|p2a: Quagsire|231/307 tox\n|\n|-heal|p2a: Quagsire|250/307 tox|[from] item: Leftovers\n|-damage|p2a: Quagsire|212/307 tox|[from] psn\n|upkeep\n|turn|22\n|\n|t:|1768977305\n|move|p1a: Seviper|Earthquake|p2a: Quagsire\n|-damage|p2a: Quagsire|94/307 tox\n|-damage|p1a: Seviper|71/281|[from] item: Life Orb\n|move|p2a: Quagsire|Earthquake|p1a: Seviper\n|-supereffective|p1a: Seviper\n|-damage|p1a: Seviper|0 fnt\n|faint|p1a: Seviper\n|\n|-heal|p2a: Quagsire|113/307 tox|[from] item: Leftovers\n|-damage|p2a: Quagsire|56/307 tox|[from] psn\n|upkeep\n|\n|t:|1768977316\n|switch|p1a: Bibarel|Bibarel, L95, M|304/304\n|-damage|p1a: Bibarel|266/304|[from] Spikes\n|turn|23\n|\n|t:|1768977329\n|move|p1a: Bibarel|Curse|p1a: Bibarel\n|-unboost|p1a: Bibarel|spe|2\n|-boost|p1a: Bibarel|atk|2\n|-boost|p1a: Bibarel|def|2\n|move|p2a: Quagsire|Earthquake|p1a: Bibarel\n|-damage|p1a: Bibarel|157/304\n|\n|-heal|p2a: Quagsire|75/307 tox|[from] item: Leftovers\n|-heal|p1a: Bibarel|176/304|[from] item: Leftovers\n|-damage|p2a: Quagsire|0 fnt|[from] psn\n|faint|p2a: Quagsire\n|upkeep\n|\n|t:|1768977337\n|switch|p2a: Carnivine|Carnivine, F|310/310\n|turn|24\n|\n|t:|1768977342\n|move|p1a: Bibarel|Quick Attack|p2a: Carnivine\n|-damage|p2a: Carnivine|220/310\n|move|p2a: Carnivine|Power Whip|p1a: Bibarel\n|-supereffective|p1a: Bibarel\n|-damage|p1a: Bibarel|0 fnt\n|faint|p1a: Bibarel\n|\n|-heal|p2a: Carnivine|239/310|[from] item: Leftovers\n|upkeep\n|\n|t:|1768977346\n|switch|p1a: Electrode|Electrode, L88|249/249\n|-damage|p1a: Electrode|218/249|[from] Spikes\n|turn|25\n|\n|t:|1768977356\n|move|p1a: Electrode|Hidden Power|p2a: Carnivine\n|-supereffective|p2a: Carnivine\n|-damage|p2a: Carnivine|157/310\n|move|p2a: Carnivine|Power Whip|p1a: Electrode\n|-damage|p1a: Electrode|22/249\n|\n|-heal|p1a: Electrode|37/249|[from] item: Leftovers\n|-heal|p2a: Carnivine|176/310|[from] item: Leftovers\n|upkeep\n|turn|26\n|\n|t:|1768977361\n|move|p1a: Electrode|Thunder Wave|p2a: Carnivine\n|-status|p2a: Carnivine|par\n|cant|p2a: Carnivine|par\n|\n|-heal|p1a: Electrode|52/249|[from] item: Leftovers\n|-heal|p2a: Carnivine|195/310 par|[from] item: Leftovers\n|upkeep\n|turn|27\n|\n|t:|1768977366\n|move|p1a: Electrode|Hidden Power|p2a: Carnivine\n|-supereffective|p2a: Carnivine\n|-damage|p2a: Carnivine|115/310 par\n|move|p2a: Carnivine|Power Whip|p1a: Electrode\n|-damage|p1a: Electrode|0 fnt\n|-damage|p2a: Carnivine|38/310 par|[from] ability: Aftermath|[of] p1a: Electrode\n|faint|p1a: Electrode\n|\n|win|I never run good\n|raw|HengHengSweeSwee's rating: 1565 &rarr; <strong>1553</strong><br />(-12 for losing)\n|raw|I never run good's rating: 1705 &rarr; <strong>1717</strong><br />(+12 for winning)\n|c|☆I never run good|Maybe you should have switched more idk\n|c|☆I never run good|gg!\n|c|☆HengHengSweeSwee|Cancer\n|l|☆HengHengSweeSwee\n|player|p1|\n|l| Plop\n|l|☆I never run good\n|player|p2|\n|j|☆HengHengSweeSwee\n|player|p1|HengHengSweeSwee|1|\n|j|☆I never run good\n|player|p2|I never run good|allister|\n|c|☆I never run good|Oh hey\n|l|☆HengHengSweeSwee\n|player|p1|\n|c|☆I never run good|Bye again o7\n", "inputlog": ">version 3bd1a1e329da8d286644078cfc9a9638fc7ea025\n>start {\"formatid\":\"gen6randombattle\",\"seed\":\"sodium,e6e055599f07a3cb9e6d62cd8540b6e5\",\"rated\":\"Rated battle\"}\n>player p1 {\"name\":\"HengHengSweeSwee\",\"avatar\":\"1\",\"rating\":1565,\"seed\":\"sodium,039e25194987c3bb3e819a0bebdbce89\"}\n>player p2 {\"name\":\"I never run good\",\"avatar\":\"allister\",\"rating\":1705,\"seed\":\"sodium,5ebe4fe0b08283a70425774d7d46f66b\"}\n>p1 move blizzard\n>p2 switch 5\n>p1 move earthquake\n>p2 move spikes\n>p2 switch 4\n>p1 switch 5\n>p2 move poisonjab\n>p1 move heavyslam mega\n>p2 move toxicspikes\n>p1 move heavyslam\n>p2 switch 6\n>p1 move toxic\n>p2 switch 6\n>p1 move earthquake\n>p2 switch 6\n>p1 move toxic\n>p2 move scald\n>p1 move earthquake\n>p2 move recover\n>p1 move heavyslam\n>p2 switch 6\n>p1 move earthquake\n>p2 move knockoff\n>p1 switch 4\n>p1 move swordsdance\n>p2 move whirlwind\n>p1 move earthquake\n>p2 switch 6\n>p1 move earthquake\n>p2 switch 6\n>chat ☆HengHengSweeSwee|Lol pls switch more\n>p2 switch 6\n>chat ☆HengHengSweeSwee|It's very fun\n>p1 switch 5\n>p2 move recover\n>p1 move blizzard\n>p2 switch 2\n>chat ☆HengHengSweeSwee|Switch again lol\n>p1 move blizzard\n>p2 move destinybond mega\n>p1 switch 2\n>p2 switch 3\n>p1 move substitute\n>p2 move dragonpulse\n>p1 move swordsdance\n>p2 move dragonpulse\n>p1 switch 5\n>p1 move earthquake\n>p2 switch 2\n>p1 move earthquake\n>p2 move recover\n>p1 move earthquake\n>p2 move earthquake\n>p1 switch 3\n>p1 move curse\n>p2 move earthquake\n>p2 switch 5\n>p1 move quickattack\n>p2 move powerwhip\n>p1 switch 6\n>p1 move hiddenpower\n>p2 move powerwhip\n>p1 move thunderwave\n>p2 move powerwhip\n>p1 move hiddenpower\n>p2 move powerwhip", "uploadtime": 1768977389, "views": 322, "formatid": "gen6randombattle", "rating": 1553, "private": 0, "password": null}