{"id": "gen6randombattle-2521541949", "format": "[Gen 6] Random Battle", "players": ["hexinyi", "arboretums"], "log": "|j|☆hexinyi\n|j|☆arboretums\n|t:|1768786286\n|gametype|singles\n|player|p1|hexinyi|elesa|1565\n|player|p2|arboretums|serena-masters2|1648\n|gen|6\n|tier|[Gen 6] Random Battle\n|rated|\n|rule|Sleep Clause Mod: Limit one foe put to sleep\n|rule|HP Percentage Mod: HP is shown in percentages\n|rule|Illusion Level Mod: Illusion disguises the Pokémon's true level\n|\n|t:|1768786286\n|teamsize|p1|6\n|teamsize|p2|6\n|start\n|switch|p1a: Swampert|Swampert, L82, F|298/298\n|switch|p2a: Porygon2|Porygon2, L81|270/270\n|-ability|p2a: Porygon2|Download|boost\n|-boost|p2a: Porygon2|spa|1\n|turn|1\n|inactive|Battle timer is ON: inactive players will automatically lose when time's up. (requested by hexinyi)\n|\n|t:|1768786296\n|move|p1a: Swampert|Toxic|p2a: Porygon2\n|-status|p2a: Porygon2|tox\n|move|p2a: Porygon2|Tri Attack|p1a: Swampert\n|-damage|p1a: Swampert|163/298\n|\n|-heal|p1a: Swampert|181/298|[from] item: Leftovers\n|-damage|p2a: Porygon2|254/270 tox|[from] psn\n|upkeep\n|turn|2\n|\n|t:|1768786306\n|move|p1a: Swampert|Protect|p1a: Swampert\n|-singleturn|p1a: Swampert|Protect\n|move|p2a: Porygon2|Tri Attack|p1a: Swampert\n|-activate|p1a: Swampert|move: Protect\n|\n|-heal|p1a: Swampert|199/298|[from] item: Leftovers\n|-damage|p2a: Porygon2|222/270 tox|[from] psn\n|upkeep\n|turn|3\n|\n|t:|1768786317\n|move|p1a: Swampert|Scald|p2a: Porygon2\n|-damage|p2a: Porygon2|176/270 tox\n|move|p2a: Porygon2|Tri Attack|p1a: Swampert\n|-damage|p1a: Swampert|76/298\n|\n|-heal|p1a: Swampert|94/298|[from] item: Leftovers\n|-damage|p2a: Porygon2|128/270 tox|[from] psn\n|upkeep\n|turn|4\n|\n|t:|1768786337\n|move|p1a: Swampert|Scald|p2a: Porygon2\n|-damage|p2a: Porygon2|55/270 tox\n|move|p2a: Porygon2|Recover|p2a: Porygon2\n|-heal|p2a: Porygon2|190/270 tox\n|\n|-heal|p1a: Swampert|112/298|[from] item: Leftovers\n|-damage|p2a: Porygon2|126/270 tox|[from] psn\n|upkeep\n|turn|5\n|\n|t:|1768786346\n|move|p1a: Swampert|Scald|p2a: Porygon2\n|-damage|p2a: Porygon2|83/270 tox\n|move|p2a: Porygon2|Tri Attack|p1a: Swampert\n|-damage|p1a: Swampert|0 fnt\n|faint|p1a: Swampert\n|\n|-damage|p2a: Porygon2|3/270 tox|[from] psn\n|upkeep\n|\n|t:|1768786369\n|switch|p1a: Smeargle|Smeargle, L89, F|243/243\n|turn|6\n|\n|t:|1768786376\n|move|p1a: Smeargle|Sticky Web|p2a: Porygon2\n|-sidestart|p2: arboretums|move: Sticky Web\n|move|p2a: Porygon2|Tri Attack|p1a: Smeargle\n|-damage|p1a: Smeargle|60/243\n|-status|p1a: Smeargle|brn\n|\n|-damage|p2a: Porygon2|0 fnt|[from] psn\n|faint|p2a: Porygon2\n|-damage|p1a: Smeargle|30/243 brn|[from] brn\n|upkeep\n|\n|t:|1768786388\n|switch|p2a: Talonflame|Talonflame, L79, M|253/253\n|turn|7\n|\n|t:|1768786394\n|switch|p1a: Tyranitar|Tyranitar, L75, F|274/274\n|-weather|Sandstorm|[from] ability: Sand Stream|[of] p1a: Tyranitar\n|move|p2a: Talonflame|Swords Dance|p2a: Talonflame\n|-boost|p2a: Talonflame|atk|2\n|\n|-weather|Sandstorm|[upkeep]\n|-damage|p2a: Talonflame|238/253|[from] Sandstorm\n|upkeep\n|turn|8\n|\n|t:|1768786405\n|switch|p2a: Throh|Throh, L88, M|354/354\n|-activate|p2a: Throh|move: Sticky Web\n|-unboost|p2a: Throh|spe|1\n|detailschange|p1a: Tyranitar|Tyranitar-Mega, L75, F\n|-mega|p1a: Tyranitar|Tyranitar|Tyranitarite\n|move|p1a: Tyranitar|Stone Edge|p2a: Throh\n|-resisted|p2a: Throh\n|-damage|p2a: Throh|294/354\n|\n|-weather|Sandstorm|[upkeep]\n|-damage|p2a: Throh|272/354|[from] Sandstorm\n|-heal|p2a: Throh|294/354|[from] item: Leftovers\n|upkeep\n|turn|9\n|\n|t:|1768786426\n|switch|p1a: Floatzel|Floatzel, L86, M|286/286\n|move|p2a: Throh|Circle Throw|p1a: Floatzel\n|-damage|p1a: Floatzel|195/286\n|drag|p1a: Exeggutor|Exeggutor, L92, M|324/324\n|\n|-weather|Sandstorm|[upkeep]\n|-damage|p1a: Exeggutor|304/324|[from] Sandstorm\n|-damage|p2a: Throh|272/354|[from] Sandstorm\n|-heal|p2a: Throh|294/354|[from] item: Leftovers\n|upkeep\n|turn|10\n|\n|t:|1768786443\n|switch|p2a: Cresselia|Cresselia, L80, F|323/323\n|move|p1a: Exeggutor|Psychic|p2a: Cresselia\n|-resisted|p2a: Cresselia\n|-damage|p2a: Cresselia|267/323\n|\n|-weather|Sandstorm|[upkeep]\n|-damage|p2a: Cresselia|247/323|[from] Sandstorm\n|-damage|p1a: Exeggutor|284/324|[from] Sandstorm\n|-heal|p2a: Cresselia|267/323|[from] item: Leftovers\n|upkeep\n|turn|11\n|\n|t:|1768786454\n|move|p2a: Cresselia|Toxic|p1a: Exeggutor\n|-status|p1a: Exeggutor|tox\n|move|p1a: Exeggutor|Sleep Powder|p2a: Cresselia\n|-status|p2a: Cresselia|slp|[from] move: Sleep Powder\n|\n|-weather|none\n|-heal|p2a: Cresselia|287/323 slp|[from] item: Leftovers\n|-damage|p1a: Exeggutor|264/324 tox|[from] psn\n|upkeep\n|turn|12\n|\n|t:|1768786464\n|switch|p1a: Smeargle|Smeargle, L89, F|30/243 brn\n|cant|p2a: Cresselia|slp\n|\n|-heal|p2a: Cresselia|307/323 slp|[from] item: Leftovers\n|-damage|p1a: Smeargle|0 fnt|[from] brn\n|faint|p1a: Smeargle\n|upkeep\n|inactive|hexinyi has 120 seconds left.\n|\n|t:|1768786479\n|switch|p1a: Tyranitar|Tyranitar-Mega, L75, F|274/274\n|-weather|Sandstorm|[from] ability: Sand Stream|[of] p1a: Tyranitar\n|turn|13\n|inactive|hexinyi has 120 seconds left.\n|\n|t:|1768786491\n|switch|p2a: Throh|Throh, L88, M|294/354\n|-activate|p2a: Throh|move: Sticky Web\n|-unboost|p2a: Throh|spe|1\n|switch|p1a: Exeggutor|Exeggutor, L92, M|264/324 tox\n|\n|-weather|Sandstorm|[upkeep]\n|-damage|p1a: Exeggutor|244/324 tox|[from] Sandstorm\n|-damage|p2a: Throh|272/354|[from] Sandstorm\n|-heal|p2a: Throh|294/354|[from] item: Leftovers\n|-damage|p1a: Exeggutor|224/324 tox|[from] psn\n|upkeep\n|turn|14\n|inactive|hexinyi has 120 seconds left.\n|\n|t:|1768786510\n|switch|p2a: Talonflame|Talonflame, L79, M|238/253\n|move|p1a: Exeggutor|Psychic|p2a: Talonflame\n|-damage|p2a: Talonflame|54/253\n|\n|-weather|Sandstorm|[upkeep]\n|-damage|p2a: Talonflame|39/253|[from] Sandstorm\n|-damage|p1a: Exeggutor|204/324 tox|[from] Sandstorm\n|-damage|p1a: Exeggutor|164/324 tox|[from] psn\n|upkeep\n|turn|15\n|inactive|hexinyi has 120 seconds left.\n|\n|t:|1768786520\n|move|p2a: Talonflame|Brave Bird|p1a: Exeggutor\n|-supereffective|p1a: Exeggutor\n|-damage|p1a: Exeggutor|0 fnt\n|faint|p1a: Exeggutor\n|-damage|p2a: Talonflame|0 fnt|[from] Recoil\n|faint|p2a: Talonflame\n|\n|-weather|Sandstorm|[upkeep]\n|upkeep\n|inactive|hexinyi has 120 seconds left.\n|inactive|arboretums has 120 seconds left.\n|inactive|arboretums has 90 seconds left.\n|\n|t:|1768786584\n|switch|p2a: Throh|Throh, L88, M|294/354\n|switch|p1a: Floatzel|Floatzel, L86, M|195/286\n|-activate|p2a: Throh|move: Sticky Web\n|-unboost|p2a: Throh|spe|1\n|turn|16\n|\n|t:|1768786592\n|move|p1a: Floatzel|Waterfall|p2a: Throh\n|-crit|p2a: Throh\n|-damage|p2a: Throh|117/354\n|-damage|p1a: Floatzel|167/286|[from] item: Life Orb\n|move|p2a: Throh|Circle Throw|p1a: Floatzel\n|-crit|p1a: Floatzel\n|-damage|p1a: Floatzel|32/286\n|drag|p1a: Vivillon|Vivillon-Jungle, L83, M|267/267\n|\n|-weather|Sandstorm|[upkeep]\n|-damage|p1a: Vivillon|251/267|[from] Sandstorm\n|-damage|p2a: Throh|95/354|[from] Sandstorm\n|-heal|p1a: Vivillon|267/267|[from] item: Leftovers\n|-heal|p2a: Throh|117/354|[from] item: Leftovers\n|upkeep\n|turn|17\n|inactive|hexinyi has 120 seconds left.\n|\n|t:|1768786609\n|switch|p2a: Metagross|Metagross, L80|259/259\n|-activate|p2a: Metagross|move: Sticky Web\n|-fail|p2a: Metagross|unboost|[from] ability: Clear Body|[of] p2a: Metagross\n|move|p1a: Vivillon|Hurricane|p2a: Metagross\n|-resisted|p2a: Metagross\n|-damage|p2a: Metagross|208/259\n|\n|-weather|none\n|upkeep\n|turn|18\n|inactive|hexinyi has 120 seconds left.\n|\n|t:|1768786626\n|move|p1a: Vivillon|Quiver Dance|p1a: Vivillon\n|-boost|p1a: Vivillon|spa|1\n|-boost|p1a: Vivillon|spd|1\n|-boost|p1a: Vivillon|spe|1\n|move|p2a: Metagross|Agility|p2a: Metagross\n|-boost|p2a: Metagross|spe|2\n|\n|upkeep\n|turn|19\n|inactive|hexinyi has 120 seconds left.\n|\n|t:|1768786638\n|move|p2a: Metagross|Meteor Mash|p1a: Vivillon\n|-damage|p1a: Vivillon|101/267\n|move|p1a: Vivillon|Quiver Dance|p1a: Vivillon\n|-boost|p1a: Vivillon|spa|1\n|-boost|p1a: Vivillon|spd|1\n|-boost|p1a: Vivillon|spe|1\n|\n|-heal|p1a: Vivillon|117/267|[from] item: Leftovers\n|upkeep\n|turn|20\n|inactive|hexinyi has 120 seconds left.\n|\n|t:|1768786647\n|move|p1a: Vivillon|Bug Buzz|p2a: Metagross\n|-damage|p2a: Metagross|19/259\n|move|p2a: Metagross|Meteor Mash|p1a: Vivillon\n|-damage|p1a: Vivillon|0 fnt\n|-boost|p2a: Metagross|atk|1\n|faint|p1a: Vivillon\n|\n|upkeep\n|inactive|hexinyi has 120 seconds left.\n|\n|t:|1768786661\n|switch|p1a: Tyranitar|Tyranitar-Mega, L75, F|274/274\n|-weather|Sandstorm|[from] ability: Sand Stream|[of] p1a: Tyranitar\n|turn|21\n|inactive|hexinyi has 120 seconds left.\n|\n|t:|1768786667\n|move|p2a: Metagross|Meteor Mash|p1a: Tyranitar\n|-supereffective|p1a: Tyranitar\n|-damage|p1a: Tyranitar|26/274\n|-boost|p2a: Metagross|atk|1\n|move|p1a: Tyranitar|Fire Punch|p2a: Metagross\n|-supereffective|p2a: Metagross\n|-damage|p2a: Metagross|0 fnt\n|faint|p2a: Metagross\n|\n|-weather|Sandstorm|[upkeep]\n|upkeep\n|\n|t:|1768786672\n|switch|p2a: Throh|Throh, L88, M|117/354\n|-activate|p2a: Throh|move: Sticky Web\n|-unboost|p2a: Throh|spe|1\n|turn|22\n|\n|t:|1768786682\n|move|p1a: Tyranitar|Fire Punch|p2a: Throh\n|-damage|p2a: Throh|53/354\n|move|p2a: Throh|Circle Throw|p1a: Tyranitar\n|-supereffective|p1a: Tyranitar\n|-damage|p1a: Tyranitar|0 fnt\n|faint|p1a: Tyranitar\n|detailschange|p1: Tyranitar|Tyranitar, L75, F|[silent]\n|\n|-weather|Sandstorm|[upkeep]\n|-damage|p2a: Throh|31/354|[from] Sandstorm\n|-heal|p2a: Throh|53/354|[from] item: Leftovers\n|upkeep\n|-message|hexinyi forfeited.\n|\n|win|arboretums\n|raw|hexinyi's rating: 1565 &rarr; <strong>1550</strong><br />(-15 for losing)\n|raw|arboretums's rating: 1648 &rarr; <strong>1663</strong><br />(+15 for winning)\n|l|☆hexinyi\n|player|p1|\n", "inputlog": ">version 3bd1a1e329da8d286644078cfc9a9638fc7ea025\n>start {\"formatid\":\"gen6randombattle\",\"seed\":\"sodium,db13f0d9735ac4ea1b3eb6add17bf7a6\",\"rated\":\"Rated battle\"}\n>player p1 {\"name\":\"hexinyi\",\"avatar\":\"elesa\",\"rating\":1565,\"seed\":\"sodium,92b46c93ce03f6fd21e7d9a728688cb3\"}\n>player p2 {\"name\":\"arboretums\",\"avatar\":\"serena-masters2\",\"rating\":1648,\"seed\":\"sodium,4a1d081383fdb9144e6aea74b79c39b8\"}\n>p1 move toxic\n>p2 move triattack\n>p1 move protect\n>p2 move triattack\n>p1 move scald\n>p2 move triattack\n>p1 move scald\n>p2 move recover\n>p1 move scald\n>p2 move triattack\n>p1 switch 6\n>p1 move stickyweb\n>p2 move triattack\n>p2 switch 6\n>p1 switch 5\n>p2 move swordsdance\n>p1 move stoneedge mega\n>p2 switch 4\n>p1 switch 4\n>p2 move circlethrow\n>p1 move psychic\n>p2 switch 2\n>p1 move sleeppowder\n>p2 move toxic\n>p1 switch 5\n>p2 move moonblast\n>p1 switch 4\n>p1 switch 5\n>p2 switch 2\n>p1 move psychic\n>p2 switch 4\n>p1 move psychic\n>p2 move bravebird\n>p1 switch 3\n>p2 switch 4\n>p1 move waterfall\n>p2 move circlethrow\n>p1 move hurricane\n>p2 switch 3\n>p1 move quiverdance\n>p2 move agility\n>p1 move quiverdance\n>p2 move meteormash\n>p1 move bugbuzz\n>p2 move meteormash\n>p1 switch 5\n>p1 move firepunch\n>p2 move meteormash\n>p2 switch 3\n>p1 move firepunch\n>p2 move circlethrow\n>forcelose p1", "uploadtime": 1768786719, "views": 302, "formatid": "gen6randombattle", "rating": 1550, "private": 0, "password": null}