{"id": "gen6randombattle-2526989285", "format": "[Gen 6] Random Battle", "players": ["NTsweeper007", "Faowin"], "log": "|j|☆NTsweeper007\n|j|☆Faowin\n|t:|1769478848\n|gametype|singles\n|player|p1|NTsweeper007|hilbert-wonderlauncher|1568\n|player|p2|Faowin|palmer|1529\n|gen|6\n|tier|[Gen 6] Random Battle\n|rated|\n|rule|Sleep Clause Mod: Limit one foe put to sleep\n|rule|HP Percentage Mod: HP is shown in percentages\n|rule|Illusion Level Mod: Illusion disguises the Pokémon's true level\n|\n|t:|1769478848\n|teamsize|p1|6\n|teamsize|p2|6\n|start\n|switch|p1a: Stoutland|Stoutland, L85, F|283/283\n|switch|p2a: Sigilyph|Sigilyph, L83, M|255/255\n|turn|1\n|inactive|Battle timer is ON: inactive players will automatically lose when time's up. (requested by Faowin)\n|\n|t:|1769478861\n|switch|p2a: Wormadam|Wormadam-Trash, L88, F|249/249\n|move|p1a: Stoutland|Return|p2a: Wormadam\n|-resisted|p2a: Wormadam\n|-crit|p2a: Wormadam\n|-damage|p2a: Wormadam|125/249\n|\n|-heal|p2a: Wormadam|140/249|[from] item: Leftovers\n|upkeep\n|turn|2\n|\n|t:|1769478874\n|switch|p1a: Marowak|Marowak, L88, M|249/249\n|move|p2a: Wormadam|Stealth Rock|p1a: Marowak\n|-sidestart|p1: NTsweeper007|move: Stealth Rock\n|\n|-heal|p2a: Wormadam|155/249|[from] item: Leftovers\n|upkeep\n|turn|3\n|\n|t:|1769478880\n|move|p1a: Marowak|Stealth Rock|p2a: Wormadam\n|-sidestart|p2: Faowin|move: Stealth Rock\n|move|p2a: Wormadam|Toxic|p1a: Marowak\n|-status|p1a: Marowak|tox\n|\n|-heal|p2a: Wormadam|170/249|[from] item: Leftovers\n|-damage|p1a: Marowak|234/249 tox|[from] psn\n|upkeep\n|turn|4\n|\n|t:|1769478887\n|move|p1a: Marowak|Earthquake|p2a: Wormadam\n|-damage|p2a: Wormadam|0 fnt\n|faint|p2a: Wormadam\n|\n|-damage|p1a: Marowak|204/249 tox|[from] psn\n|upkeep\n|\n|t:|1769478897\n|switch|p2a: Togekiss|Togekiss, L79, F|264/264\n|-damage|p2a: Togekiss|198/264|[from] Stealth Rock\n|turn|5\n|\n|t:|1769478903\n|move|p2a: Togekiss|Air Slash|p1a: Marowak|[miss]\n|-miss|p2a: Togekiss|p1a: Marowak\n|move|p1a: Marowak|Stone Edge|p2a: Togekiss\n|-supereffective|p2a: Togekiss\n|-damage|p2a: Togekiss|0 fnt\n|faint|p2a: Togekiss\n|\n|-damage|p1a: Marowak|159/249 tox|[from] psn\n|upkeep\n|\n|t:|1769478907\n|switch|p2a: Kingdra|Kingdra, L84, M|263/263\n|-damage|p2a: Kingdra|231/263|[from] Stealth Rock\n|turn|6\n|\n|t:|1769478917\n|move|p2a: Kingdra|Waterfall|p1a: Marowak\n|-supereffective|p1a: Marowak\n|-damage|p1a: Marowak|0 fnt\n|faint|p1a: Marowak\n|-damage|p2a: Kingdra|205/263|[from] item: Life Orb\n|\n|upkeep\n|\n|t:|1769478926\n|switch|p1a: Alomomola|Alomomola, L85, F|419/419\n|-damage|p1a: Alomomola|367/419|[from] Stealth Rock\n|turn|7\n|\n|t:|1769478936\n|switch|p2a: Sigilyph|Sigilyph, L83, M|255/255\n|move|p1a: Alomomola|Toxic|p2a: Sigilyph\n|-status|p2a: Sigilyph|tox\n|\n|upkeep\n|turn|8\n|\n|t:|1769478946\n|switch|p1a: Abomasnow|Abomasnow, L82, F|282/282\n|-damage|p1a: Abomasnow|212/282|[from] Stealth Rock\n|-weather|Hail|[from] ability: Snow Warning|[of] p1a: Abomasnow\n|move|p2a: Sigilyph|Cosmic Power|p2a: Sigilyph\n|-boost|p2a: Sigilyph|def|1\n|-boost|p2a: Sigilyph|spd|1\n|\n|-weather|Hail|[upkeep]\n|upkeep\n|turn|9\n|\n|t:|1769478952\n|detailschange|p1a: Abomasnow|Abomasnow-Mega, L82, F\n|-mega|p1a: Abomasnow|Abomasnow|Abomasite\n|move|p2a: Sigilyph|Cosmic Power|p2a: Sigilyph\n|-boost|p2a: Sigilyph|def|1\n|-boost|p2a: Sigilyph|spd|1\n|move|p1a: Abomasnow|Blizzard|p2a: Sigilyph\n|-supereffective|p2a: Sigilyph\n|-damage|p2a: Sigilyph|109/255 tox\n|\n|-weather|Hail|[upkeep]\n|upkeep\n|turn|10\n|\n|t:|1769478978\n|move|p2a: Sigilyph|Stored Power|p1a: Abomasnow\n|-damage|p1a: Abomasnow|109/282\n|move|p1a: Abomasnow|Blizzard|p2a: Sigilyph\n|-supereffective|p2a: Sigilyph\n|-damage|p2a: Sigilyph|0 fnt\n|faint|p2a: Sigilyph\n|\n|-weather|Hail|[upkeep]\n|upkeep\n|\n|t:|1769478983\n|switch|p2a: Tauros|Tauros, L82, M|257/257\n|-damage|p2a: Tauros|225/257|[from] Stealth Rock\n|-ability|p2a: Tauros|Intimidate|boost\n|-unboost|p1a: Abomasnow|atk|1\n|turn|11\n|\n|t:|1769478991\n|switch|p1a: Alomomola|Alomomola, L85, F|419/419\n|-damage|p1a: Alomomola|367/419|[from] Stealth Rock\n|move|p2a: Tauros|Double-Edge|p1a: Alomomola\n|-damage|p1a: Alomomola|165/419\n|-damage|p2a: Tauros|183/257|[from] item: Rocky Helmet|[of] p1a: Alomomola\n|-damage|p2a: Tauros|116/257|[from] Recoil\n|\n|-weather|Hail|[upkeep]\n|-damage|p2a: Tauros|100/257|[from] Hail\n|-damage|p1a: Alomomola|139/419|[from] Hail\n|upkeep\n|turn|12\n|\n|t:|1769479004\n|switch|p1a: Abomasnow|Abomasnow-Mega, L82, F|109/282\n|-damage|p1a: Abomasnow|39/282|[from] Stealth Rock\n|move|p2a: Tauros|Double-Edge|p1a: Abomasnow\n|-damage|p1a: Abomasnow|0 fnt\n|faint|p1a: Abomasnow\n|detailschange|p1: Abomasnow|Abomasnow, L82, F|[silent]\n|-damage|p2a: Tauros|87/257|[from] Recoil\n|\n|-weather|none\n|upkeep\n|\n|t:|1769479006\n|switch|p1a: Alomomola|Alomomola, L85, F|278/419\n|-damage|p1a: Alomomola|226/419|[from] Stealth Rock\n|turn|13\n|\n|t:|1769479008\n|move|p2a: Tauros|Double-Edge|p1a: Alomomola\n|-damage|p1a: Alomomola|37/419\n|-damage|p2a: Tauros|45/257|[from] item: Rocky Helmet|[of] p1a: Alomomola\n|-damage|p2a: Tauros|0 fnt|[from] Recoil\n|faint|p2a: Tauros\n|move|p1a: Alomomola|Wish|p1a: Alomomola\n|\n|upkeep\n|\n|t:|1769479010\n|switch|p2a: Kingdra|Kingdra, L84, M|205/263\n|-damage|p2a: Kingdra|173/263|[from] Stealth Rock\n|turn|14\n|\n|t:|1769479019\n|move|p2a: Kingdra|Waterfall|p1a: Alomomola\n|-resisted|p1a: Alomomola\n|-damage|p1a: Alomomola|0 fnt\n|-damage|p2a: Kingdra|130/263|[from] item: Rocky Helmet|[of] p1a: Alomomola\n|faint|p1a: Alomomola\n|-damage|p2a: Kingdra|104/263|[from] item: Life Orb\n|\n|upkeep\n|\n|t:|1769479022\n|switch|p1a: Stoutland|Stoutland, L85, F|283/283\n|-damage|p1a: Stoutland|248/283|[from] Stealth Rock\n|turn|15\n|\n|t:|1769479025\n|move|p2a: Kingdra|Draco Meteor|p1a: Stoutland\n|-damage|p1a: Stoutland|80/283\n|-unboost|p2a: Kingdra|spa|2\n|-damage|p2a: Kingdra|78/263|[from] item: Life Orb\n|move|p1a: Stoutland|Return|p2a: Kingdra\n|-damage|p2a: Kingdra|0 fnt\n|faint|p2a: Kingdra\n|\n|upkeep\n|\n|t:|1769479028\n|switch|p2a: Steelix|Steelix, L80, F|251/251\n|-damage|p2a: Steelix|244/251|[from] Stealth Rock\n|turn|16\n|\n|t:|1769479033\n|switch|p1a: Hawlucha|Hawlucha, L77, F|244/244\n|-damage|p1a: Hawlucha|214/244|[from] Stealth Rock\n|detailschange|p2a: Steelix|Steelix-Mega, L80, F\n|-mega|p2a: Steelix|Steelix|Steelixite\n|move|p2a: Steelix|Earthquake|p1a: Hawlucha\n|-immune|p1a: Hawlucha\n|\n|upkeep\n|turn|17\n|\n|t:|1769479037\n|move|p1a: Hawlucha|High Jump Kick|p2a: Steelix\n|-supereffective|p2a: Steelix\n|-damage|p2a: Steelix|140/251\n|move|p2a: Steelix|Dragon Tail|p1a: Hawlucha\n|-damage|p1a: Hawlucha|155/244\n|drag|p1a: Feraligatr|Feraligatr, L79, F|264/264\n|-damage|p1a: Feraligatr|231/264|[from] Stealth Rock\n|\n|upkeep\n|turn|18\n|\n|t:|1769479043\n|move|p1a: Feraligatr|Waterfall|p2a: Steelix\n|-supereffective|p2a: Steelix\n|-damage|p2a: Steelix|23/251\n|move|p2a: Steelix|Dragon Tail|p1a: Feraligatr\n|-damage|p1a: Feraligatr|181/264\n|drag|p1a: Stoutland|Stoutland, L85, F|80/283\n|-damage|p1a: Stoutland|45/283|[from] Stealth Rock\n|\n|upkeep\n|turn|19\n|\n|t:|1769479048\n|move|p1a: Stoutland|Return|p2a: Steelix\n|-resisted|p2a: Steelix\n|-damage|p2a: Steelix|0 fnt\n|faint|p2a: Steelix\n|detailschange|p2: Steelix|Steelix, L80, F|[silent]\n|\n|win|NTsweeper007\n|raw|NTsweeper007's rating: 1568 &rarr; <strong>1586</strong><br />(+18 for winning)\n|raw|Faowin's rating: 1529 &rarr; <strong>1511</strong><br />(-18 for losing)\n|l|☆Faowin\n|player|p2|\n", "inputlog": ">version b99ff0165a6231f17e8b78c2a78d1998375de664\n>start {\"formatid\":\"gen6randombattle\",\"seed\":\"sodium,7a36684bad7b399a48129956bf0a930c\",\"rated\":\"Rated battle\"}\n>player p1 {\"name\":\"NTsweeper007\",\"avatar\":\"hilbert-wonderlauncher\",\"rating\":1568,\"seed\":\"sodium,9d03ffe2225912a9835c0ff504b9db33\"}\n>player p2 {\"name\":\"Faowin\",\"avatar\":\"palmer\",\"rating\":1529,\"seed\":\"sodium,92219bbefbdf524d79000f713df8b058\"}\n>p1 move return\n>p2 switch 3\n>p1 switch 3\n>p2 move stealthrock\n>p1 move stealthrock\n>p2 move toxic\n>p1 move earthquake\n>p2 move flashcannon\n>p2 switch 5\n>p1 move stoneedge\n>p2 move airslash\n>p2 switch 2\n>p1 move earthquake\n>p2 move waterfall\n>p1 switch 2\n>p1 move toxic\n>p2 switch 3\n>p1 switch 6\n>p2 move cosmicpower\n>p1 move blizzard mega\n>p2 move cosmicpower\n>p1 move blizzard\n>p2 move storedpower\n>p2 switch 6\n>p1 switch 6\n>p2 move doubleedge\n>p1 switch 6\n>p2 move doubleedge\n>p1 switch 6\n>p1 move wish\n>p2 move doubleedge\n>p2 switch 3\n>p1 move toxic\n>p2 move waterfall\n>p1 switch 3\n>p1 move return\n>p2 move dracometeor\n>p2 switch 4\n>p1 switch 4\n>p2 move earthquake mega\n>p1 move highjumpkick\n>p2 move dragontail\n>p1 move waterfall\n>p2 move dragontail\n>p1 move return\n>p2 move earthquake", "uploadtime": 1769479054, "views": 276, "formatid": "gen6randombattle", "rating": 1511, "private": 0, "password": null}