{"id": "gen6randombattle-2536039096", "format": "[Gen 6] Random Battle", "players": ["xuyuehang", "jarstimus q"], "log": "|j|‽xuyuehang\n|j|☆jarstimus q\n|t:|1770648350\n|gametype|singles\n|player|p1|xuyuehang|170|1571\n|player|p2|jarstimus q|iris-gen5bw2|1561\n|gen|6\n|tier|[Gen 6] Random Battle\n|rated|\n|rule|Sleep Clause Mod: Limit one foe put to sleep\n|rule|HP Percentage Mod: HP is shown in percentages\n|rule|Illusion Level Mod: Illusion disguises the Pokémon's true level\n|\n|t:|1770648350\n|teamsize|p1|6\n|teamsize|p2|6\n|start\n|switch|p1a: Slurpuff|Slurpuff, L77, M|252/252\n|switch|p2a: Mightyena|Mightyena, L93, F|281/281\n|-ability|p2a: Mightyena|Intimidate|boost\n|-unboost|p1a: Slurpuff|atk|1\n|turn|1\n|inactive|Battle timer is ON: inactive players will automatically lose when time's up. (requested by xuyuehang)\n|c|☆jarstimus q|gl hf unless your name is dinkleburg\n|\n|t:|1770648375\n|switch|p1a: Aggron|Aggron, L78, F|237/237\n|move|p2a: Mightyena|Iron Tail|p1a: Aggron|[miss]\n|-miss|p2a: Mightyena|p1a: Aggron\n|\n|upkeep\n|turn|2\n|\n|t:|1770648389\n|switch|p2a: Heatmor|Heatmor, L92, F|306/306\n|detailschange|p1a: Aggron|Aggron-Mega, L78, F\n|-mega|p1a: Aggron|Aggron|Aggronite\n|move|p1a: Aggron|Toxic|p2a: Heatmor\n|-status|p2a: Heatmor|tox\n|\n|-damage|p2a: Heatmor|287/306 tox|[from] psn\n|upkeep\n|turn|3\n|\n|t:|1770648412\n|switch|p1a: Hitmontop|Hitmontop, L89, M|234/234\n|-ability|p1a: Hitmontop|Intimidate|boost\n|-unboost|p2a: Heatmor|atk|1\n|move|p2a: Heatmor|Fire Blast|p1a: Hitmontop\n|-damage|p1a: Hitmontop|85/234\n|-damage|p2a: Heatmor|257/306 tox|[from] item: Life Orb\n|\n|-damage|p2a: Heatmor|219/306 tox|[from] psn\n|upkeep\n|turn|4\n|inactive|xuyuehang has 120 seconds left.\n|\n|t:|1770648436\n|switch|p2a: Salamence|Salamence, L68, F|242/242\n|-ability|p2a: Salamence|Intimidate|boost\n|-unboost|p1a: Hitmontop|atk|1\n|move|p1a: Hitmontop|Earthquake|p2a: Salamence\n|-immune|p2a: Salamence\n|\n|upkeep\n|turn|5\n|inactive|xuyuehang has 120 seconds left.\n|\n|t:|1770648447\n|switch|p2a: Mightyena|Mightyena, L93, F|281/281\n|-ability|p2a: Mightyena|Intimidate|boost\n|-unboost|p1a: Hitmontop|atk|1\n|switch|p1a: Mamoswine|Mamoswine, L78, F|300/300\n|\n|upkeep\n|turn|6\n|c|☆jarstimus q|chomp\n|\n|t:|1770648456\n|move|p2a: Mightyena|Crunch|p1a: Mamoswine\n|-damage|p1a: Mamoswine|116/300\n|move|p1a: Mamoswine|Stealth Rock|p2a: Mightyena\n|-sidestart|p2: jarstimus q|move: Stealth Rock\n|\n|upkeep\n|turn|7\n|\n|t:|1770648462\n|switch|p1a: Aggron|Aggron-Mega, L78, F|237/237\n|move|p2a: Mightyena|Crunch|p1a: Aggron\n|-damage|p1a: Aggron|164/237\n|\n|upkeep\n|turn|8\n|\n|t:|1770648471\n|move|p2a: Mightyena|Crunch|p1a: Aggron\n|-damage|p1a: Aggron|98/237\n|-unboost|p1a: Aggron|def|1\n|move|p1a: Aggron|Roar|p2a: Mightyena\n|drag|p2a: Heatmor|Heatmor, L92, F|219/306 tox\n|-damage|p2a: Heatmor|143/306 tox|[from] Stealth Rock\n|\n|-damage|p2a: Heatmor|124/306 tox|[from] psn\n|upkeep\n|turn|9\n|\n|t:|1770648493\n|switch|p1a: Zapdos|Zapdos, L78|268/268\n|move|p2a: Heatmor|Fire Blast|p1a: Zapdos\n|-damage|p1a: Zapdos|64/268\n|-damage|p2a: Heatmor|94/306 tox|[from] item: Life Orb\n|\n|-heal|p1a: Zapdos|80/268|[from] item: Leftovers\n|-damage|p2a: Heatmor|56/306 tox|[from] psn\n|upkeep\n|turn|10\n|inactive|xuyuehang has 120 seconds left.\n|\n|t:|1770648509\n|move|p1a: Zapdos|Discharge|p2a: Heatmor\n|-damage|p2a: Heatmor|0 fnt\n|faint|p2a: Heatmor\n|\n|-heal|p1a: Zapdos|96/268|[from] item: Leftovers\n|upkeep\n|\n|t:|1770648525\n|switch|p2a: Diancie|Diancie, L81|214/214\n|-damage|p2a: Diancie|188/214|[from] Stealth Rock\n|turn|11\n|\n|t:|1770648537\n|move|p1a: Zapdos|Roost|p1a: Zapdos\n|-heal|p1a: Zapdos|230/268\n|-singleturn|p1a: Zapdos|move: Roost\n|move|p2a: Diancie|Diamond Storm|p1a: Zapdos\n|-damage|p1a: Zapdos|127/268\n|\n|-heal|p1a: Zapdos|143/268|[from] item: Leftovers\n|-heal|p2a: Diancie|201/214|[from] item: Leftovers\n|upkeep\n|turn|12\n|inactive|xuyuehang has 120 seconds left.\n|\n|t:|1770648554\n|move|p1a: Zapdos|Discharge|p2a: Diancie\n|-damage|p2a: Diancie|135/214\n|move|p2a: Diancie|Moonblast|p1a: Zapdos\n|-damage|p1a: Zapdos|32/268\n|\n|-heal|p1a: Zapdos|48/268|[from] item: Leftovers\n|-heal|p2a: Diancie|148/214|[from] item: Leftovers\n|upkeep\n|turn|13\n|inactive|xuyuehang has 120 seconds left.\n|\n|t:|1770648572\n|move|p1a: Zapdos|Discharge|p2a: Diancie\n|-damage|p2a: Diancie|81/214\n|-status|p2a: Diancie|par\n|move|p2a: Diancie|Toxic|p1a: Zapdos\n|-status|p1a: Zapdos|tox\n|\n|-heal|p1a: Zapdos|64/268 tox|[from] item: Leftovers\n|-heal|p2a: Diancie|94/214 par|[from] item: Leftovers\n|-damage|p1a: Zapdos|48/268 tox|[from] psn\n|upkeep\n|turn|14\n|inactive|xuyuehang has 120 seconds left.\n|\n|t:|1770648584\n|move|p1a: Zapdos|Discharge|p2a: Diancie\n|-damage|p2a: Diancie|34/214 par\n|move|p2a: Diancie|Heal Bell|p2a: Diancie\n|-activate|p2a: Diancie|move: Heal Bell\n|-curestatus|p2a: Diancie|par|[msg]\n|\n|-heal|p1a: Zapdos|64/268 tox|[from] item: Leftovers\n|-heal|p2a: Diancie|47/214|[from] item: Leftovers\n|-damage|p1a: Zapdos|32/268 tox|[from] psn\n|upkeep\n|turn|15\n|inactive|xuyuehang has 120 seconds left.\n|\n|t:|1770648593\n|move|p1a: Zapdos|Discharge|p2a: Diancie\n|-damage|p2a: Diancie|0 fnt\n|faint|p2a: Diancie\n|\n|-heal|p1a: Zapdos|48/268 tox|[from] item: Leftovers\n|-damage|p1a: Zapdos|0 fnt|[from] psn\n|faint|p1a: Zapdos\n|upkeep\n|inactive|xuyuehang has 120 seconds left.\n|\n|t:|1770648609\n|switch|p1a: Accelgor|Accelgor, L89, F|287/287\n|switch|p2a: Mightyena|Mightyena, L93, F|281/281\n|-damage|p2a: Mightyena|246/281|[from] Stealth Rock\n|-ability|p2a: Mightyena|Intimidate|boost\n|-unboost|p1a: Accelgor|atk|1\n|turn|16\n|\n|t:|1770648622\n|move|p1a: Accelgor|Bug Buzz|p2a: Mightyena\n|-supereffective|p2a: Mightyena\n|-damage|p2a: Mightyena|0 fnt\n|faint|p2a: Mightyena\n|\n|upkeep\n|\n|t:|1770648629\n|switch|p2a: Dialga|Dialga, L73|266/266\n|-damage|p2a: Dialga|250/266|[from] Stealth Rock\n|-ability|p2a: Dialga|Pressure\n|turn|17\n|inactive|xuyuehang has 120 seconds left.\n|\n|t:|1770648652\n|move|p1a: Accelgor|Spikes|p2a: Dialga\n|-sidestart|p2: jarstimus q|Spikes\n|move|p2a: Dialga|Fire Blast|p1a: Accelgor\n|-supereffective|p1a: Accelgor\n|-damage|p1a: Accelgor|0 fnt\n|faint|p1a: Accelgor\n|\n|upkeep\n|\n|t:|1770648669\n|switch|p1a: Mamoswine|Mamoswine, L78, F|116/300\n|turn|18\n|inactive|xuyuehang has 90 seconds left.\n|\n|t:|1770648699\n|switch|p1a: Aggron|Aggron-Mega, L78, F|98/237\n|move|p2a: Dialga|Fire Blast|p1a: Aggron|[miss]\n|-miss|p2a: Dialga|p1a: Aggron\n|\n|upkeep\n|turn|19\n|\n|t:|1770648716\n|move|p2a: Dialga|Fire Blast|p1a: Aggron\n|-supereffective|p1a: Aggron\n|-damage|p1a: Aggron|0 fnt\n|faint|p1a: Aggron\n|detailschange|p1: Aggron|Aggron, L78, F|[silent]\n|\n|upkeep\n|\n|t:|1770648733\n|switch|p1a: Hitmontop|Hitmontop, L89, M|85/234\n|-ability|p1a: Hitmontop|Intimidate|boost\n|-unboost|p2a: Dialga|atk|1\n|turn|20\n|\n|t:|1770648746\n|switch|p1a: Mamoswine|Mamoswine, L78, F|116/300\n|switch|p2a: Salamence|Salamence, L68, F|242/242\n|-damage|p2a: Salamence|182/242|[from] Stealth Rock\n|-ability|p2a: Salamence|Intimidate|boost\n|-unboost|p1a: Mamoswine|atk|1\n|\n|upkeep\n|turn|21\n|inactive|xuyuehang has 60 seconds left.\n|\n|t:|1770648762\n|detailschange|p2a: Salamence|Salamence-Mega, L68, F\n|-mega|p2a: Salamence|Salamence|Salamencite\n|move|p1a: Mamoswine|Ice Shard|p2a: Salamence\n|-supereffective|p2a: Salamence\n|-damage|p2a: Salamence|21/242\n|-damage|p1a: Mamoswine|86/300|[from] item: Life Orb\n|move|p2a: Salamence|Double-Edge|p1a: Mamoswine\n|-damage|p1a: Mamoswine|0 fnt\n|faint|p1a: Mamoswine\n|-damage|p2a: Salamence|0 fnt|[from] Recoil\n|faint|p2a: Salamence\n|detailschange|p2: Salamence|Salamence, L68, F|[silent]\n|\n|upkeep\n|inactive|xuyuehang has 60 seconds left.\n|\n|t:|1770648775\n|switch|p2a: Regigigas|Regigigas, L84|322/322\n|switch|p1a: Hitmontop|Hitmontop, L89, M|85/234\n|-damage|p2a: Regigigas|282/322|[from] Stealth Rock\n|-damage|p2a: Regigigas|242/322|[from] Spikes\n|-start|p2a: Regigigas|ability: Slow Start\n|-ability|p1a: Hitmontop|Intimidate|boost\n|-unboost|p2a: Regigigas|atk|1\n|turn|22\n|inactive|xuyuehang has 60 seconds left.\n|\n|t:|1770648785\n|move|p1a: Hitmontop|Close Combat|p2a: Regigigas\n|-supereffective|p2a: Regigigas\n|-damage|p2a: Regigigas|0 fnt\n|-unboost|p1a: Hitmontop|def|1\n|-unboost|p1a: Hitmontop|spd|1\n|faint|p2a: Regigigas\n|\n|upkeep\n|\n|t:|1770648787\n|switch|p2a: Dialga|Dialga, L73|250/266\n|-damage|p2a: Dialga|234/266|[from] Stealth Rock\n|-damage|p2a: Dialga|201/266|[from] Spikes\n|-ability|p2a: Dialga|Pressure\n|turn|23\n|-message|jarstimus q forfeited.\n|\n|win|xuyuehang\n|raw|xuyuehang's rating: 1571 &rarr; <strong>1590</strong><br />(+19 for winning)\n|raw|jarstimus q's rating: 1561 &rarr; <strong>1542</strong><br />(-19 for losing)\n|l|☆jarstimus q\n|player|p2|\n", "inputlog": ">version ccdc32dd7cde25fd9e4bed64820e885f66e78a4e\n>start {\"formatid\":\"gen6randombattle\",\"seed\":\"sodium,30aa996e371df499a20346e0ddbc6d97\",\"rated\":\"Rated battle\"}\n>player p1 {\"name\":\"xuyuehang\",\"avatar\":\"170\",\"rating\":1571,\"seed\":\"sodium,affff210aa3cd1aa254bbc875103c40f\"}\n>player p2 {\"name\":\"jarstimus q\",\"avatar\":\"iris-gen5bw2\",\"rating\":1561,\"seed\":\"sodium,fe53ba94621dd3aacbb9c498777eb4c9\"}\n>chat ☆jarstimus q|gl hf unless your name is dinkleburg\n>p1 switch 3\n>p2 move irontail\n>p1 move toxic mega\n>p2 switch 3\n>p1 switch 4\n>p2 move fireblast\n>p1 move earthquake\n>p2 switch 5\n>p1 switch 6\n>p2 switch 3\n>chat ☆jarstimus q|chomp\n>p1 move stealthrock\n>p2 move crunch\n>p1 switch 4\n>p2 move crunch\n>p1 move roar\n>p2 move crunch\n>p1 switch 5\n>p2 move fireblast\n>p1 move discharge\n>p2 move knockoff\n>p2 switch 2\n>p1 move roost\n>p2 move diamondstorm\n>p1 move discharge\n>p2 move moonblast\n>p1 move discharge\n>p2 move toxic\n>p1 move discharge\n>p2 move healbell\n>p1 move discharge\n>p2 move moonblast\n>p1 switch 2\n>p2 switch 5\n>p1 move bugbuzz\n>p2 move crunch\n>p2 switch 6\n>p1 move spikes\n>p2 move fireblast\n>p1 switch 4\n>p1 switch 5\n>p2 move fireblast\n>p1 move earthquake\n>p2 move fireblast\n>p1 switch 6\n>p1 switch 5\n>p2 switch 3\n>p1 move iceshard\n>p2 move doubleedge mega\n>p1 switch 5\n>p2 switch 4\n>p1 move closecombat\n>p2 move thunderwave\n>p2 switch 3\n>forcelose p2", "uploadtime": 1770648799, "views": 233, "formatid": "gen6randombattle", "rating": 1542, "private": 0, "password": null}