{"id": "gen6randombattle-2524553388", "format": "[Gen 6] Random Battle", "players": ["mlungero", "alex-1403"], "log": "|j|☆mlungero\n|j|☆alex-1403\n|t:|1769168003\n|gametype|singles\n|player|p1|mlungero|brock|1612\n|player|p2|alex-1403|red|1704\n|gen|6\n|tier|[Gen 6] Random Battle\n|rated|\n|rule|Sleep Clause Mod: Limit one foe put to sleep\n|rule|HP Percentage Mod: HP is shown in percentages\n|rule|Illusion Level Mod: Illusion disguises the Pokémon's true level\n|\n|t:|1769168003\n|teamsize|p1|6\n|teamsize|p2|6\n|start\n|switch|p1a: Luvdisc|Luvdisc, F|248/248\n|switch|p2a: Girafarig|Girafarig, L93, M|281/281\n|turn|1\n|inactive|Battle timer is ON: inactive players will automatically lose when time's up. (requested by alex-1403)\n|\n|t:|1769168029\n|switch|p1a: Kecleon|Kecleon, L89, M|252/252\n|move|p2a: Girafarig|Nasty Plot|p2a: Girafarig\n|-boost|p2a: Girafarig|spa|2\n|\n|upkeep\n|turn|2\n|\n|t:|1769168033\n|move|p2a: Girafarig|Substitute|p2a: Girafarig\n|-start|p2a: Girafarig|Substitute\n|-damage|p2a: Girafarig|211/281\n|move|p1a: Kecleon|Knock Off|p2a: Girafarig\n|-start|p1a: Kecleon|typechange|Dark|[from] ability: Protean\n|-supereffective|p2a: Girafarig\n|-end|p2a: Girafarig|Substitute\n|\n|-heal|p2a: Girafarig|228/281|[from] item: Leftovers\n|upkeep\n|turn|3\n|\n|t:|1769168038\n|switch|p1a: Rapidash|Rapidash, L87, M|255/255\n|move|p2a: Girafarig|Hyper Voice|p1a: Rapidash\n|-damage|p1a: Rapidash|26/255\n|\n|-heal|p1a: Rapidash|41/255|[from] item: Leftovers\n|-heal|p2a: Girafarig|245/281|[from] item: Leftovers\n|upkeep\n|turn|4\n|\n|t:|1769168042\n|move|p1a: Rapidash|Flare Blitz|p2a: Girafarig\n|-damage|p2a: Girafarig|91/281\n|-damage|p1a: Rapidash|0 fnt|[from] Recoil\n|faint|p1a: Rapidash\n|move|p2a: Girafarig|Hyper Voice|p1: Rapidash|[notarget]\n|-fail|p2a: Girafarig\n|\n|-heal|p2a: Girafarig|108/281|[from] item: Leftovers\n|upkeep\n|\n|t:|1769168048\n|switch|p1a: Rayquaza|Rayquaza, L65|245/245\n|-ability|p1a: Rayquaza|Air Lock\n|turn|5\n|\n|t:|1769168055\n|detailschange|p1a: Rayquaza|Rayquaza-Mega, L65\n|-mega|p1a: Rayquaza|Rayquaza|\n|-weather|DeltaStream|[from] ability: Delta Stream|[of] p1a: Rayquaza\n|move|p1a: Rayquaza|Extreme Speed|p2a: Girafarig\n|-damage|p2a: Girafarig|25/281\n|-damage|p1a: Rayquaza|221/245|[from] item: Life Orb\n|move|p2a: Girafarig|Hyper Voice|p1a: Rayquaza\n|-damage|p1a: Rayquaza|0 fnt\n|faint|p1a: Rayquaza\n|-weather|none\n|detailschange|p1: Rayquaza|Rayquaza, L65|[silent]\n|\n|-heal|p2a: Girafarig|42/281|[from] item: Leftovers\n|upkeep\n|c|☆mlungero|What the hell kind of bulky giraffe is that? 😭\n|\n|t:|1769168078\n|switch|p1a: Luvdisc|Luvdisc, F|248/248\n|turn|6\n|c|☆alex-1403|Hahava\n|c|☆alex-1403|Rqyquazas atk is the problem\n|c|☆alex-1403|My defense is 176\n|c|☆alex-1403|174*\n|inactive|alex-1403 has 120 seconds left.\n|\n|t:|1769168112\n|switch|p2a: Tangrowth|Tangrowth, L88, M|319/319\n|move|p1a: Luvdisc|Scald|p2a: Tangrowth\n|-resisted|p2a: Tangrowth\n|-damage|p2a: Tangrowth|271/319\n|\n|-heal|p2a: Tangrowth|290/319|[from] item: Leftovers\n|upkeep\n|turn|7\n|c|☆mlungero|Bruh, 233 Attack on my mega\n|\n|t:|1769168121\n|move|p1a: Luvdisc|Toxic|p2a: Tangrowth\n|-status|p2a: Tangrowth|tox\n|move|p2a: Tangrowth|Knock Off|p1a: Luvdisc\n|-damage|p1a: Luvdisc|153/248\n|-enditem|p1a: Luvdisc|Leftovers|[from] move: Knock Off|[of] p2a: Tangrowth\n|\n|-heal|p2a: Tangrowth|309/319 tox|[from] item: Leftovers\n|-damage|p2a: Tangrowth|290/319 tox|[from] psn\n|upkeep\n|turn|8\n|c|☆alex-1403|Oh\n|\n|t:|1769168126\n|move|p1a: Luvdisc|Protect|p1a: Luvdisc\n|-singleturn|p1a: Luvdisc|Protect\n|move|p2a: Tangrowth|Leaf Storm|p1a: Luvdisc\n|-activate|p1a: Luvdisc|move: Protect\n|\n|-heal|p2a: Tangrowth|309/319 tox|[from] item: Leftovers\n|-damage|p2a: Tangrowth|271/319 tox|[from] psn\n|upkeep\n|turn|9\n|\n|t:|1769168128\n|move|p1a: Luvdisc|Ice Beam|p2a: Tangrowth\n|-supereffective|p2a: Tangrowth\n|-damage|p2a: Tangrowth|141/319 tox\n|move|p2a: Tangrowth|Leaf Storm|p1a: Luvdisc\n|-supereffective|p1a: Luvdisc\n|-crit|p1a: Luvdisc\n|-damage|p1a: Luvdisc|0 fnt\n|-unboost|p2a: Tangrowth|spa|2\n|faint|p1a: Luvdisc\n|\n|-heal|p2a: Tangrowth|160/319 tox|[from] item: Leftovers\n|-damage|p2a: Tangrowth|103/319 tox|[from] psn\n|upkeep\n|\n|t:|1769168131\n|switch|p1a: Kecleon|Kecleon, L89, M|252/252\n|turn|10\n|\n|t:|1769168135\n|move|p2a: Tangrowth|Knock Off|p1a: Kecleon\n|-damage|p1a: Kecleon|164/252\n|-enditem|p1a: Kecleon|Leftovers|[from] move: Knock Off|[of] p2a: Tangrowth\n|move|p1a: Kecleon|Stealth Rock|p2a: Tangrowth\n|-start|p1a: Kecleon|typechange|Rock|[from] ability: Protean\n|-sidestart|p2: alex-1403|move: Stealth Rock\n|\n|-heal|p2a: Tangrowth|122/319 tox|[from] item: Leftovers\n|-damage|p2a: Tangrowth|46/319 tox|[from] psn\n|upkeep\n|turn|11\n|\n|t:|1769168147\n|switch|p2a: Quagsire|Quagsire, L87, M|307/307\n|-damage|p2a: Quagsire|288/307|[from] Stealth Rock\n|move|p1a: Kecleon|Recover|p1a: Kecleon\n|-start|p1a: Kecleon|typechange|Normal|[from] ability: Protean\n|-heal|p1a: Kecleon|252/252\n|\n|-heal|p2a: Quagsire|307/307|[from] item: Leftovers\n|upkeep\n|turn|12\n|\n|t:|1769168150\n|move|p1a: Kecleon|Knock Off|p2a: Quagsire\n|-start|p1a: Kecleon|typechange|Dark|[from] ability: Protean\n|-damage|p2a: Quagsire|202/307\n|-enditem|p2a: Quagsire|Leftovers|[from] move: Knock Off|[of] p1a: Kecleon\n|move|p2a: Quagsire|Scald|p1a: Kecleon\n|-damage|p1a: Kecleon|206/252\n|-status|p1a: Kecleon|brn\n|\n|-damage|p1a: Kecleon|175/252 brn|[from] brn\n|upkeep\n|turn|13\n|c|☆mlungero|I was never ready for this match. Gg\n|\n|t:|1769168172\n|switch|p1a: Alomomola|Alomomola, L85, M|419/419\n|move|p2a: Quagsire|Earthquake|p1a: Alomomola\n|-damage|p1a: Alomomola|310/419\n|\n|upkeep\n|turn|14\n|\n|t:|1769168176\n|move|p1a: Alomomola|Wish|p1a: Alomomola\n|move|p2a: Quagsire|Toxic|p1a: Alomomola\n|-status|p1a: Alomomola|tox\n|\n|-damage|p1a: Alomomola|284/419 tox|[from] psn\n|upkeep\n|turn|15\n|\n|t:|1769168179\n|move|p1a: Alomomola|Toxic|p2a: Quagsire\n|-status|p2a: Quagsire|tox\n|move|p2a: Quagsire|Earthquake|p1a: Alomomola\n|-damage|p1a: Alomomola|179/419 tox\n|\n|-heal|p1a: Alomomola|388/419 tox|[from] move: Wish|[wisher] Alomomola\n|-damage|p1a: Alomomola|336/419 tox|[from] psn\n|-damage|p2a: Quagsire|183/307 tox|[from] psn\n|upkeep\n|turn|16\n|\n|t:|1769168186\n|move|p1a: Alomomola|Wish|p1a: Alomomola\n|move|p2a: Quagsire|Recover|p2a: Quagsire\n|-heal|p2a: Quagsire|307/307 tox\n|\n|-damage|p1a: Alomomola|258/419 tox|[from] psn\n|-damage|p2a: Quagsire|269/307 tox|[from] psn\n|upkeep\n|turn|17\n|\n|t:|1769168189\n|switch|p1a: Kecleon|Kecleon, L89, M|175/252 brn\n|move|p2a: Quagsire|Earthquake|p1a: Kecleon\n|-crit|p1a: Kecleon\n|-damage|p1a: Kecleon|10/252 brn\n|\n|-heal|p1a: Kecleon|219/252 brn|[from] move: Wish|[wisher] Alomomola\n|-damage|p2a: Quagsire|212/307 tox|[from] psn\n|-damage|p1a: Kecleon|188/252 brn|[from] brn\n|upkeep\n|turn|18\n|\n|t:|1769168204\n|switch|p1a: Alomomola|Alomomola, L85, M|397/419 tox\n|move|p2a: Quagsire|Earthquake|p1a: Alomomola\n|-damage|p1a: Alomomola|285/419 tox\n|\n|-damage|p1a: Alomomola|259/419 tox|[from] psn\n|-damage|p2a: Quagsire|136/307 tox|[from] psn\n|upkeep\n|turn|19\n|\n|t:|1769168206\n|switch|p2a: Probopass|Probopass, L91, M|257/257\n|-damage|p2a: Probopass|241/257|[from] Stealth Rock\n|-item|p2a: Probopass|Air Balloon\n|move|p1a: Alomomola|Wish|p1a: Alomomola\n|\n|-damage|p1a: Alomomola|207/419 tox|[from] psn\n|upkeep\n|turn|20\n|\n|t:|1769168209\n|move|p1a: Alomomola|Scald|p2a: Probopass\n|-supereffective|p2a: Probopass\n|-damage|p2a: Probopass|185/257\n|-status|p2a: Probopass|brn\n|-enditem|p2a: Probopass|Air Balloon\n|move|p2a: Probopass|Stealth Rock|p1a: Alomomola\n|-sidestart|p1: mlungero|move: Stealth Rock\n|\n|-heal|p1a: Alomomola|416/419 tox|[from] move: Wish|[wisher] Alomomola\n|-damage|p1a: Alomomola|338/419 tox|[from] psn\n|-damage|p2a: Probopass|153/257 brn|[from] brn\n|upkeep\n|turn|21\n|\n|t:|1769168212\n|move|p1a: Alomomola|Scald|p2a: Probopass\n|-supereffective|p2a: Probopass\n|-damage|p2a: Probopass|99/257 brn\n|move|p2a: Probopass|Power Gem|p1a: Alomomola\n|-damage|p1a: Alomomola|220/419 tox\n|\n|-damage|p1a: Alomomola|116/419 tox|[from] psn\n|-damage|p2a: Probopass|67/257 brn|[from] brn\n|upkeep\n|turn|22\n|\n|t:|1769168224\n|switch|p1a: Kecleon|Kecleon, L89, M|188/252 brn\n|-damage|p1a: Kecleon|157/252 brn|[from] Stealth Rock\n|move|p2a: Probopass|Power Gem|p1a: Kecleon\n|-damage|p1a: Kecleon|93/252 brn\n|\n|-damage|p2a: Probopass|35/257 brn|[from] brn\n|-damage|p1a: Kecleon|62/252 brn|[from] brn\n|upkeep\n|turn|23\n|\n|t:|1769168227\n|move|p2a: Probopass|Power Gem|p1a: Kecleon\n|-damage|p1a: Kecleon|1/252 brn\n|move|p1a: Kecleon|Drain Punch|p2a: Probopass\n|-start|p1a: Kecleon|typechange|Fighting|[from] ability: Protean\n|-supereffective|p2a: Probopass\n|-damage|p2a: Probopass|0 fnt\n|-heal|p1a: Kecleon|19/252 brn|[from] drain|[of] p2a: Probopass\n|faint|p2a: Probopass\n|\n|-damage|p1a: Kecleon|0 fnt|[from] brn\n|faint|p1a: Kecleon\n|upkeep\n|\n|t:|1769168231\n|switch|p2a: Tangrowth|Tangrowth, L88, M|152/319 tox\n|switch|p1a: Muk|Muk, L88, M|328/328\n|-damage|p2a: Tangrowth|113/319 tox|[from] Stealth Rock\n|-damage|p1a: Muk|287/328|[from] Stealth Rock\n|turn|24\n|\n|t:|1769168244\n|move|p2a: Tangrowth|Morning Sun|p2a: Tangrowth\n|-heal|p2a: Tangrowth|272/319 tox\n|move|p1a: Muk|Ice Punch|p2a: Tangrowth\n|-supereffective|p2a: Tangrowth\n|-damage|p2a: Tangrowth|172/319 tox\n|\n|-heal|p1a: Muk|307/328|[from] item: Black Sludge\n|-heal|p2a: Tangrowth|191/319 tox|[from] item: Leftovers\n|-damage|p2a: Tangrowth|172/319 tox|[from] psn\n|upkeep\n|turn|25\n|\n|t:|1769168249\n|move|p2a: Tangrowth|Knock Off|p1a: Muk\n|-damage|p1a: Muk|225/328\n|-enditem|p1a: Muk|Black Sludge|[from] move: Knock Off|[of] p2a: Tangrowth\n|move|p1a: Muk|Gunk Shot|p2a: Tangrowth\n|-supereffective|p2a: Tangrowth\n|-damage|p2a: Tangrowth|0 fnt\n|faint|p2a: Tangrowth\n|\n|upkeep\n|\n|t:|1769168253\n|switch|p2a: Gogoat|Gogoat, L90, F|368/368\n|-damage|p2a: Gogoat|322/368|[from] Stealth Rock\n|turn|26\n|\n|t:|1769168256\n|move|p2a: Gogoat|Earthquake|p1a: Muk\n|-supereffective|p1a: Muk\n|-damage|p1a: Muk|45/328\n|move|p1a: Muk|Gunk Shot|p2a: Gogoat\n|-supereffective|p2a: Gogoat\n|-damage|p2a: Gogoat|0 fnt\n|faint|p2a: Gogoat\n|\n|upkeep\n|\n|t:|1769168270\n|switch|p2a: Girafarig|Girafarig, L93, M|42/281\n|-damage|p2a: Girafarig|7/281|[from] Stealth Rock\n|turn|27\n|\n|t:|1769168275\n|move|p2a: Girafarig|Psyshock|p1a: Muk\n|-supereffective|p1a: Muk\n|-damage|p1a: Muk|0 fnt\n|faint|p1a: Muk\n|\n|-heal|p2a: Girafarig|24/281|[from] item: Leftovers\n|upkeep\n|\n|t:|1769168277\n|switch|p1a: Alomomola|Alomomola, L85, M|255/419 tox\n|-damage|p1a: Alomomola|203/419 tox|[from] Stealth Rock\n|turn|28\n|\n|t:|1769168280\n|move|p2a: Girafarig|Hyper Voice|p1a: Alomomola\n|-damage|p1a: Alomomola|35/419 tox\n|move|p1a: Alomomola|Scald|p2a: Girafarig\n|-damage|p2a: Girafarig|0 fnt\n|faint|p2a: Girafarig\n|\n|-damage|p1a: Alomomola|9/419 tox|[from] psn\n|upkeep\n|\n|t:|1769168285\n|switch|p2a: Beautifly|Beautifly, L99, M|279/279\n|-damage|p2a: Beautifly|140/279|[from] Stealth Rock\n|turn|29\n|\n|t:|1769168287\n|move|p2a: Beautifly|Bug Buzz|p1a: Alomomola\n|-damage|p1a: Alomomola|0 fnt\n|faint|p1a: Alomomola\n|\n|win|alex-1403\n|raw|mlungero's rating: 1612 &rarr; <strong>1597</strong><br />(-15 for losing)\n|raw|alex-1403's rating: 1704 &rarr; <strong>1719</strong><br />(+15 for winning)\n|c|☆mlungero|Gg\n|c|☆alex-1403|Gg wp\n|l|☆alex-1403\n|player|p2|\n", "inputlog": ">version dd3d52b8382d73d1dd2c67730c4067df325ab790\n>start {\"formatid\":\"gen6randombattle\",\"seed\":\"sodium,354367d227a911aa579ee652e1389cec\",\"rated\":\"Rated battle\"}\n>player p1 {\"name\":\"mlungero\",\"avatar\":\"brock\",\"rating\":1612,\"seed\":\"sodium,0c51693dba4036f38db1beb3a9799760\"}\n>player p2 {\"name\":\"alex-1403\",\"avatar\":\"red\",\"rating\":1704,\"seed\":\"sodium,f875170308a7de2b9c5729455f0ffebb\"}\n>p1 switch 3\n>p2 move nastyplot\n>p1 move knockoff\n>p2 move substitute\n>p1 switch 2\n>p2 move hypervoice\n>p1 move flareblitz\n>p2 move hypervoice\n>p1 switch 4\n>p1 move extremespeed mega\n>p2 move hypervoice\n>chat ☆mlungero|What the hell kind of bulky giraffe is that? 😭\n>p1 switch 3\n>chat ☆alex-1403|Hahava\n>chat ☆alex-1403|Rqyquazas atk is the problem\n>chat ☆alex-1403|My defense is 176\n>chat ☆alex-1403|174*\n>p1 move scald\n>p2 switch 4\n>chat ☆mlungero|Bruh, 233 Attack on my mega\n>p1 move toxic\n>p2 move knockoff\n>chat ☆alex-1403|Oh\n>p1 move protect\n>p2 move leafstorm\n>p1 move icebeam\n>p2 move leafstorm\n>p1 switch 2\n>p1 move stealthrock\n>p2 move knockoff\n>p1 move recover\n>p2 switch 5\n>p1 move knockoff\n>p2 move scald\n>chat ☆mlungero|I was never ready for this match. Gg\n>p1 switch 5\n>p2 move earthquake\n>p1 move wish\n>p2 move toxic\n>p1 move toxic\n>p2 move earthquake\n>p1 move wish\n>p2 move recover\n>p1 switch 5\n>p2 move earthquake\n>p1 switch 5\n>p2 move earthquake\n>p1 move wish\n>p2 switch 6\n>p1 move scald\n>p2 move stealthrock\n>p1 move scald\n>p2 move powergem\n>p1 switch 5\n>p2 move powergem\n>p1 move drainpunch\n>p2 move powergem\n>p1 switch 6\n>p2 switch 5\n>p1 move icepunch\n>p2 move morningsun\n>p1 move gunkshot\n>p2 move knockoff\n>p2 switch 3\n>p1 move gunkshot\n>p2 move earthquake\n>p2 switch 4\n>p1 move gunkshot\n>p2 move psyshock\n>p1 switch 5\n>p1 move scald\n>p2 move hypervoice\n>p2 switch 2\n>p1 move toxic\n>p2 move bugbuzz", "uploadtime": 1769168302, "views": 267, "formatid": "gen6randombattle", "rating": 1597, "private": 0, "password": null}