{"id": "gen6randombattle-2529339826", "format": "[Gen 6] Random Battle", "players": ["luukkk", "Omgebhonyel"], "log": "|j|‽luukkk\n|j|☆Omgebhonyel\n|t:|1769775989\n|gametype|singles\n|player|p1|luukkk|janitor|1639\n|player|p2|Omgebhonyel|brock|1595\n|gen|6\n|tier|[Gen 6] Random Battle\n|rated|\n|rule|Sleep Clause Mod: Limit one foe put to sleep\n|rule|HP Percentage Mod: HP is shown in percentages\n|rule|Illusion Level Mod: Illusion disguises the Pokémon's true level\n|\n|t:|1769775989\n|teamsize|p1|6\n|teamsize|p2|6\n|start\n|switch|p1a: Darkrai|Darkrai, L72|220/220\n|switch|p2a: Cofagrigus|Cofagrigus, L86, M|240/240\n|turn|1\n|inactive|Battle timer is ON: inactive players will automatically lose when time's up. (requested by luukkk)\n|\n|t:|1769776005\n|move|p1a: Darkrai|Dark Void|p2a: Cofagrigus|[miss]\n|-miss|p1a: Darkrai|p2a: Cofagrigus\n|move|p2a: Cofagrigus|Will-O-Wisp|p1a: Darkrai\n|-status|p1a: Darkrai|brn\n|\n|-damage|p1a: Darkrai|193/220 brn|[from] brn\n|upkeep\n|turn|2\n|\n|t:|1769776010\n|move|p1a: Darkrai|Nasty Plot|p1a: Darkrai\n|-boost|p1a: Darkrai|spa|2\n|move|p2a: Cofagrigus|Pain Split|p1a: Darkrai\n|-sethp|p1a: Darkrai|216/220 brn|[from] move: Pain Split|[silent]\n|-sethp|p2a: Cofagrigus|216/240|[from] move: Pain Split\n|\n|-heal|p2a: Cofagrigus|231/240|[from] item: Leftovers\n|-damage|p1a: Darkrai|189/220 brn|[from] brn\n|upkeep\n|turn|3\n|\n|t:|1769776014\n|switch|p2a: Ledian|Ledian, F|271/271\n|move|p1a: Darkrai|Dark Pulse|p2a: Ledian\n|-damage|p2a: Ledian|129/271\n|-damage|p1a: Darkrai|167/220 brn|[from] item: Life Orb\n|\n|-heal|p2a: Ledian|145/271|[from] item: Leftovers\n|-damage|p1a: Darkrai|140/220 brn|[from] brn\n|upkeep\n|turn|4\n|\n|t:|1769776022\n|move|p2a: Ledian|Roost|p2a: Ledian\n|-heal|p2a: Ledian|271/271\n|-singleturn|p2a: Ledian|move: Roost\n|move|p1a: Darkrai|Dark Pulse|p2a: Ledian\n|-damage|p2a: Ledian|123/271\n|-damage|p1a: Darkrai|118/220 brn|[from] item: Life Orb\n|\n|-heal|p2a: Ledian|139/271|[from] item: Leftovers\n|-damage|p1a: Darkrai|91/220 brn|[from] brn\n|upkeep\n|turn|5\n|\n|t:|1769776027\n|move|p2a: Ledian|Roost|p2a: Ledian\n|-heal|p2a: Ledian|271/271\n|-singleturn|p2a: Ledian|move: Roost\n|move|p1a: Darkrai|Dark Void|p2a: Ledian\n|-status|p2a: Ledian|slp|[from] move: Dark Void\n|\n|-damage|p1a: Darkrai|64/220 brn|[from] brn\n|-damage|p2a: Ledian|238/271 slp|[from] ability: Bad Dreams|[of] p1a: Darkrai\n|upkeep\n|turn|6\n|\n|t:|1769776043\n|cant|p2a: Ledian|slp\n|move|p1a: Darkrai|Dark Pulse|p2a: Ledian\n|-damage|p2a: Ledian|77/271 slp\n|-damage|p1a: Darkrai|42/220 brn|[from] item: Life Orb\n|\n|-heal|p2a: Ledian|93/271 slp|[from] item: Leftovers\n|-damage|p1a: Darkrai|15/220 brn|[from] brn\n|-damage|p2a: Ledian|60/271 slp|[from] ability: Bad Dreams|[of] p1a: Darkrai\n|upkeep\n|turn|7\n|inactive|luukkk has 120 seconds left.\n|\n|t:|1769776079\n|-curestatus|p2a: Ledian|slp|[msg]\n|move|p2a: Ledian|Roost|p2a: Ledian\n|-heal|p2a: Ledian|196/271\n|-singleturn|p2a: Ledian|move: Roost\n|move|p1a: Darkrai|Dark Pulse|p2a: Ledian\n|-damage|p2a: Ledian|43/271\n|-damage|p1a: Darkrai|0 fnt|[from] item: Life Orb\n|faint|p1a: Darkrai\n|\n|-heal|p2a: Ledian|59/271|[from] item: Leftovers\n|upkeep\n|\n|t:|1769776098\n|switch|p1a: Rhyperior|Rhyperior, L82, M|323/323\n|turn|8\n|\n|t:|1769776107\n|move|p2a: Ledian|Knock Off|p1a: Rhyperior\n|-damage|p1a: Rhyperior|283/323\n|-enditem|p1a: Rhyperior|Assault Vest|[from] move: Knock Off|[of] p2a: Ledian\n|move|p1a: Rhyperior|Stone Edge|p2a: Ledian\n|-supereffective|p2a: Ledian\n|-damage|p2a: Ledian|0 fnt\n|faint|p2a: Ledian\n|\n|upkeep\n|\n|t:|1769776112\n|switch|p2a: Leafeon|Leafeon, L87, M|255/255\n|turn|9\n|inactive|luukkk has 120 seconds left.\n|\n|t:|1769776135\n|switch|p1a: Dustox|Dustox, L96, F|271/271\n|move|p2a: Leafeon|Swords Dance|p2a: Leafeon\n|-boost|p2a: Leafeon|atk|2\n|\n|upkeep\n|turn|10\n|\n|t:|1769776147\n|move|p2a: Leafeon|Double-Edge|p1a: Dustox\n|-damage|p1a: Dustox|0 fnt\n|faint|p1a: Dustox\n|-damage|p2a: Leafeon|166/255|[from] Recoil\n|-damage|p2a: Leafeon|141/255|[from] item: Life Orb\n|\n|upkeep\n|\n|t:|1769776151\n|switch|p1a: Salamence|Salamence, L68, M|242/242\n|-ability|p1a: Salamence|Intimidate|boost\n|-unboost|p2a: Leafeon|atk|1\n|turn|11\n|\n|t:|1769776159\n|detailschange|p1a: Salamence|Salamence-Mega, L68, M\n|-mega|p1a: Salamence|Salamence|Salamencite\n|move|p2a: Leafeon|Swords Dance|p2a: Leafeon\n|-boost|p2a: Leafeon|atk|2\n|move|p1a: Salamence|Dragon Dance|p1a: Salamence\n|-boost|p1a: Salamence|atk|1\n|-boost|p1a: Salamence|spe|1\n|\n|upkeep\n|turn|12\n|\n|t:|1769776166\n|move|p1a: Salamence|Return|p2a: Leafeon\n|-supereffective|p2a: Leafeon\n|-damage|p2a: Leafeon|0 fnt\n|faint|p2a: Leafeon\n|\n|upkeep\n|\n|t:|1769776169\n|switch|p2a: Cofagrigus|Cofagrigus, L86, M|231/240\n|turn|13\n|\n|t:|1769776178\n|switch|p1a: Manaphy|Manaphy, L76|277/277\n|move|p2a: Cofagrigus|Will-O-Wisp|p1a: Manaphy\n|-status|p1a: Manaphy|brn\n|\n|-heal|p2a: Cofagrigus|240/240|[from] item: Leftovers\n|-damage|p1a: Manaphy|243/277 brn|[from] brn\n|upkeep\n|turn|14\n|c|☆Omgebhonyel|Whoops lol pressed the wrong thing\n|\n|t:|1769776194\n|switch|p2a: Escavalier|Escavalier, L84, M|255/255\n|move|p1a: Manaphy|Tail Glow|p1a: Manaphy\n|-boost|p1a: Manaphy|spa|3\n|\n|-heal|p1a: Manaphy|260/277 brn|[from] item: Leftovers\n|-damage|p1a: Manaphy|226/277 brn|[from] brn\n|upkeep\n|turn|15\n|\n|t:|1769776200\n|move|p1a: Manaphy|Surf|p2a: Escavalier\n|-damage|p2a: Escavalier|92/255\n|move|p2a: Escavalier|Megahorn|p1a: Manaphy\n|-crit|p1a: Manaphy\n|-damage|p1a: Manaphy|0 fnt\n|faint|p1a: Manaphy\n|\n|upkeep\n|\n|t:|1769776215\n|switch|p1a: Rhyperior|Rhyperior, L82, M|283/323\n|turn|16\n|\n|t:|1769776220\n|move|p1a: Rhyperior|Earthquake|p2a: Escavalier\n|-damage|p2a: Escavalier|0 fnt\n|faint|p2a: Escavalier\n|\n|upkeep\n|\n|t:|1769776227\n|switch|p2a: Cofagrigus|Cofagrigus, L86, M|240/240\n|turn|17\n|\n|t:|1769776234\n|move|p1a: Rhyperior|Earthquake|p2a: Cofagrigus\n|-crit|p2a: Cofagrigus\n|-damage|p2a: Cofagrigus|111/240\n|move|p2a: Cofagrigus|Will-O-Wisp|p1a: Rhyperior\n|-status|p1a: Rhyperior|brn\n|\n|-heal|p2a: Cofagrigus|126/240|[from] item: Leftovers\n|-damage|p1a: Rhyperior|243/323 brn|[from] brn\n|upkeep\n|turn|18\n|\n|t:|1769776242\n|move|p1a: Rhyperior|Ice Punch|p2a: Cofagrigus\n|-damage|p2a: Cofagrigus|102/240\n|-ability|p1a: Rhyperior|Mummy|Solid Rock|[from] ability: Mummy|[of] p2a: Cofagrigus\n|-activate|p2a: Cofagrigus|ability: Mummy|Solid Rock|[of] p1a: Rhyperior\n|move|p2a: Cofagrigus|Pain Split|p1a: Rhyperior\n|-sethp|p1a: Rhyperior|172/323 brn|[from] move: Pain Split|[silent]\n|-sethp|p2a: Cofagrigus|172/240|[from] move: Pain Split\n|\n|-heal|p2a: Cofagrigus|187/240|[from] item: Leftovers\n|-damage|p1a: Rhyperior|132/323 brn|[from] brn\n|upkeep\n|turn|19\n|\n|t:|1769776247\n|move|p1a: Rhyperior|Earthquake|p2a: Cofagrigus\n|-crit|p2a: Cofagrigus\n|-damage|p2a: Cofagrigus|124/240\n|move|p2a: Cofagrigus|Shadow Ball|p1a: Rhyperior\n|-damage|p1a: Rhyperior|12/323 brn\n|\n|-heal|p2a: Cofagrigus|139/240|[from] item: Leftovers\n|-damage|p1a: Rhyperior|0 fnt|[from] brn\n|faint|p1a: Rhyperior\n|upkeep\n|\n|t:|1769776256\n|switch|p1a: Salamence|Salamence-Mega, L68, M|242/242\n|turn|20\n|\n|t:|1769776260\n|move|p1a: Salamence|Return|p2a: Cofagrigus\n|-damage|p2a: Cofagrigus|57/240\n|-ability|p1a: Salamence|Mummy|Aerilate|[from] ability: Mummy|[of] p2a: Cofagrigus\n|-activate|p2a: Cofagrigus|ability: Mummy|Aerilate|[of] p1a: Salamence\n|move|p2a: Cofagrigus|Will-O-Wisp|p1a: Salamence\n|-status|p1a: Salamence|brn\n|\n|-heal|p2a: Cofagrigus|72/240|[from] item: Leftovers\n|-damage|p1a: Salamence|212/242 brn|[from] brn\n|upkeep\n|turn|21\n|\n|t:|1769776264\n|switch|p1a: Zangoose|Zangoose, L84, M|260/260\n|move|p2a: Cofagrigus|Pain Split|p1a: Zangoose\n|-sethp|p1a: Zangoose|166/260|[from] move: Pain Split|[silent]\n|-sethp|p2a: Cofagrigus|166/240|[from] move: Pain Split\n|\n|-heal|p2a: Cofagrigus|181/240|[from] item: Leftovers\n|-status|p1a: Zangoose|tox|[from] item: Toxic Orb\n|upkeep\n|turn|22\n|\n|t:|1769776278\n|move|p1a: Zangoose|Knock Off|p2a: Cofagrigus\n|-supereffective|p2a: Cofagrigus\n|-damage|p2a: Cofagrigus|35/240\n|-ability|p1a: Zangoose|Mummy|Toxic Boost|[from] ability: Mummy|[of] p2a: Cofagrigus\n|-activate|p2a: Cofagrigus|ability: Mummy|Toxic Boost|[of] p1a: Zangoose\n|-enditem|p2a: Cofagrigus|Leftovers|[from] move: Knock Off|[of] p1a: Zangoose\n|move|p2a: Cofagrigus|Pain Split|p1a: Zangoose\n|-sethp|p1a: Zangoose|100/260 tox|[from] move: Pain Split|[silent]\n|-sethp|p2a: Cofagrigus|100/240|[from] move: Pain Split\n|\n|-damage|p1a: Zangoose|84/260 tox|[from] psn\n|upkeep\n|turn|23\n|-message|luukkk forfeited.\n|\n|win|Omgebhonyel\n|raw|luukkk's rating: 1639 &rarr; <strong>1616</strong><br />(-23 for losing)\n|raw|Omgebhonyel's rating: 1595 &rarr; <strong>1618</strong><br />(+23 for winning)\n|l|‽luukkk\n|player|p1|\n", "inputlog": ">version b99ff0165a6231f17e8b78c2a78d1998375de664\n>start {\"formatid\":\"gen6randombattle\",\"seed\":\"sodium,00dccf34d5671f53e2116e4c559f0445\",\"rated\":\"Rated battle\"}\n>player p1 {\"name\":\"luukkk\",\"avatar\":\"janitor\",\"rating\":1639,\"seed\":\"sodium,864f7f01e57d9614f7d397cfe61a00f2\"}\n>player p2 {\"name\":\"Omgebhonyel\",\"avatar\":\"brock\",\"rating\":1595,\"seed\":\"sodium,55e5276174ce694e954f24ad18730b19\"}\n>p1 move darkvoid\n>p2 move willowisp\n>p1 move nastyplot\n>p2 move painsplit\n>p1 move darkpulse\n>p2 switch 6\n>p1 move darkpulse\n>p2 move roost\n>p1 move darkvoid\n>p2 move roost\n>p1 move darkpulse\n>p2 move roost\n>p1 move darkpulse\n>p2 move roost\n>p1 switch 3\n>p1 move stoneedge\n>p2 move knockoff\n>p2 switch 5\n>p1 switch 5\n>p2 move swordsdance\n>p1 move bugbuzz\n>p2 move doubleedge\n>p1 switch 2\n>p1 move dragondance mega\n>p2 move swordsdance\n>p1 move return\n>p2 move doubleedge\n>p2 switch 6\n>p1 switch 6\n>p2 move willowisp\n>chat ☆Omgebhonyel|Whoops lol pressed the wrong thing\n>p1 move tailglow\n>p2 switch 3\n>p1 move surf\n>p2 move megahorn\n>p1 switch 5\n>p1 move earthquake\n>p2 move megahorn\n>p2 switch 3\n>p1 move earthquake\n>p2 move willowisp\n>p1 move icepunch\n>p2 move painsplit\n>p1 move earthquake\n>p2 move shadowball\n>p1 switch 6\n>p1 move return\n>p2 move willowisp\n>p1 switch 4\n>p2 move painsplit\n>p1 move knockoff\n>p2 move painsplit\n>forcelose p1", "uploadtime": 1769776380, "views": 281, "formatid": "gen6randombattle", "rating": 1616, "private": 0, "password": null}