{"id": "gen6randombattle-2521151059", "format": "[Gen 6] Random Battle", "players": ["1Seleb", "hyperlemurian"], "log": "|j|‽1Seleb\n|j|☆hyperlemurian\n|t:|1768738493\n|gametype|singles\n|player|p1|1Seleb|169|1572\n|player|p2|hyperlemurian|265|1618\n|gen|6\n|tier|[Gen 6] Random Battle\n|rated|\n|rule|Sleep Clause Mod: Limit one foe put to sleep\n|rule|HP Percentage Mod: HP is shown in percentages\n|rule|Illusion Level Mod: Illusion disguises the Pokémon's true level\n|\n|t:|1768738493\n|teamsize|p1|6\n|teamsize|p2|6\n|start\n|switch|p1a: Reshiram|Reshiram, L73|266/266\n|switch|p2a: Goodra|Goodra, L85, M|292/292\n|-ability|p1a: Reshiram|Turboblaze\n|turn|1\n|inactive|Battle timer is ON: inactive players will automatically lose when time's up. (requested by 1Seleb)\n|\n|t:|1768738506\n|switch|p2a: Lunatone|Lunatone, L96|290/290\n|switch|p1a: Regirock|Regirock, L86|278/278\n|\n|upkeep\n|turn|2\n|\n|t:|1768738513\n|move|p2a: Lunatone|Earth Power|p1a: Regirock\n|-supereffective|p1a: Regirock\n|-damage|p1a: Regirock|104/278\n|-damage|p2a: Lunatone|261/290|[from] item: Life Orb\n|move|p1a: Regirock|Thunder Wave|p2a: Lunatone\n|-status|p2a: Lunatone|par\n|\n|-heal|p1a: Regirock|121/278|[from] item: Leftovers\n|upkeep\n|turn|3\n|\n|t:|1768738521\n|switch|p1a: Sawsbuck|Sawsbuck-Summer, L86, M|277/277\n|cant|p2a: Lunatone|par\n|\n|upkeep\n|turn|4\n|\n|t:|1768738534\n|switch|p2a: Beedrill|Beedrill, L77, F|227/227\n|move|p1a: Sawsbuck|Swords Dance|p1a: Sawsbuck\n|-boost|p1a: Sawsbuck|atk|2\n|\n|upkeep\n|turn|5\n|\n|t:|1768738542\n|switch|p1a: Regirock|Regirock, L86|121/278\n|detailschange|p2a: Beedrill|Beedrill-Mega, L77, F\n|-mega|p2a: Beedrill|Beedrill|Beedrillite\n|move|p2a: Beedrill|Protect||[still]\n|-fail|p2a: Beedrill\n|\n|-heal|p1a: Regirock|138/278|[from] item: Leftovers\n|upkeep\n|turn|6\n|\n|t:|1768738568\n|switch|p1a: Sawsbuck|Sawsbuck-Summer, L86, M|277/277\n|move|p2a: Beedrill|U-turn|p1a: Sawsbuck\n|-supereffective|p1a: Sawsbuck\n|-damage|p1a: Sawsbuck|17/277\n|inactive|hyperlemurian has 120 seconds left.\n|\n|t:|1768738588\n|switch|p2a: Goodra|Goodra, L85, M|292/292|[from] U-turn\n|\n|upkeep\n|turn|7\n|\n|t:|1768738591\n|move|p1a: Sawsbuck|Return|p2a: Goodra\n|-damage|p2a: Goodra|113/292\n|-damage|p1a: Sawsbuck|0 fnt|[from] item: Life Orb\n|faint|p1a: Sawsbuck\n|move|p2a: Goodra|Sludge Bomb|p1: Sawsbuck|[notarget]\n|-fail|p2a: Goodra\n|\n|upkeep\n|\n|t:|1768738621\n|switch|p1a: Feraligatr|Feraligatr, L79, F|264/264\n|turn|8\n|\n|t:|1768738629\n|move|p2a: Goodra|Draco Meteor|p1a: Feraligatr\n|-damage|p1a: Feraligatr|81/264\n|-unboost|p2a: Goodra|spa|2\n|move|p1a: Feraligatr|Dragon Dance|p1a: Feraligatr\n|-boost|p1a: Feraligatr|atk|1\n|-boost|p1a: Feraligatr|spe|1\n|\n|upkeep\n|turn|9\n|\n|t:|1768738635\n|move|p1a: Feraligatr|Ice Punch|p2a: Goodra\n|-supereffective|p2a: Goodra\n|-damage|p2a: Goodra|0 fnt\n|faint|p2a: Goodra\n|\n|upkeep\n|\n|t:|1768738643\n|switch|p2a: Beedrill|Beedrill-Mega, L77, F|227/227\n|turn|10\n|\n|t:|1768738646\n|move|p2a: Beedrill|Poison Jab|p1a: Feraligatr\n|-damage|p1a: Feraligatr|0 fnt\n|faint|p1a: Feraligatr\n|\n|upkeep\n|\n|t:|1768738656\n|switch|p1a: Regirock|Regirock, L86|138/278\n|turn|11\n|inactive|hyperlemurian has 120 seconds left.\n|\n|t:|1768738692\n|move|p2a: Beedrill|U-turn|p1a: Regirock\n|-damage|p1a: Regirock|80/278\n|\n|t:|1768738695\n|switch|p2a: Golurk|Golurk, L83|283/283|[from] U-turn\n|move|p1a: Regirock|Stone Edge|p2a: Golurk\n|-resisted|p2a: Golurk\n|-damage|p2a: Golurk|223/283\n|\n|-heal|p1a: Regirock|97/278|[from] item: Leftovers\n|upkeep\n|turn|12\n|\n|t:|1768738703\n|switch|p1a: Swanna|Swanna, L85, F|266/266\n|move|p2a: Golurk|Stealth Rock|p1a: Swanna\n|-sidestart|p1: 1Seleb|move: Stealth Rock\n|\n|upkeep\n|turn|13\n|\n|t:|1768738709\n|switch|p2a: Articuno|Articuno, L84|287/287\n|-ability|p2a: Articuno|Pressure\n|move|p1a: Swanna|Defog|p2a: Articuno\n|-unboost|p2a: Articuno|evasion|1\n|-sideend|p1: 1Seleb|Stealth Rock|[from] move: Defog|[of] p1a: Swanna\n|\n|upkeep\n|turn|14\n|\n|t:|1768738715\n|switch|p1a: Reshiram|Reshiram, L73|266/266\n|-ability|p1a: Reshiram|Turboblaze\n|move|p2a: Articuno|Freeze-Dry|p1a: Reshiram\n|-damage|p1a: Reshiram|197/266\n|\n|-heal|p1a: Reshiram|213/266|[from] item: Leftovers\n|upkeep\n|turn|15\n|\n|t:|1768738724\n|switch|p2a: Lunatone|Lunatone, L96|261/290 par\n|switch|p1a: Swanna|Swanna, L85, F|266/266\n|\n|upkeep\n|turn|16\n|\n|t:|1768738733\n|switch|p2a: Articuno|Articuno, L84|287/287\n|-ability|p2a: Articuno|Pressure\n|move|p1a: Swanna|Scald|p2a: Articuno\n|-damage|p2a: Articuno|226/287\n|-status|p2a: Articuno|brn\n|\n|-heal|p2a: Articuno|243/287 brn|[from] item: Leftovers\n|-damage|p2a: Articuno|208/287 brn|[from] brn\n|upkeep\n|turn|17\n|\n|t:|1768738743\n|switch|p1a: Reshiram|Reshiram, L73|213/266\n|-ability|p1a: Reshiram|Turboblaze\n|move|p2a: Articuno|Toxic|p1a: Reshiram\n|-status|p1a: Reshiram|tox\n|\n|-heal|p2a: Articuno|225/287 brn|[from] item: Leftovers\n|-heal|p1a: Reshiram|229/266 tox|[from] item: Leftovers\n|-damage|p1a: Reshiram|213/266 tox|[from] psn\n|-damage|p2a: Articuno|190/287 brn|[from] brn\n|upkeep\n|turn|18\n|inactive|hyperlemurian has 120 seconds left.\n|\n|t:|1768738780\n|switch|p2a: Lunatone|Lunatone, L96|261/290 par\n|move|p1a: Reshiram|Draco Meteor|p2a: Lunatone\n|-damage|p2a: Lunatone|137/290 par\n|-unboost|p1a: Reshiram|spa|2\n|\n|-heal|p1a: Reshiram|229/266 tox|[from] item: Leftovers\n|-damage|p1a: Reshiram|197/266 tox|[from] psn\n|upkeep\n|turn|19\n|inactive|hyperlemurian has 120 seconds left.\n|\n|t:|1768738787\n|switch|p1a: Regirock|Regirock, L86|97/278\n|move|p2a: Lunatone|Moonlight|p2a: Lunatone\n|-heal|p2a: Lunatone|282/290 par\n|\n|-heal|p1a: Regirock|114/278|[from] item: Leftovers\n|upkeep\n|turn|20\n|\n|t:|1768738797\n|move|p1a: Regirock|Stone Edge|p2a: Lunatone|[miss]\n|-miss|p1a: Regirock|p2a: Lunatone\n|cant|p2a: Lunatone|par\n|\n|-heal|p1a: Regirock|131/278|[from] item: Leftovers\n|upkeep\n|turn|21\n|inactive|hyperlemurian has 120 seconds left.\n|\n|t:|1768738832\n|switch|p1a: Swanna|Swanna, L85, F|266/266\n|move|p2a: Lunatone|Earth Power|p1a: Swanna\n|-immune|p1a: Swanna\n|\n|upkeep\n|turn|22\n|\n|t:|1768738840\n|switch|p2a: Articuno|Articuno, L84|190/287 brn\n|-ability|p2a: Articuno|Pressure\n|move|p1a: Swanna|Scald|p2a: Articuno\n|-damage|p2a: Articuno|133/287 brn\n|\n|-heal|p2a: Articuno|150/287 brn|[from] item: Leftovers\n|-damage|p2a: Articuno|115/287 brn|[from] brn\n|upkeep\n|turn|23\n|\n|t:|1768738851\n|move|p1a: Swanna|Brave Bird|p2a: Articuno\n|-damage|p2a: Articuno|10/287 brn\n|-damage|p1a: Swanna|231/266|[from] Recoil\n|move|p2a: Articuno|Roost|p2a: Articuno\n|-heal|p2a: Articuno|154/287 brn\n|-singleturn|p2a: Articuno|move: Roost\n|\n|-heal|p1a: Swanna|247/266|[from] item: Leftovers\n|-heal|p2a: Articuno|171/287 brn|[from] item: Leftovers\n|-damage|p2a: Articuno|136/287 brn|[from] brn\n|upkeep\n|turn|24\n|inactive|hyperlemurian has 120 seconds left.\n|l|‽1Seleb\n|inactive|1Seleb disconnected and has a minute to reconnect!\n|player|p1|\n|j|‽1Seleb\n|inactive|1Seleb reconnected.\n|player|p1|1Seleb|169|\n|n|‽1Seleb|1seleb\n|\n|t:|1768738880\n|switch|p1a: Conkeldurr|Conkeldurr, L81, F|303/303\n|move|p2a: Articuno|Roost|p2a: Articuno\n|-heal|p2a: Articuno|280/287 brn\n|-singleturn|p2a: Articuno|move: Roost\n|\n|-heal|p2a: Articuno|287/287 brn|[from] item: Leftovers\n|-damage|p2a: Articuno|252/287 brn|[from] brn\n|-status|p1a: Conkeldurr|brn|[from] item: Flame Orb\n|upkeep\n|turn|25\n|\n|t:|1768738887\n|switch|p2a: Lunatone|Lunatone, L96|282/290 par\n|move|p1a: Conkeldurr|Facade|p2a: Lunatone\n|-resisted|p2a: Lunatone\n|-damage|p2a: Lunatone|183/290 par\n|\n|-damage|p1a: Conkeldurr|266/303 brn|[from] brn\n|upkeep\n|turn|26\n|inactive|hyperlemurian has 120 seconds left.\n|\n|t:|1768738895\n|move|p1a: Conkeldurr|Knock Off|p2a: Lunatone\n|-supereffective|p2a: Lunatone\n|-damage|p2a: Lunatone|0 fnt\n|-enditem|p2a: Lunatone|Life Orb|[from] move: Knock Off|[of] p1a: Conkeldurr\n|faint|p2a: Lunatone\n|\n|-damage|p1a: Conkeldurr|229/303 brn|[from] brn\n|upkeep\n|inactive|hyperlemurian has 120 seconds left.\n|\n|t:|1768738920\n|switch|p2a: Golurk|Golurk, L83|223/283\n|turn|27\n|\n|t:|1768738928\n|switch|p1a: Swanna|Swanna, L85, F|247/266\n|move|p2a: Golurk|Earthquake|p1a: Swanna\n|-immune|p1a: Swanna\n|\n|-heal|p1a: Swanna|263/266|[from] item: Leftovers\n|upkeep\n|turn|28\n|\n|t:|1768738941\n|switch|p1a: Conkeldurr|Conkeldurr, L81, F|229/303 brn\n|switch|p2a: Articuno|Articuno, L84|252/287 brn\n|-ability|p2a: Articuno|Pressure\n|\n|-heal|p2a: Articuno|269/287 brn|[from] item: Leftovers\n|-damage|p2a: Articuno|234/287 brn|[from] brn\n|-damage|p1a: Conkeldurr|192/303 brn|[from] brn\n|upkeep\n|turn|29\n|\n|t:|1768738953\n|switch|p2a: Hitmonlee|Hitmonlee, L86, M|225/225\n|move|p1a: Conkeldurr|Drain Punch|p2a: Hitmonlee\n|-damage|p2a: Hitmonlee|27/225\n|-heal|p1a: Conkeldurr|291/303 brn|[from] drain|[of] p2a: Hitmonlee\n|\n|-damage|p1a: Conkeldurr|254/303 brn|[from] brn\n|upkeep\n|turn|30\n|\n|t:|1768738959\n|switch|p2a: Golurk|Golurk, L83|223/283\n|move|p1a: Conkeldurr|Mach Punch|p2a: Golurk\n|-immune|p2a: Golurk\n|\n|-damage|p1a: Conkeldurr|217/303 brn|[from] brn\n|upkeep\n|turn|31\n|\n|t:|1768738968\n|switch|p1a: Swanna|Swanna, L85, F|263/266\n|move|p2a: Golurk|Dynamic Punch|p1a: Swanna\n|-resisted|p1a: Swanna\n|-damage|p1a: Swanna|195/266\n|-start|p1a: Swanna|confusion\n|-damage|p2a: Golurk|195/283|[from] item: Life Orb\n|\n|-heal|p1a: Swanna|211/266|[from] item: Leftovers\n|upkeep\n|turn|32\n|\n|t:|1768738978\n|switch|p1a: Conkeldurr|Conkeldurr, L81, F|217/303 brn\n|switch|p2a: Articuno|Articuno, L84|234/287 brn\n|-ability|p2a: Articuno|Pressure\n|\n|-heal|p2a: Articuno|251/287 brn|[from] item: Leftovers\n|-damage|p2a: Articuno|216/287 brn|[from] brn\n|-damage|p1a: Conkeldurr|180/303 brn|[from] brn\n|upkeep\n|turn|33\n|\n|t:|1768739000\n|move|p2a: Articuno|Freeze-Dry|p1a: Conkeldurr\n|-damage|p1a: Conkeldurr|83/303 brn\n|move|p1a: Conkeldurr|Knock Off|p2a: Articuno\n|-damage|p2a: Articuno|102/287 brn\n|-enditem|p2a: Articuno|Leftovers|[from] move: Knock Off|[of] p1a: Conkeldurr\n|\n|-damage|p2a: Articuno|67/287 brn|[from] brn\n|-damage|p1a: Conkeldurr|46/303 brn|[from] brn\n|upkeep\n|turn|34\n|\n|t:|1768739004\n|switch|p2a: Golurk|Golurk, L83|195/283\n|move|p1a: Conkeldurr|Mach Punch|p2a: Golurk\n|-immune|p2a: Golurk\n|\n|-damage|p1a: Conkeldurr|9/303 brn|[from] brn\n|upkeep\n|turn|35\n|\n|t:|1768739011\n|move|p2a: Golurk|Dynamic Punch|p1a: Conkeldurr\n|-damage|p1a: Conkeldurr|0 fnt\n|faint|p1a: Conkeldurr\n|-damage|p2a: Golurk|167/283|[from] item: Life Orb\n|\n|upkeep\n|\n|t:|1768739017\n|switch|p1a: Swanna|Swanna, L85, F|211/266\n|turn|36\n|\n|t:|1768739033\n|move|p1a: Swanna|Scald|p2a: Golurk\n|-supereffective|p2a: Golurk\n|-crit|p2a: Golurk\n|-damage|p2a: Golurk|0 fnt\n|faint|p2a: Golurk\n|\n|-heal|p1a: Swanna|227/266|[from] item: Leftovers\n|upkeep\n|\n|t:|1768739041\n|switch|p2a: Beedrill|Beedrill-Mega, L77, F|227/227\n|turn|37\n|\n|t:|1768739047\n|move|p2a: Beedrill|Poison Jab|p1a: Swanna\n|-damage|p1a: Swanna|53/266\n|move|p1a: Swanna|Brave Bird|p2a: Beedrill\n|-supereffective|p2a: Beedrill\n|-damage|p2a: Beedrill|0 fnt\n|faint|p2a: Beedrill\n|detailschange|p2: Beedrill|Beedrill, L77, F|[silent]\n|-damage|p1a: Swanna|0 fnt|[from] Recoil\n|faint|p1a: Swanna\n|\n|upkeep\n|inactive|hyperlemurian has 120 seconds left.\n|\n|t:|1768739086\n|switch|p1a: Reshiram|Reshiram, L73|197/266 tox\n|switch|p2a: Articuno|Articuno, L84|67/287 brn\n|-ability|p2a: Articuno|Pressure\n|-ability|p1a: Reshiram|Turboblaze\n|turn|38\n|inactive|hyperlemurian has 120 seconds left.\n|\n|t:|1768739111\n|move|p2a: Articuno|Freeze-Dry|p1a: Reshiram\n|-damage|p1a: Reshiram|133/266 tox\n|move|p1a: Reshiram|Roost|p1a: Reshiram\n|-heal|p1a: Reshiram|266/266 tox\n|-singleturn|p1a: Reshiram|move: Roost\n|\n|-damage|p1a: Reshiram|250/266 tox|[from] psn\n|-damage|p2a: Articuno|32/287 brn|[from] brn\n|upkeep\n|turn|39\n|\n|t:|1768739121\n|move|p2a: Articuno|Roost|p2a: Articuno\n|-heal|p2a: Articuno|176/287 brn\n|-singleturn|p2a: Articuno|move: Roost\n|move|p1a: Reshiram|Blue Flare|p2a: Articuno\n|-supereffective|p2a: Articuno\n|-damage|p2a: Articuno|0 fnt\n|faint|p2a: Articuno\n|\n|-heal|p1a: Reshiram|266/266 tox|[from] item: Leftovers\n|-damage|p1a: Reshiram|234/266 tox|[from] psn\n|upkeep\n|\n|t:|1768739123\n|switch|p2a: Hitmonlee|Hitmonlee, L86, M|27/225\n|turn|40\n|\n|t:|1768739133\n|move|p2a: Hitmonlee|High Jump Kick|p1a: Reshiram\n|-damage|p1a: Reshiram|9/266 tox\n|move|p1a: Reshiram|Blue Flare|p2a: Hitmonlee\n|-damage|p2a: Hitmonlee|0 fnt\n|faint|p2a: Hitmonlee\n|\n|win|1Seleb\n|raw|1Seleb's rating: 1572 &rarr; <strong>1595</strong><br />(+23 for winning)\n|raw|hyperlemurian's rating: 1618 &rarr; <strong>1595</strong><br />(-23 for losing)\n|l|☆hyperlemurian\n|player|p2|\n", "inputlog": ">version 3bd1a1e329da8d286644078cfc9a9638fc7ea025\n>start {\"formatid\":\"gen6randombattle\",\"seed\":\"sodium,28dee702cfa1e048347ee4a4b4587d72\",\"rated\":\"Rated battle\"}\n>player p1 {\"name\":\"1Seleb\",\"avatar\":\"169\",\"rating\":1572,\"seed\":\"sodium,75e50f9f3c6beb18bb82452189622b06\"}\n>player p2 {\"name\":\"hyperlemurian\",\"avatar\":\"265\",\"rating\":1618,\"seed\":\"sodium,fa82ad245cf4c324d99e7772b03dd8a3\"}\n>p1 switch 6\n>p2 switch 2\n>p1 move thunderwave\n>p2 move earthpower\n>p1 switch 2\n>p2 move earthpower\n>p1 move swordsdance\n>p2 switch 6\n>p1 switch 2\n>p2 move protect mega\n>p1 switch 2\n>p2 move uturn\n>p2 switch 2\n>p1 move return\n>p2 move sludgebomb\n>p1 switch 5\n>p1 move dragondance\n>p2 move dracometeor\n>p1 move icepunch\n>p2 move dragontail\n>p2 switch 2\n>p1 move waterfall\n>p2 move poisonjab\n>p1 switch 2\n>p1 move stoneedge\n>p2 move uturn\n>p2 switch 5\n>p1 switch 4\n>p2 move stealthrock\n>p1 move defog\n>p2 switch 3\n>p1 switch 6\n>p2 move freezedry\n>p1 switch 6\n>p2 switch 6\n>p1 move scald\n>p2 switch 6\n>p1 switch 6\n>p2 move toxic\n>p1 move dracometeor\n>p2 switch 6\n>p1 switch 4\n>p2 move moonlight\n>p1 move stoneedge\n>p2 move earthpower\n>p1 switch 6\n>p2 move earthpower\n>p1 move scald\n>p2 switch 6\n>p1 move bravebird\n>p2 move roost\n>p1 switch 3\n>p2 move roost\n>p1 move facade\n>p2 switch 6\n>p1 move knockoff\n>p2 move psychic\n>p2 switch 3\n>p1 switch 3\n>p2 move earthquake\n>p1 switch 3\n>p2 switch 6\n>p1 move drainpunch\n>p2 switch 4\n>p1 move machpunch\n>p2 switch 6\n>p1 switch 3\n>p2 move dynamicpunch\n>p1 switch 3\n>p2 switch 4\n>p1 move knockoff\n>p2 move freezedry\n>p1 move machpunch\n>p2 switch 4\n>p1 move knockoff\n>p2 move dynamicpunch\n>p1 switch 3\n>p1 move scald\n>p2 move dynamicpunch\n>p2 switch 5\n>p1 move bravebird\n>p2 move poisonjab\n>p1 switch 4\n>p2 switch 4\n>p1 move roost\n>p2 move freezedry\n>p1 move blueflare\n>p2 move roost\n>p2 switch 6\n>p1 move blueflare\n>p2 move highjumpkick", "uploadtime": 1768739144, "views": 289, "formatid": "gen6randombattle", "rating": 1595, "private": 0, "password": null}