{"id": "gen6randombattle-2539831135", "format": "[Gen 6] Random Battle", "players": ["hypnox33", "aotakeshi"], "log": "|j|☆hypnox33\n|j|☆aotakeshi\n|t:|1771114684\n|gametype|singles\n|player|p1|hypnox33|blaine|1545\n|player|p2|aotakeshi|170|1632\n|gen|6\n|tier|[Gen 6] Random Battle\n|rated|\n|rule|Sleep Clause Mod: Limit one foe put to sleep\n|rule|HP Percentage Mod: HP is shown in percentages\n|rule|Illusion Level Mod: Illusion disguises the Pokémon's true level\n|\n|t:|1771114684\n|teamsize|p1|6\n|teamsize|p2|6\n|start\n|switch|p1a: Zapdos|Zapdos, L78|268/268\n|switch|p2a: Probopass|Probopass, L91, M|257/257\n|turn|1\n|inactive|Battle timer is ON: inactive players will automatically lose when time's up. (requested by hypnox33)\n|\n|t:|1771114701\n|move|p1a: Zapdos|U-turn|p2a: Probopass\n|-resisted|p2a: Probopass\n|-damage|p2a: Probopass|244/257\n|l|☆hypnox33\n|inactive|hypnox33 disconnected and has a minute to reconnect!\n|player|p1|\n|j|☆hypnox33\n|inactive|hypnox33 reconnected and has 125 seconds left.\n|player|p1|hypnox33|blaine|\n|inactive|hypnox33 has 120 seconds left.\n|\n|t:|1771114734\n|switch|p1a: Aegislash|Aegislash, L78, M|222/222|[from] U-turn\n|move|p2a: Probopass|Stealth Rock|p1a: Aegislash\n|-sidestart|p1: hypnox33|move: Stealth Rock\n|\n|-heal|p2a: Probopass|257/257|[from] item: Leftovers\n|upkeep\n|turn|2\n|\n|t:|1771114748\n|-formechange|p1a: Aegislash|Aegislash-Blade||[from] ability: Stance Change\n|move|p1a: Aegislash|Iron Head|p2a: Probopass\n|-damage|p2a: Probopass|196/257\n|move|p2a: Probopass|Thunder Wave|p1a: Aegislash\n|-status|p1a: Aegislash|par\n|\n|-heal|p2a: Probopass|212/257|[from] item: Leftovers\n|upkeep\n|turn|3\n|\n|t:|1771114754\n|move|p2a: Probopass|Earth Power|p1a: Aegislash\n|-supereffective|p1a: Aegislash\n|-damage|p1a: Aegislash|36/222 par\n|-unboost|p1a: Aegislash|spd|1\n|cant|p1a: Aegislash|par\n|\n|-heal|p2a: Probopass|228/257|[from] item: Leftovers\n|-heal|p1a: Aegislash|49/222 par|[from] item: Leftovers\n|upkeep\n|turn|4\n|\n|t:|1771114762\n|move|p2a: Probopass|Earth Power|p1a: Aegislash\n|-supereffective|p1a: Aegislash\n|-damage|p1a: Aegislash|0 fnt\n|faint|p1a: Aegislash\n|\n|-heal|p2a: Probopass|244/257|[from] item: Leftovers\n|upkeep\n|\n|t:|1771114778\n|switch|p1a: Gardevoir|Gardevoir, L78, F|234/234\n|-damage|p1a: Gardevoir|205/234|[from] Stealth Rock\n|-ability|p1a: Gardevoir|Magnet Pull|Trace|[from] ability: Trace|[of] p2a: Probopass\n|turn|5\n|\n|t:|1771114784\n|detailschange|p1a: Gardevoir|Gardevoir-Mega, L78, F\n|-mega|p1a: Gardevoir|Gardevoir|Gardevoirite\n|move|p1a: Gardevoir|Focus Blast|p2a: Probopass|[miss]\n|-miss|p1a: Gardevoir|p2a: Probopass\n|move|p2a: Probopass|Thunder Wave|p1a: Gardevoir\n|-status|p1a: Gardevoir|par\n|\n|-heal|p2a: Probopass|257/257|[from] item: Leftovers\n|upkeep\n|turn|6\n|\n|t:|1771114796\n|switch|p2a: Scolipede|Scolipede, L79, M|224/224\n|move|p1a: Gardevoir|Focus Blast|p2a: Scolipede|[miss]\n|-miss|p1a: Gardevoir|p2a: Scolipede\n|\n|upkeep\n|turn|7\n|\n|t:|1771114803\n|move|p2a: Scolipede|Poison Jab|p1a: Gardevoir\n|-supereffective|p1a: Gardevoir\n|-damage|p1a: Gardevoir|0 fnt\n|faint|p1a: Gardevoir\n|detailschange|p1: Gardevoir|Gardevoir, L78, F|[silent]\n|-damage|p2a: Scolipede|202/224|[from] item: Life Orb\n|\n|-ability|p2a: Scolipede|Speed Boost|boost\n|-boost|p2a: Scolipede|spe|1\n|upkeep\n|\n|t:|1771114811\n|switch|p1a: Snorlax|Snorlax, L81, M|392/392\n|-damage|p1a: Snorlax|343/392|[from] Stealth Rock\n|turn|8\n|\n|t:|1771114817\n|switch|p2a: Plusle|Plusle, L93, M|262/262\n|move|p1a: Snorlax|Curse|p1a: Snorlax\n|-unboost|p1a: Snorlax|spe|1\n|-boost|p1a: Snorlax|atk|1\n|-boost|p1a: Snorlax|def|1\n|\n|-heal|p1a: Snorlax|367/392|[from] item: Leftovers\n|upkeep\n|turn|9\n|\n|t:|1771114821\n|move|p2a: Plusle|Encore|p1a: Snorlax\n|-start|p1a: Snorlax|Encore\n|move|p1a: Snorlax|Curse|p1a: Snorlax\n|-unboost|p1a: Snorlax|spe|1\n|-boost|p1a: Snorlax|atk|1\n|-boost|p1a: Snorlax|def|1\n|\n|-heal|p1a: Snorlax|391/392|[from] item: Leftovers\n|upkeep\n|turn|10\n|\n|t:|1771114824\n|move|p2a: Plusle|Nasty Plot|p2a: Plusle\n|-boost|p2a: Plusle|spa|2\n|move|p1a: Snorlax|Curse|p1a: Snorlax\n|-unboost|p1a: Snorlax|spe|1\n|-boost|p1a: Snorlax|atk|1\n|-boost|p1a: Snorlax|def|1\n|\n|-heal|p1a: Snorlax|392/392|[from] item: Leftovers\n|upkeep\n|turn|11\n|-message|hypnox33 forfeited.\n|\n|win|aotakeshi\n|raw|hypnox33's rating: 1545 &rarr; <strong>1530</strong><br />(-15 for losing)\n|raw|aotakeshi's rating: 1632 &rarr; <strong>1647</strong><br />(+15 for winning)\n|l|☆hypnox33\n|player|p1|\n", "inputlog": ">version ccdc32dd7cde25fd9e4bed64820e885f66e78a4e\n>start {\"formatid\":\"gen6randombattle\",\"seed\":\"sodium,f3e5c48210400b4c487e7de0852551ce\",\"rated\":\"Rated battle\"}\n>player p1 {\"name\":\"hypnox33\",\"avatar\":\"blaine\",\"rating\":1545,\"seed\":\"sodium,b9eca63f72eae96dcd4bef3528ce88f6\"}\n>player p2 {\"name\":\"aotakeshi\",\"avatar\":\"170\",\"rating\":1632,\"seed\":\"sodium,a10eacbff9aaa8e593ff9d121dbc6d9d\"}\n>p1 move uturn\n>p2 move stealthrock\n>p1 switch 4\n>p1 move ironhead\n>p2 move thunderwave\n>p1 move ironhead\n>p2 move earthpower\n>p1 move ironhead\n>p2 move earthpower\n>p1 switch 5\n>p1 move focusblast mega\n>p2 move thunderwave\n>p1 move focusblast\n>p2 switch 3\n>p1 move psyshock\n>p2 move poisonjab\n>p1 switch 2\n>p1 move curse\n>p2 switch 2\n>p1 move bodyslam\n>p2 move encore\n>p1 move curse\n>p2 move nastyplot\n>forcelose p1", "uploadtime": 1771114835, "views": 104, "formatid": "gen6randombattle", "rating": 1530, "private": 0, "password": null}