{"id": "gen6randombattle-2536216987", "format": "[Gen 6] Random Battle", "players": ["timer-is-shit", "dipster027"], "log": "|j|☆timer-is-shit\n|j|☆dipster027\n|t:|1770664794\n|gametype|singles\n|player|p1|timer-is-shit|bruno-gen1|1642\n|player|p2|dipster027|266|1799\n|gen|6\n|tier|[Gen 6] Random Battle\n|rated|\n|rule|Sleep Clause Mod: Limit one foe put to sleep\n|rule|HP Percentage Mod: HP is shown in percentages\n|rule|Illusion Level Mod: Illusion disguises the Pokémon's true level\n|\n|t:|1770664794\n|teamsize|p1|6\n|teamsize|p2|6\n|start\n|switch|p1a: Parasect|Parasect, F|282/282\n|switch|p2a: Kricketune|Kricketune, L98, F|309/309\n|turn|1\n|inactive|Battle timer is ON: inactive players will automatically lose when time's up. (requested by dipster027)\n|inactive|timer-is-shit also wants the timer to be on.\n|\n|t:|1770664812\n|move|p2a: Kricketune|Sticky Web|p1a: Parasect\n|-sidestart|p1: timer-is-shit|move: Sticky Web\n|move|p1a: Parasect|Spore|p2a: Kricketune\n|-status|p2a: Kricketune|slp|[from] move: Spore\n|\n|upkeep\n|turn|2\n|\n|t:|1770664823\n|switch|p1a: Swampert|Swampert, L80, M|291/291\n|-activate|p1a: Swampert|move: Sticky Web\n|-unboost|p1a: Swampert|spe|1\n|cant|p2a: Kricketune|slp\n|\n|upkeep\n|turn|3\n|\n|t:|1770664830\n|detailschange|p1a: Swampert|Swampert-Mega, L80, M\n|-mega|p1a: Swampert|Swampert|Swampertite\n|cant|p2a: Kricketune|slp\n|move|p1a: Swampert|Rain Dance|p1a: Swampert\n|-weather|RainDance\n|\n|-weather|RainDance|[upkeep]\n|upkeep\n|turn|4\n|\n|t:|1770664844\n|move|p1a: Swampert|Waterfall|p2a: Kricketune\n|-damage|p2a: Kricketune|96/309 slp\n|cant|p2a: Kricketune|slp\n|\n|-weather|RainDance|[upkeep]\n|upkeep\n|turn|5\n|\n|t:|1770664850\n|move|p1a: Swampert|Waterfall|p2a: Kricketune\n|-damage|p2a: Kricketune|0 fnt\n|faint|p2a: Kricketune\n|\n|-weather|RainDance|[upkeep]\n|upkeep\n|\n|t:|1770664860\n|switch|p2a: Hypno|Hypno, L96, M|319/319\n|turn|6\n|\n|t:|1770664865\n|move|p2a: Hypno|Protect|p2a: Hypno\n|-singleturn|p2a: Hypno|Protect\n|move|p1a: Swampert|Waterfall|p2a: Hypno\n|-activate|p2a: Hypno|move: Protect\n|\n|-weather|RainDance|[upkeep]\n|upkeep\n|turn|7\n|\n|t:|1770664876\n|move|p1a: Swampert|Waterfall|p2a: Hypno\n|-damage|p2a: Hypno|141/319\n|move|p2a: Hypno|Foul Play|p1a: Swampert\n|-damage|p1a: Swampert|206/291\n|\n|-weather|none\n|-heal|p2a: Hypno|160/319|[from] item: Leftovers\n|upkeep\n|turn|8\n|\n|t:|1770664886\n|move|p2a: Hypno|Wish|p2a: Hypno\n|move|p1a: Swampert|Earthquake|p2a: Hypno\n|-damage|p2a: Hypno|12/319\n|\n|-heal|p2a: Hypno|31/319|[from] item: Leftovers\n|upkeep\n|turn|9\n|\n|t:|1770664891\n|move|p2a: Hypno|Psychic|p1a: Swampert\n|-damage|p1a: Swampert|121/291\n|move|p1a: Swampert|Rain Dance|p1a: Swampert\n|-weather|RainDance\n|\n|-weather|RainDance|[upkeep]\n|-heal|p2a: Hypno|190/319|[from] move: Wish|[wisher] Hypno\n|-heal|p2a: Hypno|209/319|[from] item: Leftovers\n|upkeep\n|turn|10\n|\n|t:|1770664899\n|move|p2a: Hypno|Protect|p2a: Hypno\n|-singleturn|p2a: Hypno|Protect\n|move|p1a: Swampert|Waterfall|p2a: Hypno\n|-activate|p2a: Hypno|move: Protect\n|\n|-weather|RainDance|[upkeep]\n|-heal|p2a: Hypno|228/319|[from] item: Leftovers\n|upkeep\n|turn|11\n|\n|t:|1770664906\n|move|p1a: Swampert|Waterfall|p2a: Hypno\n|-damage|p2a: Hypno|50/319\n|move|p2a: Hypno|Wish|p2a: Hypno\n|\n|-weather|RainDance|[upkeep]\n|-heal|p2a: Hypno|69/319|[from] item: Leftovers\n|upkeep\n|turn|12\n|\n|t:|1770664912\n|move|p2a: Hypno|Protect|p2a: Hypno\n|-singleturn|p2a: Hypno|Protect\n|move|p1a: Swampert|Rain Dance||[still]\n|-fail|p1a: Swampert\n|\n|-weather|RainDance|[upkeep]\n|-heal|p2a: Hypno|228/319|[from] move: Wish|[wisher] Hypno\n|-heal|p2a: Hypno|247/319|[from] item: Leftovers\n|upkeep\n|turn|13\n|\n|t:|1770664922\n|move|p1a: Swampert|Waterfall|p2a: Hypno\n|-damage|p2a: Hypno|75/319\n|move|p2a: Hypno|Wish|p2a: Hypno\n|\n|-weather|none\n|-heal|p2a: Hypno|94/319|[from] item: Leftovers\n|upkeep\n|turn|14\n|\n|t:|1770664928\n|move|p2a: Hypno|Psychic|p1a: Swampert\n|-crit|p1a: Swampert\n|-damage|p1a: Swampert|0 fnt\n|faint|p1a: Swampert\n|detailschange|p1: Swampert|Swampert, L80, M|[silent]\n|\n|-heal|p2a: Hypno|253/319|[from] move: Wish|[wisher] Hypno\n|-heal|p2a: Hypno|272/319|[from] item: Leftovers\n|upkeep\n|\n|t:|1770664936\n|switch|p1a: Weavile|Weavile, L77, F|234/234\n|-activate|p1a: Weavile|move: Sticky Web\n|-unboost|p1a: Weavile|spe|1\n|turn|15\n|\n|t:|1770664944\n|switch|p2a: Floette|Floette-Eternal, L81, F|253/253\n|move|p1a: Weavile|Knock Off|p2a: Floette\n|-resisted|p2a: Floette\n|-damage|p2a: Floette|163/253\n|-enditem|p2a: Floette|Choice Specs|[from] move: Knock Off|[of] p1a: Weavile\n|\n|upkeep\n|turn|16\n|inactive|dipster027 has 120 seconds left.\n|\n|t:|1770664979\n|switch|p2a: Rotom|Rotom-Heat, L82|216/216\n|switch|p1a: Pachirisu|Pachirisu, L95, M|268/268\n|-activate|p1a: Pachirisu|move: Sticky Web\n|-unboost|p1a: Pachirisu|spe|1\n|\n|upkeep\n|turn|17\n|\n|t:|1770664986\n|switch|p2a: Claydol|Claydol, L88|249/249\n|move|p1a: Pachirisu|Toxic|p2a: Claydol\n|-status|p2a: Claydol|tox\n|\n|-damage|p2a: Claydol|234/249 tox|[from] psn\n|upkeep\n|turn|18\n|\n|t:|1770664993\n|switch|p1a: Parasect|Parasect, F|282/282\n|-activate|p1a: Parasect|move: Sticky Web\n|-unboost|p1a: Parasect|spe|1\n|move|p2a: Claydol|Stealth Rock|p1a: Parasect\n|-sidestart|p1: timer-is-shit|move: Stealth Rock\n|\n|-heal|p2a: Claydol|249/249 tox|[from] item: Leftovers\n|-damage|p2a: Claydol|219/249 tox|[from] psn\n|upkeep\n|turn|19\n|\n|t:|1770665006\n|switch|p2a: Rotom|Rotom-Heat, L82|216/216\n|move|p1a: Parasect|Spore|p2a: Rotom\n|-status|p2a: Rotom|slp|[from] move: Spore\n|\n|upkeep\n|turn|20\n|\n|t:|1770665015\n|switch|p1a: Hitmonlee|Hitmonlee, L86, M|226/226\n|-activate|p1a: Hitmonlee|move: Sticky Web\n|-unboost|p1a: Hitmonlee|spe|1\n|-damage|p1a: Hitmonlee|212/226|[from] Stealth Rock\n|-enditem|p1a: Hitmonlee|White Herb\n|-clearnegativeboost|p1a: Hitmonlee|[silent]\n|cant|p2a: Rotom|slp\n|\n|upkeep\n|turn|21\n|\n|t:|1770665029\n|switch|p2a: Claydol|Claydol, L88|219/249 tox\n|move|p1a: Hitmonlee|Bulk Up|p1a: Hitmonlee\n|-boost|p1a: Hitmonlee|atk|1\n|-boost|p1a: Hitmonlee|def|1\n|\n|-heal|p2a: Claydol|234/249 tox|[from] item: Leftovers\n|-damage|p2a: Claydol|219/249 tox|[from] psn\n|upkeep\n|turn|22\n|\n|t:|1770665039\n|move|p1a: Hitmonlee|Knock Off|p2a: Claydol\n|-supereffective|p2a: Claydol\n|-crit|p2a: Claydol\n|-damage|p2a: Claydol|0 fnt\n|-enditem|p2a: Claydol|Leftovers|[from] move: Knock Off|[of] p1a: Hitmonlee\n|faint|p2a: Claydol\n|\n|upkeep\n|\n|t:|1770665046\n|switch|p2a: Hypno|Hypno, L96, M|272/319\n|turn|23\n|\n|t:|1770665049\n|move|p1a: Hitmonlee|Knock Off|p2a: Hypno\n|-supereffective|p2a: Hypno\n|-damage|p2a: Hypno|10/319\n|-enditem|p2a: Hypno|Leftovers|[from] move: Knock Off|[of] p1a: Hitmonlee\n|move|p2a: Hypno|Psychic|p1a: Hitmonlee\n|-supereffective|p1a: Hitmonlee\n|-damage|p1a: Hitmonlee|50/226\n|\n|upkeep\n|turn|24\n|\n|t:|1770665057\n|move|p2a: Hypno|Protect|p2a: Hypno\n|-singleturn|p2a: Hypno|Protect\n|move|p1a: Hitmonlee|Knock Off|p2a: Hypno\n|-activate|p2a: Hypno|move: Protect\n|\n|upkeep\n|turn|25\n|\n|t:|1770665067\n|move|p1a: Hitmonlee|Knock Off|p2a: Hypno\n|-supereffective|p2a: Hypno\n|-damage|p2a: Hypno|0 fnt\n|faint|p2a: Hypno\n|\n|upkeep\n|\n|t:|1770665075\n|switch|p2a: Floette|Floette-Eternal, L81, F|163/253\n|turn|26\n|\n|t:|1770665080\n|move|p1a: Hitmonlee|Close Combat|p2a: Floette\n|-resisted|p2a: Floette\n|-damage|p2a: Floette|25/253\n|-unboost|p1a: Hitmonlee|def|1\n|-unboost|p1a: Hitmonlee|spd|1\n|move|p2a: Floette|Moonblast|p1a: Hitmonlee\n|-supereffective|p1a: Hitmonlee\n|-damage|p1a: Hitmonlee|0 fnt\n|faint|p1a: Hitmonlee\n|\n|upkeep\n|\n|t:|1770665091\n|switch|p1a: Pachirisu|Pachirisu, L95, M|268/268\n|-activate|p1a: Pachirisu|move: Sticky Web\n|-unboost|p1a: Pachirisu|spe|1\n|-damage|p1a: Pachirisu|235/268|[from] Stealth Rock\n|turn|27\n|\n|t:|1770665117\n|move|p2a: Floette|Light of Ruin|p1a: Pachirisu\n|-damage|p1a: Pachirisu|96/268\n|-damage|p2a: Floette|0 fnt|[from] Recoil\n|faint|p2a: Floette\n|move|p1a: Pachirisu|U-turn|p2: Floette|[notarget]\n|-fail|p1a: Pachirisu\n|\n|-heal|p1a: Pachirisu|112/268|[from] item: Leftovers\n|upkeep\n|\n|t:|1770665121\n|switch|p2a: Venomoth|Venomoth, L84, M|255/255\n|turn|28\n|\n|t:|1770665128\n|move|p2a: Venomoth|Quiver Dance|p2a: Venomoth\n|-boost|p2a: Venomoth|spa|1\n|-boost|p2a: Venomoth|spd|1\n|-boost|p2a: Venomoth|spe|1\n|move|p1a: Pachirisu|Nuzzle|p2a: Venomoth\n|-damage|p2a: Venomoth|231/255\n|-status|p2a: Venomoth|par\n|\n|-heal|p1a: Pachirisu|128/268|[from] item: Leftovers\n|-heal|p2a: Venomoth|246/255 par|[from] item: Black Sludge\n|upkeep\n|turn|29\n|\n|t:|1770665145\n|move|p1a: Pachirisu|U-turn|p2a: Venomoth\n|-resisted|p2a: Venomoth\n|-damage|p2a: Venomoth|223/255 par\n|\n|t:|1770665156\n|switch|p1a: Parasect|Parasect, F|282/282|[from] U-turn\n|-activate|p1a: Parasect|move: Sticky Web\n|-unboost|p1a: Parasect|spe|1\n|-damage|p1a: Parasect|212/282|[from] Stealth Rock\n|move|p2a: Venomoth|Bug Buzz|p1a: Parasect\n|-supereffective|p1a: Parasect\n|-damage|p1a: Parasect|0 fnt\n|faint|p1a: Parasect\n|\n|-heal|p2a: Venomoth|238/255 par|[from] item: Black Sludge\n|upkeep\n|\n|t:|1770665171\n|switch|p1a: Weavile|Weavile, L77, F|234/234\n|-activate|p1a: Weavile|move: Sticky Web\n|-unboost|p1a: Weavile|spe|1\n|-damage|p1a: Weavile|176/234|[from] Stealth Rock\n|turn|30\n|\n|t:|1770665198\n|move|p1a: Weavile|Knock Off|p2a: Venomoth\n|-damage|p2a: Venomoth|40/255 par\n|-enditem|p2a: Venomoth|Black Sludge|[from] move: Knock Off|[of] p1a: Weavile\n|move|p2a: Venomoth|Bug Buzz|p1a: Weavile\n|-supereffective|p1a: Weavile\n|-damage|p1a: Weavile|0 fnt\n|faint|p1a: Weavile\n|\n|upkeep\n|\n|t:|1770665206\n|switch|p1a: Goodra|Goodra, L85, F|292/292\n|-activate|p1a: Goodra|move: Sticky Web\n|-unboost|p1a: Goodra|spe|1\n|-damage|p1a: Goodra|256/292|[from] Stealth Rock\n|turn|31\n|\n|t:|1770665213\n|move|p1a: Goodra|Earthquake|p2a: Venomoth\n|-damage|p2a: Venomoth|0 fnt\n|faint|p2a: Venomoth\n|\n|upkeep\n|\n|t:|1770665215\n|switch|p2a: Rotom|Rotom-Heat, L82|216/216 slp\n|turn|32\n|\n|t:|1770665223\n|switch|p1a: Pachirisu|Pachirisu, L95, M|128/268\n|-activate|p1a: Pachirisu|move: Sticky Web\n|-unboost|p1a: Pachirisu|spe|1\n|-damage|p1a: Pachirisu|95/268|[from] Stealth Rock\n|cant|p2a: Rotom|slp\n|\n|-heal|p1a: Pachirisu|111/268|[from] item: Leftovers\n|upkeep\n|turn|33\n|\n|t:|1770665234\n|-curestatus|p2a: Rotom|slp|[msg]\n|move|p2a: Rotom|Overheat|p1a: Pachirisu\n|-crit|p1a: Pachirisu\n|-damage|p1a: Pachirisu|0 fnt\n|-unboost|p2a: Rotom|spa|2\n|faint|p1a: Pachirisu\n|\n|upkeep\n|\n|t:|1770665247\n|switch|p1a: Goodra|Goodra, L85, F|256/292\n|-activate|p1a: Goodra|move: Sticky Web\n|-unboost|p1a: Goodra|spe|1\n|-damage|p1a: Goodra|220/292|[from] Stealth Rock\n|turn|34\n|\n|t:|1770665255\n|move|p2a: Rotom|Thunderbolt|p1a: Goodra\n|-resisted|p1a: Goodra\n|-damage|p1a: Goodra|209/292\n|move|p1a: Goodra|Sludge Bomb|p2a: Rotom\n|-damage|p2a: Rotom|148/216\n|\n|-heal|p2a: Rotom|161/216|[from] item: Leftovers\n|upkeep\n|turn|35\n|\n|t:|1770665263\n|move|p2a: Rotom|Thunderbolt|p1a: Goodra\n|-resisted|p1a: Goodra\n|-damage|p1a: Goodra|199/292\n|move|p1a: Goodra|Sludge Bomb|p2a: Rotom\n|-damage|p2a: Rotom|94/216\n|\n|-heal|p2a: Rotom|107/216|[from] item: Leftovers\n|upkeep\n|turn|36\n|\n|t:|1770665270\n|move|p2a: Rotom|Thunderbolt|p1a: Goodra\n|-resisted|p1a: Goodra\n|-damage|p1a: Goodra|189/292\n|move|p1a: Goodra|Sludge Bomb|p2a: Rotom\n|-crit|p2a: Rotom\n|-damage|p2a: Rotom|2/216\n|\n|-heal|p2a: Rotom|15/216|[from] item: Leftovers\n|upkeep\n|turn|37\n|c|☆timer-is-shit|damn winning against sticky web, quiver dance, crits and rocks it's crazy.\n|\n|t:|1770665278\n|move|p2a: Rotom|Pain Split|p1a: Goodra\n|-sethp|p1a: Goodra|102/292|[from] move: Pain Split|[silent]\n|-sethp|p2a: Rotom|102/216|[from] move: Pain Split\n|move|p1a: Goodra|Sludge Bomb|p2a: Rotom\n|-damage|p2a: Rotom|35/216\n|\n|-heal|p2a: Rotom|48/216|[from] item: Leftovers\n|upkeep\n|turn|38\n|\n|t:|1770665287\n|move|p2a: Rotom|Pain Split|p1a: Goodra\n|-sethp|p1a: Goodra|75/292|[from] move: Pain Split|[silent]\n|-sethp|p2a: Rotom|75/216|[from] move: Pain Split\n|move|p1a: Goodra|Sludge Bomb|p2a: Rotom\n|-damage|p2a: Rotom|14/216\n|-status|p2a: Rotom|psn\n|\n|-heal|p2a: Rotom|27/216 psn|[from] item: Leftovers\n|-damage|p2a: Rotom|0 fnt|[from] psn\n|faint|p2a: Rotom\n|\n|win|timer-is-shit\n|raw|timer-is-shit's rating: 1642 &rarr; <strong>1670</strong><br />(+28 for winning)\n|raw|dipster027's rating: 1799 &rarr; <strong>1771</strong><br />(-28 for losing)\n|l|☆dipster027\n|player|p2|\n", "inputlog": ">version ccdc32dd7cde25fd9e4bed64820e885f66e78a4e\n>start {\"formatid\":\"gen6randombattle\",\"seed\":\"sodium,32cc8e441cd7561c4a178ea7b7c2897d\",\"rated\":\"Rated battle\"}\n>player p1 {\"name\":\"timer-is-shit\",\"avatar\":\"bruno-gen1\",\"rating\":1642,\"seed\":\"sodium,055f8fd468cb5c26687d61a439c675ae\"}\n>player p2 {\"name\":\"dipster027\",\"avatar\":\"266\",\"rating\":1799,\"seed\":\"sodium,1225f749864b3bb90b86635438cf8777\"}\n>p1 move spore\n>p2 move stickyweb\n>p1 switch 5\n>p2 move toxic\n>p1 move raindance mega\n>p2 move taunt\n>p1 move waterfall\n>p2 move toxic\n>p1 move waterfall\n>p2 move toxic\n>p2 switch 5\n>p1 move waterfall\n>p2 move protect\n>p1 move waterfall\n>p2 move foulplay\n>p1 move earthquake\n>p2 move wish\n>p1 move raindance\n>p2 move psychic\n>p1 move waterfall\n>p2 move protect\n>p1 move waterfall\n>p2 move wish\n>p1 move raindance\n>p2 move protect\n>p1 move waterfall\n>p2 move wish\n>p1 move raindance\n>p2 move psychic\n>p1 switch 6\n>p1 move knockoff\n>p2 switch 2\n>p1 switch 4\n>p2 switch 6\n>p1 move toxic\n>p2 switch 3\n>p1 switch 5\n>p2 move stealthrock\n>p1 move spore\n>p2 switch 3\n>p1 switch 3\n>p2 move overheat\n>p1 move bulkup\n>p2 switch 3\n>p1 move knockoff\n>p2 move psychic\n>p2 switch 2\n>p1 move knockoff\n>p2 move psychic\n>p1 move knockoff\n>p2 move protect\n>p1 move knockoff\n>p2 move psychic\n>p2 switch 6\n>p1 move closecombat\n>p2 move moonblast\n>p1 switch 5\n>p1 move uturn\n>p2 move lightofruin\n>p2 switch 4\n>p1 move nuzzle\n>p2 move quiverdance\n>p1 move uturn\n>p2 move bugbuzz\n>p1 switch 3\n>p1 switch 4\n>p1 move knockoff\n>p2 move bugbuzz\n>p1 switch 2\n>p1 move earthquake\n>p2 move bugbuzz\n>p2 switch 3\n>p1 switch 3\n>p2 move thunderbolt\n>p1 move toxic\n>p2 move overheat\n>p1 switch 3\n>p1 move sludgebomb\n>p2 move thunderbolt\n>p1 move sludgebomb\n>p2 move thunderbolt\n>p1 move sludgebomb\n>p2 move thunderbolt\n>chat ☆timer-is-shit|damn winning against sticky web, quiver dance, crits and rocks it's crazy. \n>p1 move sludgebomb\n>p2 move painsplit\n>p1 move sludgebomb\n>p2 move painsplit", "uploadtime": 1770665321, "views": 239, "formatid": "gen6randombattle", "rating": 1670, "private": 0, "password": null}