{"id": "gen6randombattle-2533207701", "format": "[Gen 6] Random Battle", "players": ["Blatjanglover", "Lunatonestone"], "log": "|j|☆Blatjanglover\n|j|☆Lunatonestone\n|t:|1770272959\n|gametype|singles\n|player|p1|Blatjanglover|brock|1624\n|player|p2|Lunatonestone|steven|1540\n|gen|6\n|tier|[Gen 6] Random Battle\n|rated|\n|rule|Sleep Clause Mod: Limit one foe put to sleep\n|rule|HP Percentage Mod: HP is shown in percentages\n|rule|Illusion Level Mod: Illusion disguises the Pokémon's true level\n|\n|t:|1770272959\n|teamsize|p1|6\n|teamsize|p2|6\n|start\n|switch|p1a: Purugly|Purugly, L88, F|268/268\n|switch|p2a: Goodra|Goodra, L85, M|292/292\n|turn|1\n|inactive|Battle timer is ON: inactive players will automatically lose when time's up. (requested by Lunatonestone)\n|\n|t:|1770272971\n|switch|p2a: Dusknoir|Dusknoir, L89, F|225/225\n|-item|p1a: Purugly|Choice Band|[from] ability: Frisk|[of] p2a: Dusknoir\n|move|p1a: Purugly|Knock Off|p2a: Dusknoir\n|-supereffective|p2a: Dusknoir\n|-damage|p2a: Dusknoir|83/225\n|-enditem|p2a: Dusknoir|Leftovers|[from] move: Knock Off|[of] p1a: Purugly\n|\n|upkeep\n|turn|2\n|\n|t:|1770272985\n|move|p1a: Purugly|Knock Off|p2a: Dusknoir\n|-supereffective|p2a: Dusknoir\n|-damage|p2a: Dusknoir|0 fnt\n|faint|p2a: Dusknoir\n|\n|upkeep\n|\n|t:|1770272993\n|switch|p2a: Sawsbuck|Sawsbuck-Autumn, L86, M|277/277\n|turn|3\n|\n|t:|1770273001\n|move|p1a: Purugly|Knock Off|p2a: Sawsbuck\n|-damage|p2a: Sawsbuck|152/277\n|-enditem|p2a: Sawsbuck|Life Orb|[from] move: Knock Off|[of] p1a: Purugly\n|move|p2a: Sawsbuck|Horn Leech|p1a: Purugly\n|-damage|p1a: Purugly|165/268\n|-heal|p2a: Sawsbuck|204/277|[from] drain|[of] p1a: Purugly\n|\n|upkeep\n|turn|4\n|\n|t:|1770273013\n|switch|p1a: Galvantula|Galvantula, L79, M|240/240\n|move|p2a: Sawsbuck|Swords Dance|p2a: Sawsbuck\n|-boost|p2a: Sawsbuck|atk|2\n|\n|upkeep\n|turn|5\n|\n|t:|1770273019\n|move|p1a: Galvantula|Bug Buzz|p2a: Sawsbuck\n|-supereffective|p2a: Sawsbuck\n|-damage|p2a: Sawsbuck|0 fnt\n|faint|p2a: Sawsbuck\n|-damage|p1a: Galvantula|216/240|[from] item: Life Orb\n|\n|upkeep\n|\n|t:|1770273028\n|switch|p2a: Goodra|Goodra, L85, M|292/292\n|turn|6\n|\n|t:|1770273033\n|move|p1a: Galvantula|Sticky Web|p2a: Goodra\n|-sidestart|p2: Lunatonestone|move: Sticky Web\n|move|p2a: Goodra|Dragon Tail|p1a: Galvantula\n|-damage|p1a: Galvantula|122/240\n|drag|p1a: Garchomp|Garchomp, L76, M|289/289\n|\n|upkeep\n|turn|7\n|\n|t:|1770273042\n|switch|p1a: Cobalion|Cobalion, L77|267/267\n|move|p2a: Goodra|Dragon Tail|p1a: Cobalion|[miss]\n|-miss|p2a: Goodra|p1a: Cobalion\n|\n|upkeep\n|turn|8\n|\n|t:|1770273049\n|move|p1a: Cobalion|Iron Head|p2a: Goodra\n|-damage|p2a: Goodra|207/292\n|move|p2a: Goodra|Earthquake|p1a: Cobalion\n|-supereffective|p1a: Cobalion\n|-damage|p1a: Cobalion|145/267\n|\n|-heal|p1a: Cobalion|161/267|[from] item: Leftovers\n|upkeep\n|turn|9\n|\n|t:|1770273057\n|move|p1a: Cobalion|Swords Dance|p1a: Cobalion\n|-boost|p1a: Cobalion|atk|2\n|move|p2a: Goodra|Dragon Tail|p1a: Cobalion\n|-resisted|p1a: Cobalion\n|-damage|p1a: Cobalion|134/267\n|drag|p1a: Galvantula|Galvantula, L79, M|122/240\n|\n|upkeep\n|turn|10\n|\n|t:|1770273065\n|move|p1a: Galvantula|Volt Switch|p2a: Goodra\n|-resisted|p2a: Goodra\n|-damage|p2a: Goodra|189/292\n|-damage|p1a: Galvantula|98/240|[from] item: Life Orb\n|\n|t:|1770273069\n|switch|p1a: Cobalion|Cobalion, L77|134/267|[from] Volt Switch\n|move|p2a: Goodra|Dragon Tail|p1a: Cobalion\n|-resisted|p1a: Cobalion\n|-damage|p1a: Cobalion|105/267\n|drag|p1a: Hitmonlee|Hitmonlee, L86, M|226/226\n|\n|upkeep\n|turn|11\n|\n|t:|1770273078\n|move|p1a: Hitmonlee|Knock Off|p2a: Goodra\n|-damage|p2a: Goodra|91/292\n|-enditem|p2a: Goodra|Assault Vest|[from] move: Knock Off|[of] p1a: Hitmonlee\n|move|p2a: Goodra|Dragon Tail|p1a: Hitmonlee\n|-damage|p1a: Hitmonlee|135/226\n|drag|p1a: Cobalion|Cobalion, L77|105/267\n|\n|-heal|p1a: Cobalion|121/267|[from] item: Leftovers\n|upkeep\n|turn|12\n|\n|t:|1770273088\n|move|p1a: Cobalion|Close Combat|p2a: Goodra\n|-crit|p2a: Goodra\n|-damage|p2a: Goodra|0 fnt\n|-unboost|p1a: Cobalion|def|1\n|-unboost|p1a: Cobalion|spd|1\n|faint|p2a: Goodra\n|\n|-heal|p1a: Cobalion|137/267|[from] item: Leftovers\n|upkeep\n|\n|t:|1770273104\n|switch|p2a: Medicham|Medicham, L77, F|219/219\n|-activate|p2a: Medicham|move: Sticky Web\n|-unboost|p2a: Medicham|spe|1\n|turn|13\n|\n|t:|1770273122\n|detailschange|p2a: Medicham|Medicham-Mega, L77, F\n|-mega|p2a: Medicham|Medicham|Medichamite\n|move|p2a: Medicham|Fake Out|p1a: Cobalion\n|-resisted|p1a: Cobalion\n|-crit|p1a: Cobalion\n|-damage|p1a: Cobalion|94/267\n|cant|p1a: Cobalion|flinch\n|\n|-heal|p1a: Cobalion|110/267|[from] item: Leftovers\n|upkeep\n|turn|14\n|\n|t:|1770273133\n|move|p1a: Cobalion|Iron Head|p2a: Medicham\n|-damage|p2a: Medicham|144/219\n|cant|p2a: Medicham|flinch\n|\n|-heal|p1a: Cobalion|126/267|[from] item: Leftovers\n|upkeep\n|turn|15\n|\n|t:|1770273141\n|switch|p1a: Galvantula|Galvantula, L79, M|98/240\n|move|p2a: Medicham|Zen Headbutt|p1a: Galvantula\n|-damage|p1a: Galvantula|0 fnt\n|faint|p1a: Galvantula\n|\n|upkeep\n|\n|t:|1770273151\n|switch|p1a: Garchomp|Garchomp, L76, M|289/289\n|turn|16\n|\n|t:|1770273155\n|detailschange|p1a: Garchomp|Garchomp-Mega, L76, M\n|-mega|p1a: Garchomp|Garchomp|Garchompite\n|move|p1a: Garchomp|Earthquake|p2a: Medicham\n|-damage|p2a: Medicham|0 fnt\n|faint|p2a: Medicham\n|detailschange|p2: Medicham|Medicham, L77, F|[silent]\n|\n|upkeep\n|\n|t:|1770273169\n|switch|p2a: Dunsparce|Dunsparce, L93, F|337/337\n|-activate|p2a: Dunsparce|move: Sticky Web\n|-unboost|p2a: Dunsparce|spe|1\n|turn|17\n|\n|t:|1770273189\n|move|p1a: Garchomp|Stealth Rock|p2a: Dunsparce\n|-sidestart|p2: Lunatonestone|move: Stealth Rock\n|move|p2a: Dunsparce|Coil|p2a: Dunsparce\n|-boost|p2a: Dunsparce|atk|1\n|-boost|p2a: Dunsparce|def|1\n|-boost|p2a: Dunsparce|accuracy|1\n|\n|upkeep\n|turn|18\n|\n|t:|1770273203\n|switch|p1a: Purugly|Purugly, L88, F|165/268\n|move|p2a: Dunsparce|Body Slam|p1a: Purugly\n|-damage|p1a: Purugly|3/268\n|-status|p1a: Purugly|par\n|\n|upkeep\n|turn|19\n|\n|t:|1770273211\n|move|p2a: Dunsparce|Coil|p2a: Dunsparce\n|-boost|p2a: Dunsparce|atk|1\n|-boost|p2a: Dunsparce|def|1\n|-boost|p2a: Dunsparce|accuracy|1\n|cant|p1a: Purugly|par\n|\n|upkeep\n|turn|20\n|\n|t:|1770273218\n|move|p2a: Dunsparce|Body Slam|p1a: Purugly\n|-damage|p1a: Purugly|0 fnt\n|faint|p1a: Purugly\n|\n|upkeep\n|\n|t:|1770273226\n|switch|p1a: Hitmonlee|Hitmonlee, L86, M|135/226\n|turn|21\n|\n|t:|1770273230\n|move|p1a: Hitmonlee|Close Combat|p2a: Dunsparce\n|-supereffective|p2a: Dunsparce\n|-damage|p2a: Dunsparce|163/337\n|-unboost|p1a: Hitmonlee|def|1\n|-unboost|p1a: Hitmonlee|spd|1\n|-enditem|p1a: Hitmonlee|White Herb\n|-clearnegativeboost|p1a: Hitmonlee|[silent]\n|move|p2a: Dunsparce|Body Slam|p1a: Hitmonlee\n|-damage|p1a: Hitmonlee|0 fnt\n|faint|p1a: Hitmonlee\n|\n|-heal|p2a: Dunsparce|184/337|[from] item: Leftovers\n|upkeep\n|\n|t:|1770273243\n|switch|p1a: Garchomp|Garchomp-Mega, L76, M|289/289\n|turn|22\n|\n|t:|1770273248\n|move|p1a: Garchomp|Draco Meteor|p2a: Dunsparce|[miss]\n|-miss|p1a: Garchomp|p2a: Dunsparce\n|move|p2a: Dunsparce|Body Slam|p1a: Garchomp\n|-crit|p1a: Garchomp\n|-damage|p1a: Garchomp|66/289\n|\n|-heal|p2a: Dunsparce|205/337|[from] item: Leftovers\n|upkeep\n|turn|23\n|\n|t:|1770273257\n|move|p1a: Garchomp|Draco Meteor|p2a: Dunsparce\n|-damage|p2a: Dunsparce|60/337\n|-unboost|p1a: Garchomp|spa|2\n|move|p2a: Dunsparce|Body Slam|p1a: Garchomp\n|-damage|p1a: Garchomp|0 fnt\n|faint|p1a: Garchomp\n|detailschange|p1: Garchomp|Garchomp, L76, M|[silent]\n|\n|-heal|p2a: Dunsparce|81/337|[from] item: Leftovers\n|upkeep\n|c|☆Blatjanglover|Gg\n|\n|t:|1770273264\n|switch|p1a: Cobalion|Cobalion, L77|126/267\n|turn|24\n|\n|t:|1770273271\n|move|p1a: Cobalion|Close Combat|p2a: Dunsparce\n|-supereffective|p2a: Dunsparce\n|-damage|p2a: Dunsparce|0 fnt\n|-unboost|p1a: Cobalion|def|1\n|-unboost|p1a: Cobalion|spd|1\n|faint|p2a: Dunsparce\n|\n|-heal|p1a: Cobalion|142/267|[from] item: Leftovers\n|upkeep\n|\n|t:|1770273280\n|switch|p2a: Hitmonlee|Hitmonlee, L86, M|226/226\n|-activate|p2a: Hitmonlee|move: Sticky Web\n|-unboost|p2a: Hitmonlee|spe|1\n|-damage|p2a: Hitmonlee|212/226|[from] Stealth Rock\n|-enditem|p2a: Hitmonlee|White Herb\n|-clearnegativeboost|p2a: Hitmonlee|[silent]\n|turn|25\n|\n|t:|1770273288\n|move|p2a: Hitmonlee|Bulk Up|p2a: Hitmonlee\n|-boost|p2a: Hitmonlee|atk|1\n|-boost|p2a: Hitmonlee|def|1\n|move|p1a: Cobalion|Close Combat|p2a: Hitmonlee\n|-damage|p2a: Hitmonlee|127/226\n|-unboost|p1a: Cobalion|def|1\n|-unboost|p1a: Cobalion|spd|1\n|\n|-heal|p1a: Cobalion|158/267|[from] item: Leftovers\n|upkeep\n|turn|26\n|\n|t:|1770273299\n|move|p2a: Hitmonlee|Close Combat|p1a: Cobalion\n|-supereffective|p1a: Cobalion\n|-damage|p1a: Cobalion|0 fnt\n|-unboost|p2a: Hitmonlee|def|1\n|-unboost|p2a: Hitmonlee|spd|1\n|faint|p1a: Cobalion\n|\n|upkeep\n|\n|t:|1770273301\n|switch|p1a: Simisear|Simisear, L88, F|275/275\n|turn|27\n|\n|t:|1770273309\n|move|p2a: Hitmonlee|Close Combat|p1a: Simisear\n|-damage|p1a: Simisear|0 fnt\n|-unboost|p2a: Hitmonlee|def|1\n|-unboost|p2a: Hitmonlee|spd|1\n|faint|p1a: Simisear\n|\n|win|Lunatonestone\n|raw|Blatjanglover's rating: 1624 &rarr; <strong>1599</strong><br />(-25 for losing)\n|raw|Lunatonestone's rating: 1540 &rarr; <strong>1565</strong><br />(+25 for winning)\n|c|☆Blatjanglover|Wp\n", "inputlog": ">version ccdc32dd7cde25fd9e4bed64820e885f66e78a4e\n>start {\"formatid\":\"gen6randombattle\",\"seed\":\"sodium,cc89301eb6c06c66903c71d6181a34da\",\"rated\":\"Rated battle\"}\n>player p1 {\"name\":\"Blatjanglover\",\"avatar\":\"brock\",\"rating\":1624,\"seed\":\"sodium,2ae462ec49b9b8d5d26e07014a336272\"}\n>player p2 {\"name\":\"Lunatonestone\",\"avatar\":\"steven\",\"rating\":1540,\"seed\":\"sodium,d340a270ca1eff2aededa4764a04095c\"}\n>p1 move knockoff\n>p2 switch 2\n>p1 move knockoff\n>p2 move painsplit\n>p2 switch 5\n>p1 move knockoff\n>p2 move hornleech\n>p1 switch 6\n>p2 move swordsdance\n>p1 move bugbuzz\n>p2 move return\n>p2 switch 2\n>p1 move stickyweb\n>p2 move dragontail\n>p1 switch 4\n>p2 move dragontail\n>p1 move ironhead\n>p2 move earthquake\n>p1 move swordsdance\n>p2 move dragontail\n>p1 move voltswitch\n>p2 move dragontail\n>p1 switch 5\n>p1 move knockoff\n>p2 move dragontail\n>p1 move closecombat\n>p2 move earthquake\n>p2 switch 3\n>p1 move ironhead\n>p2 move fakeout mega\n>p1 move ironhead\n>p2 move zenheadbutt\n>p1 switch 5\n>p2 move zenheadbutt\n>p1 switch 4\n>p1 move earthquake mega\n>p2 move highjumpkick\n>p2 switch 4\n>p1 move stealthrock\n>p2 move coil\n>p1 switch 6\n>p2 move bodyslam\n>p1 move knockoff\n>p2 move coil\n>p1 move knockoff\n>p2 move bodyslam\n>p1 switch 2\n>p1 move closecombat\n>p2 move bodyslam\n>p1 switch 6\n>p1 move dracometeor\n>p2 move bodyslam\n>p1 move dracometeor\n>p2 move bodyslam\n>chat ☆Blatjanglover|Gg\n>p1 switch 5\n>p1 move closecombat\n>p2 move roost\n>p2 switch 6\n>p1 move closecombat\n>p2 move bulkup\n>p1 move closecombat\n>p2 move closecombat\n>p1 switch 3\n>p1 move fireblast\n>p2 move closecombat", "uploadtime": 1770273318, "views": 275, "formatid": "gen6randombattle", "rating": 1565, "private": 0, "password": null}