{"id": "gen6randombattle-2537485665", "format": "[Gen 6] Random Battle", "players": ["arboretums", "nigeria simulator"], "log": "|j|☆arboretums\n|j|☆nigeria simulator\n|t:|1770820388\n|gametype|singles\n|player|p1|arboretums|serena-masters2|1520\n|player|p2|nigeria simulator|1|1621\n|gen|6\n|tier|[Gen 6] Random Battle\n|rated|\n|rule|Sleep Clause Mod: Limit one foe put to sleep\n|rule|HP Percentage Mod: HP is shown in percentages\n|rule|Illusion Level Mod: Illusion disguises the Pokémon's true level\n|\n|t:|1770820388\n|teamsize|p1|6\n|teamsize|p2|6\n|start\n|switch|p1a: Primeape|Primeape, L87, M|255/255\n|switch|p2a: Nidoqueen|Nidoqueen, L81, F|278/278\n|turn|1\n|inactive|Battle timer is ON: inactive players will automatically lose when time's up. (requested by arboretums)\n|\n|t:|1770820398\n|move|p1a: Primeape|Hone Claws|p1a: Primeape\n|-boost|p1a: Primeape|atk|1\n|-boost|p1a: Primeape|accuracy|1\n|move|p2a: Nidoqueen|Earth Power|p1a: Primeape\n|-damage|p1a: Primeape|121/255\n|\n|upkeep\n|turn|2\n|\n|t:|1770820409\n|move|p1a: Primeape|Earthquake|p2a: Nidoqueen\n|-supereffective|p2a: Nidoqueen\n|-damage|p2a: Nidoqueen|0 fnt\n|faint|p2a: Nidoqueen\n|-damage|p1a: Primeape|96/255|[from] item: Life Orb\n|\n|upkeep\n|inactive|nigeria simulator has 120 seconds left.\n|\n|t:|1770820437\n|switch|p2a: Doublade|Doublade, L82, F|231/231\n|turn|3\n|inactive|arboretums has 120 seconds left.\n|\n|t:|1770820478\n|move|p1a: Primeape|Earthquake|p2a: Doublade\n|-supereffective|p2a: Doublade\n|-damage|p2a: Doublade|96/231\n|-damage|p1a: Primeape|71/255|[from] item: Life Orb\n|move|p2a: Doublade|Swords Dance|p2a: Doublade\n|-boost|p2a: Doublade|atk|2\n|\n|upkeep\n|turn|4\n|\n|t:|1770820498\n|switch|p1a: Greninja|Greninja, L79, M|243/243\n|move|p2a: Doublade|Shadow Sneak|p1a: Greninja\n|-resisted|p1a: Greninja\n|-damage|p1a: Greninja|190/243\n|\n|upkeep\n|turn|5\n|\n|t:|1770820512\n|move|p2a: Doublade|Shadow Sneak|p1a: Greninja\n|-resisted|p1a: Greninja\n|-damage|p1a: Greninja|136/243\n|move|p1a: Greninja|Hydro Pump|p2a: Doublade\n|-start|p1a: Greninja|typechange|Water|[from] ability: Protean\n|-damage|p2a: Doublade|0 fnt\n|faint|p2a: Doublade\n|-damage|p1a: Greninja|112/243|[from] item: Life Orb\n|\n|upkeep\n|\n|t:|1770820523\n|switch|p2a: Scrafty|Scrafty, L83, M|244/244\n|turn|6\n|inactive|arboretums has 120 seconds left.\n|\n|t:|1770820545\n|switch|p1a: Primeape|Primeape, L87, M|71/255\n|move|p2a: Scrafty|Knock Off|p1a: Primeape\n|-resisted|p1a: Primeape\n|-damage|p1a: Primeape|15/255\n|-enditem|p1a: Primeape|Life Orb|[from] move: Knock Off|[of] p2a: Scrafty\n|\n|upkeep\n|turn|7\n|\n|t:|1770820556\n|switch|p2a: Carbink|Carbink, L91|239/239\n|move|p1a: Primeape|Close Combat|p2a: Carbink\n|-damage|p2a: Carbink|145/239\n|-unboost|p1a: Primeape|def|1\n|-unboost|p1a: Primeape|spd|1\n|\n|upkeep\n|turn|8\n|inactive|arboretums has 120 seconds left.\n|\n|t:|1770820565\n|move|p1a: Primeape|Earthquake|p2a: Carbink\n|-supereffective|p2a: Carbink\n|-damage|p2a: Carbink|41/239\n|move|p2a: Carbink|Stealth Rock|p1a: Primeape\n|-sidestart|p1: arboretums|move: Stealth Rock\n|\n|upkeep\n|turn|9\n|\n|t:|1770820571\n|move|p1a: Primeape|Earthquake|p2a: Carbink\n|-supereffective|p2a: Carbink\n|-damage|p2a: Carbink|0 fnt\n|faint|p2a: Carbink\n|\n|upkeep\n|\n|t:|1770820584\n|switch|p2a: Scrafty|Scrafty, L83, M|244/244\n|turn|10\n|\n|t:|1770820587\n|move|p1a: Primeape|Close Combat|p2a: Scrafty\n|-supereffective|p2a: Scrafty\n|-damage|p2a: Scrafty|0 fnt\n|-unboost|p1a: Primeape|def|1\n|-unboost|p1a: Primeape|spd|1\n|faint|p2a: Scrafty\n|\n|upkeep\n|\n|t:|1770820591\n|switch|p2a: Vivillon|Vivillon-Monsoon, L83, M|267/267\n|turn|11\n|\n|t:|1770820606\n|switch|p1a: Tyranitar|Tyranitar, L75, F|274/274\n|-damage|p1a: Tyranitar|240/274|[from] Stealth Rock\n|-weather|Sandstorm|[from] ability: Sand Stream|[of] p1a: Tyranitar\n|move|p2a: Vivillon|Quiver Dance|p2a: Vivillon\n|-boost|p2a: Vivillon|spa|1\n|-boost|p2a: Vivillon|spd|1\n|-boost|p2a: Vivillon|spe|1\n|\n|-weather|Sandstorm|[upkeep]\n|-damage|p2a: Vivillon|251/267|[from] Sandstorm\n|-heal|p2a: Vivillon|267/267|[from] item: Leftovers\n|upkeep\n|turn|12\n|\n|t:|1770820612\n|detailschange|p1a: Tyranitar|Tyranitar-Mega, L75, F\n|-mega|p1a: Tyranitar|Tyranitar|Tyranitarite\n|move|p2a: Vivillon|Sleep Powder|p1a: Tyranitar\n|-status|p1a: Tyranitar|slp|[from] move: Sleep Powder\n|cant|p1a: Tyranitar|slp\n|\n|-weather|Sandstorm|[upkeep]\n|-damage|p2a: Vivillon|251/267|[from] Sandstorm\n|-heal|p2a: Vivillon|267/267|[from] item: Leftovers\n|upkeep\n|turn|13\n|\n|t:|1770820615\n|move|p2a: Vivillon|Bug Buzz|p1a: Tyranitar\n|-supereffective|p1a: Tyranitar\n|-damage|p1a: Tyranitar|72/274 slp\n|-curestatus|p1a: Tyranitar|slp|[msg]\n|move|p1a: Tyranitar|Stone Edge|p2a: Vivillon\n|-supereffective|p2a: Vivillon\n|-damage|p2a: Vivillon|0 fnt\n|faint|p2a: Vivillon\n|\n|-weather|Sandstorm|[upkeep]\n|upkeep\n|-message|nigeria simulator forfeited.\n|\n|win|arboretums\n|raw|arboretums's rating: 1520 &rarr; <strong>1546</strong><br />(+26 for winning)\n|raw|nigeria simulator's rating: 1621 &rarr; <strong>1595</strong><br />(-26 for losing)\n|l|☆nigeria simulator\n|player|p2|\n", "inputlog": ">version ccdc32dd7cde25fd9e4bed64820e885f66e78a4e\n>start {\"formatid\":\"gen6randombattle\",\"seed\":\"sodium,43695e7c2eb26c6bad2cc059cdbee727\",\"rated\":\"Rated battle\"}\n>player p1 {\"name\":\"arboretums\",\"avatar\":\"serena-masters2\",\"rating\":1520,\"seed\":\"sodium,8f0815386d6e925ddca3f372b042c5a0\"}\n>player p2 {\"name\":\"nigeria simulator\",\"avatar\":\"1\",\"rating\":1621,\"seed\":\"sodium,1bdd0b40fcc1130b49a3d503f1e71dc0\"}\n>p1 move honeclaws\n>p2 move earthpower\n>p1 move earthquake\n>p2 move earthpower\n>p2 switch 5\n>p1 move earthquake\n>p2 move swordsdance\n>p1 switch 4\n>p2 move shadowsneak\n>p1 move hydropump\n>p2 move shadowsneak\n>p2 switch 3\n>p1 switch 4\n>p2 move knockoff\n>p1 move closecombat\n>p2 switch 6\n>p1 move earthquake\n>p2 move stealthrock\n>p1 move earthquake\n>p2 move moonblast\n>p2 switch 6\n>p1 move closecombat\n>p2 move knockoff\n>p2 switch 2\n>p1 switch 3\n>p2 move quiverdance\n>p1 move stoneedge mega\n>p2 move sleeppowder\n>p1 move stoneedge\n>p2 move bugbuzz\n>forcelose p2", "uploadtime": 1770820622, "views": 231, "formatid": "gen6randombattle", "rating": 1546, "private": 0, "password": null}