{"id": "gen6randombattle-2529668602", "format": "[Gen 6] Random Battle", "players": ["Aphrodi 20", "MilkingTheGranbull"], "log": "|j|☆Aphrodi 20\n|j|☆MilkingTheGranbull\n|t:|1769809815\n|gametype|singles\n|player|p1|Aphrodi 20|morty|1529\n|player|p2|MilkingTheGranbull|scientist-gen4|1589\n|gen|6\n|tier|[Gen 6] Random Battle\n|rated|\n|rule|Sleep Clause Mod: Limit one foe put to sleep\n|rule|HP Percentage Mod: HP is shown in percentages\n|rule|Illusion Level Mod: Illusion disguises the Pokémon's true level\n|\n|t:|1769809815\n|teamsize|p1|6\n|teamsize|p2|6\n|start\n|switch|p1a: Jumpluff|Jumpluff, L90, M|281/281\n|switch|p2a: Corsola|Corsola, L99, M|269/269\n|turn|1\n|inactive|Battle timer is ON: inactive players will automatically lose when time's up. (requested by Aphrodi 20)\n|\n|t:|1769809834\n|switch|p1a: Scrafty|Scrafty, L83, M|244/244\n|move|p2a: Corsola|Power Gem|p1a: Scrafty\n|-resisted|p1a: Scrafty\n|-damage|p1a: Scrafty|207/244\n|\n|-heal|p1a: Scrafty|222/244|[from] item: Leftovers\n|upkeep\n|turn|2\n|\n|t:|1769809854\n|switch|p2a: Hawlucha|Hawlucha, L77, F|244/244\n|move|p1a: Scrafty|Bulk Up|p1a: Scrafty\n|-boost|p1a: Scrafty|atk|1\n|-boost|p1a: Scrafty|def|1\n|\n|-heal|p1a: Scrafty|237/244|[from] item: Leftovers\n|upkeep\n|turn|3\n|inactive|Aphrodi 20 has 120 seconds left.\n|\n|t:|1769809889\n|switch|p1a: Cresselia|Cresselia, L80, F|323/323\n|move|p2a: Hawlucha|Substitute|p2a: Hawlucha\n|-start|p2a: Hawlucha|Substitute\n|-damage|p2a: Hawlucha|183/244\n|\n|upkeep\n|turn|4\n|\n|t:|1769809914\n|move|p2a: Hawlucha|Swords Dance|p2a: Hawlucha\n|-boost|p2a: Hawlucha|atk|2\n|move|p1a: Cresselia|Psyshock|p2a: Hawlucha\n|-supereffective|p2a: Hawlucha\n|-end|p2a: Hawlucha|Substitute\n|\n|upkeep\n|turn|5\n|\n|t:|1769809922\n|move|p2a: Hawlucha|Substitute|p2a: Hawlucha\n|-start|p2a: Hawlucha|Substitute\n|-damage|p2a: Hawlucha|122/244\n|-enditem|p2a: Hawlucha|Sitrus Berry|[eat]\n|-heal|p2a: Hawlucha|183/244|[from] item: Sitrus Berry\n|move|p1a: Cresselia|Psyshock|p2a: Hawlucha\n|-supereffective|p2a: Hawlucha\n|-end|p2a: Hawlucha|Substitute\n|\n|upkeep\n|turn|6\n|\n|t:|1769809930\n|move|p2a: Hawlucha|Acrobatics|p1a: Cresselia\n|-damage|p1a: Cresselia|175/323\n|move|p1a: Cresselia|Psyshock|p2a: Hawlucha\n|-supereffective|p2a: Hawlucha\n|-damage|p2a: Hawlucha|19/244\n|\n|-heal|p1a: Cresselia|195/323|[from] item: Leftovers\n|upkeep\n|turn|7\n|\n|t:|1769809938\n|move|p2a: Hawlucha|Acrobatics|p1a: Cresselia\n|-damage|p1a: Cresselia|45/323\n|move|p1a: Cresselia|Psyshock|p2a: Hawlucha\n|-supereffective|p2a: Hawlucha\n|-damage|p2a: Hawlucha|0 fnt\n|faint|p2a: Hawlucha\n|\n|-heal|p1a: Cresselia|65/323|[from] item: Leftovers\n|upkeep\n|\n|t:|1769809948\n|switch|p2a: Volcarona|Volcarona, L77, F|257/257\n|turn|8\n|inactive|Aphrodi 20 has 120 seconds left.\n|j| mlungero\n|inactive|Aphrodi 20 has 90 seconds left.\n|\n|t:|1769810027\n|move|p2a: Volcarona|Quiver Dance|p2a: Volcarona\n|-boost|p2a: Volcarona|spa|1\n|-boost|p2a: Volcarona|spd|1\n|-boost|p2a: Volcarona|spe|1\n|move|p1a: Cresselia|Psyshock|p2a: Volcarona\n|-damage|p2a: Volcarona|161/257\n|\n|-heal|p2a: Volcarona|177/257|[from] item: Leftovers\n|-heal|p1a: Cresselia|85/323|[from] item: Leftovers\n|upkeep\n|turn|9\n|\n|t:|1769810042\n|switch|p1a: Watchog|Watchog, L94, M|265/265\n|move|p2a: Volcarona|Bug Buzz|p1a: Watchog\n|-damage|p1a: Watchog|103/265\n|-unboost|p1a: Watchog|spd|1\n|\n|-heal|p2a: Volcarona|193/257|[from] item: Leftovers\n|-heal|p1a: Watchog|119/265|[from] item: Leftovers\n|upkeep\n|turn|10\n|inactive|MilkingTheGranbull has 120 seconds left.\n|\n|t:|1769810072\n|move|p2a: Volcarona|Bug Buzz|p1a: Watchog\n|-damage|p1a: Watchog|0 fnt\n|faint|p1a: Watchog\n|\n|-heal|p2a: Volcarona|209/257|[from] item: Leftovers\n|upkeep\n|\n|t:|1769810079\n|switch|p1a: Jumpluff|Jumpluff, L90, M|281/281\n|turn|11\n|\n|t:|1769810089\n|move|p2a: Volcarona|Fire Blast|p1a: Jumpluff\n|-supereffective|p1a: Jumpluff\n|-damage|p1a: Jumpluff|0 fnt\n|faint|p1a: Jumpluff\n|\n|-heal|p2a: Volcarona|225/257|[from] item: Leftovers\n|upkeep\n|\n|t:|1769810098\n|switch|p1a: Wigglytuff|Wigglytuff, L93, M|411/411\n|turn|12\n|\n|t:|1769810109\n|move|p2a: Volcarona|Fire Blast|p1a: Wigglytuff\n|-damage|p1a: Wigglytuff|144/411\n|move|p1a: Wigglytuff|Knock Off|p2a: Volcarona\n|-damage|p2a: Volcarona|142/257\n|-enditem|p2a: Volcarona|Leftovers|[from] move: Knock Off|[of] p1a: Wigglytuff\n|\n|-heal|p1a: Wigglytuff|169/411|[from] item: Leftovers\n|upkeep\n|turn|13\n|inactive|Aphrodi 20 has 90 seconds left.\n|\n|t:|1769810129\n|move|p2a: Volcarona|Bug Buzz|p1a: Wigglytuff\n|-resisted|p1a: Wigglytuff\n|-damage|p1a: Wigglytuff|71/411\n|move|p1a: Wigglytuff|Stealth Rock|p2a: Volcarona\n|-sidestart|p2: MilkingTheGranbull|move: Stealth Rock\n|\n|-heal|p1a: Wigglytuff|96/411|[from] item: Leftovers\n|upkeep\n|turn|14\n|inactive|Aphrodi 20 has 90 seconds left.\n|\n|t:|1769810141\n|move|p2a: Volcarona|Bug Buzz|p1a: Wigglytuff\n|-resisted|p1a: Wigglytuff\n|-damage|p1a: Wigglytuff|0 fnt\n|faint|p1a: Wigglytuff\n|\n|upkeep\n|\n|t:|1769810153\n|switch|p1a: Scrafty|Scrafty, L83, M|237/244\n|turn|15\n|\n|t:|1769810162\n|move|p2a: Volcarona|Bug Buzz|p1a: Scrafty\n|-damage|p1a: Scrafty|108/244\n|move|p1a: Scrafty|Knock Off|p2a: Volcarona\n|-damage|p2a: Volcarona|57/257\n|\n|-heal|p1a: Scrafty|123/244|[from] item: Leftovers\n|upkeep\n|turn|16\n|inactive|Aphrodi 20 has 90 seconds left.\n|\n|t:|1769810170\n|move|p2a: Volcarona|Bug Buzz|p1a: Scrafty\n|-damage|p1a: Scrafty|0 fnt\n|faint|p1a: Scrafty\n|\n|upkeep\n|inactive|Aphrodi 20 has 90 seconds left.\n|\n|t:|1769810176\n|switch|p1a: Starmie|Starmie, L82|233/233\n|turn|17\n|\n|t:|1769810180\n|move|p2a: Volcarona|Bug Buzz|p1a: Starmie\n|-supereffective|p1a: Starmie\n|-damage|p1a: Starmie|0 fnt\n|faint|p1a: Starmie\n|\n|upkeep\n|c|☆MilkingTheGranbull|gg\n|\n|t:|1769810185\n|switch|p1a: Cresselia|Cresselia, L80, F|85/323\n|turn|18\n|c|☆Aphrodi 20|GG\n|\n|t:|1769810193\n|move|p2a: Volcarona|Bug Buzz|p1a: Cresselia\n|-supereffective|p1a: Cresselia\n|-damage|p1a: Cresselia|0 fnt\n|faint|p1a: Cresselia\n|\n|win|MilkingTheGranbull\n|raw|Aphrodi 20's rating: 1529 &rarr; <strong>1512</strong><br />(-17 for losing)\n|raw|MilkingTheGranbull's rating: 1589 &rarr; <strong>1606</strong><br />(+17 for winning)\n", "inputlog": ">version b99ff0165a6231f17e8b78c2a78d1998375de664\n>start {\"formatid\":\"gen6randombattle\",\"seed\":\"sodium,d7fe7bdb61f681ad4f5b115f583ff521\",\"rated\":\"Rated battle\"}\n>player p1 {\"name\":\"Aphrodi 20\",\"avatar\":\"morty\",\"rating\":1529,\"seed\":\"sodium,4d403a47756829e509c455f195775ddc\"}\n>player p2 {\"name\":\"MilkingTheGranbull\",\"avatar\":\"scientist-gen4\",\"rating\":1589,\"seed\":\"sodium,05145ef2e8286307fbdbc142bcd0183f\"}\n>p1 switch 2\n>p2 move powergem\n>p1 move bulkup\n>p2 switch 2\n>p1 switch 3\n>p2 move substitute\n>p1 move psyshock\n>p2 move swordsdance\n>p1 move psyshock\n>p2 move substitute\n>p1 move psyshock\n>p2 move acrobatics\n>p1 move psyshock\n>p2 move acrobatics\n>p2 switch 3\n>p1 move psyshock\n>p2 move quiverdance\n>p1 switch 4\n>p2 move bugbuzz\n>p1 move hypnosis\n>p2 move bugbuzz\n>p1 switch 2\n>p1 move acrobatics\n>p2 move fireblast\n>p1 switch 5\n>p1 move knockoff\n>p2 move fireblast\n>p1 move stealthrock\n>p2 move bugbuzz\n>p1 move knockoff\n>p2 move bugbuzz\n>p1 switch 3\n>p1 move knockoff\n>p2 move bugbuzz\n>p1 move knockoff\n>p2 move bugbuzz\n>p1 switch 6\n>p1 move scald\n>p2 move bugbuzz\n>chat ☆MilkingTheGranbull|gg\n>p1 switch 4\n>chat ☆Aphrodi 20|GG\n>p1 move moonblast\n>p2 move bugbuzz", "uploadtime": 1769810203, "views": 265, "formatid": "gen6randombattle", "rating": 1512, "private": 0, "password": null}