{"id": "gen6randombattle-2520135251", "format": "[Gen 6] Random Battle", "players": ["Wolfcola2", "arboretums"], "log": "|j|☆Wolfcola2\n|j|☆arboretums\n|t:|1768591833\n|gametype|singles\n|player|p1|Wolfcola2|lady-gen4|1543\n|player|p2|arboretums|serena-masters2|1640\n|gen|6\n|tier|[Gen 6] Random Battle\n|rated|\n|rule|Sleep Clause Mod: Limit one foe put to sleep\n|rule|HP Percentage Mod: HP is shown in percentages\n|rule|Illusion Level Mod: Illusion disguises the Pokémon's true level\n|\n|t:|1768591834\n|teamsize|p1|6\n|teamsize|p2|6\n|start\n|switch|p1a: Electivire|Electivire, L84, M|263/263\n|switch|p2a: Rotom|Rotom-Fan, L84|221/221\n|turn|1\n|inactive|Battle timer is ON: inactive players will automatically lose when time's up. (requested by arboretums)\n|\n|t:|1768591843\n|move|p1a: Electivire|Ice Punch|p2a: Rotom\n|-supereffective|p2a: Rotom\n|-damage|p2a: Rotom|89/221\n|move|p2a: Rotom|Pain Split|p1a: Electivire\n|-sethp|p1a: Electivire|176/263|[from] move: Pain Split|[silent]\n|-sethp|p2a: Rotom|176/221|[from] move: Pain Split\n|\n|-heal|p2a: Rotom|189/221|[from] item: Leftovers\n|upkeep\n|turn|2\n|\n|t:|1768591859\n|switch|p2a: Cinccino|Cinccino, L82, M|257/257\n|move|p1a: Electivire|Ice Punch|p2a: Cinccino\n|-damage|p2a: Cinccino|177/257\n|\n|upkeep\n|turn|3\n|\n|t:|1768591872\n|switch|p1a: Gourgeist|Gourgeist-Super, L87, F|290/290\n|-item|p2a: Cinccino|Choice Band|[from] ability: Frisk|[of] p1a: Gourgeist\n|move|p2a: Cinccino|Tail Slap|p1a: Gourgeist\n|-immune|p1a: Gourgeist\n|\n|upkeep\n|turn|4\n|\n|t:|1768591882\n|switch|p2a: Rotom|Rotom-Fan, L84|189/221\n|move|p1a: Gourgeist|Seed Bomb|p2a: Rotom\n|-resisted|p2a: Rotom\n|-damage|p2a: Rotom|152/221\n|\n|-heal|p2a: Rotom|165/221|[from] item: Leftovers\n|upkeep\n|turn|5\n|\n|t:|1768591889\n|switch|p1a: Electivire|Electivire, L84, M|176/263\n|move|p2a: Rotom|Air Slash|p1a: Electivire\n|-resisted|p1a: Electivire\n|-damage|p1a: Electivire|129/263\n|\n|-heal|p2a: Rotom|178/221|[from] item: Leftovers\n|upkeep\n|turn|6\n|\n|t:|1768591904\n|move|p1a: Electivire|Ice Punch|p2a: Rotom\n|-supereffective|p2a: Rotom\n|-damage|p2a: Rotom|51/221\n|move|p2a: Rotom|Air Slash|p1a: Electivire\n|-resisted|p1a: Electivire\n|-damage|p1a: Electivire|86/263\n|\n|-heal|p2a: Rotom|64/221|[from] item: Leftovers\n|upkeep\n|turn|7\n|\n|t:|1768591911\n|switch|p2a: Snorlax|Snorlax, L81, F|392/392\n|move|p1a: Electivire|Ice Punch|p2a: Snorlax\n|-damage|p2a: Snorlax|350/392\n|\n|-heal|p2a: Snorlax|374/392|[from] item: Leftovers\n|upkeep\n|turn|8\n|\n|t:|1768591913\n|move|p1a: Electivire|Volt Switch|p2a: Snorlax\n|-damage|p2a: Snorlax|308/392\n|\n|t:|1768591925\n|switch|p1a: Gourgeist|Gourgeist-Super, L87, F|290/290|[from] Volt Switch\n|-item|p2a: Snorlax|Leftovers|[from] ability: Frisk|[of] p1a: Gourgeist\n|move|p2a: Snorlax|Curse|p2a: Snorlax\n|-unboost|p2a: Snorlax|spe|1\n|-boost|p2a: Snorlax|atk|1\n|-boost|p2a: Snorlax|def|1\n|\n|-heal|p2a: Snorlax|332/392|[from] item: Leftovers\n|upkeep\n|turn|9\n|\n|t:|1768591932\n|move|p1a: Gourgeist|Will-O-Wisp|p2a: Snorlax|[miss]\n|-miss|p1a: Gourgeist|p2a: Snorlax\n|move|p2a: Snorlax|Curse|p2a: Snorlax\n|-unboost|p2a: Snorlax|spe|1\n|-boost|p2a: Snorlax|atk|1\n|-boost|p2a: Snorlax|def|1\n|\n|-heal|p2a: Snorlax|356/392|[from] item: Leftovers\n|upkeep\n|turn|10\n|\n|t:|1768591934\n|move|p1a: Gourgeist|Will-O-Wisp|p2a: Snorlax\n|-status|p2a: Snorlax|brn\n|move|p2a: Snorlax|Curse|p2a: Snorlax\n|-unboost|p2a: Snorlax|spe|1\n|-boost|p2a: Snorlax|atk|1\n|-boost|p2a: Snorlax|def|1\n|\n|-heal|p2a: Snorlax|380/392 brn|[from] item: Leftovers\n|-damage|p2a: Snorlax|331/392 brn|[from] brn\n|upkeep\n|turn|11\n|\n|t:|1768591940\n|switch|p1a: Throh|Throh, L88, M|354/354\n|move|p2a: Snorlax|Curse|p2a: Snorlax\n|-unboost|p2a: Snorlax|spe|1\n|-boost|p2a: Snorlax|atk|1\n|-boost|p2a: Snorlax|def|1\n|\n|-heal|p2a: Snorlax|355/392 brn|[from] item: Leftovers\n|-damage|p2a: Snorlax|306/392 brn|[from] brn\n|upkeep\n|turn|12\n|\n|t:|1768591947\n|move|p2a: Snorlax|Body Slam|p1a: Throh\n|-damage|p1a: Throh|225/354\n|move|p1a: Throh|Circle Throw|p2a: Snorlax\n|-supereffective|p2a: Snorlax\n|-damage|p2a: Snorlax|238/392 brn\n|drag|p2a: Kyurem|Kyurem-Black, L76|315/315\n|-ability|p2a: Kyurem|Teravolt\n|\n|-heal|p1a: Throh|247/354|[from] item: Leftovers\n|upkeep\n|turn|13\n|\n|t:|1768591960\n|move|p2a: Kyurem|Outrage|p1a: Throh\n|-damage|p1a: Throh|81/354\n|move|p1a: Throh|Rest|p1a: Throh\n|-status|p1a: Throh|slp|[from] move: Rest\n|-heal|p1a: Throh|354/354 slp|[silent]\n|\n|upkeep\n|turn|14\n|\n|t:|1768591964\n|move|p2a: Kyurem|Outrage|p1a: Throh|[from] lockedmove\n|-damage|p1a: Throh|191/354 slp\n|cant|p1a: Throh|slp\n|move|p1a: Throh|Sleep Talk|p1a: Throh\n|move|p1a: Throh|Knock Off|p2a: Kyurem|[from] move: Sleep Talk\n|-damage|p2a: Kyurem|189/315\n|-enditem|p2a: Kyurem|Leftovers|[from] move: Knock Off|[of] p1a: Throh\n|\n|-heal|p1a: Throh|213/354 slp|[from] item: Leftovers\n|upkeep\n|turn|15\n|\n|t:|1768591976\n|move|p2a: Kyurem|Outrage|p1a: Throh|[from] lockedmove\n|-damage|p1a: Throh|44/354 slp\n|-start|p2a: Kyurem|confusion|[fatigue]\n|cant|p1a: Throh|slp\n|move|p1a: Throh|Sleep Talk|p1a: Throh\n|move|p1a: Throh|Circle Throw|p2a: Kyurem|[from] move: Sleep Talk\n|-supereffective|p2a: Kyurem\n|-damage|p2a: Kyurem|0 fnt\n|faint|p2a: Kyurem\n|\n|-heal|p1a: Throh|66/354 slp|[from] item: Leftovers\n|upkeep\n|\n|t:|1768591981\n|switch|p2a: Rotom|Rotom-Fan, L84|64/221\n|turn|16\n|\n|t:|1768591988\n|switch|p1a: Electivire|Electivire, L84, M|86/263\n|move|p2a: Rotom|Air Slash|p1a: Electivire\n|-resisted|p1a: Electivire\n|-damage|p1a: Electivire|46/263\n|\n|-heal|p2a: Rotom|77/221|[from] item: Leftovers\n|upkeep\n|turn|17\n|\n|t:|1768591999\n|switch|p2a: Snorlax|Snorlax, L81, F|238/392 brn\n|move|p1a: Electivire|Ice Punch|p2a: Snorlax\n|-damage|p2a: Snorlax|195/392 brn\n|\n|-heal|p2a: Snorlax|219/392 brn|[from] item: Leftovers\n|-damage|p2a: Snorlax|170/392 brn|[from] brn\n|upkeep\n|turn|18\n|\n|t:|1768592007\n|move|p1a: Electivire|Volt Switch|p2a: Snorlax\n|-damage|p2a: Snorlax|103/392 brn\n|\n|t:|1768592013\n|switch|p1a: Gourgeist|Gourgeist-Super, L87, F|290/290|[from] Volt Switch\n|-item|p2a: Snorlax|Leftovers|[from] ability: Frisk|[of] p1a: Gourgeist\n|move|p2a: Snorlax|Body Slam|p1a: Gourgeist\n|-immune|p1a: Gourgeist\n|\n|-heal|p2a: Snorlax|127/392 brn|[from] item: Leftovers\n|-damage|p2a: Snorlax|78/392 brn|[from] brn\n|upkeep\n|turn|19\n|\n|t:|1768592022\n|move|p1a: Gourgeist|Seed Bomb|p2a: Snorlax\n|-damage|p2a: Snorlax|0 fnt\n|faint|p2a: Snorlax\n|\n|upkeep\n|\n|t:|1768592023\n|switch|p2a: Rotom|Rotom-Fan, L84|77/221\n|turn|20\n|\n|t:|1768592031\n|move|p1a: Gourgeist|Shadow Sneak|p2a: Rotom\n|-damage|p2a: Rotom|38/221\n|move|p2a: Rotom|Air Slash|p1a: Gourgeist\n|-supereffective|p1a: Gourgeist\n|-damage|p1a: Gourgeist|108/290\n|\n|-heal|p2a: Rotom|51/221|[from] item: Leftovers\n|upkeep\n|turn|21\n|\n|t:|1768592036\n|switch|p1a: Electivire|Electivire, L84, M|46/263\n|move|p2a: Rotom|Air Slash|p1a: Electivire\n|-resisted|p1a: Electivire\n|-damage|p1a: Electivire|3/263\n|\n|-heal|p2a: Rotom|64/221|[from] item: Leftovers\n|upkeep\n|turn|22\n|\n|t:|1768592046\n|switch|p2a: Cinccino|Cinccino, L82, M|177/257\n|move|p1a: Electivire|Ice Punch|p2a: Cinccino\n|-damage|p2a: Cinccino|92/257\n|\n|upkeep\n|turn|23\n|\n|t:|1768592052\n|move|p2a: Cinccino|Knock Off|p1a: Electivire\n|-damage|p1a: Electivire|0 fnt\n|-enditem|p1a: Electivire|Expert Belt|[from] move: Knock Off|[of] p2a: Cinccino\n|faint|p1a: Electivire\n|\n|upkeep\n|\n|t:|1768592063\n|switch|p1a: Togekiss|Togekiss, L79, F|264/264\n|turn|24\n|\n|t:|1768592069\n|switch|p2a: Gogoat|Gogoat, L90, F|368/368\n|move|p1a: Togekiss|Air Slash|p2a: Gogoat\n|-supereffective|p2a: Gogoat\n|-damage|p2a: Gogoat|192/368\n|\n|-heal|p2a: Gogoat|215/368|[from] item: Leftovers\n|upkeep\n|turn|25\n|\n|t:|1768592078\n|move|p2a: Gogoat|Toxic|p1a: Togekiss\n|-status|p1a: Togekiss|tox\n|move|p1a: Togekiss|Air Slash|p2a: Gogoat\n|-supereffective|p2a: Gogoat\n|-damage|p2a: Gogoat|45/368\n|\n|-heal|p2a: Gogoat|68/368|[from] item: Leftovers\n|-damage|p1a: Togekiss|248/264 tox|[from] psn\n|upkeep\n|turn|26\n|\n|t:|1768592082\n|move|p2a: Gogoat|Milk Drink|p2a: Gogoat\n|-heal|p2a: Gogoat|252/368\n|move|p1a: Togekiss|Air Slash|p2a: Gogoat\n|-supereffective|p2a: Gogoat\n|-damage|p2a: Gogoat|90/368\n|\n|-heal|p2a: Gogoat|113/368|[from] item: Leftovers\n|-heal|p1a: Togekiss|264/264 tox|[from] item: Leftovers\n|-damage|p1a: Togekiss|232/264 tox|[from] psn\n|upkeep\n|turn|27\n|\n|t:|1768592086\n|move|p2a: Gogoat|Milk Drink|p2a: Gogoat\n|-heal|p2a: Gogoat|297/368\n|move|p1a: Togekiss|Heal Bell|p1a: Togekiss\n|-activate|p1a: Togekiss|move: Heal Bell\n|-curestatus|p1a: Togekiss|tox|[msg]\n|-curestatus|p1: Throh|slp|[msg]\n|\n|-heal|p2a: Gogoat|320/368|[from] item: Leftovers\n|-heal|p1a: Togekiss|248/264|[from] item: Leftovers\n|upkeep\n|turn|28\n|\n|t:|1768592094\n|switch|p1a: Froslass|Froslass, L84, F|255/255\n|move|p2a: Gogoat|Toxic|p1a: Froslass\n|-status|p1a: Froslass|tox\n|\n|-heal|p2a: Gogoat|343/368|[from] item: Leftovers\n|-damage|p1a: Froslass|240/255 tox|[from] psn\n|upkeep\n|turn|29\n|\n|t:|1768592099\n|switch|p2a: Rotom|Rotom-Fan, L84|64/221\n|move|p1a: Froslass|Ice Beam|p2a: Rotom\n|-supereffective|p2a: Rotom\n|-damage|p2a: Rotom|0 fnt\n|faint|p2a: Rotom\n|\n|-heal|p1a: Froslass|255/255 tox|[from] item: Leftovers\n|-damage|p1a: Froslass|225/255 tox|[from] psn\n|upkeep\n|\n|t:|1768592104\n|switch|p2a: Cinccino|Cinccino, L82, M|92/257\n|turn|30\n|\n|t:|1768592107\n|switch|p1a: Togekiss|Togekiss, L79, F|248/264\n|move|p2a: Cinccino|Rock Blast|p1a: Togekiss\n|-supereffective|p1a: Togekiss\n|-damage|p1a: Togekiss|200/264\n|-supereffective|p1a: Togekiss\n|-damage|p1a: Togekiss|154/264\n|-supereffective|p1a: Togekiss\n|-damage|p1a: Togekiss|106/264\n|-supereffective|p1a: Togekiss\n|-damage|p1a: Togekiss|58/264\n|-supereffective|p1a: Togekiss\n|-crit|p1a: Togekiss\n|-damage|p1a: Togekiss|0 fnt\n|faint|p1a: Togekiss\n|-hitcount|p1: Togekiss|5\n|\n|upkeep\n|j| alcatraaz\n|\n|t:|1768592119\n|switch|p1a: Ludicolo|Ludicolo, L88, F|284/284\n|turn|31\n|\n|t:|1768592125\n|switch|p2a: Gogoat|Gogoat, L90, F|343/368\n|move|p1a: Ludicolo|Scald|p2a: Gogoat\n|-resisted|p2a: Gogoat\n|-damage|p2a: Gogoat|276/368\n|\n|-heal|p2a: Gogoat|299/368|[from] item: Leftovers\n|upkeep\n|turn|32\n|\n|t:|1768592129\n|move|p2a: Gogoat|Toxic|p1a: Ludicolo\n|-status|p1a: Ludicolo|tox\n|move|p1a: Ludicolo|Scald|p2a: Gogoat\n|-resisted|p2a: Gogoat\n|-damage|p2a: Gogoat|231/368\n|\n|-heal|p2a: Gogoat|254/368|[from] item: Leftovers\n|-damage|p1a: Ludicolo|267/284 tox|[from] psn\n|upkeep\n|turn|33\n|\n|t:|1768592132\n|move|p2a: Gogoat|Horn Leech|p1a: Ludicolo\n|-damage|p1a: Ludicolo|165/284 tox\n|-heal|p2a: Gogoat|305/368|[from] drain|[of] p1a: Ludicolo\n|move|p1a: Ludicolo|Scald|p2a: Gogoat\n|-resisted|p2a: Gogoat\n|-damage|p2a: Gogoat|242/368\n|\n|-heal|p2a: Gogoat|265/368|[from] item: Leftovers\n|-damage|p1a: Ludicolo|131/284 tox|[from] psn\n|upkeep\n|turn|34\n|\n|t:|1768592137\n|move|p2a: Gogoat|Horn Leech|p1a: Ludicolo\n|-crit|p1a: Ludicolo\n|-damage|p1a: Ludicolo|0 fnt\n|-heal|p2a: Gogoat|331/368|[from] drain|[of] p1a: Ludicolo\n|faint|p1a: Ludicolo\n|\n|-heal|p2a: Gogoat|354/368|[from] item: Leftovers\n|upkeep\n|\n|t:|1768592141\n|switch|p1a: Froslass|Froslass, L84, F|225/255 tox\n|turn|35\n|\n|t:|1768592147\n|move|p1a: Froslass|Ice Beam|p2a: Gogoat\n|-supereffective|p2a: Gogoat\n|-damage|p2a: Gogoat|190/368\n|move|p2a: Gogoat|Horn Leech|p1a: Froslass\n|-damage|p1a: Froslass|105/255 tox\n|-heal|p2a: Gogoat|250/368|[from] drain|[of] p1a: Froslass\n|\n|-heal|p1a: Froslass|120/255 tox|[from] item: Leftovers\n|-heal|p2a: Gogoat|273/368|[from] item: Leftovers\n|-damage|p1a: Froslass|105/255 tox|[from] psn\n|upkeep\n|turn|36\n|\n|t:|1768592153\n|move|p1a: Froslass|Shadow Ball|p2a: Gogoat\n|-damage|p2a: Gogoat|204/368\n|move|p2a: Gogoat|Horn Leech|p1a: Froslass\n|-damage|p1a: Froslass|0 fnt\n|-heal|p2a: Gogoat|257/368|[from] drain|[of] p1a: Froslass\n|-start|p2a: Gogoat|Disable|Horn Leech|[from] ability: Cursed Body|[of] p1a: Froslass\n|faint|p1a: Froslass\n|\n|-heal|p2a: Gogoat|280/368|[from] item: Leftovers\n|upkeep\n|\n|t:|1768592159\n|switch|p1a: Throh|Throh, L88, M|66/354\n|turn|37\n|\n|t:|1768592161\n|move|p2a: Gogoat|Earthquake|p1a: Throh\n|-damage|p1a: Throh|0 fnt\n|faint|p1a: Throh\n|\n|-heal|p2a: Gogoat|303/368|[from] item: Leftovers\n|upkeep\n|\n|t:|1768592163\n|switch|p1a: Gourgeist|Gourgeist-Super, L87, F|108/290\n|-item|p2a: Gogoat|Leftovers|[from] ability: Frisk|[of] p1a: Gourgeist\n|turn|38\n|\n|t:|1768592166\n|move|p2a: Gogoat|Toxic|p1a: Gourgeist\n|-status|p1a: Gourgeist|tox\n|move|p1a: Gourgeist|Synthesis|p1a: Gourgeist\n|-heal|p1a: Gourgeist|253/290 tox\n|\n|-heal|p2a: Gogoat|326/368|[from] item: Leftovers\n|-damage|p1a: Gourgeist|235/290 tox|[from] psn\n|upkeep\n|turn|39\n|\n|t:|1768592168\n|move|p2a: Gogoat|Earthquake|p1a: Gourgeist\n|-resisted|p1a: Gourgeist\n|-damage|p1a: Gourgeist|206/290 tox\n|move|p1a: Gourgeist|Will-O-Wisp|p2a: Gogoat\n|-status|p2a: Gogoat|brn\n|\n|-heal|p2a: Gogoat|349/368 brn|[from] item: Leftovers\n|-damage|p1a: Gourgeist|170/290 tox|[from] psn\n|-damage|p2a: Gogoat|303/368 brn|[from] brn\n|-end|p2a: Gogoat|Disable\n|upkeep\n|turn|40\n|\n|t:|1768592172\n|move|p1a: Gourgeist|Shadow Sneak|p2a: Gogoat\n|-damage|p2a: Gogoat|243/368 brn\n|move|p2a: Gogoat|Horn Leech|p1a: Gourgeist\n|-resisted|p1a: Gourgeist\n|-crit|p1a: Gourgeist\n|-damage|p1a: Gourgeist|142/290 tox\n|-heal|p2a: Gogoat|257/368 brn|[from] drain|[of] p1a: Gourgeist\n|-damage|p2a: Gogoat|196/368 brn|[from] item: Rocky Helmet|[of] p1a: Gourgeist\n|\n|-heal|p2a: Gogoat|219/368 brn|[from] item: Leftovers\n|-damage|p1a: Gourgeist|88/290 tox|[from] psn\n|-damage|p2a: Gogoat|173/368 brn|[from] brn\n|upkeep\n|turn|41\n|-message|Wolfcola2 forfeited.\n|\n|win|arboretums\n|raw|Wolfcola2's rating: 1543 &rarr; <strong>1528</strong><br />(-15 for losing)\n|raw|arboretums's rating: 1640 &rarr; <strong>1655</strong><br />(+15 for winning)\n|l|☆Wolfcola2\n|player|p1|\n", "inputlog": ">version 3bd1a1e329da8d286644078cfc9a9638fc7ea025\n>start {\"formatid\":\"gen6randombattle\",\"seed\":\"sodium,f6f9467412ab552670421c8cf93b4108\",\"rated\":\"Rated battle\"}\n>player p1 {\"name\":\"Wolfcola2\",\"avatar\":\"lady-gen4\",\"rating\":1543,\"seed\":\"sodium,e1a7aa4ec746f6adc72cb265ab383bdd\"}\n>player p2 {\"name\":\"arboretums\",\"avatar\":\"serena-masters2\",\"rating\":1640,\"seed\":\"sodium,29c590f36a3ecda8b2cb766a5791634b\"}\n>p1 move icepunch\n>p2 move painsplit\n>p1 move icepunch\n>p2 switch 6\n>p1 switch 3\n>p2 move tailslap\n>p1 move seedbomb\n>p2 switch 6\n>p1 switch 3\n>p2 move airslash\n>p1 move icepunch\n>p2 move airslash\n>p1 move icepunch\n>p2 switch 4\n>p1 move voltswitch\n>p2 move curse\n>p1 switch 3\n>p1 move willowisp\n>p2 move curse\n>p1 move willowisp\n>p2 move curse\n>p1 switch 4\n>p2 move curse\n>p1 move circlethrow\n>p2 move bodyslam\n>p1 move rest\n>p2 move outrage\n>p1 move sleeptalk\n>p2 move outrage\n>p1 move sleeptalk\n>p2 move outrage\n>p2 switch 4\n>p1 switch 3\n>p2 move airslash\n>p1 move icepunch\n>p2 switch 2\n>p1 move voltswitch\n>p2 move bodyslam\n>p1 switch 4\n>p1 move seedbomb\n>p2 move rest\n>p2 switch 2\n>p1 move shadowsneak\n>p2 move airslash\n>p1 switch 4\n>p2 move airslash\n>p1 move icepunch\n>p2 switch 6\n>p1 move wildcharge\n>p2 move knockoff\n>p1 switch 2\n>p1 move airslash\n>p2 switch 3\n>p1 move airslash\n>p2 move toxic\n>p1 move airslash\n>p2 move milkdrink\n>p1 move healbell\n>p2 move milkdrink\n>p1 switch 6\n>p2 move toxic\n>p1 move icebeam\n>p2 switch 6\n>p2 switch 3\n>p1 switch 6\n>p2 move rockblast\n>p1 switch 5\n>p1 move scald\n>p2 switch 6\n>p1 move scald\n>p2 move toxic\n>p1 move scald\n>p2 move hornleech\n>p1 move scald\n>p2 move hornleech\n>p1 switch 6\n>p1 move icebeam\n>p2 move hornleech\n>p1 move shadowball\n>p2 move hornleech\n>p1 switch 3\n>p1 move rest\n>p2 move earthquake\n>p1 switch 4\n>p1 move synthesis\n>p2 move toxic\n>p1 move willowisp\n>p2 move earthquake\n>p1 move shadowsneak\n>p2 move hornleech\n>forcelose p1", "uploadtime": 1768592180, "views": 288, "formatid": "gen6randombattle", "rating": 1528, "private": 0, "password": null}