{"id": "gen6randombattle-2525298083", "format": "[Gen 6] Random Battle", "players": ["Duck Cop", "AtomFreeFaller21"], "log": "|j|☆Duck Cop\n|j|☆AtomFreeFaller21\n|t:|1769264880\n|gametype|singles\n|player|p1|Duck Cop|morty-masters2|1767\n|player|p2|AtomFreeFaller21|266|1696\n|gen|6\n|tier|[Gen 6] Random Battle\n|rated|\n|rule|Sleep Clause Mod: Limit one foe put to sleep\n|rule|HP Percentage Mod: HP is shown in percentages\n|rule|Illusion Level Mod: Illusion disguises the Pokémon's true level\n|\n|t:|1769264880\n|teamsize|p1|6\n|teamsize|p2|6\n|start\n|switch|p1a: Nidoqueen|Nidoqueen, L81, F|278/278\n|switch|p2a: Grumpig|Grumpig, L92, M|297/297\n|turn|1\n|\n|t:|1769264904\n|switch|p1a: Blissey|Blissey, L84, F|566/566\n|move|p2a: Grumpig|Thunder Wave|p1a: Blissey\n|-status|p1a: Blissey|par\n|\n|upkeep\n|turn|2\n|inactive|Battle timer is ON: inactive players will automatically lose when time's up. (requested by AtomFreeFaller21)\n|\n|t:|1769264918\n|switch|p2a: Ursaring|Ursaring, L85, F|292/292\n|cant|p1a: Blissey|par\n|\n|-status|p2a: Ursaring|tox|[from] item: Toxic Orb\n|upkeep\n|turn|3\n|inactive|Duck Cop has 120 seconds left.\n|\n|t:|1769264957\n|move|p2a: Ursaring|Facade|p1a: Blissey\n|-damage|p1a: Blissey|0 fnt\n|faint|p1a: Blissey\n|\n|-damage|p2a: Ursaring|274/292 tox|[from] psn\n|upkeep\n|\n|t:|1769264970\n|switch|p1a: Chatot|Chatot, L86, F|271/271\n|turn|4\n|\n|t:|1769264977\n|switch|p2a: Electrode|Electrode, L88|249/249\n|move|p1a: Chatot|Chatter|p2a: Electrode\n|-resisted|p2a: Electrode\n|-damage|p2a: Electrode|195/249\n|-start|p2a: Electrode|confusion\n|\n|-heal|p2a: Electrode|210/249|[from] item: Leftovers\n|upkeep\n|turn|5\n|\n|t:|1769264986\n|switch|p2a: Grumpig|Grumpig, L92, M|297/297\n|switch|p1a: Nidoqueen|Nidoqueen, L81, F|278/278\n|\n|upkeep\n|turn|6\n|inactive|Duck Cop has 120 seconds left.\n|\n|t:|1769265013\n|move|p2a: Grumpig|Psychic|p1a: Nidoqueen\n|-supereffective|p1a: Nidoqueen\n|-damage|p1a: Nidoqueen|68/278\n|move|p1a: Nidoqueen|Poison Jab|p2a: Grumpig\n|-damage|p2a: Grumpig|151/297\n|\n|-heal|p2a: Grumpig|169/297|[from] item: Leftovers\n|upkeep\n|turn|7\n|\n|t:|1769265021\n|switch|p1a: Darkrai|Darkrai, L72|220/220\n|move|p2a: Grumpig|Psychic|p1a: Darkrai\n|-immune|p1a: Darkrai\n|\n|-heal|p2a: Grumpig|187/297|[from] item: Leftovers\n|upkeep\n|turn|8\n|inactive|Duck Cop has 120 seconds left.\n|\n|t:|1769265048\n|move|p1a: Darkrai|Dark Void|p2a: Grumpig\n|-status|p2a: Grumpig|slp|[from] move: Dark Void\n|cant|p2a: Grumpig|slp\n|\n|-heal|p2a: Grumpig|205/297 slp|[from] item: Leftovers\n|-damage|p2a: Grumpig|168/297 slp|[from] ability: Bad Dreams|[of] p1a: Darkrai\n|upkeep\n|turn|9\n|inactive|Duck Cop has 120 seconds left.\n|inactive|AtomFreeFaller21 has 120 seconds left.\n|\n|t:|1769265072\n|switch|p2a: Emolga|Emolga, L88, M|239/239\n|move|p1a: Darkrai|Nasty Plot|p1a: Darkrai\n|-boost|p1a: Darkrai|spa|2\n|\n|upkeep\n|turn|10\n|inactive|AtomFreeFaller21 has 120 seconds left.\n|\n|t:|1769265080\n|move|p2a: Emolga|Acrobatics|p1a: Darkrai\n|-damage|p1a: Darkrai|100/220\n|move|p1a: Darkrai|Dark Pulse|p2a: Emolga\n|-damage|p2a: Emolga|0 fnt\n|faint|p2a: Emolga\n|-damage|p1a: Darkrai|78/220|[from] item: Life Orb\n|\n|upkeep\n|inactive|AtomFreeFaller21 has 120 seconds left.\n|\n|t:|1769265089\n|switch|p2a: Scolipede|Scolipede, L79, M|224/224\n|turn|11\n|\n|t:|1769265097\n|move|p2a: Scolipede|Poison Jab|p1a: Darkrai\n|-damage|p1a: Darkrai|0 fnt\n|faint|p1a: Darkrai\n|-damage|p2a: Scolipede|202/224|[from] item: Life Orb\n|\n|-ability|p2a: Scolipede|Speed Boost|boost\n|-boost|p2a: Scolipede|spe|1\n|upkeep\n|\n|t:|1769265107\n|switch|p1a: Chatot|Chatot, L86, F|271/271\n|turn|12\n|inactive|AtomFreeFaller21 has 120 seconds left.\n|\n|t:|1769265135\n|move|p2a: Scolipede|Spikes|p1a: Chatot\n|-sidestart|p1: Duck Cop|Spikes\n|move|p1a: Chatot|Boomburst|p2a: Scolipede\n|-damage|p2a: Scolipede|0 fnt\n|faint|p2a: Scolipede\n|\n|upkeep\n|\n|t:|1769265137\n|switch|p2a: Electrode|Electrode, L88|210/249\n|turn|13\n|\n|t:|1769265150\n|switch|p1a: Nidoqueen|Nidoqueen, L81, F|68/278\n|-damage|p1a: Nidoqueen|34/278|[from] Spikes\n|move|p2a: Electrode|Thunderbolt|p1a: Nidoqueen\n|-immune|p1a: Nidoqueen\n|\n|-heal|p2a: Electrode|225/249|[from] item: Leftovers\n|upkeep\n|turn|14\n|\n|t:|1769265159\n|move|p2a: Electrode|Hidden Power|p1a: Nidoqueen\n|-supereffective|p1a: Nidoqueen\n|-damage|p1a: Nidoqueen|0 fnt\n|faint|p1a: Nidoqueen\n|\n|-heal|p2a: Electrode|240/249|[from] item: Leftovers\n|upkeep\n|\n|t:|1769265165\n|switch|p1a: Reshiram|Reshiram, L73|266/266\n|-damage|p1a: Reshiram|233/266|[from] Spikes\n|-ability|p1a: Reshiram|Turboblaze\n|turn|15\n|\n|t:|1769265173\n|move|p2a: Electrode|Toxic|p1a: Reshiram\n|-status|p1a: Reshiram|tox\n|move|p1a: Reshiram|Blue Flare|p2a: Electrode\n|-damage|p2a: Electrode|89/249\n|\n|-heal|p2a: Electrode|104/249|[from] item: Leftovers\n|-heal|p1a: Reshiram|249/266 tox|[from] item: Leftovers\n|-damage|p1a: Reshiram|233/266 tox|[from] psn\n|upkeep\n|turn|16\n|\n|t:|1769265182\n|switch|p2a: Grumpig|Grumpig, L92, M|168/297 slp\n|move|p1a: Reshiram|Draco Meteor|p2a: Grumpig\n|-damage|p2a: Grumpig|59/297 slp\n|-unboost|p1a: Reshiram|spa|2\n|\n|-heal|p2a: Grumpig|77/297 slp|[from] item: Leftovers\n|-heal|p1a: Reshiram|249/266 tox|[from] item: Leftovers\n|-damage|p1a: Reshiram|217/266 tox|[from] psn\n|upkeep\n|turn|17\n|\n|t:|1769265195\n|switch|p1a: Chatot|Chatot, L86, F|271/271\n|-curestatus|p2a: Grumpig|slp|[msg]\n|move|p2a: Grumpig|Thunder Wave|p1a: Chatot\n|-status|p1a: Chatot|par\n|\n|-heal|p2a: Grumpig|95/297|[from] item: Leftovers\n|upkeep\n|turn|18\n|\n|t:|1769265202\n|move|p2a: Grumpig|Psychic|p1a: Chatot\n|-damage|p1a: Chatot|97/271 par\n|move|p1a: Chatot|Boomburst|p2a: Grumpig\n|-damage|p2a: Grumpig|0 fnt\n|faint|p2a: Grumpig\n|\n|upkeep\n|\n|t:|1769265213\n|switch|p2a: Primeape|Primeape, L87, M|255/255\n|turn|19\n|\n|t:|1769265216\n|move|p2a: Primeape|Close Combat|p1a: Chatot\n|-crit|p1a: Chatot\n|-damage|p1a: Chatot|0 fnt\n|-unboost|p2a: Primeape|def|1\n|-unboost|p2a: Primeape|spd|1\n|faint|p1a: Chatot\n|-damage|p2a: Primeape|230/255|[from] item: Life Orb\n|\n|upkeep\n|\n|t:|1769265224\n|switch|p1a: Jynx|Jynx, L86, F|251/251\n|-damage|p1a: Jynx|220/251|[from] Spikes\n|turn|20\n|\n|t:|1769265242\n|switch|p2a: Ursaring|Ursaring, L85, F|274/292 tox\n|move|p1a: Jynx|Psyshock|p2a: Ursaring\n|-damage|p2a: Ursaring|160/292 tox\n|\n|-damage|p2a: Ursaring|142/292 tox|[from] psn\n|upkeep\n|turn|21\n|\n|t:|1769265249\n|switch|p1a: Reshiram|Reshiram, L73|217/266 tox\n|-damage|p1a: Reshiram|184/266 tox|[from] Spikes\n|-ability|p1a: Reshiram|Turboblaze\n|move|p2a: Ursaring|Facade|p1a: Reshiram\n|-damage|p1a: Reshiram|0 fnt\n|faint|p1a: Reshiram\n|\n|-damage|p2a: Ursaring|106/292 tox|[from] psn\n|upkeep\n|\n|t:|1769265259\n|switch|p1a: Jynx|Jynx, L86, F|220/251\n|-damage|p1a: Jynx|189/251|[from] Spikes\n|turn|22\n|\n|t:|1769265286\n|move|p1a: Jynx|Psyshock|p2a: Ursaring\n|-damage|p2a: Ursaring|0 fnt\n|faint|p2a: Ursaring\n|\n|upkeep\n|\n|t:|1769265292\n|switch|p2a: Primeape|Primeape, L87, M|230/255\n|turn|23\n|\n|t:|1769265296\n|move|p1a: Jynx|Psyshock|p2a: Primeape\n|-supereffective|p2a: Primeape\n|-damage|p2a: Primeape|0 fnt\n|faint|p2a: Primeape\n|\n|upkeep\n|\n|t:|1769265298\n|switch|p2a: Electrode|Electrode, L88|104/249\n|turn|24\n|\n|t:|1769265304\n|move|p1a: Jynx|Psyshock|p2a: Electrode\n|-damage|p2a: Electrode|0 fnt\n|faint|p2a: Electrode\n|\n|win|Duck Cop\n|raw|Duck Cop's rating: 1767 &rarr; <strong>1783</strong><br />(+16 for winning)\n|raw|AtomFreeFaller21's rating: 1696 &rarr; <strong>1680</strong><br />(-16 for losing)\n|l|☆AtomFreeFaller21\n|player|p2|\n", "inputlog": ">version b99ff0165a6231f17e8b78c2a78d1998375de664\n>start {\"formatid\":\"gen6randombattle\",\"seed\":\"sodium,dd46f2c535620d227105cb5054f3f00d\",\"rated\":\"Rated battle\"}\n>player p1 {\"name\":\"Duck Cop\",\"avatar\":\"morty-masters2\",\"rating\":1767,\"seed\":\"sodium,bf6fdbf961966e8ec3345d10f4325a63\"}\n>player p2 {\"name\":\"AtomFreeFaller21\",\"avatar\":\"266\",\"rating\":1696,\"seed\":\"sodium,c379897dc5c8d0ce7cc81f568af62bb5\"}\n>p1 switch 2\n>p2 move thunderwave\n>p1 move stealthrock\n>p2 switch 5\n>p1 move stealthrock\n>p2 move facade\n>p1 switch 4\n>p1 move chatter\n>p2 switch 3\n>p1 switch 2\n>p2 switch 5\n>p1 move poisonjab\n>p2 move psychic\n>p1 switch 3\n>p2 move psychic\n>p1 move darkvoid\n>p2 move whirlwind\n>p1 move nastyplot\n>p2 switch 4\n>p1 move darkpulse\n>p2 move acrobatics\n>p2 switch 2\n>p1 move darkpulse\n>p2 move poisonjab\n>p1 switch 2\n>p1 move boomburst\n>p2 move spikes\n>p2 switch 5\n>p1 switch 3\n>p2 move thunderbolt\n>p1 move earthpower\n>p2 move hiddenpower\n>p1 switch 6\n>p1 move blueflare\n>p2 move toxic\n>p1 move dracometeor\n>p2 switch 4\n>p1 switch 3\n>p2 move thunderwave\n>p1 move boomburst\n>p2 move psychic\n>p2 switch 6\n>p1 move boomburst\n>p2 move closecombat\n>p1 switch 5\n>p1 move psyshock\n>p2 switch 3\n>p1 switch 3\n>p2 move facade\n>p1 switch 3\n>p1 move psyshock\n>p2 move facade\n>p2 switch 3\n>p1 move psyshock\n>p2 move closecombat\n>p2 switch 4\n>p1 move psyshock\n>p2 move thunderbolt", "uploadtime": 1769265307, "views": 253, "formatid": "gen6randombattle", "rating": 1680, "private": 0, "password": null}