{"id": "gen6randombattle-2536931719", "format": "[Gen 6] Random Battle", "players": ["DissBoiiSTOOP", "gdhjdj"], "log": "|j|☆DissBoiiSTOOP\n|j|☆gdhjdj\n|t:|1770749524\n|gametype|singles\n|player|p1|DissBoiiSTOOP|burgh|1533\n|player|p2|gdhjdj|170|1483\n|gen|6\n|tier|[Gen 6] Random Battle\n|rated|\n|rule|Sleep Clause Mod: Limit one foe put to sleep\n|rule|HP Percentage Mod: HP is shown in percentages\n|rule|Illusion Level Mod: Illusion disguises the Pokémon's true level\n|\n|t:|1770749524\n|teamsize|p1|6\n|teamsize|p2|6\n|start\n|switch|p1a: Mr. Mime|Mr. Mime, L89, F|216/216\n|switch|p2a: Scizor|Scizor, L78, M|237/237\n|turn|1\n|inactive|Battle timer is ON: inactive players will automatically lose when time's up. (requested by gdhjdj)\n|\n|t:|1770749534\n|switch|p1a: Volcanion|Volcanion, L79|256/256\n|move|p2a: Scizor|Bullet Punch|p1a: Volcanion\n|-resisted|p1a: Volcanion\n|-damage|p1a: Volcanion|234/256\n|\n|-heal|p1a: Volcanion|250/256|[from] item: Leftovers\n|upkeep\n|turn|2\n|\n|t:|1770749539\n|switch|p2a: Raichu|Raichu, L87, F|246/246\n|move|p1a: Volcanion|Toxic|p2a: Raichu\n|-status|p2a: Raichu|tox\n|\n|-heal|p1a: Volcanion|256/256|[from] item: Leftovers\n|-damage|p2a: Raichu|231/246 tox|[from] psn\n|upkeep\n|turn|3\n|\n|t:|1770749547\n|switch|p1a: Serperior|Serperior, L80, M|251/251\n|move|p2a: Raichu|Volt Switch|p1a: Serperior\n|-resisted|p1a: Serperior\n|-damage|p1a: Serperior|198/251\n|\n|t:|1770749556\n|switch|p2a: Scizor|Scizor, L78, M|237/237|[from] Volt Switch\n|\n|-heal|p1a: Serperior|213/251|[from] item: Leftovers\n|upkeep\n|turn|4\n|\n|t:|1770749560\n|move|p1a: Serperior|Substitute|p1a: Serperior\n|-start|p1a: Serperior|Substitute\n|-damage|p1a: Serperior|151/251\n|move|p2a: Scizor|U-turn|p1a: Serperior\n|-supereffective|p1a: Serperior\n|-end|p1a: Serperior|Substitute\n|\n|t:|1770749566\n|switch|p2a: Chatot|Chatot, L86, M|271/271|[from] U-turn\n|\n|-heal|p1a: Serperior|166/251|[from] item: Leftovers\n|upkeep\n|turn|5\n|\n|t:|1770749573\n|switch|p1a: Relicanth|Relicanth, L87, F|316/316\n|move|p2a: Chatot|Boomburst|p1a: Relicanth\n|-resisted|p1a: Relicanth\n|-damage|p1a: Relicanth|184/316\n|\n|upkeep\n|turn|6\n|\n|t:|1770749578\n|switch|p2a: Raichu|Raichu, L87, F|231/246 tox\n|move|p1a: Relicanth|Rock Polish|p1a: Relicanth\n|-boost|p1a: Relicanth|spe|2\n|\n|-damage|p2a: Raichu|216/246 tox|[from] psn\n|upkeep\n|turn|7\n|\n|t:|1770749582\n|move|p1a: Relicanth|Earthquake|p2a: Raichu\n|-supereffective|p2a: Raichu\n|-damage|p2a: Raichu|34/246 tox\n|move|p2a: Raichu|Thunderbolt|p1a: Relicanth\n|-supereffective|p1a: Relicanth\n|-damage|p1a: Relicanth|0 fnt\n|faint|p1a: Relicanth\n|\n|-damage|p2a: Raichu|4/246 tox|[from] psn\n|upkeep\n|\n|t:|1770749592\n|switch|p1a: Serperior|Serperior, L80, M|166/251\n|turn|8\n|\n|t:|1770749596\n|switch|p2a: Scizor|Scizor, L78, M|237/237\n|move|p1a: Serperior|Substitute|p1a: Serperior\n|-start|p1a: Serperior|Substitute\n|-damage|p1a: Serperior|104/251\n|\n|-heal|p1a: Serperior|119/251|[from] item: Leftovers\n|upkeep\n|turn|9\n|\n|t:|1770749599\n|move|p1a: Serperior|Leech Seed|p2a: Scizor\n|-start|p2a: Scizor|move: Leech Seed\n|move|p2a: Scizor|U-turn|p1a: Serperior\n|-supereffective|p1a: Serperior\n|-end|p1a: Serperior|Substitute\n|\n|t:|1770749602\n|switch|p2a: Chatot|Chatot, L86, M|271/271|[from] U-turn\n|\n|-heal|p1a: Serperior|134/251|[from] item: Leftovers\n|upkeep\n|turn|10\n|\n|t:|1770749608\n|move|p1a: Serperior|Leech Seed|p2a: Chatot\n|-start|p2a: Chatot|move: Leech Seed\n|move|p2a: Chatot|Boomburst|p1a: Serperior\n|-damage|p1a: Serperior|0 fnt\n|faint|p1a: Serperior\n|\n|upkeep\n|\n|t:|1770749614\n|switch|p1a: Dodrio|Dodrio, L86, M|243/243\n|turn|11\n|\n|t:|1770749617\n|move|p1a: Dodrio|Knock Off|p2a: Chatot\n|-damage|p2a: Chatot|103/271\n|-enditem|p2a: Chatot|Choice Specs|[from] move: Knock Off|[of] p1a: Dodrio\n|-damage|p1a: Dodrio|219/243|[from] item: Life Orb\n|move|p2a: Chatot|Boomburst|p1a: Dodrio\n|-damage|p1a: Dodrio|32/243\n|\n|-damage|p2a: Chatot|70/271|[from] Leech Seed|[of] p1a: Dodrio\n|-heal|p1a: Dodrio|65/243|[silent]\n|upkeep\n|turn|12\n|\n|t:|1770749626\n|switch|p2a: Scizor|Scizor, L78, M|237/237\n|move|p1a: Dodrio|Roost|p1a: Dodrio\n|-heal|p1a: Dodrio|187/243\n|-singleturn|p1a: Dodrio|move: Roost\n|\n|upkeep\n|turn|13\n|\n|t:|1770749629\n|move|p2a: Scizor|Bullet Punch|p1a: Dodrio\n|-damage|p1a: Dodrio|64/243\n|move|p1a: Dodrio|Knock Off|p2a: Scizor\n|-damage|p2a: Scizor|136/237\n|-enditem|p2a: Scizor|Choice Band|[from] move: Knock Off|[of] p1a: Dodrio\n|-damage|p1a: Dodrio|40/243|[from] item: Life Orb\n|\n|upkeep\n|turn|14\n|\n|t:|1770749633\n|switch|p1a: Volcanion|Volcanion, L79|256/256\n|move|p2a: Scizor|Bullet Punch|p1a: Volcanion\n|-resisted|p1a: Volcanion\n|-damage|p1a: Volcanion|242/256\n|\n|-heal|p1a: Volcanion|256/256|[from] item: Leftovers\n|upkeep\n|turn|15\n|\n|t:|1770749640\n|switch|p2a: Crobat|Crobat, L80, M|267/267\n|move|p1a: Volcanion|Steam Eruption|p2a: Crobat\n|-damage|p2a: Crobat|129/267\n|-status|p2a: Crobat|brn\n|\n|-heal|p2a: Crobat|145/267 brn|[from] item: Black Sludge\n|-damage|p2a: Crobat|112/267 brn|[from] brn\n|upkeep\n|turn|16\n|\n|t:|1770749646\n|move|p2a: Crobat|Brave Bird|p1a: Volcanion\n|-damage|p1a: Volcanion|207/256\n|-damage|p2a: Crobat|96/267 brn|[from] Recoil\n|move|p1a: Volcanion|Steam Eruption|p2a: Crobat\n|-damage|p2a: Crobat|0 fnt\n|faint|p2a: Crobat\n|\n|-heal|p1a: Volcanion|223/256|[from] item: Leftovers\n|upkeep\n|\n|t:|1770749652\n|switch|p2a: Raichu|Raichu, L87, F|4/246 tox\n|turn|17\n|\n|t:|1770749655\n|switch|p1a: Dodrio|Dodrio, L86, M|40/243\n|move|p2a: Raichu|Volt Switch|p1a: Dodrio\n|-supereffective|p1a: Dodrio\n|-damage|p1a: Dodrio|0 fnt\n|faint|p1a: Dodrio\n|\n|t:|1770749664\n|switch|p2a: Chatot|Chatot, L86, M|70/271|[from] Volt Switch\n|\n|upkeep\n|\n|t:|1770749670\n|switch|p1a: Mr. Mime|Mr. Mime, L89, F|216/216\n|turn|18\n|\n|t:|1770749673\n|switch|p2a: Audino|Audino, L92, M|339/339\n|move|p1a: Mr. Mime|Nasty Plot|p1a: Mr. Mime\n|-boost|p1a: Mr. Mime|spa|2\n|\n|upkeep\n|turn|19\n|\n|t:|1770749679\n|detailschange|p2a: Audino|Audino-Mega, L92, M\n|-mega|p2a: Audino|Audino|Audinite\n|move|p1a: Mr. Mime|Focus Blast|p2a: Audino|[miss]\n|-miss|p1a: Mr. Mime|p2a: Audino\n|move|p2a: Audino|Calm Mind|p2a: Audino\n|-boost|p2a: Audino|spa|1\n|-boost|p2a: Audino|spd|1\n|\n|upkeep\n|turn|20\n|\n|t:|1770749685\n|move|p1a: Mr. Mime|Nasty Plot|p1a: Mr. Mime\n|-boost|p1a: Mr. Mime|spa|2\n|move|p2a: Audino|Calm Mind|p2a: Audino\n|-boost|p2a: Audino|spa|1\n|-boost|p2a: Audino|spd|1\n|\n|upkeep\n|turn|21\n|\n|t:|1770749689\n|move|p1a: Mr. Mime|Psychic|p2a: Audino\n|-damage|p2a: Audino|199/339\n|-damage|p1a: Mr. Mime|195/216|[from] item: Life Orb\n|move|p2a: Audino|Dazzling Gleam|p1a: Mr. Mime\n|-damage|p1a: Mr. Mime|62/216\n|\n|upkeep\n|turn|22\n|\n|t:|1770749695\n|move|p1a: Mr. Mime|Psychic|p2a: Audino\n|-damage|p2a: Audino|57/339\n|-damage|p1a: Mr. Mime|41/216|[from] item: Life Orb\n|move|p2a: Audino|Dazzling Gleam|p1a: Mr. Mime\n|-damage|p1a: Mr. Mime|0 fnt\n|faint|p1a: Mr. Mime\n|\n|upkeep\n|\n|t:|1770749703\n|switch|p1a: Volcanion|Volcanion, L79|223/256\n|turn|23\n|\n|t:|1770749708\n|move|p1a: Volcanion|Superpower|p2a: Audino\n|-damage|p2a: Audino|0 fnt\n|-unboost|p1a: Volcanion|atk|1\n|-unboost|p1a: Volcanion|def|1\n|faint|p2a: Audino\n|detailschange|p2: Audino|Audino, L92, M|[silent]\n|\n|-heal|p1a: Volcanion|239/256|[from] item: Leftovers\n|upkeep\n|\n|t:|1770749714\n|switch|p2a: Raichu|Raichu, L87, F|4/246 tox\n|turn|24\n|\n|t:|1770749721\n|move|p2a: Raichu|Volt Switch|p1a: Volcanion\n|-supereffective|p1a: Volcanion\n|-damage|p1a: Volcanion|15/256\n|\n|t:|1770749725\n|switch|p2a: Scizor|Scizor, L78, M|136/237|[from] Volt Switch\n|move|p1a: Volcanion|Steam Eruption|p2a: Scizor\n|-damage|p2a: Scizor|0 fnt\n|faint|p2a: Scizor\n|\n|-heal|p1a: Volcanion|31/256|[from] item: Leftovers\n|upkeep\n|\n|t:|1770749730\n|switch|p2a: Chatot|Chatot, L86, M|70/271\n|turn|25\n|\n|t:|1770749733\n|switch|p1a: Xerneas|Xerneas, L64|268/268\n|-ability|p1a: Xerneas|Fairy Aura\n|move|p2a: Chatot|Chatter|p1a: Xerneas\n|-damage|p1a: Xerneas|183/268\n|-start|p1a: Xerneas|confusion\n|\n|upkeep\n|turn|26\n|\n|t:|1770749739\n|move|p2a: Chatot|Boomburst|p1a: Xerneas\n|-damage|p1a: Xerneas|0 fnt\n|faint|p1a: Xerneas\n|\n|upkeep\n|\n|t:|1770749741\n|switch|p1a: Volcanion|Volcanion, L79|31/256\n|turn|27\n|\n|t:|1770749743\n|move|p2a: Chatot|Boomburst|p1a: Volcanion\n|-damage|p1a: Volcanion|0 fnt\n|faint|p1a: Volcanion\n|\n|win|gdhjdj\n|raw|DissBoiiSTOOP's rating: 1533 &rarr; <strong>1510</strong><br />(-23 for losing)\n|raw|gdhjdj's rating: 1483 &rarr; <strong>1506</strong><br />(+23 for winning)\n|l|☆DissBoiiSTOOP\n|player|p1|\n", "inputlog": ">version ccdc32dd7cde25fd9e4bed64820e885f66e78a4e\n>start {\"formatid\":\"gen6randombattle\",\"seed\":\"sodium,db4e8dc74e0312d2118d309874280878\",\"rated\":\"Rated battle\"}\n>player p1 {\"name\":\"DissBoiiSTOOP\",\"avatar\":\"burgh\",\"rating\":1533,\"seed\":\"sodium,eafefcba61ff167e30ea24e7284ab015\"}\n>player p2 {\"name\":\"gdhjdj\",\"avatar\":\"170\",\"rating\":1483,\"seed\":\"sodium,94f8a2743ee0286596f5447899e370e0\"}\n>p1 switch 2\n>p2 move bulletpunch\n>p1 move toxic\n>p2 switch 6\n>p1 switch 6\n>p2 move voltswitch\n>p2 switch 6\n>p1 move substitute\n>p2 move uturn\n>p2 switch 5\n>p1 switch 4\n>p2 move boomburst\n>p1 move rockpolish\n>p2 switch 6\n>p1 move earthquake\n>p2 move thunderbolt\n>p1 switch 4\n>p1 move substitute\n>p2 switch 5\n>p1 move leechseed\n>p2 move uturn\n>p2 switch 6\n>p1 move leechseed\n>p2 move boomburst\n>p1 switch 5\n>p1 move knockoff\n>p2 move boomburst\n>p1 move roost\n>p2 switch 6\n>p1 move knockoff\n>p2 move bulletpunch\n>p1 switch 6\n>p2 move bulletpunch\n>p1 move steameruption\n>p2 switch 3\n>p1 move steameruption\n>p2 move bravebird\n>p2 switch 5\n>p1 switch 6\n>p2 move voltswitch\n>p2 switch 6\n>p1 switch 2\n>p1 move nastyplot\n>p2 switch 4\n>p1 move focusblast\n>p2 move calmmind mega\n>p1 move nastyplot\n>p2 move calmmind\n>p1 move psychic\n>p2 move dazzlinggleam\n>p1 move psychic\n>p2 move dazzlinggleam\n>p1 switch 6\n>p1 move superpower\n>p2 move wish\n>p2 switch 6\n>p1 move steameruption\n>p2 move voltswitch\n>p2 switch 3\n>p2 switch 4\n>p1 switch 3\n>p2 move chatter\n>p1 move geomancy\n>p2 move boomburst\n>p1 switch 3\n>p1 move steameruption\n>p2 move boomburst", "uploadtime": 1770749747, "views": 226, "formatid": "gen6randombattle", "rating": 1506, "private": 0, "password": null}