{"id": "gen6randombattle-2539135980", "format": "[Gen 6] Random Battle", "players": ["arboretums", "Brave Striker"], "log": "|j|☆arboretums\n|j|☆Brave Striker\n|t:|1771015104\n|gametype|singles\n|player|p1|arboretums|serena-masters2|1657\n|player|p2|Brave Striker|265|1574\n|gen|6\n|tier|[Gen 6] Random Battle\n|rated|\n|rule|Sleep Clause Mod: Limit one foe put to sleep\n|rule|HP Percentage Mod: HP is shown in percentages\n|rule|Illusion Level Mod: Illusion disguises the Pokémon's true level\n|\n|t:|1771015104\n|teamsize|p1|6\n|teamsize|p2|6\n|start\n|switch|p1a: Audino|Audino, L92, M|339/339\n|switch|p2a: Cinccino|Cinccino, L82, F|257/257\n|turn|1\n|inactive|Battle timer is ON: inactive players will automatically lose when time's up. (requested by arboretums)\n|\n|t:|1771015113\n|switch|p1a: Durant|Durant, L79, F|221/221\n|move|p2a: Cinccino|Tail Slap|p1a: Durant\n|-resisted|p1a: Durant\n|-damage|p1a: Durant|205/221\n|-resisted|p1a: Durant\n|-damage|p1a: Durant|190/221\n|-resisted|p1a: Durant\n|-damage|p1a: Durant|174/221\n|-resisted|p1a: Durant\n|-damage|p1a: Durant|156/221\n|-resisted|p1a: Durant\n|-damage|p1a: Durant|140/221\n|-hitcount|p1a: Durant|5\n|\n|upkeep\n|turn|2\n|\n|t:|1771015122\n|switch|p2a: Magcargo|Magcargo, L98, F|256/256\n|move|p1a: Durant|Hone Claws|p1a: Durant\n|-boost|p1a: Durant|atk|1\n|-boost|p1a: Durant|accuracy|1\n|\n|upkeep\n|turn|3\n|\n|t:|1771015125\n|move|p1a: Durant|Superpower|p2a: Magcargo\n|-supereffective|p2a: Magcargo\n|-damage|p2a: Magcargo|0 fnt\n|-unboost|p1a: Durant|atk|1\n|-unboost|p1a: Durant|def|1\n|-status|p1a: Durant|brn|[from] ability: Flame Body|[of] p2a: Magcargo\n|faint|p2a: Magcargo\n|-damage|p1a: Durant|118/221 brn|[from] item: Life Orb\n|\n|-damage|p1a: Durant|91/221 brn|[from] brn\n|upkeep\n|\n|t:|1771015138\n|switch|p2a: Pelipper|Pelipper, L91, F|257/257\n|turn|4\n|\n|t:|1771015143\n|switch|p1a: Luxray|Luxray, L88, F|284/284\n|-ability|p1a: Luxray|Intimidate|boost\n|-unboost|p2a: Pelipper|atk|1\n|move|p2a: Pelipper|Scald|p1a: Luxray\n|-damage|p1a: Luxray|223/284\n|\n|upkeep\n|turn|5\n|\n|t:|1771015155\n|move|p1a: Luxray|Volt Switch|p2a: Pelipper\n|-supereffective|p2a: Pelipper\n|-damage|p2a: Pelipper|0 fnt\n|faint|p2a: Pelipper\n|\n|t:|1771015159\n|switch|p1a: Durant|Durant, L79, F|91/221 brn|[from] Volt Switch\n|\n|-damage|p1a: Durant|64/221 brn|[from] brn\n|upkeep\n|\n|t:|1771015163\n|switch|p2a: Cinccino|Cinccino, L82, F|257/257\n|turn|6\n|\n|t:|1771015172\n|move|p2a: Cinccino|Rock Blast|p1a: Durant\n|-damage|p1a: Durant|41/221 brn\n|-damage|p1a: Durant|19/221 brn\n|-damage|p1a: Durant|0 fnt\n|faint|p1a: Durant\n|-hitcount|p1: Durant|3\n|\n|upkeep\n|\n|t:|1771015178\n|switch|p1a: Stoutland|Stoutland, L85, M|283/283\n|turn|7\n|\n|t:|1771015186\n|switch|p2a: Latias|Latias, L77, F|250/250\n|move|p1a: Stoutland|Superpower|p2a: Latias\n|-resisted|p2a: Latias\n|-damage|p2a: Latias|194/250\n|-unboost|p1a: Stoutland|atk|1\n|-unboost|p1a: Stoutland|def|1\n|\n|upkeep\n|turn|8\n|\n|t:|1771015196\n|switch|p1a: Audino|Audino, L92, M|339/339\n|detailschange|p2a: Latias|Latias-Mega, L77, F\n|-mega|p2a: Latias|Latias|Latiasite\n|move|p2a: Latias|Calm Mind|p2a: Latias\n|-boost|p2a: Latias|spa|1\n|-boost|p2a: Latias|spd|1\n|\n|upkeep\n|turn|9\n|\n|t:|1771015199\n|detailschange|p1a: Audino|Audino-Mega, L92, M\n|-mega|p1a: Audino|Audino|Audinite\n|move|p2a: Latias|Psyshock|p1a: Audino\n|-damage|p1a: Audino|246/339\n|move|p1a: Audino|Calm Mind|p1a: Audino\n|-boost|p1a: Audino|spa|1\n|-boost|p1a: Audino|spd|1\n|\n|upkeep\n|turn|10\n|\n|t:|1771015207\n|switch|p2a: Cinccino|Cinccino, L82, F|257/257\n|move|p1a: Audino|Dazzling Gleam|p2a: Cinccino\n|-damage|p2a: Cinccino|79/257\n|\n|upkeep\n|turn|11\n|\n|t:|1771015216\n|move|p2a: Cinccino|Tail Slap|p1a: Audino\n|-crit|p1a: Audino\n|-damage|p1a: Audino|203/339\n|-crit|p1a: Audino\n|-damage|p1a: Audino|163/339\n|-damage|p1a: Audino|135/339\n|-damage|p1a: Audino|107/339\n|-damage|p1a: Audino|82/339\n|-hitcount|p1a: Audino|5\n|move|p1a: Audino|Dazzling Gleam|p2a: Cinccino\n|-damage|p2a: Cinccino|0 fnt\n|faint|p2a: Cinccino\n|\n|upkeep\n|\n|t:|1771015234\n|switch|p2a: Zangoose|Zangoose, L84, F|260/260\n|turn|12\n|\n|t:|1771015237\n|move|p2a: Zangoose|Facade|p1a: Audino\n|-damage|p1a: Audino|28/339\n|move|p1a: Audino|Dazzling Gleam|p2a: Zangoose\n|-damage|p2a: Zangoose|89/260\n|\n|-status|p2a: Zangoose|tox|[from] item: Toxic Orb\n|upkeep\n|turn|13\n|\n|t:|1771015241\n|move|p2a: Zangoose|Facade|p1a: Audino\n|-damage|p1a: Audino|0 fnt\n|faint|p1a: Audino\n|detailschange|p1: Audino|Audino, L92, M|[silent]\n|\n|-damage|p2a: Zangoose|73/260 tox|[from] psn\n|upkeep\n|\n|t:|1771015248\n|switch|p1a: Stoutland|Stoutland, L85, M|283/283\n|turn|14\n|\n|t:|1771015258\n|move|p1a: Stoutland|Crunch|p2a: Zangoose\n|-damage|p2a: Zangoose|0 fnt\n|faint|p2a: Zangoose\n|\n|upkeep\n|\n|t:|1771015260\n|switch|p2a: Breloom|Breloom, L82, M|233/233\n|turn|15\n|\n|t:|1771015264\n|switch|p1a: Solrock|Solrock, L90|272/272\n|move|p2a: Breloom|Swords Dance|p2a: Breloom\n|-boost|p2a: Breloom|atk|2\n|\n|upkeep\n|turn|16\n|\n|t:|1771015269\n|move|p1a: Solrock|Will-O-Wisp|p2a: Breloom\n|-status|p2a: Breloom|brn\n|move|p2a: Breloom|Bullet Seed|p1a: Solrock\n|-supereffective|p1a: Solrock\n|-damage|p1a: Solrock|151/272\n|-supereffective|p1a: Solrock\n|-damage|p1a: Solrock|26/272\n|-supereffective|p1a: Solrock\n|-damage|p1a: Solrock|0 fnt\n|faint|p1a: Solrock\n|-hitcount|p1: Solrock|3\n|-damage|p2a: Breloom|210/233 brn|[from] item: Life Orb\n|\n|-damage|p2a: Breloom|181/233 brn|[from] brn\n|upkeep\n|\n|t:|1771015276\n|switch|p1a: Luxray|Luxray, L88, F|223/284\n|-ability|p1a: Luxray|Intimidate|boost\n|-unboost|p2a: Breloom|atk|1\n|turn|17\n|\n|t:|1771015282\n|move|p1a: Luxray|Ice Fang|p2a: Breloom\n|-supereffective|p2a: Breloom\n|-crit|p2a: Breloom\n|-damage|p2a: Breloom|0 fnt\n|faint|p2a: Breloom\n|\n|upkeep\n|\n|t:|1771015285\n|switch|p2a: Latias|Latias-Mega, L77, F|194/250\n|turn|18\n|\n|t:|1771015292\n|switch|p1a: Corsola|Corsola, L99, M|269/269\n|move|p2a: Latias|Psyshock|p1a: Corsola\n|-damage|p1a: Corsola|187/269\n|\n|-heal|p1a: Corsola|203/269|[from] item: Leftovers\n|upkeep\n|turn|19\n|\n|t:|1771015296\n|move|p2a: Latias|Calm Mind|p2a: Latias\n|-boost|p2a: Latias|spa|1\n|-boost|p2a: Latias|spd|1\n|move|p1a: Corsola|Toxic|p2a: Latias\n|-status|p2a: Latias|tox\n|\n|-heal|p1a: Corsola|219/269|[from] item: Leftovers\n|-damage|p2a: Latias|179/250 tox|[from] psn\n|upkeep\n|turn|20\n|\n|t:|1771015300\n|move|p2a: Latias|Draco Meteor|p1a: Corsola\n|-damage|p1a: Corsola|12/269\n|-unboost|p2a: Latias|spa|2\n|move|p1a: Corsola|Recover|p1a: Corsola\n|-heal|p1a: Corsola|147/269\n|\n|-heal|p1a: Corsola|163/269|[from] item: Leftovers\n|-damage|p2a: Latias|149/250 tox|[from] psn\n|upkeep\n|turn|21\n|\n|t:|1771015303\n|move|p2a: Latias|Draco Meteor|p1a: Corsola\n|-damage|p1a: Corsola|64/269\n|-unboost|p2a: Latias|spa|2\n|move|p1a: Corsola|Recover|p1a: Corsola\n|-heal|p1a: Corsola|199/269\n|\n|-heal|p1a: Corsola|215/269|[from] item: Leftovers\n|-damage|p2a: Latias|104/250 tox|[from] psn\n|upkeep\n|turn|22\n|\n|t:|1771015308\n|move|p2a: Latias|Psyshock|p1a: Corsola\n|-damage|p1a: Corsola|178/269\n|move|p1a: Corsola|Recover|p1a: Corsola\n|-heal|p1a: Corsola|269/269\n|\n|-damage|p2a: Latias|44/250 tox|[from] psn\n|upkeep\n|turn|23\n|\n|t:|1771015311\n|move|p2a: Latias|Roost|p2a: Latias\n|-heal|p2a: Latias|169/250 tox\n|-singleturn|p2a: Latias|move: Roost\n|move|p1a: Corsola|Power Gem|p2a: Latias\n|-damage|p2a: Latias|124/250 tox\n|\n|-damage|p2a: Latias|49/250 tox|[from] psn\n|upkeep\n|turn|24\n|\n|t:|1771015313\n|move|p2a: Latias|Draco Meteor|p1a: Corsola\n|-damage|p1a: Corsola|214/269\n|-unboost|p2a: Latias|spa|2\n|move|p1a: Corsola|Power Gem|p2a: Latias\n|-damage|p2a: Latias|4/250 tox\n|\n|-heal|p1a: Corsola|230/269|[from] item: Leftovers\n|-damage|p2a: Latias|0 fnt|[from] psn\n|faint|p2a: Latias\n|detailschange|p2: Latias|Latias, L77, F|[silent]\n|\n|win|arboretums\n|raw|arboretums's rating: 1657 &rarr; <strong>1672</strong><br />(+15 for winning)\n|raw|Brave Striker's rating: 1574 &rarr; <strong>1559</strong><br />(-15 for losing)\n", "inputlog": ">version ccdc32dd7cde25fd9e4bed64820e885f66e78a4e\n>start {\"formatid\":\"gen6randombattle\",\"seed\":\"sodium,7f994d206e09c21a540cf14227196fa4\",\"rated\":\"Rated battle\"}\n>player p1 {\"name\":\"arboretums\",\"avatar\":\"serena-masters2\",\"rating\":1657,\"seed\":\"sodium,f4ceef108ced01573e84cd98229f10e1\"}\n>player p2 {\"name\":\"Brave Striker\",\"avatar\":\"265\",\"rating\":1574,\"seed\":\"sodium,fe32846c9f06b965d6edb7a7328cd983\"}\n>p1 switch 6\n>p2 move tailslap\n>p1 move honeclaws\n>p2 switch 5\n>p1 move superpower\n>p2 move lavaplume\n>p2 switch 4\n>p1 switch 5\n>p2 move scald\n>p1 move voltswitch\n>p2 move scald\n>p1 switch 5\n>p2 switch 5\n>p1 move superpower\n>p2 move rockblast\n>p1 switch 2\n>p1 move superpower\n>p2 switch 2\n>p1 switch 6\n>p2 move calmmind mega\n>p1 move calmmind mega\n>p2 move psyshock\n>p1 move dazzlinggleam\n>p2 switch 2\n>p1 move dazzlinggleam\n>p2 move tailslap\n>p2 switch 6\n>p1 move dazzlinggleam\n>p2 move facade\n>p1 move dazzlinggleam\n>p2 move facade\n>p1 switch 6\n>p1 move crunch\n>p2 move closecombat\n>p2 switch 3\n>p1 switch 4\n>p2 move swordsdance\n>p1 move willowisp\n>p2 move bulletseed\n>p1 switch 5\n>p1 move icefang\n>p2 move rocktomb\n>p2 switch 2\n>p1 switch 3\n>p2 move psyshock\n>p1 move toxic\n>p2 move calmmind\n>p1 move recover\n>p2 move dracometeor\n>p1 move recover\n>p2 move dracometeor\n>p1 move recover\n>p2 move psyshock\n>p1 move powergem\n>p2 move roost\n>p1 move powergem\n>p2 move dracometeor", "uploadtime": 1771015315, "views": 187, "formatid": "gen6randombattle", "rating": 1559, "private": 0, "password": null}