{"id": "gen6randombattle-2523247104", "format": "[Gen 6] Random Battle", "players": ["Frank1997", "Omgebhonyel"], "log": "|j|☆Frank1997\n|j|☆Omgebhonyel\n|t:|1769007649\n|gametype|singles\n|player|p1|Frank1997|#frank1997|1593\n|player|p2|Omgebhonyel|brock|1579\n|gen|6\n|tier|[Gen 6] Random Battle\n|rated|\n|rule|Sleep Clause Mod: Limit one foe put to sleep\n|rule|HP Percentage Mod: HP is shown in percentages\n|rule|Illusion Level Mod: Illusion disguises the Pokémon's true level\n|\n|t:|1769007649\n|teamsize|p1|6\n|teamsize|p2|6\n|start\n|switch|p1a: Darmanitan|Darmanitan, L80, M|299/299\n|switch|p2a: Pinsir|Pinsir, L85, F|249/249\n|turn|1\n|\n|t:|1769007666\n|switch|p2a: Audino|Audino, L92, F|339/339\n|move|p1a: Darmanitan|Flare Blitz|p2a: Audino\n|-damage|p2a: Audino|112/339\n|-damage|p1a: Darmanitan|224/299|[from] Recoil\n|\n|upkeep\n|turn|2\n|\n|t:|1769007688\n|switch|p2a: Pinsir|Pinsir, L85, F|249/249\n|move|p1a: Darmanitan|U-turn|p2a: Pinsir\n|-damage|p2a: Pinsir|179/249\n|-damage|p1a: Darmanitan|195/299|[from] item: Life Orb\n|\n|t:|1769007695\n|switch|p1a: Pelipper|Pelipper, L91, M|257/257|[from] U-turn\n|\n|upkeep\n|turn|3\n|\n|t:|1769007700\n|switch|p2a: Lumineon|Lumineon, L90, F|271/271\n|move|p1a: Pelipper|Scald|p2a: Lumineon\n|-ability|p2a: Lumineon|Storm Drain|boost\n|-boost|p2a: Lumineon|spa|1\n|\n|upkeep\n|turn|4\n|\n|t:|1769007703\n|move|p2a: Lumineon|Toxic|p1a: Pelipper\n|-status|p1a: Pelipper|tox\n|move|p1a: Pelipper|Toxic|p2a: Lumineon\n|-status|p2a: Lumineon|tox\n|\n|-damage|p2a: Lumineon|255/271 tox|[from] psn\n|-damage|p1a: Pelipper|241/257 tox|[from] psn\n|upkeep\n|turn|5\n|\n|t:|1769007709\n|move|p2a: Lumineon|U-turn|p1a: Pelipper\n|-resisted|p1a: Pelipper\n|-crit|p1a: Pelipper\n|-damage|p1a: Pelipper|211/257 tox\n|\n|t:|1769007711\n|switch|p2a: Audino|Audino, L92, F|225/339|[from] U-turn\n|move|p1a: Pelipper|U-turn|p2a: Audino\n|-damage|p2a: Audino|190/339\n|\n|t:|1769007716\n|switch|p1a: Darmanitan|Darmanitan, L80, M|195/299|[from] U-turn\n|\n|upkeep\n|turn|6\n|\n|t:|1769007722\n|switch|p2a: Golem|Golem, L86, F|278/278\n|move|p1a: Darmanitan|Flare Blitz|p2a: Golem\n|-resisted|p2a: Golem\n|-damage|p2a: Golem|179/278\n|-damage|p1a: Darmanitan|162/299|[from] Recoil\n|\n|upkeep\n|turn|7\n|\n|t:|1769007740\n|switch|p1a: Pelipper|Pelipper, L91, M|211/257 tox\n|switch|p2a: Pinsir|Pinsir, L85, F|179/249\n|\n|-heal|p1a: Pelipper|227/257 tox|[from] item: Leftovers\n|-damage|p1a: Pelipper|211/257 tox|[from] psn\n|upkeep\n|turn|8\n|\n|t:|1769007749\n|switch|p2a: Lumineon|Lumineon, L90, F|255/271 tox\n|move|p1a: Pelipper|Toxic|p2a: Lumineon\n|-fail|p2a: Lumineon|tox\n|\n|-heal|p2a: Lumineon|271/271 tox|[from] item: Leftovers\n|-heal|p1a: Pelipper|227/257 tox|[from] item: Leftovers\n|-damage|p2a: Lumineon|255/271 tox|[from] psn\n|-damage|p1a: Pelipper|195/257 tox|[from] psn\n|upkeep\n|turn|9\n|\n|t:|1769007752\n|move|p2a: Lumineon|U-turn|p1a: Pelipper\n|-resisted|p1a: Pelipper\n|-damage|p1a: Pelipper|177/257 tox\n|\n|t:|1769007770\n|switch|p2a: Pinsir|Pinsir, L85, F|179/249|[from] U-turn\n|move|p1a: Pelipper|U-turn|p2a: Pinsir\n|-damage|p2a: Pinsir|145/249\n|\n|t:|1769007774\n|switch|p1a: Darmanitan|Darmanitan, L80, M|162/299|[from] U-turn\n|\n|upkeep\n|turn|10\n|\n|t:|1769007782\n|move|p1a: Darmanitan|Flare Blitz|p2a: Pinsir\n|-supereffective|p2a: Pinsir\n|-damage|p2a: Pinsir|0 fnt\n|faint|p2a: Pinsir\n|-damage|p1a: Darmanitan|114/299|[from] Recoil\n|\n|upkeep\n|\n|t:|1769007787\n|switch|p2a: Lumineon|Lumineon, L90, F|255/271 tox\n|turn|11\n|\n|t:|1769007791\n|switch|p1a: Blissey|Blissey, L84, F|566/566\n|move|p2a: Lumineon|Scald|p1a: Blissey\n|-damage|p1a: Blissey|511/566\n|-status|p1a: Blissey|brn\n|\n|-heal|p2a: Lumineon|271/271 tox|[from] item: Leftovers\n|-heal|p1a: Blissey|546/566 brn|[from] item: Leftovers\n|-damage|p2a: Lumineon|255/271 tox|[from] psn\n|-damage|p1a: Blissey|476/566 brn|[from] brn\n|upkeep\n|turn|12\n|\n|t:|1769007797\n|move|p2a: Lumineon|U-turn|p1a: Blissey\n|-damage|p1a: Blissey|344/566 brn\n|\n|t:|1769007806\n|switch|p2a: Golem|Golem, L86, F|179/278|[from] U-turn\n|move|p1a: Blissey|Thunder Wave|p2a: Golem\n|-immune|p2a: Golem\n|\n|-heal|p1a: Blissey|379/566 brn|[from] item: Leftovers\n|-damage|p1a: Blissey|309/566 brn|[from] brn\n|upkeep\n|turn|13\n|\n|t:|1769007809\n|-curestatus|p1a: Blissey|brn|[from] ability: Natural Cure\n|switch|p1a: Pelipper|Pelipper, L91, M|177/257 tox\n|move|p2a: Golem|Rock Polish|p2a: Golem\n|-boost|p2a: Golem|spe|2\n|\n|-heal|p1a: Pelipper|193/257 tox|[from] item: Leftovers\n|-damage|p1a: Pelipper|177/257 tox|[from] psn\n|upkeep\n|turn|14\n|\n|t:|1769007814\n|move|p2a: Golem|Stone Edge|p1a: Pelipper\n|-supereffective|p1a: Pelipper\n|-damage|p1a: Pelipper|0 fnt\n|faint|p1a: Pelipper\n|\n|upkeep\n|\n|t:|1769007824\n|switch|p1a: Scizor|Scizor, L74, M|226/226\n|turn|15\n|\n|t:|1769007831\n|detailschange|p1a: Scizor|Scizor-Mega, L74, M\n|-mega|p1a: Scizor|Scizor|Scizorite\n|move|p2a: Golem|Earthquake|p1a: Scizor\n|-damage|p1a: Scizor|120/226\n|move|p1a: Scizor|Knock Off|p2a: Golem\n|-damage|p2a: Golem|123/278\n|-enditem|p2a: Golem|Weakness Policy|[from] move: Knock Off|[of] p1a: Scizor\n|\n|upkeep\n|turn|16\n|\n|t:|1769007841\n|move|p2a: Golem|Earthquake|p1a: Scizor\n|-damage|p1a: Scizor|8/226\n|move|p1a: Scizor|Roost|p1a: Scizor\n|-heal|p1a: Scizor|121/226\n|-singleturn|p1a: Scizor|move: Roost\n|\n|upkeep\n|turn|17\n|\n|t:|1769007848\n|move|p1a: Scizor|Bullet Punch|p2a: Golem\n|-supereffective|p2a: Golem\n|-damage|p2a: Golem|13/278\n|move|p2a: Golem|Earthquake|p1a: Scizor\n|-damage|p1a: Scizor|12/226\n|\n|upkeep\n|turn|18\n|\n|t:|1769007853\n|move|p2a: Golem|Sucker Punch|p1a: Scizor\n|-damage|p1a: Scizor|0 fnt\n|faint|p1a: Scizor\n|detailschange|p1: Scizor|Scizor, L74, M|[silent]\n|\n|upkeep\n|\n|t:|1769007859\n|switch|p1a: Aromatisse|Aromatisse, L89, M|325/325\n|turn|19\n|\n|t:|1769007865\n|move|p2a: Golem|Earthquake|p1a: Aromatisse\n|-damage|p1a: Aromatisse|177/325\n|move|p1a: Aromatisse|Moonblast|p2a: Golem\n|-damage|p2a: Golem|0 fnt\n|faint|p2a: Golem\n|\n|-heal|p1a: Aromatisse|197/325|[from] item: Leftovers\n|upkeep\n|\n|t:|1769007877\n|switch|p2a: Chansey|Chansey, L86, F|570/570\n|turn|20\n|\n|t:|1769007881\n|move|p2a: Chansey|Toxic|p1a: Aromatisse\n|-status|p1a: Aromatisse|tox\n|move|p1a: Aromatisse|Wish|p1a: Aromatisse\n|\n|-heal|p1a: Aromatisse|217/325 tox|[from] item: Leftovers\n|-damage|p1a: Aromatisse|197/325 tox|[from] psn\n|upkeep\n|turn|21\n|\n|t:|1769007890\n|switch|p1a: Darmanitan|Darmanitan, L80, M|114/299\n|move|p2a: Chansey|Thunder Wave|p1a: Darmanitan\n|-status|p1a: Darmanitan|par\n|\n|-heal|p1a: Darmanitan|276/299 par|[from] move: Wish|[wisher] Aromatisse\n|upkeep\n|turn|22\n|\n|t:|1769007903\n|switch|p2a: Audino|Audino, L92, F|303/339\n|move|p1a: Darmanitan|Flare Blitz|p2a: Audino\n|-damage|p2a: Audino|76/339\n|-damage|p1a: Darmanitan|201/299 par|[from] Recoil\n|\n|upkeep\n|turn|23\n|\n|t:|1769007907\n|switch|p2a: Lumineon|Lumineon, L90, F|255/271 tox\n|move|p1a: Darmanitan|Flare Blitz|p2a: Lumineon\n|-resisted|p2a: Lumineon\n|-damage|p2a: Lumineon|111/271 tox\n|-damage|p1a: Darmanitan|153/299 par|[from] Recoil\n|\n|-heal|p2a: Lumineon|127/271 tox|[from] item: Leftovers\n|-damage|p2a: Lumineon|111/271 tox|[from] psn\n|upkeep\n|turn|24\n|\n|t:|1769007910\n|switch|p1a: Blissey|Blissey, L84, F|309/566\n|move|p2a: Lumineon|U-turn|p1a: Blissey\n|-damage|p1a: Blissey|180/566\n|\n|t:|1769007913\n|switch|p2a: Deoxys|Deoxys-Attack, L72|191/191|[from] U-turn\n|-ability|p2a: Deoxys|Pressure\n|\n|-heal|p1a: Blissey|215/566|[from] item: Leftovers\n|upkeep\n|turn|25\n|\n|t:|1769007918\n|switch|p1a: Aromatisse|Aromatisse, L89, M|197/325 tox\n|move|p2a: Deoxys|Knock Off|p1a: Aromatisse\n|-resisted|p1a: Aromatisse\n|-damage|p1a: Aromatisse|133/325 tox\n|-enditem|p1a: Aromatisse|Leftovers|[from] move: Knock Off|[of] p2a: Deoxys\n|-damage|p2a: Deoxys|172/191|[from] item: Life Orb\n|\n|-damage|p1a: Aromatisse|113/325 tox|[from] psn\n|upkeep\n|turn|26\n|\n|t:|1769007924\n|move|p2a: Deoxys|Psycho Boost|p1a: Aromatisse\n|-damage|p1a: Aromatisse|0 fnt\n|-unboost|p2a: Deoxys|spa|2\n|faint|p1a: Aromatisse\n|-damage|p2a: Deoxys|153/191|[from] item: Life Orb\n|\n|upkeep\n|\n|t:|1769007929\n|switch|p1a: Blissey|Blissey, L84, F|215/566\n|turn|27\n|\n|t:|1769007936\n|move|p2a: Deoxys|Superpower|p1a: Blissey\n|-supereffective|p1a: Blissey\n|-damage|p1a: Blissey|0 fnt\n|-unboost|p2a: Deoxys|atk|1\n|-unboost|p2a: Deoxys|def|1\n|faint|p1a: Blissey\n|-damage|p2a: Deoxys|134/191|[from] item: Life Orb\n|\n|upkeep\n|\n|t:|1769007938\n|switch|p1a: Porygon-Z|Porygon-Z, L82|274/274\n|-ability|p1a: Porygon-Z|Download|boost\n|-boost|p1a: Porygon-Z|atk|1\n|turn|28\n|\n|t:|1769007946\n|switch|p2a: Chansey|Chansey, L86, F|570/570\n|move|p1a: Porygon-Z|Tri Attack|p2a: Chansey\n|-damage|p2a: Chansey|487/570\n|-damage|p1a: Porygon-Z|247/274|[from] item: Life Orb\n|\n|upkeep\n|turn|29\n|\n|t:|1769007950\n|move|p1a: Porygon-Z|Nasty Plot|p1a: Porygon-Z\n|-boost|p1a: Porygon-Z|spa|2\n|move|p2a: Chansey|Seismic Toss|p1a: Porygon-Z\n|-damage|p1a: Porygon-Z|161/274\n|\n|upkeep\n|turn|30\n|\n|t:|1769007954\n|move|p1a: Porygon-Z|Tri Attack|p2a: Chansey\n|-damage|p2a: Chansey|330/570\n|-damage|p1a: Porygon-Z|134/274|[from] item: Life Orb\n|move|p2a: Chansey|Thunder Wave|p1a: Porygon-Z\n|-status|p1a: Porygon-Z|par\n|\n|upkeep\n|turn|31\n|\n|t:|1769007959\n|move|p2a: Chansey|Seismic Toss|p1a: Porygon-Z\n|-damage|p1a: Porygon-Z|48/274 par\n|move|p1a: Porygon-Z|Tri Attack|p2a: Chansey\n|-crit|p2a: Chansey\n|-damage|p2a: Chansey|99/570\n|-damage|p1a: Porygon-Z|21/274 par|[from] item: Life Orb\n|\n|upkeep\n|turn|32\n|-message|Frank1997 forfeited.\n|\n|win|Omgebhonyel\n|raw|Frank1997's rating: 1593 &rarr; <strong>1572</strong><br />(-21 for losing)\n|raw|Omgebhonyel's rating: 1579 &rarr; <strong>1600</strong><br />(+21 for winning)\n|l|☆Frank1997\n|player|p1|\n|c|☆Omgebhonyel|Gg bro. Wp\n", "inputlog": ">version 3bd1a1e329da8d286644078cfc9a9638fc7ea025\n>start {\"formatid\":\"gen6randombattle\",\"seed\":\"sodium,18b9fa3680a7735bcfc11f943d5301af\",\"rated\":\"Rated battle\"}\n>player p1 {\"name\":\"Frank1997\",\"avatar\":\"#frank1997\",\"rating\":1593,\"seed\":\"sodium,53e6d7bf0161882946e9d9d3f1b992da\"}\n>player p2 {\"name\":\"Omgebhonyel\",\"avatar\":\"brock\",\"rating\":1579,\"seed\":\"sodium,b9f7de16d34f7b5f2259d0525613ac75\"}\n>p1 move flareblitz\n>p2 switch 5\n>p1 move uturn\n>p2 switch 5\n>p1 switch 2\n>p1 move scald\n>p2 switch 6\n>p1 move toxic\n>p2 move toxic\n>p1 move uturn\n>p2 move uturn\n>p2 switch 5\n>p1 switch 2\n>p1 move flareblitz\n>p2 switch 3\n>p1 switch 2\n>p2 switch 6\n>p1 move toxic\n>p2 switch 5\n>p1 move uturn\n>p2 move uturn\n>p2 switch 5\n>p1 switch 2\n>p1 move flareblitz\n>p2 move closecombat\n>p2 switch 5\n>p1 switch 4\n>p2 move scald\n>p1 move thunderwave\n>p2 move uturn\n>p2 switch 6\n>p1 switch 2\n>p2 move rockpolish\n>p1 move scald\n>p2 move stoneedge\n>p1 switch 3\n>p1 move knockoff mega\n>p2 move earthquake\n>p1 move roost\n>p2 move earthquake\n>p1 move bulletpunch\n>p2 move earthquake\n>p1 move bulletpunch\n>p2 move suckerpunch\n>p1 switch 5\n>p1 move moonblast\n>p2 move earthquake\n>p2 switch 2\n>p1 move wish\n>p2 move toxic\n>p1 switch 4\n>p2 move thunderwave\n>p1 move flareblitz\n>p2 switch 3\n>p1 move flareblitz\n>p2 switch 6\n>p1 switch 2\n>p2 move uturn\n>p2 switch 4\n>p1 switch 4\n>p2 move knockoff\n>p1 move wish\n>p2 move psychoboost\n>p1 switch 4\n>p1 move seismictoss\n>p2 move superpower\n>p1 switch 6\n>p1 move triattack\n>p2 switch 3\n>p1 move nastyplot\n>p2 move seismictoss\n>p1 move triattack\n>p2 move thunderwave\n>p1 move triattack\n>p2 move seismictoss\n>forcelose p1", "uploadtime": 1769007974, "views": 306, "formatid": "gen6randombattle", "rating": 1572, "private": 0, "password": null}