{"id": "gen6randombattle-2532045401", "format": "[Gen 6] Random Battle", "players": ["bigcatdimes", "Plop"], "log": "|j|☆bigcatdimes\n|j|☆Plop\n|t:|1770135005\n|gametype|singles\n|player|p1|bigcatdimes|2|1562\n|player|p2|Plop|#rbtt9travelers|1714\n|gen|6\n|tier|[Gen 6] Random Battle\n|rated|\n|rule|Sleep Clause Mod: Limit one foe put to sleep\n|rule|HP Percentage Mod: HP is shown in percentages\n|rule|Illusion Level Mod: Illusion disguises the Pokémon's true level\n|\n|t:|1770135005\n|teamsize|p1|6\n|teamsize|p2|6\n|start\n|switch|p1a: Heatran|Heatran, L78, F|270/270\n|switch|p2a: Musharna|Musharna, L88, F|347/347\n|turn|1\n|inactive|Battle timer is ON: inactive players will automatically lose when time's up. (requested by bigcatdimes)\n|j| ggghbbb buongio\n|c|☆bigcatdimes|gg\n|\n|t:|1770135038\n|switch|p2a: Alomomola|Alomomola, L85, M|419/419\n|move|p1a: Heatran|Toxic|p2a: Alomomola\n|-status|p2a: Alomomola|tox\n|\n|-damage|p2a: Alomomola|393/419 tox|[from] psn\n|upkeep\n|turn|2\n|\n|t:|1770135044\n|move|p1a: Heatran|Protect|p1a: Heatran\n|-singleturn|p1a: Heatran|Protect\n|move|p2a: Alomomola|Knock Off|p1a: Heatran\n|-activate|p1a: Heatran|move: Protect\n|\n|-damage|p2a: Alomomola|341/419 tox|[from] psn\n|upkeep\n|turn|3\n|\n|t:|1770135058\n|switch|p1a: Diancie|Diancie, L75|199/199\n|move|p2a: Alomomola|Knock Off|p1a: Diancie\n|-resisted|p1a: Diancie\n|-damage|p1a: Diancie|184/199\n|\n|-damage|p2a: Alomomola|263/419 tox|[from] psn\n|upkeep\n|turn|4\n|\n|t:|1770135068\n|switch|p2a: Jirachi|Jirachi, L78|284/284\n|switch|p1a: Milotic|Milotic, L83, M|293/293\n|\n|upkeep\n|turn|5\n|\n|t:|1770135076\n|switch|p2a: Alomomola|Alomomola, L85, M|402/419 tox\n|move|p1a: Milotic|Scald|p2a: Alomomola\n|-resisted|p2a: Alomomola\n|-damage|p2a: Alomomola|337/419 tox\n|\n|-damage|p2a: Alomomola|311/419 tox|[from] psn\n|upkeep\n|turn|6\n|\n|t:|1770135082\n|move|p2a: Alomomola|Knock Off|p1a: Milotic\n|-crit|p1a: Milotic\n|-damage|p1a: Milotic|202/293\n|-enditem|p1a: Milotic|Leftovers|[from] move: Knock Off|[of] p2a: Alomomola\n|move|p1a: Milotic|Dragon Tail|p2a: Alomomola\n|-damage|p2a: Alomomola|277/419 tox\n|-damage|p1a: Milotic|154/293|[from] item: Rocky Helmet|[of] p2a: Alomomola\n|drag|p2a: Charizard|Charizard, L74, F|237/237\n|\n|upkeep\n|turn|7\n|\n|t:|1770135096\n|detailschange|p2a: Charizard|Charizard-Mega-Y, L74, F\n|-mega|p2a: Charizard|Charizard|Charizardite Y\n|-weather|SunnyDay|[from] ability: Drought|[of] p2a: Charizard\n|move|p2a: Charizard|Solar Beam||[still]\n|-prepare|p2a: Charizard|Solar Beam\n|-anim|p2a: Charizard|Solar Beam|p1a: Milotic\n|-supereffective|p1a: Milotic\n|-damage|p1a: Milotic|0 fnt\n|faint|p1a: Milotic\n|\n|-weather|SunnyDay|[upkeep]\n|upkeep\n|c|☆bigcatdimes|damn\n|\n|t:|1770135110\n|switch|p1a: Manectric|Manectric, L84, F|255/255\n|turn|8\n|\n|t:|1770135124\n|switch|p2a: Musharna|Musharna, L88, F|347/347\n|move|p1a: Manectric|Thunderbolt|p2a: Musharna\n|-crit|p2a: Musharna\n|-damage|p2a: Musharna|139/347\n|\n|-weather|SunnyDay|[upkeep]\n|-heal|p2a: Musharna|160/347|[from] item: Leftovers\n|upkeep\n|turn|9\n|\n|t:|1770135143\n|switch|p1a: Heatran|Heatran, L78, F|270/270\n|move|p2a: Musharna|Moonlight|p2a: Musharna\n|-heal|p2a: Musharna|347/347\n|\n|-weather|SunnyDay|[upkeep]\n|upkeep\n|turn|10\n|c|☆bigcatdimes|had to make a play sry\n|\n|t:|1770135161\n|switch|p1a: Celebi|Celebi, L82|298/298\n|switch|p2a: Alomomola|Alomomola, L85, M|416/419 tox\n|\n|-weather|SunnyDay|[upkeep]\n|-damage|p2a: Alomomola|390/419 tox|[from] psn\n|upkeep\n|turn|11\n|\n|t:|1770135178\n|switch|p2a: Jirachi|Jirachi, L78|284/284\n|move|p1a: Celebi|Stealth Rock|p2a: Jirachi\n|-sidestart|p2: Plop|move: Stealth Rock\n|\n|-weather|none\n|upkeep\n|turn|12\n|c|☆bigcatdimes|young rocks\n|\n|t:|1770135186\n|move|p1a: Celebi|U-turn|p2a: Jirachi\n|-damage|p2a: Jirachi|233/284\n|\n|t:|1770135192\n|switch|p1a: Heatran|Heatran, L78, F|270/270|[from] U-turn\n|move|p2a: Jirachi|Body Slam|p1a: Heatran\n|-resisted|p1a: Heatran\n|-damage|p1a: Heatran|245/270\n|\n|-heal|p2a: Jirachi|250/284|[from] item: Leftovers\n|-heal|p1a: Heatran|261/270|[from] item: Leftovers\n|upkeep\n|turn|13\n|\n|t:|1770135199\n|switch|p2a: Alomomola|Alomomola, L85, M|419/419 tox\n|-damage|p2a: Alomomola|367/419 tox|[from] Stealth Rock\n|move|p1a: Heatran|Magma Storm|p2a: Alomomola\n|-resisted|p2a: Alomomola\n|-crit|p2a: Alomomola\n|-damage|p2a: Alomomola|226/419 tox\n|-activate|p2a: Alomomola|move: Magma Storm|[of] p1a: Heatran\n|\n|-heal|p1a: Heatran|270/270|[from] item: Leftovers\n|-damage|p2a: Alomomola|200/419 tox|[from] psn\n|-damage|p2a: Alomomola|148/419 tox|[from] move: Magma Storm|[partiallytrapped]\n|upkeep\n|turn|14\n|\n|t:|1770135207\n|move|p1a: Heatran|Protect|p1a: Heatran\n|-singleturn|p1a: Heatran|Protect\n|move|p2a: Alomomola|Wish|p2a: Alomomola\n|\n|-damage|p2a: Alomomola|96/419 tox|[from] psn\n|-damage|p2a: Alomomola|44/419 tox|[from] move: Magma Storm|[partiallytrapped]\n|upkeep\n|turn|15\n|\n|t:|1770135216\n|move|p2a: Alomomola|Protect|p2a: Alomomola\n|-singleturn|p2a: Alomomola|Protect\n|move|p1a: Heatran|Toxic|p2a: Alomomola\n|-activate|p2a: Alomomola|move: Protect\n|\n|-heal|p2a: Alomomola|253/419 tox|[from] move: Wish|[wisher] Alomomola\n|-damage|p2a: Alomomola|175/419 tox|[from] psn\n|-damage|p2a: Alomomola|123/419 tox|[from] move: Magma Storm|[partiallytrapped]\n|upkeep\n|turn|16\n|\n|t:|1770135224\n|move|p1a: Heatran|Earth Power|p2a: Alomomola\n|-damage|p2a: Alomomola|16/419 tox\n|move|p2a: Alomomola|Knock Off|p1a: Heatran\n|-damage|p1a: Heatran|212/270\n|-enditem|p1a: Heatran|Leftovers|[from] move: Knock Off|[of] p2a: Alomomola\n|\n|-damage|p2a: Alomomola|0 fnt|[from] psn\n|faint|p2a: Alomomola\n|upkeep\n|c|☆bigcatdimes|gone\n|\n|t:|1770135236\n|switch|p2a: Keldeo|Keldeo-Resolute, L79|273/273\n|-damage|p2a: Keldeo|256/273|[from] Stealth Rock\n|turn|17\n|\n|t:|1770135241\n|switch|p1a: Celebi|Celebi, L82|298/298\n|move|p2a: Keldeo|Substitute|p2a: Keldeo\n|-start|p2a: Keldeo|Substitute\n|-damage|p2a: Keldeo|188/273\n|\n|-heal|p2a: Keldeo|205/273|[from] item: Leftovers\n|upkeep\n|turn|18\n|\n|t:|1770135263\n|move|p2a: Keldeo|Substitute|p2a: Keldeo\n|-fail|p2a: Keldeo|move: Substitute\n|move|p1a: Celebi|U-turn|p2a: Keldeo\n|-resisted|p2a: Keldeo\n|-activate|p2a: Keldeo|move: Substitute|[damage]\n|\n|t:|1770135274\n|switch|p1a: Venusaur|Venusaur, L83, M|268/268|[from] U-turn\n|\n|-heal|p2a: Keldeo|222/273|[from] item: Leftovers\n|upkeep\n|turn|19\n|l| ggghbbb buongio\n|\n|t:|1770135289\n|move|p2a: Keldeo|Scald|p1a: Venusaur\n|-resisted|p1a: Venusaur\n|-damage|p1a: Venusaur|229/268\n|-status|p1a: Venusaur|brn\n|move|p1a: Venusaur|Energy Ball|p2a: Keldeo\n|-supereffective|p2a: Keldeo\n|-end|p2a: Keldeo|Substitute\n|\n|-heal|p2a: Keldeo|239/273|[from] item: Leftovers\n|-heal|p1a: Venusaur|245/268 brn|[from] item: Black Sludge\n|-damage|p1a: Venusaur|212/268 brn|[from] brn\n|upkeep\n|turn|20\n|inactive|Plop has 120 seconds left.\n|\n|t:|1770135324\n|switch|p2a: Charizard|Charizard-Mega-Y, L74, F|237/237\n|-damage|p2a: Charizard|119/237|[from] Stealth Rock\n|-weather|SunnyDay|[from] ability: Drought|[of] p2a: Charizard\n|move|p1a: Venusaur|Energy Ball|p2a: Charizard\n|-resisted|p2a: Charizard\n|-damage|p2a: Charizard|96/237\n|\n|-weather|SunnyDay|[upkeep]\n|-heal|p1a: Venusaur|228/268 brn|[from] item: Black Sludge\n|-damage|p1a: Venusaur|195/268 brn|[from] brn\n|upkeep\n|turn|21\n|inactive|Plop has 120 seconds left.\n|\n|t:|1770135332\n|switch|p1a: Heatran|Heatran, L78, F|212/270\n|move|p2a: Charizard|Roost|p2a: Charizard\n|-heal|p2a: Charizard|215/237\n|-singleturn|p2a: Charizard|move: Roost\n|\n|-weather|SunnyDay|[upkeep]\n|upkeep\n|turn|22\n|inactive|Plop has 120 seconds left.\n|\n|t:|1770135348\n|move|p2a: Charizard|Air Slash|p1a: Heatran|[miss]\n|-miss|p2a: Charizard|p1a: Heatran\n|move|p1a: Heatran|Magma Storm|p2a: Charizard\n|-resisted|p2a: Charizard\n|-damage|p2a: Charizard|137/237\n|-activate|p2a: Charizard|move: Magma Storm|[of] p1a: Heatran\n|\n|-weather|SunnyDay|[upkeep]\n|-damage|p2a: Charizard|108/237|[from] move: Magma Storm|[partiallytrapped]\n|upkeep\n|turn|23\n|\n|t:|1770135361\n|move|p2a: Charizard|Air Slash|p1a: Heatran\n|-resisted|p1a: Heatran\n|-damage|p1a: Heatran|170/270\n|move|p1a: Heatran|Earth Power|p2a: Charizard\n|-immune|p2a: Charizard\n|\n|-weather|SunnyDay|[upkeep]\n|-damage|p2a: Charizard|79/237|[from] move: Magma Storm|[partiallytrapped]\n|upkeep\n|turn|24\n|c|☆bigcatdimes|sry\n|\n|t:|1770135376\n|move|p2a: Charizard|Air Slash|p1a: Heatran\n|-resisted|p1a: Heatran\n|-damage|p1a: Heatran|128/270\n|move|p1a: Heatran|Earth Power|p2a: Charizard\n|-immune|p2a: Charizard\n|\n|-weather|none\n|-damage|p2a: Charizard|50/237|[from] move: Magma Storm|[partiallytrapped]\n|upkeep\n|turn|25\n|\n|t:|1770135382\n|move|p2a: Charizard|Air Slash|p1a: Heatran\n|-resisted|p1a: Heatran\n|-damage|p1a: Heatran|83/270\n|move|p1a: Heatran|Earth Power|p2a: Charizard\n|-immune|p2a: Charizard\n|\n|-damage|p2a: Charizard|21/237|[from] move: Magma Storm|[partiallytrapped]\n|upkeep\n|turn|26\n|\n|t:|1770135389\n|switch|p1a: Manectric|Manectric, L84, F|255/255\n|move|p2a: Charizard|Air Slash|p1a: Manectric\n|-resisted|p1a: Manectric\n|-damage|p1a: Manectric|192/255\n|\n|-end|p2a: Charizard|Magma Storm|[partiallytrapped]\n|upkeep\n|turn|27\n|\n|t:|1770135400\n|switch|p2a: Musharna|Musharna, L88, F|347/347\n|-damage|p2a: Musharna|304/347|[from] Stealth Rock\n|move|p1a: Manectric|Volt Switch|p2a: Musharna\n|-crit|p2a: Musharna\n|-damage|p2a: Musharna|142/347\n|\n|t:|1770135408\n|switch|p1a: Venusaur|Venusaur, L83, M|195/268 brn|[from] Volt Switch\n|\n|-heal|p1a: Venusaur|211/268 brn|[from] item: Black Sludge\n|-heal|p2a: Musharna|163/347|[from] item: Leftovers\n|-damage|p1a: Venusaur|178/268 brn|[from] brn\n|upkeep\n|turn|28\n|\n|t:|1770135412\n|move|p1a: Venusaur|Energy Ball|p2a: Musharna\n|-damage|p2a: Musharna|79/347\n|move|p2a: Musharna|Moonlight|p2a: Musharna\n|-heal|p2a: Musharna|252/347\n|\n|-heal|p1a: Venusaur|194/268 brn|[from] item: Black Sludge\n|-heal|p2a: Musharna|273/347|[from] item: Leftovers\n|-damage|p1a: Venusaur|161/268 brn|[from] brn\n|upkeep\n|turn|29\n|c|☆bigcatdimes|damn\n|\n|t:|1770135425\n|move|p1a: Venusaur|Synthesis|p1a: Venusaur\n|-heal|p1a: Venusaur|268/268 brn\n|move|p2a: Musharna|Psyshock|p1a: Venusaur\n|-supereffective|p1a: Venusaur\n|-damage|p1a: Venusaur|52/268 brn\n|\n|-heal|p1a: Venusaur|68/268 brn|[from] item: Black Sludge\n|-heal|p2a: Musharna|294/347|[from] item: Leftovers\n|-damage|p1a: Venusaur|35/268 brn|[from] brn\n|upkeep\n|turn|30\n|\n|t:|1770135431\n|switch|p1a: Heatran|Heatran, L78, F|83/270\n|move|p2a: Musharna|Psyshock|p1a: Heatran\n|-resisted|p1a: Heatran\n|-damage|p1a: Heatran|38/270\n|\n|-heal|p2a: Musharna|315/347|[from] item: Leftovers\n|upkeep\n|turn|31\n|\n|t:|1770135443\n|switch|p2a: Charizard|Charizard-Mega-Y, L74, F|21/237\n|-damage|p2a: Charizard|0 fnt|[from] Stealth Rock\n|faint|p2a: Charizard\n|detailschange|p2: Charizard|Charizard, L74, F|[silent]\n|move|p1a: Heatran|Toxic|p2: Charizard|[notarget]\n|-fail|p1a: Heatran\n|\n|upkeep\n|\n|t:|1770135450\n|switch|p2a: Keldeo|Keldeo-Resolute, L79|239/273\n|-damage|p2a: Keldeo|222/273|[from] Stealth Rock\n|turn|32\n|\n|t:|1770135458\n|move|p2a: Keldeo|Substitute|p2a: Keldeo\n|-start|p2a: Keldeo|Substitute\n|-damage|p2a: Keldeo|154/273\n|move|p1a: Heatran|Earth Power|p2a: Keldeo\n|-end|p2a: Keldeo|Substitute\n|\n|-heal|p2a: Keldeo|171/273|[from] item: Leftovers\n|upkeep\n|turn|33\n|\n|t:|1770135464\n|move|p2a: Keldeo|Scald|p1a: Heatran\n|-supereffective|p1a: Heatran\n|-damage|p1a: Heatran|0 fnt\n|faint|p1a: Heatran\n|\n|-heal|p2a: Keldeo|188/273|[from] item: Leftovers\n|upkeep\n|\n|t:|1770135468\n|switch|p1a: Manectric|Manectric, L84, F|192/255\n|turn|34\n|\n|t:|1770135483\n|move|p1a: Manectric|Thunderbolt|p2a: Keldeo\n|-supereffective|p2a: Keldeo\n|-damage|p2a: Keldeo|0 fnt\n|faint|p2a: Keldeo\n|\n|upkeep\n|\n|t:|1770135493\n|switch|p2a: Musharna|Musharna, L88, F|315/347\n|-damage|p2a: Musharna|272/347|[from] Stealth Rock\n|turn|35\n|\n|t:|1770135495\n|switch|p1a: Venusaur|Venusaur, L83, M|35/268 brn\n|move|p2a: Musharna|Moonlight|p2a: Musharna\n|-heal|p2a: Musharna|347/347\n|\n|-heal|p1a: Venusaur|51/268 brn|[from] item: Black Sludge\n|-damage|p1a: Venusaur|18/268 brn|[from] brn\n|upkeep\n|turn|36\n|\n|t:|1770135501\n|move|p1a: Venusaur|Sludge Bomb|p2a: Musharna\n|-damage|p2a: Musharna|257/347\n|move|p2a: Musharna|Calm Mind|p2a: Musharna\n|-boost|p2a: Musharna|spa|1\n|-boost|p2a: Musharna|spd|1\n|\n|-heal|p1a: Venusaur|34/268 brn|[from] item: Black Sludge\n|-heal|p2a: Musharna|278/347|[from] item: Leftovers\n|-damage|p1a: Venusaur|1/268 brn|[from] brn\n|upkeep\n|turn|37\n|\n|t:|1770135505\n|move|p1a: Venusaur|Sludge Bomb|p2a: Musharna\n|-damage|p2a: Musharna|220/347\n|move|p2a: Musharna|Moonlight|p2a: Musharna\n|-heal|p2a: Musharna|347/347\n|\n|-heal|p1a: Venusaur|17/268 brn|[from] item: Black Sludge\n|-damage|p1a: Venusaur|0 fnt|[from] brn\n|faint|p1a: Venusaur\n|upkeep\n|\n|t:|1770135512\n|switch|p1a: Diancie|Diancie, L75|184/199\n|turn|38\n|\n|t:|1770135517\n|detailschange|p1a: Diancie|Diancie-Mega, L75\n|-mega|p1a: Diancie|Diancie|Diancite\n|move|p1a: Diancie|Diamond Storm|p2a: Musharna\n|-damage|p2a: Musharna|209/347\n|move|p2a: Musharna|Psyshock|p1a: Diancie\n|-damage|p1a: Diancie|37/199\n|\n|-heal|p2a: Musharna|230/347|[from] item: Leftovers\n|upkeep\n|turn|39\n|\n|t:|1770135524\n|move|p1a: Diancie|Diamond Storm|p2a: Musharna\n|-damage|p2a: Musharna|107/347\n|-boost|p1a: Diancie|def|1\n|move|p2a: Musharna|Moonlight|p2a: Musharna\n|-heal|p2a: Musharna|280/347\n|\n|-heal|p2a: Musharna|301/347|[from] item: Leftovers\n|upkeep\n|turn|40\n|\n|t:|1770135546\n|move|p1a: Diancie|Diamond Storm|p2a: Musharna\n|-damage|p2a: Musharna|163/347\n|-boost|p1a: Diancie|def|1\n|move|p2a: Musharna|Psyshock|p1a: Diancie\n|-crit|p1a: Diancie\n|-damage|p1a: Diancie|0 fnt\n|faint|p1a: Diancie\n|detailschange|p1: Diancie|Diancie, L75|[silent]\n|\n|-heal|p2a: Musharna|184/347|[from] item: Leftovers\n|upkeep\n|\n|t:|1770135554\n|switch|p1a: Manectric|Manectric, L84, F|192/255\n|turn|41\n|c|☆bigcatdimes|young crit\n|\n|t:|1770135570\n|move|p1a: Manectric|Thunderbolt|p2a: Musharna\n|-damage|p2a: Musharna|100/347\n|move|p2a: Musharna|Moonlight|p2a: Musharna\n|-heal|p2a: Musharna|273/347\n|\n|-heal|p2a: Musharna|294/347|[from] item: Leftovers\n|upkeep\n|turn|42\n|\n|t:|1770135574\n|move|p1a: Manectric|Thunderbolt|p2a: Musharna\n|-damage|p2a: Musharna|207/347\n|move|p2a: Musharna|Psyshock|p1a: Manectric\n|-damage|p1a: Manectric|0 fnt\n|faint|p1a: Manectric\n|\n|-heal|p2a: Musharna|228/347|[from] item: Leftovers\n|upkeep\n|\n|t:|1770135578\n|switch|p1a: Celebi|Celebi, L82|298/298\n|turn|43\n|\n|t:|1770135585\n|move|p1a: Celebi|U-turn|p2a: Musharna\n|-supereffective|p2a: Musharna\n|-damage|p2a: Musharna|140/347\n|move|p2a: Musharna|Moonlight|p2a: Musharna\n|-heal|p2a: Musharna|313/347\n|\n|-heal|p2a: Musharna|334/347|[from] item: Leftovers\n|upkeep\n|turn|44\n|\n|t:|1770135589\n|move|p1a: Celebi|U-turn|p2a: Musharna\n|-supereffective|p2a: Musharna\n|-crit|p2a: Musharna\n|-damage|p2a: Musharna|192/347\n|move|p2a: Musharna|Calm Mind|p2a: Musharna\n|-boost|p2a: Musharna|spa|1\n|-boost|p2a: Musharna|spd|1\n|\n|-heal|p2a: Musharna|213/347|[from] item: Leftovers\n|upkeep\n|turn|45\n|\n|t:|1770135593\n|move|p1a: Celebi|U-turn|p2a: Musharna\n|-supereffective|p2a: Musharna\n|-damage|p2a: Musharna|115/347\n|move|p2a: Musharna|Moonlight|p2a: Musharna\n|-heal|p2a: Musharna|288/347\n|\n|-heal|p2a: Musharna|309/347|[from] item: Leftovers\n|upkeep\n|turn|46\n|\n|t:|1770135598\n|move|p1a: Celebi|U-turn|p2a: Musharna\n|-supereffective|p2a: Musharna\n|-damage|p2a: Musharna|209/347\n|move|p2a: Musharna|Calm Mind|p2a: Musharna\n|-boost|p2a: Musharna|spa|1\n|-boost|p2a: Musharna|spd|1\n|\n|-heal|p2a: Musharna|230/347|[from] item: Leftovers\n|upkeep\n|turn|47\n|\n|t:|1770135608\n|move|p1a: Celebi|U-turn|p2a: Musharna\n|-supereffective|p2a: Musharna\n|-damage|p2a: Musharna|130/347\n|move|p2a: Musharna|Psyshock|p1a: Celebi\n|-resisted|p1a: Celebi\n|-damage|p1a: Celebi|189/298\n|\n|-heal|p1a: Celebi|207/298|[from] item: Leftovers\n|-heal|p2a: Musharna|151/347|[from] item: Leftovers\n|upkeep\n|turn|48\n|\n|t:|1770135615\n|move|p1a: Celebi|U-turn|p2a: Musharna\n|-supereffective|p2a: Musharna\n|-damage|p2a: Musharna|49/347\n|move|p2a: Musharna|Psyshock|p1a: Celebi\n|-resisted|p1a: Celebi\n|-damage|p1a: Celebi|98/298\n|\n|-heal|p1a: Celebi|116/298|[from] item: Leftovers\n|-heal|p2a: Musharna|70/347|[from] item: Leftovers\n|upkeep\n|turn|49\n|\n|t:|1770135619\n|move|p1a: Celebi|Recover|p1a: Celebi\n|-heal|p1a: Celebi|265/298\n|move|p2a: Musharna|Psyshock|p1a: Celebi\n|-resisted|p1a: Celebi\n|-damage|p1a: Celebi|155/298\n|\n|-heal|p1a: Celebi|173/298|[from] item: Leftovers\n|-heal|p2a: Musharna|91/347|[from] item: Leftovers\n|upkeep\n|turn|50\n|\n|t:|1770135638\n|move|p1a: Celebi|Recover|p1a: Celebi\n|-heal|p1a: Celebi|298/298\n|move|p2a: Musharna|Psyshock|p1a: Celebi\n|-resisted|p1a: Celebi\n|-crit|p1a: Celebi\n|-damage|p1a: Celebi|136/298\n|\n|-heal|p1a: Celebi|154/298|[from] item: Leftovers\n|-heal|p2a: Musharna|112/347|[from] item: Leftovers\n|upkeep\n|turn|51\n|\n|t:|1770135643\n|move|p1a: Celebi|Recover|p1a: Celebi\n|-heal|p1a: Celebi|298/298\n|move|p2a: Musharna|Psyshock|p1a: Celebi\n|-resisted|p1a: Celebi\n|-damage|p1a: Celebi|190/298\n|\n|-heal|p1a: Celebi|208/298|[from] item: Leftovers\n|-heal|p2a: Musharna|133/347|[from] item: Leftovers\n|upkeep\n|turn|52\n|\n|t:|1770135647\n|move|p1a: Celebi|U-turn|p2a: Musharna\n|-supereffective|p2a: Musharna\n|-damage|p2a: Musharna|33/347\n|move|p2a: Musharna|Psyshock|p1a: Celebi\n|-resisted|p1a: Celebi\n|-damage|p1a: Celebi|93/298\n|\n|-heal|p1a: Celebi|111/298|[from] item: Leftovers\n|-heal|p2a: Musharna|54/347|[from] item: Leftovers\n|upkeep\n|turn|53\n|\n|t:|1770135651\n|move|p1a: Celebi|Recover|p1a: Celebi\n|-heal|p1a: Celebi|260/298\n|move|p2a: Musharna|Psyshock|p1a: Celebi\n|-resisted|p1a: Celebi\n|-damage|p1a: Celebi|154/298\n|\n|-heal|p1a: Celebi|172/298|[from] item: Leftovers\n|-heal|p2a: Musharna|75/347|[from] item: Leftovers\n|upkeep\n|turn|54\n|\n|t:|1770135656\n|move|p1a: Celebi|U-turn|p2a: Musharna\n|-supereffective|p2a: Musharna\n|-damage|p2a: Musharna|0 fnt\n|faint|p2a: Musharna\n|\n|-heal|p1a: Celebi|190/298|[from] item: Leftovers\n|upkeep\n|\n|t:|1770135658\n|switch|p2a: Aegislash|Aegislash, L78, F|222/222\n|-damage|p2a: Aegislash|209/222|[from] Stealth Rock\n|turn|55\n|\n|t:|1770135663\n|move|p1a: Celebi|Recover|p1a: Celebi\n|-heal|p1a: Celebi|298/298\n|move|p2a: Aegislash|Toxic|p1a: Celebi|[miss]\n|-miss|p2a: Aegislash|p1a: Celebi\n|\n|-heal|p2a: Aegislash|222/222|[from] item: Leftovers\n|upkeep\n|turn|56\n|-message|bigcatdimes forfeited.\n|\n|win|Plop\n|raw|bigcatdimes's rating: 1562 &rarr; <strong>1550</strong><br />(-12 for losing)\n|raw|Plop's rating: 1714 &rarr; <strong>1726</strong><br />(+12 for winning)\n|l|☆bigcatdimes\n|player|p1|\n", "inputlog": ">version ccdc32dd7cde25fd9e4bed64820e885f66e78a4e\n>start {\"formatid\":\"gen6randombattle\",\"seed\":\"sodium,c8ac8c1511c2832d9729168764c8d210\",\"rated\":\"Rated battle\"}\n>player p1 {\"name\":\"bigcatdimes\",\"avatar\":\"2\",\"rating\":1562,\"seed\":\"sodium,b92659fc4329d8ade3dc26c243c5963d\"}\n>player p2 {\"name\":\"Plop\",\"avatar\":\"#rbtt9travelers\",\"rating\":1714,\"seed\":\"sodium,0a3b2816f7bc3a4ba2c652d7a7df79f5\"}\n>chat ☆bigcatdimes|gg\n>p1 move toxic\n>p2 switch 5\n>p1 move protect\n>p2 move knockoff\n>p1 switch 5\n>p2 move knockoff\n>p1 switch 6\n>p2 switch 2\n>p1 move scald\n>p2 switch 2\n>p1 move dragontail\n>p2 move knockoff\n>p1 move recover\n>p2 move solarbeam mega\n>chat ☆bigcatdimes|damn\n>p1 switch 3\n>p1 move thunderbolt\n>p2 switch 5\n>p1 switch 5\n>p2 move moonlight\n>chat ☆bigcatdimes|had to make a play sry\n>p1 switch 4\n>p2 switch 6\n>p1 move stealthrock\n>p2 switch 2\n>chat ☆bigcatdimes|young rocks\n>p1 move uturn\n>p2 move bodyslam\n>p1 switch 4\n>p1 move magmastorm\n>p2 switch 2\n>p1 move protect\n>p2 move wish\n>p1 move toxic\n>p2 move protect\n>p1 move earthpower\n>p2 move knockoff\n>chat ☆bigcatdimes|gone\n>p2 switch 4\n>p1 switch 4\n>p2 move substitute\n>p1 move uturn\n>p2 move substitute\n>p1 switch 2\n>p1 move energyball\n>p2 move scald\n>p1 move energyball\n>p2 switch 5\n>p1 switch 4\n>p2 move roost\n>p1 move magmastorm\n>p2 move airslash\n>p1 move earthpower\n>p2 move airslash\n>chat ☆bigcatdimes|sry\n>p1 move earthpower\n>p2 move airslash\n>p1 move earthpower\n>p2 move airslash\n>p1 switch 5\n>p2 move airslash\n>p1 move voltswitch\n>p2 switch 6\n>p1 switch 4\n>p1 move energyball\n>p2 move moonlight\n>chat ☆bigcatdimes|damn\n>p1 move synthesis\n>p2 move psyshock\n>p1 switch 5\n>p2 move psyshock\n>p1 move toxic\n>p2 switch 6\n>p2 switch 5\n>p1 move earthpower\n>p2 move substitute\n>p1 move earthpower\n>p2 move scald\n>p1 switch 4\n>p1 move thunderbolt\n>p2 move scald\n>p2 switch 6\n>p1 switch 5\n>p2 move moonlight\n>p1 move sludgebomb\n>p2 move calmmind\n>p1 move sludgebomb\n>p2 move moonlight\n>p1 switch 6\n>p1 move diamondstorm mega\n>p2 move psyshock\n>p1 move diamondstorm\n>p2 move moonlight\n>p1 move diamondstorm\n>p2 move psyshock\n>p1 switch 5\n>chat ☆bigcatdimes|young crit\n>p1 move thunderbolt\n>p2 move moonlight\n>p1 move thunderbolt\n>p2 move psyshock\n>p1 switch 2\n>p1 move uturn\n>p2 move moonlight\n>p1 move uturn\n>p2 move calmmind\n>p1 move uturn\n>p2 move moonlight\n>p1 move uturn\n>p2 move calmmind\n>p1 move uturn\n>p2 move psyshock\n>p1 move uturn\n>p2 move psyshock\n>p1 move recover\n>p2 move psyshock\n>p1 move recover\n>p2 move psyshock\n>p1 move recover\n>p2 move psyshock\n>p1 move uturn\n>p2 move psyshock\n>p1 move recover\n>p2 move psyshock\n>p1 move uturn\n>p2 move psyshock\n>p2 switch 3\n>p1 move recover\n>p2 move toxic\n>forcelose p1", "uploadtime": 1770135673, "views": 239, "formatid": "gen6randombattle", "rating": 1550, "private": 0, "password": null}