{"id": "gen6randombattle-2539187140", "format": "[Gen 6] Random Battle", "players": ["arboretums", "wartart218"], "log": "|j|☆arboretums\n|j|☆wartart218\n|t:|1771020694\n|gametype|singles\n|player|p1|arboretums|serena-masters2|1676\n|player|p2|wartart218|102|1528\n|gen|6\n|tier|[Gen 6] Random Battle\n|rated|\n|rule|Sleep Clause Mod: Limit one foe put to sleep\n|rule|HP Percentage Mod: HP is shown in percentages\n|rule|Illusion Level Mod: Illusion disguises the Pokémon's true level\n|\n|t:|1771020694\n|teamsize|p1|6\n|teamsize|p2|6\n|start\n|switch|p1a: Pyroar|Pyroar, L86, F|288/288\n|switch|p2a: Ariados|Ariados, L91, M|275/275\n|-ability|p1a: Pyroar|Unnerve\n|turn|1\n|inactive|Battle timer is ON: inactive players will automatically lose when time's up. (requested by arboretums)\n|\n|t:|1771020716\n|switch|p2a: Poliwrath|Poliwrath, L89, F|305/305\n|move|p1a: Pyroar|Fire Blast|p2a: Poliwrath\n|-resisted|p2a: Poliwrath\n|-damage|p2a: Poliwrath|227/305\n|-damage|p1a: Pyroar|260/288|[from] item: Life Orb\n|\n|-heal|p2a: Poliwrath|246/305|[from] item: Leftovers\n|upkeep\n|turn|2\n|\n|t:|1771020737\n|switch|p1a: Exeggutor|Exeggutor, L92, F|324/324\n|move|p2a: Poliwrath|Circle Throw|p1a: Exeggutor\n|-resisted|p1a: Exeggutor\n|-damage|p1a: Exeggutor|289/324\n|drag|p1a: Pyroar|Pyroar, L86, F|260/288\n|-ability|p1a: Pyroar|Unnerve\n|\n|-heal|p2a: Poliwrath|265/305|[from] item: Leftovers\n|upkeep\n|turn|3\n|\n|t:|1771020750\n|switch|p1a: Exeggutor|Exeggutor, L92, F|289/324\n|move|p2a: Poliwrath|Circle Throw|p1a: Exeggutor\n|-resisted|p1a: Exeggutor\n|-damage|p1a: Exeggutor|254/324\n|drag|p1a: Diggersby|Diggersby, L81, F|270/270\n|\n|-heal|p2a: Poliwrath|284/305|[from] item: Leftovers\n|upkeep\n|turn|4\n|\n|t:|1771020762\n|move|p1a: Diggersby|Return|p2a: Poliwrath\n|-damage|p2a: Poliwrath|164/305\n|move|p2a: Poliwrath|Circle Throw|p1a: Diggersby\n|-supereffective|p1a: Diggersby\n|-crit|p1a: Diggersby\n|-damage|p1a: Diggersby|46/270\n|drag|p1a: Glaceon|Glaceon, L91, F|266/266\n|\n|-heal|p2a: Poliwrath|183/305|[from] item: Leftovers\n|upkeep\n|turn|5\n|\n|t:|1771020774\n|switch|p1a: Exeggutor|Exeggutor, L92, F|254/324\n|move|p2a: Poliwrath|Circle Throw|p1a: Exeggutor\n|-resisted|p1a: Exeggutor\n|-damage|p1a: Exeggutor|221/324\n|drag|p1a: Luvdisc|Luvdisc, M|248/248\n|\n|-heal|p2a: Poliwrath|202/305|[from] item: Leftovers\n|upkeep\n|turn|6\n|\n|t:|1771020784\n|move|p1a: Luvdisc|Toxic|p2a: Poliwrath\n|-status|p2a: Poliwrath|tox\n|move|p2a: Poliwrath|Circle Throw|p1a: Luvdisc\n|-damage|p1a: Luvdisc|167/248\n|drag|p1a: Exeggutor|Exeggutor, L92, F|221/324\n|\n|-heal|p2a: Poliwrath|221/305 tox|[from] item: Leftovers\n|-damage|p2a: Poliwrath|202/305 tox|[from] psn\n|upkeep\n|turn|7\n|\n|t:|1771020796\n|switch|p2a: Ariados|Ariados, L91, M|275/275\n|move|p1a: Exeggutor|Psychic|p2a: Ariados\n|-supereffective|p2a: Ariados\n|-enditem|p2a: Ariados|Focus Sash\n|-damage|p2a: Ariados|1/275\n|\n|upkeep\n|turn|8\n|\n|t:|1771020809\n|move|p1a: Exeggutor|Giga Drain|p2a: Ariados\n|-resisted|p2a: Ariados\n|-crit|p2a: Ariados\n|-damage|p2a: Ariados|0 fnt\n|-heal|p1a: Exeggutor|222/324|[from] drain|[of] p2a: Ariados\n|faint|p2a: Ariados\n|\n|upkeep\n|inactive|wartart218 has 120 seconds left.\n|\n|t:|1771020829\n|switch|p2a: Jumpluff|Jumpluff, L90, M|281/281\n|turn|9\n|j| Omgebhonyel\n|\n|t:|1771020840\n|switch|p1a: Glaceon|Glaceon, L91, F|266/266\n|move|p2a: Jumpluff|Acrobatics|p1a: Glaceon\n|-damage|p1a: Glaceon|200/266\n|\n|-heal|p1a: Glaceon|216/266|[from] item: Leftovers\n|upkeep\n|turn|10\n|inactive|wartart218 has 120 seconds left.\n|\n|t:|1771020857\n|switch|p2a: Poliwrath|Poliwrath, L89, F|202/305 tox\n|move|p1a: Glaceon|Ice Beam|p2a: Poliwrath\n|-resisted|p2a: Poliwrath\n|-damage|p2a: Poliwrath|136/305 tox\n|\n|-heal|p2a: Poliwrath|155/305 tox|[from] item: Leftovers\n|-heal|p1a: Glaceon|232/266|[from] item: Leftovers\n|-damage|p2a: Poliwrath|136/305 tox|[from] psn\n|upkeep\n|turn|11\n|inactive|wartart218 has 120 seconds left.\n|\n|t:|1771020868\n|move|p1a: Glaceon|Protect|p1a: Glaceon\n|-singleturn|p1a: Glaceon|Protect\n|move|p2a: Poliwrath|Rest|p2a: Poliwrath\n|-status|p2a: Poliwrath|slp|[from] move: Rest\n|-heal|p2a: Poliwrath|305/305 slp|[silent]\n|\n|-heal|p1a: Glaceon|248/266|[from] item: Leftovers\n|upkeep\n|turn|12\n|\n|t:|1771020878\n|switch|p1a: Exeggutor|Exeggutor, L92, F|222/324\n|cant|p2a: Poliwrath|slp\n|move|p2a: Poliwrath|Sleep Talk|p2a: Poliwrath\n|move|p2a: Poliwrath|Scald|p1a: Exeggutor|[from] move: Sleep Talk\n|-resisted|p1a: Exeggutor\n|-damage|p1a: Exeggutor|177/324\n|\n|upkeep\n|turn|13\n|\n|t:|1771020892\n|switch|p2a: Aegislash|Aegislash, L78, F|222/222\n|move|p1a: Exeggutor|Substitute|p1a: Exeggutor\n|-start|p1a: Exeggutor|Substitute\n|-damage|p1a: Exeggutor|96/324\n|-enditem|p1a: Exeggutor|Sitrus Berry|[eat]\n|-heal|p1a: Exeggutor|177/324|[from] item: Sitrus Berry\n|\n|-item|p1a: Exeggutor|Sitrus Berry|[from] ability: Harvest\n|upkeep\n|turn|14\n|\n|t:|1771020904\n|-formechange|p2a: Aegislash|Aegislash-Blade||[from] ability: Stance Change\n|move|p2a: Aegislash|Shadow Sneak|p1a: Exeggutor\n|-supereffective|p1a: Exeggutor\n|-end|p1a: Exeggutor|Substitute\n|-damage|p2a: Aegislash|200/222|[from] item: Life Orb\n|move|p1a: Exeggutor|Leech Seed|p2a: Aegislash\n|-start|p2a: Aegislash|move: Leech Seed\n|\n|-damage|p2a: Aegislash|173/222|[from] Leech Seed|[of] p1a: Exeggutor\n|-heal|p1a: Exeggutor|204/324|[silent]\n|upkeep\n|turn|15\n|\n|t:|1771020917\n|move|p2a: Aegislash|Shadow Sneak|p1a: Exeggutor\n|-supereffective|p1a: Exeggutor\n|-damage|p1a: Exeggutor|61/324\n|-enditem|p1a: Exeggutor|Sitrus Berry|[eat]\n|-heal|p1a: Exeggutor|142/324|[from] item: Sitrus Berry\n|-damage|p2a: Aegislash|151/222|[from] item: Life Orb\n|move|p1a: Exeggutor|Giga Drain|p2a: Aegislash\n|-resisted|p2a: Aegislash\n|-damage|p2a: Aegislash|58/222\n|-heal|p1a: Exeggutor|189/324|[from] drain|[of] p2a: Aegislash\n|\n|-damage|p2a: Aegislash|31/222|[from] Leech Seed|[of] p1a: Exeggutor\n|-heal|p1a: Exeggutor|216/324|[silent]\n|upkeep\n|turn|16\n|inactive|wartart218 has 120 seconds left.\n|\n|t:|1771020934\n|switch|p2a: Weezing|Weezing, L86, F|252/252\n|move|p1a: Exeggutor|Substitute|p1a: Exeggutor\n|-start|p1a: Exeggutor|Substitute\n|-damage|p1a: Exeggutor|135/324\n|\n|-item|p1a: Exeggutor|Sitrus Berry|[from] ability: Harvest\n|upkeep\n|-enditem|p1a: Exeggutor|Sitrus Berry|[eat]\n|-heal|p1a: Exeggutor|216/324|[from] item: Sitrus Berry\n|turn|17\n|inactive|wartart218 has 120 seconds left.\n|\n|t:|1771020947\n|move|p1a: Exeggutor|Psychic|p2a: Weezing\n|-supereffective|p2a: Weezing\n|-damage|p2a: Weezing|0 fnt\n|faint|p2a: Weezing\n|\n|-item|p1a: Exeggutor|Sitrus Berry|[from] ability: Harvest\n|upkeep\n|inactive|wartart218 has 120 seconds left.\n|\n|t:|1771020961\n|switch|p2a: Ambipom|Ambipom, L83, F|260/260\n|turn|18\n|inactive|wartart218 has 120 seconds left.\n|\n|t:|1771020967\n|move|p2a: Ambipom|Knock Off|p1a: Exeggutor\n|-supereffective|p1a: Exeggutor\n|-crit|p1a: Exeggutor\n|-end|p1a: Exeggutor|Substitute\n|move|p1a: Exeggutor|Giga Drain|p2a: Ambipom\n|-damage|p2a: Ambipom|118/260\n|-heal|p1a: Exeggutor|287/324|[from] drain|[of] p2a: Ambipom\n|\n|upkeep\n|turn|19\n|\n|t:|1771020975\n|move|p2a: Ambipom|Knock Off|p1a: Exeggutor\n|-supereffective|p1a: Exeggutor\n|-damage|p1a: Exeggutor|103/324\n|-enditem|p1a: Exeggutor|Sitrus Berry|[from] move: Knock Off|[of] p2a: Ambipom\n|move|p1a: Exeggutor|Giga Drain|p2a: Ambipom\n|-damage|p2a: Ambipom|0 fnt\n|-heal|p1a: Exeggutor|162/324|[from] drain|[of] p2a: Ambipom\n|faint|p2a: Ambipom\n|\n|upkeep\n|inactive|wartart218 has 120 seconds left.\n|\n|t:|1771020987\n|switch|p2a: Jumpluff|Jumpluff, L90, M|281/281\n|turn|20\n|\n|t:|1771020995\n|switch|p1a: Glaceon|Glaceon, L91, F|248/266\n|move|p2a: Jumpluff|Sleep Powder|p1a: Glaceon\n|-status|p1a: Glaceon|slp|[from] move: Sleep Powder\n|\n|-heal|p1a: Glaceon|264/266 slp|[from] item: Leftovers\n|upkeep\n|turn|21\n|\n|t:|1771021008\n|switch|p2a: Aegislash|Aegislash, L78, F|31/222\n|switch|p1a: Pyroar|Pyroar, L86, F|260/288\n|-ability|p1a: Pyroar|Unnerve\n|\n|upkeep\n|turn|22\n|\n|t:|1771021025\n|switch|p2a: Poliwrath|Poliwrath, L89, F|305/305 slp\n|move|p1a: Pyroar|Sunny Day|p1a: Pyroar\n|-weather|SunnyDay\n|\n|-weather|SunnyDay|[upkeep]\n|upkeep\n|turn|23\n|\n|t:|1771021033\n|move|p1a: Pyroar|Solar Beam||[still]\n|-prepare|p1a: Pyroar|Solar Beam\n|-anim|p1a: Pyroar|Solar Beam|p2a: Poliwrath\n|-supereffective|p2a: Poliwrath\n|-crit|p2a: Poliwrath\n|-damage|p2a: Poliwrath|0 fnt\n|faint|p2a: Poliwrath\n|-damage|p1a: Pyroar|232/288|[from] item: Life Orb\n|\n|-weather|SunnyDay|[upkeep]\n|upkeep\n|\n|t:|1771021044\n|switch|p2a: Jumpluff|Jumpluff, L90, M|281/281\n|turn|24\n|\n|t:|1771021051\n|move|p2a: Jumpluff|Encore|p1a: Pyroar\n|-start|p1a: Pyroar|Encore\n|move|p1a: Pyroar|Solar Beam||[still]\n|-prepare|p1a: Pyroar|Solar Beam\n|-anim|p1a: Pyroar|Solar Beam|p2a: Jumpluff\n|-resisted|p2a: Jumpluff\n|-damage|p2a: Jumpluff|256/281\n|-damage|p1a: Pyroar|204/288|[from] item: Life Orb\n|\n|-weather|SunnyDay|[upkeep]\n|upkeep\n|turn|25\n|\n|t:|1771021063\n|switch|p1a: Glaceon|Glaceon, L91, F|264/266 slp\n|move|p2a: Jumpluff|Acrobatics|p1a: Glaceon\n|-damage|p1a: Glaceon|192/266 slp\n|\n|-weather|SunnyDay|[upkeep]\n|-heal|p1a: Glaceon|208/266 slp|[from] item: Leftovers\n|upkeep\n|turn|26\n|\n|t:|1771021072\n|move|p2a: Jumpluff|Acrobatics|p1a: Glaceon\n|-damage|p1a: Glaceon|139/266 slp\n|cant|p1a: Glaceon|slp\n|\n|-weather|none\n|-heal|p1a: Glaceon|155/266 slp|[from] item: Leftovers\n|upkeep\n|turn|27\n|\n|t:|1771021083\n|move|p2a: Jumpluff|Acrobatics|p1a: Glaceon\n|-damage|p1a: Glaceon|88/266 slp\n|cant|p1a: Glaceon|slp\n|\n|-heal|p1a: Glaceon|104/266 slp|[from] item: Leftovers\n|upkeep\n|turn|28\n|\n|t:|1771021091\n|move|p2a: Jumpluff|Acrobatics|p1a: Glaceon\n|-damage|p1a: Glaceon|40/266 slp\n|-curestatus|p1a: Glaceon|slp|[msg]\n|move|p1a: Glaceon|Ice Beam|p2a: Jumpluff\n|-supereffective|p2a: Jumpluff\n|-damage|p2a: Jumpluff|0 fnt\n|faint|p2a: Jumpluff\n|\n|-heal|p1a: Glaceon|56/266|[from] item: Leftovers\n|upkeep\n|\n|t:|1771021102\n|switch|p2a: Aegislash|Aegislash, L78, F|31/222\n|turn|29\n|\n|t:|1771021107\n|-formechange|p2a: Aegislash|Aegislash-Blade||[from] ability: Stance Change\n|move|p2a: Aegislash|Shadow Sneak|p1a: Glaceon\n|-damage|p1a: Glaceon|1/266\n|-damage|p2a: Aegislash|9/222|[from] item: Life Orb\n|move|p1a: Glaceon|Ice Beam|p2a: Aegislash\n|-resisted|p2a: Aegislash\n|-crit|p2a: Aegislash\n|-damage|p2a: Aegislash|0 fnt\n|faint|p2a: Aegislash\n|\n|win|arboretums\n|raw|arboretums's rating: 1676 &rarr; <strong>1688</strong><br />(+12 for winning)\n|raw|wartart218's rating: 1528 &rarr; <strong>1516</strong><br />(-12 for losing)\n", "inputlog": ">version ccdc32dd7cde25fd9e4bed64820e885f66e78a4e\n>start {\"formatid\":\"gen6randombattle\",\"seed\":\"sodium,0be0290845ab043ef1d52b12ac9e58d7\",\"rated\":\"Rated battle\"}\n>player p1 {\"name\":\"arboretums\",\"avatar\":\"serena-masters2\",\"rating\":1676,\"seed\":\"sodium,5fcca42d6ddd8c9d58f0c64267a97b45\"}\n>player p2 {\"name\":\"wartart218\",\"avatar\":\"102\",\"rating\":1528,\"seed\":\"sodium,5096b964013e2ac604546527f50f5e1c\"}\n>p1 move fireblast\n>p2 switch 6\n>p1 switch 4\n>p2 move circlethrow\n>p1 switch 4\n>p2 move circlethrow\n>p1 move return\n>p2 move circlethrow\n>p1 switch 6\n>p2 move circlethrow\n>p1 move toxic\n>p2 move circlethrow\n>p1 move psychic\n>p2 switch 6\n>p1 move gigadrain\n>p2 move stickyweb\n>p2 switch 4\n>p1 switch 6\n>p2 move acrobatics\n>p1 move icebeam\n>p2 switch 6\n>p1 move protect\n>p2 move rest\n>p1 switch 6\n>p2 move sleeptalk\n>p1 move substitute\n>p2 switch 3\n>p1 move leechseed\n>p2 move shadowsneak\n>p1 move gigadrain\n>p2 move shadowsneak\n>p1 move substitute\n>p2 switch 2\n>p1 move psychic\n>p2 move sludgebomb\n>p2 switch 5\n>p1 move gigadrain\n>p2 move knockoff\n>p1 move gigadrain\n>p2 move knockoff\n>p2 switch 6\n>p1 switch 6\n>p2 move sleeppowder\n>p1 switch 4\n>p2 switch 2\n>p1 move sunnyday\n>p2 switch 3\n>p1 move solarbeam\n>p2 move sleeptalk\n>p2 switch 2\n>p1 move fireblast\n>p2 move encore\n>p1 switch 4\n>p2 move acrobatics\n>p1 move icebeam\n>p2 move acrobatics\n>p1 move icebeam\n>p2 move acrobatics\n>p1 move icebeam\n>p2 move acrobatics\n>p2 switch 3\n>p1 move icebeam\n>p2 move shadowsneak", "uploadtime": 1771021108, "views": 180, "formatid": "gen6randombattle", "rating": 1516, "private": 0, "password": null}