{"id": "gen6randombattle-2527757797", "format": "[Gen 6] Random Battle", "players": ["biochemxy", "OmaCha22"], "log": "|j|☆biochemxy\n|j|☆OmaCha22\n|t:|1769572919\n|gametype|singles\n|player|p1|biochemxy|2|1539\n|player|p2|OmaCha22|101|1555\n|gen|6\n|tier|[Gen 6] Random Battle\n|rated|\n|rule|Sleep Clause Mod: Limit one foe put to sleep\n|rule|HP Percentage Mod: HP is shown in percentages\n|rule|Illusion Level Mod: Illusion disguises the Pokémon's true level\n|\n|t:|1769572919\n|teamsize|p1|6\n|teamsize|p2|6\n|start\n|switch|p1a: Gliscor|Gliscor, L77, M|242/242\n|switch|p2a: Thundurus|Thundurus, L78, M|251/251\n|turn|1\n|inactive|Battle timer is ON: inactive players will automatically lose when time's up. (requested by OmaCha22)\n|\n|t:|1769572949\n|switch|p2a: Wormadam|Wormadam-Trash, L88, F|249/249\n|switch|p1a: Dedenne|Dedenne, L89, M|264/264\n|\n|upkeep\n|turn|2\n|\n|t:|1769572960\n|move|p2a: Wormadam|Protect|p2a: Wormadam\n|-singleturn|p2a: Wormadam|Protect\n|move|p1a: Dedenne|Thunderbolt|p2a: Wormadam\n|-activate|p2a: Wormadam|move: Protect\n|\n|upkeep\n|turn|3\n|\n|t:|1769572987\n|move|p1a: Dedenne|U-turn|p2a: Wormadam\n|-resisted|p2a: Wormadam\n|-damage|p2a: Wormadam|231/249\n|\n|t:|1769572990\n|switch|p1a: Gliscor|Gliscor, L77, M|242/242|[from] U-turn\n|move|p2a: Wormadam|Toxic|p1a: Gliscor\n|-status|p1a: Gliscor|tox\n|\n|-heal|p2a: Wormadam|246/249|[from] item: Leftovers\n|upkeep\n|turn|4\n|\n|t:|1769573000\n|move|p1a: Gliscor|Swords Dance|p1a: Gliscor\n|-boost|p1a: Gliscor|atk|2\n|move|p2a: Wormadam|Stealth Rock|p1a: Gliscor\n|-sidestart|p1: biochemxy|move: Stealth Rock\n|\n|-heal|p2a: Wormadam|249/249|[from] item: Leftovers\n|upkeep\n|turn|5\n|\n|t:|1769573008\n|move|p1a: Gliscor|Earthquake|p2a: Wormadam\n|-damage|p2a: Wormadam|83/249\n|move|p2a: Wormadam|Flash Cannon|p1a: Gliscor\n|-crit|p1a: Gliscor\n|-damage|p1a: Gliscor|101/242 tox\n|\n|-heal|p2a: Wormadam|98/249|[from] item: Leftovers\n|-heal|p1a: Gliscor|131/242 tox|[from] ability: Poison Heal\n|upkeep\n|turn|6\n|\n|t:|1769573025\n|move|p1a: Gliscor|Roost|p1a: Gliscor\n|-heal|p1a: Gliscor|242/242 tox\n|-singleturn|p1a: Gliscor|move: Roost\n|move|p2a: Wormadam|Flash Cannon|p1a: Gliscor\n|-damage|p1a: Gliscor|160/242 tox\n|\n|-heal|p2a: Wormadam|113/249|[from] item: Leftovers\n|-heal|p1a: Gliscor|190/242 tox|[from] ability: Poison Heal\n|upkeep\n|turn|7\n|\n|t:|1769573037\n|move|p1a: Gliscor|Earthquake|p2a: Wormadam\n|-damage|p2a: Wormadam|0 fnt\n|faint|p2a: Wormadam\n|\n|-heal|p1a: Gliscor|220/242 tox|[from] ability: Poison Heal\n|upkeep\n|\n|t:|1769573042\n|switch|p2a: Yveltal|Yveltal, L69|287/287\n|-ability|p2a: Yveltal|Dark Aura\n|turn|8\n|\n|t:|1769573047\n|move|p1a: Gliscor|Facade|p2a: Yveltal\n|-damage|p2a: Yveltal|100/287\n|-damage|p1a: Gliscor|180/242 tox|[from] item: Rocky Helmet|[of] p2a: Yveltal\n|move|p2a: Yveltal|Knock Off|p1a: Gliscor\n|-damage|p1a: Gliscor|74/242 tox\n|-enditem|p1a: Gliscor|Toxic Orb|[from] move: Knock Off|[of] p2a: Yveltal\n|\n|-heal|p1a: Gliscor|104/242 tox|[from] ability: Poison Heal\n|upkeep\n|turn|9\n|\n|t:|1769573059\n|move|p1a: Gliscor|Roost|p1a: Gliscor\n|-heal|p1a: Gliscor|225/242 tox\n|-singleturn|p1a: Gliscor|move: Roost\n|move|p2a: Yveltal|Taunt|p1a: Gliscor\n|-start|p1a: Gliscor|move: Taunt\n|\n|-heal|p1a: Gliscor|242/242 tox|[from] ability: Poison Heal\n|upkeep\n|turn|10\n|\n|t:|1769573069\n|move|p1a: Gliscor|Facade|p2a: Yveltal\n|-crit|p2a: Yveltal\n|-damage|p2a: Yveltal|0 fnt\n|-damage|p1a: Gliscor|202/242 tox|[from] item: Rocky Helmet|[of] p2a: Yveltal\n|faint|p2a: Yveltal\n|\n|-heal|p1a: Gliscor|232/242 tox|[from] ability: Poison Heal\n|upkeep\n|\n|t:|1769573077\n|switch|p2a: Simisear|Simisear, L88, M|275/275\n|turn|11\n|\n|t:|1769573096\n|move|p2a: Simisear|Fire Blast|p1a: Gliscor\n|-damage|p1a: Gliscor|70/242 tox\n|move|p1a: Gliscor|Earthquake|p2a: Simisear\n|-supereffective|p2a: Simisear\n|-damage|p2a: Simisear|0 fnt\n|faint|p2a: Simisear\n|\n|-heal|p1a: Gliscor|100/242 tox|[from] ability: Poison Heal\n|upkeep\n|\n|t:|1769573108\n|switch|p2a: Primeape|Primeape, L87, F|255/255\n|turn|12\n|\n|t:|1769573113\n|switch|p1a: Banette|Banette, L87, F|253/253\n|-damage|p1a: Banette|222/253|[from] Stealth Rock\n|-item|p2a: Primeape|Life Orb|[from] ability: Frisk|[of] p1a: Banette\n|move|p2a: Primeape|Close Combat|p1a: Banette\n|-immune|p1a: Banette\n|\n|upkeep\n|turn|13\n|\n|t:|1769573126\n|switch|p2a: Thundurus|Thundurus, L78, M|251/251\n|detailschange|p1a: Banette|Banette-Mega, L87, F\n|-mega|p1a: Banette|Banette|Banettite\n|move|p1a: Banette|Shadow Claw|p2a: Thundurus\n|-crit|p2a: Thundurus\n|-damage|p2a: Thundurus|32/251\n|\n|upkeep\n|turn|14\n|\n|t:|1769573136\n|move|p2a: Thundurus|Thunderbolt|p1a: Banette\n|-damage|p1a: Banette|76/253\n|-damage|p2a: Thundurus|7/251|[from] item: Life Orb\n|move|p1a: Banette|Shadow Claw|p2a: Thundurus\n|-damage|p2a: Thundurus|0 fnt\n|faint|p2a: Thundurus\n|\n|upkeep\n|\n|t:|1769573145\n|switch|p2a: Lopunny|Lopunny, L76, F|223/223\n|turn|15\n|\n|t:|1769573150\n|detailschange|p2a: Lopunny|Lopunny-Mega, L76, F\n|-mega|p2a: Lopunny|Lopunny|Lopunnite\n|move|p1a: Banette|Destiny Bond|p1a: Banette\n|-singlemove|p1a: Banette|Destiny Bond\n|move|p2a: Lopunny|Substitute|p2a: Lopunny\n|-start|p2a: Lopunny|Substitute\n|-damage|p2a: Lopunny|168/223\n|\n|upkeep\n|turn|16\n|\n|t:|1769573163\n|move|p2a: Lopunny|Encore|p1a: Banette\n|-start|p1a: Banette|Encore\n|move|p1a: Banette|Destiny Bond|p1a: Banette\n|-singlemove|p1a: Banette|Destiny Bond\n|\n|upkeep\n|turn|17\n|\n|t:|1769573171\n|move|p1a: Banette|Destiny Bond|p1a: Banette\n|-singlemove|p1a: Banette|Destiny Bond\n|move|p2a: Lopunny|Encore||[still]\n|-fail|p2a: Lopunny\n|\n|upkeep\n|turn|18\n|\n|t:|1769573178\n|move|p1a: Banette|Destiny Bond|p1a: Banette\n|-singlemove|p1a: Banette|Destiny Bond\n|move|p2a: Lopunny|Encore||[still]\n|-fail|p2a: Lopunny\n|\n|-end|p1a: Banette|Encore\n|upkeep\n|turn|19\n|\n|t:|1769573187\n|move|p1a: Banette|Taunt|p2a: Lopunny\n|-start|p2a: Lopunny|move: Taunt\n|cant|p2a: Lopunny|move: Taunt|Encore\n|\n|upkeep\n|turn|20\n|\n|t:|1769573193\n|switch|p2a: Primeape|Primeape, L87, F|255/255\n|move|p1a: Banette|Destiny Bond|p1a: Banette\n|-singlemove|p1a: Banette|Destiny Bond\n|\n|upkeep\n|turn|21\n|\n|t:|1769573203\n|switch|p2a: Lopunny|Lopunny-Mega, L76, F|168/223\n|move|p1a: Banette|Shadow Claw|p2a: Lopunny\n|-immune|p2a: Lopunny\n|\n|upkeep\n|turn|22\n|\n|t:|1769573211\n|move|p1a: Banette|Taunt|p2a: Lopunny\n|-start|p2a: Lopunny|move: Taunt\n|cant|p2a: Lopunny|move: Taunt|Encore\n|\n|upkeep\n|turn|23\n|\n|t:|1769573217\n|move|p1a: Banette|Destiny Bond|p1a: Banette\n|-singlemove|p1a: Banette|Destiny Bond\n|move|p2a: Lopunny|Return|p1a: Banette\n|-damage|p1a: Banette|0 fnt\n|faint|p1a: Banette\n|-activate|p1a: Banette|move: Destiny Bond\n|detailschange|p1: Banette|Banette, L87, F|[silent]\n|faint|p2a: Lopunny\n|detailschange|p2: Lopunny|Lopunny, L76, F|[silent]\n|\n|upkeep\n|\n|t:|1769573236\n|switch|p2a: Primeape|Primeape, L87, F|255/255\n|switch|p1a: Spiritomb|Spiritomb, L88, M|231/231\n|-damage|p1a: Spiritomb|203/231|[from] Stealth Rock\n|turn|24\n|\n|t:|1769573243\n|move|p2a: Primeape|Hone Claws|p2a: Primeape\n|-boost|p2a: Primeape|atk|1\n|-boost|p2a: Primeape|accuracy|1\n|move|p1a: Spiritomb|Toxic|p2a: Primeape\n|-status|p2a: Primeape|tox\n|\n|-damage|p2a: Primeape|240/255 tox|[from] psn\n|upkeep\n|turn|25\n|\n|t:|1769573253\n|move|p2a: Primeape|Stone Edge|p1a: Spiritomb\n|-damage|p1a: Spiritomb|77/231\n|-damage|p2a: Primeape|215/255 tox|[from] item: Life Orb\n|move|p1a: Spiritomb|Foul Play|p2a: Primeape\n|-resisted|p2a: Primeape\n|-damage|p2a: Primeape|88/255 tox\n|\n|-damage|p2a: Primeape|58/255 tox|[from] psn\n|upkeep\n|turn|26\n|\n|t:|1769573264\n|move|p1a: Spiritomb|Sucker Punch|p2a: Primeape\n|-resisted|p2a: Primeape\n|-damage|p2a: Primeape|0 fnt\n|faint|p2a: Primeape\n|\n|win|biochemxy\n|raw|biochemxy's rating: 1539 &rarr; <strong>1560</strong><br />(+21 for winning)\n|raw|OmaCha22's rating: 1555 &rarr; <strong>1534</strong><br />(-21 for losing)\n|l|☆OmaCha22\n|player|p2|\n", "inputlog": ">version b99ff0165a6231f17e8b78c2a78d1998375de664\n>start {\"formatid\":\"gen6randombattle\",\"seed\":\"sodium,d91222d4ea0f81f6dea1a97b5b511d0e\",\"rated\":\"Rated battle\"}\n>player p1 {\"name\":\"biochemxy\",\"avatar\":\"2\",\"rating\":1539,\"seed\":\"sodium,6d03898d197e1c55416500c4f24a229d\"}\n>player p2 {\"name\":\"OmaCha22\",\"avatar\":\"101\",\"rating\":1555,\"seed\":\"sodium,7166d1f66ff76c30915c56610625d61e\"}\n>p1 switch 3\n>p2 switch 5\n>p1 move thunderbolt\n>p2 move protect\n>p1 move uturn\n>p2 move toxic\n>p1 switch 3\n>p1 move swordsdance\n>p2 move stealthrock\n>p1 move earthquake\n>p2 move flashcannon\n>p1 move roost\n>p2 move flashcannon\n>p1 move earthquake\n>p2 move flashcannon\n>p2 switch 6\n>p1 move facade\n>p2 move knockoff\n>p1 move roost\n>p2 move taunt\n>p1 move facade\n>p2 move oblivionwing\n>p2 switch 4\n>p1 move earthquake\n>p2 move fireblast\n>p2 switch 2\n>p1 switch 5\n>p2 move closecombat\n>p1 move shadowclaw mega\n>p2 switch 5\n>p1 move shadowclaw\n>p2 move thunderbolt\n>p2 switch 3\n>p1 move destinybond\n>p2 move substitute mega\n>p1 move shadowclaw\n>p2 move encore\n>p1 move destinybond\n>p2 move encore\n>p1 move destinybond\n>p2 move encore\n>p1 move taunt\n>p2 move encore\n>p1 move destinybond\n>p2 switch 5\n>p1 move shadowclaw\n>p2 switch 5\n>p1 move taunt\n>p2 move encore\n>p1 move destinybond\n>p2 move return\n>p1 switch 6\n>p2 switch 5\n>p1 move toxic\n>p2 move honeclaws\n>p1 move foulplay\n>p2 move stoneedge\n>p1 move suckerpunch\n>p2 move stoneedge", "uploadtime": 1769573274, "views": 272, "formatid": "gen6randombattle", "rating": 1534, "private": 0, "password": null}