{"id": "gen6randombattle-2532674824", "format": "[Gen 6] Random Battle", "players": ["hjmdc", "Plop"], "log": "|j|☆hjmdc\n|j|☆Plop\n|t:|1770213487\n|gametype|singles\n|player|p1|hjmdc|101|1626\n|player|p2|Plop|#rbtt9travelers|1780\n|gen|6\n|tier|[Gen 6] Random Battle\n|rated|\n|rule|Sleep Clause Mod: Limit one foe put to sleep\n|rule|HP Percentage Mod: HP is shown in percentages\n|rule|Illusion Level Mod: Illusion disguises the Pokémon's true level\n|\n|t:|1770213487\n|teamsize|p1|6\n|teamsize|p2|6\n|start\n|switch|p1a: Toxicroak|Toxicroak, L83, F|273/273\n|switch|p2a: Hariyama|Hariyama, L86, F|388/388\n|turn|1\n|inactive|Battle timer is ON: inactive players will automatically lose when time's up. (requested by hjmdc)\n|inactive|Plop has 120 seconds left.\n|\n|t:|1770213535\n|switch|p2a: Landorus|Landorus-Therian, L76, M|260/260\n|-ability|p2a: Landorus|Intimidate|boost\n|-unboost|p1a: Toxicroak|atk|1\n|move|p1a: Toxicroak|Swords Dance|p1a: Toxicroak\n|-boost|p1a: Toxicroak|atk|2\n|\n|upkeep\n|turn|2\n|\n|t:|1770213552\n|switch|p1a: Shedinja|Shedinja, L95|1/1\n|move|p2a: Landorus|Earthquake|p1a: Shedinja\n|-immune|p1a: Shedinja|[from] ability: Wonder Guard\n|\n|upkeep\n|turn|3\n|\n|t:|1770213558\n|switch|p2a: Sudowoodo|Sudowoodo, L94, M|284/284\n|move|p1a: Shedinja|Will-O-Wisp|p2a: Sudowoodo\n|-status|p2a: Sudowoodo|brn\n|\n|-damage|p2a: Sudowoodo|249/284 brn|[from] brn\n|upkeep\n|turn|4\n|\n|t:|1770213564\n|move|p1a: Shedinja|Swords Dance|p1a: Shedinja\n|-boost|p1a: Shedinja|atk|2\n|move|p2a: Sudowoodo|Stealth Rock|p1a: Shedinja\n|-sidestart|p1: hjmdc|move: Stealth Rock\n|\n|-heal|p2a: Sudowoodo|266/284 brn|[from] item: Leftovers\n|-damage|p2a: Sudowoodo|231/284 brn|[from] brn\n|upkeep\n|turn|5\n|\n|t:|1770213568\n|move|p1a: Shedinja|X-Scissor|p2a: Sudowoodo\n|-damage|p2a: Sudowoodo|75/284 brn\n|move|p2a: Sudowoodo|Toxic|p1a: Shedinja|[miss]\n|-miss|p2a: Sudowoodo|p1a: Shedinja\n|\n|-heal|p2a: Sudowoodo|92/284 brn|[from] item: Leftovers\n|-damage|p2a: Sudowoodo|57/284 brn|[from] brn\n|upkeep\n|turn|6\n|\n|t:|1770213580\n|switch|p2a: Landorus|Landorus-Therian, L76, M|260/260\n|-ability|p2a: Landorus|Intimidate|boost\n|-unboost|p1a: Shedinja|atk|1\n|move|p1a: Shedinja|X-Scissor|p2a: Landorus\n|-resisted|p2a: Landorus\n|-damage|p2a: Landorus|173/260\n|\n|upkeep\n|turn|7\n|\n|t:|1770213590\n|switch|p2a: Sudowoodo|Sudowoodo, L94, M|57/284 brn\n|move|p1a: Shedinja|Will-O-Wisp|p2a: Sudowoodo\n|-fail|p2a: Sudowoodo|brn\n|\n|-heal|p2a: Sudowoodo|74/284 brn|[from] item: Leftovers\n|-damage|p2a: Sudowoodo|39/284 brn|[from] brn\n|upkeep\n|turn|8\n|\n|t:|1770213598\n|move|p1a: Shedinja|Shadow Sneak|p2a: Sudowoodo\n|-crit|p2a: Sudowoodo\n|-damage|p2a: Sudowoodo|0 fnt\n|faint|p2a: Sudowoodo\n|\n|upkeep\n|\n|t:|1770213601\n|switch|p2a: Hariyama|Hariyama, L86, F|388/388\n|turn|9\n|\n|t:|1770213616\n|move|p2a: Hariyama|Knock Off|p1a: Shedinja\n|-supereffective|p1a: Shedinja\n|-enditem|p1a: Shedinja|Focus Sash\n|-damage|p1a: Shedinja|1/1\n|move|p1a: Shedinja|X-Scissor|p2a: Hariyama\n|-resisted|p2a: Hariyama\n|-damage|p2a: Hariyama|287/388\n|\n|upkeep\n|turn|10\n|\n|t:|1770213630\n|move|p1a: Shedinja|Shadow Sneak|p2a: Hariyama\n|-damage|p2a: Hariyama|179/388\n|move|p2a: Hariyama|Knock Off|p1a: Shedinja\n|-supereffective|p1a: Shedinja\n|-damage|p1a: Shedinja|0 fnt\n|faint|p1a: Shedinja\n|\n|upkeep\n|\n|t:|1770213648\n|switch|p1a: Lunatone|Lunatone, L96|290/290\n|-damage|p1a: Lunatone|254/290|[from] Stealth Rock\n|turn|11\n|\n|t:|1770213674\n|move|p2a: Hariyama|Bullet Punch|p1a: Lunatone\n|-supereffective|p1a: Lunatone\n|-damage|p1a: Lunatone|178/290\n|move|p1a: Lunatone|Psychic|p2a: Hariyama\n|-supereffective|p2a: Hariyama\n|-damage|p2a: Hariyama|0 fnt\n|faint|p2a: Hariyama\n|-damage|p1a: Lunatone|149/290|[from] item: Life Orb\n|\n|upkeep\n|inactive|Plop has 120 seconds left.\n|\n|t:|1770213711\n|switch|p2a: Heliolisk|Heliolisk, L83, F|239/239\n|turn|12\n|\n|t:|1770213720\n|move|p2a: Heliolisk|Surf|p1a: Lunatone\n|-supereffective|p1a: Lunatone\n|-damage|p1a: Lunatone|0 fnt\n|faint|p1a: Lunatone\n|-damage|p2a: Heliolisk|216/239|[from] item: Life Orb\n|\n|upkeep\n|\n|t:|1770213735\n|switch|p1a: Klefki|Klefki, L79, F|220/220\n|-damage|p1a: Klefki|207/220|[from] Stealth Rock\n|turn|13\n|\n|t:|1770213752\n|move|p1a: Klefki|Spikes|p2a: Heliolisk\n|-sidestart|p2: Plop|Spikes\n|move|p2a: Heliolisk|Thunder|p1a: Klefki|[miss]\n|-miss|p2a: Heliolisk|p1a: Klefki\n|\n|-heal|p1a: Klefki|220/220|[from] item: Leftovers\n|upkeep\n|turn|14\n|\n|t:|1770213761\n|move|p1a: Klefki|Spikes|p2a: Heliolisk\n|-sidestart|p2: Plop|Spikes\n|move|p2a: Heliolisk|Thunder|p1a: Klefki\n|-damage|p1a: Klefki|45/220\n|-damage|p2a: Heliolisk|193/239|[from] item: Life Orb\n|\n|-heal|p1a: Klefki|58/220|[from] item: Leftovers\n|upkeep\n|turn|15\n|\n|t:|1770213770\n|move|p1a: Klefki|Spikes|p2a: Heliolisk\n|-sidestart|p2: Plop|Spikes\n|move|p2a: Heliolisk|Hyper Voice|p1a: Klefki\n|-resisted|p1a: Klefki\n|-damage|p1a: Klefki|0 fnt\n|faint|p1a: Klefki\n|-damage|p2a: Heliolisk|170/239|[from] item: Life Orb\n|\n|upkeep\n|\n|t:|1770213778\n|switch|p1a: Florges|Florges-Orange, L84, F|268/268\n|-damage|p1a: Florges|235/268|[from] Stealth Rock\n|turn|16\n|inactive|Plop has 120 seconds left.\n|\n|t:|1770213788\n|move|p2a: Heliolisk|Thunder|p1a: Florges\n|-damage|p1a: Florges|134/268\n|-damage|p2a: Heliolisk|147/239|[from] item: Life Orb\n|move|p1a: Florges|Moonblast|p2a: Heliolisk\n|-damage|p2a: Heliolisk|32/239\n|\n|-heal|p1a: Florges|150/268|[from] item: Leftovers\n|upkeep\n|turn|17\n|\n|t:|1770213796\n|move|p2a: Heliolisk|Thunder|p1a: Florges\n|-damage|p1a: Florges|36/268\n|-damage|p2a: Heliolisk|9/239|[from] item: Life Orb\n|move|p1a: Florges|Synthesis|p1a: Florges\n|-heal|p1a: Florges|170/268\n|\n|-heal|p1a: Florges|186/268|[from] item: Leftovers\n|upkeep\n|turn|18\n|\n|t:|1770213804\n|move|p2a: Heliolisk|Thunder|p1a: Florges|[miss]\n|-miss|p2a: Heliolisk|p1a: Florges\n|move|p1a: Florges|Synthesis|p1a: Florges\n|-heal|p1a: Florges|268/268\n|\n|upkeep\n|turn|19\n|\n|t:|1770213816\n|move|p2a: Heliolisk|Thunder|p1a: Florges\n|-damage|p1a: Florges|155/268\n|-damage|p2a: Heliolisk|0 fnt|[from] item: Life Orb\n|faint|p2a: Heliolisk\n|move|p1a: Florges|Synthesis|p1a: Florges\n|-heal|p1a: Florges|268/268\n|\n|upkeep\n|\n|t:|1770213820\n|switch|p2a: Kingler|Kingler, L89, M|243/243\n|-damage|p2a: Kingler|183/243|[from] Spikes\n|turn|20\n|\n|t:|1770213824\n|move|p2a: Kingler|Crabhammer|p1a: Florges\n|-damage|p1a: Florges|18/268\n|-damage|p2a: Kingler|159/243|[from] item: Life Orb\n|move|p1a: Florges|Moonblast|p2a: Kingler\n|-damage|p2a: Kingler|0 fnt\n|faint|p2a: Kingler\n|\n|-heal|p1a: Florges|34/268|[from] item: Leftovers\n|upkeep\n|\n|t:|1770213829\n|switch|p2a: Landorus|Landorus-Therian, L76, M|173/260\n|-ability|p2a: Landorus|Intimidate|boost\n|-unboost|p1a: Florges|atk|1\n|turn|21\n|\n|t:|1770213836\n|move|p2a: Landorus|Earthquake|p1a: Florges\n|-damage|p1a: Florges|0 fnt\n|faint|p1a: Florges\n|\n|upkeep\n|\n|t:|1770213838\n|switch|p1a: Palkia|Palkia, L73|252/252\n|-damage|p1a: Palkia|221/252|[from] Stealth Rock\n|-ability|p1a: Palkia|Pressure\n|turn|22\n|\n|t:|1770213843\n|switch|p2a: Keldeo|Keldeo-Resolute, L79|273/273\n|-damage|p2a: Keldeo|205/273|[from] Spikes\n|move|p1a: Palkia|Spacial Rend|p2a: Keldeo\n|-damage|p2a: Keldeo|67/273\n|\n|-heal|p2a: Keldeo|84/273|[from] item: Leftovers\n|upkeep\n|turn|23\n|\n|t:|1770213856\n|switch|p1a: Toxicroak|Toxicroak, L83, F|273/273\n|-damage|p1a: Toxicroak|256/273|[from] Stealth Rock\n|move|p2a: Keldeo|Secret Sword|p1a: Toxicroak\n|-resisted|p1a: Toxicroak\n|-damage|p1a: Toxicroak|189/273\n|\n|-heal|p2a: Keldeo|101/273|[from] item: Leftovers\n|upkeep\n|turn|24\n|\n|t:|1770213864\n|switch|p2a: Landorus|Landorus-Therian, L76, M|173/260\n|-ability|p2a: Landorus|Intimidate|boost\n|-unboost|p1a: Toxicroak|atk|1\n|move|p1a: Toxicroak|Drain Punch|p2a: Landorus\n|-resisted|p2a: Landorus\n|-damage|p2a: Landorus|134/260\n|-heal|p1a: Toxicroak|209/273|[from] drain|[of] p2a: Landorus\n|-damage|p1a: Toxicroak|182/273|[from] item: Life Orb\n|\n|upkeep\n|turn|25\n|\n|t:|1770213870\n|move|p2a: Landorus|Earthquake|p1a: Toxicroak\n|-supereffective|p1a: Toxicroak\n|-damage|p1a: Toxicroak|0 fnt\n|faint|p1a: Toxicroak\n|\n|upkeep\n|\n|t:|1770213874\n|switch|p1a: Palkia|Palkia, L73|221/252\n|-damage|p1a: Palkia|190/252|[from] Stealth Rock\n|-ability|p1a: Palkia|Pressure\n|turn|26\n|\n|t:|1770213877\n|move|p2a: Landorus|Earthquake|p1a: Palkia\n|-damage|p1a: Palkia|55/252\n|move|p1a: Palkia|Spacial Rend|p2a: Landorus\n|-damage|p2a: Landorus|0 fnt\n|faint|p2a: Landorus\n|\n|upkeep\n|\n|t:|1770213879\n|switch|p2a: Keldeo|Keldeo-Resolute, L79|101/273\n|-damage|p2a: Keldeo|33/273|[from] Spikes\n|turn|27\n|\n|t:|1770213887\n|move|p2a: Keldeo|Secret Sword|p1a: Palkia\n|-damage|p1a: Palkia|0 fnt\n|faint|p1a: Palkia\n|\n|win|Plop\n|raw|hjmdc's rating: 1626 &rarr; <strong>1614</strong><br />(-12 for losing)\n|raw|Plop's rating: 1780 &rarr; <strong>1792</strong><br />(+12 for winning)\n", "inputlog": ">version ccdc32dd7cde25fd9e4bed64820e885f66e78a4e\n>start {\"formatid\":\"gen6randombattle\",\"seed\":\"sodium,ca8f56b5b3d2e073754f9d51ffb5ebc3\",\"rated\":\"Rated battle\"}\n>player p1 {\"name\":\"hjmdc\",\"avatar\":\"101\",\"rating\":1626,\"seed\":\"sodium,757af110636918250661e479b68f6a89\"}\n>player p2 {\"name\":\"Plop\",\"avatar\":\"#rbtt9travelers\",\"rating\":1780,\"seed\":\"sodium,80deaacd8c84621a0c49b60e22d41efd\"}\n>p1 move swordsdance\n>p2 switch 5\n>p1 switch 5\n>p2 move earthquake\n>p1 move willowisp\n>p2 switch 4\n>p1 move swordsdance\n>p2 move stealthrock\n>p1 move xscissor\n>p2 move toxic\n>p1 move xscissor\n>p2 switch 4\n>p1 move willowisp\n>p2 switch 4\n>p1 move shadowsneak\n>p2 move toxic\n>p2 switch 5\n>p1 move xscissor\n>p2 move knockoff\n>p1 move shadowsneak\n>p2 move knockoff\n>p1 switch 2\n>p1 move psychic\n>p2 move bulletpunch\n>p2 switch 3\n>p1 move earthpower\n>p2 move surf\n>p1 switch 4\n>p1 move spikes\n>p2 move thunder\n>p1 move spikes\n>p2 move thunder\n>p1 move spikes\n>p2 move hypervoice\n>p1 switch 3\n>p1 move moonblast\n>p2 move thunder\n>p1 move synthesis\n>p2 move thunder\n>p1 move synthesis\n>p2 move thunder\n>p1 move synthesis\n>p2 move thunder\n>p2 switch 6\n>p1 move moonblast\n>p2 move crabhammer\n>p2 switch 4\n>p1 move moonblast\n>p2 move earthquake\n>p1 switch 6\n>p1 move spacialrend\n>p2 switch 2\n>p1 switch 5\n>p2 move secretsword\n>p1 move drainpunch\n>p2 switch 2\n>p1 move knockoff\n>p2 move earthquake\n>p1 switch 5\n>p1 move spacialrend\n>p2 move earthquake\n>p2 switch 2\n>p1 move spacialrend\n>p2 move secretsword", "uploadtime": 1770213890, "views": 233, "formatid": "gen6randombattle", "rating": 1614, "private": 0, "password": null}