{"id": "gen6randombattle-2538276664", "format": "[Gen 6] Random Battle", "players": ["arboretums", "jarstimus q"], "log": "|j|☆arboretums\n|j|☆jarstimus q\n|t:|1770912922\n|gametype|singles\n|player|p1|arboretums|serena-masters2|1532\n|player|p2|jarstimus q|skierf|1623\n|gen|6\n|tier|[Gen 6] Random Battle\n|rated|\n|rule|Sleep Clause Mod: Limit one foe put to sleep\n|rule|HP Percentage Mod: HP is shown in percentages\n|rule|Illusion Level Mod: Illusion disguises the Pokémon's true level\n|\n|t:|1770912922\n|teamsize|p1|6\n|teamsize|p2|6\n|start\n|switch|p1a: Hypno|Hypno, L96, F|319/319\n|switch|p2a: Archeops|Archeops, L82, F|257/257\n|turn|1\n|inactive|Battle timer is ON: inactive players will automatically lose when time's up. (requested by arboretums)\n|\n|t:|1770912946\n|move|p2a: Archeops|Knock Off|p1a: Hypno\n|-supereffective|p1a: Hypno\n|-crit|p1a: Hypno\n|-damage|p1a: Hypno|25/319\n|-enditem|p1a: Hypno|Leftovers|[from] move: Knock Off|[of] p2a: Archeops\n|move|p1a: Hypno|Psychic|p2a: Archeops\n|-damage|p2a: Archeops|121/257\n|\n|upkeep\n|turn|2\n|\n|t:|1770912955\n|move|p2a: Archeops|Knock Off|p1a: Hypno\n|-supereffective|p1a: Hypno\n|-damage|p1a: Hypno|0 fnt\n|faint|p1a: Hypno\n|\n|upkeep\n|\n|t:|1770912959\n|switch|p1a: Eelektross|Eelektross, L85, F|283/283\n|turn|3\n|\n|t:|1770912962\n|move|p2a: Archeops|Knock Off|p1a: Eelektross\n|-damage|p1a: Eelektross|240/283\n|-enditem|p1a: Eelektross|Assault Vest|[from] move: Knock Off|[of] p2a: Archeops\n|move|p1a: Eelektross|Discharge|p2a: Archeops\n|-supereffective|p2a: Archeops\n|-damage|p2a: Archeops|0 fnt\n|faint|p2a: Archeops\n|\n|upkeep\n|\n|t:|1770912976\n|switch|p2a: Beheeyem|Beheeyem, L92, F|287/287\n|turn|4\n|\n|t:|1770912984\n|move|p1a: Eelektross|Knock Off|p2a: Beheeyem\n|-supereffective|p2a: Beheeyem\n|-damage|p2a: Beheeyem|107/287\n|-enditem|p2a: Beheeyem|Life Orb|[from] move: Knock Off|[of] p1a: Eelektross\n|move|p2a: Beheeyem|Trick Room|p2a: Beheeyem\n|-fieldstart|move: Trick Room|[of] p2a: Beheeyem\n|\n|upkeep\n|turn|5\n|\n|t:|1770912988\n|move|p2a: Beheeyem|Recover|p2a: Beheeyem\n|-heal|p2a: Beheeyem|251/287\n|move|p1a: Eelektross|Knock Off|p2a: Beheeyem\n|-supereffective|p2a: Beheeyem\n|-damage|p2a: Beheeyem|135/287\n|\n|upkeep\n|turn|6\n|\n|t:|1770912990\n|move|p2a: Beheeyem|Psyshock|p1a: Eelektross\n|-crit|p1a: Eelektross\n|-damage|p1a: Eelektross|59/283\n|move|p1a: Eelektross|Knock Off|p2a: Beheeyem\n|-supereffective|p2a: Beheeyem\n|-damage|p2a: Beheeyem|15/287\n|\n|upkeep\n|turn|7\n|\n|t:|1770912994\n|move|p2a: Beheeyem|Psyshock|p1a: Eelektross\n|-damage|p1a: Eelektross|0 fnt\n|faint|p1a: Eelektross\n|\n|upkeep\n|\n|t:|1770913003\n|switch|p1a: Gyarados|Gyarados, L74, F|263/263\n|-ability|p1a: Gyarados|Intimidate|boost\n|-unboost|p2a: Beheeyem|atk|1\n|turn|8\n|\n|t:|1770913010\n|detailschange|p1a: Gyarados|Gyarados-Mega, L74, F\n|-mega|p1a: Gyarados|Gyarados|Gyaradosite\n|-ability|p1a: Gyarados|Mold Breaker\n|move|p2a: Beheeyem|Signal Beam|p1a: Gyarados\n|-supereffective|p1a: Gyarados\n|-damage|p1a: Gyarados|137/263\n|move|p1a: Gyarados|Dragon Dance|p1a: Gyarados\n|-boost|p1a: Gyarados|atk|1\n|-boost|p1a: Gyarados|spe|1\n|\n|-fieldend|move: Trick Room\n|upkeep\n|turn|9\n|\n|t:|1770913016\n|move|p1a: Gyarados|Waterfall|p2a: Beheeyem\n|-damage|p2a: Beheeyem|0 fnt\n|faint|p2a: Beheeyem\n|\n|upkeep\n|\n|t:|1770913028\n|switch|p2a: Tentacruel|Tentacruel, L83, F|268/268\n|turn|10\n|\n|t:|1770913033\n|move|p1a: Gyarados|Earthquake|p2a: Tentacruel\n|-supereffective|p2a: Tentacruel\n|-damage|p2a: Tentacruel|0 fnt\n|faint|p2a: Tentacruel\n|\n|upkeep\n|\n|t:|1770913038\n|switch|p2a: Manaphy|Manaphy, L76|277/277\n|turn|11\n|\n|t:|1770913045\n|move|p1a: Gyarados|Crunch|p2a: Manaphy\n|-damage|p2a: Manaphy|142/277\n|move|p2a: Manaphy|Energy Ball|p1a: Gyarados\n|-supereffective|p1a: Gyarados\n|-damage|p1a: Gyarados|45/263\n|\n|-heal|p2a: Manaphy|159/277|[from] item: Leftovers\n|upkeep\n|turn|12\n|\n|t:|1770913048\n|move|p1a: Gyarados|Crunch|p2a: Manaphy\n|-damage|p2a: Manaphy|8/277\n|move|p2a: Manaphy|Energy Ball|p1a: Gyarados\n|-supereffective|p1a: Gyarados\n|-damage|p1a: Gyarados|0 fnt\n|faint|p1a: Gyarados\n|detailschange|p1: Gyarados|Gyarados, L74, F|[silent]\n|\n|-heal|p2a: Manaphy|25/277|[from] item: Leftovers\n|upkeep\n|\n|t:|1770913054\n|switch|p1a: Sawsbuck|Sawsbuck-Summer, L86, F|278/278\n|turn|13\n|\n|t:|1770913056\n|move|p1a: Sawsbuck|Swords Dance|p1a: Sawsbuck\n|-boost|p1a: Sawsbuck|atk|2\n|move|p2a: Manaphy|Ice Beam|p1a: Sawsbuck\n|-supereffective|p1a: Sawsbuck\n|-damage|p1a: Sawsbuck|154/278\n|\n|-heal|p1a: Sawsbuck|171/278|[from] item: Leftovers\n|-heal|p2a: Manaphy|42/277|[from] item: Leftovers\n|upkeep\n|turn|14\n|\n|t:|1770913058\n|move|p1a: Sawsbuck|Horn Leech|p2a: Manaphy\n|-supereffective|p2a: Manaphy\n|-damage|p2a: Manaphy|0 fnt\n|-heal|p1a: Sawsbuck|192/278|[from] drain|[of] p2a: Manaphy\n|faint|p2a: Manaphy\n|\n|-heal|p1a: Sawsbuck|209/278|[from] item: Leftovers\n|upkeep\n|\n|t:|1770913060\n|switch|p2a: Tyranitar|Tyranitar, L75, F|274/274\n|-weather|Sandstorm|[from] ability: Sand Stream|[of] p2a: Tyranitar\n|turn|15\n|\n|t:|1770913062\n|detailschange|p2a: Tyranitar|Tyranitar-Mega, L75, F\n|-mega|p2a: Tyranitar|Tyranitar|Tyranitarite\n|move|p1a: Sawsbuck|Horn Leech|p2a: Tyranitar\n|-supereffective|p2a: Tyranitar\n|-damage|p2a: Tyranitar|22/274\n|-heal|p1a: Sawsbuck|278/278|[from] drain|[of] p2a: Tyranitar\n|move|p2a: Tyranitar|Dragon Dance|p2a: Tyranitar\n|-boost|p2a: Tyranitar|atk|1\n|-boost|p2a: Tyranitar|spe|1\n|\n|-weather|Sandstorm|[upkeep]\n|-damage|p1a: Sawsbuck|261/278|[from] Sandstorm\n|-heal|p1a: Sawsbuck|278/278|[from] item: Leftovers\n|upkeep\n|turn|16\n|\n|t:|1770913068\n|move|p2a: Tyranitar|Ice Punch|p1a: Sawsbuck\n|-supereffective|p1a: Sawsbuck\n|-damage|p1a: Sawsbuck|56/278\n|move|p1a: Sawsbuck|Horn Leech|p2a: Tyranitar\n|-supereffective|p2a: Tyranitar\n|-damage|p2a: Tyranitar|0 fnt\n|-heal|p1a: Sawsbuck|67/278|[from] drain|[of] p2a: Tyranitar\n|faint|p2a: Tyranitar\n|detailschange|p2: Tyranitar|Tyranitar, L75, F|[silent]\n|\n|-weather|Sandstorm|[upkeep]\n|-damage|p1a: Sawsbuck|50/278|[from] Sandstorm\n|-heal|p1a: Sawsbuck|67/278|[from] item: Leftovers\n|upkeep\n|\n|t:|1770913072\n|switch|p2a: Marowak|Marowak, L88, F|249/249\n|turn|17\n|\n|t:|1770913074\n|move|p1a: Sawsbuck|Horn Leech|p2a: Marowak\n|-supereffective|p2a: Marowak\n|-damage|p2a: Marowak|0 fnt\n|-heal|p1a: Sawsbuck|192/278|[from] drain|[of] p2a: Marowak\n|faint|p2a: Marowak\n|\n|win|arboretums\n|raw|arboretums's rating: 1532 &rarr; <strong>1557</strong><br />(+25 for winning)\n|raw|jarstimus q's rating: 1623 &rarr; <strong>1598</strong><br />(-25 for losing)\n", "inputlog": ">version ccdc32dd7cde25fd9e4bed64820e885f66e78a4e\n>start {\"formatid\":\"gen6randombattle\",\"seed\":\"sodium,449a9104831207228b1dc89531597690\",\"rated\":\"Rated battle\"}\n>player p1 {\"name\":\"arboretums\",\"avatar\":\"serena-masters2\",\"rating\":1532,\"seed\":\"sodium,c9c09a7d3156bbfc1829d06d102395d0\"}\n>player p2 {\"name\":\"jarstimus q\",\"avatar\":\"skierf\",\"rating\":1623,\"seed\":\"sodium,b26afedc1af0cc97783493bcc2d55657\"}\n>p1 move psychic\n>p2 move knockoff\n>p1 move toxic\n>p2 move knockoff\n>p1 switch 2\n>p1 move discharge\n>p2 move knockoff\n>p2 switch 4\n>p1 move knockoff\n>p2 move trickroom\n>p1 move knockoff\n>p2 move recover\n>p1 move knockoff\n>p2 move psyshock\n>p1 move knockoff\n>p2 move psyshock\n>p1 switch 5\n>p1 move dragondance mega\n>p2 move signalbeam\n>p1 move waterfall\n>p2 move trickroom\n>p2 switch 2\n>p1 move earthquake\n>p2 move sludgebomb\n>p2 switch 3\n>p1 move crunch\n>p2 move energyball\n>p1 move crunch\n>p2 move energyball\n>p1 switch 4\n>p1 move swordsdance\n>p2 move icebeam\n>p1 move hornleech\n>p2 move icebeam\n>p2 switch 6\n>p1 move hornleech\n>p2 move dragondance mega\n>p1 move hornleech\n>p2 move icepunch\n>p2 switch 5\n>p1 move hornleech\n>p2 move doubleedge", "uploadtime": 1770913076, "views": 219, "formatid": "gen6randombattle", "rating": 1557, "private": 0, "password": null}