{"id": "gen6randombattle-2522536889", "format": "[Gen 6] Random Battle", "players": ["Apedingo", "arboretums"], "log": "|j|☆Apedingo\n|j|☆arboretums\n|t:|1768920561\n|gametype|singles\n|player|p1|Apedingo|2|1704\n|player|p2|arboretums|serena-masters2|1612\n|gen|6\n|tier|[Gen 6] Random Battle\n|rated|\n|rule|Sleep Clause Mod: Limit one foe put to sleep\n|rule|HP Percentage Mod: HP is shown in percentages\n|rule|Illusion Level Mod: Illusion disguises the Pokémon's true level\n|\n|t:|1768920561\n|teamsize|p1|6\n|teamsize|p2|6\n|start\n|switch|p1a: Houndoom|Houndoom, L84, M|263/263\n|switch|p2a: Jirachi|Jirachi, L78|284/284\n|turn|1\n|inactive|Battle timer is ON: inactive players will automatically lose when time's up. (requested by arboretums)\n|\n|t:|1768920578\n|switch|p2a: Aerodactyl|Aerodactyl, L77, F|250/250\n|-ability|p2a: Aerodactyl|Unnerve\n|move|p1a: Houndoom|Fire Blast|p2a: Aerodactyl\n|-resisted|p2a: Aerodactyl\n|-damage|p2a: Aerodactyl|149/250\n|-damage|p1a: Houndoom|237/263|[from] item: Life Orb\n|\n|upkeep\n|turn|2\n|\n|t:|1768920586\n|switch|p1a: Mawile|Mawile, L76, F|201/201\n|-ability|p1a: Mawile|Intimidate|boost\n|-unboost|p2a: Aerodactyl|atk|1\n|detailschange|p2a: Aerodactyl|Aerodactyl-Mega, L77, F\n|-mega|p2a: Aerodactyl|Aerodactyl|Aerodactylite\n|move|p2a: Aerodactyl|Stone Edge|p1a: Mawile\n|-resisted|p1a: Mawile\n|-crit|p1a: Mawile\n|-damage|p1a: Mawile|102/201\n|\n|upkeep\n|turn|3\n|\n|t:|1768920611\n|move|p2a: Aerodactyl|Earthquake|p1a: Mawile\n|-supereffective|p1a: Mawile\n|-damage|p1a: Mawile|0 fnt\n|faint|p1a: Mawile\n|\n|upkeep\n|inactive|Apedingo has 120 seconds left.\n|\n|t:|1768920653\n|switch|p1a: Vileplume|Vileplume, L87, M|272/272\n|turn|4\n|\n|t:|1768920662\n|switch|p2a: Victreebel|Victreebel, L90, F|290/290\n|move|p1a: Vileplume|Giga Drain|p2a: Victreebel\n|-resisted|p2a: Victreebel\n|-damage|p2a: Victreebel|266/290\n|\n|upkeep\n|turn|5\n|\n|t:|1768920675\n|move|p2a: Victreebel|Sludge Bomb|p1a: Vileplume\n|-damage|p1a: Vileplume|124/272\n|-damage|p2a: Victreebel|237/290|[from] item: Life Orb\n|move|p1a: Vileplume|Sludge Bomb|p2a: Victreebel\n|-damage|p2a: Victreebel|104/290\n|\n|-heal|p1a: Vileplume|141/272|[from] item: Black Sludge\n|upkeep\n|turn|6\n|inactive|Apedingo has 90 seconds left.\n|\n|t:|1768920722\n|move|p2a: Victreebel|Sludge Bomb|p1a: Vileplume\n|-damage|p1a: Vileplume|0 fnt\n|faint|p1a: Vileplume\n|-damage|p2a: Victreebel|75/290|[from] item: Life Orb\n|\n|upkeep\n|\n|t:|1768920725\n|switch|p1a: Houndoom|Houndoom, L84, M|237/263\n|turn|7\n|\n|t:|1768920733\n|move|p1a: Houndoom|Dark Pulse|p2a: Victreebel\n|-damage|p2a: Victreebel|0 fnt\n|faint|p2a: Victreebel\n|-damage|p1a: Houndoom|211/263|[from] item: Life Orb\n|\n|upkeep\n|\n|t:|1768920741\n|switch|p2a: Blaziken|Blaziken, L75, F|243/243\n|turn|8\n|inactive|Apedingo has 90 seconds left.\n|\n|t:|1768920754\n|switch|p1a: Alakazam|Alakazam, L81, F|222/222\n|move|p2a: Blaziken|Swords Dance|p2a: Blaziken\n|-boost|p2a: Blaziken|atk|2\n|\n|-ability|p2a: Blaziken|Speed Boost|boost\n|-boost|p2a: Blaziken|spe|1\n|upkeep\n|turn|9\n|\n|t:|1768920768\n|move|p2a: Blaziken|Protect|p2a: Blaziken\n|-singleturn|p2a: Blaziken|Protect\n|move|p1a: Alakazam|Counter||[still]\n|-fail|p1a: Alakazam\n|\n|-ability|p2a: Blaziken|Speed Boost|boost\n|-boost|p2a: Blaziken|spe|1\n|upkeep\n|turn|10\n|\n|t:|1768920772\n|move|p2a: Blaziken|Flare Blitz|p1a: Alakazam\n|-enditem|p1a: Alakazam|Focus Sash\n|-damage|p1a: Alakazam|1/222\n|-damage|p2a: Blaziken|170/243|[from] Recoil\n|-damage|p2a: Blaziken|146/243|[from] item: Life Orb\n|move|p1a: Alakazam|Counter|p2a: Blaziken\n|-damage|p2a: Blaziken|0 fnt\n|faint|p2a: Blaziken\n|\n|upkeep\n|\n|t:|1768920783\n|switch|p2a: Aerodactyl|Aerodactyl-Mega, L77, F|149/250\n|turn|11\n|inactive|Apedingo has 120 seconds left.\n|\n|t:|1768920791\n|move|p2a: Aerodactyl|Hone Claws|p2a: Aerodactyl\n|-boost|p2a: Aerodactyl|atk|1\n|-boost|p2a: Aerodactyl|accuracy|1\n|move|p1a: Alakazam|Psychic|p2a: Aerodactyl\n|-damage|p2a: Aerodactyl|40/250\n|-unboost|p2a: Aerodactyl|spd|1\n|\n|upkeep\n|turn|12\n|\n|t:|1768920797\n|move|p2a: Aerodactyl|Earthquake|p1a: Alakazam\n|-damage|p1a: Alakazam|0 fnt\n|faint|p1a: Alakazam\n|\n|upkeep\n|\n|t:|1768920806\n|switch|p1a: Shaymin|Shaymin-Sky, L73|266/266\n|turn|13\n|\n|t:|1768920809\n|move|p2a: Aerodactyl|Stone Edge|p1a: Shaymin\n|-supereffective|p1a: Shaymin\n|-damage|p1a: Shaymin|0 fnt\n|faint|p1a: Shaymin\n|\n|upkeep\n|-message|Apedingo forfeited.\n|\n|win|arboretums\n|raw|Apedingo's rating: 1704 &rarr; <strong>1679</strong><br />(-25 for losing)\n|raw|arboretums's rating: 1612 &rarr; <strong>1637</strong><br />(+25 for winning)\n|l|☆Apedingo\n|player|p1|\n", "inputlog": ">version 3bd1a1e329da8d286644078cfc9a9638fc7ea025\n>start {\"formatid\":\"gen6randombattle\",\"seed\":\"sodium,bfa4f7f926fcc12399edb8c3a6190d9d\",\"rated\":\"Rated battle\"}\n>player p1 {\"name\":\"Apedingo\",\"avatar\":\"2\",\"rating\":1704,\"seed\":\"sodium,48a15b1e9573c880997344800b7e9ec7\"}\n>player p2 {\"name\":\"arboretums\",\"avatar\":\"serena-masters2\",\"rating\":1612,\"seed\":\"sodium,da5cfdbbaed812a3ee98c4552ea765a3\"}\n>p1 move fireblast\n>p2 switch 6\n>p1 switch 3\n>p2 move stoneedge mega\n>p1 move ironhead\n>p2 move earthquake\n>p1 switch 6\n>p1 move gigadrain\n>p2 switch 2\n>p1 move sludgebomb\n>p2 move sludgebomb\n>p1 move synthesis\n>p2 move sludgebomb\n>p1 switch 3\n>p1 move darkpulse\n>p2 move sleeppowder\n>p2 switch 4\n>p1 switch 2\n>p2 move swordsdance\n>p1 move counter\n>p2 move protect\n>p1 move counter\n>p2 move flareblitz\n>p2 switch 2\n>p1 move psychic\n>p2 move honeclaws\n>p1 move psychic\n>p2 move earthquake\n>p1 switch 5\n>p1 move seedflare\n>p2 move stoneedge\n>forcelose p1", "uploadtime": 1768920814, "views": 302, "formatid": "gen6randombattle", "rating": 1637, "private": 0, "password": null}