{"id": "gen6randombattle-2531216857", "format": "[Gen 6] Random Battle", "players": ["pooster", "Plop"], "log": "|j|☆pooster\n|j|☆Plop\n|t:|1770033198\n|gametype|singles\n|player|p1|pooster|clown|1519\n|player|p2|Plop|#rbtt9travelers|1660\n|gen|6\n|tier|[Gen 6] Random Battle\n|rated|\n|rule|Sleep Clause Mod: Limit one foe put to sleep\n|rule|HP Percentage Mod: HP is shown in percentages\n|rule|Illusion Level Mod: Illusion disguises the Pokémon's true level\n|\n|t:|1770033198\n|teamsize|p1|6\n|teamsize|p2|6\n|start\n|switch|p1a: Pachirisu|Pachirisu, L95, M|268/268\n|switch|p2a: Flareon|Flareon, L88, F|258/258\n|turn|1\n|inactive|Battle timer is ON: inactive players will automatically lose when time's up. (requested by pooster)\n|inactive|Plop has 120 seconds left.\n|\n|t:|1770033245\n|move|p1a: Pachirisu|Super Fang|p2a: Flareon\n|-damage|p2a: Flareon|129/258\n|move|p2a: Flareon|Flame Charge|p1a: Pachirisu\n|-damage|p1a: Pachirisu|193/268\n|-boost|p2a: Flareon|spe|1\n|\n|-status|p2a: Flareon|tox|[from] item: Toxic Orb\n|upkeep\n|turn|2\n|\n|t:|1770033257\n|switch|p1a: Porygon2|Porygon2, L81|270/270\n|-ability|p1a: Porygon2|Download|boost\n|-boost|p1a: Porygon2|atk|1\n|move|p2a: Flareon|Facade|p1a: Porygon2\n|-damage|p1a: Porygon2|118/270\n|\n|-damage|p2a: Flareon|113/258 tox|[from] psn\n|upkeep\n|turn|3\n|\n|t:|1770033270\n|switch|p1a: Pachirisu|Pachirisu, L95, M|193/268\n|move|p2a: Flareon|Flare Blitz|p1a: Pachirisu\n|-damage|p1a: Pachirisu|0 fnt\n|faint|p1a: Pachirisu\n|-damage|p2a: Flareon|49/258 tox|[from] Recoil\n|\n|-damage|p2a: Flareon|17/258 tox|[from] psn\n|upkeep\n|\n|t:|1770033273\n|switch|p1a: Medicham|Medicham, L77, F|219/219\n|turn|4\n|\n|t:|1770033296\n|switch|p2a: Meowstic|Meowstic-F, L90, F|280/280\n|move|p1a: Medicham|Fake Out|p2a: Meowstic\n|-damage|p2a: Meowstic|245/280\n|\n|upkeep\n|turn|5\n|\n|t:|1770033307\n|switch|p1a: Porygon2|Porygon2, L81|118/270\n|-ability|p1a: Porygon2|Download|boost\n|-boost|p1a: Porygon2|atk|1\n|move|p2a: Meowstic|Psyshock|p1a: Porygon2\n|-crit|p1a: Porygon2\n|-damage|p1a: Porygon2|9/270\n|-damage|p2a: Meowstic|217/280|[from] item: Life Orb\n|\n|upkeep\n|turn|6\n|\n|t:|1770033316\n|move|p2a: Meowstic|Psyshock|p1a: Porygon2\n|-damage|p1a: Porygon2|0 fnt\n|faint|p1a: Porygon2\n|-damage|p2a: Meowstic|189/280|[from] item: Life Orb\n|\n|upkeep\n|\n|t:|1770033318\n|switch|p1a: Ambipom|Ambipom, L83, M|260/260\n|turn|7\n|\n|t:|1770033326\n|switch|p2a: Flareon|Flareon, L88, F|17/258 tox\n|move|p1a: Ambipom|Fake Out|p2a: Flareon\n|-damage|p2a: Flareon|0 fnt\n|faint|p2a: Flareon\n|\n|upkeep\n|\n|t:|1770033340\n|switch|p2a: Pachirisu|Pachirisu, L95, F|268/268\n|turn|8\n|\n|t:|1770033351\n|move|p1a: Ambipom|Return|p2a: Pachirisu\n|-damage|p2a: Pachirisu|139/268\n|move|p2a: Pachirisu|Nuzzle|p1a: Ambipom\n|-damage|p1a: Ambipom|239/260\n|-status|p1a: Ambipom|par\n|\n|-heal|p2a: Pachirisu|155/268|[from] item: Leftovers\n|upkeep\n|turn|9\n|\n|t:|1770033371\n|move|p2a: Pachirisu|U-turn|p1a: Ambipom\n|-damage|p1a: Ambipom|190/260 par\n|\n|t:|1770033374\n|switch|p2a: Ursaring|Ursaring, L85, M|292/292|[from] U-turn\n|move|p1a: Ambipom|Knock Off|p2a: Ursaring\n|-damage|p2a: Ursaring|214/292\n|-enditem|p2a: Ursaring|Toxic Orb|[from] move: Knock Off|[of] p1a: Ambipom\n|\n|upkeep\n|turn|10\n|\n|t:|1770033388\n|move|p2a: Ursaring|Close Combat|p1a: Ambipom\n|-supereffective|p1a: Ambipom\n|-damage|p1a: Ambipom|0 fnt\n|-unboost|p2a: Ursaring|def|1\n|-unboost|p2a: Ursaring|spd|1\n|faint|p1a: Ambipom\n|\n|upkeep\n|\n|t:|1770033391\n|switch|p1a: Moltres|Moltres, L81|277/277\n|turn|11\n|\n|t:|1770033417\n|move|p1a: Moltres|Fire Blast|p2a: Ursaring|[miss]\n|-miss|p1a: Moltres|p2a: Ursaring\n|move|p2a: Ursaring|Facade|p1a: Moltres\n|-damage|p1a: Moltres|171/277\n|\n|-heal|p1a: Moltres|188/277|[from] item: Leftovers\n|upkeep\n|turn|12\n|\n|t:|1770033423\n|move|p1a: Moltres|Roost|p1a: Moltres\n|-heal|p1a: Moltres|277/277\n|-singleturn|p1a: Moltres|move: Roost\n|move|p2a: Ursaring|Facade|p1a: Moltres\n|-damage|p1a: Moltres|183/277\n|-status|p2a: Ursaring|brn|[from] ability: Flame Body|[of] p1a: Moltres\n|\n|-heal|p1a: Moltres|200/277|[from] item: Leftovers\n|-damage|p2a: Ursaring|178/292 brn|[from] brn\n|upkeep\n|turn|13\n|\n|t:|1770033438\n|move|p2a: Ursaring|Facade|p1a: Moltres\n|-damage|p1a: Moltres|0 fnt\n|faint|p1a: Moltres\n|\n|-damage|p2a: Ursaring|142/292 brn|[from] brn\n|upkeep\n|-message|pooster forfeited.\n|\n|win|Plop\n|raw|pooster's rating: 1519 &rarr; <strong>1507</strong><br />(-12 for losing)\n|raw|Plop's rating: 1660 &rarr; <strong>1672</strong><br />(+12 for winning)\n|l|☆pooster\n|player|p1|\n", "inputlog": ">version ccdc32dd7cde25fd9e4bed64820e885f66e78a4e\n>start {\"formatid\":\"gen6randombattle\",\"seed\":\"sodium,4f360a922021ad2bc01ea6fa9250ec3f\",\"rated\":\"Rated battle\"}\n>player p1 {\"name\":\"pooster\",\"avatar\":\"clown\",\"rating\":1519,\"seed\":\"sodium,ad13f97948f82651537ec8f425d1fe51\"}\n>player p2 {\"name\":\"Plop\",\"avatar\":\"#rbtt9travelers\",\"rating\":1660,\"seed\":\"sodium,047f1382f5afcb074f0e4328ec6dbbf8\"}\n>p1 move superfang\n>p2 move flamecharge\n>p1 switch 2\n>p2 move facade\n>p1 switch 2\n>p2 move flareblitz\n>p1 switch 3\n>p1 move fakeout\n>p2 switch 4\n>p1 switch 2\n>p2 move psyshock\n>p1 move recover\n>p2 move psyshock\n>p1 switch 5\n>p1 move fakeout\n>p2 switch 4\n>p2 switch 3\n>p1 move return\n>p2 move nuzzle\n>p1 move knockoff\n>p2 move uturn\n>p2 switch 6\n>p1 move uturn\n>p2 move closecombat\n>p1 switch 4\n>p1 move fireblast\n>p2 move facade\n>p1 move roost\n>p2 move facade\n>p1 move fireblast\n>p2 move facade\n>forcelose p1", "uploadtime": 1770033660, "views": 221, "formatid": "gen6randombattle", "rating": 1507, "private": 0, "password": null}