{"id": "gen6randombattle-2522222231", "format": "[Gen 6] Random Battle", "players": ["digue007", "arboretums"], "log": "|j|☆digue007\n|j|☆arboretums\n|t:|1768873566\n|gametype|singles\n|player|p1|digue007|169|1576\n|player|p2|arboretums|serena-masters2|1698\n|gen|6\n|tier|[Gen 6] Random Battle\n|rated|\n|rule|Sleep Clause Mod: Limit one foe put to sleep\n|rule|HP Percentage Mod: HP is shown in percentages\n|rule|Illusion Level Mod: Illusion disguises the Pokémon's true level\n|\n|t:|1768873566\n|teamsize|p1|6\n|teamsize|p2|6\n|start\n|switch|p1a: Throh|Throh, L88, M|354/354\n|switch|p2a: Butterfree|Butterfree, L92, F|259/259\n|turn|1\n|inactive|Battle timer is ON: inactive players will automatically lose when time's up. (requested by digue007)\n|\n|t:|1768873575\n|switch|p1a: Lickilicky|Lickilicky, L88, F|337/337\n|-ability|p1a: Lickilicky|Cloud Nine\n|move|p2a: Butterfree|Sleep Powder|p1a: Lickilicky\n|-status|p1a: Lickilicky|slp|[from] move: Sleep Powder\n|\n|upkeep\n|turn|2\n|\n|t:|1768873582\n|switch|p2a: Dragalge|Dragalge, L87, M|255/255\n|switch|p1a: Dodrio|Dodrio, L86, M|243/243\n|\n|upkeep\n|turn|3\n|\n|t:|1768873591\n|switch|p1a: Groudon|Groudon, L74|270/270\n|-weather|SunnyDay|[from] ability: Drought|[of] p1a: Groudon\n|move|p2a: Dragalge|Sludge Wave|p1a: Groudon\n|-resisted|p1a: Groudon\n|-damage|p1a: Groudon|154/270\n|\n|-weather|SunnyDay|[upkeep]\n|-heal|p1a: Groudon|170/270|[from] item: Leftovers\n|upkeep\n|turn|4\n|\n|t:|1768873599\n|switch|p2a: Butterfree|Butterfree, L92, F|259/259\n|move|p1a: Groudon|Rock Polish|p1a: Groudon\n|-boost|p1a: Groudon|spe|2\n|\n|-weather|SunnyDay|[upkeep]\n|-heal|p1a: Groudon|186/270|[from] item: Leftovers\n|upkeep\n|turn|5\n|\n|t:|1768873609\n|move|p1a: Groudon|Fire Punch|p2a: Butterfree\n|-supereffective|p2a: Butterfree\n|-damage|p2a: Butterfree|21/259\n|-status|p2a: Butterfree|brn\n|move|p2a: Butterfree|Bug Buzz|p1a: Groudon\n|-damage|p1a: Groudon|68/270\n|\n|-weather|SunnyDay|[upkeep]\n|-heal|p1a: Groudon|84/270|[from] item: Leftovers\n|-heal|p2a: Butterfree|37/259 brn|[from] item: Leftovers\n|-damage|p2a: Butterfree|5/259 brn|[from] brn\n|upkeep\n|turn|6\n|\n|t:|1768873618\n|move|p1a: Groudon|Fire Punch|p2a: Butterfree\n|-supereffective|p2a: Butterfree\n|-damage|p2a: Butterfree|0 fnt\n|faint|p2a: Butterfree\n|\n|-weather|SunnyDay|[upkeep]\n|-heal|p1a: Groudon|100/270|[from] item: Leftovers\n|upkeep\n|\n|t:|1768873635\n|switch|p2a: Cinccino|Cinccino, L82, M|257/257\n|turn|7\n|inactive|digue007 has 120 seconds left.\n|\n|t:|1768873669\n|move|p1a: Groudon|Precipice Blades|p2a: Cinccino\n|-damage|p2a: Cinccino|55/257\n|move|p2a: Cinccino|Tail Slap|p1a: Groudon\n|-damage|p1a: Groudon|72/270\n|-damage|p1a: Groudon|41/270\n|-damage|p1a: Groudon|14/270\n|-damage|p1a: Groudon|0 fnt\n|faint|p1a: Groudon\n|-hitcount|p1: Groudon|4\n|\n|-weather|none\n|upkeep\n|inactive|digue007 has 120 seconds left.\n|\n|t:|1768873685\n|switch|p1a: Escavalier|Escavalier, L84, M|255/255\n|turn|8\n|\n|t:|1768873698\n|switch|p2a: Relicanth|Relicanth, L87, M|316/316\n|move|p1a: Escavalier|Knock Off|p2a: Relicanth\n|-damage|p2a: Relicanth|255/316\n|-enditem|p2a: Relicanth|Leftovers|[from] move: Knock Off|[of] p1a: Escavalier\n|\n|upkeep\n|turn|9\n|inactive|digue007 has 120 seconds left.\n|\n|t:|1768873709\n|move|p2a: Relicanth|Head Smash|p1a: Escavalier\n|-damage|p1a: Escavalier|108/255\n|move|p1a: Escavalier|Iron Head|p2a: Relicanth\n|-damage|p2a: Relicanth|174/316\n|\n|-heal|p1a: Escavalier|123/255|[from] item: Leftovers\n|upkeep\n|turn|10\n|\n|t:|1768873715\n|switch|p1a: Throh|Throh, L88, M|354/354\n|move|p2a: Relicanth|Head Smash|p1a: Throh\n|-resisted|p1a: Throh\n|-damage|p1a: Throh|270/354\n|\n|-heal|p1a: Throh|292/354|[from] item: Leftovers\n|upkeep\n|turn|11\n|\n|t:|1768873720\n|switch|p2a: Dragalge|Dragalge, L87, M|255/255\n|move|p1a: Throh|Circle Throw|p2a: Dragalge\n|-resisted|p2a: Dragalge\n|-damage|p2a: Dragalge|218/255\n|drag|p2a: Swellow|Swellow, L81, M|230/230\n|\n|-heal|p1a: Throh|314/354|[from] item: Leftovers\n|-status|p2a: Swellow|tox|[from] item: Toxic Orb\n|upkeep\n|turn|12\n|\n|t:|1768873726\n|switch|p1a: Lickilicky|Lickilicky, L88, F|337/337 slp\n|-ability|p1a: Lickilicky|Cloud Nine\n|move|p2a: Swellow|Brave Bird|p1a: Lickilicky\n|-damage|p1a: Lickilicky|190/337 slp\n|-damage|p2a: Swellow|181/230 tox|[from] Recoil\n|\n|-heal|p1a: Lickilicky|211/337 slp|[from] item: Leftovers\n|-damage|p2a: Swellow|167/230 tox|[from] psn\n|upkeep\n|turn|13\n|\n|t:|1768873734\n|move|p2a: Swellow|Facade|p1a: Lickilicky\n|-damage|p1a: Lickilicky|45/337 slp\n|cant|p1a: Lickilicky|slp\n|\n|-heal|p1a: Lickilicky|66/337 slp|[from] item: Leftovers\n|-damage|p2a: Swellow|139/230 tox|[from] psn\n|upkeep\n|turn|14\n|\n|t:|1768873738\n|move|p2a: Swellow|Facade|p1a: Lickilicky\n|-damage|p1a: Lickilicky|0 fnt\n|faint|p1a: Lickilicky\n|\n|-damage|p2a: Swellow|97/230 tox|[from] psn\n|upkeep\n|\n|t:|1768873745\n|switch|p1a: Pelipper|Pelipper, L91, F|257/257\n|turn|15\n|\n|t:|1768873750\n|move|p2a: Swellow|U-turn|p1a: Pelipper\n|-resisted|p1a: Pelipper\n|-damage|p1a: Pelipper|229/257\n|\n|t:|1768873754\n|switch|p2a: Pikachu|Pikachu, L91, M|212/212|[from] U-turn\n|move|p1a: Pelipper|Scald|p2a: Pikachu\n|-damage|p2a: Pikachu|79/212\n|\n|-heal|p1a: Pelipper|245/257|[from] item: Leftovers\n|upkeep\n|turn|16\n|\n|t:|1768873763\n|switch|p1a: Escavalier|Escavalier, L84, M|123/255\n|move|p2a: Pikachu|Volt Switch|p1a: Escavalier\n|-damage|p1a: Escavalier|21/255\n|\n|t:|1768873767\n|switch|p2a: Swellow|Swellow, L81, M|97/230 tox|[from] Volt Switch\n|\n|-heal|p1a: Escavalier|36/255|[from] item: Leftovers\n|-damage|p2a: Swellow|83/230 tox|[from] psn\n|upkeep\n|turn|17\n|\n|t:|1768873784\n|move|p2a: Swellow|Facade|p1a: Escavalier\n|-resisted|p1a: Escavalier\n|-damage|p1a: Escavalier|0 fnt\n|faint|p1a: Escavalier\n|\n|-damage|p2a: Swellow|55/230 tox|[from] psn\n|upkeep\n|\n|t:|1768873792\n|switch|p1a: Pelipper|Pelipper, L91, F|245/257\n|turn|18\n|\n|t:|1768873809\n|move|p2a: Swellow|U-turn|p1a: Pelipper\n|-resisted|p1a: Pelipper\n|-crit|p1a: Pelipper\n|-damage|p1a: Pelipper|206/257\n|\n|t:|1768873812\n|switch|p2a: Relicanth|Relicanth, L87, M|174/316|[from] U-turn\n|move|p1a: Pelipper|Scald|p2a: Relicanth\n|-damage|p2a: Relicanth|74/316\n|\n|-heal|p1a: Pelipper|222/257|[from] item: Leftovers\n|upkeep\n|turn|19\n|\n|t:|1768873819\n|move|p1a: Pelipper|Scald|p2a: Relicanth\n|-damage|p2a: Relicanth|0 fnt\n|faint|p2a: Relicanth\n|\n|-heal|p1a: Pelipper|238/257|[from] item: Leftovers\n|upkeep\n|\n|t:|1768873821\n|switch|p2a: Pikachu|Pikachu, L91, M|79/212\n|turn|20\n|\n|t:|1768873828\n|switch|p1a: Throh|Throh, L88, M|314/354\n|move|p2a: Pikachu|Volt Switch|p1a: Throh\n|-damage|p1a: Throh|206/354\n|\n|t:|1768873831\n|switch|p2a: Swellow|Swellow, L81, M|55/230 tox|[from] Volt Switch\n|\n|-heal|p1a: Throh|228/354|[from] item: Leftovers\n|-damage|p2a: Swellow|41/230 tox|[from] psn\n|upkeep\n|turn|21\n|\n|t:|1768873836\n|switch|p1a: Pelipper|Pelipper, L91, F|238/257\n|move|p2a: Swellow|Facade|p1a: Pelipper\n|-damage|p1a: Pelipper|78/257\n|\n|-heal|p1a: Pelipper|94/257|[from] item: Leftovers\n|-damage|p2a: Swellow|13/230 tox|[from] psn\n|upkeep\n|turn|22\n|\n|t:|1768873844\n|move|p2a: Swellow|Facade|p1a: Pelipper\n|-damage|p1a: Pelipper|0 fnt\n|faint|p1a: Pelipper\n|\n|-damage|p2a: Swellow|0 fnt|[from] psn\n|faint|p2a: Swellow\n|upkeep\n|\n|t:|1768873859\n|switch|p2a: Dragalge|Dragalge, L87, M|218/255\n|switch|p1a: Dodrio|Dodrio, L86, M|243/243\n|turn|23\n|\n|t:|1768873863\n|move|p1a: Dodrio|Brave Bird|p2a: Dragalge\n|-damage|p2a: Dragalge|37/255\n|-damage|p1a: Dodrio|183/243|[from] Recoil\n|-damage|p1a: Dodrio|159/243|[from] item: Life Orb\n|move|p2a: Dragalge|Sludge Wave|p1a: Dodrio\n|-damage|p1a: Dodrio|0 fnt\n|faint|p1a: Dodrio\n|\n|upkeep\n|\n|t:|1768873866\n|switch|p1a: Throh|Throh, L88, M|228/354\n|turn|24\n|\n|t:|1768873870\n|move|p1a: Throh|Bulk Up|p1a: Throh\n|-boost|p1a: Throh|atk|1\n|-boost|p1a: Throh|def|1\n|move|p2a: Dragalge|Sludge Wave|p1a: Throh\n|-damage|p1a: Throh|20/354\n|\n|-heal|p1a: Throh|42/354|[from] item: Leftovers\n|upkeep\n|turn|25\n|\n|t:|1768873873\n|move|p1a: Throh|Rest|p1a: Throh\n|-status|p1a: Throh|slp|[from] move: Rest\n|-heal|p1a: Throh|354/354 slp|[silent]\n|move|p2a: Dragalge|Sludge Wave|p1a: Throh\n|-damage|p1a: Throh|138/354 slp\n|\n|-heal|p1a: Throh|160/354 slp|[from] item: Leftovers\n|upkeep\n|turn|26\n|\n|t:|1768873874\n|cant|p1a: Throh|slp\n|move|p1a: Throh|Sleep Talk|p1a: Throh\n|move|p1a: Throh|Circle Throw|p2a: Dragalge|[from] move: Sleep Talk\n|-resisted|p2a: Dragalge\n|-damage|p2a: Dragalge|0 fnt\n|faint|p2a: Dragalge\n|\n|-heal|p1a: Throh|182/354 slp|[from] item: Leftovers\n|upkeep\n|\n|t:|1768873880\n|switch|p2a: Pikachu|Pikachu, L91, M|79/212\n|turn|27\n|\n|t:|1768873886\n|move|p2a: Pikachu|Volt Switch|p1a: Throh\n|-damage|p1a: Throh|83/354 slp\n|\n|t:|1768873888\n|switch|p2a: Cinccino|Cinccino, L82, M|55/257|[from] Volt Switch\n|cant|p1a: Throh|slp\n|move|p1a: Throh|Sleep Talk|p1a: Throh\n|move|p1a: Throh|Circle Throw|p2a: Cinccino|[from] move: Sleep Talk\n|-supereffective|p2a: Cinccino\n|-damage|p2a: Cinccino|0 fnt\n|faint|p2a: Cinccino\n|\n|-heal|p1a: Throh|105/354 slp|[from] item: Leftovers\n|upkeep\n|\n|t:|1768873889\n|switch|p2a: Pikachu|Pikachu, L91, M|79/212\n|turn|28\n|\n|t:|1768873894\n|move|p2a: Pikachu|Volt Tackle|p1a: Throh\n|-damage|p1a: Throh|0 fnt\n|faint|p1a: Throh\n|-damage|p2a: Pikachu|44/212|[from] Recoil\n|\n|win|arboretums\n|raw|digue007's rating: 1576 &rarr; <strong>1563</strong><br />(-13 for losing)\n|raw|arboretums's rating: 1698 &rarr; <strong>1711</strong><br />(+13 for winning)\n", "inputlog": ">version 3bd1a1e329da8d286644078cfc9a9638fc7ea025\n>start {\"formatid\":\"gen6randombattle\",\"seed\":\"sodium,b4cbeaa9ef2eb6f98e711031dee64e2b\",\"rated\":\"Rated battle\"}\n>player p1 {\"name\":\"digue007\",\"avatar\":\"169\",\"rating\":1576,\"seed\":\"sodium,fe61506d60b9c613a88910182ad5817c\"}\n>player p2 {\"name\":\"arboretums\",\"avatar\":\"serena-masters2\",\"rating\":1698,\"seed\":\"sodium,ee27a30582fcd3da9d40c99b1d2c0040\"}\n>p1 switch 2\n>p2 move sleeppowder\n>p1 switch 6\n>p2 switch 2\n>p1 switch 5\n>p2 move sludgewave\n>p1 move rockpolish\n>p2 switch 2\n>p1 move firepunch\n>p2 move bugbuzz\n>p1 move firepunch\n>p2 move bugbuzz\n>p2 switch 5\n>p1 move precipiceblades\n>p2 move tailslap\n>p1 switch 3\n>p1 move knockoff\n>p2 switch 4\n>p1 move ironhead\n>p2 move headsmash\n>p1 switch 2\n>p2 move headsmash\n>p1 move circlethrow\n>p2 switch 2\n>p1 switch 6\n>p2 move bravebird\n>p1 move return\n>p2 move facade\n>p1 move return\n>p2 move facade\n>p1 switch 4\n>p1 move scald\n>p2 move uturn\n>p2 switch 3\n>p1 switch 2\n>p2 move voltswitch\n>p2 switch 3\n>p1 move knockoff\n>p2 move facade\n>p1 switch 2\n>p1 move scald\n>p2 move uturn\n>p2 switch 2\n>p1 move scald\n>p2 move headsmash\n>p2 switch 3\n>p1 switch 6\n>p2 move voltswitch\n>p2 switch 2\n>p1 switch 6\n>p2 move facade\n>p1 move roost\n>p2 move facade\n>p1 switch 5\n>p2 switch 6\n>p1 move bravebird\n>p2 move sludgewave\n>p1 switch 6\n>p1 move bulkup\n>p2 move sludgewave\n>p1 move rest\n>p2 move sludgewave\n>p1 move sleeptalk\n>p2 move sludgewave\n>p2 switch 2\n>p1 move sleeptalk\n>p2 move voltswitch\n>p2 switch 4\n>p2 switch 4\n>p1 move rest\n>p2 move volttackle", "uploadtime": 1768873895, "views": 321, "formatid": "gen6randombattle", "rating": 1563, "private": 0, "password": null}