{"id": "gen6randombattle-2527678475", "format": "[Gen 6] Random Battle", "players": ["enchantedcrocs", "Rakunda"], "log": "|j|☆enchantedcrocs\n|j|☆Rakunda\n|t:|1769562767\n|gametype|singles\n|player|p1|enchantedcrocs|nate|1697\n|player|p2|Rakunda|steven|1644\n|gen|6\n|tier|[Gen 6] Random Battle\n|rated|\n|rule|Sleep Clause Mod: Limit one foe put to sleep\n|rule|HP Percentage Mod: HP is shown in percentages\n|rule|Illusion Level Mod: Illusion disguises the Pokémon's true level\n|\n|t:|1769562767\n|teamsize|p1|6\n|teamsize|p2|6\n|start\n|switch|p1a: Mesprit|Mesprit, L85|275/275\n|switch|p2a: Scizor|Scizor, L74, M|226/226\n|turn|1\n|inactive|Battle timer is ON: inactive players will automatically lose when time's up. (requested by Rakunda)\n|inactive|Rakunda has 120 seconds left.\n|\n|t:|1769562798\n|detailschange|p2a: Scizor|Scizor-Mega, L74, M\n|-mega|p2a: Scizor|Scizor|Scizorite\n|move|p1a: Mesprit|Hidden Power|p2a: Scizor\n|-supereffective|p2a: Scizor\n|-damage|p2a: Scizor|0 fnt\n|faint|p2a: Scizor\n|detailschange|p2: Scizor|Scizor, L74, M|[silent]\n|\n|upkeep\n|\n|t:|1769562809\n|switch|p2a: Heatmor|Heatmor, L92, M|306/306\n|turn|2\n|\n|t:|1769562831\n|switch|p1a: Keldeo|Keldeo-Resolute, L79|273/273\n|move|p2a: Heatmor|Giga Drain|p1a: Keldeo\n|-supereffective|p1a: Keldeo\n|-damage|p1a: Keldeo|107/273\n|-damage|p2a: Heatmor|276/306|[from] item: Life Orb\n|\n|upkeep\n|turn|3\n|\n|t:|1769562844\n|switch|p2a: Tentacruel|Tentacruel, L83, M|268/268\n|move|p1a: Keldeo|Scald|p2a: Tentacruel\n|-resisted|p2a: Tentacruel\n|-damage|p2a: Tentacruel|219/268\n|-damage|p1a: Keldeo|80/273|[from] item: Life Orb\n|\n|-heal|p2a: Tentacruel|235/268|[from] item: Black Sludge\n|upkeep\n|turn|4\n|inactive|enchantedcrocs has 120 seconds left.\n|\n|t:|1769562878\n|switch|p1a: Mesprit|Mesprit, L85|275/275\n|move|p2a: Tentacruel|Sludge Bomb|p1a: Mesprit\n|-damage|p1a: Mesprit|208/275\n|-status|p1a: Mesprit|psn\n|\n|-heal|p2a: Tentacruel|251/268|[from] item: Black Sludge\n|-damage|p1a: Mesprit|174/275 psn|[from] psn\n|upkeep\n|turn|5\n|\n|t:|1769562893\n|switch|p2a: Vespiquen|Vespiquen, F|301/301\n|-ability|p2a: Vespiquen|Pressure\n|move|p1a: Mesprit|U-turn|p2a: Vespiquen\n|-resisted|p2a: Vespiquen\n|-damage|p2a: Vespiquen|282/301\n|inactive|enchantedcrocs has 90 seconds left.\n|\n|t:|1769562923\n|switch|p1a: Beedrill|Beedrill, L77, F|227/227|[from] U-turn\n|\n|-heal|p2a: Vespiquen|300/301|[from] item: Leftovers\n|upkeep\n|turn|6\n|\n|t:|1769562935\n|detailschange|p1a: Beedrill|Beedrill-Mega, L77, F\n|-mega|p1a: Beedrill|Beedrill|Beedrillite\n|move|p1a: Beedrill|Knock Off|p2a: Vespiquen\n|-damage|p2a: Vespiquen|236/301\n|-enditem|p2a: Vespiquen|Leftovers|[from] move: Knock Off|[of] p1a: Beedrill\n|move|p2a: Vespiquen|Air Slash|p1a: Beedrill\n|-supereffective|p1a: Beedrill\n|-damage|p1a: Beedrill|0 fnt\n|faint|p1a: Beedrill\n|detailschange|p1: Beedrill|Beedrill, L77, F|[silent]\n|\n|upkeep\n|inactive|enchantedcrocs has 90 seconds left.\n|\n|t:|1769562947\n|switch|p1a: Glaceon|Glaceon, L91, M|266/266\n|turn|7\n|\n|t:|1769562956\n|switch|p1a: Mesprit|Mesprit, L85|174/275 psn\n|switch|p2a: Tentacruel|Tentacruel, L83, M|251/268\n|\n|-heal|p2a: Tentacruel|267/268|[from] item: Black Sludge\n|-damage|p1a: Mesprit|140/275 psn|[from] psn\n|upkeep\n|turn|8\n|\n|t:|1769562968\n|switch|p2a: Vespiquen|Vespiquen, F|236/301\n|-ability|p2a: Vespiquen|Pressure\n|move|p1a: Mesprit|Psychic|p2a: Vespiquen\n|-damage|p2a: Vespiquen|110/301\n|-unboost|p2a: Vespiquen|spd|1\n|\n|-damage|p1a: Mesprit|106/275 psn|[from] psn\n|upkeep\n|turn|9\n|inactive|Rakunda has 120 seconds left.\n|\n|t:|1769563027\n|move|p1a: Mesprit|Psychic|p2a: Vespiquen\n|-damage|p2a: Vespiquen|0 fnt\n|faint|p2a: Vespiquen\n|\n|-damage|p1a: Mesprit|72/275 psn|[from] psn\n|upkeep\n|\n|t:|1769563036\n|switch|p2a: Heatmor|Heatmor, L92, M|276/306\n|turn|10\n|inactive|enchantedcrocs has 120 seconds left.\n|\n|t:|1769563048\n|move|p2a: Heatmor|Sucker Punch|p1a: Mesprit\n|-supereffective|p1a: Mesprit\n|-damage|p1a: Mesprit|0 fnt\n|faint|p1a: Mesprit\n|-damage|p2a: Heatmor|246/306|[from] item: Life Orb\n|\n|upkeep\n|inactive|enchantedcrocs has 120 seconds left.\n|\n|t:|1769563057\n|switch|p1a: Keldeo|Keldeo-Resolute, L79|80/273\n|turn|11\n|\n|t:|1769563061\n|switch|p2a: Muk|Muk, L88, M|328/328\n|move|p1a: Keldeo|Scald|p2a: Muk\n|-damage|p2a: Muk|223/328\n|-damage|p1a: Keldeo|53/273|[from] item: Life Orb\n|\n|-heal|p2a: Muk|243/328|[from] item: Black Sludge\n|upkeep\n|turn|12\n|inactive|Rakunda has 120 seconds left.\n|\n|t:|1769563072\n|switch|p2a: Tentacruel|Tentacruel, L83, M|267/268\n|move|p1a: Keldeo|Scald|p2a: Tentacruel\n|-resisted|p2a: Tentacruel\n|-crit|p2a: Tentacruel\n|-damage|p2a: Tentacruel|196/268\n|-damage|p1a: Keldeo|26/273|[from] item: Life Orb\n|\n|-heal|p2a: Tentacruel|212/268|[from] item: Black Sludge\n|upkeep\n|turn|13\n|inactive|Rakunda has 120 seconds left.\n|\n|t:|1769563083\n|switch|p1a: Bibarel|Bibarel, L95, F|304/304\n|move|p2a: Tentacruel|Sludge Bomb|p1a: Bibarel\n|-damage|p1a: Bibarel|216/304\n|\n|-heal|p2a: Tentacruel|228/268|[from] item: Black Sludge\n|-heal|p1a: Bibarel|235/304|[from] item: Leftovers\n|upkeep\n|turn|14\n|\n|t:|1769563093\n|move|p2a: Tentacruel|Sludge Bomb|p1a: Bibarel\n|-damage|p1a: Bibarel|136/304\n|-status|p1a: Bibarel|psn\n|move|p1a: Bibarel|Curse|p1a: Bibarel\n|-unboost|p1a: Bibarel|spe|2\n|-boost|p1a: Bibarel|atk|2\n|-boost|p1a: Bibarel|def|2\n|\n|-heal|p2a: Tentacruel|244/268|[from] item: Black Sludge\n|-heal|p1a: Bibarel|155/304 psn|[from] item: Leftovers\n|-damage|p1a: Bibarel|117/304 psn|[from] psn\n|upkeep\n|turn|15\n|\n|t:|1769563107\n|move|p2a: Tentacruel|Haze|p2a: Tentacruel\n|-clearallboost\n|move|p1a: Bibarel|Return|p2a: Tentacruel\n|-damage|p2a: Tentacruel|91/268\n|\n|-heal|p2a: Tentacruel|107/268|[from] item: Black Sludge\n|-heal|p1a: Bibarel|136/304 psn|[from] item: Leftovers\n|-damage|p1a: Bibarel|98/304 psn|[from] psn\n|upkeep\n|turn|16\n|\n|t:|1769563119\n|move|p2a: Tentacruel|Sludge Bomb|p1a: Bibarel\n|-damage|p1a: Bibarel|2/304 psn\n|move|p1a: Bibarel|Return|p2a: Tentacruel\n|-damage|p2a: Tentacruel|0 fnt\n|faint|p2a: Tentacruel\n|\n|-heal|p1a: Bibarel|21/304 psn|[from] item: Leftovers\n|-damage|p1a: Bibarel|0 fnt|[from] psn\n|faint|p1a: Bibarel\n|upkeep\n|inactive|Rakunda has 120 seconds left.\n|\n|t:|1769563141\n|switch|p2a: Heatmor|Heatmor, L92, M|246/306\n|switch|p1a: Keldeo|Keldeo-Resolute, L79|26/273\n|turn|17\n|\n|t:|1769563148\n|move|p2a: Heatmor|Sucker Punch|p1a: Keldeo\n|-resisted|p1a: Keldeo\n|-damage|p1a: Keldeo|0 fnt\n|faint|p1a: Keldeo\n|-damage|p2a: Heatmor|216/306|[from] item: Life Orb\n|\n|upkeep\n|\n|t:|1769563152\n|switch|p1a: Gogoat|Gogoat, L90, M|368/368\n|turn|18\n|inactive|Rakunda has 120 seconds left.\n|\n|t:|1769563165\n|move|p1a: Gogoat|Earthquake|p2a: Heatmor\n|-supereffective|p2a: Heatmor\n|-damage|p2a: Heatmor|44/306\n|move|p2a: Heatmor|Fire Blast|p1a: Gogoat\n|-supereffective|p1a: Gogoat\n|-damage|p1a: Gogoat|0 fnt\n|faint|p1a: Gogoat\n|-damage|p2a: Heatmor|14/306|[from] item: Life Orb\n|\n|upkeep\n|\n|t:|1769563171\n|switch|p1a: Glaceon|Glaceon, L91, M|266/266\n|turn|19\n|\n|t:|1769563180\n|move|p2a: Heatmor|Fire Blast|p1a: Glaceon\n|-supereffective|p1a: Glaceon\n|-damage|p1a: Glaceon|0 fnt\n|faint|p1a: Glaceon\n|-damage|p2a: Heatmor|0 fnt|[from] item: Life Orb\n|faint|p2a: Heatmor\n|\n|win|Rakunda\n|raw|enchantedcrocs's rating: 1697 &rarr; <strong>1674</strong><br />(-23 for losing)\n|raw|Rakunda's rating: 1644 &rarr; <strong>1667</strong><br />(+23 for winning)\n|c|☆Rakunda|gg\n|l|☆enchantedcrocs\n|player|p1|\n", "inputlog": ">version b99ff0165a6231f17e8b78c2a78d1998375de664\n>start {\"formatid\":\"gen6randombattle\",\"seed\":\"sodium,a8bafa7ec9485ec8f214a82a33bbdd10\",\"rated\":\"Rated battle\"}\n>player p1 {\"name\":\"enchantedcrocs\",\"avatar\":\"nate\",\"rating\":1697,\"seed\":\"sodium,c2c230dbcbd51c545495f07f34c49136\"}\n>player p2 {\"name\":\"Rakunda\",\"avatar\":\"steven\",\"rating\":1644,\"seed\":\"sodium,4ce9d05895c961e6700f22b668af8c4f\"}\n>p1 move hiddenpower\n>p2 move knockoff mega\n>p2 switch 6\n>p1 switch 6\n>p2 move gigadrain\n>p1 move scald\n>p2 switch 4\n>p1 switch 6\n>p2 move sludgebomb\n>p1 move uturn\n>p2 switch 3\n>p1 switch 5\n>p1 move knockoff mega\n>p2 move airslash\n>p1 switch 4\n>p1 switch 5\n>p2 switch 3\n>p1 move psychic\n>p2 switch 3\n>p1 move psychic\n>p2 move roost\n>p2 switch 4\n>p1 move psychic\n>p2 move suckerpunch\n>p1 switch 6\n>p1 move scald\n>p2 switch 2\n>p1 move scald\n>p2 switch 3\n>p1 switch 3\n>p2 move sludgebomb\n>p1 move curse\n>p2 move sludgebomb\n>p1 move return\n>p2 move haze\n>p1 move return\n>p2 move sludgebomb\n>p1 switch 3\n>p2 switch 2\n>p1 move scald\n>p2 move suckerpunch\n>p1 switch 2\n>p1 move earthquake\n>p2 move fireblast\n>p1 switch 5\n>p1 move icebeam\n>p2 move fireblast", "uploadtime": 1769563229, "views": 295, "formatid": "gen6randombattle", "rating": 1667, "private": 0, "password": null}