{"id": "gen6randombattle-2535389356", "format": "[Gen 6] Random Battle", "players": ["TrumpzPhatAzz", "Glenn M5"], "log": "|j|☆TrumpzPhatAzz\n|j|☆Glenn M5\n|t:|1770562109\n|gametype|singles\n|player|p1|TrumpzPhatAzz|burgh|1582\n|player|p2|Glenn M5|lucas|1768\n|gen|6\n|tier|[Gen 6] Random Battle\n|rated|\n|rule|Sleep Clause Mod: Limit one foe put to sleep\n|rule|HP Percentage Mod: HP is shown in percentages\n|rule|Illusion Level Mod: Illusion disguises the Pokémon's true level\n|\n|t:|1770562109\n|teamsize|p1|6\n|teamsize|p2|6\n|start\n|switch|p1a: Kecleon|Kecleon, L89, M|252/252\n|switch|p2a: Porygon2|Porygon2, L81|270/270\n|-ability|p2a: Porygon2|Download|boost\n|-boost|p2a: Porygon2|atk|1\n|turn|1\n|inactive|Battle timer is ON: inactive players will automatically lose when time's up. (requested by TrumpzPhatAzz)\n|\n|t:|1770562127\n|switch|p2a: Qwilfish|Qwilfish, L84, M|246/246\n|-ability|p2a: Qwilfish|Intimidate|boost\n|-unboost|p1a: Kecleon|atk|1\n|switch|p1a: Bronzong|Bronzong, L85|253/253\n|\n|upkeep\n|turn|2\n|\n|t:|1770562150\n|move|p2a: Qwilfish|Taunt|p1a: Bronzong\n|-start|p1a: Bronzong|move: Taunt\n|move|p1a: Bronzong|Psychic|p2a: Qwilfish\n|-supereffective|p2a: Qwilfish\n|-crit|p2a: Qwilfish\n|-damage|p2a: Qwilfish|0 fnt\n|faint|p2a: Qwilfish\n|\n|upkeep\n|\n|t:|1770562159\n|switch|p2a: Vivillon|Vivillon-Monsoon, L83, M|267/267\n|turn|3\n|\n|t:|1770562174\n|move|p2a: Vivillon|Quiver Dance|p2a: Vivillon\n|-boost|p2a: Vivillon|spa|1\n|-boost|p2a: Vivillon|spd|1\n|-boost|p2a: Vivillon|spe|1\n|move|p1a: Bronzong|Iron Head|p2a: Vivillon\n|-damage|p2a: Vivillon|138/267\n|\n|-heal|p2a: Vivillon|154/267|[from] item: Leftovers\n|upkeep\n|turn|4\n|\n|t:|1770562178\n|move|p2a: Vivillon|Sleep Powder|p1a: Bronzong\n|-status|p1a: Bronzong|slp|[from] move: Sleep Powder\n|cant|p1a: Bronzong|slp\n|\n|-heal|p2a: Vivillon|170/267|[from] item: Leftovers\n|-end|p1a: Bronzong|move: Taunt\n|upkeep\n|turn|5\n|\n|t:|1770562182\n|switch|p1a: Kecleon|Kecleon, L89, M|252/252\n|move|p2a: Vivillon|Quiver Dance|p2a: Vivillon\n|-boost|p2a: Vivillon|spa|1\n|-boost|p2a: Vivillon|spd|1\n|-boost|p2a: Vivillon|spe|1\n|\n|-heal|p2a: Vivillon|186/267|[from] item: Leftovers\n|upkeep\n|turn|6\n|\n|t:|1770562186\n|move|p1a: Kecleon|Shadow Sneak|p2a: Vivillon\n|-start|p1a: Kecleon|typechange|Ghost|[from] ability: Protean\n|-damage|p2a: Vivillon|99/267\n|-damage|p1a: Kecleon|227/252|[from] item: Life Orb\n|move|p2a: Vivillon|Hurricane|p1a: Kecleon\n|-damage|p1a: Kecleon|70/252\n|\n|-heal|p2a: Vivillon|115/267|[from] item: Leftovers\n|upkeep\n|turn|7\n|\n|t:|1770562193\n|move|p1a: Kecleon|Sucker Punch|p2a: Vivillon\n|-start|p1a: Kecleon|typechange|Dark|[from] ability: Protean\n|-damage|p2a: Vivillon|0 fnt\n|faint|p2a: Vivillon\n|-damage|p1a: Kecleon|45/252|[from] item: Life Orb\n|\n|upkeep\n|\n|t:|1770562200\n|switch|p2a: Bellossom|Bellossom, L96, F|299/299\n|turn|8\n|\n|t:|1770562208\n|switch|p1a: Farfetch’d|Farfetch’d, M|266/266\n|move|p2a: Bellossom|Swords Dance|p2a: Bellossom\n|-boost|p2a: Bellossom|atk|2\n|\n|upkeep\n|turn|9\n|\n|t:|1770562216\n|move|p1a: Farfetch’d|Brave Bird|p2a: Bellossom\n|-supereffective|p2a: Bellossom\n|-damage|p2a: Bellossom|57/299\n|-damage|p1a: Farfetch’d|186/266|[from] Recoil\n|move|p2a: Bellossom|Return|p1a: Farfetch’d\n|-damage|p1a: Farfetch’d|6/266\n|\n|-heal|p2a: Bellossom|75/299|[from] item: Leftovers\n|upkeep\n|turn|10\n|\n|t:|1770562221\n|move|p1a: Farfetch’d|Return|p2a: Bellossom\n|-crit|p2a: Bellossom\n|-damage|p2a: Bellossom|0 fnt\n|faint|p2a: Bellossom\n|\n|upkeep\n|\n|t:|1770562225\n|switch|p2a: Linoone|Linoone, L84, F|268/268\n|turn|11\n|\n|t:|1770562237\n|move|p2a: Linoone|Extreme Speed|p1a: Farfetch’d\n|-damage|p1a: Farfetch’d|0 fnt\n|faint|p1a: Farfetch’d\n|\n|upkeep\n|\n|t:|1770562257\n|switch|p1a: Typhlosion|Typhlosion, L84, M|267/267\n|turn|12\n|\n|t:|1770562261\n|switch|p2a: Porygon2|Porygon2, L81|270/270\n|-ability|p2a: Porygon2|Download|boost\n|-boost|p2a: Porygon2|atk|1\n|move|p1a: Typhlosion|Fire Blast|p2a: Porygon2\n|-damage|p2a: Porygon2|146/270\n|\n|upkeep\n|turn|13\n|\n|t:|1770562276\n|switch|p1a: Bronzong|Bronzong, L85|253/253 slp\n|move|p2a: Porygon2|Recover|p2a: Porygon2\n|-heal|p2a: Porygon2|270/270\n|\n|upkeep\n|turn|14\n|\n|t:|1770562287\n|switch|p2a: Linoone|Linoone, L84, F|268/268\n|switch|p1a: Azelf|Azelf, L80|251/251\n|\n|upkeep\n|turn|15\n|\n|t:|1770562293\n|move|p1a: Azelf|Psychic|p2a: Linoone\n|-damage|p2a: Linoone|103/268\n|-enditem|p2a: Linoone|Sitrus Berry|[eat]\n|-heal|p2a: Linoone|170/268|[from] item: Sitrus Berry\n|-damage|p1a: Azelf|226/251|[from] item: Life Orb\n|move|p2a: Linoone|Belly Drum|p2a: Linoone\n|-damage|p2a: Linoone|36/268\n|-setboost|p2a: Linoone|atk|6|[from] move: Belly Drum\n|\n|upkeep\n|turn|16\n|\n|t:|1770562302\n|switch|p1a: Kecleon|Kecleon, L89, M|45/252\n|move|p2a: Linoone|Extreme Speed|p1a: Kecleon\n|-damage|p1a: Kecleon|0 fnt\n|faint|p1a: Kecleon\n|\n|upkeep\n|\n|t:|1770562305\n|switch|p1a: Carracosta|Carracosta, L87, F|271/271\n|turn|17\n|\n|t:|1770562318\n|move|p2a: Linoone|Seed Bomb|p1a: Carracosta\n|-supereffective|p1a: Carracosta\n|-damage|p1a: Carracosta|0 fnt\n|faint|p1a: Carracosta\n|\n|upkeep\n|\n|t:|1770562321\n|switch|p1a: Bronzong|Bronzong, L85|253/253 slp\n|turn|18\n|\n|t:|1770562324\n|move|p2a: Linoone|Shadow Claw|p1a: Bronzong\n|-supereffective|p1a: Bronzong\n|-crit|p1a: Bronzong\n|-damage|p1a: Bronzong|0 fnt\n|faint|p1a: Bronzong\n|\n|upkeep\n|\n|t:|1770562327\n|switch|p1a: Azelf|Azelf, L80|226/251\n|turn|19\n|\n|t:|1770562330\n|move|p2a: Linoone|Extreme Speed|p1a: Azelf\n|-damage|p1a: Azelf|0 fnt\n|faint|p1a: Azelf\n|\n|upkeep\n|\n|t:|1770562331\n|switch|p1a: Typhlosion|Typhlosion, L84, M|267/267\n|turn|20\n|\n|t:|1770562333\n|move|p2a: Linoone|Extreme Speed|p1a: Typhlosion\n|-damage|p1a: Typhlosion|0 fnt\n|faint|p1a: Typhlosion\n|\n|win|Glenn M5\n|raw|TrumpzPhatAzz's rating: 1582 &rarr; <strong>1572</strong><br />(-10 for losing)\n|raw|Glenn M5's rating: 1768 &rarr; <strong>1778</strong><br />(+10 for winning)\n|l|☆Glenn M5\n|player|p2|\n", "inputlog": ">version ccdc32dd7cde25fd9e4bed64820e885f66e78a4e\n>start {\"formatid\":\"gen6randombattle\",\"seed\":\"sodium,41acf236dfb069ee9836ba4e7bc20760\",\"rated\":\"Rated battle\"}\n>player p1 {\"name\":\"TrumpzPhatAzz\",\"avatar\":\"burgh\",\"rating\":1582,\"seed\":\"sodium,1e8fb15dffabf859c368b6d771ddc1dd\"}\n>player p2 {\"name\":\"Glenn M5\",\"avatar\":\"lucas\",\"rating\":1768,\"seed\":\"sodium,080faa6c13ad4e386b800410dacafd8d\"}\n>p1 switch 6\n>p2 switch 3\n>p1 move psychic\n>p2 move taunt\n>p2 switch 5\n>p1 move ironhead\n>p2 move quiverdance\n>p1 move ironhead\n>p2 move sleeppowder\n>p1 switch 6\n>p2 move quiverdance\n>p1 move shadowsneak\n>p2 move hurricane\n>p1 move suckerpunch\n>p2 move energyball\n>p2 switch 4\n>p1 switch 5\n>p2 move swordsdance\n>p1 move bravebird\n>p2 move return\n>p1 move return\n>p2 move drainpunch\n>p2 switch 2\n>p1 move bravebird\n>p2 move extremespeed\n>p1 switch 3\n>p1 move fireblast\n>p2 switch 3\n>p1 switch 6\n>p2 move recover\n>p1 switch 4\n>p2 switch 3\n>p1 move psychic\n>p2 move bellydrum\n>p1 switch 5\n>p2 move extremespeed\n>p1 switch 2\n>p1 move waterfall\n>p2 move seedbomb\n>p1 switch 4\n>p1 move earthquake\n>p2 move shadowclaw\n>p1 switch 5\n>p1 move psychic\n>p2 move extremespeed\n>p1 switch 6\n>p1 move fireblast\n>p2 move extremespeed", "uploadtime": 1770562339, "views": 221, "formatid": "gen6randombattle", "rating": 1572, "private": 0, "password": null}