{"id": "gen6randombattle-2518841951", "format": "[Gen 6] Random Battle", "players": ["Girthquake000", "ChenZengjia"], "log": "|j|☆Girthquake000\n|j|☆ChenZengjia\n|t:|1768431384\n|gametype|singles\n|player|p1|Girthquake000|giovanni|1524\n|player|p2|ChenZengjia|1|1560\n|gen|6\n|tier|[Gen 6] Random Battle\n|rated|\n|rule|Sleep Clause Mod: Limit one foe put to sleep\n|rule|HP Percentage Mod: HP is shown in percentages\n|rule|Illusion Level Mod: Illusion disguises the Pokémon's true level\n|\n|t:|1768431384\n|teamsize|p1|6\n|teamsize|p2|6\n|start\n|switch|p1a: Tornadus|Tornadus-Therian, L78, M|230/230\n|switch|p2a: Weavile|Weavile, L77, M|234/234\n|turn|1\n|inactive|Battle timer is ON: inactive players will automatically lose when time's up. (requested by Girthquake000)\n|\n|t:|1768431418\n|move|p2a: Weavile|Pursuit|p1a: Tornadus\n|-resisted|p1a: Tornadus\n|-damage|p1a: Tornadus|188/230\n|replace|p1a: Zoroark|Zoroark, L81, M\n|-end|p1a: Zoroark|Illusion\n|-hint|Illusion Level Mod is active, so this Pokémon's true level was hidden.\n|move|p1a: Zoroark|Flamethrower|p2a: Weavile\n|-supereffective|p2a: Weavile\n|-damage|p2a: Weavile|0 fnt\n|faint|p2a: Weavile\n|\n|upkeep\n|\n|t:|1768431435\n|switch|p2a: Tauros|Tauros, L82, M|257/257\n|turn|2\n|\n|t:|1768431442\n|move|p2a: Tauros|Body Slam|p1a: Zoroark\n|-damage|p1a: Zoroark|0 fnt\n|faint|p1a: Zoroark\n|\n|upkeep\n|\n|t:|1768431454\n|switch|p1a: Tornadus|Tornadus-Therian, L78, M|251/251\n|turn|3\n|\n|t:|1768431466\n|move|p1a: Tornadus|Superpower|p2a: Tauros\n|-supereffective|p2a: Tauros\n|-damage|p2a: Tauros|105/257\n|-unboost|p1a: Tornadus|atk|1\n|-unboost|p1a: Tornadus|def|1\n|move|p2a: Tauros|Body Slam|p1a: Tornadus\n|-damage|p1a: Tornadus|0 fnt\n|faint|p1a: Tornadus\n|\n|upkeep\n|inactive|Girthquake000 has 120 seconds left.\n|\n|t:|1768431509\n|switch|p1a: Qwilfish|Qwilfish, L84, M|246/246\n|-ability|p1a: Qwilfish|Intimidate|boost\n|-unboost|p2a: Tauros|atk|1\n|turn|4\n|\n|t:|1768431522\n|switch|p2a: Zebstrika|Zebstrika, L87, F|272/272\n|move|p1a: Qwilfish|Toxic Spikes|p2a: Zebstrika\n|-sidestart|p2: ChenZengjia|move: Toxic Spikes\n|\n|upkeep\n|turn|5\n|\n|t:|1768431534\n|move|p2a: Zebstrika|Volt Switch|p1a: Qwilfish\n|-supereffective|p1a: Qwilfish\n|-damage|p1a: Qwilfish|0 fnt\n|faint|p1a: Qwilfish\n|\n|t:|1768431539\n|switch|p2a: Watchog|Watchog, L94, F|265/265|[from] Volt Switch\n|-status|p2a: Watchog|psn\n|\n|-damage|p2a: Watchog|232/265 psn|[from] psn\n|upkeep\n|\n|t:|1768431543\n|switch|p1a: Medicham|Medicham, L77, M|219/219\n|turn|6\n|\n|t:|1768431561\n|detailschange|p1a: Medicham|Medicham-Mega, L77, M\n|-mega|p1a: Medicham|Medicham|Medichamite\n|move|p2a: Watchog|Return|p1a: Medicham\n|-damage|p1a: Medicham|32/219\n|-damage|p2a: Watchog|206/265 psn|[from] item: Life Orb\n|move|p1a: Medicham|High Jump Kick|p2a: Watchog|[miss]\n|-miss|p1a: Medicham|p2a: Watchog\n|-damage|p1a: Medicham|0 fnt|[from] highjumpkick\n|faint|p1a: Medicham\n|detailschange|p1: Medicham|Medicham, L77, M|[silent]\n|\n|-damage|p2a: Watchog|173/265 psn|[from] psn\n|upkeep\n|\n|t:|1768431569\n|switch|p1a: Kingdra|Kingdra, L84, M|263/263\n|turn|7\n|c|☆ChenZengjia|F\n|\n|t:|1768431579\n|move|p2a: Watchog|Knock Off|p1a: Kingdra\n|-damage|p1a: Kingdra|166/263\n|-enditem|p1a: Kingdra|Life Orb|[from] move: Knock Off|[of] p2a: Watchog\n|-damage|p2a: Watchog|147/265 psn|[from] item: Life Orb\n|move|p1a: Kingdra|Rain Dance|p1a: Kingdra\n|-weather|RainDance\n|\n|-weather|RainDance|[upkeep]\n|-damage|p2a: Watchog|114/265 psn|[from] psn\n|upkeep\n|turn|8\n|inactive|Girthquake000 has 120 seconds left.\n|\n|t:|1768431634\n|move|p1a: Kingdra|Hydro Pump|p2a: Watchog\n|-damage|p2a: Watchog|0 fnt\n|faint|p2a: Watchog\n|\n|-weather|RainDance|[upkeep]\n|upkeep\n|\n|t:|1768431642\n|switch|p2a: Dragonite|Dragonite, L73, F|253/253\n|turn|9\n|inactive|Girthquake000 has 90 seconds left.\n|\n|t:|1768431672\n|move|p1a: Kingdra|Ice Beam|p2a: Dragonite\n|-supereffective|p2a: Dragonite\n|-damage|p2a: Dragonite|127/253\n|move|p2a: Dragonite|Outrage|p1a: Kingdra\n|-supereffective|p1a: Kingdra\n|-damage|p1a: Kingdra|0 fnt\n|faint|p1a: Kingdra\n|\n|-weather|RainDance|[upkeep]\n|upkeep\n|\n|t:|1768431679\n|switch|p1a: Gardevoir|Gardevoir, L81, F|243/243\n|-ability|p1a: Gardevoir|Multiscale|Trace|[from] ability: Trace|[of] p2a: Dragonite\n|turn|10\n|\n|t:|1768431685\n|move|p1a: Gardevoir|Moonblast|p2a: Dragonite\n|-supereffective|p2a: Dragonite\n|-damage|p2a: Dragonite|0 fnt\n|faint|p2a: Dragonite\n|\n|-weather|RainDance|[upkeep]\n|upkeep\n|inactive|ChenZengjia has 120 seconds left.\n|\n|t:|1768431717\n|switch|p2a: Mawile|Mawile, L76, F|201/201\n|-ability|p2a: Mawile|Intimidate|boost\n|-unboost|p1a: Gardevoir|atk|1\n|turn|11\n|-message|Girthquake000 forfeited.\n|\n|win|ChenZengjia\n|raw|Girthquake000's rating: 1524 &rarr; <strong>1506</strong><br />(-18 for losing)\n|raw|ChenZengjia's rating: 1560 &rarr; <strong>1578</strong><br />(+18 for winning)\n|l|☆Girthquake000\n|player|p1|\n", "inputlog": ">version f2883557ca71b1a14bc1039fd307aee7de4ab455\n>start {\"formatid\":\"gen6randombattle\",\"seed\":\"sodium,e91fef8e1464bf7188ec191ab259ab91\",\"rated\":\"Rated battle\"}\n>player p1 {\"name\":\"Girthquake000\",\"avatar\":\"giovanni\",\"rating\":1524,\"seed\":\"sodium,e9896076c5d5d581198d4148fdfbc476\"}\n>player p2 {\"name\":\"ChenZengjia\",\"avatar\":\"1\",\"rating\":1560,\"seed\":\"sodium,d773854b08e1bdc15757b382a12b44c2\"}\n>p1 move flamethrower\n>p2 move pursuit\n>p2 switch 6\n>p1 move flamethrower\n>p2 move bodyslam\n>p1 switch 6\n>p1 move superpower\n>p2 move bodyslam\n>p1 switch 5\n>p1 move toxicspikes\n>p2 switch 3\n>p1 move toxicspikes\n>p2 move voltswitch\n>p2 switch 5\n>p1 switch 3\n>p1 move highjumpkick mega\n>p2 move return\n>p1 switch 4\n>chat ☆ChenZengjia|F\n>p1 move raindance\n>p2 move knockoff\n>p1 move hydropump\n>p2 move return\n>p2 switch 4\n>p1 move icebeam\n>p2 move outrage\n>p1 switch 2\n>p1 move moonblast\n>p2 move outrage\n>p2 switch 2\n>forcelose p1", "uploadtime": 1768431740, "views": 258, "formatid": "gen6randombattle", "rating": 1506, "private": 0, "password": null}