{"id": "gen6randombattle-2531875433", "format": "[Gen 6] Random Battle", "players": ["Plop", "attrrox"], "log": "|j|☆Plop\n|j|☆attrrox\n|t:|1770114234\n|gametype|singles\n|player|p1|Plop|#rbtt9travelers|1595\n|player|p2|attrrox|102|1576\n|gen|6\n|tier|[Gen 6] Random Battle\n|rated|\n|rule|Sleep Clause Mod: Limit one foe put to sleep\n|rule|HP Percentage Mod: HP is shown in percentages\n|rule|Illusion Level Mod: Illusion disguises the Pokémon's true level\n|\n|t:|1770114234\n|teamsize|p1|6\n|teamsize|p2|6\n|start\n|switch|p1a: Registeel|Registeel, L82|265/265\n|switch|p2a: Hypno|Hypno, L96, M|319/319\n|turn|1\n|j| billy zubat\n|\n|t:|1770114268\n|switch|p2a: Poliwrath|Poliwrath, L89, M|305/305\n|move|p1a: Registeel|Iron Head|p2a: Poliwrath\n|-resisted|p2a: Poliwrath\n|-damage|p2a: Poliwrath|275/305\n|\n|upkeep\n|turn|2\n|c| billy zubat|regigaming\n|c|☆attrrox|best gaming there is\n|\n|t:|1770114290\n|switch|p1a: Cherrim|Cherrim, L97, F|293/293\n|move|p2a: Poliwrath|Rain Dance|p2a: Poliwrath\n|-weather|RainDance\n|\n|-weather|RainDance|[upkeep]\n|upkeep\n|turn|3\n|\n|t:|1770114312\n|switch|p2a: Articuno|Articuno, L84|287/287\n|-ability|p2a: Articuno|Pressure\n|move|p1a: Cherrim|Energy Ball|p2a: Articuno\n|-resisted|p2a: Articuno\n|-damage|p2a: Articuno|245/287\n|\n|-weather|RainDance|[upkeep]\n|-heal|p2a: Articuno|262/287|[from] item: Leftovers\n|upkeep\n|turn|4\n|\n|t:|1770114323\n|move|p1a: Cherrim|Toxic|p2a: Articuno\n|-status|p2a: Articuno|tox\n|move|p2a: Articuno|Hurricane|p1a: Cherrim\n|-supereffective|p1a: Cherrim\n|-damage|p1a: Cherrim|87/293\n|\n|-weather|RainDance|[upkeep]\n|-heal|p1a: Cherrim|105/293|[from] item: Leftovers\n|-heal|p2a: Articuno|279/287 tox|[from] item: Leftovers\n|-damage|p2a: Articuno|262/287 tox|[from] psn\n|upkeep\n|turn|5\n|inactive|Battle timer is ON: inactive players will automatically lose when time's up. (requested by Plop)\n|\n|t:|1770114339\n|switch|p1a: Registeel|Registeel, L82|265/265\n|move|p2a: Articuno|Hurricane|p1a: Registeel\n|-resisted|p1a: Registeel\n|-damage|p1a: Registeel|229/265\n|-start|p1a: Registeel|confusion\n|\n|-weather|RainDance|[upkeep]\n|-heal|p2a: Articuno|279/287 tox|[from] item: Leftovers\n|-heal|p1a: Registeel|245/265|[from] item: Leftovers\n|-damage|p2a: Articuno|245/287 tox|[from] psn\n|upkeep\n|turn|6\n|\n|t:|1770114351\n|switch|p2a: Poliwrath|Poliwrath, L89, M|275/305\n|switch|p1a: Cherrim|Cherrim, L97, F|105/293\n|\n|-weather|none\n|-heal|p1a: Cherrim|123/293|[from] item: Leftovers\n|upkeep\n|turn|7\n|\n|t:|1770114360\n|switch|p2a: Articuno|Articuno, L84|245/287 tox\n|-ability|p2a: Articuno|Pressure\n|move|p1a: Cherrim|Morning Sun|p1a: Cherrim\n|-heal|p1a: Cherrim|269/293\n|\n|-heal|p1a: Cherrim|287/293|[from] item: Leftovers\n|-heal|p2a: Articuno|262/287 tox|[from] item: Leftovers\n|-damage|p2a: Articuno|245/287 tox|[from] psn\n|upkeep\n|turn|8\n|\n|t:|1770114382\n|switch|p1a: Registeel|Registeel, L82|245/265\n|switch|p2a: Poliwrath|Poliwrath, L89, M|275/305\n|\n|-heal|p1a: Registeel|261/265|[from] item: Leftovers\n|upkeep\n|turn|9\n|\n|t:|1770114389\n|switch|p1a: Cherrim|Cherrim, L97, F|287/293\n|move|p2a: Poliwrath|Ice Punch|p1a: Cherrim\n|-supereffective|p1a: Cherrim\n|-damage|p1a: Cherrim|144/293\n|-damage|p2a: Poliwrath|245/305|[from] item: Life Orb\n|\n|-heal|p1a: Cherrim|162/293|[from] item: Leftovers\n|upkeep\n|turn|10\n|\n|t:|1770114404\n|switch|p2a: Hypno|Hypno, L96, M|319/319\n|move|p1a: Cherrim|Morning Sun|p1a: Cherrim\n|-heal|p1a: Cherrim|293/293\n|\n|upkeep\n|turn|11\n|\n|t:|1770114418\n|move|p1a: Cherrim|Toxic|p2a: Hypno\n|-status|p2a: Hypno|tox\n|move|p2a: Hypno|Toxic|p1a: Cherrim\n|-status|p1a: Cherrim|tox\n|\n|-damage|p1a: Cherrim|275/293 tox|[from] psn\n|-damage|p2a: Hypno|300/319 tox|[from] psn\n|upkeep\n|turn|12\n|\n|t:|1770114428\n|move|p1a: Cherrim|Aromatherapy|p1a: Cherrim\n|-activate|p1a: Cherrim|move: Aromatherapy\n|-curestatus|p1a: Cherrim|tox|[msg]\n|move|p2a: Hypno|Wish|p2a: Hypno\n|\n|-heal|p1a: Cherrim|293/293|[from] item: Leftovers\n|-heal|p2a: Hypno|319/319 tox|[from] item: Leftovers\n|-damage|p2a: Hypno|281/319 tox|[from] psn\n|upkeep\n|turn|13\n|\n|t:|1770114443\n|switch|p1a: Registeel|Registeel, L82|261/265\n|switch|p2a: Articuno|Articuno, L84|245/287 tox\n|-ability|p2a: Articuno|Pressure\n|\n|-heal|p2a: Articuno|287/287 tox|[from] move: Wish|[wisher] Hypno\n|-heal|p1a: Registeel|265/265|[from] item: Leftovers\n|-damage|p2a: Articuno|270/287 tox|[from] psn\n|upkeep\n|turn|14\n|\n|t:|1770114454\n|switch|p2a: Huntail|Huntail, L84, F|230/230\n|move|p1a: Registeel|Iron Head|p2a: Huntail\n|-resisted|p2a: Huntail\n|-damage|p2a: Huntail|202/230\n|\n|upkeep\n|turn|15\n|\n|t:|1770114466\n|switch|p1a: Cherrim|Cherrim, L97, F|293/293\n|move|p2a: Huntail|Shell Smash|p2a: Huntail\n|-unboost|p2a: Huntail|def|1\n|-unboost|p2a: Huntail|spd|1\n|-boost|p2a: Huntail|atk|2\n|-boost|p2a: Huntail|spa|2\n|-boost|p2a: Huntail|spe|2\n|-enditem|p2a: Huntail|White Herb\n|-clearnegativeboost|p2a: Huntail|[silent]\n|\n|upkeep\n|turn|16\n|\n|t:|1770114476\n|move|p2a: Huntail|Ice Beam|p1a: Cherrim\n|-supereffective|p1a: Cherrim\n|-damage|p1a: Cherrim|67/293\n|move|p1a: Cherrim|Energy Ball|p2a: Huntail\n|-supereffective|p2a: Huntail\n|-damage|p2a: Huntail|0 fnt\n|faint|p2a: Huntail\n|\n|-heal|p1a: Cherrim|85/293|[from] item: Leftovers\n|upkeep\n|\n|t:|1770114486\n|switch|p2a: Porygon-Z|Porygon-Z, L82|274/274\n|turn|17\n|\n|t:|1770114500\n|switch|p1a: Lickilicky|Lickilicky, L88, F|337/337\n|-ability|p1a: Lickilicky|Cloud Nine\n|move|p2a: Porygon-Z|Shadow Ball|p1a: Lickilicky\n|-immune|p1a: Lickilicky\n|\n|upkeep\n|turn|18\n|c| billy zubat|this cherrim might be her\n|\n|t:|1770114517\n|switch|p2a: Poliwrath|Poliwrath, L89, M|245/305\n|move|p1a: Lickilicky|Body Slam|p2a: Poliwrath\n|-damage|p2a: Poliwrath|157/305\n|\n|upkeep\n|turn|19\n|\n|t:|1770114527\n|move|p2a: Poliwrath|Ice Punch|p1a: Lickilicky\n|-damage|p1a: Lickilicky|268/337\n|-damage|p2a: Poliwrath|127/305|[from] item: Life Orb\n|move|p1a: Lickilicky|Power Whip|p2a: Poliwrath\n|-supereffective|p2a: Poliwrath\n|-damage|p2a: Poliwrath|0 fnt\n|faint|p2a: Poliwrath\n|\n|upkeep\n|c|☆Plop|barsh\n|-message|attrrox forfeited.\n|\n|win|Plop\n|raw|Plop's rating: 1595 &rarr; <strong>1614</strong><br />(+19 for winning)\n|raw|attrrox's rating: 1576 &rarr; <strong>1557</strong><br />(-19 for losing)\n|l|☆attrrox\n|player|p2|\n", "inputlog": ">version ccdc32dd7cde25fd9e4bed64820e885f66e78a4e\n>start {\"formatid\":\"gen6randombattle\",\"seed\":\"sodium,baa5de78ab0878b743c59f6d5d5d5f4d\",\"rated\":\"Rated battle\"}\n>player p1 {\"name\":\"Plop\",\"avatar\":\"#rbtt9travelers\",\"rating\":1595,\"seed\":\"sodium,4785bdad69da007ea895653faf44d571\"}\n>player p2 {\"name\":\"attrrox\",\"avatar\":\"102\",\"rating\":1576,\"seed\":\"sodium,21e1a8581688bb3fece9b91f5a4a5776\"}\n>p1 move ironhead\n>p2 switch 4\n>chat  billy zubat|regigaming\n>chat ☆attrrox|best gaming there is\n>p1 switch 2\n>p2 move raindance\n>p1 move energyball\n>p2 switch 5\n>p1 move toxic\n>p2 move hurricane\n>p1 switch 2\n>p2 move hurricane\n>p1 switch 2\n>p2 switch 5\n>p1 move morningsun\n>p2 switch 5\n>p1 switch 2\n>p2 switch 5\n>p1 switch 2\n>p2 move icepunch\n>p1 move morningsun\n>p2 switch 4\n>p1 move toxic\n>p2 move toxic\n>p1 move aromatherapy\n>p2 move wish\n>p1 switch 2\n>p2 switch 5\n>p1 move ironhead\n>p2 switch 6\n>p1 switch 2\n>p2 move shellsmash\n>p1 move energyball\n>p2 move icebeam\n>p2 switch 2\n>p1 switch 4\n>p2 move shadowball\n>chat  billy zubat|this cherrim might be her\n>p1 move bodyslam\n>p2 switch 4\n>p1 move powerwhip\n>p2 move icepunch\n>chat ☆Plop|barsh\n>forcelose p2", "uploadtime": 1770114538, "views": 218, "formatid": "gen6randombattle", "rating": 1557, "private": 0, "password": null}