{"id": "gen6randombattle-2534431800", "format": "[Gen 6] Random Battle", "players": ["RNGgivethRNGtaketh", "DuskyCat"], "log": "|j|☆RNGgivethRNGtaketh\n|j|☆DuskyCat\n|t:|1770420263\n|gametype|singles\n|player|p1|RNGgivethRNGtaketh|brock|1612\n|player|p2|DuskyCat|169|1554\n|gen|6\n|tier|[Gen 6] Random Battle\n|rated|\n|rule|Sleep Clause Mod: Limit one foe put to sleep\n|rule|HP Percentage Mod: HP is shown in percentages\n|rule|Illusion Level Mod: Illusion disguises the Pokémon's true level\n|\n|t:|1770420263\n|teamsize|p1|6\n|teamsize|p2|6\n|start\n|switch|p1a: Kingdra|Kingdra, L84, M|263/263\n|switch|p2a: Mamoswine|Mamoswine, L78, F|300/300\n|turn|1\n|inactive|Battle timer is ON: inactive players will automatically lose when time's up. (requested by DuskyCat)\n|\n|t:|1770420273\n|switch|p2a: Maractus|Maractus, L98, M|305/305\n|move|p1a: Kingdra|Dragon Dance|p1a: Kingdra\n|-boost|p1a: Kingdra|atk|1\n|-boost|p1a: Kingdra|spe|1\n|\n|upkeep\n|turn|2\n|\n|t:|1770420280\n|move|p1a: Kingdra|Outrage|p2a: Maractus\n|-damage|p2a: Maractus|107/305\n|move|p2a: Maractus|Toxic|p1a: Kingdra\n|-status|p1a: Kingdra|tox\n|-enditem|p1a: Kingdra|Lum Berry|[eat]\n|-curestatus|p1a: Kingdra|tox|[msg]\n|\n|-heal|p2a: Maractus|126/305|[from] item: Leftovers\n|upkeep\n|turn|3\n|\n|t:|1770420286\n|switch|p2a: Gligar|Gligar, L82, M|241/241\n|move|p1a: Kingdra|Outrage|p2a: Gligar|[from] lockedmove\n|-damage|p2a: Gligar|138/241\n|\n|upkeep\n|turn|4\n|\n|t:|1770420290\n|switch|p2a: Maractus|Maractus, L98, M|126/305\n|move|p1a: Kingdra|Outrage|p2a: Maractus|[from] lockedmove\n|-crit|p2a: Maractus\n|-damage|p2a: Maractus|0 fnt\n|faint|p2a: Maractus\n|-start|p1a: Kingdra|confusion|[fatigue]\n|\n|upkeep\n|\n|t:|1770420293\n|switch|p2a: Floette|Floette-Eternal, L81, F|253/253\n|turn|5\n|\n|t:|1770420306\n|-activate|p1a: Kingdra|confusion\n|move|p1a: Kingdra|Iron Head|p2a: Floette\n|-supereffective|p2a: Floette\n|-damage|p2a: Floette|53/253\n|move|p2a: Floette|Moonblast|p1a: Kingdra\n|-supereffective|p1a: Kingdra\n|-damage|p1a: Kingdra|0 fnt\n|faint|p1a: Kingdra\n|\n|upkeep\n|\n|t:|1770420314\n|switch|p1a: Scolipede|Scolipede, L79, F|224/224\n|turn|6\n|\n|t:|1770420321\n|switch|p2a: Gligar|Gligar, L82, M|138/241\n|move|p1a: Scolipede|Swords Dance|p1a: Scolipede\n|-boost|p1a: Scolipede|atk|2\n|\n|-ability|p1a: Scolipede|Speed Boost|boost\n|-boost|p1a: Scolipede|spe|1\n|upkeep\n|turn|7\n|\n|t:|1770420329\n|move|p1a: Scolipede|Megahorn|p2a: Gligar\n|-resisted|p2a: Gligar\n|-damage|p2a: Gligar|44/241\n|-damage|p1a: Scolipede|202/224|[from] item: Life Orb\n|move|p2a: Gligar|Roost|p2a: Gligar\n|-heal|p2a: Gligar|165/241\n|-singleturn|p2a: Gligar|move: Roost\n|\n|-ability|p1a: Scolipede|Speed Boost|boost\n|-boost|p1a: Scolipede|spe|1\n|upkeep\n|turn|8\n|\n|t:|1770420332\n|move|p1a: Scolipede|Swords Dance|p1a: Scolipede\n|-boost|p1a: Scolipede|atk|2\n|move|p2a: Gligar|Earthquake|p1a: Scolipede\n|-damage|p1a: Scolipede|117/224\n|\n|-ability|p1a: Scolipede|Speed Boost|boost\n|-boost|p1a: Scolipede|spe|1\n|upkeep\n|turn|9\n|\n|t:|1770420335\n|move|p1a: Scolipede|Megahorn|p2a: Gligar\n|-resisted|p2a: Gligar\n|-damage|p2a: Gligar|40/241\n|-damage|p1a: Scolipede|95/224|[from] item: Life Orb\n|move|p2a: Gligar|Earthquake|p1a: Scolipede\n|-damage|p1a: Scolipede|2/224\n|\n|-ability|p1a: Scolipede|Speed Boost|boost\n|-boost|p1a: Scolipede|spe|1\n|upkeep\n|turn|10\n|\n|t:|1770420344\n|move|p1a: Scolipede|Megahorn|p2a: Gligar|[miss]\n|-miss|p1a: Scolipede|p2a: Gligar\n|move|p2a: Gligar|U-turn|p1a: Scolipede\n|-resisted|p1a: Scolipede\n|-damage|p1a: Scolipede|0 fnt\n|faint|p1a: Scolipede\n|\n|t:|1770420348\n|switch|p2a: Floette|Floette-Eternal, L81, F|53/253|[from] U-turn\n|\n|upkeep\n|inactive|RNGgivethRNGtaketh has 120 seconds left.\n|\n|t:|1770420391\n|switch|p1a: Yanmega|Yanmega, L82, M|275/275\n|turn|11\n|\n|t:|1770420395\n|move|p1a: Yanmega|Air Slash|p2a: Floette\n|-damage|p2a: Floette|0 fnt\n|faint|p2a: Floette\n|-damage|p1a: Yanmega|248/275|[from] item: Life Orb\n|\n|-ability|p1a: Yanmega|Speed Boost|boost\n|-boost|p1a: Yanmega|spe|1\n|upkeep\n|\n|t:|1770420417\n|switch|p2a: Mamoswine|Mamoswine, L78, F|300/300\n|turn|12\n|\n|t:|1770420426\n|move|p1a: Yanmega|Air Slash|p2a: Mamoswine\n|-damage|p2a: Mamoswine|148/300\n|-damage|p1a: Yanmega|221/275|[from] item: Life Orb\n|move|p2a: Mamoswine|Icicle Crash|p1a: Yanmega\n|-supereffective|p1a: Yanmega\n|-crit|p1a: Yanmega\n|-damage|p1a: Yanmega|0 fnt\n|faint|p1a: Yanmega\n|-damage|p2a: Mamoswine|118/300|[from] item: Life Orb\n|\n|upkeep\n|inactive|RNGgivethRNGtaketh has 120 seconds left.\n|\n|t:|1770420446\n|switch|p1a: Tangrowth|Tangrowth, L88, F|319/319\n|turn|13\n|\n|t:|1770420460\n|move|p2a: Mamoswine|Icicle Crash|p1a: Tangrowth\n|-supereffective|p1a: Tangrowth\n|-damage|p1a: Tangrowth|124/319\n|-damage|p2a: Mamoswine|88/300|[from] item: Life Orb\n|cant|p1a: Tangrowth|flinch\n|\n|upkeep\n|turn|14\n|c|☆RNGgivethRNGtaketh|Dang\n|\n|t:|1770420473\n|switch|p1a: Electivire|Electivire, L84, F|263/263\n|move|p2a: Mamoswine|Icicle Crash|p1a: Electivire\n|-damage|p1a: Electivire|107/263\n|-damage|p2a: Mamoswine|58/300|[from] item: Life Orb\n|\n|upkeep\n|turn|15\n|c|☆DuskyCat|your name says it all\n|\n|t:|1770420478\n|move|p2a: Mamoswine|Ice Shard|p1a: Electivire\n|-damage|p1a: Electivire|37/263\n|-damage|p2a: Mamoswine|28/300|[from] item: Life Orb\n|move|p1a: Electivire|Flamethrower|p2a: Mamoswine\n|-supereffective|p2a: Mamoswine\n|-damage|p2a: Mamoswine|0 fnt\n|faint|p2a: Mamoswine\n|-damage|p1a: Electivire|11/263|[from] item: Life Orb\n|\n|upkeep\n|\n|t:|1770420483\n|switch|p2a: Gligar|Gligar, L82, M|40/241\n|turn|16\n|\n|t:|1770420486\n|move|p1a: Electivire|Ice Punch|p2a: Gligar\n|-supereffective|p2a: Gligar\n|-damage|p2a: Gligar|0 fnt\n|faint|p2a: Gligar\n|-damage|p1a: Electivire|0 fnt|[from] item: Life Orb\n|faint|p1a: Electivire\n|\n|upkeep\n|\n|t:|1770420493\n|switch|p1a: Tangrowth|Tangrowth, L88, F|230/319\n|switch|p2a: Darmanitan|Darmanitan, L80, F|299/299\n|turn|17\n|\n|t:|1770420499\n|move|p2a: Darmanitan|Flare Blitz|p1a: Tangrowth\n|-supereffective|p1a: Tangrowth\n|-damage|p1a: Tangrowth|0 fnt\n|-damage|p2a: Darmanitan|250/299|[from] item: Rocky Helmet|[of] p1a: Tangrowth\n|faint|p1a: Tangrowth\n|-damage|p2a: Darmanitan|174/299|[from] Recoil\n|\n|upkeep\n|\n|t:|1770420503\n|switch|p1a: Tyrantrum|Tyrantrum, L80, F|262/262\n|turn|18\n|\n|t:|1770420507\n|move|p2a: Darmanitan|Superpower|p1a: Tyrantrum\n|-supereffective|p1a: Tyrantrum\n|-damage|p1a: Tyrantrum|36/262\n|-unboost|p2a: Darmanitan|atk|1\n|-unboost|p2a: Darmanitan|def|1\n|-damage|p2a: Darmanitan|145/299|[from] item: Life Orb\n|move|p1a: Tyrantrum|Dragon Dance|p1a: Tyrantrum\n|-boost|p1a: Tyrantrum|atk|1\n|-boost|p1a: Tyrantrum|spe|1\n|\n|upkeep\n|turn|19\n|\n|t:|1770420512\n|move|p1a: Tyrantrum|Earthquake|p2a: Darmanitan\n|-supereffective|p2a: Darmanitan\n|-damage|p2a: Darmanitan|0 fnt\n|faint|p2a: Darmanitan\n|\n|upkeep\n|\n|t:|1770420514\n|switch|p2a: Beartic|Beartic, L94, M|331/331\n|turn|20\n|\n|t:|1770420517\n|move|p1a: Tyrantrum|Head Smash|p2a: Beartic\n|-supereffective|p2a: Beartic\n|-damage|p2a: Beartic|0 fnt\n|faint|p2a: Beartic\n|\n|win|RNGgivethRNGtaketh\n|raw|RNGgivethRNGtaketh's rating: 1612 &rarr; <strong>1629</strong><br />(+17 for winning)\n|raw|DuskyCat's rating: 1554 &rarr; <strong>1537</strong><br />(-17 for losing)\n|l|☆DuskyCat\n|player|p2|\n", "inputlog": ">version ccdc32dd7cde25fd9e4bed64820e885f66e78a4e\n>start {\"formatid\":\"gen6randombattle\",\"seed\":\"sodium,804194ad7c03f1af53049d2c5acf9e3f\",\"rated\":\"Rated battle\"}\n>player p1 {\"name\":\"RNGgivethRNGtaketh\",\"avatar\":\"brock\",\"rating\":1612,\"seed\":\"sodium,911e3410b7c3c28ba51420eb277dd948\"}\n>player p2 {\"name\":\"DuskyCat\",\"avatar\":\"169\",\"rating\":1554,\"seed\":\"sodium,39da855669ef671825e4e8f1b5ad6494\"}\n>p1 move dragondance\n>p2 switch 6\n>p1 move outrage\n>p2 move toxic\n>p1 move outrage\n>p2 switch 4\n>p1 move outrage\n>p2 switch 4\n>p2 switch 5\n>p1 move ironhead\n>p2 move moonblast\n>p1 switch 6\n>p1 move swordsdance\n>p2 switch 4\n>p1 move megahorn\n>p2 move roost\n>p1 move swordsdance\n>p2 move earthquake\n>p1 move megahorn\n>p2 move earthquake\n>p1 move megahorn\n>p2 move uturn\n>p2 switch 4\n>p1 switch 4\n>p1 move airslash\n>p2 move lightofruin\n>p2 switch 6\n>p1 move airslash\n>p2 move iciclecrash\n>p1 switch 5\n>p1 move leafstorm\n>p2 move iciclecrash\n>chat ☆RNGgivethRNGtaketh|Dang\n>p1 switch 3\n>p2 move iciclecrash\n>chat ☆DuskyCat|your name says it all\n>p1 move flamethrower\n>p2 move iceshard\n>p2 switch 4\n>p1 move icepunch\n>p2 move roost\n>p1 switch 3\n>p2 switch 2\n>p1 move sludgebomb\n>p2 move flareblitz\n>p1 switch 2\n>p1 move dragondance\n>p2 move superpower\n>p1 move earthquake\n>p2 move uturn\n>p2 switch 3\n>p1 move headsmash\n>p2 move superpower", "uploadtime": 1770420533, "views": 258, "formatid": "gen6randombattle", "rating": 1537, "private": 0, "password": null}