{"id": "gen6randombattle-2520544320", "format": "[Gen 6] Random Battle", "players": ["unzipscrogre", "alcatraaz"], "log": "|badge|p1|bronze|gen9uu|100-8\n|uhtml|medal-msg|<div class=\"broadcast-blue\">Curious what those medals under the avatar are? PS now has Ladder Seasons! For more information, check out the <a href=\"https://www.smogon.com/forums/threads/3740067/\">thread on Smogon.</a></div>\n|j|☆unzipscrogre\n|j|☆alcatraaz\n|t:|1768651820\n|gametype|singles\n|player|p1|unzipscrogre|unknown|1552\n|player|p2|alcatraaz|red|1734\n|gen|6\n|tier|[Gen 6] Random Battle\n|rated|\n|rule|Sleep Clause Mod: Limit one foe put to sleep\n|rule|HP Percentage Mod: HP is shown in percentages\n|rule|Illusion Level Mod: Illusion disguises the Pokémon's true level\n|\n|t:|1768651820\n|teamsize|p1|6\n|teamsize|p2|6\n|start\n|switch|p1a: Kingler|Kingler, L89, M|243/243\n|switch|p2a: Banette|Banette, L87, M|253/253\n|-item|p1a: Kingler|Life Orb|[from] ability: Frisk|[of] p2a: Banette\n|turn|1\n|inactive|Battle timer is ON: inactive players will automatically lose when time's up. (requested by unzipscrogre)\n|inactive|unzipscrogre has 120 seconds left.\n|\n|t:|1768651851\n|switch|p1a: Spiritomb|Spiritomb, L88, M|231/231\n|detailschange|p2a: Banette|Banette-Mega, L87, M\n|-mega|p2a: Banette|Banette|Banettite\n|move|p2a: Banette|Will-O-Wisp|p1a: Spiritomb\n|-status|p1a: Spiritomb|brn\n|\n|-damage|p1a: Spiritomb|203/231 brn|[from] brn\n|upkeep\n|turn|2\n|inactive|alcatraaz has 120 seconds left.\n|\n|t:|1768651887\n|move|p2a: Banette|Knock Off|p1a: Spiritomb\n|-damage|p1a: Spiritomb|110/231 brn\n|-enditem|p1a: Spiritomb|Leftovers|[from] move: Knock Off|[of] p2a: Banette\n|move|p1a: Spiritomb|Will-O-Wisp|p2a: Banette\n|-status|p2a: Banette|brn\n|\n|-damage|p2a: Banette|222/253 brn|[from] brn\n|-damage|p1a: Spiritomb|82/231 brn|[from] brn\n|upkeep\n|turn|3\n|inactive|alcatraaz has 120 seconds left.\n|\n|t:|1768651920\n|switch|p2a: Arceus|Arceus-Fire, L71|287/287\n|move|p1a: Spiritomb|Pain Split|p2a: Arceus\n|-sethp|p2a: Arceus|184/287|[from] move: Pain Split|[silent]\n|-sethp|p1a: Spiritomb|184/231 brn|[from] move: Pain Split\n|\n|-damage|p1a: Spiritomb|156/231 brn|[from] brn\n|upkeep\n|turn|4\n|\n|t:|1768651941\n|switch|p1a: Darmanitan|Darmanitan, L80, M|299/299\n|move|p2a: Arceus|Calm Mind|p2a: Arceus\n|-boost|p2a: Arceus|spa|1\n|-boost|p2a: Arceus|spd|1\n|\n|upkeep\n|turn|5\n|inactive|alcatraaz has 90 seconds left.\n|\n|t:|1768651959\n|switch|p2a: Lumineon|Lumineon, L90, F|271/271\n|move|p1a: Darmanitan|Earthquake|p2a: Lumineon\n|-damage|p2a: Lumineon|145/271\n|-damage|p1a: Darmanitan|270/299|[from] item: Life Orb\n|\n|-heal|p2a: Lumineon|161/271|[from] item: Leftovers\n|upkeep\n|turn|6\n|inactive|unzipscrogre has 120 seconds left.\n|\n|t:|1768651989\n|switch|p1a: Spiritomb|Spiritomb, L88, M|156/231 brn\n|move|p2a: Lumineon|Scald|p1a: Spiritomb\n|-damage|p1a: Spiritomb|96/231 brn\n|\n|-heal|p2a: Lumineon|177/271|[from] item: Leftovers\n|-damage|p1a: Spiritomb|68/231 brn|[from] brn\n|upkeep\n|turn|7\n|inactive|alcatraaz has 90 seconds left.\n|\n|t:|1768652007\n|move|p2a: Lumineon|U-turn|p1a: Spiritomb\n|-damage|p1a: Spiritomb|31/231 brn\n|inactive|alcatraaz has 90 seconds left.\n|\n|t:|1768652014\n|switch|p2a: Arceus|Arceus-Fire, L71|184/287|[from] U-turn\n|move|p1a: Spiritomb|Pain Split|p2a: Arceus\n|-sethp|p2a: Arceus|107/287|[from] move: Pain Split|[silent]\n|-sethp|p1a: Spiritomb|107/231 brn|[from] move: Pain Split\n|\n|-damage|p1a: Spiritomb|79/231 brn|[from] brn\n|upkeep\n|turn|8\n|inactive|unzipscrogre has 120 seconds left.\n|inactive|alcatraaz has 90 seconds left.\n|\n|t:|1768652029\n|switch|p1a: Darmanitan|Darmanitan, L80, M|270/299\n|move|p2a: Arceus|Judgment|p1a: Darmanitan\n|-resisted|p1a: Darmanitan\n|-damage|p1a: Darmanitan|188/299\n|\n|upkeep\n|turn|9\n|inactive|alcatraaz has 90 seconds left.\n|\n|t:|1768652044\n|switch|p2a: Lumineon|Lumineon, L90, F|177/271\n|move|p1a: Darmanitan|Earthquake|p2a: Lumineon\n|-damage|p2a: Lumineon|61/271\n|-damage|p1a: Darmanitan|159/299|[from] item: Life Orb\n|\n|-heal|p2a: Lumineon|77/271|[from] item: Leftovers\n|upkeep\n|turn|10\n|inactive|alcatraaz has 90 seconds left.\n|\n|t:|1768652050\n|switch|p1a: Spiritomb|Spiritomb, L88, M|79/231 brn\n|move|p2a: Lumineon|Scald|p1a: Spiritomb\n|-damage|p1a: Spiritomb|12/231 brn\n|\n|-heal|p2a: Lumineon|93/271|[from] item: Leftovers\n|-damage|p1a: Spiritomb|0 fnt|[from] brn\n|faint|p1a: Spiritomb\n|upkeep\n|\n|t:|1768652057\n|switch|p1a: Kingler|Kingler, L89, M|243/243\n|turn|11\n|inactive|alcatraaz has 90 seconds left.\n|\n|t:|1768652073\n|move|p2a: Lumineon|Scald|p1a: Kingler\n|-resisted|p1a: Kingler\n|-damage|p1a: Kingler|186/243\n|move|p1a: Kingler|Agility|p1a: Kingler\n|-boost|p1a: Kingler|spe|2\n|\n|-heal|p2a: Lumineon|109/271|[from] item: Leftovers\n|upkeep\n|turn|12\n|inactive|alcatraaz has 90 seconds left.\n|\n|t:|1768652083\n|move|p1a: Kingler|X-Scissor|p2a: Lumineon\n|-damage|p2a: Lumineon|0 fnt\n|faint|p2a: Lumineon\n|-damage|p1a: Kingler|162/243|[from] item: Life Orb\n|\n|upkeep\n|inactive|alcatraaz has 90 seconds left.\n|\n|t:|1768652106\n|switch|p2a: Eelektross|Eelektross, L85, F|283/283\n|turn|13\n|\n|t:|1768652124\n|move|p1a: Kingler|Crabhammer|p2a: Eelektross\n|-damage|p2a: Eelektross|71/283\n|-damage|p1a: Kingler|138/243|[from] item: Life Orb\n|move|p2a: Eelektross|Discharge|p1a: Kingler\n|-supereffective|p1a: Kingler\n|-damage|p1a: Kingler|0 fnt\n|faint|p1a: Kingler\n|\n|upkeep\n|\n|t:|1768652128\n|switch|p1a: Darmanitan|Darmanitan, L80, M|159/299\n|turn|14\n|\n|t:|1768652137\n|move|p1a: Darmanitan|Rock Slide|p2a: Eelektross\n|-damage|p2a: Eelektross|0 fnt\n|faint|p2a: Eelektross\n|\n|upkeep\n|inactive|alcatraaz has 90 seconds left.\n|\n|t:|1768652155\n|switch|p2a: Espeon|Espeon, L81, M|238/238\n|turn|15\n|\n|t:|1768652160\n|switch|p1a: Bronzong|Bronzong, L85|253/253\n|move|p2a: Espeon|Psychic|p1a: Bronzong\n|-resisted|p1a: Bronzong\n|-damage|p1a: Bronzong|222/253\n|-unboost|p1a: Bronzong|spd|1\n|-damage|p2a: Espeon|215/238|[from] item: Life Orb\n|\n|-heal|p1a: Bronzong|237/253|[from] item: Leftovers\n|upkeep\n|turn|16\n|inactive|alcatraaz has 90 seconds left.\n|\n|t:|1768652193\n|move|p2a: Espeon|Calm Mind|p2a: Espeon\n|-boost|p2a: Espeon|spa|1\n|-boost|p2a: Espeon|spd|1\n|move|p1a: Bronzong|Iron Head|p2a: Espeon\n|-damage|p2a: Espeon|103/238\n|\n|-heal|p1a: Bronzong|252/253|[from] item: Leftovers\n|upkeep\n|turn|17\n|\n|t:|1768652199\n|move|p2a: Espeon|Morning Sun|p2a: Espeon\n|-heal|p2a: Espeon|222/238\n|move|p1a: Bronzong|Iron Head|p2a: Espeon\n|-damage|p2a: Espeon|104/238\n|\n|-heal|p1a: Bronzong|253/253|[from] item: Leftovers\n|upkeep\n|turn|18\n|\n|t:|1768652208\n|switch|p2a: Arceus|Arceus-Fire, L71|107/287\n|move|p1a: Bronzong|Iron Head|p2a: Arceus\n|-resisted|p2a: Arceus\n|-damage|p2a: Arceus|68/287\n|\n|upkeep\n|turn|19\n|inactive|alcatraaz has 90 seconds left.\n|\n|t:|1768652223\n|switch|p1a: Darmanitan|Darmanitan, L80, M|159/299\n|move|p2a: Arceus|Judgment|p1a: Darmanitan\n|-resisted|p1a: Darmanitan\n|-damage|p1a: Darmanitan|84/299\n|\n|upkeep\n|turn|20\n|inactive|alcatraaz has 90 seconds left.\n|inactive|alcatraaz has 60 seconds left.\n|\n|t:|1768652268\n|switch|p2a: Banette|Banette-Mega, L87, M|222/253 brn\n|move|p1a: Darmanitan|Earthquake|p2a: Banette\n|-damage|p2a: Banette|100/253 brn\n|-damage|p1a: Darmanitan|55/299|[from] item: Life Orb\n|\n|-damage|p2a: Banette|69/253 brn|[from] brn\n|upkeep\n|turn|21\n|inactive|alcatraaz has 60 seconds left.\n|\n|t:|1768652282\n|move|p2a: Banette|Destiny Bond|p2a: Banette\n|-singlemove|p2a: Banette|Destiny Bond\n|move|p1a: Darmanitan|Flare Blitz|p2a: Banette\n|-damage|p2a: Banette|0 fnt\n|faint|p2a: Banette\n|-activate|p2a: Banette|move: Destiny Bond\n|detailschange|p2: Banette|Banette, L87, M|[silent]\n|faint|p1a: Darmanitan\n|\n|upkeep\n|inactive|alcatraaz has 60 seconds left.\n|\n|t:|1768652293\n|switch|p1a: Ninetales|Ninetales, L83, M|257/257\n|switch|p2a: Arceus|Arceus-Fire, L71|68/287\n|-weather|SunnyDay|[from] ability: Drought|[of] p1a: Ninetales\n|turn|22\n|inactive|alcatraaz has 60 seconds left.\n|inactive|alcatraaz has 30 seconds left.\n|\n|t:|1768652334\n|move|p1a: Ninetales|Fire Blast|p2a: Arceus\n|-resisted|p2a: Arceus\n|-damage|p2a: Arceus|0 fnt\n|faint|p2a: Arceus\n|\n|-weather|SunnyDay|[upkeep]\n|upkeep\n|inactive|alcatraaz has 30 seconds left.\n|inactive|alcatraaz has 20 seconds left.\n|inactive|alcatraaz has 15 seconds left.\n|inactive|alcatraaz has 10 seconds left.\n|inactive|alcatraaz has 5 seconds left.\n|\n|t:|1768652367\n|switch|p2a: Espeon|Espeon, L81, M|104/238\n|turn|23\n|inactive|alcatraaz has 15 seconds left this turn.\n|\n|t:|1768652371\n|switch|p1a: Bronzong|Bronzong, L85|253/253\n|move|p2a: Espeon|Calm Mind|p2a: Espeon\n|-boost|p2a: Espeon|spa|1\n|-boost|p2a: Espeon|spd|1\n|\n|-weather|SunnyDay|[upkeep]\n|upkeep\n|turn|24\n|inactive|alcatraaz has 25 seconds left this turn.\n|inactive|alcatraaz has 20 seconds left.\n|\n|t:|1768652377\n|move|p2a: Espeon|Morning Sun|p2a: Espeon\n|-heal|p2a: Espeon|238/238\n|move|p1a: Bronzong|Iron Head|p2a: Espeon\n|-damage|p2a: Espeon|115/238\n|\n|-weather|SunnyDay|[upkeep]\n|upkeep\n|turn|25\n|inactive|alcatraaz has 30 seconds left this turn.\n|\n|t:|1768652386\n|move|p2a: Espeon|Calm Mind|p2a: Espeon\n|-boost|p2a: Espeon|spa|1\n|-boost|p2a: Espeon|spd|1\n|move|p1a: Bronzong|Iron Head|p2a: Espeon\n|-damage|p2a: Espeon|4/238\n|\n|-weather|SunnyDay|[upkeep]\n|upkeep\n|turn|26\n|inactive|alcatraaz has 30 seconds left.\n|\n|t:|1768652392\n|move|p2a: Espeon|Morning Sun|p2a: Espeon\n|-heal|p2a: Espeon|163/238\n|move|p1a: Bronzong|Iron Head|p2a: Espeon\n|-damage|p2a: Espeon|49/238\n|\n|-weather|none\n|upkeep\n|turn|27\n|inactive|alcatraaz has 30 seconds left.\n|-message|alcatraaz forfeited.\n|\n|win|unzipscrogre\n|raw|unzipscrogre's rating: 1573 &rarr; <strong>1602</strong><br />(+29 for winning)\n|raw|alcatraaz's rating: 1734 &rarr; <strong>1705</strong><br />(-29 for losing)\n|l|☆alcatraaz\n|player|p2|\n", "inputlog": ">version 3bd1a1e329da8d286644078cfc9a9638fc7ea025\n>start {\"formatid\":\"gen6randombattle\",\"seed\":\"sodium,50196077e8f151fd232555c91bcbcfb7\",\"rated\":\"Rated battle\"}\n>player p1 {\"name\":\"unzipscrogre\",\"avatar\":\"unknown\",\"rating\":1552,\"seed\":\"sodium,09e47f5bc73e3f586d98a223f27f040b\"}\n>player p2 {\"name\":\"alcatraaz\",\"avatar\":\"red\",\"rating\":1734,\"seed\":\"sodium,ff8ba766065a4b63ef30d900c4ef4b33\"}\n>p1 switch 5\n>p2 move willowisp mega\n>p1 move willowisp\n>p2 move knockoff\n>p1 move painsplit\n>p2 switch 6\n>p1 switch 6\n>p2 move calmmind\n>p1 move earthquake\n>p2 switch 2\n>p1 switch 6\n>p2 move scald\n>p1 move painsplit\n>p2 move uturn\n>p2 switch 2\n>p1 switch 6\n>p2 move judgment\n>p1 move earthquake\n>p2 switch 2\n>p1 switch 6\n>p2 move scald\n>p1 switch 5\n>p1 move agility\n>p2 move scald\n>p1 move xscissor\n>p2 move scald\n>p2 switch 5\n>p1 move crabhammer\n>p2 move discharge\n>p1 switch 6\n>p1 move rockslide\n>p2 move discharge\n>p2 switch 3\n>p1 switch 4\n>p2 move psychic\n>p1 move ironhead\n>p2 move calmmind\n>p1 move ironhead\n>p2 move morningsun\n>p1 move ironhead\n>p2 switch 2\n>p1 switch 4\n>p2 move judgment\n>p1 move earthquake\n>p2 switch 6\n>p1 move flareblitz\n>p2 move destinybond\n>p1 switch 3\n>p2 switch 6\n>p1 move fireblast\n>p2 move judgment\n>p2 switch 2\n>p1 switch 4\n>p2 move calmmind\n>p1 move ironhead\n>p2 move morningsun\n>p1 move ironhead\n>p2 move calmmind\n>p1 move ironhead\n>p2 move morningsun\n>forcelose p2", "uploadtime": 1768652409, "views": 263, "formatid": "gen6randombattle", "rating": 1602, "private": 0, "password": null}