{"id": "gen6randombattle-2539160025", "format": "[Gen 6] Random Battle", "players": ["pikachuniilista", "arboretums"], "log": "|j|☆pikachuniilista\n|j|☆arboretums\n|t:|1771017703\n|gametype|singles\n|player|p1|pikachuniilista|265|1563\n|player|p2|arboretums|serena-masters2|1616\n|gen|6\n|tier|[Gen 6] Random Battle\n|rated|\n|rule|Sleep Clause Mod: Limit one foe put to sleep\n|rule|HP Percentage Mod: HP is shown in percentages\n|rule|Illusion Level Mod: Illusion disguises the Pokémon's true level\n|\n|t:|1771017703\n|teamsize|p1|6\n|teamsize|p2|6\n|start\n|switch|p1a: Milotic|Milotic, L83, F|293/293\n|switch|p2a: Escavalier|Escavalier, L84, M|255/255\n|turn|1\n|inactive|Battle timer is ON: inactive players will automatically lose when time's up. (requested by arboretums)\n|\n|t:|1771017715\n|move|p1a: Milotic|Scald|p2a: Escavalier\n|-damage|p2a: Escavalier|177/255\n|move|p2a: Escavalier|Swords Dance|p2a: Escavalier\n|-boost|p2a: Escavalier|atk|2\n|\n|-heal|p2a: Escavalier|192/255|[from] item: Leftovers\n|upkeep\n|turn|2\n|\n|t:|1771017719\n|move|p1a: Milotic|Scald|p2a: Escavalier\n|-damage|p2a: Escavalier|117/255\n|move|p2a: Escavalier|Megahorn|p1a: Milotic\n|-damage|p1a: Milotic|0 fnt\n|faint|p1a: Milotic\n|\n|-heal|p2a: Escavalier|132/255|[from] item: Leftovers\n|upkeep\n|\n|t:|1771017735\n|switch|p1a: Spiritomb|Spiritomb, L88, F|231/231\n|turn|3\n|\n|t:|1771017738\n|move|p1a: Spiritomb|Foul Play|p2a: Escavalier\n|-damage|p2a: Escavalier|0 fnt\n|faint|p2a: Escavalier\n|\n|upkeep\n|\n|t:|1771017759\n|switch|p2a: Landorus|Landorus-Therian, L76, M|260/260\n|-ability|p2a: Landorus|Intimidate|boost\n|-unboost|p1a: Spiritomb|atk|1\n|turn|4\n|\n|t:|1771017773\n|move|p2a: Landorus|Earthquake|p1a: Spiritomb\n|-damage|p1a: Spiritomb|91/231\n|-damage|p2a: Landorus|234/260|[from] item: Life Orb\n|move|p1a: Spiritomb|Will-O-Wisp|p2a: Landorus\n|-status|p2a: Landorus|brn\n|\n|-heal|p1a: Spiritomb|105/231|[from] item: Leftovers\n|-damage|p2a: Landorus|202/260 brn|[from] brn\n|upkeep\n|turn|5\n|\n|t:|1771017784\n|move|p2a: Landorus|Swords Dance|p2a: Landorus\n|-boost|p2a: Landorus|atk|2\n|move|p1a: Spiritomb|Pain Split|p2a: Landorus\n|-sethp|p2a: Landorus|153/260 brn|[from] move: Pain Split|[silent]\n|-sethp|p1a: Spiritomb|153/231|[from] move: Pain Split\n|\n|-heal|p1a: Spiritomb|167/231|[from] item: Leftovers\n|-damage|p2a: Landorus|121/260 brn|[from] brn\n|upkeep\n|turn|6\n|\n|t:|1771017792\n|move|p2a: Landorus|Earthquake|p1a: Spiritomb\n|-damage|p1a: Spiritomb|34/231\n|-damage|p2a: Landorus|95/260 brn|[from] item: Life Orb\n|move|p1a: Spiritomb|Foul Play|p2a: Landorus\n|-damage|p2a: Landorus|0 fnt\n|faint|p2a: Landorus\n|\n|-heal|p1a: Spiritomb|48/231|[from] item: Leftovers\n|upkeep\n|\n|t:|1771017798\n|switch|p2a: Dewgong|Dewgong, L94, M|322/322\n|turn|7\n|inactive|pikachuniilista has 120 seconds left.\n|\n|t:|1771017851\n|switch|p1a: Hariyama|Hariyama, L86, M|388/388\n|move|p2a: Dewgong|Ice Beam|p1a: Hariyama\n|-damage|p1a: Hariyama|310/388\n|\n|upkeep\n|turn|8\n|\n|t:|1771017878\n|switch|p2a: Noctowl|Noctowl, L95, F|344/344\n|move|p1a: Hariyama|Knock Off|p2a: Noctowl\n|-damage|p2a: Noctowl|239/344\n|-enditem|p2a: Noctowl|Leftovers|[from] move: Knock Off|[of] p1a: Hariyama\n|\n|upkeep\n|turn|9\n|\n|t:|1771017893\n|move|p2a: Noctowl|Air Slash|p1a: Hariyama\n|-supereffective|p1a: Hariyama\n|-damage|p1a: Hariyama|172/388\n|cant|p1a: Hariyama|flinch\n|\n|upkeep\n|turn|10\n|\n|t:|1771017900\n|move|p2a: Noctowl|Air Slash|p1a: Hariyama\n|-supereffective|p1a: Hariyama\n|-damage|p1a: Hariyama|28/388\n|move|p1a: Hariyama|Heavy Slam|p2a: Noctowl\n|-damage|p2a: Noctowl|109/344\n|\n|upkeep\n|turn|11\n|\n|t:|1771017908\n|move|p1a: Hariyama|Bullet Punch|p2a: Noctowl\n|-damage|p2a: Noctowl|66/344\n|move|p2a: Noctowl|Hyper Voice|p1a: Hariyama\n|-damage|p1a: Hariyama|0 fnt\n|faint|p1a: Hariyama\n|\n|upkeep\n|\n|t:|1771017912\n|switch|p1a: Spiritomb|Spiritomb, L88, F|48/231\n|turn|12\n|\n|t:|1771017915\n|move|p1a: Spiritomb|Sucker Punch||[still]\n|-fail|p1a: Spiritomb\n|move|p2a: Noctowl|Roost|p2a: Noctowl\n|-heal|p2a: Noctowl|238/344\n|-singleturn|p2a: Noctowl|move: Roost\n|\n|-heal|p1a: Spiritomb|62/231|[from] item: Leftovers\n|upkeep\n|turn|13\n|\n|t:|1771017929\n|move|p1a: Spiritomb|Sucker Punch|p2a: Noctowl\n|-damage|p2a: Noctowl|118/344\n|move|p2a: Noctowl|Air Slash|p1a: Spiritomb\n|-damage|p1a: Spiritomb|0 fnt\n|faint|p1a: Spiritomb\n|\n|upkeep\n|\n|t:|1771017934\n|switch|p1a: Volcanion|Volcanion, L79|255/255\n|turn|14\n|\n|t:|1771017944\n|move|p1a: Volcanion|Steam Eruption|p2a: Noctowl\n|-crit|p2a: Noctowl\n|-damage|p2a: Noctowl|0 fnt\n|faint|p2a: Noctowl\n|\n|upkeep\n|\n|t:|1771017953\n|switch|p2a: Mewtwo|Mewtwo, L69|261/261\n|-ability|p2a: Mewtwo|Unnerve\n|turn|15\n|\n|t:|1771017956\n|detailschange|p2a: Mewtwo|Mewtwo-Mega-Y, L69\n|-mega|p2a: Mewtwo|Mewtwo|Mewtwonite Y\n|move|p1a: Volcanion|Steam Eruption|p2a: Mewtwo\n|-damage|p2a: Mewtwo|147/261\n|move|p2a: Mewtwo|Calm Mind|p2a: Mewtwo\n|-boost|p2a: Mewtwo|spa|1\n|-boost|p2a: Mewtwo|spd|1\n|\n|upkeep\n|turn|16\n|\n|t:|1771017961\n|move|p2a: Mewtwo|Psystrike|p1a: Volcanion\n|-damage|p1a: Volcanion|86/255\n|move|p1a: Volcanion|Steam Eruption|p2a: Mewtwo\n|-damage|p2a: Mewtwo|63/261\n|\n|upkeep\n|turn|17\n|\n|t:|1771017968\n|move|p2a: Mewtwo|Aura Sphere|p1a: Volcanion\n|-damage|p1a: Volcanion|0 fnt\n|faint|p1a: Volcanion\n|\n|upkeep\n|\n|t:|1771017993\n|switch|p1a: Tangrowth|Tangrowth, L88, F|319/319\n|turn|18\n|\n|t:|1771018000\n|move|p2a: Mewtwo|Fire Blast|p1a: Tangrowth\n|-supereffective|p1a: Tangrowth\n|-damage|p1a: Tangrowth|55/319\n|move|p1a: Tangrowth|Power Whip|p2a: Mewtwo\n|-damage|p2a: Mewtwo|0 fnt\n|faint|p2a: Mewtwo\n|detailschange|p2: Mewtwo|Mewtwo, L69|[silent]\n|\n|upkeep\n|\n|t:|1771018009\n|switch|p2a: Metagross|Metagross, L80|259/259\n|turn|19\n|\n|t:|1771018015\n|move|p2a: Metagross|Agility|p2a: Metagross\n|-boost|p2a: Metagross|spe|2\n|move|p1a: Tangrowth|Earthquake|p2a: Metagross\n|-supereffective|p2a: Metagross\n|-damage|p2a: Metagross|143/259\n|-enditem|p2a: Metagross|Weakness Policy\n|-boost|p2a: Metagross|atk|2|[from] item: Weakness Policy\n|-boost|p2a: Metagross|spa|2|[from] item: Weakness Policy\n|\n|upkeep\n|turn|20\n|\n|t:|1771018025\n|move|p2a: Metagross|Earthquake|p1a: Tangrowth\n|-resisted|p1a: Tangrowth\n|-damage|p1a: Tangrowth|0 fnt\n|faint|p1a: Tangrowth\n|\n|upkeep\n|\n|t:|1771018030\n|switch|p1a: Wobbuffet|Wobbuffet, L93, F|504/504\n|turn|21\n|\n|t:|1771018043\n|move|p2a: Metagross|Meteor Mash|p1a: Wobbuffet\n|-damage|p1a: Wobbuffet|210/504\n|move|p1a: Wobbuffet|Encore|p2a: Metagross\n|-start|p2a: Metagross|Encore\n|\n|upkeep\n|turn|22\n|\n|t:|1771018046\n|move|p2a: Metagross|Meteor Mash|p1a: Wobbuffet\n|-damage|p1a: Wobbuffet|0 fnt\n|faint|p1a: Wobbuffet\n|\n|win|arboretums\n|raw|pikachuniilista's rating: 1563 &rarr; <strong>1546</strong><br />(-17 for losing)\n|raw|arboretums's rating: 1616 &rarr; <strong>1633</strong><br />(+17 for winning)\n", "inputlog": ">version ccdc32dd7cde25fd9e4bed64820e885f66e78a4e\n>start {\"formatid\":\"gen6randombattle\",\"seed\":\"sodium,11045658b00673bdf977665c225dd74c\",\"rated\":\"Rated battle\"}\n>player p1 {\"name\":\"pikachuniilista\",\"avatar\":\"265\",\"rating\":1563,\"seed\":\"sodium,91cbf88ba4735e111ed098fa84b586b9\"}\n>player p2 {\"name\":\"arboretums\",\"avatar\":\"serena-masters2\",\"rating\":1616,\"seed\":\"sodium,dab0c9fbd51e89f390e93639ddcd948a\"}\n>p1 move scald\n>p2 move swordsdance\n>p1 move scald\n>p2 move megahorn\n>p1 switch 4\n>p1 move foulplay\n>p2 move megahorn\n>p2 switch 2\n>p1 move willowisp\n>p2 move earthquake\n>p1 move painsplit\n>p2 move swordsdance\n>p1 move foulplay\n>p2 move earthquake\n>p2 switch 4\n>p1 switch 5\n>p2 move icebeam\n>p1 move knockoff\n>p2 switch 6\n>p1 move heavyslam\n>p2 move airslash\n>p1 move heavyslam\n>p2 move airslash\n>p1 move bulletpunch\n>p2 move hypervoice\n>p1 switch 5\n>p1 move suckerpunch\n>p2 move roost\n>p1 move suckerpunch\n>p2 move airslash\n>p1 switch 3\n>p1 move steameruption\n>p2 move roost\n>p2 switch 5\n>p1 move steameruption\n>p2 move calmmind mega\n>p1 move steameruption\n>p2 move psystrike\n>p1 move steameruption\n>p2 move aurasphere\n>p1 switch 6\n>p1 move powerwhip\n>p2 move fireblast\n>p2 switch 3\n>p1 move earthquake\n>p2 move agility\n>p1 move earthquake\n>p2 move earthquake\n>p1 switch 2\n>p1 move encore\n>p2 move meteormash\n>p1 move counter\n>p2 move meteormash", "uploadtime": 1771018048, "views": 183, "formatid": "gen6randombattle", "rating": 1546, "private": 0, "password": null}