{"id": "gen6randombattle-2540741575", "format": "[Gen 6] Random Battle", "players": ["xuyuehang", "CryCh!c"], "log": "|j|‽xuyuehang\n|j|☆CryCh!c\n|t:|1771248476\n|gametype|singles\n|player|p1|xuyuehang|266|1564\n|player|p2|CryCh!c|marley-masters|1702\n|gen|6\n|tier|[Gen 6] Random Battle\n|rated|\n|rule|Sleep Clause Mod: Limit one foe put to sleep\n|rule|HP Percentage Mod: HP is shown in percentages\n|rule|Illusion Level Mod: Illusion disguises the Pokémon's true level\n|\n|t:|1771248476\n|teamsize|p1|6\n|teamsize|p2|6\n|start\n|switch|p1a: Porygon2|Porygon2, L81|270/270\n|switch|p2a: Metagross|Metagross, L80|259/259\n|-ability|p1a: Porygon2|Download|boost\n|-boost|p1a: Porygon2|spa|1\n|turn|1\n|inactive|Battle timer is ON: inactive players will automatically lose when time's up. (requested by xuyuehang)\n|\n|t:|1771248500\n|switch|p1a: Ariados|Ariados, L91, M|275/275\n|move|p2a: Metagross|Meteor Mash|p1a: Ariados\n|-damage|p1a: Ariados|151/275\n|\n|-heal|p1a: Ariados|168/275|[from] item: Black Sludge\n|upkeep\n|turn|2\n|\n|t:|1771248516\n|move|p2a: Metagross|Meteor Mash|p1a: Ariados\n|-damage|p1a: Ariados|50/275\n|move|p1a: Ariados|Sticky Web|p2a: Metagross\n|-sidestart|p2: CryCh!c|move: Sticky Web\n|\n|-heal|p1a: Ariados|67/275|[from] item: Black Sludge\n|upkeep\n|turn|3\n|\n|t:|1771248533\n|move|p2a: Metagross|Agility|p2a: Metagross\n|-boost|p2a: Metagross|spe|2\n|move|p1a: Ariados|Toxic Spikes|p2a: Metagross\n|-sidestart|p2: CryCh!c|move: Toxic Spikes\n|\n|-heal|p1a: Ariados|84/275|[from] item: Black Sludge\n|upkeep\n|turn|4\n|\n|t:|1771248541\n|move|p2a: Metagross|Meteor Mash|p1a: Ariados\n|-damage|p1a: Ariados|0 fnt\n|faint|p1a: Ariados\n|\n|upkeep\n|\n|t:|1771248558\n|switch|p1a: Entei|Entei, L77|303/303\n|-ability|p1a: Entei|Pressure\n|turn|5\n|\n|t:|1771248570\n|move|p2a: Metagross|Earthquake|p1a: Entei\n|-supereffective|p1a: Entei\n|-crit|p1a: Entei\n|-damage|p1a: Entei|15/303\n|move|p1a: Entei|Flare Blitz|p2a: Metagross\n|-supereffective|p2a: Metagross\n|-damage|p2a: Metagross|0 fnt\n|faint|p2a: Metagross\n|-damage|p1a: Entei|0 fnt|[from] Recoil\n|faint|p1a: Entei\n|\n|upkeep\n|\n|t:|1771248581\n|switch|p1a: Porygon2|Porygon2, L81|270/270\n|switch|p2a: Dewgong|Dewgong, L94, M|322/322\n|-activate|p2a: Dewgong|move: Sticky Web\n|-unboost|p2a: Dewgong|spe|1\n|-status|p2a: Dewgong|psn\n|-ability|p1a: Porygon2|Download|boost\n|-boost|p1a: Porygon2|atk|1\n|turn|6\n|inactive|xuyuehang has 120 seconds left.\n|\n|t:|1771248598\n|move|p1a: Porygon2|Tri Attack|p2a: Dewgong\n|-damage|p2a: Dewgong|255/322 psn\n|move|p2a: Dewgong|Toxic|p1a: Porygon2\n|-status|p1a: Porygon2|tox\n|\n|-heal|p2a: Dewgong|275/322 psn|[from] item: Leftovers\n|-damage|p1a: Porygon2|254/270 tox|[from] psn\n|-damage|p2a: Dewgong|235/322 psn|[from] psn\n|upkeep\n|turn|7\n|inactive|xuyuehang has 120 seconds left.\n|\n|t:|1771248609\n|switch|p1a: Snorlax|Snorlax, L81, M|392/392\n|move|p2a: Dewgong|Ice Beam|p1a: Snorlax\n|-damage|p1a: Snorlax|350/392\n|\n|-heal|p2a: Dewgong|255/322 psn|[from] item: Leftovers\n|-heal|p1a: Snorlax|374/392|[from] item: Leftovers\n|-damage|p2a: Dewgong|215/322 psn|[from] psn\n|upkeep\n|turn|8\n|inactive|xuyuehang has 120 seconds left.\n|\n|t:|1771248623\n|switch|p1a: Porygon2|Porygon2, L81|254/270 tox\n|-ability|p1a: Porygon2|Download|boost\n|-boost|p1a: Porygon2|atk|1\n|move|p2a: Dewgong|Toxic|p1a: Porygon2\n|-fail|p1a: Porygon2|tox\n|\n|-heal|p2a: Dewgong|235/322 psn|[from] item: Leftovers\n|-damage|p1a: Porygon2|238/270 tox|[from] psn\n|-damage|p2a: Dewgong|195/322 psn|[from] psn\n|upkeep\n|turn|9\n|inactive|xuyuehang has 120 seconds left.\n|\n|t:|1771248635\n|move|p1a: Porygon2|Tri Attack|p2a: Dewgong\n|-damage|p2a: Dewgong|122/322 psn\n|move|p2a: Dewgong|Surf|p1a: Porygon2\n|-damage|p1a: Porygon2|180/270 tox\n|\n|-heal|p2a: Dewgong|142/322 psn|[from] item: Leftovers\n|-damage|p1a: Porygon2|148/270 tox|[from] psn\n|-damage|p2a: Dewgong|102/322 psn|[from] psn\n|upkeep\n|turn|10\n|\n|t:|1771248644\n|switch|p1a: Snorlax|Snorlax, L81, M|374/392\n|move|p2a: Dewgong|Surf|p1a: Snorlax\n|-damage|p1a: Snorlax|296/392\n|\n|-heal|p2a: Dewgong|122/322 psn|[from] item: Leftovers\n|-heal|p1a: Snorlax|320/392|[from] item: Leftovers\n|-damage|p2a: Dewgong|82/322 psn|[from] psn\n|upkeep\n|turn|11\n|\n|t:|1771248656\n|move|p2a: Dewgong|Surf|p1a: Snorlax\n|-damage|p1a: Snorlax|244/392\n|move|p1a: Snorlax|Body Slam|p2a: Dewgong\n|-damage|p2a: Dewgong|0 fnt\n|faint|p2a: Dewgong\n|\n|-heal|p1a: Snorlax|268/392|[from] item: Leftovers\n|upkeep\n|\n|t:|1771248664\n|switch|p2a: Watchog|Watchog, L94, M|265/265\n|-activate|p2a: Watchog|move: Sticky Web\n|-unboost|p2a: Watchog|spe|1\n|-status|p2a: Watchog|psn\n|turn|12\n|inactive|xuyuehang has 120 seconds left.\n|\n|t:|1771248686\n|move|p2a: Watchog|Return|p1a: Snorlax\n|-damage|p1a: Snorlax|108/392\n|move|p1a: Snorlax|Body Slam|p2a: Watchog\n|-damage|p2a: Watchog|160/265 psn\n|\n|-heal|p2a: Watchog|176/265 psn|[from] item: Leftovers\n|-heal|p1a: Snorlax|132/392|[from] item: Leftovers\n|-damage|p2a: Watchog|143/265 psn|[from] psn\n|upkeep\n|turn|13\n|inactive|xuyuehang has 120 seconds left.\n|\n|t:|1771248702\n|switch|p1a: Porygon2|Porygon2, L81|148/270 tox\n|-ability|p1a: Porygon2|Download|boost\n|-boost|p1a: Porygon2|spa|1\n|move|p2a: Watchog|Return|p1a: Porygon2\n|-damage|p1a: Porygon2|43/270 tox\n|\n|-heal|p2a: Watchog|159/265 psn|[from] item: Leftovers\n|-damage|p1a: Porygon2|27/270 tox|[from] psn\n|-damage|p2a: Watchog|126/265 psn|[from] psn\n|upkeep\n|turn|14\n|inactive|xuyuehang has 120 seconds left.\n|\n|t:|1771248714\n|switch|p2a: Sylveon|Sylveon, L84, M|297/297\n|-activate|p2a: Sylveon|move: Sticky Web\n|-unboost|p2a: Sylveon|spe|1\n|-status|p2a: Sylveon|psn\n|move|p1a: Porygon2|Recover|p1a: Porygon2\n|-heal|p1a: Porygon2|162/270 tox\n|\n|-damage|p1a: Porygon2|130/270 tox|[from] psn\n|-damage|p2a: Sylveon|260/297 psn|[from] psn\n|upkeep\n|turn|15\n|inactive|xuyuehang has 120 seconds left.\n|\n|t:|1771248726\n|move|p1a: Porygon2|Recover|p1a: Porygon2\n|-heal|p1a: Porygon2|265/270 tox\n|move|p2a: Sylveon|Calm Mind|p2a: Sylveon\n|-boost|p2a: Sylveon|spa|1\n|-boost|p2a: Sylveon|spd|1\n|\n|-heal|p2a: Sylveon|278/297 psn|[from] item: Leftovers\n|-damage|p1a: Porygon2|217/270 tox|[from] psn\n|-damage|p2a: Sylveon|241/297 psn|[from] psn\n|upkeep\n|turn|16\n|inactive|xuyuehang has 120 seconds left.\n|\n|t:|1771248744\n|switch|p1a: Snorlax|Snorlax, L81, M|132/392\n|move|p2a: Sylveon|Wish|p2a: Sylveon\n|\n|-heal|p2a: Sylveon|259/297 psn|[from] item: Leftovers\n|-heal|p1a: Snorlax|156/392|[from] item: Leftovers\n|-damage|p2a: Sylveon|222/297 psn|[from] psn\n|upkeep\n|turn|17\n|\n|t:|1771248761\n|switch|p1a: Porygon2|Porygon2, L81|217/270 tox\n|-ability|p1a: Porygon2|Download|boost\n|-boost|p1a: Porygon2|atk|1\n|move|p2a: Sylveon|Hyper Voice|p1a: Porygon2\n|-damage|p1a: Porygon2|91/270 tox\n|\n|-heal|p2a: Sylveon|297/297 psn|[from] move: Wish|[wisher] Sylveon\n|-damage|p1a: Porygon2|75/270 tox|[from] psn\n|-damage|p2a: Sylveon|260/297 psn|[from] psn\n|upkeep\n|turn|18\n|\n|t:|1771248774\n|move|p1a: Porygon2|Recover|p1a: Porygon2\n|-heal|p1a: Porygon2|210/270 tox\n|move|p2a: Sylveon|Calm Mind|p2a: Sylveon\n|-boost|p2a: Sylveon|spa|1\n|-boost|p2a: Sylveon|spd|1\n|\n|-heal|p2a: Sylveon|278/297 psn|[from] item: Leftovers\n|-damage|p1a: Porygon2|178/270 tox|[from] psn\n|-damage|p2a: Sylveon|241/297 psn|[from] psn\n|upkeep\n|turn|19\n|\n|t:|1771248786\n|switch|p1a: Snorlax|Snorlax, L81, M|156/392\n|move|p2a: Sylveon|Wish|p2a: Sylveon\n|\n|-heal|p2a: Sylveon|259/297 psn|[from] item: Leftovers\n|-heal|p1a: Snorlax|180/392|[from] item: Leftovers\n|-damage|p2a: Sylveon|222/297 psn|[from] psn\n|upkeep\n|turn|20\n|\n|t:|1771248796\n|move|p2a: Sylveon|Hyper Voice|p1a: Snorlax\n|-damage|p1a: Snorlax|0 fnt\n|faint|p1a: Snorlax\n|\n|-heal|p2a: Sylveon|297/297 psn|[from] move: Wish|[wisher] Sylveon\n|-damage|p2a: Sylveon|260/297 psn|[from] psn\n|upkeep\n|\n|t:|1771248805\n|switch|p1a: Greninja|Greninja, L79, M|243/243\n|turn|21\n|\n|t:|1771248816\n|move|p2a: Sylveon|Protect|p2a: Sylveon\n|-singleturn|p2a: Sylveon|Protect\n|move|p1a: Greninja|Gunk Shot|p2a: Sylveon\n|-start|p1a: Greninja|typechange|Poison|[from] ability: Protean\n|-activate|p2a: Sylveon|move: Protect\n|\n|-heal|p2a: Sylveon|278/297 psn|[from] item: Leftovers\n|-damage|p2a: Sylveon|241/297 psn|[from] psn\n|upkeep\n|turn|22\n|inactive|xuyuehang has 120 seconds left.\n|\n|t:|1771248830\n|switch|p2a: Watchog|Watchog, L94, M|126/265 psn\n|-activate|p2a: Watchog|move: Sticky Web\n|-unboost|p2a: Watchog|spe|1\n|move|p1a: Greninja|Gunk Shot|p2a: Watchog\n|-damage|p2a: Watchog|0 fnt\n|faint|p2a: Watchog\n|-damage|p1a: Greninja|219/243|[from] item: Life Orb\n|\n|upkeep\n|\n|t:|1771248834\n|switch|p2a: Volcanion|Volcanion, L79|256/256\n|-activate|p2a: Volcanion|move: Sticky Web\n|-unboost|p2a: Volcanion|spe|1\n|-status|p2a: Volcanion|psn\n|turn|23\n|inactive|xuyuehang has 120 seconds left.\n|\n|t:|1771248855\n|move|p1a: Greninja|U-turn|p2a: Volcanion\n|-start|p1a: Greninja|typechange|Bug|[from] ability: Protean\n|-resisted|p2a: Volcanion\n|-damage|p2a: Volcanion|224/256 psn\n|-damage|p1a: Greninja|195/243|[from] item: Life Orb\n|\n|t:|1771248861\n|switch|p1a: Porygon2|Porygon2, L81|178/270 tox|[from] U-turn\n|-ability|p1a: Porygon2|Download|boost\n|-boost|p1a: Porygon2|spa|1\n|move|p2a: Volcanion|Steam Eruption|p1a: Porygon2\n|-damage|p1a: Porygon2|96/270 tox\n|\n|-heal|p2a: Volcanion|240/256 psn|[from] item: Leftovers\n|-damage|p1a: Porygon2|80/270 tox|[from] psn\n|-damage|p2a: Volcanion|208/256 psn|[from] psn\n|upkeep\n|turn|24\n|\n|t:|1771248875\n|switch|p2a: Sylveon|Sylveon, L84, M|241/297 psn\n|-activate|p2a: Sylveon|move: Sticky Web\n|-unboost|p2a: Sylveon|spe|1\n|move|p1a: Porygon2|Recover|p1a: Porygon2\n|-heal|p1a: Porygon2|215/270 tox\n|\n|-heal|p2a: Sylveon|259/297 psn|[from] item: Leftovers\n|-damage|p1a: Porygon2|183/270 tox|[from] psn\n|-damage|p2a: Sylveon|222/297 psn|[from] psn\n|upkeep\n|turn|25\n|\n|t:|1771248888\n|move|p1a: Porygon2|Tri Attack|p2a: Sylveon\n|-damage|p2a: Sylveon|120/297 psn\n|move|p2a: Sylveon|Wish|p2a: Sylveon\n|\n|-heal|p2a: Sylveon|138/297 psn|[from] item: Leftovers\n|-damage|p1a: Porygon2|135/270 tox|[from] psn\n|-damage|p2a: Sylveon|101/297 psn|[from] psn\n|upkeep\n|turn|26\n|\n|t:|1771248901\n|move|p1a: Porygon2|Tri Attack|p2a: Sylveon\n|-crit|p2a: Sylveon\n|-damage|p2a: Sylveon|0 fnt\n|faint|p2a: Sylveon\n|\n|-damage|p1a: Porygon2|71/270 tox|[from] psn\n|upkeep\n|\n|t:|1771248917\n|switch|p2a: Sceptile|Sceptile, L81, M|246/246\n|-activate|p2a: Sceptile|move: Sticky Web\n|-unboost|p2a: Sceptile|spe|1\n|-status|p2a: Sceptile|psn\n|turn|27\n|inactive|xuyuehang has 120 seconds left.\n|\n|t:|1771248924\n|detailschange|p2a: Sceptile|Sceptile-Mega, L81, M\n|-mega|p2a: Sceptile|Sceptile|Sceptilite\n|move|p2a: Sceptile|Dragon Pulse|p1a: Porygon2\n|-damage|p1a: Porygon2|0 fnt\n|faint|p1a: Porygon2\n|\n|-damage|p2a: Sceptile|216/246 psn|[from] psn\n|upkeep\n|inactive|xuyuehang has 120 seconds left.\n|\n|t:|1771248949\n|switch|p1a: Greninja|Greninja, L79, M|195/243\n|turn|28\n|\n|t:|1771248972\n|move|p1a: Greninja|Gunk Shot|p2a: Sceptile\n|-start|p1a: Greninja|typechange|Poison|[from] ability: Protean\n|-supereffective|p2a: Sceptile\n|-damage|p2a: Sceptile|0 fnt\n|faint|p2a: Sceptile\n|detailschange|p2: Sceptile|Sceptile, L81, M|[silent]\n|-damage|p1a: Greninja|171/243|[from] item: Life Orb\n|\n|upkeep\n|\n|t:|1771248974\n|switch|p2a: Volcanion|Volcanion, L79|208/256 psn\n|-activate|p2a: Volcanion|move: Sticky Web\n|-unboost|p2a: Volcanion|spe|1\n|turn|29\n|\n|t:|1771248984\n|move|p1a: Greninja|Gunk Shot|p2a: Volcanion\n|-damage|p2a: Volcanion|98/256 psn\n|-damage|p1a: Greninja|147/243|[from] item: Life Orb\n|move|p2a: Volcanion|Steam Eruption|p1a: Greninja\n|-damage|p1a: Greninja|0 fnt\n|faint|p1a: Greninja\n|\n|-heal|p2a: Volcanion|114/256 psn|[from] item: Leftovers\n|-damage|p2a: Volcanion|82/256 psn|[from] psn\n|upkeep\n|\n|t:|1771248995\n|switch|p1a: Zygarde|Zygarde, L77|293/293\n|-ability|p1a: Zygarde|Aura Break\n|turn|30\n|\n|t:|1771249001\n|move|p1a: Zygarde|Earthquake|p2a: Volcanion\n|-supereffective|p2a: Volcanion\n|-damage|p2a: Volcanion|0 fnt\n|faint|p2a: Volcanion\n|\n|win|xuyuehang\n|raw|xuyuehang's rating: 1564 &rarr; <strong>1592</strong><br />(+28 for winning)\n|raw|CryCh!c's rating: 1702 &rarr; <strong>1674</strong><br />(-28 for losing)\n|l|☆CryCh!c\n|player|p2|\n", "inputlog": ">version 686819e5e19f8a7fd2345cfc5a08a5085efa2cc3\n>start {\"formatid\":\"gen6randombattle\",\"seed\":\"sodium,b4ca337e85a7973e90d3ee785df10534\",\"rated\":\"Rated battle\"}\n>player p1 {\"name\":\"xuyuehang\",\"avatar\":\"266\",\"rating\":1564,\"seed\":\"sodium,be37707745f194f4e50d1d29c8291f65\"}\n>player p2 {\"name\":\"CryCh!c\",\"avatar\":\"marley-masters\",\"rating\":1702,\"seed\":\"sodium,b7450e88002b05187f8b8050f3a74d95\"}\n>p1 switch 2\n>p2 move meteormash\n>p1 move stickyweb\n>p2 move meteormash\n>p1 move toxicspikes\n>p2 move agility\n>p1 move megahorn\n>p2 move meteormash\n>p1 switch 3\n>p1 move flareblitz\n>p2 move earthquake\n>p1 switch 2\n>p2 switch 3\n>p1 move triattack\n>p2 move toxic\n>p1 switch 4\n>p2 move icebeam\n>p1 switch 4\n>p2 move toxic\n>p1 move triattack\n>p2 move surf\n>p1 switch 4\n>p2 move surf\n>p1 move bodyslam\n>p2 move surf\n>p2 switch 4\n>p1 move bodyslam\n>p2 move return\n>p1 switch 4\n>p2 move return\n>p1 move recover\n>p2 switch 5\n>p1 move recover\n>p2 move calmmind\n>p1 switch 4\n>p2 move wish\n>p1 switch 4\n>p2 move hypervoice\n>p1 move recover\n>p2 move calmmind\n>p1 switch 4\n>p2 move wish\n>p1 move rest\n>p2 move hypervoice\n>p1 switch 5\n>p1 move gunkshot\n>p2 move protect\n>p1 move gunkshot\n>p2 switch 5\n>p2 switch 2\n>p1 move uturn\n>p2 move steameruption\n>p1 switch 4\n>p1 move recover\n>p2 switch 5\n>p1 move triattack\n>p2 move wish\n>p1 move triattack\n>p2 move hypervoice\n>p2 switch 6\n>p1 move icebeam\n>p2 move dragonpulse mega\n>p1 switch 4\n>p1 move gunkshot\n>p2 move dragonpulse\n>p2 switch 5\n>p1 move gunkshot\n>p2 move steameruption\n>p1 switch 6\n>p1 move earthquake\n>p2 move steameruption", "uploadtime": 1771249009, "views": 11, "formatid": "gen6randombattle", "rating": 1592, "private": 0, "password": null}