{"id": "gen6randombattle-2517104538", "format": "[Gen 6] Random Battle", "players": ["arboretums", "piproom"], "log": "|j|☆arboretums\n|j|☆piproom\n|t:|1768229111\n|gametype|singles\n|player|p1|arboretums|whitney-masters|1575\n|player|p2|piproom|gentleman-gen4dp|1559\n|gen|6\n|tier|[Gen 6] Random Battle\n|rated|\n|rule|Sleep Clause Mod: Limit one foe put to sleep\n|rule|HP Percentage Mod: HP is shown in percentages\n|rule|Illusion Level Mod: Illusion disguises the Pokémon's true level\n|\n|t:|1768229111\n|teamsize|p1|6\n|teamsize|p2|6\n|start\n|switch|p1a: Kecleon|Kecleon, L89, M|252/252\n|switch|p2a: Dialga|Dialga, L73|266/266\n|-ability|p2a: Dialga|Pressure\n|turn|1\n|inactive|Battle timer is ON: inactive players will automatically lose when time's up. (requested by arboretums)\n|inactive|piproom also wants the timer to be on.\n|\n|t:|1768229125\n|switch|p2a: Golurk|Golurk, L83|283/283\n|move|p1a: Kecleon|Drain Punch|p2a: Golurk\n|-start|p1a: Kecleon|typechange|Fighting|[from] ability: Protean\n|-immune|p2a: Golurk\n|\n|upkeep\n|turn|2\n|\n|t:|1768229135\n|move|p2a: Golurk|Stealth Rock|p1a: Kecleon\n|-sidestart|p1: arboretums|move: Stealth Rock\n|move|p1a: Kecleon|Knock Off|p2a: Golurk\n|-start|p1a: Kecleon|typechange|Dark|[from] ability: Protean\n|-supereffective|p2a: Golurk\n|-damage|p2a: Golurk|61/283\n|-enditem|p2a: Golurk|Life Orb|[from] move: Knock Off|[of] p1a: Kecleon\n|\n|upkeep\n|turn|3\n|\n|t:|1768229159\n|switch|p1a: Honchkrow|Honchkrow, L82, M|298/298\n|-damage|p1a: Honchkrow|224/298|[from] Stealth Rock\n|move|p2a: Golurk|Earthquake|p1a: Honchkrow\n|-immune|p1a: Honchkrow\n|\n|upkeep\n|turn|4\n|\n|t:|1768229168\n|switch|p2a: Dialga|Dialga, L73|266/266\n|-ability|p2a: Dialga|Pressure\n|move|p1a: Honchkrow|Brave Bird|p2a: Dialga\n|-resisted|p2a: Dialga\n|-damage|p2a: Dialga|175/266\n|-damage|p1a: Honchkrow|194/298|[from] Recoil\n|-damage|p1a: Honchkrow|165/298|[from] item: Life Orb\n|\n|upkeep\n|turn|5\n|\n|t:|1768229181\n|move|p2a: Dialga|Thunderbolt|p1a: Honchkrow\n|-supereffective|p1a: Honchkrow\n|-damage|p1a: Honchkrow|0 fnt\n|faint|p1a: Honchkrow\n|\n|upkeep\n|\n|t:|1768229202\n|switch|p1a: Meloetta|Meloetta, L82|298/298\n|-damage|p1a: Meloetta|261/298|[from] Stealth Rock\n|turn|6\n|\n|t:|1768229215\n|switch|p2a: Gyarados|Gyarados, L74, M|263/263\n|-ability|p2a: Gyarados|Intimidate|boost\n|-unboost|p1a: Meloetta|atk|1\n|move|p1a: Meloetta|U-turn|p2a: Gyarados\n|-resisted|p2a: Gyarados\n|-damage|p2a: Gyarados|246/263\n|\n|t:|1768229231\n|switch|p1a: Dragonite|Dragonite, L73, M|253/253|[from] U-turn\n|-damage|p1a: Dragonite|190/253|[from] Stealth Rock\n|\n|upkeep\n|turn|7\n|\n|t:|1768229241\n|switch|p2a: Dusknoir|Dusknoir, L89, M|225/225\n|-item|p1a: Dragonite|Lum Berry|[from] ability: Frisk|[of] p2a: Dusknoir\n|move|p1a: Dragonite|Dragon Dance|p1a: Dragonite\n|-boost|p1a: Dragonite|atk|1\n|-boost|p1a: Dragonite|spe|1\n|\n|upkeep\n|turn|8\n|\n|t:|1768229249\n|move|p1a: Dragonite|Outrage|p2a: Dusknoir\n|-damage|p2a: Dusknoir|101/225\n|move|p2a: Dusknoir|Will-O-Wisp|p1a: Dragonite\n|-status|p1a: Dragonite|brn\n|-enditem|p1a: Dragonite|Lum Berry|[eat]\n|-curestatus|p1a: Dragonite|brn|[msg]\n|\n|-heal|p2a: Dusknoir|115/225|[from] item: Leftovers\n|upkeep\n|turn|9\n|\n|t:|1768229265\n|move|p2a: Dusknoir|Shadow Sneak|p1a: Dragonite\n|-damage|p1a: Dragonite|141/253\n|move|p1a: Dragonite|Outrage|p2a: Dusknoir|[from] lockedmove\n|-damage|p2a: Dusknoir|0 fnt\n|faint|p2a: Dusknoir\n|\n|upkeep\n|\n|t:|1768229273\n|switch|p2a: Gyarados|Gyarados, L74, M|246/263\n|-ability|p2a: Gyarados|Intimidate|boost\n|-unboost|p1a: Dragonite|atk|1\n|turn|10\n|\n|t:|1768229287\n|detailschange|p2a: Gyarados|Gyarados-Mega, L74, M\n|-mega|p2a: Gyarados|Gyarados|Gyaradosite\n|-ability|p2a: Gyarados|Mold Breaker\n|move|p1a: Dragonite|Outrage|p2a: Gyarados|[from] lockedmove\n|-damage|p2a: Gyarados|132/263\n|-start|p1a: Dragonite|confusion|[fatigue]\n|move|p2a: Gyarados|Dragon Dance|p2a: Gyarados\n|-boost|p2a: Gyarados|atk|1\n|-boost|p2a: Gyarados|spe|1\n|\n|upkeep\n|turn|11\n|\n|t:|1768229301\n|move|p2a: Gyarados|Crunch|p1a: Dragonite\n|-crit|p1a: Dragonite\n|-damage|p1a: Dragonite|0 fnt\n|faint|p1a: Dragonite\n|\n|upkeep\n|\n|t:|1768229316\n|switch|p1a: Kecleon|Kecleon, L89, M|252/252\n|-damage|p1a: Kecleon|221/252|[from] Stealth Rock\n|turn|12\n|\n|t:|1768229321\n|move|p2a: Gyarados|Waterfall|p1a: Kecleon\n|-damage|p1a: Kecleon|62/252\n|move|p1a: Kecleon|Drain Punch|p2a: Gyarados\n|-start|p1a: Kecleon|typechange|Fighting|[from] ability: Protean\n|-supereffective|p2a: Gyarados\n|-damage|p2a: Gyarados|0 fnt\n|-heal|p1a: Kecleon|128/252|[from] drain|[of] p2a: Gyarados\n|faint|p2a: Gyarados\n|detailschange|p2: Gyarados|Gyarados, L74, M|[silent]\n|\n|-heal|p1a: Kecleon|143/252|[from] item: Leftovers\n|upkeep\n|\n|t:|1768229336\n|switch|p2a: Starmie|Starmie, L82|233/233\n|turn|13\n|\n|t:|1768229344\n|move|p2a: Starmie|Scald|p1a: Kecleon\n|-damage|p1a: Kecleon|83/252\n|move|p1a: Kecleon|Knock Off|p2a: Starmie\n|-start|p1a: Kecleon|typechange|Dark|[from] ability: Protean\n|-supereffective|p2a: Starmie\n|-damage|p2a: Starmie|15/233\n|-enditem|p2a: Starmie|Leftovers|[from] move: Knock Off|[of] p1a: Kecleon\n|\n|-heal|p1a: Kecleon|98/252|[from] item: Leftovers\n|upkeep\n|turn|14\n|\n|t:|1768229356\n|move|p2a: Starmie|Scald|p1a: Kecleon\n|-damage|p1a: Kecleon|38/252\n|move|p1a: Kecleon|Recover|p1a: Kecleon\n|-start|p1a: Kecleon|typechange|Normal|[from] ability: Protean\n|-heal|p1a: Kecleon|164/252\n|\n|-heal|p1a: Kecleon|179/252|[from] item: Leftovers\n|upkeep\n|turn|15\n|\n|t:|1768229367\n|move|p2a: Starmie|Scald|p1a: Kecleon\n|-damage|p1a: Kecleon|119/252\n|move|p1a: Kecleon|Drain Punch|p2a: Starmie\n|-start|p1a: Kecleon|typechange|Fighting|[from] ability: Protean\n|-resisted|p2a: Starmie\n|-damage|p2a: Starmie|0 fnt\n|-heal|p1a: Kecleon|127/252|[from] drain|[of] p2a: Starmie\n|faint|p2a: Starmie\n|\n|-heal|p1a: Kecleon|142/252|[from] item: Leftovers\n|upkeep\n|\n|t:|1768229381\n|switch|p2a: Parasect|Parasect, F|282/282\n|turn|16\n|\n|t:|1768229398\n|move|p1a: Kecleon|Toxic|p2a: Parasect\n|-start|p1a: Kecleon|typechange|Poison|[from] ability: Protean\n|-status|p2a: Parasect|tox\n|move|p2a: Parasect|Spore|p1a: Kecleon\n|-status|p1a: Kecleon|slp|[from] move: Spore\n|\n|-heal|p1a: Kecleon|157/252 slp|[from] item: Leftovers\n|-damage|p2a: Parasect|265/282 tox|[from] psn\n|upkeep\n|turn|17\n|inactive|arboretums has 120 seconds left.\n|\n|t:|1768229434\n|cant|p1a: Kecleon|slp\n|move|p2a: Parasect|X-Scissor|p1a: Kecleon\n|-resisted|p1a: Kecleon\n|-damage|p1a: Kecleon|91/252 slp\n|\n|-heal|p1a: Kecleon|106/252 slp|[from] item: Leftovers\n|-heal|p2a: Parasect|282/282 tox|[from] item: Leftovers\n|-damage|p2a: Parasect|248/282 tox|[from] psn\n|upkeep\n|turn|18\n|\n|t:|1768229443\n|cant|p1a: Kecleon|slp\n|move|p2a: Parasect|Knock Off|p1a: Kecleon\n|-damage|p1a: Kecleon|0 fnt\n|-enditem|p1a: Kecleon|Leftovers|[from] move: Knock Off|[of] p2a: Parasect\n|faint|p1a: Kecleon\n|\n|-heal|p2a: Parasect|265/282 tox|[from] item: Leftovers\n|-damage|p2a: Parasect|214/282 tox|[from] psn\n|upkeep\n|inactive|arboretums has 120 seconds left.\n|\n|t:|1768229449\n|switch|p1a: Heatran|Heatran, L78, M|270/270\n|-damage|p1a: Heatran|237/270|[from] Stealth Rock\n|turn|19\n|\n|t:|1768229458\n|move|p1a: Heatran|Magma Storm|p2a: Parasect\n|-supereffective|p2a: Parasect\n|-damage|p2a: Parasect|0 fnt\n|faint|p2a: Parasect\n|\n|-heal|p1a: Heatran|253/270|[from] item: Leftovers\n|upkeep\n|\n|t:|1768229466\n|switch|p2a: Golurk|Golurk, L83|61/283\n|turn|20\n|inactive|arboretums has 120 seconds left.\n|\n|t:|1768229497\n|move|p1a: Heatran|Earth Power|p2a: Golurk\n|-crit|p2a: Golurk\n|-damage|p2a: Golurk|0 fnt\n|faint|p2a: Golurk\n|\n|-heal|p1a: Heatran|269/270|[from] item: Leftovers\n|upkeep\n|-message|piproom forfeited.\n|\n|win|arboretums\n|raw|arboretums's rating: 1575 &rarr; <strong>1594</strong><br />(+19 for winning)\n|raw|piproom's rating: 1559 &rarr; <strong>1540</strong><br />(-19 for losing)\n|l|☆piproom\n|player|p2|\n", "inputlog": ">version f2883557ca71b1a14bc1039fd307aee7de4ab455\n>start {\"formatid\":\"gen6randombattle\",\"seed\":\"sodium,7e4a3ccfb1f48d4d3a2c8e1ee723845b\",\"rated\":\"Rated battle\"}\n>player p1 {\"name\":\"arboretums\",\"avatar\":\"whitney-masters\",\"rating\":1575,\"seed\":\"sodium,23d21c6f23d34fb61f4116375c4b4524\"}\n>player p2 {\"name\":\"piproom\",\"avatar\":\"gentleman-gen4dp\",\"rating\":1559,\"seed\":\"sodium,e59a9ae12f3666539f52c6067d517257\"}\n>p1 move drainpunch\n>p2 switch 6\n>p1 move knockoff\n>p2 move stealthrock\n>p1 switch 5\n>p2 move earthquake\n>p1 move bravebird\n>p2 switch 6\n>p1 move superpower\n>p2 move thunderbolt\n>p1 switch 4\n>p1 move uturn\n>p2 switch 4\n>p1 switch 2\n>p1 move dragondance\n>p2 switch 2\n>p1 move outrage\n>p2 move willowisp\n>p1 move outrage\n>p2 move shadowsneak\n>p2 switch 2\n>p1 move outrage\n>p2 move dragondance mega\n>p1 move dragondance\n>p2 move crunch\n>p1 switch 5\n>p1 move drainpunch\n>p2 move waterfall\n>p2 switch 5\n>p1 move knockoff\n>p2 move scald\n>p1 move recover\n>p2 move scald\n>p1 move drainpunch\n>p2 move scald\n>p2 switch 3\n>p1 move toxic\n>p2 move spore\n>p1 move recover\n>p2 move xscissor\n>p1 move recover\n>p2 move knockoff\n>p1 switch 6\n>p1 move magmastorm\n>p2 move spore\n>p2 switch 6\n>p1 move earthpower\n>p2 move dynamicpunch\n>forcelose p2", "uploadtime": 1768229502, "views": 223, "formatid": "gen6randombattle", "rating": 1540, "private": 0, "password": null}