{"id": "gen6randombattle-2532620049", "format": "[Gen 6] Random Battle", "players": ["Plop", "Don Rabo de Toro"], "log": "|j|☆Plop\n|j|☆Don Rabo de Toro\n|t:|1770206575\n|gametype|singles\n|player|p1|Plop|#rbtt9travelers|1806\n|player|p2|Don Rabo de Toro|2|1633\n|gen|6\n|tier|[Gen 6] Random Battle\n|rated|\n|rule|Sleep Clause Mod: Limit one foe put to sleep\n|rule|HP Percentage Mod: HP is shown in percentages\n|rule|Illusion Level Mod: Illusion disguises the Pokémon's true level\n|\n|t:|1770206575\n|teamsize|p1|6\n|teamsize|p2|6\n|start\n|switch|p1a: Huntail|Huntail, L84, M|230/230\n|switch|p2a: Kangaskhan|Kangaskhan, L85, F|317/317\n|turn|1\n|inactive|Battle timer is ON: inactive players will automatically lose when time's up. (requested by Don Rabo de Toro)\n|\n|t:|1770206606\n|switch|p1a: Gigalith|Gigalith, L85, M|283/283\n|move|p2a: Kangaskhan|Fake Out|p1a: Gigalith\n|-resisted|p1a: Gigalith\n|-damage|p1a: Gigalith|267/283\n|\n|upkeep\n|turn|2\n|\n|t:|1770206619\n|switch|p2a: Butterfree|Butterfree, L92, M|259/259\n|move|p1a: Gigalith|Superpower|p2a: Butterfree\n|-resisted|p2a: Butterfree\n|-damage|p2a: Butterfree|204/259\n|-unboost|p1a: Gigalith|atk|1\n|-unboost|p1a: Gigalith|def|1\n|\n|-heal|p2a: Butterfree|220/259|[from] item: Leftovers\n|upkeep\n|turn|3\n|j| shvdnsskks\n|\n|t:|1770206640\n|switch|p1a: Hypno|Hypno, L96, M|319/319\n|move|p2a: Butterfree|Sleep Powder|p1a: Hypno|[miss]\n|-miss|p2a: Butterfree|p1a: Hypno\n|\n|-heal|p2a: Butterfree|236/259|[from] item: Leftovers\n|upkeep\n|turn|4\n|\n|t:|1770206645\n|move|p1a: Hypno|Toxic|p2a: Butterfree\n|-status|p2a: Butterfree|tox\n|move|p2a: Butterfree|Quiver Dance|p2a: Butterfree\n|-boost|p2a: Butterfree|spa|1\n|-boost|p2a: Butterfree|spd|1\n|-boost|p2a: Butterfree|spe|1\n|\n|-heal|p2a: Butterfree|252/259 tox|[from] item: Leftovers\n|-damage|p2a: Butterfree|236/259 tox|[from] psn\n|upkeep\n|turn|5\n|\n|t:|1770206654\n|switch|p1a: Dialga|Dialga, L73|266/266\n|-ability|p1a: Dialga|Pressure\n|move|p2a: Butterfree|Bug Buzz|p1a: Dialga\n|-resisted|p1a: Dialga\n|-damage|p1a: Dialga|164/266\n|\n|-heal|p2a: Butterfree|252/259 tox|[from] item: Leftovers\n|-damage|p2a: Butterfree|220/259 tox|[from] psn\n|upkeep\n|turn|6\n|\n|t:|1770206666\n|move|p2a: Butterfree|Bug Buzz|p1a: Dialga\n|-resisted|p1a: Dialga\n|-damage|p1a: Dialga|46/266\n|move|p1a: Dialga|Dragon Tail|p2a: Butterfree\n|-damage|p2a: Butterfree|141/259 tox\n|drag|p2a: Metagross|Metagross, L74|240/240\n|\n|upkeep\n|turn|7\n|l|☆Plop\n|inactive|Plop disconnected and has a minute to reconnect!\n|player|p1|\n|j|☆Plop\n|inactive|Plop reconnected and has 115 seconds left.\n|player|p1|Plop|#rbtt9travelers|\n|\n|t:|1770206710\n|detailschange|p2a: Metagross|Metagross-Mega, L74\n|-mega|p2a: Metagross|Metagross|Metagrossite\n|move|p1a: Dialga|Fire Blast|p2a: Metagross\n|-supereffective|p2a: Metagross\n|-damage|p2a: Metagross|92/240\n|move|p2a: Metagross|Earthquake|p1a: Dialga\n|-supereffective|p1a: Dialga\n|-damage|p1a: Dialga|0 fnt\n|faint|p1a: Dialga\n|\n|upkeep\n|\n|t:|1770206724\n|switch|p1a: Ninetales|Ninetales, L83, M|257/257\n|-weather|SunnyDay|[from] ability: Drought|[of] p1a: Ninetales\n|turn|8\n|\n|t:|1770206732\n|switch|p2a: Kangaskhan|Kangaskhan, L85, F|317/317\n|move|p1a: Ninetales|Fire Blast|p2a: Kangaskhan\n|-damage|p2a: Kangaskhan|184/317\n|-status|p2a: Kangaskhan|brn\n|-damage|p1a: Ninetales|232/257|[from] item: Life Orb\n|\n|-weather|SunnyDay|[upkeep]\n|-damage|p2a: Kangaskhan|145/317 brn|[from] brn\n|upkeep\n|turn|9\n|inactive|Plop has 120 seconds left.\n|\n|t:|1770206755\n|move|p1a: Ninetales|Nasty Plot|p1a: Ninetales\n|-boost|p1a: Ninetales|spa|2\n|move|p2a: Kangaskhan|Earthquake|p1a: Ninetales\n|-supereffective|p1a: Ninetales\n|-damage|p1a: Ninetales|153/257\n|\n|-weather|SunnyDay|[upkeep]\n|-damage|p2a: Kangaskhan|106/317 brn|[from] brn\n|upkeep\n|turn|10\n|\n|t:|1770206761\n|move|p1a: Ninetales|Solar Beam||[still]\n|-prepare|p1a: Ninetales|Solar Beam\n|-anim|p1a: Ninetales|Solar Beam|p2a: Kangaskhan\n|-damage|p2a: Kangaskhan|0 fnt\n|faint|p2a: Kangaskhan\n|-damage|p1a: Ninetales|128/257|[from] item: Life Orb\n|\n|-weather|SunnyDay|[upkeep]\n|upkeep\n|inactive|Don Rabo de Toro has 120 seconds left.\n|\n|t:|1770206782\n|switch|p2a: Regigigas|Regigigas, L84|322/322\n|-start|p2a: Regigigas|ability: Slow Start\n|turn|11\n|inactive|Plop has 120 seconds left.\n|\n|t:|1770206792\n|move|p1a: Ninetales|Fire Blast|p2a: Regigigas\n|-crit|p2a: Regigigas\n|-damage|p2a: Regigigas|0 fnt\n|faint|p2a: Regigigas\n|-damage|p1a: Ninetales|103/257|[from] item: Life Orb\n|\n|-weather|SunnyDay|[upkeep]\n|upkeep\n|\n|t:|1770206804\n|switch|p2a: Butterfree|Butterfree, L92, M|141/259 tox\n|turn|12\n|\n|t:|1770206810\n|move|p1a: Ninetales|Hidden Power|p2a: Butterfree\n|-supereffective|p2a: Butterfree\n|-damage|p2a: Butterfree|0 fnt\n|faint|p2a: Butterfree\n|-damage|p1a: Ninetales|78/257|[from] item: Life Orb\n|\n|-weather|none\n|upkeep\n|inactive|Don Rabo de Toro has 120 seconds left.\n|\n|t:|1770206837\n|switch|p2a: Nidoking|Nidoking, L82, M|267/267\n|turn|13\n|\n|t:|1770206845\n|move|p1a: Ninetales|Fire Blast|p2a: Nidoking|[miss]\n|-miss|p1a: Ninetales|p2a: Nidoking\n|move|p2a: Nidoking|Earth Power|p1a: Ninetales\n|-supereffective|p1a: Ninetales\n|-damage|p1a: Ninetales|0 fnt\n|faint|p1a: Ninetales\n|\n|upkeep\n|\n|t:|1770206872\n|switch|p1a: Huntail|Huntail, L84, M|230/230\n|turn|14\n|\n|t:|1770206886\n|move|p2a: Nidoking|Sludge Wave|p1a: Huntail\n|-damage|p1a: Huntail|66/230\n|move|p1a: Huntail|Shell Smash|p1a: Huntail\n|-unboost|p1a: Huntail|def|1\n|-unboost|p1a: Huntail|spd|1\n|-boost|p1a: Huntail|atk|2\n|-boost|p1a: Huntail|spa|2\n|-boost|p1a: Huntail|spe|2\n|-enditem|p1a: Huntail|White Herb\n|-clearnegativeboost|p1a: Huntail|[silent]\n|\n|upkeep\n|turn|15\n|\n|t:|1770206901\n|switch|p2a: Metagross|Metagross-Mega, L74|92/240\n|move|p1a: Huntail|Waterfall|p2a: Metagross\n|-damage|p2a: Metagross|0 fnt\n|faint|p2a: Metagross\n|detailschange|p2: Metagross|Metagross, L74|[silent]\n|\n|upkeep\n|\n|t:|1770206902\n|switch|p2a: Granbull|Granbull, L87, M|298/298\n|-ability|p2a: Granbull|Intimidate|boost\n|-unboost|p1a: Huntail|atk|1\n|turn|16\n|inactive|Plop has 120 seconds left.\n|\n|t:|1770206937\n|move|p1a: Huntail|Ice Beam|p2a: Granbull\n|-damage|p2a: Granbull|134/298\n|move|p2a: Granbull|Play Rough|p1a: Huntail\n|-damage|p1a: Huntail|0 fnt\n|faint|p1a: Huntail\n|\n|-heal|p2a: Granbull|152/298|[from] item: Leftovers\n|upkeep\n|\n|t:|1770206950\n|switch|p1a: Gigalith|Gigalith, L85, M|267/283\n|turn|17\n|\n|t:|1770206960\n|switch|p2a: Nidoking|Nidoking, L82, M|267/267\n|move|p1a: Gigalith|Explosion|p2a: Nidoking\n|-damage|p2a: Nidoking|0 fnt\n|faint|p1a: Gigalith\n|faint|p2a: Nidoking\n|\n|upkeep\n|\n|t:|1770206966\n|switch|p2a: Granbull|Granbull, L87, M|152/298\n|switch|p1a: Hypno|Hypno, L96, M|319/319\n|-ability|p2a: Granbull|Intimidate|boost\n|-unboost|p1a: Hypno|atk|1\n|turn|18\n|\n|t:|1770206970\n|move|p1a: Hypno|Seismic Toss|p2a: Granbull\n|-damage|p2a: Granbull|56/298\n|move|p2a: Granbull|Toxic|p1a: Hypno\n|-status|p1a: Hypno|tox\n|\n|-heal|p2a: Granbull|74/298|[from] item: Leftovers\n|-damage|p1a: Hypno|300/319 tox|[from] psn\n|upkeep\n|turn|19\n|\n|t:|1770206974\n|move|p1a: Hypno|Seismic Toss|p2a: Granbull\n|-damage|p2a: Granbull|0 fnt\n|faint|p2a: Granbull\n|\n|win|Plop\n|raw|Plop's rating: 1806 &rarr; <strong>1817</strong><br />(+11 for winning)\n|raw|Don Rabo de Toro's rating: 1633 &rarr; <strong>1622</strong><br />(-11 for losing)\n|l|☆Don Rabo de Toro\n|player|p2|\n", "inputlog": ">version ccdc32dd7cde25fd9e4bed64820e885f66e78a4e\n>start {\"formatid\":\"gen6randombattle\",\"seed\":\"sodium,b6da5abe7f9c082de18311c2761a21ba\",\"rated\":\"Rated battle\"}\n>player p1 {\"name\":\"Plop\",\"avatar\":\"#rbtt9travelers\",\"rating\":1806,\"seed\":\"sodium,f972c97a9e025716b14aeb83ea157698\"}\n>player p2 {\"name\":\"Don Rabo de Toro\",\"avatar\":\"2\",\"rating\":1633,\"seed\":\"sodium,a9fc014303b0889af0db11f883f602b8\"}\n>p1 switch 4\n>p2 move fakeout\n>p1 move superpower\n>p2 switch 5\n>p1 switch 6\n>p2 move sleeppowder\n>p1 move toxic\n>p2 move quiverdance\n>p1 switch 5\n>p2 move bugbuzz\n>p1 move dragontail\n>p2 move bugbuzz\n>p1 move fireblast\n>p2 move earthquake mega\n>p1 switch 3\n>p1 move fireblast\n>p2 switch 5\n>p1 move nastyplot\n>p2 move earthquake\n>p1 move solarbeam\n>p2 move earthquake\n>p2 switch 4\n>p1 move fireblast\n>p2 move thunderwave\n>p2 switch 3\n>p1 move hiddenpower\n>p2 move bugbuzz\n>p2 switch 6\n>p1 move fireblast\n>p2 move earthpower\n>p1 switch 4\n>p1 move shellsmash\n>p2 move sludgewave\n>p1 move waterfall\n>p2 switch 5\n>p2 switch 2\n>p1 move icebeam\n>p2 move playrough\n>p1 switch 6\n>p1 move explosion\n>p2 switch 5\n>p1 switch 5\n>p2 switch 5\n>p1 move seismictoss\n>p2 move toxic\n>p1 move seismictoss\n>p2 move playrough", "uploadtime": 1770206977, "views": 230, "formatid": "gen6randombattle", "rating": 1622, "private": 0, "password": null}