{"id": "gen6randombattle-2517404372", "format": "[Gen 6] Random Battle", "players": ["RedSonGoku", "arboretums"], "log": "|j|☆RedSonGoku\n|j|☆arboretums\n|t:|1768258060\n|gametype|singles\n|player|p1|RedSonGoku|shadowtriad|1547\n|player|p2|arboretums|serena-masters2|1660\n|gen|6\n|tier|[Gen 6] Random Battle\n|rated|\n|rule|Sleep Clause Mod: Limit one foe put to sleep\n|rule|HP Percentage Mod: HP is shown in percentages\n|rule|Illusion Level Mod: Illusion disguises the Pokémon's true level\n|\n|t:|1768258060\n|teamsize|p1|6\n|teamsize|p2|6\n|start\n|switch|p1a: Venusaur|Venusaur, L77, M|250/250\n|switch|p2a: Mightyena|Mightyena, L93, M|281/281\n|-ability|p2a: Mightyena|Intimidate|boost\n|-unboost|p1a: Venusaur|atk|1\n|turn|1\n|inactive|Battle timer is ON: inactive players will automatically lose when time's up. (requested by arboretums)\n|\n|t:|1768258071\n|detailschange|p1a: Venusaur|Venusaur-Mega, L77, M\n|-mega|p1a: Venusaur|Venusaur|Venusaurite\n|move|p2a: Mightyena|Crunch|p1a: Venusaur\n|-damage|p1a: Venusaur|149/250\n|-damage|p2a: Mightyena|253/281|[from] item: Life Orb\n|move|p1a: Venusaur|Sludge Bomb|p2a: Mightyena\n|-damage|p2a: Mightyena|129/281\n|\n|upkeep\n|turn|2\n|\n|t:|1768258090\n|switch|p2a: Ninetales|Ninetales, L83, M|257/257\n|-weather|SunnyDay|[from] ability: Drought|[of] p2a: Ninetales\n|move|p1a: Venusaur|Giga Drain|p2a: Ninetales\n|-resisted|p2a: Ninetales\n|-damage|p2a: Ninetales|221/257\n|-heal|p1a: Venusaur|167/250|[from] drain|[of] p2a: Ninetales\n|\n|-weather|SunnyDay|[upkeep]\n|upkeep\n|turn|3\n|\n|t:|1768258099\n|move|p2a: Ninetales|Fire Blast|p1a: Venusaur\n|-supereffective|p1a: Venusaur\n|-damage|p1a: Venusaur|11/250\n|-damage|p2a: Ninetales|196/257|[from] item: Life Orb\n|move|p1a: Venusaur|Sleep Powder|p2a: Ninetales\n|-status|p2a: Ninetales|slp|[from] move: Sleep Powder\n|\n|-weather|SunnyDay|[upkeep]\n|upkeep\n|turn|4\n|\n|t:|1768258116\n|switch|p1a: Yveltal|Yveltal, L69|288/288\n|-ability|p1a: Yveltal|Dark Aura\n|cant|p2a: Ninetales|slp\n|\n|-weather|SunnyDay|[upkeep]\n|upkeep\n|turn|5\n|\n|t:|1768258137\n|-curestatus|p2a: Ninetales|slp|[msg]\n|move|p2a: Ninetales|Nasty Plot|p2a: Ninetales\n|-boost|p2a: Ninetales|spa|2\n|move|p1a: Yveltal|Knock Off|p2a: Ninetales\n|-crit|p2a: Ninetales\n|-damage|p2a: Ninetales|1/257\n|-enditem|p2a: Ninetales|Life Orb|[from] move: Knock Off|[of] p1a: Yveltal\n|\n|-weather|SunnyDay|[upkeep]\n|upkeep\n|turn|6\n|\n|t:|1768258146\n|move|p1a: Yveltal|Sucker Punch|p2a: Ninetales\n|-damage|p2a: Ninetales|0 fnt\n|faint|p2a: Ninetales\n|\n|-weather|none\n|upkeep\n|\n|t:|1768258158\n|switch|p2a: Mightyena|Mightyena, L93, M|129/281\n|-ability|p2a: Mightyena|Intimidate|boost\n|-unboost|p1a: Yveltal|atk|1\n|turn|7\n|\n|t:|1768258165\n|switch|p1a: Venusaur|Venusaur-Mega, L77, M|11/250\n|move|p2a: Mightyena|Crunch|p1a: Venusaur\n|-damage|p1a: Venusaur|0 fnt\n|faint|p1a: Venusaur\n|detailschange|p1: Venusaur|Venusaur, L77, M|[silent]\n|-damage|p2a: Mightyena|101/281|[from] item: Life Orb\n|\n|upkeep\n|\n|t:|1768258176\n|switch|p1a: Espeon|Espeon, L81, M|238/238\n|turn|8\n|\n|t:|1768258184\n|move|p1a: Espeon|Dazzling Gleam|p2a: Mightyena\n|-supereffective|p2a: Mightyena\n|-damage|p2a: Mightyena|0 fnt\n|faint|p2a: Mightyena\n|-damage|p1a: Espeon|215/238|[from] item: Life Orb\n|\n|upkeep\n|\n|t:|1768258191\n|switch|p2a: Mandibuzz|Mandibuzz, L84, F|322/322\n|turn|9\n|\n|t:|1768258202\n|switch|p1a: Florges|Florges-Blue, L84, F|268/268\n|move|p2a: Mandibuzz|Foul Play|p1a: Florges\n|-resisted|p1a: Florges\n|-damage|p1a: Florges|237/268\n|\n|-heal|p1a: Florges|253/268|[from] item: Leftovers\n|upkeep\n|turn|10\n|\n|t:|1768258211\n|switch|p2a: Toxicroak|Toxicroak, L83, M|273/273\n|move|p1a: Florges|Toxic|p2a: Toxicroak|[miss]\n|-miss|p1a: Florges|p2a: Toxicroak\n|\n|-heal|p1a: Florges|268/268|[from] item: Leftovers\n|upkeep\n|turn|11\n|\n|t:|1768258221\n|switch|p1a: Throh|Throh, L88, M|354/354\n|move|p2a: Toxicroak|Swords Dance|p2a: Toxicroak\n|-boost|p2a: Toxicroak|atk|2\n|\n|upkeep\n|turn|12\n|\n|t:|1768258227\n|move|p2a: Toxicroak|Gunk Shot|p1a: Throh|[miss]\n|-miss|p2a: Toxicroak|p1a: Throh\n|move|p1a: Throh|Circle Throw|p2a: Toxicroak\n|-resisted|p2a: Toxicroak\n|-damage|p2a: Toxicroak|225/273\n|drag|p2a: Gastrodon|Gastrodon-East, L86, F|331/331\n|\n|upkeep\n|turn|13\n|c|☆arboretums|r u serious bruh\n|\n|t:|1768258237\n|move|p1a: Throh|Bulk Up|p1a: Throh\n|-boost|p1a: Throh|atk|1\n|-boost|p1a: Throh|def|1\n|move|p2a: Gastrodon|Toxic|p1a: Throh\n|-status|p1a: Throh|tox\n|\n|-damage|p1a: Throh|332/354 tox|[from] psn\n|upkeep\n|turn|14\n|\n|t:|1768258248\n|move|p2a: Gastrodon|Scald|p1a: Throh\n|-damage|p1a: Throh|248/354 tox\n|move|p1a: Throh|Circle Throw|p2a: Gastrodon\n|-damage|p2a: Gastrodon|126/331\n|drag|p2a: Toxicroak|Toxicroak, L83, M|225/273\n|\n|-heal|p1a: Throh|270/354 tox|[from] item: Leftovers\n|-damage|p1a: Throh|226/354 tox|[from] psn\n|upkeep\n|turn|15\n|\n|t:|1768258257\n|move|p2a: Toxicroak|Gunk Shot|p1a: Throh\n|-damage|p1a: Throh|119/354 tox\n|-damage|p2a: Toxicroak|198/273|[from] item: Life Orb\n|move|p1a: Throh|Circle Throw|p2a: Toxicroak\n|-resisted|p2a: Toxicroak\n|-damage|p2a: Toxicroak|93/273\n|drag|p2a: Machamp|Machamp, L81, M|278/278\n|\n|-heal|p1a: Throh|141/354 tox|[from] item: Leftovers\n|-damage|p1a: Throh|75/354 tox|[from] psn\n|upkeep\n|turn|16\n|\n|t:|1768258268\n|move|p2a: Machamp|Dynamic Punch|p1a: Throh\n|-damage|p1a: Throh|0 fnt\n|faint|p1a: Throh\n|\n|upkeep\n|\n|t:|1768258275\n|switch|p1a: Yveltal|Yveltal, L69|288/288\n|-ability|p1a: Yveltal|Dark Aura\n|turn|17\n|\n|t:|1768258290\n|move|p1a: Yveltal|Oblivion Wing|p2a: Machamp\n|-supereffective|p2a: Machamp\n|-damage|p2a: Machamp|174/278\n|move|p2a: Machamp|Dynamic Punch|p1a: Yveltal\n|-damage|p1a: Yveltal|140/288\n|-start|p1a: Yveltal|confusion\n|\n|-heal|p1a: Yveltal|158/288|[from] item: Leftovers\n|upkeep\n|turn|18\n|\n|t:|1768258300\n|switch|p1a: Wobbuffet|Wobbuffet, L93, F|504/504\n|move|p2a: Machamp|Stone Edge|p1a: Wobbuffet\n|-damage|p1a: Wobbuffet|401/504\n|\n|upkeep\n|turn|19\n|\n|t:|1768258309\n|move|p2a: Machamp|Knock Off|p1a: Wobbuffet\n|-supereffective|p1a: Wobbuffet\n|-damage|p1a: Wobbuffet|221/504\n|-enditem|p1a: Wobbuffet|Custap Berry|[from] move: Knock Off|[of] p2a: Machamp\n|move|p1a: Wobbuffet|Encore|p2a: Machamp\n|-start|p2a: Machamp|Encore\n|\n|upkeep\n|turn|20\n|\n|t:|1768258316\n|move|p2a: Machamp|Knock Off|p1a: Wobbuffet\n|-supereffective|p1a: Wobbuffet\n|-damage|p1a: Wobbuffet|93/504\n|move|p1a: Wobbuffet|Mirror Coat||[still]\n|-fail|p1a: Wobbuffet\n|\n|upkeep\n|turn|21\n|c|☆arboretums|bro?\n|c|☆RedSonGoku|lol pressed the wrong one\n|c|☆arboretums|o\n|c|☆arboretums|dw\n|c|☆RedSonGoku|deserved for that miss\n|\n|t:|1768258335\n|move|p2a: Machamp|Knock Off|p1a: Wobbuffet\n|-supereffective|p1a: Wobbuffet\n|-crit|p1a: Wobbuffet\n|-damage|p1a: Wobbuffet|0 fnt\n|faint|p1a: Wobbuffet\n|\n|upkeep\n|c|☆arboretums|no it happens\n|\n|t:|1768258342\n|switch|p1a: Espeon|Espeon, L81, M|215/238\n|turn|22\n|\n|t:|1768258351\n|move|p1a: Espeon|Psyshock|p2a: Machamp\n|-supereffective|p2a: Machamp\n|-damage|p2a: Machamp|0 fnt\n|faint|p2a: Machamp\n|-damage|p1a: Espeon|192/238|[from] item: Life Orb\n|\n|upkeep\n|\n|t:|1768258353\n|switch|p2a: Mandibuzz|Mandibuzz, L84, F|322/322\n|turn|23\n|\n|t:|1768258363\n|switch|p1a: Yveltal|Yveltal, L69|158/288\n|-ability|p1a: Yveltal|Dark Aura\n|move|p2a: Mandibuzz|Foul Play|p1a: Yveltal\n|-resisted|p1a: Yveltal\n|-damage|p1a: Yveltal|74/288\n|\n|-heal|p1a: Yveltal|92/288|[from] item: Leftovers\n|upkeep\n|turn|24\n|\n|t:|1768258372\n|move|p2a: Mandibuzz|Brave Bird|p1a: Yveltal\n|-damage|p1a: Yveltal|0 fnt\n|faint|p1a: Yveltal\n|-damage|p2a: Mandibuzz|292/322|[from] Recoil\n|\n|-heal|p2a: Mandibuzz|312/322|[from] item: Leftovers\n|upkeep\n|\n|t:|1768258379\n|switch|p1a: Florges|Florges-Blue, L84, F|268/268\n|turn|25\n|\n|t:|1768258384\n|move|p2a: Mandibuzz|Toxic|p1a: Florges\n|-status|p1a: Florges|tox\n|move|p1a: Florges|Moonblast|p2a: Mandibuzz\n|-supereffective|p2a: Mandibuzz\n|-damage|p2a: Mandibuzz|114/322\n|\n|-heal|p2a: Mandibuzz|134/322|[from] item: Leftovers\n|-damage|p1a: Florges|252/268 tox|[from] psn\n|upkeep\n|turn|26\n|\n|t:|1768258395\n|switch|p2a: Gastrodon|Gastrodon-East, L86, F|126/331\n|move|p1a: Florges|Moonblast|p2a: Gastrodon\n|-damage|p2a: Gastrodon|9/331\n|\n|-heal|p1a: Florges|268/268 tox|[from] item: Leftovers\n|-heal|p2a: Gastrodon|29/331|[from] item: Leftovers\n|-damage|p1a: Florges|236/268 tox|[from] psn\n|upkeep\n|turn|27\n|\n|t:|1768258403\n|move|p1a: Florges|Moonblast|p2a: Gastrodon\n|-damage|p2a: Gastrodon|0 fnt\n|faint|p2a: Gastrodon\n|\n|-heal|p1a: Florges|252/268 tox|[from] item: Leftovers\n|-damage|p1a: Florges|204/268 tox|[from] psn\n|upkeep\n|\n|t:|1768258406\n|switch|p2a: Toxicroak|Toxicroak, L83, M|93/273\n|turn|28\n|\n|t:|1768258412\n|move|p2a: Toxicroak|Gunk Shot|p1a: Florges\n|-supereffective|p1a: Florges\n|-damage|p1a: Florges|0 fnt\n|faint|p1a: Florges\n|-damage|p2a: Toxicroak|66/273|[from] item: Life Orb\n|\n|upkeep\n|c|☆arboretums|u still win\n|c|☆arboretums|gg\n|\n|t:|1768258418\n|switch|p1a: Espeon|Espeon, L81, M|192/238\n|turn|29\n|\n|t:|1768258434\n|switch|p2a: Mandibuzz|Mandibuzz, L84, F|134/322\n|move|p1a: Espeon|Psyshock|p2a: Mandibuzz\n|-immune|p2a: Mandibuzz\n|\n|-heal|p2a: Mandibuzz|154/322|[from] item: Leftovers\n|upkeep\n|turn|30\n|c|☆RedSonGoku|it has sucker punch?\n|\n|t:|1768258447\n|move|p1a: Espeon|Dazzling Gleam|p2a: Mandibuzz\n|-supereffective|p2a: Mandibuzz\n|-crit|p2a: Mandibuzz\n|-damage|p2a: Mandibuzz|0 fnt\n|faint|p2a: Mandibuzz\n|-damage|p1a: Espeon|169/238|[from] item: Life Orb\n|\n|upkeep\n|c|☆arboretums|nope\n|\n|t:|1768258451\n|switch|p2a: Toxicroak|Toxicroak, L83, M|66/273\n|turn|31\n|c|☆RedSonGoku|oh damn\n|c|☆RedSonGoku|gg\n|\n|t:|1768258456\n|move|p1a: Espeon|Psyshock|p2a: Toxicroak\n|-supereffective|p2a: Toxicroak\n|-damage|p2a: Toxicroak|0 fnt\n|faint|p2a: Toxicroak\n|-damage|p1a: Espeon|146/238|[from] item: Life Orb\n|\n|win|RedSonGoku\n|raw|RedSonGoku's rating: 1547 &rarr; <strong>1573</strong><br />(+26 for winning)\n|raw|arboretums's rating: 1660 &rarr; <strong>1634</strong><br />(-26 for losing)\n|c|☆arboretums|ggg\n", "inputlog": ">version f2883557ca71b1a14bc1039fd307aee7de4ab455\n>start {\"formatid\":\"gen6randombattle\",\"seed\":\"sodium,09480310c118ec7a4e9ec01a441f38be\",\"rated\":\"Rated battle\"}\n>player p1 {\"name\":\"RedSonGoku\",\"avatar\":\"shadowtriad\",\"rating\":1547,\"seed\":\"sodium,3970dcd31da9bb4d6c79a47a9051fa0f\"}\n>player p2 {\"name\":\"arboretums\",\"avatar\":\"serena-masters2\",\"rating\":1660,\"seed\":\"sodium,8c83a8c8bea34879fea7868faa3a831f\"}\n>p1 move sludgebomb mega\n>p2 move crunch\n>p1 move gigadrain\n>p2 switch 5\n>p1 move sleeppowder\n>p2 move fireblast\n>p1 switch 2\n>p2 move nastyplot\n>p1 move knockoff\n>p2 move nastyplot\n>p1 move suckerpunch\n>p2 move fireblast\n>p2 switch 5\n>p1 switch 2\n>p2 move crunch\n>p1 switch 3\n>p1 move dazzlinggleam\n>p2 move crunch\n>p2 switch 6\n>p1 switch 6\n>p2 move foulplay\n>p1 move toxic\n>p2 switch 2\n>p1 switch 4\n>p2 move swordsdance\n>p1 move circlethrow\n>p2 move gunkshot\n>chat ☆arboretums|r u serious bruh\n>p1 move bulkup\n>p2 move toxic\n>p1 move circlethrow\n>p2 move scald\n>p1 move circlethrow\n>p2 move gunkshot\n>p1 move rest\n>p2 move dynamicpunch\n>p1 switch 2\n>p1 move oblivionwing\n>p2 move dynamicpunch\n>p1 switch 5\n>p2 move stoneedge\n>p1 move encore\n>p2 move knockoff\n>p1 move mirrorcoat\n>p2 move knockoff\n>chat ☆arboretums|bro?\n>chat ☆RedSonGoku|lol pressed the wrong one\n>chat ☆arboretums|o\n>chat ☆arboretums|dw\n>chat ☆RedSonGoku|deserved for that miss\n>p1 move counter\n>p2 move knockoff\n>chat ☆arboretums|no it happens\n>p1 switch 6\n>p1 move psyshock\n>p2 move knockoff\n>p2 switch 2\n>p1 switch 5\n>p2 move foulplay\n>p1 move roost\n>p2 move bravebird\n>p1 switch 4\n>p1 move moonblast\n>p2 move toxic\n>p1 move moonblast\n>p2 switch 4\n>p1 move moonblast\n>p2 move recover\n>p2 switch 3\n>p1 move moonblast\n>p2 move gunkshot\n>chat ☆arboretums|u still win\n>chat ☆arboretums|gg\n>p1 switch 5\n>p1 move psyshock\n>p2 switch 4\n>chat ☆RedSonGoku|it has sucker punch?\n>p1 move dazzlinggleam\n>p2 move roost\n>chat ☆arboretums|nope\n>p2 switch 4\n>chat ☆RedSonGoku|oh damn\n>chat ☆RedSonGoku|gg\n>p1 move psyshock\n>p2 move gunkshot", "uploadtime": 1768258459, "views": 217, "formatid": "gen6randombattle", "rating": 1573, "private": 0, "password": null}