{"id": "gen6randombattle-2536066097", "format": "[Gen 6] Random Battle", "players": ["Frognosticator", "arboretums"], "log": "|j|☆Frognosticator\n|j|☆arboretums\n|t:|1770651023\n|gametype|singles\n|player|p1|Frognosticator|101|1554\n|player|p2|arboretums|serena-masters2|1559\n|gen|6\n|tier|[Gen 6] Random Battle\n|rated|\n|rule|Sleep Clause Mod: Limit one foe put to sleep\n|rule|HP Percentage Mod: HP is shown in percentages\n|rule|Illusion Level Mod: Illusion disguises the Pokémon's true level\n|\n|t:|1770651023\n|teamsize|p1|6\n|teamsize|p2|6\n|start\n|switch|p1a: Meloetta|Meloetta, L82|298/298\n|switch|p2a: Mothim|Mothim, L94, M|283/283\n|turn|1\n|inactive|Battle timer is ON: inactive players will automatically lose when time's up. (requested by arboretums)\n|\n|t:|1770651052\n|switch|p1a: Probopass|Probopass, L91, F|257/257\n|move|p2a: Mothim|Quiver Dance|p2a: Mothim\n|-boost|p2a: Mothim|spa|1\n|-boost|p2a: Mothim|spd|1\n|-boost|p2a: Mothim|spe|1\n|\n|upkeep\n|turn|2\n|\n|t:|1770651068\n|switch|p2a: Rhydon|Rhydon, L83, F|310/310\n|move|p1a: Probopass|Thunder Wave|p2a: Rhydon\n|-immune|p2a: Rhydon\n|\n|upkeep\n|turn|3\n|\n|t:|1770651077\n|switch|p1a: Meganium|Meganium, L92, F|297/297\n|move|p2a: Rhydon|Earthquake|p1a: Meganium\n|-resisted|p1a: Meganium\n|-damage|p1a: Meganium|243/297\n|\n|-heal|p1a: Meganium|261/297|[from] item: Leftovers\n|upkeep\n|turn|4\n|\n|t:|1770651083\n|switch|p2a: Ariados|Ariados, L91, F|275/275\n|move|p1a: Meganium|Toxic|p2a: Ariados\n|-immune|p2a: Ariados\n|\n|-heal|p1a: Meganium|279/297|[from] item: Leftovers\n|upkeep\n|turn|5\n|\n|t:|1770651093\n|switch|p1a: Wailord|Wailord, L93, M|466/466\n|move|p2a: Ariados|Sticky Web|p1a: Wailord\n|-sidestart|p1: Frognosticator|move: Sticky Web\n|\n|upkeep\n|turn|6\n|\n|t:|1770651119\n|move|p1a: Wailord|Water Spout|p2a: Ariados\n|-damage|p2a: Ariados|47/275\n|move|p2a: Ariados|Poison Jab|p1a: Wailord\n|-damage|p1a: Wailord|324/466\n|-status|p1a: Wailord|psn\n|\n|-heal|p2a: Ariados|64/275|[from] item: Black Sludge\n|-damage|p1a: Wailord|266/466 psn|[from] psn\n|upkeep\n|turn|7\n|\n|t:|1770651130\n|move|p1a: Wailord|Water Spout|p2a: Ariados\n|-crit|p2a: Ariados\n|-damage|p2a: Ariados|0 fnt\n|faint|p2a: Ariados\n|\n|-damage|p1a: Wailord|208/466 psn|[from] psn\n|upkeep\n|\n|t:|1770651136\n|switch|p2a: Mothim|Mothim, L94, M|283/283\n|turn|8\n|\n|t:|1770651140\n|switch|p1a: Probopass|Probopass, L91, F|257/257\n|-activate|p1a: Probopass|move: Sticky Web\n|-unboost|p1a: Probopass|spe|1\n|move|p2a: Mothim|Quiver Dance|p2a: Mothim\n|-boost|p2a: Mothim|spa|1\n|-boost|p2a: Mothim|spd|1\n|-boost|p2a: Mothim|spe|1\n|\n|upkeep\n|turn|9\n|j| billy zubat\n|\n|t:|1770651145\n|switch|p2a: Rhydon|Rhydon, L83, F|310/310\n|move|p1a: Probopass|Thunder Wave|p2a: Rhydon\n|-immune|p2a: Rhydon\n|\n|upkeep\n|turn|10\n|\n|t:|1770651151\n|switch|p1a: Wailord|Wailord, L93, M|208/466 psn\n|-activate|p1a: Wailord|move: Sticky Web\n|-unboost|p1a: Wailord|spe|1\n|move|p2a: Rhydon|Toxic||[still]\n|-fail|p2a: Rhydon\n|\n|-damage|p1a: Wailord|150/466 psn|[from] psn\n|upkeep\n|turn|11\n|\n|t:|1770651158\n|switch|p2a: Florges|Florges-Blue, L84, F|268/268\n|move|p1a: Wailord|Hydro Pump|p2a: Florges\n|-damage|p2a: Florges|181/268\n|\n|-heal|p2a: Florges|197/268|[from] item: Leftovers\n|-damage|p1a: Wailord|92/466 psn|[from] psn\n|upkeep\n|turn|12\n|\n|t:|1770651168\n|switch|p1a: Probopass|Probopass, L91, F|257/257\n|-activate|p1a: Probopass|move: Sticky Web\n|-unboost|p1a: Probopass|spe|1\n|move|p2a: Florges|Calm Mind|p2a: Florges\n|-boost|p2a: Florges|spa|1\n|-boost|p2a: Florges|spd|1\n|\n|-heal|p2a: Florges|213/268|[from] item: Leftovers\n|upkeep\n|turn|13\n|\n|t:|1770651174\n|move|p2a: Florges|Hidden Power|p1a: Probopass\n|-supereffective|p1a: Probopass\n|-damage|p1a: Probopass|69/257\n|move|p1a: Probopass|Stealth Rock|p2a: Florges\n|-sidestart|p2: arboretums|move: Stealth Rock\n|\n|-heal|p2a: Florges|229/268|[from] item: Leftovers\n|-heal|p1a: Probopass|85/257|[from] item: Leftovers\n|upkeep\n|turn|14\n|\n|t:|1770651184\n|switch|p1a: Meloetta|Meloetta, L82|298/298\n|-activate|p1a: Meloetta|move: Sticky Web\n|-unboost|p1a: Meloetta|spe|1\n|move|p2a: Florges|Hidden Power|p1a: Meloetta\n|-damage|p1a: Meloetta|241/298\n|\n|-heal|p2a: Florges|245/268|[from] item: Leftovers\n|upkeep\n|turn|15\n|\n|t:|1770651189\n|move|p2a: Florges|Moonblast|p1a: Meloetta\n|-damage|p1a: Meloetta|123/298\n|move|p1a: Meloetta|Knock Off|p2a: Florges\n|-resisted|p2a: Florges\n|-damage|p2a: Florges|205/268\n|-enditem|p2a: Florges|Leftovers|[from] move: Knock Off|[of] p1a: Meloetta\n|-damage|p1a: Meloetta|94/298|[from] item: Life Orb\n|\n|upkeep\n|turn|16\n|\n|t:|1770651197\n|move|p2a: Florges|Moonblast|p1a: Meloetta\n|-damage|p1a: Meloetta|0 fnt\n|faint|p1a: Meloetta\n|\n|upkeep\n|\n|t:|1770651205\n|switch|p1a: Meganium|Meganium, L92, F|279/297\n|-activate|p1a: Meganium|move: Sticky Web\n|-unboost|p1a: Meganium|spe|1\n|turn|17\n|\n|t:|1770651218\n|move|p2a: Florges|Calm Mind|p2a: Florges\n|-boost|p2a: Florges|spa|1\n|-boost|p2a: Florges|spd|1\n|move|p1a: Meganium|Toxic|p2a: Florges\n|-status|p2a: Florges|tox\n|\n|-heal|p1a: Meganium|297/297|[from] item: Leftovers\n|-damage|p2a: Florges|189/268 tox|[from] psn\n|upkeep\n|turn|18\n|\n|t:|1770651228\n|move|p2a: Florges|Moonblast|p1a: Meganium\n|-damage|p1a: Meganium|95/297\n|move|p1a: Meganium|Energy Ball|p2a: Florges\n|-damage|p2a: Florges|140/268 tox\n|\n|-heal|p1a: Meganium|113/297|[from] item: Leftovers\n|-damage|p2a: Florges|108/268 tox|[from] psn\n|upkeep\n|turn|19\n|\n|t:|1770651238\n|switch|p1a: Wailord|Wailord, L93, M|92/466 psn\n|-activate|p1a: Wailord|move: Sticky Web\n|-unboost|p1a: Wailord|spe|1\n|move|p2a: Florges|Moonblast|p1a: Wailord\n|-damage|p1a: Wailord|0 fnt\n|faint|p1a: Wailord\n|\n|-damage|p2a: Florges|60/268 tox|[from] psn\n|upkeep\n|\n|t:|1770651242\n|switch|p1a: Ambipom|Ambipom, L83, M|260/260\n|-activate|p1a: Ambipom|move: Sticky Web\n|-unboost|p1a: Ambipom|spe|1\n|turn|20\n|\n|t:|1770651246\n|move|p1a: Ambipom|Fake Out|p2a: Florges\n|-damage|p2a: Florges|0 fnt\n|faint|p2a: Florges\n|\n|upkeep\n|\n|t:|1770651250\n|switch|p2a: Rhydon|Rhydon, L83, F|310/310\n|-damage|p2a: Rhydon|291/310|[from] Stealth Rock\n|turn|21\n|\n|t:|1770651262\n|move|p1a: Ambipom|Knock Off|p2a: Rhydon\n|-damage|p2a: Rhydon|252/310\n|-enditem|p2a: Rhydon|Eviolite|[from] move: Knock Off|[of] p1a: Ambipom\n|move|p2a: Rhydon|Earthquake|p1a: Ambipom\n|-damage|p1a: Ambipom|82/260\n|\n|upkeep\n|turn|22\n|\n|t:|1770651269\n|move|p1a: Ambipom|U-turn|p2a: Rhydon\n|-damage|p2a: Rhydon|212/310\n|\n|t:|1770651273\n|switch|p1a: Meganium|Meganium, L92, F|113/297|[from] U-turn\n|-activate|p1a: Meganium|move: Sticky Web\n|-unboost|p1a: Meganium|spe|1\n|move|p2a: Rhydon|Stealth Rock|p1a: Meganium\n|-sidestart|p1: Frognosticator|move: Stealth Rock\n|\n|-heal|p1a: Meganium|131/297|[from] item: Leftovers\n|upkeep\n|turn|23\n|\n|t:|1770651279\n|switch|p2a: Mothim|Mothim, L94, M|283/283\n|-damage|p2a: Mothim|142/283|[from] Stealth Rock\n|move|p1a: Meganium|Synthesis|p1a: Meganium\n|-heal|p1a: Meganium|279/297\n|\n|-heal|p2a: Mothim|159/283|[from] item: Leftovers\n|-heal|p1a: Meganium|297/297|[from] item: Leftovers\n|upkeep\n|turn|24\n|\n|t:|1770651285\n|switch|p1a: Probopass|Probopass, L91, F|85/257\n|-activate|p1a: Probopass|move: Sticky Web\n|-unboost|p1a: Probopass|spe|1\n|-damage|p1a: Probopass|69/257|[from] Stealth Rock\n|move|p2a: Mothim|Quiver Dance|p2a: Mothim\n|-boost|p2a: Mothim|spa|1\n|-boost|p2a: Mothim|spd|1\n|-boost|p2a: Mothim|spe|1\n|\n|-heal|p2a: Mothim|176/283|[from] item: Leftovers\n|-heal|p1a: Probopass|85/257|[from] item: Leftovers\n|upkeep\n|turn|25\n|\n|t:|1770651287\n|move|p2a: Mothim|Bug Buzz|p1a: Probopass\n|-resisted|p1a: Probopass\n|-damage|p1a: Probopass|0 fnt\n|faint|p1a: Probopass\n|\n|-heal|p2a: Mothim|193/283|[from] item: Leftovers\n|upkeep\n|\n|t:|1770651292\n|switch|p1a: Ambipom|Ambipom, L83, M|82/260\n|-activate|p1a: Ambipom|move: Sticky Web\n|-unboost|p1a: Ambipom|spe|1\n|-damage|p1a: Ambipom|50/260|[from] Stealth Rock\n|turn|26\n|\n|t:|1770651297\n|move|p1a: Ambipom|Fake Out|p2a: Mothim\n|-damage|p2a: Mothim|91/283\n|cant|p2a: Mothim|flinch\n|\n|-heal|p2a: Mothim|108/283|[from] item: Leftovers\n|upkeep\n|turn|27\n|\n|t:|1770651301\n|move|p2a: Mothim|Bug Buzz|p1a: Ambipom\n|-damage|p1a: Ambipom|0 fnt\n|faint|p1a: Ambipom\n|\n|-heal|p2a: Mothim|125/283|[from] item: Leftovers\n|upkeep\n|\n|t:|1770651305\n|switch|p1a: Simipour|Simipour, L86, M|269/269\n|-activate|p1a: Simipour|move: Sticky Web\n|-unboost|p1a: Simipour|spe|1\n|-damage|p1a: Simipour|236/269|[from] Stealth Rock\n|turn|28\n|\n|t:|1770651313\n|move|p2a: Mothim|Energy Ball|p1a: Simipour\n|-supereffective|p1a: Simipour\n|-damage|p1a: Simipour|0 fnt\n|faint|p1a: Simipour\n|\n|-heal|p2a: Mothim|142/283|[from] item: Leftovers\n|upkeep\n|-message|Frognosticator forfeited.\n|\n|win|arboretums\n|raw|Frognosticator's rating: 1554 &rarr; <strong>1534</strong><br />(-20 for losing)\n|raw|arboretums's rating: 1559 &rarr; <strong>1579</strong><br />(+20 for winning)\n|l|☆Frognosticator\n|player|p1|\n", "inputlog": ">version ccdc32dd7cde25fd9e4bed64820e885f66e78a4e\n>start {\"formatid\":\"gen6randombattle\",\"seed\":\"sodium,7b70e170195904ebed7c61ab533f67bf\",\"rated\":\"Rated battle\"}\n>player p1 {\"name\":\"Frognosticator\",\"avatar\":\"101\",\"rating\":1554,\"seed\":\"sodium,4abee99b3c87fd12f0c4efcbb1f79f20\"}\n>player p2 {\"name\":\"arboretums\",\"avatar\":\"serena-masters2\",\"rating\":1559,\"seed\":\"sodium,3267a4d9decdc205202add3902b92d05\"}\n>p1 switch 4\n>p2 move quiverdance\n>p1 move thunderwave\n>p2 switch 4\n>p1 switch 3\n>p2 move earthquake\n>p1 move toxic\n>p2 switch 5\n>p1 switch 2\n>p2 move stickyweb\n>p1 move waterspout\n>p2 move poisonjab\n>p1 move waterspout\n>p2 move megahorn\n>p2 switch 4\n>p1 switch 3\n>p2 move quiverdance\n>p1 move thunderwave\n>p2 switch 5\n>p1 switch 3\n>p2 move toxic\n>p1 move hydropump\n>p2 switch 3\n>p1 switch 3\n>p2 move calmmind\n>p1 move stealthrock\n>p2 move hiddenpower\n>p1 switch 4\n>p2 move hiddenpower\n>p1 move knockoff\n>p2 move moonblast\n>p1 move return\n>p2 move moonblast\n>p1 switch 2\n>p1 move toxic\n>p2 move calmmind\n>p1 move energyball\n>p2 move moonblast\n>p1 switch 3\n>p2 move moonblast\n>p1 switch 5\n>p1 move fakeout\n>p2 move moonblast\n>p2 switch 3\n>p1 move knockoff\n>p2 move earthquake\n>p1 move uturn\n>p2 move stealthrock\n>p1 switch 3\n>p1 move synthesis\n>p2 switch 5\n>p1 switch 4\n>p2 move quiverdance\n>p1 move thunderwave\n>p2 move bugbuzz\n>p1 switch 3\n>p1 move fakeout\n>p2 move bugbuzz\n>p1 move return\n>p2 move bugbuzz\n>p1 switch 6\n>p1 move icebeam\n>p2 move energyball\n>forcelose p1", "uploadtime": 1770651318, "views": 231, "formatid": "gen6randombattle", "rating": 1534, "private": 0, "password": null}