{"id": "gen6randombattle-2532563160", "format": "[Gen 6] Random Battle", "players": ["Plop", "noyon6236"], "log": "|j|☆Plop\n|j|☆noyon6236\n|t:|1770197694\n|gametype|singles\n|player|p1|Plop|#rbtt9travelers|1794\n|player|p2|noyon6236|101|1649\n|gen|6\n|tier|[Gen 6] Random Battle\n|rated|\n|rule|Sleep Clause Mod: Limit one foe put to sleep\n|rule|HP Percentage Mod: HP is shown in percentages\n|rule|Illusion Level Mod: Illusion disguises the Pokémon's true level\n|\n|t:|1770197694\n|teamsize|p1|6\n|teamsize|p2|6\n|start\n|switch|p1a: Muk|Muk, L88, F|328/328\n|switch|p2a: Throh|Throh, L88, M|354/354\n|turn|1\n|inactive|Battle timer is ON: inactive players will automatically lose when time's up. (requested by noyon6236)\n|\n|t:|1770197721\n|switch|p2a: Arceus|Arceus-Bug, L71|287/287\n|move|p1a: Muk|Gunk Shot|p2a: Arceus\n|-damage|p2a: Arceus|160/287\n|-status|p2a: Arceus|psn\n|\n|-damage|p2a: Arceus|125/287 psn|[from] psn\n|upkeep\n|turn|2\n|\n|t:|1770197735\n|move|p2a: Arceus|Earth Power|p1a: Muk\n|-supereffective|p1a: Muk\n|-damage|p1a: Muk|236/328\n|move|p1a: Muk|Gunk Shot|p2a: Arceus\n|-damage|p2a: Arceus|0 fnt\n|faint|p2a: Arceus\n|\n|-heal|p1a: Muk|256/328|[from] item: Black Sludge\n|upkeep\n|\n|t:|1770197745\n|switch|p2a: Latios|Latios, L77, M|250/250\n|turn|3\n|\n|t:|1770197761\n|switch|p1a: Escavalier|Escavalier, L84, M|255/255\n|detailschange|p2a: Latios|Latios-Mega, L77, M\n|-mega|p2a: Latios|Latios|Latiosite\n|move|p2a: Latios|Psyshock|p1a: Escavalier\n|-resisted|p1a: Escavalier\n|-damage|p1a: Escavalier|210/255\n|\n|-heal|p1a: Escavalier|225/255|[from] item: Leftovers\n|upkeep\n|turn|4\n|\n|t:|1770197782\n|switch|p2a: Throh|Throh, L88, M|354/354\n|move|p1a: Escavalier|Knock Off|p2a: Throh\n|-resisted|p2a: Throh\n|-damage|p2a: Throh|312/354\n|-enditem|p2a: Throh|Leftovers|[from] move: Knock Off|[of] p1a: Escavalier\n|\n|-heal|p1a: Escavalier|240/255|[from] item: Leftovers\n|upkeep\n|turn|5\n|\n|t:|1770197800\n|switch|p1a: Muk|Muk, L88, F|256/328\n|move|p2a: Throh|Bulk Up|p2a: Throh\n|-boost|p2a: Throh|atk|1\n|-boost|p2a: Throh|def|1\n|\n|-heal|p1a: Muk|276/328|[from] item: Black Sludge\n|upkeep\n|turn|6\n|\n|t:|1770197814\n|move|p1a: Muk|Haze|p1a: Muk\n|-clearallboost\n|move|p2a: Throh|Bulk Up|p2a: Throh\n|-boost|p2a: Throh|atk|1\n|-boost|p2a: Throh|def|1\n|\n|-heal|p1a: Muk|296/328|[from] item: Black Sludge\n|upkeep\n|turn|7\n|\n|t:|1770197825\n|move|p1a: Muk|Haze|p1a: Muk\n|-clearallboost\n|move|p2a: Throh|Bulk Up|p2a: Throh\n|-boost|p2a: Throh|atk|1\n|-boost|p2a: Throh|def|1\n|\n|-heal|p1a: Muk|316/328|[from] item: Black Sludge\n|upkeep\n|turn|8\n|\n|t:|1770197831\n|move|p1a: Muk|Haze|p1a: Muk\n|-clearallboost\n|move|p2a: Throh|Circle Throw|p1a: Muk\n|-resisted|p1a: Muk\n|-damage|p1a: Muk|278/328\n|drag|p1a: Empoleon|Empoleon, L82, F|272/272\n|\n|upkeep\n|turn|9\n|\n|t:|1770197844\n|switch|p1a: Muk|Muk, L88, F|278/328\n|move|p2a: Throh|Bulk Up|p2a: Throh\n|-boost|p2a: Throh|atk|1\n|-boost|p2a: Throh|def|1\n|\n|-heal|p1a: Muk|298/328|[from] item: Black Sludge\n|upkeep\n|turn|10\n|\n|t:|1770197860\n|move|p1a: Muk|Haze|p1a: Muk\n|-clearallboost\n|move|p2a: Throh|Circle Throw|p1a: Muk\n|-resisted|p1a: Muk\n|-damage|p1a: Muk|261/328\n|drag|p1a: Manaphy|Manaphy, L76|277/277\n|\n|upkeep\n|turn|11\n|\n|t:|1770197869\n|switch|p1a: Muk|Muk, L88, F|261/328\n|move|p2a: Throh|Circle Throw|p1a: Muk\n|-resisted|p1a: Muk\n|-damage|p1a: Muk|219/328\n|drag|p1a: Hydreigon|Hydreigon, L80, F|278/278\n|\n|upkeep\n|turn|12\n|\n|t:|1770197879\n|move|p1a: Hydreigon|U-turn|p2a: Throh\n|-resisted|p2a: Throh\n|-damage|p2a: Throh|287/354\n|\n|t:|1770197882\n|switch|p1a: Muk|Muk, L88, F|219/328|[from] U-turn\n|move|p2a: Throh|Circle Throw|p1a: Muk\n|-resisted|p1a: Muk\n|-damage|p1a: Muk|183/328\n|drag|p1a: Escavalier|Escavalier, L84, M|240/255\n|\n|-heal|p1a: Escavalier|255/255|[from] item: Leftovers\n|upkeep\n|turn|13\n|\n|t:|1770197895\n|move|p1a: Escavalier|Iron Head|p2a: Throh\n|-damage|p2a: Throh|172/354\n|cant|p2a: Throh|flinch\n|\n|upkeep\n|turn|14\n|\n|t:|1770197902\n|move|p2a: Throh|Bulk Up|p2a: Throh\n|-boost|p2a: Throh|atk|1\n|-boost|p2a: Throh|def|1\n|move|p1a: Escavalier|Swords Dance|p1a: Escavalier\n|-boost|p1a: Escavalier|atk|2\n|\n|upkeep\n|turn|15\n|\n|t:|1770197908\n|move|p2a: Throh|Rest|p2a: Throh\n|-status|p2a: Throh|slp|[from] move: Rest\n|-heal|p2a: Throh|354/354 slp|[silent]\n|move|p1a: Escavalier|Iron Head|p2a: Throh\n|-crit|p2a: Throh\n|-damage|p2a: Throh|47/354 slp\n|\n|upkeep\n|turn|16\n|\n|t:|1770197911\n|cant|p2a: Throh|slp\n|move|p2a: Throh|Sleep Talk|p2a: Throh\n|move|p2a: Throh|Bulk Up|p2a: Throh|[from] move: Sleep Talk\n|-boost|p2a: Throh|atk|1\n|-boost|p2a: Throh|def|1\n|move|p1a: Escavalier|Iron Head|p2a: Throh\n|-damage|p2a: Throh|0 fnt\n|faint|p2a: Throh\n|\n|upkeep\n|\n|t:|1770197918\n|switch|p2a: Electivire|Electivire, L84, F|263/263\n|turn|17\n|\n|t:|1770197936\n|switch|p1a: Hydreigon|Hydreigon, L80, F|278/278\n|move|p2a: Electivire|Flamethrower|p1a: Hydreigon\n|-resisted|p1a: Hydreigon\n|-crit|p1a: Hydreigon\n|-damage|p1a: Hydreigon|246/278\n|\n|upkeep\n|turn|18\n|inactive|Plop has 120 seconds left.\n|\n|t:|1770197962\n|move|p2a: Electivire|Ice Punch|p1a: Hydreigon\n|-supereffective|p1a: Hydreigon\n|-damage|p1a: Hydreigon|83/278\n|move|p1a: Hydreigon|Draco Meteor|p2a: Electivire\n|-damage|p2a: Electivire|118/263\n|-unboost|p1a: Hydreigon|spa|2\n|\n|upkeep\n|turn|19\n|inactive|Plop has 120 seconds left.\n|inactive|Plop has 90 seconds left.\n|\n|t:|1770198005\n|move|p2a: Electivire|Ice Punch|p1a: Hydreigon\n|-supereffective|p1a: Hydreigon\n|-damage|p1a: Hydreigon|0 fnt\n|faint|p1a: Hydreigon\n|\n|upkeep\n|\n|t:|1770198007\n|switch|p1a: Empoleon|Empoleon, L82, F|272/272\n|turn|20\n|\n|t:|1770198017\n|move|p1a: Empoleon|Hydro Pump|p2a: Electivire|[miss]\n|-miss|p1a: Empoleon|p2a: Electivire\n|move|p2a: Electivire|Volt Switch|p1a: Empoleon\n|-supereffective|p1a: Empoleon\n|-damage|p1a: Empoleon|104/272\n|\n|t:|1770198029\n|switch|p2a: Latios|Latios-Mega, L77, M|250/250|[from] Volt Switch\n|\n|upkeep\n|turn|21\n|\n|t:|1770198037\n|move|p1a: Empoleon|Hydro Pump|p2a: Latios\n|-resisted|p2a: Latios\n|-damage|p2a: Latios|202/250\n|move|p2a: Latios|Draco Meteor|p1a: Empoleon\n|-resisted|p1a: Empoleon\n|-damage|p1a: Empoleon|27/272\n|-unboost|p2a: Latios|spa|2\n|\n|upkeep\n|turn|22\n|\n|t:|1770198044\n|switch|p1a: Escavalier|Escavalier, L84, M|255/255\n|switch|p2a: Whiscash|Whiscash, L88, M|337/337\n|\n|upkeep\n|turn|23\n|inactive|Plop has 120 seconds left.\n|\n|t:|1770198065\n|switch|p1a: Cryogonal|Cryogonal, L89|269/269\n|move|p2a: Whiscash|Scald|p1a: Cryogonal\n|-damage|p1a: Cryogonal|211/269\n|-status|p1a: Cryogonal|brn\n|\n|-heal|p1a: Cryogonal|227/269 brn|[from] item: Leftovers\n|-damage|p1a: Cryogonal|194/269 brn|[from] brn\n|upkeep\n|turn|24\n|inactive|Plop has 120 seconds left.\n|\n|t:|1770198084\n|switch|p2a: Deoxys|Deoxys-Defense, L84|221/221\n|-ability|p2a: Deoxys|Pressure\n|move|p1a: Cryogonal|Recover|p1a: Cryogonal\n|-heal|p1a: Cryogonal|269/269 brn\n|\n|-damage|p1a: Cryogonal|236/269 brn|[from] brn\n|upkeep\n|turn|25\n|\n|t:|1770198097\n|move|p1a: Cryogonal|Toxic|p2a: Deoxys\n|-status|p2a: Deoxys|tox\n|move|p2a: Deoxys|Seismic Toss|p1a: Cryogonal\n|-damage|p1a: Cryogonal|152/269 brn\n|\n|-heal|p1a: Cryogonal|168/269 brn|[from] item: Leftovers\n|-damage|p2a: Deoxys|208/221 tox|[from] psn\n|-damage|p1a: Cryogonal|135/269 brn|[from] brn\n|upkeep\n|turn|26\n|\n|t:|1770198103\n|move|p1a: Cryogonal|Recover|p1a: Cryogonal\n|-heal|p1a: Cryogonal|269/269 brn\n|move|p2a: Deoxys|Taunt|p1a: Cryogonal\n|-start|p1a: Cryogonal|move: Taunt\n|\n|-heal|p2a: Deoxys|221/221 tox|[from] item: Leftovers\n|-damage|p2a: Deoxys|195/221 tox|[from] psn\n|-damage|p1a: Cryogonal|236/269 brn|[from] brn\n|upkeep\n|turn|27\n|\n|t:|1770198124\n|switch|p1a: Muk|Muk, L88, F|183/328\n|move|p2a: Deoxys|Seismic Toss|p1a: Muk\n|-damage|p1a: Muk|99/328\n|\n|-heal|p2a: Deoxys|208/221 tox|[from] item: Leftovers\n|-heal|p1a: Muk|119/328|[from] item: Black Sludge\n|-damage|p2a: Deoxys|169/221 tox|[from] psn\n|upkeep\n|turn|28\n|\n|t:|1770198135\n|move|p2a: Deoxys|Seismic Toss|p1a: Muk\n|-damage|p1a: Muk|35/328\n|move|p1a: Muk|Gunk Shot|p2a: Deoxys\n|-damage|p2a: Deoxys|69/221 tox\n|\n|-heal|p2a: Deoxys|82/221 tox|[from] item: Leftovers\n|-heal|p1a: Muk|55/328|[from] item: Black Sludge\n|-damage|p2a: Deoxys|30/221 tox|[from] psn\n|upkeep\n|turn|29\n|\n|t:|1770198140\n|move|p1a: Muk|Shadow Sneak|p2a: Deoxys\n|-supereffective|p2a: Deoxys\n|-damage|p2a: Deoxys|0 fnt\n|faint|p2a: Deoxys\n|\n|-heal|p1a: Muk|75/328|[from] item: Black Sludge\n|upkeep\n|\n|t:|1770198147\n|switch|p2a: Whiscash|Whiscash, L88, M|337/337\n|turn|30\n|\n|t:|1770198151\n|switch|p1a: Cryogonal|Cryogonal, L89|236/269 brn\n|move|p2a: Whiscash|Scald|p1a: Cryogonal\n|-damage|p1a: Cryogonal|181/269 brn\n|\n|-heal|p1a: Cryogonal|197/269 brn|[from] item: Leftovers\n|-damage|p1a: Cryogonal|164/269 brn|[from] brn\n|upkeep\n|turn|31\n|\n|t:|1770198160\n|switch|p2a: Electivire|Electivire, L84, F|118/263\n|move|p1a: Cryogonal|Freeze-Dry|p2a: Electivire\n|-damage|p2a: Electivire|39/263\n|\n|-heal|p1a: Cryogonal|180/269 brn|[from] item: Leftovers\n|-damage|p1a: Cryogonal|147/269 brn|[from] brn\n|upkeep\n|turn|32\n|\n|t:|1770198167\n|move|p1a: Cryogonal|Freeze-Dry|p2a: Electivire\n|-damage|p2a: Electivire|0 fnt\n|faint|p2a: Electivire\n|\n|-heal|p1a: Cryogonal|163/269 brn|[from] item: Leftovers\n|-damage|p1a: Cryogonal|130/269 brn|[from] brn\n|upkeep\n|\n|t:|1770198170\n|switch|p2a: Latios|Latios-Mega, L77, M|202/250\n|turn|33\n|\n|t:|1770198178\n|switch|p1a: Escavalier|Escavalier, L84, M|255/255\n|move|p2a: Latios|Psyshock|p1a: Escavalier\n|-resisted|p1a: Escavalier\n|-damage|p1a: Escavalier|212/255\n|\n|-heal|p1a: Escavalier|227/255|[from] item: Leftovers\n|upkeep\n|turn|34\n|\n|t:|1770198184\n|switch|p2a: Whiscash|Whiscash, L88, M|337/337\n|move|p1a: Escavalier|Megahorn|p2a: Whiscash\n|-damage|p2a: Whiscash|159/337\n|\n|-heal|p2a: Whiscash|180/337|[from] item: Leftovers\n|-heal|p1a: Escavalier|242/255|[from] item: Leftovers\n|upkeep\n|turn|35\n|\n|t:|1770198207\n|switch|p1a: Cryogonal|Cryogonal, L89|130/269 brn\n|move|p2a: Whiscash|Scald|p1a: Cryogonal\n|-damage|p1a: Cryogonal|79/269 brn\n|\n|-heal|p1a: Cryogonal|95/269 brn|[from] item: Leftovers\n|-heal|p2a: Whiscash|201/337|[from] item: Leftovers\n|-damage|p1a: Cryogonal|62/269 brn|[from] brn\n|upkeep\n|turn|36\n|\n|t:|1770198215\n|move|p1a: Cryogonal|Recover|p1a: Cryogonal\n|-heal|p1a: Cryogonal|197/269 brn\n|move|p2a: Whiscash|Scald|p1a: Cryogonal\n|-damage|p1a: Cryogonal|146/269 brn\n|\n|-heal|p1a: Cryogonal|162/269 brn|[from] item: Leftovers\n|-heal|p2a: Whiscash|222/337|[from] item: Leftovers\n|-damage|p1a: Cryogonal|129/269 brn|[from] brn\n|upkeep\n|turn|37\n|-message|noyon6236 forfeited.\n|\n|win|Plop\n|raw|Plop's rating: 1794 &rarr; <strong>1806</strong><br />(+12 for winning)\n|raw|noyon6236's rating: 1649 &rarr; <strong>1637</strong><br />(-12 for losing)\n|l|☆noyon6236\n|player|p2|\n", "inputlog": ">version ccdc32dd7cde25fd9e4bed64820e885f66e78a4e\n>start {\"formatid\":\"gen6randombattle\",\"seed\":\"sodium,10854be24fe14c2608952bea23389454\",\"rated\":\"Rated battle\"}\n>player p1 {\"name\":\"Plop\",\"avatar\":\"#rbtt9travelers\",\"rating\":1794,\"seed\":\"sodium,3e8c83cd83baf772d60659bae74c8615\"}\n>player p2 {\"name\":\"noyon6236\",\"avatar\":\"101\",\"rating\":1649,\"seed\":\"sodium,5337bcb52b560258c316c3c4cd52eb06\"}\n>p1 move gunkshot\n>p2 switch 6\n>p1 move gunkshot\n>p2 move earthpower\n>p2 switch 5\n>p1 switch 5\n>p2 move psyshock mega\n>p1 move knockoff\n>p2 switch 6\n>p1 switch 5\n>p2 move bulkup\n>p1 move haze\n>p2 move bulkup\n>p1 move haze\n>p2 move bulkup\n>p1 move haze\n>p2 move circlethrow\n>p1 switch 3\n>p2 move bulkup\n>p1 move haze\n>p2 move circlethrow\n>p1 switch 2\n>p2 move circlethrow\n>p1 move uturn\n>p2 move circlethrow\n>p1 switch 4\n>p1 move ironhead\n>p2 move circlethrow\n>p1 move swordsdance\n>p2 move bulkup\n>p1 move ironhead\n>p2 move rest\n>p1 move ironhead\n>p2 move sleeptalk\n>p2 switch 3\n>p1 switch 4\n>p2 move flamethrower\n>p1 move dracometeor\n>p2 move icepunch\n>p1 move uturn\n>p2 move icepunch\n>p1 switch 3\n>p1 move hydropump\n>p2 move voltswitch\n>p2 switch 6\n>p1 move hydropump\n>p2 move dracometeor\n>p1 switch 4\n>p2 switch 2\n>p1 switch 6\n>p2 move scald\n>p1 move recover\n>p2 switch 4\n>p1 move toxic\n>p2 move seismictoss\n>p1 move recover\n>p2 move taunt\n>p1 switch 5\n>p2 move seismictoss\n>p1 move gunkshot\n>p2 move seismictoss\n>p1 move shadowsneak\n>p2 move seismictoss\n>p2 switch 4\n>p1 switch 5\n>p2 move scald\n>p1 move freezedry\n>p2 switch 6\n>p1 move freezedry\n>p2 move flamethrower\n>p2 switch 2\n>p1 switch 6\n>p2 move psyshock\n>p1 move megahorn\n>p2 switch 6\n>p1 switch 6\n>p2 move scald\n>p1 move recover\n>p2 move scald\n>forcelose p2", "uploadtime": 1770198220, "views": 239, "formatid": "gen6randombattle", "rating": 1637, "private": 0, "password": null}