{"id": "gen6randombattle-2530849136", "format": "[Gen 6] Random Battle", "players": ["Altarias ✰", "Blatjanglover"], "log": "|j|☆Altarias ✰\n|j|☆Blatjanglover\n|t:|1769979352\n|gametype|singles\n|player|p1|Altarias ✰|valerie|1480\n|player|p2|Blatjanglover|brock|1649\n|gen|6\n|tier|[Gen 6] Random Battle\n|rated|\n|rule|Sleep Clause Mod: Limit one foe put to sleep\n|rule|HP Percentage Mod: HP is shown in percentages\n|rule|Illusion Level Mod: Illusion disguises the Pokémon's true level\n|\n|t:|1769979352\n|teamsize|p1|6\n|teamsize|p2|6\n|start\n|switch|p1a: Scyther|Scyther, L82, M|249/249\n|switch|p2a: Snorlax|Snorlax, L81, F|392/392\n|turn|1\n|\n|t:|1769979365\n|move|p1a: Scyther|Swords Dance|p1a: Scyther\n|-boost|p1a: Scyther|atk|2\n|move|p2a: Snorlax|Body Slam|p1a: Scyther\n|-damage|p1a: Scyther|174/249\n|\n|upkeep\n|turn|2\n|\n|t:|1769979374\n|move|p1a: Scyther|Brick Break|p2a: Snorlax\n|-supereffective|p2a: Snorlax\n|-damage|p2a: Snorlax|118/392\n|move|p2a: Snorlax|Curse|p2a: Snorlax\n|-unboost|p2a: Snorlax|spe|1\n|-boost|p2a: Snorlax|atk|1\n|-boost|p2a: Snorlax|def|1\n|\n|-heal|p2a: Snorlax|142/392|[from] item: Leftovers\n|upkeep\n|turn|3\n|c|☆Blatjanglover|Fuck wrong button\n|inactive|Battle timer is ON: inactive players will automatically lose when time's up. (requested by Altarias ✰)\n|c|☆Altarias ✰|:c\n|\n|t:|1769979389\n|switch|p2a: Swalot|Swalot, L90, M|326/326\n|move|p1a: Scyther|Brick Break|p2a: Swalot\n|-resisted|p2a: Swalot\n|-damage|p2a: Swalot|272/326\n|\n|-heal|p2a: Swalot|292/326|[from] item: Black Sludge\n|upkeep\n|turn|4\n|\n|t:|1769979396\n|move|p1a: Scyther|Aerial Ace|p2a: Swalot\n|-damage|p2a: Swalot|108/326\n|move|p2a: Swalot|Yawn|p1a: Scyther\n|-start|p1a: Scyther|move: Yawn|[of] p2a: Swalot\n|\n|-heal|p2a: Swalot|128/326|[from] item: Black Sludge\n|upkeep\n|turn|5\n|\n|t:|1769979401\n|switch|p1a: Torkoal|Torkoal, L88, F|266/266\n|switch|p2a: Snorlax|Snorlax, L81, F|142/392\n|\n|-heal|p2a: Snorlax|166/392|[from] item: Leftovers\n|upkeep\n|turn|6\n|\n|t:|1769979408\n|move|p2a: Snorlax|Earthquake|p1a: Torkoal\n|-supereffective|p1a: Torkoal\n|-damage|p1a: Torkoal|160/266\n|move|p1a: Torkoal|Stealth Rock|p2a: Snorlax\n|-sidestart|p2: Blatjanglover|move: Stealth Rock\n|\n|-heal|p2a: Snorlax|190/392|[from] item: Leftovers\n|-heal|p1a: Torkoal|176/266|[from] item: Leftovers\n|upkeep\n|turn|7\n|\n|t:|1769979413\n|switch|p1a: Scyther|Scyther, L82, M|174/249\n|move|p2a: Snorlax|Body Slam|p1a: Scyther\n|-damage|p1a: Scyther|108/249\n|\n|-heal|p2a: Snorlax|214/392|[from] item: Leftovers\n|upkeep\n|turn|8\n|\n|t:|1769979419\n|move|p1a: Scyther|Knock Off|p2a: Snorlax\n|-damage|p2a: Snorlax|116/392\n|-enditem|p2a: Snorlax|Leftovers|[from] move: Knock Off|[of] p1a: Scyther\n|move|p2a: Snorlax|Body Slam|p1a: Scyther\n|-damage|p1a: Scyther|42/249\n|\n|upkeep\n|turn|9\n|\n|t:|1769979423\n|move|p1a: Scyther|Brick Break|p2a: Snorlax\n|-supereffective|p2a: Snorlax\n|-damage|p2a: Snorlax|0 fnt\n|faint|p2a: Snorlax\n|\n|upkeep\n|\n|t:|1769979434\n|switch|p2a: Swalot|Swalot, L90, M|128/326\n|-damage|p2a: Swalot|88/326|[from] Stealth Rock\n|turn|10\n|\n|t:|1769979442\n|move|p1a: Scyther|Aerial Ace|p2a: Swalot\n|-damage|p2a: Swalot|0 fnt\n|faint|p2a: Swalot\n|\n|upkeep\n|\n|t:|1769979450\n|switch|p2a: Gardevoir|Gardevoir, L78, M|234/234\n|-damage|p2a: Gardevoir|205/234|[from] Stealth Rock\n|-ability|p2a: Gardevoir|Technician|Trace|[from] ability: Trace|[of] p1a: Scyther\n|turn|11\n|\n|t:|1769979458\n|detailschange|p2a: Gardevoir|Gardevoir-Mega, L78, M\n|-mega|p2a: Gardevoir|Gardevoir|Gardevoirite\n|move|p1a: Scyther|Aerial Ace|p2a: Gardevoir\n|-damage|p2a: Gardevoir|82/234\n|move|p2a: Gardevoir|Psyshock|p1a: Scyther\n|-damage|p1a: Scyther|0 fnt\n|faint|p1a: Scyther\n|\n|upkeep\n|inactive|Altarias ✰ has 120 seconds left.\n|\n|t:|1769979496\n|switch|p1a: Ludicolo|Ludicolo, L88, M|284/284\n|turn|12\n|\n|t:|1769979502\n|move|p2a: Gardevoir|Hyper Voice|p1a: Ludicolo\n|-damage|p1a: Ludicolo|134/284\n|move|p1a: Ludicolo|Rain Dance|p1a: Ludicolo\n|-weather|RainDance\n|\n|-weather|RainDance|[upkeep]\n|upkeep\n|turn|13\n|\n|t:|1769979509\n|switch|p2a: Goodra|Goodra, L85, F|292/292\n|-damage|p2a: Goodra|256/292|[from] Stealth Rock\n|move|p1a: Ludicolo|Hydro Pump|p2a: Goodra\n|-resisted|p2a: Goodra\n|-damage|p2a: Goodra|205/292\n|-damage|p1a: Ludicolo|106/284|[from] item: Life Orb\n|\n|-weather|RainDance|[upkeep]\n|upkeep\n|turn|14\n|\n|t:|1769979515\n|move|p1a: Ludicolo|Ice Beam|p2a: Goodra\n|-supereffective|p2a: Goodra\n|-damage|p2a: Goodra|135/292\n|-damage|p1a: Ludicolo|78/284|[from] item: Life Orb\n|move|p2a: Goodra|Sludge Bomb|p1a: Ludicolo\n|-supereffective|p1a: Ludicolo\n|-damage|p1a: Ludicolo|0 fnt\n|faint|p1a: Ludicolo\n|\n|-weather|RainDance|[upkeep]\n|upkeep\n|\n|t:|1769979528\n|switch|p1a: Exploud|Exploud, L85, M|316/316\n|turn|15\n|\n|t:|1769979534\n|move|p2a: Goodra|Draco Meteor|p1a: Exploud\n|-crit|p1a: Exploud\n|-damage|p1a: Exploud|42/316\n|-unboost|p2a: Goodra|spa|2\n|move|p1a: Exploud|Boomburst|p2a: Goodra\n|-damage|p2a: Goodra|45/292\n|\n|-weather|RainDance|[upkeep]\n|upkeep\n|turn|16\n|\n|t:|1769979538\n|move|p2a: Goodra|Power Whip|p1a: Exploud\n|-damage|p1a: Exploud|0 fnt\n|faint|p1a: Exploud\n|\n|-weather|none\n|upkeep\n|\n|t:|1769979542\n|switch|p1a: Manectric|Manectric, L78, M|237/237\n|turn|17\n|\n|t:|1769979549\n|detailschange|p1a: Manectric|Manectric-Mega, L78, M\n|-mega|p1a: Manectric|Manectric|Manectite\n|-ability|p1a: Manectric|Intimidate|boost\n|-unboost|p2a: Goodra|atk|1\n|move|p1a: Manectric|Hidden Power|p2a: Goodra\n|-supereffective|p2a: Goodra\n|-damage|p2a: Goodra|3/292\n|move|p2a: Goodra|Draco Meteor|p1a: Manectric\n|-damage|p1a: Manectric|149/237\n|-unboost|p2a: Goodra|spa|2\n|\n|upkeep\n|turn|18\n|\n|t:|1769979556\n|move|p1a: Manectric|Hidden Power|p2a: Goodra\n|-supereffective|p2a: Goodra\n|-damage|p2a: Goodra|0 fnt\n|faint|p2a: Goodra\n|\n|upkeep\n|\n|t:|1769979562\n|switch|p2a: Grumpig|Grumpig, L92, F|297/297\n|-damage|p2a: Grumpig|260/297|[from] Stealth Rock\n|turn|19\n|\n|t:|1769979566\n|move|p1a: Manectric|Volt Switch|p2a: Grumpig\n|-damage|p2a: Grumpig|188/297\n|\n|t:|1769979569\n|switch|p1a: Torkoal|Torkoal, L88, F|176/266|[from] Volt Switch\n|move|p2a: Grumpig|Psychic|p1a: Torkoal\n|-damage|p1a: Torkoal|59/266\n|-unboost|p1a: Torkoal|spd|1\n|\n|-heal|p2a: Grumpig|206/297|[from] item: Leftovers\n|-heal|p1a: Torkoal|75/266|[from] item: Leftovers\n|upkeep\n|turn|20\n|\n|t:|1769979573\n|move|p2a: Grumpig|Psychic|p1a: Torkoal\n|-damage|p1a: Torkoal|0 fnt\n|faint|p1a: Torkoal\n|\n|-heal|p2a: Grumpig|224/297|[from] item: Leftovers\n|upkeep\n|\n|t:|1769979578\n|switch|p1a: Shaymin|Shaymin, L83|302/302\n|turn|21\n|\n|t:|1769979582\n|move|p1a: Shaymin|Leech Seed|p2a: Grumpig\n|-start|p2a: Grumpig|move: Leech Seed\n|move|p2a: Grumpig|Toxic|p1a: Shaymin\n|-status|p1a: Shaymin|tox\n|\n|-heal|p2a: Grumpig|242/297|[from] item: Leftovers\n|-damage|p2a: Grumpig|205/297|[from] Leech Seed|[of] p1a: Shaymin\n|-damage|p1a: Shaymin|284/302 tox|[from] psn\n|upkeep\n|turn|22\n|\n|t:|1769979588\n|switch|p2a: Gardevoir|Gardevoir-Mega, L78, M|82/234\n|-damage|p2a: Gardevoir|53/234|[from] Stealth Rock\n|move|p1a: Shaymin|Air Slash|p2a: Gardevoir\n|-damage|p2a: Gardevoir|8/234\n|\n|-heal|p1a: Shaymin|302/302 tox|[from] item: Leftovers\n|-damage|p1a: Shaymin|266/302 tox|[from] psn\n|upkeep\n|turn|23\n|\n|t:|1769979599\n|move|p1a: Shaymin|Air Slash|p2a: Gardevoir\n|-damage|p2a: Gardevoir|0 fnt\n|faint|p2a: Gardevoir\n|detailschange|p2: Gardevoir|Gardevoir, L78, M|[silent]\n|\n|-heal|p1a: Shaymin|284/302 tox|[from] item: Leftovers\n|-damage|p1a: Shaymin|230/302 tox|[from] psn\n|upkeep\n|\n|t:|1769979601\n|switch|p2a: Grumpig|Grumpig, L92, F|205/297\n|-damage|p2a: Grumpig|168/297|[from] Stealth Rock\n|turn|24\n|\n|t:|1769979606\n|move|p1a: Shaymin|Leech Seed|p2a: Grumpig\n|-start|p2a: Grumpig|move: Leech Seed\n|move|p2a: Grumpig|Psychic|p1a: Shaymin\n|-damage|p1a: Shaymin|140/302 tox\n|\n|-heal|p1a: Shaymin|158/302 tox|[from] item: Leftovers\n|-heal|p2a: Grumpig|186/297|[from] item: Leftovers\n|-damage|p2a: Grumpig|149/297|[from] Leech Seed|[of] p1a: Shaymin\n|-heal|p1a: Shaymin|195/302 tox|[silent]\n|-damage|p1a: Shaymin|123/302 tox|[from] psn\n|upkeep\n|turn|25\n|\n|t:|1769979615\n|switch|p2a: Kyogre|Kyogre, L71|259/259\n|-damage|p2a: Kyogre|227/259|[from] Stealth Rock\n|detailschange|p2a: Kyogre|Kyogre-Primal, L71\n|-primal|p2a: Kyogre|Blue Orb\n|-weather|PrimordialSea|[from] ability: Primordial Sea|[of] p2a: Kyogre\n|move|p1a: Shaymin|Seed Flare|p2a: Kyogre\n|-supereffective|p2a: Kyogre\n|-damage|p2a: Kyogre|39/259\n|\n|-weather|PrimordialSea|[upkeep]\n|-heal|p1a: Shaymin|141/302 tox|[from] item: Leftovers\n|-damage|p1a: Shaymin|51/302 tox|[from] psn\n|upkeep\n|turn|26\n|\n|t:|1769979627\n|move|p1a: Shaymin|Air Slash|p2a: Kyogre\n|-damage|p2a: Kyogre|0 fnt\n|faint|p2a: Kyogre\n|-weather|none\n|detailschange|p2: Kyogre|Kyogre, L71|[silent]\n|\n|-heal|p1a: Shaymin|69/302 tox|[from] item: Leftovers\n|-damage|p1a: Shaymin|0 fnt|[from] psn\n|faint|p1a: Shaymin\n|upkeep\n|\n|t:|1769979630\n|switch|p1a: Manectric|Manectric-Mega, L78, M|149/237\n|switch|p2a: Grumpig|Grumpig, L92, F|149/297\n|-ability|p1a: Manectric|Intimidate|boost\n|-unboost|p2a: Grumpig|atk|1\n|-damage|p2a: Grumpig|112/297|[from] Stealth Rock\n|turn|27\n|\n|t:|1769979633\n|move|p1a: Manectric|Thunderbolt|p2a: Grumpig\n|-damage|p2a: Grumpig|36/297\n|move|p2a: Grumpig|Psychic|p1a: Manectric\n|-damage|p1a: Manectric|23/237\n|\n|-heal|p2a: Grumpig|54/297|[from] item: Leftovers\n|upkeep\n|turn|28\n|\n|t:|1769979635\n|move|p1a: Manectric|Thunderbolt|p2a: Grumpig\n|-damage|p2a: Grumpig|0 fnt\n|faint|p2a: Grumpig\n|\n|win|Altarias ✰\n|raw|Altarias ✰'s rating: 1480 &rarr; <strong>1508</strong><br />(+28 for winning)\n|raw|Blatjanglover's rating: 1631 &rarr; <strong>1603</strong><br />(-28 for losing)\n|c|☆Blatjanglover|Gg\n|l|☆Altarias ✰\n|player|p1|\n", "inputlog": ">version ccdc32dd7cde25fd9e4bed64820e885f66e78a4e\n>start {\"formatid\":\"gen6randombattle\",\"seed\":\"sodium,5264e5d32d009afa53ed32f6a086bfe3\",\"rated\":\"Rated battle\"}\n>player p1 {\"name\":\"Altarias ✰\",\"avatar\":\"valerie\",\"rating\":1480,\"seed\":\"sodium,66be191c6078e0cf98b0e865fccdf0d1\"}\n>player p2 {\"name\":\"Blatjanglover\",\"avatar\":\"brock\",\"rating\":1649,\"seed\":\"sodium,2e592267153271d18e0d96951943c7b7\"}\n>p1 move swordsdance\n>p2 move bodyslam\n>p1 move brickbreak\n>p2 move curse\n>chat ☆Blatjanglover|Fuck wrong button\n>chat ☆Altarias ✰|:c\n>p1 move brickbreak\n>p2 switch 3\n>p1 move aerialace\n>p2 move yawn\n>p1 switch 3\n>p2 switch 3\n>p1 move stealthrock\n>p2 move earthquake\n>p1 switch 3\n>p2 move bodyslam\n>p1 move knockoff\n>p2 move bodyslam\n>p1 move brickbreak\n>p2 move bodyslam\n>p2 switch 3\n>p1 move aerialace\n>p2 move sludgebomb\n>p2 switch 5\n>p1 move aerialace\n>p2 move psyshock mega\n>p1 switch 4\n>p1 move raindance\n>p2 move hypervoice\n>p1 move hydropump\n>p2 switch 4\n>p1 move icebeam\n>p2 move sludgebomb\n>p1 switch 2\n>p1 move boomburst\n>p2 move dracometeor\n>p1 move boomburst\n>p2 move powerwhip\n>p1 switch 5\n>p1 move hiddenpower mega\n>p2 move dracometeor\n>p1 move hiddenpower\n>p2 move powerwhip\n>p2 switch 2\n>p1 move voltswitch\n>p2 move psychic\n>p1 switch 3\n>p1 move lavaplume\n>p2 move psychic\n>p1 switch 6\n>p1 move leechseed\n>p2 move toxic\n>p1 move airslash\n>p2 switch 4\n>p1 move airslash\n>p2 move hypervoice\n>p2 switch 4\n>p1 move leechseed\n>p2 move psychic\n>p1 move seedflare\n>p2 switch 6\n>p1 move airslash\n>p2 move originpulse\n>p1 switch 3\n>p2 switch 6\n>p1 move thunderbolt\n>p2 move psychic\n>p1 move thunderbolt\n>p2 move psychic", "uploadtime": 1769979646, "views": 237, "formatid": "gen6randombattle", "rating": 1508, "private": 0, "password": null}