{"id": "gen6randombattle-2532462295", "format": "[Gen 6] Random Battle", "players": ["TrumpzPhatAzz", "Hauntedfire"], "log": "|j|☆TrumpzPhatAzz\n|j|☆Hauntedfire\n|t:|1770180035\n|gametype|singles\n|player|p1|TrumpzPhatAzz|burgh|1666\n|player|p2|Hauntedfire|101|1600\n|gen|6\n|tier|[Gen 6] Random Battle\n|rated|\n|rule|Sleep Clause Mod: Limit one foe put to sleep\n|rule|HP Percentage Mod: HP is shown in percentages\n|rule|Illusion Level Mod: Illusion disguises the Pokémon's true level\n|\n|t:|1770180035\n|teamsize|p1|6\n|teamsize|p2|6\n|start\n|switch|p1a: Beedrill|Beedrill, L77, F|227/227\n|switch|p2a: Linoone|Linoone, L84, F|268/268\n|turn|1\n|inactive|Battle timer is ON: inactive players will automatically lose when time's up. (requested by TrumpzPhatAzz)\n|inactive|TrumpzPhatAzz has 120 seconds left.\n|inactive|Hauntedfire has 120 seconds left.\n|\n|t:|1770180081\n|switch|p2a: Scyther|Scyther, L82, M|249/249\n|detailschange|p1a: Beedrill|Beedrill-Mega, L77, F\n|-mega|p1a: Beedrill|Beedrill|Beedrillite\n|move|p1a: Beedrill|U-turn|p2a: Scyther\n|-resisted|p2a: Scyther\n|-damage|p2a: Scyther|206/249\n|l|☆TrumpzPhatAzz\n|inactive|TrumpzPhatAzz disconnected and has a minute to reconnect!\n|player|p1|\n|j|☆TrumpzPhatAzz\n|inactive|TrumpzPhatAzz reconnected and has 135 seconds left.\n|player|p1|TrumpzPhatAzz|burgh|\n|\n|t:|1770180106\n|switch|p1a: Klefki|Klefki, L79, F|220/220|[from] U-turn\n|\n|upkeep\n|turn|2\n|\n|t:|1770180125\n|switch|p2a: Minun|Minun, L93, F|262/262\n|move|p1a: Klefki|Thunder Wave|p2a: Minun\n|-immune|p2a: Minun|[from] ability: Volt Absorb\n|\n|upkeep\n|turn|3\n|\n|t:|1770180136\n|move|p1a: Klefki|Spikes|p2a: Minun\n|-sidestart|p2: Hauntedfire|Spikes\n|move|p2a: Minun|Thunderbolt|p1a: Klefki\n|-damage|p1a: Klefki|91/220\n|-damage|p2a: Minun|236/262|[from] item: Life Orb\n|\n|-heal|p1a: Klefki|104/220|[from] item: Leftovers\n|upkeep\n|turn|4\n|\n|t:|1770180141\n|switch|p1a: Mamoswine|Mamoswine, L78, F|300/300\n|move|p2a: Minun|Thunderbolt|p1a: Mamoswine\n|-immune|p1a: Mamoswine\n|\n|upkeep\n|turn|5\n|\n|t:|1770180152\n|move|p2a: Minun|Grass Knot|p1a: Mamoswine\n|-supereffective|p1a: Mamoswine\n|-damage|p1a: Mamoswine|0 fnt\n|faint|p1a: Mamoswine\n|-damage|p2a: Minun|210/262|[from] item: Life Orb\n|\n|upkeep\n|\n|t:|1770180177\n|switch|p1a: Beedrill|Beedrill-Mega, L77, F|227/227\n|turn|6\n|\n|t:|1770180195\n|switch|p2a: Scyther|Scyther, L82, M|206/249\n|move|p1a: Beedrill|Drill Run|p2a: Scyther\n|-immune|p2a: Scyther\n|\n|upkeep\n|turn|7\n|\n|t:|1770180209\n|move|p1a: Beedrill|U-turn|p2a: Scyther\n|-resisted|p2a: Scyther\n|-damage|p2a: Scyther|165/249\n|\n|t:|1770180216\n|switch|p1a: Klefki|Klefki, L79, F|104/220|[from] U-turn\n|move|p2a: Scyther|Brick Break|p1a: Klefki\n|-damage|p1a: Klefki|42/220\n|\n|-heal|p1a: Klefki|55/220|[from] item: Leftovers\n|upkeep\n|turn|8\n|\n|t:|1770180229\n|switch|p2a: Minun|Minun, L93, F|210/262\n|-damage|p2a: Minun|178/262|[from] Spikes\n|move|p1a: Klefki|Spikes|p2a: Minun\n|-sidestart|p2: Hauntedfire|Spikes\n|\n|-heal|p1a: Klefki|68/220|[from] item: Leftovers\n|upkeep\n|turn|9\n|\n|t:|1770180233\n|move|p2a: Minun|Thunderbolt|p1a: Klefki\n|-damage|p1a: Klefki|0 fnt\n|faint|p1a: Klefki\n|-damage|p2a: Minun|152/262|[from] item: Life Orb\n|\n|upkeep\n|\n|t:|1770180237\n|switch|p1a: Beedrill|Beedrill-Mega, L77, F|227/227\n|turn|10\n|\n|t:|1770180241\n|switch|p2a: Scyther|Scyther, L82, M|165/249\n|move|p1a: Beedrill|Poison Jab|p2a: Scyther\n|-damage|p2a: Scyther|63/249\n|-status|p2a: Scyther|psn\n|\n|-damage|p2a: Scyther|32/249 psn|[from] psn\n|upkeep\n|turn|11\n|\n|t:|1770180248\n|move|p1a: Beedrill|Protect|p1a: Beedrill\n|-singleturn|p1a: Beedrill|Protect\n|move|p2a: Scyther|Roost|p2a: Scyther\n|-heal|p2a: Scyther|157/249 psn\n|-singleturn|p2a: Scyther|move: Roost\n|\n|-damage|p2a: Scyther|126/249 psn|[from] psn\n|upkeep\n|turn|12\n|\n|t:|1770180267\n|move|p1a: Beedrill|U-turn|p2a: Scyther\n|-resisted|p2a: Scyther\n|-damage|p2a: Scyther|79/249 psn\n|\n|t:|1770180269\n|switch|p1a: Mightyena|Mightyena, L93, F|281/281|[from] U-turn\n|-ability|p1a: Mightyena|Intimidate|boost\n|-unboost|p2a: Scyther|atk|1\n|move|p2a: Scyther|Aerial Ace|p1a: Mightyena\n|-damage|p1a: Mightyena|209/281\n|\n|-damage|p2a: Scyther|48/249 psn|[from] psn\n|upkeep\n|turn|13\n|\n|t:|1770180287\n|move|p2a: Scyther|Roost|p2a: Scyther\n|-heal|p2a: Scyther|173/249 psn\n|-singleturn|p2a: Scyther|move: Roost\n|move|p1a: Mightyena|Crunch|p2a: Scyther\n|-damage|p2a: Scyther|74/249 psn\n|-damage|p1a: Mightyena|181/281|[from] item: Life Orb\n|\n|-damage|p2a: Scyther|43/249 psn|[from] psn\n|upkeep\n|turn|14\n|\n|t:|1770180291\n|move|p1a: Mightyena|Sucker Punch|p2a: Scyther\n|-damage|p2a: Scyther|0 fnt\n|faint|p2a: Scyther\n|-damage|p1a: Mightyena|153/281|[from] item: Life Orb\n|\n|upkeep\n|\n|t:|1770180309\n|switch|p2a: Linoone|Linoone, L84, F|268/268\n|-damage|p2a: Linoone|224/268|[from] Spikes\n|turn|15\n|\n|t:|1770180316\n|move|p2a: Linoone|Extreme Speed|p1a: Mightyena\n|-damage|p1a: Mightyena|87/281\n|move|p1a: Mightyena|Crunch|p2a: Linoone\n|-damage|p2a: Linoone|45/268\n|-enditem|p2a: Linoone|Sitrus Berry|[eat]\n|-heal|p2a: Linoone|112/268|[from] item: Sitrus Berry\n|-damage|p1a: Mightyena|59/281|[from] item: Life Orb\n|\n|upkeep\n|turn|16\n|\n|t:|1770180330\n|move|p2a: Linoone|Extreme Speed|p1a: Mightyena\n|-damage|p1a: Mightyena|0 fnt\n|faint|p1a: Mightyena\n|\n|upkeep\n|\n|t:|1770180337\n|switch|p1a: Braviary|Braviary, L82, M|298/298\n|turn|17\n|\n|t:|1770180354\n|move|p2a: Linoone|Extreme Speed|p1a: Braviary\n|-damage|p1a: Braviary|225/298\n|move|p1a: Braviary|Superpower|p2a: Linoone\n|-supereffective|p2a: Linoone\n|-damage|p2a: Linoone|0 fnt\n|-unboost|p1a: Braviary|atk|1\n|-unboost|p1a: Braviary|def|1\n|faint|p2a: Linoone\n|\n|-heal|p1a: Braviary|243/298|[from] item: Leftovers\n|upkeep\n|\n|t:|1770180363\n|switch|p2a: Jirachi|Jirachi, L78|284/284\n|-damage|p2a: Jirachi|237/284|[from] Spikes\n|turn|18\n|\n|t:|1770180374\n|move|p2a: Jirachi|Stealth Rock|p1a: Braviary\n|-sidestart|p1: TrumpzPhatAzz|move: Stealth Rock\n|move|p1a: Braviary|Bulk Up|p1a: Braviary\n|-boost|p1a: Braviary|atk|1\n|-boost|p1a: Braviary|def|1\n|\n|-heal|p2a: Jirachi|254/284|[from] item: Leftovers\n|-heal|p1a: Braviary|261/298|[from] item: Leftovers\n|upkeep\n|turn|19\n|\n|t:|1770180379\n|move|p2a: Jirachi|Iron Head|p1a: Braviary\n|-damage|p1a: Braviary|170/298\n|move|p1a: Braviary|Bulk Up|p1a: Braviary\n|-boost|p1a: Braviary|atk|1\n|-boost|p1a: Braviary|def|1\n|\n|-heal|p2a: Jirachi|271/284|[from] item: Leftovers\n|-heal|p1a: Braviary|188/298|[from] item: Leftovers\n|upkeep\n|turn|20\n|\n|t:|1770180383\n|move|p2a: Jirachi|Iron Head|p1a: Braviary\n|-damage|p1a: Braviary|133/298\n|cant|p1a: Braviary|flinch\n|\n|-heal|p2a: Jirachi|284/284|[from] item: Leftovers\n|-heal|p1a: Braviary|151/298|[from] item: Leftovers\n|upkeep\n|turn|21\n|\n|t:|1770180390\n|move|p2a: Jirachi|Iron Head|p1a: Braviary\n|-damage|p1a: Braviary|93/298\n|cant|p1a: Braviary|flinch\n|\n|-heal|p1a: Braviary|111/298|[from] item: Leftovers\n|upkeep\n|turn|22\n|\n|t:|1770180393\n|move|p2a: Jirachi|Iron Head|p1a: Braviary\n|-damage|p1a: Braviary|51/298\n|cant|p1a: Braviary|flinch\n|\n|-heal|p1a: Braviary|69/298|[from] item: Leftovers\n|upkeep\n|turn|23\n|\n|t:|1770180397\n|move|p2a: Jirachi|Iron Head|p1a: Braviary\n|-damage|p1a: Braviary|14/298\n|move|p1a: Braviary|Roost|p1a: Braviary\n|-heal|p1a: Braviary|163/298\n|-singleturn|p1a: Braviary|move: Roost\n|\n|-heal|p1a: Braviary|181/298|[from] item: Leftovers\n|upkeep\n|turn|24\n|\n|t:|1770180401\n|move|p2a: Jirachi|Iron Head|p1a: Braviary\n|-damage|p1a: Braviary|123/298\n|move|p1a: Braviary|Bulk Up|p1a: Braviary\n|-boost|p1a: Braviary|atk|1\n|-boost|p1a: Braviary|def|1\n|\n|-heal|p1a: Braviary|141/298|[from] item: Leftovers\n|upkeep\n|turn|25\n|\n|t:|1770180406\n|move|p2a: Jirachi|Iron Head|p1a: Braviary\n|-damage|p1a: Braviary|99/298\n|move|p1a: Braviary|Roost|p1a: Braviary\n|-heal|p1a: Braviary|248/298\n|-singleturn|p1a: Braviary|move: Roost\n|\n|-heal|p1a: Braviary|266/298|[from] item: Leftovers\n|upkeep\n|turn|26\n|\n|t:|1770180417\n|switch|p2a: Chimecho|Chimecho, L97, F|283/283\n|move|p1a: Braviary|Superpower|p2a: Chimecho\n|-resisted|p2a: Chimecho\n|-damage|p2a: Chimecho|191/283\n|-unboost|p1a: Braviary|atk|1\n|-unboost|p1a: Braviary|def|1\n|\n|-heal|p2a: Chimecho|208/283|[from] item: Leftovers\n|-heal|p1a: Braviary|284/298|[from] item: Leftovers\n|upkeep\n|turn|27\n|\n|t:|1770180423\n|move|p2a: Chimecho|Psychic|p1a: Braviary\n|-damage|p1a: Braviary|139/298\n|move|p1a: Braviary|Brave Bird|p2a: Chimecho\n|-damage|p2a: Chimecho|0 fnt\n|faint|p2a: Chimecho\n|-damage|p1a: Braviary|70/298|[from] Recoil\n|\n|-heal|p1a: Braviary|88/298|[from] item: Leftovers\n|upkeep\n|\n|t:|1770180432\n|switch|p2a: Minun|Minun, L93, F|152/262\n|-damage|p2a: Minun|109/262|[from] Spikes\n|turn|28\n|\n|t:|1770180436\n|move|p2a: Minun|Thunderbolt|p1a: Braviary\n|-supereffective|p1a: Braviary\n|-damage|p1a: Braviary|0 fnt\n|faint|p1a: Braviary\n|-damage|p2a: Minun|83/262|[from] item: Life Orb\n|\n|upkeep\n|\n|t:|1770180438\n|switch|p1a: Beedrill|Beedrill-Mega, L77, F|227/227\n|-damage|p1a: Beedrill|171/227|[from] Stealth Rock\n|turn|29\n|\n|t:|1770180443\n|move|p1a: Beedrill|Drill Run|p2a: Minun\n|-supereffective|p2a: Minun\n|-damage|p2a: Minun|0 fnt\n|faint|p2a: Minun\n|\n|upkeep\n|\n|t:|1770180446\n|switch|p2a: Arceus|Arceus-Ghost, L71|288/288\n|-damage|p2a: Arceus|240/288|[from] Spikes\n|turn|30\n|\n|t:|1770180458\n|move|p1a: Beedrill|Drill Run|p2a: Arceus\n|-damage|p2a: Arceus|182/288\n|move|p2a: Arceus|Will-O-Wisp|p1a: Beedrill\n|-status|p1a: Beedrill|brn\n|\n|-damage|p1a: Beedrill|143/227 brn|[from] brn\n|upkeep\n|turn|31\n|\n|t:|1770180465\n|move|p1a: Beedrill|Drill Run|p2a: Arceus\n|-damage|p2a: Arceus|150/288\n|move|p2a: Arceus|Recover|p2a: Arceus\n|-heal|p2a: Arceus|288/288\n|\n|-damage|p1a: Beedrill|115/227 brn|[from] brn\n|upkeep\n|turn|32\n|\n|t:|1770180469\n|move|p1a: Beedrill|U-turn|p2a: Arceus\n|-resisted|p2a: Arceus\n|-damage|p2a: Arceus|258/288\n|\n|t:|1770180471\n|switch|p1a: Reshiram|Reshiram, L73|266/266|[from] U-turn\n|-damage|p1a: Reshiram|200/266|[from] Stealth Rock\n|-ability|p1a: Reshiram|Turboblaze\n|move|p2a: Arceus|Judgment|p1a: Reshiram\n|-damage|p1a: Reshiram|103/266\n|\n|-heal|p1a: Reshiram|119/266|[from] item: Leftovers\n|upkeep\n|turn|33\n|\n|t:|1770180484\n|move|p2a: Arceus|Judgment|p1a: Reshiram\n|-damage|p1a: Reshiram|28/266\n|move|p1a: Reshiram|Roost|p1a: Reshiram\n|-heal|p1a: Reshiram|161/266\n|-singleturn|p1a: Reshiram|move: Roost\n|\n|-heal|p1a: Reshiram|177/266|[from] item: Leftovers\n|upkeep\n|turn|34\n|inactive|Hauntedfire has 120 seconds left.\n|\n|t:|1770180528\n|move|p2a: Arceus|Judgment|p1a: Reshiram\n|-damage|p1a: Reshiram|81/266\n|move|p1a: Reshiram|Roost|p1a: Reshiram\n|-heal|p1a: Reshiram|214/266\n|-singleturn|p1a: Reshiram|move: Roost\n|\n|-heal|p1a: Reshiram|230/266|[from] item: Leftovers\n|upkeep\n|turn|35\n|\n|t:|1770180541\n|move|p2a: Arceus|Judgment|p1a: Reshiram\n|-damage|p1a: Reshiram|131/266\n|move|p1a: Reshiram|Toxic|p2a: Arceus\n|-status|p2a: Arceus|tox\n|\n|-heal|p1a: Reshiram|147/266|[from] item: Leftovers\n|-damage|p2a: Arceus|240/288 tox|[from] psn\n|upkeep\n|turn|36\n|inactive|Hauntedfire has 120 seconds left.\n|\n|t:|1770180554\n|switch|p2a: Jirachi|Jirachi, L78|284/284\n|-damage|p2a: Jirachi|237/284|[from] Spikes\n|move|p1a: Reshiram|Roost|p1a: Reshiram\n|-heal|p1a: Reshiram|266/266\n|-singleturn|p1a: Reshiram|move: Roost\n|\n|-heal|p2a: Jirachi|254/284|[from] item: Leftovers\n|upkeep\n|turn|37\n|\n|t:|1770180560\n|move|p2a: Jirachi|Protect|p2a: Jirachi\n|-singleturn|p2a: Jirachi|Protect\n|move|p1a: Reshiram|Blue Flare|p2a: Jirachi\n|-activate|p2a: Jirachi|move: Protect\n|\n|-heal|p2a: Jirachi|271/284|[from] item: Leftovers\n|upkeep\n|turn|38\n|\n|t:|1770180566\n|switch|p2a: Arceus|Arceus-Ghost, L71|240/288 tox\n|-damage|p2a: Arceus|192/288 tox|[from] Spikes\n|move|p1a: Reshiram|Blue Flare|p2a: Arceus\n|-damage|p2a: Arceus|45/288 tox\n|\n|-damage|p2a: Arceus|27/288 tox|[from] psn\n|upkeep\n|turn|39\n|\n|t:|1770180578\n|move|p2a: Arceus|Recover|p2a: Arceus\n|-heal|p2a: Arceus|171/288 tox\n|move|p1a: Reshiram|Blue Flare|p2a: Arceus\n|-damage|p2a: Arceus|41/288 tox\n|\n|-damage|p2a: Arceus|5/288 tox|[from] psn\n|upkeep\n|turn|40\n|\n|t:|1770180587\n|move|p2a: Arceus|Recover|p2a: Arceus\n|-heal|p2a: Arceus|149/288 tox\n|move|p1a: Reshiram|Toxic|p2a: Arceus|[miss]\n|-miss|p1a: Reshiram|p2a: Arceus\n|\n|-damage|p2a: Arceus|95/288 tox|[from] psn\n|upkeep\n|turn|41\n|\n|t:|1770180598\n|move|p2a: Arceus|Recover|p2a: Arceus\n|-heal|p2a: Arceus|239/288 tox\n|move|p1a: Reshiram|Toxic|p2a: Arceus\n|-fail|p2a: Arceus|tox\n|\n|-damage|p2a: Arceus|167/288 tox|[from] psn\n|upkeep\n|turn|42\n|\n|t:|1770180604\n|switch|p2a: Jirachi|Jirachi, L78|271/284\n|-damage|p2a: Jirachi|224/284|[from] Spikes\n|move|p1a: Reshiram|Toxic|p2a: Jirachi\n|-immune|p2a: Jirachi\n|\n|-heal|p2a: Jirachi|241/284|[from] item: Leftovers\n|upkeep\n|turn|43\n|\n|t:|1770180612\n|move|p2a: Jirachi|Wish|p2a: Jirachi\n|move|p1a: Reshiram|Roost||[still]\n|-fail|p1a: Reshiram|heal\n|\n|-heal|p2a: Jirachi|258/284|[from] item: Leftovers\n|upkeep\n|turn|44\n|\n|t:|1770180621\n|move|p2a: Jirachi|Iron Head|p1a: Reshiram\n|-resisted|p1a: Reshiram\n|-damage|p1a: Reshiram|230/266\n|move|p1a: Reshiram|Roost|p1a: Reshiram\n|-heal|p1a: Reshiram|266/266\n|-singleturn|p1a: Reshiram|move: Roost\n|\n|-heal|p2a: Jirachi|284/284|[from] move: Wish|[wisher] Jirachi\n|upkeep\n|turn|45\n|\n|t:|1770180634\n|move|p2a: Jirachi|Iron Head|p1a: Reshiram\n|-resisted|p1a: Reshiram\n|-damage|p1a: Reshiram|225/266\n|cant|p1a: Reshiram|flinch\n|\n|-heal|p1a: Reshiram|241/266|[from] item: Leftovers\n|upkeep\n|turn|46\n|\n|t:|1770180639\n|move|p2a: Jirachi|Protect|p2a: Jirachi\n|-singleturn|p2a: Jirachi|Protect\n|move|p1a: Reshiram|Blue Flare|p2a: Jirachi\n|-activate|p2a: Jirachi|move: Protect\n|\n|-heal|p1a: Reshiram|257/266|[from] item: Leftovers\n|upkeep\n|turn|47\n|\n|t:|1770180652\n|switch|p2a: Arceus|Arceus-Ghost, L71|167/288 tox\n|-damage|p2a: Arceus|119/288 tox|[from] Spikes\n|move|p1a: Reshiram|Blue Flare|p2a: Arceus\n|-damage|p2a: Arceus|0 fnt\n|faint|p2a: Arceus\n|\n|-heal|p1a: Reshiram|266/266|[from] item: Leftovers\n|upkeep\n|\n|t:|1770180655\n|switch|p2a: Jirachi|Jirachi, L78|284/284\n|-damage|p2a: Jirachi|237/284|[from] Spikes\n|turn|48\n|\n|t:|1770180663\n|switch|p1a: Beedrill|Beedrill-Mega, L77, F|115/227 brn\n|-damage|p1a: Beedrill|59/227 brn|[from] Stealth Rock\n|move|p2a: Jirachi|Iron Head|p1a: Beedrill\n|-damage|p1a: Beedrill|0 fnt\n|faint|p1a: Beedrill\n|detailschange|p1: Beedrill|Beedrill, L77, F|[silent]\n|\n|-heal|p2a: Jirachi|254/284|[from] item: Leftovers\n|upkeep\n|\n|t:|1770180665\n|switch|p1a: Reshiram|Reshiram, L73|266/266\n|-damage|p1a: Reshiram|200/266|[from] Stealth Rock\n|-ability|p1a: Reshiram|Turboblaze\n|turn|49\n|\n|t:|1770180672\n|move|p2a: Jirachi|Protect|p2a: Jirachi\n|-singleturn|p2a: Jirachi|Protect\n|move|p1a: Reshiram|Roost|p1a: Reshiram\n|-heal|p1a: Reshiram|266/266\n|-singleturn|p1a: Reshiram|move: Roost\n|\n|-heal|p2a: Jirachi|271/284|[from] item: Leftovers\n|upkeep\n|turn|50\n|\n|t:|1770180678\n|move|p2a: Jirachi|Iron Head|p1a: Reshiram\n|-resisted|p1a: Reshiram\n|-damage|p1a: Reshiram|227/266\n|cant|p1a: Reshiram|flinch\n|\n|-heal|p2a: Jirachi|284/284|[from] item: Leftovers\n|-heal|p1a: Reshiram|243/266|[from] item: Leftovers\n|upkeep\n|turn|51\n|\n|t:|1770180684\n|move|p2a: Jirachi|Wish|p2a: Jirachi\n|move|p1a: Reshiram|Toxic|p2a: Jirachi\n|-immune|p2a: Jirachi\n|\n|-heal|p1a: Reshiram|259/266|[from] item: Leftovers\n|upkeep\n|turn|52\n|\n|t:|1770180689\n|move|p2a: Jirachi|Iron Head|p1a: Reshiram\n|-resisted|p1a: Reshiram\n|-damage|p1a: Reshiram|217/266\n|cant|p1a: Reshiram|flinch\n|\n|-heal|p1a: Reshiram|233/266|[from] item: Leftovers\n|upkeep\n|turn|53\n|\n|t:|1770180694\n|move|p2a: Jirachi|Protect|p2a: Jirachi\n|-singleturn|p2a: Jirachi|Protect\n|move|p1a: Reshiram|Toxic|p2a: Jirachi\n|-activate|p2a: Jirachi|move: Protect\n|\n|-heal|p1a: Reshiram|249/266|[from] item: Leftovers\n|upkeep\n|turn|54\n|\n|t:|1770180700\n|move|p2a: Jirachi|Iron Head|p1a: Reshiram\n|-resisted|p1a: Reshiram\n|-damage|p1a: Reshiram|213/266\n|move|p1a: Reshiram|Blue Flare|p2a: Jirachi|[miss]\n|-miss|p1a: Reshiram|p2a: Jirachi\n|\n|-heal|p1a: Reshiram|229/266|[from] item: Leftovers\n|upkeep\n|turn|55\n|\n|t:|1770180709\n|move|p2a: Jirachi|Iron Head|p1a: Reshiram\n|-resisted|p1a: Reshiram\n|-damage|p1a: Reshiram|191/266\n|cant|p1a: Reshiram|flinch\n|\n|-heal|p1a: Reshiram|207/266|[from] item: Leftovers\n|upkeep\n|turn|56\n|\n|t:|1770180715\n|move|p2a: Jirachi|Protect|p2a: Jirachi\n|-singleturn|p2a: Jirachi|Protect\n|move|p1a: Reshiram|Roost|p1a: Reshiram\n|-heal|p1a: Reshiram|266/266\n|-singleturn|p1a: Reshiram|move: Roost\n|\n|upkeep\n|turn|57\n|\n|t:|1770180720\n|move|p2a: Jirachi|Iron Head|p1a: Reshiram\n|-resisted|p1a: Reshiram\n|-damage|p1a: Reshiram|226/266\n|cant|p1a: Reshiram|flinch\n|\n|-heal|p1a: Reshiram|242/266|[from] item: Leftovers\n|upkeep\n|turn|58\n|\n|t:|1770180726\n|move|p2a: Jirachi|Wish|p2a: Jirachi\n|move|p1a: Reshiram|Toxic|p2a: Jirachi|[miss]\n|-miss|p1a: Reshiram|p2a: Jirachi\n|\n|-heal|p1a: Reshiram|258/266|[from] item: Leftovers\n|upkeep\n|turn|59\n|\n|t:|1770180732\n|move|p2a: Jirachi|Protect|p2a: Jirachi\n|-singleturn|p2a: Jirachi|Protect\n|move|p1a: Reshiram|Roost|p1a: Reshiram\n|-heal|p1a: Reshiram|266/266\n|-singleturn|p1a: Reshiram|move: Roost\n|\n|upkeep\n|turn|60\n|\n|t:|1770180738\n|move|p2a: Jirachi|Wish|p2a: Jirachi\n|move|p1a: Reshiram|Blue Flare|p2a: Jirachi\n|-supereffective|p2a: Jirachi\n|-damage|p2a: Jirachi|2/284\n|\n|-heal|p2a: Jirachi|19/284|[from] item: Leftovers\n|upkeep\n|turn|61\n|\n|t:|1770180749\n|move|p2a: Jirachi|Protect|p2a: Jirachi\n|-singleturn|p2a: Jirachi|Protect\n|move|p1a: Reshiram|Draco Meteor|p2a: Jirachi\n|-activate|p2a: Jirachi|move: Protect\n|\n|-heal|p2a: Jirachi|161/284|[from] move: Wish|[wisher] Jirachi\n|-heal|p2a: Jirachi|178/284|[from] item: Leftovers\n|upkeep\n|turn|62\n|\n|t:|1770180759\n|move|p2a: Jirachi|Iron Head|p1a: Reshiram\n|-resisted|p1a: Reshiram\n|-damage|p1a: Reshiram|224/266\n|cant|p1a: Reshiram|flinch\n|\n|-heal|p2a: Jirachi|195/284|[from] item: Leftovers\n|-heal|p1a: Reshiram|240/266|[from] item: Leftovers\n|upkeep\n|turn|63\n|\n|t:|1770180766\n|move|p2a: Jirachi|Protect|p2a: Jirachi\n|-singleturn|p2a: Jirachi|Protect\n|move|p1a: Reshiram|Roost|p1a: Reshiram\n|-heal|p1a: Reshiram|266/266\n|-singleturn|p1a: Reshiram|move: Roost\n|\n|-heal|p2a: Jirachi|212/284|[from] item: Leftovers\n|upkeep\n|turn|64\n|\n|t:|1770180773\n|move|p2a: Jirachi|Iron Head|p1a: Reshiram\n|-resisted|p1a: Reshiram\n|-damage|p1a: Reshiram|224/266\n|cant|p1a: Reshiram|flinch\n|\n|-heal|p2a: Jirachi|229/284|[from] item: Leftovers\n|-heal|p1a: Reshiram|240/266|[from] item: Leftovers\n|upkeep\n|turn|65\n|\n|t:|1770180781\n|move|p2a: Jirachi|Wish|p2a: Jirachi\n|move|p1a: Reshiram|Roost|p1a: Reshiram\n|-heal|p1a: Reshiram|266/266\n|-singleturn|p1a: Reshiram|move: Roost\n|\n|-heal|p2a: Jirachi|246/284|[from] item: Leftovers\n|upkeep\n|turn|66\n|\n|t:|1770180788\n|move|p2a: Jirachi|Protect|p2a: Jirachi\n|-singleturn|p2a: Jirachi|Protect\n|move|p1a: Reshiram|Toxic|p2a: Jirachi\n|-activate|p2a: Jirachi|move: Protect\n|\n|-heal|p2a: Jirachi|284/284|[from] move: Wish|[wisher] Jirachi\n|upkeep\n|turn|67\n|\n|t:|1770180796\n|move|p2a: Jirachi|Wish|p2a: Jirachi\n|move|p1a: Reshiram|Blue Flare|p2a: Jirachi\n|-supereffective|p2a: Jirachi\n|-damage|p2a: Jirachi|0 fnt\n|faint|p2a: Jirachi\n|\n|win|TrumpzPhatAzz\n|raw|TrumpzPhatAzz's rating: 1666 &rarr; <strong>1682</strong><br />(+16 for winning)\n|raw|Hauntedfire's rating: 1600 &rarr; <strong>1584</strong><br />(-16 for losing)\n|c|☆TrumpzPhatAzz|BOOM\n|l|☆Hauntedfire\n|player|p2|\n|c|☆TrumpzPhatAzz|Build the wall\n|c|☆TrumpzPhatAzz|build the wall\n", "inputlog": ">version ccdc32dd7cde25fd9e4bed64820e885f66e78a4e\n>start {\"formatid\":\"gen6randombattle\",\"seed\":\"sodium,33e2812797208ce34f188af7a9d06f1c\",\"rated\":\"Rated battle\"}\n>player p1 {\"name\":\"TrumpzPhatAzz\",\"avatar\":\"burgh\",\"rating\":1666,\"seed\":\"sodium,7c1176aa425b961644c88d292c487dff\"}\n>player p2 {\"name\":\"Hauntedfire\",\"avatar\":\"101\",\"rating\":1600,\"seed\":\"sodium,6c54ef4a8139289c1afc0feca4626910\"}\n>p1 move uturn mega\n>p2 switch 2\n>p1 switch 5\n>p1 move thunderwave\n>p2 switch 3\n>p1 move spikes\n>p2 move thunderbolt\n>p1 switch 6\n>p2 move thunderbolt\n>p1 move earthquake\n>p2 move grassknot\n>p1 switch 5\n>p1 move drillrun\n>p2 switch 3\n>p1 move uturn\n>p2 move brickbreak\n>p1 switch 6\n>p1 move spikes\n>p2 switch 3\n>p1 move playrough\n>p2 move thunderbolt\n>p1 switch 6\n>p1 move poisonjab\n>p2 switch 3\n>p1 move protect\n>p2 move roost\n>p1 move uturn\n>p2 move aerialace\n>p1 switch 4\n>p1 move crunch\n>p2 move roost\n>p1 move suckerpunch\n>p2 move brickbreak\n>p2 switch 2\n>p1 move crunch\n>p2 move extremespeed\n>p1 move suckerpunch\n>p2 move extremespeed\n>p1 switch 2\n>p1 move superpower\n>p2 move extremespeed\n>p2 switch 4\n>p1 move bulkup\n>p2 move stealthrock\n>p1 move bulkup\n>p2 move ironhead\n>p1 move bulkup\n>p2 move ironhead\n>p1 move roost\n>p2 move ironhead\n>p1 move roost\n>p2 move ironhead\n>p1 move roost\n>p2 move ironhead\n>p1 move bulkup\n>p2 move ironhead\n>p1 move roost\n>p2 move ironhead\n>p1 move superpower\n>p2 switch 6\n>p1 move bravebird\n>p2 move psychic\n>p2 switch 3\n>p1 move superpower\n>p2 move thunderbolt\n>p1 switch 4\n>p1 move drillrun\n>p2 move thunderbolt\n>p2 switch 5\n>p1 move drillrun\n>p2 move willowisp\n>p1 move drillrun\n>p2 move recover\n>p1 move uturn\n>p2 move judgment\n>p1 switch 3\n>p1 move roost\n>p2 move judgment\n>p1 move roost\n>p2 move judgment\n>p1 move toxic\n>p2 move judgment\n>p1 move roost\n>p2 switch 6\n>p1 move blueflare\n>p2 move protect\n>p1 move blueflare\n>p2 switch 6\n>p1 move blueflare\n>p2 move recover\n>p1 move toxic\n>p2 move recover\n>p1 move toxic\n>p2 move recover\n>p1 move toxic\n>p2 switch 6\n>p1 move roost\n>p2 move wish\n>p1 move roost\n>p2 move ironhead\n>p1 move toxic\n>p2 move ironhead\n>p1 move blueflare\n>p2 move protect\n>p1 move blueflare\n>p2 switch 6\n>p2 switch 6\n>p1 switch 3\n>p2 move ironhead\n>p1 switch 3\n>p1 move roost\n>p2 move protect\n>p1 move blueflare\n>p2 move ironhead\n>p1 move toxic\n>p2 move wish\n>p1 move toxic\n>p2 move ironhead\n>p1 move toxic\n>p2 move protect\n>p1 move blueflare\n>p2 move ironhead\n>p1 move roost\n>p2 move ironhead\n>p1 move roost\n>p2 move protect\n>p1 move blueflare\n>p2 move ironhead\n>p1 move toxic\n>p2 move wish\n>p1 move roost\n>p2 move protect\n>p1 move blueflare\n>p2 move wish\n>p1 move dracometeor\n>p2 move protect\n>p1 move blueflare\n>p2 move ironhead\n>p1 move roost\n>p2 move protect\n>p1 move blueflare\n>p2 move ironhead\n>p1 move roost\n>p2 move wish\n>p1 move toxic\n>p2 move protect\n>p1 move blueflare\n>p2 move wish", "uploadtime": 1770180815, "views": 242, "formatid": "gen6randombattle", "rating": 1584, "private": 0, "password": null}