{"id": "gen6randombattle-2536769737", "format": "[Gen 6] Random Battle", "players": ["arboretums", "av_goy"], "log": "|j|☆arboretums\n|j|☆av_goy\n|t:|1770735188\n|gametype|singles\n|player|p1|arboretums|serena-masters2|1541\n|player|p2|av_goy|unknown|1552\n|gen|6\n|tier|[Gen 6] Random Battle\n|rated|\n|rule|Sleep Clause Mod: Limit one foe put to sleep\n|rule|HP Percentage Mod: HP is shown in percentages\n|rule|Illusion Level Mod: Illusion disguises the Pokémon's true level\n|\n|t:|1770735188\n|teamsize|p1|6\n|teamsize|p2|6\n|start\n|switch|p1a: Minun|Minun, L93, M|262/262\n|switch|p2a: Regigigas|Regigigas, L84|322/322\n|-start|p2a: Regigigas|ability: Slow Start\n|turn|1\n|inactive|Battle timer is ON: inactive players will automatically lose when time's up. (requested by arboretums)\n|\n|t:|1770735207\n|move|p1a: Minun|Substitute|p1a: Minun\n|-start|p1a: Minun|Substitute\n|-damage|p1a: Minun|197/262\n|move|p2a: Regigigas|Knock Off|p1a: Minun\n|-end|p1a: Minun|Substitute\n|\n|-heal|p1a: Minun|213/262|[from] item: Leftovers\n|upkeep\n|turn|2\n|\n|t:|1770735212\n|switch|p1a: Electrode|Electrode, L88|249/249\n|move|p2a: Regigigas|Knock Off|p1a: Electrode\n|-damage|p1a: Electrode|186/249\n|-enditem|p1a: Electrode|Leftovers|[from] move: Knock Off|[of] p2a: Regigigas\n|\n|upkeep\n|turn|3\n|\n|t:|1770735226\n|move|p1a: Electrode|Thunder Wave|p2a: Regigigas\n|-status|p2a: Regigigas|par\n|move|p2a: Regigigas|Return|p1a: Electrode\n|-damage|p1a: Electrode|101/249\n|\n|upkeep\n|turn|4\n|\n|t:|1770735230\n|move|p1a: Electrode|Volt Switch|p2a: Regigigas\n|-crit|p2a: Regigigas\n|-damage|p2a: Regigigas|232/322 par\n|\n|t:|1770735236\n|switch|p1a: Honchkrow|Honchkrow, L82, M|298/298|[from] Volt Switch\n|cant|p2a: Regigigas|par\n|\n|-heal|p2a: Regigigas|252/322 par|[from] item: Leftovers\n|upkeep\n|turn|5\n|inactive|av_goy has 120 seconds left.\n|\n|t:|1770735277\n|move|p1a: Honchkrow|Brave Bird|p2a: Regigigas\n|-damage|p2a: Regigigas|95/322 par\n|-damage|p1a: Honchkrow|246/298|[from] Recoil\n|-damage|p1a: Honchkrow|217/298|[from] item: Life Orb\n|cant|p2a: Regigigas|par\n|\n|-heal|p2a: Regigigas|115/322 par|[from] item: Leftovers\n|-end|p2a: Regigigas|Slow Start\n|upkeep\n|turn|6\n|\n|t:|1770735296\n|move|p1a: Honchkrow|Brave Bird|p2a: Regigigas\n|-damage|p2a: Regigigas|0 fnt\n|faint|p2a: Regigigas\n|-ability|p1a: Honchkrow|Moxie|boost\n|-boost|p1a: Honchkrow|atk|1\n|-damage|p1a: Honchkrow|179/298|[from] Recoil\n|-damage|p1a: Honchkrow|150/298|[from] item: Life Orb\n|\n|upkeep\n|\n|t:|1770735305\n|switch|p2a: Hydreigon|Hydreigon, L80, M|278/278\n|turn|7\n|inactive|arboretums has 120 seconds left.\n|\n|t:|1770735337\n|switch|p1a: Mesprit|Mesprit, L85|275/275\n|move|p2a: Hydreigon|Draco Meteor|p1a: Mesprit\n|-damage|p1a: Mesprit|114/275\n|-unboost|p2a: Hydreigon|spa|2\n|-damage|p2a: Hydreigon|251/278|[from] item: Life Orb\n|\n|-heal|p1a: Mesprit|131/275|[from] item: Leftovers\n|upkeep\n|turn|8\n|\n|t:|1770735342\n|move|p2a: Hydreigon|U-turn|p1a: Mesprit\n|-supereffective|p1a: Mesprit\n|-damage|p1a: Mesprit|27/275\n|-damage|p2a: Hydreigon|224/278|[from] item: Life Orb\n|\n|t:|1770735352\n|switch|p2a: Castform|Castform, L97, F|293/293|[from] U-turn\n|move|p1a: Mesprit|Thunder Wave|p2a: Castform\n|-status|p2a: Castform|par\n|\n|-heal|p1a: Mesprit|44/275|[from] item: Leftovers\n|upkeep\n|turn|9\n|\n|t:|1770735357\n|move|p1a: Mesprit|Stealth Rock|p2a: Castform\n|-sidestart|p2: av_goy|move: Stealth Rock\n|move|p2a: Castform|Return|p1a: Mesprit\n|-damage|p1a: Mesprit|0 fnt\n|faint|p1a: Mesprit\n|\n|upkeep\n|\n|t:|1770735363\n|switch|p1a: Stantler|Stantler, L90, M|277/277\n|-ability|p1a: Stantler|Intimidate|boost\n|-unboost|p2a: Castform|atk|1\n|turn|10\n|\n|t:|1770735371\n|move|p1a: Stantler|Jump Kick|p2a: Castform\n|-supereffective|p2a: Castform\n|-damage|p2a: Castform|61/293 par\n|move|p2a: Castform|Thunder Wave|p1a: Stantler\n|-status|p1a: Stantler|par\n|\n|-heal|p2a: Castform|79/293 par|[from] item: Leftovers\n|upkeep\n|turn|11\n|\n|t:|1770735383\n|switch|p2a: Vaporeon|Vaporeon, L84, M|356/356\n|-damage|p2a: Vaporeon|312/356|[from] Stealth Rock\n|move|p1a: Stantler|Jump Kick|p2a: Vaporeon\n|-damage|p2a: Vaporeon|155/356\n|\n|-heal|p2a: Vaporeon|177/356|[from] item: Leftovers\n|upkeep\n|turn|12\n|\n|t:|1770735389\n|switch|p1a: Electrode|Electrode, L88|101/249\n|move|p2a: Vaporeon|Protect||[still]\n|-fail|p2a: Vaporeon\n|\n|-heal|p2a: Vaporeon|199/356|[from] item: Leftovers\n|upkeep\n|turn|13\n|\n|t:|1770735397\n|move|p1a: Electrode|Volt Switch|p2a: Vaporeon\n|-supereffective|p2a: Vaporeon\n|-damage|p2a: Vaporeon|65/356\n|\n|t:|1770735401\n|switch|p1a: Minun|Minun, L93, M|213/262|[from] Volt Switch\n|move|p2a: Vaporeon|Wish|p2a: Vaporeon\n|\n|-heal|p1a: Minun|229/262|[from] item: Leftovers\n|-heal|p2a: Vaporeon|87/356|[from] item: Leftovers\n|upkeep\n|turn|14\n|\n|t:|1770735421\n|switch|p2a: Hydreigon|Hydreigon, L80, M|224/278\n|-damage|p2a: Hydreigon|190/278|[from] Stealth Rock\n|move|p1a: Minun|Nasty Plot|p1a: Minun\n|-boost|p1a: Minun|spa|2\n|\n|-heal|p2a: Hydreigon|278/278|[from] move: Wish|[wisher] Vaporeon\n|-heal|p1a: Minun|245/262|[from] item: Leftovers\n|upkeep\n|turn|15\n|\n|t:|1770735426\n|move|p1a: Minun|Hidden Power|p2a: Hydreigon\n|-supereffective|p2a: Hydreigon\n|-damage|p2a: Hydreigon|104/278\n|move|p2a: Hydreigon|Dark Pulse|p1a: Minun\n|-damage|p1a: Minun|138/262\n|-damage|p2a: Hydreigon|77/278|[from] item: Life Orb\n|\n|-heal|p1a: Minun|154/262|[from] item: Leftovers\n|upkeep\n|turn|16\n|\n|t:|1770735431\n|move|p1a: Minun|Thunderbolt|p2a: Hydreigon\n|-resisted|p2a: Hydreigon\n|-damage|p2a: Hydreigon|0 fnt\n|faint|p2a: Hydreigon\n|\n|-heal|p1a: Minun|170/262|[from] item: Leftovers\n|upkeep\n|\n|t:|1770735436\n|switch|p2a: Togekiss|Togekiss, L79, F|263/263\n|-damage|p2a: Togekiss|198/263|[from] Stealth Rock\n|turn|17\n|\n|t:|1770735440\n|move|p2a: Togekiss|Dazzling Gleam|p1a: Minun\n|-damage|p1a: Minun|89/262\n|move|p1a: Minun|Thunderbolt|p2a: Togekiss\n|-supereffective|p2a: Togekiss\n|-damage|p2a: Togekiss|0 fnt\n|faint|p2a: Togekiss\n|\n|-heal|p1a: Minun|105/262|[from] item: Leftovers\n|upkeep\n|\n|t:|1770735443\n|switch|p2a: Castform|Castform, L97, F|79/293 par\n|-damage|p2a: Castform|43/293 par|[from] Stealth Rock\n|turn|18\n|\n|t:|1770735445\n|move|p1a: Minun|Thunderbolt|p2a: Castform\n|-damage|p2a: Castform|0 fnt\n|faint|p2a: Castform\n|\n|-heal|p1a: Minun|121/262|[from] item: Leftovers\n|upkeep\n|-message|av_goy forfeited.\n|\n|win|arboretums\n|raw|arboretums's rating: 1541 &rarr; <strong>1562</strong><br />(+21 for winning)\n|raw|av_goy's rating: 1552 &rarr; <strong>1531</strong><br />(-21 for losing)\n|l|☆av_goy\n|player|p2|\n", "inputlog": ">version ccdc32dd7cde25fd9e4bed64820e885f66e78a4e\n>start {\"formatid\":\"gen6randombattle\",\"seed\":\"sodium,7acaa93cbaf82eaf94b9b1e5987628b0\",\"rated\":\"Rated battle\"}\n>player p1 {\"name\":\"arboretums\",\"avatar\":\"serena-masters2\",\"rating\":1541,\"seed\":\"sodium,42f34f1d6f7af39f416e9b7425cd7f44\"}\n>player p2 {\"name\":\"av_goy\",\"avatar\":\"unknown\",\"rating\":1552,\"seed\":\"sodium,670ee89cd9dbcb78ddd5c73a16e84f1e\"}\n>p1 move substitute\n>p2 move knockoff\n>p1 switch 6\n>p2 move knockoff\n>p1 move thunderwave\n>p2 move return\n>p1 move voltswitch\n>p2 move drainpunch\n>p1 switch 5\n>p1 move bravebird\n>p2 move thunderwave\n>p1 move bravebird\n>p2 move thunderwave\n>p2 switch 6\n>p1 switch 2\n>p2 move dracometeor\n>p1 move thunderwave\n>p2 move uturn\n>p2 switch 4\n>p1 move stealthrock\n>p2 move return\n>p1 switch 3\n>p1 move jumpkick\n>p2 move thunderwave\n>p1 move jumpkick\n>p2 switch 2\n>p1 switch 5\n>p2 move protect\n>p1 move voltswitch\n>p2 move wish\n>p1 switch 6\n>p1 move nastyplot\n>p2 switch 4\n>p1 move hiddenpower\n>p2 move darkpulse\n>p1 move thunderbolt\n>p2 move darkpulse\n>p2 switch 5\n>p1 move thunderbolt\n>p2 move dazzlinggleam\n>p2 switch 2\n>p1 move thunderbolt\n>p2 move return\n>forcelose p2", "uploadtime": 1770735451, "views": 217, "formatid": "gen6randombattle", "rating": 1531, "private": 0, "password": null}