{"id": "gen6randombattle-2522738202", "format": "[Gen 6] Random Battle", "players": ["Te$la", "arboretums"], "log": "|j|☆Te$la\n|j|☆arboretums\n|t:|1768939401\n|gametype|singles\n|player|p1|Te$la|265|1715\n|player|p2|arboretums|serena-masters2|1622\n|gen|6\n|tier|[Gen 6] Random Battle\n|rated|\n|rule|Sleep Clause Mod: Limit one foe put to sleep\n|rule|HP Percentage Mod: HP is shown in percentages\n|rule|Illusion Level Mod: Illusion disguises the Pokémon's true level\n|\n|t:|1768939401\n|teamsize|p1|6\n|teamsize|p2|6\n|start\n|switch|p1a: Kyurem|Kyurem, L78|323/323\n|switch|p2a: Bisharp|Bisharp, L79, M|232/232\n|-ability|p1a: Kyurem|Pressure\n|turn|1\n|inactive|Battle timer is ON: inactive players will automatically lose when time's up. (requested by Te$la)\n|\n|t:|1768939429\n|switch|p1a: Castform|Castform, L97, F|293/293\n|switch|p2a: Vespiquen|Vespiquen, F|301/301\n|-ability|p2a: Vespiquen|Pressure\n|\n|upkeep\n|turn|2\n|\n|t:|1768939441\n|switch|p1a: Scizor|Scizor, L74, F|226/226\n|move|p2a: Vespiquen|Toxic|p1a: Scizor\n|-immune|p1a: Scizor\n|\n|upkeep\n|turn|3\n|\n|t:|1768939451\n|switch|p2a: Bisharp|Bisharp, L79, M|232/232\n|detailschange|p1a: Scizor|Scizor-Mega, L74, F\n|-mega|p1a: Scizor|Scizor|Scizorite\n|move|p1a: Scizor|Swords Dance|p1a: Scizor\n|-boost|p1a: Scizor|atk|2\n|\n|upkeep\n|turn|4\n|\n|t:|1768939464\n|switch|p2a: Vespiquen|Vespiquen, F|301/301\n|-ability|p2a: Vespiquen|Pressure\n|move|p1a: Scizor|Swords Dance|p1a: Scizor\n|-boost|p1a: Scizor|atk|2\n|\n|upkeep\n|turn|5\n|\n|t:|1768939472\n|move|p1a: Scizor|Knock Off|p2a: Vespiquen\n|-damage|p2a: Vespiquen|131/301\n|-enditem|p2a: Vespiquen|Leftovers|[from] move: Knock Off|[of] p1a: Scizor\n|move|p2a: Vespiquen|Air Slash|p1a: Scizor\n|-damage|p1a: Scizor|126/226\n|\n|upkeep\n|turn|6\n|\n|t:|1768939480\n|switch|p2a: Bisharp|Bisharp, L79, M|232/232\n|move|p1a: Scizor|Bullet Punch|p2a: Bisharp\n|-resisted|p2a: Bisharp\n|-damage|p2a: Bisharp|139/232\n|\n|upkeep\n|turn|7\n|\n|t:|1768939492\n|move|p1a: Scizor|Bullet Punch|p2a: Bisharp\n|-resisted|p2a: Bisharp\n|-damage|p2a: Bisharp|31/232\n|move|p2a: Bisharp|Pursuit|p1a: Scizor\n|-damage|p1a: Scizor|80/226\n|\n|upkeep\n|turn|8\n|\n|t:|1768939498\n|move|p2a: Bisharp|Sucker Punch|p1a: Scizor\n|-damage|p1a: Scizor|1/226\n|move|p1a: Scizor|Bullet Punch|p2a: Bisharp\n|-resisted|p2a: Bisharp\n|-damage|p2a: Bisharp|0 fnt\n|faint|p2a: Bisharp\n|\n|upkeep\n|\n|t:|1768939508\n|switch|p2a: Dialga|Dialga, L73|266/266\n|-ability|p2a: Dialga|Pressure\n|turn|9\n|\n|t:|1768939536\n|move|p1a: Scizor|Bullet Punch|p2a: Dialga\n|-resisted|p2a: Dialga\n|-damage|p2a: Dialga|171/266\n|move|p2a: Dialga|Flash Cannon|p1a: Scizor\n|-resisted|p1a: Scizor\n|-damage|p1a: Scizor|0 fnt\n|faint|p1a: Scizor\n|detailschange|p1: Scizor|Scizor, L74, F|[silent]\n|\n|-heal|p2a: Dialga|187/266|[from] item: Leftovers\n|upkeep\n|inactive|Te$la has 120 seconds left.\n|\n|t:|1768939575\n|switch|p1a: Mightyena|Mightyena, L93, M|281/281\n|-ability|p1a: Mightyena|Intimidate|boost\n|-unboost|p2a: Dialga|atk|1\n|turn|10\n|\n|t:|1768939580\n|move|p1a: Mightyena|Crunch|p2a: Dialga\n|-damage|p2a: Dialga|58/266\n|move|p2a: Dialga|Draco Meteor|p1a: Mightyena\n|-damage|p1a: Mightyena|115/281\n|-unboost|p2a: Dialga|spa|2\n|\n|-heal|p2a: Dialga|74/266|[from] item: Leftovers\n|upkeep\n|turn|11\n|\n|t:|1768939587\n|switch|p2a: Vespiquen|Vespiquen, F|131/301\n|-ability|p2a: Vespiquen|Pressure\n|move|p1a: Mightyena|Crunch|p2a: Vespiquen\n|-damage|p2a: Vespiquen|29/301\n|\n|upkeep\n|turn|12\n|\n|t:|1768939593\n|move|p1a: Mightyena|Crunch|p2a: Vespiquen\n|-damage|p2a: Vespiquen|0 fnt\n|faint|p2a: Vespiquen\n|\n|upkeep\n|\n|t:|1768939602\n|switch|p2a: Furret|Furret, L93, M|309/309\n|-item|p1a: Mightyena|Choice Band|[from] ability: Frisk|[of] p2a: Furret\n|turn|13\n|\n|t:|1768939616\n|move|p2a: Furret|U-turn|p1a: Mightyena\n|-supereffective|p1a: Mightyena\n|-damage|p1a: Mightyena|0 fnt\n|faint|p1a: Mightyena\n|\n|t:|1768939620\n|switch|p2a: Dialga|Dialga, L73|74/266|[from] U-turn\n|-ability|p2a: Dialga|Pressure\n|\n|-heal|p2a: Dialga|90/266|[from] item: Leftovers\n|upkeep\n|inactive|Te$la has 120 seconds left.\n|\n|t:|1768939635\n|switch|p1a: Kyurem|Kyurem, L78|323/323\n|-ability|p1a: Kyurem|Pressure\n|turn|14\n|\n|t:|1768939647\n|move|p1a: Kyurem|Ice Beam|p2a: Dialga\n|-damage|p2a: Dialga|0 fnt\n|faint|p2a: Dialga\n|\n|upkeep\n|\n|t:|1768939654\n|switch|p2a: Furret|Furret, L93, M|309/309\n|-item|p1a: Kyurem|Leftovers|[from] ability: Frisk|[of] p2a: Furret\n|turn|15\n|\n|t:|1768939662\n|move|p2a: Furret|Double-Edge|p1a: Kyurem\n|-crit|p1a: Kyurem\n|-damage|p1a: Kyurem|0 fnt\n|faint|p1a: Kyurem\n|-damage|p2a: Furret|202/309|[from] Recoil\n|\n|upkeep\n|\n|t:|1768939670\n|switch|p1a: Castform|Castform, L97, F|293/293\n|turn|16\n|\n|t:|1768939672\n|move|p2a: Furret|Double-Edge|p1a: Castform\n|-damage|p1a: Castform|106/293\n|-damage|p2a: Furret|140/309|[from] Recoil\n|move|p1a: Castform|Thunder Wave|p2a: Furret\n|-status|p2a: Furret|par\n|\n|-heal|p1a: Castform|124/293|[from] item: Leftovers\n|upkeep\n|turn|17\n|\n|t:|1768939680\n|move|p1a: Castform|Return|p2a: Furret\n|-crit|p2a: Furret\n|-damage|p2a: Furret|0 fnt\n|faint|p2a: Furret\n|\n|-heal|p1a: Castform|142/293|[from] item: Leftovers\n|upkeep\n|\n|t:|1768939683\n|switch|p2a: Deoxys|Deoxys, L74|196/196\n|-ability|p2a: Deoxys|Pressure\n|turn|18\n|\n|t:|1768939694\n|move|p2a: Deoxys|Superpower|p1a: Castform\n|-supereffective|p1a: Castform\n|-damage|p1a: Castform|0 fnt\n|-unboost|p2a: Deoxys|atk|1\n|-unboost|p2a: Deoxys|def|1\n|faint|p1a: Castform\n|-damage|p2a: Deoxys|177/196|[from] item: Life Orb\n|\n|upkeep\n|\n|t:|1768939704\n|switch|p1a: Floatzel|Floatzel, L86, M|286/286\n|turn|19\n|\n|t:|1768939708\n|move|p2a: Deoxys|Psycho Boost|p1a: Floatzel\n|-damage|p1a: Floatzel|0 fnt\n|-unboost|p2a: Deoxys|spa|2\n|faint|p1a: Floatzel\n|-damage|p2a: Deoxys|158/196|[from] item: Life Orb\n|\n|upkeep\n|\n|t:|1768939713\n|switch|p1a: Victini|Victini, L77|281/281\n|turn|20\n|\n|t:|1768939719\n|switch|p2a: Goodra|Goodra, L85, M|292/292\n|move|p1a: Victini|Bolt Strike|p2a: Goodra\n|-resisted|p2a: Goodra\n|-damage|p2a: Goodra|246/292\n|\n|upkeep\n|turn|21\n|\n|t:|1768939729\n|move|p1a: Victini|Psychic|p2a: Goodra\n|-crit|p2a: Goodra\n|-damage|p2a: Goodra|195/292\n|move|p2a: Goodra|Earthquake|p1a: Victini\n|-supereffective|p1a: Victini\n|-damage|p1a: Victini|139/281\n|\n|upkeep\n|turn|22\n|\n|t:|1768939735\n|move|p1a: Victini|V-create|p2a: Goodra\n|-resisted|p2a: Goodra\n|-damage|p2a: Goodra|102/292\n|-unboost|p1a: Victini|spe|1\n|-unboost|p1a: Victini|def|1\n|-unboost|p1a: Victini|spd|1\n|move|p2a: Goodra|Earthquake|p1a: Victini\n|-supereffective|p1a: Victini\n|-damage|p1a: Victini|0 fnt\n|faint|p1a: Victini\n|\n|win|arboretums\n|raw|Te$la's rating: 1715 &rarr; <strong>1690</strong><br />(-25 for losing)\n|raw|arboretums's rating: 1622 &rarr; <strong>1647</strong><br />(+25 for winning)\n", "inputlog": ">version 3bd1a1e329da8d286644078cfc9a9638fc7ea025\n>start {\"formatid\":\"gen6randombattle\",\"seed\":\"sodium,3e4cd352bce07bbe6b5fcf0ca624722a\",\"rated\":\"Rated battle\"}\n>player p1 {\"name\":\"Te$la\",\"avatar\":\"265\",\"rating\":1715,\"seed\":\"sodium,2b3ec73eb9bf8232ff9a4218429e0ed2\"}\n>player p2 {\"name\":\"arboretums\",\"avatar\":\"serena-masters2\",\"rating\":1622,\"seed\":\"sodium,211cee404194ee0cd254a0278ea69fc3\"}\n>p1 switch 2\n>p2 switch 2\n>p1 switch 6\n>p2 move toxic\n>p1 move swordsdance mega\n>p2 switch 2\n>p1 move swordsdance\n>p2 switch 2\n>p1 move knockoff\n>p2 move airslash\n>p1 move bulletpunch\n>p2 switch 2\n>p1 move bulletpunch\n>p2 move pursuit\n>p1 move bulletpunch\n>p2 move suckerpunch\n>p2 switch 3\n>p1 move bulletpunch\n>p2 move flashcannon\n>p1 switch 5\n>p1 move crunch\n>p2 move dracometeor\n>p1 move crunch\n>p2 switch 2\n>p1 move crunch\n>p2 move airslash\n>p2 switch 4\n>p1 move crunch\n>p2 move uturn\n>p2 switch 2\n>p1 switch 2\n>p1 move icebeam\n>p2 move dracometeor\n>p2 switch 2\n>p1 move outrage\n>p2 move doubleedge\n>p1 switch 6\n>p1 move thunderwave\n>p2 move doubleedge\n>p1 move return\n>p2 move doubleedge\n>p2 switch 5\n>p1 move thunderwave\n>p2 move superpower\n>p1 switch 4\n>p1 move waterfall\n>p2 move psychoboost\n>p1 switch 3\n>p1 move boltstrike\n>p2 switch 6\n>p1 move psychic\n>p2 move earthquake\n>p1 move vcreate\n>p2 move earthquake", "uploadtime": 1768939737, "views": 303, "formatid": "gen6randombattle", "rating": 1647, "private": 0, "password": null}