{"id": "gen6randombattle-2517264090", "format": "[Gen 6] Random Battle", "players": ["portwise23", "Duccman"], "log": "|j|☆portwise23\n|j|☆Duccman\n|t:|1768244405\n|gametype|singles\n|player|p1|portwise23|guitarist|1483\n|player|p2|Duccman|169|1549\n|gen|6\n|tier|[Gen 6] Random Battle\n|rated|\n|rule|Sleep Clause Mod: Limit one foe put to sleep\n|rule|HP Percentage Mod: HP is shown in percentages\n|rule|Illusion Level Mod: Illusion disguises the Pokémon's true level\n|\n|t:|1768244405\n|teamsize|p1|6\n|teamsize|p2|6\n|start\n|switch|p1a: Mienshao|Mienshao, L81, M|237/237\n|switch|p2a: Marowak|Marowak, L88, M|249/249\n|turn|1\n|inactive|Battle timer is ON: inactive players will automatically lose when time's up. (requested by portwise23)\n|l|☆Duccman\n|inactive|Duccman disconnected and has a minute to reconnect!\n|player|p2|\n|j|☆Duccman\n|inactive|Duccman reconnected and has 135 seconds left.\n|player|p2|Duccman|169|\n|\n|t:|1768244426\n|move|p1a: Mienshao|Knock Off|p2a: Marowak\n|-damage|p2a: Marowak|155/249\n|-enditem|p2a: Marowak|Thick Club|[from] move: Knock Off|[of] p1a: Mienshao\n|move|p2a: Marowak|Earthquake|p1a: Mienshao\n|-damage|p1a: Mienshao|110/237\n|\n|upkeep\n|turn|2\n|\n|t:|1768244434\n|switch|p1a: Gliscor|Gliscor, L77, M|242/242\n|move|p2a: Marowak|Knock Off|p1a: Gliscor\n|-damage|p1a: Gliscor|191/242\n|-enditem|p1a: Gliscor|Toxic Orb|[from] move: Knock Off|[of] p2a: Marowak\n|\n|upkeep\n|turn|3\n|c|☆portwise23|>:(\n|\n|t:|1768244452\n|move|p1a: Gliscor|Toxic|p2a: Marowak\n|-status|p2a: Marowak|tox\n|move|p2a: Marowak|Swords Dance|p2a: Marowak\n|-boost|p2a: Marowak|atk|2\n|\n|-damage|p2a: Marowak|140/249 tox|[from] psn\n|upkeep\n|turn|4\n|\n|t:|1768244456\n|move|p1a: Gliscor|Substitute|p1a: Gliscor\n|-start|p1a: Gliscor|Substitute\n|-damage|p1a: Gliscor|131/242\n|move|p2a: Marowak|Stone Edge|p1a: Gliscor\n|-end|p1a: Gliscor|Substitute\n|\n|-damage|p2a: Marowak|110/249 tox|[from] psn\n|upkeep\n|turn|5\n|\n|t:|1768244465\n|move|p1a: Gliscor|Protect|p1a: Gliscor\n|-singleturn|p1a: Gliscor|Protect\n|move|p2a: Marowak|Stone Edge|p1a: Gliscor\n|-activate|p1a: Gliscor|move: Protect\n|\n|-damage|p2a: Marowak|65/249 tox|[from] psn\n|upkeep\n|turn|6\n|\n|t:|1768244469\n|move|p1a: Gliscor|Earthquake|p2a: Marowak\n|-damage|p2a: Marowak|0 fnt\n|faint|p2a: Marowak\n|\n|upkeep\n|\n|t:|1768244488\n|switch|p2a: Leafeon|Leafeon, L87, M|255/255\n|turn|7\n|\n|t:|1768244493\n|switch|p1a: Simisear|Simisear, L88, F|275/275\n|move|p2a: Leafeon|Substitute|p2a: Leafeon\n|-start|p2a: Leafeon|Substitute\n|-damage|p2a: Leafeon|192/255\n|\n|-heal|p2a: Leafeon|207/255|[from] item: Leftovers\n|upkeep\n|turn|8\n|\n|t:|1768244496\n|move|p1a: Simisear|Fire Blast|p2a: Leafeon|[miss]\n|-miss|p1a: Simisear|p2a: Leafeon\n|move|p2a: Leafeon|Knock Off|p1a: Simisear\n|-damage|p1a: Simisear|180/275\n|-enditem|p1a: Simisear|Leftovers|[from] move: Knock Off|[of] p2a: Leafeon\n|\n|-heal|p2a: Leafeon|222/255|[from] item: Leftovers\n|upkeep\n|turn|9\n|\n|t:|1768244502\n|move|p1a: Simisear|Fire Blast|p2a: Leafeon|[miss]\n|-miss|p1a: Simisear|p2a: Leafeon\n|move|p2a: Leafeon|Knock Off|p1a: Simisear\n|-damage|p1a: Simisear|113/275\n|\n|-heal|p2a: Leafeon|237/255|[from] item: Leftovers\n|upkeep\n|turn|10\n|\n|t:|1768244505\n|move|p1a: Simisear|Fire Blast|p2a: Leafeon|[miss]\n|-miss|p1a: Simisear|p2a: Leafeon\n|move|p2a: Leafeon|Knock Off|p1a: Simisear\n|-damage|p1a: Simisear|52/275\n|\n|-heal|p2a: Leafeon|252/255|[from] item: Leftovers\n|upkeep\n|turn|11\n|c|☆portwise23|dawg\n|c|☆Duccman|Omg\n|c|☆Duccman|I’m sorry bro\n|c|☆portwise23|lmao\n|c|☆Duccman|I feel dat fr\n|\n|t:|1768244520\n|move|p1a: Simisear|Fire Blast|p2a: Leafeon|[miss]\n|-miss|p1a: Simisear|p2a: Leafeon\n|move|p2a: Leafeon|Knock Off|p1a: Simisear\n|-damage|p1a: Simisear|0 fnt\n|faint|p1a: Simisear\n|\n|-heal|p2a: Leafeon|255/255|[from] item: Leftovers\n|upkeep\n|c|☆portwise23|holy mother of accuracy\n|\n|t:|1768244544\n|switch|p1a: Vigoroth|Vigoroth, L88, F|284/284\n|turn|12\n|c|☆Duccman|that's crazy\n|c|☆Duccman|simisear shooting straight blanks\n|\n|t:|1768244555\n|move|p2a: Leafeon|Swords Dance|p2a: Leafeon\n|-boost|p2a: Leafeon|atk|2\n|move|p1a: Vigoroth|Return|p2a: Leafeon\n|-end|p2a: Leafeon|Substitute\n|\n|upkeep\n|turn|13\n|c|☆portwise23|simisear literally can't hit a target that is 2 feet in front of him\n|\n|t:|1768244576\n|move|p2a: Leafeon|Knock Off|p1a: Vigoroth\n|-crit|p1a: Vigoroth\n|-damage|p1a: Vigoroth|119/284\n|-enditem|p1a: Vigoroth|Eviolite|[from] move: Knock Off|[of] p2a: Leafeon\n|move|p1a: Vigoroth|Return|p2a: Leafeon\n|-damage|p2a: Leafeon|180/255\n|\n|-heal|p2a: Leafeon|195/255|[from] item: Leftovers\n|upkeep\n|turn|14\n|\n|t:|1768244583\n|move|p2a: Leafeon|Leaf Blade|p1a: Vigoroth\n|-damage|p1a: Vigoroth|0 fnt\n|faint|p1a: Vigoroth\n|\n|-heal|p2a: Leafeon|210/255|[from] item: Leftovers\n|upkeep\n|\n|t:|1768244590\n|switch|p1a: Mienshao|Mienshao, L81, M|110/237\n|turn|15\n|\n|t:|1768244592\n|move|p1a: Mienshao|High Jump Kick|p2a: Leafeon\n|-damage|p2a: Leafeon|6/255\n|move|p2a: Leafeon|Leaf Blade|p1a: Mienshao\n|-damage|p1a: Mienshao|0 fnt\n|faint|p1a: Mienshao\n|\n|-heal|p2a: Leafeon|21/255|[from] item: Leftovers\n|upkeep\n|\n|t:|1768244599\n|switch|p1a: Shuckle|Shuckle, L84, M|171/171\n|turn|16\n|\n|t:|1768244601\n|move|p2a: Leafeon|Leaf Blade|p1a: Shuckle\n|-damage|p1a: Shuckle|78/171\n|move|p1a: Shuckle|Knock Off|p2a: Leafeon\n|-damage|p2a: Leafeon|5/255\n|-enditem|p2a: Leafeon|Leftovers|[from] move: Knock Off|[of] p1a: Shuckle\n|\n|upkeep\n|turn|17\n|\n|t:|1768244606\n|move|p2a: Leafeon|Leaf Blade|p1a: Shuckle\n|-damage|p1a: Shuckle|0 fnt\n|faint|p1a: Shuckle\n|\n|upkeep\n|\n|t:|1768244609\n|switch|p1a: Spinda|Spinda, L97, M|273/273\n|turn|18\n|\n|t:|1768244613\n|move|p2a: Leafeon|Leaf Blade|p1a: Spinda\n|-crit|p1a: Spinda\n|-damage|p1a: Spinda|0 fnt\n|faint|p1a: Spinda\n|\n|upkeep\n|c|☆portwise23|welp\n|c|☆portwise23|thanks simisear\n|\n|t:|1768244621\n|switch|p1a: Gliscor|Gliscor, L77, M|131/242\n|turn|19\n|c|☆Duccman|bro I’m sorry that was horrendous\n|c|☆Duccman|lemme bless yo day\n|inactive|Duccman has 120 seconds left.\n|-message|Duccman forfeited.\n|\n|win|portwise23\n|raw|portwise23's rating: 1483 &rarr; <strong>1507</strong><br />(+24 for winning)\n|raw|Duccman's rating: 1549 &rarr; <strong>1525</strong><br />(-24 for losing)\n|l|☆Duccman\n|player|p2|\n", "inputlog": ">version f2883557ca71b1a14bc1039fd307aee7de4ab455\n>start {\"formatid\":\"gen6randombattle\",\"seed\":\"sodium,d23940c2a12a5015df6864034f3ba59b\",\"rated\":\"Rated battle\"}\n>player p1 {\"name\":\"portwise23\",\"avatar\":\"guitarist\",\"rating\":1483,\"seed\":\"sodium,f9c12886b3a69df1297f0b61603f7656\"}\n>player p2 {\"name\":\"Duccman\",\"avatar\":\"169\",\"rating\":1549,\"seed\":\"sodium,336ab0bc14629b2023dfad83a16f324c\"}\n>p1 move knockoff\n>p2 move earthquake\n>p1 switch 6\n>p2 move knockoff\n>chat ☆portwise23|>:(\n>p1 move toxic\n>p2 move swordsdance\n>p1 move substitute\n>p2 move stoneedge\n>p1 move protect\n>p2 move stoneedge\n>p1 move earthquake\n>p2 move knockoff\n>p2 switch 6\n>p1 switch 3\n>p2 move substitute\n>p1 move fireblast\n>p2 move knockoff\n>p1 move fireblast\n>p2 move knockoff\n>p1 move fireblast\n>p2 move knockoff\n>chat ☆portwise23|dawg\n>chat ☆Duccman|Omg \n>chat ☆Duccman|I’m sorry bro\n>chat ☆portwise23|lmao\n>chat ☆Duccman|I feel dat fr\n>p1 move fireblast\n>p2 move knockoff\n>chat ☆portwise23|holy mother of accuracy\n>p1 switch 2\n>chat ☆Duccman|that's crazy \n>chat ☆Duccman|simisear shooting straight blanks \n>p1 move return\n>p2 move swordsdance\n>chat ☆portwise23|simisear literally can't hit a target that is 2 feet in front of him\n>p1 move return\n>p2 move knockoff\n>p1 move return\n>p2 move leafblade\n>p1 switch 6\n>p1 move highjumpkick\n>p2 move leafblade\n>p1 switch 4\n>p1 move knockoff\n>p2 move leafblade\n>p1 move knockoff\n>p2 move leafblade\n>p1 switch 5\n>p1 move return\n>p2 move leafblade\n>chat ☆portwise23|welp\n>chat ☆portwise23|thanks simisear\n>p1 switch 3\n>chat ☆Duccman|bro I’m sorry that was horrendous \n>chat ☆Duccman|lemme bless yo day\n>forcelose p2", "uploadtime": 1768244710, "views": 221, "formatid": "gen6randombattle", "rating": 1507, "private": 0, "password": null}