{"id": "gen6randombattle-2531810479", "format": "[Gen 6] Random Battle", "players": ["CryCh!c", "I never run good"], "log": "|j|☆CryCh!c\n|j|☆I never run good\n|t:|1770102942\n|gametype|singles\n|player|p1|CryCh!c|marley-masters|1661\n|player|p2|I never run good|clerkf|1842\n|gen|6\n|tier|[Gen 6] Random Battle\n|rated|\n|rule|Sleep Clause Mod: Limit one foe put to sleep\n|rule|HP Percentage Mod: HP is shown in percentages\n|rule|Illusion Level Mod: Illusion disguises the Pokémon's true level\n|\n|t:|1770102943\n|teamsize|p1|6\n|teamsize|p2|6\n|start\n|switch|p1a: Lanturn|Lanturn, L86, M|355/355\n|switch|p2a: Wigglytuff|Wigglytuff, L93, M|411/411\n|turn|1\n|inactive|Battle timer is ON: inactive players will automatically lose when time's up. (requested by CryCh!c)\n|\n|t:|1770102997\n|move|p1a: Lanturn|Toxic|p2a: Wigglytuff\n|-status|p2a: Wigglytuff|tox\n|move|p2a: Wigglytuff|Dazzling Gleam|p1a: Lanturn\n|-damage|p1a: Lanturn|250/355\n|\n|-heal|p1a: Lanturn|272/355|[from] item: Leftovers\n|-damage|p2a: Wigglytuff|386/411 tox|[from] psn\n|upkeep\n|turn|2\n|\n|t:|1770103004\n|move|p1a: Lanturn|Thunderbolt|p2a: Wigglytuff\n|-damage|p2a: Wigglytuff|268/411 tox\n|move|p2a: Wigglytuff|Dazzling Gleam|p1a: Lanturn\n|-damage|p1a: Lanturn|175/355\n|\n|-heal|p1a: Lanturn|197/355|[from] item: Leftovers\n|-heal|p2a: Wigglytuff|293/411 tox|[from] item: Leftovers\n|-damage|p2a: Wigglytuff|243/411 tox|[from] psn\n|upkeep\n|turn|3\n|\n|t:|1770103030\n|move|p1a: Lanturn|Thunderbolt|p2a: Wigglytuff\n|-damage|p2a: Wigglytuff|138/411 tox\n|move|p2a: Wigglytuff|Wish|p2a: Wigglytuff\n|\n|-heal|p1a: Lanturn|219/355|[from] item: Leftovers\n|-heal|p2a: Wigglytuff|163/411 tox|[from] item: Leftovers\n|-damage|p2a: Wigglytuff|88/411 tox|[from] psn\n|upkeep\n|turn|4\n|\n|t:|1770103050\n|move|p2a: Wigglytuff|Protect|p2a: Wigglytuff\n|-singleturn|p2a: Wigglytuff|Protect\n|move|p1a: Lanturn|Thunderbolt|p2a: Wigglytuff\n|-activate|p2a: Wigglytuff|move: Protect\n|\n|-heal|p2a: Wigglytuff|293/411 tox|[from] move: Wish|[wisher] Wigglytuff\n|-heal|p1a: Lanturn|241/355|[from] item: Leftovers\n|-heal|p2a: Wigglytuff|318/411 tox|[from] item: Leftovers\n|-damage|p2a: Wigglytuff|218/411 tox|[from] psn\n|upkeep\n|turn|5\n|inactive|I never run good has 120 seconds left.\n|\n|t:|1770103089\n|switch|p2a: Eelektross|Eelektross, L85, M|283/283\n|move|p1a: Lanturn|Toxic|p2a: Eelektross\n|-status|p2a: Eelektross|tox\n|\n|-heal|p1a: Lanturn|263/355|[from] item: Leftovers\n|-damage|p2a: Eelektross|266/283 tox|[from] psn\n|upkeep\n|turn|6\n|\n|t:|1770103096\n|switch|p1a: Nidoqueen|Nidoqueen, L81, F|278/278\n|move|p2a: Eelektross|Knock Off|p1a: Nidoqueen\n|-damage|p1a: Nidoqueen|200/278\n|-enditem|p1a: Nidoqueen|Life Orb|[from] move: Knock Off|[of] p2a: Eelektross\n|\n|-damage|p2a: Eelektross|232/283 tox|[from] psn\n|upkeep\n|turn|7\n|\n|t:|1770103101\n|move|p1a: Nidoqueen|Sludge Wave|p2a: Eelektross\n|-crit|p2a: Eelektross\n|-damage|p2a: Eelektross|132/283 tox\n|move|p2a: Eelektross|U-turn|p1a: Nidoqueen\n|-resisted|p1a: Nidoqueen\n|-damage|p1a: Nidoqueen|169/278\n|\n|t:|1770103108\n|switch|p2a: Grumpig|Grumpig, L92, M|297/297|[from] U-turn\n|\n|upkeep\n|turn|8\n|\n|t:|1770103114\n|switch|p1a: Ledian|Ledian, M|271/271\n|move|p2a: Grumpig|Heal Bell|p2a: Grumpig\n|-activate|p2a: Grumpig|move: Heal Bell\n|-curestatus|p2: Wigglytuff|tox|[msg]\n|-curestatus|p2: Eelektross|tox|[msg]\n|\n|upkeep\n|turn|9\n|\n|t:|1770103120\n|switch|p2a: Giratina|Giratina-Origin, L70|326/326\n|move|p1a: Ledian|Knock Off|p2a: Giratina\n|-supereffective|p2a: Giratina\n|-damage|p2a: Giratina|246/326\n|\n|upkeep\n|turn|10\n|\n|t:|1770103124\n|move|p1a: Ledian|Toxic|p2a: Giratina\n|-status|p2a: Giratina|tox\n|move|p2a: Giratina|Thunder Wave|p1a: Ledian\n|-status|p1a: Ledian|par\n|\n|-damage|p2a: Giratina|226/326 tox|[from] psn\n|upkeep\n|turn|11\n|\n|t:|1770103132\n|switch|p2a: Wigglytuff|Wigglytuff, L93, M|218/411\n|move|p1a: Ledian|Knock Off|p2a: Wigglytuff\n|-resisted|p2a: Wigglytuff\n|-damage|p2a: Wigglytuff|181/411\n|-enditem|p2a: Wigglytuff|Leftovers|[from] move: Knock Off|[of] p1a: Ledian\n|\n|upkeep\n|turn|12\n|\n|t:|1770103136\n|move|p2a: Wigglytuff|Wish|p2a: Wigglytuff\n|move|p1a: Ledian|Toxic|p2a: Wigglytuff\n|-status|p2a: Wigglytuff|tox\n|\n|-damage|p2a: Wigglytuff|156/411 tox|[from] psn\n|upkeep\n|turn|13\n|\n|t:|1770103139\n|switch|p1a: Nidoqueen|Nidoqueen, L81, F|169/278\n|move|p2a: Wigglytuff|Dazzling Gleam|p1a: Nidoqueen\n|-resisted|p1a: Nidoqueen\n|-damage|p1a: Nidoqueen|120/278\n|\n|-heal|p2a: Wigglytuff|361/411 tox|[from] move: Wish|[wisher] Wigglytuff\n|-damage|p2a: Wigglytuff|311/411 tox|[from] psn\n|upkeep\n|turn|14\n|\n|t:|1770103149\n|switch|p1a: Scizor|Scizor, L74, M|226/226\n|switch|p2a: Flygon|Flygon, L83, F|268/268\n|\n|upkeep\n|turn|15\n|\n|t:|1770103161\n|switch|p2a: Jellicent|Jellicent, L85, F|309/309\n|detailschange|p1a: Scizor|Scizor-Mega, L74, M\n|-mega|p1a: Scizor|Scizor|Scizorite\n|move|p1a: Scizor|Superpower|p2a: Jellicent\n|-immune|p2a: Jellicent\n|\n|upkeep\n|turn|16\n|\n|t:|1770103169\n|switch|p1a: Smeargle|Smeargle, L89, F|243/243\n|move|p2a: Jellicent|Scald|p1a: Smeargle\n|-damage|p1a: Smeargle|128/243\n|-status|p1a: Smeargle|brn\n|\n|-damage|p1a: Smeargle|98/243 brn|[from] brn\n|upkeep\n|turn|17\n|\n|t:|1770103180\n|move|p1a: Smeargle|Spikes|p2a: Jellicent\n|-sidestart|p2: I never run good|Spikes\n|move|p2a: Jellicent|Scald|p1a: Smeargle\n|-crit|p1a: Smeargle\n|-damage|p1a: Smeargle|0 fnt\n|faint|p1a: Smeargle\n|\n|upkeep\n|\n|t:|1770103183\n|switch|p1a: Ledian|Ledian, M|271/271 par\n|turn|18\n|\n|t:|1770103192\n|switch|p2a: Wigglytuff|Wigglytuff, L93, M|311/411 tox\n|-damage|p2a: Wigglytuff|260/411 tox|[from] Spikes\n|move|p1a: Ledian|Knock Off|p2a: Wigglytuff\n|-resisted|p2a: Wigglytuff\n|-damage|p2a: Wigglytuff|238/411 tox\n|\n|-damage|p2a: Wigglytuff|213/411 tox|[from] psn\n|upkeep\n|turn|19\n|\n|t:|1770103196\n|move|p2a: Wigglytuff|Wish|p2a: Wigglytuff\n|move|p1a: Ledian|Knock Off|p2a: Wigglytuff\n|-resisted|p2a: Wigglytuff\n|-damage|p2a: Wigglytuff|191/411 tox\n|\n|-damage|p2a: Wigglytuff|141/411 tox|[from] psn\n|upkeep\n|turn|20\n|\n|t:|1770103201\n|move|p2a: Wigglytuff|Dazzling Gleam|p1a: Ledian\n|-damage|p1a: Ledian|205/271 par\n|move|p1a: Ledian|Knock Off|p2a: Wigglytuff\n|-resisted|p2a: Wigglytuff\n|-damage|p2a: Wigglytuff|117/411 tox\n|\n|-heal|p2a: Wigglytuff|322/411 tox|[from] move: Wish|[wisher] Wigglytuff\n|-heal|p1a: Ledian|221/271 par|[from] item: Leftovers\n|-damage|p2a: Wigglytuff|247/411 tox|[from] psn\n|upkeep\n|turn|21\n|\n|t:|1770103205\n|move|p2a: Wigglytuff|Wish|p2a: Wigglytuff\n|move|p1a: Ledian|Knock Off|p2a: Wigglytuff\n|-resisted|p2a: Wigglytuff\n|-damage|p2a: Wigglytuff|225/411 tox\n|\n|-heal|p1a: Ledian|237/271 par|[from] item: Leftovers\n|-damage|p2a: Wigglytuff|125/411 tox|[from] psn\n|upkeep\n|turn|22\n|\n|t:|1770103210\n|switch|p2a: Grumpig|Grumpig, L92, M|297/297\n|-damage|p2a: Grumpig|260/297|[from] Spikes\n|move|p1a: Ledian|Knock Off|p2a: Grumpig\n|-supereffective|p2a: Grumpig\n|-damage|p2a: Grumpig|150/297\n|-enditem|p2a: Grumpig|Leftovers|[from] move: Knock Off|[of] p1a: Ledian\n|\n|-heal|p2a: Grumpig|297/297|[from] move: Wish|[wisher] Wigglytuff\n|-heal|p1a: Ledian|253/271 par|[from] item: Leftovers\n|upkeep\n|turn|23\n|\n|t:|1770103214\n|move|p2a: Grumpig|Heal Bell|p2a: Grumpig\n|-activate|p2a: Grumpig|move: Heal Bell\n|-curestatus|p2: Giratina|tox|[msg]\n|-curestatus|p2: Wigglytuff|tox|[msg]\n|move|p1a: Ledian|Toxic|p2a: Grumpig\n|-status|p2a: Grumpig|tox\n|\n|-heal|p1a: Ledian|269/271 par|[from] item: Leftovers\n|-damage|p2a: Grumpig|279/297 tox|[from] psn\n|upkeep\n|turn|24\n|\n|t:|1770103223\n|switch|p2a: Eelektross|Eelektross, L85, M|132/283\n|move|p1a: Ledian|Knock Off|p2a: Eelektross\n|-damage|p2a: Eelektross|83/283\n|-enditem|p2a: Eelektross|Assault Vest|[from] move: Knock Off|[of] p1a: Ledian\n|\n|-heal|p1a: Ledian|271/271 par|[from] item: Leftovers\n|upkeep\n|turn|25\n|\n|t:|1770103226\n|switch|p1a: Nidoqueen|Nidoqueen, L81, F|120/278\n|move|p2a: Eelektross|U-turn|p1a: Nidoqueen\n|-resisted|p1a: Nidoqueen\n|-damage|p1a: Nidoqueen|92/278\n|\n|t:|1770103229\n|switch|p2a: Flygon|Flygon, L83, F|268/268|[from] U-turn\n|\n|upkeep\n|turn|26\n|\n|t:|1770103234\n|switch|p1a: Scizor|Scizor-Mega, L74, M|226/226\n|move|p2a: Flygon|Earthquake|p1a: Scizor\n|-damage|p1a: Scizor|147/226\n|\n|upkeep\n|turn|27\n|\n|t:|1770103243\n|move|p2a: Flygon|Defog|p1a: Scizor\n|-unboost|p1a: Scizor|evasion|1\n|-sideend|p2: I never run good|Spikes|[from] move: Defog|[of] p2a: Flygon\n|move|p1a: Scizor|Roost|p1a: Scizor\n|-heal|p1a: Scizor|226/226\n|-singleturn|p1a: Scizor|move: Roost\n|\n|upkeep\n|turn|28\n|\n|t:|1770103249\n|switch|p2a: Jellicent|Jellicent, L85, F|309/309\n|switch|p1a: Ledian|Ledian, M|271/271 par\n|\n|upkeep\n|turn|29\n|\n|t:|1770103254\n|switch|p2a: Wigglytuff|Wigglytuff, L93, M|125/411\n|cant|p1a: Ledian|par\n|\n|upkeep\n|turn|30\n|\n|t:|1770103258\n|move|p2a: Wigglytuff|Wish|p2a: Wigglytuff\n|move|p1a: Ledian|Toxic|p2a: Wigglytuff\n|-status|p2a: Wigglytuff|tox\n|\n|-damage|p2a: Wigglytuff|100/411 tox|[from] psn\n|upkeep\n|turn|31\n|\n|t:|1770103262\n|move|p2a: Wigglytuff|Dazzling Gleam|p1a: Ledian\n|-damage|p1a: Ledian|205/271 par\n|move|p1a: Ledian|Knock Off|p2a: Wigglytuff\n|-resisted|p2a: Wigglytuff\n|-damage|p2a: Wigglytuff|77/411 tox\n|\n|-heal|p2a: Wigglytuff|282/411 tox|[from] move: Wish|[wisher] Wigglytuff\n|-heal|p1a: Ledian|221/271 par|[from] item: Leftovers\n|-damage|p2a: Wigglytuff|232/411 tox|[from] psn\n|upkeep\n|turn|32\n|\n|t:|1770103265\n|move|p2a: Wigglytuff|Wish|p2a: Wigglytuff\n|move|p1a: Ledian|Knock Off|p2a: Wigglytuff\n|-resisted|p2a: Wigglytuff\n|-damage|p2a: Wigglytuff|208/411 tox\n|\n|-heal|p1a: Ledian|237/271 par|[from] item: Leftovers\n|-damage|p2a: Wigglytuff|133/411 tox|[from] psn\n|upkeep\n|turn|33\n|\n|t:|1770103269\n|switch|p2a: Giratina|Giratina-Origin, L70|226/326\n|move|p1a: Ledian|Knock Off|p2a: Giratina\n|-supereffective|p2a: Giratina\n|-damage|p2a: Giratina|152/326\n|\n|-heal|p2a: Giratina|326/326|[from] move: Wish|[wisher] Wigglytuff\n|-heal|p1a: Ledian|253/271 par|[from] item: Leftovers\n|upkeep\n|turn|34\n|\n|t:|1770103276\n|move|p2a: Giratina|Hex|p1a: Ledian\n|-damage|p1a: Ledian|150/271 par\n|move|p1a: Ledian|Toxic|p2a: Giratina\n|-status|p2a: Giratina|tox\n|\n|-heal|p1a: Ledian|166/271 par|[from] item: Leftovers\n|-damage|p2a: Giratina|306/326 tox|[from] psn\n|upkeep\n|turn|35\n|\n|t:|1770103281\n|switch|p2a: Grumpig|Grumpig, L92, M|279/297 tox\n|switch|p1a: Scizor|Scizor-Mega, L74, M|226/226\n|\n|-damage|p2a: Grumpig|261/297 tox|[from] psn\n|upkeep\n|turn|36\n|\n|t:|1770103286\n|move|p1a: Scizor|Bullet Punch|p2a: Grumpig\n|-damage|p2a: Grumpig|180/297 tox\n|move|p2a: Grumpig|Heal Bell|p2a: Grumpig\n|-activate|p2a: Grumpig|move: Heal Bell\n|-curestatus|p2a: Grumpig|tox|[msg]\n|-curestatus|p2: Wigglytuff|tox|[msg]\n|-curestatus|p2: Giratina|tox|[msg]\n|\n|upkeep\n|turn|37\n|\n|t:|1770103290\n|switch|p2a: Jellicent|Jellicent, L85, F|309/309\n|move|p1a: Scizor|Bullet Punch|p2a: Jellicent\n|-resisted|p2a: Jellicent\n|-damage|p2a: Jellicent|267/309\n|\n|-heal|p2a: Jellicent|286/309|[from] item: Leftovers\n|upkeep\n|turn|38\n|\n|t:|1770103298\n|switch|p1a: Ledian|Ledian, M|166/271 par\n|move|p2a: Jellicent|Scald|p1a: Ledian\n|-damage|p1a: Ledian|112/271 par\n|\n|-heal|p2a: Jellicent|305/309|[from] item: Leftovers\n|-heal|p1a: Ledian|128/271 par|[from] item: Leftovers\n|upkeep\n|turn|39\n|\n|t:|1770103302\n|move|p2a: Jellicent|Taunt|p1a: Ledian\n|-start|p1a: Ledian|move: Taunt\n|cant|p1a: Ledian|move: Taunt|Roost\n|\n|-heal|p2a: Jellicent|309/309|[from] item: Leftovers\n|-heal|p1a: Ledian|144/271 par|[from] item: Leftovers\n|upkeep\n|turn|40\n|\n|t:|1770103308\n|switch|p2a: Wigglytuff|Wigglytuff, L93, M|133/411\n|move|p1a: Ledian|Knock Off|p2a: Wigglytuff\n|-resisted|p2a: Wigglytuff\n|-damage|p2a: Wigglytuff|110/411\n|\n|-heal|p1a: Ledian|160/271 par|[from] item: Leftovers\n|upkeep\n|turn|41\n|\n|t:|1770103311\n|switch|p1a: Lanturn|Lanturn, L86, M|263/355\n|move|p2a: Wigglytuff|Wish|p2a: Wigglytuff\n|\n|-heal|p1a: Lanturn|285/355|[from] item: Leftovers\n|upkeep\n|turn|42\n|\n|t:|1770103314\n|move|p2a: Wigglytuff|Protect|p2a: Wigglytuff\n|-singleturn|p2a: Wigglytuff|Protect\n|move|p1a: Lanturn|Thunderbolt|p2a: Wigglytuff\n|-activate|p2a: Wigglytuff|move: Protect\n|\n|-heal|p2a: Wigglytuff|315/411|[from] move: Wish|[wisher] Wigglytuff\n|-heal|p1a: Lanturn|307/355|[from] item: Leftovers\n|upkeep\n|turn|43\n|\n|t:|1770103317\n|move|p1a: Lanturn|Toxic|p2a: Wigglytuff\n|-status|p2a: Wigglytuff|tox\n|move|p2a: Wigglytuff|Wish|p2a: Wigglytuff\n|\n|-heal|p1a: Lanturn|329/355|[from] item: Leftovers\n|-damage|p2a: Wigglytuff|290/411 tox|[from] psn\n|upkeep\n|turn|44\n|\n|t:|1770103325\n|switch|p2a: Grumpig|Grumpig, L92, M|180/297\n|move|p1a: Lanturn|Thunderbolt|p2a: Grumpig\n|-damage|p2a: Grumpig|120/297\n|\n|-heal|p2a: Grumpig|297/297|[from] move: Wish|[wisher] Wigglytuff\n|-heal|p1a: Lanturn|351/355|[from] item: Leftovers\n|upkeep\n|turn|45\n|\n|t:|1770103330\n|move|p2a: Grumpig|Toxic|p1a: Lanturn\n|-status|p1a: Lanturn|tox\n|move|p1a: Lanturn|Toxic|p2a: Grumpig\n|-status|p2a: Grumpig|tox\n|\n|-heal|p1a: Lanturn|355/355 tox|[from] item: Leftovers\n|-damage|p2a: Grumpig|279/297 tox|[from] psn\n|-damage|p1a: Lanturn|333/355 tox|[from] psn\n|upkeep\n|turn|46\n|\n|t:|1770103334\n|move|p2a: Grumpig|Heal Bell|p2a: Grumpig\n|-activate|p2a: Grumpig|move: Heal Bell\n|-curestatus|p2a: Grumpig|tox|[msg]\n|-curestatus|p2: Wigglytuff|tox|[msg]\n|move|p1a: Lanturn|Toxic|p2a: Grumpig\n|-status|p2a: Grumpig|tox\n|\n|-heal|p1a: Lanturn|355/355 tox|[from] item: Leftovers\n|-damage|p2a: Grumpig|261/297 tox|[from] psn\n|-damage|p1a: Lanturn|311/355 tox|[from] psn\n|upkeep\n|turn|47\n|\n|t:|1770103338\n|switch|p2a: Eelektross|Eelektross, L85, M|83/283\n|switch|p1a: Ledian|Ledian, M|160/271 par\n|\n|-heal|p1a: Ledian|176/271 par|[from] item: Leftovers\n|upkeep\n|turn|48\n|\n|t:|1770103343\n|switch|p1a: Nidoqueen|Nidoqueen, L81, F|92/278\n|move|p2a: Eelektross|Knock Off|p1a: Nidoqueen\n|-damage|p1a: Nidoqueen|32/278\n|\n|upkeep\n|turn|49\n|\n|t:|1770103351\n|switch|p2a: Jellicent|Jellicent, L85, F|309/309\n|move|p1a: Nidoqueen|Sludge Wave|p2a: Jellicent\n|-resisted|p2a: Jellicent\n|-damage|p2a: Jellicent|263/309\n|\n|-heal|p2a: Jellicent|282/309|[from] item: Leftovers\n|upkeep\n|turn|50\n|\n|t:|1770103354\n|switch|p1a: Ledian|Ledian, M|176/271 par\n|move|p2a: Jellicent|Scald|p1a: Ledian\n|-damage|p1a: Ledian|118/271 par\n|\n|-heal|p2a: Jellicent|301/309|[from] item: Leftovers\n|-heal|p1a: Ledian|134/271 par|[from] item: Leftovers\n|upkeep\n|turn|51\n|\n|t:|1770103359\n|move|p2a: Jellicent|Taunt|p1a: Ledian\n|-start|p1a: Ledian|move: Taunt\n|move|p1a: Ledian|Knock Off|p2a: Jellicent\n|-supereffective|p2a: Jellicent\n|-crit|p2a: Jellicent\n|-damage|p2a: Jellicent|129/309\n|-enditem|p2a: Jellicent|Leftovers|[from] move: Knock Off|[of] p1a: Ledian\n|\n|-heal|p1a: Ledian|150/271 par|[from] item: Leftovers\n|upkeep\n|turn|52\n|\n|t:|1770103361\n|switch|p1a: Lanturn|Lanturn, L86, M|311/355 tox\n|move|p2a: Jellicent|Recover|p2a: Jellicent\n|-heal|p2a: Jellicent|284/309\n|\n|-heal|p1a: Lanturn|333/355 tox|[from] item: Leftovers\n|-damage|p1a: Lanturn|311/355 tox|[from] psn\n|upkeep\n|turn|53\n|\n|t:|1770103370\n|switch|p2a: Grumpig|Grumpig, L92, M|261/297 tox\n|move|p1a: Lanturn|Toxic|p2a: Grumpig\n|-fail|p2a: Grumpig|tox\n|\n|-heal|p1a: Lanturn|333/355 tox|[from] item: Leftovers\n|-damage|p2a: Grumpig|243/297 tox|[from] psn\n|-damage|p1a: Lanturn|289/355 tox|[from] psn\n|upkeep\n|turn|54\n|\n|t:|1770103377\n|switch|p2a: Eelektross|Eelektross, L85, M|83/283\n|switch|p1a: Scizor|Scizor-Mega, L74, M|226/226\n|\n|upkeep\n|turn|55\n|\n|t:|1770103381\n|switch|p1a: Ledian|Ledian, M|150/271 par\n|switch|p2a: Jellicent|Jellicent, L85, F|284/309\n|\n|-heal|p1a: Ledian|166/271 par|[from] item: Leftovers\n|upkeep\n|turn|56\n|\n|t:|1770103388\n|move|p2a: Jellicent|Taunt|p1a: Ledian\n|-start|p1a: Ledian|move: Taunt\n|cant|p1a: Ledian|move: Taunt|Toxic\n|\n|-heal|p1a: Ledian|182/271 par|[from] item: Leftovers\n|upkeep\n|turn|57\n|\n|t:|1770103393\n|switch|p1a: Scizor|Scizor-Mega, L74, M|226/226\n|move|p2a: Jellicent|Shadow Ball|p1a: Scizor\n|-damage|p1a: Scizor|144/226\n|\n|upkeep\n|turn|58\n|\n|t:|1770103396\n|switch|p1a: Ledian|Ledian, M|182/271 par\n|move|p2a: Jellicent|Scald|p1a: Ledian\n|-damage|p1a: Ledian|125/271 par\n|\n|-heal|p1a: Ledian|141/271 par|[from] item: Leftovers\n|upkeep\n|turn|59\n|\n|t:|1770103400\n|move|p2a: Jellicent|Shadow Ball|p1a: Ledian\n|-damage|p1a: Ledian|80/271 par\n|move|p1a: Ledian|Knock Off|p2a: Jellicent\n|-supereffective|p2a: Jellicent\n|-damage|p2a: Jellicent|198/309\n|\n|-heal|p1a: Ledian|96/271 par|[from] item: Leftovers\n|upkeep\n|turn|60\n|\n|t:|1770103403\n|move|p2a: Jellicent|Taunt|p1a: Ledian\n|-start|p1a: Ledian|move: Taunt\n|cant|p1a: Ledian|move: Taunt|Toxic\n|\n|-heal|p1a: Ledian|112/271 par|[from] item: Leftovers\n|upkeep\n|turn|61\n|\n|t:|1770103406\n|switch|p1a: Nidoqueen|Nidoqueen, L81, F|32/278\n|move|p2a: Jellicent|Scald|p1a: Nidoqueen\n|-supereffective|p1a: Nidoqueen\n|-damage|p1a: Nidoqueen|0 fnt\n|faint|p1a: Nidoqueen\n|\n|upkeep\n|\n|t:|1770103408\n|switch|p1a: Lanturn|Lanturn, L86, M|289/355 tox\n|turn|62\n|\n|t:|1770103417\n|switch|p2a: Eelektross|Eelektross, L85, M|83/283\n|move|p1a: Lanturn|Thunderbolt|p2a: Eelektross\n|-resisted|p2a: Eelektross\n|-damage|p2a: Eelektross|35/283\n|\n|-heal|p1a: Lanturn|311/355 tox|[from] item: Leftovers\n|-damage|p1a: Lanturn|289/355 tox|[from] psn\n|upkeep\n|turn|63\n|\n|t:|1770103421\n|move|p1a: Lanturn|Thunderbolt|p2a: Eelektross\n|-resisted|p2a: Eelektross\n|-damage|p2a: Eelektross|0 fnt\n|faint|p2a: Eelektross\n|\n|-heal|p1a: Lanturn|311/355 tox|[from] item: Leftovers\n|-damage|p1a: Lanturn|267/355 tox|[from] psn\n|upkeep\n|\n|t:|1770103432\n|switch|p2a: Flygon|Flygon, L83, F|268/268\n|turn|64\n|\n|t:|1770103443\n|switch|p2a: Jellicent|Jellicent, L85, F|198/309\n|switch|p1a: Ledian|Ledian, M|112/271 par\n|\n|-heal|p1a: Ledian|128/271 par|[from] item: Leftovers\n|upkeep\n|turn|65\n|\n|t:|1770103449\n|switch|p1a: Lanturn|Lanturn, L86, M|267/355 tox\n|move|p2a: Jellicent|Taunt|p1a: Lanturn\n|-start|p1a: Lanturn|move: Taunt\n|\n|-heal|p1a: Lanturn|289/355 tox|[from] item: Leftovers\n|-damage|p1a: Lanturn|267/355 tox|[from] psn\n|upkeep\n|turn|66\n|\n|t:|1770103452\n|move|p1a: Lanturn|Thunderbolt|p2a: Jellicent\n|-supereffective|p2a: Jellicent\n|-damage|p2a: Jellicent|58/309\n|move|p2a: Jellicent|Recover|p2a: Jellicent\n|-heal|p2a: Jellicent|213/309\n|\n|-heal|p1a: Lanturn|289/355 tox|[from] item: Leftovers\n|-damage|p1a: Lanturn|245/355 tox|[from] psn\n|upkeep\n|turn|67\n|\n|t:|1770103456\n|move|p1a: Lanturn|Thunderbolt|p2a: Jellicent\n|-supereffective|p2a: Jellicent\n|-damage|p2a: Jellicent|79/309\n|move|p2a: Jellicent|Recover|p2a: Jellicent\n|-heal|p2a: Jellicent|234/309\n|\n|-heal|p1a: Lanturn|267/355 tox|[from] item: Leftovers\n|-damage|p1a: Lanturn|201/355 tox|[from] psn\n|-end|p1a: Lanturn|move: Taunt\n|upkeep\n|turn|68\n|\n|t:|1770103461\n|switch|p1a: Ledian|Ledian, M|128/271 par\n|switch|p2a: Grumpig|Grumpig, L92, M|243/297 tox\n|\n|-heal|p1a: Ledian|144/271 par|[from] item: Leftovers\n|-damage|p2a: Grumpig|225/297 tox|[from] psn\n|upkeep\n|turn|69\n|\n|t:|1770103472\n|move|p2a: Grumpig|Psychic|p1a: Ledian\n|-damage|p1a: Ledian|72/271 par\n|move|p1a: Ledian|Roost|p1a: Ledian\n|-heal|p1a: Ledian|208/271 par\n|-singleturn|p1a: Ledian|move: Roost\n|\n|-heal|p1a: Ledian|224/271 par|[from] item: Leftovers\n|-damage|p2a: Grumpig|189/297 tox|[from] psn\n|upkeep\n|turn|70\n|\n|t:|1770103477\n|switch|p2a: Wigglytuff|Wigglytuff, L93, M|290/411\n|move|p1a: Ledian|Toxic|p2a: Wigglytuff\n|-status|p2a: Wigglytuff|tox\n|\n|-heal|p1a: Ledian|240/271 par|[from] item: Leftovers\n|-damage|p2a: Wigglytuff|265/411 tox|[from] psn\n|upkeep\n|turn|71\n|\n|t:|1770103482\n|switch|p1a: Scizor|Scizor-Mega, L74, M|144/226\n|move|p2a: Wigglytuff|Wish|p2a: Wigglytuff\n|\n|-damage|p2a: Wigglytuff|215/411 tox|[from] psn\n|upkeep\n|turn|72\n|\n|t:|1770103485\n|move|p2a: Wigglytuff|Protect|p2a: Wigglytuff\n|-singleturn|p2a: Wigglytuff|Protect\n|move|p1a: Scizor|Roost|p1a: Scizor\n|-heal|p1a: Scizor|226/226\n|-singleturn|p1a: Scizor|move: Roost\n|\n|-heal|p2a: Wigglytuff|411/411 tox|[from] move: Wish|[wisher] Wigglytuff\n|-damage|p2a: Wigglytuff|336/411 tox|[from] psn\n|upkeep\n|turn|73\n|\n|t:|1770103489\n|switch|p1a: Ledian|Ledian, M|240/271 par\n|switch|p2a: Jellicent|Jellicent, L85, F|234/309\n|\n|-heal|p1a: Ledian|256/271 par|[from] item: Leftovers\n|upkeep\n|turn|74\n|\n|t:|1770103492\n|move|p2a: Jellicent|Taunt|p1a: Ledian\n|-start|p1a: Ledian|move: Taunt\n|cant|p1a: Ledian|par\n|\n|-heal|p1a: Ledian|271/271 par|[from] item: Leftovers\n|upkeep\n|turn|75\n|\n|t:|1770103495\n|switch|p2a: Wigglytuff|Wigglytuff, L93, M|336/411 tox\n|move|p1a: Ledian|Knock Off|p2a: Wigglytuff\n|-resisted|p2a: Wigglytuff\n|-damage|p2a: Wigglytuff|310/411 tox\n|\n|-damage|p2a: Wigglytuff|285/411 tox|[from] psn\n|upkeep\n|turn|76\n|\n|t:|1770103502\n|move|p2a: Wigglytuff|Dazzling Gleam|p1a: Ledian\n|-damage|p1a: Ledian|205/271 par\n|move|p1a: Ledian|Knock Off|p2a: Wigglytuff\n|-resisted|p2a: Wigglytuff\n|-damage|p2a: Wigglytuff|260/411 tox\n|\n|-heal|p1a: Ledian|221/271 par|[from] item: Leftovers\n|-damage|p2a: Wigglytuff|210/411 tox|[from] psn\n|-end|p1a: Ledian|move: Taunt\n|upkeep\n|turn|77\n|\n|t:|1770103506\n|move|p2a: Wigglytuff|Wish|p2a: Wigglytuff\n|move|p1a: Ledian|Knock Off|p2a: Wigglytuff\n|-resisted|p2a: Wigglytuff\n|-damage|p2a: Wigglytuff|186/411 tox\n|\n|-heal|p1a: Ledian|237/271 par|[from] item: Leftovers\n|-damage|p2a: Wigglytuff|111/411 tox|[from] psn\n|upkeep\n|turn|78\n|\n|t:|1770103512\n|move|p2a: Wigglytuff|Dazzling Gleam|p1a: Ledian\n|-damage|p1a: Ledian|168/271 par\n|move|p1a: Ledian|Toxic|p2a: Wigglytuff\n|-fail|p2a: Wigglytuff|tox\n|\n|-heal|p2a: Wigglytuff|316/411 tox|[from] move: Wish|[wisher] Wigglytuff\n|-heal|p1a: Ledian|184/271 par|[from] item: Leftovers\n|-damage|p2a: Wigglytuff|216/411 tox|[from] psn\n|upkeep\n|turn|79\n|\n|t:|1770103520\n|move|p2a: Wigglytuff|Wish|p2a: Wigglytuff\n|move|p1a: Ledian|Knock Off|p2a: Wigglytuff\n|-resisted|p2a: Wigglytuff\n|-crit|p2a: Wigglytuff\n|-damage|p2a: Wigglytuff|181/411 tox\n|\n|-heal|p1a: Ledian|200/271 par|[from] item: Leftovers\n|-damage|p2a: Wigglytuff|56/411 tox|[from] psn\n|upkeep\n|turn|80\n|\n|t:|1770103525\n|switch|p2a: Grumpig|Grumpig, L92, M|189/297 tox\n|move|p1a: Ledian|Knock Off|p2a: Grumpig\n|-supereffective|p2a: Grumpig\n|-damage|p2a: Grumpig|107/297 tox\n|\n|-heal|p2a: Grumpig|297/297 tox|[from] move: Wish|[wisher] Wigglytuff\n|-heal|p1a: Ledian|216/271 par|[from] item: Leftovers\n|-damage|p2a: Grumpig|279/297 tox|[from] psn\n|upkeep\n|turn|81\n|\n|t:|1770103529\n|move|p2a: Grumpig|Heal Bell|p2a: Grumpig\n|-activate|p2a: Grumpig|move: Heal Bell\n|-curestatus|p2a: Grumpig|tox|[msg]\n|-curestatus|p2: Wigglytuff|tox|[msg]\n|move|p1a: Ledian|Toxic|p2a: Grumpig\n|-status|p2a: Grumpig|tox\n|\n|-heal|p1a: Ledian|232/271 par|[from] item: Leftovers\n|-damage|p2a: Grumpig|261/297 tox|[from] psn\n|upkeep\n|turn|82\n|\n|t:|1770103541\n|move|p2a: Grumpig|Psychic|p1a: Ledian\n|-damage|p1a: Ledian|160/271 par\n|move|p1a: Ledian|Knock Off|p2a: Grumpig\n|-supereffective|p2a: Grumpig\n|-damage|p2a: Grumpig|183/297 tox\n|\n|-heal|p1a: Ledian|176/271 par|[from] item: Leftovers\n|-damage|p2a: Grumpig|147/297 tox|[from] psn\n|upkeep\n|turn|83\n|\n|t:|1770103548\n|switch|p2a: Jellicent|Jellicent, L85, F|234/309\n|move|p1a: Ledian|Toxic|p2a: Jellicent\n|-status|p2a: Jellicent|tox\n|\n|-heal|p1a: Ledian|192/271 par|[from] item: Leftovers\n|-damage|p2a: Jellicent|215/309 tox|[from] psn\n|upkeep\n|turn|84\n|\n|t:|1770103555\n|switch|p2a: Giratina|Giratina-Origin, L70|306/326\n|move|p1a: Ledian|Roost|p1a: Ledian\n|-heal|p1a: Ledian|271/271 par\n|-singleturn|p1a: Ledian|move: Roost\n|\n|upkeep\n|turn|85\n|\n|t:|1770103558\n|move|p2a: Giratina|Hex|p1a: Ledian\n|-damage|p1a: Ledian|169/271 par\n|move|p1a: Ledian|Knock Off|p2a: Giratina\n|-supereffective|p2a: Giratina\n|-damage|p2a: Giratina|238/326\n|\n|-heal|p1a: Ledian|185/271 par|[from] item: Leftovers\n|upkeep\n|turn|86\n|\n|t:|1770103561\n|move|p2a: Giratina|Hex|p1a: Ledian\n|-damage|p1a: Ledian|94/271 par\n|cant|p1a: Ledian|par\n|\n|-heal|p1a: Ledian|110/271 par|[from] item: Leftovers\n|upkeep\n|turn|87\n|\n|t:|1770103565\n|switch|p1a: Scizor|Scizor-Mega, L74, M|226/226\n|move|p2a: Giratina|Hex|p1a: Scizor\n|-damage|p1a: Scizor|153/226\n|\n|upkeep\n|turn|88\n|\n|t:|1770103570\n|move|p1a: Scizor|Bullet Punch|p2a: Giratina\n|-damage|p2a: Giratina|159/326\n|move|p2a: Giratina|Thunder Wave|p1a: Scizor\n|-status|p1a: Scizor|par\n|\n|upkeep\n|turn|89\n|\n|t:|1770103576\n|switch|p1a: Ledian|Ledian, M|110/271 par\n|move|p2a: Giratina|Hex|p1a: Ledian\n|-damage|p1a: Ledian|7/271 par\n|\n|-heal|p1a: Ledian|23/271 par|[from] item: Leftovers\n|upkeep\n|turn|90\n|\n|t:|1770103579\n|move|p2a: Giratina|Hex|p1a: Ledian\n|-damage|p1a: Ledian|0 fnt\n|faint|p1a: Ledian\n|\n|upkeep\n|\n|t:|1770103585\n|switch|p1a: Simipour|Simipour, L86, M|269/269\n|turn|91\n|\n|t:|1770103610\n|move|p1a: Simipour|Substitute|p1a: Simipour\n|-start|p1a: Simipour|Substitute\n|-damage|p1a: Simipour|202/269\n|move|p2a: Giratina|Thunder Wave||[still]\n|-fail|p2a: Giratina\n|\n|-heal|p1a: Simipour|218/269|[from] item: Leftovers\n|upkeep\n|turn|92\n|\n|t:|1770103614\n|move|p1a: Simipour|Nasty Plot|p1a: Simipour\n|-boost|p1a: Simipour|spa|2\n|move|p2a: Giratina|Hex|p1a: Simipour\n|-end|p1a: Simipour|Substitute\n|\n|-heal|p1a: Simipour|234/269|[from] item: Leftovers\n|upkeep\n|turn|93\n|\n|t:|1770103626\n|move|p1a: Simipour|Ice Beam|p2a: Giratina\n|-supereffective|p2a: Giratina\n|-damage|p2a: Giratina|0 fnt\n|faint|p2a: Giratina\n|\n|-heal|p1a: Simipour|250/269|[from] item: Leftovers\n|upkeep\n|\n|t:|1770103633\n|switch|p2a: Jellicent|Jellicent, L85, F|215/309 tox\n|turn|94\n|\n|t:|1770103637\n|move|p1a: Simipour|Substitute|p1a: Simipour\n|-start|p1a: Simipour|Substitute\n|-damage|p1a: Simipour|183/269\n|move|p2a: Jellicent|Shadow Ball|p1a: Simipour\n|-end|p1a: Simipour|Substitute\n|\n|-heal|p1a: Simipour|199/269|[from] item: Leftovers\n|-damage|p2a: Jellicent|196/309 tox|[from] psn\n|upkeep\n|turn|95\n|\n|t:|1770103641\n|move|p1a: Simipour|Substitute|p1a: Simipour\n|-start|p1a: Simipour|Substitute\n|-damage|p1a: Simipour|132/269\n|move|p2a: Jellicent|Taunt|p1a: Simipour\n|-start|p1a: Simipour|move: Taunt\n|\n|-heal|p1a: Simipour|148/269|[from] item: Leftovers\n|-damage|p2a: Jellicent|158/309 tox|[from] psn\n|upkeep\n|turn|96\n|\n|t:|1770103643\n|move|p1a: Simipour|Ice Beam|p2a: Jellicent\n|-resisted|p2a: Jellicent\n|-damage|p2a: Jellicent|101/309 tox\n|move|p2a: Jellicent|Recover|p2a: Jellicent\n|-heal|p2a: Jellicent|256/309 tox\n|\n|-heal|p1a: Simipour|164/269|[from] item: Leftovers\n|-damage|p2a: Jellicent|199/309 tox|[from] psn\n|upkeep\n|turn|97\n|\n|t:|1770103647\n|switch|p2a: Grumpig|Grumpig, L92, M|147/297 tox\n|move|p1a: Simipour|Ice Beam|p2a: Grumpig\n|-damage|p2a: Grumpig|92/297 tox\n|\n|-heal|p1a: Simipour|180/269|[from] item: Leftovers\n|-damage|p2a: Grumpig|74/297 tox|[from] psn\n|upkeep\n|turn|98\n|\n|t:|1770103650\n|switch|p2a: Jellicent|Jellicent, L85, F|199/309 tox\n|move|p1a: Simipour|Hydro Pump|p2a: Jellicent\n|-heal|p2a: Jellicent|276/309 tox|[from] ability: Water Absorb|[of] p1a: Simipour\n|\n|-heal|p1a: Simipour|196/269|[from] item: Leftovers\n|-damage|p2a: Jellicent|257/309 tox|[from] psn\n|-end|p1a: Simipour|move: Taunt\n|upkeep\n|turn|99\n|\n|t:|1770103653\n|move|p1a: Simipour|Nasty Plot|p1a: Simipour\n|-boost|p1a: Simipour|spa|2\n|move|p2a: Jellicent|Shadow Ball|p1a: Simipour\n|-end|p1a: Simipour|Substitute\n|\n|-heal|p1a: Simipour|212/269|[from] item: Leftovers\n|-damage|p2a: Jellicent|219/309 tox|[from] psn\n|upkeep\n|turn|100\n|\n|t:|1770103656\n|move|p1a: Simipour|Substitute|p1a: Simipour\n|-start|p1a: Simipour|Substitute\n|-damage|p1a: Simipour|145/269\n|move|p2a: Jellicent|Shadow Ball|p1a: Simipour\n|-end|p1a: Simipour|Substitute\n|\n|-heal|p1a: Simipour|161/269|[from] item: Leftovers\n|-damage|p2a: Jellicent|162/309 tox|[from] psn\n|upkeep\n|turn|101\n|\n|t:|1770103663\n|move|p1a: Simipour|Ice Beam|p2a: Jellicent\n|-resisted|p2a: Jellicent\n|-damage|p2a: Jellicent|82/309 tox\n|move|p2a: Jellicent|Shadow Ball|p1a: Simipour\n|-damage|p1a: Simipour|58/269\n|\n|-heal|p1a: Simipour|74/269|[from] item: Leftovers\n|-damage|p2a: Jellicent|6/309 tox|[from] psn\n|upkeep\n|turn|102\n|\n|t:|1770103666\n|move|p1a: Simipour|Ice Beam|p2a: Jellicent\n|-resisted|p2a: Jellicent\n|-damage|p2a: Jellicent|0 fnt\n|faint|p2a: Jellicent\n|\n|-heal|p1a: Simipour|90/269|[from] item: Leftovers\n|upkeep\n|\n|t:|1770103667\n|switch|p2a: Grumpig|Grumpig, L92, M|74/297 tox\n|turn|103\n|\n|t:|1770103673\n|move|p1a: Simipour|Ice Beam|p2a: Grumpig\n|-damage|p2a: Grumpig|0 fnt\n|faint|p2a: Grumpig\n|\n|-heal|p1a: Simipour|106/269|[from] item: Leftovers\n|upkeep\n|-message|I never run good forfeited.\n|\n|win|CryCh!c\n|raw|CryCh!c's rating: 1661 &rarr; <strong>1691</strong><br />(+30 for winning)\n|raw|I never run good's rating: 1842 &rarr; <strong>1812</strong><br />(-30 for losing)\n|l|☆I never run good\n|player|p2|\n", "inputlog": ">version ccdc32dd7cde25fd9e4bed64820e885f66e78a4e\n>start {\"formatid\":\"gen6randombattle\",\"seed\":\"sodium,303f4f731238b3c627094f8df2db6c9d\",\"rated\":\"Rated battle\"}\n>player p1 {\"name\":\"CryCh!c\",\"avatar\":\"marley-masters\",\"rating\":1661,\"seed\":\"sodium,97dac6725bc0707e2ec08aa16541f090\"}\n>player p2 {\"name\":\"I never run good\",\"avatar\":\"clerkf\",\"rating\":1842,\"seed\":\"sodium,44d8fdbac1c6d6a1095634685f73cbc0\"}\n>p1 move toxic\n>p2 move dazzlinggleam\n>p1 move thunderbolt\n>p2 move dazzlinggleam\n>p1 move thunderbolt\n>p2 move wish\n>p1 move thunderbolt\n>p2 move protect\n>p1 move toxic\n>p2 switch 2\n>p1 switch 6\n>p2 move knockoff\n>p1 move sludgewave\n>p2 move uturn\n>p2 switch 5\n>p1 switch 5\n>p2 move healbell\n>p1 move knockoff\n>p2 switch 6\n>p1 move toxic\n>p2 move thunderwave\n>p1 move knockoff\n>p2 switch 2\n>p1 move toxic\n>p2 move wish\n>p1 switch 5\n>p2 move dazzlinggleam\n>p1 switch 4\n>p2 switch 4\n>p1 move superpower mega\n>p2 switch 3\n>p1 switch 2\n>p2 move scald\n>p1 move spikes\n>p2 move scald\n>p1 switch 5\n>p1 move knockoff\n>p2 switch 4\n>p1 move knockoff\n>p2 move wish\n>p1 move knockoff\n>p2 move dazzlinggleam\n>p1 move knockoff\n>p2 move wish\n>p1 move knockoff\n>p2 switch 6\n>p1 move toxic\n>p2 move healbell\n>p1 move knockoff\n>p2 switch 5\n>p1 switch 4\n>p2 move uturn\n>p2 switch 3\n>p1 switch 2\n>p2 move earthquake\n>p1 move roost\n>p2 move defog\n>p1 switch 4\n>p2 switch 4\n>p1 move knockoff\n>p2 switch 6\n>p1 move toxic\n>p2 move wish\n>p1 move knockoff\n>p2 move dazzlinggleam\n>p1 move knockoff\n>p2 move wish\n>p1 move knockoff\n>p2 switch 2\n>p1 move toxic\n>p2 move hex\n>p1 switch 4\n>p2 switch 5\n>p1 move bulletpunch\n>p2 move healbell\n>p1 move bulletpunch\n>p2 switch 6\n>p1 switch 4\n>p2 move scald\n>p1 move roost\n>p2 move taunt\n>p1 move knockoff\n>p2 switch 2\n>p1 switch 6\n>p2 move wish\n>p1 move thunderbolt\n>p2 move protect\n>p1 move toxic\n>p2 move wish\n>p1 move thunderbolt\n>p2 switch 6\n>p1 move toxic\n>p2 move toxic\n>p1 move toxic\n>p2 move healbell\n>p1 switch 6\n>p2 switch 3\n>p1 switch 2\n>p2 move knockoff\n>p1 move sludgewave\n>p2 switch 2\n>p1 switch 2\n>p2 move scald\n>p1 move knockoff\n>p2 move taunt\n>p1 switch 6\n>p2 move recover\n>p1 move toxic\n>p2 switch 3\n>p1 switch 4\n>p2 switch 2\n>p1 switch 6\n>p2 switch 3\n>p1 move toxic\n>p2 move taunt\n>p1 switch 6\n>p2 move shadowball\n>p1 switch 6\n>p2 move scald\n>p1 move knockoff\n>p2 move shadowball\n>p1 move toxic\n>p2 move taunt\n>p1 switch 2\n>p2 move scald\n>p1 switch 4\n>p1 move thunderbolt\n>p2 switch 3\n>p1 move thunderbolt\n>p2 move knockoff\n>p2 switch 4\n>p1 switch 2\n>p2 switch 3\n>p1 switch 2\n>p2 move taunt\n>p1 move thunderbolt\n>p2 move recover\n>p1 move thunderbolt\n>p2 move recover\n>p1 switch 2\n>p2 switch 2\n>p1 move roost\n>p2 move psychic\n>p1 move toxic\n>p2 switch 6\n>p1 switch 6\n>p2 move wish\n>p1 move roost\n>p2 move protect\n>p1 switch 6\n>p2 switch 2\n>p1 move knockoff\n>p2 move taunt\n>p1 move knockoff\n>p2 switch 2\n>p1 move knockoff\n>p2 move dazzlinggleam\n>p1 move knockoff\n>p2 move wish\n>p1 move toxic\n>p2 move dazzlinggleam\n>p1 move knockoff\n>p2 move wish\n>p1 move knockoff\n>p2 switch 6\n>p1 move toxic\n>p2 move healbell\n>p1 move knockoff\n>p2 move psychic\n>p1 move toxic\n>p2 switch 2\n>p1 move roost\n>p2 switch 5\n>p1 move knockoff\n>p2 move hex\n>p1 move toxic\n>p2 move hex\n>p1 switch 6\n>p2 move hex\n>p1 move bulletpunch\n>p2 move thunderwave\n>p1 switch 6\n>p2 move hex\n>p1 move knockoff\n>p2 move hex\n>p1 switch 3\n>p1 move substitute\n>p2 move thunderwave\n>p1 move nastyplot\n>p2 move hex\n>p1 move icebeam\n>p2 move hex\n>p2 switch 5\n>p1 move substitute\n>p2 move shadowball\n>p1 move substitute\n>p2 move taunt\n>p1 move icebeam\n>p2 move recover\n>p1 move icebeam\n>p2 switch 2\n>p1 move hydropump\n>p2 switch 2\n>p1 move nastyplot\n>p2 move shadowball\n>p1 move substitute\n>p2 move shadowball\n>p1 move icebeam\n>p2 move shadowball\n>p1 move icebeam\n>p2 move shadowball\n>p2 switch 2\n>p1 move icebeam\n>p2 move psychic\n>forcelose p2", "uploadtime": 1770103717, "views": 217, "formatid": "gen6randombattle", "rating": 1691, "private": 0, "password": null}