{"id": "gen6randombattle-2539008420", "format": "[Gen 6] Random Battle", "players": ["Embar", "The Goldfoot"], "log": "|j|☆Embar\n|j|☆The Goldfoot\n|t:|1771002378\n|gametype|singles\n|player|p1|Embar|linebacker|1555\n|player|p2|The Goldfoot|blaine|1775\n|gen|6\n|tier|[Gen 6] Random Battle\n|rated|\n|rule|Sleep Clause Mod: Limit one foe put to sleep\n|rule|HP Percentage Mod: HP is shown in percentages\n|rule|Illusion Level Mod: Illusion disguises the Pokémon's true level\n|\n|t:|1771002378\n|teamsize|p1|6\n|teamsize|p2|6\n|start\n|switch|p1a: Bibarel|Bibarel, L95, F|304/304\n|switch|p2a: Luxray|Luxray, L88, F|284/284\n|turn|1\n|\n|t:|1771002453\n|switch|p1a: Armaldo|Armaldo, L88, F|275/275\n|move|p2a: Luxray|Wild Charge|p1a: Armaldo\n|-damage|p1a: Armaldo|164/275\n|-damage|p2a: Luxray|256/284|[from] Recoil\n|\n|-status|p2a: Luxray|tox|[from] item: Toxic Orb\n|upkeep\n|turn|2\n|\n|t:|1771002476\n|move|p2a: Luxray|Wild Charge|p1a: Armaldo\n|-damage|p1a: Armaldo|0 fnt\n|faint|p1a: Armaldo\n|-damage|p2a: Luxray|215/284 tox|[from] Recoil\n|\n|-damage|p2a: Luxray|198/284 tox|[from] psn\n|upkeep\n|\n|t:|1771002482\n|switch|p1a: Diggersby|Diggersby, L81, F|270/270\n|turn|3\n|\n|t:|1771002504\n|move|p2a: Luxray|Superpower|p1a: Diggersby\n|-supereffective|p1a: Diggersby\n|-damage|p1a: Diggersby|0 fnt\n|-unboost|p2a: Luxray|atk|1\n|-unboost|p2a: Luxray|def|1\n|faint|p1a: Diggersby\n|\n|-damage|p2a: Luxray|164/284 tox|[from] psn\n|upkeep\n|\n|t:|1771002513\n|switch|p1a: Gogoat|Gogoat, L90, M|368/368\n|turn|4\n|\n|t:|1771002518\n|switch|p2a: Swalot|Swalot, L90, M|326/326\n|move|p1a: Gogoat|Bulk Up|p1a: Gogoat\n|-boost|p1a: Gogoat|atk|1\n|-boost|p1a: Gogoat|def|1\n|\n|upkeep\n|turn|5\n|\n|t:|1771002522\n|move|p1a: Gogoat|Earthquake|p2a: Swalot\n|-supereffective|p2a: Swalot\n|-damage|p2a: Swalot|90/326\n|move|p2a: Swalot|Sludge Bomb|p1a: Gogoat\n|-supereffective|p1a: Gogoat\n|-crit|p1a: Gogoat\n|-damage|p1a: Gogoat|122/368\n|-status|p1a: Gogoat|psn\n|\n|-heal|p1a: Gogoat|145/368 psn|[from] item: Leftovers\n|-heal|p2a: Swalot|110/326|[from] item: Black Sludge\n|-damage|p1a: Gogoat|99/368 psn|[from] psn\n|upkeep\n|turn|6\n|\n|t:|1771002530\n|switch|p2a: Parasect|Parasect, M|282/282\n|move|p1a: Gogoat|Earthquake|p2a: Parasect\n|-resisted|p2a: Parasect\n|-damage|p2a: Parasect|252/282\n|\n|-heal|p1a: Gogoat|122/368 psn|[from] item: Leftovers\n|-heal|p2a: Parasect|269/282|[from] item: Leftovers\n|-damage|p1a: Gogoat|76/368 psn|[from] psn\n|upkeep\n|turn|7\n|\n|t:|1771002539\n|move|p1a: Gogoat|Milk Drink|p1a: Gogoat\n|-heal|p1a: Gogoat|260/368 psn\n|move|p2a: Parasect|X-Scissor|p1a: Gogoat\n|-supereffective|p1a: Gogoat\n|-damage|p1a: Gogoat|80/368 psn\n|\n|-heal|p1a: Gogoat|103/368 psn|[from] item: Leftovers\n|-heal|p2a: Parasect|282/282|[from] item: Leftovers\n|-damage|p1a: Gogoat|57/368 psn|[from] psn\n|upkeep\n|turn|8\n|\n|t:|1771002547\n|switch|p1a: Bibarel|Bibarel, L95, F|304/304\n|move|p2a: Parasect|X-Scissor|p1a: Bibarel\n|-damage|p1a: Bibarel|175/304\n|\n|upkeep\n|turn|9\n|\n|t:|1771002551\n|switch|p1a: Xatu|Xatu, L87, F|255/255\n|move|p2a: Parasect|Spore|p1a: Xatu\n|move|p1a: Xatu|Spore|p2a: Parasect|[from] ability: Magic Bounce\n|-immune|p2a: Parasect\n|\n|upkeep\n|turn|10\n|\n|t:|1771002555\n|switch|p2a: Lickilicky|Lickilicky, L88, F|337/337\n|-ability|p2a: Lickilicky|Cloud Nine\n|move|p1a: Xatu|Toxic|p2a: Lickilicky\n|-status|p2a: Lickilicky|tox\n|\n|-damage|p2a: Lickilicky|316/337 tox|[from] psn\n|upkeep\n|turn|11\n|\n|t:|1771002558\n|move|p1a: Xatu|U-turn|p2a: Lickilicky\n|-damage|p2a: Lickilicky|278/337 tox\n|\n|t:|1771002562\n|switch|p1a: Gigalith|Gigalith, L85, M|283/283|[from] U-turn\n|move|p2a: Lickilicky|Body Slam|p1a: Gigalith\n|-resisted|p1a: Gigalith\n|-crit|p1a: Gigalith\n|-damage|p1a: Gigalith|230/283\n|\n|-heal|p1a: Gigalith|247/283|[from] item: Leftovers\n|-damage|p2a: Lickilicky|236/337 tox|[from] psn\n|upkeep\n|turn|12\n|\n|t:|1771002572\n|move|p2a: Lickilicky|Power Whip|p1a: Gigalith\n|-supereffective|p1a: Gigalith\n|-damage|p1a: Gigalith|127/283\n|move|p1a: Gigalith|Toxic|p2a: Lickilicky\n|-fail|p2a: Lickilicky|tox\n|\n|-heal|p1a: Gigalith|144/283|[from] item: Leftovers\n|-damage|p2a: Lickilicky|173/337 tox|[from] psn\n|upkeep\n|turn|13\n|\n|t:|1771002579\n|switch|p1a: Gogoat|Gogoat, L90, M|57/368 psn\n|move|p2a: Lickilicky|Earthquake|p1a: Gogoat\n|-resisted|p1a: Gogoat\n|-crit|p1a: Gogoat\n|-damage|p1a: Gogoat|0 fnt\n|faint|p1a: Gogoat\n|\n|-damage|p2a: Lickilicky|89/337 tox|[from] psn\n|upkeep\n|\n|t:|1771002586\n|switch|p1a: Bibarel|Bibarel, L95, F|175/304\n|turn|14\n|\n|t:|1771002592\n|move|p1a: Bibarel|Return|p2a: Lickilicky\n|-damage|p2a: Lickilicky|0 fnt\n|faint|p2a: Lickilicky\n|-damage|p1a: Bibarel|145/304|[from] item: Life Orb\n|\n|upkeep\n|\n|t:|1771002600\n|switch|p2a: Parasect|Parasect, M|282/282\n|turn|15\n|\n|t:|1771002608\n|move|p1a: Bibarel|Work Up|p1a: Bibarel\n|-boost|p1a: Bibarel|atk|2\n|-boost|p1a: Bibarel|spa|2\n|move|p2a: Parasect|X-Scissor|p1a: Bibarel\n|-damage|p1a: Bibarel|0 fnt\n|faint|p1a: Bibarel\n|\n|upkeep\n|\n|t:|1771002626\n|switch|p1a: Xatu|Xatu, L87, F|255/255\n|turn|16\n|\n|t:|1771002631\n|move|p1a: Xatu|Toxic|p2a: Parasect\n|-status|p2a: Parasect|tox\n|move|p2a: Parasect|Knock Off|p1a: Xatu\n|-supereffective|p1a: Xatu\n|-damage|p1a: Xatu|47/255\n|-enditem|p1a: Xatu|Leftovers|[from] move: Knock Off|[of] p2a: Parasect\n|\n|-damage|p2a: Parasect|265/282 tox|[from] psn\n|upkeep\n|turn|17\n|\n|t:|1771002635\n|move|p1a: Xatu|Roost|p1a: Xatu\n|-heal|p1a: Xatu|175/255\n|-singleturn|p1a: Xatu|move: Roost\n|move|p2a: Parasect|Knock Off|p1a: Xatu\n|-supereffective|p1a: Xatu\n|-damage|p1a: Xatu|25/255\n|\n|-heal|p2a: Parasect|282/282 tox|[from] item: Leftovers\n|-damage|p2a: Parasect|248/282 tox|[from] psn\n|upkeep\n|turn|18\n|\n|t:|1771002641\n|move|p1a: Xatu|Psychic|p2a: Parasect\n|-damage|p2a: Parasect|158/282 tox\n|move|p2a: Parasect|Knock Off|p1a: Xatu\n|-supereffective|p1a: Xatu\n|-damage|p1a: Xatu|0 fnt\n|faint|p1a: Xatu\n|\n|-heal|p2a: Parasect|175/282 tox|[from] item: Leftovers\n|-damage|p2a: Parasect|124/282 tox|[from] psn\n|upkeep\n|\n|t:|1771002644\n|switch|p1a: Gigalith|Gigalith, L85, M|144/283\n|turn|19\n|\n|t:|1771002647\n|move|p2a: Parasect|Spore|p1a: Gigalith\n|-status|p1a: Gigalith|slp|[from] move: Spore\n|cant|p1a: Gigalith|slp\n|\n|-heal|p2a: Parasect|141/282 tox|[from] item: Leftovers\n|-heal|p1a: Gigalith|161/283 slp|[from] item: Leftovers\n|-damage|p2a: Parasect|73/282 tox|[from] psn\n|upkeep\n|turn|20\n|\n|t:|1771002649\n|move|p2a: Parasect|Knock Off|p1a: Gigalith\n|-damage|p1a: Gigalith|94/283 slp\n|-enditem|p1a: Gigalith|Leftovers|[from] move: Knock Off|[of] p2a: Parasect\n|cant|p1a: Gigalith|slp\n|\n|-heal|p2a: Parasect|90/282 tox|[from] item: Leftovers\n|-damage|p2a: Parasect|5/282 tox|[from] psn\n|upkeep\n|turn|21\n|\n|t:|1771002653\n|move|p2a: Parasect|X-Scissor|p1a: Gigalith\n|-damage|p1a: Gigalith|12/283 slp\n|cant|p1a: Gigalith|slp\n|\n|-heal|p2a: Parasect|22/282 tox|[from] item: Leftovers\n|-damage|p2a: Parasect|0 fnt|[from] psn\n|faint|p2a: Parasect\n|upkeep\n|\n|t:|1771002657\n|switch|p2a: Swalot|Swalot, L90, M|110/326\n|turn|22\n|\n|t:|1771002660\n|move|p2a: Swalot|Earthquake|p1a: Gigalith\n|-supereffective|p1a: Gigalith\n|-damage|p1a: Gigalith|0 fnt\n|faint|p1a: Gigalith\n|\n|win|The Goldfoot\n|raw|Embar's rating: 1555 &rarr; <strong>1546</strong><br />(-9 for losing)\n|raw|The Goldfoot's rating: 1775 &rarr; <strong>1784</strong><br />(+9 for winning)\n|l|☆Embar\n|player|p1|\n|l|☆The Goldfoot\n|player|p2|\n", "inputlog": ">version ccdc32dd7cde25fd9e4bed64820e885f66e78a4e\n>start {\"formatid\":\"gen6randombattle\",\"seed\":\"sodium,480f1e9e338b644c5a7b5be62dfccc75\",\"rated\":\"Rated battle\"}\n>player p1 {\"name\":\"Embar\",\"avatar\":\"linebacker\",\"rating\":1555,\"seed\":\"sodium,d1c5889881b07b6c4fc15c7761858f13\"}\n>player p2 {\"name\":\"The Goldfoot\",\"avatar\":\"blaine\",\"rating\":1775,\"seed\":\"sodium,98ccc9d9de8b97cf37b53649f808ddb2\"}\n>p1 switch 4\n>p2 move wildcharge\n>p1 move stoneedge\n>p2 move wildcharge\n>p1 switch 5\n>p1 move return\n>p2 move superpower\n>p1 switch 6\n>p1 move bulkup\n>p2 switch 3\n>p1 move earthquake\n>p2 move sludgebomb\n>p1 move earthquake\n>p2 switch 4\n>p1 move milkdrink\n>p2 move xscissor\n>p1 switch 4\n>p2 move xscissor\n>p1 switch 3\n>p2 move spore\n>p1 move toxic\n>p2 switch 5\n>p1 move uturn\n>p2 move bodyslam\n>p1 switch 2\n>p1 move toxic\n>p2 move powerwhip\n>p1 switch 4\n>p2 move earthquake\n>p1 switch 3\n>p1 move return\n>p2 move powerwhip\n>p2 switch 5\n>p1 move workup\n>p2 move xscissor\n>p1 switch 2\n>p1 move toxic\n>p2 move knockoff\n>p1 move roost\n>p2 move knockoff\n>p1 move psychic\n>p2 move knockoff\n>p1 switch 4\n>p1 move stoneedge\n>p2 move spore\n>p1 move stoneedge\n>p2 move knockoff\n>p1 move stoneedge\n>p2 move xscissor\n>p2 switch 4\n>p1 move earthquake\n>p2 move earthquake", "uploadtime": 1771002685, "views": 191, "formatid": "gen6randombattle", "rating": 1546, "private": 0, "password": null}