{"id": "gen6randombattle-2539084205", "format": "[Gen 6] Random Battle", "players": ["Omgebhonyel", "hepatortoise"], "log": "|j|☆Omgebhonyel\n|j|☆hepatortoise\n|t:|1771009753\n|gametype|singles\n|player|p1|Omgebhonyel|brock|1613\n|player|p2|hepatortoise|medium|1707\n|gen|6\n|tier|[Gen 6] Random Battle\n|rated|\n|rule|Sleep Clause Mod: Limit one foe put to sleep\n|rule|HP Percentage Mod: HP is shown in percentages\n|rule|Illusion Level Mod: Illusion disguises the Pokémon's true level\n|\n|t:|1771009753\n|teamsize|p1|6\n|teamsize|p2|6\n|start\n|switch|p1a: Landorus|Landorus-Therian, L76, M|260/260\n|switch|p2a: Lopunny|Lopunny, L76, M|223/223\n|-ability|p1a: Landorus|Intimidate|boost\n|-unboost|p2a: Lopunny|atk|1\n|turn|1\n|\n|t:|1771009775\n|switch|p2a: Phione|Phione, L90|290/290\n|move|p1a: Landorus|Knock Off|p2a: Phione\n|-damage|p2a: Phione|187/290\n|-enditem|p2a: Phione|Leftovers|[from] move: Knock Off|[of] p1a: Landorus\n|-damage|p1a: Landorus|234/260|[from] item: Life Orb\n|\n|upkeep\n|turn|2\n|\n|t:|1771009781\n|switch|p1a: Sigilyph|Sigilyph, L83, M|255/255\n|move|p2a: Phione|Toxic|p1a: Sigilyph\n|-status|p1a: Sigilyph|tox\n|\n|upkeep\n|turn|3\n|\n|t:|1771009790\n|switch|p1a: Altaria|Altaria, L78, F|245/245\n|move|p2a: Phione|U-turn|p1a: Altaria\n|-resisted|p1a: Altaria\n|-crit|p1a: Altaria\n|-damage|p1a: Altaria|205/245\n|\n|t:|1771009793\n|switch|p2a: Florges|Florges-White, L84, F|268/268|[from] U-turn\n|\n|upkeep\n|turn|4\n|inactive|Battle timer is ON: inactive players will automatically lose when time's up. (requested by hepatortoise)\n|\n|t:|1771009820\n|switch|p1a: Kabutops|Kabutops, L87, M|246/246\n|move|p2a: Florges|Moonblast|p1a: Kabutops\n|-damage|p1a: Kabutops|128/246\n|\n|upkeep\n|turn|5\n|\n|t:|1771009826\n|switch|p2a: Porygon2|Porygon2, L81|270/270\n|-ability|p2a: Porygon2|Download|boost\n|-boost|p2a: Porygon2|spa|1\n|move|p1a: Kabutops|Stone Edge|p2a: Porygon2\n|-damage|p2a: Porygon2|156/270\n|-damage|p1a: Kabutops|104/246|[from] item: Life Orb\n|\n|upkeep\n|turn|6\n|\n|t:|1771009832\n|switch|p2a: Lopunny|Lopunny, L76, M|223/223\n|move|p1a: Kabutops|Knock Off|p2a: Lopunny\n|-damage|p2a: Lopunny|136/223\n|-damage|p1a: Kabutops|80/246|[from] item: Life Orb\n|\n|upkeep\n|turn|7\n|\n|t:|1771009837\n|switch|p1a: Landorus|Landorus-Therian, L76, M|234/260\n|-ability|p1a: Landorus|Intimidate|boost\n|-unboost|p2a: Lopunny|atk|1\n|detailschange|p2a: Lopunny|Lopunny-Mega, L76, M\n|-mega|p2a: Lopunny|Lopunny|Lopunnite\n|move|p2a: Lopunny|Power-Up Punch|p1a: Landorus\n|-resisted|p1a: Landorus\n|-damage|p1a: Landorus|219/260\n|-boost|p2a: Lopunny|atk|1\n|\n|upkeep\n|turn|8\n|\n|t:|1771009840\n|move|p2a: Lopunny|Return|p1a: Landorus\n|-damage|p1a: Landorus|81/260\n|move|p1a: Landorus|Earthquake|p2a: Lopunny\n|-damage|p2a: Lopunny|0 fnt\n|faint|p2a: Lopunny\n|detailschange|p2: Lopunny|Lopunny, L76, M|[silent]\n|-damage|p1a: Landorus|55/260|[from] item: Life Orb\n|\n|upkeep\n|\n|t:|1771009846\n|switch|p2a: Tentacruel|Tentacruel, L83, M|268/268\n|turn|9\n|\n|t:|1771009859\n|switch|p1a: Kabutops|Kabutops, L87, M|80/246\n|move|p2a: Tentacruel|Scald|p1a: Kabutops\n|-damage|p1a: Kabutops|4/246\n|\n|upkeep\n|turn|10\n|\n|t:|1771009864\n|move|p2a: Tentacruel|Scald|p1a: Kabutops\n|-damage|p1a: Kabutops|0 fnt\n|faint|p1a: Kabutops\n|\n|upkeep\n|\n|t:|1771009867\n|switch|p1a: Bouffalant|Bouffalant, L87, M|307/307\n|turn|11\n|\n|t:|1771009871\n|move|p2a: Tentacruel|Toxic Spikes|p1a: Bouffalant\n|-sidestart|p1: Omgebhonyel|move: Toxic Spikes\n|move|p1a: Bouffalant|Head Charge|p2a: Tentacruel\n|-damage|p2a: Tentacruel|55/268\n|-damage|p1a: Bouffalant|254/307|[from] Recoil\n|\n|-heal|p2a: Tentacruel|71/268|[from] item: Black Sludge\n|-heal|p1a: Bouffalant|273/307|[from] item: Leftovers\n|upkeep\n|turn|12\n|\n|t:|1771009874\n|switch|p2a: Shuckle|Shuckle, L84, M|171/171\n|move|p1a: Bouffalant|Head Charge|p2a: Shuckle\n|-resisted|p2a: Shuckle\n|-damage|p2a: Shuckle|129/171\n|-damage|p1a: Bouffalant|262/307|[from] Recoil\n|\n|-heal|p1a: Bouffalant|281/307|[from] item: Leftovers\n|upkeep\n|turn|13\n|\n|t:|1771009884\n|move|p1a: Bouffalant|Swords Dance|p1a: Bouffalant\n|-boost|p1a: Bouffalant|atk|2\n|move|p2a: Shuckle|Stealth Rock|p1a: Bouffalant\n|-sidestart|p1: Omgebhonyel|move: Stealth Rock\n|\n|-heal|p1a: Bouffalant|300/307|[from] item: Leftovers\n|upkeep\n|turn|14\n|\n|t:|1771009888\n|move|p1a: Bouffalant|Stone Edge|p2a: Shuckle|[miss]\n|-miss|p1a: Bouffalant|p2a: Shuckle\n|move|p2a: Shuckle|Toxic|p1a: Bouffalant\n|-status|p1a: Bouffalant|tox\n|\n|-heal|p1a: Bouffalant|307/307 tox|[from] item: Leftovers\n|-damage|p1a: Bouffalant|288/307 tox|[from] psn\n|upkeep\n|turn|15\n|\n|t:|1771009890\n|move|p1a: Bouffalant|Stone Edge|p2a: Shuckle|[miss]\n|-miss|p1a: Bouffalant|p2a: Shuckle\n|move|p2a: Shuckle|Sticky Web|p1a: Bouffalant\n|-sidestart|p1: Omgebhonyel|move: Sticky Web\n|\n|-heal|p1a: Bouffalant|307/307 tox|[from] item: Leftovers\n|-damage|p1a: Bouffalant|269/307 tox|[from] psn\n|upkeep\n|turn|16\n|\n|t:|1771009892\n|move|p1a: Bouffalant|Stone Edge|p2a: Shuckle\n|-supereffective|p2a: Shuckle\n|-damage|p2a: Shuckle|0 fnt\n|faint|p2a: Shuckle\n|\n|-heal|p1a: Bouffalant|288/307 tox|[from] item: Leftovers\n|-damage|p1a: Bouffalant|231/307 tox|[from] psn\n|upkeep\n|\n|t:|1771009895\n|switch|p2a: Phione|Phione, L90|187/290\n|turn|17\n|\n|t:|1771009897\n|move|p2a: Phione|Scald|p1a: Bouffalant\n|-damage|p1a: Bouffalant|156/307 tox\n|move|p1a: Bouffalant|Head Charge|p2a: Phione\n|-damage|p2a: Phione|0 fnt\n|faint|p2a: Phione\n|-damage|p1a: Bouffalant|109/307 tox|[from] Recoil\n|\n|-heal|p1a: Bouffalant|128/307 tox|[from] item: Leftovers\n|-damage|p1a: Bouffalant|52/307 tox|[from] psn\n|upkeep\n|\n|t:|1771009901\n|switch|p2a: Tentacruel|Tentacruel, L83, M|71/268\n|turn|18\n|\n|t:|1771009905\n|move|p2a: Tentacruel|Scald|p1a: Bouffalant\n|-damage|p1a: Bouffalant|0 fnt\n|faint|p1a: Bouffalant\n|\n|-heal|p2a: Tentacruel|87/268|[from] item: Black Sludge\n|upkeep\n|\n|t:|1771009915\n|switch|p1a: Sigilyph|Sigilyph, L83, M|255/255 tox\n|turn|19\n|\n|t:|1771009919\n|switch|p2a: Florges|Florges-White, L84, F|268/268\n|move|p1a: Sigilyph|Cosmic Power|p1a: Sigilyph\n|-boost|p1a: Sigilyph|def|1\n|-boost|p1a: Sigilyph|spd|1\n|\n|upkeep\n|turn|20\n|\n|t:|1771009927\n|move|p1a: Sigilyph|Cosmic Power|p1a: Sigilyph\n|-boost|p1a: Sigilyph|def|1\n|-boost|p1a: Sigilyph|spd|1\n|move|p2a: Florges|Calm Mind|p2a: Florges\n|-boost|p2a: Florges|spa|1\n|-boost|p2a: Florges|spd|1\n|\n|upkeep\n|turn|21\n|\n|t:|1771009931\n|move|p1a: Sigilyph|Psycho Shift|p2a: Florges\n|-status|p2a: Florges|tox\n|-curestatus|p1a: Sigilyph|tox|[msg]\n|move|p2a: Florges|Calm Mind|p2a: Florges\n|-boost|p2a: Florges|spa|1\n|-boost|p2a: Florges|spd|1\n|\n|-damage|p2a: Florges|252/268 tox|[from] psn\n|-status|p1a: Sigilyph|brn|[from] item: Flame Orb\n|upkeep\n|turn|22\n|\n|t:|1771009936\n|move|p1a: Sigilyph|Cosmic Power|p1a: Sigilyph\n|-boost|p1a: Sigilyph|def|1\n|-boost|p1a: Sigilyph|spd|1\n|move|p2a: Florges|Calm Mind|p2a: Florges\n|-boost|p2a: Florges|spa|1\n|-boost|p2a: Florges|spd|1\n|\n|-heal|p2a: Florges|268/268 tox|[from] item: Leftovers\n|-damage|p2a: Florges|236/268 tox|[from] psn\n|upkeep\n|turn|23\n|\n|t:|1771009938\n|move|p1a: Sigilyph|Cosmic Power|p1a: Sigilyph\n|-boost|p1a: Sigilyph|def|1\n|-boost|p1a: Sigilyph|spd|1\n|move|p2a: Florges|Calm Mind|p2a: Florges\n|-boost|p2a: Florges|spa|1\n|-boost|p2a: Florges|spd|1\n|\n|-heal|p2a: Florges|252/268 tox|[from] item: Leftovers\n|-damage|p2a: Florges|204/268 tox|[from] psn\n|upkeep\n|turn|24\n|\n|t:|1771009942\n|move|p1a: Sigilyph|Stored Power|p2a: Florges\n|-damage|p2a: Florges|164/268 tox\n|move|p2a: Florges|Moonblast|p1a: Sigilyph\n|-damage|p1a: Sigilyph|140/255 brn\n|-unboost|p1a: Sigilyph|spa|1\n|\n|-heal|p2a: Florges|180/268 tox|[from] item: Leftovers\n|-damage|p2a: Florges|116/268 tox|[from] psn\n|upkeep\n|turn|25\n|\n|t:|1771009950\n|move|p1a: Sigilyph|Cosmic Power|p1a: Sigilyph\n|-boost|p1a: Sigilyph|def|1\n|-boost|p1a: Sigilyph|spd|1\n|move|p2a: Florges|Moonblast|p1a: Sigilyph\n|-damage|p1a: Sigilyph|28/255 brn\n|\n|-heal|p2a: Florges|132/268 tox|[from] item: Leftovers\n|-damage|p2a: Florges|52/268 tox|[from] psn\n|upkeep\n|turn|26\n|\n|t:|1771009952\n|move|p1a: Sigilyph|Roost|p1a: Sigilyph\n|-heal|p1a: Sigilyph|156/255 brn\n|-singleturn|p1a: Sigilyph|move: Roost\n|move|p2a: Florges|Moonblast|p1a: Sigilyph\n|-damage|p1a: Sigilyph|44/255 brn\n|\n|-heal|p2a: Florges|68/268 tox|[from] item: Leftovers\n|-damage|p2a: Florges|0 fnt|[from] psn\n|faint|p2a: Florges\n|upkeep\n|\n|t:|1771009960\n|switch|p2a: Tentacruel|Tentacruel, L83, M|87/268\n|turn|27\n|\n|t:|1771009962\n|move|p2a: Tentacruel|Sludge Bomb|p1a: Sigilyph\n|-damage|p1a: Sigilyph|14/255 brn\n|move|p1a: Sigilyph|Roost|p1a: Sigilyph\n|-heal|p1a: Sigilyph|142/255 brn\n|-singleturn|p1a: Sigilyph|move: Roost\n|\n|-heal|p2a: Tentacruel|103/268|[from] item: Black Sludge\n|upkeep\n|turn|28\n|-message|hepatortoise forfeited.\n|\n|win|Omgebhonyel\n|raw|Omgebhonyel's rating: 1613 &rarr; <strong>1638</strong><br />(+25 for winning)\n|raw|hepatortoise's rating: 1707 &rarr; <strong>1682</strong><br />(-25 for losing)\n|l|☆hepatortoise\n|player|p2|\n", "inputlog": ">version ccdc32dd7cde25fd9e4bed64820e885f66e78a4e\n>start {\"formatid\":\"gen6randombattle\",\"seed\":\"sodium,1c3ab7b0917c5a90e94b07c2502337b0\",\"rated\":\"Rated battle\"}\n>player p1 {\"name\":\"Omgebhonyel\",\"avatar\":\"brock\",\"rating\":1613,\"seed\":\"sodium,39845ffce9510bd6521a509e9935d02e\"}\n>player p2 {\"name\":\"hepatortoise\",\"avatar\":\"medium\",\"rating\":1707,\"seed\":\"sodium,17bde28e5a27314f3f749b580fc61a25\"}\n>p1 move knockoff\n>p2 switch 5\n>p1 switch 5\n>p2 move toxic\n>p1 switch 6\n>p2 move uturn\n>p2 switch 3\n>p1 switch 4\n>p2 move moonblast\n>p1 move stoneedge\n>p2 switch 4\n>p1 move knockoff\n>p2 switch 5\n>p1 switch 5\n>p2 move poweruppunch mega\n>p1 move earthquake\n>p2 move return\n>p2 switch 6\n>p1 switch 5\n>p2 move scald\n>p1 move knockoff\n>p2 move scald\n>p1 switch 2\n>p1 move headcharge\n>p2 move toxicspikes\n>p1 move headcharge\n>p2 switch 2\n>p1 move swordsdance\n>p2 move stealthrock\n>p1 move stoneedge\n>p2 move toxic\n>p1 move stoneedge\n>p2 move stickyweb\n>p1 move stoneedge\n>p2 move knockoff\n>p2 switch 3\n>p1 move headcharge\n>p2 move scald\n>p2 switch 2\n>p1 move headcharge\n>p2 move scald\n>p1 switch 6\n>p1 move cosmicpower\n>p2 switch 4\n>p1 move cosmicpower\n>p2 move calmmind\n>p1 move psychoshift\n>p2 move calmmind\n>p1 move cosmicpower\n>p2 move calmmind\n>p1 move cosmicpower\n>p2 move calmmind\n>p1 move storedpower\n>p2 move moonblast\n>p1 move cosmicpower\n>p2 move moonblast\n>p1 move roost\n>p2 move moonblast\n>p2 switch 4\n>p1 move roost\n>p2 move sludgebomb\n>forcelose p2", "uploadtime": 1771009973, "views": 186, "formatid": "gen6randombattle", "rating": 1638, "private": 0, "password": null}