{"id": "gen6randombattle-2519947636", "format": "[Gen 6] Random Battle", "players": ["t1_opti", "King_MakiX"], "log": "|j|☆t1_opti\n|j|☆King_MakiX\n|t:|1768573605\n|gametype|singles\n|player|p1|t1_opti|169|1647\n|player|p2|King_MakiX|101|1704\n|gen|6\n|tier|[Gen 6] Random Battle\n|rated|\n|rule|Sleep Clause Mod: Limit one foe put to sleep\n|rule|HP Percentage Mod: HP is shown in percentages\n|rule|Illusion Level Mod: Illusion disguises the Pokémon's true level\n|\n|t:|1768573605\n|teamsize|p1|6\n|teamsize|p2|6\n|start\n|switch|p1a: Jirachi|Jirachi, L78|284/284\n|switch|p2a: Pikachu|Pikachu, L91, M|212/212\n|turn|1\n|inactive|Battle timer is ON: inactive players will automatically lose when time's up. (requested by King_MakiX)\n|inactive|t1_opti also wants the timer to be on.\n|\n|t:|1768573629\n|move|p1a: Jirachi|U-turn|p2a: Pikachu\n|-damage|p2a: Pikachu|143/212\n|\n|t:|1768573635\n|switch|p1a: Pachirisu|Pachirisu, L95, F|268/268|[from] U-turn\n|move|p2a: Pikachu|Knock Off|p1a: Pachirisu\n|-damage|p1a: Pachirisu|152/268\n|-enditem|p1a: Pachirisu|Assault Vest|[from] move: Knock Off|[of] p2a: Pikachu\n|\n|upkeep\n|turn|2\n|\n|t:|1768573657\n|switch|p2a: Breloom|Breloom, L82, F|233/233\n|move|p1a: Pachirisu|Super Fang|p2a: Breloom\n|-damage|p2a: Breloom|117/233\n|\n|upkeep\n|turn|3\n|\n|t:|1768573671\n|move|p1a: Pachirisu|Nuzzle|p2a: Breloom\n|-resisted|p2a: Breloom\n|-damage|p2a: Breloom|108/233\n|-status|p2a: Breloom|par\n|cant|p2a: Breloom|par\n|\n|upkeep\n|turn|4\n|\n|t:|1768573677\n|move|p1a: Pachirisu|Thunderbolt|p2a: Breloom\n|-resisted|p2a: Breloom\n|-damage|p2a: Breloom|57/233 par\n|cant|p2a: Breloom|par\n|\n|upkeep\n|turn|5\n|\n|t:|1768573683\n|move|p2a: Breloom|Mach Punch|p1a: Pachirisu\n|-damage|p1a: Pachirisu|42/268\n|-damage|p2a: Breloom|34/233 par|[from] item: Life Orb\n|move|p1a: Pachirisu|Thunderbolt|p2a: Breloom\n|-resisted|p2a: Breloom\n|-crit|p2a: Breloom\n|-damage|p2a: Breloom|0 fnt\n|faint|p2a: Breloom\n|\n|upkeep\n|\n|t:|1768573689\n|switch|p2a: Electrode|Electrode, L88|249/249\n|turn|6\n|\n|t:|1768573694\n|move|p2a: Electrode|Foul Play|p1a: Pachirisu\n|-damage|p1a: Pachirisu|0 fnt\n|faint|p1a: Pachirisu\n|-damage|p2a: Electrode|225/249|[from] item: Life Orb\n|\n|upkeep\n|\n|t:|1768573710\n|switch|p1a: Reshiram|Reshiram, L73|266/266\n|-ability|p1a: Reshiram|Turboblaze\n|turn|7\n|inactive|King_MakiX has 120 seconds left.\n|\n|t:|1768573740\n|move|p2a: Electrode|Thunderbolt|p1a: Reshiram\n|-resisted|p1a: Reshiram\n|-damage|p1a: Reshiram|213/266\n|-damage|p2a: Electrode|201/249|[from] item: Life Orb\n|move|p1a: Reshiram|Toxic|p2a: Electrode\n|-status|p2a: Electrode|tox\n|\n|-heal|p1a: Reshiram|229/266|[from] item: Leftovers\n|-damage|p2a: Electrode|186/249 tox|[from] psn\n|upkeep\n|turn|8\n|\n|t:|1768573746\n|move|p2a: Electrode|Thunderbolt|p1a: Reshiram\n|-resisted|p1a: Reshiram\n|-damage|p1a: Reshiram|174/266\n|-damage|p2a: Electrode|162/249 tox|[from] item: Life Orb\n|move|p1a: Reshiram|Blue Flare|p2a: Electrode\n|-damage|p2a: Electrode|18/249 tox\n|\n|-heal|p1a: Reshiram|190/266|[from] item: Leftovers\n|-damage|p2a: Electrode|0 fnt|[from] psn\n|faint|p2a: Electrode\n|upkeep\n|\n|t:|1768573750\n|switch|p2a: Archeops|Archeops, L82, M|257/257\n|turn|9\n|\n|t:|1768573765\n|move|p2a: Archeops|Earthquake|p1a: Reshiram\n|-supereffective|p1a: Reshiram\n|-damage|p1a: Reshiram|14/266\n|move|p1a: Reshiram|Draco Meteor|p2a: Archeops\n|-damage|p2a: Archeops|74/257\n|-unboost|p1a: Reshiram|spa|2\n|\n|-heal|p1a: Reshiram|30/266|[from] item: Leftovers\n|upkeep\n|turn|10\n|\n|t:|1768573771\n|move|p2a: Archeops|Earthquake|p1a: Reshiram\n|-supereffective|p1a: Reshiram\n|-damage|p1a: Reshiram|0 fnt\n|faint|p1a: Reshiram\n|\n|upkeep\n|\n|t:|1768573793\n|switch|p1a: Jirachi|Jirachi, L78|284/284\n|turn|11\n|\n|t:|1768573797\n|move|p1a: Jirachi|Iron Head|p2a: Archeops\n|-supereffective|p2a: Archeops\n|-damage|p2a: Archeops|0 fnt\n|faint|p2a: Archeops\n|\n|upkeep\n|\n|t:|1768573800\n|switch|p2a: Pikachu|Pikachu, L91, M|143/212\n|turn|12\n|\n|t:|1768573814\n|move|p1a: Jirachi|Iron Head|p2a: Pikachu\n|-resisted|p2a: Pikachu\n|-damage|p2a: Pikachu|86/212\n|move|p2a: Pikachu|Knock Off|p1a: Jirachi\n|-supereffective|p1a: Jirachi\n|-damage|p1a: Jirachi|72/284\n|-enditem|p1a: Jirachi|Choice Scarf|[from] move: Knock Off|[of] p2a: Pikachu\n|\n|upkeep\n|turn|13\n|\n|t:|1768573822\n|move|p2a: Pikachu|Knock Off|p1a: Jirachi\n|-supereffective|p1a: Jirachi\n|-damage|p1a: Jirachi|0 fnt\n|faint|p1a: Jirachi\n|\n|upkeep\n|\n|t:|1768573843\n|switch|p1a: Ledian|Ledian, M|271/271\n|turn|14\n|\n|t:|1768573848\n|move|p1a: Ledian|Focus Blast|p2a: Pikachu\n|-damage|p2a: Pikachu|0 fnt\n|faint|p2a: Pikachu\n|\n|upkeep\n|\n|t:|1768573856\n|switch|p2a: Furfrou|Furfrou-Star, L85, F|266/266\n|turn|15\n|\n|t:|1768573866\n|move|p1a: Ledian|Toxic|p2a: Furfrou\n|-status|p2a: Furfrou|tox\n|move|p2a: Furfrou|Toxic|p1a: Ledian\n|-status|p1a: Ledian|tox\n|\n|-damage|p1a: Ledian|255/271 tox|[from] psn\n|-damage|p2a: Furfrou|250/266 tox|[from] psn\n|upkeep\n|turn|16\n|\n|t:|1768573872\n|move|p1a: Ledian|Knock Off|p2a: Furfrou\n|-damage|p2a: Furfrou|217/266 tox\n|-enditem|p2a: Furfrou|Chesto Berry|[from] move: Knock Off|[of] p1a: Ledian\n|move|p2a: Furfrou|Cotton Guard|p2a: Furfrou\n|-boost|p2a: Furfrou|def|3\n|\n|-heal|p1a: Ledian|271/271 tox|[from] item: Leftovers\n|-damage|p1a: Ledian|239/271 tox|[from] psn\n|-damage|p2a: Furfrou|185/266 tox|[from] psn\n|upkeep\n|turn|17\n|\n|t:|1768573874\n|move|p1a: Ledian|Focus Blast|p2a: Furfrou|[miss]\n|-miss|p1a: Ledian|p2a: Furfrou\n|move|p2a: Furfrou|Cotton Guard|p2a: Furfrou\n|-boost|p2a: Furfrou|def|3\n|\n|-heal|p1a: Ledian|255/271 tox|[from] item: Leftovers\n|-damage|p1a: Ledian|207/271 tox|[from] psn\n|-damage|p2a: Furfrou|137/266 tox|[from] psn\n|upkeep\n|turn|18\n|\n|t:|1768573878\n|move|p1a: Ledian|Focus Blast|p2a: Furfrou\n|-supereffective|p2a: Furfrou\n|-damage|p2a: Furfrou|0 fnt\n|faint|p2a: Furfrou\n|\n|-heal|p1a: Ledian|223/271 tox|[from] item: Leftovers\n|-damage|p1a: Ledian|159/271 tox|[from] psn\n|upkeep\n|\n|t:|1768573881\n|switch|p2a: Gothitelle|Gothitelle, L89, F|269/269\n|turn|19\n|\n|t:|1768573893\n|move|p1a: Ledian|Toxic|p2a: Gothitelle\n|-status|p2a: Gothitelle|tox\n|move|p2a: Gothitelle|Calm Mind|p2a: Gothitelle\n|-boost|p2a: Gothitelle|spa|1\n|-boost|p2a: Gothitelle|spd|1\n|\n|-heal|p1a: Ledian|175/271 tox|[from] item: Leftovers\n|-damage|p1a: Ledian|95/271 tox|[from] psn\n|-damage|p2a: Gothitelle|253/269 tox|[from] psn\n|upkeep\n|turn|20\n|\n|t:|1768573900\n|move|p1a: Ledian|Knock Off|p2a: Gothitelle\n|-supereffective|p2a: Gothitelle\n|-damage|p2a: Gothitelle|157/269 tox\n|-enditem|p2a: Gothitelle|Leftovers|[from] move: Knock Off|[of] p1a: Ledian\n|move|p2a: Gothitelle|Psychic|p1a: Ledian\n|-damage|p1a: Ledian|0 fnt\n|faint|p1a: Ledian\n|\n|-damage|p2a: Gothitelle|125/269 tox|[from] psn\n|upkeep\n|\n|t:|1768573905\n|switch|p1a: Glalie|Glalie, L82, M|265/265\n|turn|21\n|\n|t:|1768573912\n|detailschange|p1a: Glalie|Glalie-Mega, L82, M\n|-mega|p1a: Glalie|Glalie|Glalitite\n|move|p1a: Glalie|Return|p2a: Gothitelle\n|-damage|p2a: Gothitelle|0 fnt\n|faint|p2a: Gothitelle\n|\n|win|t1_opti\n|raw|t1_opti's rating: 1647 &rarr; <strong>1670</strong><br />(+23 for winning)\n|raw|King_MakiX's rating: 1704 &rarr; <strong>1681</strong><br />(-23 for losing)\n|l|☆King_MakiX\n|player|p2|\n|l|☆t1_opti\n|player|p1|\n", "inputlog": ">version 3bd1a1e329da8d286644078cfc9a9638fc7ea025\n>start {\"formatid\":\"gen6randombattle\",\"seed\":\"sodium,ebd36a63059325b4f83a015c0f7cd1a8\",\"rated\":\"Rated battle\"}\n>player p1 {\"name\":\"t1_opti\",\"avatar\":\"169\",\"rating\":1647,\"seed\":\"sodium,b35133dadf6e8497e32d4a28cc96c10d\"}\n>player p2 {\"name\":\"King_MakiX\",\"avatar\":\"101\",\"rating\":1704,\"seed\":\"sodium,6900104f83601dd124cf680afc04ab05\"}\n>p1 move uturn\n>p2 move knockoff\n>p1 switch 3\n>p1 move superfang\n>p2 switch 4\n>p1 move nuzzle\n>p2 move spore\n>p1 move thunderbolt\n>p2 move spore\n>p1 move thunderbolt\n>p2 move machpunch\n>p2 switch 5\n>p1 move superfang\n>p2 move foulplay\n>p1 switch 5\n>p1 move toxic\n>p2 move thunderbolt\n>p1 move blueflare\n>p2 move thunderbolt\n>p2 switch 2\n>p1 move dracometeor\n>p2 move earthquake\n>p1 move roost\n>p2 move earthquake\n>p1 switch 3\n>p1 move ironhead\n>p2 move earthquake\n>p2 switch 4\n>p1 move ironhead\n>p2 move knockoff\n>p1 move ironhead\n>p2 move knockoff\n>p1 switch 2\n>p1 move focusblast\n>p2 move volttackle\n>p2 switch 6\n>p1 move toxic\n>p2 move toxic\n>p1 move knockoff\n>p2 move cottonguard\n>p1 move focusblast\n>p2 move cottonguard\n>p1 move focusblast\n>p2 move rest\n>p2 switch 3\n>p1 move toxic\n>p2 move calmmind\n>p1 move knockoff\n>p2 move psychic\n>p1 switch 6\n>p1 move return mega\n>p2 move hiddenpower", "uploadtime": 1768573917, "views": 280, "formatid": "gen6randombattle", "rating": 1670, "private": 0, "password": null}