{"id": "gen6randombattle-2519758763", "format": "[Gen 6] Random Battle", "players": ["Embar", "ctb659"], "log": "|j|☆Embar\n|j|☆ctb659\n|t:|1768544609\n|gametype|singles\n|player|p1|Embar|linebacker|1569\n|player|p2|ctb659|102|1594\n|gen|6\n|tier|[Gen 6] Random Battle\n|rated|\n|rule|Sleep Clause Mod: Limit one foe put to sleep\n|rule|HP Percentage Mod: HP is shown in percentages\n|rule|Illusion Level Mod: Illusion disguises the Pokémon's true level\n|\n|t:|1768544609\n|teamsize|p1|6\n|teamsize|p2|6\n|start\n|switch|p1a: Suicune|Suicune, L80|291/291\n|switch|p2a: Umbreon|Umbreon, L83, M|293/293\n|-ability|p1a: Suicune|Pressure\n|turn|1\n|\n|t:|1768544621\n|move|p1a: Suicune|Substitute|p1a: Suicune\n|-start|p1a: Suicune|Substitute\n|-damage|p1a: Suicune|219/291\n|move|p2a: Umbreon|Toxic||[still]\n|-fail|p2a: Umbreon\n|\n|-heal|p1a: Suicune|237/291|[from] item: Leftovers\n|upkeep\n|turn|2\n|\n|t:|1768544630\n|switch|p2a: Magnezone|Magnezone, L82|249/249\n|move|p1a: Suicune|Calm Mind|p1a: Suicune\n|-boost|p1a: Suicune|spa|1\n|-boost|p1a: Suicune|spd|1\n|\n|-heal|p1a: Suicune|255/291|[from] item: Leftovers\n|upkeep\n|turn|3\n|\n|t:|1768544636\n|move|p1a: Suicune|Calm Mind|p1a: Suicune\n|-boost|p1a: Suicune|spa|1\n|-boost|p1a: Suicune|spd|1\n|move|p2a: Magnezone|Thunderbolt|p1a: Suicune\n|-supereffective|p1a: Suicune\n|-crit|p1a: Suicune\n|-end|p1a: Suicune|Substitute\n|\n|-heal|p1a: Suicune|273/291|[from] item: Leftovers\n|upkeep\n|turn|4\n|\n|t:|1768544645\n|move|p1a: Suicune|Calm Mind|p1a: Suicune\n|-boost|p1a: Suicune|spa|1\n|-boost|p1a: Suicune|spd|1\n|move|p2a: Magnezone|Toxic|p1a: Suicune\n|-status|p1a: Suicune|tox\n|\n|-heal|p1a: Suicune|291/291 tox|[from] item: Leftovers\n|-damage|p1a: Suicune|273/291 tox|[from] psn\n|upkeep\n|turn|5\n|\n|t:|1768544653\n|move|p1a: Suicune|Scald|p2a: Magnezone\n|-damage|p2a: Magnezone|74/249\n|-status|p2a: Magnezone|brn\n|move|p2a: Magnezone|Thunderbolt|p1a: Suicune\n|-supereffective|p1a: Suicune\n|-damage|p1a: Suicune|169/291 tox\n|\n|-heal|p1a: Suicune|187/291 tox|[from] item: Leftovers\n|-heal|p2a: Magnezone|89/249 brn|[from] item: Leftovers\n|-damage|p1a: Suicune|151/291 tox|[from] psn\n|-damage|p2a: Magnezone|58/249 brn|[from] brn\n|upkeep\n|turn|6\n|\n|t:|1768544660\n|move|p2a: Magnezone|Protect|p2a: Magnezone\n|-singleturn|p2a: Magnezone|Protect\n|move|p1a: Suicune|Scald|p2a: Magnezone\n|-activate|p2a: Magnezone|move: Protect\n|\n|-heal|p1a: Suicune|169/291 tox|[from] item: Leftovers\n|-heal|p2a: Magnezone|73/249 brn|[from] item: Leftovers\n|-damage|p1a: Suicune|115/291 tox|[from] psn\n|-damage|p2a: Magnezone|42/249 brn|[from] brn\n|upkeep\n|turn|7\n|\n|t:|1768544663\n|move|p1a: Suicune|Scald|p2a: Magnezone\n|-damage|p2a: Magnezone|0 fnt\n|faint|p2a: Magnezone\n|\n|-heal|p1a: Suicune|133/291 tox|[from] item: Leftovers\n|-damage|p1a: Suicune|61/291 tox|[from] psn\n|upkeep\n|\n|t:|1768544671\n|switch|p2a: Furfrou|Furfrou-Debutante, L85, F|266/266\n|turn|8\n|\n|t:|1768544675\n|move|p2a: Furfrou|Return|p1a: Suicune\n|-damage|p1a: Suicune|0 fnt\n|faint|p1a: Suicune\n|\n|upkeep\n|\n|t:|1768544690\n|switch|p1a: Furret|Furret, L93, M|309/309\n|-item|p2a: Furfrou|Chesto Berry|[from] ability: Frisk|[of] p1a: Furret\n|turn|9\n|\n|t:|1768544694\n|move|p2a: Furfrou|Return|p1a: Furret\n|-damage|p1a: Furret|192/309\n|move|p1a: Furret|Knock Off|p2a: Furfrou\n|-crit|p2a: Furfrou\n|-damage|p2a: Furfrou|157/266\n|-enditem|p2a: Furfrou|Chesto Berry|[from] move: Knock Off|[of] p1a: Furret\n|\n|upkeep\n|turn|10\n|\n|t:|1768544704\n|switch|p1a: Venusaur|Venusaur, L77, F|250/250\n|move|p2a: Furfrou|Return|p1a: Venusaur\n|-damage|p1a: Venusaur|142/250\n|\n|upkeep\n|turn|11\n|\n|t:|1768544709\n|detailschange|p1a: Venusaur|Venusaur-Mega, L77, F\n|-mega|p1a: Venusaur|Venusaur|Venusaurite\n|move|p2a: Furfrou|Return|p1a: Venusaur\n|-damage|p1a: Venusaur|55/250\n|move|p1a: Venusaur|Synthesis|p1a: Venusaur\n|-heal|p1a: Venusaur|180/250\n|\n|upkeep\n|turn|12\n|\n|t:|1768544714\n|move|p2a: Furfrou|U-turn|p1a: Venusaur\n|-damage|p1a: Venusaur|144/250\n|\n|t:|1768544717\n|switch|p2a: Swellow|Swellow, L81, F|230/230|[from] U-turn\n|move|p1a: Venusaur|Sludge Bomb|p2a: Swellow\n|-damage|p2a: Swellow|86/230\n|\n|-status|p2a: Swellow|tox|[from] item: Toxic Orb\n|upkeep\n|turn|13\n|\n|t:|1768544724\n|switch|p1a: Furret|Furret, L93, M|192/309\n|-item|p2a: Swellow|Toxic Orb|[from] ability: Frisk|[of] p1a: Furret\n|move|p2a: Swellow|U-turn|p1a: Furret\n|-damage|p1a: Furret|115/309\n|\n|t:|1768544732\n|switch|p2a: Furfrou|Furfrou-Debutante, L85, F|157/266|[from] U-turn\n|\n|upkeep\n|turn|14\n|\n|t:|1768544741\n|move|p2a: Furfrou|Return|p1a: Furret\n|-damage|p1a: Furret|0 fnt\n|faint|p1a: Furret\n|\n|upkeep\n|\n|t:|1768544744\n|switch|p1a: Venusaur|Venusaur-Mega, L77, F|144/250\n|turn|15\n|\n|t:|1768544749\n|move|p2a: Furfrou|Return|p1a: Venusaur\n|-damage|p1a: Venusaur|59/250\n|move|p1a: Venusaur|Synthesis|p1a: Venusaur\n|-heal|p1a: Venusaur|184/250\n|\n|upkeep\n|turn|16\n|\n|t:|1768544753\n|move|p2a: Furfrou|Return|p1a: Venusaur\n|-damage|p1a: Venusaur|100/250\n|move|p1a: Venusaur|Synthesis|p1a: Venusaur\n|-heal|p1a: Venusaur|225/250\n|\n|upkeep\n|turn|17\n|\n|t:|1768544756\n|move|p2a: Furfrou|Return|p1a: Venusaur\n|-damage|p1a: Venusaur|149/250\n|move|p1a: Venusaur|Sludge Bomb|p2a: Furfrou\n|-damage|p2a: Furfrou|57/266\n|\n|upkeep\n|turn|18\n|\n|t:|1768544760\n|move|p2a: Furfrou|Return|p1a: Venusaur\n|-damage|p1a: Venusaur|67/250\n|move|p1a: Venusaur|Synthesis|p1a: Venusaur\n|-heal|p1a: Venusaur|192/250\n|\n|upkeep\n|turn|19\n|\n|t:|1768544762\n|move|p2a: Furfrou|Return|p1a: Venusaur\n|-damage|p1a: Venusaur|105/250\n|move|p1a: Venusaur|Sludge Bomb|p2a: Furfrou\n|-damage|p2a: Furfrou|0 fnt\n|faint|p2a: Furfrou\n|\n|upkeep\n|\n|t:|1768544767\n|switch|p2a: Swellow|Swellow, L81, F|86/230 tox\n|turn|20\n|\n|t:|1768544781\n|switch|p1a: Samurott|Samurott, L87, M|307/307\n|move|p2a: Swellow|Facade|p1a: Samurott\n|-damage|p1a: Samurott|127/307\n|\n|-damage|p2a: Swellow|72/230 tox|[from] psn\n|upkeep\n|turn|21\n|\n|t:|1768544798\n|switch|p2a: Arceus|Arceus-Grass, L71|288/288\n|move|p1a: Samurott|Waterfall|p2a: Arceus\n|-resisted|p2a: Arceus\n|-damage|p2a: Arceus|235/288\n|-damage|p1a: Samurott|97/307|[from] item: Life Orb\n|\n|upkeep\n|turn|22\n|\n|t:|1768544815\n|switch|p1a: Tauros|Tauros, L82, M|257/257\n|move|p2a: Arceus|Ice Beam|p1a: Tauros\n|-damage|p1a: Tauros|195/257\n|-status|p1a: Tauros|frz\n|\n|upkeep\n|turn|23\n|\n|t:|1768544824\n|switch|p2a: Umbreon|Umbreon, L83, M|293/293\n|cant|p1a: Tauros|frz\n|\n|upkeep\n|turn|24\n|\n|t:|1768544845\n|switch|p1a: Venusaur|Venusaur-Mega, L77, F|105/250\n|move|p2a: Umbreon|Foul Play|p1a: Venusaur\n|-crit|p1a: Venusaur\n|-damage|p1a: Venusaur|0 fnt\n|faint|p1a: Venusaur\n|detailschange|p1: Venusaur|Venusaur, L77, F|[silent]\n|\n|upkeep\n|\n|t:|1768544855\n|switch|p1a: Cacturne|Cacturne, L90, M|272/272\n|turn|25\n|\n|t:|1768544861\n|move|p2a: Umbreon|Toxic|p1a: Cacturne\n|-status|p1a: Cacturne|tox\n|move|p1a: Cacturne|Swords Dance|p1a: Cacturne\n|-boost|p1a: Cacturne|atk|2\n|\n|-damage|p1a: Cacturne|255/272 tox|[from] psn\n|upkeep\n|turn|26\n|\n|t:|1768544865\n|move|p2a: Umbreon|Foul Play|p1a: Cacturne\n|-resisted|p1a: Cacturne\n|-damage|p1a: Cacturne|103/272 tox\n|move|p1a: Cacturne|Drain Punch|p2a: Umbreon\n|-supereffective|p2a: Umbreon\n|-crit|p2a: Umbreon\n|-damage|p2a: Umbreon|0 fnt\n|-heal|p1a: Cacturne|250/272 tox|[from] drain|[of] p2a: Umbreon\n|faint|p2a: Umbreon\n|-damage|p1a: Cacturne|223/272 tox|[from] item: Life Orb\n|\n|-damage|p1a: Cacturne|189/272 tox|[from] psn\n|upkeep\n|\n|t:|1768544871\n|switch|p2a: Arceus|Arceus-Grass, L71|235/288\n|turn|27\n|\n|t:|1768544880\n|switch|p2a: Swellow|Swellow, L81, F|72/230 tox\n|move|p1a: Cacturne|Drain Punch|p2a: Swellow\n|-damage|p2a: Swellow|0 fnt\n|-heal|p1a: Cacturne|225/272 tox|[from] drain|[of] p2a: Swellow\n|faint|p2a: Swellow\n|-damage|p1a: Cacturne|198/272 tox|[from] item: Life Orb\n|\n|-damage|p1a: Cacturne|147/272 tox|[from] psn\n|upkeep\n|\n|t:|1768544888\n|switch|p2a: Arceus|Arceus-Grass, L71|235/288\n|turn|28\n|\n|t:|1768544892\n|move|p1a: Cacturne|Sucker Punch|p2a: Arceus\n|-damage|p2a: Arceus|0 fnt\n|faint|p2a: Arceus\n|-damage|p1a: Cacturne|120/272 tox|[from] item: Life Orb\n|\n|-damage|p1a: Cacturne|52/272 tox|[from] psn\n|upkeep\n|\n|t:|1768544896\n|switch|p2a: Haxorus|Haxorus, L77, F|244/244\n|-ability|p2a: Haxorus|Mold Breaker\n|turn|29\n|\n|t:|1768544905\n|move|p1a: Cacturne|Sucker Punch|p2a: Haxorus\n|-damage|p2a: Haxorus|0 fnt\n|faint|p2a: Haxorus\n|-damage|p1a: Cacturne|25/272 tox|[from] item: Life Orb\n|\n|win|Embar\n|raw|Embar's rating: 1569 &rarr; <strong>1590</strong><br />(+21 for winning)\n|raw|ctb659's rating: 1594 &rarr; <strong>1573</strong><br />(-21 for losing)\n|l|☆ctb659\n|player|p2|\n|c|☆Embar|LOOOOOOOOOOOOOL\n", "inputlog": ">version 3bd1a1e329da8d286644078cfc9a9638fc7ea025\n>start {\"formatid\":\"gen6randombattle\",\"seed\":\"sodium,c1dd6353186a1a33d524e0d899cfd288\",\"rated\":\"Rated battle\"}\n>player p1 {\"name\":\"Embar\",\"avatar\":\"linebacker\",\"rating\":1569,\"seed\":\"sodium,8c8b6935409f8ae1fd84d9527bb44e97\"}\n>player p2 {\"name\":\"ctb659\",\"avatar\":\"102\",\"rating\":1594,\"seed\":\"sodium,5f1209fbe8911e664ac87d046174a562\"}\n>p1 move substitute\n>p2 move toxic\n>p1 move calmmind\n>p2 switch 6\n>p1 move calmmind\n>p2 move thunderbolt\n>p1 move calmmind\n>p2 move toxic\n>p1 move scald\n>p2 move thunderbolt\n>p1 move scald\n>p2 move protect\n>p1 move scald\n>p2 move thunderbolt\n>p2 switch 5\n>p1 move scald\n>p2 move return\n>p1 switch 4\n>p1 move knockoff\n>p2 move return\n>p1 switch 2\n>p2 move return\n>p1 move synthesis mega\n>p2 move return\n>p1 move sludgebomb\n>p2 move uturn\n>p2 switch 3\n>p1 switch 2\n>p2 move uturn\n>p2 switch 3\n>p1 move doubleedge\n>p2 move return\n>p1 switch 2\n>p1 move synthesis\n>p2 move return\n>p1 move synthesis\n>p2 move return\n>p1 move sludgebomb\n>p2 move return\n>p1 move synthesis\n>p2 move return\n>p1 move sludgebomb\n>p2 move return\n>p2 switch 3\n>p1 switch 3\n>p2 move facade\n>p1 move waterfall\n>p2 switch 2\n>p1 switch 5\n>p2 move icebeam\n>p1 move fireblast\n>p2 switch 6\n>p1 switch 3\n>p2 move foulplay\n>p1 switch 6\n>p1 move swordsdance\n>p2 move toxic\n>p1 move drainpunch\n>p2 move foulplay\n>p2 switch 6\n>p1 move drainpunch\n>p2 switch 2\n>p2 switch 2\n>p1 move suckerpunch\n>p2 move icebeam\n>p2 switch 4\n>p1 move suckerpunch\n>p2 move earthquake", "uploadtime": 1768544914, "views": 269, "formatid": "gen6randombattle", "rating": 1573, "private": 0, "password": null}