{"id": "gen6randombattle-2539701887", "format": "[Gen 6] Random Battle", "players": ["Omgebhonyel", "Fogglez"], "log": "|j|☆Omgebhonyel\n|j|☆Fogglez\n|t:|1771098371\n|gametype|singles\n|player|p1|Omgebhonyel|brock|1527\n|player|p2|Fogglez|102|1582\n|gen|6\n|tier|[Gen 6] Random Battle\n|rated|\n|rule|Sleep Clause Mod: Limit one foe put to sleep\n|rule|HP Percentage Mod: HP is shown in percentages\n|rule|Illusion Level Mod: Illusion disguises the Pokémon's true level\n|\n|t:|1771098371\n|teamsize|p1|6\n|teamsize|p2|6\n|start\n|switch|p1a: Registeel|Registeel, L82|265/265\n|switch|p2a: Ninetales|Ninetales, L83, F|257/257\n|-weather|SunnyDay|[from] ability: Drought|[of] p2a: Ninetales\n|turn|1\n|\n|t:|1771098387\n|move|p2a: Ninetales|Nasty Plot|p2a: Ninetales\n|-boost|p2a: Ninetales|spa|2\n|move|p1a: Registeel|Seismic Toss|p2a: Ninetales\n|-damage|p2a: Ninetales|175/257\n|\n|-weather|SunnyDay|[upkeep]\n|upkeep\n|turn|2\n|\n|t:|1771098393\n|switch|p1a: Ho-Oh|Ho-Oh, L69|261/261\n|move|p2a: Ninetales|Fire Blast|p1a: Ho-Oh\n|-resisted|p1a: Ho-Oh\n|-damage|p1a: Ho-Oh|109/261\n|-damage|p2a: Ninetales|150/257|[from] item: Life Orb\n|\n|-weather|SunnyDay|[upkeep]\n|-heal|p1a: Ho-Oh|125/261|[from] item: Leftovers\n|upkeep\n|turn|3\n|\n|t:|1771098405\n|switch|p1a: Azumarill|Azumarill, L81, F|295/295\n|move|p2a: Ninetales|Hidden Power|p1a: Azumarill\n|-damage|p1a: Azumarill|194/295\n|-damage|p2a: Ninetales|125/257|[from] item: Life Orb\n|\n|-weather|SunnyDay|[upkeep]\n|upkeep\n|turn|4\n|\n|t:|1771098413\n|switch|p1a: Ho-Oh|Ho-Oh, L69|212/261\n|move|p2a: Ninetales|Solar Beam||[still]\n|-prepare|p2a: Ninetales|Solar Beam\n|-anim|p2a: Ninetales|Solar Beam|p1a: Ho-Oh\n|-resisted|p1a: Ho-Oh\n|-crit|p1a: Ho-Oh\n|-damage|p1a: Ho-Oh|157/261\n|-damage|p2a: Ninetales|100/257|[from] item: Life Orb\n|\n|-weather|SunnyDay|[upkeep]\n|-heal|p1a: Ho-Oh|173/261|[from] item: Leftovers\n|upkeep\n|turn|5\n|\n|t:|1771098423\n|switch|p1a: Regigigas|Regigigas, L84|322/322\n|-start|p1a: Regigigas|ability: Slow Start\n|move|p2a: Ninetales|Fire Blast|p1a: Regigigas|[miss]\n|-miss|p2a: Ninetales|p1a: Regigigas\n|\n|-weather|none\n|upkeep\n|turn|6\n|\n|t:|1771098433\n|move|p2a: Ninetales|Fire Blast|p1a: Regigigas\n|-damage|p1a: Regigigas|92/322\n|-damage|p2a: Ninetales|75/257|[from] item: Life Orb\n|move|p1a: Regigigas|Knock Off|p2a: Ninetales\n|-damage|p2a: Ninetales|18/257\n|-enditem|p2a: Ninetales|Life Orb|[from] move: Knock Off|[of] p1a: Regigigas\n|\n|-heal|p1a: Regigigas|112/322|[from] item: Leftovers\n|upkeep\n|turn|7\n|\n|t:|1771098443\n|move|p2a: Ninetales|Hidden Power|p1a: Regigigas\n|-damage|p1a: Regigigas|48/322\n|move|p1a: Regigigas|Return|p2a: Ninetales\n|-damage|p2a: Ninetales|0 fnt\n|faint|p2a: Ninetales\n|\n|-heal|p1a: Regigigas|68/322|[from] item: Leftovers\n|upkeep\n|\n|t:|1771098460\n|switch|p2a: Spinda|Spinda, L97, F|273/273\n|turn|8\n|\n|t:|1771098466\n|switch|p1a: Azumarill|Azumarill, L81, F|194/295\n|move|p2a: Spinda|Superpower|p1a: Azumarill\n|-resisted|p1a: Azumarill\n|-damage|p1a: Azumarill|153/295\n|-boost|p2a: Spinda|atk|1\n|-boost|p2a: Spinda|def|1\n|\n|upkeep\n|turn|9\n|\n|t:|1771098473\n|move|p2a: Spinda|Return|p1a: Azumarill\n|-crit|p1a: Azumarill\n|-damage|p1a: Azumarill|0 fnt\n|faint|p1a: Azumarill\n|\n|upkeep\n|\n|t:|1771098479\n|switch|p1a: Golurk|Golurk, L83|283/283\n|turn|10\n|\n|t:|1771098490\n|move|p2a: Spinda|Sucker Punch|p1a: Golurk\n|-supereffective|p1a: Golurk\n|-damage|p1a: Golurk|119/283\n|move|p1a: Golurk|Dynamic Punch|p2a: Spinda\n|-supereffective|p2a: Spinda\n|-damage|p2a: Spinda|99/273\n|-start|p2a: Spinda|confusion\n|-damage|p1a: Golurk|91/283|[from] item: Life Orb\n|\n|-heal|p2a: Spinda|116/273|[from] item: Leftovers\n|upkeep\n|turn|11\n|\n|t:|1771098505\n|-activate|p2a: Spinda|confusion\n|move|p2a: Spinda|Thief|p1a: Golurk\n|-supereffective|p1a: Golurk\n|-damage|p1a: Golurk|0 fnt\n|faint|p1a: Golurk\n|\n|-heal|p2a: Spinda|133/273|[from] item: Leftovers\n|upkeep\n|\n|t:|1771098511\n|switch|p1a: Ho-Oh|Ho-Oh, L69|260/261\n|turn|12\n|\n|t:|1771098518\n|-end|p2a: Spinda|confusion\n|move|p2a: Spinda|Superpower|p1a: Ho-Oh\n|-resisted|p1a: Ho-Oh\n|-damage|p1a: Ho-Oh|197/261\n|-boost|p2a: Spinda|atk|1\n|-boost|p2a: Spinda|def|1\n|move|p1a: Ho-Oh|Sacred Fire|p2a: Spinda\n|-damage|p2a: Spinda|84/273\n|-status|p2a: Spinda|brn\n|\n|-heal|p2a: Spinda|101/273 brn|[from] item: Leftovers\n|-heal|p1a: Ho-Oh|213/261|[from] item: Leftovers\n|-damage|p2a: Spinda|67/273 brn|[from] brn\n|upkeep\n|turn|13\n|\n|t:|1771098532\n|move|p2a: Spinda|Superpower|p1a: Ho-Oh\n|-resisted|p1a: Ho-Oh\n|-damage|p1a: Ho-Oh|167/261\n|-boost|p2a: Spinda|atk|1\n|-boost|p2a: Spinda|def|1\n|move|p1a: Ho-Oh|Brave Bird|p2a: Spinda\n|-damage|p2a: Spinda|12/273 brn\n|-damage|p1a: Ho-Oh|149/261|[from] Recoil\n|\n|-heal|p2a: Spinda|29/273 brn|[from] item: Leftovers\n|-heal|p1a: Ho-Oh|165/261|[from] item: Leftovers\n|-damage|p2a: Spinda|0 fnt|[from] brn\n|faint|p2a: Spinda\n|upkeep\n|\n|t:|1771098549\n|switch|p2a: Eelektross|Eelektross, L85, F|283/283\n|turn|14\n|\n|t:|1771098554\n|switch|p1a: Regigigas|Regigigas, L84|68/322\n|-start|p1a: Regigigas|ability: Slow Start\n|move|p2a: Eelektross|U-turn|p1a: Regigigas\n|-damage|p1a: Regigigas|16/322\n|\n|t:|1771098569\n|switch|p2a: Jumpluff|Jumpluff, L90, M|281/281|[from] U-turn\n|\n|-heal|p1a: Regigigas|36/322|[from] item: Leftovers\n|upkeep\n|turn|15\n|\n|t:|1771098575\n|switch|p1a: Ho-Oh|Ho-Oh, L69|252/261\n|move|p2a: Jumpluff|Acrobatics|p1a: Ho-Oh\n|-damage|p1a: Ho-Oh|144/261\n|\n|-heal|p1a: Ho-Oh|160/261|[from] item: Leftovers\n|upkeep\n|turn|16\n|\n|t:|1771098583\n|move|p2a: Jumpluff|Sleep Powder|p1a: Ho-Oh\n|-status|p1a: Ho-Oh|slp|[from] move: Sleep Powder\n|cant|p1a: Ho-Oh|slp\n|\n|-heal|p1a: Ho-Oh|176/261 slp|[from] item: Leftovers\n|upkeep\n|turn|17\n|\n|t:|1771098593\n|switch|p1a: Registeel|Registeel, L82|265/265\n|move|p2a: Jumpluff|Acrobatics|p1a: Registeel\n|-resisted|p1a: Registeel\n|-damage|p1a: Registeel|235/265\n|\n|-heal|p1a: Registeel|251/265|[from] item: Leftovers\n|upkeep\n|turn|18\n|\n|t:|1771098621\n|switch|p2a: Eelektross|Eelektross, L85, F|283/283\n|move|p1a: Registeel|Seismic Toss|p2a: Eelektross\n|-damage|p2a: Eelektross|201/283\n|\n|-heal|p1a: Registeel|265/265|[from] item: Leftovers\n|upkeep\n|turn|19\n|\n|t:|1771098629\n|move|p2a: Eelektross|Discharge|p1a: Registeel\n|-damage|p1a: Registeel|205/265\n|move|p1a: Registeel|Toxic|p2a: Eelektross\n|-status|p2a: Eelektross|tox\n|\n|-heal|p1a: Registeel|221/265|[from] item: Leftovers\n|-damage|p2a: Eelektross|184/283 tox|[from] psn\n|upkeep\n|turn|20\n|\n|t:|1771098638\n|move|p2a: Eelektross|Discharge|p1a: Registeel\n|-damage|p1a: Registeel|154/265\n|move|p1a: Registeel|Seismic Toss|p2a: Eelektross\n|-damage|p2a: Eelektross|102/283 tox\n|\n|-heal|p1a: Registeel|170/265|[from] item: Leftovers\n|-damage|p2a: Eelektross|68/283 tox|[from] psn\n|upkeep\n|turn|21\n|\n|t:|1771098648\n|move|p2a: Eelektross|Discharge|p1a: Registeel\n|-damage|p1a: Registeel|106/265\n|move|p1a: Registeel|Rest|p1a: Registeel\n|-status|p1a: Registeel|slp|[from] move: Rest\n|-heal|p1a: Registeel|265/265 slp|[silent]\n|\n|-damage|p2a: Eelektross|17/283 tox|[from] psn\n|upkeep\n|turn|22\n|\n|t:|1771098664\n|move|p2a: Eelektross|Discharge|p1a: Registeel\n|-damage|p1a: Registeel|198/265 slp\n|cant|p1a: Registeel|slp\n|move|p1a: Registeel|Sleep Talk|p1a: Registeel\n|move|p1a: Registeel|Toxic|p2a: Eelektross|[from] move: Sleep Talk\n|-fail|p2a: Eelektross|tox\n|\n|-heal|p1a: Registeel|214/265 slp|[from] item: Leftovers\n|-damage|p2a: Eelektross|0 fnt|[from] psn\n|faint|p2a: Eelektross\n|upkeep\n|\n|t:|1771098677\n|switch|p2a: Jumpluff|Jumpluff, L90, M|281/281\n|turn|23\n|\n|t:|1771098683\n|move|p2a: Jumpluff|Encore|p1a: Registeel\n|-start|p1a: Registeel|Encore\n|cant|p1a: Registeel|slp\n|move|p1a: Registeel|Sleep Talk|p1a: Registeel\n|move|p1a: Registeel|Toxic|p2a: Jumpluff|[from] move: Sleep Talk|[miss]\n|-miss|p1a: Registeel|p2a: Jumpluff\n|\n|-heal|p1a: Registeel|230/265 slp|[from] item: Leftovers\n|upkeep\n|turn|24\n|\n|t:|1771098691\n|switch|p2a: Vanilluxe|Vanilluxe, L88, M|267/267\n|switch|p1a: Regigigas|Regigigas, L84|36/322\n|-start|p1a: Regigigas|ability: Slow Start\n|\n|-heal|p1a: Regigigas|56/322|[from] item: Leftovers\n|upkeep\n|turn|25\n|\n|t:|1771098702\n|move|p2a: Vanilluxe|Ice Beam|p1a: Regigigas\n|-damage|p1a: Regigigas|0 fnt\n|faint|p1a: Regigigas\n|\n|upkeep\n|\n|t:|1771098708\n|switch|p1a: Registeel|Registeel, L82|230/265 slp\n|turn|26\n|\n|t:|1771098714\n|switch|p2a: Jumpluff|Jumpluff, L90, M|281/281\n|-curestatus|p1a: Registeel|slp|[msg]\n|move|p1a: Registeel|Toxic|p2a: Jumpluff\n|-status|p2a: Jumpluff|tox\n|\n|-heal|p1a: Registeel|246/265|[from] item: Leftovers\n|-damage|p2a: Jumpluff|264/281 tox|[from] psn\n|upkeep\n|turn|27\n|\n|t:|1771098723\n|switch|p1a: Ho-Oh|Ho-Oh, L69|261/261 slp\n|move|p2a: Jumpluff|Encore||[still]\n|-fail|p2a: Jumpluff\n|\n|-damage|p2a: Jumpluff|230/281 tox|[from] psn\n|upkeep\n|turn|28\n|\n|t:|1771098730\n|move|p2a: Jumpluff|Acrobatics|p1a: Ho-Oh\n|-damage|p1a: Ho-Oh|152/261 slp\n|-curestatus|p1a: Ho-Oh|slp|[msg]\n|move|p1a: Ho-Oh|Sacred Fire|p2a: Jumpluff\n|-supereffective|p2a: Jumpluff\n|-damage|p2a: Jumpluff|18/281 tox\n|\n|-heal|p1a: Ho-Oh|168/261|[from] item: Leftovers\n|-damage|p2a: Jumpluff|0 fnt|[from] psn\n|faint|p2a: Jumpluff\n|upkeep\n|\n|t:|1771098751\n|switch|p2a: Bisharp|Bisharp, L79, M|232/232\n|turn|29\n|\n|t:|1771098755\n|move|p2a: Bisharp|Sucker Punch|p1a: Ho-Oh\n|-crit|p1a: Ho-Oh\n|-damage|p1a: Ho-Oh|0 fnt\n|faint|p1a: Ho-Oh\n|\n|upkeep\n|c|☆Omgebhonyel|Damn\n|\n|t:|1771098763\n|switch|p1a: Registeel|Registeel, L82|246/265\n|turn|30\n|c|☆Omgebhonyel|I think that's gg\n|\n|t:|1771098770\n|move|p2a: Bisharp|Knock Off|p1a: Registeel\n|-damage|p1a: Registeel|158/265\n|-enditem|p1a: Registeel|Leftovers|[from] move: Knock Off|[of] p2a: Bisharp\n|move|p1a: Registeel|Seismic Toss|p2a: Bisharp\n|-damage|p2a: Bisharp|150/232\n|\n|upkeep\n|turn|31\n|\n|t:|1771098791\n|move|p2a: Bisharp|Knock Off|p1a: Registeel\n|-damage|p1a: Registeel|100/265\n|move|p1a: Registeel|Seismic Toss|p2a: Bisharp\n|-damage|p2a: Bisharp|68/232\n|\n|upkeep\n|turn|32\n|\n|t:|1771098799\n|move|p2a: Bisharp|Knock Off|p1a: Registeel\n|-damage|p1a: Registeel|43/265\n|move|p1a: Registeel|Rest|p1a: Registeel\n|-status|p1a: Registeel|slp|[from] move: Rest\n|-heal|p1a: Registeel|265/265 slp|[silent]\n|\n|upkeep\n|turn|33\n|\n|t:|1771098806\n|move|p2a: Bisharp|Pursuit|p1a: Registeel\n|-damage|p1a: Registeel|229/265 slp\n|cant|p1a: Registeel|slp\n|move|p1a: Registeel|Sleep Talk|p1a: Registeel\n|move|p1a: Registeel|Rest||[from] move: Sleep Talk|[still]\n|-fail|p1a: Registeel\n|\n|upkeep\n|turn|34\n|c|☆Omgebhonyel|Oh. Thought Knock off would hit harder\n|\n|t:|1771098825\n|move|p2a: Bisharp|Knock Off|p1a: Registeel\n|-crit|p1a: Registeel\n|-damage|p1a: Registeel|139/265 slp\n|cant|p1a: Registeel|slp\n|move|p1a: Registeel|Sleep Talk|p1a: Registeel\n|move|p1a: Registeel|Rest||[from] move: Sleep Talk|[still]\n|-fail|p1a: Registeel\n|\n|upkeep\n|turn|35\n|\n|t:|1771098832\n|move|p2a: Bisharp|Knock Off|p1a: Registeel\n|-damage|p1a: Registeel|84/265 slp\n|-curestatus|p1a: Registeel|slp|[msg]\n|move|p1a: Registeel|Rest|p1a: Registeel\n|-status|p1a: Registeel|slp|[from] move: Rest\n|-heal|p1a: Registeel|265/265 slp|[silent]\n|\n|upkeep\n|turn|36\n|\n|t:|1771098840\n|move|p2a: Bisharp|Knock Off|p1a: Registeel\n|-damage|p1a: Registeel|208/265 slp\n|cant|p1a: Registeel|slp\n|move|p1a: Registeel|Sleep Talk|p1a: Registeel\n|move|p1a: Registeel|Rest||[from] move: Sleep Talk|[still]\n|-fail|p1a: Registeel\n|\n|upkeep\n|turn|37\n|\n|t:|1771098847\n|switch|p2a: Vanilluxe|Vanilluxe, L88, M|267/267\n|cant|p1a: Registeel|slp\n|move|p1a: Registeel|Sleep Talk|p1a: Registeel\n|move|p1a: Registeel|Rest||[from] move: Sleep Talk|[still]\n|-fail|p1a: Registeel\n|\n|upkeep\n|turn|38\n|\n|t:|1771098853\n|move|p2a: Vanilluxe|Hidden Power|p1a: Registeel\n|-supereffective|p1a: Registeel\n|-damage|p1a: Registeel|144/265 slp\n|-curestatus|p1a: Registeel|slp|[msg]\n|move|p1a: Registeel|Toxic|p2a: Vanilluxe\n|-status|p2a: Vanilluxe|tox\n|\n|-damage|p2a: Vanilluxe|251/267 tox|[from] psn\n|upkeep\n|turn|39\n|\n|t:|1771098862\n|move|p2a: Vanilluxe|Hidden Power|p1a: Registeel\n|-supereffective|p1a: Registeel\n|-crit|p1a: Registeel\n|-damage|p1a: Registeel|36/265\n|move|p1a: Registeel|Rest|p1a: Registeel\n|-status|p1a: Registeel|slp|[from] move: Rest\n|-heal|p1a: Registeel|265/265 slp|[silent]\n|\n|-damage|p2a: Vanilluxe|219/267 tox|[from] psn\n|upkeep\n|turn|40\n|\n|t:|1771098870\n|move|p2a: Vanilluxe|Hidden Power|p1a: Registeel\n|-supereffective|p1a: Registeel\n|-damage|p1a: Registeel|195/265 slp\n|cant|p1a: Registeel|slp\n|move|p1a: Registeel|Sleep Talk|p1a: Registeel\n|move|p1a: Registeel|Rest||[from] move: Sleep Talk|[still]\n|-fail|p1a: Registeel\n|\n|-damage|p2a: Vanilluxe|171/267 tox|[from] psn\n|upkeep\n|turn|41\n|c|☆Fogglez|lmao all my answers to this thing got sacked\n|c|☆Omgebhonyel|Lol yeah nah lucky me gg\n|\n|t:|1771098903\n|move|p2a: Vanilluxe|Hidden Power|p1a: Registeel\n|-supereffective|p1a: Registeel\n|-damage|p1a: Registeel|121/265 slp\n|cant|p1a: Registeel|slp\n|\n|-damage|p2a: Vanilluxe|107/267 tox|[from] psn\n|upkeep\n|turn|42\n|\n|t:|1771098912\n|move|p2a: Vanilluxe|Hidden Power|p1a: Registeel\n|-supereffective|p1a: Registeel\n|-damage|p1a: Registeel|57/265 slp\n|-curestatus|p1a: Registeel|slp|[msg]\n|move|p1a: Registeel|Rest|p1a: Registeel\n|-status|p1a: Registeel|slp|[from] move: Rest\n|-heal|p1a: Registeel|265/265 slp|[silent]\n|\n|-damage|p2a: Vanilluxe|27/267 tox|[from] psn\n|upkeep\n|turn|43\n|c|☆Fogglez|I really thought HP ground would do more\n|c|☆Omgebhonyel|Lol but RNG been trying to make sure I lose lol\n|\n|t:|1771098932\n|switch|p1a: Aromatisse|Aromatisse, L89, M|325/325\n|move|p2a: Vanilluxe|Hidden Power|p1a: Aromatisse\n|-damage|p1a: Aromatisse|278/325\n|\n|-heal|p1a: Aromatisse|298/325|[from] item: Leftovers\n|-damage|p2a: Vanilluxe|0 fnt|[from] psn\n|faint|p2a: Vanilluxe\n|upkeep\n|c|☆Fogglez|yeah I had two very lucky crits\n|\n|t:|1771098941\n|switch|p2a: Bisharp|Bisharp, L79, M|68/232\n|turn|44\n|\n|t:|1771098947\n|move|p2a: Bisharp|Iron Head|p1a: Aromatisse\n|-supereffective|p1a: Aromatisse\n|-damage|p1a: Aromatisse|86/325\n|move|p1a: Aromatisse|Moonblast|p2a: Bisharp\n|-damage|p2a: Bisharp|0 fnt\n|faint|p2a: Bisharp\n|\n|win|Omgebhonyel\n|raw|Omgebhonyel's rating: 1527 &rarr; <strong>1550</strong><br />(+23 for winning)\n|raw|Fogglez's rating: 1582 &rarr; <strong>1559</strong><br />(-23 for losing)\n|c|☆Fogglez|gg\n|c|☆Omgebhonyel|Gg mate\n|l|☆Fogglez\n|player|p2|\n", "inputlog": ">version ccdc32dd7cde25fd9e4bed64820e885f66e78a4e\n>start {\"formatid\":\"gen6randombattle\",\"seed\":\"sodium,cc8148b0f8983703c59ae7fe26987e1a\",\"rated\":\"Rated battle\"}\n>player p1 {\"name\":\"Omgebhonyel\",\"avatar\":\"brock\",\"rating\":1527,\"seed\":\"sodium,2ba9732ca9734dba2c240cd8691dbcf3\"}\n>player p2 {\"name\":\"Fogglez\",\"avatar\":\"102\",\"rating\":1582,\"seed\":\"sodium,1ecbeef63c963f52bd9fcbcb7682341f\"}\n>p1 move seismictoss\n>p2 move nastyplot\n>p1 switch 5\n>p2 move fireblast\n>p1 switch 2\n>p2 move hiddenpower\n>p1 switch 2\n>p2 move solarbeam\n>p1 switch 4\n>p2 move fireblast\n>p1 move knockoff\n>p2 move fireblast\n>p1 move return\n>p2 move hiddenpower\n>p2 switch 6\n>p1 switch 2\n>p2 move superpower\n>p1 move superpower\n>p2 move return\n>p1 switch 3\n>p1 move dynamicpunch\n>p2 move suckerpunch\n>p1 move dynamicpunch\n>p2 move thief\n>p1 switch 4\n>p1 move sacredfire\n>p2 move superpower\n>p1 move bravebird\n>p2 move superpower\n>p2 switch 4\n>p1 switch 2\n>p2 move uturn\n>p2 switch 3\n>p1 switch 2\n>p2 move acrobatics\n>p1 move sacredfire\n>p2 move sleeppowder\n>p1 switch 5\n>p2 move acrobatics\n>p1 move seismictoss\n>p2 switch 3\n>p1 move toxic\n>p2 move discharge\n>p1 move seismictoss\n>p2 move discharge\n>p1 move rest\n>p2 move discharge\n>p1 move sleeptalk\n>p2 move discharge\n>p2 switch 3\n>p1 move sleeptalk\n>p2 move encore\n>p1 switch 2\n>p2 switch 5\n>p1 move thunderwave\n>p2 move icebeam\n>p1 switch 2\n>p1 move toxic\n>p2 switch 5\n>p1 switch 5\n>p2 move encore\n>p1 move sacredfire\n>p2 move acrobatics\n>p2 switch 2\n>p1 move sacredfire\n>p2 move suckerpunch\n>chat ☆Omgebhonyel|Damn\n>p1 switch 5\n>chat ☆Omgebhonyel|I think that's gg\n>p1 move seismictoss\n>p2 move knockoff\n>p1 move seismictoss\n>p2 move knockoff\n>p1 move rest\n>p2 move knockoff\n>p1 move sleeptalk\n>p2 move pursuit\n>chat ☆Omgebhonyel|Oh. Thought Knock off would hit harder\n>p1 move sleeptalk\n>p2 move knockoff\n>p1 move rest\n>p2 move knockoff\n>p1 move sleeptalk\n>p2 move knockoff\n>p1 move sleeptalk\n>p2 switch 5\n>p1 move toxic\n>p2 move hiddenpower\n>p1 move rest\n>p2 move hiddenpower\n>p1 move sleeptalk\n>p2 move hiddenpower\n>chat ☆Fogglez|lmao all my answers to this thing got sacked\n>chat ☆Omgebhonyel|Lol yeah nah lucky me gg\n>p1 move seismictoss\n>p2 move hiddenpower\n>p1 move rest\n>p2 move hiddenpower\n>chat ☆Fogglez|I really thought HP ground would do more\n>chat ☆Omgebhonyel|Lol but RNG been trying to make sure I lose lol\n>p1 switch 6\n>p2 move hiddenpower\n>chat ☆Fogglez|yeah I had two very lucky crits\n>p2 switch 5\n>p1 move moonblast\n>p2 move ironhead", "uploadtime": 1771098959, "views": 116, "formatid": "gen6randombattle", "rating": 1550, "private": 0, "password": null}