{"id": "gen6randombattle-2518545943", "format": "[Gen 6] Random Battle", "players": ["Someonepassingby", "arboretums"], "log": "|j|☆Someonepassingby\n|j|☆arboretums\n|t:|1768403304\n|gametype|singles\n|player|p1|Someonepassingby|lucas|1528\n|player|p2|arboretums|serena-masters2|1482\n|gen|6\n|tier|[Gen 6] Random Battle\n|rated|\n|rule|Sleep Clause Mod: Limit one foe put to sleep\n|rule|HP Percentage Mod: HP is shown in percentages\n|rule|Illusion Level Mod: Illusion disguises the Pokémon's true level\n|\n|t:|1768403304\n|teamsize|p1|6\n|teamsize|p2|6\n|start\n|switch|p1a: Skuntank|Skuntank, L85, F|314/314\n|switch|p2a: Sharpedo|Sharpedo, L82, F|249/249\n|turn|1\n|c|☆Someonepassingby|gl hf\n|c|☆arboretums|u2\n|inactive|Battle timer is ON: inactive players will automatically lose when time's up. (requested by Someonepassingby)\n|\n|t:|1768403318\n|move|p2a: Sharpedo|Earthquake|p1a: Skuntank\n|-supereffective|p1a: Skuntank\n|-damage|p1a: Skuntank|75/314\n|-damage|p2a: Sharpedo|225/249|[from] item: Life Orb\n|move|p1a: Skuntank|Poison Jab|p2a: Sharpedo\n|-damage|p2a: Sharpedo|75/249\n|-status|p2a: Sharpedo|psn\n|\n|-damage|p2a: Sharpedo|44/249 psn|[from] psn\n|-ability|p2a: Sharpedo|Speed Boost|boost\n|-boost|p2a: Sharpedo|spe|1\n|upkeep\n|turn|2\n|\n|t:|1768403329\n|move|p1a: Skuntank|Sucker Punch|p2a: Sharpedo\n|-resisted|p2a: Sharpedo\n|-damage|p2a: Sharpedo|0 fnt\n|faint|p2a: Sharpedo\n|\n|upkeep\n|\n|t:|1768403343\n|switch|p2a: Banette|Banette, L87, M|253/253\n|-item|p1a: Skuntank|Black Glasses|[from] ability: Frisk|[of] p2a: Banette\n|turn|3\n|\n|t:|1768403363\n|detailschange|p2a: Banette|Banette-Mega, L87, M\n|-mega|p2a: Banette|Banette|Banettite\n|move|p1a: Skuntank|Crunch|p2a: Banette\n|-supereffective|p2a: Banette\n|-damage|p2a: Banette|11/253\n|move|p2a: Banette|Will-O-Wisp|p1a: Skuntank\n|-status|p1a: Skuntank|brn\n|\n|-damage|p1a: Skuntank|36/314 brn|[from] brn\n|upkeep\n|turn|4\n|\n|t:|1768403376\n|switch|p2a: Persian|Persian, L91, M|266/266\n|move|p1a: Skuntank|Sucker Punch||[still]\n|-fail|p1a: Skuntank\n|\n|-damage|p1a: Skuntank|0 fnt|[from] brn\n|faint|p1a: Skuntank\n|upkeep\n|\n|t:|1768403395\n|switch|p1a: Vigoroth|Vigoroth, L88, M|284/284\n|turn|5\n|\n|t:|1768403411\n|switch|p2a: Banette|Banette-Mega, L87, M|11/253\n|move|p1a: Vigoroth|Body Slam|p2a: Banette\n|-immune|p2a: Banette\n|\n|upkeep\n|turn|6\n|\n|t:|1768403427\n|switch|p1a: Claydol|Claydol, L88|249/249\n|move|p2a: Banette|Destiny Bond|p2a: Banette\n|-singlemove|p2a: Banette|Destiny Bond\n|\n|upkeep\n|turn|7\n|\n|t:|1768403434\n|move|p1a: Claydol|Toxic|p2a: Banette|[miss]\n|-miss|p1a: Claydol|p2a: Banette\n|move|p2a: Banette|Knock Off|p1a: Claydol\n|-supereffective|p1a: Claydol\n|-damage|p1a: Claydol|63/249\n|-enditem|p1a: Claydol|Leftovers|[from] move: Knock Off|[of] p2a: Banette\n|\n|upkeep\n|turn|8\n|\n|t:|1768403447\n|move|p1a: Claydol|Toxic|p2a: Banette\n|-status|p2a: Banette|tox\n|move|p2a: Banette|Shadow Claw|p1a: Claydol\n|-supereffective|p1a: Claydol\n|-damage|p1a: Claydol|0 fnt\n|faint|p1a: Claydol\n|\n|-damage|p2a: Banette|0 fnt|[from] psn\n|faint|p2a: Banette\n|detailschange|p2: Banette|Banette, L87, M|[silent]\n|upkeep\n|\n|t:|1768403457\n|switch|p1a: Vigoroth|Vigoroth, L88, M|284/284\n|switch|p2a: Beautifly|Beautifly, L99, F|279/279\n|turn|9\n|\n|t:|1768403463\n|move|p1a: Vigoroth|Body Slam|p2a: Beautifly\n|-damage|p2a: Beautifly|174/279\n|move|p2a: Beautifly|Quiver Dance|p2a: Beautifly\n|-boost|p2a: Beautifly|spa|1\n|-boost|p2a: Beautifly|spd|1\n|-boost|p2a: Beautifly|spe|1\n|\n|-heal|p2a: Beautifly|191/279|[from] item: Leftovers\n|upkeep\n|turn|10\n|\n|t:|1768403474\n|move|p2a: Beautifly|Bug Buzz|p1a: Vigoroth\n|-damage|p1a: Vigoroth|121/284\n|move|p1a: Vigoroth|Body Slam|p2a: Beautifly\n|-damage|p2a: Beautifly|76/279\n|\n|-heal|p2a: Beautifly|93/279|[from] item: Leftovers\n|upkeep\n|turn|11\n|\n|t:|1768403485\n|move|p2a: Beautifly|Bug Buzz|p1a: Vigoroth\n|-damage|p1a: Vigoroth|0 fnt\n|faint|p1a: Vigoroth\n|\n|-heal|p2a: Beautifly|110/279|[from] item: Leftovers\n|upkeep\n|\n|t:|1768403491\n|switch|p1a: Absol|Absol, L80, M|235/235\n|turn|12\n|\n|t:|1768403497\n|switch|p2a: Sceptile|Sceptile, L85, F|258/258\n|detailschange|p1a: Absol|Absol-Mega, L80, M\n|-mega|p1a: Absol|Absol|Absolite\n|move|p1a: Absol|Sucker Punch||[still]\n|-fail|p1a: Absol\n|\n|upkeep\n|turn|13\n|\n|t:|1768403509\n|switch|p1a: Swellow|Swellow, L81, M|230/230\n|move|p2a: Sceptile|Substitute|p2a: Sceptile\n|-start|p2a: Sceptile|Substitute\n|-damage|p2a: Sceptile|194/258\n|\n|-heal|p2a: Sceptile|210/258|[from] item: Leftovers\n|-status|p1a: Swellow|tox|[from] item: Toxic Orb\n|upkeep\n|turn|14\n|\n|t:|1768403520\n|move|p2a: Sceptile|Hidden Power|p1a: Swellow\n|-supereffective|p1a: Swellow\n|-damage|p1a: Swellow|96/230 tox\n|move|p1a: Swellow|U-turn|p2a: Sceptile\n|-supereffective|p2a: Sceptile\n|-crit|p2a: Sceptile\n|-end|p2a: Sceptile|Substitute\n|\n|t:|1768403527\n|switch|p1a: Absol|Absol-Mega, L80, M|235/235|[from] U-turn\n|\n|-heal|p2a: Sceptile|226/258|[from] item: Leftovers\n|upkeep\n|turn|15\n|\n|t:|1768403535\n|move|p2a: Sceptile|Substitute|p2a: Sceptile\n|-start|p2a: Sceptile|Substitute\n|-damage|p2a: Sceptile|162/258\n|move|p1a: Absol|Knock Off|p2a: Sceptile\n|-end|p2a: Sceptile|Substitute\n|\n|-heal|p2a: Sceptile|178/258|[from] item: Leftovers\n|upkeep\n|turn|16\n|\n|t:|1768403542\n|move|p2a: Sceptile|Giga Drain|p1a: Absol\n|-damage|p1a: Absol|124/235\n|-heal|p2a: Sceptile|234/258|[from] drain|[of] p1a: Absol\n|move|p1a: Absol|Knock Off|p2a: Sceptile\n|-damage|p2a: Sceptile|77/258\n|-enditem|p2a: Sceptile|Leftovers|[from] move: Knock Off|[of] p1a: Absol\n|\n|upkeep\n|turn|17\n|\n|t:|1768403552\n|move|p1a: Absol|Sucker Punch|p2a: Sceptile\n|-damage|p2a: Sceptile|0 fnt\n|faint|p2a: Sceptile\n|\n|upkeep\n|\n|t:|1768403558\n|switch|p2a: Persian|Persian, L91, M|266/266\n|turn|18\n|\n|t:|1768403563\n|switch|p1a: Excadrill|Excadrill, L80, M|307/307\n|-ability|p1a: Excadrill|Mold Breaker\n|move|p2a: Persian|Fake Out|p1a: Excadrill\n|-resisted|p1a: Excadrill\n|-damage|p1a: Excadrill|259/307\n|\n|upkeep\n|turn|19\n|\n|t:|1768403571\n|move|p2a: Persian|U-turn|p1a: Excadrill\n|-resisted|p1a: Excadrill\n|-damage|p1a: Excadrill|226/307\n|\n|t:|1768403580\n|switch|p2a: Zekrom|Zekrom, L74|270/270|[from] U-turn\n|-ability|p2a: Zekrom|Teravolt\n|move|p1a: Excadrill|Iron Head|p2a: Zekrom\n|-resisted|p2a: Zekrom\n|-damage|p2a: Zekrom|212/270\n|-damage|p1a: Excadrill|196/307|[from] item: Life Orb\n|\n|upkeep\n|turn|20\n|\n|t:|1768403591\n|move|p1a: Excadrill|Earthquake|p2a: Zekrom\n|-supereffective|p2a: Zekrom\n|-damage|p2a: Zekrom|0 fnt\n|faint|p2a: Zekrom\n|-damage|p1a: Excadrill|166/307|[from] item: Life Orb\n|\n|upkeep\n|\n|t:|1768403593\n|switch|p2a: Persian|Persian, L91, M|266/266\n|turn|21\n|\n|t:|1768403599\n|move|p2a: Persian|Fake Out|p1a: Excadrill\n|-resisted|p1a: Excadrill\n|-damage|p1a: Excadrill|119/307\n|cant|p1a: Excadrill|flinch\n|\n|upkeep\n|turn|22\n|\n|t:|1768403607\n|move|p2a: Persian|Knock Off|p1a: Excadrill\n|-damage|p1a: Excadrill|30/307\n|-enditem|p1a: Excadrill|Life Orb|[from] move: Knock Off|[of] p2a: Persian\n|move|p1a: Excadrill|Iron Head|p2a: Persian\n|-damage|p2a: Persian|152/266\n|\n|upkeep\n|turn|23\n|\n|t:|1768403613\n|move|p2a: Persian|U-turn|p1a: Excadrill\n|-resisted|p1a: Excadrill\n|-damage|p1a: Excadrill|0 fnt\n|faint|p1a: Excadrill\n|\n|t:|1768403615\n|switch|p2a: Beautifly|Beautifly, L99, F|110/279|[from] U-turn\n|\n|-heal|p2a: Beautifly|127/279|[from] item: Leftovers\n|upkeep\n|\n|t:|1768403621\n|switch|p1a: Swellow|Swellow, L81, M|96/230 tox\n|turn|24\n|\n|t:|1768403627\n|move|p1a: Swellow|Facade|p2a: Beautifly\n|-damage|p2a: Beautifly|0 fnt\n|faint|p2a: Beautifly\n|\n|-damage|p1a: Swellow|82/230 tox|[from] psn\n|upkeep\n|\n|t:|1768403629\n|switch|p2a: Persian|Persian, L91, M|152/266\n|turn|25\n|\n|t:|1768403639\n|move|p2a: Persian|Fake Out|p1a: Swellow\n|-damage|p1a: Swellow|0 fnt\n|faint|p1a: Swellow\n|\n|upkeep\n|\n|t:|1768403643\n|switch|p1a: Absol|Absol-Mega, L80, M|124/235\n|turn|26\n|\n|t:|1768403646\n|move|p1a: Absol|Sucker Punch|p2a: Persian\n|-damage|p2a: Persian|23/266\n|move|p2a: Persian|Double-Edge|p1a: Absol\n|-damage|p1a: Absol|0 fnt\n|faint|p1a: Absol\n|detailschange|p1: Absol|Absol, L80, M|[silent]\n|-damage|p2a: Persian|0 fnt|[from] Recoil\n|faint|p2a: Persian\n|\n|win|arboretums\n|raw|Someonepassingby's rating: 1528 &rarr; <strong>1505</strong><br />(-23 for losing)\n|raw|arboretums's rating: 1482 &rarr; <strong>1505</strong><br />(+23 for winning)\n", "inputlog": ">version f2883557ca71b1a14bc1039fd307aee7de4ab455\n>start {\"formatid\":\"gen6randombattle\",\"seed\":\"sodium,41e3c089b26bf4b8b0760f2b458ad71c\",\"rated\":\"Rated battle\"}\n>player p1 {\"name\":\"Someonepassingby\",\"avatar\":\"lucas\",\"rating\":1528,\"seed\":\"sodium,d5d71c548d37616a13366416a5259dcd\"}\n>player p2 {\"name\":\"arboretums\",\"avatar\":\"serena-masters2\",\"rating\":1482,\"seed\":\"sodium,64038bd92012e174d1db39aa451d6844\"}\n>chat ☆Someonepassingby|gl hf\n>chat ☆arboretums|u2\n>p1 move poisonjab\n>p2 move earthquake\n>p1 move suckerpunch\n>p2 move waterfall\n>p2 switch 4\n>p1 move crunch\n>p2 move willowisp mega\n>p1 move suckerpunch\n>p2 switch 3\n>p1 switch 2\n>p1 move bodyslam\n>p2 switch 3\n>p1 switch 6\n>p2 move destinybond\n>p1 move toxic\n>p2 move knockoff\n>p1 move toxic\n>p2 move shadowclaw\n>p1 switch 6\n>p2 switch 6\n>p1 move bodyslam\n>p2 move quiverdance\n>p1 move bodyslam\n>p2 move bugbuzz\n>p1 move bodyslam\n>p2 move bugbuzz\n>p1 switch 5\n>p1 move suckerpunch mega\n>p2 switch 2\n>p1 switch 3\n>p2 move substitute\n>p1 move uturn\n>p2 move hiddenpower\n>p1 switch 3\n>p1 move knockoff\n>p2 move substitute\n>p1 move knockoff\n>p2 move gigadrain\n>p1 move suckerpunch\n>p2 move gigadrain\n>p2 switch 3\n>p1 switch 4\n>p2 move fakeout\n>p1 move ironhead\n>p2 move uturn\n>p2 switch 5\n>p1 move earthquake\n>p2 move dracometeor\n>p2 switch 5\n>p1 move ironhead\n>p2 move fakeout\n>p1 move ironhead\n>p2 move knockoff\n>p1 move ironhead\n>p2 move uturn\n>p2 switch 2\n>p1 switch 3\n>p1 move facade\n>p2 move quiverdance\n>p2 switch 2\n>p1 move quickattack\n>p2 move fakeout\n>p1 switch 4\n>p1 move suckerpunch\n>p2 move doubleedge", "uploadtime": 1768403648, "views": 244, "formatid": "gen6randombattle", "rating": 1505, "private": 0, "password": null}