{"id": "gen6randombattle-2523595592", "format": "[Gen 6] Random Battle", "players": ["anguscloud", "enchantedcrocs"], "log": "|j|☆anguscloud\n|j|☆enchantedcrocs\n|t:|1769042057\n|gametype|singles\n|player|p1|anguscloud|zinzolin|1615\n|player|p2|enchantedcrocs|nate|1727\n|gen|6\n|tier|[Gen 6] Random Battle\n|rated|\n|rule|Sleep Clause Mod: Limit one foe put to sleep\n|rule|HP Percentage Mod: HP is shown in percentages\n|rule|Illusion Level Mod: Illusion disguises the Pokémon's true level\n|\n|t:|1769042057\n|teamsize|p1|6\n|teamsize|p2|6\n|start\n|switch|p1a: Ho-Oh|Ho-Oh, L69|261/261\n|switch|p2a: Haxorus|Haxorus, L77, F|244/244\n|-ability|p2a: Haxorus|Mold Breaker\n|turn|1\n|inactive|Battle timer is ON: inactive players will automatically lose when time's up. (requested by anguscloud)\n|inactive|anguscloud has 120 seconds left.\n|inactive|enchantedcrocs has 120 seconds left.\n|\n|t:|1769042110\n|switch|p1a: Mr. Mime|Mr. Mime, L89, M|216/216\n|move|p2a: Haxorus|Dragon Dance|p2a: Haxorus\n|-boost|p2a: Haxorus|atk|1\n|-boost|p2a: Haxorus|spe|1\n|\n|upkeep\n|turn|2\n|\n|t:|1769042127\n|move|p2a: Haxorus|Poison Jab|p1a: Mr. Mime\n|-supereffective|p1a: Mr. Mime\n|-damage|p1a: Mr. Mime|0 fnt\n|faint|p1a: Mr. Mime\n|\n|upkeep\n|\n|t:|1769042145\n|switch|p1a: Florges|Florges-Orange, L84, F|268/268\n|turn|3\n|\n|t:|1769042169\n|switch|p2a: Klinklang|Klinklang, L87|246/246\n|move|p1a: Florges|Moonblast|p2a: Klinklang\n|-resisted|p2a: Klinklang\n|-damage|p2a: Klinklang|192/246\n|\n|-heal|p2a: Klinklang|207/246|[from] item: Leftovers\n|upkeep\n|turn|4\n|inactive|anguscloud has 120 seconds left.\n|inactive|anguscloud has 90 seconds left.\n|\n|t:|1769042233\n|switch|p1a: Ho-Oh|Ho-Oh, L69|261/261\n|move|p2a: Klinklang|Substitute|p2a: Klinklang\n|-start|p2a: Klinklang|Substitute\n|-damage|p2a: Klinklang|146/246\n|\n|-heal|p2a: Klinklang|161/246|[from] item: Leftovers\n|upkeep\n|turn|5\n|inactive|anguscloud has 90 seconds left.\n|\n|t:|1769042247\n|move|p2a: Klinklang|Wild Charge|p1a: Ho-Oh\n|-supereffective|p1a: Ho-Oh\n|-damage|p1a: Ho-Oh|95/261\n|-damage|p2a: Klinklang|119/246|[from] Recoil\n|move|p1a: Ho-Oh|Substitute|p1a: Ho-Oh\n|-start|p1a: Ho-Oh|Substitute\n|-damage|p1a: Ho-Oh|30/261\n|\n|-heal|p2a: Klinklang|134/246|[from] item: Leftovers\n|-heal|p1a: Ho-Oh|46/261|[from] item: Leftovers\n|upkeep\n|turn|6\n|inactive|enchantedcrocs has 120 seconds left.\n|\n|t:|1769042272\n|move|p2a: Klinklang|Shift Gear|p2a: Klinklang\n|-boost|p2a: Klinklang|spe|2\n|-boost|p2a: Klinklang|atk|1\n|move|p1a: Ho-Oh|Sacred Fire|p2a: Klinklang\n|-supereffective|p2a: Klinklang\n|-end|p2a: Klinklang|Substitute\n|\n|-heal|p2a: Klinklang|149/246|[from] item: Leftovers\n|-heal|p1a: Ho-Oh|62/261|[from] item: Leftovers\n|upkeep\n|turn|7\n|inactive|enchantedcrocs has 120 seconds left.\n|\n|t:|1769042289\n|move|p2a: Klinklang|Wild Charge|p1a: Ho-Oh\n|-supereffective|p1a: Ho-Oh\n|-end|p1a: Ho-Oh|Substitute\n|-damage|p2a: Klinklang|133/246|[from] Recoil|[of] p1a: Ho-Oh\n|move|p1a: Ho-Oh|Sacred Fire|p2a: Klinklang\n|-supereffective|p2a: Klinklang\n|-damage|p2a: Klinklang|0 fnt\n|faint|p2a: Klinklang\n|\n|-heal|p1a: Ho-Oh|78/261|[from] item: Leftovers\n|upkeep\n|inactive|enchantedcrocs has 120 seconds left.\n|\n|t:|1769042317\n|switch|p2a: Hoopa|Hoopa, L84|272/272\n|turn|8\n|inactive|anguscloud has 90 seconds left.\n|\n|t:|1769042345\n|switch|p1a: Florges|Florges-Orange, L84, F|268/268\n|move|p2a: Hoopa|Psyshock|p1a: Florges\n|-damage|p1a: Florges|81/268\n|-damage|p2a: Hoopa|245/272|[from] item: Life Orb\n|\n|-heal|p1a: Florges|97/268|[from] item: Leftovers\n|upkeep\n|turn|9\n|inactive|anguscloud has 90 seconds left.\n|\n|t:|1769042356\n|move|p1a: Florges|Toxic|p2a: Hoopa\n|-status|p2a: Hoopa|tox\n|move|p2a: Hoopa|Psyshock|p1a: Florges\n|-damage|p1a: Florges|0 fnt\n|faint|p1a: Florges\n|-damage|p2a: Hoopa|218/272 tox|[from] item: Life Orb\n|\n|-damage|p2a: Hoopa|201/272 tox|[from] psn\n|upkeep\n|\n|t:|1769042358\n|switch|p1a: Kricketune|Kricketune, L98, M|309/309\n|turn|10\n|inactive|enchantedcrocs has 120 seconds left.\n|\n|t:|1769042374\n|switch|p2a: Entei|Entei, L77|303/303\n|-ability|p2a: Entei|Pressure\n|move|p1a: Kricketune|Sticky Web|p2a: Entei\n|-sidestart|p2: enchantedcrocs|move: Sticky Web\n|\n|upkeep\n|turn|11\n|inactive|enchantedcrocs has 120 seconds left.\n|inactive|anguscloud has 90 seconds left.\n|\n|t:|1769042403\n|move|p2a: Entei|Flare Blitz|p1a: Kricketune\n|-supereffective|p1a: Kricketune\n|-damage|p1a: Kricketune|0 fnt\n|faint|p1a: Kricketune\n|-damage|p2a: Entei|201/303|[from] Recoil\n|\n|upkeep\n|\n|t:|1769042405\n|switch|p1a: Ho-Oh|Ho-Oh, L69|165/261\n|turn|12\n|\n|t:|1769042411\n|move|p2a: Entei|Flare Blitz|p1a: Ho-Oh\n|-resisted|p1a: Ho-Oh\n|-damage|p1a: Ho-Oh|54/261\n|-damage|p2a: Entei|164/303|[from] Recoil\n|move|p1a: Ho-Oh|Roost|p1a: Ho-Oh\n|-heal|p1a: Ho-Oh|185/261\n|-singleturn|p1a: Ho-Oh|move: Roost\n|\n|-heal|p1a: Ho-Oh|201/261|[from] item: Leftovers\n|upkeep\n|turn|13\n|\n|t:|1769042419\n|switch|p2a: Hoopa|Hoopa, L84|201/272 tox\n|-activate|p2a: Hoopa|move: Sticky Web\n|-unboost|p2a: Hoopa|spe|1\n|move|p1a: Ho-Oh|Substitute|p1a: Ho-Oh\n|-start|p1a: Ho-Oh|Substitute\n|-damage|p1a: Ho-Oh|136/261\n|\n|-heal|p1a: Ho-Oh|152/261|[from] item: Leftovers\n|-damage|p2a: Hoopa|184/272 tox|[from] psn\n|upkeep\n|turn|14\n|\n|t:|1769042426\n|move|p1a: Ho-Oh|Brave Bird|p2a: Hoopa\n|-damage|p2a: Hoopa|42/272 tox\n|-damage|p1a: Ho-Oh|105/261|[from] Recoil\n|move|p2a: Hoopa|Psyshock|p1a: Ho-Oh\n|-end|p1a: Ho-Oh|Substitute\n|-damage|p2a: Hoopa|15/272 tox|[from] item: Life Orb\n|\n|-heal|p1a: Ho-Oh|121/261|[from] item: Leftovers\n|-damage|p2a: Hoopa|0 fnt|[from] psn\n|faint|p2a: Hoopa\n|upkeep\n|\n|t:|1769042445\n|switch|p2a: Haxorus|Haxorus, L77, F|244/244\n|-activate|p2a: Haxorus|move: Sticky Web\n|-unboost|p2a: Haxorus|spe|1\n|-ability|p2a: Haxorus|Mold Breaker\n|turn|15\n|inactive|anguscloud has 120 seconds left.\n|\n|t:|1769042470\n|move|p1a: Ho-Oh|Substitute|p1a: Ho-Oh\n|-start|p1a: Ho-Oh|Substitute\n|-damage|p1a: Ho-Oh|56/261\n|move|p2a: Haxorus|Dragon Dance|p2a: Haxorus\n|-boost|p2a: Haxorus|atk|1\n|-boost|p2a: Haxorus|spe|1\n|\n|-heal|p1a: Ho-Oh|72/261|[from] item: Leftovers\n|upkeep\n|turn|16\n|\n|t:|1769042482\n|move|p2a: Haxorus|Poison Jab|p1a: Ho-Oh\n|-end|p1a: Ho-Oh|Substitute\n|move|p1a: Ho-Oh|Brave Bird|p2a: Haxorus\n|-damage|p2a: Haxorus|126/244\n|-damage|p1a: Ho-Oh|33/261|[from] Recoil\n|\n|-heal|p1a: Ho-Oh|49/261|[from] item: Leftovers\n|upkeep\n|turn|17\n|\n|t:|1769042495\n|move|p2a: Haxorus|Poison Jab|p1a: Ho-Oh\n|-damage|p1a: Ho-Oh|0 fnt\n|faint|p1a: Ho-Oh\n|\n|upkeep\n|\n|t:|1769042502\n|switch|p1a: Virizion|Virizion, L80|277/277\n|turn|18\n|\n|t:|1769042514\n|move|p1a: Virizion|Close Combat|p2a: Haxorus\n|-damage|p2a: Haxorus|0 fnt\n|-unboost|p1a: Virizion|def|1\n|-unboost|p1a: Virizion|spd|1\n|faint|p2a: Haxorus\n|-damage|p1a: Virizion|250/277|[from] item: Life Orb\n|\n|upkeep\n|\n|t:|1769042520\n|switch|p2a: Entei|Entei, L77|164/303\n|-activate|p2a: Entei|move: Sticky Web\n|-unboost|p2a: Entei|spe|1\n|-ability|p2a: Entei|Pressure\n|turn|19\n|inactive|anguscloud has 120 seconds left.\n|\n|t:|1769042563\n|move|p1a: Virizion|Stone Edge|p2a: Entei\n|-supereffective|p2a: Entei\n|-damage|p2a: Entei|0 fnt\n|faint|p2a: Entei\n|-damage|p1a: Virizion|223/277|[from] item: Life Orb\n|\n|upkeep\n|\n|t:|1769042569\n|switch|p2a: Spiritomb|Spiritomb, L88, M|231/231\n|-activate|p2a: Spiritomb|move: Sticky Web\n|-unboost|p2a: Spiritomb|spe|1\n|turn|20\n|\n|t:|1769042574\n|switch|p1a: Swellow|Swellow, L81, F|230/230\n|move|p2a: Spiritomb|Will-O-Wisp|p1a: Swellow\n|-status|p1a: Swellow|brn\n|\n|-damage|p1a: Swellow|202/230 brn|[from] brn\n|upkeep\n|turn|21\n|\n|t:|1769042585\n|move|p1a: Swellow|Brave Bird|p2a: Spiritomb\n|-damage|p2a: Spiritomb|104/231\n|-damage|p1a: Swellow|160/230 brn|[from] Recoil\n|move|p2a: Spiritomb|Pain Split|p1a: Swellow\n|-sethp|p1a: Swellow|132/230 brn|[from] move: Pain Split|[silent]\n|-sethp|p2a: Spiritomb|132/231|[from] move: Pain Split\n|\n|-heal|p2a: Spiritomb|146/231|[from] item: Leftovers\n|-damage|p1a: Swellow|104/230 brn|[from] brn\n|upkeep\n|turn|22\n|\n|t:|1769042601\n|switch|p2a: Pyroar|Pyroar, L86, M|288/288\n|-ability|p2a: Pyroar|Unnerve\n|-activate|p2a: Pyroar|move: Sticky Web\n|-unboost|p2a: Pyroar|spe|1\n|move|p1a: Swellow|Brave Bird|p2a: Pyroar\n|-damage|p2a: Pyroar|114/288\n|-damage|p1a: Swellow|47/230 brn|[from] Recoil\n|\n|-damage|p1a: Swellow|19/230 brn|[from] brn\n|upkeep\n|turn|23\n|\n|t:|1769042615\n|move|p1a: Swellow|Brave Bird|p2a: Pyroar\n|-damage|p2a: Pyroar|0 fnt\n|faint|p2a: Pyroar\n|-damage|p1a: Swellow|0 fnt|[from] Recoil\n|faint|p1a: Swellow\n|\n|upkeep\n|\n|t:|1769042618\n|switch|p1a: Virizion|Virizion, L80|223/277\n|switch|p2a: Spiritomb|Spiritomb, L88, M|146/231\n|-activate|p2a: Spiritomb|move: Sticky Web\n|-unboost|p2a: Spiritomb|spe|1\n|turn|24\n|\n|t:|1769042621\n|move|p1a: Virizion|Swords Dance|p1a: Virizion\n|-boost|p1a: Virizion|atk|2\n|move|p2a: Spiritomb|Will-O-Wisp|p1a: Virizion\n|-status|p1a: Virizion|brn\n|\n|-heal|p2a: Spiritomb|160/231|[from] item: Leftovers\n|-damage|p1a: Virizion|189/277 brn|[from] brn\n|upkeep\n|turn|25\n|\n|t:|1769042633\n|move|p1a: Virizion|Swords Dance|p1a: Virizion\n|-boost|p1a: Virizion|atk|2\n|move|p2a: Spiritomb|Foul Play|p1a: Virizion\n|-resisted|p1a: Virizion\n|-damage|p1a: Virizion|19/277 brn\n|-ability|p1a: Virizion|Justified|boost\n|-boost|p1a: Virizion|atk|1\n|\n|-heal|p2a: Spiritomb|174/231|[from] item: Leftovers\n|-damage|p1a: Virizion|0 fnt|[from] brn\n|faint|p1a: Virizion\n|\n|win|enchantedcrocs\n|raw|anguscloud's rating: 1615 &rarr; <strong>1601</strong><br />(-14 for losing)\n|raw|enchantedcrocs's rating: 1727 &rarr; <strong>1741</strong><br />(+14 for winning)\n|l|☆anguscloud\n|player|p1|\n", "inputlog": ">version 3bd1a1e329da8d286644078cfc9a9638fc7ea025\n>start {\"formatid\":\"gen6randombattle\",\"seed\":\"sodium,00a319ae22e7e36899659f9d4d1d084b\",\"rated\":\"Rated battle\"}\n>player p1 {\"name\":\"anguscloud\",\"avatar\":\"zinzolin\",\"rating\":1615,\"seed\":\"sodium,bbe7f8e9622f60f56e60bbb9bccceaf8\"}\n>player p2 {\"name\":\"enchantedcrocs\",\"avatar\":\"nate\",\"rating\":1727,\"seed\":\"sodium,394f502dacb1371ac5d8f4f3afec9c79\"}\n>p1 switch 3\n>p2 move dragondance\n>p1 move dazzlinggleam\n>p2 move poisonjab\n>p1 switch 5\n>p1 move moonblast\n>p2 switch 5\n>p1 switch 3\n>p2 move substitute\n>p1 move substitute\n>p2 move wildcharge\n>p1 move sacredfire\n>p2 move shiftgear\n>p1 move sacredfire\n>p2 move wildcharge\n>p2 switch 6\n>p1 switch 3\n>p2 move psyshock\n>p1 move toxic\n>p2 move psyshock\n>p1 switch 6\n>p1 move stickyweb\n>p2 switch 4\n>p1 move toxic\n>p2 move flareblitz\n>p1 switch 3\n>p1 move roost\n>p2 move flareblitz\n>p1 move substitute\n>p2 switch 4\n>p1 move bravebird\n>p2 move psyshock\n>p2 switch 5\n>p1 move substitute\n>p2 move dragondance\n>p1 move bravebird\n>p2 move poisonjab\n>p1 move roost\n>p2 move poisonjab\n>p1 switch 2\n>p1 move closecombat\n>p2 move poisonjab\n>p2 switch 4\n>p1 move stoneedge\n>p2 move flareblitz\n>p2 switch 2\n>p1 switch 4\n>p2 move willowisp\n>p1 move bravebird\n>p2 move painsplit\n>p1 move bravebird\n>p2 switch 3\n>p1 move bravebird\n>p2 move hypervoice\n>p1 switch 4\n>p2 switch 3\n>p1 move swordsdance\n>p2 move willowisp\n>p1 move swordsdance\n>p2 move foulplay", "uploadtime": 1769042647, "views": 299, "formatid": "gen6randombattle", "rating": 1601, "private": 0, "password": null}