{"id": "gen6randombattle-2518445004", "format": "[Gen 6] Random Battle", "players": ["waterrowing", "tolker"], "log": "|j|☆waterrowing\n|j|☆tolker\n|t:|1768391018\n|gametype|singles\n|player|p1|waterrowing|101|1557\n|player|p2|tolker|volkner|1594\n|gen|6\n|tier|[Gen 6] Random Battle\n|rated|\n|rule|Sleep Clause Mod: Limit one foe put to sleep\n|rule|HP Percentage Mod: HP is shown in percentages\n|rule|Illusion Level Mod: Illusion disguises the Pokémon's true level\n|\n|t:|1768391018\n|teamsize|p1|6\n|teamsize|p2|6\n|start\n|switch|p1a: Simisear|Simisear, L88, M|275/275\n|switch|p2a: Spiritomb|Spiritomb, L88, M|231/231\n|turn|1\n|inactive|Battle timer is ON: inactive players will automatically lose when time's up. (requested by tolker)\n|\n|t:|1768391035\n|move|p1a: Simisear|Fire Blast|p2a: Spiritomb\n|-damage|p2a: Spiritomb|102/231\n|-damage|p1a: Simisear|248/275|[from] item: Life Orb\n|move|p2a: Spiritomb|Foul Play|p1a: Simisear\n|-damage|p1a: Simisear|136/275\n|\n|-heal|p2a: Spiritomb|116/231|[from] item: Leftovers\n|upkeep\n|turn|2\n|\n|t:|1768391043\n|move|p2a: Spiritomb|Sucker Punch|p1a: Simisear\n|-damage|p1a: Simisear|22/275\n|move|p1a: Simisear|Fire Blast|p2a: Spiritomb\n|-damage|p2a: Spiritomb|0 fnt\n|faint|p2a: Spiritomb\n|-damage|p1a: Simisear|0 fnt|[from] item: Life Orb\n|faint|p1a: Simisear\n|\n|upkeep\n|\n|t:|1768391053\n|switch|p1a: Swalot|Swalot, L90, F|326/326\n|switch|p2a: Cinccino|Cinccino, L82, M|257/257\n|turn|3\n|\n|t:|1768391060\n|move|p2a: Cinccino|Tail Slap|p1a: Swalot\n|-damage|p1a: Swalot|290/326\n|-damage|p1a: Swalot|253/326\n|-damage|p1a: Swalot|216/326\n|-damage|p1a: Swalot|183/326\n|-damage|p1a: Swalot|146/326\n|-hitcount|p1a: Swalot|5\n|move|p1a: Swalot|Toxic|p2a: Cinccino\n|-status|p2a: Cinccino|tox\n|\n|-heal|p1a: Swalot|166/326|[from] item: Black Sludge\n|-damage|p2a: Cinccino|241/257 tox|[from] psn\n|upkeep\n|turn|4\n|\n|t:|1768391065\n|move|p1a: Swalot|Protect|p1a: Swalot\n|-singleturn|p1a: Swalot|Protect\n|move|p2a: Cinccino|Tail Slap|p1a: Swalot\n|-activate|p1a: Swalot|move: Protect\n|\n|-heal|p1a: Swalot|186/326|[from] item: Black Sludge\n|-damage|p2a: Cinccino|209/257 tox|[from] psn\n|upkeep\n|turn|5\n|\n|t:|1768391070\n|switch|p1a: Gourgeist|Gourgeist-Super, L87, M|290/290\n|-item|p2a: Cinccino|Choice Band|[from] ability: Frisk|[of] p1a: Gourgeist\n|move|p2a: Cinccino|Tail Slap|p1a: Gourgeist\n|-immune|p1a: Gourgeist\n|\n|-damage|p2a: Cinccino|161/257 tox|[from] psn\n|upkeep\n|turn|6\n|\n|t:|1768391078\n|switch|p2a: Swellow|Swellow, L81, M|230/230\n|switch|p1a: Swalot|Swalot, L90, F|186/326\n|\n|-heal|p1a: Swalot|206/326|[from] item: Black Sludge\n|-status|p2a: Swellow|tox|[from] item: Toxic Orb\n|upkeep\n|turn|7\n|\n|t:|1768391084\n|move|p1a: Swalot|Protect|p1a: Swalot\n|-singleturn|p1a: Swalot|Protect\n|move|p2a: Swellow|Facade|p1a: Swalot\n|-activate|p1a: Swalot|move: Protect\n|\n|-heal|p1a: Swalot|226/326|[from] item: Black Sludge\n|-damage|p2a: Swellow|216/230 tox|[from] psn\n|upkeep\n|turn|8\n|\n|t:|1768391093\n|move|p2a: Swellow|Brave Bird|p1a: Swalot\n|-damage|p1a: Swalot|63/326\n|-damage|p2a: Swellow|162/230 tox|[from] Recoil\n|move|p1a: Swalot|Sludge Bomb|p2a: Swellow\n|-crit|p2a: Swellow\n|-damage|p2a: Swellow|0 fnt\n|faint|p2a: Swellow\n|\n|-heal|p1a: Swalot|83/326|[from] item: Black Sludge\n|upkeep\n|\n|t:|1768391097\n|switch|p2a: Sharpedo|Sharpedo, L80, F|243/243\n|turn|9\n|\n|t:|1768391102\n|move|p2a: Sharpedo|Crunch|p1a: Swalot\n|-crit|p1a: Swalot\n|-damage|p1a: Swalot|0 fnt\n|faint|p1a: Swalot\n|\n|-ability|p2a: Sharpedo|Speed Boost|boost\n|-boost|p2a: Sharpedo|spe|1\n|upkeep\n|\n|t:|1768391114\n|switch|p1a: Kyurem|Kyurem, L78|323/323\n|-ability|p1a: Kyurem|Pressure\n|turn|10\n|\n|t:|1768391125\n|detailschange|p2a: Sharpedo|Sharpedo-Mega, L80, F\n|-mega|p2a: Sharpedo|Sharpedo|Sharpedonite\n|move|p2a: Sharpedo|Crunch|p1a: Kyurem\n|-damage|p1a: Kyurem|170/323\n|move|p1a: Kyurem|Draco Meteor|p2a: Sharpedo\n|-damage|p2a: Sharpedo|0 fnt\n|-unboost|p1a: Kyurem|spa|2\n|faint|p2a: Sharpedo\n|detailschange|p2: Sharpedo|Sharpedo, L80, F|[silent]\n|\n|upkeep\n|\n|t:|1768391134\n|switch|p2a: Cinccino|Cinccino, L82, M|161/257 tox\n|turn|11\n|\n|t:|1768391138\n|switch|p1a: Gourgeist|Gourgeist-Super, L87, M|290/290\n|-item|p2a: Cinccino|Choice Band|[from] ability: Frisk|[of] p1a: Gourgeist\n|move|p2a: Cinccino|Tail Slap|p1a: Gourgeist\n|-immune|p1a: Gourgeist\n|\n|-damage|p2a: Cinccino|145/257 tox|[from] psn\n|upkeep\n|turn|12\n|-message|tolker forfeited.\n|\n|win|waterrowing\n|raw|waterrowing's rating: 1557 &rarr; <strong>1579</strong><br />(+22 for winning)\n|raw|tolker's rating: 1594 &rarr; <strong>1572</strong><br />(-22 for losing)\n|l|☆tolker\n|player|p2|\n", "inputlog": ">version f2883557ca71b1a14bc1039fd307aee7de4ab455\n>start {\"formatid\":\"gen6randombattle\",\"seed\":\"sodium,6fee330dd4209547b2383cca75085a6e\",\"rated\":\"Rated battle\"}\n>player p1 {\"name\":\"waterrowing\",\"avatar\":\"101\",\"rating\":1557,\"seed\":\"sodium,39e90cf390d2020f7723d95084b1e073\"}\n>player p2 {\"name\":\"tolker\",\"avatar\":\"volkner\",\"rating\":1594,\"seed\":\"sodium,1d66bfa73226cfbb0cdf70aeb0b9ba3f\"}\n>p1 move fireblast\n>p2 move foulplay\n>p1 move fireblast\n>p2 move suckerpunch\n>p1 switch 5\n>p2 switch 6\n>p1 move toxic\n>p2 move tailslap\n>p1 move protect\n>p2 move tailslap\n>p1 switch 6\n>p2 move tailslap\n>p1 switch 6\n>p2 switch 3\n>p1 move protect\n>p2 move facade\n>p1 move sludgebomb\n>p2 move bravebird\n>p2 switch 5\n>p1 move toxic\n>p2 move crunch\n>p1 switch 2\n>p1 move dracometeor\n>p2 move crunch mega\n>p2 switch 3\n>p1 switch 6\n>p2 move tailslap\n>forcelose p2", "uploadtime": 1768391146, "views": 237, "formatid": "gen6randombattle", "rating": 1572, "private": 0, "password": null}