{"id": "gen6randombattle-2535219980", "format": "[Gen 6] Random Battle", "players": ["hepatortoise", "gdhjdj"], "log": "|j|☆hepatortoise\n|j|☆gdhjdj\n|t:|1770531084\n|gametype|singles\n|player|p1|hepatortoise|medium|1618\n|player|p2|gdhjdj|265|1541\n|gen|6\n|tier|[Gen 6] Random Battle\n|rated|\n|rule|Sleep Clause Mod: Limit one foe put to sleep\n|rule|HP Percentage Mod: HP is shown in percentages\n|rule|Illusion Level Mod: Illusion disguises the Pokémon's true level\n|\n|t:|1770531084\n|teamsize|p1|6\n|teamsize|p2|6\n|start\n|switch|p1a: Castform|Castform, L97, F|293/293\n|switch|p2a: Purugly|Purugly, L88, F|268/268\n|turn|1\n|\n|t:|1770531093\n|move|p2a: Purugly|Return|p1a: Castform\n|-damage|p1a: Castform|140/293\n|move|p1a: Castform|Thunder Wave|p2a: Purugly\n|-status|p2a: Purugly|par\n|\n|-heal|p1a: Castform|158/293|[from] item: Leftovers\n|upkeep\n|turn|2\n|inactive|Battle timer is ON: inactive players will automatically lose when time's up. (requested by gdhjdj)\n|\n|t:|1770531107\n|move|p1a: Castform|Return|p2a: Purugly\n|-damage|p2a: Purugly|142/268 par\n|cant|p2a: Purugly|par\n|\n|-heal|p1a: Castform|176/293|[from] item: Leftovers\n|upkeep\n|turn|3\n|\n|t:|1770531110\n|move|p1a: Castform|Return|p2a: Purugly\n|-damage|p2a: Purugly|1/268 par\n|move|p2a: Purugly|Return|p1a: Castform\n|-damage|p1a: Castform|1/293\n|\n|-heal|p1a: Castform|19/293|[from] item: Leftovers\n|upkeep\n|turn|4\n|\n|t:|1770531115\n|move|p1a: Castform|Scald|p2a: Purugly\n|-damage|p2a: Purugly|0 fnt\n|faint|p2a: Purugly\n|\n|-heal|p1a: Castform|37/293|[from] item: Leftovers\n|upkeep\n|\n|t:|1770531124\n|switch|p2a: Golduck|Golduck, L90, M|290/290\n|-ability|p2a: Golduck|Cloud Nine\n|turn|5\n|\n|t:|1770531126\n|switch|p1a: Parasect|Parasect, M|282/282\n|move|p2a: Golduck|Ice Beam|p1a: Parasect\n|-supereffective|p1a: Parasect\n|-damage|p1a: Parasect|116/282\n|-status|p1a: Parasect|frz\n|-damage|p2a: Golduck|261/290|[from] item: Life Orb\n|\n|-heal|p1a: Parasect|133/282 frz|[from] item: Leftovers\n|upkeep\n|turn|6\n|\n|t:|1770531129\n|move|p2a: Golduck|Ice Beam|p1a: Parasect\n|-supereffective|p1a: Parasect\n|-damage|p1a: Parasect|0 fnt\n|faint|p1a: Parasect\n|-damage|p2a: Golduck|232/290|[from] item: Life Orb\n|\n|upkeep\n|\n|t:|1770531130\n|switch|p1a: Smeargle|Smeargle, L89, F|243/243\n|turn|7\n|\n|t:|1770531134\n|move|p2a: Golduck|Hydro Pump|p1a: Smeargle\n|-enditem|p1a: Smeargle|Focus Sash\n|-damage|p1a: Smeargle|1/243\n|-damage|p2a: Golduck|203/290|[from] item: Life Orb\n|move|p1a: Smeargle|Nuzzle|p2a: Golduck\n|-supereffective|p2a: Golduck\n|-damage|p2a: Golduck|189/290\n|-status|p2a: Golduck|par\n|\n|upkeep\n|turn|8\n|\n|t:|1770531137\n|move|p1a: Smeargle|Sticky Web|p2a: Golduck\n|-sidestart|p2: gdhjdj|move: Sticky Web\n|cant|p2a: Golduck|par\n|\n|upkeep\n|turn|9\n|\n|t:|1770531140\n|move|p1a: Smeargle|Stealth Rock|p2a: Golduck\n|-sidestart|p2: gdhjdj|move: Stealth Rock\n|move|p2a: Golduck|Ice Beam|p1a: Smeargle\n|-damage|p1a: Smeargle|0 fnt\n|faint|p1a: Smeargle\n|-damage|p2a: Golduck|160/290 par|[from] item: Life Orb\n|\n|upkeep\n|\n|t:|1770531143\n|switch|p1a: Castform|Castform, L97, F|37/293\n|turn|10\n|\n|t:|1770531145\n|move|p1a: Castform|Return|p2a: Golduck\n|-damage|p2a: Golduck|43/290 par\n|move|p2a: Golduck|Ice Beam|p1a: Castform\n|-damage|p1a: Castform|0 fnt\n|faint|p1a: Castform\n|-damage|p2a: Golduck|14/290 par|[from] item: Life Orb\n|\n|upkeep\n|\n|t:|1770531152\n|switch|p1a: Beheeyem|Beheeyem, L92, F|287/287\n|turn|11\n|\n|t:|1770531158\n|move|p1a: Beheeyem|Psychic|p2a: Golduck\n|-damage|p2a: Golduck|0 fnt\n|faint|p2a: Golduck\n|-damage|p1a: Beheeyem|259/287|[from] item: Life Orb\n|\n|upkeep\n|\n|t:|1770531161\n|switch|p2a: Murkrow|Murkrow, L90, M|254/254\n|-damage|p2a: Murkrow|191/254|[from] Stealth Rock\n|turn|12\n|\n|t:|1770531166\n|move|p2a: Murkrow|Defog|p1a: Beheeyem\n|-unboost|p1a: Beheeyem|evasion|1\n|-sideend|p2: gdhjdj|Stealth Rock|[from] move: Defog|[of] p2a: Murkrow\n|-sideend|p2: gdhjdj|Sticky Web|[from] move: Defog|[of] p2a: Murkrow\n|move|p1a: Beheeyem|Signal Beam|p2a: Murkrow\n|-damage|p2a: Murkrow|65/254\n|-damage|p1a: Beheeyem|231/287|[from] item: Life Orb\n|\n|upkeep\n|turn|13\n|\n|t:|1770531175\n|move|p2a: Murkrow|Foul Play|p1a: Beheeyem\n|-supereffective|p1a: Beheeyem\n|-damage|p1a: Beheeyem|85/287\n|move|p1a: Beheeyem|Trick Room|p1a: Beheeyem\n|-fieldstart|move: Trick Room|[of] p1a: Beheeyem\n|\n|upkeep\n|turn|14\n|\n|t:|1770531183\n|move|p2a: Murkrow|Roost|p2a: Murkrow\n|-heal|p2a: Murkrow|192/254\n|-singleturn|p2a: Murkrow|move: Roost\n|move|p1a: Beheeyem|Signal Beam|p2a: Murkrow\n|-supereffective|p2a: Murkrow\n|-damage|p2a: Murkrow|0 fnt\n|faint|p2a: Murkrow\n|-damage|p1a: Beheeyem|57/287|[from] item: Life Orb\n|\n|upkeep\n|\n|t:|1770531191\n|switch|p2a: Lucario|Lucario, L74, F|226/226\n|turn|15\n|\n|t:|1770531195\n|switch|p1a: Raikou|Raikou, L79|272/272\n|-ability|p1a: Raikou|Pressure\n|detailschange|p2a: Lucario|Lucario-Mega, L74, F\n|-mega|p2a: Lucario|Lucario|Lucarionite\n|move|p2a: Lucario|Vacuum Wave|p1a: Raikou\n|-damage|p1a: Raikou|218/272\n|\n|upkeep\n|turn|16\n|\n|t:|1770531202\n|switch|p2a: Seaking|Seaking, L93, M|300/300\n|move|p1a: Raikou|Volt Switch|p2a: Seaking\n|-ability|p2a: Seaking|Lightning Rod|boost\n|-boost|p2a: Seaking|spa|1\n|\n|upkeep\n|turn|17\n|\n|t:|1770531206\n|switch|p1a: Beheeyem|Beheeyem, L92, F|57/287\n|move|p2a: Seaking|Drill Run|p1a: Beheeyem\n|-damage|p1a: Beheeyem|0 fnt\n|faint|p1a: Beheeyem\n|-damage|p2a: Seaking|270/300|[from] item: Life Orb\n|\n|-fieldend|move: Trick Room\n|upkeep\n|\n|t:|1770531207\n|switch|p1a: Azumarill|Azumarill, L81, F|294/294\n|turn|18\n|\n|t:|1770531213\n|move|p2a: Seaking|Knock Off|p1a: Azumarill\n|-resisted|p1a: Azumarill\n|-damage|p1a: Azumarill|236/294\n|-enditem|p1a: Azumarill|Sitrus Berry|[from] move: Knock Off|[of] p2a: Seaking\n|-damage|p2a: Seaking|240/300|[from] item: Life Orb\n|move|p1a: Azumarill|Belly Drum|p1a: Azumarill\n|-damage|p1a: Azumarill|89/294\n|-setboost|p1a: Azumarill|atk|6|[from] move: Belly Drum\n|\n|upkeep\n|turn|19\n|\n|t:|1770531217\n|move|p2a: Seaking|Waterfall|p1a: Azumarill\n|-resisted|p1a: Azumarill\n|-damage|p1a: Azumarill|23/294\n|-damage|p2a: Seaking|210/300|[from] item: Life Orb\n|move|p1a: Azumarill|Play Rough|p2a: Seaking\n|-damage|p2a: Seaking|0 fnt\n|faint|p2a: Seaking\n|\n|upkeep\n|\n|t:|1770531223\n|switch|p2a: Lucario|Lucario-Mega, L74, F|226/226\n|turn|20\n|\n|t:|1770531226\n|move|p2a: Lucario|Vacuum Wave|p1a: Azumarill\n|-resisted|p1a: Azumarill\n|-damage|p1a: Azumarill|0 fnt\n|faint|p1a: Azumarill\n|\n|upkeep\n|\n|t:|1770531227\n|switch|p1a: Raikou|Raikou, L79|218/272\n|-ability|p1a: Raikou|Pressure\n|turn|21\n|\n|t:|1770531233\n|move|p1a: Raikou|Thunderbolt|p2a: Lucario\n|-damage|p2a: Lucario|31/226\n|move|p2a: Lucario|Aura Sphere|p1a: Raikou\n|-damage|p1a: Raikou|98/272\n|\n|upkeep\n|turn|22\n|\n|t:|1770531236\n|move|p2a: Lucario|Vacuum Wave|p1a: Raikou\n|-damage|p1a: Raikou|34/272\n|move|p1a: Raikou|Thunderbolt|p2a: Lucario\n|-damage|p2a: Lucario|0 fnt\n|faint|p2a: Lucario\n|detailschange|p2: Lucario|Lucario, L74, F|[silent]\n|\n|upkeep\n|\n|t:|1770531237\n|switch|p2a: Liepard|Liepard, L85, M|248/248\n|turn|23\n|\n|t:|1770531239\n|move|p2a: Liepard|Knock Off|p1a: Raikou\n|-damage|p1a: Raikou|0 fnt\n|-enditem|p1a: Raikou|Choice Specs|[from] move: Knock Off|[of] p2a: Liepard\n|faint|p1a: Raikou\n|\n|win|gdhjdj\n|raw|hepatortoise's rating: 1618 &rarr; <strong>1594</strong><br />(-24 for losing)\n|raw|gdhjdj's rating: 1541 &rarr; <strong>1565</strong><br />(+24 for winning)\n|l|☆hepatortoise\n|player|p1|\n", "inputlog": ">version ccdc32dd7cde25fd9e4bed64820e885f66e78a4e\n>start {\"formatid\":\"gen6randombattle\",\"seed\":\"sodium,03d4d9d7f9ca89f499aff66c04b8288a\",\"rated\":\"Rated battle\"}\n>player p1 {\"name\":\"hepatortoise\",\"avatar\":\"medium\",\"rating\":1618,\"seed\":\"sodium,7ab1ec81401c3e6cc7e58defffac27bc\"}\n>player p2 {\"name\":\"gdhjdj\",\"avatar\":\"265\",\"rating\":1541,\"seed\":\"sodium,80d79c210aa59a88a57b41534f2057f4\"}\n>p1 move thunderwave\n>p2 move return\n>p1 move return\n>p2 move return\n>p1 move return\n>p2 move return\n>p1 move scald\n>p2 move return\n>p2 switch 2\n>p1 switch 6\n>p2 move icebeam\n>p1 move xscissor\n>p2 move icebeam\n>p1 switch 5\n>p1 move nuzzle\n>p2 move hydropump\n>p1 move stickyweb\n>p2 move icebeam\n>p1 move stealthrock\n>p2 move icebeam\n>p1 switch 6\n>p1 move return\n>p2 move icebeam\n>p1 switch 2\n>p1 move psychic\n>p2 move calmmind\n>p2 switch 5\n>p1 move signalbeam\n>p2 move defog\n>p1 move trickroom\n>p2 move foulplay\n>p1 move signalbeam\n>p2 move roost\n>p2 switch 3\n>p1 switch 4\n>p2 move vacuumwave mega\n>p1 move voltswitch\n>p2 switch 6\n>p1 switch 4\n>p2 move drillrun\n>p1 switch 3\n>p1 move bellydrum\n>p2 move knockoff\n>p1 move playrough\n>p2 move waterfall\n>p2 switch 6\n>p1 move aquajet\n>p2 move vacuumwave\n>p1 switch 4\n>p1 move thunderbolt\n>p2 move aurasphere\n>p1 move thunderbolt\n>p2 move vacuumwave\n>p2 switch 4\n>p1 move thunderbolt\n>p2 move knockoff", "uploadtime": 1770531248, "views": 242, "formatid": "gen6randombattle", "rating": 1565, "private": 0, "password": null}