{"id": "gen6randombattle-2539700936", "format": "[Gen 6] Random Battle", "players": ["noyon6236", "arboretums"], "log": "|j|☆noyon6236\n|j|☆arboretums\n|t:|1771098261\n|gametype|singles\n|player|p1|noyon6236|169|1609\n|player|p2|arboretums|serena-masters2|1670\n|gen|6\n|tier|[Gen 6] Random Battle\n|rated|\n|rule|Sleep Clause Mod: Limit one foe put to sleep\n|rule|HP Percentage Mod: HP is shown in percentages\n|rule|Illusion Level Mod: Illusion disguises the Pokémon's true level\n|\n|t:|1771098261\n|teamsize|p1|6\n|teamsize|p2|6\n|start\n|switch|p1a: Luxray|Luxray, L88, M|284/284\n|switch|p2a: Roserade|Roserade, L83, M|235/235\n|turn|1\n|inactive|Battle timer is ON: inactive players will automatically lose when time's up. (requested by arboretums)\n|inactive|arboretums has 120 seconds left.\n|\n|t:|1771098300\n|switch|p1a: Porygon2|Porygon2, L81|270/270\n|-ability|p1a: Porygon2|Download|boost\n|-boost|p1a: Porygon2|atk|1\n|move|p2a: Roserade|Toxic Spikes|p1a: Porygon2\n|-sidestart|p1: noyon6236|move: Toxic Spikes\n|\n|upkeep\n|turn|2\n|\n|t:|1771098311\n|move|p2a: Roserade|Toxic Spikes|p1a: Porygon2\n|-sidestart|p1: noyon6236|move: Toxic Spikes\n|move|p1a: Porygon2|Tri Attack|p2a: Roserade\n|-damage|p2a: Roserade|160/235\n|\n|-heal|p2a: Roserade|174/235|[from] item: Black Sludge\n|upkeep\n|turn|3\n|\n|t:|1771098319\n|move|p2a: Roserade|Sludge Bomb|p1a: Porygon2\n|-damage|p1a: Porygon2|195/270\n|move|p1a: Porygon2|Ice Beam|p2a: Roserade\n|-supereffective|p2a: Roserade\n|-damage|p2a: Roserade|62/235\n|\n|-heal|p2a: Roserade|76/235|[from] item: Black Sludge\n|upkeep\n|turn|4\n|\n|t:|1771098329\n|move|p2a: Roserade|Synthesis|p2a: Roserade\n|-heal|p2a: Roserade|193/235\n|move|p1a: Porygon2|Ice Beam|p2a: Roserade\n|-supereffective|p2a: Roserade\n|-damage|p2a: Roserade|91/235\n|\n|-heal|p2a: Roserade|105/235|[from] item: Black Sludge\n|upkeep\n|turn|5\n|\n|t:|1771098342\n|move|p2a: Roserade|Synthesis|p2a: Roserade\n|-heal|p2a: Roserade|222/235\n|move|p1a: Porygon2|Ice Beam|p2a: Roserade\n|-supereffective|p2a: Roserade\n|-damage|p2a: Roserade|110/235\n|\n|-heal|p2a: Roserade|124/235|[from] item: Black Sludge\n|upkeep\n|turn|6\n|\n|t:|1771098346\n|move|p2a: Roserade|Sludge Bomb|p1a: Porygon2\n|-damage|p1a: Porygon2|116/270\n|move|p1a: Porygon2|Tri Attack|p2a: Roserade\n|-damage|p2a: Roserade|42/235\n|\n|-heal|p2a: Roserade|56/235|[from] item: Black Sludge\n|upkeep\n|turn|7\n|\n|t:|1771098353\n|move|p2a: Roserade|Sludge Bomb|p1a: Porygon2\n|-damage|p1a: Porygon2|40/270\n|-status|p1a: Porygon2|psn\n|move|p1a: Porygon2|Recover|p1a: Porygon2\n|-heal|p1a: Porygon2|175/270 psn\n|\n|-heal|p2a: Roserade|70/235|[from] item: Black Sludge\n|-damage|p1a: Porygon2|142/270 psn|[from] psn\n|upkeep\n|turn|8\n|\n|t:|1771098371\n|move|p2a: Roserade|Synthesis|p2a: Roserade\n|-heal|p2a: Roserade|187/235\n|move|p1a: Porygon2|Ice Beam|p2a: Roserade\n|-supereffective|p2a: Roserade\n|-damage|p2a: Roserade|65/235\n|\n|-heal|p2a: Roserade|79/235|[from] item: Black Sludge\n|-damage|p1a: Porygon2|109/270 psn|[from] psn\n|upkeep\n|turn|9\n|\n|t:|1771098382\n|move|p2a: Roserade|Sludge Bomb|p1a: Porygon2\n|-damage|p1a: Porygon2|37/270 psn\n|move|p1a: Porygon2|Recover|p1a: Porygon2\n|-heal|p1a: Porygon2|172/270 psn\n|\n|-heal|p2a: Roserade|93/235|[from] item: Black Sludge\n|-damage|p1a: Porygon2|139/270 psn|[from] psn\n|upkeep\n|turn|10\n|\n|t:|1771098386\n|move|p2a: Roserade|Synthesis|p2a: Roserade\n|-heal|p2a: Roserade|210/235\n|move|p1a: Porygon2|Recover|p1a: Porygon2\n|-heal|p1a: Porygon2|270/270 psn\n|\n|-heal|p2a: Roserade|224/235|[from] item: Black Sludge\n|-damage|p1a: Porygon2|237/270 psn|[from] psn\n|upkeep\n|turn|11\n|\n|t:|1771098390\n|move|p2a: Roserade|Sludge Bomb|p1a: Porygon2\n|-crit|p1a: Porygon2\n|-damage|p1a: Porygon2|122/270 psn\n|move|p1a: Porygon2|Ice Beam|p2a: Roserade\n|-supereffective|p2a: Roserade\n|-damage|p2a: Roserade|112/235\n|\n|-heal|p2a: Roserade|126/235|[from] item: Black Sludge\n|-damage|p1a: Porygon2|89/270 psn|[from] psn\n|upkeep\n|turn|12\n|\n|t:|1771098397\n|move|p2a: Roserade|Sludge Bomb|p1a: Porygon2\n|-damage|p1a: Porygon2|19/270 psn\n|move|p1a: Porygon2|Recover|p1a: Porygon2\n|-heal|p1a: Porygon2|154/270 psn\n|\n|-heal|p2a: Roserade|140/235|[from] item: Black Sludge\n|-damage|p1a: Porygon2|121/270 psn|[from] psn\n|upkeep\n|turn|13\n|\n|t:|1771098402\n|move|p2a: Roserade|Sludge Bomb|p1a: Porygon2\n|-damage|p1a: Porygon2|45/270 psn\n|move|p1a: Porygon2|Recover|p1a: Porygon2\n|-heal|p1a: Porygon2|180/270 psn\n|\n|-heal|p2a: Roserade|154/235|[from] item: Black Sludge\n|-damage|p1a: Porygon2|147/270 psn|[from] psn\n|upkeep\n|turn|14\n|\n|t:|1771098411\n|move|p2a: Roserade|Sludge Bomb|p1a: Porygon2\n|-damage|p1a: Porygon2|66/270 psn\n|move|p1a: Porygon2|Recover|p1a: Porygon2\n|-heal|p1a: Porygon2|201/270 psn\n|\n|-heal|p2a: Roserade|168/235|[from] item: Black Sludge\n|-damage|p1a: Porygon2|168/270 psn|[from] psn\n|upkeep\n|turn|15\n|\n|t:|1771098418\n|move|p2a: Roserade|Sludge Bomb|p1a: Porygon2\n|-damage|p1a: Porygon2|92/270 psn\n|move|p1a: Porygon2|Ice Beam|p2a: Roserade\n|-supereffective|p2a: Roserade\n|-damage|p2a: Roserade|46/235\n|\n|-heal|p2a: Roserade|60/235|[from] item: Black Sludge\n|-damage|p1a: Porygon2|59/270 psn|[from] psn\n|upkeep\n|turn|16\n|\n|t:|1771098428\n|move|p2a: Roserade|Sludge Bomb|p1a: Porygon2\n|-damage|p1a: Porygon2|0 fnt\n|faint|p1a: Porygon2\n|\n|-heal|p2a: Roserade|74/235|[from] item: Black Sludge\n|upkeep\n|\n|t:|1771098436\n|switch|p1a: Sawk|Sawk, L84, M|263/263\n|-status|p1a: Sawk|tox\n|turn|17\n|\n|t:|1771098440\n|move|p2a: Roserade|Synthesis|p2a: Roserade\n|-heal|p2a: Roserade|191/235\n|move|p1a: Sawk|Knock Off|p2a: Roserade\n|-damage|p2a: Roserade|79/235\n|-enditem|p2a: Roserade|Black Sludge|[from] move: Knock Off|[of] p1a: Sawk\n|\n|-damage|p1a: Sawk|247/263 tox|[from] psn\n|upkeep\n|turn|18\n|\n|t:|1771098448\n|switch|p1a: Genesect|Genesect, L72|221/221\n|-ability|p1a: Genesect|Download|boost\n|-boost|p1a: Genesect|atk|1\n|move|p2a: Roserade|Synthesis|p2a: Roserade\n|-heal|p2a: Roserade|196/235\n|\n|upkeep\n|turn|19\n|\n|t:|1771098467\n|switch|p2a: Lapras|Lapras, L87, M|368/368\n|switch|p1a: Moltres|Moltres, L81|277/277\n|\n|upkeep\n|turn|20\n|inactive|noyon6236 has 120 seconds left.\n|\n|t:|1771098497\n|switch|p1a: Genesect|Genesect, L72|221/221\n|-ability|p1a: Genesect|Download|boost\n|-boost|p1a: Genesect|atk|1\n|move|p2a: Lapras|Hydro Pump|p1a: Genesect\n|-crit|p1a: Genesect\n|-damage|p1a: Genesect|26/221\n|\n|upkeep\n|turn|21\n|\n|t:|1771098505\n|move|p2a: Lapras|Protect|p2a: Lapras\n|-singleturn|p2a: Lapras|Protect\n|move|p1a: Genesect|Thunderbolt|p2a: Lapras\n|-activate|p2a: Lapras|move: Protect\n|\n|upkeep\n|turn|22\n|\n|t:|1771098507\n|switch|p2a: Roserade|Roserade, L83, M|196/235\n|move|p1a: Genesect|Thunderbolt|p2a: Roserade\n|-resisted|p2a: Roserade\n|-damage|p2a: Roserade|160/235\n|\n|upkeep\n|turn|23\n|\n|t:|1771098518\n|switch|p1a: Moltres|Moltres, L81|277/277\n|move|p2a: Roserade|Sludge Bomb|p1a: Moltres\n|-damage|p1a: Moltres|144/277\n|-status|p1a: Moltres|psn\n|\n|-heal|p1a: Moltres|161/277 psn|[from] item: Leftovers\n|-damage|p1a: Moltres|127/277 psn|[from] psn\n|upkeep\n|turn|24\n|\n|t:|1771098523\n|move|p2a: Roserade|Sludge Bomb|p1a: Moltres\n|-damage|p1a: Moltres|7/277 psn\n|move|p1a: Moltres|Fire Blast|p2a: Roserade\n|-supereffective|p2a: Roserade\n|-damage|p2a: Roserade|0 fnt\n|faint|p2a: Roserade\n|\n|-heal|p1a: Moltres|24/277 psn|[from] item: Leftovers\n|-damage|p1a: Moltres|0 fnt|[from] psn\n|faint|p1a: Moltres\n|upkeep\n|\n|t:|1771098530\n|switch|p2a: Simipour|Simipour, L86, F|269/269\n|switch|p1a: Sawk|Sawk, L84, M|247/263 tox\n|turn|25\n|\n|t:|1771098544\n|switch|p2a: Lapras|Lapras, L87, M|368/368\n|move|p1a: Sawk|Close Combat|p2a: Lapras\n|-supereffective|p2a: Lapras\n|-damage|p2a: Lapras|56/368\n|-unboost|p1a: Sawk|def|1\n|-unboost|p1a: Sawk|spd|1\n|\n|-heal|p1a: Sawk|263/263 tox|[from] item: Leftovers\n|-heal|p2a: Lapras|79/368|[from] item: Leftovers\n|-damage|p1a: Sawk|247/263 tox|[from] psn\n|upkeep\n|turn|26\n|\n|t:|1771098566\n|move|p1a: Sawk|Knock Off|p2a: Lapras\n|-damage|p2a: Lapras|0 fnt\n|-enditem|p2a: Lapras|Leftovers|[from] move: Knock Off|[of] p1a: Sawk\n|faint|p2a: Lapras\n|\n|-heal|p1a: Sawk|263/263 tox|[from] item: Leftovers\n|-damage|p1a: Sawk|231/263 tox|[from] psn\n|upkeep\n|\n|t:|1771098569\n|switch|p2a: Simipour|Simipour, L86, F|269/269\n|turn|27\n|\n|t:|1771098573\n|switch|p1a: Genesect|Genesect, L72|26/221\n|-ability|p1a: Genesect|Download|boost\n|-boost|p1a: Genesect|spa|1\n|move|p2a: Simipour|Nasty Plot|p2a: Simipour\n|-boost|p2a: Simipour|spa|2\n|\n|upkeep\n|turn|28\n|\n|t:|1771098579\n|move|p2a: Simipour|Ice Beam|p1a: Genesect\n|-resisted|p1a: Genesect\n|-damage|p1a: Genesect|0 fnt\n|faint|p1a: Genesect\n|-damage|p2a: Simipour|243/269|[from] item: Life Orb\n|\n|upkeep\n|\n|t:|1771098582\n|switch|p1a: Slaking|Slaking, L82, F|380/380\n|-status|p1a: Slaking|tox\n|turn|29\n|\n|t:|1771098584\n|move|p2a: Simipour|Hydro Pump|p1a: Slaking\n|-damage|p1a: Slaking|0 fnt\n|faint|p1a: Slaking\n|-damage|p2a: Simipour|217/269|[from] item: Life Orb\n|\n|upkeep\n|\n|t:|1771098592\n|switch|p1a: Luxray|Luxray, L88, M|284/284\n|-status|p1a: Luxray|tox\n|turn|30\n|\n|t:|1771098600\n|move|p2a: Simipour|Hydro Pump|p1a: Luxray\n|-damage|p1a: Luxray|0 fnt\n|faint|p1a: Luxray\n|-damage|p2a: Simipour|191/269|[from] item: Life Orb\n|\n|upkeep\n|\n|t:|1771098619\n|switch|p1a: Sawk|Sawk, L84, M|231/263 tox\n|turn|31\n|\n|t:|1771098621\n|move|p2a: Simipour|Hydro Pump|p1a: Sawk\n|-damage|p1a: Sawk|0 fnt\n|faint|p1a: Sawk\n|-damage|p2a: Simipour|165/269|[from] item: Life Orb\n|\n|win|arboretums\n|raw|noyon6236's rating: 1620 &rarr; <strong>1603</strong><br />(-17 for losing)\n|raw|arboretums's rating: 1670 &rarr; <strong>1687</strong><br />(+17 for winning)\n", "inputlog": ">version ccdc32dd7cde25fd9e4bed64820e885f66e78a4e\n>start {\"formatid\":\"gen6randombattle\",\"seed\":\"sodium,8e7f66f88ef42bb44e7a22180efa7340\",\"rated\":\"Rated battle\"}\n>player p1 {\"name\":\"noyon6236\",\"avatar\":\"169\",\"rating\":1609,\"seed\":\"sodium,72eaaf14e638ba55c16f262406497438\"}\n>player p2 {\"name\":\"arboretums\",\"avatar\":\"serena-masters2\",\"rating\":1670,\"seed\":\"sodium,b0c6285a7e365ca98cf580a28410e6a1\"}\n>p1 switch 4\n>p2 move toxicspikes\n>p1 move triattack\n>p2 move toxicspikes\n>p1 move icebeam\n>p2 move sludgebomb\n>p1 move icebeam\n>p2 move synthesis\n>p1 move icebeam\n>p2 move synthesis\n>p1 move triattack\n>p2 move sludgebomb\n>p1 move recover\n>p2 move sludgebomb\n>p1 move icebeam\n>p2 move synthesis\n>p1 move recover\n>p2 move sludgebomb\n>p1 move recover\n>p2 move synthesis\n>p1 move icebeam\n>p2 move sludgebomb\n>p1 move recover\n>p2 move sludgebomb\n>p1 move recover\n>p2 move sludgebomb\n>p1 move recover\n>p2 move sludgebomb\n>p1 move icebeam\n>p2 move sludgebomb\n>p1 move icebeam\n>p2 move sludgebomb\n>p1 switch 5\n>p1 move knockoff\n>p2 move synthesis\n>p1 switch 2\n>p2 move synthesis\n>p1 switch 6\n>p2 switch 2\n>p1 switch 6\n>p2 move hydropump\n>p1 move thunderbolt\n>p2 move protect\n>p1 move thunderbolt\n>p2 switch 2\n>p1 switch 6\n>p2 move sludgebomb\n>p1 move fireblast\n>p2 move sludgebomb\n>p1 switch 2\n>p2 switch 3\n>p1 move closecombat\n>p2 switch 2\n>p1 move knockoff\n>p2 move hydropump\n>p2 switch 2\n>p1 switch 6\n>p2 move nastyplot\n>p1 move thunderbolt\n>p2 move icebeam\n>p1 switch 3\n>p1 move gigaimpact\n>p2 move hydropump\n>p1 switch 4\n>p1 move wildcharge\n>p2 move hydropump\n>p1 switch 6\n>p1 move closecombat\n>p2 move hydropump", "uploadtime": 1771098622, "views": 116, "formatid": "gen6randombattle", "rating": 1603, "private": 0, "password": null}