{"id": "gen6randombattle-2523083798", "format": "[Gen 6] Random Battle", "players": ["1Seleb", "I never run good"], "log": "|j|☆1Seleb\n|j|☆I never run good\n|t:|1768984481\n|gametype|singles\n|player|p1|1Seleb|170|1619\n|player|p2|I never run good|allister|1729\n|gen|6\n|tier|[Gen 6] Random Battle\n|rated|\n|rule|Sleep Clause Mod: Limit one foe put to sleep\n|rule|HP Percentage Mod: HP is shown in percentages\n|rule|Illusion Level Mod: Illusion disguises the Pokémon's true level\n|\n|t:|1768984481\n|teamsize|p1|6\n|teamsize|p2|6\n|start\n|switch|p1a: Politoed|Politoed, L86, F|295/295\n|switch|p2a: Volcanion|Volcanion, L79|256/256\n|-weather|RainDance|[from] ability: Drizzle|[of] p1a: Politoed\n|turn|1\n|inactive|Battle timer is ON: inactive players will automatically lose when time's up. (requested by 1Seleb)\n|\n|t:|1768984508\n|move|p1a: Politoed|Toxic|p2a: Volcanion\n|-status|p2a: Volcanion|tox\n|move|p2a: Volcanion|Toxic|p1a: Politoed\n|-status|p1a: Politoed|tox\n|\n|-weather|RainDance|[upkeep]\n|-damage|p1a: Politoed|277/295 tox|[from] psn\n|-damage|p2a: Volcanion|240/256 tox|[from] psn\n|upkeep\n|turn|2\n|\n|t:|1768984526\n|move|p1a: Politoed|Encore|p2a: Volcanion\n|-start|p2a: Volcanion|Encore\n|move|p2a: Volcanion|Toxic|p1a: Politoed\n|-fail|p1a: Politoed|tox\n|\n|-weather|RainDance|[upkeep]\n|-heal|p1a: Politoed|295/295 tox|[from] item: Leftovers\n|-heal|p2a: Volcanion|256/256 tox|[from] item: Leftovers\n|-damage|p1a: Politoed|259/295 tox|[from] psn\n|-damage|p2a: Volcanion|224/256 tox|[from] psn\n|upkeep\n|turn|3\n|\n|t:|1768984530\n|switch|p1a: Drapion|Drapion, L83, M|252/252\n|move|p2a: Volcanion|Toxic|p1a: Drapion|[miss]\n|-miss|p2a: Volcanion|p1a: Drapion\n|\n|-weather|RainDance|[upkeep]\n|-heal|p2a: Volcanion|240/256 tox|[from] item: Leftovers\n|-damage|p2a: Volcanion|192/256 tox|[from] psn\n|upkeep\n|turn|4\n|\n|t:|1768984537\n|switch|p2a: Garchomp|Garchomp, L75, M|286/286\n|move|p1a: Drapion|Knock Off|p2a: Garchomp\n|-damage|p2a: Garchomp|156/286\n|-damage|p1a: Drapion|221/252|[from] ability: Rough Skin|[of] p2a: Garchomp\n|-enditem|p2a: Garchomp|Assault Vest|[from] move: Knock Off|[of] p1a: Drapion\n|-damage|p1a: Drapion|196/252|[from] item: Life Orb\n|\n|-weather|RainDance|[upkeep]\n|upkeep\n|turn|5\n|\n|t:|1768984560\n|switch|p1a: Lunatone|Lunatone, L96|290/290\n|move|p2a: Garchomp|Outrage|p1a: Lunatone\n|-damage|p1a: Lunatone|154/290\n|\n|-weather|none\n|upkeep\n|turn|6\n|\n|t:|1768984567\n|move|p2a: Garchomp|Outrage|p1a: Lunatone|[from] lockedmove\n|-damage|p1a: Lunatone|18/290\n|-start|p2a: Garchomp|confusion|[fatigue]\n|move|p1a: Lunatone|Ice Beam|p2a: Garchomp\n|-supereffective|p2a: Garchomp\n|-damage|p2a: Garchomp|0 fnt\n|faint|p2a: Garchomp\n|-damage|p1a: Lunatone|0 fnt|[from] item: Life Orb\n|faint|p1a: Lunatone\n|\n|upkeep\n|\n|t:|1768984584\n|switch|p2a: Scizor|Scizor, L74, F|226/226\n|switch|p1a: Drapion|Drapion, L83, M|196/252\n|turn|7\n|\n|t:|1768984592\n|switch|p1a: Politoed|Politoed, L86, F|259/295 tox\n|-weather|RainDance|[from] ability: Drizzle|[of] p1a: Politoed\n|detailschange|p2a: Scizor|Scizor-Mega, L74, F\n|-mega|p2a: Scizor|Scizor|Scizorite\n|move|p2a: Scizor|Knock Off|p1a: Politoed\n|-crit|p1a: Politoed\n|-damage|p1a: Politoed|144/295 tox\n|-enditem|p1a: Politoed|Leftovers|[from] move: Knock Off|[of] p2a: Scizor\n|\n|-weather|RainDance|[upkeep]\n|-damage|p1a: Politoed|126/295 tox|[from] psn\n|upkeep\n|turn|8\n|\n|t:|1768984603\n|switch|p1a: Drapion|Drapion, L83, M|196/252\n|switch|p2a: Volcanion|Volcanion, L79|192/256 tox\n|\n|-weather|RainDance|[upkeep]\n|-heal|p2a: Volcanion|208/256 tox|[from] item: Leftovers\n|-damage|p2a: Volcanion|192/256 tox|[from] psn\n|upkeep\n|turn|9\n|\n|t:|1768984611\n|move|p1a: Drapion|Earthquake|p2a: Volcanion\n|-supereffective|p2a: Volcanion\n|-damage|p2a: Volcanion|44/256 tox\n|-damage|p1a: Drapion|171/252|[from] item: Life Orb\n|move|p2a: Volcanion|Steam Eruption|p1a: Drapion\n|-damage|p1a: Drapion|0 fnt\n|faint|p1a: Drapion\n|\n|-weather|RainDance|[upkeep]\n|-heal|p2a: Volcanion|60/256 tox|[from] item: Leftovers\n|-damage|p2a: Volcanion|28/256 tox|[from] psn\n|upkeep\n|\n|t:|1768984627\n|switch|p1a: Primeape|Primeape, L87, M|255/255\n|turn|10\n|inactive|I never run good has 120 seconds left.\n|\n|t:|1768984657\n|move|p1a: Primeape|U-turn|p2a: Volcanion\n|-resisted|p2a: Volcanion\n|-damage|p2a: Volcanion|0 fnt\n|faint|p2a: Volcanion\n|l|☆1Seleb\n|inactive|1Seleb disconnected and has a minute to reconnect!\n|player|p1|\n|inactive|1Seleb has 30 seconds to reconnect!\n|j|☆1Seleb\n|inactive|1Seleb reconnected and has 105 seconds left.\n|player|p1|1Seleb|170|\n|\n|t:|1768984696\n|switch|p1a: Politoed|Politoed, L86, F|126/295 tox|[from] U-turn\n|\n|-weather|RainDance|[upkeep]\n|-damage|p1a: Politoed|108/295 tox|[from] psn\n|upkeep\n|inactive|I never run good has 120 seconds left.\n|\n|t:|1768984732\n|switch|p2a: Simisear|Simisear, L88, M|275/275\n|turn|11\n|\n|t:|1768984745\n|switch|p2a: Milotic|Milotic, L83, M|293/293\n|move|p1a: Politoed|Scald|p2a: Milotic\n|-resisted|p2a: Milotic\n|-damage|p2a: Milotic|241/293\n|-status|p2a: Milotic|brn\n|\n|-weather|none\n|-heal|p2a: Milotic|259/293 brn|[from] item: Leftovers\n|-damage|p1a: Politoed|72/295 tox|[from] psn\n|-damage|p2a: Milotic|223/293 brn|[from] brn\n|upkeep\n|turn|12\n|inactive|1Seleb has 120 seconds left.\n|inactive|I never run good has 90 seconds left.\n|\n|t:|1768984761\n|switch|p1a: Chansey|Chansey, L86, F|570/570\n|move|p2a: Milotic|Recover|p2a: Milotic\n|-heal|p2a: Milotic|293/293 brn\n|\n|-damage|p2a: Milotic|257/293 brn|[from] brn\n|upkeep\n|turn|13\n|\n|t:|1768984767\n|switch|p2a: Scizor|Scizor-Mega, L74, F|226/226\n|switch|p1a: Politoed|Politoed, L86, F|72/295 tox\n|-weather|RainDance|[from] ability: Drizzle|[of] p1a: Politoed\n|\n|-weather|RainDance|[upkeep]\n|-damage|p1a: Politoed|54/295 tox|[from] psn\n|upkeep\n|turn|14\n|\n|t:|1768984771\n|switch|p2a: Milotic|Milotic, L83, M|257/293 brn\n|move|p1a: Politoed|Scald|p2a: Milotic\n|-resisted|p2a: Milotic\n|-damage|p2a: Milotic|204/293 brn\n|\n|-weather|RainDance|[upkeep]\n|-heal|p2a: Milotic|222/293 brn|[from] item: Leftovers\n|-damage|p1a: Politoed|18/295 tox|[from] psn\n|-damage|p2a: Milotic|186/293 brn|[from] brn\n|upkeep\n|turn|15\n|\n|t:|1768984777\n|move|p2a: Milotic|Recover|p2a: Milotic\n|-heal|p2a: Milotic|293/293 brn\n|move|p1a: Politoed|Encore|p2a: Milotic\n|-start|p2a: Milotic|Encore\n|\n|-weather|RainDance|[upkeep]\n|-damage|p1a: Politoed|0 fnt|[from] psn\n|faint|p1a: Politoed\n|-damage|p2a: Milotic|257/293 brn|[from] brn\n|upkeep\n|\n|t:|1768984782\n|switch|p1a: Linoone|Linoone, L84, F|268/268\n|turn|16\n|inactive|I never run good has 120 seconds left.\n|\n|t:|1768984806\n|switch|p2a: Bouffalant|Bouffalant, L87, M|307/307\n|move|p1a: Linoone|Belly Drum|p1a: Linoone\n|-damage|p1a: Linoone|134/268\n|-setboost|p1a: Linoone|atk|6|[from] move: Belly Drum\n|-enditem|p1a: Linoone|Sitrus Berry|[eat]\n|-heal|p1a: Linoone|201/268|[from] item: Sitrus Berry\n|\n|-weather|RainDance|[upkeep]\n|upkeep\n|turn|17\n|\n|t:|1768984826\n|move|p1a: Linoone|Extreme Speed|p2a: Bouffalant\n|-damage|p2a: Bouffalant|66/307\n|move|p2a: Bouffalant|Head Charge|p1a: Linoone\n|-damage|p1a: Linoone|0 fnt\n|faint|p1a: Linoone\n|-damage|p2a: Bouffalant|16/307|[from] Recoil\n|\n|-weather|none\n|-heal|p2a: Bouffalant|35/307|[from] item: Leftovers\n|upkeep\n|\n|t:|1768984835\n|switch|p1a: Primeape|Primeape, L87, M|255/255\n|turn|18\n|\n|t:|1768984851\n|move|p1a: Primeape|U-turn|p2a: Bouffalant\n|-damage|p2a: Bouffalant|0 fnt\n|faint|p2a: Bouffalant\n|\n|t:|1768984856\n|switch|p1a: Chansey|Chansey, L86, F|570/570|[from] U-turn\n|\n|upkeep\n|\n|t:|1768984859\n|switch|p2a: Scizor|Scizor-Mega, L74, F|226/226\n|turn|19\n|\n|t:|1768984863\n|move|p2a: Scizor|Knock Off|p1a: Chansey\n|-damage|p1a: Chansey|404/570\n|-enditem|p1a: Chansey|Eviolite|[from] move: Knock Off|[of] p2a: Scizor\n|move|p1a: Chansey|Wish|p1a: Chansey\n|\n|upkeep\n|turn|20\n|\n|t:|1768984872\n|move|p2a: Scizor|Knock Off|p1a: Chansey\n|-damage|p1a: Chansey|233/570\n|move|p1a: Chansey|Seismic Toss|p2a: Scizor\n|-damage|p2a: Scizor|140/226\n|\n|-heal|p1a: Chansey|518/570|[from] move: Wish|[wisher] Chansey\n|upkeep\n|turn|21\n|inactive|I never run good has 120 seconds left.\n|\n|t:|1768984905\n|move|p2a: Scizor|Roost|p2a: Scizor\n|-heal|p2a: Scizor|226/226\n|-singleturn|p2a: Scizor|move: Roost\n|move|p1a: Chansey|Wish|p1a: Chansey\n|\n|upkeep\n|turn|22\n|\n|t:|1768984911\n|move|p2a: Scizor|Knock Off|p1a: Chansey\n|-damage|p1a: Chansey|349/570\n|move|p1a: Chansey|Seismic Toss|p2a: Scizor\n|-damage|p2a: Scizor|140/226\n|\n|-heal|p1a: Chansey|570/570|[from] move: Wish|[wisher] Chansey\n|upkeep\n|turn|23\n|\n|t:|1768984918\n|move|p2a: Scizor|Knock Off|p1a: Chansey\n|-crit|p1a: Chansey\n|-damage|p1a: Chansey|305/570\n|move|p1a: Chansey|Seismic Toss|p2a: Scizor\n|-damage|p2a: Scizor|54/226\n|\n|upkeep\n|turn|24\n|\n|t:|1768984925\n|move|p2a: Scizor|Roost|p2a: Scizor\n|-heal|p2a: Scizor|167/226\n|-singleturn|p2a: Scizor|move: Roost\n|move|p1a: Chansey|Soft-Boiled|p1a: Chansey\n|-heal|p1a: Chansey|570/570\n|\n|upkeep\n|turn|25\n|\n|t:|1768984930\n|switch|p2a: Milotic|Milotic, L83, M|257/293 brn\n|move|p1a: Chansey|Seismic Toss|p2a: Milotic\n|-damage|p2a: Milotic|171/293 brn\n|\n|-heal|p2a: Milotic|189/293 brn|[from] item: Leftovers\n|-damage|p2a: Milotic|153/293 brn|[from] brn\n|upkeep\n|turn|26\n|\n|t:|1768984936\n|switch|p1a: Primeape|Primeape, L87, M|255/255\n|move|p2a: Milotic|Toxic|p1a: Primeape\n|-status|p1a: Primeape|tox\n|\n|-heal|p2a: Milotic|171/293 brn|[from] item: Leftovers\n|-damage|p1a: Primeape|240/255 tox|[from] psn\n|-damage|p2a: Milotic|135/293 brn|[from] brn\n|upkeep\n|turn|27\n|\n|t:|1768984949\n|switch|p2a: Simisear|Simisear, L88, M|275/275\n|move|p1a: Primeape|Close Combat|p2a: Simisear\n|-crit|p2a: Simisear\n|-damage|p2a: Simisear|0 fnt\n|-unboost|p1a: Primeape|def|1\n|-unboost|p1a: Primeape|spd|1\n|faint|p2a: Simisear\n|\n|-damage|p1a: Primeape|210/255 tox|[from] psn\n|upkeep\n|\n|t:|1768984955\n|switch|p2a: Scizor|Scizor-Mega, L74, F|167/226\n|turn|28\n|\n|t:|1768984973\n|switch|p1a: Chansey|Chansey, L86, F|570/570\n|move|p2a: Scizor|Bullet Punch|p1a: Chansey\n|-damage|p1a: Chansey|353/570\n|\n|upkeep\n|turn|29\n|\n|t:|1768984979\n|switch|p2a: Milotic|Milotic, L83, M|135/293 brn\n|move|p1a: Chansey|Soft-Boiled|p1a: Chansey\n|-heal|p1a: Chansey|570/570\n|\n|-heal|p2a: Milotic|153/293 brn|[from] item: Leftovers\n|-damage|p2a: Milotic|117/293 brn|[from] brn\n|upkeep\n|turn|30\n|\n|t:|1768984983\n|move|p2a: Milotic|Recover|p2a: Milotic\n|-heal|p2a: Milotic|264/293 brn\n|move|p1a: Chansey|Seismic Toss|p2a: Milotic\n|-damage|p2a: Milotic|178/293 brn\n|\n|-heal|p2a: Milotic|196/293 brn|[from] item: Leftovers\n|-damage|p2a: Milotic|160/293 brn|[from] brn\n|upkeep\n|turn|31\n|\n|t:|1768984988\n|switch|p1a: Primeape|Primeape, L87, M|210/255 tox\n|move|p2a: Milotic|Recover|p2a: Milotic\n|-heal|p2a: Milotic|293/293 brn\n|\n|-damage|p1a: Primeape|195/255 tox|[from] psn\n|-damage|p2a: Milotic|257/293 brn|[from] brn\n|upkeep\n|turn|32\n|\n|t:|1768984995\n|move|p1a: Primeape|Close Combat|p2a: Milotic\n|-damage|p2a: Milotic|94/293 brn\n|-unboost|p1a: Primeape|def|1\n|-unboost|p1a: Primeape|spd|1\n|move|p2a: Milotic|Scald|p1a: Primeape\n|-damage|p1a: Primeape|50/255 tox\n|\n|-heal|p2a: Milotic|112/293 brn|[from] item: Leftovers\n|-damage|p1a: Primeape|20/255 tox|[from] psn\n|-damage|p2a: Milotic|76/293 brn|[from] brn\n|upkeep\n|turn|33\n|\n|t:|1768985005\n|switch|p2a: Scizor|Scizor-Mega, L74, F|167/226\n|move|p1a: Primeape|Close Combat|p2a: Scizor\n|-damage|p2a: Scizor|0 fnt\n|-unboost|p1a: Primeape|def|1\n|-unboost|p1a: Primeape|spd|1\n|faint|p2a: Scizor\n|detailschange|p2: Scizor|Scizor, L74, F|[silent]\n|\n|-damage|p1a: Primeape|0 fnt|[from] psn\n|faint|p1a: Primeape\n|upkeep\n|\n|t:|1768985011\n|switch|p1a: Chansey|Chansey, L86, F|570/570\n|switch|p2a: Milotic|Milotic, L83, M|76/293 brn\n|turn|34\n|\n|t:|1768985015\n|move|p2a: Milotic|Recover|p2a: Milotic\n|-heal|p2a: Milotic|223/293 brn\n|move|p1a: Chansey|Seismic Toss|p2a: Milotic\n|-damage|p2a: Milotic|137/293 brn\n|\n|-heal|p2a: Milotic|155/293 brn|[from] item: Leftovers\n|-damage|p2a: Milotic|119/293 brn|[from] brn\n|upkeep\n|turn|35\n|\n|t:|1768985021\n|move|p2a: Milotic|Recover|p2a: Milotic\n|-heal|p2a: Milotic|266/293 brn\n|move|p1a: Chansey|Seismic Toss|p2a: Milotic\n|-damage|p2a: Milotic|180/293 brn\n|\n|-heal|p2a: Milotic|198/293 brn|[from] item: Leftovers\n|-damage|p2a: Milotic|162/293 brn|[from] brn\n|upkeep\n|turn|36\n|\n|t:|1768985024\n|move|p2a: Milotic|Toxic|p1a: Chansey|[miss]\n|-miss|p2a: Milotic|p1a: Chansey\n|move|p1a: Chansey|Seismic Toss|p2a: Milotic\n|-damage|p2a: Milotic|76/293 brn\n|\n|-heal|p2a: Milotic|94/293 brn|[from] item: Leftovers\n|-damage|p2a: Milotic|58/293 brn|[from] brn\n|upkeep\n|turn|37\n|\n|t:|1768985027\n|move|p2a: Milotic|Recover|p2a: Milotic\n|-heal|p2a: Milotic|205/293 brn\n|move|p1a: Chansey|Seismic Toss|p2a: Milotic\n|-damage|p2a: Milotic|119/293 brn\n|\n|-heal|p2a: Milotic|137/293 brn|[from] item: Leftovers\n|-damage|p2a: Milotic|101/293 brn|[from] brn\n|upkeep\n|turn|38\n|\n|t:|1768985030\n|move|p2a: Milotic|Recover|p2a: Milotic\n|-heal|p2a: Milotic|248/293 brn\n|move|p1a: Chansey|Seismic Toss|p2a: Milotic\n|-damage|p2a: Milotic|162/293 brn\n|\n|-heal|p2a: Milotic|180/293 brn|[from] item: Leftovers\n|-damage|p2a: Milotic|144/293 brn|[from] brn\n|upkeep\n|turn|39\n|\n|t:|1768985032\n|move|p2a: Milotic|Toxic|p1a: Chansey\n|-status|p1a: Chansey|tox\n|move|p1a: Chansey|Seismic Toss|p2a: Milotic\n|-damage|p2a: Milotic|58/293 brn\n|\n|-heal|p2a: Milotic|76/293 brn|[from] item: Leftovers\n|-damage|p1a: Chansey|535/570 tox|[from] psn\n|-damage|p2a: Milotic|40/293 brn|[from] brn\n|upkeep\n|turn|40\n|\n|t:|1768985034\n|move|p2a: Milotic|Recover|p2a: Milotic\n|-heal|p2a: Milotic|187/293 brn\n|move|p1a: Chansey|Seismic Toss|p2a: Milotic\n|-damage|p2a: Milotic|101/293 brn\n|\n|-heal|p2a: Milotic|119/293 brn|[from] item: Leftovers\n|-damage|p1a: Chansey|465/570 tox|[from] psn\n|-damage|p2a: Milotic|83/293 brn|[from] brn\n|upkeep\n|turn|41\n|\n|t:|1768985037\n|move|p2a: Milotic|Recover|p2a: Milotic\n|-heal|p2a: Milotic|230/293 brn\n|move|p1a: Chansey|Seismic Toss|p2a: Milotic\n|-damage|p2a: Milotic|144/293 brn\n|\n|-heal|p2a: Milotic|162/293 brn|[from] item: Leftovers\n|-damage|p1a: Chansey|360/570 tox|[from] psn\n|-damage|p2a: Milotic|126/293 brn|[from] brn\n|upkeep\n|turn|42\n|\n|t:|1768985039\n|move|p2a: Milotic|Recover|p2a: Milotic\n|-heal|p2a: Milotic|273/293 brn\n|move|p1a: Chansey|Seismic Toss|p2a: Milotic\n|-damage|p2a: Milotic|187/293 brn\n|\n|-heal|p2a: Milotic|205/293 brn|[from] item: Leftovers\n|-damage|p1a: Chansey|220/570 tox|[from] psn\n|-damage|p2a: Milotic|169/293 brn|[from] brn\n|upkeep\n|turn|43\n|\n|t:|1768985042\n|move|p2a: Milotic|Scald|p1a: Chansey\n|-damage|p1a: Chansey|144/570 tox\n|move|p1a: Chansey|Seismic Toss|p2a: Milotic\n|-damage|p2a: Milotic|83/293 brn\n|\n|-heal|p2a: Milotic|101/293 brn|[from] item: Leftovers\n|-damage|p1a: Chansey|0 fnt|[from] psn\n|faint|p1a: Chansey\n|\n|win|I never run good\n|raw|1Seleb's rating: 1619 &rarr; <strong>1605</strong><br />(-14 for losing)\n|raw|I never run good's rating: 1729 &rarr; <strong>1743</strong><br />(+14 for winning)\n|l|☆I never run good\n|player|p2|\n", "inputlog": ">version 3bd1a1e329da8d286644078cfc9a9638fc7ea025\n>start {\"formatid\":\"gen6randombattle\",\"seed\":\"sodium,adbaded2f3bfaf5a755149764258c791\",\"rated\":\"Rated battle\"}\n>player p1 {\"name\":\"1Seleb\",\"avatar\":\"170\",\"rating\":1619,\"seed\":\"sodium,72ee1c950faa577d16ca1d0c94719e86\"}\n>player p2 {\"name\":\"I never run good\",\"avatar\":\"allister\",\"rating\":1729,\"seed\":\"sodium,456c52cdabd14fcc07f460e994d90da0\"}\n>p1 move toxic\n>p2 move toxic\n>p1 move encore\n>p2 move steameruption\n>p1 switch 4\n>p2 move toxic\n>p1 move knockoff\n>p2 switch 3\n>p1 switch 5\n>p2 move outrage\n>p1 move icebeam\n>p2 move outrage\n>p1 switch 5\n>p2 switch 6\n>p1 switch 4\n>p2 move knockoff mega\n>p1 switch 4\n>p2 switch 3\n>p1 move earthquake\n>p2 move steameruption\n>p1 switch 3\n>p1 move uturn\n>p2 move steameruption\n>p1 switch 4\n>p2 switch 2\n>p1 move scald\n>p2 switch 4\n>p1 switch 2\n>p2 move recover\n>p1 switch 2\n>p2 switch 3\n>p1 move scald\n>p2 switch 3\n>p1 move encore\n>p2 move recover\n>p1 switch 6\n>p1 move bellydrum\n>p2 switch 5\n>p1 move extremespeed\n>p2 move headcharge\n>p1 switch 4\n>p1 move uturn\n>p2 move headcharge\n>p1 switch 2\n>p2 switch 3\n>p1 move wish\n>p2 move knockoff\n>p1 move seismictoss\n>p2 move knockoff\n>p1 move wish\n>p2 move roost\n>p1 move seismictoss\n>p2 move knockoff\n>p1 move seismictoss\n>p2 move knockoff\n>p1 move softboiled\n>p2 move roost\n>p1 move seismictoss\n>p2 switch 5\n>p1 switch 2\n>p2 move toxic\n>p1 move closecombat\n>p2 switch 4\n>p2 switch 5\n>p1 switch 2\n>p2 move bulletpunch\n>p1 move softboiled\n>p2 switch 4\n>p1 move seismictoss\n>p2 move recover\n>p1 switch 2\n>p2 move recover\n>p1 move closecombat\n>p2 move scald\n>p1 move closecombat\n>p2 switch 4\n>p1 switch 2\n>p2 switch 4\n>p1 move seismictoss\n>p2 move recover\n>p1 move seismictoss\n>p2 move recover\n>p1 move seismictoss\n>p2 move toxic\n>p1 move seismictoss\n>p2 move recover\n>p1 move seismictoss\n>p2 move recover\n>p1 move seismictoss\n>p2 move toxic\n>p1 move seismictoss\n>p2 move recover\n>p1 move seismictoss\n>p2 move recover\n>p1 move seismictoss\n>p2 move recover\n>p1 move seismictoss\n>p2 move scald", "uploadtime": 1768985046, "views": 319, "formatid": "gen6randombattle", "rating": 1605, "private": 0, "password": null}