{"id": "gen6randombattle-2516646216", "format": "[Gen 6] Random Battle", "players": ["arboretums", "Fogglez"], "log": "|j|☆arboretums\n|j|☆Fogglez\n|t:|1768165309\n|gametype|singles\n|player|p1|arboretums|serena-masters2|1584\n|player|p2|Fogglez|169|1538\n|gen|6\n|tier|[Gen 6] Random Battle\n|rated|\n|rule|Sleep Clause Mod: Limit one foe put to sleep\n|rule|HP Percentage Mod: HP is shown in percentages\n|rule|Illusion Level Mod: Illusion disguises the Pokémon's true level\n|\n|t:|1768165309\n|teamsize|p1|6\n|teamsize|p2|6\n|start\n|switch|p1a: Gothitelle|Gothitelle, L89, M|269/269\n|switch|p2a: Furret|Furret, L93, M|309/309\n|-item|p1a: Gothitelle|Choice Scarf|[from] ability: Frisk|[of] p2a: Furret\n|turn|1\n|inactive|Battle timer is ON: inactive players will automatically lose when time's up. (requested by arboretums)\n|\n|t:|1768165325\n|switch|p1a: Tyranitar|Tyranitar, L75, M|274/274\n|-weather|Sandstorm|[from] ability: Sand Stream|[of] p1a: Tyranitar\n|move|p2a: Furret|Knock Off|p1a: Tyranitar\n|-resisted|p1a: Tyranitar\n|-damage|p1a: Tyranitar|242/274\n|\n|-weather|Sandstorm|[upkeep]\n|-damage|p2a: Furret|290/309|[from] Sandstorm\n|upkeep\n|turn|2\n|\n|t:|1768165342\n|switch|p2a: Persian|Persian, L91, F|266/266\n|detailschange|p1a: Tyranitar|Tyranitar-Mega, L75, M\n|-mega|p1a: Tyranitar|Tyranitar|Tyranitarite\n|move|p1a: Tyranitar|Dragon Dance|p1a: Tyranitar\n|-boost|p1a: Tyranitar|atk|1\n|-boost|p1a: Tyranitar|spe|1\n|\n|-weather|Sandstorm|[upkeep]\n|-damage|p2a: Persian|250/266|[from] Sandstorm\n|upkeep\n|turn|3\n|\n|t:|1768165351\n|move|p2a: Persian|Hidden Power|p1a: Tyranitar\n|-supereffective|p1a: Tyranitar\n|-damage|p1a: Tyranitar|60/274\n|-damage|p2a: Persian|224/266|[from] item: Life Orb\n|move|p1a: Tyranitar|Dragon Dance|p1a: Tyranitar\n|-boost|p1a: Tyranitar|atk|1\n|-boost|p1a: Tyranitar|spe|1\n|\n|-weather|Sandstorm|[upkeep]\n|-damage|p2a: Persian|208/266|[from] Sandstorm\n|upkeep\n|turn|4\n|\n|t:|1768165362\n|move|p1a: Tyranitar|Crunch|p2a: Persian\n|-damage|p2a: Persian|0 fnt\n|faint|p2a: Persian\n|\n|-weather|Sandstorm|[upkeep]\n|upkeep\n|\n|t:|1768165371\n|switch|p2a: Manaphy|Manaphy, L76|277/277\n|turn|5\n|\n|t:|1768165380\n|move|p1a: Tyranitar|Stone Edge|p2a: Manaphy|[miss]\n|-miss|p1a: Tyranitar|p2a: Manaphy\n|move|p2a: Manaphy|Surf|p1a: Tyranitar\n|-supereffective|p1a: Tyranitar\n|-damage|p1a: Tyranitar|0 fnt\n|faint|p1a: Tyranitar\n|detailschange|p1: Tyranitar|Tyranitar, L75, M|[silent]\n|\n|-weather|none\n|upkeep\n|\n|t:|1768165396\n|switch|p1a: Heliolisk|Heliolisk, L83, F|239/239\n|turn|6\n|\n|t:|1768165406\n|switch|p2a: Sunflora|Sunflora, F|312/312\n|move|p1a: Heliolisk|Volt Switch|p2a: Sunflora\n|-resisted|p2a: Sunflora\n|-damage|p2a: Sunflora|262/312\n|\n|t:|1768165421\n|switch|p1a: Ninjask|Ninjask, L93, M|263/263|[from] Volt Switch\n|\n|upkeep\n|turn|7\n|\n|t:|1768165447\n|move|p1a: Ninjask|Swords Dance|p1a: Ninjask\n|-boost|p1a: Ninjask|atk|2\n|move|p2a: Sunflora|Hidden Power|p1a: Ninjask\n|-supereffective|p1a: Ninjask\n|-damage|p1a: Ninjask|50/263\n|-damage|p2a: Sunflora|231/312|[from] item: Life Orb\n|\n|-heal|p1a: Ninjask|66/263|[from] item: Leftovers\n|upkeep\n|turn|8\n|\n|t:|1768165463\n|move|p1a: Ninjask|X-Scissor|p2a: Sunflora\n|-supereffective|p2a: Sunflora\n|-damage|p2a: Sunflora|0 fnt\n|faint|p2a: Sunflora\n|\n|-heal|p1a: Ninjask|82/263|[from] item: Leftovers\n|upkeep\n|\n|t:|1768165469\n|switch|p2a: Manaphy|Manaphy, L76|277/277\n|turn|9\n|\n|t:|1768165475\n|move|p1a: Ninjask|X-Scissor|p2a: Manaphy\n|-damage|p2a: Manaphy|64/277\n|move|p2a: Manaphy|Ice Beam|p1a: Ninjask\n|-supereffective|p1a: Ninjask\n|-damage|p1a: Ninjask|0 fnt\n|faint|p1a: Ninjask\n|\n|-heal|p2a: Manaphy|81/277|[from] item: Leftovers\n|upkeep\n|\n|t:|1768165477\n|switch|p1a: Heliolisk|Heliolisk, L83, F|239/239\n|turn|10\n|\n|t:|1768165489\n|move|p1a: Heliolisk|Volt Switch|p2a: Manaphy\n|-supereffective|p2a: Manaphy\n|-damage|p2a: Manaphy|0 fnt\n|faint|p2a: Manaphy\n|\n|t:|1768165499\n|switch|p1a: Bibarel|Bibarel, L95, F|304/304|[from] Volt Switch\n|\n|upkeep\n|\n|t:|1768165507\n|switch|p2a: Furret|Furret, L93, M|290/309\n|-item|p1a: Bibarel|Leftovers|[from] ability: Frisk|[of] p2a: Furret\n|turn|11\n|\n|t:|1768165520\n|move|p2a: Furret|Trick|p1a: Bibarel\n|-activate|p2a: Furret|move: Trick|[of] p1a: Bibarel\n|-item|p1a: Bibarel|Choice Band|[from] move: Trick\n|-item|p2a: Furret|Leftovers|[from] move: Trick\n|move|p1a: Bibarel|Return|p2a: Furret\n|-damage|p2a: Furret|71/309\n|\n|-heal|p2a: Furret|90/309|[from] item: Leftovers\n|upkeep\n|turn|12\n|\n|t:|1768165546\n|move|p2a: Furret|Knock Off|p1a: Bibarel\n|-damage|p1a: Bibarel|224/304\n|-enditem|p1a: Bibarel|Choice Band|[from] move: Knock Off|[of] p2a: Furret\n|move|p1a: Bibarel|Return|p2a: Furret\n|-damage|p2a: Furret|0 fnt\n|faint|p2a: Furret\n|\n|upkeep\n|\n|t:|1768165553\n|switch|p2a: Swoobat|Swoobat, L87, M|258/258\n|turn|13\n|\n|t:|1768165559\n|move|p2a: Swoobat|Calm Mind|p2a: Swoobat\n|-boost|p2a: Swoobat|spa|2\n|-boost|p2a: Swoobat|spd|2\n|move|p1a: Bibarel|Curse|p1a: Bibarel\n|-unboost|p1a: Bibarel|spe|2\n|-boost|p1a: Bibarel|atk|2\n|-boost|p1a: Bibarel|def|2\n|\n|upkeep\n|turn|14\n|\n|t:|1768165568\n|move|p1a: Bibarel|Quick Attack|p2a: Swoobat\n|-damage|p2a: Swoobat|132/258\n|move|p2a: Swoobat|Air Slash|p1a: Bibarel\n|-damage|p1a: Bibarel|0 fnt\n|faint|p1a: Bibarel\n|-damage|p2a: Swoobat|107/258|[from] item: Life Orb\n|\n|upkeep\n|\n|t:|1768165575\n|switch|p1a: Heliolisk|Heliolisk, L83, F|239/239\n|turn|15\n|\n|t:|1768165580\n|move|p2a: Swoobat|Heat Wave|p1a: Heliolisk|[miss]\n|-miss|p2a: Swoobat|p1a: Heliolisk\n|move|p1a: Heliolisk|Thunderbolt|p2a: Swoobat\n|-supereffective|p2a: Swoobat\n|-damage|p2a: Swoobat|0 fnt\n|faint|p2a: Swoobat\n|\n|upkeep\n|\n|t:|1768165587\n|switch|p2a: Moltres|Moltres, L81|277/277\n|turn|16\n|\n|t:|1768165592\n|move|p1a: Heliolisk|Thunderbolt|p2a: Moltres\n|-supereffective|p2a: Moltres\n|-damage|p2a: Moltres|0 fnt\n|faint|p2a: Moltres\n|\n|win|arboretums\n|raw|arboretums's rating: 1584 &rarr; <strong>1601</strong><br />(+17 for winning)\n|raw|Fogglez's rating: 1538 &rarr; <strong>1521</strong><br />(-17 for losing)\n", "inputlog": ">version f2883557ca71b1a14bc1039fd307aee7de4ab455\n>start {\"formatid\":\"gen6randombattle\",\"seed\":\"sodium,8b9f17aa515c1ded09ed613689cde87d\",\"rated\":\"Rated battle\"}\n>player p1 {\"name\":\"arboretums\",\"avatar\":\"serena-masters2\",\"rating\":1584,\"seed\":\"sodium,6ca866a75c0dddfbb29f68761d441125\"}\n>player p2 {\"name\":\"Fogglez\",\"avatar\":\"169\",\"rating\":1538,\"seed\":\"sodium,89d1a63c8d4c45eb7d9c4ae928b2cba8\"}\n>p1 switch 3\n>p2 move knockoff\n>p1 move dragondance mega\n>p2 switch 4\n>p1 move dragondance\n>p2 move hiddenpower\n>p1 move crunch\n>p2 move hiddenpower\n>p2 switch 2\n>p1 move stoneedge\n>p2 move surf\n>p1 switch 5\n>p1 move voltswitch\n>p2 switch 5\n>p1 switch 6\n>p1 move swordsdance\n>p2 move hiddenpower\n>p1 move xscissor\n>p2 move hiddenpower\n>p2 switch 5\n>p1 move xscissor\n>p2 move icebeam\n>p1 switch 6\n>p1 move voltswitch\n>p2 move energyball\n>p1 switch 4\n>p2 switch 4\n>p1 move return\n>p2 move trick\n>p1 move return\n>p2 move knockoff\n>p2 switch 6\n>p1 move curse\n>p2 move calmmind\n>p1 move quickattack\n>p2 move airslash\n>p1 switch 4\n>p1 move thunderbolt\n>p2 move heatwave\n>p2 switch 3\n>p1 move thunderbolt\n>p2 move fireblast", "uploadtime": 1768165593, "views": 247, "formatid": "gen6randombattle", "rating": 1521, "private": 0, "password": null}