{"id": "gen6randombattle-2539190756", "format": "[Gen 6] Random Battle", "players": ["imlaotino", "arboretums"], "log": "|j|☆imlaotino\n|j|☆arboretums\n|t:|1771021115\n|gametype|singles\n|player|p1|imlaotino|170|1617\n|player|p2|arboretums|serena-masters2|1688\n|gen|6\n|tier|[Gen 6] Random Battle\n|rated|\n|rule|Sleep Clause Mod: Limit one foe put to sleep\n|rule|HP Percentage Mod: HP is shown in percentages\n|rule|Illusion Level Mod: Illusion disguises the Pokémon's true level\n|\n|t:|1771021115\n|teamsize|p1|6\n|teamsize|p2|6\n|start\n|switch|p1a: Aerodactyl|Aerodactyl, L77, M|250/250\n|switch|p2a: Greninja|Greninja, L79, M|243/243\n|-ability|p1a: Aerodactyl|Unnerve\n|turn|1\n|inactive|Battle timer is ON: inactive players will automatically lose when time's up. (requested by arboretums)\n|\n|t:|1771021125\n|switch|p1a: Clefable|Clefable, L80, M|283/283\n|move|p2a: Greninja|Hydro Pump|p1a: Clefable\n|-start|p2a: Greninja|typechange|Water|[from] ability: Protean\n|-damage|p1a: Clefable|127/283\n|-damage|p2a: Greninja|219/243|[from] item: Life Orb\n|\n|upkeep\n|turn|2\n|\n|t:|1771021141\n|move|p2a: Greninja|Gunk Shot|p1a: Clefable\n|-start|p2a: Greninja|typechange|Poison|[from] ability: Protean\n|-supereffective|p1a: Clefable\n|-damage|p1a: Clefable|0 fnt\n|faint|p1a: Clefable\n|-damage|p2a: Greninja|195/243|[from] item: Life Orb\n|\n|upkeep\n|\n|t:|1771021147\n|switch|p1a: Aerodactyl|Aerodactyl, L77, M|250/250\n|-ability|p1a: Aerodactyl|Unnerve\n|turn|3\n|\n|t:|1771021151\n|switch|p2a: Braviary|Braviary, L82, M|298/298\n|detailschange|p1a: Aerodactyl|Aerodactyl-Mega, L77, M\n|-mega|p1a: Aerodactyl|Aerodactyl|Aerodactylite\n|move|p1a: Aerodactyl|Earthquake|p2a: Braviary\n|-immune|p2a: Braviary\n|\n|upkeep\n|turn|4\n|\n|t:|1771021162\n|switch|p2a: Hippowdon|Hippowdon, L81, F|308/308\n|-weather|Sandstorm|[from] ability: Sand Stream|[of] p2a: Hippowdon\n|move|p1a: Aerodactyl|Stone Edge|p2a: Hippowdon\n|-resisted|p2a: Hippowdon\n|-damage|p2a: Hippowdon|259/308\n|\n|-weather|Sandstorm|[upkeep]\n|upkeep\n|turn|5\n|\n|t:|1771021173\n|move|p1a: Aerodactyl|Aqua Tail|p2a: Hippowdon\n|-supereffective|p2a: Hippowdon\n|-damage|p2a: Hippowdon|113/308\n|-damage|p1a: Aerodactyl|209/250|[from] item: Rocky Helmet|[of] p2a: Hippowdon\n|move|p2a: Hippowdon|Toxic|p1a: Aerodactyl\n|-status|p1a: Aerodactyl|tox\n|\n|-weather|Sandstorm|[upkeep]\n|-damage|p1a: Aerodactyl|194/250 tox|[from] psn\n|upkeep\n|turn|6\n|\n|t:|1771021194\n|move|p1a: Aerodactyl|Aqua Tail|p2a: Hippowdon\n|-supereffective|p2a: Hippowdon\n|-damage|p2a: Hippowdon|0 fnt\n|-damage|p1a: Aerodactyl|153/250 tox|[from] item: Rocky Helmet|[of] p2a: Hippowdon\n|faint|p2a: Hippowdon\n|\n|-weather|Sandstorm|[upkeep]\n|-damage|p1a: Aerodactyl|123/250 tox|[from] psn\n|upkeep\n|\n|t:|1771021199\n|switch|p2a: Greninja|Greninja, L79, M|195/243\n|turn|7\n|\n|t:|1771021206\n|switch|p1a: Goodra|Goodra, L85, F|292/292\n|move|p2a: Greninja|Hydro Pump|p1a: Goodra|[miss]\n|-start|p2a: Greninja|typechange|Water|[from] ability: Protean\n|-miss|p2a: Greninja|p1a: Goodra\n|\n|-weather|Sandstorm|[upkeep]\n|-damage|p2a: Greninja|180/243|[from] Sandstorm\n|-damage|p1a: Goodra|274/292|[from] Sandstorm\n|upkeep\n|turn|8\n|\n|t:|1771021225\n|switch|p2a: Tangrowth|Tangrowth, L88, F|319/319\n|move|p1a: Goodra|Earthquake|p2a: Tangrowth\n|-resisted|p2a: Tangrowth\n|-crit|p2a: Tangrowth\n|-damage|p2a: Tangrowth|280/319\n|\n|-weather|none\n|upkeep\n|turn|9\n|\n|t:|1771021232\n|move|p1a: Goodra|Fire Blast|p2a: Tangrowth\n|-supereffective|p2a: Tangrowth\n|-damage|p2a: Tangrowth|104/319\n|move|p2a: Tangrowth|Earthquake|p1a: Goodra\n|-crit|p1a: Goodra\n|-damage|p1a: Goodra|131/292\n|\n|upkeep\n|turn|10\n|\n|t:|1771021238\n|switch|p2a: Greninja|Greninja, L79, M|180/243\n|move|p1a: Goodra|Fire Blast|p2a: Greninja\n|-resisted|p2a: Greninja\n|-damage|p2a: Greninja|125/243\n|\n|upkeep\n|turn|11\n|\n|t:|1771021245\n|move|p2a: Greninja|Gunk Shot|p1a: Goodra|[miss]\n|-start|p2a: Greninja|typechange|Poison|[from] ability: Protean\n|-miss|p2a: Greninja|p1a: Goodra\n|move|p1a: Goodra|Earthquake|p2a: Greninja\n|-supereffective|p2a: Greninja\n|-damage|p2a: Greninja|0 fnt\n|faint|p2a: Greninja\n|\n|upkeep\n|\n|t:|1771021251\n|switch|p2a: Persian|Persian, L91, M|266/266\n|turn|12\n|\n|t:|1771021275\n|switch|p1a: Dustox|Dustox, L96, M|271/271\n|move|p2a: Persian|Double-Edge|p1a: Dustox\n|-damage|p1a: Dustox|75/271\n|-damage|p2a: Persian|201/266|[from] Recoil\n|\n|-heal|p1a: Dustox|91/271|[from] item: Black Sludge\n|upkeep\n|turn|13\n|\n|t:|1771021286\n|move|p2a: Persian|Double-Edge|p1a: Dustox\n|-crit|p1a: Dustox\n|-damage|p1a: Dustox|0 fnt\n|faint|p1a: Dustox\n|-damage|p2a: Persian|171/266|[from] Recoil\n|\n|upkeep\n|inactive|imlaotino has 120 seconds left.\n|inactive|imlaotino has 90 seconds left.\n|\n|t:|1771021339\n|switch|p1a: Aerodactyl|Aerodactyl-Mega, L77, M|123/250 tox\n|turn|14\n|\n|t:|1771021349\n|switch|p2a: Tangrowth|Tangrowth, L88, F|210/319\n|move|p1a: Aerodactyl|Stone Edge|p2a: Tangrowth\n|-damage|p2a: Tangrowth|126/319\n|\n|-damage|p1a: Aerodactyl|108/250 tox|[from] psn\n|upkeep\n|turn|15\n|inactive|imlaotino has 90 seconds left.\n|\n|t:|1771021365\n|switch|p1a: Goodra|Goodra, L85, F|131/292\n|move|p2a: Tangrowth|Rock Slide|p1a: Goodra\n|-damage|p1a: Goodra|57/292\n|\n|upkeep\n|turn|16\n|\n|t:|1771021378\n|switch|p2a: Braviary|Braviary, L82, M|298/298\n|move|p1a: Goodra|Fire Blast|p2a: Braviary\n|-damage|p2a: Braviary|196/298\n|\n|upkeep\n|turn|17\n|\n|t:|1771021387\n|move|p1a: Goodra|Draco Meteor|p2a: Braviary\n|-damage|p2a: Braviary|3/298\n|-unboost|p1a: Goodra|spa|2\n|move|p2a: Braviary|U-turn|p1a: Goodra\n|-damage|p1a: Goodra|0 fnt\n|faint|p1a: Goodra\n|l|☆arboretums\n|inactive|arboretums disconnected and has a minute to reconnect!\n|player|p2|\n|j|☆arboretums\n|inactive|arboretums reconnected and has 135 seconds left.\n|player|p2|arboretums|serena-masters2|\n|inactive|arboretums has 120 seconds left.\n|\n|t:|1771021419\n|switch|p2a: Tangrowth|Tangrowth, L88, F|232/319|[from] U-turn\n|\n|upkeep\n|\n|t:|1771021430\n|switch|p1a: Garbodor|Garbodor, L88, F|284/284\n|turn|18\n|\n|t:|1771021436\n|move|p1a: Garbodor|Gunk Shot|p2a: Tangrowth|[miss]\n|-miss|p1a: Garbodor|p2a: Tangrowth\n|move|p2a: Tangrowth|Earthquake|p1a: Garbodor\n|-supereffective|p1a: Garbodor\n|-crit|p1a: Garbodor\n|-damage|p1a: Garbodor|40/284\n|\n|-heal|p1a: Garbodor|57/284|[from] item: Black Sludge\n|upkeep\n|turn|19\n|\n|t:|1771021449\n|move|p1a: Garbodor|Gunk Shot|p2a: Tangrowth\n|-supereffective|p2a: Tangrowth\n|-damage|p2a: Tangrowth|32/319\n|move|p2a: Tangrowth|Earthquake|p1a: Garbodor\n|-supereffective|p1a: Garbodor\n|-damage|p1a: Garbodor|0 fnt\n|faint|p1a: Garbodor\n|\n|upkeep\n|\n|t:|1771021455\n|switch|p1a: Togekiss|Togekiss, L79, F|263/263\n|turn|20\n|\n|t:|1771021459\n|move|p1a: Togekiss|Air Slash|p2a: Tangrowth\n|-supereffective|p2a: Tangrowth\n|-damage|p2a: Tangrowth|0 fnt\n|faint|p2a: Tangrowth\n|\n|upkeep\n|\n|t:|1771021470\n|switch|p2a: Braviary|Braviary, L82, M|3/298\n|turn|21\n|\n|t:|1771021475\n|move|p1a: Togekiss|Air Slash|p2a: Braviary\n|-damage|p2a: Braviary|0 fnt\n|faint|p2a: Braviary\n|\n|upkeep\n|\n|t:|1771021477\n|switch|p2a: Zebstrika|Zebstrika, L87, M|272/272\n|turn|22\n|\n|t:|1771021501\n|move|p1a: Togekiss|Air Slash|p2a: Zebstrika\n|-resisted|p2a: Zebstrika\n|-damage|p2a: Zebstrika|217/272\n|move|p2a: Zebstrika|Thunderbolt|p1a: Togekiss\n|-supereffective|p1a: Togekiss\n|-damage|p1a: Togekiss|27/263\n|\n|upkeep\n|turn|23\n|\n|t:|1771021506\n|move|p1a: Togekiss|Air Slash|p2a: Zebstrika\n|-resisted|p2a: Zebstrika\n|-crit|p2a: Zebstrika\n|-damage|p2a: Zebstrika|142/272\n|move|p2a: Zebstrika|Thunderbolt|p1a: Togekiss\n|-supereffective|p1a: Togekiss\n|-damage|p1a: Togekiss|0 fnt\n|faint|p1a: Togekiss\n|\n|upkeep\n|\n|t:|1771021511\n|switch|p1a: Aerodactyl|Aerodactyl-Mega, L77, M|108/250 tox\n|turn|24\n|\n|t:|1771021514\n|move|p1a: Aerodactyl|Earthquake|p2a: Zebstrika\n|-supereffective|p2a: Zebstrika\n|-damage|p2a: Zebstrika|0 fnt\n|faint|p2a: Zebstrika\n|\n|-damage|p1a: Aerodactyl|93/250 tox|[from] psn\n|upkeep\n|\n|t:|1771021516\n|switch|p2a: Persian|Persian, L91, M|171/266\n|turn|25\n|inactive|imlaotino has 120 seconds left.\n|\n|t:|1771021563\n|move|p1a: Aerodactyl|Stone Edge|p2a: Persian\n|-damage|p2a: Persian|41/266\n|move|p2a: Persian|Double-Edge|p1a: Aerodactyl\n|-resisted|p1a: Aerodactyl\n|-damage|p1a: Aerodactyl|0 fnt\n|faint|p1a: Aerodactyl\n|detailschange|p1: Aerodactyl|Aerodactyl, L77, M|[silent]\n|-damage|p2a: Persian|10/266|[from] Recoil\n|\n|win|arboretums\n|raw|imlaotino's rating: 1617 &rarr; <strong>1601</strong><br />(-16 for losing)\n|raw|arboretums's rating: 1688 &rarr; <strong>1704</strong><br />(+16 for winning)\n", "inputlog": ">version ccdc32dd7cde25fd9e4bed64820e885f66e78a4e\n>start {\"formatid\":\"gen6randombattle\",\"seed\":\"sodium,88bba21b41b34f13ec8affc6175536d8\",\"rated\":\"Rated battle\"}\n>player p1 {\"name\":\"imlaotino\",\"avatar\":\"170\",\"rating\":1617,\"seed\":\"sodium,041c419b2a1d7e00a1a040190fd1006b\"}\n>player p2 {\"name\":\"arboretums\",\"avatar\":\"serena-masters2\",\"rating\":1688,\"seed\":\"sodium,d48d8f031918c8756954330d77e48b1f\"}\n>p1 switch 2\n>p2 move hydropump\n>p1 move moonblast\n>p2 move gunkshot\n>p1 switch 2\n>p1 move earthquake mega\n>p2 switch 5\n>p1 move stoneedge\n>p2 switch 6\n>p1 move aquatail\n>p2 move toxic\n>p1 move aquatail\n>p2 move slackoff\n>p2 switch 5\n>p1 switch 5\n>p2 move hydropump\n>p1 move earthquake\n>p2 switch 2\n>p1 move fireblast\n>p2 move earthquake\n>p1 move fireblast\n>p2 switch 2\n>p1 move earthquake\n>p2 move gunkshot\n>p2 switch 3\n>p1 switch 3\n>p2 move doubleedge\n>p1 move bugbuzz\n>p2 move doubleedge\n>p1 switch 5\n>p1 move stoneedge\n>p2 switch 2\n>p1 switch 3\n>p2 move rockslide\n>p1 move fireblast\n>p2 switch 6\n>p1 move dracometeor\n>p2 move uturn\n>p2 switch 6\n>p1 switch 4\n>p1 move gunkshot\n>p2 move earthquake\n>p1 move gunkshot\n>p2 move earthquake\n>p1 switch 6\n>p1 move airslash\n>p2 move rockslide\n>p2 switch 6\n>p1 move airslash\n>p2 move bravebird\n>p2 switch 4\n>p1 move airslash\n>p2 move thunderbolt\n>p1 move airslash\n>p2 move thunderbolt\n>p1 switch 3\n>p1 move earthquake\n>p2 move thunderbolt\n>p2 switch 2\n>p1 move stoneedge\n>p2 move doubleedge", "uploadtime": 1771021566, "views": 179, "formatid": "gen6randombattle", "rating": 1601, "private": 0, "password": null}