{"id": "gen6randombattle-2527117900", "format": "[Gen 6] Random Battle", "players": ["GreenEggBoi", "Blatjanglover"], "log": "|j|‽GreenEggBoi\n|j|☆Blatjanglover\n|t:|1769497912\n|gametype|singles\n|player|p1|GreenEggBoi|170|1536\n|player|p2|Blatjanglover|brock|1521\n|gen|6\n|tier|[Gen 6] Random Battle\n|rated|\n|rule|Sleep Clause Mod: Limit one foe put to sleep\n|rule|HP Percentage Mod: HP is shown in percentages\n|rule|Illusion Level Mod: Illusion disguises the Pokémon's true level\n|\n|t:|1769497912\n|teamsize|p1|6\n|teamsize|p2|6\n|start\n|switch|p1a: Gliscor|Gliscor, L77, M|242/242\n|switch|p2a: Swoobat|Swoobat, L87, M|258/258\n|turn|1\n|inactive|Battle timer is ON: inactive players will automatically lose when time's up. (requested by GreenEggBoi)\n|\n|t:|1769497931\n|switch|p2a: Alakazam|Alakazam, L78, F|214/214\n|move|p1a: Gliscor|Toxic|p2a: Alakazam\n|-status|p2a: Alakazam|tox\n|\n|-status|p1a: Gliscor|tox|[from] item: Toxic Orb\n|upkeep\n|turn|2\n|\n|t:|1769497944\n|detailschange|p2a: Alakazam|Alakazam-Mega, L78, F\n|-mega|p2a: Alakazam|Alakazam|Alakazite\n|-ability|p2a: Alakazam|Poison Heal|Trace|[from] ability: Trace|[of] p1a: Gliscor\n|move|p2a: Alakazam|Psychic|p1a: Gliscor\n|-damage|p1a: Gliscor|71/242 tox\n|move|p1a: Gliscor|Taunt|p2a: Alakazam\n|-start|p2a: Alakazam|move: Taunt\n|\n|-heal|p1a: Gliscor|101/242 tox|[from] ability: Poison Heal\n|upkeep\n|turn|3\n|inactive|GreenEggBoi has 120 seconds left.\n|\n|t:|1769497979\n|move|p2a: Alakazam|Psychic|p1a: Gliscor\n|-damage|p1a: Gliscor|0 fnt\n|faint|p1a: Gliscor\n|\n|upkeep\n|inactive|GreenEggBoi has 120 seconds left.\n|\n|t:|1769497993\n|switch|p1a: Miltank|Miltank, L84, F|297/297\n|turn|4\n|\n|t:|1769497997\n|move|p2a: Alakazam|Psychic|p1a: Miltank\n|-damage|p1a: Miltank|146/297\n|move|p1a: Miltank|Body Slam|p2a: Alakazam\n|-damage|p2a: Alakazam|106/214 tox\n|\n|-heal|p1a: Miltank|164/297|[from] item: Leftovers\n|-heal|p2a: Alakazam|132/214 tox|[from] ability: Poison Heal\n|upkeep\n|turn|5\n|\n|t:|1769498005\n|move|p2a: Alakazam|Focus Blast|p1a: Miltank|[miss]\n|-miss|p2a: Alakazam|p1a: Miltank\n|move|p1a: Miltank|Body Slam|p2a: Alakazam\n|-damage|p2a: Alakazam|24/214 tox\n|\n|-heal|p1a: Miltank|182/297|[from] item: Leftovers\n|-heal|p2a: Alakazam|50/214 tox|[from] ability: Poison Heal\n|-end|p2a: Alakazam|move: Taunt\n|upkeep\n|turn|6\n|\n|t:|1769498011\n|move|p2a: Alakazam|Focus Blast|p1a: Miltank|[miss]\n|-miss|p2a: Alakazam|p1a: Miltank\n|move|p1a: Miltank|Body Slam|p2a: Alakazam\n|-damage|p2a: Alakazam|0 fnt\n|faint|p2a: Alakazam\n|detailschange|p2: Alakazam|Alakazam, L78, F|[silent]\n|\n|-heal|p1a: Miltank|200/297|[from] item: Leftovers\n|upkeep\n|c|☆Blatjanglover|That's Focus Blast for you 😂\n|\n|t:|1769498031\n|switch|p2a: Forretress|Forretress, L82, M|257/257\n|turn|7\n|n|☆GreenEggBoi|greeneggboi\n|c|☆GreenEggBoi|yeah thats an oof\n|c|☆GreenEggBoi|especially after poison heal mega alakazam\n|inactive|GreenEggBoi has 120 seconds left.\n|c|☆GreenEggBoi|had me dead to rights\n|\n|t:|1769498079\n|switch|p1a: Terrakion|Terrakion, L77|267/267\n|move|p2a: Forretress|Toxic Spikes|p1a: Terrakion\n|-sidestart|p1: GreenEggBoi|move: Toxic Spikes\n|\n|upkeep\n|turn|8\n|\n|t:|1769498089\n|move|p1a: Terrakion|Stone Edge|p2a: Forretress\n|-damage|p2a: Forretress|130/257\n|move|p2a: Forretress|Toxic Spikes|p1a: Terrakion\n|-sidestart|p1: GreenEggBoi|move: Toxic Spikes\n|\n|-heal|p2a: Forretress|146/257|[from] item: Leftovers\n|upkeep\n|turn|9\n|\n|t:|1769498095\n|switch|p2a: Diggersby|Diggersby, L81, F|270/270\n|move|p1a: Terrakion|Stone Edge|p2a: Diggersby\n|-resisted|p2a: Diggersby\n|-damage|p2a: Diggersby|171/270\n|\n|upkeep\n|turn|10\n|inactive|GreenEggBoi has 120 seconds left.\n|\n|t:|1769498108\n|switch|p1a: Hawlucha|Hawlucha, L77, F|247/247\n|move|p2a: Diggersby|Agility|p2a: Diggersby\n|-boost|p2a: Diggersby|spe|2\n|\n|upkeep\n|turn|11\n|inactive|GreenEggBoi has 120 seconds left.\n|\n|t:|1769498115\n|move|p2a: Diggersby|Return|p1a: Hawlucha\n|-damage|p1a: Hawlucha|33/247\n|-damage|p2a: Diggersby|144/270|[from] item: Life Orb\n|move|p1a: Hawlucha|Sky Attack||[still]\n|-prepare|p1a: Hawlucha|Sky Attack\n|-enditem|p1a: Hawlucha|Power Herb\n|-anim|p1a: Hawlucha|Sky Attack|p2a: Diggersby\n|-damage|p2a: Diggersby|18/270\n|\n|upkeep\n|turn|12\n|l|☆Blatjanglover\n|inactive|Blatjanglover disconnected and has a minute to reconnect!\n|player|p2|\n|inactive|Blatjanglover has 30 seconds to reconnect!\n|j|☆Blatjanglover\n|inactive|Blatjanglover reconnected and has 115 seconds left.\n|player|p2|Blatjanglover|brock|\n|\n|t:|1769498158\n|move|p1a: Hawlucha|Acrobatics|p2a: Diggersby\n|-damage|p2a: Diggersby|0 fnt\n|faint|p2a: Diggersby\n|\n|upkeep\n|\n|t:|1769498164\n|switch|p2a: Hitmonchan|Hitmonchan, L86, M|226/226\n|turn|13\n|\n|t:|1769498169\n|move|p2a: Hitmonchan|Mach Punch|p1a: Hawlucha\n|-resisted|p1a: Hawlucha\n|-damage|p1a: Hawlucha|0 fnt\n|faint|p1a: Hawlucha\n|\n|upkeep\n|\n|t:|1769498173\n|switch|p1a: Muk|Muk, L88, F|328/328\n|-sideend|p1: GreenEggBoi|move: Toxic Spikes|[of] p1a: Muk\n|turn|14\n|inactive|Blatjanglover has 120 seconds left.\n|inactive|Blatjanglover has 90 seconds left.\n|c|☆Blatjanglover|Son of a gun 😂\n|\n|t:|1769498237\n|switch|p2a: Forretress|Forretress, L82, M|146/257\n|move|p1a: Muk|Ice Punch|p2a: Forretress\n|-resisted|p2a: Forretress\n|-damage|p2a: Forretress|124/257\n|\n|-heal|p2a: Forretress|140/257|[from] item: Leftovers\n|upkeep\n|turn|15\n|\n|t:|1769498250\n|switch|p1a: Simisear|Simisear, L88, M|275/275\n|move|p2a: Forretress|Volt Switch|p1a: Simisear\n|-damage|p1a: Simisear|231/275\n|\n|t:|1769498273\n|switch|p2a: Hitmonchan|Hitmonchan, L86, M|226/226|[from] Volt Switch\n|\n|upkeep\n|turn|16\n|\n|t:|1769498279\n|switch|p1a: Muk|Muk, L88, F|328/328\n|move|p2a: Hitmonchan|Drain Punch|p1a: Muk\n|-resisted|p1a: Muk\n|-damage|p1a: Muk|274/328\n|\n|-heal|p1a: Muk|294/328|[from] item: Black Sludge\n|upkeep\n|turn|17\n|\n|t:|1769498284\n|switch|p2a: Forretress|Forretress, L82, M|140/257\n|move|p1a: Muk|Brick Break|p2a: Forretress\n|-damage|p2a: Forretress|97/257\n|\n|-heal|p1a: Muk|314/328|[from] item: Black Sludge\n|-heal|p2a: Forretress|113/257|[from] item: Leftovers\n|upkeep\n|turn|18\n|inactive|Blatjanglover has 90 seconds left.\n|\n|t:|1769498297\n|move|p1a: Muk|Brick Break|p2a: Forretress\n|-damage|p2a: Forretress|71/257\n|move|p2a: Forretress|Toxic Spikes|p1a: Muk\n|-sidestart|p1: GreenEggBoi|move: Toxic Spikes\n|\n|-heal|p1a: Muk|328/328|[from] item: Black Sludge\n|-heal|p2a: Forretress|87/257|[from] item: Leftovers\n|upkeep\n|turn|19\n|\n|t:|1769498306\n|switch|p1a: Terrakion|Terrakion, L77|267/267\n|-status|p1a: Terrakion|psn\n|move|p2a: Forretress|Toxic Spikes|p1a: Terrakion\n|-sidestart|p1: GreenEggBoi|move: Toxic Spikes\n|\n|-heal|p2a: Forretress|103/257|[from] item: Leftovers\n|-damage|p1a: Terrakion|234/267 psn|[from] psn\n|upkeep\n|turn|20\n|\n|t:|1769498310\n|move|p1a: Terrakion|Stone Edge|p2a: Forretress\n|-damage|p2a: Forretress|0 fnt\n|faint|p2a: Forretress\n|\n|-damage|p1a: Terrakion|201/267 psn|[from] psn\n|upkeep\n|\n|t:|1769498312\n|switch|p2a: Gogoat|Gogoat, L90, M|368/368\n|turn|21\n|\n|t:|1769498327\n|switch|p1a: Miltank|Miltank, L84, F|200/297\n|-status|p1a: Miltank|tox\n|move|p2a: Gogoat|Bulk Up|p2a: Gogoat\n|-boost|p2a: Gogoat|atk|1\n|-boost|p2a: Gogoat|def|1\n|\n|-heal|p1a: Miltank|218/297 tox|[from] item: Leftovers\n|-damage|p1a: Miltank|200/297 tox|[from] psn\n|upkeep\n|turn|22\n|\n|t:|1769498332\n|move|p1a: Miltank|Body Slam|p2a: Gogoat\n|-damage|p2a: Gogoat|307/368\n|move|p2a: Gogoat|Earthquake|p1a: Miltank\n|-damage|p1a: Miltank|93/297 tox\n|\n|-heal|p1a: Miltank|111/297 tox|[from] item: Leftovers\n|-heal|p2a: Gogoat|330/368|[from] item: Leftovers\n|-damage|p1a: Miltank|75/297 tox|[from] psn\n|upkeep\n|turn|23\n|\n|t:|1769498339\n|move|p1a: Miltank|Body Slam|p2a: Gogoat\n|-damage|p2a: Gogoat|264/368\n|move|p2a: Gogoat|Earthquake|p1a: Miltank\n|-damage|p1a: Miltank|0 fnt\n|faint|p1a: Miltank\n|\n|-heal|p2a: Gogoat|287/368|[from] item: Leftovers\n|upkeep\n|\n|t:|1769498345\n|switch|p1a: Muk|Muk, L88, F|328/328\n|-sideend|p1: GreenEggBoi|move: Toxic Spikes|[of] p1a: Muk\n|turn|24\n|\n|t:|1769498354\n|move|p2a: Gogoat|Earthquake|p1a: Muk\n|-supereffective|p1a: Muk\n|-damage|p1a: Muk|72/328\n|move|p1a: Muk|Poison Jab|p2a: Gogoat\n|-supereffective|p2a: Gogoat\n|-damage|p2a: Gogoat|119/368\n|\n|-heal|p2a: Gogoat|142/368|[from] item: Leftovers\n|-heal|p1a: Muk|92/328|[from] item: Black Sludge\n|upkeep\n|turn|25\n|\n|t:|1769498361\n|move|p2a: Gogoat|Milk Drink|p2a: Gogoat\n|-heal|p2a: Gogoat|326/368\n|move|p1a: Muk|Poison Jab|p2a: Gogoat\n|-supereffective|p2a: Gogoat\n|-crit|p2a: Gogoat\n|-damage|p2a: Gogoat|0 fnt\n|faint|p2a: Gogoat\n|\n|-heal|p1a: Muk|112/328|[from] item: Black Sludge\n|upkeep\n|c|☆Blatjanglover|Damn bro 😂\n|\n|t:|1769498384\n|switch|p2a: Swoobat|Swoobat, L87, M|258/258\n|turn|26\n|\n|t:|1769498387\n|move|p2a: Swoobat|Calm Mind|p2a: Swoobat\n|-boost|p2a: Swoobat|spa|2\n|-boost|p2a: Swoobat|spd|2\n|move|p1a: Muk|Haze|p1a: Muk\n|-clearallboost\n|\n|-heal|p1a: Muk|132/328|[from] item: Black Sludge\n|upkeep\n|turn|27\n|\n|t:|1769498391\n|move|p2a: Swoobat|Calm Mind|p2a: Swoobat\n|-boost|p2a: Swoobat|spa|2\n|-boost|p2a: Swoobat|spd|2\n|move|p1a: Muk|Haze|p1a: Muk\n|-clearallboost\n|\n|-heal|p1a: Muk|152/328|[from] item: Black Sludge\n|upkeep\n|turn|28\n|\n|t:|1769498393\n|move|p2a: Swoobat|Calm Mind|p2a: Swoobat\n|-boost|p2a: Swoobat|spa|2\n|-boost|p2a: Swoobat|spd|2\n|move|p1a: Muk|Haze|p1a: Muk\n|-clearallboost\n|\n|-heal|p1a: Muk|172/328|[from] item: Black Sludge\n|upkeep\n|turn|29\n|\n|t:|1769498395\n|move|p2a: Swoobat|Calm Mind|p2a: Swoobat\n|-boost|p2a: Swoobat|spa|2\n|-boost|p2a: Swoobat|spd|2\n|move|p1a: Muk|Haze|p1a: Muk\n|-clearallboost\n|\n|-heal|p1a: Muk|192/328|[from] item: Black Sludge\n|upkeep\n|turn|30\n|\n|t:|1769498397\n|move|p2a: Swoobat|Stored Power|p1a: Muk\n|-supereffective|p1a: Muk\n|-damage|p1a: Muk|156/328\n|move|p1a: Muk|Haze|p1a: Muk\n|-clearallboost\n|\n|-heal|p1a: Muk|176/328|[from] item: Black Sludge\n|upkeep\n|turn|31\n|\n|t:|1769498399\n|move|p2a: Swoobat|Calm Mind|p2a: Swoobat\n|-boost|p2a: Swoobat|spa|2\n|-boost|p2a: Swoobat|spd|2\n|move|p1a: Muk|Haze|p1a: Muk\n|-clearallboost\n|\n|-heal|p1a: Muk|196/328|[from] item: Black Sludge\n|upkeep\n|turn|32\n|\n|t:|1769498401\n|move|p2a: Swoobat|Stored Power|p1a: Muk\n|-supereffective|p1a: Muk\n|-damage|p1a: Muk|164/328\n|move|p1a: Muk|Haze|p1a: Muk\n|-clearallboost\n|\n|-heal|p1a: Muk|184/328|[from] item: Black Sludge\n|upkeep\n|turn|33\n|\n|t:|1769498404\n|move|p2a: Swoobat|Calm Mind|p2a: Swoobat\n|-boost|p2a: Swoobat|spa|2\n|-boost|p2a: Swoobat|spd|2\n|move|p1a: Muk|Haze|p1a: Muk\n|-clearallboost\n|\n|-heal|p1a: Muk|204/328|[from] item: Black Sludge\n|upkeep\n|turn|34\n|\n|t:|1769498406\n|move|p2a: Swoobat|Calm Mind|p2a: Swoobat\n|-boost|p2a: Swoobat|spa|2\n|-boost|p2a: Swoobat|spd|2\n|move|p1a: Muk|Haze|p1a: Muk\n|-clearallboost\n|\n|-heal|p1a: Muk|224/328|[from] item: Black Sludge\n|upkeep\n|turn|35\n|\n|t:|1769498408\n|move|p2a: Swoobat|Stored Power|p1a: Muk\n|-supereffective|p1a: Muk\n|-damage|p1a: Muk|186/328\n|move|p1a: Muk|Haze|p1a: Muk\n|-clearallboost\n|\n|-heal|p1a: Muk|206/328|[from] item: Black Sludge\n|upkeep\n|turn|36\n|\n|t:|1769498410\n|move|p2a: Swoobat|Heat Wave|p1a: Muk\n|-damage|p1a: Muk|155/328\n|move|p1a: Muk|Haze|p1a: Muk\n|-clearallboost\n|\n|-heal|p1a: Muk|175/328|[from] item: Black Sludge\n|upkeep\n|turn|37\n|\n|t:|1769498413\n|move|p2a: Swoobat|Calm Mind|p2a: Swoobat\n|-boost|p2a: Swoobat|spa|2\n|-boost|p2a: Swoobat|spd|2\n|move|p1a: Muk|Haze|p1a: Muk\n|-clearallboost\n|\n|-heal|p1a: Muk|195/328|[from] item: Black Sludge\n|upkeep\n|turn|38\n|\n|t:|1769498415\n|move|p2a: Swoobat|Heat Wave|p1a: Muk\n|-damage|p1a: Muk|146/328\n|move|p1a: Muk|Haze|p1a: Muk\n|-clearallboost\n|\n|-heal|p1a: Muk|166/328|[from] item: Black Sludge\n|upkeep\n|turn|39\n|\n|t:|1769498417\n|move|p2a: Swoobat|Heat Wave|p1a: Muk\n|-damage|p1a: Muk|115/328\n|move|p1a: Muk|Haze|p1a: Muk\n|-clearallboost\n|\n|-heal|p1a: Muk|135/328|[from] item: Black Sludge\n|upkeep\n|turn|40\n|\n|t:|1769498420\n|move|p2a: Swoobat|Calm Mind|p2a: Swoobat\n|-boost|p2a: Swoobat|spa|2\n|-boost|p2a: Swoobat|spd|2\n|move|p1a: Muk|Haze|p1a: Muk\n|-clearallboost\n|\n|-heal|p1a: Muk|155/328|[from] item: Black Sludge\n|upkeep\n|turn|41\n|\n|t:|1769498422\n|move|p2a: Swoobat|Heat Wave|p1a: Muk\n|-damage|p1a: Muk|100/328\n|move|p1a: Muk|Haze|p1a: Muk\n|-clearallboost\n|\n|-heal|p1a: Muk|120/328|[from] item: Black Sludge\n|upkeep\n|turn|42\n|\n|t:|1769498425\n|move|p2a: Swoobat|Heat Wave|p1a: Muk\n|-damage|p1a: Muk|70/328\n|move|p1a: Muk|Haze|p1a: Muk\n|-clearallboost\n|\n|-heal|p1a: Muk|90/328|[from] item: Black Sludge\n|upkeep\n|turn|43\n|\n|t:|1769498429\n|move|p2a: Swoobat|Calm Mind|p2a: Swoobat\n|-boost|p2a: Swoobat|spa|2\n|-boost|p2a: Swoobat|spd|2\n|move|p1a: Muk|Haze|p1a: Muk\n|-clearallboost\n|\n|-heal|p1a: Muk|110/328|[from] item: Black Sludge\n|upkeep\n|turn|44\n|\n|t:|1769498432\n|move|p2a: Swoobat|Heat Wave|p1a: Muk\n|-crit|p1a: Muk\n|-damage|p1a: Muk|28/328\n|move|p1a: Muk|Ice Punch|p2a: Swoobat\n|-supereffective|p2a: Swoobat\n|-damage|p2a: Swoobat|104/258\n|\n|-heal|p2a: Swoobat|120/258|[from] item: Leftovers\n|-heal|p1a: Muk|48/328|[from] item: Black Sludge\n|upkeep\n|turn|45\n|\n|t:|1769498436\n|move|p2a: Swoobat|Roost|p2a: Swoobat\n|-heal|p2a: Swoobat|249/258\n|-singleturn|p2a: Swoobat|move: Roost\n|move|p1a: Muk|Ice Punch|p2a: Swoobat\n|-damage|p2a: Swoobat|169/258\n|\n|-heal|p2a: Swoobat|185/258|[from] item: Leftovers\n|-heal|p1a: Muk|68/328|[from] item: Black Sludge\n|upkeep\n|turn|46\n|\n|t:|1769498445\n|move|p2a: Swoobat|Calm Mind|p2a: Swoobat\n|-boost|p2a: Swoobat|spa|2\n|-boost|p2a: Swoobat|spd|2\n|move|p1a: Muk|Ice Punch|p2a: Swoobat\n|-supereffective|p2a: Swoobat\n|-damage|p2a: Swoobat|15/258\n|\n|-heal|p2a: Swoobat|31/258|[from] item: Leftovers\n|-heal|p1a: Muk|88/328|[from] item: Black Sludge\n|upkeep\n|turn|47\n|\n|t:|1769498453\n|move|p2a: Swoobat|Roost|p2a: Swoobat\n|-heal|p2a: Swoobat|160/258\n|-singleturn|p2a: Swoobat|move: Roost\n|move|p1a: Muk|Haze|p1a: Muk\n|-clearallboost\n|\n|-heal|p2a: Swoobat|176/258|[from] item: Leftovers\n|-heal|p1a: Muk|108/328|[from] item: Black Sludge\n|upkeep\n|turn|48\n|\n|t:|1769498457\n|move|p2a: Swoobat|Calm Mind|p2a: Swoobat\n|-boost|p2a: Swoobat|spa|2\n|-boost|p2a: Swoobat|spd|2\n|move|p1a: Muk|Poison Jab|p2a: Swoobat\n|-damage|p2a: Swoobat|34/258\n|\n|-heal|p2a: Swoobat|50/258|[from] item: Leftovers\n|-heal|p1a: Muk|128/328|[from] item: Black Sludge\n|upkeep\n|turn|49\n|\n|t:|1769498460\n|move|p2a: Swoobat|Stored Power|p1a: Muk\n|-supereffective|p1a: Muk\n|-damage|p1a: Muk|0 fnt\n|faint|p1a: Muk\n|\n|-heal|p2a: Swoobat|66/258|[from] item: Leftovers\n|upkeep\n|\n|t:|1769498463\n|switch|p1a: Terrakion|Terrakion, L77|201/267 psn\n|turn|50\n|\n|t:|1769498466\n|move|p1a: Terrakion|Quick Attack|p2a: Swoobat\n|-damage|p2a: Swoobat|1/258\n|move|p2a: Swoobat|Stored Power|p1a: Terrakion\n|-supereffective|p1a: Terrakion\n|-damage|p1a: Terrakion|0 fnt\n|faint|p1a: Terrakion\n|\n|-heal|p2a: Swoobat|17/258|[from] item: Leftovers\n|upkeep\n|c|☆GreenEggBoi|shiet\n|\n|t:|1769498473\n|switch|p1a: Simisear|Simisear, L88, M|231/275\n|turn|51\n|c|☆Blatjanglover|That was close 😭\n|\n|t:|1769498478\n|move|p2a: Swoobat|Stored Power|p1a: Simisear\n|-damage|p1a: Simisear|0 fnt\n|faint|p1a: Simisear\n|\n|win|Blatjanglover\n|raw|GreenEggBoi's rating: 1536 &rarr; <strong>1515</strong><br />(-21 for losing)\n|raw|Blatjanglover's rating: 1521 &rarr; <strong>1542</strong><br />(+21 for winning)\n|c|☆GreenEggBoi|ggwp\n|c|☆Blatjanglover|Gg bro\n|c|☆Blatjanglover|Wp\n|l|☆GreenEggBoi\n|player|p1|\n", "inputlog": ">version b99ff0165a6231f17e8b78c2a78d1998375de664\n>start {\"formatid\":\"gen6randombattle\",\"seed\":\"sodium,c2de42dad9795f4d3fc4f4d10607052c\",\"rated\":\"Rated battle\"}\n>player p1 {\"name\":\"GreenEggBoi\",\"avatar\":\"170\",\"rating\":1536,\"seed\":\"sodium,d0f58475057b6f882f88b90ae2067384\"}\n>player p2 {\"name\":\"Blatjanglover\",\"avatar\":\"brock\",\"rating\":1521,\"seed\":\"sodium,f5de90e38ad2ee81cf0cedd20e4d2cca\"}\n>p1 move toxic\n>p2 switch 5\n>p1 move taunt\n>p2 move psychic mega\n>p1 move earthquake\n>p2 move psychic\n>p1 switch 6\n>p1 move bodyslam\n>p2 move psychic\n>p1 move bodyslam\n>p2 move focusblast\n>p1 move bodyslam\n>p2 move focusblast\n>chat ☆Blatjanglover|That's Focus Blast for you 😂\n>p2 switch 2\n>chat ☆GreenEggBoi|yeah thats an oof\n>chat ☆GreenEggBoi|especially after poison heal mega alakazam\n>chat ☆GreenEggBoi|had me dead to rights\n>p1 switch 2\n>p2 move toxicspikes\n>p1 move stoneedge\n>p2 move toxicspikes\n>p1 move stoneedge\n>p2 switch 3\n>p1 switch 5\n>p2 move agility\n>p1 move skyattack\n>p2 move return\n>p1 move acrobatics\n>p2 move return\n>p2 switch 4\n>p1 move acrobatics\n>p2 move machpunch\n>p1 switch 3\n>chat ☆Blatjanglover|Son of a gun 😂\n>p1 move icepunch\n>p2 switch 3\n>p1 switch 4\n>p2 move voltswitch\n>p2 switch 3\n>p1 switch 4\n>p2 move drainpunch\n>p1 move brickbreak\n>p2 switch 3\n>p1 move brickbreak\n>p2 move toxicspikes\n>p1 switch 5\n>p2 move toxicspikes\n>p1 move stoneedge\n>p2 move gyroball\n>p2 switch 6\n>p1 switch 2\n>p2 move bulkup\n>p1 move bodyslam\n>p2 move earthquake\n>p1 move bodyslam\n>p2 move earthquake\n>p1 switch 5\n>p1 move poisonjab\n>p2 move earthquake\n>p1 move poisonjab\n>p2 move milkdrink\n>chat ☆Blatjanglover|Damn bro 😂\n>p2 switch 5\n>p1 move haze\n>p2 move calmmind\n>p1 move haze\n>p2 move calmmind\n>p1 move haze\n>p2 move calmmind\n>p1 move haze\n>p2 move calmmind\n>p1 move haze\n>p2 move storedpower\n>p1 move haze\n>p2 move calmmind\n>p1 move haze\n>p2 move storedpower\n>p1 move haze\n>p2 move calmmind\n>p1 move haze\n>p2 move calmmind\n>p1 move haze\n>p2 move storedpower\n>p1 move haze\n>p2 move heatwave\n>p1 move haze\n>p2 move calmmind\n>p1 move haze\n>p2 move heatwave\n>p1 move haze\n>p2 move heatwave\n>p1 move haze\n>p2 move calmmind\n>p1 move haze\n>p2 move heatwave\n>p1 move haze\n>p2 move heatwave\n>p1 move haze\n>p2 move calmmind\n>p1 move icepunch\n>p2 move heatwave\n>p1 move icepunch\n>p2 move roost\n>p1 move icepunch\n>p2 move calmmind\n>p1 move haze\n>p2 move roost\n>p1 move poisonjab\n>p2 move calmmind\n>p1 move haze\n>p2 move storedpower\n>p1 switch 2\n>p1 move quickattack\n>p2 move storedpower\n>chat ☆GreenEggBoi|shiet\n>p1 switch 4\n>chat ☆Blatjanglover|That was close 😭\n>p1 move hiddenpower\n>p2 move storedpower", "uploadtime": 1769498503, "views": 279, "formatid": "gen6randombattle", "rating": 1515, "private": 0, "password": null}