{"id": "gen6randombattle-2540813276", "format": "[Gen 6] Random Battle", "players": ["xuyuehang", "LiamLDL"], "log": "|j|‽xuyuehang\n|j|☆LiamLDL\n|t:|1771256709\n|gametype|singles\n|player|p1|xuyuehang|102|1558\n|player|p2|LiamLDL|unknown|1572\n|gen|6\n|tier|[Gen 6] Random Battle\n|rated|\n|rule|Sleep Clause Mod: Limit one foe put to sleep\n|rule|HP Percentage Mod: HP is shown in percentages\n|rule|Illusion Level Mod: Illusion disguises the Pokémon's true level\n|\n|t:|1771256709\n|teamsize|p1|6\n|teamsize|p2|6\n|start\n|switch|p1a: Primeape|Primeape, L87, F|255/255\n|switch|p2a: Ampharos|Ampharos, L86, M|295/295\n|turn|1\n|inactive|Battle timer is ON: inactive players will automatically lose when time's up. (requested by xuyuehang)\n|\n|t:|1771256719\n|move|p1a: Primeape|Earthquake|p2a: Ampharos\n|-supereffective|p2a: Ampharos\n|-damage|p2a: Ampharos|49/295\n|move|p2a: Ampharos|Volt Switch|p1a: Primeape\n|-damage|p1a: Primeape|104/255\n|\n|t:|1771256736\n|switch|p2a: Maractus|Maractus, L98, M|305/305|[from] Volt Switch\n|\n|upkeep\n|turn|2\n|\n|t:|1771256743\n|switch|p1a: Vespiquen|Vespiquen, F|301/301\n|-ability|p1a: Vespiquen|Pressure\n|move|p2a: Maractus|Spiky Shield||[still]\n|-fail|p2a: Maractus\n|\n|upkeep\n|turn|3\n|\n|t:|1771256757\n|move|p2a: Maractus|Leech Seed|p1a: Vespiquen\n|-start|p1a: Vespiquen|move: Leech Seed\n|move|p1a: Vespiquen|Air Slash|p2a: Maractus\n|-supereffective|p2a: Maractus\n|-damage|p2a: Maractus|89/305\n|\n|-heal|p2a: Maractus|108/305|[from] item: Leftovers\n|-damage|p1a: Vespiquen|264/301|[from] Leech Seed|[of] p2a: Maractus\n|-heal|p2a: Maractus|145/305|[silent]\n|upkeep\n|turn|4\n|\n|t:|1771256774\n|switch|p1a: Slaking|Slaking, L82, F|380/380\n|move|p2a: Maractus|Spiky Shield||[still]\n|-fail|p2a: Maractus\n|\n|-heal|p2a: Maractus|164/305|[from] item: Leftovers\n|upkeep\n|turn|5\n|\n|t:|1771256782\n|switch|p1a: Vespiquen|Vespiquen, F|264/301\n|-ability|p1a: Vespiquen|Pressure\n|move|p2a: Maractus|Spiky Shield||[still]\n|-fail|p2a: Maractus\n|\n|-heal|p2a: Maractus|183/305|[from] item: Leftovers\n|-heal|p1a: Vespiquen|282/301|[from] item: Leftovers\n|upkeep\n|turn|6\n|\n|t:|1771256797\n|switch|p2a: Ampharos|Ampharos, L86, M|49/295\n|move|p1a: Vespiquen|Air Slash|p2a: Ampharos\n|-resisted|p2a: Ampharos\n|-damage|p2a: Ampharos|4/295\n|\n|-heal|p1a: Vespiquen|300/301|[from] item: Leftovers\n|upkeep\n|turn|7\n|\n|t:|1771256820\n|move|p2a: Ampharos|Thunderbolt|p1a: Vespiquen\n|-supereffective|p1a: Vespiquen\n|-damage|p1a: Vespiquen|52/301\n|move|p1a: Vespiquen|Air Slash|p2a: Ampharos\n|-resisted|p2a: Ampharos\n|-damage|p2a: Ampharos|0 fnt\n|faint|p2a: Ampharos\n|\n|-heal|p1a: Vespiquen|70/301|[from] item: Leftovers\n|upkeep\n|inactive|LiamLDL has 120 seconds left.\n|\n|t:|1771256878\n|switch|p2a: Ursaring|Ursaring, L85, M|292/292\n|turn|8\n|inactive|xuyuehang has 120 seconds left.\n|\n|t:|1771256920\n|switch|p1a: Primeape|Primeape, L87, F|104/255\n|move|p2a: Ursaring|Swords Dance|p2a: Ursaring\n|-boost|p2a: Ursaring|atk|2\n|\n|-status|p2a: Ursaring|tox|[from] item: Toxic Orb\n|upkeep\n|turn|9\n|inactive|LiamLDL has 90 seconds left.\n|\n|t:|1771256965\n|move|p1a: Primeape|Close Combat|p2a: Ursaring\n|-supereffective|p2a: Ursaring\n|-damage|p2a: Ursaring|0 fnt\n|-unboost|p1a: Primeape|def|1\n|-unboost|p1a: Primeape|spd|1\n|faint|p2a: Ursaring\n|\n|upkeep\n|\n|t:|1771256975\n|switch|p2a: Maractus|Maractus, L98, M|183/305\n|turn|10\n|\n|t:|1771256978\n|move|p1a: Primeape|Close Combat|p2a: Maractus\n|-damage|p2a: Maractus|0 fnt\n|-unboost|p1a: Primeape|def|1\n|-unboost|p1a: Primeape|spd|1\n|faint|p2a: Maractus\n|\n|upkeep\n|\n|t:|1771256984\n|switch|p2a: Beautifly|Beautifly, L99, M|279/279\n|turn|11\n|inactive|xuyuehang has 120 seconds left.\n|\n|t:|1771256997\n|switch|p1a: Palkia|Palkia, L73|252/252\n|-ability|p1a: Palkia|Pressure\n|move|p2a: Beautifly|Quiver Dance|p2a: Beautifly\n|-boost|p2a: Beautifly|spa|1\n|-boost|p2a: Beautifly|spd|1\n|-boost|p2a: Beautifly|spe|1\n|\n|upkeep\n|turn|12\n|\n|t:|1771257006\n|move|p2a: Beautifly|Quiver Dance|p2a: Beautifly\n|-boost|p2a: Beautifly|spa|1\n|-boost|p2a: Beautifly|spd|1\n|-boost|p2a: Beautifly|spe|1\n|move|p1a: Palkia|Thunder Wave|p2a: Beautifly\n|-status|p2a: Beautifly|par\n|\n|upkeep\n|turn|13\n|\n|t:|1771257017\n|move|p1a: Palkia|Fire Blast|p2a: Beautifly\n|-supereffective|p2a: Beautifly\n|-damage|p2a: Beautifly|175/279 par\n|move|p2a: Beautifly|Quiver Dance|p2a: Beautifly\n|-boost|p2a: Beautifly|spa|1\n|-boost|p2a: Beautifly|spd|1\n|-boost|p2a: Beautifly|spe|1\n|\n|-heal|p2a: Beautifly|192/279 par|[from] item: Leftovers\n|upkeep\n|turn|14\n|inactive|xuyuehang has 120 seconds left.\n|inactive|LiamLDL has 120 seconds left.\n|\n|t:|1771257033\n|switch|p1a: Slaking|Slaking, L82, F|380/380\n|move|p2a: Beautifly|Quiver Dance|p2a: Beautifly\n|-boost|p2a: Beautifly|spa|1\n|-boost|p2a: Beautifly|spd|1\n|-boost|p2a: Beautifly|spe|1\n|\n|-heal|p2a: Beautifly|209/279 par|[from] item: Leftovers\n|upkeep\n|turn|15\n|inactive|xuyuehang has 120 seconds left.\n|\n|t:|1771257044\n|move|p1a: Slaking|Giga Impact|p2a: Beautifly|[miss]\n|-miss|p1a: Slaking|p2a: Beautifly\n|move|p2a: Beautifly|Quiver Dance|p2a: Beautifly\n|-boost|p2a: Beautifly|spa|1\n|-boost|p2a: Beautifly|spd|1\n|-boost|p2a: Beautifly|spe|1\n|\n|-heal|p2a: Beautifly|226/279 par|[from] item: Leftovers\n|upkeep\n|turn|16\n|\n|t:|1771257053\n|cant|p1a: Slaking|ability: Truant\n|cant|p2a: Beautifly|par\n|\n|-heal|p2a: Beautifly|243/279 par|[from] item: Leftovers\n|upkeep\n|turn|17\n|\n|t:|1771257059\n|move|p1a: Slaking|Giga Impact|p2a: Beautifly\n|-damage|p2a: Beautifly|0 fnt\n|-mustrecharge|p1a: Slaking\n|faint|p2a: Beautifly\n|\n|upkeep\n|\n|t:|1771257062\n|switch|p2a: Suicune|Suicune, L80|291/291\n|-ability|p2a: Suicune|Pressure\n|turn|18\n|\n|t:|1771257068\n|cant|p1a: Slaking|recharge\n|move|p2a: Suicune|Substitute|p2a: Suicune\n|-start|p2a: Suicune|Substitute\n|-damage|p2a: Suicune|219/291\n|\n|-heal|p2a: Suicune|237/291|[from] item: Leftovers\n|upkeep\n|turn|19\n|inactive|xuyuehang has 120 seconds left.\n|\n|t:|1771257116\n|switch|p1a: Blastoise|Blastoise, L81, F|261/261\n|move|p2a: Suicune|Calm Mind|p2a: Suicune\n|-boost|p2a: Suicune|spa|1\n|-boost|p2a: Suicune|spd|1\n|\n|-heal|p2a: Suicune|255/291|[from] item: Leftovers\n|upkeep\n|turn|20\n|j| Omgebhonyel\n|inactive|xuyuehang has 90 seconds left.\n|\n|t:|1771257142\n|detailschange|p1a: Blastoise|Blastoise-Mega, L81, F\n|-mega|p1a: Blastoise|Blastoise|Blastoisinite\n|move|p2a: Suicune|Calm Mind|p2a: Suicune\n|-boost|p2a: Suicune|spa|1\n|-boost|p2a: Suicune|spd|1\n|move|p1a: Blastoise|Dark Pulse|p2a: Suicune\n|-activate|p2a: Suicune|move: Substitute|[damage]\n|\n|-heal|p2a: Suicune|273/291|[from] item: Leftovers\n|upkeep\n|turn|21\n|inactive|xuyuehang has 90 seconds left.\n|\n|t:|1771257155\n|move|p2a: Suicune|Calm Mind|p2a: Suicune\n|-boost|p2a: Suicune|spa|1\n|-boost|p2a: Suicune|spd|1\n|move|p1a: Blastoise|Dark Pulse|p2a: Suicune\n|-crit|p2a: Suicune\n|-end|p2a: Suicune|Substitute\n|\n|-heal|p2a: Suicune|291/291|[from] item: Leftovers\n|upkeep\n|turn|22\n|inactive|xuyuehang has 90 seconds left.\n|\n|t:|1771257168\n|move|p2a: Suicune|Substitute|p2a: Suicune\n|-start|p2a: Suicune|Substitute\n|-damage|p2a: Suicune|219/291\n|move|p1a: Blastoise|Dark Pulse|p2a: Suicune\n|-activate|p2a: Suicune|move: Substitute|[damage]\n|\n|-heal|p2a: Suicune|237/291|[from] item: Leftovers\n|upkeep\n|turn|23\n|\n|t:|1771257175\n|move|p2a: Suicune|Calm Mind|p2a: Suicune\n|-boost|p2a: Suicune|spa|1\n|-boost|p2a: Suicune|spd|1\n|move|p1a: Blastoise|Dark Pulse|p2a: Suicune\n|-activate|p2a: Suicune|move: Substitute|[damage]\n|\n|-heal|p2a: Suicune|255/291|[from] item: Leftovers\n|upkeep\n|turn|24\n|\n|t:|1771257186\n|move|p2a: Suicune|Calm Mind|p2a: Suicune\n|-boost|p2a: Suicune|spa|1\n|-boost|p2a: Suicune|spd|1\n|move|p1a: Blastoise|Dark Pulse|p2a: Suicune\n|-end|p2a: Suicune|Substitute\n|\n|-heal|p2a: Suicune|273/291|[from] item: Leftovers\n|upkeep\n|turn|25\n|\n|t:|1771257194\n|move|p2a: Suicune|Substitute|p2a: Suicune\n|-start|p2a: Suicune|Substitute\n|-damage|p2a: Suicune|201/291\n|move|p1a: Blastoise|Dark Pulse|p2a: Suicune\n|-activate|p2a: Suicune|move: Substitute|[damage]\n|\n|-heal|p2a: Suicune|219/291|[from] item: Leftovers\n|upkeep\n|turn|26\n|\n|t:|1771257201\n|move|p2a: Suicune|Calm Mind|p2a: Suicune\n|-boost|p2a: Suicune|spa|1\n|-boost|p2a: Suicune|spd|1\n|move|p1a: Blastoise|Dark Pulse|p2a: Suicune\n|-activate|p2a: Suicune|move: Substitute|[damage]\n|\n|-heal|p2a: Suicune|237/291|[from] item: Leftovers\n|upkeep\n|turn|27\n|\n|t:|1771257209\n|move|p2a: Suicune|Scald|p1a: Blastoise\n|-resisted|p1a: Blastoise\n|-damage|p1a: Blastoise|135/261\n|-status|p1a: Blastoise|brn\n|move|p1a: Blastoise|Dark Pulse|p2a: Suicune\n|-activate|p2a: Suicune|move: Substitute|[damage]\n|\n|-heal|p2a: Suicune|255/291|[from] item: Leftovers\n|-damage|p1a: Blastoise|103/261 brn|[from] brn\n|upkeep\n|turn|28\n|\n|t:|1771257219\n|move|p2a: Suicune|Scald|p1a: Blastoise\n|-resisted|p1a: Blastoise\n|-damage|p1a: Blastoise|0 fnt\n|faint|p1a: Blastoise\n|detailschange|p1: Blastoise|Blastoise, L81, F|[silent]\n|\n|-heal|p2a: Suicune|273/291|[from] item: Leftovers\n|upkeep\n|\n|t:|1771257229\n|switch|p1a: Palkia|Palkia, L73|252/252\n|-ability|p1a: Palkia|Pressure\n|turn|29\n|\n|t:|1771257243\n|move|p1a: Palkia|Draco Meteor|p2a: Suicune\n|-end|p2a: Suicune|Substitute\n|-unboost|p1a: Palkia|spa|2\n|move|p2a: Suicune|Scald|p1a: Palkia\n|-resisted|p1a: Palkia\n|-damage|p1a: Palkia|188/252\n|\n|-heal|p2a: Suicune|291/291|[from] item: Leftovers\n|upkeep\n|turn|30\n|\n|t:|1771257253\n|move|p1a: Palkia|Thunder Wave|p2a: Suicune\n|-status|p2a: Suicune|par\n|move|p2a: Suicune|Substitute|p2a: Suicune\n|-start|p2a: Suicune|Substitute\n|-damage|p2a: Suicune|219/291 par\n|\n|-heal|p2a: Suicune|237/291 par|[from] item: Leftovers\n|upkeep\n|turn|31\n|\n|t:|1771257280\n|switch|p1a: Slaking|Slaking, L82, F|380/380\n|move|p2a: Suicune|Scald|p1a: Slaking\n|-damage|p1a: Slaking|0 fnt\n|faint|p1a: Slaking\n|\n|-heal|p2a: Suicune|255/291 par|[from] item: Leftovers\n|upkeep\n|inactive|xuyuehang has 90 seconds left.\n|\n|t:|1771257294\n|switch|p1a: Avalugg|Avalugg, L90, F|317/317\n|turn|32\n|\n|t:|1771257299\n|move|p1a: Avalugg|Earthquake|p2a: Suicune\n|-crit|p2a: Suicune\n|-end|p2a: Suicune|Substitute\n|move|p2a: Suicune|Scald|p1a: Avalugg\n|-ability|p1a: Avalugg|Sturdy\n|-damage|p1a: Avalugg|1/317\n|\n|-heal|p1a: Avalugg|20/317|[from] item: Leftovers\n|-heal|p2a: Suicune|273/291 par|[from] item: Leftovers\n|upkeep\n|turn|33\n|\n|t:|1771257309\n|move|p1a: Avalugg|Earthquake|p2a: Suicune\n|-damage|p2a: Suicune|199/291 par\n|move|p2a: Suicune|Scald|p1a: Avalugg\n|-damage|p1a: Avalugg|0 fnt\n|faint|p1a: Avalugg\n|\n|-heal|p2a: Suicune|217/291 par|[from] item: Leftovers\n|upkeep\n|\n|t:|1771257323\n|switch|p1a: Primeape|Primeape, L87, F|104/255\n|turn|34\n|\n|t:|1771257328\n|move|p1a: Primeape|Close Combat|p2a: Suicune\n|-damage|p2a: Suicune|24/291 par\n|-unboost|p1a: Primeape|def|1\n|-unboost|p1a: Primeape|spd|1\n|cant|p2a: Suicune|par\n|\n|-heal|p2a: Suicune|42/291 par|[from] item: Leftovers\n|upkeep\n|turn|35\n|\n|t:|1771257336\n|move|p1a: Primeape|Close Combat|p2a: Suicune\n|-damage|p2a: Suicune|0 fnt\n|-unboost|p1a: Primeape|def|1\n|-unboost|p1a: Primeape|spd|1\n|faint|p2a: Suicune\n|\n|upkeep\n|\n|t:|1771257337\n|switch|p2a: Swampert|Swampert, L80, M|291/291\n|turn|36\n|inactive|xuyuehang has 120 seconds left.\n|\n|t:|1771257343\n|detailschange|p2a: Swampert|Swampert-Mega, L80, M\n|-mega|p2a: Swampert|Swampert|Swampertite\n|move|p1a: Primeape|Close Combat|p2a: Swampert\n|-crit|p2a: Swampert\n|-damage|p2a: Swampert|27/291\n|-unboost|p1a: Primeape|def|1\n|-unboost|p1a: Primeape|spd|1\n|move|p2a: Swampert|Rain Dance|p2a: Swampert\n|-weather|RainDance\n|\n|-weather|RainDance|[upkeep]\n|upkeep\n|turn|37\n|n|!LiamLDL|liamldl\n|\n|t:|1771257352\n|move|p2a: Swampert|Waterfall|p1a: Primeape\n|-damage|p1a: Primeape|0 fnt\n|faint|p1a: Primeape\n|\n|-weather|RainDance|[upkeep]\n|upkeep\n|\n|t:|1771257359\n|switch|p1a: Palkia|Palkia, L73|188/252\n|-ability|p1a: Palkia|Pressure\n|turn|38\n|\n|t:|1771257372\n|move|p2a: Swampert|Earthquake|p1a: Palkia\n|-damage|p1a: Palkia|49/252\n|move|p1a: Palkia|Draco Meteor|p2a: Swampert\n|-damage|p2a: Swampert|0 fnt\n|-unboost|p1a: Palkia|spa|2\n|faint|p2a: Swampert\n|detailschange|p2: Swampert|Swampert, L80, M|[silent]\n|\n|win|xuyuehang\n|raw|xuyuehang's rating: 1558 &rarr; <strong>1579</strong><br />(+21 for winning)\n|raw|LiamLDL's rating: 1572 &rarr; <strong>1551</strong><br />(-21 for losing)\n|l|!LiamLDL\n|player|p2|\n", "inputlog": ">version 686819e5e19f8a7fd2345cfc5a08a5085efa2cc3\n>start {\"formatid\":\"gen6randombattle\",\"seed\":\"sodium,3ec124bf4988a8987fe0ee2929c0ed51\",\"rated\":\"Rated battle\"}\n>player p1 {\"name\":\"xuyuehang\",\"avatar\":\"102\",\"rating\":1558,\"seed\":\"sodium,5bb4132b92b769e652cd2eba1ea9c1ad\"}\n>player p2 {\"name\":\"LiamLDL\",\"avatar\":\"unknown\",\"rating\":1572,\"seed\":\"sodium,f2a0442c906838bb0391fc0e6fb5bfaf\"}\n>p1 move earthquake\n>p2 move voltswitch\n>p2 switch 3\n>p1 switch 4\n>p2 move spikyshield\n>p1 move airslash\n>p2 move leechseed\n>p1 switch 5\n>p2 move spikyshield\n>p1 switch 5\n>p2 move spikyshield\n>p1 move airslash\n>p2 switch 3\n>p1 move airslash\n>p2 move thunderbolt\n>p2 switch 2\n>p1 switch 4\n>p2 move swordsdance\n>p1 move closecombat\n>p2 move facade\n>p2 switch 3\n>p1 move closecombat\n>p2 move gigadrain\n>p2 switch 6\n>p1 switch 3\n>p2 move quiverdance\n>p1 move thunderwave\n>p2 move quiverdance\n>p1 move fireblast\n>p2 move quiverdance\n>p1 switch 5\n>p2 move quiverdance\n>p1 move gigaimpact\n>p2 move quiverdance\n>p1 move gigaimpact\n>p2 move bugbuzz\n>p1 move gigaimpact\n>p2 move quiverdance\n>p2 switch 5\n>p1 move recharge\n>p2 move substitute\n>p1 switch 2\n>p2 move calmmind\n>p1 move darkpulse mega\n>p2 move calmmind\n>p1 move darkpulse\n>p2 move calmmind\n>p1 move darkpulse\n>p2 move substitute\n>p1 move darkpulse\n>p2 move calmmind\n>p1 move darkpulse\n>p2 move calmmind\n>p1 move darkpulse\n>p2 move substitute\n>p1 move darkpulse\n>p2 move calmmind\n>p1 move darkpulse\n>p2 move scald\n>p1 move darkpulse\n>p2 move scald\n>p1 switch 5\n>p1 move dracometeor\n>p2 move scald\n>p1 move thunderwave\n>p2 move substitute\n>p1 switch 2\n>p2 move scald\n>p1 switch 6\n>p1 move earthquake\n>p2 move scald\n>p1 move earthquake\n>p2 move scald\n>p1 switch 3\n>p1 move closecombat\n>p2 move scald\n>p1 move closecombat\n>p2 move scald\n>p2 switch 4\n>p1 move closecombat\n>p2 move raindance mega\n>chat ☆LiamLDL|FUCK YOU\n>p1 move closecombat\n>p2 move waterfall\n>p1 switch 2\n>p1 move dracometeor\n>p2 move earthquake", "uploadtime": 1771257348, "views": 7, "formatid": "gen6randombattle", "rating": 1551, "private": 0, "password": null}