{"id": "gen6randombattle-2520118696", "format": "[Gen 6] Random Battle", "players": ["arboretums", "Wood FC"], "log": "|j|☆arboretums\n|j|☆Wood FC\n|t:|1768589983\n|gametype|singles\n|player|p1|arboretums|serena-masters2|1608\n|player|p2|Wood FC|worker|1569\n|gen|6\n|tier|[Gen 6] Random Battle\n|rated|\n|rule|Sleep Clause Mod: Limit one foe put to sleep\n|rule|HP Percentage Mod: HP is shown in percentages\n|rule|Illusion Level Mod: Illusion disguises the Pokémon's true level\n|\n|t:|1768589983\n|teamsize|p1|6\n|teamsize|p2|6\n|start\n|switch|p1a: Luvdisc|Luvdisc, F|248/248\n|switch|p2a: Pachirisu|Pachirisu, L95, F|268/268\n|turn|1\n|inactive|Battle timer is ON: inactive players will automatically lose when time's up. (requested by Wood FC)\n|\n|t:|1768589995\n|switch|p1a: Diancie|Diancie, L75|199/199\n|switch|p2a: Forretress|Forretress, L82, M|257/257\n|\n|upkeep\n|turn|2\n|\n|t:|1768590000\n|switch|p1a: Reshiram|Reshiram, L73|266/266\n|-ability|p1a: Reshiram|Turboblaze\n|move|p2a: Forretress|Gyro Ball|p1a: Reshiram\n|-resisted|p1a: Reshiram\n|-damage|p1a: Reshiram|233/266\n|\n|-heal|p1a: Reshiram|249/266|[from] item: Leftovers\n|upkeep\n|turn|3\n|\n|t:|1768590008\n|switch|p2a: Rhyperior|Rhyperior, L82, M|323/323\n|move|p1a: Reshiram|Blue Flare|p2a: Rhyperior\n|-resisted|p2a: Rhyperior\n|-damage|p2a: Rhyperior|247/323\n|-status|p2a: Rhyperior|brn\n|\n|-heal|p1a: Reshiram|265/266|[from] item: Leftovers\n|-damage|p2a: Rhyperior|207/323 brn|[from] brn\n|upkeep\n|turn|4\n|\n|t:|1768590016\n|switch|p1a: Luvdisc|Luvdisc, F|248/248\n|move|p2a: Rhyperior|Earthquake|p1a: Luvdisc\n|-damage|p1a: Luvdisc|165/248\n|\n|-heal|p1a: Luvdisc|180/248|[from] item: Leftovers\n|-damage|p2a: Rhyperior|167/323 brn|[from] brn\n|upkeep\n|turn|5\n|\n|t:|1768590020\n|move|p1a: Luvdisc|Substitute|p1a: Luvdisc\n|-start|p1a: Luvdisc|Substitute\n|-damage|p1a: Luvdisc|118/248\n|move|p2a: Rhyperior|Earthquake|p1a: Luvdisc\n|-end|p1a: Luvdisc|Substitute\n|\n|-heal|p1a: Luvdisc|133/248|[from] item: Leftovers\n|-damage|p2a: Rhyperior|127/323 brn|[from] brn\n|upkeep\n|turn|6\n|\n|t:|1768590025\n|move|p1a: Luvdisc|Scald|p2a: Rhyperior\n|-supereffective|p2a: Rhyperior\n|-damage|p2a: Rhyperior|0 fnt\n|faint|p2a: Rhyperior\n|\n|-heal|p1a: Luvdisc|148/248|[from] item: Leftovers\n|upkeep\n|\n|t:|1768590036\n|switch|p2a: Forretress|Forretress, L82, M|257/257\n|turn|7\n|\n|t:|1768590039\n|switch|p1a: Reshiram|Reshiram, L73|265/266\n|-ability|p1a: Reshiram|Turboblaze\n|move|p2a: Forretress|Toxic Spikes|p1a: Reshiram\n|-sidestart|p1: arboretums|move: Toxic Spikes\n|\n|-heal|p1a: Reshiram|266/266|[from] item: Leftovers\n|upkeep\n|turn|8\n|\n|t:|1768590047\n|move|p1a: Reshiram|Blue Flare|p2a: Forretress\n|-supereffective|p2a: Forretress\n|-damage|p2a: Forretress|0 fnt\n|faint|p2a: Forretress\n|\n|upkeep\n|\n|t:|1768590060\n|switch|p2a: Unfezant|Unfezant, L87, M|281/281\n|turn|9\n|\n|t:|1768590065\n|move|p2a: Unfezant|Return|p1a: Reshiram\n|-damage|p1a: Reshiram|121/266\n|move|p1a: Reshiram|Blue Flare|p2a: Unfezant\n|-crit|p2a: Unfezant\n|-damage|p2a: Unfezant|0 fnt\n|faint|p2a: Unfezant\n|\n|-heal|p1a: Reshiram|137/266|[from] item: Leftovers\n|upkeep\n|\n|t:|1768590075\n|switch|p2a: Florges|Florges-White, L84, F|268/268\n|turn|10\n|\n|t:|1768590095\n|move|p1a: Reshiram|Blue Flare|p2a: Florges\n|-damage|p2a: Florges|168/268\n|move|p2a: Florges|Moonblast|p1a: Reshiram\n|-damage|p1a: Reshiram|38/266\n|-unboost|p1a: Reshiram|spa|1\n|\n|-heal|p2a: Florges|184/268|[from] item: Leftovers\n|-heal|p1a: Reshiram|54/266|[from] item: Leftovers\n|upkeep\n|turn|11\n|\n|t:|1768590106\n|move|p1a: Reshiram|Toxic|p2a: Florges\n|-status|p2a: Florges|tox\n|move|p2a: Florges|Moonblast|p1a: Reshiram\n|-damage|p1a: Reshiram|0 fnt\n|faint|p1a: Reshiram\n|\n|-heal|p2a: Florges|200/268 tox|[from] item: Leftovers\n|-damage|p2a: Florges|184/268 tox|[from] psn\n|upkeep\n|inactive|arboretums has 120 seconds left.\n|\n|t:|1768590138\n|switch|p1a: Luvdisc|Luvdisc, F|148/248\n|-status|p1a: Luvdisc|psn\n|turn|12\n|inactive|arboretums has 120 seconds left.\n|\n|t:|1768590147\n|move|p1a: Luvdisc|Substitute|p1a: Luvdisc\n|-start|p1a: Luvdisc|Substitute\n|-damage|p1a: Luvdisc|86/248 psn\n|move|p2a: Florges|Moonblast|p1a: Luvdisc\n|-end|p1a: Luvdisc|Substitute\n|\n|-heal|p1a: Luvdisc|101/248 psn|[from] item: Leftovers\n|-heal|p2a: Florges|200/268 tox|[from] item: Leftovers\n|-damage|p1a: Luvdisc|70/248 psn|[from] psn\n|-damage|p2a: Florges|168/268 tox|[from] psn\n|upkeep\n|turn|13\n|\n|t:|1768590152\n|move|p1a: Luvdisc|Protect|p1a: Luvdisc\n|-singleturn|p1a: Luvdisc|Protect\n|move|p2a: Florges|Moonblast|p1a: Luvdisc\n|-activate|p1a: Luvdisc|move: Protect\n|\n|-heal|p1a: Luvdisc|85/248 psn|[from] item: Leftovers\n|-heal|p2a: Florges|184/268 tox|[from] item: Leftovers\n|-damage|p1a: Luvdisc|54/248 psn|[from] psn\n|-damage|p2a: Florges|136/268 tox|[from] psn\n|upkeep\n|turn|14\n|j| RNGgivethRNGtaketh\n|\n|t:|1768590158\n|move|p1a: Luvdisc|Scald|p2a: Florges\n|-damage|p2a: Florges|90/268 tox\n|move|p2a: Florges|Moonblast|p1a: Luvdisc\n|-damage|p1a: Luvdisc|0 fnt\n|faint|p1a: Luvdisc\n|\n|-heal|p2a: Florges|106/268 tox|[from] item: Leftovers\n|-damage|p2a: Florges|42/268 tox|[from] psn\n|upkeep\n|\n|t:|1768590162\n|switch|p1a: Floette|Floette-Eternal, L81, F|253/253\n|-status|p1a: Floette|psn\n|turn|15\n|\n|t:|1768590169\n|move|p1a: Floette|Moonblast|p2a: Florges\n|-damage|p2a: Florges|0 fnt\n|faint|p2a: Florges\n|\n|-damage|p1a: Floette|222/253 psn|[from] psn\n|upkeep\n|\n|t:|1768590177\n|switch|p2a: Pachirisu|Pachirisu, L95, F|268/268\n|turn|16\n|\n|t:|1768590182\n|move|p2a: Pachirisu|Thunderbolt|p1a: Floette\n|-damage|p1a: Floette|165/253 psn\n|move|p1a: Floette|Moonblast|p2a: Pachirisu\n|-damage|p2a: Pachirisu|175/268\n|\n|-damage|p1a: Floette|134/253 psn|[from] psn\n|upkeep\n|turn|17\n|\n|t:|1768590190\n|move|p2a: Pachirisu|Super Fang|p1a: Floette\n|-damage|p1a: Floette|67/253 psn\n|move|p1a: Floette|Moonblast|p2a: Pachirisu\n|-damage|p2a: Pachirisu|69/268\n|-unboost|p2a: Pachirisu|spa|1\n|\n|-damage|p1a: Floette|36/253 psn|[from] psn\n|upkeep\n|turn|18\n|\n|t:|1768590198\n|move|p2a: Pachirisu|Thunderbolt|p1a: Floette\n|-damage|p1a: Floette|0 fnt\n|faint|p1a: Floette\n|\n|upkeep\n|\n|t:|1768590209\n|switch|p1a: Diancie|Diancie, L75|199/199\n|-status|p1a: Diancie|psn\n|turn|19\n|\n|t:|1768590214\n|detailschange|p1a: Diancie|Diancie-Mega, L75\n|-mega|p1a: Diancie|Diancie|Diancite\n|move|p2a: Pachirisu|Super Fang|p1a: Diancie\n|-damage|p1a: Diancie|100/199 psn\n|move|p1a: Diancie|Moonblast|p2a: Pachirisu\n|-damage|p2a: Pachirisu|0 fnt\n|faint|p2a: Pachirisu\n|\n|-damage|p1a: Diancie|76/199 psn|[from] psn\n|upkeep\n|\n|t:|1768590221\n|switch|p2a: Mew|Mew, L80|291/291\n|turn|20\n|\n|t:|1768590226\n|move|p1a: Diancie|Diamond Storm|p2a: Mew\n|-damage|p2a: Mew|171/291\n|-boost|p1a: Diancie|def|1\n|move|p2a: Mew|Earth Power|p1a: Diancie\n|-supereffective|p1a: Diancie\n|-damage|p1a: Diancie|0 fnt\n|faint|p1a: Diancie\n|detailschange|p1: Diancie|Diancie, L75|[silent]\n|-damage|p2a: Mew|142/291|[from] item: Life Orb\n|\n|upkeep\n|\n|t:|1768590232\n|switch|p1a: Dusknoir|Dusknoir, L89, F|225/225\n|-status|p1a: Dusknoir|psn\n|-ability|p1a: Dusknoir|Pressure\n|turn|21\n|\n|t:|1768590238\n|move|p1a: Dusknoir|Shadow Sneak|p2a: Mew\n|-supereffective|p2a: Mew\n|-damage|p2a: Mew|50/291\n|move|p2a: Mew|Psyshock|p1a: Dusknoir\n|-damage|p1a: Dusknoir|157/225 psn\n|-damage|p2a: Mew|21/291|[from] item: Life Orb\n|\n|-heal|p1a: Dusknoir|171/225 psn|[from] item: Leftovers\n|-damage|p1a: Dusknoir|143/225 psn|[from] psn\n|upkeep\n|turn|22\n|\n|t:|1768590244\n|move|p1a: Dusknoir|Shadow Sneak|p2a: Mew\n|-supereffective|p2a: Mew\n|-damage|p2a: Mew|0 fnt\n|faint|p2a: Mew\n|\n|win|arboretums\n|raw|arboretums's rating: 1608 &rarr; <strong>1626</strong><br />(+18 for winning)\n|raw|Wood FC's rating: 1569 &rarr; <strong>1551</strong><br />(-18 for losing)\n", "inputlog": ">version 3bd1a1e329da8d286644078cfc9a9638fc7ea025\n>start {\"formatid\":\"gen6randombattle\",\"seed\":\"sodium,34872c80a603b18b11e577a3edf98c01\",\"rated\":\"Rated battle\"}\n>player p1 {\"name\":\"arboretums\",\"avatar\":\"serena-masters2\",\"rating\":1608,\"seed\":\"sodium,e3f12ddd181b395b6fd36ed7c5e05683\"}\n>player p2 {\"name\":\"Wood FC\",\"avatar\":\"worker\",\"rating\":1569,\"seed\":\"sodium,36e07e27e9afa87da1f44233ffdea477\"}\n>p1 switch 5\n>p2 switch 3\n>p1 switch 2\n>p2 move gyroball\n>p1 move blueflare\n>p2 switch 6\n>p1 switch 5\n>p2 move earthquake\n>p1 move substitute\n>p2 move earthquake\n>p1 move scald\n>p2 move earthquake\n>p2 switch 6\n>p1 switch 5\n>p2 move toxicspikes\n>p1 move blueflare\n>p2 move toxicspikes\n>p2 switch 2\n>p1 move blueflare\n>p2 move return\n>p2 switch 5\n>p1 move blueflare\n>p2 move moonblast\n>p1 move toxic\n>p2 move moonblast\n>p1 switch 5\n>p1 move substitute\n>p2 move moonblast\n>p1 move protect\n>p2 move moonblast\n>p1 move scald\n>p2 move moonblast\n>p1 switch 6\n>p1 move moonblast\n>p2 move wish\n>p2 switch 3\n>p1 move moonblast\n>p2 move thunderbolt\n>p1 move moonblast\n>p2 move superfang\n>p1 move moonblast\n>p2 move thunderbolt\n>p1 switch 2\n>p1 move moonblast mega\n>p2 move superfang\n>p2 switch 4\n>p1 move diamondstorm\n>p2 move earthpower\n>p1 switch 4\n>p1 move shadowsneak\n>p2 move psyshock\n>p1 move shadowsneak\n>p2 move psyshock", "uploadtime": 1768590245, "views": 286, "formatid": "gen6randombattle", "rating": 1551, "private": 0, "password": null}