{"id": "gen6randombattle-2539120478", "format": "[Gen 6] Random Battle", "players": ["lililiprapras", "arboretums"], "log": "|j|☆lililiprapras\n|j|☆arboretums\n|t:|1771013486\n|gametype|singles\n|player|p1|lililiprapras|unknown|1582\n|player|p2|arboretums|serena-masters2|1603\n|gen|6\n|tier|[Gen 6] Random Battle\n|rated|\n|rule|Sleep Clause Mod: Limit one foe put to sleep\n|rule|HP Percentage Mod: HP is shown in percentages\n|rule|Illusion Level Mod: Illusion disguises the Pokémon's true level\n|\n|t:|1771013486\n|teamsize|p1|6\n|teamsize|p2|6\n|start\n|switch|p1a: Golurk|Golurk, L83|283/283\n|switch|p2a: Electrode|Electrode, L88|249/249\n|turn|1\n|inactive|Battle timer is ON: inactive players will automatically lose when time's up. (requested by arboretums)\n|\n|t:|1771013508\n|move|p2a: Electrode|Foul Play|p1a: Golurk\n|-supereffective|p1a: Golurk\n|-damage|p1a: Golurk|67/283\n|move|p1a: Golurk|Rock Polish|p1a: Golurk\n|-boost|p1a: Golurk|spe|2\n|\n|upkeep\n|turn|2\n|\n|t:|1771013513\n|move|p2a: Electrode|Foul Play|p1a: Golurk\n|-supereffective|p1a: Golurk\n|-damage|p1a: Golurk|0 fnt\n|faint|p1a: Golurk\n|\n|upkeep\n|\n|t:|1771013528\n|switch|p1a: Chansey|Chansey, L86, F|570/570\n|turn|3\n|\n|t:|1771013531\n|move|p2a: Electrode|Volt Switch|p1a: Chansey\n|-damage|p1a: Chansey|528/570\n|\n|t:|1771013544\n|switch|p2a: Hoopa|Hoopa, L84|272/272|[from] Volt Switch\n|move|p1a: Chansey|Toxic|p2a: Hoopa\n|-status|p2a: Hoopa|tox\n|\n|-damage|p2a: Hoopa|255/272 tox|[from] psn\n|upkeep\n|turn|4\n|\n|t:|1771013554\n|switch|p1a: Togekiss|Togekiss, L79, F|264/264\n|move|p2a: Hoopa|Nasty Plot|p2a: Hoopa\n|-boost|p2a: Hoopa|spa|2\n|\n|-damage|p2a: Hoopa|221/272 tox|[from] psn\n|upkeep\n|turn|5\n|\n|t:|1771013564\n|switch|p1a: Chansey|Chansey, L86, F|528/570\n|move|p2a: Hoopa|Psyshock|p1a: Chansey\n|-crit|p1a: Chansey\n|-damage|p1a: Chansey|0 fnt\n|faint|p1a: Chansey\n|-damage|p2a: Hoopa|194/272 tox|[from] item: Life Orb\n|\n|-damage|p2a: Hoopa|143/272 tox|[from] psn\n|upkeep\n|\n|t:|1771013580\n|switch|p1a: Togekiss|Togekiss, L79, F|264/264\n|turn|6\n|\n|t:|1771013583\n|move|p1a: Togekiss|Air Slash|p2a: Hoopa\n|-damage|p2a: Hoopa|80/272 tox\n|move|p2a: Hoopa|Psyshock|p1a: Togekiss\n|-damage|p1a: Togekiss|0 fnt\n|faint|p1a: Togekiss\n|-damage|p2a: Hoopa|53/272 tox|[from] item: Life Orb\n|\n|-damage|p2a: Hoopa|0 fnt|[from] psn\n|faint|p2a: Hoopa\n|upkeep\n|\n|t:|1771013589\n|switch|p1a: Abomasnow|Abomasnow, L82, M|282/282\n|switch|p2a: Electrode|Electrode, L88|249/249\n|-weather|Hail|[from] ability: Snow Warning|[of] p1a: Abomasnow\n|turn|7\n|\n|t:|1771013594\n|detailschange|p1a: Abomasnow|Abomasnow-Mega, L82, M\n|-mega|p1a: Abomasnow|Abomasnow|Abomasite\n|move|p2a: Electrode|Volt Switch|p1a: Abomasnow\n|-resisted|p1a: Abomasnow\n|-damage|p1a: Abomasnow|252/282\n|\n|t:|1771013599\n|switch|p2a: Cinccino|Cinccino, L82, F|257/257|[from] Volt Switch\n|move|p1a: Abomasnow|Blizzard|p2a: Cinccino\n|-damage|p2a: Cinccino|83/257\n|\n|-weather|Hail|[upkeep]\n|-damage|p2a: Cinccino|67/257|[from] Hail\n|upkeep\n|turn|8\n|\n|t:|1771013603\n|move|p1a: Abomasnow|Ice Shard|p2a: Cinccino\n|-damage|p2a: Cinccino|0 fnt\n|faint|p2a: Cinccino\n|\n|-weather|Hail|[upkeep]\n|upkeep\n|\n|t:|1771013609\n|switch|p2a: Dunsparce|Dunsparce, L93, M|337/337\n|turn|9\n|\n|t:|1771013613\n|move|p2a: Dunsparce|Body Slam|p1a: Abomasnow\n|-damage|p1a: Abomasnow|170/282\n|-status|p1a: Abomasnow|par\n|move|p1a: Abomasnow|Blizzard|p2a: Dunsparce\n|-damage|p2a: Dunsparce|165/337\n|\n|-weather|Hail|[upkeep]\n|-damage|p2a: Dunsparce|144/337|[from] Hail\n|-heal|p2a: Dunsparce|165/337|[from] item: Leftovers\n|upkeep\n|turn|10\n|\n|t:|1771013619\n|move|p2a: Dunsparce|Roost|p2a: Dunsparce\n|-heal|p2a: Dunsparce|334/337\n|-singleturn|p2a: Dunsparce|move: Roost\n|cant|p1a: Abomasnow|par\n|\n|-weather|Hail|[upkeep]\n|-damage|p2a: Dunsparce|313/337|[from] Hail\n|-heal|p2a: Dunsparce|334/337|[from] item: Leftovers\n|upkeep\n|turn|11\n|\n|t:|1771013623\n|move|p2a: Dunsparce|Body Slam|p1a: Abomasnow\n|-damage|p1a: Abomasnow|98/282 par\n|move|p1a: Abomasnow|Blizzard|p2a: Dunsparce\n|-damage|p2a: Dunsparce|168/337\n|-status|p2a: Dunsparce|frz\n|\n|-weather|none\n|-heal|p2a: Dunsparce|189/337 frz|[from] item: Leftovers\n|upkeep\n|turn|12\n|\n|t:|1771013638\n|cant|p2a: Dunsparce|frz\n|move|p1a: Abomasnow|Giga Drain|p2a: Dunsparce\n|-damage|p2a: Dunsparce|84/337 frz\n|-heal|p1a: Abomasnow|151/282 par|[from] drain|[of] p2a: Dunsparce\n|\n|-heal|p2a: Dunsparce|105/337 frz|[from] item: Leftovers\n|upkeep\n|turn|13\n|\n|t:|1771013642\n|cant|p2a: Dunsparce|frz\n|move|p1a: Abomasnow|Giga Drain|p2a: Dunsparce\n|-damage|p2a: Dunsparce|0 fnt\n|-heal|p1a: Abomasnow|204/282 par|[from] drain|[of] p2a: Dunsparce\n|faint|p2a: Dunsparce\n|\n|upkeep\n|\n|t:|1771013651\n|switch|p2a: Electrode|Electrode, L88|249/249\n|turn|14\n|\n|t:|1771013656\n|move|p2a: Electrode|Foul Play|p1a: Abomasnow\n|-damage|p1a: Abomasnow|123/282 par\n|cant|p1a: Abomasnow|par\n|\n|upkeep\n|turn|15\n|\n|t:|1771013660\n|move|p2a: Electrode|Foul Play|p1a: Abomasnow\n|-damage|p1a: Abomasnow|44/282 par\n|cant|p1a: Abomasnow|par\n|\n|upkeep\n|turn|16\n|\n|t:|1771013665\n|move|p2a: Electrode|Foul Play|p1a: Abomasnow\n|-damage|p1a: Abomasnow|0 fnt\n|faint|p1a: Abomasnow\n|detailschange|p1: Abomasnow|Abomasnow, L82, M|[silent]\n|\n|upkeep\n|\n|t:|1771013668\n|switch|p1a: Sudowoodo|Sudowoodo, L94, M|284/284\n|turn|17\n|\n|t:|1771013678\n|move|p2a: Electrode|Volt Switch|p1a: Sudowoodo\n|-damage|p1a: Sudowoodo|200/284\n|\n|t:|1771013679\n|switch|p2a: Stunfisk|Stunfisk, L88, M|335/335|[from] Volt Switch\n|move|p1a: Sudowoodo|Stone Edge|p2a: Stunfisk\n|-resisted|p2a: Stunfisk\n|-damage|p2a: Stunfisk|268/335\n|\n|-heal|p1a: Sudowoodo|217/284|[from] item: Leftovers\n|-heal|p2a: Stunfisk|288/335|[from] item: Leftovers\n|upkeep\n|turn|18\n|\n|t:|1771013689\n|move|p1a: Sudowoodo|Earthquake|p2a: Stunfisk\n|-supereffective|p2a: Stunfisk\n|-damage|p2a: Stunfisk|106/335\n|move|p2a: Stunfisk|Discharge|p1a: Sudowoodo\n|-damage|p1a: Sudowoodo|124/284\n|\n|-heal|p1a: Sudowoodo|141/284|[from] item: Leftovers\n|-heal|p2a: Stunfisk|126/335|[from] item: Leftovers\n|upkeep\n|turn|19\n|\n|t:|1771013697\n|move|p1a: Sudowoodo|Earthquake|p2a: Stunfisk\n|-supereffective|p2a: Stunfisk\n|-damage|p2a: Stunfisk|0 fnt\n|faint|p2a: Stunfisk\n|\n|-heal|p1a: Sudowoodo|158/284|[from] item: Leftovers\n|upkeep\n|\n|t:|1771013698\n|switch|p2a: Feraligatr|Feraligatr, L79, F|264/264\n|turn|20\n|\n|t:|1771013700\n|move|p2a: Feraligatr|Dragon Dance|p2a: Feraligatr\n|-boost|p2a: Feraligatr|atk|1\n|-boost|p2a: Feraligatr|spe|1\n|move|p1a: Sudowoodo|Wood Hammer|p2a: Feraligatr\n|-supereffective|p2a: Feraligatr\n|-damage|p2a: Feraligatr|56/264\n|\n|-heal|p1a: Sudowoodo|175/284|[from] item: Leftovers\n|upkeep\n|turn|21\n|\n|t:|1771013703\n|move|p2a: Feraligatr|Waterfall|p1a: Sudowoodo\n|-supereffective|p1a: Sudowoodo\n|-damage|p1a: Sudowoodo|0 fnt\n|faint|p1a: Sudowoodo\n|\n|upkeep\n|\n|t:|1771013706\n|switch|p1a: Phione|Phione, L90|290/290\n|turn|22\n|\n|t:|1771013711\n|move|p2a: Feraligatr|Earthquake|p1a: Phione\n|-damage|p1a: Phione|164/290\n|-damage|p2a: Feraligatr|30/264|[from] item: Life Orb\n|move|p1a: Phione|U-turn|p2a: Feraligatr\n|-damage|p2a: Feraligatr|0 fnt\n|faint|p2a: Feraligatr\n|\n|-heal|p1a: Phione|182/290|[from] item: Leftovers\n|upkeep\n|j| don om4r\n|\n|t:|1771013713\n|switch|p2a: Electrode|Electrode, L88|249/249\n|turn|23\n|-message|lililiprapras forfeited.\n|\n|win|arboretums\n|raw|lililiprapras's rating: 1582 &rarr; <strong>1563</strong><br />(-19 for losing)\n|raw|arboretums's rating: 1603 &rarr; <strong>1622</strong><br />(+19 for winning)\n|l|☆lililiprapras\n|player|p1|\n", "inputlog": ">version ccdc32dd7cde25fd9e4bed64820e885f66e78a4e\n>start {\"formatid\":\"gen6randombattle\",\"seed\":\"sodium,cceee565f8cfa3d15e99ff77cd1e7030\",\"rated\":\"Rated battle\"}\n>player p1 {\"name\":\"lililiprapras\",\"avatar\":\"unknown\",\"rating\":1582,\"seed\":\"sodium,1ae05a67cb323780bb0324610ea4243d\"}\n>player p2 {\"name\":\"arboretums\",\"avatar\":\"serena-masters2\",\"rating\":1603,\"seed\":\"sodium,e340c71ccff5eec62b9a7f39e0a74e57\"}\n>p1 move rockpolish\n>p2 move foulplay\n>p1 move earthquake\n>p2 move foulplay\n>p1 switch 3\n>p1 move toxic\n>p2 move voltswitch\n>p2 switch 4\n>p1 switch 5\n>p2 move nastyplot\n>p1 switch 5\n>p2 move psyshock\n>p1 switch 5\n>p1 move airslash\n>p2 move psyshock\n>p1 switch 6\n>p2 switch 4\n>p1 move blizzard mega\n>p2 move voltswitch\n>p2 switch 6\n>p1 move iceshard\n>p2 move rockblast\n>p2 switch 3\n>p1 move blizzard\n>p2 move bodyslam\n>p1 move blizzard\n>p2 move roost\n>p1 move blizzard\n>p2 move bodyslam\n>p1 move gigadrain\n>p2 move bodyslam\n>p1 move gigadrain\n>p2 move bodyslam\n>p2 switch 6\n>p1 move earthquake\n>p2 move foulplay\n>p1 move earthquake\n>p2 move foulplay\n>p1 move earthquake\n>p2 move foulplay\n>p1 switch 4\n>p1 move stoneedge\n>p2 move voltswitch\n>p2 switch 5\n>p1 move earthquake\n>p2 move discharge\n>p1 move earthquake\n>p2 move earthpower\n>p2 switch 2\n>p1 move woodhammer\n>p2 move dragondance\n>p1 move woodhammer\n>p2 move waterfall\n>p1 switch 2\n>p1 move uturn\n>p2 move earthquake\n>p2 switch 5\n>forcelose p1", "uploadtime": 1771013722, "views": 185, "formatid": "gen6randombattle", "rating": 1563, "private": 0, "password": null}