{"id": "gen6randombattle-2529444094", "format": "[Gen 6] Random Battle", "players": ["Enzopapro", "Omgebhonyel"], "log": "|j|☆Enzopapro\n|j|☆Omgebhonyel\n|t:|1769787914\n|gametype|singles\n|player|p1|Enzopapro|caitlin|1559\n|player|p2|Omgebhonyel|brock|1660\n|gen|6\n|tier|[Gen 6] Random Battle\n|rated|\n|rule|Sleep Clause Mod: Limit one foe put to sleep\n|rule|HP Percentage Mod: HP is shown in percentages\n|rule|Illusion Level Mod: Illusion disguises the Pokémon's true level\n|\n|t:|1769787914\n|teamsize|p1|6\n|teamsize|p2|6\n|start\n|switch|p1a: Machamp|Machamp, L81, F|278/278\n|switch|p2a: Smeargle|Smeargle, L89, F|243/243\n|turn|1\n|\n|t:|1769787920\n|move|p2a: Smeargle|Spore|p1a: Machamp\n|-status|p1a: Machamp|slp|[from] move: Spore\n|cant|p1a: Machamp|slp\n|\n|upkeep\n|turn|2\n|\n|t:|1769787927\n|move|p2a: Smeargle|Sticky Web|p1a: Machamp\n|-sidestart|p1: Enzopapro|move: Sticky Web\n|cant|p1a: Machamp|slp\n|\n|upkeep\n|turn|3\n|\n|t:|1769787938\n|switch|p2a: Musharna|Musharna, L88, F|347/347\n|cant|p1a: Machamp|slp\n|\n|upkeep\n|turn|4\n|\n|t:|1769787944\n|-curestatus|p1a: Machamp|slp|[msg]\n|move|p1a: Machamp|Knock Off|p2a: Musharna\n|-supereffective|p2a: Musharna\n|-damage|p2a: Musharna|199/347\n|-enditem|p2a: Musharna|Leftovers|[from] move: Knock Off|[of] p1a: Machamp\n|move|p2a: Musharna|Psychic|p1a: Machamp\n|-supereffective|p1a: Machamp\n|-damage|p1a: Machamp|108/278\n|\n|upkeep\n|turn|5\n|c|☆Omgebhonyel|That's so lucky\n|\n|t:|1769787952\n|move|p1a: Machamp|Knock Off|p2a: Musharna\n|-supereffective|p2a: Musharna\n|-damage|p2a: Musharna|89/347\n|move|p2a: Musharna|Moonlight|p2a: Musharna\n|-heal|p2a: Musharna|262/347\n|\n|upkeep\n|turn|6\n|\n|t:|1769787955\n|move|p1a: Machamp|Dynamic Punch|p2a: Musharna\n|-resisted|p2a: Musharna\n|-damage|p2a: Musharna|202/347\n|-start|p2a: Musharna|confusion\n|-activate|p2a: Musharna|confusion\n|-damage|p2a: Musharna|187/347|[from] confusion\n|\n|upkeep\n|turn|7\n|\n|t:|1769787959\n|move|p1a: Machamp|Knock Off|p2a: Musharna\n|-supereffective|p2a: Musharna\n|-damage|p2a: Musharna|89/347\n|-activate|p2a: Musharna|confusion\n|-damage|p2a: Musharna|75/347|[from] confusion\n|\n|upkeep\n|turn|8\n|\n|t:|1769787967\n|move|p1a: Machamp|Knock Off|p2a: Musharna\n|-supereffective|p2a: Musharna\n|-damage|p2a: Musharna|0 fnt\n|faint|p2a: Musharna\n|\n|upkeep\n|\n|t:|1769787969\n|switch|p2a: Latias|Latias, L77, F|250/250\n|turn|9\n|\n|t:|1769787973\n|detailschange|p2a: Latias|Latias-Mega, L77, F\n|-mega|p2a: Latias|Latias|Latiasite\n|move|p2a: Latias|Psyshock|p1a: Machamp\n|-supereffective|p1a: Machamp\n|-damage|p1a: Machamp|0 fnt\n|faint|p1a: Machamp\n|\n|upkeep\n|\n|t:|1769787978\n|switch|p1a: Illumise|Illumise, L91, F|266/266\n|-activate|p1a: Illumise|move: Sticky Web\n|-unboost|p1a: Illumise|spe|1\n|turn|10\n|\n|t:|1769787990\n|switch|p2a: Azumarill|Azumarill, L81, M|294/294\n|move|p1a: Illumise|Thunder Wave|p2a: Azumarill\n|-status|p2a: Azumarill|par\n|\n|upkeep\n|turn|11\n|\n|t:|1769788002\n|switch|p1a: Zekrom|Zekrom, L74|270/270\n|-activate|p1a: Zekrom|move: Sticky Web\n|-unboost|p1a: Zekrom|spe|1\n|-ability|p1a: Zekrom|Teravolt\n|cant|p2a: Azumarill|par\n|\n|upkeep\n|turn|12\n|\n|t:|1769788007\n|move|p1a: Zekrom|Bolt Strike|p2a: Azumarill\n|-supereffective|p2a: Azumarill\n|-damage|p2a: Azumarill|0 fnt\n|faint|p2a: Azumarill\n|\n|upkeep\n|\n|t:|1769788015\n|switch|p2a: Smeargle|Smeargle, L89, F|243/243\n|turn|13\n|\n|t:|1769788028\n|move|p2a: Smeargle|Spore|p1a: Zekrom\n|-status|p1a: Zekrom|slp|[from] move: Spore\n|cant|p1a: Zekrom|slp\n|\n|upkeep\n|turn|14\n|\n|t:|1769788032\n|move|p2a: Smeargle|Stealth Rock|p1a: Zekrom\n|-sidestart|p1: Enzopapro|move: Stealth Rock\n|cant|p1a: Zekrom|slp\n|\n|upkeep\n|turn|15\n|\n|t:|1769788038\n|switch|p2a: Rapidash|Rapidash, L87, F|255/255\n|switch|p1a: Spinda|Spinda, L97, F|273/273\n|-activate|p1a: Spinda|move: Sticky Web\n|-boost|p1a: Spinda|spe|1\n|-damage|p1a: Spinda|239/273|[from] Stealth Rock\n|\n|-heal|p1a: Spinda|256/273|[from] item: Leftovers\n|upkeep\n|turn|16\n|\n|t:|1769788041\n|move|p1a: Spinda|Superpower|p2a: Rapidash\n|-damage|p2a: Rapidash|166/255\n|-boost|p1a: Spinda|atk|1\n|-boost|p1a: Spinda|def|1\n|move|p2a: Rapidash|Will-O-Wisp|p1a: Spinda\n|-status|p1a: Spinda|brn\n|\n|-heal|p1a: Spinda|273/273 brn|[from] item: Leftovers\n|-heal|p2a: Rapidash|181/255|[from] item: Leftovers\n|-damage|p1a: Spinda|239/273 brn|[from] brn\n|upkeep\n|turn|17\n|\n|t:|1769788045\n|switch|p2a: Sunflora|Sunflora, F|312/312\n|move|p1a: Spinda|Superpower|p2a: Sunflora\n|-damage|p2a: Sunflora|238/312\n|-boost|p1a: Spinda|atk|1\n|-boost|p1a: Spinda|def|1\n|\n|-heal|p1a: Spinda|256/273 brn|[from] item: Leftovers\n|-damage|p1a: Spinda|222/273 brn|[from] brn\n|upkeep\n|turn|18\n|\n|t:|1769788050\n|move|p1a: Spinda|Rest|p1a: Spinda\n|-status|p1a: Spinda|slp|[from] move: Rest\n|-heal|p1a: Spinda|273/273 slp|[silent]\n|move|p2a: Sunflora|Sunny Day|p2a: Sunflora\n|-weather|SunnyDay\n|\n|-weather|SunnyDay|[upkeep]\n|upkeep\n|turn|19\n|\n|t:|1769788053\n|cant|p1a: Spinda|slp\n|move|p1a: Spinda|Sleep Talk|p1a: Spinda\n|move|p1a: Spinda|Return|p2a: Sunflora|[from] move: Sleep Talk\n|-damage|p2a: Sunflora|0 fnt\n|faint|p2a: Sunflora\n|\n|-weather|SunnyDay|[upkeep]\n|upkeep\n|c|☆Omgebhonyel|Dang gg mate\n|\n|t:|1769788072\n|switch|p2a: Rapidash|Rapidash, L87, F|181/255\n|turn|20\n|\n|t:|1769788079\n|cant|p1a: Spinda|slp\n|move|p1a: Spinda|Sleep Talk|p1a: Spinda\n|move|p1a: Spinda|Rest||[from] move: Sleep Talk|[still]\n|-fail|p1a: Spinda\n|move|p2a: Rapidash|Flare Blitz|p1a: Spinda\n|-damage|p1a: Spinda|158/273 slp\n|-damage|p2a: Rapidash|143/255|[from] Recoil\n|\n|-weather|SunnyDay|[upkeep]\n|-heal|p1a: Spinda|175/273 slp|[from] item: Leftovers\n|-heal|p2a: Rapidash|158/255|[from] item: Leftovers\n|upkeep\n|turn|21\n|\n|t:|1769788091\n|-curestatus|p1a: Spinda|slp|[msg]\n|move|p1a: Spinda|Return|p2a: Rapidash\n|-damage|p2a: Rapidash|0 fnt\n|faint|p2a: Rapidash\n|\n|-weather|SunnyDay|[upkeep]\n|-heal|p1a: Spinda|192/273|[from] item: Leftovers\n|upkeep\n|\n|t:|1769788098\n|switch|p2a: Smeargle|Smeargle, L89, F|243/243\n|turn|22\n|\n|t:|1769788101\n|move|p1a: Spinda|Superpower|p2a: Smeargle\n|-supereffective|p2a: Smeargle\n|-enditem|p2a: Smeargle|Focus Sash\n|-damage|p2a: Smeargle|1/243\n|-boost|p1a: Spinda|atk|1\n|-boost|p1a: Spinda|def|1\n|move|p2a: Smeargle|Nuzzle|p1a: Spinda\n|-damage|p1a: Spinda|189/273\n|-status|p1a: Spinda|par\n|\n|-weather|none\n|-heal|p1a: Spinda|206/273 par|[from] item: Leftovers\n|upkeep\n|turn|23\n|\n|t:|1769788107\n|move|p2a: Smeargle|Sticky Web||[still]\n|-fail|p2a: Smeargle\n|cant|p1a: Spinda|par\n|\n|-heal|p1a: Spinda|223/273 par|[from] item: Leftovers\n|upkeep\n|turn|24\n|\n|t:|1769788112\n|move|p2a: Smeargle|Stealth Rock||[still]\n|-fail|p2a: Smeargle\n|move|p1a: Spinda|Rest|p1a: Spinda\n|-status|p1a: Spinda|slp|[from] move: Rest\n|-heal|p1a: Spinda|273/273 slp|[silent]\n|\n|upkeep\n|turn|25\n|\n|t:|1769788114\n|switch|p2a: Latias|Latias-Mega, L77, F|250/250\n|cant|p1a: Spinda|slp\n|move|p1a: Spinda|Sleep Talk|p1a: Spinda\n|move|p1a: Spinda|Return|p2a: Latias|[from] move: Sleep Talk\n|-damage|p2a: Latias|55/250\n|\n|upkeep\n|turn|26\n|\n|t:|1769788118\n|cant|p1a: Spinda|slp\n|move|p1a: Spinda|Sleep Talk|p1a: Spinda\n|move|p1a: Spinda|Return|p2a: Latias|[from] move: Sleep Talk\n|-damage|p2a: Latias|0 fnt\n|faint|p2a: Latias\n|detailschange|p2: Latias|Latias, L77, F|[silent]\n|\n|upkeep\n|c|☆Omgebhonyel|Dang\n|-message|Omgebhonyel forfeited.\n|\n|win|Enzopapro\n|raw|Enzopapro's rating: 1559 &rarr; <strong>1585</strong><br />(+26 for winning)\n|raw|Omgebhonyel's rating: 1660 &rarr; <strong>1634</strong><br />(-26 for losing)\n|l|☆Omgebhonyel\n|player|p2|\n|c|☆Enzopapro|Gg\n|l|☆Enzopapro\n|player|p1|\n|j|☆Enzopapro\n|player|p1|Enzopapro|caitlin|\n", "inputlog": ">version b99ff0165a6231f17e8b78c2a78d1998375de664\n>start {\"formatid\":\"gen6randombattle\",\"seed\":\"sodium,f17f78f0600ee880f6ec1c0bb362b0f3\",\"rated\":\"Rated battle\"}\n>player p1 {\"name\":\"Enzopapro\",\"avatar\":\"caitlin\",\"rating\":1559,\"seed\":\"sodium,da514c2f5d5e66c17c6c44c58b0bf6e5\"}\n>player p2 {\"name\":\"Omgebhonyel\",\"avatar\":\"brock\",\"rating\":1660,\"seed\":\"sodium,92232c73f58926b1a57a09911cd7216f\"}\n>p1 move dynamicpunch\n>p2 move spore\n>p1 move dynamicpunch\n>p2 move stickyweb\n>p1 move dynamicpunch\n>p2 switch 6\n>p1 move knockoff\n>p2 move psychic\n>chat ☆Omgebhonyel|That's so lucky\n>p1 move knockoff\n>p2 move moonlight\n>p1 move dynamicpunch\n>p2 move psychic\n>p1 move knockoff\n>p2 move psychic\n>p1 move knockoff\n>p2 move psychic\n>p2 switch 5\n>p1 move knockoff\n>p2 move psyshock mega\n>p1 switch 5\n>p1 move thunderwave\n>p2 switch 2\n>p1 switch 4\n>p2 move playrough\n>p1 move boltstrike\n>p2 move playrough\n>p2 switch 6\n>p1 move boltstrike\n>p2 move spore\n>p1 move voltswitch\n>p2 move stealthrock\n>p1 switch 3\n>p2 switch 4\n>p1 move superpower\n>p2 move willowisp\n>p1 move superpower\n>p2 switch 3\n>p1 move rest\n>p2 move sunnyday\n>p1 move sleeptalk\n>p2 move solarbeam\n>chat ☆Omgebhonyel|Dang gg mate\n>p2 switch 3\n>p1 move sleeptalk\n>p2 move flareblitz\n>p1 move return\n>p2 move willowisp\n>p2 switch 4\n>p1 move superpower\n>p2 move nuzzle\n>p1 move rest\n>p2 move stickyweb\n>p1 move rest\n>p2 move stealthrock\n>p1 move sleeptalk\n>p2 switch 2\n>p1 move sleeptalk\n>p2 move calmmind\n>chat ☆Omgebhonyel|Dang\n>forcelose p2", "uploadtime": 1769788546, "views": 287, "formatid": "gen6randombattle", "rating": 1585, "private": 0, "password": null}