{"id": "gen6randombattle-2534766691", "format": "[Gen 6] Random Battle", "players": ["kotoha22", "xuyuehang"], "log": "|j|☆kotoha22\n|j|☆xuyuehang\n|t:|1770474551\n|gametype|singles\n|player|p1|kotoha22|acetrainerf|1739\n|player|p2|xuyuehang|169|1608\n|gen|6\n|tier|[Gen 6] Random Battle\n|rated|\n|rule|Sleep Clause Mod: Limit one foe put to sleep\n|rule|HP Percentage Mod: HP is shown in percentages\n|rule|Illusion Level Mod: Illusion disguises the Pokémon's true level\n|\n|t:|1770474551\n|teamsize|p1|6\n|teamsize|p2|6\n|start\n|switch|p1a: Toxicroak|Toxicroak, L83, M|273/273\n|switch|p2a: Zangoose|Zangoose, L84, F|260/260\n|turn|1\n|inactive|Battle timer is ON: inactive players will automatically lose when time's up. (requested by xuyuehang)\n|inactive|xuyuehang has 120 seconds left.\n|\n|t:|1770474593\n|switch|p2a: Donphan|Donphan, L83, F|285/285\n|move|p1a: Toxicroak|Knock Off|p2a: Donphan\n|-damage|p2a: Donphan|208/285\n|-enditem|p2a: Donphan|Leftovers|[from] move: Knock Off|[of] p1a: Toxicroak\n|-damage|p1a: Toxicroak|246/273|[from] item: Life Orb\n|\n|upkeep\n|turn|2\n|\n|t:|1770474608\n|switch|p1a: Golduck|Golduck, L90, M|290/290\n|-ability|p1a: Golduck|Cloud Nine\n|move|p2a: Donphan|Stealth Rock|p1a: Golduck\n|-sidestart|p1: kotoha22|move: Stealth Rock\n|\n|upkeep\n|turn|3\n|\n|t:|1770474633\n|switch|p2a: Magnezone|Magnezone, L82|249/249\n|move|p1a: Golduck|Calm Mind|p1a: Golduck\n|-boost|p1a: Golduck|spa|1\n|-boost|p1a: Golduck|spd|1\n|\n|upkeep\n|turn|4\n|\n|t:|1770474645\n|move|p2a: Magnezone|Volt Switch|p1a: Golduck\n|-supereffective|p1a: Golduck\n|-damage|p1a: Golduck|176/290\n|inactive|xuyuehang has 120 seconds left.\n|\n|t:|1770474674\n|switch|p2a: Donphan|Donphan, L83, F|208/285|[from] Volt Switch\n|move|p1a: Golduck|Hydro Pump|p2a: Donphan|[miss]\n|-miss|p1a: Golduck|p2a: Donphan\n|\n|upkeep\n|turn|5\n|inactive|xuyuehang has 90 seconds left.\n|\n|t:|1770474700\n|move|p1a: Golduck|Ice Beam|p2a: Donphan\n|-supereffective|p2a: Donphan\n|-damage|p2a: Donphan|0 fnt\n|faint|p2a: Donphan\n|-damage|p1a: Golduck|147/290|[from] item: Life Orb\n|\n|upkeep\n|inactive|xuyuehang has 90 seconds left.\n|\n|t:|1770474706\n|switch|p2a: Magnezone|Magnezone, L82|249/249\n|turn|6\n|\n|t:|1770474733\n|move|p2a: Magnezone|Thunderbolt|p1a: Golduck\n|-supereffective|p1a: Golduck\n|-damage|p1a: Golduck|0 fnt\n|faint|p1a: Golduck\n|\n|upkeep\n|\n|t:|1770474739\n|switch|p1a: Golurk|Golurk, L83|283/283\n|-damage|p1a: Golurk|266/283|[from] Stealth Rock\n|turn|7\n|\n|t:|1770474747\n|switch|p2a: Dragonite|Dragonite, L73, M|253/253\n|move|p1a: Golurk|Rock Polish|p1a: Golurk\n|-boost|p1a: Golurk|spe|2\n|\n|upkeep\n|turn|8\n|\n|t:|1770474769\n|move|p1a: Golurk|Stone Edge|p2a: Dragonite\n|-supereffective|p2a: Dragonite\n|-damage|p2a: Dragonite|128/253\n|-damage|p1a: Golurk|238/283|[from] item: Life Orb\n|move|p2a: Dragonite|Outrage|p1a: Golurk\n|-damage|p1a: Golurk|94/283\n|\n|upkeep\n|turn|9\n|\n|t:|1770474778\n|move|p1a: Golurk|Stone Edge|p2a: Dragonite\n|-supereffective|p2a: Dragonite\n|-damage|p2a: Dragonite|0 fnt\n|faint|p2a: Dragonite\n|-damage|p1a: Golurk|66/283|[from] item: Life Orb\n|\n|upkeep\n|inactive|xuyuehang has 90 seconds left.\n|\n|t:|1770474809\n|switch|p2a: Nidoking|Nidoking, L82, M|267/267\n|turn|10\n|\n|t:|1770474819\n|move|p1a: Golurk|Earthquake|p2a: Nidoking\n|-supereffective|p2a: Nidoking\n|-damage|p2a: Nidoking|0 fnt\n|faint|p2a: Nidoking\n|-damage|p1a: Golurk|38/283|[from] item: Life Orb\n|\n|upkeep\n|\n|t:|1770474828\n|switch|p2a: Zangoose|Zangoose, L84, F|260/260\n|turn|11\n|\n|t:|1770474842\n|move|p1a: Golurk|Dynamic Punch|p2a: Zangoose\n|-supereffective|p2a: Zangoose\n|-damage|p2a: Zangoose|0 fnt\n|faint|p2a: Zangoose\n|-damage|p1a: Golurk|10/283|[from] item: Life Orb\n|\n|upkeep\n|\n|t:|1770474849\n|switch|p2a: Magnezone|Magnezone, L82|249/249\n|turn|12\n|\n|t:|1770474859\n|move|p1a: Golurk|Earthquake|p2a: Magnezone\n|-supereffective|p2a: Magnezone\n|-damage|p2a: Magnezone|0 fnt\n|faint|p2a: Magnezone\n|-damage|p1a: Golurk|0 fnt|[from] item: Life Orb\n|faint|p1a: Golurk\n|\n|upkeep\n|\n|t:|1770474867\n|switch|p2a: Xerneas|Xerneas, L64, shiny|268/268\n|switch|p1a: Garchomp|Garchomp, L75, M|286/286\n|-damage|p1a: Garchomp|269/286|[from] Stealth Rock\n|-ability|p2a: Xerneas|Fairy Aura\n|turn|13\n|\n|t:|1770474879\n|move|p1a: Garchomp|Earthquake|p2a: Xerneas\n|-damage|p2a: Xerneas|142/268\n|move|p2a: Xerneas|Geomancy||[still]\n|-prepare|p2a: Xerneas|Geomancy\n|-enditem|p2a: Xerneas|Power Herb\n|-anim|p2a: Xerneas|Geomancy|p2a: Xerneas\n|-boost|p2a: Xerneas|spa|2\n|-boost|p2a: Xerneas|spd|2\n|-boost|p2a: Xerneas|spe|2\n|\n|upkeep\n|turn|14\n|\n|t:|1770474891\n|move|p2a: Xerneas|Moonblast|p1a: Garchomp\n|-supereffective|p1a: Garchomp\n|-damage|p1a: Garchomp|0 fnt\n|faint|p1a: Garchomp\n|\n|upkeep\n|\n|t:|1770474906\n|switch|p1a: Cinccino|Cinccino, L82, M|257/257\n|-damage|p1a: Cinccino|225/257|[from] Stealth Rock\n|turn|15\n|\n|t:|1770474913\n|move|p2a: Xerneas|Moonblast|p1a: Cinccino\n|-damage|p1a: Cinccino|0 fnt\n|faint|p1a: Cinccino\n|\n|upkeep\n|\n|t:|1770474916\n|switch|p1a: Diancie|Diancie, L75|199/199\n|-damage|p1a: Diancie|175/199|[from] Stealth Rock\n|turn|16\n|inactive|xuyuehang has 120 seconds left.\n|\n|t:|1770474928\n|detailschange|p1a: Diancie|Diancie-Mega, L75\n|-mega|p1a: Diancie|Diancie|Diancite\n|move|p2a: Xerneas|Moonblast|p1a: Diancie\n|-damage|p1a: Diancie|0 fnt\n|faint|p1a: Diancie\n|detailschange|p1: Diancie|Diancie, L75|[silent]\n|\n|upkeep\n|\n|t:|1770474936\n|switch|p1a: Toxicroak|Toxicroak, L83, M|246/273\n|-damage|p1a: Toxicroak|229/273|[from] Stealth Rock\n|turn|17\n|\n|t:|1770474943\n|move|p2a: Xerneas|Psyshock|p1a: Toxicroak\n|-supereffective|p1a: Toxicroak\n|-damage|p1a: Toxicroak|0 fnt\n|faint|p1a: Toxicroak\n|\n|win|xuyuehang\n|raw|kotoha22's rating: 1748 &rarr; <strong>1720</strong><br />(-28 for losing)\n|raw|xuyuehang's rating: 1608 &rarr; <strong>1636</strong><br />(+28 for winning)\n|l|☆kotoha22\n|player|p1|\n", "inputlog": ">version ccdc32dd7cde25fd9e4bed64820e885f66e78a4e\n>start {\"formatid\":\"gen6randombattle\",\"seed\":\"sodium,fc4ddce7650b8bca1ab50efaeac4ab33\",\"rated\":\"Rated battle\"}\n>player p1 {\"name\":\"kotoha22\",\"avatar\":\"acetrainerf\",\"rating\":1739,\"seed\":\"sodium,5a7c1caf0651a68012d8009dadf16913\"}\n>player p2 {\"name\":\"xuyuehang\",\"avatar\":\"169\",\"rating\":1608,\"seed\":\"sodium,f63290140eccd77cceb86bffd4455758\"}\n>p1 move knockoff\n>p2 switch 5\n>p1 switch 3\n>p2 move stealthrock\n>p1 move calmmind\n>p2 switch 4\n>p1 move hydropump\n>p2 move voltswitch\n>p2 switch 4\n>p1 move icebeam\n>p2 move earthquake\n>p2 switch 4\n>p1 move hydropump\n>p2 move thunderbolt\n>p1 switch 6\n>p1 move rockpolish\n>p2 switch 3\n>p1 move stoneedge\n>p2 move outrage\n>p1 move stoneedge\n>p2 move outrage\n>p2 switch 6\n>p1 move earthquake\n>p2 move earthpower\n>p2 switch 5\n>p1 move dynamicpunch\n>p2 move knockoff\n>p2 switch 3\n>p1 move earthquake\n>p2 move flashcannon\n>p1 switch 4\n>p2 switch 2\n>p1 move earthquake\n>p2 move geomancy\n>p1 move earthquake\n>p2 move moonblast\n>p1 switch 2\n>p1 move bulletseed\n>p2 move moonblast\n>p1 switch 5\n>p1 move diamondstorm mega\n>p2 move moonblast\n>p1 switch 3\n>p1 move gunkshot\n>p2 move psyshock", "uploadtime": 1770474948, "views": 237, "formatid": "gen6randombattle", "rating": 1636, "private": 0, "password": null}