{"id": "gen6randombattle-2535294553", "format": "[Gen 6] Random Battle", "players": ["mlungero", "mantonas2003"], "log": "|j|☆mlungero\n|j|‽mantonas2003\n|t:|1770546417\n|gametype|singles\n|player|p1|mlungero|brock|1623\n|player|p2|mantonas2003|dancer|1646\n|gen|6\n|tier|[Gen 6] Random Battle\n|rated|\n|rule|Sleep Clause Mod: Limit one foe put to sleep\n|rule|HP Percentage Mod: HP is shown in percentages\n|rule|Illusion Level Mod: Illusion disguises the Pokémon's true level\n|\n|t:|1770546417\n|teamsize|p1|6\n|teamsize|p2|6\n|start\n|switch|p1a: Samurott|Samurott, L87, F|307/307\n|switch|p2a: Deoxys|Deoxys-Speed, L81|214/214\n|-ability|p2a: Deoxys|Pressure\n|turn|1\n|inactive|Battle timer is ON: inactive players will automatically lose when time's up. (requested by mantonas2003)\n|\n|t:|1770546426\n|switch|p2a: Vileplume|Vileplume, L87, F|272/272\n|move|p1a: Samurott|Waterfall|p2a: Vileplume\n|-resisted|p2a: Vileplume\n|-damage|p2a: Vileplume|217/272\n|-damage|p1a: Samurott|277/307|[from] item: Life Orb\n|\n|-heal|p2a: Vileplume|234/272|[from] item: Black Sludge\n|upkeep\n|turn|2\n|\n|t:|1770546445\n|switch|p1a: Noctowl|Noctowl, L95, M|344/344\n|move|p2a: Vileplume|Sludge Bomb|p1a: Noctowl\n|-damage|p1a: Noctowl|256/344\n|\n|-heal|p1a: Noctowl|277/344|[from] item: Leftovers\n|-heal|p2a: Vileplume|251/272|[from] item: Black Sludge\n|upkeep\n|turn|3\n|\n|t:|1770546456\n|switch|p2a: Doublade|Doublade, L82, F|231/231\n|move|p1a: Noctowl|Air Slash|p2a: Doublade\n|-resisted|p2a: Doublade\n|-damage|p2a: Doublade|145/231\n|\n|-heal|p1a: Noctowl|298/344|[from] item: Leftovers\n|upkeep\n|turn|4\n|\n|t:|1770546467\n|switch|p2a: Octillery|Octillery, L93, M|290/290\n|move|p1a: Noctowl|Air Slash|p2a: Octillery\n|-damage|p2a: Octillery|208/290\n|\n|-heal|p1a: Noctowl|319/344|[from] item: Leftovers\n|upkeep\n|turn|5\n|\n|t:|1770546473\n|move|p1a: Noctowl|Hyper Voice|p2a: Octillery\n|-damage|p2a: Octillery|105/290\n|move|p2a: Octillery|Gunk Shot|p1a: Noctowl\n|-damage|p1a: Noctowl|118/344\n|-damage|p2a: Octillery|76/290|[from] item: Life Orb\n|\n|-heal|p1a: Noctowl|139/344|[from] item: Leftovers\n|upkeep\n|turn|6\n|\n|t:|1770546480\n|move|p1a: Noctowl|Roost|p1a: Noctowl\n|-heal|p1a: Noctowl|311/344\n|-singleturn|p1a: Noctowl|move: Roost\n|move|p2a: Octillery|Ice Beam|p1a: Noctowl\n|-crit|p1a: Noctowl\n|-damage|p1a: Noctowl|118/344\n|-damage|p2a: Octillery|47/290|[from] item: Life Orb\n|\n|-heal|p1a: Noctowl|139/344|[from] item: Leftovers\n|upkeep\n|turn|7\n|\n|t:|1770546489\n|switch|p1a: Unown|Unown-W|258/258\n|move|p2a: Octillery|Gunk Shot|p1a: Unown|[miss]\n|-miss|p2a: Octillery|p1a: Unown\n|\n|upkeep\n|turn|8\n|\n|t:|1770546497\n|switch|p2a: Doublade|Doublade, L82, F|145/231\n|move|p1a: Unown|Hidden Power|p2a: Doublade\n|-resisted|p2a: Doublade\n|-damage|p2a: Doublade|91/231\n|\n|upkeep\n|turn|9\n|\n|t:|1770546505\n|move|p1a: Unown|Hidden Power|p2a: Doublade\n|-resisted|p2a: Doublade\n|-damage|p2a: Doublade|31/231\n|move|p2a: Doublade|Iron Head|p1a: Unown\n|-damage|p1a: Unown|135/258\n|\n|upkeep\n|turn|10\n|\n|t:|1770546512\n|switch|p1a: Noctowl|Noctowl, L95, M|139/344\n|move|p2a: Doublade|Shadow Sneak|p1a: Noctowl\n|-immune|p1a: Noctowl\n|\n|-heal|p1a: Noctowl|160/344|[from] item: Leftovers\n|upkeep\n|turn|11\n|\n|t:|1770546516\n|move|p1a: Noctowl|Roost|p1a: Noctowl\n|-heal|p1a: Noctowl|332/344\n|-singleturn|p1a: Noctowl|move: Roost\n|move|p2a: Doublade|Sacred Sword|p1a: Noctowl\n|-supereffective|p1a: Noctowl\n|-damage|p1a: Noctowl|150/344\n|\n|-heal|p1a: Noctowl|171/344|[from] item: Leftovers\n|upkeep\n|turn|12\n|\n|t:|1770546523\n|move|p1a: Noctowl|Roost|p1a: Noctowl\n|-heal|p1a: Noctowl|343/344\n|-singleturn|p1a: Noctowl|move: Roost\n|move|p2a: Doublade|Iron Head|p1a: Noctowl\n|-damage|p1a: Noctowl|225/344\n|\n|-heal|p1a: Noctowl|246/344|[from] item: Leftovers\n|upkeep\n|turn|13\n|\n|t:|1770546526\n|move|p1a: Noctowl|Air Slash|p2a: Doublade\n|-resisted|p2a: Doublade\n|-damage|p2a: Doublade|0 fnt\n|faint|p2a: Doublade\n|\n|-heal|p1a: Noctowl|267/344|[from] item: Leftovers\n|upkeep\n|\n|t:|1770546534\n|switch|p2a: Wobbuffet|Wobbuffet, L93, F|504/504\n|turn|14\n|\n|t:|1770546546\n|move|p1a: Noctowl|Defog|p2a: Wobbuffet\n|-unboost|p2a: Wobbuffet|evasion|1\n|move|p2a: Wobbuffet|Encore|p1a: Noctowl\n|-start|p1a: Noctowl|Encore\n|\n|-heal|p1a: Noctowl|288/344|[from] item: Leftovers\n|upkeep\n|turn|15\n|\n|t:|1770546558\n|switch|p2a: Vileplume|Vileplume, L87, F|251/272\n|move|p1a: Noctowl|Defog|p2a: Vileplume\n|-unboost|p2a: Vileplume|evasion|1\n|\n|-heal|p1a: Noctowl|309/344|[from] item: Leftovers\n|-heal|p2a: Vileplume|268/272|[from] item: Black Sludge\n|upkeep\n|turn|16\n|\n|t:|1770546563\n|move|p1a: Noctowl|Defog|p2a: Vileplume\n|-unboost|p2a: Vileplume|evasion|1\n|move|p2a: Vileplume|Sludge Bomb|p1a: Noctowl\n|-damage|p1a: Noctowl|221/344\n|-status|p1a: Noctowl|psn\n|\n|-heal|p1a: Noctowl|242/344 psn|[from] item: Leftovers\n|-heal|p2a: Vileplume|272/272|[from] item: Black Sludge\n|-damage|p1a: Noctowl|199/344 psn|[from] psn\n|upkeep\n|turn|17\n|\n|t:|1770546571\n|switch|p1a: Cobalion|Cobalion, L77|267/267\n|move|p2a: Vileplume|Sludge Bomb|p1a: Cobalion\n|-immune|p1a: Cobalion\n|\n|upkeep\n|turn|18\n|\n|t:|1770546575\n|switch|p2a: Octillery|Octillery, L93, M|47/290\n|move|p1a: Cobalion|Stealth Rock|p2a: Octillery\n|-sidestart|p2: mantonas2003|move: Stealth Rock\n|\n|upkeep\n|turn|19\n|\n|t:|1770546580\n|move|p1a: Cobalion|Close Combat|p2a: Octillery\n|-damage|p2a: Octillery|0 fnt\n|-unboost|p1a: Cobalion|def|1\n|-unboost|p1a: Cobalion|spd|1\n|faint|p2a: Octillery\n|\n|upkeep\n|\n|t:|1770546585\n|switch|p2a: Deoxys|Deoxys-Speed, L81|214/214\n|-damage|p2a: Deoxys|188/214|[from] Stealth Rock\n|-ability|p2a: Deoxys|Pressure\n|turn|20\n|\n|t:|1770546593\n|switch|p1a: Unown|Unown-W|135/258\n|move|p2a: Deoxys|Psycho Boost|p1a: Unown\n|-resisted|p1a: Unown\n|-damage|p1a: Unown|54/258\n|-unboost|p2a: Deoxys|spa|2\n|\n|upkeep\n|turn|21\n|\n|t:|1770546599\n|move|p2a: Deoxys|Knock Off|p1a: Unown\n|-supereffective|p1a: Unown\n|-damage|p1a: Unown|0 fnt\n|-enditem|p1a: Unown|Choice Specs|[from] move: Knock Off|[of] p2a: Deoxys\n|faint|p1a: Unown\n|\n|upkeep\n|\n|t:|1770546605\n|switch|p1a: Darkrai|Darkrai, L72|220/220\n|turn|22\n|\n|t:|1770546610\n|move|p2a: Deoxys|Superpower|p1a: Darkrai\n|-supereffective|p1a: Darkrai\n|-crit|p1a: Darkrai\n|-damage|p1a: Darkrai|0 fnt\n|-unboost|p2a: Deoxys|atk|1\n|-unboost|p2a: Deoxys|def|1\n|faint|p1a: Darkrai\n|\n|upkeep\n|\n|t:|1770546615\n|switch|p1a: Samurott|Samurott, L87, F|277/307\n|turn|23\n|\n|t:|1770546620\n|switch|p2a: Vileplume|Vileplume, L87, F|272/272\n|-damage|p2a: Vileplume|238/272|[from] Stealth Rock\n|move|p1a: Samurott|Swords Dance|p1a: Samurott\n|-boost|p1a: Samurott|atk|2\n|\n|-heal|p2a: Vileplume|255/272|[from] item: Black Sludge\n|upkeep\n|turn|24\n|\n|t:|1770546629\n|move|p1a: Samurott|Megahorn|p2a: Vileplume\n|-damage|p2a: Vileplume|9/272\n|-status|p1a: Samurott|par|[from] ability: Effect Spore|[of] p2a: Vileplume\n|-damage|p1a: Samurott|247/307 par|[from] item: Life Orb\n|move|p2a: Vileplume|Sleep Powder|p1a: Samurott|[miss]\n|-miss|p2a: Vileplume|p1a: Samurott\n|\n|-heal|p2a: Vileplume|26/272|[from] item: Black Sludge\n|upkeep\n|turn|25\n|\n|t:|1770546640\n|move|p2a: Vileplume|Sludge Bomb|p1a: Samurott\n|-damage|p1a: Samurott|126/307 par\n|move|p1a: Samurott|Megahorn|p2a: Vileplume|[miss]\n|-miss|p1a: Samurott|p2a: Vileplume\n|\n|-heal|p2a: Vileplume|43/272|[from] item: Black Sludge\n|upkeep\n|turn|26\n|\n|t:|1770546645\n|move|p2a: Vileplume|Sludge Bomb|p1a: Samurott\n|-damage|p1a: Samurott|0 fnt\n|faint|p1a: Samurott\n|\n|-heal|p2a: Vileplume|60/272|[from] item: Black Sludge\n|upkeep\n|\n|t:|1770546665\n|switch|p1a: Cobalion|Cobalion, L77|267/267\n|turn|27\n|\n|t:|1770546669\n|move|p1a: Cobalion|Iron Head|p2a: Vileplume\n|-damage|p2a: Vileplume|0 fnt\n|-status|p1a: Cobalion|par|[from] ability: Effect Spore|[of] p2a: Vileplume\n|faint|p2a: Vileplume\n|\n|upkeep\n|\n|t:|1770546682\n|switch|p2a: Deoxys|Deoxys-Speed, L81|188/214\n|-damage|p2a: Deoxys|162/214|[from] Stealth Rock\n|-ability|p2a: Deoxys|Pressure\n|turn|28\n|\n|t:|1770546684\n|move|p2a: Deoxys|Superpower|p1a: Cobalion\n|-supereffective|p1a: Cobalion\n|-damage|p1a: Cobalion|139/267 par\n|-unboost|p2a: Deoxys|atk|1\n|-unboost|p2a: Deoxys|def|1\n|cant|p1a: Cobalion|par\n|\n|-heal|p1a: Cobalion|155/267 par|[from] item: Leftovers\n|upkeep\n|turn|29\n|\n|t:|1770546689\n|move|p2a: Deoxys|Psycho Boost|p1a: Cobalion\n|-damage|p1a: Cobalion|0 fnt\n|-unboost|p2a: Deoxys|spa|2\n|faint|p1a: Cobalion\n|\n|upkeep\n|\n|t:|1770546696\n|switch|p1a: Porygon-Z|Porygon-Z, L82|274/274\n|-ability|p1a: Porygon-Z|Download|boost\n|-boost|p1a: Porygon-Z|atk|1\n|turn|30\n|\n|t:|1770546704\n|move|p2a: Deoxys|Knock Off|p1a: Porygon-Z\n|-damage|p1a: Porygon-Z|224/274\n|-enditem|p1a: Porygon-Z|Life Orb|[from] move: Knock Off|[of] p2a: Deoxys\n|move|p1a: Porygon-Z|Nasty Plot|p1a: Porygon-Z\n|-boost|p1a: Porygon-Z|spa|2\n|\n|upkeep\n|turn|31\n|\n|t:|1770546712\n|move|p2a: Deoxys|Superpower|p1a: Porygon-Z\n|-supereffective|p1a: Porygon-Z\n|-damage|p1a: Porygon-Z|108/274\n|-unboost|p2a: Deoxys|atk|1\n|-unboost|p2a: Deoxys|def|1\n|move|p1a: Porygon-Z|Shadow Ball|p2a: Deoxys\n|-supereffective|p2a: Deoxys\n|-damage|p2a: Deoxys|0 fnt\n|faint|p2a: Deoxys\n|\n|upkeep\n|\n|t:|1770546716\n|switch|p2a: Dustox|Dustox, L96, F|271/271\n|-damage|p2a: Dustox|204/271|[from] Stealth Rock\n|turn|32\n|\n|t:|1770546720\n|move|p1a: Porygon-Z|Tri Attack|p2a: Dustox\n|-damage|p2a: Dustox|35/271\n|move|p2a: Dustox|Bug Buzz|p1a: Porygon-Z\n|-damage|p1a: Porygon-Z|12/274\n|\n|-heal|p2a: Dustox|51/271|[from] item: Black Sludge\n|upkeep\n|turn|33\n|\n|t:|1770546727\n|move|p1a: Porygon-Z|Tri Attack|p2a: Dustox\n|-damage|p2a: Dustox|0 fnt\n|faint|p2a: Dustox\n|\n|upkeep\n|\n|t:|1770546729\n|switch|p2a: Wobbuffet|Wobbuffet, L93, F|504/504\n|-damage|p2a: Wobbuffet|441/504|[from] Stealth Rock\n|turn|34\n|\n|t:|1770546732\n|move|p1a: Porygon-Z|Shadow Ball|p2a: Wobbuffet\n|-supereffective|p2a: Wobbuffet\n|-damage|p2a: Wobbuffet|119/504\n|move|p2a: Wobbuffet|Mirror Coat|p1a: Porygon-Z\n|-damage|p1a: Porygon-Z|0 fnt\n|faint|p1a: Porygon-Z\n|\n|upkeep\n|\n|t:|1770546735\n|switch|p1a: Noctowl|Noctowl, L95, M|199/344 psn\n|turn|35\n|-enditem|p2a: Wobbuffet|Custap Berry|[eat]\n|-activate|p2a: Wobbuffet|item: Custap Berry|[consumed]\n|\n|t:|1770546738\n|move|p2a: Wobbuffet|Encore||[still]\n|-fail|p2a: Wobbuffet\n|move|p1a: Noctowl|Hyper Voice|p2a: Wobbuffet\n|-damage|p2a: Wobbuffet|0 fnt\n|faint|p2a: Wobbuffet\n|\n|win|mlungero\n|raw|mlungero's rating: 1623 &rarr; <strong>1644</strong><br />(+21 for winning)\n|raw|mantonas2003's rating: 1646 &rarr; <strong>1625</strong><br />(-21 for losing)\n|c|☆mlungero|Gg\n|l|‽mantonas2003\n|player|p2|\n|c|☆mlungero|Wp\n", "inputlog": ">version ccdc32dd7cde25fd9e4bed64820e885f66e78a4e\n>start {\"formatid\":\"gen6randombattle\",\"seed\":\"sodium,7a98032152072852f980eec0aca14ffc\",\"rated\":\"Rated battle\"}\n>player p1 {\"name\":\"mlungero\",\"avatar\":\"brock\",\"rating\":1623,\"seed\":\"sodium,a6a783695aab18c79a735f0bd53a04f9\"}\n>player p2 {\"name\":\"mantonas2003\",\"avatar\":\"dancer\",\"rating\":1646,\"seed\":\"sodium,ac2befddedf122a6c8921b895f5fac64\"}\n>p1 move waterfall\n>p2 switch 4\n>p1 switch 2\n>p2 move sludgebomb\n>p1 move airslash\n>p2 switch 2\n>p1 move airslash\n>p2 switch 6\n>p1 move hypervoice\n>p2 move gunkshot\n>p1 move roost\n>p2 move icebeam\n>p1 switch 3\n>p2 move gunkshot\n>p1 move hiddenpower\n>p2 switch 6\n>p1 move hiddenpower\n>p2 move ironhead\n>p1 switch 3\n>p2 move shadowsneak\n>p1 move roost\n>p2 move sacredsword\n>p1 move roost\n>p2 move ironhead\n>p1 move airslash\n>p2 move ironhead\n>p2 switch 5\n>p1 move defog\n>p2 move encore\n>p1 move defog\n>p2 switch 2\n>p1 move defog\n>p2 move sludgebomb\n>p1 switch 4\n>p2 move sludgebomb\n>p1 move stealthrock\n>p2 switch 6\n>p1 move closecombat\n>p2 move fireblast\n>p2 switch 4\n>p1 switch 3\n>p2 move psychoboost\n>p1 move hiddenpower\n>p2 move knockoff\n>p1 switch 6\n>p1 move darkpulse\n>p2 move superpower\n>p1 switch 2\n>p1 move swordsdance\n>p2 switch 6\n>p1 move megahorn\n>p2 move sleeppowder\n>p1 move megahorn\n>p2 move sludgebomb\n>p1 move waterfall\n>p2 move sludgebomb\n>p1 switch 3\n>p1 move ironhead\n>p2 move synthesis\n>p2 switch 6\n>p1 move ironhead\n>p2 move superpower\n>p1 move ironhead\n>p2 move psychoboost\n>p1 switch 5\n>p1 move nastyplot\n>p2 move knockoff\n>p1 move shadowball\n>p2 move superpower\n>p2 switch 3\n>p1 move triattack\n>p2 move bugbuzz\n>p1 move triattack\n>p2 move uturn\n>p2 switch 2\n>p1 move shadowball\n>p2 move mirrorcoat\n>p1 switch 4\n>p1 move hypervoice\n>p2 move encore", "uploadtime": 1770546761, "views": 217, "formatid": "gen6randombattle", "rating": 1625, "private": 0, "password": null}