{"id": "gen6randombattle-2521090299", "format": "[Gen 6] Random Battle", "players": ["unzipscrogre", "nigeria simulator"], "log": "|badge|p1|bronze|gen9uu|100-8\n|uhtml|medal-msg|<div class=\"broadcast-blue\">Curious what those medals under the avatar are? PS now has Ladder Seasons! For more information, check out the <a href=\"https://www.smogon.com/forums/threads/3740067/\">thread on Smogon.</a></div>\n|j|☆unzipscrogre\n|j|☆nigeria simulator\n|t:|1768726406\n|gametype|singles\n|player|p1|unzipscrogre|unknown|1575\n|player|p2|nigeria simulator|101|1567\n|gen|6\n|tier|[Gen 6] Random Battle\n|rated|\n|rule|Sleep Clause Mod: Limit one foe put to sleep\n|rule|HP Percentage Mod: HP is shown in percentages\n|rule|Illusion Level Mod: Illusion disguises the Pokémon's true level\n|\n|t:|1768726406\n|teamsize|p1|6\n|teamsize|p2|6\n|start\n|switch|p1a: Altaria|Altaria, L88, F|275/275\n|switch|p2a: Salamence|Salamence, L68, F|242/242\n|-ability|p2a: Salamence|Intimidate|boost\n|-unboost|p1a: Altaria|atk|1\n|turn|1\n|inactive|Battle timer is ON: inactive players will automatically lose when time's up. (requested by unzipscrogre)\n|\n|t:|1768726423\n|switch|p2a: Pelipper|Pelipper, L91, F|257/257\n|move|p1a: Altaria|Draco Meteor|p2a: Pelipper\n|-damage|p2a: Pelipper|125/257\n|-unboost|p1a: Altaria|spa|2\n|\n|-heal|p2a: Pelipper|141/257|[from] item: Leftovers\n|upkeep\n|turn|2\n|inactive|unzipscrogre has 120 seconds left.\n|\n|t:|1768726454\n|switch|p1a: Vanilluxe|Vanilluxe, L88, F|268/268\n|move|p2a: Pelipper|Roost|p2a: Pelipper\n|-heal|p2a: Pelipper|257/257\n|-singleturn|p2a: Pelipper|move: Roost\n|\n|upkeep\n|turn|3\n|inactive|unzipscrogre has 120 seconds left.\n|\n|t:|1768726482\n|switch|p2a: Hitmonlee|Hitmonlee, L86, M|226/226\n|move|p1a: Vanilluxe|Ice Beam|p2a: Hitmonlee\n|-damage|p2a: Hitmonlee|92/226\n|-damage|p1a: Vanilluxe|242/268|[from] item: Life Orb\n|\n|upkeep\n|turn|4\n|inactive|unzipscrogre has 120 seconds left.\n|\n|t:|1768726490\n|switch|p1a: Donphan|Donphan, L83, M|285/285\n|move|p2a: Hitmonlee|Stone Edge|p1a: Donphan\n|-resisted|p1a: Donphan\n|-damage|p1a: Donphan|252/285\n|\n|upkeep\n|turn|5\n|inactive|unzipscrogre has 120 seconds left.\n|\n|t:|1768726528\n|switch|p2a: Marowak|Marowak, L88, M|249/249\n|move|p1a: Donphan|Knock Off|p2a: Marowak\n|-damage|p2a: Marowak|184/249\n|-enditem|p2a: Marowak|Thick Club|[from] move: Knock Off|[of] p1a: Donphan\n|\n|upkeep\n|turn|6\n|inactive|unzipscrogre has 90 seconds left.\n|\n|t:|1768726561\n|switch|p1a: Blastoise|Blastoise, L81, F|261/261\n|move|p2a: Marowak|Stealth Rock|p1a: Blastoise\n|-sidestart|p1: unzipscrogre|move: Stealth Rock\n|\n|upkeep\n|turn|7\n|\n|t:|1768726583\n|switch|p2a: Watchog|Watchog, L94, M|265/265\n|detailschange|p1a: Blastoise|Blastoise-Mega, L81, F\n|-mega|p1a: Blastoise|Blastoise|Blastoisinite\n|move|p1a: Blastoise|Scald|p2a: Watchog\n|-crit|p2a: Watchog\n|-damage|p2a: Watchog|103/265\n|\n|-heal|p2a: Watchog|119/265|[from] item: Leftovers\n|upkeep\n|turn|8\n|\n|t:|1768726590\n|move|p2a: Watchog|Hypnosis|p1a: Blastoise|[miss]\n|-miss|p2a: Watchog|p1a: Blastoise\n|move|p1a: Blastoise|Aura Sphere|p2a: Watchog\n|-supereffective|p2a: Watchog\n|-damage|p2a: Watchog|0 fnt\n|faint|p2a: Watchog\n|\n|upkeep\n|\n|t:|1768726599\n|switch|p2a: Accelgor|Accelgor, L89, M|287/287\n|turn|9\n|\n|t:|1768726601\n|move|p2a: Accelgor|Bug Buzz|p1a: Blastoise\n|-damage|p1a: Blastoise|119/261\n|move|p1a: Blastoise|Scald|p2a: Accelgor\n|-damage|p2a: Accelgor|169/287\n|\n|upkeep\n|turn|10\n|\n|t:|1768726608\n|move|p2a: Accelgor|Bug Buzz|p1a: Blastoise\n|-damage|p1a: Blastoise|0 fnt\n|faint|p1a: Blastoise\n|detailschange|p1: Blastoise|Blastoise, L81, F|[silent]\n|\n|upkeep\n|\n|t:|1768726611\n|switch|p1a: Donphan|Donphan, L83, M|252/285\n|-damage|p1a: Donphan|235/285|[from] Stealth Rock\n|turn|11\n|\n|t:|1768726614\n|move|p2a: Accelgor|Bug Buzz|p1a: Donphan\n|-damage|p1a: Donphan|91/285\n|move|p1a: Donphan|Rapid Spin|p2a: Accelgor\n|-damage|p2a: Accelgor|141/287\n|-sideend|p1: unzipscrogre|Stealth Rock|[from] move: Rapid Spin|[of] p1a: Donphan\n|\n|upkeep\n|turn|12\n|\n|t:|1768726621\n|move|p2a: Accelgor|Bug Buzz|p1a: Donphan\n|-damage|p1a: Donphan|0 fnt\n|faint|p1a: Donphan\n|\n|upkeep\n|\n|t:|1768726627\n|switch|p1a: Beheeyem|Beheeyem, L92, M|287/287\n|turn|13\n|\n|t:|1768726633\n|move|p2a: Accelgor|Bug Buzz|p1a: Beheeyem\n|-supereffective|p1a: Beheeyem\n|-damage|p1a: Beheeyem|0 fnt\n|faint|p1a: Beheeyem\n|\n|upkeep\n|\n|t:|1768726642\n|switch|p1a: Archeops|Archeops, L82, M|257/257\n|turn|14\n|\n|t:|1768726646\n|move|p2a: Accelgor|Bug Buzz|p1a: Archeops\n|-resisted|p1a: Archeops\n|-damage|p1a: Archeops|159/257\n|move|p1a: Archeops|Acrobatics|p2a: Accelgor\n|-supereffective|p2a: Accelgor\n|-damage|p2a: Accelgor|0 fnt\n|faint|p2a: Accelgor\n|\n|upkeep\n|\n|t:|1768726658\n|switch|p2a: Pelipper|Pelipper, L91, F|257/257\n|turn|15\n|\n|t:|1768726674\n|switch|p1a: Vanilluxe|Vanilluxe, L88, F|242/268\n|move|p2a: Pelipper|Scald|p1a: Vanilluxe\n|-damage|p1a: Vanilluxe|161/268\n|\n|upkeep\n|turn|16\n|inactive|nigeria simulator has 120 seconds left.\n|\n|t:|1768726723\n|move|p1a: Vanilluxe|Freeze-Dry|p2a: Pelipper\n|-supereffective|p2a: Pelipper\n|-damage|p2a: Pelipper|0 fnt\n|faint|p2a: Pelipper\n|-damage|p1a: Vanilluxe|135/268|[from] item: Life Orb\n|\n|upkeep\n|\n|t:|1768726726\n|switch|p2a: Marowak|Marowak, L88, M|184/249\n|turn|17\n|\n|t:|1768726731\n|move|p1a: Vanilluxe|Ice Beam|p2a: Marowak\n|-supereffective|p2a: Marowak\n|-damage|p2a: Marowak|0 fnt\n|faint|p2a: Marowak\n|-damage|p1a: Vanilluxe|109/268|[from] item: Life Orb\n|\n|upkeep\n|\n|t:|1768726734\n|switch|p2a: Hitmonlee|Hitmonlee, L86, M|92/226\n|turn|18\n|\n|t:|1768726751\n|switch|p1a: Altaria|Altaria, L88, F|275/275\n|move|p2a: Hitmonlee|Stone Edge|p1a: Altaria\n|-supereffective|p1a: Altaria\n|-damage|p1a: Altaria|107/275\n|\n|-heal|p1a: Altaria|124/275|[from] item: Leftovers\n|upkeep\n|turn|19\n|inactive|nigeria simulator has 120 seconds left.\n|\n|t:|1768726786\n|move|p2a: Hitmonlee|Close Combat|p1a: Altaria\n|-resisted|p1a: Altaria\n|-damage|p1a: Altaria|47/275\n|-unboost|p2a: Hitmonlee|def|1\n|-unboost|p2a: Hitmonlee|spd|1\n|-enditem|p2a: Hitmonlee|White Herb\n|-clearnegativeboost|p2a: Hitmonlee|[silent]\n|move|p1a: Altaria|Roost|p1a: Altaria\n|-heal|p1a: Altaria|185/275\n|-singleturn|p1a: Altaria|move: Roost\n|\n|-heal|p1a: Altaria|202/275|[from] item: Leftovers\n|upkeep\n|turn|20\n|\n|t:|1768726795\n|move|p2a: Hitmonlee|Bulk Up|p2a: Hitmonlee\n|-boost|p2a: Hitmonlee|atk|1\n|-boost|p2a: Hitmonlee|def|1\n|move|p1a: Altaria|Draco Meteor|p2a: Hitmonlee\n|-damage|p2a: Hitmonlee|0 fnt\n|-unboost|p1a: Altaria|spa|2\n|faint|p2a: Hitmonlee\n|\n|-heal|p1a: Altaria|219/275|[from] item: Leftovers\n|upkeep\n|\n|t:|1768726797\n|switch|p2a: Salamence|Salamence, L68, F|242/242\n|-ability|p2a: Salamence|Intimidate|boost\n|-unboost|p1a: Altaria|atk|1\n|turn|21\n|\n|t:|1768726799\n|detailschange|p2a: Salamence|Salamence-Mega, L68, F\n|-mega|p2a: Salamence|Salamence|Salamencite\n|move|p1a: Altaria|Draco Meteor|p2a: Salamence\n|-supereffective|p2a: Salamence\n|-damage|p2a: Salamence|108/242\n|-unboost|p1a: Altaria|spa|2\n|move|p2a: Salamence|Dragon Dance|p2a: Salamence\n|-boost|p2a: Salamence|atk|1\n|-boost|p2a: Salamence|spe|1\n|\n|-heal|p1a: Altaria|236/275|[from] item: Leftovers\n|upkeep\n|turn|22\n|\n|t:|1768726804\n|switch|p1a: Vanilluxe|Vanilluxe, L88, F|109/268\n|move|p2a: Salamence|Roost|p2a: Salamence\n|-heal|p2a: Salamence|229/242\n|-singleturn|p2a: Salamence|move: Roost\n|\n|upkeep\n|turn|23\n|\n|t:|1768726807\n|move|p2a: Salamence|Return|p1a: Vanilluxe\n|-damage|p1a: Vanilluxe|0 fnt\n|faint|p1a: Vanilluxe\n|\n|upkeep\n|\n|t:|1768726811\n|switch|p1a: Archeops|Archeops, L82, M|159/257\n|turn|24\n|\n|t:|1768726813\n|move|p2a: Salamence|Return|p1a: Archeops\n|-resisted|p1a: Archeops\n|-crit|p1a: Archeops\n|-damage|p1a: Archeops|0 fnt\n|faint|p1a: Archeops\n|\n|upkeep\n|\n|t:|1768726815\n|switch|p1a: Altaria|Altaria, L88, F|236/275\n|turn|25\n|\n|t:|1768726817\n|move|p2a: Salamence|Return|p1a: Altaria\n|-damage|p1a: Altaria|41/275\n|move|p1a: Altaria|Draco Meteor|p2a: Salamence\n|-supereffective|p2a: Salamence\n|-damage|p2a: Salamence|0 fnt\n|-unboost|p1a: Altaria|spa|2\n|faint|p2a: Salamence\n|detailschange|p2: Salamence|Salamence, L68, F|[silent]\n|\n|win|unzipscrogre\n|raw|unzipscrogre's rating: 1590 &rarr; <strong>1609</strong><br />(+19 for winning)\n|raw|nigeria simulator's rating: 1567 &rarr; <strong>1548</strong><br />(-19 for losing)\n", "inputlog": ">version 3bd1a1e329da8d286644078cfc9a9638fc7ea025\n>start {\"formatid\":\"gen6randombattle\",\"seed\":\"sodium,5abb9d39784b6fada0fbaa6243ce37ef\",\"rated\":\"Rated battle\"}\n>player p1 {\"name\":\"unzipscrogre\",\"avatar\":\"unknown\",\"rating\":1575,\"seed\":\"sodium,dad801ffe2352af33fe3cafabe05381c\"}\n>player p2 {\"name\":\"nigeria simulator\",\"avatar\":\"101\",\"rating\":1567,\"seed\":\"sodium,f782aab26a6930633ed38d86450b947d\"}\n>p1 move dracometeor\n>p2 switch 6\n>p1 switch 2\n>p2 move roost\n>p1 move icebeam\n>p2 switch 2\n>p1 switch 4\n>p2 move stoneedge\n>p1 move knockoff\n>p2 switch 4\n>p1 switch 3\n>p2 move stealthrock\n>p1 move scald mega\n>p2 switch 5\n>p1 move aurasphere\n>p2 move hypnosis\n>p2 switch 3\n>p1 move scald\n>p2 move bugbuzz\n>p1 move scald\n>p2 move bugbuzz\n>p1 switch 3\n>p1 move rapidspin\n>p2 move bugbuzz\n>p1 move knockoff\n>p2 move bugbuzz\n>p1 switch 5\n>p1 move trickroom\n>p2 move bugbuzz\n>p1 switch 6\n>p1 move acrobatics\n>p2 move bugbuzz\n>p2 switch 2\n>p1 switch 4\n>p2 move scald\n>p1 move freezedry\n>p2 move toxic\n>p2 switch 5\n>p1 move icebeam\n>p2 move stealthrock\n>p2 switch 4\n>p1 switch 2\n>p2 move stoneedge\n>p1 move roost\n>p2 move closecombat\n>p1 move dracometeor\n>p2 move bulkup\n>p2 switch 6\n>p1 move dracometeor\n>p2 move dragondance mega\n>p1 switch 2\n>p2 move roost\n>p1 move icebeam\n>p2 move return\n>p1 switch 4\n>p1 move stoneedge\n>p2 move return\n>p1 switch 2\n>p1 move dracometeor\n>p2 move return", "uploadtime": 1768726821, "views": 272, "formatid": "gen6randombattle", "rating": 1548, "private": 0, "password": null}