{"id": "gen6randombattle-2531066675", "format": "[Gen 6] Random Battle", "players": ["unaware clodsire", "7evy"], "log": "|j|☆unaware clodsire\n|j|☆7evy\n|t:|1770006672\n|gametype|singles\n|player|p1|unaware clodsire|acetrainerf-gen7|1780\n|player|p2|7evy|turo|1641\n|gen|6\n|tier|[Gen 6] Random Battle\n|rated|\n|rule|Sleep Clause Mod: Limit one foe put to sleep\n|rule|HP Percentage Mod: HP is shown in percentages\n|rule|Illusion Level Mod: Illusion disguises the Pokémon's true level\n|\n|t:|1770006672\n|teamsize|p1|6\n|teamsize|p2|6\n|start\n|switch|p1a: Quagsire|Quagsire, L87, M|307/307\n|switch|p2a: Plusle|Plusle, L93, F|262/262\n|turn|1\n|inactive|Battle timer is ON: inactive players will automatically lose when time's up. (requested by unaware clodsire)\n|\n|t:|1770006701\n|switch|p1a: Scolipede|Scolipede, L79, F|224/224\n|move|p2a: Plusle|Grass Knot|p1a: Scolipede\n|-resisted|p1a: Scolipede\n|-damage|p1a: Scolipede|185/224\n|-damage|p2a: Plusle|236/262|[from] item: Life Orb\n|\n|upkeep\n|turn|2\n|\n|t:|1770006712\n|move|p2a: Plusle|Thunderbolt|p1a: Scolipede\n|-damage|p1a: Scolipede|20/224\n|-damage|p2a: Plusle|210/262|[from] item: Life Orb\n|move|p1a: Scolipede|Earthquake|p2a: Plusle\n|-supereffective|p2a: Plusle\n|-damage|p2a: Plusle|0 fnt\n|faint|p2a: Plusle\n|-damage|p1a: Scolipede|0 fnt|[from] item: Life Orb\n|faint|p1a: Scolipede\n|\n|upkeep\n|\n|t:|1770006722\n|switch|p2a: Aurorus|Aurorus, L86, F|352/352\n|switch|p1a: Quagsire|Quagsire, L87, M|307/307\n|turn|3\n|\n|t:|1770006734\n|switch|p1a: Umbreon|Umbreon, L83, M|293/293\n|move|p2a: Aurorus|Freeze-Dry|p1a: Umbreon\n|-damage|p1a: Umbreon|233/293\n|\n|-heal|p1a: Umbreon|251/293|[from] item: Leftovers\n|upkeep\n|turn|4\n|\n|t:|1770006738\n|switch|p2a: Wormadam|Wormadam-Trash, L88, F|249/249\n|move|p1a: Umbreon|Toxic|p2a: Wormadam\n|-immune|p2a: Wormadam\n|\n|-heal|p1a: Umbreon|269/293|[from] item: Leftovers\n|upkeep\n|turn|5\n|\n|t:|1770006748\n|switch|p1a: Clawitzer|Clawitzer, L85, F|259/259\n|move|p2a: Wormadam|Toxic|p1a: Clawitzer\n|-status|p1a: Clawitzer|tox\n|\n|-damage|p1a: Clawitzer|243/259 tox|[from] psn\n|upkeep\n|turn|6\n|\n|t:|1770006766\n|move|p2a: Wormadam|Protect|p2a: Wormadam\n|-singleturn|p2a: Wormadam|Protect\n|move|p1a: Clawitzer|Scald|p2a: Wormadam\n|-activate|p2a: Wormadam|move: Protect\n|\n|-damage|p1a: Clawitzer|211/259 tox|[from] psn\n|upkeep\n|turn|7\n|\n|t:|1770006795\n|switch|p2a: Regice|Regice, L87|281/281\n|move|p1a: Clawitzer|Scald|p2a: Regice\n|-damage|p2a: Regice|230/281\n|\n|-heal|p2a: Regice|247/281|[from] item: Leftovers\n|-damage|p1a: Clawitzer|163/259 tox|[from] psn\n|upkeep\n|turn|8\n|\n|t:|1770006801\n|move|p1a: Clawitzer|U-turn|p2a: Regice\n|-damage|p2a: Regice|213/281\n|\n|t:|1770006808\n|switch|p1a: Umbreon|Umbreon, L83, M|269/293|[from] U-turn\n|move|p2a: Regice|Ice Beam|p1a: Umbreon\n|-damage|p1a: Umbreon|196/293\n|\n|-heal|p1a: Umbreon|214/293|[from] item: Leftovers\n|-heal|p2a: Regice|230/281|[from] item: Leftovers\n|upkeep\n|turn|9\n|\n|t:|1770006824\n|switch|p1a: Bouffalant|Bouffalant, L87, F|307/307\n|switch|p2a: Wormadam|Wormadam-Trash, L88, F|249/249\n|\n|upkeep\n|turn|10\n|\n|t:|1770006851\n|move|p1a: Bouffalant|Superpower|p2a: Wormadam\n|-damage|p2a: Wormadam|115/249\n|-unboost|p1a: Bouffalant|atk|1\n|-unboost|p1a: Bouffalant|def|1\n|move|p2a: Wormadam|Toxic|p1a: Bouffalant\n|-status|p1a: Bouffalant|tox\n|\n|-heal|p2a: Wormadam|130/249|[from] item: Leftovers\n|-damage|p1a: Bouffalant|288/307 tox|[from] psn\n|upkeep\n|turn|11\n|\n|t:|1770006857\n|switch|p1a: Umbreon|Umbreon, L83, M|214/293\n|move|p2a: Wormadam|Infestation|p1a: Umbreon\n|-supereffective|p1a: Umbreon\n|-damage|p1a: Umbreon|184/293\n|-activate|p1a: Umbreon|move: Infestation|[of] p2a: Wormadam\n|\n|-heal|p1a: Umbreon|202/293|[from] item: Leftovers\n|-heal|p2a: Wormadam|145/249|[from] item: Leftovers\n|-damage|p1a: Umbreon|166/293|[from] move: Infestation|[partiallytrapped]\n|upkeep\n|turn|12\n|inactive|unaware clodsire has 120 seconds left.\n|\n|t:|1770006917\n|move|p1a: Umbreon|Foul Play|p2a: Wormadam\n|-damage|p2a: Wormadam|94/249\n|move|p2a: Wormadam|Toxic|p1a: Umbreon\n|-status|p1a: Umbreon|tox\n|-activate|p1a: Umbreon|ability: Synchronize\n|-immune|p2a: Wormadam\n|\n|-heal|p1a: Umbreon|184/293 tox|[from] item: Leftovers\n|-heal|p2a: Wormadam|109/249|[from] item: Leftovers\n|-damage|p1a: Umbreon|166/293 tox|[from] psn\n|-damage|p1a: Umbreon|130/293 tox|[from] move: Infestation|[partiallytrapped]\n|upkeep\n|turn|13\n|\n|t:|1770006931\n|move|p2a: Wormadam|Protect|p2a: Wormadam\n|-singleturn|p2a: Wormadam|Protect\n|move|p1a: Umbreon|Heal Bell|p1a: Umbreon\n|-activate|p1a: Umbreon|move: Heal Bell\n|-curestatus|p1a: Umbreon|tox|[msg]\n|-curestatus|p1: Bouffalant|tox|[msg]\n|-curestatus|p1: Clawitzer|tox|[msg]\n|\n|-heal|p1a: Umbreon|148/293|[from] item: Leftovers\n|-heal|p2a: Wormadam|124/249|[from] item: Leftovers\n|-damage|p1a: Umbreon|112/293|[from] move: Infestation|[partiallytrapped]\n|upkeep\n|turn|14\n|\n|t:|1770006938\n|switch|p2a: Aromatisse|Aromatisse, L89, M|325/325\n|move|p1a: Umbreon|Foul Play|p2a: Aromatisse\n|-resisted|p2a: Aromatisse\n|-damage|p2a: Aromatisse|290/325\n|\n|-heal|p1a: Umbreon|130/293|[from] item: Leftovers\n|-heal|p2a: Aromatisse|310/325|[from] item: Leftovers\n|-end|p1a: Umbreon|Infestation|[partiallytrapped]|[silent]\n|upkeep\n|turn|15\n|\n|t:|1770006952\n|switch|p1a: Bouffalant|Bouffalant, L87, F|288/307\n|move|p2a: Aromatisse|Moonblast|p1a: Bouffalant\n|-damage|p1a: Bouffalant|174/307\n|\n|-heal|p2a: Aromatisse|325/325|[from] item: Leftovers\n|upkeep\n|turn|16\n|\n|t:|1770006977\n|move|p2a: Aromatisse|Protect|p2a: Aromatisse\n|-singleturn|p2a: Aromatisse|Protect\n|move|p1a: Bouffalant|Head Charge|p2a: Aromatisse\n|-activate|p2a: Aromatisse|move: Protect\n|\n|upkeep\n|turn|17\n|inactive|unaware clodsire has 120 seconds left.\n|\n|t:|1770006983\n|switch|p1a: Clawitzer|Clawitzer, L85, F|163/259\n|switch|p2a: Aurorus|Aurorus, L86, F|352/352\n|\n|upkeep\n|turn|18\n|\n|t:|1770006990\n|switch|p2a: Regice|Regice, L87|230/281\n|move|p1a: Clawitzer|Scald|p2a: Regice\n|-crit|p2a: Regice\n|-damage|p2a: Regice|148/281\n|\n|-heal|p2a: Regice|165/281|[from] item: Leftovers\n|upkeep\n|turn|19\n|\n|t:|1770006997\n|move|p1a: Clawitzer|U-turn|p2a: Regice\n|-damage|p2a: Regice|125/281\n|\n|t:|1770007000\n|switch|p1a: Umbreon|Umbreon, L83, M|130/293|[from] U-turn\n|move|p2a: Regice|Thunder Wave|p1a: Umbreon\n|-status|p1a: Umbreon|par\n|-activate|p1a: Umbreon|ability: Synchronize\n|-status|p2a: Regice|par\n|\n|-heal|p1a: Umbreon|148/293 par|[from] item: Leftovers\n|-heal|p2a: Regice|142/281 par|[from] item: Leftovers\n|upkeep\n|turn|20\n|inactive|7evy has 120 seconds left.\n|\n|t:|1770007035\n|switch|p2a: Wormadam|Wormadam-Trash, L88, F|124/249\n|move|p1a: Umbreon|Toxic|p2a: Wormadam\n|-immune|p2a: Wormadam\n|\n|-heal|p2a: Wormadam|139/249|[from] item: Leftovers\n|-heal|p1a: Umbreon|166/293 par|[from] item: Leftovers\n|upkeep\n|turn|21\n|\n|t:|1770007040\n|move|p2a: Wormadam|Infestation|p1a: Umbreon\n|-supereffective|p1a: Umbreon\n|-damage|p1a: Umbreon|136/293 par\n|-activate|p1a: Umbreon|move: Infestation|[of] p2a: Wormadam\n|cant|p1a: Umbreon|par\n|\n|-heal|p2a: Wormadam|154/249|[from] item: Leftovers\n|-heal|p1a: Umbreon|154/293 par|[from] item: Leftovers\n|-damage|p1a: Umbreon|118/293 par|[from] move: Infestation|[partiallytrapped]\n|upkeep\n|turn|22\n|\n|t:|1770007046\n|move|p2a: Wormadam|Flash Cannon|p1a: Umbreon\n|-crit|p1a: Umbreon\n|-damage|p1a: Umbreon|34/293 par\n|-unboost|p1a: Umbreon|spd|1\n|cant|p1a: Umbreon|par\n|\n|-heal|p2a: Wormadam|169/249|[from] item: Leftovers\n|-heal|p1a: Umbreon|52/293 par|[from] item: Leftovers\n|-damage|p1a: Umbreon|16/293 par|[from] move: Infestation|[partiallytrapped]\n|upkeep\n|turn|23\n|c|☆unaware clodsire|wow thats\n|c|☆unaware clodsire|incredibly unlucky\n|c|☆unaware clodsire|i tried to heal rip\n|inactive|unaware clodsire has 120 seconds left.\n|\n|t:|1770007077\n|move|p2a: Wormadam|Flash Cannon|p1a: Umbreon\n|-damage|p1a: Umbreon|0 fnt\n|faint|p1a: Umbreon\n|\n|-heal|p2a: Wormadam|184/249|[from] item: Leftovers\n|upkeep\n|inactive|unaware clodsire has 120 seconds left.\n|\n|t:|1770007083\n|switch|p1a: Clawitzer|Clawitzer, L85, F|163/259\n|turn|24\n|\n|t:|1770007087\n|move|p2a: Wormadam|Protect|p2a: Wormadam\n|-singleturn|p2a: Wormadam|Protect\n|move|p1a: Clawitzer|Scald|p2a: Wormadam\n|-activate|p2a: Wormadam|move: Protect\n|\n|-heal|p2a: Wormadam|199/249|[from] item: Leftovers\n|upkeep\n|turn|25\n|\n|t:|1770007090\n|switch|p2a: Regice|Regice, L87|142/281 par\n|move|p1a: Clawitzer|Scald|p2a: Regice\n|-damage|p2a: Regice|91/281 par\n|\n|-heal|p2a: Regice|108/281 par|[from] item: Leftovers\n|upkeep\n|turn|26\n|inactive|unaware clodsire has 120 seconds left.\n|\n|t:|1770007146\n|move|p1a: Clawitzer|Dark Pulse|p2a: Regice\n|-damage|p2a: Regice|57/281 par\n|cant|p2a: Regice|par\n|\n|-heal|p2a: Regice|74/281 par|[from] item: Leftovers\n|upkeep\n|turn|27\n|\n|t:|1770007161\n|move|p1a: Clawitzer|Dark Pulse|p2a: Regice\n|-damage|p2a: Regice|25/281 par\n|move|p2a: Regice|Thunder Wave|p1a: Clawitzer\n|-status|p1a: Clawitzer|par\n|\n|-heal|p2a: Regice|42/281 par|[from] item: Leftovers\n|upkeep\n|turn|28\n|\n|t:|1770007167\n|move|p1a: Clawitzer|Dark Pulse|p2a: Regice\n|-damage|p2a: Regice|0 fnt\n|faint|p2a: Regice\n|\n|upkeep\n|\n|t:|1770007170\n|switch|p2a: Aurorus|Aurorus, L86, F|352/352\n|turn|29\n|\n|t:|1770007175\n|move|p2a: Aurorus|Freeze-Dry|p1a: Clawitzer\n|-supereffective|p1a: Clawitzer\n|-crit|p1a: Clawitzer\n|-damage|p1a: Clawitzer|19/259 par\n|move|p1a: Clawitzer|Scald|p2a: Aurorus\n|-supereffective|p2a: Aurorus\n|-damage|p2a: Aurorus|148/352\n|\n|-heal|p2a: Aurorus|170/352|[from] item: Leftovers\n|upkeep\n|turn|30\n|\n|t:|1770007182\n|move|p2a: Aurorus|Freeze-Dry|p1a: Clawitzer\n|-supereffective|p1a: Clawitzer\n|-damage|p1a: Clawitzer|0 fnt\n|faint|p1a: Clawitzer\n|\n|-heal|p2a: Aurorus|192/352|[from] item: Leftovers\n|upkeep\n|j| C6M8 Cash Money\n|inactive|unaware clodsire has 120 seconds left.\n|l| C6M8 Cash Money\n|\n|t:|1770007205\n|switch|p1a: Bouffalant|Bouffalant, L87, F|174/307\n|turn|31\n|\n|t:|1770007211\n|switch|p2a: Wormadam|Wormadam-Trash, L88, F|199/249\n|move|p1a: Bouffalant|Earthquake|p2a: Wormadam\n|-damage|p2a: Wormadam|95/249\n|\n|-heal|p2a: Wormadam|110/249|[from] item: Leftovers\n|upkeep\n|turn|32\n|\n|t:|1770007217\n|move|p2a: Wormadam|Protect|p2a: Wormadam\n|-singleturn|p2a: Wormadam|Protect\n|move|p1a: Bouffalant|Earthquake|p2a: Wormadam\n|-activate|p2a: Wormadam|move: Protect\n|\n|-heal|p2a: Wormadam|125/249|[from] item: Leftovers\n|upkeep\n|turn|33\n|\n|t:|1770007219\n|switch|p2a: Ho-Oh|Ho-Oh, L69|261/261\n|move|p1a: Bouffalant|Earthquake|p2a: Ho-Oh\n|-immune|p2a: Ho-Oh\n|\n|upkeep\n|turn|34\n|\n|t:|1770007224\n|switch|p2a: Aurorus|Aurorus, L86, F|192/352\n|switch|p1a: Quagsire|Quagsire, L87, M|307/307\n|\n|-heal|p2a: Aurorus|214/352|[from] item: Leftovers\n|upkeep\n|turn|35\n|\n|t:|1770007234\n|move|p2a: Aurorus|Freeze-Dry|p1a: Quagsire\n|-supereffective|p1a: Quagsire\n|-damage|p1a: Quagsire|0 fnt\n|faint|p1a: Quagsire\n|\n|-heal|p2a: Aurorus|236/352|[from] item: Leftovers\n|upkeep\n|\n|t:|1770007236\n|switch|p1a: Arceus|Arceus-Ghost, L71|288/288\n|turn|36\n|\n|t:|1770007248\n|switch|p2a: Wormadam|Wormadam-Trash, L88, F|125/249\n|move|p1a: Arceus|Swords Dance|p1a: Arceus\n|-boost|p1a: Arceus|atk|2\n|\n|-heal|p2a: Wormadam|140/249|[from] item: Leftovers\n|upkeep\n|turn|37\n|\n|t:|1770007251\n|move|p1a: Arceus|Shadow Force||[still]\n|-prepare|p1a: Arceus|Shadow Force\n|move|p2a: Wormadam|Toxic|p1a: Arceus|[miss]\n|-miss|p2a: Wormadam|p1a: Arceus\n|\n|-heal|p2a: Wormadam|155/249|[from] item: Leftovers\n|upkeep\n|turn|38\n|\n|t:|1770007256\n|move|p1a: Arceus|Shadow Force|p2a: Wormadam|[from] lockedmove\n|-damage|p2a: Wormadam|0 fnt\n|faint|p2a: Wormadam\n|\n|upkeep\n|\n|t:|1770007260\n|switch|p2a: Ho-Oh|Ho-Oh, L69|261/261\n|turn|39\n|\n|t:|1770007267\n|move|p1a: Arceus|Shadow Force||[still]\n|-prepare|p1a: Arceus|Shadow Force\n|move|p2a: Ho-Oh|Sacred Fire|p1a: Arceus|[miss]\n|-miss|p2a: Ho-Oh|p1a: Arceus\n|\n|upkeep\n|turn|40\n|\n|t:|1770007280\n|move|p1a: Arceus|Shadow Force|p2a: Ho-Oh|[from] lockedmove\n|-damage|p2a: Ho-Oh|0 fnt\n|faint|p2a: Ho-Oh\n|\n|upkeep\n|\n|t:|1770007284\n|switch|p2a: Aromatisse|Aromatisse, L89, M|325/325\n|turn|41\n|c|☆unaware clodsire|oh my god.\n|\n|t:|1770007310\n|move|p1a: Arceus|Swords Dance|p1a: Arceus\n|-boost|p1a: Arceus|atk|2\n|move|p2a: Aromatisse|Wish|p2a: Aromatisse\n|\n|upkeep\n|turn|42\n|\n|t:|1770007316\n|switch|p2a: Aurorus|Aurorus, L86, F|236/352\n|move|p1a: Arceus|Shadow Force||[still]\n|-prepare|p1a: Arceus|Shadow Force\n|\n|-heal|p2a: Aurorus|352/352|[from] move: Wish|[wisher] Aromatisse\n|upkeep\n|turn|43\n|\n|t:|1770007320\n|move|p1a: Arceus|Shadow Force|p2a: Aurorus|[from] lockedmove\n|-damage|p2a: Aurorus|0 fnt\n|faint|p2a: Aurorus\n|\n|upkeep\n|-message|7evy forfeited.\n|\n|win|unaware clodsire\n|raw|unaware clodsire's rating: 1780 &rarr; <strong>1791</strong><br />(+11 for winning)\n|raw|7evy's rating: 1615 &rarr; <strong>1604</strong><br />(-11 for losing)\n|l|☆7evy\n|player|p2|\n", "inputlog": ">version ccdc32dd7cde25fd9e4bed64820e885f66e78a4e\n>start {\"formatid\":\"gen6randombattle\",\"seed\":\"sodium,5dd4150e8149e6fc19c32648e157f410\",\"rated\":\"Rated battle\"}\n>player p1 {\"name\":\"unaware clodsire\",\"avatar\":\"acetrainerf-gen7\",\"rating\":1780,\"seed\":\"sodium,2ed8fdac87a36bec170e93604c240bbe\"}\n>player p2 {\"name\":\"7evy\",\"avatar\":\"turo\",\"rating\":1641,\"seed\":\"sodium,6a8f118b994a1d65adfbf52cd87fb7c5\"}\n>p1 switch 2\n>p2 move grassknot\n>p1 move earthquake\n>p2 move thunderbolt\n>p1 switch 2\n>p2 switch 4\n>p1 switch 5\n>p2 move freezedry\n>p1 move toxic\n>p2 switch 2\n>p1 switch 4\n>p2 move toxic\n>p1 move scald\n>p2 move protect\n>p1 move scald\n>p2 switch 5\n>p1 move uturn\n>p2 move icebeam\n>p1 switch 4\n>p1 switch 3\n>p2 switch 5\n>p1 move superpower\n>p2 move toxic\n>p1 switch 3\n>p2 move infestation\n>p1 move foulplay\n>p2 move toxic\n>p1 move healbell\n>p2 move protect\n>p1 move foulplay\n>p2 switch 6\n>p1 switch 3\n>p2 move moonblast\n>p1 move headcharge\n>p2 move protect\n>p1 switch 4\n>p2 switch 2\n>p1 move scald\n>p2 switch 5\n>p1 move uturn\n>p2 move thunderwave\n>p1 switch 3\n>p1 move toxic\n>p2 switch 6\n>p1 move foulplay\n>p2 move infestation\n>p1 move moonlight\n>p2 move flashcannon\n>chat ☆unaware clodsire|wow thats\n>chat ☆unaware clodsire|incredibly unlucky\n>chat ☆unaware clodsire|i tried to heal rip\n>p1 move moonlight\n>p2 move flashcannon\n>p1 switch 3\n>p1 move scald\n>p2 move protect\n>p1 move scald\n>p2 switch 6\n>p1 move darkpulse\n>p2 move thunderwave\n>p1 move darkpulse\n>p2 move thunderwave\n>p1 move darkpulse\n>p2 move thunderbolt\n>p2 switch 5\n>p1 move scald\n>p2 move freezedry\n>p1 move scald\n>p2 move freezedry\n>p1 switch 4\n>p1 move earthquake\n>p2 switch 6\n>p1 move earthquake\n>p2 move protect\n>p1 move earthquake\n>p2 switch 3\n>p1 switch 5\n>p2 switch 6\n>p1 move scald\n>p2 move freezedry\n>p1 switch 6\n>p1 move swordsdance\n>p2 switch 3\n>p1 move shadowforce\n>p2 move toxic\n>p1 move shadowforce\n>p2 move toxic\n>p2 switch 6\n>p1 move shadowforce\n>p2 move sacredfire\n>p1 move shadowforce\n>p2 move sacredfire\n>p2 switch 2\n>chat ☆unaware clodsire|oh my god.\n>p1 move swordsdance\n>p2 move wish\n>p1 move shadowforce\n>p2 switch 3\n>p1 move shadowforce\n>p2 move freezedry\n>forcelose p2", "uploadtime": 1770007326, "views": 234, "formatid": "gen6randombattle", "rating": 1604, "private": 0, "password": null}