{"id": "gen6randombattle-2530640385", "format": "[Gen 6] Random Battle", "players": ["Blatjanglover", "The Goldfoot"], "log": "|j|☆Blatjanglover\n|j|☆The Goldfoot\n|t:|1769954198\n|gametype|singles\n|player|p1|Blatjanglover|brock|1639\n|player|p2|The Goldfoot|blaine|1538\n|gen|6\n|tier|[Gen 6] Random Battle\n|rated|\n|rule|Sleep Clause Mod: Limit one foe put to sleep\n|rule|HP Percentage Mod: HP is shown in percentages\n|rule|Illusion Level Mod: Illusion disguises the Pokémon's true level\n|\n|t:|1769954198\n|teamsize|p1|6\n|teamsize|p2|6\n|start\n|switch|p1a: Crobat|Crobat, L80, F|267/267\n|switch|p2a: Salamence|Salamence, L68, F|242/242\n|-ability|p2a: Salamence|Intimidate|boost\n|-unboost|p1a: Crobat|atk|1\n|turn|1\n|\n|t:|1769954214\n|detailschange|p2a: Salamence|Salamence-Mega, L68, F\n|-mega|p2a: Salamence|Salamence|Salamencite\n|move|p1a: Crobat|U-turn|p2a: Salamence\n|-resisted|p2a: Salamence\n|-damage|p2a: Salamence|229/242\n|\n|t:|1769954223\n|switch|p1a: Gorebyss|Gorebyss, L83, M|226/226|[from] U-turn\n|move|p2a: Salamence|Dragon Dance|p2a: Salamence\n|-boost|p2a: Salamence|atk|1\n|-boost|p2a: Salamence|spe|1\n|\n|upkeep\n|turn|2\n|\n|t:|1769954237\n|switch|p2a: Arceus|Arceus-Psychic, L71|288/288\n|move|p1a: Gorebyss|Ice Beam|p2a: Arceus\n|-damage|p2a: Arceus|224/288\n|\n|upkeep\n|turn|3\n|\n|t:|1769954242\n|switch|p1a: Crobat|Crobat, L80, F|267/267\n|move|p2a: Arceus|Judgment|p1a: Crobat\n|-supereffective|p1a: Crobat\n|-damage|p1a: Crobat|37/267\n|\n|-heal|p1a: Crobat|53/267|[from] item: Black Sludge\n|upkeep\n|turn|4\n|\n|t:|1769954246\n|move|p1a: Crobat|U-turn|p2a: Arceus\n|-supereffective|p2a: Arceus\n|-damage|p2a: Arceus|144/288\n|\n|t:|1769954249\n|switch|p1a: Honchkrow|Honchkrow, L82, M|298/298|[from] U-turn\n|move|p2a: Arceus|Judgment|p1a: Honchkrow\n|-immune|p1a: Honchkrow\n|\n|upkeep\n|turn|5\n|\n|t:|1769954252\n|move|p2a: Arceus|Recover|p2a: Arceus\n|-heal|p2a: Arceus|288/288\n|move|p1a: Honchkrow|Pursuit|p2a: Arceus\n|-supereffective|p2a: Arceus\n|-damage|p2a: Arceus|179/288\n|-damage|p1a: Honchkrow|269/298|[from] item: Life Orb\n|\n|upkeep\n|turn|6\n|\n|t:|1769954258\n|move|p2a: Arceus|Recover|p2a: Arceus\n|-heal|p2a: Arceus|288/288\n|move|p1a: Honchkrow|Brave Bird|p2a: Arceus\n|-damage|p2a: Arceus|113/288\n|-damage|p1a: Honchkrow|211/298|[from] Recoil\n|-damage|p1a: Honchkrow|182/298|[from] item: Life Orb\n|\n|upkeep\n|turn|7\n|\n|t:|1769954275\n|move|p2a: Arceus|Recover|p2a: Arceus\n|-heal|p2a: Arceus|257/288\n|move|p1a: Honchkrow|Brave Bird|p2a: Arceus\n|-damage|p2a: Arceus|96/288\n|-damage|p1a: Honchkrow|129/298|[from] Recoil\n|-damage|p1a: Honchkrow|100/298|[from] item: Life Orb\n|\n|upkeep\n|turn|8\n|\n|t:|1769954278\n|move|p2a: Arceus|Recover|p2a: Arceus\n|-heal|p2a: Arceus|240/288\n|move|p1a: Honchkrow|Roost|p1a: Honchkrow\n|-heal|p1a: Honchkrow|249/298\n|-singleturn|p1a: Honchkrow|move: Roost\n|\n|upkeep\n|turn|9\n|\n|t:|1769954283\n|move|p2a: Arceus|Calm Mind|p2a: Arceus\n|-boost|p2a: Arceus|spa|1\n|-boost|p2a: Arceus|spd|1\n|move|p1a: Honchkrow|Brave Bird|p2a: Arceus\n|-damage|p2a: Arceus|67/288\n|-damage|p1a: Honchkrow|192/298|[from] Recoil\n|-damage|p1a: Honchkrow|163/298|[from] item: Life Orb\n|\n|upkeep\n|turn|10\n|\n|t:|1769954287\n|switch|p2a: Golem|Golem, L86, M|278/278\n|move|p1a: Honchkrow|Brave Bird|p2a: Golem\n|-resisted|p2a: Golem\n|-damage|p2a: Golem|208/278\n|-damage|p1a: Honchkrow|140/298|[from] Recoil\n|-damage|p1a: Honchkrow|111/298|[from] item: Life Orb\n|\n|upkeep\n|turn|11\n|\n|t:|1769954295\n|move|p1a: Honchkrow|Roost|p1a: Honchkrow\n|-heal|p1a: Honchkrow|260/298\n|-singleturn|p1a: Honchkrow|move: Roost\n|move|p2a: Golem|Stone Edge|p1a: Honchkrow\n|-damage|p1a: Honchkrow|0 fnt\n|faint|p1a: Honchkrow\n|\n|upkeep\n|c|☆Blatjanglover|Damn\n|\n|t:|1769954303\n|switch|p1a: Gorebyss|Gorebyss, L83, M|226/226\n|turn|12\n|\n|t:|1769954311\n|switch|p2a: Swalot|Swalot, L90, F|326/326\n|move|p1a: Gorebyss|Shell Smash|p1a: Gorebyss\n|-unboost|p1a: Gorebyss|def|1\n|-unboost|p1a: Gorebyss|spd|1\n|-boost|p1a: Gorebyss|atk|2\n|-boost|p1a: Gorebyss|spa|2\n|-boost|p1a: Gorebyss|spe|2\n|-enditem|p1a: Gorebyss|White Herb\n|-clearnegativeboost|p1a: Gorebyss|[silent]\n|\n|upkeep\n|turn|13\n|\n|t:|1769954314\n|move|p1a: Gorebyss|Hydro Pump|p2a: Swalot\n|-damage|p2a: Swalot|68/326\n|move|p2a: Swalot|Toxic|p1a: Gorebyss\n|-status|p1a: Gorebyss|tox\n|\n|-heal|p2a: Swalot|88/326|[from] item: Black Sludge\n|-damage|p1a: Gorebyss|212/226 tox|[from] psn\n|upkeep\n|turn|14\n|\n|t:|1769954316\n|move|p2a: Swalot|Protect|p2a: Swalot\n|-singleturn|p2a: Swalot|Protect\n|move|p1a: Gorebyss|Shell Smash|p1a: Gorebyss\n|-unboost|p1a: Gorebyss|def|1\n|-unboost|p1a: Gorebyss|spd|1\n|-boost|p1a: Gorebyss|atk|2\n|-boost|p1a: Gorebyss|spa|2\n|-boost|p1a: Gorebyss|spe|2\n|\n|-heal|p2a: Swalot|108/326|[from] item: Black Sludge\n|-damage|p1a: Gorebyss|184/226 tox|[from] psn\n|upkeep\n|turn|15\n|\n|t:|1769954321\n|switch|p2a: Forretress|Forretress, L82, M|257/257\n|move|p1a: Gorebyss|Ice Beam|p2a: Forretress\n|-resisted|p2a: Forretress\n|-damage|p2a: Forretress|104/257\n|\n|-heal|p2a: Forretress|120/257|[from] item: Leftovers\n|-damage|p1a: Gorebyss|142/226 tox|[from] psn\n|upkeep\n|turn|16\n|\n|t:|1769954327\n|move|p1a: Gorebyss|Hydro Pump|p2a: Forretress|[miss]\n|-miss|p1a: Gorebyss|p2a: Forretress\n|move|p2a: Forretress|Volt Switch|p1a: Gorebyss\n|-supereffective|p1a: Gorebyss\n|-damage|p1a: Gorebyss|32/226 tox\n|\n|t:|1769954329\n|switch|p2a: Swalot|Swalot, L90, F|108/326|[from] Volt Switch\n|\n|-heal|p2a: Swalot|128/326|[from] item: Black Sludge\n|-damage|p1a: Gorebyss|0 fnt|[from] psn\n|faint|p1a: Gorebyss\n|upkeep\n|\n|t:|1769954340\n|switch|p1a: Lanturn|Lanturn, L86, M|355/355\n|turn|17\n|\n|t:|1769954344\n|move|p2a: Swalot|Protect|p2a: Swalot\n|-singleturn|p2a: Swalot|Protect\n|move|p1a: Lanturn|Scald|p2a: Swalot\n|-activate|p2a: Swalot|move: Protect\n|\n|-heal|p2a: Swalot|148/326|[from] item: Black Sludge\n|upkeep\n|turn|18\n|\n|t:|1769954350\n|move|p1a: Lanturn|Scald|p2a: Swalot\n|-damage|p2a: Swalot|72/326\n|-status|p2a: Swalot|brn\n|move|p2a: Swalot|Toxic|p1a: Lanturn\n|-status|p1a: Lanturn|tox\n|\n|-heal|p2a: Swalot|92/326 brn|[from] item: Black Sludge\n|-damage|p1a: Lanturn|333/355 tox|[from] psn\n|-damage|p2a: Swalot|52/326 brn|[from] brn\n|upkeep\n|turn|19\n|\n|t:|1769954354\n|switch|p1a: Crobat|Crobat, L80, F|53/267\n|move|p2a: Swalot|Earthquake|p1a: Crobat\n|-immune|p1a: Crobat\n|\n|-heal|p1a: Crobat|69/267|[from] item: Black Sludge\n|-heal|p2a: Swalot|72/326 brn|[from] item: Black Sludge\n|-damage|p2a: Swalot|32/326 brn|[from] brn\n|upkeep\n|turn|20\n|\n|t:|1769954356\n|move|p1a: Crobat|Roost|p1a: Crobat\n|-heal|p1a: Crobat|203/267\n|-singleturn|p1a: Crobat|move: Roost\n|move|p2a: Swalot|Sludge Bomb|p1a: Crobat\n|-resisted|p1a: Crobat\n|-damage|p1a: Crobat|150/267\n|\n|-heal|p1a: Crobat|166/267|[from] item: Black Sludge\n|-heal|p2a: Swalot|52/326 brn|[from] item: Black Sludge\n|-damage|p2a: Swalot|12/326 brn|[from] brn\n|upkeep\n|turn|21\n|\n|t:|1769954365\n|move|p1a: Crobat|Brave Bird|p2a: Swalot\n|-damage|p2a: Swalot|0 fnt\n|faint|p2a: Swalot\n|-damage|p1a: Crobat|162/267|[from] Recoil\n|\n|-heal|p1a: Crobat|178/267|[from] item: Black Sludge\n|upkeep\n|\n|t:|1769954367\n|switch|p2a: Forretress|Forretress, L82, M|120/257\n|turn|22\n|\n|t:|1769954370\n|move|p1a: Crobat|Brave Bird|p2a: Forretress\n|-damage|p2a: Forretress|41/257\n|-damage|p1a: Crobat|152/267|[from] Recoil\n|move|p2a: Forretress|Stealth Rock|p1a: Crobat\n|-sidestart|p1: Blatjanglover|move: Stealth Rock\n|\n|-heal|p1a: Crobat|168/267|[from] item: Black Sludge\n|-heal|p2a: Forretress|57/257|[from] item: Leftovers\n|upkeep\n|turn|23\n|\n|t:|1769954374\n|move|p1a: Crobat|Brave Bird|p2a: Forretress\n|-damage|p2a: Forretress|0 fnt\n|faint|p2a: Forretress\n|-damage|p1a: Crobat|149/267|[from] Recoil\n|\n|-heal|p1a: Crobat|165/267|[from] item: Black Sludge\n|upkeep\n|\n|t:|1769954381\n|switch|p2a: Salamence|Salamence-Mega, L68, F|229/242\n|turn|24\n|\n|t:|1769954383\n|move|p1a: Crobat|Defog|p2a: Salamence\n|-unboost|p2a: Salamence|evasion|1\n|-sideend|p1: Blatjanglover|Stealth Rock|[from] move: Defog|[of] p1a: Crobat\n|move|p2a: Salamence|Dragon Dance|p2a: Salamence\n|-boost|p2a: Salamence|atk|1\n|-boost|p2a: Salamence|spe|1\n|\n|-heal|p1a: Crobat|181/267|[from] item: Black Sludge\n|upkeep\n|turn|25\n|\n|t:|1769954390\n|move|p2a: Salamence|Dragon Dance|p2a: Salamence\n|-boost|p2a: Salamence|atk|1\n|-boost|p2a: Salamence|spe|1\n|move|p1a: Crobat|Brave Bird|p2a: Salamence\n|-damage|p2a: Salamence|130/242\n|-damage|p1a: Crobat|148/267|[from] Recoil\n|\n|-heal|p1a: Crobat|164/267|[from] item: Black Sludge\n|upkeep\n|turn|26\n|\n|t:|1769954393\n|switch|p1a: Porygon2|Porygon2, L81|270/270\n|-ability|p1a: Porygon2|Download|boost\n|-boost|p1a: Porygon2|spa|1\n|move|p2a: Salamence|Dragon Dance|p2a: Salamence\n|-boost|p2a: Salamence|atk|1\n|-boost|p2a: Salamence|spe|1\n|\n|upkeep\n|turn|27\n|\n|t:|1769954396\n|move|p2a: Salamence|Return|p1a: Porygon2\n|-crit|p1a: Porygon2\n|-damage|p1a: Porygon2|0 fnt\n|faint|p1a: Porygon2\n|\n|upkeep\n|c|☆Blatjanglover|Fuck that crot\n|c|☆Blatjanglover|Gg\n|\n|t:|1769954407\n|switch|p1a: Genesect|Genesect, L72|221/221\n|-ability|p1a: Genesect|Download|boost\n|-boost|p1a: Genesect|spa|1\n|turn|28\n|c|☆The Goldfoot|gg\n|\n|t:|1769954410\n|move|p2a: Salamence|Return|p1a: Genesect\n|-damage|p1a: Genesect|0 fnt\n|faint|p1a: Genesect\n|\n|upkeep\n|\n|t:|1769954414\n|switch|p1a: Lanturn|Lanturn, L86, M|333/355 tox\n|turn|29\n|\n|t:|1769954417\n|move|p2a: Salamence|Earthquake|p1a: Lanturn\n|-supereffective|p1a: Lanturn\n|-damage|p1a: Lanturn|0 fnt\n|faint|p1a: Lanturn\n|\n|upkeep\n|\n|t:|1769954418\n|switch|p1a: Crobat|Crobat, L80, F|164/267\n|turn|30\n|\n|t:|1769954420\n|move|p2a: Salamence|Return|p1a: Crobat\n|-damage|p1a: Crobat|0 fnt\n|faint|p1a: Crobat\n|\n|win|The Goldfoot\n|raw|Blatjanglover's rating: 1639 &rarr; <strong>1613</strong><br />(-26 for losing)\n|raw|The Goldfoot's rating: 1538 &rarr; <strong>1564</strong><br />(+26 for winning)\n|l|☆The Goldfoot\n|player|p2|\n", "inputlog": ">version b99ff0165a6231f17e8b78c2a78d1998375de664\n>start {\"formatid\":\"gen6randombattle\",\"seed\":\"sodium,b1de1b3d722a869bfd2b86c06424015e\",\"rated\":\"Rated battle\"}\n>player p1 {\"name\":\"Blatjanglover\",\"avatar\":\"brock\",\"rating\":1639,\"seed\":\"sodium,9f1ac9326bf22153feb285967a824dea\"}\n>player p2 {\"name\":\"The Goldfoot\",\"avatar\":\"blaine\",\"rating\":1538,\"seed\":\"sodium,af0e6e72d467b651fbbe5909e18afc49\"}\n>p1 move uturn\n>p2 move dragondance mega\n>p1 switch 4\n>p1 move icebeam\n>p2 switch 2\n>p1 switch 4\n>p2 move judgment\n>p1 move uturn\n>p2 move judgment\n>p1 switch 6\n>p1 move pursuit\n>p2 move recover\n>p1 move bravebird\n>p2 move recover\n>p1 move bravebird\n>p2 move recover\n>p1 move roost\n>p2 move recover\n>p1 move bravebird\n>p2 move calmmind\n>p1 move bravebird\n>p2 switch 5\n>p1 move roost\n>p2 move stoneedge\n>chat ☆Blatjanglover|Damn\n>p1 switch 4\n>p1 move shellsmash\n>p2 switch 3\n>p1 move hydropump\n>p2 move toxic\n>p1 move shellsmash\n>p2 move protect\n>p1 move icebeam\n>p2 switch 6\n>p1 move hydropump\n>p2 move voltswitch\n>p2 switch 6\n>p1 switch 5\n>p1 move scald\n>p2 move protect\n>p1 move scald\n>p2 move toxic\n>p1 switch 6\n>p2 move earthquake\n>p1 move roost\n>p2 move sludgebomb\n>p1 move bravebird\n>p2 move sludgebomb\n>p2 switch 6\n>p1 move bravebird\n>p2 move stealthrock\n>p1 move bravebird\n>p2 move voltswitch\n>p2 switch 2\n>p1 move defog\n>p2 move dragondance\n>p1 move bravebird\n>p2 move dragondance\n>p1 switch 3\n>p2 move dragondance\n>p1 move icebeam\n>p2 move return\n>chat ☆Blatjanglover|Fuck that crot\n>chat ☆Blatjanglover|Gg\n>p1 switch 2\n>chat ☆The Goldfoot|gg\n>p1 move icebeam\n>p2 move return\n>p1 switch 6\n>p1 move icebeam\n>p2 move earthquake\n>p1 switch 3\n>p1 move bravebird\n>p2 move return", "uploadtime": 1769954425, "views": 240, "formatid": "gen6randombattle", "rating": 1564, "private": 0, "password": null}