{"id": "gen6randombattle-2538283063", "format": "[Gen 6] Random Battle", "players": ["arboretums", "jarstimus q"], "log": "|j|☆arboretums\n|j|‽jarstimus q\n|t:|1770913487\n|gametype|singles\n|player|p1|arboretums|serena-masters2|1525\n|player|p2|jarstimus q|skierf|1541\n|gen|6\n|tier|[Gen 6] Random Battle\n|rated|\n|rule|Sleep Clause Mod: Limit one foe put to sleep\n|rule|HP Percentage Mod: HP is shown in percentages\n|rule|Illusion Level Mod: Illusion disguises the Pokémon's true level\n|\n|t:|1770913487\n|teamsize|p1|6\n|teamsize|p2|6\n|start\n|switch|p1a: Manaphy|Manaphy, L76|277/277\n|switch|p2a: Delcatty|Delcatty, M|302/302\n|turn|1\n|inactive|Battle timer is ON: inactive players will automatically lose when time's up. (requested by arboretums)\n|\n|t:|1770913498\n|switch|p1a: Hitmontop|Hitmontop, L89, M|234/234\n|-ability|p1a: Hitmontop|Intimidate|boost\n|-unboost|p2a: Delcatty|atk|1\n|move|p2a: Delcatty|Fake Out|p1a: Hitmontop\n|-damage|p1a: Hitmontop|200/234\n|\n|upkeep\n|turn|2\n|\n|t:|1770913506\n|switch|p2a: Victini|Victini, L77|281/281\n|move|p1a: Hitmontop|Close Combat|p2a: Victini\n|-resisted|p2a: Victini\n|-damage|p2a: Victini|212/281\n|-unboost|p1a: Hitmontop|def|1\n|-unboost|p1a: Hitmontop|spd|1\n|\n|upkeep\n|turn|3\n|\n|t:|1770913535\n|switch|p1a: Sandslash|Sandslash, L89, F|278/278\n|move|p2a: Victini|V-create|p1a: Sandslash\n|-damage|p1a: Sandslash|148/278\n|-unboost|p2a: Victini|spe|1\n|-unboost|p2a: Victini|def|1\n|-unboost|p2a: Victini|spd|1\n|\n|-heal|p1a: Sandslash|165/278|[from] item: Leftovers\n|upkeep\n|turn|4\n|\n|t:|1770913546\n|switch|p2a: Latias|Latias, L77, F|250/250\n|move|p1a: Sandslash|Earthquake|p2a: Latias\n|-immune|p2a: Latias|[from] ability: Levitate\n|\n|-heal|p1a: Sandslash|182/278|[from] item: Leftovers\n|upkeep\n|turn|5\n|\n|t:|1770913551\n|switch|p1a: Grumpig|Grumpig, L92, F|297/297\n|detailschange|p2a: Latias|Latias-Mega, L77, F\n|-mega|p2a: Latias|Latias|Latiasite\n|move|p2a: Latias|Calm Mind|p2a: Latias\n|-boost|p2a: Latias|spa|1\n|-boost|p2a: Latias|spd|1\n|\n|upkeep\n|turn|6\n|\n|t:|1770913560\n|move|p2a: Latias|Draco Meteor|p1a: Grumpig\n|-damage|p1a: Grumpig|126/297\n|-unboost|p2a: Latias|spa|2\n|move|p1a: Grumpig|Toxic|p2a: Latias\n|-status|p2a: Latias|tox\n|\n|-heal|p1a: Grumpig|144/297|[from] item: Leftovers\n|-damage|p2a: Latias|235/250 tox|[from] psn\n|upkeep\n|turn|7\n|\n|t:|1770913579\n|switch|p2a: Delcatty|Delcatty, M|302/302\n|switch|p1a: Manaphy|Manaphy, L76|277/277\n|\n|upkeep\n|turn|8\n|\n|t:|1770913586\n|switch|p1a: Hitmontop|Hitmontop, L89, M|200/234\n|-ability|p1a: Hitmontop|Intimidate|boost\n|-unboost|p2a: Delcatty|atk|1\n|move|p2a: Delcatty|Fake Out|p1a: Hitmontop\n|-damage|p1a: Hitmontop|166/234\n|\n|upkeep\n|turn|9\n|\n|t:|1770913589\n|move|p2a: Delcatty|Heal Bell|p2a: Delcatty\n|-activate|p2a: Delcatty|move: Heal Bell\n|-curestatus|p2: Latias|tox|[msg]\n|move|p1a: Hitmontop|Earthquake|p2a: Delcatty\n|-damage|p2a: Delcatty|221/302\n|\n|upkeep\n|turn|10\n|\n|t:|1770913601\n|move|p2a: Delcatty|Toxic|p1a: Hitmontop\n|-status|p1a: Hitmontop|tox\n|move|p1a: Hitmontop|Close Combat|p2a: Delcatty\n|-supereffective|p2a: Delcatty\n|-damage|p2a: Delcatty|0 fnt\n|-unboost|p1a: Hitmontop|def|1\n|-unboost|p1a: Hitmontop|spd|1\n|faint|p2a: Delcatty\n|\n|-damage|p1a: Hitmontop|152/234 tox|[from] psn\n|upkeep\n|\n|t:|1770913606\n|switch|p2a: Klefki|Klefki, L79, F|220/220\n|turn|11\n|\n|t:|1770913614\n|move|p2a: Klefki|Magnet Rise|p2a: Klefki\n|-start|p2a: Klefki|Magnet Rise\n|move|p1a: Hitmontop|Earthquake|p2a: Klefki\n|-immune|p2a: Klefki\n|\n|-damage|p1a: Hitmontop|124/234 tox|[from] psn\n|upkeep\n|turn|12\n|\n|t:|1770913617\n|move|p2a: Klefki|Spikes|p1a: Hitmontop\n|-sidestart|p1: arboretums|Spikes\n|move|p1a: Hitmontop|Close Combat|p2a: Klefki\n|-damage|p2a: Klefki|81/220\n|-unboost|p1a: Hitmontop|def|1\n|-unboost|p1a: Hitmontop|spd|1\n|\n|-heal|p2a: Klefki|94/220|[from] item: Leftovers\n|-damage|p1a: Hitmontop|82/234 tox|[from] psn\n|upkeep\n|turn|13\n|\n|t:|1770913622\n|move|p1a: Hitmontop|Close Combat|p2a: Klefki\n|-damage|p2a: Klefki|0 fnt\n|-unboost|p1a: Hitmontop|def|1\n|-unboost|p1a: Hitmontop|spd|1\n|faint|p2a: Klefki\n|\n|-damage|p1a: Hitmontop|26/234 tox|[from] psn\n|upkeep\n|\n|t:|1770913626\n|switch|p2a: Latias|Latias-Mega, L77, F|235/250\n|turn|14\n|\n|t:|1770913641\n|move|p2a: Latias|Calm Mind|p2a: Latias\n|-boost|p2a: Latias|spa|1\n|-boost|p2a: Latias|spd|1\n|move|p1a: Hitmontop|Rapid Spin|p2a: Latias\n|-damage|p2a: Latias|220/250\n|-sideend|p1: arboretums|Spikes|[from] move: Rapid Spin|[of] p1a: Hitmontop\n|\n|-damage|p1a: Hitmontop|0 fnt|[from] psn\n|faint|p1a: Hitmontop\n|upkeep\n|\n|t:|1770913651\n|switch|p1a: Vespiquen|Vespiquen, F|301/301\n|-ability|p1a: Vespiquen|Pressure\n|turn|15\n|\n|t:|1770913658\n|move|p2a: Latias|Calm Mind|p2a: Latias\n|-boost|p2a: Latias|spa|1\n|-boost|p2a: Latias|spd|1\n|move|p1a: Vespiquen|U-turn|p2a: Latias\n|-supereffective|p2a: Latias\n|-damage|p2a: Latias|52/250\n|\n|t:|1770913665\n|switch|p1a: Grumpig|Grumpig, L92, F|144/297|[from] U-turn\n|\n|-heal|p1a: Grumpig|162/297|[from] item: Leftovers\n|upkeep\n|turn|16\n|\n|t:|1770913669\n|move|p2a: Latias|Draco Meteor|p1a: Grumpig\n|-damage|p1a: Grumpig|0 fnt\n|-unboost|p2a: Latias|spa|2\n|faint|p1a: Grumpig\n|\n|upkeep\n|\n|t:|1770913676\n|switch|p1a: Vespiquen|Vespiquen, F|301/301\n|-ability|p1a: Vespiquen|Pressure\n|turn|17\n|\n|t:|1770913679\n|move|p2a: Latias|Roost|p2a: Latias\n|-heal|p2a: Latias|177/250\n|-singleturn|p2a: Latias|move: Roost\n|move|p1a: Vespiquen|Toxic|p2a: Latias\n|-status|p2a: Latias|tox\n|\n|-damage|p2a: Latias|162/250 tox|[from] psn\n|upkeep\n|turn|18\n|\n|t:|1770913684\n|move|p2a: Latias|Draco Meteor|p1a: Vespiquen\n|-damage|p1a: Vespiquen|178/301\n|-unboost|p2a: Latias|spa|2\n|move|p1a: Vespiquen|U-turn|p2a: Latias\n|-supereffective|p2a: Latias\n|-damage|p2a: Latias|0 fnt\n|faint|p2a: Latias\n|detailschange|p2: Latias|Latias, L77, F|[silent]\n|l|‽jarstimus q\n|inactive|jarstimus q disconnected and has a minute to reconnect!\n|player|p2|\n|\n|t:|1770913694\n|switch|p1a: Sandslash|Sandslash, L89, F|182/278|[from] U-turn\n|\n|-heal|p1a: Sandslash|199/278|[from] item: Leftovers\n|upkeep\n|inactive|jarstimus q has 30 seconds to reconnect!\n|inactive|jarstimus q has 20 seconds to reconnect!\n|inactive|jarstimus q has 15 seconds to reconnect!\n|inactive|jarstimus q has 10 seconds to reconnect!\n|inactive|jarstimus q has 5 seconds to reconnect!\n|-message|jarstimus q lost due to inactivity.\n|\n|win|arboretums\n|raw|arboretums's rating: 1525 &rarr; <strong>1546</strong><br />(+21 for winning)\n|raw|jarstimus q's rating: 1541 &rarr; <strong>1520</strong><br />(-21 for losing)\n", "inputlog": ">version ccdc32dd7cde25fd9e4bed64820e885f66e78a4e\n>start {\"formatid\":\"gen6randombattle\",\"seed\":\"sodium,a843830f216973ab0d0f0746adc230e9\",\"rated\":\"Rated battle\"}\n>player p1 {\"name\":\"arboretums\",\"avatar\":\"serena-masters2\",\"rating\":1525,\"seed\":\"sodium,1b34fba96a28352386667a1789e3d8ff\"}\n>player p2 {\"name\":\"jarstimus q\",\"avatar\":\"skierf\",\"rating\":1541,\"seed\":\"sodium,6acd8afbc51d08160ee211cabcdd0492\"}\n>p1 switch 2\n>p2 move fakeout\n>p1 move closecombat\n>p2 switch 4\n>p1 switch 4\n>p2 move vcreate\n>p1 move earthquake\n>p2 switch 6\n>p1 switch 6\n>p2 move calmmind mega\n>p1 move toxic\n>p2 move dracometeor\n>p1 switch 2\n>p2 switch 4\n>p1 switch 4\n>p2 move fakeout\n>p1 move earthquake\n>p2 move healbell\n>p1 move closecombat\n>p2 move toxic\n>p2 switch 2\n>p1 move earthquake\n>p2 move magnetrise\n>p1 move closecombat\n>p2 move spikes\n>p1 move closecombat\n>p2 move playrough\n>p2 switch 4\n>p1 move rapidspin\n>p2 move calmmind\n>p1 switch 5\n>p1 move uturn\n>p2 move calmmind\n>p1 switch 2\n>p1 move toxic\n>p2 move dracometeor\n>p1 switch 2\n>p1 move toxic\n>p2 move roost\n>p1 move uturn\n>p2 move dracometeor\n>p1 switch 6\n>forcelose p2", "uploadtime": 1770913760, "views": 222, "formatid": "gen6randombattle", "rating": 1520, "private": 0, "password": null}