{"id": "gen6randombattle-2536861485", "format": "[Gen 6] Random Battle", "players": ["arboretums", "MaloDX"], "log": "|j|☆arboretums\n|j|☆MaloDX\n|t:|1770743484\n|gametype|singles\n|player|p1|arboretums|serena-masters2|1526\n|player|p2|MaloDX|2|1521\n|gen|6\n|tier|[Gen 6] Random Battle\n|rated|\n|rule|Sleep Clause Mod: Limit one foe put to sleep\n|rule|HP Percentage Mod: HP is shown in percentages\n|rule|Illusion Level Mod: Illusion disguises the Pokémon's true level\n|\n|t:|1770743484\n|teamsize|p1|6\n|teamsize|p2|6\n|start\n|switch|p1a: Stoutland|Stoutland, L85, F|283/283\n|switch|p2a: Musharna|Musharna, L88, M|347/347\n|turn|1\n|inactive|Battle timer is ON: inactive players will automatically lose when time's up. (requested by arboretums)\n|j| billy zubat\n|\n|t:|1770743504\n|switch|p2a: Zapdos|Zapdos, L78|268/268\n|move|p1a: Stoutland|Crunch|p2a: Zapdos\n|-damage|p2a: Zapdos|158/268\n|\n|-heal|p2a: Zapdos|174/268|[from] item: Leftovers\n|upkeep\n|turn|2\n|\n|t:|1770743513\n|move|p2a: Zapdos|Discharge|p1a: Stoutland\n|-damage|p1a: Stoutland|193/283\n|-status|p1a: Stoutland|par\n|move|p1a: Stoutland|Crunch|p2a: Zapdos\n|-damage|p2a: Zapdos|64/268\n|\n|-heal|p2a: Zapdos|80/268|[from] item: Leftovers\n|upkeep\n|turn|3\n|\n|t:|1770743528\n|switch|p1a: Zapdos|Zapdos, L78|268/268\n|move|p2a: Zapdos|Roost|p2a: Zapdos\n|-heal|p2a: Zapdos|214/268\n|-singleturn|p2a: Zapdos|move: Roost\n|\n|-heal|p2a: Zapdos|230/268|[from] item: Leftovers\n|upkeep\n|turn|4\n|\n|t:|1770743541\n|switch|p2a: Musharna|Musharna, L88, M|347/347\n|move|p1a: Zapdos|Discharge|p2a: Musharna\n|-damage|p2a: Musharna|271/347\n|\n|-heal|p2a: Musharna|292/347|[from] item: Leftovers\n|upkeep\n|turn|5\n|\n|t:|1770743554\n|move|p1a: Zapdos|Toxic|p2a: Musharna\n|-status|p2a: Musharna|tox\n|-activate|p2a: Musharna|ability: Synchronize\n|-status|p1a: Zapdos|tox\n|move|p2a: Musharna|Calm Mind|p2a: Musharna\n|-boost|p2a: Musharna|spa|1\n|-boost|p2a: Musharna|spd|1\n|\n|-heal|p2a: Musharna|313/347 tox|[from] item: Leftovers\n|-damage|p1a: Zapdos|252/268 tox|[from] psn\n|-damage|p2a: Musharna|292/347 tox|[from] psn\n|upkeep\n|turn|6\n|\n|t:|1770743564\n|switch|p1a: Stoutland|Stoutland, L85, F|193/283 par\n|move|p2a: Musharna|Psyshock|p1a: Stoutland\n|-damage|p1a: Stoutland|43/283 par\n|\n|-heal|p2a: Musharna|313/347 tox|[from] item: Leftovers\n|-damage|p2a: Musharna|271/347 tox|[from] psn\n|upkeep\n|turn|7\n|\n|t:|1770743569\n|move|p2a: Musharna|Psyshock|p1a: Stoutland\n|-damage|p1a: Stoutland|0 fnt\n|faint|p1a: Stoutland\n|\n|-heal|p2a: Musharna|292/347 tox|[from] item: Leftovers\n|-damage|p2a: Musharna|229/347 tox|[from] psn\n|upkeep\n|\n|t:|1770743584\n|switch|p1a: Zapdos|Zapdos, L78|252/268 tox\n|turn|8\n|\n|t:|1770743590\n|switch|p2a: Golurk|Golurk, L83|283/283\n|move|p1a: Zapdos|Discharge|p2a: Golurk\n|-immune|p2a: Golurk\n|\n|-heal|p1a: Zapdos|268/268 tox|[from] item: Leftovers\n|-damage|p1a: Zapdos|252/268 tox|[from] psn\n|upkeep\n|turn|9\n|\n|t:|1770743594\n|switch|p2a: Musharna|Musharna, L88, M|229/347 tox\n|move|p1a: Zapdos|Toxic|p2a: Musharna\n|-fail|p2a: Musharna|tox\n|\n|-heal|p1a: Zapdos|268/268 tox|[from] item: Leftovers\n|-heal|p2a: Musharna|250/347 tox|[from] item: Leftovers\n|-damage|p1a: Zapdos|236/268 tox|[from] psn\n|-damage|p2a: Musharna|229/347 tox|[from] psn\n|upkeep\n|turn|10\n|\n|t:|1770743601\n|move|p1a: Zapdos|Discharge|p2a: Musharna\n|-damage|p2a: Musharna|145/347 tox\n|move|p2a: Musharna|Calm Mind|p2a: Musharna\n|-boost|p2a: Musharna|spa|1\n|-boost|p2a: Musharna|spd|1\n|\n|-heal|p1a: Zapdos|252/268 tox|[from] item: Leftovers\n|-heal|p2a: Musharna|166/347 tox|[from] item: Leftovers\n|-damage|p1a: Zapdos|204/268 tox|[from] psn\n|-damage|p2a: Musharna|124/347 tox|[from] psn\n|upkeep\n|turn|11\n|\n|t:|1770743614\n|move|p1a: Zapdos|Discharge|p2a: Musharna\n|-crit|p2a: Musharna\n|-damage|p2a: Musharna|0 fnt\n|faint|p2a: Musharna\n|\n|-heal|p1a: Zapdos|220/268 tox|[from] item: Leftovers\n|-damage|p1a: Zapdos|156/268 tox|[from] psn\n|upkeep\n|\n|t:|1770743639\n|switch|p2a: Golurk|Golurk, L83|283/283\n|turn|12\n|\n|t:|1770743646\n|move|p1a: Zapdos|Toxic|p2a: Golurk\n|-status|p2a: Golurk|tox\n|move|p2a: Golurk|Stealth Rock|p1a: Zapdos\n|-sidestart|p1: arboretums|move: Stealth Rock\n|\n|-heal|p1a: Zapdos|172/268 tox|[from] item: Leftovers\n|-damage|p1a: Zapdos|92/268 tox|[from] psn\n|-damage|p2a: Golurk|266/283 tox|[from] psn\n|upkeep\n|turn|13\n|\n|t:|1770743650\n|move|p1a: Zapdos|Defog|p2a: Golurk\n|-unboost|p2a: Golurk|evasion|1\n|-sideend|p1: arboretums|Stealth Rock|[from] move: Defog|[of] p1a: Zapdos\n|move|p2a: Golurk|Ice Punch|p1a: Zapdos\n|-supereffective|p1a: Zapdos\n|-damage|p1a: Zapdos|0 fnt\n|faint|p1a: Zapdos\n|-damage|p2a: Golurk|238/283 tox|[from] item: Life Orb\n|\n|-damage|p2a: Golurk|204/283 tox|[from] psn\n|upkeep\n|\n|t:|1770743661\n|switch|p1a: Sawk|Sawk, L84, M|263/263\n|turn|14\n|\n|t:|1770743667\n|move|p1a: Sawk|Bulk Up|p1a: Sawk\n|-boost|p1a: Sawk|atk|1\n|-boost|p1a: Sawk|def|1\n|move|p2a: Golurk|Dynamic Punch|p1a: Sawk\n|-damage|p1a: Sawk|185/263\n|-start|p1a: Sawk|confusion\n|-damage|p2a: Golurk|176/283 tox|[from] item: Life Orb\n|\n|-heal|p1a: Sawk|201/263|[from] item: Leftovers\n|-damage|p2a: Golurk|125/283 tox|[from] psn\n|upkeep\n|turn|15\n|\n|t:|1770743670\n|-activate|p1a: Sawk|confusion\n|move|p1a: Sawk|Knock Off|p2a: Golurk\n|-supereffective|p2a: Golurk\n|-damage|p2a: Golurk|0 fnt\n|-enditem|p2a: Golurk|Life Orb|[from] move: Knock Off|[of] p1a: Sawk\n|faint|p2a: Golurk\n|\n|-heal|p1a: Sawk|217/263|[from] item: Leftovers\n|upkeep\n|\n|t:|1770743680\n|switch|p2a: Zapdos|Zapdos, L78|230/268\n|turn|16\n|\n|t:|1770743684\n|move|p2a: Zapdos|Discharge|p1a: Sawk\n|-damage|p1a: Sawk|120/263\n|-activate|p1a: Sawk|confusion\n|-damage|p1a: Sawk|84/263|[from] confusion\n|\n|-heal|p2a: Zapdos|246/268|[from] item: Leftovers\n|-heal|p1a: Sawk|100/263|[from] item: Leftovers\n|upkeep\n|turn|17\n|\n|t:|1770743688\n|move|p2a: Zapdos|Discharge|p1a: Sawk\n|-damage|p1a: Sawk|7/263\n|-activate|p1a: Sawk|confusion\n|move|p1a: Sawk|Knock Off|p2a: Zapdos\n|-damage|p2a: Zapdos|99/268\n|-enditem|p2a: Zapdos|Leftovers|[from] move: Knock Off|[of] p1a: Sawk\n|\n|-heal|p1a: Sawk|23/263|[from] item: Leftovers\n|upkeep\n|turn|18\n|\n|t:|1770743694\n|move|p2a: Zapdos|Discharge|p1a: Sawk\n|-damage|p1a: Sawk|0 fnt\n|faint|p1a: Sawk\n|\n|upkeep\n|\n|t:|1770743717\n|switch|p1a: Hariyama|Hariyama, L86, M|388/388\n|turn|19\n|\n|t:|1770743732\n|move|p2a: Zapdos|Discharge|p1a: Hariyama\n|-damage|p1a: Hariyama|309/388\n|-status|p1a: Hariyama|par\n|move|p1a: Hariyama|Stone Edge|p2a: Zapdos|[miss]\n|-miss|p1a: Hariyama|p2a: Zapdos\n|\n|upkeep\n|turn|20\n|\n|t:|1770743736\n|switch|p2a: Beedrill|Beedrill, L77, F|227/227\n|move|p1a: Hariyama|Stone Edge|p2a: Beedrill\n|-supereffective|p2a: Beedrill\n|-damage|p2a: Beedrill|0 fnt\n|faint|p2a: Beedrill\n|\n|upkeep\n|\n|t:|1770743742\n|switch|p2a: Swellow|Swellow, L81, M|230/230\n|turn|21\n|c|☆arboretums|Nice\n|\n|t:|1770743746\n|move|p2a: Swellow|Brave Bird|p1a: Hariyama\n|-supereffective|p1a: Hariyama\n|-damage|p1a: Hariyama|21/388 par\n|-damage|p2a: Swellow|135/230|[from] Recoil\n|cant|p1a: Hariyama|par\n|\n|-status|p2a: Swellow|tox|[from] item: Toxic Orb\n|upkeep\n|turn|22\n|c|☆arboretums|Nice\n|\n|t:|1770743754\n|move|p2a: Swellow|Quick Attack|p1a: Hariyama\n|-damage|p1a: Hariyama|0 fnt\n|faint|p1a: Hariyama\n|\n|-damage|p2a: Swellow|121/230 tox|[from] psn\n|upkeep\n|\n|t:|1770743757\n|switch|p1a: Noctowl|Noctowl, L95, F|344/344\n|turn|23\n|\n|t:|1770743762\n|move|p2a: Swellow|Facade|p1a: Noctowl\n|-damage|p1a: Noctowl|89/344\n|move|p1a: Noctowl|Hyper Voice|p2a: Swellow\n|-crit|p2a: Swellow\n|-damage|p2a: Swellow|0 fnt\n|faint|p2a: Swellow\n|\n|-heal|p1a: Noctowl|110/344|[from] item: Leftovers\n|upkeep\n|\n|t:|1770743766\n|switch|p2a: Zapdos|Zapdos, L78|99/268\n|turn|24\n|\n|t:|1770743776\n|switch|p1a: Hypno|Hypno, L96, F|319/319\n|move|p2a: Zapdos|Discharge|p1a: Hypno\n|-damage|p1a: Hypno|255/319\n|-status|p1a: Hypno|par\n|\n|-heal|p1a: Hypno|274/319 par|[from] item: Leftovers\n|upkeep\n|turn|25\n|\n|t:|1770743786\n|switch|p2a: Hitmonchan|Hitmonchan, L86, M|226/226\n|move|p1a: Hypno|Toxic|p2a: Hitmonchan\n|-status|p2a: Hitmonchan|tox\n|\n|-heal|p1a: Hypno|293/319 par|[from] item: Leftovers\n|-damage|p2a: Hitmonchan|212/226 tox|[from] psn\n|upkeep\n|turn|26\n|\n|t:|1770743790\n|move|p2a: Hitmonchan|Bulk Up|p2a: Hitmonchan\n|-boost|p2a: Hitmonchan|atk|1\n|-boost|p2a: Hitmonchan|def|1\n|move|p1a: Hypno|Wish|p1a: Hypno\n|\n|-heal|p2a: Hitmonchan|226/226 tox|[from] item: Leftovers\n|-heal|p1a: Hypno|312/319 par|[from] item: Leftovers\n|-damage|p2a: Hitmonchan|198/226 tox|[from] psn\n|upkeep\n|turn|27\n|\n|t:|1770743796\n|move|p2a: Hitmonchan|Ice Punch|p1a: Hypno\n|-damage|p1a: Hypno|204/319 par\n|move|p1a: Hypno|Seismic Toss|p2a: Hitmonchan\n|-damage|p2a: Hitmonchan|102/226 tox\n|\n|-heal|p1a: Hypno|319/319 par|[from] move: Wish|[wisher] Hypno\n|-heal|p2a: Hitmonchan|116/226 tox|[from] item: Leftovers\n|-damage|p2a: Hitmonchan|74/226 tox|[from] psn\n|upkeep\n|turn|28\n|\n|t:|1770743803\n|move|p2a: Hitmonchan|Bulk Up|p2a: Hitmonchan\n|-boost|p2a: Hitmonchan|atk|1\n|-boost|p2a: Hitmonchan|def|1\n|move|p1a: Hypno|Seismic Toss|p2a: Hitmonchan\n|-damage|p2a: Hitmonchan|0 fnt\n|faint|p2a: Hitmonchan\n|\n|upkeep\n|\n|t:|1770743805\n|switch|p2a: Zapdos|Zapdos, L78|99/268\n|turn|29\n|\n|t:|1770743810\n|move|p2a: Zapdos|Discharge|p1a: Hypno\n|-damage|p1a: Hypno|253/319 par\n|move|p1a: Hypno|Toxic|p2a: Zapdos\n|-status|p2a: Zapdos|tox\n|\n|-heal|p1a: Hypno|272/319 par|[from] item: Leftovers\n|-damage|p2a: Zapdos|83/268 tox|[from] psn\n|upkeep\n|turn|30\n|-message|MaloDX forfeited.\n|\n|win|arboretums\n|raw|arboretums's rating: 1526 &rarr; <strong>1546</strong><br />(+20 for winning)\n|raw|MaloDX's rating: 1521 &rarr; <strong>1501</strong><br />(-20 for losing)\n|l|☆MaloDX\n|player|p2|\n", "inputlog": ">version ccdc32dd7cde25fd9e4bed64820e885f66e78a4e\n>start {\"formatid\":\"gen6randombattle\",\"seed\":\"sodium,5c1d155954858efdeb3135f9342f8dff\",\"rated\":\"Rated battle\"}\n>player p1 {\"name\":\"arboretums\",\"avatar\":\"serena-masters2\",\"rating\":1526,\"seed\":\"sodium,998b45a3a55b875ed997718e9791e2e4\"}\n>player p2 {\"name\":\"MaloDX\",\"avatar\":\"2\",\"rating\":1521,\"seed\":\"sodium,58fb45f4ec08ae81f5995190332aad3c\"}\n>p1 move crunch\n>p2 switch 4\n>p1 move crunch\n>p2 move discharge\n>p1 switch 6\n>p2 move roost\n>p1 move discharge\n>p2 switch 4\n>p1 move toxic\n>p2 move calmmind\n>p1 switch 6\n>p2 move psyshock\n>p1 move facade\n>p2 move psyshock\n>p1 switch 6\n>p1 move discharge\n>p2 switch 5\n>p1 move toxic\n>p2 switch 5\n>p1 move discharge\n>p2 move calmmind\n>p1 move discharge\n>p2 move psyshock\n>p2 switch 5\n>p1 move toxic\n>p2 move stealthrock\n>p1 move defog\n>p2 move icepunch\n>p1 switch 2\n>p1 move bulkup\n>p2 move dynamicpunch\n>p1 move knockoff\n>p2 move stealthrock\n>p2 switch 4\n>p1 move knockoff\n>p2 move discharge\n>p1 move knockoff\n>p2 move discharge\n>p1 move closecombat\n>p2 move discharge\n>p1 switch 3\n>p1 move stoneedge\n>p2 move discharge\n>p1 move stoneedge\n>p2 switch 2\n>p2 switch 6\n>chat ☆arboretums|Nice\n>p1 move closecombat\n>p2 move bravebird\n>chat ☆arboretums|Nice\n>p1 move closecombat\n>p2 move quickattack\n>p1 switch 5\n>p1 move hypervoice\n>p2 move facade\n>p2 switch 2\n>p1 switch 4\n>p2 move discharge\n>p1 move toxic\n>p2 switch 3\n>p1 move wish\n>p2 move bulkup\n>p1 move seismictoss\n>p2 move icepunch\n>p1 move seismictoss\n>p2 move bulkup\n>p2 switch 3\n>p1 move toxic\n>p2 move discharge\n>forcelose p2", "uploadtime": 1770743815, "views": 218, "formatid": "gen6randombattle", "rating": 1501, "private": 0, "password": null}