{"id": "gen6randombattle-2521830000", "format": "[Gen 6] Random Battle", "players": ["mandypuff", "Enzopapro"], "log": "|j|☆mandypuff\n|j|☆Enzopapro\n|t:|1768831277\n|gametype|singles\n|player|p1|mandypuff|nurse|1502\n|player|p2|Enzopapro|caitlin|1596\n|gen|6\n|tier|[Gen 6] Random Battle\n|rated|\n|rule|Sleep Clause Mod: Limit one foe put to sleep\n|rule|HP Percentage Mod: HP is shown in percentages\n|rule|Illusion Level Mod: Illusion disguises the Pokémon's true level\n|\n|t:|1768831277\n|teamsize|p1|6\n|teamsize|p2|6\n|start\n|switch|p1a: Tornadus|Tornadus, L82, M|263/263\n|switch|p2a: Cresselia|Cresselia, L80, F|323/323\n|turn|1\n|inactive|Battle timer is ON: inactive players will automatically lose when time's up. (requested by mandypuff)\n|\n|t:|1768831286\n|move|p1a: Tornadus|Knock Off|p2a: Cresselia\n|-supereffective|p2a: Cresselia\n|-damage|p2a: Cresselia|184/323\n|-enditem|p2a: Cresselia|Leftovers|[from] move: Knock Off|[of] p1a: Tornadus\n|move|p2a: Cresselia|Psyshock|p1a: Tornadus\n|-damage|p1a: Tornadus|182/263\n|\n|upkeep\n|turn|2\n|\n|t:|1768831293\n|move|p1a: Tornadus|U-turn|p2a: Cresselia\n|-supereffective|p2a: Cresselia\n|-damage|p2a: Cresselia|78/323\n|\n|t:|1768831298\n|switch|p1a: Durant|Durant, L79, F|221/221|[from] U-turn\n|move|p2a: Cresselia|Moonlight|p2a: Cresselia\n|-heal|p2a: Cresselia|239/323\n|\n|upkeep\n|turn|3\n|\n|t:|1768831305\n|switch|p2a: Murkrow|Murkrow, L90, M|254/254\n|move|p1a: Durant|Hone Claws|p1a: Durant\n|-boost|p1a: Durant|atk|1\n|-boost|p1a: Durant|accuracy|1\n|\n|upkeep\n|turn|4\n|\n|t:|1768831312\n|switch|p1a: Emolga|Emolga, L88, F|239/239\n|move|p2a: Murkrow|Thunder Wave|p1a: Emolga\n|-ability|p1a: Emolga|Motor Drive|boost\n|-boost|p1a: Emolga|spe|1\n|\n|upkeep\n|turn|5\n|\n|t:|1768831323\n|switch|p2a: Ambipom|Ambipom, L83, M|260/260\n|move|p1a: Emolga|Nuzzle|p2a: Ambipom\n|-damage|p2a: Ambipom|233/260\n|-status|p2a: Ambipom|par\n|\n|upkeep\n|turn|6\n|\n|t:|1768831330\n|move|p1a: Emolga|Acrobatics|p2a: Ambipom\n|-damage|p2a: Ambipom|101/260 par\n|move|p2a: Ambipom|U-turn|p1a: Emolga\n|-resisted|p1a: Emolga\n|-damage|p1a: Emolga|209/239\n|\n|t:|1768831339\n|switch|p2a: Chatot|Chatot, L86, F|271/271|[from] U-turn\n|\n|upkeep\n|turn|7\n|\n|t:|1768831343\n|move|p1a: Emolga|Nuzzle|p2a: Chatot\n|-supereffective|p2a: Chatot\n|-damage|p2a: Chatot|215/271\n|-status|p2a: Chatot|par\n|move|p2a: Chatot|Boomburst|p1a: Emolga\n|-damage|p1a: Emolga|0 fnt\n|faint|p1a: Emolga\n|\n|upkeep\n|\n|t:|1768831352\n|switch|p1a: Tornadus|Tornadus, L82, M|182/263\n|turn|8\n|\n|t:|1768831356\n|move|p1a: Tornadus|Hurricane|p2a: Chatot\n|-damage|p2a: Chatot|7/271 par\n|cant|p2a: Chatot|par\n|\n|upkeep\n|turn|9\n|\n|t:|1768831361\n|move|p1a: Tornadus|U-turn|p2a: Chatot\n|-resisted|p2a: Chatot\n|-damage|p2a: Chatot|0 fnt\n|faint|p2a: Chatot\n|\n|t:|1768831365\n|switch|p1a: Durant|Durant, L79, F|221/221|[from] U-turn\n|\n|upkeep\n|\n|t:|1768831373\n|switch|p2a: Genesect|Genesect, L72|221/221\n|-ability|p2a: Genesect|Download|boost\n|-boost|p2a: Genesect|spa|1\n|turn|10\n|\n|t:|1768831381\n|switch|p1a: Golduck|Golduck, L90, F|290/290\n|-ability|p1a: Golduck|Cloud Nine\n|move|p2a: Genesect|Shift Gear|p2a: Genesect\n|-boost|p2a: Genesect|spe|2\n|-boost|p2a: Genesect|atk|1\n|\n|upkeep\n|turn|11\n|\n|t:|1768831388\n|move|p2a: Genesect|X-Scissor|p1a: Golduck\n|-damage|p1a: Golduck|134/290\n|-damage|p2a: Genesect|199/221|[from] item: Life Orb\n|move|p1a: Golduck|Encore|p2a: Genesect\n|-start|p2a: Genesect|Encore\n|\n|upkeep\n|turn|12\n|\n|t:|1768831392\n|switch|p1a: Durant|Durant, L79, F|221/221\n|move|p2a: Genesect|X-Scissor|p1a: Durant\n|-resisted|p1a: Durant\n|-damage|p1a: Durant|155/221\n|-damage|p2a: Genesect|177/221|[from] item: Life Orb\n|\n|upkeep\n|turn|13\n|\n|t:|1768831395\n|switch|p2a: Murkrow|Murkrow, L90, M|254/254\n|move|p1a: Durant|Hone Claws|p1a: Durant\n|-boost|p1a: Durant|atk|1\n|-boost|p1a: Durant|accuracy|1\n|\n|upkeep\n|turn|14\n|\n|t:|1768831401\n|move|p2a: Murkrow|Thunder Wave|p1a: Durant\n|-status|p1a: Durant|par\n|move|p1a: Durant|Superpower|p2a: Murkrow\n|-damage|p2a: Murkrow|0 fnt\n|-unboost|p1a: Durant|atk|1\n|-unboost|p1a: Durant|def|1\n|faint|p2a: Murkrow\n|-damage|p1a: Durant|133/221 par|[from] item: Life Orb\n|\n|upkeep\n|\n|t:|1768831408\n|switch|p2a: Genesect|Genesect, L72|177/221\n|-ability|p2a: Genesect|Download|boost\n|-boost|p2a: Genesect|spa|1\n|turn|15\n|\n|t:|1768831412\n|move|p2a: Genesect|Blaze Kick|p1a: Durant|[miss]\n|-miss|p2a: Genesect|p1a: Durant\n|cant|p1a: Durant|par\n|\n|upkeep\n|turn|16\n|\n|t:|1768831417\n|move|p2a: Genesect|Shift Gear|p2a: Genesect\n|-boost|p2a: Genesect|spe|2\n|-boost|p2a: Genesect|atk|1\n|move|p1a: Durant|Superpower|p2a: Genesect\n|-damage|p2a: Genesect|0 fnt\n|-unboost|p1a: Durant|atk|1\n|-unboost|p1a: Durant|def|1\n|faint|p2a: Genesect\n|-damage|p1a: Durant|111/221 par|[from] item: Life Orb\n|\n|upkeep\n|\n|t:|1768831420\n|switch|p2a: Cresselia|Cresselia, L80, F|239/323\n|turn|17\n|\n|t:|1768831424\n|move|p2a: Cresselia|Moonblast|p1a: Durant\n|-resisted|p1a: Durant\n|-damage|p1a: Durant|69/221 par\n|move|p1a: Durant|X-Scissor|p2a: Cresselia\n|-supereffective|p2a: Cresselia\n|-damage|p2a: Cresselia|73/323\n|-damage|p1a: Durant|47/221 par|[from] item: Life Orb\n|\n|upkeep\n|turn|18\n|\n|t:|1768831428\n|move|p2a: Cresselia|Moonlight|p2a: Cresselia\n|-heal|p2a: Cresselia|234/323\n|cant|p1a: Durant|par\n|\n|upkeep\n|turn|19\n|\n|t:|1768831432\n|move|p2a: Cresselia|Moonblast|p1a: Durant\n|-resisted|p1a: Durant\n|-damage|p1a: Durant|7/221 par\n|-unboost|p1a: Durant|spa|1\n|cant|p1a: Durant|par\n|\n|upkeep\n|turn|20\n|\n|t:|1768831438\n|move|p2a: Cresselia|Moonblast|p1a: Durant\n|-resisted|p1a: Durant\n|-damage|p1a: Durant|0 fnt\n|faint|p1a: Durant\n|\n|upkeep\n|\n|t:|1768831442\n|switch|p1a: Tornadus|Tornadus, L82, M|182/263\n|turn|21\n|\n|t:|1768831446\n|move|p1a: Tornadus|Hurricane|p2a: Cresselia\n|-damage|p2a: Cresselia|125/323\n|move|p2a: Cresselia|Moonlight|p2a: Cresselia\n|-heal|p2a: Cresselia|286/323\n|\n|upkeep\n|turn|22\n|\n|t:|1768831451\n|move|p1a: Tornadus|Hurricane|p2a: Cresselia|[miss]\n|-miss|p1a: Tornadus|p2a: Cresselia\n|move|p2a: Cresselia|Psyshock|p1a: Tornadus\n|-damage|p1a: Tornadus|98/263\n|\n|upkeep\n|turn|23\n|\n|t:|1768831454\n|move|p1a: Tornadus|Hurricane|p2a: Cresselia|[miss]\n|-miss|p1a: Tornadus|p2a: Cresselia\n|move|p2a: Cresselia|Psyshock|p1a: Tornadus\n|-damage|p1a: Tornadus|26/263\n|\n|upkeep\n|turn|24\n|\n|t:|1768831457\n|move|p1a: Tornadus|Hurricane|p2a: Cresselia\n|-damage|p2a: Cresselia|178/323\n|move|p2a: Cresselia|Psyshock|p1a: Tornadus\n|-damage|p1a: Tornadus|0 fnt\n|faint|p1a: Tornadus\n|\n|upkeep\n|\n|t:|1768831468\n|switch|p1a: Wormadam|Wormadam-Sandy, L90, F|254/254\n|turn|25\n|\n|t:|1768831472\n|switch|p2a: Ambipom|Ambipom, L83, M|101/260 par\n|move|p1a: Wormadam|Toxic||[still]\n|-fail|p1a: Wormadam\n|\n|upkeep\n|turn|26\n|\n|t:|1768831476\n|move|p2a: Ambipom|Fake Out|p1a: Wormadam\n|-damage|p1a: Wormadam|188/254\n|cant|p1a: Wormadam|flinch\n|\n|-heal|p1a: Wormadam|203/254|[from] item: Leftovers\n|upkeep\n|turn|27\n|\n|t:|1768831480\n|move|p1a: Wormadam|Earthquake|p2a: Ambipom\n|-damage|p2a: Ambipom|0 fnt\n|faint|p2a: Ambipom\n|\n|-heal|p1a: Wormadam|218/254|[from] item: Leftovers\n|upkeep\n|\n|t:|1768831495\n|switch|p2a: Cresselia|Cresselia, L80, F|178/323\n|turn|28\n|\n|t:|1768831498\n|move|p2a: Cresselia|Psyshock|p1a: Wormadam\n|-damage|p1a: Wormadam|163/254\n|move|p1a: Wormadam|Toxic|p2a: Cresselia\n|-status|p2a: Cresselia|tox\n|\n|-heal|p1a: Wormadam|178/254|[from] item: Leftovers\n|-damage|p2a: Cresselia|158/323 tox|[from] psn\n|upkeep\n|turn|29\n|\n|t:|1768831504\n|move|p1a: Wormadam|Protect|p1a: Wormadam\n|-singleturn|p1a: Wormadam|Protect\n|move|p2a: Cresselia|Psyshock|p1a: Wormadam\n|-activate|p1a: Wormadam|move: Protect\n|\n|-heal|p1a: Wormadam|193/254|[from] item: Leftovers\n|-damage|p2a: Cresselia|118/323 tox|[from] psn\n|upkeep\n|turn|30\n|\n|t:|1768831507\n|move|p2a: Cresselia|Psyshock|p1a: Wormadam\n|-damage|p1a: Wormadam|141/254\n|move|p1a: Wormadam|Stealth Rock|p2a: Cresselia\n|-sidestart|p2: Enzopapro|move: Stealth Rock\n|\n|-heal|p1a: Wormadam|156/254|[from] item: Leftovers\n|-damage|p2a: Cresselia|58/323 tox|[from] psn\n|upkeep\n|turn|31\n|\n|t:|1768831512\n|switch|p1a: Golduck|Golduck, L90, F|134/290\n|-ability|p1a: Golduck|Cloud Nine\n|move|p2a: Cresselia|Moonlight|p2a: Cresselia\n|-heal|p2a: Cresselia|219/323 tox\n|\n|-damage|p2a: Cresselia|139/323 tox|[from] psn\n|upkeep\n|turn|32\n|\n|t:|1768831518\n|switch|p2a: Wobbuffet|Wobbuffet, L93, F|504/504\n|-damage|p2a: Wobbuffet|441/504|[from] Stealth Rock\n|move|p1a: Golduck|Encore||[still]\n|-fail|p1a: Golduck\n|\n|upkeep\n|turn|33\n|\n|t:|1768831525\n|move|p1a: Golduck|Encore||[still]\n|-fail|p1a: Golduck\n|move|p2a: Wobbuffet|Mirror Coat||[still]\n|-fail|p2a: Wobbuffet\n|\n|upkeep\n|turn|34\n|\n|t:|1768831528\n|move|p1a: Golduck|Encore|p2a: Wobbuffet\n|-start|p2a: Wobbuffet|Encore\n|move|p2a: Wobbuffet|Mirror Coat||[still]\n|-fail|p2a: Wobbuffet\n|\n|upkeep\n|turn|35\n|\n|t:|1768831532\n|move|p1a: Golduck|Hydro Pump|p2a: Wobbuffet\n|-damage|p2a: Wobbuffet|229/504\n|-damage|p1a: Golduck|105/290|[from] item: Life Orb\n|move|p2a: Wobbuffet|Mirror Coat|p1a: Golduck\n|-damage|p1a: Golduck|0 fnt\n|faint|p1a: Golduck\n|\n|upkeep\n|\n|t:|1768831536\n|switch|p1a: Wormadam|Wormadam-Sandy, L90, F|156/254\n|turn|36\n|\n|t:|1768831538\n|switch|p2a: Cresselia|Cresselia, L80, F|139/323 tox\n|-damage|p2a: Cresselia|99/323 tox|[from] Stealth Rock\n|move|p1a: Wormadam|Earthquake|p2a: Cresselia\n|-immune|p2a: Cresselia|[from] ability: Levitate\n|\n|-heal|p1a: Wormadam|171/254|[from] item: Leftovers\n|-damage|p2a: Cresselia|79/323 tox|[from] psn\n|upkeep\n|turn|37\n|\n|t:|1768831544\n|move|p1a: Wormadam|Protect|p1a: Wormadam\n|-singleturn|p1a: Wormadam|Protect\n|move|p2a: Cresselia|Moonlight|p2a: Cresselia\n|-heal|p2a: Cresselia|240/323 tox\n|\n|-heal|p1a: Wormadam|186/254|[from] item: Leftovers\n|-damage|p2a: Cresselia|200/323 tox|[from] psn\n|upkeep\n|turn|38\n|\n|t:|1768831551\n|move|p2a: Cresselia|Moonblast|p1a: Wormadam\n|-damage|p1a: Wormadam|133/254\n|move|p1a: Wormadam|Earthquake|p2a: Cresselia\n|-immune|p2a: Cresselia|[from] ability: Levitate\n|\n|-heal|p1a: Wormadam|148/254|[from] item: Leftovers\n|-damage|p2a: Cresselia|140/323 tox|[from] psn\n|upkeep\n|turn|39\n|\n|t:|1768831557\n|move|p1a: Wormadam|Protect|p1a: Wormadam\n|-singleturn|p1a: Wormadam|Protect\n|move|p2a: Cresselia|Moonlight|p2a: Cresselia\n|-heal|p2a: Cresselia|301/323 tox\n|\n|-heal|p1a: Wormadam|163/254|[from] item: Leftovers\n|-damage|p2a: Cresselia|221/323 tox|[from] psn\n|upkeep\n|turn|40\n|\n|t:|1768831565\n|switch|p1a: Chansey|Chansey, L86, F|570/570\n|move|p2a: Cresselia|Moonblast|p1a: Chansey\n|-damage|p1a: Chansey|541/570\n|\n|-damage|p2a: Cresselia|121/323 tox|[from] psn\n|upkeep\n|turn|41\n|\n|t:|1768831571\n|switch|p1a: Wormadam|Wormadam-Sandy, L90, F|163/254\n|move|p2a: Cresselia|Psyshock|p1a: Wormadam\n|-damage|p1a: Wormadam|114/254\n|\n|-heal|p1a: Wormadam|129/254|[from] item: Leftovers\n|-damage|p2a: Cresselia|1/323 tox|[from] psn\n|upkeep\n|turn|42\n|\n|t:|1768831580\n|move|p1a: Wormadam|Protect|p1a: Wormadam\n|-singleturn|p1a: Wormadam|Protect\n|move|p2a: Cresselia|Psyshock|p1a: Wormadam\n|-activate|p1a: Wormadam|move: Protect\n|\n|-heal|p1a: Wormadam|144/254|[from] item: Leftovers\n|-damage|p2a: Cresselia|0 fnt|[from] psn\n|faint|p2a: Cresselia\n|upkeep\n|\n|t:|1768831582\n|switch|p2a: Wobbuffet|Wobbuffet, L93, F|229/504\n|-damage|p2a: Wobbuffet|166/504|[from] Stealth Rock\n|turn|43\n|\n|t:|1768831586\n|move|p1a: Wormadam|Toxic|p2a: Wobbuffet\n|-status|p2a: Wobbuffet|tox\n|move|p2a: Wobbuffet|Encore|p1a: Wormadam\n|-start|p1a: Wormadam|Encore\n|\n|-heal|p1a: Wormadam|159/254|[from] item: Leftovers\n|-damage|p2a: Wobbuffet|135/504 tox|[from] psn\n|upkeep\n|turn|44\n|\n|t:|1768831589\n|move|p1a: Wormadam|Toxic|p2a: Wobbuffet\n|-fail|p2a: Wobbuffet|tox\n|move|p2a: Wobbuffet|Destiny Bond|p2a: Wobbuffet\n|-singlemove|p2a: Wobbuffet|Destiny Bond\n|\n|-heal|p1a: Wormadam|174/254|[from] item: Leftovers\n|-damage|p2a: Wobbuffet|73/504 tox|[from] psn\n|upkeep\n|turn|45\n|-enditem|p2a: Wobbuffet|Custap Berry|[eat]\n|-activate|p2a: Wobbuffet|item: Custap Berry|[consumed]\n|\n|t:|1768831592\n|move|p2a: Wobbuffet|Destiny Bond|p2a: Wobbuffet\n|-singlemove|p2a: Wobbuffet|Destiny Bond\n|move|p1a: Wormadam|Toxic|p2a: Wobbuffet\n|-fail|p2a: Wobbuffet|tox\n|\n|-heal|p1a: Wormadam|189/254|[from] item: Leftovers\n|-damage|p2a: Wobbuffet|0 fnt|[from] psn\n|faint|p2a: Wobbuffet\n|\n|win|mandypuff\n|raw|mandypuff's rating: 1502 &rarr; <strong>1527</strong><br />(+25 for winning)\n|raw|Enzopapro's rating: 1596 &rarr; <strong>1571</strong><br />(-25 for losing)\n|l|☆Enzopapro\n|player|p2|\n", "inputlog": ">version 3bd1a1e329da8d286644078cfc9a9638fc7ea025\n>start {\"formatid\":\"gen6randombattle\",\"seed\":\"sodium,16b71140c2f872e23a681e465a27ce83\",\"rated\":\"Rated battle\"}\n>player p1 {\"name\":\"mandypuff\",\"avatar\":\"nurse\",\"rating\":1502,\"seed\":\"sodium,d5ea46dcc21f7db8638cf422ecb5f1d7\"}\n>player p2 {\"name\":\"Enzopapro\",\"avatar\":\"caitlin\",\"rating\":1596,\"seed\":\"sodium,5467e9fd2a47a5fef8a885599399a9fb\"}\n>p1 move knockoff\n>p2 move psyshock\n>p1 move uturn\n>p2 move moonlight\n>p1 switch 5\n>p1 move honeclaws\n>p2 switch 4\n>p1 switch 3\n>p2 move thunderwave\n>p1 move nuzzle\n>p2 switch 2\n>p1 move acrobatics\n>p2 move uturn\n>p2 switch 3\n>p1 move nuzzle\n>p2 move boomburst\n>p1 switch 5\n>p1 move hurricane\n>p2 move boomburst\n>p1 move uturn\n>p2 move boomburst\n>p1 switch 3\n>p2 switch 5\n>p1 switch 2\n>p2 move shiftgear\n>p1 move encore\n>p2 move xscissor\n>p1 switch 2\n>p2 move xscissor\n>p1 move honeclaws\n>p2 switch 2\n>p1 move superpower\n>p2 move thunderwave\n>p2 switch 2\n>p1 move superpower\n>p2 move blazekick\n>p1 move superpower\n>p2 move shiftgear\n>p2 switch 4\n>p1 move xscissor\n>p2 move moonblast\n>p1 move xscissor\n>p2 move moonlight\n>p1 move xscissor\n>p2 move moonblast\n>p1 move xscissor\n>p2 move moonblast\n>p1 switch 3\n>p1 move hurricane\n>p2 move moonlight\n>p1 move hurricane\n>p2 move psyshock\n>p1 move hurricane\n>p2 move psyshock\n>p1 move hurricane\n>p2 move psyshock\n>p1 switch 6\n>p1 move toxic\n>p2 switch 3\n>p1 move earthquake\n>p2 move fakeout\n>p1 move earthquake\n>p2 move return\n>p2 switch 3\n>p1 move toxic\n>p2 move psyshock\n>p1 move protect\n>p2 move psyshock\n>p1 move stealthrock\n>p2 move psyshock\n>p1 switch 2\n>p2 move moonlight\n>p1 move encore\n>p2 switch 6\n>p1 move encore\n>p2 move mirrorcoat\n>p1 move encore\n>p2 move mirrorcoat\n>p1 move hydropump\n>p2 move mirrorcoat\n>p1 switch 2\n>p1 move earthquake\n>p2 switch 6\n>p1 move protect\n>p2 move moonlight\n>p1 move earthquake\n>p2 move moonblast\n>p1 move protect\n>p2 move moonlight\n>p1 switch 4\n>p2 move moonblast\n>p1 switch 4\n>p2 move psyshock\n>p1 move protect\n>p2 move psyshock\n>p2 switch 6\n>p1 move toxic\n>p2 move encore\n>p1 move toxic\n>p2 move destinybond\n>p1 move toxic\n>p2 move destinybond", "uploadtime": 1768831605, "views": 303, "formatid": "gen6randombattle", "rating": 1527, "private": 0, "password": null}