{"id": "gen6randombattle-2524516330", "format": "[Gen 6] Random Battle", "players": ["makkiapakkia", "mlungero"], "log": "|j|‽makkiapakkia\n|j|☆mlungero\n|t:|1769161868\n|gametype|singles\n|player|p1|makkiapakkia|266|1657\n|player|p2|mlungero|brock|1570\n|gen|6\n|tier|[Gen 6] Random Battle\n|rated|\n|rule|Sleep Clause Mod: Limit one foe put to sleep\n|rule|HP Percentage Mod: HP is shown in percentages\n|rule|Illusion Level Mod: Illusion disguises the Pokémon's true level\n|\n|t:|1769161868\n|teamsize|p1|6\n|teamsize|p2|6\n|start\n|switch|p1a: Tentacruel|Tentacruel, L83, F|268/268\n|switch|p2a: Hoopa|Hoopa-Unbound, L79|256/256\n|turn|1\n|\n|t:|1769161888\n|switch|p1a: Cresselia|Cresselia, L80, F|323/323\n|move|p2a: Hoopa|Psychic|p1a: Cresselia\n|-resisted|p1a: Cresselia\n|-damage|p1a: Cresselia|269/323\n|\n|upkeep\n|turn|2\n|\n|t:|1769161896\n|move|p1a: Cresselia|Thunder Wave|p2a: Hoopa\n|-status|p2a: Hoopa|par\n|move|p2a: Hoopa|Hyperspace Fury|p1a: Cresselia\n|-supereffective|p1a: Cresselia\n|-damage|p1a: Cresselia|23/323\n|-unboost|p2a: Hoopa|def|1\n|\n|upkeep\n|turn|3\n|\n|t:|1769161907\n|switch|p2a: Scolipede|Scolipede, L79, F|224/224\n|move|p1a: Cresselia|Moonblast|p2a: Scolipede\n|-resisted|p2a: Scolipede\n|-damage|p2a: Scolipede|190/224\n|-unboost|p2a: Scolipede|spa|1\n|\n|upkeep\n|turn|4\n|\n|t:|1769161917\n|switch|p1a: Hippowdon|Hippowdon, L81, M|308/308\n|-weather|Sandstorm|[from] ability: Sand Stream|[of] p1a: Hippowdon\n|move|p2a: Scolipede|Poison Jab|p1a: Hippowdon\n|-resisted|p1a: Hippowdon\n|-damage|p1a: Hippowdon|264/308\n|-damage|p2a: Scolipede|168/224|[from] item: Life Orb\n|\n|-weather|Sandstorm|[upkeep]\n|-damage|p2a: Scolipede|154/224|[from] Sandstorm\n|-heal|p1a: Hippowdon|283/308|[from] item: Leftovers\n|-ability|p2a: Scolipede|Speed Boost|boost\n|-boost|p2a: Scolipede|spe|1\n|upkeep\n|turn|5\n|\n|t:|1769161930\n|switch|p2a: Mantine|Mantine, L90, M|263/263\n|move|p1a: Hippowdon|Stealth Rock|p2a: Mantine\n|-sidestart|p2: mlungero|move: Stealth Rock\n|\n|-weather|Sandstorm|[upkeep]\n|-damage|p2a: Mantine|247/263|[from] Sandstorm\n|-heal|p1a: Hippowdon|302/308|[from] item: Leftovers\n|upkeep\n|turn|6\n|\n|t:|1769161939\n|move|p2a: Mantine|Scald|p1a: Hippowdon\n|-supereffective|p1a: Hippowdon\n|-damage|p1a: Hippowdon|90/308\n|move|p1a: Hippowdon|Stone Edge|p2a: Mantine\n|-supereffective|p2a: Mantine\n|-damage|p2a: Mantine|89/263\n|\n|-weather|Sandstorm|[upkeep]\n|-damage|p2a: Mantine|73/263|[from] Sandstorm\n|-heal|p1a: Hippowdon|109/308|[from] item: Leftovers\n|upkeep\n|turn|7\n|\n|t:|1769161957\n|move|p2a: Mantine|Scald|p1a: Hippowdon\n|-supereffective|p1a: Hippowdon\n|-damage|p1a: Hippowdon|0 fnt\n|faint|p1a: Hippowdon\n|\n|-weather|Sandstorm|[upkeep]\n|-damage|p2a: Mantine|57/263|[from] Sandstorm\n|upkeep\n|\n|t:|1769161971\n|switch|p1a: Tentacruel|Tentacruel, L83, F|268/268\n|turn|8\n|\n|t:|1769161976\n|move|p1a: Tentacruel|Knock Off|p2a: Mantine\n|-damage|p2a: Mantine|2/263\n|-enditem|p2a: Mantine|Chesto Berry|[from] move: Knock Off|[of] p1a: Tentacruel\n|move|p2a: Mantine|Rest|p2a: Mantine\n|-status|p2a: Mantine|slp|[from] move: Rest\n|-heal|p2a: Mantine|263/263 slp|[silent]\n|\n|-weather|none\n|upkeep\n|turn|9\n|inactive|Battle timer is ON: inactive players will automatically lose when time's up. (requested by makkiapakkia)\n|\n|t:|1769161991\n|switch|p1a: Cresselia|Cresselia, L80, F|23/323\n|cant|p2a: Mantine|slp\n|\n|upkeep\n|turn|10\n|\n|t:|1769161996\n|move|p1a: Cresselia|Moonlight|p1a: Cresselia\n|-heal|p1a: Cresselia|184/323\n|cant|p2a: Mantine|slp\n|\n|upkeep\n|turn|11\n|\n|t:|1769162002\n|move|p1a: Cresselia|Moonlight|p1a: Cresselia\n|-heal|p1a: Cresselia|323/323\n|-curestatus|p2a: Mantine|slp|[msg]\n|move|p2a: Mantine|Toxic|p1a: Cresselia\n|-status|p1a: Cresselia|tox\n|\n|-damage|p1a: Cresselia|303/323 tox|[from] psn\n|upkeep\n|turn|12\n|\n|t:|1769162012\n|move|p1a: Cresselia|Thunder Wave|p2a: Mantine\n|-status|p2a: Mantine|par\n|move|p2a: Mantine|Defog|p1a: Cresselia\n|-unboost|p1a: Cresselia|evasion|1\n|-sideend|p2: mlungero|Stealth Rock|[from] move: Defog|[of] p2a: Mantine\n|\n|-damage|p1a: Cresselia|263/323 tox|[from] psn\n|upkeep\n|turn|13\n|\n|t:|1769162026\n|switch|p2a: Hoopa|Hoopa-Unbound, L79|256/256 par\n|move|p1a: Cresselia|Moonblast|p2a: Hoopa\n|-supereffective|p2a: Hoopa\n|-damage|p2a: Hoopa|202/256 par\n|-unboost|p2a: Hoopa|spa|1\n|\n|-damage|p1a: Cresselia|203/323 tox|[from] psn\n|upkeep\n|turn|14\n|\n|t:|1769162038\n|switch|p1a: Mr. Mime|Mr. Mime, L89, F|216/216\n|move|p2a: Hoopa|Hyperspace Fury|p1a: Mr. Mime\n|-damage|p1a: Mr. Mime|62/216\n|-unboost|p2a: Hoopa|def|1\n|\n|upkeep\n|turn|15\n|\n|t:|1769162056\n|switch|p2a: Mantine|Mantine, L90, M|263/263 par\n|move|p1a: Mr. Mime|Healing Wish|p1a: Mr. Mime\n|faint|p1a: Mr. Mime\n|\n|upkeep\n|\n|t:|1769162061\n|switch|p1a: Cresselia|Cresselia, L80, F|203/323 tox\n|-heal|p1a: Cresselia|323/323|[from] move: Healing Wish\n|turn|16\n|\n|t:|1769162066\n|switch|p1a: Tentacruel|Tentacruel, L83, F|268/268\n|cant|p2a: Mantine|par\n|\n|upkeep\n|turn|17\n|\n|t:|1769162072\n|move|p1a: Tentacruel|Sludge Bomb|p2a: Mantine\n|-damage|p2a: Mantine|211/263 par\n|move|p2a: Mantine|Scald|p1a: Tentacruel\n|-resisted|p1a: Tentacruel\n|-crit|p1a: Tentacruel\n|-damage|p1a: Tentacruel|221/268\n|\n|-heal|p1a: Tentacruel|237/268|[from] item: Black Sludge\n|upkeep\n|turn|18\n|\n|t:|1769162090\n|move|p1a: Tentacruel|Sludge Bomb|p2a: Mantine\n|-damage|p2a: Mantine|162/263 par\n|move|p2a: Mantine|Scald|p1a: Tentacruel\n|-resisted|p1a: Tentacruel\n|-damage|p1a: Tentacruel|201/268\n|-status|p1a: Tentacruel|brn\n|\n|-heal|p1a: Tentacruel|217/268 brn|[from] item: Black Sludge\n|-damage|p1a: Tentacruel|184/268 brn|[from] brn\n|upkeep\n|turn|19\n|\n|t:|1769162099\n|move|p1a: Tentacruel|Sludge Bomb|p2a: Mantine\n|-damage|p2a: Mantine|108/263 par\n|move|p2a: Mantine|Scald|p1a: Tentacruel\n|-resisted|p1a: Tentacruel\n|-damage|p1a: Tentacruel|151/268 brn\n|\n|-heal|p1a: Tentacruel|167/268 brn|[from] item: Black Sludge\n|-damage|p1a: Tentacruel|134/268 brn|[from] brn\n|upkeep\n|turn|20\n|\n|t:|1769162108\n|switch|p1a: Armaldo|Armaldo, L88, M|275/275\n|move|p2a: Mantine|Rest|p2a: Mantine\n|-status|p2a: Mantine|slp|[from] move: Rest\n|-heal|p2a: Mantine|263/263 slp|[silent]\n|\n|upkeep\n|turn|21\n|\n|t:|1769162118\n|switch|p2a: Conkeldurr|Conkeldurr, L81, M|303/303\n|move|p1a: Armaldo|Stone Edge|p2a: Conkeldurr\n|-resisted|p2a: Conkeldurr\n|-damage|p2a: Conkeldurr|230/303\n|\n|upkeep\n|turn|22\n|\n|t:|1769162125\n|switch|p1a: Cresselia|Cresselia, L80, F|323/323\n|move|p2a: Conkeldurr|Knock Off|p1a: Cresselia\n|-supereffective|p1a: Cresselia\n|-damage|p1a: Cresselia|133/323\n|-damage|p2a: Conkeldurr|180/303|[from] item: Rocky Helmet|[of] p1a: Cresselia\n|-enditem|p1a: Cresselia|Rocky Helmet|[from] move: Knock Off|[of] p2a: Conkeldurr\n|-damage|p2a: Conkeldurr|150/303|[from] item: Life Orb\n|\n|upkeep\n|turn|23\n|\n|t:|1769162134\n|switch|p2a: Mantine|Mantine, L90, M|263/263 slp\n|move|p1a: Cresselia|Moonlight|p1a: Cresselia\n|-heal|p1a: Cresselia|294/323\n|\n|upkeep\n|turn|24\n|\n|t:|1769162140\n|switch|p1a: Armaldo|Armaldo, L88, M|275/275\n|cant|p2a: Mantine|slp\n|\n|upkeep\n|turn|25\n|\n|t:|1769162146\n|switch|p2a: Conkeldurr|Conkeldurr, L81, M|150/303\n|move|p1a: Armaldo|Stone Edge|p2a: Conkeldurr\n|-resisted|p2a: Conkeldurr\n|-damage|p2a: Conkeldurr|81/303\n|\n|upkeep\n|turn|26\n|\n|t:|1769162156\n|move|p1a: Armaldo|Earthquake|p2a: Conkeldurr\n|-damage|p2a: Conkeldurr|0 fnt\n|faint|p2a: Conkeldurr\n|\n|upkeep\n|\n|t:|1769162164\n|switch|p2a: Reshiram|Reshiram, L73|266/266\n|-ability|p2a: Reshiram|Turboblaze\n|turn|27\n|\n|t:|1769162172\n|switch|p1a: Tentacruel|Tentacruel, L83, F|134/268 brn\n|move|p2a: Reshiram|Blue Flare|p1a: Tentacruel\n|-resisted|p1a: Tentacruel\n|-damage|p1a: Tentacruel|73/268 brn\n|\n|-heal|p1a: Tentacruel|89/268 brn|[from] item: Black Sludge\n|-damage|p1a: Tentacruel|56/268 brn|[from] brn\n|upkeep\n|turn|28\n|\n|t:|1769162182\n|switch|p2a: Mantine|Mantine, L90, M|263/263 slp\n|move|p1a: Tentacruel|Sludge Bomb|p2a: Mantine\n|-damage|p2a: Mantine|212/263 slp\n|\n|-heal|p1a: Tentacruel|72/268 brn|[from] item: Black Sludge\n|-damage|p1a: Tentacruel|39/268 brn|[from] brn\n|upkeep\n|turn|29\n|\n|t:|1769162191\n|switch|p1a: Armaldo|Armaldo, L88, M|275/275\n|cant|p2a: Mantine|slp\n|\n|upkeep\n|turn|30\n|\n|t:|1769162207\n|-curestatus|p2a: Mantine|slp|[msg]\n|move|p2a: Mantine|Scald|p1a: Armaldo\n|-supereffective|p1a: Armaldo\n|-damage|p1a: Armaldo|87/275\n|move|p1a: Armaldo|Stone Edge|p2a: Mantine\n|-supereffective|p2a: Mantine\n|-damage|p2a: Mantine|0 fnt\n|faint|p2a: Mantine\n|\n|-heal|p1a: Armaldo|104/275|[from] item: Leftovers\n|upkeep\n|\n|t:|1769162211\n|switch|p2a: Reshiram|Reshiram, L73|266/266\n|-ability|p2a: Reshiram|Turboblaze\n|turn|31\n|\n|t:|1769162222\n|switch|p1a: Tentacruel|Tentacruel, L83, F|39/268 brn\n|move|p2a: Reshiram|Blue Flare|p1a: Tentacruel\n|-resisted|p1a: Tentacruel\n|-crit|p1a: Tentacruel\n|-damage|p1a: Tentacruel|0 fnt\n|faint|p1a: Tentacruel\n|\n|upkeep\n|\n|t:|1769162230\n|switch|p1a: Armaldo|Armaldo, L88, M|104/275\n|turn|32\n|\n|t:|1769162237\n|move|p2a: Reshiram|Blue Flare|p1a: Armaldo\n|-damage|p1a: Armaldo|0 fnt\n|faint|p1a: Armaldo\n|\n|upkeep\n|\n|t:|1769162241\n|switch|p1a: Cresselia|Cresselia, L80, F|294/323\n|turn|33\n|\n|t:|1769162246\n|switch|p2a: Hoopa|Hoopa-Unbound, L79|202/256 par\n|move|p1a: Cresselia|Thunder Wave|p2a: Hoopa\n|-fail|p2a: Hoopa|par\n|\n|upkeep\n|turn|34\n|\n|t:|1769162252\n|move|p1a: Cresselia|Moonblast|p2a: Hoopa\n|-supereffective|p2a: Hoopa\n|-damage|p2a: Hoopa|146/256 par\n|-unboost|p2a: Hoopa|spa|1\n|cant|p2a: Hoopa|par\n|\n|upkeep\n|turn|35\n|\n|t:|1769162258\n|move|p1a: Cresselia|Moonblast|p2a: Hoopa\n|-supereffective|p2a: Hoopa\n|-damage|p2a: Hoopa|94/256 par\n|move|p2a: Hoopa|Hyperspace Fury|p1a: Cresselia\n|-supereffective|p1a: Cresselia\n|-damage|p1a: Cresselia|42/323\n|-unboost|p2a: Hoopa|def|1\n|\n|upkeep\n|turn|36\n|\n|t:|1769162268\n|switch|p1a: Hariyama|Hariyama, L86, F|388/388\n|move|p2a: Hoopa|Hyperspace Fury|p1a: Hariyama\n|-resisted|p1a: Hariyama\n|-damage|p1a: Hariyama|301/388\n|-unboost|p2a: Hoopa|def|1\n|\n|upkeep\n|turn|37\n|\n|t:|1769162277\n|move|p1a: Hariyama|Knock Off|p2a: Hoopa\n|-damage|p2a: Hoopa|0 fnt\n|-enditem|p2a: Hoopa|Assault Vest|[from] move: Knock Off|[of] p1a: Hariyama\n|faint|p2a: Hoopa\n|\n|upkeep\n|\n|t:|1769162283\n|switch|p2a: Reshiram|Reshiram, L73|266/266\n|-ability|p2a: Reshiram|Turboblaze\n|turn|38\n|\n|t:|1769162290\n|move|p2a: Reshiram|Toxic|p1a: Hariyama\n|-status|p1a: Hariyama|tox\n|move|p1a: Hariyama|Knock Off|p2a: Reshiram\n|-crit|p2a: Reshiram\n|-damage|p2a: Reshiram|70/266\n|-enditem|p2a: Reshiram|Leftovers|[from] move: Knock Off|[of] p1a: Hariyama\n|\n|-damage|p1a: Hariyama|277/388 tox|[from] psn\n|upkeep\n|turn|39\n|\n|t:|1769162298\n|move|p2a: Reshiram|Draco Meteor|p1a: Hariyama\n|-damage|p1a: Hariyama|141/388 tox\n|-unboost|p2a: Reshiram|spa|2\n|move|p1a: Hariyama|Knock Off|p2a: Reshiram\n|-damage|p2a: Reshiram|0 fnt\n|faint|p2a: Reshiram\n|\n|-damage|p1a: Hariyama|93/388 tox|[from] psn\n|upkeep\n|\n|t:|1769162304\n|switch|p2a: Arceus|Arceus-Dragon, L71|288/288\n|turn|40\n|\n|t:|1769162311\n|move|p2a: Arceus|Swords Dance|p2a: Arceus\n|-boost|p2a: Arceus|atk|2\n|move|p1a: Hariyama|Close Combat|p2a: Arceus\n|-damage|p2a: Arceus|63/288\n|-unboost|p1a: Hariyama|def|1\n|-unboost|p1a: Hariyama|spd|1\n|\n|-damage|p1a: Hariyama|21/388 tox|[from] psn\n|upkeep\n|turn|41\n|c|☆mlungero|Gg\n|\n|t:|1769162321\n|move|p1a: Hariyama|Bullet Punch|p2a: Arceus\n|-damage|p2a: Arceus|14/288\n|move|p2a: Arceus|Outrage|p1a: Hariyama\n|-damage|p1a: Hariyama|0 fnt\n|faint|p1a: Hariyama\n|\n|upkeep\n|c|☆mlungero|Wp\n|\n|t:|1769162328\n|switch|p1a: Cresselia|Cresselia, L80, F|42/323\n|turn|42\n|\n|t:|1769162332\n|move|p2a: Arceus|Outrage|p1a: Cresselia|[from] lockedmove\n|-damage|p1a: Cresselia|0 fnt\n|faint|p1a: Cresselia\n|\n|win|mlungero\n|raw|makkiapakkia's rating: 1657 &rarr; <strong>1632</strong><br />(-25 for losing)\n|raw|mlungero's rating: 1570 &rarr; <strong>1595</strong><br />(+25 for winning)\n", "inputlog": ">version dd3d52b8382d73d1dd2c67730c4067df325ab790\n>start {\"formatid\":\"gen6randombattle\",\"seed\":\"sodium,37e2b310c400b7516f1a5bb0162817fe\",\"rated\":\"Rated battle\"}\n>player p1 {\"name\":\"makkiapakkia\",\"avatar\":\"266\",\"rating\":1657,\"seed\":\"sodium,066e0f92db017d8dc73c7c95723bd05e\"}\n>player p2 {\"name\":\"mlungero\",\"avatar\":\"brock\",\"rating\":1570,\"seed\":\"sodium,8f4d6192bc05044d44390f4ac1414dfb\"}\n>p1 switch 6\n>p2 move psychic\n>p1 move thunderwave\n>p2 move hyperspacefury\n>p1 move moonblast\n>p2 switch 4\n>p1 switch 4\n>p2 move poisonjab\n>p1 move stealthrock\n>p2 switch 6\n>p1 move stoneedge\n>p2 move scald\n>p1 move slackoff\n>p2 move scald\n>p1 switch 6\n>p1 move knockoff\n>p2 move rest\n>p1 switch 4\n>p2 move defog\n>p1 move moonlight\n>p2 move scald\n>p1 move moonlight\n>p2 move toxic\n>p1 move thunderwave\n>p2 move defog\n>p1 move moonblast\n>p2 switch 4\n>p1 switch 3\n>p2 move hyperspacefury\n>p1 move healingwish\n>p2 switch 4\n>p1 switch 3\n>p1 switch 4\n>p2 move toxic\n>p1 move sludgebomb\n>p2 move scald\n>p1 move sludgebomb\n>p2 move scald\n>p1 move sludgebomb\n>p2 move scald\n>p1 switch 5\n>p2 move rest\n>p1 move stoneedge\n>p2 switch 5\n>p1 switch 4\n>p2 move knockoff\n>p1 move moonlight\n>p2 switch 5\n>p1 switch 4\n>p2 move scald\n>p1 move stoneedge\n>p2 switch 5\n>p1 move earthquake\n>p2 move knockoff\n>p2 switch 2\n>p1 switch 5\n>p2 move blueflare\n>p1 move sludgebomb\n>p2 switch 5\n>p1 switch 5\n>p2 move scald\n>p1 move stoneedge\n>p2 move scald\n>p2 switch 5\n>p1 switch 5\n>p2 move blueflare\n>p1 switch 5\n>p1 move earthquake\n>p2 move blueflare\n>p1 switch 4\n>p1 move thunderwave\n>p2 switch 4\n>p1 move moonblast\n>p2 move hyperspacefury\n>p1 move moonblast\n>p2 move hyperspacefury\n>p1 switch 2\n>p2 move hyperspacefury\n>p1 move knockoff\n>p2 move psychic\n>p2 switch 4\n>p1 move knockoff\n>p2 move toxic\n>p1 move knockoff\n>p2 move dracometeor\n>p2 switch 3\n>p1 move closecombat\n>p2 move swordsdance\n>chat ☆mlungero|Gg\n>p1 move bulletpunch\n>p2 move outrage\n>chat ☆mlungero|Wp\n>p1 switch 2\n>p1 move moonlight\n>p2 move outrage", "uploadtime": 1769162335, "views": 277, "formatid": "gen6randombattle", "rating": 1595, "private": 0, "password": null}