{"id": "gen6randombattle-2539598905", "format": "[Gen 6] Random Battle", "players": ["hypnox33", "arboretums"], "log": "|j|☆hypnox33\n|j|☆arboretums\n|t:|1771085929\n|gametype|singles\n|player|p1|hypnox33|blaine|1582\n|player|p2|arboretums|serena-masters2|1676\n|gen|6\n|tier|[Gen 6] Random Battle\n|rated|\n|rule|Sleep Clause Mod: Limit one foe put to sleep\n|rule|HP Percentage Mod: HP is shown in percentages\n|rule|Illusion Level Mod: Illusion disguises the Pokémon's true level\n|\n|t:|1771085929\n|teamsize|p1|6\n|teamsize|p2|6\n|start\n|switch|p1a: Sylveon|Sylveon, L84, M|297/297\n|switch|p2a: Politoed|Politoed, L86, M|295/295\n|-weather|RainDance|[from] ability: Drizzle|[of] p2a: Politoed\n|turn|1\n|inactive|Battle timer is ON: inactive players will automatically lose when time's up. (requested by arboretums)\n|inactive|hypnox33 also wants the timer to be on.\n|\n|t:|1771085953\n|move|p2a: Politoed|Toxic|p1a: Sylveon\n|-status|p1a: Sylveon|tox\n|move|p1a: Sylveon|Calm Mind|p1a: Sylveon\n|-boost|p1a: Sylveon|spa|1\n|-boost|p1a: Sylveon|spd|1\n|\n|-weather|RainDance|[upkeep]\n|-damage|p1a: Sylveon|279/297 tox|[from] psn\n|upkeep\n|turn|2\n|\n|t:|1771085957\n|move|p2a: Politoed|Encore|p1a: Sylveon\n|-start|p1a: Sylveon|Encore\n|move|p1a: Sylveon|Calm Mind|p1a: Sylveon\n|-boost|p1a: Sylveon|spa|1\n|-boost|p1a: Sylveon|spd|1\n|\n|-weather|RainDance|[upkeep]\n|-heal|p1a: Sylveon|297/297 tox|[from] item: Leftovers\n|-damage|p1a: Sylveon|261/297 tox|[from] psn\n|upkeep\n|turn|3\n|\n|t:|1771085966\n|switch|p1a: Muk|Muk, L88, F|328/328\n|move|p2a: Politoed|Toxic|p1a: Muk\n|-immune|p1a: Muk\n|\n|-weather|RainDance|[upkeep]\n|upkeep\n|turn|4\n|\n|t:|1771085977\n|switch|p2a: Crustle|Crustle, L82, F|249/249\n|move|p1a: Muk|Poison Jab|p2a: Crustle\n|-resisted|p2a: Crustle\n|-damage|p2a: Crustle|211/249\n|-status|p2a: Crustle|psn\n|\n|-weather|RainDance|[upkeep]\n|-damage|p2a: Crustle|180/249 psn|[from] psn\n|upkeep\n|turn|5\n|\n|t:|1771085984\n|move|p1a: Muk|Curse|p1a: Muk\n|-unboost|p1a: Muk|spe|1\n|-boost|p1a: Muk|atk|1\n|-boost|p1a: Muk|def|1\n|move|p2a: Crustle|Shell Smash|p2a: Crustle\n|-unboost|p2a: Crustle|def|1\n|-unboost|p2a: Crustle|spd|1\n|-boost|p2a: Crustle|atk|2\n|-boost|p2a: Crustle|spa|2\n|-boost|p2a: Crustle|spe|2\n|-enditem|p2a: Crustle|White Herb\n|-clearnegativeboost|p2a: Crustle|[silent]\n|\n|-weather|none\n|-damage|p2a: Crustle|149/249 psn|[from] psn\n|upkeep\n|turn|6\n|\n|t:|1771085994\n|move|p2a: Crustle|Earthquake|p1a: Muk\n|-supereffective|p1a: Muk\n|-crit|p1a: Muk\n|-damage|p1a: Muk|0 fnt\n|faint|p1a: Muk\n|\n|-damage|p2a: Crustle|118/249 psn|[from] psn\n|upkeep\n|\n|t:|1771086008\n|switch|p1a: Sylveon|Sylveon, L84, M|261/297 tox\n|turn|7\n|\n|t:|1771086013\n|move|p1a: Sylveon|Protect|p1a: Sylveon\n|-singleturn|p1a: Sylveon|Protect\n|move|p2a: Crustle|Stone Edge|p1a: Sylveon\n|-activate|p1a: Sylveon|move: Protect\n|\n|-heal|p1a: Sylveon|279/297 tox|[from] item: Leftovers\n|-damage|p2a: Crustle|87/249 psn|[from] psn\n|-damage|p1a: Sylveon|261/297 tox|[from] psn\n|upkeep\n|turn|8\n|\n|t:|1771086020\n|move|p2a: Crustle|Stone Edge|p1a: Sylveon\n|-damage|p1a: Sylveon|33/297 tox\n|move|p1a: Sylveon|Hyper Voice|p2a: Crustle\n|-damage|p2a: Crustle|0 fnt\n|faint|p2a: Crustle\n|\n|-heal|p1a: Sylveon|51/297 tox|[from] item: Leftovers\n|-damage|p1a: Sylveon|15/297 tox|[from] psn\n|upkeep\n|\n|t:|1771086023\n|switch|p2a: Politoed|Politoed, L86, M|295/295\n|-weather|RainDance|[from] ability: Drizzle|[of] p2a: Politoed\n|turn|9\n|\n|t:|1771086030\n|move|p2a: Politoed|Scald|p1a: Sylveon\n|-damage|p1a: Sylveon|0 fnt\n|faint|p1a: Sylveon\n|\n|-weather|RainDance|[upkeep]\n|upkeep\n|\n|t:|1771086047\n|switch|p1a: Dewgong|Dewgong, L94, M|322/322\n|turn|10\n|\n|t:|1771086051\n|move|p1a: Dewgong|Encore|p2a: Politoed\n|-start|p2a: Politoed|Encore\n|move|p2a: Politoed|Scald|p1a: Dewgong\n|-resisted|p1a: Dewgong\n|-damage|p1a: Dewgong|272/322\n|\n|-weather|RainDance|[upkeep]\n|-heal|p1a: Dewgong|292/322|[from] item: Leftovers\n|upkeep\n|turn|11\n|\n|t:|1771086055\n|switch|p2a: Forretress|Forretress, L82, F|257/257\n|move|p1a: Dewgong|Toxic|p2a: Forretress\n|-immune|p2a: Forretress\n|\n|-weather|RainDance|[upkeep]\n|-heal|p1a: Dewgong|312/322|[from] item: Leftovers\n|upkeep\n|turn|12\n|\n|t:|1771086062\n|switch|p1a: Exeggutor|Exeggutor, L92, F|324/324\n|move|p2a: Forretress|Spikes|p1a: Exeggutor\n|-sidestart|p1: hypnox33|Spikes\n|\n|-weather|RainDance|[upkeep]\n|upkeep\n|turn|13\n|\n|t:|1771086064\n|move|p1a: Exeggutor|Substitute|p1a: Exeggutor\n|-start|p1a: Exeggutor|Substitute\n|-damage|p1a: Exeggutor|243/324\n|move|p2a: Forretress|Spikes|p1a: Exeggutor\n|-sidestart|p1: hypnox33|Spikes\n|\n|-weather|none\n|upkeep\n|turn|14\n|\n|t:|1771086070\n|move|p1a: Exeggutor|Leech Seed|p2a: Forretress|[miss]\n|-miss|p1a: Exeggutor|p2a: Forretress\n|move|p2a: Forretress|Spikes|p1a: Exeggutor\n|-sidestart|p1: hypnox33|Spikes\n|\n|upkeep\n|turn|15\n|\n|t:|1771086073\n|move|p1a: Exeggutor|Leech Seed|p2a: Forretress\n|-start|p2a: Forretress|move: Leech Seed\n|move|p2a: Forretress|Rapid Spin|p1a: Exeggutor\n|-activate|p1a: Exeggutor|move: Substitute|[damage]\n|-end|p2a: Forretress|Leech Seed|[from] move: Rapid Spin|[of] p2a: Forretress\n|\n|upkeep\n|turn|16\n|\n|t:|1771086078\n|move|p1a: Exeggutor|Sleep Powder|p2a: Forretress|[miss]\n|-miss|p1a: Exeggutor|p2a: Forretress\n|move|p2a: Forretress|Rapid Spin|p1a: Exeggutor\n|-activate|p1a: Exeggutor|move: Substitute|[damage]\n|\n|upkeep\n|turn|17\n|\n|t:|1771086081\n|move|p1a: Exeggutor|Sleep Powder|p2a: Forretress\n|-status|p2a: Forretress|slp|[from] move: Sleep Powder\n|cant|p2a: Forretress|slp\n|\n|upkeep\n|turn|18\n|\n|t:|1771086086\n|switch|p2a: Politoed|Politoed, L86, M|295/295\n|-weather|RainDance|[from] ability: Drizzle|[of] p2a: Politoed\n|move|p1a: Exeggutor|Leech Seed|p2a: Politoed\n|-start|p2a: Politoed|move: Leech Seed\n|\n|-weather|RainDance|[upkeep]\n|-damage|p2a: Politoed|259/295|[from] Leech Seed|[of] p1a: Exeggutor\n|-heal|p1a: Exeggutor|279/324|[silent]\n|upkeep\n|turn|19\n|\n|t:|1771086089\n|move|p2a: Politoed|Encore|p1a: Exeggutor\n|-start|p1a: Exeggutor|Encore\n|move|p1a: Exeggutor|Leech Seed||[still]\n|-fail|p1a: Exeggutor\n|\n|-weather|RainDance|[upkeep]\n|-heal|p2a: Politoed|277/295|[from] item: Leftovers\n|-damage|p2a: Politoed|241/295|[from] Leech Seed|[of] p1a: Exeggutor\n|-heal|p1a: Exeggutor|315/324|[silent]\n|upkeep\n|turn|20\n|\n|t:|1771086093\n|switch|p2a: Mightyena|Mightyena, L93, M|281/281\n|-ability|p2a: Mightyena|Intimidate|boost\n|-immune|p1a: Exeggutor\n|move|p1a: Exeggutor|Leech Seed|p2a: Mightyena\n|-start|p2a: Mightyena|move: Leech Seed\n|\n|-weather|RainDance|[upkeep]\n|-damage|p2a: Mightyena|246/281|[from] Leech Seed|[of] p1a: Exeggutor\n|-heal|p1a: Exeggutor|324/324|[silent]\n|upkeep\n|turn|21\n|\n|t:|1771086100\n|move|p2a: Mightyena|Crunch|p1a: Exeggutor\n|-supereffective|p1a: Exeggutor\n|-end|p1a: Exeggutor|Substitute\n|-damage|p2a: Mightyena|218/281|[from] item: Life Orb\n|move|p1a: Exeggutor|Leech Seed||[still]\n|-fail|p1a: Exeggutor\n|\n|-weather|RainDance|[upkeep]\n|-damage|p2a: Mightyena|183/281|[from] Leech Seed|[of] p1a: Exeggutor\n|-end|p1a: Exeggutor|Encore\n|upkeep\n|turn|22\n|\n|t:|1771086114\n|move|p2a: Mightyena|Crunch|p1a: Exeggutor\n|-supereffective|p1a: Exeggutor\n|-damage|p1a: Exeggutor|87/324\n|-unboost|p1a: Exeggutor|def|1\n|-enditem|p1a: Exeggutor|Sitrus Berry|[eat]\n|-heal|p1a: Exeggutor|168/324|[from] item: Sitrus Berry\n|-damage|p2a: Mightyena|155/281|[from] item: Life Orb\n|move|p1a: Exeggutor|Substitute|p1a: Exeggutor\n|-start|p1a: Exeggutor|Substitute\n|-damage|p1a: Exeggutor|87/324\n|\n|-weather|none\n|-damage|p2a: Mightyena|120/281|[from] Leech Seed|[of] p1a: Exeggutor\n|-heal|p1a: Exeggutor|122/324|[silent]\n|-item|p1a: Exeggutor|Sitrus Berry|[from] ability: Harvest\n|upkeep\n|-enditem|p1a: Exeggutor|Sitrus Berry|[eat]\n|-heal|p1a: Exeggutor|203/324|[from] item: Sitrus Berry\n|turn|23\n|\n|t:|1771086125\n|move|p2a: Mightyena|Crunch|p1a: Exeggutor\n|-supereffective|p1a: Exeggutor\n|-end|p1a: Exeggutor|Substitute\n|-damage|p2a: Mightyena|92/281|[from] item: Life Orb\n|move|p1a: Exeggutor|Leech Seed||[still]\n|-fail|p1a: Exeggutor\n|\n|-damage|p2a: Mightyena|57/281|[from] Leech Seed|[of] p1a: Exeggutor\n|-heal|p1a: Exeggutor|238/324|[silent]\n|-item|p1a: Exeggutor|Sitrus Berry|[from] ability: Harvest\n|upkeep\n|turn|24\n|\n|t:|1771086135\n|switch|p1a: Avalugg|Avalugg, L90, F|317/317\n|-damage|p1a: Avalugg|238/317|[from] Spikes\n|move|p2a: Mightyena|Crunch|p1a: Avalugg\n|-damage|p1a: Avalugg|176/317\n|-damage|p2a: Mightyena|29/281|[from] item: Life Orb\n|\n|-heal|p1a: Avalugg|195/317|[from] item: Leftovers\n|-damage|p2a: Mightyena|0 fnt|[from] Leech Seed|[of] p1a: Avalugg\n|-heal|p1a: Avalugg|224/317|[silent]\n|faint|p2a: Mightyena\n|upkeep\n|\n|t:|1771086146\n|switch|p2a: Electivire|Electivire, L84, F|263/263\n|turn|25\n|\n|t:|1771086151\n|move|p2a: Electivire|Flamethrower|p1a: Avalugg\n|-supereffective|p1a: Avalugg\n|-damage|p1a: Avalugg|0 fnt\n|faint|p1a: Avalugg\n|-damage|p2a: Electivire|237/263|[from] item: Life Orb\n|\n|upkeep\n|\n|t:|1771086156\n|switch|p1a: Dewgong|Dewgong, L94, M|312/322\n|-damage|p1a: Dewgong|232/322|[from] Spikes\n|turn|26\n|\n|t:|1771086161\n|switch|p1a: Exeggutor|Exeggutor, L92, F|238/324\n|-damage|p1a: Exeggutor|157/324|[from] Spikes\n|-enditem|p1a: Exeggutor|Sitrus Berry|[eat]\n|-heal|p1a: Exeggutor|238/324|[from] item: Sitrus Berry\n|move|p2a: Electivire|Wild Charge|p1a: Exeggutor\n|-resisted|p1a: Exeggutor\n|-crit|p1a: Exeggutor\n|-damage|p1a: Exeggutor|133/324\n|-damage|p2a: Electivire|211/263|[from] Recoil\n|-damage|p2a: Electivire|185/263|[from] item: Life Orb\n|\n|-item|p1a: Exeggutor|Sitrus Berry|[from] ability: Harvest\n|upkeep\n|-enditem|p1a: Exeggutor|Sitrus Berry|[eat]\n|-heal|p1a: Exeggutor|214/324|[from] item: Sitrus Berry\n|turn|27\n|\n|t:|1771086169\n|switch|p1a: Dewgong|Dewgong, L94, M|232/322\n|-damage|p1a: Dewgong|152/322|[from] Spikes\n|move|p2a: Electivire|Flamethrower|p1a: Dewgong\n|-damage|p1a: Dewgong|117/322\n|-damage|p2a: Electivire|159/263|[from] item: Life Orb\n|\n|-heal|p1a: Dewgong|137/322|[from] item: Leftovers\n|upkeep\n|turn|28\n|\n|t:|1771086174\n|move|p2a: Electivire|Cross Chop|p1a: Dewgong|[miss]\n|-miss|p2a: Electivire|p1a: Dewgong\n|move|p1a: Dewgong|Surf|p2a: Electivire\n|-damage|p2a: Electivire|66/263\n|\n|-heal|p1a: Dewgong|157/322|[from] item: Leftovers\n|upkeep\n|turn|29\n|\n|t:|1771086178\n|move|p2a: Electivire|Wild Charge|p1a: Dewgong\n|-supereffective|p1a: Dewgong\n|-damage|p1a: Dewgong|0 fnt\n|faint|p1a: Dewgong\n|-damage|p2a: Electivire|27/263|[from] Recoil\n|-damage|p2a: Electivire|1/263|[from] item: Life Orb\n|\n|upkeep\n|\n|t:|1771086181\n|switch|p1a: Arbok|Arbok, L90, F|254/254\n|-damage|p1a: Arbok|191/254|[from] Spikes\n|turn|30\n|\n|t:|1771086190\n|move|p2a: Electivire|Wild Charge|p1a: Arbok\n|-crit|p1a: Arbok\n|-damage|p1a: Arbok|0 fnt\n|faint|p1a: Arbok\n|-damage|p2a: Electivire|0 fnt|[from] Recoil\n|faint|p2a: Electivire\n|\n|upkeep\n|\n|t:|1771086196\n|switch|p2a: Politoed|Politoed, L86, M|241/295\n|switch|p1a: Exeggutor|Exeggutor, L92, F|214/324\n|-weather|RainDance|[from] ability: Drizzle|[of] p2a: Politoed\n|-damage|p1a: Exeggutor|133/324|[from] Spikes\n|turn|31\n|\n|t:|1771086199\n|move|p2a: Politoed|Toxic|p1a: Exeggutor\n|-status|p1a: Exeggutor|tox\n|move|p1a: Exeggutor|Leech Seed|p2a: Politoed\n|-start|p2a: Politoed|move: Leech Seed\n|\n|-weather|RainDance|[upkeep]\n|-heal|p2a: Politoed|259/295|[from] item: Leftovers\n|-damage|p2a: Politoed|223/295|[from] Leech Seed|[of] p1a: Exeggutor\n|-heal|p1a: Exeggutor|169/324 tox|[silent]\n|-damage|p1a: Exeggutor|149/324 tox|[from] psn\n|-item|p1a: Exeggutor|Sitrus Berry|[from] ability: Harvest\n|upkeep\n|-enditem|p1a: Exeggutor|Sitrus Berry|[eat]\n|-heal|p1a: Exeggutor|230/324 tox|[from] item: Sitrus Berry\n|turn|32\n|\n|t:|1771086203\n|move|p2a: Politoed|Encore|p1a: Exeggutor\n|-start|p1a: Exeggutor|Encore\n|move|p1a: Exeggutor|Leech Seed||[still]\n|-fail|p1a: Exeggutor\n|\n|-weather|RainDance|[upkeep]\n|-heal|p2a: Politoed|241/295|[from] item: Leftovers\n|-damage|p2a: Politoed|205/295|[from] Leech Seed|[of] p1a: Exeggutor\n|-heal|p1a: Exeggutor|266/324 tox|[silent]\n|-damage|p1a: Exeggutor|226/324 tox|[from] psn\n|-item|p1a: Exeggutor|Sitrus Berry|[from] ability: Harvest\n|upkeep\n|turn|33\n|\n|t:|1771086209\n|move|p2a: Politoed|Scald|p1a: Exeggutor\n|-resisted|p1a: Exeggutor\n|-damage|p1a: Exeggutor|156/324 tox\n|-enditem|p1a: Exeggutor|Sitrus Berry|[eat]\n|-heal|p1a: Exeggutor|237/324 tox|[from] item: Sitrus Berry\n|move|p1a: Exeggutor|Leech Seed|p2a: Politoed|[miss]\n|-miss|p1a: Exeggutor|p2a: Politoed\n|\n|-weather|RainDance|[upkeep]\n|-heal|p2a: Politoed|223/295|[from] item: Leftovers\n|-damage|p2a: Politoed|187/295|[from] Leech Seed|[of] p1a: Exeggutor\n|-heal|p1a: Exeggutor|273/324 tox|[silent]\n|-damage|p1a: Exeggutor|213/324 tox|[from] psn\n|-item|p1a: Exeggutor|Sitrus Berry|[from] ability: Harvest\n|upkeep\n|turn|34\n|\n|t:|1771086211\n|move|p2a: Politoed|Scald|p1a: Exeggutor\n|-resisted|p1a: Exeggutor\n|-damage|p1a: Exeggutor|144/324 tox\n|-enditem|p1a: Exeggutor|Sitrus Berry|[eat]\n|-heal|p1a: Exeggutor|225/324 tox|[from] item: Sitrus Berry\n|move|p1a: Exeggutor|Leech Seed||[still]\n|-fail|p1a: Exeggutor\n|\n|-weather|RainDance|[upkeep]\n|-heal|p2a: Politoed|205/295|[from] item: Leftovers\n|-damage|p2a: Politoed|169/295|[from] Leech Seed|[of] p1a: Exeggutor\n|-heal|p1a: Exeggutor|261/324 tox|[silent]\n|-damage|p1a: Exeggutor|181/324 tox|[from] psn\n|-end|p1a: Exeggutor|Encore\n|upkeep\n|turn|35\n|\n|t:|1771086214\n|move|p2a: Politoed|Encore|p1a: Exeggutor\n|-start|p1a: Exeggutor|Encore\n|move|p1a: Exeggutor|Leech Seed||[still]\n|-fail|p1a: Exeggutor\n|\n|-weather|none\n|-heal|p2a: Politoed|187/295|[from] item: Leftovers\n|-damage|p2a: Politoed|151/295|[from] Leech Seed|[of] p1a: Exeggutor\n|-heal|p1a: Exeggutor|217/324 tox|[silent]\n|-damage|p1a: Exeggutor|117/324 tox|[from] psn\n|upkeep\n|turn|36\n|\n|t:|1771086217\n|move|p2a: Politoed|Scald|p1a: Exeggutor\n|-resisted|p1a: Exeggutor\n|-damage|p1a: Exeggutor|72/324 tox\n|move|p1a: Exeggutor|Leech Seed||[still]\n|-fail|p1a: Exeggutor\n|\n|-heal|p2a: Politoed|169/295|[from] item: Leftovers\n|-damage|p2a: Politoed|133/295|[from] Leech Seed|[of] p1a: Exeggutor\n|-heal|p1a: Exeggutor|108/324 tox|[silent]\n|-damage|p1a: Exeggutor|0 fnt|[from] psn\n|faint|p1a: Exeggutor\n|\n|win|arboretums\n|raw|hypnox33's rating: 1582 &rarr; <strong>1567</strong><br />(-15 for losing)\n|raw|arboretums's rating: 1676 &rarr; <strong>1691</strong><br />(+15 for winning)\n", "inputlog": ">version ccdc32dd7cde25fd9e4bed64820e885f66e78a4e\n>start {\"formatid\":\"gen6randombattle\",\"seed\":\"sodium,5cf22341f140d752b22f63571a66e473\",\"rated\":\"Rated battle\"}\n>player p1 {\"name\":\"hypnox33\",\"avatar\":\"blaine\",\"rating\":1582,\"seed\":\"sodium,4938edb6205116a23eabba9910c7d3b3\"}\n>player p2 {\"name\":\"arboretums\",\"avatar\":\"serena-masters2\",\"rating\":1676,\"seed\":\"sodium,d7c2924eb496d9c5ca7cbff5f4e5f6ae\"}\n>p1 move calmmind\n>p2 move toxic\n>p1 move hypervoice\n>p2 move encore\n>p1 switch 5\n>p2 move toxic\n>p1 move poisonjab\n>p2 switch 3\n>p1 move curse\n>p2 move shellsmash\n>p1 move brickbreak\n>p2 move earthquake\n>p1 switch 5\n>p1 move protect\n>p2 move stoneedge\n>p1 move hypervoice\n>p2 move stoneedge\n>p2 switch 3\n>p1 move wish\n>p2 move scald\n>p1 switch 3\n>p1 move encore\n>p2 move toxic\n>p1 move toxic\n>p2 switch 5\n>p1 switch 6\n>p2 move spikes\n>p1 move substitute\n>p2 move spikes\n>p1 move leechseed\n>p2 move spikes\n>p1 move leechseed\n>p2 move rapidspin\n>p1 move sleeppowder\n>p2 move rapidspin\n>p1 move sleeppowder\n>p2 move gyroball\n>p1 move leechseed\n>p2 switch 5\n>p1 move psychic\n>p2 move encore\n>p1 move leechseed\n>p2 switch 4\n>p1 move leechseed\n>p2 move crunch\n>p1 move substitute\n>p2 move crunch\n>p1 move leechseed\n>p2 move crunch\n>p1 switch 4\n>p2 move crunch\n>p2 switch 2\n>p1 move earthquake\n>p2 move flamethrower\n>p1 switch 6\n>p1 switch 4\n>p2 move wildcharge\n>p1 switch 4\n>p2 move flamethrower\n>p1 move surf\n>p2 move crosschop\n>p1 move surf\n>p2 move wildcharge\n>p1 switch 2\n>p1 move coil\n>p2 move wildcharge\n>p1 switch 4\n>p2 switch 4\n>p1 move leechseed\n>p2 move toxic\n>p1 move psychic\n>p2 move encore\n>p1 move leechseed\n>p2 move scald\n>p1 move leechseed\n>p2 move scald\n>p1 move substitute\n>p2 move encore\n>p1 move leechseed\n>p2 move scald", "uploadtime": 1771086218, "views": 125, "formatid": "gen6randombattle", "rating": 1567, "private": 0, "password": null}