{"id": "gen6randombattle-2536796997", "format": "[Gen 6] Random Battle", "players": ["MaloDX", "arboretums"], "log": "|j|☆MaloDX\n|j|☆arboretums\n|t:|1770737748\n|gametype|singles\n|player|p1|MaloDX|2|1532\n|player|p2|arboretums|serena-masters2|1565\n|gen|6\n|tier|[Gen 6] Random Battle\n|rated|\n|rule|Sleep Clause Mod: Limit one foe put to sleep\n|rule|HP Percentage Mod: HP is shown in percentages\n|rule|Illusion Level Mod: Illusion disguises the Pokémon's true level\n|\n|t:|1770737748\n|teamsize|p1|6\n|teamsize|p2|6\n|start\n|switch|p1a: Virizion|Virizion, L80|277/277\n|switch|p2a: Arbok|Arbok, L90, M|254/254\n|-ability|p2a: Arbok|Intimidate|boost\n|-unboost|p1a: Virizion|atk|1\n|turn|1\n|inactive|Battle timer is ON: inactive players will automatically lose when time's up. (requested by arboretums)\n|\n|t:|1770737766\n|switch|p1a: Tentacruel|Tentacruel, L83, M|268/268\n|move|p2a: Arbok|Gunk Shot|p1a: Tentacruel\n|-resisted|p1a: Tentacruel\n|-damage|p1a: Tentacruel|161/268\n|-damage|p2a: Arbok|229/254|[from] item: Life Orb\n|\n|-heal|p1a: Tentacruel|177/268|[from] item: Black Sludge\n|upkeep\n|turn|2\n|\n|t:|1770737773\n|move|p1a: Tentacruel|Scald|p2a: Arbok\n|-damage|p2a: Arbok|159/254\n|move|p2a: Arbok|Earthquake|p1a: Tentacruel\n|-supereffective|p1a: Tentacruel\n|-damage|p1a: Tentacruel|0 fnt\n|faint|p1a: Tentacruel\n|-damage|p2a: Arbok|134/254|[from] item: Life Orb\n|\n|upkeep\n|\n|t:|1770737780\n|switch|p1a: Delphox|Delphox, L83, F|260/260\n|turn|3\n|\n|t:|1770737785\n|switch|p2a: Dialga|Dialga, L73|266/266\n|-ability|p2a: Dialga|Pressure\n|move|p1a: Delphox|Psyshock|p2a: Dialga\n|-resisted|p2a: Dialga\n|-crit|p2a: Dialga\n|-damage|p2a: Dialga|180/266\n|-damage|p1a: Delphox|234/260|[from] item: Life Orb\n|\n|-heal|p2a: Dialga|196/266|[from] item: Leftovers\n|upkeep\n|turn|4\n|\n|t:|1770737792\n|switch|p1a: Poliwrath|Poliwrath, L89, F|305/305\n|move|p2a: Dialga|Stealth Rock|p1a: Poliwrath\n|-sidestart|p1: MaloDX|move: Stealth Rock\n|\n|-heal|p2a: Dialga|212/266|[from] item: Leftovers\n|upkeep\n|turn|5\n|\n|t:|1770737800\n|switch|p2a: Arbok|Arbok, L90, M|134/254\n|-ability|p2a: Arbok|Intimidate|boost\n|-unboost|p1a: Poliwrath|atk|1\n|move|p1a: Poliwrath|Circle Throw|p2a: Arbok\n|-resisted|p2a: Arbok\n|-crit|p2a: Arbok\n|-damage|p2a: Arbok|79/254\n|drag|p2a: Dialga|Dialga, L73|212/266\n|-ability|p2a: Dialga|Pressure\n|\n|-heal|p2a: Dialga|228/266|[from] item: Leftovers\n|upkeep\n|turn|6\n|\n|t:|1770737817\n|move|p2a: Dialga|Draco Meteor|p1a: Poliwrath|[miss]\n|-miss|p2a: Dialga|p1a: Poliwrath\n|move|p1a: Poliwrath|Circle Throw|p2a: Dialga|[miss]\n|-miss|p1a: Poliwrath|p2a: Dialga\n|\n|-heal|p2a: Dialga|244/266|[from] item: Leftovers\n|upkeep\n|turn|7\n|\n|t:|1770737822\n|move|p2a: Dialga|Draco Meteor|p1a: Poliwrath|[miss]\n|-miss|p2a: Dialga|p1a: Poliwrath\n|move|p1a: Poliwrath|Circle Throw|p2a: Dialga\n|-supereffective|p2a: Dialga\n|-crit|p2a: Dialga\n|-damage|p2a: Dialga|50/266\n|drag|p2a: Arbok|Arbok, L90, M|79/254\n|-ability|p2a: Arbok|Intimidate|boost\n|-unboost|p1a: Poliwrath|atk|1\n|\n|upkeep\n|turn|8\n|\n|t:|1770737834\n|move|p2a: Arbok|Gunk Shot|p1a: Poliwrath\n|-damage|p1a: Poliwrath|140/305\n|-damage|p2a: Arbok|54/254|[from] item: Life Orb\n|move|p1a: Poliwrath|Scald|p2a: Arbok\n|-damage|p2a: Arbok|0 fnt\n|faint|p2a: Arbok\n|\n|-heal|p1a: Poliwrath|159/305|[from] item: Leftovers\n|upkeep\n|j| brrkz\n|\n|t:|1770737842\n|switch|p2a: Farfetch’d|Farfetch’d, F|266/266\n|turn|9\n|\n|t:|1770737850\n|switch|p1a: Moltres|Moltres, L81|277/277\n|-damage|p1a: Moltres|139/277|[from] Stealth Rock\n|move|p2a: Farfetch’d|Brave Bird|p1a: Moltres\n|-damage|p1a: Moltres|10/277\n|-damage|p2a: Farfetch’d|223/266|[from] Recoil\n|\n|-heal|p1a: Moltres|27/277|[from] item: Leftovers\n|upkeep\n|turn|10\n|l| brrkz\n|\n|t:|1770737867\n|switch|p2a: Palkia|Palkia, L73|252/252\n|-ability|p2a: Palkia|Pressure\n|move|p1a: Moltres|Hurricane|p2a: Palkia\n|-damage|p2a: Palkia|141/252\n|-start|p2a: Palkia|confusion\n|\n|-heal|p1a: Moltres|44/277|[from] item: Leftovers\n|upkeep\n|turn|11\n|\n|t:|1770737876\n|move|p1a: Moltres|Hurricane|p2a: Palkia|[miss]\n|-miss|p1a: Moltres|p2a: Palkia\n|-activate|p2a: Palkia|confusion\n|move|p2a: Palkia|Spacial Rend|p1a: Moltres\n|-crit|p1a: Moltres\n|-damage|p1a: Moltres|0 fnt\n|faint|p1a: Moltres\n|\n|upkeep\n|\n|t:|1770737903\n|switch|p1a: Leafeon|Leafeon, L87, F|255/255\n|-damage|p1a: Leafeon|224/255|[from] Stealth Rock\n|turn|12\n|\n|t:|1770737916\n|move|p1a: Leafeon|Swords Dance|p1a: Leafeon\n|-boost|p1a: Leafeon|atk|2\n|-activate|p2a: Palkia|confusion\n|-damage|p2a: Palkia|120/252|[from] confusion\n|\n|-heal|p1a: Leafeon|239/255|[from] item: Leftovers\n|upkeep\n|turn|13\n|c|☆arboretums|Ok\n|\n|t:|1770737922\n|move|p1a: Leafeon|Leaf Blade|p2a: Palkia\n|-damage|p2a: Palkia|0 fnt\n|faint|p2a: Palkia\n|\n|-heal|p1a: Leafeon|254/255|[from] item: Leftovers\n|upkeep\n|\n|t:|1770737936\n|switch|p2a: Keldeo|Keldeo-Resolute, L79|273/273\n|turn|14\n|\n|t:|1770737939\n|move|p2a: Keldeo|Focus Blast|p1a: Leafeon|[miss]\n|-miss|p2a: Keldeo|p1a: Leafeon\n|move|p1a: Leafeon|Leaf Blade|p2a: Keldeo\n|-supereffective|p2a: Keldeo\n|-damage|p2a: Keldeo|0 fnt\n|faint|p2a: Keldeo\n|\n|-heal|p1a: Leafeon|255/255|[from] item: Leftovers\n|upkeep\n|c|☆arboretums|Ok\n|\n|t:|1770737946\n|switch|p2a: Farfetch’d|Farfetch’d, F|223/266\n|turn|15\n|\n|t:|1770737951\n|move|p1a: Leafeon|Knock Off|p2a: Farfetch’d\n|-damage|p2a: Farfetch’d|39/266\n|-enditem|p2a: Farfetch’d|Stick|[from] move: Knock Off|[of] p1a: Leafeon\n|move|p2a: Farfetch’d|Brave Bird|p1a: Leafeon\n|-supereffective|p1a: Leafeon\n|-damage|p1a: Leafeon|61/255\n|-damage|p2a: Farfetch’d|0 fnt|[from] Recoil\n|faint|p2a: Farfetch’d\n|\n|-heal|p1a: Leafeon|76/255|[from] item: Leftovers\n|upkeep\n|\n|t:|1770737958\n|switch|p2a: Celebi|Celebi, L82|298/298\n|turn|16\n|\n|t:|1770737961\n|move|p1a: Leafeon|Knock Off|p2a: Celebi\n|-supereffective|p2a: Celebi\n|-damage|p2a: Celebi|0 fnt\n|-enditem|p2a: Celebi|Leftovers|[from] move: Knock Off|[of] p1a: Leafeon\n|faint|p2a: Celebi\n|\n|-heal|p1a: Leafeon|91/255|[from] item: Leftovers\n|upkeep\n|\n|t:|1770737963\n|switch|p2a: Dialga|Dialga, L73|50/266\n|-ability|p2a: Dialga|Pressure\n|turn|17\n|c|☆arboretums|Ok\n|\n|t:|1770737966\n|move|p1a: Leafeon|Knock Off|p2a: Dialga\n|-damage|p2a: Dialga|0 fnt\n|-enditem|p2a: Dialga|Leftovers|[from] move: Knock Off|[of] p1a: Leafeon\n|faint|p2a: Dialga\n|\n|win|MaloDX\n|raw|MaloDX's rating: 1532 &rarr; <strong>1554</strong><br />(+22 for winning)\n|raw|arboretums's rating: 1565 &rarr; <strong>1543</strong><br />(-22 for losing)\n", "inputlog": ">version ccdc32dd7cde25fd9e4bed64820e885f66e78a4e\n>start {\"formatid\":\"gen6randombattle\",\"seed\":\"sodium,55af4f0fbd61e0d2d4f7b80c9ae2bc4f\",\"rated\":\"Rated battle\"}\n>player p1 {\"name\":\"MaloDX\",\"avatar\":\"2\",\"rating\":1532,\"seed\":\"sodium,3cdd4c6847822696c7cc6ef5ac9b5545\"}\n>player p2 {\"name\":\"arboretums\",\"avatar\":\"serena-masters2\",\"rating\":1565,\"seed\":\"sodium,0bcaa1d187aeec371ba01e92ff791f70\"}\n>p1 switch 5\n>p2 move gunkshot\n>p1 move scald\n>p2 move earthquake\n>p1 switch 4\n>p1 move psyshock\n>p2 switch 6\n>p1 switch 6\n>p2 move stealthrock\n>p1 move circlethrow\n>p2 switch 6\n>p1 move circlethrow\n>p2 move dracometeor\n>p1 move circlethrow\n>p2 move dracometeor\n>p1 move scald\n>p2 move gunkshot\n>p2 switch 4\n>p1 switch 3\n>p2 move bravebird\n>p1 move hurricane\n>p2 switch 3\n>p1 move hurricane\n>p2 move spacialrend\n>p1 switch 2\n>p1 move swordsdance\n>p2 move spacialrend\n>chat ☆arboretums|Ok\n>p1 move leafblade\n>p2 move spacialrend\n>p2 switch 2\n>p1 move leafblade\n>p2 move focusblast\n>chat ☆arboretums|Ok\n>p2 switch 3\n>p1 move knockoff\n>p2 move bravebird\n>p2 switch 5\n>p1 move knockoff\n>p2 move psychic\n>p2 switch 6\n>chat ☆arboretums|Ok\n>p1 move knockoff\n>p2 move fireblast", "uploadtime": 1770737968, "views": 217, "formatid": "gen6randombattle", "rating": 1543, "private": 0, "password": null}