{"id": "gen6randombattle-2534531236", "format": "[Gen 6] Random Battle", "players": ["RNGgivethRNGtaketh", "Hauntedfire"], "log": "|j|☆RNGgivethRNGtaketh\n|j|☆Hauntedfire\n|t:|1770433076\n|gametype|singles\n|player|p1|RNGgivethRNGtaketh|brock|1669\n|player|p2|Hauntedfire|102|1584\n|gen|6\n|tier|[Gen 6] Random Battle\n|rated|\n|rule|Sleep Clause Mod: Limit one foe put to sleep\n|rule|HP Percentage Mod: HP is shown in percentages\n|rule|Illusion Level Mod: Illusion disguises the Pokémon's true level\n|\n|t:|1770433076\n|teamsize|p1|6\n|teamsize|p2|6\n|start\n|switch|p1a: Vanilluxe|Vanilluxe, L88, M|267/267\n|switch|p2a: Crawdaunt|Crawdaunt, L83, F|240/240\n|turn|1\n|inactive|Battle timer is ON: inactive players will automatically lose when time's up. (requested by Hauntedfire)\n|\n|t:|1770433107\n|move|p1a: Vanilluxe|Freeze-Dry|p2a: Crawdaunt\n|-supereffective|p2a: Crawdaunt\n|-damage|p2a: Crawdaunt|0 fnt\n|faint|p2a: Crawdaunt\n|\n|upkeep\n|\n|t:|1770433117\n|switch|p2a: Seviper|Seviper, L91, F|281/281\n|turn|2\n|\n|t:|1770433123\n|move|p1a: Vanilluxe|Hidden Power|p2a: Seviper\n|-supereffective|p2a: Seviper\n|-damage|p2a: Seviper|153/281\n|move|p2a: Seviper|Flamethrower|p1a: Vanilluxe\n|-supereffective|p1a: Vanilluxe\n|-damage|p1a: Vanilluxe|155/267\n|-damage|p2a: Seviper|125/281|[from] item: Life Orb\n|\n|upkeep\n|turn|3\n|inactive|Hauntedfire has 120 seconds left.\n|\n|t:|1770433160\n|switch|p2a: Charizard|Charizard, L74, F|237/237\n|move|p1a: Vanilluxe|Ice Beam|p2a: Charizard\n|-damage|p2a: Charizard|96/237\n|\n|upkeep\n|turn|4\n|\n|t:|1770433166\n|detailschange|p2a: Charizard|Charizard-Mega-X, L74, F\n|-mega|p2a: Charizard|Charizard|Charizardite X\n|move|p2a: Charizard|Flare Blitz|p1a: Vanilluxe\n|-supereffective|p1a: Vanilluxe\n|-damage|p1a: Vanilluxe|0 fnt\n|faint|p1a: Vanilluxe\n|-damage|p2a: Charizard|45/237|[from] Recoil\n|\n|upkeep\n|\n|t:|1770433183\n|switch|p1a: Gastrodon|Gastrodon-East, L86, F|331/331\n|turn|5\n|inactive|Hauntedfire has 120 seconds left.\n|\n|t:|1770433219\n|switch|p2a: Tropius|Tropius, L94, F|336/336\n|move|p1a: Gastrodon|Earthquake|p2a: Tropius\n|-immune|p2a: Tropius\n|\n|upkeep\n|turn|6\n|\n|t:|1770433223\n|move|p2a: Tropius|Substitute|p2a: Tropius\n|-start|p2a: Tropius|Substitute\n|-damage|p2a: Tropius|252/336\n|move|p1a: Gastrodon|Ice Beam|p2a: Tropius\n|-supereffective|p2a: Tropius\n|-end|p2a: Tropius|Substitute\n|\n|upkeep\n|turn|7\n|inactive|Hauntedfire has 120 seconds left.\n|\n|t:|1770433235\n|move|p2a: Tropius|Protect|p2a: Tropius\n|-singleturn|p2a: Tropius|Protect\n|move|p1a: Gastrodon|Scald|p2a: Tropius\n|-activate|p2a: Tropius|move: Protect\n|\n|upkeep\n|turn|8\n|inactive|Hauntedfire has 120 seconds left.\n|\n|t:|1770433244\n|switch|p2a: Seviper|Seviper, L91, F|125/281\n|move|p1a: Gastrodon|Ice Beam|p2a: Seviper\n|-damage|p2a: Seviper|49/281\n|\n|upkeep\n|turn|9\n|\n|t:|1770433251\n|switch|p1a: Swalot|Swalot, L90, F|326/326\n|move|p2a: Seviper|Earthquake|p1a: Swalot\n|-supereffective|p1a: Swalot\n|-crit|p1a: Swalot\n|-damage|p1a: Swalot|0 fnt\n|faint|p1a: Swalot\n|-damage|p2a: Seviper|21/281|[from] item: Life Orb\n|\n|upkeep\n|\n|t:|1770433263\n|switch|p1a: Kyurem|Kyurem-Black, L76|315/315\n|-ability|p1a: Kyurem|Teravolt\n|turn|10\n|inactive|Hauntedfire has 120 seconds left.\n|\n|t:|1770433300\n|move|p2a: Seviper|Sucker Punch|p1a: Kyurem\n|-damage|p1a: Kyurem|231/315\n|-damage|p2a: Seviper|0 fnt|[from] item: Life Orb\n|faint|p2a: Seviper\n|move|p1a: Kyurem|Ice Beam|p2: Seviper|[notarget]\n|-fail|p1a: Kyurem\n|\n|-heal|p1a: Kyurem|250/315|[from] item: Leftovers\n|upkeep\n|l|☆RNGgivethRNGtaketh\n|inactive|RNGgivethRNGtaketh disconnected and has a minute to reconnect!\n|player|p1|\n|\n|t:|1770433305\n|switch|p2a: Medicham|Medicham, L83, M|235/235\n|turn|11\n|j|☆RNGgivethRNGtaketh\n|inactive|RNGgivethRNGtaketh reconnected and has 140 seconds left.\n|player|p1|RNGgivethRNGtaketh|brock|\n|inactive|Hauntedfire has 120 seconds left.\n|\n|t:|1770433325\n|move|p2a: Medicham|High Jump Kick|p1a: Kyurem\n|-supereffective|p1a: Kyurem\n|-damage|p1a: Kyurem|0 fnt\n|faint|p1a: Kyurem\n|\n|upkeep\n|\n|t:|1770433328\n|switch|p1a: Celebi|Celebi, L82|298/298\n|turn|12\n|inactive|Hauntedfire has 120 seconds left.\n|\n|t:|1770433344\n|switch|p2a: Klefki|Klefki, L79, F|220/220\n|move|p1a: Celebi|Nasty Plot|p1a: Celebi\n|-boost|p1a: Celebi|spa|2\n|\n|upkeep\n|turn|13\n|\n|t:|1770433349\n|move|p2a: Klefki|Thunder Wave|p1a: Celebi\n|-status|p1a: Celebi|par\n|cant|p1a: Celebi|par\n|\n|upkeep\n|turn|14\n|\n|t:|1770433353\n|move|p2a: Klefki|Foul Play|p1a: Celebi\n|-supereffective|p1a: Celebi\n|-damage|p1a: Celebi|200/298 par\n|move|p1a: Celebi|Psychic|p2a: Klefki\n|-resisted|p2a: Klefki\n|-damage|p2a: Klefki|115/220\n|\n|-heal|p2a: Klefki|128/220|[from] item: Leftovers\n|-heal|p1a: Celebi|218/298 par|[from] item: Leftovers\n|upkeep\n|turn|15\n|\n|t:|1770433357\n|move|p2a: Klefki|Foul Play|p1a: Celebi\n|-supereffective|p1a: Celebi\n|-damage|p1a: Celebi|130/298 par\n|cant|p1a: Celebi|par\n|\n|-heal|p2a: Klefki|141/220|[from] item: Leftovers\n|-heal|p1a: Celebi|148/298 par|[from] item: Leftovers\n|upkeep\n|turn|16\n|\n|t:|1770433362\n|move|p2a: Klefki|Foul Play|p1a: Celebi\n|-supereffective|p1a: Celebi\n|-damage|p1a: Celebi|58/298 par\n|move|p1a: Celebi|Recover|p1a: Celebi\n|-heal|p1a: Celebi|207/298 par\n|\n|-heal|p2a: Klefki|154/220|[from] item: Leftovers\n|-heal|p1a: Celebi|225/298 par|[from] item: Leftovers\n|upkeep\n|turn|17\n|\n|t:|1770433365\n|-curestatus|p1a: Celebi|par|[from] ability: Natural Cure\n|switch|p1a: Gastrodon|Gastrodon-East, L86, F|331/331\n|move|p2a: Klefki|Foul Play|p1a: Gastrodon\n|-damage|p1a: Gastrodon|267/331\n|\n|-heal|p2a: Klefki|167/220|[from] item: Leftovers\n|-heal|p1a: Gastrodon|287/331|[from] item: Leftovers\n|upkeep\n|turn|18\n|\n|t:|1770433385\n|switch|p2a: Medicham|Medicham, L83, M|235/235\n|move|p1a: Gastrodon|Scald|p2a: Medicham\n|-damage|p2a: Medicham|145/235\n|\n|-heal|p1a: Gastrodon|307/331|[from] item: Leftovers\n|upkeep\n|turn|19\n|\n|t:|1770433392\n|move|p2a: Medicham|High Jump Kick|p1a: Gastrodon\n|-damage|p1a: Gastrodon|93/331\n|move|p1a: Gastrodon|Scald|p2a: Medicham\n|-damage|p2a: Medicham|52/235\n|\n|-heal|p1a: Gastrodon|113/331|[from] item: Leftovers\n|upkeep\n|turn|20\n|\n|t:|1770433395\n|switch|p1a: Celebi|Celebi, L82|225/298\n|move|p2a: Medicham|High Jump Kick|p1a: Celebi\n|-resisted|p1a: Celebi\n|-damage|p1a: Celebi|135/298\n|\n|-heal|p1a: Celebi|153/298|[from] item: Leftovers\n|upkeep\n|turn|21\n|\n|t:|1770433408\n|switch|p2a: Klefki|Klefki, L79, F|167/220\n|move|p1a: Celebi|Recover|p1a: Celebi\n|-heal|p1a: Celebi|298/298\n|\n|-heal|p2a: Klefki|180/220|[from] item: Leftovers\n|upkeep\n|turn|22\n|\n|t:|1770433411\n|switch|p1a: Gastrodon|Gastrodon-East, L86, F|113/331\n|move|p2a: Klefki|Thunder Wave|p1a: Gastrodon\n|-immune|p1a: Gastrodon\n|\n|-heal|p2a: Klefki|193/220|[from] item: Leftovers\n|-heal|p1a: Gastrodon|133/331|[from] item: Leftovers\n|upkeep\n|turn|23\n|\n|t:|1770433414\n|move|p2a: Klefki|Spikes|p1a: Gastrodon\n|-sidestart|p1: RNGgivethRNGtaketh|Spikes\n|move|p1a: Gastrodon|Recover|p1a: Gastrodon\n|-heal|p1a: Gastrodon|299/331\n|\n|-heal|p2a: Klefki|206/220|[from] item: Leftovers\n|-heal|p1a: Gastrodon|319/331|[from] item: Leftovers\n|upkeep\n|turn|24\n|\n|t:|1770433423\n|move|p2a: Klefki|Spikes|p1a: Gastrodon\n|-sidestart|p1: RNGgivethRNGtaketh|Spikes\n|move|p1a: Gastrodon|Earthquake|p2a: Klefki\n|-supereffective|p2a: Klefki\n|-damage|p2a: Klefki|12/220\n|\n|-heal|p2a: Klefki|25/220|[from] item: Leftovers\n|-heal|p1a: Gastrodon|331/331|[from] item: Leftovers\n|upkeep\n|turn|25\n|\n|t:|1770433425\n|move|p2a: Klefki|Spikes|p1a: Gastrodon\n|-sidestart|p1: RNGgivethRNGtaketh|Spikes\n|move|p1a: Gastrodon|Scald|p2a: Klefki\n|-damage|p2a: Klefki|0 fnt\n|faint|p2a: Klefki\n|\n|upkeep\n|\n|t:|1770433436\n|switch|p2a: Charizard|Charizard-Mega-X, L74, F|45/237\n|turn|26\n|\n|t:|1770433438\n|move|p2a: Charizard|Dragon Claw|p1a: Gastrodon\n|-damage|p1a: Gastrodon|204/331\n|move|p1a: Gastrodon|Earthquake|p2a: Charizard\n|-supereffective|p2a: Charizard\n|-crit|p2a: Charizard\n|-damage|p2a: Charizard|0 fnt\n|faint|p2a: Charizard\n|detailschange|p2: Charizard|Charizard, L74, F|[silent]\n|\n|-heal|p1a: Gastrodon|224/331|[from] item: Leftovers\n|upkeep\n|\n|t:|1770433441\n|switch|p2a: Medicham|Medicham, L83, M|52/235\n|turn|27\n|\n|t:|1770433451\n|move|p2a: Medicham|Poison Jab|p1a: Gastrodon\n|-resisted|p1a: Gastrodon\n|-damage|p1a: Gastrodon|180/331\n|move|p1a: Gastrodon|Earthquake|p2a: Medicham\n|-damage|p2a: Medicham|0 fnt\n|faint|p2a: Medicham\n|\n|-heal|p1a: Gastrodon|200/331|[from] item: Leftovers\n|upkeep\n|\n|t:|1770433454\n|switch|p2a: Tropius|Tropius, L94, F|252/336\n|turn|28\n|\n|t:|1770433456\n|move|p2a: Tropius|Leech Seed|p1a: Gastrodon\n|-start|p1a: Gastrodon|move: Leech Seed\n|move|p1a: Gastrodon|Ice Beam|p2a: Tropius\n|-supereffective|p2a: Tropius\n|-damage|p2a: Tropius|36/336\n|-enditem|p2a: Tropius|Sitrus Berry|[eat]\n|-heal|p2a: Tropius|120/336|[from] item: Sitrus Berry\n|\n|-heal|p1a: Gastrodon|220/331|[from] item: Leftovers\n|-damage|p1a: Gastrodon|179/331|[from] Leech Seed|[of] p2a: Tropius\n|-heal|p2a: Tropius|161/336|[silent]\n|upkeep\n|turn|29\n|\n|t:|1770433462\n|move|p2a: Tropius|Protect|p2a: Tropius\n|-singleturn|p2a: Tropius|Protect\n|move|p1a: Gastrodon|Recover|p1a: Gastrodon\n|-heal|p1a: Gastrodon|331/331\n|\n|-damage|p1a: Gastrodon|290/331|[from] Leech Seed|[of] p2a: Tropius\n|-heal|p2a: Tropius|202/336|[silent]\n|-item|p2a: Tropius|Sitrus Berry|[from] ability: Harvest\n|upkeep\n|turn|30\n|\n|t:|1770433470\n|move|p2a: Tropius|Substitute|p2a: Tropius\n|-start|p2a: Tropius|Substitute\n|-damage|p2a: Tropius|118/336\n|-enditem|p2a: Tropius|Sitrus Berry|[eat]\n|-heal|p2a: Tropius|202/336|[from] item: Sitrus Berry\n|move|p1a: Gastrodon|Ice Beam|p2a: Tropius\n|-supereffective|p2a: Tropius\n|-end|p2a: Tropius|Substitute\n|\n|-heal|p1a: Gastrodon|310/331|[from] item: Leftovers\n|-damage|p1a: Gastrodon|269/331|[from] Leech Seed|[of] p2a: Tropius\n|-heal|p2a: Tropius|243/336|[silent]\n|-item|p2a: Tropius|Sitrus Berry|[from] ability: Harvest\n|upkeep\n|turn|31\n|\n|t:|1770433480\n|move|p2a: Tropius|Substitute|p2a: Tropius\n|-start|p2a: Tropius|Substitute\n|-damage|p2a: Tropius|159/336\n|-enditem|p2a: Tropius|Sitrus Berry|[eat]\n|-heal|p2a: Tropius|243/336|[from] item: Sitrus Berry\n|move|p1a: Gastrodon|Ice Beam|p2a: Tropius\n|-supereffective|p2a: Tropius\n|-end|p2a: Tropius|Substitute\n|\n|-heal|p1a: Gastrodon|289/331|[from] item: Leftovers\n|-damage|p1a: Gastrodon|248/331|[from] Leech Seed|[of] p2a: Tropius\n|-heal|p2a: Tropius|284/336|[silent]\n|upkeep\n|turn|32\n|\n|t:|1770433488\n|move|p2a: Tropius|Protect|p2a: Tropius\n|-singleturn|p2a: Tropius|Protect\n|move|p1a: Gastrodon|Ice Beam|p2a: Tropius\n|-activate|p2a: Tropius|move: Protect\n|\n|-heal|p1a: Gastrodon|268/331|[from] item: Leftovers\n|-damage|p1a: Gastrodon|227/331|[from] Leech Seed|[of] p2a: Tropius\n|-heal|p2a: Tropius|325/336|[silent]\n|upkeep\n|turn|33\n|\n|t:|1770433490\n|move|p2a: Tropius|Substitute|p2a: Tropius\n|-start|p2a: Tropius|Substitute\n|-damage|p2a: Tropius|241/336\n|move|p1a: Gastrodon|Ice Beam|p2a: Tropius\n|-supereffective|p2a: Tropius\n|-end|p2a: Tropius|Substitute\n|\n|-heal|p1a: Gastrodon|247/331|[from] item: Leftovers\n|-damage|p1a: Gastrodon|206/331|[from] Leech Seed|[of] p2a: Tropius\n|-heal|p2a: Tropius|282/336|[silent]\n|upkeep\n|turn|34\n|\n|t:|1770433497\n|move|p2a: Tropius|Substitute|p2a: Tropius\n|-start|p2a: Tropius|Substitute\n|-damage|p2a: Tropius|198/336\n|move|p1a: Gastrodon|Recover|p1a: Gastrodon\n|-heal|p1a: Gastrodon|331/331\n|\n|-damage|p1a: Gastrodon|290/331|[from] Leech Seed|[of] p2a: Tropius\n|-heal|p2a: Tropius|239/336|[silent]\n|upkeep\n|turn|35\n|\n|t:|1770433502\n|move|p2a: Tropius|Protect|p2a: Tropius\n|-singleturn|p2a: Tropius|Protect\n|move|p1a: Gastrodon|Ice Beam|p2a: Tropius\n|-activate|p2a: Tropius|move: Protect\n|\n|-heal|p1a: Gastrodon|310/331|[from] item: Leftovers\n|-damage|p1a: Gastrodon|269/331|[from] Leech Seed|[of] p2a: Tropius\n|-heal|p2a: Tropius|280/336|[silent]\n|-item|p2a: Tropius|Sitrus Berry|[from] ability: Harvest\n|upkeep\n|turn|36\n|\n|t:|1770433506\n|move|p2a: Tropius|Air Slash|p1a: Gastrodon\n|-damage|p1a: Gastrodon|191/331\n|move|p1a: Gastrodon|Ice Beam|p2a: Tropius\n|-supereffective|p2a: Tropius\n|-end|p2a: Tropius|Substitute\n|\n|-heal|p1a: Gastrodon|211/331|[from] item: Leftovers\n|-damage|p1a: Gastrodon|170/331|[from] Leech Seed|[of] p2a: Tropius\n|-heal|p2a: Tropius|321/336|[silent]\n|upkeep\n|turn|37\n|\n|t:|1770433512\n|move|p2a: Tropius|Substitute|p2a: Tropius\n|-start|p2a: Tropius|Substitute\n|-damage|p2a: Tropius|237/336\n|move|p1a: Gastrodon|Ice Beam|p2a: Tropius\n|-supereffective|p2a: Tropius\n|-end|p2a: Tropius|Substitute\n|\n|-heal|p1a: Gastrodon|190/331|[from] item: Leftovers\n|-damage|p1a: Gastrodon|149/331|[from] Leech Seed|[of] p2a: Tropius\n|-heal|p2a: Tropius|278/336|[silent]\n|upkeep\n|turn|38\n|\n|t:|1770433517\n|switch|p1a: Volcanion|Volcanion, L79|255/255\n|-damage|p1a: Volcanion|192/255|[from] Spikes\n|move|p2a: Tropius|Protect||[still]\n|-fail|p2a: Tropius\n|\n|upkeep\n|turn|39\n|\n|t:|1770433524\n|move|p2a: Tropius|Protect|p2a: Tropius\n|-singleturn|p2a: Tropius|Protect\n|move|p1a: Volcanion|Fire Blast|p2a: Tropius\n|-activate|p2a: Tropius|move: Protect\n|\n|upkeep\n|turn|40\n|\n|t:|1770433528\n|move|p1a: Volcanion|Fire Blast|p2a: Tropius\n|-supereffective|p2a: Tropius\n|-damage|p2a: Tropius|36/336\n|-enditem|p2a: Tropius|Sitrus Berry|[eat]\n|-heal|p2a: Tropius|120/336|[from] item: Sitrus Berry\n|move|p2a: Tropius|Leech Seed|p1a: Volcanion\n|-start|p1a: Volcanion|move: Leech Seed\n|\n|-damage|p1a: Volcanion|161/255|[from] Leech Seed|[of] p2a: Tropius\n|-heal|p2a: Tropius|151/336|[silent]\n|upkeep\n|turn|41\n|\n|t:|1770433544\n|switch|p1a: Gastrodon|Gastrodon-East, L86, F|149/331\n|-damage|p1a: Gastrodon|67/331|[from] Spikes\n|move|p2a: Tropius|Protect||[still]\n|-fail|p2a: Tropius\n|\n|-heal|p1a: Gastrodon|87/331|[from] item: Leftovers\n|-item|p2a: Tropius|Sitrus Berry|[from] ability: Harvest\n|upkeep\n|-enditem|p2a: Tropius|Sitrus Berry|[eat]\n|-heal|p2a: Tropius|235/336|[from] item: Sitrus Berry\n|turn|42\n|\n|t:|1770433555\n|move|p2a: Tropius|Protect|p2a: Tropius\n|-singleturn|p2a: Tropius|Protect\n|move|p1a: Gastrodon|Recover|p1a: Gastrodon\n|-heal|p1a: Gastrodon|253/331\n|\n|-heal|p1a: Gastrodon|273/331|[from] item: Leftovers\n|-item|p2a: Tropius|Sitrus Berry|[from] ability: Harvest\n|upkeep\n|turn|43\n|\n|t:|1770433560\n|move|p2a: Tropius|Leech Seed|p1a: Gastrodon\n|-start|p1a: Gastrodon|move: Leech Seed\n|move|p1a: Gastrodon|Ice Beam|p2a: Tropius\n|-supereffective|p2a: Tropius\n|-damage|p2a: Tropius|0 fnt\n|faint|p2a: Tropius\n|\n|win|RNGgivethRNGtaketh\n|raw|RNGgivethRNGtaketh's rating: 1669 &rarr; <strong>1684</strong><br />(+15 for winning)\n|raw|Hauntedfire's rating: 1584 &rarr; <strong>1569</strong><br />(-15 for losing)\n|l|☆Hauntedfire\n|player|p2|\n|c|☆RNGgivethRNGtaketh|Gg\n", "inputlog": ">version ccdc32dd7cde25fd9e4bed64820e885f66e78a4e\n>start {\"formatid\":\"gen6randombattle\",\"seed\":\"sodium,f58fa3aca4a165d8a239b370ac546037\",\"rated\":\"Rated battle\"}\n>player p1 {\"name\":\"RNGgivethRNGtaketh\",\"avatar\":\"brock\",\"rating\":1669,\"seed\":\"sodium,0a5202b711d44ffcdbf1aa35c4bb7963\"}\n>player p2 {\"name\":\"Hauntedfire\",\"avatar\":\"102\",\"rating\":1584,\"seed\":\"sodium,96a8229b3af99f3b844b9bc4b4d43e9e\"}\n>p1 move freezedry\n>p2 move superpower\n>p2 switch 2\n>p1 move hiddenpower\n>p2 move flamethrower\n>p1 move icebeam\n>p2 switch 6\n>p1 move icebeam\n>p2 move flareblitz mega\n>p1 switch 2\n>p1 move earthquake\n>p2 switch 4\n>p1 move icebeam\n>p2 move substitute\n>p1 move scald\n>p2 move protect\n>p1 move icebeam\n>p2 switch 6\n>p1 switch 6\n>p2 move earthquake\n>p1 switch 5\n>p1 move icebeam\n>p2 move suckerpunch\n>p2 switch 3\n>p1 move outrage\n>p2 move highjumpkick\n>p1 switch 3\n>p1 move nastyplot\n>p2 switch 5\n>p1 move psychic\n>p2 move thunderwave\n>p1 move psychic\n>p2 move foulplay\n>p1 move psychic\n>p2 move foulplay\n>p1 move recover\n>p2 move foulplay\n>p1 switch 6\n>p2 move foulplay\n>p1 move scald\n>p2 switch 5\n>p1 move scald\n>p2 move highjumpkick\n>p1 switch 6\n>p2 move highjumpkick\n>p1 move recover\n>p2 switch 5\n>p1 switch 6\n>p2 move thunderwave\n>p1 move recover\n>p2 move spikes\n>p1 move earthquake\n>p2 move spikes\n>p1 move scald\n>p2 move spikes\n>p2 switch 4\n>p1 move earthquake\n>p2 move dragonclaw\n>p2 switch 5\n>p1 move earthquake\n>p2 move poisonjab\n>p2 switch 6\n>p1 move icebeam\n>p2 move leechseed\n>p1 move recover\n>p2 move protect\n>p1 move icebeam\n>p2 move substitute\n>p1 move icebeam\n>p2 move substitute\n>p1 move icebeam\n>p2 move protect\n>p1 move icebeam\n>p2 move substitute\n>p1 move recover\n>p2 move substitute\n>p1 move icebeam\n>p2 move protect\n>p1 move icebeam\n>p2 move airslash\n>p1 move icebeam\n>p2 move substitute\n>p1 switch 4\n>p2 move protect\n>p1 move fireblast\n>p2 move protect\n>p1 move fireblast\n>p2 move leechseed\n>p1 switch 4\n>p2 move protect\n>p1 move recover\n>p2 move protect\n>p1 move icebeam\n>p2 move leechseed", "uploadtime": 1770433569, "views": 254, "formatid": "gen6randombattle", "rating": 1569, "private": 0, "password": null}