{"id": "gen6randombattle-2531955528", "format": "[Gen 6] Random Battle", "players": ["pinkilapolli", "Plop"], "log": "|j|☆pinkilapolli\n|j|☆Plop\n|t:|1770125618\n|gametype|singles\n|player|p1|pinkilapolli|102|1570\n|player|p2|Plop|#rbtt9travelers|1680\n|gen|6\n|tier|[Gen 6] Random Battle\n|rated|\n|rule|Sleep Clause Mod: Limit one foe put to sleep\n|rule|HP Percentage Mod: HP is shown in percentages\n|rule|Illusion Level Mod: Illusion disguises the Pokémon's true level\n|\n|t:|1770125618\n|teamsize|p1|6\n|teamsize|p2|6\n|start\n|switch|p1a: Seismitoad|Seismitoad, L84, M|314/314\n|switch|p2a: Swalot|Swalot, L90, F|326/326\n|turn|1\n|inactive|Battle timer is ON: inactive players will automatically lose when time's up. (requested by pinkilapolli)\n|inactive|Plop has 120 seconds left.\n|\n|t:|1770125671\n|switch|p2a: Gastrodon|Gastrodon-East, L86, M|331/331\n|move|p1a: Seismitoad|Earthquake|p2a: Gastrodon\n|-damage|p2a: Gastrodon|199/331\n|\n|-heal|p2a: Gastrodon|219/331|[from] item: Leftovers\n|upkeep\n|turn|2\n|\n|t:|1770125689\n|switch|p1a: Spiritomb|Spiritomb, L88, F|231/231\n|switch|p2a: Alakazam|Alakazam, L81, M|222/222\n|\n|upkeep\n|turn|3\n|\n|t:|1770125697\n|switch|p2a: Swalot|Swalot, L90, F|326/326\n|move|p1a: Spiritomb|Dark Pulse|p2a: Swalot\n|-damage|p2a: Swalot|242/326\n|\n|-heal|p2a: Swalot|262/326|[from] item: Black Sludge\n|upkeep\n|turn|4\n|\n|t:|1770125710\n|switch|p1a: Shuckle|Shuckle, L84, M|171/171\n|move|p2a: Swalot|Sludge Bomb|p1a: Shuckle\n|-resisted|p1a: Shuckle\n|-damage|p1a: Shuckle|150/171\n|\n|-heal|p2a: Swalot|282/326|[from] item: Black Sludge\n|upkeep\n|turn|5\n|\n|t:|1770125724\n|move|p2a: Swalot|Earthquake|p1a: Shuckle\n|-damage|p1a: Shuckle|120/171\n|move|p1a: Shuckle|Sticky Web|p2a: Swalot\n|-sidestart|p2: Plop|move: Sticky Web\n|\n|-heal|p2a: Swalot|302/326|[from] item: Black Sludge\n|upkeep\n|turn|6\n|\n|t:|1770125728\n|move|p2a: Swalot|Encore|p1a: Shuckle\n|-start|p1a: Shuckle|Encore\n|-enditem|p1a: Shuckle|Mental Herb\n|-end|p1a: Shuckle|Encore\n|move|p1a: Shuckle|Stealth Rock|p2a: Swalot\n|-sidestart|p2: Plop|move: Stealth Rock\n|\n|-heal|p2a: Swalot|322/326|[from] item: Black Sludge\n|upkeep\n|turn|7\n|\n|t:|1770125737\n|switch|p1a: Seismitoad|Seismitoad, L84, M|314/314\n|move|p2a: Swalot|Sludge Bomb|p1a: Seismitoad\n|-resisted|p1a: Seismitoad\n|-damage|p1a: Seismitoad|266/314\n|-status|p1a: Seismitoad|psn\n|\n|-heal|p1a: Seismitoad|285/314 psn|[from] item: Leftovers\n|-heal|p2a: Swalot|326/326|[from] item: Black Sludge\n|-damage|p1a: Seismitoad|246/314 psn|[from] psn\n|upkeep\n|turn|8\n|\n|t:|1770125744\n|switch|p2a: Flygon|Flygon, L83, M|268/268\n|-damage|p2a: Flygon|252/268|[from] Stealth Rock\n|move|p1a: Seismitoad|Earthquake|p2a: Flygon\n|-immune|p2a: Flygon|[from] ability: Levitate\n|\n|-heal|p2a: Flygon|268/268|[from] item: Leftovers\n|-heal|p1a: Seismitoad|265/314 psn|[from] item: Leftovers\n|-damage|p1a: Seismitoad|226/314 psn|[from] psn\n|upkeep\n|turn|9\n|\n|t:|1770125748\n|move|p2a: Flygon|Defog|p1a: Seismitoad\n|-unboost|p1a: Seismitoad|evasion|1\n|-sideend|p2: Plop|Stealth Rock|[from] move: Defog|[of] p2a: Flygon\n|-sideend|p2: Plop|Sticky Web|[from] move: Defog|[of] p2a: Flygon\n|move|p1a: Seismitoad|Scald|p2a: Flygon\n|-damage|p2a: Flygon|180/268\n|\n|-heal|p2a: Flygon|196/268|[from] item: Leftovers\n|-heal|p1a: Seismitoad|245/314 psn|[from] item: Leftovers\n|-damage|p1a: Seismitoad|206/314 psn|[from] psn\n|upkeep\n|turn|10\n|\n|t:|1770125761\n|move|p2a: Flygon|Earthquake|p1a: Seismitoad\n|-damage|p1a: Seismitoad|86/314 psn\n|move|p1a: Seismitoad|Toxic|p2a: Flygon\n|-status|p2a: Flygon|tox\n|\n|-heal|p2a: Flygon|212/268 tox|[from] item: Leftovers\n|-heal|p1a: Seismitoad|105/314 psn|[from] item: Leftovers\n|-damage|p2a: Flygon|196/268 tox|[from] psn\n|-damage|p1a: Seismitoad|66/314 psn|[from] psn\n|upkeep\n|turn|11\n|\n|t:|1770125766\n|switch|p1a: Weezing|Weezing, L86, F|252/252\n|move|p2a: Flygon|Earthquake|p1a: Weezing\n|-immune|p1a: Weezing|[from] ability: Levitate\n|\n|-heal|p2a: Flygon|212/268 tox|[from] item: Leftovers\n|-damage|p2a: Flygon|180/268 tox|[from] psn\n|upkeep\n|turn|12\n|\n|t:|1770125775\n|switch|p2a: Alakazam|Alakazam, L81, M|222/222\n|switch|p1a: Seismitoad|Seismitoad, L84, M|66/314 psn\n|\n|-heal|p1a: Seismitoad|85/314 psn|[from] item: Leftovers\n|-damage|p1a: Seismitoad|46/314 psn|[from] psn\n|upkeep\n|turn|13\n|\n|t:|1770125779\n|move|p2a: Alakazam|Shadow Ball|p1a: Seismitoad\n|-damage|p1a: Seismitoad|0 fnt\n|faint|p1a: Seismitoad\n|\n|upkeep\n|\n|t:|1770125785\n|switch|p1a: Musharna|Musharna, L88, F|347/347\n|turn|14\n|inactive|Plop has 120 seconds left.\n|\n|t:|1770125822\n|move|p2a: Alakazam|Shadow Ball|p1a: Musharna\n|-supereffective|p1a: Musharna\n|-damage|p1a: Musharna|183/347\n|-unboost|p1a: Musharna|spd|1\n|move|p1a: Musharna|Thunder Wave|p2a: Alakazam\n|-status|p2a: Alakazam|par\n|\n|upkeep\n|turn|15\n|inactive|Plop has 120 seconds left.\n|\n|t:|1770125831\n|move|p1a: Musharna|Signal Beam|p2a: Alakazam\n|-supereffective|p2a: Alakazam\n|-damage|p2a: Alakazam|104/222 par\n|cant|p2a: Alakazam|par\n|\n|upkeep\n|turn|16\n|\n|t:|1770125838\n|switch|p2a: Conkeldurr|Conkeldurr, L81, F|303/303\n|move|p1a: Musharna|Signal Beam|p2a: Conkeldurr\n|-resisted|p2a: Conkeldurr\n|-damage|p2a: Conkeldurr|261/303\n|\n|upkeep\n|turn|17\n|\n|t:|1770125841\n|move|p2a: Conkeldurr|Knock Off|p1a: Musharna\n|-supereffective|p1a: Musharna\n|-damage|p1a: Musharna|0 fnt\n|-damage|p2a: Conkeldurr|211/303|[from] item: Rocky Helmet|[of] p1a: Musharna\n|-enditem|p1a: Musharna|Rocky Helmet|[from] move: Knock Off|[of] p2a: Conkeldurr\n|faint|p1a: Musharna\n|-damage|p2a: Conkeldurr|181/303|[from] item: Life Orb\n|\n|upkeep\n|\n|t:|1770125852\n|switch|p1a: Shuckle|Shuckle, L84, M|120/171\n|turn|18\n|\n|t:|1770125856\n|move|p2a: Conkeldurr|Drain Punch|p1a: Shuckle\n|-damage|p1a: Shuckle|54/171\n|-heal|p2a: Conkeldurr|214/303|[from] drain|[of] p1a: Shuckle\n|-damage|p2a: Conkeldurr|184/303|[from] item: Life Orb\n|move|p1a: Shuckle|Sticky Web|p2a: Conkeldurr\n|-sidestart|p2: Plop|move: Sticky Web\n|\n|upkeep\n|turn|19\n|\n|t:|1770125860\n|move|p2a: Conkeldurr|Drain Punch|p1a: Shuckle\n|-damage|p1a: Shuckle|0 fnt\n|-heal|p2a: Conkeldurr|211/303|[from] drain|[of] p1a: Shuckle\n|faint|p1a: Shuckle\n|-damage|p2a: Conkeldurr|181/303|[from] item: Life Orb\n|\n|upkeep\n|\n|t:|1770125869\n|switch|p1a: Spiritomb|Spiritomb, L88, F|231/231\n|turn|20\n|\n|t:|1770125875\n|switch|p2a: Flygon|Flygon, L83, M|180/268 tox\n|move|p1a: Spiritomb|Calm Mind|p1a: Spiritomb\n|-boost|p1a: Spiritomb|spa|1\n|-boost|p1a: Spiritomb|spd|1\n|\n|-heal|p2a: Flygon|196/268 tox|[from] item: Leftovers\n|-damage|p2a: Flygon|180/268 tox|[from] psn\n|upkeep\n|turn|21\n|\n|t:|1770125882\n|move|p2a: Flygon|Defog|p1a: Spiritomb\n|-unboost|p1a: Spiritomb|evasion|1\n|-sideend|p2: Plop|Sticky Web|[from] move: Defog|[of] p2a: Flygon\n|move|p1a: Spiritomb|Calm Mind|p1a: Spiritomb\n|-boost|p1a: Spiritomb|spa|1\n|-boost|p1a: Spiritomb|spd|1\n|\n|-heal|p2a: Flygon|196/268 tox|[from] item: Leftovers\n|-damage|p2a: Flygon|164/268 tox|[from] psn\n|upkeep\n|turn|22\n|\n|t:|1770125890\n|move|p2a: Flygon|Earthquake|p1a: Spiritomb\n|-damage|p1a: Spiritomb|138/231\n|move|p1a: Spiritomb|Dark Pulse|p2a: Flygon\n|-damage|p2a: Flygon|0 fnt\n|faint|p2a: Flygon\n|\n|-heal|p1a: Spiritomb|152/231|[from] item: Leftovers\n|upkeep\n|\n|t:|1770125909\n|switch|p2a: Swalot|Swalot, L90, F|326/326\n|turn|23\n|\n|t:|1770125915\n|move|p2a: Swalot|Earthquake|p1a: Spiritomb\n|-crit|p1a: Spiritomb\n|-damage|p1a: Spiritomb|74/231\n|move|p1a: Spiritomb|Dark Pulse|p2a: Swalot\n|-damage|p2a: Swalot|155/326\n|\n|-heal|p2a: Swalot|175/326|[from] item: Black Sludge\n|-heal|p1a: Spiritomb|88/231|[from] item: Leftovers\n|upkeep\n|turn|24\n|\n|t:|1770125920\n|move|p2a: Swalot|Earthquake|p1a: Spiritomb\n|-damage|p1a: Spiritomb|33/231\n|move|p1a: Spiritomb|Dark Pulse|p2a: Swalot\n|-damage|p2a: Swalot|7/326\n|\n|-heal|p2a: Swalot|27/326|[from] item: Black Sludge\n|-heal|p1a: Spiritomb|47/231|[from] item: Leftovers\n|upkeep\n|turn|25\n|\n|t:|1770125927\n|switch|p1a: Weezing|Weezing, L86, F|252/252\n|move|p2a: Swalot|Earthquake|p1a: Weezing\n|-immune|p1a: Weezing|[from] ability: Levitate\n|\n|-heal|p2a: Swalot|47/326|[from] item: Black Sludge\n|upkeep\n|turn|26\n|\n|t:|1770125941\n|switch|p2a: Gastrodon|Gastrodon-East, L86, M|219/331\n|move|p1a: Weezing|Fire Blast|p2a: Gastrodon|[miss]\n|-miss|p1a: Weezing|p2a: Gastrodon\n|\n|-heal|p2a: Gastrodon|239/331|[from] item: Leftovers\n|upkeep\n|turn|27\n|\n|t:|1770125950\n|move|p1a: Weezing|Will-O-Wisp|p2a: Gastrodon\n|-status|p2a: Gastrodon|brn\n|move|p2a: Gastrodon|Scald|p1a: Weezing\n|-damage|p1a: Weezing|159/252\n|\n|-heal|p1a: Weezing|174/252|[from] item: Black Sludge\n|-heal|p2a: Gastrodon|259/331 brn|[from] item: Leftovers\n|-damage|p2a: Gastrodon|218/331 brn|[from] brn\n|upkeep\n|turn|28\n|\n|t:|1770125954\n|move|p1a: Weezing|Toxic Spikes|p2a: Gastrodon\n|-sidestart|p2: Plop|move: Toxic Spikes\n|move|p2a: Gastrodon|Scald|p1a: Weezing\n|-damage|p1a: Weezing|75/252\n|\n|-heal|p1a: Weezing|90/252|[from] item: Black Sludge\n|-heal|p2a: Gastrodon|238/331 brn|[from] item: Leftovers\n|-damage|p2a: Gastrodon|197/331 brn|[from] brn\n|upkeep\n|turn|29\n|\n|t:|1770125960\n|move|p1a: Weezing|Sludge Bomb|p2a: Gastrodon\n|-resisted|p2a: Gastrodon\n|-damage|p2a: Gastrodon|149/331 brn\n|move|p2a: Gastrodon|Scald|p1a: Weezing\n|-damage|p1a: Weezing|0 fnt\n|faint|p1a: Weezing\n|\n|-heal|p2a: Gastrodon|169/331 brn|[from] item: Leftovers\n|-damage|p2a: Gastrodon|128/331 brn|[from] brn\n|upkeep\n|\n|t:|1770125965\n|switch|p1a: Ludicolo|Ludicolo, L88, F|284/284\n|turn|30\n|\n|t:|1770125994\n|switch|p2a: Swalot|Swalot, L90, F|47/326\n|-sideend|p2: Plop|move: Toxic Spikes|[of] p2a: Swalot\n|move|p1a: Ludicolo|Energy Ball|p2a: Swalot\n|-resisted|p2a: Swalot\n|-damage|p2a: Swalot|0 fnt\n|faint|p2a: Swalot\n|\n|upkeep\n|\n|t:|1770125996\n|switch|p2a: Charizard|Charizard, L74, F|237/237\n|turn|31\n|\n|t:|1770126001\n|switch|p1a: Spiritomb|Spiritomb, L88, F|47/231\n|detailschange|p2a: Charizard|Charizard-Mega-Y, L74, F\n|-mega|p2a: Charizard|Charizard|Charizardite Y\n|-weather|SunnyDay|[from] ability: Drought|[of] p2a: Charizard\n|move|p2a: Charizard|Fire Blast|p1a: Spiritomb\n|-damage|p1a: Spiritomb|0 fnt\n|faint|p1a: Spiritomb\n|\n|-weather|SunnyDay|[upkeep]\n|upkeep\n|\n|t:|1770126003\n|switch|p1a: Ludicolo|Ludicolo, L88, F|284/284\n|turn|32\n|\n|t:|1770126006\n|move|p2a: Charizard|Air Slash|p1a: Ludicolo\n|-supereffective|p1a: Ludicolo\n|-damage|p1a: Ludicolo|114/284\n|cant|p1a: Ludicolo|flinch\n|\n|-weather|SunnyDay|[upkeep]\n|upkeep\n|turn|33\n|-message|pinkilapolli forfeited.\n|\n|win|Plop\n|raw|pinkilapolli's rating: 1570 &rarr; <strong>1556</strong><br />(-14 for losing)\n|raw|Plop's rating: 1680 &rarr; <strong>1694</strong><br />(+14 for winning)\n|l|☆pinkilapolli\n|player|p1|\n", "inputlog": ">version ccdc32dd7cde25fd9e4bed64820e885f66e78a4e\n>start {\"formatid\":\"gen6randombattle\",\"seed\":\"sodium,7daffdfdd962b4335e1b91f7ef501b6a\",\"rated\":\"Rated battle\"}\n>player p1 {\"name\":\"pinkilapolli\",\"avatar\":\"102\",\"rating\":1570,\"seed\":\"sodium,7b46752e7d7719a8dbfd33b7dd5427c2\"}\n>player p2 {\"name\":\"Plop\",\"avatar\":\"#rbtt9travelers\",\"rating\":1680,\"seed\":\"sodium,c3cd3e229181ddfa085370b308de4931\"}\n>p1 move earthquake\n>p2 switch 4\n>p1 switch 2\n>p2 switch 3\n>p1 move darkpulse\n>p2 switch 4\n>p1 switch 6\n>p2 move sludgebomb\n>p1 move stickyweb\n>p2 move earthquake\n>p1 move stealthrock\n>p2 move encore\n>p1 switch 2\n>p2 move sludgebomb\n>p1 move earthquake\n>p2 switch 5\n>p1 move scald\n>p2 move defog\n>p1 move toxic\n>p2 move earthquake\n>p1 switch 3\n>p2 move earthquake\n>p1 switch 3\n>p2 switch 4\n>p1 move knockoff\n>p2 move shadowball\n>p1 switch 4\n>p1 move thunderwave\n>p2 move shadowball\n>p1 move signalbeam\n>p2 move shadowball\n>p1 move signalbeam\n>p2 switch 2\n>p1 move psychic\n>p2 move knockoff\n>p1 switch 2\n>p1 move stickyweb\n>p2 move drainpunch\n>p1 move stealthrock\n>p2 move drainpunch\n>p1 switch 6\n>p1 move calmmind\n>p2 switch 4\n>p1 move calmmind\n>p2 move defog\n>p1 move darkpulse\n>p2 move earthquake\n>p2 switch 5\n>p1 move darkpulse\n>p2 move earthquake\n>p1 move darkpulse\n>p2 move earthquake\n>p1 switch 3\n>p2 move earthquake\n>p1 move fireblast\n>p2 switch 3\n>p1 move willowisp\n>p2 move scald\n>p1 move toxicspikes\n>p2 move scald\n>p1 move sludgebomb\n>p2 move scald\n>p1 switch 5\n>p1 move energyball\n>p2 switch 3\n>p2 switch 6\n>p1 switch 3\n>p2 move fireblast mega\n>p1 switch 3\n>p1 move hydropump\n>p2 move airslash\n>forcelose p1", "uploadtime": 1770126017, "views": 229, "formatid": "gen6randombattle", "rating": 1556, "private": 0, "password": null}