{"id": "gen6randombattle-2539328663", "format": "[Gen 6] Random Battle", "players": ["Frognosticator", "arboretums"], "log": "|j|☆Frognosticator\n|j|☆arboretums\n|t:|1771039122\n|gametype|singles\n|player|p1|Frognosticator|1|1574\n|player|p2|arboretums|serena-masters2|1653\n|gen|6\n|tier|[Gen 6] Random Battle\n|rated|\n|rule|Sleep Clause Mod: Limit one foe put to sleep\n|rule|HP Percentage Mod: HP is shown in percentages\n|rule|Illusion Level Mod: Illusion disguises the Pokémon's true level\n|\n|t:|1771039122\n|teamsize|p1|6\n|teamsize|p2|6\n|start\n|switch|p1a: Scolipede|Scolipede, L79, M|224/224\n|switch|p2a: Slaking|Slaking, L82, M|380/380\n|turn|1\n|inactive|Battle timer is ON: inactive players will automatically lose when time's up. (requested by arboretums)\n|\n|t:|1771039140\n|move|p1a: Scolipede|Poison Jab|p2a: Slaking\n|-damage|p2a: Slaking|289/380\n|-damage|p1a: Scolipede|202/224|[from] item: Life Orb\n|move|p2a: Slaking|Giga Impact|p1a: Scolipede\n|-damage|p1a: Scolipede|0 fnt\n|-mustrecharge|p2a: Slaking\n|faint|p1a: Scolipede\n|\n|upkeep\n|\n|t:|1771039169\n|switch|p1a: Floette|Floette-Eternal, L81, F|253/253\n|turn|2\n|\n|t:|1771039181\n|cant|p2a: Slaking|recharge\n|move|p1a: Floette|Light of Ruin|p2a: Slaking\n|-damage|p2a: Slaking|0 fnt\n|faint|p2a: Slaking\n|-damage|p1a: Floette|108/253|[from] Recoil\n|\n|upkeep\n|\n|t:|1771039185\n|switch|p2a: Klinklang|Klinklang, L87|246/246\n|turn|3\n|\n|t:|1771039192\n|switch|p1a: Wobbuffet|Wobbuffet, L93, F|504/504\n|move|p2a: Klinklang|Shift Gear|p2a: Klinklang\n|-boost|p2a: Klinklang|spe|2\n|-boost|p2a: Klinklang|atk|1\n|\n|upkeep\n|turn|4\n|\n|t:|1771039196\n|move|p2a: Klinklang|Gear Grind|p1a: Wobbuffet\n|-damage|p1a: Wobbuffet|366/504\n|-damage|p1a: Wobbuffet|224/504\n|-hitcount|p1a: Wobbuffet|2\n|-damage|p2a: Klinklang|222/246|[from] item: Life Orb\n|move|p1a: Wobbuffet|Encore|p2a: Klinklang\n|-start|p2a: Klinklang|Encore\n|\n|upkeep\n|turn|5\n|\n|t:|1771039208\n|switch|p1a: Vileplume|Vileplume, L87, M|272/272\n|move|p2a: Klinklang|Gear Grind|p1a: Vileplume\n|-damage|p1a: Vileplume|154/272\n|-damage|p1a: Vileplume|51/272\n|-status|p2a: Klinklang|par|[from] ability: Effect Spore|[of] p1a: Vileplume\n|-hitcount|p1a: Vileplume|2\n|-damage|p2a: Klinklang|198/246 par|[from] item: Life Orb\n|\n|-heal|p1a: Vileplume|68/272|[from] item: Black Sludge\n|upkeep\n|turn|6\n|\n|t:|1771039215\n|move|p1a: Vileplume|Hidden Power|p2a: Klinklang\n|-supereffective|p2a: Klinklang\n|-damage|p2a: Klinklang|106/246 par\n|move|p2a: Klinklang|Gear Grind|p1a: Vileplume\n|-damage|p1a: Vileplume|0 fnt\n|faint|p1a: Vileplume\n|-hitcount|p1: Vileplume|1\n|-damage|p2a: Klinklang|82/246 par|[from] item: Life Orb\n|\n|upkeep\n|\n|t:|1771039222\n|switch|p1a: Floette|Floette-Eternal, L81, F|108/253\n|turn|7\n|\n|t:|1771039224\n|move|p1a: Floette|Hidden Power|p2a: Klinklang\n|-supereffective|p2a: Klinklang\n|-crit|p2a: Klinklang\n|-damage|p2a: Klinklang|0 fnt\n|faint|p2a: Klinklang\n|\n|upkeep\n|\n|t:|1771039232\n|switch|p2a: Infernape|Infernape, L79, M|250/250\n|turn|8\n|\n|t:|1771039236\n|switch|p1a: Wobbuffet|Wobbuffet, L93, F|224/504\n|move|p2a: Infernape|Overheat|p1a: Wobbuffet\n|-damage|p1a: Wobbuffet|24/504\n|-unboost|p2a: Infernape|spa|2\n|-damage|p2a: Infernape|225/250|[from] item: Life Orb\n|\n|upkeep\n|turn|9\n|-enditem|p1a: Wobbuffet|Custap Berry|[eat]\n|-activate|p1a: Wobbuffet|item: Custap Berry|[consumed]\n|\n|t:|1771039244\n|move|p1a: Wobbuffet|Destiny Bond|p1a: Wobbuffet\n|-singlemove|p1a: Wobbuffet|Destiny Bond\n|move|p2a: Infernape|Grass Knot|p1a: Wobbuffet\n|-damage|p1a: Wobbuffet|0 fnt\n|faint|p1a: Wobbuffet\n|-activate|p1a: Wobbuffet|move: Destiny Bond\n|faint|p2a: Infernape\n|\n|upkeep\n|\n|t:|1771039254\n|switch|p2a: Luvdisc|Luvdisc, M|248/248\n|switch|p1a: Floette|Floette-Eternal, L81, F|108/253\n|turn|10\n|\n|t:|1771039263\n|switch|p2a: Poliwrath|Poliwrath, L89, M|305/305\n|move|p1a: Floette|Light of Ruin|p2a: Poliwrath\n|-supereffective|p2a: Poliwrath\n|-damage|p2a: Poliwrath|0 fnt\n|faint|p2a: Poliwrath\n|-damage|p1a: Floette|0 fnt|[from] Recoil\n|faint|p1a: Floette\n|\n|upkeep\n|\n|t:|1771039269\n|switch|p1a: Accelgor|Accelgor, L89, F|287/287\n|switch|p2a: Luvdisc|Luvdisc, M|248/248\n|turn|11\n|\n|t:|1771039274\n|move|p1a: Accelgor|Bug Buzz|p2a: Luvdisc\n|-damage|p2a: Luvdisc|140/248\n|move|p2a: Luvdisc|Toxic|p1a: Accelgor\n|-status|p1a: Accelgor|tox\n|\n|-heal|p2a: Luvdisc|155/248|[from] item: Leftovers\n|-damage|p1a: Accelgor|270/287 tox|[from] psn\n|upkeep\n|turn|12\n|\n|t:|1771039281\n|move|p2a: Luvdisc|Protect|p2a: Luvdisc\n|-singleturn|p2a: Luvdisc|Protect\n|move|p1a: Accelgor|Bug Buzz|p2a: Luvdisc\n|-activate|p2a: Luvdisc|move: Protect\n|\n|-heal|p1a: Accelgor|287/287 tox|[from] item: Leftovers\n|-heal|p2a: Luvdisc|170/248|[from] item: Leftovers\n|-damage|p1a: Accelgor|253/287 tox|[from] psn\n|upkeep\n|turn|13\n|\n|t:|1771039285\n|move|p1a: Accelgor|Bug Buzz|p2a: Luvdisc\n|-damage|p2a: Luvdisc|58/248\n|move|p2a: Luvdisc|Scald|p1a: Accelgor\n|-damage|p1a: Accelgor|168/287 tox\n|\n|-heal|p1a: Accelgor|185/287 tox|[from] item: Leftovers\n|-heal|p2a: Luvdisc|73/248|[from] item: Leftovers\n|-damage|p1a: Accelgor|134/287 tox|[from] psn\n|upkeep\n|turn|14\n|\n|t:|1771039296\n|move|p2a: Luvdisc|Protect|p2a: Luvdisc\n|-singleturn|p2a: Luvdisc|Protect\n|move|p1a: Accelgor|Bug Buzz|p2a: Luvdisc\n|-activate|p2a: Luvdisc|move: Protect\n|\n|-heal|p1a: Accelgor|151/287 tox|[from] item: Leftovers\n|-heal|p2a: Luvdisc|88/248|[from] item: Leftovers\n|-damage|p1a: Accelgor|83/287 tox|[from] psn\n|upkeep\n|turn|15\n|\n|t:|1771039304\n|move|p1a: Accelgor|Bug Buzz|p2a: Luvdisc\n|-damage|p2a: Luvdisc|0 fnt\n|faint|p2a: Luvdisc\n|\n|-heal|p1a: Accelgor|100/287 tox|[from] item: Leftovers\n|-damage|p1a: Accelgor|15/287 tox|[from] psn\n|upkeep\n|\n|t:|1771039306\n|switch|p2a: Mightyena|Mightyena, L93, F|281/281\n|-ability|p2a: Mightyena|Intimidate|boost\n|-unboost|p1a: Accelgor|atk|1\n|turn|16\n|\n|t:|1771039310\n|move|p2a: Mightyena|Sucker Punch|p1a: Accelgor\n|-damage|p1a: Accelgor|0 fnt\n|faint|p1a: Accelgor\n|-damage|p2a: Mightyena|253/281|[from] item: Life Orb\n|\n|upkeep\n|\n|t:|1771039312\n|switch|p1a: Darkrai|Darkrai, L72|220/220\n|turn|17\n|\n|t:|1771039316\n|move|p1a: Darkrai|Dark Void|p2a: Mightyena|[miss]\n|-miss|p1a: Darkrai|p2a: Mightyena\n|move|p2a: Mightyena|Play Rough|p1a: Darkrai\n|-supereffective|p1a: Darkrai\n|-damage|p1a: Darkrai|20/220\n|-damage|p2a: Mightyena|225/281|[from] item: Life Orb\n|\n|upkeep\n|turn|18\n|\n|t:|1771039319\n|move|p1a: Darkrai|Dark Void|p2a: Mightyena\n|-status|p2a: Mightyena|slp|[from] move: Dark Void\n|cant|p2a: Mightyena|slp\n|\n|-damage|p2a: Mightyena|190/281 slp|[from] ability: Bad Dreams|[of] p1a: Darkrai\n|upkeep\n|turn|19\n|\n|t:|1771039322\n|move|p1a: Darkrai|Sludge Bomb|p2a: Mightyena\n|-damage|p2a: Mightyena|99/281 slp\n|-damage|p1a: Darkrai|0 fnt|[from] item: Life Orb\n|faint|p1a: Darkrai\n|\n|win|arboretums\n|raw|Frognosticator's rating: 1574 &rarr; <strong>1558</strong><br />(-16 for losing)\n|raw|arboretums's rating: 1653 &rarr; <strong>1669</strong><br />(+16 for winning)\n|l|☆arboretums\n|player|p2|\n|l|☆Frognosticator\n|player|p1|\n", "inputlog": ">version ccdc32dd7cde25fd9e4bed64820e885f66e78a4e\n>start {\"formatid\":\"gen6randombattle\",\"seed\":\"sodium,8db317c96ddf4cf6ab41d9cdc529fded\",\"rated\":\"Rated battle\"}\n>player p1 {\"name\":\"Frognosticator\",\"avatar\":\"1\",\"rating\":1574,\"seed\":\"sodium,013478d2b511c25172dfbaf1126ebc4e\"}\n>player p2 {\"name\":\"arboretums\",\"avatar\":\"serena-masters2\",\"rating\":1653,\"seed\":\"sodium,111aa820fa398f833456893dbe35016e\"}\n>p1 move poisonjab\n>p2 move gigaimpact\n>p1 switch 3\n>p1 move lightofruin\n>p2 move recharge\n>p2 switch 5\n>p1 switch 2\n>p2 move shiftgear\n>p1 move encore\n>p2 move geargrind\n>p1 switch 5\n>p2 move geargrind\n>p1 move hiddenpower\n>p2 move geargrind\n>p1 switch 2\n>p1 move hiddenpower\n>p2 move geargrind\n>p2 switch 6\n>p1 switch 5\n>p2 move overheat\n>p1 move destinybond\n>p2 move grassknot\n>p1 switch 5\n>p2 switch 4\n>p1 move lightofruin\n>p2 switch 3\n>p1 switch 4\n>p2 switch 3\n>p1 move bugbuzz\n>p2 move toxic\n>p1 move bugbuzz\n>p2 move protect\n>p1 move bugbuzz\n>p2 move scald\n>p1 move bugbuzz\n>p2 move protect\n>p1 move bugbuzz\n>p2 move scald\n>p2 switch 2\n>p1 move bugbuzz\n>p2 move suckerpunch\n>p1 switch 6\n>p1 move darkvoid\n>p2 move playrough\n>p1 move darkvoid\n>p2 move crunch\n>p1 move sludgebomb\n>p2 move crunch", "uploadtime": 1771039325, "views": 165, "formatid": "gen6randombattle", "rating": 1558, "private": 0, "password": null}