{"id": "gen6randombattle-2537515882", "format": "[Gen 6] Random Battle", "players": ["Lgrav", "RNGgivethRNGtaketh"], "log": "|j|☆Lgrav\n|j|☆RNGgivethRNGtaketh\n|t:|1770823311\n|gametype|singles\n|player|p1|Lgrav|102|1591\n|player|p2|RNGgivethRNGtaketh|brock|1539\n|gen|6\n|tier|[Gen 6] Random Battle\n|rated|\n|rule|Sleep Clause Mod: Limit one foe put to sleep\n|rule|HP Percentage Mod: HP is shown in percentages\n|rule|Illusion Level Mod: Illusion disguises the Pokémon's true level\n|\n|t:|1770823311\n|teamsize|p1|6\n|teamsize|p2|6\n|start\n|switch|p1a: Dustox|Dustox, L96, F|271/271\n|switch|p2a: Masquerain|Masquerain, L90, F|271/271\n|-ability|p2a: Masquerain|Intimidate|boost\n|-unboost|p1a: Dustox|atk|1\n|turn|1\n|inactive|Battle timer is ON: inactive players will automatically lose when time's up. (requested by Lgrav)\n|\n|t:|1770823337\n|switch|p1a: Gigalith|Gigalith, L85, F|283/283\n|move|p2a: Masquerain|Quiver Dance|p2a: Masquerain\n|-boost|p2a: Masquerain|spa|1\n|-boost|p2a: Masquerain|spd|1\n|-boost|p2a: Masquerain|spe|1\n|\n|upkeep\n|turn|2\n|\n|t:|1770823347\n|move|p2a: Masquerain|Hydro Pump|p1a: Gigalith\n|-supereffective|p1a: Gigalith\n|-damage|p1a: Gigalith|31/283\n|move|p1a: Gigalith|Stone Edge|p2a: Masquerain\n|-supereffective|p2a: Masquerain\n|-damage|p2a: Masquerain|0 fnt\n|faint|p2a: Masquerain\n|\n|upkeep\n|\n|t:|1770823354\n|switch|p2a: Uxie|Uxie, L81|254/254\n|turn|3\n|-enditem|p1a: Gigalith|Custap Berry|[eat]\n|-activate|p1a: Gigalith|item: Custap Berry|[consumed]\n|\n|t:|1770823366\n|move|p1a: Gigalith|Explosion|p2a: Uxie\n|-damage|p2a: Uxie|82/254\n|faint|p1a: Gigalith\n|move|p2a: Uxie|Knock Off|p1: Gigalith|[notarget]\n|-fail|p2a: Uxie\n|\n|-heal|p2a: Uxie|97/254|[from] item: Leftovers\n|upkeep\n|\n|t:|1770823383\n|switch|p1a: Swampert|Swampert, L80, F|291/291\n|turn|4\n|\n|t:|1770823387\n|switch|p2a: Gourgeist|Gourgeist-Super, L87, F|290/290\n|-item|p1a: Swampert|Swampertite|[from] ability: Frisk|[of] p2a: Gourgeist\n|detailschange|p1a: Swampert|Swampert-Mega, L80, F\n|-mega|p1a: Swampert|Swampert|Swampertite\n|move|p1a: Swampert|Rain Dance|p1a: Swampert\n|-weather|RainDance\n|\n|-weather|RainDance|[upkeep]\n|upkeep\n|turn|5\n|\n|t:|1770823401\n|switch|p1a: Dustox|Dustox, L96, F|271/271\n|move|p2a: Gourgeist|Will-O-Wisp|p1a: Dustox\n|-status|p1a: Dustox|brn\n|\n|-weather|RainDance|[upkeep]\n|-damage|p1a: Dustox|238/271 brn|[from] brn\n|upkeep\n|turn|6\n|\n|t:|1770823411\n|switch|p2a: Octillery|Octillery, L93, F|290/290\n|move|p1a: Dustox|Quiver Dance|p1a: Dustox\n|-boost|p1a: Dustox|spa|1\n|-boost|p1a: Dustox|spd|1\n|-boost|p1a: Dustox|spe|1\n|\n|-weather|RainDance|[upkeep]\n|-heal|p1a: Dustox|254/271 brn|[from] item: Black Sludge\n|-damage|p1a: Dustox|221/271 brn|[from] brn\n|upkeep\n|turn|7\n|\n|t:|1770823418\n|switch|p2a: Scolipede|Scolipede, L79, M|224/224\n|move|p1a: Dustox|Quiver Dance|p1a: Dustox\n|-boost|p1a: Dustox|spa|1\n|-boost|p1a: Dustox|spd|1\n|-boost|p1a: Dustox|spe|1\n|\n|-weather|RainDance|[upkeep]\n|-heal|p1a: Dustox|237/271 brn|[from] item: Black Sludge\n|-damage|p1a: Dustox|204/271 brn|[from] brn\n|upkeep\n|turn|8\n|\n|t:|1770823432\n|move|p1a: Dustox|Sludge Bomb|p2a: Scolipede\n|-resisted|p2a: Scolipede\n|-damage|p2a: Scolipede|121/224\n|move|p2a: Scolipede|Swords Dance|p2a: Scolipede\n|-boost|p2a: Scolipede|atk|2\n|\n|-weather|none\n|-heal|p1a: Dustox|220/271 brn|[from] item: Black Sludge\n|-damage|p1a: Dustox|187/271 brn|[from] brn\n|-ability|p2a: Scolipede|Speed Boost|boost\n|-boost|p2a: Scolipede|spe|1\n|upkeep\n|turn|9\n|\n|t:|1770823441\n|move|p1a: Dustox|Sludge Bomb|p2a: Scolipede\n|-resisted|p2a: Scolipede\n|-damage|p2a: Scolipede|29/224\n|move|p2a: Scolipede|Earthquake|p1a: Dustox\n|-crit|p1a: Dustox\n|-damage|p1a: Dustox|0 fnt\n|faint|p1a: Dustox\n|-damage|p2a: Scolipede|7/224|[from] item: Life Orb\n|\n|-ability|p2a: Scolipede|Speed Boost|boost\n|-boost|p2a: Scolipede|spe|1\n|upkeep\n|\n|t:|1770823463\n|switch|p1a: Wobbuffet|Wobbuffet, L93, M|504/504\n|turn|10\n|\n|t:|1770823469\n|move|p2a: Scolipede|Megahorn|p1a: Wobbuffet\n|-supereffective|p1a: Wobbuffet\n|-damage|p1a: Wobbuffet|0 fnt\n|faint|p1a: Wobbuffet\n|-damage|p2a: Scolipede|0 fnt|[from] item: Life Orb\n|faint|p2a: Scolipede\n|\n|upkeep\n|\n|t:|1770823479\n|switch|p2a: Octillery|Octillery, L93, F|290/290\n|switch|p1a: Electrode|Electrode, L88|249/249\n|turn|11\n|\n|t:|1770823484\n|move|p1a: Electrode|Volt Switch|p2a: Octillery\n|-supereffective|p2a: Octillery\n|-damage|p2a: Octillery|150/290\n|\n|t:|1770823489\n|switch|p1a: Swampert|Swampert-Mega, L80, F|291/291|[from] Volt Switch\n|move|p2a: Octillery|Gunk Shot|p1a: Swampert\n|-resisted|p1a: Swampert\n|-damage|p1a: Swampert|239/291\n|\n|-heal|p2a: Octillery|168/290|[from] item: Leftovers\n|upkeep\n|turn|12\n|\n|t:|1770823496\n|switch|p1a: Electrode|Electrode, L88|249/249\n|move|p2a: Octillery|Scald|p1a: Electrode\n|-damage|p1a: Electrode|131/249\n|\n|-heal|p1a: Electrode|146/249|[from] item: Leftovers\n|-heal|p2a: Octillery|186/290|[from] item: Leftovers\n|upkeep\n|turn|13\n|\n|t:|1770823502\n|switch|p2a: Ditto|Ditto, L84|218/218\n|-transform|p2a: Ditto|p1a: Electrode|[from] ability: Imposter\n|move|p1a: Electrode|Thunderbolt|p2a: Ditto\n|-resisted|p2a: Ditto\n|-damage|p2a: Ditto|174/218\n|\n|-heal|p1a: Electrode|161/249|[from] item: Leftovers\n|upkeep\n|turn|14\n|\n|t:|1770823509\n|switch|p1a: Swampert|Swampert-Mega, L80, F|239/291\n|move|p2a: Ditto|Toxic|p1a: Swampert\n|-status|p1a: Swampert|tox\n|\n|-damage|p1a: Swampert|221/291 tox|[from] psn\n|upkeep\n|turn|15\n|\n|t:|1770823516\n|switch|p2a: Gourgeist|Gourgeist-Super, L87, F|290/290\n|-item|p1a: Swampert|Swampertite|[from] ability: Frisk|[of] p2a: Gourgeist\n|move|p1a: Swampert|Ice Punch|p2a: Gourgeist\n|-supereffective|p2a: Gourgeist\n|-damage|p2a: Gourgeist|188/290\n|-damage|p1a: Swampert|173/291 tox|[from] item: Rocky Helmet|[of] p2a: Gourgeist\n|\n|-damage|p1a: Swampert|137/291 tox|[from] psn\n|upkeep\n|turn|16\n|\n|t:|1770823526\n|switch|p1a: Electrode|Electrode, L88|161/249\n|move|p2a: Gourgeist|Synthesis|p2a: Gourgeist\n|-heal|p2a: Gourgeist|290/290\n|\n|-heal|p1a: Electrode|176/249|[from] item: Leftovers\n|upkeep\n|turn|17\n|\n|t:|1770823531\n|move|p1a: Electrode|Toxic|p2a: Gourgeist\n|-status|p2a: Gourgeist|tox\n|move|p2a: Gourgeist|Seed Bomb|p1a: Electrode\n|-damage|p1a: Electrode|77/249\n|\n|-heal|p1a: Electrode|92/249|[from] item: Leftovers\n|-damage|p2a: Gourgeist|272/290 tox|[from] psn\n|upkeep\n|turn|18\n|\n|t:|1770823541\n|move|p1a: Electrode|Volt Switch|p2a: Gourgeist\n|-resisted|p2a: Gourgeist\n|-damage|p2a: Gourgeist|231/290 tox\n|\n|t:|1770823544\n|switch|p1a: Klinklang|Klinklang, L87|246/246|[from] Volt Switch\n|move|p2a: Gourgeist|Seed Bomb|p1a: Klinklang\n|-resisted|p1a: Klinklang\n|-damage|p1a: Klinklang|209/246\n|\n|-damage|p2a: Gourgeist|195/290 tox|[from] psn\n|upkeep\n|turn|19\n|\n|t:|1770823550\n|switch|p1a: Swampert|Swampert-Mega, L80, F|137/291 tox\n|switch|p2a: Octillery|Octillery, L93, F|186/290\n|\n|-heal|p2a: Octillery|204/290|[from] item: Leftovers\n|-damage|p1a: Swampert|119/291 tox|[from] psn\n|upkeep\n|turn|20\n|\n|t:|1770823558\n|move|p1a: Swampert|Earthquake|p2a: Octillery\n|-damage|p2a: Octillery|74/290\n|move|p2a: Octillery|Scald|p1a: Swampert\n|-damage|p1a: Swampert|26/291 tox\n|\n|-heal|p2a: Octillery|92/290|[from] item: Leftovers\n|-damage|p1a: Swampert|0 fnt|[from] psn\n|faint|p1a: Swampert\n|detailschange|p1: Swampert|Swampert, L80, F|[silent]\n|upkeep\n|\n|t:|1770823566\n|switch|p1a: Electrode|Electrode, L88|92/249\n|turn|21\n|\n|t:|1770823592\n|move|p1a: Electrode|Volt Switch|p2a: Octillery\n|-supereffective|p2a: Octillery\n|-damage|p2a: Octillery|0 fnt\n|faint|p2a: Octillery\n|\n|t:|1770823595\n|switch|p1a: Klinklang|Klinklang, L87|209/246|[from] Volt Switch\n|\n|upkeep\n|\n|t:|1770823598\n|switch|p2a: Gourgeist|Gourgeist-Super, L87, F|195/290 tox\n|-item|p1a: Klinklang|Life Orb|[from] ability: Frisk|[of] p2a: Gourgeist\n|turn|22\n|\n|t:|1770823607\n|move|p1a: Klinklang|Shift Gear|p1a: Klinklang\n|-boost|p1a: Klinklang|spe|2\n|-boost|p1a: Klinklang|atk|1\n|move|p2a: Gourgeist|Will-O-Wisp|p1a: Klinklang|[miss]\n|-miss|p2a: Gourgeist|p1a: Klinklang\n|\n|-damage|p2a: Gourgeist|177/290 tox|[from] psn\n|upkeep\n|turn|23\n|\n|t:|1770823616\n|move|p1a: Klinklang|Gear Grind|p2a: Gourgeist\n|-damage|p2a: Gourgeist|94/290 tox\n|-damage|p1a: Klinklang|168/246|[from] item: Rocky Helmet|[of] p2a: Gourgeist\n|-damage|p2a: Gourgeist|0 fnt\n|-damage|p1a: Klinklang|127/246|[from] item: Rocky Helmet|[of] p2a: Gourgeist\n|faint|p2a: Gourgeist\n|-hitcount|p2: Gourgeist|2\n|-damage|p1a: Klinklang|103/246|[from] item: Life Orb\n|\n|upkeep\n|c|☆RNGgivethRNGtaketh|Damn I'm thinking that's gg\n|\n|t:|1770823636\n|switch|p2a: Uxie|Uxie, L81|97/254\n|turn|24\n|\n|t:|1770823640\n|move|p1a: Klinklang|Gear Grind|p2a: Uxie\n|-damage|p2a: Uxie|14/254\n|-damage|p2a: Uxie|0 fnt\n|faint|p2a: Uxie\n|-hitcount|p2: Uxie|2\n|-damage|p1a: Klinklang|79/246|[from] item: Life Orb\n|\n|upkeep\n|\n|t:|1770823643\n|switch|p2a: Ditto|Ditto, L84|174/218\n|-transform|p2a: Ditto|p1a: Klinklang|[from] ability: Imposter\n|turn|25\n|\n|t:|1770823653\n|move|p2a: Ditto|Gear Grind|p1a: Klinklang\n|-resisted|p1a: Klinklang\n|-damage|p1a: Klinklang|47/246\n|-resisted|p1a: Klinklang\n|-damage|p1a: Klinklang|16/246\n|-hitcount|p1a: Klinklang|2\n|move|p1a: Klinklang|Wild Charge|p2a: Ditto\n|-damage|p2a: Ditto|69/218\n|-damage|p1a: Klinklang|0 fnt|[from] Recoil\n|faint|p1a: Klinklang\n|\n|upkeep\n|\n|t:|1770823662\n|switch|p1a: Electrode|Electrode, L88|92/249\n|turn|26\n|\n|t:|1770823664\n|move|p2a: Ditto|Gear Grind|p1a: Electrode\n|-resisted|p1a: Electrode\n|-damage|p1a: Electrode|47/249\n|-resisted|p1a: Electrode\n|-damage|p1a: Electrode|1/249\n|-hitcount|p1a: Electrode|2\n|move|p1a: Electrode|Thunderbolt|p2a: Ditto\n|-damage|p2a: Ditto|0 fnt\n|faint|p2a: Ditto\n|\n|win|Lgrav\n|raw|Lgrav's rating: 1591 &rarr; <strong>1608</strong><br />(+17 for winning)\n|raw|RNGgivethRNGtaketh's rating: 1539 &rarr; <strong>1522</strong><br />(-17 for losing)\n", "inputlog": ">version ccdc32dd7cde25fd9e4bed64820e885f66e78a4e\n>start {\"formatid\":\"gen6randombattle\",\"seed\":\"sodium,f9e12fe9ba43eb9ad8f62a5c2bc0eaef\",\"rated\":\"Rated battle\"}\n>player p1 {\"name\":\"Lgrav\",\"avatar\":\"102\",\"rating\":1591,\"seed\":\"sodium,31679f55e5dbdd1f88547b02cbba1d40\"}\n>player p2 {\"name\":\"RNGgivethRNGtaketh\",\"avatar\":\"brock\",\"rating\":1539,\"seed\":\"sodium,13ded322047b57e7d71a828837ec0cca\"}\n>p1 switch 5\n>p2 move quiverdance\n>p1 move stoneedge\n>p2 move hydropump\n>p2 switch 5\n>p1 move explosion\n>p2 move knockoff\n>p1 switch 2\n>p1 move raindance mega\n>p2 switch 6\n>p1 switch 5\n>p2 move willowisp\n>p1 move quiverdance\n>p2 switch 3\n>p1 move quiverdance\n>p2 switch 2\n>p1 move sludgebomb\n>p2 move swordsdance\n>p1 move sludgebomb\n>p2 move earthquake\n>p1 switch 4\n>p1 move destinybond\n>p2 move megahorn\n>p1 switch 6\n>p2 switch 2\n>p1 move voltswitch\n>p2 move gunkshot\n>p1 switch 5\n>p1 switch 5\n>p2 move scald\n>p1 move thunderbolt\n>p2 switch 4\n>p1 switch 5\n>p2 move toxic\n>p1 move icepunch\n>p2 switch 3\n>p1 switch 5\n>p2 move synthesis\n>p1 move toxic\n>p2 move seedbomb\n>p1 move voltswitch\n>p2 move seedbomb\n>p1 switch 3\n>p1 switch 5\n>p2 switch 4\n>p1 move earthquake\n>p2 move scald\n>p1 switch 3\n>p1 move voltswitch\n>p2 move scald\n>p1 switch 5\n>p2 switch 4\n>p1 move shiftgear\n>p2 move willowisp\n>p1 move geargrind\n>p2 move willowisp\n>chat ☆RNGgivethRNGtaketh|Damn I'm thinking that's gg\n>p2 switch 6\n>p1 move geargrind\n>p2 move thunderwave\n>p2 switch 3\n>p1 move wildcharge\n>p2 move geargrind\n>p1 switch 5\n>p1 move thunderbolt\n>p2 move geargrind", "uploadtime": 1770823669, "views": 242, "formatid": "gen6randombattle", "rating": 1522, "private": 0, "password": null}