{"id": "gen6randombattle-2540307340", "format": "[Gen 6] Random Battle", "players": ["shutten", "Glenn M5"], "log": "|j|☆shutten\n|j|☆Glenn M5\n|t:|1771186980\n|gametype|singles\n|player|p1|shutten|170|1713\n|player|p2|Glenn M5|265|1930\n|gen|6\n|tier|[Gen 6] Random Battle\n|rated|\n|rule|Sleep Clause Mod: Limit one foe put to sleep\n|rule|HP Percentage Mod: HP is shown in percentages\n|rule|Illusion Level Mod: Illusion disguises the Pokémon's true level\n|\n|t:|1771186980\n|teamsize|p1|6\n|teamsize|p2|6\n|start\n|switch|p1a: Swampert|Swampert, L82, M|298/298\n|switch|p2a: Arbok|Arbok, L90, F|254/254\n|-ability|p2a: Arbok|Intimidate|boost\n|-unboost|p1a: Swampert|atk|1\n|turn|1\n|inactive|Battle timer is ON: inactive players will automatically lose when time's up. (requested by shutten)\n|\n|t:|1771187005\n|switch|p2a: Blissey|Blissey, L84, F|566/566\n|move|p1a: Swampert|Earthquake|p2a: Blissey\n|-damage|p2a: Blissey|359/566\n|\n|-heal|p2a: Blissey|394/566|[from] item: Leftovers\n|upkeep\n|turn|2\n|\n|t:|1771187013\n|switch|p1a: Ariados|Ariados, L91, M|275/275\n|move|p2a: Blissey|Stealth Rock|p1a: Ariados\n|-sidestart|p1: shutten|move: Stealth Rock\n|\n|-heal|p2a: Blissey|429/566|[from] item: Leftovers\n|upkeep\n|turn|3\n|\n|t:|1771187028\n|switch|p2a: Delcatty|Delcatty, M|302/302\n|move|p1a: Ariados|Sticky Web|p2a: Delcatty\n|-sidestart|p2: Glenn M5|move: Sticky Web\n|\n|upkeep\n|turn|4\n|\n|t:|1771187042\n|switch|p1a: Dialga|Dialga, L73|266/266\n|-damage|p1a: Dialga|250/266|[from] Stealth Rock\n|-ability|p1a: Dialga|Pressure\n|move|p2a: Delcatty|Double-Edge|p1a: Dialga\n|-resisted|p1a: Dialga\n|-damage|p1a: Dialga|176/266\n|-damage|p2a: Delcatty|278/302|[from] Recoil\n|\n|-heal|p1a: Dialga|192/266|[from] item: Leftovers\n|upkeep\n|turn|5\n|\n|t:|1771187051\n|switch|p2a: Blissey|Blissey, L84, F|429/566\n|-activate|p2a: Blissey|move: Sticky Web\n|-unboost|p2a: Blissey|spe|1\n|move|p1a: Dialga|Toxic|p2a: Blissey\n|-status|p2a: Blissey|tox\n|\n|-heal|p1a: Dialga|208/266|[from] item: Leftovers\n|-heal|p2a: Blissey|464/566 tox|[from] item: Leftovers\n|-damage|p2a: Blissey|429/566 tox|[from] psn\n|upkeep\n|turn|6\n|\n|t:|1771187077\n|switch|p1a: Cobalion|Cobalion, L77|267/267\n|-damage|p1a: Cobalion|259/267|[from] Stealth Rock\n|move|p2a: Blissey|Seismic Toss|p1a: Cobalion\n|-damage|p1a: Cobalion|175/267\n|\n|-heal|p1a: Cobalion|191/267|[from] item: Leftovers\n|-heal|p2a: Blissey|464/566 tox|[from] item: Leftovers\n|-damage|p2a: Blissey|394/566 tox|[from] psn\n|upkeep\n|turn|7\n|\n|t:|1771187089\n|-curestatus|p2a: Blissey|tox|[from] ability: Natural Cure\n|switch|p2a: Tropius|Tropius, L94, M|336/336\n|move|p1a: Cobalion|Swords Dance|p1a: Cobalion\n|-boost|p1a: Cobalion|atk|2\n|\n|-heal|p1a: Cobalion|207/267|[from] item: Leftovers\n|upkeep\n|turn|8\n|\n|t:|1771187095\n|move|p1a: Cobalion|Stone Edge|p2a: Tropius\n|-supereffective|p2a: Tropius\n|-damage|p2a: Tropius|130/336\n|-enditem|p2a: Tropius|Sitrus Berry|[eat]\n|-heal|p2a: Tropius|214/336|[from] item: Sitrus Berry\n|move|p2a: Tropius|Leech Seed|p1a: Cobalion\n|-start|p1a: Cobalion|move: Leech Seed\n|\n|-heal|p1a: Cobalion|223/267|[from] item: Leftovers\n|-damage|p1a: Cobalion|190/267|[from] Leech Seed|[of] p2a: Tropius\n|-heal|p2a: Tropius|247/336|[silent]\n|upkeep\n|turn|9\n|\n|t:|1771187104\n|move|p2a: Tropius|Protect|p2a: Tropius\n|-singleturn|p2a: Tropius|Protect\n|move|p1a: Cobalion|Stone Edge|p2a: Tropius\n|-activate|p2a: Tropius|move: Protect\n|\n|-heal|p1a: Cobalion|206/267|[from] item: Leftovers\n|-damage|p1a: Cobalion|173/267|[from] Leech Seed|[of] p2a: Tropius\n|-heal|p2a: Tropius|280/336|[silent]\n|upkeep\n|turn|10\n|\n|t:|1771187109\n|move|p1a: Cobalion|Stone Edge|p2a: Tropius\n|-supereffective|p2a: Tropius\n|-damage|p2a: Tropius|60/336\n|move|p2a: Tropius|Air Slash|p1a: Cobalion\n|-damage|p1a: Cobalion|68/267\n|\n|-heal|p1a: Cobalion|84/267|[from] item: Leftovers\n|-damage|p1a: Cobalion|51/267|[from] Leech Seed|[of] p2a: Tropius\n|-heal|p2a: Tropius|93/336|[silent]\n|upkeep\n|turn|11\n|\n|t:|1771187115\n|move|p2a: Tropius|Protect|p2a: Tropius\n|-singleturn|p2a: Tropius|Protect\n|move|p1a: Cobalion|Swords Dance|p1a: Cobalion\n|-boost|p1a: Cobalion|atk|2\n|\n|-heal|p1a: Cobalion|67/267|[from] item: Leftovers\n|-damage|p1a: Cobalion|34/267|[from] Leech Seed|[of] p2a: Tropius\n|-heal|p2a: Tropius|126/336|[silent]\n|-item|p2a: Tropius|Sitrus Berry|[from] ability: Harvest\n|upkeep\n|-enditem|p2a: Tropius|Sitrus Berry|[eat]\n|-heal|p2a: Tropius|210/336|[from] item: Sitrus Berry\n|turn|12\n|\n|t:|1771187120\n|switch|p2a: Bronzong|Bronzong, L85|253/253\n|move|p1a: Cobalion|Stone Edge|p2a: Bronzong|[miss]\n|-miss|p1a: Cobalion|p2a: Bronzong\n|\n|-heal|p1a: Cobalion|50/267|[from] item: Leftovers\n|-damage|p1a: Cobalion|17/267|[from] Leech Seed|[of] p2a: Bronzong\n|upkeep\n|turn|13\n|\n|t:|1771187124\n|move|p2a: Bronzong|Protect|p2a: Bronzong\n|-singleturn|p2a: Bronzong|Protect\n|move|p1a: Cobalion|Close Combat|p2a: Bronzong\n|-activate|p2a: Bronzong|move: Protect\n|\n|-heal|p1a: Cobalion|33/267|[from] item: Leftovers\n|-damage|p1a: Cobalion|0 fnt|[from] Leech Seed|[of] p2a: Bronzong\n|faint|p1a: Cobalion\n|upkeep\n|\n|t:|1771187133\n|switch|p1a: Absol|Absol, L80, M|235/235\n|-damage|p1a: Absol|206/235|[from] Stealth Rock\n|turn|14\n|\n|t:|1771187142\n|switch|p2a: Tropius|Tropius, L94, M|210/336\n|detailschange|p1a: Absol|Absol-Mega, L80, M\n|-mega|p1a: Absol|Absol|Absolite\n|move|p1a: Absol|Swords Dance|p1a: Absol\n|-boost|p1a: Absol|atk|2\n|\n|upkeep\n|turn|15\n|\n|t:|1771187152\n|move|p1a: Absol|Knock Off|p2a: Tropius\n|-damage|p2a: Tropius|35/336\n|move|p2a: Tropius|Air Slash|p1a: Absol\n|-damage|p1a: Absol|95/235\n|\n|upkeep\n|turn|16\n|\n|t:|1771187158\n|move|p1a: Absol|Knock Off|p2a: Tropius\n|-damage|p2a: Tropius|0 fnt\n|faint|p2a: Tropius\n|\n|upkeep\n|\n|t:|1771187177\n|switch|p2a: Arbok|Arbok, L90, F|254/254\n|-activate|p2a: Arbok|move: Sticky Web\n|-unboost|p2a: Arbok|spe|1\n|-ability|p2a: Arbok|Intimidate|boost\n|-unboost|p1a: Absol|atk|1\n|turn|17\n|\n|t:|1771187185\n|move|p1a: Absol|Knock Off|p2a: Arbok\n|-damage|p2a: Arbok|49/254\n|-enditem|p2a: Arbok|Life Orb|[from] move: Knock Off|[of] p1a: Absol\n|move|p2a: Arbok|Earthquake|p1a: Absol\n|-damage|p1a: Absol|0 fnt\n|faint|p1a: Absol\n|detailschange|p1: Absol|Absol, L80, M|[silent]\n|\n|upkeep\n|\n|t:|1771187212\n|switch|p1a: Swampert|Swampert, L82, M|298/298\n|-damage|p1a: Swampert|280/298|[from] Stealth Rock\n|turn|18\n|\n|t:|1771187218\n|move|p1a: Swampert|Scald|p2a: Arbok\n|-damage|p2a: Arbok|0 fnt\n|faint|p2a: Arbok\n|\n|-heal|p1a: Swampert|298/298|[from] item: Leftovers\n|upkeep\n|\n|t:|1771187225\n|switch|p2a: Delcatty|Delcatty, M|278/302\n|-activate|p2a: Delcatty|move: Sticky Web\n|-unboost|p2a: Delcatty|spe|1\n|turn|19\n|\n|t:|1771187227\n|move|p1a: Swampert|Protect|p1a: Swampert\n|-singleturn|p1a: Swampert|Protect\n|move|p2a: Delcatty|Double-Edge|p1a: Swampert\n|-activate|p1a: Swampert|move: Protect\n|\n|upkeep\n|turn|20\n|\n|t:|1771187236\n|switch|p1a: Dialga|Dialga, L73|208/266\n|-damage|p1a: Dialga|192/266|[from] Stealth Rock\n|-ability|p1a: Dialga|Pressure\n|move|p2a: Delcatty|Double-Edge|p1a: Dialga\n|-resisted|p1a: Dialga\n|-damage|p1a: Dialga|121/266\n|-damage|p2a: Delcatty|255/302|[from] Recoil\n|\n|-heal|p1a: Dialga|137/266|[from] item: Leftovers\n|upkeep\n|turn|21\n|\n|t:|1771187245\n|move|p1a: Dialga|Fire Blast|p2a: Delcatty\n|-damage|p2a: Delcatty|164/302\n|move|p2a: Delcatty|Thunder Wave|p1a: Dialga\n|-status|p1a: Dialga|par\n|\n|-heal|p1a: Dialga|153/266 par|[from] item: Leftovers\n|upkeep\n|turn|22\n|\n|t:|1771187251\n|switch|p2a: Bronzong|Bronzong, L85|253/253\n|move|p1a: Dialga|Flash Cannon|p2a: Bronzong\n|-resisted|p2a: Bronzong\n|-damage|p2a: Bronzong|214/253\n|\n|-heal|p2a: Bronzong|229/253|[from] item: Leftovers\n|-heal|p1a: Dialga|169/266 par|[from] item: Leftovers\n|upkeep\n|turn|23\n|\n|t:|1771187259\n|move|p2a: Bronzong|Earthquake|p1a: Dialga\n|-supereffective|p1a: Dialga\n|-damage|p1a: Dialga|37/266 par\n|move|p1a: Dialga|Fire Blast|p2a: Bronzong\n|-supereffective|p2a: Bronzong\n|-damage|p2a: Bronzong|87/253\n|\n|-heal|p2a: Bronzong|102/253|[from] item: Leftovers\n|-heal|p1a: Dialga|53/266 par|[from] item: Leftovers\n|upkeep\n|turn|24\n|\n|t:|1771187268\n|move|p2a: Bronzong|Protect|p2a: Bronzong\n|-singleturn|p2a: Bronzong|Protect\n|move|p1a: Dialga|Fire Blast|p2a: Bronzong\n|-activate|p2a: Bronzong|move: Protect\n|\n|-heal|p2a: Bronzong|117/253|[from] item: Leftovers\n|-heal|p1a: Dialga|69/266 par|[from] item: Leftovers\n|upkeep\n|turn|25\n|\n|t:|1771187285\n|move|p2a: Bronzong|Iron Head|p1a: Dialga\n|-resisted|p1a: Dialga\n|-damage|p1a: Dialga|31/266 par\n|cant|p1a: Dialga|flinch\n|\n|-heal|p2a: Bronzong|132/253|[from] item: Leftovers\n|-heal|p1a: Dialga|47/266 par|[from] item: Leftovers\n|upkeep\n|turn|26\n|\n|t:|1771187290\n|move|p2a: Bronzong|Protect|p2a: Bronzong\n|-singleturn|p2a: Bronzong|Protect\n|move|p1a: Dialga|Fire Blast|p2a: Bronzong\n|-activate|p2a: Bronzong|move: Protect\n|\n|-heal|p2a: Bronzong|147/253|[from] item: Leftovers\n|-heal|p1a: Dialga|63/266 par|[from] item: Leftovers\n|upkeep\n|turn|27\n|l|☆shutten\n|inactive|shutten disconnected and has a minute to reconnect!\n|player|p1|\n|j|☆shutten\n|inactive|shutten reconnected and has 135 seconds left.\n|player|p1|shutten|170|\n|\n|t:|1771187312\n|move|p2a: Bronzong|Earthquake|p1a: Dialga\n|-supereffective|p1a: Dialga\n|-damage|p1a: Dialga|0 fnt\n|faint|p1a: Dialga\n|\n|-heal|p2a: Bronzong|162/253|[from] item: Leftovers\n|upkeep\n|\n|t:|1771187321\n|switch|p1a: Swampert|Swampert, L82, M|298/298\n|-damage|p1a: Swampert|280/298|[from] Stealth Rock\n|turn|28\n|\n|t:|1771187324\n|move|p2a: Bronzong|Protect|p2a: Bronzong\n|-singleturn|p2a: Bronzong|Protect\n|move|p1a: Swampert|Scald|p2a: Bronzong\n|-activate|p2a: Bronzong|move: Protect\n|\n|-heal|p1a: Swampert|298/298|[from] item: Leftovers\n|-heal|p2a: Bronzong|177/253|[from] item: Leftovers\n|upkeep\n|turn|29\n|\n|t:|1771187327\n|move|p1a: Swampert|Scald|p2a: Bronzong\n|-damage|p2a: Bronzong|119/253\n|-status|p2a: Bronzong|brn\n|move|p2a: Bronzong|Toxic|p1a: Swampert\n|-status|p1a: Swampert|tox\n|\n|-heal|p2a: Bronzong|134/253 brn|[from] item: Leftovers\n|-damage|p1a: Swampert|280/298 tox|[from] psn\n|-damage|p2a: Bronzong|103/253 brn|[from] brn\n|upkeep\n|turn|30\n|\n|t:|1771187336\n|move|p2a: Bronzong|Protect|p2a: Bronzong\n|-singleturn|p2a: Bronzong|Protect\n|move|p1a: Swampert|Scald|p2a: Bronzong\n|-activate|p2a: Bronzong|move: Protect\n|\n|-heal|p1a: Swampert|298/298 tox|[from] item: Leftovers\n|-heal|p2a: Bronzong|118/253 brn|[from] item: Leftovers\n|-damage|p1a: Swampert|262/298 tox|[from] psn\n|-damage|p2a: Bronzong|87/253 brn|[from] brn\n|upkeep\n|turn|31\n|\n|t:|1771187340\n|move|p1a: Swampert|Scald|p2a: Bronzong\n|-damage|p2a: Bronzong|29/253 brn\n|move|p2a: Bronzong|Earthquake|p1a: Swampert\n|-damage|p1a: Swampert|227/298 tox\n|\n|-heal|p1a: Swampert|245/298 tox|[from] item: Leftovers\n|-heal|p2a: Bronzong|44/253 brn|[from] item: Leftovers\n|-damage|p1a: Swampert|191/298 tox|[from] psn\n|-damage|p2a: Bronzong|13/253 brn|[from] brn\n|upkeep\n|turn|32\n|\n|t:|1771187346\n|move|p1a: Swampert|Scald|p2a: Bronzong\n|-damage|p2a: Bronzong|0 fnt\n|faint|p2a: Bronzong\n|\n|-heal|p1a: Swampert|209/298 tox|[from] item: Leftovers\n|-damage|p1a: Swampert|137/298 tox|[from] psn\n|upkeep\n|\n|t:|1771187354\n|switch|p2a: Delcatty|Delcatty, M|164/302\n|-activate|p2a: Delcatty|move: Sticky Web\n|-unboost|p2a: Delcatty|spe|1\n|turn|33\n|\n|t:|1771187359\n|move|p2a: Delcatty|Fake Out|p1a: Swampert\n|-damage|p1a: Swampert|80/298 tox\n|cant|p1a: Swampert|flinch\n|\n|-heal|p1a: Swampert|98/298 tox|[from] item: Leftovers\n|-damage|p1a: Swampert|8/298 tox|[from] psn\n|upkeep\n|turn|34\n|\n|t:|1771187365\n|switch|p2a: Volbeat|Volbeat, L91, M|266/266\n|-activate|p2a: Volbeat|move: Sticky Web\n|-unboost|p2a: Volbeat|spe|1\n|move|p1a: Swampert|Scald|p2a: Volbeat\n|-damage|p2a: Volbeat|157/266\n|-status|p2a: Volbeat|brn\n|\n|-heal|p1a: Swampert|26/298 tox|[from] item: Leftovers\n|-heal|p2a: Volbeat|173/266 brn|[from] item: Leftovers\n|-damage|p1a: Swampert|0 fnt|[from] psn\n|faint|p1a: Swampert\n|-damage|p2a: Volbeat|140/266 brn|[from] brn\n|upkeep\n|j| Dr Ari Haswari\n|inactive|shutten has 120 seconds left.\n|\n|t:|1771187397\n|switch|p1a: Ariados|Ariados, L91, M|275/275\n|-damage|p1a: Ariados|207/275|[from] Stealth Rock\n|turn|35\n|\n|t:|1771187402\n|move|p2a: Volbeat|Thunder Wave|p1a: Ariados\n|-status|p1a: Ariados|par\n|move|p1a: Ariados|Poison Jab|p2a: Volbeat\n|-damage|p2a: Volbeat|20/266 brn\n|\n|-heal|p2a: Volbeat|36/266 brn|[from] item: Leftovers\n|-heal|p1a: Ariados|224/275 par|[from] item: Black Sludge\n|-damage|p2a: Volbeat|3/266 brn|[from] brn\n|upkeep\n|turn|36\n|\n|t:|1771187409\n|move|p2a: Volbeat|Encore|p1a: Ariados\n|-start|p1a: Ariados|Encore\n|move|p1a: Ariados|Poison Jab|p2a: Volbeat\n|-damage|p2a: Volbeat|0 fnt\n|faint|p2a: Volbeat\n|\n|-heal|p1a: Ariados|241/275 par|[from] item: Black Sludge\n|upkeep\n|\n|t:|1771187412\n|switch|p2a: Delcatty|Delcatty, M|164/302\n|-activate|p2a: Delcatty|move: Sticky Web\n|-unboost|p2a: Delcatty|spe|1\n|turn|37\n|\n|t:|1771187419\n|move|p2a: Delcatty|Fake Out|p1a: Ariados\n|-damage|p1a: Ariados|178/275 par\n|cant|p1a: Ariados|flinch\n|\n|-heal|p1a: Ariados|195/275 par|[from] item: Black Sludge\n|upkeep\n|turn|38\n|\n|t:|1771187421\n|move|p2a: Delcatty|Double-Edge|p1a: Ariados\n|-damage|p1a: Ariados|29/275 par\n|-damage|p2a: Delcatty|109/302|[from] Recoil\n|move|p1a: Ariados|Poison Jab|p2a: Delcatty\n|-damage|p2a: Delcatty|15/302\n|\n|-heal|p1a: Ariados|46/275 par|[from] item: Black Sludge\n|-end|p1a: Ariados|Encore\n|upkeep\n|turn|39\n|\n|t:|1771187425\n|move|p1a: Ariados|Sucker Punch|p2a: Delcatty\n|-damage|p2a: Delcatty|0 fnt\n|faint|p2a: Delcatty\n|\n|-heal|p1a: Ariados|63/275 par|[from] item: Black Sludge\n|upkeep\n|\n|t:|1771187427\n|switch|p2a: Blissey|Blissey, L84, F|394/566\n|-activate|p2a: Blissey|move: Sticky Web\n|-unboost|p2a: Blissey|spe|1\n|turn|40\n|\n|t:|1771187433\n|move|p2a: Blissey|Seismic Toss|p1a: Ariados\n|-damage|p1a: Ariados|0 fnt\n|faint|p1a: Ariados\n|\n|-heal|p2a: Blissey|429/566|[from] item: Leftovers\n|upkeep\n|\n|t:|1771187436\n|switch|p1a: Swalot|Swalot, L90, M|326/326\n|-damage|p1a: Swalot|286/326|[from] Stealth Rock\n|turn|41\n|\n|t:|1771187440\n|move|p1a: Swalot|Toxic|p2a: Blissey\n|-status|p2a: Blissey|tox\n|move|p2a: Blissey|Seismic Toss|p1a: Swalot\n|-damage|p1a: Swalot|202/326\n|\n|-heal|p1a: Swalot|222/326|[from] item: Black Sludge\n|-heal|p2a: Blissey|464/566 tox|[from] item: Leftovers\n|-damage|p2a: Blissey|429/566 tox|[from] psn\n|upkeep\n|turn|42\n|\n|t:|1771187442\n|move|p1a: Swalot|Protect|p1a: Swalot\n|-singleturn|p1a: Swalot|Protect\n|move|p2a: Blissey|Seismic Toss|p1a: Swalot\n|-activate|p1a: Swalot|move: Protect\n|\n|-heal|p1a: Swalot|242/326|[from] item: Black Sludge\n|-heal|p2a: Blissey|464/566 tox|[from] item: Leftovers\n|-damage|p2a: Blissey|394/566 tox|[from] psn\n|upkeep\n|turn|43\n|\n|t:|1771187444\n|move|p1a: Swalot|Earthquake|p2a: Blissey\n|-damage|p2a: Blissey|184/566 tox\n|move|p2a: Blissey|Seismic Toss|p1a: Swalot\n|-damage|p1a: Swalot|158/326\n|\n|-heal|p1a: Swalot|178/326|[from] item: Black Sludge\n|-heal|p2a: Blissey|219/566 tox|[from] item: Leftovers\n|-damage|p2a: Blissey|114/566 tox|[from] psn\n|upkeep\n|turn|44\n|-message|Glenn M5 forfeited.\n|\n|win|shutten\n|raw|shutten's rating: 1713 &rarr; <strong>1744</strong><br />(+31 for winning)\n|raw|Glenn M5's rating: 1930 &rarr; <strong>1899</strong><br />(-31 for losing)\n|l|☆Glenn M5\n|player|p2|\n|l| Dr Ari Haswari\n", "inputlog": ">version 686819e5e19f8a7fd2345cfc5a08a5085efa2cc3\n>start {\"formatid\":\"gen6randombattle\",\"seed\":\"sodium,40c763ffbac4ee370a7a8906a820e5fd\",\"rated\":\"Rated battle\"}\n>player p1 {\"name\":\"shutten\",\"avatar\":\"170\",\"rating\":1713,\"seed\":\"sodium,030d6e1a47993df5b61bafdee8c7a870\"}\n>player p2 {\"name\":\"Glenn M5\",\"avatar\":\"265\",\"rating\":1930,\"seed\":\"sodium,e8a44a4ceb4ba024de9c097febe6aadc\"}\n>p1 move earthquake\n>p2 switch 5\n>p1 switch 4\n>p2 move stealthrock\n>p1 move stickyweb\n>p2 switch 6\n>p1 switch 2\n>p2 move doubleedge\n>p1 move toxic\n>p2 switch 6\n>p1 switch 3\n>p2 move seismictoss\n>p1 move swordsdance\n>p2 switch 3\n>p1 move stoneedge\n>p2 move leechseed\n>p1 move stoneedge\n>p2 move protect\n>p1 move stoneedge\n>p2 move airslash\n>p1 move swordsdance\n>p2 move protect\n>p1 move stoneedge\n>p2 switch 2\n>p1 move closecombat\n>p2 move protect\n>p1 switch 6\n>p1 move swordsdance mega\n>p2 switch 2\n>p1 move knockoff\n>p2 move airslash\n>p1 move knockoff\n>p2 move airslash\n>p2 switch 5\n>p1 move knockoff\n>p2 move earthquake\n>p1 switch 4\n>p1 move scald\n>p2 move earthquake\n>p2 switch 6\n>p1 move protect\n>p2 move doubleedge\n>p1 switch 3\n>p2 move doubleedge\n>p1 move fireblast\n>p2 move thunderwave\n>p1 move flashcannon\n>p2 switch 2\n>p1 move fireblast\n>p2 move earthquake\n>p1 move fireblast\n>p2 move protect\n>p1 move fireblast\n>p2 move ironhead\n>p1 move fireblast\n>p2 move protect\n>p1 move fireblast\n>p2 move earthquake\n>p1 switch 3\n>p1 move scald\n>p2 move protect\n>p1 move scald\n>p2 move toxic\n>p1 move scald\n>p2 move protect\n>p1 move scald\n>p2 move earthquake\n>p1 move scald\n>p2 move earthquake\n>p2 switch 2\n>p1 move scald\n>p2 move fakeout\n>p1 move scald\n>p2 switch 4\n>p1 switch 2\n>p1 move poisonjab\n>p2 move thunderwave\n>p1 move suckerpunch\n>p2 move encore\n>p2 switch 4\n>p1 move poisonjab\n>p2 move fakeout\n>p1 move poisonjab\n>p2 move doubleedge\n>p1 move suckerpunch\n>p2 move doubleedge\n>p2 switch 3\n>p1 move poisonjab\n>p2 move seismictoss\n>p1 switch 5\n>p1 move toxic\n>p2 move seismictoss\n>p1 move protect\n>p2 move seismictoss\n>p1 move earthquake\n>p2 move seismictoss\n>forcelose p2", "uploadtime": 1771187469, "views": 50, "formatid": "gen6randombattle", "rating": 1744, "private": 0, "password": null}