{"id": "gen6randombattle-2520930790", "format": "[Gen 6] Random Battle", "players": ["arboretums", "Yomamma777"], "log": "|j|☆arboretums\n|j|☆Yomamma777\n|t:|1768700500\n|gametype|singles\n|player|p1|arboretums|serena-masters2|1703\n|player|p2|Yomamma777|169|1651\n|gen|6\n|tier|[Gen 6] Random Battle\n|rated|\n|rule|Sleep Clause Mod: Limit one foe put to sleep\n|rule|HP Percentage Mod: HP is shown in percentages\n|rule|Illusion Level Mod: Illusion disguises the Pokémon's true level\n|\n|t:|1768700500\n|teamsize|p1|6\n|teamsize|p2|6\n|start\n|switch|p1a: Xerneas|Xerneas, L64|268/268\n|switch|p2a: Mienshao|Mienshao, L81, F|237/237\n|-ability|p1a: Xerneas|Fairy Aura\n|turn|1\n|inactive|Battle timer is ON: inactive players will automatically lose when time's up. (requested by Yomamma777)\n|\n|t:|1768700513\n|move|p2a: Mienshao|Fake Out|p1a: Xerneas\n|-crit|p1a: Xerneas\n|-damage|p1a: Xerneas|212/268\n|cant|p1a: Xerneas|flinch\n|\n|upkeep\n|turn|2\n|\n|t:|1768700518\n|move|p2a: Mienshao|Knock Off|p1a: Xerneas\n|-resisted|p1a: Xerneas\n|-damage|p1a: Xerneas|162/268\n|-enditem|p1a: Xerneas|Power Herb|[from] move: Knock Off|[of] p2a: Mienshao\n|move|p1a: Xerneas|Geomancy||[still]\n|-prepare|p1a: Xerneas|Geomancy\n|\n|upkeep\n|turn|3\n|\n|t:|1768700534\n|move|p2a: Mienshao|U-turn|p1a: Xerneas\n|-resisted|p1a: Xerneas\n|-damage|p1a: Xerneas|127/268\n|\n|t:|1768700538\n|switch|p2a: Golem|Golem, L86, M|278/278|[from] U-turn\n|move|p1a: Xerneas|Geomancy|p1a: Xerneas|[from] lockedmove\n|-boost|p1a: Xerneas|spa|2\n|-boost|p1a: Xerneas|spd|2\n|-boost|p1a: Xerneas|spe|2\n|\n|upkeep\n|turn|4\n|\n|t:|1768700547\n|move|p1a: Xerneas|Focus Blast|p2a: Golem\n|-supereffective|p2a: Golem\n|-ability|p2a: Golem|Sturdy\n|-damage|p2a: Golem|1/278\n|-enditem|p2a: Golem|Weakness Policy\n|-boost|p2a: Golem|atk|2|[from] item: Weakness Policy\n|-boost|p2a: Golem|spa|2|[from] item: Weakness Policy\n|move|p2a: Golem|Explosion|p1a: Xerneas\n|-damage|p1a: Xerneas|0 fnt\n|faint|p2a: Golem\n|faint|p1a: Xerneas\n|\n|upkeep\n|\n|t:|1768700556\n|switch|p1a: Gallade|Gallade, L77, M|231/231\n|switch|p2a: Mienshao|Mienshao, L81, F|237/237\n|turn|5\n|\n|t:|1768700562\n|detailschange|p1a: Gallade|Gallade-Mega, L77, M\n|-mega|p1a: Gallade|Gallade|Galladite\n|move|p2a: Mienshao|Fake Out|p1a: Gallade\n|-damage|p1a: Gallade|200/231\n|move|p1a: Gallade|Zen Headbutt|p2a: Mienshao\n|-supereffective|p2a: Mienshao\n|-damage|p2a: Mienshao|0 fnt\n|faint|p2a: Mienshao\n|\n|upkeep\n|\n|t:|1768700575\n|switch|p2a: Sableye|Sableye, L81, M|214/214\n|turn|6\n|\n|t:|1768700582\n|switch|p1a: Simisage|Simisage, L88, F|275/275\n|move|p2a: Sableye|Will-O-Wisp|p1a: Simisage\n|-status|p1a: Simisage|brn\n|\n|-damage|p1a: Simisage|241/275 brn|[from] brn\n|upkeep\n|turn|7\n|\n|t:|1768700593\n|switch|p2a: Bouffalant|Bouffalant, L87, M|307/307\n|move|p1a: Simisage|Nasty Plot|p1a: Simisage\n|-boost|p1a: Simisage|spa|2\n|\n|-damage|p1a: Simisage|207/275 brn|[from] brn\n|upkeep\n|turn|8\n|\n|t:|1768700605\n|move|p1a: Simisage|Focus Blast|p2a: Bouffalant|[miss]\n|-miss|p1a: Simisage|p2a: Bouffalant\n|move|p2a: Bouffalant|Head Charge|p1a: Simisage\n|-damage|p1a: Simisage|24/275 brn\n|-damage|p2a: Bouffalant|261/307|[from] Recoil\n|\n|-heal|p2a: Bouffalant|280/307|[from] item: Leftovers\n|-damage|p1a: Simisage|0 fnt|[from] brn\n|faint|p1a: Simisage\n|upkeep\n|c|☆arboretums|nice\n|\n|t:|1768700611\n|switch|p1a: Gallade|Gallade-Mega, L77, M|200/231\n|turn|9\n|\n|t:|1768700618\n|switch|p2a: Sableye|Sableye, L81, M|214/214\n|move|p1a: Gallade|Knock Off|p2a: Sableye\n|-damage|p2a: Sableye|145/214\n|\n|upkeep\n|turn|10\n|\n|t:|1768700623\n|switch|p1a: Murkrow|Murkrow, L90, F|254/254\n|move|p2a: Sableye|Will-O-Wisp|p1a: Murkrow\n|-status|p1a: Murkrow|brn\n|\n|-damage|p1a: Murkrow|223/254 brn|[from] brn\n|upkeep\n|turn|11\n|\n|t:|1768700635\n|detailschange|p2a: Sableye|Sableye-Mega, L81, M\n|-mega|p2a: Sableye|Sableye|Sablenite\n|move|p1a: Murkrow|Thunder Wave|p2a: Sableye\n|move|p2a: Sableye|Thunder Wave||[from] ability: Magic Bounce|[still]\n|-fail|p2a: Sableye\n|move|p2a: Sableye|Calm Mind|p2a: Sableye\n|-boost|p2a: Sableye|spa|1\n|-boost|p2a: Sableye|spd|1\n|\n|-damage|p1a: Murkrow|192/254 brn|[from] brn\n|upkeep\n|turn|12\n|\n|t:|1768700652\n|switch|p1a: Farfetch’d|Farfetch’d, M|266/266\n|move|p2a: Sableye|Recover|p2a: Sableye\n|-heal|p2a: Sableye|214/214\n|\n|upkeep\n|turn|13\n|\n|t:|1768700657\n|move|p1a: Farfetch’d|Swords Dance|p1a: Farfetch’d\n|-boost|p1a: Farfetch’d|atk|2\n|move|p2a: Sableye|Dark Pulse|p1a: Farfetch’d\n|-damage|p1a: Farfetch’d|154/266\n|\n|upkeep\n|turn|14\n|\n|t:|1768700668\n|move|p1a: Farfetch’d|Brave Bird|p2a: Sableye\n|-damage|p2a: Sableye|0 fnt\n|faint|p2a: Sableye\n|detailschange|p2: Sableye|Sableye, L81, M|[silent]\n|-damage|p1a: Farfetch’d|83/266|[from] Recoil\n|\n|upkeep\n|\n|t:|1768700671\n|switch|p2a: Electrode|Electrode, L88|249/249\n|turn|15\n|\n|t:|1768700676\n|move|p2a: Electrode|Thunderbolt|p1a: Farfetch’d\n|-supereffective|p1a: Farfetch’d\n|-damage|p1a: Farfetch’d|0 fnt\n|faint|p1a: Farfetch’d\n|-damage|p2a: Electrode|225/249|[from] item: Life Orb\n|\n|upkeep\n|\n|t:|1768700684\n|switch|p1a: Cinccino|Cinccino, L82, F|257/257\n|turn|16\n|\n|t:|1768700695\n|switch|p2a: Hoopa|Hoopa-Unbound, L79|256/256\n|move|p1a: Cinccino|Tail Slap|p2a: Hoopa\n|-damage|p2a: Hoopa|201/256\n|-damage|p2a: Hoopa|153/256\n|-damage|p2a: Hoopa|99/256\n|-damage|p2a: Hoopa|48/256\n|-damage|p2a: Hoopa|0 fnt\n|faint|p2a: Hoopa\n|-hitcount|p2: Hoopa|5\n|\n|upkeep\n|\n|t:|1768700704\n|switch|p2a: Bouffalant|Bouffalant, L87, M|280/307\n|turn|17\n|\n|t:|1768700713\n|switch|p1a: Murkrow|Murkrow, L90, F|192/254 brn\n|move|p2a: Bouffalant|Head Charge|p1a: Murkrow\n|-damage|p1a: Murkrow|26/254 brn\n|-damage|p2a: Bouffalant|238/307|[from] Recoil\n|\n|-heal|p2a: Bouffalant|257/307|[from] item: Leftovers\n|-damage|p1a: Murkrow|0 fnt|[from] brn\n|faint|p1a: Murkrow\n|upkeep\n|\n|t:|1768700715\n|switch|p1a: Gallade|Gallade-Mega, L77, M|200/231\n|turn|18\n|\n|t:|1768700734\n|move|p1a: Gallade|Close Combat|p2a: Bouffalant\n|-supereffective|p2a: Bouffalant\n|-damage|p2a: Bouffalant|0 fnt\n|-unboost|p1a: Gallade|def|1\n|-unboost|p1a: Gallade|spd|1\n|faint|p2a: Bouffalant\n|\n|upkeep\n|\n|t:|1768700736\n|switch|p2a: Electrode|Electrode, L88|225/249\n|turn|19\n|\n|t:|1768700740\n|move|p2a: Electrode|Thunderbolt|p1a: Gallade\n|-damage|p1a: Gallade|52/231\n|-damage|p2a: Electrode|201/249|[from] item: Life Orb\n|move|p1a: Gallade|Close Combat|p2a: Electrode\n|-damage|p2a: Electrode|11/249\n|-unboost|p1a: Gallade|def|1\n|-unboost|p1a: Gallade|spd|1\n|\n|upkeep\n|turn|20\n|\n|t:|1768700744\n|move|p2a: Electrode|Thunderbolt|p1a: Gallade\n|-damage|p1a: Gallade|0 fnt\n|faint|p1a: Gallade\n|detailschange|p1: Gallade|Gallade, L77, M|[silent]\n|-damage|p2a: Electrode|0 fnt|[from] item: Life Orb\n|faint|p2a: Electrode\n|\n|win|arboretums\n|raw|arboretums's rating: 1703 &rarr; <strong>1720</strong><br />(+17 for winning)\n|raw|Yomamma777's rating: 1651 &rarr; <strong>1634</strong><br />(-17 for losing)\n|c|☆arboretums|gg\n", "inputlog": ">version 3bd1a1e329da8d286644078cfc9a9638fc7ea025\n>start {\"formatid\":\"gen6randombattle\",\"seed\":\"sodium,b7c367e8af795cf613a1c264e42a0be7\",\"rated\":\"Rated battle\"}\n>player p1 {\"name\":\"arboretums\",\"avatar\":\"serena-masters2\",\"rating\":1703,\"seed\":\"sodium,1987e4b8cade6d7856ab2fc1bc934160\"}\n>player p2 {\"name\":\"Yomamma777\",\"avatar\":\"169\",\"rating\":1651,\"seed\":\"sodium,7a38cd5cbbd2dd0af84e866b018ab9e1\"}\n>p1 move geomancy\n>p2 move fakeout\n>p1 move geomancy\n>p2 move knockoff\n>p1 move geomancy\n>p2 move uturn\n>p2 switch 3\n>p1 move focusblast\n>p2 move explosion\n>p1 switch 5\n>p2 switch 3\n>p1 move zenheadbutt mega\n>p2 move fakeout\n>p2 switch 6\n>p1 switch 3\n>p2 move willowisp\n>p1 move nastyplot\n>p2 switch 2\n>p1 move focusblast\n>p2 move headcharge\n>chat ☆arboretums|nice\n>p1 switch 3\n>p1 move knockoff\n>p2 switch 2\n>p1 switch 4\n>p2 move willowisp\n>p1 move thunderwave\n>p2 move calmmind mega\n>p1 switch 6\n>p2 move recover\n>p1 move swordsdance\n>p2 move darkpulse\n>p1 move bravebird\n>p2 move willowisp\n>p2 switch 4\n>p1 move return\n>p2 move thunderbolt\n>p1 switch 2\n>p1 move tailslap\n>p2 switch 5\n>p2 switch 2\n>p1 switch 6\n>p2 move headcharge\n>p1 switch 4\n>p1 move closecombat\n>p2 move headcharge\n>p2 switch 5\n>p1 move closecombat\n>p2 move thunderbolt\n>p1 move knockoff\n>p2 move thunderbolt", "uploadtime": 1768700747, "views": 272, "formatid": "gen6randombattle", "rating": 1634, "private": 0, "password": null}