{"id": "gen6randombattle-2522718549", "format": "[Gen 6] Random Battle", "players": ["arboretums", "Bearsfan777"], "log": "|j|☆arboretums\n|j|☆Bearsfan777\n|t:|1768937599\n|gametype|singles\n|player|p1|arboretums|serena-masters2|1620\n|player|p2|Bearsfan777|265|1620\n|gen|6\n|tier|[Gen 6] Random Battle\n|rated|\n|rule|Sleep Clause Mod: Limit one foe put to sleep\n|rule|HP Percentage Mod: HP is shown in percentages\n|rule|Illusion Level Mod: Illusion disguises the Pokémon's true level\n|\n|t:|1768937599\n|teamsize|p1|6\n|teamsize|p2|6\n|start\n|switch|p1a: Kricketune|Kricketune, L98, M|309/309\n|switch|p2a: Dodrio|Dodrio, L86, M|243/243\n|turn|1\n|inactive|Battle timer is ON: inactive players will automatically lose when time's up. (requested by arboretums)\n|\n|t:|1768937610\n|move|p2a: Dodrio|Knock Off|p1a: Kricketune\n|-damage|p1a: Kricketune|171/309\n|-enditem|p1a: Kricketune|Focus Sash|[from] move: Knock Off|[of] p2a: Dodrio\n|-damage|p2a: Dodrio|219/243|[from] item: Life Orb\n|move|p1a: Kricketune|Sticky Web|p2a: Dodrio\n|-sidestart|p2: Bearsfan777|move: Sticky Web\n|\n|upkeep\n|turn|2\n|\n|t:|1768937620\n|move|p2a: Dodrio|Return|p1a: Kricketune\n|-damage|p1a: Kricketune|0 fnt\n|faint|p1a: Kricketune\n|-damage|p2a: Dodrio|195/243|[from] item: Life Orb\n|\n|upkeep\n|\n|t:|1768937629\n|switch|p1a: Simisear|Simisear, L88, M|275/275\n|turn|3\n|\n|t:|1768937637\n|move|p1a: Simisear|Fire Blast|p2a: Dodrio\n|-damage|p2a: Dodrio|0 fnt\n|faint|p2a: Dodrio\n|-damage|p1a: Simisear|248/275|[from] item: Life Orb\n|\n|upkeep\n|\n|t:|1768937644\n|switch|p2a: Chansey|Chansey, L86, F|570/570\n|-activate|p2a: Chansey|move: Sticky Web\n|-unboost|p2a: Chansey|spe|1\n|turn|4\n|\n|t:|1768937652\n|switch|p1a: Umbreon|Umbreon, L83, M|293/293\n|move|p2a: Chansey|Stealth Rock|p1a: Umbreon\n|-sidestart|p1: arboretums|move: Stealth Rock\n|\n|upkeep\n|turn|5\n|\n|t:|1768937659\n|move|p1a: Umbreon|Toxic|p2a: Chansey\n|-status|p2a: Chansey|tox\n|move|p2a: Chansey|Toxic|p1a: Umbreon\n|-status|p1a: Umbreon|tox\n|-activate|p1a: Umbreon|ability: Synchronize\n|-fail|p2a: Chansey|tox\n|\n|-damage|p1a: Umbreon|275/293 tox|[from] psn\n|-damage|p2a: Chansey|535/570 tox|[from] psn\n|upkeep\n|turn|6\n|\n|t:|1768937678\n|move|p1a: Umbreon|Wish|p1a: Umbreon\n|move|p2a: Chansey|Seismic Toss|p1a: Umbreon\n|-damage|p1a: Umbreon|189/293 tox\n|\n|-heal|p1a: Umbreon|207/293 tox|[from] item: Leftovers\n|-damage|p1a: Umbreon|171/293 tox|[from] psn\n|-damage|p2a: Chansey|465/570 tox|[from] psn\n|upkeep\n|turn|7\n|\n|t:|1768937686\n|switch|p1a: Swampert|Swampert, L80, M|291/291\n|-damage|p1a: Swampert|273/291|[from] Stealth Rock\n|-curestatus|p2a: Chansey|tox|[from] ability: Natural Cure\n|switch|p2a: Aggron|Aggron, L78, M|237/237\n|-activate|p2a: Aggron|move: Sticky Web\n|-unboost|p2a: Aggron|spe|1\n|\n|-heal|p1a: Swampert|291/291|[from] move: Wish|[wisher] Umbreon\n|upkeep\n|turn|8\n|\n|t:|1768937694\n|detailschange|p1a: Swampert|Swampert-Mega, L80, M\n|-mega|p1a: Swampert|Swampert|Swampertite\n|detailschange|p2a: Aggron|Aggron-Mega, L78, M\n|-mega|p2a: Aggron|Aggron|Aggronite\n|move|p1a: Swampert|Rain Dance|p1a: Swampert\n|-weather|RainDance\n|move|p2a: Aggron|Toxic|p1a: Swampert\n|-status|p1a: Swampert|tox\n|\n|-weather|RainDance|[upkeep]\n|-damage|p1a: Swampert|273/291 tox|[from] psn\n|upkeep\n|turn|9\n|\n|t:|1768937711\n|move|p1a: Swampert|Waterfall|p2a: Aggron\n|-damage|p2a: Aggron|150/237\n|move|p2a: Aggron|Roar|p1a: Swampert\n|drag|p1a: Umbreon|Umbreon, L83, M|171/293 tox\n|-damage|p1a: Umbreon|135/293 tox|[from] Stealth Rock\n|\n|-weather|RainDance|[upkeep]\n|-heal|p1a: Umbreon|153/293 tox|[from] item: Leftovers\n|-damage|p1a: Umbreon|135/293 tox|[from] psn\n|upkeep\n|turn|10\n|\n|t:|1768937721\n|move|p1a: Umbreon|Wish|p1a: Umbreon\n|move|p2a: Aggron|Heavy Slam|p1a: Umbreon\n|-damage|p1a: Umbreon|0 fnt\n|faint|p1a: Umbreon\n|\n|-weather|RainDance|[upkeep]\n|upkeep\n|\n|t:|1768937729\n|switch|p1a: Simisear|Simisear, L88, M|248/275\n|-damage|p1a: Simisear|180/275|[from] Stealth Rock\n|turn|11\n|\n|t:|1768937734\n|switch|p2a: Chansey|Chansey, L86, F|465/570\n|-activate|p2a: Chansey|move: Sticky Web\n|-unboost|p2a: Chansey|spe|1\n|move|p1a: Simisear|Focus Blast|p2a: Chansey|[miss]\n|-miss|p1a: Simisear|p2a: Chansey\n|\n|-weather|RainDance|[upkeep]\n|-heal|p1a: Simisear|275/275|[from] move: Wish|[wisher] Umbreon\n|upkeep\n|turn|12\n|\n|t:|1768937743\n|switch|p1a: Swampert|Swampert-Mega, L80, M|273/291 tox\n|-damage|p1a: Swampert|255/291 tox|[from] Stealth Rock\n|move|p2a: Chansey|Soft-Boiled|p2a: Chansey\n|-heal|p2a: Chansey|570/570\n|\n|-weather|none\n|-damage|p1a: Swampert|237/291 tox|[from] psn\n|upkeep\n|turn|13\n|\n|t:|1768937747\n|switch|p2a: Chimecho|Chimecho, L97, M|283/283\n|move|p1a: Swampert|Earthquake|p2a: Chimecho\n|-immune|p2a: Chimecho|[from] ability: Levitate\n|\n|-damage|p1a: Swampert|201/291 tox|[from] psn\n|upkeep\n|turn|14\n|\n|t:|1768937755\n|switch|p1a: Audino|Audino, L90, F|332/332\n|-damage|p1a: Audino|291/332|[from] Stealth Rock\n|move|p2a: Chimecho|Psychic|p1a: Audino\n|-damage|p1a: Audino|180/332\n|\n|upkeep\n|turn|15\n|\n|t:|1768937764\n|move|p2a: Chimecho|Toxic|p1a: Audino\n|-status|p1a: Audino|tox\n|move|p1a: Audino|Knock Off|p2a: Chimecho\n|-supereffective|p2a: Chimecho\n|-damage|p2a: Chimecho|175/283\n|-enditem|p2a: Chimecho|Leftovers|[from] move: Knock Off|[of] p1a: Audino\n|\n|-damage|p1a: Audino|160/332 tox|[from] psn\n|upkeep\n|turn|16\n|\n|t:|1768937777\n|move|p2a: Chimecho|Psychic|p1a: Audino\n|-damage|p1a: Audino|43/332 tox\n|move|p1a: Audino|Wish|p1a: Audino\n|\n|-damage|p1a: Audino|3/332 tox|[from] psn\n|upkeep\n|turn|17\n|\n|t:|1768937784\n|switch|p1a: Linoone|Linoone, L84, F|268/268\n|-damage|p1a: Linoone|235/268|[from] Stealth Rock\n|move|p2a: Chimecho|Recover|p2a: Chimecho\n|-heal|p2a: Chimecho|283/283\n|\n|-heal|p1a: Linoone|268/268|[from] move: Wish|[wisher] Audino\n|upkeep\n|turn|18\n|\n|t:|1768937791\n|move|p1a: Linoone|Belly Drum|p1a: Linoone\n|-damage|p1a: Linoone|134/268\n|-setboost|p1a: Linoone|atk|6|[from] move: Belly Drum\n|-enditem|p1a: Linoone|Sitrus Berry|[eat]\n|-heal|p1a: Linoone|201/268|[from] item: Sitrus Berry\n|move|p2a: Chimecho|Psychic|p1a: Linoone\n|-damage|p1a: Linoone|45/268\n|\n|upkeep\n|turn|19\n|\n|t:|1768937802\n|move|p1a: Linoone|Shadow Claw|p2a: Chimecho\n|-supereffective|p2a: Chimecho\n|-damage|p2a: Chimecho|0 fnt\n|faint|p2a: Chimecho\n|\n|upkeep\n|\n|t:|1768937806\n|switch|p2a: Aggron|Aggron-Mega, L78, M|150/237\n|-activate|p2a: Aggron|move: Sticky Web\n|-unboost|p2a: Aggron|spe|1\n|turn|20\n|\n|t:|1768937809\n|move|p1a: Linoone|Shadow Claw|p2a: Aggron\n|-crit|p2a: Aggron\n|-damage|p2a: Aggron|36/237\n|move|p2a: Aggron|Heavy Slam|p1a: Linoone\n|-damage|p1a: Linoone|0 fnt\n|faint|p1a: Linoone\n|\n|upkeep\n|\n|t:|1768937813\n|switch|p1a: Swampert|Swampert-Mega, L80, M|201/291 tox\n|-damage|p1a: Swampert|183/291 tox|[from] Stealth Rock\n|turn|21\n|\n|t:|1768937820\n|move|p1a: Swampert|Earthquake|p2a: Aggron\n|-supereffective|p2a: Aggron\n|-damage|p2a: Aggron|0 fnt\n|faint|p2a: Aggron\n|detailschange|p2: Aggron|Aggron, L78, M|[silent]\n|\n|-damage|p1a: Swampert|165/291 tox|[from] psn\n|upkeep\n|\n|t:|1768937825\n|switch|p2a: Kabutops|Kabutops, L87, M|246/246\n|-activate|p2a: Kabutops|move: Sticky Web\n|-unboost|p2a: Kabutops|spe|1\n|turn|22\n|\n|t:|1768937830\n|move|p1a: Swampert|Earthquake|p2a: Kabutops\n|-supereffective|p2a: Kabutops\n|-damage|p2a: Kabutops|10/246\n|-ability|p2a: Kabutops|Weak Armor|boost\n|-unboost|p2a: Kabutops|def|1\n|-boost|p2a: Kabutops|spe|1\n|move|p2a: Kabutops|Waterfall|p1a: Swampert\n|-damage|p1a: Swampert|51/291 tox\n|-damage|p2a: Kabutops|0 fnt|[from] item: Life Orb\n|faint|p2a: Kabutops\n|\n|-damage|p1a: Swampert|15/291 tox|[from] psn\n|upkeep\n|\n|t:|1768937845\n|switch|p2a: Zebstrika|Zebstrika, L87, F|272/272\n|-activate|p2a: Zebstrika|move: Sticky Web\n|-unboost|p2a: Zebstrika|spe|1\n|turn|23\n|\n|t:|1768937849\n|move|p2a: Zebstrika|Hidden Power|p1a: Swampert\n|-damage|p1a: Swampert|0 fnt\n|faint|p1a: Swampert\n|detailschange|p1: Swampert|Swampert, L80, M|[silent]\n|\n|upkeep\n|\n|t:|1768937854\n|switch|p1a: Audino|Audino, L90, F|113/332 tox\n|-damage|p1a: Audino|72/332 tox|[from] Stealth Rock\n|turn|24\n|\n|t:|1768937859\n|move|p2a: Zebstrika|Wild Charge|p1a: Audino\n|-damage|p1a: Audino|0 fnt\n|-damage|p2a: Zebstrika|227/272|[from] item: Rocky Helmet|[of] p1a: Audino\n|faint|p1a: Audino\n|-damage|p2a: Zebstrika|209/272|[from] Recoil\n|\n|upkeep\n|\n|t:|1768937861\n|switch|p1a: Simisear|Simisear, L88, M|275/275\n|-damage|p1a: Simisear|207/275|[from] Stealth Rock\n|turn|25\n|\n|t:|1768937870\n|move|p1a: Simisear|Nasty Plot|p1a: Simisear\n|-boost|p1a: Simisear|spa|2\n|move|p2a: Zebstrika|Wild Charge|p1a: Simisear\n|-damage|p1a: Simisear|90/275\n|-damage|p2a: Zebstrika|180/272|[from] Recoil\n|\n|upkeep\n|turn|26\n|\n|t:|1768937877\n|move|p1a: Simisear|Fire Blast|p2a: Zebstrika\n|-damage|p2a: Zebstrika|0 fnt\n|faint|p2a: Zebstrika\n|-damage|p1a: Simisear|63/275|[from] item: Life Orb\n|\n|upkeep\n|\n|t:|1768937880\n|switch|p2a: Chansey|Chansey, L86, F|570/570\n|-activate|p2a: Chansey|move: Sticky Web\n|-unboost|p2a: Chansey|spe|1\n|turn|27\n|\n|t:|1768937883\n|move|p1a: Simisear|Focus Blast|p2a: Chansey|[miss]\n|-miss|p1a: Simisear|p2a: Chansey\n|move|p2a: Chansey|Seismic Toss|p1a: Simisear\n|-damage|p1a: Simisear|0 fnt\n|faint|p1a: Simisear\n|\n|win|Bearsfan777\n|raw|arboretums's rating: 1620 &rarr; <strong>1600</strong><br />(-20 for losing)\n|raw|Bearsfan777's rating: 1620 &rarr; <strong>1640</strong><br />(+20 for winning)\n", "inputlog": ">version 3bd1a1e329da8d286644078cfc9a9638fc7ea025\n>start {\"formatid\":\"gen6randombattle\",\"seed\":\"sodium,9c1f0d83c73f209e7a091a3de781117c\",\"rated\":\"Rated battle\"}\n>player p1 {\"name\":\"arboretums\",\"avatar\":\"serena-masters2\",\"rating\":1620,\"seed\":\"sodium,fafa679b84033947831f00d1a2c16966\"}\n>player p2 {\"name\":\"Bearsfan777\",\"avatar\":\"265\",\"rating\":1620,\"seed\":\"sodium,f89c2f8ba11590657dadf6f63cd7b3fe\"}\n>p1 move stickyweb\n>p2 move knockoff\n>p1 move knockoff\n>p2 move return\n>p1 switch 3\n>p1 move fireblast\n>p2 move bravebird\n>p2 switch 2\n>p1 switch 6\n>p2 move stealthrock\n>p1 move toxic\n>p2 move toxic\n>p1 move wish\n>p2 move seismictoss\n>p1 switch 5\n>p2 switch 4\n>p1 move raindance mega\n>p2 move toxic mega\n>p1 move waterfall\n>p2 move roar\n>p1 move wish\n>p2 move heavyslam\n>p1 switch 6\n>p1 move focusblast\n>p2 switch 4\n>p1 switch 5\n>p2 move softboiled\n>p1 move earthquake\n>p2 switch 5\n>p1 switch 4\n>p2 move psychic\n>p1 move knockoff\n>p2 move toxic\n>p1 move wish\n>p2 move psychic\n>p1 switch 2\n>p2 move recover\n>p1 move bellydrum\n>p2 move psychic\n>p1 move shadowclaw\n>p2 move psychic\n>p2 switch 4\n>p1 move shadowclaw\n>p2 move heavyslam\n>p1 switch 4\n>p1 move earthquake\n>p2 move roar\n>p2 switch 6\n>p1 move earthquake\n>p2 move waterfall\n>p2 switch 3\n>p1 move earthquake\n>p2 move hiddenpower\n>p1 switch 2\n>p1 move wish\n>p2 move wildcharge\n>p1 switch 5\n>p1 move nastyplot\n>p2 move wildcharge\n>p1 move fireblast\n>p2 move wildcharge\n>p2 switch 5\n>p1 move focusblast\n>p2 move seismictoss", "uploadtime": 1768937886, "views": 302, "formatid": "gen6randombattle", "rating": 1600, "private": 0, "password": null}