{"id": "gen6randombattle-2538404641", "format": "[Gen 6] Random Battle", "players": ["arboretums", "imlaotino"], "log": "|j|☆arboretums\n|j|☆imlaotino\n|t:|1770924449\n|gametype|singles\n|player|p1|arboretums|serena-masters2|1558\n|player|p2|imlaotino|265|1566\n|gen|6\n|tier|[Gen 6] Random Battle\n|rated|\n|rule|Sleep Clause Mod: Limit one foe put to sleep\n|rule|HP Percentage Mod: HP is shown in percentages\n|rule|Illusion Level Mod: Illusion disguises the Pokémon's true level\n|\n|t:|1770924449\n|teamsize|p1|6\n|teamsize|p2|6\n|start\n|switch|p1a: Victreebel|Victreebel, L90, F|290/290\n|switch|p2a: Vaporeon|Vaporeon, L84, F|356/356\n|turn|1\n|inactive|Battle timer is ON: inactive players will automatically lose when time's up. (requested by arboretums)\n|inactive|imlaotino has 120 seconds left.\n|\n|t:|1770924484\n|switch|p2a: Muk|Muk, L88, F|328/328\n|move|p1a: Victreebel|Power Whip|p2a: Muk|[miss]\n|-miss|p1a: Victreebel|p2a: Muk\n|\n|upkeep\n|turn|2\n|\n|t:|1770924491\n|switch|p1a: Golem|Golem, L86, M|278/278\n|move|p2a: Muk|Ice Punch|p1a: Golem\n|-supereffective|p1a: Golem\n|-damage|p1a: Golem|132/278\n|-enditem|p1a: Golem|Weakness Policy\n|-boost|p1a: Golem|atk|2|[from] item: Weakness Policy\n|-boost|p1a: Golem|spa|2|[from] item: Weakness Policy\n|\n|upkeep\n|turn|3\n|\n|t:|1770924500\n|move|p2a: Muk|Ice Punch|p1a: Golem\n|-supereffective|p1a: Golem\n|-damage|p1a: Golem|0 fnt\n|faint|p1a: Golem\n|\n|upkeep\n|\n|t:|1770924523\n|switch|p1a: Charizard|Charizard, L74, F|237/237\n|turn|4\n|\n|t:|1770924535\n|detailschange|p1a: Charizard|Charizard-Mega-X, L74, F\n|-mega|p1a: Charizard|Charizard|Charizardite X\n|move|p1a: Charizard|Dragon Dance|p1a: Charizard\n|-boost|p1a: Charizard|atk|1\n|-boost|p1a: Charizard|spe|1\n|move|p2a: Muk|Ice Punch|p1a: Charizard\n|-damage|p1a: Charizard|146/237\n|\n|upkeep\n|turn|5\n|\n|t:|1770924544\n|move|p1a: Charizard|Earthquake|p2a: Muk\n|-supereffective|p2a: Muk\n|-damage|p2a: Muk|120/328\n|move|p2a: Muk|Ice Punch|p1a: Charizard\n|-damage|p1a: Charizard|52/237\n|-status|p1a: Charizard|psn|[from] ability: Poison Touch|[of] p2a: Muk\n|\n|-damage|p1a: Charizard|23/237 psn|[from] psn\n|upkeep\n|turn|6\n|\n|t:|1770924560\n|switch|p2a: Hitmontop|Hitmontop, L89, M|234/234\n|-ability|p2a: Hitmontop|Intimidate|boost\n|-unboost|p1a: Charizard|atk|1\n|move|p1a: Charizard|Earthquake|p2a: Hitmontop\n|-damage|p2a: Hitmontop|169/234\n|\n|-heal|p2a: Hitmontop|183/234|[from] item: Leftovers\n|-damage|p1a: Charizard|0 fnt|[from] psn\n|faint|p1a: Charizard\n|detailschange|p1: Charizard|Charizard, L74, F|[silent]\n|upkeep\n|\n|t:|1770924564\n|switch|p1a: Victreebel|Victreebel, L90, F|290/290\n|turn|7\n|inactive|imlaotino has 120 seconds left.\n|\n|t:|1770924595\n|move|p1a: Victreebel|Power Whip|p2a: Hitmontop\n|-damage|p2a: Hitmontop|18/234\n|-damage|p1a: Victreebel|261/290|[from] item: Life Orb\n|move|p2a: Hitmontop|Earthquake|p1a: Victreebel\n|-damage|p1a: Victreebel|166/290\n|\n|-heal|p2a: Hitmontop|32/234|[from] item: Leftovers\n|upkeep\n|turn|8\n|\n|t:|1770924604\n|move|p1a: Victreebel|Hidden Power|p2a: Hitmontop\n|-damage|p2a: Hitmontop|0 fnt\n|faint|p2a: Hitmontop\n|-damage|p1a: Victreebel|137/290|[from] item: Life Orb\n|\n|upkeep\n|inactive|imlaotino has 120 seconds left.\n|\n|t:|1770924622\n|switch|p2a: Stoutland|Stoutland, L85, M|283/283\n|turn|9\n|inactive|imlaotino has 120 seconds left.\n|\n|t:|1770924627\n|switch|p1a: Qwilfish|Qwilfish, L84, F|246/246\n|-ability|p1a: Qwilfish|Intimidate|boost\n|-unboost|p2a: Stoutland|atk|1\n|move|p2a: Stoutland|Return|p1a: Qwilfish\n|-damage|p1a: Qwilfish|119/246\n|\n|-heal|p1a: Qwilfish|134/246|[from] item: Black Sludge\n|upkeep\n|turn|10\n|inactive|imlaotino has 120 seconds left.\n|\n|t:|1770924637\n|switch|p2a: Muk|Muk, L88, F|120/328\n|move|p1a: Qwilfish|Destiny Bond|p1a: Qwilfish\n|-singlemove|p1a: Qwilfish|Destiny Bond\n|\n|-heal|p1a: Qwilfish|149/246|[from] item: Black Sludge\n|upkeep\n|turn|11\n|inactive|imlaotino has 120 seconds left.\n|\n|t:|1770924651\n|move|p1a: Qwilfish|Waterfall|p2a: Muk\n|-damage|p2a: Muk|24/328\n|move|p2a: Muk|Gunk Shot|p1a: Qwilfish|[miss]\n|-miss|p2a: Muk|p1a: Qwilfish\n|\n|-heal|p1a: Qwilfish|164/246|[from] item: Black Sludge\n|upkeep\n|turn|12\n|\n|t:|1770924657\n|switch|p2a: Cacturne|Cacturne, L90, M|272/272\n|move|p1a: Qwilfish|Poison Jab|p2a: Cacturne\n|-supereffective|p2a: Cacturne\n|-damage|p2a: Cacturne|56/272\n|\n|-heal|p1a: Qwilfish|179/246|[from] item: Black Sludge\n|upkeep\n|turn|13\n|\n|t:|1770924665\n|move|p2a: Cacturne|Sucker Punch|p1a: Qwilfish\n|-damage|p1a: Qwilfish|7/246\n|-damage|p2a: Cacturne|29/272|[from] item: Life Orb\n|move|p1a: Qwilfish|Poison Jab|p2a: Cacturne\n|-supereffective|p2a: Cacturne\n|-damage|p2a: Cacturne|0 fnt\n|faint|p2a: Cacturne\n|\n|-heal|p1a: Qwilfish|22/246|[from] item: Black Sludge\n|upkeep\n|\n|t:|1770924680\n|switch|p2a: Muk|Muk, L88, F|24/328\n|turn|14\n|\n|t:|1770924684\n|switch|p1a: Lopunny|Lopunny, L86, M|251/251\n|move|p2a: Muk|Shadow Sneak|p1a: Lopunny\n|-immune|p1a: Lopunny\n|\n|upkeep\n|turn|15\n|\n|t:|1770924693\n|switch|p2a: Vaporeon|Vaporeon, L84, F|356/356\n|move|p1a: Lopunny|Return|p2a: Vaporeon\n|-damage|p2a: Vaporeon|154/356\n|\n|-heal|p2a: Vaporeon|176/356|[from] item: Leftovers\n|upkeep\n|turn|16\n|\n|t:|1770924701\n|move|p2a: Vaporeon|Protect|p2a: Vaporeon\n|-singleturn|p2a: Vaporeon|Protect\n|move|p1a: Lopunny|Return|p2a: Vaporeon\n|-activate|p2a: Vaporeon|move: Protect\n|\n|-heal|p2a: Vaporeon|198/356|[from] item: Leftovers\n|upkeep\n|turn|17\n|\n|t:|1770924709\n|switch|p1a: Vaporeon|Vaporeon, L84, M|356/356\n|move|p2a: Vaporeon|Toxic|p1a: Vaporeon\n|-status|p1a: Vaporeon|tox\n|\n|-heal|p2a: Vaporeon|220/356|[from] item: Leftovers\n|-damage|p1a: Vaporeon|334/356 tox|[from] psn\n|upkeep\n|turn|18\n|\n|t:|1770924719\n|move|p2a: Vaporeon|Wish|p2a: Vaporeon\n|move|p1a: Vaporeon|Heal Bell|p1a: Vaporeon\n|-activate|p1a: Vaporeon|move: Heal Bell\n|-curestatus|p1a: Vaporeon|tox|[msg]\n|\n|-heal|p1a: Vaporeon|356/356|[from] item: Leftovers\n|-heal|p2a: Vaporeon|242/356|[from] item: Leftovers\n|upkeep\n|turn|19\n|\n|t:|1770924727\n|switch|p1a: Victreebel|Victreebel, L90, F|137/290\n|move|p2a: Vaporeon|Toxic|p1a: Victreebel\n|-immune|p1a: Victreebel\n|\n|-heal|p2a: Vaporeon|356/356|[from] move: Wish|[wisher] Vaporeon\n|upkeep\n|turn|20\n|\n|t:|1770924739\n|switch|p2a: Muk|Muk, L88, F|24/328\n|move|p1a: Victreebel|Power Whip|p2a: Muk\n|-resisted|p2a: Muk\n|-damage|p2a: Muk|0 fnt\n|faint|p2a: Muk\n|-damage|p1a: Victreebel|108/290|[from] item: Life Orb\n|\n|upkeep\n|\n|t:|1770924749\n|switch|p2a: Mawile|Mawile, L76, M|201/201\n|-ability|p2a: Mawile|Intimidate|boost\n|-unboost|p1a: Victreebel|atk|1\n|turn|21\n|\n|t:|1770924755\n|detailschange|p2a: Mawile|Mawile-Mega, L76, M\n|-mega|p2a: Mawile|Mawile|Mawilite\n|move|p1a: Victreebel|Hidden Power|p2a: Mawile\n|-supereffective|p2a: Mawile\n|-damage|p2a: Mawile|58/201\n|-damage|p1a: Victreebel|79/290|[from] item: Life Orb\n|move|p2a: Mawile|Swords Dance|p2a: Mawile\n|-boost|p2a: Mawile|atk|2\n|\n|upkeep\n|turn|22\n|\n|t:|1770924768\n|switch|p1a: Qwilfish|Qwilfish, L84, F|22/246\n|-ability|p1a: Qwilfish|Intimidate|boost\n|-unboost|p2a: Mawile|atk|1\n|switch|p2a: Vaporeon|Vaporeon, L84, F|356/356\n|\n|-heal|p1a: Qwilfish|37/246|[from] item: Black Sludge\n|upkeep\n|turn|23\n|\n|t:|1770924774\n|move|p1a: Qwilfish|Destiny Bond|p1a: Qwilfish\n|-singlemove|p1a: Qwilfish|Destiny Bond\n|move|p2a: Vaporeon|Scald|p1a: Qwilfish\n|-resisted|p1a: Qwilfish\n|-damage|p1a: Qwilfish|0 fnt\n|faint|p1a: Qwilfish\n|-activate|p1a: Qwilfish|move: Destiny Bond\n|faint|p2a: Vaporeon\n|\n|upkeep\n|\n|t:|1770924782\n|switch|p1a: Lopunny|Lopunny, L86, M|251/251\n|switch|p2a: Mawile|Mawile-Mega, L76, M|58/201\n|turn|24\n|\n|t:|1770924789\n|move|p1a: Lopunny|High Jump Kick|p2a: Mawile|[miss]\n|-miss|p1a: Lopunny|p2a: Mawile\n|-damage|p1a: Lopunny|126/251|[from] highjumpkick\n|move|p2a: Mawile|Play Rough|p1a: Lopunny\n|-damage|p1a: Lopunny|0 fnt\n|faint|p1a: Lopunny\n|\n|upkeep\n|\n|t:|1770924794\n|switch|p1a: Vaporeon|Vaporeon, L84, M|356/356\n|turn|25\n|\n|t:|1770924798\n|move|p1a: Vaporeon|Scald|p2a: Mawile\n|-damage|p2a: Mawile|0 fnt\n|faint|p2a: Mawile\n|detailschange|p2: Mawile|Mawile, L76, M|[silent]\n|\n|upkeep\n|\n|t:|1770924802\n|switch|p2a: Stoutland|Stoutland, L85, M|283/283\n|turn|26\n|\n|t:|1770924808\n|move|p2a: Stoutland|Return|p1a: Vaporeon\n|-damage|p1a: Vaporeon|122/356\n|move|p1a: Vaporeon|Scald|p2a: Stoutland\n|-damage|p2a: Stoutland|187/283\n|\n|-heal|p1a: Vaporeon|144/356|[from] item: Leftovers\n|upkeep\n|turn|27\n|\n|t:|1770924816\n|move|p2a: Stoutland|Return|p1a: Vaporeon\n|-damage|p1a: Vaporeon|0 fnt\n|faint|p1a: Vaporeon\n|\n|upkeep\n|\n|t:|1770924819\n|switch|p1a: Victreebel|Victreebel, L90, F|79/290\n|turn|28\n|\n|t:|1770924822\n|move|p2a: Stoutland|Return|p1a: Victreebel\n|-damage|p1a: Victreebel|0 fnt\n|faint|p1a: Victreebel\n|\n|win|imlaotino\n|raw|arboretums's rating: 1558 &rarr; <strong>1538</strong><br />(-20 for losing)\n|raw|imlaotino's rating: 1566 &rarr; <strong>1586</strong><br />(+20 for winning)\n", "inputlog": ">version ccdc32dd7cde25fd9e4bed64820e885f66e78a4e\n>start {\"formatid\":\"gen6randombattle\",\"seed\":\"sodium,ee48d77e577991c284f39edf127c403b\",\"rated\":\"Rated battle\"}\n>player p1 {\"name\":\"arboretums\",\"avatar\":\"serena-masters2\",\"rating\":1558,\"seed\":\"sodium,2a45b676b88fc3aec1c321364af7b5d6\"}\n>player p2 {\"name\":\"imlaotino\",\"avatar\":\"265\",\"rating\":1566,\"seed\":\"sodium,6f3cc57002265866547be816c64e5479\"}\n>p1 move powerwhip\n>p2 switch 2\n>p1 switch 3\n>p2 move icepunch\n>p1 move rockpolish\n>p2 move icepunch\n>p1 switch 6\n>p1 move dragondance mega\n>p2 move icepunch\n>p1 move earthquake\n>p2 move icepunch\n>p1 move earthquake\n>p2 switch 3\n>p1 switch 3\n>p1 move powerwhip\n>p2 move earthquake\n>p1 move hiddenpower\n>p2 move earthquake\n>p2 switch 6\n>p1 switch 4\n>p2 move return\n>p1 move destinybond\n>p2 switch 3\n>p1 move waterfall\n>p2 move gunkshot\n>p1 move poisonjab\n>p2 switch 4\n>p1 move poisonjab\n>p2 move suckerpunch\n>p2 switch 4\n>p1 switch 2\n>p2 move shadowsneak\n>p1 move return\n>p2 switch 2\n>p1 move return\n>p2 move protect\n>p1 switch 5\n>p2 move toxic\n>p1 move healbell\n>p2 move wish\n>p1 switch 4\n>p2 move toxic\n>p1 move powerwhip\n>p2 switch 2\n>p2 switch 5\n>p1 move hiddenpower\n>p2 move swordsdance mega\n>p1 switch 2\n>p2 switch 2\n>p1 move destinybond\n>p2 move scald\n>p1 switch 5\n>p2 switch 2\n>p1 move highjumpkick\n>p2 move playrough\n>p1 switch 4\n>p1 move scald\n>p2 move knockoff\n>p2 switch 3\n>p1 move scald\n>p2 move return\n>p1 move scald\n>p2 move return\n>p1 switch 2\n>p1 move powerwhip\n>p2 move return", "uploadtime": 1770924825, "views": 221, "formatid": "gen6randombattle", "rating": 1538, "private": 0, "password": null}