{"id": "gen6randombattle-2538871814", "format": "[Gen 6] Random Battle", "players": ["boomer0501o", "hypnox33"], "log": "|j|☆boomer0501o\n|j|☆hypnox33\n|t:|1770987833\n|gametype|singles\n|player|p1|boomer0501o|265|1739\n|player|p2|hypnox33|blaine|1578\n|gen|6\n|tier|[Gen 6] Random Battle\n|rated|\n|rule|Sleep Clause Mod: Limit one foe put to sleep\n|rule|HP Percentage Mod: HP is shown in percentages\n|rule|Illusion Level Mod: Illusion disguises the Pokémon's true level\n|\n|t:|1770987833\n|teamsize|p1|6\n|teamsize|p2|6\n|start\n|switch|p1a: Nidoking|Nidoking, L82, M|267/267\n|switch|p2a: Mismagius|Mismagius, L85, M|241/241\n|turn|1\n|inactive|Battle timer is ON: inactive players will automatically lose when time's up. (requested by hypnox33)\n|inactive|hypnox33 has 120 seconds left.\n|\n|t:|1770987879\n|switch|p1a: Exploud|Exploud, L85, F|316/316\n|move|p2a: Mismagius|Taunt|p1a: Exploud\n|-start|p1a: Exploud|move: Taunt\n|\n|upkeep\n|turn|2\n|inactive|hypnox33 has 120 seconds left.\n|\n|t:|1770987912\n|move|p2a: Mismagius|Dazzling Gleam|p1a: Exploud\n|-damage|p1a: Exploud|243/316\n|move|p1a: Exploud|Boomburst|p2a: Mismagius\n|-damage|p2a: Mismagius|37/241\n|\n|-heal|p2a: Mismagius|52/241|[from] item: Leftovers\n|upkeep\n|turn|3\n|\n|t:|1770987920\n|move|p2a: Mismagius|Destiny Bond|p2a: Mismagius\n|-singlemove|p2a: Mismagius|Destiny Bond\n|move|p1a: Exploud|Boomburst|p2a: Mismagius\n|-damage|p2a: Mismagius|0 fnt\n|faint|p2a: Mismagius\n|-activate|p2a: Mismagius|move: Destiny Bond\n|faint|p1a: Exploud\n|\n|upkeep\n|\n|t:|1770987929\n|switch|p2a: Politoed|Politoed, L86, M|295/295\n|switch|p1a: Skarmory|Skarmory, L74, M|218/218\n|-weather|RainDance|[from] ability: Drizzle|[of] p2a: Politoed\n|turn|4\n|inactive|hypnox33 has 120 seconds left.\n|\n|t:|1770987951\n|switch|p1a: Froslass|Froslass, L84, F|255/255\n|move|p2a: Politoed|Scald|p1a: Froslass\n|-damage|p1a: Froslass|93/255\n|-status|p1a: Froslass|brn\n|\n|-weather|RainDance|[upkeep]\n|-heal|p1a: Froslass|108/255 brn|[from] item: Leftovers\n|-damage|p1a: Froslass|77/255 brn|[from] brn\n|upkeep\n|turn|5\n|inactive|hypnox33 has 120 seconds left.\n|\n|t:|1770987966\n|move|p2a: Politoed|Protect|p2a: Politoed\n|-singleturn|p2a: Politoed|Protect\n|move|p1a: Froslass|Thunder Wave|p2a: Politoed\n|-activate|p2a: Politoed|move: Protect\n|\n|-weather|RainDance|[upkeep]\n|-heal|p1a: Froslass|92/255 brn|[from] item: Leftovers\n|-damage|p1a: Froslass|61/255 brn|[from] brn\n|upkeep\n|turn|6\n|inactive|hypnox33 has 120 seconds left.\n|\n|t:|1770987976\n|switch|p2a: Arbok|Arbok, L90, M|254/254\n|move|p1a: Froslass|Shadow Ball|p2a: Arbok\n|-damage|p2a: Arbok|179/254\n|-unboost|p2a: Arbok|spd|1\n|\n|-weather|RainDance|[upkeep]\n|-heal|p1a: Froslass|76/255 brn|[from] item: Leftovers\n|-heal|p2a: Arbok|194/254|[from] item: Black Sludge\n|-damage|p1a: Froslass|45/255 brn|[from] brn\n|upkeep\n|turn|7\n|inactive|hypnox33 has 120 seconds left.\n|\n|t:|1770987988\n|switch|p1a: Skarmory|Skarmory, L74, M|218/218\n|move|p2a: Arbok|Coil|p2a: Arbok\n|-boost|p2a: Arbok|atk|1\n|-boost|p2a: Arbok|def|1\n|-boost|p2a: Arbok|accuracy|1\n|\n|-weather|RainDance|[upkeep]\n|-heal|p2a: Arbok|209/254|[from] item: Black Sludge\n|upkeep\n|turn|8\n|inactive|hypnox33 has 120 seconds left.\n|\n|t:|1770988002\n|switch|p2a: Politoed|Politoed, L86, M|295/295\n|move|p1a: Skarmory|Spikes|p2a: Politoed\n|-sidestart|p2: hypnox33|Spikes\n|\n|-weather|none\n|upkeep\n|turn|9\n|\n|t:|1770988006\n|move|p2a: Politoed|Scald|p1a: Skarmory\n|-damage|p1a: Skarmory|104/218\n|move|p1a: Skarmory|Spikes|p2a: Politoed\n|-sidestart|p2: hypnox33|Spikes\n|\n|-heal|p1a: Skarmory|117/218|[from] item: Leftovers\n|upkeep\n|turn|10\n|\n|t:|1770988011\n|move|p2a: Politoed|Scald|p1a: Skarmory\n|-damage|p1a: Skarmory|14/218\n|-status|p1a: Skarmory|brn\n|move|p1a: Skarmory|Spikes|p2a: Politoed\n|-sidestart|p2: hypnox33|Spikes\n|\n|-heal|p1a: Skarmory|27/218 brn|[from] item: Leftovers\n|-damage|p1a: Skarmory|0 fnt|[from] brn\n|faint|p1a: Skarmory\n|upkeep\n|\n|t:|1770988019\n|switch|p1a: Spinda|Spinda, L97, M|273/273\n|turn|11\n|\n|t:|1770988026\n|move|p1a: Spinda|Superpower|p2a: Politoed\n|-damage|p2a: Politoed|211/295\n|-boost|p1a: Spinda|atk|1\n|-boost|p1a: Spinda|def|1\n|move|p2a: Politoed|Toxic|p1a: Spinda\n|-status|p1a: Spinda|tox\n|\n|-heal|p2a: Politoed|229/295|[from] item: Leftovers\n|-damage|p1a: Spinda|256/273 tox|[from] psn\n|upkeep\n|turn|12\n|\n|t:|1770988030\n|move|p2a: Politoed|Protect|p2a: Politoed\n|-singleturn|p2a: Politoed|Protect\n|move|p1a: Spinda|Superpower|p2a: Politoed\n|-activate|p2a: Politoed|move: Protect\n|\n|-heal|p1a: Spinda|273/273 tox|[from] item: Leftovers\n|-heal|p2a: Politoed|247/295|[from] item: Leftovers\n|-damage|p1a: Spinda|239/273 tox|[from] psn\n|upkeep\n|turn|13\n|\n|t:|1770988033\n|move|p1a: Spinda|Superpower|p2a: Politoed\n|-damage|p2a: Politoed|112/295\n|-boost|p1a: Spinda|atk|1\n|-boost|p1a: Spinda|def|1\n|move|p2a: Politoed|Scald|p1a: Spinda\n|-damage|p1a: Spinda|151/273 tox\n|\n|-heal|p1a: Spinda|168/273 tox|[from] item: Leftovers\n|-heal|p2a: Politoed|130/295|[from] item: Leftovers\n|-damage|p1a: Spinda|117/273 tox|[from] psn\n|upkeep\n|turn|14\n|\n|t:|1770988036\n|move|p2a: Politoed|Protect|p2a: Politoed\n|-singleturn|p2a: Politoed|Protect\n|move|p1a: Spinda|Return|p2a: Politoed\n|-activate|p2a: Politoed|move: Protect\n|\n|-heal|p1a: Spinda|134/273 tox|[from] item: Leftovers\n|-heal|p2a: Politoed|148/295|[from] item: Leftovers\n|-damage|p1a: Spinda|66/273 tox|[from] psn\n|upkeep\n|turn|15\n|\n|t:|1770988050\n|switch|p2a: Arbok|Arbok, L90, M|209/254\n|-damage|p2a: Arbok|146/254|[from] Spikes\n|move|p1a: Spinda|Superpower|p2a: Arbok\n|-resisted|p2a: Arbok\n|-damage|p2a: Arbok|58/254\n|-boost|p1a: Spinda|atk|1\n|-boost|p1a: Spinda|def|1\n|\n|-heal|p2a: Arbok|73/254|[from] item: Black Sludge\n|-heal|p1a: Spinda|83/273 tox|[from] item: Leftovers\n|-damage|p1a: Spinda|0 fnt|[from] psn\n|faint|p1a: Spinda\n|upkeep\n|\n|t:|1770988062\n|switch|p1a: Yanmega|Yanmega, L82, F|275/275\n|turn|16\n|\n|t:|1770988070\n|move|p1a: Yanmega|Air Slash|p2a: Arbok\n|-damage|p2a: Arbok|0 fnt\n|faint|p2a: Arbok\n|-damage|p1a: Yanmega|248/275|[from] item: Life Orb\n|\n|-ability|p1a: Yanmega|Speed Boost|boost\n|-boost|p1a: Yanmega|spe|1\n|upkeep\n|\n|t:|1770988096\n|switch|p2a: Dragonite|Dragonite, L73, F|253/253\n|turn|17\n|\n|t:|1770988103\n|move|p1a: Yanmega|Air Slash|p2a: Dragonite\n|-damage|p2a: Dragonite|198/253\n|-damage|p1a: Yanmega|221/275|[from] item: Life Orb\n|cant|p2a: Dragonite|flinch\n|\n|-ability|p1a: Yanmega|Speed Boost|boost\n|-boost|p1a: Yanmega|spe|1\n|upkeep\n|turn|18\n|\n|t:|1770988110\n|move|p1a: Yanmega|Air Slash|p2a: Dragonite\n|-damage|p2a: Dragonite|77/253\n|-damage|p1a: Yanmega|194/275|[from] item: Life Orb\n|move|p2a: Dragonite|Outrage|p1a: Yanmega\n|-damage|p1a: Yanmega|64/275\n|\n|-ability|p1a: Yanmega|Speed Boost|boost\n|-boost|p1a: Yanmega|spe|1\n|upkeep\n|turn|19\n|\n|t:|1770988116\n|move|p1a: Yanmega|Air Slash|p2a: Dragonite\n|-damage|p2a: Dragonite|0 fnt\n|faint|p2a: Dragonite\n|-damage|p1a: Yanmega|37/275|[from] item: Life Orb\n|\n|-ability|p1a: Yanmega|Speed Boost|boost\n|-boost|p1a: Yanmega|spe|1\n|upkeep\n|\n|t:|1770988127\n|switch|p2a: Politoed|Politoed, L86, M|148/295\n|-damage|p2a: Politoed|75/295|[from] Spikes\n|-weather|RainDance|[from] ability: Drizzle|[of] p2a: Politoed\n|turn|20\n|\n|t:|1770988132\n|move|p2a: Politoed|Protect|p2a: Politoed\n|-singleturn|p2a: Politoed|Protect\n|move|p1a: Yanmega|Bug Buzz|p2a: Politoed\n|-activate|p2a: Politoed|move: Protect\n|\n|-weather|RainDance|[upkeep]\n|-heal|p2a: Politoed|93/295|[from] item: Leftovers\n|-ability|p1a: Yanmega|Speed Boost|boost\n|-boost|p1a: Yanmega|spe|1\n|upkeep\n|turn|21\n|\n|t:|1770988135\n|move|p1a: Yanmega|Bug Buzz|p2a: Politoed\n|-damage|p2a: Politoed|0 fnt\n|faint|p2a: Politoed\n|-damage|p1a: Yanmega|10/275|[from] item: Life Orb\n|\n|-weather|RainDance|[upkeep]\n|-ability|p1a: Yanmega|Speed Boost|boost\n|-boost|p1a: Yanmega|spe|1\n|upkeep\n|\n|t:|1770988140\n|switch|p2a: Xerneas|Xerneas, L64|268/268\n|-damage|p2a: Xerneas|201/268|[from] Spikes\n|-ability|p2a: Xerneas|Fairy Aura\n|turn|22\n|\n|t:|1770988146\n|move|p1a: Yanmega|Air Slash|p2a: Xerneas\n|-damage|p2a: Xerneas|57/268\n|-damage|p1a: Yanmega|0 fnt|[from] item: Life Orb\n|faint|p1a: Yanmega\n|move|p2a: Xerneas|Geomancy||[still]\n|-prepare|p2a: Xerneas|Geomancy\n|-enditem|p2a: Xerneas|Power Herb\n|-anim|p2a: Xerneas|Geomancy|p2a: Xerneas\n|-boost|p2a: Xerneas|spa|2\n|-boost|p2a: Xerneas|spd|2\n|-boost|p2a: Xerneas|spe|2\n|\n|-weather|RainDance|[upkeep]\n|upkeep\n|\n|t:|1770988150\n|switch|p1a: Nidoking|Nidoking, L82, M|267/267\n|turn|23\n|\n|t:|1770988153\n|move|p2a: Xerneas|Psyshock|p1a: Nidoking\n|-supereffective|p1a: Nidoking\n|-damage|p1a: Nidoking|63/267\n|move|p1a: Nidoking|Sludge Wave|p2a: Xerneas\n|-supereffective|p2a: Xerneas\n|-damage|p2a: Xerneas|0 fnt\n|faint|p2a: Xerneas\n|\n|-weather|RainDance|[upkeep]\n|upkeep\n|\n|t:|1770988156\n|switch|p2a: Heracross|Heracross, L77, F|250/250\n|-damage|p2a: Heracross|188/250|[from] Spikes\n|turn|24\n|\n|t:|1770988173\n|detailschange|p2a: Heracross|Heracross-Mega, L77, F\n|-mega|p2a: Heracross|Heracross|Heracronite\n|move|p1a: Nidoking|Sludge Wave|p2a: Heracross\n|-damage|p2a: Heracross|55/250\n|move|p2a: Heracross|Pin Missile|p1a: Nidoking\n|-resisted|p1a: Nidoking\n|-damage|p1a: Nidoking|42/267\n|-resisted|p1a: Nidoking\n|-damage|p1a: Nidoking|21/267\n|-resisted|p1a: Nidoking\n|-damage|p1a: Nidoking|0 fnt\n|faint|p1a: Nidoking\n|-hitcount|p1: Nidoking|3\n|\n|-weather|none\n|upkeep\n|\n|t:|1770988176\n|switch|p1a: Froslass|Froslass, L84, F|45/255 brn\n|turn|25\n|\n|t:|1770988179\n|move|p1a: Froslass|Ice Beam|p2a: Heracross\n|-damage|p2a: Heracross|0 fnt\n|faint|p2a: Heracross\n|detailschange|p2: Heracross|Heracross, L77, F|[silent]\n|\n|win|boomer0501o\n|raw|boomer0501o's rating: 1739 &rarr; <strong>1750</strong><br />(+11 for winning)\n|raw|hypnox33's rating: 1578 &rarr; <strong>1567</strong><br />(-11 for losing)\n|l|☆hypnox33\n|player|p2|\n|l|☆boomer0501o\n|player|p1|\n", "inputlog": ">version ccdc32dd7cde25fd9e4bed64820e885f66e78a4e\n>start {\"formatid\":\"gen6randombattle\",\"seed\":\"sodium,3175175506643a8e1912ba832cc5b2ff\",\"rated\":\"Rated battle\"}\n>player p1 {\"name\":\"boomer0501o\",\"avatar\":\"265\",\"rating\":1739,\"seed\":\"sodium,7e14915d955c3cac374afb595cec48fc\"}\n>player p2 {\"name\":\"hypnox33\",\"avatar\":\"blaine\",\"rating\":1578,\"seed\":\"sodium,5ceea23277feab85d9333a5e28be0aa7\"}\n>p1 switch 5\n>p2 move taunt\n>p1 move boomburst\n>p2 move dazzlinggleam\n>p1 move boomburst\n>p2 move destinybond\n>p1 switch 4\n>p2 switch 5\n>p1 switch 3\n>p2 move scald\n>p1 move thunderwave\n>p2 move protect\n>p1 move shadowball\n>p2 switch 3\n>p1 switch 3\n>p2 move coil\n>p1 move spikes\n>p2 switch 3\n>p1 move spikes\n>p2 move scald\n>p1 move spikes\n>p2 move scald\n>p1 switch 6\n>p1 move superpower\n>p2 move toxic\n>p1 move superpower\n>p2 move protect\n>p1 move superpower\n>p2 move scald\n>p1 move return\n>p2 move protect\n>p1 move superpower\n>p2 switch 3\n>p1 switch 2\n>p1 move airslash\n>p2 move rest\n>p2 switch 2\n>p1 move airslash\n>p2 move outrage\n>p1 move airslash\n>p2 move outrage\n>p1 move airslash\n>p2 move outrage\n>p2 switch 3\n>p1 move bugbuzz\n>p2 move protect\n>p1 move bugbuzz\n>p2 move scald\n>p2 switch 4\n>p1 move airslash\n>p2 move geomancy\n>p1 switch 5\n>p1 move sludgewave\n>p2 move psyshock\n>p2 switch 6\n>p1 move sludgewave\n>p2 move pinmissile mega\n>p1 switch 3\n>p1 move icebeam\n>p2 move pinmissile", "uploadtime": 1770988491, "views": 201, "formatid": "gen6randombattle", "rating": 1567, "private": 0, "password": null}