{"id": "gen6randombattle-2538857056", "format": "[Gen 6] Random Battle", "players": ["thebigmand", "Omgebhonyel"], "log": "|j|☆thebigmand\n|j|☆Omgebhonyel\n|t:|1770985771\n|gametype|singles\n|player|p1|thebigmand|266|1540\n|player|p2|Omgebhonyel|brock|1678\n|gen|6\n|tier|[Gen 6] Random Battle\n|rated|\n|rule|Sleep Clause Mod: Limit one foe put to sleep\n|rule|HP Percentage Mod: HP is shown in percentages\n|rule|Illusion Level Mod: Illusion disguises the Pokémon's true level\n|\n|t:|1770985771\n|teamsize|p1|6\n|teamsize|p2|6\n|start\n|switch|p1a: Pachirisu|Pachirisu, L95, M|268/268\n|switch|p2a: Florges|Florges-Blue, L84, F|268/268\n|turn|1\n|inactive|Battle timer is ON: inactive players will automatically lose when time's up. (requested by thebigmand)\n|l|☆Omgebhonyel\n|inactive|Omgebhonyel disconnected and has a minute to reconnect!\n|player|p2|\n|j|☆Omgebhonyel\n|inactive|Omgebhonyel reconnected and has 130 seconds left.\n|player|p2|Omgebhonyel|brock|\n|\n|t:|1770985805\n|move|p1a: Pachirisu|Toxic|p2a: Florges\n|-status|p2a: Florges|tox\n|move|p2a: Florges|Toxic|p1a: Pachirisu\n|-status|p1a: Pachirisu|tox\n|\n|-damage|p1a: Pachirisu|252/268 tox|[from] psn\n|-damage|p2a: Florges|252/268 tox|[from] psn\n|upkeep\n|turn|2\n|\n|t:|1770985813\n|move|p1a: Pachirisu|Super Fang|p2a: Florges\n|-damage|p2a: Florges|126/268 tox\n|move|p2a: Florges|Aromatherapy|p2a: Florges\n|-activate|p2a: Florges|move: Aromatherapy\n|-curestatus|p2a: Florges|tox|[msg]\n|\n|-heal|p1a: Pachirisu|268/268 tox|[from] item: Leftovers\n|-heal|p2a: Florges|142/268|[from] item: Leftovers\n|-damage|p1a: Pachirisu|236/268 tox|[from] psn\n|upkeep\n|turn|3\n|\n|t:|1770985820\n|move|p1a: Pachirisu|U-turn|p2a: Florges\n|-resisted|p2a: Florges\n|-damage|p2a: Florges|118/268\n|\n|t:|1770985823\n|switch|p1a: Beedrill|Beedrill, L77, M|227/227|[from] U-turn\n|move|p2a: Florges|Synthesis|p2a: Florges\n|-heal|p2a: Florges|252/268\n|\n|-heal|p2a: Florges|268/268|[from] item: Leftovers\n|upkeep\n|turn|4\n|\n|t:|1770985832\n|switch|p2a: Vileplume|Vileplume, L87, F|272/272\n|detailschange|p1a: Beedrill|Beedrill-Mega, L77, M\n|-mega|p1a: Beedrill|Beedrill|Beedrillite\n|move|p1a: Beedrill|Poison Jab|p2a: Vileplume\n|-damage|p2a: Vileplume|134/272\n|\n|-heal|p2a: Vileplume|151/272|[from] item: Black Sludge\n|upkeep\n|turn|5\n|\n|t:|1770985842\n|move|p1a: Beedrill|U-turn|p2a: Vileplume\n|-damage|p2a: Vileplume|35/272\n|-status|p1a: Beedrill|par|[from] ability: Effect Spore|[of] p2a: Vileplume\n|\n|t:|1770985844\n|switch|p1a: Pachirisu|Pachirisu, L95, M|236/268 tox|[from] U-turn\n|move|p2a: Vileplume|Synthesis|p2a: Vileplume\n|-heal|p2a: Vileplume|171/272\n|\n|-heal|p1a: Pachirisu|252/268 tox|[from] item: Leftovers\n|-heal|p2a: Vileplume|188/272|[from] item: Black Sludge\n|-damage|p1a: Pachirisu|236/268 tox|[from] psn\n|upkeep\n|turn|6\n|\n|t:|1770985850\n|move|p1a: Pachirisu|U-turn|p2a: Vileplume\n|-damage|p2a: Vileplume|149/272\n|\n|t:|1770985852\n|switch|p1a: Beedrill|Beedrill-Mega, L77, M|227/227 par|[from] U-turn\n|move|p2a: Vileplume|Sludge Bomb|p1a: Beedrill\n|-resisted|p1a: Beedrill\n|-damage|p1a: Beedrill|158/227 par\n|\n|-heal|p2a: Vileplume|166/272|[from] item: Black Sludge\n|upkeep\n|turn|7\n|\n|t:|1770985857\n|switch|p2a: Swampert|Swampert, L82, F|298/298\n|move|p1a: Beedrill|Poison Jab|p2a: Swampert\n|-resisted|p2a: Swampert\n|-damage|p2a: Swampert|230/298\n|-status|p2a: Swampert|psn\n|\n|-heal|p2a: Swampert|248/298 psn|[from] item: Leftovers\n|-damage|p2a: Swampert|211/298 psn|[from] psn\n|upkeep\n|turn|8\n|\n|t:|1770985863\n|move|p1a: Beedrill|Protect|p1a: Beedrill\n|-singleturn|p1a: Beedrill|Protect\n|move|p2a: Swampert|Earthquake|p1a: Beedrill\n|-activate|p1a: Beedrill|move: Protect\n|\n|-heal|p2a: Swampert|229/298 psn|[from] item: Leftovers\n|-damage|p2a: Swampert|192/298 psn|[from] psn\n|upkeep\n|turn|9\n|\n|t:|1770985869\n|switch|p1a: Simisage|Simisage, L88, F|275/275\n|move|p2a: Swampert|Scald|p1a: Simisage\n|-resisted|p1a: Simisage\n|-damage|p1a: Simisage|233/275\n|\n|-heal|p2a: Swampert|210/298 psn|[from] item: Leftovers\n|-damage|p2a: Swampert|173/298 psn|[from] psn\n|upkeep\n|turn|10\n|\n|t:|1770985876\n|switch|p2a: Vileplume|Vileplume, L87, F|166/272\n|move|p1a: Simisage|Nasty Plot|p1a: Simisage\n|-boost|p1a: Simisage|spa|2\n|\n|-heal|p2a: Vileplume|183/272|[from] item: Black Sludge\n|upkeep\n|turn|11\n|\n|t:|1770985878\n|move|p1a: Simisage|Hidden Power|p2a: Vileplume\n|-supereffective|p2a: Vileplume\n|-damage|p2a: Vileplume|0 fnt\n|faint|p2a: Vileplume\n|-damage|p1a: Simisage|206/275|[from] item: Life Orb\n|\n|upkeep\n|\n|t:|1770985888\n|switch|p2a: Beedrill|Beedrill, L94, F|275/275\n|turn|12\n|\n|t:|1770985903\n|move|p1a: Simisage|Hidden Power|p2a: Beedrill\n|-damage|p2a: Beedrill|146/275\n|-damage|p1a: Simisage|179/275|[from] item: Life Orb\n|move|p2a: Beedrill|U-turn|p1a: Simisage\n|-supereffective|p1a: Simisage\n|-damage|p1a: Simisage|0 fnt\n|faint|p1a: Simisage\n|\n|t:|1770985913\n|switch|p2a: Pidgeot|Pidgeot, L77, F|254/254|[from] U-turn\n|\n|upkeep\n|\n|t:|1770985920\n|switch|p1a: Pachirisu|Pachirisu, L95, M|236/268 tox\n|turn|13\n|\n|t:|1770985928\n|switch|p2a: Florges|Florges-Blue, L84, F|268/268\n|move|p1a: Pachirisu|Toxic|p2a: Florges\n|-status|p2a: Florges|tox\n|\n|-heal|p1a: Pachirisu|252/268 tox|[from] item: Leftovers\n|-damage|p1a: Pachirisu|236/268 tox|[from] psn\n|-damage|p2a: Florges|252/268 tox|[from] psn\n|upkeep\n|turn|14\n|\n|t:|1770985932\n|move|p1a: Pachirisu|Super Fang|p2a: Florges\n|-damage|p2a: Florges|126/268 tox\n|move|p2a: Florges|Aromatherapy|p2a: Florges\n|-activate|p2a: Florges|move: Aromatherapy\n|-curestatus|p2a: Florges|tox|[msg]\n|-curestatus|p2: Swampert|psn|[msg]\n|\n|-heal|p1a: Pachirisu|252/268 tox|[from] item: Leftovers\n|-heal|p2a: Florges|142/268|[from] item: Leftovers\n|-damage|p1a: Pachirisu|220/268 tox|[from] psn\n|upkeep\n|turn|15\n|\n|t:|1770985936\n|move|p1a: Pachirisu|U-turn|p2a: Florges\n|-resisted|p2a: Florges\n|-damage|p2a: Florges|119/268\n|\n|t:|1770985939\n|switch|p1a: Beedrill|Beedrill-Mega, L77, M|158/227 par|[from] U-turn\n|move|p2a: Florges|Moonblast|p1a: Beedrill\n|-resisted|p1a: Beedrill\n|-damage|p1a: Beedrill|98/227 par\n|\n|-heal|p2a: Florges|135/268|[from] item: Leftovers\n|upkeep\n|turn|16\n|\n|t:|1770985947\n|switch|p2a: Beedrill|Beedrill, L94, F|146/275\n|cant|p1a: Beedrill|par\n|\n|-heal|p2a: Beedrill|163/275|[from] item: Black Sludge\n|upkeep\n|turn|17\n|\n|t:|1770985952\n|move|p2a: Beedrill|Poison Jab|p1a: Beedrill\n|-resisted|p1a: Beedrill\n|-damage|p1a: Beedrill|0 fnt\n|faint|p1a: Beedrill\n|detailschange|p1: Beedrill|Beedrill, L77, M|[silent]\n|\n|-heal|p2a: Beedrill|180/275|[from] item: Black Sludge\n|upkeep\n|\n|t:|1770985957\n|switch|p1a: Seismitoad|Seismitoad, L84, F|314/314\n|turn|18\n|\n|t:|1770985962\n|move|p2a: Beedrill|U-turn|p1a: Seismitoad\n|-damage|p1a: Seismitoad|224/314\n|\n|t:|1770985971\n|switch|p2a: Pidgeot|Pidgeot, L77, F|254/254|[from] U-turn\n|move|p1a: Seismitoad|Earthquake|p2a: Pidgeot\n|-immune|p2a: Pidgeot\n|\n|-heal|p1a: Seismitoad|243/314|[from] item: Leftovers\n|upkeep\n|turn|19\n|\n|t:|1770985974\n|detailschange|p2a: Pidgeot|Pidgeot-Mega, L77, F\n|-mega|p2a: Pidgeot|Pidgeot|Pidgeotite\n|move|p2a: Pidgeot|Hurricane|p1a: Seismitoad\n|-damage|p1a: Seismitoad|101/314\n|move|p1a: Seismitoad|Scald|p2a: Pidgeot\n|-damage|p2a: Pidgeot|166/254\n|-status|p2a: Pidgeot|brn\n|\n|-heal|p1a: Seismitoad|120/314|[from] item: Leftovers\n|-damage|p2a: Pidgeot|135/254 brn|[from] brn\n|upkeep\n|turn|20\n|\n|t:|1770985984\n|switch|p1a: Pachirisu|Pachirisu, L95, M|220/268 tox\n|move|p2a: Pidgeot|Hurricane|p1a: Pachirisu\n|-resisted|p1a: Pachirisu\n|-damage|p1a: Pachirisu|169/268 tox\n|\n|-heal|p1a: Pachirisu|185/268 tox|[from] item: Leftovers\n|-damage|p1a: Pachirisu|169/268 tox|[from] psn\n|-damage|p2a: Pidgeot|104/254 brn|[from] brn\n|upkeep\n|turn|21\n|\n|t:|1770985990\n|switch|p2a: Swampert|Swampert, L82, F|173/298\n|move|p1a: Pachirisu|Thunderbolt|p2a: Swampert\n|-immune|p2a: Swampert\n|\n|-heal|p1a: Pachirisu|185/268 tox|[from] item: Leftovers\n|-heal|p2a: Swampert|191/298|[from] item: Leftovers\n|-damage|p1a: Pachirisu|153/268 tox|[from] psn\n|upkeep\n|turn|22\n|\n|t:|1770985994\n|move|p1a: Pachirisu|U-turn|p2a: Swampert\n|-damage|p2a: Swampert|155/298\n|\n|t:|1770985997\n|switch|p1a: Celebi|Celebi, L82|298/298|[from] U-turn\n|move|p2a: Swampert|Earthquake|p1a: Celebi\n|-resisted|p1a: Celebi\n|-damage|p1a: Celebi|247/298\n|\n|-heal|p1a: Celebi|265/298|[from] item: Leftovers\n|-heal|p2a: Swampert|173/298|[from] item: Leftovers\n|upkeep\n|turn|23\n|\n|t:|1770986006\n|move|p1a: Celebi|Psychic|p2a: Swampert\n|-damage|p2a: Swampert|76/298\n|move|p2a: Swampert|Scald|p1a: Celebi\n|-resisted|p1a: Celebi\n|-damage|p1a: Celebi|218/298\n|-status|p1a: Celebi|brn\n|\n|-heal|p1a: Celebi|236/298 brn|[from] item: Leftovers\n|-heal|p2a: Swampert|94/298|[from] item: Leftovers\n|-damage|p1a: Celebi|199/298 brn|[from] brn\n|upkeep\n|turn|24\n|\n|t:|1770986011\n|switch|p2a: Exeggutor|Exeggutor, L92, M|324/324\n|move|p1a: Celebi|Psychic|p2a: Exeggutor\n|-resisted|p2a: Exeggutor\n|-damage|p2a: Exeggutor|275/324\n|\n|-heal|p1a: Celebi|217/298 brn|[from] item: Leftovers\n|-damage|p1a: Celebi|180/298 brn|[from] brn\n|upkeep\n|turn|25\n|\n|t:|1770986019\n|-curestatus|p1a: Celebi|brn|[from] ability: Natural Cure\n|switch|p1a: Seismitoad|Seismitoad, L84, F|120/314\n|move|p2a: Exeggutor|Psychic|p1a: Seismitoad\n|-damage|p1a: Seismitoad|0 fnt\n|faint|p1a: Seismitoad\n|\n|upkeep\n|\n|t:|1770986024\n|switch|p1a: Pachirisu|Pachirisu, L95, M|153/268 tox\n|turn|26\n|\n|t:|1770986038\n|switch|p2a: Swampert|Swampert, L82, F|94/298\n|move|p1a: Pachirisu|U-turn|p2a: Swampert\n|-crit|p2a: Swampert\n|-damage|p2a: Swampert|37/298\n|\n|t:|1770986048\n|switch|p1a: Huntail|Huntail, L84, M|230/230|[from] U-turn\n|\n|-heal|p2a: Swampert|55/298|[from] item: Leftovers\n|upkeep\n|turn|27\n|\n|t:|1770986054\n|move|p2a: Swampert|Toxic|p1a: Huntail\n|-status|p1a: Huntail|tox\n|move|p1a: Huntail|Shell Smash|p1a: Huntail\n|-unboost|p1a: Huntail|def|1\n|-unboost|p1a: Huntail|spd|1\n|-boost|p1a: Huntail|atk|2\n|-boost|p1a: Huntail|spa|2\n|-boost|p1a: Huntail|spe|2\n|-enditem|p1a: Huntail|White Herb\n|-clearnegativeboost|p1a: Huntail|[silent]\n|\n|-heal|p2a: Swampert|73/298|[from] item: Leftovers\n|-damage|p1a: Huntail|216/230 tox|[from] psn\n|upkeep\n|turn|28\n|\n|t:|1770986057\n|move|p1a: Huntail|Waterfall|p2a: Swampert\n|-damage|p2a: Swampert|0 fnt\n|faint|p2a: Swampert\n|\n|-damage|p1a: Huntail|188/230 tox|[from] psn\n|upkeep\n|\n|t:|1770986065\n|switch|p2a: Exeggutor|Exeggutor, L92, M|275/324\n|turn|29\n|\n|t:|1770986069\n|move|p1a: Huntail|Ice Beam|p2a: Exeggutor\n|-supereffective|p2a: Exeggutor\n|-damage|p2a: Exeggutor|0 fnt\n|faint|p2a: Exeggutor\n|\n|-damage|p1a: Huntail|146/230 tox|[from] psn\n|upkeep\n|\n|t:|1770986075\n|switch|p2a: Pidgeot|Pidgeot-Mega, L77, F|104/254 brn\n|turn|30\n|\n|t:|1770986078\n|move|p1a: Huntail|Ice Beam|p2a: Pidgeot\n|-supereffective|p2a: Pidgeot\n|-damage|p2a: Pidgeot|0 fnt\n|faint|p2a: Pidgeot\n|detailschange|p2: Pidgeot|Pidgeot, L77, F|[silent]\n|\n|-damage|p1a: Huntail|90/230 tox|[from] psn\n|upkeep\n|\n|t:|1770986081\n|switch|p2a: Beedrill|Beedrill, L94, F|180/275\n|turn|31\n|\n|t:|1770986085\n|move|p1a: Huntail|Waterfall|p2a: Beedrill\n|-damage|p2a: Beedrill|0 fnt\n|faint|p2a: Beedrill\n|\n|-damage|p1a: Huntail|20/230 tox|[from] psn\n|upkeep\n|\n|t:|1770986087\n|switch|p2a: Florges|Florges-Blue, L84, F|135/268\n|turn|32\n|\n|t:|1770986093\n|move|p1a: Huntail|Waterfall|p2a: Florges\n|-damage|p2a: Florges|0 fnt\n|faint|p2a: Florges\n|\n|win|thebigmand\n|raw|thebigmand's rating: 1540 &rarr; <strong>1568</strong><br />(+28 for winning)\n|raw|Omgebhonyel's rating: 1678 &rarr; <strong>1650</strong><br />(-28 for losing)\n|c|☆Omgebhonyel|Dang. Gg\n|c|☆thebigmand|gg\n|c|☆Omgebhonyel|Wo\n|c|☆Omgebhonyel|Wp\n|c|☆thebigmand|good day\n", "inputlog": ">version ccdc32dd7cde25fd9e4bed64820e885f66e78a4e\n>start {\"formatid\":\"gen6randombattle\",\"seed\":\"sodium,67d8d241d8831907362d7520fd7bb54a\",\"rated\":\"Rated battle\"}\n>player p1 {\"name\":\"thebigmand\",\"avatar\":\"266\",\"rating\":1540,\"seed\":\"sodium,3609e739a03a4ece36978a9c8ad29102\"}\n>player p2 {\"name\":\"Omgebhonyel\",\"avatar\":\"brock\",\"rating\":1678,\"seed\":\"sodium,26d13ce09d0293e15a78623860faace3\"}\n>p1 move toxic\n>p2 move toxic\n>p1 move superfang\n>p2 move aromatherapy\n>p1 move uturn\n>p2 move synthesis\n>p1 switch 2\n>p1 move poisonjab mega\n>p2 switch 5\n>p1 move uturn\n>p2 move synthesis\n>p1 switch 2\n>p1 move uturn\n>p2 move sludgebomb\n>p1 switch 2\n>p1 move poisonjab\n>p2 switch 4\n>p1 move protect\n>p2 move earthquake\n>p1 switch 6\n>p2 move scald\n>p1 move nastyplot\n>p2 switch 4\n>p1 move hiddenpower\n>p2 move sludgebomb\n>p2 switch 2\n>p1 move hiddenpower\n>p2 move uturn\n>p2 switch 6\n>p1 switch 2\n>p1 move toxic\n>p2 switch 5\n>p1 move superfang\n>p2 move aromatherapy\n>p1 move uturn\n>p2 move moonblast\n>p1 switch 6\n>p1 move poisonjab\n>p2 switch 6\n>p1 move knockoff\n>p2 move poisonjab\n>p1 switch 3\n>p1 move earthquake\n>p2 move uturn\n>p2 switch 5\n>p1 move scald\n>p2 move hurricane mega\n>p1 switch 6\n>p2 move hurricane\n>p1 move thunderbolt\n>p2 switch 4\n>p1 move uturn\n>p2 move earthquake\n>p1 switch 4\n>p1 move psychic\n>p2 move scald\n>p1 move psychic\n>p2 switch 3\n>p1 switch 6\n>p2 move psychic\n>p1 switch 4\n>p1 move uturn\n>p2 switch 3\n>p1 switch 5\n>p1 move shellsmash\n>p2 move toxic\n>p1 move waterfall\n>p2 move earthquake\n>p2 switch 3\n>p1 move icebeam\n>p2 move psychic\n>p2 switch 4\n>p1 move icebeam\n>p2 move hurricane\n>p2 switch 5\n>p1 move waterfall\n>p2 move poisonjab\n>p2 switch 6\n>p1 move waterfall\n>p2 move synthesis", "uploadtime": 1770986107, "views": 205, "formatid": "gen6randombattle", "rating": 1568, "private": 0, "password": null}