{"id": "gen6randombattle-2540856973", "format": "[Gen 6] Random Battle", "players": ["Omgebhonyel", "The Goldfoot"], "log": "|j|☆Omgebhonyel\n|j|☆The Goldfoot\n|t:|1771261114\n|gametype|singles\n|player|p1|Omgebhonyel|brock|1568\n|player|p2|The Goldfoot|blaine|1548\n|gen|6\n|tier|[Gen 6] Random Battle\n|rated|\n|rule|Sleep Clause Mod: Limit one foe put to sleep\n|rule|HP Percentage Mod: HP is shown in percentages\n|rule|Illusion Level Mod: Illusion disguises the Pokémon's true level\n|\n|t:|1771261114\n|teamsize|p1|6\n|teamsize|p2|6\n|start\n|switch|p1a: Jirachi|Jirachi, L78|284/284\n|switch|p2a: Raikou|Raikou, L79|272/272\n|-ability|p2a: Raikou|Pressure\n|turn|1\n|\n|t:|1771261132\n|move|p2a: Raikou|Volt Switch|p1a: Jirachi\n|-damage|p1a: Jirachi|176/284\n|\n|t:|1771261140\n|switch|p2a: Simipour|Simipour, L86, F|269/269|[from] Volt Switch\n|move|p1a: Jirachi|U-turn|p2a: Simipour\n|-damage|p2a: Simipour|215/269\n|l|☆Omgebhonyel\n|player|p1|\n|j|☆Omgebhonyel\n|player|p1|Omgebhonyel|brock|\n|\n|t:|1771261184\n|switch|p1a: Shiftry|Shiftry, L88, F|302/302|[from] U-turn\n|\n|-heal|p2a: Simipour|231/269|[from] item: Leftovers\n|upkeep\n|turn|2\n|\n|t:|1771261192\n|switch|p2a: Entei|Entei, L77|303/303\n|-ability|p2a: Entei|Pressure\n|move|p1a: Shiftry|Knock Off|p2a: Entei\n|-damage|p2a: Entei|120/303\n|-enditem|p2a: Entei|Choice Band|[from] move: Knock Off|[of] p1a: Shiftry\n|-damage|p1a: Shiftry|272/302|[from] item: Life Orb\n|\n|upkeep\n|turn|3\n|\n|t:|1771261201\n|switch|p1a: Talonflame|Talonflame, L79, F|253/253\n|move|p2a: Entei|Sacred Fire|p1a: Talonflame\n|-resisted|p1a: Talonflame\n|-damage|p1a: Talonflame|193/253\n|\n|upkeep\n|turn|4\n|\n|t:|1771261210\n|switch|p2a: Raikou|Raikou, L79|272/272\n|-ability|p2a: Raikou|Pressure\n|move|p1a: Talonflame|Brave Bird|p2a: Raikou\n|-resisted|p2a: Raikou\n|-damage|p2a: Raikou|199/272\n|-damage|p1a: Talonflame|169/253|[from] Recoil\n|\n|upkeep\n|turn|5\n|\n|t:|1771261217\n|move|p1a: Talonflame|U-turn|p2a: Raikou\n|-damage|p2a: Raikou|152/272\n|l|☆Omgebhonyel\n|player|p1|\n|j|☆Omgebhonyel\n|player|p1|Omgebhonyel|brock|\n|\n|t:|1771261244\n|switch|p1a: Bisharp|Bisharp, L79, F|232/232|[from] U-turn\n|move|p2a: Raikou|Volt Switch|p1a: Bisharp\n|-damage|p1a: Bisharp|102/232\n|\n|t:|1771261258\n|switch|p2a: Simipour|Simipour, L86, F|231/269|[from] Volt Switch\n|\n|-heal|p2a: Simipour|247/269|[from] item: Leftovers\n|upkeep\n|turn|6\n|\n|t:|1771261263\n|move|p2a: Simipour|Substitute|p2a: Simipour\n|-start|p2a: Simipour|Substitute\n|-damage|p2a: Simipour|180/269\n|move|p1a: Bisharp|Knock Off|p2a: Simipour\n|-end|p2a: Simipour|Substitute\n|\n|-heal|p2a: Simipour|196/269|[from] item: Leftovers\n|upkeep\n|turn|7\n|\n|t:|1771261274\n|move|p1a: Bisharp|Sucker Punch|p2a: Simipour\n|-damage|p2a: Simipour|55/269\n|move|p2a: Simipour|Hydro Pump|p1a: Bisharp\n|-damage|p1a: Bisharp|0 fnt\n|faint|p1a: Bisharp\n|\n|-heal|p2a: Simipour|71/269|[from] item: Leftovers\n|upkeep\n|\n|t:|1771261282\n|switch|p1a: Talonflame|Talonflame, L79, F|169/253\n|turn|8\n|\n|t:|1771261287\n|switch|p2a: Entei|Entei, L77|120/303\n|-ability|p2a: Entei|Pressure\n|move|p1a: Talonflame|Brave Bird|p2a: Entei\n|-damage|p2a: Entei|0 fnt\n|faint|p2a: Entei\n|-damage|p1a: Talonflame|129/253|[from] Recoil\n|\n|upkeep\n|\n|t:|1771261296\n|switch|p2a: Mightyena|Mightyena, L93, F|281/281\n|-ability|p2a: Mightyena|Intimidate|boost\n|-unboost|p1a: Talonflame|atk|1\n|turn|9\n|\n|t:|1771261304\n|switch|p1a: Milotic|Milotic, L83, F|293/293\n|move|p2a: Mightyena|Crunch|p1a: Milotic\n|-damage|p1a: Milotic|149/293\n|-damage|p2a: Mightyena|253/281|[from] item: Life Orb\n|\n|-heal|p1a: Milotic|167/293|[from] item: Leftovers\n|upkeep\n|turn|10\n|\n|t:|1771261308\n|move|p2a: Mightyena|Toxic|p1a: Milotic\n|-status|p1a: Milotic|tox\n|move|p1a: Milotic|Recover|p1a: Milotic\n|-heal|p1a: Milotic|293/293 tox\n|\n|-damage|p1a: Milotic|275/293 tox|[from] psn\n|upkeep\n|turn|11\n|\n|t:|1771261313\n|switch|p2a: Espeon|Espeon, L81, M|238/238\n|move|p1a: Milotic|Toxic|p2a: Espeon\n|move|p2a: Espeon|Toxic|p1a: Milotic|[from] ability: Magic Bounce\n|-fail|p1a: Milotic|tox\n|\n|-heal|p1a: Milotic|293/293 tox|[from] item: Leftovers\n|-damage|p1a: Milotic|257/293 tox|[from] psn\n|upkeep\n|turn|12\n|\n|t:|1771261319\n|switch|p2a: Simipour|Simipour, L86, F|71/269\n|move|p1a: Milotic|Scald|p2a: Simipour\n|-resisted|p2a: Simipour\n|-damage|p2a: Simipour|15/269\n|-status|p2a: Simipour|brn\n|\n|-heal|p2a: Simipour|31/269 brn|[from] item: Leftovers\n|-heal|p1a: Milotic|275/293 tox|[from] item: Leftovers\n|-damage|p1a: Milotic|221/293 tox|[from] psn\n|-damage|p2a: Simipour|0 fnt|[from] brn\n|faint|p2a: Simipour\n|upkeep\n|\n|t:|1771261325\n|switch|p2a: Raikou|Raikou, L79|152/272\n|-ability|p2a: Raikou|Pressure\n|turn|13\n|\n|t:|1771261334\n|move|p2a: Raikou|Volt Switch|p1a: Milotic\n|-supereffective|p1a: Milotic\n|-damage|p1a: Milotic|53/293 tox\n|\n|t:|1771261352\n|switch|p2a: Espeon|Espeon, L81, M|238/238|[from] Volt Switch\n|move|p1a: Milotic|Scald|p2a: Espeon\n|-damage|p2a: Espeon|156/238\n|\n|-heal|p1a: Milotic|71/293 tox|[from] item: Leftovers\n|-damage|p1a: Milotic|0 fnt|[from] psn\n|faint|p1a: Milotic\n|upkeep\n|\n|t:|1771261363\n|switch|p1a: Talonflame|Talonflame, L79, F|129/253\n|turn|14\n|\n|t:|1771261367\n|move|p1a: Talonflame|Brave Bird|p2a: Espeon\n|-damage|p2a: Espeon|0 fnt\n|faint|p2a: Espeon\n|-damage|p1a: Talonflame|78/253|[from] Recoil\n|\n|upkeep\n|\n|t:|1771261372\n|switch|p2a: Gorebyss|Gorebyss, L83, F|226/226\n|turn|15\n|\n|t:|1771261378\n|move|p1a: Talonflame|Brave Bird|p2a: Gorebyss\n|-damage|p2a: Gorebyss|118/226\n|-damage|p1a: Talonflame|42/253|[from] Recoil\n|move|p2a: Gorebyss|Shell Smash|p2a: Gorebyss\n|-unboost|p2a: Gorebyss|def|1\n|-unboost|p2a: Gorebyss|spd|1\n|-boost|p2a: Gorebyss|atk|2\n|-boost|p2a: Gorebyss|spa|2\n|-boost|p2a: Gorebyss|spe|2\n|-enditem|p2a: Gorebyss|White Herb\n|-clearnegativeboost|p2a: Gorebyss|[silent]\n|\n|upkeep\n|turn|16\n|\n|t:|1771261383\n|move|p1a: Talonflame|Brave Bird|p2a: Gorebyss\n|-damage|p2a: Gorebyss|9/226\n|-damage|p1a: Talonflame|6/253|[from] Recoil\n|move|p2a: Gorebyss|Ice Beam|p1a: Talonflame\n|-damage|p1a: Talonflame|0 fnt\n|faint|p1a: Talonflame\n|\n|upkeep\n|\n|t:|1771261411\n|switch|p1a: Octillery|Octillery, L93, F|290/290\n|turn|17\n|\n|t:|1771261420\n|move|p2a: Gorebyss|Hidden Power|p1a: Octillery\n|-supereffective|p1a: Octillery\n|-damage|p1a: Octillery|110/290\n|move|p1a: Octillery|Energy Ball|p2a: Gorebyss\n|-supereffective|p2a: Gorebyss\n|-damage|p2a: Gorebyss|0 fnt\n|faint|p2a: Gorebyss\n|-damage|p1a: Octillery|81/290|[from] item: Life Orb\n|\n|upkeep\n|\n|t:|1771261424\n|switch|p2a: Raikou|Raikou, L79|152/272\n|-ability|p2a: Raikou|Pressure\n|turn|18\n|\n|t:|1771261430\n|move|p2a: Raikou|Volt Switch|p1a: Octillery\n|-supereffective|p1a: Octillery\n|-damage|p1a: Octillery|0 fnt\n|faint|p1a: Octillery\n|\n|t:|1771261433\n|switch|p2a: Mightyena|Mightyena, L93, F|253/281|[from] Volt Switch\n|\n|upkeep\n|\n|t:|1771261435\n|switch|p1a: Shiftry|Shiftry, L88, F|272/302\n|turn|19\n|\n|t:|1771261438\n|move|p1a: Shiftry|Leaf Blade|p2a: Mightyena\n|-damage|p2a: Mightyena|105/281\n|-damage|p1a: Shiftry|242/302|[from] item: Life Orb\n|move|p2a: Mightyena|Play Rough|p1a: Shiftry\n|-supereffective|p1a: Shiftry\n|-damage|p1a: Shiftry|0 fnt\n|faint|p1a: Shiftry\n|-damage|p2a: Mightyena|77/281|[from] item: Life Orb\n|\n|upkeep\n|\n|t:|1771261445\n|switch|p1a: Jirachi|Jirachi, L78|176/284\n|turn|20\n|\n|t:|1771261450\n|move|p2a: Mightyena|Sucker Punch|p1a: Jirachi\n|-supereffective|p1a: Jirachi\n|-damage|p1a: Jirachi|0 fnt\n|faint|p1a: Jirachi\n|-damage|p2a: Mightyena|49/281|[from] item: Life Orb\n|\n|win|The Goldfoot\n|raw|Omgebhonyel's rating: 1568 &rarr; <strong>1547</strong><br />(-21 for losing)\n|raw|The Goldfoot's rating: 1548 &rarr; <strong>1569</strong><br />(+21 for winning)\n|c|☆Omgebhonyel|Dang\n|c|☆Omgebhonyel|Gg\n|c|☆The Goldfoot|gg\n|l|☆The Goldfoot\n|player|p2|\n|c|☆Omgebhonyel|Lol forgot about Sucker Punch\n", "inputlog": ">version 686819e5e19f8a7fd2345cfc5a08a5085efa2cc3\n>start {\"formatid\":\"gen6randombattle\",\"seed\":\"sodium,0d0f24781c72821a68b1a13fcc7bce80\",\"rated\":\"Rated battle\"}\n>player p1 {\"name\":\"Omgebhonyel\",\"avatar\":\"brock\",\"rating\":1568,\"seed\":\"sodium,6bd293624606c7f380b252a012c8b38a\"}\n>player p2 {\"name\":\"The Goldfoot\",\"avatar\":\"blaine\",\"rating\":1548,\"seed\":\"sodium,6e507dae79af8d12f9d6fdcc0c4e62db\"}\n>p1 move uturn\n>p2 move voltswitch\n>p2 switch 6\n>p1 switch 5\n>p1 move knockoff\n>p2 switch 2\n>p1 switch 3\n>p2 move sacredfire\n>p1 move bravebird\n>p2 switch 6\n>p1 move uturn\n>p2 move voltswitch\n>p1 switch 4\n>p2 switch 2\n>p1 move knockoff\n>p2 move substitute\n>p1 move suckerpunch\n>p2 move hydropump\n>p1 switch 4\n>p1 move bravebird\n>p2 switch 6\n>p2 switch 3\n>p1 switch 6\n>p2 move crunch\n>p1 move recover\n>p2 move toxic\n>p1 move toxic\n>p2 switch 5\n>p1 move scald\n>p2 switch 6\n>p2 switch 2\n>p1 move scald\n>p2 move voltswitch\n>p2 switch 6\n>p1 switch 6\n>p1 move bravebird\n>p2 move psychic\n>p2 switch 4\n>p1 move bravebird\n>p2 move shellsmash\n>p1 move bravebird\n>p2 move icebeam\n>p1 switch 2\n>p1 move energyball\n>p2 move hiddenpower\n>p2 switch 6\n>p1 move gunkshot\n>p2 move voltswitch\n>p2 switch 5\n>p1 switch 3\n>p1 move leafblade\n>p2 move playrough\n>p1 switch 5\n>p1 move uturn\n>p2 move suckerpunch", "uploadtime": 1771261468, "views": 6, "formatid": "gen6randombattle", "rating": 1547, "private": 0, "password": null}