{"id": "gen6randombattle-2521271180", "format": "[Gen 6] Random Battle", "players": ["arboretums", "alpisteperez"], "log": "|j|☆arboretums\n|j|☆alpisteperez\n|t:|1768755190\n|gametype|singles\n|player|p1|arboretums|serena-masters2|1597\n|player|p2|alpisteperez|lance-gen2|1561\n|gen|6\n|tier|[Gen 6] Random Battle\n|rated|\n|rule|Sleep Clause Mod: Limit one foe put to sleep\n|rule|HP Percentage Mod: HP is shown in percentages\n|rule|Illusion Level Mod: Illusion disguises the Pokémon's true level\n|\n|t:|1768755190\n|teamsize|p1|6\n|teamsize|p2|6\n|start\n|switch|p1a: Muk|Muk, L88, M|328/328\n|switch|p2a: Latios|Latios, L72, M|234/234\n|turn|1\n|inactive|Battle timer is ON: inactive players will automatically lose when time's up. (requested by arboretums)\n|inactive|alpisteperez has 120 seconds left.\n|inactive|alpisteperez has 90 seconds left.\n|\n|t:|1768755273\n|switch|p1a: Aegislash|Aegislash, L78, M|222/222\n|move|p2a: Latios|Calm Mind|p2a: Latios\n|-boost|p2a: Latios|spa|1\n|-boost|p2a: Latios|spd|1\n|\n|upkeep\n|turn|2\n|inactive|arboretums has 120 seconds left.\n|\n|t:|1768755307\n|move|p2a: Latios|Psyshock|p1a: Aegislash\n|-resisted|p1a: Aegislash\n|-damage|p1a: Aegislash|162/222\n|move|p1a: Aegislash|Toxic|p2a: Latios\n|-status|p2a: Latios|tox\n|\n|-heal|p1a: Aegislash|175/222|[from] item: Leftovers\n|-damage|p2a: Latios|220/234 tox|[from] psn\n|upkeep\n|turn|3\n|inactive|arboretums has 120 seconds left.\n|\n|t:|1768755317\n|switch|p2a: Kingler|Kingler, L89, F|243/243\n|-formechange|p1a: Aegislash|Aegislash-Blade||[from] ability: Stance Change\n|move|p1a: Aegislash|Iron Head|p2a: Kingler\n|-resisted|p2a: Kingler\n|-damage|p2a: Kingler|205/243\n|\n|-heal|p1a: Aegislash|188/222|[from] item: Leftovers\n|upkeep\n|turn|4\n|\n|t:|1768755324\n|-formechange|p1a: Aegislash|Aegislash||[from] ability: Stance Change\n|move|p1a: Aegislash|King's Shield|p1a: Aegislash\n|-singleturn|p1a: Aegislash|Protect\n|move|p2a: Kingler|Swords Dance|p2a: Kingler\n|-boost|p2a: Kingler|atk|2\n|\n|-heal|p1a: Aegislash|201/222|[from] item: Leftovers\n|upkeep\n|turn|5\n|\n|t:|1768755335\n|switch|p1a: Muk|Muk, L88, M|328/328\n|move|p2a: Kingler|Knock Off|p1a: Muk\n|-damage|p1a: Muk|72/328\n|-enditem|p1a: Muk|Black Sludge|[from] move: Knock Off|[of] p2a: Kingler\n|-damage|p2a: Kingler|181/243|[from] item: Life Orb\n|\n|upkeep\n|turn|6\n|\n|t:|1768755342\n|move|p1a: Muk|Shadow Sneak|p2a: Kingler\n|-damage|p2a: Kingler|154/243\n|-status|p2a: Kingler|psn|[from] ability: Poison Touch|[of] p1a: Muk\n|move|p2a: Kingler|Crabhammer|p1a: Muk\n|-damage|p1a: Muk|0 fnt\n|faint|p1a: Muk\n|-damage|p2a: Kingler|130/243 psn|[from] item: Life Orb\n|\n|-damage|p2a: Kingler|100/243 psn|[from] psn\n|upkeep\n|\n|t:|1768755346\n|switch|p1a: Chatot|Chatot, L86, M|271/271\n|turn|7\n|\n|t:|1768755351\n|move|p1a: Chatot|Boomburst|p2a: Kingler\n|-damage|p2a: Kingler|0 fnt\n|faint|p2a: Kingler\n|\n|upkeep\n|\n|t:|1768755357\n|switch|p2a: Lunatone|Lunatone, L96|290/290\n|turn|8\n|\n|t:|1768755366\n|switch|p1a: Hoopa|Hoopa-Unbound, L79|256/256\n|move|p2a: Lunatone|Stealth Rock|p1a: Hoopa\n|-sidestart|p1: arboretums|move: Stealth Rock\n|\n|upkeep\n|turn|9\n|\n|t:|1768755383\n|switch|p2a: Muk|Muk, L88, M|328/328\n|move|p1a: Hoopa|Hyperspace Fury|p2a: Muk\n|-crit|p2a: Muk\n|-damage|p2a: Muk|0 fnt\n|-unboost|p1a: Hoopa|def|1\n|faint|p2a: Muk\n|\n|upkeep\n|\n|t:|1768755400\n|switch|p2a: Hawlucha|Hawlucha, L77, M|247/247\n|turn|10\n|inactive|arboretums has 120 seconds left.\n|\n|t:|1768755447\n|switch|p1a: Pachirisu|Pachirisu, L95, M|268/268\n|-damage|p1a: Pachirisu|235/268|[from] Stealth Rock\n|move|p2a: Hawlucha|Swords Dance|p2a: Hawlucha\n|-boost|p2a: Hawlucha|atk|2\n|\n|-heal|p1a: Pachirisu|251/268|[from] item: Leftovers\n|upkeep\n|turn|11\n|\n|t:|1768755455\n|switch|p2a: Lunatone|Lunatone, L96|290/290\n|move|p1a: Pachirisu|Nuzzle|p2a: Lunatone\n|-damage|p2a: Lunatone|272/290\n|-status|p2a: Lunatone|par\n|\n|-heal|p1a: Pachirisu|267/268|[from] item: Leftovers\n|-heal|p2a: Lunatone|290/290 par|[from] item: Leftovers\n|upkeep\n|turn|12\n|inactive|arboretums has 120 seconds left.\n|\n|t:|1768755462\n|switch|p1a: Aegislash|Aegislash, L78, M|201/222\n|-damage|p1a: Aegislash|188/222|[from] Stealth Rock\n|move|p2a: Lunatone|Toxic|p1a: Aegislash\n|-immune|p1a: Aegislash\n|\n|-heal|p1a: Aegislash|201/222|[from] item: Leftovers\n|upkeep\n|turn|13\n|\n|t:|1768755468\n|switch|p2a: Tyranitar|Tyranitar, L75, M|274/274\n|-weather|Sandstorm|[from] ability: Sand Stream|[of] p2a: Tyranitar\n|move|p1a: Aegislash|Toxic|p2a: Tyranitar\n|-status|p2a: Tyranitar|tox\n|\n|-weather|Sandstorm|[upkeep]\n|-heal|p1a: Aegislash|214/222|[from] item: Leftovers\n|-damage|p2a: Tyranitar|257/274 tox|[from] psn\n|upkeep\n|turn|14\n|\n|t:|1768755474\n|detailschange|p2a: Tyranitar|Tyranitar-Mega, L75, M\n|-mega|p2a: Tyranitar|Tyranitar|Tyranitarite\n|-formechange|p1a: Aegislash|Aegislash-Blade||[from] ability: Stance Change\n|move|p1a: Aegislash|Iron Head|p2a: Tyranitar\n|-supereffective|p2a: Tyranitar\n|-damage|p2a: Tyranitar|89/274 tox\n|move|p2a: Tyranitar|Dragon Dance|p2a: Tyranitar\n|-boost|p2a: Tyranitar|atk|1\n|-boost|p2a: Tyranitar|spe|1\n|\n|-weather|Sandstorm|[upkeep]\n|-heal|p1a: Aegislash|222/222|[from] item: Leftovers\n|-damage|p2a: Tyranitar|55/274 tox|[from] psn\n|upkeep\n|turn|15\n|\n|t:|1768755483\n|-formechange|p1a: Aegislash|Aegislash||[from] ability: Stance Change\n|move|p1a: Aegislash|King's Shield|p1a: Aegislash\n|-singleturn|p1a: Aegislash|Protect\n|move|p2a: Tyranitar|Crunch|p1a: Aegislash\n|-activate|p1a: Aegislash|move: Protect\n|-unboost|p2a: Tyranitar|atk|2\n|\n|-weather|Sandstorm|[upkeep]\n|-damage|p2a: Tyranitar|4/274 tox|[from] psn\n|upkeep\n|turn|16\n|-message|alpisteperez forfeited.\n|\n|win|arboretums\n|raw|arboretums's rating: 1597 &rarr; <strong>1615</strong><br />(+18 for winning)\n|raw|alpisteperez's rating: 1561 &rarr; <strong>1543</strong><br />(-18 for losing)\n|l|☆alpisteperez\n|player|p2|\n", "inputlog": ">version 3bd1a1e329da8d286644078cfc9a9638fc7ea025\n>start {\"formatid\":\"gen6randombattle\",\"seed\":\"sodium,08c4284179a605d9e66ad41ccd63f291\",\"rated\":\"Rated battle\"}\n>player p1 {\"name\":\"arboretums\",\"avatar\":\"serena-masters2\",\"rating\":1597,\"seed\":\"sodium,df10b5d70376d7cf3e3cc1fb7dffd9e7\"}\n>player p2 {\"name\":\"alpisteperez\",\"avatar\":\"lance-gen2\",\"rating\":1561,\"seed\":\"sodium,bf3a386706c8e2c9f35a244d1c213a06\"}\n>p1 switch 4\n>p2 move calmmind\n>p1 move toxic\n>p2 move psyshock\n>p1 move ironhead\n>p2 switch 5\n>p1 move kingsshield\n>p2 move swordsdance\n>p1 switch 4\n>p2 move knockoff\n>p1 move shadowsneak\n>p2 move crabhammer\n>p1 switch 6\n>p1 move boomburst\n>p2 move knockoff\n>p2 switch 4\n>p1 switch 3\n>p2 move stealthrock\n>p1 move hyperspacefury\n>p2 switch 3\n>p2 switch 2\n>p1 switch 2\n>p2 move swordsdance\n>p1 move nuzzle\n>p2 switch 3\n>p1 switch 4\n>p2 move toxic\n>p1 move toxic\n>p2 switch 6\n>p1 move ironhead\n>p2 move dragondance mega\n>p1 move kingsshield\n>p2 move crunch\n>forcelose p2", "uploadtime": 1768755495, "views": 288, "formatid": "gen6randombattle", "rating": 1543, "private": 0, "password": null}