{"id": "gen6randombattle-2532663880", "format": "[Gen 6] Random Battle", "players": ["sith1993", "Plop"], "log": "|j|☆sith1993\n|j|☆Plop\n|t:|1770212243\n|gametype|singles\n|player|p1|sith1993|2|1621\n|player|p2|Plop|#rbtt9travelers|1783\n|gen|6\n|tier|[Gen 6] Random Battle\n|rated|\n|rule|Sleep Clause Mod: Limit one foe put to sleep\n|rule|HP Percentage Mod: HP is shown in percentages\n|rule|Illusion Level Mod: Illusion disguises the Pokémon's true level\n|\n|t:|1770212243\n|teamsize|p1|6\n|teamsize|p2|6\n|start\n|switch|p1a: Porygon2|Porygon2, L81|270/270\n|switch|p2a: Latios|Latios, L72, M|234/234\n|-ability|p1a: Porygon2|Levitate|Trace|[from] ability: Trace|[of] p2a: Latios\n|turn|1\n|inactive|Battle timer is ON: inactive players will automatically lose when time's up. (requested by sith1993)\n|\n|t:|1770212272\n|switch|p2a: Scyther|Scyther, L82, M|249/249\n|move|p1a: Porygon2|Toxic|p2a: Scyther\n|-status|p2a: Scyther|tox\n|\n|-damage|p2a: Scyther|234/249 tox|[from] psn\n|upkeep\n|turn|2\n|\n|t:|1770212282\n|switch|p1a: Avalugg|Avalugg, L90, F|317/317\n|move|p2a: Scyther|Knock Off|p1a: Avalugg\n|-damage|p1a: Avalugg|278/317\n|-enditem|p1a: Avalugg|Leftovers|[from] move: Knock Off|[of] p2a: Scyther\n|\n|-damage|p2a: Scyther|204/249 tox|[from] psn\n|upkeep\n|turn|3\n|\n|t:|1770212292\n|switch|p2a: Seismitoad|Seismitoad, L84, M|314/314\n|move|p1a: Avalugg|Avalanche|p2a: Seismitoad\n|-damage|p2a: Seismitoad|211/314\n|\n|-heal|p2a: Seismitoad|230/314|[from] item: Leftovers\n|upkeep\n|turn|4\n|\n|t:|1770212319\n|switch|p1a: Porygon2|Porygon2, L81|270/270\n|-ability|p1a: Porygon2|Water Absorb|Trace|[from] ability: Trace|[of] p2a: Seismitoad\n|move|p2a: Seismitoad|Toxic|p1a: Porygon2|[miss]\n|-miss|p2a: Seismitoad|p1a: Porygon2\n|\n|-heal|p2a: Seismitoad|249/314|[from] item: Leftovers\n|upkeep\n|turn|5\n|\n|t:|1770212330\n|move|p2a: Seismitoad|Toxic|p1a: Porygon2\n|-status|p1a: Porygon2|tox\n|move|p1a: Porygon2|Toxic|p2a: Seismitoad\n|-status|p2a: Seismitoad|tox\n|\n|-heal|p2a: Seismitoad|268/314 tox|[from] item: Leftovers\n|-damage|p2a: Seismitoad|249/314 tox|[from] psn\n|-damage|p1a: Porygon2|254/270 tox|[from] psn\n|upkeep\n|turn|6\n|inactive|sith1993 has 120 seconds left.\n|\n|t:|1770212346\n|switch|p1a: Avalugg|Avalugg, L90, F|278/317\n|move|p2a: Seismitoad|Earthquake|p1a: Avalugg\n|-damage|p1a: Avalugg|227/317\n|\n|-heal|p2a: Seismitoad|268/314 tox|[from] item: Leftovers\n|-damage|p2a: Seismitoad|230/314 tox|[from] psn\n|upkeep\n|turn|7\n|\n|t:|1770212356\n|move|p2a: Seismitoad|Toxic|p1a: Avalugg\n|-status|p1a: Avalugg|tox\n|move|p1a: Avalugg|Avalanche|p2a: Seismitoad\n|-damage|p2a: Seismitoad|136/314 tox\n|\n|-heal|p2a: Seismitoad|155/314 tox|[from] item: Leftovers\n|-damage|p2a: Seismitoad|98/314 tox|[from] psn\n|-damage|p1a: Avalugg|208/317 tox|[from] psn\n|upkeep\n|turn|8\n|inactive|sith1993 has 120 seconds left.\n|\n|t:|1770212373\n|switch|p2a: Avalugg|Avalugg, L90, F|317/317\n|switch|p1a: Jumpluff|Jumpluff, L90, F|281/281\n|\n|upkeep\n|turn|9\n|\n|t:|1770212381\n|move|p1a: Jumpluff|Protect|p1a: Jumpluff\n|-singleturn|p1a: Jumpluff|Protect\n|move|p2a: Avalugg|Avalanche|p1a: Jumpluff\n|-activate|p1a: Jumpluff|move: Protect\n|\n|upkeep\n|turn|10\n|\n|t:|1770212392\n|switch|p1a: Porygon2|Porygon2, L81|254/270 tox\n|-ability|p1a: Porygon2|Sturdy|Trace|[from] ability: Trace|[of] p2a: Avalugg\n|move|p2a: Avalugg|Avalanche|p1a: Porygon2\n|-damage|p1a: Porygon2|190/270 tox\n|\n|-damage|p1a: Porygon2|174/270 tox|[from] psn\n|upkeep\n|turn|11\n|\n|t:|1770212402\n|switch|p2a: Scyther|Scyther, L82, M|204/249 tox\n|move|p1a: Porygon2|Tri Attack|p2a: Scyther\n|-damage|p2a: Scyther|137/249 tox\n|\n|-damage|p2a: Scyther|122/249 tox|[from] psn\n|-damage|p1a: Porygon2|142/270 tox|[from] psn\n|upkeep\n|turn|12\n|\n|t:|1770212428\n|switch|p1a: Avalugg|Avalugg, L90, F|208/317 tox\n|move|p2a: Scyther|Knock Off|p1a: Avalugg\n|-damage|p1a: Avalugg|184/317 tox\n|\n|-damage|p2a: Scyther|92/249 tox|[from] psn\n|-damage|p1a: Avalugg|165/317 tox|[from] psn\n|upkeep\n|turn|13\n|\n|t:|1770212439\n|switch|p2a: Avalugg|Avalugg, L90, F|317/317\n|move|p1a: Avalugg|Recover|p1a: Avalugg\n|-heal|p1a: Avalugg|317/317 tox\n|\n|-damage|p1a: Avalugg|279/317 tox|[from] psn\n|upkeep\n|turn|14\n|\n|t:|1770212452\n|switch|p1a: Umbreon|Umbreon, L83, M|293/293\n|move|p2a: Avalugg|Avalanche|p1a: Umbreon\n|-damage|p1a: Umbreon|220/293\n|\n|-heal|p1a: Umbreon|238/293|[from] item: Leftovers\n|upkeep\n|turn|15\n|\n|t:|1770212466\n|switch|p2a: Scyther|Scyther, L82, M|92/249 tox\n|move|p1a: Umbreon|Toxic|p2a: Scyther\n|-fail|p2a: Scyther|tox\n|\n|-heal|p1a: Umbreon|256/293|[from] item: Leftovers\n|-damage|p2a: Scyther|77/249 tox|[from] psn\n|upkeep\n|turn|16\n|\n|t:|1770212476\n|switch|p1a: Avalugg|Avalugg, L90, F|279/317 tox\n|move|p2a: Scyther|Bug Bite|p1a: Avalugg\n|-damage|p1a: Avalugg|224/317 tox\n|\n|-damage|p2a: Scyther|47/249 tox|[from] psn\n|-damage|p1a: Avalugg|205/317 tox|[from] psn\n|upkeep\n|turn|17\n|\n|t:|1770212485\n|switch|p2a: Avalugg|Avalugg, L90, F|317/317\n|move|p1a: Avalugg|Recover|p1a: Avalugg\n|-heal|p1a: Avalugg|317/317 tox\n|\n|-damage|p1a: Avalugg|279/317 tox|[from] psn\n|upkeep\n|turn|18\n|\n|t:|1770212496\n|switch|p2a: Mr. Mime|Mr. Mime, L89, M|216/216\n|switch|p1a: Umbreon|Umbreon, L83, M|256/293\n|\n|-heal|p1a: Umbreon|274/293|[from] item: Leftovers\n|upkeep\n|turn|19\n|\n|t:|1770212506\n|move|p2a: Mr. Mime|Nasty Plot|p2a: Mr. Mime\n|-boost|p2a: Mr. Mime|spa|2\n|move|p1a: Umbreon|Toxic|p2a: Mr. Mime\n|-status|p2a: Mr. Mime|tox\n|\n|-heal|p1a: Umbreon|292/293|[from] item: Leftovers\n|-damage|p2a: Mr. Mime|203/216 tox|[from] psn\n|upkeep\n|turn|20\n|\n|t:|1770212516\n|move|p2a: Mr. Mime|Dazzling Gleam|p1a: Umbreon\n|-supereffective|p1a: Umbreon\n|-damage|p1a: Umbreon|0 fnt\n|faint|p1a: Umbreon\n|-damage|p2a: Mr. Mime|182/216 tox|[from] item: Life Orb\n|\n|-damage|p2a: Mr. Mime|156/216 tox|[from] psn\n|upkeep\n|\n|t:|1770212525\n|switch|p1a: Jumpluff|Jumpluff, L90, F|281/281\n|turn|21\n|\n|t:|1770212528\n|switch|p2a: Avalugg|Avalugg, L90, F|317/317\n|move|p1a: Jumpluff|Substitute|p1a: Jumpluff\n|-start|p1a: Jumpluff|Substitute\n|-damage|p1a: Jumpluff|211/281\n|\n|upkeep\n|turn|22\n|\n|t:|1770212536\n|move|p1a: Jumpluff|Leech Seed|p2a: Avalugg\n|-start|p2a: Avalugg|move: Leech Seed\n|move|p2a: Avalugg|Avalanche|p1a: Jumpluff\n|-supereffective|p1a: Jumpluff\n|-end|p1a: Jumpluff|Substitute\n|\n|-damage|p2a: Avalugg|278/317|[from] Leech Seed|[of] p1a: Jumpluff\n|-heal|p1a: Jumpluff|250/281|[silent]\n|upkeep\n|turn|23\n|\n|t:|1770212557\n|switch|p1a: Wobbuffet|Wobbuffet, L93, M|504/504\n|move|p2a: Avalugg|Rapid Spin|p1a: Wobbuffet\n|-damage|p1a: Wobbuffet|482/504\n|-end|p2a: Avalugg|Leech Seed|[from] move: Rapid Spin|[of] p2a: Avalugg\n|\n|-heal|p2a: Avalugg|297/317|[from] item: Leftovers\n|upkeep\n|turn|24\n|\n|t:|1770212581\n|move|p1a: Wobbuffet|Encore|p2a: Avalugg\n|-start|p2a: Avalugg|Encore\n|move|p2a: Avalugg|Rapid Spin|p1a: Wobbuffet\n|-damage|p1a: Wobbuffet|459/504\n|\n|-heal|p2a: Avalugg|316/317|[from] item: Leftovers\n|upkeep\n|turn|25\n|\n|t:|1770212589\n|move|p2a: Avalugg|Rapid Spin|p1a: Wobbuffet\n|-damage|p1a: Wobbuffet|434/504\n|move|p1a: Wobbuffet|Counter|p2a: Avalugg\n|-damage|p2a: Avalugg|266/317\n|\n|-heal|p2a: Avalugg|285/317|[from] item: Leftovers\n|upkeep\n|turn|26\n|\n|t:|1770212599\n|switch|p1a: Porygon2|Porygon2, L81|142/270 tox\n|-ability|p1a: Porygon2|Sturdy|Trace|[from] ability: Trace|[of] p2a: Avalugg\n|move|p2a: Avalugg|Rapid Spin|p1a: Porygon2\n|-damage|p1a: Porygon2|128/270 tox\n|\n|-heal|p2a: Avalugg|304/317|[from] item: Leftovers\n|-damage|p1a: Porygon2|112/270 tox|[from] psn\n|-end|p2a: Avalugg|Encore\n|upkeep\n|turn|27\n|\n|t:|1770212623\n|switch|p2a: Scyther|Scyther, L82, M|47/249 tox\n|move|p1a: Porygon2|Tri Attack|p2a: Scyther\n|-damage|p2a: Scyther|0 fnt\n|faint|p2a: Scyther\n|\n|-damage|p1a: Porygon2|80/270 tox|[from] psn\n|upkeep\n|inactive|Plop has 120 seconds left.\n|\n|t:|1770212654\n|switch|p2a: Blaziken|Blaziken, L72, F|233/233\n|turn|28\n|\n|t:|1770212660\n|detailschange|p2a: Blaziken|Blaziken-Mega, L72, F\n|-mega|p2a: Blaziken|Blaziken|Blazikenite\n|move|p2a: Blaziken|Flare Blitz|p1a: Porygon2\n|-damage|p1a: Porygon2|0 fnt\n|faint|p1a: Porygon2\n|-damage|p2a: Blaziken|207/233|[from] Recoil\n|\n|-ability|p2a: Blaziken|Speed Boost|boost\n|-boost|p2a: Blaziken|spe|1\n|upkeep\n|\n|t:|1770212684\n|switch|p1a: Avalugg|Avalugg, L90, F|279/317 tox\n|turn|29\n|inactive|Plop has 120 seconds left.\n|\n|t:|1770212705\n|switch|p2a: Avalugg|Avalugg, L90, F|304/317\n|move|p1a: Avalugg|Earthquake|p2a: Avalugg\n|-damage|p2a: Avalugg|257/317\n|\n|-heal|p2a: Avalugg|276/317|[from] item: Leftovers\n|-damage|p1a: Avalugg|260/317 tox|[from] psn\n|upkeep\n|turn|30\n|\n|t:|1770212720\n|switch|p2a: Seismitoad|Seismitoad, L84, M|98/314 tox\n|move|p1a: Avalugg|Avalanche|p2a: Seismitoad\n|-damage|p2a: Seismitoad|0 fnt\n|faint|p2a: Seismitoad\n|\n|-damage|p1a: Avalugg|222/317 tox|[from] psn\n|upkeep\n|\n|t:|1770212732\n|switch|p2a: Latios|Latios, L72, M|234/234\n|turn|31\n|\n|t:|1770212736\n|move|p2a: Latios|Draco Meteor|p1a: Avalugg\n|-damage|p1a: Avalugg|0 fnt\n|-unboost|p2a: Latios|spa|2\n|faint|p1a: Avalugg\n|\n|upkeep\n|\n|t:|1770212745\n|switch|p1a: Floatzel|Floatzel, L86, F|286/286\n|turn|32\n|inactive|Plop has 120 seconds left.\n|\n|t:|1770212779\n|move|p1a: Floatzel|Substitute|p1a: Floatzel\n|-start|p1a: Floatzel|Substitute\n|-damage|p1a: Floatzel|215/286\n|move|p2a: Latios|Draco Meteor|p1a: Floatzel\n|-end|p1a: Floatzel|Substitute\n|-unboost|p2a: Latios|spa|2\n|\n|-heal|p1a: Floatzel|232/286|[from] item: Leftovers\n|upkeep\n|turn|33\n|inactive|Plop has 90 seconds left.\n|\n|t:|1770212806\n|switch|p2a: Avalugg|Avalugg, L90, F|276/317\n|move|p1a: Floatzel|Bulk Up|p1a: Floatzel\n|-boost|p1a: Floatzel|atk|1\n|-boost|p1a: Floatzel|def|1\n|\n|-heal|p1a: Floatzel|249/286|[from] item: Leftovers\n|-heal|p2a: Avalugg|295/317|[from] item: Leftovers\n|upkeep\n|turn|34\n|\n|t:|1770212815\n|move|p1a: Floatzel|Substitute|p1a: Floatzel\n|-start|p1a: Floatzel|Substitute\n|-damage|p1a: Floatzel|178/286\n|move|p2a: Avalugg|Earthquake|p1a: Floatzel\n|-end|p1a: Floatzel|Substitute\n|\n|-heal|p1a: Floatzel|195/286|[from] item: Leftovers\n|-heal|p2a: Avalugg|314/317|[from] item: Leftovers\n|upkeep\n|turn|35\n|\n|t:|1770212824\n|move|p1a: Floatzel|Bulk Up|p1a: Floatzel\n|-boost|p1a: Floatzel|atk|1\n|-boost|p1a: Floatzel|def|1\n|move|p2a: Avalugg|Earthquake|p1a: Floatzel\n|-damage|p1a: Floatzel|127/286\n|\n|-heal|p1a: Floatzel|144/286|[from] item: Leftovers\n|-heal|p2a: Avalugg|317/317|[from] item: Leftovers\n|upkeep\n|turn|36\n|\n|t:|1770212834\n|move|p1a: Floatzel|Bulk Up|p1a: Floatzel\n|-boost|p1a: Floatzel|atk|1\n|-boost|p1a: Floatzel|def|1\n|move|p2a: Avalugg|Earthquake|p1a: Floatzel\n|-damage|p1a: Floatzel|87/286\n|\n|-heal|p1a: Floatzel|104/286|[from] item: Leftovers\n|upkeep\n|turn|37\n|inactive|Plop has 120 seconds left.\n|\n|t:|1770212845\n|move|p1a: Floatzel|Bulk Up|p1a: Floatzel\n|-boost|p1a: Floatzel|atk|1\n|-boost|p1a: Floatzel|def|1\n|move|p2a: Avalugg|Earthquake|p1a: Floatzel\n|-damage|p1a: Floatzel|58/286\n|\n|-heal|p1a: Floatzel|75/286|[from] item: Leftovers\n|upkeep\n|turn|38\n|\n|t:|1770212854\n|move|p1a: Floatzel|Substitute|p1a: Floatzel\n|-start|p1a: Floatzel|Substitute\n|-damage|p1a: Floatzel|4/286\n|move|p2a: Avalugg|Earthquake|p1a: Floatzel\n|-activate|p1a: Floatzel|move: Substitute|[damage]\n|\n|-heal|p1a: Floatzel|21/286|[from] item: Leftovers\n|upkeep\n|turn|39\n|\n|t:|1770212863\n|move|p1a: Floatzel|Waterfall|p2a: Avalugg\n|-damage|p2a: Avalugg|182/317\n|move|p2a: Avalugg|Earthquake|p1a: Floatzel\n|-end|p1a: Floatzel|Substitute\n|\n|-heal|p1a: Floatzel|38/286|[from] item: Leftovers\n|-heal|p2a: Avalugg|201/317|[from] item: Leftovers\n|upkeep\n|turn|40\n|\n|t:|1770212872\n|move|p1a: Floatzel|Waterfall|p2a: Avalugg\n|-damage|p2a: Avalugg|47/317\n|move|p2a: Avalugg|Earthquake|p1a: Floatzel\n|-damage|p1a: Floatzel|0 fnt\n|faint|p1a: Floatzel\n|\n|-heal|p2a: Avalugg|66/317|[from] item: Leftovers\n|upkeep\n|\n|t:|1770212882\n|switch|p1a: Jumpluff|Jumpluff, L90, F|250/281\n|turn|41\n|\n|t:|1770212889\n|move|p1a: Jumpluff|Acrobatics|p2a: Avalugg\n|-damage|p2a: Avalugg|18/317\n|move|p2a: Avalugg|Recover|p2a: Avalugg\n|-heal|p2a: Avalugg|177/317\n|\n|-heal|p2a: Avalugg|196/317|[from] item: Leftovers\n|upkeep\n|turn|42\n|-message|sith1993 forfeited.\n|\n|win|Plop\n|raw|sith1993's rating: 1621 &rarr; <strong>1610</strong><br />(-11 for losing)\n|raw|Plop's rating: 1783 &rarr; <strong>1794</strong><br />(+11 for winning)\n|l|☆sith1993\n|player|p1|\n", "inputlog": ">version ccdc32dd7cde25fd9e4bed64820e885f66e78a4e\n>start {\"formatid\":\"gen6randombattle\",\"seed\":\"sodium,c5a93ed4c5e26739cfdc9366afe29ad6\",\"rated\":\"Rated battle\"}\n>player p1 {\"name\":\"sith1993\",\"avatar\":\"2\",\"rating\":1621,\"seed\":\"sodium,64d5262b5545f63cc1b5cf6e977f318c\"}\n>player p2 {\"name\":\"Plop\",\"avatar\":\"#rbtt9travelers\",\"rating\":1783,\"seed\":\"sodium,f97ded9e46e202b8b44aa369fc481d36\"}\n>p1 move toxic\n>p2 switch 3\n>p1 switch 6\n>p2 move knockoff\n>p1 move avalanche\n>p2 switch 6\n>p1 switch 6\n>p2 move toxic\n>p1 move toxic\n>p2 move toxic\n>p1 switch 6\n>p2 move earthquake\n>p1 move avalanche\n>p2 move toxic\n>p1 switch 3\n>p2 switch 4\n>p1 move protect\n>p2 move avalanche\n>p1 switch 6\n>p2 move avalanche\n>p1 move triattack\n>p2 switch 6\n>p1 switch 3\n>p2 move knockoff\n>p1 move recover\n>p2 switch 6\n>p1 switch 4\n>p2 move avalanche\n>p1 move toxic\n>p2 switch 6\n>p1 switch 4\n>p2 move bugbite\n>p1 move recover\n>p2 switch 6\n>p1 switch 4\n>p2 switch 2\n>p1 move toxic\n>p2 move nastyplot\n>p1 move healbell\n>p2 move dazzlinggleam\n>p1 switch 6\n>p1 move substitute\n>p2 switch 2\n>p1 move leechseed\n>p2 move avalanche\n>p1 switch 2\n>p2 move rapidspin\n>p1 move encore\n>p2 move recover\n>p1 move counter\n>p2 move rapidspin\n>p1 switch 3\n>p2 move rapidspin\n>p1 move triattack\n>p2 switch 6\n>p2 switch 5\n>p1 move triattack\n>p2 move flareblitz mega\n>p1 switch 4\n>p1 move earthquake\n>p2 switch 6\n>p1 move avalanche\n>p2 switch 4\n>p2 switch 3\n>p1 move avalanche\n>p2 move dracometeor\n>p1 switch 5\n>p1 move substitute\n>p2 move dracometeor\n>p1 move bulkup\n>p2 switch 4\n>p1 move substitute\n>p2 move earthquake\n>p1 move bulkup\n>p2 move earthquake\n>p1 move bulkup\n>p2 move earthquake\n>p1 move bulkup\n>p2 move earthquake\n>p1 move substitute\n>p2 move earthquake\n>p1 move waterfall\n>p2 move earthquake\n>p1 move waterfall\n>p2 move earthquake\n>p1 switch 2\n>p1 move acrobatics\n>p2 move recover\n>forcelose p1", "uploadtime": 1770212897, "views": 230, "formatid": "gen6randombattle", "rating": 1610, "private": 0, "password": null}