{"id": "gen6randombattle-2533263873", "format": "[Gen 6] Random Battle", "players": ["gloubinours", "Blatjanglover"], "log": "|j|☆gloubinours\n|j|☆Blatjanglover\n|t:|1770283270\n|gametype|singles\n|player|p1|gloubinours|hilda-wonderlauncher|1593\n|player|p2|Blatjanglover|brock|1633\n|gen|6\n|tier|[Gen 6] Random Battle\n|rated|\n|rule|Sleep Clause Mod: Limit one foe put to sleep\n|rule|HP Percentage Mod: HP is shown in percentages\n|rule|Illusion Level Mod: Illusion disguises the Pokémon's true level\n|\n|t:|1770283270\n|teamsize|p1|6\n|teamsize|p2|6\n|start\n|switch|p1a: Hydreigon|Hydreigon, L80, M|278/278\n|switch|p2a: Carbink|Carbink, L91|239/239\n|turn|1\n|inactive|Battle timer is ON: inactive players will automatically lose when time's up. (requested by gloubinours)\n|\n|t:|1770283277\n|move|p1a: Hydreigon|Flash Cannon|p2a: Carbink\n|-supereffective|p2a: Carbink\n|-damage|p2a: Carbink|15/239\n|move|p2a: Carbink|Moonblast|p1a: Hydreigon\n|-supereffective|p1a: Hydreigon\n|-damage|p1a: Hydreigon|0 fnt\n|faint|p1a: Hydreigon\n|\n|upkeep\n|\n|t:|1770283280\n|switch|p1a: Mismagius|Mismagius, L85, M|241/241\n|turn|2\n|\n|t:|1770283284\n|switch|p2a: Watchog|Watchog, L94, F|265/265\n|move|p1a: Mismagius|Shadow Ball|p2a: Watchog\n|-immune|p2a: Watchog\n|\n|upkeep\n|turn|3\n|\n|t:|1770283296\n|switch|p1a: Kricketune|Kricketune, L98, M|309/309\n|move|p2a: Watchog|Hypnosis|p1a: Kricketune|[miss]\n|-miss|p2a: Watchog|p1a: Kricketune\n|\n|upkeep\n|turn|4\n|\n|t:|1770283303\n|move|p2a: Watchog|Hypnosis|p1a: Kricketune|[miss]\n|-miss|p2a: Watchog|p1a: Kricketune\n|move|p1a: Kricketune|Knock Off|p2a: Watchog\n|-damage|p2a: Watchog|172/265\n|-enditem|p2a: Watchog|Leftovers|[from] move: Knock Off|[of] p1a: Kricketune\n|\n|upkeep\n|turn|5\n|\n|t:|1770283306\n|move|p2a: Watchog|Hypnosis|p1a: Kricketune|[miss]\n|-miss|p2a: Watchog|p1a: Kricketune\n|move|p1a: Kricketune|Sticky Web|p2a: Watchog\n|-sidestart|p2: Blatjanglover|move: Sticky Web\n|\n|upkeep\n|turn|6\n|\n|t:|1770283308\n|move|p2a: Watchog|Hypnosis|p1a: Kricketune|[miss]\n|-miss|p2a: Watchog|p1a: Kricketune\n|move|p1a: Kricketune|Bug Bite|p2a: Watchog\n|-damage|p2a: Watchog|54/265\n|\n|upkeep\n|turn|7\n|\n|t:|1770283311\n|move|p2a: Watchog|Hypnosis|p1a: Kricketune\n|-status|p1a: Kricketune|slp|[from] move: Hypnosis\n|cant|p1a: Kricketune|slp\n|\n|upkeep\n|turn|8\n|\n|t:|1770283313\n|move|p2a: Watchog|Return|p1a: Kricketune\n|-crit|p1a: Kricketune\n|-damage|p1a: Kricketune|78/309 slp\n|cant|p1a: Kricketune|slp\n|\n|-heal|p1a: Kricketune|97/309 slp|[from] item: Leftovers\n|upkeep\n|turn|9\n|\n|t:|1770283316\n|move|p2a: Watchog|Knock Off|p1a: Kricketune\n|-damage|p1a: Kricketune|8/309 slp\n|-enditem|p1a: Kricketune|Leftovers|[from] move: Knock Off|[of] p2a: Watchog\n|cant|p1a: Kricketune|slp\n|\n|upkeep\n|turn|10\n|\n|t:|1770283319\n|move|p2a: Watchog|Knock Off|p1a: Kricketune\n|-damage|p1a: Kricketune|0 fnt\n|faint|p1a: Kricketune\n|\n|upkeep\n|\n|t:|1770283323\n|switch|p1a: Lumineon|Lumineon, L90, F|271/271\n|turn|11\n|\n|t:|1770283340\n|switch|p2a: Carbink|Carbink, L91|15/239\n|-activate|p2a: Carbink|move: Sticky Web\n|-unboost|p2a: Carbink|spe|1\n|move|p1a: Lumineon|Scald|p2a: Carbink\n|-supereffective|p2a: Carbink\n|-crit|p2a: Carbink\n|-damage|p2a: Carbink|0 fnt\n|faint|p2a: Carbink\n|\n|upkeep\n|\n|t:|1770283342\n|switch|p2a: Ludicolo|Ludicolo, L88, F|284/284\n|-activate|p2a: Ludicolo|move: Sticky Web\n|-unboost|p2a: Ludicolo|spe|1\n|turn|12\n|\n|t:|1770283349\n|move|p1a: Lumineon|U-turn|p2a: Ludicolo\n|-supereffective|p2a: Ludicolo\n|-damage|p2a: Ludicolo|188/284\n|\n|t:|1770283355\n|switch|p1a: Chimecho|Chimecho, L97, M|283/283|[from] U-turn\n|move|p2a: Ludicolo|Rain Dance|p2a: Ludicolo\n|-weather|RainDance\n|\n|-weather|RainDance|[upkeep]\n|upkeep\n|turn|13\n|\n|t:|1770283359\n|move|p2a: Ludicolo|Hydro Pump|p1a: Chimecho\n|-damage|p1a: Chimecho|59/283\n|-damage|p2a: Ludicolo|160/284|[from] item: Life Orb\n|move|p1a: Chimecho|Toxic|p2a: Ludicolo\n|-status|p2a: Ludicolo|tox\n|\n|-weather|RainDance|[upkeep]\n|-heal|p1a: Chimecho|76/283|[from] item: Leftovers\n|-damage|p2a: Ludicolo|143/284 tox|[from] psn\n|upkeep\n|turn|14\n|\n|t:|1770283370\n|move|p2a: Ludicolo|Giga Drain|p1a: Chimecho\n|-crit|p1a: Chimecho\n|-damage|p1a: Chimecho|0 fnt\n|-heal|p2a: Ludicolo|181/284 tox|[from] drain|[of] p1a: Chimecho\n|faint|p1a: Chimecho\n|-damage|p2a: Ludicolo|153/284 tox|[from] item: Life Orb\n|\n|-weather|RainDance|[upkeep]\n|-damage|p2a: Ludicolo|119/284 tox|[from] psn\n|upkeep\n|\n|t:|1770283378\n|switch|p1a: Seismitoad|Seismitoad, L84, M|314/314\n|turn|15\n|\n|t:|1770283384\n|switch|p1a: Mismagius|Mismagius, L85, M|241/241\n|move|p2a: Ludicolo|Giga Drain|p1a: Mismagius\n|-damage|p1a: Mismagius|140/241\n|-heal|p2a: Ludicolo|170/284 tox|[from] drain|[of] p1a: Mismagius\n|-damage|p2a: Ludicolo|142/284 tox|[from] item: Life Orb\n|\n|-weather|RainDance|[upkeep]\n|-damage|p2a: Ludicolo|91/284 tox|[from] psn\n|upkeep\n|turn|16\n|\n|t:|1770283401\n|move|p2a: Ludicolo|Giga Drain|p1a: Mismagius\n|-damage|p1a: Mismagius|45/241\n|-heal|p2a: Ludicolo|139/284 tox|[from] drain|[of] p1a: Mismagius\n|-damage|p2a: Ludicolo|111/284 tox|[from] item: Life Orb\n|move|p1a: Mismagius|Thunderbolt|p2a: Ludicolo\n|-damage|p2a: Ludicolo|17/284 tox\n|\n|-weather|none\n|-damage|p2a: Ludicolo|0 fnt|[from] psn\n|faint|p2a: Ludicolo\n|upkeep\n|\n|t:|1770283416\n|switch|p2a: Archeops|Archeops, L82, F|257/257\n|turn|17\n|\n|t:|1770283423\n|move|p2a: Archeops|Acrobatics|p1a: Mismagius\n|-damage|p1a: Mismagius|0 fnt\n|faint|p1a: Mismagius\n|\n|upkeep\n|\n|t:|1770283425\n|switch|p1a: Seismitoad|Seismitoad, L84, M|314/314\n|turn|18\n|\n|t:|1770283432\n|move|p2a: Archeops|Acrobatics|p1a: Seismitoad\n|-damage|p1a: Seismitoad|158/314\n|move|p1a: Seismitoad|Rain Dance|p1a: Seismitoad\n|-weather|RainDance\n|\n|-weather|RainDance|[upkeep]\n|upkeep\n|turn|19\n|\n|t:|1770283437\n|switch|p2a: Watchog|Watchog, L94, F|54/265\n|-activate|p2a: Watchog|move: Sticky Web\n|-unboost|p2a: Watchog|spe|1\n|move|p1a: Seismitoad|Hydro Pump|p2a: Watchog|[miss]\n|-miss|p1a: Seismitoad|p2a: Watchog\n|\n|-weather|RainDance|[upkeep]\n|upkeep\n|turn|20\n|\n|t:|1770283445\n|switch|p2a: Latios|Latios, L77, M|250/250\n|move|p1a: Seismitoad|Earthquake|p2a: Latios\n|-immune|p2a: Latios|[from] ability: Levitate\n|\n|-weather|RainDance|[upkeep]\n|upkeep\n|turn|21\n|\n|t:|1770283451\n|switch|p2a: Watchog|Watchog, L94, F|54/265\n|-activate|p2a: Watchog|move: Sticky Web\n|-unboost|p2a: Watchog|spe|1\n|move|p1a: Seismitoad|Knock Off|p2a: Watchog\n|-damage|p2a: Watchog|0 fnt\n|faint|p2a: Watchog\n|-damage|p1a: Seismitoad|127/314|[from] item: Life Orb\n|\n|-weather|RainDance|[upkeep]\n|upkeep\n|\n|t:|1770283462\n|switch|p2a: Hitmonlee|Hitmonlee, L86, M|225/225\n|-activate|p2a: Hitmonlee|move: Sticky Web\n|-unboost|p2a: Hitmonlee|spe|1\n|turn|22\n|\n|t:|1770283468\n|move|p1a: Seismitoad|Hydro Pump|p2a: Hitmonlee\n|-damage|p2a: Hitmonlee|44/225\n|-damage|p1a: Seismitoad|96/314|[from] item: Life Orb\n|move|p2a: Hitmonlee|High Jump Kick|p1a: Seismitoad\n|-damage|p1a: Seismitoad|0 fnt\n|faint|p1a: Seismitoad\n|\n|-weather|none\n|upkeep\n|\n|t:|1770283472\n|switch|p1a: Lumineon|Lumineon, L90, F|271/271\n|turn|23\n|\n|t:|1770283476\n|move|p1a: Lumineon|Scald|p2a: Hitmonlee\n|-crit|p2a: Hitmonlee\n|-damage|p2a: Hitmonlee|0 fnt\n|faint|p2a: Hitmonlee\n|\n|upkeep\n|\n|t:|1770283481\n|switch|p2a: Archeops|Archeops, L82, F|257/257\n|turn|24\n|\n|t:|1770283485\n|move|p2a: Archeops|Acrobatics|p1a: Lumineon\n|-damage|p1a: Lumineon|115/271\n|move|p1a: Lumineon|Scald|p2a: Archeops\n|-supereffective|p2a: Archeops\n|-damage|p2a: Archeops|69/257\n|-status|p2a: Archeops|brn\n|\n|-heal|p1a: Lumineon|131/271|[from] item: Leftovers\n|-damage|p2a: Archeops|37/257 brn|[from] brn\n|upkeep\n|turn|25\n|\n|t:|1770283489\n|move|p2a: Archeops|Acrobatics|p1a: Lumineon\n|-damage|p1a: Lumineon|92/271\n|move|p1a: Lumineon|Scald|p2a: Archeops\n|-supereffective|p2a: Archeops\n|-damage|p2a: Archeops|0 fnt\n|faint|p2a: Archeops\n|\n|-heal|p1a: Lumineon|108/271|[from] item: Leftovers\n|upkeep\n|\n|t:|1770283492\n|switch|p2a: Latios|Latios, L77, M|250/250\n|turn|26\n|\n|t:|1770283495\n|detailschange|p2a: Latios|Latios-Mega, L77, M\n|-mega|p2a: Latios|Latios|Latiosite\n|move|p1a: Lumineon|Ice Beam|p2a: Latios\n|-supereffective|p2a: Latios\n|-damage|p2a: Latios|158/250\n|move|p2a: Latios|Psyshock|p1a: Lumineon\n|-damage|p1a: Lumineon|0 fnt\n|faint|p1a: Lumineon\n|\n|win|Blatjanglover\n|raw|gloubinours's rating: 1593 &rarr; <strong>1575</strong><br />(-18 for losing)\n|raw|Blatjanglover's rating: 1633 &rarr; <strong>1651</strong><br />(+18 for winning)\n|l|☆gloubinours\n|player|p1|\n|c|☆Blatjanglover|Gg\n", "inputlog": ">version ccdc32dd7cde25fd9e4bed64820e885f66e78a4e\n>start {\"formatid\":\"gen6randombattle\",\"seed\":\"sodium,810340baa4fcadfb12a9e4b2b097152d\",\"rated\":\"Rated battle\"}\n>player p1 {\"name\":\"gloubinours\",\"avatar\":\"hilda-wonderlauncher\",\"rating\":1593,\"seed\":\"sodium,bcf1f261cc2558290121042dd083fee0\"}\n>player p2 {\"name\":\"Blatjanglover\",\"avatar\":\"brock\",\"rating\":1633,\"seed\":\"sodium,e544b5a2909b6b0e15b131b3ce6f6fdd\"}\n>p1 move flashcannon\n>p2 move moonblast\n>p1 switch 2\n>p1 move shadowball\n>p2 switch 4\n>p1 switch 4\n>p2 move hypnosis\n>p1 move knockoff\n>p2 move hypnosis\n>p1 move stickyweb\n>p2 move hypnosis\n>p1 move bugbite\n>p2 move hypnosis\n>p1 move bugbite\n>p2 move hypnosis\n>p1 move bugbite\n>p2 move return\n>p1 move bugbite\n>p2 move knockoff\n>p1 move knockoff\n>p2 move knockoff\n>p1 switch 6\n>p1 move scald\n>p2 switch 4\n>p2 switch 2\n>p1 move uturn\n>p2 move raindance\n>p1 switch 5\n>p1 move toxic\n>p2 move hydropump\n>p1 move psychic\n>p2 move gigadrain\n>p1 switch 3\n>p1 switch 4\n>p2 move gigadrain\n>p1 move thunderbolt\n>p2 move gigadrain\n>p2 switch 5\n>p1 move thunderbolt\n>p2 move acrobatics\n>p1 switch 4\n>p1 move raindance\n>p2 move acrobatics\n>p1 move hydropump\n>p2 switch 4\n>p1 move earthquake\n>p2 switch 6\n>p1 move knockoff\n>p2 switch 6\n>p2 switch 3\n>p1 move hydropump\n>p2 move highjumpkick\n>p1 switch 5\n>p1 move scald\n>p2 move highjumpkick\n>p2 switch 4\n>p1 move scald\n>p2 move acrobatics\n>p1 move scald\n>p2 move acrobatics\n>p2 switch 6\n>p1 move icebeam\n>p2 move psyshock mega", "uploadtime": 1770283505, "views": 262, "formatid": "gen6randombattle", "rating": 1575, "private": 0, "password": null}