{"id": "gen6randombattle-2518189676", "format": "[Gen 6] Random Battle", "players": ["anguscloud", "arboretums"], "log": "|j|☆anguscloud\n|j|☆arboretums\n|t:|1768352354\n|gametype|singles\n|player|p1|anguscloud|zinzolin|1548\n|player|p2|arboretums|serena-masters2|1560\n|gen|6\n|tier|[Gen 6] Random Battle\n|rated|\n|rule|Sleep Clause Mod: Limit one foe put to sleep\n|rule|HP Percentage Mod: HP is shown in percentages\n|rule|Illusion Level Mod: Illusion disguises the Pokémon's true level\n|\n|t:|1768352354\n|teamsize|p1|6\n|teamsize|p2|6\n|start\n|switch|p1a: Marowak|Marowak, L88, F|249/249\n|switch|p2a: Exploud|Exploud, L85, F|316/316\n|turn|1\n|inactive|Battle timer is ON: inactive players will automatically lose when time's up. (requested by anguscloud)\n|\n|t:|1768352369\n|move|p2a: Exploud|Boomburst|p1a: Marowak\n|-damage|p1a: Marowak|9/249\n|move|p1a: Marowak|Knock Off|p2a: Exploud\n|-damage|p2a: Exploud|150/316\n|-enditem|p2a: Exploud|Choice Specs|[from] move: Knock Off|[of] p1a: Marowak\n|\n|upkeep\n|turn|2\n|\n|t:|1768352390\n|move|p2a: Exploud|Boomburst|p1a: Marowak\n|-damage|p1a: Marowak|0 fnt\n|faint|p1a: Marowak\n|\n|upkeep\n|inactive|anguscloud has 120 seconds left.\n|\n|t:|1768352407\n|switch|p1a: Kingler|Kingler, L89, M|243/243\n|turn|3\n|\n|t:|1768352419\n|switch|p2a: Phione|Phione, L90|290/290\n|move|p1a: Kingler|Crabhammer|p2a: Phione\n|-resisted|p2a: Phione\n|-damage|p2a: Phione|189/290\n|-damage|p1a: Kingler|219/243|[from] item: Life Orb\n|\n|-heal|p2a: Phione|207/290|[from] item: Leftovers\n|upkeep\n|turn|4\n|inactive|anguscloud has 120 seconds left.\n|inactive|anguscloud has 90 seconds left.\n|\n|t:|1768352471\n|switch|p1a: Zebstrika|Zebstrika, L87, F|272/272\n|move|p2a: Phione|Scald|p1a: Zebstrika\n|-damage|p1a: Zebstrika|163/272\n|\n|-heal|p2a: Phione|225/290|[from] item: Leftovers\n|upkeep\n|turn|5\n|\n|t:|1768352487\n|switch|p2a: Garchomp|Garchomp, L76, F|289/289\n|move|p1a: Zebstrika|Thunderbolt|p2a: Garchomp\n|-immune|p2a: Garchomp\n|\n|upkeep\n|turn|6\n|\n|t:|1768352495\n|switch|p1a: Abomasnow|Abomasnow, L82, M|282/282\n|-weather|Hail|[from] ability: Snow Warning|[of] p1a: Abomasnow\n|detailschange|p2a: Garchomp|Garchomp-Mega, L76, F\n|-mega|p2a: Garchomp|Garchomp|Garchompite\n|move|p2a: Garchomp|Swords Dance|p2a: Garchomp\n|-boost|p2a: Garchomp|atk|2\n|\n|-weather|Hail|[upkeep]\n|-damage|p2a: Garchomp|271/289|[from] Hail\n|upkeep\n|turn|7\n|\n|t:|1768352509\n|detailschange|p1a: Abomasnow|Abomasnow-Mega, L82, M\n|-mega|p1a: Abomasnow|Abomasnow|Abomasite\n|move|p1a: Abomasnow|Ice Shard|p2a: Garchomp\n|-supereffective|p2a: Garchomp\n|-damage|p2a: Garchomp|67/289\n|move|p2a: Garchomp|Outrage|p1a: Abomasnow\n|-damage|p1a: Abomasnow|0 fnt\n|faint|p1a: Abomasnow\n|detailschange|p1: Abomasnow|Abomasnow, L82, M|[silent]\n|\n|-weather|Hail|[upkeep]\n|-damage|p2a: Garchomp|49/289|[from] Hail\n|upkeep\n|\n|t:|1768352523\n|switch|p1a: Ninetales|Ninetales, L83, M|257/257\n|-weather|SunnyDay|[from] ability: Drought|[of] p1a: Ninetales\n|turn|8\n|\n|t:|1768352527\n|move|p1a: Ninetales|Solar Beam||[still]\n|-prepare|p1a: Ninetales|Solar Beam\n|-anim|p1a: Ninetales|Solar Beam|p2a: Garchomp\n|-damage|p2a: Garchomp|0 fnt\n|faint|p2a: Garchomp\n|detailschange|p2: Garchomp|Garchomp, L76, F|[silent]\n|-damage|p1a: Ninetales|232/257|[from] item: Life Orb\n|\n|-weather|SunnyDay|[upkeep]\n|upkeep\n|\n|t:|1768352539\n|switch|p2a: Entei|Entei, L77|303/303\n|-ability|p2a: Entei|Pressure\n|turn|9\n|inactive|anguscloud has 120 seconds left.\n|\n|t:|1768352553\n|move|p1a: Ninetales|Nasty Plot|p1a: Ninetales\n|-boost|p1a: Ninetales|spa|2\n|move|p2a: Entei|Stone Edge|p1a: Ninetales\n|-supereffective|p1a: Ninetales\n|-damage|p1a: Ninetales|12/257\n|\n|-weather|SunnyDay|[upkeep]\n|upkeep\n|turn|10\n|\n|t:|1768352560\n|move|p1a: Ninetales|Hidden Power|p2a: Entei\n|-supereffective|p2a: Entei\n|-damage|p2a: Entei|87/303\n|-damage|p1a: Ninetales|0 fnt|[from] item: Life Orb\n|faint|p1a: Ninetales\n|move|p2a: Entei|Stone Edge|p1: Ninetales|[notarget]\n|-fail|p2a: Entei\n|\n|-weather|SunnyDay|[upkeep]\n|upkeep\n|inactive|anguscloud has 120 seconds left.\n|\n|t:|1768352576\n|switch|p1a: Kingler|Kingler, L89, M|219/243\n|turn|11\n|\n|t:|1768352584\n|switch|p2a: Phione|Phione, L90|225/290\n|move|p1a: Kingler|Agility|p1a: Kingler\n|-boost|p1a: Kingler|spe|2\n|\n|-weather|SunnyDay|[upkeep]\n|-heal|p2a: Phione|243/290|[from] item: Leftovers\n|upkeep\n|turn|12\n|\n|t:|1768352597\n|move|p1a: Kingler|X-Scissor|p2a: Phione\n|-damage|p2a: Phione|135/290\n|-damage|p1a: Kingler|195/243|[from] item: Life Orb\n|move|p2a: Phione|Scald|p1a: Kingler\n|-resisted|p1a: Kingler\n|-damage|p1a: Kingler|166/243\n|\n|-weather|none\n|-heal|p2a: Phione|153/290|[from] item: Leftovers\n|upkeep\n|turn|13\n|\n|t:|1768352602\n|move|p1a: Kingler|Superpower|p2a: Phione\n|-damage|p2a: Phione|0 fnt\n|-unboost|p1a: Kingler|atk|1\n|-unboost|p1a: Kingler|def|1\n|faint|p2a: Phione\n|-damage|p1a: Kingler|142/243|[from] item: Life Orb\n|\n|upkeep\n|\n|t:|1768352624\n|switch|p2a: Liepard|Liepard, L85, F|248/248\n|turn|14\n|\n|t:|1768352638\n|switch|p1a: Zebstrika|Zebstrika, L87, F|163/272\n|switch|p2a: Malamar|Malamar, L81, F|272/272\n|\n|upkeep\n|turn|15\n|\n|t:|1768352649\n|move|p1a: Zebstrika|Thunderbolt|p2a: Malamar\n|-damage|p2a: Malamar|131/272\n|move|p2a: Malamar|Superpower|p1a: Zebstrika\n|-damage|p1a: Zebstrika|65/272\n|-boost|p2a: Malamar|atk|1\n|-boost|p2a: Malamar|def|1\n|\n|-heal|p2a: Malamar|148/272|[from] item: Leftovers\n|upkeep\n|turn|16\n|\n|t:|1768352655\n|move|p1a: Zebstrika|Thunderbolt|p2a: Malamar\n|-damage|p2a: Malamar|1/272\n|move|p2a: Malamar|Superpower|p1a: Zebstrika\n|-damage|p1a: Zebstrika|0 fnt\n|-boost|p2a: Malamar|atk|1\n|-boost|p2a: Malamar|def|1\n|faint|p1a: Zebstrika\n|\n|-heal|p2a: Malamar|18/272|[from] item: Leftovers\n|upkeep\n|c|☆anguscloud|that low roll smh\n|c|☆arboretums|sorry\n|\n|t:|1768352675\n|switch|p1a: Kingler|Kingler, L89, M|142/243\n|turn|17\n|\n|t:|1768352680\n|move|p1a: Kingler|X-Scissor|p2a: Malamar\n|-supereffective|p2a: Malamar\n|-damage|p2a: Malamar|0 fnt\n|faint|p2a: Malamar\n|-damage|p1a: Kingler|118/243|[from] item: Life Orb\n|\n|upkeep\n|\n|t:|1768352693\n|switch|p2a: Entei|Entei, L77|87/303\n|-ability|p2a: Entei|Pressure\n|turn|18\n|\n|t:|1768352699\n|move|p2a: Entei|Sacred Fire|p1a: Kingler\n|-resisted|p1a: Kingler\n|-damage|p1a: Kingler|61/243\n|move|p1a: Kingler|Crabhammer|p2a: Entei\n|-supereffective|p2a: Entei\n|-damage|p2a: Entei|0 fnt\n|faint|p2a: Entei\n|-damage|p1a: Kingler|37/243|[from] item: Life Orb\n|\n|upkeep\n|\n|t:|1768352706\n|switch|p2a: Liepard|Liepard, L85, F|248/248\n|turn|19\n|\n|t:|1768352732\n|move|p2a: Liepard|Knock Off|p1a: Kingler\n|-damage|p1a: Kingler|0 fnt\n|-enditem|p1a: Kingler|Life Orb|[from] move: Knock Off|[of] p2a: Liepard\n|faint|p1a: Kingler\n|\n|upkeep\n|\n|t:|1768352738\n|switch|p1a: Stoutland|Stoutland, L85, F|283/283\n|turn|20\n|\n|t:|1768352747\n|move|p2a: Liepard|Thunder Wave|p1a: Stoutland\n|-status|p1a: Stoutland|par\n|move|p1a: Stoutland|Superpower|p2a: Liepard\n|-supereffective|p2a: Liepard\n|-damage|p2a: Liepard|0 fnt\n|-unboost|p1a: Stoutland|atk|1\n|-unboost|p1a: Stoutland|def|1\n|faint|p2a: Liepard\n|\n|upkeep\n|\n|t:|1768352750\n|switch|p2a: Exploud|Exploud, L85, F|150/316\n|turn|21\n|\n|t:|1768352754\n|move|p2a: Exploud|Boomburst|p1a: Stoutland\n|-damage|p1a: Stoutland|145/283 par\n|move|p1a: Stoutland|Superpower|p2a: Exploud\n|-supereffective|p2a: Exploud\n|-damage|p2a: Exploud|2/316\n|-unboost|p1a: Stoutland|atk|1\n|-unboost|p1a: Stoutland|def|1\n|\n|upkeep\n|turn|22\n|c|☆arboretums|sorry\n|c|☆anguscloud|two lowest possible rolls ahhhhh\n|c|☆arboretums|I'm so sorry\n|c|☆anguscloud|no need to be sorry\n|c|☆arboretums|I'm so sorry\n|c|☆anguscloud|its how it goes lol\n|inactive|anguscloud has 120 seconds left.\n|c|☆arboretums|I hate PS  rng too\n|c|☆anguscloud|i couldve avoided this entire situation if i played a little better, its how it goes\n|\n|t:|1768352804\n|move|p2a: Exploud|Focus Blast|p1a: Stoutland\n|-supereffective|p1a: Stoutland\n|-crit|p1a: Stoutland\n|-damage|p1a: Stoutland|0 fnt\n|faint|p1a: Stoutland\n|\n|win|arboretums\n|raw|anguscloud's rating: 1548 &rarr; <strong>1529</strong><br />(-19 for losing)\n|raw|arboretums's rating: 1560 &rarr; <strong>1579</strong><br />(+19 for winning)\n", "inputlog": ">version f2883557ca71b1a14bc1039fd307aee7de4ab455\n>start {\"formatid\":\"gen6randombattle\",\"seed\":\"sodium,5dd63f2c832ee778b7eea027afb290d7\",\"rated\":\"Rated battle\"}\n>player p1 {\"name\":\"anguscloud\",\"avatar\":\"zinzolin\",\"rating\":1548,\"seed\":\"sodium,c67df10940687ed7146a3064500a3069\"}\n>player p2 {\"name\":\"arboretums\",\"avatar\":\"serena-masters2\",\"rating\":1560,\"seed\":\"sodium,dda4ad91e9f2618041c67d937b18dfcc\"}\n>p1 move knockoff\n>p2 move boomburst\n>p1 move earthquake\n>p2 move boomburst\n>p1 switch 3\n>p1 move crabhammer\n>p2 switch 2\n>p1 switch 5\n>p2 move scald\n>p1 move thunderbolt\n>p2 switch 5\n>p1 switch 6\n>p2 move swordsdance mega\n>p1 move iceshard mega\n>p2 move outrage\n>p1 switch 2\n>p1 move solarbeam\n>p2 move outrage\n>p2 switch 3\n>p1 move nastyplot\n>p2 move stoneedge\n>p1 move hiddenpower\n>p2 move stoneedge\n>p1 switch 5\n>p1 move agility\n>p2 switch 5\n>p1 move xscissor\n>p2 move scald\n>p1 move superpower\n>p2 move scald\n>p2 switch 6\n>p1 switch 6\n>p2 switch 4\n>p1 move thunderbolt\n>p2 move superpower\n>p1 move thunderbolt\n>p2 move superpower\n>chat ☆anguscloud|that low roll smh\n>chat ☆arboretums|sorry\n>p1 switch 6\n>p1 move xscissor\n>p2 move knockoff\n>p2 switch 5\n>p1 move crabhammer\n>p2 move sacredfire\n>p2 switch 4\n>p1 move xscissor\n>p2 move knockoff\n>p1 switch 4\n>p1 move superpower\n>p2 move thunderwave\n>p2 switch 2\n>p1 move superpower\n>p2 move boomburst\n>chat ☆arboretums|sorry\n>chat ☆anguscloud|two lowest possible rolls ahhhhh\n>chat ☆arboretums|I'm so sorry\n>chat ☆anguscloud|no need to be sorry\n>chat ☆arboretums|I'm so sorry\n>chat ☆anguscloud|its how it goes lol\n>chat ☆arboretums|I hate PS  rng too\n>chat ☆anguscloud|i couldve avoided this entire situation if i played a little better, its how it goes\n>p1 move superpower\n>p2 move focusblast", "uploadtime": 1768352806, "views": 233, "formatid": "gen6randombattle", "rating": 1529, "private": 0, "password": null}