{"id": "gen6randombattle-2528203058", "format": "[Gen 6] Random Battle", "players": ["7evy", "rahoot21"], "log": "|j|☆7evy\n|j|☆rahoot21\n|t:|1769629655\n|gametype|singles\n|player|p1|7evy|turo|1559\n|player|p2|rahoot21|1|1568\n|gen|6\n|tier|[Gen 6] Random Battle\n|rated|\n|rule|Sleep Clause Mod: Limit one foe put to sleep\n|rule|HP Percentage Mod: HP is shown in percentages\n|rule|Illusion Level Mod: Illusion disguises the Pokémon's true level\n|\n|t:|1769629655\n|teamsize|p1|6\n|teamsize|p2|6\n|start\n|switch|p1a: Giratina|Giratina-Origin, L70|326/326\n|switch|p2a: Mismagius|Mismagius, L85, M|241/241\n|turn|1\n|inactive|Battle timer is ON: inactive players will automatically lose when time's up. (requested by rahoot21)\n|\n|t:|1769629659\n|move|p2a: Mismagius|Taunt|p1a: Giratina\n|-start|p1a: Giratina|move: Taunt\n|cant|p1a: Giratina|move: Taunt|Thunder Wave\n|\n|upkeep\n|turn|2\n|\n|t:|1769629666\n|move|p2a: Mismagius|Shadow Ball|p1a: Giratina\n|-supereffective|p1a: Giratina\n|-damage|p1a: Giratina|122/326\n|move|p1a: Giratina|Hex|p2a: Mismagius\n|-supereffective|p2a: Mismagius\n|-damage|p2a: Mismagius|109/241\n|\n|-heal|p2a: Mismagius|124/241|[from] item: Leftovers\n|upkeep\n|turn|3\n|\n|t:|1769629671\n|move|p1a: Giratina|Shadow Sneak|p2a: Mismagius\n|-supereffective|p2a: Mismagius\n|-damage|p2a: Mismagius|16/241\n|move|p2a: Mismagius|Shadow Ball|p1a: Giratina\n|-supereffective|p1a: Giratina\n|-damage|p1a: Giratina|0 fnt\n|faint|p1a: Giratina\n|\n|-heal|p2a: Mismagius|31/241|[from] item: Leftovers\n|upkeep\n|\n|t:|1769629677\n|switch|p1a: Primeape|Primeape, L87, F|255/255\n|turn|4\n|\n|t:|1769629681\n|move|p1a: Primeape|U-turn|p2a: Mismagius\n|-resisted|p2a: Mismagius\n|-damage|p2a: Mismagius|0 fnt\n|faint|p2a: Mismagius\n|\n|t:|1769629688\n|switch|p1a: Arceus|Arceus-Dragon, L71|288/288|[from] U-turn\n|\n|upkeep\n|\n|t:|1769629695\n|switch|p2a: Musharna|Musharna, L88, M|347/347\n|turn|5\n|\n|t:|1769629700\n|switch|p1a: Trevenant|Trevenant, L91, F|303/303\n|move|p2a: Musharna|Thunder Wave|p1a: Trevenant\n|-status|p1a: Trevenant|par\n|\n|upkeep\n|turn|6\n|\n|t:|1769629711\n|switch|p2a: Magmortar|Magmortar, L86, M|269/269\n|cant|p1a: Trevenant|par\n|\n|upkeep\n|turn|7\n|\n|t:|1769629719\n|-curestatus|p1a: Trevenant|par|[from] ability: Natural Cure\n|switch|p1a: Sudowoodo|Sudowoodo, L94, M|284/284\n|move|p2a: Magmortar|Fire Blast|p1a: Sudowoodo\n|-resisted|p1a: Sudowoodo\n|-crit|p1a: Sudowoodo\n|-damage|p1a: Sudowoodo|164/284\n|-status|p1a: Sudowoodo|brn\n|\n|-heal|p1a: Sudowoodo|181/284 brn|[from] item: Leftovers\n|-damage|p1a: Sudowoodo|146/284 brn|[from] brn\n|upkeep\n|turn|8\n|\n|t:|1769629726\n|move|p2a: Magmortar|Earthquake|p1a: Sudowoodo\n|-supereffective|p1a: Sudowoodo\n|-damage|p1a: Sudowoodo|36/284 brn\n|move|p1a: Sudowoodo|Toxic|p2a: Magmortar|[miss]\n|-miss|p1a: Sudowoodo|p2a: Magmortar\n|\n|-heal|p1a: Sudowoodo|53/284 brn|[from] item: Leftovers\n|-damage|p1a: Sudowoodo|18/284 brn|[from] brn\n|upkeep\n|turn|9\n|\n|t:|1769629731\n|move|p2a: Magmortar|Earthquake|p1a: Sudowoodo\n|-supereffective|p1a: Sudowoodo\n|-damage|p1a: Sudowoodo|0 fnt\n|faint|p1a: Sudowoodo\n|\n|upkeep\n|\n|t:|1769629733\n|switch|p1a: Arceus|Arceus-Dragon, L71|288/288\n|turn|10\n|\n|t:|1769629742\n|switch|p2a: Chimecho|Chimecho, L97, M|283/283\n|move|p1a: Arceus|Swords Dance|p1a: Arceus\n|-boost|p1a: Arceus|atk|2\n|\n|upkeep\n|turn|11\n|\n|t:|1769629747\n|move|p1a: Arceus|Outrage|p2a: Chimecho\n|-damage|p2a: Chimecho|0 fnt\n|faint|p2a: Chimecho\n|\n|upkeep\n|\n|t:|1769629755\n|switch|p2a: Landorus|Landorus, L76, M|260/260\n|turn|12\n|\n|t:|1769629767\n|switch|p2a: Musharna|Musharna, L88, M|347/347\n|move|p1a: Arceus|Outrage|p2a: Musharna|[from] lockedmove\n|-damage|p2a: Musharna|70/347\n|-damage|p1a: Arceus|240/288|[from] item: Rocky Helmet|[of] p2a: Musharna\n|-start|p1a: Arceus|confusion|[fatigue]\n|\n|upkeep\n|turn|13\n|\n|t:|1769629771\n|-activate|p1a: Arceus|confusion\n|-damage|p1a: Arceus|194/288|[from] confusion\n|move|p2a: Musharna|Thunder Wave|p1a: Arceus\n|-status|p1a: Arceus|par\n|\n|upkeep\n|turn|14\n|\n|t:|1769629776\n|-end|p1a: Arceus|confusion\n|move|p1a: Arceus|Extreme Speed|p2a: Musharna\n|-damage|p2a: Musharna|0 fnt\n|-damage|p1a: Arceus|146/288 par|[from] item: Rocky Helmet|[of] p2a: Musharna\n|faint|p2a: Musharna\n|\n|upkeep\n|\n|t:|1769629783\n|switch|p2a: Landorus|Landorus, L76, M|260/260\n|turn|15\n|\n|t:|1769629790\n|cant|p1a: Arceus|par\n|move|p2a: Landorus|Earth Power|p1a: Arceus\n|-damage|p1a: Arceus|12/288 par\n|\n|upkeep\n|turn|16\n|\n|t:|1769629793\n|cant|p1a: Arceus|par\n|move|p2a: Landorus|Earth Power|p1a: Arceus\n|-damage|p1a: Arceus|0 fnt\n|faint|p1a: Arceus\n|\n|upkeep\n|\n|t:|1769629796\n|switch|p1a: Mamoswine|Mamoswine, L78, F|300/300\n|turn|17\n|\n|t:|1769629801\n|switch|p2a: Wormadam|Wormadam, F|282/282\n|-ability|p2a: Wormadam|Anticipation\n|move|p1a: Mamoswine|Ice Shard|p2a: Wormadam\n|-supereffective|p2a: Wormadam\n|-damage|p2a: Wormadam|170/282\n|-damage|p1a: Mamoswine|270/300|[from] item: Life Orb\n|\n|-heal|p2a: Wormadam|187/282|[from] item: Leftovers\n|upkeep\n|turn|18\n|\n|t:|1769629806\n|move|p1a: Mamoswine|Icicle Crash|p2a: Wormadam|[miss]\n|-miss|p1a: Mamoswine|p2a: Wormadam\n|move|p2a: Wormadam|Leaf Storm|p1a: Mamoswine\n|-supereffective|p1a: Mamoswine\n|-damage|p1a: Mamoswine|0 fnt\n|-unboost|p2a: Wormadam|spa|2\n|faint|p1a: Mamoswine\n|\n|-heal|p2a: Wormadam|204/282|[from] item: Leftovers\n|upkeep\n|\n|t:|1769629815\n|switch|p1a: Primeape|Primeape, L87, F|255/255\n|turn|19\n|\n|t:|1769629820\n|move|p1a: Primeape|Gunk Shot|p2a: Wormadam\n|-supereffective|p2a: Wormadam\n|-damage|p2a: Wormadam|48/282\n|-status|p2a: Wormadam|psn\n|move|p2a: Wormadam|Signal Beam|p1a: Primeape\n|-resisted|p1a: Primeape\n|-damage|p1a: Primeape|226/255\n|\n|-heal|p2a: Wormadam|65/282 psn|[from] item: Leftovers\n|-damage|p2a: Wormadam|30/282 psn|[from] psn\n|upkeep\n|turn|20\n|\n|t:|1769629824\n|move|p1a: Primeape|Gunk Shot|p2a: Wormadam\n|-supereffective|p2a: Wormadam\n|-damage|p2a: Wormadam|0 fnt\n|faint|p2a: Wormadam\n|\n|upkeep\n|\n|t:|1769629826\n|switch|p2a: Landorus|Landorus, L76, M|260/260\n|turn|21\n|\n|t:|1769629832\n|move|p1a: Primeape|Gunk Shot|p2a: Landorus\n|-resisted|p2a: Landorus\n|-damage|p2a: Landorus|213/260\n|move|p2a: Landorus|Calm Mind|p2a: Landorus\n|-boost|p2a: Landorus|spa|1\n|-boost|p2a: Landorus|spd|1\n|\n|upkeep\n|turn|22\n|\n|t:|1769629836\n|move|p1a: Primeape|Gunk Shot|p2a: Landorus\n|-resisted|p2a: Landorus\n|-damage|p2a: Landorus|159/260\n|-status|p2a: Landorus|psn\n|move|p2a: Landorus|Sludge Wave|p1a: Primeape\n|-damage|p1a: Primeape|40/255\n|\n|-damage|p2a: Landorus|127/260 psn|[from] psn\n|upkeep\n|turn|23\n|\n|t:|1769629838\n|move|p1a: Primeape|Gunk Shot|p2a: Landorus\n|-resisted|p2a: Landorus\n|-damage|p2a: Landorus|75/260 psn\n|move|p2a: Landorus|Sludge Wave|p1a: Primeape\n|-damage|p1a: Primeape|0 fnt\n|faint|p1a: Primeape\n|\n|-damage|p2a: Landorus|43/260 psn|[from] psn\n|upkeep\n|\n|t:|1769629839\n|switch|p1a: Trevenant|Trevenant, L91, F|303/303\n|turn|24\n|\n|t:|1769629841\n|move|p2a: Landorus|Sludge Wave|p1a: Trevenant\n|-damage|p1a: Trevenant|152/303\n|move|p1a: Trevenant|Trick Room|p1a: Trevenant\n|-fieldstart|move: Trick Room|[of] p1a: Trevenant\n|\n|-damage|p2a: Landorus|11/260 psn|[from] psn\n|upkeep\n|turn|25\n|\n|t:|1769629845\n|move|p1a: Trevenant|Shadow Claw|p2a: Landorus\n|-damage|p2a: Landorus|0 fnt\n|faint|p2a: Landorus\n|-damage|p1a: Trevenant|122/303|[from] item: Life Orb\n|\n|upkeep\n|\n|t:|1769629847\n|switch|p2a: Magmortar|Magmortar, L86, M|269/269\n|turn|26\n|\n|t:|1769629850\n|move|p1a: Trevenant|Earthquake|p2a: Magmortar\n|-supereffective|p2a: Magmortar\n|-damage|p2a: Magmortar|0 fnt\n|faint|p2a: Magmortar\n|-damage|p1a: Trevenant|92/303|[from] item: Life Orb\n|\n|win|7evy\n|raw|7evy's rating: 1559 &rarr; <strong>1580</strong><br />(+21 for winning)\n|raw|rahoot21's rating: 1568 &rarr; <strong>1547</strong><br />(-21 for losing)\n|l|☆rahoot21\n|player|p2|\n", "inputlog": ">version b99ff0165a6231f17e8b78c2a78d1998375de664\n>start {\"formatid\":\"gen6randombattle\",\"seed\":\"sodium,42844bc21ba7c622a042541be7fd8c01\",\"rated\":\"Rated battle\"}\n>player p1 {\"name\":\"7evy\",\"avatar\":\"turo\",\"rating\":1559,\"seed\":\"sodium,d215a032280f0d13b2a288f533be7110\"}\n>player p2 {\"name\":\"rahoot21\",\"avatar\":\"1\",\"rating\":1568,\"seed\":\"sodium,fc3262c87077f417850f5860658a4bf4\"}\n>p1 move thunderwave\n>p2 move taunt\n>p1 move hex\n>p2 move shadowball\n>p1 move shadowsneak\n>p2 move shadowball\n>p1 switch 5\n>p1 move uturn\n>p2 move destinybond\n>p1 switch 2\n>p2 switch 6\n>p1 switch 6\n>p2 move thunderwave\n>p1 move shadowclaw\n>p2 switch 2\n>p1 switch 4\n>p2 move fireblast\n>p1 move toxic\n>p2 move earthquake\n>p1 move toxic\n>p2 move earthquake\n>p1 switch 6\n>p1 move swordsdance\n>p2 switch 3\n>p1 move outrage\n>p2 move toxic\n>p2 switch 4\n>p1 move outrage\n>p2 switch 2\n>p1 move earthquake\n>p2 move thunderwave\n>p1 move extremespeed\n>p2 move moonlight\n>p2 switch 2\n>p1 move extremespeed\n>p2 move earthpower\n>p1 move extremespeed\n>p2 move earthpower\n>p1 switch 3\n>p1 move iceshard\n>p2 switch 5\n>p1 move iciclecrash\n>p2 move leafstorm\n>p1 switch 2\n>p1 move gunkshot\n>p2 move signalbeam\n>p1 move gunkshot\n>p2 move synthesis\n>p2 switch 5\n>p1 move gunkshot\n>p2 move calmmind\n>p1 move gunkshot\n>p2 move sludgewave\n>p1 move gunkshot\n>p2 move sludgewave\n>p1 switch 4\n>p1 move trickroom\n>p2 move sludgewave\n>p1 move shadowclaw\n>p2 move sludgewave\n>p2 switch 3\n>p1 move earthquake\n>p2 move fireblast", "uploadtime": 1769629867, "views": 264, "formatid": "gen6randombattle", "rating": 1547, "private": 0, "password": null}