{"id": "gen6randombattle-2529384050", "format": "[Gen 6] Random Battle", "players": ["Stevezg", "viticetum"], "log": "|j|☆Stevezg\n|j|☆viticetum\n|t:|1769781652\n|gametype|singles\n|player|p1|Stevezg|steven|1614\n|player|p2|viticetum|serena-masters2|1553\n|gen|6\n|tier|[Gen 6] Random Battle\n|rated|\n|rule|Sleep Clause Mod: Limit one foe put to sleep\n|rule|HP Percentage Mod: HP is shown in percentages\n|rule|Illusion Level Mod: Illusion disguises the Pokémon's true level\n|\n|t:|1769781652\n|teamsize|p1|6\n|teamsize|p2|6\n|start\n|switch|p1a: Swoobat|Swoobat, L87, F|258/258\n|switch|p2a: Miltank|Miltank, L84, F|297/297\n|turn|1\n|inactive|Battle timer is ON: inactive players will automatically lose when time's up. (requested by viticetum)\n|\n|t:|1769781666\n|switch|p1a: Torkoal|Torkoal, L88, M|266/266\n|switch|p2a: Steelix|Steelix, L80, M|251/251\n|\n|upkeep\n|turn|2\n|\n|t:|1769781670\n|switch|p2a: Ludicolo|Ludicolo, L88, F|284/284\n|move|p1a: Torkoal|Stealth Rock|p2a: Ludicolo\n|-sidestart|p2: viticetum|move: Stealth Rock\n|\n|upkeep\n|turn|3\n|\n|t:|1769781693\n|switch|p1a: Arceus|Arceus-Electric, L71|288/288\n|move|p2a: Ludicolo|Scald|p1a: Arceus\n|-damage|p1a: Arceus|168/288\n|-status|p1a: Arceus|brn\n|\n|-damage|p1a: Arceus|132/288 brn|[from] brn\n|upkeep\n|turn|4\n|\n|t:|1769781702\n|move|p1a: Arceus|Judgment|p2a: Ludicolo\n|-damage|p2a: Ludicolo|188/284\n|move|p2a: Ludicolo|Scald|p1a: Arceus\n|-crit|p1a: Arceus\n|-damage|p1a: Arceus|0 fnt\n|faint|p1a: Arceus\n|\n|upkeep\n|\n|t:|1769781715\n|switch|p1a: Malamar|Malamar, L81, M|272/272\n|turn|5\n|\n|t:|1769781721\n|move|p2a: Ludicolo|Scald|p1a: Malamar\n|-damage|p1a: Malamar|110/272\n|-status|p1a: Malamar|brn\n|move|p1a: Malamar|Superpower|p2a: Ludicolo\n|-crit|p2a: Ludicolo\n|-damage|p2a: Ludicolo|118/284\n|-boost|p1a: Malamar|atk|1\n|-boost|p1a: Malamar|def|1\n|\n|-heal|p1a: Malamar|127/272 brn|[from] item: Leftovers\n|-damage|p1a: Malamar|93/272 brn|[from] brn\n|upkeep\n|turn|6\n|\n|t:|1769781733\n|switch|p1a: Rotom|Rotom-Wash, L80|211/211\n|move|p2a: Ludicolo|Scald|p1a: Rotom\n|-resisted|p1a: Rotom\n|-damage|p1a: Rotom|147/211\n|-status|p1a: Rotom|brn\n|\n|-damage|p1a: Rotom|121/211 brn|[from] brn\n|upkeep\n|turn|7\n|j| billy zubat\n|c|☆viticetum|what the rng\n|c| billy zubat|big cheep\n|\n|t:|1769781752\n|move|p1a: Rotom|Trick|p2a: Ludicolo\n|-activate|p1a: Rotom|move: Trick|[of] p2a: Ludicolo\n|-item|p2a: Ludicolo|Choice Scarf|[from] move: Trick\n|-item|p1a: Rotom|Choice Specs|[from] move: Trick\n|move|p2a: Ludicolo|Scald|p1a: Rotom\n|-resisted|p1a: Rotom\n|-damage|p1a: Rotom|81/211 brn\n|\n|-damage|p1a: Rotom|55/211 brn|[from] brn\n|upkeep\n|turn|8\n|\n|t:|1769781766\n|move|p2a: Ludicolo|Scald|p1a: Rotom\n|-resisted|p1a: Rotom\n|-damage|p1a: Rotom|18/211 brn\n|move|p1a: Rotom|Thunderbolt|p2a: Ludicolo\n|-damage|p2a: Ludicolo|0 fnt\n|faint|p2a: Ludicolo\n|\n|-damage|p1a: Rotom|0 fnt|[from] brn\n|faint|p1a: Rotom\n|upkeep\n|\n|t:|1769781777\n|switch|p1a: Malamar|Malamar, L81, M|93/272 brn\n|switch|p2a: Steelix|Steelix, L80, M|251/251\n|-damage|p2a: Steelix|244/251|[from] Stealth Rock\n|turn|9\n|\n|t:|1769781784\n|move|p1a: Malamar|Rest|p1a: Malamar\n|-status|p1a: Malamar|slp|[from] move: Rest\n|-heal|p1a: Malamar|272/272 slp|[silent]\n|move|p2a: Steelix|Heavy Slam|p1a: Malamar\n|-damage|p1a: Malamar|158/272 slp\n|\n|-heal|p1a: Malamar|175/272 slp|[from] item: Leftovers\n|upkeep\n|turn|10\n|\n|t:|1769781793\n|detailschange|p2a: Steelix|Steelix-Mega, L80, M\n|-mega|p2a: Steelix|Steelix|Steelixite\n|cant|p1a: Malamar|slp\n|move|p1a: Malamar|Sleep Talk|p1a: Malamar\n|move|p1a: Malamar|Rest||[from] move: Sleep Talk|[still]\n|-fail|p1a: Malamar\n|move|p2a: Steelix|Heavy Slam|p1a: Malamar\n|-damage|p1a: Malamar|30/272 slp\n|\n|-heal|p1a: Malamar|47/272 slp|[from] item: Leftovers\n|upkeep\n|turn|11\n|\n|t:|1769781803\n|cant|p1a: Malamar|slp\n|move|p1a: Malamar|Sleep Talk|p1a: Malamar\n|move|p1a: Malamar|Rest||[from] move: Sleep Talk|[still]\n|-fail|p1a: Malamar\n|move|p2a: Steelix|Heavy Slam|p1a: Malamar\n|-damage|p1a: Malamar|0 fnt\n|faint|p1a: Malamar\n|\n|upkeep\n|\n|t:|1769781809\n|switch|p1a: Marowak|Marowak, L88, M|249/249\n|turn|12\n|\n|t:|1769781819\n|move|p1a: Marowak|Earthquake|p2a: Steelix\n|-supereffective|p2a: Steelix\n|-crit|p2a: Steelix\n|-damage|p2a: Steelix|0 fnt\n|faint|p2a: Steelix\n|detailschange|p2: Steelix|Steelix, L80, M|[silent]\n|\n|upkeep\n|\n|t:|1769781843\n|switch|p2a: Miltank|Miltank, L84, F|297/297\n|-damage|p2a: Miltank|260/297|[from] Stealth Rock\n|turn|13\n|\n|t:|1769781848\n|move|p2a: Miltank|Curse|p2a: Miltank\n|-unboost|p2a: Miltank|spe|1\n|-boost|p2a: Miltank|atk|1\n|-boost|p2a: Miltank|def|1\n|move|p1a: Marowak|Earthquake|p2a: Miltank\n|-damage|p2a: Miltank|142/297\n|\n|-heal|p2a: Miltank|160/297|[from] item: Leftovers\n|upkeep\n|turn|14\n|\n|t:|1769781852\n|move|p2a: Miltank|Body Slam|p1a: Marowak\n|-damage|p1a: Marowak|152/249\n|-status|p1a: Marowak|par\n|move|p1a: Marowak|Swords Dance|p1a: Marowak\n|-boost|p1a: Marowak|atk|2\n|\n|-heal|p2a: Miltank|178/297|[from] item: Leftovers\n|upkeep\n|turn|15\n|\n|t:|1769781860\n|move|p2a: Miltank|Curse|p2a: Miltank\n|-unboost|p2a: Miltank|spe|1\n|-boost|p2a: Miltank|atk|1\n|-boost|p2a: Miltank|def|1\n|move|p1a: Marowak|Earthquake|p2a: Miltank\n|-damage|p2a: Miltank|0 fnt\n|faint|p2a: Miltank\n|\n|upkeep\n|\n|t:|1769781864\n|switch|p2a: Walrein|Walrein, L88, F|337/337\n|-damage|p2a: Walrein|253/337|[from] Stealth Rock\n|turn|16\n|\n|t:|1769781876\n|move|p2a: Walrein|Ice Beam|p1a: Marowak\n|-supereffective|p1a: Marowak\n|-damage|p1a: Marowak|0 fnt\n|faint|p1a: Marowak\n|\n|-heal|p2a: Walrein|274/337|[from] item: Leftovers\n|upkeep\n|\n|t:|1769781879\n|switch|p1a: Swoobat|Swoobat, L87, F|258/258\n|turn|17\n|\n|t:|1769781881\n|move|p1a: Swoobat|Calm Mind|p1a: Swoobat\n|-boost|p1a: Swoobat|spa|2\n|-boost|p1a: Swoobat|spd|2\n|move|p2a: Walrein|Ice Beam|p1a: Swoobat\n|-supereffective|p1a: Swoobat\n|-damage|p1a: Swoobat|118/258\n|\n|-heal|p2a: Walrein|295/337|[from] item: Leftovers\n|upkeep\n|turn|18\n|\n|t:|1769781885\n|move|p1a: Swoobat|Calm Mind|p1a: Swoobat\n|-boost|p1a: Swoobat|spa|2\n|-boost|p1a: Swoobat|spd|2\n|move|p2a: Walrein|Toxic|p1a: Swoobat\n|-status|p1a: Swoobat|tox\n|\n|-heal|p2a: Walrein|316/337|[from] item: Leftovers\n|-damage|p1a: Swoobat|102/258 tox|[from] psn\n|upkeep\n|turn|19\n|\n|t:|1769781891\n|move|p2a: Walrein|Protect|p2a: Walrein\n|-singleturn|p2a: Walrein|Protect\n|move|p1a: Swoobat|Roost|p1a: Swoobat\n|-heal|p1a: Swoobat|231/258 tox\n|-singleturn|p1a: Swoobat|move: Roost\n|\n|-heal|p2a: Walrein|337/337|[from] item: Leftovers\n|-damage|p1a: Swoobat|199/258 tox|[from] psn\n|upkeep\n|turn|20\n|\n|t:|1769781897\n|move|p2a: Walrein|Protect||[still]\n|-fail|p2a: Walrein\n|move|p1a: Swoobat|Stored Power|p2a: Walrein\n|-damage|p2a: Walrein|0 fnt\n|faint|p2a: Walrein\n|-damage|p1a: Swoobat|174/258 tox|[from] item: Life Orb\n|\n|-damage|p1a: Swoobat|126/258 tox|[from] psn\n|upkeep\n|\n|t:|1769781903\n|switch|p2a: Wormadam|Wormadam-Trash, L88, F|249/249\n|-damage|p2a: Wormadam|218/249|[from] Stealth Rock\n|turn|21\n|\n|t:|1769781908\n|move|p1a: Swoobat|Roost|p1a: Swoobat\n|-heal|p1a: Swoobat|255/258 tox\n|-singleturn|p1a: Swoobat|move: Roost\n|move|p2a: Wormadam|Infestation|p1a: Swoobat\n|-supereffective|p1a: Swoobat\n|-damage|p1a: Swoobat|237/258 tox\n|-activate|p1a: Swoobat|move: Infestation|[of] p2a: Wormadam\n|\n|-heal|p2a: Wormadam|233/249|[from] item: Leftovers\n|-damage|p1a: Swoobat|173/258 tox|[from] psn\n|-damage|p1a: Swoobat|141/258 tox|[from] move: Infestation|[partiallytrapped]\n|upkeep\n|turn|22\n|\n|t:|1769781913\n|move|p2a: Wormadam|Protect|p2a: Wormadam\n|-singleturn|p2a: Wormadam|Protect\n|move|p1a: Swoobat|Stored Power|p2a: Wormadam\n|-activate|p2a: Wormadam|move: Protect\n|\n|-heal|p2a: Wormadam|248/249|[from] item: Leftovers\n|-damage|p1a: Swoobat|61/258 tox|[from] psn\n|-damage|p1a: Swoobat|29/258 tox|[from] move: Infestation|[partiallytrapped]\n|upkeep\n|turn|23\n|\n|t:|1769781936\n|move|p1a: Swoobat|Stored Power|p2a: Wormadam\n|-resisted|p2a: Wormadam\n|-crit|p2a: Wormadam\n|-damage|p2a: Wormadam|0 fnt\n|faint|p2a: Wormadam\n|-damage|p1a: Swoobat|4/258 tox|[from] item: Life Orb\n|\n|-damage|p1a: Swoobat|0 fnt|[from] psn\n|faint|p1a: Swoobat\n|upkeep\n|\n|t:|1769781939\n|switch|p1a: Torkoal|Torkoal, L88, M|266/266\n|switch|p2a: Xerneas|Xerneas, L64|268/268\n|-damage|p2a: Xerneas|235/268|[from] Stealth Rock\n|-ability|p2a: Xerneas|Fairy Aura\n|turn|24\n|\n|t:|1769781944\n|move|p2a: Xerneas|Geomancy||[still]\n|-prepare|p2a: Xerneas|Geomancy\n|-enditem|p2a: Xerneas|Power Herb\n|-anim|p2a: Xerneas|Geomancy|p2a: Xerneas\n|-boost|p2a: Xerneas|spa|2\n|-boost|p2a: Xerneas|spd|2\n|-boost|p2a: Xerneas|spe|2\n|move|p1a: Torkoal|Lava Plume|p2a: Xerneas\n|-damage|p2a: Xerneas|178/268\n|\n|upkeep\n|turn|25\n|\n|t:|1769781954\n|move|p2a: Xerneas|Moonblast|p1a: Torkoal\n|-resisted|p1a: Torkoal\n|-damage|p1a: Torkoal|161/266\n|move|p1a: Torkoal|Earthquake|p2a: Xerneas\n|-damage|p2a: Xerneas|92/268\n|\n|-heal|p1a: Torkoal|177/266|[from] item: Leftovers\n|upkeep\n|turn|26\n|\n|t:|1769781962\n|move|p2a: Xerneas|Moonblast|p1a: Torkoal\n|-resisted|p1a: Torkoal\n|-damage|p1a: Torkoal|57/266\n|move|p1a: Torkoal|Earthquake|p2a: Xerneas\n|-damage|p2a: Xerneas|0 fnt\n|faint|p2a: Xerneas\n|\n|win|Stevezg\n|raw|Stevezg's rating: 1614 &rarr; <strong>1631</strong><br />(+17 for winning)\n|raw|viticetum's rating: 1553 &rarr; <strong>1536</strong><br />(-17 for losing)\n", "inputlog": ">version b99ff0165a6231f17e8b78c2a78d1998375de664\n>start {\"formatid\":\"gen6randombattle\",\"seed\":\"sodium,3bd43b7462f729a33bb50c6d111d752d\",\"rated\":\"Rated battle\"}\n>player p1 {\"name\":\"Stevezg\",\"avatar\":\"steven\",\"rating\":1614,\"seed\":\"sodium,d26a87272874c0eb0d18ee38343c9bf3\"}\n>player p2 {\"name\":\"viticetum\",\"avatar\":\"serena-masters2\",\"rating\":1553,\"seed\":\"sodium,f522160a50d25b2584e6a7410d47b37c\"}\n>p1 switch 6\n>p2 switch 6\n>p1 move stealthrock\n>p2 switch 5\n>p1 switch 5\n>p2 move scald\n>p1 move judgment\n>p2 move scald\n>p1 switch 2\n>p1 move superpower\n>p2 move scald\n>p1 switch 4\n>p2 move scald\n>chat ☆viticetum|what the rng\n>chat  billy zubat|big cheep\n>p1 move trick\n>p2 move scald\n>p1 move thunderbolt\n>p2 move scald\n>p1 switch 4\n>p2 switch 5\n>p1 move rest\n>p2 move heavyslam\n>p1 move sleeptalk\n>p2 move heavyslam mega\n>p1 move sleeptalk\n>p2 move heavyslam\n>p1 switch 3\n>p1 move earthquake\n>p2 move stealthrock\n>p2 switch 6\n>p1 move earthquake\n>p2 move curse\n>p1 move swordsdance\n>p2 move bodyslam\n>p1 move earthquake\n>p2 move curse\n>p2 switch 3\n>p1 move earthquake\n>p2 move icebeam\n>p1 switch 6\n>p1 move calmmind\n>p2 move icebeam\n>p1 move calmmind\n>p2 move toxic\n>p1 move roost\n>p2 move protect\n>p1 move storedpower\n>p2 move protect\n>p2 switch 4\n>p1 move roost\n>p2 move infestation\n>p1 move storedpower\n>p2 move protect\n>p1 move storedpower\n>p2 move infestation\n>p1 switch 5\n>p2 switch 2\n>p1 move lavaplume\n>p2 move geomancy\n>p1 move earthquake\n>p2 move moonblast\n>p1 move earthquake\n>p2 move moonblast", "uploadtime": 1769781963, "views": 278, "formatid": "gen6randombattle", "rating": 1536, "private": 0, "password": null}