{"id": "gen6randombattle-2518153390", "format": "[Gen 6] Random Battle", "players": ["anguscloud", "LoMa_Louis"], "log": "|j|☆anguscloud\n|j|☆LoMa_Louis\n|t:|1768348003\n|gametype|singles\n|player|p1|anguscloud|zinzolin|1602\n|player|p2|LoMa_Louis|wallace-masters|1644\n|gen|6\n|tier|[Gen 6] Random Battle\n|rated|\n|rule|Sleep Clause Mod: Limit one foe put to sleep\n|rule|HP Percentage Mod: HP is shown in percentages\n|rule|Illusion Level Mod: Illusion disguises the Pokémon's true level\n|\n|t:|1768348003\n|teamsize|p1|6\n|teamsize|p2|6\n|start\n|switch|p1a: Crawdaunt|Crawdaunt, L83, F|240/240\n|switch|p2a: Kingler|Kingler, L89, F|243/243\n|turn|1\n|inactive|Battle timer is ON: inactive players will automatically lose when time's up. (requested by anguscloud)\n|c|☆anguscloud|hf\n|c|☆anguscloud|crab battle\n|c|☆LoMa_Louis|lol\n|c|☆LoMa_Louis|u2\n|\n|t:|1768348025\n|move|p2a: Kingler|Knock Off|p1a: Crawdaunt\n|-resisted|p1a: Crawdaunt\n|-damage|p1a: Crawdaunt|170/240\n|-enditem|p1a: Crawdaunt|Life Orb|[from] move: Knock Off|[of] p2a: Kingler\n|-damage|p2a: Kingler|219/243|[from] item: Life Orb\n|move|p1a: Crawdaunt|Dragon Dance|p1a: Crawdaunt\n|-boost|p1a: Crawdaunt|atk|1\n|-boost|p1a: Crawdaunt|spe|1\n|\n|upkeep\n|turn|2\n|\n|t:|1768348035\n|move|p1a: Crawdaunt|Knock Off|p2a: Kingler\n|-damage|p2a: Kingler|27/243\n|-enditem|p2a: Kingler|Life Orb|[from] move: Knock Off|[of] p1a: Crawdaunt\n|move|p2a: Kingler|X-Scissor|p1a: Crawdaunt\n|-supereffective|p1a: Crawdaunt\n|-crit|p1a: Crawdaunt\n|-damage|p1a: Crawdaunt|0 fnt\n|faint|p1a: Crawdaunt\n|\n|upkeep\n|\n|t:|1768348041\n|switch|p1a: Pachirisu|Pachirisu, L95, M|268/268\n|turn|3\n|\n|t:|1768348049\n|move|p1a: Pachirisu|Thunderbolt|p2a: Kingler\n|-supereffective|p2a: Kingler\n|-crit|p2a: Kingler\n|-damage|p2a: Kingler|0 fnt\n|faint|p2a: Kingler\n|\n|upkeep\n|\n|t:|1768348060\n|switch|p2a: Flygon|Flygon, L83, M|268/268\n|turn|4\n|inactive|anguscloud has 120 seconds left.\n|inactive|anguscloud has 90 seconds left.\n|\n|t:|1768348122\n|move|p1a: Pachirisu|U-turn|p2a: Flygon\n|-damage|p2a: Flygon|228/268\n|\n|t:|1768348126\n|switch|p1a: Rayquaza|Rayquaza, L65|245/245|[from] U-turn\n|-ability|p1a: Rayquaza|Air Lock\n|move|p2a: Flygon|Earthquake|p1a: Rayquaza\n|-immune|p1a: Rayquaza\n|\n|-heal|p2a: Flygon|244/268|[from] item: Leftovers\n|upkeep\n|turn|5\n|\n|t:|1768348137\n|switch|p1a: Pachirisu|Pachirisu, L95, M|268/268\n|move|p2a: Flygon|Draco Meteor|p1a: Pachirisu\n|-damage|p1a: Pachirisu|195/268\n|-unboost|p2a: Flygon|spa|2\n|\n|-heal|p2a: Flygon|260/268|[from] item: Leftovers\n|upkeep\n|turn|6\n|\n|t:|1768348151\n|switch|p2a: Eelektross|Eelektross, L85, M|283/283\n|move|p1a: Pachirisu|U-turn|p2a: Eelektross\n|-damage|p2a: Eelektross|242/283\n|inactive|anguscloud has 90 seconds left.\n|\n|t:|1768348184\n|switch|p1a: Darkrai|Darkrai, L72|220/220|[from] U-turn\n|\n|upkeep\n|turn|7\n|\n|t:|1768348195\n|move|p1a: Darkrai|Dark Void|p2a: Eelektross\n|-status|p2a: Eelektross|slp|[from] move: Dark Void\n|cant|p2a: Eelektross|slp\n|\n|-damage|p2a: Eelektross|207/283 slp|[from] ability: Bad Dreams|[of] p1a: Darkrai\n|upkeep\n|turn|8\n|inactive|anguscloud has 90 seconds left.\n|\n|t:|1768348212\n|move|p1a: Darkrai|Nasty Plot|p1a: Darkrai\n|-boost|p1a: Darkrai|spa|2\n|-curestatus|p2a: Eelektross|slp|[msg]\n|move|p2a: Eelektross|U-turn|p1a: Darkrai\n|-supereffective|p1a: Darkrai\n|-damage|p1a: Darkrai|90/220\n|\n|t:|1768348225\n|switch|p2a: Wailord|Wailord, L93, M|466/466|[from] U-turn\n|\n|upkeep\n|turn|9\n|inactive|anguscloud has 90 seconds left.\n|\n|t:|1768348235\n|switch|p1a: Empoleon|Empoleon, L82, M|272/272\n|move|p2a: Wailord|Water Spout|p1a: Empoleon\n|-resisted|p1a: Empoleon\n|-damage|p1a: Empoleon|216/272\n|\n|upkeep\n|turn|10\n|\n|t:|1768348243\n|switch|p2a: Flygon|Flygon, L83, M|260/268\n|move|p1a: Empoleon|Knock Off|p2a: Flygon\n|-damage|p2a: Flygon|197/268\n|-enditem|p2a: Flygon|Leftovers|[from] move: Knock Off|[of] p1a: Empoleon\n|\n|upkeep\n|turn|11\n|\n|t:|1768348251\n|move|p2a: Flygon|Draco Meteor|p1a: Empoleon\n|-resisted|p1a: Empoleon\n|-damage|p1a: Empoleon|181/272\n|-unboost|p2a: Flygon|spa|2\n|move|p1a: Empoleon|Hydro Pump|p2a: Flygon\n|-damage|p2a: Flygon|64/268\n|\n|upkeep\n|turn|12\n|\n|t:|1768348257\n|switch|p1a: Rayquaza|Rayquaza, L65|245/245\n|-ability|p1a: Rayquaza|Air Lock\n|move|p2a: Flygon|Earthquake|p1a: Rayquaza\n|-immune|p1a: Rayquaza\n|\n|upkeep\n|turn|13\n|\n|t:|1768348264\n|detailschange|p1a: Rayquaza|Rayquaza-Mega, L65\n|-mega|p1a: Rayquaza|Rayquaza|\n|-weather|DeltaStream|[from] ability: Delta Stream|[of] p1a: Rayquaza\n|move|p2a: Flygon|Draco Meteor|p1a: Rayquaza\n|-supereffective|p1a: Rayquaza\n|-damage|p1a: Rayquaza|113/245\n|-unboost|p2a: Flygon|spa|2\n|move|p1a: Rayquaza|Dragon Dance|p1a: Rayquaza\n|-boost|p1a: Rayquaza|atk|1\n|-boost|p1a: Rayquaza|spe|1\n|\n|-weather|DeltaStream|[upkeep]\n|upkeep\n|turn|14\n|inactive|anguscloud has 120 seconds left.\n|\n|t:|1768348274\n|move|p1a: Rayquaza|Extreme Speed|p2a: Flygon\n|-damage|p2a: Flygon|0 fnt\n|faint|p2a: Flygon\n|-damage|p1a: Rayquaza|89/245|[from] item: Life Orb\n|\n|-weather|DeltaStream|[upkeep]\n|upkeep\n|\n|t:|1768348277\n|switch|p2a: Abomasnow|Abomasnow, L82, M|282/282\n|-ability|p2a: Abomasnow|Snow Warning|[from] deltastream|[fail]\n|turn|15\n|inactive|anguscloud has 120 seconds left.\n|\n|t:|1768348291\n|-weather|none\n|switch|p1a: Gothitelle|Gothitelle, L89, F|269/269\n|detailschange|p2a: Abomasnow|Abomasnow-Mega, L82, M\n|-mega|p2a: Abomasnow|Abomasnow|Abomasite\n|-weather|Hail|[from] ability: Snow Warning|[of] p2a: Abomasnow\n|move|p2a: Abomasnow|Ice Shard|p1a: Gothitelle\n|-damage|p1a: Gothitelle|223/269\n|\n|-weather|Hail|[upkeep]\n|-damage|p1a: Gothitelle|207/269|[from] Hail\n|upkeep\n|turn|16\n|\n|t:|1768348298\n|move|p1a: Gothitelle|Psychic|p2a: Abomasnow\n|-damage|p2a: Abomasnow|188/282\n|move|p2a: Abomasnow|Blizzard|p1a: Gothitelle\n|-damage|p1a: Gothitelle|92/269\n|\n|-weather|Hail|[upkeep]\n|-damage|p1a: Gothitelle|76/269|[from] Hail\n|upkeep\n|turn|17\n|inactive|anguscloud has 120 seconds left.\n|\n|t:|1768348329\n|move|p1a: Gothitelle|Psychic|p2a: Abomasnow\n|-damage|p2a: Abomasnow|92/282\n|-unboost|p2a: Abomasnow|spd|1\n|move|p2a: Abomasnow|Earthquake|p1a: Gothitelle\n|-damage|p1a: Gothitelle|3/269\n|\n|-weather|Hail|[upkeep]\n|-damage|p1a: Gothitelle|0 fnt|[from] Hail\n|faint|p1a: Gothitelle\n|upkeep\n|\n|t:|1768348345\n|switch|p1a: Empoleon|Empoleon, L82, M|181/272\n|turn|18\n|\n|t:|1768348350\n|switch|p2a: Eelektross|Eelektross, L85, M|207/283\n|move|p1a: Empoleon|Flash Cannon|p2a: Eelektross\n|-resisted|p2a: Eelektross\n|-damage|p2a: Eelektross|177/283\n|\n|-weather|Hail|[upkeep]\n|-damage|p1a: Empoleon|164/272|[from] Hail\n|-damage|p2a: Eelektross|160/283|[from] Hail\n|upkeep\n|turn|19\n|\n|t:|1768348360\n|move|p1a: Empoleon|Knock Off|p2a: Eelektross\n|-damage|p2a: Eelektross|93/283\n|-enditem|p2a: Eelektross|Assault Vest|[from] move: Knock Off|[of] p1a: Empoleon\n|move|p2a: Eelektross|U-turn|p1a: Empoleon\n|-resisted|p1a: Empoleon\n|-damage|p1a: Empoleon|132/272\n|\n|t:|1768348365\n|switch|p2a: Chimecho|Chimecho, L97, F|283/283|[from] U-turn\n|\n|-weather|none\n|upkeep\n|turn|20\n|\n|t:|1768348370\n|move|p2a: Chimecho|Knock Off|p1a: Empoleon\n|-damage|p1a: Empoleon|76/272\n|-enditem|p1a: Empoleon|Assault Vest|[from] move: Knock Off|[of] p2a: Chimecho\n|move|p1a: Empoleon|Knock Off|p2a: Chimecho\n|-supereffective|p2a: Chimecho\n|-damage|p2a: Chimecho|155/283\n|-enditem|p2a: Chimecho|Leftovers|[from] move: Knock Off|[of] p1a: Empoleon\n|\n|upkeep\n|turn|21\n|\n|t:|1768348378\n|move|p2a: Chimecho|Knock Off|p1a: Empoleon\n|-damage|p1a: Empoleon|36/272\n|move|p1a: Empoleon|Hydro Pump|p2a: Chimecho\n|-damage|p2a: Chimecho|0 fnt\n|faint|p2a: Chimecho\n|\n|upkeep\n|\n|t:|1768348385\n|switch|p2a: Wailord|Wailord, L93, M|466/466\n|turn|22\n|\n|t:|1768348398\n|switch|p1a: Rayquaza|Rayquaza-Mega, L65|89/245\n|-weather|DeltaStream|[from] ability: Delta Stream|[of] p1a: Rayquaza\n|move|p2a: Wailord|Water Spout|p1a: Rayquaza\n|-resisted|p1a: Rayquaza\n|-damage|p1a: Rayquaza|0 fnt\n|faint|p1a: Rayquaza\n|-weather|none\n|detailschange|p1: Rayquaza|Rayquaza, L65|[silent]\n|\n|upkeep\n|\n|t:|1768348399\n|switch|p1a: Pachirisu|Pachirisu, L95, M|195/268\n|turn|23\n|\n|t:|1768348405\n|switch|p2a: Eelektross|Eelektross, L85, M|93/283\n|move|p1a: Pachirisu|Thunderbolt|p2a: Eelektross\n|-resisted|p2a: Eelektross\n|-damage|p2a: Eelektross|54/283\n|\n|upkeep\n|turn|24\n|\n|t:|1768348413\n|move|p1a: Pachirisu|U-turn|p2a: Eelektross\n|-damage|p2a: Eelektross|15/283\n|\n|t:|1768348423\n|switch|p1a: Darkrai|Darkrai, L72|90/220|[from] U-turn\n|move|p2a: Eelektross|U-turn|p1a: Darkrai\n|-supereffective|p1a: Darkrai\n|-damage|p1a: Darkrai|0 fnt\n|faint|p1a: Darkrai\n|\n|t:|1768348429\n|switch|p2a: Abomasnow|Abomasnow-Mega, L82, M|92/282|[from] U-turn\n|-weather|Hail|[from] ability: Snow Warning|[of] p2a: Abomasnow\n|\n|-weather|Hail|[upkeep]\n|upkeep\n|\n|t:|1768348430\n|switch|p1a: Empoleon|Empoleon, L82, M|36/272\n|turn|25\n|\n|t:|1768348437\n|switch|p2a: Eelektross|Eelektross, L85, M|15/283\n|move|p1a: Empoleon|Flash Cannon|p2a: Eelektross\n|-resisted|p2a: Eelektross\n|-damage|p2a: Eelektross|0 fnt\n|faint|p2a: Eelektross\n|\n|-weather|Hail|[upkeep]\n|-damage|p1a: Empoleon|19/272|[from] Hail\n|upkeep\n|\n|t:|1768348445\n|switch|p2a: Wailord|Wailord, L93, M|466/466\n|turn|26\n|\n|t:|1768348452\n|move|p2a: Wailord|Water Spout|p1a: Empoleon\n|-resisted|p1a: Empoleon\n|-damage|p1a: Empoleon|0 fnt\n|faint|p1a: Empoleon\n|\n|-weather|Hail|[upkeep]\n|-damage|p2a: Wailord|437/466|[from] Hail\n|upkeep\n|\n|t:|1768348454\n|switch|p1a: Pachirisu|Pachirisu, L95, M|195/268\n|turn|27\n|\n|t:|1768348457\n|move|p2a: Wailord|Water Spout|p1a: Pachirisu\n|-crit|p1a: Pachirisu\n|-damage|p1a: Pachirisu|44/268\n|move|p1a: Pachirisu|Thunderbolt|p2a: Wailord\n|-supereffective|p2a: Wailord\n|-damage|p2a: Wailord|231/466\n|-status|p2a: Wailord|par\n|\n|-weather|Hail|[upkeep]\n|-damage|p1a: Pachirisu|28/268|[from] Hail\n|-damage|p2a: Wailord|202/466 par|[from] Hail\n|upkeep\n|turn|28\n|\n|t:|1768348466\n|move|p1a: Pachirisu|Thunderbolt|p2a: Wailord\n|-supereffective|p2a: Wailord\n|-crit|p2a: Wailord\n|-damage|p2a: Wailord|0 fnt\n|faint|p2a: Wailord\n|\n|-weather|none\n|upkeep\n|\n|t:|1768348468\n|switch|p2a: Abomasnow|Abomasnow-Mega, L82, M|92/282\n|-weather|Hail|[from] ability: Snow Warning|[of] p2a: Abomasnow\n|turn|29\n|c|☆LoMa_Louis|gg\n|c|☆anguscloud|gg\n|\n|t:|1768348474\n|move|p2a: Abomasnow|Ice Shard|p1a: Pachirisu\n|-damage|p1a: Pachirisu|0 fnt\n|faint|p1a: Pachirisu\n|\n|win|LoMa_Louis\n|raw|anguscloud's rating: 1602 &rarr; <strong>1584</strong><br />(-18 for losing)\n|raw|LoMa_Louis's rating: 1644 &rarr; <strong>1662</strong><br />(+18 for winning)\n|l|☆anguscloud\n|player|p1|\n", "inputlog": ">version f2883557ca71b1a14bc1039fd307aee7de4ab455\n>start {\"formatid\":\"gen6randombattle\",\"seed\":\"sodium,28d4fc8abf34cf177aa8becae2355638\",\"rated\":\"Rated battle\"}\n>player p1 {\"name\":\"anguscloud\",\"avatar\":\"zinzolin\",\"rating\":1602,\"seed\":\"sodium,25852fba92a410e53633e377b2081273\"}\n>player p2 {\"name\":\"LoMa_Louis\",\"avatar\":\"wallace-masters\",\"rating\":1644,\"seed\":\"sodium,231bcd686a5c1d5acb6bb311366fc61d\"}\n>chat ☆anguscloud|hf\n>chat ☆anguscloud|crab battle\n>chat ☆LoMa_Louis|lol\n>chat ☆LoMa_Louis|u2\n>p1 move dragondance\n>p2 move knockoff\n>p1 move knockoff\n>p2 move xscissor\n>p1 switch 5\n>p1 move thunderbolt\n>p2 move knockoff\n>p2 switch 4\n>p1 move uturn\n>p2 move earthquake\n>p1 switch 6\n>p1 switch 6\n>p2 move dracometeor\n>p1 move uturn\n>p2 switch 6\n>p1 switch 3\n>p1 move darkvoid\n>p2 move uturn\n>p1 move nastyplot\n>p2 move uturn\n>p2 switch 5\n>p1 switch 2\n>p2 move waterspout\n>p1 move knockoff\n>p2 switch 6\n>p1 move hydropump\n>p2 move dracometeor\n>p1 switch 6\n>p2 move earthquake\n>p1 move dragondance mega\n>p2 move dracometeor\n>p1 move extremespeed\n>p2 move dracometeor\n>p2 switch 2\n>p1 switch 4\n>p2 move iceshard mega\n>p1 move psychic\n>p2 move blizzard\n>p1 move psychic\n>p2 move earthquake\n>p1 switch 6\n>p1 move flashcannon\n>p2 switch 5\n>p1 move knockoff\n>p2 move uturn\n>p2 switch 3\n>p1 move knockoff\n>p2 move knockoff\n>p1 move hydropump\n>p2 move knockoff\n>p2 switch 6\n>p1 switch 4\n>p2 move waterspout\n>p1 switch 3\n>p1 move thunderbolt\n>p2 switch 3\n>p1 move uturn\n>p2 move uturn\n>p1 switch 2\n>p2 switch 5\n>p1 switch 4\n>p1 move flashcannon\n>p2 switch 5\n>p2 switch 3\n>p1 move knockoff\n>p2 move waterspout\n>p1 switch 2\n>p1 move thunderbolt\n>p2 move waterspout\n>p1 move thunderbolt\n>p2 move waterspout\n>p2 switch 5\n>chat ☆LoMa_Louis|gg\n>chat ☆anguscloud|gg\n>p1 move nuzzle\n>p2 move iceshard", "uploadtime": 1768348478, "views": 225, "formatid": "gen6randombattle", "rating": 1584, "private": 0, "password": null}