{"id": "gen6randombattle-2522734370", "format": "[Gen 6] Random Battle", "players": ["arboretums", "WonderLoaf"], "log": "|j|☆arboretums\n|j|☆WonderLoaf\n|t:|1768939037\n|gametype|singles\n|player|p1|arboretums|serena-masters2|1573\n|player|p2|WonderLoaf|101|1588\n|gen|6\n|tier|[Gen 6] Random Battle\n|rated|\n|rule|Sleep Clause Mod: Limit one foe put to sleep\n|rule|HP Percentage Mod: HP is shown in percentages\n|rule|Illusion Level Mod: Illusion disguises the Pokémon's true level\n|\n|t:|1768939037\n|teamsize|p1|6\n|teamsize|p2|6\n|start\n|switch|p1a: Flareon|Flareon, L88, M|258/258\n|switch|p2a: Lucario|Lucario, L74, F|226/226\n|turn|1\n|inactive|Battle timer is ON: inactive players will automatically lose when time's up. (requested by arboretums)\n|\n|t:|1768939046\n|switch|p2a: Jellicent|Jellicent, L85, M|309/309\n|move|p1a: Flareon|Superpower|p2a: Jellicent\n|-immune|p2a: Jellicent\n|\n|-status|p1a: Flareon|tox|[from] item: Toxic Orb\n|upkeep\n|turn|2\n|\n|t:|1768939055\n|switch|p1a: Sharpedo|Sharpedo, L82, M|249/249\n|move|p2a: Jellicent|Scald|p1a: Sharpedo\n|-resisted|p1a: Sharpedo\n|-damage|p1a: Sharpedo|176/249\n|\n|upkeep\n|turn|3\n|\n|t:|1768939062\n|switch|p2a: Lucario|Lucario, L74, F|226/226\n|move|p1a: Sharpedo|Waterfall|p2a: Lucario\n|-damage|p2a: Lucario|57/226\n|-damage|p1a: Sharpedo|152/249|[from] item: Life Orb\n|\n|-ability|p1a: Sharpedo|Speed Boost|boost\n|-boost|p1a: Sharpedo|spe|1\n|upkeep\n|turn|4\n|\n|t:|1768939068\n|switch|p2a: Jellicent|Jellicent, L85, M|309/309\n|move|p1a: Sharpedo|Crunch|p2a: Jellicent\n|-supereffective|p2a: Jellicent\n|-damage|p2a: Jellicent|18/309\n|-damage|p1a: Sharpedo|128/249|[from] item: Life Orb\n|\n|-heal|p2a: Jellicent|37/309|[from] item: Leftovers\n|-ability|p1a: Sharpedo|Speed Boost|boost\n|-boost|p1a: Sharpedo|spe|1\n|upkeep\n|turn|5\n|\n|t:|1768939074\n|switch|p2a: Lucario|Lucario, L74, F|57/226\n|move|p1a: Sharpedo|Crunch|p2a: Lucario\n|-resisted|p2a: Lucario\n|-damage|p2a: Lucario|0 fnt\n|faint|p2a: Lucario\n|-damage|p1a: Sharpedo|104/249|[from] item: Life Orb\n|\n|-ability|p1a: Sharpedo|Speed Boost|boost\n|-boost|p1a: Sharpedo|spe|1\n|upkeep\n|\n|t:|1768939098\n|switch|p2a: Liepard|Liepard, L85, M|248/248\n|turn|6\n|\n|t:|1768939105\n|move|p2a: Liepard|Thunder Wave|p1a: Sharpedo\n|-status|p1a: Sharpedo|par\n|cant|p1a: Sharpedo|par\n|\n|-ability|p1a: Sharpedo|Speed Boost|boost\n|-boost|p1a: Sharpedo|spe|1\n|upkeep\n|turn|7\n|\n|t:|1768939111\n|switch|p2a: Jellicent|Jellicent, L85, M|37/309\n|cant|p1a: Sharpedo|par\n|\n|-heal|p2a: Jellicent|56/309|[from] item: Leftovers\n|-ability|p1a: Sharpedo|Speed Boost|boost\n|-boost|p1a: Sharpedo|spe|1\n|upkeep\n|turn|8\n|\n|t:|1768939120\n|move|p1a: Sharpedo|Crunch|p2a: Jellicent\n|-supereffective|p2a: Jellicent\n|-damage|p2a: Jellicent|0 fnt\n|faint|p2a: Jellicent\n|-damage|p1a: Sharpedo|80/249 par|[from] item: Life Orb\n|\n|-ability|p1a: Sharpedo|Speed Boost|boost\n|-boost|p1a: Sharpedo|spe|1\n|upkeep\n|\n|t:|1768939139\n|switch|p2a: Persian|Persian, L91, M|266/266\n|turn|9\n|\n|t:|1768939141\n|move|p2a: Persian|Return|p1a: Sharpedo\n|-damage|p1a: Sharpedo|0 fnt\n|faint|p1a: Sharpedo\n|\n|upkeep\n|\n|t:|1768939148\n|switch|p1a: Flareon|Flareon, L88, M|258/258 tox\n|turn|10\n|\n|t:|1768939157\n|move|p2a: Persian|Return|p1a: Flareon\n|-damage|p1a: Flareon|81/258 tox\n|move|p1a: Flareon|Superpower|p2a: Persian\n|-supereffective|p2a: Persian\n|-damage|p2a: Persian|0 fnt\n|-unboost|p1a: Flareon|atk|1\n|-unboost|p1a: Flareon|def|1\n|faint|p2a: Persian\n|\n|-damage|p1a: Flareon|65/258 tox|[from] psn\n|upkeep\n|\n|t:|1768939168\n|switch|p2a: Liepard|Liepard, L85, M|248/248\n|turn|11\n|\n|t:|1768939173\n|switch|p1a: Steelix|Steelix, L80, M|251/251\n|move|p2a: Liepard|Knock Off|p1a: Steelix\n|-damage|p1a: Steelix|214/251\n|\n|upkeep\n|turn|12\n|\n|t:|1768939183\n|switch|p2a: Ariados|Ariados, L91, M|275/275\n|detailschange|p1a: Steelix|Steelix-Mega, L80, M\n|-mega|p1a: Steelix|Steelix|Steelixite\n|move|p1a: Steelix|Toxic|p2a: Ariados\n|-immune|p2a: Ariados\n|\n|upkeep\n|turn|13\n|\n|t:|1768939189\n|move|p2a: Ariados|Sticky Web|p1a: Steelix\n|-sidestart|p1: arboretums|move: Sticky Web\n|move|p1a: Steelix|Heavy Slam|p2a: Ariados\n|-damage|p2a: Ariados|122/275\n|\n|-heal|p2a: Ariados|139/275|[from] item: Black Sludge\n|upkeep\n|turn|14\n|\n|t:|1768939194\n|move|p2a: Ariados|Toxic Spikes|p1a: Steelix\n|-sidestart|p1: arboretums|move: Toxic Spikes\n|move|p1a: Steelix|Heavy Slam|p2a: Ariados\n|-damage|p2a: Ariados|0 fnt\n|faint|p2a: Ariados\n|\n|upkeep\n|\n|t:|1768939220\n|switch|p2a: Liepard|Liepard, L85, M|248/248\n|turn|15\n|\n|t:|1768939228\n|move|p2a: Liepard|Copycat|p2a: Liepard\n|move|p2a: Liepard|Heavy Slam|p1a: Steelix|[from] move: Copycat\n|-resisted|p1a: Steelix\n|-damage|p1a: Steelix|207/251\n|move|p1a: Steelix|Earthquake|p2a: Liepard\n|-damage|p2a: Liepard|83/248\n|\n|-heal|p2a: Liepard|98/248|[from] item: Leftovers\n|upkeep\n|turn|16\n|\n|t:|1768939235\n|move|p2a: Liepard|Copycat|p2a: Liepard\n|move|p2a: Liepard|Earthquake|p1a: Steelix|[from] move: Copycat\n|-supereffective|p1a: Steelix\n|-damage|p1a: Steelix|145/251\n|move|p1a: Steelix|Heavy Slam|p2a: Liepard\n|-damage|p2a: Liepard|0 fnt\n|faint|p2a: Liepard\n|\n|upkeep\n|\n|t:|1768939241\n|switch|p2a: Deoxys|Deoxys, L74|196/196\n|-ability|p2a: Deoxys|Pressure\n|turn|17\n|\n|t:|1768939243\n|move|p2a: Deoxys|Ice Beam|p1a: Steelix\n|-damage|p1a: Steelix|59/251\n|-damage|p2a: Deoxys|177/196|[from] item: Life Orb\n|move|p1a: Steelix|Heavy Slam|p2a: Deoxys\n|-damage|p2a: Deoxys|0 fnt\n|faint|p2a: Deoxys\n|\n|win|arboretums\n|raw|arboretums's rating: 1573 &rarr; <strong>1594</strong><br />(+21 for winning)\n|raw|WonderLoaf's rating: 1588 &rarr; <strong>1567</strong><br />(-21 for losing)\n", "inputlog": ">version 3bd1a1e329da8d286644078cfc9a9638fc7ea025\n>start {\"formatid\":\"gen6randombattle\",\"seed\":\"sodium,7699998136bc13603bd64c1e18ed7daa\",\"rated\":\"Rated battle\"}\n>player p1 {\"name\":\"arboretums\",\"avatar\":\"serena-masters2\",\"rating\":1573,\"seed\":\"sodium,396bfc25609da670ee49d476d5152d77\"}\n>player p2 {\"name\":\"WonderLoaf\",\"avatar\":\"101\",\"rating\":1588,\"seed\":\"sodium,e47a5c362c9be757be30a39a2aa42ed3\"}\n>p1 move superpower\n>p2 switch 3\n>p1 switch 2\n>p2 move scald\n>p1 move waterfall\n>p2 switch 3\n>p1 move crunch\n>p2 switch 3\n>p1 move crunch\n>p2 switch 3\n>p2 switch 2\n>p1 move waterfall\n>p2 move thunderwave\n>p1 move destinybond\n>p2 switch 3\n>p1 move crunch\n>p2 move scald\n>p2 switch 5\n>p1 move destinybond\n>p2 move return\n>p1 switch 2\n>p1 move superpower\n>p2 move return\n>p2 switch 3\n>p1 switch 3\n>p2 move knockoff\n>p1 move toxic mega\n>p2 switch 4\n>p1 move heavyslam\n>p2 move stickyweb\n>p1 move heavyslam\n>p2 move toxicspikes\n>p2 switch 4\n>p1 move earthquake\n>p2 move copycat\n>p1 move heavyslam\n>p2 move copycat\n>p2 switch 6\n>p1 move heavyslam\n>p2 move icebeam", "uploadtime": 1768939245, "views": 305, "formatid": "gen6randombattle", "rating": 1567, "private": 0, "password": null}