{"id": "gen6randombattle-2518112597", "format": "[Gen 6] Random Battle", "players": ["jbilbao082", "arboretums"], "log": "|j|☆jbilbao082\n|j|☆arboretums\n|t:|1768343419\n|gametype|singles\n|player|p1|jbilbao082|2|1548\n|player|p2|arboretums|serena-masters2|1557\n|gen|6\n|tier|[Gen 6] Random Battle\n|rated|\n|rule|Sleep Clause Mod: Limit one foe put to sleep\n|rule|HP Percentage Mod: HP is shown in percentages\n|rule|Illusion Level Mod: Illusion disguises the Pokémon's true level\n|\n|t:|1768343419\n|teamsize|p1|6\n|teamsize|p2|6\n|start\n|switch|p1a: Aggron|Aggron, L78, F|237/237\n|switch|p2a: Deoxys|Deoxys-Defense, L84|221/221\n|-ability|p2a: Deoxys|Pressure\n|turn|1\n|inactive|Battle timer is ON: inactive players will automatically lose when time's up. (requested by arboretums)\n|\n|t:|1768343430\n|move|p2a: Deoxys|Knock Off|p1a: Aggron\n|-damage|p1a: Aggron|213/237\n|move|p1a: Aggron|Thunder Wave|p2a: Deoxys\n|-status|p2a: Deoxys|par\n|\n|upkeep\n|turn|2\n|\n|t:|1768343451\n|switch|p1a: Ninjask|Ninjask, L93, M|263/263\n|cant|p2a: Deoxys|par\n|\n|upkeep\n|turn|3\n|\n|t:|1768343469\n|switch|p2a: Bastiodon|Bastiodon, L95, F|268/268\n|move|p1a: Ninjask|U-turn|p2a: Bastiodon\n|-resisted|p2a: Bastiodon\n|-damage|p2a: Bastiodon|235/268\n|inactive|jbilbao082 has 120 seconds left.\n|\n|t:|1768343494\n|switch|p1a: Torterra|Torterra, L87, F|307/307|[from] U-turn\n|\n|-heal|p2a: Bastiodon|251/268|[from] item: Leftovers\n|upkeep\n|turn|4\n|inactive|jbilbao082 has 120 seconds left.\n|\n|t:|1768343506\n|switch|p2a: Deoxys|Deoxys-Defense, L84|221/221 par\n|-ability|p2a: Deoxys|Pressure\n|move|p1a: Torterra|Rock Polish|p1a: Torterra\n|-boost|p1a: Torterra|spe|2\n|\n|upkeep\n|turn|5\n|inactive|jbilbao082 has 120 seconds left.\n|\n|t:|1768343519\n|move|p1a: Torterra|Wood Hammer|p2a: Deoxys\n|-damage|p2a: Deoxys|121/221 par\n|-damage|p1a: Torterra|256/307|[from] item: Rocky Helmet|[of] p2a: Deoxys\n|-damage|p1a: Torterra|223/307|[from] Recoil\n|cant|p2a: Deoxys|par\n|\n|-heal|p1a: Torterra|242/307|[from] item: Leftovers\n|upkeep\n|turn|6\n|inactive|jbilbao082 has 120 seconds left.\n|\n|t:|1768343528\n|move|p1a: Torterra|Wood Hammer|p2a: Deoxys\n|-damage|p2a: Deoxys|37/221 par\n|-damage|p1a: Torterra|191/307|[from] item: Rocky Helmet|[of] p2a: Deoxys\n|-damage|p1a: Torterra|163/307|[from] Recoil\n|move|p2a: Deoxys|Spikes|p1a: Torterra\n|-sidestart|p1: jbilbao082|Spikes\n|\n|-heal|p1a: Torterra|182/307|[from] item: Leftovers\n|upkeep\n|turn|7\n|\n|t:|1768343533\n|move|p1a: Torterra|Earthquake|p2a: Deoxys\n|-damage|p2a: Deoxys|0 fnt\n|faint|p2a: Deoxys\n|\n|-heal|p1a: Torterra|201/307|[from] item: Leftovers\n|upkeep\n|\n|t:|1768343535\n|switch|p2a: Accelgor|Accelgor, L89, M|287/287\n|turn|8\n|\n|t:|1768343539\n|switch|p1a: Aggron|Aggron, L78, F|213/237\n|-damage|p1a: Aggron|184/237|[from] Spikes\n|move|p2a: Accelgor|Bug Buzz|p1a: Aggron\n|-resisted|p1a: Aggron\n|-damage|p1a: Aggron|83/237\n|-unboost|p1a: Aggron|spd|1\n|-damage|p2a: Accelgor|259/287|[from] item: Life Orb\n|\n|upkeep\n|turn|9\n|\n|t:|1768343549\n|switch|p1a: Ninjask|Ninjask, L93, M|263/263\n|move|p2a: Accelgor|Bug Buzz|p1a: Ninjask\n|-resisted|p1a: Ninjask\n|-damage|p1a: Ninjask|166/263\n|-damage|p2a: Accelgor|231/287|[from] item: Life Orb\n|\n|upkeep\n|turn|10\n|\n|t:|1768343559\n|switch|p2a: Rotom|Rotom-Fan, L84|221/221\n|move|p1a: Ninjask|Aerial Ace|p2a: Rotom\n|-resisted|p2a: Rotom\n|-damage|p2a: Rotom|172/221\n|\n|-heal|p2a: Rotom|185/221|[from] item: Leftovers\n|upkeep\n|turn|11\n|\n|t:|1768343565\n|switch|p1a: Muk|Muk, L88, M|328/328\n|-damage|p1a: Muk|287/328|[from] Spikes\n|move|p2a: Rotom|Will-O-Wisp|p1a: Muk\n|-status|p1a: Muk|brn\n|\n|-heal|p2a: Rotom|198/221|[from] item: Leftovers\n|-heal|p1a: Muk|307/328 brn|[from] item: Black Sludge\n|-damage|p1a: Muk|266/328 brn|[from] brn\n|upkeep\n|turn|12\n|\n|t:|1768343581\n|move|p2a: Rotom|Volt Switch|p1a: Muk\n|-damage|p1a: Muk|193/328 brn\n|inactive|arboretums has 120 seconds left.\n|\n|t:|1768343619\n|switch|p2a: Raticate|Raticate, L88, M|240/240|[from] Volt Switch\n|move|p1a: Muk|Gunk Shot|p2a: Raticate\n|-damage|p2a: Raticate|155/240\n|\n|-heal|p1a: Muk|213/328 brn|[from] item: Black Sludge\n|-damage|p1a: Muk|172/328 brn|[from] brn\n|-status|p2a: Raticate|tox|[from] item: Toxic Orb\n|upkeep\n|turn|13\n|\n|t:|1768343625\n|move|p2a: Raticate|Facade|p1a: Muk\n|-damage|p1a: Muk|0 fnt\n|faint|p1a: Muk\n|\n|-damage|p2a: Raticate|140/240 tox|[from] psn\n|upkeep\n|\n|t:|1768343639\n|switch|p1a: Ninjask|Ninjask, L93, M|166/263\n|turn|14\n|\n|t:|1768343649\n|switch|p2a: Bastiodon|Bastiodon, L95, F|251/268\n|move|p1a: Ninjask|U-turn|p2a: Bastiodon\n|-resisted|p2a: Bastiodon\n|-damage|p2a: Bastiodon|218/268\n|\n|t:|1768343654\n|switch|p1a: Torterra|Torterra, L87, F|201/307|[from] U-turn\n|-damage|p1a: Torterra|163/307|[from] Spikes\n|\n|-heal|p1a: Torterra|182/307|[from] item: Leftovers\n|-heal|p2a: Bastiodon|234/268|[from] item: Leftovers\n|upkeep\n|turn|15\n|\n|t:|1768343671\n|switch|p2a: Rotom|Rotom-Fan, L84|198/221\n|move|p1a: Torterra|Rock Polish|p1a: Torterra\n|-boost|p1a: Torterra|spe|2\n|\n|-heal|p1a: Torterra|201/307|[from] item: Leftovers\n|-heal|p2a: Rotom|211/221|[from] item: Leftovers\n|upkeep\n|turn|16\n|\n|t:|1768343683\n|switch|p1a: Weezing|Weezing, L86, M|252/252\n|move|p2a: Rotom|Will-O-Wisp|p1a: Weezing\n|-status|p1a: Weezing|brn\n|\n|-heal|p2a: Rotom|221/221|[from] item: Leftovers\n|-damage|p1a: Weezing|221/252 brn|[from] brn\n|upkeep\n|turn|17\n|\n|t:|1768343688\n|move|p2a: Rotom|Volt Switch|p1a: Weezing\n|-crit|p1a: Weezing\n|-damage|p1a: Weezing|79/252 brn\n|\n|t:|1768343691\n|switch|p2a: Raticate|Raticate, L88, M|140/240 tox|[from] Volt Switch\n|move|p1a: Weezing|Toxic Spikes|p2a: Raticate\n|-sidestart|p2: arboretums|move: Toxic Spikes\n|\n|-heal|p1a: Weezing|94/252 brn|[from] item: Black Sludge\n|-damage|p2a: Raticate|125/240 tox|[from] psn\n|-damage|p1a: Weezing|63/252 brn|[from] brn\n|upkeep\n|turn|18\n|\n|t:|1768343700\n|move|p2a: Raticate|Flame Wheel|p1a: Weezing\n|-damage|p1a: Weezing|17/252 brn\n|move|p1a: Weezing|Pain Split|p2a: Raticate\n|-sethp|p2a: Raticate|71/240 tox|[from] move: Pain Split|[silent]\n|-sethp|p1a: Weezing|71/252 brn|[from] move: Pain Split\n|\n|-heal|p1a: Weezing|86/252 brn|[from] item: Black Sludge\n|-damage|p2a: Raticate|41/240 tox|[from] psn\n|-damage|p1a: Weezing|55/252 brn|[from] brn\n|upkeep\n|turn|19\n|\n|t:|1768343707\n|move|p2a: Raticate|Facade|p1a: Weezing\n|-damage|p1a: Weezing|0 fnt\n|faint|p1a: Weezing\n|\n|-damage|p2a: Raticate|0 fnt|[from] psn\n|faint|p2a: Raticate\n|upkeep\n|\n|t:|1768343717\n|switch|p2a: Rotom|Rotom-Fan, L84|221/221\n|switch|p1a: Ninjask|Ninjask, L93, M|166/263\n|turn|20\n|\n|t:|1768343747\n|move|p1a: Ninjask|U-turn|p2a: Rotom\n|-resisted|p2a: Rotom\n|-damage|p2a: Rotom|164/221\n|inactive|jbilbao082 has 120 seconds left.\n|\n|t:|1768343803\n|switch|p1a: Mew|Mew, L80|291/291|[from] U-turn\n|-damage|p1a: Mew|255/291|[from] Spikes\n|move|p2a: Rotom|Volt Switch|p1a: Mew\n|-damage|p1a: Mew|179/291\n|\n|t:|1768343809\n|switch|p2a: Accelgor|Accelgor, L89, M|231/287|[from] Volt Switch\n|-status|p2a: Accelgor|psn\n|\n|-damage|p2a: Accelgor|196/287 psn|[from] psn\n|upkeep\n|turn|21\n|\n|t:|1768343824\n|switch|p1a: Ninjask|Ninjask, L93, M|166/263\n|move|p2a: Accelgor|Bug Buzz|p1a: Ninjask\n|-resisted|p1a: Ninjask\n|-damage|p1a: Ninjask|74/263\n|-damage|p2a: Accelgor|168/287 psn|[from] item: Life Orb\n|\n|-damage|p2a: Accelgor|133/287 psn|[from] psn\n|upkeep\n|turn|22\n|\n|t:|1768343830\n|switch|p2a: Rotom|Rotom-Fan, L84|164/221\n|move|p1a: Ninjask|U-turn|p2a: Rotom\n|-resisted|p2a: Rotom\n|-damage|p2a: Rotom|106/221\n|\n|t:|1768343835\n|switch|p1a: Mew|Mew, L80|179/291|[from] U-turn\n|-damage|p1a: Mew|143/291|[from] Spikes\n|\n|-heal|p2a: Rotom|119/221|[from] item: Leftovers\n|upkeep\n|turn|23\n|\n|t:|1768343846\n|move|p1a: Mew|Psyshock|p2a: Rotom\n|-damage|p2a: Rotom|28/221\n|-damage|p1a: Mew|114/291|[from] item: Life Orb\n|move|p2a: Rotom|Volt Switch|p1a: Mew\n|-damage|p1a: Mew|44/291\n|\n|t:|1768343850\n|switch|p2a: Furfrou|Furfrou-Diamond, L85, M|266/266|[from] Volt Switch\n|-status|p2a: Furfrou|psn\n|\n|-damage|p2a: Furfrou|233/266 psn|[from] psn\n|upkeep\n|turn|24\n|\n|t:|1768343862\n|switch|p1a: Aggron|Aggron, L78, F|83/237\n|-damage|p1a: Aggron|54/237|[from] Spikes\n|move|p2a: Furfrou|Return|p1a: Aggron\n|-resisted|p1a: Aggron\n|-damage|p1a: Aggron|39/237\n|\n|-damage|p2a: Furfrou|200/266 psn|[from] psn\n|upkeep\n|turn|25\n|\n|t:|1768343884\n|detailschange|p1a: Aggron|Aggron-Mega, L78, F\n|-mega|p1a: Aggron|Aggron|Aggronite\n|move|p2a: Furfrou|Thunder Wave|p1a: Aggron\n|-status|p1a: Aggron|par\n|move|p1a: Aggron|Heavy Slam|p2a: Furfrou\n|-damage|p2a: Furfrou|95/266 psn\n|\n|-damage|p2a: Furfrou|62/266 psn|[from] psn\n|upkeep\n|turn|26\n|\n|t:|1768343893\n|move|p2a: Furfrou|Rest|p2a: Furfrou\n|-status|p2a: Furfrou|slp|[from] move: Rest\n|-heal|p2a: Furfrou|266/266 slp|[silent]\n|-enditem|p2a: Furfrou|Chesto Berry|[eat]\n|-curestatus|p2a: Furfrou|slp|[msg]\n|move|p1a: Aggron|Heavy Slam|p2a: Furfrou\n|-damage|p2a: Furfrou|163/266\n|\n|upkeep\n|turn|27\n|\n|t:|1768343897\n|move|p2a: Furfrou|Return|p1a: Aggron\n|-resisted|p1a: Aggron\n|-damage|p1a: Aggron|16/237 par\n|move|p1a: Aggron|Heavy Slam|p2a: Furfrou\n|-damage|p2a: Furfrou|73/266\n|\n|upkeep\n|turn|28\n|\n|t:|1768343904\n|move|p2a: Furfrou|Return|p1a: Aggron\n|-resisted|p1a: Aggron\n|-damage|p1a: Aggron|0 fnt\n|faint|p1a: Aggron\n|detailschange|p1: Aggron|Aggron, L78, F|[silent]\n|\n|upkeep\n|\n|t:|1768343909\n|switch|p1a: Ninjask|Ninjask, L93, M|74/263\n|turn|29\n|\n|t:|1768343915\n|switch|p2a: Bastiodon|Bastiodon, L95, F|234/268\n|move|p1a: Ninjask|U-turn|p2a: Bastiodon\n|-resisted|p2a: Bastiodon\n|-damage|p2a: Bastiodon|202/268\n|\n|t:|1768343920\n|switch|p1a: Mew|Mew, L80|44/291|[from] U-turn\n|-damage|p1a: Mew|8/291|[from] Spikes\n|\n|-heal|p2a: Bastiodon|218/268|[from] item: Leftovers\n|upkeep\n|turn|30\n|\n|t:|1768343936\n|move|p2a: Bastiodon|Protect|p2a: Bastiodon\n|-singleturn|p2a: Bastiodon|Protect\n|move|p1a: Mew|Aura Sphere|p2a: Bastiodon\n|-activate|p2a: Bastiodon|move: Protect\n|\n|-heal|p2a: Bastiodon|234/268|[from] item: Leftovers\n|upkeep\n|turn|31\n|\n|t:|1768343946\n|switch|p2a: Rotom|Rotom-Fan, L84|28/221\n|move|p1a: Mew|Nasty Plot|p1a: Mew\n|-boost|p1a: Mew|spa|2\n|\n|-heal|p2a: Rotom|41/221|[from] item: Leftovers\n|upkeep\n|turn|32\n|\n|t:|1768343953\n|move|p1a: Mew|Psyshock|p2a: Rotom\n|-damage|p2a: Rotom|0 fnt\n|faint|p2a: Rotom\n|-damage|p1a: Mew|0 fnt|[from] item: Life Orb\n|faint|p1a: Mew\n|\n|upkeep\n|\n|t:|1768343963\n|switch|p1a: Ninjask|Ninjask, L93, M|74/263\n|switch|p2a: Furfrou|Furfrou-Diamond, L85, M|73/266\n|-status|p2a: Furfrou|psn\n|turn|33\n|\n|t:|1768343967\n|move|p1a: Ninjask|U-turn|p2a: Furfrou\n|-damage|p2a: Furfrou|0 fnt\n|faint|p2a: Furfrou\n|\n|t:|1768343970\n|switch|p1a: Torterra|Torterra, L87, F|201/307|[from] U-turn\n|-damage|p1a: Torterra|163/307|[from] Spikes\n|\n|-heal|p1a: Torterra|182/307|[from] item: Leftovers\n|upkeep\n|\n|t:|1768343974\n|switch|p2a: Accelgor|Accelgor, L89, M|133/287 psn\n|turn|34\n|c|☆arboretums|gg\n|\n|t:|1768343982\n|switch|p1a: Ninjask|Ninjask, L93, M|74/263\n|move|p2a: Accelgor|Bug Buzz|p1a: Ninjask\n|-resisted|p1a: Ninjask\n|-damage|p1a: Ninjask|0 fnt\n|faint|p1a: Ninjask\n|-damage|p2a: Accelgor|105/287 psn|[from] item: Life Orb\n|\n|-damage|p2a: Accelgor|70/287 psn|[from] psn\n|upkeep\n|\n|t:|1768343985\n|switch|p1a: Torterra|Torterra, L87, F|182/307\n|-damage|p1a: Torterra|144/307|[from] Spikes\n|turn|35\n|\n|t:|1768343989\n|move|p2a: Accelgor|Bug Buzz|p1a: Torterra\n|-supereffective|p1a: Torterra\n|-damage|p1a: Torterra|0 fnt\n|faint|p1a: Torterra\n|-damage|p2a: Accelgor|42/287 psn|[from] item: Life Orb\n|\n|win|arboretums\n|raw|jbilbao082's rating: 1548 &rarr; <strong>1529</strong><br />(-19 for losing)\n|raw|arboretums's rating: 1557 &rarr; <strong>1576</strong><br />(+19 for winning)\n", "inputlog": ">version f2883557ca71b1a14bc1039fd307aee7de4ab455\n>start {\"formatid\":\"gen6randombattle\",\"seed\":\"sodium,8e2af8ec1717c5b750cce6273dd31b43\",\"rated\":\"Rated battle\"}\n>player p1 {\"name\":\"jbilbao082\",\"avatar\":\"2\",\"rating\":1548,\"seed\":\"sodium,2162db9e9622caa5e3357693e903d518\"}\n>player p2 {\"name\":\"arboretums\",\"avatar\":\"serena-masters2\",\"rating\":1557,\"seed\":\"sodium,4845c999a90510cdc25ad5d573df7ff9\"}\n>p1 move thunderwave\n>p2 move knockoff\n>p1 switch 6\n>p2 move spikes\n>p1 move uturn\n>p2 switch 2\n>p1 switch 5\n>p1 move rockpolish\n>p2 switch 2\n>p1 move woodhammer\n>p2 move knockoff\n>p1 move woodhammer\n>p2 move spikes\n>p1 move earthquake\n>p2 move spikes\n>p2 switch 5\n>p1 switch 6\n>p2 move bugbuzz\n>p1 switch 5\n>p2 move bugbuzz\n>p1 move aerialace\n>p2 switch 6\n>p1 switch 3\n>p2 move willowisp\n>p1 move gunkshot\n>p2 move voltswitch\n>p2 switch 3\n>p1 move brickbreak\n>p2 move facade\n>p1 switch 3\n>p1 move uturn\n>p2 switch 2\n>p1 switch 6\n>p1 move rockpolish\n>p2 switch 3\n>p1 switch 4\n>p2 move willowisp\n>p1 move toxicspikes\n>p2 move voltswitch\n>p2 switch 2\n>p1 move painsplit\n>p2 move flamewheel\n>p1 move painsplit\n>p2 move facade\n>p1 switch 6\n>p2 switch 2\n>p1 move uturn\n>p2 move voltswitch\n>p1 switch 2\n>p2 switch 6\n>p1 switch 2\n>p2 move bugbuzz\n>p1 move uturn\n>p2 switch 6\n>p1 switch 2\n>p1 move psyshock\n>p2 move voltswitch\n>p2 switch 4\n>p1 switch 5\n>p2 move return\n>p1 move heavyslam mega\n>p2 move thunderwave\n>p1 move heavyslam\n>p2 move rest\n>p1 move heavyslam\n>p2 move return\n>p1 move heavyslam\n>p2 move return\n>p1 switch 2\n>p1 move uturn\n>p2 switch 3\n>p1 switch 5\n>p1 move aurasphere\n>p2 move protect\n>p1 move nastyplot\n>p2 switch 4\n>p1 move psyshock\n>p2 move voltswitch\n>p1 switch 5\n>p2 switch 3\n>p1 move uturn\n>p2 move thunderwave\n>p1 switch 4\n>p2 switch 6\n>chat ☆arboretums|gg\n>p1 switch 4\n>p2 move bugbuzz\n>p1 switch 4\n>p1 move rockpolish\n>p2 move bugbuzz", "uploadtime": 1768343991, "views": 222, "formatid": "gen6randombattle", "rating": 1529, "private": 0, "password": null}