{"id": "gen6randombattle-2532001888", "format": "[Gen 6] Random Battle", "players": ["Mars7722", "Plop"], "log": "|j|☆Mars7722\n|j|☆Plop\n|t:|1770130775\n|gametype|singles\n|player|p1|Mars7722|169|1530\n|player|p2|Plop|#rbtt9travelers|1691\n|gen|6\n|tier|[Gen 6] Random Battle\n|rated|\n|rule|Sleep Clause Mod: Limit one foe put to sleep\n|rule|HP Percentage Mod: HP is shown in percentages\n|rule|Illusion Level Mod: Illusion disguises the Pokémon's true level\n|\n|t:|1770130775\n|teamsize|p1|6\n|teamsize|p2|6\n|start\n|switch|p1a: Archeops|Archeops, L82, M|257/257\n|switch|p2a: Rayquaza|Rayquaza, L65|245/245\n|-ability|p2a: Rayquaza|Air Lock\n|turn|1\n|inactive|Battle timer is ON: inactive players will automatically lose when time's up. (requested by Mars7722)\n|inactive|Plop has 120 seconds left.\n|\n|t:|1770130820\n|switch|p2a: Furfrou|Furfrou, L85, F|266/266\n|move|p1a: Archeops|Stone Edge|p2a: Furfrou\n|-damage|p2a: Furfrou|173/266\n|\n|upkeep\n|turn|2\n|j| billy zubat\n|\n|t:|1770130835\n|switch|p1a: Volbeat|Volbeat, L91, M|266/266\n|move|p2a: Furfrou|Rest|p2a: Furfrou\n|-status|p2a: Furfrou|slp|[from] move: Rest\n|-heal|p2a: Furfrou|266/266 slp|[silent]\n|-enditem|p2a: Furfrou|Chesto Berry|[eat]\n|-curestatus|p2a: Furfrou|slp|[msg]\n|\n|upkeep\n|turn|3\n|\n|t:|1770130848\n|switch|p2a: Shuckle|Shuckle, L84, M|171/171\n|move|p1a: Volbeat|Encore||[still]\n|-fail|p1a: Volbeat\n|\n|upkeep\n|turn|4\n|\n|t:|1770130865\n|switch|p1a: Klinklang|Klinklang, L87|246/246\n|move|p2a: Shuckle|Stealth Rock|p1a: Klinklang\n|-sidestart|p1: Mars7722|move: Stealth Rock\n|\n|upkeep\n|turn|5\n|\n|t:|1770130879\n|move|p1a: Klinklang|Shift Gear|p1a: Klinklang\n|-boost|p1a: Klinklang|spe|2\n|-boost|p1a: Klinklang|atk|1\n|move|p2a: Shuckle|Encore|p1a: Klinklang\n|-start|p1a: Klinklang|Encore\n|\n|upkeep\n|turn|6\n|inactive|Plop has 120 seconds left.\n|\n|t:|1770130921\n|switch|p2a: Rayquaza|Rayquaza, L65|245/245\n|-ability|p2a: Rayquaza|Air Lock\n|move|p1a: Klinklang|Shift Gear|p1a: Klinklang\n|-boost|p1a: Klinklang|spe|2\n|-boost|p1a: Klinklang|atk|1\n|\n|upkeep\n|turn|7\n|\n|t:|1770130929\n|detailschange|p2a: Rayquaza|Rayquaza-Mega, L65\n|-mega|p2a: Rayquaza|Rayquaza|\n|-weather|DeltaStream|[from] ability: Delta Stream|[of] p2a: Rayquaza\n|move|p1a: Klinklang|Shift Gear|p1a: Klinklang\n|-boost|p1a: Klinklang|spe|2\n|-boost|p1a: Klinklang|atk|1\n|move|p2a: Rayquaza|V-create|p1a: Klinklang\n|-supereffective|p1a: Klinklang\n|-damage|p1a: Klinklang|0 fnt\n|-unboost|p2a: Rayquaza|spe|1\n|-unboost|p2a: Rayquaza|def|1\n|-unboost|p2a: Rayquaza|spd|1\n|faint|p1a: Klinklang\n|\n|-weather|DeltaStream|[upkeep]\n|upkeep\n|\n|t:|1770130943\n|switch|p1a: Volbeat|Volbeat, L91, M|266/266\n|-damage|p1a: Volbeat|200/266|[from] Stealth Rock\n|turn|8\n|\n|t:|1770130951\n|-weather|none\n|switch|p2a: Shuckle|Shuckle, L84, M|171/171\n|move|p1a: Volbeat|Thunder Wave|p2a: Shuckle\n|-status|p2a: Shuckle|par\n|\n|-heal|p1a: Volbeat|216/266|[from] item: Leftovers\n|upkeep\n|turn|9\n|\n|t:|1770130960\n|move|p1a: Volbeat|U-turn|p2a: Shuckle\n|-damage|p2a: Shuckle|140/171 par\n|\n|t:|1770130963\n|switch|p1a: Torkoal|Torkoal, L88, F|266/266|[from] U-turn\n|-damage|p1a: Torkoal|200/266|[from] Stealth Rock\n|move|p2a: Shuckle|Sticky Web|p1a: Torkoal\n|-sidestart|p1: Mars7722|move: Sticky Web\n|\n|-heal|p1a: Torkoal|216/266|[from] item: Leftovers\n|upkeep\n|turn|10\n|\n|t:|1770130976\n|switch|p2a: Corsola|Corsola, L99, F|269/269\n|move|p1a: Torkoal|Stealth Rock|p2a: Corsola\n|-sidestart|p2: Plop|move: Stealth Rock\n|\n|-heal|p1a: Torkoal|232/266|[from] item: Leftovers\n|upkeep\n|turn|11\n|\n|t:|1770130984\n|move|p2a: Corsola|Scald|p1a: Torkoal\n|-supereffective|p1a: Torkoal\n|-damage|p1a: Torkoal|34/266\n|move|p1a: Torkoal|Rapid Spin|p2a: Corsola\n|-resisted|p2a: Corsola\n|-damage|p2a: Corsola|263/269\n|-sideend|p1: Mars7722|Stealth Rock|[from] move: Rapid Spin|[of] p1a: Torkoal\n|-sideend|p1: Mars7722|Sticky Web|[from] move: Rapid Spin|[of] p1a: Torkoal\n|\n|-heal|p2a: Corsola|269/269|[from] item: Leftovers\n|-heal|p1a: Torkoal|50/266|[from] item: Leftovers\n|upkeep\n|turn|12\n|\n|t:|1770131000\n|switch|p1a: Volbeat|Volbeat, L91, M|216/266\n|move|p2a: Corsola|Scald|p1a: Volbeat\n|-damage|p1a: Volbeat|122/266\n|\n|-heal|p1a: Volbeat|138/266|[from] item: Leftovers\n|upkeep\n|turn|13\n|\n|t:|1770131009\n|move|p1a: Volbeat|Roost|p1a: Volbeat\n|-heal|p1a: Volbeat|266/266\n|-singleturn|p1a: Volbeat|move: Roost\n|move|p2a: Corsola|Power Gem|p1a: Volbeat\n|-supereffective|p1a: Volbeat\n|-damage|p1a: Volbeat|80/266\n|\n|-heal|p1a: Volbeat|96/266|[from] item: Leftovers\n|upkeep\n|turn|14\n|\n|t:|1770131017\n|move|p1a: Volbeat|Roost|p1a: Volbeat\n|-heal|p1a: Volbeat|229/266\n|-singleturn|p1a: Volbeat|move: Roost\n|move|p2a: Corsola|Power Gem|p1a: Volbeat\n|-supereffective|p1a: Volbeat\n|-damage|p1a: Volbeat|35/266\n|\n|-heal|p1a: Volbeat|51/266|[from] item: Leftovers\n|upkeep\n|turn|15\n|\n|t:|1770131033\n|switch|p1a: Mamoswine|Mamoswine, L78, M|300/300\n|move|p2a: Corsola|Power Gem|p1a: Mamoswine\n|-damage|p1a: Mamoswine|180/300\n|\n|upkeep\n|turn|16\n|\n|t:|1770131058\n|switch|p2a: Furfrou|Furfrou, L85, F|266/266\n|-damage|p2a: Furfrou|233/266|[from] Stealth Rock\n|move|p1a: Mamoswine|Knock Off|p2a: Furfrou\n|-damage|p2a: Furfrou|185/266\n|\n|upkeep\n|turn|17\n|\n|t:|1770131069\n|switch|p1a: Torkoal|Torkoal, L88, F|50/266\n|move|p2a: Furfrou|Return|p1a: Torkoal\n|-damage|p1a: Torkoal|0 fnt\n|faint|p1a: Torkoal\n|\n|upkeep\n|\n|t:|1770131082\n|switch|p1a: Volbeat|Volbeat, L91, M|51/266\n|turn|18\n|\n|t:|1770131097\n|move|p1a: Volbeat|Roost|p1a: Volbeat\n|-heal|p1a: Volbeat|184/266\n|-singleturn|p1a: Volbeat|move: Roost\n|move|p2a: Furfrou|Toxic|p1a: Volbeat\n|-status|p1a: Volbeat|tox\n|\n|-heal|p1a: Volbeat|200/266 tox|[from] item: Leftovers\n|-damage|p1a: Volbeat|184/266 tox|[from] psn\n|upkeep\n|turn|19\n|\n|t:|1770131104\n|switch|p2a: Shuckle|Shuckle, L84, M|140/171 par\n|-damage|p2a: Shuckle|98/171 par|[from] Stealth Rock\n|move|p1a: Volbeat|Thunder Wave|p2a: Shuckle\n|-fail|p2a: Shuckle|par\n|\n|-heal|p1a: Volbeat|200/266 tox|[from] item: Leftovers\n|-damage|p1a: Volbeat|168/266 tox|[from] psn\n|upkeep\n|turn|20\n|\n|t:|1770131109\n|move|p1a: Volbeat|Roost|p1a: Volbeat\n|-heal|p1a: Volbeat|266/266 tox\n|-singleturn|p1a: Volbeat|move: Roost\n|move|p2a: Shuckle|Stealth Rock|p1a: Volbeat\n|-sidestart|p1: Mars7722|move: Stealth Rock\n|\n|-damage|p1a: Volbeat|218/266 tox|[from] psn\n|upkeep\n|turn|21\n|\n|t:|1770131118\n|switch|p1a: Archeops|Archeops, L82, M|257/257\n|-damage|p1a: Archeops|193/257|[from] Stealth Rock\n|cant|p2a: Shuckle|par\n|\n|upkeep\n|turn|22\n|\n|t:|1770131138\n|move|p1a: Archeops|Stone Edge|p2a: Shuckle\n|-supereffective|p2a: Shuckle\n|-crit|p2a: Shuckle\n|-damage|p2a: Shuckle|0 fnt\n|faint|p2a: Shuckle\n|\n|upkeep\n|\n|t:|1770131141\n|switch|p2a: Corsola|Corsola, L99, F|269/269\n|-damage|p2a: Corsola|236/269|[from] Stealth Rock\n|turn|23\n|\n|t:|1770131149\n|move|p1a: Archeops|Earthquake|p2a: Corsola\n|-supereffective|p2a: Corsola\n|-damage|p2a: Corsola|74/269\n|move|p2a: Corsola|Scald|p1a: Archeops\n|-supereffective|p1a: Archeops\n|-damage|p1a: Archeops|0 fnt\n|faint|p1a: Archeops\n|\n|-heal|p2a: Corsola|90/269|[from] item: Leftovers\n|upkeep\n|\n|t:|1770131162\n|switch|p1a: Mamoswine|Mamoswine, L78, M|180/300\n|-damage|p1a: Mamoswine|143/300|[from] Stealth Rock\n|turn|24\n|\n|t:|1770131171\n|switch|p2a: Furfrou|Furfrou, L85, F|185/266\n|-damage|p2a: Furfrou|152/266|[from] Stealth Rock\n|move|p1a: Mamoswine|Earthquake|p2a: Furfrou\n|-damage|p2a: Furfrou|34/266\n|\n|upkeep\n|turn|25\n|\n|t:|1770131178\n|move|p2a: Furfrou|Return|p1a: Mamoswine\n|-damage|p1a: Mamoswine|40/300\n|move|p1a: Mamoswine|Earthquake|p2a: Furfrou\n|-damage|p2a: Furfrou|0 fnt\n|faint|p2a: Furfrou\n|\n|upkeep\n|\n|t:|1770131189\n|switch|p2a: Rayquaza|Rayquaza-Mega, L65|245/245\n|-damage|p2a: Rayquaza|184/245|[from] Stealth Rock\n|-weather|DeltaStream|[from] ability: Delta Stream|[of] p2a: Rayquaza\n|turn|26\n|\n|t:|1770131195\n|move|p2a: Rayquaza|Dragon Ascent|p1a: Mamoswine\n|-damage|p1a: Mamoswine|0 fnt\n|-unboost|p2a: Rayquaza|def|1\n|-unboost|p2a: Rayquaza|spd|1\n|faint|p1a: Mamoswine\n|\n|-weather|DeltaStream|[upkeep]\n|upkeep\n|\n|t:|1770131208\n|switch|p1a: Volbeat|Volbeat, L91, M|218/266 tox\n|-damage|p1a: Volbeat|152/266 tox|[from] Stealth Rock\n|turn|27\n|\n|t:|1770131216\n|-weather|none\n|switch|p2a: Corsola|Corsola, L99, F|179/269\n|-damage|p2a: Corsola|146/269|[from] Stealth Rock\n|move|p1a: Volbeat|Thunder Wave|p2a: Corsola\n|-status|p2a: Corsola|par\n|\n|-heal|p1a: Volbeat|168/266 tox|[from] item: Leftovers\n|-heal|p2a: Corsola|162/269 par|[from] item: Leftovers\n|-damage|p1a: Volbeat|152/266 tox|[from] psn\n|upkeep\n|turn|28\n|\n|t:|1770131226\n|move|p1a: Volbeat|Roost|p1a: Volbeat\n|-heal|p1a: Volbeat|266/266 tox\n|-singleturn|p1a: Volbeat|move: Roost\n|move|p2a: Corsola|Recover|p2a: Corsola\n|-heal|p2a: Corsola|269/269 par\n|\n|-damage|p1a: Volbeat|234/266 tox|[from] psn\n|upkeep\n|turn|29\n|\n|t:|1770131239\n|move|p1a: Volbeat|U-turn|p2a: Corsola\n|-damage|p2a: Corsola|206/269 par\n|\n|t:|1770131242\n|switch|p1a: Mightyena|Mightyena, L93, M|281/281|[from] U-turn\n|-damage|p1a: Mightyena|246/281|[from] Stealth Rock\n|-ability|p1a: Mightyena|Intimidate|boost\n|-unboost|p2a: Corsola|atk|1\n|move|p2a: Corsola|Power Gem|p1a: Mightyena\n|-damage|p1a: Mightyena|138/281\n|\n|-heal|p2a: Corsola|222/269 par|[from] item: Leftovers\n|upkeep\n|turn|30\n|\n|t:|1770131253\n|move|p1a: Mightyena|Crunch|p2a: Corsola\n|-damage|p2a: Corsola|104/269 par\n|-unboost|p2a: Corsola|def|1\n|-damage|p1a: Mightyena|110/281|[from] item: Life Orb\n|move|p2a: Corsola|Scald|p1a: Mightyena\n|-damage|p1a: Mightyena|14/281\n|\n|-heal|p2a: Corsola|120/269 par|[from] item: Leftovers\n|upkeep\n|turn|31\n|-message|Mars7722 forfeited.\n|\n|win|Plop\n|raw|Mars7722's rating: 1530 &rarr; <strong>1519</strong><br />(-11 for losing)\n|raw|Plop's rating: 1691 &rarr; <strong>1702</strong><br />(+11 for winning)\n|l|☆Mars7722\n|player|p1|\n", "inputlog": ">version ccdc32dd7cde25fd9e4bed64820e885f66e78a4e\n>start {\"formatid\":\"gen6randombattle\",\"seed\":\"sodium,4ab0152cb9e666e89eb8836712f84050\",\"rated\":\"Rated battle\"}\n>player p1 {\"name\":\"Mars7722\",\"avatar\":\"169\",\"rating\":1530,\"seed\":\"sodium,1cb22532f2f324249783507a6302fdd6\"}\n>player p2 {\"name\":\"Plop\",\"avatar\":\"#rbtt9travelers\",\"rating\":1691,\"seed\":\"sodium,9bcca695a128a2b3209215247ecd06bf\"}\n>p1 move stoneedge\n>p2 switch 2\n>p1 switch 2\n>p2 move rest\n>p1 move encore\n>p2 switch 5\n>p1 switch 5\n>p2 move stealthrock\n>p1 move shiftgear\n>p2 move encore\n>p1 move shiftgear\n>p2 switch 2\n>p1 move shiftgear\n>p2 move vcreate mega\n>p1 switch 5\n>p1 move thunderwave\n>p2 switch 2\n>p1 move uturn\n>p2 move stickyweb\n>p1 switch 3\n>p1 move stealthrock\n>p2 switch 4\n>p1 move rapidspin\n>p2 move scald\n>p1 switch 3\n>p2 move scald\n>p1 move roost\n>p2 move powergem\n>p1 move roost\n>p2 move powergem\n>p1 switch 6\n>p2 move powergem\n>p1 move knockoff\n>p2 switch 5\n>p1 switch 3\n>p2 move return\n>p1 switch 6\n>p1 move roost\n>p2 move toxic\n>p1 move thunderwave\n>p2 switch 4\n>p1 move roost\n>p2 move stealthrock\n>p1 switch 2\n>p2 move stickyweb\n>p1 move stoneedge\n>p2 move stickyweb\n>p2 switch 5\n>p1 move earthquake\n>p2 move scald\n>p1 switch 3\n>p1 move earthquake\n>p2 switch 4\n>p1 move earthquake\n>p2 move return\n>p2 switch 2\n>p1 move earthquake\n>p2 move dragonascent\n>p1 switch 2\n>p1 move thunderwave\n>p2 switch 4\n>p1 move roost\n>p2 move recover\n>p1 move uturn\n>p2 move powergem\n>p1 switch 4\n>p1 move crunch\n>p2 move scald\n>forcelose p1", "uploadtime": 1770131267, "views": 240, "formatid": "gen6randombattle", "rating": 1519, "private": 0, "password": null}