{"id": "gen6randombattle-2532536271", "format": "[Gen 6] Random Battle", "players": ["Plop", "Hauntedfire"], "log": "|j|☆Plop\n|j|☆Hauntedfire\n|t:|1770193074\n|gametype|singles\n|player|p1|Plop|#rbtt9travelers|1786\n|player|p2|Hauntedfire|101|1548\n|gen|6\n|tier|[Gen 6] Random Battle\n|rated|\n|rule|Sleep Clause Mod: Limit one foe put to sleep\n|rule|HP Percentage Mod: HP is shown in percentages\n|rule|Illusion Level Mod: Illusion disguises the Pokémon's true level\n|\n|t:|1770193074\n|teamsize|p1|6\n|teamsize|p2|6\n|start\n|switch|p1a: Venusaur|Venusaur, L83, M|268/268\n|switch|p2a: Emboar|Emboar, L83, M|318/318\n|turn|1\n|inactive|Battle timer is ON: inactive players will automatically lose when time's up. (requested by Plop)\n|\n|t:|1770193101\n|move|p1a: Venusaur|Sleep Powder|p2a: Emboar\n|-status|p2a: Emboar|slp|[from] move: Sleep Powder\n|cant|p2a: Emboar|slp\n|\n|upkeep\n|turn|2\n|\n|t:|1770193115\n|switch|p2a: Shaymin|Shaymin-Sky, L73|266/266\n|move|p1a: Venusaur|Substitute|p1a: Venusaur\n|-start|p1a: Venusaur|Substitute\n|-damage|p1a: Venusaur|201/268\n|\n|-heal|p1a: Venusaur|217/268|[from] item: Black Sludge\n|upkeep\n|turn|3\n|\n|t:|1770193128\n|switch|p2a: Dialga|Dialga, L73|266/266\n|-ability|p2a: Dialga|Pressure\n|move|p1a: Venusaur|Sludge Bomb|p2a: Dialga\n|-immune|p2a: Dialga\n|\n|-heal|p1a: Venusaur|233/268|[from] item: Black Sludge\n|upkeep\n|turn|4\n|\n|t:|1770193134\n|move|p1a: Venusaur|Leech Seed|p2a: Dialga|[miss]\n|-miss|p1a: Venusaur|p2a: Dialga\n|move|p2a: Dialga|Fire Blast|p1a: Venusaur\n|-supereffective|p1a: Venusaur\n|-end|p1a: Venusaur|Substitute\n|\n|-heal|p1a: Venusaur|249/268|[from] item: Black Sludge\n|upkeep\n|turn|5\n|\n|t:|1770193151\n|move|p1a: Venusaur|Leech Seed|p2a: Dialga\n|-start|p2a: Dialga|move: Leech Seed\n|move|p2a: Dialga|Flash Cannon|p1a: Venusaur\n|-damage|p1a: Venusaur|167/268\n|\n|-heal|p1a: Venusaur|183/268|[from] item: Black Sludge\n|-damage|p2a: Dialga|233/266|[from] Leech Seed|[of] p1a: Venusaur\n|-heal|p1a: Venusaur|216/268|[silent]\n|upkeep\n|turn|6\n|\n|t:|1770193162\n|switch|p2a: Shaymin|Shaymin-Sky, L73|266/266\n|move|p1a: Venusaur|Substitute|p1a: Venusaur\n|-start|p1a: Venusaur|Substitute\n|-damage|p1a: Venusaur|149/268\n|\n|-heal|p1a: Venusaur|165/268|[from] item: Black Sludge\n|upkeep\n|turn|7\n|\n|t:|1770193171\n|switch|p2a: Dialga|Dialga, L73|233/266\n|-ability|p2a: Dialga|Pressure\n|move|p1a: Venusaur|Sludge Bomb|p2a: Dialga\n|-immune|p2a: Dialga\n|\n|-heal|p1a: Venusaur|181/268|[from] item: Black Sludge\n|upkeep\n|turn|8\n|\n|t:|1770193183\n|switch|p2a: Espeon|Espeon, L81, F|238/238\n|move|p1a: Venusaur|Leech Seed|p2a: Espeon\n|move|p2a: Espeon|Leech Seed|p1a: Venusaur|[from] ability: Magic Bounce\n|-immune|p1a: Venusaur\n|\n|-heal|p1a: Venusaur|197/268|[from] item: Black Sludge\n|upkeep\n|turn|9\n|\n|t:|1770193191\n|move|p2a: Espeon|Psychic|p1a: Venusaur\n|-supereffective|p1a: Venusaur\n|-end|p1a: Venusaur|Substitute\n|move|p1a: Venusaur|Sludge Bomb|p2a: Espeon\n|-damage|p2a: Espeon|144/238\n|-status|p2a: Espeon|psn\n|\n|-heal|p1a: Venusaur|213/268|[from] item: Black Sludge\n|-damage|p2a: Espeon|115/238 psn|[from] psn\n|upkeep\n|turn|10\n|\n|t:|1770193200\n|switch|p1a: Bronzong|Bronzong, L85|253/253\n|move|p2a: Espeon|Psychic|p1a: Bronzong\n|-resisted|p1a: Bronzong\n|-damage|p1a: Bronzong|223/253\n|\n|-heal|p1a: Bronzong|238/253|[from] item: Leftovers\n|-damage|p2a: Espeon|86/238 psn|[from] psn\n|upkeep\n|turn|11\n|\n|t:|1770193210\n|switch|p2a: Clawitzer|Clawitzer, L85, M|259/259\n|move|p1a: Bronzong|Stealth Rock|p2a: Clawitzer\n|-sidestart|p2: Hauntedfire|move: Stealth Rock\n|\n|-heal|p1a: Bronzong|253/253|[from] item: Leftovers\n|upkeep\n|turn|12\n|\n|t:|1770193239\n|switch|p1a: Cryogonal|Cryogonal, L89|269/269\n|move|p2a: Clawitzer|Scald|p1a: Cryogonal\n|-damage|p1a: Cryogonal|172/269\n|\n|-heal|p1a: Cryogonal|188/269|[from] item: Leftovers\n|upkeep\n|turn|13\n|inactive|Plop has 120 seconds left.\n|\n|t:|1770193263\n|switch|p2a: Emboar|Emboar, L83, M|318/318 slp\n|-damage|p2a: Emboar|279/318 slp|[from] Stealth Rock\n|move|p1a: Cryogonal|Freeze-Dry|p2a: Emboar\n|-resisted|p2a: Emboar\n|-damage|p2a: Emboar|246/318 slp\n|\n|-heal|p1a: Cryogonal|204/269|[from] item: Leftovers\n|upkeep\n|turn|14\n|inactive|Plop has 120 seconds left.\n|\n|t:|1770193278\n|switch|p1a: Pelipper|Pelipper, L91, F|257/257\n|cant|p2a: Emboar|slp\n|\n|upkeep\n|turn|15\n|\n|t:|1770193287\n|move|p1a: Pelipper|Scald|p2a: Emboar\n|-supereffective|p2a: Emboar\n|-damage|p2a: Emboar|102/318 slp\n|-curestatus|p2a: Emboar|slp|[msg]\n|move|p2a: Emboar|Wild Charge|p1a: Pelipper\n|-supereffective|p1a: Pelipper\n|-damage|p1a: Pelipper|0 fnt\n|faint|p1a: Pelipper\n|-damage|p2a: Emboar|38/318|[from] Recoil\n|\n|upkeep\n|\n|t:|1770193297\n|switch|p1a: Lopunny|Lopunny, L76, M|223/223\n|turn|16\n|\n|t:|1770193314\n|detailschange|p1a: Lopunny|Lopunny-Mega, L76, M\n|-mega|p1a: Lopunny|Lopunny|Lopunnite\n|move|p1a: Lopunny|Return|p2a: Emboar\n|-damage|p2a: Emboar|0 fnt\n|faint|p2a: Emboar\n|\n|upkeep\n|\n|t:|1770193324\n|switch|p2a: Clawitzer|Clawitzer, L85, M|259/259\n|-damage|p2a: Clawitzer|227/259|[from] Stealth Rock\n|turn|17\n|\n|t:|1770193333\n|switch|p1a: Venusaur|Venusaur, L83, M|213/268\n|move|p2a: Clawitzer|Aura Sphere|p1a: Venusaur\n|-resisted|p1a: Venusaur\n|-damage|p1a: Venusaur|138/268\n|\n|-heal|p1a: Venusaur|154/268|[from] item: Black Sludge\n|upkeep\n|turn|18\n|\n|t:|1770193346\n|switch|p2a: Espeon|Espeon, L81, F|86/238 psn\n|-damage|p2a: Espeon|57/238 psn|[from] Stealth Rock\n|move|p1a: Venusaur|Substitute|p1a: Venusaur\n|-start|p1a: Venusaur|Substitute\n|-damage|p1a: Venusaur|87/268\n|\n|-heal|p1a: Venusaur|103/268|[from] item: Black Sludge\n|-damage|p2a: Espeon|28/238 psn|[from] psn\n|upkeep\n|turn|19\n|\n|t:|1770193354\n|move|p2a: Espeon|Psychic|p1a: Venusaur\n|-supereffective|p1a: Venusaur\n|-end|p1a: Venusaur|Substitute\n|move|p1a: Venusaur|Substitute|p1a: Venusaur\n|-start|p1a: Venusaur|Substitute\n|-damage|p1a: Venusaur|36/268\n|\n|-heal|p1a: Venusaur|52/268|[from] item: Black Sludge\n|-damage|p2a: Espeon|0 fnt|[from] psn\n|faint|p2a: Espeon\n|upkeep\n|\n|t:|1770193362\n|switch|p2a: Clawitzer|Clawitzer, L85, M|227/259\n|-damage|p2a: Clawitzer|195/259|[from] Stealth Rock\n|turn|20\n|\n|t:|1770193380\n|move|p1a: Venusaur|Leech Seed|p2a: Clawitzer\n|-start|p2a: Clawitzer|move: Leech Seed\n|move|p2a: Clawitzer|U-turn|p1a: Venusaur\n|-activate|p1a: Venusaur|move: Substitute|[damage]\n|inactive|Hauntedfire has 120 seconds left.\n|\n|t:|1770193413\n|switch|p2a: Dialga|Dialga, L73|233/266|[from] U-turn\n|-damage|p2a: Dialga|217/266|[from] Stealth Rock\n|-ability|p2a: Dialga|Pressure\n|\n|-heal|p1a: Venusaur|68/268|[from] item: Black Sludge\n|upkeep\n|turn|21\n|inactive|Hauntedfire has 120 seconds left.\n|\n|t:|1770193424\n|move|p1a: Venusaur|Leech Seed|p2a: Dialga\n|-start|p2a: Dialga|move: Leech Seed\n|move|p2a: Dialga|Flash Cannon|p1a: Venusaur\n|-crit|p1a: Venusaur\n|-end|p1a: Venusaur|Substitute\n|\n|-heal|p1a: Venusaur|84/268|[from] item: Black Sludge\n|-damage|p2a: Dialga|184/266|[from] Leech Seed|[of] p1a: Venusaur\n|-heal|p1a: Venusaur|117/268|[silent]\n|upkeep\n|turn|22\n|inactive|Hauntedfire has 120 seconds left.\n|\n|t:|1770193435\n|switch|p2a: Shaymin|Shaymin-Sky, L73|266/266\n|-damage|p2a: Shaymin|200/266|[from] Stealth Rock\n|move|p1a: Venusaur|Substitute|p1a: Venusaur\n|-start|p1a: Venusaur|Substitute\n|-damage|p1a: Venusaur|50/268\n|\n|-heal|p1a: Venusaur|66/268|[from] item: Black Sludge\n|upkeep\n|turn|23\n|\n|t:|1770193440\n|move|p2a: Shaymin|Air Slash|p1a: Venusaur\n|-supereffective|p1a: Venusaur\n|-end|p1a: Venusaur|Substitute\n|move|p1a: Venusaur|Sludge Bomb|p2a: Shaymin\n|-supereffective|p2a: Shaymin\n|-damage|p2a: Shaymin|0 fnt\n|faint|p2a: Shaymin\n|\n|-heal|p1a: Venusaur|82/268|[from] item: Black Sludge\n|upkeep\n|\n|t:|1770193448\n|switch|p2a: Dialga|Dialga, L73|184/266\n|-damage|p2a: Dialga|168/266|[from] Stealth Rock\n|-ability|p2a: Dialga|Pressure\n|turn|24\n|\n|t:|1770193462\n|move|p1a: Venusaur|Sleep Powder|p2a: Dialga\n|-status|p2a: Dialga|slp|[from] move: Sleep Powder\n|cant|p2a: Dialga|slp\n|\n|-heal|p1a: Venusaur|98/268|[from] item: Black Sludge\n|upkeep\n|turn|25\n|\n|t:|1770193466\n|move|p1a: Venusaur|Substitute|p1a: Venusaur\n|-start|p1a: Venusaur|Substitute\n|-damage|p1a: Venusaur|31/268\n|cant|p2a: Dialga|slp\n|\n|-heal|p1a: Venusaur|47/268|[from] item: Black Sludge\n|upkeep\n|turn|26\n|\n|t:|1770193468\n|move|p1a: Venusaur|Leech Seed|p2a: Dialga\n|-start|p2a: Dialga|move: Leech Seed\n|cant|p2a: Dialga|slp\n|\n|-heal|p1a: Venusaur|63/268|[from] item: Black Sludge\n|-damage|p2a: Dialga|135/266 slp|[from] Leech Seed|[of] p1a: Venusaur\n|-heal|p1a: Venusaur|96/268|[silent]\n|upkeep\n|turn|27\n|\n|t:|1770193473\n|move|p1a: Venusaur|Sludge Bomb|p2a: Dialga\n|-immune|p2a: Dialga\n|-curestatus|p2a: Dialga|slp|[msg]\n|move|p2a: Dialga|Draco Meteor|p1a: Venusaur\n|-end|p1a: Venusaur|Substitute\n|-unboost|p2a: Dialga|spa|2\n|\n|-heal|p1a: Venusaur|112/268|[from] item: Black Sludge\n|-damage|p2a: Dialga|102/266|[from] Leech Seed|[of] p1a: Venusaur\n|-heal|p1a: Venusaur|145/268|[silent]\n|upkeep\n|turn|28\n|-message|Hauntedfire forfeited.\n|\n|win|Plop\n|raw|Plop's rating: 1786 &rarr; <strong>1794</strong><br />(+8 for winning)\n|raw|Hauntedfire's rating: 1548 &rarr; <strong>1540</strong><br />(-8 for losing)\n|l|☆Hauntedfire\n|player|p2|\n", "inputlog": ">version ccdc32dd7cde25fd9e4bed64820e885f66e78a4e\n>start {\"formatid\":\"gen6randombattle\",\"seed\":\"sodium,031df62a4e720528b468c4fe3d3a7f5c\",\"rated\":\"Rated battle\"}\n>player p1 {\"name\":\"Plop\",\"avatar\":\"#rbtt9travelers\",\"rating\":1786,\"seed\":\"sodium,b125a6220b173a3b3f99d7db1c9d2881\"}\n>player p2 {\"name\":\"Hauntedfire\",\"avatar\":\"101\",\"rating\":1548,\"seed\":\"sodium,7a36f39320033cb998babb3cf6006187\"}\n>p1 move sleeppowder\n>p2 move flareblitz\n>p1 move substitute\n>p2 switch 4\n>p1 move sludgebomb\n>p2 switch 2\n>p1 move leechseed\n>p2 move fireblast\n>p1 move leechseed\n>p2 move flashcannon\n>p1 move substitute\n>p2 switch 2\n>p1 move sludgebomb\n>p2 switch 2\n>p1 move leechseed\n>p2 switch 3\n>p1 move sludgebomb\n>p2 move psychic\n>p1 switch 2\n>p2 move psychic\n>p1 move stealthrock\n>p2 switch 5\n>p1 switch 5\n>p2 move scald\n>p1 move freezedry\n>p2 switch 4\n>p1 switch 3\n>p2 move flareblitz\n>p1 move scald\n>p2 move wildcharge\n>p1 switch 4\n>p1 move return mega\n>p2 move superpower\n>p2 switch 4\n>p1 switch 2\n>p2 move aurasphere\n>p1 move substitute\n>p2 switch 5\n>p1 move substitute\n>p2 move psychic\n>p2 switch 5\n>p1 move leechseed\n>p2 move uturn\n>p2 switch 3\n>p1 move leechseed\n>p2 move flashcannon\n>p1 move substitute\n>p2 switch 2\n>p1 move sludgebomb\n>p2 move airslash\n>p2 switch 2\n>p1 move sleeppowder\n>p2 move flashcannon\n>p1 move substitute\n>p2 move flashcannon\n>p1 move leechseed\n>p2 move flashcannon\n>p1 move sludgebomb\n>p2 move dracometeor\n>forcelose p2", "uploadtime": 1770193487, "views": 228, "formatid": "gen6randombattle", "rating": 1540, "private": 0, "password": null}