{"id": "gen6randombattle-2522710070", "format": "[Gen 6] Random Battle", "players": ["AnonimoEnLadder", "Omgebhonyel"], "log": "|j|☆AnonimoEnLadder\n|j|☆Omgebhonyel\n|t:|1768936835\n|gametype|singles\n|player|p1|AnonimoEnLadder|169|1571\n|player|p2|Omgebhonyel|brock|1657\n|gen|6\n|tier|[Gen 6] Random Battle\n|rated|\n|rule|Sleep Clause Mod: Limit one foe put to sleep\n|rule|HP Percentage Mod: HP is shown in percentages\n|rule|Illusion Level Mod: Illusion disguises the Pokémon's true level\n|\n|t:|1768936835\n|teamsize|p1|6\n|teamsize|p2|6\n|start\n|switch|p1a: Garbodor|Garbodor, L88, M|284/284\n|switch|p2a: Seismitoad|Seismitoad, L84, M|314/314\n|turn|1\n|inactive|Battle timer is ON: inactive players will automatically lose when time's up. (requested by AnonimoEnLadder)\n|\n|t:|1768936856\n|switch|p1a: Leafeon|Leafeon, L87, F|255/255\n|move|p2a: Seismitoad|Knock Off|p1a: Leafeon\n|-damage|p1a: Leafeon|195/255\n|-enditem|p1a: Leafeon|Leftovers|[from] move: Knock Off|[of] p2a: Seismitoad\n|-damage|p2a: Seismitoad|283/314|[from] item: Life Orb\n|\n|upkeep\n|turn|2\n|\n|t:|1768936863\n|switch|p2a: Wormadam|Wormadam-Trash, L88, F|249/249\n|move|p1a: Leafeon|Leaf Blade|p2a: Wormadam\n|-resisted|p2a: Wormadam\n|-damage|p2a: Wormadam|225/249\n|\n|-heal|p2a: Wormadam|240/249|[from] item: Leftovers\n|upkeep\n|turn|3\n|\n|t:|1768936882\n|switch|p1a: Donphan|Donphan, L83, F|285/285\n|move|p2a: Wormadam|Stealth Rock|p1a: Donphan\n|-sidestart|p1: AnonimoEnLadder|move: Stealth Rock\n|\n|-heal|p2a: Wormadam|249/249|[from] item: Leftovers\n|upkeep\n|turn|4\n|\n|t:|1768936892\n|switch|p2a: Sceptile|Sceptile, L81, F|246/246\n|move|p1a: Donphan|Stealth Rock|p2a: Sceptile\n|-sidestart|p2: Omgebhonyel|move: Stealth Rock\n|\n|upkeep\n|turn|5\n|\n|t:|1768936914\n|switch|p1a: Garbodor|Garbodor, L88, M|284/284\n|-damage|p1a: Garbodor|249/284|[from] Stealth Rock\n|move|p2a: Sceptile|Substitute|p2a: Sceptile\n|-start|p2a: Sceptile|Substitute\n|-damage|p2a: Sceptile|185/246\n|\n|-heal|p1a: Garbodor|266/284|[from] item: Black Sludge\n|upkeep\n|turn|6\n|\n|t:|1768936919\n|detailschange|p2a: Sceptile|Sceptile-Mega, L81, F\n|-mega|p2a: Sceptile|Sceptile|Sceptilite\n|move|p2a: Sceptile|Dragon Pulse|p1a: Garbodor\n|-damage|p1a: Garbodor|148/284\n|move|p1a: Garbodor|Drain Punch|p2a: Sceptile\n|-end|p2a: Sceptile|Substitute\n|-heal|p1a: Garbodor|179/284|[from] drain|[of] p2a: Sceptile\n|\n|-heal|p1a: Garbodor|196/284|[from] item: Black Sludge\n|upkeep\n|turn|7\n|\n|t:|1768936928\n|switch|p2a: Wormadam|Wormadam-Trash, L88, F|249/249\n|-damage|p2a: Wormadam|218/249|[from] Stealth Rock\n|move|p1a: Garbodor|Gunk Shot|p2a: Wormadam\n|-immune|p2a: Wormadam\n|\n|-heal|p1a: Garbodor|213/284|[from] item: Black Sludge\n|-heal|p2a: Wormadam|233/249|[from] item: Leftovers\n|upkeep\n|turn|8\n|inactive|AnonimoEnLadder has 120 seconds left.\n|inactive|AnonimoEnLadder has 90 seconds left.\n|\n|t:|1768936992\n|move|p1a: Garbodor|Drain Punch|p2a: Wormadam\n|-damage|p2a: Wormadam|182/249\n|-heal|p1a: Garbodor|239/284|[from] drain|[of] p2a: Wormadam\n|move|p2a: Wormadam|Flash Cannon|p1a: Garbodor\n|-damage|p1a: Garbodor|164/284\n|\n|-heal|p1a: Garbodor|181/284|[from] item: Black Sludge\n|-heal|p2a: Wormadam|197/249|[from] item: Leftovers\n|upkeep\n|turn|9\n|\n|t:|1768937006\n|move|p2a: Wormadam|Protect|p2a: Wormadam\n|-singleturn|p2a: Wormadam|Protect\n|move|p1a: Garbodor|Drain Punch|p2a: Wormadam\n|-activate|p2a: Wormadam|move: Protect\n|\n|-heal|p1a: Garbodor|198/284|[from] item: Black Sludge\n|-heal|p2a: Wormadam|212/249|[from] item: Leftovers\n|upkeep\n|turn|10\n|inactive|AnonimoEnLadder has 90 seconds left.\n|\n|t:|1768937036\n|move|p1a: Garbodor|Drain Punch|p2a: Wormadam\n|-damage|p2a: Wormadam|155/249\n|-heal|p1a: Garbodor|227/284|[from] drain|[of] p2a: Wormadam\n|move|p2a: Wormadam|Flash Cannon|p1a: Garbodor\n|-damage|p1a: Garbodor|154/284\n|\n|-heal|p1a: Garbodor|171/284|[from] item: Black Sludge\n|-heal|p2a: Wormadam|170/249|[from] item: Leftovers\n|upkeep\n|turn|11\n|\n|t:|1768937047\n|move|p2a: Wormadam|Protect|p2a: Wormadam\n|-singleturn|p2a: Wormadam|Protect\n|move|p1a: Garbodor|Drain Punch|p2a: Wormadam\n|-activate|p2a: Wormadam|move: Protect\n|\n|-heal|p1a: Garbodor|188/284|[from] item: Black Sludge\n|-heal|p2a: Wormadam|185/249|[from] item: Leftovers\n|upkeep\n|turn|12\n|\n|t:|1768937052\n|switch|p2a: Talonflame|Talonflame, L79, M|253/253\n|-damage|p2a: Talonflame|127/253|[from] Stealth Rock\n|move|p1a: Garbodor|Drain Punch|p2a: Talonflame\n|-resisted|p2a: Talonflame\n|-damage|p2a: Talonflame|89/253\n|-heal|p1a: Garbodor|207/284|[from] drain|[of] p2a: Talonflame\n|\n|-heal|p1a: Garbodor|224/284|[from] item: Black Sludge\n|upkeep\n|turn|13\n|\n|t:|1768937066\n|switch|p1a: Donphan|Donphan, L83, F|285/285\n|-damage|p1a: Donphan|268/285|[from] Stealth Rock\n|move|p2a: Talonflame|Will-O-Wisp|p1a: Donphan\n|-status|p1a: Donphan|brn\n|\n|-heal|p1a: Donphan|285/285 brn|[from] item: Leftovers\n|-damage|p1a: Donphan|250/285 brn|[from] brn\n|upkeep\n|turn|14\n|\n|t:|1768937071\n|move|p2a: Talonflame|Overheat|p1a: Donphan\n|-damage|p1a: Donphan|108/285 brn\n|-unboost|p2a: Talonflame|spa|2\n|move|p1a: Donphan|Stone Edge|p2a: Talonflame\n|-supereffective|p2a: Talonflame\n|-damage|p2a: Talonflame|0 fnt\n|faint|p2a: Talonflame\n|\n|-heal|p1a: Donphan|125/285 brn|[from] item: Leftovers\n|-damage|p1a: Donphan|90/285 brn|[from] brn\n|upkeep\n|\n|t:|1768937085\n|switch|p2a: Sceptile|Sceptile-Mega, L81, F|185/246\n|-damage|p2a: Sceptile|155/246|[from] Stealth Rock\n|turn|15\n|inactive|AnonimoEnLadder has 120 seconds left.\n|inactive|AnonimoEnLadder has 90 seconds left.\n|\n|t:|1768937128\n|switch|p1a: Garbodor|Garbodor, L88, M|224/284\n|-damage|p1a: Garbodor|189/284|[from] Stealth Rock\n|move|p2a: Sceptile|Substitute|p2a: Sceptile\n|-start|p2a: Sceptile|Substitute\n|-damage|p2a: Sceptile|94/246\n|\n|-heal|p1a: Garbodor|206/284|[from] item: Black Sludge\n|upkeep\n|turn|16\n|\n|t:|1768937133\n|move|p2a: Sceptile|Dragon Pulse|p1a: Garbodor\n|-damage|p1a: Garbodor|97/284\n|move|p1a: Garbodor|Drain Punch|p2a: Sceptile\n|-end|p2a: Sceptile|Substitute\n|-heal|p1a: Garbodor|128/284|[from] drain|[of] p2a: Sceptile\n|\n|-heal|p1a: Garbodor|145/284|[from] item: Black Sludge\n|upkeep\n|turn|17\n|inactive|AnonimoEnLadder has 90 seconds left.\n|\n|t:|1768937164\n|move|p2a: Sceptile|Dragon Pulse|p1a: Garbodor\n|-damage|p1a: Garbodor|25/284\n|move|p1a: Garbodor|Drain Punch|p2a: Sceptile\n|-damage|p2a: Sceptile|26/246\n|-heal|p1a: Garbodor|59/284|[from] drain|[of] p2a: Sceptile\n|\n|-heal|p1a: Garbodor|76/284|[from] item: Black Sludge\n|upkeep\n|turn|18\n|\n|t:|1768937169\n|move|p2a: Sceptile|Dragon Pulse|p1a: Garbodor\n|-damage|p1a: Garbodor|0 fnt\n|faint|p1a: Garbodor\n|\n|upkeep\n|\n|t:|1768937178\n|switch|p1a: Chimecho|Chimecho, L97, M|283/283\n|-damage|p1a: Chimecho|248/283|[from] Stealth Rock\n|turn|19\n|\n|t:|1768937185\n|switch|p2a: Wormadam|Wormadam-Trash, L88, F|185/249\n|-damage|p2a: Wormadam|154/249|[from] Stealth Rock\n|move|p1a: Chimecho|Psychic|p2a: Wormadam\n|-resisted|p2a: Wormadam\n|-crit|p2a: Wormadam\n|-damage|p2a: Wormadam|67/249\n|-unboost|p2a: Wormadam|spd|1\n|\n|-heal|p1a: Chimecho|265/283|[from] item: Leftovers\n|-heal|p2a: Wormadam|82/249|[from] item: Leftovers\n|upkeep\n|turn|20\n|inactive|AnonimoEnLadder has 90 seconds left.\n|c|☆Omgebhonyel|Oh dang\n|\n|t:|1768937208\n|move|p2a: Wormadam|Protect|p2a: Wormadam\n|-singleturn|p2a: Wormadam|Protect\n|move|p1a: Chimecho|Psychic|p2a: Wormadam\n|-activate|p2a: Wormadam|move: Protect\n|\n|-heal|p1a: Chimecho|282/283|[from] item: Leftovers\n|-heal|p2a: Wormadam|97/249|[from] item: Leftovers\n|upkeep\n|turn|21\n|\n|t:|1768937212\n|switch|p2a: Sceptile|Sceptile-Mega, L81, F|26/246\n|-damage|p2a: Sceptile|0 fnt|[from] Stealth Rock\n|faint|p2a: Sceptile\n|detailschange|p2: Sceptile|Sceptile, L81, F|[silent]\n|move|p1a: Chimecho|Psychic|p2: Sceptile|[notarget]\n|-fail|p1a: Chimecho\n|\n|-heal|p1a: Chimecho|283/283|[from] item: Leftovers\n|upkeep\n|\n|t:|1768937214\n|switch|p2a: Seismitoad|Seismitoad, L84, M|283/314\n|-damage|p2a: Seismitoad|264/314|[from] Stealth Rock\n|turn|22\n|\n|t:|1768937224\n|move|p1a: Chimecho|Toxic|p2a: Seismitoad\n|-status|p2a: Seismitoad|tox\n|move|p2a: Seismitoad|Knock Off|p1a: Chimecho\n|-supereffective|p1a: Chimecho\n|-damage|p1a: Chimecho|93/283\n|-enditem|p1a: Chimecho|Leftovers|[from] move: Knock Off|[of] p2a: Seismitoad\n|-damage|p2a: Seismitoad|233/314 tox|[from] item: Life Orb\n|\n|-damage|p2a: Seismitoad|214/314 tox|[from] psn\n|upkeep\n|turn|23\n|\n|t:|1768937228\n|switch|p2a: Wormadam|Wormadam-Trash, L88, F|97/249\n|-damage|p2a: Wormadam|66/249|[from] Stealth Rock\n|move|p1a: Chimecho|Recover|p1a: Chimecho\n|-heal|p1a: Chimecho|235/283\n|\n|-heal|p2a: Wormadam|81/249|[from] item: Leftovers\n|upkeep\n|turn|24\n|inactive|AnonimoEnLadder has 120 seconds left.\n|\n|t:|1768937241\n|move|p1a: Chimecho|Knock Off|p2a: Wormadam\n|-damage|p2a: Wormadam|29/249\n|-enditem|p2a: Wormadam|Leftovers|[from] move: Knock Off|[of] p1a: Chimecho\n|move|p2a: Wormadam|Flash Cannon|p1a: Chimecho\n|-damage|p1a: Chimecho|168/283\n|\n|upkeep\n|turn|25\n|\n|t:|1768937244\n|move|p1a: Chimecho|Psychic|p2a: Wormadam\n|-resisted|p2a: Wormadam\n|-damage|p2a: Wormadam|0 fnt\n|faint|p2a: Wormadam\n|\n|upkeep\n|\n|t:|1768937248\n|switch|p2a: Rampardos|Rampardos, L87, F|311/311\n|-damage|p2a: Rampardos|273/311|[from] Stealth Rock\n|turn|26\n|\n|t:|1768937257\n|switch|p1a: Donphan|Donphan, L83, F|90/285 brn\n|-damage|p1a: Donphan|73/285 brn|[from] Stealth Rock\n|move|p2a: Rampardos|Rock Polish|p2a: Rampardos\n|-boost|p2a: Rampardos|spe|2\n|\n|-heal|p1a: Donphan|90/285 brn|[from] item: Leftovers\n|-damage|p1a: Donphan|55/285 brn|[from] brn\n|upkeep\n|turn|27\n|\n|t:|1768937265\n|move|p2a: Rampardos|Earthquake|p1a: Donphan\n|-damage|p1a: Donphan|0 fnt\n|faint|p1a: Donphan\n|-damage|p2a: Rampardos|242/311|[from] item: Life Orb\n|\n|upkeep\n|\n|t:|1768937267\n|switch|p1a: Leafeon|Leafeon, L87, F|195/255\n|-damage|p1a: Leafeon|164/255|[from] Stealth Rock\n|turn|28\n|\n|t:|1768937278\n|move|p2a: Rampardos|Rock Slide|p1a: Leafeon\n|-damage|p1a: Leafeon|11/255\n|move|p1a: Leafeon|Leaf Blade|p2a: Rampardos\n|-supereffective|p2a: Rampardos\n|-damage|p2a: Rampardos|0 fnt\n|faint|p2a: Rampardos\n|\n|upkeep\n|\n|t:|1768937282\n|switch|p2a: Victreebel|Victreebel, L90, M|290/290\n|-damage|p2a: Victreebel|254/290|[from] Stealth Rock\n|turn|29\n|\n|t:|1768937312\n|move|p1a: Leafeon|Knock Off|p2a: Victreebel\n|-damage|p2a: Victreebel|163/290\n|-enditem|p2a: Victreebel|Life Orb|[from] move: Knock Off|[of] p1a: Leafeon\n|move|p2a: Victreebel|Sunny Day|p2a: Victreebel\n|-weather|SunnyDay\n|\n|-weather|SunnyDay|[upkeep]\n|upkeep\n|turn|30\n|\n|t:|1768937321\n|move|p1a: Leafeon|Knock Off|p2a: Victreebel\n|-crit|p2a: Victreebel\n|-damage|p2a: Victreebel|72/290\n|move|p2a: Victreebel|Sludge Bomb|p1a: Leafeon\n|-supereffective|p1a: Leafeon\n|-damage|p1a: Leafeon|0 fnt\n|faint|p1a: Leafeon\n|\n|-weather|SunnyDay|[upkeep]\n|upkeep\n|\n|t:|1768937326\n|switch|p1a: Blastoise|Blastoise, L81, F|261/261\n|-damage|p1a: Blastoise|229/261|[from] Stealth Rock\n|turn|31\n|c|☆Omgebhonyel|Wasn't expecting to lose this, no lie\n|\n|t:|1768937336\n|detailschange|p1a: Blastoise|Blastoise-Mega, L81, F\n|-mega|p1a: Blastoise|Blastoise|Blastoisinite\n|move|p2a: Victreebel|Power Whip|p1a: Blastoise\n|-supereffective|p1a: Blastoise\n|-damage|p1a: Blastoise|0 fnt\n|faint|p1a: Blastoise\n|detailschange|p1: Blastoise|Blastoise, L81, F|[silent]\n|\n|-weather|SunnyDay|[upkeep]\n|upkeep\n|c|☆Omgebhonyel|Oh there's still hope\n|\n|t:|1768937350\n|switch|p1a: Chimecho|Chimecho, L97, M|168/283\n|-damage|p1a: Chimecho|133/283|[from] Stealth Rock\n|turn|32\n|l|☆AnonimoEnLadder\n|inactive|AnonimoEnLadder disconnected and has a minute to reconnect!\n|player|p1|\n|j|☆AnonimoEnLadder\n|inactive|AnonimoEnLadder reconnected and has 125 seconds left.\n|player|p1|AnonimoEnLadder|169|\n|\n|t:|1768937378\n|switch|p1a: Tangrowth|Tangrowth, L88, F|319/319\n|-damage|p1a: Tangrowth|280/319|[from] Stealth Rock\n|move|p2a: Victreebel|Power Whip|p1a: Tangrowth\n|-resisted|p1a: Tangrowth\n|-damage|p1a: Tangrowth|220/319\n|\n|-weather|SunnyDay|[upkeep]\n|upkeep\n|turn|33\n|\n|t:|1768937392\n|move|p2a: Victreebel|Sludge Bomb|p1a: Tangrowth\n|-supereffective|p1a: Tangrowth\n|-damage|p1a: Tangrowth|20/319\n|move|p1a: Tangrowth|Earthquake|p2a: Victreebel\n|-damage|p2a: Victreebel|0 fnt\n|faint|p2a: Victreebel\n|\n|-weather|none\n|upkeep\n|\n|t:|1768937396\n|switch|p2a: Seismitoad|Seismitoad, L84, M|214/314 tox\n|-damage|p2a: Seismitoad|195/314 tox|[from] Stealth Rock\n|turn|34\n|\n|t:|1768937398\n|move|p2a: Seismitoad|Knock Off|p1a: Tangrowth\n|-damage|p1a: Tangrowth|0 fnt\n|-enditem|p1a: Tangrowth|Assault Vest|[from] move: Knock Off|[of] p2a: Seismitoad\n|faint|p1a: Tangrowth\n|-damage|p2a: Seismitoad|164/314 tox|[from] item: Life Orb\n|\n|-damage|p2a: Seismitoad|145/314 tox|[from] psn\n|upkeep\n|\n|t:|1768937401\n|switch|p1a: Chimecho|Chimecho, L97, M|133/283\n|-damage|p1a: Chimecho|98/283|[from] Stealth Rock\n|turn|35\n|\n|t:|1768937406\n|move|p1a: Chimecho|Recover|p1a: Chimecho\n|-heal|p1a: Chimecho|240/283\n|move|p2a: Seismitoad|Rain Dance|p2a: Seismitoad\n|-weather|RainDance\n|\n|-weather|RainDance|[upkeep]\n|-damage|p2a: Seismitoad|107/314 tox|[from] psn\n|upkeep\n|turn|36\n|\n|t:|1768937410\n|move|p2a: Seismitoad|Hydro Pump|p1a: Chimecho\n|-damage|p1a: Chimecho|29/283\n|-damage|p2a: Seismitoad|76/314 tox|[from] item: Life Orb\n|move|p1a: Chimecho|Psychic|p2a: Seismitoad\n|-damage|p2a: Seismitoad|0 fnt\n|faint|p2a: Seismitoad\n|\n|win|AnonimoEnLadder\n|raw|AnonimoEnLadder's rating: 1571 &rarr; <strong>1596</strong><br />(+25 for winning)\n|raw|Omgebhonyel's rating: 1657 &rarr; <strong>1632</strong><br />(-25 for losing)\n|l|☆AnonimoEnLadder\n|player|p1|\n|l|☆Omgebhonyel\n|player|p2|\n|j|☆Omgebhonyel\n|player|p2|Omgebhonyel|brock|\n", "inputlog": ">version 3bd1a1e329da8d286644078cfc9a9638fc7ea025\n>start {\"formatid\":\"gen6randombattle\",\"seed\":\"sodium,5e18ad6b6a6a00d9240a2c0eb4ff0551\",\"rated\":\"Rated battle\"}\n>player p1 {\"name\":\"AnonimoEnLadder\",\"avatar\":\"169\",\"rating\":1571,\"seed\":\"sodium,e5e4ce69b9b4ab3c0f18d4d0b5089f86\"}\n>player p2 {\"name\":\"Omgebhonyel\",\"avatar\":\"brock\",\"rating\":1657,\"seed\":\"sodium,97134b5c0ac927a719e6d875e2903f54\"}\n>p1 switch 5\n>p2 move knockoff\n>p1 move leafblade\n>p2 switch 2\n>p1 switch 2\n>p2 move stealthrock\n>p1 move stealthrock\n>p2 switch 4\n>p1 switch 5\n>p2 move substitute\n>p1 move drainpunch\n>p2 move dragonpulse mega\n>p1 move gunkshot\n>p2 switch 4\n>p1 move drainpunch\n>p2 move flashcannon\n>p1 move drainpunch\n>p2 move protect\n>p1 move drainpunch\n>p2 move flashcannon\n>p1 move drainpunch\n>p2 move protect\n>p1 move drainpunch\n>p2 switch 6\n>p1 switch 5\n>p2 move willowisp\n>p1 move stoneedge\n>p2 move overheat\n>p2 switch 4\n>p1 switch 5\n>p2 move substitute\n>p1 move drainpunch\n>p2 move dragonpulse\n>p1 move drainpunch\n>p2 move dragonpulse\n>p1 move drainpunch\n>p2 move dragonpulse\n>p1 switch 4\n>p1 move psychic\n>p2 switch 6\n>chat ☆Omgebhonyel|Oh dang\n>p1 move psychic\n>p2 move protect\n>p1 move psychic\n>p2 switch 6\n>p2 switch 2\n>p1 move toxic\n>p2 move knockoff\n>p1 move recover\n>p2 switch 6\n>p1 move knockoff\n>p2 move flashcannon\n>p1 move psychic\n>p2 move toxic\n>p2 switch 3\n>p1 switch 5\n>p2 move rockpolish\n>p1 move earthquake\n>p2 move earthquake\n>p1 switch 2\n>p1 move leafblade\n>p2 move rockslide\n>p2 switch 5\n>p1 move knockoff\n>p2 move sunnyday\n>p1 move knockoff\n>p2 move sludgebomb\n>p1 switch 3\n>chat ☆Omgebhonyel|Wasn't expecting to lose this, no lie\n>p1 move darkpulse mega\n>p2 move powerwhip\n>chat ☆Omgebhonyel|Oh there's still hope\n>p1 switch 5\n>p1 switch 6\n>p2 move powerwhip\n>p1 move earthquake\n>p2 move sludgebomb\n>p2 switch 6\n>p1 move powerwhip\n>p2 move knockoff\n>p1 switch 6\n>p1 move recover\n>p2 move raindance\n>p1 move psychic\n>p2 move hydropump", "uploadtime": 1768937419, "views": 296, "formatid": "gen6randombattle", "rating": 1596, "private": 0, "password": null}