{"id": "gen6randombattle-2518731930", "format": "[Gen 6] Random Battle", "players": ["ByMartin0", "arboretums"], "log": "|j|☆ByMartin0\n|j|☆arboretums\n|t:|1768420392\n|gametype|singles\n|player|p1|ByMartin0|shauntal|1626\n|player|p2|arboretums|serena-masters2|1533\n|gen|6\n|tier|[Gen 6] Random Battle\n|rated|\n|rule|Sleep Clause Mod: Limit one foe put to sleep\n|rule|HP Percentage Mod: HP is shown in percentages\n|rule|Illusion Level Mod: Illusion disguises the Pokémon's true level\n|\n|t:|1768420392\n|teamsize|p1|6\n|teamsize|p2|6\n|start\n|switch|p1a: Regice|Regice, L87|281/281\n|switch|p2a: Espeon|Espeon, L81, F|238/238\n|turn|1\n|inactive|Battle timer is ON: inactive players will automatically lose when time's up. (requested by arboretums)\n|\n|t:|1768420403\n|move|p2a: Espeon|Trick|p1a: Regice\n|-activate|p2a: Espeon|move: Trick|[of] p1a: Regice\n|-item|p1a: Regice|Choice Specs|[from] move: Trick\n|-item|p2a: Espeon|Leftovers|[from] move: Trick\n|move|p1a: Regice|Ice Beam|p2a: Espeon\n|-damage|p2a: Espeon|81/238\n|\n|-heal|p2a: Espeon|95/238|[from] item: Leftovers\n|upkeep\n|turn|2\n|inactive|ByMartin0 has 120 seconds left.\n|\n|t:|1768420441\n|switch|p2a: Klefki|Klefki, L79, F|220/220\n|move|p1a: Regice|Ice Beam|p2a: Klefki\n|-resisted|p2a: Klefki\n|-damage|p2a: Klefki|134/220\n|-status|p2a: Klefki|frz\n|\n|-heal|p2a: Klefki|147/220 frz|[from] item: Leftovers\n|upkeep\n|turn|3\n|inactive|ByMartin0 has 120 seconds left.\n|\n|t:|1768420450\n|cant|p2a: Klefki|frz\n|move|p1a: Regice|Ice Beam|p2a: Klefki\n|-resisted|p2a: Klefki\n|-damage|p2a: Klefki|60/220 frz\n|\n|-heal|p2a: Klefki|73/220 frz|[from] item: Leftovers\n|upkeep\n|turn|4\n|\n|t:|1768420452\n|cant|p2a: Klefki|frz\n|move|p1a: Regice|Ice Beam|p2a: Klefki\n|-resisted|p2a: Klefki\n|-damage|p2a: Klefki|0 fnt\n|faint|p2a: Klefki\n|\n|upkeep\n|\n|t:|1768420455\n|switch|p2a: Primeape|Primeape, L87, M|255/255\n|turn|5\n|\n|t:|1768420476\n|switch|p1a: Druddigon|Druddigon, L86, M|273/273\n|move|p2a: Primeape|Close Combat|p1a: Druddigon\n|-damage|p1a: Druddigon|82/273\n|-unboost|p2a: Primeape|def|1\n|-unboost|p2a: Primeape|spd|1\n|-damage|p2a: Primeape|224/255|[from] ability: Rough Skin|[of] p1a: Druddigon\n|-damage|p2a: Primeape|182/255|[from] item: Rocky Helmet|[of] p1a: Druddigon\n|-damage|p2a: Primeape|157/255|[from] item: Life Orb\n|\n|upkeep\n|turn|6\n|\n|t:|1768420482\n|move|p1a: Druddigon|Sucker Punch|p2a: Primeape\n|-resisted|p2a: Primeape\n|-damage|p2a: Primeape|88/255\n|move|p2a: Primeape|Close Combat|p1a: Druddigon\n|-damage|p1a: Druddigon|0 fnt\n|-unboost|p2a: Primeape|def|1\n|-unboost|p2a: Primeape|spd|1\n|-damage|p2a: Primeape|57/255|[from] ability: Rough Skin|[of] p1a: Druddigon\n|-damage|p2a: Primeape|15/255|[from] item: Rocky Helmet|[of] p1a: Druddigon\n|faint|p1a: Druddigon\n|-damage|p2a: Primeape|0 fnt|[from] item: Life Orb\n|faint|p2a: Primeape\n|\n|upkeep\n|inactive|ByMartin0 has 120 seconds left.\n|\n|t:|1768420501\n|switch|p2a: Victini|Victini, L77|281/281\n|switch|p1a: Regice|Regice, L87|281/281\n|turn|7\n|\n|t:|1768420504\n|move|p1a: Regice|Protect|p1a: Regice\n|-singleturn|p1a: Regice|Protect\n|move|p2a: Victini|V-create|p1a: Regice\n|-activate|p1a: Regice|move: Protect\n|\n|upkeep\n|turn|8\n|\n|t:|1768420508\n|switch|p1a: Giratina|Giratina, L73|339/339\n|-ability|p1a: Giratina|Pressure\n|move|p2a: Victini|V-create|p1a: Giratina\n|-resisted|p1a: Giratina\n|-damage|p1a: Giratina|232/339\n|-unboost|p2a: Victini|spe|1\n|-unboost|p2a: Victini|def|1\n|-unboost|p2a: Victini|spd|1\n|\n|-heal|p1a: Giratina|253/339|[from] item: Leftovers\n|upkeep\n|turn|9\n|\n|t:|1768420515\n|switch|p2a: Weavile|Weavile, L77, F|234/234\n|move|p1a: Giratina|Shadow Ball|p2a: Weavile\n|-resisted|p2a: Weavile\n|-damage|p2a: Weavile|198/234\n|\n|-heal|p1a: Giratina|274/339|[from] item: Leftovers\n|upkeep\n|turn|10\n|inactive|ByMartin0 has 120 seconds left.\n|\n|t:|1768420546\n|switch|p1a: Machamp|Machamp, L81, M|278/278\n|move|p2a: Weavile|Knock Off|p1a: Machamp\n|-resisted|p1a: Machamp\n|-damage|p1a: Machamp|198/278\n|-enditem|p1a: Machamp|Leftovers|[from] move: Knock Off|[of] p2a: Weavile\n|\n|upkeep\n|turn|11\n|\n|t:|1768420555\n|switch|p2a: Victini|Victini, L77|281/281\n|move|p1a: Machamp|Dynamic Punch|p2a: Victini\n|-resisted|p2a: Victini\n|-damage|p2a: Victini|224/281\n|-start|p2a: Victini|confusion\n|\n|upkeep\n|turn|12\n|\n|t:|1768420560\n|-activate|p2a: Victini|confusion\n|move|p2a: Victini|Zen Headbutt|p1a: Machamp\n|-supereffective|p1a: Machamp\n|-damage|p1a: Machamp|0 fnt\n|faint|p1a: Machamp\n|\n|upkeep\n|\n|t:|1768420565\n|switch|p1a: Giratina|Giratina, L73|274/339\n|-ability|p1a: Giratina|Pressure\n|turn|13\n|\n|t:|1768420569\n|-activate|p2a: Victini|confusion\n|-damage|p2a: Victini|198/281|[from] confusion\n|move|p1a: Giratina|Will-O-Wisp|p2a: Victini\n|-immune|p2a: Victini\n|\n|-heal|p1a: Giratina|295/339|[from] item: Leftovers\n|upkeep\n|turn|14\n|\n|t:|1768420571\n|-activate|p2a: Victini|confusion\n|-damage|p2a: Victini|173/281|[from] confusion\n|move|p1a: Giratina|Shadow Ball|p2a: Victini\n|-supereffective|p2a: Victini\n|-damage|p2a: Victini|51/281\n|-unboost|p2a: Victini|spd|1\n|\n|-heal|p1a: Giratina|316/339|[from] item: Leftovers\n|upkeep\n|turn|15\n|\n|t:|1768420579\n|-end|p2a: Victini|confusion\n|move|p2a: Victini|Zen Headbutt|p1a: Giratina\n|-damage|p1a: Giratina|211/339\n|move|p1a: Giratina|Shadow Ball|p2a: Victini\n|-supereffective|p2a: Victini\n|-damage|p2a: Victini|0 fnt\n|faint|p2a: Victini\n|\n|-heal|p1a: Giratina|232/339|[from] item: Leftovers\n|upkeep\n|\n|t:|1768420583\n|switch|p2a: Weavile|Weavile, L77, F|198/234\n|turn|16\n|\n|t:|1768420609\n|move|p2a: Weavile|Knock Off|p1a: Giratina\n|-supereffective|p1a: Giratina\n|-damage|p1a: Giratina|0 fnt\n|-enditem|p1a: Giratina|Leftovers|[from] move: Knock Off|[of] p2a: Weavile\n|faint|p1a: Giratina\n|\n|upkeep\n|\n|t:|1768420614\n|switch|p1a: Omastar|Omastar, L83, M|251/251\n|turn|17\n|\n|t:|1768420625\n|move|p2a: Weavile|Knock Off|p1a: Omastar\n|-damage|p1a: Omastar|131/251\n|-enditem|p1a: Omastar|White Herb|[from] move: Knock Off|[of] p2a: Weavile\n|move|p1a: Omastar|Shell Smash|p1a: Omastar\n|-unboost|p1a: Omastar|def|1\n|-unboost|p1a: Omastar|spd|1\n|-boost|p1a: Omastar|atk|2\n|-boost|p1a: Omastar|spa|2\n|-boost|p1a: Omastar|spe|2\n|\n|upkeep\n|turn|18\n|\n|t:|1768420642\n|move|p1a: Omastar|Hydro Pump|p2a: Weavile|[miss]\n|-miss|p1a: Omastar|p2a: Weavile\n|move|p2a: Weavile|Knock Off|p1a: Omastar\n|-damage|p1a: Omastar|4/251\n|\n|upkeep\n|turn|19\n|\n|t:|1768420644\n|move|p1a: Omastar|Hydro Pump|p2a: Weavile\n|-damage|p2a: Weavile|0 fnt\n|faint|p2a: Weavile\n|\n|upkeep\n|\n|t:|1768420647\n|switch|p2a: Plusle|Plusle, L93, F|262/262\n|turn|20\n|\n|t:|1768420655\n|move|p1a: Omastar|Hydro Pump|p2a: Plusle\n|-damage|p2a: Plusle|10/262\n|move|p2a: Plusle|Hidden Power|p1a: Omastar\n|-resisted|p1a: Omastar\n|-damage|p1a: Omastar|0 fnt\n|faint|p1a: Omastar\n|\n|-heal|p2a: Plusle|26/262|[from] item: Leftovers\n|upkeep\n|\n|t:|1768420659\n|switch|p1a: Swoobat|Swoobat, L87, M|258/258\n|turn|21\n|\n|t:|1768420663\n|move|p1a: Swoobat|Heat Wave|p2a: Plusle\n|-damage|p2a: Plusle|0 fnt\n|faint|p2a: Plusle\n|\n|upkeep\n|\n|t:|1768420665\n|switch|p2a: Espeon|Espeon, L81, F|95/238\n|turn|22\n|\n|t:|1768420677\n|move|p1a: Swoobat|Calm Mind|p1a: Swoobat\n|-boost|p1a: Swoobat|spa|2\n|-boost|p1a: Swoobat|spd|2\n|move|p2a: Espeon|Shadow Ball|p1a: Swoobat\n|-supereffective|p1a: Swoobat\n|-damage|p1a: Swoobat|158/258\n|\n|-heal|p1a: Swoobat|174/258|[from] item: Leftovers\n|-heal|p2a: Espeon|109/238|[from] item: Leftovers\n|upkeep\n|turn|23\n|\n|t:|1768420681\n|move|p1a: Swoobat|Calm Mind|p1a: Swoobat\n|-boost|p1a: Swoobat|spa|2\n|-boost|p1a: Swoobat|spd|2\n|move|p2a: Espeon|Shadow Ball|p1a: Swoobat\n|-supereffective|p1a: Swoobat\n|-crit|p1a: Swoobat\n|-damage|p1a: Swoobat|0 fnt\n|faint|p1a: Swoobat\n|\n|-heal|p2a: Espeon|123/238|[from] item: Leftovers\n|upkeep\n|\n|t:|1768420683\n|switch|p1a: Regice|Regice, L87|281/281\n|turn|24\n|\n|t:|1768420689\n|move|p2a: Espeon|Trick|p1a: Regice\n|-activate|p2a: Espeon|move: Trick|[of] p1a: Regice\n|-item|p1a: Regice|Leftovers|[from] move: Trick\n|-item|p2a: Espeon|Choice Specs|[from] move: Trick\n|move|p1a: Regice|Ice Beam|p2a: Espeon\n|-damage|p2a: Espeon|26/238\n|\n|upkeep\n|turn|25\n|\n|t:|1768420696\n|move|p2a: Espeon|Psyshock|p1a: Regice\n|-crit|p1a: Regice\n|-damage|p1a: Regice|91/281\n|move|p1a: Regice|Ice Beam|p2a: Espeon\n|-damage|p2a: Espeon|0 fnt\n|faint|p2a: Espeon\n|\n|win|ByMartin0\n|raw|ByMartin0's rating: 1626 &rarr; <strong>1641</strong><br />(+15 for winning)\n|raw|arboretums's rating: 1533 &rarr; <strong>1518</strong><br />(-15 for losing)\n", "inputlog": ">version f2883557ca71b1a14bc1039fd307aee7de4ab455\n>start {\"formatid\":\"gen6randombattle\",\"seed\":\"sodium,0aecda16ad3d11ceaa6952470cc88a7d\",\"rated\":\"Rated battle\"}\n>player p1 {\"name\":\"ByMartin0\",\"avatar\":\"shauntal\",\"rating\":1626,\"seed\":\"sodium,c2d772e1916726e794e15dca687dd4e2\"}\n>player p2 {\"name\":\"arboretums\",\"avatar\":\"serena-masters2\",\"rating\":1533,\"seed\":\"sodium,0b0c535376b59ef981e0d77db30552b1\"}\n>p1 move icebeam\n>p2 move trick\n>p1 move icebeam\n>p2 switch 3\n>p1 move icebeam\n>p2 move thunderwave\n>p1 move icebeam\n>p2 move thunderwave\n>p2 switch 4\n>p1 switch 3\n>p2 move closecombat\n>p1 move suckerpunch\n>p2 move closecombat\n>p1 switch 3\n>p2 switch 2\n>p1 move protect\n>p2 move vcreate\n>p1 switch 5\n>p2 move vcreate\n>p1 move shadowball\n>p2 switch 6\n>p1 switch 4\n>p2 move knockoff\n>p1 move dynamicpunch\n>p2 switch 6\n>p1 move knockoff\n>p2 move zenheadbutt\n>p1 switch 4\n>p1 move willowisp\n>p2 move zenheadbutt\n>p1 move shadowball\n>p2 move zenheadbutt\n>p1 move shadowball\n>p2 move zenheadbutt\n>p2 switch 6\n>p1 move willowisp\n>p2 move knockoff\n>p1 switch 6\n>p1 move shellsmash\n>p2 move knockoff\n>p1 move hydropump\n>p2 move knockoff\n>p1 move hydropump\n>p2 move knockoff\n>p2 switch 5\n>p1 move hydropump\n>p2 move hiddenpower\n>p1 switch 2\n>p1 move heatwave\n>p2 move thunderbolt\n>p2 switch 3\n>p1 move calmmind\n>p2 move shadowball\n>p1 move calmmind\n>p2 move shadowball\n>p1 switch 5\n>p1 move icebeam\n>p2 move trick\n>p1 move icebeam\n>p2 move psyshock", "uploadtime": 1768420697, "views": 256, "formatid": "gen6randombattle", "rating": 1518, "private": 0, "password": null}