{"id": "gen6randombattle-2532976578", "format": "[Gen 6] Random Battle", "players": ["Lunatonestone", "OliRes"], "log": "|j|☆Lunatonestone\n|j|☆OliRes\n|t:|1770242246\n|gametype|singles\n|player|p1|Lunatonestone|falkner|1595\n|player|p2|OliRes|lady|1687\n|gen|6\n|tier|[Gen 6] Random Battle\n|rated|\n|rule|Sleep Clause Mod: Limit one foe put to sleep\n|rule|HP Percentage Mod: HP is shown in percentages\n|rule|Illusion Level Mod: Illusion disguises the Pokémon's true level\n|\n|t:|1770242246\n|teamsize|p1|6\n|teamsize|p2|6\n|start\n|switch|p1a: Electivire|Electivire, L84, F|263/263\n|switch|p2a: Hariyama|Hariyama, L86, F|388/388\n|turn|1\n|inactive|Battle timer is ON: inactive players will automatically lose when time's up. (requested by Lunatonestone)\n|c|☆OliRes|gl hf!\n|c|☆Lunatonestone|glhf!\n|\n|t:|1770242266\n|switch|p1a: Qwilfish|Qwilfish, L84, F|246/246\n|-ability|p1a: Qwilfish|Intimidate|boost\n|-unboost|p2a: Hariyama|atk|1\n|move|p2a: Hariyama|Knock Off|p1a: Qwilfish\n|-damage|p1a: Qwilfish|183/246\n|-enditem|p1a: Qwilfish|Black Sludge|[from] move: Knock Off|[of] p2a: Hariyama\n|\n|-status|p2a: Hariyama|tox|[from] item: Toxic Orb\n|upkeep\n|turn|2\n|\n|t:|1770242282\n|switch|p2a: Electivire|Electivire, L84, M|263/263\n|move|p1a: Qwilfish|Spikes|p2a: Electivire\n|-sidestart|p2: OliRes|Spikes\n|\n|upkeep\n|turn|3\n|\n|t:|1770242289\n|switch|p1a: Uxie|Uxie, L81|254/254\n|move|p2a: Electivire|Earthquake|p1a: Uxie\n|-immune|p1a: Uxie|[from] ability: Levitate\n|\n|upkeep\n|turn|4\n|\n|t:|1770242297\n|move|p2a: Electivire|Volt Switch|p1a: Uxie\n|-damage|p1a: Uxie|202/254\n|\n|t:|1770242305\n|switch|p2a: Mawile|Mawile, L76, F|201/201|[from] Volt Switch\n|-damage|p2a: Mawile|176/201|[from] Spikes\n|-ability|p2a: Mawile|Intimidate|boost\n|-unboost|p1a: Uxie|atk|1\n|move|p1a: Uxie|Psychic|p2a: Mawile\n|-resisted|p2a: Mawile\n|-damage|p2a: Mawile|125/201\n|\n|-heal|p1a: Uxie|217/254|[from] item: Leftovers\n|upkeep\n|turn|5\n|inactive|OliRes has 120 seconds left.\n|\n|t:|1770242349\n|detailschange|p2a: Mawile|Mawile-Mega, L76, F\n|-mega|p2a: Mawile|Mawile|Mawilite\n|move|p1a: Uxie|Thunder Wave|p2a: Mawile\n|-status|p2a: Mawile|par\n|move|p2a: Mawile|Swords Dance|p2a: Mawile\n|-boost|p2a: Mawile|atk|2\n|\n|-heal|p1a: Uxie|232/254|[from] item: Leftovers\n|upkeep\n|turn|6\n|\n|t:|1770242365\n|move|p1a: Uxie|Psychic|p2a: Mawile\n|-resisted|p2a: Mawile\n|-damage|p2a: Mawile|87/201 par\n|move|p2a: Mawile|Play Rough|p1a: Uxie\n|-damage|p1a: Uxie|0 fnt\n|faint|p1a: Uxie\n|\n|upkeep\n|\n|t:|1770242374\n|switch|p1a: Electivire|Electivire, L84, F|263/263\n|turn|7\n|inactive|OliRes has 120 seconds left.\n|\n|t:|1770242396\n|switch|p2a: Hariyama|Hariyama, L86, F|388/388 tox\n|-damage|p2a: Hariyama|340/388 tox|[from] Spikes\n|move|p1a: Electivire|Earthquake|p2a: Hariyama\n|-damage|p2a: Hariyama|188/388 tox\n|-damage|p1a: Electivire|237/263|[from] item: Life Orb\n|\n|-damage|p2a: Hariyama|164/388 tox|[from] psn\n|upkeep\n|turn|8\n|\n|t:|1770242411\n|move|p1a: Electivire|Wild Charge|p2a: Hariyama\n|-damage|p2a: Hariyama|0 fnt\n|faint|p2a: Hariyama\n|-damage|p1a: Electivire|196/263|[from] Recoil\n|-damage|p1a: Electivire|170/263|[from] item: Life Orb\n|\n|upkeep\n|\n|t:|1770242431\n|switch|p2a: Porygon-Z|Porygon-Z, L82|274/274\n|-damage|p2a: Porygon-Z|240/274|[from] Spikes\n|-ability|p2a: Porygon-Z|Download|boost\n|-boost|p2a: Porygon-Z|atk|1\n|turn|9\n|\n|t:|1770242441\n|move|p2a: Porygon-Z|Tri Attack|p1a: Electivire\n|-damage|p1a: Electivire|62/263\n|move|p1a: Electivire|Wild Charge|p2a: Porygon-Z\n|-damage|p2a: Porygon-Z|53/274\n|-damage|p1a: Electivire|15/263|[from] Recoil\n|-damage|p1a: Electivire|0 fnt|[from] item: Life Orb\n|faint|p1a: Electivire\n|\n|upkeep\n|\n|t:|1770242452\n|switch|p1a: Crustle|Crustle, L82, M|249/249\n|turn|10\n|\n|t:|1770242464\n|move|p2a: Porygon-Z|Tri Attack|p1a: Crustle\n|-resisted|p1a: Crustle\n|-damage|p1a: Crustle|185/249\n|-status|p1a: Crustle|brn\n|move|p1a: Crustle|Earthquake|p2a: Porygon-Z\n|-damage|p2a: Porygon-Z|15/274\n|\n|-damage|p1a: Crustle|154/249 brn|[from] brn\n|upkeep\n|turn|11\n|c|☆OliRes|damn\n|\n|t:|1770242475\n|move|p2a: Porygon-Z|Tri Attack|p1a: Crustle\n|-resisted|p1a: Crustle\n|-damage|p1a: Crustle|91/249 brn\n|move|p1a: Crustle|Earthquake|p2a: Porygon-Z\n|-damage|p2a: Porygon-Z|0 fnt\n|faint|p2a: Porygon-Z\n|\n|-damage|p1a: Crustle|60/249 brn|[from] brn\n|upkeep\n|inactive|OliRes has 90 seconds left.\n|\n|t:|1770242501\n|switch|p2a: Kabutops|Kabutops, L87, F|246/246\n|-damage|p2a: Kabutops|216/246|[from] Spikes\n|turn|12\n|inactive|OliRes has 90 seconds left.\n|\n|t:|1770242508\n|move|p2a: Kabutops|Swords Dance|p2a: Kabutops\n|-boost|p2a: Kabutops|atk|2\n|move|p1a: Crustle|Earthquake|p2a: Kabutops\n|-supereffective|p2a: Kabutops\n|-crit|p2a: Kabutops\n|-damage|p2a: Kabutops|132/246\n|-ability|p2a: Kabutops|Weak Armor|boost\n|-unboost|p2a: Kabutops|def|1\n|-boost|p2a: Kabutops|spe|1\n|\n|-damage|p1a: Crustle|29/249 brn|[from] brn\n|upkeep\n|turn|13\n|\n|t:|1770242523\n|move|p2a: Kabutops|Aqua Jet|p1a: Crustle\n|-supereffective|p1a: Crustle\n|-damage|p1a: Crustle|0 fnt\n|faint|p1a: Crustle\n|-damage|p2a: Kabutops|108/246|[from] item: Life Orb\n|\n|upkeep\n|\n|t:|1770242529\n|switch|p1a: Qwilfish|Qwilfish, L84, F|183/246\n|-ability|p1a: Qwilfish|Intimidate|boost\n|-unboost|p2a: Kabutops|atk|1\n|turn|14\n|\n|t:|1770242535\n|move|p2a: Kabutops|Stone Edge|p1a: Qwilfish|[miss]\n|-miss|p2a: Kabutops|p1a: Qwilfish\n|move|p1a: Qwilfish|Waterfall|p2a: Kabutops\n|-crit|p2a: Kabutops\n|-damage|p2a: Kabutops|0 fnt\n|faint|p2a: Kabutops\n|\n|upkeep\n|\n|t:|1770242542\n|switch|p2a: Electivire|Electivire, L84, M|263/263\n|-damage|p2a: Electivire|231/263|[from] Spikes\n|turn|15\n|\n|t:|1770242546\n|switch|p1a: Vivillon|Vivillon-Archipelago, L83, F|267/267\n|move|p2a: Electivire|Earthquake|p1a: Vivillon\n|-immune|p1a: Vivillon\n|\n|upkeep\n|turn|16\n|\n|t:|1770242552\n|move|p2a: Electivire|Wild Charge|p1a: Vivillon\n|-supereffective|p1a: Vivillon\n|-damage|p1a: Vivillon|0 fnt\n|faint|p1a: Vivillon\n|-damage|p2a: Electivire|164/263|[from] Recoil\n|\n|upkeep\n|\n|t:|1770242558\n|switch|p1a: Darkrai|Darkrai, L72|220/220\n|turn|17\n|\n|t:|1770242574\n|switch|p2a: Mawile|Mawile-Mega, L76, F|87/201 par\n|-damage|p2a: Mawile|62/201 par|[from] Spikes\n|move|p1a: Darkrai|Dark Void|p2a: Mawile|[miss]\n|-miss|p1a: Darkrai|p2a: Mawile\n|\n|upkeep\n|turn|18\n|\n|t:|1770242582\n|switch|p1a: Qwilfish|Qwilfish, L84, F|183/246\n|-ability|p1a: Qwilfish|Intimidate|boost\n|-unboost|p2a: Mawile|atk|1\n|move|p2a: Mawile|Play Rough|p1a: Qwilfish\n|-resisted|p1a: Qwilfish\n|-crit|p1a: Qwilfish\n|-damage|p1a: Qwilfish|53/246\n|\n|upkeep\n|turn|19\n|\n|t:|1770242594\n|move|p2a: Mawile|Sucker Punch|p1a: Qwilfish\n|-damage|p1a: Qwilfish|0 fnt\n|faint|p1a: Qwilfish\n|\n|upkeep\n|\n|t:|1770242600\n|switch|p1a: Darkrai|Darkrai, L72|220/220\n|turn|20\n|\n|t:|1770242609\n|move|p1a: Darkrai|Dark Pulse|p2a: Mawile\n|-resisted|p2a: Mawile\n|-damage|p2a: Mawile|7/201 par\n|-damage|p1a: Darkrai|198/220|[from] item: Life Orb\n|move|p2a: Mawile|Play Rough|p1a: Darkrai\n|-supereffective|p1a: Darkrai\n|-damage|p1a: Darkrai|0 fnt\n|faint|p1a: Darkrai\n|\n|win|OliRes\n|raw|Lunatonestone's rating: 1595 &rarr; <strong>1580</strong><br />(-15 for losing)\n|raw|OliRes's rating: 1687 &rarr; <strong>1702</strong><br />(+15 for winning)\n|c|☆OliRes|gg wp\n|c|☆Lunatonestone|gg\n", "inputlog": ">version ccdc32dd7cde25fd9e4bed64820e885f66e78a4e\n>start {\"formatid\":\"gen6randombattle\",\"seed\":\"sodium,f19f86150fe68c3ad27727f3a039f6e4\",\"rated\":\"Rated battle\"}\n>player p1 {\"name\":\"Lunatonestone\",\"avatar\":\"falkner\",\"rating\":1595,\"seed\":\"sodium,df0fe0f5b64c76869060b577ef44998a\"}\n>player p2 {\"name\":\"OliRes\",\"avatar\":\"lady\",\"rating\":1687,\"seed\":\"sodium,1693cf8607f8ba6da547b61465bd4d71\"}\n>chat ☆OliRes|gl hf!\n>chat ☆Lunatonestone|glhf!\n>p1 switch 4\n>p2 move knockoff\n>p1 move spikes\n>p2 switch 3\n>p1 switch 2\n>p2 move earthquake\n>p1 move psychic\n>p2 move voltswitch\n>p2 switch 4\n>p1 move thunderwave\n>p2 move swordsdance mega\n>p1 move psychic\n>p2 move playrough\n>p1 switch 4\n>p1 move earthquake\n>p2 switch 3\n>p1 move wildcharge\n>p2 move facade\n>p2 switch 5\n>p1 move wildcharge\n>p2 move triattack\n>p1 switch 6\n>p1 move earthquake\n>p2 move triattack\n>chat ☆OliRes|damn\n>p1 move earthquake\n>p2 move triattack\n>p2 switch 6\n>p1 move earthquake\n>p2 move swordsdance\n>p1 move earthquake\n>p2 move aquajet\n>p1 switch 2\n>p1 move waterfall\n>p2 move stoneedge\n>p2 switch 4\n>p1 switch 5\n>p2 move earthquake\n>p1 move quiverdance\n>p2 move wildcharge\n>p1 switch 3\n>p1 move darkvoid\n>p2 switch 3\n>p1 switch 5\n>p2 move playrough\n>p1 move waterfall\n>p2 move suckerpunch\n>p1 switch 5\n>p1 move darkpulse\n>p2 move playrough", "uploadtime": 1770242617, "views": 263, "formatid": "gen6randombattle", "rating": 1580, "private": 0, "password": null}