{"id": "gen6randombattle-2519311402", "format": "[Gen 6] Random Battle", "players": ["arboretums", "lililiprapras"], "log": "|j|☆arboretums\n|j|☆lililiprapras\n|t:|1768494610\n|gametype|singles\n|player|p1|arboretums|whitney-masters|1554\n|player|p2|lililiprapras|unknown|1517\n|gen|6\n|tier|[Gen 6] Random Battle\n|rated|\n|rule|Sleep Clause Mod: Limit one foe put to sleep\n|rule|HP Percentage Mod: HP is shown in percentages\n|rule|Illusion Level Mod: Illusion disguises the Pokémon's true level\n|\n|t:|1768494610\n|teamsize|p1|6\n|teamsize|p2|6\n|start\n|switch|p1a: Unown|Unown-W|258/258\n|switch|p2a: Aggron|Aggron, L86, F|261/261\n|turn|1\n|j| roadto15oo\n|inactive|Battle timer is ON: inactive players will automatically lose when time's up. (requested by arboretums)\n|inactive|lililiprapras also wants the timer to be on.\n|c|☆arboretums|I won't choke this time\n|c|☆arboretums|streak continues now\n|c| roadto15oo|deal\n|inactive|lililiprapras has 120 seconds left.\n|\n|t:|1768494667\n|switch|p1a: Krookodile|Krookodile, L78, M|276/276\n|-ability|p1a: Krookodile|Intimidate|boost\n|-unboost|p2a: Aggron|atk|1\n|switch|p2a: Clefable|Clefable, L80, M|283/283\n|\n|upkeep\n|turn|2\n|\n|t:|1768494679\n|switch|p1a: Unown|Unown-W|258/258\n|move|p2a: Clefable|Moonblast|p1a: Unown\n|-damage|p1a: Unown|98/258\n|\n|upkeep\n|turn|3\n|\n|t:|1768494692\n|switch|p2a: Latios|Latios, L77, M|250/250\n|move|p1a: Unown|Hidden Power|p2a: Latios\n|-resisted|p2a: Latios\n|-damage|p2a: Latios|199/250\n|\n|upkeep\n|turn|4\n|\n|t:|1768494711\n|switch|p1a: Chesnaught|Chesnaught, L86, M|292/292\n|detailschange|p2a: Latios|Latios-Mega, L77, M\n|-mega|p2a: Latios|Latios|Latiosite\n|move|p2a: Latios|Calm Mind|p2a: Latios\n|-boost|p2a: Latios|spa|1\n|-boost|p2a: Latios|spd|1\n|\n|upkeep\n|turn|5\n|\n|t:|1768494718\n|move|p2a: Latios|Psyshock|p1a: Chesnaught\n|-supereffective|p1a: Chesnaught\n|-damage|p1a: Chesnaught|70/292\n|move|p1a: Chesnaught|Leech Seed|p2a: Latios\n|-start|p2a: Latios|move: Leech Seed\n|\n|-heal|p1a: Chesnaught|88/292|[from] item: Leftovers\n|-damage|p2a: Latios|168/250|[from] Leech Seed|[of] p1a: Chesnaught\n|-heal|p1a: Chesnaught|119/292|[silent]\n|upkeep\n|turn|6\n|c|☆arboretums|yea u wall my whole team\n|c|☆arboretums|awesome!\n|\n|t:|1768494726\n|move|p2a: Latios|Roost|p2a: Latios\n|-heal|p2a: Latios|250/250\n|-singleturn|p2a: Latios|move: Roost\n|move|p1a: Chesnaught|Wood Hammer|p2a: Latios\n|-resisted|p2a: Latios\n|-damage|p2a: Latios|181/250\n|-damage|p1a: Chesnaught|96/292|[from] Recoil\n|\n|-heal|p1a: Chesnaught|114/292|[from] item: Leftovers\n|-damage|p2a: Latios|150/250|[from] Leech Seed|[of] p1a: Chesnaught\n|-heal|p1a: Chesnaught|145/292|[silent]\n|upkeep\n|turn|7\n|\n|t:|1768494740\n|move|p2a: Latios|Roost|p2a: Latios\n|-heal|p2a: Latios|250/250\n|-singleturn|p2a: Latios|move: Roost\n|move|p1a: Chesnaught|Wood Hammer|p2a: Latios\n|-resisted|p2a: Latios\n|-damage|p2a: Latios|184/250\n|-damage|p1a: Chesnaught|123/292|[from] Recoil\n|\n|-heal|p1a: Chesnaught|141/292|[from] item: Leftovers\n|-damage|p2a: Latios|153/250|[from] Leech Seed|[of] p1a: Chesnaught\n|-heal|p1a: Chesnaught|172/292|[silent]\n|upkeep\n|turn|8\n|\n|t:|1768494746\n|move|p2a: Latios|Psyshock|p1a: Chesnaught\n|-supereffective|p1a: Chesnaught\n|-damage|p1a: Chesnaught|0 fnt\n|faint|p1a: Chesnaught\n|\n|upkeep\n|\n|t:|1768494763\n|switch|p1a: Krookodile|Krookodile, L78, M|276/276\n|-ability|p1a: Krookodile|Intimidate|boost\n|-unboost|p2a: Latios|atk|1\n|turn|9\n|\n|t:|1768494766\n|move|p2a: Latios|Draco Meteor|p1a: Krookodile\n|-damage|p1a: Krookodile|0 fnt\n|-unboost|p2a: Latios|spa|2\n|faint|p1a: Krookodile\n|\n|upkeep\n|\n|t:|1768494769\n|switch|p1a: Huntail|Huntail, L84, M|230/230\n|turn|10\n|c|☆arboretums|wow awesome\n|\n|t:|1768494796\n|move|p2a: Latios|Calm Mind|p2a: Latios\n|-boost|p2a: Latios|spa|1\n|-boost|p2a: Latios|spd|1\n|move|p1a: Huntail|Shell Smash|p1a: Huntail\n|-unboost|p1a: Huntail|def|1\n|-unboost|p1a: Huntail|spd|1\n|-boost|p1a: Huntail|atk|2\n|-boost|p1a: Huntail|spa|2\n|-boost|p1a: Huntail|spe|2\n|-enditem|p1a: Huntail|White Herb\n|-clearnegativeboost|p1a: Huntail|[silent]\n|\n|-damage|p2a: Latios|122/250|[from] Leech Seed|[of] p1a: Huntail\n|upkeep\n|turn|11\n|\n|t:|1768494803\n|move|p1a: Huntail|Ice Beam|p2a: Latios\n|-supereffective|p2a: Latios\n|-damage|p2a: Latios|6/250\n|move|p2a: Latios|Roost|p2a: Latios\n|-heal|p2a: Latios|131/250\n|-singleturn|p2a: Latios|move: Roost\n|\n|-damage|p2a: Latios|100/250|[from] Leech Seed|[of] p1a: Huntail\n|upkeep\n|turn|12\n|\n|t:|1768494807\n|move|p1a: Huntail|Ice Beam|p2a: Latios\n|-supereffective|p2a: Latios\n|-damage|p2a: Latios|0 fnt\n|faint|p2a: Latios\n|detailschange|p2: Latios|Latios, L77, M|[silent]\n|\n|upkeep\n|j| Nakoruru_XD\n|l| Nakoruru_XD\n|\n|t:|1768494821\n|switch|p2a: Clefable|Clefable, L80, M|283/283\n|turn|13\n|\n|t:|1768494825\n|move|p1a: Huntail|Waterfall|p2a: Clefable\n|-damage|p2a: Clefable|82/283\n|move|p2a: Clefable|Thunder Wave|p1a: Huntail\n|-status|p1a: Huntail|par\n|\n|upkeep\n|turn|14\n|inactive|lililiprapras has 120 seconds left.\n|\n|t:|1768494855\n|move|p2a: Clefable|Soft-Boiled|p2a: Clefable\n|-heal|p2a: Clefable|224/283\n|move|p1a: Huntail|Waterfall|p2a: Clefable\n|-damage|p2a: Clefable|11/283\n|\n|upkeep\n|turn|15\n|\n|t:|1768494861\n|move|p2a: Clefable|Moonblast|p1a: Huntail\n|-damage|p1a: Huntail|108/230 par\n|move|p1a: Huntail|Waterfall|p2a: Clefable\n|-damage|p2a: Clefable|0 fnt\n|faint|p2a: Clefable\n|\n|upkeep\n|inactive|lililiprapras has 120 seconds left.\n|\n|t:|1768494872\n|switch|p2a: Heliolisk|Heliolisk, L83, M|239/239\n|turn|16\n|\n|t:|1768494875\n|cant|p1a: Huntail|par\n|move|p2a: Heliolisk|Thunderbolt|p1a: Huntail\n|-supereffective|p1a: Huntail\n|-damage|p1a: Huntail|0 fnt\n|faint|p1a: Huntail\n|-damage|p2a: Heliolisk|216/239|[from] item: Life Orb\n|\n|upkeep\n|\n|t:|1768494895\n|switch|p1a: Greninja|Greninja, L79, M|243/243\n|turn|17\n|c|☆arboretums|wtf my greninja has the worst moveset ever\n|\n|t:|1768494914\n|move|p1a: Greninja|Gunk Shot|p2a: Heliolisk\n|-start|p1a: Greninja|typechange|Poison|[from] ability: Protean\n|-damage|p2a: Heliolisk|0 fnt\n|faint|p2a: Heliolisk\n|-damage|p1a: Greninja|219/243|[from] item: Life Orb\n|\n|upkeep\n|c| roadto15oo|well he got the roll tho\n|c|☆arboretums|tru dat\n|inactive|lililiprapras has 120 seconds left.\n|inactive|lililiprapras has 90 seconds left.\n|\n|t:|1768494967\n|switch|p2a: Braviary|Braviary, L82, M|298/298\n|turn|18\n|\n|t:|1768494976\n|move|p1a: Greninja|Gunk Shot|p2a: Braviary\n|-crit|p2a: Braviary\n|-damage|p2a: Braviary|52/298\n|-damage|p1a: Greninja|195/243|[from] item: Life Orb\n|move|p2a: Braviary|Return|p1a: Greninja\n|-damage|p1a: Greninja|0 fnt\n|faint|p1a: Greninja\n|\n|upkeep\n|\n|t:|1768494980\n|switch|p1a: Lucario|Lucario, L74, M|226/226\n|turn|19\n|\n|t:|1768494988\n|switch|p2a: Stunfisk|Stunfisk, L88, F|335/335\n|detailschange|p1a: Lucario|Lucario-Mega, L74, M\n|-mega|p1a: Lucario|Lucario|Lucarionite\n|move|p1a: Lucario|Bullet Punch|p2a: Stunfisk\n|-resisted|p2a: Stunfisk\n|-crit|p2a: Stunfisk\n|-damage|p2a: Stunfisk|285/335\n|-status|p1a: Lucario|par|[from] ability: Static|[of] p2a: Stunfisk\n|\n|-heal|p2a: Stunfisk|305/335|[from] item: Leftovers\n|upkeep\n|turn|20\n|c|☆arboretums|Thx\n|\n|t:|1768495000\n|move|p2a: Stunfisk|Earth Power|p1a: Lucario\n|-supereffective|p1a: Lucario\n|-damage|p1a: Lucario|0 fnt\n|faint|p1a: Lucario\n|detailschange|p1: Lucario|Lucario, L74, M|[silent]\n|\n|-heal|p2a: Stunfisk|325/335|[from] item: Leftovers\n|upkeep\n|c|☆lililiprapras|I think your streak has ended man\n|\n|t:|1768495003\n|switch|p1a: Unown|Unown-W|98/258\n|turn|21\n|c|☆arboretums|yep\n|\n|t:|1768495008\n|move|p1a: Unown|Hidden Power|p2a: Stunfisk\n|-damage|p2a: Stunfisk|222/335\n|move|p2a: Stunfisk|Discharge|p1a: Unown\n|-damage|p1a: Unown|0 fnt\n|faint|p1a: Unown\n|\n|win|lililiprapras\n|raw|arboretums's rating: 1554 &rarr; <strong>1532</strong><br />(-22 for losing)\n|raw|lililiprapras's rating: 1517 &rarr; <strong>1539</strong><br />(+22 for winning)\n", "inputlog": ">version 3bd1a1e329da8d286644078cfc9a9638fc7ea025\n>start {\"formatid\":\"gen6randombattle\",\"seed\":\"sodium,16a5b9f7456028120d73650be06a30b3\",\"rated\":\"Rated battle\"}\n>player p1 {\"name\":\"arboretums\",\"avatar\":\"whitney-masters\",\"rating\":1554,\"seed\":\"sodium,6af944cfefdc910fed5bb6ad23d3705f\"}\n>player p2 {\"name\":\"lililiprapras\",\"avatar\":\"unknown\",\"rating\":1517,\"seed\":\"sodium,f519f42d2f65762a8458ad914564bc60\"}\n>chat ☆arboretums|I won't choke this time\n>chat ☆arboretums|streak continues now\n>chat  roadto15oo|deal\n>p1 switch 5\n>p2 switch 3\n>p1 switch 5\n>p2 move moonblast\n>p1 move hiddenpower\n>p2 switch 4\n>p1 switch 2\n>p2 move calmmind mega\n>p1 move leechseed\n>p2 move psyshock\n>chat ☆arboretums|yea u wall my whole team\n>chat ☆arboretums|awesome!\n>p1 move woodhammer\n>p2 move roost\n>p1 move woodhammer\n>p2 move roost\n>p1 move woodhammer\n>p2 move psyshock\n>p1 switch 5\n>p1 move pursuit\n>p2 move dracometeor\n>p1 switch 6\n>chat ☆arboretums|wow awesome\n>p1 move shellsmash\n>p2 move calmmind\n>p1 move icebeam\n>p2 move roost\n>p1 move icebeam\n>p2 move roost\n>p2 switch 4\n>p1 move waterfall\n>p2 move thunderwave\n>p1 move waterfall\n>p2 move softboiled\n>p1 move waterfall\n>p2 move moonblast\n>p2 switch 2\n>p1 move suckerpunch\n>p2 move thunderbolt\n>p1 switch 3\n>chat ☆arboretums|wtf my greninja has the worst moveset ever\n>p1 move gunkshot\n>p2 move glare\n>chat  roadto15oo|well he got the roll tho\n>chat ☆arboretums|tru dat\n>p2 switch 5\n>p1 move gunkshot\n>p2 move return\n>p1 switch 4\n>p1 move bulletpunch mega\n>p2 switch 6\n>chat ☆arboretums|Thx\n>p1 move closecombat\n>p2 move earthpower\n>chat ☆lililiprapras|I think your streak has ended man\n>p1 switch 2\n>chat ☆arboretums|yep\n>p1 move hiddenpower\n>p2 move discharge", "uploadtime": 1768495010, "views": 262, "formatid": "gen6randombattle", "rating": 1532, "private": 0, "password": null}