{"id": "gen6randombattle-2518785078", "format": "[Gen 6] Random Battle", "players": ["mlungero", "timer-is-shit"], "log": "|j|☆mlungero\n|j|☆timer-is-shit\n|t:|1768425516\n|gametype|singles\n|player|p1|mlungero|brock|1588\n|player|p2|timer-is-shit|bruno-gen1|1663\n|gen|6\n|tier|[Gen 6] Random Battle\n|rated|\n|rule|Sleep Clause Mod: Limit one foe put to sleep\n|rule|HP Percentage Mod: HP is shown in percentages\n|rule|Illusion Level Mod: Illusion disguises the Pokémon's true level\n|\n|t:|1768425516\n|teamsize|p1|6\n|teamsize|p2|6\n|start\n|switch|p1a: Deoxys|Deoxys-Attack, L72|191/191\n|switch|p2a: Clefable|Clefable, L80, F|283/283\n|-ability|p1a: Deoxys|Pressure\n|turn|1\n|inactive|Battle timer is ON: inactive players will automatically lose when time's up. (requested by timer-is-shit)\n|\n|t:|1768425529\n|switch|p1a: Roserade|Roserade, L83, F|235/235\n|move|p2a: Clefable|Thunder Wave|p1a: Roserade\n|-status|p1a: Roserade|par\n|\n|upkeep\n|turn|2\n|\n|t:|1768425539\n|switch|p2a: Forretress|Forretress, L82, F|257/257\n|cant|p1a: Roserade|par\n|\n|upkeep\n|turn|3\n|\n|t:|1768425550\n|switch|p1a: Golurk|Golurk, L83|283/283\n|move|p2a: Forretress|Stealth Rock|p1a: Golurk\n|-sidestart|p1: mlungero|move: Stealth Rock\n|\n|upkeep\n|turn|4\n|\n|t:|1768425556\n|switch|p2a: Spiritomb|Spiritomb, L88, M|231/231\n|move|p1a: Golurk|Dynamic Punch|p2a: Spiritomb\n|-immune|p2a: Spiritomb\n|\n|upkeep\n|turn|5\n|\n|t:|1768425564\n|-activate|p1a: Golurk|move: Pursuit\n|move|p2a: Spiritomb|Pursuit|p1a: Golurk|[from] Pursuit\n|-supereffective|p1a: Golurk\n|-damage|p1a: Golurk|29/283\n|switch|p1a: Roserade|Roserade, L83, F|235/235 par\n|-damage|p1a: Roserade|206/235 par|[from] Stealth Rock\n|\n|upkeep\n|turn|6\n|\n|t:|1768425574\n|switch|p2a: Forretress|Forretress, L82, F|257/257\n|move|p1a: Roserade|Spikes|p2a: Forretress\n|-sidestart|p2: timer-is-shit|Spikes\n|\n|upkeep\n|turn|7\n|c|☆mlungero|Nothing here for Fotetress hey\n|\n|t:|1768425586\n|switch|p1a: Golurk|Golurk, L83|29/283\n|-damage|p1a: Golurk|12/283|[from] Stealth Rock\n|move|p2a: Forretress|Gyro Ball|p1a: Golurk\n|-damage|p1a: Golurk|0 fnt\n|faint|p1a: Golurk\n|\n|upkeep\n|\n|t:|1768425589\n|switch|p1a: Gardevoir|Gardevoir, L78, F|234/234\n|-damage|p1a: Gardevoir|205/234|[from] Stealth Rock\n|-ability|p1a: Gardevoir|Sturdy|Trace|[from] ability: Trace|[of] p2a: Forretress\n|turn|8\n|\n|t:|1768425597\n|move|p1a: Gardevoir|Will-O-Wisp|p2a: Forretress\n|-status|p2a: Forretress|brn\n|move|p2a: Forretress|Rapid Spin|p1a: Gardevoir\n|-damage|p1a: Gardevoir|196/234\n|-sideend|p2: timer-is-shit|Spikes|[from] move: Rapid Spin|[of] p2a: Forretress\n|\n|-damage|p2a: Forretress|225/257 brn|[from] brn\n|upkeep\n|turn|9\n|\n|t:|1768425604\n|detailschange|p1a: Gardevoir|Gardevoir-Mega, L78, F\n|-mega|p1a: Gardevoir|Gardevoir|Gardevoirite\n|move|p1a: Gardevoir|Calm Mind|p1a: Gardevoir\n|-boost|p1a: Gardevoir|spa|1\n|-boost|p1a: Gardevoir|spd|1\n|move|p2a: Forretress|Gyro Ball|p1a: Gardevoir\n|-supereffective|p1a: Gardevoir\n|-damage|p1a: Gardevoir|100/234\n|\n|-heal|p2a: Forretress|241/257 brn|[from] item: Leftovers\n|-damage|p2a: Forretress|209/257 brn|[from] brn\n|upkeep\n|turn|10\n|\n|t:|1768425614\n|move|p1a: Gardevoir|Hyper Voice|p2a: Forretress\n|-resisted|p2a: Forretress\n|-damage|p2a: Forretress|44/257 brn\n|move|p2a: Forretress|Gyro Ball|p1a: Gardevoir\n|-supereffective|p1a: Gardevoir\n|-damage|p1a: Gardevoir|15/234\n|\n|-heal|p2a: Forretress|60/257 brn|[from] item: Leftovers\n|-damage|p2a: Forretress|28/257 brn|[from] brn\n|upkeep\n|turn|11\n|\n|t:|1768425625\n|move|p1a: Gardevoir|Hyper Voice|p2a: Forretress\n|-resisted|p2a: Forretress\n|-damage|p2a: Forretress|0 fnt\n|faint|p2a: Forretress\n|\n|upkeep\n|\n|t:|1768425639\n|switch|p2a: Clefable|Clefable, L80, F|283/283\n|turn|12\n|c|☆mlungero|Alright now it's a match lol\n|\n|t:|1768425644\n|move|p1a: Gardevoir|Hyper Voice|p2a: Clefable\n|-damage|p2a: Clefable|108/283\n|move|p2a: Clefable|Thunder Wave|p1a: Gardevoir\n|-status|p1a: Gardevoir|par\n|\n|-heal|p2a: Clefable|125/283|[from] item: Leftovers\n|upkeep\n|turn|13\n|\n|t:|1768425652\n|move|p2a: Clefable|Moonblast|p1a: Gardevoir\n|-damage|p1a: Gardevoir|0 fnt\n|faint|p1a: Gardevoir\n|detailschange|p1: Gardevoir|Gardevoir, L78, F|[silent]\n|\n|-heal|p2a: Clefable|142/283|[from] item: Leftovers\n|upkeep\n|\n|t:|1768425659\n|switch|p1a: Electivire|Electivire, L84, M|263/263\n|-damage|p1a: Electivire|231/263|[from] Stealth Rock\n|turn|14\n|\n|t:|1768425664\n|move|p1a: Electivire|Wild Charge|p2a: Clefable\n|-damage|p2a: Clefable|7/283\n|-damage|p1a: Electivire|197/263|[from] Recoil\n|move|p2a: Clefable|Moonblast|p1a: Electivire\n|-damage|p1a: Electivire|98/263\n|\n|-heal|p2a: Clefable|24/283|[from] item: Leftovers\n|upkeep\n|turn|15\n|\n|t:|1768425672\n|move|p1a: Electivire|Earthquake|p2a: Clefable\n|-damage|p2a: Clefable|0 fnt\n|faint|p2a: Clefable\n|\n|upkeep\n|\n|t:|1768425679\n|switch|p2a: Spiritomb|Spiritomb, L88, M|231/231\n|turn|16\n|\n|t:|1768425685\n|move|p2a: Spiritomb|Sucker Punch|p1a: Electivire\n|-damage|p1a: Electivire|0 fnt\n|faint|p1a: Electivire\n|\n|upkeep\n|\n|t:|1768425690\n|switch|p1a: Alomomola|Alomomola, L85, F|419/419\n|-damage|p1a: Alomomola|367/419|[from] Stealth Rock\n|turn|17\n|\n|t:|1768425696\n|switch|p2a: Umbreon|Umbreon, L83, F|293/293\n|move|p1a: Alomomola|Knock Off|p2a: Umbreon\n|-resisted|p2a: Umbreon\n|-damage|p2a: Umbreon|268/293\n|-enditem|p2a: Umbreon|Leftovers|[from] move: Knock Off|[of] p1a: Alomomola\n|\n|-heal|p1a: Alomomola|393/419|[from] item: Leftovers\n|upkeep\n|turn|18\n|\n|t:|1768425707\n|move|p1a: Alomomola|Scald|p2a: Umbreon\n|-damage|p2a: Umbreon|231/293\n|move|p2a: Umbreon|Toxic|p1a: Alomomola\n|-status|p1a: Alomomola|tox\n|\n|-heal|p1a: Alomomola|419/419 tox|[from] item: Leftovers\n|-damage|p1a: Alomomola|393/419 tox|[from] psn\n|upkeep\n|turn|19\n|\n|t:|1768425717\n|move|p1a: Alomomola|Scald||[still]\n|-damage|p2a: Umbreon|192/293\n|-status|p2a: Umbreon|brn\n|-activate|p2a: Umbreon|ability: Synchronize\n|-fail|p2a: Umbreon\n|move|p2a: Umbreon|Foul Play|p1a: Alomomola\n|-damage|p1a: Alomomola|348/419 tox\n|\n|-heal|p1a: Alomomola|374/419 tox|[from] item: Leftovers\n|-damage|p1a: Alomomola|322/419 tox|[from] psn\n|-damage|p2a: Umbreon|156/293 brn|[from] brn\n|upkeep\n|turn|20\n|\n|t:|1768425732\n|switch|p1a: Roserade|Roserade, L83, F|206/235 par\n|-damage|p1a: Roserade|177/235 par|[from] Stealth Rock\n|move|p2a: Umbreon|Moonlight|p2a: Umbreon\n|-heal|p2a: Umbreon|293/293 brn\n|\n|-damage|p2a: Umbreon|257/293 brn|[from] brn\n|upkeep\n|turn|21\n|\n|t:|1768425741\n|switch|p2a: Spiritomb|Spiritomb, L88, M|231/231\n|move|p1a: Roserade|Spikes|p2a: Spiritomb\n|-sidestart|p2: timer-is-shit|Spikes\n|\n|upkeep\n|turn|22\n|\n|t:|1768425747\n|move|p2a: Spiritomb|Foul Play|p1a: Roserade\n|-damage|p1a: Roserade|84/235 par\n|move|p1a: Roserade|Giga Drain|p2a: Spiritomb\n|-damage|p2a: Spiritomb|124/231\n|-heal|p1a: Roserade|138/235 par|[from] drain|[of] p2a: Spiritomb\n|-damage|p1a: Roserade|115/235 par|[from] item: Life Orb\n|\n|upkeep\n|turn|23\n|\n|t:|1768425755\n|move|p2a: Spiritomb|Foul Play|p1a: Roserade\n|-damage|p1a: Roserade|25/235 par\n|move|p1a: Roserade|Giga Drain|p2a: Spiritomb\n|-damage|p2a: Spiritomb|21/231\n|-heal|p1a: Roserade|77/235 par|[from] drain|[of] p2a: Spiritomb\n|-damage|p1a: Roserade|54/235 par|[from] item: Life Orb\n|\n|upkeep\n|turn|24\n|\n|t:|1768425765\n|move|p2a: Spiritomb|Foul Play|p1a: Roserade\n|-crit|p1a: Roserade\n|-damage|p1a: Roserade|0 fnt\n|faint|p1a: Roserade\n|\n|upkeep\n|\n|t:|1768425768\n|switch|p1a: Alomomola|Alomomola, L85, F|419/419 tox\n|-damage|p1a: Alomomola|367/419 tox|[from] Stealth Rock\n|turn|25\n|\n|t:|1768425773\n|move|p2a: Spiritomb|Sucker Punch|p1a: Alomomola\n|-damage|p1a: Alomomola|261/419 tox\n|move|p1a: Alomomola|Scald|p2a: Spiritomb\n|-damage|p2a: Spiritomb|0 fnt\n|faint|p2a: Spiritomb\n|\n|-heal|p1a: Alomomola|287/419 tox|[from] item: Leftovers\n|-damage|p1a: Alomomola|261/419 tox|[from] psn\n|upkeep\n|\n|t:|1768425787\n|switch|p2a: Umbreon|Umbreon, L83, F|257/293 brn\n|-damage|p2a: Umbreon|221/293 brn|[from] Spikes\n|turn|26\n|\n|t:|1768425806\n|move|p1a: Alomomola|Wish|p1a: Alomomola\n|move|p2a: Umbreon|Heal Bell|p2a: Umbreon\n|-activate|p2a: Umbreon|move: Heal Bell\n|-curestatus|p2a: Umbreon|brn|[msg]\n|\n|-heal|p1a: Alomomola|287/419 tox|[from] item: Leftovers\n|-damage|p1a: Alomomola|235/419 tox|[from] psn\n|upkeep\n|turn|27\n|\n|t:|1768425814\n|move|p1a: Alomomola|Scald|p2a: Umbreon\n|-damage|p2a: Umbreon|182/293\n|move|p2a: Umbreon|Foul Play|p1a: Alomomola\n|-damage|p1a: Alomomola|150/419 tox\n|\n|-heal|p1a: Alomomola|359/419 tox|[from] move: Wish|[wisher] Alomomola\n|-heal|p1a: Alomomola|385/419 tox|[from] item: Leftovers\n|-damage|p1a: Alomomola|307/419 tox|[from] psn\n|upkeep\n|turn|28\n|\n|t:|1768425825\n|move|p1a: Alomomola|Scald||[still]\n|-damage|p2a: Umbreon|148/293\n|-status|p2a: Umbreon|brn\n|-activate|p2a: Umbreon|ability: Synchronize\n|-fail|p2a: Umbreon\n|move|p2a: Umbreon|Foul Play|p1a: Alomomola\n|-damage|p1a: Alomomola|263/419 tox\n|\n|-heal|p1a: Alomomola|289/419 tox|[from] item: Leftovers\n|-damage|p1a: Alomomola|185/419 tox|[from] psn\n|-damage|p2a: Umbreon|112/293 brn|[from] brn\n|upkeep\n|turn|29\n|\n|t:|1768425837\n|switch|p1a: Deoxys|Deoxys-Attack, L72|191/191\n|-damage|p1a: Deoxys|168/191|[from] Stealth Rock\n|-ability|p1a: Deoxys|Pressure\n|move|p2a: Umbreon|Moonlight|p2a: Umbreon\n|-heal|p2a: Umbreon|258/293 brn\n|\n|-damage|p2a: Umbreon|222/293 brn|[from] brn\n|upkeep\n|turn|30\n|\n|t:|1768425848\n|move|p1a: Deoxys|Superpower|p2a: Umbreon\n|-supereffective|p2a: Umbreon\n|-crit|p2a: Umbreon\n|-damage|p2a: Umbreon|0 fnt\n|-unboost|p1a: Deoxys|atk|1\n|-unboost|p1a: Deoxys|def|1\n|faint|p2a: Umbreon\n|-damage|p1a: Deoxys|149/191|[from] item: Life Orb\n|\n|upkeep\n|\n|t:|1768425857\n|switch|p2a: Relicanth|Relicanth, L87, F|316/316\n|-damage|p2a: Relicanth|277/316|[from] Spikes\n|turn|31\n|\n|t:|1768425870\n|move|p1a: Deoxys|Psycho Boost|p2a: Relicanth\n|-damage|p2a: Relicanth|0 fnt\n|-unboost|p1a: Deoxys|spa|2\n|faint|p2a: Relicanth\n|-damage|p1a: Deoxys|130/191|[from] item: Life Orb\n|\n|upkeep\n|\n|t:|1768425876\n|switch|p2a: Gliscor|Gliscor, L77, M|242/242\n|turn|32\n|\n|t:|1768425879\n|switch|p1a: Alomomola|Alomomola, L85, F|324/419 tox\n|-damage|p1a: Alomomola|272/419 tox|[from] Stealth Rock\n|move|p2a: Gliscor|Earthquake|p1a: Alomomola\n|-damage|p1a: Alomomola|178/419 tox\n|\n|-heal|p1a: Alomomola|204/419 tox|[from] item: Leftovers\n|-damage|p1a: Alomomola|178/419 tox|[from] psn\n|-status|p2a: Gliscor|tox|[from] item: Toxic Orb\n|upkeep\n|turn|33\n|\n|t:|1768425889\n|move|p2a: Gliscor|Taunt|p1a: Alomomola\n|-start|p1a: Alomomola|move: Taunt\n|move|p1a: Alomomola|Scald|p2a: Gliscor\n|-supereffective|p2a: Gliscor\n|-damage|p2a: Gliscor|114/242 tox\n|\n|-heal|p1a: Alomomola|204/419 tox|[from] item: Leftovers\n|-heal|p2a: Gliscor|144/242 tox|[from] ability: Poison Heal\n|-damage|p1a: Alomomola|152/419 tox|[from] psn\n|upkeep\n|turn|34\n|\n|t:|1768425899\n|move|p2a: Gliscor|Earthquake|p1a: Alomomola\n|-damage|p1a: Alomomola|64/419 tox\n|move|p1a: Alomomola|Scald|p2a: Gliscor\n|-supereffective|p2a: Gliscor\n|-damage|p2a: Gliscor|12/242 tox\n|\n|-heal|p1a: Alomomola|90/419 tox|[from] item: Leftovers\n|-heal|p2a: Gliscor|42/242 tox|[from] ability: Poison Heal\n|-damage|p1a: Alomomola|12/419 tox|[from] psn\n|upkeep\n|turn|35\n|\n|t:|1768425909\n|move|p2a: Gliscor|Earthquake|p1a: Alomomola\n|-damage|p1a: Alomomola|0 fnt\n|faint|p1a: Alomomola\n|\n|-heal|p2a: Gliscor|72/242 tox|[from] ability: Poison Heal\n|upkeep\n|\n|t:|1768425914\n|switch|p1a: Deoxys|Deoxys-Attack, L72|130/191\n|-damage|p1a: Deoxys|107/191|[from] Stealth Rock\n|-ability|p1a: Deoxys|Pressure\n|turn|36\n|\n|t:|1768425919\n|move|p1a: Deoxys|Psycho Boost|p2a: Gliscor\n|-damage|p2a: Gliscor|0 fnt\n|-unboost|p1a: Deoxys|spa|2\n|faint|p2a: Gliscor\n|-damage|p1a: Deoxys|88/191|[from] item: Life Orb\n|\n|win|mlungero\n|raw|mlungero's rating: 1588 &rarr; <strong>1612</strong><br />(+24 for winning)\n|raw|timer-is-shit's rating: 1663 &rarr; <strong>1639</strong><br />(-24 for losing)\n|c|☆mlungero|Gg\n|c|☆mlungero|Wp\n", "inputlog": ">version f2883557ca71b1a14bc1039fd307aee7de4ab455\n>start {\"formatid\":\"gen6randombattle\",\"seed\":\"sodium,e73580c5dc245b57af6f8287467195a1\",\"rated\":\"Rated battle\"}\n>player p1 {\"name\":\"mlungero\",\"avatar\":\"brock\",\"rating\":1588,\"seed\":\"sodium,cd475637f344ef295eb8b2c30a4ba8a8\"}\n>player p2 {\"name\":\"timer-is-shit\",\"avatar\":\"bruno-gen1\",\"rating\":1663,\"seed\":\"sodium,4dfc6644f4ff51b918a938e50c01d3d8\"}\n>p1 switch 2\n>p2 move thunderwave\n>p1 move spikes\n>p2 switch 4\n>p1 switch 5\n>p2 move stealthrock\n>p1 move dynamicpunch\n>p2 switch 5\n>p1 switch 5\n>p2 move pursuit\n>p1 move spikes\n>p2 switch 5\n>chat ☆mlungero|Nothing here for Fotetress hey\n>p1 switch 5\n>p2 move gyroball\n>p1 switch 4\n>p1 move willowisp\n>p2 move rapidspin\n>p1 move calmmind mega\n>p2 move gyroball\n>p1 move hypervoice\n>p2 move gyroball\n>p1 move hypervoice\n>p2 move gyroball\n>p2 switch 4\n>chat ☆mlungero|Alright now it's a match lol\n>p1 move hypervoice\n>p2 move thunderwave\n>p1 move willowisp\n>p2 move moonblast\n>p1 switch 3\n>p1 move wildcharge\n>p2 move moonblast\n>p1 move earthquake\n>p2 move moonblast\n>p2 switch 5\n>p1 move wildcharge\n>p2 move suckerpunch\n>p1 switch 6\n>p1 move knockoff\n>p2 switch 2\n>p1 move scald\n>p2 move toxic\n>p1 move scald\n>p2 move foulplay\n>p1 switch 5\n>p2 move moonlight\n>p1 move spikes\n>p2 switch 2\n>p1 move gigadrain\n>p2 move foulplay\n>p1 move gigadrain\n>p2 move foulplay\n>p1 move spikes\n>p2 move foulplay\n>p1 switch 5\n>p1 move scald\n>p2 move suckerpunch\n>p2 switch 2\n>p1 move wish\n>p2 move healbell\n>p1 move scald\n>p2 move foulplay\n>p1 move scald\n>p2 move foulplay\n>p1 switch 2\n>p2 move moonlight\n>p1 move superpower\n>p2 move moonlight\n>p2 switch 3\n>p1 move psychoboost\n>p2 move headsmash\n>p2 switch 6\n>p1 switch 2\n>p2 move earthquake\n>p1 move scald\n>p2 move taunt\n>p1 move scald\n>p2 move earthquake\n>p1 move scald\n>p2 move earthquake\n>p1 switch 2\n>p1 move psychoboost\n>p2 move earthquake", "uploadtime": 1768425933, "views": 262, "formatid": "gen6randombattle", "rating": 1612, "private": 0, "password": null}