{"id": "gen6randombattle-2522542182", "format": "[Gen 6] Random Battle", "players": ["arboretums", "ikkokass"], "log": "|j|☆arboretums\n|j|☆ikkokass\n|t:|1768921114\n|gametype|singles\n|player|p1|arboretums|serena-masters2|1651\n|player|p2|ikkokass|roxie|1584\n|gen|6\n|tier|[Gen 6] Random Battle\n|rated|\n|rule|Sleep Clause Mod: Limit one foe put to sleep\n|rule|HP Percentage Mod: HP is shown in percentages\n|rule|Illusion Level Mod: Illusion disguises the Pokémon's true level\n|\n|t:|1768921114\n|teamsize|p1|6\n|teamsize|p2|6\n|start\n|switch|p1a: Furfrou|Furfrou-La Reine, L85, F|266/266\n|switch|p2a: Ditto|Ditto, L84|218/218\n|-transform|p2a: Ditto|p1a: Furfrou|[from] ability: Imposter\n|turn|1\n|\n|t:|1768921119\n|move|p2a: Ditto|Toxic|p1a: Furfrou\n|-status|p1a: Furfrou|tox\n|move|p1a: Furfrou|Toxic|p2a: Ditto\n|-status|p2a: Ditto|tox\n|\n|-damage|p2a: Ditto|205/218 tox|[from] psn\n|-damage|p1a: Furfrou|250/266 tox|[from] psn\n|upkeep\n|turn|2\n|inactive|Battle timer is ON: inactive players will automatically lose when time's up. (requested by arboretums)\n|inactive|ikkokass also wants the timer to be on.\n|\n|t:|1768921128\n|switch|p2a: Toxicroak|Toxicroak, L83, F|273/273\n|move|p1a: Furfrou|Cotton Guard|p1a: Furfrou\n|-boost|p1a: Furfrou|def|3\n|\n|-damage|p1a: Furfrou|218/266 tox|[from] psn\n|upkeep\n|turn|3\n|\n|t:|1768921132\n|move|p1a: Furfrou|Cotton Guard|p1a: Furfrou\n|-boost|p1a: Furfrou|def|3\n|move|p2a: Toxicroak|Substitute|p2a: Toxicroak\n|-start|p2a: Toxicroak|Substitute\n|-damage|p2a: Toxicroak|205/273\n|\n|-heal|p2a: Toxicroak|222/273|[from] item: Black Sludge\n|-damage|p1a: Furfrou|170/266 tox|[from] psn\n|upkeep\n|turn|4\n|\n|t:|1768921135\n|move|p1a: Furfrou|Return|p2a: Toxicroak\n|-end|p2a: Toxicroak|Substitute\n|move|p2a: Toxicroak|Swords Dance|p2a: Toxicroak\n|-boost|p2a: Toxicroak|atk|2\n|\n|-heal|p2a: Toxicroak|239/273|[from] item: Black Sludge\n|-damage|p1a: Furfrou|106/266 tox|[from] psn\n|upkeep\n|turn|5\n|\n|t:|1768921144\n|move|p1a: Furfrou|Rest|p1a: Furfrou\n|-status|p1a: Furfrou|slp|[from] move: Rest\n|-heal|p1a: Furfrou|266/266 slp|[silent]\n|-enditem|p1a: Furfrou|Chesto Berry|[eat]\n|-curestatus|p1a: Furfrou|slp|[msg]\n|move|p2a: Toxicroak|Substitute|p2a: Toxicroak\n|-start|p2a: Toxicroak|Substitute\n|-damage|p2a: Toxicroak|171/273\n|\n|-heal|p2a: Toxicroak|188/273|[from] item: Black Sludge\n|upkeep\n|turn|6\n|\n|t:|1768921150\n|move|p1a: Furfrou|Return|p2a: Toxicroak\n|-end|p2a: Toxicroak|Substitute\n|move|p2a: Toxicroak|Swords Dance|p2a: Toxicroak\n|-boost|p2a: Toxicroak|atk|2\n|\n|-heal|p2a: Toxicroak|205/273|[from] item: Black Sludge\n|upkeep\n|turn|7\n|\n|t:|1768921158\n|move|p1a: Furfrou|Return|p2a: Toxicroak\n|-damage|p2a: Toxicroak|75/273\n|move|p2a: Toxicroak|Swords Dance|p2a: Toxicroak\n|-boost|p2a: Toxicroak|atk|2\n|\n|-heal|p2a: Toxicroak|92/273|[from] item: Black Sludge\n|upkeep\n|turn|8\n|\n|t:|1768921163\n|move|p1a: Furfrou|Return|p2a: Toxicroak\n|-damage|p2a: Toxicroak|0 fnt\n|faint|p2a: Toxicroak\n|\n|upkeep\n|\n|t:|1768921170\n|switch|p2a: Swanna|Swanna, L85, M|266/266\n|turn|9\n|\n|t:|1768921175\n|move|p1a: Furfrou|Return|p2a: Swanna\n|-damage|p2a: Swanna|146/266\n|move|p2a: Swanna|Scald|p1a: Furfrou\n|-damage|p1a: Furfrou|182/266\n|-status|p1a: Furfrou|brn\n|\n|-heal|p2a: Swanna|162/266|[from] item: Leftovers\n|-damage|p1a: Furfrou|149/266 brn|[from] brn\n|upkeep\n|turn|10\n|\n|t:|1768921184\n|move|p1a: Furfrou|Return|p2a: Swanna\n|-damage|p2a: Swanna|102/266\n|move|p2a: Swanna|Roost|p2a: Swanna\n|-heal|p2a: Swanna|235/266\n|-singleturn|p2a: Swanna|move: Roost\n|\n|-heal|p2a: Swanna|251/266|[from] item: Leftovers\n|-damage|p1a: Furfrou|116/266 brn|[from] brn\n|upkeep\n|turn|11\n|\n|t:|1768921188\n|move|p1a: Furfrou|Rest|p1a: Furfrou\n|-status|p1a: Furfrou|slp|[from] move: Rest\n|-heal|p1a: Furfrou|266/266 slp|[silent]\n|move|p2a: Swanna|Roost|p2a: Swanna\n|-heal|p2a: Swanna|266/266\n|-singleturn|p2a: Swanna|move: Roost\n|\n|upkeep\n|turn|12\n|\n|t:|1768921195\n|switch|p2a: Diancie|Diancie, L75|199/199\n|cant|p1a: Furfrou|slp\n|\n|upkeep\n|turn|13\n|\n|t:|1768921199\n|detailschange|p2a: Diancie|Diancie-Mega, L75\n|-mega|p2a: Diancie|Diancie|Diancite\n|cant|p1a: Furfrou|slp\n|move|p2a: Diancie|Diamond Storm|p1a: Furfrou\n|-crit|p1a: Furfrou\n|-damage|p1a: Furfrou|140/266 slp\n|\n|upkeep\n|turn|14\n|\n|t:|1768921208\n|switch|p1a: Tangrowth|Tangrowth, L88, F|319/319\n|move|p2a: Diancie|Protect||[still]\n|-fail|p2a: Diancie\n|\n|upkeep\n|turn|15\n|\n|t:|1768921215\n|switch|p2a: Swanna|Swanna, L85, M|266/266\n|move|p1a: Tangrowth|Power Whip|p2a: Swanna\n|-damage|p2a: Swanna|95/266\n|\n|-heal|p2a: Swanna|111/266|[from] item: Leftovers\n|upkeep\n|turn|16\n|\n|t:|1768921231\n|switch|p1a: Furfrou|Furfrou-La Reine, L85, F|140/266 slp\n|move|p2a: Swanna|Brave Bird|p1a: Furfrou\n|-damage|p1a: Furfrou|67/266 slp\n|-damage|p2a: Swanna|87/266|[from] Recoil\n|\n|-heal|p2a: Swanna|103/266|[from] item: Leftovers\n|upkeep\n|turn|17\n|\n|t:|1768921238\n|-curestatus|p1a: Furfrou|slp|[msg]\n|move|p1a: Furfrou|Return|p2a: Swanna\n|-damage|p2a: Swanna|0 fnt\n|faint|p2a: Swanna\n|\n|upkeep\n|\n|t:|1768921247\n|switch|p2a: Diancie|Diancie-Mega, L75|199/199\n|turn|18\n|\n|t:|1768921255\n|move|p1a: Furfrou|Rest|p1a: Furfrou\n|-status|p1a: Furfrou|slp|[from] move: Rest\n|-heal|p1a: Furfrou|266/266 slp|[silent]\n|move|p2a: Diancie|Diamond Storm|p1a: Furfrou\n|-damage|p1a: Furfrou|179/266 slp\n|\n|upkeep\n|turn|19\n|\n|t:|1768921265\n|switch|p1a: Tangrowth|Tangrowth, L88, F|319/319\n|move|p2a: Diancie|Diamond Storm|p1a: Tangrowth\n|-damage|p1a: Tangrowth|229/319\n|-boost|p2a: Diancie|def|1\n|\n|upkeep\n|turn|20\n|\n|t:|1768921275\n|move|p2a: Diancie|Protect|p2a: Diancie\n|-singleturn|p2a: Diancie|Protect\n|move|p1a: Tangrowth|Power Whip|p2a: Diancie\n|-activate|p2a: Diancie|move: Protect\n|\n|upkeep\n|turn|21\n|\n|t:|1768921282\n|move|p2a: Diancie|Moonblast|p1a: Tangrowth\n|-crit|p1a: Tangrowth\n|-damage|p1a: Tangrowth|0 fnt\n|faint|p1a: Tangrowth\n|\n|upkeep\n|\n|t:|1768921298\n|switch|p1a: Florges|Florges-White, L84, F|268/268\n|turn|22\n|\n|t:|1768921311\n|move|p2a: Diancie|Protect|p2a: Diancie\n|-singleturn|p2a: Diancie|Protect\n|move|p1a: Florges|Moonblast|p2a: Diancie\n|-activate|p2a: Diancie|move: Protect\n|\n|upkeep\n|turn|23\n|\n|t:|1768921322\n|move|p2a: Diancie|Moonblast|p1a: Florges\n|-damage|p1a: Florges|186/268\n|move|p1a: Florges|Moonblast|p2a: Diancie\n|-damage|p2a: Diancie|99/199\n|\n|-heal|p1a: Florges|202/268|[from] item: Leftovers\n|upkeep\n|turn|24\n|\n|t:|1768921329\n|switch|p2a: Ditto|Ditto, L84|205/218 tox\n|-transform|p2a: Ditto|p1a: Florges|[from] ability: Imposter\n|move|p1a: Florges|Moonblast|p2a: Ditto\n|-damage|p2a: Ditto|136/218 tox\n|\n|-heal|p1a: Florges|218/268|[from] item: Leftovers\n|-damage|p2a: Ditto|123/218 tox|[from] psn\n|upkeep\n|turn|25\n|\n|t:|1768921338\n|move|p2a: Ditto|Moonblast|p1a: Florges\n|-damage|p1a: Florges|148/268\n|move|p1a: Florges|Calm Mind|p1a: Florges\n|-boost|p1a: Florges|spa|1\n|-boost|p1a: Florges|spd|1\n|\n|-heal|p1a: Florges|164/268|[from] item: Leftovers\n|-damage|p2a: Ditto|97/218 tox|[from] psn\n|upkeep\n|turn|26\n|\n|t:|1768921343\n|move|p2a: Ditto|Moonblast|p1a: Florges\n|-damage|p1a: Florges|116/268\n|move|p1a: Florges|Synthesis|p1a: Florges\n|-heal|p1a: Florges|250/268\n|\n|-heal|p1a: Florges|266/268|[from] item: Leftovers\n|-damage|p2a: Ditto|58/218 tox|[from] psn\n|upkeep\n|turn|27\n|-message|ikkokass forfeited.\n|\n|win|arboretums\n|raw|arboretums's rating: 1651 &rarr; <strong>1667</strong><br />(+16 for winning)\n|raw|ikkokass's rating: 1584 &rarr; <strong>1568</strong><br />(-16 for losing)\n|l|☆ikkokass\n|player|p2|\n", "inputlog": ">version 3bd1a1e329da8d286644078cfc9a9638fc7ea025\n>start {\"formatid\":\"gen6randombattle\",\"seed\":\"sodium,2767c48619829a08a5c5302a86a502d5\",\"rated\":\"Rated battle\"}\n>player p1 {\"name\":\"arboretums\",\"avatar\":\"serena-masters2\",\"rating\":1651,\"seed\":\"sodium,3f23c4325361fc5f46056bf1271977cb\"}\n>player p2 {\"name\":\"ikkokass\",\"avatar\":\"roxie\",\"rating\":1584,\"seed\":\"sodium,e05aed0182d840d8c40e7f5ea1f5fdb3\"}\n>p1 move toxic\n>p2 move toxic\n>p1 move cottonguard\n>p2 switch 5\n>p1 move cottonguard\n>p2 move substitute\n>p1 move return\n>p2 move swordsdance\n>p1 move rest\n>p2 move substitute\n>p1 move return\n>p2 move swordsdance\n>p1 move return\n>p2 move swordsdance\n>p1 move return\n>p2 move drainpunch\n>p2 switch 4\n>p1 move return\n>p2 move scald\n>p1 move return\n>p2 move roost\n>p1 move rest\n>p2 move roost\n>p1 move return\n>p2 switch 6\n>p1 move toxic\n>p2 move diamondstorm mega\n>p1 switch 2\n>p2 move protect\n>p1 move powerwhip\n>p2 switch 6\n>p1 switch 2\n>p2 move bravebird\n>p1 move return\n>p2 move scald\n>p2 switch 6\n>p1 move rest\n>p2 move diamondstorm\n>p1 switch 2\n>p2 move diamondstorm\n>p1 move powerwhip\n>p2 move protect\n>p1 move sludgebomb\n>p2 move moonblast\n>p1 switch 3\n>p1 move moonblast\n>p2 move protect\n>p1 move moonblast\n>p2 move moonblast\n>p1 move moonblast\n>p2 switch 5\n>p1 move calmmind\n>p2 move moonblast\n>p1 move synthesis\n>p2 move moonblast\n>forcelose p2", "uploadtime": 1768921352, "views": 299, "formatid": "gen6randombattle", "rating": 1568, "private": 0, "password": null}