{"id": "gen6randombattle-2522596367", "format": "[Gen 6] Random Battle", "players": ["martin mad", "arboretums"], "log": "|j|☆martin mad\n|j|☆arboretums\n|t:|1768926429\n|gametype|singles\n|player|p1|martin mad|steven|1540\n|player|p2|arboretums|serena-masters2|1588\n|gen|6\n|tier|[Gen 6] Random Battle\n|rated|\n|rule|Sleep Clause Mod: Limit one foe put to sleep\n|rule|HP Percentage Mod: HP is shown in percentages\n|rule|Illusion Level Mod: Illusion disguises the Pokémon's true level\n|\n|t:|1768926429\n|teamsize|p1|6\n|teamsize|p2|6\n|start\n|switch|p1a: Nidoqueen|Nidoqueen, L81, F|278/278\n|switch|p2a: Throh|Throh, L88, M|354/354\n|turn|1\n|\n|t:|1768926481\n|switch|p1a: Uxie|Uxie, L81|254/254\n|switch|p2a: Gothitelle|Gothitelle, L89, M|269/269\n|\n|upkeep\n|turn|2\n|inactive|Battle timer is ON: inactive players will automatically lose when time's up. (requested by arboretums)\n|\n|t:|1768926511\n|move|p2a: Gothitelle|Shadow Ball|p1a: Uxie\n|-supereffective|p1a: Uxie\n|-damage|p1a: Uxie|162/254\n|move|p1a: Uxie|Toxic|p2a: Gothitelle|[miss]\n|-miss|p1a: Uxie|p2a: Gothitelle\n|\n|-heal|p1a: Uxie|177/254|[from] item: Leftovers\n|upkeep\n|turn|3\n|\n|t:|1768926539\n|move|p2a: Gothitelle|Shadow Ball|p1a: Uxie\n|-supereffective|p1a: Uxie\n|-damage|p1a: Uxie|79/254\n|move|p1a: Uxie|Stealth Rock|p2a: Gothitelle\n|-sidestart|p2: arboretums|move: Stealth Rock\n|\n|-heal|p1a: Uxie|94/254|[from] item: Leftovers\n|upkeep\n|turn|4\n|\n|t:|1768926544\n|move|p2a: Gothitelle|Shadow Ball|p1a: Uxie\n|-supereffective|p1a: Uxie\n|-damage|p1a: Uxie|0 fnt\n|faint|p1a: Uxie\n|\n|upkeep\n|\n|t:|1768926548\n|switch|p1a: Absol|Absol, L80, F|235/235\n|turn|5\n|\n|t:|1768926560\n|-activate|p2a: Gothitelle|move: Pursuit\n|detailschange|p1a: Absol|Absol-Mega, L80, F\n|-mega|p1a: Absol|Absol|Absolite\n|move|p1a: Absol|Pursuit|p2a: Gothitelle|[from] Pursuit\n|-supereffective|p2a: Gothitelle\n|-damage|p2a: Gothitelle|75/269\n|switch|p2a: Throh|Throh, L88, M|354/354\n|-damage|p2a: Throh|332/354|[from] Stealth Rock\n|\n|-heal|p2a: Throh|354/354|[from] item: Leftovers\n|upkeep\n|turn|6\n|\n|t:|1768926574\n|switch|p1a: Nidoqueen|Nidoqueen, L81, F|278/278\n|move|p2a: Throh|Bulk Up|p2a: Throh\n|-boost|p2a: Throh|atk|1\n|-boost|p2a: Throh|def|1\n|\n|upkeep\n|turn|7\n|\n|t:|1768926578\n|move|p1a: Nidoqueen|Sludge Wave|p2a: Throh\n|-damage|p2a: Throh|236/354\n|move|p2a: Throh|Circle Throw|p1a: Nidoqueen\n|-resisted|p1a: Nidoqueen\n|-damage|p1a: Nidoqueen|224/278\n|drag|p1a: Volbeat|Volbeat, L91, M|266/266\n|\n|-heal|p2a: Throh|258/354|[from] item: Leftovers\n|upkeep\n|turn|8\n|\n|t:|1768926585\n|move|p1a: Volbeat|Encore|p2a: Throh\n|-start|p2a: Throh|Encore\n|move|p2a: Throh|Circle Throw|p1a: Volbeat\n|-resisted|p1a: Volbeat\n|-crit|p1a: Volbeat\n|-damage|p1a: Volbeat|170/266\n|drag|p1a: Slowking|Slowking, L86, F|304/304\n|\n|-heal|p2a: Throh|280/354|[from] item: Leftovers\n|upkeep\n|turn|9\n|\n|t:|1768926590\n|move|p1a: Slowking|Scald|p2a: Throh\n|-damage|p2a: Throh|183/354\n|move|p2a: Throh|Circle Throw|p1a: Slowking\n|-resisted|p1a: Slowking\n|-damage|p1a: Slowking|244/304\n|drag|p1a: Absol|Absol-Mega, L80, F|235/235\n|\n|-heal|p2a: Throh|205/354|[from] item: Leftovers\n|upkeep\n|turn|10\n|\n|t:|1768926597\n|switch|p1a: Volbeat|Volbeat, L91, M|170/266\n|move|p2a: Throh|Circle Throw|p1a: Volbeat\n|-resisted|p1a: Volbeat\n|-damage|p1a: Volbeat|104/266\n|drag|p1a: Ditto|Ditto, L84|218/218\n|-transform|p1a: Ditto|p2a: Throh|[from] ability: Imposter\n|\n|-heal|p2a: Throh|227/354|[from] item: Leftovers\n|-end|p2a: Throh|Encore\n|upkeep\n|turn|11\n|\n|t:|1768926603\n|move|p1a: Ditto|Circle Throw|p2a: Throh\n|-damage|p2a: Throh|157/354\n|drag|p2a: Gothitelle|Gothitelle, L89, M|75/269\n|-damage|p2a: Gothitelle|42/269|[from] Stealth Rock\n|\n|upkeep\n|turn|12\n|\n|t:|1768926610\n|move|p2a: Gothitelle|Psychic|p1a: Ditto\n|-supereffective|p1a: Ditto\n|-crit|p1a: Ditto\n|-damage|p1a: Ditto|0 fnt\n|faint|p1a: Ditto\n|\n|upkeep\n|\n|t:|1768926616\n|switch|p1a: Absol|Absol-Mega, L80, F|235/235\n|turn|13\n|\n|t:|1768926622\n|-activate|p2a: Gothitelle|move: Pursuit\n|move|p1a: Absol|Pursuit|p2a: Gothitelle|[from] Pursuit\n|-supereffective|p2a: Gothitelle\n|-damage|p2a: Gothitelle|0 fnt\n|faint|p2a: Gothitelle\n|-hint|A Pokemon can't switch between when it runs out of HP and when it faints\n|\n|upkeep\n|\n|t:|1768926624\n|switch|p2a: Throh|Throh, L88, M|157/354\n|-damage|p2a: Throh|135/354|[from] Stealth Rock\n|turn|14\n|\n|t:|1768926627\n|move|p1a: Absol|Play Rough|p2a: Throh\n|-supereffective|p2a: Throh\n|-damage|p2a: Throh|0 fnt\n|faint|p2a: Throh\n|\n|upkeep\n|\n|t:|1768926636\n|switch|p2a: Furfrou|Furfrou, L85, F|266/266\n|-damage|p2a: Furfrou|233/266|[from] Stealth Rock\n|turn|15\n|\n|t:|1768926644\n|move|p1a: Absol|Knock Off|p2a: Furfrou\n|-damage|p2a: Furfrou|148/266\n|-enditem|p2a: Furfrou|Chesto Berry|[from] move: Knock Off|[of] p1a: Absol\n|move|p2a: Furfrou|Return|p1a: Absol\n|-damage|p1a: Absol|91/235\n|\n|upkeep\n|turn|16\n|\n|t:|1768926652\n|switch|p1a: Slowking|Slowking, L86, F|304/304\n|move|p2a: Furfrou|Cotton Guard|p2a: Furfrou\n|-boost|p2a: Furfrou|def|3\n|\n|upkeep\n|turn|17\n|\n|t:|1768926656\n|move|p2a: Furfrou|Toxic|p1a: Slowking\n|-status|p1a: Slowking|tox\n|move|p1a: Slowking|Scald|p2a: Furfrou\n|-damage|p2a: Furfrou|60/266\n|-status|p2a: Furfrou|brn\n|\n|-damage|p1a: Slowking|285/304 tox|[from] psn\n|-damage|p2a: Furfrou|27/266 brn|[from] brn\n|upkeep\n|turn|18\n|\n|t:|1768926662\n|move|p2a: Furfrou|Rest|p2a: Furfrou\n|-status|p2a: Furfrou|slp|[from] move: Rest\n|-heal|p2a: Furfrou|266/266 slp|[silent]\n|move|p1a: Slowking|Nasty Plot|p1a: Slowking\n|-boost|p1a: Slowking|spa|2\n|\n|-heal|p1a: Slowking|304/304 tox|[from] item: Leftovers\n|-damage|p1a: Slowking|266/304 tox|[from] psn\n|upkeep\n|turn|19\n|\n|t:|1768926666\n|cant|p2a: Furfrou|slp\n|move|p1a: Slowking|Scald|p2a: Furfrou\n|-damage|p2a: Furfrou|85/266 slp\n|\n|-heal|p1a: Slowking|285/304 tox|[from] item: Leftovers\n|-damage|p1a: Slowking|228/304 tox|[from] psn\n|upkeep\n|turn|20\n|\n|t:|1768926672\n|switch|p2a: Roserade|Roserade, L83, F|235/235\n|-damage|p2a: Roserade|206/235|[from] Stealth Rock\n|move|p1a: Slowking|Scald|p2a: Roserade\n|-resisted|p2a: Roserade\n|-damage|p2a: Roserade|125/235\n|-status|p2a: Roserade|brn\n|\n|-heal|p1a: Slowking|247/304 tox|[from] item: Leftovers\n|-damage|p1a: Slowking|171/304 tox|[from] psn\n|-damage|p2a: Roserade|96/235 brn|[from] brn\n|upkeep\n|turn|21\n|\n|t:|1768926677\n|switch|p1a: Volbeat|Volbeat, L91, M|104/266\n|move|p2a: Roserade|Leaf Storm|p1a: Volbeat\n|-resisted|p1a: Volbeat\n|-damage|p1a: Volbeat|0 fnt\n|-unboost|p2a: Roserade|spa|2\n|faint|p1a: Volbeat\n|-damage|p2a: Roserade|73/235 brn|[from] item: Life Orb\n|\n|-damage|p2a: Roserade|44/235 brn|[from] brn\n|upkeep\n|\n|t:|1768926681\n|switch|p1a: Absol|Absol-Mega, L80, F|91/235\n|turn|22\n|\n|t:|1768926686\n|move|p1a: Absol|Knock Off|p2a: Roserade\n|-damage|p2a: Roserade|0 fnt\n|-enditem|p2a: Roserade|Life Orb|[from] move: Knock Off|[of] p1a: Absol\n|faint|p2a: Roserade\n|\n|upkeep\n|\n|t:|1768926690\n|switch|p2a: Vespiquen|Vespiquen, F|301/301\n|-damage|p2a: Vespiquen|151/301|[from] Stealth Rock\n|-ability|p2a: Vespiquen|Pressure\n|turn|23\n|\n|t:|1768926693\n|move|p1a: Absol|Knock Off|p2a: Vespiquen\n|-damage|p2a: Vespiquen|46/301\n|-enditem|p2a: Vespiquen|Leftovers|[from] move: Knock Off|[of] p1a: Absol\n|move|p2a: Vespiquen|U-turn|p1a: Absol\n|-supereffective|p1a: Absol\n|-damage|p1a: Absol|0 fnt\n|faint|p1a: Absol\n|detailschange|p1: Absol|Absol, L80, F|[silent]\n|\n|t:|1768926698\n|switch|p2a: Mandibuzz|Mandibuzz, L84, F|322/322|[from] U-turn\n|-damage|p2a: Mandibuzz|242/322|[from] Stealth Rock\n|\n|-heal|p2a: Mandibuzz|262/322|[from] item: Leftovers\n|upkeep\n|\n|t:|1768926706\n|switch|p1a: Nidoqueen|Nidoqueen, L81, F|224/278\n|turn|24\n|\n|t:|1768926713\n|move|p2a: Mandibuzz|Defog|p1a: Nidoqueen\n|-unboost|p1a: Nidoqueen|evasion|1\n|-sideend|p2: arboretums|Stealth Rock|[from] move: Defog|[of] p2a: Mandibuzz\n|move|p1a: Nidoqueen|Ice Beam|p2a: Mandibuzz\n|-supereffective|p2a: Mandibuzz\n|-damage|p2a: Mandibuzz|101/322\n|\n|-heal|p2a: Mandibuzz|121/322|[from] item: Leftovers\n|upkeep\n|turn|25\n|\n|t:|1768926717\n|move|p2a: Mandibuzz|Roost|p2a: Mandibuzz\n|-heal|p2a: Mandibuzz|282/322\n|-singleturn|p2a: Mandibuzz|move: Roost\n|move|p1a: Nidoqueen|Sludge Wave|p2a: Mandibuzz\n|-damage|p2a: Mandibuzz|168/322\n|\n|-heal|p2a: Mandibuzz|188/322|[from] item: Leftovers\n|upkeep\n|turn|26\n|\n|t:|1768926723\n|move|p2a: Mandibuzz|Roost|p2a: Mandibuzz\n|-heal|p2a: Mandibuzz|322/322\n|-singleturn|p2a: Mandibuzz|move: Roost\n|move|p1a: Nidoqueen|Sludge Wave|p2a: Mandibuzz\n|-damage|p2a: Mandibuzz|196/322\n|\n|-heal|p2a: Mandibuzz|216/322|[from] item: Leftovers\n|upkeep\n|turn|27\n|\n|t:|1768926726\n|move|p2a: Mandibuzz|Foul Play|p1a: Nidoqueen\n|-damage|p1a: Nidoqueen|149/278\n|move|p1a: Nidoqueen|Ice Beam|p2a: Mandibuzz\n|-supereffective|p2a: Mandibuzz\n|-damage|p2a: Mandibuzz|55/322\n|\n|-heal|p2a: Mandibuzz|75/322|[from] item: Leftovers\n|upkeep\n|turn|28\n|\n|t:|1768926730\n|switch|p1a: Slowking|Slowking, L86, F|272/304 tox\n|move|p2a: Mandibuzz|Roost|p2a: Mandibuzz\n|-heal|p2a: Mandibuzz|236/322\n|-singleturn|p2a: Mandibuzz|move: Roost\n|\n|-heal|p2a: Mandibuzz|256/322|[from] item: Leftovers\n|-heal|p1a: Slowking|291/304 tox|[from] item: Leftovers\n|-damage|p1a: Slowking|272/304 tox|[from] psn\n|upkeep\n|turn|29\n|\n|t:|1768926733\n|move|p2a: Mandibuzz|Foul Play|p1a: Slowking\n|-supereffective|p1a: Slowking\n|-damage|p1a: Slowking|140/304 tox\n|move|p1a: Slowking|Nasty Plot|p1a: Slowking\n|-boost|p1a: Slowking|spa|2\n|\n|-heal|p2a: Mandibuzz|276/322|[from] item: Leftovers\n|-heal|p1a: Slowking|159/304 tox|[from] item: Leftovers\n|-damage|p1a: Slowking|121/304 tox|[from] psn\n|upkeep\n|turn|30\n|\n|t:|1768926737\n|move|p2a: Mandibuzz|Foul Play|p1a: Slowking\n|-supereffective|p1a: Slowking\n|-crit|p1a: Slowking\n|-damage|p1a: Slowking|0 fnt\n|faint|p1a: Slowking\n|\n|-heal|p2a: Mandibuzz|296/322|[from] item: Leftovers\n|upkeep\n|\n|t:|1768926739\n|switch|p1a: Nidoqueen|Nidoqueen, L81, F|149/278\n|turn|31\n|-message|martin mad forfeited.\n|\n|win|arboretums\n|raw|martin mad's rating: 1540 &rarr; <strong>1523</strong><br />(-17 for losing)\n|raw|arboretums's rating: 1588 &rarr; <strong>1605</strong><br />(+17 for winning)\n|l|☆martin mad\n|player|p1|\n", "inputlog": ">version 3bd1a1e329da8d286644078cfc9a9638fc7ea025\n>start {\"formatid\":\"gen6randombattle\",\"seed\":\"sodium,82d27be0b6081fb8eef35f7f9d65c817\",\"rated\":\"Rated battle\"}\n>player p1 {\"name\":\"martin mad\",\"avatar\":\"steven\",\"rating\":1540,\"seed\":\"sodium,62ce903423148a195d9d6656a981ca40\"}\n>player p2 {\"name\":\"arboretums\",\"avatar\":\"serena-masters2\",\"rating\":1588,\"seed\":\"sodium,92119962f7a6e52772168d905f875474\"}\n>p1 switch 2\n>p2 switch 3\n>p1 move toxic\n>p2 move shadowball\n>p1 move stealthrock\n>p2 move shadowball\n>p1 move toxic\n>p2 move shadowball\n>p1 switch 5\n>p1 move pursuit mega\n>p2 switch 3\n>p1 switch 2\n>p2 move bulkup\n>p1 move sludgewave\n>p2 move circlethrow\n>p1 move encore\n>p2 move circlethrow\n>p1 move scald\n>p2 move circlethrow\n>p1 switch 6\n>p2 move circlethrow\n>p1 move circlethrow\n>p2 move circlethrow\n>p1 move circlethrow\n>p2 move psychic\n>p1 switch 6\n>p1 move pursuit\n>p2 switch 3\n>p2 switch 3\n>p1 move playrough\n>p2 move rest\n>p2 switch 2\n>p1 move knockoff\n>p2 move return\n>p1 switch 2\n>p2 move cottonguard\n>p1 move scald\n>p2 move toxic\n>p1 move nastyplot\n>p2 move rest\n>p1 move scald\n>p2 move return\n>p1 move scald\n>p2 switch 4\n>p1 switch 3\n>p2 move leafstorm\n>p1 switch 2\n>p1 move knockoff\n>p2 move sludgebomb\n>p2 switch 5\n>p1 move knockoff\n>p2 move uturn\n>p2 switch 6\n>p1 switch 4\n>p1 move icebeam\n>p2 move defog\n>p1 move sludgewave\n>p2 move roost\n>p1 move sludgewave\n>p2 move roost\n>p1 move icebeam\n>p2 move foulplay\n>p1 switch 3\n>p2 move roost\n>p1 move nastyplot\n>p2 move foulplay\n>p1 move icebeam\n>p2 move foulplay\n>p1 switch 3\n>forcelose p1", "uploadtime": 1768926742, "views": 300, "formatid": "gen6randombattle", "rating": 1523, "private": 0, "password": null}