{"id": "gen6randombattle-2525143157", "format": "[Gen 6] Random Battle", "players": ["Arav2007", "urgeed"], "log": "|j|☆Arav2007\n|j|☆urgeed\n|t:|1769235508\n|gametype|singles\n|player|p1|Arav2007|2|1475\n|player|p2|urgeed|lucas|1628\n|gen|6\n|tier|[Gen 6] Random Battle\n|rated|\n|rule|Sleep Clause Mod: Limit one foe put to sleep\n|rule|HP Percentage Mod: HP is shown in percentages\n|rule|Illusion Level Mod: Illusion disguises the Pokémon's true level\n|\n|t:|1769235508\n|teamsize|p1|6\n|teamsize|p2|6\n|start\n|switch|p1a: Volcanion|Volcanion, L79|256/256\n|switch|p2a: Banette|Banette, L87, F|253/253\n|-item|p1a: Volcanion|Leftovers|[from] ability: Frisk|[of] p2a: Banette\n|turn|1\n|inactive|Battle timer is ON: inactive players will automatically lose when time's up. (requested by Arav2007)\n|\n|t:|1769235523\n|move|p2a: Banette|Knock Off|p1a: Volcanion\n|-damage|p1a: Volcanion|182/256\n|-enditem|p1a: Volcanion|Leftovers|[from] move: Knock Off|[of] p2a: Banette\n|move|p1a: Volcanion|Steam Eruption|p2a: Banette\n|-damage|p2a: Banette|90/253\n|-status|p2a: Banette|brn\n|\n|-damage|p2a: Banette|59/253 brn|[from] brn\n|upkeep\n|turn|2\n|\n|t:|1769235534\n|switch|p2a: Samurott|Samurott, L87, M|307/307\n|move|p1a: Volcanion|Steam Eruption|p2a: Samurott\n|-resisted|p2a: Samurott\n|-damage|p2a: Samurott|262/307\n|-status|p2a: Samurott|brn\n|\n|-damage|p2a: Samurott|224/307 brn|[from] brn\n|upkeep\n|turn|3\n|\n|t:|1769235539\n|move|p2a: Samurott|Grass Knot|p1a: Volcanion\n|-damage|p1a: Volcanion|93/256\n|move|p1a: Volcanion|Superpower|p2a: Samurott\n|-damage|p2a: Samurott|137/307 brn\n|-unboost|p1a: Volcanion|atk|1\n|-unboost|p1a: Volcanion|def|1\n|\n|-damage|p2a: Samurott|99/307 brn|[from] brn\n|upkeep\n|turn|4\n|\n|t:|1769235542\n|move|p2a: Samurott|Grass Knot|p1a: Volcanion\n|-damage|p1a: Volcanion|9/256\n|move|p1a: Volcanion|Superpower|p2a: Samurott\n|-damage|p2a: Samurott|42/307 brn\n|-unboost|p1a: Volcanion|atk|1\n|-unboost|p1a: Volcanion|def|1\n|\n|-damage|p2a: Samurott|4/307 brn|[from] brn\n|upkeep\n|turn|5\n|\n|t:|1769235548\n|move|p2a: Samurott|Grass Knot|p1a: Volcanion\n|-damage|p1a: Volcanion|0 fnt\n|faint|p1a: Volcanion\n|\n|-damage|p2a: Samurott|0 fnt|[from] brn\n|faint|p2a: Samurott\n|upkeep\n|\n|t:|1769235558\n|switch|p2a: Hariyama|Hariyama, L86, M|388/388\n|switch|p1a: Whiscash|Whiscash, L88, F|337/337\n|turn|6\n|\n|t:|1769235562\n|move|p2a: Hariyama|Fake Out|p1a: Whiscash\n|-damage|p1a: Whiscash|299/337\n|cant|p1a: Whiscash|flinch\n|\n|-status|p2a: Hariyama|tox|[from] item: Toxic Orb\n|upkeep\n|turn|7\n|\n|t:|1769235568\n|move|p1a: Whiscash|Dragon Dance|p1a: Whiscash\n|-boost|p1a: Whiscash|atk|1\n|-boost|p1a: Whiscash|spe|1\n|move|p2a: Hariyama|Facade|p1a: Whiscash\n|-damage|p1a: Whiscash|88/337\n|\n|-damage|p2a: Hariyama|364/388 tox|[from] psn\n|upkeep\n|turn|8\n|\n|t:|1769235576\n|move|p1a: Whiscash|Waterfall|p2a: Hariyama\n|-damage|p2a: Hariyama|181/388 tox\n|-damage|p1a: Whiscash|55/337|[from] item: Life Orb\n|move|p2a: Hariyama|Facade|p1a: Whiscash\n|-damage|p1a: Whiscash|0 fnt\n|faint|p1a: Whiscash\n|\n|-damage|p2a: Hariyama|133/388 tox|[from] psn\n|upkeep\n|\n|t:|1769235595\n|switch|p1a: Parasect|Parasect, M|282/282\n|turn|9\n|\n|t:|1769235600\n|move|p2a: Hariyama|Facade|p1a: Parasect\n|-damage|p1a: Parasect|128/282\n|move|p1a: Parasect|Seed Bomb|p2a: Hariyama\n|-damage|p2a: Hariyama|0 fnt\n|faint|p2a: Hariyama\n|\n|-heal|p1a: Parasect|145/282|[from] item: Leftovers\n|upkeep\n|\n|t:|1769235604\n|switch|p2a: Heatran|Heatran, L78, F|270/270\n|turn|10\n|\n|t:|1769235609\n|switch|p1a: Goodra|Goodra, L85, F|292/292\n|move|p2a: Heatran|Magma Storm|p1a: Goodra|[miss]\n|-miss|p2a: Heatran|p1a: Goodra\n|\n|upkeep\n|turn|11\n|\n|t:|1769235613\n|move|p2a: Heatran|Protect|p2a: Heatran\n|-singleturn|p2a: Heatran|Protect\n|move|p1a: Goodra|Dragon Tail|p2a: Heatran\n|-activate|p2a: Heatran|move: Protect\n|\n|upkeep\n|turn|12\n|\n|t:|1769235617\n|move|p2a: Heatran|Magma Storm|p1a: Goodra\n|-resisted|p1a: Goodra\n|-damage|p1a: Goodra|265/292\n|-activate|p1a: Goodra|move: Magma Storm|[of] p2a: Heatran\n|move|p1a: Goodra|Dragon Tail|p2a: Heatran\n|-resisted|p2a: Heatran\n|-damage|p2a: Heatran|235/270\n|drag|p2a: Wobbuffet|Wobbuffet, L93, M|504/504\n|\n|-end|p1a: Goodra|Magma Storm|[partiallytrapped]|[silent]\n|upkeep\n|turn|13\n|\n|t:|1769235621\n|move|p2a: Wobbuffet|Encore|p1a: Goodra\n|-start|p1a: Goodra|Encore\n|move|p1a: Goodra|Dragon Tail|p2a: Wobbuffet\n|-damage|p2a: Wobbuffet|426/504\n|drag|p2a: Banette|Banette, L87, F|59/253 brn\n|-item|p1a: Goodra|Assault Vest|[from] ability: Frisk|[of] p2a: Banette\n|\n|-damage|p2a: Banette|28/253 brn|[from] brn\n|upkeep\n|turn|14\n|\n|t:|1769235630\n|switch|p2a: Heatran|Heatran, L78, F|235/270\n|move|p1a: Goodra|Dragon Tail|p2a: Heatran\n|-resisted|p2a: Heatran\n|-damage|p2a: Heatran|206/270\n|drag|p2a: Banette|Banette, L87, F|28/253 brn\n|-item|p1a: Goodra|Assault Vest|[from] ability: Frisk|[of] p2a: Banette\n|\n|-damage|p2a: Banette|0 fnt|[from] brn\n|faint|p2a: Banette\n|upkeep\n|\n|t:|1769235638\n|switch|p2a: Heatran|Heatran, L78, F|206/270\n|turn|15\n|\n|t:|1769235643\n|move|p2a: Heatran|Protect|p2a: Heatran\n|-singleturn|p2a: Heatran|Protect\n|move|p1a: Goodra|Dragon Tail|p2a: Heatran\n|-activate|p2a: Heatran|move: Protect\n|\n|-heal|p2a: Heatran|222/270|[from] item: Leftovers\n|-end|p1a: Goodra|Encore\n|upkeep\n|turn|16\n|\n|t:|1769235647\n|switch|p1a: Ditto|Ditto, L84|218/218\n|-transform|p1a: Ditto|p2a: Heatran|[from] ability: Imposter\n|move|p2a: Heatran|Toxic|p1a: Ditto\n|-immune|p1a: Ditto\n|\n|-heal|p2a: Heatran|238/270|[from] item: Leftovers\n|upkeep\n|turn|17\n|\n|t:|1769235657\n|switch|p1a: Marowak|Marowak, L88, F|249/249\n|move|p2a: Heatran|Protect||[still]\n|-fail|p2a: Heatran\n|\n|-heal|p2a: Heatran|254/270|[from] item: Leftovers\n|upkeep\n|turn|18\n|\n|t:|1769235662\n|switch|p2a: Castform|Castform, L97, M|293/293\n|move|p1a: Marowak|Earthquake|p2a: Castform\n|-damage|p2a: Castform|80/293\n|\n|upkeep\n|turn|19\n|\n|t:|1769235673\n|switch|p1a: Goodra|Goodra, L85, F|265/292\n|move|p2a: Castform|Scald|p1a: Goodra\n|-resisted|p1a: Goodra\n|-damage|p1a: Goodra|253/292\n|\n|upkeep\n|turn|20\n|\n|t:|1769235676\n|move|p2a: Castform|Return|p1a: Goodra\n|-damage|p1a: Goodra|115/292\n|move|p1a: Goodra|Sludge Bomb|p2a: Castform\n|-crit|p2a: Castform\n|-damage|p2a: Castform|4/293\n|\n|upkeep\n|turn|21\n|\n|t:|1769235682\n|move|p2a: Castform|Return|p1a: Goodra\n|-damage|p1a: Goodra|0 fnt\n|faint|p1a: Goodra\n|\n|upkeep\n|\n|t:|1769235687\n|switch|p1a: Ditto|Ditto, L84|218/218\n|-transform|p1a: Ditto|p2a: Castform|[from] ability: Imposter\n|turn|22\n|\n|t:|1769235690\n|switch|p2a: Wobbuffet|Wobbuffet, L93, M|426/504\n|move|p1a: Ditto|Return|p2a: Wobbuffet\n|-crit|p2a: Wobbuffet\n|-damage|p2a: Wobbuffet|248/504\n|\n|upkeep\n|turn|23\n|\n|t:|1769235699\n|move|p1a: Ditto|Return|p2a: Wobbuffet\n|-damage|p2a: Wobbuffet|119/504\n|move|p2a: Wobbuffet|Counter|p1a: Ditto\n|-damage|p1a: Ditto|0 fnt\n|faint|p1a: Ditto\n|\n|upkeep\n|\n|t:|1769235701\n|switch|p1a: Parasect|Parasect, M|145/282\n|turn|24\n|-enditem|p2a: Wobbuffet|Custap Berry|[eat]\n|-activate|p2a: Wobbuffet|item: Custap Berry|[consumed]\n|\n|t:|1769235706\n|move|p2a: Wobbuffet|Destiny Bond|p2a: Wobbuffet\n|-singlemove|p2a: Wobbuffet|Destiny Bond\n|move|p1a: Parasect|Spore|p2a: Wobbuffet\n|-status|p2a: Wobbuffet|slp|[from] move: Spore\n|\n|-heal|p1a: Parasect|162/282|[from] item: Leftovers\n|upkeep\n|turn|25\n|\n|t:|1769235714\n|move|p1a: Parasect|Spore|p2a: Wobbuffet\n|-fail|p2a: Wobbuffet|slp\n|cant|p2a: Wobbuffet|slp\n|\n|-heal|p1a: Parasect|179/282|[from] item: Leftovers\n|upkeep\n|turn|26\n|\n|t:|1769235724\n|move|p1a: Parasect|Knock Off|p2a: Wobbuffet\n|-supereffective|p2a: Wobbuffet\n|-damage|p2a: Wobbuffet|0 fnt\n|faint|p2a: Wobbuffet\n|\n|-heal|p1a: Parasect|196/282|[from] item: Leftovers\n|upkeep\n|\n|t:|1769235727\n|switch|p2a: Heatran|Heatran, L78, F|254/270\n|turn|27\n|\n|t:|1769235732\n|move|p2a: Heatran|Magma Storm|p1a: Parasect|[miss]\n|-miss|p2a: Heatran|p1a: Parasect\n|move|p1a: Parasect|Knock Off|p2a: Heatran\n|-damage|p2a: Heatran|169/270\n|-enditem|p2a: Heatran|Leftovers|[from] move: Knock Off|[of] p1a: Parasect\n|\n|-heal|p1a: Parasect|213/282|[from] item: Leftovers\n|upkeep\n|turn|28\n|\n|t:|1769235735\n|move|p2a: Heatran|Magma Storm|p1a: Parasect\n|-supereffective|p1a: Parasect\n|-damage|p1a: Parasect|0 fnt\n|faint|p1a: Parasect\n|\n|upkeep\n|\n|t:|1769235737\n|switch|p1a: Marowak|Marowak, L88, F|249/249\n|turn|29\n|\n|t:|1769235741\n|move|p2a: Heatran|Magma Storm|p1a: Marowak|[miss]\n|-miss|p2a: Heatran|p1a: Marowak\n|move|p1a: Marowak|Earthquake|p2a: Heatran\n|-supereffective|p2a: Heatran\n|-damage|p2a: Heatran|0 fnt\n|faint|p2a: Heatran\n|\n|upkeep\n|-message|urgeed forfeited.\n|\n|win|Arav2007\n|raw|Arav2007's rating: 1475 &rarr; <strong>1503</strong><br />(+28 for winning)\n|raw|urgeed's rating: 1628 &rarr; <strong>1600</strong><br />(-28 for losing)\n|l|☆urgeed\n|player|p2|\n", "inputlog": ">version dd3d52b8382d73d1dd2c67730c4067df325ab790\n>start {\"formatid\":\"gen6randombattle\",\"seed\":\"sodium,1c818895354767fa760c8f21b44e1f71\",\"rated\":\"Rated battle\"}\n>player p1 {\"name\":\"Arav2007\",\"avatar\":\"2\",\"rating\":1475,\"seed\":\"sodium,eeb8ba41db0bf1dd49c4b4c6e4e50941\"}\n>player p2 {\"name\":\"urgeed\",\"avatar\":\"lucas\",\"rating\":1628,\"seed\":\"sodium,24d98c88747936a8f89f2a67d6f3e09b\"}\n>p1 move steameruption\n>p2 move knockoff\n>p1 move steameruption\n>p2 switch 4\n>p1 move superpower\n>p2 move grassknot\n>p1 move superpower\n>p2 move grassknot\n>p1 move superpower\n>p2 move grassknot\n>p1 switch 2\n>p2 switch 2\n>p1 move dragondance\n>p2 move fakeout\n>p1 move dragondance\n>p2 move facade\n>p1 move waterfall\n>p2 move facade\n>p1 switch 5\n>p1 move seedbomb\n>p2 move facade\n>p2 switch 5\n>p1 switch 3\n>p2 move magmastorm\n>p1 move dragontail\n>p2 move protect\n>p1 move dragontail\n>p2 move magmastorm\n>p1 move dragontail\n>p2 move encore\n>p1 move dragontail\n>p2 switch 6\n>p2 switch 6\n>p1 move dragontail\n>p2 move protect\n>p1 switch 6\n>p2 move toxic\n>p1 switch 4\n>p2 move protect\n>p1 move earthquake\n>p2 switch 3\n>p1 switch 6\n>p2 move scald\n>p1 move sludgebomb\n>p2 move return\n>p1 move sludgebomb\n>p2 move return\n>p1 switch 4\n>p1 move return\n>p2 switch 4\n>p1 move return\n>p2 move counter\n>p1 switch 3\n>p1 move spore\n>p2 move destinybond\n>p1 move spore\n>p2 move destinybond\n>p1 move knockoff\n>p2 move destinybond\n>p2 switch 3\n>p1 move knockoff\n>p2 move magmastorm\n>p1 move spore\n>p2 move magmastorm\n>p1 switch 6\n>p1 move earthquake\n>p2 move magmastorm\n>forcelose p2", "uploadtime": 1769235746, "views": 266, "formatid": "gen6randombattle", "rating": 1503, "private": 0, "password": null}