{"id": "gen6randombattle-2539760425", "format": "[Gen 6] Random Battle", "players": ["Blatjanglover", "anilsahin026"], "log": "|j|☆Blatjanglover\n|j|☆anilsahin026\n|t:|1771105522\n|gametype|singles\n|player|p1|Blatjanglover|brock|1660\n|player|p2|anilsahin026|unknown|1539\n|gen|6\n|tier|[Gen 6] Random Battle\n|rated|\n|rule|Sleep Clause Mod: Limit one foe put to sleep\n|rule|HP Percentage Mod: HP is shown in percentages\n|rule|Illusion Level Mod: Illusion disguises the Pokémon's true level\n|\n|t:|1771105522\n|teamsize|p1|6\n|teamsize|p2|6\n|start\n|switch|p1a: Octillery|Octillery, L93, M|290/290\n|switch|p2a: Emolga|Emolga, L88, M|239/239\n|turn|1\n|inactive|Battle timer is ON: inactive players will automatically lose when time's up. (requested by anilsahin026)\n|\n|t:|1771105536\n|switch|p1a: Plusle|Plusle, L93, M|262/262\n|move|p2a: Emolga|Thunderbolt|p1a: Plusle\n|-ability|p1a: Plusle|Lightning Rod|boost\n|-boost|p1a: Plusle|spa|1\n|\n|upkeep\n|turn|2\n|\n|t:|1771105541\n|move|p2a: Emolga|U-turn|p1a: Plusle\n|-damage|p1a: Plusle|192/262\n|inactive|anilsahin026 has 120 seconds left.\n|inactive|anilsahin026 has 90 seconds left.\n|\n|t:|1771105624\n|switch|p2a: Dragalge|Dragalge, L87, M|255/255|[from] U-turn\n|move|p1a: Plusle|Hidden Power|p2a: Dragalge\n|-supereffective|p2a: Dragalge\n|-damage|p2a: Dragalge|159/255\n|-damage|p1a: Plusle|166/262|[from] item: Life Orb\n|\n|upkeep\n|turn|3\n|\n|t:|1771105647\n|move|p1a: Plusle|Hidden Power|p2a: Dragalge\n|-supereffective|p2a: Dragalge\n|-damage|p2a: Dragalge|63/255\n|-damage|p1a: Plusle|140/262|[from] item: Life Orb\n|move|p2a: Dragalge|Sludge Wave|p1a: Plusle\n|-damage|p1a: Plusle|0 fnt\n|faint|p1a: Plusle\n|\n|upkeep\n|\n|t:|1771105654\n|switch|p1a: Ambipom|Ambipom, L83, F|260/260\n|turn|4\n|\n|t:|1771105658\n|switch|p2a: Bronzong|Bronzong, L85|253/253\n|move|p1a: Ambipom|Return|p2a: Bronzong\n|-resisted|p2a: Bronzong\n|-damage|p2a: Bronzong|204/253\n|\n|-heal|p2a: Bronzong|219/253|[from] item: Leftovers\n|upkeep\n|turn|5\n|\n|t:|1771105663\n|move|p2a: Bronzong|Protect|p2a: Bronzong\n|-singleturn|p2a: Bronzong|Protect\n|move|p1a: Ambipom|Knock Off|p2a: Bronzong\n|-activate|p2a: Bronzong|move: Protect\n|\n|-heal|p2a: Bronzong|234/253|[from] item: Leftovers\n|upkeep\n|turn|6\n|\n|t:|1771105670\n|switch|p2a: Emolga|Emolga, L88, M|239/239\n|move|p1a: Ambipom|Knock Off|p2a: Emolga\n|-damage|p2a: Emolga|183/239\n|\n|upkeep\n|turn|7\n|\n|t:|1771105676\n|switch|p1a: Octillery|Octillery, L93, M|290/290\n|move|p2a: Emolga|Acrobatics|p1a: Octillery\n|-damage|p1a: Octillery|173/290\n|\n|upkeep\n|turn|8\n|\n|t:|1771105681\n|move|p2a: Emolga|Thunderbolt|p1a: Octillery\n|-supereffective|p1a: Octillery\n|-crit|p1a: Octillery\n|-damage|p1a: Octillery|0 fnt\n|faint|p1a: Octillery\n|\n|upkeep\n|c|☆Blatjanglover|Shit match up 😭\n|inactive|Blatjanglover has 120 seconds left.\n|c|☆anilsahin026|heheheh\n|c|☆Blatjanglover|Oh no, I have shit for brains. My monkey is faster than your electric thing so I didn't have to switch it 🫠\n|inactive|Blatjanglover has 90 seconds left.\n|c|☆anilsahin026|i just realized it too\n|c|☆anilsahin026|you are right haha\n|c|☆Blatjanglover|Yeah nah lemme just put this down coz clearly the brain has stopped working. Gg man\n|inactive|Blatjanglover has 60 seconds left.\n|\n|t:|1771105781\n|switch|p1a: Blastoise|Blastoise, L81, M|261/261\n|turn|9\n|\n|t:|1771105797\n|switch|p2a: Bronzong|Bronzong, L85|234/253\n|detailschange|p1a: Blastoise|Blastoise-Mega, L81, M\n|-mega|p1a: Blastoise|Blastoise|Blastoisinite\n|move|p1a: Blastoise|Ice Beam|p2a: Bronzong\n|-resisted|p2a: Bronzong\n|-damage|p2a: Bronzong|205/253\n|\n|-heal|p2a: Bronzong|220/253|[from] item: Leftovers\n|upkeep\n|turn|10\n|\n|t:|1771105800\n|move|p1a: Blastoise|Dark Pulse|p2a: Bronzong\n|-supereffective|p2a: Bronzong\n|-damage|p2a: Bronzong|60/253\n|move|p2a: Bronzong|Toxic|p1a: Blastoise\n|-status|p1a: Blastoise|tox\n|\n|-heal|p2a: Bronzong|75/253|[from] item: Leftovers\n|-damage|p1a: Blastoise|245/261 tox|[from] psn\n|upkeep\n|turn|11\n|\n|t:|1771105814\n|switch|p2a: Dragalge|Dragalge, L87, M|63/255\n|move|p1a: Blastoise|Scald|p2a: Dragalge\n|-resisted|p2a: Dragalge\n|-damage|p2a: Dragalge|37/255\n|-status|p2a: Dragalge|brn\n|\n|-damage|p1a: Blastoise|213/261 tox|[from] psn\n|-damage|p2a: Dragalge|6/255 brn|[from] brn\n|upkeep\n|turn|12\n|\n|t:|1771105821\n|move|p1a: Blastoise|Ice Beam|p2a: Dragalge\n|-supereffective|p2a: Dragalge\n|-damage|p2a: Dragalge|0 fnt\n|faint|p2a: Dragalge\n|\n|-damage|p1a: Blastoise|165/261 tox|[from] psn\n|upkeep\n|\n|t:|1771105829\n|switch|p2a: Unown|Unown-M|258/258\n|turn|13\n|inactive|Blatjanglover has 90 seconds left.\n|\n|t:|1771105838\n|move|p1a: Blastoise|Dark Pulse|p2a: Unown\n|-supereffective|p2a: Unown\n|-damage|p2a: Unown|0 fnt\n|faint|p2a: Unown\n|\n|-damage|p1a: Blastoise|101/261 tox|[from] psn\n|upkeep\n|\n|t:|1771105842\n|switch|p2a: Victreebel|Victreebel, L90, M|290/290\n|turn|14\n|\n|t:|1771105845\n|move|p2a: Victreebel|Sunny Day|p2a: Victreebel\n|-weather|SunnyDay\n|move|p1a: Blastoise|Ice Beam|p2a: Victreebel\n|-supereffective|p2a: Victreebel\n|-damage|p2a: Victreebel|130/290\n|\n|-weather|SunnyDay|[upkeep]\n|-damage|p1a: Blastoise|21/261 tox|[from] psn\n|upkeep\n|turn|15\n|\n|t:|1771105852\n|move|p2a: Victreebel|Sludge Bomb|p1a: Blastoise\n|-damage|p1a: Blastoise|0 fnt\n|faint|p1a: Blastoise\n|detailschange|p1: Blastoise|Blastoise, L81, M|[silent]\n|-damage|p2a: Victreebel|101/290|[from] item: Life Orb\n|\n|-weather|SunnyDay|[upkeep]\n|upkeep\n|\n|t:|1771105854\n|switch|p1a: Ambipom|Ambipom, L83, F|260/260\n|turn|16\n|\n|t:|1771105859\n|move|p1a: Ambipom|Fake Out|p2a: Victreebel\n|-damage|p2a: Victreebel|13/290\n|cant|p2a: Victreebel|flinch\n|\n|-weather|SunnyDay|[upkeep]\n|upkeep\n|turn|17\n|\n|t:|1771105865\n|switch|p1a: Girafarig|Girafarig, L93, F|281/281\n|move|p2a: Victreebel|Weather Ball|p1a: Girafarig\n|-damage|p1a: Girafarig|112/281\n|-damage|p2a: Victreebel|0 fnt|[from] item: Life Orb\n|faint|p2a: Victreebel\n|\n|-weather|SunnyDay|[upkeep]\n|upkeep\n|\n|t:|1771105873\n|switch|p2a: Emolga|Emolga, L88, M|183/239\n|turn|18\n|\n|t:|1771105878\n|move|p2a: Emolga|U-turn|p1a: Girafarig\n|-supereffective|p1a: Girafarig\n|-damage|p1a: Girafarig|8/281\n|\n|t:|1771105880\n|switch|p2a: Bronzong|Bronzong, L85|75/253|[from] U-turn\n|move|p1a: Girafarig|Psyshock|p2a: Bronzong\n|-resisted|p2a: Bronzong\n|-damage|p2a: Bronzong|48/253\n|-damage|p1a: Girafarig|0 fnt|[from] item: Life Orb\n|faint|p1a: Girafarig\n|\n|-weather|none\n|-heal|p2a: Bronzong|63/253|[from] item: Leftovers\n|upkeep\n|\n|t:|1771105886\n|switch|p1a: Ambipom|Ambipom, L83, F|260/260\n|turn|19\n|\n|t:|1771105891\n|move|p2a: Bronzong|Protect|p2a: Bronzong\n|-singleturn|p2a: Bronzong|Protect\n|move|p1a: Ambipom|Knock Off|p2a: Bronzong\n|-activate|p2a: Bronzong|move: Protect\n|\n|-heal|p2a: Bronzong|78/253|[from] item: Leftovers\n|upkeep\n|turn|20\n|\n|t:|1771105896\n|move|p1a: Ambipom|Knock Off|p2a: Bronzong\n|-supereffective|p2a: Bronzong\n|-damage|p2a: Bronzong|0 fnt\n|-enditem|p2a: Bronzong|Leftovers|[from] move: Knock Off|[of] p1a: Ambipom\n|faint|p2a: Bronzong\n|\n|upkeep\n|\n|t:|1771105899\n|switch|p2a: Lumineon|Lumineon, L90, F|271/271\n|turn|21\n|\n|t:|1771105907\n|move|p1a: Ambipom|Return|p2a: Lumineon\n|-damage|p2a: Lumineon|133/271\n|move|p2a: Lumineon|Scald|p1a: Ambipom\n|-damage|p1a: Ambipom|170/260\n|\n|-heal|p2a: Lumineon|149/271|[from] item: Leftovers\n|upkeep\n|turn|22\n|\n|t:|1771105913\n|move|p1a: Ambipom|Return|p2a: Lumineon\n|-damage|p2a: Lumineon|19/271\n|move|p2a: Lumineon|Scald|p1a: Ambipom\n|-damage|p1a: Ambipom|76/260\n|\n|-heal|p2a: Lumineon|35/271|[from] item: Leftovers\n|upkeep\n|turn|23\n|c|☆anilsahin026|damn really needed the burn\n|\n|t:|1771105925\n|move|p1a: Ambipom|Return|p2a: Lumineon\n|-crit|p2a: Lumineon\n|-damage|p2a: Lumineon|0 fnt\n|faint|p2a: Lumineon\n|\n|upkeep\n|\n|t:|1771105926\n|switch|p2a: Emolga|Emolga, L88, M|183/239\n|turn|24\n|\n|t:|1771105931\n|switch|p1a: Beautifly|Beautifly, L99, F|279/279\n|move|p2a: Emolga|Acrobatics|p1a: Beautifly\n|-supereffective|p1a: Beautifly\n|-damage|p1a: Beautifly|0 fnt\n|faint|p1a: Beautifly\n|\n|upkeep\n|\n|t:|1771105933\n|switch|p1a: Ambipom|Ambipom, L83, F|76/260\n|turn|25\n|\n|t:|1771105937\n|move|p1a: Ambipom|Fake Out|p2a: Emolga\n|-damage|p2a: Emolga|92/239\n|cant|p2a: Emolga|flinch\n|\n|upkeep\n|turn|26\n|\n|t:|1771105939\n|move|p1a: Ambipom|Return|p2a: Emolga\n|-damage|p2a: Emolga|0 fnt\n|faint|p2a: Emolga\n|\n|win|Blatjanglover\n|raw|Blatjanglover's rating: 1660 &rarr; <strong>1673</strong><br />(+13 for winning)\n|raw|anilsahin026's rating: 1539 &rarr; <strong>1526</strong><br />(-13 for losing)\n|l|☆anilsahin026\n|player|p2|\n|c|☆Blatjanglover|Lucky me\n", "inputlog": ">version ccdc32dd7cde25fd9e4bed64820e885f66e78a4e\n>start {\"formatid\":\"gen6randombattle\",\"seed\":\"sodium,4d4e3fcbee90f92415a0f6236d96b166\",\"rated\":\"Rated battle\"}\n>player p1 {\"name\":\"Blatjanglover\",\"avatar\":\"brock\",\"rating\":1660,\"seed\":\"sodium,5ad765ec1288402bdc45624136bcd702\"}\n>player p2 {\"name\":\"anilsahin026\",\"avatar\":\"unknown\",\"rating\":1539,\"seed\":\"sodium,714850538aedf17c8897c02fb5286fcc\"}\n>p1 switch 3\n>p2 move thunderbolt\n>p1 move hiddenpower\n>p2 move uturn\n>p2 switch 6\n>p1 move hiddenpower\n>p2 move sludgewave\n>p1 switch 2\n>p1 move return\n>p2 switch 3\n>p1 move knockoff\n>p2 move protect\n>p1 move knockoff\n>p2 switch 6\n>p1 switch 3\n>p2 move acrobatics\n>p1 move gunkshot\n>p2 move thunderbolt\n>chat ☆Blatjanglover|Shit match up 😭\n>chat ☆anilsahin026|heheheh\n>chat ☆Blatjanglover|Oh no, I have shit for brains. My monkey is faster than your electric thing so I didn't have to switch it 🫠\n>chat ☆anilsahin026|i just realized it too\n>chat ☆anilsahin026|you are right haha\n>chat ☆Blatjanglover|Yeah nah lemme just put this down coz clearly the brain has stopped working. Gg man\n>p1 switch 5\n>p1 move icebeam mega\n>p2 switch 6\n>p1 move darkpulse\n>p2 move toxic\n>p1 move scald\n>p2 switch 3\n>p1 move icebeam\n>p2 move dracometeor\n>p2 switch 2\n>p1 move darkpulse\n>p2 move hiddenpower\n>p2 switch 4\n>p1 move icebeam\n>p2 move sunnyday\n>p1 move icebeam\n>p2 move sludgebomb\n>p1 switch 3\n>p1 move fakeout\n>p2 move weatherball\n>p1 switch 6\n>p2 move weatherball\n>p2 switch 6\n>p1 move psyshock\n>p2 move uturn\n>p2 switch 3\n>p1 switch 6\n>p1 move knockoff\n>p2 move protect\n>p1 move knockoff\n>p2 move psychic\n>p2 switch 5\n>p1 move return\n>p2 move scald\n>p1 move return\n>p2 move scald\n>chat ☆anilsahin026|damn really needed the burn\n>p1 move return\n>p2 move scald\n>p2 switch 3\n>p1 switch 4\n>p2 move acrobatics\n>p1 switch 4\n>p1 move fakeout\n>p2 move roost\n>p1 move return\n>p2 move roost", "uploadtime": 1771105956, "views": 114, "formatid": "gen6randombattle", "rating": 1526, "private": 0, "password": null}