{"id": "gen6randombattle-2532644607", "format": "[Gen 6] Random Battle", "players": ["lksnio", "Plop"], "log": "|j|☆lksnio\n|j|☆Plop\n|t:|1770209872\n|gametype|singles\n|player|p1|lksnio|1|1583\n|player|p2|Plop|#rbtt9travelers|1812\n|gen|6\n|tier|[Gen 6] Random Battle\n|rated|\n|rule|Sleep Clause Mod: Limit one foe put to sleep\n|rule|HP Percentage Mod: HP is shown in percentages\n|rule|Illusion Level Mod: Illusion disguises the Pokémon's true level\n|\n|t:|1770209872\n|teamsize|p1|6\n|teamsize|p2|6\n|start\n|switch|p1a: Samurott|Samurott, L87, M|307/307\n|switch|p2a: Regigigas|Regigigas, L84|322/322\n|-start|p2a: Regigigas|ability: Slow Start\n|turn|1\n|inactive|Battle timer is ON: inactive players will automatically lose when time's up. (requested by lksnio)\n|\n|t:|1770209902\n|switch|p2a: Mandibuzz|Mandibuzz, L84, F|322/322\n|move|p1a: Samurott|Superpower|p2a: Mandibuzz\n|-damage|p2a: Mandibuzz|244/322\n|-unboost|p1a: Samurott|atk|1\n|-unboost|p1a: Samurott|def|1\n|-damage|p1a: Samurott|256/307|[from] item: Rocky Helmet|[of] p2a: Mandibuzz\n|\n|upkeep\n|turn|2\n|\n|t:|1770209921\n|switch|p1a: Carbink|Carbink, L91|239/239\n|move|p2a: Mandibuzz|Knock Off|p1a: Carbink\n|-resisted|p1a: Carbink\n|-damage|p1a: Carbink|218/239\n|-enditem|p1a: Carbink|Leftovers|[from] move: Knock Off|[of] p2a: Mandibuzz\n|\n|upkeep\n|turn|3\n|\n|t:|1770209938\n|move|p2a: Mandibuzz|Toxic|p1a: Carbink\n|-status|p1a: Carbink|tox\n|move|p1a: Carbink|Stealth Rock|p2a: Mandibuzz\n|-sidestart|p2: Plop|move: Stealth Rock\n|\n|-damage|p1a: Carbink|204/239 tox|[from] psn\n|upkeep\n|turn|4\n|inactive|Plop has 120 seconds left.\n|inactive|Plop has 90 seconds left.\n|\n|t:|1770209989\n|switch|p2a: Regigigas|Regigigas, L84|322/322\n|-damage|p2a: Regigigas|282/322|[from] Stealth Rock\n|-start|p2a: Regigigas|ability: Slow Start\n|move|p1a: Carbink|Moonblast|p2a: Regigigas\n|-damage|p2a: Regigigas|219/322\n|\n|-heal|p2a: Regigigas|239/322|[from] item: Leftovers\n|-damage|p1a: Carbink|176/239 tox|[from] psn\n|upkeep\n|turn|5\n|inactive|Plop has 90 seconds left.\n|\n|t:|1770210004\n|move|p1a: Carbink|Toxic|p2a: Regigigas\n|-status|p2a: Regigigas|tox\n|move|p2a: Regigigas|Knock Off|p1a: Carbink\n|-resisted|p1a: Carbink\n|-damage|p1a: Carbink|164/239 tox\n|\n|-heal|p2a: Regigigas|259/322 tox|[from] item: Leftovers\n|-damage|p1a: Carbink|122/239 tox|[from] psn\n|-damage|p2a: Regigigas|239/322 tox|[from] psn\n|upkeep\n|turn|6\n|\n|t:|1770210016\n|switch|p1a: Regigigas|Regigigas, L84|322/322\n|-start|p1a: Regigigas|ability: Slow Start\n|move|p2a: Regigigas|Return|p1a: Regigigas\n|-damage|p1a: Regigigas|256/322\n|\n|-heal|p2a: Regigigas|259/322 tox|[from] item: Leftovers\n|-heal|p1a: Regigigas|276/322|[from] item: Leftovers\n|-damage|p2a: Regigigas|219/322 tox|[from] psn\n|upkeep\n|turn|7\n|inactive|Plop has 90 seconds left.\n|\n|t:|1770210031\n|switch|p2a: Politoed|Politoed, L86, F|295/295\n|-damage|p2a: Politoed|259/295|[from] Stealth Rock\n|-weather|RainDance|[from] ability: Drizzle|[of] p2a: Politoed\n|switch|p1a: Carbink|Carbink, L91|122/239 tox\n|\n|-weather|RainDance|[upkeep]\n|-heal|p2a: Politoed|277/295|[from] item: Leftovers\n|-damage|p1a: Carbink|108/239 tox|[from] psn\n|upkeep\n|turn|8\n|\n|t:|1770210051\n|move|p2a: Politoed|Scald|p1a: Carbink\n|-supereffective|p1a: Carbink\n|-crit|p1a: Carbink\n|-damage|p1a: Carbink|0 fnt\n|faint|p1a: Carbink\n|\n|-weather|RainDance|[upkeep]\n|-heal|p2a: Politoed|295/295|[from] item: Leftovers\n|upkeep\n|\n|t:|1770210054\n|switch|p1a: Sceptile|Sceptile, L81, M|246/246\n|turn|9\n|inactive|Plop has 90 seconds left.\n|inactive|Plop has 60 seconds left.\n|\n|t:|1770210111\n|detailschange|p1a: Sceptile|Sceptile-Mega, L81, M\n|-mega|p1a: Sceptile|Sceptile|Sceptilite\n|move|p1a: Sceptile|Swords Dance|p1a: Sceptile\n|-boost|p1a: Sceptile|atk|2\n|move|p2a: Politoed|Toxic|p1a: Sceptile\n|-status|p1a: Sceptile|tox\n|\n|-weather|RainDance|[upkeep]\n|-damage|p1a: Sceptile|231/246 tox|[from] psn\n|upkeep\n|turn|10\n|\n|t:|1770210121\n|move|p2a: Politoed|Protect|p2a: Politoed\n|-singleturn|p2a: Politoed|Protect\n|move|p1a: Sceptile|Leaf Blade|p2a: Politoed\n|-activate|p2a: Politoed|move: Protect\n|\n|-weather|RainDance|[upkeep]\n|-damage|p1a: Sceptile|201/246 tox|[from] psn\n|upkeep\n|turn|11\n|inactive|Plop has 60 seconds left.\n|\n|t:|1770210150\n|switch|p2a: Regigigas|Regigigas, L84|219/322 tox\n|-damage|p2a: Regigigas|179/322 tox|[from] Stealth Rock\n|-start|p2a: Regigigas|ability: Slow Start\n|move|p1a: Sceptile|Outrage|p2a: Regigigas\n|-damage|p2a: Regigigas|0 fnt\n|faint|p2a: Regigigas\n|\n|-weather|none\n|-damage|p1a: Sceptile|156/246 tox|[from] psn\n|upkeep\n|inactive|Plop has 30 seconds left.\n|inactive|Plop has 20 seconds left.\n|\n|t:|1770210187\n|switch|p2a: Luvdisc|Luvdisc, M|248/248\n|-damage|p2a: Luvdisc|217/248|[from] Stealth Rock\n|turn|12\n|inactive|Plop has 30 seconds left this turn.\n|\n|t:|1770210193\n|move|p2a: Luvdisc|Protect|p2a: Luvdisc\n|-singleturn|p2a: Luvdisc|Protect\n|move|p1a: Sceptile|Outrage|p2a: Luvdisc|[from] lockedmove\n|-activate|p2a: Luvdisc|move: Protect\n|\n|-heal|p2a: Luvdisc|232/248|[from] item: Leftovers\n|-damage|p1a: Sceptile|96/246 tox|[from] psn\n|upkeep\n|turn|13\n|inactive|Plop has 30 seconds left.\n|\n|t:|1770210204\n|move|p2a: Luvdisc|Protect|p2a: Luvdisc\n|-singleturn|p2a: Luvdisc|Protect\n|move|p1a: Sceptile|Leaf Blade|p2a: Luvdisc\n|-activate|p2a: Luvdisc|move: Protect\n|\n|-heal|p2a: Luvdisc|247/248|[from] item: Leftovers\n|-damage|p1a: Sceptile|21/246 tox|[from] psn\n|upkeep\n|turn|14\n|inactive|Plop has 30 seconds left.\n|\n|t:|1770210210\n|move|p2a: Luvdisc|Protect||[still]\n|-fail|p2a: Luvdisc\n|move|p1a: Sceptile|Outrage|p2a: Luvdisc\n|-damage|p2a: Luvdisc|0 fnt\n|faint|p2a: Luvdisc\n|\n|-damage|p1a: Sceptile|0 fnt|[from] psn\n|faint|p1a: Sceptile\n|detailschange|p1: Sceptile|Sceptile, L81, M|[silent]\n|upkeep\n|inactive|Plop has 30 seconds left.\n|\n|t:|1770210224\n|switch|p2a: Politoed|Politoed, L86, F|295/295\n|switch|p1a: Regigigas|Regigigas, L84|276/322\n|-start|p1a: Regigigas|ability: Slow Start\n|-damage|p2a: Politoed|259/295|[from] Stealth Rock\n|-weather|RainDance|[from] ability: Drizzle|[of] p2a: Politoed\n|turn|15\n|inactive|Plop has 30 seconds left.\n|\n|t:|1770210234\n|move|p2a: Politoed|Toxic|p1a: Regigigas\n|-status|p1a: Regigigas|tox\n|move|p1a: Regigigas|Thunder Wave|p2a: Politoed\n|-status|p2a: Politoed|par\n|\n|-weather|RainDance|[upkeep]\n|-heal|p1a: Regigigas|296/322 tox|[from] item: Leftovers\n|-heal|p2a: Politoed|277/295 par|[from] item: Leftovers\n|-damage|p1a: Regigigas|276/322 tox|[from] psn\n|upkeep\n|turn|16\n|inactive|Plop has 30 seconds left.\n|\n|t:|1770210240\n|move|p2a: Politoed|Protect|p2a: Politoed\n|-singleturn|p2a: Politoed|Protect\n|move|p1a: Regigigas|Knock Off|p2a: Politoed\n|-activate|p2a: Politoed|move: Protect\n|\n|-weather|RainDance|[upkeep]\n|-heal|p1a: Regigigas|296/322 tox|[from] item: Leftovers\n|-heal|p2a: Politoed|295/295 par|[from] item: Leftovers\n|-damage|p1a: Regigigas|256/322 tox|[from] psn\n|upkeep\n|turn|17\n|inactive|Plop has 30 seconds left.\n|\n|t:|1770210255\n|switch|p2a: Garchomp|Garchomp, L76, F|289/289\n|-damage|p2a: Garchomp|271/289|[from] Stealth Rock\n|move|p1a: Regigigas|Knock Off|p2a: Garchomp\n|-damage|p2a: Garchomp|232/289\n|-damage|p1a: Regigigas|216/322 tox|[from] ability: Rough Skin|[of] p2a: Garchomp\n|\n|-weather|RainDance|[upkeep]\n|-heal|p1a: Regigigas|236/322 tox|[from] item: Leftovers\n|-damage|p1a: Regigigas|176/322 tox|[from] psn\n|upkeep\n|turn|18\n|inactive|Plop has 30 seconds left.\n|\n|t:|1770210266\n|move|p2a: Garchomp|Swords Dance|p2a: Garchomp\n|-boost|p2a: Garchomp|atk|2\n|move|p1a: Regigigas|Substitute|p1a: Regigigas\n|-start|p1a: Regigigas|Substitute\n|-damage|p1a: Regigigas|96/322 tox\n|\n|-weather|RainDance|[upkeep]\n|-heal|p1a: Regigigas|116/322 tox|[from] item: Leftovers\n|-damage|p1a: Regigigas|36/322 tox|[from] psn\n|upkeep\n|turn|19\n|\n|t:|1770210274\n|move|p2a: Garchomp|Swords Dance|p2a: Garchomp\n|-boost|p2a: Garchomp|atk|2\n|move|p1a: Regigigas|Return|p2a: Garchomp\n|-damage|p2a: Garchomp|145/289\n|-damage|p1a: Regigigas|0 fnt|[from] ability: Rough Skin|[of] p2a: Garchomp\n|faint|p1a: Regigigas\n|\n|-weather|none\n|upkeep\n|\n|t:|1770210285\n|switch|p1a: Sableye|Sableye, L84, F|221/221\n|turn|20\n|\n|t:|1770210302\n|detailschange|p2a: Garchomp|Garchomp-Mega, L76, F\n|-mega|p2a: Garchomp|Garchomp|Garchompite\n|move|p1a: Sableye|Will-O-Wisp|p2a: Garchomp\n|-status|p2a: Garchomp|brn\n|move|p2a: Garchomp|Earthquake|p1a: Sableye\n|-damage|p1a: Sableye|0 fnt\n|faint|p1a: Sableye\n|\n|-damage|p2a: Garchomp|109/289 brn|[from] brn\n|upkeep\n|\n|t:|1770210312\n|switch|p1a: Keldeo|Keldeo, L79|273/273\n|turn|21\n|\n|t:|1770210324\n|move|p1a: Keldeo|Calm Mind|p1a: Keldeo\n|-boost|p1a: Keldeo|spa|1\n|-boost|p1a: Keldeo|spd|1\n|move|p2a: Garchomp|Outrage|p1a: Keldeo\n|-damage|p1a: Keldeo|0 fnt\n|faint|p1a: Keldeo\n|\n|-damage|p2a: Garchomp|73/289 brn|[from] brn\n|upkeep\n|-message|lksnio forfeited.\n|\n|win|Plop\n|raw|lksnio's rating: 1583 &rarr; <strong>1575</strong><br />(-8 for losing)\n|raw|Plop's rating: 1812 &rarr; <strong>1820</strong><br />(+8 for winning)\n|l|☆lksnio\n|player|p1|\n", "inputlog": ">version ccdc32dd7cde25fd9e4bed64820e885f66e78a4e\n>start {\"formatid\":\"gen6randombattle\",\"seed\":\"sodium,63b14690373fa14980f87f5ca0f61ff8\",\"rated\":\"Rated battle\"}\n>player p1 {\"name\":\"lksnio\",\"avatar\":\"1\",\"rating\":1583,\"seed\":\"sodium,38f80ae709fb750cb8297c285b5abb9e\"}\n>player p2 {\"name\":\"Plop\",\"avatar\":\"#rbtt9travelers\",\"rating\":1812,\"seed\":\"sodium,bd0086c0b2648430c8b36e883a5b2129\"}\n>p1 move superpower\n>p2 switch 3\n>p1 switch 4\n>p2 move knockoff\n>p1 move stealthrock\n>p2 move toxic\n>p1 move moonblast\n>p2 switch 3\n>p1 move toxic\n>p2 move knockoff\n>p1 switch 2\n>p2 move return\n>p1 switch 2\n>p2 switch 4\n>p1 move moonblast\n>p2 move scald\n>p1 switch 5\n>p1 move swordsdance mega\n>p2 move toxic\n>p1 move leafblade\n>p2 move protect\n>p1 move outrage\n>p2 switch 4\n>p2 switch 5\n>p1 move outrage\n>p2 move protect\n>p1 move leafblade\n>p2 move protect\n>p1 move outrage\n>p2 move protect\n>p1 switch 2\n>p2 switch 4\n>p1 move thunderwave\n>p2 move toxic\n>p1 move knockoff\n>p2 move protect\n>p1 move knockoff\n>p2 switch 2\n>p1 move substitute\n>p2 move swordsdance\n>p1 move return\n>p2 move swordsdance\n>p1 switch 3\n>p1 move willowisp\n>p2 move earthquake mega\n>p1 switch 6\n>p1 move calmmind\n>p2 move outrage\n>forcelose p1", "uploadtime": 1770210339, "views": 228, "formatid": "gen6randombattle", "rating": 1575, "private": 0, "password": null}