{"id": "gen6randombattle-2538942158", "format": "[Gen 6] Random Battle", "players": ["idk man whats up", "arboretums"], "log": "|j|☆idk man whats up\n|j|☆arboretums\n|t:|1770995848\n|gametype|singles\n|player|p1|idk man whats up|101|1527\n|player|p2|arboretums|serena-masters2|1531\n|gen|6\n|tier|[Gen 6] Random Battle\n|rated|\n|rule|Sleep Clause Mod: Limit one foe put to sleep\n|rule|HP Percentage Mod: HP is shown in percentages\n|rule|Illusion Level Mod: Illusion disguises the Pokémon's true level\n|\n|t:|1770995848\n|teamsize|p1|6\n|teamsize|p2|6\n|start\n|switch|p1a: Dustox|Dustox, L96, F|271/271\n|switch|p2a: Relicanth|Relicanth, L87, M|316/316\n|turn|1\n|inactive|Battle timer is ON: inactive players will automatically lose when time's up. (requested by arboretums)\n|\n|t:|1770995863\n|switch|p1a: Rhydon|Rhydon, L83, F|310/310\n|move|p2a: Relicanth|Head Smash|p1a: Rhydon\n|-resisted|p1a: Rhydon\n|-damage|p1a: Rhydon|267/310\n|\n|upkeep\n|turn|2\n|j| billy zubat\n|\n|t:|1770995870\n|move|p2a: Relicanth|Waterfall|p1a: Rhydon\n|-supereffective|p1a: Rhydon\n|-damage|p1a: Rhydon|99/310\n|move|p1a: Rhydon|Stealth Rock|p2a: Relicanth\n|-sidestart|p2: arboretums|move: Stealth Rock\n|\n|upkeep\n|turn|3\n|\n|t:|1770995885\n|move|p2a: Relicanth|Waterfall|p1a: Rhydon\n|-supereffective|p1a: Rhydon\n|-damage|p1a: Rhydon|0 fnt\n|faint|p1a: Rhydon\n|\n|upkeep\n|\n|t:|1770995889\n|switch|p1a: Giratina|Giratina, L73|339/339\n|-ability|p1a: Giratina|Pressure\n|turn|4\n|\n|t:|1770995896\n|switch|p2a: Reshiram|Reshiram, L73|266/266\n|-damage|p2a: Reshiram|200/266|[from] Stealth Rock\n|-ability|p2a: Reshiram|Turboblaze\n|move|p1a: Giratina|Will-O-Wisp|p2a: Reshiram\n|-immune|p2a: Reshiram\n|\n|-heal|p2a: Reshiram|216/266|[from] item: Leftovers\n|upkeep\n|turn|5\n|\n|t:|1770995915\n|move|p2a: Reshiram|Toxic|p1a: Giratina|[miss]\n|-miss|p2a: Reshiram|p1a: Giratina\n|move|p1a: Giratina|Dragon Tail|p2a: Reshiram|[miss]\n|-miss|p1a: Giratina|p2a: Reshiram\n|\n|-heal|p2a: Reshiram|232/266|[from] item: Leftovers\n|upkeep\n|turn|6\n|inactive|idk man whats up has 120 seconds left.\n|\n|t:|1770995950\n|switch|p1a: Swanna|Swanna, L85, M|266/266\n|move|p2a: Reshiram|Draco Meteor|p1a: Swanna\n|-damage|p1a: Swanna|79/266\n|-unboost|p2a: Reshiram|spa|2\n|\n|-heal|p1a: Swanna|95/266|[from] item: Leftovers\n|-heal|p2a: Reshiram|248/266|[from] item: Leftovers\n|upkeep\n|turn|7\n|\n|t:|1770995957\n|move|p1a: Swanna|Roost|p1a: Swanna\n|-heal|p1a: Swanna|228/266\n|-singleturn|p1a: Swanna|move: Roost\n|move|p2a: Reshiram|Roost|p2a: Reshiram\n|-heal|p2a: Reshiram|266/266\n|-singleturn|p2a: Reshiram|move: Roost\n|\n|-heal|p1a: Swanna|244/266|[from] item: Leftovers\n|upkeep\n|turn|8\n|\n|t:|1770995964\n|switch|p2a: Relicanth|Relicanth, L87, M|316/316\n|-damage|p2a: Relicanth|277/316|[from] Stealth Rock\n|move|p1a: Swanna|Brave Bird|p2a: Relicanth\n|-resisted|p2a: Relicanth\n|-damage|p2a: Relicanth|236/316\n|-damage|p1a: Swanna|230/266|[from] Recoil\n|\n|-heal|p1a: Swanna|246/266|[from] item: Leftovers\n|-heal|p2a: Relicanth|255/316|[from] item: Leftovers\n|upkeep\n|turn|9\n|inactive|idk man whats up has 120 seconds left.\n|\n|t:|1770995986\n|switch|p1a: Giratina|Giratina, L73|339/339\n|-ability|p1a: Giratina|Pressure\n|move|p2a: Relicanth|Head Smash|p1a: Giratina\n|-damage|p1a: Giratina|183/339\n|\n|-heal|p2a: Relicanth|274/316|[from] item: Leftovers\n|upkeep\n|turn|10\n|\n|t:|1770995994\n|move|p2a: Relicanth|Toxic|p1a: Giratina|[miss]\n|-miss|p2a: Relicanth|p1a: Giratina\n|move|p1a: Giratina|Dragon Tail|p2a: Relicanth\n|-damage|p2a: Relicanth|237/316\n|drag|p2a: Parasect|Parasect, M|282/282\n|-damage|p2a: Parasect|212/282|[from] Stealth Rock\n|\n|-heal|p2a: Parasect|229/282|[from] item: Leftovers\n|upkeep\n|turn|11\n|inactive|idk man whats up has 120 seconds left.\n|inactive|idk man whats up has 90 seconds left.\n|inactive|idk man whats up has 60 seconds left.\n|inactive|idk man whats up has 30 seconds left.\n|inactive|idk man whats up has 20 seconds left.\n|\n|t:|1770996110\n|switch|p1a: Ariados|Ariados, L91, M|275/275\n|switch|p2a: Reshiram|Reshiram, L73|266/266\n|-damage|p2a: Reshiram|200/266|[from] Stealth Rock\n|-ability|p2a: Reshiram|Turboblaze\n|\n|-heal|p2a: Reshiram|216/266|[from] item: Leftovers\n|upkeep\n|turn|12\n|inactive|idk man whats up has 30 seconds left this turn.\n|\n|t:|1770996121\n|switch|p1a: Swanna|Swanna, L85, M|246/266\n|move|p2a: Reshiram|Blue Flare|p1a: Swanna\n|-resisted|p1a: Swanna\n|-crit|p1a: Swanna\n|-damage|p1a: Swanna|103/266\n|\n|-heal|p1a: Swanna|119/266|[from] item: Leftovers\n|-heal|p2a: Reshiram|232/266|[from] item: Leftovers\n|upkeep\n|turn|13\n|\n|t:|1770996125\n|move|p1a: Swanna|Roost|p1a: Swanna\n|-heal|p1a: Swanna|252/266\n|-singleturn|p1a: Swanna|move: Roost\n|move|p2a: Reshiram|Toxic|p1a: Swanna\n|-status|p1a: Swanna|tox\n|\n|-heal|p1a: Swanna|266/266 tox|[from] item: Leftovers\n|-heal|p2a: Reshiram|248/266|[from] item: Leftovers\n|-damage|p1a: Swanna|250/266 tox|[from] psn\n|upkeep\n|turn|14\n|\n|t:|1770996128\n|switch|p2a: Relicanth|Relicanth, L87, M|237/316\n|-damage|p2a: Relicanth|198/316|[from] Stealth Rock\n|move|p1a: Swanna|Brave Bird|p2a: Relicanth\n|-resisted|p2a: Relicanth\n|-damage|p2a: Relicanth|154/316\n|-damage|p1a: Swanna|235/266 tox|[from] Recoil\n|\n|-heal|p1a: Swanna|251/266 tox|[from] item: Leftovers\n|-heal|p2a: Relicanth|173/316|[from] item: Leftovers\n|-damage|p1a: Swanna|219/266 tox|[from] psn\n|upkeep\n|turn|15\n|\n|t:|1770996132\n|switch|p1a: Giratina|Giratina, L73|183/339\n|-ability|p1a: Giratina|Pressure\n|move|p2a: Relicanth|Head Smash|p1a: Giratina\n|-damage|p1a: Giratina|27/339\n|\n|-heal|p2a: Relicanth|192/316|[from] item: Leftovers\n|upkeep\n|turn|16\n|\n|t:|1770996141\n|switch|p2a: Reshiram|Reshiram, L73|248/266\n|-damage|p2a: Reshiram|182/266|[from] Stealth Rock\n|-ability|p2a: Reshiram|Turboblaze\n|move|p1a: Giratina|Rest|p1a: Giratina\n|-status|p1a: Giratina|slp|[from] move: Rest\n|-heal|p1a: Giratina|339/339 slp|[silent]\n|-enditem|p1a: Giratina|Chesto Berry|[eat]\n|-curestatus|p1a: Giratina|slp|[msg]\n|\n|-heal|p2a: Reshiram|198/266|[from] item: Leftovers\n|upkeep\n|turn|17\n|inactive|idk man whats up has 60 seconds left.\n|\n|t:|1770996166\n|switch|p1a: Swanna|Swanna, L85, M|219/266 tox\n|move|p2a: Reshiram|Blue Flare|p1a: Swanna\n|-resisted|p1a: Swanna\n|-damage|p1a: Swanna|124/266 tox\n|\n|-heal|p1a: Swanna|140/266 tox|[from] item: Leftovers\n|-heal|p2a: Reshiram|214/266|[from] item: Leftovers\n|-damage|p1a: Swanna|124/266 tox|[from] psn\n|upkeep\n|turn|18\n|inactive|idk man whats up has 60 seconds left.\n|\n|t:|1770996174\n|move|p1a: Swanna|Roost|p1a: Swanna\n|-heal|p1a: Swanna|257/266 tox\n|-singleturn|p1a: Swanna|move: Roost\n|move|p2a: Reshiram|Draco Meteor|p1a: Swanna\n|-damage|p1a: Swanna|73/266 tox\n|-unboost|p2a: Reshiram|spa|2\n|\n|-heal|p1a: Swanna|89/266 tox|[from] item: Leftovers\n|-heal|p2a: Reshiram|230/266|[from] item: Leftovers\n|-damage|p1a: Swanna|57/266 tox|[from] psn\n|upkeep\n|turn|19\n|\n|t:|1770996183\n|switch|p2a: Relicanth|Relicanth, L87, M|192/316\n|-damage|p2a: Relicanth|153/316|[from] Stealth Rock\n|move|p1a: Swanna|Roost|p1a: Swanna\n|-heal|p1a: Swanna|190/266 tox\n|-singleturn|p1a: Swanna|move: Roost\n|\n|-heal|p1a: Swanna|206/266 tox|[from] item: Leftovers\n|-heal|p2a: Relicanth|172/316|[from] item: Leftovers\n|-damage|p1a: Swanna|158/266 tox|[from] psn\n|upkeep\n|turn|20\n|\n|t:|1770996192\n|move|p1a: Swanna|Scald|p2a: Relicanth\n|-damage|p2a: Relicanth|78/316\n|-status|p2a: Relicanth|brn\n|move|p2a: Relicanth|Toxic|p1a: Swanna|[miss]\n|-miss|p2a: Relicanth|p1a: Swanna\n|\n|-heal|p1a: Swanna|174/266 tox|[from] item: Leftovers\n|-heal|p2a: Relicanth|97/316 brn|[from] item: Leftovers\n|-damage|p1a: Swanna|110/266 tox|[from] psn\n|-damage|p2a: Relicanth|58/316 brn|[from] brn\n|upkeep\n|turn|21\n|\n|t:|1770996200\n|move|p1a: Swanna|Brave Bird|p2a: Relicanth\n|-resisted|p2a: Relicanth\n|-damage|p2a: Relicanth|18/316 brn\n|-damage|p1a: Swanna|97/266 tox|[from] Recoil\n|move|p2a: Relicanth|Head Smash|p1a: Swanna\n|-supereffective|p1a: Swanna\n|-damage|p1a: Swanna|0 fnt\n|faint|p1a: Swanna\n|\n|-heal|p2a: Relicanth|37/316 brn|[from] item: Leftovers\n|-damage|p2a: Relicanth|0 fnt|[from] brn\n|faint|p2a: Relicanth\n|upkeep\n|\n|t:|1770996213\n|switch|p1a: Mewtwo|Mewtwo, L69|261/261\n|switch|p2a: Garchomp|Garchomp, L76, F|289/289\n|-ability|p1a: Mewtwo|Unnerve\n|-damage|p2a: Garchomp|271/289|[from] Stealth Rock\n|turn|22\n|\n|t:|1770996223\n|detailschange|p1a: Mewtwo|Mewtwo-Mega-X, L69\n|-mega|p1a: Mewtwo|Mewtwo|Mewtwonite X\n|detailschange|p2a: Garchomp|Garchomp-Mega, L76, F\n|-mega|p2a: Garchomp|Garchomp|Garchompite\n|move|p1a: Mewtwo|Bulk Up|p1a: Mewtwo\n|-boost|p1a: Mewtwo|atk|1\n|-boost|p1a: Mewtwo|def|1\n|move|p2a: Garchomp|Earthquake|p1a: Mewtwo\n|-damage|p1a: Mewtwo|159/261\n|\n|upkeep\n|turn|23\n|\n|t:|1770996235\n|move|p1a: Mewtwo|Drain Punch|p2a: Garchomp\n|-damage|p2a: Garchomp|144/289\n|-heal|p1a: Mewtwo|223/261|[from] drain|[of] p2a: Garchomp\n|move|p2a: Garchomp|Draco Meteor|p1a: Mewtwo\n|-damage|p1a: Mewtwo|78/261\n|-unboost|p2a: Garchomp|spa|2\n|\n|upkeep\n|turn|24\n|\n|t:|1770996244\n|move|p1a: Mewtwo|Drain Punch|p2a: Garchomp\n|-damage|p2a: Garchomp|15/289\n|-heal|p1a: Mewtwo|143/261|[from] drain|[of] p2a: Garchomp\n|move|p2a: Garchomp|Earthquake|p1a: Mewtwo\n|-damage|p1a: Mewtwo|32/261\n|\n|upkeep\n|turn|25\n|inactive|idk man whats up has 90 seconds left.\n|\n|t:|1770996253\n|move|p1a: Mewtwo|Drain Punch|p2a: Garchomp\n|-damage|p2a: Garchomp|0 fnt\n|-heal|p1a: Mewtwo|40/261|[from] drain|[of] p2a: Garchomp\n|faint|p2a: Garchomp\n|detailschange|p2: Garchomp|Garchomp, L76, F|[silent]\n|\n|upkeep\n|\n|t:|1770996264\n|switch|p2a: Parasect|Parasect, M|229/282\n|-damage|p2a: Parasect|159/282|[from] Stealth Rock\n|turn|26\n|\n|t:|1770996267\n|move|p1a: Mewtwo|Stone Edge|p2a: Parasect|[miss]\n|-miss|p1a: Mewtwo|p2a: Parasect\n|move|p2a: Parasect|Spore|p1a: Mewtwo\n|-status|p1a: Mewtwo|slp|[from] move: Spore\n|\n|-heal|p2a: Parasect|176/282|[from] item: Leftovers\n|upkeep\n|turn|27\n|c|☆idk man whats up|:(\n|\n|t:|1770996280\n|switch|p1a: Ariados|Ariados, L91, M|275/275\n|move|p2a: Parasect|Seed Bomb|p1a: Ariados\n|-resisted|p1a: Ariados\n|-damage|p1a: Ariados|241/275\n|\n|-heal|p1a: Ariados|258/275|[from] item: Black Sludge\n|-heal|p2a: Parasect|193/282|[from] item: Leftovers\n|upkeep\n|turn|28\n|\n|t:|1770996287\n|switch|p2a: Reshiram|Reshiram, L73|230/266\n|-damage|p2a: Reshiram|164/266|[from] Stealth Rock\n|-ability|p2a: Reshiram|Turboblaze\n|move|p1a: Ariados|Poison Jab|p2a: Reshiram\n|-damage|p2a: Reshiram|61/266\n|\n|-heal|p2a: Reshiram|77/266|[from] item: Leftovers\n|-heal|p1a: Ariados|275/275|[from] item: Black Sludge\n|upkeep\n|turn|29\n|\n|t:|1770996296\n|move|p2a: Reshiram|Blue Flare|p1a: Ariados\n|-supereffective|p1a: Ariados\n|-crit|p1a: Ariados\n|-damage|p1a: Ariados|0 fnt\n|faint|p1a: Ariados\n|\n|-heal|p2a: Reshiram|93/266|[from] item: Leftovers\n|upkeep\n|c|☆arboretums|:)\n|c|☆idk man whats up|:(((\n|c|☆arboretums|:))))\n|\n|t:|1770996314\n|switch|p1a: Dustox|Dustox, L96, F|271/271\n|turn|30\n|c| billy zubat|idk man whats up\n|c|☆arboretums|idk man whats up\n|c| billy zubat|whats ur favorite fictional work\n|c|☆idk man whats up|:'(\n|c|☆arboretums|:')\n|j| don om4r\n|inactive|idk man whats up has 90 seconds left.\n|c|☆idk man whats up|idk man\n|c|☆idk man whats up|whats up\n|c| billy zubat|not good taste\n|c|☆idk man whats up|unfort\n|c|☆arboretums|idk man\n|c|☆arboretums|whats up\n|\n|t:|1770996366\n|move|p1a: Dustox|Sludge Bomb|p2a: Reshiram\n|-damage|p2a: Reshiram|24/266\n|move|p2a: Reshiram|Roost|p2a: Reshiram\n|-heal|p2a: Reshiram|157/266\n|-singleturn|p2a: Reshiram|move: Roost\n|\n|-heal|p2a: Reshiram|173/266|[from] item: Leftovers\n|upkeep\n|turn|31\n|\n|t:|1770996387\n|move|p1a: Dustox|Quiver Dance|p1a: Dustox\n|-boost|p1a: Dustox|spa|1\n|-boost|p1a: Dustox|spd|1\n|-boost|p1a: Dustox|spe|1\n|move|p2a: Reshiram|Blue Flare|p1a: Dustox\n|-supereffective|p1a: Dustox\n|-damage|p1a: Dustox|97/271\n|\n|-heal|p1a: Dustox|113/271|[from] item: Black Sludge\n|-heal|p2a: Reshiram|189/266|[from] item: Leftovers\n|upkeep\n|turn|32\n|\n|t:|1770996404\n|switch|p2a: Dunsparce|Dunsparce, L93, M|337/337\n|-damage|p2a: Dunsparce|295/337|[from] Stealth Rock\n|move|p1a: Dustox|Roost|p1a: Dustox\n|-heal|p1a: Dustox|249/271\n|-singleturn|p1a: Dustox|move: Roost\n|\n|-heal|p1a: Dustox|265/271|[from] item: Black Sludge\n|-heal|p2a: Dunsparce|316/337|[from] item: Leftovers\n|upkeep\n|turn|33\n|\n|t:|1770996412\n|move|p1a: Dustox|Bug Buzz|p2a: Dunsparce\n|-damage|p2a: Dunsparce|192/337\n|move|p2a: Dunsparce|Glare|p1a: Dustox\n|-status|p1a: Dustox|par\n|\n|-heal|p2a: Dunsparce|213/337|[from] item: Leftovers\n|-heal|p1a: Dustox|271/271 par|[from] item: Black Sludge\n|upkeep\n|turn|34\n|\n|t:|1770996416\n|move|p2a: Dunsparce|Headbutt|p1a: Dustox\n|-damage|p1a: Dustox|199/271 par\n|move|p1a: Dustox|Bug Buzz|p2a: Dunsparce\n|-damage|p2a: Dunsparce|71/337\n|\n|-heal|p2a: Dunsparce|92/337|[from] item: Leftovers\n|-heal|p1a: Dustox|215/271 par|[from] item: Black Sludge\n|upkeep\n|turn|35\n|\n|t:|1770996421\n|move|p2a: Dunsparce|Headbutt|p1a: Dustox\n|-damage|p1a: Dustox|145/271 par\n|move|p1a: Dustox|Quiver Dance|p1a: Dustox\n|-boost|p1a: Dustox|spa|1\n|-boost|p1a: Dustox|spd|1\n|-boost|p1a: Dustox|spe|1\n|\n|-heal|p2a: Dunsparce|113/337|[from] item: Leftovers\n|-heal|p1a: Dustox|161/271 par|[from] item: Black Sludge\n|upkeep\n|turn|36\n|inactive|idk man whats up has 90 seconds left.\n|c|☆arboretums|bro what is ts rng\n|\n|t:|1770996431\n|move|p2a: Dunsparce|Headbutt|p1a: Dustox\n|-damage|p1a: Dustox|92/271 par\n|move|p1a: Dustox|Roost|p1a: Dustox\n|-heal|p1a: Dustox|228/271 par\n|-singleturn|p1a: Dustox|move: Roost\n|\n|-heal|p2a: Dunsparce|134/337|[from] item: Leftovers\n|-heal|p1a: Dustox|244/271 par|[from] item: Black Sludge\n|upkeep\n|turn|37\n|c|☆idk man whats up|hmmmmmmmmmmm\n|c|☆arboretums|bro\n|inactive|idk man whats up has 90 seconds left.\n|\n|t:|1770996449\n|move|p2a: Dunsparce|Headbutt|p1a: Dustox\n|-damage|p1a: Dustox|177/271 par\n|move|p1a: Dustox|Quiver Dance|p1a: Dustox\n|-boost|p1a: Dustox|spa|1\n|-boost|p1a: Dustox|spd|1\n|-boost|p1a: Dustox|spe|1\n|\n|-heal|p2a: Dunsparce|155/337|[from] item: Leftovers\n|-heal|p1a: Dustox|193/271 par|[from] item: Black Sludge\n|upkeep\n|turn|38\n|c|☆arboretums|dude\n|\n|t:|1770996457\n|move|p2a: Dunsparce|Headbutt|p1a: Dustox\n|-damage|p1a: Dustox|114/271 par\n|move|p1a: Dustox|Quiver Dance|p1a: Dustox\n|-boost|p1a: Dustox|spa|1\n|-boost|p1a: Dustox|spd|1\n|-boost|p1a: Dustox|spe|1\n|\n|-heal|p2a: Dunsparce|176/337|[from] item: Leftovers\n|-heal|p1a: Dustox|130/271 par|[from] item: Black Sludge\n|upkeep\n|turn|39\n|\n|t:|1770996460\n|move|p2a: Dunsparce|Headbutt|p1a: Dustox\n|-damage|p1a: Dustox|49/271 par\n|cant|p1a: Dustox|par\n|\n|-heal|p2a: Dunsparce|197/337|[from] item: Leftovers\n|-heal|p1a: Dustox|65/271 par|[from] item: Black Sludge\n|upkeep\n|turn|40\n|\n|t:|1770996465\n|move|p2a: Dunsparce|Headbutt|p1a: Dustox\n|-damage|p1a: Dustox|0 fnt\n|faint|p1a: Dustox\n|\n|-heal|p2a: Dunsparce|218/337|[from] item: Leftovers\n|upkeep\n|c|☆idk man whats up|bro\n|c|☆arboretums|why didnt u just kill dunsparce\n|c|☆idk man whats up|you deserve to lose\n|c|☆idk man whats up|for that\n|c|☆idk man whats up|ngl\n|c|☆arboretums|idk man\n|\n|t:|1770996487\n|switch|p1a: Giratina|Giratina, L73|339/339\n|-ability|p1a: Giratina|Pressure\n|turn|41\n|c|☆arboretums|you lucked out like 4 turns in a row\n|c|☆idk man whats up|shield dust my guy\n|c|☆idk man whats up|look it up\n|c|☆arboretums|o\n|inactive|idk man whats up has 90 seconds left.\n|-message|idk man whats up forfeited.\n|\n|win|arboretums\n|raw|idk man whats up's rating: 1527 &rarr; <strong>1507</strong><br />(-20 for losing)\n|raw|arboretums's rating: 1531 &rarr; <strong>1551</strong><br />(+20 for winning)\n|l|☆idk man whats up\n|player|p1|\n", "inputlog": ">version ccdc32dd7cde25fd9e4bed64820e885f66e78a4e\n>start {\"formatid\":\"gen6randombattle\",\"seed\":\"sodium,7d0996e820bc539fcbb2a978f67d9f48\",\"rated\":\"Rated battle\"}\n>player p1 {\"name\":\"idk man whats up\",\"avatar\":\"101\",\"rating\":1527,\"seed\":\"sodium,6e09e8d87d190e3f1d18026b473f6606\"}\n>player p2 {\"name\":\"arboretums\",\"avatar\":\"serena-masters2\",\"rating\":1531,\"seed\":\"sodium,dd24b2b20f2a93eaa767e9eeabc98631\"}\n>p1 switch 2\n>p2 move headsmash\n>p1 move stealthrock\n>p2 move waterfall\n>p1 move earthquake\n>p2 move waterfall\n>p1 switch 3\n>p1 move willowisp\n>p2 switch 5\n>p1 move dragontail\n>p2 move toxic\n>p1 switch 4\n>p2 move dracometeor\n>p1 move roost\n>p2 move roost\n>p1 move bravebird\n>p2 switch 5\n>p1 switch 4\n>p2 move headsmash\n>p1 move dragontail\n>p2 move toxic\n>p1 switch 5\n>p2 switch 5\n>p1 switch 4\n>p2 move blueflare\n>p1 move roost\n>p2 move toxic\n>p1 move bravebird\n>p2 switch 4\n>p1 switch 5\n>p2 move headsmash\n>p1 move rest\n>p2 switch 4\n>p1 switch 5\n>p2 move blueflare\n>p1 move roost\n>p2 move dracometeor\n>p1 move roost\n>p2 switch 4\n>p1 move scald\n>p2 move toxic\n>p1 move bravebird\n>p2 move headsmash\n>p1 switch 6\n>p2 switch 3\n>p1 move bulkup mega\n>p2 move earthquake mega\n>p1 move drainpunch\n>p2 move dracometeor\n>p1 move drainpunch\n>p2 move earthquake\n>p1 move drainpunch\n>p2 move stealthrock\n>p2 switch 5\n>p1 move stoneedge\n>p2 move spore\n>chat ☆idk man whats up|:(\n>p1 switch 4\n>p2 move seedbomb\n>p1 move poisonjab\n>p2 switch 4\n>p1 move poisonjab\n>p2 move blueflare\n>chat ☆arboretums|:)\n>chat ☆idk man whats up|:(((\n>chat ☆arboretums|:))))\n>p1 switch 2\n>chat  billy zubat|idk man whats up \n>chat ☆arboretums|idk man whats up\n>chat  billy zubat|whats ur favorite fictional work\n>chat ☆idk man whats up|:'(\n>chat ☆arboretums|:')\n>chat ☆idk man whats up|idk man\n>chat ☆idk man whats up|whats up\n>chat  billy zubat|not good taste\n>chat ☆idk man whats up|unfort\n>chat ☆arboretums|idk man\n>chat ☆arboretums|whats up\n>p1 move sludgebomb\n>p2 move roost\n>p1 move quiverdance\n>p2 move blueflare\n>p1 move roost\n>p2 switch 2\n>p1 move bugbuzz\n>p2 move glare\n>p1 move bugbuzz\n>p2 move headbutt\n>p1 move quiverdance\n>p2 move headbutt\n>chat ☆arboretums|bro what is ts rng\n>p1 move roost\n>p2 move headbutt\n>chat ☆idk man whats up|hmmmmmmmmmmm\n>chat ☆arboretums|bro\n>p1 move quiverdance\n>p2 move headbutt\n>chat ☆arboretums|dude\n>p1 move quiverdance\n>p2 move headbutt\n>p1 move roost\n>p2 move headbutt\n>p1 move roost\n>p2 move headbutt\n>chat ☆idk man whats up|bro\n>chat ☆arboretums|why didnt u just kill dunsparce\n>chat ☆idk man whats up|you deserve to lose\n>chat ☆idk man whats up|for that\n>chat ☆idk man whats up|ngl\n>chat ☆arboretums|idk man\n>p1 switch 5\n>chat ☆arboretums|you lucked out like 4 turns in a row\n>chat ☆idk man whats up|shield dust my guy\n>chat ☆idk man whats up|look it up\n>chat ☆arboretums|o\n>forcelose p1", "uploadtime": 1770996515, "views": 195, "formatid": "gen6randombattle", "rating": 1507, "private": 0, "password": null}