{"id": "gen6randombattle-2536222146", "format": "[Gen 6] Random Battle", "players": ["alex-1403", "roadto15oo"], "log": "|j|☆alex-1403\n|j|☆roadto15oo\n|t:|1770665261\n|gametype|singles\n|player|p1|alex-1403|red|1573\n|player|p2|roadto15oo|#bdplxmausholds|1785\n|gen|6\n|tier|[Gen 6] Random Battle\n|rated|\n|rule|Sleep Clause Mod: Limit one foe put to sleep\n|rule|HP Percentage Mod: HP is shown in percentages\n|rule|Illusion Level Mod: Illusion disguises the Pokémon's true level\n|\n|t:|1770665261\n|teamsize|p1|6\n|teamsize|p2|6\n|start\n|switch|p1a: Crobat|Crobat, L80, M|267/267\n|switch|p2a: Lickilicky|Lickilicky, L88, F|337/337\n|-ability|p2a: Lickilicky|Cloud Nine\n|turn|1\n|inactive|Battle timer is ON: inactive players will automatically lose when time's up. (requested by roadto15oo)\n|inactive|alex-1403 also wants the timer to be on.\n|\n|t:|1770665286\n|switch|p2a: Qwilfish|Qwilfish, L84, F|246/246\n|-ability|p2a: Qwilfish|Intimidate|boost\n|-unboost|p1a: Crobat|atk|1\n|move|p1a: Crobat|Toxic|p2a: Qwilfish\n|-immune|p2a: Qwilfish\n|\n|upkeep\n|turn|2\n|inactive|alex-1403 has 120 seconds left.\n|inactive|roadto15oo has 120 seconds left.\n|\n|t:|1770665321\n|move|p1a: Crobat|Taunt|p2a: Qwilfish\n|-start|p2a: Qwilfish|move: Taunt\n|cant|p2a: Qwilfish|move: Taunt|Toxic Spikes\n|\n|upkeep\n|turn|3\n|inactive|roadto15oo has 120 seconds left.\n|\n|t:|1770665342\n|switch|p1a: Groudon|Groudon, L64|235/235\n|detailschange|p1a: Groudon|Groudon-Primal, L64\n|-primal|p1a: Groudon|Red Orb\n|-weather|DesolateLand|[from] ability: Desolate Land|[of] p1a: Groudon\n|switch|p2a: Cobalion|Cobalion, L77|267/267\n|\n|-weather|DesolateLand|[upkeep]\n|upkeep\n|turn|4\n|\n|t:|1770665367\n|switch|p2a: Lugia|Lugia, L71|268/268\n|move|p1a: Groudon|Thunder Wave|p2a: Lugia\n|-status|p2a: Lugia|par\n|\n|-weather|DesolateLand|[upkeep]\n|upkeep\n|turn|5\n|\n|t:|1770665377\n|move|p1a: Groudon|Lava Plume|p2a: Lugia\n|-damage|p2a: Lugia|227/268 par\n|move|p2a: Lugia|Aeroblast|p1a: Groudon\n|-damage|p1a: Groudon|133/235\n|\n|-weather|DesolateLand|[upkeep]\n|-heal|p2a: Lugia|243/268 par|[from] item: Leftovers\n|upkeep\n|turn|6\n|\n|t:|1770665395\n|-weather|none\n|switch|p1a: Crobat|Crobat, L80, M|267/267\n|move|p2a: Lugia|Aeroblast|p1a: Crobat\n|-crit|p1a: Crobat\n|-damage|p1a: Crobat|152/267\n|\n|-heal|p1a: Crobat|168/267|[from] item: Black Sludge\n|-heal|p2a: Lugia|259/268 par|[from] item: Leftovers\n|upkeep\n|turn|7\n|inactive|roadto15oo has 120 seconds left.\n|\n|t:|1770665400\n|switch|p2a: Cobalion|Cobalion, L77|267/267\n|move|p1a: Crobat|Brave Bird|p2a: Cobalion\n|-damage|p2a: Cobalion|179/267\n|-damage|p1a: Crobat|139/267|[from] Recoil\n|\n|-heal|p1a: Crobat|155/267|[from] item: Black Sludge\n|-heal|p2a: Cobalion|195/267|[from] item: Leftovers\n|upkeep\n|turn|8\n|\n|t:|1770665405\n|move|p1a: Crobat|Taunt|p2a: Cobalion\n|-start|p2a: Cobalion|move: Taunt\n|cant|p2a: Cobalion|move: Taunt|Stealth Rock\n|\n|-heal|p1a: Crobat|171/267|[from] item: Black Sludge\n|-heal|p2a: Cobalion|211/267|[from] item: Leftovers\n|upkeep\n|turn|9\n|\n|t:|1770665414\n|move|p1a: Crobat|Brave Bird|p2a: Cobalion\n|-damage|p2a: Cobalion|123/267\n|-damage|p1a: Crobat|142/267|[from] Recoil\n|move|p2a: Cobalion|Stone Edge|p1a: Crobat\n|-supereffective|p1a: Crobat\n|-damage|p1a: Crobat|16/267\n|\n|-heal|p1a: Crobat|32/267|[from] item: Black Sludge\n|-heal|p2a: Cobalion|139/267|[from] item: Leftovers\n|upkeep\n|turn|10\n|\n|t:|1770665424\n|switch|p2a: Latias|Latias, L77, F|250/250\n|move|p1a: Crobat|Roost|p1a: Crobat\n|-heal|p1a: Crobat|166/267\n|-singleturn|p1a: Crobat|move: Roost\n|\n|-heal|p1a: Crobat|182/267|[from] item: Black Sludge\n|upkeep\n|turn|11\n|\n|t:|1770665428\n|detailschange|p2a: Latias|Latias-Mega, L77, F\n|-mega|p2a: Latias|Latias|Latiasite\n|move|p1a: Crobat|Toxic|p2a: Latias\n|-status|p2a: Latias|tox\n|move|p2a: Latias|Draco Meteor|p1a: Crobat\n|-damage|p1a: Crobat|0 fnt\n|-unboost|p2a: Latias|spa|2\n|faint|p1a: Crobat\n|\n|-damage|p2a: Latias|235/250 tox|[from] psn\n|upkeep\n|\n|t:|1770665435\n|switch|p1a: Kangaskhan|Kangaskhan, L71, F|267/267\n|turn|12\n|\n|t:|1770665443\n|switch|p2a: Qwilfish|Qwilfish, L84, F|246/246\n|-ability|p2a: Qwilfish|Intimidate|boost\n|-unboost|p1a: Kangaskhan|atk|1\n|detailschange|p1a: Kangaskhan|Kangaskhan-Mega, L71, F\n|-mega|p1a: Kangaskhan|Kangaskhan|Kangaskhanite\n|move|p1a: Kangaskhan|Seismic Toss|p2a: Qwilfish\n|-damage|p2a: Qwilfish|175/246\n|-damage|p2a: Qwilfish|104/246\n|-hitcount|p2a: Qwilfish|2\n|\n|-heal|p2a: Qwilfish|119/246|[from] item: Black Sludge\n|upkeep\n|turn|13\n|\n|t:|1770665452\n|move|p2a: Qwilfish|Toxic Spikes|p1a: Kangaskhan\n|-sidestart|p1: alex-1403|move: Toxic Spikes\n|move|p1a: Kangaskhan|Seismic Toss|p2a: Qwilfish\n|-damage|p2a: Qwilfish|48/246\n|-damage|p2a: Qwilfish|0 fnt\n|faint|p2a: Qwilfish\n|-hitcount|p2: Qwilfish|2\n|\n|upkeep\n|\n|t:|1770665463\n|switch|p2a: Lugia|Lugia, L71|259/268 par\n|turn|14\n|j|+DerpySuX\n|\n|t:|1770665475\n|switch|p1a: Jellicent|Jellicent, L85, F|309/309\n|-status|p1a: Jellicent|psn\n|move|p2a: Lugia|Aeroblast|p1a: Jellicent\n|-damage|p1a: Jellicent|245/309 psn\n|\n|-heal|p1a: Jellicent|264/309 psn|[from] item: Leftovers\n|-heal|p2a: Lugia|268/268 par|[from] item: Leftovers\n|-damage|p1a: Jellicent|226/309 psn|[from] psn\n|upkeep\n|turn|15\n|l|+DerpySuX\n|\n|t:|1770665484\n|switch|p2a: Cobalion|Cobalion, L77|139/267\n|move|p1a: Jellicent|Scald|p2a: Cobalion\n|-crit|p2a: Cobalion\n|-damage|p2a: Cobalion|0 fnt\n|faint|p2a: Cobalion\n|\n|-heal|p1a: Jellicent|245/309 psn|[from] item: Leftovers\n|-damage|p1a: Jellicent|207/309 psn|[from] psn\n|upkeep\n|\n|t:|1770665495\n|switch|p2a: Seviper|Seviper, L91, M|281/281\n|turn|16\n|\n|t:|1770665502\n|move|p2a: Seviper|Knock Off|p1a: Jellicent\n|-supereffective|p1a: Jellicent\n|-damage|p1a: Jellicent|0 fnt\n|-enditem|p1a: Jellicent|Leftovers|[from] move: Knock Off|[of] p2a: Seviper\n|faint|p1a: Jellicent\n|-damage|p2a: Seviper|253/281|[from] item: Life Orb\n|\n|upkeep\n|\n|t:|1770665506\n|switch|p1a: Groudon|Groudon-Primal, L64|133/235\n|-status|p1a: Groudon|psn\n|-weather|DesolateLand|[from] ability: Desolate Land|[of] p1a: Groudon\n|turn|17\n|\n|t:|1770665512\n|move|p2a: Seviper|Earthquake|p1a: Groudon\n|-supereffective|p1a: Groudon\n|-damage|p1a: Groudon|0 fnt\n|faint|p1a: Groudon\n|-weather|none\n|detailschange|p1: Groudon|Groudon, L64|[silent]\n|-damage|p2a: Seviper|225/281|[from] item: Life Orb\n|\n|upkeep\n|\n|t:|1770665517\n|switch|p1a: Kangaskhan|Kangaskhan-Mega, L71, F|267/267\n|-status|p1a: Kangaskhan|psn\n|turn|18\n|\n|t:|1770665523\n|switch|p2a: Lugia|Lugia, L71|268/268 par\n|move|p1a: Kangaskhan|Body Slam|p2a: Lugia\n|-damage|p2a: Lugia|236/268 par\n|-damage|p2a: Lugia|200/268 par\n|-hitcount|p2a: Lugia|2\n|\n|-heal|p2a: Lugia|216/268 par|[from] item: Leftovers\n|-damage|p1a: Kangaskhan|234/267 psn|[from] psn\n|upkeep\n|turn|19\n|\n|t:|1770665528\n|move|p1a: Kangaskhan|Crunch|p2a: Lugia\n|-supereffective|p2a: Lugia\n|-damage|p2a: Lugia|136/268 par\n|-supereffective|p2a: Lugia\n|-damage|p2a: Lugia|94/268 par\n|-hitcount|p2a: Lugia|2\n|move|p2a: Lugia|Roost|p2a: Lugia\n|-heal|p2a: Lugia|228/268 par\n|-singleturn|p2a: Lugia|move: Roost\n|\n|-heal|p2a: Lugia|244/268 par|[from] item: Leftovers\n|-damage|p1a: Kangaskhan|201/267 psn|[from] psn\n|upkeep\n|turn|20\n|\n|t:|1770665532\n|move|p1a: Kangaskhan|Crunch|p2a: Lugia\n|-supereffective|p2a: Lugia\n|-damage|p2a: Lugia|164/268 par\n|-supereffective|p2a: Lugia\n|-damage|p2a: Lugia|120/268 par\n|-hitcount|p2a: Lugia|2\n|cant|p2a: Lugia|par\n|\n|-heal|p2a: Lugia|136/268 par|[from] item: Leftovers\n|-damage|p1a: Kangaskhan|168/267 psn|[from] psn\n|upkeep\n|turn|21\n|\n|t:|1770665536\n|move|p1a: Kangaskhan|Seismic Toss|p2a: Lugia\n|-damage|p2a: Lugia|65/268 par\n|-damage|p2a: Lugia|0 fnt\n|faint|p2a: Lugia\n|-hitcount|p2: Lugia|2\n|\n|-damage|p1a: Kangaskhan|135/267 psn|[from] psn\n|upkeep\n|\n|t:|1770665549\n|switch|p2a: Latias|Latias-Mega, L77, F|235/250 tox\n|turn|22\n|\n|t:|1770665553\n|move|p1a: Kangaskhan|Sucker Punch|p2a: Latias\n|-supereffective|p2a: Latias\n|-damage|p2a: Latias|143/250 tox\n|-supereffective|p2a: Latias\n|-damage|p2a: Latias|103/250 tox\n|-hitcount|p2a: Latias|2\n|move|p2a: Latias|Draco Meteor|p1a: Kangaskhan\n|-damage|p1a: Kangaskhan|0 fnt\n|-unboost|p2a: Latias|spa|2\n|faint|p1a: Kangaskhan\n|detailschange|p1: Kangaskhan|Kangaskhan, L71, F|[silent]\n|\n|-damage|p2a: Latias|88/250 tox|[from] psn\n|upkeep\n|\n|t:|1770665559\n|switch|p1a: Honchkrow|Honchkrow, L82, M|298/298\n|turn|23\n|\n|t:|1770665565\n|switch|p2a: Lickilicky|Lickilicky, L88, F|337/337\n|-ability|p2a: Lickilicky|Cloud Nine\n|move|p1a: Honchkrow|Brave Bird|p2a: Lickilicky\n|-damage|p2a: Lickilicky|177/337\n|-damage|p1a: Honchkrow|245/298|[from] Recoil\n|-damage|p1a: Honchkrow|216/298|[from] item: Life Orb\n|\n|-heal|p2a: Lickilicky|198/337|[from] item: Leftovers\n|upkeep\n|turn|24\n|\n|t:|1770665574\n|move|p1a: Honchkrow|Brave Bird|p2a: Lickilicky\n|-damage|p2a: Lickilicky|19/337\n|-damage|p1a: Honchkrow|157/298|[from] Recoil\n|-damage|p1a: Honchkrow|128/298|[from] item: Life Orb\n|move|p2a: Lickilicky|Body Slam|p1a: Honchkrow\n|-damage|p1a: Honchkrow|0 fnt\n|faint|p1a: Honchkrow\n|\n|-heal|p2a: Lickilicky|40/337|[from] item: Leftovers\n|upkeep\n|\n|t:|1770665577\n|switch|p1a: Ninetales|Ninetales, L83, F|257/257\n|-status|p1a: Ninetales|psn\n|-weather|SunnyDay|[from] ability: Drought|[of] p1a: Ninetales\n|turn|25\n|\n|t:|1770665585\n|move|p1a: Ninetales|Fire Blast|p2a: Lickilicky\n|-damage|p2a: Lickilicky|0 fnt\n|faint|p2a: Lickilicky\n|\n|-weather|SunnyDay|[upkeep]\n|-damage|p1a: Ninetales|225/257 psn|[from] psn\n|upkeep\n|\n|t:|1770665597\n|switch|p2a: Seviper|Seviper, L91, M|225/281\n|turn|26\n|\n|t:|1770665601\n|move|p1a: Ninetales|Fire Blast|p2a: Seviper\n|-damage|p2a: Seviper|54/281\n|move|p2a: Seviper|Earthquake|p1a: Ninetales\n|-supereffective|p1a: Ninetales\n|-damage|p1a: Ninetales|0 fnt\n|faint|p1a: Ninetales\n|-damage|p2a: Seviper|26/281|[from] item: Life Orb\n|\n|win|roadto15oo\n|raw|alex-1403's rating: 1573 &rarr; <strong>1564</strong><br />(-9 for losing)\n|raw|roadto15oo's rating: 1785 &rarr; <strong>1794</strong><br />(+9 for winning)\n|l|☆roadto15oo\n|player|p2|\n|l|☆alex-1403\n|player|p1|\n", "inputlog": ">version ccdc32dd7cde25fd9e4bed64820e885f66e78a4e\n>start {\"formatid\":\"gen6randombattle\",\"seed\":\"sodium,ee36fc9a5633cf0da167e37a0b4e5c9c\",\"rated\":\"Rated battle\"}\n>player p1 {\"name\":\"alex-1403\",\"avatar\":\"red\",\"rating\":1573,\"seed\":\"sodium,e555315083072d12bdd128f2b6daff50\"}\n>player p2 {\"name\":\"roadto15oo\",\"avatar\":\"#bdplxmausholds\",\"rating\":1785,\"seed\":\"sodium,0f76cb4f607e9a2e5f55286c7463a61e\"}\n>p1 move toxic\n>p2 switch 3\n>p1 move taunt\n>p2 move toxicspikes\n>p1 switch 2\n>p2 switch 2\n>p1 move thunderwave\n>p2 switch 6\n>p1 move lavaplume\n>p2 move aeroblast\n>p1 switch 2\n>p2 move aeroblast\n>p1 move bravebird\n>p2 switch 6\n>p1 move taunt\n>p2 move stealthrock\n>p1 move bravebird\n>p2 move stoneedge\n>p1 move roost\n>p2 switch 5\n>p1 move toxic\n>p2 move dracometeor mega\n>p1 switch 4\n>p1 move seismictoss mega\n>p2 switch 2\n>p1 move seismictoss\n>p2 move toxicspikes\n>p2 switch 6\n>p1 switch 3\n>p2 move aeroblast\n>p1 move scald\n>p2 switch 5\n>p2 switch 4\n>p1 move scald\n>p2 move knockoff\n>p1 switch 2\n>p1 move thunderwave\n>p2 move earthquake\n>p1 switch 3\n>p1 move bodyslam\n>p2 switch 5\n>p1 move crunch\n>p2 move roost\n>p1 move crunch\n>p2 move roost\n>p1 move seismictoss\n>p2 move roost\n>p2 switch 2\n>p1 move suckerpunch\n>p2 move dracometeor\n>p1 switch 5\n>p1 move bravebird\n>p2 switch 3\n>p1 move bravebird\n>p2 move bodyslam\n>p1 switch 6\n>p1 move fireblast\n>p2 move bodyslam\n>p2 switch 5\n>p1 move fireblast\n>p2 move earthquake", "uploadtime": 1770665625, "views": 241, "formatid": "gen6randombattle", "rating": 1564, "private": 0, "password": null}