{"id": "gen6randombattle-2519277360", "format": "[Gen 6] Random Battle", "players": ["arboretums", "makkiapakkia"], "log": "|j|☆arboretums\n|j|‽makkiapakkia\n|t:|1768491419\n|gametype|singles\n|player|p1|arboretums|whitney-masters|1507\n|player|p2|makkiapakkia|102|1601\n|gen|6\n|tier|[Gen 6] Random Battle\n|rated|\n|rule|Sleep Clause Mod: Limit one foe put to sleep\n|rule|HP Percentage Mod: HP is shown in percentages\n|rule|Illusion Level Mod: Illusion disguises the Pokémon's true level\n|\n|t:|1768491419\n|teamsize|p1|6\n|teamsize|p2|6\n|start\n|switch|p1a: Chansey|Chansey, L86, F|570/570\n|switch|p2a: Toxicroak|Toxicroak, L83, F|273/273\n|turn|1\n|inactive|Battle timer is ON: inactive players will automatically lose when time's up. (requested by arboretums)\n|\n|t:|1768491434\n|move|p2a: Toxicroak|Knock Off|p1a: Chansey\n|-damage|p1a: Chansey|352/570\n|-enditem|p1a: Chansey|Eviolite|[from] move: Knock Off|[of] p2a: Toxicroak\n|-damage|p2a: Toxicroak|246/273|[from] item: Life Orb\n|move|p1a: Chansey|Thunder Wave|p2a: Toxicroak\n|-status|p2a: Toxicroak|par\n|\n|upkeep\n|turn|2\n|\n|t:|1768491446\n|switch|p1a: Infernape|Infernape, L79, F|250/250\n|cant|p2a: Toxicroak|par\n|\n|upkeep\n|turn|3\n|\n|t:|1768491452\n|move|p1a: Infernape|Overheat|p2a: Toxicroak\n|-damage|p2a: Toxicroak|0 fnt\n|-unboost|p1a: Infernape|spa|2\n|faint|p2a: Toxicroak\n|-damage|p1a: Infernape|225/250|[from] item: Life Orb\n|\n|upkeep\n|\n|t:|1768491465\n|switch|p2a: Mantine|Mantine, L90, M|263/263\n|turn|4\n|\n|t:|1768491472\n|switch|p1a: Ampharos|Ampharos, L86, F|295/295\n|move|p2a: Mantine|Toxic|p1a: Ampharos\n|-status|p1a: Ampharos|tox\n|\n|-damage|p1a: Ampharos|277/295 tox|[from] psn\n|upkeep\n|turn|5\n|\n|t:|1768491479\n|switch|p2a: Simisage|Simisage, L88, M|275/275\n|move|p1a: Ampharos|Volt Switch|p2a: Simisage\n|-resisted|p2a: Simisage\n|-damage|p2a: Simisage|190/275\n|\n|t:|1768491489\n|switch|p1a: Charizard|Charizard, L74, F|237/237|[from] Volt Switch\n|\n|-heal|p2a: Simisage|207/275|[from] item: Leftovers\n|upkeep\n|turn|6\n|\n|t:|1768491497\n|switch|p2a: Mantine|Mantine, L90, M|263/263\n|detailschange|p1a: Charizard|Charizard-Mega-Y, L74, F\n|-mega|p1a: Charizard|Charizard|Charizardite Y\n|-weather|SunnyDay|[from] ability: Drought|[of] p1a: Charizard\n|move|p1a: Charizard|Fire Blast|p2a: Mantine\n|-resisted|p2a: Mantine\n|-damage|p2a: Mantine|200/263\n|\n|-weather|SunnyDay|[upkeep]\n|-heal|p2a: Mantine|216/263|[from] item: Leftovers\n|upkeep\n|turn|7\n|\n|t:|1768491509\n|switch|p1a: Ampharos|Ampharos, L86, F|277/295 tox\n|move|p2a: Mantine|Scald|p1a: Ampharos\n|-damage|p1a: Ampharos|234/295 tox\n|\n|-weather|SunnyDay|[upkeep]\n|-heal|p2a: Mantine|232/263|[from] item: Leftovers\n|-damage|p1a: Ampharos|216/295 tox|[from] psn\n|upkeep\n|turn|8\n|\n|t:|1768491519\n|switch|p2a: Simisage|Simisage, L88, M|207/275\n|move|p1a: Ampharos|Volt Switch|p2a: Simisage\n|-resisted|p2a: Simisage\n|-crit|p2a: Simisage\n|-damage|p2a: Simisage|91/275\n|\n|t:|1768491527\n|switch|p1a: Charizard|Charizard-Mega-Y, L74, F|237/237|[from] Volt Switch\n|\n|-weather|SunnyDay|[upkeep]\n|-heal|p2a: Simisage|108/275|[from] item: Leftovers\n|upkeep\n|turn|9\n|\n|t:|1768491534\n|move|p2a: Simisage|Substitute|p2a: Simisage\n|-start|p2a: Simisage|Substitute\n|-damage|p2a: Simisage|40/275\n|move|p1a: Charizard|Air Slash|p2a: Simisage\n|-supereffective|p2a: Simisage\n|-end|p2a: Simisage|Substitute\n|\n|-weather|SunnyDay|[upkeep]\n|-heal|p2a: Simisage|57/275|[from] item: Leftovers\n|upkeep\n|turn|10\n|\n|t:|1768491544\n|switch|p2a: Mantine|Mantine, L90, M|232/263\n|move|p1a: Charizard|Air Slash|p2a: Mantine\n|-damage|p2a: Mantine|175/263\n|\n|-weather|none\n|-heal|p2a: Mantine|191/263|[from] item: Leftovers\n|upkeep\n|turn|11\n|\n|t:|1768491553\n|switch|p1a: Ampharos|Ampharos, L86, F|216/295 tox\n|move|p2a: Mantine|Scald|p1a: Ampharos\n|-damage|p1a: Ampharos|140/295 tox\n|\n|-heal|p2a: Mantine|207/263|[from] item: Leftovers\n|-damage|p1a: Ampharos|122/295 tox|[from] psn\n|upkeep\n|turn|12\n|\n|t:|1768491565\n|switch|p2a: Simisage|Simisage, L88, M|57/275\n|move|p1a: Ampharos|Volt Switch|p2a: Simisage\n|-resisted|p2a: Simisage\n|-damage|p2a: Simisage|0 fnt\n|faint|p2a: Simisage\n|\n|t:|1768491575\n|switch|p1a: Breloom|Breloom, L82, F|233/233|[from] Volt Switch\n|\n|upkeep\n|\n|t:|1768491586\n|switch|p2a: Deoxys|Deoxys-Attack, L72|191/191\n|-ability|p2a: Deoxys|Pressure\n|turn|13\n|\n|t:|1768491600\n|switch|p1a: Chansey|Chansey, L86, F|352/570\n|move|p2a: Deoxys|Psycho Boost|p1a: Chansey\n|-damage|p1a: Chansey|152/570\n|-unboost|p2a: Deoxys|spa|2\n|-damage|p2a: Deoxys|172/191|[from] item: Life Orb\n|\n|upkeep\n|turn|14\n|\n|t:|1768491614\n|switch|p1a: Breloom|Breloom, L82, F|233/233\n|move|p2a: Deoxys|Superpower|p1a: Breloom\n|-damage|p1a: Breloom|86/233\n|-unboost|p2a: Deoxys|atk|1\n|-unboost|p2a: Deoxys|def|1\n|-damage|p2a: Deoxys|153/191|[from] item: Life Orb\n|\n|upkeep\n|turn|15\n|\n|t:|1768491639\n|move|p1a: Breloom|Mach Punch|p2a: Deoxys\n|-resisted|p2a: Deoxys\n|-damage|p2a: Deoxys|0 fnt\n|faint|p2a: Deoxys\n|-damage|p1a: Breloom|63/233|[from] item: Life Orb\n|\n|upkeep\n|\n|t:|1768491649\n|switch|p2a: Scrafty|Scrafty, L83, F|244/244\n|-ability|p2a: Scrafty|Intimidate|boost\n|-unboost|p1a: Breloom|atk|1\n|turn|16\n|\n|t:|1768491657\n|move|p1a: Breloom|Swords Dance|p1a: Breloom\n|-boost|p1a: Breloom|atk|2\n|move|p2a: Scrafty|Dragon Dance|p2a: Scrafty\n|-boost|p2a: Scrafty|atk|1\n|-boost|p2a: Scrafty|spe|1\n|\n|upkeep\n|turn|17\n|\n|t:|1768491671\n|move|p1a: Breloom|Mach Punch|p2a: Scrafty\n|-supereffective|p2a: Scrafty\n|-damage|p2a: Scrafty|2/244\n|-damage|p1a: Breloom|40/233|[from] item: Life Orb\n|move|p2a: Scrafty|Drain Punch|p1a: Breloom\n|-damage|p1a: Breloom|0 fnt\n|-heal|p2a: Scrafty|22/244|[from] drain|[of] p1a: Breloom\n|faint|p1a: Breloom\n|\n|-heal|p2a: Scrafty|37/244|[from] item: Leftovers\n|upkeep\n|c|☆arboretums|Ok\n|\n|t:|1768491685\n|switch|p1a: Infernape|Infernape, L79, F|225/250\n|turn|18\n|\n|t:|1768491689\n|move|p1a: Infernape|Mach Punch|p2a: Scrafty\n|-supereffective|p2a: Scrafty\n|-damage|p2a: Scrafty|0 fnt\n|faint|p2a: Scrafty\n|-damage|p1a: Infernape|200/250|[from] item: Life Orb\n|\n|upkeep\n|\n|t:|1768491697\n|switch|p2a: Feraligatr|Feraligatr, L79, F|264/264\n|turn|19\n|\n|t:|1768491702\n|move|p1a: Infernape|Close Combat|p2a: Feraligatr\n|-crit|p2a: Feraligatr\n|-damage|p2a: Feraligatr|26/264\n|-unboost|p1a: Infernape|def|1\n|-unboost|p1a: Infernape|spd|1\n|-damage|p1a: Infernape|175/250|[from] item: Life Orb\n|move|p2a: Feraligatr|Dragon Dance|p2a: Feraligatr\n|-boost|p2a: Feraligatr|atk|1\n|-boost|p2a: Feraligatr|spe|1\n|\n|upkeep\n|turn|20\n|\n|t:|1768491711\n|move|p1a: Infernape|Mach Punch|p2a: Feraligatr\n|-damage|p2a: Feraligatr|0 fnt\n|faint|p2a: Feraligatr\n|-damage|p1a: Infernape|150/250|[from] item: Life Orb\n|\n|upkeep\n|\n|t:|1768491716\n|switch|p2a: Mantine|Mantine, L90, M|207/263\n|turn|21\n|\n|t:|1768491720\n|move|p1a: Infernape|Close Combat|p2a: Mantine\n|-resisted|p2a: Mantine\n|-damage|p2a: Mantine|120/263\n|-unboost|p1a: Infernape|def|1\n|-unboost|p1a: Infernape|spd|1\n|-damage|p1a: Infernape|125/250|[from] item: Life Orb\n|move|p2a: Mantine|Scald|p1a: Infernape\n|-supereffective|p1a: Infernape\n|-damage|p1a: Infernape|0 fnt\n|faint|p1a: Infernape\n|\n|-heal|p2a: Mantine|136/263|[from] item: Leftovers\n|upkeep\n|\n|t:|1768491722\n|switch|p1a: Ampharos|Ampharos, L86, F|122/295 tox\n|turn|22\n|\n|t:|1768491734\n|move|p2a: Mantine|Scald|p1a: Ampharos\n|-damage|p1a: Ampharos|44/295 tox\n|move|p1a: Ampharos|Volt Switch|p2a: Mantine\n|-supereffective|p2a: Mantine\n|-damage|p2a: Mantine|0 fnt\n|faint|p2a: Mantine\n|\n|win|arboretums\n|raw|arboretums's rating: 1507 &rarr; <strong>1532</strong><br />(+25 for winning)\n|raw|makkiapakkia's rating: 1601 &rarr; <strong>1576</strong><br />(-25 for losing)\n", "inputlog": ">version 3bd1a1e329da8d286644078cfc9a9638fc7ea025\n>start {\"formatid\":\"gen6randombattle\",\"seed\":\"sodium,ee5bbec74bec4a1bd1d0fa09ce004e60\",\"rated\":\"Rated battle\"}\n>player p1 {\"name\":\"arboretums\",\"avatar\":\"whitney-masters\",\"rating\":1507,\"seed\":\"sodium,c99e97877a83d2cfde9be5690a5fedff\"}\n>player p2 {\"name\":\"makkiapakkia\",\"avatar\":\"102\",\"rating\":1601,\"seed\":\"sodium,3d856d9dd78ef34e29cdc03d2646ba4c\"}\n>p1 move thunderwave\n>p2 move knockoff\n>p1 switch 5\n>p2 move knockoff\n>p1 move overheat\n>p2 move drainpunch\n>p2 switch 5\n>p1 switch 4\n>p2 move toxic\n>p1 move voltswitch\n>p2 switch 2\n>p1 switch 6\n>p1 move fireblast mega\n>p2 switch 2\n>p1 switch 6\n>p2 move scald\n>p1 move voltswitch\n>p2 switch 2\n>p1 switch 6\n>p1 move airslash\n>p2 move substitute\n>p1 move airslash\n>p2 switch 2\n>p1 switch 6\n>p2 move scald\n>p1 move voltswitch\n>p2 switch 2\n>p1 switch 2\n>p2 switch 4\n>p1 switch 5\n>p2 move psychoboost\n>p1 switch 5\n>p2 move superpower\n>p1 move machpunch\n>p2 move psychoboost\n>p2 switch 3\n>p1 move swordsdance\n>p2 move dragondance\n>p1 move machpunch\n>p2 move drainpunch\n>chat ☆arboretums|Ok\n>p1 switch 4\n>p1 move machpunch\n>p2 move drainpunch\n>p2 switch 6\n>p1 move closecombat\n>p2 move dragondance\n>p1 move machpunch\n>p2 move waterfall\n>p2 switch 2\n>p1 move closecombat\n>p2 move scald\n>p1 switch 2\n>p1 move voltswitch\n>p2 move scald", "uploadtime": 1768491735, "views": 250, "formatid": "gen6randombattle", "rating": 1532, "private": 0, "password": null}