{"id": "gen6randombattle-2519973759", "format": "[Gen 6] Random Battle", "players": ["GP119", "arboretums"], "log": "|j|☆GP119\n|j|☆arboretums\n|t:|1768576268\n|gametype|singles\n|player|p1|GP119|red|1603\n|player|p2|arboretums|serena-masters2|1671\n|gen|6\n|tier|[Gen 6] Random Battle\n|rated|\n|rule|Sleep Clause Mod: Limit one foe put to sleep\n|rule|HP Percentage Mod: HP is shown in percentages\n|rule|Illusion Level Mod: Illusion disguises the Pokémon's true level\n|\n|t:|1768576268\n|teamsize|p1|6\n|teamsize|p2|6\n|start\n|switch|p1a: Darmanitan|Darmanitan, L80, F|299/299\n|switch|p2a: Darkrai|Darkrai, L72|220/220\n|turn|1\n|inactive|Battle timer is ON: inactive players will automatically lose when time's up. (requested by arboretums)\n|\n|t:|1768576280\n|switch|p2a: Simipour|Simipour, L86, F|269/269\n|move|p1a: Darmanitan|Superpower|p2a: Simipour\n|-damage|p2a: Simipour|94/269\n|-unboost|p1a: Darmanitan|atk|1\n|-unboost|p1a: Darmanitan|def|1\n|-damage|p1a: Darmanitan|270/299|[from] item: Life Orb\n|\n|upkeep\n|turn|2\n|\n|t:|1768576291\n|switch|p1a: Chansey|Chansey, L86, F|570/570\n|move|p2a: Simipour|Hydro Pump|p1a: Chansey\n|-damage|p1a: Chansey|473/570\n|-damage|p2a: Simipour|68/269|[from] item: Life Orb\n|\n|upkeep\n|turn|3\n|\n|t:|1768576298\n|switch|p2a: Hitmonchan|Hitmonchan, L86, M|226/226\n|move|p1a: Chansey|Seismic Toss|p2a: Hitmonchan\n|-damage|p2a: Hitmonchan|140/226\n|\n|-heal|p2a: Hitmonchan|154/226|[from] item: Leftovers\n|upkeep\n|turn|4\n|\n|t:|1768576304\n|switch|p1a: Muk|Muk, L88, M|328/328\n|move|p2a: Hitmonchan|Drain Punch|p1a: Muk\n|-resisted|p1a: Muk\n|-damage|p1a: Muk|271/328\n|-heal|p2a: Hitmonchan|183/226|[from] drain|[of] p1a: Muk\n|\n|-heal|p2a: Hitmonchan|197/226|[from] item: Leftovers\n|upkeep\n|turn|5\n|\n|t:|1768576322\n|move|p2a: Hitmonchan|Bulk Up|p2a: Hitmonchan\n|-boost|p2a: Hitmonchan|atk|1\n|-boost|p2a: Hitmonchan|def|1\n|move|p1a: Muk|Poison Jab|p2a: Hitmonchan\n|-damage|p2a: Hitmonchan|82/226\n|-status|p2a: Hitmonchan|psn|[from] ability: Poison Touch|[of] p1a: Muk\n|\n|-heal|p2a: Hitmonchan|96/226 psn|[from] item: Leftovers\n|-damage|p2a: Hitmonchan|68/226 psn|[from] psn\n|upkeep\n|turn|6\n|\n|t:|1768576324\n|move|p2a: Hitmonchan|Drain Punch|p1a: Muk\n|-resisted|p1a: Muk\n|-damage|p1a: Muk|191/328\n|-heal|p2a: Hitmonchan|108/226 psn|[from] drain|[of] p1a: Muk\n|move|p1a: Muk|Poison Jab|p2a: Hitmonchan\n|-damage|p2a: Hitmonchan|2/226 psn\n|\n|-heal|p2a: Hitmonchan|16/226 psn|[from] item: Leftovers\n|-damage|p2a: Hitmonchan|0 fnt|[from] psn\n|faint|p2a: Hitmonchan\n|upkeep\n|\n|t:|1768576329\n|switch|p2a: Delphox|Delphox, L83, M|259/259\n|turn|7\n|\n|t:|1768576332\n|move|p2a: Delphox|Psyshock|p1a: Muk\n|-supereffective|p1a: Muk\n|-damage|p1a: Muk|0 fnt\n|faint|p1a: Muk\n|\n|upkeep\n|\n|t:|1768576340\n|switch|p1a: Bibarel|Bibarel, L95, M|304/304\n|turn|8\n|\n|t:|1768576357\n|switch|p2a: Jumpluff|Jumpluff, L90, M|281/281\n|move|p1a: Bibarel|Curse|p1a: Bibarel\n|-unboost|p1a: Bibarel|spe|2\n|-boost|p1a: Bibarel|atk|2\n|-boost|p1a: Bibarel|def|2\n|\n|upkeep\n|turn|9\n|\n|t:|1768576362\n|move|p2a: Jumpluff|Leech Seed|p1a: Bibarel\n|-start|p1a: Bibarel|move: Leech Seed\n|move|p1a: Bibarel|Return|p2a: Jumpluff\n|-damage|p2a: Jumpluff|0 fnt\n|faint|p2a: Jumpluff\n|\n|upkeep\n|\n|t:|1768576368\n|switch|p2a: Mandibuzz|Mandibuzz, L84, F|322/322\n|turn|10\n|\n|t:|1768576372\n|move|p2a: Mandibuzz|Foul Play|p1a: Bibarel\n|-damage|p1a: Bibarel|178/304\n|move|p1a: Bibarel|Return|p2a: Mandibuzz\n|-damage|p2a: Mandibuzz|87/322\n|\n|-heal|p2a: Mandibuzz|107/322|[from] item: Leftovers\n|-heal|p1a: Bibarel|197/304|[from] item: Leftovers\n|-damage|p1a: Bibarel|159/304|[from] Leech Seed|[of] p2a: Mandibuzz\n|-heal|p2a: Mandibuzz|145/322|[silent]\n|upkeep\n|turn|11\n|\n|t:|1768576378\n|move|p2a: Mandibuzz|Roost|p2a: Mandibuzz\n|-heal|p2a: Mandibuzz|306/322\n|-singleturn|p2a: Mandibuzz|move: Roost\n|move|p1a: Bibarel|Return|p2a: Mandibuzz\n|-damage|p2a: Mandibuzz|102/322\n|\n|-heal|p2a: Mandibuzz|122/322|[from] item: Leftovers\n|-heal|p1a: Bibarel|178/304|[from] item: Leftovers\n|-damage|p1a: Bibarel|140/304|[from] Leech Seed|[of] p2a: Mandibuzz\n|-heal|p2a: Mandibuzz|160/322|[silent]\n|upkeep\n|turn|12\n|\n|t:|1768576385\n|switch|p1a: Genesect|Genesect, L72|221/221\n|-ability|p1a: Genesect|Download|boost\n|-boost|p1a: Genesect|spa|1\n|move|p2a: Mandibuzz|Roost|p2a: Mandibuzz\n|-heal|p2a: Mandibuzz|321/322\n|-singleturn|p2a: Mandibuzz|move: Roost\n|\n|-heal|p2a: Mandibuzz|322/322|[from] item: Leftovers\n|upkeep\n|turn|13\n|\n|t:|1768576390\n|move|p1a: Genesect|Thunderbolt|p2a: Mandibuzz\n|-supereffective|p2a: Mandibuzz\n|-damage|p2a: Mandibuzz|101/322\n|-damage|p1a: Genesect|199/221|[from] item: Life Orb\n|move|p2a: Mandibuzz|Foul Play|p1a: Genesect\n|-damage|p1a: Genesect|90/221\n|\n|-heal|p2a: Mandibuzz|121/322|[from] item: Leftovers\n|upkeep\n|turn|14\n|\n|t:|1768576394\n|move|p1a: Genesect|Thunderbolt|p2a: Mandibuzz\n|-supereffective|p2a: Mandibuzz\n|-crit|p2a: Mandibuzz\n|-damage|p2a: Mandibuzz|0 fnt\n|faint|p2a: Mandibuzz\n|-damage|p1a: Genesect|68/221|[from] item: Life Orb\n|\n|upkeep\n|\n|t:|1768576402\n|switch|p2a: Darkrai|Darkrai, L72|220/220\n|turn|15\n|\n|t:|1768576406\n|move|p2a: Darkrai|Dark Void|p1a: Genesect\n|-status|p1a: Genesect|slp|[from] move: Dark Void\n|cant|p1a: Genesect|slp\n|\n|-damage|p1a: Genesect|41/221 slp|[from] ability: Bad Dreams|[of] p2a: Darkrai\n|upkeep\n|turn|16\n|\n|t:|1768576408\n|move|p2a: Darkrai|Nasty Plot|p2a: Darkrai\n|-boost|p2a: Darkrai|spa|2\n|cant|p1a: Genesect|slp\n|\n|-damage|p1a: Genesect|14/221 slp|[from] ability: Bad Dreams|[of] p2a: Darkrai\n|upkeep\n|turn|17\n|\n|t:|1768576412\n|move|p2a: Darkrai|Nasty Plot|p2a: Darkrai\n|-boost|p2a: Darkrai|spa|2\n|cant|p1a: Genesect|slp\n|\n|-damage|p1a: Genesect|0 fnt|[from] ability: Bad Dreams|[of] p2a: Darkrai\n|faint|p1a: Genesect\n|upkeep\n|\n|t:|1768576418\n|switch|p1a: Chansey|Chansey, L86, F|473/570\n|turn|18\n|\n|t:|1768576422\n|move|p2a: Darkrai|Dark Void|p1a: Chansey\n|-status|p1a: Chansey|slp|[from] move: Dark Void\n|cant|p1a: Chansey|slp\n|\n|-damage|p1a: Chansey|402/570 slp|[from] ability: Bad Dreams|[of] p2a: Darkrai\n|upkeep\n|turn|19\n|\n|t:|1768576428\n|move|p2a: Darkrai|Dark Pulse|p1a: Chansey\n|-damage|p1a: Chansey|237/570 slp\n|-damage|p2a: Darkrai|198/220|[from] item: Life Orb\n|cant|p1a: Chansey|slp\n|\n|-damage|p1a: Chansey|166/570 slp|[from] ability: Bad Dreams|[of] p2a: Darkrai\n|upkeep\n|turn|20\n|\n|t:|1768576431\n|move|p2a: Darkrai|Dark Pulse|p1a: Chansey\n|-crit|p1a: Chansey\n|-damage|p1a: Chansey|0 fnt\n|faint|p1a: Chansey\n|-damage|p2a: Darkrai|176/220|[from] item: Life Orb\n|\n|upkeep\n|\n|t:|1768576436\n|switch|p1a: Dialga|Dialga, L73|266/266\n|-ability|p1a: Dialga|Pressure\n|turn|21\n|\n|t:|1768576439\n|move|p1a: Dialga|Draco Meteor|p2a: Darkrai|[miss]\n|-miss|p1a: Dialga|p2a: Darkrai\n|move|p2a: Darkrai|Dark Pulse|p1a: Dialga\n|-damage|p1a: Dialga|0 fnt\n|faint|p1a: Dialga\n|-damage|p2a: Darkrai|154/220|[from] item: Life Orb\n|\n|upkeep\n|\n|t:|1768576441\n|switch|p1a: Darmanitan|Darmanitan, L80, F|270/299\n|turn|22\n|\n|t:|1768576446\n|move|p2a: Darkrai|Dark Pulse|p1a: Darmanitan\n|-damage|p1a: Darmanitan|0 fnt\n|faint|p1a: Darmanitan\n|-damage|p2a: Darkrai|132/220|[from] item: Life Orb\n|\n|upkeep\n|\n|t:|1768576449\n|switch|p1a: Bibarel|Bibarel, L95, M|140/304\n|turn|23\n|c|☆arboretums|I shouldn't have won that ngl\n|\n|t:|1768576452\n|move|p1a: Bibarel|Quick Attack|p2a: Darkrai\n|-damage|p2a: Darkrai|80/220\n|move|p2a: Darkrai|Dark Pulse|p1a: Bibarel\n|-damage|p1a: Bibarel|0 fnt\n|faint|p1a: Bibarel\n|-damage|p2a: Darkrai|58/220|[from] item: Life Orb\n|\n|win|arboretums\n|raw|GP119's rating: 1603 &rarr; <strong>1587</strong><br />(-16 for losing)\n|raw|arboretums's rating: 1671 &rarr; <strong>1687</strong><br />(+16 for winning)\n", "inputlog": ">version 3bd1a1e329da8d286644078cfc9a9638fc7ea025\n>start {\"formatid\":\"gen6randombattle\",\"seed\":\"sodium,f75c86b11ece3b51669b3f25ab5c0a7d\",\"rated\":\"Rated battle\"}\n>player p1 {\"name\":\"GP119\",\"avatar\":\"red\",\"rating\":1603,\"seed\":\"sodium,5c75959ce1d0cafc192a771c4d546b88\"}\n>player p2 {\"name\":\"arboretums\",\"avatar\":\"serena-masters2\",\"rating\":1671,\"seed\":\"sodium,88746889b00c5d77721e9835f01b0e69\"}\n>p1 move superpower\n>p2 switch 6\n>p1 switch 6\n>p2 move hydropump\n>p1 move seismictoss\n>p2 switch 5\n>p1 switch 2\n>p2 move drainpunch\n>p1 move poisonjab\n>p2 move bulkup\n>p1 move poisonjab\n>p2 move drainpunch\n>p2 switch 2\n>p1 move poisonjab\n>p2 move psyshock\n>p1 switch 5\n>p1 move curse\n>p2 switch 3\n>p1 move return\n>p2 move leechseed\n>p2 switch 4\n>p1 move return\n>p2 move foulplay\n>p1 move return\n>p2 move roost\n>p1 switch 3\n>p2 move roost\n>p1 move thunderbolt\n>p2 move foulplay\n>p1 move thunderbolt\n>p2 move foulplay\n>p2 switch 6\n>p1 move xscissor\n>p2 move darkvoid\n>p1 move shiftgear\n>p2 move nastyplot\n>p1 move xscissor\n>p2 move nastyplot\n>p1 switch 2\n>p1 move toxic\n>p2 move darkvoid\n>p1 move softboiled\n>p2 move darkpulse\n>p1 move softboiled\n>p2 move darkpulse\n>p1 switch 4\n>p1 move dracometeor\n>p2 move darkpulse\n>p1 switch 6\n>p1 move uturn\n>p2 move darkpulse\n>p1 switch 3\n>chat ☆arboretums|I shouldn't have won that ngl\n>p1 move quickattack\n>p2 move darkpulse", "uploadtime": 1768576454, "views": 284, "formatid": "gen6randombattle", "rating": 1587, "private": 0, "password": null}