{"id": "gen6randombattle-2530003814", "format": "[Gen 6] Random Battle", "players": ["jerpah", "Aphrodi 20"], "log": "|j|☆jerpah\n|j|☆Aphrodi 20\n|t:|1769862241\n|gametype|singles\n|player|p1|jerpah|n|1663\n|player|p2|Aphrodi 20|morty|1522\n|gen|6\n|tier|[Gen 6] Random Battle\n|rated|\n|rule|Sleep Clause Mod: Limit one foe put to sleep\n|rule|HP Percentage Mod: HP is shown in percentages\n|rule|Illusion Level Mod: Illusion disguises the Pokémon's true level\n|\n|t:|1769862241\n|teamsize|p1|6\n|teamsize|p2|6\n|start\n|switch|p1a: Armaldo|Armaldo, L88, M|275/275\n|switch|p2a: Groudon|Groudon, L64|235/235\n|detailschange|p2a: Groudon|Groudon-Primal, L64\n|-primal|p2a: Groudon|Red Orb\n|-weather|DesolateLand|[from] ability: Desolate Land|[of] p2a: Groudon\n|turn|1\n|inactive|Battle timer is ON: inactive players will automatically lose when time's up. (requested by Aphrodi 20)\n|inactive|Aphrodi 20 has 120 seconds left.\n|\n|t:|1769862286\n|move|p2a: Groudon|Precipice Blades|p1a: Armaldo|[miss]\n|-miss|p2a: Groudon|p1a: Armaldo\n|move|p1a: Armaldo|Stone Edge|p2a: Groudon\n|-damage|p2a: Groudon|114/235\n|\n|-weather|DesolateLand|[upkeep]\n|upkeep\n|turn|2\n|\n|t:|1769862300\n|move|p2a: Groudon|Precipice Blades|p1a: Armaldo\n|-damage|p1a: Armaldo|173/275\n|move|p1a: Armaldo|Stone Edge|p2a: Groudon\n|-damage|p2a: Groudon|0 fnt\n|faint|p2a: Groudon\n|-weather|none\n|detailschange|p2: Groudon|Groudon, L64|[silent]\n|\n|-heal|p1a: Armaldo|190/275|[from] item: Leftovers\n|upkeep\n|\n|t:|1769862319\n|switch|p2a: Ferrothorn|Ferrothorn, L71, M|223/223\n|turn|3\n|\n|t:|1769862327\n|move|p1a: Armaldo|Swords Dance|p1a: Armaldo\n|-boost|p1a: Armaldo|atk|2\n|move|p2a: Ferrothorn|Spikes|p1a: Armaldo\n|-sidestart|p1: jerpah|Spikes\n|\n|-heal|p1a: Armaldo|207/275|[from] item: Leftovers\n|upkeep\n|turn|4\n|\n|t:|1769862336\n|move|p1a: Armaldo|X-Scissor|p2a: Ferrothorn\n|-damage|p2a: Ferrothorn|30/223\n|-damage|p1a: Armaldo|173/275|[from] ability: Iron Barbs|[of] p2a: Ferrothorn\n|move|p2a: Ferrothorn|Thunder Wave|p1a: Armaldo\n|-status|p1a: Armaldo|par\n|\n|-heal|p2a: Ferrothorn|43/223|[from] item: Leftovers\n|-heal|p1a: Armaldo|190/275 par|[from] item: Leftovers\n|upkeep\n|turn|5\n|\n|t:|1769862352\n|move|p2a: Ferrothorn|Knock Off|p1a: Armaldo\n|-damage|p1a: Armaldo|147/275 par\n|-enditem|p1a: Armaldo|Leftovers|[from] move: Knock Off|[of] p2a: Ferrothorn\n|move|p1a: Armaldo|X-Scissor|p2a: Ferrothorn\n|-damage|p2a: Ferrothorn|0 fnt\n|-damage|p1a: Armaldo|113/275 par|[from] ability: Iron Barbs|[of] p2a: Ferrothorn\n|faint|p2a: Ferrothorn\n|\n|upkeep\n|inactive|Aphrodi 20 has 120 seconds left.\n|\n|t:|1769862378\n|switch|p2a: Crustle|Crustle, L82, F|249/249\n|turn|6\n|\n|t:|1769862381\n|move|p2a: Crustle|Stone Edge|p1a: Armaldo\n|-supereffective|p1a: Armaldo\n|-damage|p1a: Armaldo|0 fnt\n|faint|p1a: Armaldo\n|\n|upkeep\n|\n|t:|1769862387\n|switch|p1a: Durant|Durant, L79, M|221/221\n|-damage|p1a: Durant|194/221|[from] Spikes\n|turn|7\n|inactive|Aphrodi 20 has 120 seconds left.\n|\n|t:|1769862416\n|switch|p2a: Regigigas|Regigigas, L84|322/322\n|-start|p2a: Regigigas|ability: Slow Start\n|move|p1a: Durant|Iron Head|p2a: Regigigas|[miss]\n|-miss|p1a: Durant|p2a: Regigigas\n|\n|upkeep\n|turn|8\n|inactive|Aphrodi 20 has 120 seconds left.\n|\n|t:|1769862424\n|move|p1a: Durant|Superpower|p2a: Regigigas\n|-supereffective|p2a: Regigigas\n|-damage|p2a: Regigigas|36/322\n|-unboost|p1a: Durant|atk|1\n|-unboost|p1a: Durant|def|1\n|-damage|p1a: Durant|172/221|[from] item: Life Orb\n|move|p2a: Regigigas|Substitute|p2a: Regigigas\n|-fail|p2a: Regigigas|move: Substitute|[weak]\n|\n|-heal|p2a: Regigigas|56/322|[from] item: Leftovers\n|upkeep\n|turn|9\n|inactive|Aphrodi 20 has 120 seconds left.\n|\n|t:|1769862436\n|move|p1a: Durant|Iron Head|p2a: Regigigas\n|-damage|p2a: Regigigas|0 fnt\n|faint|p2a: Regigigas\n|-damage|p1a: Durant|150/221|[from] item: Life Orb\n|\n|upkeep\n|inactive|Aphrodi 20 has 120 seconds left.\n|\n|t:|1769862448\n|switch|p2a: Crustle|Crustle, L82, F|249/249\n|turn|10\n|inactive|Aphrodi 20 has 120 seconds left.\n|inactive|Aphrodi 20 has 90 seconds left.\n|\n|t:|1769862492\n|move|p1a: Durant|Iron Head|p2a: Crustle|[miss]\n|-miss|p1a: Durant|p2a: Crustle\n|move|p2a: Crustle|Shell Smash|p2a: Crustle\n|-unboost|p2a: Crustle|def|1\n|-unboost|p2a: Crustle|spd|1\n|-boost|p2a: Crustle|atk|2\n|-boost|p2a: Crustle|spa|2\n|-boost|p2a: Crustle|spe|2\n|-enditem|p2a: Crustle|White Herb\n|-clearnegativeboost|p2a: Crustle|[silent]\n|\n|upkeep\n|turn|11\n|inactive|Aphrodi 20 has 90 seconds left.\n|\n|t:|1769862504\n|move|p2a: Crustle|Shell Smash|p2a: Crustle\n|-unboost|p2a: Crustle|def|1\n|-unboost|p2a: Crustle|spd|1\n|-boost|p2a: Crustle|atk|2\n|-boost|p2a: Crustle|spa|2\n|-boost|p2a: Crustle|spe|2\n|move|p1a: Durant|Rock Slide|p2a: Crustle\n|-supereffective|p2a: Crustle\n|-damage|p2a: Crustle|98/249\n|-damage|p1a: Durant|128/221|[from] item: Life Orb\n|\n|upkeep\n|turn|12\n|inactive|Aphrodi 20 has 90 seconds left.\n|\n|t:|1769862521\n|move|p2a: Crustle|Stone Edge|p1a: Durant\n|-damage|p1a: Durant|0 fnt\n|faint|p1a: Durant\n|\n|upkeep\n|\n|t:|1769862526\n|switch|p1a: Absol|Absol, L84, M|246/246\n|-damage|p1a: Absol|216/246|[from] Spikes\n|turn|13\n|inactive|Aphrodi 20 has 90 seconds left.\n|\n|t:|1769862534\n|move|p1a: Absol|Sucker Punch|p2a: Crustle\n|-damage|p2a: Crustle|0 fnt\n|faint|p2a: Crustle\n|\n|upkeep\n|inactive|Aphrodi 20 has 90 seconds left.\n|\n|t:|1769862540\n|switch|p2a: Plusle|Plusle, L93, F|262/262\n|turn|14\n|\n|t:|1769862545\n|move|p2a: Plusle|Nasty Plot|p2a: Plusle\n|-boost|p2a: Plusle|spa|2\n|move|p1a: Absol|Knock Off|p2a: Plusle\n|-damage|p2a: Plusle|9/262\n|-enditem|p2a: Plusle|Life Orb|[from] move: Knock Off|[of] p1a: Absol\n|\n|upkeep\n|turn|15\n|\n|t:|1769862552\n|move|p1a: Absol|Sucker Punch||[still]\n|-fail|p1a: Absol\n|move|p2a: Plusle|Nasty Plot|p2a: Plusle\n|-boost|p2a: Plusle|spa|2\n|\n|upkeep\n|turn|16\n|\n|t:|1769862558\n|move|p1a: Absol|Sucker Punch||[still]\n|-fail|p1a: Absol\n|move|p2a: Plusle|Nasty Plot|p2a: Plusle\n|-boost|p2a: Plusle|spa|2\n|\n|upkeep\n|turn|17\n|\n|t:|1769862564\n|move|p1a: Absol|Sucker Punch||[still]\n|-fail|p1a: Absol\n|move|p2a: Plusle|Nasty Plot|p2a: Plusle\n|-boost|p2a: Plusle|spa|0\n|\n|upkeep\n|turn|18\n|inactive|Aphrodi 20 has 120 seconds left.\n|\n|t:|1769862570\n|move|p1a: Absol|Sucker Punch||[still]\n|-fail|p1a: Absol\n|move|p2a: Plusle|Nasty Plot|p2a: Plusle\n|-boost|p2a: Plusle|spa|0\n|\n|upkeep\n|turn|19\n|\n|t:|1769862577\n|move|p1a: Absol|Sucker Punch||[still]\n|-fail|p1a: Absol\n|move|p2a: Plusle|Nasty Plot|p2a: Plusle\n|-boost|p2a: Plusle|spa|0\n|\n|upkeep\n|turn|20\n|\n|t:|1769862583\n|move|p1a: Absol|Sucker Punch||[still]\n|-fail|p1a: Absol\n|move|p2a: Plusle|Nasty Plot|p2a: Plusle\n|-boost|p2a: Plusle|spa|0\n|\n|upkeep\n|turn|21\n|\n|t:|1769862589\n|move|p2a: Plusle|Thunderbolt|p1a: Absol\n|-damage|p1a: Absol|0 fnt\n|faint|p1a: Absol\n|\n|upkeep\n|\n|t:|1769862595\n|switch|p1a: Emolga|Emolga, L88, F|239/239\n|turn|22\n|\n|t:|1769862599\n|move|p1a: Emolga|Acrobatics|p2a: Plusle\n|-resisted|p2a: Plusle\n|-damage|p2a: Plusle|0 fnt\n|faint|p2a: Plusle\n|\n|upkeep\n|\n|t:|1769862605\n|switch|p2a: Sigilyph|Sigilyph, L83, F|255/255\n|turn|23\n|\n|t:|1769862609\n|move|p1a: Emolga|Knock Off|p2a: Sigilyph\n|-supereffective|p2a: Sigilyph\n|-damage|p2a: Sigilyph|125/255\n|-enditem|p2a: Sigilyph|Flame Orb|[from] move: Knock Off|[of] p1a: Emolga\n|move|p2a: Sigilyph|Cosmic Power|p2a: Sigilyph\n|-boost|p2a: Sigilyph|def|1\n|-boost|p2a: Sigilyph|spd|1\n|\n|upkeep\n|turn|24\n|\n|t:|1769862618\n|move|p1a: Emolga|Thunderbolt|p2a: Sigilyph\n|-supereffective|p2a: Sigilyph\n|-damage|p2a: Sigilyph|0 fnt\n|faint|p2a: Sigilyph\n|\n|win|jerpah\n|raw|jerpah's rating: 1663 &rarr; <strong>1675</strong><br />(+12 for winning)\n|raw|Aphrodi 20's rating: 1522 &rarr; <strong>1510</strong><br />(-12 for losing)\n|c|☆Aphrodi 20|GG\n", "inputlog": ">version b99ff0165a6231f17e8b78c2a78d1998375de664\n>start {\"formatid\":\"gen6randombattle\",\"seed\":\"sodium,e169cdf1bf3a14f817dfdb89f0d19f96\",\"rated\":\"Rated battle\"}\n>player p1 {\"name\":\"jerpah\",\"avatar\":\"n\",\"rating\":1663,\"seed\":\"sodium,a41832830c3ae036d52986044dd1b62f\"}\n>player p2 {\"name\":\"Aphrodi 20\",\"avatar\":\"morty\",\"rating\":1522,\"seed\":\"sodium,0f2f44eded5d270f8afe4b1003517efc\"}\n>p1 move stoneedge\n>p2 move precipiceblades\n>p1 move stoneedge\n>p2 move precipiceblades\n>p2 switch 5\n>p1 move swordsdance\n>p2 move spikes\n>p1 move xscissor\n>p2 move thunderwave\n>p1 move xscissor\n>p2 move knockoff\n>p2 switch 6\n>p1 move stoneedge\n>p2 move stoneedge\n>p1 switch 5\n>p1 move ironhead\n>p2 switch 3\n>p1 move superpower\n>p2 move substitute\n>p1 move ironhead\n>p2 move thunderwave\n>p2 switch 3\n>p1 move ironhead\n>p2 move shellsmash\n>p1 move rockslide\n>p2 move shellsmash\n>p1 move rockslide\n>p2 move stoneedge\n>p1 switch 2\n>p1 move suckerpunch\n>p2 move xscissor\n>p2 switch 2\n>p1 move knockoff\n>p2 move nastyplot\n>p1 move suckerpunch\n>p2 move nastyplot\n>p1 move suckerpunch\n>p2 move nastyplot\n>p1 move suckerpunch\n>p2 move nastyplot\n>p1 move suckerpunch\n>p2 move nastyplot\n>p1 move suckerpunch\n>p2 move nastyplot\n>p1 move suckerpunch\n>p2 move nastyplot\n>p1 move knockoff\n>p2 move thunderbolt\n>p1 switch 3\n>p1 move acrobatics\n>p2 move hiddenpower\n>p2 switch 4\n>p1 move knockoff\n>p2 move cosmicpower\n>p1 move thunderbolt\n>p2 move roost", "uploadtime": 1769862638, "views": 275, "formatid": "gen6randombattle", "rating": 1510, "private": 0, "password": null}