{"id": "gen6randombattle-2525307036", "format": "[Gen 6] Random Battle", "players": ["Duck Cop", "I never run good"], "log": "|j|☆Duck Cop\n|j|☆I never run good\n|t:|1769266082\n|gametype|singles\n|player|p1|Duck Cop|morty-masters2|1783\n|player|p2|I never run good|allister|1811\n|gen|6\n|tier|[Gen 6] Random Battle\n|rated|\n|rule|Sleep Clause Mod: Limit one foe put to sleep\n|rule|HP Percentage Mod: HP is shown in percentages\n|rule|Illusion Level Mod: Illusion disguises the Pokémon's true level\n|\n|t:|1769266082\n|teamsize|p1|6\n|teamsize|p2|6\n|start\n|switch|p1a: Hitmontop|Hitmontop, L89, M|234/234\n|switch|p2a: Quagsire|Quagsire, L87, F|307/307\n|-ability|p1a: Hitmontop|Intimidate|boost\n|-unboost|p2a: Quagsire|atk|1\n|turn|1\n|\n|t:|1769266100\n|switch|p1a: Amoonguss|Amoonguss, L83, F|325/325\n|switch|p2a: Starmie|Starmie, L82|233/233\n|\n|upkeep\n|turn|2\n|inactive|Battle timer is ON: inactive players will automatically lose when time's up. (requested by I never run good)\n|inactive|Duck Cop has 120 seconds left.\n|\n|t:|1769266145\n|move|p2a: Starmie|Psyshock|p1a: Amoonguss\n|-supereffective|p1a: Amoonguss\n|-damage|p1a: Amoonguss|121/325\n|move|p1a: Amoonguss|Giga Drain|p2a: Starmie\n|-supereffective|p2a: Starmie\n|-damage|p2a: Starmie|87/233\n|-heal|p1a: Amoonguss|194/325|[from] drain|[of] p2a: Starmie\n|\n|-heal|p2a: Starmie|101/233|[from] item: Leftovers\n|upkeep\n|turn|3\n|inactive|Duck Cop has 120 seconds left.\n|\n|t:|1769266194\n|switch|p1a: Swoobat|Swoobat, L87, F|258/258\n|move|p2a: Starmie|Recover|p2a: Starmie\n|-heal|p2a: Starmie|218/233\n|\n|-heal|p2a: Starmie|232/233|[from] item: Leftovers\n|upkeep\n|turn|4\n|inactive|I never run good has 120 seconds left.\n|inactive|I never run good has 90 seconds left.\n|\n|t:|1769266245\n|switch|p2a: Klinklang|Klinklang, L87|246/246\n|move|p1a: Swoobat|Calm Mind|p1a: Swoobat\n|-boost|p1a: Swoobat|spa|2\n|-boost|p1a: Swoobat|spd|2\n|\n|upkeep\n|turn|5\n|inactive|Duck Cop has 90 seconds left.\n|\n|t:|1769266275\n|switch|p1a: Amoonguss|Amoonguss, L83, F|302/325\n|move|p2a: Klinklang|Shift Gear|p2a: Klinklang\n|-boost|p2a: Klinklang|spe|2\n|-boost|p2a: Klinklang|atk|1\n|\n|upkeep\n|turn|6\n|inactive|Duck Cop has 90 seconds left.\n|\n|t:|1769266283\n|move|p2a: Klinklang|Substitute|p2a: Klinklang\n|-start|p2a: Klinklang|Substitute\n|-damage|p2a: Klinklang|185/246\n|move|p1a: Amoonguss|Spore||[still]\n|-fail|p1a: Amoonguss\n|\n|-heal|p2a: Klinklang|200/246|[from] item: Leftovers\n|upkeep\n|turn|7\n|\n|t:|1769266290\n|move|p2a: Klinklang|Shift Gear|p2a: Klinklang\n|-boost|p2a: Klinklang|spe|2\n|-boost|p2a: Klinklang|atk|1\n|move|p1a: Amoonguss|Hidden Power|p2a: Klinklang\n|-supereffective|p2a: Klinklang\n|-end|p2a: Klinklang|Substitute\n|\n|-heal|p2a: Klinklang|215/246|[from] item: Leftovers\n|upkeep\n|turn|8\n|\n|t:|1769266299\n|move|p2a: Klinklang|Shift Gear|p2a: Klinklang\n|-boost|p2a: Klinklang|spe|2\n|-boost|p2a: Klinklang|atk|1\n|move|p1a: Amoonguss|Hidden Power|p2a: Klinklang\n|-supereffective|p2a: Klinklang\n|-damage|p2a: Klinklang|139/246\n|\n|-heal|p2a: Klinklang|154/246|[from] item: Leftovers\n|upkeep\n|turn|9\n|\n|t:|1769266309\n|move|p2a: Klinklang|Gear Grind|p1a: Amoonguss\n|-damage|p1a: Amoonguss|130/325\n|-damage|p2a: Klinklang|113/246|[from] item: Rocky Helmet|[of] p1a: Amoonguss\n|-damage|p1a: Amoonguss|0 fnt\n|-damage|p2a: Klinklang|72/246|[from] item: Rocky Helmet|[of] p1a: Amoonguss\n|faint|p1a: Amoonguss\n|-hitcount|p1: Amoonguss|2\n|\n|-heal|p2a: Klinklang|87/246|[from] item: Leftovers\n|upkeep\n|inactive|Duck Cop has 90 seconds left.\n|\n|t:|1769266325\n|switch|p1a: Dunsparce|Dunsparce, L93, F|337/337\n|turn|10\n|\n|t:|1769266331\n|move|p2a: Klinklang|Gear Grind|p1a: Dunsparce\n|-damage|p1a: Dunsparce|174/337\n|-damage|p1a: Dunsparce|24/337\n|-hitcount|p1a: Dunsparce|2\n|move|p1a: Dunsparce|Earthquake|p2a: Klinklang\n|-supereffective|p2a: Klinklang\n|-damage|p2a: Klinklang|0 fnt\n|faint|p2a: Klinklang\n|\n|-heal|p1a: Dunsparce|45/337|[from] item: Leftovers\n|upkeep\n|inactive|I never run good has 120 seconds left.\n|\n|t:|1769266352\n|switch|p2a: Darmanitan|Darmanitan, L80, F|299/299\n|turn|11\n|\n|t:|1769266356\n|move|p2a: Darmanitan|Flare Blitz|p1a: Dunsparce\n|-damage|p1a: Dunsparce|0 fnt\n|faint|p1a: Dunsparce\n|-damage|p2a: Darmanitan|284/299|[from] Recoil\n|\n|upkeep\n|inactive|Duck Cop has 90 seconds left.\n|\n|t:|1769266399\n|switch|p1a: Hitmontop|Hitmontop, L89, M|234/234\n|-ability|p1a: Hitmontop|Intimidate|boost\n|-unboost|p2a: Darmanitan|atk|1\n|turn|12\n|\n|t:|1769266411\n|move|p2a: Darmanitan|U-turn|p1a: Hitmontop\n|-resisted|p1a: Hitmontop\n|-damage|p1a: Hitmontop|212/234\n|-damage|p2a: Darmanitan|255/299|[from] item: Life Orb\n|\n|t:|1769266414\n|switch|p2a: Starmie|Starmie, L82|232/233|[from] U-turn\n|move|p1a: Hitmontop|Close Combat|p2a: Starmie\n|-resisted|p2a: Starmie\n|-damage|p2a: Starmie|164/233\n|-unboost|p1a: Hitmontop|def|1\n|-unboost|p1a: Hitmontop|spd|1\n|\n|-heal|p2a: Starmie|178/233|[from] item: Leftovers\n|upkeep\n|turn|13\n|inactive|Duck Cop has 90 seconds left.\n|\n|t:|1769266438\n|move|p1a: Hitmontop|Sucker Punch|p2a: Starmie\n|-supereffective|p2a: Starmie\n|-damage|p2a: Starmie|40/233\n|move|p2a: Starmie|Scald|p1a: Hitmontop\n|-damage|p1a: Hitmontop|149/234\n|-status|p1a: Hitmontop|brn\n|\n|-heal|p2a: Starmie|54/233|[from] item: Leftovers\n|-damage|p1a: Hitmontop|120/234 brn|[from] brn\n|upkeep\n|turn|14\n|\n|t:|1769266452\n|switch|p2a: Primeape|Primeape, L87, M|255/255\n|switch|p1a: Swoobat|Swoobat, L87, F|258/258\n|\n|upkeep\n|turn|15\n|\n|t:|1769266466\n|switch|p1a: Hitmontop|Hitmontop, L89, M|120/234 brn\n|-ability|p1a: Hitmontop|Intimidate|boost\n|-unboost|p2a: Primeape|atk|1\n|-ability|p2a: Primeape|Defiant|boost\n|-boost|p2a: Primeape|atk|2\n|move|p2a: Primeape|Gunk Shot|p1a: Hitmontop\n|-damage|p1a: Hitmontop|0 fnt\n|faint|p1a: Hitmontop\n|\n|upkeep\n|\n|t:|1769266477\n|switch|p1a: Beedrill|Beedrill, L77, F|227/227\n|turn|16\n|\n|t:|1769266494\n|detailschange|p1a: Beedrill|Beedrill-Mega, L77, F\n|-mega|p1a: Beedrill|Beedrill|Beedrillite\n|move|p1a: Beedrill|Protect|p1a: Beedrill\n|-singleturn|p1a: Beedrill|Protect\n|move|p2a: Primeape|Gunk Shot|p1a: Beedrill\n|-activate|p1a: Beedrill|move: Protect\n|\n|upkeep\n|turn|17\n|\n|t:|1769266515\n|switch|p2a: Starmie|Starmie, L82|54/233\n|move|p1a: Beedrill|Knock Off|p2a: Starmie\n|-supereffective|p2a: Starmie\n|-damage|p2a: Starmie|0 fnt\n|-enditem|p2a: Starmie|Leftovers|[from] move: Knock Off|[of] p1a: Beedrill\n|faint|p2a: Starmie\n|\n|upkeep\n|\n|t:|1769266523\n|switch|p2a: Darmanitan|Darmanitan, L80, F|255/299\n|turn|18\n|inactive|Duck Cop has 60 seconds left.\n|\n|t:|1769266557\n|move|p1a: Beedrill|U-turn|p2a: Darmanitan\n|-resisted|p2a: Darmanitan\n|-damage|p2a: Darmanitan|165/299\n|\n|t:|1769266562\n|switch|p1a: Sigilyph|Sigilyph, L83, F|255/255|[from] U-turn\n|move|p2a: Darmanitan|Flare Blitz|p1a: Sigilyph\n|-damage|p1a: Sigilyph|0 fnt\n|faint|p1a: Sigilyph\n|-damage|p2a: Darmanitan|81/299|[from] Recoil\n|\n|upkeep\n|inactive|Duck Cop has 60 seconds left.\n|\n|t:|1769266571\n|switch|p1a: Beedrill|Beedrill-Mega, L77, F|227/227\n|turn|19\n|\n|t:|1769266583\n|move|p1a: Beedrill|Knock Off|p2a: Darmanitan\n|-damage|p2a: Darmanitan|0 fnt\n|-enditem|p2a: Darmanitan|Life Orb|[from] move: Knock Off|[of] p1a: Beedrill\n|faint|p2a: Darmanitan\n|\n|upkeep\n|\n|t:|1769266601\n|switch|p2a: Quagsire|Quagsire, L87, F|307/307\n|turn|20\n|\n|t:|1769266610\n|move|p1a: Beedrill|Knock Off|p2a: Quagsire\n|-damage|p2a: Quagsire|227/307\n|-enditem|p2a: Quagsire|Leftovers|[from] move: Knock Off|[of] p1a: Beedrill\n|move|p2a: Quagsire|Scald|p1a: Beedrill\n|-damage|p1a: Beedrill|145/227\n|\n|upkeep\n|turn|21\n|\n|t:|1769266620\n|move|p1a: Beedrill|U-turn|p2a: Quagsire\n|-damage|p2a: Quagsire|111/307\n|\n|t:|1769266622\n|switch|p1a: Swoobat|Swoobat, L87, F|258/258|[from] U-turn\n|move|p2a: Quagsire|Recover|p2a: Quagsire\n|-heal|p2a: Quagsire|265/307\n|\n|upkeep\n|turn|22\n|inactive|Duck Cop has 90 seconds left.\n|\n|t:|1769266633\n|move|p1a: Swoobat|Calm Mind|p1a: Swoobat\n|-boost|p1a: Swoobat|spa|2\n|-boost|p1a: Swoobat|spd|2\n|move|p2a: Quagsire|Ice Beam|p1a: Swoobat\n|-supereffective|p1a: Swoobat\n|-crit|p1a: Swoobat\n|-damage|p1a: Swoobat|62/258\n|-status|p1a: Swoobat|frz\n|\n|upkeep\n|turn|23\n|inactive|Duck Cop has 90 seconds left.\n|c|☆Duck Cop|ahhhhh\n|\n|t:|1769266653\n|cant|p1a: Swoobat|frz\n|move|p2a: Quagsire|Scald|p1a: Swoobat\n|-damage|p1a: Swoobat|0 fnt\n|faint|p1a: Swoobat\n|\n|upkeep\n|\n|t:|1769266659\n|switch|p1a: Beedrill|Beedrill-Mega, L77, F|145/227\n|turn|24\n|\n|t:|1769266663\n|move|p1a: Beedrill|Knock Off|p2a: Quagsire\n|-damage|p2a: Quagsire|210/307\n|move|p2a: Quagsire|Earthquake|p1a: Beedrill\n|-damage|p1a: Beedrill|0 fnt\n|faint|p1a: Beedrill\n|detailschange|p1: Beedrill|Beedrill, L77, F|[silent]\n|\n|win|I never run good\n|raw|Duck Cop's rating: 1783 &rarr; <strong>1765</strong><br />(-18 for losing)\n|raw|I never run good's rating: 1811 &rarr; <strong>1829</strong><br />(+18 for winning)\n|c|☆I never run good|Sorry :/\n|c|☆Duck Cop|all g\n|c|☆Duck Cop|gg\n|c|☆I never run good|gg\n|l|☆I never run good\n|player|p2|\n", "inputlog": ">version b99ff0165a6231f17e8b78c2a78d1998375de664\n>start {\"formatid\":\"gen6randombattle\",\"seed\":\"sodium,84d429b05b72635293cca24ef4c46f6b\",\"rated\":\"Rated battle\"}\n>player p1 {\"name\":\"Duck Cop\",\"avatar\":\"morty-masters2\",\"rating\":1783,\"seed\":\"sodium,78b79923c73ea9f3b09174fee76552f3\"}\n>player p2 {\"name\":\"I never run good\",\"avatar\":\"allister\",\"rating\":1811,\"seed\":\"sodium,1d5a00929cb1fab0d158ce0ff1cfac01\"}\n>p1 switch 5\n>p2 switch 5\n>p1 move gigadrain\n>p2 move psyshock\n>p1 switch 6\n>p2 move recover\n>p1 move calmmind\n>p2 switch 3\n>p1 switch 6\n>p2 move shiftgear\n>p1 move spore\n>p2 move substitute\n>p1 move hiddenpower\n>p2 move shiftgear\n>p1 move hiddenpower\n>p2 move shiftgear\n>p1 move hiddenpower\n>p2 move geargrind\n>p1 switch 2\n>p1 move earthquake\n>p2 move geargrind\n>p2 switch 4\n>p1 move glare\n>p2 move flareblitz\n>p1 switch 5\n>p1 move closecombat\n>p2 move uturn\n>p2 switch 3\n>p1 move suckerpunch\n>p2 move scald\n>p1 switch 6\n>p2 switch 2\n>p1 switch 6\n>p2 move gunkshot\n>p1 switch 4\n>p1 move protect mega\n>p2 move gunkshot\n>p1 move knockoff\n>p2 switch 2\n>p2 switch 3\n>p1 move uturn\n>p2 move flareblitz\n>p1 switch 3\n>p1 switch 3\n>p1 move knockoff\n>p2 move flareblitz\n>p2 switch 5\n>p1 move knockoff\n>p2 move scald\n>p1 move uturn\n>p2 move recover\n>p1 switch 6\n>p1 move calmmind\n>p2 move icebeam\n>chat ☆Duck Cop|ahhhhh\n>p1 move roost\n>p2 move scald\n>p1 switch 6\n>p1 move knockoff\n>p2 move earthquake", "uploadtime": 1769266709, "views": 252, "formatid": "gen6randombattle", "rating": 1765, "private": 0, "password": null}