{"id": "gen6randombattle-2525682723", "format": "[Gen 6] Random Battle", "players": ["antisocialkyle", "Bettywoop"], "log": "|j|‽antisocialkyle\n|j|☆Bettywoop\n|t:|1769310134\n|gametype|singles\n|player|p1|antisocialkyle|steven|1631\n|player|p2|Bettywoop|madame|1573\n|gen|6\n|tier|[Gen 6] Random Battle\n|rated|\n|rule|Sleep Clause Mod: Limit one foe put to sleep\n|rule|HP Percentage Mod: HP is shown in percentages\n|rule|Illusion Level Mod: Illusion disguises the Pokémon's true level\n|\n|t:|1769310134\n|teamsize|p1|6\n|teamsize|p2|6\n|start\n|switch|p1a: Bouffalant|Bouffalant, L87, M|307/307\n|switch|p2a: Ninetales|Ninetales, L83, M|257/257\n|-weather|SunnyDay|[from] ability: Drought|[of] p2a: Ninetales\n|turn|1\n|inactive|Battle timer is ON: inactive players will automatically lose when time's up. (requested by Bettywoop)\n|\n|t:|1769310149\n|move|p2a: Ninetales|Will-O-Wisp|p1a: Bouffalant\n|-status|p1a: Bouffalant|brn\n|move|p1a: Bouffalant|Head Charge|p2a: Ninetales\n|-damage|p2a: Ninetales|101/257\n|-damage|p1a: Bouffalant|268/307 brn|[from] Recoil\n|\n|-weather|SunnyDay|[upkeep]\n|-heal|p2a: Ninetales|117/257|[from] item: Leftovers\n|-damage|p1a: Bouffalant|230/307 brn|[from] brn\n|upkeep\n|turn|2\n|\n|t:|1769310159\n|move|p2a: Ninetales|Fire Blast|p1a: Bouffalant\n|-damage|p1a: Bouffalant|86/307 brn\n|move|p1a: Bouffalant|Head Charge|p2a: Ninetales\n|-damage|p2a: Ninetales|0 fnt\n|faint|p2a: Ninetales\n|-damage|p1a: Bouffalant|57/307 brn|[from] Recoil\n|\n|-weather|SunnyDay|[upkeep]\n|-damage|p1a: Bouffalant|19/307 brn|[from] brn\n|upkeep\n|\n|t:|1769310172\n|switch|p2a: Farfetch’d|Farfetch’d, F|266/266\n|turn|3\n|\n|t:|1769310177\n|move|p2a: Farfetch’d|Knock Off|p1a: Bouffalant\n|-damage|p1a: Bouffalant|0 fnt\n|-enditem|p1a: Bouffalant|Choice Band|[from] move: Knock Off|[of] p2a: Farfetch’d\n|faint|p1a: Bouffalant\n|\n|-weather|SunnyDay|[upkeep]\n|upkeep\n|\n|t:|1769310196\n|switch|p1a: Palkia|Palkia, L73|252/252\n|-ability|p1a: Palkia|Pressure\n|turn|4\n|\n|t:|1769310205\n|move|p1a: Palkia|Fire Blast|p2a: Farfetch’d\n|-damage|p2a: Farfetch’d|125/266\n|move|p2a: Farfetch’d|Knock Off|p1a: Palkia\n|-crit|p1a: Palkia\n|-damage|p1a: Palkia|138/252\n|-enditem|p1a: Palkia|Lustrous Orb|[from] move: Knock Off|[of] p2a: Farfetch’d\n|\n|-weather|SunnyDay|[upkeep]\n|upkeep\n|turn|5\n|\n|t:|1769310212\n|move|p1a: Palkia|Draco Meteor|p2a: Farfetch’d\n|-damage|p2a: Farfetch’d|0 fnt\n|-unboost|p1a: Palkia|spa|2\n|faint|p2a: Farfetch’d\n|\n|-weather|none\n|upkeep\n|\n|t:|1769310225\n|switch|p2a: Hydreigon|Hydreigon, L80, M|278/278\n|turn|6\n|\n|t:|1769310234\n|switch|p1a: Drifblim|Drifblim, L83, F|384/384\n|move|p2a: Hydreigon|Dark Pulse|p1a: Drifblim\n|-supereffective|p1a: Drifblim\n|-damage|p1a: Drifblim|102/384\n|-enditem|p1a: Drifblim|Sitrus Berry|[eat]\n|-heal|p1a: Drifblim|198/384|[from] item: Sitrus Berry\n|\n|upkeep\n|turn|7\n|\n|t:|1769310240\n|move|p1a: Drifblim|Destiny Bond|p1a: Drifblim\n|-singlemove|p1a: Drifblim|Destiny Bond\n|move|p2a: Hydreigon|Dark Pulse|p1a: Drifblim\n|-supereffective|p1a: Drifblim\n|-damage|p1a: Drifblim|0 fnt\n|faint|p1a: Drifblim\n|-activate|p1a: Drifblim|move: Destiny Bond\n|faint|p2a: Hydreigon\n|\n|upkeep\n|\n|t:|1769310250\n|switch|p2a: Swanna|Swanna, L85, M|266/266\n|switch|p1a: Palkia|Palkia, L73|138/252\n|-ability|p1a: Palkia|Pressure\n|turn|8\n|\n|t:|1769310255\n|move|p2a: Swanna|Brave Bird|p1a: Palkia\n|-damage|p1a: Palkia|14/252\n|-damage|p2a: Swanna|225/266|[from] Recoil\n|move|p1a: Palkia|Thunder Wave|p2a: Swanna\n|-status|p2a: Swanna|par\n|\n|-heal|p2a: Swanna|241/266 par|[from] item: Leftovers\n|upkeep\n|turn|9\n|\n|t:|1769310267\n|move|p1a: Palkia|Draco Meteor|p2a: Swanna\n|-damage|p2a: Swanna|63/266 par\n|-unboost|p1a: Palkia|spa|2\n|cant|p2a: Swanna|par\n|\n|-heal|p2a: Swanna|79/266 par|[from] item: Leftovers\n|upkeep\n|turn|10\n|\n|t:|1769310271\n|move|p1a: Palkia|Draco Meteor|p2a: Swanna|[miss]\n|-miss|p1a: Palkia|p2a: Swanna\n|move|p2a: Swanna|Roost|p2a: Swanna\n|-heal|p2a: Swanna|212/266 par\n|-singleturn|p2a: Swanna|move: Roost\n|\n|-heal|p2a: Swanna|228/266 par|[from] item: Leftovers\n|upkeep\n|turn|11\n|\n|t:|1769310276\n|switch|p1a: Gastrodon|Gastrodon-East, L86, F|331/331\n|move|p2a: Swanna|Brave Bird|p1a: Gastrodon\n|-damage|p1a: Gastrodon|178/331\n|-damage|p2a: Swanna|178/266 par|[from] Recoil\n|\n|-heal|p1a: Gastrodon|198/331|[from] item: Leftovers\n|-heal|p2a: Swanna|194/266 par|[from] item: Leftovers\n|upkeep\n|turn|12\n|\n|t:|1769310282\n|switch|p2a: Palkia|Palkia, L73|252/252\n|-ability|p2a: Palkia|Pressure\n|move|p1a: Gastrodon|Recover|p1a: Gastrodon\n|-heal|p1a: Gastrodon|331/331\n|\n|upkeep\n|turn|13\n|\n|t:|1769310286\n|move|p2a: Palkia|Spacial Rend|p1a: Gastrodon\n|-damage|p1a: Gastrodon|148/331\n|move|p1a: Gastrodon|Toxic|p2a: Palkia\n|-status|p2a: Palkia|tox\n|\n|-heal|p1a: Gastrodon|168/331|[from] item: Leftovers\n|-damage|p2a: Palkia|237/252 tox|[from] psn\n|upkeep\n|turn|14\n|\n|t:|1769310297\n|move|p2a: Palkia|Spacial Rend|p1a: Gastrodon\n|-damage|p1a: Gastrodon|0 fnt\n|faint|p1a: Gastrodon\n|\n|-damage|p2a: Palkia|207/252 tox|[from] psn\n|upkeep\n|\n|t:|1769310303\n|switch|p1a: Deoxys|Deoxys-Attack, L72|191/191\n|-ability|p1a: Deoxys|Pressure\n|turn|15\n|\n|t:|1769310309\n|move|p1a: Deoxys|Psycho Boost|p2a: Palkia\n|-damage|p2a: Palkia|0 fnt\n|-unboost|p1a: Deoxys|spa|2\n|faint|p2a: Palkia\n|-damage|p1a: Deoxys|172/191|[from] item: Life Orb\n|\n|upkeep\n|\n|t:|1769310313\n|switch|p2a: Swanna|Swanna, L85, M|194/266 par\n|turn|16\n|\n|t:|1769310316\n|switch|p1a: Palkia|Palkia, L73|14/252\n|-ability|p1a: Palkia|Pressure\n|cant|p2a: Swanna|par\n|\n|-heal|p2a: Swanna|210/266 par|[from] item: Leftovers\n|upkeep\n|turn|17\n|\n|t:|1769310321\n|move|p1a: Palkia|Draco Meteor|p2a: Swanna\n|-damage|p2a: Swanna|6/266 par\n|-unboost|p1a: Palkia|spa|2\n|cant|p2a: Swanna|par\n|\n|-heal|p2a: Swanna|22/266 par|[from] item: Leftovers\n|upkeep\n|turn|18\n|\n|t:|1769310328\n|move|p1a: Palkia|Draco Meteor|p2a: Swanna\n|-damage|p2a: Swanna|0 fnt\n|-unboost|p1a: Palkia|spa|2\n|faint|p2a: Swanna\n|\n|upkeep\n|\n|t:|1769310330\n|switch|p2a: Mamoswine|Mamoswine, L78, M|300/300\n|turn|19\n|\n|t:|1769310333\n|move|p2a: Mamoswine|Ice Shard|p1a: Palkia\n|-damage|p1a: Palkia|0 fnt\n|faint|p1a: Palkia\n|-damage|p2a: Mamoswine|270/300|[from] item: Life Orb\n|\n|upkeep\n|\n|t:|1769310342\n|switch|p1a: Parasect|Parasect, F|282/282\n|turn|20\n|\n|t:|1769310351\n|move|p2a: Mamoswine|Icicle Crash|p1a: Parasect\n|-supereffective|p1a: Parasect\n|-damage|p1a: Parasect|32/282\n|-damage|p2a: Mamoswine|240/300|[from] item: Life Orb\n|cant|p1a: Parasect|flinch\n|\n|-heal|p1a: Parasect|49/282|[from] item: Leftovers\n|upkeep\n|turn|21\n|\n|t:|1769310356\n|move|p2a: Mamoswine|Icicle Crash|p1a: Parasect\n|-supereffective|p1a: Parasect\n|-crit|p1a: Parasect\n|-damage|p1a: Parasect|0 fnt\n|faint|p1a: Parasect\n|-damage|p2a: Mamoswine|210/300|[from] item: Life Orb\n|\n|upkeep\n|\n|t:|1769310358\n|switch|p1a: Deoxys|Deoxys-Attack, L72|172/191\n|-ability|p1a: Deoxys|Pressure\n|turn|22\n|\n|t:|1769310362\n|move|p1a: Deoxys|Superpower|p2a: Mamoswine\n|-supereffective|p2a: Mamoswine\n|-damage|p2a: Mamoswine|0 fnt\n|-unboost|p1a: Deoxys|atk|1\n|-unboost|p1a: Deoxys|def|1\n|faint|p2a: Mamoswine\n|-damage|p1a: Deoxys|153/191|[from] item: Life Orb\n|\n|win|antisocialkyle\n|raw|antisocialkyle's rating: 1631 &rarr; <strong>1648</strong><br />(+17 for winning)\n|raw|Bettywoop's rating: 1573 &rarr; <strong>1556</strong><br />(-17 for losing)\n|l|☆Bettywoop\n|player|p2|\n", "inputlog": ">version b99ff0165a6231f17e8b78c2a78d1998375de664\n>start {\"formatid\":\"gen6randombattle\",\"seed\":\"sodium,976f4c220f751af9bf2aef5b264e7d0f\",\"rated\":\"Rated battle\"}\n>player p1 {\"name\":\"antisocialkyle\",\"avatar\":\"steven\",\"rating\":1631,\"seed\":\"sodium,5d7c751f7a2e04379ebf9b939ed36a74\"}\n>player p2 {\"name\":\"Bettywoop\",\"avatar\":\"madame\",\"rating\":1573,\"seed\":\"sodium,63233996b343f7311d7e8b7372c617bb\"}\n>p1 move headcharge\n>p2 move willowisp\n>p1 move headcharge\n>p2 move fireblast\n>p2 switch 6\n>p1 move headcharge\n>p2 move knockoff\n>p1 switch 3\n>p1 move fireblast\n>p2 move knockoff\n>p1 move dracometeor\n>p2 move leafblade\n>p2 switch 3\n>p1 switch 2\n>p2 move darkpulse\n>p1 move destinybond\n>p2 move darkpulse\n>p1 switch 2\n>p2 switch 5\n>p1 move thunderwave\n>p2 move bravebird\n>p1 move dracometeor\n>p2 move bravebird\n>p1 move dracometeor\n>p2 move roost\n>p1 switch 6\n>p2 move bravebird\n>p1 move recover\n>p2 switch 4\n>p1 move toxic\n>p2 move spacialrend\n>p1 move recover\n>p2 move spacialrend\n>p1 switch 4\n>p1 move psychoboost\n>p2 move spacialrend\n>p2 switch 4\n>p1 switch 6\n>p2 move bravebird\n>p1 move dracometeor\n>p2 move roost\n>p1 move dracometeor\n>p2 move roost\n>p2 switch 2\n>p1 move hydropump\n>p2 move iceshard\n>p1 switch 5\n>p1 move seedbomb\n>p2 move iciclecrash\n>p1 move seedbomb\n>p2 move iciclecrash\n>p1 switch 6\n>p1 move superpower\n>p2 move iciclecrash", "uploadtime": 1769310368, "views": 280, "formatid": "gen6randombattle", "rating": 1556, "private": 0, "password": null}