{"id": "gen6randombattle-2524728134", "format": "[Gen 6] Random Battle", "players": ["Smellit", "mlungero"], "log": "|j|☆Smellit\n|j|☆mlungero\n|t:|1769187620\n|gametype|singles\n|player|p1|Smellit|101|1608\n|player|p2|mlungero|brock|1614\n|gen|6\n|tier|[Gen 6] Random Battle\n|rated|\n|rule|Sleep Clause Mod: Limit one foe put to sleep\n|rule|HP Percentage Mod: HP is shown in percentages\n|rule|Illusion Level Mod: Illusion disguises the Pokémon's true level\n|\n|t:|1769187620\n|teamsize|p1|6\n|teamsize|p2|6\n|start\n|switch|p1a: Phione|Phione, L90|290/290\n|switch|p2a: Malamar|Malamar, L81, F|272/272\n|turn|1\n|\n|t:|1769187639\n|move|p1a: Phione|U-turn|p2a: Malamar\n|-supereffective|p2a: Malamar\n|-damage|p2a: Malamar|56/272\n|\n|t:|1769187646\n|switch|p1a: Accelgor|Accelgor, L89, F|287/287|[from] U-turn\n|move|p2a: Malamar|Knock Off|p1a: Accelgor\n|-damage|p1a: Accelgor|137/287\n|-activate|p1a: Accelgor|ability: Sticky Hold\n|\n|-heal|p2a: Malamar|73/272|[from] item: Leftovers\n|upkeep\n|turn|2\n|\n|t:|1769187655\n|switch|p2a: Smeargle|Smeargle, L89, F|243/243\n|move|p1a: Accelgor|U-turn|p2a: Smeargle\n|-damage|p2a: Smeargle|122/243\n|\n|t:|1769187671\n|switch|p1a: Phione|Phione, L90|290/290|[from] U-turn\n|\n|upkeep\n|turn|3\n|\n|t:|1769187691\n|move|p1a: Phione|Scald|p2a: Smeargle\n|-damage|p2a: Smeargle|2/243\n|move|p2a: Smeargle|Sticky Web|p1a: Phione\n|-sidestart|p1: Smellit|move: Sticky Web\n|\n|upkeep\n|turn|4\n|\n|t:|1769187704\n|switch|p2a: Blastoise|Blastoise, L81, F|261/261\n|move|p1a: Phione|Ice Beam|p2a: Blastoise\n|-resisted|p2a: Blastoise\n|-damage|p2a: Blastoise|233/261\n|\n|upkeep\n|turn|5\n|\n|t:|1769187711\n|detailschange|p2a: Blastoise|Blastoise-Mega, L81, F\n|-mega|p2a: Blastoise|Blastoise|Blastoisinite\n|move|p1a: Phione|U-turn|p2a: Blastoise\n|-damage|p2a: Blastoise|193/261\n|\n|t:|1769187719\n|switch|p1a: Politoed|Politoed, L86, F|295/295|[from] U-turn\n|-activate|p1a: Politoed|move: Sticky Web\n|-unboost|p1a: Politoed|spe|1\n|-weather|RainDance|[from] ability: Drizzle|[of] p1a: Politoed\n|move|p2a: Blastoise|Dark Pulse|p1a: Politoed\n|-damage|p1a: Politoed|198/295\n|\n|-weather|RainDance|[upkeep]\n|upkeep\n|turn|6\n|\n|t:|1769187724\n|move|p2a: Blastoise|Dark Pulse|p1a: Politoed\n|-damage|p1a: Politoed|114/295\n|move|p1a: Politoed|Toxic|p2a: Blastoise\n|-status|p2a: Blastoise|tox\n|\n|-weather|RainDance|[upkeep]\n|-damage|p2a: Blastoise|177/261 tox|[from] psn\n|upkeep\n|turn|7\n|\n|t:|1769187730\n|switch|p2a: Malamar|Malamar, L81, F|73/272\n|move|p1a: Politoed|Rest|p1a: Politoed\n|-status|p1a: Politoed|slp|[from] move: Rest\n|-heal|p1a: Politoed|295/295 slp|[silent]\n|-enditem|p1a: Politoed|Chesto Berry|[eat]\n|-curestatus|p1a: Politoed|slp|[msg]\n|\n|-weather|RainDance|[upkeep]\n|-heal|p2a: Malamar|90/272|[from] item: Leftovers\n|upkeep\n|turn|8\n|\n|t:|1769187735\n|move|p2a: Malamar|Rest|p2a: Malamar\n|-status|p2a: Malamar|slp|[from] move: Rest\n|-heal|p2a: Malamar|272/272 slp|[silent]\n|move|p1a: Politoed|Scald|p2a: Malamar\n|-damage|p2a: Malamar|136/272 slp\n|\n|-weather|RainDance|[upkeep]\n|-heal|p2a: Malamar|153/272 slp|[from] item: Leftovers\n|upkeep\n|turn|9\n|\n|t:|1769187742\n|switch|p2a: Blastoise|Blastoise-Mega, L81, F|177/261 tox\n|move|p1a: Politoed|Scald|p2a: Blastoise\n|-resisted|p2a: Blastoise\n|-damage|p2a: Blastoise|120/261 tox\n|\n|-weather|none\n|-damage|p2a: Blastoise|104/261 tox|[from] psn\n|upkeep\n|turn|10\n|\n|t:|1769187746\n|move|p2a: Blastoise|Dark Pulse|p1a: Politoed\n|-damage|p1a: Politoed|197/295\n|move|p1a: Politoed|Scald|p2a: Blastoise\n|-resisted|p2a: Blastoise\n|-damage|p2a: Blastoise|66/261 tox\n|\n|-damage|p2a: Blastoise|34/261 tox|[from] psn\n|upkeep\n|turn|11\n|\n|t:|1769187750\n|move|p2a: Blastoise|Dark Pulse|p1a: Politoed\n|-damage|p1a: Politoed|99/295\n|move|p1a: Politoed|Scald|p2a: Blastoise\n|-resisted|p2a: Blastoise\n|-crit|p2a: Blastoise\n|-damage|p2a: Blastoise|0 fnt\n|faint|p2a: Blastoise\n|detailschange|p2: Blastoise|Blastoise, L81, F|[silent]\n|\n|upkeep\n|\n|t:|1769187755\n|switch|p2a: Smeargle|Smeargle, L89, F|2/243\n|turn|12\n|\n|t:|1769187760\n|move|p2a: Smeargle|Spore|p1a: Politoed\n|-status|p1a: Politoed|slp|[from] move: Spore\n|cant|p1a: Politoed|slp\n|\n|upkeep\n|turn|13\n|\n|t:|1769187764\n|move|p2a: Smeargle|Stealth Rock|p1a: Politoed\n|-sidestart|p1: Smellit|move: Stealth Rock\n|cant|p1a: Politoed|slp\n|\n|upkeep\n|turn|14\n|\n|t:|1769187770\n|cant|p1a: Politoed|slp\n|move|p2a: Smeargle|Whirlwind|p1a: Politoed\n|drag|p1a: Phione|Phione, L90|290/290\n|-activate|p1a: Phione|move: Sticky Web\n|-unboost|p1a: Phione|spe|1\n|-damage|p1a: Phione|254/290|[from] Stealth Rock\n|\n|-heal|p1a: Phione|272/290|[from] item: Leftovers\n|upkeep\n|turn|15\n|\n|t:|1769187791\n|switch|p2a: Malamar|Malamar, L81, F|153/272 slp\n|move|p1a: Phione|U-turn|p2a: Malamar\n|-supereffective|p2a: Malamar\n|-crit|p2a: Malamar\n|-damage|p2a: Malamar|0 fnt\n|faint|p2a: Malamar\n|\n|t:|1769187804\n|switch|p1a: Accelgor|Accelgor, L89, F|137/287|[from] U-turn\n|-activate|p1a: Accelgor|move: Sticky Web\n|-unboost|p1a: Accelgor|spe|1\n|-damage|p1a: Accelgor|66/287|[from] Stealth Rock\n|\n|upkeep\n|\n|t:|1769187813\n|switch|p2a: Tauros|Tauros, L82, M|257/257\n|turn|16\n|\n|t:|1769187818\n|move|p2a: Tauros|Body Slam|p1a: Accelgor\n|-damage|p1a: Accelgor|0 fnt\n|faint|p1a: Accelgor\n|\n|upkeep\n|\n|t:|1769187829\n|switch|p1a: Krookodile|Krookodile, L78, F|276/276\n|-activate|p1a: Krookodile|move: Sticky Web\n|-unboost|p1a: Krookodile|spe|1\n|-damage|p1a: Krookodile|259/276|[from] Stealth Rock\n|-ability|p1a: Krookodile|Intimidate|boost\n|-unboost|p2a: Tauros|atk|1\n|turn|17\n|\n|t:|1769187845\n|move|p2a: Tauros|Body Slam|p1a: Krookodile\n|-damage|p1a: Krookodile|137/276\n|move|p1a: Krookodile|Earthquake|p2a: Tauros\n|-damage|p2a: Tauros|100/257\n|\n|upkeep\n|turn|18\n|\n|t:|1769187852\n|switch|p2a: Smeargle|Smeargle, L89, F|2/243\n|move|p1a: Krookodile|Earthquake|p2a: Smeargle\n|-damage|p2a: Smeargle|0 fnt\n|faint|p2a: Smeargle\n|\n|upkeep\n|\n|t:|1769187855\n|switch|p2a: Darmanitan|Darmanitan, L80, M|299/299\n|turn|19\n|\n|t:|1769187858\n|move|p2a: Darmanitan|Flare Blitz|p1a: Krookodile\n|-damage|p1a: Krookodile|0 fnt\n|faint|p1a: Krookodile\n|-damage|p2a: Darmanitan|254/299|[from] Recoil\n|\n|upkeep\n|\n|t:|1769187861\n|switch|p1a: Phione|Phione, L90|272/290\n|-activate|p1a: Phione|move: Sticky Web\n|-unboost|p1a: Phione|spe|1\n|-damage|p1a: Phione|236/290|[from] Stealth Rock\n|turn|20\n|\n|t:|1769187866\n|switch|p2a: Quagsire|Quagsire, L87, F|307/307\n|move|p1a: Phione|Scald|p2a: Quagsire\n|-damage|p2a: Quagsire|213/307\n|\n|-heal|p1a: Phione|254/290|[from] item: Leftovers\n|-heal|p2a: Quagsire|232/307|[from] item: Leftovers\n|upkeep\n|turn|21\n|\n|t:|1769187877\n|move|p1a: Phione|U-turn|p2a: Quagsire\n|-damage|p2a: Quagsire|187/307\n|\n|t:|1769187880\n|switch|p1a: Politoed|Politoed, L86, F|99/295 slp|[from] U-turn\n|-activate|p1a: Politoed|move: Sticky Web\n|-unboost|p1a: Politoed|spe|1\n|-damage|p1a: Politoed|63/295 slp|[from] Stealth Rock\n|-weather|RainDance|[from] ability: Drizzle|[of] p1a: Politoed\n|move|p2a: Quagsire|Earthquake|p1a: Politoed\n|-damage|p1a: Politoed|0 fnt\n|faint|p1a: Politoed\n|\n|-weather|RainDance|[upkeep]\n|-heal|p2a: Quagsire|206/307|[from] item: Leftovers\n|upkeep\n|\n|t:|1769187891\n|switch|p1a: Scrafty|Scrafty, L83, M|244/244\n|-activate|p1a: Scrafty|move: Sticky Web\n|-unboost|p1a: Scrafty|spe|1\n|-damage|p1a: Scrafty|229/244|[from] Stealth Rock\n|-ability|p1a: Scrafty|Intimidate|boost\n|-unboost|p2a: Quagsire|atk|1\n|turn|22\n|\n|t:|1769187899\n|move|p2a: Quagsire|Scald|p1a: Scrafty\n|-damage|p1a: Scrafty|151/244\n|move|p1a: Scrafty|Dragon Dance|p1a: Scrafty\n|-boost|p1a: Scrafty|atk|1\n|-boost|p1a: Scrafty|spe|1\n|\n|-weather|RainDance|[upkeep]\n|-heal|p1a: Scrafty|166/244|[from] item: Leftovers\n|-heal|p2a: Quagsire|225/307|[from] item: Leftovers\n|upkeep\n|turn|23\n|\n|t:|1769187905\n|move|p1a: Scrafty|Drain Punch|p2a: Quagsire\n|-damage|p2a: Quagsire|153/307\n|-heal|p1a: Scrafty|202/244|[from] drain|[of] p2a: Quagsire\n|move|p2a: Quagsire|Scald|p1a: Scrafty\n|-damage|p1a: Scrafty|121/244\n|\n|-weather|RainDance|[upkeep]\n|-heal|p1a: Scrafty|136/244|[from] item: Leftovers\n|-heal|p2a: Quagsire|172/307|[from] item: Leftovers\n|upkeep\n|turn|24\n|\n|t:|1769187911\n|move|p1a: Scrafty|Knock Off|p2a: Quagsire\n|-damage|p2a: Quagsire|73/307\n|-enditem|p2a: Quagsire|Leftovers|[from] move: Knock Off|[of] p1a: Scrafty\n|move|p2a: Quagsire|Scald|p1a: Scrafty\n|-damage|p1a: Scrafty|51/244\n|\n|-weather|RainDance|[upkeep]\n|-heal|p1a: Scrafty|66/244|[from] item: Leftovers\n|upkeep\n|turn|25\n|\n|t:|1769187919\n|move|p1a: Scrafty|Drain Punch|p2a: Quagsire\n|-damage|p2a: Quagsire|0 fnt\n|-heal|p1a: Scrafty|103/244|[from] drain|[of] p2a: Quagsire\n|faint|p2a: Quagsire\n|\n|-weather|none\n|-heal|p1a: Scrafty|118/244|[from] item: Leftovers\n|upkeep\n|\n|t:|1769187928\n|switch|p2a: Darmanitan|Darmanitan, L80, M|254/299\n|turn|26\n|\n|t:|1769187932\n|move|p2a: Darmanitan|Flare Blitz|p1a: Scrafty\n|-damage|p1a: Scrafty|0 fnt\n|faint|p1a: Scrafty\n|-damage|p2a: Darmanitan|215/299|[from] Recoil\n|\n|upkeep\n|\n|t:|1769187938\n|switch|p1a: Heatran|Heatran, L78, M|270/270\n|-activate|p1a: Heatran|move: Sticky Web\n|-unboost|p1a: Heatran|spe|1\n|-damage|p1a: Heatran|237/270|[from] Stealth Rock\n|turn|27\n|\n|t:|1769187943\n|move|p2a: Darmanitan|Earthquake|p1a: Heatran\n|-supereffective|p1a: Heatran\n|-damage|p1a: Heatran|0 fnt\n|faint|p1a: Heatran\n|-damage|p2a: Darmanitan|186/299|[from] item: Life Orb\n|\n|upkeep\n|\n|t:|1769187946\n|switch|p1a: Phione|Phione, L90|254/290\n|-activate|p1a: Phione|move: Sticky Web\n|-unboost|p1a: Phione|spe|1\n|-damage|p1a: Phione|218/290|[from] Stealth Rock\n|turn|28\n|\n|t:|1769187951\n|move|p2a: Darmanitan|Superpower|p1a: Phione\n|-crit|p1a: Phione\n|-damage|p1a: Phione|17/290\n|-unboost|p2a: Darmanitan|atk|1\n|-unboost|p2a: Darmanitan|def|1\n|-damage|p2a: Darmanitan|157/299|[from] item: Life Orb\n|move|p1a: Phione|Scald|p2a: Darmanitan\n|-supereffective|p2a: Darmanitan\n|-damage|p2a: Darmanitan|0 fnt\n|faint|p2a: Darmanitan\n|\n|-heal|p1a: Phione|35/290|[from] item: Leftovers\n|upkeep\n|\n|t:|1769187954\n|switch|p2a: Tauros|Tauros, L82, M|100/257\n|turn|29\n|\n|t:|1769187956\n|move|p2a: Tauros|Body Slam|p1a: Phione\n|-damage|p1a: Phione|0 fnt\n|faint|p1a: Phione\n|\n|win|mlungero\n|raw|Smellit's rating: 1608 &rarr; <strong>1588</strong><br />(-20 for losing)\n|raw|mlungero's rating: 1614 &rarr; <strong>1634</strong><br />(+20 for winning)\n|l|☆Smellit\n|player|p1|\n", "inputlog": ">version dd3d52b8382d73d1dd2c67730c4067df325ab790\n>start {\"formatid\":\"gen6randombattle\",\"seed\":\"sodium,58125bb57a9fe9b8603aa1e349e09561\",\"rated\":\"Rated battle\"}\n>player p1 {\"name\":\"Smellit\",\"avatar\":\"101\",\"rating\":1608,\"seed\":\"sodium,a0dffe93fbfec8a98d7d240b243e0f64\"}\n>player p2 {\"name\":\"mlungero\",\"avatar\":\"brock\",\"rating\":1614,\"seed\":\"sodium,1bdc805a890151d4d41f7b8ad4ceb994\"}\n>p1 move uturn\n>p2 move knockoff\n>p1 switch 2\n>p1 move uturn\n>p2 switch 3\n>p1 switch 2\n>p1 move scald\n>p2 move stickyweb\n>p1 move icebeam\n>p2 switch 6\n>p1 move uturn\n>p2 move darkpulse mega\n>p1 switch 3\n>p1 move toxic\n>p2 move darkpulse\n>p1 move rest\n>p2 switch 3\n>p1 move scald\n>p2 move rest\n>p1 move scald\n>p2 switch 3\n>p1 move scald\n>p2 move darkpulse\n>p1 move scald\n>p2 move darkpulse\n>p2 switch 6\n>p1 move scald\n>p2 move spore\n>p1 move scald\n>p2 move stealthrock\n>p1 move scald\n>p2 move whirlwind\n>p1 move uturn\n>p2 switch 3\n>p1 switch 2\n>p2 switch 4\n>p1 move bugbuzz\n>p2 move bodyslam\n>p1 switch 5\n>p1 move earthquake\n>p2 move bodyslam\n>p1 move earthquake\n>p2 switch 3\n>p2 switch 2\n>p1 move earthquake\n>p2 move flareblitz\n>p1 switch 2\n>p1 move scald\n>p2 switch 5\n>p1 move uturn\n>p2 move earthquake\n>p1 switch 3\n>p1 switch 4\n>p1 move dragondance\n>p2 move scald\n>p1 move drainpunch\n>p2 move scald\n>p1 move knockoff\n>p2 move scald\n>p1 move drainpunch\n>p2 move scald\n>p2 switch 5\n>p1 move drainpunch\n>p2 move flareblitz\n>p1 switch 6\n>p1 move earthpower\n>p2 move earthquake\n>p1 switch 3\n>p1 move scald\n>p2 move superpower\n>p2 switch 3\n>p1 move scald\n>p2 move bodyslam", "uploadtime": 1769187962, "views": 265, "formatid": "gen6randombattle", "rating": 1588, "private": 0, "password": null}