{"id": "gen6randombattle-2534091522", "format": "[Gen 6] Random Battle", "players": ["OliRes", "King_MakiX"], "log": "|j|☆OliRes\n|j|☆King_MakiX\n|t:|1770386654\n|gametype|singles\n|player|p1|OliRes|lady|1639\n|player|p2|King_MakiX|102|1745\n|gen|6\n|tier|[Gen 6] Random Battle\n|rated|\n|rule|Sleep Clause Mod: Limit one foe put to sleep\n|rule|HP Percentage Mod: HP is shown in percentages\n|rule|Illusion Level Mod: Illusion disguises the Pokémon's true level\n|\n|t:|1770386654\n|teamsize|p1|6\n|teamsize|p2|6\n|start\n|switch|p1a: Kecleon|Kecleon, L89, F|252/252\n|switch|p2a: Hypno|Hypno, L96, F|319/319\n|turn|1\n|inactive|Battle timer is ON: inactive players will automatically lose when time's up. (requested by King_MakiX)\n|\n|t:|1770386665\n|switch|p1a: Espeon|Espeon, L81, F|238/238\n|move|p2a: Hypno|Thunder Wave|p1a: Espeon\n|move|p1a: Espeon|Thunder Wave|p2a: Hypno|[from] ability: Magic Bounce\n|-status|p2a: Hypno|par\n|\n|upkeep\n|turn|2\n|\n|t:|1770386671\n|switch|p2a: Tyranitar|Tyranitar, L75, F|274/274\n|-weather|Sandstorm|[from] ability: Sand Stream|[of] p2a: Tyranitar\n|move|p1a: Espeon|Calm Mind|p1a: Espeon\n|-boost|p1a: Espeon|spa|1\n|-boost|p1a: Espeon|spd|1\n|\n|-weather|Sandstorm|[upkeep]\n|-damage|p1a: Espeon|224/238|[from] Sandstorm\n|upkeep\n|turn|3\n|\n|t:|1770386689\n|switch|p1a: Seaking|Seaking, L93, M|300/300\n|detailschange|p2a: Tyranitar|Tyranitar-Mega, L75, F\n|-mega|p2a: Tyranitar|Tyranitar|Tyranitarite\n|move|p2a: Tyranitar|Crunch|p1a: Seaking\n|-damage|p1a: Seaking|171/300\n|\n|-weather|Sandstorm|[upkeep]\n|-damage|p1a: Seaking|153/300|[from] Sandstorm\n|upkeep\n|turn|4\n|\n|t:|1770386697\n|switch|p2a: Hypno|Hypno, L96, F|319/319 par\n|move|p1a: Seaking|Waterfall|p2a: Hypno\n|-damage|p2a: Hypno|185/319 par\n|-damage|p1a: Seaking|123/300|[from] item: Life Orb\n|\n|-weather|Sandstorm|[upkeep]\n|-damage|p1a: Seaking|105/300|[from] Sandstorm\n|-damage|p2a: Hypno|166/319 par|[from] Sandstorm\n|-heal|p2a: Hypno|185/319 par|[from] item: Leftovers\n|upkeep\n|turn|5\n|\n|t:|1770386706\n|move|p1a: Seaking|Knock Off|p2a: Hypno\n|-supereffective|p2a: Hypno\n|-damage|p2a: Hypno|0 fnt\n|-enditem|p2a: Hypno|Leftovers|[from] move: Knock Off|[of] p1a: Seaking\n|faint|p2a: Hypno\n|-damage|p1a: Seaking|75/300|[from] item: Life Orb\n|\n|-weather|Sandstorm|[upkeep]\n|-damage|p1a: Seaking|57/300|[from] Sandstorm\n|upkeep\n|\n|t:|1770386721\n|switch|p2a: Primeape|Primeape, L87, M|255/255\n|turn|6\n|\n|t:|1770386738\n|move|p2a: Primeape|Earthquake|p1a: Seaking\n|-damage|p1a: Seaking|0 fnt\n|faint|p1a: Seaking\n|-damage|p2a: Primeape|230/255|[from] item: Life Orb\n|\n|-weather|none\n|upkeep\n|\n|t:|1770386752\n|switch|p1a: Espeon|Espeon, L81, F|224/238\n|turn|7\n|\n|t:|1770386759\n|switch|p2a: Tyranitar|Tyranitar-Mega, L75, F|274/274\n|-weather|Sandstorm|[from] ability: Sand Stream|[of] p2a: Tyranitar\n|move|p1a: Espeon|Dazzling Gleam|p2a: Tyranitar\n|-supereffective|p2a: Tyranitar\n|-damage|p2a: Tyranitar|167/274\n|-damage|p1a: Espeon|201/238|[from] item: Life Orb\n|\n|-weather|Sandstorm|[upkeep]\n|-damage|p1a: Espeon|187/238|[from] Sandstorm\n|upkeep\n|turn|8\n|\n|t:|1770386771\n|switch|p1a: Shiftry|Shiftry, L88, M|302/302\n|move|p2a: Tyranitar|Crunch|p1a: Shiftry\n|-resisted|p1a: Shiftry\n|-damage|p1a: Shiftry|233/302\n|\n|-weather|Sandstorm|[upkeep]\n|-damage|p1a: Shiftry|215/302|[from] Sandstorm\n|upkeep\n|turn|9\n|\n|t:|1770386780\n|switch|p2a: Talonflame|Talonflame, L79, F|253/253\n|move|p1a: Shiftry|Leaf Storm|p2a: Talonflame\n|-resisted|p2a: Talonflame\n|-damage|p2a: Talonflame|200/253\n|-unboost|p1a: Shiftry|spa|2\n|-damage|p1a: Shiftry|185/302|[from] item: Life Orb\n|\n|-weather|Sandstorm|[upkeep]\n|-damage|p2a: Talonflame|185/253|[from] Sandstorm\n|-damage|p1a: Shiftry|167/302|[from] Sandstorm\n|upkeep\n|turn|10\n|\n|t:|1770386794\n|switch|p1a: Kingdra|Kingdra, L84, F|263/263\n|move|p2a: Talonflame|Brave Bird|p1a: Kingdra\n|-damage|p1a: Kingdra|152/263\n|-damage|p2a: Talonflame|148/253|[from] Recoil\n|\n|-weather|Sandstorm|[upkeep]\n|-damage|p2a: Talonflame|133/253|[from] Sandstorm\n|-damage|p1a: Kingdra|136/263|[from] Sandstorm\n|upkeep\n|turn|11\n|\n|t:|1770386807\n|move|p2a: Talonflame|Brave Bird|p1a: Kingdra\n|-damage|p1a: Kingdra|15/263\n|-damage|p2a: Talonflame|93/253|[from] Recoil\n|move|p1a: Kingdra|Hydro Pump|p2a: Talonflame\n|-supereffective|p2a: Talonflame\n|-damage|p2a: Talonflame|0 fnt\n|faint|p2a: Talonflame\n|-damage|p1a: Kingdra|0 fnt|[from] item: Life Orb\n|faint|p1a: Kingdra\n|\n|-weather|none\n|upkeep\n|\n|t:|1770386817\n|switch|p2a: Tyranitar|Tyranitar-Mega, L75, F|167/274\n|switch|p1a: Farfetch’d|Farfetch’d, F|266/266\n|-weather|Sandstorm|[from] ability: Sand Stream|[of] p2a: Tyranitar\n|turn|12\n|\n|t:|1770386830\n|move|p1a: Farfetch’d|Leaf Blade|p2a: Tyranitar\n|-supereffective|p2a: Tyranitar\n|-crit|p2a: Tyranitar\n|-damage|p2a: Tyranitar|11/274\n|move|p2a: Tyranitar|Dragon Dance|p2a: Tyranitar\n|-boost|p2a: Tyranitar|atk|1\n|-boost|p2a: Tyranitar|spe|1\n|\n|-weather|Sandstorm|[upkeep]\n|-damage|p1a: Farfetch’d|250/266|[from] Sandstorm\n|upkeep\n|turn|13\n|\n|t:|1770386851\n|move|p2a: Tyranitar|Ice Punch|p1a: Farfetch’d\n|-supereffective|p1a: Farfetch’d\n|-damage|p1a: Farfetch’d|0 fnt\n|faint|p1a: Farfetch’d\n|\n|-weather|Sandstorm|[upkeep]\n|upkeep\n|inactive|OliRes has 120 seconds left.\n|\n|t:|1770386864\n|switch|p1a: Kecleon|Kecleon, L89, F|252/252\n|turn|14\n|\n|t:|1770386869\n|move|p2a: Tyranitar|Crunch|p1a: Kecleon\n|-damage|p1a: Kecleon|71/252\n|move|p1a: Kecleon|Drain Punch|p2a: Tyranitar\n|-start|p1a: Kecleon|typechange|Fighting|[from] ability: Protean\n|-supereffective|p2a: Tyranitar\n|-damage|p2a: Tyranitar|0 fnt\n|-heal|p1a: Kecleon|77/252|[from] drain|[of] p2a: Tyranitar\n|faint|p2a: Tyranitar\n|detailschange|p2: Tyranitar|Tyranitar, L75, F|[silent]\n|\n|-weather|Sandstorm|[upkeep]\n|-damage|p1a: Kecleon|62/252|[from] Sandstorm\n|-heal|p1a: Kecleon|77/252|[from] item: Leftovers\n|upkeep\n|\n|t:|1770386879\n|switch|p2a: Rampardos|Rampardos, L87, M|311/311\n|turn|15\n|\n|t:|1770386890\n|move|p2a: Rampardos|Earthquake|p1a: Kecleon\n|-damage|p1a: Kecleon|0 fnt\n|faint|p1a: Kecleon\n|-damage|p2a: Rampardos|280/311|[from] item: Life Orb\n|\n|-weather|Sandstorm|[upkeep]\n|upkeep\n|\n|t:|1770386899\n|switch|p1a: Shiftry|Shiftry, L88, M|167/302\n|turn|16\n|\n|t:|1770386902\n|move|p1a: Shiftry|Leaf Storm|p2a: Rampardos\n|-supereffective|p2a: Rampardos\n|-damage|p2a: Rampardos|0 fnt\n|-unboost|p1a: Shiftry|spa|2\n|faint|p2a: Rampardos\n|-damage|p1a: Shiftry|137/302|[from] item: Life Orb\n|\n|-weather|none\n|upkeep\n|\n|t:|1770386904\n|switch|p2a: Primeape|Primeape, L87, M|230/255\n|turn|17\n|\n|t:|1770386917\n|move|p2a: Primeape|Close Combat|p1a: Shiftry\n|-supereffective|p1a: Shiftry\n|-damage|p1a: Shiftry|0 fnt\n|-unboost|p2a: Primeape|def|1\n|-unboost|p2a: Primeape|spd|1\n|faint|p1a: Shiftry\n|-damage|p2a: Primeape|205/255|[from] item: Life Orb\n|\n|upkeep\n|\n|t:|1770386919\n|switch|p1a: Espeon|Espeon, L81, F|187/238\n|turn|18\n|\n|t:|1770386924\n|move|p1a: Espeon|Psychic|p2a: Primeape\n|-supereffective|p2a: Primeape\n|-damage|p2a: Primeape|0 fnt\n|faint|p2a: Primeape\n|-damage|p1a: Espeon|164/238|[from] item: Life Orb\n|\n|upkeep\n|\n|t:|1770386925\n|switch|p2a: Reuniclus|Reuniclus, L85, M|326/326\n|turn|19\n|\n|t:|1770386934\n|move|p1a: Espeon|Calm Mind|p1a: Espeon\n|-boost|p1a: Espeon|spa|1\n|-boost|p1a: Espeon|spd|1\n|move|p2a: Reuniclus|Calm Mind|p2a: Reuniclus\n|-boost|p2a: Reuniclus|spa|1\n|-boost|p2a: Reuniclus|spd|1\n|\n|upkeep\n|turn|20\n|\n|t:|1770386936\n|move|p1a: Espeon|Calm Mind|p1a: Espeon\n|-boost|p1a: Espeon|spa|1\n|-boost|p1a: Espeon|spd|1\n|move|p2a: Reuniclus|Calm Mind|p2a: Reuniclus\n|-boost|p2a: Reuniclus|spa|1\n|-boost|p2a: Reuniclus|spd|1\n|\n|upkeep\n|turn|21\n|\n|t:|1770386938\n|move|p1a: Espeon|Calm Mind|p1a: Espeon\n|-boost|p1a: Espeon|spa|1\n|-boost|p1a: Espeon|spd|1\n|move|p2a: Reuniclus|Calm Mind|p2a: Reuniclus\n|-boost|p2a: Reuniclus|spa|1\n|-boost|p2a: Reuniclus|spd|1\n|\n|upkeep\n|turn|22\n|\n|t:|1770386940\n|move|p1a: Espeon|Calm Mind|p1a: Espeon\n|-boost|p1a: Espeon|spa|1\n|-boost|p1a: Espeon|spd|1\n|move|p2a: Reuniclus|Calm Mind|p2a: Reuniclus\n|-boost|p2a: Reuniclus|spa|1\n|-boost|p2a: Reuniclus|spd|1\n|\n|upkeep\n|turn|23\n|\n|t:|1770386941\n|move|p1a: Espeon|Calm Mind|p1a: Espeon\n|-boost|p1a: Espeon|spa|1\n|-boost|p1a: Espeon|spd|1\n|move|p2a: Reuniclus|Calm Mind|p2a: Reuniclus\n|-boost|p2a: Reuniclus|spa|1\n|-boost|p2a: Reuniclus|spd|1\n|\n|upkeep\n|turn|24\n|\n|t:|1770386943\n|move|p1a: Espeon|Calm Mind|p1a: Espeon\n|-boost|p1a: Espeon|spa|1\n|-boost|p1a: Espeon|spd|1\n|move|p2a: Reuniclus|Calm Mind|p2a: Reuniclus\n|-boost|p2a: Reuniclus|spa|1\n|-boost|p2a: Reuniclus|spd|1\n|\n|upkeep\n|turn|25\n|\n|t:|1770386945\n|move|p1a: Espeon|Shadow Ball|p2a: Reuniclus\n|-supereffective|p2a: Reuniclus\n|-damage|p2a: Reuniclus|141/326\n|-damage|p1a: Espeon|141/238|[from] item: Life Orb\n|move|p2a: Reuniclus|Psychic|p1a: Espeon\n|-resisted|p1a: Espeon\n|-damage|p1a: Espeon|60/238\n|\n|upkeep\n|turn|26\n|c|☆OliRes|gg wp\n|\n|t:|1770386955\n|move|p1a: Espeon|Shadow Ball|p2a: Reuniclus\n|-supereffective|p2a: Reuniclus\n|-damage|p2a: Reuniclus|0 fnt\n|faint|p2a: Reuniclus\n|-damage|p1a: Espeon|37/238|[from] item: Life Orb\n|\n|win|OliRes\n|raw|OliRes's rating: 1639 &rarr; <strong>1665</strong><br />(+26 for winning)\n|raw|King_MakiX's rating: 1745 &rarr; <strong>1719</strong><br />(-26 for losing)\n|c|☆King_MakiX|gg\n", "inputlog": ">version ccdc32dd7cde25fd9e4bed64820e885f66e78a4e\n>start {\"formatid\":\"gen6randombattle\",\"seed\":\"sodium,7ada5ce2a932540918c31b07107247d0\",\"rated\":\"Rated battle\"}\n>player p1 {\"name\":\"OliRes\",\"avatar\":\"lady\",\"rating\":1639,\"seed\":\"sodium,df73357d44f24432746c84465c0d6e75\"}\n>player p2 {\"name\":\"King_MakiX\",\"avatar\":\"102\",\"rating\":1745,\"seed\":\"sodium,1d72f17721dedcf6f4e40d1b6704a576\"}\n>p1 switch 6\n>p2 move thunderwave\n>p1 move calmmind\n>p2 switch 4\n>p1 switch 2\n>p2 move crunch mega\n>p1 move waterfall\n>p2 switch 4\n>p1 move knockoff\n>p2 move foulplay\n>p2 switch 2\n>p1 move waterfall\n>p2 move earthquake\n>p1 switch 2\n>p1 move dazzlinggleam\n>p2 switch 4\n>p1 switch 5\n>p2 move crunch\n>p1 move leafstorm\n>p2 switch 5\n>p1 switch 3\n>p2 move bravebird\n>p1 move hydropump\n>p2 move bravebird\n>p1 switch 4\n>p2 switch 5\n>p1 move leafblade\n>p2 move dragondance\n>p1 move leafblade\n>p2 move icepunch\n>p1 switch 6\n>p1 move drainpunch\n>p2 move crunch\n>p2 switch 6\n>p1 move drainpunch\n>p2 move earthquake\n>p1 switch 3\n>p1 move leafstorm\n>p2 move rockpolish\n>p2 switch 4\n>p1 move knockoff\n>p2 move closecombat\n>p1 switch 5\n>p1 move psychic\n>p2 move earthquake\n>p2 switch 3\n>p1 move calmmind\n>p2 move calmmind\n>p1 move calmmind\n>p2 move calmmind\n>p1 move calmmind\n>p2 move calmmind\n>p1 move calmmind\n>p2 move calmmind\n>p1 move calmmind\n>p2 move calmmind\n>p1 move calmmind\n>p2 move calmmind\n>p1 move shadowball\n>p2 move psychic\n>chat ☆OliRes|gg wp\n>p1 move shadowball\n>p2 move psychic", "uploadtime": 1770386959, "views": 241, "formatid": "gen6randombattle", "rating": 1665, "private": 0, "password": null}