{"id": "gen6randombattle-2523189781", "format": "[Gen 6] Random Battle", "players": ["siber999", "1Seleb"], "log": "|j|☆siber999\n|j|☆1Seleb\n|t:|1769001142\n|gametype|singles\n|player|p1|siber999|blue|1562\n|player|p2|1Seleb|170|1616\n|gen|6\n|tier|[Gen 6] Random Battle\n|rated|\n|rule|Sleep Clause Mod: Limit one foe put to sleep\n|rule|HP Percentage Mod: HP is shown in percentages\n|rule|Illusion Level Mod: Illusion disguises the Pokémon's true level\n|\n|t:|1769001142\n|teamsize|p1|6\n|teamsize|p2|6\n|start\n|switch|p1a: Barbaracle|Barbaracle, L82, M|252/252\n|switch|p2a: Gastrodon|Gastrodon, L86, F|331/331\n|turn|1\n|inactive|Battle timer is ON: inactive players will automatically lose when time's up. (requested by 1Seleb)\n|\n|t:|1769001158\n|switch|p1a: Exeggutor|Exeggutor, L92, M|324/324\n|move|p2a: Gastrodon|Scald|p1a: Exeggutor\n|-resisted|p1a: Exeggutor\n|-damage|p1a: Exeggutor|278/324\n|-status|p1a: Exeggutor|brn\n|\n|-damage|p1a: Exeggutor|238/324 brn|[from] brn\n|upkeep\n|turn|2\n|\n|t:|1769001171\n|switch|p2a: Leafeon|Leafeon, L87, F|255/255\n|move|p1a: Exeggutor|Substitute|p1a: Exeggutor\n|-start|p1a: Exeggutor|Substitute\n|-damage|p1a: Exeggutor|157/324 brn\n|-enditem|p1a: Exeggutor|Sitrus Berry|[eat]\n|-heal|p1a: Exeggutor|238/324 brn|[from] item: Sitrus Berry\n|\n|-damage|p1a: Exeggutor|198/324 brn|[from] brn\n|upkeep\n|turn|3\n|\n|t:|1769001176\n|move|p2a: Leafeon|Knock Off|p1a: Exeggutor\n|-supereffective|p1a: Exeggutor\n|-end|p1a: Exeggutor|Substitute\n|-damage|p2a: Leafeon|230/255|[from] item: Life Orb\n|move|p1a: Exeggutor|Psychic|p2a: Leafeon\n|-damage|p2a: Leafeon|59/255\n|\n|-damage|p1a: Exeggutor|158/324 brn|[from] brn\n|-item|p1a: Exeggutor|Sitrus Berry|[from] ability: Harvest\n|upkeep\n|-enditem|p1a: Exeggutor|Sitrus Berry|[eat]\n|-heal|p1a: Exeggutor|239/324 brn|[from] item: Sitrus Berry\n|turn|4\n|\n|t:|1769001195\n|switch|p1a: Rapidash|Rapidash, L87, M|255/255\n|move|p2a: Leafeon|Knock Off|p1a: Rapidash\n|-damage|p1a: Rapidash|134/255\n|-status|p2a: Leafeon|brn|[from] ability: Flame Body|[of] p1a: Rapidash\n|-enditem|p1a: Rapidash|Leftovers|[from] move: Knock Off|[of] p2a: Leafeon\n|-damage|p2a: Leafeon|34/255 brn|[from] item: Life Orb\n|\n|-damage|p2a: Leafeon|3/255 brn|[from] brn\n|upkeep\n|turn|5\n|\n|t:|1769001206\n|move|p1a: Rapidash|Morning Sun|p1a: Rapidash\n|-heal|p1a: Rapidash|255/255\n|move|p2a: Leafeon|Double-Edge|p1a: Rapidash\n|-damage|p1a: Rapidash|186/255\n|-damage|p2a: Leafeon|0 fnt|[from] Recoil\n|faint|p2a: Leafeon\n|\n|upkeep\n|\n|t:|1769001222\n|switch|p2a: Gastrodon|Gastrodon, L86, F|331/331\n|turn|6\n|\n|t:|1769001232\n|switch|p1a: Exeggutor|Exeggutor, L92, M|239/324 brn\n|switch|p2a: Hydreigon|Hydreigon, L80, M|278/278\n|\n|-damage|p1a: Exeggutor|199/324 brn|[from] brn\n|upkeep\n|turn|7\n|inactive|siber999 has 120 seconds left.\n|\n|t:|1769001266\n|move|p2a: Hydreigon|Toxic||[still]\n|-fail|p2a: Hydreigon\n|move|p1a: Exeggutor|Leech Seed|p2a: Hydreigon\n|-start|p2a: Hydreigon|move: Leech Seed\n|\n|-damage|p2a: Hydreigon|244/278|[from] Leech Seed|[of] p1a: Exeggutor\n|-heal|p1a: Exeggutor|233/324 brn|[silent]\n|-damage|p1a: Exeggutor|193/324 brn|[from] brn\n|-item|p1a: Exeggutor|Sitrus Berry|[from] ability: Harvest\n|upkeep\n|turn|8\n|\n|t:|1769001281\n|switch|p2a: Gastrodon|Gastrodon, L86, F|331/331\n|move|p1a: Exeggutor|Substitute|p1a: Exeggutor\n|-start|p1a: Exeggutor|Substitute\n|-damage|p1a: Exeggutor|112/324 brn\n|-enditem|p1a: Exeggutor|Sitrus Berry|[eat]\n|-heal|p1a: Exeggutor|193/324 brn|[from] item: Sitrus Berry\n|\n|-damage|p1a: Exeggutor|153/324 brn|[from] brn\n|-item|p1a: Exeggutor|Sitrus Berry|[from] ability: Harvest\n|upkeep\n|-enditem|p1a: Exeggutor|Sitrus Berry|[eat]\n|-heal|p1a: Exeggutor|234/324 brn|[from] item: Sitrus Berry\n|turn|9\n|\n|t:|1769001285\n|switch|p2a: Chansey|Chansey, L86, F|570/570\n|move|p1a: Exeggutor|Giga Drain|p2a: Chansey\n|-damage|p2a: Chansey|507/570\n|-heal|p1a: Exeggutor|266/324 brn|[from] drain|[of] p2a: Chansey\n|\n|-damage|p1a: Exeggutor|226/324 brn|[from] brn\n|upkeep\n|turn|10\n|\n|t:|1769001290\n|move|p1a: Exeggutor|Leech Seed|p2a: Chansey\n|-start|p2a: Chansey|move: Leech Seed\n|move|p2a: Chansey|Seismic Toss|p1a: Exeggutor\n|-end|p1a: Exeggutor|Substitute\n|\n|-damage|p2a: Chansey|436/570|[from] Leech Seed|[of] p1a: Exeggutor\n|-heal|p1a: Exeggutor|297/324 brn|[silent]\n|-damage|p1a: Exeggutor|257/324 brn|[from] brn\n|-item|p1a: Exeggutor|Sitrus Berry|[from] ability: Harvest\n|upkeep\n|turn|11\n|\n|t:|1769001295\n|move|p1a: Exeggutor|Substitute|p1a: Exeggutor\n|-start|p1a: Exeggutor|Substitute\n|-damage|p1a: Exeggutor|176/324 brn\n|move|p2a: Chansey|Wish|p2a: Chansey\n|\n|-damage|p2a: Chansey|365/570|[from] Leech Seed|[of] p1a: Exeggutor\n|-heal|p1a: Exeggutor|247/324 brn|[silent]\n|-damage|p1a: Exeggutor|207/324 brn|[from] brn\n|upkeep\n|turn|12\n|\n|t:|1769001302\n|move|p1a: Exeggutor|Giga Drain|p2a: Chansey\n|-damage|p2a: Chansey|298/570\n|-heal|p1a: Exeggutor|241/324 brn|[from] drain|[of] p2a: Chansey\n|move|p2a: Chansey|Seismic Toss|p1a: Exeggutor\n|-end|p1a: Exeggutor|Substitute\n|\n|-heal|p2a: Chansey|570/570|[from] move: Wish|[wisher] Chansey\n|-damage|p2a: Chansey|499/570|[from] Leech Seed|[of] p1a: Exeggutor\n|-heal|p1a: Exeggutor|312/324 brn|[silent]\n|-damage|p1a: Exeggutor|272/324 brn|[from] brn\n|upkeep\n|turn|13\n|\n|t:|1769001315\n|switch|p2a: Hydreigon|Hydreigon, L80, M|244/278\n|move|p1a: Exeggutor|Substitute|p1a: Exeggutor\n|-start|p1a: Exeggutor|Substitute\n|-damage|p1a: Exeggutor|191/324 brn\n|\n|-heal|p2a: Hydreigon|261/278|[from] item: Leftovers\n|-damage|p1a: Exeggutor|151/324 brn|[from] brn\n|upkeep\n|-enditem|p1a: Exeggutor|Sitrus Berry|[eat]\n|-heal|p1a: Exeggutor|232/324 brn|[from] item: Sitrus Berry\n|turn|14\n|\n|t:|1769001322\n|move|p2a: Hydreigon|Dark Pulse|p1a: Exeggutor\n|-supereffective|p1a: Exeggutor\n|-end|p1a: Exeggutor|Substitute\n|move|p1a: Exeggutor|Leech Seed|p2a: Hydreigon\n|-start|p2a: Hydreigon|move: Leech Seed\n|\n|-heal|p2a: Hydreigon|278/278|[from] item: Leftovers\n|-damage|p2a: Hydreigon|244/278|[from] Leech Seed|[of] p1a: Exeggutor\n|-heal|p1a: Exeggutor|266/324 brn|[silent]\n|-damage|p1a: Exeggutor|226/324 brn|[from] brn\n|upkeep\n|turn|15\n|\n|t:|1769001344\n|switch|p2a: Chansey|Chansey, L86, F|499/570\n|switch|p1a: Exploud|Exploud, L85, F|316/316\n|\n|upkeep\n|turn|16\n|\n|t:|1769001356\n|switch|p1a: Exeggutor|Exeggutor, L92, M|226/324 brn\n|move|p2a: Chansey|Seismic Toss|p1a: Exeggutor\n|-damage|p1a: Exeggutor|140/324 brn\n|\n|-damage|p1a: Exeggutor|100/324 brn|[from] brn\n|upkeep\n|turn|17\n|\n|t:|1769001372\n|move|p1a: Exeggutor|Substitute|p1a: Exeggutor\n|-start|p1a: Exeggutor|Substitute\n|-damage|p1a: Exeggutor|19/324 brn\n|move|p2a: Chansey|Seismic Toss|p1a: Exeggutor\n|-end|p1a: Exeggutor|Substitute\n|\n|-damage|p1a: Exeggutor|0 fnt|[from] brn\n|faint|p1a: Exeggutor\n|upkeep\n|\n|t:|1769001379\n|switch|p1a: Barbaracle|Barbaracle, L82, M|252/252\n|turn|18\n|\n|t:|1769001389\n|switch|p2a: Gastrodon|Gastrodon, L86, F|331/331\n|move|p1a: Barbaracle|Razor Shell|p2a: Gastrodon\n|-ability|p2a: Gastrodon|Storm Drain|boost\n|-boost|p2a: Gastrodon|spa|1\n|\n|upkeep\n|turn|19\n|\n|t:|1769001396\n|switch|p1a: Kingler|Kingler, L89, M|243/243\n|move|p2a: Gastrodon|Scald|p1a: Kingler\n|-resisted|p1a: Kingler\n|-damage|p1a: Kingler|154/243\n|\n|upkeep\n|turn|20\n|\n|t:|1769001407\n|move|p1a: Kingler|Superpower|p2a: Gastrodon\n|-crit|p2a: Gastrodon\n|-damage|p2a: Gastrodon|55/331\n|-unboost|p1a: Kingler|atk|1\n|-unboost|p1a: Kingler|def|1\n|-damage|p1a: Kingler|130/243|[from] item: Life Orb\n|move|p2a: Gastrodon|Scald|p1a: Kingler\n|-resisted|p1a: Kingler\n|-damage|p1a: Kingler|43/243\n|-status|p1a: Kingler|brn\n|\n|-heal|p2a: Gastrodon|75/331|[from] item: Leftovers\n|-damage|p1a: Kingler|13/243 brn|[from] brn\n|upkeep\n|turn|21\n|\n|t:|1769001418\n|switch|p1a: Exploud|Exploud, L85, F|316/316\n|move|p2a: Gastrodon|Recover|p2a: Gastrodon\n|-heal|p2a: Gastrodon|241/331\n|\n|-heal|p2a: Gastrodon|261/331|[from] item: Leftovers\n|upkeep\n|turn|22\n|\n|t:|1769001427\n|switch|p1a: Kingler|Kingler, L89, M|13/243 brn\n|switch|p2a: Chansey|Chansey, L86, F|499/570\n|\n|-damage|p1a: Kingler|0 fnt|[from] brn\n|faint|p1a: Kingler\n|upkeep\n|\n|t:|1769001433\n|switch|p1a: Rapidash|Rapidash, L87, M|186/255\n|turn|23\n|\n|t:|1769001443\n|switch|p1a: Exploud|Exploud, L85, F|316/316\n|switch|p2a: Gastrodon|Gastrodon, L86, F|261/331\n|\n|-heal|p2a: Gastrodon|281/331|[from] item: Leftovers\n|upkeep\n|turn|24\n|\n|t:|1769001449\n|switch|p2a: Chansey|Chansey, L86, F|499/570\n|move|p1a: Exploud|Boomburst|p2a: Chansey\n|-damage|p2a: Chansey|412/570\n|\n|upkeep\n|turn|25\n|\n|t:|1769001464\n|move|p1a: Exploud|Boomburst|p2a: Chansey\n|-damage|p2a: Chansey|333/570\n|move|p2a: Chansey|Toxic|p1a: Exploud\n|-status|p1a: Exploud|tox\n|\n|-damage|p1a: Exploud|297/316 tox|[from] psn\n|upkeep\n|turn|26\n|\n|t:|1769001472\n|switch|p1a: Barbaracle|Barbaracle, L82, M|252/252\n|move|p2a: Chansey|Soft-Boiled|p2a: Chansey\n|-heal|p2a: Chansey|570/570\n|\n|upkeep\n|turn|27\n|\n|t:|1769001479\n|switch|p2a: Gastrodon|Gastrodon, L86, F|281/331\n|move|p1a: Barbaracle|Shell Smash|p1a: Barbaracle\n|-unboost|p1a: Barbaracle|def|1\n|-unboost|p1a: Barbaracle|spd|1\n|-boost|p1a: Barbaracle|atk|2\n|-boost|p1a: Barbaracle|spa|2\n|-boost|p1a: Barbaracle|spe|2\n|-enditem|p1a: Barbaracle|White Herb\n|-clearnegativeboost|p1a: Barbaracle|[silent]\n|\n|-heal|p2a: Gastrodon|301/331|[from] item: Leftovers\n|upkeep\n|turn|28\n|\n|t:|1769001491\n|move|p1a: Barbaracle|Earthquake|p2a: Gastrodon\n|-damage|p2a: Gastrodon|144/331\n|move|p2a: Gastrodon|Clear Smog|p1a: Barbaracle\n|-resisted|p1a: Barbaracle\n|-damage|p1a: Barbaracle|232/252\n|-clearboost|p1a: Barbaracle\n|\n|-heal|p2a: Gastrodon|164/331|[from] item: Leftovers\n|upkeep\n|turn|29\n|\n|t:|1769001507\n|switch|p1a: Exploud|Exploud, L85, F|297/316 tox\n|move|p2a: Gastrodon|Recover|p2a: Gastrodon\n|-heal|p2a: Gastrodon|330/331\n|\n|-heal|p2a: Gastrodon|331/331|[from] item: Leftovers\n|-damage|p1a: Exploud|278/316 tox|[from] psn\n|upkeep\n|turn|30\n|\n|t:|1769001520\n|switch|p1a: Rapidash|Rapidash, L87, M|186/255\n|switch|p2a: Chansey|Chansey, L86, F|570/570\n|\n|upkeep\n|turn|31\n|\n|t:|1769001531\n|switch|p2a: Gastrodon|Gastrodon, L86, F|331/331\n|move|p1a: Rapidash|Flare Blitz|p2a: Gastrodon\n|-resisted|p2a: Gastrodon\n|-damage|p2a: Gastrodon|250/331\n|-damage|p1a: Rapidash|159/255|[from] Recoil\n|\n|-heal|p2a: Gastrodon|270/331|[from] item: Leftovers\n|upkeep\n|turn|32\n|\n|t:|1769001539\n|switch|p1a: Fearow|Fearow, L88, F|258/258\n|move|p2a: Gastrodon|Scald|p1a: Fearow\n|-damage|p1a: Fearow|147/258\n|-status|p1a: Fearow|brn\n|\n|-heal|p2a: Gastrodon|290/331|[from] item: Leftovers\n|-damage|p1a: Fearow|115/258 brn|[from] brn\n|upkeep\n|turn|33\n|-message|siber999 forfeited.\n|\n|win|1Seleb\n|raw|siber999's rating: 1562 &rarr; <strong>1545</strong><br />(-17 for losing)\n|raw|1Seleb's rating: 1616 &rarr; <strong>1633</strong><br />(+17 for winning)\n|l|☆siber999\n|player|p1|\n", "inputlog": ">version 3bd1a1e329da8d286644078cfc9a9638fc7ea025\n>start {\"formatid\":\"gen6randombattle\",\"seed\":\"sodium,afe425de329159a97391d7539fe01b2b\",\"rated\":\"Rated battle\"}\n>player p1 {\"name\":\"siber999\",\"avatar\":\"blue\",\"rating\":1562,\"seed\":\"sodium,b2975918b1d4d5d349103ff0bad92c01\"}\n>player p2 {\"name\":\"1Seleb\",\"avatar\":\"170\",\"rating\":1616,\"seed\":\"sodium,1c5abb8e128c7766804720fc30dfff26\"}\n>p1 switch 6\n>p2 move scald\n>p1 move substitute\n>p2 switch 3\n>p1 move psychic\n>p2 move knockoff\n>p1 switch 5\n>p2 move knockoff\n>p1 move morningsun\n>p2 move doubleedge\n>p2 switch 3\n>p1 switch 5\n>p2 switch 2\n>p1 move leechseed\n>p2 move toxic\n>p1 move substitute\n>p2 switch 2\n>p1 move gigadrain\n>p2 switch 4\n>p1 move leechseed\n>p2 move seismictoss\n>p1 move substitute\n>p2 move wish\n>p1 move gigadrain\n>p2 move seismictoss\n>p1 move substitute\n>p2 switch 2\n>p1 move leechseed\n>p2 move darkpulse\n>p1 switch 2\n>p2 switch 2\n>p1 switch 2\n>p2 move seismictoss\n>p1 move substitute\n>p2 move seismictoss\n>p1 switch 6\n>p1 move razorshell\n>p2 switch 4\n>p1 switch 3\n>p2 move scald\n>p1 move superpower\n>p2 move scald\n>p1 switch 2\n>p2 move recover\n>p1 switch 2\n>p2 switch 4\n>p1 switch 5\n>p1 switch 2\n>p2 switch 4\n>p1 move boomburst\n>p2 switch 4\n>p1 move boomburst\n>p2 move toxic\n>p1 switch 3\n>p2 move softboiled\n>p1 move shellsmash\n>p2 switch 4\n>p1 move earthquake\n>p2 move clearsmog\n>p1 switch 3\n>p2 move recover\n>p1 switch 2\n>p2 switch 4\n>p1 move flareblitz\n>p2 switch 4\n>p1 switch 4\n>p2 move scald\n>forcelose p1", "uploadtime": 1769001557, "views": 309, "formatid": "gen6randombattle", "rating": 1545, "private": 0, "password": null}