{"id": "gen6randombattle-2538286189", "format": "[Gen 6] Random Battle", "players": ["arboretums", "salamencedestroyer"], "log": "|j|☆arboretums\n|j|☆salamencedestroyer\n|t:|1770913765\n|gametype|singles\n|player|p1|arboretums|serena-masters2|1546\n|player|p2|salamencedestroyer|ethan|1564\n|gen|6\n|tier|[Gen 6] Random Battle\n|rated|\n|rule|Sleep Clause Mod: Limit one foe put to sleep\n|rule|HP Percentage Mod: HP is shown in percentages\n|rule|Illusion Level Mod: Illusion disguises the Pokémon's true level\n|\n|t:|1770913765\n|teamsize|p1|6\n|teamsize|p2|6\n|start\n|switch|p1a: Qwilfish|Qwilfish, L84, F|246/246\n|switch|p2a: Volcanion|Volcanion, L79|256/256\n|-ability|p1a: Qwilfish|Intimidate|boost\n|-unboost|p2a: Volcanion|atk|1\n|turn|1\n|inactive|Battle timer is ON: inactive players will automatically lose when time's up. (requested by salamencedestroyer)\n|inactive|arboretums also wants the timer to be on.\n|\n|t:|1770913782\n|switch|p2a: Zekrom|Zekrom, L74|270/270\n|-ability|p2a: Zekrom|Teravolt\n|move|p1a: Qwilfish|Toxic Spikes|p2a: Zekrom\n|-sidestart|p2: salamencedestroyer|move: Toxic Spikes\n|\n|upkeep\n|turn|2\n|\n|t:|1770913809\n|switch|p1a: Leafeon|Leafeon, L87, F|255/255\n|move|p2a: Zekrom|Substitute|p2a: Zekrom\n|-start|p2a: Zekrom|Substitute\n|-damage|p2a: Zekrom|203/270\n|\n|upkeep\n|turn|3\n|\n|t:|1770913820\n|move|p1a: Leafeon|Knock Off|p2a: Zekrom\n|-end|p2a: Zekrom|Substitute\n|-damage|p1a: Leafeon|230/255|[from] item: Life Orb\n|move|p2a: Zekrom|Outrage|p1a: Leafeon\n|-damage|p1a: Leafeon|122/255\n|\n|upkeep\n|turn|4\n|\n|t:|1770913827\n|move|p1a: Leafeon|Synthesis|p1a: Leafeon\n|-heal|p1a: Leafeon|249/255\n|move|p2a: Zekrom|Outrage|p1a: Leafeon|[from] lockedmove\n|-damage|p1a: Leafeon|147/255\n|\n|upkeep\n|turn|5\n|\n|t:|1770913842\n|move|p1a: Leafeon|Synthesis|p1a: Leafeon\n|-heal|p1a: Leafeon|255/255\n|move|p2a: Zekrom|Outrage|p1a: Leafeon|[from] lockedmove\n|-damage|p1a: Leafeon|147/255\n|-start|p2a: Zekrom|confusion|[fatigue]\n|-enditem|p2a: Zekrom|Lum Berry|[eat]\n|-end|p2a: Zekrom|confusion\n|\n|upkeep\n|turn|6\n|\n|t:|1770913859\n|move|p1a: Leafeon|Swords Dance|p1a: Leafeon\n|-boost|p1a: Leafeon|atk|2\n|move|p2a: Zekrom|Substitute|p2a: Zekrom\n|-start|p2a: Zekrom|Substitute\n|-damage|p2a: Zekrom|136/270\n|\n|upkeep\n|turn|7\n|\n|t:|1770913875\n|move|p1a: Leafeon|Knock Off|p2a: Zekrom\n|-end|p2a: Zekrom|Substitute\n|-damage|p1a: Leafeon|122/255|[from] item: Life Orb\n|move|p2a: Zekrom|Hone Claws|p2a: Zekrom\n|-boost|p2a: Zekrom|atk|1\n|-boost|p2a: Zekrom|accuracy|1\n|\n|upkeep\n|turn|8\n|\n|t:|1770913885\n|move|p1a: Leafeon|Synthesis|p1a: Leafeon\n|-heal|p1a: Leafeon|249/255\n|move|p2a: Zekrom|Outrage|p1a: Leafeon\n|-damage|p1a: Leafeon|89/255\n|\n|upkeep\n|turn|9\n|\n|t:|1770913891\n|move|p1a: Leafeon|Leaf Blade|p2a: Zekrom\n|-resisted|p2a: Zekrom\n|-damage|p2a: Zekrom|18/270\n|-damage|p1a: Leafeon|64/255|[from] item: Life Orb\n|move|p2a: Zekrom|Outrage|p1a: Leafeon|[from] lockedmove\n|-damage|p1a: Leafeon|0 fnt\n|faint|p1a: Leafeon\n|-start|p2a: Zekrom|confusion|[fatigue]\n|\n|upkeep\n|\n|t:|1770913897\n|switch|p1a: Qwilfish|Qwilfish, L84, F|246/246\n|-ability|p1a: Qwilfish|Intimidate|boost\n|-unboost|p2a: Zekrom|atk|1\n|turn|10\n|\n|t:|1770913908\n|move|p1a: Qwilfish|Toxic Spikes|p2a: Zekrom\n|-sidestart|p2: salamencedestroyer|move: Toxic Spikes\n|-activate|p2a: Zekrom|confusion\n|move|p2a: Zekrom|Bolt Strike|p1a: Qwilfish\n|-supereffective|p1a: Qwilfish\n|-enditem|p1a: Qwilfish|Focus Sash\n|-damage|p1a: Qwilfish|1/246\n|\n|upkeep\n|turn|11\n|\n|t:|1770913916\n|move|p1a: Qwilfish|Poison Jab|p2a: Zekrom\n|-damage|p2a: Zekrom|0 fnt\n|faint|p2a: Zekrom\n|\n|upkeep\n|\n|t:|1770913922\n|switch|p2a: Ditto|Ditto, L84|218/218\n|-status|p2a: Ditto|tox\n|-transform|p2a: Ditto|p1a: Qwilfish|[from] ability: Imposter\n|-ability|p2a: Ditto|Intimidate|boost\n|-unboost|p1a: Qwilfish|atk|1\n|turn|12\n|\n|t:|1770913932\n|switch|p1a: Cobalion|Cobalion, L77|267/267\n|move|p2a: Ditto|Toxic Spikes|p1a: Cobalion\n|-sidestart|p1: arboretums|move: Toxic Spikes\n|\n|-damage|p2a: Ditto|205/218 tox|[from] psn\n|upkeep\n|turn|13\n|\n|t:|1770913939\n|move|p2a: Ditto|Toxic Spikes|p1a: Cobalion\n|-sidestart|p1: arboretums|move: Toxic Spikes\n|move|p1a: Cobalion|Swords Dance|p1a: Cobalion\n|-boost|p1a: Cobalion|atk|2\n|\n|-damage|p2a: Ditto|179/218 tox|[from] psn\n|upkeep\n|turn|14\n|\n|t:|1770913953\n|switch|p2a: Cofagrigus|Cofagrigus, L86, F|240/240\n|-status|p2a: Cofagrigus|tox\n|move|p1a: Cobalion|Stone Edge|p2a: Cofagrigus\n|-crit|p2a: Cofagrigus\n|-damage|p2a: Cofagrigus|129/240 tox\n|\n|-heal|p2a: Cofagrigus|144/240 tox|[from] item: Leftovers\n|-damage|p2a: Cofagrigus|129/240 tox|[from] psn\n|upkeep\n|turn|15\n|-message|salamencedestroyer forfeited.\n|\n|win|arboretums\n|raw|arboretums's rating: 1546 &rarr; <strong>1567</strong><br />(+21 for winning)\n|raw|salamencedestroyer's rating: 1564 &rarr; <strong>1543</strong><br />(-21 for losing)\n|l|☆salamencedestroyer\n|player|p2|\n", "inputlog": ">version ccdc32dd7cde25fd9e4bed64820e885f66e78a4e\n>start {\"formatid\":\"gen6randombattle\",\"seed\":\"sodium,764c7177da9d364365904c45e7a093d2\",\"rated\":\"Rated battle\"}\n>player p1 {\"name\":\"arboretums\",\"avatar\":\"serena-masters2\",\"rating\":1546,\"seed\":\"sodium,64135cc56dfdf7d46c0bb3d53e004dc8\"}\n>player p2 {\"name\":\"salamencedestroyer\",\"avatar\":\"ethan\",\"rating\":1564,\"seed\":\"sodium,1e6bfa453f7beae352bdb426d6261a9b\"}\n>p1 move toxicspikes\n>p2 switch 5\n>p1 switch 3\n>p2 move substitute\n>p1 move knockoff\n>p2 move outrage\n>p1 move synthesis\n>p2 move outrage\n>p1 move synthesis\n>p2 move outrage\n>p1 move swordsdance\n>p2 move substitute\n>p1 move knockoff\n>p2 move honeclaws\n>p1 move synthesis\n>p2 move outrage\n>p1 move leafblade\n>p2 move outrage\n>p1 switch 3\n>p1 move toxicspikes\n>p2 move boltstrike\n>p1 move poisonjab\n>p2 move boltstrike\n>p2 switch 3\n>p1 switch 6\n>p2 move toxicspikes\n>p1 move swordsdance\n>p2 move toxicspikes\n>p1 move stoneedge\n>p2 switch 2\n>forcelose p2", "uploadtime": 1770913964, "views": 224, "formatid": "gen6randombattle", "rating": 1543, "private": 0, "password": null}