{"id": "gen6randombattle-2525904520", "format": "[Gen 6] Random Battle", "players": ["hjmdc", "AshwinP0508"], "log": "|j|☆hjmdc\n|j|☆AshwinP0508\n|t:|1769349049\n|gametype|singles\n|player|p1|hjmdc|2|1684\n|player|p2|AshwinP0508|steven|1520\n|gen|6\n|tier|[Gen 6] Random Battle\n|rated|\n|rule|Sleep Clause Mod: Limit one foe put to sleep\n|rule|HP Percentage Mod: HP is shown in percentages\n|rule|Illusion Level Mod: Illusion disguises the Pokémon's true level\n|\n|t:|1769349049\n|teamsize|p1|6\n|teamsize|p2|6\n|start\n|switch|p1a: Nidoking|Nidoking, L82, M|267/267\n|switch|p2a: Marowak|Marowak, L88, F|249/249\n|turn|1\n|inactive|Battle timer is ON: inactive players will automatically lose when time's up. (requested by AshwinP0508)\n|inactive|hjmdc also wants the timer to be on.\n|inactive|AshwinP0508 has 120 seconds left.\n|\n|t:|1769349087\n|move|p1a: Nidoking|Ice Beam|p2a: Marowak\n|-supereffective|p2a: Marowak\n|-damage|p2a: Marowak|59/249\n|move|p2a: Marowak|Earthquake|p1a: Nidoking\n|-supereffective|p1a: Nidoking\n|-damage|p1a: Nidoking|0 fnt\n|faint|p1a: Nidoking\n|\n|upkeep\n|\n|t:|1769349098\n|switch|p1a: Regice|Regice, L87|281/281\n|turn|2\n|\n|t:|1769349126\n|move|p1a: Regice|Ice Beam|p2a: Marowak\n|-supereffective|p2a: Marowak\n|-damage|p2a: Marowak|0 fnt\n|faint|p2a: Marowak\n|\n|upkeep\n|\n|t:|1769349135\n|switch|p2a: Lumineon|Lumineon, L90, F|271/271\n|turn|3\n|\n|t:|1769349151\n|move|p1a: Regice|Protect|p1a: Regice\n|-singleturn|p1a: Regice|Protect\n|move|p2a: Lumineon|Toxic|p1a: Regice\n|-activate|p1a: Regice|move: Protect\n|\n|upkeep\n|turn|4\n|inactive|AshwinP0508 has 120 seconds left.\n|\n|t:|1769349184\n|switch|p1a: Arbok|Arbok, L90, F|254/254\n|move|p2a: Lumineon|Toxic|p1a: Arbok|[miss]\n|-miss|p2a: Lumineon|p1a: Arbok\n|\n|upkeep\n|turn|5\n|inactive|AshwinP0508 has 120 seconds left.\n|\n|t:|1769349193\n|move|p2a: Lumineon|Scald|p1a: Arbok\n|-damage|p1a: Arbok|181/254\n|move|p1a: Arbok|Coil|p1a: Arbok\n|-boost|p1a: Arbok|atk|1\n|-boost|p1a: Arbok|def|1\n|-boost|p1a: Arbok|accuracy|1\n|\n|-heal|p1a: Arbok|196/254|[from] item: Black Sludge\n|upkeep\n|turn|6\n|\n|t:|1769349201\n|move|p2a: Lumineon|Scald|p1a: Arbok\n|-crit|p1a: Arbok\n|-damage|p1a: Arbok|69/254\n|-status|p1a: Arbok|brn\n|move|p1a: Arbok|Gunk Shot|p2a: Lumineon\n|-damage|p2a: Lumineon|163/271\n|-status|p2a: Lumineon|psn\n|\n|-heal|p2a: Lumineon|179/271 psn|[from] item: Leftovers\n|-heal|p1a: Arbok|84/254 brn|[from] item: Black Sludge\n|-damage|p2a: Lumineon|146/271 psn|[from] psn\n|-damage|p1a: Arbok|53/254 brn|[from] brn\n|upkeep\n|turn|7\n|\n|t:|1769349217\n|switch|p1a: Regice|Regice, L87|281/281\n|move|p2a: Lumineon|Scald|p1a: Regice\n|-damage|p1a: Regice|247/281\n|-status|p1a: Regice|brn\n|\n|-heal|p2a: Lumineon|162/271 psn|[from] item: Leftovers\n|-heal|p1a: Regice|264/281 brn|[from] item: Leftovers\n|-damage|p2a: Lumineon|129/271 psn|[from] psn\n|-damage|p1a: Regice|229/281 brn|[from] brn\n|upkeep\n|turn|8\n|\n|t:|1769349228\n|move|p2a: Lumineon|U-turn|p1a: Regice\n|-damage|p1a: Regice|190/281 brn\n|\n|t:|1769349233\n|switch|p2a: Ursaring|Ursaring, L85, F|292/292|[from] U-turn\n|move|p1a: Regice|Thunderbolt|p2a: Ursaring\n|-damage|p2a: Ursaring|213/292\n|\n|-heal|p1a: Regice|207/281 brn|[from] item: Leftovers\n|-damage|p1a: Regice|172/281 brn|[from] brn\n|-status|p2a: Ursaring|tox|[from] item: Toxic Orb\n|upkeep\n|turn|9\n|\n|t:|1769349248\n|move|p1a: Regice|Protect|p1a: Regice\n|-singleturn|p1a: Regice|Protect\n|move|p2a: Ursaring|Facade|p1a: Regice\n|-activate|p1a: Regice|move: Protect\n|\n|-heal|p1a: Regice|189/281 brn|[from] item: Leftovers\n|-damage|p2a: Ursaring|195/292 tox|[from] psn\n|-damage|p1a: Regice|154/281 brn|[from] brn\n|upkeep\n|turn|10\n|\n|t:|1769349258\n|switch|p1a: Cofagrigus|Cofagrigus, L86, F|240/240\n|move|p2a: Ursaring|Swords Dance|p2a: Ursaring\n|-boost|p2a: Ursaring|atk|2\n|\n|-damage|p2a: Ursaring|159/292 tox|[from] psn\n|upkeep\n|turn|11\n|\n|t:|1769349265\n|switch|p1a: Arbok|Arbok, L90, F|53/254 brn\n|move|p2a: Ursaring|Crunch|p1a: Arbok\n|-damage|p1a: Arbok|0 fnt\n|faint|p1a: Arbok\n|\n|-damage|p2a: Ursaring|105/292 tox|[from] psn\n|upkeep\n|\n|t:|1769349276\n|switch|p1a: Regice|Regice, L87|154/281 brn\n|turn|12\n|\n|t:|1769349284\n|move|p2a: Ursaring|Facade|p1a: Regice\n|-damage|p1a: Regice|0 fnt\n|faint|p1a: Regice\n|\n|-damage|p2a: Ursaring|33/292 tox|[from] psn\n|upkeep\n|\n|t:|1769349292\n|switch|p1a: Machamp|Machamp, L81, F|278/278\n|turn|13\n|\n|t:|1769349318\n|switch|p2a: Masquerain|Masquerain, L90, F|271/271\n|-ability|p2a: Masquerain|Intimidate|boost\n|-unboost|p1a: Machamp|atk|1\n|move|p1a: Machamp|Bullet Punch|p2a: Masquerain\n|-damage|p2a: Masquerain|243/271\n|\n|-heal|p2a: Masquerain|259/271|[from] item: Leftovers\n|upkeep\n|turn|14\n|\n|t:|1769349331\n|switch|p1a: Cofagrigus|Cofagrigus, L86, F|240/240\n|move|p2a: Masquerain|Sticky Web|p1a: Cofagrigus\n|-sidestart|p1: hjmdc|move: Sticky Web\n|\n|-heal|p2a: Masquerain|271/271|[from] item: Leftovers\n|upkeep\n|turn|15\n|\n|t:|1769349343\n|switch|p2a: Mightyena|Mightyena, L93, M|281/281\n|-ability|p2a: Mightyena|Intimidate|boost\n|-unboost|p1a: Cofagrigus|atk|1\n|move|p1a: Cofagrigus|Nasty Plot|p1a: Cofagrigus\n|-boost|p1a: Cofagrigus|spa|2\n|\n|upkeep\n|turn|16\n|\n|t:|1769349352\n|move|p2a: Mightyena|Crunch|p1a: Cofagrigus\n|-supereffective|p1a: Cofagrigus\n|-damage|p1a: Cofagrigus|53/240\n|-ability|p2a: Mightyena|Mummy|Intimidate|[from] ability: Mummy|[of] p1a: Cofagrigus\n|-activate|p1a: Cofagrigus|ability: Mummy|Intimidate|[of] p2a: Mightyena\n|-damage|p2a: Mightyena|253/281|[from] item: Life Orb\n|move|p1a: Cofagrigus|Hidden Power|p2a: Mightyena\n|-supereffective|p2a: Mightyena\n|-damage|p2a: Mightyena|39/281\n|\n|-heal|p1a: Cofagrigus|68/240|[from] item: Leftovers\n|upkeep\n|turn|17\n|\n|t:|1769349369\n|switch|p1a: Machamp|Machamp, L81, F|278/278\n|-activate|p1a: Machamp|move: Sticky Web\n|-unboost|p1a: Machamp|spe|1\n|move|p2a: Mightyena|Crunch|p1a: Machamp\n|-resisted|p1a: Machamp\n|-damage|p1a: Machamp|212/278\n|-unboost|p1a: Machamp|def|1\n|-damage|p2a: Mightyena|11/281|[from] item: Life Orb\n|\n|upkeep\n|turn|18\n|\n|t:|1769349379\n|move|p1a: Machamp|Bullet Punch|p2a: Mightyena\n|-damage|p2a: Mightyena|0 fnt\n|-ability|p1a: Machamp|Mummy|No Guard|[from] ability: Mummy|[of] p2a: Mightyena\n|-activate|p2a: Mightyena|ability: Mummy|No Guard|[of] p1a: Machamp\n|faint|p2a: Mightyena\n|\n|upkeep\n|\n|t:|1769349388\n|switch|p2a: Masquerain|Masquerain, L90, F|271/271\n|-ability|p2a: Masquerain|Intimidate|boost\n|-unboost|p1a: Machamp|atk|1\n|turn|19\n|\n|t:|1769349393\n|switch|p1a: Cofagrigus|Cofagrigus, L86, F|68/240\n|-activate|p1a: Cofagrigus|move: Sticky Web\n|-unboost|p1a: Cofagrigus|spe|1\n|move|p2a: Masquerain|Air Slash|p1a: Cofagrigus\n|-damage|p1a: Cofagrigus|4/240\n|\n|-heal|p1a: Cofagrigus|19/240|[from] item: Leftovers\n|upkeep\n|turn|20\n|\n|t:|1769349401\n|move|p2a: Masquerain|Air Slash|p1a: Cofagrigus\n|-damage|p1a: Cofagrigus|0 fnt\n|faint|p1a: Cofagrigus\n|\n|upkeep\n|\n|t:|1769349404\n|switch|p1a: Machamp|Machamp, L81, F|212/278\n|-activate|p1a: Machamp|move: Sticky Web\n|-unboost|p1a: Machamp|spe|1\n|turn|21\n|\n|t:|1769349415\n|move|p2a: Masquerain|Air Slash|p1a: Machamp\n|-supereffective|p1a: Machamp\n|-damage|p1a: Machamp|96/278\n|move|p1a: Machamp|Stone Edge|p2a: Masquerain\n|-supereffective|p2a: Masquerain\n|-damage|p2a: Masquerain|0 fnt\n|faint|p2a: Masquerain\n|\n|upkeep\n|\n|t:|1769349426\n|switch|p2a: Ursaring|Ursaring, L85, F|33/292 tox\n|turn|22\n|\n|t:|1769349432\n|move|p1a: Machamp|Bullet Punch|p2a: Ursaring\n|-damage|p2a: Ursaring|0 fnt\n|faint|p2a: Ursaring\n|\n|upkeep\n|\n|t:|1769349436\n|switch|p2a: Lumineon|Lumineon, L90, F|129/271 psn\n|turn|23\n|\n|t:|1769349442\n|move|p2a: Lumineon|Scald|p1a: Machamp\n|-damage|p1a: Machamp|39/278\n|-status|p1a: Machamp|brn\n|move|p1a: Machamp|Dynamic Punch|p2a: Lumineon\n|-damage|p2a: Lumineon|62/271 psn\n|-start|p2a: Lumineon|confusion\n|\n|-heal|p2a: Lumineon|78/271 psn|[from] item: Leftovers\n|-damage|p2a: Lumineon|45/271 psn|[from] psn\n|-damage|p1a: Machamp|5/278 brn|[from] brn\n|upkeep\n|turn|24\n|\n|t:|1769349455\n|move|p1a: Machamp|Bullet Punch|p2a: Lumineon\n|-resisted|p2a: Lumineon\n|-damage|p2a: Lumineon|36/271 psn\n|-activate|p2a: Lumineon|confusion\n|-damage|p2a: Lumineon|8/271 psn|[from] confusion\n|\n|-heal|p2a: Lumineon|24/271 psn|[from] item: Leftovers\n|-damage|p2a: Lumineon|0 fnt|[from] psn\n|faint|p2a: Lumineon\n|-damage|p1a: Machamp|0 fnt|[from] brn\n|faint|p1a: Machamp\n|upkeep\n|\n|t:|1769349466\n|switch|p2a: Blastoise|Blastoise, L81, F|261/261\n|switch|p1a: Malamar|Malamar, L81, M|272/272\n|-activate|p1a: Malamar|move: Sticky Web\n|-boost|p1a: Malamar|spe|1\n|turn|25\n|\n|t:|1769349476\n|detailschange|p2a: Blastoise|Blastoise-Mega, L81, F\n|-mega|p2a: Blastoise|Blastoise|Blastoisinite\n|move|p1a: Malamar|Superpower|p2a: Blastoise\n|-damage|p2a: Blastoise|198/261\n|-boost|p1a: Malamar|atk|1\n|-boost|p1a: Malamar|def|1\n|move|p2a: Blastoise|Scald|p1a: Malamar\n|-damage|p1a: Malamar|154/272\n|\n|upkeep\n|turn|26\n|\n|t:|1769349489\n|move|p1a: Malamar|Superpower|p2a: Blastoise\n|-damage|p2a: Blastoise|100/261\n|-boost|p1a: Malamar|atk|1\n|-boost|p1a: Malamar|def|1\n|move|p2a: Blastoise|Scald|p1a: Malamar\n|-damage|p1a: Malamar|25/272\n|-status|p1a: Malamar|brn\n|\n|-damage|p1a: Malamar|0 fnt|[from] brn\n|faint|p1a: Malamar\n|\n|win|AshwinP0508\n|raw|hjmdc's rating: 1684 &rarr; <strong>1655</strong><br />(-29 for losing)\n|raw|AshwinP0508's rating: 1520 &rarr; <strong>1549</strong><br />(+29 for winning)\n", "inputlog": ">version b99ff0165a6231f17e8b78c2a78d1998375de664\n>start {\"formatid\":\"gen6randombattle\",\"seed\":\"sodium,4b547444c625542480a0c8a1337af207\",\"rated\":\"Rated battle\"}\n>player p1 {\"name\":\"hjmdc\",\"avatar\":\"2\",\"rating\":1684,\"seed\":\"sodium,e4a49ff7bc84f4cea9cb4bf0abf1aa46\"}\n>player p2 {\"name\":\"AshwinP0508\",\"avatar\":\"steven\",\"rating\":1520,\"seed\":\"sodium,9f41a7170f2264f478e6eed8ad4a06f0\"}\n>p1 move icebeam\n>p2 move earthquake\n>p1 switch 2\n>p1 move icebeam\n>p2 move stoneedge\n>p2 switch 4\n>p1 move protect\n>p2 move toxic\n>p1 switch 4\n>p2 move toxic\n>p1 move coil\n>p2 move scald\n>p1 move gunkshot\n>p2 move scald\n>p1 switch 4\n>p2 move scald\n>p1 move thunderbolt\n>p2 move uturn\n>p2 switch 3\n>p1 move protect\n>p2 move facade\n>p1 switch 6\n>p2 move swordsdance\n>p1 switch 4\n>p2 move crunch\n>p1 switch 6\n>chat ☆AshwinP0508|wht t f r u even doing?\n>p1 move icebeam\n>p2 move facade\n>p1 switch 3\n>chat ☆AshwinP0508|so noob gameplay\n>chat ☆AshwinP0508|u constantly keep on swicting like u r some big shot \n>p1 move bulletpunch\n>p2 switch 6\n>p1 switch 4\n>p2 move stickyweb\n>p1 move nastyplot\n>p2 switch 2\n>p1 move hiddenpower\n>p2 move crunch\n>p1 switch 4\n>p2 move crunch\n>chat ☆AshwinP0508|so lame \n>p1 move bulletpunch\n>p2 move playrough\n>p2 switch 2\n>p1 switch 4\n>p2 move airslash\n>p1 move shadowball\n>p2 move airslash\n>p1 switch 4\n>chat ☆AshwinP0508|bud just give up at this point \n>p1 move stoneedge\n>p2 move airslash\n>p2 switch 6\n>p1 move bulletpunch\n>p2 move facade\n>p2 switch 3\n>p1 move dynamicpunch\n>p2 move scald\n>chat ☆AshwinP0508|awww\n>chat ☆AshwinP0508|damnn\n>p1 move bulletpunch\n>p2 move uturn\n>p1 switch 5\n>p2 switch 5\n>p1 move superpower\n>p2 move scald mega\n>p1 move superpower\n>p2 move scald", "uploadtime": 1769349500, "views": 286, "formatid": "gen6randombattle", "rating": 1549, "private": 0, "password": null}