{"id": "gen6randombattle-2534078456", "format": "[Gen 6] Random Battle", "players": ["arboretums", "Don Rabo de Toro"], "log": "|j|☆arboretums\n|j|☆Don Rabo de Toro\n|t:|1770385201\n|gametype|singles\n|player|p1|arboretums|serena-masters2|1494\n|player|p2|Don Rabo de Toro|265|1526\n|gen|6\n|tier|[Gen 6] Random Battle\n|rated|\n|rule|Sleep Clause Mod: Limit one foe put to sleep\n|rule|HP Percentage Mod: HP is shown in percentages\n|rule|Illusion Level Mod: Illusion disguises the Pokémon's true level\n|\n|t:|1770385201\n|teamsize|p1|6\n|teamsize|p2|6\n|start\n|switch|p1a: Shiftry|Shiftry, L88, F|302/302\n|switch|p2a: Volcanion|Volcanion, L79|256/256\n|turn|1\n|inactive|Battle timer is ON: inactive players will automatically lose when time's up. (requested by arboretums)\n|\n|t:|1770385209\n|switch|p1a: Gigalith|Gigalith, L85, M|283/283\n|move|p2a: Volcanion|Fire Blast|p1a: Gigalith\n|-resisted|p1a: Gigalith\n|-damage|p1a: Gigalith|211/283\n|\n|-heal|p1a: Gigalith|228/283|[from] item: Leftovers\n|upkeep\n|turn|2\n|\n|t:|1770385211\n|move|p2a: Volcanion|Steam Eruption|p1a: Gigalith\n|-supereffective|p1a: Gigalith\n|-damage|p1a: Gigalith|0 fnt\n|faint|p1a: Gigalith\n|\n|upkeep\n|\n|t:|1770385215\n|switch|p1a: Rotom|Rotom, L86|226/226\n|turn|3\n|\n|t:|1770385220\n|switch|p2a: Rhydon|Rhydon, L83, M|310/310\n|move|p1a: Rotom|Volt Switch|p2a: Rhydon\n|-immune|p2a: Rhydon\n|\n|upkeep\n|turn|4\n|\n|t:|1770385222\n|move|p1a: Rotom|Will-O-Wisp|p2a: Rhydon|[miss]\n|-miss|p1a: Rotom|p2a: Rhydon\n|move|p2a: Rhydon|Stealth Rock|p1a: Rotom\n|-sidestart|p1: arboretums|move: Stealth Rock\n|\n|upkeep\n|turn|5\n|\n|t:|1770385230\n|switch|p2a: Cherrim|Cherrim, L97, F|293/293\n|move|p1a: Rotom|Will-O-Wisp|p2a: Cherrim\n|-status|p2a: Cherrim|brn\n|\n|-damage|p2a: Cherrim|257/293 brn|[from] brn\n|upkeep\n|turn|6\n|\n|t:|1770385235\n|move|p2a: Cherrim|Energy Ball|p1a: Rotom\n|-damage|p1a: Rotom|33/226\n|move|p1a: Rotom|Volt Switch|p2a: Cherrim\n|-resisted|p2a: Cherrim\n|-damage|p2a: Cherrim|223/293 brn\n|\n|t:|1770385245\n|switch|p1a: Shiftry|Shiftry, L88, F|302/302|[from] Volt Switch\n|-damage|p1a: Shiftry|265/302|[from] Stealth Rock\n|\n|-damage|p2a: Cherrim|187/293 brn|[from] brn\n|upkeep\n|turn|7\n|\n|t:|1770385256\n|switch|p2a: Roserade|Roserade, L83, M|235/235\n|move|p1a: Shiftry|Swords Dance|p1a: Shiftry\n|-boost|p1a: Shiftry|atk|2\n|\n|upkeep\n|turn|8\n|\n|t:|1770385260\n|move|p2a: Roserade|Toxic Spikes|p1a: Shiftry\n|-sidestart|p1: arboretums|move: Toxic Spikes\n|move|p1a: Shiftry|Knock Off|p2a: Roserade\n|-damage|p2a: Roserade|0 fnt\n|-enditem|p2a: Roserade|Life Orb|[from] move: Knock Off|[of] p1a: Shiftry\n|faint|p2a: Roserade\n|-damage|p1a: Shiftry|235/302|[from] item: Life Orb\n|\n|upkeep\n|\n|t:|1770385270\n|switch|p2a: Cherrim|Cherrim, L97, F|187/293 brn\n|turn|9\n|\n|t:|1770385276\n|switch|p1a: Swalot|Swalot, L90, M|326/326\n|-damage|p1a: Swalot|286/326|[from] Stealth Rock\n|-sideend|p1: arboretums|move: Toxic Spikes|[of] p1a: Swalot\n|move|p2a: Cherrim|Dazzling Gleam|p1a: Swalot\n|-resisted|p1a: Swalot\n|-damage|p1a: Swalot|237/326\n|\n|-heal|p1a: Swalot|257/326|[from] item: Black Sludge\n|-damage|p2a: Cherrim|151/293 brn|[from] brn\n|upkeep\n|turn|10\n|\n|t:|1770385284\n|switch|p2a: Rhydon|Rhydon, L83, M|310/310\n|move|p1a: Swalot|Toxic|p2a: Rhydon\n|-status|p2a: Rhydon|tox\n|\n|-heal|p1a: Swalot|277/326|[from] item: Black Sludge\n|-damage|p2a: Rhydon|291/310 tox|[from] psn\n|upkeep\n|turn|11\n|\n|t:|1770385291\n|move|p1a: Swalot|Protect|p1a: Swalot\n|-singleturn|p1a: Swalot|Protect\n|move|p2a: Rhydon|Earthquake|p1a: Swalot\n|-activate|p1a: Swalot|move: Protect\n|\n|-heal|p1a: Swalot|297/326|[from] item: Black Sludge\n|-damage|p2a: Rhydon|253/310 tox|[from] psn\n|upkeep\n|turn|12\n|\n|t:|1770385303\n|switch|p1a: Slowbro|Slowbro, L81, F|287/287\n|-damage|p1a: Slowbro|252/287|[from] Stealth Rock\n|move|p2a: Rhydon|Megahorn|p1a: Slowbro|[miss]\n|-miss|p2a: Rhydon|p1a: Slowbro\n|\n|-damage|p2a: Rhydon|196/310 tox|[from] psn\n|upkeep\n|turn|13\n|\n|t:|1770385310\n|move|p2a: Rhydon|Earthquake|p1a: Slowbro\n|-damage|p1a: Slowbro|137/287\n|move|p1a: Slowbro|Scald|p2a: Rhydon\n|-supereffective|p2a: Rhydon\n|-damage|p2a: Rhydon|0 fnt\n|faint|p2a: Rhydon\n|\n|upkeep\n|\n|t:|1770385317\n|switch|p2a: Cherrim|Cherrim, L97, F|151/293 brn\n|turn|14\n|\n|t:|1770385324\n|switch|p1a: Rotom|Rotom, L86|33/226\n|-damage|p1a: Rotom|5/226|[from] Stealth Rock\n|move|p2a: Cherrim|Energy Ball|p1a: Rotom\n|-damage|p1a: Rotom|0 fnt\n|faint|p1a: Rotom\n|\n|-damage|p2a: Cherrim|115/293 brn|[from] brn\n|upkeep\n|\n|t:|1770385329\n|switch|p1a: Shiftry|Shiftry, L88, F|235/302\n|-damage|p1a: Shiftry|198/302|[from] Stealth Rock\n|turn|15\n|\n|t:|1770385345\n|switch|p2a: Regigigas|Regigigas, L84|322/322\n|-start|p2a: Regigigas|ability: Slow Start\n|move|p1a: Shiftry|Knock Off|p2a: Regigigas\n|-damage|p2a: Regigigas|193/322\n|-enditem|p2a: Regigigas|Leftovers|[from] move: Knock Off|[of] p1a: Shiftry\n|-damage|p1a: Shiftry|168/302|[from] item: Life Orb\n|\n|upkeep\n|turn|16\n|\n|t:|1770385352\n|move|p1a: Shiftry|Low Kick|p2a: Regigigas\n|-supereffective|p2a: Regigigas\n|-damage|p2a: Regigigas|0 fnt\n|faint|p2a: Regigigas\n|-damage|p1a: Shiftry|138/302|[from] item: Life Orb\n|\n|upkeep\n|\n|t:|1770385359\n|switch|p2a: Lucario|Lucario, L74, F|226/226\n|turn|17\n|\n|t:|1770385366\n|detailschange|p2a: Lucario|Lucario-Mega, L74, F\n|-mega|p2a: Lucario|Lucario|Lucarionite\n|move|p2a: Lucario|Vacuum Wave|p1a: Shiftry\n|-supereffective|p1a: Shiftry\n|-damage|p1a: Shiftry|0 fnt\n|faint|p1a: Shiftry\n|\n|upkeep\n|\n|t:|1770385370\n|switch|p1a: Swalot|Swalot, L90, M|297/326\n|-damage|p1a: Swalot|257/326|[from] Stealth Rock\n|turn|18\n|\n|t:|1770385380\n|move|p2a: Lucario|Flash Cannon|p1a: Swalot\n|-damage|p1a: Swalot|137/326\n|move|p1a: Swalot|Earthquake|p2a: Lucario\n|-supereffective|p2a: Lucario\n|-damage|p2a: Lucario|70/226\n|\n|-heal|p1a: Swalot|157/326|[from] item: Black Sludge\n|upkeep\n|turn|19\n|\n|t:|1770385390\n|switch|p2a: Cherrim|Cherrim, L97, F|115/293 brn\n|move|p1a: Swalot|Protect||[still]\n|-fail|p1a: Swalot\n|\n|-heal|p1a: Swalot|177/326|[from] item: Black Sludge\n|-damage|p2a: Cherrim|79/293 brn|[from] brn\n|upkeep\n|turn|20\n|\n|t:|1770385393\n|move|p2a: Cherrim|Hidden Power|p1a: Swalot\n|-damage|p1a: Swalot|99/326\n|move|p1a: Swalot|Sludge Bomb|p2a: Cherrim\n|-supereffective|p2a: Cherrim\n|-damage|p2a: Cherrim|0 fnt\n|faint|p2a: Cherrim\n|\n|-heal|p1a: Swalot|119/326|[from] item: Black Sludge\n|upkeep\n|\n|t:|1770385396\n|switch|p2a: Volcanion|Volcanion, L79|256/256\n|turn|21\n|\n|t:|1770385402\n|switch|p1a: Slowbro|Slowbro, L81, F|232/287\n|-damage|p1a: Slowbro|197/287|[from] Stealth Rock\n|move|p2a: Volcanion|Steam Eruption|p1a: Slowbro\n|-resisted|p1a: Slowbro\n|-damage|p1a: Slowbro|127/287\n|\n|upkeep\n|turn|22\n|\n|t:|1770385413\n|move|p2a: Volcanion|Toxic|p1a: Slowbro\n|-status|p1a: Slowbro|tox\n|move|p1a: Slowbro|Slack Off|p1a: Slowbro\n|-heal|p1a: Slowbro|271/287 tox\n|\n|-damage|p1a: Slowbro|254/287 tox|[from] psn\n|upkeep\n|turn|23\n|\n|t:|1770385417\n|detailschange|p1a: Slowbro|Slowbro-Mega, L81, F\n|-mega|p1a: Slowbro|Slowbro|Slowbronite\n|move|p2a: Volcanion|Sludge Bomb|p1a: Slowbro\n|-damage|p1a: Slowbro|172/287 tox\n|move|p1a: Slowbro|Calm Mind|p1a: Slowbro\n|-boost|p1a: Slowbro|spa|1\n|-boost|p1a: Slowbro|spd|1\n|\n|-damage|p1a: Slowbro|138/287 tox|[from] psn\n|upkeep\n|turn|24\n|\n|t:|1770385422\n|move|p2a: Volcanion|Sludge Bomb|p1a: Slowbro\n|-damage|p1a: Slowbro|87/287 tox\n|move|p1a: Slowbro|Psyshock|p2a: Volcanion\n|-damage|p2a: Volcanion|138/256\n|\n|-heal|p2a: Volcanion|154/256|[from] item: Leftovers\n|-damage|p1a: Slowbro|36/287 tox|[from] psn\n|upkeep\n|turn|25\n|\n|t:|1770385426\n|move|p2a: Volcanion|Sludge Bomb|p1a: Slowbro\n|-damage|p1a: Slowbro|0 fnt\n|faint|p1a: Slowbro\n|detailschange|p1: Slowbro|Slowbro, L81, F|[silent]\n|\n|-heal|p2a: Volcanion|170/256|[from] item: Leftovers\n|upkeep\n|\n|t:|1770385445\n|switch|p1a: Swalot|Swalot, L90, M|119/326\n|-damage|p1a: Swalot|79/326|[from] Stealth Rock\n|turn|26\n|\n|t:|1770385451\n|move|p1a: Swalot|Protect|p1a: Swalot\n|-singleturn|p1a: Swalot|Protect\n|move|p2a: Volcanion|Steam Eruption|p1a: Swalot\n|-activate|p1a: Swalot|move: Protect\n|\n|-heal|p2a: Volcanion|186/256|[from] item: Leftovers\n|-heal|p1a: Swalot|99/326|[from] item: Black Sludge\n|upkeep\n|turn|27\n|\n|t:|1770385453\n|move|p2a: Volcanion|Steam Eruption|p1a: Swalot\n|-damage|p1a: Swalot|0 fnt\n|faint|p1a: Swalot\n|\n|-heal|p2a: Volcanion|202/256|[from] item: Leftovers\n|upkeep\n|\n|t:|1770385455\n|switch|p1a: Arceus|Arceus-Dark, L71|288/288\n|-damage|p1a: Arceus|252/288|[from] Stealth Rock\n|turn|28\n|\n|t:|1770385460\n|move|p1a: Arceus|Calm Mind|p1a: Arceus\n|-boost|p1a: Arceus|spa|1\n|-boost|p1a: Arceus|spd|1\n|move|p2a: Volcanion|Toxic|p1a: Arceus|[miss]\n|-miss|p2a: Volcanion|p1a: Arceus\n|\n|-heal|p2a: Volcanion|218/256|[from] item: Leftovers\n|upkeep\n|turn|29\n|\n|t:|1770385465\n|move|p1a: Arceus|Calm Mind|p1a: Arceus\n|-boost|p1a: Arceus|spa|1\n|-boost|p1a: Arceus|spd|1\n|move|p2a: Volcanion|Toxic|p1a: Arceus\n|-status|p1a: Arceus|tox\n|\n|-heal|p2a: Volcanion|234/256|[from] item: Leftovers\n|-damage|p1a: Arceus|234/288 tox|[from] psn\n|upkeep\n|turn|30\n|\n|t:|1770385467\n|move|p1a: Arceus|Judgment|p2a: Volcanion\n|-damage|p2a: Volcanion|0 fnt\n|faint|p2a: Volcanion\n|\n|-damage|p1a: Arceus|198/288 tox|[from] psn\n|upkeep\n|\n|t:|1770385470\n|switch|p2a: Lucario|Lucario-Mega, L74, F|70/226\n|turn|31\n|\n|t:|1770385474\n|move|p2a: Lucario|Vacuum Wave|p1a: Arceus\n|-supereffective|p1a: Arceus\n|-damage|p1a: Arceus|142/288 tox\n|move|p1a: Arceus|Judgment|p2a: Lucario\n|-resisted|p2a: Lucario\n|-damage|p2a: Lucario|0 fnt\n|faint|p2a: Lucario\n|detailschange|p2: Lucario|Lucario, L74, F|[silent]\n|\n|win|arboretums\n|raw|arboretums's rating: 1494 &rarr; <strong>1516</strong><br />(+22 for winning)\n|raw|Don Rabo de Toro's rating: 1526 &rarr; <strong>1504</strong><br />(-22 for losing)\n", "inputlog": ">version ccdc32dd7cde25fd9e4bed64820e885f66e78a4e\n>start {\"formatid\":\"gen6randombattle\",\"seed\":\"sodium,b6e4dc1db54648b56b6bf58a6b1514dc\",\"rated\":\"Rated battle\"}\n>player p1 {\"name\":\"arboretums\",\"avatar\":\"serena-masters2\",\"rating\":1494,\"seed\":\"sodium,12e9b6e17a4a9acaf424cc4a64b85045\"}\n>player p2 {\"name\":\"Don Rabo de Toro\",\"avatar\":\"265\",\"rating\":1526,\"seed\":\"sodium,4561ddaec7851496339838bca2ef7b19\"}\n>p1 switch 4\n>p2 move fireblast\n>p1 move earthquake\n>p2 move steameruption\n>p1 switch 2\n>p1 move voltswitch\n>p2 switch 3\n>p1 move willowisp\n>p2 move stealthrock\n>p1 move willowisp\n>p2 switch 4\n>p1 move voltswitch\n>p2 move energyball\n>p1 switch 4\n>p1 move swordsdance\n>p2 switch 6\n>p1 move knockoff\n>p2 move toxicspikes\n>p2 switch 6\n>p1 switch 6\n>p2 move dazzlinggleam\n>p1 move toxic\n>p2 switch 4\n>p1 move protect\n>p2 move earthquake\n>p1 switch 3\n>p2 move megahorn\n>p1 move scald\n>p2 move earthquake\n>p2 switch 4\n>p1 switch 4\n>p2 move energyball\n>p1 switch 6\n>p1 move knockoff\n>p2 switch 2\n>p1 move lowkick\n>p2 move thunderwave\n>p2 switch 5\n>p1 move lowkick\n>p2 move vacuumwave mega\n>p1 switch 3\n>p1 move earthquake\n>p2 move flashcannon\n>p1 move protect\n>p2 switch 2\n>p1 move sludgebomb\n>p2 move hiddenpower\n>p2 switch 3\n>p1 switch 4\n>p2 move steameruption\n>p1 move slackoff\n>p2 move toxic\n>p1 move calmmind mega\n>p2 move sludgebomb\n>p1 move psyshock\n>p2 move sludgebomb\n>p1 move psyshock\n>p2 move sludgebomb\n>p1 switch 4\n>p1 move protect\n>p2 move steameruption\n>p1 move earthquake\n>p2 move steameruption\n>p1 switch 5\n>p1 move calmmind\n>p2 move toxic\n>p1 move calmmind\n>p2 move toxic\n>p1 move judgment\n>p2 move steameruption\n>p2 switch 2\n>p1 move judgment\n>p2 move vacuumwave", "uploadtime": 1770385475, "views": 241, "formatid": "gen6randombattle", "rating": 1504, "private": 0, "password": null}