{"id": "gen6randombattle-2527160152", "format": "[Gen 6] Random Battle", "players": ["Jerpah", "thebigmand"], "log": "|j|☆Jerpah\n|j|☆thebigmand\n|t:|1769505669\n|gametype|singles\n|player|p1|Jerpah|n|1601\n|player|p2|thebigmand|1|1602\n|gen|6\n|tier|[Gen 6] Random Battle\n|rated|\n|rule|Sleep Clause Mod: Limit one foe put to sleep\n|rule|HP Percentage Mod: HP is shown in percentages\n|rule|Illusion Level Mod: Illusion disguises the Pokémon's true level\n|\n|t:|1769505669\n|teamsize|p1|6\n|teamsize|p2|6\n|start\n|switch|p1a: Spinda|Spinda, L97, M|273/273\n|switch|p2a: Garchomp|Garchomp, L76, F|289/289\n|turn|1\n|inactive|Battle timer is ON: inactive players will automatically lose when time's up. (requested by thebigmand)\n|\n|t:|1769505711\n|detailschange|p2a: Garchomp|Garchomp-Mega, L76, F\n|-mega|p2a: Garchomp|Garchomp|Garchompite\n|move|p2a: Garchomp|Stealth Rock|p1a: Spinda\n|-sidestart|p1: Jerpah|move: Stealth Rock\n|move|p1a: Spinda|Superpower|p2a: Garchomp\n|-damage|p2a: Garchomp|224/289\n|-boost|p1a: Spinda|atk|1\n|-boost|p1a: Spinda|def|1\n|\n|upkeep\n|turn|2\n|\n|t:|1769505720\n|move|p2a: Garchomp|Draco Meteor|p1a: Spinda\n|-damage|p1a: Spinda|107/273\n|-unboost|p2a: Garchomp|spa|2\n|move|p1a: Spinda|Superpower|p2a: Garchomp\n|-damage|p2a: Garchomp|125/289\n|-boost|p1a: Spinda|atk|1\n|-boost|p1a: Spinda|def|1\n|\n|-heal|p1a: Spinda|124/273|[from] item: Leftovers\n|upkeep\n|turn|3\n|\n|t:|1769505730\n|move|p1a: Spinda|Sucker Punch|p2a: Garchomp\n|-damage|p2a: Garchomp|32/289\n|move|p2a: Garchomp|Earthquake|p1a: Spinda\n|-damage|p1a: Spinda|40/273\n|\n|-heal|p1a: Spinda|57/273|[from] item: Leftovers\n|upkeep\n|turn|4\n|\n|t:|1769505739\n|switch|p2a: Ditto|Ditto, L84|218/218\n|-transform|p2a: Ditto|p1a: Spinda|[from] ability: Imposter\n|move|p1a: Spinda|Sucker Punch||[still]\n|-fail|p1a: Spinda\n|\n|-heal|p1a: Spinda|74/273|[from] item: Leftovers\n|upkeep\n|turn|5\n|\n|t:|1769505754\n|move|p1a: Spinda|Sucker Punch|p2a: Ditto\n|-damage|p2a: Ditto|154/218\n|move|p2a: Ditto|Return|p1a: Spinda\n|-damage|p1a: Spinda|0 fnt\n|faint|p1a: Spinda\n|\n|upkeep\n|\n|t:|1769505760\n|switch|p1a: Mawile|Mawile, L89, M|234/234\n|-damage|p1a: Mawile|220/234|[from] Stealth Rock\n|turn|6\n|\n|t:|1769505764\n|move|p2a: Ditto|Return|p1a: Mawile\n|-resisted|p1a: Mawile\n|-damage|p1a: Mawile|134/234\n|move|p1a: Mawile|Stealth Rock|p2a: Ditto\n|-sidestart|p2: thebigmand|move: Stealth Rock\n|\n|upkeep\n|turn|7\n|\n|t:|1769505775\n|move|p2a: Ditto|Return|p1a: Mawile\n|-resisted|p1a: Mawile\n|-damage|p1a: Mawile|46/234\n|move|p1a: Mawile|Play Rough|p2a: Ditto\n|-damage|p2a: Ditto|59/218\n|\n|upkeep\n|turn|8\n|\n|t:|1769505784\n|move|p1a: Mawile|Sucker Punch|p2a: Ditto\n|-damage|p2a: Ditto|16/218\n|-damage|p1a: Mawile|23/234|[from] item: Life Orb\n|move|p2a: Ditto|Return|p1a: Mawile\n|-resisted|p1a: Mawile\n|-damage|p1a: Mawile|0 fnt\n|faint|p1a: Mawile\n|\n|upkeep\n|\n|t:|1769505796\n|switch|p1a: Dugtrio|Dugtrio, L86, F|200/200\n|-damage|p1a: Dugtrio|188/200|[from] Stealth Rock\n|turn|9\n|\n|t:|1769505800\n|move|p1a: Dugtrio|Sucker Punch|p2a: Ditto\n|-damage|p2a: Ditto|0 fnt\n|faint|p2a: Ditto\n|\n|upkeep\n|\n|t:|1769505814\n|switch|p2a: Rhydon|Rhydon, L83, F|310/310\n|-damage|p2a: Rhydon|291/310|[from] Stealth Rock\n|turn|10\n|\n|t:|1769505821\n|switch|p1a: Lilligant|Lilligant, L86, F|261/261\n|-damage|p1a: Lilligant|229/261|[from] Stealth Rock\n|move|p2a: Rhydon|Earthquake|p1a: Lilligant\n|-resisted|p1a: Lilligant\n|-damage|p1a: Lilligant|154/261\n|\n|upkeep\n|turn|11\n|\n|t:|1769505830\n|switch|p2a: Garchomp|Garchomp-Mega, L76, F|32/289\n|-damage|p2a: Garchomp|14/289|[from] Stealth Rock\n|move|p1a: Lilligant|Sleep Powder|p2a: Garchomp|[miss]\n|-miss|p1a: Lilligant|p2a: Garchomp\n|\n|upkeep\n|turn|12\n|\n|t:|1769505836\n|move|p1a: Lilligant|Sleep Powder|p2a: Garchomp|[miss]\n|-miss|p1a: Lilligant|p2a: Garchomp\n|move|p2a: Garchomp|Draco Meteor|p1a: Lilligant\n|-damage|p1a: Lilligant|7/261\n|-unboost|p2a: Garchomp|spa|2\n|\n|upkeep\n|turn|13\n|\n|t:|1769505843\n|move|p1a: Lilligant|Sleep Powder|p2a: Garchomp\n|-status|p2a: Garchomp|slp|[from] move: Sleep Powder\n|cant|p2a: Garchomp|slp\n|\n|upkeep\n|turn|14\n|\n|t:|1769505846\n|move|p1a: Lilligant|Quiver Dance|p1a: Lilligant\n|-boost|p1a: Lilligant|spa|1\n|-boost|p1a: Lilligant|spd|1\n|-boost|p1a: Lilligant|spe|1\n|cant|p2a: Garchomp|slp\n|\n|upkeep\n|turn|15\n|\n|t:|1769505852\n|move|p1a: Lilligant|Hidden Power|p2a: Garchomp\n|-resisted|p2a: Garchomp\n|-damage|p2a: Garchomp|0 fnt\n|faint|p2a: Garchomp\n|detailschange|p2: Garchomp|Garchomp, L76, F|[silent]\n|-damage|p1a: Lilligant|0 fnt|[from] item: Life Orb\n|faint|p1a: Lilligant\n|\n|upkeep\n|\n|t:|1769505862\n|switch|p1a: Venusaur|Venusaur, L83, M|268/268\n|switch|p2a: Rhydon|Rhydon, L83, F|291/310\n|-damage|p1a: Venusaur|235/268|[from] Stealth Rock\n|-damage|p2a: Rhydon|272/310|[from] Stealth Rock\n|turn|16\n|\n|t:|1769505867\n|move|p1a: Venusaur|Energy Ball|p2a: Rhydon\n|-supereffective|p2a: Rhydon\n|-crit|p2a: Rhydon\n|-damage|p2a: Rhydon|0 fnt\n|faint|p2a: Rhydon\n|\n|-heal|p1a: Venusaur|251/268|[from] item: Black Sludge\n|upkeep\n|\n|t:|1769505872\n|switch|p2a: Talonflame|Talonflame, L79, M|253/253\n|-damage|p2a: Talonflame|127/253|[from] Stealth Rock\n|turn|17\n|\n|t:|1769505876\n|switch|p1a: Charizard|Charizard, L74, F|237/237\n|-damage|p1a: Charizard|119/237|[from] Stealth Rock\n|move|p2a: Talonflame|Brave Bird|p1a: Charizard\n|-damage|p1a: Charizard|0 fnt\n|faint|p1a: Charizard\n|-damage|p2a: Talonflame|88/253|[from] Recoil\n|\n|upkeep\n|\n|t:|1769505885\n|switch|p1a: Dugtrio|Dugtrio, L86, F|188/200\n|-damage|p1a: Dugtrio|176/200|[from] Stealth Rock\n|turn|18\n|\n|t:|1769505889\n|move|p2a: Talonflame|Brave Bird|p1a: Dugtrio\n|-damage|p1a: Dugtrio|4/200\n|-damage|p2a: Talonflame|31/253|[from] Recoil\n|move|p1a: Dugtrio|Stone Edge|p2a: Talonflame\n|-supereffective|p2a: Talonflame\n|-damage|p2a: Talonflame|0 fnt\n|faint|p2a: Talonflame\n|\n|upkeep\n|\n|t:|1769505905\n|switch|p2a: Celebi|Celebi, L82|298/298\n|-damage|p2a: Celebi|261/298|[from] Stealth Rock\n|turn|19\n|j| Blatjanglover\n|\n|t:|1769505908\n|move|p1a: Dugtrio|Stone Edge|p2a: Celebi|[miss]\n|-miss|p1a: Dugtrio|p2a: Celebi\n|move|p2a: Celebi|Psychic|p1a: Dugtrio\n|-damage|p1a: Dugtrio|0 fnt\n|faint|p1a: Dugtrio\n|\n|-heal|p2a: Celebi|279/298|[from] item: Leftovers\n|upkeep\n|\n|t:|1769505910\n|switch|p1a: Venusaur|Venusaur, L83, M|251/268\n|-damage|p1a: Venusaur|218/268|[from] Stealth Rock\n|turn|20\n|\n|t:|1769505914\n|move|p2a: Celebi|Psychic|p1a: Venusaur\n|-supereffective|p1a: Venusaur\n|-damage|p1a: Venusaur|60/268\n|move|p1a: Venusaur|Knock Off|p2a: Celebi\n|-supereffective|p2a: Celebi\n|-crit|p2a: Celebi\n|-damage|p2a: Celebi|99/298\n|-enditem|p2a: Celebi|Leftovers|[from] move: Knock Off|[of] p1a: Venusaur\n|\n|-heal|p1a: Venusaur|76/268|[from] item: Black Sludge\n|upkeep\n|turn|21\n|\n|t:|1769505919\n|move|p2a: Celebi|Psychic|p1a: Venusaur\n|-supereffective|p1a: Venusaur\n|-damage|p1a: Venusaur|0 fnt\n|faint|p1a: Venusaur\n|\n|win|thebigmand\n|raw|Jerpah's rating: 1601 &rarr; <strong>1581</strong><br />(-20 for losing)\n|raw|thebigmand's rating: 1602 &rarr; <strong>1622</strong><br />(+20 for winning)\n", "inputlog": ">version b99ff0165a6231f17e8b78c2a78d1998375de664\n>start {\"formatid\":\"gen6randombattle\",\"seed\":\"sodium,67e3415f53fc66790a45d0d0bd8c5d29\",\"rated\":\"Rated battle\"}\n>player p1 {\"name\":\"Jerpah\",\"avatar\":\"n\",\"rating\":1601,\"seed\":\"sodium,bdc3ff07861747fecde938279dcd34af\"}\n>player p2 {\"name\":\"thebigmand\",\"avatar\":\"1\",\"rating\":1602,\"seed\":\"sodium,dfc561fdf3824a1319b5284eff3dd62d\"}\n>p1 move superpower\n>p2 move stealthrock mega\n>p1 move superpower\n>p2 move dracometeor\n>p1 move suckerpunch\n>p2 move earthquake\n>p1 move suckerpunch\n>p2 switch 4\n>p1 move suckerpunch\n>p2 move return\n>p1 switch 2\n>p1 move stealthrock\n>p2 move return\n>p1 move playrough\n>p2 move return\n>p1 move suckerpunch\n>p2 move return\n>p1 switch 3\n>p1 move suckerpunch\n>p2 move return\n>p2 switch 5\n>p1 switch 5\n>p2 move earthquake\n>p1 move sleeppowder\n>p2 switch 4\n>p1 move sleeppowder\n>p2 move dracometeor\n>p1 move sleeppowder\n>p2 move earthquake\n>p1 move quiverdance\n>p2 move earthquake\n>p1 move hiddenpower\n>p2 move earthquake\n>p1 switch 4\n>p2 switch 4\n>p1 move energyball\n>p2 move earthquake\n>p2 switch 6\n>p1 switch 6\n>p2 move bravebird\n>p1 switch 5\n>p1 move stoneedge\n>p2 move bravebird\n>p2 switch 2\n>p1 move stoneedge\n>p2 move psychic\n>p1 switch 6\n>p1 move knockoff\n>p2 move psychic\n>p1 move sludgebomb\n>p2 move psychic", "uploadtime": 1769505925, "views": 275, "formatid": "gen6randombattle", "rating": 1581, "private": 0, "password": null}