{"id": "gen6randombattle-2516502767", "format": "[Gen 6] Random Battle", "players": ["arboretums", "moo dee doo"], "log": "|j|☆arboretums\n|j|☆moo dee doo\n|t:|1768149414\n|gametype|singles\n|player|p1|arboretums|serena-masters2|1588\n|player|p2|moo dee doo|palmer|1538\n|gen|6\n|tier|[Gen 6] Random Battle\n|rated|\n|rule|Sleep Clause Mod: Limit one foe put to sleep\n|rule|HP Percentage Mod: HP is shown in percentages\n|rule|Illusion Level Mod: Illusion disguises the Pokémon's true level\n|\n|t:|1768149414\n|teamsize|p1|6\n|teamsize|p2|6\n|start\n|switch|p1a: Ditto|Ditto, L84|218/218\n|switch|p2a: Chesnaught|Chesnaught, L86, M|292/292\n|-transform|p1a: Ditto|p2a: Chesnaught|[from] ability: Imposter\n|turn|1\n|inactive|Battle timer is ON: inactive players will automatically lose when time's up. (requested by arboretums)\n|\n|t:|1768149432\n|switch|p1a: Talonflame|Talonflame, L79, F|253/253\n|switch|p2a: Vivillon|Vivillon-Ocean, L83, M|267/267\n|\n|upkeep\n|turn|2\n|\n|t:|1768149447\n|move|p1a: Talonflame|Brave Bird|p2a: Vivillon\n|-supereffective|p2a: Vivillon\n|-damage|p2a: Vivillon|0 fnt\n|faint|p2a: Vivillon\n|-damage|p1a: Talonflame|165/253|[from] Recoil\n|\n|upkeep\n|\n|t:|1768149450\n|switch|p2a: Floette|Floette-Eternal, L81, F|253/253\n|turn|3\n|\n|t:|1768149460\n|move|p1a: Talonflame|Roost|p1a: Talonflame\n|-heal|p1a: Talonflame|253/253\n|-singleturn|p1a: Talonflame|move: Roost\n|move|p2a: Floette|Psychic|p1a: Talonflame\n|-crit|p1a: Talonflame\n|-damage|p1a: Talonflame|31/253\n|\n|upkeep\n|turn|4\n|\n|t:|1768149469\n|switch|p1a: Skarmory|Skarmory, L74, F|218/218\n|move|p2a: Floette|Psychic|p1a: Skarmory\n|-resisted|p1a: Skarmory\n|-damage|p1a: Skarmory|141/218\n|\n|upkeep\n|turn|5\n|\n|t:|1768149483\n|switch|p2a: Froslass|Froslass, L84, F|255/255\n|move|p1a: Skarmory|Roost|p1a: Skarmory\n|-heal|p1a: Skarmory|218/218\n|-singleturn|p1a: Skarmory|move: Roost\n|\n|upkeep\n|turn|6\n|\n|t:|1768149492\n|switch|p1a: Stunfisk|Stunfisk, L88, M|335/335\n|move|p2a: Froslass|Taunt|p1a: Stunfisk\n|-start|p1a: Stunfisk|move: Taunt\n|\n|upkeep\n|turn|7\n|\n|t:|1768149499\n|switch|p2a: Chesnaught|Chesnaught, L86, M|292/292\n|move|p1a: Stunfisk|Discharge|p2a: Chesnaught\n|-resisted|p2a: Chesnaught\n|-damage|p2a: Chesnaught|249/292\n|\n|-heal|p2a: Chesnaught|267/292|[from] item: Leftovers\n|upkeep\n|turn|8\n|\n|t:|1768149504\n|switch|p1a: Skarmory|Skarmory, L74, F|218/218\n|move|p2a: Chesnaught|Leech Seed|p1a: Skarmory\n|-start|p1a: Skarmory|move: Leech Seed\n|\n|-heal|p2a: Chesnaught|285/292|[from] item: Leftovers\n|-damage|p1a: Skarmory|191/218|[from] Leech Seed|[of] p2a: Chesnaught\n|-heal|p2a: Chesnaught|292/292|[silent]\n|upkeep\n|turn|9\n|\n|t:|1768149515\n|move|p2a: Chesnaught|Spiky Shield|p2a: Chesnaught\n|-singleturn|p2a: Chesnaught|move: Protect\n|move|p1a: Skarmory|Stealth Rock|p2a: Chesnaught\n|-sidestart|p2: moo dee doo|move: Stealth Rock\n|\n|-damage|p1a: Skarmory|164/218|[from] Leech Seed|[of] p2a: Chesnaught\n|upkeep\n|turn|10\n|\n|t:|1768149538\n|move|p2a: Chesnaught|Drain Punch|p1a: Skarmory\n|-damage|p1a: Skarmory|98/218\n|-damage|p2a: Chesnaught|244/292|[from] item: Rocky Helmet|[of] p1a: Skarmory\n|move|p1a: Skarmory|Brave Bird|p2a: Chesnaught\n|-supereffective|p2a: Chesnaught\n|-damage|p2a: Chesnaught|0 fnt\n|faint|p2a: Chesnaught\n|-damage|p1a: Skarmory|17/218|[from] Recoil\n|\n|upkeep\n|\n|t:|1768149555\n|switch|p2a: Infernape|Infernape, L79, M|250/250\n|-damage|p2a: Infernape|219/250|[from] Stealth Rock\n|turn|11\n|\n|t:|1768149564\n|switch|p1a: Unown|Unown-X|258/258\n|move|p2a: Infernape|Mach Punch|p1a: Unown\n|-resisted|p1a: Unown\n|-damage|p1a: Unown|227/258\n|-damage|p2a: Infernape|194/250|[from] item: Life Orb\n|\n|upkeep\n|turn|12\n|\n|t:|1768149569\n|switch|p2a: Froslass|Froslass, L84, F|255/255\n|-damage|p2a: Froslass|192/255|[from] Stealth Rock\n|move|p1a: Unown|Hidden Power|p2a: Froslass\n|-damage|p2a: Froslass|74/255\n|-start|p1a: Unown|Disable|Hidden Power|[from] ability: Cursed Body|[of] p2a: Froslass\n|\n|-heal|p2a: Froslass|89/255|[from] item: Leftovers\n|upkeep\n|turn|13\n|\n|t:|1768149574\n|switch|p1a: Stunfisk|Stunfisk, L88, M|335/335\n|move|p2a: Froslass|Shadow Ball|p1a: Stunfisk\n|-damage|p1a: Stunfisk|269/335\n|\n|-heal|p2a: Froslass|104/255|[from] item: Leftovers\n|-heal|p1a: Stunfisk|289/335|[from] item: Leftovers\n|upkeep\n|turn|14\n|\n|t:|1768149580\n|move|p2a: Froslass|Ice Beam|p1a: Stunfisk\n|-supereffective|p1a: Stunfisk\n|-damage|p1a: Stunfisk|139/335\n|move|p1a: Stunfisk|Earth Power|p2a: Froslass\n|-damage|p2a: Froslass|0 fnt\n|faint|p2a: Froslass\n|\n|-heal|p1a: Stunfisk|159/335|[from] item: Leftovers\n|upkeep\n|\n|t:|1768149589\n|switch|p2a: Castform|Castform, L97, F|293/293\n|-damage|p2a: Castform|257/293|[from] Stealth Rock\n|turn|15\n|\n|t:|1768149595\n|move|p2a: Castform|Return|p1a: Stunfisk\n|-damage|p1a: Stunfisk|41/335\n|move|p1a: Stunfisk|Toxic|p2a: Castform\n|-status|p2a: Castform|tox\n|\n|-heal|p1a: Stunfisk|61/335|[from] item: Leftovers\n|-damage|p2a: Castform|239/293 tox|[from] psn\n|upkeep\n|turn|16\n|\n|t:|1768149605\n|move|p2a: Castform|Scald|p1a: Stunfisk\n|-supereffective|p1a: Stunfisk\n|-crit|p1a: Stunfisk\n|-damage|p1a: Stunfisk|0 fnt\n|faint|p1a: Stunfisk\n|\n|-damage|p2a: Castform|203/293 tox|[from] psn\n|upkeep\n|\n|t:|1768149619\n|switch|p1a: Lopunny|Lopunny, L76, M|223/223\n|turn|17\n|\n|t:|1768149627\n|detailschange|p1a: Lopunny|Lopunny-Mega, L76, M\n|-mega|p1a: Lopunny|Lopunny|Lopunnite\n|move|p1a: Lopunny|Fake Out|p2a: Castform\n|-damage|p2a: Castform|152/293 tox\n|cant|p2a: Castform|flinch\n|\n|-damage|p2a: Castform|98/293 tox|[from] psn\n|upkeep\n|turn|18\n|\n|t:|1768149638\n|move|p1a: Lopunny|Return|p2a: Castform\n|-damage|p2a: Castform|0 fnt\n|faint|p2a: Castform\n|\n|upkeep\n|\n|t:|1768149643\n|switch|p2a: Floette|Floette-Eternal, L81, F|253/253\n|-damage|p2a: Floette|222/253|[from] Stealth Rock\n|turn|19\n|\n|t:|1768149650\n|switch|p1a: Unown|Unown-X|227/258\n|move|p2a: Floette|Moonblast|p1a: Unown\n|-damage|p1a: Unown|0 fnt\n|faint|p1a: Unown\n|\n|upkeep\n|\n|t:|1768149655\n|switch|p1a: Ditto|Ditto, L84|218/218\n|-transform|p1a: Ditto|p2a: Floette|[from] ability: Imposter\n|turn|20\n|\n|t:|1768149664\n|move|p1a: Ditto|Moonblast|p2a: Floette\n|-damage|p2a: Floette|129/253\n|move|p2a: Floette|Moonblast|p1a: Ditto\n|-damage|p1a: Ditto|82/218\n|\n|upkeep\n|turn|21\n|\n|t:|1768149667\n|move|p1a: Ditto|Moonblast|p2a: Floette\n|-damage|p2a: Floette|44/253\n|move|p2a: Floette|Moonblast|p1a: Ditto\n|-crit|p1a: Ditto\n|-damage|p1a: Ditto|0 fnt\n|faint|p1a: Ditto\n|\n|upkeep\n|\n|t:|1768149670\n|switch|p1a: Lopunny|Lopunny-Mega, L76, M|223/223\n|turn|22\n|\n|t:|1768149672\n|move|p1a: Lopunny|Fake Out|p2a: Floette\n|-damage|p2a: Floette|0 fnt\n|faint|p2a: Floette\n|\n|upkeep\n|\n|t:|1768149674\n|switch|p2a: Infernape|Infernape, L79, M|194/250\n|-damage|p2a: Infernape|163/250|[from] Stealth Rock\n|turn|23\n|\n|t:|1768149678\n|move|p2a: Infernape|Mach Punch|p1a: Lopunny\n|-supereffective|p1a: Lopunny\n|-damage|p1a: Lopunny|103/223\n|-damage|p2a: Infernape|138/250|[from] item: Life Orb\n|move|p1a: Lopunny|Substitute|p1a: Lopunny\n|-start|p1a: Lopunny|Substitute\n|-damage|p1a: Lopunny|48/223\n|\n|upkeep\n|turn|24\n|\n|t:|1768149682\n|move|p2a: Infernape|Mach Punch|p1a: Lopunny\n|-supereffective|p1a: Lopunny\n|-end|p1a: Lopunny|Substitute\n|-damage|p2a: Infernape|113/250|[from] item: Life Orb\n|move|p1a: Lopunny|High Jump Kick|p2a: Infernape\n|-damage|p2a: Infernape|0 fnt\n|faint|p2a: Infernape\n|\n|win|arboretums\n|raw|arboretums's rating: 1588 &rarr; <strong>1605</strong><br />(+17 for winning)\n|raw|moo dee doo's rating: 1538 &rarr; <strong>1521</strong><br />(-17 for losing)\n", "inputlog": ">version f2883557ca71b1a14bc1039fd307aee7de4ab455\n>start {\"formatid\":\"gen6randombattle\",\"seed\":\"sodium,77ff5a7ef11912592106a206d29af129\",\"rated\":\"Rated battle\"}\n>player p1 {\"name\":\"arboretums\",\"avatar\":\"serena-masters2\",\"rating\":1588,\"seed\":\"sodium,33cac1385829eb9ca8c8d0d166dc0de2\"}\n>player p2 {\"name\":\"moo dee doo\",\"avatar\":\"palmer\",\"rating\":1538,\"seed\":\"sodium,12ab6e98b03aff065d9ddac40598aaa1\"}\n>p1 switch 6\n>p2 switch 4\n>p1 move bravebird\n>p2 move sleeppowder\n>p2 switch 2\n>p1 move roost\n>p2 move psychic\n>p1 switch 3\n>p2 move psychic\n>p1 move roost\n>p2 switch 6\n>p1 switch 5\n>p2 move taunt\n>p1 move discharge\n>p2 switch 4\n>p1 switch 5\n>p2 move leechseed\n>p1 move stealthrock\n>p2 move spikyshield\n>p1 move bravebird\n>p2 move drainpunch\n>p2 switch 5\n>p1 switch 4\n>p2 move machpunch\n>p1 move hiddenpower\n>p2 switch 4\n>p1 switch 5\n>p2 move shadowball\n>p1 move earthpower\n>p2 move icebeam\n>p2 switch 3\n>p1 move toxic\n>p2 move return\n>p1 move earthpower\n>p2 move scald\n>p1 switch 2\n>p1 move fakeout mega\n>p2 move fireblast\n>p1 move return\n>p2 move fireblast\n>p2 switch 6\n>p1 switch 5\n>p2 move moonblast\n>p1 switch 6\n>p1 move moonblast\n>p2 move moonblast\n>p1 move moonblast\n>p2 move moonblast\n>p1 switch 5\n>p1 move fakeout\n>p2 move moonblast\n>p2 switch 4\n>p1 move substitute\n>p2 move machpunch\n>p1 move highjumpkick\n>p2 move machpunch", "uploadtime": 1768149683, "views": 255, "formatid": "gen6randombattle", "rating": 1521, "private": 0, "password": null}