{"id": "gen6randombattle-2521088005", "format": "[Gen 6] Random Battle", "players": ["unzipscrogre", "alucgardt"], "log": "|badge|p1|bronze|gen9uu|100-8\n|uhtml|medal-msg|<div class=\"broadcast-blue\">Curious what those medals under the avatar are? PS now has Ladder Seasons! For more information, check out the <a href=\"https://www.smogon.com/forums/threads/3740067/\">thread on Smogon.</a></div>\n|j|☆unzipscrogre\n|j|☆alucgardt\n|t:|1768725925\n|gametype|singles\n|player|p1|unzipscrogre|unknown|1617\n|player|p2|alucgardt|102|1602\n|gen|6\n|tier|[Gen 6] Random Battle\n|rated|\n|rule|Sleep Clause Mod: Limit one foe put to sleep\n|rule|HP Percentage Mod: HP is shown in percentages\n|rule|Illusion Level Mod: Illusion disguises the Pokémon's true level\n|\n|t:|1768725925\n|teamsize|p1|6\n|teamsize|p2|6\n|start\n|switch|p1a: Kingdra|Kingdra, L84, F|263/263\n|switch|p2a: Tentacruel|Tentacruel, L83, F|268/268\n|turn|1\n|inactive|Battle timer is ON: inactive players will automatically lose when time's up. (requested by unzipscrogre)\n|\n|t:|1768725951\n|switch|p2a: Liepard|Liepard, L85, F|248/248\n|switch|p1a: Delibird|Delibird, F|251/251\n|\n|upkeep\n|turn|2\n|\n|t:|1768725962\n|move|p2a: Liepard|Thunder Wave|p1a: Delibird\n|-status|p1a: Delibird|par\n|move|p1a: Delibird|Freeze-Dry|p2a: Liepard\n|-damage|p2a: Liepard|133/248\n|\n|-heal|p2a: Liepard|148/248|[from] item: Leftovers\n|upkeep\n|turn|3\n|\n|t:|1768725967\n|move|p2a: Liepard|Knock Off|p1a: Delibird\n|-damage|p1a: Delibird|116/251 par\n|-enditem|p1a: Delibird|Leftovers|[from] move: Knock Off|[of] p2a: Liepard\n|move|p1a: Delibird|Freeze-Dry|p2a: Liepard\n|-damage|p2a: Liepard|25/248\n|\n|-heal|p2a: Liepard|40/248|[from] item: Leftovers\n|upkeep\n|turn|4\n|\n|t:|1768725983\n|move|p2a: Liepard|Knock Off|p1a: Delibird\n|-damage|p1a: Delibird|29/251 par\n|move|p1a: Delibird|Spikes|p2a: Liepard\n|-sidestart|p2: alucgardt|Spikes\n|\n|-heal|p2a: Liepard|55/248|[from] item: Leftovers\n|upkeep\n|turn|5\n|\n|t:|1768725985\n|move|p2a: Liepard|Knock Off|p1a: Delibird\n|-damage|p1a: Delibird|0 fnt\n|faint|p1a: Delibird\n|\n|-heal|p2a: Liepard|70/248|[from] item: Leftovers\n|upkeep\n|\n|t:|1768726001\n|switch|p1a: Registeel|Registeel, L82|265/265\n|turn|6\n|\n|t:|1768726005\n|move|p2a: Liepard|Thunder Wave|p1a: Registeel\n|-status|p1a: Registeel|par\n|move|p1a: Registeel|Seismic Toss|p2a: Liepard\n|-damage|p2a: Liepard|0 fnt\n|faint|p2a: Liepard\n|\n|upkeep\n|\n|t:|1768726009\n|switch|p2a: Garchomp|Garchomp, L76, F|289/289\n|-damage|p2a: Garchomp|253/289|[from] Spikes\n|turn|7\n|\n|t:|1768726022\n|switch|p1a: Exploud|Exploud, L85, M|316/316\n|move|p2a: Garchomp|Swords Dance|p2a: Garchomp\n|-boost|p2a: Garchomp|atk|2\n|\n|upkeep\n|turn|8\n|\n|t:|1768726031\n|move|p2a: Garchomp|Earthquake|p1a: Exploud\n|-damage|p1a: Exploud|40/316\n|move|p1a: Exploud|Boomburst|p2a: Garchomp\n|-damage|p2a: Garchomp|10/289\n|\n|upkeep\n|turn|9\n|\n|t:|1768726039\n|move|p2a: Garchomp|Earthquake|p1a: Exploud\n|-damage|p1a: Exploud|0 fnt\n|faint|p1a: Exploud\n|\n|upkeep\n|\n|t:|1768726042\n|switch|p1a: Kingdra|Kingdra, L84, F|263/263\n|turn|10\n|inactive|alucgardt has 120 seconds left.\n|\n|t:|1768726089\n|switch|p1a: Blissey|Blissey, L84, F|566/566\n|move|p2a: Garchomp|Outrage|p1a: Blissey\n|-damage|p1a: Blissey|0 fnt\n|faint|p1a: Blissey\n|\n|upkeep\n|\n|t:|1768726094\n|switch|p1a: Registeel|Registeel, L82|265/265 par\n|turn|11\n|\n|t:|1768726097\n|move|p2a: Garchomp|Outrage|p1a: Registeel|[from] lockedmove\n|-resisted|p1a: Registeel\n|-damage|p1a: Registeel|174/265 par\n|-start|p2a: Garchomp|confusion|[fatigue]\n|cant|p1a: Registeel|par\n|\n|-heal|p1a: Registeel|190/265 par|[from] item: Leftovers\n|upkeep\n|turn|12\n|\n|t:|1768726100\n|-activate|p2a: Garchomp|confusion\n|move|p2a: Garchomp|Earthquake|p1a: Registeel\n|-supereffective|p1a: Registeel\n|-damage|p1a: Registeel|0 fnt\n|faint|p1a: Registeel\n|\n|upkeep\n|\n|t:|1768726110\n|switch|p1a: Kingdra|Kingdra, L84, F|263/263\n|turn|13\n|\n|t:|1768726128\n|-activate|p2a: Garchomp|confusion\n|move|p2a: Garchomp|Outrage|p1a: Kingdra\n|-supereffective|p1a: Kingdra\n|-damage|p1a: Kingdra|0 fnt\n|faint|p1a: Kingdra\n|\n|upkeep\n|\n|t:|1768726133\n|switch|p1a: Magmortar|Magmortar, L86, F|269/269\n|turn|14\n|\n|t:|1768726137\n|-end|p2a: Garchomp|confusion\n|move|p2a: Garchomp|Outrage|p1a: Magmortar|[from] lockedmove\n|-crit|p1a: Magmortar\n|-damage|p1a: Magmortar|0 fnt\n|faint|p1a: Magmortar\n|-start|p2a: Garchomp|confusion|[fatigue]\n|\n|win|alucgardt\n|raw|unzipscrogre's rating: 1601 &rarr; <strong>1581</strong><br />(-20 for losing)\n|raw|alucgardt's rating: 1602 &rarr; <strong>1622</strong><br />(+20 for winning)\n", "inputlog": ">version 3bd1a1e329da8d286644078cfc9a9638fc7ea025\n>start {\"formatid\":\"gen6randombattle\",\"seed\":\"sodium,6ec5286a167226cd636ff8129f6c7b11\",\"rated\":\"Rated battle\"}\n>player p1 {\"name\":\"unzipscrogre\",\"avatar\":\"unknown\",\"rating\":1617,\"seed\":\"sodium,e4270c87a743afc78a0f9c0af7753dff\"}\n>player p2 {\"name\":\"alucgardt\",\"avatar\":\"102\",\"rating\":1602,\"seed\":\"sodium,94d75085b86d6e5bbfb3305dab0f41f0\"}\n>p1 switch 2\n>p2 switch 2\n>p1 move freezedry\n>p2 move thunderwave\n>p1 move freezedry\n>p2 move knockoff\n>p1 move spikes\n>p2 move knockoff\n>p1 move spikes\n>p2 move knockoff\n>p1 switch 4\n>p1 move seismictoss\n>p2 move thunderwave\n>p2 switch 3\n>p1 switch 6\n>p2 move swordsdance\n>p1 move boomburst\n>p2 move earthquake\n>p1 move boomburst\n>p2 move earthquake\n>p1 switch 2\n>p1 switch 3\n>p2 move outrage\n>p1 switch 6\n>p1 move seismictoss\n>p2 move outrage\n>p1 move seismictoss\n>p2 move earthquake\n>p1 switch 3\n>p1 move raindance\n>p2 move outrage\n>p1 switch 5\n>p1 move hiddenpower\n>p2 move outrage", "uploadtime": 1768726145, "views": 272, "formatid": "gen6randombattle", "rating": 1581, "private": 0, "password": null}