{"id": "gen6randombattle-2539323968", "format": "[Gen 6] Random Battle", "players": ["arboretums", "henghengsweeswee"], "log": "|j|☆arboretums\n|j|‽henghengsweeswee\n|t:|1771038450\n|gametype|singles\n|player|p1|arboretums|serena-masters2|1643\n|player|p2|henghengsweeswee|170|1686\n|gen|6\n|tier|[Gen 6] Random Battle\n|rated|\n|rule|Sleep Clause Mod: Limit one foe put to sleep\n|rule|HP Percentage Mod: HP is shown in percentages\n|rule|Illusion Level Mod: Illusion disguises the Pokémon's true level\n|\n|t:|1771038450\n|teamsize|p1|6\n|teamsize|p2|6\n|start\n|switch|p1a: Furfrou|Furfrou-La Reine, L85, M|266/266\n|switch|p2a: Gorebyss|Gorebyss, L83, M|226/226\n|turn|1\n|inactive|Battle timer is ON: inactive players will automatically lose when time's up. (requested by arboretums)\n|\n|t:|1771038470\n|switch|p2a: Trevenant|Trevenant, L91, F|303/303\n|move|p1a: Furfrou|Thunder Wave|p2a: Trevenant\n|-status|p2a: Trevenant|par\n|\n|upkeep\n|turn|2\n|\n|t:|1771038497\n|move|p1a: Furfrou|U-turn|p2a: Trevenant\n|-damage|p2a: Trevenant|254/303 par\n|\n|t:|1771038506\n|switch|p1a: Umbreon|Umbreon, L83, M|293/293|[from] U-turn\n|cant|p2a: Trevenant|par\n|\n|upkeep\n|turn|3\n|\n|t:|1771038515\n|-curestatus|p2a: Trevenant|par|[from] ability: Natural Cure\n|switch|p2a: Swellow|Swellow, L81, M|230/230\n|move|p1a: Umbreon|Foul Play|p2a: Swellow\n|-damage|p2a: Swellow|104/230\n|\n|-status|p2a: Swellow|tox|[from] item: Toxic Orb\n|upkeep\n|turn|4\n|\n|t:|1771038523\n|move|p1a: Umbreon|Protect|p1a: Umbreon\n|-singleturn|p1a: Umbreon|Protect\n|move|p2a: Swellow|U-turn|p1a: Umbreon\n|-activate|p1a: Umbreon|move: Protect\n|\n|-damage|p2a: Swellow|90/230 tox|[from] psn\n|upkeep\n|turn|5\n|\n|t:|1771038530\n|switch|p1a: Furfrou|Furfrou-La Reine, L85, M|266/266\n|move|p2a: Swellow|U-turn|p1a: Furfrou\n|-damage|p1a: Furfrou|228/266\n|\n|t:|1771038546\n|switch|p2a: Trevenant|Trevenant, L91, F|254/303|[from] U-turn\n|\n|upkeep\n|turn|6\n|inactive|arboretums has 120 seconds left.\n|\n|t:|1771038580\n|move|p1a: Furfrou|U-turn|p2a: Trevenant\n|-crit|p2a: Trevenant\n|-damage|p2a: Trevenant|187/303\n|\n|t:|1771038582\n|switch|p1a: Umbreon|Umbreon, L83, M|293/293|[from] U-turn\n|move|p2a: Trevenant|Trick Room|p2a: Trevenant\n|-fieldstart|move: Trick Room|[of] p2a: Trevenant\n|\n|upkeep\n|turn|7\n|\n|t:|1771038584\n|move|p2a: Trevenant|Drain Punch|p1a: Umbreon\n|-supereffective|p1a: Umbreon\n|-damage|p1a: Umbreon|132/293\n|-heal|p2a: Trevenant|268/303|[from] drain|[of] p1a: Umbreon\n|-damage|p2a: Trevenant|238/303|[from] item: Life Orb\n|move|p1a: Umbreon|Foul Play|p2a: Trevenant\n|-supereffective|p2a: Trevenant\n|-damage|p2a: Trevenant|10/303\n|\n|-heal|p1a: Umbreon|150/293|[from] item: Leftovers\n|upkeep\n|turn|8\n|\n|t:|1771038593\n|move|p2a: Trevenant|Drain Punch|p1a: Umbreon\n|-supereffective|p1a: Umbreon\n|-damage|p1a: Umbreon|0 fnt\n|-heal|p2a: Trevenant|85/303|[from] drain|[of] p1a: Umbreon\n|faint|p1a: Umbreon\n|-damage|p2a: Trevenant|55/303|[from] item: Life Orb\n|\n|upkeep\n|\n|t:|1771038618\n|switch|p1a: Arceus|Arceus-Fairy, L71|288/288\n|turn|9\n|\n|t:|1771038623\n|move|p2a: Trevenant|Wood Hammer|p1a: Arceus\n|-damage|p1a: Arceus|77/288\n|-damage|p2a: Trevenant|0 fnt|[from] Recoil\n|faint|p2a: Trevenant\n|move|p1a: Arceus|Will-O-Wisp|p2: Trevenant|[notarget]\n|-fail|p1a: Arceus\n|\n|upkeep\n|inactive|henghengsweeswee has 120 seconds left.\n|\n|t:|1771038656\n|switch|p2a: Bellossom|Bellossom, L96, F|299/299\n|turn|10\n|\n|t:|1771038667\n|switch|p1a: Venusaur|Venusaur, L77, F|250/250\n|move|p2a: Bellossom|Leaf Blade|p1a: Venusaur\n|-resisted|p1a: Venusaur\n|-damage|p1a: Venusaur|219/250\n|\n|-fieldend|move: Trick Room\n|upkeep\n|turn|11\n|\n|t:|1771038687\n|detailschange|p1a: Venusaur|Venusaur-Mega, L77, F\n|-mega|p1a: Venusaur|Venusaur|Venusaurite\n|move|p1a: Venusaur|Sludge Bomb|p2a: Bellossom\n|-supereffective|p2a: Bellossom\n|-damage|p2a: Bellossom|135/299\n|move|p2a: Bellossom|Swords Dance|p2a: Bellossom\n|-boost|p2a: Bellossom|atk|2\n|\n|-heal|p2a: Bellossom|153/299|[from] item: Leftovers\n|upkeep\n|turn|12\n|\n|t:|1771038698\n|move|p1a: Venusaur|Sludge Bomb|p2a: Bellossom\n|-supereffective|p2a: Bellossom\n|-damage|p2a: Bellossom|0 fnt\n|faint|p2a: Bellossom\n|\n|upkeep\n|\n|t:|1771038701\n|switch|p2a: Swellow|Swellow, L81, M|90/230 tox\n|turn|13\n|\n|t:|1771038718\n|move|p2a: Swellow|Facade|p1a: Venusaur\n|-damage|p1a: Venusaur|66/250\n|move|p1a: Venusaur|Sludge Bomb|p2a: Swellow\n|-damage|p2a: Swellow|0 fnt\n|faint|p2a: Swellow\n|\n|upkeep\n|\n|t:|1771038727\n|switch|p2a: Meloetta|Meloetta, L82|298/298\n|turn|14\n|\n|t:|1771038730\n|move|p2a: Meloetta|Relic Song|p1a: Venusaur\n|-damage|p1a: Venusaur|0 fnt\n|faint|p1a: Venusaur\n|detailschange|p1: Venusaur|Venusaur, L77, F|[silent]\n|-formechange|p2a: Meloetta|Meloetta-Pirouette|[msg]\n|-damage|p2a: Meloetta|269/298|[from] item: Life Orb\n|\n|upkeep\n|\n|t:|1771038749\n|switch|p1a: Xatu|Xatu, L87, F|255/255\n|turn|15\n|\n|t:|1771038755\n|move|p2a: Meloetta|Knock Off|p1a: Xatu\n|-supereffective|p1a: Xatu\n|-crit|p1a: Xatu\n|-damage|p1a: Xatu|0 fnt\n|-enditem|p1a: Xatu|Leftovers|[from] move: Knock Off|[of] p2a: Meloetta\n|faint|p1a: Xatu\n|-damage|p2a: Meloetta|240/298|[from] item: Life Orb\n|\n|upkeep\n|\n|t:|1771038760\n|switch|p1a: Arceus|Arceus-Fairy, L71|77/288\n|turn|16\n|\n|t:|1771038763\n|move|p2a: Meloetta|Return|p1a: Arceus\n|-damage|p1a: Arceus|0 fnt\n|faint|p1a: Arceus\n|-damage|p2a: Meloetta|211/298|[from] item: Life Orb\n|\n|upkeep\n|\n|t:|1771038768\n|switch|p1a: Furfrou|Furfrou-La Reine, L85, M|228/266\n|turn|17\n|\n|t:|1771038773\n|move|p2a: Meloetta|Close Combat|p1a: Furfrou\n|-supereffective|p1a: Furfrou\n|-crit|p1a: Furfrou\n|-damage|p1a: Furfrou|0 fnt\n|-unboost|p2a: Meloetta|def|1\n|-unboost|p2a: Meloetta|spd|1\n|faint|p1a: Furfrou\n|-damage|p2a: Meloetta|182/298|[from] item: Life Orb\n|\n|upkeep\n|-message|arboretums forfeited.\n|\n|win|henghengsweeswee\n|raw|arboretums's rating: 1643 &rarr; <strong>1625</strong><br />(-18 for losing)\n|raw|henghengsweeswee's rating: 1686 &rarr; <strong>1704</strong><br />(+18 for winning)\n|l|☆arboretums\n|player|p1|\n", "inputlog": ">version ccdc32dd7cde25fd9e4bed64820e885f66e78a4e\n>start {\"formatid\":\"gen6randombattle\",\"seed\":\"sodium,1220bc0cbb4a00af94dfa53f7013a49c\",\"rated\":\"Rated battle\"}\n>player p1 {\"name\":\"arboretums\",\"avatar\":\"serena-masters2\",\"rating\":1643,\"seed\":\"sodium,f17446b37a9e99dae588add1ff174e20\"}\n>player p2 {\"name\":\"henghengsweeswee\",\"avatar\":\"170\",\"rating\":1686,\"seed\":\"sodium,a4347c72031a59cfee8f627fa07880b6\"}\n>p1 move thunderwave\n>p2 switch 2\n>p1 move uturn\n>p2 move trickroom\n>p1 switch 3\n>p1 move foulplay\n>p2 switch 6\n>p1 move protect\n>p2 move uturn\n>p1 switch 3\n>p2 move uturn\n>p2 switch 6\n>p1 move uturn\n>p2 move trickroom\n>p1 switch 3\n>p1 move foulplay\n>p2 move drainpunch\n>p1 move foulplay\n>p2 move drainpunch\n>p1 switch 4\n>p1 move willowisp\n>p2 move woodhammer\n>p2 switch 4\n>p1 switch 5\n>p2 move leafblade\n>p1 move sludgebomb mega\n>p2 move swordsdance\n>p1 move sludgebomb\n>p2 move return\n>p2 switch 6\n>p1 move sludgebomb\n>p2 move facade\n>p2 switch 3\n>p1 move sleeppowder\n>p2 move relicsong\n>p1 switch 6\n>p1 move psychic\n>p2 move knockoff\n>p1 switch 5\n>p1 move willowisp\n>p2 move return\n>p1 switch 3\n>p1 move thunderwave\n>p2 move closecombat\n>forcelose p1", "uploadtime": 1771038781, "views": 163, "formatid": "gen6randombattle", "rating": 1625, "private": 0, "password": null}