{"id": "gen6randombattle-2520632373", "format": "[Gen 6] Random Battle", "players": ["Pp1254", "arboretums"], "log": "|j|☆Pp1254\n|j|☆arboretums\n|t:|1768664984\n|gametype|singles\n|player|p1|Pp1254|101|1635\n|player|p2|arboretums|serena-masters2|1640\n|gen|6\n|tier|[Gen 6] Random Battle\n|rated|\n|rule|Sleep Clause Mod: Limit one foe put to sleep\n|rule|HP Percentage Mod: HP is shown in percentages\n|rule|Illusion Level Mod: Illusion disguises the Pokémon's true level\n|\n|t:|1768664984\n|teamsize|p1|6\n|teamsize|p2|6\n|start\n|switch|p1a: Gastrodon|Gastrodon-East, L86, F|331/331\n|switch|p2a: Stantler|Stantler, L90, M|278/278\n|-ability|p2a: Stantler|Intimidate|boost\n|-unboost|p1a: Gastrodon|atk|1\n|turn|1\n|\n|t:|1768665002\n|move|p2a: Stantler|Double-Edge|p1a: Gastrodon\n|-damage|p1a: Gastrodon|111/331\n|-damage|p2a: Stantler|205/278|[from] Recoil\n|-damage|p2a: Stantler|178/278|[from] item: Life Orb\n|move|p1a: Gastrodon|Scald|p2a: Stantler\n|-damage|p2a: Stantler|87/278\n|\n|-heal|p1a: Gastrodon|131/331|[from] item: Leftovers\n|upkeep\n|turn|2\n|\n|t:|1768665015\n|switch|p1a: Froslass|Froslass, L84, F|255/255\n|move|p2a: Stantler|Double-Edge|p1a: Froslass\n|-immune|p1a: Froslass\n|\n|upkeep\n|turn|3\n|\n|t:|1768665027\n|switch|p2a: Lickilicky|Lickilicky, L88, F|337/337\n|-ability|p2a: Lickilicky|Cloud Nine\n|move|p1a: Froslass|Ice Beam|p2a: Lickilicky\n|-damage|p2a: Lickilicky|258/337\n|\n|-heal|p2a: Lickilicky|279/337|[from] item: Leftovers\n|upkeep\n|turn|4\n|\n|t:|1768665035\n|move|p1a: Froslass|Taunt|p2a: Lickilicky\n|-start|p2a: Lickilicky|move: Taunt\n|move|p2a: Lickilicky|Knock Off|p1a: Froslass\n|-supereffective|p1a: Froslass\n|-damage|p1a: Froslass|95/255\n|-enditem|p1a: Froslass|Leftovers|[from] move: Knock Off|[of] p2a: Lickilicky\n|\n|-heal|p2a: Lickilicky|300/337|[from] item: Leftovers\n|upkeep\n|turn|5\n|\n|t:|1768665047\n|switch|p1a: Whimsicott|Whimsicott, L85, M|241/241\n|move|p2a: Lickilicky|Knock Off|p1a: Whimsicott\n|-resisted|p1a: Whimsicott\n|-damage|p1a: Whimsicott|205/241\n|-enditem|p1a: Whimsicott|Leftovers|[from] move: Knock Off|[of] p2a: Lickilicky\n|\n|-heal|p2a: Lickilicky|321/337|[from] item: Leftovers\n|upkeep\n|turn|6\n|\n|t:|1768665057\n|move|p1a: Whimsicott|Toxic|p2a: Lickilicky\n|-status|p2a: Lickilicky|tox\n|move|p2a: Lickilicky|Body Slam|p1a: Whimsicott\n|-damage|p1a: Whimsicott|120/241\n|\n|-heal|p2a: Lickilicky|337/337 tox|[from] item: Leftovers\n|-damage|p2a: Lickilicky|316/337 tox|[from] psn\n|-end|p2a: Lickilicky|move: Taunt\n|upkeep\n|turn|7\n|\n|t:|1768665071\n|move|p1a: Whimsicott|U-turn|p2a: Lickilicky\n|-damage|p2a: Lickilicky|280/337 tox\n|\n|t:|1768665079\n|switch|p1a: Froslass|Froslass, L84, F|95/255|[from] U-turn\n|move|p2a: Lickilicky|Body Slam|p1a: Froslass\n|-immune|p1a: Froslass\n|\n|-heal|p2a: Lickilicky|301/337 tox|[from] item: Leftovers\n|-damage|p2a: Lickilicky|259/337 tox|[from] psn\n|upkeep\n|turn|8\n|\n|t:|1768665087\n|switch|p1a: Whimsicott|Whimsicott, L85, M|120/241\n|move|p2a: Lickilicky|Knock Off|p1a: Whimsicott\n|-resisted|p1a: Whimsicott\n|-damage|p1a: Whimsicott|96/241\n|\n|-heal|p2a: Lickilicky|280/337 tox|[from] item: Leftovers\n|-damage|p2a: Lickilicky|217/337 tox|[from] psn\n|upkeep\n|turn|9\n|\n|t:|1768665103\n|move|p1a: Whimsicott|U-turn|p2a: Lickilicky\n|-damage|p2a: Lickilicky|184/337 tox\n|\n|t:|1768665116\n|switch|p1a: Ho-Oh|Ho-Oh, L69|261/261|[from] U-turn\n|move|p2a: Lickilicky|Body Slam|p1a: Ho-Oh\n|-damage|p1a: Ho-Oh|162/261\n|\n|-heal|p1a: Ho-Oh|178/261|[from] item: Leftovers\n|-heal|p2a: Lickilicky|205/337 tox|[from] item: Leftovers\n|-damage|p2a: Lickilicky|121/337 tox|[from] psn\n|upkeep\n|turn|10\n|\n|t:|1768665133\n|move|p1a: Ho-Oh|Substitute|p1a: Ho-Oh\n|-start|p1a: Ho-Oh|Substitute\n|-damage|p1a: Ho-Oh|113/261\n|move|p2a: Lickilicky|Body Slam|p1a: Ho-Oh\n|-end|p1a: Ho-Oh|Substitute\n|\n|-heal|p1a: Ho-Oh|129/261|[from] item: Leftovers\n|-heal|p2a: Lickilicky|142/337 tox|[from] item: Leftovers\n|-damage|p2a: Lickilicky|37/337 tox|[from] psn\n|upkeep\n|turn|11\n|\n|t:|1768665145\n|switch|p1a: Froslass|Froslass, L84, F|95/255\n|move|p2a: Lickilicky|Body Slam|p1a: Froslass\n|-immune|p1a: Froslass\n|\n|-heal|p2a: Lickilicky|58/337 tox|[from] item: Leftovers\n|-damage|p2a: Lickilicky|0 fnt|[from] psn\n|faint|p2a: Lickilicky\n|upkeep\n|\n|t:|1768665173\n|switch|p2a: Tyrantrum|Tyrantrum, L80, F|262/262\n|turn|12\n|\n|t:|1768665191\n|move|p1a: Froslass|Ice Beam|p2a: Tyrantrum\n|-supereffective|p2a: Tyrantrum\n|-damage|p2a: Tyrantrum|26/262\n|move|p2a: Tyrantrum|Head Smash|p1a: Froslass\n|-supereffective|p1a: Froslass\n|-damage|p1a: Froslass|0 fnt\n|faint|p1a: Froslass\n|\n|upkeep\n|\n|t:|1768665198\n|switch|p1a: Whimsicott|Whimsicott, L85, M|96/241\n|turn|13\n|\n|t:|1768665204\n|move|p1a: Whimsicott|Moonblast|p2a: Tyrantrum\n|-supereffective|p2a: Tyrantrum\n|-damage|p2a: Tyrantrum|0 fnt\n|faint|p2a: Tyrantrum\n|\n|upkeep\n|\n|t:|1768665210\n|switch|p2a: Vespiquen|Vespiquen, F|301/301\n|-ability|p2a: Vespiquen|Pressure\n|turn|14\n|\n|t:|1768665226\n|move|p1a: Whimsicott|U-turn|p2a: Vespiquen\n|-resisted|p2a: Vespiquen\n|-damage|p2a: Vespiquen|286/301\n|\n|t:|1768665230\n|switch|p1a: Ho-Oh|Ho-Oh, L69|216/261|[from] U-turn\n|move|p2a: Vespiquen|Toxic|p1a: Ho-Oh\n|-status|p1a: Ho-Oh|tox\n|\n|-heal|p1a: Ho-Oh|232/261 tox|[from] item: Leftovers\n|-heal|p2a: Vespiquen|301/301|[from] item: Leftovers\n|-damage|p1a: Ho-Oh|216/261 tox|[from] psn\n|upkeep\n|turn|15\n|\n|t:|1768665236\n|switch|p2a: Claydol|Claydol, L88|249/249\n|move|p1a: Ho-Oh|Sacred Fire|p2a: Claydol\n|-damage|p2a: Claydol|170/249\n|\n|-heal|p1a: Ho-Oh|232/261 tox|[from] item: Leftovers\n|-damage|p1a: Ho-Oh|200/261 tox|[from] psn\n|upkeep\n|turn|16\n|\n|t:|1768665246\n|move|p2a: Claydol|Psychic|p1a: Ho-Oh\n|-damage|p1a: Ho-Oh|142/261 tox\n|-unboost|p1a: Ho-Oh|spd|1\n|move|p1a: Ho-Oh|Brave Bird|p2a: Claydol\n|-crit|p2a: Claydol\n|-damage|p2a: Claydol|35/249\n|-damage|p1a: Ho-Oh|97/261 tox|[from] Recoil\n|\n|-heal|p1a: Ho-Oh|113/261 tox|[from] item: Leftovers\n|-damage|p1a: Ho-Oh|65/261 tox|[from] psn\n|upkeep\n|turn|17\n|\n|t:|1768665267\n|switch|p1a: Gastrodon|Gastrodon-East, L86, F|131/331\n|move|p2a: Claydol|Psychic|p1a: Gastrodon\n|-damage|p1a: Gastrodon|44/331\n|\n|-heal|p1a: Gastrodon|64/331|[from] item: Leftovers\n|upkeep\n|turn|18\n|\n|t:|1768665276\n|move|p2a: Claydol|Psychic|p1a: Gastrodon\n|-damage|p1a: Gastrodon|0 fnt\n|faint|p1a: Gastrodon\n|\n|upkeep\n|\n|t:|1768665281\n|switch|p1a: Whimsicott|Whimsicott, L85, M|96/241\n|turn|19\n|\n|t:|1768665288\n|move|p1a: Whimsicott|U-turn|p2a: Claydol\n|-supereffective|p2a: Claydol\n|-damage|p2a: Claydol|0 fnt\n|faint|p2a: Claydol\n|\n|t:|1768665298\n|switch|p1a: Grumpig|Grumpig, L92, F|297/297|[from] U-turn\n|\n|upkeep\n|\n|t:|1768665304\n|switch|p2a: Vespiquen|Vespiquen, F|301/301\n|-ability|p2a: Vespiquen|Pressure\n|turn|20\n|\n|t:|1768665311\n|move|p1a: Grumpig|Toxic|p2a: Vespiquen\n|-status|p2a: Vespiquen|tox\n|move|p2a: Vespiquen|U-turn|p1a: Grumpig\n|-supereffective|p1a: Grumpig\n|-damage|p1a: Grumpig|99/297\n|\n|t:|1768665313\n|switch|p2a: Pikachu|Pikachu, L91, M|212/212|[from] U-turn\n|\n|-heal|p1a: Grumpig|117/297|[from] item: Leftovers\n|upkeep\n|turn|21\n|\n|t:|1768665345\n|move|p2a: Pikachu|Knock Off|p1a: Grumpig\n|-supereffective|p1a: Grumpig\n|-crit|p1a: Grumpig\n|-damage|p1a: Grumpig|0 fnt\n|-enditem|p1a: Grumpig|Leftovers|[from] move: Knock Off|[of] p2a: Pikachu\n|faint|p1a: Grumpig\n|\n|upkeep\n|inactive|Battle timer is ON: inactive players will automatically lose when time's up. (requested by arboretums)\n|\n|t:|1768665356\n|switch|p1a: Whimsicott|Whimsicott, L85, M|96/241\n|turn|22\n|\n|t:|1768665362\n|move|p1a: Whimsicott|Moonblast|p2a: Pikachu\n|-damage|p2a: Pikachu|88/212\n|move|p2a: Pikachu|Volt Tackle|p1a: Whimsicott\n|-resisted|p1a: Whimsicott\n|-damage|p1a: Whimsicott|0 fnt\n|faint|p1a: Whimsicott\n|-damage|p2a: Pikachu|56/212|[from] Recoil\n|\n|upkeep\n|\n|t:|1768665366\n|switch|p1a: Scolipede|Scolipede, L79, M|224/224\n|turn|23\n|\n|t:|1768665372\n|switch|p2a: Stantler|Stantler, L90, M|87/278\n|-ability|p2a: Stantler|Intimidate|boost\n|-unboost|p1a: Scolipede|atk|1\n|move|p1a: Scolipede|Earthquake|p2a: Stantler\n|-crit|p2a: Stantler\n|-damage|p2a: Stantler|0 fnt\n|faint|p2a: Stantler\n|-damage|p1a: Scolipede|202/224|[from] item: Life Orb\n|\n|-ability|p1a: Scolipede|Speed Boost|boost\n|-boost|p1a: Scolipede|spe|1\n|upkeep\n|\n|t:|1768665376\n|switch|p2a: Vespiquen|Vespiquen, F|301/301 tox\n|-ability|p2a: Vespiquen|Pressure\n|turn|24\n|\n|t:|1768665381\n|switch|p1a: Ho-Oh|Ho-Oh, L69|152/261 tox\n|move|p2a: Vespiquen|Air Slash|p1a: Ho-Oh\n|-damage|p1a: Ho-Oh|80/261 tox\n|\n|-heal|p1a: Ho-Oh|96/261 tox|[from] item: Leftovers\n|-damage|p1a: Ho-Oh|80/261 tox|[from] psn\n|-damage|p2a: Vespiquen|283/301 tox|[from] psn\n|upkeep\n|turn|25\n|\n|t:|1768665405\n|move|p1a: Ho-Oh|Roost|p1a: Ho-Oh\n|-heal|p1a: Ho-Oh|211/261 tox\n|-singleturn|p1a: Ho-Oh|move: Roost\n|move|p2a: Vespiquen|U-turn|p1a: Ho-Oh\n|-resisted|p1a: Ho-Oh\n|-damage|p1a: Ho-Oh|161/261 tox\n|\n|t:|1768665407\n|switch|p2a: Pikachu|Pikachu, L91, M|56/212|[from] U-turn\n|\n|-heal|p1a: Ho-Oh|177/261 tox|[from] item: Leftovers\n|-damage|p1a: Ho-Oh|145/261 tox|[from] psn\n|upkeep\n|turn|26\n|\n|t:|1768665414\n|switch|p1a: Scolipede|Scolipede, L79, M|202/224\n|move|p2a: Pikachu|Volt Switch|p1a: Scolipede\n|-damage|p1a: Scolipede|75/224\n|\n|t:|1768665415\n|switch|p2a: Vespiquen|Vespiquen, F|283/301 tox|[from] Volt Switch\n|-ability|p2a: Vespiquen|Pressure\n|\n|-heal|p2a: Vespiquen|301/301 tox|[from] item: Leftovers\n|-damage|p2a: Vespiquen|283/301 tox|[from] psn\n|upkeep\n|turn|27\n|\n|t:|1768665421\n|switch|p1a: Ho-Oh|Ho-Oh, L69|232/261 tox\n|move|p2a: Vespiquen|Air Slash|p1a: Ho-Oh\n|-damage|p1a: Ho-Oh|162/261 tox\n|\n|-heal|p1a: Ho-Oh|178/261 tox|[from] item: Leftovers\n|-heal|p2a: Vespiquen|301/301 tox|[from] item: Leftovers\n|-damage|p1a: Ho-Oh|162/261 tox|[from] psn\n|-damage|p2a: Vespiquen|265/301 tox|[from] psn\n|upkeep\n|turn|28\n|\n|t:|1768665437\n|move|p1a: Ho-Oh|Sacred Fire|p2a: Vespiquen|[miss]\n|-miss|p1a: Ho-Oh|p2a: Vespiquen\n|move|p2a: Vespiquen|U-turn|p1a: Ho-Oh\n|-resisted|p1a: Ho-Oh\n|-damage|p1a: Ho-Oh|135/261 tox\n|\n|t:|1768665439\n|switch|p2a: Pikachu|Pikachu, L91, M|56/212|[from] U-turn\n|\n|-heal|p1a: Ho-Oh|151/261 tox|[from] item: Leftovers\n|-damage|p1a: Ho-Oh|119/261 tox|[from] psn\n|upkeep\n|turn|29\n|\n|t:|1768665445\n|move|p2a: Pikachu|Volt Switch|p1a: Ho-Oh\n|-supereffective|p1a: Ho-Oh\n|-damage|p1a: Ho-Oh|0 fnt\n|faint|p1a: Ho-Oh\n|\n|t:|1768665450\n|switch|p2a: Vespiquen|Vespiquen, F|265/301 tox|[from] Volt Switch\n|-ability|p2a: Vespiquen|Pressure\n|\n|-heal|p2a: Vespiquen|283/301 tox|[from] item: Leftovers\n|-damage|p2a: Vespiquen|265/301 tox|[from] psn\n|upkeep\n|\n|t:|1768665452\n|switch|p1a: Scolipede|Scolipede, L79, M|75/224\n|turn|30\n|\n|t:|1768665458\n|move|p1a: Scolipede|Poison Jab|p2a: Vespiquen\n|-damage|p2a: Vespiquen|182/301 tox\n|-damage|p1a: Scolipede|53/224|[from] item: Life Orb\n|move|p2a: Vespiquen|Air Slash|p1a: Scolipede\n|-supereffective|p1a: Scolipede\n|-damage|p1a: Scolipede|0 fnt\n|faint|p1a: Scolipede\n|\n|win|arboretums\n|raw|Pp1254's rating: 1635 &rarr; <strong>1615</strong><br />(-20 for losing)\n|raw|arboretums's rating: 1640 &rarr; <strong>1660</strong><br />(+20 for winning)\n", "inputlog": ">version 3bd1a1e329da8d286644078cfc9a9638fc7ea025\n>start {\"formatid\":\"gen6randombattle\",\"seed\":\"sodium,9dcc94e40a81c28925471a513e4af33f\",\"rated\":\"Rated battle\"}\n>player p1 {\"name\":\"Pp1254\",\"avatar\":\"101\",\"rating\":1635,\"seed\":\"sodium,a4091f1cb9f5e4d95cc1cc78fbace492\"}\n>player p2 {\"name\":\"arboretums\",\"avatar\":\"serena-masters2\",\"rating\":1640,\"seed\":\"sodium,66a600d0f7e6d333ce78113c18c982e2\"}\n>p1 move scald\n>p2 move doubleedge\n>p1 switch 4\n>p2 move doubleedge\n>p1 move icebeam\n>p2 switch 2\n>p1 move taunt\n>p2 move knockoff\n>p1 switch 5\n>p2 move knockoff\n>p1 move toxic\n>p2 move bodyslam\n>p1 move uturn\n>p2 move bodyslam\n>p1 switch 5\n>p1 switch 5\n>p2 move knockoff\n>p1 move uturn\n>p2 move bodyslam\n>p1 switch 3\n>p1 move substitute\n>p2 move bodyslam\n>p1 switch 5\n>p2 move bodyslam\n>p2 switch 4\n>p1 move icebeam\n>p2 move headsmash\n>p1 switch 3\n>p1 move moonblast\n>p2 move headsmash\n>p2 switch 5\n>p1 move uturn\n>p2 move toxic\n>p1 switch 5\n>p1 move sacredfire\n>p2 switch 6\n>p1 move bravebird\n>p2 move psychic\n>p1 switch 4\n>p2 move psychic\n>p1 move recover\n>p2 move psychic\n>p1 switch 5\n>p1 move uturn\n>p2 move psychic\n>p1 switch 2\n>p2 switch 6\n>p1 move toxic\n>p2 move uturn\n>p2 switch 3\n>p1 move healbell\n>p2 move knockoff\n>p1 switch 2\n>p1 move moonblast\n>p2 move volttackle\n>p1 switch 6\n>p1 move earthquake\n>p2 switch 2\n>p2 switch 3\n>p1 switch 4\n>p2 move airslash\n>p1 move roost\n>p2 move uturn\n>p2 switch 2\n>p1 switch 4\n>p2 move voltswitch\n>p2 switch 2\n>p1 switch 4\n>p2 move airslash\n>p1 move sacredfire\n>p2 move uturn\n>p2 switch 2\n>p1 move sacredfire\n>p2 move voltswitch\n>p2 switch 2\n>p1 switch 4\n>p1 move poisonjab\n>p2 move airslash", "uploadtime": 1768665460, "views": 265, "formatid": "gen6randombattle", "rating": 1615, "private": 0, "password": null}