{"id": "gen6randombattle-2521504899", "format": "[Gen 6] Random Battle", "players": ["lirgol", "arboretums"], "log": "|j|☆lirgol\n|j|☆arboretums\n|t:|1768781651\n|gametype|singles\n|player|p1|lirgol|hiker-gen4|1560\n|player|p2|arboretums|serena-masters2|1621\n|gen|6\n|tier|[Gen 6] Random Battle\n|rated|\n|rule|Sleep Clause Mod: Limit one foe put to sleep\n|rule|HP Percentage Mod: HP is shown in percentages\n|rule|Illusion Level Mod: Illusion disguises the Pokémon's true level\n|\n|t:|1768781651\n|teamsize|p1|6\n|teamsize|p2|6\n|start\n|switch|p1a: Pidgeot|Pidgeot, L77, F|254/254\n|switch|p2a: Wigglytuff|Wigglytuff, L93, M|411/411\n|turn|1\n|inactive|Battle timer is ON: inactive players will automatically lose when time's up. (requested by lirgol)\n|\n|t:|1768781661\n|detailschange|p1a: Pidgeot|Pidgeot-Mega, L77, F\n|-mega|p1a: Pidgeot|Pidgeot|Pidgeotite\n|move|p1a: Pidgeot|U-turn|p2a: Wigglytuff\n|-resisted|p2a: Wigglytuff\n|-damage|p2a: Wigglytuff|385/411\n|\n|t:|1768781671\n|switch|p1a: Bastiodon|Bastiodon, L95, F|268/268|[from] U-turn\n|-item|p1a: Bastiodon|Air Balloon\n|move|p2a: Wigglytuff|Fire Blast|p1a: Bastiodon\n|-damage|p1a: Bastiodon|215/268\n|-enditem|p1a: Bastiodon|Air Balloon\n|\n|-heal|p2a: Wigglytuff|410/411|[from] item: Leftovers\n|upkeep\n|turn|2\n|\n|t:|1768781686\n|switch|p2a: Hydreigon|Hydreigon, L80, F|278/278\n|move|p1a: Bastiodon|Toxic|p2a: Hydreigon|[miss]\n|-miss|p1a: Bastiodon|p2a: Hydreigon\n|\n|upkeep\n|turn|3\n|inactive|lirgol has 120 seconds left.\n|\n|t:|1768781720\n|switch|p1a: Toxicroak|Toxicroak, L83, M|273/273\n|move|p2a: Hydreigon|Earth Power|p1a: Toxicroak\n|-supereffective|p1a: Toxicroak\n|-damage|p1a: Toxicroak|18/273\n|-damage|p2a: Hydreigon|251/278|[from] item: Life Orb\n|\n|-heal|p1a: Toxicroak|35/273|[from] item: Black Sludge\n|upkeep\n|turn|4\n|inactive|lirgol has 120 seconds left.\n|\n|t:|1768781735\n|switch|p1a: Pidgeot|Pidgeot-Mega, L77, F|254/254\n|move|p2a: Hydreigon|Dark Pulse|p1a: Pidgeot\n|-damage|p1a: Pidgeot|112/254\n|-damage|p2a: Hydreigon|224/278|[from] item: Life Orb\n|\n|upkeep\n|turn|5\n|inactive|lirgol has 120 seconds left.\n|\n|t:|1768781746\n|move|p1a: Pidgeot|Hurricane|p2a: Hydreigon\n|-damage|p2a: Hydreigon|91/278\n|-start|p2a: Hydreigon|confusion\n|-activate|p2a: Hydreigon|confusion\n|move|p2a: Hydreigon|Draco Meteor|p1a: Pidgeot\n|-damage|p1a: Pidgeot|0 fnt\n|-unboost|p2a: Hydreigon|spa|2\n|faint|p1a: Pidgeot\n|detailschange|p1: Pidgeot|Pidgeot, L77, F|[silent]\n|-damage|p2a: Hydreigon|64/278|[from] item: Life Orb\n|\n|upkeep\n|inactive|lirgol has 120 seconds left.\n|\n|t:|1768781774\n|switch|p1a: Swoobat|Swoobat, L87, F|258/258\n|turn|6\n|\n|t:|1768781779\n|move|p1a: Swoobat|Calm Mind|p1a: Swoobat\n|-boost|p1a: Swoobat|spa|2\n|-boost|p1a: Swoobat|spd|2\n|-end|p2a: Hydreigon|confusion\n|move|p2a: Hydreigon|Dark Pulse|p1a: Swoobat\n|-supereffective|p1a: Swoobat\n|-damage|p1a: Swoobat|172/258\n|-damage|p2a: Hydreigon|37/278|[from] item: Life Orb\n|\n|-heal|p1a: Swoobat|188/258|[from] item: Leftovers\n|upkeep\n|turn|7\n|\n|t:|1768781791\n|switch|p2a: Mesprit|Mesprit, L85|275/275\n|move|p1a: Swoobat|Calm Mind|p1a: Swoobat\n|-boost|p1a: Swoobat|spa|2\n|-boost|p1a: Swoobat|spd|2\n|\n|-heal|p1a: Swoobat|204/258|[from] item: Leftovers\n|upkeep\n|turn|8\n|\n|t:|1768781808\n|move|p1a: Swoobat|Stored Power|p2a: Mesprit\n|-resisted|p2a: Mesprit\n|-damage|p2a: Mesprit|74/275\n|move|p2a: Mesprit|Knock Off|p1a: Swoobat\n|-supereffective|p1a: Swoobat\n|-damage|p1a: Swoobat|0 fnt\n|-enditem|p1a: Swoobat|Leftovers|[from] move: Knock Off|[of] p2a: Mesprit\n|faint|p1a: Swoobat\n|\n|-heal|p2a: Mesprit|91/275|[from] item: Leftovers\n|upkeep\n|\n|t:|1768781821\n|switch|p1a: Toxicroak|Toxicroak, L83, M|35/273\n|turn|9\n|\n|t:|1768781843\n|move|p1a: Toxicroak|Gunk Shot|p2a: Mesprit\n|-damage|p2a: Mesprit|0 fnt\n|faint|p2a: Mesprit\n|\n|-heal|p1a: Toxicroak|52/273|[from] item: Black Sludge\n|upkeep\n|\n|t:|1768781847\n|switch|p2a: Sigilyph|Sigilyph, L83, M|255/255\n|turn|10\n|\n|t:|1768781853\n|switch|p1a: Bastiodon|Bastiodon, L95, F|215/268\n|move|p2a: Sigilyph|Psyshock|p1a: Bastiodon\n|-resisted|p1a: Bastiodon\n|-damage|p1a: Bastiodon|141/268\n|\n|upkeep\n|turn|11\n|inactive|lirgol has 120 seconds left.\n|\n|t:|1768781866\n|switch|p2a: Simisage|Simisage, L88, F|275/275\n|move|p1a: Bastiodon|Rock Blast|p2a: Simisage\n|-damage|p2a: Simisage|247/275\n|-damage|p2a: Simisage|217/275\n|-damage|p2a: Simisage|189/275\n|-hitcount|p2a: Simisage|3\n|\n|upkeep\n|turn|12\n|inactive|lirgol has 120 seconds left.\n|\n|t:|1768781886\n|move|p2a: Simisage|Superpower|p1a: Bastiodon\n|-supereffective|p1a: Bastiodon\n|-damage|p1a: Bastiodon|0 fnt\n|-unboost|p2a: Simisage|atk|1\n|-unboost|p2a: Simisage|def|1\n|faint|p1a: Bastiodon\n|-damage|p2a: Simisage|162/275|[from] item: Life Orb\n|\n|upkeep\n|\n|t:|1768781909\n|switch|p1a: Furfrou|Furfrou, L85, M|266/266\n|turn|13\n|inactive|lirgol has 90 seconds left.\n|\n|t:|1768781927\n|switch|p2a: Wigglytuff|Wigglytuff, L93, M|410/411\n|move|p1a: Furfrou|Cotton Guard|p1a: Furfrou\n|-boost|p1a: Furfrou|def|3\n|\n|-heal|p2a: Wigglytuff|411/411|[from] item: Leftovers\n|upkeep\n|turn|14\n|\n|t:|1768781936\n|move|p1a: Furfrou|Toxic|p2a: Wigglytuff\n|-status|p2a: Wigglytuff|tox\n|move|p2a: Wigglytuff|Dazzling Gleam|p1a: Furfrou\n|-damage|p1a: Furfrou|167/266\n|\n|-damage|p2a: Wigglytuff|386/411 tox|[from] psn\n|upkeep\n|turn|15\n|\n|t:|1768781947\n|move|p1a: Furfrou|Return|p2a: Wigglytuff\n|-damage|p2a: Wigglytuff|244/411 tox\n|move|p2a: Wigglytuff|Dazzling Gleam|p1a: Furfrou\n|-damage|p1a: Furfrou|76/266\n|\n|-heal|p2a: Wigglytuff|269/411 tox|[from] item: Leftovers\n|-damage|p2a: Wigglytuff|219/411 tox|[from] psn\n|upkeep\n|turn|16\n|\n|t:|1768781958\n|switch|p2a: Hydreigon|Hydreigon, L80, F|37/278\n|move|p1a: Furfrou|Rest|p1a: Furfrou\n|-status|p1a: Furfrou|slp|[from] move: Rest\n|-heal|p1a: Furfrou|266/266 slp|[silent]\n|-enditem|p1a: Furfrou|Chesto Berry|[eat]\n|-curestatus|p1a: Furfrou|slp|[msg]\n|\n|upkeep\n|turn|17\n|\n|t:|1768781979\n|switch|p2a: Wigglytuff|Wigglytuff, L93, M|219/411 tox\n|move|p1a: Furfrou|Return|p2a: Wigglytuff\n|-damage|p2a: Wigglytuff|92/411 tox\n|\n|-heal|p2a: Wigglytuff|117/411 tox|[from] item: Leftovers\n|-damage|p2a: Wigglytuff|92/411 tox|[from] psn\n|upkeep\n|turn|18\n|\n|t:|1768781991\n|move|p1a: Furfrou|Return|p2a: Wigglytuff\n|-damage|p2a: Wigglytuff|0 fnt\n|faint|p2a: Wigglytuff\n|\n|upkeep\n|\n|t:|1768781994\n|switch|p2a: Simisage|Simisage, L88, F|162/275\n|turn|19\n|\n|t:|1768781998\n|move|p2a: Simisage|Leaf Storm|p1a: Furfrou\n|-damage|p1a: Furfrou|87/266\n|-unboost|p2a: Simisage|spa|2\n|-damage|p2a: Simisage|135/275|[from] item: Life Orb\n|move|p1a: Furfrou|Rest|p1a: Furfrou\n|-status|p1a: Furfrou|slp|[from] move: Rest\n|-heal|p1a: Furfrou|266/266 slp|[silent]\n|\n|upkeep\n|turn|20\n|inactive|lirgol has 120 seconds left.\n|\n|t:|1768782012\n|switch|p2a: Sigilyph|Sigilyph, L83, M|255/255\n|cant|p1a: Furfrou|slp\n|\n|upkeep\n|turn|21\n|inactive|lirgol has 120 seconds left.\n|\n|t:|1768782027\n|cant|p1a: Furfrou|slp\n|move|p2a: Sigilyph|Air Slash|p1a: Furfrou\n|-damage|p1a: Furfrou|151/266 slp\n|\n|upkeep\n|turn|22\n|inactive|lirgol has 120 seconds left.\n|\n|t:|1768782037\n|switch|p1a: Alomomola|Alomomola, L85, F|419/419\n|switch|p2a: Simisage|Simisage, L88, F|135/275\n|\n|upkeep\n|turn|23\n|\n|t:|1768782045\n|move|p2a: Simisage|Leaf Storm|p1a: Alomomola\n|-supereffective|p1a: Alomomola\n|-crit|p1a: Alomomola\n|-damage|p1a: Alomomola|0 fnt\n|-unboost|p2a: Simisage|spa|2\n|faint|p1a: Alomomola\n|-damage|p2a: Simisage|108/275|[from] item: Life Orb\n|\n|upkeep\n|-message|lirgol forfeited.\n|\n|win|arboretums\n|raw|lirgol's rating: 1560 &rarr; <strong>1543</strong><br />(-17 for losing)\n|raw|arboretums's rating: 1621 &rarr; <strong>1638</strong><br />(+17 for winning)\n|l|☆lirgol\n|player|p1|\n", "inputlog": ">version 3bd1a1e329da8d286644078cfc9a9638fc7ea025\n>start {\"formatid\":\"gen6randombattle\",\"seed\":\"sodium,6b96434826e9f6002ca7da99d8e3713b\",\"rated\":\"Rated battle\"}\n>player p1 {\"name\":\"lirgol\",\"avatar\":\"hiker-gen4\",\"rating\":1560,\"seed\":\"sodium,1286db677048242b94c0bbf50cb4f6db\"}\n>player p2 {\"name\":\"arboretums\",\"avatar\":\"serena-masters2\",\"rating\":1621,\"seed\":\"sodium,8871963f7afea981e263bfff35048793\"}\n>p1 move uturn mega\n>p2 move fireblast\n>p1 switch 2\n>p1 move toxic\n>p2 switch 6\n>p1 switch 4\n>p2 move earthpower\n>p1 switch 2\n>p2 move darkpulse\n>p1 move hurricane\n>p2 move dracometeor\n>p1 switch 3\n>p1 move calmmind\n>p2 move darkpulse\n>p1 move calmmind\n>p2 switch 2\n>p1 move storedpower\n>p2 move knockoff\n>p1 switch 2\n>p1 move gunkshot\n>p2 move psychic\n>p2 switch 4\n>p1 switch 4\n>p2 move psyshock\n>p1 move rockblast\n>p2 switch 5\n>p1 move metalburst\n>p2 move superpower\n>p1 switch 5\n>p1 move cottonguard\n>p2 switch 6\n>p1 move toxic\n>p2 move dazzlinggleam\n>p1 move return\n>p2 move dazzlinggleam\n>p1 move rest\n>p2 switch 2\n>p1 move return\n>p2 switch 2\n>p1 move return\n>p2 move dazzlinggleam\n>p2 switch 6\n>p1 move rest\n>p2 move leafstorm\n>p1 move cottonguard\n>p2 switch 5\n>p1 move return\n>p2 move airslash\n>p1 switch 6\n>p2 switch 5\n>p1 move toxic\n>p2 move leafstorm\n>forcelose p1", "uploadtime": 1768782051, "views": 299, "formatid": "gen6randombattle", "rating": 1543, "private": 0, "password": null}