{"id": "gen6randombattle-2516537781", "format": "[Gen 6] Random Battle", "players": ["jbilbao082", "RNGgivethRNGtaketh"], "log": "|j|☆jbilbao082\n|j|☆RNGgivethRNGtaketh\n|t:|1768153358\n|gametype|singles\n|player|p1|jbilbao082|265|1552\n|player|p2|RNGgivethRNGtaketh|brock|1569\n|gen|6\n|tier|[Gen 6] Random Battle\n|rated|\n|rule|Sleep Clause Mod: Limit one foe put to sleep\n|rule|HP Percentage Mod: HP is shown in percentages\n|rule|Illusion Level Mod: Illusion disguises the Pokémon's true level\n|\n|t:|1768153358\n|teamsize|p1|6\n|teamsize|p2|6\n|start\n|switch|p1a: Jumpluff|Jumpluff, L90, M|281/281\n|switch|p2a: Hitmonlee|Hitmonlee, L86, M|226/226\n|turn|1\n|\n|t:|1768153374\n|switch|p2a: Cradily|Cradily, L89, M|298/298\n|move|p1a: Jumpluff|Substitute|p1a: Jumpluff\n|-start|p1a: Jumpluff|Substitute\n|-damage|p1a: Jumpluff|211/281\n|\n|upkeep\n|turn|2\n|\n|t:|1768153381\n|move|p1a: Jumpluff|Acrobatics|p2a: Cradily\n|-damage|p2a: Cradily|211/298\n|move|p2a: Cradily|Stone Edge|p1a: Jumpluff\n|-supereffective|p1a: Jumpluff\n|-end|p1a: Jumpluff|Substitute\n|\n|-heal|p2a: Cradily|229/298|[from] item: Leftovers\n|upkeep\n|turn|3\n|\n|t:|1768153404\n|switch|p1a: Regirock|Regirock, L86|278/278\n|move|p2a: Cradily|Curse|p2a: Cradily\n|-unboost|p2a: Cradily|spe|1\n|-boost|p2a: Cradily|atk|1\n|-boost|p2a: Cradily|def|1\n|\n|-heal|p2a: Cradily|247/298|[from] item: Leftovers\n|upkeep\n|turn|4\n|\n|t:|1768153412\n|move|p1a: Regirock|Thunder Wave|p2a: Cradily\n|-status|p2a: Cradily|par\n|move|p2a: Cradily|Earthquake|p1a: Regirock\n|-supereffective|p1a: Regirock\n|-damage|p1a: Regirock|166/278\n|\n|-heal|p1a: Regirock|183/278|[from] item: Leftovers\n|-heal|p2a: Cradily|265/298 par|[from] item: Leftovers\n|upkeep\n|turn|5\n|\n|t:|1768153416\n|move|p1a: Regirock|Stealth Rock|p2a: Cradily\n|-sidestart|p2: RNGgivethRNGtaketh|move: Stealth Rock\n|cant|p2a: Cradily|par\n|\n|-heal|p1a: Regirock|200/278|[from] item: Leftovers\n|-heal|p2a: Cradily|283/298 par|[from] item: Leftovers\n|upkeep\n|turn|6\n|\n|t:|1768153420\n|move|p1a: Regirock|Drain Punch|p2a: Cradily\n|-supereffective|p2a: Cradily\n|-damage|p2a: Cradily|221/298 par\n|-heal|p1a: Regirock|231/278|[from] drain|[of] p2a: Cradily\n|move|p2a: Cradily|Curse|p2a: Cradily\n|-unboost|p2a: Cradily|spe|1\n|-boost|p2a: Cradily|atk|1\n|-boost|p2a: Cradily|def|1\n|\n|-heal|p1a: Regirock|248/278|[from] item: Leftovers\n|-heal|p2a: Cradily|239/298 par|[from] item: Leftovers\n|upkeep\n|turn|7\n|\n|t:|1768153423\n|move|p1a: Regirock|Drain Punch|p2a: Cradily\n|-supereffective|p2a: Cradily\n|-damage|p2a: Cradily|187/298 par\n|-heal|p1a: Regirock|274/278|[from] drain|[of] p2a: Cradily\n|move|p2a: Cradily|Curse|p2a: Cradily\n|-unboost|p2a: Cradily|spe|1\n|-boost|p2a: Cradily|atk|1\n|-boost|p2a: Cradily|def|1\n|\n|-heal|p1a: Regirock|278/278|[from] item: Leftovers\n|-heal|p2a: Cradily|205/298 par|[from] item: Leftovers\n|upkeep\n|turn|8\n|\n|t:|1768153428\n|move|p1a: Regirock|Drain Punch|p2a: Cradily\n|-supereffective|p2a: Cradily\n|-damage|p2a: Cradily|163/298 par\n|move|p2a: Cradily|Stone Edge|p1a: Regirock\n|-damage|p1a: Regirock|160/278\n|\n|-heal|p1a: Regirock|177/278|[from] item: Leftovers\n|-heal|p2a: Cradily|181/298 par|[from] item: Leftovers\n|upkeep\n|turn|9\n|\n|t:|1768153431\n|move|p1a: Regirock|Drain Punch|p2a: Cradily\n|-supereffective|p2a: Cradily\n|-damage|p2a: Cradily|139/298 par\n|-heal|p1a: Regirock|198/278|[from] drain|[of] p2a: Cradily\n|move|p2a: Cradily|Recover|p2a: Cradily\n|-heal|p2a: Cradily|288/298 par\n|\n|-heal|p1a: Regirock|215/278|[from] item: Leftovers\n|-heal|p2a: Cradily|298/298 par|[from] item: Leftovers\n|upkeep\n|turn|10\n|\n|t:|1768153453\n|switch|p1a: Jumpluff|Jumpluff, L90, M|211/281\n|move|p2a: Cradily|Earthquake|p1a: Jumpluff\n|-immune|p1a: Jumpluff\n|\n|upkeep\n|turn|11\n|\n|t:|1768153463\n|move|p1a: Jumpluff|Substitute|p1a: Jumpluff\n|-start|p1a: Jumpluff|Substitute\n|-damage|p1a: Jumpluff|141/281\n|cant|p2a: Cradily|par\n|\n|upkeep\n|turn|12\n|\n|t:|1768153471\n|move|p1a: Jumpluff|Acrobatics|p2a: Cradily\n|-damage|p2a: Cradily|268/298 par\n|move|p2a: Cradily|Stone Edge|p1a: Jumpluff|[miss]\n|-miss|p2a: Cradily|p1a: Jumpluff\n|\n|-heal|p2a: Cradily|286/298 par|[from] item: Leftovers\n|upkeep\n|turn|13\n|\n|t:|1768153480\n|switch|p2a: Spiritomb|Spiritomb, L88, F|231/231\n|-damage|p2a: Spiritomb|203/231|[from] Stealth Rock\n|move|p1a: Jumpluff|Acrobatics|p2a: Spiritomb\n|-damage|p2a: Spiritomb|125/231\n|\n|upkeep\n|turn|14\n|\n|t:|1768153494\n|switch|p1a: Reshiram|Reshiram, L73|266/266\n|-ability|p1a: Reshiram|Turboblaze\n|move|p2a: Spiritomb|Foul Play|p1a: Reshiram\n|-damage|p1a: Reshiram|151/266\n|\n|-heal|p1a: Reshiram|167/266|[from] item: Leftovers\n|upkeep\n|turn|15\n|\n|t:|1768153500\n|move|p1a: Reshiram|Blue Flare|p2a: Spiritomb\n|-damage|p2a: Spiritomb|0 fnt\n|faint|p2a: Spiritomb\n|\n|-heal|p1a: Reshiram|183/266|[from] item: Leftovers\n|upkeep\n|inactive|Battle timer is ON: inactive players will automatically lose when time's up. (requested by jbilbao082)\n|\n|t:|1768153505\n|switch|p2a: Cradily|Cradily, L89, M|286/298 par\n|-damage|p2a: Cradily|249/298 par|[from] Stealth Rock\n|turn|16\n|\n|t:|1768153508\n|move|p1a: Reshiram|Blue Flare|p2a: Cradily\n|-damage|p2a: Cradily|122/298 par\n|move|p2a: Cradily|Stone Edge|p1a: Reshiram\n|-supereffective|p1a: Reshiram\n|-damage|p1a: Reshiram|0 fnt\n|faint|p1a: Reshiram\n|\n|-heal|p2a: Cradily|140/298 par|[from] item: Leftovers\n|upkeep\n|\n|t:|1768153520\n|switch|p1a: Jumpluff|Jumpluff, L90, M|141/281\n|turn|17\n|\n|t:|1768153524\n|move|p1a: Jumpluff|Substitute|p1a: Jumpluff\n|-start|p1a: Jumpluff|Substitute\n|-damage|p1a: Jumpluff|71/281\n|move|p2a: Cradily|Recover|p2a: Cradily\n|-heal|p2a: Cradily|289/298 par\n|\n|-heal|p2a: Cradily|298/298 par|[from] item: Leftovers\n|upkeep\n|turn|18\n|\n|t:|1768153543\n|move|p1a: Jumpluff|Acrobatics|p2a: Cradily\n|-damage|p2a: Cradily|217/298 par\n|cant|p2a: Cradily|par\n|\n|-heal|p2a: Cradily|235/298 par|[from] item: Leftovers\n|upkeep\n|turn|19\n|\n|t:|1768153549\n|move|p1a: Jumpluff|Acrobatics|p2a: Cradily\n|-damage|p2a: Cradily|153/298 par\n|move|p2a: Cradily|Stone Edge|p1a: Jumpluff\n|-supereffective|p1a: Jumpluff\n|-end|p1a: Jumpluff|Substitute\n|\n|-heal|p2a: Cradily|171/298 par|[from] item: Leftovers\n|upkeep\n|turn|20\n|\n|t:|1768153556\n|move|p1a: Jumpluff|Protect|p1a: Jumpluff\n|-singleturn|p1a: Jumpluff|Protect\n|move|p2a: Cradily|Recover|p2a: Cradily\n|-heal|p2a: Cradily|298/298 par\n|\n|upkeep\n|turn|21\n|\n|t:|1768153562\n|move|p1a: Jumpluff|Substitute|p1a: Jumpluff\n|-start|p1a: Jumpluff|Substitute\n|-damage|p1a: Jumpluff|1/281\n|cant|p2a: Cradily|par\n|\n|upkeep\n|turn|22\n|\n|t:|1768153569\n|move|p1a: Jumpluff|Acrobatics|p2a: Cradily\n|-damage|p2a: Cradily|219/298 par\n|cant|p2a: Cradily|par\n|\n|-heal|p2a: Cradily|237/298 par|[from] item: Leftovers\n|upkeep\n|turn|23\n|\n|t:|1768153574\n|move|p1a: Jumpluff|Acrobatics|p2a: Cradily\n|-damage|p2a: Cradily|155/298 par\n|cant|p2a: Cradily|par\n|\n|-heal|p2a: Cradily|173/298 par|[from] item: Leftovers\n|upkeep\n|turn|24\n|\n|t:|1768153580\n|move|p1a: Jumpluff|Acrobatics|p2a: Cradily\n|-crit|p2a: Cradily\n|-damage|p2a: Cradily|55/298 par\n|move|p2a: Cradily|Recover|p2a: Cradily\n|-heal|p2a: Cradily|204/298 par\n|\n|-heal|p2a: Cradily|222/298 par|[from] item: Leftovers\n|upkeep\n|turn|25\n|\n|t:|1768153584\n|move|p1a: Jumpluff|Acrobatics|p2a: Cradily\n|-damage|p2a: Cradily|146/298 par\n|move|p2a: Cradily|Curse|p2a: Cradily\n|-unboost|p2a: Cradily|spe|1\n|-boost|p2a: Cradily|atk|1\n|-boost|p2a: Cradily|def|1\n|\n|-heal|p2a: Cradily|164/298 par|[from] item: Leftovers\n|upkeep\n|turn|26\n|\n|t:|1768153588\n|move|p1a: Jumpluff|Acrobatics|p2a: Cradily\n|-damage|p2a: Cradily|112/298 par\n|cant|p2a: Cradily|par\n|\n|-heal|p2a: Cradily|130/298 par|[from] item: Leftovers\n|upkeep\n|turn|27\n|\n|t:|1768153592\n|move|p1a: Jumpluff|Acrobatics|p2a: Cradily\n|-damage|p2a: Cradily|75/298 par\n|cant|p2a: Cradily|par\n|\n|-heal|p2a: Cradily|93/298 par|[from] item: Leftovers\n|upkeep\n|turn|28\n|\n|t:|1768153595\n|move|p1a: Jumpluff|Acrobatics|p2a: Cradily\n|-damage|p2a: Cradily|41/298 par\n|move|p2a: Cradily|Recover|p2a: Cradily\n|-heal|p2a: Cradily|190/298 par\n|\n|-heal|p2a: Cradily|208/298 par|[from] item: Leftovers\n|upkeep\n|turn|29\n|\n|t:|1768153603\n|move|p1a: Jumpluff|Acrobatics|p2a: Cradily\n|-damage|p2a: Cradily|159/298 par\n|move|p2a: Cradily|Curse|p2a: Cradily\n|-unboost|p2a: Cradily|spe|1\n|-boost|p2a: Cradily|atk|1\n|-boost|p2a: Cradily|def|1\n|\n|-heal|p2a: Cradily|177/298 par|[from] item: Leftovers\n|upkeep\n|turn|30\n|\n|t:|1768153608\n|move|p1a: Jumpluff|Acrobatics|p2a: Cradily\n|-damage|p2a: Cradily|137/298 par\n|cant|p2a: Cradily|par\n|\n|-heal|p2a: Cradily|155/298 par|[from] item: Leftovers\n|upkeep\n|turn|31\n|\n|t:|1768153612\n|move|p1a: Jumpluff|Acrobatics|p2a: Cradily\n|-damage|p2a: Cradily|115/298 par\n|move|p2a: Cradily|Recover|p2a: Cradily\n|-heal|p2a: Cradily|264/298 par\n|\n|-heal|p2a: Cradily|282/298 par|[from] item: Leftovers\n|upkeep\n|turn|32\n|\n|t:|1768153616\n|move|p1a: Jumpluff|Acrobatics|p2a: Cradily\n|-damage|p2a: Cradily|239/298 par\n|move|p2a: Cradily|Curse|p2a: Cradily\n|-unboost|p2a: Cradily|spe|1\n|-boost|p2a: Cradily|atk|1\n|-boost|p2a: Cradily|def|1\n|\n|-heal|p2a: Cradily|257/298 par|[from] item: Leftovers\n|upkeep\n|turn|33\n|\n|t:|1768153627\n|move|p1a: Jumpluff|Acrobatics|p2a: Cradily\n|-damage|p2a: Cradily|224/298 par\n|move|p2a: Cradily|Curse|p2a: Cradily\n|-unboost|p2a: Cradily|spe|1\n|-boost|p2a: Cradily|atk|1\n|-boost|p2a: Cradily|def|1\n|\n|-heal|p2a: Cradily|242/298 par|[from] item: Leftovers\n|upkeep\n|turn|34\n|\n|t:|1768153632\n|move|p1a: Jumpluff|Acrobatics|p2a: Cradily\n|-damage|p2a: Cradily|214/298 par\n|move|p2a: Cradily|Curse|p2a: Cradily\n|-unboost|p2a: Cradily|spe|1\n|-boost|p2a: Cradily|atk|1\n|-boost|p2a: Cradily|def|1\n|\n|-heal|p2a: Cradily|232/298 par|[from] item: Leftovers\n|upkeep\n|turn|35\n|\n|t:|1768153635\n|move|p1a: Jumpluff|Acrobatics|p2a: Cradily\n|-damage|p2a: Cradily|208/298 par\n|move|p2a: Cradily|Curse|p2a: Cradily\n|-unboost|p2a: Cradily|spe|1\n|-boost|p2a: Cradily|atk|1\n|-boost|p2a: Cradily|def|1\n|\n|-heal|p2a: Cradily|226/298 par|[from] item: Leftovers\n|upkeep\n|turn|36\n|\n|t:|1768153640\n|move|p1a: Jumpluff|Acrobatics|p2a: Cradily\n|-damage|p2a: Cradily|205/298 par\n|move|p2a: Cradily|Stone Edge|p1a: Jumpluff|[miss]\n|-miss|p2a: Cradily|p1a: Jumpluff\n|\n|-heal|p2a: Cradily|223/298 par|[from] item: Leftovers\n|upkeep\n|turn|37\n|\n|t:|1768153648\n|move|p1a: Jumpluff|Acrobatics|p2a: Cradily\n|-damage|p2a: Cradily|204/298 par\n|move|p2a: Cradily|Recover|p2a: Cradily\n|-heal|p2a: Cradily|298/298 par\n|\n|upkeep\n|turn|38\n|\n|t:|1768153652\n|move|p1a: Jumpluff|Acrobatics|p2a: Cradily\n|-damage|p2a: Cradily|276/298 par\n|move|p2a: Cradily|Stone Edge|p1a: Jumpluff\n|-supereffective|p1a: Jumpluff\n|-crit|p1a: Jumpluff\n|-end|p1a: Jumpluff|Substitute\n|\n|-heal|p2a: Cradily|294/298 par|[from] item: Leftovers\n|upkeep\n|turn|39\n|\n|t:|1768153659\n|move|p1a: Jumpluff|Protect|p1a: Jumpluff\n|-singleturn|p1a: Jumpluff|Protect\n|move|p2a: Cradily|Stone Edge|p1a: Jumpluff\n|-activate|p1a: Jumpluff|move: Protect\n|\n|-heal|p2a: Cradily|298/298 par|[from] item: Leftovers\n|upkeep\n|turn|40\n|\n|t:|1768153689\n|switch|p1a: Torkoal|Torkoal, L88, M|266/266\n|switch|p2a: Azelf|Azelf, L80|251/251\n|-damage|p2a: Azelf|220/251|[from] Stealth Rock\n|\n|-heal|p2a: Azelf|235/251|[from] item: Leftovers\n|upkeep\n|turn|41\n|\n|t:|1768153700\n|switch|p1a: Hypno|Hypno, L96, F|319/319\n|move|p2a: Azelf|Psychic|p1a: Hypno\n|-resisted|p1a: Hypno\n|-damage|p1a: Hypno|277/319\n|\n|-heal|p2a: Azelf|250/251|[from] item: Leftovers\n|-heal|p1a: Hypno|296/319|[from] item: Leftovers\n|upkeep\n|turn|42\n|\n|t:|1768153705\n|move|p2a: Azelf|Stealth Rock|p1a: Hypno\n|-sidestart|p1: jbilbao082|move: Stealth Rock\n|move|p1a: Hypno|Seismic Toss|p2a: Azelf\n|-damage|p2a: Azelf|154/251\n|\n|-heal|p2a: Azelf|169/251|[from] item: Leftovers\n|-heal|p1a: Hypno|315/319|[from] item: Leftovers\n|upkeep\n|turn|43\n|\n|t:|1768153709\n|move|p2a: Azelf|U-turn|p1a: Hypno\n|-supereffective|p1a: Hypno\n|-damage|p1a: Hypno|209/319\n|\n|t:|1768153716\n|switch|p2a: Hitmonlee|Hitmonlee, L86, M|226/226|[from] U-turn\n|-damage|p2a: Hitmonlee|212/226|[from] Stealth Rock\n|move|p1a: Hypno|Seismic Toss|p2a: Hitmonlee\n|-damage|p2a: Hitmonlee|116/226\n|\n|-heal|p1a: Hypno|228/319|[from] item: Leftovers\n|upkeep\n|turn|44\n|\n|t:|1768153731\n|move|p2a: Hitmonlee|Bulk Up|p2a: Hitmonlee\n|-boost|p2a: Hitmonlee|atk|1\n|-boost|p2a: Hitmonlee|def|1\n|move|p1a: Hypno|Wish|p1a: Hypno\n|\n|-heal|p1a: Hypno|247/319|[from] item: Leftovers\n|upkeep\n|turn|45\n|\n|t:|1768153737\n|move|p2a: Hitmonlee|Knock Off|p1a: Hypno\n|-supereffective|p1a: Hypno\n|-damage|p1a: Hypno|5/319\n|-enditem|p1a: Hypno|Leftovers|[from] move: Knock Off|[of] p2a: Hitmonlee\n|move|p1a: Hypno|Toxic|p2a: Hitmonlee\n|-status|p2a: Hitmonlee|tox\n|\n|-heal|p1a: Hypno|164/319|[from] move: Wish|[wisher] Hypno\n|-damage|p2a: Hitmonlee|102/226 tox|[from] psn\n|upkeep\n|turn|46\n|\n|t:|1768153741\n|move|p1a: Hypno|Protect|p1a: Hypno\n|-singleturn|p1a: Hypno|Protect\n|move|p2a: Hitmonlee|Bulk Up|p2a: Hitmonlee\n|-boost|p2a: Hitmonlee|atk|1\n|-boost|p2a: Hitmonlee|def|1\n|\n|-damage|p2a: Hitmonlee|74/226 tox|[from] psn\n|upkeep\n|turn|47\n|\n|t:|1768153746\n|switch|p1a: Jumpluff|Jumpluff, L90, M|1/281\n|-damage|p1a: Jumpluff|0 fnt|[from] Stealth Rock\n|faint|p1a: Jumpluff\n|move|p2a: Hitmonlee|Knock Off|p1: Jumpluff|[notarget]\n|-fail|p2a: Hitmonlee\n|\n|-damage|p2a: Hitmonlee|32/226 tox|[from] psn\n|upkeep\n|\n|t:|1768153753\n|switch|p1a: Hypno|Hypno, L96, F|164/319\n|-damage|p1a: Hypno|125/319|[from] Stealth Rock\n|turn|48\n|\n|t:|1768153761\n|move|p1a: Hypno|Protect|p1a: Hypno\n|-singleturn|p1a: Hypno|Protect\n|move|p2a: Hitmonlee|Knock Off|p1a: Hypno\n|-activate|p1a: Hypno|move: Protect\n|\n|-damage|p2a: Hitmonlee|0 fnt|[from] psn\n|faint|p2a: Hitmonlee\n|upkeep\n|\n|t:|1768153763\n|switch|p2a: Absol|Absol, L80, M|235/235\n|-damage|p2a: Absol|206/235|[from] Stealth Rock\n|turn|49\n|\n|t:|1768153770\n|switch|p1a: Torkoal|Torkoal, L88, M|266/266\n|-damage|p1a: Torkoal|200/266|[from] Stealth Rock\n|detailschange|p2a: Absol|Absol-Mega, L80, M\n|-mega|p2a: Absol|Absol|Absolite\n|move|p2a: Absol|Swords Dance|p2a: Absol\n|-boost|p2a: Absol|atk|2\n|\n|-heal|p1a: Torkoal|216/266|[from] item: Leftovers\n|upkeep\n|turn|50\n|\n|t:|1768153779\n|move|p2a: Absol|Knock Off|p1a: Torkoal\n|-damage|p1a: Torkoal|39/266\n|-enditem|p1a: Torkoal|Leftovers|[from] move: Knock Off|[of] p2a: Absol\n|move|p1a: Torkoal|Lava Plume|p2a: Absol\n|-damage|p2a: Absol|94/235\n|-status|p2a: Absol|brn\n|\n|-damage|p2a: Absol|65/235 brn|[from] brn\n|upkeep\n|turn|51\n|\n|t:|1768153783\n|move|p2a: Absol|Knock Off|p1a: Torkoal\n|-damage|p1a: Torkoal|0 fnt\n|faint|p1a: Torkoal\n|\n|-damage|p2a: Absol|36/235 brn|[from] brn\n|upkeep\n|\n|t:|1768153791\n|switch|p1a: Regirock|Regirock, L86|215/278\n|-damage|p1a: Regirock|181/278|[from] Stealth Rock\n|turn|52\n|\n|t:|1768153798\n|move|p2a: Absol|Knock Off|p1a: Regirock\n|-damage|p1a: Regirock|118/278\n|-enditem|p1a: Regirock|Leftovers|[from] move: Knock Off|[of] p2a: Absol\n|move|p1a: Regirock|Drain Punch|p2a: Absol\n|-supereffective|p2a: Absol\n|-damage|p2a: Absol|0 fnt\n|-heal|p1a: Regirock|136/278|[from] drain|[of] p2a: Absol\n|faint|p2a: Absol\n|detailschange|p2: Absol|Absol, L80, M|[silent]\n|\n|upkeep\n|\n|t:|1768153807\n|switch|p2a: Cradily|Cradily, L89, M|298/298 par\n|-damage|p2a: Cradily|261/298 par|[from] Stealth Rock\n|turn|53\n|\n|t:|1768153818\n|move|p1a: Regirock|Drain Punch|p2a: Cradily\n|-supereffective|p2a: Cradily\n|-damage|p2a: Cradily|167/298 par\n|-heal|p1a: Regirock|183/278|[from] drain|[of] p2a: Cradily\n|move|p2a: Cradily|Curse|p2a: Cradily\n|-unboost|p2a: Cradily|spe|1\n|-boost|p2a: Cradily|atk|1\n|-boost|p2a: Cradily|def|1\n|\n|-heal|p2a: Cradily|185/298 par|[from] item: Leftovers\n|upkeep\n|turn|54\n|\n|t:|1768153826\n|move|p1a: Regirock|Drain Punch|p2a: Cradily\n|-supereffective|p2a: Cradily\n|-damage|p2a: Cradily|121/298 par\n|-heal|p1a: Regirock|215/278|[from] drain|[of] p2a: Cradily\n|move|p2a: Cradily|Recover|p2a: Cradily\n|-heal|p2a: Cradily|270/298 par\n|\n|-heal|p2a: Cradily|288/298 par|[from] item: Leftovers\n|upkeep\n|turn|55\n|\n|t:|1768153829\n|move|p1a: Regirock|Drain Punch|p2a: Cradily\n|-supereffective|p2a: Cradily\n|-damage|p2a: Cradily|218/298 par\n|-heal|p1a: Regirock|250/278|[from] drain|[of] p2a: Cradily\n|cant|p2a: Cradily|par\n|\n|-heal|p2a: Cradily|236/298 par|[from] item: Leftovers\n|upkeep\n|turn|56\n|\n|t:|1768153832\n|move|p1a: Regirock|Drain Punch|p2a: Cradily\n|-supereffective|p2a: Cradily\n|-crit|p2a: Cradily\n|-damage|p2a: Cradily|96/298 par\n|-heal|p1a: Regirock|278/278|[from] drain|[of] p2a: Cradily\n|move|p2a: Cradily|Curse|p2a: Cradily\n|-unboost|p2a: Cradily|spe|1\n|-boost|p2a: Cradily|atk|1\n|-boost|p2a: Cradily|def|1\n|\n|-heal|p2a: Cradily|114/298 par|[from] item: Leftovers\n|upkeep\n|turn|57\n|\n|t:|1768153834\n|move|p1a: Regirock|Drain Punch|p2a: Cradily\n|-supereffective|p2a: Cradily\n|-damage|p2a: Cradily|64/298 par\n|move|p2a: Cradily|Recover|p2a: Cradily\n|-heal|p2a: Cradily|213/298 par\n|\n|-heal|p2a: Cradily|231/298 par|[from] item: Leftovers\n|upkeep\n|turn|58\n|\n|t:|1768153837\n|move|p1a: Regirock|Drain Punch|p2a: Cradily\n|-supereffective|p2a: Cradily\n|-damage|p2a: Cradily|177/298 par\n|move|p2a: Cradily|Curse|p2a: Cradily\n|-unboost|p2a: Cradily|spe|1\n|-boost|p2a: Cradily|atk|1\n|-boost|p2a: Cradily|def|1\n|\n|-heal|p2a: Cradily|195/298 par|[from] item: Leftovers\n|upkeep\n|turn|59\n|\n|t:|1768153839\n|move|p1a: Regirock|Drain Punch|p2a: Cradily\n|-supereffective|p2a: Cradily\n|-damage|p2a: Cradily|153/298 par\n|cant|p2a: Cradily|par\n|\n|-heal|p2a: Cradily|171/298 par|[from] item: Leftovers\n|upkeep\n|turn|60\n|\n|t:|1768153844\n|move|p1a: Regirock|Drain Punch|p2a: Cradily\n|-supereffective|p2a: Cradily\n|-damage|p2a: Cradily|131/298 par\n|move|p2a: Cradily|Recover|p2a: Cradily\n|-heal|p2a: Cradily|280/298 par\n|\n|-heal|p2a: Cradily|298/298 par|[from] item: Leftovers\n|upkeep\n|turn|61\n|\n|t:|1768153851\n|move|p1a: Regirock|Drain Punch|p2a: Cradily\n|-supereffective|p2a: Cradily\n|-damage|p2a: Cradily|254/298 par\n|cant|p2a: Cradily|par\n|\n|-heal|p2a: Cradily|272/298 par|[from] item: Leftovers\n|upkeep\n|turn|62\n|\n|t:|1768153856\n|move|p1a: Regirock|Drain Punch|p2a: Cradily\n|-supereffective|p2a: Cradily\n|-damage|p2a: Cradily|230/298 par\n|cant|p2a: Cradily|par\n|\n|-heal|p2a: Cradily|248/298 par|[from] item: Leftovers\n|upkeep\n|turn|63\n|\n|t:|1768153871\n|move|p1a: Regirock|Drain Punch|p2a: Cradily\n|-supereffective|p2a: Cradily\n|-damage|p2a: Cradily|202/298 par\n|cant|p2a: Cradily|par\n|\n|-heal|p2a: Cradily|220/298 par|[from] item: Leftovers\n|upkeep\n|turn|64\n|c|☆RNGgivethRNGtaketh|Crazy that the paralyze actually sends up be helping me\n|\n|t:|1768153889\n|move|p1a: Regirock|Stone Edge|p2a: Cradily|[miss]\n|-miss|p1a: Regirock|p2a: Cradily\n|move|p2a: Cradily|Curse|p2a: Cradily\n|-unboost|p2a: Cradily|spe|1\n|-boost|p2a: Cradily|atk|1\n|-boost|p2a: Cradily|def|1\n|\n|-heal|p2a: Cradily|238/298 par|[from] item: Leftovers\n|upkeep\n|turn|65\n|\n|t:|1768153902\n|move|p1a: Regirock|Stone Edge|p2a: Cradily\n|-damage|p2a: Cradily|207/298 par\n|cant|p2a: Cradily|par\n|\n|-heal|p2a: Cradily|225/298 par|[from] item: Leftovers\n|upkeep\n|turn|66\n|\n|t:|1768153906\n|move|p1a: Regirock|Stone Edge|p2a: Cradily\n|-damage|p2a: Cradily|191/298 par\n|move|p2a: Cradily|Earthquake|p1a: Regirock\n|-supereffective|p1a: Regirock\n|-damage|p1a: Regirock|84/278\n|\n|-heal|p2a: Cradily|209/298 par|[from] item: Leftovers\n|upkeep\n|turn|67\n|\n|t:|1768153910\n|move|p1a: Regirock|Stone Edge|p2a: Cradily\n|-damage|p2a: Cradily|173/298 par\n|move|p2a: Cradily|Recover|p2a: Cradily\n|-heal|p2a: Cradily|298/298 par\n|\n|upkeep\n|turn|68\n|\n|t:|1768153915\n|move|p1a: Regirock|Stone Edge|p2a: Cradily|[miss]\n|-miss|p1a: Regirock|p2a: Cradily\n|move|p2a: Cradily|Curse|p2a: Cradily\n|-unboost|p2a: Cradily|spe|1\n|-boost|p2a: Cradily|atk|1\n|-boost|p2a: Cradily|def|1\n|\n|upkeep\n|turn|69\n|\n|t:|1768153923\n|move|p1a: Regirock|Stone Edge|p2a: Cradily\n|-damage|p2a: Cradily|270/298 par\n|move|p2a: Cradily|Curse|p2a: Cradily\n|-unboost|p2a: Cradily|spe|1\n|-boost|p2a: Cradily|atk|1\n|-boost|p2a: Cradily|def|1\n|\n|-heal|p2a: Cradily|288/298 par|[from] item: Leftovers\n|upkeep\n|turn|70\n|\n|t:|1768153927\n|move|p1a: Regirock|Stone Edge|p2a: Cradily|[miss]\n|-miss|p1a: Regirock|p2a: Cradily\n|cant|p2a: Cradily|par\n|\n|-heal|p2a: Cradily|298/298 par|[from] item: Leftovers\n|upkeep\n|turn|71\n|\n|t:|1768153932\n|move|p1a: Regirock|Stone Edge|p2a: Cradily\n|-crit|p2a: Cradily\n|-damage|p2a: Cradily|135/298 par\n|move|p2a: Cradily|Recover|p2a: Cradily\n|-heal|p2a: Cradily|284/298 par\n|\n|-heal|p2a: Cradily|298/298 par|[from] item: Leftovers\n|upkeep\n|turn|72\n|\n|t:|1768153936\n|move|p1a: Regirock|Thunder Wave|p2a: Cradily\n|-fail|p2a: Cradily|par\n|move|p2a: Cradily|Earthquake|p1a: Regirock\n|-supereffective|p1a: Regirock\n|-damage|p1a: Regirock|0 fnt\n|faint|p1a: Regirock\n|\n|upkeep\n|\n|t:|1768153945\n|switch|p1a: Cinccino|Cinccino, L82, F|257/257\n|-damage|p1a: Cinccino|225/257|[from] Stealth Rock\n|turn|73\n|\n|t:|1768153952\n|move|p1a: Cinccino|Bullet Seed|p2a: Cradily\n|-damage|p2a: Cradily|292/298 par\n|-damage|p2a: Cradily|286/298 par\n|-damage|p2a: Cradily|280/298 par\n|-crit|p2a: Cradily\n|-damage|p2a: Cradily|249/298 par\n|-damage|p2a: Cradily|244/298 par\n|-hitcount|p2a: Cradily|5\n|move|p2a: Cradily|Earthquake|p1a: Cinccino\n|-damage|p1a: Cinccino|0 fnt\n|faint|p1a: Cinccino\n|\n|-heal|p2a: Cradily|262/298 par|[from] item: Leftovers\n|upkeep\n|\n|t:|1768153954\n|switch|p1a: Hypno|Hypno, L96, F|125/319\n|-damage|p1a: Hypno|86/319|[from] Stealth Rock\n|turn|74\n|-message|jbilbao082 forfeited.\n|\n|win|RNGgivethRNGtaketh\n|raw|jbilbao082's rating: 1552 &rarr; <strong>1533</strong><br />(-19 for losing)\n|raw|RNGgivethRNGtaketh's rating: 1569 &rarr; <strong>1588</strong><br />(+19 for winning)\n|l|☆jbilbao082\n|player|p1|\n", "inputlog": ">version f2883557ca71b1a14bc1039fd307aee7de4ab455\n>start {\"formatid\":\"gen6randombattle\",\"seed\":\"sodium,aa1e495b048dfc411678e1752222c242\",\"rated\":\"Rated battle\"}\n>player p1 {\"name\":\"jbilbao082\",\"avatar\":\"265\",\"rating\":1552,\"seed\":\"sodium,8117fb87786b43c167dd28cc55d6295d\"}\n>player p2 {\"name\":\"RNGgivethRNGtaketh\",\"avatar\":\"brock\",\"rating\":1569,\"seed\":\"sodium,7d33a7cc6206c1fb604f6b70dbda2ca6\"}\n>p1 move substitute\n>p2 switch 4\n>p1 move acrobatics\n>p2 move stoneedge\n>p1 switch 3\n>p2 move curse\n>p1 move thunderwave\n>p2 move earthquake\n>p1 move stealthrock\n>p2 move curse\n>p1 move drainpunch\n>p2 move curse\n>p1 move drainpunch\n>p2 move curse\n>p1 move drainpunch\n>p2 move stoneedge\n>p1 move drainpunch\n>p2 move recover\n>p1 switch 3\n>p2 move earthquake\n>p1 move substitute\n>p2 move stoneedge\n>p1 move acrobatics\n>p2 move stoneedge\n>p1 move acrobatics\n>p2 switch 6\n>p1 switch 4\n>p2 move foulplay\n>p1 move blueflare\n>p2 move foulplay\n>p2 switch 6\n>p1 move blueflare\n>p2 move stoneedge\n>p1 switch 4\n>p1 move substitute\n>p2 move recover\n>p1 move acrobatics\n>p2 move curse\n>p1 move acrobatics\n>p2 move stoneedge\n>p1 move protect\n>p2 move recover\n>p1 move substitute\n>p2 move stoneedge\n>p1 move acrobatics\n>p2 move stoneedge\n>p1 move acrobatics\n>p2 move curse\n>p1 move acrobatics\n>p2 move recover\n>p1 move acrobatics\n>p2 move curse\n>p1 move acrobatics\n>p2 move recover\n>p1 move acrobatics\n>p2 move recover\n>p1 move acrobatics\n>p2 move recover\n>p1 move acrobatics\n>p2 move curse\n>p1 move acrobatics\n>p2 move recover\n>p1 move acrobatics\n>p2 move recover\n>p1 move acrobatics\n>p2 move curse\n>p1 move acrobatics\n>p2 move curse\n>p1 move acrobatics\n>p2 move curse\n>p1 move acrobatics\n>p2 move curse\n>p1 move acrobatics\n>p2 move stoneedge\n>p1 move acrobatics\n>p2 move recover\n>p1 move acrobatics\n>p2 move stoneedge\n>p1 move protect\n>p2 move stoneedge\n>p1 switch 6\n>p2 switch 3\n>p1 switch 2\n>p2 move psychic\n>p1 move seismictoss\n>p2 move stealthrock\n>p1 move seismictoss\n>p2 move uturn\n>p2 switch 4\n>p1 move wish\n>p2 move bulkup\n>p1 move toxic\n>p2 move knockoff\n>p1 move protect\n>p2 move bulkup\n>p1 switch 6\n>p2 move knockoff\n>p1 switch 6\n>p1 move protect\n>p2 move knockoff\n>p2 switch 5\n>p1 switch 2\n>p2 move swordsdance mega\n>p1 move lavaplume\n>p2 move knockoff\n>p1 move lavaplume\n>p2 move knockoff\n>p1 switch 3\n>p1 move drainpunch\n>p2 move knockoff\n>p2 switch 3\n>p1 move drainpunch\n>p2 move curse\n>p1 move drainpunch\n>p2 move recover\n>p1 move drainpunch\n>p2 move curse\n>p1 move drainpunch\n>p2 move curse\n>p1 move drainpunch\n>p2 move recover\n>p1 move drainpunch\n>p2 move curse\n>p1 move drainpunch\n>p2 move curse\n>p1 move drainpunch\n>p2 move recover\n>p1 move drainpunch\n>p2 move curse\n>p1 move drainpunch\n>p2 move curse\n>p1 move drainpunch\n>p2 move curse\n>chat ☆RNGgivethRNGtaketh|Crazy that the paralyze actually sends up be helping me\n>p1 move stoneedge\n>p2 move curse\n>p1 move stoneedge\n>p2 move earthquake\n>p1 move stoneedge\n>p2 move earthquake\n>p1 move stoneedge\n>p2 move recover\n>p1 move stoneedge\n>p2 move curse\n>p1 move stoneedge\n>p2 move curse\n>p1 move stoneedge\n>p2 move earthquake\n>p1 move stoneedge\n>p2 move recover\n>p1 move thunderwave\n>p2 move earthquake\n>p1 switch 5\n>p1 move bulletseed\n>p2 move earthquake\n>p1 switch 2\n>forcelose p1", "uploadtime": 1768153960, "views": 256, "formatid": "gen6randombattle", "rating": 1533, "private": 0, "password": null}