{"id": "gen6randombattle-2521353517", "format": "[Gen 6] Random Battle", "players": ["xdlol_omg", "Thorys"], "log": "|j|☆xdlol_omg\n|j|☆Thorys\n|t:|1768764281\n|gametype|singles\n|player|p1|xdlol_omg|169|1516\n|player|p2|Thorys|policeman-gen4|1712\n|gen|6\n|tier|[Gen 6] Random Battle\n|rated|\n|rule|Sleep Clause Mod: Limit one foe put to sleep\n|rule|HP Percentage Mod: HP is shown in percentages\n|rule|Illusion Level Mod: Illusion disguises the Pokémon's true level\n|\n|t:|1768764281\n|teamsize|p1|6\n|teamsize|p2|6\n|start\n|switch|p1a: Lucario|Lucario, L74, F|226/226\n|switch|p2a: Cobalion|Cobalion, L77|267/267\n|turn|1\n|inactive|Battle timer is ON: inactive players will automatically lose when time's up. (requested by Thorys)\n|\n|t:|1768764311\n|detailschange|p1a: Lucario|Lucario-Mega, L74, F\n|-mega|p1a: Lucario|Lucario|Lucarionite\n|move|p2a: Cobalion|Close Combat|p1a: Lucario\n|-supereffective|p1a: Lucario\n|-damage|p1a: Lucario|0 fnt\n|-unboost|p2a: Cobalion|def|1\n|-unboost|p2a: Cobalion|spd|1\n|faint|p1a: Lucario\n|detailschange|p1: Lucario|Lucario, L74, F|[silent]\n|\n|upkeep\n|\n|t:|1768764335\n|switch|p1a: Skarmory|Skarmory, L74, M|218/218\n|turn|2\n|\n|t:|1768764355\n|move|p2a: Cobalion|Swords Dance|p2a: Cobalion\n|-boost|p2a: Cobalion|atk|2\n|move|p1a: Skarmory|Stealth Rock|p2a: Cobalion\n|-sidestart|p2: Thorys|move: Stealth Rock\n|\n|upkeep\n|turn|3\n|\n|t:|1768764365\n|move|p2a: Cobalion|Close Combat|p1a: Skarmory\n|-damage|p1a: Skarmory|52/218\n|-unboost|p2a: Cobalion|def|1\n|-unboost|p2a: Cobalion|spd|1\n|move|p1a: Skarmory|Brave Bird|p2a: Cobalion\n|-damage|p2a: Cobalion|126/267\n|-damage|p1a: Skarmory|5/218|[from] Recoil\n|\n|-heal|p2a: Cobalion|142/267|[from] item: Leftovers\n|-heal|p1a: Skarmory|18/218|[from] item: Leftovers\n|upkeep\n|turn|4\n|\n|t:|1768764381\n|move|p2a: Cobalion|Iron Head|p1a: Skarmory\n|-resisted|p1a: Skarmory\n|-crit|p1a: Skarmory\n|-damage|p1a: Skarmory|0 fnt\n|faint|p1a: Skarmory\n|\n|-heal|p2a: Cobalion|158/267|[from] item: Leftovers\n|upkeep\n|\n|t:|1768764395\n|switch|p1a: Arceus|Arceus-Psychic, L71|288/288\n|turn|5\n|inactive|Thorys has 120 seconds left.\n|l|☆xdlol_omg\n|inactive|xdlol_omg disconnected and has a minute to reconnect!\n|player|p1|\n|\n|t:|1768764446\n|switch|p2a: Kingdra|Kingdra, L84, M|263/263\n|-damage|p2a: Kingdra|231/263|[from] Stealth Rock\n|move|p1a: Arceus|Judgment|p2a: Kingdra\n|-damage|p2a: Kingdra|123/263\n|\n|upkeep\n|turn|6\n|j|☆xdlol_omg\n|inactive|xdlol_omg reconnected and has 140 seconds left.\n|player|p1|xdlol_omg|169|\n|l|☆xdlol_omg\n|inactive|xdlol_omg disconnected and has a minute to reconnect!\n|player|p1|\n|j|☆xdlol_omg\n|inactive|xdlol_omg reconnected and has 130 seconds left.\n|player|p1|xdlol_omg|169|\n|inactive|xdlol_omg has 120 seconds left.\n|\n|t:|1768764485\n|move|p1a: Arceus|Judgment|p2a: Kingdra\n|-damage|p2a: Kingdra|27/263\n|move|p2a: Kingdra|Dragon Dance|p2a: Kingdra\n|-boost|p2a: Kingdra|atk|1\n|-boost|p2a: Kingdra|spe|1\n|\n|upkeep\n|turn|7\n|inactive|xdlol_omg has 120 seconds left.\n|inactive|Thorys has 90 seconds left.\n|inactive|Thorys has 60 seconds left.\n|\n|t:|1768764538\n|move|p2a: Kingdra|Outrage|p1a: Arceus\n|-damage|p1a: Arceus|128/288\n|move|p1a: Arceus|Judgment|p2a: Kingdra\n|-damage|p2a: Kingdra|0 fnt\n|faint|p2a: Kingdra\n|\n|upkeep\n|\n|t:|1768764559\n|switch|p2a: Scyther|Scyther, L82, F|249/249\n|-damage|p2a: Scyther|125/249|[from] Stealth Rock\n|turn|8\n|inactive|xdlol_omg has 120 seconds left.\n|\n|t:|1768764578\n|switch|p1a: Talonflame|Talonflame, L79, F|253/253\n|move|p2a: Scyther|Aerial Ace|p1a: Talonflame\n|-crit|p1a: Talonflame\n|-damage|p1a: Talonflame|0 fnt\n|faint|p1a: Talonflame\n|\n|upkeep\n|inactive|xdlol_omg has 120 seconds left.\n|\n|t:|1768764589\n|switch|p1a: Exploud|Exploud, L85, M|316/316\n|turn|9\n|\n|t:|1768764597\n|move|p1a: Exploud|Fire Blast|p2a: Scyther\n|-supereffective|p2a: Scyther\n|-damage|p2a: Scyther|0 fnt\n|faint|p2a: Scyther\n|\n|upkeep\n|\n|t:|1768764605\n|switch|p2a: Throh|Throh, L88, M|354/354\n|-damage|p2a: Throh|332/354|[from] Stealth Rock\n|turn|10\n|inactive|Thorys has 60 seconds left.\n|\n|t:|1768764624\n|switch|p1a: Arceus|Arceus-Psychic, L71|128/288\n|move|p2a: Throh|Knock Off|p1a: Arceus\n|-supereffective|p1a: Arceus\n|-damage|p1a: Arceus|34/288\n|\n|-heal|p2a: Throh|354/354|[from] item: Leftovers\n|upkeep\n|turn|11\n|\n|t:|1768764644\n|switch|p2a: Deoxys|Deoxys-Speed, L81|214/214\n|-damage|p2a: Deoxys|188/214|[from] Stealth Rock\n|-ability|p2a: Deoxys|Pressure\n|move|p1a: Arceus|Recover|p1a: Arceus\n|-heal|p1a: Arceus|178/288\n|\n|upkeep\n|turn|12\n|\n|t:|1768764652\n|move|p2a: Deoxys|Nasty Plot|p2a: Deoxys\n|-boost|p2a: Deoxys|spa|2\n|move|p1a: Arceus|Recover|p1a: Arceus\n|-heal|p1a: Arceus|288/288\n|\n|upkeep\n|turn|13\n|\n|t:|1768764667\n|move|p2a: Deoxys|Nasty Plot|p2a: Deoxys\n|-boost|p2a: Deoxys|spa|2\n|move|p1a: Arceus|Earthquake|p2a: Deoxys\n|-damage|p2a: Deoxys|120/214\n|\n|upkeep\n|turn|14\n|\n|t:|1768764674\n|move|p2a: Deoxys|Dark Pulse|p1a: Arceus\n|-supereffective|p1a: Arceus\n|-damage|p1a: Arceus|0 fnt\n|faint|p1a: Arceus\n|-damage|p2a: Deoxys|99/214|[from] item: Life Orb\n|\n|upkeep\n|\n|t:|1768764684\n|switch|p1a: Wigglytuff|Wigglytuff, L93, M|411/411\n|turn|15\n|inactive|Thorys has 60 seconds left.\n|\n|t:|1768764693\n|move|p2a: Deoxys|Psycho Boost|p1a: Wigglytuff\n|-damage|p1a: Wigglytuff|0 fnt\n|-unboost|p2a: Deoxys|spa|2\n|faint|p1a: Wigglytuff\n|-damage|p2a: Deoxys|78/214|[from] item: Life Orb\n|\n|upkeep\n|\n|t:|1768764697\n|switch|p1a: Exploud|Exploud, L85, M|316/316\n|turn|16\n|\n|t:|1768764704\n|move|p2a: Deoxys|Psycho Boost|p1a: Exploud\n|-damage|p1a: Exploud|0 fnt\n|-unboost|p2a: Deoxys|spa|2\n|faint|p1a: Exploud\n|-damage|p2a: Deoxys|57/214|[from] item: Life Orb\n|\n|win|Thorys\n|raw|xdlol_omg's rating: 1516 &rarr; <strong>1506</strong><br />(-10 for losing)\n|raw|Thorys's rating: 1712 &rarr; <strong>1722</strong><br />(+10 for winning)\n|l|☆xdlol_omg\n|player|p1|\n", "inputlog": ">version 3bd1a1e329da8d286644078cfc9a9638fc7ea025\n>start {\"formatid\":\"gen6randombattle\",\"seed\":\"sodium,0fc61ffa9300e827ee5fc12f7911031e\",\"rated\":\"Rated battle\"}\n>player p1 {\"name\":\"xdlol_omg\",\"avatar\":\"169\",\"rating\":1516,\"seed\":\"sodium,2b536e83119e974a8a00c7e8e8c2a682\"}\n>player p2 {\"name\":\"Thorys\",\"avatar\":\"policeman-gen4\",\"rating\":1712,\"seed\":\"sodium,3bcfd84602a88e962f673ab7e7e8b06a\"}\n>p1 move nastyplot mega\n>p2 move closecombat\n>p1 switch 5\n>p1 move stealthrock\n>p2 move swordsdance\n>p1 move bravebird\n>p2 move closecombat\n>p1 move bravebird\n>p2 move ironhead\n>p1 switch 4\n>p1 move judgment\n>p2 switch 5\n>p1 move judgment\n>p2 move dragondance\n>p1 move judgment\n>p2 move outrage\n>p2 switch 4\n>p1 switch 3\n>p2 move aerialace\n>p1 switch 2\n>p1 move fireblast\n>p2 move aerialace\n>p2 switch 2\n>p1 switch 3\n>p2 move knockoff\n>p1 move recover\n>p2 switch 3\n>p1 move recover\n>p2 move nastyplot\n>p1 move earthquake\n>p2 move nastyplot\n>p1 move earthquake\n>p2 move darkpulse\n>p1 switch 6\n>p1 move dazzlinggleam\n>p2 move psychoboost\n>p1 switch 3\n>p1 move boomburst\n>p2 move psychoboost", "uploadtime": 1768764833, "views": 300, "formatid": "gen6randombattle", "rating": 1506, "private": 0, "password": null}