{"id": "gen6randombattle-2529789808", "format": "[Gen 6] Random Battle", "players": ["xxkelvin", "Anantika"], "log": "|j|☆xxkelvin\n|j|☆Anantika\n|t:|1769824635\n|gametype|singles\n|player|p1|xxkelvin|ruinmaniac|1610\n|player|p2|Anantika|iris-gen5bw2|1529\n|gen|6\n|tier|[Gen 6] Random Battle\n|rated|\n|rule|Sleep Clause Mod: Limit one foe put to sleep\n|rule|HP Percentage Mod: HP is shown in percentages\n|rule|Illusion Level Mod: Illusion disguises the Pokémon's true level\n|\n|t:|1769824635\n|teamsize|p1|6\n|teamsize|p2|6\n|start\n|switch|p1a: Torterra|Torterra, L87, F|307/307\n|switch|p2a: Alomomola|Alomomola, L85, F|419/419\n|turn|1\n|inactive|Battle timer is ON: inactive players will automatically lose when time's up. (requested by Anantika)\n|\n|t:|1769824679\n|switch|p2a: Vanilluxe|Vanilluxe, L88, M|268/268\n|move|p1a: Torterra|Earthquake|p2a: Vanilluxe\n|-damage|p2a: Vanilluxe|156/268\n|-ability|p2a: Vanilluxe|Weak Armor|boost\n|-unboost|p2a: Vanilluxe|def|1\n|-boost|p2a: Vanilluxe|spe|1\n|\n|upkeep\n|turn|2\n|inactive|xxkelvin has 120 seconds left.\n|inactive|Anantika has 120 seconds left.\n|\n|t:|1769824724\n|switch|p1a: Spinda|Spinda, L97, F|273/273\n|move|p2a: Vanilluxe|Freeze-Dry|p1a: Spinda\n|-damage|p1a: Spinda|127/273\n|-damage|p2a: Vanilluxe|130/268|[from] item: Life Orb\n|\n|-heal|p1a: Spinda|144/273|[from] item: Leftovers\n|upkeep\n|turn|3\n|inactive|xxkelvin has 120 seconds left.\n|\n|t:|1769824732\n|move|p1a: Spinda|Sucker Punch|p2a: Vanilluxe\n|-damage|p2a: Vanilluxe|47/268\n|-ability|p2a: Vanilluxe|Weak Armor|boost\n|-unboost|p2a: Vanilluxe|def|1\n|-boost|p2a: Vanilluxe|spe|1\n|move|p2a: Vanilluxe|Ice Beam|p1a: Spinda\n|-damage|p1a: Spinda|0 fnt\n|faint|p1a: Spinda\n|-damage|p2a: Vanilluxe|21/268|[from] item: Life Orb\n|\n|upkeep\n|inactive|xxkelvin has 120 seconds left.\n|\n|t:|1769824748\n|switch|p1a: Staraptor|Staraptor, L78, F|261/261\n|turn|4\n|inactive|Anantika has 120 seconds left.\n|\n|t:|1769824760\n|move|p2a: Vanilluxe|Ice Beam|p1a: Staraptor\n|-supereffective|p1a: Staraptor\n|-damage|p1a: Staraptor|0 fnt\n|faint|p1a: Staraptor\n|-damage|p2a: Vanilluxe|0 fnt|[from] item: Life Orb\n|faint|p2a: Vanilluxe\n|\n|upkeep\n|inactive|xxkelvin has 120 seconds left.\n|inactive|Anantika has 120 seconds left.\n|\n|t:|1769824780\n|switch|p1a: Hoopa|Hoopa, L84|272/272\n|switch|p2a: Cacturne|Cacturne, L90, F|272/272\n|turn|5\n|inactive|Anantika has 120 seconds left.\n|\n|t:|1769824794\n|move|p1a: Hoopa|Trick|p2a: Cacturne\n|-activate|p1a: Hoopa|move: Trick|[of] p2a: Cacturne\n|-item|p2a: Cacturne|Choice Scarf|[from] move: Trick\n|-item|p1a: Hoopa|Life Orb|[from] move: Trick\n|move|p2a: Cacturne|Swords Dance|p2a: Cacturne\n|-boost|p2a: Cacturne|atk|2\n|\n|upkeep\n|turn|6\n|inactive|Anantika has 120 seconds left.\n|\n|t:|1769824815\n|switch|p2a: Breloom|Breloom, L82, M|233/233\n|move|p1a: Hoopa|Shadow Ball|p2a: Breloom\n|-damage|p2a: Breloom|25/233\n|-unboost|p2a: Breloom|spd|1\n|-damage|p1a: Hoopa|245/272|[from] item: Life Orb\n|\n|upkeep\n|turn|7\n|inactive|Anantika has 90 seconds left.\n|\n|t:|1769824846\n|move|p1a: Hoopa|Shadow Ball|p2a: Breloom\n|-damage|p2a: Breloom|0 fnt\n|faint|p2a: Breloom\n|-damage|p1a: Hoopa|218/272|[from] item: Life Orb\n|\n|upkeep\n|inactive|Anantika has 90 seconds left.\n|\n|t:|1769824852\n|switch|p2a: Cacturne|Cacturne, L90, F|272/272\n|turn|8\n|\n|t:|1769824861\n|switch|p1a: Golem|Golem, L86, F|278/278\n|move|p2a: Cacturne|Sucker Punch||[still]\n|-fail|p2a: Cacturne\n|\n|upkeep\n|turn|9\n|\n|t:|1769824869\n|move|p2a: Cacturne|Sucker Punch|p1a: Golem\n|-crit|p1a: Golem\n|-damage|p1a: Golem|158/278\n|move|p1a: Golem|Stone Edge|p2a: Cacturne\n|-damage|p2a: Cacturne|113/272\n|\n|upkeep\n|turn|10\n|inactive|xxkelvin has 120 seconds left.\n|\n|t:|1769824879\n|move|p2a: Cacturne|Sucker Punch||[still]\n|-fail|p2a: Cacturne\n|move|p1a: Golem|Toxic|p2a: Cacturne\n|-status|p2a: Cacturne|tox\n|\n|-damage|p2a: Cacturne|96/272 tox|[from] psn\n|upkeep\n|turn|11\n|\n|t:|1769824883\n|move|p2a: Cacturne|Sucker Punch||[still]\n|-fail|p2a: Cacturne\n|move|p1a: Golem|Toxic|p2a: Cacturne\n|-fail|p2a: Cacturne|tox\n|\n|-damage|p2a: Cacturne|62/272 tox|[from] psn\n|upkeep\n|turn|12\n|\n|t:|1769824909\n|move|p2a: Cacturne|Sucker Punch|p1a: Golem\n|-damage|p1a: Golem|73/278\n|move|p1a: Golem|Earthquake|p2a: Cacturne\n|-resisted|p2a: Cacturne\n|-damage|p2a: Cacturne|0 fnt\n|faint|p2a: Cacturne\n|\n|upkeep\n|inactive|Anantika has 120 seconds left.\n|\n|t:|1769824920\n|switch|p2a: Alomomola|Alomomola, L85, F|419/419\n|turn|13\n|\n|t:|1769824938\n|move|p2a: Alomomola|Scald|p1a: Golem\n|-supereffective|p1a: Golem\n|-damage|p1a: Golem|0 fnt\n|faint|p1a: Golem\n|\n|upkeep\n|\n|t:|1769824941\n|switch|p1a: Torterra|Torterra, L87, F|307/307\n|turn|14\n|\n|t:|1769824949\n|switch|p2a: Skuntank|Skuntank, L85, F|314/314\n|move|p1a: Torterra|Wood Hammer|p2a: Skuntank\n|-resisted|p2a: Skuntank\n|-damage|p2a: Skuntank|220/314\n|-damage|p1a: Torterra|276/307|[from] Recoil\n|\n|-heal|p2a: Skuntank|239/314|[from] item: Black Sludge\n|-heal|p1a: Torterra|295/307|[from] item: Leftovers\n|upkeep\n|turn|15\n|inactive|Anantika has 120 seconds left.\n|inactive|Anantika has 90 seconds left.\n|\n|t:|1769825038\n|move|p2a: Skuntank|Poison Jab|p1a: Torterra\n|-damage|p1a: Torterra|219/307\n|-status|p1a: Torterra|psn\n|move|p1a: Torterra|Rock Polish|p1a: Torterra\n|-boost|p1a: Torterra|spe|2\n|\n|-heal|p1a: Torterra|238/307 psn|[from] item: Leftovers\n|-heal|p2a: Skuntank|258/314|[from] item: Black Sludge\n|-damage|p1a: Torterra|200/307 psn|[from] psn\n|upkeep\n|turn|16\n|inactive|Anantika has 60 seconds left.\n|\n|t:|1769825058\n|move|p1a: Torterra|Earthquake|p2a: Skuntank\n|-supereffective|p2a: Skuntank\n|-crit|p2a: Skuntank\n|-damage|p2a: Skuntank|0 fnt\n|faint|p2a: Skuntank\n|\n|-heal|p1a: Torterra|219/307 psn|[from] item: Leftovers\n|-damage|p1a: Torterra|181/307 psn|[from] psn\n|upkeep\n|\n|t:|1769825063\n|switch|p2a: Alomomola|Alomomola, L85, F|419/419\n|turn|17\n|inactive|Anantika has 60 seconds left.\n|\n|t:|1769825080\n|move|p1a: Torterra|Wood Hammer|p2a: Alomomola\n|-supereffective|p2a: Alomomola\n|-damage|p2a: Alomomola|81/419\n|-damage|p1a: Torterra|130/307 psn|[from] item: Rocky Helmet|[of] p2a: Alomomola\n|-damage|p1a: Torterra|18/307 psn|[from] Recoil\n|move|p2a: Alomomola|Wish|p2a: Alomomola\n|\n|-heal|p1a: Torterra|37/307 psn|[from] item: Leftovers\n|-damage|p1a: Torterra|0 fnt|[from] psn\n|faint|p1a: Torterra\n|upkeep\n|\n|t:|1769825086\n|switch|p1a: Manectric|Manectric, L78, M|237/237\n|turn|18\n|\n|t:|1769825095\n|detailschange|p1a: Manectric|Manectric-Mega, L78, M\n|-mega|p1a: Manectric|Manectric|Manectite\n|-ability|p1a: Manectric|Intimidate|boost\n|-unboost|p2a: Alomomola|atk|1\n|move|p1a: Manectric|Volt Switch|p2a: Alomomola\n|-supereffective|p2a: Alomomola\n|-damage|p2a: Alomomola|0 fnt\n|faint|p2a: Alomomola\n|\n|t:|1769825121\n|switch|p1a: Hoopa|Hoopa, L84|218/272|[from] Volt Switch\n|\n|upkeep\n|inactive|Anantika has 60 seconds left.\n|\n|t:|1769825158\n|switch|p2a: Regirock|Regirock, L86|278/278\n|turn|19\n|\n|t:|1769825167\n|move|p1a: Hoopa|Focus Blast|p2a: Regirock|[miss]\n|-miss|p1a: Hoopa|p2a: Regirock\n|move|p2a: Regirock|Curse|p2a: Regirock\n|-unboost|p2a: Regirock|spe|1\n|-boost|p2a: Regirock|atk|1\n|-boost|p2a: Regirock|def|1\n|\n|upkeep\n|turn|20\n|\n|t:|1769825171\n|move|p1a: Hoopa|Focus Blast|p2a: Regirock|[miss]\n|-miss|p1a: Hoopa|p2a: Regirock\n|move|p2a: Regirock|Stone Edge|p1a: Hoopa\n|-crit|p1a: Hoopa\n|-damage|p1a: Hoopa|0 fnt\n|faint|p1a: Hoopa\n|\n|upkeep\n|\n|t:|1769825174\n|switch|p1a: Manectric|Manectric-Mega, L78, M|237/237\n|-ability|p1a: Manectric|Intimidate|boost\n|-unboost|p2a: Regirock|atk|1\n|turn|21\n|\n|t:|1769825180\n|move|p1a: Manectric|Thunderbolt|p2a: Regirock\n|-damage|p2a: Regirock|175/278\n|move|p2a: Regirock|Drain Punch|p1a: Manectric\n|-damage|p1a: Manectric|171/237\n|-heal|p2a: Regirock|208/278|[from] drain|[of] p1a: Manectric\n|\n|upkeep\n|turn|22\n|\n|t:|1769825187\n|move|p1a: Manectric|Thunderbolt|p2a: Regirock\n|-damage|p2a: Regirock|112/278\n|move|p2a: Regirock|Curse|p2a: Regirock\n|-unboost|p2a: Regirock|spe|1\n|-boost|p2a: Regirock|atk|1\n|-boost|p2a: Regirock|def|1\n|\n|upkeep\n|turn|23\n|\n|t:|1769825190\n|move|p1a: Manectric|Thunderbolt|p2a: Regirock\n|-damage|p2a: Regirock|15/278\n|move|p2a: Regirock|Rest|p2a: Regirock\n|-status|p2a: Regirock|slp|[from] move: Rest\n|-heal|p2a: Regirock|278/278 slp|[silent]\n|-enditem|p2a: Regirock|Chesto Berry|[eat]\n|-curestatus|p2a: Regirock|slp|[msg]\n|\n|upkeep\n|turn|24\n|inactive|Anantika has 90 seconds left.\n|\n|t:|1769825202\n|move|p1a: Manectric|Thunderbolt|p2a: Regirock\n|-damage|p2a: Regirock|181/278\n|move|p2a: Regirock|Stone Edge|p1a: Manectric\n|-damage|p1a: Manectric|0 fnt\n|faint|p1a: Manectric\n|detailschange|p1: Manectric|Manectric, L78, M|[silent]\n|\n|win|Anantika\n|raw|xxkelvin's rating: 1610 &rarr; <strong>1585</strong><br />(-25 for losing)\n|raw|Anantika's rating: 1529 &rarr; <strong>1554</strong><br />(+25 for winning)\n", "inputlog": ">version b99ff0165a6231f17e8b78c2a78d1998375de664\n>start {\"formatid\":\"gen6randombattle\",\"seed\":\"sodium,94b5fe00a3826552e495344e160fa8a6\",\"rated\":\"Rated battle\"}\n>player p1 {\"name\":\"xxkelvin\",\"avatar\":\"ruinmaniac\",\"rating\":1610,\"seed\":\"sodium,691fefa05625626f857a25053699a2a0\"}\n>player p2 {\"name\":\"Anantika\",\"avatar\":\"iris-gen5bw2\",\"rating\":1529,\"seed\":\"sodium,18f37bbc4578bd5b685221ffec1ed2e7\"}\n>p1 move earthquake\n>p2 switch 6\n>p1 switch 3\n>p2 move freezedry\n>p1 move suckerpunch\n>p2 move icebeam\n>p1 switch 4\n>p1 move uturn\n>p2 move icebeam\n>p1 switch 5\n>p2 switch 4\n>p1 move trick\n>p2 move swordsdance\n>p1 move shadowball\n>p2 switch 3\n>p1 move shadowball\n>p2 move bulletseed\n>p2 switch 3\n>p1 switch 6\n>p2 move suckerpunch\n>p1 move stoneedge\n>p2 move suckerpunch\n>p1 move toxic\n>p2 move suckerpunch\n>p1 move toxic\n>p2 move suckerpunch\n>p1 move earthquake\n>p2 move suckerpunch\n>p2 switch 6\n>p1 move explosion\n>p2 move scald\n>p1 switch 3\n>p1 move woodhammer\n>p2 switch 2\n>p1 move rockpolish\n>p2 move poisonjab\n>p1 move earthquake\n>p2 move poisonjab\n>p2 switch 2\n>p1 move woodhammer\n>p2 move wish\n>p1 switch 2\n>p1 move voltswitch mega\n>p2 move scald\n>p1 switch 6\n>p2 switch 5\n>p1 move focusblast\n>p2 move curse\n>p1 move focusblast\n>p2 move stoneedge\n>p1 switch 6\n>p1 move thunderbolt\n>p2 move drainpunch\n>p1 move thunderbolt\n>p2 move curse\n>p1 move thunderbolt\n>p2 move rest\n>p1 move thunderbolt\n>p2 move stoneedge", "uploadtime": 1769825207, "views": 263, "formatid": "gen6randombattle", "rating": 1554, "private": 0, "password": null}