{"id": "gen6randombattle-2532052772", "format": "[Gen 6] Random Battle", "players": ["Plop", "The Goldfoot"], "log": "|j|☆Plop\n|j|☆The Goldfoot\n|t:|1770135702\n|gametype|singles\n|player|p1|Plop|#rbtt9travelers|1726\n|player|p2|The Goldfoot|blaine|1681\n|gen|6\n|tier|[Gen 6] Random Battle\n|rated|\n|rule|Sleep Clause Mod: Limit one foe put to sleep\n|rule|HP Percentage Mod: HP is shown in percentages\n|rule|Illusion Level Mod: Illusion disguises the Pokémon's true level\n|\n|t:|1770135702\n|teamsize|p1|6\n|teamsize|p2|6\n|start\n|switch|p1a: Girafarig|Girafarig, L93, M|281/281\n|switch|p2a: Mantine|Mantine, L90, M|263/263\n|turn|1\n|\n|t:|1770135732\n|switch|p2a: Aurorus|Aurorus, L86, F|352/352\n|move|p1a: Girafarig|Nasty Plot|p1a: Girafarig\n|-boost|p1a: Girafarig|spa|2\n|\n|upkeep\n|turn|2\n|\n|t:|1770135743\n|move|p1a: Girafarig|Psychic|p2a: Aurorus\n|-damage|p2a: Aurorus|71/352\n|-damage|p1a: Girafarig|253/281|[from] item: Life Orb\n|move|p2a: Aurorus|Thunder Wave|p1a: Girafarig\n|-status|p1a: Girafarig|par\n|\n|-heal|p2a: Aurorus|93/352|[from] item: Leftovers\n|upkeep\n|turn|3\n|\n|t:|1770135754\n|move|p2a: Aurorus|Hyper Voice|p1a: Girafarig\n|-damage|p1a: Girafarig|102/281 par\n|move|p1a: Girafarig|Psychic|p2a: Aurorus\n|-crit|p2a: Aurorus\n|-damage|p2a: Aurorus|0 fnt\n|faint|p2a: Aurorus\n|-damage|p1a: Girafarig|74/281 par|[from] item: Life Orb\n|\n|upkeep\n|\n|t:|1770135761\n|switch|p2a: Emolga|Emolga, L88, F|239/239\n|turn|4\n|\n|t:|1770135780\n|switch|p1a: Pachirisu|Pachirisu, L95, F|268/268\n|move|p2a: Emolga|Acrobatics|p1a: Pachirisu\n|-resisted|p1a: Pachirisu\n|-damage|p1a: Pachirisu|208/268\n|\n|upkeep\n|turn|5\n|\n|t:|1770135783\n|move|p1a: Pachirisu|Super Fang|p2a: Emolga\n|-damage|p2a: Emolga|120/239\n|move|p2a: Emolga|U-turn|p1a: Pachirisu\n|-damage|p1a: Pachirisu|160/268\n|\n|t:|1770135786\n|switch|p2a: Gigalith|Gigalith, L85, M|283/283|[from] U-turn\n|\n|upkeep\n|turn|6\n|\n|t:|1770135791\n|move|p1a: Pachirisu|U-turn|p2a: Gigalith\n|-damage|p2a: Gigalith|257/283\n|\n|t:|1770135794\n|switch|p1a: Wigglytuff|Wigglytuff, L93, F|411/411|[from] U-turn\n|move|p2a: Gigalith|Stealth Rock|p1a: Wigglytuff\n|-sidestart|p1: Plop|move: Stealth Rock\n|\n|-heal|p2a: Gigalith|274/283|[from] item: Leftovers\n|upkeep\n|turn|7\n|\n|t:|1770135803\n|move|p1a: Wigglytuff|Stealth Rock|p2a: Gigalith\n|-sidestart|p2: The Goldfoot|move: Stealth Rock\n|move|p2a: Gigalith|Stone Edge|p1a: Wigglytuff\n|-damage|p1a: Wigglytuff|198/411\n|\n|-heal|p1a: Wigglytuff|223/411|[from] item: Leftovers\n|-heal|p2a: Gigalith|283/283|[from] item: Leftovers\n|upkeep\n|turn|8\n|\n|t:|1770135841\n|move|p1a: Wigglytuff|Dazzling Gleam|p2a: Gigalith\n|-damage|p2a: Gigalith|184/283\n|move|p2a: Gigalith|Earthquake|p1a: Wigglytuff\n|-damage|p1a: Wigglytuff|90/411\n|\n|-heal|p1a: Wigglytuff|115/411|[from] item: Leftovers\n|-heal|p2a: Gigalith|201/283|[from] item: Leftovers\n|upkeep\n|turn|9\n|\n|t:|1770135846\n|move|p1a: Wigglytuff|Dazzling Gleam|p2a: Gigalith\n|-damage|p2a: Gigalith|96/283\n|move|p2a: Gigalith|Earthquake|p1a: Wigglytuff\n|-crit|p1a: Wigglytuff\n|-damage|p1a: Wigglytuff|0 fnt\n|faint|p1a: Wigglytuff\n|\n|-heal|p2a: Gigalith|113/283|[from] item: Leftovers\n|upkeep\n|\n|t:|1770135857\n|switch|p1a: Crawdaunt|Crawdaunt, L83, F|240/240\n|-damage|p1a: Crawdaunt|210/240|[from] Stealth Rock\n|turn|10\n|\n|t:|1770135861\n|move|p1a: Crawdaunt|Knock Off|p2a: Gigalith\n|-damage|p2a: Gigalith|0 fnt\n|-enditem|p2a: Gigalith|Leftovers|[from] move: Knock Off|[of] p1a: Crawdaunt\n|faint|p2a: Gigalith\n|-damage|p1a: Crawdaunt|186/240|[from] item: Life Orb\n|\n|upkeep\n|\n|t:|1770135870\n|switch|p2a: Azumarill|Azumarill, L81, F|295/295\n|-damage|p2a: Azumarill|259/295|[from] Stealth Rock\n|turn|11\n|\n|t:|1770135881\n|move|p1a: Crawdaunt|Knock Off|p2a: Azumarill\n|-resisted|p2a: Azumarill\n|-damage|p2a: Azumarill|139/295\n|-enditem|p2a: Azumarill|Choice Band|[from] move: Knock Off|[of] p1a: Crawdaunt\n|-damage|p1a: Crawdaunt|162/240|[from] item: Life Orb\n|move|p2a: Azumarill|Play Rough|p1a: Crawdaunt\n|-supereffective|p1a: Crawdaunt\n|-damage|p1a: Crawdaunt|0 fnt\n|faint|p1a: Crawdaunt\n|\n|upkeep\n|\n|t:|1770135903\n|switch|p1a: Scizor|Scizor, L74, F|226/226\n|-damage|p1a: Scizor|198/226|[from] Stealth Rock\n|turn|12\n|\n|t:|1770135907\n|switch|p2a: Druddigon|Druddigon, L86, M|273/273\n|-damage|p2a: Druddigon|239/273|[from] Stealth Rock\n|detailschange|p1a: Scizor|Scizor-Mega, L74, F\n|-mega|p1a: Scizor|Scizor|Scizorite\n|move|p1a: Scizor|Bullet Punch|p2a: Druddigon\n|-damage|p2a: Druddigon|172/273\n|\n|upkeep\n|turn|13\n|\n|t:|1770135944\n|switch|p1a: Suicune|Suicune, L80|291/291\n|-damage|p1a: Suicune|255/291|[from] Stealth Rock\n|-ability|p1a: Suicune|Pressure\n|move|p2a: Druddigon|Fire Punch|p1a: Suicune\n|-resisted|p1a: Suicune\n|-damage|p1a: Suicune|208/291\n|\n|-heal|p1a: Suicune|226/291|[from] item: Leftovers\n|upkeep\n|turn|14\n|\n|t:|1770135955\n|move|p1a: Suicune|Scald|p2a: Druddigon\n|-resisted|p2a: Druddigon\n|-damage|p2a: Druddigon|139/273\n|move|p2a: Druddigon|Outrage|p1a: Suicune\n|-damage|p1a: Suicune|61/291\n|-damage|p2a: Druddigon|112/273|[from] item: Life Orb\n|\n|-heal|p1a: Suicune|79/291|[from] item: Leftovers\n|upkeep\n|turn|15\n|\n|t:|1770135974\n|switch|p1a: Girafarig|Girafarig, L93, M|74/281 par\n|-damage|p1a: Girafarig|39/281 par|[from] Stealth Rock\n|move|p2a: Druddigon|Outrage|p1a: Girafarig|[from] lockedmove\n|-damage|p1a: Girafarig|0 fnt\n|faint|p1a: Girafarig\n|-damage|p2a: Druddigon|85/273|[from] item: Life Orb\n|\n|upkeep\n|\n|t:|1770135977\n|switch|p1a: Scizor|Scizor-Mega, L74, F|198/226\n|-damage|p1a: Scizor|170/226|[from] Stealth Rock\n|turn|16\n|\n|t:|1770136004\n|move|p1a: Scizor|Swords Dance|p1a: Scizor\n|-boost|p1a: Scizor|atk|2\n|move|p2a: Druddigon|Outrage|p1a: Scizor|[from] lockedmove\n|-resisted|p1a: Scizor\n|-damage|p1a: Scizor|88/226\n|-damage|p2a: Druddigon|58/273|[from] item: Life Orb\n|-start|p2a: Druddigon|confusion|[fatigue]\n|\n|upkeep\n|turn|17\n|\n|t:|1770136008\n|move|p1a: Scizor|Bullet Punch|p2a: Druddigon\n|-damage|p2a: Druddigon|0 fnt\n|faint|p2a: Druddigon\n|\n|upkeep\n|\n|t:|1770136012\n|switch|p2a: Mantine|Mantine, L90, M|263/263\n|-damage|p2a: Mantine|198/263|[from] Stealth Rock\n|turn|18\n|\n|t:|1770136038\n|move|p2a: Mantine|Scald|p1a: Scizor\n|-damage|p1a: Scizor|3/226\n|move|p1a: Scizor|Roost|p1a: Scizor\n|-heal|p1a: Scizor|116/226\n|-singleturn|p1a: Scizor|move: Roost\n|\n|-heal|p2a: Mantine|214/263|[from] item: Leftovers\n|upkeep\n|turn|19\n|\n|t:|1770136047\n|move|p2a: Mantine|Scald|p1a: Scizor\n|-damage|p1a: Scizor|22/226\n|move|p1a: Scizor|Roost|p1a: Scizor\n|-heal|p1a: Scizor|135/226\n|-singleturn|p1a: Scizor|move: Roost\n|\n|-heal|p2a: Mantine|230/263|[from] item: Leftovers\n|upkeep\n|turn|20\n|\n|t:|1770136051\n|switch|p1a: Pachirisu|Pachirisu, L95, F|160/268\n|-damage|p1a: Pachirisu|127/268|[from] Stealth Rock\n|move|p2a: Mantine|Scald|p1a: Pachirisu\n|-damage|p1a: Pachirisu|81/268\n|-status|p1a: Pachirisu|brn\n|\n|-heal|p2a: Mantine|246/263|[from] item: Leftovers\n|-damage|p1a: Pachirisu|48/268 brn|[from] brn\n|upkeep\n|turn|21\n|\n|t:|1770136065\n|switch|p2a: Azumarill|Azumarill, L81, F|139/295\n|-damage|p2a: Azumarill|103/295|[from] Stealth Rock\n|move|p1a: Pachirisu|Super Fang|p2a: Azumarill\n|-damage|p2a: Azumarill|52/295\n|\n|-damage|p1a: Pachirisu|15/268 brn|[from] brn\n|upkeep\n|turn|22\n|j| Referrals\n|\n|t:|1770136095\n|move|p2a: Azumarill|Aqua Jet|p1a: Pachirisu\n|-damage|p1a: Pachirisu|0 fnt\n|faint|p1a: Pachirisu\n|\n|upkeep\n|\n|t:|1770136104\n|switch|p1a: Scizor|Scizor-Mega, L74, F|135/226\n|-damage|p1a: Scizor|107/226|[from] Stealth Rock\n|turn|23\n|\n|t:|1770136107\n|move|p1a: Scizor|Roost|p1a: Scizor\n|-heal|p1a: Scizor|220/226\n|-singleturn|p1a: Scizor|move: Roost\n|move|p2a: Azumarill|Waterfall|p1a: Scizor\n|-damage|p1a: Scizor|147/226\n|\n|upkeep\n|turn|24\n|\n|t:|1770136113\n|switch|p2a: Mantine|Mantine, L90, M|246/263\n|-damage|p2a: Mantine|181/263|[from] Stealth Rock\n|move|p1a: Scizor|Swords Dance|p1a: Scizor\n|-boost|p1a: Scizor|atk|2\n|\n|-heal|p2a: Mantine|197/263|[from] item: Leftovers\n|upkeep\n|turn|25\n|\n|t:|1770136135\n|move|p2a: Mantine|Scald|p1a: Scizor\n|-damage|p1a: Scizor|63/226\n|-status|p1a: Scizor|brn\n|move|p1a: Scizor|Roost|p1a: Scizor\n|-heal|p1a: Scizor|176/226 brn\n|-singleturn|p1a: Scizor|move: Roost\n|\n|-heal|p2a: Mantine|213/263|[from] item: Leftovers\n|-damage|p1a: Scizor|148/226 brn|[from] brn\n|upkeep\n|turn|26\n|\n|t:|1770136142\n|move|p2a: Mantine|Scald|p1a: Scizor\n|-damage|p1a: Scizor|66/226 brn\n|move|p1a: Scizor|Swords Dance|p1a: Scizor\n|-boost|p1a: Scizor|atk|2\n|\n|-heal|p2a: Mantine|229/263|[from] item: Leftovers\n|-damage|p1a: Scizor|38/226 brn|[from] brn\n|upkeep\n|turn|27\n|\n|t:|1770136146\n|move|p1a: Scizor|Bullet Punch|p2a: Mantine\n|-resisted|p2a: Mantine\n|-damage|p2a: Mantine|171/263\n|move|p2a: Mantine|Scald|p1a: Scizor\n|-damage|p1a: Scizor|0 fnt\n|faint|p1a: Scizor\n|detailschange|p1: Scizor|Scizor, L74, F|[silent]\n|\n|-heal|p2a: Mantine|187/263|[from] item: Leftovers\n|upkeep\n|\n|t:|1770136148\n|switch|p1a: Suicune|Suicune, L80|79/291\n|-damage|p1a: Suicune|43/291|[from] Stealth Rock\n|-ability|p1a: Suicune|Pressure\n|turn|28\n|\n|t:|1770136160\n|move|p1a: Suicune|Rest|p1a: Suicune\n|-status|p1a: Suicune|slp|[from] move: Rest\n|-heal|p1a: Suicune|291/291 slp|[silent]\n|move|p2a: Mantine|Toxic||[still]\n|-fail|p2a: Mantine\n|\n|-heal|p2a: Mantine|203/263|[from] item: Leftovers\n|upkeep\n|turn|29\n|\n|t:|1770136171\n|switch|p2a: Azumarill|Azumarill, L81, F|52/295\n|-damage|p2a: Azumarill|16/295|[from] Stealth Rock\n|cant|p1a: Suicune|slp\n|move|p1a: Suicune|Sleep Talk|p1a: Suicune\n|move|p1a: Suicune|Rest||[from] move: Sleep Talk|[still]\n|-fail|p1a: Suicune\n|\n|upkeep\n|turn|30\n|\n|t:|1770136183\n|cant|p1a: Suicune|slp\n|move|p1a: Suicune|Sleep Talk|p1a: Suicune\n|move|p1a: Suicune|Scald|p2a: Azumarill|[from] move: Sleep Talk\n|-resisted|p2a: Azumarill\n|-damage|p2a: Azumarill|0 fnt\n|faint|p2a: Azumarill\n|\n|upkeep\n|\n|t:|1770136190\n|switch|p2a: Emolga|Emolga, L88, F|120/239\n|-damage|p2a: Emolga|61/239|[from] Stealth Rock\n|turn|31\n|\n|t:|1770136196\n|move|p2a: Emolga|Roost|p2a: Emolga\n|-heal|p2a: Emolga|181/239\n|-singleturn|p2a: Emolga|move: Roost\n|-curestatus|p1a: Suicune|slp|[msg]\n|move|p1a: Suicune|Scald|p2a: Emolga\n|-damage|p2a: Emolga|90/239\n|\n|upkeep\n|turn|32\n|\n|t:|1770136200\n|move|p2a: Emolga|Thunderbolt|p1a: Suicune\n|-supereffective|p1a: Suicune\n|-damage|p1a: Suicune|139/291\n|move|p1a: Suicune|Scald|p2a: Emolga\n|-damage|p2a: Emolga|0 fnt\n|faint|p2a: Emolga\n|\n|-heal|p1a: Suicune|157/291|[from] item: Leftovers\n|upkeep\n|\n|t:|1770136205\n|switch|p2a: Mantine|Mantine, L90, M|203/263\n|-damage|p2a: Mantine|138/263|[from] Stealth Rock\n|turn|33\n|\n|t:|1770136209\n|move|p1a: Suicune|Rest|p1a: Suicune\n|-status|p1a: Suicune|slp|[from] move: Rest\n|-heal|p1a: Suicune|291/291 slp|[silent]\n|move|p2a: Mantine|Toxic||[still]\n|-fail|p2a: Mantine\n|\n|-heal|p2a: Mantine|154/263|[from] item: Leftovers\n|upkeep\n|turn|34\n|\n|t:|1770136212\n|cant|p1a: Suicune|slp\n|move|p2a: Mantine|Rest|p2a: Mantine\n|-status|p2a: Mantine|slp|[from] move: Rest\n|-heal|p2a: Mantine|263/263 slp|[silent]\n|\n|upkeep\n|turn|35\n|\n|t:|1770136217\n|cant|p1a: Suicune|slp\n|cant|p2a: Mantine|slp\n|\n|upkeep\n|turn|36\n|\n|t:|1770136223\n|-curestatus|p1a: Suicune|slp|[msg]\n|move|p1a: Suicune|Sleep Talk||[still]\n|-fail|p1a: Suicune\n|cant|p2a: Mantine|slp\n|\n|upkeep\n|turn|37\n|\n|t:|1770136229\n|move|p1a: Suicune|Sleep Talk||[still]\n|-fail|p1a: Suicune\n|-curestatus|p2a: Mantine|slp|[msg]\n|move|p2a: Mantine|Rest|p2a: Mantine\n|-fail|p2a: Mantine|heal\n|\n|upkeep\n|turn|38\n|l| Referrals\n|\n|t:|1770136235\n|move|p1a: Suicune|Sleep Talk||[still]\n|-fail|p1a: Suicune\n|move|p2a: Mantine|Toxic|p1a: Suicune\n|-status|p1a: Suicune|tox\n|\n|-damage|p1a: Suicune|273/291 tox|[from] psn\n|upkeep\n|turn|39\n|\n|t:|1770136240\n|move|p1a: Suicune|Rest|p1a: Suicune\n|-status|p1a: Suicune|slp|[from] move: Rest\n|-heal|p1a: Suicune|291/291 slp|[silent]\n|move|p2a: Mantine|Scald|p1a: Suicune\n|-resisted|p1a: Suicune\n|-damage|p1a: Suicune|257/291 slp\n|\n|-heal|p1a: Suicune|275/291 slp|[from] item: Leftovers\n|upkeep\n|turn|40\n|\n|t:|1770136249\n|cant|p1a: Suicune|slp\n|move|p2a: Mantine|Toxic||[still]\n|-fail|p2a: Mantine\n|\n|-heal|p1a: Suicune|291/291 slp|[from] item: Leftovers\n|upkeep\n|turn|41\n|\n|t:|1770136254\n|cant|p1a: Suicune|slp\n|move|p2a: Mantine|Toxic||[still]\n|-fail|p2a: Mantine\n|\n|upkeep\n|turn|42\n|\n|t:|1770136258\n|-curestatus|p1a: Suicune|slp|[msg]\n|move|p1a: Suicune|Sleep Talk||[still]\n|-fail|p1a: Suicune\n|move|p2a: Mantine|Toxic|p1a: Suicune\n|-status|p1a: Suicune|tox\n|\n|-damage|p1a: Suicune|273/291 tox|[from] psn\n|upkeep\n|turn|43\n|\n|t:|1770136261\n|move|p1a: Suicune|Rest|p1a: Suicune\n|-status|p1a: Suicune|slp|[from] move: Rest\n|-heal|p1a: Suicune|291/291 slp|[silent]\n|move|p2a: Mantine|Rest|p2a: Mantine\n|-fail|p2a: Mantine|heal\n|\n|upkeep\n|turn|44\n|\n|t:|1770136264\n|cant|p1a: Suicune|slp\n|move|p2a: Mantine|Rest|p2a: Mantine\n|-fail|p2a: Mantine|heal\n|\n|upkeep\n|turn|45\n|\n|t:|1770136266\n|cant|p1a: Suicune|slp\n|move|p2a: Mantine|Rest|p2a: Mantine\n|-fail|p2a: Mantine|heal\n|\n|upkeep\n|turn|46\n|\n|t:|1770136268\n|-curestatus|p1a: Suicune|slp|[msg]\n|move|p1a: Suicune|Sleep Talk||[still]\n|-fail|p1a: Suicune\n|move|p2a: Mantine|Rest|p2a: Mantine\n|-fail|p2a: Mantine|heal\n|\n|upkeep\n|turn|47\n|\n|t:|1770136270\n|move|p1a: Suicune|Sleep Talk||[still]\n|-fail|p1a: Suicune\n|move|p2a: Mantine|Rest|p2a: Mantine\n|-fail|p2a: Mantine|heal\n|\n|upkeep\n|turn|48\n|\n|t:|1770136273\n|move|p1a: Suicune|Sleep Talk||[still]\n|-fail|p1a: Suicune\n|move|p2a: Mantine|Rest|p2a: Mantine\n|-fail|p2a: Mantine|heal\n|\n|upkeep\n|turn|49\n|\n|t:|1770136275\n|move|p1a: Suicune|Sleep Talk||[still]\n|-fail|p1a: Suicune\n|move|p2a: Mantine|Rest|p2a: Mantine\n|-fail|p2a: Mantine|heal\n|\n|upkeep\n|turn|50\n|c|☆The Goldfoot|gg\n|\n|t:|1770136289\n|move|p1a: Suicune|Sleep Talk||[still]\n|-fail|p1a: Suicune\n|move|p2a: Mantine|Rest|p2a: Mantine\n|-fail|p2a: Mantine|heal\n|\n|upkeep\n|turn|51\n|-message|The Goldfoot forfeited.\n|\n|win|Plop\n|raw|Plop's rating: 1726 &rarr; <strong>1743</strong><br />(+17 for winning)\n|raw|The Goldfoot's rating: 1681 &rarr; <strong>1664</strong><br />(-17 for losing)\n|l|☆The Goldfoot\n|player|p2|\n", "inputlog": ">version ccdc32dd7cde25fd9e4bed64820e885f66e78a4e\n>start {\"formatid\":\"gen6randombattle\",\"seed\":\"sodium,0f6c462bf8a814c9bbaf1ad9908141fa\",\"rated\":\"Rated battle\"}\n>player p1 {\"name\":\"Plop\",\"avatar\":\"#rbtt9travelers\",\"rating\":1726,\"seed\":\"sodium,e75c0df105beac4d2da56b7acf0ab302\"}\n>player p2 {\"name\":\"The Goldfoot\",\"avatar\":\"blaine\",\"rating\":1681,\"seed\":\"sodium,9b4a345e74dd8fbbeb95c64f6f68c31d\"}\n>p1 move nastyplot\n>p2 switch 4\n>p1 move psychic\n>p2 move thunderwave\n>p1 move psychic\n>p2 move hypervoice\n>p2 switch 6\n>p1 switch 3\n>p2 move acrobatics\n>p1 move superfang\n>p2 move uturn\n>p2 switch 5\n>p1 move uturn\n>p2 move stealthrock\n>p1 switch 5\n>p1 move stealthrock\n>p2 move stoneedge\n>p1 move dazzlinggleam\n>p2 move earthquake\n>p1 move dazzlinggleam\n>p2 move earthquake\n>p1 switch 4\n>p1 move knockoff\n>p2 move superpower\n>p2 switch 2\n>p1 move knockoff\n>p2 move playrough\n>p1 switch 2\n>p1 move bulletpunch mega\n>p2 switch 3\n>p1 switch 6\n>p2 move firepunch\n>p1 move scald\n>p2 move outrage\n>p1 switch 3\n>p2 move outrage\n>p1 switch 6\n>p1 move swordsdance\n>p2 move outrage\n>p1 move bulletpunch\n>p2 move glare\n>p2 switch 4\n>p1 move roost\n>p2 move scald\n>p1 move roost\n>p2 move scald\n>p1 switch 5\n>p2 move scald\n>p1 move superfang\n>p2 switch 3\n>p1 move superfang\n>p2 move aquajet\n>p1 switch 5\n>p1 move roost\n>p2 move waterfall\n>p1 move swordsdance\n>p2 switch 3\n>p1 move roost\n>p2 move scald\n>p1 move swordsdance\n>p2 move scald\n>p1 move bulletpunch\n>p2 move scald\n>p1 switch 3\n>p1 move rest\n>p2 move toxic\n>p1 move sleeptalk\n>p2 switch 3\n>p1 move sleeptalk\n>p2 move knockoff\n>p2 switch 5\n>p1 move scald\n>p2 move roost\n>p1 move scald\n>p2 move thunderbolt\n>p2 switch 3\n>p1 move rest\n>p2 move toxic\n>p1 move calmmind\n>p2 move rest\n>p1 move calmmind\n>p2 move scald\n>p1 move sleeptalk\n>p2 move scald\n>p1 move sleeptalk\n>p2 move rest\n>p1 move sleeptalk\n>p2 move toxic\n>p1 move rest\n>p2 move scald\n>p1 move scald\n>p2 move toxic\n>p1 move scald\n>p2 move toxic\n>p1 move sleeptalk\n>p2 move toxic\n>p1 move rest\n>p2 move rest\n>p1 move scald\n>p2 move rest\n>p1 move scald\n>p2 move rest\n>p1 move sleeptalk\n>p2 move rest\n>p1 move sleeptalk\n>p2 move rest\n>p1 move sleeptalk\n>p2 move rest\n>p1 move sleeptalk\n>p2 move rest\n>chat ☆The Goldfoot|gg\n>p1 move sleeptalk\n>p2 move rest\n>forcelose p2", "uploadtime": 1770136296, "views": 247, "formatid": "gen6randombattle", "rating": 1664, "private": 0, "password": null}