{"id": "gen6randombattle-2536788175", "format": "[Gen 6] Random Battle", "players": ["taske", "Glenn M5"], "log": "|j|☆taske\n|j|☆Glenn M5\n|t:|1770736940\n|gametype|singles\n|player|p1|taske|swimmerf|1545\n|player|p2|Glenn M5|lucas|1869\n|gen|6\n|tier|[Gen 6] Random Battle\n|rated|\n|rule|Sleep Clause Mod: Limit one foe put to sleep\n|rule|HP Percentage Mod: HP is shown in percentages\n|rule|Illusion Level Mod: Illusion disguises the Pokémon's true level\n|\n|t:|1770736940\n|teamsize|p1|6\n|teamsize|p2|6\n|start\n|switch|p1a: Blastoise|Blastoise, L81, M|261/261\n|switch|p2a: Nidoqueen|Nidoqueen, L81, F|278/278\n|turn|1\n|inactive|Battle timer is ON: inactive players will automatically lose when time's up. (requested by taske)\n|\n|t:|1770736951\n|switch|p2a: Cherrim|Cherrim, L97, M|293/293\n|detailschange|p1a: Blastoise|Blastoise-Mega, L81, M\n|-mega|p1a: Blastoise|Blastoise|Blastoisinite\n|move|p1a: Blastoise|Scald|p2a: Cherrim\n|-resisted|p2a: Cherrim\n|-damage|p2a: Cherrim|245/293\n|\n|-heal|p2a: Cherrim|263/293|[from] item: Leftovers\n|upkeep\n|turn|2\n|\n|t:|1770736966\n|switch|p1a: Kricketune|Kricketune, L98, M|309/309\n|move|p2a: Cherrim|Toxic|p1a: Kricketune\n|-status|p1a: Kricketune|tox\n|\n|-heal|p2a: Cherrim|281/293|[from] item: Leftovers\n|-damage|p1a: Kricketune|290/309 tox|[from] psn\n|upkeep\n|turn|3\n|\n|t:|1770736974\n|switch|p2a: Hippowdon|Hippowdon, L81, F|308/308\n|-weather|Sandstorm|[from] ability: Sand Stream|[of] p2a: Hippowdon\n|move|p1a: Kricketune|Sticky Web|p2a: Hippowdon\n|-sidestart|p2: Glenn M5|move: Sticky Web\n|\n|-weather|Sandstorm|[upkeep]\n|-damage|p1a: Kricketune|271/309 tox|[from] Sandstorm\n|-heal|p1a: Kricketune|290/309 tox|[from] item: Leftovers\n|-damage|p1a: Kricketune|252/309 tox|[from] psn\n|upkeep\n|turn|4\n|\n|t:|1770736978\n|move|p1a: Kricketune|Taunt|p2a: Hippowdon\n|-start|p2a: Hippowdon|move: Taunt\n|cant|p2a: Hippowdon|move: Taunt|Stealth Rock\n|\n|-weather|Sandstorm|[upkeep]\n|-damage|p1a: Kricketune|233/309 tox|[from] Sandstorm\n|-heal|p1a: Kricketune|252/309 tox|[from] item: Leftovers\n|-damage|p1a: Kricketune|195/309 tox|[from] psn\n|upkeep\n|turn|5\n|\n|t:|1770736985\n|switch|p1a: Blastoise|Blastoise-Mega, L81, M|261/261\n|move|p2a: Hippowdon|Stone Edge|p1a: Blastoise|[miss]\n|-miss|p2a: Hippowdon|p1a: Blastoise\n|\n|-weather|Sandstorm|[upkeep]\n|-damage|p1a: Blastoise|245/261|[from] Sandstorm\n|upkeep\n|turn|6\n|\n|t:|1770736991\n|switch|p2a: Cherrim|Cherrim, L97, M|281/293\n|-activate|p2a: Cherrim|move: Sticky Web\n|-unboost|p2a: Cherrim|spe|1\n|move|p1a: Blastoise|Scald|p2a: Cherrim\n|-resisted|p2a: Cherrim\n|-damage|p2a: Cherrim|233/293\n|\n|-weather|Sandstorm|[upkeep]\n|-damage|p1a: Blastoise|229/261|[from] Sandstorm\n|-damage|p2a: Cherrim|215/293|[from] Sandstorm\n|-heal|p2a: Cherrim|233/293|[from] item: Leftovers\n|upkeep\n|turn|7\n|\n|t:|1770737008\n|switch|p1a: Heatran|Heatran, L78, M|270/270\n|move|p2a: Cherrim|Energy Ball|p1a: Heatran\n|-resisted|p1a: Heatran\n|-damage|p1a: Heatran|244/270\n|\n|-weather|none\n|-heal|p1a: Heatran|260/270|[from] item: Leftovers\n|-heal|p2a: Cherrim|251/293|[from] item: Leftovers\n|upkeep\n|turn|8\n|\n|t:|1770737017\n|move|p1a: Heatran|Magma Storm|p2a: Cherrim\n|-supereffective|p2a: Cherrim\n|-damage|p2a: Cherrim|45/293\n|-activate|p2a: Cherrim|move: Magma Storm|[of] p1a: Heatran\n|move|p2a: Cherrim|Hidden Power|p1a: Heatran\n|-supereffective|p1a: Heatran\n|-damage|p1a: Heatran|72/270\n|\n|-heal|p1a: Heatran|88/270|[from] item: Leftovers\n|-heal|p2a: Cherrim|63/293|[from] item: Leftovers\n|-damage|p2a: Cherrim|27/293|[from] move: Magma Storm|[partiallytrapped]\n|upkeep\n|turn|9\n|\n|t:|1770737026\n|move|p1a: Heatran|Earth Power|p2a: Cherrim\n|-resisted|p2a: Cherrim\n|-crit|p2a: Cherrim\n|-damage|p2a: Cherrim|0 fnt\n|faint|p2a: Cherrim\n|\n|-heal|p1a: Heatran|104/270|[from] item: Leftovers\n|upkeep\n|\n|t:|1770737030\n|switch|p2a: Hippowdon|Hippowdon, L81, F|308/308\n|-activate|p2a: Hippowdon|move: Sticky Web\n|-unboost|p2a: Hippowdon|spe|1\n|-weather|Sandstorm|[from] ability: Sand Stream|[of] p2a: Hippowdon\n|turn|10\n|\n|t:|1770737034\n|switch|p1a: Carnivine|Carnivine, M|310/310\n|move|p2a: Hippowdon|Stealth Rock|p1a: Carnivine\n|-sidestart|p1: taske|move: Stealth Rock\n|\n|-weather|Sandstorm|[upkeep]\n|-damage|p1a: Carnivine|291/310|[from] Sandstorm\n|-heal|p1a: Carnivine|310/310|[from] item: Leftovers\n|upkeep\n|turn|11\n|inactive|Glenn M5 has 120 seconds left.\n|inactive|Glenn M5 has 90 seconds left.\n|\n|t:|1770737098\n|switch|p2a: Aromatisse|Aromatisse, L89, M|325/325\n|-activate|p2a: Aromatisse|move: Sticky Web\n|-unboost|p2a: Aromatisse|spe|1\n|move|p1a: Carnivine|Knock Off|p2a: Aromatisse\n|-resisted|p2a: Aromatisse\n|-damage|p2a: Aromatisse|269/325\n|-enditem|p2a: Aromatisse|Leftovers|[from] move: Knock Off|[of] p1a: Carnivine\n|\n|-weather|Sandstorm|[upkeep]\n|-damage|p1a: Carnivine|291/310|[from] Sandstorm\n|-damage|p2a: Aromatisse|249/325|[from] Sandstorm\n|-heal|p1a: Carnivine|310/310|[from] item: Leftovers\n|upkeep\n|turn|12\n|inactive|Glenn M5 has 90 seconds left.\n|\n|t:|1770737108\n|move|p1a: Carnivine|Power Whip|p2a: Aromatisse\n|-damage|p2a: Aromatisse|47/325\n|move|p2a: Aromatisse|Wish|p2a: Aromatisse\n|\n|-weather|Sandstorm|[upkeep]\n|-damage|p1a: Carnivine|291/310|[from] Sandstorm\n|-damage|p2a: Aromatisse|27/325|[from] Sandstorm\n|-heal|p1a: Carnivine|310/310|[from] item: Leftovers\n|upkeep\n|turn|13\n|\n|t:|1770737125\n|move|p2a: Aromatisse|Protect|p2a: Aromatisse\n|-singleturn|p2a: Aromatisse|Protect\n|move|p1a: Carnivine|Toxic|p2a: Aromatisse\n|-activate|p2a: Aromatisse|move: Protect\n|\n|-weather|Sandstorm|[upkeep]\n|-damage|p1a: Carnivine|291/310|[from] Sandstorm\n|-damage|p2a: Aromatisse|7/325|[from] Sandstorm\n|-heal|p2a: Aromatisse|169/325|[from] move: Wish|[wisher] Aromatisse\n|-heal|p1a: Carnivine|310/310|[from] item: Leftovers\n|upkeep\n|turn|14\n|\n|t:|1770737130\n|move|p1a: Carnivine|Power Whip|p2a: Aromatisse\n|-damage|p2a: Aromatisse|0 fnt\n|faint|p2a: Aromatisse\n|\n|-weather|none\n|upkeep\n|\n|t:|1770737134\n|switch|p2a: Nidoqueen|Nidoqueen, L81, F|278/278\n|-activate|p2a: Nidoqueen|move: Sticky Web\n|-unboost|p2a: Nidoqueen|spe|1\n|turn|15\n|\n|t:|1770737150\n|switch|p1a: Kricketune|Kricketune, L98, M|195/309 tox\n|-damage|p1a: Kricketune|118/309 tox|[from] Stealth Rock\n|move|p2a: Nidoqueen|Sludge Wave|p1a: Kricketune\n|-damage|p1a: Kricketune|0 fnt\n|faint|p1a: Kricketune\n|\n|upkeep\n|\n|t:|1770737153\n|switch|p1a: Blastoise|Blastoise-Mega, L81, M|229/261\n|-damage|p1a: Blastoise|197/261|[from] Stealth Rock\n|turn|16\n|\n|t:|1770737158\n|switch|p2a: Seaking|Seaking, L93, F|300/300\n|-activate|p2a: Seaking|move: Sticky Web\n|-unboost|p2a: Seaking|spe|1\n|move|p1a: Blastoise|Scald|p2a: Seaking\n|-resisted|p2a: Seaking\n|-damage|p2a: Seaking|251/300\n|\n|upkeep\n|turn|17\n|\n|t:|1770737178\n|move|p1a: Blastoise|Scald|p2a: Seaking\n|-resisted|p2a: Seaking\n|-damage|p2a: Seaking|203/300\n|move|p2a: Seaking|Knock Off|p1a: Blastoise\n|-damage|p1a: Blastoise|137/261\n|-damage|p2a: Seaking|173/300|[from] item: Life Orb\n|\n|upkeep\n|turn|18\n|\n|t:|1770737184\n|move|p1a: Blastoise|Scald|p2a: Seaking\n|-resisted|p2a: Seaking\n|-crit|p2a: Seaking\n|-damage|p2a: Seaking|95/300\n|-status|p2a: Seaking|brn\n|move|p2a: Seaking|Drill Run|p1a: Blastoise\n|-damage|p1a: Blastoise|103/261\n|-damage|p2a: Seaking|65/300 brn|[from] item: Life Orb\n|\n|-damage|p2a: Seaking|28/300 brn|[from] brn\n|upkeep\n|turn|19\n|\n|t:|1770737189\n|move|p1a: Blastoise|Rapid Spin|p2a: Seaking\n|-damage|p2a: Seaking|15/300 brn\n|-sideend|p1: taske|Stealth Rock|[from] move: Rapid Spin|[of] p1a: Blastoise\n|move|p2a: Seaking|Drill Run|p1a: Blastoise\n|-damage|p1a: Blastoise|69/261\n|-damage|p2a: Seaking|0 fnt|[from] item: Life Orb\n|faint|p2a: Seaking\n|\n|upkeep\n|\n|t:|1770737196\n|switch|p2a: Absol|Absol, L80, M|235/235\n|-activate|p2a: Absol|move: Sticky Web\n|-unboost|p2a: Absol|spe|1\n|turn|20\n|\n|t:|1770737201\n|detailschange|p2a: Absol|Absol-Mega, L80, M\n|-mega|p2a: Absol|Absol|Absolite\n|move|p2a: Absol|Sucker Punch|p1a: Blastoise\n|-damage|p1a: Blastoise|0 fnt\n|faint|p1a: Blastoise\n|detailschange|p1: Blastoise|Blastoise, L81, M|[silent]\n|\n|upkeep\n|\n|t:|1770737208\n|switch|p1a: Sawk|Sawk, L84, M|263/263\n|turn|21\n|\n|t:|1770737213\n|switch|p2a: Hippowdon|Hippowdon, L81, F|308/308\n|-activate|p2a: Hippowdon|move: Sticky Web\n|-unboost|p2a: Hippowdon|spe|1\n|-weather|Sandstorm|[from] ability: Sand Stream|[of] p2a: Hippowdon\n|move|p1a: Sawk|Earthquake|p2a: Hippowdon\n|-damage|p2a: Hippowdon|198/308\n|\n|-weather|Sandstorm|[upkeep]\n|-damage|p1a: Sawk|247/263|[from] Sandstorm\n|-heal|p2a: Hippowdon|217/308|[from] item: Leftovers\n|upkeep\n|turn|22\n|\n|t:|1770737217\n|switch|p1a: Carnivine|Carnivine, M|310/310\n|switch|p2a: Nidoqueen|Nidoqueen, L81, F|278/278\n|-activate|p2a: Nidoqueen|move: Sticky Web\n|-unboost|p2a: Nidoqueen|spe|1\n|\n|-weather|Sandstorm|[upkeep]\n|-damage|p1a: Carnivine|291/310|[from] Sandstorm\n|-heal|p1a: Carnivine|310/310|[from] item: Leftovers\n|upkeep\n|turn|23\n|\n|t:|1770737228\n|switch|p1a: Heatran|Heatran, L78, M|104/270\n|move|p2a: Nidoqueen|Earth Power|p1a: Heatran\n|-supereffective|p1a: Heatran\n|-damage|p1a: Heatran|0 fnt\n|faint|p1a: Heatran\n|\n|-weather|Sandstorm|[upkeep]\n|upkeep\n|\n|t:|1770737235\n|switch|p1a: Rotom|Rotom-Wash, L80|211/211\n|turn|24\n|\n|t:|1770737260\n|move|p1a: Rotom|Hydro Pump|p2a: Nidoqueen\n|-supereffective|p2a: Nidoqueen\n|-damage|p2a: Nidoqueen|48/278\n|move|p2a: Nidoqueen|Sludge Wave|p1a: Rotom\n|-damage|p1a: Rotom|86/211\n|\n|-weather|Sandstorm|[upkeep]\n|-damage|p1a: Rotom|73/211|[from] Sandstorm\n|-heal|p1a: Rotom|86/211|[from] item: Leftovers\n|upkeep\n|turn|25\n|\n|t:|1770737265\n|move|p1a: Rotom|Hydro Pump|p2a: Nidoqueen\n|-supereffective|p2a: Nidoqueen\n|-damage|p2a: Nidoqueen|0 fnt\n|faint|p2a: Nidoqueen\n|\n|-weather|none\n|-heal|p1a: Rotom|99/211|[from] item: Leftovers\n|upkeep\n|\n|t:|1770737272\n|switch|p2a: Absol|Absol-Mega, L80, M|235/235\n|-activate|p2a: Absol|move: Sticky Web\n|-unboost|p2a: Absol|spe|1\n|turn|26\n|\n|t:|1770737292\n|move|p2a: Absol|Sucker Punch|p1a: Rotom\n|-damage|p1a: Rotom|3/211\n|move|p1a: Rotom|Thunderbolt|p2a: Absol\n|-damage|p2a: Absol|99/235\n|-status|p2a: Absol|par\n|\n|-heal|p1a: Rotom|16/211|[from] item: Leftovers\n|upkeep\n|turn|27\n|\n|t:|1770737298\n|move|p1a: Rotom|Thunderbolt|p2a: Absol\n|-damage|p2a: Absol|0 fnt\n|faint|p2a: Absol\n|detailschange|p2: Absol|Absol, L80, M|[silent]\n|\n|-heal|p1a: Rotom|29/211|[from] item: Leftovers\n|upkeep\n|-message|Glenn M5 forfeited.\n|\n|win|taske\n|raw|taske's rating: 1545 &rarr; <strong>1580</strong><br />(+35 for winning)\n|raw|Glenn M5's rating: 1869 &rarr; <strong>1834</strong><br />(-35 for losing)\n|l|☆Glenn M5\n|player|p2|\n", "inputlog": ">version ccdc32dd7cde25fd9e4bed64820e885f66e78a4e\n>start {\"formatid\":\"gen6randombattle\",\"seed\":\"sodium,f5cf42f3fab730462d72b3a2ab630926\",\"rated\":\"Rated battle\"}\n>player p1 {\"name\":\"taske\",\"avatar\":\"swimmerf\",\"rating\":1545,\"seed\":\"sodium,26e7e3209aef613db9308c46acabc9f4\"}\n>player p2 {\"name\":\"Glenn M5\",\"avatar\":\"lucas\",\"rating\":1869,\"seed\":\"sodium,10fc257c0b880b9acd3773f39918fb08\"}\n>p1 move scald mega\n>p2 switch 2\n>p1 switch 3\n>p2 move toxic\n>p1 move stickyweb\n>p2 switch 5\n>p1 move taunt\n>p2 move stealthrock\n>p1 switch 3\n>p2 move stoneedge\n>p1 move scald\n>p2 switch 5\n>p1 switch 5\n>p2 move energyball\n>p1 move magmastorm\n>p2 move hiddenpower\n>p1 move earthpower\n>p2 move hiddenpower\n>p2 switch 5\n>p1 switch 4\n>p2 move stealthrock\n>p1 move knockoff\n>p2 switch 3\n>p1 move powerwhip\n>p2 move wish\n>p1 move toxic\n>p2 move protect\n>p1 move powerwhip\n>p2 move moonblast\n>p2 switch 2\n>p1 switch 3\n>p2 move sludgewave\n>p1 switch 5\n>p1 move scald\n>p2 switch 4\n>p1 move scald\n>p2 move knockoff\n>p1 move scald\n>p2 move drillrun\n>p1 move rapidspin\n>p2 move drillrun\n>p2 switch 6\n>p1 move aurasphere\n>p2 move suckerpunch mega\n>p1 switch 2\n>p1 move earthquake\n>p2 switch 3\n>p1 switch 3\n>p2 switch 4\n>p1 switch 4\n>p2 move earthpower\n>p1 switch 6\n>p1 move hydropump\n>p2 move sludgewave\n>p1 move hydropump\n>p2 move sludgewave\n>p2 switch 3\n>p1 move thunderbolt\n>p2 move suckerpunch\n>p1 move thunderbolt\n>p2 move playrough\n>forcelose p2", "uploadtime": 1770737313, "views": 241, "formatid": "gen6randombattle", "rating": 1580, "private": 0, "password": null}