{"id": "gen6randombattle-2540794180", "format": "[Gen 6] Random Battle", "players": ["The Goldfoot", "arboretums"], "log": "|j|☆The Goldfoot\n|j|☆arboretums\n|t:|1771254718\n|gametype|singles\n|player|p1|The Goldfoot|blaine|1556\n|player|p2|arboretums|serena-masters2|1575\n|gen|6\n|tier|[Gen 6] Random Battle\n|rated|\n|rule|Sleep Clause Mod: Limit one foe put to sleep\n|rule|HP Percentage Mod: HP is shown in percentages\n|rule|Illusion Level Mod: Illusion disguises the Pokémon's true level\n|\n|t:|1771254718\n|teamsize|p1|6\n|teamsize|p2|6\n|start\n|switch|p1a: Chimecho|Chimecho, L97, M|283/283\n|switch|p2a: Raticate|Raticate, L88, F|240/240\n|turn|1\n|inactive|Battle timer is ON: inactive players will automatically lose when time's up. (requested by arboretums)\n|inactive|arboretums has 120 seconds left.\n|inactive|arboretums has 90 seconds left.\n|\n|t:|1771254783\n|move|p2a: Raticate|Swords Dance|p2a: Raticate\n|-boost|p2a: Raticate|atk|2\n|move|p1a: Chimecho|Psychic|p2a: Raticate\n|-damage|p2a: Raticate|101/240\n|\n|-status|p2a: Raticate|tox|[from] item: Toxic Orb\n|upkeep\n|turn|2\n|\n|t:|1771254793\n|switch|p1a: Aurorus|Aurorus, L86, M|352/352\n|move|p2a: Raticate|Crunch|p1a: Aurorus\n|-crit|p1a: Aurorus\n|-damage|p1a: Aurorus|64/352\n|\n|-heal|p1a: Aurorus|86/352|[from] item: Leftovers\n|-damage|p2a: Raticate|86/240 tox|[from] psn\n|upkeep\n|turn|3\n|\n|t:|1771254802\n|move|p2a: Raticate|Facade|p1a: Aurorus\n|-resisted|p1a: Aurorus\n|-damage|p1a: Aurorus|0 fnt\n|faint|p1a: Aurorus\n|\n|-damage|p2a: Raticate|56/240 tox|[from] psn\n|upkeep\n|\n|t:|1771254811\n|switch|p1a: Liepard|Liepard, L85, F|248/248\n|turn|4\n|\n|t:|1771254817\n|move|p2a: Raticate|Sucker Punch|p1a: Liepard\n|-resisted|p1a: Liepard\n|-crit|p1a: Liepard\n|-damage|p1a: Liepard|64/248\n|move|p1a: Liepard|Knock Off|p2a: Raticate\n|-damage|p2a: Raticate|0 fnt\n|-enditem|p2a: Raticate|Toxic Orb|[from] move: Knock Off|[of] p1a: Liepard\n|faint|p2a: Raticate\n|\n|-heal|p1a: Liepard|79/248|[from] item: Leftovers\n|upkeep\n|\n|t:|1771254825\n|switch|p2a: Flygon|Flygon, L83, M|268/268\n|turn|5\n|\n|t:|1771254829\n|switch|p1a: Tangrowth|Tangrowth, L88, M|319/319\n|move|p2a: Flygon|Earthquake|p1a: Tangrowth\n|-resisted|p1a: Tangrowth\n|-damage|p1a: Tangrowth|283/319\n|\n|-heal|p1a: Tangrowth|302/319|[from] item: Leftovers\n|upkeep\n|turn|6\n|\n|t:|1771254838\n|switch|p2a: Regigigas|Regigigas, L84|322/322\n|-start|p2a: Regigigas|ability: Slow Start\n|move|p1a: Tangrowth|Sleep Powder|p2a: Regigigas\n|-status|p2a: Regigigas|slp|[from] move: Sleep Powder\n|\n|-heal|p1a: Tangrowth|319/319|[from] item: Leftovers\n|upkeep\n|turn|7\n|\n|t:|1771254844\n|switch|p1a: Swoobat|Swoobat, L87, F|258/258\n|cant|p2a: Regigigas|slp\n|\n|upkeep\n|turn|8\n|\n|t:|1771254846\n|move|p1a: Swoobat|Calm Mind|p1a: Swoobat\n|-boost|p1a: Swoobat|spa|2\n|-boost|p1a: Swoobat|spd|2\n|cant|p2a: Regigigas|slp\n|\n|upkeep\n|turn|9\n|\n|t:|1771254849\n|move|p1a: Swoobat|Stored Power|p2a: Regigigas\n|-damage|p2a: Regigigas|163/322 slp\n|cant|p2a: Regigigas|slp\n|\n|-heal|p2a: Regigigas|183/322 slp|[from] item: Leftovers\n|upkeep\n|turn|10\n|\n|t:|1771254855\n|switch|p1a: Tangrowth|Tangrowth, L88, M|319/319\n|-curestatus|p2a: Regigigas|slp|[msg]\n|move|p2a: Regigigas|Thunder Wave|p1a: Tangrowth\n|-status|p1a: Tangrowth|par\n|\n|-heal|p2a: Regigigas|203/322|[from] item: Leftovers\n|upkeep\n|turn|11\n|\n|t:|1771254876\n|switch|p2a: Flygon|Flygon, L83, M|268/268\n|move|p1a: Tangrowth|Sleep Powder|p2a: Flygon\n|-status|p2a: Flygon|slp|[from] move: Sleep Powder\n|\n|upkeep\n|turn|12\n|\n|t:|1771254888\n|switch|p2a: Aromatisse|Aromatisse, L89, M|325/325\n|move|p1a: Tangrowth|Leaf Storm|p2a: Aromatisse\n|-damage|p2a: Aromatisse|174/325\n|-unboost|p1a: Tangrowth|spa|2\n|\n|-heal|p2a: Aromatisse|194/325|[from] item: Leftovers\n|upkeep\n|turn|13\n|\n|t:|1771254899\n|switch|p1a: Braviary|Braviary, L82, M|298/298\n|move|p2a: Aromatisse|Wish|p2a: Aromatisse\n|\n|-heal|p2a: Aromatisse|214/325|[from] item: Leftovers\n|upkeep\n|turn|14\n|\n|t:|1771254912\n|move|p1a: Braviary|Brave Bird|p2a: Aromatisse\n|-damage|p2a: Aromatisse|63/325\n|-damage|p1a: Braviary|248/298|[from] Recoil\n|move|p2a: Aromatisse|Moonblast|p1a: Braviary\n|-damage|p1a: Braviary|121/298\n|\n|-heal|p2a: Aromatisse|225/325|[from] move: Wish|[wisher] Aromatisse\n|-heal|p2a: Aromatisse|245/325|[from] item: Leftovers\n|upkeep\n|turn|15\n|\n|t:|1771254924\n|move|p1a: Braviary|Brave Bird|p2a: Aromatisse\n|-damage|p2a: Aromatisse|98/325\n|-damage|p1a: Braviary|72/298|[from] Recoil\n|move|p2a: Aromatisse|Moonblast|p1a: Braviary\n|-damage|p1a: Braviary|0 fnt\n|faint|p1a: Braviary\n|\n|-heal|p2a: Aromatisse|118/325|[from] item: Leftovers\n|upkeep\n|\n|t:|1771254935\n|switch|p1a: Liepard|Liepard, L85, F|79/248\n|turn|16\n|\n|t:|1771254938\n|move|p1a: Liepard|Encore|p2a: Aromatisse\n|-block|p2a: Aromatisse|ability: Aroma Veil|[of] p2a: Aromatisse\n|move|p2a: Aromatisse|Moonblast|p1a: Liepard\n|-supereffective|p1a: Liepard\n|-damage|p1a: Liepard|0 fnt\n|faint|p1a: Liepard\n|\n|-heal|p2a: Aromatisse|138/325|[from] item: Leftovers\n|upkeep\n|\n|t:|1771254941\n|switch|p1a: Swoobat|Swoobat, L87, F|258/258\n|turn|17\n|\n|t:|1771254943\n|move|p1a: Swoobat|Calm Mind|p1a: Swoobat\n|-boost|p1a: Swoobat|spa|2\n|-boost|p1a: Swoobat|spd|2\n|move|p2a: Aromatisse|Toxic|p1a: Swoobat\n|-status|p1a: Swoobat|tox\n|\n|-heal|p2a: Aromatisse|158/325|[from] item: Leftovers\n|-damage|p1a: Swoobat|242/258 tox|[from] psn\n|upkeep\n|turn|18\n|\n|t:|1771254946\n|move|p1a: Swoobat|Stored Power|p2a: Aromatisse\n|-damage|p2a: Aromatisse|0 fnt\n|faint|p2a: Aromatisse\n|\n|-heal|p1a: Swoobat|258/258 tox|[from] item: Leftovers\n|-damage|p1a: Swoobat|226/258 tox|[from] psn\n|upkeep\n|\n|t:|1771254959\n|switch|p2a: Regigigas|Regigigas, L84|203/322\n|-start|p2a: Regigigas|ability: Slow Start\n|turn|19\n|\n|t:|1771254965\n|switch|p1a: Tangrowth|Tangrowth, L88, M|319/319 par\n|move|p2a: Regigigas|Knock Off|p1a: Tangrowth\n|-damage|p1a: Tangrowth|281/319 par\n|-enditem|p1a: Tangrowth|Leftovers|[from] move: Knock Off|[of] p2a: Regigigas\n|\n|-heal|p2a: Regigigas|223/322|[from] item: Leftovers\n|upkeep\n|turn|20\n|\n|t:|1771254973\n|switch|p2a: Flygon|Flygon, L83, M|268/268 slp\n|move|p1a: Tangrowth|Knock Off|p2a: Flygon\n|-damage|p2a: Flygon|180/268 slp\n|-enditem|p2a: Flygon|Leftovers|[from] move: Knock Off|[of] p1a: Tangrowth\n|\n|upkeep\n|turn|21\n|\n|t:|1771254980\n|switch|p1a: Swoobat|Swoobat, L87, F|226/258 tox\n|cant|p2a: Flygon|slp\n|\n|-heal|p1a: Swoobat|242/258 tox|[from] item: Leftovers\n|-damage|p1a: Swoobat|226/258 tox|[from] psn\n|upkeep\n|turn|22\n|\n|t:|1771254995\n|switch|p2a: Regigigas|Regigigas, L84|223/322\n|-start|p2a: Regigigas|ability: Slow Start\n|move|p1a: Swoobat|Calm Mind|p1a: Swoobat\n|-boost|p1a: Swoobat|spa|2\n|-boost|p1a: Swoobat|spd|2\n|\n|-heal|p1a: Swoobat|242/258 tox|[from] item: Leftovers\n|-heal|p2a: Regigigas|243/322|[from] item: Leftovers\n|-damage|p1a: Swoobat|210/258 tox|[from] psn\n|upkeep\n|turn|23\n|\n|t:|1771255000\n|move|p1a: Swoobat|Stored Power|p2a: Regigigas\n|-crit|p2a: Regigigas\n|-damage|p2a: Regigigas|0 fnt\n|faint|p2a: Regigigas\n|-end|p2a: Regigigas|Slow Start|[silent]\n|\n|-heal|p1a: Swoobat|226/258 tox|[from] item: Leftovers\n|-damage|p1a: Swoobat|178/258 tox|[from] psn\n|upkeep\n|c|☆arboretums|of course dude\n|\n|t:|1771255009\n|switch|p2a: Gyarados|Gyarados, L74, F|263/263\n|-ability|p2a: Gyarados|Intimidate|boost\n|-unboost|p1a: Swoobat|atk|2\n|turn|24\n|\n|t:|1771255020\n|switch|p1a: Tangrowth|Tangrowth, L88, M|319/319 par\n|switch|p2a: Flygon|Flygon, L83, M|180/268 slp\n|\n|upkeep\n|turn|25\n|\n|t:|1771255025\n|-curestatus|p2a: Flygon|slp|[msg]\n|move|p2a: Flygon|Draco Meteor|p1a: Tangrowth\n|-damage|p1a: Tangrowth|162/319 par\n|-unboost|p2a: Flygon|spa|2\n|cant|p1a: Tangrowth|par\n|\n|upkeep\n|turn|26\n|\n|t:|1771255044\n|move|p2a: Flygon|Draco Meteor|p1a: Tangrowth\n|-damage|p1a: Tangrowth|72/319 par\n|-unboost|p2a: Flygon|spa|2\n|move|p1a: Tangrowth|Morning Sun|p1a: Tangrowth\n|-heal|p1a: Tangrowth|231/319 par\n|\n|upkeep\n|turn|27\n|\n|t:|1771255051\n|move|p2a: Flygon|Draco Meteor|p1a: Tangrowth|[miss]\n|-miss|p2a: Flygon|p1a: Tangrowth\n|move|p1a: Tangrowth|Sleep Powder|p2a: Flygon|[miss]\n|-miss|p1a: Tangrowth|p2a: Flygon\n|\n|upkeep\n|turn|28\n|\n|t:|1771255055\n|move|p2a: Flygon|Draco Meteor|p1a: Tangrowth\n|-damage|p1a: Tangrowth|171/319 par\n|-unboost|p2a: Flygon|spa|2\n|move|p1a: Tangrowth|Sleep Powder|p2a: Flygon\n|-status|p2a: Flygon|slp|[from] move: Sleep Powder\n|\n|upkeep\n|turn|29\n|\n|t:|1771255063\n|cant|p2a: Flygon|slp\n|move|p1a: Tangrowth|Morning Sun|p1a: Tangrowth\n|-heal|p1a: Tangrowth|319/319 par\n|\n|upkeep\n|turn|30\n|\n|t:|1771255069\n|switch|p1a: Chimecho|Chimecho, L97, M|283/283\n|cant|p2a: Flygon|slp\n|\n|upkeep\n|turn|31\n|\n|t:|1771255080\n|cant|p2a: Flygon|slp\n|move|p1a: Chimecho|Calm Mind|p1a: Chimecho\n|-boost|p1a: Chimecho|spa|1\n|-boost|p1a: Chimecho|spd|1\n|\n|upkeep\n|turn|32\n|\n|t:|1771255083\n|switch|p2a: Gyarados|Gyarados, L74, F|263/263\n|-ability|p2a: Gyarados|Intimidate|boost\n|-unboost|p1a: Chimecho|atk|1\n|move|p1a: Chimecho|Calm Mind|p1a: Chimecho\n|-boost|p1a: Chimecho|spa|1\n|-boost|p1a: Chimecho|spd|1\n|\n|upkeep\n|turn|33\n|\n|t:|1771255087\n|detailschange|p2a: Gyarados|Gyarados-Mega, L74, F\n|-mega|p2a: Gyarados|Gyarados|Gyaradosite\n|-ability|p2a: Gyarados|Mold Breaker\n|move|p1a: Chimecho|Signal Beam|p2a: Gyarados\n|-supereffective|p2a: Gyarados\n|-damage|p2a: Gyarados|43/263\n|move|p2a: Gyarados|Dragon Dance|p2a: Gyarados\n|-boost|p2a: Gyarados|atk|1\n|-boost|p2a: Gyarados|spe|1\n|\n|upkeep\n|turn|34\n|\n|t:|1771255097\n|move|p2a: Gyarados|Crunch|p1a: Chimecho\n|-supereffective|p1a: Chimecho\n|-damage|p1a: Chimecho|0 fnt\n|faint|p1a: Chimecho\n|\n|upkeep\n|\n|t:|1771255099\n|switch|p1a: Tangrowth|Tangrowth, L88, M|319/319 par\n|turn|35\n|\n|t:|1771255108\n|move|p2a: Gyarados|Crunch|p1a: Tangrowth\n|-damage|p1a: Tangrowth|211/319 par\n|move|p1a: Tangrowth|Leaf Storm|p2a: Gyarados\n|-supereffective|p2a: Gyarados\n|-damage|p2a: Gyarados|0 fnt\n|-unboost|p1a: Tangrowth|spa|2\n|faint|p2a: Gyarados\n|detailschange|p2: Gyarados|Gyarados, L74, F|[silent]\n|\n|upkeep\n|\n|t:|1771255110\n|switch|p2a: Simipour|Simipour, L86, F|269/269\n|turn|36\n|\n|t:|1771255117\n|move|p2a: Simipour|Substitute|p2a: Simipour\n|-start|p2a: Simipour|Substitute\n|-damage|p2a: Simipour|202/269\n|move|p1a: Tangrowth|Leaf Storm|p2a: Simipour\n|-supereffective|p2a: Simipour\n|-end|p2a: Simipour|Substitute\n|-unboost|p1a: Tangrowth|spa|2\n|\n|-heal|p2a: Simipour|218/269|[from] item: Leftovers\n|upkeep\n|turn|37\n|\n|t:|1771255119\n|switch|p1a: Swoobat|Swoobat, L87, F|178/258 tox\n|move|p2a: Simipour|Substitute|p2a: Simipour\n|-start|p2a: Simipour|Substitute\n|-damage|p2a: Simipour|151/269\n|\n|-heal|p1a: Swoobat|194/258 tox|[from] item: Leftovers\n|-heal|p2a: Simipour|167/269|[from] item: Leftovers\n|-damage|p1a: Swoobat|178/258 tox|[from] psn\n|upkeep\n|turn|38\n|\n|t:|1771255123\n|move|p1a: Swoobat|Stored Power|p2a: Simipour\n|-activate|p2a: Simipour|move: Substitute|[damage]\n|move|p2a: Simipour|Nasty Plot|p2a: Simipour\n|-boost|p2a: Simipour|spa|2\n|\n|-heal|p1a: Swoobat|194/258 tox|[from] item: Leftovers\n|-heal|p2a: Simipour|183/269|[from] item: Leftovers\n|-damage|p1a: Swoobat|162/258 tox|[from] psn\n|upkeep\n|turn|39\n|\n|t:|1771255126\n|move|p1a: Swoobat|Stored Power|p2a: Simipour\n|-activate|p2a: Simipour|move: Substitute|[damage]\n|move|p2a: Simipour|Ice Beam|p1a: Swoobat\n|-supereffective|p1a: Swoobat\n|-damage|p1a: Swoobat|0 fnt\n|faint|p1a: Swoobat\n|\n|-heal|p2a: Simipour|199/269|[from] item: Leftovers\n|upkeep\n|\n|t:|1771255130\n|switch|p1a: Tangrowth|Tangrowth, L88, M|317/319 par\n|turn|40\n|\n|t:|1771255132\n|move|p2a: Simipour|Ice Beam|p1a: Tangrowth\n|-supereffective|p1a: Tangrowth\n|-crit|p1a: Tangrowth\n|-damage|p1a: Tangrowth|0 fnt\n|faint|p1a: Tangrowth\n|\n|win|arboretums\n|raw|The Goldfoot's rating: 1556 &rarr; <strong>1537</strong><br />(-19 for losing)\n|raw|arboretums's rating: 1575 &rarr; <strong>1594</strong><br />(+19 for winning)\n", "inputlog": ">version 686819e5e19f8a7fd2345cfc5a08a5085efa2cc3\n>start {\"formatid\":\"gen6randombattle\",\"seed\":\"sodium,6119a73c2e207d79bbe7dd92e6854627\",\"rated\":\"Rated battle\"}\n>player p1 {\"name\":\"The Goldfoot\",\"avatar\":\"blaine\",\"rating\":1556,\"seed\":\"sodium,831cb9293cfb8e31eddfe3a15bf2bc06\"}\n>player p2 {\"name\":\"arboretums\",\"avatar\":\"serena-masters2\",\"rating\":1575,\"seed\":\"sodium,8b0b8cd77d7dafcf27d8d85a500e02ac\"}\n>p1 move psychic\n>p2 move swordsdance\n>p1 switch 2\n>p2 move crunch\n>p1 move hypervoice\n>p2 move facade\n>p1 switch 6\n>p1 move knockoff\n>p2 move suckerpunch\n>p2 switch 6\n>p1 switch 3\n>p2 move earthquake\n>p1 move sleeppowder\n>p2 switch 4\n>p1 switch 4\n>p2 move thunderwave\n>p1 move calmmind\n>p2 move thunderwave\n>p1 move storedpower\n>p2 move thunderwave\n>p1 switch 4\n>p2 move thunderwave\n>p1 move sleeppowder\n>p2 switch 4\n>p1 move leafstorm\n>p2 switch 2\n>p1 switch 5\n>p2 move wish\n>p1 move bravebird\n>p2 move moonblast\n>p1 move bravebird\n>p2 move moonblast\n>p1 switch 3\n>p1 move encore\n>p2 move moonblast\n>p1 switch 4\n>p1 move calmmind\n>p2 move toxic\n>p1 move storedpower\n>p2 move wish\n>p2 switch 4\n>p1 switch 5\n>p2 move knockoff\n>p1 move knockoff\n>p2 switch 2\n>p1 switch 5\n>p2 move dracometeor\n>p1 move calmmind\n>p2 switch 2\n>p1 move storedpower\n>p2 move return\n>chat ☆arboretums|of course dude\n>p2 switch 5\n>p1 switch 5\n>p2 switch 2\n>p1 move leafstorm\n>p2 move dracometeor\n>p1 move morningsun\n>p2 move dracometeor\n>p1 move sleeppowder\n>p2 move dracometeor\n>p1 move sleeppowder\n>p2 move dracometeor\n>p1 move morningsun\n>p2 move dracometeor\n>p1 switch 2\n>p2 move dracometeor\n>p1 move calmmind\n>p2 move dracometeor\n>p1 move calmmind\n>p2 switch 2\n>p1 move signalbeam\n>p2 move dragondance mega\n>p1 move signalbeam\n>p2 move crunch\n>p1 switch 2\n>p1 move leafstorm\n>p2 move crunch\n>p2 switch 3\n>p1 move leafstorm\n>p2 move substitute\n>p1 switch 5\n>p2 move substitute\n>p1 move storedpower\n>p2 move nastyplot\n>p1 move storedpower\n>p2 move icebeam\n>p1 switch 5\n>p1 move knockoff\n>p2 move icebeam", "uploadtime": 1771255133, "views": 9, "formatid": "gen6randombattle", "rating": 1537, "private": 0, "password": null}