{"id": "gen6randombattle-2523960521", "format": "[Gen 6] Random Battle", "players": ["RNGgivethRNGtaketh", "alalestrasuave"], "log": "|j|☆RNGgivethRNGtaketh\n|j|☆alalestrasuave\n|t:|1769094920\n|gametype|singles\n|player|p1|RNGgivethRNGtaketh|brock|1633\n|player|p2|alalestrasuave|101|1684\n|gen|6\n|tier|[Gen 6] Random Battle\n|rated|\n|rule|Sleep Clause Mod: Limit one foe put to sleep\n|rule|HP Percentage Mod: HP is shown in percentages\n|rule|Illusion Level Mod: Illusion disguises the Pokémon's true level\n|\n|t:|1769094920\n|teamsize|p1|6\n|teamsize|p2|6\n|start\n|switch|p1a: Floatzel|Floatzel, L86, M|286/286\n|switch|p2a: Primeape|Primeape, L87, M|255/255\n|turn|1\n|\n|t:|1769094947\n|move|p2a: Primeape|Close Combat|p1a: Floatzel\n|-damage|p1a: Floatzel|79/286\n|-unboost|p2a: Primeape|def|1\n|-unboost|p2a: Primeape|spd|1\n|move|p1a: Floatzel|Waterfall|p2a: Primeape\n|-damage|p2a: Primeape|0 fnt\n|faint|p2a: Primeape\n|\n|upkeep\n|\n|t:|1769094959\n|switch|p2a: Talonflame|Talonflame, L79, F|253/253\n|turn|2\n|\n|t:|1769094969\n|switch|p1a: Gigalith|Gigalith, L85, F|283/283\n|move|p2a: Talonflame|Brave Bird|p1a: Gigalith\n|-resisted|p1a: Gigalith\n|-damage|p1a: Gigalith|241/283\n|-damage|p2a: Talonflame|239/253|[from] Recoil\n|\n|upkeep\n|turn|3\n|\n|t:|1769094988\n|switch|p2a: Jellicent|Jellicent, L85, M|309/309\n|move|p1a: Gigalith|Stone Edge|p2a: Jellicent\n|-damage|p2a: Jellicent|66/309\n|\n|-heal|p2a: Jellicent|85/309|[from] item: Leftovers\n|upkeep\n|turn|4\n|\n|t:|1769094996\n|switch|p1a: Floatzel|Floatzel, L86, M|79/286\n|move|p2a: Jellicent|Recover|p2a: Jellicent\n|-heal|p2a: Jellicent|240/309\n|\n|-heal|p2a: Jellicent|259/309|[from] item: Leftovers\n|upkeep\n|turn|5\n|\n|t:|1769094999\n|move|p1a: Floatzel|Crunch|p2a: Jellicent\n|-supereffective|p2a: Jellicent\n|-damage|p2a: Jellicent|47/309\n|-unboost|p2a: Jellicent|def|1\n|move|p2a: Jellicent|Toxic|p1a: Floatzel\n|-status|p1a: Floatzel|tox\n|\n|-heal|p2a: Jellicent|66/309|[from] item: Leftovers\n|-damage|p1a: Floatzel|62/286 tox|[from] psn\n|upkeep\n|turn|6\n|\n|t:|1769095004\n|switch|p2a: Spiritomb|Spiritomb, L88, M|231/231\n|move|p1a: Floatzel|Crunch|p2a: Spiritomb\n|-damage|p2a: Spiritomb|152/231\n|-unboost|p2a: Spiritomb|def|1\n|\n|-heal|p2a: Spiritomb|166/231|[from] item: Leftovers\n|-damage|p1a: Floatzel|28/286 tox|[from] psn\n|upkeep\n|turn|7\n|\n|t:|1769095031\n|switch|p2a: Crustle|Crustle, L82, M|249/249\n|move|p1a: Floatzel|Crunch|p2a: Crustle\n|-damage|p2a: Crustle|181/249\n|\n|-damage|p1a: Floatzel|0 fnt|[from] psn\n|faint|p1a: Floatzel\n|upkeep\n|\n|t:|1769095040\n|switch|p1a: Gigalith|Gigalith, L85, F|241/283\n|turn|8\n|\n|t:|1769095070\n|move|p2a: Crustle|Shell Smash|p2a: Crustle\n|-unboost|p2a: Crustle|def|1\n|-unboost|p2a: Crustle|spd|1\n|-boost|p2a: Crustle|atk|2\n|-boost|p2a: Crustle|spa|2\n|-boost|p2a: Crustle|spe|2\n|-enditem|p2a: Crustle|White Herb\n|-clearnegativeboost|p2a: Crustle|[silent]\n|move|p1a: Gigalith|Stone Edge|p2a: Crustle|[miss]\n|-miss|p1a: Gigalith|p2a: Crustle\n|\n|upkeep\n|turn|9\n|\n|t:|1769095074\n|move|p2a: Crustle|Earthquake|p1a: Gigalith\n|-supereffective|p1a: Gigalith\n|-damage|p1a: Gigalith|51/283\n|move|p1a: Gigalith|Stone Edge|p2a: Crustle\n|-supereffective|p2a: Crustle\n|-damage|p2a: Crustle|0 fnt\n|faint|p2a: Crustle\n|\n|upkeep\n|\n|t:|1769095083\n|switch|p2a: Jellicent|Jellicent, L85, M|66/309\n|turn|10\n|\n|t:|1769095087\n|move|p2a: Jellicent|Scald|p1a: Gigalith\n|-supereffective|p1a: Gigalith\n|-damage|p1a: Gigalith|0 fnt\n|faint|p1a: Gigalith\n|\n|-heal|p2a: Jellicent|85/309|[from] item: Leftovers\n|upkeep\n|\n|t:|1769095091\n|switch|p1a: Mesprit|Mesprit, L85|275/275\n|turn|11\n|\n|t:|1769095094\n|switch|p2a: Spiritomb|Spiritomb, L88, M|166/231\n|move|p1a: Mesprit|Knock Off|p2a: Spiritomb\n|-damage|p2a: Spiritomb|101/231\n|-enditem|p2a: Spiritomb|Leftovers|[from] move: Knock Off|[of] p1a: Mesprit\n|\n|upkeep\n|turn|12\n|inactive|Battle timer is ON: inactive players will automatically lose when time's up. (requested by alalestrasuave)\n|\n|t:|1769095111\n|move|p1a: Mesprit|U-turn|p2a: Spiritomb\n|-damage|p2a: Spiritomb|53/231\n|\n|t:|1769095114\n|switch|p1a: Houndoom|Houndoom, L80, M|251/251|[from] U-turn\n|move|p2a: Spiritomb|Rest|p2a: Spiritomb\n|-status|p2a: Spiritomb|slp|[from] move: Rest\n|-heal|p2a: Spiritomb|231/231 slp|[silent]\n|\n|upkeep\n|turn|13\n|\n|t:|1769095121\n|switch|p2a: Heatran|Heatran, L78, F|270/270\n|detailschange|p1a: Houndoom|Houndoom-Mega, L80, M\n|-mega|p1a: Houndoom|Houndoom|Houndoominite\n|move|p1a: Houndoom|Nasty Plot|p1a: Houndoom\n|-boost|p1a: Houndoom|spa|2\n|\n|upkeep\n|turn|14\n|\n|t:|1769095127\n|move|p1a: Houndoom|Dark Pulse|p2a: Heatran\n|-damage|p2a: Heatran|87/270\n|move|p2a: Heatran|Earth Power|p1a: Houndoom\n|-supereffective|p1a: Houndoom\n|-damage|p1a: Houndoom|107/251\n|\n|-heal|p2a: Heatran|103/270|[from] item: Leftovers\n|upkeep\n|turn|15\n|\n|t:|1769095138\n|move|p1a: Houndoom|Dark Pulse|p2a: Heatran\n|-damage|p2a: Heatran|0 fnt\n|faint|p2a: Heatran\n|\n|upkeep\n|\n|t:|1769095139\n|switch|p2a: Talonflame|Talonflame, L79, F|239/253\n|turn|16\n|\n|t:|1769095156\n|switch|p1a: Lunatone|Lunatone, L96|290/290\n|move|p2a: Talonflame|Swords Dance|p2a: Talonflame\n|-boost|p2a: Talonflame|atk|2\n|\n|upkeep\n|turn|17\n|\n|t:|1769095159\n|switch|p2a: Spiritomb|Spiritomb, L88, M|231/231 slp\n|move|p1a: Lunatone|Psychic|p2a: Spiritomb\n|-immune|p2a: Spiritomb\n|\n|upkeep\n|turn|18\n|\n|t:|1769095165\n|switch|p1a: Houndoom|Houndoom-Mega, L80, M|107/251\n|cant|p2a: Spiritomb|slp\n|move|p2a: Spiritomb|Sleep Talk|p2a: Spiritomb\n|move|p2a: Spiritomb|Rest||[from] move: Sleep Talk|[still]\n|-fail|p2a: Spiritomb\n|\n|upkeep\n|turn|19\n|\n|t:|1769095171\n|move|p1a: Houndoom|Fire Blast|p2a: Spiritomb|[miss]\n|-miss|p1a: Houndoom|p2a: Spiritomb\n|cant|p2a: Spiritomb|slp\n|move|p2a: Spiritomb|Sleep Talk|p2a: Spiritomb\n|move|p2a: Spiritomb|Dark Pulse|p1a: Houndoom|[from] move: Sleep Talk\n|-resisted|p1a: Houndoom\n|-damage|p1a: Houndoom|56/251\n|\n|upkeep\n|turn|20\n|\n|t:|1769095182\n|switch|p2a: Talonflame|Talonflame, L79, F|239/253\n|move|p1a: Houndoom|Nasty Plot|p1a: Houndoom\n|-boost|p1a: Houndoom|spa|2\n|\n|upkeep\n|turn|21\n|\n|t:|1769095190\n|switch|p1a: Lunatone|Lunatone, L96|290/290\n|move|p2a: Talonflame|Brave Bird|p1a: Lunatone\n|-resisted|p1a: Lunatone\n|-damage|p1a: Lunatone|226/290\n|-damage|p2a: Talonflame|218/253|[from] Recoil\n|\n|upkeep\n|turn|22\n|\n|t:|1769095199\n|switch|p2a: Spiritomb|Spiritomb, L88, M|231/231 slp\n|move|p1a: Lunatone|Ice Beam|p2a: Spiritomb\n|-damage|p2a: Spiritomb|140/231 slp\n|-damage|p1a: Lunatone|197/290|[from] item: Life Orb\n|\n|upkeep\n|turn|23\n|\n|t:|1769095207\n|move|p1a: Lunatone|Ice Beam|p2a: Spiritomb\n|-damage|p2a: Spiritomb|58/231 slp\n|-damage|p1a: Lunatone|168/290|[from] item: Life Orb\n|-curestatus|p2a: Spiritomb|slp|[msg]\n|move|p2a: Spiritomb|Dark Pulse|p1a: Lunatone\n|-supereffective|p1a: Lunatone\n|-damage|p1a: Lunatone|16/290\n|\n|upkeep\n|turn|24\n|\n|t:|1769095211\n|switch|p2a: Jellicent|Jellicent, L85, M|85/309\n|move|p1a: Lunatone|Ice Beam|p2a: Jellicent\n|-resisted|p2a: Jellicent\n|-damage|p2a: Jellicent|38/309\n|-damage|p1a: Lunatone|0 fnt|[from] item: Life Orb\n|faint|p1a: Lunatone\n|\n|-heal|p2a: Jellicent|57/309|[from] item: Leftovers\n|upkeep\n|\n|t:|1769095216\n|switch|p1a: Houndoom|Houndoom-Mega, L80, M|56/251\n|turn|25\n|\n|t:|1769095226\n|move|p1a: Houndoom|Dark Pulse|p2a: Jellicent\n|-supereffective|p2a: Jellicent\n|-damage|p2a: Jellicent|0 fnt\n|faint|p2a: Jellicent\n|\n|upkeep\n|\n|t:|1769095227\n|switch|p2a: Talonflame|Talonflame, L79, F|218/253\n|turn|26\n|\n|t:|1769095234\n|switch|p1a: Mesprit|Mesprit, L85|275/275\n|move|p2a: Talonflame|Brave Bird|p1a: Mesprit\n|-damage|p1a: Mesprit|181/275\n|-damage|p2a: Talonflame|187/253|[from] Recoil\n|\n|-heal|p1a: Mesprit|198/275|[from] item: Leftovers\n|upkeep\n|turn|27\n|\n|t:|1769095243\n|move|p2a: Talonflame|Swords Dance|p2a: Talonflame\n|-boost|p2a: Talonflame|atk|2\n|move|p1a: Mesprit|Knock Off|p2a: Talonflame\n|-damage|p2a: Talonflame|95/253\n|-enditem|p2a: Talonflame|Sharp Beak|[from] move: Knock Off|[of] p1a: Mesprit\n|\n|-heal|p1a: Mesprit|215/275|[from] item: Leftovers\n|upkeep\n|turn|28\n|\n|t:|1769095246\n|move|p2a: Talonflame|Roost|p2a: Talonflame\n|-heal|p2a: Talonflame|222/253\n|-singleturn|p2a: Talonflame|move: Roost\n|move|p1a: Mesprit|Psychic|p2a: Talonflame\n|-damage|p2a: Talonflame|84/253\n|\n|-heal|p1a: Mesprit|232/275|[from] item: Leftovers\n|upkeep\n|turn|29\n|\n|t:|1769095254\n|switch|p1a: Regigigas|Regigigas, L84|322/322\n|-start|p1a: Regigigas|ability: Slow Start\n|move|p2a: Talonflame|Roost|p2a: Talonflame\n|-heal|p2a: Talonflame|211/253\n|-singleturn|p2a: Talonflame|move: Roost\n|\n|upkeep\n|turn|30\n|\n|t:|1769095264\n|move|p2a: Talonflame|Flare Blitz|p1a: Regigigas\n|-damage|p1a: Regigigas|160/322\n|-damage|p2a: Talonflame|158/253|[from] Recoil\n|move|p1a: Regigigas|Thunder Wave|p2a: Talonflame\n|-status|p2a: Talonflame|par\n|\n|-heal|p1a: Regigigas|180/322|[from] item: Leftovers\n|upkeep\n|turn|31\n|\n|t:|1769095270\n|cant|p2a: Talonflame|par\n|move|p1a: Regigigas|Return|p2a: Talonflame\n|-crit|p2a: Talonflame\n|-damage|p2a: Talonflame|0 fnt\n|faint|p2a: Talonflame\n|\n|-heal|p1a: Regigigas|200/322|[from] item: Leftovers\n|upkeep\n|\n|t:|1769095272\n|switch|p2a: Spiritomb|Spiritomb, L88, M|58/231\n|turn|32\n|\n|t:|1769095278\n|switch|p1a: Houndoom|Houndoom-Mega, L80, M|56/251\n|move|p2a: Spiritomb|Rest|p2a: Spiritomb\n|-status|p2a: Spiritomb|slp|[from] move: Rest\n|-heal|p2a: Spiritomb|231/231 slp|[silent]\n|\n|upkeep\n|turn|33\n|\n|t:|1769095283\n|move|p1a: Houndoom|Taunt|p2a: Spiritomb\n|-start|p2a: Spiritomb|move: Taunt\n|cant|p2a: Spiritomb|slp\n|cant|p2a: Spiritomb|move: Taunt|Sleep Talk\n|\n|upkeep\n|turn|34\n|\n|t:|1769095291\n|move|p1a: Houndoom|Nasty Plot|p1a: Houndoom\n|-boost|p1a: Houndoom|spa|2\n|cant|p2a: Spiritomb|slp\n|\n|upkeep\n|turn|35\n|\n|t:|1769095295\n|move|p1a: Houndoom|Fire Blast|p2a: Spiritomb\n|-damage|p2a: Spiritomb|15/231 slp\n|-curestatus|p2a: Spiritomb|slp|[msg]\n|move|p2a: Spiritomb|Dark Pulse|p1a: Houndoom\n|-resisted|p1a: Houndoom\n|-damage|p1a: Houndoom|12/251\n|\n|-end|p2a: Spiritomb|move: Taunt\n|upkeep\n|turn|36\n|\n|t:|1769095299\n|move|p1a: Houndoom|Dark Pulse|p2a: Spiritomb\n|-crit|p2a: Spiritomb\n|-damage|p2a: Spiritomb|0 fnt\n|faint|p2a: Spiritomb\n|\n|win|RNGgivethRNGtaketh\n|raw|RNGgivethRNGtaketh's rating: 1633 &rarr; <strong>1656</strong><br />(+23 for winning)\n|raw|alalestrasuave's rating: 1684 &rarr; <strong>1661</strong><br />(-23 for losing)\n|c|☆RNGgivethRNGtaketh|Gg\n|l|☆alalestrasuave\n|player|p2|\n|c|☆RNGgivethRNGtaketh|Wp\n", "inputlog": ">version dd3d52b8382d73d1dd2c67730c4067df325ab790\n>start {\"formatid\":\"gen6randombattle\",\"seed\":\"sodium,5cdfb599178e523e06dbfd79a9665c6d\",\"rated\":\"Rated battle\"}\n>player p1 {\"name\":\"RNGgivethRNGtaketh\",\"avatar\":\"brock\",\"rating\":1633,\"seed\":\"sodium,ffde8e4ca4068081b33064ee1764ad0d\"}\n>player p2 {\"name\":\"alalestrasuave\",\"avatar\":\"101\",\"rating\":1684,\"seed\":\"sodium,75af5847adbfe2fd646b139a3e06fe3f\"}\n>p1 move waterfall\n>p2 move closecombat\n>p2 switch 4\n>p1 switch 6\n>p2 move bravebird\n>p1 move stoneedge\n>p2 switch 6\n>p1 switch 6\n>p2 move recover\n>p1 move crunch\n>p2 move toxic\n>p1 move crunch\n>p2 switch 2\n>p1 move crunch\n>p2 switch 5\n>p1 switch 6\n>p1 move stoneedge\n>p2 move shellsmash\n>p1 move stoneedge\n>p2 move earthquake\n>p2 switch 2\n>p1 move stoneedge\n>p2 move scald\n>p1 switch 4\n>p1 move knockoff\n>p2 switch 5\n>p1 move uturn\n>p2 move rest\n>p1 switch 2\n>p1 move nastyplot mega\n>p2 switch 3\n>p1 move darkpulse\n>p2 move earthpower\n>p1 move darkpulse\n>p2 move earthpower\n>p2 switch 6\n>p1 switch 3\n>p2 move swordsdance\n>p1 move psychic\n>p2 switch 3\n>p1 switch 3\n>p2 move sleeptalk\n>p1 move fireblast\n>p2 move sleeptalk\n>p1 move nastyplot\n>p2 switch 3\n>p1 switch 3\n>p2 move bravebird\n>p1 move icebeam\n>p2 switch 3\n>p1 move icebeam\n>p2 move darkpulse\n>p1 move icebeam\n>p2 switch 5\n>p1 switch 3\n>p1 move darkpulse\n>p2 move scald\n>p2 switch 3\n>p1 switch 2\n>p2 move bravebird\n>p1 move knockoff\n>p2 move swordsdance\n>p1 move psychic\n>p2 move roost\n>p1 switch 5\n>p2 move roost\n>p1 move thunderwave\n>p2 move flareblitz\n>p1 move return\n>p2 move bravebird\n>p2 switch 5\n>p1 switch 2\n>p2 move rest\n>p1 move taunt\n>p2 move sleeptalk\n>p1 move nastyplot\n>p2 move darkpulse\n>p1 move fireblast\n>p2 move darkpulse\n>p1 move darkpulse\n>p2 move rest", "uploadtime": 1769095309, "views": 301, "formatid": "gen6randombattle", "rating": 1656, "private": 0, "password": null}