{"id": "gen6randombattle-2538590723", "format": "[Gen 6] Random Battle", "players": ["darffi", "RNGgivethRNGtaketh"], "log": "|j|☆darffi\n|j|☆RNGgivethRNGtaketh\n|t:|1770944321\n|gametype|singles\n|player|p1|darffi|shadowtriad|1517\n|player|p2|RNGgivethRNGtaketh|brock|1624\n|gen|6\n|tier|[Gen 6] Random Battle\n|rated|\n|rule|Sleep Clause Mod: Limit one foe put to sleep\n|rule|HP Percentage Mod: HP is shown in percentages\n|rule|Illusion Level Mod: Illusion disguises the Pokémon's true level\n|\n|t:|1770944321\n|teamsize|p1|6\n|teamsize|p2|6\n|start\n|switch|p1a: Cacturne|Cacturne, L90, M|272/272\n|switch|p2a: Banette|Banette, L87, M|253/253\n|-item|p1a: Cacturne|Life Orb|[from] ability: Frisk|[of] p2a: Banette\n|turn|1\n|inactive|Battle timer is ON: inactive players will automatically lose when time's up. (requested by darffi)\n|\n|t:|1770944364\n|switch|p2a: Breloom|Breloom, L82, F|233/233\n|switch|p1a: Zebstrika|Zebstrika, L87, F|272/272\n|\n|upkeep\n|turn|2\n|\n|t:|1770944387\n|switch|p2a: Magcargo|Magcargo, L98, F|256/256\n|move|p1a: Zebstrika|Overheat|p2a: Magcargo\n|-resisted|p2a: Magcargo\n|-damage|p2a: Magcargo|226/256\n|-unboost|p1a: Zebstrika|spa|2\n|\n|-heal|p2a: Magcargo|242/256|[from] item: Leftovers\n|upkeep\n|turn|3\n|\n|t:|1770944398\n|switch|p1a: Floatzel|Floatzel, L86, M|286/286\n|move|p2a: Magcargo|Lava Plume|p1a: Floatzel\n|-resisted|p1a: Floatzel\n|-damage|p1a: Floatzel|211/286\n|\n|-heal|p2a: Magcargo|256/256|[from] item: Leftovers\n|upkeep\n|turn|4\n|\n|t:|1770944421\n|switch|p2a: Breloom|Breloom, L82, F|233/233\n|move|p1a: Floatzel|Waterfall|p2a: Breloom\n|-resisted|p2a: Breloom\n|-damage|p2a: Breloom|152/233\n|\n|upkeep\n|turn|5\n|\n|t:|1770944429\n|switch|p1a: Zebstrika|Zebstrika, L87, F|272/272\n|move|p2a: Breloom|Rock Tomb|p1a: Zebstrika\n|-damage|p1a: Zebstrika|139/272\n|-unboost|p1a: Zebstrika|spe|1\n|-damage|p2a: Breloom|129/233|[from] item: Life Orb\n|\n|upkeep\n|turn|6\n|\n|t:|1770944447\n|move|p2a: Breloom|Mach Punch|p1a: Zebstrika\n|-damage|p1a: Zebstrika|14/272\n|-damage|p2a: Breloom|106/233|[from] item: Life Orb\n|move|p1a: Zebstrika|Volt Switch|p2a: Breloom\n|-resisted|p2a: Breloom\n|-damage|p2a: Breloom|34/233\n|\n|t:|1770944456\n|switch|p1a: Gourgeist|Gourgeist-Large, L87, M|272/272|[from] Volt Switch\n|-item|p2a: Breloom|Life Orb|[from] ability: Frisk|[of] p1a: Gourgeist\n|\n|upkeep\n|turn|7\n|\n|t:|1770944467\n|switch|p2a: Magcargo|Magcargo, L98, F|256/256\n|move|p1a: Gourgeist|Shadow Sneak|p2a: Magcargo\n|-damage|p2a: Magcargo|223/256\n|-status|p1a: Gourgeist|brn|[from] ability: Flame Body|[of] p2a: Magcargo\n|\n|-heal|p2a: Magcargo|239/256|[from] item: Leftovers\n|-damage|p1a: Gourgeist|238/272 brn|[from] brn\n|upkeep\n|turn|8\n|\n|t:|1770944478\n|switch|p1a: Floatzel|Floatzel, L86, M|211/286\n|move|p2a: Magcargo|Ancient Power|p1a: Floatzel\n|-damage|p1a: Floatzel|97/286\n|\n|-heal|p2a: Magcargo|255/256|[from] item: Leftovers\n|upkeep\n|turn|9\n|\n|t:|1770944494\n|switch|p2a: Breloom|Breloom, L82, F|34/233\n|move|p1a: Floatzel|Waterfall|p2a: Breloom\n|-resisted|p2a: Breloom\n|-damage|p2a: Breloom|0 fnt\n|faint|p2a: Breloom\n|\n|upkeep\n|inactive|RNGgivethRNGtaketh has 120 seconds left.\n|\n|t:|1770944517\n|switch|p2a: Girafarig|Girafarig, L93, F|281/281\n|turn|10\n|\n|t:|1770944524\n|switch|p1a: Gourgeist|Gourgeist-Large, L87, M|238/272 brn\n|-item|p2a: Girafarig|Life Orb|[from] ability: Frisk|[of] p1a: Gourgeist\n|move|p2a: Girafarig|Dazzling Gleam|p1a: Gourgeist\n|-damage|p1a: Gourgeist|139/272 brn\n|-damage|p2a: Girafarig|253/281|[from] item: Life Orb\n|\n|-heal|p1a: Gourgeist|156/272 brn|[from] item: Leftovers\n|-damage|p1a: Gourgeist|122/272 brn|[from] brn\n|upkeep\n|turn|11\n|\n|t:|1770944537\n|move|p2a: Girafarig|Nasty Plot|p2a: Girafarig\n|-boost|p2a: Girafarig|spa|2\n|move|p1a: Gourgeist|Will-O-Wisp|p2a: Girafarig\n|-status|p2a: Girafarig|brn\n|\n|-heal|p1a: Gourgeist|139/272 brn|[from] item: Leftovers\n|-damage|p2a: Girafarig|218/281 brn|[from] brn\n|-damage|p1a: Gourgeist|105/272 brn|[from] brn\n|upkeep\n|turn|12\n|\n|t:|1770944550\n|move|p2a: Girafarig|Dazzling Gleam|p1a: Gourgeist\n|-damage|p1a: Gourgeist|0 fnt\n|faint|p1a: Gourgeist\n|-damage|p2a: Girafarig|190/281 brn|[from] item: Life Orb\n|\n|-damage|p2a: Girafarig|155/281 brn|[from] brn\n|upkeep\n|\n|t:|1770944562\n|switch|p1a: Cacturne|Cacturne, L90, M|272/272\n|turn|13\n|\n|t:|1770944566\n|switch|p2a: Magcargo|Magcargo, L98, F|255/256\n|move|p1a: Cacturne|Sucker Punch||[still]\n|-fail|p1a: Cacturne\n|\n|-heal|p2a: Magcargo|256/256|[from] item: Leftovers\n|upkeep\n|turn|14\n|\n|t:|1770944576\n|switch|p1a: Deoxys|Deoxys-Defense, L84|221/221\n|-ability|p1a: Deoxys|Pressure\n|move|p2a: Magcargo|Ancient Power|p1a: Deoxys\n|-damage|p1a: Deoxys|175/221\n|\n|upkeep\n|turn|15\n|\n|t:|1770944587\n|move|p1a: Deoxys|Toxic|p2a: Magcargo\n|-status|p2a: Magcargo|tox\n|move|p2a: Magcargo|Toxic|p1a: Deoxys|[miss]\n|-miss|p2a: Magcargo|p1a: Deoxys\n|\n|-damage|p2a: Magcargo|240/256 tox|[from] psn\n|upkeep\n|turn|16\n|\n|t:|1770944597\n|switch|p1a: Floatzel|Floatzel, L86, M|97/286\n|switch|p2a: Girafarig|Girafarig, L93, F|155/281 brn\n|\n|-damage|p2a: Girafarig|120/281 brn|[from] brn\n|upkeep\n|turn|17\n|\n|t:|1770944609\n|move|p1a: Floatzel|Waterfall|p2a: Girafarig\n|-damage|p2a: Girafarig|0 fnt\n|faint|p2a: Girafarig\n|\n|upkeep\n|\n|t:|1770944615\n|switch|p2a: Klinklang|Klinklang, L87|246/246\n|turn|18\n|\n|t:|1770944624\n|switch|p1a: Zebstrika|Zebstrika, L87, F|14/272\n|move|p2a: Klinklang|Shift Gear|p2a: Klinklang\n|-boost|p2a: Klinklang|spe|2\n|-boost|p2a: Klinklang|atk|1\n|\n|upkeep\n|turn|19\n|\n|t:|1770944631\n|move|p2a: Klinklang|Return|p1a: Zebstrika\n|-damage|p1a: Zebstrika|0 fnt\n|faint|p1a: Zebstrika\n|-damage|p2a: Klinklang|222/246|[from] item: Life Orb\n|\n|upkeep\n|\n|t:|1770944643\n|switch|p1a: Fearow|Fearow, L88, M|258/258\n|turn|20\n|c|☆RNGgivethRNGtaketh|Was the zebra Motor Drive or Sap Sipper?\n|\n|t:|1770944661\n|move|p2a: Klinklang|Wild Charge|p1a: Fearow\n|-supereffective|p1a: Fearow\n|-damage|p1a: Fearow|0 fnt\n|faint|p1a: Fearow\n|-damage|p2a: Klinklang|157/246|[from] Recoil\n|-damage|p2a: Klinklang|133/246|[from] item: Life Orb\n|\n|upkeep\n|\n|t:|1770944679\n|switch|p1a: Cacturne|Cacturne, L90, M|272/272\n|turn|21\n|\n|t:|1770944687\n|switch|p2a: Magcargo|Magcargo, L98, F|240/256 tox\n|move|p1a: Cacturne|Drain Punch|p2a: Magcargo\n|-supereffective|p2a: Magcargo\n|-crit|p2a: Magcargo\n|-damage|p2a: Magcargo|55/256 tox\n|-damage|p1a: Cacturne|245/272|[from] item: Life Orb\n|\n|-heal|p2a: Magcargo|71/256 tox|[from] item: Leftovers\n|-damage|p2a: Magcargo|55/256 tox|[from] psn\n|upkeep\n|turn|22\n|\n|t:|1770944703\n|switch|p1a: Deoxys|Deoxys-Defense, L84|175/221\n|-ability|p1a: Deoxys|Pressure\n|move|p2a: Magcargo|Lava Plume|p1a: Deoxys\n|-damage|p1a: Deoxys|117/221\n|\n|-heal|p2a: Magcargo|71/256 tox|[from] item: Leftovers\n|-damage|p2a: Magcargo|39/256 tox|[from] psn\n|upkeep\n|turn|23\n|\n|t:|1770944714\n|move|p1a: Deoxys|Seismic Toss|p2a: Magcargo\n|-damage|p2a: Magcargo|0 fnt\n|faint|p2a: Magcargo\n|\n|upkeep\n|\n|t:|1770944728\n|switch|p2a: Klinklang|Klinklang, L87|133/246\n|turn|24\n|\n|t:|1770944733\n|move|p2a: Klinklang|Shift Gear|p2a: Klinklang\n|-boost|p2a: Klinklang|spe|2\n|-boost|p2a: Klinklang|atk|1\n|move|p1a: Deoxys|Seismic Toss|p2a: Klinklang\n|-damage|p2a: Klinklang|49/246\n|\n|upkeep\n|turn|25\n|\n|t:|1770944740\n|move|p2a: Klinklang|Gear Grind|p1a: Deoxys\n|-damage|p1a: Deoxys|39/221\n|-damage|p2a: Klinklang|8/246|[from] item: Rocky Helmet|[of] p1a: Deoxys\n|-damage|p1a: Deoxys|0 fnt\n|-damage|p2a: Klinklang|0 fnt|[from] item: Rocky Helmet|[of] p1a: Deoxys\n|faint|p2a: Klinklang\n|faint|p1a: Deoxys\n|-hitcount|p1: Deoxys|2\n|\n|upkeep\n|c|☆RNGgivethRNGtaketh|Gg\n|\n|t:|1770944757\n|switch|p2a: Banette|Banette, L87, M|253/253\n|switch|p1a: Floatzel|Floatzel, L86, M|97/286\n|-item|p1a: Floatzel|Choice Band|[from] ability: Frisk|[of] p2a: Banette\n|turn|26\n|\n|t:|1770944764\n|detailschange|p2a: Banette|Banette-Mega, L87, M\n|-mega|p2a: Banette|Banette|Banettite\n|move|p1a: Floatzel|Crunch|p2a: Banette\n|-supereffective|p2a: Banette\n|-damage|p2a: Banette|51/253\n|move|p2a: Banette|Shadow Claw|p1a: Floatzel\n|-damage|p1a: Floatzel|0 fnt\n|faint|p1a: Floatzel\n|\n|upkeep\n|\n|t:|1770944774\n|switch|p1a: Cacturne|Cacturne, L90, M|245/272\n|turn|27\n|\n|t:|1770944778\n|move|p2a: Banette|Destiny Bond|p2a: Banette\n|-singlemove|p2a: Banette|Destiny Bond\n|move|p1a: Cacturne|Seed Bomb|p2a: Banette\n|-damage|p2a: Banette|0 fnt\n|faint|p2a: Banette\n|-activate|p2a: Banette|move: Destiny Bond\n|detailschange|p2: Banette|Banette, L87, M|[silent]\n|faint|p1a: Cacturne\n|\n|win|RNGgivethRNGtaketh\n|raw|darffi's rating: 1517 &rarr; <strong>1503</strong><br />(-14 for losing)\n|raw|RNGgivethRNGtaketh's rating: 1624 &rarr; <strong>1638</strong><br />(+14 for winning)\n|l|☆darffi\n|player|p1|\n|l|☆RNGgivethRNGtaketh\n|player|p2|\n|j|☆RNGgivethRNGtaketh\n|player|p2|RNGgivethRNGtaketh|brock|\n", "inputlog": ">version ccdc32dd7cde25fd9e4bed64820e885f66e78a4e\n>start {\"formatid\":\"gen6randombattle\",\"seed\":\"sodium,4f4199d3ade66cd3b090a6c80383e787\",\"rated\":\"Rated battle\"}\n>player p1 {\"name\":\"darffi\",\"avatar\":\"shadowtriad\",\"rating\":1517,\"seed\":\"sodium,fd6dc176cb14138f8e8ecbfba38ca510\"}\n>player p2 {\"name\":\"RNGgivethRNGtaketh\",\"avatar\":\"brock\",\"rating\":1624,\"seed\":\"sodium,ee6389a2d7045049cabf832331ceb767\"}\n>p1 switch 6\n>p2 switch 6\n>p1 move overheat\n>p2 switch 3\n>p1 switch 4\n>p2 move lavaplume\n>p1 move waterfall\n>p2 switch 3\n>p1 switch 4\n>p2 move rocktomb\n>p1 move voltswitch\n>p2 move machpunch\n>p1 switch 2\n>p1 move shadowsneak\n>p2 switch 3\n>p1 switch 4\n>p2 move ancientpower\n>p1 move waterfall\n>p2 switch 3\n>p2 switch 5\n>p1 switch 4\n>p2 move dazzlinggleam\n>p1 move willowisp\n>p2 move nastyplot\n>p1 move seedbomb\n>p2 move dazzlinggleam\n>p1 switch 6\n>p1 move suckerpunch\n>p2 switch 3\n>p1 switch 5\n>p2 move ancientpower\n>p1 move toxic\n>p2 move toxic\n>p1 switch 4\n>p2 switch 3\n>p1 move waterfall\n>p2 move dazzlinggleam\n>p2 switch 4\n>p1 switch 2\n>p2 move shiftgear\n>p1 move overheat\n>p2 move return\n>p1 switch 3\n>chat ☆RNGgivethRNGtaketh|Was the zebra Motor Drive or Sap Sipper?\n>p1 move drillrun\n>p2 move wildcharge\n>p1 switch 5\n>p1 move drainpunch\n>p2 switch 3\n>p1 switch 4\n>p2 move lavaplume\n>p1 move seismictoss\n>p2 move toxic\n>p2 switch 3\n>p1 move seismictoss\n>p2 move shiftgear\n>p1 move seismictoss\n>p2 move geargrind\n>chat ☆RNGgivethRNGtaketh|Gg\n>p1 switch 2\n>p2 switch 6\n>p1 move crunch\n>p2 move shadowclaw mega\n>p1 switch 4\n>p1 move seedbomb\n>p2 move destinybond", "uploadtime": 1770945068, "views": 228, "formatid": "gen6randombattle", "rating": 1503, "private": 0, "password": null}