{"id": "gen6randombattle-2522624429", "format": "[Gen 6] Random Battle", "players": ["ultraviolet eyes", "helicopyer"], "log": "|j|‽ultraviolet eyes\n|j|☆helicopyer\n|t:|1768929047\n|gametype|singles\n|player|p1|ultraviolet eyes|1|1678\n|player|p2|helicopyer|#rbtt9royals2|1942\n|gen|6\n|tier|[Gen 6] Random Battle\n|rated|\n|rule|Sleep Clause Mod: Limit one foe put to sleep\n|rule|HP Percentage Mod: HP is shown in percentages\n|rule|Illusion Level Mod: Illusion disguises the Pokémon's true level\n|\n|t:|1768929047\n|teamsize|p1|6\n|teamsize|p2|6\n|start\n|switch|p1a: Garchomp|Garchomp, L75, M|286/286\n|switch|p2a: Scrafty|Scrafty, L83, F|244/244\n|turn|1\n|inactive|Battle timer is ON: inactive players will automatically lose when time's up. (requested by ultraviolet eyes)\n|\n|t:|1768929071\n|switch|p1a: Diancie|Diancie, L75|199/199\n|move|p2a: Scrafty|Bulk Up|p2a: Scrafty\n|-boost|p2a: Scrafty|atk|1\n|-boost|p2a: Scrafty|def|1\n|\n|upkeep\n|turn|2\n|\n|t:|1768929082\n|switch|p2a: Hypno|Hypno, L96, M|319/319\n|detailschange|p1a: Diancie|Diancie-Mega, L75\n|-mega|p1a: Diancie|Diancie|Diancite\n|move|p1a: Diancie|Moonblast|p2a: Hypno\n|-damage|p2a: Hypno|231/319\n|\n|-heal|p2a: Hypno|250/319|[from] item: Leftovers\n|upkeep\n|turn|3\n|\n|t:|1768929091\n|move|p1a: Diancie|Diamond Storm|p2a: Hypno\n|-damage|p2a: Hypno|117/319\n|move|p2a: Hypno|Wish|p2a: Hypno\n|\n|-heal|p2a: Hypno|136/319|[from] item: Leftovers\n|upkeep\n|turn|4\n|\n|t:|1768929098\n|move|p2a: Hypno|Protect|p2a: Hypno\n|-singleturn|p2a: Hypno|Protect\n|move|p1a: Diancie|Diamond Storm|p2a: Hypno\n|-activate|p2a: Hypno|move: Protect\n|\n|-heal|p2a: Hypno|295/319|[from] move: Wish|[wisher] Hypno\n|-heal|p2a: Hypno|314/319|[from] item: Leftovers\n|upkeep\n|turn|5\n|\n|t:|1768929101\n|move|p1a: Diancie|Diamond Storm|p2a: Hypno\n|-damage|p2a: Hypno|170/319\n|move|p2a: Hypno|Seismic Toss|p1a: Diancie\n|-damage|p1a: Diancie|103/199\n|\n|-heal|p2a: Hypno|189/319|[from] item: Leftovers\n|upkeep\n|turn|6\n|\n|t:|1768929107\n|move|p1a: Diancie|Diamond Storm|p2a: Hypno\n|-damage|p2a: Hypno|56/319\n|move|p2a: Hypno|Wish|p2a: Hypno\n|\n|-heal|p2a: Hypno|75/319|[from] item: Leftovers\n|upkeep\n|turn|7\n|\n|t:|1768929115\n|switch|p1a: Weezing|Weezing, L86, F|252/252\n|move|p2a: Hypno|Protect||[still]\n|-fail|p2a: Hypno\n|\n|-heal|p2a: Hypno|234/319|[from] move: Wish|[wisher] Hypno\n|-heal|p2a: Hypno|253/319|[from] item: Leftovers\n|upkeep\n|turn|8\n|\n|t:|1768929143\n|move|p2a: Hypno|Seismic Toss|p1a: Weezing\n|-damage|p1a: Weezing|156/252\n|move|p1a: Weezing|Toxic Spikes|p2a: Hypno\n|-sidestart|p2: helicopyer|move: Toxic Spikes\n|\n|-heal|p2a: Hypno|272/319|[from] item: Leftovers\n|-heal|p1a: Weezing|171/252|[from] item: Black Sludge\n|upkeep\n|turn|9\n|\n|t:|1768929153\n|move|p2a: Hypno|Wish|p2a: Hypno\n|move|p1a: Weezing|Toxic Spikes|p2a: Hypno\n|-sidestart|p2: helicopyer|move: Toxic Spikes\n|\n|-heal|p2a: Hypno|291/319|[from] item: Leftovers\n|-heal|p1a: Weezing|186/252|[from] item: Black Sludge\n|upkeep\n|turn|10\n|\n|t:|1768929156\n|move|p2a: Hypno|Seismic Toss|p1a: Weezing\n|-damage|p1a: Weezing|90/252\n|move|p1a: Weezing|Will-O-Wisp|p2a: Hypno\n|-status|p2a: Hypno|brn\n|\n|-heal|p2a: Hypno|319/319 brn|[from] move: Wish|[wisher] Hypno\n|-heal|p1a: Weezing|105/252|[from] item: Black Sludge\n|-damage|p2a: Hypno|280/319 brn|[from] brn\n|upkeep\n|turn|11\n|\n|t:|1768929169\n|move|p2a: Hypno|Seismic Toss|p1a: Weezing\n|-damage|p1a: Weezing|9/252\n|move|p1a: Weezing|Sludge Bomb|p2a: Hypno\n|-damage|p2a: Hypno|211/319 brn\n|\n|-heal|p2a: Hypno|230/319 brn|[from] item: Leftovers\n|-heal|p1a: Weezing|24/252|[from] item: Black Sludge\n|-damage|p2a: Hypno|191/319 brn|[from] brn\n|upkeep\n|turn|12\n|\n|t:|1768929173\n|move|p2a: Hypno|Seismic Toss|p1a: Weezing\n|-damage|p1a: Weezing|0 fnt\n|faint|p1a: Weezing\n|\n|-heal|p2a: Hypno|210/319 brn|[from] item: Leftovers\n|-damage|p2a: Hypno|171/319 brn|[from] brn\n|upkeep\n|j| Referrals\n|\n|t:|1768929178\n|switch|p1a: Shaymin|Shaymin, L83|302/302\n|turn|13\n|\n|t:|1768929182\n|move|p1a: Shaymin|Substitute|p1a: Shaymin\n|-start|p1a: Shaymin|Substitute\n|-damage|p1a: Shaymin|227/302\n|move|p2a: Hypno|Wish|p2a: Hypno\n|\n|-heal|p1a: Shaymin|245/302|[from] item: Leftovers\n|-heal|p2a: Hypno|190/319 brn|[from] item: Leftovers\n|-damage|p2a: Hypno|151/319 brn|[from] brn\n|upkeep\n|turn|14\n|\n|t:|1768929189\n|move|p2a: Hypno|Protect|p2a: Hypno\n|-singleturn|p2a: Hypno|Protect\n|move|p1a: Shaymin|Leech Seed|p2a: Hypno\n|-activate|p2a: Hypno|move: Protect\n|\n|-heal|p2a: Hypno|310/319 brn|[from] move: Wish|[wisher] Hypno\n|-heal|p1a: Shaymin|263/302|[from] item: Leftovers\n|-heal|p2a: Hypno|319/319 brn|[from] item: Leftovers\n|-damage|p2a: Hypno|280/319 brn|[from] brn\n|upkeep\n|turn|15\n|\n|t:|1768929191\n|move|p1a: Shaymin|Leech Seed|p2a: Hypno\n|-start|p2a: Hypno|move: Leech Seed\n|move|p2a: Hypno|Wish|p2a: Hypno\n|\n|-heal|p1a: Shaymin|281/302|[from] item: Leftovers\n|-heal|p2a: Hypno|299/319 brn|[from] item: Leftovers\n|-damage|p2a: Hypno|260/319 brn|[from] Leech Seed|[of] p1a: Shaymin\n|-heal|p1a: Shaymin|302/302|[silent]\n|-damage|p2a: Hypno|221/319 brn|[from] brn\n|upkeep\n|turn|16\n|\n|t:|1768929195\n|move|p1a: Shaymin|Seed Flare|p2a: Hypno\n|-damage|p2a: Hypno|125/319 brn\n|-unboost|p2a: Hypno|spd|2\n|move|p2a: Hypno|Seismic Toss|p1a: Shaymin\n|-end|p1a: Shaymin|Substitute\n|\n|-heal|p2a: Hypno|284/319 brn|[from] move: Wish|[wisher] Hypno\n|-heal|p2a: Hypno|303/319 brn|[from] item: Leftovers\n|-damage|p2a: Hypno|264/319 brn|[from] Leech Seed|[of] p1a: Shaymin\n|-damage|p2a: Hypno|225/319 brn|[from] brn\n|upkeep\n|turn|17\n|\n|t:|1768929200\n|switch|p2a: Pidgeot|Pidgeot, L77, F|254/254\n|move|p1a: Shaymin|Substitute|p1a: Shaymin\n|-start|p1a: Shaymin|Substitute\n|-damage|p1a: Shaymin|227/302\n|\n|-heal|p1a: Shaymin|245/302|[from] item: Leftovers\n|upkeep\n|turn|18\n|j| arboretums\n|\n|t:|1768929203\n|detailschange|p2a: Pidgeot|Pidgeot-Mega, L77, F\n|-mega|p2a: Pidgeot|Pidgeot|Pidgeotite\n|move|p1a: Shaymin|Leech Seed|p2a: Pidgeot\n|-start|p2a: Pidgeot|move: Leech Seed\n|move|p2a: Pidgeot|Hurricane|p1a: Shaymin\n|-supereffective|p1a: Shaymin\n|-end|p1a: Shaymin|Substitute\n|\n|-heal|p1a: Shaymin|263/302|[from] item: Leftovers\n|-damage|p2a: Pidgeot|223/254|[from] Leech Seed|[of] p1a: Shaymin\n|-heal|p1a: Shaymin|294/302|[silent]\n|upkeep\n|turn|19\n|\n|t:|1768929213\n|switch|p1a: Miltank|Miltank, L84, F|297/297\n|move|p2a: Pidgeot|U-turn|p1a: Miltank\n|-damage|p1a: Miltank|263/297\n|\n|t:|1768929218\n|switch|p2a: Scrafty|Scrafty, L83, F|244/244|[from] U-turn\n|-status|p2a: Scrafty|tox\n|\n|-heal|p1a: Miltank|281/297|[from] item: Leftovers\n|-damage|p2a: Scrafty|229/244 tox|[from] psn\n|upkeep\n|turn|20\n|\n|t:|1768929230\n|move|p1a: Miltank|Curse|p1a: Miltank\n|-unboost|p1a: Miltank|spe|1\n|-boost|p1a: Miltank|atk|1\n|-boost|p1a: Miltank|def|1\n|move|p2a: Scrafty|Drain Punch|p1a: Miltank\n|-supereffective|p1a: Miltank\n|-damage|p1a: Miltank|195/297\n|-heal|p2a: Scrafty|244/244 tox|[from] drain|[of] p1a: Miltank\n|\n|-activate|p2a: Scrafty|ability: Shed Skin\n|-curestatus|p2a: Scrafty|tox|[msg]\n|-heal|p1a: Miltank|213/297|[from] item: Leftovers\n|upkeep\n|turn|21\n|\n|t:|1768929235\n|switch|p1a: Diancie|Diancie-Mega, L75|103/199\n|move|p2a: Scrafty|Bulk Up|p2a: Scrafty\n|-boost|p2a: Scrafty|atk|1\n|-boost|p2a: Scrafty|def|1\n|\n|upkeep\n|turn|22\n|\n|t:|1768929242\n|switch|p2a: Hypno|Hypno, L96, M|225/319 brn\n|move|p1a: Diancie|Moonblast|p2a: Hypno\n|-damage|p2a: Hypno|143/319 brn\n|\n|-heal|p2a: Hypno|162/319 brn|[from] item: Leftovers\n|-damage|p2a: Hypno|123/319 brn|[from] brn\n|upkeep\n|turn|23\n|\n|t:|1768929250\n|move|p1a: Diancie|Diamond Storm|p2a: Hypno\n|-damage|p2a: Hypno|0 fnt\n|faint|p2a: Hypno\n|\n|upkeep\n|\n|t:|1768929259\n|switch|p2a: Golduck|Golduck, L90, F|290/290\n|-status|p2a: Golduck|tox\n|-ability|p2a: Golduck|Cloud Nine\n|turn|24\n|inactive|helicopyer has 120 seconds left.\n|\n|t:|1768929293\n|switch|p2a: Pidgeot|Pidgeot-Mega, L77, F|223/254\n|move|p1a: Diancie|Protect||[still]\n|-fail|p1a: Diancie\n|\n|upkeep\n|turn|25\n|\n|t:|1768929299\n|move|p2a: Pidgeot|U-turn|p1a: Diancie\n|-resisted|p1a: Diancie\n|-crit|p1a: Diancie\n|-damage|p1a: Diancie|78/199\n|\n|t:|1768929301\n|switch|p2a: Golduck|Golduck, L90, F|290/290 tox|[from] U-turn\n|-ability|p2a: Golduck|Cloud Nine\n|move|p1a: Diancie|Diamond Storm|p2a: Golduck\n|-damage|p2a: Golduck|160/290 tox\n|\n|-heal|p2a: Golduck|178/290 tox|[from] item: Leftovers\n|-damage|p2a: Golduck|160/290 tox|[from] psn\n|upkeep\n|turn|26\n|\n|t:|1768929308\n|move|p1a: Diancie|Protect|p1a: Diancie\n|-singleturn|p1a: Diancie|Protect\n|move|p2a: Golduck|Scald|p1a: Diancie\n|-activate|p1a: Diancie|move: Protect\n|\n|-heal|p2a: Golduck|178/290 tox|[from] item: Leftovers\n|-damage|p2a: Golduck|142/290 tox|[from] psn\n|upkeep\n|turn|27\n|\n|t:|1768929315\n|switch|p1a: Shaymin|Shaymin, L83|294/302\n|move|p2a: Golduck|Scald|p1a: Shaymin\n|-resisted|p1a: Shaymin\n|-damage|p1a: Shaymin|247/302\n|\n|-heal|p1a: Shaymin|265/302|[from] item: Leftovers\n|-heal|p2a: Golduck|160/290 tox|[from] item: Leftovers\n|-damage|p2a: Golduck|106/290 tox|[from] psn\n|upkeep\n|turn|28\n|\n|t:|1768929319\n|switch|p2a: Pidgeot|Pidgeot-Mega, L77, F|223/254\n|move|p1a: Shaymin|Substitute|p1a: Shaymin\n|-start|p1a: Shaymin|Substitute\n|-damage|p1a: Shaymin|190/302\n|\n|-heal|p1a: Shaymin|208/302|[from] item: Leftovers\n|upkeep\n|turn|29\n|\n|t:|1768929324\n|move|p2a: Pidgeot|Hurricane|p1a: Shaymin\n|-supereffective|p1a: Shaymin\n|-end|p1a: Shaymin|Substitute\n|move|p1a: Shaymin|Air Slash|p2a: Pidgeot\n|-crit|p2a: Pidgeot\n|-damage|p2a: Pidgeot|129/254\n|\n|-heal|p1a: Shaymin|226/302|[from] item: Leftovers\n|upkeep\n|turn|30\n|\n|t:|1768929330\n|switch|p1a: Miltank|Miltank, L84, F|213/297\n|move|p2a: Pidgeot|Roost|p2a: Pidgeot\n|-heal|p2a: Pidgeot|254/254\n|-singleturn|p2a: Pidgeot|move: Roost\n|\n|-heal|p1a: Miltank|231/297|[from] item: Leftovers\n|upkeep\n|turn|31\n|\n|t:|1768929334\n|move|p2a: Pidgeot|U-turn|p1a: Miltank\n|-damage|p1a: Miltank|200/297\n|\n|t:|1768929336\n|switch|p2a: Scrafty|Scrafty, L83, F|244/244|[from] U-turn\n|-status|p2a: Scrafty|tox\n|move|p1a: Miltank|Body Slam|p2a: Scrafty\n|-damage|p2a: Scrafty|181/244 tox\n|\n|-heal|p1a: Miltank|218/297|[from] item: Leftovers\n|-activate|p2a: Scrafty|ability: Shed Skin\n|-curestatus|p2a: Scrafty|tox|[msg]\n|-heal|p2a: Scrafty|196/244|[from] item: Leftovers\n|upkeep\n|turn|32\n|\n|t:|1768929344\n|switch|p1a: Meganium|Meganium, L92, F|297/297\n|move|p2a: Scrafty|Drain Punch|p1a: Meganium\n|-damage|p1a: Meganium|237/297\n|-heal|p2a: Scrafty|226/244|[from] drain|[of] p1a: Meganium\n|\n|-heal|p1a: Meganium|255/297|[from] item: Leftovers\n|-heal|p2a: Scrafty|241/244|[from] item: Leftovers\n|upkeep\n|turn|33\n|\n|t:|1768929351\n|move|p1a: Meganium|Toxic|p2a: Scrafty|[miss]\n|-miss|p1a: Meganium|p2a: Scrafty\n|move|p2a: Scrafty|Knock Off|p1a: Meganium\n|-damage|p1a: Meganium|182/297\n|-enditem|p1a: Meganium|Leftovers|[from] move: Knock Off|[of] p2a: Scrafty\n|\n|-heal|p2a: Scrafty|244/244|[from] item: Leftovers\n|upkeep\n|turn|34\n|\n|t:|1768929372\n|switch|p2a: Heatmor|Heatmor, L92, M|306/306\n|-status|p2a: Heatmor|tox\n|move|p1a: Meganium|Energy Ball|p2a: Heatmor\n|-resisted|p2a: Heatmor\n|-damage|p2a: Heatmor|249/306 tox\n|\n|-damage|p2a: Heatmor|230/306 tox|[from] psn\n|upkeep\n|turn|35\n|\n|t:|1768929381\n|switch|p1a: Garchomp|Garchomp, L75, M|286/286\n|move|p2a: Heatmor|Giga Drain|p1a: Garchomp\n|-damage|p1a: Garchomp|185/286\n|-heal|p2a: Heatmor|281/306 tox|[from] drain|[of] p1a: Garchomp\n|-damage|p2a: Heatmor|251/306 tox|[from] item: Life Orb\n|\n|-damage|p2a: Heatmor|213/306 tox|[from] psn\n|upkeep\n|turn|36\n|\n|t:|1768929397\n|move|p2a: Heatmor|Sucker Punch|p1a: Garchomp\n|-damage|p1a: Garchomp|94/286\n|-damage|p2a: Heatmor|175/306 tox|[from] ability: Rough Skin|[of] p1a: Garchomp\n|-damage|p2a: Heatmor|145/306 tox|[from] item: Life Orb\n|move|p1a: Garchomp|Stone Edge|p2a: Heatmor|[miss]\n|-miss|p1a: Garchomp|p2a: Heatmor\n|\n|-damage|p2a: Heatmor|88/306 tox|[from] psn\n|upkeep\n|turn|37\n|\n|t:|1768929409\n|switch|p1a: Miltank|Miltank, L84, F|218/297\n|move|p2a: Heatmor|Superpower|p1a: Miltank\n|-supereffective|p1a: Miltank\n|-damage|p1a: Miltank|10/297\n|-unboost|p2a: Heatmor|atk|1\n|-unboost|p2a: Heatmor|def|1\n|-damage|p2a: Heatmor|58/306 tox|[from] item: Life Orb\n|\n|-heal|p1a: Miltank|28/297|[from] item: Leftovers\n|-damage|p2a: Heatmor|0 fnt|[from] psn\n|faint|p2a: Heatmor\n|upkeep\n|\n|t:|1768929412\n|switch|p2a: Pidgeot|Pidgeot-Mega, L77, F|254/254\n|turn|38\n|\n|t:|1768929417\n|move|p2a: Pidgeot|Hurricane|p1a: Miltank\n|-damage|p1a: Miltank|0 fnt\n|faint|p1a: Miltank\n|\n|upkeep\n|\n|t:|1768929418\n|switch|p1a: Diancie|Diancie-Mega, L75|78/199\n|turn|39\n|\n|t:|1768929423\n|move|p2a: Pidgeot|U-turn|p1a: Diancie\n|-resisted|p1a: Diancie\n|-damage|p1a: Diancie|62/199\n|\n|t:|1768929429\n|switch|p2a: Golduck|Golduck, L90, F|106/290 tox|[from] U-turn\n|-ability|p2a: Golduck|Cloud Nine\n|move|p1a: Diancie|Diamond Storm|p2a: Golduck\n|-damage|p2a: Golduck|0 fnt\n|-boost|p1a: Diancie|def|1\n|faint|p2a: Golduck\n|\n|upkeep\n|\n|t:|1768929434\n|switch|p2a: Pidgeot|Pidgeot-Mega, L77, F|254/254\n|turn|40\n|\n|t:|1768929438\n|move|p2a: Pidgeot|U-turn|p1a: Diancie\n|-resisted|p1a: Diancie\n|-damage|p1a: Diancie|49/199\n|\n|t:|1768929441\n|switch|p2a: Scrafty|Scrafty, L83, F|244/244|[from] U-turn\n|-status|p2a: Scrafty|tox\n|move|p1a: Diancie|Diamond Storm|p2a: Scrafty\n|-resisted|p2a: Scrafty\n|-damage|p2a: Scrafty|193/244 tox\n|-boost|p1a: Diancie|def|1\n|\n|-heal|p2a: Scrafty|208/244 tox|[from] item: Leftovers\n|-damage|p2a: Scrafty|193/244 tox|[from] psn\n|upkeep\n|turn|41\n|\n|t:|1768929445\n|move|p1a: Diancie|Moonblast|p2a: Scrafty\n|-supereffective|p2a: Scrafty\n|-damage|p2a: Scrafty|0 fnt\n|faint|p2a: Scrafty\n|\n|upkeep\n|\n|t:|1768929451\n|switch|p2a: Pidgeot|Pidgeot-Mega, L77, F|254/254\n|turn|42\n|\n|t:|1768929457\n|move|p1a: Diancie|Protect|p1a: Diancie\n|-singleturn|p1a: Diancie|Protect\n|move|p2a: Pidgeot|Hurricane|p1a: Diancie\n|-activate|p1a: Diancie|move: Protect\n|\n|upkeep\n|turn|43\n|\n|t:|1768929462\n|move|p2a: Pidgeot|Hurricane|p1a: Diancie\n|-resisted|p1a: Diancie\n|-damage|p1a: Diancie|0 fnt\n|faint|p1a: Diancie\n|detailschange|p1: Diancie|Diancie, L75|[silent]\n|\n|upkeep\n|\n|t:|1768929466\n|switch|p1a: Meganium|Meganium, L92, F|182/297\n|turn|44\n|\n|t:|1768929470\n|move|p2a: Pidgeot|Hurricane|p1a: Meganium\n|-supereffective|p1a: Meganium\n|-damage|p1a: Meganium|0 fnt\n|faint|p1a: Meganium\n|\n|upkeep\n|\n|t:|1768929472\n|switch|p1a: Shaymin|Shaymin, L83|226/302\n|turn|45\n|\n|t:|1768929476\n|move|p2a: Pidgeot|Hurricane|p1a: Shaymin\n|-supereffective|p1a: Shaymin\n|-damage|p1a: Shaymin|0 fnt\n|faint|p1a: Shaymin\n|\n|upkeep\n|c| arboretums|gg\n|\n|t:|1768929476\n|switch|p1a: Garchomp|Garchomp, L75, M|94/286\n|turn|46\n|\n|t:|1768929482\n|move|p2a: Pidgeot|Hurricane|p1a: Garchomp\n|-damage|p1a: Garchomp|0 fnt\n|faint|p1a: Garchomp\n|\n|win|helicopyer\n|raw|ultraviolet eyes's rating: 1678 &rarr; <strong>1670</strong><br />(-8 for losing)\n|raw|helicopyer's rating: 1909 &rarr; <strong>1917</strong><br />(+8 for winning)\n|l|‽ultraviolet eyes\n|player|p1|\n|c| Referrals|gg\n|l|☆helicopyer\n|player|p2|\n|l| Referrals\n", "inputlog": ">version 3bd1a1e329da8d286644078cfc9a9638fc7ea025\n>start {\"formatid\":\"gen6randombattle\",\"seed\":\"sodium,a7ab2d70bc49b6039d8268313cd698ff\",\"rated\":\"Rated battle\"}\n>player p1 {\"name\":\"ultraviolet eyes\",\"avatar\":\"1\",\"rating\":1678,\"seed\":\"sodium,daafc64e442b688a9007831539162146\"}\n>player p2 {\"name\":\"helicopyer\",\"avatar\":\"#rbtt9royals2\",\"rating\":1942,\"seed\":\"sodium,a3c739cbf616d3323fbafcc46a6c6bfd\"}\n>p1 switch 3\n>p2 move bulkup\n>p1 move moonblast mega\n>p2 switch 6\n>p1 move diamondstorm\n>p2 move wish\n>p1 move diamondstorm\n>p2 move protect\n>p1 move diamondstorm\n>p2 move seismictoss\n>p1 move diamondstorm\n>p2 move wish\n>p1 switch 5\n>p2 move protect\n>p1 move toxicspikes\n>p2 move seismictoss\n>p1 move toxicspikes\n>p2 move wish\n>p1 move willowisp\n>p2 move seismictoss\n>p1 move sludgebomb\n>p2 move seismictoss\n>p1 move sludgebomb\n>p2 move seismictoss\n>p1 switch 6\n>p1 move substitute\n>p2 move wish\n>p1 move leechseed\n>p2 move protect\n>p1 move leechseed\n>p2 move wish\n>p1 move seedflare\n>p2 move seismictoss\n>p1 move substitute\n>p2 switch 5\n>p1 move leechseed\n>p2 move hurricane mega\n>p1 switch 4\n>p2 move uturn\n>p2 switch 6\n>p1 move curse\n>p2 move drainpunch\n>p1 switch 5\n>p2 move bulkup\n>p1 move moonblast\n>p2 switch 5\n>p1 move diamondstorm\n>p2 move seismictoss\n>p2 switch 2\n>p1 move protect\n>p2 switch 6\n>p1 move diamondstorm\n>p2 move uturn\n>p2 switch 6\n>p1 move protect\n>p2 move scald\n>p1 switch 4\n>p2 move scald\n>p1 move substitute\n>p2 switch 6\n>p1 move airslash\n>p2 move hurricane\n>p1 switch 5\n>p2 move roost\n>p1 move bodyslam\n>p2 move uturn\n>p2 switch 5\n>p1 switch 2\n>p2 move drainpunch\n>p1 move toxic\n>p2 move knockoff\n>p1 move energyball\n>p2 switch 3\n>p1 switch 3\n>p2 move gigadrain\n>p1 move stoneedge\n>p2 move suckerpunch\n>p1 switch 2\n>p2 move superpower\n>p2 switch 5\n>p1 move milkdrink\n>p2 move hurricane\n>p1 switch 4\n>p1 move diamondstorm\n>p2 move uturn\n>p2 switch 6\n>p2 switch 6\n>p1 move diamondstorm\n>p2 move uturn\n>p2 switch 3\n>p1 move moonblast\n>p2 move bulkup\n>p2 switch 3\n>p1 move protect\n>p2 move hurricane\n>p1 move moonblast\n>p2 move hurricane\n>p1 switch 3\n>p1 move synthesis\n>p2 move hurricane\n>p1 switch 5\n>p1 move airslash\n>p2 move hurricane\n>chat  arboretums|gg\n>p1 switch 2\n>p1 move stoneedge\n>p2 move hurricane", "uploadtime": 1768929492, "views": 302, "formatid": "gen6randombattle", "rating": 1670, "private": 0, "password": null}