{"id": "gen6randombattle-2519170867", "format": "[Gen 6] Random Battle", "players": ["Red123167", "boomer0501o"], "log": "|j|☆Red123167\n|j|☆boomer0501o\n|t:|1768479370\n|gametype|singles\n|player|p1|Red123167|170|1584\n|player|p2|boomer0501o|265|1730\n|gen|6\n|tier|[Gen 6] Random Battle\n|rated|\n|rule|Sleep Clause Mod: Limit one foe put to sleep\n|rule|HP Percentage Mod: HP is shown in percentages\n|rule|Illusion Level Mod: Illusion disguises the Pokémon's true level\n|\n|t:|1768479370\n|teamsize|p1|6\n|teamsize|p2|6\n|start\n|switch|p1a: Claydol|Claydol, L88|249/249\n|switch|p2a: Hoopa|Hoopa, L84|272/272\n|turn|1\n|inactive|Battle timer is ON: inactive players will automatically lose when time's up. (requested by boomer0501o)\n|\n|t:|1768479401\n|switch|p1a: Scolipede|Scolipede, L79, F|224/224\n|move|p2a: Hoopa|Focus Blast|p1a: Scolipede|[miss]\n|-miss|p2a: Hoopa|p1a: Scolipede\n|\n|upkeep\n|turn|2\n|\n|t:|1768479413\n|switch|p2a: Dialga|Dialga, L73|266/266\n|-ability|p2a: Dialga|Pressure\n|switch|p1a: Banette|Banette, L87, F|253/253\n|-item|p2a: Dialga|Choice Scarf|[from] ability: Frisk|[of] p1a: Banette\n|\n|upkeep\n|turn|3\n|\n|t:|1768479420\n|detailschange|p1a: Banette|Banette-Mega, L87, F\n|-mega|p1a: Banette|Banette|Banettite\n|move|p2a: Dialga|Flash Cannon|p1a: Banette\n|-damage|p1a: Banette|156/253\n|move|p1a: Banette|Knock Off|p2a: Dialga\n|-crit|p2a: Dialga\n|-damage|p2a: Dialga|126/266\n|-enditem|p2a: Dialga|Choice Scarf|[from] move: Knock Off|[of] p1a: Banette\n|\n|upkeep\n|turn|4\n|\n|t:|1768479427\n|move|p1a: Banette|Shadow Claw|p2a: Dialga\n|-damage|p2a: Dialga|14/266\n|move|p2a: Dialga|Draco Meteor|p1a: Banette\n|-damage|p1a: Banette|0 fnt\n|-unboost|p2a: Dialga|spa|2\n|faint|p1a: Banette\n|detailschange|p1: Banette|Banette, L87, F|[silent]\n|\n|upkeep\n|\n|t:|1768479435\n|switch|p1a: Claydol|Claydol, L88|249/249\n|turn|5\n|\n|t:|1768479440\n|switch|p2a: Houndoom|Houndoom, L80, F|251/251\n|move|p1a: Claydol|Earthquake|p2a: Houndoom\n|-supereffective|p2a: Houndoom\n|-damage|p2a: Houndoom|0 fnt\n|faint|p2a: Houndoom\n|\n|upkeep\n|\n|t:|1768479447\n|switch|p2a: Aurorus|Aurorus, L86, M|352/352\n|turn|6\n|c|☆Red123167|Mega huh\n|\n|t:|1768479455\n|switch|p1a: Milotic|Milotic, L83, F|293/293\n|move|p2a: Aurorus|Hyper Voice|p1a: Milotic\n|-resisted|p1a: Milotic\n|-damage|p1a: Milotic|245/293\n|\n|-heal|p1a: Milotic|263/293|[from] item: Leftovers\n|upkeep\n|turn|7\n|\n|t:|1768479459\n|move|p1a: Milotic|Scald|p2a: Aurorus\n|-supereffective|p2a: Aurorus\n|-damage|p2a: Aurorus|182/352\n|move|p2a: Aurorus|Thunder Wave|p1a: Milotic\n|-status|p1a: Milotic|par\n|\n|-heal|p2a: Aurorus|204/352|[from] item: Leftovers\n|-heal|p1a: Milotic|281/293 par|[from] item: Leftovers\n|upkeep\n|turn|8\n|\n|t:|1768479464\n|switch|p2a: Hoopa|Hoopa, L84|272/272\n|move|p1a: Milotic|Scald|p2a: Hoopa\n|-damage|p2a: Hoopa|212/272\n|\n|-heal|p1a: Milotic|293/293 par|[from] item: Leftovers\n|upkeep\n|turn|9\n|\n|t:|1768479477\n|switch|p1a: Florges|Florges-Yellow, L84, F|268/268\n|move|p2a: Hoopa|Trick|p1a: Florges\n|-activate|p2a: Hoopa|move: Trick|[of] p1a: Florges\n|-item|p1a: Florges|Choice Scarf|[from] move: Trick\n|-item|p2a: Hoopa|Leftovers|[from] move: Trick\n|\n|-heal|p2a: Hoopa|229/272|[from] item: Leftovers\n|upkeep\n|turn|10\n|\n|t:|1768479482\n|move|p1a: Florges|Moonblast|p2a: Hoopa\n|-damage|p2a: Hoopa|141/272\n|move|p2a: Hoopa|Psyshock|p1a: Florges\n|-damage|p1a: Florges|127/268\n|\n|-heal|p2a: Hoopa|158/272|[from] item: Leftovers\n|upkeep\n|turn|11\n|\n|t:|1768479490\n|switch|p1a: Claydol|Claydol, L88|249/249\n|move|p2a: Hoopa|Psyshock|p1a: Claydol\n|-resisted|p1a: Claydol\n|-damage|p1a: Claydol|197/249\n|\n|-heal|p2a: Hoopa|175/272|[from] item: Leftovers\n|upkeep\n|turn|12\n|\n|t:|1768479494\n|move|p1a: Claydol|Earthquake|p2a: Hoopa\n|-damage|p2a: Hoopa|60/272\n|move|p2a: Hoopa|Shadow Ball|p1a: Claydol\n|-supereffective|p1a: Claydol\n|-damage|p1a: Claydol|81/249\n|\n|-heal|p2a: Hoopa|77/272|[from] item: Leftovers\n|upkeep\n|turn|13\n|\n|t:|1768479498\n|switch|p2a: Altaria|Altaria, L88, M|275/275\n|move|p1a: Claydol|Earthquake|p2a: Altaria\n|-immune|p2a: Altaria\n|\n|upkeep\n|turn|14\n|\n|t:|1768479503\n|move|p2a: Altaria|Dragon Dance|p2a: Altaria\n|-boost|p2a: Altaria|atk|1\n|-boost|p2a: Altaria|spe|1\n|move|p1a: Claydol|Ice Beam|p2a: Altaria\n|-supereffective|p2a: Altaria\n|-damage|p2a: Altaria|71/275\n|\n|upkeep\n|turn|15\n|\n|t:|1768479513\n|move|p2a: Altaria|Outrage|p1a: Claydol\n|-damage|p1a: Claydol|0 fnt\n|faint|p1a: Claydol\n|\n|upkeep\n|\n|t:|1768479515\n|switch|p1a: Florges|Florges-Yellow, L84, F|127/268\n|turn|16\n|\n|t:|1768479517\n|move|p2a: Altaria|Outrage|p1a: Florges|[from] lockedmove\n|-immune|p1a: Florges\n|-start|p2a: Altaria|confusion|[fatigue]\n|-enditem|p2a: Altaria|Lum Berry|[eat]\n|-end|p2a: Altaria|confusion\n|move|p1a: Florges|Moonblast|p2a: Altaria\n|-supereffective|p2a: Altaria\n|-damage|p2a: Altaria|0 fnt\n|faint|p2a: Altaria\n|\n|upkeep\n|\n|t:|1768479523\n|switch|p2a: Aurorus|Aurorus, L86, M|204/352\n|turn|17\n|\n|t:|1768479528\n|switch|p1a: Milotic|Milotic, L83, F|293/293 par\n|move|p2a: Aurorus|Hyper Voice|p1a: Milotic\n|-resisted|p1a: Milotic\n|-damage|p1a: Milotic|241/293 par\n|\n|-heal|p2a: Aurorus|226/352|[from] item: Leftovers\n|-heal|p1a: Milotic|259/293 par|[from] item: Leftovers\n|upkeep\n|turn|18\n|\n|t:|1768479533\n|switch|p2a: Dialga|Dialga, L73|14/266\n|-ability|p2a: Dialga|Pressure\n|move|p1a: Milotic|Scald|p2a: Dialga\n|-resisted|p2a: Dialga\n|-damage|p2a: Dialga|0 fnt\n|faint|p2a: Dialga\n|\n|-heal|p1a: Milotic|277/293 par|[from] item: Leftovers\n|upkeep\n|\n|t:|1768479535\n|switch|p2a: Medicham|Medicham, L83, F|235/235\n|turn|19\n|\n|t:|1768479541\n|switch|p1a: Scolipede|Scolipede, L79, F|224/224\n|move|p2a: Medicham|Zen Headbutt|p1a: Scolipede\n|-supereffective|p1a: Scolipede\n|-damage|p1a: Scolipede|0 fnt\n|faint|p1a: Scolipede\n|\n|upkeep\n|\n|t:|1768479546\n|switch|p1a: Florges|Florges-Yellow, L84, F|127/268\n|turn|20\n|\n|t:|1768479551\n|switch|p2a: Hoopa|Hoopa, L84|77/272\n|move|p1a: Florges|Moonblast|p2a: Hoopa\n|-damage|p2a: Hoopa|0 fnt\n|faint|p2a: Hoopa\n|\n|upkeep\n|\n|t:|1768479554\n|switch|p2a: Aurorus|Aurorus, L86, M|226/352\n|turn|21\n|\n|t:|1768479561\n|switch|p1a: Milotic|Milotic, L83, F|277/293 par\n|switch|p2a: Medicham|Medicham, L83, F|235/235\n|\n|-heal|p1a: Milotic|293/293 par|[from] item: Leftovers\n|upkeep\n|turn|22\n|\n|t:|1768479566\n|switch|p1a: Wormadam|Wormadam, F|282/282\n|move|p2a: Medicham|High Jump Kick|p1a: Wormadam|[miss]\n|-miss|p2a: Medicham|p1a: Wormadam\n|-damage|p2a: Medicham|118/235|[from] highjumpkick\n|\n|upkeep\n|turn|23\n|\n|t:|1768479575\n|switch|p2a: Aurorus|Aurorus, L86, M|226/352\n|move|p1a: Wormadam|Leaf Storm|p2a: Aurorus|[miss]\n|-miss|p1a: Wormadam|p2a: Aurorus\n|\n|-heal|p2a: Aurorus|248/352|[from] item: Leftovers\n|upkeep\n|turn|24\n|\n|t:|1768479579\n|switch|p1a: Milotic|Milotic, L83, F|293/293 par\n|move|p2a: Aurorus|Hyper Voice|p1a: Milotic\n|-resisted|p1a: Milotic\n|-damage|p1a: Milotic|242/293 par\n|\n|-heal|p2a: Aurorus|270/352|[from] item: Leftovers\n|-heal|p1a: Milotic|260/293 par|[from] item: Leftovers\n|upkeep\n|turn|25\n|\n|t:|1768479585\n|switch|p2a: Medicham|Medicham, L83, F|118/235\n|cant|p1a: Milotic|par\n|\n|-heal|p1a: Milotic|278/293 par|[from] item: Leftovers\n|upkeep\n|turn|26\n|\n|t:|1768479588\n|move|p2a: Medicham|Zen Headbutt|p1a: Milotic\n|-damage|p1a: Milotic|137/293 par\n|move|p1a: Milotic|Scald|p2a: Medicham\n|-damage|p2a: Medicham|25/235\n|\n|-heal|p1a: Milotic|155/293 par|[from] item: Leftovers\n|upkeep\n|turn|27\n|\n|t:|1768479593\n|move|p2a: Medicham|Zen Headbutt|p1a: Milotic\n|-damage|p1a: Milotic|20/293 par\n|move|p1a: Milotic|Scald|p2a: Medicham\n|-damage|p2a: Medicham|0 fnt\n|faint|p2a: Medicham\n|\n|-heal|p1a: Milotic|38/293 par|[from] item: Leftovers\n|upkeep\n|\n|t:|1768479597\n|switch|p2a: Aurorus|Aurorus, L86, M|270/352\n|turn|28\n|j| mlungero\n|\n|t:|1768479606\n|move|p2a: Aurorus|Earth Power|p1a: Milotic\n|-damage|p1a: Milotic|0 fnt\n|faint|p1a: Milotic\n|\n|-heal|p2a: Aurorus|292/352|[from] item: Leftovers\n|upkeep\n|\n|t:|1768479609\n|switch|p1a: Wormadam|Wormadam, F|282/282\n|turn|29\n|\n|t:|1768479611\n|move|p2a: Aurorus|Hyper Voice|p1a: Wormadam\n|-supereffective|p1a: Wormadam\n|-damage|p1a: Wormadam|100/282\n|move|p1a: Wormadam|Leaf Storm|p2a: Aurorus\n|-supereffective|p2a: Aurorus\n|-damage|p2a: Aurorus|0 fnt\n|-unboost|p1a: Wormadam|spa|2\n|faint|p2a: Aurorus\n|\n|win|Red123167\n|raw|Red123167's rating: 1584 &rarr; <strong>1612</strong><br />(+28 for winning)\n|raw|boomer0501o's rating: 1730 &rarr; <strong>1702</strong><br />(-28 for losing)\n|l|☆boomer0501o\n|player|p2|\n", "inputlog": ">version 3bd1a1e329da8d286644078cfc9a9638fc7ea025\n>start {\"formatid\":\"gen6randombattle\",\"seed\":\"sodium,c739e04a72c946b8d47db1faeda6edfd\",\"rated\":\"Rated battle\"}\n>player p1 {\"name\":\"Red123167\",\"avatar\":\"170\",\"rating\":1584,\"seed\":\"sodium,c43f44df8c15823c3812e2318d194e2c\"}\n>player p2 {\"name\":\"boomer0501o\",\"avatar\":\"265\",\"rating\":1730,\"seed\":\"sodium,5339c6a8634cfb8ebf695a5110e9e59a\"}\n>p1 switch 6\n>p2 move focusblast\n>p1 switch 3\n>p2 switch 4\n>p1 move knockoff mega\n>p2 move flashcannon\n>p1 move shadowclaw\n>p2 move dracometeor\n>p1 switch 6\n>p1 move earthquake\n>p2 switch 6\n>p2 switch 3\n>chat ☆Red123167|Mega huh\n>p1 switch 2\n>p2 move hypervoice\n>p1 move scald\n>p2 move thunderwave\n>p1 move scald\n>p2 switch 4\n>p1 switch 5\n>p2 move trick\n>p1 move moonblast\n>p2 move psyshock\n>p1 switch 2\n>p2 move psyshock\n>p1 move earthquake\n>p2 move shadowball\n>p1 move earthquake\n>p2 switch 5\n>p1 move icebeam\n>p2 move dragondance\n>p1 move icebeam\n>p2 move outrage\n>p1 switch 2\n>p1 move moonblast\n>p2 move outrage\n>p2 switch 4\n>p1 switch 5\n>p2 move hypervoice\n>p1 move scald\n>p2 switch 6\n>p2 switch 2\n>p1 switch 3\n>p2 move zenheadbutt\n>p1 switch 5\n>p1 move moonblast\n>p2 switch 5\n>p2 switch 6\n>p1 switch 3\n>p2 switch 5\n>p1 switch 4\n>p2 move highjumpkick\n>p1 move leafstorm\n>p2 switch 5\n>p1 switch 4\n>p2 move hypervoice\n>p1 move scald\n>p2 switch 5\n>p1 move scald\n>p2 move zenheadbutt\n>p1 move scald\n>p2 move zenheadbutt\n>p2 switch 5\n>p1 move scald\n>p2 move earthpower\n>p1 switch 4\n>p1 move leafstorm\n>p2 move hypervoice", "uploadtime": 1768479617, "views": 247, "formatid": "gen6randombattle", "rating": 1612, "private": 0, "password": null}