{"id": "gen6randombattle-2526539292", "format": "[Gen 6] Random Battle", "players": ["Omgebhonyel", "Dark Wolf 888"], "log": "|j|☆Omgebhonyel\n|j|☆Dark Wolf 888\n|t:|1769431660\n|gametype|singles\n|player|p1|Omgebhonyel|brock|1569\n|player|p2|Dark Wolf 888|blue|1490\n|gen|6\n|tier|[Gen 6] Random Battle\n|rated|\n|rule|Sleep Clause Mod: Limit one foe put to sleep\n|rule|HP Percentage Mod: HP is shown in percentages\n|rule|Illusion Level Mod: Illusion disguises the Pokémon's true level\n|\n|t:|1769431660\n|teamsize|p1|6\n|teamsize|p2|6\n|start\n|switch|p1a: Azelf|Azelf, L80|251/251\n|switch|p2a: Crustle|Crustle, L82, F|249/249\n|turn|1\n|inactive|Battle timer is ON: inactive players will automatically lose when time's up. (requested by Dark Wolf 888)\n|\n|t:|1769431699\n|move|p1a: Azelf|Psychic|p2a: Crustle\n|-damage|p2a: Crustle|77/249\n|-damage|p1a: Azelf|226/251|[from] item: Life Orb\n|move|p2a: Crustle|Shell Smash|p2a: Crustle\n|-unboost|p2a: Crustle|def|1\n|-unboost|p2a: Crustle|spd|1\n|-boost|p2a: Crustle|atk|2\n|-boost|p2a: Crustle|spa|2\n|-boost|p2a: Crustle|spe|2\n|-enditem|p2a: Crustle|White Herb\n|-clearnegativeboost|p2a: Crustle|[silent]\n|\n|upkeep\n|turn|2\n|\n|t:|1769431724\n|move|p2a: Crustle|Knock Off|p1a: Azelf\n|-supereffective|p1a: Azelf\n|-damage|p1a: Azelf|0 fnt\n|-enditem|p1a: Azelf|Life Orb|[from] move: Knock Off|[of] p2a: Crustle\n|faint|p1a: Azelf\n|\n|upkeep\n|\n|t:|1769431732\n|switch|p1a: Hitmonlee|Hitmonlee, L86, M|225/225\n|turn|3\n|\n|t:|1769431739\n|move|p1a: Hitmonlee|Mach Punch|p2a: Crustle\n|-damage|p2a: Crustle|16/249\n|move|p2a: Crustle|Knock Off|p1a: Hitmonlee\n|-resisted|p1a: Hitmonlee\n|-damage|p1a: Hitmonlee|141/225\n|-enditem|p1a: Hitmonlee|Choice Band|[from] move: Knock Off|[of] p2a: Crustle\n|\n|upkeep\n|turn|4\n|\n|t:|1769431747\n|move|p1a: Hitmonlee|Mach Punch|p2a: Crustle\n|-damage|p2a: Crustle|0 fnt\n|faint|p2a: Crustle\n|\n|upkeep\n|\n|t:|1769431766\n|switch|p2a: Mesprit|Mesprit, L85|275/275\n|turn|5\n|\n|t:|1769431773\n|switch|p1a: Aurorus|Aurorus, L86, F|352/352\n|move|p2a: Mesprit|Psychic|p1a: Aurorus\n|-damage|p1a: Aurorus|247/352\n|-unboost|p1a: Aurorus|spd|1\n|\n|-heal|p1a: Aurorus|269/352|[from] item: Leftovers\n|upkeep\n|turn|6\n|\n|t:|1769431796\n|move|p2a: Mesprit|Thunder Wave|p1a: Aurorus\n|-status|p1a: Aurorus|par\n|move|p1a: Aurorus|Thunder Wave|p2a: Mesprit\n|-status|p2a: Mesprit|par\n|\n|-heal|p1a: Aurorus|291/352 par|[from] item: Leftovers\n|upkeep\n|turn|7\n|\n|t:|1769431809\n|cant|p2a: Mesprit|par\n|move|p1a: Aurorus|Stealth Rock|p2a: Mesprit\n|-sidestart|p2: Dark Wolf 888|move: Stealth Rock\n|\n|-heal|p1a: Aurorus|313/352 par|[from] item: Leftovers\n|upkeep\n|turn|8\n|\n|t:|1769431814\n|switch|p1a: Kyogre|Kyogre, L71|259/259\n|detailschange|p1a: Kyogre|Kyogre-Primal, L71\n|-primal|p1a: Kyogre|Blue Orb\n|-weather|PrimordialSea|[from] ability: Primordial Sea|[of] p1a: Kyogre\n|move|p2a: Mesprit|Knock Off|p1a: Kyogre\n|-damage|p1a: Kyogre|200/259\n|\n|-weather|PrimordialSea|[upkeep]\n|upkeep\n|turn|9\n|\n|t:|1769431826\n|move|p1a: Kyogre|Calm Mind|p1a: Kyogre\n|-boost|p1a: Kyogre|spa|1\n|-boost|p1a: Kyogre|spd|1\n|cant|p2a: Mesprit|par\n|\n|-weather|PrimordialSea|[upkeep]\n|upkeep\n|turn|10\n|\n|t:|1769431831\n|move|p1a: Kyogre|Scald|p2a: Mesprit\n|-damage|p2a: Mesprit|86/275 par\n|move|p2a: Mesprit|Thunder Wave|p1a: Kyogre\n|-status|p1a: Kyogre|par\n|\n|-weather|PrimordialSea|[upkeep]\n|-heal|p2a: Mesprit|103/275 par|[from] item: Leftovers\n|upkeep\n|turn|11\n|\n|t:|1769431841\n|move|p2a: Mesprit|Psychic|p1a: Kyogre\n|-crit|p1a: Kyogre\n|-damage|p1a: Kyogre|85/259 par\n|move|p1a: Kyogre|Calm Mind|p1a: Kyogre\n|-boost|p1a: Kyogre|spa|1\n|-boost|p1a: Kyogre|spd|1\n|\n|-weather|PrimordialSea|[upkeep]\n|-heal|p2a: Mesprit|120/275 par|[from] item: Leftovers\n|upkeep\n|turn|12\n|\n|t:|1769431848\n|move|p2a: Mesprit|Psychic|p1a: Kyogre\n|-damage|p1a: Kyogre|46/259 par\n|move|p1a: Kyogre|Rest|p1a: Kyogre\n|-status|p1a: Kyogre|slp|[from] move: Rest\n|-heal|p1a: Kyogre|259/259 slp|[silent]\n|\n|-weather|PrimordialSea|[upkeep]\n|-heal|p2a: Mesprit|137/275 par|[from] item: Leftovers\n|upkeep\n|turn|13\n|\n|t:|1769431858\n|cant|p1a: Kyogre|slp\n|move|p1a: Kyogre|Sleep Talk|p1a: Kyogre\n|move|p1a: Kyogre|Scald|p2a: Mesprit|[from] move: Sleep Talk\n|-damage|p2a: Mesprit|0 fnt\n|faint|p2a: Mesprit\n|\n|-weather|PrimordialSea|[upkeep]\n|upkeep\n|\n|t:|1769431873\n|switch|p2a: Throh|Throh, L88, M|354/354\n|-damage|p2a: Throh|332/354|[from] Stealth Rock\n|turn|14\n|\n|t:|1769431882\n|cant|p1a: Kyogre|slp\n|move|p1a: Kyogre|Sleep Talk|p1a: Kyogre\n|move|p1a: Kyogre|Scald|p2a: Throh|[from] move: Sleep Talk\n|-damage|p2a: Throh|38/354\n|-status|p2a: Throh|brn\n|move|p2a: Throh|Circle Throw|p1a: Kyogre\n|-damage|p1a: Kyogre|130/259 slp\n|-weather|none\n|drag|p1a: Hitmonlee|Hitmonlee, L86, M|141/225\n|\n|-heal|p2a: Throh|60/354 brn|[from] item: Leftovers\n|-damage|p2a: Throh|16/354 brn|[from] brn\n|upkeep\n|turn|15\n|\n|t:|1769431905\n|move|p1a: Hitmonlee|Mach Punch|p2a: Throh\n|-crit|p2a: Throh\n|-damage|p2a: Throh|0 fnt\n|faint|p2a: Throh\n|\n|upkeep\n|inactive|Dark Wolf 888 has 120 seconds left.\n|\n|t:|1769431923\n|switch|p2a: Heracross|Heracross, L77, M|250/250\n|-damage|p2a: Heracross|219/250|[from] Stealth Rock\n|turn|16\n|\n|t:|1769431944\n|detailschange|p2a: Heracross|Heracross-Mega, L77, M\n|-mega|p2a: Heracross|Heracross|Heracronite\n|move|p1a: Hitmonlee|Poison Jab|p2a: Heracross\n|-damage|p2a: Heracross|154/250\n|move|p2a: Heracross|Pin Missile|p1a: Hitmonlee\n|-resisted|p1a: Hitmonlee\n|-crit|p1a: Hitmonlee\n|-damage|p1a: Hitmonlee|103/225\n|-resisted|p1a: Hitmonlee\n|-damage|p1a: Hitmonlee|79/225\n|-resisted|p1a: Hitmonlee\n|-crit|p1a: Hitmonlee\n|-damage|p1a: Hitmonlee|37/225\n|-resisted|p1a: Hitmonlee\n|-damage|p1a: Hitmonlee|8/225\n|-resisted|p1a: Hitmonlee\n|-damage|p1a: Hitmonlee|0 fnt\n|faint|p1a: Hitmonlee\n|-hitcount|p1: Hitmonlee|5\n|\n|upkeep\n|inactive|Omgebhonyel has 120 seconds left.\n|inactive|Omgebhonyel has 90 seconds left.\n|\n|t:|1769431992\n|switch|p1a: Aurorus|Aurorus, L86, F|313/352 par\n|turn|17\n|inactive|Omgebhonyel has 90 seconds left.\n|inactive|Dark Wolf 888 has 120 seconds left.\n|\n|t:|1769432018\n|move|p2a: Heracross|Close Combat|p1a: Aurorus\n|-supereffective|p1a: Aurorus\n|-damage|p1a: Aurorus|0 fnt\n|-unboost|p2a: Heracross|def|1\n|-unboost|p2a: Heracross|spd|1\n|faint|p1a: Aurorus\n|\n|upkeep\n|\n|t:|1769432020\n|switch|p1a: Sceptile|Sceptile, L81, F|246/246\n|turn|18\n|\n|t:|1769432029\n|switch|p2a: Probopass|Probopass, L91, F|257/257\n|-damage|p2a: Probopass|241/257|[from] Stealth Rock\n|-item|p2a: Probopass|Air Balloon\n|detailschange|p1a: Sceptile|Sceptile-Mega, L81, F\n|-mega|p1a: Sceptile|Sceptile|Sceptilite\n|move|p1a: Sceptile|Outrage|p2a: Probopass\n|-resisted|p2a: Probopass\n|-damage|p2a: Probopass|198/257\n|-enditem|p2a: Probopass|Air Balloon\n|\n|upkeep\n|turn|19\n|\n|t:|1769432044\n|move|p1a: Sceptile|Outrage|p2a: Probopass|[from] lockedmove\n|-resisted|p2a: Probopass\n|-damage|p2a: Probopass|154/257\n|-start|p1a: Sceptile|confusion|[fatigue]\n|move|p2a: Probopass|Stealth Rock|p1a: Sceptile\n|-sidestart|p1: Omgebhonyel|move: Stealth Rock\n|\n|upkeep\n|turn|20\n|c|☆Omgebhonyel|Nice switch out\n|inactive|Dark Wolf 888 has 120 seconds left.\n|c|☆Dark Wolf 888|thank you\n|\n|t:|1769432072\n|switch|p1a: Kyogre|Kyogre-Primal, L71|130/259 slp\n|-damage|p1a: Kyogre|98/259 slp|[from] Stealth Rock\n|-weather|PrimordialSea|[from] ability: Primordial Sea|[of] p1a: Kyogre\n|move|p2a: Probopass|Toxic||[still]\n|-fail|p2a: Probopass\n|\n|-weather|PrimordialSea|[upkeep]\n|upkeep\n|turn|21\n|\n|t:|1769432088\n|-curestatus|p1a: Kyogre|slp|[msg]\n|move|p1a: Kyogre|Scald|p2a: Probopass\n|-supereffective|p2a: Probopass\n|-damage|p2a: Probopass|0 fnt\n|faint|p2a: Probopass\n|\n|-weather|PrimordialSea|[upkeep]\n|upkeep\n|\n|t:|1769432097\n|switch|p2a: Togekiss|Togekiss, L79, F|264/264\n|-damage|p2a: Togekiss|198/264|[from] Stealth Rock\n|turn|22\n|c|☆Omgebhonyel|Lmao I specificity sacrificed that guy hoping to aim for the dropped Defence.\n|\n|t:|1769432108\n|move|p2a: Togekiss|Thunder Wave|p1a: Kyogre\n|-status|p1a: Kyogre|par\n|move|p1a: Kyogre|Rest|p1a: Kyogre\n|-status|p1a: Kyogre|slp|[from] move: Rest\n|-heal|p1a: Kyogre|259/259 slp|[silent]\n|\n|-weather|PrimordialSea|[upkeep]\n|-heal|p2a: Togekiss|214/264|[from] item: Leftovers\n|upkeep\n|turn|23\n|inactive|Omgebhonyel has 120 seconds left.\n|\n|t:|1769432125\n|move|p2a: Togekiss|Air Slash|p1a: Kyogre\n|-damage|p1a: Kyogre|195/259 slp\n|cant|p1a: Kyogre|slp\n|cant|p1a: Kyogre|flinch\n|\n|-weather|PrimordialSea|[upkeep]\n|-heal|p2a: Togekiss|230/264|[from] item: Leftovers\n|upkeep\n|turn|24\n|\n|t:|1769432132\n|move|p2a: Togekiss|Air Slash|p1a: Kyogre\n|-crit|p1a: Kyogre\n|-damage|p1a: Kyogre|95/259 slp\n|cant|p1a: Kyogre|slp\n|move|p1a: Kyogre|Sleep Talk|p1a: Kyogre\n|move|p1a: Kyogre|Scald|p2a: Togekiss|[from] move: Sleep Talk\n|-damage|p2a: Togekiss|103/264\n|-status|p2a: Togekiss|brn\n|\n|-weather|PrimordialSea|[upkeep]\n|-heal|p2a: Togekiss|119/264 brn|[from] item: Leftovers\n|-damage|p2a: Togekiss|86/264 brn|[from] brn\n|upkeep\n|turn|25\n|\n|t:|1769432143\n|move|p2a: Togekiss|Air Slash|p1a: Kyogre\n|-damage|p1a: Kyogre|35/259 slp\n|-curestatus|p1a: Kyogre|slp|[msg]\n|cant|p1a: Kyogre|flinch\n|\n|-weather|PrimordialSea|[upkeep]\n|-heal|p2a: Togekiss|102/264 brn|[from] item: Leftovers\n|-damage|p2a: Togekiss|69/264 brn|[from] brn\n|upkeep\n|turn|26\n|\n|t:|1769432153\n|move|p2a: Togekiss|Air Slash|p1a: Kyogre\n|-damage|p1a: Kyogre|0 fnt\n|faint|p1a: Kyogre\n|-weather|none\n|detailschange|p1: Kyogre|Kyogre, L71|[silent]\n|\n|-heal|p2a: Togekiss|85/264 brn|[from] item: Leftovers\n|-damage|p2a: Togekiss|52/264 brn|[from] brn\n|upkeep\n|c|☆Omgebhonyel|Flinch. Critical. Flinch. She got me good 😫\n|inactive|Omgebhonyel has 120 seconds left.\n|\n|t:|1769432202\n|switch|p1a: Volcanion|Volcanion, L79|256/256\n|-damage|p1a: Volcanion|192/256|[from] Stealth Rock\n|turn|27\n|c|☆Dark Wolf 888|holy serene grace\n|inactive|Dark Wolf 888 has 120 seconds left.\n|\n|t:|1769432213\n|move|p2a: Togekiss|Thunder Wave|p1a: Volcanion\n|-status|p1a: Volcanion|par\n|move|p1a: Volcanion|Steam Eruption|p2a: Togekiss\n|-damage|p2a: Togekiss|0 fnt\n|faint|p2a: Togekiss\n|\n|-heal|p1a: Volcanion|208/256 par|[from] item: Leftovers\n|upkeep\n|\n|t:|1769432221\n|switch|p2a: Heracross|Heracross-Mega, L77, M|154/250\n|-damage|p2a: Heracross|123/250|[from] Stealth Rock\n|turn|28\n|inactive|Dark Wolf 888 has 120 seconds left.\n|c|☆Omgebhonyel|Oh right serene Grace. That makes sense.\n|\n|t:|1769432233\n|move|p2a: Heracross|Rock Blast|p1a: Volcanion\n|-supereffective|p1a: Volcanion\n|-damage|p1a: Volcanion|164/256 par\n|-supereffective|p1a: Volcanion\n|-damage|p1a: Volcanion|120/256 par\n|-supereffective|p1a: Volcanion\n|-damage|p1a: Volcanion|78/256 par\n|-supereffective|p1a: Volcanion\n|-damage|p1a: Volcanion|34/256 par\n|-supereffective|p1a: Volcanion\n|-damage|p1a: Volcanion|0 fnt\n|faint|p1a: Volcanion\n|-hitcount|p1: Volcanion|5\n|\n|upkeep\n|\n|t:|1769432236\n|switch|p1a: Sceptile|Sceptile-Mega, L81, F|246/246\n|-damage|p1a: Sceptile|216/246|[from] Stealth Rock\n|turn|29\n|c|☆Omgebhonyel|Gg bro\n|c|☆Omgebhonyel|Wp\n|inactive|Dark Wolf 888 has 120 seconds left.\n|c|☆Dark Wolf 888|gg too\n|\n|t:|1769432255\n|move|p1a: Sceptile|Outrage|p2a: Heracross\n|-damage|p2a: Heracross|6/250\n|move|p2a: Heracross|Pin Missile|p1a: Sceptile\n|-supereffective|p1a: Sceptile\n|-damage|p1a: Sceptile|126/246\n|-supereffective|p1a: Sceptile\n|-damage|p1a: Sceptile|30/246\n|-supereffective|p1a: Sceptile\n|-damage|p1a: Sceptile|0 fnt\n|faint|p1a: Sceptile\n|detailschange|p1: Sceptile|Sceptile, L81, F|[silent]\n|-hitcount|p1: Sceptile|3\n|\n|win|Dark Wolf 888\n|raw|Omgebhonyel's rating: 1569 &rarr; <strong>1545</strong><br />(-24 for losing)\n|raw|Dark Wolf 888's rating: 1490 &rarr; <strong>1514</strong><br />(+24 for winning)\n", "inputlog": ">version b99ff0165a6231f17e8b78c2a78d1998375de664\n>start {\"formatid\":\"gen6randombattle\",\"seed\":\"sodium,e3cd133f89096c002dc25a7560a04c78\",\"rated\":\"Rated battle\"}\n>player p1 {\"name\":\"Omgebhonyel\",\"avatar\":\"brock\",\"rating\":1569,\"seed\":\"sodium,2dd0a9936b01531e5c1366eabd1ba925\"}\n>player p2 {\"name\":\"Dark Wolf 888\",\"avatar\":\"blue\",\"rating\":1490,\"seed\":\"sodium,453c36928957dc0f48c32bac4f48a02b\"}\n>p1 move psychic\n>p2 move shellsmash\n>p1 move psychic\n>p2 move knockoff\n>p1 switch 5\n>p1 move machpunch\n>p2 move knockoff\n>p1 move machpunch\n>p2 move stoneedge\n>p2 switch 2\n>p1 switch 4\n>p2 move psychic\n>p1 move thunderwave\n>p2 move thunderwave\n>p1 move stealthrock\n>p2 move knockoff\n>p1 switch 2\n>p2 move knockoff\n>p1 move calmmind\n>p2 move thunderwave\n>p1 move scald\n>p2 move thunderwave\n>p1 move calmmind\n>p2 move psychic\n>p1 move rest\n>p2 move psychic\n>p1 move sleeptalk\n>p2 move uturn\n>p2 switch 5\n>p1 move sleeptalk\n>p2 move circlethrow\n>p1 move machpunch\n>p2 move rest\n>p2 switch 3\n>p1 move poisonjab\n>p2 move pinmissile mega\n>p1 switch 2\n>p1 move hypervoice\n>p2 move closecombat\n>p1 switch 3\n>p1 move outrage mega\n>p2 switch 6\n>p1 move outrage\n>p2 move stealthrock\n>chat ☆Omgebhonyel|Nice switch out\n>chat ☆Dark Wolf 888|thank you\n>p1 switch 4\n>p2 move toxic\n>p1 move scald\n>p2 move earthpower\n>p2 switch 4\n>chat ☆Omgebhonyel|Lmao I specificity sacrificed that guy hoping to aim for the dropped Defence.\n>p1 move rest\n>p2 move thunderwave\n>p1 move sleeptalk\n>p2 move airslash\n>p1 move sleeptalk\n>p2 move airslash\n>p1 move rest\n>p2 move airslash\n>p1 move scald\n>p2 move airslash\n>chat ☆Omgebhonyel|Flinch. Critical. Flinch. She got me good 😫\n>p1 switch 6\n>chat ☆Dark Wolf 888|holy serene grace\n>p1 move steameruption\n>p2 move thunderwave\n>p2 switch 6\n>chat ☆Omgebhonyel|Oh right serene Grace. That makes sense.\n>p1 move steameruption\n>p2 move rockblast\n>p1 switch 4\n>chat ☆Omgebhonyel|Gg bro\n>chat ☆Omgebhonyel|Wp\n>chat ☆Dark Wolf 888|gg too\n>p1 move outrage\n>p2 move pinmissile", "uploadtime": 1769432261, "views": 269, "formatid": "gen6randombattle", "rating": 1514, "private": 0, "password": null}