{"id": "gen6randombattle-2539183217", "format": "[Gen 6] Random Battle", "players": ["Omgebhonyel", "arboretums"], "log": "|j|☆Omgebhonyel\n|j|☆arboretums\n|t:|1771020239\n|gametype|singles\n|player|p1|Omgebhonyel|brock|1640\n|player|p2|arboretums|serena-masters2|1657\n|gen|6\n|tier|[Gen 6] Random Battle\n|rated|\n|rule|Sleep Clause Mod: Limit one foe put to sleep\n|rule|HP Percentage Mod: HP is shown in percentages\n|rule|Illusion Level Mod: Illusion disguises the Pokémon's true level\n|\n|t:|1771020239\n|teamsize|p1|6\n|teamsize|p2|6\n|start\n|switch|p1a: Kricketune|Kricketune, L98, M|309/309\n|switch|p2a: Marowak|Marowak, L88, F|249/249\n|turn|1\n|inactive|Battle timer is ON: inactive players will automatically lose when time's up. (requested by arboretums)\n|\n|t:|1771020257\n|move|p1a: Kricketune|Knock Off|p2a: Marowak\n|-damage|p2a: Marowak|183/249\n|-enditem|p2a: Marowak|Thick Club|[from] move: Knock Off|[of] p1a: Kricketune\n|move|p2a: Marowak|Stone Edge|p1a: Kricketune\n|-supereffective|p1a: Kricketune\n|-damage|p1a: Kricketune|147/309\n|\n|upkeep\n|turn|2\n|\n|t:|1771020266\n|move|p1a: Kricketune|Sticky Web|p2a: Marowak\n|-sidestart|p2: arboretums|move: Sticky Web\n|move|p2a: Marowak|Swords Dance|p2a: Marowak\n|-boost|p2a: Marowak|atk|2\n|\n|upkeep\n|turn|3\n|\n|t:|1771020275\n|switch|p1a: Dialga|Dialga, L73|266/266\n|-ability|p1a: Dialga|Pressure\n|move|p2a: Marowak|Stone Edge|p1a: Dialga\n|-resisted|p1a: Dialga\n|-crit|p1a: Dialga\n|-damage|p1a: Dialga|168/266\n|\n|upkeep\n|turn|4\n|\n|t:|1771020281\n|switch|p1a: Noivern|Noivern, L80, M|267/267\n|move|p2a: Marowak|Earthquake|p1a: Noivern\n|-immune|p1a: Noivern\n|\n|upkeep\n|turn|5\n|\n|t:|1771020285\n|switch|p2a: Clefable|Clefable, L80, M|283/283\n|-activate|p2a: Clefable|move: Sticky Web\n|-unboost|p2a: Clefable|spe|1\n|move|p1a: Noivern|Draco Meteor|p2a: Clefable\n|-immune|p2a: Clefable\n|\n|upkeep\n|turn|6\n|\n|t:|1771020292\n|switch|p1a: Musharna|Musharna, L88, M|347/347\n|move|p2a: Clefable|Moonblast|p1a: Musharna\n|-crit|p1a: Musharna\n|-damage|p1a: Musharna|186/347\n|-unboost|p1a: Musharna|spa|1\n|\n|-heal|p1a: Musharna|207/347|[from] item: Leftovers\n|upkeep\n|turn|7\n|\n|t:|1771020300\n|move|p1a: Musharna|Moonlight|p1a: Musharna\n|-heal|p1a: Musharna|347/347\n|move|p2a: Clefable|Knock Off|p1a: Musharna\n|-supereffective|p1a: Musharna\n|-damage|p1a: Musharna|222/347\n|-enditem|p1a: Musharna|Leftovers|[from] move: Knock Off|[of] p2a: Clefable\n|\n|upkeep\n|turn|8\n|inactive|arboretums has 120 seconds left.\n|\n|t:|1771020334\n|move|p1a: Musharna|Psyshock|p2a: Clefable\n|-damage|p2a: Clefable|196/283\n|move|p2a: Clefable|Knock Off|p1a: Musharna\n|-supereffective|p1a: Musharna\n|-damage|p1a: Musharna|131/347\n|\n|upkeep\n|turn|9\n|\n|t:|1771020345\n|move|p1a: Musharna|Moonlight|p1a: Musharna\n|-heal|p1a: Musharna|304/347\n|move|p2a: Clefable|Soft-Boiled|p2a: Clefable\n|-heal|p2a: Clefable|283/283\n|\n|upkeep\n|turn|10\n|inactive|arboretums has 120 seconds left.\n|\n|t:|1771020366\n|switch|p2a: Rotom|Rotom-Wash, L80|211/211\n|move|p1a: Musharna|Calm Mind|p1a: Musharna\n|-boost|p1a: Musharna|spa|1\n|-boost|p1a: Musharna|spd|1\n|\n|upkeep\n|turn|11\n|\n|t:|1771020378\n|switch|p1a: Dialga|Dialga, L73|168/266\n|-ability|p1a: Dialga|Pressure\n|move|p2a: Rotom|Trick|p1a: Dialga\n|-activate|p2a: Rotom|move: Trick|[of] p1a: Dialga\n|-item|p1a: Dialga|Choice Scarf|[from] move: Trick\n|-item|p2a: Rotom|Choice Scarf|[from] move: Trick\n|\n|upkeep\n|turn|12\n|c|☆Omgebhonyel|Lol\n|\n|t:|1771020396\n|switch|p2a: Clefable|Clefable, L80, M|283/283\n|-activate|p2a: Clefable|move: Sticky Web\n|-unboost|p2a: Clefable|spe|1\n|move|p1a: Dialga|Flash Cannon|p2a: Clefable\n|-supereffective|p2a: Clefable\n|-damage|p2a: Clefable|85/283\n|\n|upkeep\n|turn|13\n|\n|t:|1771020403\n|switch|p1a: Musharna|Musharna, L88, M|304/347\n|switch|p2a: Rotom|Rotom-Wash, L80|211/211\n|\n|upkeep\n|turn|14\n|\n|t:|1771020407\n|switch|p1a: Dialga|Dialga, L73|168/266\n|-ability|p1a: Dialga|Pressure\n|move|p2a: Rotom|Trick|p1a: Dialga\n|-activate|p2a: Rotom|move: Trick|[of] p1a: Dialga\n|-item|p1a: Dialga|Choice Scarf|[from] move: Trick\n|-item|p2a: Rotom|Choice Scarf|[from] move: Trick\n|\n|upkeep\n|turn|15\n|\n|t:|1771020412\n|move|p2a: Rotom|Volt Switch|p1a: Dialga\n|-resisted|p1a: Dialga\n|-damage|p1a: Dialga|132/266\n|\n|t:|1771020416\n|switch|p2a: Marowak|Marowak, L88, F|183/249|[from] Volt Switch\n|-activate|p2a: Marowak|move: Sticky Web\n|-unboost|p2a: Marowak|spe|1\n|move|p1a: Dialga|Thunderbolt|p2a: Marowak\n|-immune|p2a: Marowak\n|\n|upkeep\n|turn|16\n|\n|t:|1771020422\n|move|p1a: Dialga|Thunderbolt|p2a: Marowak\n|-immune|p2a: Marowak\n|move|p2a: Marowak|Swords Dance|p2a: Marowak\n|-boost|p2a: Marowak|atk|2\n|\n|upkeep\n|turn|17\n|\n|t:|1771020432\n|move|p1a: Dialga|Thunderbolt|p2a: Marowak\n|-immune|p2a: Marowak\n|move|p2a: Marowak|Stone Edge|p1a: Dialga\n|-resisted|p1a: Dialga\n|-damage|p1a: Dialga|70/266\n|\n|upkeep\n|turn|18\n|\n|t:|1771020437\n|move|p1a: Dialga|Thunderbolt|p2a: Marowak\n|-immune|p2a: Marowak\n|move|p2a: Marowak|Swords Dance|p2a: Marowak\n|-boost|p2a: Marowak|atk|2\n|\n|upkeep\n|turn|19\n|\n|t:|1771020443\n|move|p1a: Dialga|Thunderbolt|p2a: Marowak\n|-immune|p2a: Marowak\n|move|p2a: Marowak|Stone Edge|p1a: Dialga\n|-resisted|p1a: Dialga\n|-damage|p1a: Dialga|0 fnt\n|faint|p1a: Dialga\n|\n|upkeep\n|\n|t:|1771020447\n|switch|p1a: Noivern|Noivern, L80, M|267/267\n|turn|20\n|\n|t:|1771020451\n|move|p1a: Noivern|Draco Meteor|p2a: Marowak\n|-damage|p2a: Marowak|5/249\n|-unboost|p1a: Noivern|spa|2\n|move|p2a: Marowak|Stone Edge|p1a: Noivern\n|-supereffective|p1a: Noivern\n|-damage|p1a: Noivern|0 fnt\n|faint|p1a: Noivern\n|\n|upkeep\n|c|☆Omgebhonyel|Can't believe you survived that\n|\n|t:|1771020466\n|switch|p1a: Kricketune|Kricketune, L98, M|147/309\n|turn|21\n|\n|t:|1771020469\n|move|p1a: Kricketune|Knock Off|p2a: Marowak\n|-damage|p2a: Marowak|0 fnt\n|faint|p2a: Marowak\n|\n|upkeep\n|\n|t:|1771020484\n|switch|p2a: Victreebel|Victreebel, L90, F|290/290\n|-activate|p2a: Victreebel|move: Sticky Web\n|-unboost|p2a: Victreebel|spe|1\n|turn|22\n|\n|t:|1771020489\n|move|p1a: Kricketune|Bug Bite|p2a: Victreebel\n|-crit|p2a: Victreebel\n|-damage|p2a: Victreebel|89/290\n|move|p2a: Victreebel|Sunny Day|p2a: Victreebel\n|-weather|SunnyDay\n|\n|-weather|SunnyDay|[upkeep]\n|upkeep\n|turn|23\n|\n|t:|1771020500\n|switch|p1a: Musharna|Musharna, L88, M|304/347\n|move|p2a: Victreebel|Weather Ball|p1a: Musharna\n|-damage|p1a: Musharna|161/347\n|-damage|p2a: Victreebel|60/290|[from] item: Life Orb\n|\n|-weather|SunnyDay|[upkeep]\n|upkeep\n|turn|24\n|\n|t:|1771020509\n|switch|p1a: Aegislash|Aegislash, L78, F|222/222\n|move|p2a: Victreebel|Power Whip|p1a: Aegislash|[miss]\n|-miss|p2a: Victreebel|p1a: Aegislash\n|\n|-weather|SunnyDay|[upkeep]\n|upkeep\n|turn|25\n|\n|t:|1771020517\n|move|p1a: Aegislash|King's Shield|p1a: Aegislash\n|-singleturn|p1a: Aegislash|Protect\n|move|p2a: Victreebel|Weather Ball|p1a: Aegislash\n|-activate|p1a: Aegislash|move: Protect\n|\n|-weather|SunnyDay|[upkeep]\n|upkeep\n|turn|26\n|\n|t:|1771020525\n|switch|p1a: Kricketune|Kricketune, L98, M|147/309\n|move|p2a: Victreebel|Weather Ball|p1a: Kricketune\n|-supereffective|p1a: Kricketune\n|-damage|p1a: Kricketune|0 fnt\n|faint|p1a: Kricketune\n|-damage|p2a: Victreebel|31/290|[from] item: Life Orb\n|\n|-weather|none\n|upkeep\n|\n|t:|1771020537\n|switch|p1a: Tauros|Tauros, L82, M|257/257\n|turn|27\n|\n|t:|1771020541\n|move|p1a: Tauros|Body Slam|p2a: Victreebel\n|-damage|p2a: Victreebel|0 fnt\n|faint|p2a: Victreebel\n|\n|upkeep\n|\n|t:|1771020544\n|switch|p2a: Kecleon|Kecleon, L89, F|252/252\n|-activate|p2a: Kecleon|move: Sticky Web\n|-unboost|p2a: Kecleon|spe|1\n|turn|28\n|\n|t:|1771020553\n|switch|p1a: Musharna|Musharna, L88, M|161/347\n|move|p2a: Kecleon|Drain Punch|p1a: Musharna\n|-start|p2a: Kecleon|typechange|Fighting|[from] ability: Protean\n|-resisted|p1a: Musharna\n|-damage|p1a: Musharna|122/347\n|\n|upkeep\n|turn|29\n|\n|t:|1771020566\n|switch|p2a: Tyrantrum|Tyrantrum, L80, F|262/262\n|-activate|p2a: Tyrantrum|move: Sticky Web\n|-unboost|p2a: Tyrantrum|spe|1\n|move|p1a: Musharna|Moonlight|p1a: Musharna\n|-heal|p1a: Musharna|295/347\n|\n|upkeep\n|turn|30\n|\n|t:|1771020573\n|move|p2a: Tyrantrum|Head Smash|p1a: Musharna\n|-damage|p1a: Musharna|22/347\n|move|p1a: Musharna|Calm Mind|p1a: Musharna\n|-boost|p1a: Musharna|spa|1\n|-boost|p1a: Musharna|spd|1\n|\n|upkeep\n|turn|31\n|\n|t:|1771020576\n|switch|p1a: Aegislash|Aegislash, L78, F|222/222\n|move|p2a: Tyrantrum|Head Smash|p1a: Aegislash|[miss]\n|-miss|p2a: Tyrantrum|p1a: Aegislash\n|\n|upkeep\n|turn|32\n|\n|t:|1771020584\n|switch|p2a: Rotom|Rotom-Wash, L80|211/211\n|move|p1a: Aegislash|Toxic|p2a: Rotom\n|-status|p2a: Rotom|tox\n|\n|-damage|p2a: Rotom|198/211 tox|[from] psn\n|upkeep\n|turn|33\n|\n|t:|1771020588\n|move|p1a: Aegislash|King's Shield|p1a: Aegislash\n|-singleturn|p1a: Aegislash|Protect\n|move|p2a: Rotom|Trick|p1a: Aegislash\n|-activate|p2a: Rotom|move: Trick|[of] p1a: Aegislash\n|-item|p1a: Aegislash|Choice Scarf|[from] move: Trick\n|-item|p2a: Rotom|Leftovers|[from] move: Trick\n|\n|-heal|p2a: Rotom|211/211 tox|[from] item: Leftovers\n|-damage|p2a: Rotom|185/211 tox|[from] psn\n|upkeep\n|turn|34\n|c|☆Omgebhonyel|Lol I was wondering about that\n|c|☆Omgebhonyel|Gg\n|\n|t:|1771020609\n|-formechange|p1a: Aegislash|Aegislash-Blade||[from] ability: Stance Change\n|move|p1a: Aegislash|Shadow Ball|p2a: Rotom\n|-damage|p2a: Rotom|95/211 tox\n|move|p2a: Rotom|Volt Switch|p1a: Aegislash\n|-damage|p1a: Aegislash|108/222\n|\n|t:|1771020616\n|switch|p2a: Kecleon|Kecleon, L89, F|252/252|[from] Volt Switch\n|-activate|p2a: Kecleon|move: Sticky Web\n|-unboost|p2a: Kecleon|spe|1\n|\n|upkeep\n|turn|35\n|\n|t:|1771020623\n|switch|p1a: Musharna|Musharna, L88, M|22/347\n|move|p2a: Kecleon|Stealth Rock|p1a: Musharna\n|-start|p2a: Kecleon|typechange|Rock|[from] ability: Protean\n|-sidestart|p1: Omgebhonyel|move: Stealth Rock\n|\n|upkeep\n|turn|36\n|\n|t:|1771020628\n|move|p1a: Musharna|Moonlight|p1a: Musharna\n|-heal|p1a: Musharna|195/347\n|move|p2a: Kecleon|Knock Off|p1a: Musharna\n|-start|p2a: Kecleon|typechange|Dark|[from] ability: Protean\n|-supereffective|p1a: Musharna\n|-damage|p1a: Musharna|45/347\n|\n|upkeep\n|turn|37\n|\n|t:|1771020631\n|move|p1a: Musharna|Moonlight|p1a: Musharna\n|-heal|p1a: Musharna|218/347\n|move|p2a: Kecleon|Knock Off|p1a: Musharna\n|-supereffective|p1a: Musharna\n|-damage|p1a: Musharna|66/347\n|\n|upkeep\n|turn|38\n|\n|t:|1771020634\n|move|p1a: Musharna|Moonlight|p1a: Musharna\n|-heal|p1a: Musharna|239/347\n|move|p2a: Kecleon|Knock Off|p1a: Musharna\n|-supereffective|p1a: Musharna\n|-damage|p1a: Musharna|81/347\n|\n|upkeep\n|turn|39\n|\n|t:|1771020637\n|move|p1a: Musharna|Moonlight|p1a: Musharna\n|-heal|p1a: Musharna|254/347\n|move|p2a: Kecleon|Knock Off|p1a: Musharna\n|-supereffective|p1a: Musharna\n|-damage|p1a: Musharna|114/347\n|\n|upkeep\n|turn|40\n|\n|t:|1771020641\n|move|p1a: Musharna|Hidden Power|p2a: Kecleon\n|-supereffective|p2a: Kecleon\n|-damage|p2a: Kecleon|172/252\n|move|p2a: Kecleon|Knock Off|p1a: Musharna\n|-supereffective|p1a: Musharna\n|-damage|p1a: Musharna|0 fnt\n|faint|p1a: Musharna\n|\n|-heal|p2a: Kecleon|187/252|[from] item: Leftovers\n|upkeep\n|\n|t:|1771020644\n|switch|p1a: Tauros|Tauros, L82, M|257/257\n|-damage|p1a: Tauros|225/257|[from] Stealth Rock\n|turn|41\n|\n|t:|1771020651\n|move|p1a: Tauros|Body Slam|p2a: Kecleon\n|-crit|p2a: Kecleon\n|-damage|p2a: Kecleon|0 fnt\n|faint|p2a: Kecleon\n|\n|upkeep\n|\n|t:|1771020661\n|switch|p2a: Tyrantrum|Tyrantrum, L80, F|262/262\n|-activate|p2a: Tyrantrum|move: Sticky Web\n|-unboost|p2a: Tyrantrum|spe|1\n|turn|42\n|\n|t:|1771020668\n|move|p1a: Tauros|Earthquake|p2a: Tyrantrum\n|-supereffective|p2a: Tyrantrum\n|-damage|p2a: Tyrantrum|111/262\n|-damage|p1a: Tauros|200/257|[from] item: Life Orb\n|move|p2a: Tyrantrum|Head Smash|p1a: Tauros\n|-damage|p1a: Tauros|0 fnt\n|faint|p1a: Tauros\n|\n|upkeep\n|\n|t:|1771020672\n|switch|p1a: Aegislash|Aegislash, L78, F|108/222\n|-damage|p1a: Aegislash|95/222|[from] Stealth Rock\n|turn|43\n|\n|t:|1771020678\n|-formechange|p1a: Aegislash|Aegislash-Blade||[from] ability: Stance Change\n|move|p1a: Aegislash|Shadow Ball|p2a: Tyrantrum\n|-damage|p2a: Tyrantrum|0 fnt\n|faint|p2a: Tyrantrum\n|\n|upkeep\n|\n|t:|1771020685\n|switch|p2a: Rotom|Rotom-Wash, L80|95/211 tox\n|turn|44\n|\n|t:|1771020688\n|move|p1a: Aegislash|Shadow Ball|p2a: Rotom\n|-damage|p2a: Rotom|8/211 tox\n|-unboost|p2a: Rotom|spd|1\n|move|p2a: Rotom|Thunderbolt|p1a: Aegislash\n|-damage|p1a: Aegislash|0 fnt\n|faint|p1a: Aegislash\n|\n|win|arboretums\n|raw|Omgebhonyel's rating: 1640 &rarr; <strong>1621</strong><br />(-19 for losing)\n|raw|arboretums's rating: 1657 &rarr; <strong>1676</strong><br />(+19 for winning)\n|l|☆arboretums\n|player|p2|\n", "inputlog": ">version ccdc32dd7cde25fd9e4bed64820e885f66e78a4e\n>start {\"formatid\":\"gen6randombattle\",\"seed\":\"sodium,6b638900715521a3d8e01a9b27ef8a63\",\"rated\":\"Rated battle\"}\n>player p1 {\"name\":\"Omgebhonyel\",\"avatar\":\"brock\",\"rating\":1640,\"seed\":\"sodium,a9dc10841eabbbc0bc18e51c83bb25fd\"}\n>player p2 {\"name\":\"arboretums\",\"avatar\":\"serena-masters2\",\"rating\":1657,\"seed\":\"sodium,2adff8142c23c01c0b8407c567b08c52\"}\n>p1 move knockoff\n>p2 move stoneedge\n>p1 move stickyweb\n>p2 move swordsdance\n>p1 switch 5\n>p2 move stoneedge\n>p1 switch 6\n>p2 move earthquake\n>p1 move dracometeor\n>p2 switch 4\n>p1 switch 2\n>p2 move moonblast\n>p1 move moonlight\n>p2 move knockoff\n>p1 move psyshock\n>p2 move knockoff\n>p1 move moonlight\n>p2 move softboiled\n>p1 move calmmind\n>p2 switch 2\n>p1 switch 6\n>p2 move trick\n>chat ☆Omgebhonyel|Lol\n>p1 move flashcannon\n>p2 switch 2\n>p1 switch 6\n>p2 switch 2\n>p1 switch 6\n>p2 move trick\n>p1 move thunderbolt\n>p2 move voltswitch\n>p2 switch 4\n>p1 move thunderbolt\n>p2 move swordsdance\n>p1 move thunderbolt\n>p2 move stoneedge\n>p1 move thunderbolt\n>p2 move swordsdance\n>p1 move thunderbolt\n>p2 move stoneedge\n>p1 switch 2\n>p1 move dracometeor\n>p2 move stoneedge\n>chat ☆Omgebhonyel|Can't believe you survived that\n>p1 switch 5\n>p1 move knockoff\n>p2 move doubleedge\n>p2 switch 5\n>p1 move bugbite\n>p2 move sunnyday\n>p1 switch 6\n>p2 move weatherball\n>p1 switch 4\n>p2 move powerwhip\n>p1 move kingsshield\n>p2 move weatherball\n>p1 switch 6\n>p2 move weatherball\n>p1 switch 3\n>p1 move bodyslam\n>p2 move sunnyday\n>p2 switch 6\n>p1 switch 4\n>p2 move drainpunch\n>p1 move moonlight\n>p2 switch 3\n>p1 move calmmind\n>p2 move headsmash\n>p1 switch 6\n>p2 move headsmash\n>p1 move toxic\n>p2 switch 4\n>p1 move kingsshield\n>p2 move trick\n>chat ☆Omgebhonyel|Lol I was wondering about that\n>chat ☆Omgebhonyel|Gg\n>p1 move shadowball\n>p2 move voltswitch\n>p2 switch 3\n>p1 switch 6\n>p2 move stealthrock\n>p1 move moonlight\n>p2 move knockoff\n>p1 move moonlight\n>p2 move knockoff\n>p1 move moonlight\n>p2 move knockoff\n>p1 move moonlight\n>p2 move knockoff\n>p1 move hiddenpower\n>p2 move knockoff\n>p1 switch 4\n>p1 move bodyslam\n>p2 move drainpunch\n>p2 switch 4\n>p1 move earthquake\n>p2 move headsmash\n>p1 switch 6\n>p1 move shadowball\n>p2 move headsmash\n>p2 switch 3\n>p1 move shadowball\n>p2 move thunderbolt", "uploadtime": 1771020689, "views": 179, "formatid": "gen6randombattle", "rating": 1621, "private": 0, "password": null}