{"id": "gen6randombattle-2517907653", "format": "[Gen 6] Random Battle", "players": ["arboretums", "anguscloud"], "log": "|j|☆arboretums\n|j|☆anguscloud\n|t:|1768324240\n|gametype|singles\n|player|p1|arboretums|serena-masters2|1547\n|player|p2|anguscloud|zinzolin|1606\n|gen|6\n|tier|[Gen 6] Random Battle\n|rated|\n|rule|Sleep Clause Mod: Limit one foe put to sleep\n|rule|HP Percentage Mod: HP is shown in percentages\n|rule|Illusion Level Mod: Illusion disguises the Pokémon's true level\n|\n|t:|1768324240\n|teamsize|p1|6\n|teamsize|p2|6\n|start\n|switch|p1a: Castform|Castform, L97, F|293/293\n|switch|p2a: Gourgeist|Gourgeist-Small, L87, M|237/237\n|-item|p1a: Castform|Leftovers|[from] ability: Frisk|[of] p2a: Gourgeist\n|turn|1\n|inactive|Battle timer is ON: inactive players will automatically lose when time's up. (requested by anguscloud)\n|inactive|anguscloud has 120 seconds left.\n|\n|t:|1768324276\n|switch|p2a: Garbodor|Garbodor, L88, F|284/284\n|move|p1a: Castform|Thunder Wave|p2a: Garbodor\n|-status|p2a: Garbodor|par\n|\n|upkeep\n|turn|2\n|\n|t:|1768324294\n|switch|p1a: Genesect|Genesect, L72|221/221\n|-ability|p1a: Genesect|Download|boost\n|-boost|p1a: Genesect|spa|1\n|move|p2a: Garbodor|Toxic|p1a: Genesect\n|-immune|p1a: Genesect\n|\n|upkeep\n|turn|3\n|inactive|anguscloud has 120 seconds left.\n|\n|t:|1768324328\n|move|p1a: Genesect|Iron Head|p2a: Garbodor\n|-damage|p2a: Garbodor|169/284 par\n|cant|p2a: Garbodor|par\n|\n|-heal|p2a: Garbodor|186/284 par|[from] item: Black Sludge\n|upkeep\n|turn|4\n|\n|t:|1768324334\n|move|p1a: Genesect|Iron Head|p2a: Garbodor\n|-damage|p2a: Garbodor|81/284 par\n|move|p2a: Garbodor|Pain Split|p1a: Genesect\n|-sethp|p1a: Genesect|151/221|[from] move: Pain Split|[silent]\n|-sethp|p2a: Garbodor|151/284 par|[from] move: Pain Split\n|\n|-heal|p2a: Garbodor|168/284 par|[from] item: Black Sludge\n|upkeep\n|turn|5\n|\n|t:|1768324339\n|move|p1a: Genesect|Iron Head|p2a: Garbodor\n|-damage|p2a: Garbodor|60/284 par\n|move|p2a: Garbodor|Pain Split|p1a: Genesect\n|-sethp|p1a: Genesect|105/221|[from] move: Pain Split|[silent]\n|-sethp|p2a: Garbodor|105/284 par|[from] move: Pain Split\n|\n|-heal|p2a: Garbodor|122/284 par|[from] item: Black Sludge\n|upkeep\n|turn|6\n|\n|t:|1768324343\n|move|p1a: Genesect|Iron Head|p2a: Garbodor\n|-damage|p2a: Garbodor|8/284 par\n|cant|p2a: Garbodor|flinch\n|\n|-heal|p2a: Garbodor|25/284 par|[from] item: Black Sludge\n|upkeep\n|turn|7\n|\n|t:|1768324345\n|move|p1a: Genesect|Iron Head|p2a: Garbodor\n|-damage|p2a: Garbodor|0 fnt\n|-damage|p1a: Genesect|50/221|[from] ability: Aftermath|[of] p2a: Garbodor\n|faint|p2a: Garbodor\n|\n|upkeep\n|\n|t:|1768324358\n|switch|p2a: Zapdos|Zapdos, L78|268/268\n|turn|8\n|\n|t:|1768324363\n|switch|p1a: Plusle|Plusle, L93, F|262/262\n|move|p2a: Zapdos|Discharge|p1a: Plusle\n|-ability|p1a: Plusle|Lightning Rod|boost\n|-boost|p1a: Plusle|spa|1\n|\n|upkeep\n|turn|9\n|\n|t:|1768324373\n|switch|p2a: Arceus|Arceus-Bug, L71|287/287\n|move|p1a: Plusle|Nasty Plot|p1a: Plusle\n|-boost|p1a: Plusle|spa|2\n|\n|upkeep\n|turn|10\n|\n|t:|1768324380\n|move|p1a: Plusle|Thunderbolt|p2a: Arceus\n|-damage|p2a: Arceus|0 fnt\n|faint|p2a: Arceus\n|-damage|p1a: Plusle|236/262|[from] item: Life Orb\n|\n|upkeep\n|\n|t:|1768324388\n|switch|p2a: Azelf|Azelf, L80|251/251\n|turn|11\n|\n|t:|1768324394\n|move|p1a: Plusle|Thunderbolt|p2a: Azelf\n|-damage|p2a: Azelf|0 fnt\n|faint|p2a: Azelf\n|-damage|p1a: Plusle|210/262|[from] item: Life Orb\n|\n|upkeep\n|\n|t:|1768324411\n|switch|p2a: Kangaskhan|Kangaskhan, L71, F|267/267\n|turn|12\n|\n|t:|1768324415\n|detailschange|p2a: Kangaskhan|Kangaskhan-Mega, L71, F\n|-mega|p2a: Kangaskhan|Kangaskhan|Kangaskhanite\n|move|p2a: Kangaskhan|Sucker Punch|p1a: Plusle\n|-damage|p1a: Plusle|133/262\n|-damage|p1a: Plusle|98/262\n|-hitcount|p1a: Plusle|2\n|move|p1a: Plusle|Thunderbolt|p2a: Kangaskhan\n|-damage|p2a: Kangaskhan|0 fnt\n|faint|p2a: Kangaskhan\n|detailschange|p2: Kangaskhan|Kangaskhan, L71, F|[silent]\n|-damage|p1a: Plusle|72/262|[from] item: Life Orb\n|\n|upkeep\n|\n|t:|1768324417\n|switch|p2a: Gourgeist|Gourgeist-Small, L87, M|237/237\n|-item|p1a: Plusle|Life Orb|[from] ability: Frisk|[of] p2a: Gourgeist\n|turn|13\n|\n|t:|1768324420\n|move|p2a: Gourgeist|Shadow Sneak|p1a: Plusle\n|-damage|p1a: Plusle|2/262\n|move|p1a: Plusle|Hidden Power|p2a: Gourgeist\n|-supereffective|p2a: Gourgeist\n|-damage|p2a: Gourgeist|0 fnt\n|faint|p2a: Gourgeist\n|-damage|p1a: Plusle|0 fnt|[from] item: Life Orb\n|faint|p1a: Plusle\n|\n|upkeep\n|\n|t:|1768324423\n|switch|p1a: Sudowoodo|Sudowoodo, L94, M|284/284\n|switch|p2a: Zapdos|Zapdos, L78|268/268\n|turn|14\n|\n|t:|1768324425\n|move|p2a: Zapdos|Discharge|p1a: Sudowoodo\n|-damage|p1a: Sudowoodo|187/284\n|move|p1a: Sudowoodo|Stone Edge|p2a: Zapdos|[miss]\n|-miss|p1a: Sudowoodo|p2a: Zapdos\n|\n|upkeep\n|turn|15\n|c|☆anguscloud|what a game\n|\n|t:|1768324429\n|move|p2a: Zapdos|Discharge|p1a: Sudowoodo\n|-crit|p1a: Sudowoodo\n|-damage|p1a: Sudowoodo|25/284\n|-status|p1a: Sudowoodo|par\n|move|p1a: Sudowoodo|Stone Edge|p2a: Zapdos\n|-supereffective|p2a: Zapdos\n|-damage|p2a: Zapdos|0 fnt\n|faint|p2a: Zapdos\n|\n|win|arboretums\n|raw|arboretums's rating: 1547 &rarr; <strong>1570</strong><br />(+23 for winning)\n|raw|anguscloud's rating: 1606 &rarr; <strong>1583</strong><br />(-23 for losing)\n|c|☆arboretums|yeah\n|l|☆anguscloud\n|player|p2|\n|c|☆arboretums|gg wp doey\n", "inputlog": ">version f2883557ca71b1a14bc1039fd307aee7de4ab455\n>start {\"formatid\":\"gen6randombattle\",\"seed\":\"sodium,dbba666d0b3fb4723e40133ec541a295\",\"rated\":\"Rated battle\"}\n>player p1 {\"name\":\"arboretums\",\"avatar\":\"serena-masters2\",\"rating\":1547,\"seed\":\"sodium,871801de917b2a27a8b9f0cf28ae3c5b\"}\n>player p2 {\"name\":\"anguscloud\",\"avatar\":\"zinzolin\",\"rating\":1606,\"seed\":\"sodium,86d52b4331c968a3fe58ba0a9868a3e6\"}\n>p1 move thunderwave\n>p2 switch 2\n>p1 switch 2\n>p2 move toxic\n>p1 move ironhead\n>p2 move drainpunch\n>p1 move ironhead\n>p2 move painsplit\n>p1 move ironhead\n>p2 move painsplit\n>p1 move ironhead\n>p2 move drainpunch\n>p1 move ironhead\n>p2 move drainpunch\n>p2 switch 5\n>p1 switch 5\n>p2 move discharge\n>p1 move nastyplot\n>p2 switch 3\n>p1 move thunderbolt\n>p2 move earthpower\n>p2 switch 4\n>p1 move thunderbolt\n>p2 move explosion\n>p2 switch 6\n>p1 move thunderbolt\n>p2 move suckerpunch mega\n>p2 switch 2\n>p1 move hiddenpower\n>p2 move shadowsneak\n>p1 switch 6\n>p2 switch 3\n>p1 move stoneedge\n>p2 move discharge\n>chat ☆anguscloud|what a game\n>p1 move stoneedge\n>p2 move discharge", "uploadtime": 1768324436, "views": 217, "formatid": "gen6randombattle", "rating": 1570, "private": 0, "password": null}