{"id": "gen6randombattle-2516496145", "format": "[Gen 6] Random Battle", "players": ["A-noldi", "arboretums"], "log": "|j|☆A-noldi\n|j|☆arboretums\n|t:|1768148629\n|gametype|singles\n|player|p1|A-noldi|acetrainer-gen3|1553\n|player|p2|arboretums|serena-masters2|1575\n|gen|6\n|tier|[Gen 6] Random Battle\n|rated|\n|rule|Sleep Clause Mod: Limit one foe put to sleep\n|rule|HP Percentage Mod: HP is shown in percentages\n|rule|Illusion Level Mod: Illusion disguises the Pokémon's true level\n|\n|t:|1768148629\n|teamsize|p1|6\n|teamsize|p2|6\n|start\n|switch|p1a: Raichu|Raichu, L87, M|246/246\n|switch|p2a: Regirock|Regirock, L86|278/278\n|turn|1\n|inactive|Battle timer is ON: inactive players will automatically lose when time's up. (requested by A-noldi)\n|\n|t:|1768148643\n|move|p1a: Raichu|Grass Knot|p2a: Regirock\n|-supereffective|p2a: Regirock\n|-damage|p2a: Regirock|34/278\n|move|p2a: Regirock|Earthquake|p1a: Raichu\n|-supereffective|p1a: Raichu\n|-damage|p1a: Raichu|34/246\n|\n|-heal|p2a: Regirock|51/278|[from] item: Leftovers\n|upkeep\n|turn|2\n|\n|t:|1768148653\n|move|p1a: Raichu|Grass Knot|p2a: Regirock\n|-supereffective|p2a: Regirock\n|-damage|p2a: Regirock|0 fnt\n|faint|p2a: Regirock\n|\n|upkeep\n|\n|t:|1768148660\n|switch|p2a: Darmanitan|Darmanitan, L80, M|299/299\n|turn|3\n|\n|t:|1768148679\n|switch|p1a: Vileplume|Vileplume, L87, F|272/272\n|move|p2a: Darmanitan|U-turn|p1a: Vileplume\n|-damage|p1a: Vileplume|188/272\n|-damage|p2a: Darmanitan|270/299|[from] item: Life Orb\n|\n|t:|1768148688\n|switch|p2a: Gliscor|Gliscor, L77, M|242/242|[from] U-turn\n|\n|-heal|p1a: Vileplume|205/272|[from] item: Black Sludge\n|-status|p2a: Gliscor|tox|[from] item: Toxic Orb\n|upkeep\n|turn|4\n|\n|t:|1768148694\n|move|p2a: Gliscor|Taunt|p1a: Vileplume\n|-start|p1a: Vileplume|move: Taunt\n|move|p1a: Vileplume|Giga Drain|p2a: Gliscor\n|-damage|p2a: Gliscor|125/242 tox\n|-heal|p1a: Vileplume|264/272|[from] drain|[of] p2a: Gliscor\n|\n|-heal|p1a: Vileplume|272/272|[from] item: Black Sludge\n|-heal|p2a: Gliscor|155/242 tox|[from] ability: Poison Heal\n|upkeep\n|turn|5\n|\n|t:|1768148700\n|switch|p2a: Darmanitan|Darmanitan, L80, M|270/299\n|switch|p1a: Claydol|Claydol, L88|249/249\n|\n|upkeep\n|turn|6\n|\n|t:|1768148704\n|move|p2a: Darmanitan|U-turn|p1a: Claydol\n|-supereffective|p1a: Claydol\n|-damage|p1a: Claydol|127/249\n|-damage|p2a: Darmanitan|241/299|[from] item: Life Orb\n|\n|t:|1768148709\n|switch|p2a: Gliscor|Gliscor, L77, M|155/242 tox|[from] U-turn\n|move|p1a: Claydol|Stealth Rock|p2a: Gliscor\n|-sidestart|p2: arboretums|move: Stealth Rock\n|\n|-heal|p1a: Claydol|142/249|[from] item: Leftovers\n|-heal|p2a: Gliscor|185/242 tox|[from] ability: Poison Heal\n|upkeep\n|turn|7\n|\n|t:|1768148713\n|move|p2a: Gliscor|Toxic|p1a: Claydol\n|-status|p1a: Claydol|tox\n|move|p1a: Claydol|Ice Beam|p2a: Gliscor\n|-supereffective|p2a: Gliscor\n|-damage|p2a: Gliscor|0 fnt\n|faint|p2a: Gliscor\n|\n|-heal|p1a: Claydol|157/249 tox|[from] item: Leftovers\n|-damage|p1a: Claydol|142/249 tox|[from] psn\n|upkeep\n|\n|t:|1768148735\n|switch|p2a: Darmanitan|Darmanitan, L80, M|241/299\n|-damage|p2a: Darmanitan|167/299|[from] Stealth Rock\n|turn|8\n|\n|t:|1768148743\n|move|p2a: Darmanitan|U-turn|p1a: Claydol\n|-supereffective|p1a: Claydol\n|-damage|p1a: Claydol|7/249 tox\n|-damage|p2a: Darmanitan|138/299|[from] item: Life Orb\n|\n|t:|1768148745\n|switch|p2a: Arceus|Arceus-Poison, L71|288/288|[from] U-turn\n|-damage|p2a: Arceus|252/288|[from] Stealth Rock\n|move|p1a: Claydol|Earthquake|p2a: Arceus\n|-supereffective|p2a: Arceus\n|-crit|p2a: Arceus\n|-damage|p2a: Arceus|10/288\n|\n|-heal|p1a: Claydol|22/249 tox|[from] item: Leftovers\n|-damage|p1a: Claydol|0 fnt|[from] psn\n|faint|p1a: Claydol\n|upkeep\n|\n|t:|1768148752\n|switch|p1a: Raichu|Raichu, L87, M|34/246\n|turn|9\n|\n|t:|1768148758\n|move|p1a: Raichu|Volt Switch|p2a: Arceus\n|-damage|p2a: Arceus|0 fnt\n|faint|p2a: Arceus\n|\n|t:|1768148760\n|switch|p1a: Vileplume|Vileplume, L87, F|272/272|[from] Volt Switch\n|\n|upkeep\n|\n|t:|1768148762\n|switch|p2a: Darmanitan|Darmanitan, L80, M|138/299\n|-damage|p2a: Darmanitan|64/299|[from] Stealth Rock\n|turn|10\n|\n|t:|1768148764\n|move|p2a: Darmanitan|Flare Blitz|p1a: Vileplume\n|-supereffective|p1a: Vileplume\n|-damage|p1a: Vileplume|0 fnt\n|-status|p2a: Darmanitan|psn|[from] ability: Effect Spore|[of] p1a: Vileplume\n|faint|p1a: Vileplume\n|-damage|p2a: Darmanitan|0 fnt|[from] Recoil\n|faint|p2a: Darmanitan\n|\n|upkeep\n|\n|t:|1768148767\n|switch|p2a: Hariyama|Hariyama, L86, M|388/388\n|switch|p1a: Raichu|Raichu, L87, M|34/246\n|-damage|p2a: Hariyama|364/388|[from] Stealth Rock\n|turn|11\n|\n|t:|1768148772\n|move|p1a: Raichu|Thunderbolt|p2a: Hariyama\n|-damage|p2a: Hariyama|193/388\n|move|p2a: Hariyama|Knock Off|p1a: Raichu\n|-damage|p1a: Raichu|0 fnt\n|-enditem|p1a: Raichu|Choice Specs|[from] move: Knock Off|[of] p2a: Hariyama\n|faint|p1a: Raichu\n|\n|-status|p2a: Hariyama|tox|[from] item: Toxic Orb\n|upkeep\n|\n|t:|1768148778\n|switch|p1a: Ampharos|Ampharos, L82, M|282/282\n|turn|12\n|inactive|arboretums has 120 seconds left.\n|\n|t:|1768148809\n|detailschange|p1a: Ampharos|Ampharos-Mega, L82, M\n|-mega|p1a: Ampharos|Ampharos|Ampharosite\n|-ability|p1a: Ampharos|Mold Breaker\n|move|p1a: Ampharos|Dragon Pulse|p2a: Hariyama\n|-damage|p2a: Hariyama|34/388 tox\n|move|p2a: Hariyama|Close Combat|p1a: Ampharos\n|-damage|p1a: Ampharos|53/282\n|-unboost|p2a: Hariyama|def|1\n|-unboost|p2a: Hariyama|spd|1\n|\n|-damage|p2a: Hariyama|10/388 tox|[from] psn\n|upkeep\n|turn|13\n|inactive|arboretums has 120 seconds left.\n|\n|t:|1768148825\n|move|p2a: Hariyama|Facade|p1a: Ampharos\n|-damage|p1a: Ampharos|0 fnt\n|faint|p1a: Ampharos\n|detailschange|p1: Ampharos|Ampharos, L82, M|[silent]\n|\n|-damage|p2a: Hariyama|0 fnt|[from] psn\n|faint|p2a: Hariyama\n|upkeep\n|\n|t:|1768148829\n|switch|p1a: Ursaring|Ursaring, L85, M|292/292\n|switch|p2a: Hitmonchan|Hitmonchan, L86, M|226/226\n|-damage|p2a: Hitmonchan|212/226|[from] Stealth Rock\n|turn|14\n|\n|t:|1768148835\n|move|p2a: Hitmonchan|Bulk Up|p2a: Hitmonchan\n|-boost|p2a: Hitmonchan|atk|1\n|-boost|p2a: Hitmonchan|def|1\n|move|p1a: Ursaring|Facade|p2a: Hitmonchan\n|-damage|p2a: Hitmonchan|146/226\n|\n|-heal|p2a: Hitmonchan|160/226|[from] item: Leftovers\n|-status|p1a: Ursaring|tox|[from] item: Toxic Orb\n|upkeep\n|turn|15\n|\n|t:|1768148838\n|move|p1a: Ursaring|Facade|p2a: Hitmonchan\n|-damage|p2a: Hitmonchan|24/226\n|move|p2a: Hitmonchan|Drain Punch|p1a: Ursaring\n|-supereffective|p1a: Ursaring\n|-damage|p1a: Ursaring|0 fnt\n|-heal|p2a: Hitmonchan|170/226|[from] drain|[of] p1a: Ursaring\n|faint|p1a: Ursaring\n|\n|-heal|p2a: Hitmonchan|184/226|[from] item: Leftovers\n|upkeep\n|\n|t:|1768148840\n|switch|p1a: Arceus|Arceus-Rock, L71|288/288\n|turn|16\n|-message|A-noldi forfeited.\n|\n|win|arboretums\n|raw|A-noldi's rating: 1553 &rarr; <strong>1534</strong><br />(-19 for losing)\n|raw|arboretums's rating: 1575 &rarr; <strong>1594</strong><br />(+19 for winning)\n|l|☆A-noldi\n|player|p1|\n", "inputlog": ">version f2883557ca71b1a14bc1039fd307aee7de4ab455\n>start {\"formatid\":\"gen6randombattle\",\"seed\":\"sodium,71126ce4313581befd6fb66472443a5b\",\"rated\":\"Rated battle\"}\n>player p1 {\"name\":\"A-noldi\",\"avatar\":\"acetrainer-gen3\",\"rating\":1553,\"seed\":\"sodium,8ff1e4667abe911c125289c42a0a2625\"}\n>player p2 {\"name\":\"arboretums\",\"avatar\":\"serena-masters2\",\"rating\":1575,\"seed\":\"sodium,cb5004d699796f4dc71b0556e7742404\"}\n>p1 move grassknot\n>p2 move earthquake\n>p1 move grassknot\n>p2 move earthquake\n>p2 switch 4\n>p1 switch 4\n>p2 move uturn\n>p2 switch 3\n>p1 move gigadrain\n>p2 move taunt\n>p1 switch 2\n>p2 switch 3\n>p1 move stealthrock\n>p2 move uturn\n>p2 switch 3\n>p1 move icebeam\n>p2 move toxic\n>p2 switch 3\n>p1 move earthquake\n>p2 move uturn\n>p2 switch 5\n>p1 switch 4\n>p1 move voltswitch\n>p2 move defog\n>p1 switch 2\n>p2 switch 5\n>p1 move sludgebomb\n>p2 move flareblitz\n>p1 switch 2\n>p2 switch 6\n>p1 move thunderbolt\n>p2 move knockoff\n>p1 switch 5\n>p1 move dragonpulse mega\n>p2 move closecombat\n>p1 move rest\n>p2 move facade\n>p1 switch 3\n>p2 switch 2\n>p1 move facade\n>p2 move bulkup\n>p1 move facade\n>p2 move drainpunch\n>p1 switch 6\n>forcelose p1", "uploadtime": 1768148845, "views": 250, "formatid": "gen6randombattle", "rating": 1534, "private": 0, "password": null}