{"id": "gen6randombattle-2534052245", "format": "[Gen 6] Random Battle", "players": ["imsobaked", "billy zubat"], "log": "|j|☆imsobaked\n|j|☆billy zubat\n|t:|1770381983\n|gametype|singles\n|player|p1|imsobaked|hiker-gen4|1555\n|player|p2|billy zubat|pokemonbreederf-gen4|1762\n|gen|6\n|tier|[Gen 6] Random Battle\n|rated|\n|rule|Sleep Clause Mod: Limit one foe put to sleep\n|rule|HP Percentage Mod: HP is shown in percentages\n|rule|Illusion Level Mod: Illusion disguises the Pokémon's true level\n|\n|t:|1770381983\n|teamsize|p1|6\n|teamsize|p2|6\n|start\n|switch|p1a: Arcanine|Arcanine, L82, M|230/230\n|switch|p2a: Lucario|Lucario, L74, F|226/226\n|turn|1\n|j| Plop\n|inactive|Battle timer is ON: inactive players will automatically lose when time's up. (requested by imsobaked)\n|\n|t:|1770382042\n|switch|p2a: Tentacruel|Tentacruel, L83, M|268/268\n|move|p1a: Arcanine|Dark Pulse|p2a: Tentacruel\n|-damage|p2a: Tentacruel|151/268\n|\n|-heal|p2a: Tentacruel|167/268|[from] item: Black Sludge\n|upkeep\n|turn|2\n|\n|t:|1770382057\n|move|p1a: Arcanine|Dark Pulse|p2a: Tentacruel\n|-damage|p2a: Tentacruel|59/268\n|move|p2a: Tentacruel|Sludge Bomb|p1a: Arcanine\n|-damage|p1a: Arcanine|128/230\n|replace|p1a: Zoroark|Zoroark, L81, F\n|-end|p1a: Zoroark|Illusion\n|-hint|Illusion Level Mod is active, so this Pokémon's true level was hidden.\n|\n|-heal|p2a: Tentacruel|75/268|[from] item: Black Sludge\n|upkeep\n|turn|3\n|inactive|billy zubat has 120 seconds left.\n|\n|t:|1770382087\n|move|p1a: Zoroark|Dark Pulse|p2a: Tentacruel\n|-damage|p2a: Tentacruel|0 fnt\n|faint|p2a: Tentacruel\n|\n|upkeep\n|\n|t:|1770382089\n|switch|p2a: Lucario|Lucario, L74, F|226/226\n|turn|4\n|\n|t:|1770382102\n|switch|p1a: Arcanine|Arcanine, L82, M|282/282\n|-ability|p1a: Arcanine|Intimidate|boost\n|-unboost|p2a: Lucario|atk|1\n|move|p2a: Lucario|Swords Dance|p2a: Lucario\n|-boost|p2a: Lucario|atk|2\n|\n|upkeep\n|turn|5\n|\n|t:|1770382108\n|switch|p2a: Starmie|Starmie, L82|233/233\n|move|p1a: Arcanine|Flare Blitz|p2a: Starmie\n|-resisted|p2a: Starmie\n|-damage|p2a: Starmie|133/233\n|-damage|p1a: Arcanine|249/282|[from] Recoil\n|\n|-heal|p2a: Starmie|147/233|[from] item: Leftovers\n|upkeep\n|turn|6\n|\n|t:|1770382120\n|switch|p1a: Leafeon|Leafeon, L87, M|255/255\n|move|p2a: Starmie|Scald|p1a: Leafeon\n|-resisted|p1a: Leafeon\n|-damage|p1a: Leafeon|206/255\n|\n|-heal|p2a: Starmie|161/233|[from] item: Leftovers\n|upkeep\n|turn|7\n|\n|t:|1770382127\n|switch|p2a: Kyurem|Kyurem, L78|323/323\n|-ability|p2a: Kyurem|Pressure\n|move|p1a: Leafeon|Leaf Blade|p2a: Kyurem\n|-resisted|p2a: Kyurem\n|-damage|p2a: Kyurem|249/323\n|-damage|p1a: Leafeon|181/255|[from] item: Life Orb\n|\n|-heal|p2a: Kyurem|269/323|[from] item: Leftovers\n|upkeep\n|turn|8\n|\n|t:|1770382132\n|switch|p1a: Diancie|Diancie, L75|199/199\n|move|p2a: Kyurem|Substitute|p2a: Kyurem\n|-start|p2a: Kyurem|Substitute\n|-damage|p2a: Kyurem|189/323\n|\n|-heal|p2a: Kyurem|209/323|[from] item: Leftovers\n|upkeep\n|turn|9\n|\n|t:|1770382135\n|move|p2a: Kyurem|Earth Power|p1a: Diancie\n|-supereffective|p1a: Diancie\n|-damage|p1a: Diancie|103/199\n|move|p1a: Diancie|Moonblast|p2a: Kyurem\n|-supereffective|p2a: Kyurem\n|-end|p2a: Kyurem|Substitute\n|\n|-heal|p2a: Kyurem|229/323|[from] item: Leftovers\n|upkeep\n|turn|10\n|\n|t:|1770382140\n|move|p2a: Kyurem|Earth Power|p1a: Diancie\n|-supereffective|p1a: Diancie\n|-damage|p1a: Diancie|7/199\n|move|p1a: Diancie|Diamond Storm|p2a: Kyurem\n|-supereffective|p2a: Kyurem\n|-damage|p2a: Kyurem|23/323\n|-boost|p1a: Diancie|def|1\n|\n|-heal|p2a: Kyurem|43/323|[from] item: Leftovers\n|upkeep\n|turn|11\n|\n|t:|1770382154\n|detailschange|p1a: Diancie|Diancie-Mega, L75\n|-mega|p1a: Diancie|Diancie|Diancite\n|move|p2a: Kyurem|Ice Beam|p1a: Diancie\n|-damage|p1a: Diancie|0 fnt\n|faint|p1a: Diancie\n|detailschange|p1: Diancie|Diancie, L75|[silent]\n|\n|-heal|p2a: Kyurem|63/323|[from] item: Leftovers\n|upkeep\n|\n|t:|1770382157\n|switch|p1a: Golduck|Golduck, L90, M|128/230\n|turn|12\n|\n|t:|1770382166\n|switch|p2a: Starmie|Starmie, L82|161/233\n|move|p1a: Golduck|Dark Pulse|p2a: Starmie\n|-supereffective|p2a: Starmie\n|-damage|p2a: Starmie|0 fnt\n|faint|p2a: Starmie\n|\n|upkeep\n|\n|t:|1770382186\n|switch|p2a: Lucario|Lucario, L74, F|226/226\n|turn|13\n|\n|t:|1770382189\n|switch|p1a: Arcanine|Arcanine, L82, M|249/282\n|-ability|p1a: Arcanine|Intimidate|boost\n|-unboost|p2a: Lucario|atk|1\n|detailschange|p2a: Lucario|Lucario-Mega, L74, F\n|-mega|p2a: Lucario|Lucario|Lucarionite\n|move|p2a: Lucario|Close Combat|p1a: Arcanine\n|-damage|p1a: Arcanine|107/282\n|-unboost|p2a: Lucario|def|1\n|-unboost|p2a: Lucario|spd|1\n|\n|upkeep\n|turn|14\n|\n|t:|1770382195\n|move|p2a: Lucario|Close Combat|p1a: Arcanine\n|-damage|p1a: Arcanine|0 fnt\n|-unboost|p2a: Lucario|def|1\n|-unboost|p2a: Lucario|spd|1\n|faint|p1a: Arcanine\n|\n|upkeep\n|\n|t:|1770382197\n|switch|p1a: Ninetales|Ninetales, L83, M|257/257\n|-weather|SunnyDay|[from] ability: Drought|[of] p1a: Ninetales\n|turn|15\n|\n|t:|1770382207\n|switch|p2a: Kyurem|Kyurem, L78|63/323\n|-ability|p2a: Kyurem|Pressure\n|move|p1a: Ninetales|Substitute|p1a: Ninetales\n|-start|p1a: Ninetales|Substitute\n|-damage|p1a: Ninetales|193/257\n|\n|-weather|SunnyDay|[upkeep]\n|-heal|p1a: Ninetales|209/257|[from] item: Leftovers\n|-heal|p2a: Kyurem|83/323|[from] item: Leftovers\n|upkeep\n|turn|16\n|\n|t:|1770382211\n|move|p1a: Ninetales|Fire Blast|p2a: Kyurem\n|-damage|p2a: Kyurem|0 fnt\n|faint|p2a: Kyurem\n|\n|-weather|SunnyDay|[upkeep]\n|-heal|p1a: Ninetales|225/257|[from] item: Leftovers\n|upkeep\n|\n|t:|1770382219\n|switch|p2a: Staraptor|Staraptor, L78, M|261/261\n|turn|17\n|\n|t:|1770382229\n|move|p1a: Ninetales|Fire Blast|p2a: Staraptor\n|-damage|p2a: Staraptor|62/261\n|move|p2a: Staraptor|Brave Bird|p1a: Ninetales\n|-end|p1a: Ninetales|Substitute\n|-damage|p2a: Staraptor|41/261|[from] Recoil|[of] p1a: Ninetales\n|\n|-weather|SunnyDay|[upkeep]\n|-heal|p1a: Ninetales|241/257|[from] item: Leftovers\n|upkeep\n|turn|18\n|\n|t:|1770382237\n|move|p1a: Ninetales|Fire Blast|p2a: Staraptor\n|-damage|p2a: Staraptor|0 fnt\n|faint|p2a: Staraptor\n|\n|-weather|SunnyDay|[upkeep]\n|-heal|p1a: Ninetales|257/257|[from] item: Leftovers\n|upkeep\n|\n|t:|1770382243\n|switch|p2a: Zebstrika|Zebstrika, L87, F|272/272\n|turn|19\n|\n|t:|1770382268\n|switch|p1a: Golduck|Golduck, L90, M|290/290\n|-ability|p1a: Golduck|Cloud Nine\n|move|p2a: Zebstrika|Wild Charge|p1a: Golduck\n|-supereffective|p1a: Golduck\n|-damage|p1a: Golduck|38/290\n|-damage|p2a: Zebstrika|209/272|[from] Recoil\n|\n|-weather|none\n|upkeep\n|turn|20\n|\n|t:|1770382274\n|move|p2a: Zebstrika|Wild Charge|p1a: Golduck\n|-supereffective|p1a: Golduck\n|-damage|p1a: Golduck|0 fnt\n|faint|p1a: Golduck\n|-damage|p2a: Zebstrika|199/272|[from] Recoil\n|\n|upkeep\n|\n|t:|1770382275\n|switch|p1a: Leafeon|Leafeon, L87, M|181/255\n|turn|21\n|\n|t:|1770382283\n|move|p2a: Zebstrika|Overheat|p1a: Leafeon\n|-supereffective|p1a: Leafeon\n|-damage|p1a: Leafeon|0 fnt\n|-unboost|p2a: Zebstrika|spa|2\n|faint|p1a: Leafeon\n|\n|upkeep\n|\n|t:|1770382288\n|switch|p1a: Ninetales|Ninetales, L83, M|257/257\n|-weather|SunnyDay|[from] ability: Drought|[of] p1a: Ninetales\n|turn|22\n|inactive|billy zubat has 120 seconds left.\n|inactive|billy zubat has 90 seconds left.\n|\n|t:|1770382362\n|move|p2a: Zebstrika|Wild Charge|p1a: Ninetales\n|-damage|p1a: Ninetales|128/257\n|-damage|p2a: Zebstrika|167/272|[from] Recoil\n|move|p1a: Ninetales|Fire Blast|p2a: Zebstrika\n|-crit|p2a: Zebstrika\n|-damage|p2a: Zebstrika|0 fnt\n|faint|p2a: Zebstrika\n|\n|-weather|SunnyDay|[upkeep]\n|-heal|p1a: Ninetales|144/257|[from] item: Leftovers\n|upkeep\n|\n|t:|1770382367\n|switch|p2a: Lucario|Lucario-Mega, L74, F|226/226\n|turn|23\n|\n|t:|1770382371\n|move|p1a: Ninetales|Fire Blast|p2a: Lucario\n|-supereffective|p2a: Lucario\n|-damage|p2a: Lucario|0 fnt\n|faint|p2a: Lucario\n|detailschange|p2: Lucario|Lucario, L74, F|[silent]\n|\n|win|imsobaked\n|raw|imsobaked's rating: 1555 &rarr; <strong>1586</strong><br />(+31 for winning)\n|raw|billy zubat's rating: 1762 &rarr; <strong>1731</strong><br />(-31 for losing)\n|l|☆billy zubat\n|player|p2|\n", "inputlog": ">version ccdc32dd7cde25fd9e4bed64820e885f66e78a4e\n>start {\"formatid\":\"gen6randombattle\",\"seed\":\"sodium,b0fb38a6d0402296fe185672ea9cf90c\",\"rated\":\"Rated battle\"}\n>player p1 {\"name\":\"imsobaked\",\"avatar\":\"hiker-gen4\",\"rating\":1555,\"seed\":\"sodium,70356c29745397096133470880a0fef8\"}\n>player p2 {\"name\":\"billy zubat\",\"avatar\":\"pokemonbreederf-gen4\",\"rating\":1762,\"seed\":\"sodium,471ab0e5f34931240d75c89719b7b110\"}\n>p1 move darkpulse\n>p2 switch 3\n>p1 move darkpulse\n>p2 move sludgebomb\n>p1 move darkpulse\n>p2 move sludgebomb\n>p2 switch 3\n>p1 switch 6\n>p2 move swordsdance\n>p1 move flareblitz\n>p2 switch 4\n>p1 switch 2\n>p2 move scald\n>p1 move leafblade\n>p2 switch 2\n>p1 switch 3\n>p2 move substitute\n>p1 move moonblast\n>p2 move earthpower\n>p1 move diamondstorm\n>p2 move earthpower\n>p1 move moonblast mega\n>p2 move icebeam\n>p1 switch 6\n>p1 move darkpulse\n>p2 switch 2\n>p2 switch 4\n>p1 switch 2\n>p2 move closecombat mega\n>p1 move flareblitz\n>p2 move closecombat\n>p1 switch 4\n>p1 move substitute\n>p2 switch 2\n>p1 move fireblast\n>p2 move earthpower\n>p2 switch 5\n>p1 move fireblast\n>p2 move bravebird\n>p1 move fireblast\n>p2 move bravebird\n>p2 switch 6\n>p1 switch 5\n>p2 move wildcharge\n>p1 move hydropump\n>p2 move wildcharge\n>p1 switch 3\n>p1 move synthesis\n>p2 move overheat\n>p1 switch 5\n>p1 move fireblast\n>p2 move wildcharge\n>p2 switch 2\n>p1 move fireblast\n>p2 move closecombat", "uploadtime": 1770382384, "views": 243, "formatid": "gen6randombattle", "rating": 1586, "private": 0, "password": null}