{"id": "gen6randombattle-2531877427", "format": "[Gen 6] Random Battle", "players": ["Plop", "pepperonibeatles"], "log": "|j|☆Plop\n|j|☆pepperonibeatles\n|t:|1770114554\n|gametype|singles\n|player|p1|Plop|#rbtt9travelers|1614\n|player|p2|pepperonibeatles|265|1665\n|gen|6\n|tier|[Gen 6] Random Battle\n|rated|\n|rule|Sleep Clause Mod: Limit one foe put to sleep\n|rule|HP Percentage Mod: HP is shown in percentages\n|rule|Illusion Level Mod: Illusion disguises the Pokémon's true level\n|\n|t:|1770114554\n|teamsize|p1|6\n|teamsize|p2|6\n|start\n|switch|p1a: Luxray|Luxray, L88, F|284/284\n|switch|p2a: Metagross|Metagross, L74|240/240\n|-ability|p1a: Luxray|Intimidate|boost\n|-fail|p2a: Metagross|unboost|[from] ability: Clear Body|[of] p2a: Metagross\n|turn|1\n|l|☆pepperonibeatles\n|player|p2|\n|j|☆pepperonibeatles\n|player|p2|pepperonibeatles|265|\n|inactive|Battle timer is ON: inactive players will automatically lose when time's up. (requested by Plop)\n|\n|t:|1770114581\n|switch|p2a: Hariyama|Hariyama, L86, M|388/388\n|move|p1a: Luxray|Crunch|p2a: Hariyama\n|-resisted|p2a: Hariyama\n|-damage|p2a: Hariyama|338/388\n|\n|-status|p2a: Hariyama|tox|[from] item: Toxic Orb\n|upkeep\n|turn|2\n|\n|t:|1770114605\n|switch|p1a: Amoonguss|Amoonguss, L83, F|325/325\n|move|p2a: Hariyama|Close Combat|p1a: Amoonguss\n|-resisted|p1a: Amoonguss\n|-damage|p1a: Amoonguss|187/325\n|-unboost|p2a: Hariyama|def|1\n|-unboost|p2a: Hariyama|spd|1\n|-damage|p2a: Hariyama|274/388 tox|[from] item: Rocky Helmet|[of] p1a: Amoonguss\n|\n|-damage|p2a: Hariyama|250/388 tox|[from] psn\n|upkeep\n|turn|3\n|\n|t:|1770114622\n|switch|p1a: Masquerain|Masquerain, L90, F|271/271\n|-ability|p1a: Masquerain|Intimidate|boost\n|-unboost|p2a: Hariyama|atk|1\n|move|p2a: Hariyama|Facade|p1a: Masquerain\n|-damage|p1a: Masquerain|116/271\n|\n|-heal|p1a: Masquerain|132/271|[from] item: Leftovers\n|-damage|p2a: Hariyama|202/388 tox|[from] psn\n|upkeep\n|turn|4\n|\n|t:|1770114632\n|switch|p2a: Metagross|Metagross, L74|240/240\n|move|p1a: Masquerain|Air Slash|p2a: Metagross\n|-resisted|p2a: Metagross\n|-damage|p2a: Metagross|194/240\n|\n|-heal|p1a: Masquerain|148/271|[from] item: Leftovers\n|upkeep\n|turn|5\n|inactive|Plop has 120 seconds left.\n|\n|t:|1770114658\n|detailschange|p2a: Metagross|Metagross-Mega, L74\n|-mega|p2a: Metagross|Metagross|Metagrossite\n|move|p1a: Masquerain|Quiver Dance|p1a: Masquerain\n|-boost|p1a: Masquerain|spa|1\n|-boost|p1a: Masquerain|spd|1\n|-boost|p1a: Masquerain|spe|1\n|move|p2a: Metagross|Zen Headbutt|p1a: Masquerain\n|-damage|p1a: Masquerain|9/271\n|\n|-heal|p1a: Masquerain|25/271|[from] item: Leftovers\n|upkeep\n|turn|6\n|\n|t:|1770114683\n|move|p1a: Masquerain|Bug Buzz|p2a: Metagross\n|-crit|p2a: Metagross\n|-damage|p2a: Metagross|1/240\n|-unboost|p2a: Metagross|spd|1\n|move|p2a: Metagross|Zen Headbutt|p1a: Masquerain\n|-damage|p1a: Masquerain|0 fnt\n|faint|p1a: Masquerain\n|\n|upkeep\n|inactive|Plop has 120 seconds left.\n|j| billy zubat\n|\n|t:|1770114722\n|switch|p1a: Thundurus|Thundurus, L78, M|251/251\n|turn|7\n|\n|t:|1770114730\n|move|p1a: Thundurus|Thunderbolt|p2a: Metagross\n|-damage|p2a: Metagross|0 fnt\n|faint|p2a: Metagross\n|detailschange|p2: Metagross|Metagross, L74|[silent]\n|\n|upkeep\n|\n|t:|1770114737\n|switch|p2a: Krookodile|Krookodile, L78, F|276/276\n|-ability|p2a: Krookodile|Intimidate|boost\n|-unboost|p1a: Thundurus|atk|1\n|turn|8\n|\n|t:|1770114745\n|switch|p1a: Amoonguss|Amoonguss, L83, F|295/325\n|move|p2a: Krookodile|Stealth Rock|p1a: Amoonguss\n|-sidestart|p1: Plop|move: Stealth Rock\n|\n|upkeep\n|turn|9\n|inactive|Plop has 120 seconds left.\n|\n|t:|1770114752\n|switch|p2a: Noctowl|Noctowl, L95, M|344/344\n|move|p1a: Amoonguss|Giga Drain|p2a: Noctowl\n|-resisted|p2a: Noctowl\n|-damage|p2a: Noctowl|317/344\n|-heal|p1a: Amoonguss|309/325|[from] drain|[of] p2a: Noctowl\n|\n|-heal|p2a: Noctowl|338/344|[from] item: Leftovers\n|upkeep\n|turn|10\n|\n|t:|1770114759\n|move|p2a: Noctowl|Hyper Voice|p1a: Amoonguss\n|-damage|p1a: Amoonguss|198/325\n|move|p1a: Amoonguss|Spore|p2a: Noctowl\n|-status|p2a: Noctowl|slp|[from] move: Spore\n|\n|-heal|p2a: Noctowl|344/344 slp|[from] item: Leftovers\n|upkeep\n|turn|11\n|\n|t:|1770114764\n|switch|p1a: Smeargle|Smeargle, L89, F|243/243\n|-damage|p1a: Smeargle|213/243|[from] Stealth Rock\n|cant|p2a: Noctowl|slp\n|\n|upkeep\n|turn|12\n|\n|t:|1770114776\n|switch|p2a: Azumarill|Azumarill, L81, M|294/294\n|move|p1a: Smeargle|Stealth Rock|p2a: Azumarill\n|-sidestart|p2: pepperonibeatles|move: Stealth Rock\n|\n|upkeep\n|turn|13\n|\n|t:|1770114784\n|move|p1a: Smeargle|Nuzzle|p2a: Azumarill\n|-supereffective|p2a: Azumarill\n|-damage|p2a: Azumarill|278/294\n|-status|p2a: Azumarill|par\n|move|p2a: Azumarill|Belly Drum|p2a: Azumarill\n|-damage|p2a: Azumarill|131/294 par\n|-setboost|p2a: Azumarill|atk|6|[from] move: Belly Drum\n|-enditem|p2a: Azumarill|Sitrus Berry|[eat]\n|-heal|p2a: Azumarill|204/294 par|[from] item: Sitrus Berry\n|\n|upkeep\n|turn|14\n|j| Blatjanglover\n|inactive|Plop has 120 seconds left.\n|inactive|pepperonibeatles has 120 seconds left.\n|\n|t:|1770114830\n|move|p2a: Azumarill|Aqua Jet|p1a: Smeargle\n|-damage|p1a: Smeargle|0 fnt\n|faint|p1a: Smeargle\n|\n|upkeep\n|\n|t:|1770114832\n|switch|p1a: Amoonguss|Amoonguss, L83, F|306/325\n|-damage|p1a: Amoonguss|266/325|[from] Stealth Rock\n|turn|15\n|\n|t:|1770114842\n|move|p1a: Amoonguss|Giga Drain|p2a: Azumarill\n|-supereffective|p2a: Azumarill\n|-damage|p2a: Azumarill|52/294 par\n|-heal|p1a: Amoonguss|325/325|[from] drain|[of] p2a: Azumarill\n|cant|p2a: Azumarill|par\n|\n|upkeep\n|turn|16\n|inactive|Plop has 120 seconds left.\n|\n|t:|1770114850\n|move|p2a: Azumarill|Aqua Jet|p1a: Amoonguss\n|-resisted|p1a: Amoonguss\n|-damage|p1a: Amoonguss|202/325\n|-damage|p2a: Azumarill|3/294 par|[from] item: Rocky Helmet|[of] p1a: Amoonguss\n|move|p1a: Amoonguss|Synthesis|p1a: Amoonguss\n|-heal|p1a: Amoonguss|325/325\n|\n|upkeep\n|turn|17\n|\n|t:|1770114855\n|move|p1a: Amoonguss|Giga Drain|p2a: Azumarill\n|-supereffective|p2a: Azumarill\n|-damage|p2a: Azumarill|0 fnt\n|faint|p2a: Azumarill\n|\n|upkeep\n|\n|t:|1770114858\n|switch|p2a: Noctowl|Noctowl, L95, M|344/344 slp\n|-damage|p2a: Noctowl|258/344 slp|[from] Stealth Rock\n|turn|18\n|\n|t:|1770114864\n|switch|p1a: Luxray|Luxray, L88, F|284/284\n|-damage|p1a: Luxray|249/284|[from] Stealth Rock\n|-ability|p1a: Luxray|Intimidate|boost\n|-unboost|p2a: Noctowl|atk|1\n|-curestatus|p2a: Noctowl|slp|[msg]\n|move|p2a: Noctowl|Air Slash|p1a: Luxray\n|-resisted|p1a: Luxray\n|-damage|p1a: Luxray|193/284\n|\n|-heal|p2a: Noctowl|279/344|[from] item: Leftovers\n|upkeep\n|turn|19\n|\n|t:|1770114872\n|move|p2a: Noctowl|Hyper Voice|p1a: Luxray\n|-damage|p1a: Luxray|118/284\n|move|p1a: Luxray|Superpower|p2a: Noctowl\n|-damage|p2a: Noctowl|141/344\n|-unboost|p1a: Luxray|atk|1\n|-unboost|p1a: Luxray|def|1\n|\n|-heal|p2a: Noctowl|162/344|[from] item: Leftovers\n|upkeep\n|turn|20\n|\n|t:|1770114881\n|move|p2a: Noctowl|Roost|p2a: Noctowl\n|-heal|p2a: Noctowl|334/344\n|-singleturn|p2a: Noctowl|move: Roost\n|move|p1a: Luxray|Superpower|p2a: Noctowl\n|-supereffective|p2a: Noctowl\n|-damage|p2a: Noctowl|150/344\n|-unboost|p1a: Luxray|atk|1\n|-unboost|p1a: Luxray|def|1\n|\n|-heal|p2a: Noctowl|171/344|[from] item: Leftovers\n|upkeep\n|turn|21\n|\n|t:|1770114892\n|switch|p1a: Thundurus|Thundurus, L78, M|251/251\n|-damage|p1a: Thundurus|189/251|[from] Stealth Rock\n|move|p2a: Noctowl|Hyper Voice|p1a: Thundurus\n|-damage|p1a: Thundurus|68/251\n|\n|-heal|p1a: Thundurus|83/251|[from] item: Leftovers\n|-heal|p2a: Noctowl|192/344|[from] item: Leftovers\n|upkeep\n|turn|22\n|\n|t:|1770114895\n|move|p1a: Thundurus|Thunderbolt|p2a: Noctowl\n|-supereffective|p2a: Noctowl\n|-damage|p2a: Noctowl|28/344\n|move|p2a: Noctowl|Hyper Voice|p1a: Thundurus\n|-damage|p1a: Thundurus|0 fnt\n|faint|p1a: Thundurus\n|\n|-heal|p2a: Noctowl|49/344|[from] item: Leftovers\n|upkeep\n|\n|t:|1770114899\n|switch|p1a: Simipour|Simipour, L86, F|269/269\n|-damage|p1a: Simipour|236/269|[from] Stealth Rock\n|turn|23\n|\n|t:|1770114918\n|move|p1a: Simipour|Nasty Plot|p1a: Simipour\n|-boost|p1a: Simipour|spa|2\n|move|p2a: Noctowl|Hyper Voice|p1a: Simipour\n|-damage|p1a: Simipour|101/269\n|\n|-heal|p1a: Simipour|117/269|[from] item: Leftovers\n|-heal|p2a: Noctowl|70/344|[from] item: Leftovers\n|upkeep\n|turn|24\n|\n|t:|1770114921\n|move|p1a: Simipour|Ice Beam|p2a: Noctowl\n|-supereffective|p2a: Noctowl\n|-damage|p2a: Noctowl|0 fnt\n|faint|p2a: Noctowl\n|\n|-heal|p1a: Simipour|133/269|[from] item: Leftovers\n|upkeep\n|\n|t:|1770114932\n|switch|p2a: Hariyama|Hariyama, L86, M|202/388 tox\n|-damage|p2a: Hariyama|178/388 tox|[from] Stealth Rock\n|turn|25\n|\n|t:|1770114940\n|move|p2a: Hariyama|Fake Out|p1a: Simipour\n|-damage|p1a: Simipour|67/269\n|cant|p1a: Simipour|flinch\n|\n|-heal|p1a: Simipour|83/269|[from] item: Leftovers\n|-damage|p2a: Hariyama|154/388 tox|[from] psn\n|upkeep\n|turn|26\n|\n|t:|1770114950\n|switch|p2a: Krookodile|Krookodile, L78, F|276/276\n|-damage|p2a: Krookodile|259/276|[from] Stealth Rock\n|-ability|p2a: Krookodile|Intimidate|boost\n|-unboost|p1a: Simipour|atk|1\n|move|p1a: Simipour|Ice Beam|p2a: Krookodile\n|-supereffective|p2a: Krookodile\n|-damage|p2a: Krookodile|0 fnt\n|faint|p2a: Krookodile\n|\n|-heal|p1a: Simipour|99/269|[from] item: Leftovers\n|upkeep\n|\n|t:|1770114952\n|switch|p2a: Hariyama|Hariyama, L86, M|154/388 tox\n|-damage|p2a: Hariyama|130/388 tox|[from] Stealth Rock\n|turn|27\n|\n|t:|1770114955\n|move|p2a: Hariyama|Fake Out|p1a: Simipour\n|-damage|p1a: Simipour|38/269\n|cant|p1a: Simipour|flinch\n|\n|-heal|p1a: Simipour|54/269|[from] item: Leftovers\n|-damage|p2a: Hariyama|106/388 tox|[from] psn\n|upkeep\n|turn|28\n|\n|t:|1770114960\n|move|p1a: Simipour|Ice Beam|p2a: Hariyama\n|-damage|p2a: Hariyama|0 fnt\n|faint|p2a: Hariyama\n|\n|-heal|p1a: Simipour|70/269|[from] item: Leftovers\n|upkeep\n|\n|t:|1770114962\n|switch|p2a: Flareon|Flareon, L88, F|258/258\n|-damage|p2a: Flareon|194/258|[from] Stealth Rock\n|turn|29\n|\n|t:|1770114967\n|move|p2a: Flareon|Quick Attack|p1a: Simipour\n|-damage|p1a: Simipour|23/269\n|move|p1a: Simipour|Hydro Pump|p2a: Flareon\n|-supereffective|p2a: Flareon\n|-damage|p2a: Flareon|0 fnt\n|faint|p2a: Flareon\n|\n|win|Plop\n|raw|Plop's rating: 1614 &rarr; <strong>1637</strong><br />(+23 for winning)\n|raw|pepperonibeatles's rating: 1665 &rarr; <strong>1642</strong><br />(-23 for losing)\n|l|☆pepperonibeatles\n|player|p2|\n", "inputlog": ">version ccdc32dd7cde25fd9e4bed64820e885f66e78a4e\n>start {\"formatid\":\"gen6randombattle\",\"seed\":\"sodium,7ee091e32f345929e0c7cacb213bdd9b\",\"rated\":\"Rated battle\"}\n>player p1 {\"name\":\"Plop\",\"avatar\":\"#rbtt9travelers\",\"rating\":1614,\"seed\":\"sodium,4caaa8f387cb2fb7294df4598ce29d2b\"}\n>player p2 {\"name\":\"pepperonibeatles\",\"avatar\":\"265\",\"rating\":1665,\"seed\":\"sodium,53ebe15aa26bcbc7b795b790b140ef6a\"}\n>p1 move crunch\n>p2 switch 4\n>p1 switch 5\n>p2 move closecombat\n>p1 switch 2\n>p2 move facade\n>p1 move airslash\n>p2 switch 4\n>p1 move quiverdance\n>p2 move zenheadbutt mega\n>p1 move bugbuzz\n>p2 move zenheadbutt\n>p1 switch 6\n>p1 move thunderbolt\n>p2 move zenheadbutt\n>p2 switch 3\n>p1 switch 2\n>p2 move stealthrock\n>p1 move gigadrain\n>p2 switch 5\n>p1 move spore\n>p2 move hypervoice\n>p1 switch 3\n>p2 move airslash\n>p1 move stealthrock\n>p2 switch 2\n>p1 move nuzzle\n>p2 move bellydrum\n>p1 move stickyweb\n>p2 move aquajet\n>p1 switch 3\n>p1 move gigadrain\n>p2 move playrough\n>p1 move synthesis\n>p2 move aquajet\n>p1 move gigadrain\n>p2 move playrough\n>p2 switch 2\n>p1 switch 5\n>p2 move airslash\n>p1 move superpower\n>p2 move hypervoice\n>p1 move superpower\n>p2 move roost\n>p1 switch 2\n>p2 move hypervoice\n>p1 move thunderbolt\n>p2 move hypervoice\n>p1 switch 4\n>p1 move nastyplot\n>p2 move hypervoice\n>p1 move icebeam\n>p2 move hypervoice\n>p2 switch 4\n>p1 move hydropump\n>p2 move fakeout\n>p1 move icebeam\n>p2 switch 5\n>p2 switch 5\n>p1 move icebeam\n>p2 move fakeout\n>p1 move icebeam\n>p2 move facade\n>p2 switch 6\n>p1 move hydropump\n>p2 move quickattack", "uploadtime": 1770114974, "views": 221, "formatid": "gen6randombattle", "rating": 1637, "private": 0, "password": null}