{"id": "gen6randombattle-2526171647", "format": "[Gen 6] Random Battle", "players": ["zkuality", "dinispereira"], "log": "|j|☆zkuality\n|j|☆dinispereira\n|t:|1769378910\n|gametype|singles\n|player|p1|zkuality|102|1619\n|player|p2|dinispereira|#rbtt9faction2|1538\n|gen|6\n|tier|[Gen 6] Random Battle\n|rated|\n|rule|Sleep Clause Mod: Limit one foe put to sleep\n|rule|HP Percentage Mod: HP is shown in percentages\n|rule|Illusion Level Mod: Illusion disguises the Pokémon's true level\n|\n|t:|1769378910\n|teamsize|p1|6\n|teamsize|p2|6\n|start\n|switch|p1a: Infernape|Infernape, L79, F|250/250\n|switch|p2a: Meloetta|Meloetta, L82|298/298\n|turn|1\n|\n|t:|1769378933\n|switch|p1a: Spiritomb|Spiritomb, L88, M|231/231\n|move|p2a: Meloetta|Relic Song|p1a: Spiritomb\n|-immune|p1a: Spiritomb\n|\n|upkeep\n|turn|2\n|\n|t:|1769378944\n|-activate|p2a: Meloetta|move: Pursuit\n|move|p1a: Spiritomb|Pursuit|p2a: Meloetta|[from] Pursuit\n|-supereffective|p2a: Meloetta\n|-crit|p2a: Meloetta\n|-damage|p2a: Meloetta|0 fnt\n|faint|p2a: Meloetta\n|-hint|A Pokemon can't switch between when it runs out of HP and when it faints\n|\n|upkeep\n|\n|t:|1769378949\n|switch|p2a: Empoleon|Empoleon, L82, F|272/272\n|turn|3\n|inactive|Battle timer is ON: inactive players will automatically lose when time's up. (requested by dinispereira)\n|\n|t:|1769378974\n|move|p2a: Empoleon|Toxic|p1a: Spiritomb\n|-status|p1a: Spiritomb|tox\n|move|p1a: Spiritomb|Foul Play|p2a: Empoleon\n|-damage|p2a: Empoleon|185/272\n|\n|-heal|p2a: Empoleon|202/272|[from] item: Leftovers\n|-damage|p1a: Spiritomb|217/231 tox|[from] psn\n|upkeep\n|turn|4\n|inactive|dinispereira has 120 seconds left.\n|\n|t:|1769379005\n|move|p2a: Empoleon|Scald|p1a: Spiritomb\n|-damage|p1a: Spiritomb|147/231 tox\n|move|p1a: Spiritomb|Pursuit|p2a: Empoleon\n|-damage|p2a: Empoleon|148/272\n|\n|-heal|p2a: Empoleon|165/272|[from] item: Leftovers\n|-damage|p1a: Spiritomb|119/231 tox|[from] psn\n|upkeep\n|turn|5\n|\n|t:|1769379013\n|move|p2a: Empoleon|Protect|p2a: Empoleon\n|-singleturn|p2a: Empoleon|Protect\n|move|p1a: Spiritomb|Foul Play|p2a: Empoleon\n|-activate|p2a: Empoleon|move: Protect\n|\n|-heal|p2a: Empoleon|182/272|[from] item: Leftovers\n|-damage|p1a: Spiritomb|77/231 tox|[from] psn\n|upkeep\n|turn|6\n|\n|t:|1769379031\n|move|p2a: Empoleon|Scald|p1a: Spiritomb\n|-damage|p1a: Spiritomb|7/231 tox\n|move|p1a: Spiritomb|Foul Play|p2a: Empoleon\n|-damage|p2a: Empoleon|98/272\n|\n|-heal|p2a: Empoleon|115/272|[from] item: Leftovers\n|-damage|p1a: Spiritomb|0 fnt|[from] psn\n|faint|p1a: Spiritomb\n|upkeep\n|\n|t:|1769379060\n|switch|p1a: Shiftry|Shiftry, L88, F|302/302\n|turn|7\n|inactive|dinispereira has 120 seconds left.\n|\n|t:|1769379084\n|move|p1a: Shiftry|Swords Dance|p1a: Shiftry\n|-boost|p1a: Shiftry|atk|2\n|move|p2a: Empoleon|Toxic|p1a: Shiftry\n|-status|p1a: Shiftry|tox\n|\n|-heal|p2a: Empoleon|132/272|[from] item: Leftovers\n|-damage|p1a: Shiftry|284/302 tox|[from] psn\n|upkeep\n|turn|8\n|\n|t:|1769379094\n|move|p2a: Empoleon|Protect|p2a: Empoleon\n|-singleturn|p2a: Empoleon|Protect\n|move|p1a: Shiftry|Swords Dance|p1a: Shiftry\n|-boost|p1a: Shiftry|atk|2\n|\n|-heal|p2a: Empoleon|149/272|[from] item: Leftovers\n|-damage|p1a: Shiftry|248/302 tox|[from] psn\n|upkeep\n|turn|9\n|\n|t:|1769379105\n|move|p2a: Empoleon|Protect||[still]\n|-fail|p2a: Empoleon\n|move|p1a: Shiftry|Knock Off|p2a: Empoleon\n|-damage|p2a: Empoleon|0 fnt\n|-enditem|p2a: Empoleon|Leftovers|[from] move: Knock Off|[of] p1a: Shiftry\n|faint|p2a: Empoleon\n|-damage|p1a: Shiftry|218/302 tox|[from] item: Life Orb\n|\n|-damage|p1a: Shiftry|164/302 tox|[from] psn\n|upkeep\n|inactive|dinispereira has 120 seconds left.\n|\n|t:|1769379123\n|switch|p2a: Uxie|Uxie, L81|254/254\n|turn|10\n|\n|t:|1769379128\n|move|p2a: Uxie|Stealth Rock|p1a: Shiftry\n|-sidestart|p1: zkuality|move: Stealth Rock\n|move|p1a: Shiftry|Knock Off|p2a: Uxie\n|-supereffective|p2a: Uxie\n|-damage|p2a: Uxie|0 fnt\n|-enditem|p2a: Uxie|Leftovers|[from] move: Knock Off|[of] p1a: Shiftry\n|faint|p2a: Uxie\n|-damage|p1a: Shiftry|134/302 tox|[from] item: Life Orb\n|\n|-damage|p1a: Shiftry|62/302 tox|[from] psn\n|upkeep\n|inactive|dinispereira has 120 seconds left.\n|\n|t:|1769379139\n|switch|p2a: Manaphy|Manaphy, L76|277/277\n|turn|11\n|\n|t:|1769379146\n|switch|p2a: Articuno|Articuno, L84|287/287\n|-ability|p2a: Articuno|Pressure\n|move|p1a: Shiftry|Sucker Punch||[still]\n|-fail|p1a: Shiftry\n|\n|-damage|p1a: Shiftry|0 fnt|[from] psn\n|faint|p1a: Shiftry\n|upkeep\n|c|☆zkuality|good move\n|inactive|zkuality has 120 seconds left.\n|\n|t:|1769379191\n|switch|p1a: Infernape|Infernape, L79, F|250/250\n|-damage|p1a: Infernape|219/250|[from] Stealth Rock\n|turn|12\n|c|☆dinispereira|ty, but not sure if it gives me any chances\n|inactive|zkuality has 120 seconds left.\n|inactive|dinispereira has 120 seconds left.\n|\n|t:|1769379217\n|move|p1a: Infernape|Stone Edge|p2a: Articuno\n|-supereffective|p2a: Articuno\n|-damage|p2a: Articuno|0 fnt\n|faint|p2a: Articuno\n|-damage|p1a: Infernape|194/250|[from] item: Life Orb\n|\n|upkeep\n|\n|t:|1769379240\n|switch|p2a: Eelektross|Eelektross, L85, F|283/283\n|turn|13\n|\n|t:|1769379246\n|move|p1a: Infernape|Swords Dance|p1a: Infernape\n|-boost|p1a: Infernape|atk|2\n|move|p2a: Eelektross|Discharge|p1a: Infernape\n|-damage|p1a: Infernape|71/250\n|-status|p1a: Infernape|par\n|\n|upkeep\n|turn|14\n|c|☆zkuality|nooo\n|\n|t:|1769379258\n|move|p2a: Eelektross|Discharge|p1a: Infernape\n|-damage|p1a: Infernape|0 fnt\n|faint|p1a: Infernape\n|\n|upkeep\n|c|☆dinispereira|sorry\n|\n|t:|1769379265\n|switch|p1a: Granbull|Granbull, L87, M|298/298\n|-damage|p1a: Granbull|261/298|[from] Stealth Rock\n|-ability|p1a: Granbull|Intimidate|boost\n|-unboost|p2a: Eelektross|atk|1\n|turn|15\n|\n|t:|1769379273\n|move|p2a: Eelektross|Discharge|p1a: Granbull\n|-damage|p1a: Granbull|140/298\n|move|p1a: Granbull|Play Rough|p2a: Eelektross\n|-damage|p2a: Eelektross|162/283\n|\n|-heal|p1a: Granbull|158/298|[from] item: Leftovers\n|upkeep\n|turn|16\n|\n|t:|1769379278\n|move|p2a: Eelektross|Discharge|p1a: Granbull\n|-damage|p1a: Granbull|38/298\n|move|p1a: Granbull|Play Rough|p2a: Eelektross\n|-damage|p2a: Eelektross|35/283\n|\n|-heal|p1a: Granbull|56/298|[from] item: Leftovers\n|upkeep\n|turn|17\n|\n|t:|1769379284\n|move|p2a: Eelektross|Giga Drain|p1a: Granbull\n|-damage|p1a: Granbull|0 fnt\n|-heal|p2a: Eelektross|63/283|[from] drain|[of] p1a: Granbull\n|faint|p1a: Granbull\n|\n|upkeep\n|\n|t:|1769379306\n|switch|p1a: Bibarel|Bibarel, L95, F|304/304\n|-damage|p1a: Bibarel|266/304|[from] Stealth Rock\n|turn|18\n|\n|t:|1769379315\n|move|p1a: Bibarel|Return|p2a: Eelektross\n|-damage|p2a: Eelektross|0 fnt\n|faint|p2a: Eelektross\n|\n|-heal|p1a: Bibarel|285/304|[from] item: Leftovers\n|upkeep\n|\n|t:|1769379327\n|switch|p2a: Manaphy|Manaphy, L76|277/277\n|turn|19\n|\n|t:|1769379332\n|move|p2a: Manaphy|Tail Glow|p2a: Manaphy\n|-boost|p2a: Manaphy|spa|3\n|move|p1a: Bibarel|Return|p2a: Manaphy\n|-damage|p2a: Manaphy|150/277\n|\n|-heal|p2a: Manaphy|167/277|[from] item: Leftovers\n|-heal|p1a: Bibarel|304/304|[from] item: Leftovers\n|upkeep\n|turn|20\n|c|☆zkuality|66,8%\n|\n|t:|1769379352\n|move|p2a: Manaphy|Energy Ball|p1a: Bibarel\n|-supereffective|p1a: Bibarel\n|-damage|p1a: Bibarel|16/304\n|move|p1a: Bibarel|Return|p2a: Manaphy\n|-damage|p2a: Manaphy|38/277\n|\n|-heal|p2a: Manaphy|55/277|[from] item: Leftovers\n|-heal|p1a: Bibarel|35/304|[from] item: Leftovers\n|upkeep\n|turn|21\n|c|☆zkuality|yes\n|c|☆dinispereira|deserved after the para\n|\n|t:|1769379370\n|move|p1a: Bibarel|Quick Attack|p2a: Manaphy\n|-damage|p2a: Manaphy|3/277\n|move|p2a: Manaphy|Surf|p1a: Bibarel\n|-resisted|p1a: Bibarel\n|-damage|p1a: Bibarel|0 fnt\n|faint|p1a: Bibarel\n|\n|-heal|p2a: Manaphy|20/277|[from] item: Leftovers\n|upkeep\n|\n|t:|1769379374\n|switch|p1a: Suicune|Suicune, L80|291/291\n|-damage|p1a: Suicune|255/291|[from] Stealth Rock\n|-ability|p1a: Suicune|Pressure\n|turn|22\n|c|☆zkuality|gg\n|c|☆dinispereira|crit?\n|\n|t:|1769379388\n|move|p2a: Manaphy|Energy Ball|p1a: Suicune\n|-supereffective|p1a: Suicune\n|-crit|p1a: Suicune\n|-damage|p1a: Suicune|0 fnt\n|faint|p1a: Suicune\n|\n|win|dinispereira\n|raw|zkuality's rating: 1619 &rarr; <strong>1595</strong><br />(-24 for losing)\n|raw|dinispereira's rating: 1551 &rarr; <strong>1575</strong><br />(+24 for winning)\n|c|☆zkuality|NO\n|c|☆zkuality|hahaha\n|c|☆dinispereira|lma\n|c|☆dinispereira|lmao\n|c|☆zkuality|Lol\n|c|☆dinispereira|sorry\n|c|☆dinispereira|gg\n|c|☆zkuality|gg\n|l|☆zkuality\n|player|p1|\n", "inputlog": ">version b99ff0165a6231f17e8b78c2a78d1998375de664\n>start {\"formatid\":\"gen6randombattle\",\"seed\":\"sodium,77cbe53c2a435843146834863045572c\",\"rated\":\"Rated battle\"}\n>player p1 {\"name\":\"zkuality\",\"avatar\":\"102\",\"rating\":1619,\"seed\":\"sodium,93f05aa42b72c08f69416b4c92845d36\"}\n>player p2 {\"name\":\"dinispereira\",\"avatar\":\"#rbtt9faction2\",\"rating\":1538,\"seed\":\"sodium,adf969cbbfe88767644495aa3059b8fb\"}\n>p1 switch 4\n>p2 move relicsong\n>p1 move pursuit\n>p2 switch 6\n>p2 switch 6\n>p1 move foulplay\n>p2 move toxic\n>p1 move pursuit\n>p2 move scald\n>p1 move foulplay\n>p2 move protect\n>p1 move foulplay\n>p2 move scald\n>p1 switch 6\n>p1 move swordsdance\n>p2 move toxic\n>p1 move swordsdance\n>p2 move protect\n>p1 move knockoff\n>p2 move protect\n>p2 switch 2\n>p1 move knockoff\n>p2 move stealthrock\n>p2 switch 3\n>p1 move suckerpunch\n>p2 switch 5\n>chat ☆zkuality|good move\n>p1 switch 4\n>chat ☆dinispereira|ty, but not sure if it gives me any chances\n>p1 move stoneedge\n>p2 move roost\n>p2 switch 4\n>p1 move swordsdance\n>p2 move discharge\n>chat ☆zkuality|nooo\n>p1 move closecombat\n>p2 move discharge\n>chat ☆dinispereira|sorry\n>p1 switch 5\n>p1 move playrough\n>p2 move discharge\n>p1 move playrough\n>p2 move discharge\n>p1 move playrough\n>p2 move gigadrain\n>p1 switch 3\n>p1 move return\n>p2 move discharge\n>p2 switch 5\n>p1 move return\n>p2 move tailglow\n>chat ☆zkuality|66,8%\n>p1 move return\n>p2 move energyball\n>chat ☆zkuality|yes\n>chat ☆dinispereira|deserved after the para\n>p1 move quickattack\n>p2 move surf\n>p1 switch 2\n>chat ☆zkuality|gg\n>chat ☆dinispereira|crit?\n>p1 move scald\n>p2 move energyball", "uploadtime": 1769379406, "views": 285, "formatid": "gen6randombattle", "rating": 1575, "private": 0, "password": null}