{"id": "gen6randombattle-2525885159", "format": "[Gen 6] Random Battle", "players": ["Apedingo", "alex-1403"], "log": "|j|☆Apedingo\n|j|☆alex-1403\n|t:|1769345996\n|gametype|singles\n|player|p1|Apedingo|1|1705\n|player|p2|alex-1403|red|1602\n|gen|6\n|tier|[Gen 6] Random Battle\n|rated|\n|rule|Sleep Clause Mod: Limit one foe put to sleep\n|rule|HP Percentage Mod: HP is shown in percentages\n|rule|Illusion Level Mod: Illusion disguises the Pokémon's true level\n|\n|t:|1769345996\n|teamsize|p1|6\n|teamsize|p2|6\n|start\n|switch|p1a: Articuno|Articuno, L84|287/287\n|switch|p2a: Garchomp|Garchomp, L75, M|286/286\n|-ability|p1a: Articuno|Pressure\n|turn|1\n|inactive|Battle timer is ON: inactive players will automatically lose when time's up. (requested by alex-1403)\n|\n|t:|1769346013\n|switch|p1a: Samurott|Samurott, L87, F|307/307\n|move|p2a: Garchomp|Stone Edge|p1a: Samurott\n|-damage|p1a: Samurott|235/307\n|\n|upkeep\n|turn|2\n|\n|t:|1769346027\n|move|p2a: Garchomp|Swords Dance|p2a: Garchomp\n|-boost|p2a: Garchomp|atk|2\n|move|p1a: Samurott|Ice Beam|p2a: Garchomp\n|-supereffective|p2a: Garchomp\n|-damage|p2a: Garchomp|0 fnt\n|faint|p2a: Garchomp\n|\n|upkeep\n|\n|t:|1769346033\n|switch|p2a: Slaking|Slaking, L82, M|380/380\n|turn|3\n|\n|t:|1769346044\n|switch|p1a: Tropius|Tropius, L94, F|336/336\n|move|p2a: Slaking|Retaliate|p1a: Tropius\n|-damage|p1a: Tropius|33/336\n|-enditem|p1a: Tropius|Sitrus Berry|[eat]\n|-heal|p1a: Tropius|117/336|[from] item: Sitrus Berry\n|\n|upkeep\n|turn|4\n|\n|t:|1769346063\n|switch|p2a: Yanmega|Yanmega, L82, F|275/275\n|move|p1a: Tropius|Leech Seed|p2a: Yanmega\n|-start|p2a: Yanmega|move: Leech Seed\n|\n|-damage|p2a: Yanmega|241/275|[from] Leech Seed|[of] p1a: Tropius\n|-heal|p1a: Tropius|151/336|[silent]\n|upkeep\n|turn|5\n|\n|t:|1769346071\n|move|p1a: Tropius|Protect|p1a: Tropius\n|-singleturn|p1a: Tropius|Protect\n|move|p2a: Yanmega|Air Slash|p1a: Tropius\n|-activate|p1a: Tropius|move: Protect\n|\n|-damage|p2a: Yanmega|207/275|[from] Leech Seed|[of] p1a: Tropius\n|-heal|p1a: Tropius|185/336|[silent]\n|upkeep\n|turn|6\n|\n|t:|1769346082\n|switch|p2a: Klinklang|Klinklang, L87|246/246\n|switch|p1a: Articuno|Articuno, L84|287/287\n|-ability|p1a: Articuno|Pressure\n|\n|upkeep\n|turn|7\n|\n|t:|1769346086\n|switch|p1a: Torkoal|Torkoal, L88, M|266/266\n|move|p2a: Klinklang|Shift Gear|p2a: Klinklang\n|-boost|p2a: Klinklang|spe|2\n|-boost|p2a: Klinklang|atk|1\n|\n|upkeep\n|turn|8\n|\n|t:|1769346089\n|move|p2a: Klinklang|Substitute|p2a: Klinklang\n|-start|p2a: Klinklang|Substitute\n|-damage|p2a: Klinklang|185/246\n|move|p1a: Torkoal|Lava Plume|p2a: Klinklang\n|-supereffective|p2a: Klinklang\n|-end|p2a: Klinklang|Substitute\n|\n|-heal|p2a: Klinklang|200/246|[from] item: Leftovers\n|upkeep\n|turn|9\n|\n|t:|1769346102\n|switch|p2a: Slaking|Slaking, L82, M|380/380\n|move|p1a: Torkoal|Lava Plume|p2a: Slaking\n|-crit|p2a: Slaking\n|-damage|p2a: Slaking|221/380\n|-status|p2a: Slaking|brn\n|\n|-damage|p2a: Slaking|174/380 brn|[from] brn\n|upkeep\n|turn|10\n|\n|t:|1769346123\n|switch|p1a: Tropius|Tropius, L94, F|185/336\n|move|p2a: Slaking|Giga Impact|p1a: Tropius\n|-damage|p1a: Tropius|26/336\n|-mustrecharge|p2a: Slaking\n|\n|-damage|p2a: Slaking|127/380 brn|[from] brn\n|upkeep\n|turn|11\n|\n|t:|1769346137\n|cant|p2a: Slaking|recharge\n|move|p1a: Tropius|Air Slash|p2a: Slaking\n|-damage|p2a: Slaking|34/380 brn\n|\n|-damage|p2a: Slaking|0 fnt|[from] brn\n|faint|p2a: Slaking\n|-item|p1a: Tropius|Sitrus Berry|[from] ability: Harvest\n|upkeep\n|-enditem|p1a: Tropius|Sitrus Berry|[eat]\n|-heal|p1a: Tropius|110/336|[from] item: Sitrus Berry\n|\n|t:|1769346139\n|switch|p2a: Yanmega|Yanmega, L82, F|207/275\n|turn|12\n|\n|t:|1769346148\n|move|p1a: Tropius|Protect|p1a: Tropius\n|-singleturn|p1a: Tropius|Protect\n|move|p2a: Yanmega|Bug Buzz|p1a: Tropius\n|-activate|p1a: Tropius|move: Protect\n|\n|-item|p1a: Tropius|Sitrus Berry|[from] ability: Harvest\n|upkeep\n|-enditem|p1a: Tropius|Sitrus Berry|[eat]\n|-heal|p1a: Tropius|194/336|[from] item: Sitrus Berry\n|turn|13\n|\n|t:|1769346165\n|switch|p1a: Articuno|Articuno, L84|287/287\n|-ability|p1a: Articuno|Pressure\n|move|p2a: Yanmega|Bug Buzz|p1a: Articuno\n|-resisted|p1a: Articuno\n|-damage|p1a: Articuno|173/287\n|\n|-heal|p1a: Articuno|190/287|[from] item: Leftovers\n|upkeep\n|turn|14\n|\n|t:|1769346170\n|switch|p2a: Klinklang|Klinklang, L87|200/246\n|move|p1a: Articuno|Roost|p1a: Articuno\n|-heal|p1a: Articuno|287/287\n|-singleturn|p1a: Articuno|move: Roost\n|\n|-heal|p2a: Klinklang|215/246|[from] item: Leftovers\n|upkeep\n|turn|15\n|\n|t:|1769346177\n|switch|p1a: Torkoal|Torkoal, L88, M|266/266\n|move|p2a: Klinklang|Return|p1a: Torkoal\n|-damage|p1a: Torkoal|216/266\n|\n|-heal|p2a: Klinklang|230/246|[from] item: Leftovers\n|-heal|p1a: Torkoal|232/266|[from] item: Leftovers\n|upkeep\n|turn|16\n|\n|t:|1769346182\n|switch|p2a: Audino|Audino, L90, F|332/332\n|move|p1a: Torkoal|Lava Plume|p2a: Audino\n|-crit|p2a: Audino\n|-damage|p2a: Audino|211/332\n|\n|-heal|p1a: Torkoal|248/266|[from] item: Leftovers\n|upkeep\n|turn|17\n|\n|t:|1769346189\n|switch|p1a: Azelf|Azelf, L80|251/251\n|move|p2a: Audino|Wish|p2a: Audino\n|\n|upkeep\n|turn|18\n|\n|t:|1769346194\n|move|p1a: Azelf|Stealth Rock|p2a: Audino\n|-sidestart|p2: alex-1403|move: Stealth Rock\n|move|p2a: Audino|Knock Off|p1a: Azelf\n|-supereffective|p1a: Azelf\n|-damage|p1a: Azelf|119/251\n|-enditem|p1a: Azelf|Leftovers|[from] move: Knock Off|[of] p2a: Audino\n|\n|-heal|p2a: Audino|332/332|[from] move: Wish|[wisher] Audino\n|upkeep\n|turn|19\n|\n|t:|1769346206\n|move|p1a: Azelf|Taunt|p2a: Audino\n|-start|p2a: Audino|move: Taunt\n|cant|p2a: Audino|move: Taunt|Toxic\n|\n|upkeep\n|turn|20\n|\n|t:|1769346227\n|switch|p1a: Tropius|Tropius, L94, F|194/336\n|move|p2a: Audino|Knock Off|p1a: Tropius\n|-damage|p1a: Tropius|159/336\n|\n|-item|p1a: Tropius|Sitrus Berry|[from] ability: Harvest\n|upkeep\n|-enditem|p1a: Tropius|Sitrus Berry|[eat]\n|-heal|p1a: Tropius|243/336|[from] item: Sitrus Berry\n|turn|21\n|\n|t:|1769346238\n|move|p1a: Tropius|Substitute|p1a: Tropius\n|-start|p1a: Tropius|Substitute\n|-damage|p1a: Tropius|159/336\n|move|p2a: Audino|Knock Off|p1a: Tropius\n|-activate|p1a: Tropius|move: Substitute|[damage]\n|\n|-end|p2a: Audino|move: Taunt\n|upkeep\n|turn|22\n|\n|t:|1769346245\n|switch|p2a: Klinklang|Klinklang, L87|230/246\n|-damage|p2a: Klinklang|215/246|[from] Stealth Rock\n|move|p1a: Tropius|Leech Seed|p2a: Klinklang|[miss]\n|-miss|p1a: Tropius|p2a: Klinklang\n|\n|-heal|p2a: Klinklang|230/246|[from] item: Leftovers\n|-item|p1a: Tropius|Sitrus Berry|[from] ability: Harvest\n|upkeep\n|-enditem|p1a: Tropius|Sitrus Berry|[eat]\n|-heal|p1a: Tropius|243/336|[from] item: Sitrus Berry\n|turn|23\n|\n|t:|1769346261\n|switch|p1a: Torkoal|Torkoal, L88, M|248/266\n|move|p2a: Klinklang|Gear Grind|p1a: Torkoal\n|-resisted|p1a: Torkoal\n|-damage|p1a: Torkoal|230/266\n|-resisted|p1a: Torkoal\n|-damage|p1a: Torkoal|212/266\n|-hitcount|p1a: Torkoal|2\n|\n|-heal|p2a: Klinklang|245/246|[from] item: Leftovers\n|-heal|p1a: Torkoal|228/266|[from] item: Leftovers\n|upkeep\n|turn|24\n|\n|t:|1769346278\n|switch|p2a: Audino|Audino, L90, F|332/332\n|-damage|p2a: Audino|291/332|[from] Stealth Rock\n|move|p1a: Torkoal|Lava Plume|p2a: Audino\n|-damage|p2a: Audino|204/332\n|\n|-heal|p1a: Torkoal|244/266|[from] item: Leftovers\n|upkeep\n|turn|25\n|inactive|Apedingo has 120 seconds left.\n|inactive|Apedingo has 90 seconds left.\n|\n|t:|1769346331\n|switch|p1a: Kingdra|Kingdra, L84, M|263/263\n|move|p2a: Audino|Toxic|p1a: Kingdra\n|-status|p1a: Kingdra|tox\n|-enditem|p1a: Kingdra|Lum Berry|[eat]\n|-curestatus|p1a: Kingdra|tox|[msg]\n|\n|upkeep\n|turn|26\n|\n|t:|1769346336\n|move|p1a: Kingdra|Dragon Dance|p1a: Kingdra\n|-boost|p1a: Kingdra|atk|1\n|-boost|p1a: Kingdra|spe|1\n|move|p2a: Audino|Knock Off|p1a: Kingdra\n|-damage|p1a: Kingdra|227/263\n|\n|upkeep\n|turn|27\n|\n|t:|1769346349\n|move|p1a: Kingdra|Dragon Dance|p1a: Kingdra\n|-boost|p1a: Kingdra|atk|1\n|-boost|p1a: Kingdra|spe|1\n|move|p2a: Audino|Toxic|p1a: Kingdra\n|-status|p1a: Kingdra|tox\n|\n|-damage|p1a: Kingdra|211/263 tox|[from] psn\n|upkeep\n|turn|28\n|\n|t:|1769346355\n|move|p1a: Kingdra|Waterfall|p2a: Audino\n|-damage|p2a: Audino|57/332\n|-damage|p1a: Kingdra|168/263 tox|[from] item: Rocky Helmet|[of] p2a: Audino\n|move|p2a: Audino|Wish|p2a: Audino\n|\n|-damage|p1a: Kingdra|136/263 tox|[from] psn\n|upkeep\n|turn|29\n|\n|t:|1769346361\n|move|p2a: Audino|Protect|p2a: Audino\n|-singleturn|p2a: Audino|Protect\n|move|p1a: Kingdra|Dragon Dance|p1a: Kingdra\n|-boost|p1a: Kingdra|atk|1\n|-boost|p1a: Kingdra|spe|1\n|\n|-heal|p2a: Audino|223/332|[from] move: Wish|[wisher] Audino\n|-damage|p1a: Kingdra|88/263 tox|[from] psn\n|upkeep\n|turn|30\n|inactive|Apedingo has 120 seconds left.\n|\n|t:|1769346371\n|move|p1a: Kingdra|Outrage|p2a: Audino\n|-damage|p2a: Audino|0 fnt\n|-damage|p1a: Kingdra|45/263 tox|[from] item: Rocky Helmet|[of] p2a: Audino\n|faint|p2a: Audino\n|\n|-damage|p1a: Kingdra|0 fnt|[from] psn\n|faint|p1a: Kingdra\n|upkeep\n|inactive|Apedingo has 120 seconds left.\n|\n|t:|1769346382\n|switch|p1a: Torkoal|Torkoal, L88, M|244/266\n|switch|p2a: Medicham|Medicham, L77, M|219/219\n|-damage|p2a: Medicham|206/219|[from] Stealth Rock\n|turn|31\n|inactive|Apedingo has 120 seconds left.\n|inactive|alex-1403 has 120 seconds left.\n|l|☆alex-1403\n|inactive|alex-1403 disconnected and has a minute to reconnect!\n|player|p2|\n|j|☆alex-1403\n|inactive|alex-1403 reconnected and has 115 seconds left.\n|player|p2|alex-1403|red|\n|\n|t:|1769346423\n|switch|p1a: Tropius|Tropius, L94, F|243/336\n|detailschange|p2a: Medicham|Medicham-Mega, L77, M\n|-mega|p2a: Medicham|Medicham|Medichamite\n|move|p2a: Medicham|Fake Out|p1a: Tropius\n|-damage|p1a: Tropius|194/336\n|\n|upkeep\n|turn|32\n|\n|t:|1769346434\n|switch|p1a: Samurott|Samurott, L87, F|235/307\n|move|p2a: Medicham|Ice Punch|p1a: Samurott\n|-resisted|p1a: Samurott\n|-damage|p1a: Samurott|193/307\n|\n|upkeep\n|turn|33\n|\n|t:|1769346437\n|move|p2a: Medicham|High Jump Kick|p1a: Samurott\n|-damage|p1a: Samurott|0 fnt\n|faint|p1a: Samurott\n|\n|upkeep\n|\n|t:|1769346447\n|switch|p1a: Azelf|Azelf, L80|119/251\n|turn|34\n|inactive|Apedingo has 120 seconds left.\n|\n|t:|1769346461\n|move|p1a: Azelf|Psychic|p2a: Medicham\n|-damage|p2a: Medicham|74/219\n|move|p2a: Medicham|High Jump Kick|p1a: Azelf\n|-resisted|p1a: Azelf\n|-damage|p1a: Azelf|0 fnt\n|faint|p1a: Azelf\n|\n|upkeep\n|inactive|Apedingo has 120 seconds left.\n|\n|t:|1769346495\n|switch|p1a: Torkoal|Torkoal, L88, M|244/266\n|turn|35\n|\n|t:|1769346499\n|move|p2a: Medicham|High Jump Kick|p1a: Torkoal\n|-damage|p1a: Torkoal|81/266\n|move|p1a: Torkoal|Lava Plume|p2a: Medicham\n|-damage|p2a: Medicham|0 fnt\n|faint|p2a: Medicham\n|detailschange|p2: Medicham|Medicham, L77, M|[silent]\n|\n|-heal|p1a: Torkoal|97/266|[from] item: Leftovers\n|upkeep\n|\n|t:|1769346506\n|switch|p2a: Yanmega|Yanmega, L82, F|207/275\n|-damage|p2a: Yanmega|70/275|[from] Stealth Rock\n|turn|36\n|\n|t:|1769346509\n|switch|p1a: Articuno|Articuno, L84|287/287\n|-ability|p1a: Articuno|Pressure\n|move|p2a: Yanmega|Air Slash|p1a: Articuno\n|-damage|p1a: Articuno|184/287\n|\n|-heal|p1a: Articuno|201/287|[from] item: Leftovers\n|upkeep\n|turn|37\n|inactive|Apedingo has 120 seconds left.\n|\n|t:|1769346521\n|move|p2a: Yanmega|Air Slash|p1a: Articuno\n|-crit|p1a: Articuno\n|-damage|p1a: Articuno|54/287\n|move|p1a: Articuno|Roost|p1a: Articuno\n|-heal|p1a: Articuno|198/287\n|-singleturn|p1a: Articuno|move: Roost\n|\n|-heal|p1a: Articuno|215/287|[from] item: Leftovers\n|upkeep\n|turn|38\n|inactive|Apedingo has 120 seconds left.\n|\n|t:|1769346533\n|move|p2a: Yanmega|Air Slash|p1a: Articuno\n|-damage|p1a: Articuno|112/287\n|cant|p1a: Articuno|flinch\n|\n|-heal|p1a: Articuno|129/287|[from] item: Leftovers\n|upkeep\n|turn|39\n|\n|t:|1769346538\n|move|p2a: Yanmega|Air Slash|p1a: Articuno\n|-damage|p1a: Articuno|24/287\n|move|p1a: Articuno|Roost|p1a: Articuno\n|-heal|p1a: Articuno|168/287\n|-singleturn|p1a: Articuno|move: Roost\n|\n|-heal|p1a: Articuno|185/287|[from] item: Leftovers\n|upkeep\n|turn|40\n|inactive|Apedingo has 120 seconds left.\n|\n|t:|1769346565\n|move|p2a: Yanmega|Air Slash|p1a: Articuno\n|-damage|p1a: Articuno|89/287\n|move|p1a: Articuno|Freeze-Dry|p2a: Yanmega\n|-supereffective|p2a: Yanmega\n|-damage|p2a: Yanmega|0 fnt\n|faint|p2a: Yanmega\n|\n|-heal|p1a: Articuno|106/287|[from] item: Leftovers\n|upkeep\n|\n|t:|1769346573\n|switch|p2a: Klinklang|Klinklang, L87|245/246\n|-damage|p2a: Klinklang|230/246|[from] Stealth Rock\n|turn|41\n|inactive|Apedingo has 120 seconds left.\n|\n|t:|1769346583\n|switch|p1a: Tropius|Tropius, L94, F|194/336\n|move|p2a: Klinklang|Gear Grind|p1a: Tropius\n|-damage|p1a: Tropius|139/336\n|-damage|p1a: Tropius|88/336\n|-hitcount|p1a: Tropius|2\n|\n|-heal|p2a: Klinklang|245/246|[from] item: Leftovers\n|upkeep\n|turn|42\n|\n|t:|1769346587\n|move|p2a: Klinklang|Gear Grind|p1a: Tropius\n|-damage|p1a: Tropius|37/336\n|-damage|p1a: Tropius|0 fnt\n|faint|p1a: Tropius\n|-hitcount|p1: Tropius|2\n|\n|-heal|p2a: Klinklang|246/246|[from] item: Leftovers\n|upkeep\n|\n|t:|1769346591\n|switch|p1a: Torkoal|Torkoal, L88, M|97/266\n|turn|43\n|\n|t:|1769346605\n|move|p2a: Klinklang|Return|p1a: Torkoal\n|-damage|p1a: Torkoal|48/266\n|move|p1a: Torkoal|Lava Plume|p2a: Klinklang\n|-supereffective|p2a: Klinklang\n|-damage|p2a: Klinklang|88/246\n|\n|-heal|p2a: Klinklang|103/246|[from] item: Leftovers\n|-heal|p1a: Torkoal|64/266|[from] item: Leftovers\n|upkeep\n|turn|44\n|\n|t:|1769346614\n|move|p2a: Klinklang|Return|p1a: Torkoal\n|-damage|p1a: Torkoal|13/266\n|move|p1a: Torkoal|Lava Plume|p2a: Klinklang\n|-supereffective|p2a: Klinklang\n|-damage|p2a: Klinklang|0 fnt\n|faint|p2a: Klinklang\n|\n|win|Apedingo\n|raw|Apedingo's rating: 1705 &rarr; <strong>1719</strong><br />(+14 for winning)\n|raw|alex-1403's rating: 1602 &rarr; <strong>1588</strong><br />(-14 for losing)\n|l|☆alex-1403\n|player|p2|\n", "inputlog": ">version b99ff0165a6231f17e8b78c2a78d1998375de664\n>start {\"formatid\":\"gen6randombattle\",\"seed\":\"sodium,9da2e5646a52c3365771cbab8997fb44\",\"rated\":\"Rated battle\"}\n>player p1 {\"name\":\"Apedingo\",\"avatar\":\"1\",\"rating\":1705,\"seed\":\"sodium,cf7ed5846af1656895410e5c1912e832\"}\n>player p2 {\"name\":\"alex-1403\",\"avatar\":\"red\",\"rating\":1602,\"seed\":\"sodium,8da84c83df61c5b5c6a8a4599009865b\"}\n>p1 switch 4\n>p2 move stoneedge\n>p1 move icebeam\n>p2 move swordsdance\n>p2 switch 2\n>p1 switch 5\n>p2 move retaliate\n>p1 move leechseed\n>p2 switch 6\n>p1 move protect\n>p2 move airslash\n>p1 switch 4\n>p2 switch 3\n>p1 switch 3\n>p2 move shiftgear\n>p1 move lavaplume\n>p2 move substitute\n>p1 move lavaplume\n>p2 switch 6\n>p1 switch 4\n>p2 move gigaimpact\n>p1 move airslash\n>p2 move recharge\n>p2 switch 3\n>p1 move protect\n>p2 move bugbuzz\n>p1 switch 3\n>p2 move bugbuzz\n>p1 move roost\n>p2 switch 6\n>p1 switch 4\n>p2 move return\n>p1 move lavaplume\n>p2 switch 4\n>p1 switch 6\n>p2 move wish\n>p1 move stealthrock\n>p2 move knockoff\n>p1 move taunt\n>p2 move toxic\n>p1 switch 3\n>p2 move knockoff\n>p1 move substitute\n>p2 move knockoff\n>p1 move leechseed\n>p2 switch 4\n>p1 switch 6\n>p2 move geargrind\n>p1 move lavaplume\n>p2 switch 4\n>p1 switch 2\n>p2 move toxic\n>p1 move dragondance\n>p2 move knockoff\n>p1 move dragondance\n>p2 move toxic\n>p1 move waterfall\n>p2 move wish\n>p1 move dragondance\n>p2 move protect\n>p1 move outrage\n>p2 move wish\n>p1 switch 2\n>p2 switch 5\n>p1 switch 6\n>p2 move fakeout mega\n>p1 switch 5\n>p2 move icepunch\n>p1 move scald\n>p2 move highjumpkick\n>p1 switch 3\n>p1 move psychic\n>p2 move highjumpkick\n>p1 switch 6\n>p1 move lavaplume\n>p2 move highjumpkick\n>p2 switch 6\n>p1 switch 4\n>p2 move airslash\n>p1 move roost\n>p2 move airslash\n>p1 move roost\n>p2 move airslash\n>p1 move roost\n>p2 move airslash\n>p1 move freezedry\n>p2 move airslash\n>p2 switch 4\n>p1 switch 5\n>p2 move geargrind\n>p1 move leechseed\n>p2 move geargrind\n>p1 switch 4\n>p1 move lavaplume\n>p2 move return\n>p1 move lavaplume\n>p2 move return", "uploadtime": 1769346619, "views": 279, "formatid": "gen6randombattle", "rating": 1588, "private": 0, "password": null}