{"id": "gen6randombattle-2532968634", "format": "[Gen 6] Random Battle", "players": ["OliRes", "2yones"], "log": "|j|☆OliRes\n|j|☆2yones\n|t:|1770241438\n|gametype|singles\n|player|p1|OliRes|lady|1669\n|player|p2|2yones|crasherwake|1638\n|gen|6\n|tier|[Gen 6] Random Battle\n|rated|\n|rule|Sleep Clause Mod: Limit one foe put to sleep\n|rule|HP Percentage Mod: HP is shown in percentages\n|rule|Illusion Level Mod: Illusion disguises the Pokémon's true level\n|\n|t:|1770241438\n|teamsize|p1|6\n|teamsize|p2|6\n|start\n|switch|p1a: Xerneas|Xerneas, L64|268/268\n|switch|p2a: Latias|Latias, L77, F|250/250\n|-ability|p1a: Xerneas|Fairy Aura\n|turn|1\n|inactive|Battle timer is ON: inactive players will automatically lose when time's up. (requested by OliRes)\n|c|☆OliRes|gl hf!\n|c|☆2yones|:)\n|\n|t:|1770241479\n|switch|p2a: Blissey|Blissey, L84, F|566/566\n|move|p1a: Xerneas|Geomancy||[still]\n|-prepare|p1a: Xerneas|Geomancy\n|-enditem|p1a: Xerneas|Power Herb\n|-anim|p1a: Xerneas|Geomancy|p1a: Xerneas\n|-boost|p1a: Xerneas|spa|2\n|-boost|p1a: Xerneas|spd|2\n|-boost|p1a: Xerneas|spe|2\n|\n|upkeep\n|turn|2\n|\n|t:|1770241487\n|move|p1a: Xerneas|Psyshock|p2a: Blissey\n|-damage|p2a: Blissey|328/566\n|move|p2a: Blissey|Toxic|p1a: Xerneas\n|-status|p1a: Xerneas|tox\n|\n|-heal|p2a: Blissey|363/566|[from] item: Leftovers\n|-damage|p1a: Xerneas|252/268 tox|[from] psn\n|upkeep\n|turn|3\n|\n|t:|1770241497\n|move|p2a: Blissey|Protect|p2a: Blissey\n|-singleturn|p2a: Blissey|Protect\n|move|p1a: Xerneas|Psyshock|p2a: Blissey\n|-activate|p2a: Blissey|move: Protect\n|\n|-heal|p2a: Blissey|398/566|[from] item: Leftovers\n|-damage|p1a: Xerneas|220/268 tox|[from] psn\n|upkeep\n|turn|4\n|\n|t:|1770241506\n|move|p1a: Xerneas|Psyshock|p2a: Blissey\n|-damage|p2a: Blissey|130/566\n|move|p2a: Blissey|Wish|p2a: Blissey\n|\n|-heal|p2a: Blissey|165/566|[from] item: Leftovers\n|-damage|p1a: Xerneas|172/268 tox|[from] psn\n|upkeep\n|turn|5\n|\n|t:|1770241519\n|switch|p1a: Garbodor|Garbodor, L88, M|284/284\n|move|p2a: Blissey|Protect||[still]\n|-fail|p2a: Blissey\n|\n|-heal|p2a: Blissey|448/566|[from] move: Wish|[wisher] Blissey\n|-heal|p2a: Blissey|483/566|[from] item: Leftovers\n|upkeep\n|turn|6\n|\n|t:|1770241538\n|switch|p2a: Seismitoad|Seismitoad, L84, F|314/314\n|move|p1a: Garbodor|Gunk Shot|p2a: Seismitoad\n|-resisted|p2a: Seismitoad\n|-damage|p2a: Seismitoad|242/314\n|-status|p2a: Seismitoad|psn\n|\n|-damage|p2a: Seismitoad|203/314 psn|[from] psn\n|upkeep\n|turn|7\n|\n|t:|1770241549\n|switch|p1a: Venusaur|Venusaur, L77, F|250/250\n|move|p2a: Seismitoad|Rain Dance|p2a: Seismitoad\n|-weather|RainDance\n|\n|-weather|RainDance|[upkeep]\n|-damage|p2a: Seismitoad|164/314 psn|[from] psn\n|upkeep\n|turn|8\n|\n|t:|1770241559\n|detailschange|p1a: Venusaur|Venusaur-Mega, L77, F\n|-mega|p1a: Venusaur|Venusaur|Venusaurite\n|move|p2a: Seismitoad|Earthquake|p1a: Venusaur\n|-damage|p1a: Venusaur|129/250\n|-damage|p2a: Seismitoad|133/314 psn|[from] item: Life Orb\n|move|p1a: Venusaur|Knock Off|p2a: Seismitoad\n|-crit|p2a: Seismitoad\n|-damage|p2a: Seismitoad|32/314 psn\n|-enditem|p2a: Seismitoad|Life Orb|[from] move: Knock Off|[of] p1a: Venusaur\n|\n|-weather|RainDance|[upkeep]\n|-damage|p2a: Seismitoad|0 fnt|[from] psn\n|faint|p2a: Seismitoad\n|upkeep\n|\n|t:|1770241576\n|switch|p2a: Venomoth|Venomoth, L84, F|255/255\n|turn|9\n|\n|t:|1770241586\n|move|p2a: Venomoth|Quiver Dance|p2a: Venomoth\n|-boost|p2a: Venomoth|spa|1\n|-boost|p2a: Venomoth|spd|1\n|-boost|p2a: Venomoth|spe|1\n|move|p1a: Venusaur|Knock Off|p2a: Venomoth\n|-damage|p2a: Venomoth|178/255\n|-enditem|p2a: Venomoth|Black Sludge|[from] move: Knock Off|[of] p1a: Venusaur\n|\n|-weather|RainDance|[upkeep]\n|upkeep\n|turn|10\n|\n|t:|1770241600\n|switch|p1a: Garbodor|Garbodor, L88, M|284/284\n|move|p2a: Venomoth|Quiver Dance|p2a: Venomoth\n|-boost|p2a: Venomoth|spa|1\n|-boost|p2a: Venomoth|spd|1\n|-boost|p2a: Venomoth|spe|1\n|\n|-weather|RainDance|[upkeep]\n|upkeep\n|turn|11\n|\n|t:|1770241607\n|move|p2a: Venomoth|Bug Buzz|p1a: Garbodor\n|-resisted|p1a: Garbodor\n|-damage|p1a: Garbodor|114/284\n|-unboost|p1a: Garbodor|spd|1\n|move|p1a: Garbodor|Haze|p1a: Garbodor\n|-clearallboost\n|\n|-weather|none\n|-heal|p1a: Garbodor|131/284|[from] item: Black Sludge\n|upkeep\n|turn|12\n|\n|t:|1770241637\n|move|p2a: Venomoth|Sleep Powder|p1a: Garbodor|[miss]\n|-miss|p2a: Venomoth|p1a: Garbodor\n|move|p1a: Garbodor|Gunk Shot|p2a: Venomoth|[miss]\n|-miss|p1a: Garbodor|p2a: Venomoth\n|\n|-heal|p1a: Garbodor|148/284|[from] item: Black Sludge\n|upkeep\n|turn|13\n|\n|t:|1770241650\n|move|p2a: Venomoth|Sleep Powder|p1a: Garbodor|[miss]\n|-miss|p2a: Venomoth|p1a: Garbodor\n|move|p1a: Garbodor|Gunk Shot|p2a: Venomoth\n|-resisted|p2a: Venomoth\n|-crit|p2a: Venomoth\n|-damage|p2a: Venomoth|40/255\n|\n|-heal|p1a: Garbodor|165/284|[from] item: Black Sludge\n|upkeep\n|turn|14\n|\n|t:|1770241656\n|switch|p1a: Venusaur|Venusaur-Mega, L77, F|129/250\n|move|p2a: Venomoth|Sleep Powder|p1a: Venusaur\n|-immune|p1a: Venusaur\n|\n|upkeep\n|turn|15\n|\n|t:|1770241664\n|move|p2a: Venomoth|Quiver Dance|p2a: Venomoth\n|-boost|p2a: Venomoth|spa|1\n|-boost|p2a: Venomoth|spd|1\n|-boost|p2a: Venomoth|spe|1\n|move|p1a: Venusaur|Sludge Bomb|p2a: Venomoth\n|-resisted|p2a: Venomoth\n|-damage|p2a: Venomoth|6/255\n|\n|upkeep\n|turn|16\n|\n|t:|1770241671\n|move|p2a: Venomoth|Bug Buzz|p1a: Venusaur\n|-crit|p1a: Venusaur\n|-damage|p1a: Venusaur|0 fnt\n|faint|p1a: Venusaur\n|detailschange|p1: Venusaur|Venusaur, L77, F|[silent]\n|\n|upkeep\n|\n|t:|1770241674\n|switch|p1a: Dusknoir|Dusknoir, L89, F|225/225\n|turn|17\n|inactive|2yones has 120 seconds left.\n|\n|t:|1770241704\n|switch|p2a: Blissey|Blissey, L84, F|483/566\n|move|p1a: Dusknoir|Shadow Sneak|p2a: Blissey\n|-immune|p2a: Blissey\n|\n|-heal|p2a: Blissey|518/566|[from] item: Leftovers\n|upkeep\n|turn|18\n|\n|t:|1770241711\n|switch|p1a: Garbodor|Garbodor, L88, M|165/284\n|move|p2a: Blissey|Protect||[still]\n|-fail|p2a: Blissey\n|\n|-heal|p1a: Garbodor|182/284|[from] item: Black Sludge\n|-heal|p2a: Blissey|553/566|[from] item: Leftovers\n|upkeep\n|turn|19\n|inactive|2yones has 120 seconds left.\n|\n|t:|1770241745\n|switch|p2a: Venomoth|Venomoth, L84, F|6/255\n|move|p1a: Garbodor|Gunk Shot|p2a: Venomoth\n|-resisted|p2a: Venomoth\n|-damage|p2a: Venomoth|0 fnt\n|faint|p2a: Venomoth\n|\n|-heal|p1a: Garbodor|199/284|[from] item: Black Sludge\n|upkeep\n|\n|t:|1770241749\n|switch|p2a: Latias|Latias, L77, F|250/250\n|turn|20\n|\n|t:|1770241762\n|switch|p1a: Dusknoir|Dusknoir, L89, F|225/225\n|-item|p2a: Latias|Latiasite|[from] ability: Frisk|[of] p1a: Dusknoir\n|detailschange|p2a: Latias|Latias-Mega, L77, F\n|-mega|p2a: Latias|Latias|Latiasite\n|move|p2a: Latias|Calm Mind|p2a: Latias\n|-boost|p2a: Latias|spa|1\n|-boost|p2a: Latias|spd|1\n|\n|upkeep\n|turn|21\n|inactive|2yones has 120 seconds left.\n|\n|t:|1770241772\n|move|p2a: Latias|Psyshock|p1a: Dusknoir\n|-damage|p1a: Dusknoir|123/225\n|move|p1a: Dusknoir|Toxic|p2a: Latias\n|-status|p2a: Latias|tox\n|\n|-heal|p1a: Dusknoir|137/225|[from] item: Leftovers\n|-damage|p2a: Latias|235/250 tox|[from] psn\n|upkeep\n|turn|22\n|\n|t:|1770241776\n|move|p1a: Dusknoir|Shadow Sneak|p2a: Latias\n|-supereffective|p2a: Latias\n|-damage|p2a: Latias|155/250 tox\n|move|p2a: Latias|Draco Meteor|p1a: Dusknoir\n|-damage|p1a: Dusknoir|0 fnt\n|-unboost|p2a: Latias|spa|2\n|faint|p1a: Dusknoir\n|\n|-damage|p2a: Latias|125/250 tox|[from] psn\n|upkeep\n|\n|t:|1770241799\n|switch|p1a: Vivillon|Vivillon-Sandstorm, L83, F|267/267\n|turn|23\n|\n|t:|1770241819\n|move|p2a: Latias|Roost|p2a: Latias\n|-heal|p2a: Latias|250/250 tox\n|-singleturn|p2a: Latias|move: Roost\n|move|p1a: Vivillon|Quiver Dance|p1a: Vivillon\n|-boost|p1a: Vivillon|spa|1\n|-boost|p1a: Vivillon|spd|1\n|-boost|p1a: Vivillon|spe|1\n|\n|-damage|p2a: Latias|205/250 tox|[from] psn\n|upkeep\n|turn|24\n|\n|t:|1770241834\n|switch|p2a: Aurorus|Aurorus, L86, M|352/352\n|-weather|Hail|[from] ability: Snow Warning|[of] p2a: Aurorus\n|move|p1a: Vivillon|Quiver Dance|p1a: Vivillon\n|-boost|p1a: Vivillon|spa|1\n|-boost|p1a: Vivillon|spd|1\n|-boost|p1a: Vivillon|spe|1\n|\n|-weather|Hail|[upkeep]\n|-damage|p1a: Vivillon|251/267|[from] Hail\n|-heal|p1a: Vivillon|267/267|[from] item: Leftovers\n|upkeep\n|turn|25\n|\n|t:|1770241846\n|move|p1a: Vivillon|Sleep Powder|p2a: Aurorus\n|-status|p2a: Aurorus|slp|[from] move: Sleep Powder\n|cant|p2a: Aurorus|slp\n|\n|-weather|Hail|[upkeep]\n|-damage|p1a: Vivillon|251/267|[from] Hail\n|-heal|p1a: Vivillon|267/267|[from] item: Leftovers\n|upkeep\n|turn|26\n|\n|t:|1770241851\n|switch|p2a: Blissey|Blissey, L84, F|553/566\n|move|p1a: Vivillon|Energy Ball|p2a: Blissey\n|-damage|p2a: Blissey|463/566\n|\n|-weather|Hail|[upkeep]\n|-damage|p1a: Vivillon|251/267|[from] Hail\n|-damage|p2a: Blissey|428/566|[from] Hail\n|-heal|p1a: Vivillon|267/267|[from] item: Leftovers\n|-heal|p2a: Blissey|463/566|[from] item: Leftovers\n|upkeep\n|turn|27\n|\n|t:|1770241857\n|switch|p1a: Garbodor|Garbodor, L88, M|199/284\n|move|p2a: Blissey|Toxic|p1a: Garbodor\n|-immune|p1a: Garbodor\n|\n|-weather|Hail|[upkeep]\n|-damage|p1a: Garbodor|182/284|[from] Hail\n|-damage|p2a: Blissey|428/566|[from] Hail\n|-heal|p1a: Garbodor|199/284|[from] item: Black Sludge\n|-heal|p2a: Blissey|463/566|[from] item: Leftovers\n|upkeep\n|turn|28\n|\n|t:|1770241873\n|switch|p2a: Wobbuffet|Wobbuffet, L93, F|504/504\n|move|p1a: Garbodor|Gunk Shot|p2a: Wobbuffet\n|-damage|p2a: Wobbuffet|326/504\n|\n|-weather|none\n|-heal|p1a: Garbodor|216/284|[from] item: Black Sludge\n|upkeep\n|turn|29\n|\n|t:|1770241901\n|switch|p2a: Latias|Latias-Mega, L77, F|205/250 tox\n|move|p1a: Garbodor|Pain Split|p2a: Latias\n|-sethp|p2a: Latias|210/250 tox|[from] move: Pain Split|[silent]\n|-sethp|p1a: Garbodor|210/284|[from] move: Pain Split\n|\n|-heal|p1a: Garbodor|227/284|[from] item: Black Sludge\n|-damage|p2a: Latias|195/250 tox|[from] psn\n|upkeep\n|turn|30\n|inactive|2yones has 120 seconds left.\n|inactive|OliRes has 120 seconds left.\n|\n|t:|1770241925\n|switch|p1a: Xerneas|Xerneas, L64|172/268 tox\n|-ability|p1a: Xerneas|Fairy Aura\n|move|p2a: Latias|Psyshock|p1a: Xerneas\n|-damage|p1a: Xerneas|54/268 tox\n|\n|-damage|p2a: Latias|165/250 tox|[from] psn\n|-damage|p1a: Xerneas|38/268 tox|[from] psn\n|upkeep\n|turn|31\n|inactive|2yones has 120 seconds left.\n|\n|t:|1770241931\n|move|p2a: Latias|Psyshock|p1a: Xerneas\n|-damage|p1a: Xerneas|0 fnt\n|faint|p1a: Xerneas\n|\n|-damage|p2a: Latias|120/250 tox|[from] psn\n|upkeep\n|inactive|OliRes has 120 seconds left.\n|\n|t:|1770241947\n|switch|p1a: Vivillon|Vivillon-Sandstorm, L83, F|267/267\n|turn|32\n|inactive|2yones has 120 seconds left.\n|\n|t:|1770241964\n|move|p2a: Latias|Draco Meteor|p1a: Vivillon\n|-damage|p1a: Vivillon|41/267\n|-unboost|p2a: Latias|spa|2\n|move|p1a: Vivillon|Hurricane|p2a: Latias\n|-damage|p2a: Latias|47/250 tox\n|-start|p2a: Latias|confusion\n|\n|-heal|p1a: Vivillon|57/267|[from] item: Leftovers\n|-damage|p2a: Latias|0 fnt|[from] psn\n|faint|p2a: Latias\n|detailschange|p2: Latias|Latias, L77, F|[silent]\n|upkeep\n|inactive|2yones has 120 seconds left.\n|\n|t:|1770241981\n|switch|p2a: Blissey|Blissey, L84, F|463/566\n|turn|33\n|\n|t:|1770241997\n|move|p1a: Vivillon|Quiver Dance|p1a: Vivillon\n|-boost|p1a: Vivillon|spa|1\n|-boost|p1a: Vivillon|spd|1\n|-boost|p1a: Vivillon|spe|1\n|move|p2a: Blissey|Wish|p2a: Blissey\n|\n|-heal|p1a: Vivillon|73/267|[from] item: Leftovers\n|-heal|p2a: Blissey|498/566|[from] item: Leftovers\n|upkeep\n|turn|34\n|inactive|2yones has 120 seconds left.\n|\n|t:|1770242011\n|switch|p1a: Garbodor|Garbodor, L88, M|227/284\n|switch|p2a: Wobbuffet|Wobbuffet, L93, F|326/504\n|\n|-heal|p2a: Wobbuffet|504/504|[from] move: Wish|[wisher] Blissey\n|-heal|p1a: Garbodor|244/284|[from] item: Black Sludge\n|upkeep\n|turn|35\n|inactive|2yones has 120 seconds left.\n|\n|t:|1770242022\n|move|p1a: Garbodor|Pain Split|p2a: Wobbuffet\n|-sethp|p2a: Wobbuffet|374/504|[from] move: Pain Split|[silent]\n|-sethp|p1a: Garbodor|284/284|[from] move: Pain Split\n|move|p2a: Wobbuffet|Encore|p1a: Garbodor\n|-start|p1a: Garbodor|Encore\n|\n|upkeep\n|turn|36\n|inactive|2yones has 120 seconds left.\n|\n|t:|1770242029\n|switch|p2a: Aurorus|Aurorus, L86, M|352/352 slp\n|-weather|Hail|[from] ability: Snow Warning|[of] p2a: Aurorus\n|move|p1a: Garbodor|Pain Split|p2a: Aurorus\n|-sethp|p2a: Aurorus|318/352 slp|[from] move: Pain Split|[silent]\n|-sethp|p1a: Garbodor|284/284|[from] move: Pain Split\n|\n|-weather|Hail|[upkeep]\n|-damage|p1a: Garbodor|267/284|[from] Hail\n|-heal|p1a: Garbodor|284/284|[from] item: Black Sludge\n|-heal|p2a: Aurorus|340/352 slp|[from] item: Leftovers\n|upkeep\n|turn|37\n|inactive|2yones has 120 seconds left.\n|\n|t:|1770242039\n|switch|p1a: Vivillon|Vivillon-Sandstorm, L83, F|73/267\n|cant|p2a: Aurorus|slp\n|\n|-weather|Hail|[upkeep]\n|-damage|p1a: Vivillon|57/267|[from] Hail\n|-heal|p1a: Vivillon|73/267|[from] item: Leftovers\n|-heal|p2a: Aurorus|352/352 slp|[from] item: Leftovers\n|upkeep\n|turn|38\n|\n|t:|1770242045\n|move|p1a: Vivillon|Energy Ball|p2a: Aurorus\n|-supereffective|p2a: Aurorus\n|-damage|p2a: Aurorus|248/352 slp\n|-curestatus|p2a: Aurorus|slp|[msg]\n|move|p2a: Aurorus|Blizzard|p1a: Vivillon\n|-supereffective|p1a: Vivillon\n|-damage|p1a: Vivillon|0 fnt\n|faint|p1a: Vivillon\n|\n|-weather|Hail|[upkeep]\n|-heal|p2a: Aurorus|270/352|[from] item: Leftovers\n|upkeep\n|\n|t:|1770242048\n|switch|p1a: Garbodor|Garbodor, L88, M|284/284\n|turn|39\n|\n|t:|1770242052\n|switch|p2a: Wobbuffet|Wobbuffet, L93, F|374/504\n|move|p1a: Garbodor|Drain Punch|p2a: Wobbuffet\n|-resisted|p2a: Wobbuffet\n|-damage|p2a: Wobbuffet|340/504\n|\n|-weather|Hail|[upkeep]\n|-damage|p1a: Garbodor|267/284|[from] Hail\n|-damage|p2a: Wobbuffet|309/504|[from] Hail\n|-heal|p1a: Garbodor|284/284|[from] item: Black Sludge\n|upkeep\n|turn|40\n|\n|t:|1770242058\n|move|p1a: Garbodor|Gunk Shot|p2a: Wobbuffet\n|-damage|p2a: Wobbuffet|153/504\n|-status|p2a: Wobbuffet|psn\n|move|p2a: Wobbuffet|Encore|p1a: Garbodor\n|-start|p1a: Garbodor|Encore\n|\n|-weather|none\n|-damage|p2a: Wobbuffet|90/504 psn|[from] psn\n|upkeep\n|turn|41\n|\n|t:|1770242068\n|switch|p2a: Aurorus|Aurorus, L86, M|270/352\n|-weather|Hail|[from] ability: Snow Warning|[of] p2a: Aurorus\n|move|p1a: Garbodor|Gunk Shot|p2a: Aurorus\n|-resisted|p2a: Aurorus\n|-damage|p2a: Aurorus|195/352\n|\n|-weather|Hail|[upkeep]\n|-damage|p1a: Garbodor|267/284|[from] Hail\n|-heal|p1a: Garbodor|284/284|[from] item: Black Sludge\n|-heal|p2a: Aurorus|217/352|[from] item: Leftovers\n|upkeep\n|turn|42\n|\n|t:|1770242081\n|switch|p1a: Gastrodon|Gastrodon, L86, F|331/331\n|move|p2a: Aurorus|Blizzard|p1a: Gastrodon\n|-damage|p1a: Gastrodon|210/331\n|\n|-weather|Hail|[upkeep]\n|-damage|p1a: Gastrodon|190/331|[from] Hail\n|-heal|p2a: Aurorus|239/352|[from] item: Leftovers\n|-heal|p1a: Gastrodon|210/331|[from] item: Leftovers\n|upkeep\n|turn|43\n|\n|t:|1770242106\n|move|p2a: Aurorus|Blizzard|p1a: Gastrodon\n|-damage|p1a: Gastrodon|87/331\n|move|p1a: Gastrodon|Recover|p1a: Gastrodon\n|-heal|p1a: Gastrodon|253/331\n|\n|-weather|Hail|[upkeep]\n|-damage|p1a: Gastrodon|233/331|[from] Hail\n|-heal|p2a: Aurorus|261/352|[from] item: Leftovers\n|-heal|p1a: Gastrodon|253/331|[from] item: Leftovers\n|upkeep\n|turn|44\n|inactive|2yones has 120 seconds left.\n|\n|t:|1770242128\n|move|p2a: Aurorus|Blizzard|p1a: Gastrodon\n|-damage|p1a: Gastrodon|118/331\n|move|p1a: Gastrodon|Recover|p1a: Gastrodon\n|-heal|p1a: Gastrodon|284/331\n|\n|-weather|Hail|[upkeep]\n|-damage|p1a: Gastrodon|264/331|[from] Hail\n|-heal|p2a: Aurorus|283/352|[from] item: Leftovers\n|-heal|p1a: Gastrodon|284/331|[from] item: Leftovers\n|upkeep\n|turn|45\n|inactive|2yones has 120 seconds left.\n|\n|t:|1770242136\n|move|p2a: Aurorus|Blizzard|p1a: Gastrodon\n|-damage|p1a: Gastrodon|148/331\n|-status|p1a: Gastrodon|frz\n|cant|p1a: Gastrodon|frz\n|\n|-weather|none\n|-heal|p2a: Aurorus|305/352|[from] item: Leftovers\n|-heal|p1a: Gastrodon|168/331 frz|[from] item: Leftovers\n|upkeep\n|turn|46\n|\n|t:|1770242145\n|move|p2a: Aurorus|Blizzard|p1a: Gastrodon\n|-damage|p1a: Gastrodon|32/331 frz\n|-curestatus|p1a: Gastrodon|frz|[from] move: Scald\n|move|p1a: Gastrodon|Scald|p2a: Aurorus\n|-supereffective|p2a: Aurorus\n|-damage|p2a: Aurorus|155/352\n|-status|p2a: Aurorus|brn\n|\n|-heal|p2a: Aurorus|177/352 brn|[from] item: Leftovers\n|-heal|p1a: Gastrodon|52/331|[from] item: Leftovers\n|-damage|p2a: Aurorus|133/352 brn|[from] brn\n|upkeep\n|turn|47\n|\n|t:|1770242154\n|switch|p1a: Garbodor|Garbodor, L88, M|284/284\n|move|p2a: Aurorus|Blizzard|p1a: Garbodor|[miss]\n|-miss|p2a: Aurorus|p1a: Garbodor\n|\n|-heal|p2a: Aurorus|155/352 brn|[from] item: Leftovers\n|-damage|p2a: Aurorus|111/352 brn|[from] brn\n|upkeep\n|turn|48\n|\n|t:|1770242164\n|move|p1a: Garbodor|Drain Punch|p2a: Aurorus\n|-supereffective|p2a: Aurorus\n|-damage|p2a: Aurorus|0 fnt\n|faint|p2a: Aurorus\n|\n|upkeep\n|\n|t:|1770242170\n|switch|p2a: Wobbuffet|Wobbuffet, L93, F|90/504 psn\n|turn|49\n|-enditem|p2a: Wobbuffet|Custap Berry|[eat]\n|-activate|p2a: Wobbuffet|item: Custap Berry|[consumed]\n|\n|t:|1770242177\n|move|p2a: Wobbuffet|Destiny Bond|p2a: Wobbuffet\n|-singlemove|p2a: Wobbuffet|Destiny Bond\n|move|p1a: Garbodor|Haze|p1a: Garbodor\n|-clearallboost\n|\n|-damage|p2a: Wobbuffet|27/504 psn|[from] psn\n|upkeep\n|turn|50\n|\n|t:|1770242185\n|move|p1a: Garbodor|Haze|p1a: Garbodor\n|-clearallboost\n|move|p2a: Wobbuffet|Encore|p1a: Garbodor\n|-start|p1a: Garbodor|Encore\n|\n|-damage|p2a: Wobbuffet|0 fnt|[from] psn\n|faint|p2a: Wobbuffet\n|upkeep\n|\n|t:|1770242188\n|switch|p2a: Blissey|Blissey, L84, F|498/566\n|turn|51\n|\n|t:|1770242193\n|switch|p1a: Gastrodon|Gastrodon, L86, F|52/331\n|move|p2a: Blissey|Seismic Toss|p1a: Gastrodon\n|-damage|p1a: Gastrodon|0 fnt\n|faint|p1a: Gastrodon\n|\n|-heal|p2a: Blissey|533/566|[from] item: Leftovers\n|upkeep\n|\n|t:|1770242196\n|switch|p1a: Garbodor|Garbodor, L88, M|284/284\n|turn|52\n|\n|t:|1770242200\n|move|p1a: Garbodor|Gunk Shot|p2a: Blissey\n|-damage|p2a: Blissey|149/566\n|move|p2a: Blissey|Seismic Toss|p1a: Garbodor\n|-damage|p1a: Garbodor|200/284\n|\n|-heal|p1a: Garbodor|217/284|[from] item: Black Sludge\n|-heal|p2a: Blissey|184/566|[from] item: Leftovers\n|upkeep\n|turn|53\n|c|☆OliRes|gg\n|\n|t:|1770242205\n|move|p1a: Garbodor|Drain Punch|p2a: Blissey\n|-supereffective|p2a: Blissey\n|-damage|p2a: Blissey|0 fnt\n|-heal|p1a: Garbodor|284/284|[from] drain|[of] p2a: Blissey\n|faint|p2a: Blissey\n|\n|win|OliRes\n|raw|OliRes's rating: 1669 &rarr; <strong>1687</strong><br />(+18 for winning)\n|raw|2yones's rating: 1638 &rarr; <strong>1620</strong><br />(-18 for losing)\n|l|☆2yones\n|player|p2|\n|l|☆OliRes\n|player|p1|\n|j|☆OliRes\n|player|p1|OliRes|lady|\n", "inputlog": ">version ccdc32dd7cde25fd9e4bed64820e885f66e78a4e\n>start {\"formatid\":\"gen6randombattle\",\"seed\":\"sodium,d022751e10ab17dfcd39d7122a42ff15\",\"rated\":\"Rated battle\"}\n>player p1 {\"name\":\"OliRes\",\"avatar\":\"lady\",\"rating\":1669,\"seed\":\"sodium,7551a07d73aa08356ba761d26f9352aa\"}\n>player p2 {\"name\":\"2yones\",\"avatar\":\"crasherwake\",\"rating\":1638,\"seed\":\"sodium,8fd021e37a6e1ad4524f7256140640cd\"}\n>chat ☆OliRes|gl hf!\n>chat ☆2yones|:)\n>p1 move geomancy\n>p2 switch 6\n>p1 move psyshock\n>p2 move toxic\n>p1 move psyshock\n>p2 move protect\n>p1 move psyshock\n>p2 move wish\n>p1 switch 3\n>p2 move protect\n>p1 move gunkshot\n>p2 switch 4\n>p1 switch 5\n>p2 move raindance\n>p1 move knockoff mega\n>p2 move earthquake\n>p2 switch 3\n>p1 move knockoff\n>p2 move quiverdance\n>p1 switch 5\n>p2 move quiverdance\n>p1 move haze\n>p2 move bugbuzz\n>p1 move gunkshot\n>p2 move sleeppowder\n>p1 move gunkshot\n>p2 move sleeppowder\n>p1 switch 5\n>p2 move sleeppowder\n>p1 move sludgebomb\n>p2 move quiverdance\n>p1 move synthesis\n>p2 move bugbuzz\n>p1 switch 2\n>p1 move shadowsneak\n>p2 switch 4\n>p1 switch 5\n>p2 move protect\n>p1 move gunkshot\n>p2 switch 4\n>p2 switch 6\n>p1 switch 5\n>p2 move calmmind mega\n>p1 move toxic\n>p2 move psyshock\n>p1 move shadowsneak\n>p2 move dracometeor\n>p1 switch 4\n>p1 move quiverdance\n>p2 move roost\n>p1 move quiverdance\n>p2 switch 5\n>p1 move sleeppowder\n>p2 move blizzard\n>p1 move energyball\n>p2 switch 4\n>p1 switch 5\n>p2 move toxic\n>p1 move gunkshot\n>p2 switch 2\n>p1 move painsplit\n>p2 switch 5\n>p1 switch 3\n>p2 move psyshock\n>p1 move moonblast\n>p2 move psyshock\n>p1 switch 5\n>p1 move hurricane\n>p2 move dracometeor\n>p2 switch 2\n>p1 move quiverdance\n>p2 move wish\n>p1 switch 3\n>p2 switch 5\n>p1 move painsplit\n>p2 move encore\n>p1 move painsplit\n>p2 switch 4\n>p1 switch 3\n>p2 move blizzard\n>p1 move energyball\n>p2 move blizzard\n>p1 switch 3\n>p1 move drainpunch\n>p2 switch 4\n>p1 move gunkshot\n>p2 move encore\n>p1 move gunkshot\n>p2 switch 4\n>p1 switch 6\n>p2 move blizzard\n>p1 move recover\n>p2 move blizzard\n>p1 move recover\n>p2 move blizzard\n>p1 move recover\n>p2 move blizzard\n>p1 move scald\n>p2 move blizzard\n>p1 switch 6\n>p2 move blizzard\n>p1 move drainpunch\n>p2 move earthpower\n>p2 switch 4\n>p1 move haze\n>p2 move destinybond\n>p1 move haze\n>p2 move encore\n>p2 switch 5\n>p1 switch 6\n>p2 move seismictoss\n>p1 switch 6\n>p1 move gunkshot\n>p2 move seismictoss\n>chat ☆OliRes|gg\n>p1 move drainpunch\n>p2 move seismictoss", "uploadtime": 1770242219, "views": 263, "formatid": "gen6randombattle", "rating": 1620, "private": 0, "password": null}