{"id": "gen6randombattle-2523196417", "format": "[Gen 6] Random Battle", "players": ["dogdogodgo", "1Seleb"], "log": "|j|☆dogdogodgo\n|j|☆1Seleb\n|t:|1769001983\n|gametype|singles\n|player|p1|dogdogodgo|265|1525\n|player|p2|1Seleb|170|1611\n|gen|6\n|tier|[Gen 6] Random Battle\n|rated|\n|rule|Sleep Clause Mod: Limit one foe put to sleep\n|rule|HP Percentage Mod: HP is shown in percentages\n|rule|Illusion Level Mod: Illusion disguises the Pokémon's true level\n|\n|t:|1769001983\n|teamsize|p1|6\n|teamsize|p2|6\n|start\n|switch|p1a: Vigoroth|Vigoroth, L88, M|284/284\n|switch|p2a: Xerneas|Xerneas, L64|268/268\n|-ability|p2a: Xerneas|Fairy Aura\n|turn|1\n|inactive|Battle timer is ON: inactive players will automatically lose when time's up. (requested by 1Seleb)\n|\n|t:|1769002009\n|switch|p2a: Rampardos|Rampardos, L87, M|311/311\n|move|p1a: Vigoroth|Bulk Up|p1a: Vigoroth\n|-boost|p1a: Vigoroth|atk|1\n|-boost|p1a: Vigoroth|def|1\n|\n|upkeep\n|turn|2\n|\n|t:|1769002019\n|move|p1a: Vigoroth|Earthquake|p2a: Rampardos\n|-supereffective|p2a: Rampardos\n|-damage|p2a: Rampardos|57/311\n|move|p2a: Rampardos|Rock Polish|p2a: Rampardos\n|-boost|p2a: Rampardos|spe|2\n|\n|upkeep\n|turn|3\n|\n|t:|1769002028\n|move|p2a: Rampardos|Rock Slide|p1a: Vigoroth\n|-damage|p1a: Vigoroth|174/284\n|move|p1a: Vigoroth|Slack Off|p1a: Vigoroth\n|-heal|p1a: Vigoroth|284/284\n|\n|upkeep\n|turn|4\n|\n|t:|1769002037\n|switch|p2a: Meowstic|Meowstic, L86, M|268/268\n|move|p1a: Vigoroth|Bulk Up|p1a: Vigoroth\n|-boost|p1a: Vigoroth|atk|1\n|-boost|p1a: Vigoroth|def|1\n|\n|upkeep\n|turn|5\n|\n|t:|1769002044\n|move|p2a: Meowstic|Thunder Wave|p1a: Vigoroth\n|-status|p1a: Vigoroth|par\n|cant|p1a: Vigoroth|par\n|\n|upkeep\n|turn|6\n|\n|t:|1769002052\n|switch|p2a: Rampardos|Rampardos, L87, M|57/311\n|move|p1a: Vigoroth|Return|p2a: Rampardos\n|-resisted|p2a: Rampardos\n|-damage|p2a: Rampardos|0 fnt\n|faint|p2a: Rampardos\n|\n|upkeep\n|\n|t:|1769002064\n|switch|p2a: Wailord|Wailord, L93, F|466/466\n|turn|7\n|\n|t:|1769002068\n|move|p2a: Wailord|Water Spout|p1a: Vigoroth\n|-damage|p1a: Vigoroth|116/284 par\n|move|p1a: Vigoroth|Return|p2a: Wailord\n|-damage|p2a: Wailord|187/466\n|\n|upkeep\n|turn|8\n|\n|t:|1769002075\n|move|p2a: Wailord|Water Spout|p1a: Vigoroth\n|-damage|p1a: Vigoroth|55/284 par\n|move|p1a: Vigoroth|Slack Off|p1a: Vigoroth\n|-heal|p1a: Vigoroth|197/284 par\n|\n|upkeep\n|turn|9\n|\n|t:|1769002084\n|switch|p2a: Meowstic|Meowstic, L86, M|268/268\n|move|p1a: Vigoroth|Return|p2a: Meowstic\n|-damage|p2a: Meowstic|55/268\n|\n|-heal|p2a: Meowstic|71/268|[from] item: Leftovers\n|upkeep\n|turn|10\n|\n|t:|1769002088\n|move|p2a: Meowstic|Psychic|p1a: Vigoroth\n|-damage|p1a: Vigoroth|118/284 par\n|cant|p1a: Vigoroth|par\n|\n|-heal|p2a: Meowstic|87/268|[from] item: Leftovers\n|upkeep\n|turn|11\n|\n|t:|1769002101\n|switch|p2a: Deoxys|Deoxys, L74|196/196\n|-ability|p2a: Deoxys|Pressure\n|move|p1a: Vigoroth|Slack Off|p1a: Vigoroth\n|-heal|p1a: Vigoroth|260/284 par\n|\n|upkeep\n|turn|12\n|\n|t:|1769002107\n|move|p2a: Deoxys|Knock Off|p1a: Vigoroth\n|-damage|p1a: Vigoroth|226/284 par\n|-enditem|p1a: Vigoroth|Eviolite|[from] move: Knock Off|[of] p2a: Deoxys\n|-damage|p2a: Deoxys|177/196|[from] item: Life Orb\n|move|p1a: Vigoroth|Return|p2a: Deoxys\n|-damage|p2a: Deoxys|0 fnt\n|faint|p2a: Deoxys\n|\n|upkeep\n|\n|t:|1769002117\n|switch|p2a: Meowstic|Meowstic, L86, M|87/268\n|turn|13\n|\n|t:|1769002121\n|move|p2a: Meowstic|Psychic|p1a: Vigoroth\n|-damage|p1a: Vigoroth|106/284 par\n|cant|p1a: Vigoroth|par\n|\n|-heal|p2a: Meowstic|103/268|[from] item: Leftovers\n|upkeep\n|turn|14\n|\n|t:|1769002126\n|move|p2a: Meowstic|Psychic|p1a: Vigoroth\n|-damage|p1a: Vigoroth|0 fnt\n|faint|p1a: Vigoroth\n|\n|-heal|p2a: Meowstic|119/268|[from] item: Leftovers\n|upkeep\n|\n|t:|1769002130\n|switch|p1a: Steelix|Steelix, L83, F|260/260\n|turn|15\n|\n|t:|1769002136\n|move|p2a: Meowstic|Yawn|p1a: Steelix\n|-start|p1a: Steelix|move: Yawn|[of] p2a: Meowstic\n|move|p1a: Steelix|Stealth Rock|p2a: Meowstic\n|-sidestart|p2: 1Seleb|move: Stealth Rock\n|\n|-heal|p2a: Meowstic|135/268|[from] item: Leftovers\n|upkeep\n|turn|16\n|\n|t:|1769002146\n|move|p2a: Meowstic|Psychic|p1a: Steelix\n|-resisted|p1a: Steelix\n|-damage|p1a: Steelix|204/260\n|move|p1a: Steelix|Heavy Slam|p2a: Meowstic\n|-damage|p2a: Meowstic|3/268\n|\n|-heal|p2a: Meowstic|19/268|[from] item: Leftovers\n|-heal|p1a: Steelix|220/260|[from] item: Leftovers\n|-end|p1a: Steelix|move: Yawn|[silent]\n|-status|p1a: Steelix|slp\n|upkeep\n|turn|17\n|\n|t:|1769002157\n|switch|p2a: Wailord|Wailord, L93, F|187/466\n|-damage|p2a: Wailord|129/466|[from] Stealth Rock\n|cant|p1a: Steelix|slp\n|\n|-heal|p1a: Steelix|236/260 slp|[from] item: Leftovers\n|upkeep\n|turn|18\n|\n|t:|1769002173\n|switch|p1a: Rotom|Rotom, L86|226/226\n|move|p2a: Wailord|Hydro Pump|p1a: Rotom\n|-damage|p1a: Rotom|93/226\n|\n|upkeep\n|turn|19\n|\n|t:|1769002180\n|move|p2a: Wailord|Hydro Pump|p1a: Rotom|[miss]\n|-miss|p2a: Wailord|p1a: Rotom\n|move|p1a: Rotom|Thunderbolt|p2a: Wailord\n|-supereffective|p2a: Wailord\n|-damage|p2a: Wailord|0 fnt\n|faint|p2a: Wailord\n|-damage|p1a: Rotom|71/226|[from] item: Life Orb\n|\n|upkeep\n|\n|t:|1769002187\n|switch|p2a: Meowstic|Meowstic, L86, M|19/268\n|-damage|p2a: Meowstic|0 fnt|[from] Stealth Rock\n|faint|p2a: Meowstic\n|\n|t:|1769002190\n|switch|p2a: Xerneas|Xerneas, L64|268/268\n|-damage|p2a: Xerneas|235/268|[from] Stealth Rock\n|-ability|p2a: Xerneas|Fairy Aura\n|turn|20\n|\n|t:|1769002193\n|switch|p1a: Venusaur|Venusaur, L77, M|250/250\n|move|p2a: Xerneas|Geomancy||[still]\n|-prepare|p2a: Xerneas|Geomancy\n|-enditem|p2a: Xerneas|Power Herb\n|-anim|p2a: Xerneas|Geomancy|p2a: Xerneas\n|-boost|p2a: Xerneas|spa|2\n|-boost|p2a: Xerneas|spd|2\n|-boost|p2a: Xerneas|spe|2\n|\n|upkeep\n|turn|21\n|\n|t:|1769002197\n|detailschange|p1a: Venusaur|Venusaur-Mega, L77, M\n|-mega|p1a: Venusaur|Venusaur|Venusaurite\n|move|p2a: Xerneas|Psyshock|p1a: Venusaur\n|-supereffective|p1a: Venusaur\n|-damage|p1a: Venusaur|108/250\n|move|p1a: Venusaur|Sleep Powder|p2a: Xerneas|[miss]\n|-miss|p1a: Venusaur|p2a: Xerneas\n|\n|upkeep\n|turn|22\n|\n|t:|1769002204\n|switch|p1a: Steelix|Steelix, L83, F|236/260 slp\n|move|p2a: Xerneas|Psyshock|p1a: Steelix\n|-resisted|p1a: Steelix\n|-damage|p1a: Steelix|214/260 slp\n|\n|-heal|p1a: Steelix|230/260 slp|[from] item: Leftovers\n|upkeep\n|turn|23\n|\n|t:|1769002208\n|move|p2a: Xerneas|Focus Blast|p1a: Steelix|[miss]\n|-miss|p2a: Xerneas|p1a: Steelix\n|cant|p1a: Steelix|slp\n|\n|-heal|p1a: Steelix|246/260 slp|[from] item: Leftovers\n|upkeep\n|turn|24\n|\n|t:|1769002210\n|move|p2a: Xerneas|Focus Blast|p1a: Steelix\n|-supereffective|p1a: Steelix\n|-damage|p1a: Steelix|0 fnt\n|faint|p1a: Steelix\n|\n|upkeep\n|\n|t:|1769002216\n|switch|p1a: Furfrou|Furfrou, L85, M|266/266\n|turn|25\n|\n|t:|1769002222\n|move|p2a: Xerneas|Moonblast|p1a: Furfrou\n|-damage|p1a: Furfrou|61/266\n|move|p1a: Furfrou|Toxic|p2a: Xerneas\n|-status|p2a: Xerneas|tox\n|\n|-heal|p1a: Furfrou|77/266|[from] item: Leftovers\n|-damage|p2a: Xerneas|219/268 tox|[from] psn\n|upkeep\n|turn|26\n|\n|t:|1769002227\n|switch|p1a: Venusaur|Venusaur-Mega, L77, M|108/250\n|move|p2a: Xerneas|Moonblast|p1a: Venusaur\n|-resisted|p1a: Venusaur\n|-damage|p1a: Venusaur|16/250\n|-unboost|p1a: Venusaur|spa|1\n|\n|-damage|p2a: Xerneas|187/268 tox|[from] psn\n|upkeep\n|turn|27\n|\n|t:|1769002237\n|move|p2a: Xerneas|Moonblast|p1a: Venusaur\n|-resisted|p1a: Venusaur\n|-crit|p1a: Venusaur\n|-damage|p1a: Venusaur|0 fnt\n|faint|p1a: Venusaur\n|detailschange|p1: Venusaur|Venusaur, L77, M|[silent]\n|\n|-damage|p2a: Xerneas|139/268 tox|[from] psn\n|upkeep\n|\n|t:|1769002247\n|switch|p1a: Rotom|Rotom, L86|71/226\n|turn|28\n|\n|t:|1769002250\n|switch|p1a: Furfrou|Furfrou, L85, M|77/266\n|move|p2a: Xerneas|Moonblast|p1a: Furfrou\n|-damage|p1a: Furfrou|0 fnt\n|faint|p1a: Furfrou\n|\n|-damage|p2a: Xerneas|75/268 tox|[from] psn\n|upkeep\n|\n|t:|1769002253\n|switch|p1a: Rotom|Rotom, L86|71/226\n|turn|29\n|\n|t:|1769002256\n|move|p2a: Xerneas|Moonblast|p1a: Rotom\n|-damage|p1a: Rotom|0 fnt\n|faint|p1a: Rotom\n|\n|-damage|p2a: Xerneas|0 fnt|[from] psn\n|faint|p2a: Xerneas\n|upkeep\n|\n|t:|1769002259\n|switch|p1a: Hitmontop|Hitmontop, L89, M|234/234\n|switch|p2a: Zygarde|Zygarde, L77|293/293\n|-damage|p2a: Zygarde|275/293|[from] Stealth Rock\n|-ability|p2a: Zygarde|Aura Break\n|-ability|p1a: Hitmontop|Intimidate|boost\n|-unboost|p2a: Zygarde|atk|1\n|turn|30\n|\n|t:|1769002264\n|move|p2a: Zygarde|Dragon Dance|p2a: Zygarde\n|-boost|p2a: Zygarde|atk|1\n|-boost|p2a: Zygarde|spe|1\n|move|p1a: Hitmontop|Toxic|p2a: Zygarde\n|-status|p2a: Zygarde|tox\n|-enditem|p2a: Zygarde|Lum Berry|[eat]\n|-curestatus|p2a: Zygarde|tox|[msg]\n|\n|upkeep\n|turn|31\n|\n|t:|1769002269\n|move|p2a: Zygarde|Dragon Dance|p2a: Zygarde\n|-boost|p2a: Zygarde|atk|1\n|-boost|p2a: Zygarde|spe|1\n|move|p1a: Hitmontop|Toxic|p2a: Zygarde\n|-status|p2a: Zygarde|tox\n|\n|-damage|p2a: Zygarde|257/293 tox|[from] psn\n|upkeep\n|turn|32\n|\n|t:|1769002275\n|move|p2a: Zygarde|Outrage|p1a: Hitmontop\n|-damage|p1a: Hitmontop|93/234\n|move|p1a: Hitmontop|Close Combat|p2a: Zygarde\n|-damage|p2a: Zygarde|145/293 tox\n|-unboost|p1a: Hitmontop|def|1\n|-unboost|p1a: Hitmontop|spd|1\n|\n|-heal|p1a: Hitmontop|107/234|[from] item: Leftovers\n|-damage|p2a: Zygarde|109/293 tox|[from] psn\n|upkeep\n|turn|33\n|\n|t:|1769002280\n|move|p1a: Hitmontop|Sucker Punch|p2a: Zygarde\n|-damage|p2a: Zygarde|60/293 tox\n|move|p2a: Zygarde|Outrage|p1a: Hitmontop|[from] lockedmove\n|-damage|p1a: Hitmontop|0 fnt\n|faint|p1a: Hitmontop\n|-start|p2a: Zygarde|confusion|[fatigue]\n|\n|win|1Seleb\n|raw|dogdogodgo's rating: 1525 &rarr; <strong>1510</strong><br />(-15 for losing)\n|raw|1Seleb's rating: 1611 &rarr; <strong>1626</strong><br />(+15 for winning)\n|l|☆dogdogodgo\n|player|p1|\n|c|☆1Seleb|Gg\n", "inputlog": ">version 3bd1a1e329da8d286644078cfc9a9638fc7ea025\n>start {\"formatid\":\"gen6randombattle\",\"seed\":\"sodium,e0df755b8274f9e20fb74318ba4989e4\",\"rated\":\"Rated battle\"}\n>player p1 {\"name\":\"dogdogodgo\",\"avatar\":\"265\",\"rating\":1525,\"seed\":\"sodium,b1f054129f315de56071666b66c70f58\"}\n>player p2 {\"name\":\"1Seleb\",\"avatar\":\"170\",\"rating\":1611,\"seed\":\"sodium,1b23f4e2791433ba8a99a508f68a434c\"}\n>p1 move bulkup\n>p2 switch 3\n>p1 move earthquake\n>p2 move rockpolish\n>p1 move slackoff\n>p2 move rockslide\n>p1 move bulkup\n>p2 switch 4\n>p1 move return\n>p2 move thunderwave\n>p1 move return\n>p2 switch 4\n>p2 switch 6\n>p1 move return\n>p2 move waterspout\n>p1 move slackoff\n>p2 move waterspout\n>p1 move return\n>p2 switch 4\n>p1 move slackoff\n>p2 move psychic\n>p1 move slackoff\n>p2 switch 5\n>p1 move return\n>p2 move knockoff\n>p2 switch 5\n>p1 move return\n>p2 move psychic\n>p1 move return\n>p2 move psychic\n>p1 switch 3\n>p1 move stealthrock\n>p2 move yawn\n>p1 move heavyslam\n>p2 move psychic\n>p1 move heavyslam\n>p2 switch 4\n>p1 switch 2\n>p2 move hydropump\n>p1 move thunderbolt\n>p2 move hydropump\n>p2 switch 4\n>p2 switch 3\n>p1 switch 4\n>p2 move geomancy\n>p1 move sleeppowder mega\n>p2 move psyshock\n>p1 switch 2\n>p2 move psyshock\n>p1 move toxic\n>p2 move focusblast\n>p1 move toxic\n>p2 move focusblast\n>p1 switch 6\n>p1 move toxic\n>p2 move moonblast\n>p1 switch 2\n>p2 move moonblast\n>p1 move synthesis\n>p2 move moonblast\n>p1 switch 4\n>p1 switch 2\n>p2 move moonblast\n>p1 switch 2\n>p1 move thunderbolt\n>p2 move moonblast\n>p1 switch 5\n>p2 switch 2\n>p1 move toxic\n>p2 move dragondance\n>p1 move toxic\n>p2 move dragondance\n>p1 move closecombat\n>p2 move outrage\n>p1 move suckerpunch\n>p2 move outrage", "uploadtime": 1769002291, "views": 309, "formatid": "gen6randombattle", "rating": 1510, "private": 0, "password": null}