{"id": "gen6randombattle-2531808468", "format": "[Gen 6] Random Battle", "players": ["waterrowing", "I never run good"], "log": "|j|☆waterrowing\n|j|☆I never run good\n|t:|1770102548\n|gametype|singles\n|player|p1|waterrowing|265|1597\n|player|p2|I never run good|clerkf|1875\n|gen|6\n|tier|[Gen 6] Random Battle\n|rated|\n|rule|Sleep Clause Mod: Limit one foe put to sleep\n|rule|HP Percentage Mod: HP is shown in percentages\n|rule|Illusion Level Mod: Illusion disguises the Pokémon's true level\n|\n|t:|1770102548\n|teamsize|p1|6\n|teamsize|p2|6\n|start\n|switch|p1a: Florges|Florges-Yellow, L84, F|268/268\n|switch|p2a: Mew|Mew, L80|291/291\n|turn|1\n|inactive|Battle timer is ON: inactive players will automatically lose when time's up. (requested by waterrowing)\n|\n|t:|1770102565\n|switch|p2a: Meganium|Meganium, L92, F|297/297\n|switch|p1a: Donphan|Donphan, L83, F|285/285\n|\n|upkeep\n|turn|2\n|\n|t:|1770102573\n|switch|p1a: Tangrowth|Tangrowth, L88, F|319/319\n|move|p2a: Meganium|Energy Ball|p1a: Tangrowth\n|-resisted|p1a: Tangrowth\n|-damage|p1a: Tangrowth|271/319\n|\n|upkeep\n|turn|3\n|\n|t:|1770102576\n|move|p2a: Meganium|Toxic|p1a: Tangrowth\n|-status|p1a: Tangrowth|tox\n|move|p1a: Tangrowth|Knock Off|p2a: Meganium\n|-damage|p2a: Meganium|237/297\n|-enditem|p2a: Meganium|Leftovers|[from] move: Knock Off|[of] p1a: Tangrowth\n|\n|-damage|p1a: Tangrowth|252/319 tox|[from] psn\n|upkeep\n|turn|4\n|\n|t:|1770102584\n|move|p2a: Meganium|Toxic|p1a: Tangrowth|[miss]\n|-miss|p2a: Meganium|p1a: Tangrowth\n|move|p1a: Tangrowth|Sludge Bomb|p2a: Meganium\n|-supereffective|p2a: Meganium\n|-damage|p2a: Meganium|117/297\n|\n|-damage|p1a: Tangrowth|214/319 tox|[from] psn\n|upkeep\n|turn|5\n|\n|t:|1770102591\n|move|p2a: Meganium|Synthesis|p2a: Meganium\n|-heal|p2a: Meganium|265/297\n|move|p1a: Tangrowth|Sludge Bomb|p2a: Meganium\n|-supereffective|p2a: Meganium\n|-damage|p2a: Meganium|139/297\n|\n|-damage|p1a: Tangrowth|157/319 tox|[from] psn\n|upkeep\n|turn|6\n|\n|t:|1770102600\n|move|p2a: Meganium|Synthesis|p2a: Meganium\n|-heal|p2a: Meganium|287/297\n|move|p1a: Tangrowth|Sludge Bomb|p2a: Meganium\n|-supereffective|p2a: Meganium\n|-damage|p2a: Meganium|149/297\n|-status|p2a: Meganium|psn\n|\n|-damage|p2a: Meganium|112/297 psn|[from] psn\n|-damage|p1a: Tangrowth|81/319 tox|[from] psn\n|upkeep\n|turn|7\n|\n|t:|1770102608\n|switch|p1a: Weavile|Weavile, L77, M|234/234\n|move|p2a: Meganium|Toxic|p1a: Weavile\n|-status|p1a: Weavile|tox\n|\n|-damage|p1a: Weavile|220/234 tox|[from] psn\n|-damage|p2a: Meganium|75/297 psn|[from] psn\n|upkeep\n|turn|8\n|\n|t:|1770102617\n|switch|p2a: Sableye|Sableye, L81, M|214/214\n|move|p1a: Weavile|Swords Dance|p1a: Weavile\n|-boost|p1a: Weavile|atk|2\n|\n|-damage|p1a: Weavile|192/234 tox|[from] psn\n|upkeep\n|turn|9\n|\n|t:|1770102635\n|switch|p2a: Meganium|Meganium, L92, F|75/297 psn\n|move|p1a: Weavile|Knock Off|p2a: Meganium\n|-damage|p2a: Meganium|0 fnt\n|faint|p2a: Meganium\n|-damage|p1a: Weavile|169/234 tox|[from] item: Life Orb\n|\n|-damage|p1a: Weavile|127/234 tox|[from] psn\n|upkeep\n|\n|t:|1770102637\n|switch|p2a: Talonflame|Talonflame, L79, M|253/253\n|turn|10\n|\n|t:|1770102644\n|switch|p1a: Donphan|Donphan, L83, F|285/285\n|move|p2a: Talonflame|Brave Bird|p1a: Donphan\n|-damage|p1a: Donphan|191/285\n|-damage|p2a: Talonflame|222/253|[from] Recoil\n|\n|-heal|p1a: Donphan|208/285|[from] item: Leftovers\n|upkeep\n|turn|11\n|\n|t:|1770102651\n|switch|p2a: Sableye|Sableye, L81, M|214/214\n|move|p1a: Donphan|Stealth Rock|p2a: Sableye\n|-sidestart|p2: I never run good|move: Stealth Rock\n|\n|-heal|p1a: Donphan|225/285|[from] item: Leftovers\n|upkeep\n|turn|12\n|\n|t:|1770102658\n|switch|p1a: Weavile|Weavile, L77, M|127/234 tox\n|detailschange|p2a: Sableye|Sableye-Mega, L81, M\n|-mega|p2a: Sableye|Sableye|Sablenite\n|move|p2a: Sableye|Will-O-Wisp||[still]\n|-fail|p2a: Sableye\n|\n|-damage|p1a: Weavile|113/234 tox|[from] psn\n|upkeep\n|turn|13\n|\n|t:|1770102666\n|move|p1a: Weavile|Icicle Crash|p2a: Sableye|[miss]\n|-miss|p1a: Weavile|p2a: Sableye\n|move|p2a: Sableye|Dark Pulse|p1a: Weavile\n|-resisted|p1a: Weavile\n|-damage|p1a: Weavile|70/234 tox\n|\n|-damage|p1a: Weavile|42/234 tox|[from] psn\n|upkeep\n|turn|14\n|\n|t:|1770102668\n|move|p1a: Weavile|Icicle Crash|p2a: Sableye|[miss]\n|-miss|p1a: Weavile|p2a: Sableye\n|move|p2a: Sableye|Recover||[still]\n|-fail|p2a: Sableye|heal\n|\n|-damage|p1a: Weavile|0 fnt|[from] psn\n|faint|p1a: Weavile\n|upkeep\n|\n|t:|1770102690\n|switch|p1a: Florges|Florges-Yellow, L84, F|268/268\n|turn|15\n|\n|t:|1770102694\n|switch|p2a: Miltank|Miltank, L84, F|297/297\n|-damage|p2a: Miltank|260/297|[from] Stealth Rock\n|move|p1a: Florges|Moonblast|p2a: Miltank\n|-damage|p2a: Miltank|124/297\n|\n|-heal|p2a: Miltank|142/297|[from] item: Leftovers\n|upkeep\n|turn|16\n|\n|t:|1770102703\n|switch|p1a: Donphan|Donphan, L83, F|225/285\n|move|p2a: Miltank|Milk Drink|p2a: Miltank\n|-heal|p2a: Miltank|291/297\n|\n|-heal|p2a: Miltank|297/297|[from] item: Leftovers\n|-heal|p1a: Donphan|242/285|[from] item: Leftovers\n|upkeep\n|turn|17\n|\n|t:|1770102709\n|switch|p2a: Sableye|Sableye-Mega, L81, M|214/214\n|-damage|p2a: Sableye|188/214|[from] Stealth Rock\n|move|p1a: Donphan|Knock Off|p2a: Sableye\n|-crit|p2a: Sableye\n|-damage|p2a: Sableye|123/214\n|\n|-heal|p1a: Donphan|259/285|[from] item: Leftovers\n|upkeep\n|turn|18\n|\n|t:|1770102718\n|switch|p1a: Tangrowth|Tangrowth, L88, F|187/319 tox\n|move|p2a: Sableye|Recover|p2a: Sableye\n|-heal|p2a: Sableye|214/214\n|\n|-damage|p1a: Tangrowth|168/319 tox|[from] psn\n|upkeep\n|turn|19\n|\n|t:|1770102724\n|move|p1a: Tangrowth|Sludge Bomb|p2a: Sableye\n|-resisted|p2a: Sableye\n|-damage|p2a: Sableye|182/214\n|move|p2a: Sableye|Calm Mind|p2a: Sableye\n|-boost|p2a: Sableye|spa|1\n|-boost|p2a: Sableye|spd|1\n|\n|-damage|p1a: Tangrowth|130/319 tox|[from] psn\n|upkeep\n|turn|20\n|\n|t:|1770102731\n|switch|p1a: Florges|Florges-Yellow, L84, F|268/268\n|move|p2a: Sableye|Calm Mind|p2a: Sableye\n|-boost|p2a: Sableye|spa|1\n|-boost|p2a: Sableye|spd|1\n|\n|upkeep\n|turn|21\n|\n|t:|1770102739\n|switch|p2a: Miltank|Miltank, L84, F|297/297\n|-damage|p2a: Miltank|260/297|[from] Stealth Rock\n|move|p1a: Florges|Calm Mind|p1a: Florges\n|-boost|p1a: Florges|spa|1\n|-boost|p1a: Florges|spd|1\n|\n|-heal|p2a: Miltank|278/297|[from] item: Leftovers\n|upkeep\n|turn|22\n|\n|t:|1770102747\n|move|p2a: Miltank|Body Slam|p1a: Florges\n|-damage|p1a: Florges|178/268\n|move|p1a: Florges|Moonblast|p2a: Miltank\n|-damage|p2a: Miltank|86/297\n|-unboost|p2a: Miltank|spa|1\n|\n|-heal|p2a: Miltank|104/297|[from] item: Leftovers\n|-heal|p1a: Florges|194/268|[from] item: Leftovers\n|upkeep\n|turn|23\n|\n|t:|1770102755\n|move|p2a: Miltank|Body Slam|p1a: Florges\n|-damage|p1a: Florges|97/268\n|move|p1a: Florges|Moonblast|p2a: Miltank\n|-damage|p2a: Miltank|0 fnt\n|faint|p2a: Miltank\n|\n|-heal|p1a: Florges|113/268|[from] item: Leftovers\n|upkeep\n|\n|t:|1770102757\n|switch|p2a: Mew|Mew, L80|291/291\n|-damage|p2a: Mew|255/291|[from] Stealth Rock\n|turn|24\n|\n|t:|1770102761\n|move|p2a: Mew|Zen Headbutt|p1a: Florges|[miss]\n|-miss|p2a: Mew|p1a: Florges\n|move|p1a: Florges|Synthesis|p1a: Florges\n|-heal|p1a: Florges|247/268\n|\n|-heal|p1a: Florges|263/268|[from] item: Leftovers\n|upkeep\n|turn|25\n|\n|t:|1770102765\n|move|p2a: Mew|Swords Dance|p2a: Mew\n|-boost|p2a: Mew|atk|2\n|move|p1a: Florges|Moonblast|p2a: Mew\n|-damage|p2a: Mew|81/291\n|\n|-heal|p1a: Florges|268/268|[from] item: Leftovers\n|upkeep\n|turn|26\n|\n|t:|1770102768\n|move|p2a: Mew|Zen Headbutt|p1a: Florges\n|-damage|p1a: Florges|15/268\n|-damage|p2a: Mew|52/291|[from] item: Life Orb\n|move|p1a: Florges|Moonblast|p2a: Mew\n|-damage|p2a: Mew|0 fnt\n|faint|p2a: Mew\n|\n|-heal|p1a: Florges|31/268|[from] item: Leftovers\n|upkeep\n|\n|t:|1770102772\n|switch|p2a: Talonflame|Talonflame, L79, M|222/253\n|-damage|p2a: Talonflame|96/253|[from] Stealth Rock\n|turn|27\n|\n|t:|1770102777\n|switch|p1a: Donphan|Donphan, L83, F|259/285\n|move|p2a: Talonflame|Brave Bird|p1a: Donphan\n|-damage|p1a: Donphan|165/285\n|-damage|p2a: Talonflame|65/253|[from] Recoil\n|\n|-heal|p1a: Donphan|182/285|[from] item: Leftovers\n|upkeep\n|turn|28\n|\n|t:|1770102783\n|move|p2a: Talonflame|Roost|p2a: Talonflame\n|-heal|p2a: Talonflame|192/253\n|-singleturn|p2a: Talonflame|move: Roost\n|move|p1a: Donphan|Knock Off|p2a: Talonflame\n|-damage|p2a: Talonflame|96/253\n|-enditem|p2a: Talonflame|Sharp Beak|[from] move: Knock Off|[of] p1a: Donphan\n|\n|-heal|p1a: Donphan|199/285|[from] item: Leftovers\n|upkeep\n|turn|29\n|\n|t:|1770102788\n|move|p2a: Talonflame|Swords Dance|p2a: Talonflame\n|-boost|p2a: Talonflame|atk|2\n|move|p1a: Donphan|Earthquake|p2a: Talonflame\n|-immune|p2a: Talonflame\n|\n|-heal|p1a: Donphan|216/285|[from] item: Leftovers\n|upkeep\n|turn|30\n|\n|t:|1770102792\n|move|p2a: Talonflame|Swords Dance|p2a: Talonflame\n|-boost|p2a: Talonflame|atk|2\n|move|p1a: Donphan|Knock Off|p2a: Talonflame\n|-damage|p2a: Talonflame|29/253\n|\n|-heal|p1a: Donphan|233/285|[from] item: Leftovers\n|upkeep\n|turn|31\n|\n|t:|1770102798\n|move|p2a: Talonflame|Flare Blitz|p1a: Donphan\n|-crit|p1a: Donphan\n|-damage|p1a: Donphan|0 fnt\n|faint|p1a: Donphan\n|-damage|p2a: Talonflame|0 fnt|[from] Recoil\n|faint|p2a: Talonflame\n|\n|upkeep\n|\n|t:|1770102808\n|switch|p2a: Linoone|Linoone, L84, M|268/268\n|switch|p1a: Florges|Florges-Yellow, L84, F|31/268\n|-damage|p2a: Linoone|235/268|[from] Stealth Rock\n|turn|32\n|\n|t:|1770102816\n|move|p2a: Linoone|Belly Drum|p2a: Linoone\n|-damage|p2a: Linoone|101/268\n|-setboost|p2a: Linoone|atk|6|[from] move: Belly Drum\n|-enditem|p2a: Linoone|Sitrus Berry|[eat]\n|-heal|p2a: Linoone|168/268|[from] item: Sitrus Berry\n|move|p1a: Florges|Moonblast|p2a: Linoone\n|-damage|p2a: Linoone|27/268\n|\n|-heal|p1a: Florges|47/268|[from] item: Leftovers\n|upkeep\n|turn|33\n|\n|t:|1770102825\n|move|p2a: Linoone|Seed Bomb|p1a: Florges\n|-damage|p1a: Florges|0 fnt\n|faint|p1a: Florges\n|\n|upkeep\n|\n|t:|1770102841\n|switch|p1a: Tangrowth|Tangrowth, L88, F|236/319 tox\n|turn|34\n|\n|t:|1770102846\n|move|p2a: Linoone|Extreme Speed|p1a: Tangrowth\n|-damage|p1a: Tangrowth|37/319 tox\n|move|p1a: Tangrowth|Giga Drain|p2a: Linoone\n|-damage|p2a: Linoone|0 fnt\n|-heal|p1a: Tangrowth|51/319 tox|[from] drain|[of] p2a: Linoone\n|faint|p2a: Linoone\n|\n|-damage|p1a: Tangrowth|32/319 tox|[from] psn\n|upkeep\n|\n|t:|1770102848\n|switch|p2a: Sableye|Sableye-Mega, L81, M|182/214\n|-damage|p2a: Sableye|156/214|[from] Stealth Rock\n|turn|35\n|\n|t:|1770102858\n|move|p1a: Tangrowth|Sludge Bomb|p2a: Sableye\n|-resisted|p2a: Sableye\n|-damage|p2a: Sableye|125/214\n|-status|p2a: Sableye|psn\n|move|p2a: Sableye|Recover|p2a: Sableye\n|-heal|p2a: Sableye|214/214 psn\n|\n|-damage|p1a: Tangrowth|0 fnt|[from] psn\n|faint|p1a: Tangrowth\n|-damage|p2a: Sableye|188/214 psn|[from] psn\n|upkeep\n|\n|t:|1770102865\n|switch|p1a: Latios|Latios, L77, M|250/250\n|turn|36\n|\n|t:|1770102872\n|detailschange|p1a: Latios|Latios-Mega, L77, M\n|-mega|p1a: Latios|Latios|Latiosite\n|move|p1a: Latios|Draco Meteor|p2a: Sableye\n|-damage|p2a: Sableye|40/214 psn\n|-unboost|p1a: Latios|spa|2\n|move|p2a: Sableye|Calm Mind|p2a: Sableye\n|-boost|p2a: Sableye|spa|1\n|-boost|p2a: Sableye|spd|1\n|\n|-damage|p2a: Sableye|14/214 psn|[from] psn\n|upkeep\n|turn|37\n|\n|t:|1770102880\n|move|p1a: Latios|Draco Meteor|p2a: Sableye\n|-damage|p2a: Sableye|0 fnt\n|-unboost|p1a: Latios|spa|2\n|faint|p2a: Sableye\n|detailschange|p2: Sableye|Sableye, L81, M|[silent]\n|\n|win|waterrowing\n|raw|waterrowing's rating: 1597 &rarr; <strong>1630</strong><br />(+33 for winning)\n|raw|I never run good's rating: 1875 &rarr; <strong>1842</strong><br />(-33 for losing)\n", "inputlog": ">version ccdc32dd7cde25fd9e4bed64820e885f66e78a4e\n>start {\"formatid\":\"gen6randombattle\",\"seed\":\"sodium,fe001f4e3d37de60ac34d1f6dffb1131\",\"rated\":\"Rated battle\"}\n>player p1 {\"name\":\"waterrowing\",\"avatar\":\"265\",\"rating\":1597,\"seed\":\"sodium,68170fa17bcf1efbd20759c7aba21b2d\"}\n>player p2 {\"name\":\"I never run good\",\"avatar\":\"clerkf\",\"rating\":1875,\"seed\":\"sodium,1069c0a99119f123f9e7755f955ebbb0\"}\n>p1 switch 2\n>p2 switch 2\n>p1 switch 3\n>p2 move energyball\n>p1 move knockoff\n>p2 move toxic\n>p1 move sludgebomb\n>p2 move toxic\n>p1 move sludgebomb\n>p2 move synthesis\n>p1 move sludgebomb\n>p2 move synthesis\n>p1 switch 6\n>p2 move toxic\n>p1 move swordsdance\n>p2 switch 4\n>p1 move knockoff\n>p2 switch 4\n>p2 switch 3\n>p1 switch 3\n>p2 move bravebird\n>p1 move stealthrock\n>p2 switch 4\n>p1 switch 3\n>p2 move willowisp mega\n>p1 move iciclecrash\n>p2 move darkpulse\n>p1 move iciclecrash\n>p2 move recover\n>p1 switch 2\n>p1 move moonblast\n>p2 switch 6\n>p1 switch 3\n>p2 move milkdrink\n>p1 move knockoff\n>p2 switch 6\n>p1 switch 6\n>p2 move recover\n>p1 move sludgebomb\n>p2 move calmmind\n>p1 switch 3\n>p2 move calmmind\n>p1 move calmmind\n>p2 switch 6\n>p1 move moonblast\n>p2 move bodyslam\n>p1 move moonblast\n>p2 move bodyslam\n>p2 switch 2\n>p1 move synthesis\n>p2 move zenheadbutt\n>p1 move moonblast\n>p2 move swordsdance\n>p1 move moonblast\n>p2 move zenheadbutt\n>p2 switch 4\n>p1 switch 6\n>p2 move bravebird\n>p1 move knockoff\n>p2 move roost\n>p1 move earthquake\n>p2 move swordsdance\n>p1 move knockoff\n>p2 move swordsdance\n>p1 move knockoff\n>p2 move flareblitz\n>p1 switch 6\n>p2 switch 5\n>p1 move moonblast\n>p2 move bellydrum\n>p1 move moonblast\n>p2 move seedbomb\n>p1 switch 3\n>p1 move gigadrain\n>p2 move extremespeed\n>p2 switch 6\n>p1 move sludgebomb\n>p2 move recover\n>p1 switch 4\n>p1 move dracometeor mega\n>p2 move calmmind\n>p1 move dracometeor\n>p2 move recover", "uploadtime": 1770102883, "views": 214, "formatid": "gen6randombattle", "rating": 1630, "private": 0, "password": null}