{"id": "gen6randombattle-2538448404", "format": "[Gen 6] Random Battle", "players": ["imlaotino", "aotakeshi"], "log": "|j|☆imlaotino\n|j|☆aotakeshi\n|t:|1770928554\n|gametype|singles\n|player|p1|imlaotino|265|1568\n|player|p2|aotakeshi|102|1568\n|gen|6\n|tier|[Gen 6] Random Battle\n|rated|\n|rule|Sleep Clause Mod: Limit one foe put to sleep\n|rule|HP Percentage Mod: HP is shown in percentages\n|rule|Illusion Level Mod: Illusion disguises the Pokémon's true level\n|\n|t:|1770928554\n|teamsize|p1|6\n|teamsize|p2|6\n|start\n|switch|p1a: Phione|Phione, L90|290/290\n|switch|p2a: Hitmontop|Hitmontop, L89, M|234/234\n|-ability|p2a: Hitmontop|Intimidate|boost\n|-unboost|p1a: Phione|atk|1\n|turn|1\n|\n|t:|1770928577\n|move|p1a: Phione|Toxic|p2a: Hitmontop\n|-status|p2a: Hitmontop|tox\n|move|p2a: Hitmontop|Toxic|p1a: Phione\n|-status|p1a: Phione|tox\n|\n|-damage|p1a: Phione|272/290 tox|[from] psn\n|-damage|p2a: Hitmontop|220/234 tox|[from] psn\n|upkeep\n|turn|2\n|\n|t:|1770928616\n|switch|p2a: Electrode|Electrode, L88|249/249\n|move|p1a: Phione|Scald|p2a: Electrode\n|-damage|p2a: Electrode|165/249\n|\n|-heal|p1a: Phione|290/290 tox|[from] item: Leftovers\n|-damage|p1a: Phione|254/290 tox|[from] psn\n|upkeep\n|turn|3\n|inactive|Battle timer is ON: inactive players will automatically lose when time's up. (requested by aotakeshi)\n|\n|t:|1770928635\n|switch|p1a: Reshiram|Reshiram, L73|266/266\n|-ability|p1a: Reshiram|Turboblaze\n|move|p2a: Electrode|Volt Switch|p1a: Reshiram\n|-resisted|p1a: Reshiram\n|-damage|p1a: Reshiram|219/266\n|\n|t:|1770928645\n|switch|p2a: Zygarde|Zygarde, L77|293/293|[from] Volt Switch\n|-ability|p2a: Zygarde|Aura Break\n|\n|-heal|p1a: Reshiram|235/266|[from] item: Leftovers\n|upkeep\n|turn|4\n|\n|t:|1770928656\n|switch|p1a: Leavanny|Leavanny, L86, M|269/269\n|move|p2a: Zygarde|Earthquake|p1a: Leavanny\n|-resisted|p1a: Leavanny\n|-damage|p1a: Leavanny|247/269\n|\n|-heal|p1a: Leavanny|263/269|[from] item: Leftovers\n|upkeep\n|turn|5\n|inactive|aotakeshi has 120 seconds left.\n|\n|t:|1770928701\n|switch|p2a: Moltres|Moltres, L81|277/277\n|move|p1a: Leavanny|Toxic|p2a: Moltres\n|-status|p2a: Moltres|tox\n|\n|-heal|p1a: Leavanny|269/269|[from] item: Leftovers\n|-damage|p2a: Moltres|260/277 tox|[from] psn\n|upkeep\n|turn|6\n|\n|t:|1770928715\n|switch|p1a: Phione|Phione, L90|254/290 tox\n|move|p2a: Moltres|Hurricane|p1a: Phione|[miss]\n|-miss|p2a: Moltres|p1a: Phione\n|\n|-heal|p1a: Phione|272/290 tox|[from] item: Leftovers\n|-heal|p2a: Moltres|277/277 tox|[from] item: Leftovers\n|-damage|p1a: Phione|254/290 tox|[from] psn\n|-damage|p2a: Moltres|243/277 tox|[from] psn\n|upkeep\n|turn|7\n|inactive|aotakeshi has 120 seconds left.\n|\n|t:|1770928722\n|switch|p2a: Audino|Audino, L92, M|339/339\n|move|p1a: Phione|Heal Bell|p1a: Phione\n|-activate|p1a: Phione|move: Heal Bell\n|-curestatus|p1a: Phione|tox|[msg]\n|\n|-heal|p1a: Phione|272/290|[from] item: Leftovers\n|upkeep\n|turn|8\n|inactive|aotakeshi has 120 seconds left.\n|inactive|imlaotino has 120 seconds left.\n|\n|t:|1770928753\n|switch|p2a: Electrode|Electrode, L88|165/249\n|move|p1a: Phione|Toxic|p2a: Electrode\n|-status|p2a: Electrode|tox\n|\n|-heal|p1a: Phione|290/290|[from] item: Leftovers\n|-damage|p2a: Electrode|150/249 tox|[from] psn\n|upkeep\n|turn|9\n|inactive|imlaotino has 120 seconds left.\n|\n|t:|1770928766\n|switch|p1a: Reshiram|Reshiram, L73|235/266\n|-ability|p1a: Reshiram|Turboblaze\n|move|p2a: Electrode|Volt Switch|p1a: Reshiram\n|-resisted|p1a: Reshiram\n|-damage|p1a: Reshiram|185/266\n|inactive|aotakeshi has 120 seconds left.\n|\n|t:|1770928777\n|switch|p2a: Zygarde|Zygarde, L77|293/293|[from] Volt Switch\n|-ability|p2a: Zygarde|Aura Break\n|\n|-heal|p1a: Reshiram|201/266|[from] item: Leftovers\n|upkeep\n|turn|10\n|\n|t:|1770928782\n|switch|p1a: Leavanny|Leavanny, L86, M|269/269\n|move|p2a: Zygarde|Dragon Dance|p2a: Zygarde\n|-boost|p2a: Zygarde|atk|1\n|-boost|p2a: Zygarde|spe|1\n|\n|upkeep\n|turn|11\n|\n|t:|1770928789\n|move|p2a: Zygarde|Dragon Dance|p2a: Zygarde\n|-boost|p2a: Zygarde|atk|1\n|-boost|p2a: Zygarde|spe|1\n|move|p1a: Leavanny|Toxic|p2a: Zygarde\n|-status|p2a: Zygarde|tox\n|-enditem|p2a: Zygarde|Lum Berry|[eat]\n|-curestatus|p2a: Zygarde|tox|[msg]\n|\n|upkeep\n|turn|12\n|\n|t:|1770928797\n|move|p2a: Zygarde|Outrage|p1a: Leavanny\n|-damage|p1a: Leavanny|22/269\n|move|p1a: Leavanny|Toxic|p2a: Zygarde\n|-status|p2a: Zygarde|tox\n|\n|-heal|p1a: Leavanny|38/269|[from] item: Leftovers\n|-damage|p2a: Zygarde|275/293 tox|[from] psn\n|upkeep\n|turn|13\n|\n|t:|1770928808\n|move|p2a: Zygarde|Outrage|p1a: Leavanny|[from] lockedmove\n|-damage|p1a: Leavanny|0 fnt\n|faint|p1a: Leavanny\n|-start|p2a: Zygarde|confusion|[fatigue]\n|\n|-damage|p2a: Zygarde|239/293 tox|[from] psn\n|upkeep\n|\n|t:|1770928828\n|switch|p1a: Grumpig|Grumpig, L92, F|297/297\n|turn|14\n|inactive|aotakeshi has 120 seconds left.\n|\n|t:|1770928860\n|-activate|p2a: Zygarde|confusion\n|-damage|p2a: Zygarde|200/293 tox|[from] confusion\n|move|p1a: Grumpig|Whirlwind|p2a: Zygarde\n|drag|p2a: Moltres|Moltres, L81|243/277 tox\n|\n|-heal|p2a: Moltres|260/277 tox|[from] item: Leftovers\n|-damage|p2a: Moltres|243/277 tox|[from] psn\n|upkeep\n|turn|15\n|inactive|imlaotino has 120 seconds left.\n|\n|t:|1770928885\n|switch|p2a: Jirachi|Jirachi, L78|284/284\n|move|p1a: Grumpig|Psychic|p2a: Jirachi\n|-resisted|p2a: Jirachi\n|-damage|p2a: Jirachi|258/284\n|\n|-heal|p2a: Jirachi|275/284|[from] item: Leftovers\n|upkeep\n|turn|16\n|inactive|imlaotino has 120 seconds left.\n|inactive|aotakeshi has 120 seconds left.\n|\n|t:|1770928911\n|move|p2a: Jirachi|Stealth Rock|p1a: Grumpig\n|-sidestart|p1: imlaotino|move: Stealth Rock\n|move|p1a: Grumpig|Thunder Wave|p2a: Jirachi\n|-status|p2a: Jirachi|par\n|\n|-heal|p2a: Jirachi|284/284 par|[from] item: Leftovers\n|upkeep\n|turn|17\n|inactive|imlaotino has 120 seconds left.\n|\n|t:|1770928925\n|move|p1a: Grumpig|Focus Blast|p2a: Jirachi\n|-damage|p2a: Jirachi|185/284 par\n|move|p2a: Jirachi|Wish|p2a: Jirachi\n|\n|-heal|p2a: Jirachi|202/284 par|[from] item: Leftovers\n|upkeep\n|turn|18\n|inactive|aotakeshi has 120 seconds left.\n|\n|t:|1770928938\n|switch|p1a: Reshiram|Reshiram, L73|201/266\n|-damage|p1a: Reshiram|135/266|[from] Stealth Rock\n|-ability|p1a: Reshiram|Turboblaze\n|move|p2a: Jirachi|Iron Head|p1a: Reshiram\n|-resisted|p1a: Reshiram\n|-damage|p1a: Reshiram|93/266\n|\n|-heal|p2a: Jirachi|284/284 par|[from] move: Wish|[wisher] Jirachi\n|-heal|p1a: Reshiram|109/266|[from] item: Leftovers\n|upkeep\n|turn|19\n|inactive|aotakeshi has 120 seconds left.\n|\n|t:|1770928952\n|switch|p2a: Zygarde|Zygarde, L77|200/293 tox\n|-ability|p2a: Zygarde|Aura Break\n|move|p1a: Reshiram|Roost|p1a: Reshiram\n|-heal|p1a: Reshiram|242/266\n|-singleturn|p1a: Reshiram|move: Roost\n|\n|-heal|p1a: Reshiram|258/266|[from] item: Leftovers\n|-damage|p2a: Zygarde|182/293 tox|[from] psn\n|upkeep\n|turn|20\n|\n|t:|1770928965\n|move|p2a: Zygarde|Earthquake|p1a: Reshiram\n|-supereffective|p1a: Reshiram\n|-damage|p1a: Reshiram|84/266\n|move|p1a: Reshiram|Draco Meteor|p2a: Zygarde\n|-supereffective|p2a: Zygarde\n|-damage|p2a: Zygarde|0 fnt\n|-unboost|p1a: Reshiram|spa|2\n|faint|p2a: Zygarde\n|\n|-heal|p1a: Reshiram|100/266|[from] item: Leftovers\n|upkeep\n|inactive|aotakeshi has 120 seconds left.\n|\n|t:|1770928982\n|switch|p2a: Hitmontop|Hitmontop, L89, M|220/234 tox\n|-ability|p2a: Hitmontop|Intimidate|boost\n|-unboost|p1a: Reshiram|atk|1\n|turn|21\n|inactive|imlaotino has 120 seconds left.\n|\n|t:|1770929021\n|move|p2a: Hitmontop|Toxic|p1a: Reshiram\n|-status|p1a: Reshiram|tox\n|move|p1a: Reshiram|Roost|p1a: Reshiram\n|-heal|p1a: Reshiram|233/266 tox\n|-singleturn|p1a: Reshiram|move: Roost\n|\n|-heal|p2a: Hitmontop|234/234 tox|[from] item: Leftovers\n|-heal|p1a: Reshiram|249/266 tox|[from] item: Leftovers\n|-damage|p2a: Hitmontop|220/234 tox|[from] psn\n|-damage|p1a: Reshiram|233/266 tox|[from] psn\n|upkeep\n|turn|22\n|inactive|aotakeshi has 120 seconds left.\n|\n|t:|1770929037\n|switch|p2a: Jirachi|Jirachi, L78|284/284 par\n|switch|p1a: Grumpig|Grumpig, L92, F|297/297\n|-damage|p1a: Grumpig|260/297|[from] Stealth Rock\n|\n|-heal|p1a: Grumpig|278/297|[from] item: Leftovers\n|upkeep\n|turn|23\n|inactive|aotakeshi has 120 seconds left.\n|\n|t:|1770929055\n|move|p2a: Jirachi|Wish|p2a: Jirachi\n|move|p1a: Grumpig|Whirlwind|p2a: Jirachi\n|drag|p2a: Hitmontop|Hitmontop, L89, M|220/234 tox\n|-ability|p2a: Hitmontop|Intimidate|boost\n|-unboost|p1a: Grumpig|atk|1\n|\n|-heal|p1a: Grumpig|296/297|[from] item: Leftovers\n|-heal|p2a: Hitmontop|234/234 tox|[from] item: Leftovers\n|-damage|p2a: Hitmontop|220/234 tox|[from] psn\n|upkeep\n|turn|24\n|inactive|aotakeshi has 120 seconds left.\n|\n|t:|1770929072\n|move|p1a: Grumpig|Psychic|p2a: Hitmontop\n|-supereffective|p2a: Hitmontop\n|-damage|p2a: Hitmontop|44/234 tox\n|move|p2a: Hitmontop|Toxic|p1a: Grumpig\n|-status|p1a: Grumpig|tox\n|\n|-heal|p2a: Hitmontop|186/234 tox|[from] move: Wish|[wisher] Jirachi\n|-heal|p1a: Grumpig|297/297 tox|[from] item: Leftovers\n|-heal|p2a: Hitmontop|200/234 tox|[from] item: Leftovers\n|-damage|p1a: Grumpig|279/297 tox|[from] psn\n|-damage|p2a: Hitmontop|172/234 tox|[from] psn\n|upkeep\n|turn|25\n|inactive|aotakeshi has 120 seconds left.\n|\n|t:|1770929084\n|switch|p1a: Tyranitar|Tyranitar, L75, M|274/274\n|-damage|p1a: Tyranitar|240/274|[from] Stealth Rock\n|-weather|Sandstorm|[from] ability: Sand Stream|[of] p1a: Tyranitar\n|switch|p2a: Electrode|Electrode, L88|150/249 tox\n|\n|-weather|Sandstorm|[upkeep]\n|-damage|p2a: Electrode|135/249 tox|[from] Sandstorm\n|-damage|p2a: Electrode|120/249 tox|[from] psn\n|upkeep\n|turn|26\n|\n|t:|1770929104\n|detailschange|p1a: Tyranitar|Tyranitar-Mega, L75, M\n|-mega|p1a: Tyranitar|Tyranitar|Tyranitarite\n|move|p2a: Electrode|Volt Switch|p1a: Tyranitar\n|-crit|p1a: Tyranitar\n|-damage|p1a: Tyranitar|150/274\n|inactive|aotakeshi has 120 seconds left.\n|\n|t:|1770929119\n|switch|p2a: Hitmontop|Hitmontop, L89, M|172/234 tox|[from] Volt Switch\n|-ability|p2a: Hitmontop|Intimidate|boost\n|-unboost|p1a: Tyranitar|atk|1\n|move|p1a: Tyranitar|Dragon Dance|p1a: Tyranitar\n|-boost|p1a: Tyranitar|atk|1\n|-boost|p1a: Tyranitar|spe|1\n|\n|-weather|Sandstorm|[upkeep]\n|-damage|p2a: Hitmontop|158/234 tox|[from] Sandstorm\n|-heal|p2a: Hitmontop|172/234 tox|[from] item: Leftovers\n|-damage|p2a: Hitmontop|158/234 tox|[from] psn\n|upkeep\n|turn|27\n|\n|t:|1770929134\n|switch|p1a: Grumpig|Grumpig, L92, F|279/297 tox\n|-damage|p1a: Grumpig|242/297 tox|[from] Stealth Rock\n|move|p2a: Hitmontop|Close Combat|p1a: Grumpig\n|-resisted|p1a: Grumpig\n|-damage|p1a: Grumpig|167/297 tox\n|-unboost|p2a: Hitmontop|def|1\n|-unboost|p2a: Hitmontop|spd|1\n|\n|-weather|Sandstorm|[upkeep]\n|-damage|p1a: Grumpig|149/297 tox|[from] Sandstorm\n|-damage|p2a: Hitmontop|144/234 tox|[from] Sandstorm\n|-heal|p1a: Grumpig|167/297 tox|[from] item: Leftovers\n|-heal|p2a: Hitmontop|158/234 tox|[from] item: Leftovers\n|-damage|p1a: Grumpig|149/297 tox|[from] psn\n|-damage|p2a: Hitmontop|130/234 tox|[from] psn\n|upkeep\n|turn|28\n|\n|t:|1770929146\n|switch|p2a: Jirachi|Jirachi, L78|284/284 par\n|move|p1a: Grumpig|Focus Blast|p2a: Jirachi|[miss]\n|-miss|p1a: Grumpig|p2a: Jirachi\n|\n|-weather|Sandstorm|[upkeep]\n|-damage|p1a: Grumpig|131/297 tox|[from] Sandstorm\n|-heal|p1a: Grumpig|149/297 tox|[from] item: Leftovers\n|-damage|p1a: Grumpig|113/297 tox|[from] psn\n|upkeep\n|turn|29\n|inactive|imlaotino has 90 seconds left.\n|\n|t:|1770929163\n|switch|p1a: Reshiram|Reshiram, L73|233/266 tox\n|-damage|p1a: Reshiram|167/266 tox|[from] Stealth Rock\n|-ability|p1a: Reshiram|Turboblaze\n|switch|p2a: Electrode|Electrode, L88|120/249 tox\n|\n|-weather|none\n|-heal|p1a: Reshiram|183/266 tox|[from] item: Leftovers\n|-damage|p2a: Electrode|105/249 tox|[from] psn\n|-damage|p1a: Reshiram|167/266 tox|[from] psn\n|upkeep\n|turn|30\n|inactive|imlaotino has 90 seconds left.\n|\n|t:|1770929174\n|move|p2a: Electrode|Volt Switch|p1a: Reshiram\n|-resisted|p1a: Reshiram\n|-damage|p1a: Reshiram|119/266 tox\n|\n|t:|1770929193\n|switch|p2a: Moltres|Moltres, L81|243/277 tox|[from] Volt Switch\n|move|p1a: Reshiram|Blue Flare|p2a: Moltres|[miss]\n|-miss|p1a: Reshiram|p2a: Moltres\n|\n|-heal|p2a: Moltres|260/277 tox|[from] item: Leftovers\n|-heal|p1a: Reshiram|135/266 tox|[from] item: Leftovers\n|-damage|p2a: Moltres|243/277 tox|[from] psn\n|-damage|p1a: Reshiram|103/266 tox|[from] psn\n|upkeep\n|turn|31\n|\n|t:|1770929205\n|move|p2a: Moltres|Hurricane|p1a: Reshiram\n|-damage|p1a: Reshiram|0 fnt\n|faint|p1a: Reshiram\n|\n|-heal|p2a: Moltres|260/277 tox|[from] item: Leftovers\n|-damage|p2a: Moltres|226/277 tox|[from] psn\n|upkeep\n|inactive|imlaotino has 90 seconds left.\n|\n|t:|1770929226\n|switch|p1a: Phione|Phione, L90|290/290\n|-damage|p1a: Phione|254/290|[from] Stealth Rock\n|turn|32\n|\n|t:|1770929249\n|move|p1a: Phione|Scald|p2a: Moltres\n|-supereffective|p2a: Moltres\n|-damage|p2a: Moltres|58/277 tox\n|move|p2a: Moltres|Hurricane|p1a: Phione\n|-damage|p1a: Phione|127/290\n|\n|-heal|p1a: Phione|145/290|[from] item: Leftovers\n|-heal|p2a: Moltres|75/277 tox|[from] item: Leftovers\n|-damage|p2a: Moltres|24/277 tox|[from] psn\n|upkeep\n|turn|33\n|inactive|imlaotino has 90 seconds left.\n|\n|t:|1770929279\n|move|p1a: Phione|Scald|p2a: Moltres\n|-supereffective|p2a: Moltres\n|-damage|p2a: Moltres|0 fnt\n|faint|p2a: Moltres\n|\n|-heal|p1a: Phione|163/290|[from] item: Leftovers\n|upkeep\n|\n|t:|1770929282\n|switch|p2a: Electrode|Electrode, L88|105/249 tox\n|turn|34\n|\n|t:|1770929292\n|switch|p1a: Grumpig|Grumpig, L92, F|113/297 tox\n|-damage|p1a: Grumpig|76/297 tox|[from] Stealth Rock\n|move|p2a: Electrode|Volt Switch|p1a: Grumpig\n|-damage|p1a: Grumpig|0 fnt\n|faint|p1a: Grumpig\n|\n|t:|1770929301\n|switch|p2a: Audino|Audino, L92, M|339/339|[from] Volt Switch\n|\n|upkeep\n|\n|t:|1770929308\n|switch|p1a: Tyranitar|Tyranitar-Mega, L75, M|150/274\n|-damage|p1a: Tyranitar|116/274|[from] Stealth Rock\n|-weather|Sandstorm|[from] ability: Sand Stream|[of] p1a: Tyranitar\n|turn|35\n|\n|t:|1770929318\n|detailschange|p2a: Audino|Audino-Mega, L92, M\n|-mega|p2a: Audino|Audino|Audinite\n|move|p1a: Tyranitar|Crunch|p2a: Audino\n|-resisted|p2a: Audino\n|-damage|p2a: Audino|300/339\n|move|p2a: Audino|Dazzling Gleam|p1a: Tyranitar\n|-supereffective|p1a: Tyranitar\n|-damage|p1a: Tyranitar|14/274\n|\n|-weather|Sandstorm|[upkeep]\n|-damage|p2a: Audino|279/339|[from] Sandstorm\n|upkeep\n|turn|36\n|inactive|imlaotino has 90 seconds left.\n|\n|t:|1770929327\n|move|p1a: Tyranitar|Stone Edge|p2a: Audino\n|-damage|p2a: Audino|189/339\n|move|p2a: Audino|Dazzling Gleam|p1a: Tyranitar\n|-supereffective|p1a: Tyranitar\n|-damage|p1a: Tyranitar|0 fnt\n|faint|p1a: Tyranitar\n|detailschange|p1: Tyranitar|Tyranitar, L75, M|[silent]\n|\n|-weather|Sandstorm|[upkeep]\n|-damage|p2a: Audino|168/339|[from] Sandstorm\n|upkeep\n|inactive|imlaotino has 90 seconds left.\n|\n|t:|1770929336\n|switch|p1a: Simisear|Simisear, L88, F|275/275\n|-damage|p1a: Simisear|207/275|[from] Stealth Rock\n|turn|37\n|\n|t:|1770929342\n|switch|p2a: Electrode|Electrode, L88|105/249 tox\n|move|p1a: Simisear|Nasty Plot|p1a: Simisear\n|-boost|p1a: Simisear|spa|2\n|\n|-weather|Sandstorm|[upkeep]\n|-damage|p2a: Electrode|90/249 tox|[from] Sandstorm\n|-damage|p1a: Simisear|190/275|[from] Sandstorm\n|-damage|p2a: Electrode|75/249 tox|[from] psn\n|upkeep\n|turn|38\n|\n|t:|1770929353\n|move|p2a: Electrode|Volt Switch|p1a: Simisear\n|-damage|p1a: Simisear|57/275\n|\n|t:|1770929360\n|switch|p2a: Jirachi|Jirachi, L78|284/284 par|[from] Volt Switch\n|move|p1a: Simisear|Fire Blast|p2a: Jirachi\n|-supereffective|p2a: Jirachi\n|-damage|p2a: Jirachi|0 fnt\n|faint|p2a: Jirachi\n|-damage|p1a: Simisear|30/275|[from] item: Life Orb\n|\n|-weather|Sandstorm|[upkeep]\n|-damage|p1a: Simisear|13/275|[from] Sandstorm\n|upkeep\n|\n|t:|1770929362\n|switch|p2a: Electrode|Electrode, L88|75/249 tox\n|turn|39\n|\n|t:|1770929370\n|move|p2a: Electrode|Volt Switch|p1a: Simisear\n|-damage|p1a: Simisear|0 fnt\n|faint|p1a: Simisear\n|c|☆aotakeshi|Gg\n|\n|t:|1770929378\n|switch|p2a: Hitmontop|Hitmontop, L89, M|130/234 tox|[from] Volt Switch\n|\n|-weather|none\n|-heal|p2a: Hitmontop|144/234 tox|[from] item: Leftovers\n|-damage|p2a: Hitmontop|130/234 tox|[from] psn\n|upkeep\n|\n|t:|1770929381\n|switch|p1a: Phione|Phione, L90|163/290\n|-damage|p1a: Phione|127/290|[from] Stealth Rock\n|turn|40\n|\n|t:|1770929385\n|move|p1a: Phione|Scald|p2a: Hitmontop\n|-damage|p2a: Hitmontop|57/234 tox\n|move|p2a: Hitmontop|Close Combat|p1a: Phione\n|-damage|p1a: Phione|0 fnt\n|-unboost|p2a: Hitmontop|def|1\n|-unboost|p2a: Hitmontop|spd|1\n|faint|p1a: Phione\n|\n|win|aotakeshi\n|raw|imlaotino's rating: 1568 &rarr; <strong>1548</strong><br />(-20 for losing)\n|raw|aotakeshi's rating: 1568 &rarr; <strong>1588</strong><br />(+20 for winning)\n", "inputlog": ">version ccdc32dd7cde25fd9e4bed64820e885f66e78a4e\n>start {\"formatid\":\"gen6randombattle\",\"seed\":\"sodium,afed51652cf16e31fbac7a714bbd0bf7\",\"rated\":\"Rated battle\"}\n>player p1 {\"name\":\"imlaotino\",\"avatar\":\"265\",\"rating\":1568,\"seed\":\"sodium,4294294083df51029b056eb16b933b2c\"}\n>player p2 {\"name\":\"aotakeshi\",\"avatar\":\"102\",\"rating\":1568,\"seed\":\"sodium,057c27c3aea640b48ff01fee09a4614c\"}\n>p1 move toxic\n>p2 move toxic\n>p1 move scald\n>p2 switch 6\n>p1 switch 3\n>p2 move voltswitch\n>p2 switch 4\n>p1 switch 6\n>p2 move earthquake\n>p1 move toxic\n>p2 switch 2\n>p1 switch 3\n>p2 move hurricane\n>p1 move healbell\n>p2 switch 3\n>p1 move toxic\n>p2 switch 4\n>p1 switch 6\n>p2 move voltswitch\n>p2 switch 2\n>p1 switch 3\n>p2 move dragondance\n>p1 move toxic\n>p2 move dragondance\n>p1 move toxic\n>p2 move outrage\n>p1 move stickyweb\n>p2 move outrage\n>p1 switch 2\n>p1 move whirlwind\n>p2 move outrage\n>p1 move psychic\n>p2 switch 5\n>p1 move thunderwave\n>p2 move stealthrock\n>p1 move focusblast\n>p2 move wish\n>p1 switch 3\n>p2 move ironhead\n>p1 move roost\n>p2 switch 3\n>p1 move dracometeor\n>p2 move earthquake\n>p2 switch 6\n>p1 move roost\n>p2 move toxic\n>p1 switch 3\n>p2 switch 3\n>p1 move whirlwind\n>p2 move wish\n>p1 move psychic\n>p2 move toxic\n>p1 switch 5\n>p2 switch 2\n>p1 move dragondance mega\n>p2 move voltswitch\n>p2 switch 2\n>p1 switch 5\n>p2 move closecombat\n>p1 move focusblast\n>p2 switch 3\n>p1 switch 3\n>p2 switch 2\n>p1 move blueflare\n>p2 move voltswitch\n>p2 switch 5\n>p1 move roost\n>p2 move hurricane\n>p1 switch 6\n>p1 move scald\n>p2 move hurricane\n>p1 move scald\n>p2 move fireblast\n>p2 switch 5\n>p1 switch 3\n>p2 move voltswitch\n>p2 switch 4\n>p1 switch 5\n>p1 move crunch\n>p2 move dazzlinggleam mega\n>p1 move stoneedge\n>p2 move dazzlinggleam\n>p1 switch 4\n>p1 move nastyplot\n>p2 switch 4\n>p1 move fireblast\n>p2 move voltswitch\n>p2 switch 2\n>p2 switch 2\n>p1 move fireblast\n>p2 move voltswitch\n>chat ☆aotakeshi|Gg\n>p2 switch 3\n>p1 switch 3\n>p1 move scald\n>p2 move closecombat", "uploadtime": 1770929395, "views": 224, "formatid": "gen6randombattle", "rating": 1548, "private": 0, "password": null}