{"id": "gen6randombattle-2538893836", "format": "[Gen 6] Random Battle", "players": ["ourospac", "arboretums"], "log": "|j|☆ourospac\n|j|☆arboretums\n|t:|1770990632\n|gametype|singles\n|player|p1|ourospac|170|1528\n|player|p2|arboretums|serena-masters2|1505\n|gen|6\n|tier|[Gen 6] Random Battle\n|rated|\n|rule|Sleep Clause Mod: Limit one foe put to sleep\n|rule|HP Percentage Mod: HP is shown in percentages\n|rule|Illusion Level Mod: Illusion disguises the Pokémon's true level\n|\n|t:|1770990632\n|teamsize|p1|6\n|teamsize|p2|6\n|start\n|switch|p1a: Castform|Castform, L97, F|293/293\n|switch|p2a: Avalugg|Avalugg, L90, M|317/317\n|turn|1\n|inactive|Battle timer is ON: inactive players will automatically lose when time's up. (requested by arboretums)\n|\n|t:|1770990646\n|switch|p2a: Wormadam|Wormadam-Sandy, L90, F|254/254\n|move|p1a: Castform|Scald|p2a: Wormadam\n|-supereffective|p2a: Wormadam\n|-damage|p2a: Wormadam|146/254\n|\n|-heal|p2a: Wormadam|161/254|[from] item: Leftovers\n|upkeep\n|turn|2\n|\n|t:|1770990665\n|move|p1a: Castform|Scald|p2a: Wormadam\n|-supereffective|p2a: Wormadam\n|-damage|p2a: Wormadam|41/254\n|move|p2a: Wormadam|Stealth Rock|p1a: Castform\n|-sidestart|p1: ourospac|move: Stealth Rock\n|\n|-heal|p2a: Wormadam|56/254|[from] item: Leftovers\n|upkeep\n|turn|3\n|\n|t:|1770990676\n|move|p1a: Castform|Scald|p2a: Wormadam\n|-supereffective|p2a: Wormadam\n|-damage|p2a: Wormadam|0 fnt\n|faint|p2a: Wormadam\n|\n|upkeep\n|\n|t:|1770990684\n|switch|p2a: Whimsicott|Whimsicott, L85, M|241/241\n|turn|4\n|\n|t:|1770990687\n|move|p2a: Whimsicott|Encore|p1a: Castform\n|-start|p1a: Castform|Encore\n|move|p1a: Castform|Scald|p2a: Whimsicott\n|-resisted|p2a: Whimsicott\n|-crit|p2a: Whimsicott\n|-damage|p2a: Whimsicott|194/241\n|\n|-heal|p2a: Whimsicott|209/241|[from] item: Leftovers\n|upkeep\n|turn|5\n|\n|t:|1770990697\n|switch|p1a: Flareon|Flareon, L88, M|258/258\n|-damage|p1a: Flareon|194/258|[from] Stealth Rock\n|move|p2a: Whimsicott|Substitute|p2a: Whimsicott\n|-start|p2a: Whimsicott|Substitute\n|-damage|p2a: Whimsicott|149/241\n|\n|-heal|p2a: Whimsicott|164/241|[from] item: Leftovers\n|-status|p1a: Flareon|tox|[from] item: Toxic Orb\n|upkeep\n|turn|6\n|\n|t:|1770990701\n|move|p2a: Whimsicott|Leech Seed|p1a: Flareon|[miss]\n|-miss|p2a: Whimsicott|p1a: Flareon\n|move|p1a: Flareon|Flame Charge|p2a: Whimsicott\n|-supereffective|p2a: Whimsicott\n|-end|p2a: Whimsicott|Substitute\n|-boost|p1a: Flareon|spe|1\n|\n|-heal|p2a: Whimsicott|179/241|[from] item: Leftovers\n|-damage|p1a: Flareon|178/258 tox|[from] psn\n|upkeep\n|turn|7\n|\n|t:|1770990705\n|move|p2a: Whimsicott|Substitute|p2a: Whimsicott\n|-start|p2a: Whimsicott|Substitute\n|-damage|p2a: Whimsicott|119/241\n|move|p1a: Flareon|Flame Charge|p2a: Whimsicott\n|-supereffective|p2a: Whimsicott\n|-crit|p2a: Whimsicott\n|-end|p2a: Whimsicott|Substitute\n|-boost|p1a: Flareon|spe|1\n|\n|-heal|p2a: Whimsicott|134/241|[from] item: Leftovers\n|-damage|p1a: Flareon|146/258 tox|[from] psn\n|upkeep\n|turn|8\n|\n|t:|1770990721\n|switch|p1a: Noivern|Noivern, L80, F|267/267\n|-damage|p1a: Noivern|201/267|[from] Stealth Rock\n|switch|p2a: Crawdaunt|Crawdaunt, L83, F|240/240\n|\n|upkeep\n|turn|9\n|\n|t:|1770990731\n|switch|p2a: Deoxys|Deoxys-Defense, L84|221/221\n|-ability|p2a: Deoxys|Pressure\n|move|p1a: Noivern|Draco Meteor|p2a: Deoxys\n|-damage|p2a: Deoxys|103/221\n|-unboost|p1a: Noivern|spa|2\n|\n|-heal|p2a: Deoxys|116/221|[from] item: Leftovers\n|upkeep\n|turn|10\n|\n|t:|1770990735\n|switch|p1a: Gothitelle|Gothitelle, L89, F|269/269\n|-damage|p1a: Gothitelle|236/269|[from] Stealth Rock\n|move|p2a: Deoxys|Recover|p2a: Deoxys\n|-heal|p2a: Deoxys|221/221\n|\n|upkeep\n|turn|11\n|\n|t:|1770990737\n|move|p2a: Deoxys|Toxic|p1a: Gothitelle\n|-status|p1a: Gothitelle|tox\n|move|p1a: Gothitelle|Signal Beam|p2a: Deoxys\n|-supereffective|p2a: Deoxys\n|-damage|p2a: Deoxys|107/221\n|\n|-heal|p2a: Deoxys|120/221|[from] item: Leftovers\n|-damage|p1a: Gothitelle|220/269 tox|[from] psn\n|upkeep\n|turn|12\n|\n|t:|1770990740\n|move|p2a: Deoxys|Recover|p2a: Deoxys\n|-heal|p2a: Deoxys|221/221\n|move|p1a: Gothitelle|Signal Beam|p2a: Deoxys\n|-supereffective|p2a: Deoxys\n|-damage|p2a: Deoxys|109/221\n|\n|-heal|p2a: Deoxys|122/221|[from] item: Leftovers\n|-damage|p1a: Gothitelle|188/269 tox|[from] psn\n|upkeep\n|turn|13\n|\n|t:|1770990752\n|switch|p1a: Flareon|Flareon, L88, M|146/258 tox\n|-damage|p1a: Flareon|82/258 tox|[from] Stealth Rock\n|move|p2a: Deoxys|Recover|p2a: Deoxys\n|-heal|p2a: Deoxys|221/221\n|\n|-damage|p1a: Flareon|66/258 tox|[from] psn\n|upkeep\n|turn|14\n|\n|t:|1770990755\n|move|p2a: Deoxys|Seismic Toss|p1a: Flareon\n|-damage|p1a: Flareon|0 fnt\n|faint|p1a: Flareon\n|\n|upkeep\n|\n|t:|1770990759\n|switch|p1a: Castform|Castform, L97, F|293/293\n|-damage|p1a: Castform|257/293|[from] Stealth Rock\n|turn|15\n|\n|t:|1770990766\n|move|p2a: Deoxys|Toxic|p1a: Castform\n|-status|p1a: Castform|tox\n|move|p1a: Castform|Thunder Wave|p2a: Deoxys\n|-status|p2a: Deoxys|par\n|\n|-heal|p1a: Castform|275/293 tox|[from] item: Leftovers\n|-damage|p1a: Castform|257/293 tox|[from] psn\n|upkeep\n|turn|16\n|\n|t:|1770990772\n|move|p1a: Castform|Return|p2a: Deoxys\n|-damage|p2a: Deoxys|148/221 par\n|cant|p2a: Deoxys|par\n|\n|-heal|p1a: Castform|275/293 tox|[from] item: Leftovers\n|-heal|p2a: Deoxys|161/221 par|[from] item: Leftovers\n|-damage|p1a: Castform|239/293 tox|[from] psn\n|upkeep\n|turn|17\n|\n|t:|1770990776\n|move|p1a: Castform|Return|p2a: Deoxys\n|-crit|p2a: Deoxys\n|-damage|p2a: Deoxys|64/221 par\n|move|p2a: Deoxys|Recover|p2a: Deoxys\n|-heal|p2a: Deoxys|175/221 par\n|\n|-heal|p1a: Castform|257/293 tox|[from] item: Leftovers\n|-heal|p2a: Deoxys|188/221 par|[from] item: Leftovers\n|-damage|p1a: Castform|203/293 tox|[from] psn\n|upkeep\n|turn|18\n|\n|t:|1770990779\n|move|p1a: Castform|Return|p2a: Deoxys\n|-crit|p2a: Deoxys\n|-damage|p2a: Deoxys|83/221 par\n|move|p2a: Deoxys|Recover|p2a: Deoxys\n|-heal|p2a: Deoxys|194/221 par\n|\n|-heal|p1a: Castform|221/293 tox|[from] item: Leftovers\n|-heal|p2a: Deoxys|207/221 par|[from] item: Leftovers\n|-damage|p1a: Castform|149/293 tox|[from] psn\n|upkeep\n|turn|19\n|\n|t:|1770990782\n|move|p1a: Castform|Return|p2a: Deoxys\n|-damage|p2a: Deoxys|140/221 par\n|move|p2a: Deoxys|Spikes|p1a: Castform\n|-sidestart|p1: ourospac|Spikes\n|\n|-heal|p1a: Castform|167/293 tox|[from] item: Leftovers\n|-heal|p2a: Deoxys|153/221 par|[from] item: Leftovers\n|-damage|p1a: Castform|77/293 tox|[from] psn\n|upkeep\n|turn|20\n|\n|t:|1770990785\n|move|p1a: Castform|Return|p2a: Deoxys\n|-damage|p2a: Deoxys|78/221 par\n|move|p2a: Deoxys|Recover|p2a: Deoxys\n|-heal|p2a: Deoxys|189/221 par\n|\n|-heal|p1a: Castform|95/293 tox|[from] item: Leftovers\n|-heal|p2a: Deoxys|202/221 par|[from] item: Leftovers\n|-damage|p1a: Castform|0 fnt|[from] psn\n|faint|p1a: Castform\n|upkeep\n|\n|t:|1770990798\n|switch|p1a: Gothitelle|Gothitelle, L89, F|188/269 tox\n|-damage|p1a: Gothitelle|155/269 tox|[from] Stealth Rock\n|-damage|p1a: Gothitelle|122/269 tox|[from] Spikes\n|turn|21\n|\n|t:|1770990805\n|move|p1a: Gothitelle|Signal Beam|p2a: Deoxys\n|-supereffective|p2a: Deoxys\n|-damage|p2a: Deoxys|98/221 par\n|move|p2a: Deoxys|Spikes|p1a: Gothitelle\n|-sidestart|p1: ourospac|Spikes\n|\n|-heal|p2a: Deoxys|111/221 par|[from] item: Leftovers\n|-damage|p1a: Gothitelle|106/269 tox|[from] psn\n|upkeep\n|turn|22\n|\n|t:|1770990808\n|move|p1a: Gothitelle|Signal Beam|p2a: Deoxys\n|-supereffective|p2a: Deoxys\n|-damage|p2a: Deoxys|5/221 par\n|move|p2a: Deoxys|Recover|p2a: Deoxys\n|-heal|p2a: Deoxys|116/221 par\n|\n|-heal|p2a: Deoxys|129/221 par|[from] item: Leftovers\n|-damage|p1a: Gothitelle|74/269 tox|[from] psn\n|upkeep\n|turn|23\n|\n|t:|1770990810\n|move|p1a: Gothitelle|Signal Beam|p2a: Deoxys\n|-supereffective|p2a: Deoxys\n|-damage|p2a: Deoxys|23/221 par\n|move|p2a: Deoxys|Spikes|p1a: Gothitelle\n|-sidestart|p1: ourospac|Spikes\n|\n|-heal|p2a: Deoxys|36/221 par|[from] item: Leftovers\n|-damage|p1a: Gothitelle|26/269 tox|[from] psn\n|upkeep\n|turn|24\n|\n|t:|1770990812\n|move|p1a: Gothitelle|Signal Beam|p2a: Deoxys\n|-supereffective|p2a: Deoxys\n|-damage|p2a: Deoxys|0 fnt\n|faint|p2a: Deoxys\n|\n|-damage|p1a: Gothitelle|0 fnt|[from] psn\n|faint|p1a: Gothitelle\n|upkeep\n|\n|t:|1770990829\n|switch|p2a: Whimsicott|Whimsicott, L85, M|134/241\n|switch|p1a: Mesprit|Mesprit, L85|275/275\n|-damage|p1a: Mesprit|241/275|[from] Stealth Rock\n|turn|25\n|\n|t:|1770990832\n|move|p2a: Whimsicott|Substitute|p2a: Whimsicott\n|-start|p2a: Whimsicott|Substitute\n|-damage|p2a: Whimsicott|74/241\n|move|p1a: Mesprit|Psyshock|p2a: Whimsicott\n|-end|p2a: Whimsicott|Substitute\n|\n|-heal|p2a: Whimsicott|89/241|[from] item: Leftovers\n|upkeep\n|turn|26\n|\n|t:|1770990835\n|switch|p2a: Darkrai|Darkrai, L72|220/220\n|move|p1a: Mesprit|Psyshock|p2a: Darkrai\n|-immune|p2a: Darkrai\n|\n|upkeep\n|turn|27\n|\n|t:|1770990839\n|switch|p1a: Hitmonlee|Hitmonlee, L86, M|226/226\n|-damage|p1a: Hitmonlee|212/226|[from] Stealth Rock\n|-damage|p1a: Hitmonlee|156/226|[from] Spikes\n|move|p2a: Darkrai|Dark Void|p1a: Hitmonlee\n|-status|p1a: Hitmonlee|slp|[from] move: Dark Void\n|\n|-damage|p1a: Hitmonlee|128/226 slp|[from] ability: Bad Dreams|[of] p2a: Darkrai\n|upkeep\n|turn|28\n|\n|t:|1770990843\n|move|p2a: Darkrai|Nasty Plot|p2a: Darkrai\n|-boost|p2a: Darkrai|spa|2\n|cant|p1a: Hitmonlee|slp\n|\n|-damage|p1a: Hitmonlee|100/226 slp|[from] ability: Bad Dreams|[of] p2a: Darkrai\n|upkeep\n|turn|29\n|\n|t:|1770990846\n|move|p2a: Darkrai|Sludge Bomb|p1a: Hitmonlee\n|-damage|p1a: Hitmonlee|0 fnt\n|faint|p1a: Hitmonlee\n|-damage|p2a: Darkrai|198/220|[from] item: Life Orb\n|\n|upkeep\n|\n|t:|1770990851\n|switch|p1a: Noivern|Noivern, L80, F|201/267\n|-damage|p1a: Noivern|135/267|[from] Stealth Rock\n|turn|30\n|\n|t:|1770990855\n|switch|p2a: Whimsicott|Whimsicott, L85, M|89/241\n|move|p1a: Noivern|Hurricane|p2a: Whimsicott|[miss]\n|-miss|p1a: Noivern|p2a: Whimsicott\n|\n|-heal|p2a: Whimsicott|104/241|[from] item: Leftovers\n|upkeep\n|turn|31\n|-message|ourospac forfeited.\n|\n|win|arboretums\n|raw|ourospac's rating: 1528 &rarr; <strong>1507</strong><br />(-21 for losing)\n|raw|arboretums's rating: 1505 &rarr; <strong>1526</strong><br />(+21 for winning)\n|l|☆ourospac\n|player|p1|\n", "inputlog": ">version ccdc32dd7cde25fd9e4bed64820e885f66e78a4e\n>start {\"formatid\":\"gen6randombattle\",\"seed\":\"sodium,7cbc1bae3b2bfdd906a7f0a6c54c1df4\",\"rated\":\"Rated battle\"}\n>player p1 {\"name\":\"ourospac\",\"avatar\":\"170\",\"rating\":1528,\"seed\":\"sodium,7db976ba7346660b854502def9d51a9d\"}\n>player p2 {\"name\":\"arboretums\",\"avatar\":\"serena-masters2\",\"rating\":1505,\"seed\":\"sodium,85ce43f3e71c16b065f596733cb6b200\"}\n>p1 move scald\n>p2 switch 4\n>p1 move scald\n>p2 move stealthrock\n>p1 move scald\n>p2 move toxic\n>p2 switch 3\n>p1 move fireblast\n>p2 move encore\n>p1 switch 2\n>p2 move substitute\n>p1 move flamecharge\n>p2 move leechseed\n>p1 move flamecharge\n>p2 move substitute\n>p1 switch 6\n>p2 switch 6\n>p1 move dracometeor\n>p2 switch 2\n>p1 switch 4\n>p2 move recover\n>p1 move signalbeam\n>p2 move toxic\n>p1 move signalbeam\n>p2 move recover\n>p1 switch 6\n>p2 move recover\n>p1 move flareblitz\n>p2 move seismictoss\n>p1 switch 2\n>p1 move thunderwave\n>p2 move toxic\n>p1 move return\n>p2 move spikes\n>p1 move return\n>p2 move recover\n>p1 move return\n>p2 move recover\n>p1 move return\n>p2 move spikes\n>p1 move return\n>p2 move recover\n>p1 switch 6\n>p1 move signalbeam\n>p2 move spikes\n>p1 move signalbeam\n>p2 move recover\n>p1 move signalbeam\n>p2 move spikes\n>p1 move signalbeam\n>p2 move recover\n>p1 switch 5\n>p2 switch 6\n>p1 move psyshock\n>p2 move substitute\n>p1 move psyshock\n>p2 switch 5\n>p1 switch 3\n>p2 move darkvoid\n>p1 move closecombat\n>p2 move nastyplot\n>p1 move closecombat\n>p2 move sludgebomb\n>p1 switch 4\n>p1 move hurricane\n>p2 switch 5\n>forcelose p1", "uploadtime": 1770990863, "views": 200, "formatid": "gen6randombattle", "rating": 1507, "private": 0, "password": null}