{"id": "gen6randombattle-2518475103", "format": "[Gen 6] Random Battle", "players": ["arboretums", "gloubinours"], "log": "|j|☆arboretums\n|j|☆gloubinours\n|t:|1768395304\n|gametype|singles\n|player|p1|arboretums|serena-masters2|1580\n|player|p2|gloubinours|hilda-wonderlauncher|1620\n|gen|6\n|tier|[Gen 6] Random Battle\n|rated|\n|rule|Sleep Clause Mod: Limit one foe put to sleep\n|rule|HP Percentage Mod: HP is shown in percentages\n|rule|Illusion Level Mod: Illusion disguises the Pokémon's true level\n|\n|t:|1768395304\n|teamsize|p1|6\n|teamsize|p2|6\n|start\n|switch|p1a: Venomoth|Venomoth, L84, F|255/255\n|switch|p2a: Arceus|Arceus-Ground, L71|288/288\n|turn|1\n|inactive|Battle timer is ON: inactive players will automatically lose when time's up. (requested by gloubinours)\n|\n|t:|1768395319\n|switch|p1a: Luvdisc|Luvdisc, F|248/248\n|move|p2a: Arceus|Swords Dance|p2a: Arceus\n|-boost|p2a: Arceus|atk|2\n|\n|upkeep\n|turn|2\n|\n|t:|1768395326\n|move|p1a: Luvdisc|Toxic|p2a: Arceus\n|-status|p2a: Arceus|tox\n|move|p2a: Arceus|Earthquake|p1a: Luvdisc\n|-damage|p1a: Luvdisc|0 fnt\n|faint|p1a: Luvdisc\n|\n|-damage|p2a: Arceus|270/288 tox|[from] psn\n|upkeep\n|\n|t:|1768395333\n|switch|p1a: Kangaskhan|Kangaskhan, L71, F|267/267\n|turn|3\n|\n|t:|1768395338\n|detailschange|p1a: Kangaskhan|Kangaskhan-Mega, L71, F\n|-mega|p1a: Kangaskhan|Kangaskhan|Kangaskhanite\n|move|p1a: Kangaskhan|Fake Out|p2a: Arceus\n|-damage|p2a: Arceus|234/288 tox\n|-damage|p2a: Arceus|218/288 tox\n|-hitcount|p2a: Arceus|2\n|cant|p2a: Arceus|flinch\n|\n|-damage|p2a: Arceus|182/288 tox|[from] psn\n|upkeep\n|turn|4\n|\n|t:|1768395349\n|switch|p1a: Milotic|Milotic, L83, F|293/293\n|move|p2a: Arceus|Earthquake|p1a: Milotic\n|-damage|p1a: Milotic|73/293\n|\n|-heal|p1a: Milotic|91/293|[from] item: Leftovers\n|-damage|p2a: Arceus|128/288 tox|[from] psn\n|upkeep\n|turn|5\n|\n|t:|1768395354\n|move|p2a: Arceus|Earthquake|p1a: Milotic\n|-damage|p1a: Milotic|0 fnt\n|faint|p1a: Milotic\n|\n|-damage|p2a: Arceus|56/288 tox|[from] psn\n|upkeep\n|\n|t:|1768395356\n|switch|p1a: Kangaskhan|Kangaskhan-Mega, L71, F|267/267\n|turn|6\n|\n|t:|1768395361\n|switch|p2a: Cradily|Cradily, L89, M|298/298\n|move|p1a: Kangaskhan|Fake Out|p2a: Cradily\n|-resisted|p2a: Cradily\n|-damage|p2a: Cradily|280/298\n|-resisted|p2a: Cradily\n|-damage|p2a: Cradily|273/298\n|-hitcount|p2a: Cradily|2\n|\n|-heal|p2a: Cradily|291/298|[from] item: Leftovers\n|upkeep\n|turn|7\n|\n|t:|1768395374\n|move|p1a: Kangaskhan|Body Slam|p2a: Cradily\n|-resisted|p2a: Cradily\n|-damage|p2a: Cradily|257/298\n|-resisted|p2a: Cradily\n|-damage|p2a: Cradily|240/298\n|-hitcount|p2a: Cradily|2\n|move|p2a: Cradily|Toxic|p1a: Kangaskhan\n|-status|p1a: Kangaskhan|tox\n|\n|-heal|p2a: Cradily|258/298|[from] item: Leftovers\n|-damage|p1a: Kangaskhan|251/267 tox|[from] psn\n|upkeep\n|turn|8\n|\n|t:|1768395379\n|move|p1a: Kangaskhan|Seismic Toss|p2a: Cradily\n|-damage|p2a: Cradily|187/298\n|-damage|p2a: Cradily|116/298\n|-hitcount|p2a: Cradily|2\n|move|p2a: Cradily|Giga Drain|p1a: Kangaskhan\n|-damage|p1a: Kangaskhan|169/267 tox\n|-heal|p2a: Cradily|157/298|[from] drain|[of] p1a: Kangaskhan\n|\n|-heal|p2a: Cradily|175/298|[from] item: Leftovers\n|-damage|p1a: Kangaskhan|137/267 tox|[from] psn\n|upkeep\n|turn|9\n|\n|t:|1768395382\n|move|p1a: Kangaskhan|Seismic Toss|p2a: Cradily\n|-damage|p2a: Cradily|104/298\n|-damage|p2a: Cradily|33/298\n|-hitcount|p2a: Cradily|2\n|move|p2a: Cradily|Recover|p2a: Cradily\n|-heal|p2a: Cradily|182/298\n|\n|-heal|p2a: Cradily|200/298|[from] item: Leftovers\n|-damage|p1a: Kangaskhan|89/267 tox|[from] psn\n|upkeep\n|turn|10\n|\n|t:|1768395385\n|move|p1a: Kangaskhan|Seismic Toss|p2a: Cradily\n|-damage|p2a: Cradily|129/298\n|-damage|p2a: Cradily|58/298\n|-hitcount|p2a: Cradily|2\n|move|p2a: Cradily|Recover|p2a: Cradily\n|-heal|p2a: Cradily|207/298\n|\n|-heal|p2a: Cradily|225/298|[from] item: Leftovers\n|-damage|p1a: Kangaskhan|25/267 tox|[from] psn\n|upkeep\n|turn|11\n|\n|t:|1768395390\n|move|p1a: Kangaskhan|Seismic Toss|p2a: Cradily\n|-damage|p2a: Cradily|154/298\n|-damage|p2a: Cradily|83/298\n|-hitcount|p2a: Cradily|2\n|move|p2a: Cradily|Recover|p2a: Cradily\n|-heal|p2a: Cradily|232/298\n|\n|-heal|p2a: Cradily|250/298|[from] item: Leftovers\n|-damage|p1a: Kangaskhan|0 fnt|[from] psn\n|faint|p1a: Kangaskhan\n|detailschange|p1: Kangaskhan|Kangaskhan, L71, F|[silent]\n|upkeep\n|\n|t:|1768395409\n|switch|p1a: Deoxys|Deoxys-Speed, L81|214/214\n|-ability|p1a: Deoxys|Pressure\n|turn|12\n|\n|t:|1768395423\n|move|p1a: Deoxys|Nasty Plot|p1a: Deoxys\n|-boost|p1a: Deoxys|spa|2\n|move|p2a: Cradily|Stone Edge|p1a: Deoxys|[miss]\n|-miss|p2a: Cradily|p1a: Deoxys\n|\n|-heal|p2a: Cradily|268/298|[from] item: Leftovers\n|upkeep\n|turn|13\n|\n|t:|1768395428\n|move|p1a: Deoxys|Focus Blast|p2a: Cradily\n|-supereffective|p2a: Cradily\n|-damage|p2a: Cradily|0 fnt\n|faint|p2a: Cradily\n|-damage|p1a: Deoxys|193/214|[from] item: Life Orb\n|\n|upkeep\n|\n|t:|1768395433\n|switch|p2a: Malamar|Malamar, L81, M|272/272\n|turn|14\n|\n|t:|1768395447\n|move|p1a: Deoxys|Focus Blast|p2a: Malamar\n|-damage|p2a: Malamar|37/272\n|-boost|p2a: Malamar|spd|1\n|-damage|p1a: Deoxys|172/214|[from] item: Life Orb\n|move|p2a: Malamar|Knock Off|p1a: Deoxys\n|-supereffective|p1a: Deoxys\n|-damage|p1a: Deoxys|0 fnt\n|-enditem|p1a: Deoxys|Life Orb|[from] move: Knock Off|[of] p2a: Malamar\n|faint|p1a: Deoxys\n|\n|-heal|p2a: Malamar|54/272|[from] item: Leftovers\n|upkeep\n|\n|t:|1768395461\n|switch|p1a: Venomoth|Venomoth, L84, F|255/255\n|turn|15\n|\n|t:|1768395465\n|move|p1a: Venomoth|Quiver Dance|p1a: Venomoth\n|-boost|p1a: Venomoth|spa|1\n|-boost|p1a: Venomoth|spd|1\n|-boost|p1a: Venomoth|spe|1\n|move|p2a: Malamar|Knock Off|p1a: Venomoth\n|-damage|p1a: Venomoth|141/255\n|-enditem|p1a: Venomoth|Black Sludge|[from] move: Knock Off|[of] p2a: Malamar\n|\n|-heal|p2a: Malamar|71/272|[from] item: Leftovers\n|upkeep\n|turn|16\n|\n|t:|1768395474\n|move|p1a: Venomoth|Bug Buzz|p2a: Malamar\n|-supereffective|p2a: Malamar\n|-damage|p2a: Malamar|0 fnt\n|faint|p2a: Malamar\n|\n|upkeep\n|\n|t:|1768395486\n|switch|p2a: Lugia|Lugia, L71|268/268\n|turn|17\n|\n|t:|1768395489\n|move|p1a: Venomoth|Sleep Powder|p2a: Lugia\n|-status|p2a: Lugia|slp|[from] move: Sleep Powder\n|cant|p2a: Lugia|slp\n|\n|upkeep\n|turn|18\n|\n|t:|1768395492\n|move|p1a: Venomoth|Bug Buzz|p2a: Lugia\n|-damage|p2a: Lugia|222/268 slp\n|cant|p2a: Lugia|slp\n|\n|-heal|p2a: Lugia|238/268 slp|[from] item: Leftovers\n|upkeep\n|turn|19\n|\n|t:|1768395496\n|move|p1a: Venomoth|Quiver Dance|p1a: Venomoth\n|-boost|p1a: Venomoth|spa|1\n|-boost|p1a: Venomoth|spd|1\n|-boost|p1a: Venomoth|spe|1\n|cant|p2a: Lugia|slp\n|\n|-heal|p2a: Lugia|254/268 slp|[from] item: Leftovers\n|upkeep\n|turn|20\n|\n|t:|1768395499\n|move|p1a: Venomoth|Bug Buzz|p2a: Lugia\n|-damage|p2a: Lugia|110/268 slp\n|-curestatus|p2a: Lugia|slp|[msg]\n|move|p2a: Lugia|Aeroblast|p1a: Venomoth\n|-supereffective|p1a: Venomoth\n|-damage|p1a: Venomoth|51/255\n|\n|-heal|p2a: Lugia|126/268|[from] item: Leftovers\n|upkeep\n|turn|21\n|\n|t:|1768395502\n|move|p1a: Venomoth|Bug Buzz|p2a: Lugia\n|-damage|p2a: Lugia|0 fnt\n|faint|p2a: Lugia\n|\n|upkeep\n|\n|t:|1768395508\n|switch|p2a: Dunsparce|Dunsparce, L93, M|337/337\n|turn|22\n|\n|t:|1768395511\n|move|p1a: Venomoth|Sleep Powder|p2a: Dunsparce\n|-status|p2a: Dunsparce|slp|[from] move: Sleep Powder\n|cant|p2a: Dunsparce|slp\n|\n|upkeep\n|turn|23\n|\n|t:|1768395514\n|switch|p2a: Arceus|Arceus-Ground, L71|56/288 tox\n|move|p1a: Venomoth|Bug Buzz|p2a: Arceus\n|-damage|p2a: Arceus|0 fnt\n|faint|p2a: Arceus\n|\n|upkeep\n|\n|t:|1768395516\n|switch|p2a: Miltank|Miltank, L84, F|297/297\n|turn|24\n|\n|t:|1768395523\n|move|p1a: Venomoth|Sludge Bomb|p2a: Miltank\n|-damage|p2a: Miltank|87/297\n|move|p2a: Miltank|Body Slam|p1a: Venomoth\n|-damage|p1a: Venomoth|0 fnt\n|faint|p1a: Venomoth\n|\n|-heal|p2a: Miltank|105/297|[from] item: Leftovers\n|upkeep\n|\n|t:|1768395526\n|switch|p1a: Plusle|Plusle, L93, F|262/262\n|turn|25\n|\n|t:|1768395530\n|move|p1a: Plusle|Thunderbolt|p2a: Miltank\n|-damage|p2a: Miltank|0 fnt\n|faint|p2a: Miltank\n|\n|upkeep\n|\n|t:|1768395532\n|switch|p2a: Dunsparce|Dunsparce, L93, M|337/337 slp\n|turn|26\n|\n|t:|1768395536\n|move|p1a: Plusle|Substitute|p1a: Plusle\n|-start|p1a: Plusle|Substitute\n|-damage|p1a: Plusle|197/262\n|-curestatus|p2a: Dunsparce|slp|[msg]\n|move|p2a: Dunsparce|Earthquake|p1a: Plusle\n|-supereffective|p1a: Plusle\n|-end|p1a: Plusle|Substitute\n|\n|-heal|p1a: Plusle|213/262|[from] item: Leftovers\n|upkeep\n|turn|27\n|\n|t:|1768395547\n|move|p1a: Plusle|Thunderbolt|p2a: Dunsparce\n|-crit|p2a: Dunsparce\n|-damage|p2a: Dunsparce|154/337\n|move|p2a: Dunsparce|Earthquake|p1a: Plusle\n|-supereffective|p1a: Plusle\n|-damage|p1a: Plusle|0 fnt\n|faint|p1a: Plusle\n|\n|win|gloubinours\n|raw|arboretums's rating: 1580 &rarr; <strong>1562</strong><br />(-18 for losing)\n|raw|gloubinours's rating: 1620 &rarr; <strong>1638</strong><br />(+18 for winning)\n", "inputlog": ">version f2883557ca71b1a14bc1039fd307aee7de4ab455\n>start {\"formatid\":\"gen6randombattle\",\"seed\":\"sodium,e405668859acc9ee3c1af6d5387fb9fa\",\"rated\":\"Rated battle\"}\n>player p1 {\"name\":\"arboretums\",\"avatar\":\"serena-masters2\",\"rating\":1580,\"seed\":\"sodium,9244e25e309a4f06207f59858ab37809\"}\n>player p2 {\"name\":\"gloubinours\",\"avatar\":\"hilda-wonderlauncher\",\"rating\":1620,\"seed\":\"sodium,d95a6b7982b475772b99d540fe7b4089\"}\n>p1 switch 6\n>p2 move swordsdance\n>p1 move toxic\n>p2 move earthquake\n>p1 switch 3\n>p1 move fakeout mega\n>p2 move earthquake\n>p1 switch 2\n>p2 move earthquake\n>p1 move recover\n>p2 move earthquake\n>p1 switch 2\n>p1 move fakeout\n>p2 switch 4\n>p1 move bodyslam\n>p2 move toxic\n>p1 move seismictoss\n>p2 move gigadrain\n>p1 move seismictoss\n>p2 move recover\n>p1 move seismictoss\n>p2 move recover\n>p1 move seismictoss\n>p2 move recover\n>p1 switch 4\n>p1 move nastyplot\n>p2 move stoneedge\n>p1 move focusblast\n>p2 move stoneedge\n>p2 switch 3\n>p1 move focusblast\n>p2 move knockoff\n>p1 switch 6\n>p1 move quiverdance\n>p2 move knockoff\n>p1 move bugbuzz\n>p2 move knockoff\n>p2 switch 6\n>p1 move sleeppowder\n>p2 move aeroblast\n>p1 move bugbuzz\n>p2 move aeroblast\n>p1 move quiverdance\n>p2 move aeroblast\n>p1 move bugbuzz\n>p2 move aeroblast\n>p1 move bugbuzz\n>p2 move aeroblast\n>p2 switch 5\n>p1 move sleeppowder\n>p2 move headbutt\n>p1 move bugbuzz\n>p2 switch 4\n>p2 switch 2\n>p1 move sludgebomb\n>p2 move bodyslam\n>p1 switch 5\n>p1 move thunderbolt\n>p2 move earthquake\n>p2 switch 4\n>p1 move substitute\n>p2 move earthquake\n>p1 move thunderbolt\n>p2 move earthquake", "uploadtime": 1768395549, "views": 249, "formatid": "gen6randombattle", "rating": 1562, "private": 0, "password": null}