{"id": "gen6randombattle-2520747816", "format": "[Gen 6] Random Battle", "players": ["Corwyn715", "1Seleb"], "log": "|j|☆Corwyn715\n|j|☆1Seleb\n|t:|1768678165\n|gametype|singles\n|player|p1|Corwyn715|zinzolin|1617\n|player|p2|1Seleb|265|1598\n|gen|6\n|tier|[Gen 6] Random Battle\n|rated|\n|rule|Sleep Clause Mod: Limit one foe put to sleep\n|rule|HP Percentage Mod: HP is shown in percentages\n|rule|Illusion Level Mod: Illusion disguises the Pokémon's true level\n|\n|t:|1768678165\n|teamsize|p1|6\n|teamsize|p2|6\n|start\n|switch|p1a: Arbok|Arbok, L90, M|254/254\n|switch|p2a: Camerupt|Camerupt, L89, M|269/269\n|-ability|p1a: Arbok|Intimidate|boost\n|-unboost|p2a: Camerupt|atk|1\n|turn|1\n|inactive|Battle timer is ON: inactive players will automatically lose when time's up. (requested by Corwyn715)\n|\n|t:|1768678177\n|switch|p1a: Swellow|Swellow, L81, F|230/230\n|switch|p2a: Tangrowth|Tangrowth, L88, M|319/319\n|\n|-status|p1a: Swellow|tox|[from] item: Toxic Orb\n|upkeep\n|turn|2\n|\n|t:|1768678183\n|switch|p2a: Aerodactyl|Aerodactyl, L77, F|250/250\n|-ability|p2a: Aerodactyl|Unnerve\n|move|p1a: Swellow|U-turn|p2a: Aerodactyl\n|-resisted|p2a: Aerodactyl\n|-damage|p2a: Aerodactyl|209/250\n|\n|t:|1768678198\n|switch|p1a: Arbok|Arbok, L90, M|254/254|[from] U-turn\n|-ability|p1a: Arbok|Intimidate|boost\n|-unboost|p2a: Aerodactyl|atk|1\n|\n|upkeep\n|turn|3\n|\n|t:|1768678206\n|switch|p2a: Camerupt|Camerupt, L89, M|269/269\n|move|p1a: Arbok|Coil|p1a: Arbok\n|-boost|p1a: Arbok|atk|1\n|-boost|p1a: Arbok|def|1\n|-boost|p1a: Arbok|accuracy|1\n|\n|upkeep\n|turn|4\n|\n|t:|1768678216\n|move|p1a: Arbok|Earthquake|p2a: Camerupt\n|-supereffective|p2a: Camerupt\n|-damage|p2a: Camerupt|8/269\n|-damage|p1a: Arbok|229/254|[from] item: Life Orb\n|move|p2a: Camerupt|Earthquake|p1a: Arbok\n|-supereffective|p1a: Arbok\n|-damage|p1a: Arbok|0 fnt\n|faint|p1a: Arbok\n|-damage|p2a: Camerupt|0 fnt|[from] item: Life Orb\n|faint|p2a: Camerupt\n|\n|upkeep\n|\n|t:|1768678234\n|switch|p1a: Sharpedo|Sharpedo, L80, M|243/243\n|switch|p2a: Tangrowth|Tangrowth, L88, M|319/319\n|turn|5\n|\n|t:|1768678239\n|switch|p1a: Cherrim|Cherrim, L97, F|293/293\n|move|p2a: Tangrowth|Rock Slide|p1a: Cherrim\n|-damage|p1a: Cherrim|231/293\n|\n|-heal|p1a: Cherrim|249/293|[from] item: Leftovers\n|upkeep\n|turn|6\n|\n|t:|1768678243\n|move|p1a: Cherrim|Toxic|p2a: Tangrowth\n|-status|p2a: Tangrowth|tox\n|move|p2a: Tangrowth|Sludge Bomb|p1a: Cherrim\n|-supereffective|p1a: Cherrim\n|-damage|p1a: Cherrim|91/293\n|-status|p1a: Cherrim|psn\n|\n|-heal|p1a: Cherrim|109/293 psn|[from] item: Leftovers\n|-damage|p1a: Cherrim|73/293 psn|[from] psn\n|-damage|p2a: Tangrowth|300/319 tox|[from] psn\n|upkeep\n|turn|7\n|\n|t:|1768678259\n|switch|p1a: Genesect|Genesect, L72|221/221\n|-ability|p1a: Genesect|Download|boost\n|-boost|p1a: Genesect|spa|1\n|move|p2a: Tangrowth|Knock Off|p1a: Genesect\n|-damage|p1a: Genesect|136/221\n|-enditem|p1a: Genesect|Life Orb|[from] move: Knock Off|[of] p2a: Tangrowth\n|\n|-damage|p2a: Tangrowth|262/319 tox|[from] psn\n|upkeep\n|turn|8\n|\n|t:|1768678266\n|switch|p2a: Manaphy|Manaphy, L76|277/277\n|move|p1a: Genesect|Shift Gear|p1a: Genesect\n|-boost|p1a: Genesect|spe|2\n|-boost|p1a: Genesect|atk|1\n|\n|upkeep\n|turn|9\n|\n|t:|1768678272\n|move|p1a: Genesect|Thunderbolt|p2a: Manaphy\n|-supereffective|p2a: Manaphy\n|-damage|p2a: Manaphy|115/277\n|move|p2a: Manaphy|Surf|p1a: Genesect\n|-damage|p1a: Genesect|40/221\n|\n|-heal|p2a: Manaphy|132/277|[from] item: Leftovers\n|upkeep\n|turn|10\n|\n|t:|1768678279\n|switch|p2a: Tangrowth|Tangrowth, L88, M|319/319 tox\n|move|p1a: Genesect|Thunderbolt|p2a: Tangrowth\n|-resisted|p2a: Tangrowth\n|-damage|p2a: Tangrowth|282/319 tox\n|\n|-damage|p2a: Tangrowth|263/319 tox|[from] psn\n|upkeep\n|turn|11\n|\n|t:|1768678285\n|move|p1a: Genesect|Blaze Kick|p2a: Tangrowth|[miss]\n|-miss|p1a: Genesect|p2a: Tangrowth\n|move|p2a: Tangrowth|Rock Slide|p1a: Genesect|[miss]\n|-miss|p2a: Tangrowth|p1a: Genesect\n|\n|-damage|p2a: Tangrowth|225/319 tox|[from] psn\n|upkeep\n|turn|12\n|\n|t:|1768678295\n|switch|p2a: Manaphy|Manaphy, L76|132/277\n|move|p1a: Genesect|Blaze Kick|p2a: Manaphy\n|-resisted|p2a: Manaphy\n|-damage|p2a: Manaphy|93/277\n|\n|-heal|p2a: Manaphy|110/277|[from] item: Leftovers\n|upkeep\n|turn|13\n|\n|t:|1768678302\n|switch|p2a: Victreebel|Victreebel, L90, F|290/290\n|move|p1a: Genesect|Thunderbolt|p2a: Victreebel\n|-resisted|p2a: Victreebel\n|-damage|p2a: Victreebel|247/290\n|\n|upkeep\n|turn|14\n|\n|t:|1768678304\n|move|p2a: Victreebel|Sucker Punch|p1a: Genesect\n|-damage|p1a: Genesect|0 fnt\n|faint|p1a: Genesect\n|-damage|p2a: Victreebel|218/290|[from] item: Life Orb\n|\n|upkeep\n|\n|t:|1768678308\n|switch|p1a: Swellow|Swellow, L81, F|230/230 tox\n|turn|15\n|\n|t:|1768678311\n|switch|p2a: Manaphy|Manaphy, L76|110/277\n|move|p1a: Swellow|U-turn|p2a: Manaphy\n|-damage|p2a: Manaphy|46/277\n|\n|t:|1768678316\n|switch|p1a: Cherrim|Cherrim, L97, F|73/293 psn|[from] U-turn\n|\n|-heal|p1a: Cherrim|91/293 psn|[from] item: Leftovers\n|-heal|p2a: Manaphy|63/277|[from] item: Leftovers\n|-damage|p1a: Cherrim|55/293 psn|[from] psn\n|upkeep\n|turn|16\n|\n|t:|1768678323\n|switch|p2a: Tangrowth|Tangrowth, L88, M|319/319 tox\n|move|p1a: Cherrim|Toxic|p2a: Tangrowth\n|-fail|p2a: Tangrowth|tox\n|\n|-heal|p1a: Cherrim|73/293 psn|[from] item: Leftovers\n|-damage|p1a: Cherrim|37/293 psn|[from] psn\n|-damage|p2a: Tangrowth|300/319 tox|[from] psn\n|upkeep\n|turn|17\n|\n|t:|1768678334\n|move|p1a: Cherrim|Morning Sun|p1a: Cherrim\n|-heal|p1a: Cherrim|183/293 psn\n|move|p2a: Tangrowth|Giga Drain|p1a: Cherrim\n|-resisted|p1a: Cherrim\n|-damage|p1a: Cherrim|134/293 psn\n|-heal|p2a: Tangrowth|319/319 tox|[from] drain|[of] p1a: Cherrim\n|\n|-heal|p1a: Cherrim|152/293 psn|[from] item: Leftovers\n|-damage|p1a: Cherrim|116/293 psn|[from] psn\n|-damage|p2a: Tangrowth|281/319 tox|[from] psn\n|upkeep\n|turn|18\n|\n|t:|1768678339\n|switch|p2a: Victreebel|Victreebel, L90, F|218/290\n|move|p1a: Cherrim|Morning Sun|p1a: Cherrim\n|-heal|p1a: Cherrim|262/293 psn\n|\n|-heal|p1a: Cherrim|280/293 psn|[from] item: Leftovers\n|-damage|p1a: Cherrim|244/293 psn|[from] psn\n|upkeep\n|turn|19\n|\n|t:|1768678348\n|switch|p1a: Swellow|Swellow, L81, F|230/230 tox\n|move|p2a: Victreebel|Sludge Bomb|p1a: Swellow\n|-damage|p1a: Swellow|14/230 tox\n|-damage|p2a: Victreebel|189/290|[from] item: Life Orb\n|\n|-damage|p1a: Swellow|0 fnt|[from] psn\n|faint|p1a: Swellow\n|upkeep\n|\n|t:|1768678351\n|switch|p1a: Sharpedo|Sharpedo, L80, M|243/243\n|turn|20\n|\n|t:|1768678356\n|move|p1a: Sharpedo|Protect|p1a: Sharpedo\n|-singleturn|p1a: Sharpedo|Protect\n|move|p2a: Victreebel|Power Whip|p1a: Sharpedo\n|-activate|p1a: Sharpedo|move: Protect\n|\n|-ability|p1a: Sharpedo|Speed Boost|boost\n|-boost|p1a: Sharpedo|spe|1\n|upkeep\n|turn|21\n|\n|t:|1768678363\n|switch|p2a: Manaphy|Manaphy, L76|63/277\n|detailschange|p1a: Sharpedo|Sharpedo-Mega, L80, M\n|-mega|p1a: Sharpedo|Sharpedo|Sharpedonite\n|move|p1a: Sharpedo|Ice Fang|p2a: Manaphy\n|-resisted|p2a: Manaphy\n|-damage|p2a: Manaphy|23/277\n|\n|-heal|p2a: Manaphy|40/277|[from] item: Leftovers\n|upkeep\n|turn|22\n|\n|t:|1768678371\n|move|p1a: Sharpedo|Crunch|p2a: Manaphy\n|-damage|p2a: Manaphy|0 fnt\n|faint|p2a: Manaphy\n|\n|upkeep\n|\n|t:|1768678383\n|switch|p2a: Tangrowth|Tangrowth, L88, M|319/319 tox\n|turn|23\n|\n|t:|1768678386\n|move|p1a: Sharpedo|Protect|p1a: Sharpedo\n|-singleturn|p1a: Sharpedo|Protect\n|move|p2a: Tangrowth|Giga Drain|p1a: Sharpedo\n|-activate|p1a: Sharpedo|move: Protect\n|\n|-damage|p2a: Tangrowth|300/319 tox|[from] psn\n|upkeep\n|turn|24\n|\n|t:|1768678389\n|switch|p1a: Cherrim|Cherrim, L97, F|244/293 psn\n|move|p2a: Tangrowth|Giga Drain|p1a: Cherrim\n|-resisted|p1a: Cherrim\n|-damage|p1a: Cherrim|199/293 psn\n|-heal|p2a: Tangrowth|319/319 tox|[from] drain|[of] p1a: Cherrim\n|\n|-heal|p1a: Cherrim|217/293 psn|[from] item: Leftovers\n|-damage|p1a: Cherrim|181/293 psn|[from] psn\n|-damage|p2a: Tangrowth|281/319 tox|[from] psn\n|upkeep\n|turn|25\n|\n|t:|1768678394\n|switch|p1a: Sharpedo|Sharpedo-Mega, L80, M|243/243\n|switch|p2a: Victreebel|Victreebel, L90, F|189/290\n|\n|upkeep\n|turn|26\n|\n|t:|1768678401\n|move|p1a: Sharpedo|Ice Fang|p2a: Victreebel\n|-supereffective|p2a: Victreebel\n|-damage|p2a: Victreebel|7/290\n|cant|p2a: Victreebel|flinch\n|\n|upkeep\n|turn|27\n|\n|t:|1768678407\n|move|p2a: Victreebel|Sucker Punch|p1a: Sharpedo\n|-resisted|p1a: Sharpedo\n|-damage|p1a: Sharpedo|191/243\n|-damage|p2a: Victreebel|0 fnt|[from] item: Life Orb\n|faint|p2a: Victreebel\n|move|p1a: Sharpedo|Ice Fang|p2: Victreebel|[notarget]\n|-fail|p1a: Sharpedo\n|\n|upkeep\n|\n|t:|1768678411\n|switch|p2a: Tangrowth|Tangrowth, L88, M|319/319 tox\n|turn|28\n|\n|t:|1768678415\n|move|p1a: Sharpedo|Protect|p1a: Sharpedo\n|-singleturn|p1a: Sharpedo|Protect\n|move|p2a: Tangrowth|Giga Drain|p1a: Sharpedo\n|-activate|p1a: Sharpedo|move: Protect\n|\n|-damage|p2a: Tangrowth|300/319 tox|[from] psn\n|upkeep\n|turn|29\n|\n|t:|1768678420\n|switch|p1a: Cherrim|Cherrim, L97, F|181/293 psn\n|move|p2a: Tangrowth|Giga Drain|p1a: Cherrim\n|-resisted|p1a: Cherrim\n|-damage|p1a: Cherrim|139/293 psn\n|-heal|p2a: Tangrowth|319/319 tox|[from] drain|[of] p1a: Cherrim\n|\n|-heal|p1a: Cherrim|157/293 psn|[from] item: Leftovers\n|-damage|p1a: Cherrim|121/293 psn|[from] psn\n|-damage|p2a: Tangrowth|281/319 tox|[from] psn\n|upkeep\n|turn|30\n|\n|t:|1768678423\n|move|p1a: Cherrim|Morning Sun|p1a: Cherrim\n|-heal|p1a: Cherrim|267/293 psn\n|move|p2a: Tangrowth|Sludge Bomb|p1a: Cherrim\n|-supereffective|p1a: Cherrim\n|-damage|p1a: Cherrim|107/293 psn\n|\n|-heal|p1a: Cherrim|125/293 psn|[from] item: Leftovers\n|-damage|p1a: Cherrim|89/293 psn|[from] psn\n|-damage|p2a: Tangrowth|224/319 tox|[from] psn\n|upkeep\n|turn|31\n|\n|t:|1768678430\n|switch|p2a: Aerodactyl|Aerodactyl, L77, F|209/250\n|-ability|p2a: Aerodactyl|Unnerve\n|move|p1a: Cherrim|Morning Sun|p1a: Cherrim\n|-heal|p1a: Cherrim|235/293 psn\n|\n|-heal|p1a: Cherrim|253/293 psn|[from] item: Leftovers\n|-damage|p1a: Cherrim|217/293 psn|[from] psn\n|upkeep\n|turn|32\n|\n|t:|1768678440\n|detailschange|p2a: Aerodactyl|Aerodactyl-Mega, L77, F\n|-mega|p2a: Aerodactyl|Aerodactyl|Aerodactylite\n|move|p2a: Aerodactyl|Stone Edge|p1a: Cherrim\n|-crit|p1a: Cherrim\n|-damage|p1a: Cherrim|28/293 psn\n|move|p1a: Cherrim|Toxic|p2a: Aerodactyl|[miss]\n|-miss|p1a: Cherrim|p2a: Aerodactyl\n|\n|-heal|p1a: Cherrim|46/293 psn|[from] item: Leftovers\n|-damage|p1a: Cherrim|10/293 psn|[from] psn\n|upkeep\n|turn|33\n|\n|t:|1768678448\n|move|p2a: Aerodactyl|Earthquake|p1a: Cherrim\n|-resisted|p1a: Cherrim\n|-damage|p1a: Cherrim|0 fnt\n|faint|p1a: Cherrim\n|\n|upkeep\n|\n|t:|1768678451\n|switch|p1a: Gorebyss|Gorebyss, L83, M|226/226\n|turn|34\n|\n|t:|1768678460\n|move|p2a: Aerodactyl|Stone Edge|p1a: Gorebyss\n|-damage|p1a: Gorebyss|115/226\n|move|p1a: Gorebyss|Shell Smash|p1a: Gorebyss\n|-unboost|p1a: Gorebyss|def|1\n|-unboost|p1a: Gorebyss|spd|1\n|-boost|p1a: Gorebyss|atk|2\n|-boost|p1a: Gorebyss|spa|2\n|-boost|p1a: Gorebyss|spe|2\n|-enditem|p1a: Gorebyss|White Herb\n|-clearnegativeboost|p1a: Gorebyss|[silent]\n|\n|upkeep\n|turn|35\n|\n|t:|1768678465\n|move|p2a: Aerodactyl|Earthquake|p1a: Gorebyss\n|-damage|p1a: Gorebyss|50/226\n|move|p1a: Gorebyss|Hydro Pump|p2a: Aerodactyl\n|-supereffective|p2a: Aerodactyl\n|-damage|p2a: Aerodactyl|0 fnt\n|faint|p2a: Aerodactyl\n|detailschange|p2: Aerodactyl|Aerodactyl, L77, F|[silent]\n|\n|upkeep\n|\n|t:|1768678470\n|switch|p2a: Tangrowth|Tangrowth, L88, M|319/319 tox\n|turn|36\n|\n|t:|1768678474\n|move|p1a: Gorebyss|Ice Beam|p2a: Tangrowth\n|-supereffective|p2a: Tangrowth\n|-crit|p2a: Tangrowth\n|-damage|p2a: Tangrowth|0 fnt\n|faint|p2a: Tangrowth\n|\n|upkeep\n|\n|t:|1768678481\n|switch|p2a: Gallade|Gallade, L82, M|246/246\n|turn|37\n|\n|t:|1768678484\n|move|p1a: Gorebyss|Hydro Pump|p2a: Gallade\n|-damage|p2a: Gallade|32/246\n|move|p2a: Gallade|Close Combat|p1a: Gorebyss\n|-damage|p1a: Gorebyss|0 fnt\n|-unboost|p2a: Gallade|def|1\n|-unboost|p2a: Gallade|spd|1\n|faint|p1a: Gorebyss\n|\n|upkeep\n|\n|t:|1768678488\n|switch|p1a: Sharpedo|Sharpedo-Mega, L80, M|191/243\n|turn|38\n|\n|t:|1768678491\n|move|p2a: Gallade|Close Combat|p1a: Sharpedo\n|-supereffective|p1a: Sharpedo\n|-damage|p1a: Sharpedo|0 fnt\n|-unboost|p2a: Gallade|def|1\n|-unboost|p2a: Gallade|spd|1\n|faint|p1a: Sharpedo\n|detailschange|p1: Sharpedo|Sharpedo, L80, M|[silent]\n|\n|win|1Seleb\n|raw|Corwyn715's rating: 1617 &rarr; <strong>1596</strong><br />(-21 for losing)\n|raw|1Seleb's rating: 1598 &rarr; <strong>1619</strong><br />(+21 for winning)\n|l|☆Corwyn715\n|player|p1|\n|c|☆1Seleb|Gg\n", "inputlog": ">version 3bd1a1e329da8d286644078cfc9a9638fc7ea025\n>start {\"formatid\":\"gen6randombattle\",\"seed\":\"sodium,19927b877931995f0ba714228e38523e\",\"rated\":\"Rated battle\"}\n>player p1 {\"name\":\"Corwyn715\",\"avatar\":\"zinzolin\",\"rating\":1617,\"seed\":\"sodium,7c0d582c91fec7f65aee42bfbcbb784f\"}\n>player p2 {\"name\":\"1Seleb\",\"avatar\":\"265\",\"rating\":1598,\"seed\":\"sodium,c25256e8ccb333460644c3dc677eeb62\"}\n>p1 switch 5\n>p2 switch 6\n>p1 move uturn\n>p2 switch 4\n>p1 switch 5\n>p1 move coil\n>p2 switch 6\n>p1 move earthquake\n>p2 move earthquake\n>p1 switch 3\n>p2 switch 4\n>p1 switch 4\n>p2 move rockslide\n>p1 move toxic\n>p2 move sludgebomb\n>p1 switch 2\n>p2 move knockoff\n>p1 move shiftgear\n>p2 switch 3\n>p1 move thunderbolt\n>p2 move surf\n>p1 move thunderbolt\n>p2 switch 3\n>p1 move blazekick\n>p2 move rockslide\n>p1 move blazekick\n>p2 switch 3\n>p1 move thunderbolt\n>p2 switch 5\n>p1 move blazekick\n>p2 move suckerpunch\n>p1 switch 5\n>p1 move uturn\n>p2 switch 5\n>p1 switch 2\n>p1 move toxic\n>p2 switch 3\n>p1 move morningsun\n>p2 move gigadrain\n>p1 move morningsun\n>p2 switch 5\n>p1 switch 2\n>p2 move sludgebomb\n>p1 switch 4\n>p1 move protect\n>p2 move powerwhip\n>p1 move icefang mega\n>p2 switch 3\n>p1 move crunch\n>p2 move energyball\n>p2 switch 5\n>p1 move protect\n>p2 move gigadrain\n>p1 switch 2\n>p2 move gigadrain\n>p1 switch 2\n>p2 switch 3\n>p1 move icefang\n>p2 move powerwhip\n>p1 move icefang\n>p2 move suckerpunch\n>p2 switch 3\n>p1 move protect\n>p2 move gigadrain\n>p1 switch 2\n>p2 move gigadrain\n>p1 move morningsun\n>p2 move sludgebomb\n>p1 move morningsun\n>p2 switch 6\n>p1 move toxic\n>p2 move stoneedge mega\n>p1 move toxic\n>p2 move earthquake\n>p1 switch 6\n>p1 move shellsmash\n>p2 move stoneedge\n>p1 move hydropump\n>p2 move earthquake\n>p2 switch 6\n>p1 move icebeam\n>p2 move gigadrain\n>p2 switch 2\n>p1 move hydropump\n>p2 move closecombat\n>p1 switch 2\n>p1 move crunch\n>p2 move closecombat", "uploadtime": 1768678504, "views": 263, "formatid": "gen6randombattle", "rating": 1596, "private": 0, "password": null}