{"id": "gen6randombattle-2525293896", "format": "[Gen 6] Random Battle", "players": ["AtomFreeFaller21", "I never run good"], "log": "|j|☆AtomFreeFaller21\n|j|☆I never run good\n|t:|1769264277\n|gametype|singles\n|player|p1|AtomFreeFaller21|266|1661\n|player|p2|I never run good|allister|1802\n|gen|6\n|tier|[Gen 6] Random Battle\n|rated|\n|rule|Sleep Clause Mod: Limit one foe put to sleep\n|rule|HP Percentage Mod: HP is shown in percentages\n|rule|Illusion Level Mod: Illusion disguises the Pokémon's true level\n|\n|t:|1769264277\n|teamsize|p1|6\n|teamsize|p2|6\n|start\n|switch|p1a: Zygarde|Zygarde, L77|293/293\n|switch|p2a: Unown|Unown-F|258/258\n|-ability|p1a: Zygarde|Aura Break\n|turn|1\n|inactive|Battle timer is ON: inactive players will automatically lose when time's up. (requested by AtomFreeFaller21)\n|inactive|I never run good has 120 seconds left.\n|\n|t:|1769264318\n|move|p1a: Zygarde|Dragon Dance|p1a: Zygarde\n|-boost|p1a: Zygarde|atk|1\n|-boost|p1a: Zygarde|spe|1\n|move|p2a: Unown|Hidden Power|p1a: Zygarde\n|-damage|p1a: Zygarde|217/293\n|\n|upkeep\n|turn|2\n|\n|t:|1769264325\n|move|p1a: Zygarde|Dragon Dance|p1a: Zygarde\n|-boost|p1a: Zygarde|atk|1\n|-boost|p1a: Zygarde|spe|1\n|move|p2a: Unown|Hidden Power|p1a: Zygarde\n|-damage|p1a: Zygarde|147/293\n|\n|upkeep\n|turn|3\n|\n|t:|1769264331\n|move|p1a: Zygarde|Outrage|p2a: Unown\n|-damage|p2a: Unown|0 fnt\n|faint|p2a: Unown\n|\n|upkeep\n|\n|t:|1769264336\n|switch|p2a: Forretress|Forretress, L82, F|257/257\n|turn|4\n|\n|t:|1769264341\n|move|p1a: Zygarde|Outrage|p2a: Forretress|[from] lockedmove\n|-resisted|p2a: Forretress\n|-damage|p2a: Forretress|179/257\n|-start|p1a: Zygarde|confusion|[fatigue]\n|-enditem|p1a: Zygarde|Lum Berry|[eat]\n|-end|p1a: Zygarde|confusion\n|move|p2a: Forretress|Gyro Ball|p1a: Zygarde\n|-damage|p1a: Zygarde|39/293\n|\n|-heal|p2a: Forretress|195/257|[from] item: Leftovers\n|upkeep\n|turn|5\n|\n|t:|1769264348\n|move|p1a: Zygarde|Earthquake|p2a: Forretress\n|-damage|p2a: Forretress|62/257\n|move|p2a: Forretress|Gyro Ball|p1a: Zygarde\n|-damage|p1a: Zygarde|0 fnt\n|faint|p1a: Zygarde\n|\n|-heal|p2a: Forretress|78/257|[from] item: Leftovers\n|upkeep\n|inactive|AtomFreeFaller21 has 120 seconds left.\n|\n|t:|1769264390\n|switch|p1a: Pyroar|Pyroar, L86, F|287/287\n|-ability|p1a: Pyroar|Unnerve\n|turn|6\n|inactive|I never run good has 120 seconds left.\n|\n|t:|1769264421\n|move|p1a: Pyroar|Fire Blast|p2a: Forretress|[miss]\n|-miss|p1a: Pyroar|p2a: Forretress\n|move|p2a: Forretress|Stealth Rock|p1a: Pyroar\n|-sidestart|p1: AtomFreeFaller21|move: Stealth Rock\n|\n|-heal|p2a: Forretress|94/257|[from] item: Leftovers\n|upkeep\n|turn|7\n|\n|t:|1769264424\n|move|p1a: Pyroar|Fire Blast|p2a: Forretress\n|-supereffective|p2a: Forretress\n|-damage|p2a: Forretress|0 fnt\n|faint|p2a: Forretress\n|-damage|p1a: Pyroar|259/287|[from] item: Life Orb\n|\n|upkeep\n|inactive|I never run good has 120 seconds left.\n|\n|t:|1769264441\n|switch|p2a: Purugly|Purugly, L88, M|268/268\n|turn|8\n|\n|t:|1769264459\n|switch|p1a: Carracosta|Carracosta, L87, F|271/271\n|-damage|p1a: Carracosta|238/271|[from] Stealth Rock\n|move|p2a: Purugly|Return|p1a: Carracosta\n|-resisted|p1a: Carracosta\n|-crit|p1a: Carracosta\n|-damage|p1a: Carracosta|172/271\n|\n|upkeep\n|turn|9\n|inactive|AtomFreeFaller21 has 120 seconds left.\n|\n|t:|1769264481\n|move|p2a: Purugly|U-turn|p1a: Carracosta\n|-damage|p1a: Carracosta|140/271\n|\n|t:|1769264483\n|switch|p2a: Persian|Persian, L91, M|266/266|[from] U-turn\n|move|p1a: Carracosta|Shell Smash|p1a: Carracosta\n|-unboost|p1a: Carracosta|def|1\n|-unboost|p1a: Carracosta|spd|1\n|-boost|p1a: Carracosta|atk|2\n|-boost|p1a: Carracosta|spa|2\n|-boost|p1a: Carracosta|spe|2\n|-enditem|p1a: Carracosta|White Herb\n|-clearnegativeboost|p1a: Carracosta|[silent]\n|\n|upkeep\n|turn|10\n|inactive|AtomFreeFaller21 has 120 seconds left.\n|\n|t:|1769264509\n|move|p2a: Persian|Hidden Power|p1a: Carracosta\n|-supereffective|p1a: Carracosta\n|-damage|p1a: Carracosta|0 fnt\n|faint|p1a: Carracosta\n|-damage|p2a: Persian|240/266|[from] item: Life Orb\n|\n|upkeep\n|\n|t:|1769264516\n|switch|p1a: Rotom|Rotom-Mow, L86|226/226\n|-damage|p1a: Rotom|198/226|[from] Stealth Rock\n|turn|11\n|\n|t:|1769264533\n|move|p1a: Rotom|Leaf Storm|p2a: Persian\n|-damage|p2a: Persian|72/266\n|-unboost|p1a: Rotom|spa|2\n|move|p2a: Persian|Nasty Plot|p2a: Persian\n|-boost|p2a: Persian|spa|2\n|\n|upkeep\n|turn|12\n|\n|t:|1769264536\n|switch|p2a: Jumpluff|Jumpluff, L90, M|281/281\n|move|p1a: Rotom|Leaf Storm|p2a: Jumpluff\n|-resisted|p2a: Jumpluff\n|-damage|p2a: Jumpluff|263/281\n|-unboost|p1a: Rotom|spa|2\n|\n|upkeep\n|turn|13\n|\n|t:|1769264544\n|move|p1a: Rotom|Leaf Storm|p2a: Jumpluff\n|-resisted|p2a: Jumpluff\n|-damage|p2a: Jumpluff|251/281\n|-unboost|p1a: Rotom|spa|2\n|move|p2a: Jumpluff|Acrobatics|p1a: Rotom\n|-damage|p1a: Rotom|117/226\n|\n|upkeep\n|turn|14\n|\n|t:|1769264547\n|switch|p1a: Dewgong|Dewgong, L94, F|322/322\n|-damage|p1a: Dewgong|242/322|[from] Stealth Rock\n|move|p2a: Jumpluff|Acrobatics|p1a: Dewgong\n|-damage|p1a: Dewgong|157/322\n|\n|-heal|p1a: Dewgong|177/322|[from] item: Leftovers\n|upkeep\n|turn|15\n|\n|t:|1769264552\n|move|p2a: Jumpluff|U-turn|p1a: Dewgong\n|-damage|p1a: Dewgong|141/322\n|\n|t:|1769264554\n|switch|p2a: Purugly|Purugly, L88, M|268/268|[from] U-turn\n|move|p1a: Dewgong|Toxic|p2a: Purugly\n|-status|p2a: Purugly|tox\n|\n|-heal|p1a: Dewgong|161/322|[from] item: Leftovers\n|-damage|p2a: Purugly|252/268 tox|[from] psn\n|upkeep\n|turn|16\n|\n|t:|1769264567\n|switch|p2a: Persian|Persian, L91, M|72/266\n|move|p1a: Dewgong|Ice Beam|p2a: Persian\n|-damage|p2a: Persian|0 fnt\n|faint|p2a: Persian\n|\n|-heal|p1a: Dewgong|181/322|[from] item: Leftovers\n|upkeep\n|\n|t:|1769264572\n|switch|p2a: Jumpluff|Jumpluff, L90, M|251/281\n|turn|17\n|\n|t:|1769264592\n|move|p2a: Jumpluff|Sleep Powder|p1a: Dewgong|[miss]\n|-miss|p2a: Jumpluff|p1a: Dewgong\n|move|p1a: Dewgong|Ice Beam|p2a: Jumpluff\n|-supereffective|p2a: Jumpluff\n|-damage|p2a: Jumpluff|0 fnt\n|faint|p2a: Jumpluff\n|\n|-heal|p1a: Dewgong|201/322|[from] item: Leftovers\n|upkeep\n|\n|t:|1769264600\n|switch|p2a: Carracosta|Carracosta, L87, F|271/271\n|turn|18\n|\n|t:|1769264616\n|move|p1a: Dewgong|Surf|p2a: Carracosta\n|-damage|p2a: Carracosta|163/271\n|move|p2a: Carracosta|Shell Smash|p2a: Carracosta\n|-unboost|p2a: Carracosta|def|1\n|-unboost|p2a: Carracosta|spd|1\n|-boost|p2a: Carracosta|atk|2\n|-boost|p2a: Carracosta|spa|2\n|-boost|p2a: Carracosta|spe|2\n|-enditem|p2a: Carracosta|White Herb\n|-clearnegativeboost|p2a: Carracosta|[silent]\n|\n|-heal|p1a: Dewgong|221/322|[from] item: Leftovers\n|upkeep\n|turn|19\n|\n|t:|1769264638\n|move|p2a: Carracosta|Shell Smash|p2a: Carracosta\n|-unboost|p2a: Carracosta|def|1\n|-unboost|p2a: Carracosta|spd|1\n|-boost|p2a: Carracosta|atk|2\n|-boost|p2a: Carracosta|spa|2\n|-boost|p2a: Carracosta|spe|2\n|move|p1a: Dewgong|Encore|p2a: Carracosta\n|-start|p2a: Carracosta|Encore\n|\n|-heal|p1a: Dewgong|241/322|[from] item: Leftovers\n|upkeep\n|turn|20\n|\n|t:|1769264640\n|move|p2a: Carracosta|Shell Smash|p2a: Carracosta\n|-unboost|p2a: Carracosta|def|1\n|-unboost|p2a: Carracosta|spd|1\n|-boost|p2a: Carracosta|atk|2\n|-boost|p2a: Carracosta|spa|2\n|-boost|p2a: Carracosta|spe|2\n|move|p1a: Dewgong|Surf|p2a: Carracosta\n|-crit|p2a: Carracosta\n|-damage|p2a: Carracosta|0 fnt\n|faint|p2a: Carracosta\n|\n|-heal|p1a: Dewgong|261/322|[from] item: Leftovers\n|upkeep\n|-message|I never run good forfeited.\n|\n|win|AtomFreeFaller21\n|raw|AtomFreeFaller21's rating: 1661 &rarr; <strong>1689</strong><br />(+28 for winning)\n|raw|I never run good's rating: 1802 &rarr; <strong>1774</strong><br />(-28 for losing)\n|l|☆I never run good\n|player|p2|\n", "inputlog": ">version b99ff0165a6231f17e8b78c2a78d1998375de664\n>start {\"formatid\":\"gen6randombattle\",\"seed\":\"sodium,778e78158bb84d80707e3ad7cf765297\",\"rated\":\"Rated battle\"}\n>player p1 {\"name\":\"AtomFreeFaller21\",\"avatar\":\"266\",\"rating\":1661,\"seed\":\"sodium,334f09a9d9f862895ae4221a28d3709b\"}\n>player p2 {\"name\":\"I never run good\",\"avatar\":\"allister\",\"rating\":1802,\"seed\":\"sodium,8e5aaa736b9b54e82f3d6e170a35676a\"}\n>p1 move dragondance\n>p2 move hiddenpower\n>p1 move dragondance\n>p2 move hiddenpower\n>p1 move outrage\n>p2 move hiddenpower\n>p2 switch 2\n>p1 move outrage\n>p2 move gyroball\n>p1 move earthquake\n>p2 move gyroball\n>p1 switch 5\n>p1 move fireblast\n>p2 move stealthrock\n>p1 move fireblast\n>p2 move voltswitch\n>p2 switch 4\n>p1 switch 3\n>p2 move return\n>p1 move shellsmash\n>p2 move uturn\n>p2 switch 3\n>p1 move stoneedge\n>p2 move hiddenpower\n>p1 switch 6\n>p1 move leafstorm\n>p2 move nastyplot\n>p1 move leafstorm\n>p2 switch 6\n>p1 move leafstorm\n>p2 move acrobatics\n>p1 switch 4\n>p2 move acrobatics\n>p1 move toxic\n>p2 move uturn\n>p2 switch 3\n>p1 move icebeam\n>p2 switch 6\n>p2 switch 3\n>p1 move icebeam\n>p2 move sleeppowder\n>p2 switch 5\n>p1 move surf\n>p2 move shellsmash\n>p1 move encore\n>p2 move shellsmash\n>p1 move surf\n>p2 move shellsmash\n>forcelose p2", "uploadtime": 1769264644, "views": 252, "formatid": "gen6randombattle", "rating": 1689, "private": 0, "password": null}