{"id": "gen6randombattle-2517639426", "format": "[Gen 6] Random Battle", "players": ["waterrowing", "myteamsucked"], "log": "|j|☆waterrowing\n|j|☆myteamsucked\n|t:|1768289948\n|gametype|singles\n|player|p1|waterrowing|2|1538\n|player|p2|myteamsucked|gambler|1550\n|gen|6\n|tier|[Gen 6] Random Battle\n|rated|\n|rule|Sleep Clause Mod: Limit one foe put to sleep\n|rule|HP Percentage Mod: HP is shown in percentages\n|rule|Illusion Level Mod: Illusion disguises the Pokémon's true level\n|\n|t:|1768289948\n|teamsize|p1|6\n|teamsize|p2|6\n|start\n|switch|p1a: Wigglytuff|Wigglytuff, L93, M|411/411\n|switch|p2a: Articuno|Articuno, L84|287/287\n|-ability|p2a: Articuno|Pressure\n|turn|1\n|inactive|Battle timer is ON: inactive players will automatically lose when time's up. (requested by myteamsucked)\n|\n|t:|1768289962\n|move|p2a: Articuno|Substitute|p2a: Articuno\n|-start|p2a: Articuno|Substitute\n|-damage|p2a: Articuno|216/287\n|move|p1a: Wigglytuff|Knock Off|p2a: Articuno\n|-activate|p2a: Articuno|move: Substitute|[damage]\n|\n|-heal|p2a: Articuno|233/287|[from] item: Leftovers\n|upkeep\n|turn|2\n|\n|t:|1768289982\n|move|p2a: Articuno|Toxic|p1a: Wigglytuff\n|-status|p1a: Wigglytuff|tox\n|move|p1a: Wigglytuff|Dazzling Gleam|p2a: Articuno\n|-end|p2a: Articuno|Substitute\n|\n|-heal|p2a: Articuno|250/287|[from] item: Leftovers\n|-damage|p1a: Wigglytuff|386/411 tox|[from] psn\n|upkeep\n|turn|3\n|\n|t:|1768289999\n|move|p2a: Articuno|Substitute|p2a: Articuno\n|-start|p2a: Articuno|Substitute\n|-damage|p2a: Articuno|179/287\n|move|p1a: Wigglytuff|Dazzling Gleam|p2a: Articuno\n|-activate|p2a: Articuno|move: Substitute|[damage]\n|\n|-heal|p2a: Articuno|196/287|[from] item: Leftovers\n|-heal|p1a: Wigglytuff|411/411 tox|[from] item: Leftovers\n|-damage|p1a: Wigglytuff|361/411 tox|[from] psn\n|upkeep\n|turn|4\n|\n|t:|1768290016\n|move|p2a: Articuno|Freeze-Dry|p1a: Wigglytuff\n|-damage|p1a: Wigglytuff|258/411 tox\n|move|p1a: Wigglytuff|Dazzling Gleam|p2a: Articuno\n|-end|p2a: Articuno|Substitute\n|\n|-heal|p2a: Articuno|213/287|[from] item: Leftovers\n|-heal|p1a: Wigglytuff|283/411 tox|[from] item: Leftovers\n|-damage|p1a: Wigglytuff|208/411 tox|[from] psn\n|upkeep\n|turn|5\n|\n|t:|1768290026\n|switch|p1a: Regirock|Regirock, L86|278/278\n|move|p2a: Articuno|Substitute|p2a: Articuno\n|-start|p2a: Articuno|Substitute\n|-damage|p2a: Articuno|142/287\n|\n|-heal|p2a: Articuno|159/287|[from] item: Leftovers\n|upkeep\n|turn|6\n|\n|t:|1768290033\n|move|p2a: Articuno|Toxic|p1a: Regirock\n|-status|p1a: Regirock|tox\n|move|p1a: Regirock|Curse|p1a: Regirock\n|-unboost|p1a: Regirock|spe|1\n|-boost|p1a: Regirock|atk|1\n|-boost|p1a: Regirock|def|1\n|\n|-heal|p2a: Articuno|176/287|[from] item: Leftovers\n|-damage|p1a: Regirock|261/278 tox|[from] psn\n|upkeep\n|turn|7\n|\n|t:|1768290038\n|move|p2a: Articuno|Roost|p2a: Articuno\n|-heal|p2a: Articuno|287/287\n|-singleturn|p2a: Articuno|move: Roost\n|move|p1a: Regirock|Drain Punch|p2a: Articuno\n|-supereffective|p2a: Articuno\n|-end|p2a: Articuno|Substitute\n|-heal|p1a: Regirock|278/278 tox|[from] drain|[of] p2a: Articuno\n|\n|-damage|p1a: Regirock|244/278 tox|[from] psn\n|upkeep\n|turn|8\n|\n|t:|1768290055\n|move|p2a: Articuno|Substitute|p2a: Articuno\n|-start|p2a: Articuno|Substitute\n|-damage|p2a: Articuno|216/287\n|move|p1a: Regirock|Drain Punch|p2a: Articuno\n|-end|p2a: Articuno|Substitute\n|-heal|p1a: Regirock|278/278 tox|[from] drain|[of] p2a: Articuno\n|\n|-heal|p2a: Articuno|233/287|[from] item: Leftovers\n|-damage|p1a: Regirock|227/278 tox|[from] psn\n|upkeep\n|turn|9\n|\n|t:|1768290061\n|move|p2a: Articuno|Substitute|p2a: Articuno\n|-start|p2a: Articuno|Substitute\n|-damage|p2a: Articuno|162/287\n|move|p1a: Regirock|Drain Punch|p2a: Articuno\n|-crit|p2a: Articuno\n|-end|p2a: Articuno|Substitute\n|-heal|p1a: Regirock|263/278 tox|[from] drain|[of] p2a: Articuno\n|\n|-heal|p2a: Articuno|179/287|[from] item: Leftovers\n|-damage|p1a: Regirock|195/278 tox|[from] psn\n|upkeep\n|turn|10\n|\n|t:|1768290067\n|move|p2a: Articuno|Substitute|p2a: Articuno\n|-start|p2a: Articuno|Substitute\n|-damage|p2a: Articuno|108/287\n|move|p1a: Regirock|Drain Punch|p2a: Articuno\n|-end|p2a: Articuno|Substitute\n|-heal|p1a: Regirock|231/278 tox|[from] drain|[of] p2a: Articuno\n|\n|-heal|p2a: Articuno|125/287|[from] item: Leftovers\n|-damage|p1a: Regirock|146/278 tox|[from] psn\n|upkeep\n|turn|11\n|inactive|myteamsucked has 120 seconds left.\n|inactive|myteamsucked has 90 seconds left.\n|\n|t:|1768290128\n|move|p2a: Articuno|Substitute|p2a: Articuno\n|-start|p2a: Articuno|Substitute\n|-damage|p2a: Articuno|54/287\n|move|p1a: Regirock|Drain Punch|p2a: Articuno\n|-end|p2a: Articuno|Substitute\n|-heal|p1a: Regirock|182/278 tox|[from] drain|[of] p2a: Articuno\n|\n|-heal|p2a: Articuno|71/287|[from] item: Leftovers\n|-damage|p1a: Regirock|80/278 tox|[from] psn\n|upkeep\n|turn|12\n|inactive|myteamsucked has 90 seconds left.\n|\n|t:|1768290165\n|switch|p2a: Hitmonchan|Hitmonchan, L86, M|226/226\n|move|p1a: Regirock|Rest|p1a: Regirock\n|-status|p1a: Regirock|slp|[from] move: Rest\n|-heal|p1a: Regirock|278/278 slp|[silent]\n|-enditem|p1a: Regirock|Chesto Berry|[eat]\n|-curestatus|p1a: Regirock|slp|[msg]\n|\n|upkeep\n|turn|13\n|\n|t:|1768290183\n|move|p2a: Hitmonchan|Drain Punch|p1a: Regirock\n|-supereffective|p1a: Regirock\n|-damage|p1a: Regirock|204/278\n|move|p1a: Regirock|Drain Punch|p2a: Hitmonchan\n|-crit|p2a: Hitmonchan\n|-damage|p2a: Hitmonchan|96/226\n|-heal|p1a: Regirock|269/278|[from] drain|[of] p2a: Hitmonchan\n|\n|upkeep\n|turn|14\n|\n|t:|1768290199\n|move|p2a: Hitmonchan|Drain Punch|p1a: Regirock\n|-supereffective|p1a: Regirock\n|-damage|p1a: Regirock|201/278\n|-heal|p2a: Hitmonchan|130/226|[from] drain|[of] p1a: Regirock\n|move|p1a: Regirock|Curse|p1a: Regirock\n|-unboost|p1a: Regirock|spe|1\n|-boost|p1a: Regirock|atk|1\n|-boost|p1a: Regirock|def|1\n|\n|upkeep\n|turn|15\n|\n|t:|1768290205\n|move|p2a: Hitmonchan|Drain Punch|p1a: Regirock\n|-supereffective|p1a: Regirock\n|-damage|p1a: Regirock|145/278\n|-heal|p2a: Hitmonchan|158/226|[from] drain|[of] p1a: Regirock\n|move|p1a: Regirock|Drain Punch|p2a: Hitmonchan\n|-damage|p2a: Hitmonchan|30/226\n|-heal|p1a: Regirock|209/278|[from] drain|[of] p2a: Hitmonchan\n|\n|upkeep\n|turn|16\n|\n|t:|1768290215\n|move|p2a: Hitmonchan|Drain Punch|p1a: Regirock\n|-supereffective|p1a: Regirock\n|-damage|p1a: Regirock|155/278\n|-heal|p2a: Hitmonchan|57/226|[from] drain|[of] p1a: Regirock\n|move|p1a: Regirock|Drain Punch|p2a: Hitmonchan\n|-damage|p2a: Hitmonchan|0 fnt\n|-heal|p1a: Regirock|184/278|[from] drain|[of] p2a: Hitmonchan\n|faint|p2a: Hitmonchan\n|\n|upkeep\n|\n|t:|1768290229\n|switch|p2a: Registeel|Registeel, L82|265/265\n|turn|17\n|\n|t:|1768290237\n|move|p2a: Registeel|Toxic|p1a: Regirock\n|-status|p1a: Regirock|tox\n|move|p1a: Regirock|Drain Punch|p2a: Registeel\n|-supereffective|p2a: Registeel\n|-damage|p2a: Registeel|113/265\n|-heal|p1a: Regirock|260/278 tox|[from] drain|[of] p2a: Registeel\n|\n|-heal|p2a: Registeel|129/265|[from] item: Leftovers\n|-damage|p1a: Regirock|243/278 tox|[from] psn\n|upkeep\n|turn|18\n|\n|t:|1768290244\n|switch|p2a: Articuno|Articuno, L84|71/287\n|-ability|p2a: Articuno|Pressure\n|move|p1a: Regirock|Drain Punch|p2a: Articuno\n|-damage|p2a: Articuno|0 fnt\n|-heal|p1a: Regirock|278/278 tox|[from] drain|[of] p2a: Articuno\n|faint|p2a: Articuno\n|\n|-damage|p1a: Regirock|244/278 tox|[from] psn\n|upkeep\n|\n|t:|1768290247\n|switch|p2a: Wigglytuff|Wigglytuff, L93, M|411/411\n|turn|19\n|\n|t:|1768290253\n|move|p2a: Wigglytuff|Dazzling Gleam|p1a: Regirock\n|-damage|p1a: Regirock|165/278 tox\n|move|p1a: Regirock|Stone Edge|p2a: Wigglytuff\n|-damage|p2a: Wigglytuff|96/411\n|\n|-heal|p2a: Wigglytuff|121/411|[from] item: Leftovers\n|-damage|p1a: Regirock|114/278 tox|[from] psn\n|upkeep\n|turn|20\n|\n|t:|1768290262\n|move|p2a: Wigglytuff|Stealth Rock|p1a: Regirock\n|-sidestart|p1: waterrowing|move: Stealth Rock\n|move|p1a: Regirock|Rest|p1a: Regirock\n|-status|p1a: Regirock|slp|[from] move: Rest\n|-heal|p1a: Regirock|278/278 slp|[silent]\n|\n|-heal|p2a: Wigglytuff|146/411|[from] item: Leftovers\n|upkeep\n|turn|21\n|\n|t:|1768290279\n|move|p2a: Wigglytuff|Dazzling Gleam|p1a: Regirock\n|-damage|p1a: Regirock|190/278 slp\n|cant|p1a: Regirock|slp\n|\n|-heal|p2a: Wigglytuff|171/411|[from] item: Leftovers\n|upkeep\n|turn|22\n|\n|t:|1768290282\n|move|p2a: Wigglytuff|Dazzling Gleam|p1a: Regirock\n|-damage|p1a: Regirock|109/278 slp\n|cant|p1a: Regirock|slp\n|\n|-heal|p2a: Wigglytuff|196/411|[from] item: Leftovers\n|upkeep\n|turn|23\n|\n|t:|1768290284\n|move|p2a: Wigglytuff|Dazzling Gleam|p1a: Regirock\n|-damage|p1a: Regirock|28/278 slp\n|-curestatus|p1a: Regirock|slp|[msg]\n|move|p1a: Regirock|Stone Edge|p2a: Wigglytuff|[miss]\n|-miss|p1a: Regirock|p2a: Wigglytuff\n|\n|-heal|p2a: Wigglytuff|221/411|[from] item: Leftovers\n|upkeep\n|turn|24\n|\n|t:|1768290289\n|move|p2a: Wigglytuff|Dazzling Gleam|p1a: Regirock\n|-damage|p1a: Regirock|0 fnt\n|faint|p1a: Regirock\n|\n|-heal|p2a: Wigglytuff|246/411|[from] item: Leftovers\n|upkeep\n|\n|t:|1768290310\n|switch|p1a: Dodrio|Dodrio, L86, F|243/243\n|-damage|p1a: Dodrio|183/243|[from] Stealth Rock\n|turn|25\n|\n|t:|1768290319\n|move|p1a: Dodrio|Brave Bird|p2a: Wigglytuff\n|-damage|p2a: Wigglytuff|0 fnt\n|faint|p2a: Wigglytuff\n|-damage|p1a: Dodrio|102/243|[from] Recoil\n|\n|upkeep\n|\n|t:|1768290324\n|switch|p2a: Registeel|Registeel, L82|129/265\n|turn|26\n|\n|t:|1768290336\n|switch|p1a: Wigglytuff|Wigglytuff, L93, M|208/411 tox\n|-damage|p1a: Wigglytuff|157/411 tox|[from] Stealth Rock\n|move|p2a: Registeel|Rest|p2a: Registeel\n|-status|p2a: Registeel|slp|[from] move: Rest\n|-heal|p2a: Registeel|265/265 slp|[silent]\n|\n|-heal|p1a: Wigglytuff|182/411 tox|[from] item: Leftovers\n|-damage|p1a: Wigglytuff|157/411 tox|[from] psn\n|upkeep\n|turn|27\n|\n|t:|1768290347\n|move|p1a: Wigglytuff|Knock Off|p2a: Registeel\n|-damage|p2a: Registeel|222/265 slp\n|-enditem|p2a: Registeel|Leftovers|[from] move: Knock Off|[of] p1a: Wigglytuff\n|cant|p2a: Registeel|slp\n|move|p2a: Registeel|Sleep Talk|p2a: Registeel\n|move|p2a: Registeel|Rest||[from] move: Sleep Talk|[still]\n|-fail|p2a: Registeel\n|\n|-heal|p1a: Wigglytuff|182/411 tox|[from] item: Leftovers\n|-damage|p1a: Wigglytuff|132/411 tox|[from] psn\n|upkeep\n|turn|28\n|\n|t:|1768290354\n|move|p1a: Wigglytuff|Wish|p1a: Wigglytuff\n|cant|p2a: Registeel|slp\n|move|p2a: Registeel|Sleep Talk|p2a: Registeel\n|move|p2a: Registeel|Rest||[from] move: Sleep Talk|[still]\n|-fail|p2a: Registeel\n|\n|-heal|p1a: Wigglytuff|157/411 tox|[from] item: Leftovers\n|-damage|p1a: Wigglytuff|82/411 tox|[from] psn\n|upkeep\n|turn|29\n|\n|t:|1768290373\n|switch|p1a: Golurk|Golurk, L83|283/283\n|-damage|p1a: Golurk|266/283|[from] Stealth Rock\n|-curestatus|p2a: Registeel|slp|[msg]\n|move|p2a: Registeel|Seismic Toss|p1a: Golurk\n|-immune|p1a: Golurk\n|\n|-heal|p1a: Golurk|283/283|[from] move: Wish|[wisher] Wigglytuff\n|upkeep\n|turn|30\n|\n|t:|1768290384\n|move|p1a: Golurk|Dynamic Punch|p2a: Registeel\n|-supereffective|p2a: Registeel\n|-damage|p2a: Registeel|74/265\n|-start|p2a: Registeel|confusion\n|-damage|p1a: Golurk|255/283|[from] item: Life Orb\n|-activate|p2a: Registeel|confusion\n|move|p2a: Registeel|Toxic|p1a: Golurk\n|-status|p1a: Golurk|tox\n|\n|-damage|p1a: Golurk|238/283 tox|[from] psn\n|upkeep\n|turn|31\n|\n|t:|1768290396\n|move|p1a: Golurk|Dynamic Punch|p2a: Registeel\n|-supereffective|p2a: Registeel\n|-damage|p2a: Registeel|0 fnt\n|faint|p2a: Registeel\n|-damage|p1a: Golurk|210/283 tox|[from] item: Life Orb\n|\n|-damage|p1a: Golurk|176/283 tox|[from] psn\n|upkeep\n|\n|t:|1768290399\n|switch|p2a: Absol|Absol, L80, F|235/235\n|turn|32\n|\n|t:|1768290404\n|detailschange|p2a: Absol|Absol-Mega, L80, F\n|-mega|p2a: Absol|Absol|Absolite\n|move|p2a: Absol|Knock Off|p1a: Golurk\n|-supereffective|p1a: Golurk\n|-damage|p1a: Golurk|0 fnt\n|-enditem|p1a: Golurk|Life Orb|[from] move: Knock Off|[of] p2a: Absol\n|faint|p1a: Golurk\n|\n|upkeep\n|\n|t:|1768290417\n|switch|p1a: Avalugg|Avalugg, L90, F|317/317\n|-damage|p1a: Avalugg|238/317|[from] Stealth Rock\n|turn|33\n|\n|t:|1768290423\n|move|p2a: Absol|Knock Off|p1a: Avalugg\n|-damage|p1a: Avalugg|166/317\n|-enditem|p1a: Avalugg|Leftovers|[from] move: Knock Off|[of] p2a: Absol\n|move|p1a: Avalugg|Rapid Spin|p2a: Absol\n|-damage|p2a: Absol|205/235\n|-sideend|p1: waterrowing|Stealth Rock|[from] move: Rapid Spin|[of] p1a: Avalugg\n|\n|upkeep\n|turn|34\n|\n|t:|1768290430\n|move|p2a: Absol|Iron Tail|p1a: Avalugg\n|-supereffective|p1a: Avalugg\n|-damage|p1a: Avalugg|64/317\n|move|p1a: Avalugg|Avalanche|p2a: Absol\n|-crit|p2a: Absol\n|-damage|p2a: Absol|0 fnt\n|faint|p2a: Absol\n|detailschange|p2: Absol|Absol, L80, F|[silent]\n|\n|upkeep\n|\n|t:|1768290435\n|switch|p2a: Raticate|Raticate, L88, F|240/240\n|turn|35\n|\n|t:|1768290447\n|move|p2a: Raticate|Swords Dance|p2a: Raticate\n|-boost|p2a: Raticate|atk|2\n|move|p1a: Avalugg|Earthquake|p2a: Raticate\n|-damage|p2a: Raticate|126/240\n|\n|-status|p2a: Raticate|tox|[from] item: Toxic Orb\n|upkeep\n|turn|36\n|\n|t:|1768290451\n|move|p2a: Raticate|Facade|p1a: Avalugg\n|-damage|p1a: Avalugg|0 fnt\n|faint|p1a: Avalugg\n|\n|-damage|p2a: Raticate|111/240 tox|[from] psn\n|upkeep\n|\n|t:|1768290459\n|switch|p1a: Dodrio|Dodrio, L86, F|102/243\n|turn|37\n|\n|t:|1768290462\n|move|p2a: Raticate|Sucker Punch|p1a: Dodrio\n|-damage|p1a: Dodrio|0 fnt\n|faint|p1a: Dodrio\n|\n|-damage|p2a: Raticate|81/240 tox|[from] psn\n|upkeep\n|\n|t:|1768290468\n|switch|p1a: Wigglytuff|Wigglytuff, L93, M|82/411 tox\n|turn|38\n|\n|t:|1768290471\n|move|p1a: Wigglytuff|Protect|p1a: Wigglytuff\n|-singleturn|p1a: Wigglytuff|Protect\n|move|p2a: Raticate|Facade|p1a: Wigglytuff\n|-activate|p1a: Wigglytuff|move: Protect\n|\n|-heal|p1a: Wigglytuff|107/411 tox|[from] item: Leftovers\n|-damage|p2a: Raticate|36/240 tox|[from] psn\n|-damage|p1a: Wigglytuff|82/411 tox|[from] psn\n|upkeep\n|turn|39\n|c|☆myteamsucked|gg\n|c|☆myteamsucked|wp\n|\n|t:|1768290480\n|move|p1a: Wigglytuff|Protect|p1a: Wigglytuff\n|-singleturn|p1a: Wigglytuff|Protect\n|move|p2a: Raticate|Facade|p1a: Wigglytuff\n|-activate|p1a: Wigglytuff|move: Protect\n|\n|-heal|p1a: Wigglytuff|107/411 tox|[from] item: Leftovers\n|-damage|p2a: Raticate|0 fnt|[from] psn\n|faint|p2a: Raticate\n|\n|win|waterrowing\n|raw|waterrowing's rating: 1538 &rarr; <strong>1559</strong><br />(+21 for winning)\n|raw|myteamsucked's rating: 1550 &rarr; <strong>1529</strong><br />(-21 for losing)\n", "inputlog": ">version f2883557ca71b1a14bc1039fd307aee7de4ab455\n>start {\"formatid\":\"gen6randombattle\",\"seed\":\"sodium,83cc5cf5ec20a389d29310ac3c724a52\",\"rated\":\"Rated battle\"}\n>player p1 {\"name\":\"waterrowing\",\"avatar\":\"2\",\"rating\":1538,\"seed\":\"sodium,c06dcffa1cc3c5f51e06c548e010224f\"}\n>player p2 {\"name\":\"myteamsucked\",\"avatar\":\"gambler\",\"rating\":1550,\"seed\":\"sodium,23d30302cff715598df39c76cae479ca\"}\n>p1 move knockoff\n>p2 move substitute\n>p1 move dazzlinggleam\n>p2 move toxic\n>p1 move dazzlinggleam\n>p2 move substitute\n>p1 move dazzlinggleam\n>p2 move freezedry\n>p1 switch 4\n>p2 move substitute\n>p1 move curse\n>p2 move toxic\n>p1 move drainpunch\n>p2 move roost\n>p1 move drainpunch\n>p2 move substitute\n>p1 move drainpunch\n>p2 move substitute\n>p1 move drainpunch\n>p2 move substitute\n>p1 move drainpunch\n>p2 move substitute\n>p1 move rest\n>p2 switch 2\n>p1 move drainpunch\n>p2 move drainpunch\n>p1 move curse\n>p2 move drainpunch\n>p1 move drainpunch\n>p2 move drainpunch\n>p1 move drainpunch\n>p2 move drainpunch\n>p2 switch 3\n>p1 move drainpunch\n>p2 move toxic\n>p1 move drainpunch\n>p2 switch 2\n>p2 switch 6\n>p1 move stoneedge\n>p2 move dazzlinggleam\n>p1 move rest\n>p2 move stealthrock\n>p1 move stoneedge\n>p2 move dazzlinggleam\n>p1 move stoneedge\n>p2 move dazzlinggleam\n>p1 move stoneedge\n>p2 move dazzlinggleam\n>p1 move stoneedge\n>p2 move dazzlinggleam\n>p1 switch 2\n>p1 move bravebird\n>p2 move dazzlinggleam\n>p2 switch 2\n>p1 switch 4\n>p2 move rest\n>p1 move knockoff\n>p2 move sleeptalk\n>p1 move wish\n>p2 move sleeptalk\n>p1 switch 6\n>p2 move seismictoss\n>p1 move dynamicpunch\n>p2 move toxic\n>p1 move dynamicpunch\n>p2 move rest\n>p2 switch 5\n>p1 move dynamicpunch\n>p2 move knockoff mega\n>p1 switch 5\n>p1 move rapidspin\n>p2 move knockoff\n>p1 move avalanche\n>p2 move irontail\n>p2 switch 4\n>p1 move earthquake\n>p2 move swordsdance\n>p1 move earthquake\n>p2 move facade\n>p1 switch 4\n>p1 move quickattack\n>p2 move suckerpunch\n>p1 switch 6\n>p1 move protect\n>p2 move facade\n>chat ☆myteamsucked|gg\n>chat ☆myteamsucked|wp\n>p1 move protect\n>p2 move facade", "uploadtime": 1768290484, "views": 212, "formatid": "gen6randombattle", "rating": 1529, "private": 0, "password": null}