{"id": "gen6randombattle-2518713450", "format": "[Gen 6] Random Battle", "players": ["mlungero", "anguscloud"], "log": "|j|☆mlungero\n|j|☆anguscloud\n|t:|1768418743\n|gametype|singles\n|player|p1|mlungero|brock|1565\n|player|p2|anguscloud|zinzolin|1629\n|gen|6\n|tier|[Gen 6] Random Battle\n|rated|\n|rule|Sleep Clause Mod: Limit one foe put to sleep\n|rule|HP Percentage Mod: HP is shown in percentages\n|rule|Illusion Level Mod: Illusion disguises the Pokémon's true level\n|\n|t:|1768418743\n|teamsize|p1|6\n|teamsize|p2|6\n|start\n|switch|p1a: Reuniclus|Reuniclus, L85, F|326/326\n|switch|p2a: Rotom|Rotom-Heat, L82|216/216\n|turn|1\n|inactive|Battle timer is ON: inactive players will automatically lose when time's up. (requested by anguscloud)\n|inactive|anguscloud has 120 seconds left.\n|inactive|anguscloud has 90 seconds left.\n|c|☆anguscloud|hf\n|\n|t:|1768418825\n|switch|p2a: Illumise|Illumise, L91, F|266/266\n|move|p1a: Reuniclus|Psyshock|p2a: Illumise\n|-damage|p2a: Illumise|85/266\n|\n|-heal|p2a: Illumise|101/266|[from] item: Leftovers\n|upkeep\n|turn|2\n|\n|t:|1768418836\n|switch|p2a: Slowking|Slowking, L86, F|304/304\n|move|p1a: Reuniclus|Psyshock|p2a: Slowking\n|-resisted|p2a: Slowking\n|-damage|p2a: Slowking|226/304\n|\n|-heal|p2a: Slowking|245/304|[from] item: Leftovers\n|upkeep\n|turn|3\n|\n|t:|1768418841\n|switch|p1a: Wormadam|Wormadam-Trash, L88, F|249/249\n|move|p2a: Slowking|Nasty Plot|p2a: Slowking\n|-boost|p2a: Slowking|spa|2\n|\n|-heal|p2a: Slowking|264/304|[from] item: Leftovers\n|upkeep\n|turn|4\n|\n|t:|1768418853\n|switch|p2a: Gliscor|Gliscor, L77, M|242/242\n|move|p1a: Wormadam|Toxic|p2a: Gliscor\n|-status|p2a: Gliscor|tox\n|\n|upkeep\n|turn|5\n|\n|t:|1768418856\n|move|p2a: Gliscor|Swords Dance|p2a: Gliscor\n|-boost|p2a: Gliscor|atk|2\n|move|p1a: Wormadam|Stealth Rock|p2a: Gliscor\n|-sidestart|p2: anguscloud|move: Stealth Rock\n|\n|upkeep\n|turn|6\n|\n|t:|1768418865\n|switch|p1a: Staraptor|Staraptor, L78, M|261/261\n|move|p2a: Gliscor|Swords Dance|p2a: Gliscor\n|-boost|p2a: Gliscor|atk|2\n|\n|upkeep\n|turn|7\n|\n|t:|1768418873\n|move|p1a: Staraptor|Double-Edge|p2a: Gliscor\n|-damage|p2a: Gliscor|40/242 tox\n|-damage|p1a: Staraptor|194/261|[from] Recoil\n|move|p2a: Gliscor|Facade|p1a: Staraptor\n|-damage|p1a: Staraptor|0 fnt\n|faint|p1a: Staraptor\n|\n|-heal|p2a: Gliscor|70/242 tox|[from] ability: Poison Heal\n|upkeep\n|\n|t:|1768418881\n|switch|p1a: Venomoth|Venomoth, L84, M|255/255\n|turn|8\n|\n|t:|1768418895\n|switch|p2a: Porygon-Z|Porygon-Z, L82|274/274\n|-damage|p2a: Porygon-Z|240/274|[from] Stealth Rock\n|move|p1a: Venomoth|Sludge Bomb|p2a: Porygon-Z\n|-damage|p2a: Porygon-Z|140/274\n|\n|upkeep\n|turn|9\n|\n|t:|1768418910\n|switch|p1a: Wormadam|Wormadam-Trash, L88, F|249/249\n|move|p2a: Porygon-Z|Tri Attack|p1a: Wormadam\n|-resisted|p1a: Wormadam\n|-damage|p1a: Wormadam|187/249\n|\n|-heal|p1a: Wormadam|202/249|[from] item: Leftovers\n|upkeep\n|turn|10\n|inactive|anguscloud has 120 seconds left.\n|c|☆mlungero|Oh snap missed your text. Glhf to you too\n|\n|t:|1768418942\n|switch|p2a: Rotom|Rotom-Heat, L82|216/216\n|-damage|p2a: Rotom|162/216|[from] Stealth Rock\n|switch|p1a: Milotic|Milotic, L83, M|293/293\n|\n|-heal|p2a: Rotom|175/216|[from] item: Leftovers\n|upkeep\n|turn|11\n|c|☆anguscloud|haha np\n|\n|t:|1768418950\n|move|p2a: Rotom|Thunderbolt|p1a: Milotic\n|-supereffective|p1a: Milotic\n|-damage|p1a: Milotic|135/293\n|move|p1a: Milotic|Scald|p2a: Rotom\n|-supereffective|p2a: Rotom\n|-damage|p2a: Rotom|29/216\n|\n|-heal|p2a: Rotom|42/216|[from] item: Leftovers\n|-heal|p1a: Milotic|153/293|[from] item: Leftovers\n|upkeep\n|turn|12\n|\n|t:|1768418958\n|switch|p1a: Reuniclus|Reuniclus, L85, F|326/326\n|move|p2a: Rotom|Thunderbolt|p1a: Reuniclus\n|-damage|p1a: Reuniclus|220/326\n|\n|-heal|p2a: Rotom|55/216|[from] item: Leftovers\n|upkeep\n|turn|13\n|\n|t:|1768418966\n|switch|p1a: Milotic|Milotic, L83, M|153/293\n|move|p2a: Rotom|Overheat|p1a: Milotic\n|-resisted|p1a: Milotic\n|-damage|p1a: Milotic|98/293\n|-unboost|p2a: Rotom|spa|2\n|\n|-heal|p2a: Rotom|68/216|[from] item: Leftovers\n|-heal|p1a: Milotic|116/293|[from] item: Leftovers\n|upkeep\n|turn|14\n|\n|t:|1768418973\n|switch|p2a: Slowking|Slowking, L86, F|304/304\n|-damage|p2a: Slowking|266/304|[from] Stealth Rock\n|move|p1a: Milotic|Recover|p1a: Milotic\n|-heal|p1a: Milotic|263/293\n|\n|-heal|p1a: Milotic|281/293|[from] item: Leftovers\n|-heal|p2a: Slowking|285/304|[from] item: Leftovers\n|upkeep\n|turn|15\n|\n|t:|1768418976\n|move|p1a: Milotic|Toxic|p2a: Slowking\n|-status|p2a: Slowking|tox\n|move|p2a: Slowking|Nasty Plot|p2a: Slowking\n|-boost|p2a: Slowking|spa|2\n|\n|-heal|p1a: Milotic|293/293|[from] item: Leftovers\n|-heal|p2a: Slowking|304/304 tox|[from] item: Leftovers\n|-damage|p2a: Slowking|285/304 tox|[from] psn\n|upkeep\n|turn|16\n|\n|t:|1768418985\n|move|p2a: Slowking|Thunder Wave|p1a: Milotic\n|-status|p1a: Milotic|par\n|move|p1a: Milotic|Dragon Tail|p2a: Slowking\n|-damage|p2a: Slowking|252/304 tox\n|drag|p2a: Illumise|Illumise, L91, F|101/266\n|-damage|p2a: Illumise|35/266|[from] Stealth Rock\n|\n|-heal|p2a: Illumise|51/266|[from] item: Leftovers\n|upkeep\n|turn|17\n|\n|t:|1768418991\n|switch|p1a: Wormadam|Wormadam-Trash, L88, F|202/249\n|move|p2a: Illumise|Roost|p2a: Illumise\n|-heal|p2a: Illumise|184/266\n|-singleturn|p2a: Illumise|move: Roost\n|\n|-heal|p2a: Illumise|200/266|[from] item: Leftovers\n|-heal|p1a: Wormadam|217/249|[from] item: Leftovers\n|upkeep\n|turn|18\n|\n|t:|1768418995\n|switch|p2a: Gliscor|Gliscor, L77, M|70/242 tox\n|-damage|p2a: Gliscor|40/242 tox|[from] Stealth Rock\n|move|p1a: Wormadam|Flash Cannon|p2a: Gliscor\n|-damage|p2a: Gliscor|0 fnt\n|faint|p2a: Gliscor\n|\n|-heal|p1a: Wormadam|232/249|[from] item: Leftovers\n|upkeep\n|\n|t:|1768419012\n|switch|p2a: Rotom|Rotom-Heat, L82|68/216\n|-damage|p2a: Rotom|14/216|[from] Stealth Rock\n|turn|19\n|\n|t:|1768419040\n|switch|p1a: Reuniclus|Reuniclus, L85, F|220/326\n|move|p2a: Rotom|Thunderbolt|p1a: Reuniclus\n|-damage|p1a: Reuniclus|120/326\n|\n|-heal|p2a: Rotom|27/216|[from] item: Leftovers\n|upkeep\n|turn|20\n|\n|t:|1768419049\n|move|p2a: Rotom|Overheat|p1a: Reuniclus\n|-damage|p1a: Reuniclus|0 fnt\n|-unboost|p2a: Rotom|spa|2\n|faint|p1a: Reuniclus\n|\n|-heal|p2a: Rotom|40/216|[from] item: Leftovers\n|upkeep\n|\n|t:|1768419060\n|switch|p1a: Venomoth|Venomoth, L84, M|255/255\n|turn|21\n|\n|t:|1768419068\n|switch|p2a: Illumise|Illumise, L91, F|200/266\n|-damage|p2a: Illumise|134/266|[from] Stealth Rock\n|move|p1a: Venomoth|Bug Buzz|p2a: Illumise\n|-damage|p2a: Illumise|46/266\n|\n|-heal|p2a: Illumise|62/266|[from] item: Leftovers\n|upkeep\n|turn|22\n|\n|t:|1768419074\n|switch|p1a: Wormadam|Wormadam-Trash, L88, F|232/249\n|move|p2a: Illumise|Thunder Wave|p1a: Wormadam\n|-status|p1a: Wormadam|par\n|\n|-heal|p2a: Illumise|78/266|[from] item: Leftovers\n|-heal|p1a: Wormadam|247/249 par|[from] item: Leftovers\n|upkeep\n|turn|23\n|\n|t:|1768419079\n|move|p2a: Illumise|Roost|p2a: Illumise\n|-heal|p2a: Illumise|211/266\n|-singleturn|p2a: Illumise|move: Roost\n|cant|p1a: Wormadam|par\n|\n|-heal|p2a: Illumise|227/266|[from] item: Leftovers\n|-heal|p1a: Wormadam|249/249 par|[from] item: Leftovers\n|upkeep\n|turn|24\n|\n|t:|1768419081\n|switch|p2a: Slowking|Slowking, L86, F|304/304 tox\n|-damage|p2a: Slowking|266/304 tox|[from] Stealth Rock\n|cant|p1a: Wormadam|par\n|\n|-heal|p2a: Slowking|285/304 tox|[from] item: Leftovers\n|-damage|p2a: Slowking|266/304 tox|[from] psn\n|upkeep\n|turn|25\n|\n|t:|1768419088\n|switch|p1a: Bibarel|Bibarel, L95, F|304/304\n|move|p2a: Slowking|Scald|p1a: Bibarel\n|-resisted|p1a: Bibarel\n|-damage|p1a: Bibarel|248/304\n|\n|-heal|p2a: Slowking|285/304 tox|[from] item: Leftovers\n|-damage|p2a: Slowking|247/304 tox|[from] psn\n|upkeep\n|turn|26\n|\n|t:|1768419092\n|move|p1a: Bibarel|Return|p2a: Slowking\n|-crit|p2a: Slowking\n|-damage|p2a: Slowking|0 fnt\n|faint|p2a: Slowking\n|-damage|p1a: Bibarel|218/304|[from] item: Life Orb\n|\n|upkeep\n|\n|t:|1768419095\n|switch|p2a: Porygon-Z|Porygon-Z, L82|140/274\n|-damage|p2a: Porygon-Z|106/274|[from] Stealth Rock\n|turn|27\n|\n|t:|1768419105\n|switch|p1a: Wormadam|Wormadam-Trash, L88, F|249/249 par\n|move|p2a: Porygon-Z|Thunderbolt|p1a: Wormadam\n|-damage|p1a: Wormadam|176/249 par\n|\n|-heal|p1a: Wormadam|191/249 par|[from] item: Leftovers\n|upkeep\n|turn|28\n|\n|t:|1768419119\n|move|p2a: Porygon-Z|Thunderbolt|p1a: Wormadam\n|-damage|p1a: Wormadam|114/249 par\n|move|p1a: Wormadam|Flash Cannon|p2a: Porygon-Z\n|-damage|p2a: Porygon-Z|21/274\n|\n|-heal|p1a: Wormadam|129/249 par|[from] item: Leftovers\n|upkeep\n|turn|29\n|\n|t:|1768419123\n|move|p1a: Wormadam|Protect|p1a: Wormadam\n|-singleturn|p1a: Wormadam|Protect\n|move|p2a: Porygon-Z|Thunderbolt|p1a: Wormadam\n|-activate|p1a: Wormadam|move: Protect\n|\n|-heal|p1a: Wormadam|144/249 par|[from] item: Leftovers\n|upkeep\n|turn|30\n|\n|t:|1768419127\n|move|p2a: Porygon-Z|Thunderbolt|p1a: Wormadam\n|-damage|p1a: Wormadam|78/249 par\n|move|p1a: Wormadam|Flash Cannon|p2a: Porygon-Z\n|-damage|p2a: Porygon-Z|0 fnt\n|faint|p2a: Porygon-Z\n|\n|-heal|p1a: Wormadam|93/249 par|[from] item: Leftovers\n|upkeep\n|\n|t:|1768419133\n|switch|p2a: Illumise|Illumise, L91, F|227/266\n|-damage|p2a: Illumise|161/266|[from] Stealth Rock\n|turn|31\n|\n|t:|1768419135\n|move|p2a: Illumise|Encore|p1a: Wormadam\n|-start|p1a: Wormadam|Encore\n|move|p1a: Wormadam|Flash Cannon|p2a: Illumise\n|-crit|p2a: Illumise\n|-damage|p2a: Illumise|46/266\n|\n|-heal|p2a: Illumise|62/266|[from] item: Leftovers\n|-heal|p1a: Wormadam|108/249 par|[from] item: Leftovers\n|upkeep\n|turn|32\n|\n|t:|1768419143\n|switch|p1a: Milotic|Milotic, L83, M|293/293 par\n|move|p2a: Illumise|Bug Buzz|p1a: Milotic\n|-damage|p1a: Milotic|229/293 par\n|\n|-heal|p2a: Illumise|78/266|[from] item: Leftovers\n|-heal|p1a: Milotic|247/293 par|[from] item: Leftovers\n|upkeep\n|turn|33\n|\n|t:|1768419147\n|move|p2a: Illumise|Bug Buzz|p1a: Milotic\n|-damage|p1a: Milotic|181/293 par\n|cant|p1a: Milotic|par\n|\n|-heal|p2a: Illumise|94/266|[from] item: Leftovers\n|-heal|p1a: Milotic|199/293 par|[from] item: Leftovers\n|upkeep\n|turn|34\n|\n|t:|1768419151\n|move|p2a: Illumise|Bug Buzz|p1a: Milotic\n|-damage|p1a: Milotic|127/293 par\n|-unboost|p1a: Milotic|spd|1\n|cant|p1a: Milotic|par\n|\n|-heal|p2a: Illumise|110/266|[from] item: Leftovers\n|-heal|p1a: Milotic|145/293 par|[from] item: Leftovers\n|upkeep\n|turn|35\n|\n|t:|1768419155\n|switch|p1a: Wormadam|Wormadam-Trash, L88, F|108/249 par\n|move|p2a: Illumise|Bug Buzz|p1a: Wormadam\n|-resisted|p1a: Wormadam\n|-damage|p1a: Wormadam|70/249 par\n|\n|-heal|p2a: Illumise|126/266|[from] item: Leftovers\n|-heal|p1a: Wormadam|85/249 par|[from] item: Leftovers\n|upkeep\n|turn|36\n|\n|t:|1768419158\n|move|p2a: Illumise|Bug Buzz|p1a: Wormadam\n|-resisted|p1a: Wormadam\n|-damage|p1a: Wormadam|45/249 par\n|move|p1a: Wormadam|Toxic|p2a: Illumise\n|-status|p2a: Illumise|tox\n|\n|-heal|p2a: Illumise|142/266 tox|[from] item: Leftovers\n|-heal|p1a: Wormadam|60/249 par|[from] item: Leftovers\n|-damage|p2a: Illumise|126/266 tox|[from] psn\n|upkeep\n|turn|37\n|\n|t:|1768419165\n|move|p1a: Wormadam|Protect|p1a: Wormadam\n|-singleturn|p1a: Wormadam|Protect\n|move|p2a: Illumise|Roost|p2a: Illumise\n|-heal|p2a: Illumise|259/266 tox\n|-singleturn|p2a: Illumise|move: Roost\n|\n|-heal|p2a: Illumise|266/266 tox|[from] item: Leftovers\n|-heal|p1a: Wormadam|75/249 par|[from] item: Leftovers\n|-damage|p2a: Illumise|234/266 tox|[from] psn\n|upkeep\n|turn|38\n|\n|t:|1768419168\n|switch|p1a: Milotic|Milotic, L83, M|145/293 par\n|move|p2a: Illumise|Encore||[still]\n|-fail|p2a: Illumise\n|\n|-heal|p2a: Illumise|250/266 tox|[from] item: Leftovers\n|-heal|p1a: Milotic|163/293 par|[from] item: Leftovers\n|-damage|p2a: Illumise|202/266 tox|[from] psn\n|upkeep\n|turn|39\n|\n|t:|1768419172\n|move|p2a: Illumise|Bug Buzz|p1a: Milotic\n|-damage|p1a: Milotic|93/293 par\n|cant|p1a: Milotic|par\n|\n|-heal|p2a: Illumise|218/266 tox|[from] item: Leftovers\n|-heal|p1a: Milotic|111/293 par|[from] item: Leftovers\n|-damage|p2a: Illumise|154/266 tox|[from] psn\n|upkeep\n|turn|40\n|\n|t:|1768419175\n|move|p2a: Illumise|Bug Buzz|p1a: Milotic\n|-damage|p1a: Milotic|45/293 par\n|move|p1a: Milotic|Recover|p1a: Milotic\n|-heal|p1a: Milotic|192/293 par\n|\n|-heal|p2a: Illumise|170/266 tox|[from] item: Leftovers\n|-heal|p1a: Milotic|210/293 par|[from] item: Leftovers\n|-damage|p2a: Illumise|90/266 tox|[from] psn\n|upkeep\n|turn|41\n|\n|t:|1768419180\n|switch|p1a: Wormadam|Wormadam-Trash, L88, F|75/249 par\n|move|p2a: Illumise|Bug Buzz|p1a: Wormadam\n|-resisted|p1a: Wormadam\n|-damage|p1a: Wormadam|37/249 par\n|\n|-heal|p2a: Illumise|106/266 tox|[from] item: Leftovers\n|-heal|p1a: Wormadam|52/249 par|[from] item: Leftovers\n|-damage|p2a: Illumise|10/266 tox|[from] psn\n|upkeep\n|turn|42\n|\n|t:|1768419183\n|move|p1a: Wormadam|Protect|p1a: Wormadam\n|-singleturn|p1a: Wormadam|Protect\n|move|p2a: Illumise|Roost|p2a: Illumise\n|-heal|p2a: Illumise|143/266 tox\n|-singleturn|p2a: Illumise|move: Roost\n|\n|-heal|p2a: Illumise|159/266 tox|[from] item: Leftovers\n|-heal|p1a: Wormadam|67/249 par|[from] item: Leftovers\n|-damage|p2a: Illumise|47/266 tox|[from] psn\n|upkeep\n|turn|43\n|\n|t:|1768419187\n|move|p1a: Wormadam|Protect||[still]\n|-fail|p1a: Wormadam\n|move|p2a: Illumise|Encore|p1a: Wormadam\n|-start|p1a: Wormadam|Encore\n|\n|-heal|p2a: Illumise|63/266 tox|[from] item: Leftovers\n|-heal|p1a: Wormadam|82/249 par|[from] item: Leftovers\n|-damage|p2a: Illumise|0 fnt|[from] psn\n|faint|p2a: Illumise\n|upkeep\n|\n|t:|1768419189\n|switch|p2a: Vigoroth|Vigoroth, L88, F|284/284\n|-damage|p2a: Vigoroth|249/284|[from] Stealth Rock\n|turn|44\n|\n|t:|1768419193\n|switch|p1a: Milotic|Milotic, L83, M|210/293 par\n|move|p2a: Vigoroth|Bulk Up|p2a: Vigoroth\n|-boost|p2a: Vigoroth|atk|1\n|-boost|p2a: Vigoroth|def|1\n|\n|-heal|p1a: Milotic|228/293 par|[from] item: Leftovers\n|upkeep\n|turn|45\n|\n|t:|1768419197\n|move|p2a: Vigoroth|Bulk Up|p2a: Vigoroth\n|-boost|p2a: Vigoroth|atk|1\n|-boost|p2a: Vigoroth|def|1\n|cant|p1a: Milotic|par\n|\n|-heal|p1a: Milotic|246/293 par|[from] item: Leftovers\n|upkeep\n|turn|46\n|\n|t:|1768419200\n|move|p2a: Vigoroth|Return|p1a: Milotic\n|-damage|p1a: Milotic|99/293 par\n|move|p1a: Milotic|Dragon Tail|p2a: Vigoroth|[miss]\n|-miss|p1a: Milotic|p2a: Vigoroth\n|\n|-heal|p1a: Milotic|117/293 par|[from] item: Leftovers\n|upkeep\n|turn|47\n|c|☆mlungero|Bruhhhhh\n|c|☆anguscloud|insane rng the past like 10 turns\n|\n|t:|1768419213\n|move|p2a: Vigoroth|Return|p1a: Milotic\n|-damage|p1a: Milotic|0 fnt\n|faint|p1a: Milotic\n|\n|upkeep\n|c|☆anguscloud|showdown really wanted that milotic to suffer\n|inactive|mlungero has 120 seconds left.\n|c|☆mlungero|Yeah nah I think you win more lol coz I can't even put it to sleep 😭\n|\n|t:|1768419245\n|switch|p1a: Wormadam|Wormadam-Trash, L88, F|82/249 par\n|turn|48\n|\n|t:|1768419252\n|move|p1a: Wormadam|Protect|p1a: Wormadam\n|-singleturn|p1a: Wormadam|Protect\n|move|p2a: Vigoroth|Return|p1a: Wormadam\n|-activate|p1a: Wormadam|move: Protect\n|\n|-heal|p1a: Wormadam|97/249 par|[from] item: Leftovers\n|upkeep\n|turn|49\n|\n|t:|1768419255\n|move|p2a: Vigoroth|Return|p1a: Wormadam\n|-resisted|p1a: Wormadam\n|-damage|p1a: Wormadam|7/249 par\n|move|p1a: Wormadam|Toxic|p2a: Vigoroth\n|-status|p2a: Vigoroth|tox\n|\n|-heal|p1a: Wormadam|22/249 par|[from] item: Leftovers\n|-damage|p2a: Vigoroth|232/284 tox|[from] psn\n|upkeep\n|turn|50\n|\n|t:|1768419259\n|move|p1a: Wormadam|Protect|p1a: Wormadam\n|-singleturn|p1a: Wormadam|Protect\n|move|p2a: Vigoroth|Return|p1a: Wormadam\n|-activate|p1a: Wormadam|move: Protect\n|\n|-heal|p1a: Wormadam|37/249 par|[from] item: Leftovers\n|-damage|p2a: Vigoroth|198/284 tox|[from] psn\n|upkeep\n|turn|51\n|\n|t:|1768419262\n|move|p1a: Wormadam|Protect||[still]\n|-fail|p1a: Wormadam\n|move|p2a: Vigoroth|Return|p1a: Wormadam\n|-resisted|p1a: Wormadam\n|-damage|p1a: Wormadam|0 fnt\n|faint|p1a: Wormadam\n|\n|-damage|p2a: Vigoroth|147/284 tox|[from] psn\n|upkeep\n|\n|t:|1768419274\n|switch|p1a: Venomoth|Venomoth, L84, M|255/255\n|turn|52\n|\n|t:|1768419277\n|move|p2a: Vigoroth|Return|p1a: Venomoth\n|-damage|p1a: Venomoth|2/255\n|move|p1a: Venomoth|Sludge Bomb|p2a: Vigoroth\n|-damage|p2a: Vigoroth|63/284 tox\n|\n|-heal|p1a: Venomoth|17/255|[from] item: Black Sludge\n|-damage|p2a: Vigoroth|0 fnt|[from] psn\n|faint|p2a: Vigoroth\n|upkeep\n|c|☆anguscloud|18% chance to survive and it did\n|c|☆mlungero|Luckyyyy survival\n|c|☆anguscloud|dang\n|c|☆anguscloud|well honestly\n|c|☆anguscloud|it was horribly unlucky that you were in this spot\n|inactive|anguscloud has 120 seconds left.\n|c|☆anguscloud|so it is more than fair XD\n|c|☆anguscloud|gg\n|\n|t:|1768419315\n|switch|p2a: Rotom|Rotom-Heat, L82|40/216\n|-damage|p2a: Rotom|0 fnt|[from] Stealth Rock\n|faint|p2a: Rotom\n|\n|win|mlungero\n|raw|mlungero's rating: 1565 &rarr; <strong>1589</strong><br />(+24 for winning)\n|raw|anguscloud's rating: 1629 &rarr; <strong>1605</strong><br />(-24 for losing)\n|c|☆mlungero|Lol that's very true. Gg bro wp\n|l|☆anguscloud\n|player|p2|\n|l|☆mlungero\n|player|p1|\n|j|☆mlungero\n|player|p1|mlungero|brock|\n", "inputlog": ">version f2883557ca71b1a14bc1039fd307aee7de4ab455\n>start {\"formatid\":\"gen6randombattle\",\"seed\":\"sodium,48a16fe0239bf9b2f2d92f5a83f90a09\",\"rated\":\"Rated battle\"}\n>player p1 {\"name\":\"mlungero\",\"avatar\":\"brock\",\"rating\":1565,\"seed\":\"sodium,c9e806fd8b448062fe77f8ebbd027067\"}\n>player p2 {\"name\":\"anguscloud\",\"avatar\":\"zinzolin\",\"rating\":1629,\"seed\":\"sodium,06cda811cba1765ed5a3298a420d5019\"}\n>chat ☆anguscloud|hf\n>p1 move psyshock\n>p2 switch 2\n>p1 move psyshock\n>p2 switch 3\n>p1 switch 4\n>p2 move nastyplot\n>p1 move toxic\n>p2 switch 5\n>p1 move stealthrock\n>p2 move swordsdance\n>p1 switch 2\n>p2 move swordsdance\n>p1 move doubleedge\n>p2 move facade\n>p1 switch 6\n>p1 move sludgebomb\n>p2 switch 4\n>p1 switch 2\n>p2 move triattack\n>chat ☆mlungero|Oh snap missed your text. Glhf to you too\n>p1 switch 3\n>p2 switch 2\n>chat ☆anguscloud|haha np\n>p1 move scald\n>p2 move thunderbolt\n>p1 switch 4\n>p2 move thunderbolt\n>p1 switch 4\n>p2 move overheat\n>p1 move recover\n>p2 switch 5\n>p1 move toxic\n>p2 move nastyplot\n>p1 move dragontail\n>p2 move thunderwave\n>p1 switch 3\n>p2 move roost\n>p1 move flashcannon\n>p2 switch 4\n>p2 switch 5\n>p1 switch 4\n>p2 move thunderbolt\n>p1 move recover\n>p2 move overheat\n>p1 switch 2\n>p1 move bugbuzz\n>p2 switch 4\n>p1 switch 4\n>p2 move thunderwave\n>p1 move flashcannon\n>p2 move roost\n>p1 move toxic\n>p2 switch 3\n>p1 switch 5\n>p2 move scald\n>p1 move return\n>p2 move thunderwave\n>p2 switch 2\n>p1 switch 5\n>p2 move thunderbolt\n>p1 move flashcannon\n>p2 move thunderbolt\n>p1 move protect\n>p2 move thunderbolt\n>p1 move flashcannon\n>p2 move thunderbolt\n>p2 switch 3\n>p1 move toxic\n>p2 move encore\n>p1 switch 3\n>p2 move bugbuzz\n>p1 move toxic\n>p2 move bugbuzz\n>p1 move toxic\n>p2 move bugbuzz\n>p1 switch 3\n>p2 move bugbuzz\n>p1 move toxic\n>p2 move bugbuzz\n>p1 move protect\n>p2 move roost\n>p1 switch 3\n>p2 move encore\n>p1 move recover\n>p2 move bugbuzz\n>p1 move recover\n>p2 move bugbuzz\n>p1 switch 3\n>p2 move bugbuzz\n>p1 move protect\n>p2 move roost\n>p1 move protect\n>p2 move encore\n>p2 switch 6\n>p1 switch 3\n>p2 move bulkup\n>p1 move dragontail\n>p2 move bulkup\n>p1 move dragontail\n>p2 move return\n>chat ☆mlungero|Bruhhhhh\n>chat ☆anguscloud|insane rng the past like 10 turns\n>p1 move toxic\n>p2 move return\n>chat ☆anguscloud|showdown really wanted that milotic to suffer\n>chat ☆mlungero|Yeah nah I think you win more lol coz I can't even put it to sleep 😭\n>p1 switch 3\n>p1 move protect\n>p2 move return\n>p1 move toxic\n>p2 move return\n>p1 move protect\n>p2 move return\n>p1 move protect\n>p2 move return\n>p1 switch 4\n>p1 move sludgebomb\n>p2 move return\n>chat ☆anguscloud|18% chance to survive and it did\n>chat ☆mlungero|Luckyyyy survival\n>chat ☆anguscloud|dang\n>chat ☆anguscloud|well honestly\n>chat ☆anguscloud|it was horribly unlucky that you were in this spot\n>chat ☆anguscloud|so it is more than fair XD\n>chat ☆anguscloud|gg\n>p2 switch 4", "uploadtime": 1768419326, "views": 257, "formatid": "gen6randombattle", "rating": 1589, "private": 0, "password": null}