{"id": "gen6randombattle-2531986529", "format": "[Gen 6] Random Battle", "players": ["Plop", "Blatjanglover"], "log": "|j|☆Plop\n|j|☆Blatjanglover\n|t:|1770129195\n|gametype|singles\n|player|p1|Plop|#rbtt9travelers|1712\n|player|p2|Blatjanglover|brock|1657\n|gen|6\n|tier|[Gen 6] Random Battle\n|rated|\n|rule|Sleep Clause Mod: Limit one foe put to sleep\n|rule|HP Percentage Mod: HP is shown in percentages\n|rule|Illusion Level Mod: Illusion disguises the Pokémon's true level\n|\n|t:|1770129195\n|teamsize|p1|6\n|teamsize|p2|6\n|start\n|switch|p1a: Sylveon|Sylveon, L84, F|297/297\n|switch|p2a: Cresselia|Cresselia, L80, F|323/323\n|turn|1\n|c|☆Blatjanglover|Glhf\n|c|☆Plop|hf\n|inactive|Battle timer is ON: inactive players will automatically lose when time's up. (requested by Plop)\n|\n|t:|1770129223\n|switch|p2a: Volcanion|Volcanion, L79|256/256\n|switch|p1a: Aegislash|Aegislash, L78, M|222/222\n|\n|upkeep\n|turn|2\n|\n|t:|1770129235\n|switch|p1a: Volcanion|Volcanion, L79|256/256\n|move|p2a: Volcanion|Fire Blast|p1a: Volcanion\n|-resisted|p1a: Volcanion\n|-damage|p1a: Volcanion|220/256\n|\n|-heal|p1a: Volcanion|236/256|[from] item: Leftovers\n|upkeep\n|turn|3\n|\n|t:|1770129255\n|move|p1a: Volcanion|Toxic|p2a: Volcanion\n|-status|p2a: Volcanion|tox\n|move|p2a: Volcanion|Earth Power|p1a: Volcanion\n|-supereffective|p1a: Volcanion\n|-damage|p1a: Volcanion|98/256\n|\n|-heal|p1a: Volcanion|114/256|[from] item: Leftovers\n|-damage|p2a: Volcanion|240/256 tox|[from] psn\n|upkeep\n|turn|4\n|\n|t:|1770129269\n|switch|p1a: Sylveon|Sylveon, L84, F|297/297\n|move|p2a: Volcanion|Earth Power|p1a: Sylveon\n|-damage|p1a: Sylveon|248/297\n|\n|-heal|p2a: Volcanion|256/256 tox|[from] item: Leftovers\n|-heal|p1a: Sylveon|266/297|[from] item: Leftovers\n|-damage|p2a: Volcanion|224/256 tox|[from] psn\n|upkeep\n|turn|5\n|\n|t:|1770129281\n|move|p1a: Sylveon|Protect|p1a: Sylveon\n|-singleturn|p1a: Sylveon|Protect\n|move|p2a: Volcanion|Steam Eruption|p1a: Sylveon\n|-activate|p1a: Sylveon|move: Protect\n|\n|-heal|p2a: Volcanion|240/256 tox|[from] item: Leftovers\n|-heal|p1a: Sylveon|284/297|[from] item: Leftovers\n|-damage|p2a: Volcanion|192/256 tox|[from] psn\n|upkeep\n|turn|6\n|\n|t:|1770129296\n|switch|p2a: Marowak|Marowak, L88, M|249/249\n|switch|p1a: Volcanion|Volcanion, L79|114/256\n|\n|-heal|p1a: Volcanion|130/256|[from] item: Leftovers\n|upkeep\n|turn|7\n|\n|t:|1770129314\n|move|p1a: Volcanion|Steam Eruption|p2a: Marowak\n|-supereffective|p2a: Marowak\n|-damage|p2a: Marowak|0 fnt\n|faint|p2a: Marowak\n|\n|-heal|p1a: Volcanion|146/256|[from] item: Leftovers\n|upkeep\n|j| billy zubat\n|\n|t:|1770129319\n|switch|p2a: Cradily|Cradily, L89, M|298/298\n|turn|8\n|inactive|Plop has 120 seconds left.\n|\n|t:|1770129361\n|move|p1a: Volcanion|Toxic|p2a: Cradily\n|-status|p2a: Cradily|tox\n|move|p2a: Cradily|Earth Power|p1a: Volcanion\n|-supereffective|p1a: Volcanion\n|-damage|p1a: Volcanion|16/256\n|\n|-heal|p1a: Volcanion|32/256|[from] item: Leftovers\n|-damage|p2a: Cradily|280/298 tox|[from] psn\n|upkeep\n|turn|9\n|\n|t:|1770129378\n|switch|p1a: Sylveon|Sylveon, L84, F|284/297\n|move|p2a: Cradily|Giga Drain|p1a: Sylveon\n|-damage|p1a: Sylveon|230/297\n|-heal|p2a: Cradily|298/298 tox|[from] drain|[of] p1a: Sylveon\n|\n|-heal|p1a: Sylveon|248/297|[from] item: Leftovers\n|-damage|p2a: Cradily|262/298 tox|[from] psn\n|upkeep\n|turn|10\n|\n|t:|1770129385\n|switch|p2a: Volcanion|Volcanion, L79|192/256 tox\n|move|p1a: Sylveon|Wish|p1a: Sylveon\n|\n|-heal|p2a: Volcanion|208/256 tox|[from] item: Leftovers\n|-heal|p1a: Sylveon|266/297|[from] item: Leftovers\n|-damage|p2a: Volcanion|192/256 tox|[from] psn\n|upkeep\n|turn|11\n|\n|t:|1770129397\n|switch|p1a: Regigigas|Regigigas, L84|322/322\n|-start|p1a: Regigigas|ability: Slow Start\n|move|p2a: Volcanion|Earth Power|p1a: Regigigas\n|-crit|p1a: Regigigas\n|-damage|p1a: Regigigas|237/322\n|\n|-heal|p1a: Regigigas|322/322|[from] move: Wish|[wisher] Sylveon\n|-heal|p2a: Volcanion|208/256 tox|[from] item: Leftovers\n|-damage|p2a: Volcanion|176/256 tox|[from] psn\n|upkeep\n|turn|12\n|\n|t:|1770129405\n|move|p2a: Volcanion|Toxic|p1a: Regigigas|[miss]\n|-miss|p2a: Volcanion|p1a: Regigigas\n|move|p1a: Regigigas|Knock Off|p2a: Volcanion\n|-damage|p2a: Volcanion|132/256 tox\n|-enditem|p2a: Volcanion|Leftovers|[from] move: Knock Off|[of] p1a: Regigigas\n|\n|-damage|p2a: Volcanion|84/256 tox|[from] psn\n|upkeep\n|turn|13\n|inactive|Plop has 120 seconds left.\n|\n|t:|1770129419\n|move|p2a: Volcanion|Steam Eruption|p1a: Regigigas\n|-damage|p1a: Regigigas|220/322\n|move|p1a: Regigigas|Knock Off|p2a: Volcanion\n|-damage|p2a: Volcanion|54/256 tox\n|\n|-heal|p1a: Regigigas|240/322|[from] item: Leftovers\n|-damage|p2a: Volcanion|0 fnt|[from] psn\n|faint|p2a: Volcanion\n|upkeep\n|-message|Blatjanglover forfeited.\n|\n|win|Plop\n|raw|Plop's rating: 1712 &rarr; <strong>1729</strong><br />(+17 for winning)\n|raw|Blatjanglover's rating: 1657 &rarr; <strong>1640</strong><br />(-17 for losing)\n|l|☆Blatjanglover\n|player|p2|\n", "inputlog": ">version ccdc32dd7cde25fd9e4bed64820e885f66e78a4e\n>start {\"formatid\":\"gen6randombattle\",\"seed\":\"sodium,9209f44b583c4e1c16566f7976312b4b\",\"rated\":\"Rated battle\"}\n>player p1 {\"name\":\"Plop\",\"avatar\":\"#rbtt9travelers\",\"rating\":1712,\"seed\":\"sodium,76aac64d7887cd510c5e55b95e57198b\"}\n>player p2 {\"name\":\"Blatjanglover\",\"avatar\":\"brock\",\"rating\":1657,\"seed\":\"sodium,5a3f8210eef020b03771404b5683bff7\"}\n>chat ☆Blatjanglover|Glhf\n>chat ☆Plop|hf\n>p1 switch 2\n>p2 switch 3\n>p1 switch 6\n>p2 move fireblast\n>p1 move toxic\n>p2 move earthpower\n>p1 switch 2\n>p2 move earthpower\n>p1 move protect\n>p2 move steameruption\n>p1 switch 2\n>p2 switch 4\n>p1 move steameruption\n>p2 move earthquake\n>p2 switch 5\n>p1 move toxic\n>p2 move earthpower\n>p1 switch 2\n>p2 move gigadrain\n>p1 move wish\n>p2 switch 4\n>p1 switch 4\n>p2 move earthpower\n>p1 move knockoff\n>p2 move toxic\n>p1 move knockoff\n>p2 move steameruption\n>forcelose p2", "uploadtime": 1770129437, "views": 245, "formatid": "gen6randombattle", "rating": 1640, "private": 0, "password": null}