{"id": "gen6randombattle-2517111460", "format": "[Gen 6] Random Battle", "players": ["arboretums", "sparksblade"], "log": "|j|☆arboretums\n|j|☆sparksblade\n|t:|1768229854\n|gametype|singles\n|player|p1|arboretums|whitney-masters|1621\n|player|p2|sparksblade|ruinmaniac|1594\n|gen|6\n|tier|[Gen 6] Random Battle\n|rated|\n|rule|Sleep Clause Mod: Limit one foe put to sleep\n|rule|HP Percentage Mod: HP is shown in percentages\n|rule|Illusion Level Mod: Illusion disguises the Pokémon's true level\n|\n|t:|1768229854\n|teamsize|p1|6\n|teamsize|p2|6\n|start\n|switch|p1a: Venomoth|Venomoth, L84, M|255/255\n|switch|p2a: Dusknoir|Dusknoir, L89, F|225/225\n|-item|p1a: Venomoth|Black Sludge|[from] ability: Frisk|[of] p2a: Dusknoir\n|turn|1\n|inactive|Battle timer is ON: inactive players will automatically lose when time's up. (requested by arboretums)\n|\n|t:|1768229867\n|move|p1a: Venomoth|Quiver Dance|p1a: Venomoth\n|-boost|p1a: Venomoth|spa|1\n|-boost|p1a: Venomoth|spd|1\n|-boost|p1a: Venomoth|spe|1\n|move|p2a: Dusknoir|Earthquake|p1a: Venomoth\n|-damage|p1a: Venomoth|158/255\n|\n|-heal|p1a: Venomoth|173/255|[from] item: Black Sludge\n|upkeep\n|turn|2\n|\n|t:|1768229871\n|move|p1a: Venomoth|Sleep Powder|p2a: Dusknoir\n|-status|p2a: Dusknoir|slp|[from] move: Sleep Powder\n|cant|p2a: Dusknoir|slp\n|\n|-heal|p1a: Venomoth|188/255|[from] item: Black Sludge\n|upkeep\n|turn|3\n|\n|t:|1768229875\n|switch|p2a: Durant|Durant, L79, M|221/221\n|move|p1a: Venomoth|Quiver Dance|p1a: Venomoth\n|-boost|p1a: Venomoth|spa|1\n|-boost|p1a: Venomoth|spd|1\n|-boost|p1a: Venomoth|spe|1\n|\n|-heal|p1a: Venomoth|203/255|[from] item: Black Sludge\n|upkeep\n|turn|4\n|\n|t:|1768229883\n|move|p1a: Venomoth|Bug Buzz|p2a: Durant\n|-resisted|p2a: Durant\n|-damage|p2a: Durant|0 fnt\n|faint|p2a: Durant\n|\n|-heal|p1a: Venomoth|218/255|[from] item: Black Sludge\n|upkeep\n|\n|t:|1768229886\n|switch|p2a: Furret|Furret, L93, F|309/309\n|-item|p1a: Venomoth|Black Sludge|[from] ability: Frisk|[of] p2a: Furret\n|turn|5\n|\n|t:|1768229914\n|move|p1a: Venomoth|Sludge Bomb|p2a: Furret\n|-damage|p2a: Furret|78/309\n|move|p2a: Furret|Double-Edge|p1a: Venomoth\n|-damage|p1a: Venomoth|0 fnt\n|faint|p1a: Venomoth\n|-damage|p2a: Furret|6/309|[from] Recoil\n|\n|upkeep\n|\n|t:|1768229935\n|switch|p1a: Tyranitar|Tyranitar, L75, M|274/274\n|-weather|Sandstorm|[from] ability: Sand Stream|[of] p1a: Tyranitar\n|turn|6\n|\n|t:|1768229951\n|detailschange|p1a: Tyranitar|Tyranitar-Mega, L75, M\n|-mega|p1a: Tyranitar|Tyranitar|Tyranitarite\n|move|p2a: Furret|Double-Edge|p1a: Tyranitar\n|-resisted|p1a: Tyranitar\n|-damage|p1a: Tyranitar|197/274\n|-damage|p2a: Furret|0 fnt|[from] Recoil\n|faint|p2a: Furret\n|move|p1a: Tyranitar|Dragon Dance|p1a: Tyranitar\n|-boost|p1a: Tyranitar|atk|1\n|-boost|p1a: Tyranitar|spe|1\n|\n|-weather|Sandstorm|[upkeep]\n|upkeep\n|inactive|sparksblade has 120 seconds left.\n|\n|t:|1768229978\n|switch|p2a: Mr. Mime|Mr. Mime, L89, F|216/216\n|turn|7\n|\n|t:|1768229993\n|move|p1a: Tyranitar|Stone Edge|p2a: Mr. Mime\n|-crit|p2a: Mr. Mime\n|-damage|p2a: Mr. Mime|0 fnt\n|faint|p2a: Mr. Mime\n|\n|-weather|Sandstorm|[upkeep]\n|upkeep\n|\n|t:|1768230004\n|switch|p2a: Kyurem|Kyurem-Black, L76|315/315\n|-ability|p2a: Kyurem|Teravolt\n|turn|8\n|\n|t:|1768230009\n|move|p1a: Tyranitar|Stone Edge|p2a: Kyurem|[miss]\n|-miss|p1a: Tyranitar|p2a: Kyurem\n|move|p2a: Kyurem|Outrage|p1a: Tyranitar\n|-crit|p1a: Tyranitar\n|-damage|p1a: Tyranitar|0 fnt\n|faint|p1a: Tyranitar\n|detailschange|p1: Tyranitar|Tyranitar, L75, M|[silent]\n|\n|-weather|Sandstorm|[upkeep]\n|-damage|p2a: Kyurem|296/315|[from] Sandstorm\n|-heal|p2a: Kyurem|315/315|[from] item: Leftovers\n|upkeep\n|\n|t:|1768230028\n|switch|p1a: Bronzong|Bronzong, L85|253/253\n|turn|9\n|\n|t:|1768230038\n|move|p2a: Kyurem|Outrage|p1a: Bronzong|[from] lockedmove\n|-resisted|p1a: Bronzong\n|-damage|p1a: Bronzong|181/253\n|move|p1a: Bronzong|Iron Head|p2a: Kyurem\n|-supereffective|p2a: Kyurem\n|-damage|p2a: Kyurem|159/315\n|\n|-weather|Sandstorm|[upkeep]\n|-damage|p2a: Kyurem|140/315|[from] Sandstorm\n|-heal|p2a: Kyurem|159/315|[from] item: Leftovers\n|-heal|p1a: Bronzong|196/253|[from] item: Leftovers\n|upkeep\n|turn|10\n|\n|t:|1768230047\n|move|p2a: Kyurem|Outrage|p1a: Bronzong|[from] lockedmove\n|-resisted|p1a: Bronzong\n|-damage|p1a: Bronzong|131/253\n|-start|p2a: Kyurem|confusion|[fatigue]\n|move|p1a: Bronzong|Toxic|p2a: Kyurem|[miss]\n|-miss|p1a: Bronzong|p2a: Kyurem\n|\n|-weather|none\n|-heal|p2a: Kyurem|178/315|[from] item: Leftovers\n|-heal|p1a: Bronzong|146/253|[from] item: Leftovers\n|upkeep\n|turn|11\n|\n|t:|1768230060\n|switch|p2a: Dusknoir|Dusknoir, L89, F|225/225 slp\n|-item|p1a: Bronzong|Leftovers|[from] ability: Frisk|[of] p2a: Dusknoir\n|move|p1a: Bronzong|Toxic||[still]\n|-fail|p1a: Bronzong\n|\n|-heal|p1a: Bronzong|161/253|[from] item: Leftovers\n|upkeep\n|turn|12\n|\n|t:|1768230071\n|switch|p1a: Golduck|Golduck, L90, F|290/290\n|-ability|p1a: Golduck|Cloud Nine\n|cant|p2a: Dusknoir|slp\n|\n|upkeep\n|turn|13\n|\n|t:|1768230079\n|switch|p2a: Kyurem|Kyurem-Black, L76|178/315\n|-ability|p2a: Kyurem|Teravolt\n|move|p1a: Golduck|Calm Mind|p1a: Golduck\n|-boost|p1a: Golduck|spa|1\n|-boost|p1a: Golduck|spd|1\n|\n|-heal|p2a: Kyurem|197/315|[from] item: Leftovers\n|upkeep\n|turn|14\n|\n|t:|1768230084\n|move|p1a: Golduck|Focus Blast|p2a: Kyurem|[miss]\n|-miss|p1a: Golduck|p2a: Kyurem\n|move|p2a: Kyurem|Roost|p2a: Kyurem\n|-heal|p2a: Kyurem|315/315\n|-singleturn|p2a: Kyurem|move: Roost\n|\n|upkeep\n|turn|15\n|\n|t:|1768230087\n|move|p1a: Golduck|Focus Blast|p2a: Kyurem|[miss]\n|-miss|p1a: Golduck|p2a: Kyurem\n|move|p2a: Kyurem|Fusion Bolt|p1a: Golduck\n|-supereffective|p1a: Golduck\n|-damage|p1a: Golduck|92/290\n|\n|-heal|p1a: Golduck|110/290|[from] item: Leftovers\n|upkeep\n|turn|16\n|\n|t:|1768230090\n|move|p1a: Golduck|Focus Blast|p2a: Kyurem\n|-supereffective|p2a: Kyurem\n|-damage|p2a: Kyurem|0 fnt\n|faint|p2a: Kyurem\n|\n|-heal|p1a: Golduck|128/290|[from] item: Leftovers\n|upkeep\n|\n|t:|1768230094\n|switch|p2a: Azelf|Azelf, L80|251/251\n|turn|17\n|\n|t:|1768230101\n|move|p2a: Azelf|Psychic|p1a: Golduck\n|-damage|p1a: Golduck|34/290\n|-damage|p2a: Azelf|226/251|[from] item: Life Orb\n|move|p1a: Golduck|Scald|p2a: Azelf\n|-damage|p2a: Azelf|48/251\n|\n|-heal|p1a: Golduck|52/290|[from] item: Leftovers\n|upkeep\n|turn|18\n|\n|t:|1768230120\n|move|p2a: Azelf|Psychic|p1a: Golduck\n|-damage|p1a: Golduck|0 fnt\n|faint|p1a: Golduck\n|-damage|p2a: Azelf|23/251|[from] item: Life Orb\n|\n|upkeep\n|\n|t:|1768230144\n|switch|p1a: Eelektross|Eelektross, L85, F|283/283\n|turn|19\n|\n|t:|1768230162\n|switch|p2a: Dusknoir|Dusknoir, L89, F|225/225 slp\n|-item|p1a: Eelektross|Assault Vest|[from] ability: Frisk|[of] p2a: Dusknoir\n|switch|p1a: Bronzong|Bronzong, L85|161/253\n|\n|-heal|p1a: Bronzong|176/253|[from] item: Leftovers\n|upkeep\n|turn|20\n|inactive|sparksblade has 120 seconds left.\n|\n|t:|1768230189\n|-curestatus|p2a: Dusknoir|slp|[msg]\n|move|p2a: Dusknoir|Ice Punch|p1a: Bronzong\n|-resisted|p1a: Bronzong\n|-damage|p1a: Bronzong|152/253\n|move|p1a: Bronzong|Iron Head|p2a: Dusknoir\n|-damage|p2a: Dusknoir|173/225\n|\n|-heal|p2a: Dusknoir|187/225|[from] item: Leftovers\n|-heal|p1a: Bronzong|167/253|[from] item: Leftovers\n|upkeep\n|turn|21\n|-message|sparksblade forfeited.\n|\n|win|arboretums\n|raw|arboretums's rating: 1621 &rarr; <strong>1640</strong><br />(+19 for winning)\n|raw|sparksblade's rating: 1604 &rarr; <strong>1585</strong><br />(-19 for losing)\n|l|☆sparksblade\n|player|p2|\n", "inputlog": ">version f2883557ca71b1a14bc1039fd307aee7de4ab455\n>start {\"formatid\":\"gen6randombattle\",\"seed\":\"sodium,5af0a6c92dd3333be166f736973c221b\",\"rated\":\"Rated battle\"}\n>player p1 {\"name\":\"arboretums\",\"avatar\":\"whitney-masters\",\"rating\":1621,\"seed\":\"sodium,712a18b6bf1832d924f7275bf7f221e0\"}\n>player p2 {\"name\":\"sparksblade\",\"avatar\":\"ruinmaniac\",\"rating\":1594,\"seed\":\"sodium,3b579a05cb15e3bb9bf7b6135875b57c\"}\n>p1 move quiverdance\n>p2 move earthquake\n>p1 move sleeppowder\n>p2 move earthquake\n>p1 move quiverdance\n>p2 switch 3\n>p1 move bugbuzz\n>p2 move ironhead\n>p2 switch 2\n>p1 move sludgebomb\n>p2 move doubleedge\n>p1 switch 3\n>p1 move dragondance mega\n>p2 move doubleedge\n>p2 switch 4\n>p1 move stoneedge\n>p2 move dazzlinggleam\n>p2 switch 5\n>p1 move stoneedge\n>p2 move outrage\n>p1 switch 5\n>p1 move ironhead\n>p2 move outrage\n>p1 move toxic\n>p2 move outrage\n>p1 move toxic\n>p2 switch 3\n>p1 switch 6\n>p2 move icepunch\n>p1 move calmmind\n>p2 switch 3\n>p1 move focusblast\n>p2 move roost\n>p1 move focusblast\n>p2 move fusionbolt\n>p1 move focusblast\n>p2 move fusionbolt\n>p2 switch 6\n>p1 move scald\n>p2 move psychic\n>p1 move scald\n>p2 move psychic\n>p1 switch 4\n>p1 switch 6\n>p2 switch 3\n>p1 move ironhead\n>p2 move icepunch\n>forcelose p2", "uploadtime": 1768230195, "views": 225, "formatid": "gen6randombattle", "rating": 1585, "private": 0, "password": null}