{"id": "gen6randombattle-2519068880", "format": "[Gen 6] Random Battle", "players": ["ejkornfreak22", "mandypuff"], "log": "|j|☆ejkornfreak22\n|j|☆mandypuff\n|t:|1768462325\n|gametype|singles\n|player|p1|ejkornfreak22|102|1549\n|player|p2|mandypuff|nurse|1520\n|gen|6\n|tier|[Gen 6] Random Battle\n|rated|\n|rule|Sleep Clause Mod: Limit one foe put to sleep\n|rule|HP Percentage Mod: HP is shown in percentages\n|rule|Illusion Level Mod: Illusion disguises the Pokémon's true level\n|\n|t:|1768462325\n|teamsize|p1|6\n|teamsize|p2|6\n|start\n|switch|p1a: Ledian|Ledian, F|271/271\n|switch|p2a: Ambipom|Ambipom, L83, F|260/260\n|turn|1\n|inactive|Battle timer is ON: inactive players will automatically lose when time's up. (requested by mandypuff)\n|\n|t:|1768462339\n|switch|p1a: Dusknoir|Dusknoir, L89, F|225/225\n|-ability|p1a: Dusknoir|Pressure\n|move|p2a: Ambipom|Fake Out|p1a: Dusknoir\n|-immune|p1a: Dusknoir\n|\n|upkeep\n|turn|2\n|\n|t:|1768462353\n|move|p2a: Ambipom|Knock Off|p1a: Dusknoir\n|-supereffective|p1a: Dusknoir\n|-damage|p1a: Dusknoir|123/225\n|-enditem|p1a: Dusknoir|Leftovers|[from] move: Knock Off|[of] p2a: Ambipom\n|move|p1a: Dusknoir|Will-O-Wisp|p2a: Ambipom|[miss]\n|-miss|p1a: Dusknoir|p2a: Ambipom\n|\n|upkeep\n|turn|3\n|\n|t:|1768462364\n|switch|p2a: Xatu|Xatu, L87, F|255/255\n|move|p1a: Dusknoir|Pain Split|p2a: Xatu\n|-sethp|p2a: Xatu|189/255|[from] move: Pain Split|[silent]\n|-sethp|p1a: Dusknoir|189/225|[from] move: Pain Split\n|\n|-heal|p2a: Xatu|204/255|[from] item: Leftovers\n|upkeep\n|turn|4\n|\n|t:|1768462383\n|switch|p2a: Gigalith|Gigalith, L85, F|283/283\n|move|p1a: Dusknoir|Ice Punch|p2a: Gigalith\n|-damage|p2a: Gigalith|236/283\n|\n|-heal|p2a: Gigalith|253/283|[from] item: Leftovers\n|upkeep\n|turn|5\n|\n|t:|1768462396\n|move|p1a: Dusknoir|Will-O-Wisp|p2a: Gigalith\n|-status|p2a: Gigalith|brn\n|move|p2a: Gigalith|Toxic|p1a: Dusknoir\n|-status|p1a: Dusknoir|tox\n|\n|-heal|p2a: Gigalith|270/283 brn|[from] item: Leftovers\n|-damage|p1a: Dusknoir|175/225 tox|[from] psn\n|-damage|p2a: Gigalith|235/283 brn|[from] brn\n|upkeep\n|turn|6\n|\n|t:|1768462407\n|move|p1a: Dusknoir|Earthquake|p2a: Gigalith\n|-supereffective|p2a: Gigalith\n|-damage|p2a: Gigalith|115/283 brn\n|move|p2a: Gigalith|Stealth Rock|p1a: Dusknoir\n|-sidestart|p1: ejkornfreak22|move: Stealth Rock\n|\n|-heal|p2a: Gigalith|132/283 brn|[from] item: Leftovers\n|-damage|p1a: Dusknoir|147/225 tox|[from] psn\n|-damage|p2a: Gigalith|97/283 brn|[from] brn\n|upkeep\n|turn|7\n|\n|t:|1768462417\n|move|p1a: Dusknoir|Earthquake|p2a: Gigalith\n|-supereffective|p2a: Gigalith\n|-damage|p2a: Gigalith|0 fnt\n|faint|p2a: Gigalith\n|\n|-damage|p1a: Dusknoir|105/225 tox|[from] psn\n|upkeep\n|\n|t:|1768462424\n|switch|p2a: Pinsir|Pinsir, L85, M|249/249\n|turn|8\n|\n|t:|1768462429\n|move|p2a: Pinsir|Swords Dance|p2a: Pinsir\n|-boost|p2a: Pinsir|atk|2\n|move|p1a: Dusknoir|Will-O-Wisp|p2a: Pinsir\n|-status|p2a: Pinsir|brn\n|\n|-damage|p1a: Dusknoir|49/225 tox|[from] psn\n|-damage|p2a: Pinsir|218/249 brn|[from] brn\n|upkeep\n|turn|9\n|\n|t:|1768462438\n|move|p2a: Pinsir|Knock Off|p1a: Dusknoir\n|-supereffective|p1a: Dusknoir\n|-damage|p1a: Dusknoir|0 fnt\n|faint|p1a: Dusknoir\n|-ability|p2a: Pinsir|Moxie|boost\n|-boost|p2a: Pinsir|atk|1\n|-damage|p2a: Pinsir|194/249 brn|[from] item: Life Orb\n|\n|-damage|p2a: Pinsir|163/249 brn|[from] brn\n|upkeep\n|\n|t:|1768462464\n|switch|p1a: Heliolisk|Heliolisk, L83, M|239/239\n|-damage|p1a: Heliolisk|210/239|[from] Stealth Rock\n|turn|10\n|\n|t:|1768462471\n|move|p1a: Heliolisk|Hyper Voice|p2a: Pinsir\n|-damage|p2a: Pinsir|21/249 brn\n|-damage|p1a: Heliolisk|187/239|[from] item: Life Orb\n|move|p2a: Pinsir|Earthquake|p1a: Heliolisk\n|-supereffective|p1a: Heliolisk\n|-damage|p1a: Heliolisk|0 fnt\n|faint|p1a: Heliolisk\n|-ability|p2a: Pinsir|Moxie|boost\n|-boost|p2a: Pinsir|atk|1\n|-damage|p2a: Pinsir|0 fnt|[from] item: Life Orb\n|faint|p2a: Pinsir\n|\n|upkeep\n|\n|t:|1768462486\n|switch|p1a: Ledian|Ledian, F|271/271\n|switch|p2a: Ambipom|Ambipom, L83, F|260/260\n|-damage|p1a: Ledian|136/271|[from] Stealth Rock\n|turn|11\n|\n|t:|1768462495\n|move|p2a: Ambipom|Fake Out|p1a: Ledian\n|-damage|p1a: Ledian|36/271\n|cant|p1a: Ledian|flinch\n|\n|-heal|p1a: Ledian|52/271|[from] item: Leftovers\n|upkeep\n|turn|12\n|\n|t:|1768462502\n|move|p2a: Ambipom|Return|p1a: Ledian\n|-damage|p1a: Ledian|0 fnt\n|faint|p1a: Ledian\n|\n|upkeep\n|\n|t:|1768462514\n|switch|p1a: Lucario|Lucario, L74, F|226/226\n|-damage|p1a: Lucario|219/226|[from] Stealth Rock\n|turn|13\n|\n|t:|1768462523\n|detailschange|p1a: Lucario|Lucario-Mega, L74, F\n|-mega|p1a: Lucario|Lucario|Lucarionite\n|move|p2a: Ambipom|Low Kick|p1a: Lucario\n|-supereffective|p1a: Lucario\n|-damage|p1a: Lucario|93/226\n|move|p1a: Lucario|Swords Dance|p1a: Lucario\n|-boost|p1a: Lucario|atk|2\n|\n|upkeep\n|turn|14\n|\n|t:|1768462535\n|move|p1a: Lucario|Bullet Punch|p2a: Ambipom\n|-damage|p2a: Ambipom|104/260\n|move|p2a: Ambipom|Low Kick|p1a: Lucario\n|-supereffective|p1a: Lucario\n|-damage|p1a: Lucario|0 fnt\n|faint|p1a: Lucario\n|detailschange|p1: Lucario|Lucario, L74, F|[silent]\n|\n|upkeep\n|\n|t:|1768462549\n|switch|p1a: Dewgong|Dewgong, L94, M|322/322\n|-damage|p1a: Dewgong|242/322|[from] Stealth Rock\n|turn|15\n|\n|t:|1768462561\n|move|p2a: Ambipom|Knock Off|p1a: Dewgong\n|-damage|p1a: Dewgong|177/322\n|-enditem|p1a: Dewgong|Leftovers|[from] move: Knock Off|[of] p2a: Ambipom\n|move|p1a: Dewgong|Ice Beam|p2a: Ambipom\n|-damage|p2a: Ambipom|0 fnt\n|faint|p2a: Ambipom\n|\n|upkeep\n|\n|t:|1768462570\n|switch|p2a: Mr. Mime|Mr. Mime, L89, F|216/216\n|turn|16\n|\n|t:|1768462589\n|move|p2a: Mr. Mime|Focus Blast|p1a: Dewgong\n|-supereffective|p1a: Dewgong\n|-damage|p1a: Dewgong|0 fnt\n|faint|p1a: Dewgong\n|-damage|p2a: Mr. Mime|195/216|[from] item: Life Orb\n|\n|upkeep\n|\n|t:|1768462596\n|switch|p1a: Sylveon|Sylveon, L84, M|297/297\n|-damage|p1a: Sylveon|260/297|[from] Stealth Rock\n|turn|17\n|\n|t:|1768462602\n|move|p2a: Mr. Mime|Psychic|p1a: Sylveon\n|-damage|p1a: Sylveon|155/297\n|-damage|p2a: Mr. Mime|174/216|[from] item: Life Orb\n|move|p1a: Sylveon|Calm Mind|p1a: Sylveon\n|-boost|p1a: Sylveon|spa|1\n|-boost|p1a: Sylveon|spd|1\n|\n|-heal|p1a: Sylveon|173/297|[from] item: Leftovers\n|upkeep\n|turn|18\n|\n|t:|1768462614\n|move|p2a: Mr. Mime|Encore|p1a: Sylveon\n|-start|p1a: Sylveon|Encore\n|move|p1a: Sylveon|Calm Mind|p1a: Sylveon\n|-boost|p1a: Sylveon|spa|1\n|-boost|p1a: Sylveon|spd|1\n|\n|-heal|p1a: Sylveon|191/297|[from] item: Leftovers\n|upkeep\n|turn|19\n|\n|t:|1768462623\n|switch|p2a: Beedrill|Beedrill, L77, M|227/227\n|move|p1a: Sylveon|Calm Mind|p1a: Sylveon\n|-boost|p1a: Sylveon|spa|1\n|-boost|p1a: Sylveon|spd|1\n|\n|-heal|p1a: Sylveon|209/297|[from] item: Leftovers\n|upkeep\n|turn|20\n|\n|t:|1768462633\n|detailschange|p2a: Beedrill|Beedrill-Mega, L77, M\n|-mega|p2a: Beedrill|Beedrill|Beedrillite\n|move|p2a: Beedrill|Poison Jab|p1a: Sylveon\n|-supereffective|p1a: Sylveon\n|-damage|p1a: Sylveon|0 fnt\n|faint|p1a: Sylveon\n|\n|win|mandypuff\n|raw|ejkornfreak22's rating: 1549 &rarr; <strong>1527</strong><br />(-22 for losing)\n|raw|mandypuff's rating: 1520 &rarr; <strong>1542</strong><br />(+22 for winning)\n|l|☆ejkornfreak22\n|player|p1|\n", "inputlog": ">version 3bd1a1e329da8d286644078cfc9a9638fc7ea025\n>start {\"formatid\":\"gen6randombattle\",\"seed\":\"sodium,bba8ac332e5aa6b2b17855d6e8ce5b7a\",\"rated\":\"Rated battle\"}\n>player p1 {\"name\":\"ejkornfreak22\",\"avatar\":\"102\",\"rating\":1549,\"seed\":\"sodium,6133c312d4314883d029fcec55d7aa40\"}\n>player p2 {\"name\":\"mandypuff\",\"avatar\":\"nurse\",\"rating\":1520,\"seed\":\"sodium,a5d1f2a1791cbe3eee9d707181af42ed\"}\n>p1 switch 5\n>p2 move fakeout\n>p1 move willowisp\n>p2 move knockoff\n>p1 move painsplit\n>p2 switch 3\n>p1 move icepunch\n>p2 switch 6\n>p1 move willowisp\n>p2 move toxic\n>p1 move earthquake\n>p2 move stealthrock\n>p1 move earthquake\n>p2 move stoneedge\n>p2 switch 4\n>p1 move willowisp\n>p2 move swordsdance\n>p1 move painsplit\n>p2 move knockoff\n>p1 switch 6\n>p1 move hypervoice\n>p2 move earthquake\n>p1 switch 5\n>p2 switch 3\n>p1 move roost\n>p2 move fakeout\n>p1 move knockoff\n>p2 move return\n>p1 switch 4\n>p1 move swordsdance mega\n>p2 move lowkick\n>p1 move bulletpunch\n>p2 move lowkick\n>p1 switch 3\n>p1 move icebeam\n>p2 move knockoff\n>p2 switch 2\n>p1 move icebeam\n>p2 move focusblast\n>p1 switch 2\n>p1 move calmmind\n>p2 move psychic\n>p1 move hypervoice\n>p2 move encore\n>p1 move calmmind\n>p2 switch 5\n>p1 move calmmind\n>p2 move poisonjab mega", "uploadtime": 1768462640, "views": 254, "formatid": "gen6randombattle", "rating": 1527, "private": 0, "password": null}