{"id": "gen6randombattle-2531115752", "format": "[Gen 6] Random Battle", "players": ["AutumnSummers", "Rakunda"], "log": "|j|☆AutumnSummers\n|j|☆Rakunda\n|t:|1770015311\n|gametype|singles\n|player|p1|AutumnSummers|265|1535\n|player|p2|Rakunda|steven|1660\n|gen|6\n|tier|[Gen 6] Random Battle\n|rated|\n|rule|Sleep Clause Mod: Limit one foe put to sleep\n|rule|HP Percentage Mod: HP is shown in percentages\n|rule|Illusion Level Mod: Illusion disguises the Pokémon's true level\n|\n|t:|1770015311\n|teamsize|p1|6\n|teamsize|p2|6\n|start\n|switch|p1a: Delphox|Delphox, L83, M|259/259\n|switch|p2a: Hitmontop|Hitmontop, L89, M|234/234\n|-ability|p2a: Hitmontop|Intimidate|boost\n|-unboost|p1a: Delphox|atk|1\n|turn|1\n|inactive|Battle timer is ON: inactive players will automatically lose when time's up. (requested by Rakunda)\n|\n|t:|1770015342\n|switch|p2a: Meowstic|Meowstic, L86, M|268/268\n|move|p1a: Delphox|Psyshock|p2a: Meowstic\n|-resisted|p2a: Meowstic\n|-damage|p2a: Meowstic|219/268\n|\n|-heal|p2a: Meowstic|235/268|[from] item: Leftovers\n|upkeep\n|turn|2\n|\n|t:|1770015362\n|switch|p1a: Klinklang|Klinklang, L87|246/246\n|move|p2a: Meowstic|Toxic|p1a: Klinklang\n|-immune|p1a: Klinklang\n|\n|-heal|p2a: Meowstic|251/268|[from] item: Leftovers\n|upkeep\n|turn|3\n|\n|t:|1770015370\n|move|p2a: Meowstic|Thunder Wave|p1a: Klinklang\n|-status|p1a: Klinklang|par\n|move|p1a: Klinklang|Shift Gear|p1a: Klinklang\n|-boost|p1a: Klinklang|spe|2\n|-boost|p1a: Klinklang|atk|1\n|\n|-heal|p2a: Meowstic|267/268|[from] item: Leftovers\n|upkeep\n|turn|4\n|\n|t:|1770015380\n|switch|p2a: Hitmontop|Hitmontop, L89, M|234/234\n|-ability|p2a: Hitmontop|Intimidate|boost\n|-fail|p1a: Klinklang|unboost|[from] ability: Clear Body|[of] p1a: Klinklang\n|move|p1a: Klinklang|Shift Gear|p1a: Klinklang\n|-boost|p1a: Klinklang|spe|2\n|-boost|p1a: Klinklang|atk|1\n|\n|upkeep\n|turn|5\n|\n|t:|1770015388\n|move|p2a: Hitmontop|Close Combat|p1a: Klinklang\n|-supereffective|p1a: Klinklang\n|-damage|p1a: Klinklang|36/246 par\n|-unboost|p2a: Hitmontop|def|1\n|-unboost|p2a: Hitmontop|spd|1\n|cant|p1a: Klinklang|par\n|\n|upkeep\n|turn|6\n|\n|t:|1770015396\n|move|p2a: Hitmontop|Close Combat|p1a: Klinklang\n|-supereffective|p1a: Klinklang\n|-damage|p1a: Klinklang|0 fnt\n|-unboost|p2a: Hitmontop|def|1\n|-unboost|p2a: Hitmontop|spd|1\n|faint|p1a: Klinklang\n|\n|upkeep\n|\n|t:|1770015411\n|switch|p1a: Jumpluff|Jumpluff, L90, F|281/281\n|turn|7\n|\n|t:|1770015438\n|switch|p2a: Meowstic|Meowstic, L86, M|267/268\n|move|p1a: Jumpluff|Acrobatics|p2a: Meowstic\n|-damage|p2a: Meowstic|161/268\n|\n|-heal|p2a: Meowstic|177/268|[from] item: Leftovers\n|upkeep\n|turn|8\n|\n|t:|1770015458\n|switch|p1a: Ariados|Ariados, L91, M|275/275\n|move|p2a: Meowstic|Thunder Wave|p1a: Ariados\n|-status|p1a: Ariados|par\n|\n|-heal|p2a: Meowstic|193/268|[from] item: Leftovers\n|upkeep\n|turn|9\n|inactive|Rakunda has 120 seconds left.\n|\n|t:|1770015489\n|switch|p2a: Mawile|Mawile, L76, F|201/201\n|-ability|p2a: Mawile|Intimidate|boost\n|-unboost|p1a: Ariados|atk|1\n|cant|p1a: Ariados|par\n|\n|upkeep\n|turn|10\n|\n|t:|1770015517\n|switch|p1a: Delphox|Delphox, L83, M|259/259\n|move|p2a: Mawile|Swords Dance|p2a: Mawile\n|-boost|p2a: Mawile|atk|2\n|\n|upkeep\n|turn|11\n|inactive|Rakunda has 120 seconds left.\n|\n|t:|1770015523\n|detailschange|p2a: Mawile|Mawile-Mega, L76, F\n|-mega|p2a: Mawile|Mawile|Mawilite\n|move|p2a: Mawile|Sucker Punch|p1a: Delphox\n|-supereffective|p1a: Delphox\n|-damage|p1a: Delphox|0 fnt\n|faint|p1a: Delphox\n|\n|upkeep\n|\n|t:|1770015527\n|switch|p1a: Jumpluff|Jumpluff, L90, F|281/281\n|turn|12\n|\n|t:|1770015532\n|move|p1a: Jumpluff|Leech Seed|p2a: Mawile\n|-start|p2a: Mawile|move: Leech Seed\n|move|p2a: Mawile|Iron Head|p1a: Jumpluff\n|-crit|p1a: Jumpluff\n|-damage|p1a: Jumpluff|0 fnt\n|faint|p1a: Jumpluff\n|\n|upkeep\n|\n|t:|1770015545\n|switch|p1a: Ariados|Ariados, L91, M|275/275 par\n|turn|13\n|\n|t:|1770015550\n|move|p2a: Mawile|Iron Head|p1a: Ariados\n|-damage|p1a: Ariados|0 fnt\n|faint|p1a: Ariados\n|\n|upkeep\n|\n|t:|1770015553\n|switch|p1a: Deoxys|Deoxys, L74|196/196\n|-ability|p1a: Deoxys|Pressure\n|turn|14\n|\n|t:|1770015567\n|move|p2a: Mawile|Sucker Punch|p1a: Deoxys\n|-supereffective|p1a: Deoxys\n|-damage|p1a: Deoxys|0 fnt\n|faint|p1a: Deoxys\n|\n|upkeep\n|-message|AutumnSummers forfeited.\n|\n|win|Rakunda\n|raw|AutumnSummers's rating: 1535 &rarr; <strong>1522</strong><br />(-13 for losing)\n|raw|Rakunda's rating: 1667 &rarr; <strong>1680</strong><br />(+13 for winning)\n|l|☆AutumnSummers\n|player|p1|\n", "inputlog": ">version ccdc32dd7cde25fd9e4bed64820e885f66e78a4e\n>start {\"formatid\":\"gen6randombattle\",\"seed\":\"sodium,f54a48eed1f75ed090cd606b16e8e16c\",\"rated\":\"Rated battle\"}\n>player p1 {\"name\":\"AutumnSummers\",\"avatar\":\"265\",\"rating\":1535,\"seed\":\"sodium,e8e633ccbb0e734192ddfb4ea7a507fc\"}\n>player p2 {\"name\":\"Rakunda\",\"avatar\":\"steven\",\"rating\":1660,\"seed\":\"sodium,e6c4e2dc1b55cd5e75fd10a4ba0602d3\"}\n>p1 move psyshock\n>p2 switch 6\n>p1 switch 4\n>p2 move toxic\n>p1 move shiftgear\n>p2 move thunderwave\n>p1 move shiftgear\n>p2 switch 6\n>p1 move geargrind\n>p2 move closecombat\n>p1 move geargrind\n>p2 move closecombat\n>p1 switch 6\n>p1 move acrobatics\n>p2 switch 6\n>p1 switch 2\n>p2 move thunderwave\n>p1 move megahorn\n>p2 switch 2\n>p1 switch 4\n>p2 move swordsdance\n>p1 move fireblast\n>p2 move suckerpunch mega\n>p1 switch 2\n>p1 move leechseed\n>p2 move ironhead\n>p1 switch 4\n>p1 move stickyweb\n>p2 move ironhead\n>p1 switch 5\n>p1 move psychoboost\n>p2 move suckerpunch\n>forcelose p1", "uploadtime": 1770015576, "views": 228, "formatid": "gen6randombattle", "rating": 1522, "private": 0, "password": null}