{"id": "gen6randombattle-2517397226", "format": "[Gen 6] Random Battle", "players": ["A-noldi", "arboretums"], "log": "|j|☆A-noldi\n|j|☆arboretums\n|t:|1768257295\n|gametype|singles\n|player|p1|A-noldi|noland-gen3|1567\n|player|p2|arboretums|serena-masters2|1664\n|gen|6\n|tier|[Gen 6] Random Battle\n|rated|\n|rule|Sleep Clause Mod: Limit one foe put to sleep\n|rule|HP Percentage Mod: HP is shown in percentages\n|rule|Illusion Level Mod: Illusion disguises the Pokémon's true level\n|\n|t:|1768257295\n|teamsize|p1|6\n|teamsize|p2|6\n|start\n|switch|p1a: Dunsparce|Dunsparce, L93, M|337/337\n|switch|p2a: Cinccino|Cinccino, L82, F|257/257\n|turn|1\n|inactive|Battle timer is ON: inactive players will automatically lose when time's up. (requested by A-noldi)\n|inactive|arboretums has 120 seconds left.\n|\n|t:|1768257331\n|switch|p2a: Lanturn|Lanturn, L86, F|355/355\n|move|p1a: Dunsparce|Glare|p2a: Lanturn\n|-immune|p2a: Lanturn\n|\n|upkeep\n|turn|2\n|\n|t:|1768257335\n|switch|p1a: Claydol|Claydol, L88|249/249\n|move|p2a: Lanturn|Toxic|p1a: Claydol\n|-status|p1a: Claydol|tox\n|\n|-damage|p1a: Claydol|234/249 tox|[from] psn\n|upkeep\n|turn|3\n|\n|t:|1768257340\n|switch|p2a: Carnivine|Carnivine, F|310/310\n|move|p1a: Claydol|Earthquake|p2a: Carnivine\n|-immune|p2a: Carnivine|[from] ability: Levitate\n|\n|-damage|p1a: Claydol|204/249 tox|[from] psn\n|upkeep\n|turn|4\n|\n|t:|1768257347\n|move|p1a: Claydol|Ice Beam|p2a: Carnivine\n|-supereffective|p2a: Carnivine\n|-damage|p2a: Carnivine|198/310\n|move|p2a: Carnivine|Power Whip|p1a: Claydol\n|-supereffective|p1a: Claydol\n|-damage|p1a: Claydol|0 fnt\n|faint|p1a: Claydol\n|\n|-heal|p2a: Carnivine|217/310|[from] item: Leftovers\n|upkeep\n|\n|t:|1768257349\n|switch|p1a: Mesprit|Mesprit, L85|275/275\n|turn|5\n|\n|t:|1768257354\n|move|p1a: Mesprit|Thunder Wave|p2a: Carnivine\n|-status|p2a: Carnivine|par\n|move|p2a: Carnivine|Toxic|p1a: Mesprit\n|-status|p1a: Mesprit|tox\n|\n|-heal|p2a: Carnivine|236/310 par|[from] item: Leftovers\n|-damage|p1a: Mesprit|258/275 tox|[from] psn\n|upkeep\n|turn|6\n|\n|t:|1768257358\n|move|p1a: Mesprit|Stealth Rock|p2a: Carnivine\n|-sidestart|p2: arboretums|move: Stealth Rock\n|cant|p2a: Carnivine|par\n|\n|-heal|p1a: Mesprit|275/275 tox|[from] item: Leftovers\n|-heal|p2a: Carnivine|255/310 par|[from] item: Leftovers\n|-damage|p1a: Mesprit|241/275 tox|[from] psn\n|upkeep\n|turn|7\n|\n|t:|1768257360\n|move|p1a: Mesprit|Psychic|p2a: Carnivine\n|-damage|p2a: Carnivine|153/310 par\n|move|p2a: Carnivine|Knock Off|p1a: Mesprit\n|-supereffective|p1a: Mesprit\n|-damage|p1a: Mesprit|59/275 tox\n|-enditem|p1a: Mesprit|Leftovers|[from] move: Knock Off|[of] p2a: Carnivine\n|\n|-heal|p2a: Carnivine|172/310 par|[from] item: Leftovers\n|-damage|p1a: Mesprit|8/275 tox|[from] psn\n|upkeep\n|turn|8\n|\n|t:|1768257366\n|move|p1a: Mesprit|Psychic|p2a: Carnivine\n|-damage|p2a: Carnivine|78/310 par\n|move|p2a: Carnivine|Synthesis|p2a: Carnivine\n|-heal|p2a: Carnivine|233/310 par\n|\n|-heal|p2a: Carnivine|252/310 par|[from] item: Leftovers\n|-damage|p1a: Mesprit|0 fnt|[from] psn\n|faint|p1a: Mesprit\n|upkeep\n|\n|t:|1768257381\n|switch|p1a: Darkrai|Darkrai, L72|220/220\n|turn|9\n|\n|t:|1768257384\n|move|p1a: Darkrai|Nasty Plot|p1a: Darkrai\n|-boost|p1a: Darkrai|spa|2\n|move|p2a: Carnivine|Power Whip|p1a: Darkrai\n|-damage|p1a: Darkrai|12/220\n|\n|-heal|p2a: Carnivine|271/310 par|[from] item: Leftovers\n|upkeep\n|turn|10\n|\n|t:|1768257391\n|move|p1a: Darkrai|Sludge Bomb|p2a: Carnivine\n|-supereffective|p2a: Carnivine\n|-crit|p2a: Carnivine\n|-damage|p2a: Carnivine|0 fnt\n|faint|p2a: Carnivine\n|-damage|p1a: Darkrai|0 fnt|[from] item: Life Orb\n|faint|p1a: Darkrai\n|\n|upkeep\n|\n|t:|1768257402\n|switch|p1a: Sudowoodo|Sudowoodo, L94, M|284/284\n|switch|p2a: Lanturn|Lanturn, L86, F|355/355\n|-damage|p2a: Lanturn|311/355|[from] Stealth Rock\n|turn|11\n|\n|t:|1768257404\n|move|p2a: Lanturn|Scald|p1a: Sudowoodo\n|-supereffective|p1a: Sudowoodo\n|-damage|p1a: Sudowoodo|128/284\n|move|p1a: Sudowoodo|Wood Hammer|p2a: Lanturn\n|-supereffective|p2a: Lanturn\n|-damage|p2a: Lanturn|0 fnt\n|faint|p2a: Lanturn\n|\n|upkeep\n|\n|t:|1768257407\n|switch|p2a: Excadrill|Excadrill, L80, F|307/307\n|-damage|p2a: Excadrill|298/307|[from] Stealth Rock\n|-ability|p2a: Excadrill|Mold Breaker\n|turn|12\n|\n|t:|1768257411\n|move|p2a: Excadrill|Rapid Spin|p1a: Sudowoodo\n|-resisted|p1a: Sudowoodo\n|-damage|p1a: Sudowoodo|122/284\n|-sideend|p2: arboretums|Stealth Rock|[from] move: Rapid Spin|[of] p2a: Excadrill\n|move|p1a: Sudowoodo|Wood Hammer|p2a: Excadrill\n|-crit|p2a: Excadrill\n|-damage|p2a: Excadrill|0 fnt\n|faint|p2a: Excadrill\n|\n|upkeep\n|\n|t:|1768257416\n|switch|p2a: Simipour|Simipour, L86, M|269/269\n|turn|13\n|\n|t:|1768257420\n|move|p2a: Simipour|Grass Knot|p1a: Sudowoodo\n|-supereffective|p1a: Sudowoodo\n|-damage|p1a: Sudowoodo|0 fnt\n|faint|p1a: Sudowoodo\n|-damage|p2a: Simipour|243/269|[from] item: Life Orb\n|\n|upkeep\n|\n|t:|1768257423\n|switch|p1a: Dunsparce|Dunsparce, L93, M|337/337\n|turn|14\n|\n|t:|1768257425\n|move|p2a: Simipour|Nasty Plot|p2a: Simipour\n|-boost|p2a: Simipour|spa|2\n|move|p1a: Dunsparce|Glare|p2a: Simipour\n|-status|p2a: Simipour|par\n|\n|upkeep\n|turn|15\n|\n|t:|1768257427\n|move|p1a: Dunsparce|Headbutt|p2a: Simipour\n|-damage|p2a: Simipour|161/269 par\n|move|p2a: Simipour|Hydro Pump|p1a: Dunsparce\n|-damage|p1a: Dunsparce|0 fnt\n|faint|p1a: Dunsparce\n|-damage|p2a: Simipour|135/269 par|[from] item: Life Orb\n|\n|upkeep\n|-message|A-noldi forfeited.\n|\n|win|arboretums\n|raw|A-noldi's rating: 1567 &rarr; <strong>1552</strong><br />(-15 for losing)\n|raw|arboretums's rating: 1664 &rarr; <strong>1679</strong><br />(+15 for winning)\n|l|☆A-noldi\n|player|p1|\n", "inputlog": ">version f2883557ca71b1a14bc1039fd307aee7de4ab455\n>start {\"formatid\":\"gen6randombattle\",\"seed\":\"sodium,6dfd0b509cb3eddd9ccc2e621b8c7829\",\"rated\":\"Rated battle\"}\n>player p1 {\"name\":\"A-noldi\",\"avatar\":\"noland-gen3\",\"rating\":1567,\"seed\":\"sodium,f67efc19d0bbaf40ab2cedf1320b4080\"}\n>player p2 {\"name\":\"arboretums\",\"avatar\":\"serena-masters2\",\"rating\":1664,\"seed\":\"sodium,02efa5508bcccc00bfc5bcecc84218b6\"}\n>p1 move glare\n>p2 switch 3\n>p1 switch 4\n>p2 move toxic\n>p1 move earthquake\n>p2 switch 6\n>p1 move icebeam\n>p2 move powerwhip\n>p1 switch 6\n>p1 move thunderwave\n>p2 move toxic\n>p1 move stealthrock\n>p2 move knockoff\n>p1 move psychic\n>p2 move knockoff\n>p1 move psychic\n>p2 move synthesis\n>p1 switch 5\n>p1 move nastyplot\n>p2 move powerwhip\n>p1 move sludgebomb\n>p2 move knockoff\n>p1 switch 3\n>p2 switch 6\n>p1 move woodhammer\n>p2 move scald\n>p2 switch 5\n>p1 move woodhammer\n>p2 move rapidspin\n>p2 switch 2\n>p1 move woodhammer\n>p2 move grassknot\n>p1 switch 4\n>p1 move glare\n>p2 move nastyplot\n>p1 move headbutt\n>p2 move hydropump\n>forcelose p1", "uploadtime": 1768257432, "views": 218, "formatid": "gen6randombattle", "rating": 1552, "private": 0, "password": null}