{"id": "gen6randombattle-2539597363", "format": "[Gen 6] Random Battle", "players": ["Emkatt", "timer-is-shit"], "log": "|badge|p1|bronze|gen9randombattle|100-8\n|uhtml|medal-msg|<div class=\"broadcast-blue\">Curious what those medals under the avatar are? PS now has Ladder Seasons! For more information, check out the <a href=\"https://www.smogon.com/forums/threads/3740067/\">thread on Smogon.</a></div>\n|j|☆Emkatt\n|j|☆timer-is-shit\n|t:|1771085736\n|gametype|singles\n|player|p1|Emkatt|acetrainer-gen2|1655\n|player|p2|timer-is-shit|bruno-gen1|1620\n|gen|6\n|tier|[Gen 6] Random Battle\n|rated|\n|rule|Sleep Clause Mod: Limit one foe put to sleep\n|rule|HP Percentage Mod: HP is shown in percentages\n|rule|Illusion Level Mod: Illusion disguises the Pokémon's true level\n|\n|t:|1771085736\n|teamsize|p1|6\n|teamsize|p2|6\n|start\n|switch|p1a: Palkia|Palkia, L73|252/252\n|switch|p2a: Gogoat|Gogoat, L90, M|368/368\n|-ability|p1a: Palkia|Pressure\n|turn|1\n|inactive|Battle timer is ON: inactive players will automatically lose when time's up. (requested by timer-is-shit)\n|\n|t:|1771085752\n|move|p1a: Palkia|Fire Blast|p2a: Gogoat\n|-supereffective|p2a: Gogoat\n|-damage|p2a: Gogoat|128/368\n|move|p2a: Gogoat|Toxic|p1a: Palkia\n|-status|p1a: Palkia|tox\n|\n|-heal|p2a: Gogoat|151/368|[from] item: Leftovers\n|-damage|p1a: Palkia|237/252 tox|[from] psn\n|upkeep\n|turn|2\n|\n|t:|1771085762\n|switch|p2a: Azumarill|Azumarill, L81, M|295/295\n|move|p1a: Palkia|Fire Blast|p2a: Azumarill\n|-resisted|p2a: Azumarill\n|-damage|p2a: Azumarill|222/295\n|\n|-damage|p1a: Palkia|207/252 tox|[from] psn\n|upkeep\n|turn|3\n|\n|t:|1771085777\n|switch|p1a: Tangrowth|Tangrowth, L88, M|319/319\n|move|p2a: Azumarill|Play Rough|p1a: Tangrowth|[miss]\n|-miss|p2a: Azumarill|p1a: Tangrowth\n|\n|upkeep\n|turn|4\n|\n|t:|1771085806\n|switch|p2a: Gengar|Gengar, L78, F|222/222\n|move|p1a: Tangrowth|Knock Off|p2a: Gengar\n|-supereffective|p2a: Gengar\n|-damage|p2a: Gengar|16/222\n|-enditem|p2a: Gengar|Black Sludge|[from] move: Knock Off|[of] p1a: Tangrowth\n|\n|upkeep\n|turn|5\n|\n|t:|1771085815\n|move|p2a: Gengar|Sludge Wave|p1a: Tangrowth\n|-supereffective|p1a: Tangrowth\n|-damage|p1a: Tangrowth|115/319\n|move|p1a: Tangrowth|Giga Drain|p2a: Gengar\n|-resisted|p2a: Gengar\n|-crit|p2a: Gengar\n|-damage|p2a: Gengar|0 fnt\n|-heal|p1a: Tangrowth|123/319|[from] drain|[of] p2a: Gengar\n|faint|p2a: Gengar\n|\n|upkeep\n|\n|t:|1771085823\n|switch|p2a: Pinsir|Pinsir, L73, F|215/215\n|turn|6\n|j| Yomamma777\n|\n|t:|1771085840\n|switch|p1a: Slaking|Slaking, L82, M|380/380\n|detailschange|p2a: Pinsir|Pinsir-Mega, L73, F\n|-mega|p2a: Pinsir|Pinsir|Pinsirite\n|move|p2a: Pinsir|Return|p1a: Slaking\n|-damage|p1a: Slaking|239/380\n|\n|upkeep\n|turn|7\n|inactive|timer-is-shit has 120 seconds left.\n|\n|t:|1771085875\n|switch|p2a: Azumarill|Azumarill, L81, M|222/295\n|move|p1a: Slaking|Double-Edge|p2a: Azumarill\n|-damage|p2a: Azumarill|0 fnt\n|faint|p2a: Azumarill\n|-damage|p1a: Slaking|166/380|[from] Recoil\n|\n|upkeep\n|\n|t:|1771085886\n|switch|p2a: Gogoat|Gogoat, L90, M|151/368\n|turn|8\n|\n|t:|1771085893\n|switch|p1a: Palkia|Palkia, L73|207/252 tox\n|-ability|p1a: Palkia|Pressure\n|move|p2a: Gogoat|Milk Drink|p2a: Gogoat\n|-heal|p2a: Gogoat|335/368\n|\n|-heal|p2a: Gogoat|358/368|[from] item: Leftovers\n|-damage|p1a: Palkia|192/252 tox|[from] psn\n|upkeep\n|turn|9\n|\n|t:|1771085902\n|move|p1a: Palkia|Fire Blast|p2a: Gogoat\n|-supereffective|p2a: Gogoat\n|-damage|p2a: Gogoat|112/368\n|move|p2a: Gogoat|Horn Leech|p1a: Palkia\n|-damage|p1a: Palkia|84/252 tox\n|-heal|p2a: Gogoat|166/368|[from] drain|[of] p1a: Palkia\n|\n|-heal|p2a: Gogoat|189/368|[from] item: Leftovers\n|-damage|p1a: Palkia|54/252 tox|[from] psn\n|upkeep\n|turn|10\n|\n|t:|1771085912\n|move|p1a: Palkia|Fire Blast|p2a: Gogoat\n|-supereffective|p2a: Gogoat\n|-damage|p2a: Gogoat|0 fnt\n|faint|p2a: Gogoat\n|\n|-damage|p1a: Palkia|9/252 tox|[from] psn\n|upkeep\n|\n|t:|1771085920\n|switch|p2a: Pinsir|Pinsir-Mega, L73, F|215/215\n|turn|11\n|\n|t:|1771085924\n|move|p2a: Pinsir|Quick Attack|p1a: Palkia\n|-damage|p1a: Palkia|0 fnt\n|faint|p1a: Palkia\n|\n|upkeep\n|\n|t:|1771085928\n|switch|p1a: Slaking|Slaking, L82, M|166/380\n|turn|12\n|\n|t:|1771085933\n|switch|p2a: Beartic|Beartic, L94, M|331/331\n|move|p1a: Slaking|Double-Edge|p2a: Beartic\n|-damage|p2a: Beartic|67/331\n|-damage|p1a: Slaking|79/380|[from] Recoil\n|\n|upkeep\n|turn|13\n|\n|t:|1771085945\n|switch|p1a: Alomomola|Alomomola, L85, F|419/419\n|move|p2a: Beartic|Icicle Crash|p1a: Alomomola\n|-resisted|p1a: Alomomola\n|-damage|p1a: Alomomola|337/419\n|-damage|p2a: Beartic|34/331|[from] item: Life Orb\n|\n|-heal|p1a: Alomomola|363/419|[from] item: Leftovers\n|upkeep\n|turn|14\n|\n|t:|1771085954\n|move|p1a: Alomomola|Wish|p1a: Alomomola\n|move|p2a: Beartic|Superpower|p1a: Alomomola\n|-damage|p1a: Alomomola|193/419\n|-unboost|p2a: Beartic|atk|1\n|-unboost|p2a: Beartic|def|1\n|-damage|p2a: Beartic|1/331|[from] item: Life Orb\n|\n|-heal|p1a: Alomomola|219/419|[from] item: Leftovers\n|upkeep\n|turn|15\n|c| Yomamma777|Man back to back loses\n|\n|t:|1771085972\n|move|p1a: Alomomola|Knock Off|p2a: Beartic\n|-crit|p2a: Beartic\n|-damage|p2a: Beartic|0 fnt\n|-enditem|p2a: Beartic|Life Orb|[from] move: Knock Off|[of] p1a: Alomomola\n|faint|p2a: Beartic\n|\n|-heal|p1a: Alomomola|419/419|[from] move: Wish|[wisher] Alomomola\n|upkeep\n|\n|t:|1771085979\n|switch|p2a: Darkrai|Darkrai, L72|220/220\n|turn|16\n|c| Yomamma777|what you gonna blame this one on\n|c|☆Emkatt|?\n|c|☆Emkatt|what is happening\n|c| Yomamma777|Your opponent\n|inactive|Emkatt has 120 seconds left.\n|c|☆timer-is-shit|I don't know\n|c| Yomamma777|he was mad I beat him the. Started saying racist stuff\n|\n|t:|1771086034\n|switch|p1a: Musharna|Musharna, L88, F|347/347\n|move|p2a: Darkrai|Dark Void|p1a: Musharna\n|-status|p1a: Musharna|slp|[from] move: Dark Void\n|\n|-damage|p1a: Musharna|304/347 slp|[from] ability: Bad Dreams|[of] p2a: Darkrai\n|upkeep\n|turn|17\n|c|☆timer-is-shit|yomamam  has a brainless complex\n|c| Yomamma777|Called me a monkey\n|inactive|Emkatt has 90 seconds left.\n|\n|t:|1771086063\n|switch|p1a: Tangrowth|Tangrowth, L88, M|229/319\n|move|p2a: Darkrai|Nasty Plot|p2a: Darkrai\n|-boost|p2a: Darkrai|spa|2\n|\n|upkeep\n|turn|18\n|c|☆timer-is-shit|yeah bro whatever you say\n|inactive|Emkatt has 90 seconds left.\n|c| Yomamma777|I’m African American and called me a money\n|\n|t:|1771086074\n|switch|p1a: Slaking|Slaking, L82, M|79/380\n|move|p2a: Darkrai|Sludge Bomb|p1a: Slaking\n|-damage|p1a: Slaking|0 fnt\n|faint|p1a: Slaking\n|-damage|p2a: Darkrai|198/220|[from] item: Life Orb\n|\n|upkeep\n|c| Yomamma777|monkey\n|\n|t:|1771086080\n|switch|p1a: Tangrowth|Tangrowth, L88, M|319/319\n|turn|19\n|inactive|Emkatt has 90 seconds left.\n|\n|t:|1771086088\n|move|p2a: Darkrai|Sludge Bomb|p1a: Tangrowth\n|-supereffective|p1a: Tangrowth\n|-damage|p1a: Tangrowth|33/319\n|-damage|p2a: Darkrai|176/220|[from] item: Life Orb\n|move|p1a: Tangrowth|Giga Drain|p2a: Darkrai\n|-damage|p2a: Darkrai|64/220\n|-heal|p1a: Tangrowth|89/319|[from] drain|[of] p2a: Darkrai\n|\n|upkeep\n|turn|20\n|inactive|Emkatt has 90 seconds left.\n|\n|t:|1771086109\n|switch|p1a: Musharna|Musharna, L88, F|304/347 slp\n|move|p2a: Darkrai|Dark Pulse|p1a: Musharna\n|-supereffective|p1a: Musharna\n|-damage|p1a: Musharna|0 fnt\n|faint|p1a: Musharna\n|-damage|p2a: Darkrai|42/220|[from] item: Life Orb\n|\n|upkeep\n|inactive|Emkatt has 60 seconds left.\n|\n|t:|1771086140\n|switch|p1a: Tangrowth|Tangrowth, L88, M|195/319\n|turn|21\n|c| Yomamma777|Empty don’t lose olease\n|\n|t:|1771086145\n|switch|p1a: Alomomola|Alomomola, L85, F|419/419\n|move|p2a: Darkrai|Dark Pulse|p1a: Alomomola\n|-damage|p1a: Alomomola|114/419\n|-damage|p2a: Darkrai|20/220|[from] item: Life Orb\n|\n|-heal|p1a: Alomomola|140/419|[from] item: Leftovers\n|upkeep\n|turn|22\n|\n|t:|1771086155\n|switch|p1a: Tangrowth|Tangrowth, L88, M|301/319\n|move|p2a: Darkrai|Dark Void|p1a: Tangrowth\n|-status|p1a: Tangrowth|slp|[from] move: Dark Void\n|\n|-damage|p1a: Tangrowth|262/319 slp|[from] ability: Bad Dreams|[of] p2a: Darkrai\n|upkeep\n|turn|23\n|\n|t:|1771086163\n|switch|p1a: Alomomola|Alomomola, L85, F|279/419\n|move|p2a: Darkrai|Dark Pulse|p1a: Alomomola\n|-damage|p1a: Alomomola|0 fnt\n|faint|p1a: Alomomola\n|-damage|p2a: Darkrai|0 fnt|[from] item: Life Orb\n|faint|p2a: Darkrai\n|\n|upkeep\n|\n|t:|1771086171\n|switch|p2a: Pinsir|Pinsir-Mega, L73, F|215/215\n|switch|p1a: Pikachu|Pikachu, L91, M|212/212\n|turn|24\n|c|☆Emkatt|gg\n|c| Yomamma777|Haha\n|c|☆timer-is-shit|good match\n|\n|t:|1771086186\n|move|p1a: Pikachu|Volt Tackle|p2a: Pinsir\n|-supereffective|p2a: Pinsir\n|-damage|p2a: Pinsir|0 fnt\n|faint|p2a: Pinsir\n|detailschange|p2: Pinsir|Pinsir, L73, F|[silent]\n|-damage|p1a: Pikachu|141/212|[from] Recoil\n|\n|win|Emkatt\n|raw|Emkatt's rating: 1655 &rarr; <strong>1673</strong><br />(+18 for winning)\n|raw|timer-is-shit's rating: 1620 &rarr; <strong>1602</strong><br />(-18 for losing)\n|c| Yomamma777|no gonna complain\n|c|☆timer-is-shit|finally a worthy opponent\n|c|☆timer-is-shit|why should I?\n|c| Yomamma777|how he had two regen\n|l|☆Emkatt\n|player|p1|\n|c|☆timer-is-shit|He played a good match\n|c|☆timer-is-shit|I'm polite :)\n|l|☆timer-is-shit\n|player|p2|\n|l| Yomamma777\n|j|☆Emkatt\n|player|p1|Emkatt|acetrainer-gen2|\n", "inputlog": ">version ccdc32dd7cde25fd9e4bed64820e885f66e78a4e\n>start {\"formatid\":\"gen6randombattle\",\"seed\":\"sodium,0a31c968ffda7131579602e29a38d4e0\",\"rated\":\"Rated battle\"}\n>player p1 {\"name\":\"Emkatt\",\"avatar\":\"acetrainer-gen2\",\"rating\":1655,\"seed\":\"sodium,2eede055c47ab2dfef2d002a80e30786\"}\n>player p2 {\"name\":\"timer-is-shit\",\"avatar\":\"bruno-gen1\",\"rating\":1620,\"seed\":\"sodium,41d7cffad76bdf2f0f1e273caf1eabc2\"}\n>p1 move fireblast\n>p2 move toxic\n>p1 move fireblast\n>p2 switch 4\n>p1 switch 6\n>p2 move playrough\n>p1 move knockoff\n>p2 switch 3\n>p1 move gigadrain\n>p2 move sludgewave\n>p2 switch 5\n>p1 switch 4\n>p2 move return mega\n>p1 move doubleedge\n>p2 switch 3\n>p2 switch 4\n>p1 switch 6\n>p2 move milkdrink\n>p1 move fireblast\n>p2 move hornleech\n>p1 move fireblast\n>p2 move milkdrink\n>p2 switch 3\n>p1 move fireblast\n>p2 move quickattack\n>p1 switch 6\n>p1 move doubleedge\n>p2 switch 6\n>p1 switch 5\n>p2 move iciclecrash\n>p1 move wish\n>p2 move superpower\n>chat  Yomamma777|Man back to back loses\n>p1 move knockoff\n>p2 move superpower\n>p2 switch 2\n>chat  Yomamma777|what you gonna blame this one on\n>chat ☆Emkatt|?\n>chat ☆Emkatt|what is happening\n>chat  Yomamma777|Your opponent \n>chat ☆timer-is-shit|I don't know \n>chat  Yomamma777|he was mad I beat him the. Started saying racist stuff\n>p1 switch 3\n>p2 move darkvoid\n>chat ☆timer-is-shit|yomamam  has a brainless complex\n>chat  Yomamma777|Called me a monkey \n>p1 switch 4\n>p2 move nastyplot\n>chat ☆timer-is-shit|yeah bro whatever you say\n>chat  Yomamma777|I’m African American and called me a money\n>p1 switch 5\n>p2 move sludgebomb\n>chat  Yomamma777|monkey\n>p1 switch 5\n>p1 move gigadrain\n>p2 move sludgebomb\n>p1 switch 4\n>p2 move darkpulse\n>p1 switch 4\n>chat  Yomamma777|Empty don’t lose olease\n>p1 switch 3\n>p2 move darkpulse\n>p1 switch 3\n>p2 move darkvoid\n>p1 switch 3\n>p2 move darkpulse\n>p1 switch 2\n>p2 switch 6\n>chat ☆Emkatt|gg\n>chat  Yomamma777|Haha\n>chat ☆timer-is-shit|good match\n>p1 move volttackle\n>p2 move return", "uploadtime": 1771086655, "views": 125, "formatid": "gen6randombattle", "rating": 1602, "private": 0, "password": null}