{"id": "gen6randombattle-2521938027", "format": "[Gen 6] Random Battle", "players": ["arboretums", "Bl3ssurtelachupo"], "log": "|j|☆arboretums\n|j|☆Bl3ssurtelachupo\n|t:|1768843275\n|gametype|singles\n|player|p1|arboretums|serena-masters2|1673\n|player|p2|Bl3ssurtelachupo|bruno|1549\n|gen|6\n|tier|[Gen 6] Random Battle\n|rated|\n|rule|Sleep Clause Mod: Limit one foe put to sleep\n|rule|HP Percentage Mod: HP is shown in percentages\n|rule|Illusion Level Mod: Illusion disguises the Pokémon's true level\n|\n|t:|1768843275\n|teamsize|p1|6\n|teamsize|p2|6\n|start\n|switch|p1a: Gligar|Gligar, L82, F|241/241\n|switch|p2a: Barbaracle|Barbaracle, L82, M|252/252\n|turn|1\n|inactive|Battle timer is ON: inactive players will automatically lose when time's up. (requested by Bl3ssurtelachupo)\n|\n|t:|1768843297\n|switch|p2a: Weezing|Weezing, L86, M|252/252\n|move|p1a: Gligar|Earthquake|p2a: Weezing\n|-immune|p2a: Weezing|[from] ability: Levitate\n|\n|upkeep\n|turn|2\n|\n|t:|1768843302\n|switch|p1a: Lanturn|Lanturn, L86, M|355/355\n|move|p2a: Weezing|Will-O-Wisp|p1a: Lanturn\n|-status|p1a: Lanturn|brn\n|\n|-damage|p1a: Lanturn|311/355 brn|[from] brn\n|upkeep\n|turn|3\n|\n|t:|1768843319\n|switch|p2a: Wormadam|Wormadam-Trash, L88, F|249/249\n|move|p1a: Lanturn|Volt Switch|p2a: Wormadam\n|-damage|p2a: Wormadam|159/249\n|\n|t:|1768843326\n|switch|p1a: Lucario|Lucario, L74, M|226/226|[from] Volt Switch\n|\n|-heal|p2a: Wormadam|174/249|[from] item: Leftovers\n|upkeep\n|turn|4\n|\n|t:|1768843334\n|switch|p2a: Weezing|Weezing, L86, M|252/252\n|move|p1a: Lucario|Nasty Plot|p1a: Lucario\n|-boost|p1a: Lucario|spa|2\n|\n|upkeep\n|turn|5\n|\n|t:|1768843342\n|detailschange|p1a: Lucario|Lucario-Mega, L74, M\n|-mega|p1a: Lucario|Lucario|Lucarionite\n|move|p1a: Lucario|Flash Cannon|p2a: Weezing\n|-damage|p2a: Weezing|0 fnt\n|faint|p2a: Weezing\n|\n|upkeep\n|\n|t:|1768843351\n|switch|p2a: Alakazam|Alakazam, L78, M|214/214\n|turn|6\n|\n|t:|1768843359\n|switch|p1a: Gligar|Gligar, L82, F|241/241\n|detailschange|p2a: Alakazam|Alakazam-Mega, L78, M\n|-mega|p2a: Alakazam|Alakazam|Alakazite\n|-ability|p2a: Alakazam|Immunity|Trace|[from] ability: Trace|[of] p1a: Gligar\n|move|p2a: Alakazam|Focus Blast|p1a: Gligar\n|-resisted|p1a: Gligar\n|-damage|p1a: Gligar|189/241\n|\n|upkeep\n|turn|7\n|\n|t:|1768843368\n|switch|p2a: Wormadam|Wormadam-Trash, L88, F|174/249\n|move|p1a: Gligar|Earthquake|p2a: Wormadam\n|-damage|p2a: Wormadam|96/249\n|\n|-heal|p2a: Wormadam|111/249|[from] item: Leftovers\n|upkeep\n|turn|8\n|\n|t:|1768843375\n|move|p1a: Gligar|Stealth Rock|p2a: Wormadam\n|-sidestart|p2: Bl3ssurtelachupo|move: Stealth Rock\n|move|p2a: Wormadam|Stealth Rock|p1a: Gligar\n|-sidestart|p1: arboretums|move: Stealth Rock\n|\n|-heal|p2a: Wormadam|126/249|[from] item: Leftovers\n|upkeep\n|turn|9\n|\n|t:|1768843382\n|switch|p1a: Leavanny|Leavanny, L86, M|269/269\n|-damage|p1a: Leavanny|202/269|[from] Stealth Rock\n|switch|p2a: Feraligatr|Feraligatr, L79, M|264/264\n|-damage|p2a: Feraligatr|231/264|[from] Stealth Rock\n|\n|-heal|p1a: Leavanny|218/269|[from] item: Leftovers\n|upkeep\n|turn|10\n|\n|t:|1768843395\n|move|p1a: Leavanny|Knock Off|p2a: Feraligatr\n|-damage|p2a: Feraligatr|164/264\n|-enditem|p2a: Feraligatr|Life Orb|[from] move: Knock Off|[of] p1a: Leavanny\n|move|p2a: Feraligatr|Dragon Dance|p2a: Feraligatr\n|-boost|p2a: Feraligatr|atk|1\n|-boost|p2a: Feraligatr|spe|1\n|\n|-heal|p1a: Leavanny|234/269|[from] item: Leftovers\n|upkeep\n|turn|11\n|\n|t:|1768843402\n|move|p2a: Feraligatr|Dragon Dance|p2a: Feraligatr\n|-boost|p2a: Feraligatr|atk|1\n|-boost|p2a: Feraligatr|spe|1\n|move|p1a: Leavanny|Leaf Blade|p2a: Feraligatr\n|-supereffective|p2a: Feraligatr\n|-crit|p2a: Feraligatr\n|-damage|p2a: Feraligatr|0 fnt\n|faint|p2a: Feraligatr\n|\n|-heal|p1a: Leavanny|250/269|[from] item: Leftovers\n|upkeep\n|-message|Bl3ssurtelachupo forfeited.\n|\n|win|arboretums\n|raw|arboretums's rating: 1673 &rarr; <strong>1686</strong><br />(+13 for winning)\n|raw|Bl3ssurtelachupo's rating: 1549 &rarr; <strong>1536</strong><br />(-13 for losing)\n|l|☆Bl3ssurtelachupo\n|player|p2|\n", "inputlog": ">version 3bd1a1e329da8d286644078cfc9a9638fc7ea025\n>start {\"formatid\":\"gen6randombattle\",\"seed\":\"sodium,e510524086504eae283892da475ac8b7\",\"rated\":\"Rated battle\"}\n>player p1 {\"name\":\"arboretums\",\"avatar\":\"serena-masters2\",\"rating\":1673,\"seed\":\"sodium,6e2ed0e032d0185c6bd9158a3c4412a6\"}\n>player p2 {\"name\":\"Bl3ssurtelachupo\",\"avatar\":\"bruno\",\"rating\":1549,\"seed\":\"sodium,210632e027664acdfcacc87efdd96f32\"}\n>p1 move earthquake\n>p2 switch 2\n>p1 switch 6\n>p2 move willowisp\n>p1 move voltswitch\n>p2 switch 4\n>p1 switch 5\n>p1 move nastyplot\n>p2 switch 4\n>p1 move flashcannon mega\n>p2 move fireblast\n>p2 switch 6\n>p1 switch 6\n>p2 move focusblast mega\n>p1 move earthquake\n>p2 switch 4\n>p1 move stealthrock\n>p2 move stealthrock\n>p1 switch 2\n>p2 switch 5\n>p1 move knockoff\n>p2 move dragondance\n>p1 move leafblade\n>p2 move dragondance\n>forcelose p2", "uploadtime": 1768843409, "views": 308, "formatid": "gen6randombattle", "rating": 1536, "private": 0, "password": null}