{"id": "gen6randombattle-2530127846", "format": "[Gen 6] Random Battle", "players": ["Blatjanglover", "itsteeb"], "log": "|j|☆Blatjanglover\n|j|☆itsteeb\n|t:|1769879246\n|gametype|singles\n|player|p1|Blatjanglover|brock|1595\n|player|p2|itsteeb|265|1522\n|gen|6\n|tier|[Gen 6] Random Battle\n|rated|\n|rule|Sleep Clause Mod: Limit one foe put to sleep\n|rule|HP Percentage Mod: HP is shown in percentages\n|rule|Illusion Level Mod: Illusion disguises the Pokémon's true level\n|\n|t:|1769879246\n|teamsize|p1|6\n|teamsize|p2|6\n|start\n|switch|p1a: Azumarill|Azumarill, L81, M|294/294\n|switch|p2a: Metagross|Metagross, L74|240/240\n|turn|1\n|inactive|Battle timer is ON: inactive players will automatically lose when time's up. (requested by itsteeb)\n|j| Monkey bidniss\n|inactive|itsteeb has 120 seconds left.\n|inactive|Blatjanglover has 120 seconds left.\n|\n|t:|1769879282\n|detailschange|p2a: Metagross|Metagross-Mega, L74\n|-mega|p2a: Metagross|Metagross|Metagrossite\n|move|p2a: Metagross|Meteor Mash|p1a: Azumarill\n|-damage|p1a: Azumarill|137/294\n|-enditem|p1a: Azumarill|Sitrus Berry|[eat]\n|-heal|p1a: Azumarill|210/294|[from] item: Sitrus Berry\n|move|p1a: Azumarill|Waterfall|p2a: Metagross\n|-damage|p2a: Metagross|161/240\n|\n|upkeep\n|turn|2\n|\n|t:|1769879292\n|move|p2a: Metagross|Meteor Mash|p1a: Azumarill\n|-damage|p1a: Azumarill|63/294\n|move|p1a: Azumarill|Waterfall|p2a: Metagross\n|-damage|p2a: Metagross|91/240\n|\n|upkeep\n|turn|3\n|\n|t:|1769879298\n|move|p1a: Azumarill|Aqua Jet|p2a: Metagross\n|-damage|p2a: Metagross|51/240\n|move|p2a: Metagross|Meteor Mash|p1a: Azumarill\n|-damage|p1a: Azumarill|0 fnt\n|faint|p1a: Azumarill\n|\n|upkeep\n|\n|t:|1769879305\n|switch|p1a: Mesprit|Mesprit, L85|275/275\n|turn|4\n|\n|t:|1769879318\n|switch|p2a: Beartic|Beartic, L94, F|331/331\n|move|p1a: Mesprit|Thunder Wave|p2a: Beartic\n|-status|p2a: Beartic|par\n|\n|upkeep\n|turn|5\n|\n|t:|1769879323\n|move|p1a: Mesprit|Stealth Rock|p2a: Beartic\n|-sidestart|p2: itsteeb|move: Stealth Rock\n|cant|p2a: Beartic|par\n|\n|upkeep\n|turn|6\n|\n|t:|1769879339\n|move|p1a: Mesprit|U-turn|p2a: Beartic\n|-crit|p2a: Beartic\n|-damage|p2a: Beartic|244/331 par\n|\n|t:|1769879358\n|switch|p1a: Pangoro|Pangoro, L84, F|297/297|[from] U-turn\n|move|p2a: Beartic|Icicle Crash|p1a: Pangoro\n|-damage|p1a: Pangoro|128/297\n|-damage|p2a: Beartic|211/331 par|[from] item: Life Orb\n|\n|upkeep\n|turn|7\n|\n|t:|1769879371\n|move|p1a: Pangoro|Drain Punch|p2a: Beartic\n|-supereffective|p2a: Beartic\n|-damage|p2a: Beartic|0 fnt\n|-heal|p1a: Pangoro|234/297|[from] drain|[of] p2a: Beartic\n|faint|p2a: Beartic\n|\n|upkeep\n|\n|t:|1769879376\n|switch|p2a: Vespiquen|Vespiquen, F|301/301\n|-damage|p2a: Vespiquen|151/301|[from] Stealth Rock\n|-ability|p2a: Vespiquen|Pressure\n|turn|8\n|\n|t:|1769879379\n|switch|p1a: Bastiodon|Bastiodon, L95, F|268/268\n|-item|p1a: Bastiodon|Air Balloon\n|move|p2a: Vespiquen|Defog|p1a: Bastiodon\n|-unboost|p1a: Bastiodon|evasion|1\n|-sideend|p2: itsteeb|Stealth Rock|[from] move: Defog|[of] p2a: Vespiquen\n|\n|-heal|p2a: Vespiquen|169/301|[from] item: Leftovers\n|upkeep\n|turn|9\n|\n|t:|1769879393\n|switch|p2a: Conkeldurr|Conkeldurr, L81, M|303/303\n|switch|p1a: Mesprit|Mesprit, L85|275/275\n|\n|upkeep\n|turn|10\n|\n|t:|1769879403\n|move|p1a: Mesprit|Psychic|p2a: Conkeldurr\n|-supereffective|p2a: Conkeldurr\n|-damage|p2a: Conkeldurr|33/303\n|move|p2a: Conkeldurr|Knock Off|p1a: Mesprit\n|-supereffective|p1a: Mesprit\n|-damage|p1a: Mesprit|77/275\n|-enditem|p1a: Mesprit|Leftovers|[from] move: Knock Off|[of] p2a: Conkeldurr\n|-damage|p2a: Conkeldurr|3/303|[from] item: Life Orb\n|\n|upkeep\n|turn|11\n|\n|t:|1769879411\n|switch|p2a: Vespiquen|Vespiquen, F|169/301\n|-ability|p2a: Vespiquen|Pressure\n|move|p1a: Mesprit|Stealth Rock|p2a: Vespiquen\n|-sidestart|p2: itsteeb|move: Stealth Rock\n|\n|-heal|p2a: Vespiquen|187/301|[from] item: Leftovers\n|upkeep\n|turn|12\n|\n|t:|1769879417\n|move|p1a: Mesprit|U-turn|p2a: Vespiquen\n|-resisted|p2a: Vespiquen\n|-damage|p2a: Vespiquen|165/301\n|\n|t:|1769879422\n|switch|p1a: Pangoro|Pangoro, L84, F|234/297|[from] U-turn\n|move|p2a: Vespiquen|Air Slash|p1a: Pangoro\n|-supereffective|p1a: Pangoro\n|-damage|p1a: Pangoro|0 fnt\n|faint|p1a: Pangoro\n|\n|-heal|p2a: Vespiquen|183/301|[from] item: Leftovers\n|upkeep\n|\n|t:|1769879432\n|switch|p1a: Jumpluff|Jumpluff, L90, F|281/281\n|turn|13\n|\n|t:|1769879440\n|move|p1a: Jumpluff|Acrobatics|p2a: Vespiquen\n|-supereffective|p2a: Vespiquen\n|-damage|p2a: Vespiquen|57/301\n|move|p2a: Vespiquen|Defog|p1a: Jumpluff\n|-unboost|p1a: Jumpluff|evasion|1\n|-sideend|p2: itsteeb|Stealth Rock|[from] move: Defog|[of] p2a: Vespiquen\n|\n|-heal|p2a: Vespiquen|75/301|[from] item: Leftovers\n|upkeep\n|turn|14\n|\n|t:|1769879447\n|switch|p2a: Lapras|Lapras, L87, F|368/368\n|move|p1a: Jumpluff|Acrobatics|p2a: Lapras\n|-damage|p2a: Lapras|281/368\n|\n|-heal|p2a: Lapras|304/368|[from] item: Leftovers\n|upkeep\n|turn|15\n|\n|t:|1769879457\n|switch|p1a: Chimecho|Chimecho, L97, F|283/283\n|move|p2a: Lapras|Hydro Pump|p1a: Chimecho\n|-damage|p1a: Chimecho|174/283\n|\n|-heal|p1a: Chimecho|191/283|[from] item: Leftovers\n|-heal|p2a: Lapras|327/368|[from] item: Leftovers\n|upkeep\n|turn|16\n|\n|t:|1769879465\n|move|p1a: Chimecho|Toxic|p2a: Lapras|[miss]\n|-miss|p1a: Chimecho|p2a: Lapras\n|move|p2a: Lapras|Toxic|p1a: Chimecho\n|-status|p1a: Chimecho|tox\n|\n|-heal|p1a: Chimecho|208/283 tox|[from] item: Leftovers\n|-heal|p2a: Lapras|350/368|[from] item: Leftovers\n|-damage|p1a: Chimecho|191/283 tox|[from] psn\n|upkeep\n|turn|17\n|\n|t:|1769879471\n|move|p2a: Lapras|Protect|p2a: Lapras\n|-singleturn|p2a: Lapras|Protect\n|move|p1a: Chimecho|Heal Bell|p1a: Chimecho\n|-activate|p1a: Chimecho|move: Heal Bell\n|-curestatus|p1a: Chimecho|tox|[msg]\n|\n|-heal|p1a: Chimecho|208/283|[from] item: Leftovers\n|-heal|p2a: Lapras|368/368|[from] item: Leftovers\n|upkeep\n|turn|18\n|\n|t:|1769879475\n|switch|p2a: Metagross|Metagross-Mega, L74|51/240\n|move|p1a: Chimecho|Toxic|p2a: Metagross\n|-immune|p2a: Metagross\n|\n|-heal|p1a: Chimecho|225/283|[from] item: Leftovers\n|upkeep\n|turn|19\n|\n|t:|1769879482\n|move|p2a: Metagross|Meteor Mash|p1a: Chimecho\n|-damage|p1a: Chimecho|83/283\n|move|p1a: Chimecho|Psychic|p2a: Metagross\n|-resisted|p2a: Metagross\n|-crit|p2a: Metagross\n|-damage|p2a: Metagross|6/240\n|\n|-heal|p1a: Chimecho|100/283|[from] item: Leftovers\n|upkeep\n|turn|20\n|\n|t:|1769879488\n|move|p2a: Metagross|Meteor Mash|p1a: Chimecho\n|-damage|p1a: Chimecho|0 fnt\n|faint|p1a: Chimecho\n|\n|upkeep\n|\n|t:|1769879491\n|switch|p1a: Jumpluff|Jumpluff, L90, F|281/281\n|turn|21\n|\n|t:|1769879497\n|switch|p2a: Conkeldurr|Conkeldurr, L81, M|3/303\n|move|p1a: Jumpluff|Acrobatics|p2a: Conkeldurr\n|-supereffective|p2a: Conkeldurr\n|-crit|p2a: Conkeldurr\n|-damage|p2a: Conkeldurr|0 fnt\n|faint|p2a: Conkeldurr\n|\n|upkeep\n|\n|t:|1769879508\n|switch|p2a: Lapras|Lapras, L87, F|368/368\n|turn|22\n|\n|t:|1769879514\n|switch|p1a: Bastiodon|Bastiodon, L95, F|268/268\n|-item|p1a: Bastiodon|Air Balloon\n|move|p2a: Lapras|Freeze-Dry|p1a: Bastiodon\n|-resisted|p1a: Bastiodon\n|-damage|p1a: Bastiodon|245/268\n|-enditem|p1a: Bastiodon|Air Balloon\n|\n|upkeep\n|turn|23\n|\n|t:|1769879528\n|switch|p2a: Vespiquen|Vespiquen, F|75/301\n|-ability|p2a: Vespiquen|Pressure\n|move|p1a: Bastiodon|Toxic|p2a: Vespiquen\n|-status|p2a: Vespiquen|tox\n|\n|-heal|p2a: Vespiquen|93/301 tox|[from] item: Leftovers\n|-damage|p2a: Vespiquen|75/301 tox|[from] psn\n|upkeep\n|turn|24\n|\n|t:|1769879538\n|move|p2a: Vespiquen|Roost|p2a: Vespiquen\n|-heal|p2a: Vespiquen|226/301 tox\n|-singleturn|p2a: Vespiquen|move: Roost\n|move|p1a: Bastiodon|Rock Blast|p2a: Vespiquen|[miss]\n|-miss|p1a: Bastiodon|p2a: Vespiquen\n|\n|-heal|p2a: Vespiquen|244/301 tox|[from] item: Leftovers\n|-damage|p2a: Vespiquen|208/301 tox|[from] psn\n|upkeep\n|turn|25\n|\n|t:|1769879550\n|switch|p2a: Hypno|Hypno, L96, M|319/319\n|move|p1a: Bastiodon|Rock Blast|p2a: Hypno\n|-damage|p2a: Hypno|294/319\n|-damage|p2a: Hypno|270/319\n|-damage|p2a: Hypno|245/319\n|-damage|p2a: Hypno|221/319\n|-damage|p2a: Hypno|196/319\n|-hitcount|p2a: Hypno|5\n|\n|-heal|p2a: Hypno|215/319|[from] item: Leftovers\n|upkeep\n|turn|26\n|c|☆Blatjanglover|Hg\n|c|☆Blatjanglover|Gg\n|\n|t:|1769879566\n|move|p2a: Hypno|Wish|p2a: Hypno\n|move|p1a: Bastiodon|Toxic|p2a: Hypno\n|-status|p2a: Hypno|tox\n|\n|-heal|p2a: Hypno|234/319 tox|[from] item: Leftovers\n|-damage|p2a: Hypno|215/319 tox|[from] psn\n|upkeep\n|turn|27\n|\n|t:|1769879574\n|switch|p2a: Metagross|Metagross-Mega, L74|6/240\n|move|p1a: Bastiodon|Roar|p2a: Metagross\n|drag|p2a: Lapras|Lapras, L87, F|368/368\n|\n|upkeep\n|turn|28\n|\n|t:|1769879584\n|move|p2a: Lapras|Hydro Pump|p1a: Bastiodon\n|-supereffective|p1a: Bastiodon\n|-damage|p1a: Bastiodon|111/268\n|move|p1a: Bastiodon|Metal Burst|p2a: Lapras\n|-damage|p2a: Lapras|167/368\n|\n|-heal|p2a: Lapras|190/368|[from] item: Leftovers\n|upkeep\n|turn|29\n|\n|t:|1769879591\n|move|p2a: Lapras|Hydro Pump|p1a: Bastiodon\n|-supereffective|p1a: Bastiodon\n|-damage|p1a: Bastiodon|0 fnt\n|faint|p1a: Bastiodon\n|\n|-heal|p2a: Lapras|213/368|[from] item: Leftovers\n|upkeep\n|\n|t:|1769879592\n|switch|p1a: Mesprit|Mesprit, L85|77/275\n|turn|30\n|\n|t:|1769879596\n|move|p1a: Mesprit|Thunder Wave|p2a: Lapras\n|-status|p2a: Lapras|par\n|move|p2a: Lapras|Hydro Pump|p1a: Mesprit|[miss]\n|-miss|p2a: Lapras|p1a: Mesprit\n|\n|-heal|p2a: Lapras|236/368 par|[from] item: Leftovers\n|upkeep\n|turn|31\n|\n|t:|1769879601\n|move|p1a: Mesprit|Stealth Rock|p2a: Lapras\n|-sidestart|p2: itsteeb|move: Stealth Rock\n|cant|p2a: Lapras|par\n|\n|-heal|p2a: Lapras|259/368 par|[from] item: Leftovers\n|upkeep\n|turn|32\n|\n|t:|1769879607\n|move|p1a: Mesprit|Psychic|p2a: Lapras\n|-damage|p2a: Lapras|165/368 par\n|move|p2a: Lapras|Hydro Pump|p1a: Mesprit\n|-damage|p1a: Mesprit|0 fnt\n|faint|p1a: Mesprit\n|\n|-heal|p2a: Lapras|188/368 par|[from] item: Leftovers\n|upkeep\n|\n|t:|1769879609\n|switch|p1a: Jumpluff|Jumpluff, L90, F|281/281\n|turn|33\n|\n|t:|1769879613\n|move|p1a: Jumpluff|Substitute|p1a: Jumpluff\n|-start|p1a: Jumpluff|Substitute\n|-damage|p1a: Jumpluff|211/281\n|move|p2a: Lapras|Freeze-Dry|p1a: Jumpluff\n|-supereffective|p1a: Jumpluff\n|-end|p1a: Jumpluff|Substitute\n|\n|-heal|p2a: Lapras|211/368 par|[from] item: Leftovers\n|upkeep\n|turn|34\n|\n|t:|1769879619\n|move|p1a: Jumpluff|Substitute|p1a: Jumpluff\n|-start|p1a: Jumpluff|Substitute\n|-damage|p1a: Jumpluff|141/281\n|move|p2a: Lapras|Freeze-Dry|p1a: Jumpluff\n|-supereffective|p1a: Jumpluff\n|-end|p1a: Jumpluff|Substitute\n|\n|-heal|p2a: Lapras|234/368 par|[from] item: Leftovers\n|upkeep\n|turn|35\n|c|☆Blatjanglover|Such crap luck all match 😭. Stop moving bruh\n|c|☆itsteeb|???\n|\n|t:|1769879642\n|move|p1a: Jumpluff|Substitute|p1a: Jumpluff\n|-start|p1a: Jumpluff|Substitute\n|-damage|p1a: Jumpluff|71/281\n|move|p2a: Lapras|Freeze-Dry|p1a: Jumpluff\n|-supereffective|p1a: Jumpluff\n|-end|p1a: Jumpluff|Substitute\n|\n|-heal|p2a: Lapras|257/368 par|[from] item: Leftovers\n|upkeep\n|turn|36\n|\n|t:|1769879649\n|move|p1a: Jumpluff|Substitute|p1a: Jumpluff\n|-start|p1a: Jumpluff|Substitute\n|-damage|p1a: Jumpluff|1/281\n|move|p2a: Lapras|Freeze-Dry|p1a: Jumpluff\n|-supereffective|p1a: Jumpluff\n|-end|p1a: Jumpluff|Substitute\n|\n|-heal|p2a: Lapras|280/368 par|[from] item: Leftovers\n|upkeep\n|turn|37\n|\n|t:|1769879654\n|move|p1a: Jumpluff|Leech Seed|p2a: Lapras\n|-start|p2a: Lapras|move: Leech Seed\n|cant|p2a: Lapras|par\n|\n|-heal|p2a: Lapras|303/368 par|[from] item: Leftovers\n|-damage|p2a: Lapras|257/368 par|[from] Leech Seed|[of] p1a: Jumpluff\n|-heal|p1a: Jumpluff|47/281|[silent]\n|upkeep\n|turn|38\n|\n|t:|1769879658\n|move|p1a: Jumpluff|Protect|p1a: Jumpluff\n|-singleturn|p1a: Jumpluff|Protect\n|cant|p2a: Lapras|par\n|\n|-heal|p2a: Lapras|280/368 par|[from] item: Leftovers\n|-damage|p2a: Lapras|234/368 par|[from] Leech Seed|[of] p1a: Jumpluff\n|-heal|p1a: Jumpluff|93/281|[silent]\n|upkeep\n|turn|39\n|c|☆Blatjanglover|Of course 😂\n|\n|t:|1769879673\n|switch|p2a: Hypno|Hypno, L96, M|215/319 tox\n|-damage|p2a: Hypno|176/319 tox|[from] Stealth Rock\n|move|p1a: Jumpluff|Substitute|p1a: Jumpluff\n|-start|p1a: Jumpluff|Substitute\n|-damage|p1a: Jumpluff|23/281\n|\n|-heal|p2a: Hypno|195/319 tox|[from] item: Leftovers\n|-damage|p2a: Hypno|176/319 tox|[from] psn\n|upkeep\n|turn|40\n|\n|t:|1769879691\n|move|p1a: Jumpluff|Protect|p1a: Jumpluff\n|-singleturn|p1a: Jumpluff|Protect\n|move|p2a: Hypno|Psychic|p1a: Jumpluff\n|-activate|p1a: Jumpluff|move: Protect\n|\n|-heal|p2a: Hypno|195/319 tox|[from] item: Leftovers\n|-damage|p2a: Hypno|157/319 tox|[from] psn\n|upkeep\n|turn|41\n|\n|t:|1769879694\n|move|p1a: Jumpluff|Leech Seed|p2a: Hypno\n|-start|p2a: Hypno|move: Leech Seed\n|move|p2a: Hypno|Psychic|p1a: Jumpluff\n|-end|p1a: Jumpluff|Substitute\n|\n|-heal|p2a: Hypno|176/319 tox|[from] item: Leftovers\n|-damage|p2a: Hypno|137/319 tox|[from] Leech Seed|[of] p1a: Jumpluff\n|-heal|p1a: Jumpluff|62/281|[silent]\n|-damage|p2a: Hypno|80/319 tox|[from] psn\n|upkeep\n|turn|42\n|\n|t:|1769879705\n|move|p1a: Jumpluff|Acrobatics|p2a: Hypno\n|-damage|p2a: Hypno|0 fnt\n|faint|p2a: Hypno\n|\n|upkeep\n|\n|t:|1769879712\n|switch|p2a: Lapras|Lapras, L87, F|234/368 par\n|-damage|p2a: Lapras|142/368 par|[from] Stealth Rock\n|turn|43\n|\n|t:|1769879720\n|move|p1a: Jumpluff|Acrobatics|p2a: Lapras\n|-damage|p2a: Lapras|51/368 par\n|move|p2a: Lapras|Freeze-Dry|p1a: Jumpluff\n|-supereffective|p1a: Jumpluff\n|-damage|p1a: Jumpluff|0 fnt\n|faint|p1a: Jumpluff\n|\n|win|itsteeb\n|raw|Blatjanglover's rating: 1595 &rarr; <strong>1571</strong><br />(-24 for losing)\n|raw|itsteeb's rating: 1522 &rarr; <strong>1546</strong><br />(+24 for winning)\n|c|☆itsteeb|ez\n|c|☆Blatjanglover|Very\n|l| Monkey bidniss\n|c|☆itsteeb|you suck\n|l|☆itsteeb\n|player|p2|\n", "inputlog": ">version b99ff0165a6231f17e8b78c2a78d1998375de664\n>start {\"formatid\":\"gen6randombattle\",\"seed\":\"sodium,9874d7fca6669f2af50bbc06f3137f91\",\"rated\":\"Rated battle\"}\n>player p1 {\"name\":\"Blatjanglover\",\"avatar\":\"brock\",\"rating\":1595,\"seed\":\"sodium,04744c095c97ba9a80ab651a3bd13054\"}\n>player p2 {\"name\":\"itsteeb\",\"avatar\":\"265\",\"rating\":1522,\"seed\":\"sodium,0f4b22d9c5821faf33df99b953c793fb\"}\n>p1 move waterfall\n>p2 move meteormash mega\n>p1 move waterfall\n>p2 move meteormash\n>p1 move aquajet\n>p2 move meteormash\n>p1 switch 5\n>p1 move thunderwave\n>p2 switch 4\n>p1 move stealthrock\n>p2 move iciclecrash\n>p1 move uturn\n>p2 move iciclecrash\n>p1 switch 6\n>p1 move drainpunch\n>p2 move iciclecrash\n>p2 switch 3\n>p1 switch 4\n>p2 move defog\n>p1 switch 6\n>p2 switch 5\n>p1 move psychic\n>p2 move knockoff\n>p1 move stealthrock\n>p2 switch 5\n>p1 move uturn\n>p2 move airslash\n>p1 switch 4\n>p1 switch 2\n>p1 move acrobatics\n>p2 move defog\n>p1 move acrobatics\n>p2 switch 6\n>p1 switch 3\n>p2 move hydropump\n>p1 move toxic\n>p2 move toxic\n>p1 move healbell\n>p2 move protect\n>p1 move toxic\n>p2 switch 4\n>p1 move psychic\n>p2 move meteormash\n>p1 move psychic\n>p2 move meteormash\n>p1 switch 3\n>p1 move acrobatics\n>p2 switch 5\n>p2 switch 4\n>p1 switch 6\n>p2 move freezedry\n>p1 move toxic\n>p2 switch 6\n>p1 move rockblast\n>p2 move roost\n>p1 move rockblast\n>p2 switch 2\n>chat ☆Blatjanglover|Hg\n>chat ☆Blatjanglover|Gg\n>p1 move toxic\n>p2 move wish\n>p1 move roar\n>p2 switch 5\n>p1 move metalburst\n>p2 move hydropump\n>p1 move toxic\n>p2 move hydropump\n>p1 switch 4\n>p1 move thunderwave\n>p2 move hydropump\n>p1 move stealthrock\n>p2 move hydropump\n>p1 move psychic\n>p2 move hydropump\n>p1 switch 6\n>p1 move substitute\n>p2 move freezedry\n>p1 move substitute\n>p2 move freezedry\n>chat ☆Blatjanglover|Such crap luck all match 😭. Stop moving bruh\n>chat ☆itsteeb|???\n>p1 move substitute\n>p2 move freezedry\n>p1 move substitute\n>p2 move freezedry\n>p1 move leechseed\n>p2 move freezedry\n>p1 move protect\n>p2 move freezedry\n>chat ☆Blatjanglover|Of course 😂\n>p1 move substitute\n>p2 switch 5\n>p1 move protect\n>p2 move psychic\n>p1 move leechseed\n>p2 move psychic\n>p1 move acrobatics\n>p2 move wish\n>p2 switch 5\n>p1 move acrobatics\n>p2 move freezedry", "uploadtime": 1769879759, "views": 271, "formatid": "gen6randombattle", "rating": 1546, "private": 0, "password": null}