{"id": "gen6randombattle-2521262274", "format": "[Gen 6] Random Battle", "players": ["arboretums", "shutten"], "log": "|j|☆arboretums\n|j|☆shutten\n|t:|1768754163\n|gametype|singles\n|player|p1|arboretums|serena-masters2|1585\n|player|p2|shutten|169|1579\n|gen|6\n|tier|[Gen 6] Random Battle\n|rated|\n|rule|Sleep Clause Mod: Limit one foe put to sleep\n|rule|HP Percentage Mod: HP is shown in percentages\n|rule|Illusion Level Mod: Illusion disguises the Pokémon's true level\n|\n|t:|1768754163\n|teamsize|p1|6\n|teamsize|p2|6\n|start\n|switch|p1a: Klefki|Klefki, L79, F|220/220\n|switch|p2a: Rhydon|Rhydon, L83, M|310/310\n|turn|1\n|inactive|Battle timer is ON: inactive players will automatically lose when time's up. (requested by shutten)\n|\n|t:|1768754172\n|switch|p1a: Gastrodon|Gastrodon, L86, M|331/331\n|move|p2a: Rhydon|Swords Dance|p2a: Rhydon\n|-boost|p2a: Rhydon|atk|2\n|\n|upkeep\n|turn|2\n|\n|t:|1768754179\n|switch|p2a: Trevenant|Trevenant, L91, M|303/303\n|move|p1a: Gastrodon|Toxic|p2a: Trevenant\n|-status|p2a: Trevenant|tox\n|\n|-damage|p2a: Trevenant|285/303 tox|[from] psn\n|upkeep\n|turn|3\n|\n|t:|1768754193\n|switch|p1a: Granbull|Granbull, L87, M|298/298\n|-ability|p1a: Granbull|Intimidate|boost\n|-unboost|p2a: Trevenant|atk|1\n|move|p2a: Trevenant|Trick Room|p2a: Trevenant\n|-fieldstart|move: Trick Room|[of] p2a: Trevenant\n|\n|-damage|p2a: Trevenant|249/303 tox|[from] psn\n|upkeep\n|turn|4\n|\n|t:|1768754203\n|-curestatus|p2a: Trevenant|tox|[from] ability: Natural Cure\n|switch|p2a: Shuckle|Shuckle, L84, F|171/171\n|move|p1a: Granbull|Play Rough|p2a: Shuckle\n|-damage|p2a: Shuckle|117/171\n|\n|upkeep\n|turn|5\n|inactive|arboretums has 120 seconds left.\n|\n|t:|1768754245\n|move|p2a: Shuckle|Sticky Web|p1a: Granbull\n|-sidestart|p1: arboretums|move: Sticky Web\n|move|p1a: Granbull|Toxic|p2a: Shuckle\n|-status|p2a: Shuckle|tox\n|\n|-damage|p2a: Shuckle|107/171 tox|[from] psn\n|upkeep\n|turn|6\n|\n|t:|1768754260\n|move|p2a: Shuckle|Encore|p1a: Granbull\n|-start|p1a: Granbull|Encore\n|move|p1a: Granbull|Toxic|p2a: Shuckle\n|-fail|p2a: Shuckle|tox\n|\n|-damage|p2a: Shuckle|87/171 tox|[from] psn\n|upkeep\n|turn|7\n|\n|t:|1768754274\n|switch|p2a: Raticate|Raticate, L88, F|240/240\n|switch|p1a: Unfezant|Unfezant, L87, M|281/281\n|\n|-fieldend|move: Trick Room\n|-status|p2a: Raticate|tox|[from] item: Toxic Orb\n|upkeep\n|turn|8\n|\n|t:|1768754282\n|move|p2a: Raticate|Facade|p1a: Unfezant\n|-damage|p1a: Unfezant|68/281\n|move|p1a: Unfezant|Return|p2a: Raticate\n|-crit|p2a: Raticate\n|-damage|p2a: Raticate|9/240 tox\n|\n|-damage|p2a: Raticate|0 fnt|[from] psn\n|faint|p2a: Raticate\n|upkeep\n|\n|t:|1768754297\n|switch|p2a: Shuckle|Shuckle, L84, F|87/171 tox\n|turn|9\n|\n|t:|1768754303\n|switch|p1a: Klefki|Klefki, L79, F|220/220\n|-activate|p1a: Klefki|move: Sticky Web\n|-unboost|p1a: Klefki|spe|1\n|move|p2a: Shuckle|Toxic|p1a: Klefki\n|-immune|p1a: Klefki\n|\n|-damage|p2a: Shuckle|77/171 tox|[from] psn\n|upkeep\n|turn|10\n|\n|t:|1768754308\n|move|p1a: Klefki|Spikes|p2a: Shuckle\n|-sidestart|p2: shutten|Spikes\n|move|p2a: Shuckle|Knock Off|p1a: Klefki\n|-resisted|p1a: Klefki\n|-damage|p1a: Klefki|209/220\n|-enditem|p1a: Klefki|Leftovers|[from] move: Knock Off|[of] p2a: Shuckle\n|\n|-damage|p2a: Shuckle|57/171 tox|[from] psn\n|upkeep\n|turn|11\n|\n|t:|1768754311\n|move|p1a: Klefki|Spikes|p2a: Shuckle\n|-sidestart|p2: shutten|Spikes\n|move|p2a: Shuckle|Encore|p1a: Klefki\n|-start|p1a: Klefki|Encore\n|\n|-damage|p2a: Shuckle|27/171 tox|[from] psn\n|upkeep\n|turn|12\n|\n|t:|1768754332\n|switch|p2a: Kyogre|Kyogre, L67|245/245\n|-damage|p2a: Kyogre|205/245|[from] Spikes\n|-weather|RainDance|[from] ability: Drizzle|[of] p2a: Kyogre\n|move|p1a: Klefki|Spikes|p2a: Kyogre\n|-sidestart|p2: shutten|Spikes\n|\n|-weather|RainDance|[upkeep]\n|upkeep\n|turn|13\n|\n|t:|1768754340\n|switch|p1a: Dialga|Dialga, L73|266/266\n|-activate|p1a: Dialga|move: Sticky Web\n|-unboost|p1a: Dialga|spe|1\n|-ability|p1a: Dialga|Pressure\n|move|p2a: Kyogre|Ice Beam|p1a: Dialga\n|-damage|p1a: Dialga|204/266\n|\n|-weather|RainDance|[upkeep]\n|-heal|p1a: Dialga|220/266|[from] item: Leftovers\n|upkeep\n|turn|14\n|\n|t:|1768754347\n|switch|p2a: Shuckle|Shuckle, L84, F|27/171 tox\n|-damage|p2a: Shuckle|0 fnt|[from] Spikes\n|faint|p2a: Shuckle\n|move|p1a: Dialga|Draco Meteor|p2: Shuckle|[notarget]\n|-fail|p1a: Dialga\n|\n|-weather|RainDance|[upkeep]\n|-heal|p1a: Dialga|236/266|[from] item: Leftovers\n|upkeep\n|\n|t:|1768754376\n|switch|p2a: Tauros|Tauros, L82, M|257/257\n|-damage|p2a: Tauros|193/257|[from] Spikes\n|-ability|p2a: Tauros|Intimidate|boost\n|-unboost|p1a: Dialga|atk|1\n|turn|15\n|\n|t:|1768754400\n|switch|p1a: Granbull|Granbull, L87, M|298/298\n|-activate|p1a: Granbull|move: Sticky Web\n|-unboost|p1a: Granbull|spe|1\n|-ability|p1a: Granbull|Intimidate|boost\n|-unboost|p2a: Tauros|atk|1\n|move|p2a: Tauros|Earthquake|p1a: Granbull\n|-damage|p1a: Granbull|226/298\n|\n|-weather|RainDance|[upkeep]\n|-heal|p1a: Granbull|244/298|[from] item: Leftovers\n|upkeep\n|turn|16\n|\n|t:|1768754418\n|switch|p2a: Trevenant|Trevenant, L91, M|249/303\n|-damage|p2a: Trevenant|174/303|[from] Spikes\n|move|p1a: Granbull|Toxic|p2a: Trevenant\n|-status|p2a: Trevenant|tox\n|\n|-weather|none\n|-heal|p1a: Granbull|262/298|[from] item: Leftovers\n|-damage|p2a: Trevenant|156/303 tox|[from] psn\n|upkeep\n|turn|17\n|\n|t:|1768754433\n|move|p2a: Trevenant|Wood Hammer|p1a: Granbull\n|-damage|p1a: Granbull|11/298\n|-damage|p2a: Trevenant|73/303 tox|[from] Recoil\n|-damage|p2a: Trevenant|43/303 tox|[from] item: Life Orb\n|move|p1a: Granbull|Play Rough|p2a: Trevenant\n|-damage|p2a: Trevenant|0 fnt\n|faint|p2a: Trevenant\n|\n|-heal|p1a: Granbull|29/298|[from] item: Leftovers\n|upkeep\n|\n|t:|1768754440\n|switch|p2a: Tauros|Tauros, L82, M|193/257\n|-damage|p2a: Tauros|129/257|[from] Spikes\n|-ability|p2a: Tauros|Intimidate|boost\n|-unboost|p1a: Granbull|atk|1\n|turn|18\n|inactive|shutten has 120 seconds left.\n|\n|t:|1768754479\n|switch|p1a: Dialga|Dialga, L73|236/266\n|-activate|p1a: Dialga|move: Sticky Web\n|-unboost|p1a: Dialga|spe|1\n|-ability|p1a: Dialga|Pressure\n|move|p2a: Tauros|Double-Edge|p1a: Dialga\n|-resisted|p1a: Dialga\n|-damage|p1a: Dialga|159/266\n|-damage|p2a: Tauros|104/257|[from] Recoil\n|\n|-heal|p1a: Dialga|175/266|[from] item: Leftovers\n|upkeep\n|turn|19\n|\n|t:|1768754488\n|switch|p2a: Rhydon|Rhydon, L83, M|310/310\n|-damage|p2a: Rhydon|233/310|[from] Spikes\n|move|p1a: Dialga|Draco Meteor|p2a: Rhydon\n|-damage|p2a: Rhydon|80/310\n|-unboost|p1a: Dialga|spa|2\n|\n|-heal|p1a: Dialga|191/266|[from] item: Leftovers\n|upkeep\n|turn|20\n|-message|shutten forfeited.\n|\n|win|arboretums\n|raw|arboretums's rating: 1585 &rarr; <strong>1605</strong><br />(+20 for winning)\n|raw|shutten's rating: 1579 &rarr; <strong>1559</strong><br />(-20 for losing)\n|l|☆shutten\n|player|p2|\n", "inputlog": ">version 3bd1a1e329da8d286644078cfc9a9638fc7ea025\n>start {\"formatid\":\"gen6randombattle\",\"seed\":\"sodium,461d79d75083519f99f6627af597828a\",\"rated\":\"Rated battle\"}\n>player p1 {\"name\":\"arboretums\",\"avatar\":\"serena-masters2\",\"rating\":1585,\"seed\":\"sodium,8d7b2c31f56980409550f9fdcf538499\"}\n>player p2 {\"name\":\"shutten\",\"avatar\":\"169\",\"rating\":1579,\"seed\":\"sodium,3692210253a7e8cea8490097ba29b67d\"}\n>p1 switch 6\n>p2 move swordsdance\n>p1 move toxic\n>p2 switch 5\n>p1 switch 2\n>p2 move trickroom\n>p1 move playrough\n>p2 switch 3\n>p1 move toxic\n>p2 move stickyweb\n>p1 move playrough\n>p2 move encore\n>p1 switch 5\n>p2 switch 6\n>p1 move return\n>p2 move facade\n>p2 switch 6\n>p1 switch 6\n>p2 move toxic\n>p1 move spikes\n>p2 move knockoff\n>p1 move spikes\n>p2 move encore\n>p1 move spikes\n>p2 switch 4\n>p1 switch 3\n>p2 move icebeam\n>p1 move dracometeor\n>p2 switch 4\n>p2 switch 2\n>p1 switch 5\n>p2 move earthquake\n>p1 move toxic\n>p2 switch 3\n>p1 move playrough\n>p2 move woodhammer\n>p2 switch 3\n>p1 switch 5\n>p2 move doubleedge\n>p1 move dracometeor\n>p2 switch 5\n>forcelose p2", "uploadtime": 1768754493, "views": 288, "formatid": "gen6randombattle", "rating": 1559, "private": 0, "password": null}