{"id": "gen6randombattle-2535644327", "format": "[Gen 6] Random Battle", "players": ["mlungero", "thebigmand"], "log": "|j|☆mlungero\n|j|☆thebigmand\n|t:|1770590395\n|gametype|singles\n|player|p1|mlungero|brock|1685\n|player|p2|thebigmand|blackbelt-gen4dp|1546\n|gen|6\n|tier|[Gen 6] Random Battle\n|rated|\n|rule|Sleep Clause Mod: Limit one foe put to sleep\n|rule|HP Percentage Mod: HP is shown in percentages\n|rule|Illusion Level Mod: Illusion disguises the Pokémon's true level\n|\n|t:|1770590395\n|teamsize|p1|6\n|teamsize|p2|6\n|start\n|switch|p1a: Tangrowth|Tangrowth, L88, F|319/319\n|switch|p2a: Raticate|Raticate, L88, F|240/240\n|turn|1\n|\n|t:|1770590415\n|switch|p2a: Shedinja|Shedinja, L95|1/1\n|move|p1a: Tangrowth|Knock Off|p2a: Shedinja\n|-supereffective|p2a: Shedinja\n|-enditem|p2a: Shedinja|Focus Sash\n|-damage|p2a: Shedinja|1/1\n|\n|upkeep\n|turn|2\n|\n|t:|1770590429\n|switch|p2a: Illumise|Illumise, L91, F|266/266\n|move|p1a: Tangrowth|Knock Off|p2a: Illumise\n|-damage|p2a: Illumise|173/266\n|-enditem|p2a: Illumise|Leftovers|[from] move: Knock Off|[of] p1a: Tangrowth\n|\n|upkeep\n|turn|3\n|\n|t:|1770590438\n|move|p2a: Illumise|Bug Buzz|p1a: Tangrowth\n|-supereffective|p1a: Tangrowth\n|-damage|p1a: Tangrowth|161/319\n|move|p1a: Tangrowth|Rock Slide|p2a: Illumise|[miss]\n|-miss|p1a: Tangrowth|p2a: Illumise\n|\n|upkeep\n|turn|4\n|inactive|Battle timer is ON: inactive players will automatically lose when time's up. (requested by thebigmand)\n|\n|t:|1770590455\n|switch|p1a: Kabutops|Kabutops, L87, M|246/246\n|move|p2a: Illumise|Thunder Wave|p1a: Kabutops\n|-status|p1a: Kabutops|par\n|\n|upkeep\n|turn|5\n|\n|t:|1770590467\n|switch|p2a: Shedinja|Shedinja, L95|1/1\n|move|p1a: Kabutops|Stone Edge|p2a: Shedinja\n|-supereffective|p2a: Shedinja\n|-crit|p2a: Shedinja\n|-damage|p2a: Shedinja|0 fnt\n|faint|p2a: Shedinja\n|-damage|p1a: Kabutops|222/246 par|[from] item: Life Orb\n|\n|upkeep\n|\n|t:|1770590472\n|switch|p2a: Heliolisk|Heliolisk, L83, F|239/239\n|turn|6\n|\n|t:|1770590476\n|switch|p1a: Tangrowth|Tangrowth, L88, F|267/319\n|move|p2a: Heliolisk|Thunder|p1a: Tangrowth\n|-resisted|p1a: Tangrowth\n|-damage|p1a: Tangrowth|185/319\n|-damage|p2a: Heliolisk|216/239|[from] item: Life Orb\n|\n|upkeep\n|turn|7\n|\n|t:|1770590488\n|move|p2a: Heliolisk|Hyper Voice|p1a: Tangrowth\n|-damage|p1a: Tangrowth|67/319\n|-damage|p2a: Heliolisk|193/239|[from] item: Life Orb\n|move|p1a: Tangrowth|Knock Off|p2a: Heliolisk\n|-damage|p2a: Heliolisk|77/239\n|-enditem|p2a: Heliolisk|Life Orb|[from] move: Knock Off|[of] p1a: Tangrowth\n|\n|upkeep\n|turn|8\n|\n|t:|1770590493\n|switch|p1a: Kabutops|Kabutops, L87, M|222/246 par\n|move|p2a: Heliolisk|Hyper Voice|p1a: Kabutops\n|-resisted|p1a: Kabutops\n|-damage|p1a: Kabutops|164/246 par\n|\n|upkeep\n|turn|9\n|\n|t:|1770590496\n|switch|p1a: Tangrowth|Tangrowth, L88, F|173/319\n|move|p2a: Heliolisk|Thunder|p1a: Tangrowth\n|-resisted|p1a: Tangrowth\n|-damage|p1a: Tangrowth|111/319\n|\n|upkeep\n|turn|10\n|\n|t:|1770590502\n|switch|p1a: Kabutops|Kabutops, L87, M|164/246 par\n|move|p2a: Heliolisk|Hyper Voice|p1a: Kabutops\n|-resisted|p1a: Kabutops\n|-damage|p1a: Kabutops|105/246 par\n|\n|upkeep\n|turn|11\n|\n|t:|1770590507\n|move|p2a: Heliolisk|Thunder|p1a: Kabutops\n|-supereffective|p1a: Kabutops\n|-damage|p1a: Kabutops|0 fnt\n|faint|p1a: Kabutops\n|\n|upkeep\n|\n|t:|1770590509\n|switch|p1a: Victreebel|Victreebel, L90, M|290/290\n|turn|12\n|\n|t:|1770590514\n|move|p2a: Heliolisk|Hyper Voice|p1a: Victreebel\n|-damage|p1a: Victreebel|181/290\n|move|p1a: Victreebel|Sunny Day|p1a: Victreebel\n|-weather|SunnyDay\n|\n|-weather|SunnyDay|[upkeep]\n|-damage|p2a: Heliolisk|48/239|[from] ability: Dry Skin|[of] p2a: Heliolisk\n|upkeep\n|turn|13\n|\n|t:|1770590529\n|move|p1a: Victreebel|Weather Ball|p2a: Heliolisk\n|-damage|p2a: Heliolisk|0 fnt\n|faint|p2a: Heliolisk\n|-damage|p1a: Victreebel|152/290|[from] item: Life Orb\n|\n|-weather|SunnyDay|[upkeep]\n|upkeep\n|\n|t:|1770590542\n|switch|p2a: Salamence|Salamence, L68, M|242/242\n|-ability|p2a: Salamence|Intimidate|boost\n|-unboost|p1a: Victreebel|atk|1\n|turn|14\n|\n|t:|1770590550\n|detailschange|p2a: Salamence|Salamence-Mega, L68, M\n|-mega|p2a: Salamence|Salamence|Salamencite\n|move|p1a: Victreebel|Sludge Bomb|p2a: Salamence\n|-damage|p2a: Salamence|54/242\n|-status|p2a: Salamence|psn\n|-damage|p1a: Victreebel|123/290|[from] item: Life Orb\n|move|p2a: Salamence|Double-Edge|p1a: Victreebel\n|-supereffective|p1a: Victreebel\n|-damage|p1a: Victreebel|0 fnt\n|faint|p1a: Victreebel\n|-damage|p2a: Salamence|13/242 psn|[from] Recoil\n|\n|-weather|SunnyDay|[upkeep]\n|-damage|p2a: Salamence|0 fnt|[from] psn\n|faint|p2a: Salamence\n|detailschange|p2: Salamence|Salamence, L68, M|[silent]\n|upkeep\n|\n|t:|1770590570\n|switch|p1a: Alakazam|Alakazam, L78, F|214/214\n|switch|p2a: Illumise|Illumise, L91, F|173/266\n|turn|15\n|\n|t:|1770590582\n|detailschange|p1a: Alakazam|Alakazam-Mega, L78, F\n|-mega|p1a: Alakazam|Alakazam|Alakazite\n|-ability|p1a: Alakazam|Prankster|Trace|[from] ability: Trace|[of] p2a: Illumise\n|move|p2a: Illumise|Thunder Wave|p1a: Alakazam\n|-status|p1a: Alakazam|par\n|move|p1a: Alakazam|Calm Mind|p1a: Alakazam\n|-boost|p1a: Alakazam|spa|1\n|-boost|p1a: Alakazam|spd|1\n|\n|-weather|SunnyDay|[upkeep]\n|upkeep\n|turn|16\n|\n|t:|1770590591\n|switch|p1a: Tangrowth|Tangrowth, L88, F|217/319\n|move|p2a: Illumise|Encore||[still]\n|-fail|p2a: Illumise\n|\n|-weather|none\n|upkeep\n|turn|17\n|\n|t:|1770590594\n|move|p2a: Illumise|Bug Buzz|p1a: Tangrowth\n|-supereffective|p1a: Tangrowth\n|-damage|p1a: Tangrowth|37/319\n|move|p1a: Tangrowth|Rock Slide|p2a: Illumise\n|-supereffective|p2a: Illumise\n|-damage|p2a: Illumise|9/266\n|\n|upkeep\n|turn|18\n|\n|t:|1770590606\n|move|p2a: Illumise|Bug Buzz|p1a: Tangrowth\n|-supereffective|p1a: Tangrowth\n|-damage|p1a: Tangrowth|0 fnt\n|faint|p1a: Tangrowth\n|\n|upkeep\n|\n|t:|1770590610\n|switch|p1a: Vivillon|Vivillon-Savanna, L83, F|267/267\n|turn|19\n|\n|t:|1770590614\n|move|p2a: Illumise|Thunder Wave|p1a: Vivillon\n|-status|p1a: Vivillon|par\n|move|p1a: Vivillon|Bug Buzz|p2a: Illumise\n|-damage|p2a: Illumise|0 fnt\n|faint|p2a: Illumise\n|\n|upkeep\n|\n|t:|1770590625\n|switch|p2a: Raticate|Raticate, L88, F|240/240\n|turn|20\n|\n|t:|1770590628\n|move|p2a: Raticate|Flame Wheel|p1a: Vivillon\n|-supereffective|p1a: Vivillon\n|-damage|p1a: Vivillon|145/267 par\n|move|p1a: Vivillon|Sleep Powder|p2a: Raticate\n|-status|p2a: Raticate|slp|[from] move: Sleep Powder\n|\n|-heal|p1a: Vivillon|161/267 par|[from] item: Leftovers\n|upkeep\n|turn|21\n|\n|t:|1770590635\n|cant|p2a: Raticate|slp\n|move|p1a: Vivillon|Hurricane|p2a: Raticate\n|-damage|p2a: Raticate|116/240 slp\n|\n|-heal|p1a: Vivillon|177/267 par|[from] item: Leftovers\n|upkeep\n|turn|22\n|\n|t:|1770590642\n|cant|p2a: Raticate|slp\n|cant|p1a: Vivillon|par\n|\n|-heal|p1a: Vivillon|193/267 par|[from] item: Leftovers\n|upkeep\n|turn|23\n|\n|t:|1770590646\n|-curestatus|p2a: Raticate|slp|[msg]\n|move|p2a: Raticate|Facade|p1a: Vivillon\n|-damage|p1a: Vivillon|93/267 par\n|move|p1a: Vivillon|Hurricane|p2a: Raticate|[miss]\n|-miss|p1a: Vivillon|p2a: Raticate\n|\n|-heal|p1a: Vivillon|109/267 par|[from] item: Leftovers\n|-status|p2a: Raticate|tox|[from] item: Toxic Orb\n|upkeep\n|turn|24\n|\n|t:|1770590653\n|move|p2a: Raticate|Facade|p1a: Vivillon\n|-damage|p1a: Vivillon|0 fnt\n|faint|p1a: Vivillon\n|\n|-damage|p2a: Raticate|101/240 tox|[from] psn\n|upkeep\n|\n|t:|1770590659\n|switch|p1a: Xerneas|Xerneas, L64|268/268\n|-ability|p1a: Xerneas|Fairy Aura\n|turn|25\n|\n|t:|1770590670\n|move|p2a: Raticate|Facade|p1a: Xerneas\n|-damage|p1a: Xerneas|18/268\n|move|p1a: Xerneas|Geomancy||[still]\n|-prepare|p1a: Xerneas|Geomancy\n|-enditem|p1a: Xerneas|Power Herb\n|-anim|p1a: Xerneas|Geomancy|p1a: Xerneas\n|-boost|p1a: Xerneas|spa|2\n|-boost|p1a: Xerneas|spd|2\n|-boost|p1a: Xerneas|spe|2\n|\n|-damage|p2a: Raticate|71/240 tox|[from] psn\n|upkeep\n|turn|26\n|c|☆mlungero|Gg\n|\n|t:|1770590691\n|move|p1a: Xerneas|Psyshock|p2a: Raticate\n|-damage|p2a: Raticate|0 fnt\n|faint|p2a: Raticate\n|\n|upkeep\n|\n|t:|1770590693\n|switch|p2a: Sharpedo|Sharpedo, L82, F|249/249\n|turn|27\n|\n|t:|1770590699\n|move|p2a: Sharpedo|Protect|p2a: Sharpedo\n|-singleturn|p2a: Sharpedo|Protect\n|move|p1a: Xerneas|Moonblast|p2a: Sharpedo\n|-activate|p2a: Sharpedo|move: Protect\n|\n|-ability|p2a: Sharpedo|Speed Boost|boost\n|-boost|p2a: Sharpedo|spe|1\n|upkeep\n|turn|28\n|\n|t:|1770590708\n|move|p2a: Sharpedo|Protect||[still]\n|-fail|p2a: Sharpedo\n|move|p1a: Xerneas|Moonblast|p2a: Sharpedo\n|-supereffective|p2a: Sharpedo\n|-damage|p2a: Sharpedo|0 fnt\n|faint|p2a: Sharpedo\n|\n|win|mlungero\n|raw|mlungero's rating: 1685 &rarr; <strong>1697</strong><br />(+12 for winning)\n|raw|thebigmand's rating: 1546 &rarr; <strong>1534</strong><br />(-12 for losing)\n|l|☆thebigmand\n|player|p2|\n", "inputlog": ">version ccdc32dd7cde25fd9e4bed64820e885f66e78a4e\n>start {\"formatid\":\"gen6randombattle\",\"seed\":\"sodium,5575cfbea3028c767d4a42c5c984b0af\",\"rated\":\"Rated battle\"}\n>player p1 {\"name\":\"mlungero\",\"avatar\":\"brock\",\"rating\":1685,\"seed\":\"sodium,f649e2718a37cf9f8bdad60589d0120d\"}\n>player p2 {\"name\":\"thebigmand\",\"avatar\":\"blackbelt-gen4dp\",\"rating\":1546,\"seed\":\"sodium,6140326c4cd108ada1df9d235db6063f\"}\n>p1 move knockoff\n>p2 switch 4\n>p1 move knockoff\n>p2 switch 5\n>p1 move rockslide\n>p2 move bugbuzz\n>p1 switch 6\n>p2 move thunderwave\n>p1 move stoneedge\n>p2 switch 5\n>p2 switch 2\n>p1 switch 6\n>p2 move thunder\n>p1 move knockoff\n>p2 move hypervoice\n>p1 switch 6\n>p2 move hypervoice\n>p1 switch 6\n>p2 move thunder\n>p1 switch 6\n>p2 move hypervoice\n>p1 move stoneedge\n>p2 move thunder\n>p1 switch 4\n>p1 move sunnyday\n>p2 move hypervoice\n>p1 move weatherball\n>p2 move hypervoice\n>p2 switch 6\n>p1 move sludgebomb\n>p2 move doubleedge mega\n>p1 switch 2\n>p2 switch 5\n>p1 move calmmind mega\n>p2 move thunderwave\n>p1 switch 6\n>p2 move encore\n>p1 move rockslide\n>p2 move bugbuzz\n>p1 move rockslide\n>p2 move bugbuzz\n>p1 switch 3\n>p1 move bugbuzz\n>p2 move thunderwave\n>p2 switch 4\n>p1 move sleeppowder\n>p2 move flamewheel\n>p1 move hurricane\n>p2 move facade\n>p1 move hurricane\n>p2 move facade\n>p1 move hurricane\n>p2 move facade\n>p1 move bugbuzz\n>p2 move facade\n>p1 switch 5\n>p1 move geomancy\n>p2 move facade\n>chat ☆mlungero|Gg\n>p1 move psyshock\n>p2 move flamewheel\n>p2 switch 3\n>p1 move moonblast\n>p2 move protect\n>p1 move moonblast\n>p2 move protect", "uploadtime": 1770590718, "views": 218, "formatid": "gen6randombattle", "rating": 1534, "private": 0, "password": null}