{"id": "gen6randombattle-2530869325", "format": "[Gen 6] Random Battle", "players": ["bigcatdimes", "Rakunda"], "log": "|j|☆bigcatdimes\n|j|☆Rakunda\n|t:|1769981552\n|gametype|singles\n|player|p1|bigcatdimes|1|1532\n|player|p2|Rakunda|steven|1629\n|gen|6\n|tier|[Gen 6] Random Battle\n|rated|\n|rule|Sleep Clause Mod: Limit one foe put to sleep\n|rule|HP Percentage Mod: HP is shown in percentages\n|rule|Illusion Level Mod: Illusion disguises the Pokémon's true level\n|\n|t:|1769981552\n|teamsize|p1|6\n|teamsize|p2|6\n|start\n|switch|p1a: Probopass|Probopass, L91, M|257/257\n|switch|p2a: Trevenant|Trevenant, L91, M|303/303\n|turn|1\n|inactive|Battle timer is ON: inactive players will automatically lose when time's up. (requested by Rakunda)\n|\n|t:|1769981583\n|move|p2a: Trevenant|Drain Punch|p1a: Probopass\n|-supereffective|p1a: Probopass\n|-damage|p1a: Probopass|0 fnt\n|faint|p1a: Probopass\n|\n|upkeep\n|c|☆bigcatdimes|damn\n|\n|t:|1769981592\n|switch|p1a: Delphox|Delphox, L83, F|260/260\n|turn|2\n|\n|t:|1769981604\n|switch|p2a: Blaziken|Blaziken, L75, M|243/243\n|move|p1a: Delphox|Calm Mind|p1a: Delphox\n|-boost|p1a: Delphox|spa|1\n|-boost|p1a: Delphox|spd|1\n|\n|upkeep\n|turn|3\n|inactive|bigcatdimes has 120 seconds left.\n|inactive|Rakunda has 120 seconds left.\n|\n|t:|1769981656\n|move|p2a: Blaziken|Protect|p2a: Blaziken\n|-singleturn|p2a: Blaziken|Protect\n|move|p1a: Delphox|Psyshock|p2a: Blaziken\n|-activate|p2a: Blaziken|move: Protect\n|\n|-ability|p2a: Blaziken|Speed Boost|boost\n|-boost|p2a: Blaziken|spe|1\n|upkeep\n|turn|4\n|inactive|Rakunda has 120 seconds left.\n|\n|t:|1769981668\n|move|p2a: Blaziken|High Jump Kick|p1a: Delphox\n|-resisted|p1a: Delphox\n|-damage|p1a: Delphox|166/260\n|-damage|p2a: Blaziken|219/243|[from] item: Life Orb\n|move|p1a: Delphox|Psyshock|p2a: Blaziken\n|-supereffective|p2a: Blaziken\n|-damage|p2a: Blaziken|0 fnt\n|faint|p2a: Blaziken\n|-damage|p1a: Delphox|140/260|[from] item: Life Orb\n|\n|upkeep\n|c|☆bigcatdimes|gone\n|inactive|Rakunda has 120 seconds left.\n|\n|t:|1769981694\n|switch|p2a: Gallade|Gallade, L77, M|231/231\n|turn|5\n|\n|t:|1769981724\n|detailschange|p2a: Gallade|Gallade-Mega, L77, M\n|-mega|p2a: Gallade|Gallade|Galladite\n|move|p1a: Delphox|Psyshock|p2a: Gallade\n|-damage|p2a: Gallade|36/231\n|-damage|p1a: Delphox|114/260|[from] item: Life Orb\n|move|p2a: Gallade|Knock Off|p1a: Delphox\n|-supereffective|p1a: Delphox\n|-damage|p1a: Delphox|0 fnt\n|-enditem|p1a: Delphox|Life Orb|[from] move: Knock Off|[of] p2a: Gallade\n|faint|p1a: Delphox\n|\n|upkeep\n|c|☆Rakunda|hold that rq\n|inactive|bigcatdimes has 90 seconds left.\n|\n|t:|1769981741\n|switch|p1a: Octillery|Octillery, L93, M|290/290\n|turn|6\n|inactive|bigcatdimes has 90 seconds left.\n|inactive|Rakunda has 120 seconds left.\n|c|☆bigcatdimes|got nothign for this threat\n|\n|t:|1769981760\n|move|p2a: Gallade|Close Combat|p1a: Octillery\n|-damage|p1a: Octillery|122/290\n|-unboost|p2a: Gallade|def|1\n|-unboost|p2a: Gallade|spd|1\n|move|p1a: Octillery|Thunder Wave|p2a: Gallade\n|-status|p2a: Gallade|par\n|\n|-heal|p1a: Octillery|140/290|[from] item: Leftovers\n|upkeep\n|turn|7\n|\n|t:|1769981770\n|move|p1a: Octillery|Scald|p2a: Gallade\n|-damage|p2a: Gallade|0 fnt\n|faint|p2a: Gallade\n|detailschange|p2: Gallade|Gallade, L77, M|[silent]\n|\n|-heal|p1a: Octillery|158/290|[from] item: Leftovers\n|upkeep\n|c|☆Rakunda|worried abt the wrong mon\n|\n|t:|1769981782\n|switch|p2a: Trevenant|Trevenant, L91, M|303/303\n|turn|8\n|\n|t:|1769981786\n|switch|p1a: Sawsbuck|Sawsbuck-Autumn, L86, M|278/278\n|move|p2a: Trevenant|Wood Hammer|p1a: Sawsbuck\n|-ability|p1a: Sawsbuck|Sap Sipper|boost\n|-boost|p1a: Sawsbuck|atk|1\n|\n|upkeep\n|turn|9\n|c|☆bigcatdimes|let me sap that real quick\n|inactive|Rakunda has 120 seconds left.\n|\n|t:|1769981802\n|switch|p2a: Regice|Regice, L87|281/281\n|move|p1a: Sawsbuck|Substitute|p1a: Sawsbuck\n|-start|p1a: Sawsbuck|Substitute\n|-damage|p1a: Sawsbuck|209/278\n|\n|-heal|p1a: Sawsbuck|226/278|[from] item: Leftovers\n|upkeep\n|turn|10\n|inactive|Rakunda has 120 seconds left.\n|\n|t:|1769981811\n|move|p1a: Sawsbuck|Swords Dance|p1a: Sawsbuck\n|-boost|p1a: Sawsbuck|atk|2\n|move|p2a: Regice|Ice Beam|p1a: Sawsbuck\n|-supereffective|p1a: Sawsbuck\n|-end|p1a: Sawsbuck|Substitute\n|\n|-heal|p1a: Sawsbuck|243/278|[from] item: Leftovers\n|upkeep\n|turn|11\n|inactive|bigcatdimes has 120 seconds left.\n|\n|t:|1769981829\n|switch|p2a: Trevenant|Trevenant, L91, M|303/303\n|move|p1a: Sawsbuck|Swords Dance|p1a: Sawsbuck\n|-boost|p1a: Sawsbuck|atk|2\n|\n|-heal|p1a: Sawsbuck|260/278|[from] item: Leftovers\n|upkeep\n|turn|12\n|\n|t:|1769981836\n|move|p1a: Sawsbuck|Substitute|p1a: Sawsbuck\n|-start|p1a: Sawsbuck|Substitute\n|-damage|p1a: Sawsbuck|191/278\n|move|p2a: Trevenant|Drain Punch|p1a: Sawsbuck\n|-supereffective|p1a: Sawsbuck\n|-end|p1a: Sawsbuck|Substitute\n|\n|-heal|p1a: Sawsbuck|208/278|[from] item: Leftovers\n|upkeep\n|turn|13\n|c|☆bigcatdimes|young sub\n|c|☆Rakunda|switch out\n|\n|t:|1769981845\n|move|p1a: Sawsbuck|Horn Leech|p2a: Trevenant\n|-resisted|p2a: Trevenant\n|-damage|p2a: Trevenant|153/303\n|-heal|p1a: Sawsbuck|278/278|[from] drain|[of] p2a: Trevenant\n|move|p2a: Trevenant|Drain Punch|p1a: Sawsbuck\n|-supereffective|p1a: Sawsbuck\n|-damage|p1a: Sawsbuck|62/278\n|-heal|p2a: Trevenant|261/303|[from] drain|[of] p1a: Sawsbuck\n|\n|-heal|p1a: Sawsbuck|79/278|[from] item: Leftovers\n|upkeep\n|turn|14\n|\n|t:|1769981857\n|switch|p1a: Octillery|Octillery, L93, M|158/290\n|move|p2a: Trevenant|Drain Punch|p1a: Octillery\n|-crit|p1a: Octillery\n|-damage|p1a: Octillery|8/290\n|-heal|p2a: Trevenant|303/303|[from] drain|[of] p1a: Octillery\n|\n|-heal|p1a: Octillery|26/290|[from] item: Leftovers\n|upkeep\n|turn|15\n|c|☆Rakunda|good boy\n|\n|t:|1769981868\n|move|p2a: Trevenant|Drain Punch|p1a: Octillery\n|-crit|p1a: Octillery\n|-damage|p1a: Octillery|0 fnt\n|faint|p1a: Octillery\n|\n|upkeep\n|\n|t:|1769981872\n|switch|p1a: Pidgeot|Pidgeot, L77, F|254/254\n|turn|16\n|c|☆bigcatdimes|gg\n|\n|t:|1769981879\n|switch|p2a: Regice|Regice, L87|281/281\n|detailschange|p1a: Pidgeot|Pidgeot-Mega, L77, F\n|-mega|p1a: Pidgeot|Pidgeot|Pidgeotite\n|move|p1a: Pidgeot|Work Up|p1a: Pidgeot\n|-boost|p1a: Pidgeot|atk|1\n|-boost|p1a: Pidgeot|spa|1\n|\n|upkeep\n|turn|17\n|\n|t:|1769981888\n|move|p1a: Pidgeot|Hurricane|p2a: Regice\n|-damage|p2a: Regice|194/281\n|move|p2a: Regice|Rock Polish|p2a: Regice\n|-boost|p2a: Regice|spe|2\n|\n|upkeep\n|turn|18\n|\n|t:|1769981895\n|move|p2a: Regice|Ice Beam|p1a: Pidgeot\n|-supereffective|p1a: Pidgeot\n|-damage|p1a: Pidgeot|24/254\n|move|p1a: Pidgeot|Heat Wave|p2a: Regice\n|-supereffective|p2a: Regice\n|-damage|p2a: Regice|92/281\n|-enditem|p2a: Regice|Weakness Policy\n|-boost|p2a: Regice|atk|2|[from] item: Weakness Policy\n|-boost|p2a: Regice|spa|2|[from] item: Weakness Policy\n|\n|upkeep\n|turn|19\n|c|☆bigcatdimes|damn\n|c|☆Rakunda|fahh\n|\n|t:|1769981904\n|move|p2a: Regice|Ice Beam|p1a: Pidgeot\n|-supereffective|p1a: Pidgeot\n|-damage|p1a: Pidgeot|0 fnt\n|faint|p1a: Pidgeot\n|detailschange|p1: Pidgeot|Pidgeot, L77, F|[silent]\n|\n|upkeep\n|\n|t:|1769981908\n|switch|p1a: Suicune|Suicune, L80|291/291\n|-ability|p1a: Suicune|Pressure\n|turn|20\n|\n|t:|1769981913\n|move|p2a: Regice|Thunderbolt|p1a: Suicune\n|-supereffective|p1a: Suicune\n|-damage|p1a: Suicune|35/291\n|move|p1a: Suicune|Calm Mind|p1a: Suicune\n|-boost|p1a: Suicune|spa|1\n|-boost|p1a: Suicune|spd|1\n|\n|-heal|p1a: Suicune|53/291|[from] item: Leftovers\n|upkeep\n|turn|21\n|c|☆bigcatdimes|ggz\n|-message|bigcatdimes forfeited.\n|\n|win|Rakunda\n|raw|bigcatdimes's rating: 1532 &rarr; <strong>1517</strong><br />(-15 for losing)\n|raw|Rakunda's rating: 1629 &rarr; <strong>1644</strong><br />(+15 for winning)\n|c|☆Rakunda|gg\n|l|☆bigcatdimes\n|player|p1|\n", "inputlog": ">version ccdc32dd7cde25fd9e4bed64820e885f66e78a4e\n>start {\"formatid\":\"gen6randombattle\",\"seed\":\"sodium,26d48ba200d453def7544202603bf6ec\",\"rated\":\"Rated battle\"}\n>player p1 {\"name\":\"bigcatdimes\",\"avatar\":\"1\",\"rating\":1532,\"seed\":\"sodium,c16947ad7801467b4c9c9b500d3b7424\"}\n>player p2 {\"name\":\"Rakunda\",\"avatar\":\"steven\",\"rating\":1629,\"seed\":\"sodium,1d4e4d9bf04d6be7695b33eb40cb8caa\"}\n>p1 move voltswitch\n>p2 move drainpunch\n>chat ☆bigcatdimes|damn\n>p1 switch 2\n>p1 move calmmind\n>p2 switch 3\n>p1 move psyshock\n>p2 move protect\n>p1 move psyshock\n>p2 move highjumpkick\n>chat ☆bigcatdimes|gone\n>p2 switch 6\n>p1 move psyshock\n>p2 move knockoff mega\n>chat ☆Rakunda|hold that rq\n>p1 switch 6\n>chat ☆bigcatdimes|got nothign for this threat\n>p1 move thunderwave\n>p2 move closecombat\n>p1 move scald\n>p2 move closecombat\n>chat ☆Rakunda|worried abt the wrong mon\n>p2 switch 3\n>p1 switch 3\n>p2 move woodhammer\n>chat ☆bigcatdimes|let me sap that real quick\n>p1 move substitute\n>p2 switch 4\n>p1 move swordsdance\n>p2 move icebeam\n>p1 move swordsdance\n>p2 switch 4\n>p1 move substitute\n>p2 move drainpunch\n>chat ☆bigcatdimes|young sub\n>chat ☆Rakunda|switch out\n>p1 move hornleech\n>p2 move drainpunch\n>p1 switch 3\n>p2 move drainpunch\n>chat ☆Rakunda|good boy\n>p1 move scald\n>p2 move drainpunch\n>p1 switch 4\n>chat ☆bigcatdimes|gg\n>p1 move workup mega\n>p2 switch 4\n>p1 move hurricane\n>p2 move rockpolish\n>p1 move heatwave\n>p2 move icebeam\n>chat ☆bigcatdimes|damn\n>chat ☆Rakunda|fahh\n>p1 move heatwave\n>p2 move icebeam\n>p1 switch 5\n>p1 move calmmind\n>p2 move thunderbolt\n>chat ☆bigcatdimes|ggz\n>forcelose p1", "uploadtime": 1769981953, "views": 263, "formatid": "gen6randombattle", "rating": 1517, "private": 0, "password": null}