{"id": "gen6randombattle-2525029998", "format": "[Gen 6] Random Battle", "players": ["Duck Cop", "alex-1403"], "log": "|j|☆Duck Cop\n|j|☆alex-1403\n|t:|1769219287\n|gametype|singles\n|player|p1|Duck Cop|morty-masters2|1775\n|player|p2|alex-1403|red|1759\n|gen|6\n|tier|[Gen 6] Random Battle\n|rated|\n|rule|Sleep Clause Mod: Limit one foe put to sleep\n|rule|HP Percentage Mod: HP is shown in percentages\n|rule|Illusion Level Mod: Illusion disguises the Pokémon's true level\n|\n|t:|1769219287\n|teamsize|p1|6\n|teamsize|p2|6\n|start\n|switch|p1a: Conkeldurr|Conkeldurr, L81, M|303/303\n|switch|p2a: Lapras|Lapras, L87, M|368/368\n|turn|1\n|inactive|Battle timer is ON: inactive players will automatically lose when time's up. (requested by alex-1403)\n|inactive|Duck Cop has 120 seconds left.\n|\n|t:|1769219343\n|switch|p2a: Azelf|Azelf, L80|251/251\n|move|p1a: Conkeldurr|Bulk Up|p1a: Conkeldurr\n|-boost|p1a: Conkeldurr|atk|1\n|-boost|p1a: Conkeldurr|def|1\n|\n|upkeep\n|turn|2\n|\n|t:|1769219351\n|move|p2a: Azelf|Psychic|p1a: Conkeldurr\n|-supereffective|p1a: Conkeldurr\n|-damage|p1a: Conkeldurr|19/303\n|move|p1a: Conkeldurr|Knock Off|p2a: Azelf\n|-supereffective|p2a: Azelf\n|-damage|p2a: Azelf|0 fnt\n|-enditem|p2a: Azelf|Assault Vest|[from] move: Knock Off|[of] p1a: Conkeldurr\n|faint|p2a: Azelf\n|-damage|p1a: Conkeldurr|0 fnt|[from] item: Life Orb\n|faint|p1a: Conkeldurr\n|\n|upkeep\n|\n|t:|1769219365\n|switch|p2a: Smeargle|Smeargle, L89, F|243/243\n|switch|p1a: Vaporeon|Vaporeon, L84, F|356/356\n|turn|3\n|\n|t:|1769219378\n|move|p2a: Smeargle|Spore|p1a: Vaporeon\n|-status|p1a: Vaporeon|slp|[from] move: Spore\n|cant|p1a: Vaporeon|slp\n|\n|upkeep\n|turn|4\n|\n|t:|1769219403\n|switch|p1a: Magmortar|Magmortar, L86, M|269/269\n|move|p2a: Smeargle|Sticky Web|p1a: Magmortar\n|-sidestart|p1: Duck Cop|move: Sticky Web\n|\n|upkeep\n|turn|5\n|\n|t:|1769219409\n|move|p1a: Magmortar|Taunt|p2a: Smeargle\n|-start|p2a: Smeargle|move: Taunt\n|move|p2a: Smeargle|Nuzzle|p1a: Magmortar\n|-damage|p1a: Magmortar|262/269\n|-status|p1a: Magmortar|par\n|-status|p2a: Smeargle|brn|[from] ability: Flame Body|[of] p1a: Magmortar\n|\n|-heal|p1a: Magmortar|269/269 par|[from] item: Leftovers\n|-damage|p2a: Smeargle|213/243 brn|[from] brn\n|upkeep\n|turn|6\n|\n|t:|1769219421\n|switch|p2a: Lapras|Lapras, L87, M|368/368\n|move|p1a: Magmortar|Fire Blast|p2a: Lapras\n|-damage|p2a: Lapras|235/368\n|\n|-heal|p2a: Lapras|258/368|[from] item: Leftovers\n|upkeep\n|turn|7\n|\n|t:|1769219431\n|move|p2a: Lapras|Hydro Pump|p1a: Magmortar\n|-supereffective|p1a: Magmortar\n|-damage|p1a: Magmortar|63/269 par\n|cant|p1a: Magmortar|par\n|\n|-heal|p2a: Lapras|281/368|[from] item: Leftovers\n|-heal|p1a: Magmortar|79/269 par|[from] item: Leftovers\n|upkeep\n|turn|8\n|\n|t:|1769219438\n|move|p2a: Lapras|Hydro Pump|p1a: Magmortar\n|-supereffective|p1a: Magmortar\n|-damage|p1a: Magmortar|0 fnt\n|faint|p1a: Magmortar\n|\n|-heal|p2a: Lapras|304/368|[from] item: Leftovers\n|upkeep\n|\n|t:|1769219449\n|switch|p1a: Vaporeon|Vaporeon, L84, F|356/356 slp\n|-activate|p1a: Vaporeon|move: Sticky Web\n|-unboost|p1a: Vaporeon|spe|1\n|turn|9\n|\n|t:|1769219453\n|move|p2a: Lapras|Freeze-Dry|p1a: Vaporeon\n|-supereffective|p1a: Vaporeon\n|-damage|p1a: Vaporeon|224/356 slp\n|cant|p1a: Vaporeon|slp\n|\n|-heal|p2a: Lapras|327/368|[from] item: Leftovers\n|-heal|p1a: Vaporeon|246/356 slp|[from] item: Leftovers\n|upkeep\n|turn|10\n|\n|t:|1769219463\n|move|p2a: Lapras|Freeze-Dry|p1a: Vaporeon\n|-supereffective|p1a: Vaporeon\n|-damage|p1a: Vaporeon|114/356 slp\n|-curestatus|p1a: Vaporeon|slp|[msg]\n|move|p1a: Vaporeon|Toxic|p2a: Lapras\n|-status|p2a: Lapras|tox\n|\n|-heal|p2a: Lapras|350/368 tox|[from] item: Leftovers\n|-heal|p1a: Vaporeon|136/356|[from] item: Leftovers\n|-damage|p2a: Lapras|327/368 tox|[from] psn\n|upkeep\n|turn|11\n|\n|t:|1769219475\n|move|p1a: Vaporeon|Protect|p1a: Vaporeon\n|-singleturn|p1a: Vaporeon|Protect\n|move|p2a: Lapras|Toxic|p1a: Vaporeon\n|-activate|p1a: Vaporeon|move: Protect\n|\n|-heal|p2a: Lapras|350/368 tox|[from] item: Leftovers\n|-heal|p1a: Vaporeon|158/356|[from] item: Leftovers\n|-damage|p2a: Lapras|304/368 tox|[from] psn\n|upkeep\n|turn|12\n|\n|t:|1769219483\n|move|p2a: Lapras|Freeze-Dry|p1a: Vaporeon\n|-supereffective|p1a: Vaporeon\n|-damage|p1a: Vaporeon|20/356\n|move|p1a: Vaporeon|Wish|p1a: Vaporeon\n|\n|-heal|p2a: Lapras|327/368 tox|[from] item: Leftovers\n|-heal|p1a: Vaporeon|42/356|[from] item: Leftovers\n|-damage|p2a: Lapras|258/368 tox|[from] psn\n|upkeep\n|turn|13\n|\n|t:|1769219491\n|switch|p2a: Smeargle|Smeargle, L89, F|213/243 brn\n|move|p1a: Vaporeon|Protect||[still]\n|-fail|p1a: Vaporeon\n|\n|-heal|p1a: Vaporeon|220/356|[from] move: Wish|[wisher] Vaporeon\n|-heal|p1a: Vaporeon|242/356|[from] item: Leftovers\n|-damage|p2a: Smeargle|183/243 brn|[from] brn\n|upkeep\n|turn|14\n|\n|t:|1769219500\n|move|p2a: Smeargle|Stealth Rock|p1a: Vaporeon\n|-sidestart|p1: Duck Cop|move: Stealth Rock\n|move|p1a: Vaporeon|Scald|p2a: Smeargle\n|-damage|p2a: Smeargle|32/243 brn\n|\n|-heal|p1a: Vaporeon|264/356|[from] item: Leftovers\n|-damage|p2a: Smeargle|2/243 brn|[from] brn\n|upkeep\n|turn|15\n|\n|t:|1769219514\n|move|p1a: Vaporeon|Protect|p1a: Vaporeon\n|-singleturn|p1a: Vaporeon|Protect\n|move|p2a: Smeargle|Spore|p1a: Vaporeon\n|-activate|p1a: Vaporeon|move: Protect\n|\n|-heal|p1a: Vaporeon|286/356|[from] item: Leftovers\n|-damage|p2a: Smeargle|0 fnt|[from] brn\n|faint|p2a: Smeargle\n|upkeep\n|\n|t:|1769219520\n|switch|p2a: Lapras|Lapras, L87, M|258/368 tox\n|turn|16\n|\n|t:|1769219525\n|move|p2a: Lapras|Toxic|p1a: Vaporeon\n|-status|p1a: Vaporeon|tox\n|move|p1a: Vaporeon|Wish|p1a: Vaporeon\n|\n|-heal|p2a: Lapras|281/368 tox|[from] item: Leftovers\n|-heal|p1a: Vaporeon|308/356 tox|[from] item: Leftovers\n|-damage|p2a: Lapras|258/368 tox|[from] psn\n|-damage|p1a: Vaporeon|286/356 tox|[from] psn\n|upkeep\n|turn|17\n|\n|t:|1769219533\n|move|p2a: Lapras|Freeze-Dry|p1a: Vaporeon\n|-supereffective|p1a: Vaporeon\n|-damage|p1a: Vaporeon|146/356 tox\n|move|p1a: Vaporeon|Toxic|p2a: Lapras\n|-fail|p2a: Lapras|tox\n|\n|-heal|p1a: Vaporeon|324/356 tox|[from] move: Wish|[wisher] Vaporeon\n|-heal|p2a: Lapras|281/368 tox|[from] item: Leftovers\n|-heal|p1a: Vaporeon|346/356 tox|[from] item: Leftovers\n|-damage|p2a: Lapras|235/368 tox|[from] psn\n|-damage|p1a: Vaporeon|302/356 tox|[from] psn\n|upkeep\n|turn|18\n|\n|t:|1769219544\n|move|p2a: Lapras|Freeze-Dry|p1a: Vaporeon\n|-supereffective|p1a: Vaporeon\n|-damage|p1a: Vaporeon|156/356 tox\n|move|p1a: Vaporeon|Wish|p1a: Vaporeon\n|\n|-heal|p2a: Lapras|258/368 tox|[from] item: Leftovers\n|-heal|p1a: Vaporeon|178/356 tox|[from] item: Leftovers\n|-damage|p2a: Lapras|189/368 tox|[from] psn\n|-damage|p1a: Vaporeon|112/356 tox|[from] psn\n|upkeep\n|turn|19\n|\n|t:|1769219559\n|switch|p2a: Girafarig|Girafarig, L93, F|281/281\n|move|p1a: Vaporeon|Protect||[still]\n|-fail|p1a: Vaporeon\n|\n|-heal|p1a: Vaporeon|290/356 tox|[from] move: Wish|[wisher] Vaporeon\n|-heal|p1a: Vaporeon|312/356 tox|[from] item: Leftovers\n|-damage|p1a: Vaporeon|224/356 tox|[from] psn\n|upkeep\n|turn|20\n|\n|t:|1769219571\n|move|p2a: Girafarig|Nasty Plot|p2a: Girafarig\n|-boost|p2a: Girafarig|spa|2\n|move|p1a: Vaporeon|Toxic|p2a: Girafarig\n|-status|p2a: Girafarig|tox\n|\n|-heal|p1a: Vaporeon|246/356 tox|[from] item: Leftovers\n|-damage|p2a: Girafarig|264/281 tox|[from] psn\n|-damage|p1a: Vaporeon|136/356 tox|[from] psn\n|upkeep\n|turn|21\n|\n|t:|1769219586\n|move|p2a: Girafarig|Thunderbolt|p1a: Vaporeon\n|-supereffective|p1a: Vaporeon\n|-damage|p1a: Vaporeon|0 fnt\n|faint|p1a: Vaporeon\n|-damage|p2a: Girafarig|236/281 tox|[from] item: Life Orb\n|\n|-damage|p2a: Girafarig|202/281 tox|[from] psn\n|upkeep\n|\n|t:|1769219600\n|switch|p1a: Excadrill|Excadrill, L80, F|307/307\n|-activate|p1a: Excadrill|move: Sticky Web\n|-unboost|p1a: Excadrill|spe|1\n|-damage|p1a: Excadrill|298/307|[from] Stealth Rock\n|-ability|p1a: Excadrill|Mold Breaker\n|turn|22\n|\n|t:|1769219626\n|move|p2a: Girafarig|Hyper Voice|p1a: Excadrill\n|-resisted|p1a: Excadrill\n|-damage|p1a: Excadrill|119/307\n|-damage|p2a: Girafarig|174/281 tox|[from] item: Life Orb\n|move|p1a: Excadrill|Earthquake|p2a: Girafarig\n|-damage|p2a: Girafarig|0 fnt\n|faint|p2a: Girafarig\n|-damage|p1a: Excadrill|89/307|[from] item: Life Orb\n|\n|upkeep\n|inactive|alex-1403 has 120 seconds left.\n|\n|t:|1769219637\n|switch|p2a: Hitmonchan|Hitmonchan, L86, M|226/226\n|turn|23\n|\n|t:|1769219642\n|move|p2a: Hitmonchan|Drain Punch|p1a: Excadrill\n|-supereffective|p1a: Excadrill\n|-damage|p1a: Excadrill|0 fnt\n|faint|p1a: Excadrill\n|\n|upkeep\n|\n|t:|1769219650\n|switch|p1a: Cacturne|Cacturne, L90, M|272/272\n|-activate|p1a: Cacturne|move: Sticky Web\n|-unboost|p1a: Cacturne|spe|1\n|-damage|p1a: Cacturne|238/272|[from] Stealth Rock\n|turn|24\n|\n|t:|1769219657\n|move|p2a: Hitmonchan|Drain Punch|p1a: Cacturne\n|-supereffective|p1a: Cacturne\n|-damage|p1a: Cacturne|0 fnt\n|faint|p1a: Cacturne\n|\n|upkeep\n|\n|t:|1769219661\n|switch|p1a: Crustle|Crustle, L82, M|249/249\n|-activate|p1a: Crustle|move: Sticky Web\n|-unboost|p1a: Crustle|spe|1\n|-damage|p1a: Crustle|187/249|[from] Stealth Rock\n|-enditem|p1a: Crustle|White Herb\n|-clearnegativeboost|p1a: Crustle|[silent]\n|turn|25\n|\n|t:|1769219669\n|move|p2a: Hitmonchan|Stone Edge|p1a: Crustle\n|-supereffective|p1a: Crustle\n|-crit|p1a: Crustle\n|-damage|p1a: Crustle|17/249\n|move|p1a: Crustle|Shell Smash|p1a: Crustle\n|-unboost|p1a: Crustle|def|1\n|-unboost|p1a: Crustle|spd|1\n|-boost|p1a: Crustle|atk|2\n|-boost|p1a: Crustle|spa|2\n|-boost|p1a: Crustle|spe|2\n|\n|upkeep\n|turn|26\n|\n|t:|1769219678\n|move|p2a: Hitmonchan|Mach Punch|p1a: Crustle\n|-damage|p1a: Crustle|0 fnt\n|faint|p1a: Crustle\n|\n|win|alex-1403\n|raw|Duck Cop's rating: 1775 &rarr; <strong>1754</strong><br />(-21 for losing)\n|raw|alex-1403's rating: 1759 &rarr; <strong>1780</strong><br />(+21 for winning)\n", "inputlog": ">version dd3d52b8382d73d1dd2c67730c4067df325ab790\n>start {\"formatid\":\"gen6randombattle\",\"seed\":\"sodium,e769feaf7d3f940ca0658ab3409fff52\",\"rated\":\"Rated battle\"}\n>player p1 {\"name\":\"Duck Cop\",\"avatar\":\"morty-masters2\",\"rating\":1775,\"seed\":\"sodium,28ce7d5caf262ffa7eb3c59901bdf5e9\"}\n>player p2 {\"name\":\"alex-1403\",\"avatar\":\"red\",\"rating\":1759,\"seed\":\"sodium,52c6611180dafdc2883ae8263ef80b7f\"}\n>p1 move bulkup\n>p2 switch 2\n>p1 move knockoff\n>p2 move psychic\n>p1 switch 2\n>p2 switch 4\n>p1 move scald\n>p2 move spore\n>p1 switch 5\n>p2 move stickyweb\n>p1 move taunt\n>p2 move nuzzle\n>p1 move fireblast\n>p2 switch 2\n>p1 move thunderbolt\n>p2 move hydropump\n>p1 move thunderbolt\n>p2 move hydropump\n>p1 switch 5\n>p1 move toxic\n>p2 move freezedry\n>p1 move toxic\n>p2 move freezedry\n>p1 move protect\n>p2 move toxic\n>p1 move wish\n>p2 move freezedry\n>p1 move protect\n>p2 switch 2\n>p1 move scald\n>p2 move stealthrock\n>p1 move protect\n>p2 move spore\n>p2 switch 2\n>p1 move wish\n>p2 move toxic\n>p1 move toxic\n>p2 move freezedry\n>p1 move wish\n>p2 move freezedry\n>p1 move protect\n>p2 switch 6\n>p1 move toxic\n>p2 move nastyplot\n>p1 move scald\n>p2 move thunderbolt\n>p1 switch 4\n>p1 move earthquake\n>p2 move hypervoice\n>p2 switch 3\n>p1 move earthquake\n>p2 move drainpunch\n>p1 switch 6\n>p1 move seedbomb\n>p2 move drainpunch\n>p1 switch 3\n>p1 move shellsmash\n>p2 move stoneedge\n>p1 move knockoff\n>p2 move machpunch", "uploadtime": 1769219683, "views": 263, "formatid": "gen6randombattle", "rating": 1754, "private": 0, "password": null}