{"id": "gen6randombattle-2528896226", "format": "[Gen 6] Random Battle", "players": ["urgeed", "blonded2003"], "log": "|j|☆urgeed\n|j|‽blonded2003\n|t:|1769715700\n|gametype|singles\n|player|p1|urgeed|lucas|1576\n|player|p2|blonded2003|170|1641\n|gen|6\n|tier|[Gen 6] Random Battle\n|rated|\n|rule|Sleep Clause Mod: Limit one foe put to sleep\n|rule|HP Percentage Mod: HP is shown in percentages\n|rule|Illusion Level Mod: Illusion disguises the Pokémon's true level\n|\n|t:|1769715700\n|teamsize|p1|6\n|teamsize|p2|6\n|start\n|switch|p1a: Garchomp|Garchomp, L76, M|289/289\n|switch|p2a: Mantine|Mantine, L90, F|263/263\n|turn|1\n|inactive|Battle timer is ON: inactive players will automatically lose when time's up. (requested by urgeed)\n|\n|t:|1769715758\n|switch|p1a: Registeel|Registeel, L82|265/265\n|move|p2a: Mantine|Scald|p1a: Registeel\n|-damage|p1a: Registeel|210/265\n|-status|p1a: Registeel|brn\n|\n|-heal|p1a: Registeel|226/265 brn|[from] item: Leftovers\n|-damage|p1a: Registeel|193/265 brn|[from] brn\n|upkeep\n|turn|2\n|\n|t:|1769715769\n|move|p2a: Mantine|Scald|p1a: Registeel\n|-damage|p1a: Registeel|135/265 brn\n|move|p1a: Registeel|Curse|p1a: Registeel\n|-unboost|p1a: Registeel|spe|1\n|-boost|p1a: Registeel|atk|1\n|-boost|p1a: Registeel|def|1\n|\n|-heal|p1a: Registeel|151/265 brn|[from] item: Leftovers\n|-damage|p1a: Registeel|118/265 brn|[from] brn\n|upkeep\n|turn|3\n|\n|t:|1769715782\n|switch|p2a: Slowking|Slowking, L86, F|304/304\n|move|p1a: Registeel|Rest|p1a: Registeel\n|-status|p1a: Registeel|slp|[from] move: Rest\n|-heal|p1a: Registeel|265/265 slp|[silent]\n|\n|upkeep\n|turn|4\n|\n|t:|1769715789\n|move|p2a: Slowking|Fire Blast|p1a: Registeel\n|-supereffective|p1a: Registeel\n|-crit|p1a: Registeel\n|-damage|p1a: Registeel|93/265 slp\n|cant|p1a: Registeel|slp\n|move|p1a: Registeel|Sleep Talk|p1a: Registeel\n|move|p1a: Registeel|Iron Head|p2a: Slowking|[from] move: Sleep Talk\n|-resisted|p2a: Slowking\n|-damage|p2a: Slowking|247/304\n|\n|-heal|p2a: Slowking|266/304|[from] item: Leftovers\n|-heal|p1a: Registeel|109/265 slp|[from] item: Leftovers\n|upkeep\n|turn|5\n|\n|t:|1769715792\n|move|p2a: Slowking|Fire Blast|p1a: Registeel|[miss]\n|-miss|p2a: Slowking|p1a: Registeel\n|cant|p1a: Registeel|slp\n|move|p1a: Registeel|Sleep Talk|p1a: Registeel\n|move|p1a: Registeel|Iron Head|p2a: Slowking|[from] move: Sleep Talk\n|-resisted|p2a: Slowking\n|-damage|p2a: Slowking|210/304\n|\n|-heal|p2a: Slowking|229/304|[from] item: Leftovers\n|-heal|p1a: Registeel|125/265 slp|[from] item: Leftovers\n|upkeep\n|turn|6\n|\n|t:|1769715794\n|move|p2a: Slowking|Fire Blast|p1a: Registeel\n|-supereffective|p1a: Registeel\n|-damage|p1a: Registeel|11/265 slp\n|-curestatus|p1a: Registeel|slp|[msg]\n|move|p1a: Registeel|Rest|p1a: Registeel\n|-status|p1a: Registeel|slp|[from] move: Rest\n|-heal|p1a: Registeel|265/265 slp|[silent]\n|\n|-heal|p2a: Slowking|248/304|[from] item: Leftovers\n|upkeep\n|turn|7\n|\n|t:|1769715799\n|move|p2a: Slowking|Fire Blast|p1a: Registeel\n|-supereffective|p1a: Registeel\n|-damage|p1a: Registeel|149/265 slp\n|cant|p1a: Registeel|slp\n|move|p1a: Registeel|Sleep Talk|p1a: Registeel\n|move|p1a: Registeel|Rest||[from] move: Sleep Talk|[still]\n|-fail|p1a: Registeel\n|\n|-heal|p2a: Slowking|267/304|[from] item: Leftovers\n|-heal|p1a: Registeel|165/265 slp|[from] item: Leftovers\n|upkeep\n|turn|8\n|\n|t:|1769715801\n|move|p2a: Slowking|Fire Blast|p1a: Registeel\n|-supereffective|p1a: Registeel\n|-damage|p1a: Registeel|59/265 slp\n|cant|p1a: Registeel|slp\n|move|p1a: Registeel|Sleep Talk|p1a: Registeel\n|move|p1a: Registeel|Rest||[from] move: Sleep Talk|[still]\n|-fail|p1a: Registeel\n|\n|-heal|p2a: Slowking|286/304|[from] item: Leftovers\n|-heal|p1a: Registeel|75/265 slp|[from] item: Leftovers\n|upkeep\n|turn|9\n|\n|t:|1769715804\n|move|p2a: Slowking|Fire Blast|p1a: Registeel\n|-supereffective|p1a: Registeel\n|-damage|p1a: Registeel|0 fnt\n|faint|p1a: Registeel\n|\n|-heal|p2a: Slowking|304/304|[from] item: Leftovers\n|upkeep\n|\n|t:|1769715813\n|switch|p1a: Cradily|Cradily, L89, F|298/298\n|turn|10\n|inactive|blonded2003 has 120 seconds left.\n|\n|t:|1769715846\n|switch|p2a: Mantine|Mantine, L90, F|263/263\n|move|p1a: Cradily|Giga Drain|p2a: Mantine\n|-damage|p2a: Mantine|212/263\n|\n|-heal|p2a: Mantine|228/263|[from] item: Leftovers\n|upkeep\n|turn|11\n|\n|t:|1769715850\n|move|p2a: Mantine|Toxic|p1a: Cradily\n|-status|p1a: Cradily|tox\n|move|p1a: Cradily|Stone Edge|p2a: Mantine|[miss]\n|-miss|p1a: Cradily|p2a: Mantine\n|\n|-heal|p2a: Mantine|244/263|[from] item: Leftovers\n|-damage|p1a: Cradily|280/298 tox|[from] psn\n|upkeep\n|turn|12\n|\n|t:|1769715856\n|switch|p2a: Mightyena|Mightyena, L93, M|281/281\n|-ability|p2a: Mightyena|Intimidate|boost\n|-unboost|p1a: Cradily|atk|1\n|move|p1a: Cradily|Stone Edge|p2a: Mightyena\n|-damage|p2a: Mightyena|208/281\n|\n|-heal|p1a: Cradily|298/298 tox|[from] item: Leftovers\n|-damage|p1a: Cradily|262/298 tox|[from] psn\n|upkeep\n|turn|13\n|\n|t:|1769715863\n|move|p2a: Mightyena|Crunch|p1a: Cradily\n|-damage|p1a: Cradily|152/298 tox\n|-damage|p2a: Mightyena|180/281|[from] item: Life Orb\n|move|p1a: Cradily|Giga Drain|p2a: Mightyena\n|-damage|p2a: Mightyena|84/281\n|-heal|p1a: Cradily|200/298 tox|[from] drain|[of] p2a: Mightyena\n|\n|-heal|p1a: Cradily|218/298 tox|[from] item: Leftovers\n|-damage|p1a: Cradily|164/298 tox|[from] psn\n|upkeep\n|turn|14\n|\n|t:|1769715866\n|switch|p1a: Arcanine|Arcanine, L82, M|282/282\n|-ability|p1a: Arcanine|Intimidate|boost\n|-unboost|p2a: Mightyena|atk|1\n|move|p2a: Mightyena|Crunch|p1a: Arcanine\n|-damage|p1a: Arcanine|183/282\n|-damage|p2a: Mightyena|56/281|[from] item: Life Orb\n|\n|upkeep\n|turn|15\n|\n|t:|1769715870\n|switch|p2a: Slowking|Slowking, L86, F|304/304\n|move|p1a: Arcanine|Extreme Speed|p2a: Slowking\n|-damage|p2a: Slowking|209/304\n|\n|-heal|p2a: Slowking|228/304|[from] item: Leftovers\n|upkeep\n|turn|16\n|\n|t:|1769715874\n|switch|p1a: Cradily|Cradily, L89, F|164/298 tox\n|move|p2a: Slowking|Ice Beam|p1a: Cradily\n|-supereffective|p1a: Cradily\n|-damage|p1a: Cradily|50/298 tox\n|\n|-heal|p1a: Cradily|68/298 tox|[from] item: Leftovers\n|-heal|p2a: Slowking|247/304|[from] item: Leftovers\n|-damage|p1a: Cradily|50/298 tox|[from] psn\n|upkeep\n|turn|17\n|\n|t:|1769715885\n|move|p1a: Cradily|Giga Drain|p2a: Slowking\n|-supereffective|p2a: Slowking\n|-damage|p2a: Slowking|119/304\n|-heal|p1a: Cradily|114/298 tox|[from] drain|[of] p2a: Slowking\n|move|p2a: Slowking|Ice Beam|p1a: Cradily\n|-supereffective|p1a: Cradily\n|-damage|p1a: Cradily|8/298 tox\n|\n|-heal|p1a: Cradily|26/298 tox|[from] item: Leftovers\n|-heal|p2a: Slowking|138/304|[from] item: Leftovers\n|-damage|p1a: Cradily|0 fnt|[from] psn\n|faint|p1a: Cradily\n|upkeep\n|\n|t:|1769715892\n|switch|p1a: Arcanine|Arcanine, L82, M|183/282\n|-ability|p1a: Arcanine|Intimidate|boost\n|-unboost|p2a: Slowking|atk|1\n|turn|18\n|\n|t:|1769715916\n|switch|p2a: Mightyena|Mightyena, L93, M|56/281\n|-ability|p2a: Mightyena|Intimidate|boost\n|-unboost|p1a: Arcanine|atk|1\n|move|p1a: Arcanine|Flare Blitz|p2a: Mightyena\n|-damage|p2a: Mightyena|0 fnt\n|faint|p2a: Mightyena\n|-damage|p1a: Arcanine|165/282|[from] Recoil\n|\n|upkeep\n|inactive|blonded2003 has 120 seconds left.\n|\n|t:|1769715935\n|switch|p2a: Slowking|Slowking, L86, F|239/304\n|turn|19\n|\n|t:|1769715938\n|switch|p1a: Dewgong|Dewgong, L94, M|322/322\n|move|p2a: Slowking|Scald|p1a: Dewgong\n|-resisted|p1a: Dewgong\n|-damage|p1a: Dewgong|285/322\n|\n|-heal|p1a: Dewgong|305/322|[from] item: Leftovers\n|-heal|p2a: Slowking|258/304|[from] item: Leftovers\n|upkeep\n|turn|20\n|\n|t:|1769715946\n|switch|p2a: Mantine|Mantine, L90, F|244/263\n|move|p1a: Dewgong|Toxic|p2a: Mantine\n|-status|p2a: Mantine|tox\n|\n|-heal|p1a: Dewgong|322/322|[from] item: Leftovers\n|-heal|p2a: Mantine|260/263 tox|[from] item: Leftovers\n|-damage|p2a: Mantine|244/263 tox|[from] psn\n|upkeep\n|turn|21\n|\n|t:|1769715948\n|move|p1a: Dewgong|Ice Beam|p2a: Mantine\n|-damage|p2a: Mantine|189/263 tox\n|move|p2a: Mantine|Toxic|p1a: Dewgong\n|-status|p1a: Dewgong|tox\n|\n|-heal|p2a: Mantine|205/263 tox|[from] item: Leftovers\n|-damage|p1a: Dewgong|302/322 tox|[from] psn\n|-damage|p2a: Mantine|173/263 tox|[from] psn\n|upkeep\n|turn|22\n|\n|t:|1769715951\n|move|p1a: Dewgong|Encore|p2a: Mantine\n|-start|p2a: Mantine|Encore\n|move|p2a: Mantine|Toxic|p1a: Dewgong\n|-fail|p1a: Dewgong|tox\n|\n|-heal|p1a: Dewgong|322/322 tox|[from] item: Leftovers\n|-heal|p2a: Mantine|189/263 tox|[from] item: Leftovers\n|-damage|p1a: Dewgong|282/322 tox|[from] psn\n|-damage|p2a: Mantine|141/263 tox|[from] psn\n|upkeep\n|turn|23\n|\n|t:|1769715955\n|switch|p2a: Slowking|Slowking, L86, F|304/304\n|move|p1a: Dewgong|Toxic|p2a: Slowking\n|-status|p2a: Slowking|tox\n|\n|-heal|p1a: Dewgong|302/322 tox|[from] item: Leftovers\n|-damage|p1a: Dewgong|242/322 tox|[from] psn\n|-damage|p2a: Slowking|285/304 tox|[from] psn\n|upkeep\n|turn|24\n|\n|t:|1769715985\n|move|p1a: Dewgong|Ice Beam|p2a: Slowking\n|-resisted|p2a: Slowking\n|-damage|p2a: Slowking|246/304 tox\n|move|p2a: Slowking|Scald|p1a: Dewgong\n|-resisted|p1a: Dewgong\n|-damage|p1a: Dewgong|202/322 tox\n|\n|-heal|p1a: Dewgong|222/322 tox|[from] item: Leftovers\n|-heal|p2a: Slowking|265/304 tox|[from] item: Leftovers\n|-damage|p1a: Dewgong|142/322 tox|[from] psn\n|-damage|p2a: Slowking|227/304 tox|[from] psn\n|upkeep\n|turn|25\n|\n|t:|1769715988\n|move|p1a: Dewgong|Ice Beam|p2a: Slowking\n|-resisted|p2a: Slowking\n|-damage|p2a: Slowking|190/304 tox\n|move|p2a: Slowking|Scald|p1a: Dewgong\n|-resisted|p1a: Dewgong\n|-damage|p1a: Dewgong|104/322 tox\n|\n|-heal|p1a: Dewgong|124/322 tox|[from] item: Leftovers\n|-heal|p2a: Slowking|209/304 tox|[from] item: Leftovers\n|-damage|p1a: Dewgong|24/322 tox|[from] psn\n|-damage|p2a: Slowking|152/304 tox|[from] psn\n|upkeep\n|turn|26\n|\n|t:|1769715992\n|switch|p2a: Mantine|Mantine, L90, F|141/263 tox\n|move|p1a: Dewgong|Ice Beam|p2a: Mantine\n|-damage|p2a: Mantine|80/263 tox\n|\n|-heal|p1a: Dewgong|44/322 tox|[from] item: Leftovers\n|-heal|p2a: Mantine|96/263 tox|[from] item: Leftovers\n|-damage|p1a: Dewgong|0 fnt|[from] psn\n|faint|p1a: Dewgong\n|-damage|p2a: Mantine|80/263 tox|[from] psn\n|upkeep\n|\n|t:|1769715999\n|switch|p1a: Garchomp|Garchomp, L76, M|289/289\n|turn|27\n|\n|t:|1769716002\n|move|p1a: Garchomp|Stone Edge|p2a: Mantine\n|-supereffective|p2a: Mantine\n|-damage|p2a: Mantine|0 fnt\n|faint|p2a: Mantine\n|\n|upkeep\n|\n|t:|1769716007\n|switch|p2a: Slowking|Slowking, L86, F|253/304 tox\n|turn|28\n|\n|t:|1769716013\n|detailschange|p1a: Garchomp|Garchomp-Mega, L76, M\n|-mega|p1a: Garchomp|Garchomp|Garchompite\n|move|p1a: Garchomp|Earthquake|p2a: Slowking\n|-damage|p2a: Slowking|117/304 tox\n|move|p2a: Slowking|Ice Beam|p1a: Garchomp\n|-supereffective|p1a: Garchomp\n|-damage|p1a: Garchomp|0 fnt\n|faint|p1a: Garchomp\n|detailschange|p1: Garchomp|Garchomp, L76, M|[silent]\n|\n|-heal|p2a: Slowking|136/304 tox|[from] item: Leftovers\n|-damage|p2a: Slowking|117/304 tox|[from] psn\n|upkeep\n|\n|t:|1769716019\n|switch|p1a: Haxorus|Haxorus, L77, M|244/244\n|-ability|p1a: Haxorus|Mold Breaker\n|turn|29\n|\n|t:|1769716024\n|switch|p2a: Floette|Floette-Eternal, L81, F|253/253\n|move|p1a: Haxorus|Dragon Dance|p1a: Haxorus\n|-boost|p1a: Haxorus|atk|1\n|-boost|p1a: Haxorus|spe|1\n|\n|upkeep\n|turn|30\n|\n|t:|1769716027\n|move|p1a: Haxorus|Poison Jab|p2a: Floette\n|-supereffective|p2a: Floette\n|-damage|p2a: Floette|0 fnt\n|faint|p2a: Floette\n|\n|upkeep\n|\n|t:|1769716030\n|switch|p2a: Slowking|Slowking, L86, F|218/304 tox\n|turn|31\n|\n|t:|1769716032\n|move|p1a: Haxorus|Outrage|p2a: Slowking\n|-damage|p2a: Slowking|2/304 tox\n|move|p2a: Slowking|Ice Beam|p1a: Haxorus\n|-supereffective|p1a: Haxorus\n|-damage|p1a: Haxorus|72/244\n|\n|-heal|p2a: Slowking|21/304 tox|[from] item: Leftovers\n|-damage|p2a: Slowking|2/304 tox|[from] psn\n|upkeep\n|turn|32\n|\n|t:|1769716035\n|move|p1a: Haxorus|Outrage|p2a: Slowking|[from] lockedmove\n|-damage|p2a: Slowking|0 fnt\n|faint|p2a: Slowking\n|\n|upkeep\n|\n|t:|1769716039\n|switch|p2a: Eelektross|Eelektross, L85, F|283/283\n|turn|33\n|\n|t:|1769716042\n|move|p1a: Haxorus|Outrage|p2a: Eelektross|[from] lockedmove\n|-damage|p2a: Eelektross|45/283\n|-start|p1a: Haxorus|confusion|[fatigue]\n|-enditem|p1a: Haxorus|Lum Berry|[eat]\n|-end|p1a: Haxorus|confusion\n|move|p2a: Eelektross|Knock Off|p1a: Haxorus\n|-damage|p1a: Haxorus|16/244\n|\n|upkeep\n|turn|34\n|\n|t:|1769716048\n|move|p1a: Haxorus|Poison Jab|p2a: Eelektross\n|-damage|p2a: Eelektross|0 fnt\n|faint|p2a: Eelektross\n|\n|upkeep\n|\n|t:|1769716050\n|switch|p2a: Galvantula|Galvantula, L79, F|240/240\n|turn|35\n|\n|t:|1769716054\n|move|p1a: Haxorus|Outrage|p2a: Galvantula\n|-damage|p2a: Galvantula|0 fnt\n|faint|p2a: Galvantula\n|\n|win|urgeed\n|raw|urgeed's rating: 1576 &rarr; <strong>1600</strong><br />(+24 for winning)\n|raw|blonded2003's rating: 1641 &rarr; <strong>1617</strong><br />(-24 for losing)\n|l|‽blonded2003\n|player|p2|\n|c|☆urgeed|Gg\n", "inputlog": ">version b99ff0165a6231f17e8b78c2a78d1998375de664\n>start {\"formatid\":\"gen6randombattle\",\"seed\":\"sodium,b60bd270077418b57367b1c962bed629\",\"rated\":\"Rated battle\"}\n>player p1 {\"name\":\"urgeed\",\"avatar\":\"lucas\",\"rating\":1576,\"seed\":\"sodium,98f7ab315dbf0cca0b4a1007ed265067\"}\n>player p2 {\"name\":\"blonded2003\",\"avatar\":\"170\",\"rating\":1641,\"seed\":\"sodium,38559fcb5bf9b06f00d0c150831a6be3\"}\n>p1 switch 5\n>p2 move scald\n>p1 move curse\n>p2 move scald\n>p1 move rest\n>p2 switch 5\n>p1 move sleeptalk\n>p2 move fireblast\n>p1 move sleeptalk\n>p2 move fireblast\n>p1 move rest\n>p2 move fireblast\n>p1 move sleeptalk\n>p2 move fireblast\n>p1 move sleeptalk\n>p2 move fireblast\n>p1 move rest\n>p2 move fireblast\n>p1 switch 2\n>p1 move gigadrain\n>p2 switch 5\n>p1 move stoneedge\n>p2 move toxic\n>p1 move stoneedge\n>p2 switch 2\n>p1 move gigadrain\n>p2 move crunch\n>p1 switch 4\n>p2 move crunch\n>p1 move extremespeed\n>p2 switch 5\n>p1 switch 4\n>p2 move icebeam\n>p1 move gigadrain\n>p2 move icebeam\n>p1 switch 4\n>p1 move flareblitz\n>p2 switch 5\n>p2 switch 5\n>p1 switch 3\n>p2 move scald\n>p1 move toxic\n>p2 switch 2\n>p1 move icebeam\n>p2 move toxic\n>p1 move encore\n>p2 move rest\n>p1 move toxic\n>p2 switch 2\n>p1 move icebeam\n>p2 move scald\n>p1 move icebeam\n>p2 move scald\n>p1 move icebeam\n>p2 switch 2\n>p1 switch 5\n>p1 move stoneedge\n>p2 move toxic\n>p2 switch 2\n>p1 move earthquake mega\n>p2 move icebeam\n>p1 switch 6\n>p1 move dragondance\n>p2 switch 6\n>p1 move poisonjab\n>p2 move moonblast\n>p2 switch 6\n>p1 move outrage\n>p2 move icebeam\n>p1 move outrage\n>p2 move icebeam\n>p2 switch 4\n>p1 move outrage\n>p2 move knockoff\n>p1 move poisonjab\n>p2 move knockoff\n>p2 switch 3\n>p1 move outrage\n>p2 move bugbuzz", "uploadtime": 1769716070, "views": 286, "formatid": "gen6randombattle", "rating": 1600, "private": 0, "password": null}