{"id": "gen6randombattle-2519295829", "format": "[Gen 6] Random Battle", "players": ["arboretums", "JAGR"], "log": "|j|☆arboretums\n|j|☆JAGR\n|t:|1768493151\n|gametype|singles\n|player|p1|arboretums|whitney-masters|1582\n|player|p2|JAGR|blackbelt-gen4dp|1579\n|gen|6\n|tier|[Gen 6] Random Battle\n|rated|\n|rule|Sleep Clause Mod: Limit one foe put to sleep\n|rule|HP Percentage Mod: HP is shown in percentages\n|rule|Illusion Level Mod: Illusion disguises the Pokémon's true level\n|\n|t:|1768493151\n|teamsize|p1|6\n|teamsize|p2|6\n|start\n|switch|p1a: Luxray|Luxray, L88, M|284/284\n|switch|p2a: Heracross|Heracross, L77, M|250/250\n|-ability|p1a: Luxray|Intimidate|boost\n|-unboost|p2a: Heracross|atk|1\n|turn|1\n|inactive|Battle timer is ON: inactive players will automatically lose when time's up. (requested by JAGR)\n|\n|t:|1768493168\n|switch|p2a: Golem|Golem, L86, M|278/278\n|switch|p1a: Blaziken|Blaziken, L75, M|243/243\n|\n|upkeep\n|turn|2\n|\n|t:|1768493183\n|switch|p1a: Venusaur|Venusaur, L77, M|250/250\n|move|p2a: Golem|Earthquake|p1a: Venusaur\n|-damage|p1a: Venusaur|93/250\n|\n|upkeep\n|turn|3\n|\n|t:|1768493194\n|switch|p2a: Sawsbuck|Sawsbuck-Autumn, L86, F|278/278\n|detailschange|p1a: Venusaur|Venusaur-Mega, L77, M\n|-mega|p1a: Venusaur|Venusaur|Venusaurite\n|move|p1a: Venusaur|Giga Drain|p2a: Sawsbuck\n|-ability|p2a: Sawsbuck|Sap Sipper|boost\n|-boost|p2a: Sawsbuck|atk|1\n|\n|upkeep\n|turn|4\n|\n|t:|1768493215\n|switch|p1a: Cradily|Cradily, L89, F|298/298\n|move|p2a: Sawsbuck|Return|p1a: Cradily\n|-resisted|p1a: Cradily\n|-damage|p1a: Cradily|227/298\n|\n|-heal|p1a: Cradily|245/298|[from] item: Leftovers\n|upkeep\n|turn|5\n|\n|t:|1768493228\n|move|p2a: Sawsbuck|Substitute|p2a: Sawsbuck\n|-start|p2a: Sawsbuck|Substitute\n|-damage|p2a: Sawsbuck|209/278\n|move|p1a: Cradily|Stone Edge|p2a: Sawsbuck\n|-end|p2a: Sawsbuck|Substitute\n|\n|-heal|p2a: Sawsbuck|226/278|[from] item: Leftovers\n|-heal|p1a: Cradily|263/298|[from] item: Leftovers\n|upkeep\n|turn|6\n|j| mlungero\n|\n|t:|1768493238\n|move|p2a: Sawsbuck|Substitute|p2a: Sawsbuck\n|-start|p2a: Sawsbuck|Substitute\n|-damage|p2a: Sawsbuck|157/278\n|move|p1a: Cradily|Stone Edge|p2a: Sawsbuck|[miss]\n|-miss|p1a: Cradily|p2a: Sawsbuck\n|\n|-heal|p2a: Sawsbuck|174/278|[from] item: Leftovers\n|-heal|p1a: Cradily|281/298|[from] item: Leftovers\n|upkeep\n|turn|7\n|\n|t:|1768493255\n|move|p2a: Sawsbuck|Swords Dance|p2a: Sawsbuck\n|-boost|p2a: Sawsbuck|atk|2\n|move|p1a: Cradily|Stone Edge|p2a: Sawsbuck\n|-end|p2a: Sawsbuck|Substitute\n|\n|-heal|p2a: Sawsbuck|191/278|[from] item: Leftovers\n|-heal|p1a: Cradily|298/298|[from] item: Leftovers\n|upkeep\n|turn|8\n|\n|t:|1768493265\n|move|p2a: Sawsbuck|Substitute|p2a: Sawsbuck\n|-start|p2a: Sawsbuck|Substitute\n|-damage|p2a: Sawsbuck|122/278\n|move|p1a: Cradily|Stone Edge|p2a: Sawsbuck\n|-end|p2a: Sawsbuck|Substitute\n|\n|-heal|p2a: Sawsbuck|139/278|[from] item: Leftovers\n|upkeep\n|turn|9\n|\n|t:|1768493274\n|move|p2a: Sawsbuck|Substitute|p2a: Sawsbuck\n|-start|p2a: Sawsbuck|Substitute\n|-damage|p2a: Sawsbuck|70/278\n|move|p1a: Cradily|Stone Edge|p2a: Sawsbuck\n|-end|p2a: Sawsbuck|Substitute\n|\n|-heal|p2a: Sawsbuck|87/278|[from] item: Leftovers\n|upkeep\n|turn|10\n|\n|t:|1768493284\n|move|p2a: Sawsbuck|Horn Leech|p1a: Cradily\n|-damage|p1a: Cradily|106/298\n|-heal|p2a: Sawsbuck|183/278|[from] drain|[of] p1a: Cradily\n|move|p1a: Cradily|Stone Edge|p2a: Sawsbuck\n|-damage|p2a: Sawsbuck|65/278\n|\n|-heal|p2a: Sawsbuck|82/278|[from] item: Leftovers\n|-heal|p1a: Cradily|124/298|[from] item: Leftovers\n|upkeep\n|turn|11\n|\n|t:|1768493300\n|move|p2a: Sawsbuck|Substitute|p2a: Sawsbuck\n|-start|p2a: Sawsbuck|Substitute\n|-damage|p2a: Sawsbuck|13/278\n|move|p1a: Cradily|Stone Edge|p2a: Sawsbuck\n|-end|p2a: Sawsbuck|Substitute\n|\n|-heal|p2a: Sawsbuck|30/278|[from] item: Leftovers\n|-heal|p1a: Cradily|142/298|[from] item: Leftovers\n|upkeep\n|turn|12\n|\n|t:|1768493309\n|move|p2a: Sawsbuck|Horn Leech|p1a: Cradily\n|-damage|p1a: Cradily|0 fnt\n|-heal|p2a: Sawsbuck|101/278|[from] drain|[of] p1a: Cradily\n|faint|p1a: Cradily\n|\n|-heal|p2a: Sawsbuck|118/278|[from] item: Leftovers\n|upkeep\n|\n|t:|1768493312\n|switch|p1a: Galvantula|Galvantula, L79, F|240/240\n|turn|13\n|\n|t:|1768493329\n|move|p1a: Galvantula|Bug Buzz|p2a: Sawsbuck\n|-supereffective|p2a: Sawsbuck\n|-damage|p2a: Sawsbuck|0 fnt\n|faint|p2a: Sawsbuck\n|-damage|p1a: Galvantula|216/240|[from] item: Life Orb\n|\n|upkeep\n|\n|t:|1768493337\n|switch|p2a: Heracross|Heracross, L77, M|250/250\n|turn|14\n|\n|t:|1768493349\n|detailschange|p2a: Heracross|Heracross-Mega, L77, M\n|-mega|p2a: Heracross|Heracross|Heracronite\n|move|p1a: Galvantula|Sticky Web|p2a: Heracross\n|-sidestart|p2: JAGR|move: Sticky Web\n|move|p2a: Heracross|Rock Blast|p1a: Galvantula\n|-supereffective|p1a: Galvantula\n|-damage|p1a: Galvantula|142/240\n|-supereffective|p1a: Galvantula\n|-damage|p1a: Galvantula|66/240\n|-supereffective|p1a: Galvantula\n|-damage|p1a: Galvantula|0 fnt\n|faint|p1a: Galvantula\n|-hitcount|p1: Galvantula|3\n|\n|upkeep\n|\n|t:|1768493354\n|switch|p1a: Blaziken|Blaziken, L75, M|243/243\n|turn|15\n|l| mlungero\n|\n|t:|1768493366\n|switch|p2a: Umbreon|Umbreon, L83, F|293/293\n|-activate|p2a: Umbreon|move: Sticky Web\n|-unboost|p2a: Umbreon|spe|1\n|move|p1a: Blaziken|Flare Blitz|p2a: Umbreon\n|-damage|p2a: Umbreon|157/293\n|-damage|p1a: Blaziken|198/243|[from] Recoil\n|-damage|p1a: Blaziken|174/243|[from] item: Life Orb\n|\n|-heal|p2a: Umbreon|175/293|[from] item: Leftovers\n|-ability|p1a: Blaziken|Speed Boost|boost\n|-boost|p1a: Blaziken|spe|1\n|upkeep\n|turn|16\n|\n|t:|1768493381\n|move|p2a: Umbreon|Protect|p2a: Umbreon\n|-singleturn|p2a: Umbreon|Protect\n|move|p1a: Blaziken|Swords Dance|p1a: Blaziken\n|-boost|p1a: Blaziken|atk|2\n|\n|-heal|p2a: Umbreon|193/293|[from] item: Leftovers\n|-ability|p1a: Blaziken|Speed Boost|boost\n|-boost|p1a: Blaziken|spe|1\n|upkeep\n|turn|17\n|\n|t:|1768493392\n|move|p2a: Umbreon|Protect||[still]\n|-fail|p2a: Umbreon\n|move|p1a: Blaziken|Flare Blitz|p2a: Umbreon\n|-damage|p2a: Umbreon|0 fnt\n|faint|p2a: Umbreon\n|-damage|p1a: Blaziken|110/243|[from] Recoil\n|-damage|p1a: Blaziken|86/243|[from] item: Life Orb\n|\n|-ability|p1a: Blaziken|Speed Boost|boost\n|-boost|p1a: Blaziken|spe|1\n|upkeep\n|\n|t:|1768493404\n|switch|p2a: Golem|Golem, L86, M|278/278\n|-activate|p2a: Golem|move: Sticky Web\n|-unboost|p2a: Golem|spe|1\n|turn|18\n|j| DinDinSAhUr\n|\n|t:|1768493415\n|switch|p1a: Mew|Mew, L80|291/291\n|move|p2a: Golem|Earthquake|p1a: Mew\n|-crit|p1a: Mew\n|-damage|p1a: Mew|110/291\n|\n|upkeep\n|turn|19\n|\n|t:|1768493425\n|switch|p2a: Meowstic|Meowstic, L86, M|268/268\n|-activate|p2a: Meowstic|move: Sticky Web\n|-unboost|p2a: Meowstic|spe|1\n|move|p1a: Mew|Earth Power|p2a: Meowstic\n|-damage|p2a: Meowstic|184/268\n|-damage|p1a: Mew|81/291|[from] item: Life Orb\n|\n|-heal|p2a: Meowstic|200/268|[from] item: Leftovers\n|upkeep\n|turn|20\n|\n|t:|1768493439\n|move|p2a: Meowstic|Thunder Wave|p1a: Mew\n|-status|p1a: Mew|par\n|-activate|p1a: Mew|ability: Synchronize\n|-status|p2a: Meowstic|par\n|cant|p1a: Mew|par\n|\n|-heal|p2a: Meowstic|216/268 par|[from] item: Leftovers\n|upkeep\n|turn|21\n|\n|t:|1768493450\n|cant|p2a: Meowstic|par\n|move|p1a: Mew|Nasty Plot|p1a: Mew\n|-boost|p1a: Mew|spa|2\n|\n|-heal|p2a: Meowstic|232/268 par|[from] item: Leftovers\n|upkeep\n|turn|22\n|\n|t:|1768493466\n|move|p2a: Meowstic|Heal Bell|p2a: Meowstic\n|-activate|p2a: Meowstic|move: Heal Bell\n|-curestatus|p2a: Meowstic|par|[msg]\n|move|p1a: Mew|Earth Power|p2a: Meowstic\n|-damage|p2a: Meowstic|57/268\n|-damage|p1a: Mew|52/291 par|[from] item: Life Orb\n|\n|-heal|p2a: Meowstic|73/268|[from] item: Leftovers\n|upkeep\n|turn|23\n|\n|t:|1768493485\n|move|p2a: Meowstic|Psychic|p1a: Mew\n|-resisted|p1a: Mew\n|-damage|p1a: Mew|11/291 par\n|move|p1a: Mew|Earth Power|p2a: Meowstic\n|-damage|p2a: Meowstic|0 fnt\n|faint|p2a: Meowstic\n|-damage|p1a: Mew|0 fnt|[from] item: Life Orb\n|faint|p1a: Mew\n|\n|upkeep\n|\n|t:|1768493500\n|switch|p2a: Ariados|Ariados, L91, F|275/275\n|switch|p1a: Venusaur|Venusaur-Mega, L77, M|93/250\n|-activate|p2a: Ariados|move: Sticky Web\n|-unboost|p2a: Ariados|spe|1\n|turn|24\n|\n|t:|1768493512\n|move|p1a: Venusaur|Synthesis|p1a: Venusaur\n|-heal|p1a: Venusaur|218/250\n|move|p2a: Ariados|Sticky Web|p1a: Venusaur\n|-sidestart|p1: arboretums|move: Sticky Web\n|\n|upkeep\n|turn|25\n|\n|t:|1768493525\n|switch|p1a: Blaziken|Blaziken, L75, M|86/243\n|-activate|p1a: Blaziken|move: Sticky Web\n|-unboost|p1a: Blaziken|spe|1\n|move|p2a: Ariados|Toxic Spikes|p1a: Blaziken\n|-sidestart|p1: arboretums|move: Toxic Spikes\n|\n|upkeep\n|turn|26\n|\n|t:|1768493539\n|move|p1a: Blaziken|Flare Blitz|p2a: Ariados\n|-supereffective|p2a: Ariados\n|-damage|p2a: Ariados|0 fnt\n|faint|p2a: Ariados\n|-damage|p1a: Blaziken|0 fnt|[from] Recoil\n|faint|p1a: Blaziken\n|\n|upkeep\n|\n|t:|1768493549\n|switch|p1a: Luxray|Luxray, L88, M|284/284\n|switch|p2a: Heracross|Heracross-Mega, L77, M|250/250\n|-activate|p1a: Luxray|move: Sticky Web\n|-unboost|p1a: Luxray|spe|1\n|-status|p1a: Luxray|psn\n|-ability|p1a: Luxray|Intimidate|boost\n|-unboost|p2a: Heracross|atk|1\n|-activate|p2a: Heracross|move: Sticky Web\n|-unboost|p2a: Heracross|spe|1\n|turn|27\n|\n|t:|1768493562\n|move|p1a: Luxray|Wild Charge|p2a: Heracross\n|-damage|p2a: Heracross|148/250\n|-damage|p1a: Luxray|258/284 psn|[from] Recoil\n|move|p2a: Heracross|Close Combat|p1a: Luxray\n|-damage|p1a: Luxray|132/284 psn\n|-unboost|p2a: Heracross|def|1\n|-unboost|p2a: Heracross|spd|1\n|\n|-damage|p1a: Luxray|97/284 psn|[from] psn\n|upkeep\n|turn|28\n|\n|t:|1768493574\n|switch|p2a: Golem|Golem, L86, M|278/278\n|-activate|p2a: Golem|move: Sticky Web\n|-unboost|p2a: Golem|spe|1\n|move|p1a: Luxray|Wild Charge|p2a: Golem\n|-immune|p2a: Golem\n|\n|-damage|p1a: Luxray|62/284 psn|[from] psn\n|upkeep\n|turn|29\n|\n|t:|1768493593\n|move|p1a: Luxray|Superpower|p2a: Golem\n|-supereffective|p2a: Golem\n|-damage|p2a: Golem|120/278\n|-unboost|p1a: Luxray|atk|1\n|-unboost|p1a: Luxray|def|1\n|move|p2a: Golem|Earthquake|p1a: Luxray\n|-supereffective|p1a: Luxray\n|-damage|p1a: Luxray|0 fnt\n|faint|p1a: Luxray\n|\n|-heal|p2a: Golem|137/278|[from] item: Leftovers\n|upkeep\n|\n|t:|1768493597\n|switch|p1a: Venusaur|Venusaur-Mega, L77, M|218/250\n|-activate|p1a: Venusaur|move: Sticky Web\n|-unboost|p1a: Venusaur|spe|1\n|-sideend|p1: arboretums|move: Toxic Spikes|[of] p1a: Venusaur\n|turn|30\n|\n|t:|1768493609\n|move|p1a: Venusaur|Giga Drain|p2a: Golem\n|-supereffective|p2a: Golem\n|-damage|p2a: Golem|0 fnt\n|-heal|p1a: Venusaur|250/250|[from] drain|[of] p2a: Golem\n|faint|p2a: Golem\n|\n|upkeep\n|\n|t:|1768493615\n|switch|p2a: Heracross|Heracross-Mega, L77, M|148/250\n|-activate|p2a: Heracross|move: Sticky Web\n|-unboost|p2a: Heracross|spe|1\n|turn|31\n|\n|t:|1768493620\n|move|p1a: Venusaur|Sludge Bomb|p2a: Heracross\n|-damage|p2a: Heracross|49/250\n|move|p2a: Heracross|Pin Missile|p1a: Venusaur\n|-crit|p1a: Venusaur\n|-damage|p1a: Venusaur|205/250\n|-crit|p1a: Venusaur\n|-damage|p1a: Venusaur|160/250\n|-damage|p1a: Venusaur|129/250\n|-damage|p1a: Venusaur|95/250\n|-damage|p1a: Venusaur|62/250\n|-hitcount|p1a: Venusaur|5\n|\n|upkeep\n|turn|32\n|-message|JAGR forfeited.\n|\n|win|arboretums\n|raw|arboretums's rating: 1582 &rarr; <strong>1602</strong><br />(+20 for winning)\n|raw|JAGR's rating: 1579 &rarr; <strong>1559</strong><br />(-20 for losing)\n|l|☆JAGR\n|player|p2|\n", "inputlog": ">version 3bd1a1e329da8d286644078cfc9a9638fc7ea025\n>start {\"formatid\":\"gen6randombattle\",\"seed\":\"sodium,82ba3ff70cc34774a9238388a99fe237\",\"rated\":\"Rated battle\"}\n>player p1 {\"name\":\"arboretums\",\"avatar\":\"whitney-masters\",\"rating\":1582,\"seed\":\"sodium,9253324bbd7e7d75758b345e79d759d3\"}\n>player p2 {\"name\":\"JAGR\",\"avatar\":\"blackbelt-gen4dp\",\"rating\":1579,\"seed\":\"sodium,87e305cf45209c2f9f10c80906b685ea\"}\n>p1 switch 2\n>p2 switch 4\n>p1 switch 3\n>p2 move earthquake\n>p1 move gigadrain mega\n>p2 switch 5\n>p1 switch 5\n>p2 move return\n>p1 move stoneedge\n>p2 move substitute\n>p1 move stoneedge\n>p2 move substitute\n>p1 move stoneedge\n>p2 move swordsdance\n>p1 move stoneedge\n>p2 move substitute\n>p1 move stoneedge\n>p2 move substitute\n>p1 move stoneedge\n>p2 move hornleech\n>p1 move stoneedge\n>p2 move substitute\n>p1 move stoneedge\n>p2 move hornleech\n>p1 switch 4\n>p1 move bugbuzz\n>p2 move return\n>p2 switch 4\n>p1 move stickyweb\n>p2 move rockblast mega\n>p1 switch 3\n>p1 move flareblitz\n>p2 switch 6\n>p1 move swordsdance\n>p2 move protect\n>p1 move flareblitz\n>p2 move protect\n>p2 switch 5\n>p1 switch 6\n>p2 move earthquake\n>p1 move earthpower\n>p2 switch 2\n>p1 move nastyplot\n>p2 move thunderwave\n>p1 move nastyplot\n>p2 move healbell\n>p1 move earthpower\n>p2 move healbell\n>p1 move earthpower\n>p2 move psychic\n>p1 switch 5\n>p2 switch 3\n>p1 move synthesis\n>p2 move stickyweb\n>p1 switch 6\n>p2 move toxicspikes\n>p1 move flareblitz\n>p2 move poisonjab\n>p1 switch 2\n>p2 switch 6\n>p1 move wildcharge\n>p2 move closecombat\n>p1 move wildcharge\n>p2 switch 2\n>p1 move superpower\n>p2 move earthquake\n>p1 switch 6\n>p1 move gigadrain\n>p2 move earthquake\n>p2 switch 2\n>p1 move sludgebomb\n>p2 move pinmissile\n>forcelose p2", "uploadtime": 1768493634, "views": 263, "formatid": "gen6randombattle", "rating": 1559, "private": 0, "password": null}