{"id": "gen6randombattle-2525677654", "format": "[Gen 6] Random Battle", "players": ["nardodick", "hexinyi"], "log": "|j|☆nardodick\n|j|☆hexinyi\n|t:|1769309516\n|gametype|singles\n|player|p1|nardodick|266|1648\n|player|p2|hexinyi|elesa|1540\n|gen|6\n|tier|[Gen 6] Random Battle\n|rated|\n|rule|Sleep Clause Mod: Limit one foe put to sleep\n|rule|HP Percentage Mod: HP is shown in percentages\n|rule|Illusion Level Mod: Illusion disguises the Pokémon's true level\n|\n|t:|1769309516\n|teamsize|p1|6\n|teamsize|p2|6\n|start\n|switch|p1a: Alakazam|Alakazam, L81, M|222/222\n|switch|p2a: Ho-Oh|Ho-Oh, L69|261/261\n|turn|1\n|inactive|Battle timer is ON: inactive players will automatically lose when time's up. (requested by nardodick)\n|inactive|hexinyi also wants the timer to be on.\n|inactive|nardodick has 120 seconds left.\n|\n|t:|1769309564\n|move|p1a: Alakazam|Psychic|p2a: Ho-Oh\n|-damage|p2a: Ho-Oh|144/261\n|move|p2a: Ho-Oh|Sacred Fire|p1a: Alakazam\n|-damage|p1a: Alakazam|68/222\n|-status|p1a: Alakazam|brn\n|\n|-heal|p2a: Ho-Oh|160/261|[from] item: Leftovers\n|upkeep\n|turn|2\n|\n|t:|1769309580\n|move|p1a: Alakazam|Psychic|p2a: Ho-Oh\n|-damage|p2a: Ho-Oh|51/261\n|move|p2a: Ho-Oh|Sacred Fire|p1a: Alakazam\n|-damage|p1a: Alakazam|0 fnt\n|faint|p1a: Alakazam\n|\n|-heal|p2a: Ho-Oh|67/261|[from] item: Leftovers\n|upkeep\n|\n|t:|1769309588\n|switch|p1a: Manaphy|Manaphy, L76|277/277\n|turn|3\n|\n|t:|1769309595\n|switch|p2a: Walrein|Walrein, L88, F|337/337\n|move|p1a: Manaphy|Tail Glow|p1a: Manaphy\n|-boost|p1a: Manaphy|spa|3\n|\n|upkeep\n|turn|4\n|\n|t:|1769309609\n|move|p1a: Manaphy|Energy Ball|p2a: Walrein\n|-supereffective|p2a: Walrein\n|-damage|p2a: Walrein|91/337\n|move|p2a: Walrein|Toxic|p1a: Manaphy\n|-status|p1a: Manaphy|tox\n|\n|-heal|p2a: Walrein|112/337|[from] item: Leftovers\n|-damage|p1a: Manaphy|260/277 tox|[from] psn\n|upkeep\n|turn|5\n|\n|t:|1769309621\n|switch|p2a: Ho-Oh|Ho-Oh, L69|154/261\n|move|p1a: Manaphy|Surf|p2a: Ho-Oh\n|-supereffective|p2a: Ho-Oh\n|-damage|p2a: Ho-Oh|0 fnt\n|faint|p2a: Ho-Oh\n|\n|-heal|p1a: Manaphy|277/277 tox|[from] item: Leftovers\n|-damage|p1a: Manaphy|243/277 tox|[from] psn\n|upkeep\n|\n|t:|1769309637\n|switch|p2a: Whimsicott|Whimsicott, L85, F|241/241\n|turn|6\n|\n|t:|1769309644\n|move|p2a: Whimsicott|U-turn|p1a: Manaphy\n|-damage|p1a: Manaphy|205/277 tox\n|\n|t:|1769309646\n|switch|p2a: Walrein|Walrein, L88, F|112/337|[from] U-turn\n|move|p1a: Manaphy|Ice Beam|p2a: Walrein\n|-resisted|p2a: Walrein\n|-damage|p2a: Walrein|96/337\n|\n|-heal|p1a: Manaphy|222/277 tox|[from] item: Leftovers\n|-heal|p2a: Walrein|117/337|[from] item: Leftovers\n|-damage|p1a: Manaphy|171/277 tox|[from] psn\n|upkeep\n|turn|7\n|\n|t:|1769309661\n|move|p1a: Manaphy|Energy Ball|p2a: Walrein\n|-supereffective|p2a: Walrein\n|-damage|p2a: Walrein|0 fnt\n|faint|p2a: Walrein\n|\n|-heal|p1a: Manaphy|188/277 tox|[from] item: Leftovers\n|-damage|p1a: Manaphy|120/277 tox|[from] psn\n|upkeep\n|\n|t:|1769309670\n|switch|p2a: Whimsicott|Whimsicott, L85, F|241/241\n|turn|8\n|\n|t:|1769309675\n|move|p2a: Whimsicott|Energy Ball|p1a: Manaphy\n|-supereffective|p1a: Manaphy\n|-damage|p1a: Manaphy|0 fnt\n|faint|p1a: Manaphy\n|\n|upkeep\n|\n|t:|1769309686\n|switch|p1a: Victini|Victini, L77|281/281\n|turn|9\n|\n|t:|1769309698\n|move|p2a: Whimsicott|U-turn|p1a: Victini\n|-damage|p1a: Victini|244/281\n|\n|t:|1769309705\n|switch|p2a: Registeel|Registeel, L82|265/265|[from] U-turn\n|move|p1a: Victini|V-create|p2a: Registeel\n|-supereffective|p2a: Registeel\n|-damage|p2a: Registeel|31/265\n|-unboost|p1a: Victini|spe|1\n|-unboost|p1a: Victini|def|1\n|-unboost|p1a: Victini|spd|1\n|\n|-heal|p2a: Registeel|47/265|[from] item: Leftovers\n|upkeep\n|turn|10\n|\n|t:|1769309722\n|move|p1a: Victini|Bolt Strike|p2a: Registeel\n|-damage|p2a: Registeel|0 fnt\n|faint|p2a: Registeel\n|\n|upkeep\n|\n|t:|1769309732\n|switch|p2a: Weavile|Weavile, L77, M|234/234\n|turn|11\n|\n|t:|1769309743\n|switch|p1a: Clefable|Clefable, L80, M|283/283\n|move|p2a: Weavile|Swords Dance|p2a: Weavile\n|-boost|p2a: Weavile|atk|2\n|\n|upkeep\n|turn|12\n|\n|t:|1769309750\n|move|p2a: Weavile|Icicle Crash|p1a: Clefable\n|-damage|p1a: Clefable|137/283\n|-damage|p2a: Weavile|211/234|[from] item: Life Orb\n|cant|p1a: Clefable|flinch\n|\n|-heal|p1a: Clefable|154/283|[from] item: Leftovers\n|upkeep\n|turn|13\n|\n|t:|1769309760\n|move|p2a: Weavile|Icicle Crash|p1a: Clefable\n|-damage|p1a: Clefable|10/283\n|-damage|p2a: Weavile|188/234|[from] item: Life Orb\n|move|p1a: Clefable|Moonblast|p2a: Weavile\n|-supereffective|p2a: Weavile\n|-damage|p2a: Weavile|0 fnt\n|faint|p2a: Weavile\n|\n|-heal|p1a: Clefable|27/283|[from] item: Leftovers\n|upkeep\n|\n|t:|1769309771\n|switch|p2a: Whimsicott|Whimsicott, L85, F|241/241\n|turn|14\n|\n|t:|1769309781\n|move|p2a: Whimsicott|Moonblast|p1a: Clefable\n|-damage|p1a: Clefable|0 fnt\n|faint|p1a: Clefable\n|\n|upkeep\n|\n|t:|1769309787\n|switch|p1a: Victini|Victini, L77|244/281\n|turn|15\n|\n|t:|1769309796\n|move|p2a: Whimsicott|Moonblast|p1a: Victini\n|-resisted|p1a: Victini\n|-damage|p1a: Victini|214/281\n|move|p1a: Victini|Glaciate|p2a: Whimsicott\n|-supereffective|p2a: Whimsicott\n|-damage|p2a: Whimsicott|145/241\n|-unboost|p2a: Whimsicott|spe|1\n|\n|-heal|p2a: Whimsicott|160/241|[from] item: Leftovers\n|upkeep\n|turn|16\n|\n|t:|1769309813\n|move|p1a: Victini|Glaciate|p2a: Whimsicott\n|-supereffective|p2a: Whimsicott\n|-damage|p2a: Whimsicott|64/241\n|-unboost|p2a: Whimsicott|spe|1\n|move|p2a: Whimsicott|Moonblast|p1a: Victini\n|-resisted|p1a: Victini\n|-crit|p1a: Victini\n|-damage|p1a: Victini|173/281\n|-unboost|p1a: Victini|spa|1\n|\n|-heal|p2a: Whimsicott|79/241|[from] item: Leftovers\n|upkeep\n|turn|17\n|\n|t:|1769309825\n|move|p1a: Victini|Psychic|p2a: Whimsicott\n|-damage|p2a: Whimsicott|19/241\n|move|p2a: Whimsicott|Moonblast|p1a: Victini\n|-resisted|p1a: Victini\n|-damage|p1a: Victini|144/281\n|\n|-heal|p2a: Whimsicott|34/241|[from] item: Leftovers\n|upkeep\n|turn|18\n|\n|t:|1769309834\n|move|p1a: Victini|Psychic|p2a: Whimsicott\n|-damage|p2a: Whimsicott|0 fnt\n|faint|p2a: Whimsicott\n|\n|upkeep\n|\n|t:|1769309838\n|switch|p2a: Feraligatr|Feraligatr, L79, M|264/264\n|turn|19\n|\n|t:|1769309842\n|move|p1a: Victini|Bolt Strike|p2a: Feraligatr\n|-supereffective|p2a: Feraligatr\n|-damage|p2a: Feraligatr|116/264\n|move|p2a: Feraligatr|Dragon Dance|p2a: Feraligatr\n|-boost|p2a: Feraligatr|atk|1\n|-boost|p2a: Feraligatr|spe|1\n|\n|upkeep\n|turn|20\n|\n|t:|1769309850\n|move|p2a: Feraligatr|Waterfall|p1a: Victini\n|-supereffective|p1a: Victini\n|-damage|p1a: Victini|0 fnt\n|faint|p1a: Victini\n|\n|upkeep\n|\n|t:|1769309858\n|switch|p1a: Glalie|Glalie, L82, M|265/265\n|turn|21\n|\n|t:|1769309862\n|detailschange|p1a: Glalie|Glalie-Mega, L82, M\n|-mega|p1a: Glalie|Glalie|Glalitite\n|move|p2a: Feraligatr|Waterfall|p1a: Glalie\n|-damage|p1a: Glalie|31/265\n|move|p1a: Glalie|Freeze-Dry|p2a: Feraligatr\n|-supereffective|p2a: Feraligatr\n|-damage|p2a: Feraligatr|0 fnt\n|faint|p2a: Feraligatr\n|\n|win|nardodick\n|raw|nardodick's rating: 1648 &rarr; <strong>1662</strong><br />(+14 for winning)\n|raw|hexinyi's rating: 1540 &rarr; <strong>1526</strong><br />(-14 for losing)\n|l|☆hexinyi\n|player|p2|\n", "inputlog": ">version b99ff0165a6231f17e8b78c2a78d1998375de664\n>start {\"formatid\":\"gen6randombattle\",\"seed\":\"sodium,d6fe626777d6273bc4ccb5c8047506b7\",\"rated\":\"Rated battle\"}\n>player p1 {\"name\":\"nardodick\",\"avatar\":\"266\",\"rating\":1648,\"seed\":\"sodium,e84b607d8c533f638bf0956a6d06db03\"}\n>player p2 {\"name\":\"hexinyi\",\"avatar\":\"elesa\",\"rating\":1540,\"seed\":\"sodium,633042507892ac232d23c84242242f67\"}\n>p1 move psychic\n>p2 move sacredfire\n>p1 move psychic\n>p2 move sacredfire\n>p1 switch 2\n>p1 move tailglow\n>p2 switch 6\n>p1 move energyball\n>p2 move toxic\n>p1 move surf\n>p2 switch 6\n>p2 switch 2\n>p1 move icebeam\n>p2 move uturn\n>p2 switch 6\n>p1 move energyball\n>p2 move surf\n>p2 switch 6\n>p1 move surf\n>p2 move energyball\n>p1 switch 3\n>p1 move vcreate\n>p2 move uturn\n>p2 switch 5\n>p1 move boltstrike\n>p2 move ironhead\n>p2 switch 3\n>p1 switch 4\n>p2 move swordsdance\n>p1 move moonblast\n>p2 move iciclecrash\n>p1 move moonblast\n>p2 move iciclecrash\n>p2 switch 5\n>p1 move softboiled\n>p2 move moonblast\n>p1 switch 4\n>p1 move glaciate\n>p2 move moonblast\n>p1 move glaciate\n>p2 move moonblast\n>p1 move psychic\n>p2 move moonblast\n>p1 move psychic\n>p2 move moonblast\n>p2 switch 4\n>p1 move boltstrike\n>p2 move dragondance\n>p1 move boltstrike\n>p2 move waterfall\n>p1 switch 6\n>p1 move freezedry mega\n>p2 move waterfall", "uploadtime": 1769309868, "views": 268, "formatid": "gen6randombattle", "rating": 1526, "private": 0, "password": null}