{"id": "gen6randombattle-2540371885", "format": "[Gen 6] Random Battle", "players": ["Blatjanglover", "A-noldi"], "log": "|j|☆Blatjanglover\n|j|☆A-noldi\n|t:|1771194104\n|gametype|singles\n|player|p1|Blatjanglover|brock|1575\n|player|p2|A-noldi|noland-gen3|1655\n|gen|6\n|tier|[Gen 6] Random Battle\n|rated|\n|rule|Sleep Clause Mod: Limit one foe put to sleep\n|rule|HP Percentage Mod: HP is shown in percentages\n|rule|Illusion Level Mod: Illusion disguises the Pokémon's true level\n|\n|t:|1771194104\n|teamsize|p1|6\n|teamsize|p2|6\n|start\n|switch|p1a: Seismitoad|Seismitoad, L84, F|314/314\n|switch|p2a: Breloom|Breloom, L82, F|233/233\n|turn|1\n|inactive|Battle timer is ON: inactive players will automatically lose when time's up. (requested by A-noldi)\n|\n|t:|1771194112\n|switch|p1a: Girafarig|Girafarig, L93, F|281/281\n|move|p2a: Breloom|Swords Dance|p2a: Breloom\n|-boost|p2a: Breloom|atk|2\n|\n|upkeep\n|turn|2\n|\n|t:|1771194117\n|switch|p2a: Probopass|Probopass, L91, M|257/257\n|move|p1a: Girafarig|Psychic|p2a: Probopass\n|-resisted|p2a: Probopass\n|-damage|p2a: Probopass|214/257\n|-damage|p1a: Girafarig|253/281|[from] item: Life Orb\n|\n|-heal|p2a: Probopass|230/257|[from] item: Leftovers\n|upkeep\n|turn|3\n|\n|t:|1771194121\n|switch|p1a: Seismitoad|Seismitoad, L84, F|314/314\n|move|p2a: Probopass|Thunder Wave|p1a: Seismitoad\n|-immune|p1a: Seismitoad\n|\n|-heal|p2a: Probopass|246/257|[from] item: Leftovers\n|upkeep\n|turn|4\n|\n|t:|1771194126\n|switch|p2a: Breloom|Breloom, L82, F|233/233\n|move|p1a: Seismitoad|Scald|p2a: Breloom\n|-resisted|p2a: Breloom\n|-damage|p2a: Breloom|182/233\n|\n|upkeep\n|turn|5\n|\n|t:|1771194131\n|move|p1a: Seismitoad|Scald|p2a: Breloom\n|-resisted|p2a: Breloom\n|-damage|p2a: Breloom|135/233\n|-status|p2a: Breloom|brn\n|move|p2a: Breloom|Bullet Seed|p1a: Seismitoad\n|-supereffective|p1a: Seismitoad\n|-damage|p1a: Seismitoad|179/314\n|-supereffective|p1a: Seismitoad\n|-crit|p1a: Seismitoad\n|-damage|p1a: Seismitoad|0 fnt\n|faint|p1a: Seismitoad\n|-hitcount|p1: Seismitoad|2\n|-damage|p2a: Breloom|112/233 brn|[from] item: Life Orb\n|\n|-damage|p2a: Breloom|83/233 brn|[from] brn\n|upkeep\n|\n|t:|1771194139\n|switch|p1a: Infernape|Infernape, L79, F|250/250\n|turn|6\n|\n|t:|1771194142\n|move|p2a: Breloom|Mach Punch|p1a: Infernape\n|-damage|p1a: Infernape|193/250\n|-damage|p2a: Breloom|60/233 brn|[from] item: Life Orb\n|move|p1a: Infernape|Stealth Rock|p2a: Breloom\n|-sidestart|p2: A-noldi|move: Stealth Rock\n|\n|-damage|p2a: Breloom|31/233 brn|[from] brn\n|upkeep\n|turn|7\n|\n|t:|1771194145\n|move|p1a: Infernape|Mach Punch|p2a: Breloom\n|-damage|p2a: Breloom|0 fnt\n|faint|p2a: Breloom\n|-damage|p1a: Infernape|168/250|[from] item: Life Orb\n|\n|upkeep\n|\n|t:|1771194150\n|switch|p2a: Octillery|Octillery, L93, F|290/290\n|-damage|p2a: Octillery|254/290|[from] Stealth Rock\n|turn|8\n|\n|t:|1771194160\n|move|p1a: Infernape|Close Combat|p2a: Octillery\n|-damage|p2a: Octillery|89/290\n|-unboost|p1a: Infernape|def|1\n|-unboost|p1a: Infernape|spd|1\n|-damage|p1a: Infernape|143/250|[from] item: Life Orb\n|move|p2a: Octillery|Hydro Pump|p1a: Infernape\n|-supereffective|p1a: Infernape\n|-damage|p1a: Infernape|0 fnt\n|faint|p1a: Infernape\n|-damage|p2a: Octillery|60/290|[from] item: Life Orb\n|\n|upkeep\n|\n|t:|1771194171\n|switch|p1a: Chandelure|Chandelure, L82, M|233/233\n|turn|9\n|\n|t:|1771194175\n|move|p1a: Chandelure|Shadow Ball|p2a: Octillery\n|-damage|p2a: Octillery|0 fnt\n|faint|p2a: Octillery\n|\n|upkeep\n|\n|t:|1771194179\n|switch|p2a: Probopass|Probopass, L91, M|246/257\n|-damage|p2a: Probopass|230/257|[from] Stealth Rock\n|turn|10\n|\n|t:|1771194182\n|move|p1a: Chandelure|Substitute|p1a: Chandelure\n|-start|p1a: Chandelure|Substitute\n|-damage|p1a: Chandelure|175/233\n|move|p2a: Probopass|Thunder Wave||[still]\n|-fail|p2a: Probopass\n|\n|-heal|p1a: Chandelure|189/233|[from] item: Leftovers\n|-heal|p2a: Probopass|246/257|[from] item: Leftovers\n|upkeep\n|turn|11\n|\n|t:|1771194186\n|move|p1a: Chandelure|Fire Blast|p2a: Probopass|[miss]\n|-miss|p1a: Chandelure|p2a: Probopass\n|move|p2a: Probopass|Stealth Rock|p1a: Chandelure\n|-sidestart|p1: Blatjanglover|move: Stealth Rock\n|\n|-heal|p1a: Chandelure|203/233|[from] item: Leftovers\n|-heal|p2a: Probopass|257/257|[from] item: Leftovers\n|upkeep\n|turn|12\n|c|☆Blatjanglover|Not my evening\n|\n|t:|1771194196\n|move|p1a: Chandelure|Fire Blast|p2a: Probopass\n|-crit|p2a: Probopass\n|-damage|p2a: Probopass|130/257\n|move|p2a: Probopass|Earth Power|p1a: Chandelure\n|-supereffective|p1a: Chandelure\n|-end|p1a: Chandelure|Substitute\n|\n|-heal|p1a: Chandelure|217/233|[from] item: Leftovers\n|-heal|p2a: Probopass|146/257|[from] item: Leftovers\n|upkeep\n|turn|13\n|\n|t:|1771194203\n|switch|p1a: Hydreigon|Hydreigon, L80, F|278/278\n|-damage|p1a: Hydreigon|244/278|[from] Stealth Rock\n|move|p2a: Probopass|Earth Power|p1a: Hydreigon\n|-immune|p1a: Hydreigon|[from] ability: Levitate\n|\n|-heal|p1a: Hydreigon|261/278|[from] item: Leftovers\n|-heal|p2a: Probopass|162/257|[from] item: Leftovers\n|upkeep\n|turn|14\n|\n|t:|1771194206\n|move|p1a: Hydreigon|Dark Pulse|p2a: Probopass\n|-damage|p2a: Probopass|101/257\n|cant|p2a: Probopass|flinch\n|\n|-heal|p1a: Hydreigon|278/278|[from] item: Leftovers\n|-heal|p2a: Probopass|117/257|[from] item: Leftovers\n|upkeep\n|turn|15\n|\n|t:|1771194211\n|move|p1a: Hydreigon|Dark Pulse|p2a: Probopass\n|-damage|p2a: Probopass|63/257\n|cant|p2a: Probopass|flinch\n|\n|-heal|p2a: Probopass|79/257|[from] item: Leftovers\n|upkeep\n|turn|16\n|c|☆Blatjanglover|Lol okay luck is picking up\n|\n|t:|1771194228\n|move|p1a: Hydreigon|Dark Pulse|p2a: Probopass\n|-damage|p2a: Probopass|15/257\n|cant|p2a: Probopass|flinch\n|\n|-heal|p2a: Probopass|31/257|[from] item: Leftovers\n|upkeep\n|turn|17\n|c|☆A-noldi|Holy moly\n|\n|t:|1771194235\n|move|p1a: Hydreigon|Dark Pulse|p2a: Probopass\n|-damage|p2a: Probopass|0 fnt\n|faint|p2a: Probopass\n|\n|upkeep\n|\n|t:|1771194241\n|switch|p2a: Accelgor|Accelgor, L89, F|287/287\n|-damage|p2a: Accelgor|216/287|[from] Stealth Rock\n|turn|18\n|c|☆Blatjanglover|Lol you're definitely paying for what the last guy did to me. What luck is this?\n|\n|t:|1771194265\n|move|p2a: Accelgor|Hidden Power|p1a: Hydreigon\n|-damage|p1a: Hydreigon|226/278\n|move|p1a: Hydreigon|Fire Blast|p2a: Accelgor|[miss]\n|-miss|p1a: Hydreigon|p2a: Accelgor\n|\n|-heal|p2a: Accelgor|233/287|[from] item: Leftovers\n|-heal|p1a: Hydreigon|243/278|[from] item: Leftovers\n|upkeep\n|turn|19\n|\n|t:|1771194269\n|switch|p1a: Girafarig|Girafarig, L93, F|253/281\n|-damage|p1a: Girafarig|218/281|[from] Stealth Rock\n|move|p2a: Accelgor|Bug Buzz|p1a: Girafarig\n|-supereffective|p1a: Girafarig\n|-damage|p1a: Girafarig|0 fnt\n|faint|p1a: Girafarig\n|\n|-heal|p2a: Accelgor|250/287|[from] item: Leftovers\n|upkeep\n|\n|t:|1771194271\n|switch|p1a: Cobalion|Cobalion, L77|267/267\n|-damage|p1a: Cobalion|259/267|[from] Stealth Rock\n|turn|20\n|\n|t:|1771194274\n|move|p2a: Accelgor|Spikes|p1a: Cobalion\n|-sidestart|p1: Blatjanglover|Spikes\n|move|p1a: Cobalion|Stone Edge|p2a: Accelgor\n|-supereffective|p2a: Accelgor\n|-damage|p2a: Accelgor|84/287\n|\n|-heal|p2a: Accelgor|101/287|[from] item: Leftovers\n|-heal|p1a: Cobalion|267/267|[from] item: Leftovers\n|upkeep\n|turn|21\n|\n|t:|1771194281\n|switch|p2a: Drifblim|Drifblim, L83, F|384/384\n|-damage|p2a: Drifblim|288/384|[from] Stealth Rock\n|move|p1a: Cobalion|Iron Head|p2a: Drifblim\n|-damage|p2a: Drifblim|176/384\n|-enditem|p2a: Drifblim|Sitrus Berry|[eat]\n|-heal|p2a: Drifblim|272/384|[from] item: Sitrus Berry\n|\n|upkeep\n|turn|22\n|\n|t:|1771194288\n|move|p2a: Drifblim|Acrobatics|p1a: Cobalion\n|-damage|p1a: Cobalion|180/267\n|move|p1a: Cobalion|Stone Edge|p2a: Drifblim|[miss]\n|-miss|p1a: Cobalion|p2a: Drifblim\n|\n|-heal|p1a: Cobalion|196/267|[from] item: Leftovers\n|upkeep\n|turn|23\n|\n|t:|1771194291\n|move|p2a: Drifblim|Destiny Bond|p2a: Drifblim\n|-singlemove|p2a: Drifblim|Destiny Bond\n|move|p1a: Cobalion|Stone Edge|p2a: Drifblim\n|-supereffective|p2a: Drifblim\n|-crit|p2a: Drifblim\n|-damage|p2a: Drifblim|12/384\n|\n|-heal|p1a: Cobalion|212/267|[from] item: Leftovers\n|upkeep\n|turn|24\n|\n|t:|1771194310\n|move|p2a: Drifblim|Destiny Bond|p2a: Drifblim\n|-singlemove|p2a: Drifblim|Destiny Bond\n|move|p1a: Cobalion|Iron Head|p2a: Drifblim\n|-damage|p2a: Drifblim|0 fnt\n|faint|p2a: Drifblim\n|-activate|p2a: Drifblim|move: Destiny Bond\n|faint|p1a: Cobalion\n|\n|upkeep\n|\n|t:|1771194315\n|switch|p1a: Chandelure|Chandelure, L82, M|217/233\n|switch|p2a: Jirachi|Jirachi, L78|284/284\n|-damage|p2a: Jirachi|267/284|[from] Stealth Rock\n|-damage|p1a: Chandelure|159/233|[from] Stealth Rock\n|-damage|p1a: Chandelure|130/233|[from] Spikes\n|turn|25\n|\n|t:|1771194321\n|move|p2a: Jirachi|Iron Head|p1a: Chandelure\n|-resisted|p1a: Chandelure\n|-damage|p1a: Chandelure|94/233\n|cant|p1a: Chandelure|flinch\n|\n|-heal|p2a: Jirachi|284/284|[from] item: Leftovers\n|-heal|p1a: Chandelure|108/233|[from] item: Leftovers\n|upkeep\n|turn|26\n|\n|t:|1771194325\n|move|p2a: Jirachi|Iron Head|p1a: Chandelure\n|-resisted|p1a: Chandelure\n|-damage|p1a: Chandelure|72/233\n|cant|p1a: Chandelure|flinch\n|\n|-heal|p1a: Chandelure|86/233|[from] item: Leftovers\n|upkeep\n|turn|27\n|c|☆Blatjanglover|Flame Body don't fail me now\n|\n|t:|1771194339\n|move|p2a: Jirachi|Iron Head|p1a: Chandelure\n|-resisted|p1a: Chandelure\n|-damage|p1a: Chandelure|47/233\n|cant|p1a: Chandelure|flinch\n|\n|-heal|p1a: Chandelure|61/233|[from] item: Leftovers\n|upkeep\n|turn|28\n|\n|t:|1771194345\n|move|p2a: Jirachi|Iron Head|p1a: Chandelure\n|-resisted|p1a: Chandelure\n|-damage|p1a: Chandelure|22/233\n|cant|p1a: Chandelure|flinch\n|\n|-heal|p1a: Chandelure|36/233|[from] item: Leftovers\n|upkeep\n|turn|29\n|\n|t:|1771194349\n|move|p2a: Jirachi|Iron Head|p1a: Chandelure\n|-resisted|p1a: Chandelure\n|-damage|p1a: Chandelure|0 fnt\n|faint|p1a: Chandelure\n|\n|upkeep\n|c|☆Blatjanglover|Lmao what a crazy match, gg mate\n|c|☆A-noldi|gg! :)\n|\n|t:|1771194361\n|switch|p1a: Hydreigon|Hydreigon, L80, F|243/278\n|-damage|p1a: Hydreigon|209/278|[from] Stealth Rock\n|turn|30\n|\n|t:|1771194367\n|move|p1a: Hydreigon|Dark Pulse|p2a: Jirachi\n|-supereffective|p2a: Jirachi\n|-damage|p2a: Jirachi|96/284\n|move|p2a: Jirachi|U-turn|p1a: Hydreigon\n|-supereffective|p1a: Hydreigon\n|-damage|p1a: Hydreigon|115/278\n|\n|t:|1771194371\n|switch|p2a: Accelgor|Accelgor, L89, F|101/287|[from] U-turn\n|-damage|p2a: Accelgor|30/287|[from] Stealth Rock\n|\n|-heal|p2a: Accelgor|47/287|[from] item: Leftovers\n|-heal|p1a: Hydreigon|132/278|[from] item: Leftovers\n|upkeep\n|turn|31\n|\n|t:|1771194376\n|move|p2a: Accelgor|Bug Buzz|p1a: Hydreigon\n|-supereffective|p1a: Hydreigon\n|-damage|p1a: Hydreigon|0 fnt\n|faint|p1a: Hydreigon\n|\n|win|A-noldi\n|raw|Blatjanglover's rating: 1575 &rarr; <strong>1560</strong><br />(-15 for losing)\n|raw|A-noldi's rating: 1655 &rarr; <strong>1670</strong><br />(+15 for winning)\n|c|☆A-noldi|ups and downs!\n|c|☆Blatjanglover|Wp bro\n", "inputlog": ">version 686819e5e19f8a7fd2345cfc5a08a5085efa2cc3\n>start {\"formatid\":\"gen6randombattle\",\"seed\":\"sodium,79397a2f65f43dc7fb2a7c9b632623d5\",\"rated\":\"Rated battle\"}\n>player p1 {\"name\":\"Blatjanglover\",\"avatar\":\"brock\",\"rating\":1575,\"seed\":\"sodium,b6add9d6fdb480cba0dfc2804af22efc\"}\n>player p2 {\"name\":\"A-noldi\",\"avatar\":\"noland-gen3\",\"rating\":1655,\"seed\":\"sodium,6fb72bac105ae2072371cdfbdbd26958\"}\n>p1 switch 4\n>p2 move swordsdance\n>p1 move psychic\n>p2 switch 4\n>p1 switch 4\n>p2 move thunderwave\n>p1 move scald\n>p2 switch 4\n>p1 move scald\n>p2 move bulletseed\n>p1 switch 5\n>p1 move stealthrock\n>p2 move machpunch\n>p1 move machpunch\n>p2 move machpunch\n>p2 switch 2\n>p1 move closecombat\n>p2 move hydropump\n>p1 switch 6\n>p1 move shadowball\n>p2 move hydropump\n>p2 switch 4\n>p1 move substitute\n>p2 move thunderwave\n>p1 move fireblast\n>p2 move stealthrock\n>chat ☆Blatjanglover|Not my evening\n>p1 move fireblast\n>p2 move earthpower\n>p1 switch 2\n>p2 move earthpower\n>p1 move darkpulse\n>p2 move thunderwave\n>p1 move darkpulse\n>p2 move thunderwave\n>chat ☆Blatjanglover|Lol okay luck is picking up\n>p1 move darkpulse\n>p2 move thunderwave\n>chat ☆A-noldi|Holy moly\n>p1 move darkpulse\n>p2 move thunderwave\n>p2 switch 3\n>chat ☆Blatjanglover|Lol you're definitely paying for what the last guy did to me. What luck is this?\n>p1 move fireblast\n>p2 move hiddenpower\n>p1 switch 4\n>p2 move bugbuzz\n>p1 switch 3\n>p1 move stoneedge\n>p2 move spikes\n>p1 move ironhead\n>p2 switch 6\n>p1 move stoneedge\n>p2 move acrobatics\n>p1 move stoneedge\n>p2 move destinybond\n>p1 move ironhead\n>p2 move destinybond\n>p1 switch 2\n>p2 switch 5\n>p1 move fireblast\n>p2 move ironhead\n>p1 move fireblast\n>p2 move ironhead\n>chat ☆Blatjanglover|Flame Body don't fail me now\n>p1 move fireblast\n>p2 move ironhead\n>p1 move fireblast\n>p2 move ironhead\n>p1 move fireblast\n>p2 move ironhead\n>chat ☆Blatjanglover|Lmao what a crazy match, gg mate\n>chat ☆A-noldi|gg! :)\n>p1 switch 4\n>p1 move darkpulse\n>p2 move uturn\n>p2 switch 6\n>p1 move roost\n>p2 move bugbuzz", "uploadtime": 1771194378, "views": 45, "formatid": "gen6randombattle", "rating": 1560, "private": 0, "password": null}