{"id": "gen6randombattle-2532650519", "format": "[Gen 6] Random Battle", "players": ["Chisaki Kai", "Plop"], "log": "|j|☆Chisaki Kai\n|j|☆Plop\n|t:|1770210625\n|gametype|singles\n|player|p1|Chisaki Kai|acetrainer-gen3|1680\n|player|p2|Plop|#rbtt9travelers|1820\n|gen|6\n|tier|[Gen 6] Random Battle\n|rated|\n|rule|Sleep Clause Mod: Limit one foe put to sleep\n|rule|HP Percentage Mod: HP is shown in percentages\n|rule|Illusion Level Mod: Illusion disguises the Pokémon's true level\n|\n|t:|1770210625\n|teamsize|p1|6\n|teamsize|p2|6\n|start\n|switch|p1a: Swanna|Swanna, L85, F|266/266\n|switch|p2a: Bronzong|Bronzong, L85|253/253\n|turn|1\n|inactive|Battle timer is ON: inactive players will automatically lose when time's up. (requested by Chisaki Kai)\n|l|☆Plop\n|inactive|Plop disconnected and has a minute to reconnect!\n|player|p2|\n|j|☆Plop\n|inactive|Plop reconnected and has 135 seconds left.\n|player|p2|Plop|#rbtt9travelers|\n|\n|t:|1770210653\n|switch|p1a: Terrakion|Terrakion, L77|267/267\n|move|p2a: Bronzong|Toxic|p1a: Terrakion\n|-status|p1a: Terrakion|tox\n|\n|-damage|p1a: Terrakion|251/267 tox|[from] psn\n|upkeep\n|turn|2\n|\n|t:|1770210672\n|move|p1a: Terrakion|Stealth Rock|p2a: Bronzong\n|-sidestart|p2: Plop|move: Stealth Rock\n|move|p2a: Bronzong|Psychic|p1a: Terrakion\n|-supereffective|p1a: Terrakion\n|-damage|p1a: Terrakion|59/267 tox\n|\n|-damage|p1a: Terrakion|27/267 tox|[from] psn\n|upkeep\n|turn|3\n|\n|t:|1770210683\n|switch|p1a: Nidoqueen|Nidoqueen, L81, F|278/278\n|move|p2a: Bronzong|Toxic|p1a: Nidoqueen\n|-immune|p1a: Nidoqueen\n|\n|upkeep\n|turn|4\n|\n|t:|1770210690\n|move|p1a: Nidoqueen|Toxic Spikes|p2a: Bronzong\n|-sidestart|p2: Plop|move: Toxic Spikes\n|move|p2a: Bronzong|Psychic|p1a: Nidoqueen\n|-supereffective|p1a: Nidoqueen\n|-crit|p1a: Nidoqueen\n|-damage|p1a: Nidoqueen|0 fnt\n|faint|p1a: Nidoqueen\n|\n|upkeep\n|\n|t:|1770210699\n|switch|p1a: Ambipom|Ambipom, L83, F|260/260\n|turn|5\n|inactive|Plop has 120 seconds left.\n|\n|t:|1770210736\n|switch|p2a: Dunsparce|Dunsparce, L93, F|337/337\n|-damage|p2a: Dunsparce|295/337|[from] Stealth Rock\n|-status|p2a: Dunsparce|psn\n|move|p1a: Ambipom|Fake Out|p2a: Dunsparce\n|-damage|p2a: Dunsparce|214/337 psn\n|\n|-heal|p2a: Dunsparce|235/337 psn|[from] item: Leftovers\n|-damage|p2a: Dunsparce|193/337 psn|[from] psn\n|upkeep\n|turn|6\n|inactive|Plop has 120 seconds left.\n|\n|t:|1770210755\n|move|p1a: Ambipom|U-turn|p2a: Dunsparce\n|-damage|p2a: Dunsparce|142/337 psn\n|\n|t:|1770210758\n|switch|p1a: Terrakion|Terrakion, L77|27/267 tox|[from] U-turn\n|move|p2a: Dunsparce|Headbutt|p1a: Terrakion\n|-resisted|p1a: Terrakion\n|-damage|p1a: Terrakion|0 fnt\n|faint|p1a: Terrakion\n|\n|-heal|p2a: Dunsparce|163/337 psn|[from] item: Leftovers\n|-damage|p2a: Dunsparce|121/337 psn|[from] psn\n|upkeep\n|\n|t:|1770210763\n|switch|p1a: Ambipom|Ambipom, L83, F|260/260\n|turn|7\n|\n|t:|1770210768\n|move|p1a: Ambipom|Fake Out|p2a: Dunsparce\n|-damage|p2a: Dunsparce|34/337 psn\n|cant|p2a: Dunsparce|flinch\n|\n|-heal|p2a: Dunsparce|55/337 psn|[from] item: Leftovers\n|-damage|p2a: Dunsparce|13/337 psn|[from] psn\n|upkeep\n|turn|8\n|\n|t:|1770210775\n|move|p1a: Ambipom|Return|p2a: Dunsparce\n|-damage|p2a: Dunsparce|0 fnt\n|faint|p2a: Dunsparce\n|\n|upkeep\n|\n|t:|1770210777\n|switch|p2a: Torkoal|Torkoal, L88, F|266/266\n|-damage|p2a: Torkoal|200/266|[from] Stealth Rock\n|-status|p2a: Torkoal|psn\n|turn|9\n|\n|t:|1770210786\n|move|p1a: Ambipom|U-turn|p2a: Torkoal\n|-resisted|p2a: Torkoal\n|-damage|p2a: Torkoal|184/266 psn\n|\n|t:|1770210787\n|switch|p1a: Swanna|Swanna, L85, F|266/266|[from] U-turn\n|move|p2a: Torkoal|Rapid Spin|p1a: Swanna\n|-damage|p1a: Swanna|246/266\n|-sideend|p2: Plop|Toxic Spikes|[from] move: Rapid Spin|[of] p2a: Torkoal\n|-sideend|p2: Plop|Stealth Rock|[from] move: Rapid Spin|[of] p2a: Torkoal\n|\n|-heal|p1a: Swanna|262/266|[from] item: Leftovers\n|-heal|p2a: Torkoal|200/266 psn|[from] item: Leftovers\n|-damage|p2a: Torkoal|167/266 psn|[from] psn\n|upkeep\n|turn|10\n|\n|t:|1770210803\n|switch|p2a: Electrode|Electrode, L88|249/249\n|move|p1a: Swanna|Scald|p2a: Electrode\n|-damage|p2a: Electrode|173/249\n|\n|-heal|p1a: Swanna|266/266|[from] item: Leftovers\n|upkeep\n|turn|11\n|\n|t:|1770210820\n|switch|p1a: Watchog|Watchog, L94, F|265/265\n|move|p2a: Electrode|Thunderbolt|p1a: Watchog\n|-damage|p1a: Watchog|147/265\n|-damage|p2a: Electrode|149/249|[from] item: Life Orb\n|\n|-heal|p1a: Watchog|163/265|[from] item: Leftovers\n|upkeep\n|turn|12\n|\n|t:|1770210844\n|switch|p2a: Bronzong|Bronzong, L85|253/253\n|move|p1a: Watchog|Return|p2a: Bronzong\n|-resisted|p2a: Bronzong\n|-damage|p2a: Bronzong|193/253\n|\n|-heal|p1a: Watchog|179/265|[from] item: Leftovers\n|-heal|p2a: Bronzong|208/253|[from] item: Leftovers\n|upkeep\n|turn|13\n|\n|t:|1770210866\n|move|p1a: Watchog|Hypnosis|p2a: Bronzong\n|-status|p2a: Bronzong|slp|[from] move: Hypnosis\n|cant|p2a: Bronzong|slp\n|\n|-heal|p1a: Watchog|195/265|[from] item: Leftovers\n|-heal|p2a: Bronzong|223/253 slp|[from] item: Leftovers\n|upkeep\n|turn|14\n|\n|t:|1770210884\n|move|p1a: Watchog|Knock Off|p2a: Bronzong\n|-supereffective|p2a: Bronzong\n|-damage|p2a: Bronzong|101/253 slp\n|-enditem|p2a: Bronzong|Leftovers|[from] move: Knock Off|[of] p1a: Watchog\n|cant|p2a: Bronzong|slp\n|\n|-heal|p1a: Watchog|211/265|[from] item: Leftovers\n|upkeep\n|turn|15\n|\n|t:|1770210893\n|move|p1a: Watchog|Knock Off|p2a: Bronzong\n|-supereffective|p2a: Bronzong\n|-damage|p2a: Bronzong|19/253 slp\n|cant|p2a: Bronzong|slp\n|\n|-heal|p1a: Watchog|227/265|[from] item: Leftovers\n|upkeep\n|turn|16\n|\n|t:|1770210903\n|move|p1a: Watchog|Return|p2a: Bronzong\n|-resisted|p2a: Bronzong\n|-damage|p2a: Bronzong|0 fnt\n|faint|p2a: Bronzong\n|\n|-heal|p1a: Watchog|243/265|[from] item: Leftovers\n|upkeep\n|\n|t:|1770210905\n|switch|p2a: Torkoal|Torkoal, L88, F|167/266 psn\n|turn|17\n|\n|t:|1770210915\n|move|p1a: Watchog|Return|p2a: Torkoal\n|-damage|p2a: Torkoal|86/266 psn\n|move|p2a: Torkoal|Stealth Rock|p1a: Watchog\n|-sidestart|p1: Chisaki Kai|move: Stealth Rock\n|\n|-heal|p1a: Watchog|259/265|[from] item: Leftovers\n|-heal|p2a: Torkoal|102/266 psn|[from] item: Leftovers\n|-damage|p2a: Torkoal|69/266 psn|[from] psn\n|upkeep\n|turn|18\n|\n|t:|1770210919\n|move|p1a: Watchog|Return|p2a: Torkoal\n|-damage|p2a: Torkoal|0 fnt\n|faint|p2a: Torkoal\n|\n|-heal|p1a: Watchog|265/265|[from] item: Leftovers\n|upkeep\n|inactive|Plop has 120 seconds left.\n|\n|t:|1770210962\n|switch|p2a: Electrode|Electrode, L88|149/249\n|turn|19\n|\n|t:|1770210965\n|move|p2a: Electrode|Thunderbolt|p1a: Watchog\n|-damage|p1a: Watchog|147/265\n|-damage|p2a: Electrode|125/249|[from] item: Life Orb\n|move|p1a: Watchog|Return|p2a: Electrode\n|-damage|p2a: Electrode|0 fnt\n|-damage|p1a: Watchog|81/265|[from] ability: Aftermath|[of] p2a: Electrode\n|faint|p2a: Electrode\n|\n|-heal|p1a: Watchog|97/265|[from] item: Leftovers\n|upkeep\n|\n|t:|1770210974\n|switch|p2a: Sharpedo|Sharpedo, L80, M|243/243\n|turn|20\n|\n|t:|1770210984\n|move|p2a: Sharpedo|Protect|p2a: Sharpedo\n|-singleturn|p2a: Sharpedo|Protect\n|move|p1a: Watchog|Return|p2a: Sharpedo\n|-activate|p2a: Sharpedo|move: Protect\n|\n|-heal|p1a: Watchog|113/265|[from] item: Leftovers\n|-ability|p2a: Sharpedo|Speed Boost|boost\n|-boost|p2a: Sharpedo|spe|1\n|upkeep\n|turn|21\n|\n|t:|1770210993\n|detailschange|p2a: Sharpedo|Sharpedo-Mega, L80, M\n|-mega|p2a: Sharpedo|Sharpedo|Sharpedonite\n|move|p2a: Sharpedo|Crunch|p1a: Watchog\n|-damage|p1a: Watchog|0 fnt\n|faint|p1a: Watchog\n|\n|upkeep\n|\n|t:|1770210998\n|switch|p1a: Ambipom|Ambipom, L83, F|260/260\n|-damage|p1a: Ambipom|228/260|[from] Stealth Rock\n|turn|22\n|\n|t:|1770211005\n|move|p2a: Sharpedo|Protect|p2a: Sharpedo\n|-singleturn|p2a: Sharpedo|Protect\n|move|p1a: Ambipom|Fake Out|p2a: Sharpedo\n|-activate|p2a: Sharpedo|move: Protect\n|\n|upkeep\n|turn|23\n|\n|t:|1770211007\n|move|p2a: Sharpedo|Crunch|p1a: Ambipom\n|-damage|p1a: Ambipom|15/260\n|-unboost|p1a: Ambipom|def|1\n|move|p1a: Ambipom|Return|p2a: Sharpedo\n|-damage|p2a: Sharpedo|95/243\n|\n|upkeep\n|turn|24\n|\n|t:|1770211013\n|move|p2a: Sharpedo|Crunch|p1a: Ambipom\n|-damage|p1a: Ambipom|0 fnt\n|faint|p1a: Ambipom\n|\n|upkeep\n|\n|t:|1770211015\n|switch|p1a: Swanna|Swanna, L85, F|266/266\n|-damage|p1a: Swanna|200/266|[from] Stealth Rock\n|turn|25\n|\n|t:|1770211021\n|move|p2a: Sharpedo|Crunch|p1a: Swanna\n|-damage|p1a: Swanna|0 fnt\n|faint|p1a: Swanna\n|\n|upkeep\n|\n|t:|1770211027\n|switch|p1a: Metagross|Metagross, L74|240/240\n|-damage|p1a: Metagross|225/240|[from] Stealth Rock\n|turn|26\n|\n|t:|1770211031\n|detailschange|p1a: Metagross|Metagross-Mega, L74\n|-mega|p1a: Metagross|Metagross|Metagrossite\n|move|p2a: Sharpedo|Crunch|p1a: Metagross\n|-supereffective|p1a: Metagross\n|-damage|p1a: Metagross|0 fnt\n|faint|p1a: Metagross\n|detailschange|p1: Metagross|Metagross, L74|[silent]\n|\n|win|Plop\n|raw|Chisaki Kai's rating: 1680 &rarr; <strong>1668</strong><br />(-12 for losing)\n|raw|Plop's rating: 1820 &rarr; <strong>1832</strong><br />(+12 for winning)\n|l|☆Chisaki Kai\n|player|p1|\n", "inputlog": ">version ccdc32dd7cde25fd9e4bed64820e885f66e78a4e\n>start {\"formatid\":\"gen6randombattle\",\"seed\":\"sodium,03b86af77d9dbc1263c5a13a16e25b40\",\"rated\":\"Rated battle\"}\n>player p1 {\"name\":\"Chisaki Kai\",\"avatar\":\"acetrainer-gen3\",\"rating\":1680,\"seed\":\"sodium,da8e4ea54c4b9ca380f8d8b43271f131\"}\n>player p2 {\"name\":\"Plop\",\"avatar\":\"#rbtt9travelers\",\"rating\":1820,\"seed\":\"sodium,3d5fc0c9b56f0c617fa523b2ea5b1aea\"}\n>p1 switch 3\n>p2 move toxic\n>p1 move stealthrock\n>p2 move psychic\n>p1 switch 5\n>p2 move toxic\n>p1 move toxicspikes\n>p2 move psychic\n>p1 switch 2\n>p1 move fakeout\n>p2 switch 2\n>p1 move uturn\n>p2 move headbutt\n>p1 switch 5\n>p1 switch 5\n>p1 move fakeout\n>p2 move glare\n>p1 move return\n>p2 move glare\n>p2 switch 6\n>p1 move uturn\n>p2 move rapidspin\n>p1 switch 3\n>p1 move scald\n>p2 switch 4\n>p1 switch 4\n>p2 move thunderbolt\n>p1 move return\n>p2 switch 2\n>p1 move hypnosis\n>p2 move psychic\n>p1 move knockoff\n>p2 move psychic\n>p1 move knockoff\n>p2 move psychic\n>p1 move return\n>p2 move psychic\n>p2 switch 4\n>p1 move return\n>p2 move stealthrock\n>p1 move return\n>p2 move lavaplume\n>p2 switch 2\n>p1 move return\n>p2 move thunderbolt\n>p2 switch 3\n>p1 move return\n>p2 move protect\n>p1 move return\n>p2 move crunch mega\n>p1 switch 3\n>p1 move fakeout\n>p2 move protect\n>p1 move return\n>p2 move crunch\n>p1 move return\n>p2 move crunch\n>p1 switch 4\n>p1 move bravebird\n>p2 move crunch\n>p1 switch 6\n>p1 move hammerarm mega\n>p2 move crunch", "uploadtime": 1770211034, "views": 238, "formatid": "gen6randombattle", "rating": 1668, "private": 0, "password": null}