{"id": "gen6randombattle-2516707880", "format": "[Gen 6] Random Battle", "players": ["josir18", "Thorys"], "log": "|j|☆josir18\n|j|☆Thorys\n|t:|1768172162\n|gametype|singles\n|player|p1|josir18|170|1623\n|player|p2|Thorys|policeman-gen4|1693\n|gen|6\n|tier|[Gen 6] Random Battle\n|rated|\n|rule|Sleep Clause Mod: Limit one foe put to sleep\n|rule|HP Percentage Mod: HP is shown in percentages\n|rule|Illusion Level Mod: Illusion disguises the Pokémon's true level\n|\n|t:|1768172162\n|teamsize|p1|6\n|teamsize|p2|6\n|start\n|switch|p1a: Basculin|Basculin, L86, M|261/261\n|switch|p2a: Miltank|Miltank, L84, F|297/297\n|turn|1\n|inactive|Battle timer is ON: inactive players will automatically lose when time's up. (requested by Thorys)\n|\n|t:|1768172182\n|switch|p2a: Tangrowth|Tangrowth, L88, M|319/319\n|move|p1a: Basculin|Waterfall|p2a: Tangrowth\n|-resisted|p2a: Tangrowth\n|-damage|p2a: Tangrowth|258/319\n|\n|-heal|p2a: Tangrowth|277/319|[from] item: Leftovers\n|upkeep\n|turn|2\n|\n|t:|1768172201\n|switch|p1a: Rotom|Rotom-Frost, L86|226/226\n|move|p2a: Tangrowth|Rock Slide|p1a: Rotom\n|-supereffective|p1a: Rotom\n|-damage|p1a: Rotom|124/226\n|\n|-heal|p1a: Rotom|138/226|[from] item: Leftovers\n|-heal|p2a: Tangrowth|296/319|[from] item: Leftovers\n|upkeep\n|turn|3\n|\n|t:|1768172221\n|switch|p2a: Froslass|Froslass, L84, F|255/255\n|move|p1a: Rotom|Blizzard|p2a: Froslass\n|-resisted|p2a: Froslass\n|-damage|p2a: Froslass|180/255\n|-start|p1a: Rotom|Disable|Blizzard|[from] ability: Cursed Body|[of] p2a: Froslass\n|\n|-heal|p2a: Froslass|195/255|[from] item: Leftovers\n|-heal|p1a: Rotom|152/226|[from] item: Leftovers\n|upkeep\n|turn|4\n|\n|t:|1768172233\n|move|p2a: Froslass|Shadow Ball|p1a: Rotom\n|-damage|p1a: Rotom|88/226\n|move|p1a: Rotom|Volt Switch|p2a: Froslass\n|-crit|p2a: Froslass\n|-damage|p2a: Froslass|39/255\n|\n|t:|1768172261\n|switch|p1a: Sharpedo|Sharpedo, L80, F|243/243|[from] Volt Switch\n|\n|-heal|p2a: Froslass|54/255|[from] item: Leftovers\n|upkeep\n|turn|5\n|\n|t:|1768172271\n|switch|p2a: Tangrowth|Tangrowth, L88, M|319/319\n|move|p1a: Sharpedo|Protect||[still]\n|-fail|p1a: Sharpedo\n|\n|-ability|p1a: Sharpedo|Speed Boost|boost\n|-boost|p1a: Sharpedo|spe|1\n|upkeep\n|turn|6\n|inactive|josir18 has 120 seconds left.\n|inactive|josir18 has 90 seconds left.\n|inactive|josir18 has 60 seconds left.\n|\n|t:|1768172367\n|switch|p1a: Rotom|Rotom-Frost, L86|88/226\n|move|p2a: Tangrowth|Power Whip|p1a: Rotom\n|-damage|p1a: Rotom|0 fnt\n|faint|p1a: Rotom\n|\n|upkeep\n|inactive|josir18 has 30 seconds left.\n|inactive|josir18 has 20 seconds left.\n|inactive|josir18 has 15 seconds left.\n|inactive|josir18 has 10 seconds left.\n|\n|t:|1768172408\n|switch|p1a: Butterfree|Butterfree, L92, M|259/259\n|turn|7\n|inactive|josir18 has 20 seconds left this turn.\n|inactive|josir18 has 15 seconds left.\n|\n|t:|1768172423\n|move|p1a: Butterfree|Bug Buzz|p2a: Tangrowth\n|-supereffective|p2a: Tangrowth\n|-damage|p2a: Tangrowth|5/319\n|move|p2a: Tangrowth|Rock Slide|p1a: Butterfree\n|-supereffective|p1a: Butterfree\n|-damage|p1a: Butterfree|0 fnt\n|faint|p1a: Butterfree\n|\n|-heal|p2a: Tangrowth|24/319|[from] item: Leftovers\n|upkeep\n|inactive|josir18 has 20 seconds left this turn.\n|\n|t:|1768172428\n|switch|p1a: Hitmonlee|Hitmonlee, L86, M|226/226\n|turn|8\n|inactive|josir18 has 30 seconds left this turn.\n|\n|t:|1768172446\n|switch|p2a: Clawitzer|Clawitzer, L85, M|259/259\n|move|p1a: Hitmonlee|Knock Off|p2a: Clawitzer\n|-damage|p2a: Clawitzer|167/259\n|-enditem|p2a: Clawitzer|Choice Specs|[from] move: Knock Off|[of] p1a: Hitmonlee\n|\n|upkeep\n|turn|9\n|\n|t:|1768172456\n|move|p1a: Hitmonlee|Close Combat|p2a: Clawitzer\n|-damage|p2a: Clawitzer|17/259\n|-unboost|p1a: Hitmonlee|def|1\n|-unboost|p1a: Hitmonlee|spd|1\n|-enditem|p1a: Hitmonlee|White Herb\n|-clearnegativeboost|p1a: Hitmonlee|[silent]\n|move|p2a: Clawitzer|Water Pulse|p1a: Hitmonlee\n|-damage|p1a: Hitmonlee|135/226\n|\n|upkeep\n|turn|10\n|\n|t:|1768172466\n|move|p1a: Hitmonlee|Knock Off|p2a: Clawitzer\n|-damage|p2a: Clawitzer|0 fnt\n|faint|p2a: Clawitzer\n|\n|upkeep\n|\n|t:|1768172472\n|switch|p2a: Politoed|Politoed, L86, F|295/295\n|-weather|RainDance|[from] ability: Drizzle|[of] p2a: Politoed\n|turn|11\n|\n|t:|1768172480\n|move|p1a: Hitmonlee|Close Combat|p2a: Politoed\n|-damage|p2a: Politoed|130/295\n|-unboost|p1a: Hitmonlee|def|1\n|-unboost|p1a: Hitmonlee|spd|1\n|move|p2a: Politoed|Scald|p1a: Hitmonlee\n|-damage|p1a: Hitmonlee|0 fnt\n|faint|p1a: Hitmonlee\n|\n|-weather|RainDance|[upkeep]\n|-heal|p2a: Politoed|148/295|[from] item: Leftovers\n|upkeep\n|\n|t:|1768172496\n|switch|p1a: Hoopa|Hoopa-Unbound, L79|256/256\n|turn|12\n|\n|t:|1768172507\n|move|p2a: Politoed|Protect|p2a: Politoed\n|-singleturn|p2a: Politoed|Protect\n|move|p1a: Hoopa|Hyperspace Fury|p2a: Politoed\n|-activate|p2a: Politoed|move: Hyperspace Fury|[broken]\n|-damage|p2a: Politoed|3/295\n|-unboost|p1a: Hoopa|def|1\n|\n|-weather|RainDance|[upkeep]\n|-heal|p2a: Politoed|21/295|[from] item: Leftovers\n|upkeep\n|turn|13\n|\n|t:|1768172519\n|move|p1a: Hoopa|Hyperspace Fury|p2a: Politoed\n|-damage|p2a: Politoed|0 fnt\n|-unboost|p1a: Hoopa|def|1\n|faint|p2a: Politoed\n|\n|-weather|RainDance|[upkeep]\n|upkeep\n|\n|t:|1768172527\n|switch|p2a: Froslass|Froslass, L84, F|54/255\n|turn|14\n|inactive|josir18 has 60 seconds left.\n|\n|t:|1768172542\n|move|p1a: Hoopa|Hyperspace Fury|p2a: Froslass\n|-supereffective|p2a: Froslass\n|-damage|p2a: Froslass|0 fnt\n|-unboost|p1a: Hoopa|def|1\n|faint|p2a: Froslass\n|\n|-weather|RainDance|[upkeep]\n|upkeep\n|\n|t:|1768172552\n|switch|p2a: Miltank|Miltank, L84, F|297/297\n|turn|15\n|inactive|josir18 has 60 seconds left.\n|\n|t:|1768172577\n|switch|p1a: Basculin|Basculin, L86, M|261/261\n|move|p2a: Miltank|Body Slam|p1a: Basculin\n|-damage|p1a: Basculin|165/261\n|\n|-weather|none\n|upkeep\n|turn|16\n|\n|t:|1768172589\n|switch|p2a: Tangrowth|Tangrowth, L88, M|130/319\n|move|p1a: Basculin|Superpower|p2a: Tangrowth\n|-damage|p2a: Tangrowth|31/319\n|-unboost|p1a: Basculin|atk|1\n|-unboost|p1a: Basculin|def|1\n|\n|-heal|p2a: Tangrowth|50/319|[from] item: Leftovers\n|upkeep\n|turn|17\n|inactive|josir18 has 60 seconds left.\n|\n|t:|1768172598\n|switch|p2a: Cherrim|Cherrim, L97, F|293/293\n|move|p1a: Basculin|Superpower|p2a: Cherrim\n|-damage|p2a: Cherrim|203/293\n|-unboost|p1a: Basculin|atk|1\n|-unboost|p1a: Basculin|def|1\n|\n|upkeep\n|turn|18\n|inactive|josir18 has 60 seconds left.\n|\n|t:|1768172613\n|switch|p2a: Tangrowth|Tangrowth, L88, M|156/319\n|switch|p1a: Hoopa|Hoopa-Unbound, L79|256/256\n|\n|-heal|p2a: Tangrowth|175/319|[from] item: Leftovers\n|upkeep\n|turn|19\n|\n|t:|1768172625\n|move|p1a: Hoopa|Psychic|p2a: Tangrowth\n|-damage|p2a: Tangrowth|0 fnt\n|faint|p2a: Tangrowth\n|\n|upkeep\n|\n|t:|1768172630\n|switch|p2a: Cherrim|Cherrim, L97, F|203/293\n|turn|20\n|\n|t:|1768172638\n|move|p1a: Hoopa|Psychic|p2a: Cherrim\n|-damage|p2a: Cherrim|67/293\n|move|p2a: Cherrim|Energy Ball|p1a: Hoopa\n|-damage|p1a: Hoopa|146/256\n|-damage|p2a: Cherrim|38/293|[from] item: Life Orb\n|\n|upkeep\n|turn|21\n|\n|t:|1768172645\n|switch|p2a: Miltank|Miltank, L84, F|297/297\n|move|p1a: Hoopa|Psychic|p2a: Miltank\n|-damage|p2a: Miltank|134/297\n|\n|-heal|p2a: Miltank|152/297|[from] item: Leftovers\n|upkeep\n|turn|22\n|inactive|josir18 has 90 seconds left.\n|\n|t:|1768172658\n|switch|p1a: Sharpedo|Sharpedo, L80, F|243/243\n|move|p2a: Miltank|Body Slam|p1a: Sharpedo\n|-damage|p1a: Sharpedo|114/243\n|\n|-heal|p2a: Miltank|170/297|[from] item: Leftovers\n|upkeep\n|turn|23\n|\n|t:|1768172673\n|detailschange|p1a: Sharpedo|Sharpedo-Mega, L80, F\n|-mega|p1a: Sharpedo|Sharpedo|Sharpedonite\n|move|p2a: Miltank|Milk Drink|p2a: Miltank\n|-heal|p2a: Miltank|297/297\n|move|p1a: Sharpedo|Crunch|p2a: Miltank\n|-damage|p2a: Miltank|153/297\n|\n|-heal|p2a: Miltank|171/297|[from] item: Leftovers\n|upkeep\n|turn|24\n|\n|t:|1768172701\n|move|p2a: Miltank|Body Slam|p1a: Sharpedo\n|-damage|p1a: Sharpedo|23/243\n|move|p1a: Sharpedo|Crunch|p2a: Miltank\n|-damage|p2a: Miltank|27/297\n|\n|-heal|p2a: Miltank|45/297|[from] item: Leftovers\n|upkeep\n|turn|25\n|\n|t:|1768172711\n|move|p2a: Miltank|Milk Drink|p2a: Miltank\n|-heal|p2a: Miltank|194/297\n|move|p1a: Sharpedo|Crunch|p2a: Miltank\n|-damage|p2a: Miltank|58/297\n|\n|-heal|p2a: Miltank|76/297|[from] item: Leftovers\n|upkeep\n|turn|26\n|\n|t:|1768172718\n|move|p2a: Miltank|Milk Drink|p2a: Miltank\n|-heal|p2a: Miltank|225/297\n|move|p1a: Sharpedo|Crunch|p2a: Miltank\n|-damage|p2a: Miltank|95/297\n|\n|-heal|p2a: Miltank|113/297|[from] item: Leftovers\n|upkeep\n|turn|27\n|\n|t:|1768172726\n|move|p2a: Miltank|Milk Drink|p2a: Miltank\n|-heal|p2a: Miltank|262/297\n|move|p1a: Sharpedo|Crunch|p2a: Miltank\n|-damage|p2a: Miltank|123/297\n|\n|-heal|p2a: Miltank|141/297|[from] item: Leftovers\n|upkeep\n|turn|28\n|inactive|josir18 has 120 seconds left.\n|\n|t:|1768172739\n|move|p2a: Miltank|Milk Drink|p2a: Miltank\n|-heal|p2a: Miltank|290/297\n|move|p1a: Sharpedo|Crunch|p2a: Miltank\n|-damage|p2a: Miltank|158/297\n|\n|-heal|p2a: Miltank|176/297|[from] item: Leftovers\n|upkeep\n|turn|29\n|inactive|josir18 has 120 seconds left.\n|\n|t:|1768172752\n|move|p2a: Miltank|Body Slam|p1a: Sharpedo\n|-damage|p1a: Sharpedo|0 fnt\n|faint|p1a: Sharpedo\n|detailschange|p1: Sharpedo|Sharpedo, L80, F|[silent]\n|\n|-heal|p2a: Miltank|194/297|[from] item: Leftovers\n|upkeep\n|inactive|josir18 has 120 seconds left.\n|\n|t:|1768172762\n|switch|p1a: Basculin|Basculin, L86, M|165/261\n|turn|30\n|inactive|Thorys has 120 seconds left.\n|\n|t:|1768172805\n|move|p1a: Basculin|Superpower|p2a: Miltank\n|-supereffective|p2a: Miltank\n|-damage|p2a: Miltank|0 fnt\n|-unboost|p1a: Basculin|atk|1\n|-unboost|p1a: Basculin|def|1\n|faint|p2a: Miltank\n|\n|upkeep\n|\n|t:|1768172811\n|switch|p2a: Cherrim|Cherrim, L97, F|38/293\n|turn|31\n|\n|t:|1768172814\n|move|p2a: Cherrim|Morning Sun|p2a: Cherrim\n|-heal|p2a: Cherrim|184/293\n|move|p1a: Basculin|Superpower|p2a: Cherrim\n|-damage|p2a: Cherrim|93/293\n|-unboost|p1a: Basculin|atk|1\n|-unboost|p1a: Basculin|def|1\n|\n|upkeep\n|turn|32\n|\n|t:|1768172824\n|switch|p1a: Hoopa|Hoopa-Unbound, L79|146/256\n|move|p2a: Cherrim|Morning Sun|p2a: Cherrim\n|-heal|p2a: Cherrim|239/293\n|\n|upkeep\n|turn|33\n|inactive|Thorys has 120 seconds left.\n|\n|t:|1768172848\n|move|p1a: Hoopa|Trick|p2a: Cherrim\n|-activate|p1a: Hoopa|move: Trick|[of] p2a: Cherrim\n|-item|p2a: Cherrim|Choice Scarf|[from] move: Trick\n|-item|p1a: Hoopa|Life Orb|[from] move: Trick\n|move|p2a: Cherrim|Dazzling Gleam|p1a: Hoopa\n|-supereffective|p1a: Hoopa\n|-damage|p1a: Hoopa|40/256\n|\n|upkeep\n|turn|34\n|inactive|Thorys has 120 seconds left.\n|\n|t:|1768172861\n|move|p2a: Cherrim|Dazzling Gleam|p1a: Hoopa\n|-supereffective|p1a: Hoopa\n|-damage|p1a: Hoopa|0 fnt\n|faint|p1a: Hoopa\n|\n|upkeep\n|\n|t:|1768172863\n|switch|p1a: Basculin|Basculin, L86, M|165/261\n|turn|35\n|\n|t:|1768172867\n|move|p2a: Cherrim|Dazzling Gleam|p1a: Basculin\n|-damage|p1a: Basculin|78/261\n|move|p1a: Basculin|Zen Headbutt|p2a: Cherrim\n|-damage|p2a: Cherrim|154/293\n|\n|upkeep\n|turn|36\n|\n|t:|1768172872\n|move|p2a: Cherrim|Dazzling Gleam|p1a: Basculin\n|-damage|p1a: Basculin|0 fnt\n|faint|p1a: Basculin\n|\n|win|Thorys\n|raw|josir18's rating: 1623 &rarr; <strong>1607</strong><br />(-16 for losing)\n|raw|Thorys's rating: 1693 &rarr; <strong>1709</strong><br />(+16 for winning)\n|l|☆josir18\n|player|p1|\n", "inputlog": ">version f2883557ca71b1a14bc1039fd307aee7de4ab455\n>start {\"formatid\":\"gen6randombattle\",\"seed\":\"sodium,5577629e246b612356216b8d018f252e\",\"rated\":\"Rated battle\"}\n>player p1 {\"name\":\"josir18\",\"avatar\":\"170\",\"rating\":1623,\"seed\":\"sodium,2973a9a9b3b090ac9d9bd66af9ed3745\"}\n>player p2 {\"name\":\"Thorys\",\"avatar\":\"policeman-gen4\",\"rating\":1693,\"seed\":\"sodium,3426a070e9ea8f6a86842541b467d870\"}\n>p1 move waterfall\n>p2 switch 2\n>p1 switch 5\n>p2 move rockslide\n>p1 move blizzard\n>p2 switch 5\n>p1 move voltswitch\n>p2 move shadowball\n>p1 switch 4\n>p1 move protect\n>p2 switch 5\n>p1 switch 4\n>p2 move powerwhip\n>p1 switch 3\n>p1 move bugbuzz\n>p2 move rockslide\n>p1 switch 6\n>p1 move knockoff\n>p2 switch 4\n>p1 move closecombat\n>p2 move waterpulse\n>p1 move knockoff\n>p2 move waterpulse\n>p2 switch 3\n>p1 move closecombat\n>p2 move scald\n>p1 switch 2\n>p1 move hyperspacefury\n>p2 move protect\n>p1 move hyperspacefury\n>p2 move scald\n>p2 switch 5\n>p1 move hyperspacefury\n>p2 move destinybond\n>p2 switch 2\n>p1 switch 5\n>p2 move bodyslam\n>p1 move superpower\n>p2 switch 4\n>p1 move superpower\n>p2 switch 6\n>p1 switch 5\n>p2 switch 6\n>p1 move psychic\n>p2 move morningsun\n>p2 switch 6\n>p1 move psychic\n>p2 move energyball\n>p1 move psychic\n>p2 switch 4\n>p1 switch 4\n>p2 move bodyslam\n>p1 move crunch mega\n>p2 move milkdrink\n>p1 move crunch\n>p2 move bodyslam\n>p1 move crunch\n>p2 move milkdrink\n>p1 move crunch\n>p2 move milkdrink\n>p1 move crunch\n>p2 move milkdrink\n>p1 move crunch\n>p2 move milkdrink\n>p1 move crunch\n>p2 move bodyslam\n>p1 switch 5\n>p1 move superpower\n>p2 move milkdrink\n>p2 switch 4\n>p1 move superpower\n>p2 move morningsun\n>p1 switch 4\n>p2 move morningsun\n>p1 move trick\n>p2 move dazzlinggleam\n>p1 move hyperspacefury\n>p2 move dazzlinggleam\n>p1 switch 4\n>p1 move zenheadbutt\n>p2 move dazzlinggleam\n>p1 move zenheadbutt\n>p2 move dazzlinggleam", "uploadtime": 1768173133, "views": 257, "formatid": "gen6randombattle", "rating": 1607, "private": 0, "password": null}