{"id": "gen6randombattle-2516430811", "format": "[Gen 6] Random Battle", "players": ["moneylow", "Apocalyptic Sheep"], "log": "|j|☆moneylow\n|j|☆Apocalyptic Sheep\n|t:|1768140198\n|gametype|singles\n|player|p1|moneylow|102|1497\n|player|p2|Apocalyptic Sheep|101|1571\n|gen|6\n|tier|[Gen 6] Random Battle\n|rated|\n|rule|Sleep Clause Mod: Limit one foe put to sleep\n|rule|HP Percentage Mod: HP is shown in percentages\n|rule|Illusion Level Mod: Illusion disguises the Pokémon's true level\n|\n|t:|1768140198\n|teamsize|p1|6\n|teamsize|p2|6\n|start\n|switch|p1a: Abomasnow|Abomasnow, L82, F|282/282\n|switch|p2a: Sudowoodo|Sudowoodo, L94, M|284/284\n|-weather|Hail|[from] ability: Snow Warning|[of] p1a: Abomasnow\n|turn|1\n|inactive|Battle timer is ON: inactive players will automatically lose when time's up. (requested by moneylow)\n|c|☆Apocalyptic Sheep|glhf\n|c|☆moneylow|gg wp\n|inactive|Apocalyptic Sheep has 120 seconds left.\n|\n|t:|1768140233\n|switch|p2a: Mandibuzz|Mandibuzz, L84, F|322/322\n|detailschange|p1a: Abomasnow|Abomasnow-Mega, L82, F\n|-mega|p1a: Abomasnow|Abomasnow|Abomasite\n|move|p1a: Abomasnow|Wood Hammer|p2a: Mandibuzz\n|-resisted|p2a: Mandibuzz\n|-damage|p2a: Mandibuzz|255/322\n|-damage|p1a: Abomasnow|235/282|[from] item: Rocky Helmet|[of] p2a: Mandibuzz\n|-damage|p1a: Abomasnow|213/282|[from] Recoil\n|\n|-weather|Hail|[upkeep]\n|upkeep\n|turn|2\n|c|☆Apocalyptic Sheep|bit early for that lol\n|\n|t:|1768140246\n|move|p2a: Mandibuzz|Foul Play|p1a: Abomasnow\n|-damage|p1a: Abomasnow|98/282\n|move|p1a: Abomasnow|Blizzard|p2a: Mandibuzz\n|-supereffective|p2a: Mandibuzz\n|-damage|p2a: Mandibuzz|3/322\n|\n|-weather|Hail|[upkeep]\n|upkeep\n|turn|3\n|\n|t:|1768140260\n|switch|p1a: Gourgeist|Gourgeist-Large, L87, M|272/272\n|-item|p2a: Mandibuzz|Rocky Helmet|[from] ability: Frisk|[of] p1a: Gourgeist\n|move|p2a: Mandibuzz|Foul Play|p1a: Gourgeist\n|-supereffective|p1a: Gourgeist\n|-damage|p1a: Gourgeist|116/272\n|\n|-weather|Hail|[upkeep]\n|-damage|p1a: Gourgeist|99/272|[from] Hail\n|-heal|p1a: Gourgeist|116/272|[from] item: Leftovers\n|upkeep\n|turn|4\n|\n|t:|1768140270\n|move|p1a: Gourgeist|Shadow Sneak|p2a: Mandibuzz\n|-resisted|p2a: Mandibuzz\n|-damage|p2a: Mandibuzz|0 fnt\n|-damage|p1a: Gourgeist|71/272|[from] item: Rocky Helmet|[of] p2a: Mandibuzz\n|faint|p2a: Mandibuzz\n|\n|-weather|Hail|[upkeep]\n|-damage|p1a: Gourgeist|54/272|[from] Hail\n|-heal|p1a: Gourgeist|71/272|[from] item: Leftovers\n|upkeep\n|\n|t:|1768140288\n|switch|p2a: Victreebel|Victreebel, L90, M|290/290\n|turn|5\n|\n|t:|1768140291\n|move|p2a: Victreebel|Sunny Day|p2a: Victreebel\n|-weather|SunnyDay\n|move|p1a: Gourgeist|Will-O-Wisp|p2a: Victreebel\n|-status|p2a: Victreebel|brn\n|\n|-weather|SunnyDay|[upkeep]\n|-heal|p1a: Gourgeist|88/272|[from] item: Leftovers\n|-damage|p2a: Victreebel|254/290 brn|[from] brn\n|upkeep\n|turn|6\n|\n|t:|1768140300\n|switch|p1a: Abomasnow|Abomasnow-Mega, L82, F|98/282\n|-weather|Hail|[from] ability: Snow Warning|[of] p1a: Abomasnow\n|move|p2a: Victreebel|Weather Ball|p1a: Abomasnow\n|-damage|p1a: Abomasnow|0 fnt\n|faint|p1a: Abomasnow\n|detailschange|p1: Abomasnow|Abomasnow, L82, F|[silent]\n|-damage|p2a: Victreebel|225/290 brn|[from] item: Life Orb\n|\n|-weather|Hail|[upkeep]\n|-damage|p2a: Victreebel|207/290 brn|[from] Hail\n|-damage|p2a: Victreebel|171/290 brn|[from] brn\n|upkeep\n|\n|t:|1768140323\n|switch|p1a: Pangoro|Pangoro, L84, F|297/297\n|turn|7\n|\n|t:|1768140334\n|move|p2a: Victreebel|Sludge Bomb|p1a: Pangoro\n|-damage|p1a: Pangoro|137/297\n|-damage|p2a: Victreebel|142/290 brn|[from] item: Life Orb\n|move|p1a: Pangoro|Knock Off|p2a: Victreebel\n|-damage|p2a: Victreebel|0 fnt\n|-enditem|p2a: Victreebel|Life Orb|[from] move: Knock Off|[of] p1a: Pangoro\n|faint|p2a: Victreebel\n|\n|-weather|Hail|[upkeep]\n|-damage|p1a: Pangoro|119/297|[from] Hail\n|upkeep\n|\n|t:|1768140346\n|switch|p2a: Beautifly|Beautifly, L99, F|279/279\n|turn|8\n|\n|t:|1768140349\n|move|p2a: Beautifly|Air Cutter|p1a: Pangoro\n|-supereffective|p1a: Pangoro\n|-damage|p1a: Pangoro|0 fnt\n|faint|p1a: Pangoro\n|\n|-weather|Hail|[upkeep]\n|-damage|p2a: Beautifly|262/279|[from] Hail\n|-heal|p2a: Beautifly|279/279|[from] item: Leftovers\n|upkeep\n|\n|t:|1768140357\n|switch|p1a: Tornadus|Tornadus, L82, M|263/263\n|turn|9\n|\n|t:|1768140361\n|switch|p2a: Chansey|Chansey, L86, F|570/570\n|move|p1a: Tornadus|Bulk Up|p1a: Tornadus\n|-boost|p1a: Tornadus|atk|1\n|-boost|p1a: Tornadus|def|1\n|\n|-weather|Hail|[upkeep]\n|-damage|p1a: Tornadus|247/263|[from] Hail\n|-damage|p2a: Chansey|535/570|[from] Hail\n|upkeep\n|turn|10\n|\n|t:|1768140370\n|move|p1a: Tornadus|Taunt|p2a: Chansey\n|-start|p2a: Chansey|move: Taunt\n|cant|p2a: Chansey|move: Taunt|Toxic\n|\n|-weather|none\n|upkeep\n|turn|11\n|\n|t:|1768140378\n|switch|p2a: Beautifly|Beautifly, L99, F|279/279\n|move|p1a: Tornadus|Bulk Up|p1a: Tornadus\n|-boost|p1a: Tornadus|atk|1\n|-boost|p1a: Tornadus|def|1\n|\n|upkeep\n|turn|12\n|\n|t:|1768140385\n|move|p1a: Tornadus|Acrobatics|p2a: Beautifly\n|-supereffective|p2a: Beautifly\n|-damage|p2a: Beautifly|0 fnt\n|faint|p2a: Beautifly\n|\n|upkeep\n|\n|t:|1768140393\n|switch|p2a: Armaldo|Armaldo, L88, F|275/275\n|turn|13\n|\n|t:|1768140405\n|move|p1a: Tornadus|Bulk Up|p1a: Tornadus\n|-boost|p1a: Tornadus|atk|1\n|-boost|p1a: Tornadus|def|1\n|move|p2a: Armaldo|Toxic|p1a: Tornadus\n|-status|p1a: Tornadus|tox\n|\n|-damage|p1a: Tornadus|231/263 tox|[from] psn\n|upkeep\n|turn|14\n|\n|t:|1768140413\n|move|p1a: Tornadus|Acrobatics|p2a: Armaldo\n|-damage|p2a: Armaldo|0 fnt\n|faint|p2a: Armaldo\n|\n|-damage|p1a: Tornadus|199/263 tox|[from] psn\n|upkeep\n|c|☆moneylow|gg wp\n|l|☆Apocalyptic Sheep\n|inactive|Apocalyptic Sheep disconnected and has a minute to reconnect!\n|player|p2|\n|inactiveoff|Battle timer is now OFF.\n|j|☆Apocalyptic Sheep\n|player|p2|Apocalyptic Sheep|101|\n|c|☆Apocalyptic Sheep|bad connection sorry\n|\n|t:|1768140477\n|switch|p2a: Sudowoodo|Sudowoodo, L94, M|284/284\n|turn|15\n|\n|t:|1768140488\n|move|p2a: Sudowoodo|Sucker Punch|p1a: Tornadus\n|-damage|p1a: Tornadus|149/263 tox\n|move|p1a: Tornadus|Superpower|p2a: Sudowoodo\n|-supereffective|p2a: Sudowoodo\n|-damage|p2a: Sudowoodo|0 fnt\n|-unboost|p1a: Tornadus|atk|1\n|-unboost|p1a: Tornadus|def|1\n|faint|p2a: Sudowoodo\n|\n|-damage|p1a: Tornadus|101/263 tox|[from] psn\n|upkeep\n|c|☆Apocalyptic Sheep|gg\n|c|☆moneylow|wp\n|-message|Apocalyptic Sheep forfeited.\n|\n|win|moneylow\n|raw|moneylow's rating: 1513 &rarr; <strong>1536</strong><br />(+23 for winning)\n|raw|Apocalyptic Sheep's rating: 1571 &rarr; <strong>1548</strong><br />(-23 for losing)\n|l|☆Apocalyptic Sheep\n|player|p2|\n", "inputlog": ">version f2883557ca71b1a14bc1039fd307aee7de4ab455\n>start {\"formatid\":\"gen6randombattle\",\"seed\":\"sodium,b295de7e71a0f88b7cc2dcf4818b845f\",\"rated\":\"Rated battle\"}\n>player p1 {\"name\":\"moneylow\",\"avatar\":\"102\",\"rating\":1497,\"seed\":\"sodium,57dfc6b368e55b286016eb09265ec0ed\"}\n>player p2 {\"name\":\"Apocalyptic Sheep\",\"avatar\":\"101\",\"rating\":1571,\"seed\":\"sodium,c8f4da6be1c09a3a084f5cf355f28aad\"}\n>chat ☆Apocalyptic Sheep|glhf\n>chat ☆moneylow|gg wp\n>p1 move woodhammer mega\n>p2 switch 6\n>chat ☆Apocalyptic Sheep|bit early for that lol\n>p1 move blizzard\n>p2 move foulplay\n>p1 switch 5\n>p2 move foulplay\n>p1 move shadowsneak\n>p2 move foulplay\n>p2 switch 3\n>p1 move willowisp\n>p2 move sunnyday\n>p1 switch 5\n>p2 move weatherball\n>p1 switch 3\n>p1 move knockoff\n>p2 move sludgebomb\n>p2 switch 2\n>p1 move knockoff\n>p2 move aircutter\n>p1 switch 6\n>p1 move bulkup\n>p2 switch 5\n>p1 move taunt\n>p2 move toxic\n>p1 move bulkup\n>p2 switch 5\n>p1 move acrobatics\n>p2 move quiverdance\n>p2 switch 4\n>p1 move bulkup\n>p2 move toxic\n>p1 move acrobatics\n>p2 move stoneedge\n>chat ☆moneylow|gg wp\n>chat ☆Apocalyptic Sheep|bad connection sorry\n>p2 switch 6\n>p1 move superpower\n>p2 move suckerpunch\n>chat ☆Apocalyptic Sheep|gg\n>chat ☆moneylow|wp\n>forcelose p2", "uploadtime": 1768140506, "views": 252, "formatid": "gen6randombattle", "rating": 1536, "private": 0, "password": null}