{"id": "gen6randombattle-2522572558", "format": "[Gen 6] Random Battle", "players": ["arboretums", "Magomagic"], "log": "|j|☆arboretums\n|j|☆Magomagic\n|t:|1768924152\n|gametype|singles\n|player|p1|arboretums|serena-masters2|1581\n|player|p2|Magomagic|clown|1553\n|gen|6\n|tier|[Gen 6] Random Battle\n|rated|\n|rule|Sleep Clause Mod: Limit one foe put to sleep\n|rule|HP Percentage Mod: HP is shown in percentages\n|rule|Illusion Level Mod: Illusion disguises the Pokémon's true level\n|\n|t:|1768924152\n|teamsize|p1|6\n|teamsize|p2|6\n|start\n|switch|p1a: Goodra|Goodra, L85, F|292/292\n|switch|p2a: Haxorus|Haxorus, L77, M|244/244\n|-ability|p2a: Haxorus|Mold Breaker\n|turn|1\n|inactive|Battle timer is ON: inactive players will automatically lose when time's up. (requested by Magomagic)\n|\n|t:|1768924161\n|switch|p1a: Wigglytuff|Wigglytuff, L93, F|411/411\n|move|p2a: Haxorus|Outrage|p1a: Wigglytuff\n|-immune|p1a: Wigglytuff\n|\n|upkeep\n|turn|2\n|\n|t:|1768924172\n|switch|p2a: Furret|Furret, L93, M|309/309\n|-item|p1a: Wigglytuff|Leftovers|[from] ability: Frisk|[of] p2a: Furret\n|move|p1a: Wigglytuff|Knock Off|p2a: Furret\n|-damage|p2a: Furret|229/309\n|-enditem|p2a: Furret|Choice Band|[from] move: Knock Off|[of] p1a: Wigglytuff\n|\n|upkeep\n|turn|3\n|\n|t:|1768924196\n|move|p2a: Furret|Double-Edge|p1a: Wigglytuff\n|-damage|p1a: Wigglytuff|233/411\n|-damage|p2a: Furret|170/309|[from] Recoil\n|move|p1a: Wigglytuff|Dazzling Gleam|p2a: Furret\n|-damage|p2a: Furret|41/309\n|\n|-heal|p1a: Wigglytuff|258/411|[from] item: Leftovers\n|upkeep\n|turn|4\n|\n|t:|1768924205\n|move|p2a: Furret|Double-Edge|p1a: Wigglytuff\n|-damage|p1a: Wigglytuff|57/411\n|-damage|p2a: Furret|0 fnt|[from] Recoil\n|faint|p2a: Furret\n|move|p1a: Wigglytuff|Wish|p1a: Wigglytuff\n|\n|-heal|p1a: Wigglytuff|82/411|[from] item: Leftovers\n|upkeep\n|\n|t:|1768924209\n|switch|p2a: Haxorus|Haxorus, L77, M|244/244\n|-ability|p2a: Haxorus|Mold Breaker\n|turn|5\n|\n|t:|1768924213\n|move|p1a: Wigglytuff|Protect|p1a: Wigglytuff\n|-singleturn|p1a: Wigglytuff|Protect\n|move|p2a: Haxorus|Poison Jab|p1a: Wigglytuff\n|-activate|p1a: Wigglytuff|move: Protect\n|\n|-heal|p1a: Wigglytuff|287/411|[from] move: Wish|[wisher] Wigglytuff\n|-heal|p1a: Wigglytuff|312/411|[from] item: Leftovers\n|upkeep\n|turn|6\n|\n|t:|1768924219\n|move|p2a: Haxorus|Dragon Dance|p2a: Haxorus\n|-boost|p2a: Haxorus|atk|1\n|-boost|p2a: Haxorus|spe|1\n|move|p1a: Wigglytuff|Dazzling Gleam|p2a: Haxorus\n|-supereffective|p2a: Haxorus\n|-damage|p2a: Haxorus|4/244\n|\n|-heal|p1a: Wigglytuff|337/411|[from] item: Leftovers\n|upkeep\n|turn|7\n|\n|t:|1768924242\n|move|p2a: Haxorus|Poison Jab|p1a: Wigglytuff\n|-supereffective|p1a: Wigglytuff\n|-damage|p1a: Wigglytuff|59/411\n|-status|p1a: Wigglytuff|psn\n|move|p1a: Wigglytuff|Knock Off|p2a: Haxorus\n|-damage|p2a: Haxorus|0 fnt\n|-enditem|p2a: Haxorus|Lum Berry|[from] move: Knock Off|[of] p1a: Wigglytuff\n|faint|p2a: Haxorus\n|\n|-heal|p1a: Wigglytuff|84/411 psn|[from] item: Leftovers\n|-damage|p1a: Wigglytuff|33/411 psn|[from] psn\n|upkeep\n|-message|Magomagic forfeited.\n|\n|win|arboretums\n|raw|arboretums's rating: 1581 &rarr; <strong>1599</strong><br />(+18 for winning)\n|raw|Magomagic's rating: 1553 &rarr; <strong>1535</strong><br />(-18 for losing)\n|l|☆Magomagic\n|player|p2|\n", "inputlog": ">version 3bd1a1e329da8d286644078cfc9a9638fc7ea025\n>start {\"formatid\":\"gen6randombattle\",\"seed\":\"sodium,6ce7ae03a4d439be1379b96becb1bfc1\",\"rated\":\"Rated battle\"}\n>player p1 {\"name\":\"arboretums\",\"avatar\":\"serena-masters2\",\"rating\":1581,\"seed\":\"sodium,ce491d45ca0ffe08e2fbf047f6feefb9\"}\n>player p2 {\"name\":\"Magomagic\",\"avatar\":\"clown\",\"rating\":1553,\"seed\":\"sodium,64d98233be6fefe0b9f5b3671a2da8d9\"}\n>p1 switch 6\n>p2 move outrage\n>p1 move knockoff\n>p2 switch 2\n>p1 move dazzlinggleam\n>p2 move doubleedge\n>p1 move wish\n>p2 move doubleedge\n>p2 switch 2\n>p1 move protect\n>p2 move poisonjab\n>p1 move dazzlinggleam\n>p2 move dragondance\n>p1 move knockoff\n>p2 move poisonjab\n>forcelose p2", "uploadtime": 1768924251, "views": 301, "formatid": "gen6randombattle", "rating": 1535, "private": 0, "password": null}