{"id": "gen6randombattle-2518674438", "format": "[Gen 6] Random Battle", "players": ["The Goldfoot", "sparksblade"], "log": "|j|☆The Goldfoot\n|j|☆sparksblade\n|t:|1768415289\n|gametype|singles\n|player|p1|The Goldfoot|blaine|1639\n|player|p2|sparksblade|ruinmaniac|1666\n|gen|6\n|tier|[Gen 6] Random Battle\n|rated|\n|rule|Sleep Clause Mod: Limit one foe put to sleep\n|rule|HP Percentage Mod: HP is shown in percentages\n|rule|Illusion Level Mod: Illusion disguises the Pokémon's true level\n|\n|t:|1768415290\n|teamsize|p1|6\n|teamsize|p2|6\n|start\n|switch|p1a: Hitmonlee|Hitmonlee, L86, M|225/225\n|switch|p2a: Uxie|Uxie, L81|254/254\n|turn|1\n|\n|t:|1768415307\n|move|p2a: Uxie|Stealth Rock|p1a: Hitmonlee\n|-sidestart|p1: The Goldfoot|move: Stealth Rock\n|move|p1a: Hitmonlee|Knock Off|p2a: Uxie\n|-supereffective|p2a: Uxie\n|-damage|p2a: Uxie|128/254\n|-enditem|p2a: Uxie|Leftovers|[from] move: Knock Off|[of] p1a: Hitmonlee\n|\n|upkeep\n|turn|2\n|\n|t:|1768415320\n|move|p2a: Uxie|Psychic|p1a: Hitmonlee\n|-supereffective|p1a: Hitmonlee\n|-damage|p1a: Hitmonlee|145/225\n|move|p1a: Hitmonlee|Knock Off|p2a: Uxie\n|-supereffective|p2a: Uxie\n|-damage|p2a: Uxie|32/254\n|\n|upkeep\n|turn|3\n|\n|t:|1768415328\n|switch|p2a: Unfezant|Unfezant, L87, F|281/281\n|move|p1a: Hitmonlee|Rapid Spin|p2a: Unfezant\n|-damage|p2a: Unfezant|261/281\n|-sideend|p1: The Goldfoot|Stealth Rock|[from] move: Rapid Spin|[of] p1a: Hitmonlee\n|\n|upkeep\n|turn|4\n|\n|t:|1768415334\n|switch|p1a: Cradily|Cradily, L89, M|298/298\n|move|p2a: Unfezant|Pluck|p1a: Cradily\n|-crit|p1a: Cradily\n|-damage|p1a: Cradily|186/298\n|\n|-heal|p1a: Cradily|204/298|[from] item: Leftovers\n|upkeep\n|turn|5\n|\n|t:|1768415343\n|switch|p2a: Uxie|Uxie, L81|32/254\n|move|p1a: Cradily|Stone Edge|p2a: Uxie|[miss]\n|-miss|p1a: Cradily|p2a: Uxie\n|\n|-heal|p1a: Cradily|222/298|[from] item: Leftovers\n|upkeep\n|turn|6\n|\n|t:|1768415349\n|move|p2a: Uxie|Stealth Rock|p1a: Cradily\n|-sidestart|p1: The Goldfoot|move: Stealth Rock\n|move|p1a: Cradily|Curse|p1a: Cradily\n|-unboost|p1a: Cradily|spe|1\n|-boost|p1a: Cradily|atk|1\n|-boost|p1a: Cradily|def|1\n|\n|-heal|p1a: Cradily|240/298|[from] item: Leftovers\n|upkeep\n|turn|7\n|\n|t:|1768415364\n|switch|p2a: Breloom|Breloom, L82, M|233/233\n|move|p1a: Cradily|Seed Bomb|p2a: Breloom\n|-resisted|p2a: Breloom\n|-damage|p2a: Breloom|162/233\n|\n|-heal|p1a: Cradily|258/298|[from] item: Leftovers\n|upkeep\n|turn|8\n|\n|t:|1768415368\n|move|p2a: Breloom|Swords Dance|p2a: Breloom\n|-boost|p2a: Breloom|atk|2\n|move|p1a: Cradily|Stone Edge|p2a: Breloom\n|-resisted|p2a: Breloom\n|-damage|p2a: Breloom|70/233\n|\n|-heal|p1a: Cradily|276/298|[from] item: Leftovers\n|upkeep\n|turn|9\n|\n|t:|1768415390\n|move|p2a: Breloom|Mach Punch|p1a: Cradily\n|-supereffective|p1a: Cradily\n|-damage|p1a: Cradily|39/298\n|-damage|p2a: Breloom|47/233|[from] item: Life Orb\n|move|p1a: Cradily|Stone Edge|p2a: Breloom\n|-resisted|p2a: Breloom\n|-damage|p2a: Breloom|0 fnt\n|faint|p2a: Breloom\n|\n|-heal|p1a: Cradily|57/298|[from] item: Leftovers\n|upkeep\n|\n|t:|1768415407\n|switch|p2a: Gorebyss|Gorebyss, L83, F|226/226\n|turn|10\n|\n|t:|1768415411\n|move|p2a: Gorebyss|Ice Beam|p1a: Cradily\n|-supereffective|p1a: Cradily\n|-damage|p1a: Cradily|0 fnt\n|faint|p1a: Cradily\n|\n|upkeep\n|\n|t:|1768415420\n|switch|p1a: Golurk|Golurk, L83|283/283\n|-damage|p1a: Golurk|266/283|[from] Stealth Rock\n|turn|11\n|\n|t:|1768415425\n|switch|p2a: Uxie|Uxie, L81|32/254\n|move|p1a: Golurk|Dynamic Punch|p2a: Uxie\n|-resisted|p2a: Uxie\n|-damage|p2a: Uxie|0 fnt\n|faint|p2a: Uxie\n|-damage|p1a: Golurk|238/283|[from] item: Life Orb\n|\n|upkeep\n|\n|t:|1768415432\n|switch|p2a: Starmie|Starmie, L82|233/233\n|turn|12\n|\n|t:|1768415437\n|switch|p1a: Hitmonlee|Hitmonlee, L86, M|145/225\n|-damage|p1a: Hitmonlee|131/225|[from] Stealth Rock\n|move|p2a: Starmie|Scald|p1a: Hitmonlee\n|-damage|p1a: Hitmonlee|88/225\n|\n|upkeep\n|turn|13\n|\n|t:|1768415449\n|move|p2a: Starmie|Scald|p1a: Hitmonlee\n|-damage|p1a: Hitmonlee|43/225\n|-status|p1a: Hitmonlee|brn\n|move|p1a: Hitmonlee|Rapid Spin|p2a: Starmie\n|-damage|p2a: Starmie|224/233\n|-sideend|p1: The Goldfoot|Stealth Rock|[from] move: Rapid Spin|[of] p1a: Hitmonlee\n|\n|-heal|p2a: Starmie|233/233|[from] item: Leftovers\n|-damage|p1a: Hitmonlee|15/225 brn|[from] brn\n|upkeep\n|turn|14\n|\n|t:|1768415455\n|move|p2a: Starmie|Scald|p1a: Hitmonlee\n|-damage|p1a: Hitmonlee|0 fnt\n|faint|p1a: Hitmonlee\n|\n|upkeep\n|\n|t:|1768415462\n|switch|p1a: Mewtwo|Mewtwo, L69|261/261\n|-ability|p1a: Mewtwo|Unnerve\n|turn|15\n|\n|t:|1768415489\n|switch|p2a: Unfezant|Unfezant, L87, F|261/281\n|detailschange|p1a: Mewtwo|Mewtwo-Mega-X, L69\n|-mega|p1a: Mewtwo|Mewtwo|Mewtwonite X\n|move|p1a: Mewtwo|Bulk Up|p1a: Mewtwo\n|-boost|p1a: Mewtwo|atk|1\n|-boost|p1a: Mewtwo|def|1\n|\n|upkeep\n|turn|16\n|\n|t:|1768415508\n|move|p1a: Mewtwo|Stone Edge|p2a: Unfezant\n|-supereffective|p2a: Unfezant\n|-damage|p2a: Unfezant|19/281\n|move|p2a: Unfezant|Pluck|p1a: Mewtwo\n|-supereffective|p1a: Mewtwo\n|-crit|p1a: Mewtwo\n|-damage|p1a: Mewtwo|0 fnt\n|faint|p1a: Mewtwo\n|detailschange|p1: Mewtwo|Mewtwo, L69|[silent]\n|\n|upkeep\n|\n|t:|1768415526\n|switch|p1a: Marowak|Marowak, L88, F|249/249\n|turn|17\n|\n|t:|1768415547\n|move|p2a: Unfezant|Return|p1a: Marowak\n|-crit|p1a: Marowak\n|-damage|p1a: Marowak|87/249\n|move|p1a: Marowak|Knock Off|p2a: Unfezant\n|-damage|p2a: Unfezant|0 fnt\n|-enditem|p2a: Unfezant|Scope Lens|[from] move: Knock Off|[of] p1a: Marowak\n|faint|p2a: Unfezant\n|\n|upkeep\n|\n|t:|1768415552\n|switch|p2a: Starmie|Starmie, L82|233/233\n|turn|18\n|\n|t:|1768415555\n|move|p2a: Starmie|Scald|p1a: Marowak\n|-supereffective|p1a: Marowak\n|-damage|p1a: Marowak|0 fnt\n|faint|p1a: Marowak\n|\n|upkeep\n|\n|t:|1768415557\n|switch|p1a: Simisear|Simisear, L88, F|275/275\n|turn|19\n|\n|t:|1768415570\n|move|p2a: Starmie|Scald|p1a: Simisear\n|-supereffective|p1a: Simisear\n|-damage|p1a: Simisear|65/275\n|move|p1a: Simisear|Fire Blast|p2a: Starmie\n|-resisted|p2a: Starmie\n|-damage|p2a: Starmie|127/233\n|\n|-heal|p2a: Starmie|141/233|[from] item: Leftovers\n|-heal|p1a: Simisear|82/275|[from] item: Leftovers\n|upkeep\n|turn|20\n|\n|t:|1768415574\n|move|p2a: Starmie|Scald|p1a: Simisear\n|-supereffective|p1a: Simisear\n|-damage|p1a: Simisear|0 fnt\n|faint|p1a: Simisear\n|\n|-heal|p2a: Starmie|155/233|[from] item: Leftovers\n|upkeep\n|\n|t:|1768415580\n|switch|p1a: Golurk|Golurk, L83|238/283\n|turn|21\n|\n|t:|1768415581\n|move|p2a: Starmie|Scald|p1a: Golurk\n|-supereffective|p1a: Golurk\n|-crit|p1a: Golurk\n|-damage|p1a: Golurk|0 fnt\n|faint|p1a: Golurk\n|\n|win|sparksblade\n|raw|The Goldfoot's rating: 1639 &rarr; <strong>1621</strong><br />(-18 for losing)\n|raw|sparksblade's rating: 1666 &rarr; <strong>1684</strong><br />(+18 for winning)\n|c|☆sparksblade|sorry this was too lucky\n|c|☆The Goldfoot|gg\n|l|☆The Goldfoot\n|player|p1|\n", "inputlog": ">version f2883557ca71b1a14bc1039fd307aee7de4ab455\n>start {\"formatid\":\"gen6randombattle\",\"seed\":\"sodium,44ec9b137cc937418f953fd3527219e9\",\"rated\":\"Rated battle\"}\n>player p1 {\"name\":\"The Goldfoot\",\"avatar\":\"blaine\",\"rating\":1639,\"seed\":\"sodium,5a640aeb572553a8d7668fa7f4ddd261\"}\n>player p2 {\"name\":\"sparksblade\",\"avatar\":\"ruinmaniac\",\"rating\":1666,\"seed\":\"sodium,1d8c960bad16a6d51876c8bd1b2e66c1\"}\n>p1 move knockoff\n>p2 move stealthrock\n>p1 move knockoff\n>p2 move psychic\n>p1 move rapidspin\n>p2 switch 4\n>p1 switch 3\n>p2 move pluck\n>p1 move stoneedge\n>p2 switch 4\n>p1 move curse\n>p2 move stealthrock\n>p1 move seedbomb\n>p2 switch 3\n>p1 move stoneedge\n>p2 move swordsdance\n>p1 move stoneedge\n>p2 move machpunch\n>p2 switch 2\n>p1 move seedbomb\n>p2 move icebeam\n>p1 switch 5\n>p1 move dynamicpunch\n>p2 switch 3\n>p2 switch 6\n>p1 switch 3\n>p2 move scald\n>p1 move rapidspin\n>p2 move scald\n>p1 move knockoff\n>p2 move scald\n>p1 switch 6\n>p1 move bulkup mega\n>p2 switch 4\n>p1 move stoneedge\n>p2 move pluck\n>p1 switch 4\n>p1 move knockoff\n>p2 move return\n>p2 switch 4\n>p1 move knockoff\n>p2 move scald\n>p1 switch 2\n>p1 move fireblast\n>p2 move scald\n>p1 move fireblast\n>p2 move scald\n>p1 switch 3\n>p1 move dynamicpunch\n>p2 move scald", "uploadtime": 1768415601, "views": 253, "formatid": "gen6randombattle", "rating": 1621, "private": 0, "password": null}