{"id": "gen6randombattle-2520920434", "format": "[Gen 6] Random Battle", "players": ["Tulip571", "arboretums"], "log": "|j|‽Tulip571\n|j|☆arboretums\n|t:|1768699111\n|gametype|singles\n|player|p1|Tulip571|101|1582\n|player|p2|arboretums|serena-masters2|1674\n|gen|6\n|tier|[Gen 6] Random Battle\n|rated|\n|rule|Sleep Clause Mod: Limit one foe put to sleep\n|rule|HP Percentage Mod: HP is shown in percentages\n|rule|Illusion Level Mod: Illusion disguises the Pokémon's true level\n|\n|t:|1768699111\n|teamsize|p1|6\n|teamsize|p2|6\n|start\n|switch|p1a: Wormadam|Wormadam-Trash, L88, F|249/249\n|switch|p2a: Lopunny|Lopunny, L76, F|223/223\n|turn|1\n|inactive|Battle timer is ON: inactive players will automatically lose when time's up. (requested by Tulip571)\n|inactive|arboretums has 120 seconds left.\n|\n|t:|1768699145\n|switch|p2a: Gligar|Gligar, L82, M|241/241\n|move|p1a: Wormadam|Flash Cannon|p2a: Gligar\n|-damage|p2a: Gligar|172/241\n|\n|upkeep\n|turn|2\n|\n|t:|1768699154\n|move|p2a: Gligar|Knock Off|p1a: Wormadam\n|-damage|p1a: Wormadam|198/249\n|-enditem|p1a: Wormadam|Leftovers|[from] move: Knock Off|[of] p2a: Gligar\n|move|p1a: Wormadam|Infestation|p2a: Gligar\n|-resisted|p2a: Gligar\n|-damage|p2a: Gligar|164/241\n|-activate|p2a: Gligar|move: Infestation|[of] p1a: Wormadam\n|\n|-damage|p2a: Gligar|134/241|[from] move: Infestation|[partiallytrapped]\n|upkeep\n|turn|3\n|\n|t:|1768699161\n|switch|p1a: Jynx|Jynx, L86, F|252/252\n|move|p2a: Gligar|Earthquake|p1a: Jynx\n|-damage|p1a: Jynx|102/252\n|\n|-end|p2a: Gligar|Infestation|[partiallytrapped]|[silent]\n|upkeep\n|turn|4\n|\n|t:|1768699176\n|switch|p2a: Chansey|Chansey, L86, F|570/570\n|move|p1a: Jynx|Ice Beam|p2a: Chansey\n|-damage|p2a: Chansey|480/570\n|-damage|p1a: Jynx|77/252|[from] item: Life Orb\n|\n|upkeep\n|turn|5\n|\n|t:|1768699183\n|move|p1a: Jynx|Psyshock|p2a: Chansey\n|-damage|p2a: Chansey|188/570\n|-damage|p1a: Jynx|52/252|[from] item: Life Orb\n|move|p2a: Chansey|Thunder Wave|p1a: Jynx\n|-status|p1a: Jynx|par\n|\n|upkeep\n|turn|6\n|\n|t:|1768699188\n|move|p2a: Chansey|Soft-Boiled|p2a: Chansey\n|-heal|p2a: Chansey|473/570\n|move|p1a: Jynx|Psyshock|p2a: Chansey\n|-damage|p2a: Chansey|188/570\n|-damage|p1a: Jynx|27/252 par|[from] item: Life Orb\n|\n|upkeep\n|turn|7\n|\n|t:|1768699195\n|switch|p1a: Wormadam|Wormadam-Trash, L88, F|198/249\n|move|p2a: Chansey|Soft-Boiled|p2a: Chansey\n|-heal|p2a: Chansey|473/570\n|\n|upkeep\n|turn|8\n|\n|t:|1768699201\n|switch|p2a: Gligar|Gligar, L82, M|134/241\n|move|p1a: Wormadam|Infestation|p2a: Gligar\n|-resisted|p2a: Gligar\n|-damage|p2a: Gligar|126/241\n|-activate|p2a: Gligar|move: Infestation|[of] p1a: Wormadam\n|\n|-damage|p2a: Gligar|96/241|[from] move: Infestation|[partiallytrapped]\n|upkeep\n|turn|9\n|\n|t:|1768699206\n|switch|p1a: Avalugg|Avalugg, L90, M|317/317\n|move|p2a: Gligar|Roost|p2a: Gligar\n|-heal|p2a: Gligar|217/241\n|-singleturn|p2a: Gligar|move: Roost\n|\n|-end|p2a: Gligar|Infestation|[partiallytrapped]|[silent]\n|upkeep\n|turn|10\n|\n|t:|1768699213\n|move|p2a: Gligar|Toxic|p1a: Avalugg\n|-status|p1a: Avalugg|tox\n|move|p1a: Avalugg|Avalanche|p2a: Gligar\n|-supereffective|p2a: Gligar\n|-damage|p2a: Gligar|13/241\n|\n|-damage|p1a: Avalugg|298/317 tox|[from] psn\n|upkeep\n|turn|11\n|\n|t:|1768699217\n|move|p2a: Gligar|Roost|p2a: Gligar\n|-heal|p2a: Gligar|134/241\n|-singleturn|p2a: Gligar|move: Roost\n|move|p1a: Avalugg|Avalanche|p2a: Gligar\n|-supereffective|p2a: Gligar\n|-damage|p2a: Gligar|24/241\n|\n|-heal|p1a: Avalugg|317/317 tox|[from] item: Leftovers\n|-damage|p1a: Avalugg|279/317 tox|[from] psn\n|upkeep\n|turn|12\n|\n|t:|1768699219\n|move|p2a: Gligar|Roost|p2a: Gligar\n|-heal|p2a: Gligar|145/241\n|-singleturn|p2a: Gligar|move: Roost\n|move|p1a: Avalugg|Avalanche|p2a: Gligar\n|-supereffective|p2a: Gligar\n|-damage|p2a: Gligar|35/241\n|\n|-heal|p1a: Avalugg|298/317 tox|[from] item: Leftovers\n|-damage|p1a: Avalugg|241/317 tox|[from] psn\n|upkeep\n|turn|13\n|\n|t:|1768699225\n|switch|p1a: Wormadam|Wormadam-Trash, L88, F|198/249\n|move|p2a: Gligar|Roost|p2a: Gligar\n|-heal|p2a: Gligar|156/241\n|-singleturn|p2a: Gligar|move: Roost\n|\n|upkeep\n|turn|14\n|\n|t:|1768699231\n|move|p2a: Gligar|Earthquake|p1a: Wormadam\n|-damage|p1a: Wormadam|128/249\n|move|p1a: Wormadam|Infestation|p2a: Gligar\n|-resisted|p2a: Gligar\n|-damage|p2a: Gligar|148/241\n|-activate|p2a: Gligar|move: Infestation|[of] p1a: Wormadam\n|\n|-damage|p2a: Gligar|118/241|[from] move: Infestation|[partiallytrapped]\n|upkeep\n|turn|15\n|\n|t:|1768699237\n|switch|p1a: Eelektross|Eelektross, L85, F|283/283\n|move|p2a: Gligar|Earthquake|p1a: Eelektross\n|-immune|p1a: Eelektross|[from] ability: Levitate\n|\n|-end|p2a: Gligar|Infestation|[partiallytrapped]|[silent]\n|upkeep\n|turn|16\n|\n|t:|1768699250\n|switch|p2a: Chansey|Chansey, L86, F|473/570\n|move|p1a: Eelektross|Hidden Power|p2a: Chansey\n|-damage|p2a: Chansey|446/570\n|\n|upkeep\n|turn|17\n|\n|t:|1768699254\n|move|p2a: Chansey|Seismic Toss|p1a: Eelektross\n|-damage|p1a: Eelektross|197/283\n|move|p1a: Eelektross|Superpower|p2a: Chansey\n|-supereffective|p2a: Chansey\n|-damage|p2a: Chansey|0 fnt\n|-unboost|p1a: Eelektross|atk|1\n|-unboost|p1a: Eelektross|def|1\n|faint|p2a: Chansey\n|\n|upkeep\n|\n|t:|1768699275\n|switch|p2a: Lopunny|Lopunny, L76, F|223/223\n|turn|18\n|\n|t:|1768699281\n|switch|p1a: Wormadam|Wormadam-Trash, L88, F|128/249\n|detailschange|p2a: Lopunny|Lopunny-Mega, L76, F\n|-mega|p2a: Lopunny|Lopunny|Lopunnite\n|move|p2a: Lopunny|Fake Out|p1a: Wormadam\n|-resisted|p1a: Wormadam\n|-damage|p1a: Wormadam|109/249\n|\n|upkeep\n|turn|19\n|\n|t:|1768699290\n|move|p1a: Wormadam|Protect|p1a: Wormadam\n|-singleturn|p1a: Wormadam|Protect\n|move|p2a: Lopunny|High Jump Kick|p1a: Wormadam\n|-activate|p1a: Wormadam|move: Protect\n|-damage|p2a: Lopunny|112/223|[from] highjumpkick\n|\n|upkeep\n|turn|20\n|\n|t:|1768699295\n|move|p2a: Lopunny|High Jump Kick|p1a: Wormadam\n|-damage|p1a: Wormadam|0 fnt\n|faint|p1a: Wormadam\n|\n|upkeep\n|\n|t:|1768699303\n|switch|p1a: Gliscor|Gliscor, L77, F|242/242\n|turn|21\n|\n|t:|1768699317\n|switch|p2a: Gligar|Gligar, L82, M|118/241\n|move|p1a: Gliscor|Stealth Rock|p2a: Gligar\n|-sidestart|p2: arboretums|move: Stealth Rock\n|\n|-status|p1a: Gliscor|tox|[from] item: Toxic Orb\n|upkeep\n|turn|22\n|\n|t:|1768699323\n|switch|p1a: Eelektross|Eelektross, L85, F|197/283\n|move|p2a: Gligar|Roost|p2a: Gligar\n|-heal|p2a: Gligar|239/241\n|-singleturn|p2a: Gligar|move: Roost\n|\n|upkeep\n|turn|23\n|\n|t:|1768699341\n|switch|p1a: Gliscor|Gliscor, L77, F|242/242 tox\n|move|p2a: Gligar|Toxic|p1a: Gliscor\n|-fail|p1a: Gliscor|tox\n|\n|upkeep\n|turn|24\n|\n|t:|1768699350\n|move|p1a: Gliscor|Stealth Rock||[still]\n|-fail|p1a: Gliscor\n|move|p2a: Gligar|Knock Off|p1a: Gliscor\n|-damage|p1a: Gliscor|200/242 tox\n|-enditem|p1a: Gliscor|Toxic Orb|[from] move: Knock Off|[of] p2a: Gligar\n|\n|-heal|p1a: Gliscor|230/242 tox|[from] ability: Poison Heal\n|upkeep\n|turn|25\n|\n|t:|1768699361\n|switch|p2a: Swanna|Swanna, L85, F|266/266\n|-damage|p2a: Swanna|200/266|[from] Stealth Rock\n|move|p1a: Gliscor|Earthquake|p2a: Swanna\n|-immune|p2a: Swanna\n|\n|-heal|p2a: Swanna|216/266|[from] item: Leftovers\n|-heal|p1a: Gliscor|242/242 tox|[from] ability: Poison Heal\n|upkeep\n|turn|26\n|\n|t:|1768699365\n|switch|p1a: Jynx|Jynx, L86, F|27/252 par\n|move|p2a: Swanna|Scald|p1a: Jynx\n|-heal|p1a: Jynx|90/252 par|[from] ability: Dry Skin|[of] p2a: Swanna\n|\n|-heal|p2a: Swanna|232/266|[from] item: Leftovers\n|upkeep\n|turn|27\n|\n|t:|1768699371\n|move|p2a: Swanna|Brave Bird|p1a: Jynx\n|-damage|p1a: Jynx|0 fnt\n|faint|p1a: Jynx\n|-damage|p2a: Swanna|202/266|[from] Recoil\n|\n|-heal|p2a: Swanna|218/266|[from] item: Leftovers\n|upkeep\n|\n|t:|1768699375\n|switch|p1a: Pachirisu|Pachirisu, L95, M|268/268\n|turn|28\n|\n|t:|1768699380\n|switch|p2a: Dugtrio|Dugtrio, L86, M|200/200\n|-damage|p2a: Dugtrio|188/200|[from] Stealth Rock\n|move|p1a: Pachirisu|U-turn|p2a: Dugtrio\n|-damage|p2a: Dugtrio|137/200\n|\n|t:|1768699390\n|switch|p1a: Avalugg|Avalugg, L90, M|241/317 tox|[from] U-turn\n|\n|-heal|p1a: Avalugg|260/317 tox|[from] item: Leftovers\n|-damage|p1a: Avalugg|241/317 tox|[from] psn\n|upkeep\n|turn|29\n|\n|t:|1768699395\n|switch|p2a: Regice|Regice, L87|281/281\n|-damage|p2a: Regice|211/281|[from] Stealth Rock\n|move|p1a: Avalugg|Avalanche|p2a: Regice\n|-resisted|p2a: Regice\n|-damage|p2a: Regice|173/281\n|\n|-heal|p2a: Regice|190/281|[from] item: Leftovers\n|-heal|p1a: Avalugg|260/317 tox|[from] item: Leftovers\n|-damage|p1a: Avalugg|222/317 tox|[from] psn\n|upkeep\n|turn|30\n|\n|t:|1768699406\n|switch|p1a: Pachirisu|Pachirisu, L95, M|268/268\n|move|p2a: Regice|Thunderbolt|p1a: Pachirisu\n|-immune|p1a: Pachirisu|[from] ability: Volt Absorb\n|\n|-heal|p2a: Regice|207/281|[from] item: Leftovers\n|upkeep\n|turn|31\n|\n|t:|1768699410\n|move|p1a: Pachirisu|Super Fang|p2a: Regice\n|-damage|p2a: Regice|104/281\n|move|p2a: Regice|Ice Beam|p1a: Pachirisu\n|-damage|p1a: Pachirisu|183/268\n|\n|-heal|p1a: Pachirisu|199/268|[from] item: Leftovers\n|-heal|p2a: Regice|121/281|[from] item: Leftovers\n|upkeep\n|turn|32\n|\n|t:|1768699413\n|move|p1a: Pachirisu|U-turn|p2a: Regice\n|-damage|p2a: Regice|87/281\n|\n|t:|1768699416\n|switch|p1a: Eelektross|Eelektross, L85, F|197/283|[from] U-turn\n|move|p2a: Regice|Ice Beam|p1a: Eelektross\n|-damage|p1a: Eelektross|119/283\n|\n|-heal|p2a: Regice|104/281|[from] item: Leftovers\n|upkeep\n|turn|33\n|\n|t:|1768699424\n|switch|p2a: Gligar|Gligar, L82, M|239/241\n|-damage|p2a: Gligar|209/241|[from] Stealth Rock\n|move|p1a: Eelektross|Superpower|p2a: Gligar\n|-resisted|p2a: Gligar\n|-damage|p2a: Gligar|181/241\n|-unboost|p1a: Eelektross|atk|1\n|-unboost|p1a: Eelektross|def|1\n|\n|upkeep\n|turn|34\n|\n|t:|1768699430\n|move|p2a: Gligar|Knock Off|p1a: Eelektross\n|-damage|p1a: Eelektross|39/283\n|-enditem|p1a: Eelektross|Assault Vest|[from] move: Knock Off|[of] p2a: Gligar\n|move|p1a: Eelektross|Hidden Power|p2a: Gligar\n|-supereffective|p2a: Gligar\n|-damage|p2a: Gligar|5/241\n|\n|upkeep\n|turn|35\n|\n|t:|1768699440\n|move|p2a: Gligar|Roost|p2a: Gligar\n|-heal|p2a: Gligar|126/241\n|-singleturn|p2a: Gligar|move: Roost\n|move|p1a: Eelektross|Hidden Power|p2a: Gligar\n|-supereffective|p2a: Gligar\n|-damage|p2a: Gligar|52/241\n|\n|upkeep\n|turn|36\n|\n|t:|1768699442\n|move|p2a: Gligar|Roost|p2a: Gligar\n|-heal|p2a: Gligar|173/241\n|-singleturn|p2a: Gligar|move: Roost\n|move|p1a: Eelektross|Hidden Power|p2a: Gligar\n|-supereffective|p2a: Gligar\n|-damage|p2a: Gligar|87/241\n|\n|upkeep\n|turn|37\n|\n|t:|1768699445\n|move|p2a: Gligar|Roost|p2a: Gligar\n|-heal|p2a: Gligar|208/241\n|-singleturn|p2a: Gligar|move: Roost\n|move|p1a: Eelektross|Hidden Power|p2a: Gligar\n|-supereffective|p2a: Gligar\n|-damage|p2a: Gligar|130/241\n|\n|upkeep\n|turn|38\n|\n|t:|1768699451\n|move|p2a: Gligar|Roost|p2a: Gligar\n|-heal|p2a: Gligar|241/241\n|-singleturn|p2a: Gligar|move: Roost\n|move|p1a: Eelektross|U-turn|p2a: Gligar\n|-damage|p2a: Gligar|218/241\n|\n|t:|1768699453\n|switch|p1a: Gliscor|Gliscor, L77, F|242/242 tox|[from] U-turn\n|\n|upkeep\n|turn|39\n|\n|t:|1768699463\n|move|p1a: Gliscor|Toxic|p2a: Gligar\n|-immune|p2a: Gligar|[from] ability: Immunity\n|move|p2a: Gligar|Knock Off|p1a: Gliscor\n|-damage|p1a: Gliscor|210/242 tox\n|\n|-heal|p1a: Gliscor|240/242 tox|[from] ability: Poison Heal\n|upkeep\n|turn|40\n|\n|t:|1768699465\n|move|p1a: Gliscor|Toxic|p2a: Gligar\n|-immune|p2a: Gligar|[from] ability: Immunity\n|move|p2a: Gligar|Knock Off|p1a: Gliscor\n|-damage|p1a: Gliscor|209/242 tox\n|\n|-heal|p1a: Gliscor|239/242 tox|[from] ability: Poison Heal\n|upkeep\n|turn|41\n|\n|t:|1768699468\n|move|p1a: Gliscor|Stealth Rock||[still]\n|-fail|p1a: Gliscor\n|move|p2a: Gligar|Knock Off|p1a: Gliscor\n|-damage|p1a: Gliscor|208/242 tox\n|\n|-heal|p1a: Gliscor|238/242 tox|[from] ability: Poison Heal\n|upkeep\n|turn|42\n|\n|t:|1768699470\n|move|p1a: Gliscor|Earthquake|p2a: Gligar\n|-immune|p2a: Gligar\n|move|p2a: Gligar|Knock Off|p1a: Gliscor\n|-damage|p1a: Gliscor|209/242 tox\n|\n|-heal|p1a: Gliscor|239/242 tox|[from] ability: Poison Heal\n|upkeep\n|turn|43\n|\n|t:|1768699473\n|move|p1a: Gliscor|Toxic|p2a: Gligar\n|-immune|p2a: Gligar|[from] ability: Immunity\n|move|p2a: Gligar|Toxic|p1a: Gliscor\n|-fail|p1a: Gliscor|tox\n|\n|-heal|p1a: Gliscor|242/242 tox|[from] ability: Poison Heal\n|upkeep\n|turn|44\n|\n|t:|1768699475\n|move|p1a: Gliscor|Toxic|p2a: Gligar\n|-immune|p2a: Gligar|[from] ability: Immunity\n|move|p2a: Gligar|Toxic|p1a: Gliscor\n|-fail|p1a: Gliscor|tox\n|\n|upkeep\n|turn|45\n|\n|t:|1768699477\n|move|p1a: Gliscor|Stealth Rock||[still]\n|-fail|p1a: Gliscor\n|move|p2a: Gligar|Toxic|p1a: Gliscor\n|-fail|p1a: Gliscor|tox\n|\n|upkeep\n|turn|46\n|\n|t:|1768699479\n|move|p1a: Gliscor|Toxic|p2a: Gligar\n|-immune|p2a: Gligar|[from] ability: Immunity\n|move|p2a: Gligar|Toxic|p1a: Gliscor\n|-fail|p1a: Gliscor|tox\n|\n|upkeep\n|turn|47\n|\n|t:|1768699482\n|move|p1a: Gliscor|Stealth Rock||[still]\n|-fail|p1a: Gliscor\n|move|p2a: Gligar|Toxic|p1a: Gliscor\n|-fail|p1a: Gliscor|tox\n|\n|upkeep\n|turn|48\n|\n|t:|1768699488\n|move|p1a: Gliscor|Toxic|p2a: Gligar\n|-immune|p2a: Gligar|[from] ability: Immunity\n|move|p2a: Gligar|Toxic|p1a: Gliscor\n|-fail|p1a: Gliscor|tox\n|\n|upkeep\n|turn|49\n|\n|t:|1768699492\n|move|p1a: Gliscor|Stealth Rock||[still]\n|-fail|p1a: Gliscor\n|move|p2a: Gligar|Knock Off|p1a: Gliscor\n|-damage|p1a: Gliscor|211/242 tox\n|\n|-heal|p1a: Gliscor|241/242 tox|[from] ability: Poison Heal\n|upkeep\n|turn|50\n|\n|t:|1768699501\n|move|p1a: Gliscor|Toxic|p2a: Gligar\n|-immune|p2a: Gligar|[from] ability: Immunity\n|move|p2a: Gligar|Earthquake|p1a: Gliscor\n|-immune|p1a: Gliscor\n|\n|-heal|p1a: Gliscor|242/242 tox|[from] ability: Poison Heal\n|upkeep\n|turn|51\n|\n|t:|1768699504\n|move|p1a: Gliscor|Toxic|p2a: Gligar\n|-immune|p2a: Gligar|[from] ability: Immunity\n|move|p2a: Gligar|Earthquake|p1a: Gliscor\n|-immune|p1a: Gliscor\n|\n|upkeep\n|turn|52\n|\n|t:|1768699512\n|switch|p2a: Swanna|Swanna, L85, F|218/266\n|-damage|p2a: Swanna|152/266|[from] Stealth Rock\n|move|p1a: Gliscor|Stealth Rock||[still]\n|-fail|p1a: Gliscor\n|\n|-heal|p2a: Swanna|168/266|[from] item: Leftovers\n|upkeep\n|turn|53\n|\n|t:|1768699522\n|switch|p1a: Pachirisu|Pachirisu, L95, M|199/268\n|move|p2a: Swanna|Defog|p1a: Pachirisu\n|-unboost|p1a: Pachirisu|evasion|1\n|-sideend|p2: arboretums|Stealth Rock|[from] move: Defog|[of] p2a: Swanna\n|\n|-heal|p1a: Pachirisu|215/268|[from] item: Leftovers\n|-heal|p2a: Swanna|184/266|[from] item: Leftovers\n|upkeep\n|turn|54\n|\n|t:|1768699525\n|switch|p2a: Gligar|Gligar, L82, M|218/241\n|move|p1a: Pachirisu|Thunderbolt|p2a: Gligar\n|-immune|p2a: Gligar\n|\n|-heal|p1a: Pachirisu|231/268|[from] item: Leftovers\n|upkeep\n|turn|55\n|l|‽Tulip571\n|inactive|Tulip571 disconnected and has a minute to reconnect!\n|player|p1|\n|inactive|Tulip571 has 30 seconds to reconnect!\n|inactive|Tulip571 has 20 seconds to reconnect!\n|inactive|Tulip571 has 15 seconds to reconnect!\n|inactive|Tulip571 has 10 seconds to reconnect!\n|inactive|Tulip571 has 5 seconds to reconnect!\n|-message|Tulip571 lost due to inactivity.\n|\n|win|arboretums\n|raw|Tulip571's rating: 1582 &rarr; <strong>1567</strong><br />(-15 for losing)\n|raw|arboretums's rating: 1674 &rarr; <strong>1689</strong><br />(+15 for winning)\n", "inputlog": ">version 3bd1a1e329da8d286644078cfc9a9638fc7ea025\n>start {\"formatid\":\"gen6randombattle\",\"seed\":\"sodium,debdf55b3907c369412f14ca8409efff\",\"rated\":\"Rated battle\"}\n>player p1 {\"name\":\"Tulip571\",\"avatar\":\"101\",\"rating\":1582,\"seed\":\"sodium,a170b174e05f1070cd7f3b20942bfb69\"}\n>player p2 {\"name\":\"arboretums\",\"avatar\":\"serena-masters2\",\"rating\":1674,\"seed\":\"sodium,cc3e8f203e7581230d42cd28c0233795\"}\n>p1 move flashcannon\n>p2 switch 5\n>p1 move infestation\n>p2 move knockoff\n>p1 switch 2\n>p2 move earthquake\n>p1 move icebeam\n>p2 switch 3\n>p1 move psyshock\n>p2 move thunderwave\n>p1 move psyshock\n>p2 move softboiled\n>p1 switch 2\n>p2 move softboiled\n>p1 move infestation\n>p2 switch 3\n>p1 switch 5\n>p2 move roost\n>p1 move avalanche\n>p2 move toxic\n>p1 move avalanche\n>p2 move roost\n>p1 move avalanche\n>p2 move roost\n>p1 switch 5\n>p2 move roost\n>p1 move infestation\n>p2 move earthquake\n>p1 switch 3\n>p2 move earthquake\n>p1 move hiddenpower\n>p2 switch 3\n>p1 move superpower\n>p2 move seismictoss\n>p2 switch 5\n>p1 switch 3\n>p2 move fakeout mega\n>p1 move protect\n>p2 move highjumpkick\n>p1 move infestation\n>p2 move highjumpkick\n>p1 switch 6\n>p1 move stealthrock\n>p2 switch 3\n>p1 switch 3\n>p2 move roost\n>p1 switch 3\n>p2 move toxic\n>p1 move stealthrock\n>p2 move knockoff\n>p1 move earthquake\n>p2 switch 4\n>p1 switch 2\n>p2 move scald\n>p1 move icebeam\n>p2 move bravebird\n>p1 switch 4\n>p1 move uturn\n>p2 switch 6\n>p1 switch 5\n>p1 move avalanche\n>p2 switch 2\n>p1 switch 5\n>p2 move thunderbolt\n>p1 move superfang\n>p2 move icebeam\n>p1 move uturn\n>p2 move icebeam\n>p1 switch 3\n>p1 move superpower\n>p2 switch 4\n>p1 move hiddenpower\n>p2 move knockoff\n>p1 move hiddenpower\n>p2 move roost\n>p1 move hiddenpower\n>p2 move roost\n>p1 move hiddenpower\n>p2 move roost\n>p1 move uturn\n>p2 move roost\n>p1 switch 2\n>p1 move toxic\n>p2 move knockoff\n>p1 move toxic\n>p2 move knockoff\n>p1 move stealthrock\n>p2 move knockoff\n>p1 move earthquake\n>p2 move knockoff\n>p1 move toxic\n>p2 move toxic\n>p1 move toxic\n>p2 move toxic\n>p1 move stealthrock\n>p2 move toxic\n>p1 move toxic\n>p2 move toxic\n>p1 move stealthrock\n>p2 move toxic\n>p1 move toxic\n>p2 move toxic\n>p1 move stealthrock\n>p2 move knockoff\n>p1 move toxic\n>p2 move earthquake\n>p1 move toxic\n>p2 move earthquake\n>p1 move stealthrock\n>p2 switch 6\n>p1 switch 3\n>p2 move defog\n>p1 move thunderbolt\n>p2 switch 6\n>forcelose p1", "uploadtime": 1768699611, "views": 270, "formatid": "gen6randombattle", "rating": 1567, "private": 0, "password": null}