{"id": "gen6randombattle-2538724837", "format": "[Gen 6] Random Battle", "players": ["boomer0501o", "blonded2003"], "log": "|j|☆boomer0501o\n|j|‽blonded2003\n|t:|1770963295\n|gametype|singles\n|player|p1|boomer0501o|2|1652\n|player|p2|blonded2003|170|1741\n|gen|6\n|tier|[Gen 6] Random Battle\n|rated|\n|rule|Sleep Clause Mod: Limit one foe put to sleep\n|rule|HP Percentage Mod: HP is shown in percentages\n|rule|Illusion Level Mod: Illusion disguises the Pokémon's true level\n|\n|t:|1770963295\n|teamsize|p1|6\n|teamsize|p2|6\n|start\n|switch|p1a: Golurk|Golurk, L83|283/283\n|switch|p2a: Tornadus|Tornadus, L82, M|264/264\n|turn|1\n|inactive|Battle timer is ON: inactive players will automatically lose when time's up. (requested by boomer0501o)\n|\n|t:|1770963310\n|move|p2a: Tornadus|U-turn|p1a: Golurk\n|-resisted|p1a: Golurk\n|-damage|p1a: Golurk|245/283\n|-damage|p2a: Tornadus|238/264|[from] item: Life Orb\n|inactive|blonded2003 has 120 seconds left.\n|\n|t:|1770963345\n|switch|p2a: Gengar|Gengar, L77, F|219/219|[from] U-turn\n|move|p1a: Golurk|Rock Polish|p1a: Golurk\n|-boost|p1a: Golurk|spe|2\n|\n|upkeep\n|turn|2\n|\n|t:|1770963355\n|detailschange|p2a: Gengar|Gengar-Mega, L77, F\n|-mega|p2a: Gengar|Gengar|Gengarite\n|move|p2a: Gengar|Protect|p2a: Gengar\n|-singleturn|p2a: Gengar|Protect\n|move|p1a: Golurk|Ice Punch|p2a: Gengar\n|-activate|p2a: Gengar|move: Protect\n|\n|upkeep\n|turn|3\n|inactive|blonded2003 has 120 seconds left.\n|\n|t:|1770963396\n|switch|p2a: Tornadus|Tornadus, L82, M|238/264\n|move|p1a: Golurk|Earthquake|p2a: Tornadus\n|-immune|p2a: Tornadus\n|\n|upkeep\n|turn|4\n|\n|t:|1770963402\n|move|p1a: Golurk|Ice Punch|p2a: Tornadus\n|-supereffective|p2a: Tornadus\n|-damage|p2a: Tornadus|53/264\n|-status|p2a: Tornadus|frz\n|-damage|p1a: Golurk|217/283|[from] item: Life Orb\n|cant|p2a: Tornadus|frz\n|\n|upkeep\n|turn|5\n|\n|t:|1770963408\n|-curestatus|p2a: Tornadus|frz|[msg]\n|move|p2a: Tornadus|Taunt|p1a: Golurk\n|-start|p1a: Golurk|move: Taunt\n|move|p1a: Golurk|Ice Punch|p2a: Tornadus\n|-supereffective|p2a: Tornadus\n|-damage|p2a: Tornadus|0 fnt\n|faint|p2a: Tornadus\n|-damage|p1a: Golurk|189/283|[from] item: Life Orb\n|\n|upkeep\n|\n|t:|1770963417\n|switch|p2a: Sceptile|Sceptile, L85, M|258/258\n|turn|6\n|\n|t:|1770963434\n|move|p1a: Golurk|Dynamic Punch|p2a: Sceptile\n|-damage|p2a: Sceptile|129/258\n|-start|p2a: Sceptile|confusion\n|-damage|p1a: Golurk|161/283|[from] item: Life Orb\n|-activate|p2a: Sceptile|confusion\n|move|p2a: Sceptile|Giga Drain|p1a: Golurk\n|-supereffective|p1a: Golurk\n|-crit|p1a: Golurk\n|-damage|p1a: Golurk|0 fnt\n|-heal|p2a: Sceptile|210/258|[from] drain|[of] p1a: Golurk\n|faint|p1a: Golurk\n|\n|-heal|p2a: Sceptile|226/258|[from] item: Leftovers\n|upkeep\n|\n|t:|1770963450\n|switch|p1a: Klefki|Klefki, L79, F|220/220\n|turn|7\n|\n|t:|1770963459\n|switch|p2a: Luxray|Luxray, L88, M|284/284\n|-ability|p2a: Luxray|Intimidate|boost\n|-unboost|p1a: Klefki|atk|1\n|move|p1a: Klefki|Spikes|p2a: Luxray\n|-sidestart|p2: blonded2003|Spikes\n|\n|upkeep\n|turn|8\n|\n|t:|1770963462\n|move|p1a: Klefki|Spikes|p2a: Luxray\n|-sidestart|p2: blonded2003|Spikes\n|move|p2a: Luxray|Wild Charge|p1a: Klefki\n|-damage|p1a: Klefki|88/220\n|-damage|p2a: Luxray|251/284|[from] Recoil\n|\n|-heal|p1a: Klefki|101/220|[from] item: Leftovers\n|upkeep\n|turn|9\n|\n|t:|1770963464\n|move|p1a: Klefki|Spikes|p2a: Luxray\n|-sidestart|p2: blonded2003|Spikes\n|move|p2a: Luxray|Wild Charge|p1a: Klefki\n|-damage|p1a: Klefki|0 fnt\n|faint|p1a: Klefki\n|-damage|p2a: Luxray|226/284|[from] Recoil\n|\n|upkeep\n|\n|t:|1770963468\n|switch|p1a: Excadrill|Excadrill, L80, F|307/307\n|-ability|p1a: Excadrill|Mold Breaker\n|turn|10\n|\n|t:|1770963474\n|switch|p2a: Cryogonal|Cryogonal, L89|269/269\n|move|p1a: Excadrill|Earthquake|p2a: Cryogonal\n|-damage|p2a: Cryogonal|0 fnt\n|faint|p2a: Cryogonal\n|-damage|p1a: Excadrill|277/307|[from] item: Life Orb\n|\n|upkeep\n|\n|t:|1770963487\n|switch|p2a: Ninetales|Ninetales, L83, F|257/257\n|-damage|p2a: Ninetales|193/257|[from] Spikes\n|-weather|SunnyDay|[from] ability: Drought|[of] p2a: Ninetales\n|turn|11\n|\n|t:|1770963491\n|switch|p1a: Eelektross|Eelektross, L85, F|283/283\n|move|p2a: Ninetales|Fire Blast|p1a: Eelektross\n|-damage|p1a: Eelektross|137/283\n|-damage|p2a: Ninetales|168/257|[from] item: Life Orb\n|\n|-weather|SunnyDay|[upkeep]\n|upkeep\n|turn|12\n|\n|t:|1770963506\n|switch|p2a: Luxray|Luxray, L88, M|226/284\n|-damage|p2a: Luxray|155/284|[from] Spikes\n|-ability|p2a: Luxray|Intimidate|boost\n|-unboost|p1a: Eelektross|atk|1\n|move|p1a: Eelektross|Discharge|p2a: Luxray\n|-resisted|p2a: Luxray\n|-damage|p2a: Luxray|119/284\n|\n|-weather|SunnyDay|[upkeep]\n|upkeep\n|turn|13\n|\n|t:|1770963514\n|move|p2a: Luxray|Superpower|p1a: Eelektross\n|-damage|p1a: Eelektross|18/283\n|-unboost|p2a: Luxray|atk|1\n|-unboost|p2a: Luxray|def|1\n|move|p1a: Eelektross|Knock Off|p2a: Luxray\n|-damage|p2a: Luxray|31/284\n|-enditem|p2a: Luxray|Assault Vest|[from] move: Knock Off|[of] p1a: Eelektross\n|\n|-weather|SunnyDay|[upkeep]\n|upkeep\n|turn|14\n|\n|t:|1770963519\n|move|p2a: Luxray|Crunch|p1a: Eelektross\n|-damage|p1a: Eelektross|0 fnt\n|faint|p1a: Eelektross\n|\n|-weather|SunnyDay|[upkeep]\n|upkeep\n|\n|t:|1770963524\n|switch|p1a: Excadrill|Excadrill, L80, F|277/307\n|-ability|p1a: Excadrill|Mold Breaker\n|turn|15\n|\n|t:|1770963530\n|move|p1a: Excadrill|Iron Head|p2a: Luxray\n|-resisted|p2a: Luxray\n|-damage|p2a: Luxray|0 fnt\n|faint|p2a: Luxray\n|-damage|p1a: Excadrill|247/307|[from] item: Life Orb\n|\n|-weather|none\n|upkeep\n|\n|t:|1770963532\n|switch|p2a: Ninetales|Ninetales, L83, F|168/257\n|-damage|p2a: Ninetales|104/257|[from] Spikes\n|-weather|SunnyDay|[from] ability: Drought|[of] p2a: Ninetales\n|turn|16\n|\n|t:|1770963552\n|move|p2a: Ninetales|Fire Blast|p1a: Excadrill\n|-supereffective|p1a: Excadrill\n|-damage|p1a: Excadrill|0 fnt\n|faint|p1a: Excadrill\n|-damage|p2a: Ninetales|79/257|[from] item: Life Orb\n|\n|-weather|SunnyDay|[upkeep]\n|upkeep\n|\n|t:|1770963554\n|switch|p1a: Leafeon|Leafeon, L87, F|255/255\n|turn|17\n|\n|t:|1770963560\n|move|p1a: Leafeon|Knock Off|p2a: Ninetales\n|-damage|p2a: Ninetales|0 fnt\n|-enditem|p2a: Ninetales|Life Orb|[from] move: Knock Off|[of] p1a: Leafeon\n|faint|p2a: Ninetales\n|\n|-weather|SunnyDay|[upkeep]\n|upkeep\n|\n|t:|1770963567\n|switch|p2a: Sceptile|Sceptile, L85, M|226/258\n|-damage|p2a: Sceptile|162/258|[from] Spikes\n|turn|18\n|\n|t:|1770963572\n|move|p1a: Leafeon|Swords Dance|p1a: Leafeon\n|-boost|p1a: Leafeon|atk|2\n|move|p2a: Sceptile|Hidden Power|p1a: Leafeon\n|-supereffective|p1a: Leafeon\n|-crit|p1a: Leafeon\n|-damage|p1a: Leafeon|13/255\n|\n|-weather|SunnyDay|[upkeep]\n|-heal|p1a: Leafeon|28/255|[from] item: Leftovers\n|-heal|p2a: Sceptile|178/258|[from] item: Leftovers\n|upkeep\n|turn|19\n|\n|t:|1770963575\n|move|p1a: Leafeon|Knock Off|p2a: Sceptile\n|-damage|p2a: Sceptile|0 fnt\n|-enditem|p2a: Sceptile|Leftovers|[from] move: Knock Off|[of] p1a: Leafeon\n|faint|p2a: Sceptile\n|\n|-weather|SunnyDay|[upkeep]\n|-heal|p1a: Leafeon|43/255|[from] item: Leftovers\n|upkeep\n|\n|t:|1770963577\n|switch|p2a: Gengar|Gengar-Mega, L77, F|219/219\n|-damage|p2a: Gengar|165/219|[from] Spikes\n|turn|20\n|\n|t:|1770963579\n|move|p2a: Gengar|Protect|p2a: Gengar\n|-singleturn|p2a: Gengar|Protect\n|move|p1a: Leafeon|Knock Off|p2a: Gengar\n|-activate|p2a: Gengar|move: Protect\n|\n|-weather|none\n|-heal|p1a: Leafeon|58/255|[from] item: Leftovers\n|upkeep\n|turn|21\n|\n|t:|1770963582\n|move|p2a: Gengar|Shadow Ball|p1a: Leafeon\n|-damage|p1a: Leafeon|0 fnt\n|faint|p1a: Leafeon\n|\n|upkeep\n|\n|t:|1770963584\n|switch|p1a: Pangoro|Pangoro, L84, M|297/297\n|turn|22\n|\n|t:|1770963587\n|move|p2a: Gengar|Protect|p2a: Gengar\n|-singleturn|p2a: Gengar|Protect\n|move|p1a: Pangoro|Knock Off|p2a: Gengar\n|-activate|p2a: Gengar|move: Protect\n|\n|upkeep\n|turn|23\n|\n|t:|1770963589\n|move|p2a: Gengar|Disable|p1a: Pangoro\n|-start|p1a: Pangoro|Disable|Knock Off\n|cant|p1a: Pangoro|Disable|Knock Off\n|\n|upkeep\n|turn|24\n|\n|t:|1770963591\n|move|p2a: Gengar|Protect|p2a: Gengar\n|-singleturn|p2a: Gengar|Protect\n|-activate|p1a: Pangoro|move: Struggle\n|move|p1a: Pangoro|Struggle|p2a: Gengar\n|-activate|p2a: Gengar|move: Protect\n|\n|upkeep\n|turn|25\n|\n|t:|1770963594\n|move|p2a: Gengar|Perish Song|p2a: Gengar\n|-start|p1a: Pangoro|perish3|[silent]\n|-start|p2a: Gengar|perish3|[silent]\n|-fieldactivate|move: Perish Song\n|-activate|p1a: Pangoro|move: Struggle\n|move|p1a: Pangoro|Struggle|p2a: Gengar\n|-damage|p2a: Gengar|93/219\n|-damage|p1a: Pangoro|223/297|[from] recoil\n|\n|-start|p2a: Gengar|perish3\n|-start|p1a: Pangoro|perish3\n|upkeep\n|turn|26\n|\n|t:|1770963602\n|move|p2a: Gengar|Shadow Ball|p1a: Pangoro\n|-resisted|p1a: Pangoro\n|-damage|p1a: Pangoro|157/297\n|-unboost|p1a: Pangoro|spd|1\n|-activate|p1a: Pangoro|move: Struggle\n|move|p1a: Pangoro|Struggle|p2a: Gengar\n|-crit|p2a: Gengar\n|-damage|p2a: Gengar|0 fnt\n|faint|p2a: Gengar\n|detailschange|p2: Gengar|Gengar, L77, F|[silent]\n|-damage|p1a: Pangoro|83/297|[from] recoil\n|\n|win|boomer0501o\n|raw|boomer0501o's rating: 1652 &rarr; <strong>1677</strong><br />(+25 for winning)\n|raw|blonded2003's rating: 1741 &rarr; <strong>1716</strong><br />(-25 for losing)\n", "inputlog": ">version ccdc32dd7cde25fd9e4bed64820e885f66e78a4e\n>start {\"formatid\":\"gen6randombattle\",\"seed\":\"sodium,64b0d5a96079ee6e362d3a076bf34e93\",\"rated\":\"Rated battle\"}\n>player p1 {\"name\":\"boomer0501o\",\"avatar\":\"2\",\"rating\":1652,\"seed\":\"sodium,683284d0ccd2e14269e90fb2d6eb0a9e\"}\n>player p2 {\"name\":\"blonded2003\",\"avatar\":\"170\",\"rating\":1741,\"seed\":\"sodium,3f677d43121d93f5fff97eb0f3933412\"}\n>p1 move rockpolish\n>p2 move uturn\n>p2 switch 5\n>p1 move icepunch\n>p2 move protect mega\n>p1 move earthquake\n>p2 switch 5\n>p1 move icepunch\n>p2 move hurricane\n>p1 move icepunch\n>p2 move taunt\n>p2 switch 2\n>p1 move dynamicpunch\n>p2 move gigadrain\n>p1 switch 2\n>p1 move spikes\n>p2 switch 4\n>p1 move spikes\n>p2 move wildcharge\n>p1 move spikes\n>p2 move wildcharge\n>p1 switch 3\n>p1 move earthquake\n>p2 switch 3\n>p2 switch 6\n>p1 switch 4\n>p2 move fireblast\n>p1 move discharge\n>p2 switch 3\n>p1 move knockoff\n>p2 move superpower\n>p1 move knockoff\n>p2 move crunch\n>p1 switch 4\n>p1 move ironhead\n>p2 move superpower\n>p2 switch 3\n>p1 move earthquake\n>p2 move fireblast\n>p1 switch 6\n>p1 move knockoff\n>p2 move fireblast\n>p2 switch 4\n>p1 move swordsdance\n>p2 move hiddenpower\n>p1 move knockoff\n>p2 move hiddenpower\n>p2 switch 5\n>p1 move knockoff\n>p2 move protect\n>p1 move knockoff\n>p2 move shadowball\n>p1 switch 5\n>p1 move knockoff\n>p2 move protect\n>p1 move knockoff\n>p2 move disable\n>p1 move struggle\n>p2 move protect\n>p1 move struggle\n>p2 move perishsong\n>p1 move struggle\n>p2 move shadowball", "uploadtime": 1770963609, "views": 220, "formatid": "gen6randombattle", "rating": 1677, "private": 0, "password": null}