{"id": "gen6randombattle-2528736453", "format": "[Gen 6] Random Battle", "players": ["David0704", "Blatjanglover"], "log": "|j|☆David0704\n|j|☆Blatjanglover\n|t:|1769700951\n|gametype|singles\n|player|p1|David0704|101|1635\n|player|p2|Blatjanglover|brock|1637\n|gen|6\n|tier|[Gen 6] Random Battle\n|rated|\n|rule|Sleep Clause Mod: Limit one foe put to sleep\n|rule|HP Percentage Mod: HP is shown in percentages\n|rule|Illusion Level Mod: Illusion disguises the Pokémon's true level\n|\n|t:|1769700951\n|teamsize|p1|6\n|teamsize|p2|6\n|start\n|switch|p1a: Arbok|Arbok, L90, M|254/254\n|switch|p2a: Tyranitar|Tyranitar, L75, M|274/274\n|-weather|Sandstorm|[from] ability: Sand Stream|[of] p2a: Tyranitar\n|turn|1\n|\n|t:|1769700968\n|switch|p1a: Dusknoir|Dusknoir, L89, F|225/225\n|-item|p2a: Tyranitar|Tyranitarite|[from] ability: Frisk|[of] p1a: Dusknoir\n|move|p2a: Tyranitar|Dragon Dance|p2a: Tyranitar\n|-boost|p2a: Tyranitar|atk|1\n|-boost|p2a: Tyranitar|spe|1\n|\n|-weather|Sandstorm|[upkeep]\n|-damage|p1a: Dusknoir|211/225|[from] Sandstorm\n|-heal|p1a: Dusknoir|225/225|[from] item: Leftovers\n|upkeep\n|turn|2\n|\n|t:|1769700978\n|detailschange|p2a: Tyranitar|Tyranitar-Mega, L75, M\n|-mega|p2a: Tyranitar|Tyranitar|Tyranitarite\n|move|p2a: Tyranitar|Crunch|p1a: Dusknoir\n|-supereffective|p1a: Dusknoir\n|-damage|p1a: Dusknoir|13/225\n|move|p1a: Dusknoir|Will-O-Wisp|p2a: Tyranitar\n|-status|p2a: Tyranitar|brn\n|\n|-weather|Sandstorm|[upkeep]\n|-damage|p1a: Dusknoir|0 fnt|[from] Sandstorm\n|faint|p1a: Dusknoir\n|-damage|p2a: Tyranitar|240/274 brn|[from] brn\n|upkeep\n|\n|t:|1769700992\n|switch|p1a: Infernape|Infernape, L79, M|250/250\n|turn|3\n|\n|t:|1769700994\n|move|p1a: Infernape|Close Combat|p2a: Tyranitar\n|-supereffective|p2a: Tyranitar\n|-damage|p2a: Tyranitar|0 fnt\n|-unboost|p1a: Infernape|def|1\n|-unboost|p1a: Infernape|spd|1\n|faint|p2a: Tyranitar\n|detailschange|p2: Tyranitar|Tyranitar, L75, M|[silent]\n|\n|-weather|Sandstorm|[upkeep]\n|-damage|p1a: Infernape|235/250|[from] Sandstorm\n|upkeep\n|\n|t:|1769701008\n|switch|p2a: Toxicroak|Toxicroak, L83, M|273/273\n|turn|4\n|\n|t:|1769701023\n|switch|p1a: Vespiquen|Vespiquen, F|301/301\n|-ability|p1a: Vespiquen|Pressure\n|move|p2a: Toxicroak|Swords Dance|p2a: Toxicroak\n|-boost|p2a: Toxicroak|atk|2\n|\n|-weather|Sandstorm|[upkeep]\n|-damage|p2a: Toxicroak|256/273|[from] Sandstorm\n|-damage|p1a: Vespiquen|283/301|[from] Sandstorm\n|-heal|p1a: Vespiquen|301/301|[from] item: Leftovers\n|upkeep\n|turn|5\n|\n|t:|1769701031\n|move|p2a: Toxicroak|Gunk Shot|p1a: Vespiquen\n|-damage|p1a: Vespiquen|50/301\n|-status|p1a: Vespiquen|psn\n|-damage|p2a: Toxicroak|229/273|[from] item: Life Orb\n|move|p1a: Vespiquen|Air Slash|p2a: Toxicroak\n|-supereffective|p2a: Toxicroak\n|-damage|p2a: Toxicroak|0 fnt\n|faint|p2a: Toxicroak\n|\n|-weather|none\n|-heal|p1a: Vespiquen|68/301 psn|[from] item: Leftovers\n|-damage|p1a: Vespiquen|31/301 psn|[from] psn\n|upkeep\n|\n|t:|1769701048\n|switch|p2a: Persian|Persian, L91, M|266/266\n|turn|6\n|\n|t:|1769701061\n|switch|p1a: Doublade|Doublade, L82, F|231/231\n|move|p2a: Persian|U-turn|p1a: Doublade\n|-resisted|p1a: Doublade\n|-crit|p1a: Doublade\n|-damage|p1a: Doublade|223/231\n|\n|t:|1769701068\n|switch|p2a: Pelipper|Pelipper, L91, M|257/257|[from] U-turn\n|\n|upkeep\n|turn|7\n|\n|t:|1769701074\n|switch|p1a: Vespiquen|Vespiquen, F|31/301 psn\n|-ability|p1a: Vespiquen|Pressure\n|move|p2a: Pelipper|Scald|p1a: Vespiquen\n|-damage|p1a: Vespiquen|0 fnt\n|faint|p1a: Vespiquen\n|\n|upkeep\n|\n|t:|1769701102\n|switch|p1a: Infernape|Infernape, L79, M|235/250\n|turn|8\n|\n|t:|1769701106\n|move|p1a: Infernape|Stone Edge|p2a: Pelipper\n|-supereffective|p2a: Pelipper\n|-crit|p2a: Pelipper\n|-damage|p2a: Pelipper|87/257\n|move|p2a: Pelipper|Scald|p1a: Infernape\n|-supereffective|p1a: Infernape\n|-damage|p1a: Infernape|19/250\n|\n|-heal|p2a: Pelipper|103/257|[from] item: Leftovers\n|upkeep\n|turn|9\n|\n|t:|1769701112\n|switch|p2a: Persian|Persian, L91, M|266/266\n|move|p1a: Infernape|Stone Edge|p2a: Persian\n|-damage|p2a: Persian|186/266\n|\n|upkeep\n|turn|10\n|\n|t:|1769701120\n|move|p1a: Infernape|Stone Edge|p2a: Persian\n|-damage|p2a: Persian|111/266\n|move|p2a: Persian|U-turn|p1a: Infernape\n|-resisted|p1a: Infernape\n|-damage|p1a: Infernape|6/250\n|\n|t:|1769701125\n|switch|p2a: Deoxys|Deoxys-Speed, L81|214/214|[from] U-turn\n|-ability|p2a: Deoxys|Pressure\n|\n|upkeep\n|turn|11\n|\n|t:|1769701133\n|move|p2a: Deoxys|Dark Pulse|p1a: Infernape\n|-resisted|p1a: Infernape\n|-damage|p1a: Infernape|0 fnt\n|faint|p1a: Infernape\n|-damage|p2a: Deoxys|193/214|[from] item: Life Orb\n|\n|upkeep\n|\n|t:|1769701135\n|switch|p1a: Doublade|Doublade, L82, F|223/231\n|turn|12\n|\n|t:|1769701143\n|move|p2a: Deoxys|Dark Pulse|p1a: Doublade\n|-supereffective|p1a: Doublade\n|-damage|p1a: Doublade|85/231\n|-damage|p2a: Deoxys|172/214|[from] item: Life Orb\n|move|p1a: Doublade|Iron Head|p2a: Deoxys\n|-damage|p2a: Deoxys|76/214\n|\n|upkeep\n|turn|13\n|\n|t:|1769701151\n|switch|p2a: Persian|Persian, L91, M|111/266\n|move|p1a: Doublade|Shadow Sneak|p2a: Persian\n|-immune|p2a: Persian\n|\n|upkeep\n|turn|14\n|\n|t:|1769701157\n|switch|p1a: Chatot|Chatot, L86, F|271/271\n|move|p2a: Persian|Knock Off|p1a: Chatot\n|-damage|p1a: Chatot|166/271\n|-enditem|p1a: Chatot|Life Orb|[from] move: Knock Off|[of] p2a: Persian\n|\n|upkeep\n|turn|15\n|\n|t:|1769701165\n|switch|p2a: Pelipper|Pelipper, L91, M|103/257\n|move|p1a: Chatot|Boomburst|p2a: Pelipper\n|-damage|p2a: Pelipper|0 fnt\n|faint|p2a: Pelipper\n|\n|upkeep\n|\n|t:|1769701174\n|switch|p2a: Deoxys|Deoxys-Speed, L81|76/214\n|-ability|p2a: Deoxys|Pressure\n|turn|16\n|\n|t:|1769701192\n|move|p2a: Deoxys|Dark Pulse|p1a: Chatot\n|-damage|p1a: Chatot|50/271\n|-damage|p2a: Deoxys|55/214|[from] item: Life Orb\n|cant|p1a: Chatot|flinch\n|\n|upkeep\n|turn|17\n|\n|t:|1769701197\n|move|p2a: Deoxys|Dark Pulse|p1a: Chatot\n|-damage|p1a: Chatot|0 fnt\n|faint|p1a: Chatot\n|-damage|p2a: Deoxys|34/214|[from] item: Life Orb\n|\n|upkeep\n|\n|t:|1769701200\n|switch|p1a: Doublade|Doublade, L82, F|85/231\n|turn|18\n|\n|t:|1769701204\n|switch|p2a: Persian|Persian, L91, M|111/266\n|move|p1a: Doublade|Shadow Sneak|p2a: Persian\n|-immune|p2a: Persian\n|\n|upkeep\n|turn|19\n|\n|t:|1769701208\n|move|p2a: Persian|Knock Off|p1a: Doublade\n|-supereffective|p1a: Doublade\n|-damage|p1a: Doublade|25/231\n|-enditem|p1a: Doublade|Eviolite|[from] move: Knock Off|[of] p2a: Persian\n|move|p1a: Doublade|Iron Head|p2a: Persian\n|-damage|p2a: Persian|0 fnt\n|faint|p2a: Persian\n|\n|upkeep\n|\n|t:|1769701212\n|switch|p2a: Lickilicky|Lickilicky, L88, M|337/337\n|-ability|p2a: Lickilicky|Cloud Nine\n|turn|20\n|\n|t:|1769701217\n|switch|p1a: Arbok|Arbok, L90, M|254/254\n|move|p2a: Lickilicky|Knock Off|p1a: Arbok\n|-damage|p1a: Arbok|176/254\n|-enditem|p1a: Arbok|Black Sludge|[from] move: Knock Off|[of] p2a: Lickilicky\n|\n|upkeep\n|turn|21\n|\n|t:|1769701224\n|move|p1a: Arbok|Coil|p1a: Arbok\n|-boost|p1a: Arbok|atk|1\n|-boost|p1a: Arbok|def|1\n|-boost|p1a: Arbok|accuracy|1\n|move|p2a: Lickilicky|Body Slam|p1a: Arbok\n|-damage|p1a: Arbok|115/254\n|\n|upkeep\n|turn|22\n|\n|t:|1769701227\n|move|p1a: Arbok|Gunk Shot|p2a: Lickilicky\n|-damage|p2a: Lickilicky|151/337\n|move|p2a: Lickilicky|Body Slam|p1a: Arbok\n|-damage|p1a: Arbok|48/254\n|\n|-heal|p2a: Lickilicky|172/337|[from] item: Leftovers\n|upkeep\n|turn|23\n|\n|t:|1769701231\n|move|p1a: Arbok|Gunk Shot|p2a: Lickilicky\n|-damage|p2a: Lickilicky|0 fnt\n|faint|p2a: Lickilicky\n|\n|upkeep\n|\n|t:|1769701233\n|switch|p2a: Deoxys|Deoxys-Speed, L81|34/214\n|-ability|p2a: Deoxys|Pressure\n|turn|24\n|\n|t:|1769701239\n|move|p2a: Deoxys|Dark Pulse|p1a: Arbok\n|-damage|p1a: Arbok|0 fnt\n|faint|p1a: Arbok\n|-damage|p2a: Deoxys|13/214|[from] item: Life Orb\n|\n|upkeep\n|\n|t:|1769701241\n|switch|p1a: Doublade|Doublade, L82, F|25/231\n|turn|25\n|\n|t:|1769701243\n|move|p1a: Doublade|Shadow Sneak|p2a: Deoxys\n|-supereffective|p2a: Deoxys\n|-crit|p2a: Deoxys\n|-damage|p2a: Deoxys|0 fnt\n|faint|p2a: Deoxys\n|\n|win|David0704\n|raw|David0704's rating: 1635 &rarr; <strong>1655</strong><br />(+20 for winning)\n|raw|Blatjanglover's rating: 1637 &rarr; <strong>1617</strong><br />(-20 for losing)\n|l|☆David0704\n|player|p1|\n|c|☆Blatjanglover|Oh you got me there lol gg\n", "inputlog": ">version b99ff0165a6231f17e8b78c2a78d1998375de664\n>start {\"formatid\":\"gen6randombattle\",\"seed\":\"sodium,9a9405170f34ecca95936ef7f09bb899\",\"rated\":\"Rated battle\"}\n>player p1 {\"name\":\"David0704\",\"avatar\":\"101\",\"rating\":1635,\"seed\":\"sodium,06b431315ffcdf4ab02a5feac2a92dc5\"}\n>player p2 {\"name\":\"Blatjanglover\",\"avatar\":\"brock\",\"rating\":1637,\"seed\":\"sodium,df2b6eb1582d0c083d9797f9c1fcc14b\"}\n>p1 switch 4\n>p2 move dragondance\n>p1 move willowisp\n>p2 move crunch mega\n>p1 switch 2\n>p1 move closecombat\n>p2 move earthquake\n>p2 switch 5\n>p1 switch 3\n>p2 move swordsdance\n>p1 move airslash\n>p2 move gunkshot\n>p2 switch 4\n>p1 switch 6\n>p2 move uturn\n>p2 switch 3\n>p1 switch 6\n>p2 move scald\n>p1 switch 3\n>p1 move stoneedge\n>p2 move scald\n>p1 move stoneedge\n>p2 switch 3\n>p1 move stoneedge\n>p2 move uturn\n>p2 switch 6\n>p1 move stoneedge\n>p2 move darkpulse\n>p1 switch 6\n>p1 move ironhead\n>p2 move darkpulse\n>p1 move shadowsneak\n>p2 switch 6\n>p1 switch 5\n>p2 move knockoff\n>p1 move boomburst\n>p2 switch 3\n>p2 switch 6\n>p1 move boomburst\n>p2 move darkpulse\n>p1 move boomburst\n>p2 move darkpulse\n>p1 switch 5\n>p1 move shadowsneak\n>p2 switch 3\n>p1 move ironhead\n>p2 move knockoff\n>p2 switch 2\n>p1 switch 4\n>p2 move knockoff\n>p1 move coil\n>p2 move bodyslam\n>p1 move gunkshot\n>p2 move bodyslam\n>p1 move gunkshot\n>p2 move bodyslam\n>p2 switch 3\n>p1 move earthquake\n>p2 move darkpulse\n>p1 switch 4\n>p1 move shadowsneak\n>p2 move darkpulse", "uploadtime": 1769701251, "views": 281, "formatid": "gen6randombattle", "rating": 1617, "private": 0, "password": null}