{"id": "gen6randombattle-2533386618", "format": "[Gen 6] Random Battle", "players": ["strikertay15", "waterrowing"], "log": "|j|☆strikertay15\n|j|☆waterrowing\n|t:|1770300516\n|gametype|singles\n|player|p1|strikertay15|2|1519\n|player|p2|waterrowing|169|1581\n|gen|6\n|tier|[Gen 6] Random Battle\n|rated|\n|rule|Sleep Clause Mod: Limit one foe put to sleep\n|rule|HP Percentage Mod: HP is shown in percentages\n|rule|Illusion Level Mod: Illusion disguises the Pokémon's true level\n|\n|t:|1770300516\n|teamsize|p1|6\n|teamsize|p2|6\n|start\n|switch|p1a: Vileplume|Vileplume, L87, M|272/272\n|switch|p2a: Unown|Unown-Question|258/258\n|turn|1\n|inactive|Battle timer is ON: inactive players will automatically lose when time's up. (requested by strikertay15)\n|\n|t:|1770300526\n|switch|p1a: Delphox|Delphox, L83, M|260/260\n|move|p2a: Unown|Hidden Power|p1a: Delphox\n|-resisted|p1a: Delphox\n|-damage|p1a: Delphox|209/260\n|\n|upkeep\n|turn|2\n|\n|t:|1770300540\n|switch|p2a: Probopass|Probopass, L91, M|257/257\n|move|p1a: Delphox|Calm Mind|p1a: Delphox\n|-boost|p1a: Delphox|spa|1\n|-boost|p1a: Delphox|spd|1\n|\n|upkeep\n|turn|3\n|\n|t:|1770300545\n|move|p1a: Delphox|Grass Knot|p2a: Probopass\n|-damage|p2a: Probopass|141/257\n|-damage|p1a: Delphox|183/260|[from] item: Life Orb\n|move|p2a: Probopass|Thunder Wave|p1a: Delphox\n|-status|p1a: Delphox|par\n|\n|-heal|p2a: Probopass|157/257|[from] item: Leftovers\n|upkeep\n|turn|4\n|\n|t:|1770300555\n|move|p2a: Probopass|Stealth Rock|p1a: Delphox\n|-sidestart|p1: strikertay15|move: Stealth Rock\n|cant|p1a: Delphox|par\n|\n|-heal|p2a: Probopass|173/257|[from] item: Leftovers\n|upkeep\n|turn|5\n|\n|t:|1770300560\n|move|p2a: Probopass|Earth Power|p1a: Delphox\n|-supereffective|p1a: Delphox\n|-damage|p1a: Delphox|99/260 par\n|move|p1a: Delphox|Fire Blast|p2a: Probopass\n|-damage|p2a: Probopass|16/257\n|-damage|p1a: Delphox|73/260 par|[from] item: Life Orb\n|\n|-heal|p2a: Probopass|32/257|[from] item: Leftovers\n|upkeep\n|turn|6\n|\n|t:|1770300569\n|move|p2a: Probopass|Power Gem|p1a: Delphox\n|-supereffective|p1a: Delphox\n|-crit|p1a: Delphox\n|-damage|p1a: Delphox|0 fnt\n|faint|p1a: Delphox\n|\n|-heal|p2a: Probopass|48/257|[from] item: Leftovers\n|upkeep\n|\n|t:|1770300584\n|switch|p1a: Vileplume|Vileplume, L87, M|272/272\n|-damage|p1a: Vileplume|238/272|[from] Stealth Rock\n|turn|7\n|\n|t:|1770300589\n|switch|p2a: Unown|Unown-Question|258/258\n|move|p1a: Vileplume|Giga Drain|p2a: Unown\n|-damage|p2a: Unown|141/258\n|-heal|p1a: Vileplume|272/272|[from] drain|[of] p2a: Unown\n|\n|upkeep\n|turn|8\n|\n|t:|1770300593\n|move|p2a: Unown|Hidden Power|p1a: Vileplume\n|-supereffective|p1a: Vileplume\n|-damage|p1a: Vileplume|66/272\n|move|p1a: Vileplume|Sleep Powder|p2a: Unown|[miss]\n|-miss|p1a: Vileplume|p2a: Unown\n|\n|-heal|p1a: Vileplume|83/272|[from] item: Black Sludge\n|upkeep\n|turn|9\n|\n|t:|1770300599\n|switch|p1a: Girafarig|Girafarig, L93, M|281/281\n|-damage|p1a: Girafarig|246/281|[from] Stealth Rock\n|move|p2a: Unown|Hidden Power|p1a: Girafarig\n|-resisted|p1a: Girafarig\n|-damage|p1a: Girafarig|181/281\n|\n|upkeep\n|turn|10\n|\n|t:|1770300606\n|switch|p2a: Probopass|Probopass, L91, M|48/257\n|move|p1a: Girafarig|Nasty Plot|p1a: Girafarig\n|-boost|p1a: Girafarig|spa|2\n|\n|-heal|p2a: Probopass|64/257|[from] item: Leftovers\n|upkeep\n|turn|11\n|\n|t:|1770300610\n|move|p1a: Girafarig|Psyshock|p2a: Probopass\n|-resisted|p2a: Probopass\n|-damage|p2a: Probopass|0 fnt\n|faint|p2a: Probopass\n|-damage|p1a: Girafarig|153/281|[from] item: Life Orb\n|\n|upkeep\n|\n|t:|1770300633\n|switch|p2a: Primeape|Primeape, L87, M|255/255\n|turn|12\n|\n|t:|1770300644\n|move|p2a: Primeape|Close Combat|p1a: Girafarig\n|-damage|p1a: Girafarig|0 fnt\n|-unboost|p2a: Primeape|def|1\n|-unboost|p2a: Primeape|spd|1\n|faint|p1a: Girafarig\n|\n|upkeep\n|\n|t:|1770300649\n|switch|p1a: Vileplume|Vileplume, L87, M|83/272\n|-damage|p1a: Vileplume|49/272|[from] Stealth Rock\n|turn|13\n|\n|t:|1770300651\n|switch|p2a: Unown|Unown-Question|141/258\n|move|p1a: Vileplume|Giga Drain|p2a: Unown\n|-damage|p2a: Unown|24/258\n|-heal|p1a: Vileplume|108/272|[from] drain|[of] p2a: Unown\n|\n|-heal|p1a: Vileplume|125/272|[from] item: Black Sludge\n|upkeep\n|turn|14\n|\n|t:|1770300657\n|move|p2a: Unown|Hidden Power|p1a: Vileplume\n|-supereffective|p1a: Vileplume\n|-damage|p1a: Vileplume|0 fnt\n|faint|p1a: Vileplume\n|\n|upkeep\n|\n|t:|1770300664\n|switch|p1a: Mamoswine|Mamoswine, L78, F|300/300\n|-damage|p1a: Mamoswine|263/300|[from] Stealth Rock\n|turn|15\n|\n|t:|1770300667\n|move|p1a: Mamoswine|Icicle Crash|p2a: Unown\n|-damage|p2a: Unown|0 fnt\n|faint|p2a: Unown\n|-damage|p1a: Mamoswine|233/300|[from] item: Life Orb\n|\n|upkeep\n|\n|t:|1770300671\n|switch|p2a: Primeape|Primeape, L87, M|255/255\n|turn|16\n|\n|t:|1770300673\n|move|p1a: Mamoswine|Ice Shard|p2a: Primeape\n|-damage|p2a: Primeape|180/255\n|-damage|p1a: Mamoswine|203/300|[from] item: Life Orb\n|move|p2a: Primeape|Close Combat|p1a: Mamoswine\n|-supereffective|p1a: Mamoswine\n|-damage|p1a: Mamoswine|0 fnt\n|-unboost|p2a: Primeape|def|1\n|-unboost|p2a: Primeape|spd|1\n|faint|p1a: Mamoswine\n|\n|upkeep\n|\n|t:|1770300676\n|switch|p1a: Raticate|Raticate, L88, F|240/240\n|-damage|p1a: Raticate|210/240|[from] Stealth Rock\n|turn|17\n|\n|t:|1770300681\n|move|p1a: Raticate|Facade|p2a: Primeape\n|-damage|p2a: Primeape|42/255\n|move|p2a: Primeape|Close Combat|p1a: Raticate\n|-supereffective|p1a: Raticate\n|-damage|p1a: Raticate|0 fnt\n|-unboost|p2a: Primeape|def|1\n|-unboost|p2a: Primeape|spd|1\n|faint|p1a: Raticate\n|\n|upkeep\n|\n|t:|1770300683\n|switch|p1a: Kabutops|Kabutops, L87, M|246/246\n|-damage|p1a: Kabutops|216/246|[from] Stealth Rock\n|turn|18\n|\n|t:|1770300687\n|move|p2a: Primeape|Close Combat|p1a: Kabutops\n|-supereffective|p1a: Kabutops\n|-damage|p1a: Kabutops|0 fnt\n|-unboost|p2a: Primeape|def|1\n|-unboost|p2a: Primeape|spd|1\n|faint|p1a: Kabutops\n|\n|win|waterrowing\n|raw|strikertay15's rating: 1519 &rarr; <strong>1503</strong><br />(-16 for losing)\n|raw|waterrowing's rating: 1581 &rarr; <strong>1597</strong><br />(+16 for winning)\n|l|☆strikertay15\n|player|p1|\n", "inputlog": ">version ccdc32dd7cde25fd9e4bed64820e885f66e78a4e\n>start {\"formatid\":\"gen6randombattle\",\"seed\":\"sodium,c79f6c6f6ed38b8b6e7f65f4d1d738ad\",\"rated\":\"Rated battle\"}\n>player p1 {\"name\":\"strikertay15\",\"avatar\":\"2\",\"rating\":1519,\"seed\":\"sodium,15f36f3d36ae0ac126d239d3057064f9\"}\n>player p2 {\"name\":\"waterrowing\",\"avatar\":\"169\",\"rating\":1581,\"seed\":\"sodium,0046bcecf533f7d9f287c1979cbb22aa\"}\n>p1 switch 2\n>p2 move hiddenpower\n>p1 move calmmind\n>p2 switch 6\n>p1 move grassknot\n>p2 move thunderwave\n>p1 move fireblast\n>p2 move stealthrock\n>p1 move fireblast\n>p2 move earthpower\n>p1 move grassknot\n>p2 move powergem\n>p1 switch 2\n>p1 move gigadrain\n>p2 switch 6\n>p1 move sleeppowder\n>p2 move hiddenpower\n>p1 switch 5\n>p2 move hiddenpower\n>p1 move nastyplot\n>p2 switch 6\n>p1 move psyshock\n>p2 move thunderwave\n>p2 switch 5\n>p1 move psyshock\n>p2 move closecombat\n>p1 switch 5\n>p1 move gigadrain\n>p2 switch 6\n>p1 move gigadrain\n>p2 move hiddenpower\n>p1 switch 6\n>p1 move iciclecrash\n>p2 move hiddenpower\n>p2 switch 6\n>p1 move iceshard\n>p2 move closecombat\n>p1 switch 3\n>p1 move facade\n>p2 move closecombat\n>p1 switch 4\n>p1 move waterfall\n>p2 move closecombat", "uploadtime": 1770300690, "views": 254, "formatid": "gen6randombattle", "rating": 1503, "private": 0, "password": null}