{"id": "gen6randombattle-2516590826", "format": "[Gen 6] Random Battle", "players": ["A-noldi", "enchantedcrocs"], "log": "|j|☆A-noldi\n|j|☆enchantedcrocs\n|t:|1768159134\n|gametype|singles\n|player|p1|A-noldi|acetrainer-gen3|1592\n|player|p2|enchantedcrocs|nate|1735\n|gen|6\n|tier|[Gen 6] Random Battle\n|rated|\n|rule|Sleep Clause Mod: Limit one foe put to sleep\n|rule|HP Percentage Mod: HP is shown in percentages\n|rule|Illusion Level Mod: Illusion disguises the Pokémon's true level\n|\n|t:|1768159134\n|teamsize|p1|6\n|teamsize|p2|6\n|start\n|switch|p1a: Cresselia|Cresselia, L80, F|323/323\n|switch|p2a: Serperior|Serperior, L80, F|251/251\n|turn|1\n|inactive|Battle timer is ON: inactive players will automatically lose when time's up. (requested by A-noldi)\n|\n|t:|1768159156\n|move|p2a: Serperior|Substitute|p2a: Serperior\n|-start|p2a: Serperior|Substitute\n|-damage|p2a: Serperior|189/251\n|move|p1a: Cresselia|Calm Mind|p1a: Cresselia\n|-boost|p1a: Cresselia|spa|1\n|-boost|p1a: Cresselia|spd|1\n|\n|-heal|p2a: Serperior|204/251|[from] item: Leftovers\n|upkeep\n|turn|2\n|\n|t:|1768159163\n|move|p2a: Serperior|Leaf Storm|p1a: Cresselia\n|-damage|p1a: Cresselia|269/323\n|-boost|p2a: Serperior|spa|2\n|move|p1a: Cresselia|Calm Mind|p1a: Cresselia\n|-boost|p1a: Cresselia|spa|1\n|-boost|p1a: Cresselia|spd|1\n|\n|-heal|p2a: Serperior|219/251|[from] item: Leftovers\n|-heal|p1a: Cresselia|289/323|[from] item: Leftovers\n|upkeep\n|turn|3\n|\n|t:|1768159168\n|move|p2a: Serperior|Leaf Storm|p1a: Cresselia\n|-damage|p1a: Cresselia|205/323\n|-boost|p2a: Serperior|spa|2\n|move|p1a: Cresselia|Psyshock|p2a: Serperior\n|-end|p2a: Serperior|Substitute\n|\n|-heal|p2a: Serperior|234/251|[from] item: Leftovers\n|-heal|p1a: Cresselia|225/323|[from] item: Leftovers\n|upkeep\n|turn|4\n|\n|t:|1768159185\n|move|p2a: Serperior|Leech Seed|p1a: Cresselia\n|-start|p1a: Cresselia|move: Leech Seed\n|move|p1a: Cresselia|Moonlight|p1a: Cresselia\n|-heal|p1a: Cresselia|323/323\n|\n|-heal|p2a: Serperior|249/251|[from] item: Leftovers\n|-damage|p1a: Cresselia|283/323|[from] Leech Seed|[of] p2a: Serperior\n|-heal|p2a: Serperior|251/251|[silent]\n|upkeep\n|turn|5\n|\n|t:|1768159191\n|move|p2a: Serperior|Substitute|p2a: Serperior\n|-start|p2a: Serperior|Substitute\n|-damage|p2a: Serperior|189/251\n|move|p1a: Cresselia|Psyshock|p2a: Serperior\n|-end|p2a: Serperior|Substitute\n|\n|-heal|p2a: Serperior|204/251|[from] item: Leftovers\n|-heal|p1a: Cresselia|303/323|[from] item: Leftovers\n|-damage|p1a: Cresselia|263/323|[from] Leech Seed|[of] p2a: Serperior\n|-heal|p2a: Serperior|244/251|[silent]\n|upkeep\n|turn|6\n|\n|t:|1768159201\n|move|p2a: Serperior|Leaf Storm|p1a: Cresselia\n|-damage|p1a: Cresselia|146/323\n|-boost|p2a: Serperior|spa|2\n|move|p1a: Cresselia|Psyshock|p2a: Serperior\n|-damage|p2a: Serperior|105/251\n|\n|-heal|p2a: Serperior|120/251|[from] item: Leftovers\n|-heal|p1a: Cresselia|166/323|[from] item: Leftovers\n|-damage|p1a: Cresselia|126/323|[from] Leech Seed|[of] p2a: Serperior\n|-heal|p2a: Serperior|160/251|[silent]\n|upkeep\n|turn|7\n|\n|t:|1768159212\n|switch|p1a: Magnezone|Magnezone, L82|249/249\n|move|p2a: Serperior|Leaf Storm|p1a: Magnezone\n|-resisted|p1a: Magnezone\n|-damage|p1a: Magnezone|41/249\n|\n|-heal|p2a: Serperior|175/251|[from] item: Leftovers\n|-heal|p1a: Magnezone|56/249|[from] item: Leftovers\n|upkeep\n|turn|8\n|-message|A-noldi forfeited.\n|\n|win|enchantedcrocs\n|raw|A-noldi's rating: 1592 &rarr; <strong>1580</strong><br />(-12 for losing)\n|raw|enchantedcrocs's rating: 1735 &rarr; <strong>1747</strong><br />(+12 for winning)\n|l|☆A-noldi\n|player|p1|\n", "inputlog": ">version f2883557ca71b1a14bc1039fd307aee7de4ab455\n>start {\"formatid\":\"gen6randombattle\",\"seed\":\"sodium,4a33ef9a234cbb800f0e7fccc87af8fa\",\"rated\":\"Rated battle\"}\n>player p1 {\"name\":\"A-noldi\",\"avatar\":\"acetrainer-gen3\",\"rating\":1592,\"seed\":\"sodium,603915dcb17d5436d41767f5236f0fed\"}\n>player p2 {\"name\":\"enchantedcrocs\",\"avatar\":\"nate\",\"rating\":1735,\"seed\":\"sodium,ad28bddc3d9cadd1dd971681e5a4be4a\"}\n>p1 move calmmind\n>p2 move substitute\n>p1 move calmmind\n>p2 move leafstorm\n>p1 move psyshock\n>p2 move leafstorm\n>p1 move moonlight\n>p2 move leechseed\n>p1 move psyshock\n>p2 move substitute\n>p1 move psyshock\n>p2 move leafstorm\n>p1 switch 6\n>p2 move leafstorm\n>forcelose p1", "uploadtime": 1768159230, "views": 249, "formatid": "gen6randombattle", "rating": 1580, "private": 0, "password": null}