{"id": "gen6randombattle-2531296191", "format": "[Gen 6] Random Battle", "players": ["Blatjanglover", "Noyon6236"], "log": "|j|☆Blatjanglover\n|j|☆Noyon6236\n|t:|1770043544\n|gametype|singles\n|player|p1|Blatjanglover|brock|1572\n|player|p2|Noyon6236|102|1676\n|gen|6\n|tier|[Gen 6] Random Battle\n|rated|\n|rule|Sleep Clause Mod: Limit one foe put to sleep\n|rule|HP Percentage Mod: HP is shown in percentages\n|rule|Illusion Level Mod: Illusion disguises the Pokémon's true level\n|\n|t:|1770043544\n|teamsize|p1|6\n|teamsize|p2|6\n|start\n|switch|p1a: Butterfree|Butterfree, L92, F|259/259\n|switch|p2a: Genesect|Genesect, L72|221/221\n|-ability|p2a: Genesect|Download|boost\n|-boost|p2a: Genesect|atk|1\n|turn|1\n|\n|t:|1770043564\n|move|p2a: Genesect|U-turn|p1a: Butterfree\n|-resisted|p1a: Butterfree\n|-damage|p1a: Butterfree|197/259\n|\n|t:|1770043569\n|switch|p2a: Articuno|Articuno, L84|287/287|[from] U-turn\n|-ability|p2a: Articuno|Pressure\n|move|p1a: Butterfree|Sleep Powder|p2a: Articuno\n|-status|p2a: Articuno|slp|[from] move: Sleep Powder\n|\n|-heal|p1a: Butterfree|213/259|[from] item: Leftovers\n|upkeep\n|turn|2\n|inactive|Battle timer is ON: inactive players will automatically lose when time's up. (requested by Noyon6236)\n|\n|t:|1770043589\n|cant|p2a: Articuno|slp\n|move|p1a: Butterfree|Quiver Dance|p1a: Butterfree\n|-boost|p1a: Butterfree|spa|1\n|-boost|p1a: Butterfree|spd|1\n|-boost|p1a: Butterfree|spe|1\n|\n|-heal|p1a: Butterfree|229/259|[from] item: Leftovers\n|upkeep\n|turn|3\n|\n|t:|1770043599\n|move|p1a: Butterfree|Bug Buzz|p2a: Articuno\n|-resisted|p2a: Articuno\n|-damage|p2a: Articuno|167/287 slp\n|-curestatus|p2a: Articuno|slp|[msg]\n|move|p2a: Articuno|Toxic|p1a: Butterfree\n|-status|p1a: Butterfree|tox\n|\n|-heal|p1a: Butterfree|245/259 tox|[from] item: Leftovers\n|-heal|p2a: Articuno|184/287|[from] item: Leftovers\n|-damage|p1a: Butterfree|229/259 tox|[from] psn\n|upkeep\n|turn|4\n|\n|t:|1770043605\n|move|p1a: Butterfree|Quiver Dance|p1a: Butterfree\n|-boost|p1a: Butterfree|spa|1\n|-boost|p1a: Butterfree|spd|1\n|-boost|p1a: Butterfree|spe|1\n|move|p2a: Articuno|Roost|p2a: Articuno\n|-heal|p2a: Articuno|287/287\n|-singleturn|p2a: Articuno|move: Roost\n|\n|-heal|p1a: Butterfree|245/259 tox|[from] item: Leftovers\n|-damage|p1a: Butterfree|213/259 tox|[from] psn\n|upkeep\n|turn|5\n|\n|t:|1770043621\n|move|p1a: Butterfree|Sleep Powder|p2a: Articuno\n|-status|p2a: Articuno|slp|[from] move: Sleep Powder\n|cant|p2a: Articuno|slp\n|\n|-heal|p1a: Butterfree|229/259 tox|[from] item: Leftovers\n|-damage|p1a: Butterfree|181/259 tox|[from] psn\n|upkeep\n|turn|6\n|\n|t:|1770043626\n|switch|p2a: Delcatty|Delcatty, M|302/302\n|move|p1a: Butterfree|Bug Buzz|p2a: Delcatty\n|-crit|p2a: Delcatty\n|-damage|p2a: Delcatty|0 fnt\n|faint|p2a: Delcatty\n|\n|-heal|p1a: Butterfree|197/259 tox|[from] item: Leftovers\n|-damage|p1a: Butterfree|133/259 tox|[from] psn\n|upkeep\n|\n|t:|1770043638\n|switch|p2a: Articuno|Articuno, L84|287/287 slp\n|-ability|p2a: Articuno|Pressure\n|turn|7\n|\n|t:|1770043641\n|move|p1a: Butterfree|Bug Buzz|p2a: Articuno\n|-resisted|p2a: Articuno\n|-damage|p2a: Articuno|139/287 slp\n|cant|p2a: Articuno|slp\n|\n|-heal|p1a: Butterfree|149/259 tox|[from] item: Leftovers\n|-heal|p2a: Articuno|156/287 slp|[from] item: Leftovers\n|-damage|p1a: Butterfree|69/259 tox|[from] psn\n|upkeep\n|turn|8\n|\n|t:|1770043668\n|move|p1a: Butterfree|Bug Buzz|p2a: Articuno\n|-resisted|p2a: Articuno\n|-damage|p2a: Articuno|0 fnt\n|faint|p2a: Articuno\n|\n|-heal|p1a: Butterfree|85/259 tox|[from] item: Leftovers\n|-damage|p1a: Butterfree|0 fnt|[from] psn\n|faint|p1a: Butterfree\n|upkeep\n|\n|t:|1770043677\n|switch|p2a: Genesect|Genesect, L72|221/221\n|switch|p1a: Blastoise|Blastoise, L81, F|261/261\n|-ability|p2a: Genesect|Download|boost\n|-boost|p2a: Genesect|atk|1\n|turn|9\n|\n|t:|1770043696\n|detailschange|p1a: Blastoise|Blastoise-Mega, L81, F\n|-mega|p1a: Blastoise|Blastoise|Blastoisinite\n|move|p2a: Genesect|U-turn|p1a: Blastoise\n|-damage|p1a: Blastoise|188/261\n|\n|t:|1770043702\n|switch|p2a: Hitmontop|Hitmontop, L89, M|234/234|[from] U-turn\n|-ability|p2a: Hitmontop|Intimidate|boost\n|-unboost|p1a: Blastoise|atk|1\n|move|p1a: Blastoise|Scald|p2a: Hitmontop\n|-damage|p2a: Hitmontop|182/234\n|\n|upkeep\n|turn|10\n|\n|t:|1770043712\n|move|p2a: Hitmontop|Close Combat|p1a: Blastoise\n|-damage|p1a: Blastoise|76/261\n|-unboost|p2a: Hitmontop|def|1\n|-unboost|p2a: Hitmontop|spd|1\n|move|p1a: Blastoise|Scald|p2a: Hitmontop\n|-crit|p2a: Hitmontop\n|-damage|p2a: Hitmontop|61/234\n|-status|p2a: Hitmontop|brn\n|\n|-damage|p2a: Hitmontop|32/234 brn|[from] brn\n|upkeep\n|turn|11\n|\n|t:|1770043722\n|switch|p1a: Vileplume|Vileplume, L87, F|272/272\n|move|p2a: Hitmontop|Close Combat|p1a: Vileplume\n|-resisted|p1a: Vileplume\n|-damage|p1a: Vileplume|240/272\n|-unboost|p2a: Hitmontop|def|1\n|-unboost|p2a: Hitmontop|spd|1\n|\n|-heal|p1a: Vileplume|257/272|[from] item: Black Sludge\n|-damage|p2a: Hitmontop|3/234 brn|[from] brn\n|upkeep\n|turn|12\n|\n|t:|1770043744\n|move|p2a: Hitmontop|Stone Edge|p1a: Vileplume\n|-damage|p1a: Vileplume|218/272\n|move|p1a: Vileplume|Hidden Power|p2a: Hitmontop\n|-damage|p2a: Hitmontop|0 fnt\n|faint|p2a: Hitmontop\n|\n|-heal|p1a: Vileplume|235/272|[from] item: Black Sludge\n|upkeep\n|\n|t:|1770043750\n|switch|p2a: Raticate|Raticate, L88, M|240/240\n|turn|13\n|\n|t:|1770043755\n|move|p2a: Raticate|Swords Dance|p2a: Raticate\n|-boost|p2a: Raticate|atk|2\n|move|p1a: Vileplume|Sludge Bomb|p2a: Raticate\n|-damage|p2a: Raticate|116/240\n|\n|-heal|p1a: Vileplume|252/272|[from] item: Black Sludge\n|-status|p2a: Raticate|tox|[from] item: Toxic Orb\n|upkeep\n|turn|14\n|\n|t:|1770043766\n|move|p2a: Raticate|Facade|p1a: Vileplume\n|-damage|p1a: Vileplume|0 fnt\n|faint|p1a: Vileplume\n|\n|-damage|p2a: Raticate|101/240 tox|[from] psn\n|upkeep\n|\n|t:|1770043780\n|switch|p1a: Blastoise|Blastoise-Mega, L81, F|76/261\n|turn|15\n|\n|t:|1770043800\n|move|p2a: Raticate|Facade|p1a: Blastoise\n|-damage|p1a: Blastoise|0 fnt\n|faint|p1a: Blastoise\n|detailschange|p1: Blastoise|Blastoise, L81, F|[silent]\n|\n|-damage|p2a: Raticate|71/240 tox|[from] psn\n|upkeep\n|\n|t:|1770043815\n|switch|p1a: Deoxys|Deoxys-Attack, L72|191/191\n|-ability|p1a: Deoxys|Pressure\n|turn|16\n|\n|t:|1770043841\n|switch|p1a: Sawsbuck|Sawsbuck-Winter, L86, M|278/278\n|switch|p2a: Hydreigon|Hydreigon, L80, M|278/278\n|\n|upkeep\n|turn|17\n|\n|t:|1770043850\n|move|p1a: Sawsbuck|Substitute|p1a: Sawsbuck\n|-start|p1a: Sawsbuck|Substitute\n|-damage|p1a: Sawsbuck|209/278\n|move|p2a: Hydreigon|Fire Blast|p1a: Sawsbuck\n|-supereffective|p1a: Sawsbuck\n|-end|p1a: Sawsbuck|Substitute\n|-damage|p2a: Hydreigon|251/278|[from] item: Life Orb\n|\n|-heal|p1a: Sawsbuck|226/278|[from] item: Leftovers\n|upkeep\n|turn|18\n|\n|t:|1770043854\n|move|p1a: Sawsbuck|Substitute|p1a: Sawsbuck\n|-start|p1a: Sawsbuck|Substitute\n|-damage|p1a: Sawsbuck|157/278\n|move|p2a: Hydreigon|Fire Blast|p1a: Sawsbuck\n|-supereffective|p1a: Sawsbuck\n|-end|p1a: Sawsbuck|Substitute\n|-damage|p2a: Hydreigon|224/278|[from] item: Life Orb\n|\n|-heal|p1a: Sawsbuck|174/278|[from] item: Leftovers\n|upkeep\n|turn|19\n|\n|t:|1770043857\n|move|p1a: Sawsbuck|Substitute|p1a: Sawsbuck\n|-start|p1a: Sawsbuck|Substitute\n|-damage|p1a: Sawsbuck|105/278\n|move|p2a: Hydreigon|Dark Pulse|p1a: Sawsbuck\n|-end|p1a: Sawsbuck|Substitute\n|-damage|p2a: Hydreigon|197/278|[from] item: Life Orb\n|\n|-heal|p1a: Sawsbuck|122/278|[from] item: Leftovers\n|upkeep\n|turn|20\n|\n|t:|1770043864\n|move|p1a: Sawsbuck|Substitute|p1a: Sawsbuck\n|-start|p1a: Sawsbuck|Substitute\n|-damage|p1a: Sawsbuck|53/278\n|move|p2a: Hydreigon|Dark Pulse|p1a: Sawsbuck\n|-end|p1a: Sawsbuck|Substitute\n|-damage|p2a: Hydreigon|170/278|[from] item: Life Orb\n|\n|-heal|p1a: Sawsbuck|70/278|[from] item: Leftovers\n|upkeep\n|turn|21\n|\n|t:|1770043868\n|move|p1a: Sawsbuck|Substitute|p1a: Sawsbuck\n|-start|p1a: Sawsbuck|Substitute\n|-damage|p1a: Sawsbuck|1/278\n|move|p2a: Hydreigon|Roost|p2a: Hydreigon\n|-heal|p2a: Hydreigon|278/278\n|-singleturn|p2a: Hydreigon|move: Roost\n|\n|-heal|p1a: Sawsbuck|18/278|[from] item: Leftovers\n|upkeep\n|turn|22\n|\n|t:|1770043871\n|move|p1a: Sawsbuck|Swords Dance|p1a: Sawsbuck\n|-boost|p1a: Sawsbuck|atk|2\n|move|p2a: Hydreigon|Dark Pulse|p1a: Sawsbuck\n|-end|p1a: Sawsbuck|Substitute\n|-damage|p2a: Hydreigon|251/278|[from] item: Life Orb\n|\n|-heal|p1a: Sawsbuck|35/278|[from] item: Leftovers\n|upkeep\n|turn|23\n|\n|t:|1770043874\n|move|p1a: Sawsbuck|Return|p2a: Hydreigon\n|-damage|p2a: Hydreigon|0 fnt\n|faint|p2a: Hydreigon\n|\n|-heal|p1a: Sawsbuck|52/278|[from] item: Leftovers\n|upkeep\n|\n|t:|1770043878\n|switch|p2a: Raticate|Raticate, L88, M|71/240 tox\n|turn|24\n|\n|t:|1770043884\n|move|p2a: Raticate|Crunch|p1a: Sawsbuck\n|-damage|p1a: Sawsbuck|0 fnt\n|faint|p1a: Sawsbuck\n|\n|-damage|p2a: Raticate|56/240 tox|[from] psn\n|upkeep\n|\n|t:|1770043886\n|switch|p1a: Deoxys|Deoxys-Attack, L72|191/191\n|-ability|p1a: Deoxys|Pressure\n|turn|25\n|\n|t:|1770043890\n|move|p1a: Deoxys|Knock Off|p2a: Raticate\n|-damage|p2a: Raticate|0 fnt\n|-enditem|p2a: Raticate|Toxic Orb|[from] move: Knock Off|[of] p1a: Deoxys\n|faint|p2a: Raticate\n|-damage|p1a: Deoxys|172/191|[from] item: Life Orb\n|\n|upkeep\n|\n|t:|1770043892\n|switch|p2a: Genesect|Genesect, L72|221/221\n|-ability|p2a: Genesect|Download|boost\n|-boost|p2a: Genesect|spa|1\n|turn|26\n|\n|t:|1770043897\n|move|p1a: Deoxys|Knock Off|p2a: Genesect\n|-crit|p2a: Genesect\n|-damage|p2a: Genesect|59/221\n|-enditem|p2a: Genesect|Choice Specs|[from] move: Knock Off|[of] p1a: Deoxys\n|-damage|p1a: Deoxys|153/191|[from] item: Life Orb\n|move|p2a: Genesect|Bug Buzz|p1a: Deoxys\n|-supereffective|p1a: Deoxys\n|-damage|p1a: Deoxys|0 fnt\n|faint|p1a: Deoxys\n|\n|upkeep\n|\n|t:|1770043900\n|switch|p1a: Miltank|Miltank, L84, F|297/297\n|turn|27\n|\n|t:|1770043919\n|move|p1a: Miltank|Earthquake|p2a: Genesect\n|-damage|p2a: Genesect|0 fnt\n|faint|p2a: Genesect\n|\n|win|Blatjanglover\n|raw|Blatjanglover's rating: 1572 &rarr; <strong>1598</strong><br />(+26 for winning)\n|raw|Noyon6236's rating: 1676 &rarr; <strong>1650</strong><br />(-26 for losing)\n|l|☆Noyon6236\n|player|p2|\n", "inputlog": ">version ccdc32dd7cde25fd9e4bed64820e885f66e78a4e\n>start {\"formatid\":\"gen6randombattle\",\"seed\":\"sodium,3fa55cfecb0eea171342ac3ce3d61086\",\"rated\":\"Rated battle\"}\n>player p1 {\"name\":\"Blatjanglover\",\"avatar\":\"brock\",\"rating\":1572,\"seed\":\"sodium,4ea1414df23f5e541b0efa7ca7d9e072\"}\n>player p2 {\"name\":\"Noyon6236\",\"avatar\":\"102\",\"rating\":1676,\"seed\":\"sodium,8d64bd0e5ba16ca1de27aa625fb09164\"}\n>p1 move sleeppowder\n>p2 move uturn\n>p2 switch 2\n>p1 move quiverdance\n>p2 move toxic\n>p1 move bugbuzz\n>p2 move toxic\n>p1 move quiverdance\n>p2 move roost\n>p1 move sleeppowder\n>p2 move roost\n>p1 move bugbuzz\n>p2 switch 4\n>p2 switch 4\n>p1 move bugbuzz\n>p2 move roost\n>p1 move bugbuzz\n>p2 move roost\n>p1 switch 6\n>p2 switch 2\n>p1 move scald mega\n>p2 move uturn\n>p2 switch 5\n>p1 move scald\n>p2 move closecombat\n>p1 switch 5\n>p2 move closecombat\n>p1 move hiddenpower\n>p2 move stoneedge\n>p2 switch 6\n>p1 move sludgebomb\n>p2 move swordsdance\n>p1 move sludgebomb\n>p2 move facade\n>p1 switch 5\n>p1 move scald\n>p2 move facade\n>p1 switch 3\n>p1 switch 2\n>p2 switch 3\n>p1 move substitute\n>p2 move fireblast\n>p1 move substitute\n>p2 move fireblast\n>p1 move substitute\n>p2 move darkpulse\n>p1 move substitute\n>p2 move darkpulse\n>p1 move substitute\n>p2 move roost\n>p1 move swordsdance\n>p2 move darkpulse\n>p1 move return\n>p2 move darkpulse\n>p2 switch 3\n>p1 move return\n>p2 move crunch\n>p1 switch 2\n>p1 move knockoff\n>p2 move crunch\n>p2 switch 5\n>p1 move knockoff\n>p2 move bugbuzz\n>p1 switch 4\n>p1 move earthquake\n>p2 move bugbuzz", "uploadtime": 1770043953, "views": 217, "formatid": "gen6randombattle", "rating": 1598, "private": 0, "password": null}