{"id": "gen6randombattle-2521931808", "format": "[Gen 6] Random Battle", "players": ["arboretums", "Yomamma777"], "log": "|j|☆arboretums\n|j|☆Yomamma777\n|t:|1768842653\n|gametype|singles\n|player|p1|arboretums|serena-masters2|1677\n|player|p2|Yomamma777|169|1672\n|gen|6\n|tier|[Gen 6] Random Battle\n|rated|\n|rule|Sleep Clause Mod: Limit one foe put to sleep\n|rule|HP Percentage Mod: HP is shown in percentages\n|rule|Illusion Level Mod: Illusion disguises the Pokémon's true level\n|\n|t:|1768842653\n|teamsize|p1|6\n|teamsize|p2|6\n|start\n|switch|p1a: Hypno|Hypno, L96, F|319/319\n|switch|p2a: Dewgong|Dewgong, L94, M|322/322\n|turn|1\n|inactive|Battle timer is ON: inactive players will automatically lose when time's up. (requested by arboretums)\n|\n|t:|1768842661\n|move|p2a: Dewgong|Toxic|p1a: Hypno\n|-status|p1a: Hypno|tox\n|move|p1a: Hypno|Toxic|p2a: Dewgong\n|-status|p2a: Dewgong|tox\n|\n|-damage|p2a: Dewgong|302/322 tox|[from] psn\n|-damage|p1a: Hypno|300/319 tox|[from] psn\n|upkeep\n|turn|2\n|\n|t:|1768842676\n|switch|p1a: Machamp|Machamp, L81, M|278/278\n|move|p2a: Dewgong|Encore||[still]\n|-fail|p2a: Dewgong\n|\n|-heal|p2a: Dewgong|322/322 tox|[from] item: Leftovers\n|-damage|p2a: Dewgong|282/322 tox|[from] psn\n|upkeep\n|turn|3\n|\n|t:|1768842695\n|switch|p2a: Gliscor|Gliscor, L77, M|242/242\n|switch|p1a: Hypno|Hypno, L96, F|300/319 tox\n|\n|-heal|p1a: Hypno|319/319 tox|[from] item: Leftovers\n|-damage|p1a: Hypno|300/319 tox|[from] psn\n|-status|p2a: Gliscor|tox|[from] item: Toxic Orb\n|upkeep\n|turn|4\n|\n|t:|1768842710\n|move|p2a: Gliscor|Substitute|p2a: Gliscor\n|-start|p2a: Gliscor|Substitute\n|-damage|p2a: Gliscor|182/242 tox\n|move|p1a: Hypno|Wish|p1a: Hypno\n|\n|-heal|p1a: Hypno|319/319 tox|[from] item: Leftovers\n|-heal|p2a: Gliscor|212/242 tox|[from] ability: Poison Heal\n|-damage|p1a: Hypno|281/319 tox|[from] psn\n|upkeep\n|turn|5\n|\n|t:|1768842719\n|switch|p1a: Steelix|Steelix, L80, F|251/251\n|move|p2a: Gliscor|Earthquake|p1a: Steelix\n|-supereffective|p1a: Steelix\n|-crit|p1a: Steelix\n|-damage|p1a: Steelix|101/251\n|\n|-heal|p1a: Steelix|251/251|[from] move: Wish|[wisher] Hypno\n|-heal|p2a: Gliscor|242/242 tox|[from] ability: Poison Heal\n|upkeep\n|turn|6\n|\n|t:|1768842725\n|detailschange|p1a: Steelix|Steelix-Mega, L80, F\n|-mega|p1a: Steelix|Steelix|Steelixite\n|move|p2a: Gliscor|Earthquake|p1a: Steelix\n|-supereffective|p1a: Steelix\n|-damage|p1a: Steelix|165/251\n|move|p1a: Steelix|Stealth Rock|p2a: Gliscor\n|-sidestart|p2: Yomamma777|move: Stealth Rock\n|\n|upkeep\n|turn|7\n|\n|t:|1768842733\n|move|p2a: Gliscor|Earthquake|p1a: Steelix\n|-supereffective|p1a: Steelix\n|-damage|p1a: Steelix|79/251\n|move|p1a: Steelix|Heavy Slam|p2a: Gliscor\n|-crit|p2a: Gliscor\n|-end|p2a: Gliscor|Substitute\n|\n|upkeep\n|turn|8\n|\n|t:|1768842742\n|switch|p1a: Beautifly|Beautifly, L99, F|279/279\n|move|p2a: Gliscor|Substitute|p2a: Gliscor\n|-start|p2a: Gliscor|Substitute\n|-damage|p2a: Gliscor|182/242 tox\n|\n|-heal|p2a: Gliscor|212/242 tox|[from] ability: Poison Heal\n|upkeep\n|turn|9\n|\n|t:|1768842745\n|move|p2a: Gliscor|Toxic|p1a: Beautifly|[miss]\n|-miss|p2a: Gliscor|p1a: Beautifly\n|move|p1a: Beautifly|Quiver Dance|p1a: Beautifly\n|-boost|p1a: Beautifly|spa|1\n|-boost|p1a: Beautifly|spd|1\n|-boost|p1a: Beautifly|spe|1\n|\n|-heal|p2a: Gliscor|242/242 tox|[from] ability: Poison Heal\n|upkeep\n|turn|10\n|\n|t:|1768842750\n|move|p1a: Beautifly|Quiver Dance|p1a: Beautifly\n|-boost|p1a: Beautifly|spa|1\n|-boost|p1a: Beautifly|spd|1\n|-boost|p1a: Beautifly|spe|1\n|move|p2a: Gliscor|Toxic|p1a: Beautifly\n|-status|p1a: Beautifly|tox\n|\n|-damage|p1a: Beautifly|262/279 tox|[from] psn\n|upkeep\n|turn|11\n|\n|t:|1768842757\n|switch|p2a: Snorlax|Snorlax, L81, M|392/392\n|-damage|p2a: Snorlax|343/392|[from] Stealth Rock\n|move|p1a: Beautifly|Bug Buzz|p2a: Snorlax\n|-damage|p2a: Snorlax|96/392\n|\n|-heal|p1a: Beautifly|279/279 tox|[from] item: Leftovers\n|-heal|p2a: Snorlax|120/392|[from] item: Leftovers\n|-damage|p1a: Beautifly|245/279 tox|[from] psn\n|upkeep\n|turn|12\n|\n|t:|1768842768\n|move|p1a: Beautifly|Bug Buzz|p2a: Snorlax\n|-damage|p2a: Snorlax|0 fnt\n|faint|p2a: Snorlax\n|\n|-heal|p1a: Beautifly|262/279 tox|[from] item: Leftovers\n|-damage|p1a: Beautifly|211/279 tox|[from] psn\n|upkeep\n|\n|t:|1768842771\n|switch|p2a: Wormadam|Wormadam-Trash, L88, F|249/249\n|-damage|p2a: Wormadam|218/249|[from] Stealth Rock\n|turn|13\n|\n|t:|1768842783\n|move|p2a: Wormadam|Protect|p2a: Wormadam\n|-singleturn|p2a: Wormadam|Protect\n|move|p1a: Beautifly|Air Cutter|p2a: Wormadam\n|-activate|p2a: Wormadam|move: Protect\n|\n|-heal|p1a: Beautifly|228/279 tox|[from] item: Leftovers\n|-heal|p2a: Wormadam|233/249|[from] item: Leftovers\n|-damage|p1a: Beautifly|160/279 tox|[from] psn\n|upkeep\n|turn|14\n|\n|t:|1768842792\n|move|p1a: Beautifly|Air Cutter|p2a: Wormadam|[miss]\n|-miss|p1a: Beautifly|p2a: Wormadam\n|move|p2a: Wormadam|Stealth Rock|p1a: Beautifly\n|-sidestart|p1: arboretums|move: Stealth Rock\n|\n|-heal|p1a: Beautifly|177/279 tox|[from] item: Leftovers\n|-heal|p2a: Wormadam|248/249|[from] item: Leftovers\n|-damage|p1a: Beautifly|92/279 tox|[from] psn\n|upkeep\n|turn|15\n|\n|t:|1768842800\n|move|p1a: Beautifly|Quiver Dance|p1a: Beautifly\n|-boost|p1a: Beautifly|spa|1\n|-boost|p1a: Beautifly|spd|1\n|-boost|p1a: Beautifly|spe|1\n|move|p2a: Wormadam|Flash Cannon|p1a: Beautifly\n|-damage|p1a: Beautifly|52/279 tox\n|\n|-heal|p1a: Beautifly|69/279 tox|[from] item: Leftovers\n|-heal|p2a: Wormadam|249/249|[from] item: Leftovers\n|-damage|p1a: Beautifly|0 fnt|[from] psn\n|faint|p1a: Beautifly\n|upkeep\n|\n|t:|1768842823\n|switch|p1a: Machamp|Machamp, L81, M|278/278\n|-damage|p1a: Machamp|261/278|[from] Stealth Rock\n|turn|16\n|\n|t:|1768842830\n|move|p1a: Machamp|Bulk Up|p1a: Machamp\n|-boost|p1a: Machamp|atk|1\n|-boost|p1a: Machamp|def|1\n|move|p2a: Wormadam|Toxic|p1a: Machamp\n|-status|p1a: Machamp|tox\n|\n|-heal|p1a: Machamp|278/278 tox|[from] item: Leftovers\n|-damage|p1a: Machamp|261/278 tox|[from] psn\n|upkeep\n|turn|17\n|\n|t:|1768842837\n|move|p1a: Machamp|Dynamic Punch|p2a: Wormadam\n|-damage|p2a: Wormadam|90/249\n|-start|p2a: Wormadam|confusion\n|-activate|p2a: Wormadam|confusion\n|-damage|p2a: Wormadam|72/249|[from] confusion\n|\n|-heal|p1a: Machamp|278/278 tox|[from] item: Leftovers\n|-heal|p2a: Wormadam|87/249|[from] item: Leftovers\n|-damage|p1a: Machamp|244/278 tox|[from] psn\n|upkeep\n|turn|18\n|\n|t:|1768842845\n|move|p1a: Machamp|Dynamic Punch|p2a: Wormadam\n|-damage|p2a: Wormadam|0 fnt\n|faint|p2a: Wormadam\n|\n|-heal|p1a: Machamp|261/278 tox|[from] item: Leftovers\n|-damage|p1a: Machamp|210/278 tox|[from] psn\n|upkeep\n|\n|t:|1768842858\n|switch|p2a: Gliscor|Gliscor, L77, M|242/242 tox\n|-damage|p2a: Gliscor|212/242 tox|[from] Stealth Rock\n|turn|19\n|\n|t:|1768842870\n|move|p2a: Gliscor|Substitute|p2a: Gliscor\n|-start|p2a: Gliscor|Substitute\n|-damage|p2a: Gliscor|152/242 tox\n|move|p1a: Machamp|Dynamic Punch|p2a: Gliscor\n|-resisted|p2a: Gliscor\n|-end|p2a: Gliscor|Substitute\n|\n|-heal|p1a: Machamp|227/278 tox|[from] item: Leftovers\n|-heal|p2a: Gliscor|182/242 tox|[from] ability: Poison Heal\n|-damage|p1a: Machamp|159/278 tox|[from] psn\n|upkeep\n|turn|20\n|\n|t:|1768842880\n|move|p2a: Gliscor|Protect|p2a: Gliscor\n|-singleturn|p2a: Gliscor|Protect\n|move|p1a: Machamp|Dynamic Punch|p2a: Gliscor\n|-activate|p2a: Gliscor|move: Protect\n|\n|-heal|p1a: Machamp|176/278 tox|[from] item: Leftovers\n|-heal|p2a: Gliscor|212/242 tox|[from] ability: Poison Heal\n|-damage|p1a: Machamp|91/278 tox|[from] psn\n|upkeep\n|turn|21\n|\n|t:|1768842890\n|move|p2a: Gliscor|Substitute|p2a: Gliscor\n|-start|p2a: Gliscor|Substitute\n|-damage|p2a: Gliscor|152/242 tox\n|move|p1a: Machamp|Dynamic Punch|p2a: Gliscor\n|-resisted|p2a: Gliscor\n|-end|p2a: Gliscor|Substitute\n|\n|-heal|p1a: Machamp|108/278 tox|[from] item: Leftovers\n|-heal|p2a: Gliscor|182/242 tox|[from] ability: Poison Heal\n|-damage|p1a: Machamp|6/278 tox|[from] psn\n|upkeep\n|turn|22\n|\n|t:|1768842902\n|move|p2a: Gliscor|Protect|p2a: Gliscor\n|-singleturn|p2a: Gliscor|Protect\n|move|p1a: Machamp|Bullet Punch|p2a: Gliscor\n|-activate|p2a: Gliscor|move: Protect\n|\n|-heal|p1a: Machamp|23/278 tox|[from] item: Leftovers\n|-heal|p2a: Gliscor|212/242 tox|[from] ability: Poison Heal\n|-damage|p1a: Machamp|0 fnt|[from] psn\n|faint|p1a: Machamp\n|upkeep\n|\n|t:|1768842907\n|switch|p1a: Sawsbuck|Sawsbuck-Autumn, L86, F|277/277\n|-damage|p1a: Sawsbuck|243/277|[from] Stealth Rock\n|turn|23\n|\n|t:|1768842931\n|switch|p2a: Espeon|Espeon, L81, M|238/238\n|-damage|p2a: Espeon|209/238|[from] Stealth Rock\n|move|p1a: Sawsbuck|Swords Dance|p1a: Sawsbuck\n|-boost|p1a: Sawsbuck|atk|2\n|\n|upkeep\n|turn|24\n|\n|t:|1768842941\n|move|p2a: Espeon|Trick|p1a: Sawsbuck\n|-activate|p2a: Espeon|move: Trick|[of] p1a: Sawsbuck\n|-item|p1a: Sawsbuck|Choice Specs|[from] move: Trick\n|-item|p2a: Espeon|Life Orb|[from] move: Trick\n|move|p1a: Sawsbuck|Horn Leech|p2a: Espeon\n|-damage|p2a: Espeon|0 fnt\n|-heal|p1a: Sawsbuck|277/277|[from] drain|[of] p2a: Espeon\n|faint|p2a: Espeon\n|\n|upkeep\n|\n|t:|1768842951\n|switch|p2a: Gliscor|Gliscor, L77, M|212/242 tox\n|-damage|p2a: Gliscor|182/242 tox|[from] Stealth Rock\n|turn|25\n|\n|t:|1768842954\n|move|p1a: Sawsbuck|Horn Leech|p2a: Gliscor\n|-damage|p2a: Gliscor|41/242 tox\n|move|p2a: Gliscor|Toxic|p1a: Sawsbuck|[miss]\n|-miss|p2a: Gliscor|p1a: Sawsbuck\n|\n|-heal|p2a: Gliscor|71/242 tox|[from] ability: Poison Heal\n|upkeep\n|turn|26\n|\n|t:|1768842963\n|move|p2a: Gliscor|Protect|p2a: Gliscor\n|-singleturn|p2a: Gliscor|Protect\n|move|p1a: Sawsbuck|Horn Leech|p2a: Gliscor\n|-activate|p2a: Gliscor|move: Protect\n|\n|-heal|p2a: Gliscor|101/242 tox|[from] ability: Poison Heal\n|upkeep\n|turn|27\n|c|☆arboretums|Yo MAMA\n|\n|t:|1768842974\n|move|p2a: Gliscor|Protect||[still]\n|-fail|p2a: Gliscor\n|move|p1a: Sawsbuck|Horn Leech|p2a: Gliscor\n|-damage|p2a: Gliscor|0 fnt\n|faint|p2a: Gliscor\n|\n|upkeep\n|c|☆Yomamma777|So bullshit\n|l|☆Yomamma777\n|inactive|Yomamma777 disconnected and has a minute to reconnect!\n|player|p2|\n|c|☆arboretums|LOL\n|c|☆arboretums|you say this after you lucked the fuck out of me not an hour back\n|j|☆Yomamma777\n|inactive|Yomamma777 reconnected and has 125 seconds left.\n|player|p2|Yomamma777|169|\n|\n|t:|1768842999\n|switch|p2a: Dewgong|Dewgong, L94, M|282/322 tox\n|-damage|p2a: Dewgong|202/322 tox|[from] Stealth Rock\n|turn|28\n|inactive|Yomamma777 has 120 seconds left.\n|\n|t:|1768843017\n|move|p1a: Sawsbuck|Horn Leech|p2a: Dewgong\n|-supereffective|p2a: Dewgong\n|-damage|p2a: Dewgong|0 fnt\n|faint|p2a: Dewgong\n|\n|upkeep\n|\n|t:|1768843019\n|switch|p2a: Malamar|Malamar, L81, M|272/272\n|-damage|p2a: Malamar|238/272|[from] Stealth Rock\n|turn|29\n|\n|t:|1768843028\n|move|p1a: Sawsbuck|Horn Leech|p2a: Malamar\n|-damage|p2a: Malamar|46/272\n|move|p2a: Malamar|Superpower|p1a: Sawsbuck\n|-supereffective|p1a: Sawsbuck\n|-damage|p1a: Sawsbuck|93/277\n|-boost|p2a: Malamar|atk|1\n|-boost|p2a: Malamar|def|1\n|\n|upkeep\n|turn|30\n|c|☆Yomamma777|Get over yourself\n|\n|t:|1768843043\n|move|p1a: Sawsbuck|Horn Leech|p2a: Malamar\n|-damage|p2a: Malamar|0 fnt\n|-heal|p1a: Sawsbuck|116/277|[from] drain|[of] p2a: Malamar\n|faint|p2a: Malamar\n|\n|win|arboretums\n|raw|arboretums's rating: 1677 &rarr; <strong>1697</strong><br />(+20 for winning)\n|raw|Yomamma777's rating: 1672 &rarr; <strong>1652</strong><br />(-20 for losing)\n|c|☆arboretums|wise words from the intellectual phenom that is Yomamma777\n|c|☆Yomamma777|You got me\n|c|☆arboretums|gg doey\n|c|☆Yomamma777|Salty loser\n|l|☆Yomamma777\n|player|p2|\n", "inputlog": ">version 3bd1a1e329da8d286644078cfc9a9638fc7ea025\n>start {\"formatid\":\"gen6randombattle\",\"seed\":\"sodium,6895d1a9171adf2fbf8597e578feea5b\",\"rated\":\"Rated battle\"}\n>player p1 {\"name\":\"arboretums\",\"avatar\":\"serena-masters2\",\"rating\":1677,\"seed\":\"sodium,fdc2f675bfec8660e128c5f90a8317ca\"}\n>player p2 {\"name\":\"Yomamma777\",\"avatar\":\"169\",\"rating\":1672,\"seed\":\"sodium,e1438944de1ff653b2e6ab75029ea4a3\"}\n>p1 move toxic\n>p2 move toxic\n>p1 switch 4\n>p2 move encore\n>p1 switch 4\n>p2 switch 6\n>p1 move wish\n>p2 move substitute\n>p1 switch 5\n>p2 move earthquake\n>p1 move stealthrock mega\n>p2 move earthquake\n>p1 move heavyslam\n>p2 move earthquake\n>p1 switch 6\n>p2 move substitute\n>p1 move quiverdance\n>p2 move toxic\n>p1 move quiverdance\n>p2 move toxic\n>p1 move bugbuzz\n>p2 switch 4\n>p1 move bugbuzz\n>p2 move bodyslam\n>p2 switch 5\n>p1 move aircutter\n>p2 move protect\n>p1 move aircutter\n>p2 move stealthrock\n>p1 move quiverdance\n>p2 move flashcannon\n>p1 switch 4\n>p1 move bulkup\n>p2 move toxic\n>p1 move dynamicpunch\n>p2 move flashcannon\n>p1 move dynamicpunch\n>p2 move flashcannon\n>p2 switch 4\n>p1 move dynamicpunch\n>p2 move substitute\n>p1 move dynamicpunch\n>p2 move protect\n>p1 move dynamicpunch\n>p2 move substitute\n>p1 move bulletpunch\n>p2 move protect\n>p1 switch 3\n>p1 move swordsdance\n>p2 switch 3\n>p1 move hornleech\n>p2 move trick\n>p2 switch 3\n>p1 move hornleech\n>p2 move toxic\n>p1 move hornleech\n>p2 move protect\n>chat ☆arboretums|Yo MAMA\n>p1 move hornleech\n>p2 move protect\n>chat ☆Yomamma777|So bullshit\n>chat ☆arboretums|LOL\n>chat ☆arboretums|you say this after you lucked the fuck out of me not an hour back\n>p2 switch 6\n>p1 move hornleech\n>p2 move icebeam\n>p2 switch 2\n>p1 move hornleech\n>p2 move superpower\n>chat ☆Yomamma777|Get over yourself \n>p1 move hornleech\n>p2 move rest", "uploadtime": 1768843050, "views": 311, "formatid": "gen6randombattle", "rating": 1652, "private": 0, "password": null}