{"id": "gen6randombattle-2519305269", "format": "[Gen 6] Random Battle", "players": ["arboretums", "King_MakiX"], "log": "|j|☆arboretums\n|j|☆King_MakiX\n|t:|1768494036\n|gametype|singles\n|player|p1|arboretums|whitney-masters|1602\n|player|p2|King_MakiX|101|1601\n|gen|6\n|tier|[Gen 6] Random Battle\n|rated|\n|rule|Sleep Clause Mod: Limit one foe put to sleep\n|rule|HP Percentage Mod: HP is shown in percentages\n|rule|Illusion Level Mod: Illusion disguises the Pokémon's true level\n|\n|t:|1768494036\n|teamsize|p1|6\n|teamsize|p2|6\n|start\n|switch|p1a: Ditto|Ditto, L84|218/218\n|switch|p2a: Kabutops|Kabutops, L87, F|246/246\n|-transform|p1a: Ditto|p2a: Kabutops|[from] ability: Imposter\n|turn|1\n|inactive|Battle timer is ON: inactive players will automatically lose when time's up. (requested by King_MakiX)\n|\n|t:|1768494067\n|switch|p2a: Sceptile|Sceptile, L81, M|246/246\n|move|p1a: Ditto|Waterfall|p2a: Sceptile\n|-resisted|p2a: Sceptile\n|-damage|p2a: Sceptile|176/246\n|\n|upkeep\n|turn|2\n|\n|t:|1768494081\n|switch|p1a: Giratina|Giratina, L73|339/339\n|-ability|p1a: Giratina|Pressure\n|detailschange|p2a: Sceptile|Sceptile-Mega, L81, M\n|-mega|p2a: Sceptile|Sceptile|Sceptilite\n|move|p2a: Sceptile|Earthquake|p1a: Giratina\n|-damage|p1a: Giratina|272/339\n|\n|-heal|p1a: Giratina|293/339|[from] item: Leftovers\n|upkeep\n|turn|3\n|\n|t:|1768494085\n|move|p2a: Sceptile|Outrage|p1a: Giratina\n|-supereffective|p1a: Giratina\n|-damage|p1a: Giratina|45/339\n|move|p1a: Giratina|Will-O-Wisp|p2a: Sceptile\n|-status|p2a: Sceptile|brn\n|\n|-heal|p1a: Giratina|66/339|[from] item: Leftovers\n|-damage|p2a: Sceptile|146/246 brn|[from] brn\n|upkeep\n|turn|4\n|\n|t:|1768494095\n|switch|p1a: Rhyperior|Rhyperior, L82, M|323/323\n|move|p2a: Sceptile|Outrage|p1a: Rhyperior|[from] lockedmove\n|-damage|p1a: Rhyperior|272/323\n|-start|p2a: Sceptile|confusion|[fatigue]\n|\n|-damage|p2a: Sceptile|116/246 brn|[from] brn\n|upkeep\n|turn|5\n|\n|t:|1768494101\n|-activate|p2a: Sceptile|confusion\n|move|p2a: Sceptile|Leaf Blade|p1a: Rhyperior\n|-supereffective|p1a: Rhyperior\n|-damage|p1a: Rhyperior|158/323\n|move|p1a: Rhyperior|Dragon Tail|p2a: Sceptile\n|-supereffective|p2a: Sceptile\n|-damage|p2a: Sceptile|0 fnt\n|faint|p2a: Sceptile\n|detailschange|p2: Sceptile|Sceptile, L81, M|[silent]\n|\n|upkeep\n|\n|t:|1768494106\n|switch|p2a: Greninja|Greninja, L79, M|243/243\n|turn|6\n|\n|t:|1768494121\n|switch|p1a: Ditto|Ditto, L84|218/218\n|-transform|p1a: Ditto|p2a: Greninja|[from] ability: Imposter\n|move|p2a: Greninja|Toxic Spikes|p1a: Ditto\n|-start|p2a: Greninja|typechange|Poison|[from] ability: Protean\n|-sidestart|p1: arboretums|move: Toxic Spikes\n|\n|upkeep\n|turn|7\n|\n|t:|1768494128\n|switch|p2a: Heliolisk|Heliolisk, L83, F|239/239\n|move|p1a: Ditto|Hydro Pump|p2a: Heliolisk\n|-start|p1a: Ditto|typechange|Water|[from] ability: Protean\n|-immune|p2a: Heliolisk|[from] ability: Dry Skin\n|\n|upkeep\n|turn|8\n|j| roadto15oo\n|\n|t:|1768494141\n|switch|p1a: Rhyperior|Rhyperior, L82, M|158/323\n|-status|p1a: Rhyperior|psn\n|move|p2a: Heliolisk|Surf|p1a: Rhyperior\n|-supereffective|p1a: Rhyperior\n|-crit|p1a: Rhyperior\n|-damage|p1a: Rhyperior|0 fnt\n|faint|p1a: Rhyperior\n|-damage|p2a: Heliolisk|216/239|[from] item: Life Orb\n|\n|upkeep\n|\n|t:|1768494149\n|switch|p1a: Venomoth|Venomoth, L84, F|255/255\n|-sideend|p1: arboretums|move: Toxic Spikes|[of] p1a: Venomoth\n|turn|9\n|c|☆arboretums|IM PLAYING BAD RN DONT MIND ME\n|c| roadto15oo|xd\n|\n|t:|1768494161\n|move|p2a: Heliolisk|Hyper Voice|p1a: Venomoth\n|-damage|p1a: Venomoth|103/255\n|-damage|p2a: Heliolisk|193/239|[from] item: Life Orb\n|move|p1a: Venomoth|Quiver Dance|p1a: Venomoth\n|-boost|p1a: Venomoth|spa|1\n|-boost|p1a: Venomoth|spd|1\n|-boost|p1a: Venomoth|spe|1\n|\n|-heal|p1a: Venomoth|118/255|[from] item: Black Sludge\n|upkeep\n|turn|10\n|\n|t:|1768494169\n|move|p1a: Venomoth|Bug Buzz|p2a: Heliolisk\n|-damage|p2a: Heliolisk|69/239\n|-unboost|p2a: Heliolisk|spd|1\n|move|p2a: Heliolisk|Thunder|p1a: Venomoth\n|-damage|p1a: Venomoth|0 fnt\n|faint|p1a: Venomoth\n|-damage|p2a: Heliolisk|46/239|[from] item: Life Orb\n|\n|upkeep\n|\n|t:|1768494174\n|switch|p1a: Ditto|Ditto, L84|218/218\n|-transform|p1a: Ditto|p2a: Heliolisk|[from] ability: Imposter\n|turn|11\n|\n|t:|1768494179\n|switch|p2a: Kabutops|Kabutops, L87, F|246/246\n|move|p1a: Ditto|Hyper Voice|p2a: Kabutops\n|-resisted|p2a: Kabutops\n|-damage|p2a: Kabutops|187/246\n|\n|upkeep\n|turn|12\n|\n|t:|1768494185\n|switch|p1a: Conkeldurr|Conkeldurr, L81, M|303/303\n|move|p2a: Kabutops|Stone Edge|p1a: Conkeldurr\n|-resisted|p1a: Conkeldurr\n|-damage|p1a: Conkeldurr|226/303\n|-damage|p2a: Kabutops|163/246|[from] item: Life Orb\n|\n|-status|p1a: Conkeldurr|brn|[from] item: Flame Orb\n|upkeep\n|turn|13\n|\n|t:|1768494195\n|switch|p2a: Heliolisk|Heliolisk, L83, F|46/239\n|move|p1a: Conkeldurr|Drain Punch|p2a: Heliolisk\n|-supereffective|p2a: Heliolisk\n|-damage|p2a: Heliolisk|0 fnt\n|-heal|p1a: Conkeldurr|249/303 brn|[from] drain|[of] p2a: Heliolisk\n|faint|p2a: Heliolisk\n|\n|-damage|p1a: Conkeldurr|212/303 brn|[from] brn\n|upkeep\n|c|☆arboretums|on my life I was 4:0 before this round\n|\n|t:|1768494199\n|switch|p2a: Meloetta|Meloetta, L82|298/298\n|turn|14\n|\n|t:|1768494207\n|switch|p1a: Slowking|Slowking, L86, F|304/304\n|move|p2a: Meloetta|Psyshock|p1a: Slowking\n|-resisted|p1a: Slowking\n|-crit|p1a: Slowking\n|-damage|p1a: Slowking|203/304\n|-damage|p2a: Meloetta|269/298|[from] item: Life Orb\n|\n|-heal|p1a: Slowking|222/304|[from] item: Leftovers\n|upkeep\n|turn|15\n|\n|t:|1768494212\n|switch|p2a: Greninja|Greninja, L79, M|243/243\n|move|p1a: Slowking|Toxic|p2a: Greninja\n|-status|p2a: Greninja|tox\n|\n|-heal|p1a: Slowking|241/304|[from] item: Leftovers\n|-damage|p2a: Greninja|228/243 tox|[from] psn\n|upkeep\n|turn|16\n|\n|t:|1768494220\n|switch|p1a: Ditto|Ditto, L84|218/218\n|-transform|p1a: Ditto|p2a: Greninja|[from] ability: Imposter\n|move|p2a: Greninja|Toxic Spikes|p1a: Ditto\n|-start|p2a: Greninja|typechange|Poison|[from] ability: Protean\n|-sidestart|p1: arboretums|move: Toxic Spikes\n|\n|-damage|p2a: Greninja|198/243 tox|[from] psn\n|upkeep\n|turn|17\n|c| roadto15oo|dw u will be 5-0 next time and u havent lost it yet\n|\n|t:|1768494227\n|move|p1a: Ditto|Hydro Pump|p2a: Greninja\n|-start|p1a: Ditto|typechange|Water|[from] ability: Protean\n|-damage|p2a: Greninja|44/243 tox\n|move|p2a: Greninja|Grass Knot|p1a: Ditto\n|-start|p2a: Greninja|typechange|Grass|[from] ability: Protean\n|-supereffective|p1a: Ditto\n|-damage|p1a: Ditto|20/218\n|-damage|p2a: Greninja|20/243 tox|[from] item: Life Orb\n|\n|-damage|p2a: Greninja|0 fnt|[from] psn\n|faint|p2a: Greninja\n|upkeep\n|\n|t:|1768494245\n|switch|p2a: Kabutops|Kabutops, L87, F|163/246\n|turn|18\n|c|☆arboretums|thx road\n|\n|t:|1768494252\n|switch|p1a: Giratina|Giratina, L73|66/339\n|-status|p1a: Giratina|psn\n|-ability|p1a: Giratina|Pressure\n|move|p2a: Kabutops|Stone Edge|p1a: Giratina\n|-damage|p1a: Giratina|0 fnt\n|faint|p1a: Giratina\n|-damage|p2a: Kabutops|139/246|[from] item: Life Orb\n|\n|upkeep\n|c|☆arboretums|wow\n|\n|t:|1768494261\n|switch|p1a: Conkeldurr|Conkeldurr, L81, M|212/303 brn\n|turn|19\n|\n|t:|1768494266\n|move|p2a: Kabutops|Waterfall|p1a: Conkeldurr\n|-damage|p1a: Conkeldurr|91/303 brn\n|-damage|p2a: Kabutops|115/246|[from] item: Life Orb\n|move|p1a: Conkeldurr|Drain Punch|p2a: Kabutops\n|-supereffective|p2a: Kabutops\n|-damage|p2a: Kabutops|0 fnt\n|-heal|p1a: Conkeldurr|149/303 brn|[from] drain|[of] p2a: Kabutops\n|faint|p2a: Kabutops\n|\n|-damage|p1a: Conkeldurr|112/303 brn|[from] brn\n|upkeep\n|\n|t:|1768494275\n|switch|p2a: Meloetta|Meloetta, L82|269/298\n|turn|20\n|\n|t:|1768494281\n|switch|p1a: Slowking|Slowking, L86, F|304/304\n|-status|p1a: Slowking|psn\n|move|p2a: Meloetta|Psyshock|p1a: Slowking\n|-resisted|p1a: Slowking\n|-damage|p1a: Slowking|236/304 psn\n|-damage|p2a: Meloetta|240/298|[from] item: Life Orb\n|\n|-heal|p1a: Slowking|255/304 psn|[from] item: Leftovers\n|-damage|p1a: Slowking|217/304 psn|[from] psn\n|upkeep\n|turn|21\n|\n|t:|1768494287\n|move|p2a: Meloetta|Calm Mind|p2a: Meloetta\n|-boost|p2a: Meloetta|spa|1\n|-boost|p2a: Meloetta|spd|1\n|move|p1a: Slowking|Slack Off|p1a: Slowking\n|-heal|p1a: Slowking|304/304 psn\n|\n|-damage|p1a: Slowking|266/304 psn|[from] psn\n|upkeep\n|turn|22\n|\n|t:|1768494290\n|move|p2a: Meloetta|Psyshock|p1a: Slowking\n|-resisted|p1a: Slowking\n|-damage|p1a: Slowking|170/304 psn\n|-damage|p2a: Meloetta|211/298|[from] item: Life Orb\n|move|p1a: Slowking|Toxic|p2a: Meloetta\n|-status|p2a: Meloetta|tox\n|\n|-heal|p1a: Slowking|189/304 psn|[from] item: Leftovers\n|-damage|p2a: Meloetta|193/298 tox|[from] psn\n|-damage|p1a: Slowking|151/304 psn|[from] psn\n|upkeep\n|turn|23\n|\n|t:|1768494294\n|move|p2a: Meloetta|Hyper Voice|p1a: Slowking\n|-damage|p1a: Slowking|0 fnt\n|faint|p1a: Slowking\n|-damage|p2a: Meloetta|164/298 tox|[from] item: Life Orb\n|\n|-damage|p2a: Meloetta|128/298 tox|[from] psn\n|upkeep\n|\n|t:|1768494297\n|switch|p1a: Ditto|Ditto, L84|20/218\n|-status|p1a: Ditto|psn\n|-transform|p1a: Ditto|p2a: Meloetta|[from] ability: Imposter\n|turn|24\n|\n|t:|1768494301\n|move|p1a: Ditto|Hyper Voice|p2a: Meloetta\n|-damage|p2a: Meloetta|40/298 tox\n|move|p2a: Meloetta|Hyper Voice|p1a: Ditto\n|-damage|p1a: Ditto|0 fnt\n|faint|p1a: Ditto\n|-damage|p2a: Meloetta|11/298 tox|[from] item: Life Orb\n|\n|-damage|p2a: Meloetta|0 fnt|[from] psn\n|faint|p2a: Meloetta\n|upkeep\n|\n|t:|1768494305\n|switch|p2a: Reshiram|Reshiram, L73|266/266\n|switch|p1a: Conkeldurr|Conkeldurr, L81, M|112/303 brn\n|-ability|p2a: Reshiram|Turboblaze\n|turn|25\n|c|☆arboretums|bruh\n|\n|t:|1768494310\n|move|p2a: Reshiram|Draco Meteor|p1a: Conkeldurr|[miss]\n|-miss|p2a: Reshiram|p1a: Conkeldurr\n|move|p1a: Conkeldurr|Drain Punch|p2a: Reshiram\n|-damage|p2a: Reshiram|101/266\n|-heal|p1a: Conkeldurr|195/303 brn|[from] drain|[of] p2a: Reshiram\n|\n|-heal|p2a: Reshiram|117/266|[from] item: Leftovers\n|-damage|p1a: Conkeldurr|158/303 brn|[from] brn\n|upkeep\n|turn|26\n|\n|t:|1768494313\n|move|p2a: Reshiram|Draco Meteor|p1a: Conkeldurr\n|-damage|p1a: Conkeldurr|0 fnt\n|-unboost|p2a: Reshiram|spa|2\n|faint|p1a: Conkeldurr\n|\n|win|King_MakiX\n|raw|arboretums's rating: 1602 &rarr; <strong>1582</strong><br />(-20 for losing)\n|raw|King_MakiX's rating: 1601 &rarr; <strong>1621</strong><br />(+20 for winning)\n|c|☆arboretums|gg\n|c|☆King_MakiX|gg wp\n|c|☆arboretums|u2\n", "inputlog": ">version 3bd1a1e329da8d286644078cfc9a9638fc7ea025\n>start {\"formatid\":\"gen6randombattle\",\"seed\":\"sodium,09dfa3832172d8cdbdcc2dc3ced991a1\",\"rated\":\"Rated battle\"}\n>player p1 {\"name\":\"arboretums\",\"avatar\":\"whitney-masters\",\"rating\":1602,\"seed\":\"sodium,0ae0b92bfd9c6f49546a7be11a868f8a\"}\n>player p2 {\"name\":\"King_MakiX\",\"avatar\":\"101\",\"rating\":1601,\"seed\":\"sodium,546f5e5af1e6f1133db2d44b2520ad7b\"}\n>p1 move waterfall\n>p2 switch 6\n>p1 switch 5\n>p2 move earthquake mega\n>p1 move willowisp\n>p2 move outrage\n>p1 switch 4\n>p2 move outrage\n>p1 move dragontail\n>p2 move leafblade\n>p2 switch 2\n>p1 switch 5\n>p2 move toxicspikes\n>p1 move hydropump\n>p2 switch 5\n>p1 switch 5\n>p2 move surf\n>p1 switch 2\n>chat ☆arboretums|IM PLAYING BAD RN DONT MIND ME\n>chat  roadto15oo|xd\n>p1 move quiverdance\n>p2 move hypervoice\n>p1 move bugbuzz\n>p2 move thunder\n>p1 switch 5\n>p1 move hypervoice\n>p2 switch 6\n>p1 switch 3\n>p2 move stoneedge\n>p1 move drainpunch\n>p2 switch 6\n>chat ☆arboretums|on my life I was 4:0 before this round\n>p2 switch 4\n>p1 switch 6\n>p2 move psyshock\n>p1 move toxic\n>p2 switch 5\n>p1 switch 3\n>p2 move toxicspikes\n>chat  roadto15oo|dw u will be 5-0 next time and u havent lost it yet\n>p1 move hydropump\n>p2 move grassknot\n>p2 switch 6\n>chat ☆arboretums|thx road \n>p1 switch 4\n>p2 move stoneedge\n>chat ☆arboretums|wow\n>p1 switch 6\n>p1 move drainpunch\n>p2 move waterfall\n>p2 switch 5\n>p1 switch 3\n>p2 move psyshock\n>p1 move slackoff\n>p2 move calmmind\n>p1 move toxic\n>p2 move psyshock\n>p1 move slackoff\n>p2 move hypervoice\n>p1 switch 4\n>p1 move hypervoice\n>p2 move hypervoice\n>p1 switch 3\n>p2 switch 3\n>chat ☆arboretums|bruh\n>p1 move drainpunch\n>p2 move dracometeor\n>p1 move drainpunch\n>p2 move dracometeor", "uploadtime": 1768494316, "views": 264, "formatid": "gen6randombattle", "rating": 1582, "private": 0, "password": null}