{"id": "gen6randombattle-2523116738", "format": "[Gen 6] Random Battle", "players": ["Dark Wolf 888", "jesterthekitty"], "log": "|j|☆Dark Wolf 888\n|j|☆jesterthekitty\n|t:|1768990212\n|gametype|singles\n|player|p1|Dark Wolf 888|blue|1562\n|player|p2|jesterthekitty|zinnia-masters|1543\n|gen|6\n|tier|[Gen 6] Random Battle\n|rated|\n|rule|Sleep Clause Mod: Limit one foe put to sleep\n|rule|HP Percentage Mod: HP is shown in percentages\n|rule|Illusion Level Mod: Illusion disguises the Pokémon's true level\n|\n|t:|1768990212\n|teamsize|p1|6\n|teamsize|p2|6\n|start\n|switch|p1a: Arcanine|Arcanine, L82, F|282/282\n|switch|p2a: Simipour|Simipour, L86, M|269/269\n|-ability|p1a: Arcanine|Intimidate|boost\n|-unboost|p2a: Simipour|atk|1\n|turn|1\n|\n|t:|1768990235\n|switch|p1a: Alomomola|Alomomola, L85, F|419/419\n|move|p2a: Simipour|Nasty Plot|p2a: Simipour\n|-boost|p2a: Simipour|spa|2\n|\n|upkeep\n|turn|2\n|inactive|Battle timer is ON: inactive players will automatically lose when time's up. (requested by Dark Wolf 888)\n|\n|t:|1768990242\n|move|p1a: Alomomola|Protect|p1a: Alomomola\n|-singleturn|p1a: Alomomola|Protect\n|move|p2a: Simipour|Substitute|p2a: Simipour\n|-start|p2a: Simipour|Substitute\n|-damage|p2a: Simipour|202/269\n|\n|-heal|p2a: Simipour|218/269|[from] item: Leftovers\n|upkeep\n|turn|3\n|\n|t:|1768990263\n|move|p2a: Simipour|Nasty Plot|p2a: Simipour\n|-boost|p2a: Simipour|spa|2\n|move|p1a: Alomomola|Scald|p2a: Simipour\n|-resisted|p2a: Simipour\n|-activate|p2a: Simipour|move: Substitute|[damage]\n|\n|-heal|p2a: Simipour|234/269|[from] item: Leftovers\n|upkeep\n|turn|4\n|\n|t:|1768990273\n|move|p2a: Simipour|Nasty Plot|p2a: Simipour\n|-boost|p2a: Simipour|spa|2\n|move|p1a: Alomomola|Scald|p2a: Simipour\n|-resisted|p2a: Simipour\n|-activate|p2a: Simipour|move: Substitute|[damage]\n|\n|-heal|p2a: Simipour|250/269|[from] item: Leftovers\n|upkeep\n|turn|5\n|\n|t:|1768990286\n|move|p2a: Simipour|Hydro Pump|p1a: Alomomola\n|-resisted|p1a: Alomomola\n|-damage|p1a: Alomomola|21/419\n|move|p1a: Alomomola|Scald|p2a: Simipour\n|-resisted|p2a: Simipour\n|-end|p2a: Simipour|Substitute\n|\n|-heal|p2a: Simipour|266/269|[from] item: Leftovers\n|-heal|p1a: Alomomola|47/419|[from] item: Leftovers\n|upkeep\n|turn|6\n|inactive|Dark Wolf 888 has 120 seconds left.\n|\n|t:|1768990325\n|move|p2a: Simipour|Substitute|p2a: Simipour\n|-start|p2a: Simipour|Substitute\n|-damage|p2a: Simipour|199/269\n|move|p1a: Alomomola|Scald|p2a: Simipour\n|-resisted|p2a: Simipour\n|-crit|p2a: Simipour\n|-activate|p2a: Simipour|move: Substitute|[damage]\n|\n|-heal|p2a: Simipour|215/269|[from] item: Leftovers\n|-heal|p1a: Alomomola|73/419|[from] item: Leftovers\n|upkeep\n|turn|7\n|inactive|Dark Wolf 888 has 120 seconds left.\n|\n|t:|1768990333\n|move|p2a: Simipour|Ice Beam|p1a: Alomomola\n|-resisted|p1a: Alomomola\n|-damage|p1a: Alomomola|0 fnt\n|faint|p1a: Alomomola\n|\n|-heal|p2a: Simipour|231/269|[from] item: Leftovers\n|upkeep\n|inactive|Dark Wolf 888 has 120 seconds left.\n|\n|t:|1768990349\n|switch|p1a: Manaphy|Manaphy, L76|277/277\n|turn|8\n|\n|t:|1768990357\n|move|p2a: Simipour|Hydro Pump|p1a: Manaphy\n|-resisted|p1a: Manaphy\n|-damage|p1a: Manaphy|18/277\n|move|p1a: Manaphy|Energy Ball|p2a: Simipour\n|-supereffective|p2a: Simipour\n|-end|p2a: Simipour|Substitute\n|\n|-heal|p2a: Simipour|247/269|[from] item: Leftovers\n|-heal|p1a: Manaphy|35/277|[from] item: Leftovers\n|upkeep\n|turn|9\n|inactive|Dark Wolf 888 has 120 seconds left.\n|\n|t:|1768990377\n|move|p2a: Simipour|Ice Beam|p1a: Manaphy\n|-resisted|p1a: Manaphy\n|-damage|p1a: Manaphy|0 fnt\n|faint|p1a: Manaphy\n|\n|-heal|p2a: Simipour|263/269|[from] item: Leftovers\n|upkeep\n|\n|t:|1768990399\n|switch|p1a: Forretress|Forretress, L82, F|257/257\n|turn|10\n|\n|t:|1768990409\n|move|p2a: Simipour|Substitute|p2a: Simipour\n|-start|p2a: Simipour|Substitute\n|-damage|p2a: Simipour|196/269\n|move|p1a: Forretress|Volt Switch|p2a: Simipour\n|-supereffective|p2a: Simipour\n|-end|p2a: Simipour|Substitute\n|\n|t:|1768990427\n|switch|p1a: Arcanine|Arcanine, L82, F|282/282|[from] Volt Switch\n|-ability|p1a: Arcanine|Intimidate|boost\n|-unboost|p2a: Simipour|atk|1\n|\n|-heal|p2a: Simipour|212/269|[from] item: Leftovers\n|upkeep\n|turn|11\n|\n|t:|1768990441\n|move|p2a: Simipour|Hydro Pump|p1a: Arcanine\n|-supereffective|p1a: Arcanine\n|-damage|p1a: Arcanine|0 fnt\n|faint|p1a: Arcanine\n|\n|-heal|p2a: Simipour|228/269|[from] item: Leftovers\n|upkeep\n|\n|t:|1768990454\n|switch|p1a: Victini|Victini, L77|281/281\n|turn|12\n|\n|t:|1768990462\n|move|p2a: Simipour|Hydro Pump|p1a: Victini\n|-supereffective|p1a: Victini\n|-damage|p1a: Victini|0 fnt\n|faint|p1a: Victini\n|\n|-heal|p2a: Simipour|244/269|[from] item: Leftovers\n|upkeep\n|\n|t:|1768990468\n|switch|p1a: Forretress|Forretress, L82, F|257/257\n|turn|13\n|\n|t:|1768990471\n|move|p2a: Simipour|Hydro Pump|p1a: Forretress\n|-crit|p1a: Forretress\n|-ability|p1a: Forretress|Sturdy\n|-damage|p1a: Forretress|1/257\n|move|p1a: Forretress|Volt Switch|p2a: Simipour\n|-supereffective|p2a: Simipour\n|-damage|p2a: Simipour|168/269\n|\n|t:|1768990478\n|switch|p1a: Giratina|Giratina-Origin, L70|326/326|[from] Volt Switch\n|\n|-heal|p2a: Simipour|184/269|[from] item: Leftovers\n|upkeep\n|turn|14\n|inactive|Dark Wolf 888 has 120 seconds left.\n|\n|t:|1768990484\n|move|p2a: Simipour|Ice Beam|p1a: Giratina\n|-supereffective|p1a: Giratina\n|-damage|p1a: Giratina|0 fnt\n|faint|p1a: Giratina\n|\n|-heal|p2a: Simipour|200/269|[from] item: Leftovers\n|upkeep\n|inactive|Dark Wolf 888 has 120 seconds left.\n|\n|t:|1768990489\n|switch|p1a: Forretress|Forretress, L82, F|1/257\n|turn|15\n|\n|t:|1768990493\n|move|p2a: Simipour|Ice Beam|p1a: Forretress\n|-resisted|p1a: Forretress\n|-damage|p1a: Forretress|0 fnt\n|faint|p1a: Forretress\n|\n|win|jesterthekitty\n|raw|Dark Wolf 888's rating: 1562 &rarr; <strong>1541</strong><br />(-21 for losing)\n|raw|jesterthekitty's rating: 1543 &rarr; <strong>1564</strong><br />(+21 for winning)\n|c|☆jesterthekitty|gg\n|l|☆Dark Wolf 888\n|player|p1|\n", "inputlog": ">version 3bd1a1e329da8d286644078cfc9a9638fc7ea025\n>start {\"formatid\":\"gen6randombattle\",\"seed\":\"sodium,009ffa99c0042217e7f1725addf4a2bf\",\"rated\":\"Rated battle\"}\n>player p1 {\"name\":\"Dark Wolf 888\",\"avatar\":\"blue\",\"rating\":1562,\"seed\":\"sodium,2dcaccf40d0fb5c44ff98d24660bd655\"}\n>player p2 {\"name\":\"jesterthekitty\",\"avatar\":\"zinnia-masters\",\"rating\":1543,\"seed\":\"sodium,f0cef1cbb1944d0ada01204302a08b86\"}\n>p1 switch 4\n>p2 move nastyplot\n>p1 move protect\n>p2 move substitute\n>p1 move scald\n>p2 move nastyplot\n>p1 move scald\n>p2 move nastyplot\n>p1 move scald\n>p2 move hydropump\n>p1 move scald\n>p2 move substitute\n>p1 move scald\n>p2 move icebeam\n>p1 switch 5\n>p1 move energyball\n>p2 move hydropump\n>p1 move energyball\n>p2 move icebeam\n>p1 switch 6\n>p1 move voltswitch\n>p2 move substitute\n>p1 switch 4\n>p1 move wildcharge\n>p2 move hydropump\n>p1 switch 2\n>p1 move boltstrike\n>p2 move hydropump\n>p1 switch 4\n>p1 move voltswitch\n>p2 move hydropump\n>p1 switch 3\n>p1 move dracometeor\n>p2 move icebeam\n>p1 switch 3\n>p1 move voltswitch\n>p2 move icebeam", "uploadtime": 1768990508, "views": 320, "formatid": "gen6randombattle", "rating": 1541, "private": 0, "password": null}