{"id": "gen6randombattle-2539453385", "format": "[Gen 6] Random Battle", "players": ["discord is orwell", "timer-is-shit"], "log": "|j|‽discord is orwell\n|j|☆timer-is-shit\n|t:|1771062190\n|gametype|singles\n|player|p1|discord is orwell|dawn-masters3|1531\n|player|p2|timer-is-shit|bruno-gen1|1658\n|gen|6\n|tier|[Gen 6] Random Battle\n|rated|\n|rule|Sleep Clause Mod: Limit one foe put to sleep\n|rule|HP Percentage Mod: HP is shown in percentages\n|rule|Illusion Level Mod: Illusion disguises the Pokémon's true level\n|\n|t:|1771062190\n|teamsize|p1|6\n|teamsize|p2|6\n|start\n|switch|p1a: Wobbuffet|Wobbuffet, L93, F|504/504\n|switch|p2a: Muk|Muk, L88, F|328/328\n|turn|1\n|inactive|Battle timer is ON: inactive players will automatically lose when time's up. (requested by discord is orwell)\n|inactive|timer-is-shit also wants the timer to be on.\n|\n|t:|1771062212\n|move|p2a: Muk|Gunk Shot|p1a: Wobbuffet\n|-damage|p1a: Wobbuffet|210/504\n|-status|p1a: Wobbuffet|psn\n|move|p1a: Wobbuffet|Encore|p2a: Muk\n|-start|p2a: Muk|Encore\n|\n|-damage|p1a: Wobbuffet|147/504 psn|[from] psn\n|upkeep\n|turn|2\n|\n|t:|1771062225\n|move|p2a: Muk|Gunk Shot|p1a: Wobbuffet|[miss]\n|-miss|p2a: Muk|p1a: Wobbuffet\n|move|p1a: Wobbuffet|Destiny Bond|p1a: Wobbuffet\n|-singlemove|p1a: Wobbuffet|Destiny Bond\n|\n|-damage|p1a: Wobbuffet|84/504 psn|[from] psn\n|upkeep\n|turn|3\n|-enditem|p1a: Wobbuffet|Custap Berry|[eat]\n|-activate|p1a: Wobbuffet|item: Custap Berry|[consumed]\n|\n|t:|1771062231\n|move|p1a: Wobbuffet|Destiny Bond|p1a: Wobbuffet\n|-singlemove|p1a: Wobbuffet|Destiny Bond\n|move|p2a: Muk|Gunk Shot|p1a: Wobbuffet\n|-damage|p1a: Wobbuffet|0 fnt\n|faint|p1a: Wobbuffet\n|-activate|p1a: Wobbuffet|move: Destiny Bond\n|faint|p2a: Muk\n|\n|upkeep\n|\n|t:|1771062247\n|switch|p2a: Klefki|Klefki, L79, F|220/220\n|switch|p1a: Kecleon|Kecleon, L89, F|252/252\n|turn|4\n|\n|t:|1771062252\n|move|p1a: Kecleon|Fake Out|p2a: Klefki\n|-resisted|p2a: Klefki\n|-damage|p2a: Klefki|197/220\n|cant|p2a: Klefki|flinch\n|\n|-heal|p2a: Klefki|210/220|[from] item: Leftovers\n|upkeep\n|turn|5\n|\n|t:|1771062259\n|switch|p1a: Diggersby|Diggersby, L81, M|270/270\n|move|p2a: Klefki|Spikes|p1a: Diggersby\n|-sidestart|p1: discord is orwell|Spikes\n|\n|-heal|p2a: Klefki|220/220|[from] item: Leftovers\n|upkeep\n|turn|6\n|\n|t:|1771062267\n|switch|p2a: Stantler|Stantler, L90, M|278/278\n|-ability|p2a: Stantler|Intimidate|boost\n|-unboost|p1a: Diggersby|atk|1\n|move|p1a: Diggersby|Swords Dance|p1a: Diggersby\n|-boost|p1a: Diggersby|atk|2\n|\n|upkeep\n|turn|7\n|\n|t:|1771062281\n|move|p2a: Stantler|Double-Edge|p1a: Diggersby\n|-damage|p1a: Diggersby|32/270\n|-damage|p2a: Stantler|199/278|[from] Recoil\n|move|p1a: Diggersby|Return|p2a: Stantler\n|-damage|p2a: Stantler|0 fnt\n|faint|p2a: Stantler\n|-damage|p1a: Diggersby|5/270|[from] item: Life Orb\n|\n|upkeep\n|\n|t:|1771062290\n|switch|p2a: Klefki|Klefki, L79, F|220/220\n|turn|8\n|\n|t:|1771062296\n|move|p1a: Diggersby|Earthquake|p2a: Klefki\n|-supereffective|p2a: Klefki\n|-damage|p2a: Klefki|0 fnt\n|faint|p2a: Klefki\n|-damage|p1a: Diggersby|0 fnt|[from] item: Life Orb\n|faint|p1a: Diggersby\n|\n|upkeep\n|c|☆timer-is-shit|oh fuck forgot it was slower lma\n|\n|t:|1771062312\n|switch|p1a: Murkrow|Murkrow, L90, F|254/254\n|switch|p2a: Throh|Throh, L88, M|354/354\n|turn|9\n|\n|t:|1771062322\n|move|p1a: Murkrow|Defog|p2a: Throh\n|-unboost|p2a: Throh|evasion|1\n|-sideend|p1: discord is orwell|Spikes|[from] move: Defog|[of] p1a: Murkrow\n|move|p2a: Throh|Circle Throw|p1a: Murkrow\n|-damage|p1a: Murkrow|184/254\n|drag|p1a: Gorebyss|Gorebyss, L83, F|226/226\n|\n|upkeep\n|turn|10\n|\n|t:|1771062331\n|switch|p1a: Aromatisse|Aromatisse, L89, M|325/325\n|move|p2a: Throh|Knock Off|p1a: Aromatisse\n|-resisted|p1a: Aromatisse\n|-damage|p1a: Aromatisse|285/325\n|-enditem|p1a: Aromatisse|Leftovers|[from] move: Knock Off|[of] p2a: Throh\n|\n|upkeep\n|turn|11\n|\n|t:|1771062338\n|switch|p2a: Hypno|Hypno, L96, M|319/319\n|move|p1a: Aromatisse|Wish|p1a: Aromatisse\n|\n|upkeep\n|turn|12\n|\n|t:|1771062349\n|switch|p1a: Murkrow|Murkrow, L90, F|184/254\n|move|p2a: Hypno|Toxic|p1a: Murkrow\n|-status|p1a: Murkrow|tox\n|\n|-heal|p1a: Murkrow|254/254 tox|[from] move: Wish|[wisher] Aromatisse\n|-damage|p1a: Murkrow|239/254 tox|[from] psn\n|upkeep\n|turn|13\n|\n|t:|1771062366\n|move|p2a: Hypno|Protect|p2a: Hypno\n|-singleturn|p2a: Hypno|Protect\n|move|p1a: Murkrow|Foul Play|p2a: Hypno\n|-activate|p2a: Hypno|move: Protect\n|\n|-damage|p1a: Murkrow|209/254 tox|[from] psn\n|upkeep\n|turn|14\n|\n|t:|1771062379\n|switch|p1a: Aromatisse|Aromatisse, L89, M|285/325\n|move|p2a: Hypno|Wish|p2a: Hypno\n|\n|upkeep\n|turn|15\n|\n|t:|1771062391\n|switch|p1a: Murkrow|Murkrow, L90, F|209/254 tox\n|move|p2a: Hypno|Toxic|p1a: Murkrow\n|-fail|p1a: Murkrow|tox\n|\n|-damage|p1a: Murkrow|194/254 tox|[from] psn\n|upkeep\n|turn|16\n|\n|t:|1771062407\n|switch|p1a: Kecleon|Kecleon, L89, F|252/252\n|move|p2a: Hypno|Protect||[still]\n|-fail|p2a: Hypno\n|\n|upkeep\n|turn|17\n|\n|t:|1771062414\n|switch|p2a: Throh|Throh, L88, M|354/354\n|move|p1a: Kecleon|Fake Out|p2a: Throh\n|-damage|p2a: Throh|305/354\n|\n|-heal|p2a: Throh|327/354|[from] item: Leftovers\n|upkeep\n|turn|18\n|\n|t:|1771062429\n|switch|p1a: Aromatisse|Aromatisse, L89, M|285/325\n|move|p2a: Throh|Circle Throw|p1a: Aromatisse\n|-resisted|p1a: Aromatisse\n|-damage|p1a: Aromatisse|246/325\n|drag|p1a: Murkrow|Murkrow, L90, F|194/254 tox\n|\n|-heal|p2a: Throh|349/354|[from] item: Leftovers\n|-damage|p1a: Murkrow|179/254 tox|[from] psn\n|upkeep\n|turn|19\n|\n|t:|1771062442\n|switch|p1a: Aromatisse|Aromatisse, L89, M|246/325\n|move|p2a: Throh|Circle Throw|p1a: Aromatisse\n|-resisted|p1a: Aromatisse\n|-damage|p1a: Aromatisse|208/325\n|drag|p1a: Gorebyss|Gorebyss, L83, F|226/226\n|\n|-heal|p2a: Throh|354/354|[from] item: Leftovers\n|upkeep\n|turn|20\n|\n|t:|1771062457\n|switch|p1a: Murkrow|Murkrow, L90, F|179/254 tox\n|move|p2a: Throh|Circle Throw|p1a: Murkrow\n|-damage|p1a: Murkrow|110/254 tox\n|drag|p1a: Gorebyss|Gorebyss, L83, F|226/226\n|\n|upkeep\n|turn|21\n|\n|t:|1771062463\n|switch|p1a: Murkrow|Murkrow, L90, F|110/254 tox\n|move|p2a: Throh|Circle Throw|p1a: Murkrow\n|-damage|p1a: Murkrow|38/254 tox\n|drag|p1a: Aromatisse|Aromatisse, L89, M|208/325\n|\n|upkeep\n|turn|22\n|\n|t:|1771062473\n|switch|p2a: Hypno|Hypno, L96, M|319/319\n|move|p1a: Aromatisse|Wish|p1a: Aromatisse\n|\n|upkeep\n|turn|23\n|\n|t:|1771062484\n|switch|p1a: Murkrow|Murkrow, L90, F|38/254 tox\n|move|p2a: Hypno|Seismic Toss|p1a: Murkrow\n|-damage|p1a: Murkrow|0 fnt\n|faint|p1a: Murkrow\n|\n|upkeep\n|\n|t:|1771062491\n|switch|p1a: Gorebyss|Gorebyss, L83, F|226/226\n|turn|24\n|\n|t:|1771062495\n|move|p2a: Hypno|Toxic|p1a: Gorebyss\n|-status|p1a: Gorebyss|tox\n|move|p1a: Gorebyss|Shell Smash|p1a: Gorebyss\n|-unboost|p1a: Gorebyss|def|1\n|-unboost|p1a: Gorebyss|spd|1\n|-boost|p1a: Gorebyss|atk|2\n|-boost|p1a: Gorebyss|spa|2\n|-boost|p1a: Gorebyss|spe|2\n|-enditem|p1a: Gorebyss|White Herb\n|-clearnegativeboost|p1a: Gorebyss|[silent]\n|\n|-damage|p1a: Gorebyss|212/226 tox|[from] psn\n|upkeep\n|turn|25\n|\n|t:|1771062507\n|move|p1a: Gorebyss|Shell Smash|p1a: Gorebyss\n|-unboost|p1a: Gorebyss|def|1\n|-unboost|p1a: Gorebyss|spd|1\n|-boost|p1a: Gorebyss|atk|2\n|-boost|p1a: Gorebyss|spa|2\n|-boost|p1a: Gorebyss|spe|2\n|move|p2a: Hypno|Seismic Toss|p1a: Gorebyss\n|-damage|p1a: Gorebyss|116/226 tox\n|\n|-damage|p1a: Gorebyss|88/226 tox|[from] psn\n|upkeep\n|turn|26\n|\n|t:|1771062516\n|move|p1a: Gorebyss|Hydro Pump|p2a: Hypno|[miss]\n|-miss|p1a: Gorebyss|p2a: Hypno\n|move|p2a: Hypno|Wish|p2a: Hypno\n|\n|-damage|p1a: Gorebyss|46/226 tox|[from] psn\n|upkeep\n|turn|27\n|inactive|discord is orwell has 120 seconds left.\n|inactive|discord is orwell has 90 seconds left.\n|inactive|discord is orwell has 60 seconds left.\n|c|☆timer-is-shit|damn I'm such a Goat\n|inactive|discord is orwell has 30 seconds left.\n|inactive|discord is orwell has 20 seconds left.\n|inactive|discord is orwell has 15 seconds left.\n|inactive|discord is orwell has 10 seconds left.\n|c|☆timer-is-shit|not your lucky day man, facing THE BEAST\n|inactive|discord is orwell has 5 seconds left.\n|-message|discord is orwell lost due to inactivity.\n|\n|win|timer-is-shit\n|raw|discord is orwell's rating: 1531 &rarr; <strong>1518</strong><br />(-13 for losing)\n|raw|timer-is-shit's rating: 1658 &rarr; <strong>1671</strong><br />(+13 for winning)\n", "inputlog": ">version ccdc32dd7cde25fd9e4bed64820e885f66e78a4e\n>start {\"formatid\":\"gen6randombattle\",\"seed\":\"sodium,bbca6897fcf5e8adcda68bf5e4370dff\",\"rated\":\"Rated battle\"}\n>player p1 {\"name\":\"discord is orwell\",\"avatar\":\"dawn-masters3\",\"rating\":1531,\"seed\":\"sodium,35a8431388458e09b67ba2fe0e8f4521\"}\n>player p2 {\"name\":\"timer-is-shit\",\"avatar\":\"bruno-gen1\",\"rating\":1658,\"seed\":\"sodium,a9235faf08f28873c1db7d89b31f7873\"}\n>p1 move encore\n>p2 move gunkshot\n>p1 move destinybond\n>p2 move gunkshot\n>p1 move destinybond\n>p2 move gunkshot\n>p1 switch 3\n>p2 switch 6\n>p1 move fakeout\n>p2 move spikes\n>p1 switch 6\n>p2 move spikes\n>p1 move swordsdance\n>p2 switch 4\n>p1 move return\n>p2 move doubleedge\n>p2 switch 4\n>p1 move earthquake\n>p2 move foulplay\n>chat ☆timer-is-shit|oh fuck forgot it was slower lma\n>p1 switch 2\n>p2 switch 3\n>p1 move defog\n>p2 move circlethrow\n>p1 switch 4\n>p2 move knockoff\n>p1 move wish\n>p2 switch 2\n>p1 switch 5\n>p2 move toxic\n>p1 move foulplay\n>p2 move protect\n>p1 switch 5\n>p2 move wish\n>p1 switch 5\n>p2 move toxic\n>p1 switch 6\n>p2 move protect\n>p1 move fakeout\n>p2 switch 2\n>p1 switch 5\n>p2 move circlethrow\n>p1 switch 6\n>p2 move circlethrow\n>p1 switch 6\n>p2 move circlethrow\n>p1 switch 6\n>p2 move circlethrow\n>p1 move wish\n>p2 switch 2\n>p1 switch 4\n>p2 move seismictoss\n>p1 switch 6\n>p1 move shellsmash\n>p2 move toxic\n>p1 move shellsmash\n>p2 move seismictoss\n>p1 move hydropump\n>p2 move wish\n>chat ☆timer-is-shit|damn I'm such a Goat\n>chat ☆timer-is-shit|not your lucky day man, facing THE BEAST\n>forcelose p1", "uploadtime": 1771062682, "views": 145, "formatid": "gen6randombattle", "rating": 1518, "private": 0, "password": null}