{"id": "gen6randombattle-2538750810", "format": "[Gen 6] Random Battle", "players": ["GreenEggBoi", "sidalin"], "log": "|j|‽GreenEggBoi\n|j|☆sidalin\n|t:|1770968221\n|gametype|singles\n|player|p1|GreenEggBoi|101|1542\n|player|p2|sidalin|170|1556\n|gen|6\n|tier|[Gen 6] Random Battle\n|rated|\n|rule|Sleep Clause Mod: Limit one foe put to sleep\n|rule|HP Percentage Mod: HP is shown in percentages\n|rule|Illusion Level Mod: Illusion disguises the Pokémon's true level\n|\n|t:|1770968221\n|teamsize|p1|6\n|teamsize|p2|6\n|start\n|switch|p1a: Primeape|Primeape, L87, F|255/255\n|switch|p2a: Pikachu|Pikachu, L91, F|212/212\n|turn|1\n|inactive|Battle timer is ON: inactive players will automatically lose when time's up. (requested by GreenEggBoi)\n|\n|t:|1770968240\n|switch|p1a: Excadrill|Excadrill, L80, F|307/307\n|-ability|p1a: Excadrill|Mold Breaker\n|switch|p2a: Gardevoir|Gardevoir, L81, M|243/243\n|-ability|p2a: Gardevoir|Mold Breaker|Trace|[from] ability: Trace|[of] p1a: Excadrill\n|-ability|p2a: Gardevoir|Mold Breaker\n|\n|upkeep\n|turn|2\n|\n|t:|1770968251\n|switch|p2a: Hitmonchan|Hitmonchan, L86, M|226/226\n|move|p1a: Excadrill|Iron Head|p2a: Hitmonchan\n|-damage|p2a: Hitmonchan|120/226\n|\n|upkeep\n|turn|3\n|\n|t:|1770968261\n|switch|p1a: Primeape|Primeape, L87, F|255/255\n|move|p2a: Hitmonchan|Drain Punch|p1a: Primeape\n|-damage|p1a: Primeape|65/255\n|-heal|p2a: Hitmonchan|215/226|[from] drain|[of] p1a: Primeape\n|\n|upkeep\n|turn|4\n|\n|t:|1770968269\n|switch|p2a: Gardevoir|Gardevoir, L81, M|243/243\n|-ability|p2a: Gardevoir|Defiant|Trace|[from] ability: Trace|[of] p1a: Primeape\n|move|p1a: Primeape|Gunk Shot|p2a: Gardevoir\n|-supereffective|p2a: Gardevoir\n|-damage|p2a: Gardevoir|0 fnt\n|faint|p2a: Gardevoir\n|\n|upkeep\n|\n|t:|1770968274\n|switch|p2a: Pikachu|Pikachu, L91, F|212/212\n|turn|5\n|\n|t:|1770968283\n|switch|p1a: Excadrill|Excadrill, L80, F|307/307\n|-ability|p1a: Excadrill|Mold Breaker\n|move|p2a: Pikachu|Knock Off|p1a: Excadrill\n|-damage|p1a: Excadrill|167/307\n|-enditem|p1a: Excadrill|Assault Vest|[from] move: Knock Off|[of] p2a: Pikachu\n|\n|upkeep\n|turn|6\n|\n|t:|1770968295\n|switch|p2a: Sceptile|Sceptile, L81, M|246/246\n|move|p1a: Excadrill|Earthquake|p2a: Sceptile\n|-resisted|p2a: Sceptile\n|-damage|p2a: Sceptile|162/246\n|\n|upkeep\n|turn|7\n|\n|t:|1770968308\n|switch|p1a: Haxorus|Haxorus, L77, M|244/244\n|-ability|p1a: Haxorus|Mold Breaker\n|detailschange|p2a: Sceptile|Sceptile-Mega, L81, M\n|-mega|p2a: Sceptile|Sceptile|Sceptilite\n|move|p2a: Sceptile|Substitute|p2a: Sceptile\n|-start|p2a: Sceptile|Substitute\n|-damage|p2a: Sceptile|101/246\n|\n|upkeep\n|turn|8\n|\n|t:|1770968314\n|move|p2a: Sceptile|Dragon Pulse|p1a: Haxorus\n|-supereffective|p1a: Haxorus\n|-damage|p1a: Haxorus|0 fnt\n|faint|p1a: Haxorus\n|\n|upkeep\n|\n|t:|1770968319\n|switch|p1a: Glalie|Glalie, L82, M|265/265\n|turn|9\n|\n|t:|1770968323\n|detailschange|p1a: Glalie|Glalie-Mega, L82, M\n|-mega|p1a: Glalie|Glalie|Glalitite\n|move|p2a: Sceptile|Focus Blast|p1a: Glalie\n|-supereffective|p1a: Glalie\n|-damage|p1a: Glalie|41/265\n|move|p1a: Glalie|Return|p2a: Sceptile\n|-supereffective|p2a: Sceptile\n|-end|p2a: Sceptile|Substitute\n|\n|upkeep\n|turn|10\n|\n|t:|1770968332\n|switch|p2a: Mienshao|Mienshao, L81, M|237/237\n|move|p1a: Glalie|Ice Shard|p2a: Mienshao\n|-damage|p2a: Mienshao|177/237\n|\n|upkeep\n|turn|11\n|\n|t:|1770968339\n|switch|p1a: Excadrill|Excadrill, L80, F|167/307\n|-ability|p1a: Excadrill|Mold Breaker\n|move|p2a: Mienshao|Knock Off|p1a: Excadrill\n|-damage|p1a: Excadrill|58/307\n|\n|upkeep\n|turn|12\n|\n|t:|1770968343\n|move|p2a: Mienshao|Knock Off|p1a: Excadrill\n|-damage|p1a: Excadrill|0 fnt\n|faint|p1a: Excadrill\n|\n|upkeep\n|\n|t:|1770968346\n|switch|p1a: Primeape|Primeape, L87, F|65/255\n|turn|13\n|\n|t:|1770968351\n|move|p1a: Primeape|Close Combat|p2a: Mienshao\n|-damage|p2a: Mienshao|0 fnt\n|-unboost|p1a: Primeape|def|1\n|-unboost|p1a: Primeape|spd|1\n|faint|p2a: Mienshao\n|\n|upkeep\n|\n|t:|1770968354\n|switch|p2a: Charizard|Charizard, L83, M|265/265\n|turn|14\n|\n|t:|1770968363\n|switch|p1a: Dragonite|Dragonite, L73, M|253/253\n|move|p2a: Charizard|Acrobatics|p1a: Dragonite\n|-damage|p1a: Dragonite|199/253\n|\n|upkeep\n|turn|15\n|\n|t:|1770968369\n|switch|p2a: Hitmonchan|Hitmonchan, L86, M|215/226\n|move|p1a: Dragonite|Dragon Dance|p1a: Dragonite\n|-boost|p1a: Dragonite|atk|1\n|-boost|p1a: Dragonite|spe|1\n|\n|upkeep\n|turn|16\n|\n|t:|1770968372\n|move|p1a: Dragonite|Roost|p1a: Dragonite\n|-heal|p1a: Dragonite|253/253\n|-singleturn|p1a: Dragonite|move: Roost\n|move|p2a: Hitmonchan|Ice Punch|p1a: Dragonite\n|-supereffective|p1a: Dragonite\n|-damage|p1a: Dragonite|145/253\n|\n|upkeep\n|turn|17\n|\n|t:|1770968381\n|move|p1a: Dragonite|Outrage|p2a: Hitmonchan\n|-damage|p2a: Hitmonchan|25/226\n|move|p2a: Hitmonchan|Ice Punch|p1a: Dragonite\n|-supereffective|p1a: Dragonite\n|-damage|p1a: Dragonite|0 fnt\n|faint|p1a: Dragonite\n|\n|upkeep\n|\n|t:|1770968389\n|switch|p1a: Primeape|Primeape, L87, F|65/255\n|turn|18\n|\n|t:|1770968393\n|switch|p2a: Sceptile|Sceptile-Mega, L81, M|101/246\n|move|p1a: Primeape|Stone Edge|p2a: Sceptile\n|-damage|p2a: Sceptile|9/246\n|\n|upkeep\n|turn|19\n|\n|t:|1770968398\n|move|p1a: Primeape|Stone Edge|p2a: Sceptile\n|-damage|p2a: Sceptile|0 fnt\n|faint|p2a: Sceptile\n|detailschange|p2: Sceptile|Sceptile, L81, M|[silent]\n|\n|upkeep\n|\n|t:|1770968400\n|switch|p2a: Hitmonchan|Hitmonchan, L86, M|25/226\n|turn|20\n|\n|t:|1770968405\n|move|p2a: Hitmonchan|Mach Punch|p1a: Primeape\n|-damage|p1a: Primeape|0 fnt\n|faint|p1a: Primeape\n|\n|upkeep\n|\n|t:|1770968410\n|switch|p1a: Glalie|Glalie-Mega, L82, M|41/265\n|turn|21\n|\n|t:|1770968413\n|switch|p2a: Charizard|Charizard, L83, M|265/265\n|move|p1a: Glalie|Ice Shard|p2a: Charizard\n|-damage|p2a: Charizard|216/265\n|\n|upkeep\n|turn|22\n|\n|t:|1770968421\n|move|p2a: Charizard|Acrobatics|p1a: Glalie\n|-damage|p1a: Glalie|0 fnt\n|faint|p1a: Glalie\n|detailschange|p1: Glalie|Glalie, L82, M|[silent]\n|\n|upkeep\n|\n|t:|1770968423\n|switch|p1a: Barbaracle|Barbaracle, L82, F|252/252\n|turn|23\n|\n|t:|1770968429\n|move|p2a: Charizard|Earthquake|p1a: Barbaracle\n|-supereffective|p1a: Barbaracle\n|-damage|p1a: Barbaracle|156/252\n|move|p1a: Barbaracle|Shell Smash|p1a: Barbaracle\n|-unboost|p1a: Barbaracle|def|1\n|-unboost|p1a: Barbaracle|spd|1\n|-boost|p1a: Barbaracle|atk|2\n|-boost|p1a: Barbaracle|spa|2\n|-boost|p1a: Barbaracle|spe|2\n|-enditem|p1a: Barbaracle|White Herb\n|-clearnegativeboost|p1a: Barbaracle|[silent]\n|\n|upkeep\n|turn|24\n|\n|t:|1770968433\n|move|p1a: Barbaracle|Razor Shell|p2a: Charizard\n|-supereffective|p2a: Charizard\n|-damage|p2a: Charizard|0 fnt\n|faint|p2a: Charizard\n|\n|upkeep\n|\n|t:|1770968437\n|switch|p2a: Hitmonchan|Hitmonchan, L86, M|25/226\n|turn|25\n|\n|t:|1770968442\n|switch|p2a: Pikachu|Pikachu, L91, F|212/212\n|move|p1a: Barbaracle|Low Kick|p2a: Pikachu\n|-damage|p2a: Pikachu|157/212\n|\n|upkeep\n|turn|26\n|\n|t:|1770968447\n|move|p1a: Barbaracle|Razor Shell|p2a: Pikachu\n|-damage|p2a: Pikachu|0 fnt\n|faint|p2a: Pikachu\n|\n|upkeep\n|\n|t:|1770968450\n|switch|p2a: Hitmonchan|Hitmonchan, L86, M|25/226\n|turn|27\n|\n|t:|1770968451\n|move|p1a: Barbaracle|Low Kick|p2a: Hitmonchan\n|-damage|p2a: Hitmonchan|0 fnt\n|faint|p2a: Hitmonchan\n|\n|win|GreenEggBoi\n|raw|GreenEggBoi's rating: 1542 &rarr; <strong>1563</strong><br />(+21 for winning)\n|raw|sidalin's rating: 1556 &rarr; <strong>1535</strong><br />(-21 for losing)\n|l|☆sidalin\n|player|p2|\n", "inputlog": ">version ccdc32dd7cde25fd9e4bed64820e885f66e78a4e\n>start {\"formatid\":\"gen6randombattle\",\"seed\":\"sodium,437c562f389377848f8d263f8e82a9f7\",\"rated\":\"Rated battle\"}\n>player p1 {\"name\":\"GreenEggBoi\",\"avatar\":\"101\",\"rating\":1542,\"seed\":\"sodium,518ee6163f1c837225206d1ee5967671\"}\n>player p2 {\"name\":\"sidalin\",\"avatar\":\"170\",\"rating\":1556,\"seed\":\"sodium,fdb125eaba62a76abf7bda1d6c752a91\"}\n>p1 switch 3\n>p2 switch 3\n>p1 move ironhead\n>p2 switch 5\n>p1 switch 3\n>p2 move drainpunch\n>p1 move gunkshot\n>p2 switch 5\n>p2 switch 3\n>p1 switch 3\n>p2 move knockoff\n>p1 move earthquake\n>p2 switch 6\n>p1 switch 5\n>p2 move substitute mega\n>p1 move taunt\n>p2 move dragonpulse\n>p1 switch 4\n>p1 move return mega\n>p2 move focusblast\n>p1 move iceshard\n>p2 switch 4\n>p1 switch 5\n>p2 move knockoff\n>p1 move earthquake\n>p2 move knockoff\n>p1 switch 3\n>p1 move closecombat\n>p2 move knockoff\n>p2 switch 2\n>p1 switch 2\n>p2 move acrobatics\n>p1 move dragondance\n>p2 switch 5\n>p1 move roost\n>p2 move icepunch\n>p1 move outrage\n>p2 move icepunch\n>p1 switch 2\n>p1 move stoneedge\n>p2 switch 4\n>p1 move stoneedge\n>p2 move leafstorm\n>p2 switch 4\n>p1 move stoneedge\n>p2 move machpunch\n>p1 switch 5\n>p1 move iceshard\n>p2 switch 5\n>p1 move return\n>p2 move acrobatics\n>p1 switch 6\n>p1 move shellsmash\n>p2 move earthquake\n>p1 move razorshell\n>p2 move earthquake\n>p2 switch 5\n>p1 move lowkick\n>p2 switch 6\n>p1 move razorshell\n>p2 move voltswitch\n>p2 switch 6\n>p1 move lowkick\n>p2 move drainpunch", "uploadtime": 1770968456, "views": 218, "formatid": "gen6randombattle", "rating": 1535, "private": 0, "password": null}