{"id": "gen6randombattle-2516386050", "format": "[Gen 6] Random Battle", "players": ["waterrowing", "WonderLoaf"], "log": "|j|☆waterrowing\n|j|☆WonderLoaf\n|t:|1768133034\n|gametype|singles\n|player|p1|waterrowing|1|1548\n|player|p2|WonderLoaf|ninjaboy|1527\n|gen|6\n|tier|[Gen 6] Random Battle\n|rated|\n|rule|Sleep Clause Mod: Limit one foe put to sleep\n|rule|HP Percentage Mod: HP is shown in percentages\n|rule|Illusion Level Mod: Illusion disguises the Pokémon's true level\n|\n|t:|1768133034\n|teamsize|p1|6\n|teamsize|p2|6\n|start\n|switch|p1a: Basculin|Basculin-Blue-Striped, L86, F|261/261\n|switch|p2a: Castform|Castform, L97, F|293/293\n|turn|1\n|inactive|Battle timer is ON: inactive players will automatically lose when time's up. (requested by WonderLoaf)\n|\n|t:|1768133049\n|move|p1a: Basculin|Superpower|p2a: Castform\n|-supereffective|p2a: Castform\n|-damage|p2a: Castform|49/293\n|-unboost|p1a: Basculin|atk|1\n|-unboost|p1a: Basculin|def|1\n|move|p2a: Castform|Thunder Wave|p1a: Basculin\n|-status|p1a: Basculin|par\n|\n|-heal|p2a: Castform|67/293|[from] item: Leftovers\n|upkeep\n|turn|2\n|\n|t:|1768133058\n|move|p2a: Castform|Return|p1a: Basculin\n|-crit|p1a: Basculin\n|-damage|p1a: Basculin|0 fnt\n|faint|p1a: Basculin\n|\n|-heal|p2a: Castform|85/293|[from] item: Leftovers\n|upkeep\n|\n|t:|1768133069\n|switch|p1a: Pachirisu|Pachirisu, L95, F|268/268\n|turn|3\n|\n|t:|1768133075\n|switch|p2a: Golem|Golem, L86, M|278/278\n|move|p1a: Pachirisu|Thunderbolt|p2a: Golem\n|-immune|p2a: Golem\n|\n|upkeep\n|turn|4\n|\n|t:|1768133082\n|move|p1a: Pachirisu|U-turn|p2a: Golem\n|-damage|p2a: Golem|253/278\n|\n|t:|1768133084\n|switch|p1a: Marowak|Marowak, L88, F|249/249|[from] U-turn\n|move|p2a: Golem|Toxic|p1a: Marowak\n|-status|p1a: Marowak|tox\n|\n|-heal|p2a: Golem|270/278|[from] item: Leftovers\n|-damage|p1a: Marowak|234/249 tox|[from] psn\n|upkeep\n|turn|5\n|\n|t:|1768133104\n|move|p1a: Marowak|Stealth Rock|p2a: Golem\n|-sidestart|p2: WonderLoaf|move: Stealth Rock\n|move|p2a: Golem|Earthquake|p1a: Marowak\n|-damage|p1a: Marowak|122/249 tox\n|\n|-heal|p2a: Golem|278/278|[from] item: Leftovers\n|-damage|p1a: Marowak|92/249 tox|[from] psn\n|upkeep\n|turn|6\n|\n|t:|1768133114\n|switch|p2a: Staraptor|Staraptor, L78, M|261/261\n|-damage|p2a: Staraptor|196/261|[from] Stealth Rock\n|move|p1a: Marowak|Earthquake|p2a: Staraptor\n|-immune|p2a: Staraptor\n|\n|-damage|p1a: Marowak|47/249 tox|[from] psn\n|upkeep\n|turn|7\n|\n|t:|1768133123\n|move|p2a: Staraptor|Double-Edge|p1a: Marowak\n|-damage|p1a: Marowak|0 fnt\n|faint|p1a: Marowak\n|-damage|p2a: Staraptor|180/261|[from] Recoil\n|\n|upkeep\n|\n|t:|1768133138\n|switch|p1a: Pachirisu|Pachirisu, L95, F|268/268\n|turn|8\n|\n|t:|1768133141\n|move|p1a: Pachirisu|U-turn|p2a: Staraptor\n|-resisted|p2a: Staraptor\n|-damage|p2a: Staraptor|155/261\n|\n|t:|1768133146\n|switch|p1a: Samurott|Samurott, L87, M|307/307|[from] U-turn\n|move|p2a: Staraptor|Double-Edge|p1a: Samurott\n|-damage|p1a: Samurott|72/307\n|-damage|p2a: Staraptor|77/261|[from] Recoil\n|\n|upkeep\n|turn|9\n|\n|t:|1768133149\n|move|p1a: Samurott|Aqua Jet|p2a: Staraptor\n|-damage|p2a: Staraptor|0 fnt\n|faint|p2a: Staraptor\n|\n|upkeep\n|\n|t:|1768133155\n|switch|p2a: Conkeldurr|Conkeldurr, L81, F|303/303\n|-damage|p2a: Conkeldurr|285/303|[from] Stealth Rock\n|turn|10\n|\n|t:|1768133161\n|switch|p1a: Gallade|Gallade, L77, M|231/231\n|move|p2a: Conkeldurr|Mach Punch|p1a: Gallade\n|-resisted|p1a: Gallade\n|-damage|p1a: Gallade|178/231\n|-damage|p2a: Conkeldurr|255/303|[from] item: Life Orb\n|\n|upkeep\n|turn|11\n|\n|t:|1768133167\n|switch|p2a: Castform|Castform, L97, F|85/293\n|-damage|p2a: Castform|49/293|[from] Stealth Rock\n|detailschange|p1a: Gallade|Gallade-Mega, L77, M\n|-mega|p1a: Gallade|Gallade|Galladite\n|move|p1a: Gallade|Zen Headbutt|p2a: Castform\n|-damage|p2a: Castform|0 fnt\n|faint|p2a: Castform\n|\n|upkeep\n|\n|t:|1768133173\n|switch|p2a: Deoxys|Deoxys-Defense, L84|221/221\n|-damage|p2a: Deoxys|194/221|[from] Stealth Rock\n|-ability|p2a: Deoxys|Pressure\n|turn|12\n|\n|t:|1768133184\n|move|p1a: Gallade|Swords Dance|p1a: Gallade\n|-boost|p1a: Gallade|atk|2\n|move|p2a: Deoxys|Psychic|p1a: Gallade\n|-damage|p1a: Gallade|108/231\n|\n|-heal|p2a: Deoxys|207/221|[from] item: Leftovers\n|upkeep\n|turn|13\n|\n|t:|1768133190\n|move|p1a: Gallade|Knock Off|p2a: Deoxys\n|-supereffective|p2a: Deoxys\n|-damage|p2a: Deoxys|3/221\n|-enditem|p2a: Deoxys|Leftovers|[from] move: Knock Off|[of] p1a: Gallade\n|move|p2a: Deoxys|Psychic|p1a: Gallade\n|-damage|p1a: Gallade|45/231\n|\n|upkeep\n|turn|14\n|\n|t:|1768133198\n|move|p1a: Gallade|Knock Off|p2a: Deoxys\n|-supereffective|p2a: Deoxys\n|-damage|p2a: Deoxys|0 fnt\n|faint|p2a: Deoxys\n|\n|upkeep\n|\n|t:|1768133202\n|switch|p2a: Golem|Golem, L86, M|278/278\n|-damage|p2a: Golem|261/278|[from] Stealth Rock\n|turn|15\n|\n|t:|1768133205\n|move|p2a: Golem|Sucker Punch|p1a: Gallade\n|-damage|p1a: Gallade|0 fnt\n|faint|p1a: Gallade\n|detailschange|p1: Gallade|Gallade, L77, M|[silent]\n|\n|-heal|p2a: Golem|278/278|[from] item: Leftovers\n|upkeep\n|\n|t:|1768133213\n|switch|p1a: Wobbuffet|Wobbuffet, L93, F|504/504\n|turn|16\n|\n|t:|1768133219\n|move|p2a: Golem|Toxic|p1a: Wobbuffet\n|-status|p1a: Wobbuffet|tox\n|move|p1a: Wobbuffet|Counter||[still]\n|-fail|p1a: Wobbuffet\n|\n|-damage|p1a: Wobbuffet|473/504 tox|[from] psn\n|upkeep\n|turn|17\n|\n|t:|1768133222\n|move|p2a: Golem|Toxic|p1a: Wobbuffet\n|-fail|p1a: Wobbuffet|tox\n|move|p1a: Wobbuffet|Encore|p2a: Golem\n|-start|p2a: Golem|Encore\n|\n|-damage|p1a: Wobbuffet|411/504 tox|[from] psn\n|upkeep\n|turn|18\n|\n|t:|1768133233\n|switch|p1a: Pachirisu|Pachirisu, L95, F|268/268\n|move|p2a: Golem|Toxic|p1a: Pachirisu\n|-status|p1a: Pachirisu|tox\n|\n|-damage|p1a: Pachirisu|252/268 tox|[from] psn\n|upkeep\n|turn|19\n|\n|t:|1768133240\n|switch|p2a: Conkeldurr|Conkeldurr, L81, F|255/303\n|-damage|p2a: Conkeldurr|237/303|[from] Stealth Rock\n|move|p1a: Pachirisu|Toxic|p2a: Conkeldurr\n|-status|p2a: Conkeldurr|tox\n|\n|-heal|p1a: Pachirisu|268/268 tox|[from] item: Leftovers\n|-damage|p1a: Pachirisu|236/268 tox|[from] psn\n|-damage|p2a: Conkeldurr|219/303 tox|[from] psn\n|upkeep\n|turn|20\n|\n|t:|1768133247\n|move|p1a: Pachirisu|U-turn|p2a: Conkeldurr\n|-resisted|p2a: Conkeldurr\n|-damage|p2a: Conkeldurr|200/303 tox\n|\n|t:|1768133251\n|switch|p1a: Wobbuffet|Wobbuffet, L93, F|411/504 tox|[from] U-turn\n|move|p2a: Conkeldurr|Knock Off|p1a: Wobbuffet\n|-supereffective|p1a: Wobbuffet\n|-damage|p1a: Wobbuffet|133/504 tox\n|-enditem|p1a: Wobbuffet|Custap Berry|[from] move: Knock Off|[of] p2a: Conkeldurr\n|-damage|p2a: Conkeldurr|170/303 tox|[from] item: Life Orb\n|\n|-damage|p2a: Conkeldurr|134/303 tox|[from] psn\n|-damage|p1a: Wobbuffet|102/504 tox|[from] psn\n|upkeep\n|turn|21\n|\n|t:|1768133258\n|move|p2a: Conkeldurr|Knock Off|p1a: Wobbuffet\n|-supereffective|p1a: Wobbuffet\n|-damage|p1a: Wobbuffet|0 fnt\n|faint|p1a: Wobbuffet\n|-damage|p2a: Conkeldurr|104/303 tox|[from] item: Life Orb\n|\n|-damage|p2a: Conkeldurr|50/303 tox|[from] psn\n|upkeep\n|\n|t:|1768133263\n|switch|p1a: Samurott|Samurott, L87, M|72/307\n|turn|22\n|\n|t:|1768133265\n|move|p1a: Samurott|Aqua Jet|p2a: Conkeldurr\n|-damage|p2a: Conkeldurr|0 fnt\n|faint|p2a: Conkeldurr\n|\n|upkeep\n|\n|t:|1768133275\n|switch|p2a: Slurpuff|Slurpuff, L77, F|252/252\n|-damage|p2a: Slurpuff|221/252|[from] Stealth Rock\n|turn|23\n|\n|t:|1768133279\n|switch|p1a: Pachirisu|Pachirisu, L95, F|236/268 tox\n|move|p2a: Slurpuff|Play Rough|p1a: Pachirisu\n|-damage|p1a: Pachirisu|167/268 tox\n|\n|-heal|p1a: Pachirisu|183/268 tox|[from] item: Leftovers\n|-damage|p1a: Pachirisu|167/268 tox|[from] psn\n|upkeep\n|turn|24\n|\n|t:|1768133288\n|move|p1a: Pachirisu|U-turn|p2a: Slurpuff\n|-resisted|p2a: Slurpuff\n|-damage|p2a: Slurpuff|199/252\n|\n|t:|1768133291\n|switch|p1a: Samurott|Samurott, L87, M|72/307|[from] U-turn\n|move|p2a: Slurpuff|Play Rough|p1a: Samurott\n|-damage|p1a: Samurott|8/307\n|\n|upkeep\n|turn|25\n|\n|t:|1768133296\n|switch|p1a: Pachirisu|Pachirisu, L95, F|167/268 tox\n|move|p2a: Slurpuff|Play Rough|p1a: Pachirisu\n|-damage|p1a: Pachirisu|94/268 tox\n|\n|-heal|p1a: Pachirisu|110/268 tox|[from] item: Leftovers\n|-damage|p1a: Pachirisu|94/268 tox|[from] psn\n|upkeep\n|turn|26\n|\n|t:|1768133298\n|move|p1a: Pachirisu|Toxic|p2a: Slurpuff\n|-status|p2a: Slurpuff|tox\n|move|p2a: Slurpuff|Play Rough|p1a: Pachirisu\n|-damage|p1a: Pachirisu|27/268 tox\n|\n|-heal|p1a: Pachirisu|43/268 tox|[from] item: Leftovers\n|-damage|p1a: Pachirisu|11/268 tox|[from] psn\n|-damage|p2a: Slurpuff|184/252 tox|[from] psn\n|upkeep\n|turn|27\n|\n|t:|1768133306\n|move|p1a: Pachirisu|Super Fang|p2a: Slurpuff\n|-damage|p2a: Slurpuff|92/252 tox\n|-enditem|p2a: Slurpuff|Sitrus Berry|[eat]\n|-heal|p2a: Slurpuff|155/252 tox|[from] item: Sitrus Berry\n|move|p2a: Slurpuff|Play Rough|p1a: Pachirisu\n|-damage|p1a: Pachirisu|0 fnt\n|faint|p1a: Pachirisu\n|\n|-damage|p2a: Slurpuff|125/252 tox|[from] psn\n|upkeep\n|\n|t:|1768133314\n|switch|p1a: Samurott|Samurott, L87, M|8/307\n|turn|28\n|\n|t:|1768133317\n|move|p1a: Samurott|Aqua Jet|p2a: Slurpuff\n|-damage|p2a: Slurpuff|11/252 tox\n|move|p2a: Slurpuff|Play Rough|p1a: Samurott|[miss]\n|-miss|p2a: Slurpuff|p1a: Samurott\n|\n|-damage|p2a: Slurpuff|0 fnt|[from] psn\n|faint|p2a: Slurpuff\n|upkeep\n|\n|t:|1768133319\n|switch|p2a: Golem|Golem, L86, M|278/278\n|-damage|p2a: Golem|261/278|[from] Stealth Rock\n|turn|29\n|\n|t:|1768133321\n|move|p1a: Samurott|Aqua Jet|p2a: Golem\n|-supereffective|p2a: Golem\n|-damage|p2a: Golem|0 fnt\n|faint|p2a: Golem\n|\n|win|waterrowing\n|raw|waterrowing's rating: 1548 &rarr; <strong>1567</strong><br />(+19 for winning)\n|raw|WonderLoaf's rating: 1527 &rarr; <strong>1508</strong><br />(-19 for losing)\n", "inputlog": ">version f2883557ca71b1a14bc1039fd307aee7de4ab455\n>start {\"formatid\":\"gen6randombattle\",\"seed\":\"sodium,1873e51abbe14e2aa9903636c2eacc95\",\"rated\":\"Rated battle\"}\n>player p1 {\"name\":\"waterrowing\",\"avatar\":\"1\",\"rating\":1548,\"seed\":\"sodium,58101416f388dfc744b2bd1ceb1133c8\"}\n>player p2 {\"name\":\"WonderLoaf\",\"avatar\":\"ninjaboy\",\"rating\":1527,\"seed\":\"sodium,e67d2acddfaef9a01885003042634ef4\"}\n>p1 move superpower\n>p2 move thunderwave\n>p1 move superpower\n>p2 move return\n>p1 switch 2\n>p1 move thunderbolt\n>p2 switch 3\n>p1 move uturn\n>p2 move toxic\n>p1 switch 5\n>p1 move stealthrock\n>p2 move earthquake\n>p1 move earthquake\n>p2 switch 2\n>p1 move stoneedge\n>p2 move doubleedge\n>p1 switch 5\n>p1 move uturn\n>p2 move doubleedge\n>p1 switch 6\n>p1 move aquajet\n>p2 move doubleedge\n>p2 switch 4\n>p1 switch 3\n>p2 move machpunch\n>p1 move zenheadbutt mega\n>p2 switch 3\n>p2 switch 6\n>p1 move swordsdance\n>p2 move psychic\n>p1 move knockoff\n>p2 move psychic\n>p1 move knockoff\n>p2 move psychic\n>p2 switch 2\n>p1 move closecombat\n>p2 move suckerpunch\n>p1 switch 4\n>p1 move counter\n>p2 move toxic\n>p1 move encore\n>p2 move toxic\n>p1 switch 6\n>p2 move toxic\n>p1 move toxic\n>p2 switch 3\n>p1 move uturn\n>p2 move knockoff\n>p1 switch 6\n>p1 move destinybond\n>p2 move knockoff\n>p1 switch 3\n>p1 move aquajet\n>p2 move machpunch\n>p2 switch 5\n>p1 switch 6\n>p2 move playrough\n>p1 move uturn\n>p2 move playrough\n>p1 switch 6\n>p1 switch 6\n>p2 move playrough\n>p1 move toxic\n>p2 move playrough\n>p1 move superfang\n>p2 move playrough\n>p1 switch 6\n>p1 move aquajet\n>p2 move playrough\n>p2 switch 3\n>p1 move aquajet\n>p2 move suckerpunch", "uploadtime": 1768133324, "views": 252, "formatid": "gen6randombattle", "rating": 1508, "private": 0, "password": null}