{"id": "gen6randombattle-2529672299", "format": "[Gen 6] Random Battle", "players": ["Aphrodi 20", "anguscloud"], "log": "|j|☆Aphrodi 20\n|j|☆anguscloud\n|t:|1769810209\n|gametype|singles\n|player|p1|Aphrodi 20|morty|1512\n|player|p2|anguscloud|101|1746\n|gen|6\n|tier|[Gen 6] Random Battle\n|rated|\n|rule|Sleep Clause Mod: Limit one foe put to sleep\n|rule|HP Percentage Mod: HP is shown in percentages\n|rule|Illusion Level Mod: Illusion disguises the Pokémon's true level\n|\n|t:|1769810209\n|teamsize|p1|6\n|teamsize|p2|6\n|start\n|switch|p1a: Beheeyem|Beheeyem, L92, M|287/287\n|switch|p2a: Flareon|Flareon, L88, M|258/258\n|turn|1\n|inactive|Battle timer is ON: inactive players will automatically lose when time's up. (requested by anguscloud)\n|c|☆anguscloud|hf\n|inactive|anguscloud has 120 seconds left.\n|c|☆Aphrodi 20|glhf\n|\n|t:|1769810262\n|switch|p1a: Aerodactyl|Aerodactyl, L77, F|250/250\n|-ability|p1a: Aerodactyl|Unnerve\n|move|p2a: Flareon|Flare Blitz|p1a: Aerodactyl\n|-resisted|p1a: Aerodactyl\n|-damage|p1a: Aerodactyl|121/250\n|-damage|p2a: Flareon|215/258|[from] Recoil\n|\n|-status|p2a: Flareon|tox|[from] item: Toxic Orb\n|upkeep\n|turn|2\n|inactive|Aphrodi 20 has 120 seconds left.\n|\n|t:|1769810298\n|switch|p2a: Swampert|Swampert, L80, F|291/291\n|detailschange|p1a: Aerodactyl|Aerodactyl-Mega, L77, F\n|-mega|p1a: Aerodactyl|Aerodactyl|Aerodactylite\n|move|p1a: Aerodactyl|Roost|p1a: Aerodactyl\n|-heal|p1a: Aerodactyl|246/250\n|-singleturn|p1a: Aerodactyl|move: Roost\n|\n|upkeep\n|turn|3\n|inactive|Aphrodi 20 has 120 seconds left.\n|\n|t:|1769810327\n|switch|p1a: Wailord|Wailord, L93, M|466/466\n|detailschange|p2a: Swampert|Swampert-Mega, L80, F\n|-mega|p2a: Swampert|Swampert|Swampertite\n|move|p2a: Swampert|Rain Dance|p2a: Swampert\n|-weather|RainDance\n|\n|-weather|RainDance|[upkeep]\n|upkeep\n|turn|4\n|inactive|anguscloud has 120 seconds left.\n|\n|t:|1769810344\n|move|p2a: Swampert|Earthquake|p1a: Wailord\n|-damage|p1a: Wailord|264/466\n|move|p1a: Wailord|Water Spout|p2a: Swampert\n|-damage|p2a: Swampert|153/291\n|\n|-weather|RainDance|[upkeep]\n|upkeep\n|turn|5\n|\n|t:|1769810354\n|move|p2a: Swampert|Earthquake|p1a: Wailord\n|-damage|p1a: Wailord|74/466\n|move|p1a: Wailord|Water Spout|p2a: Swampert\n|-damage|p2a: Swampert|116/291\n|\n|-weather|RainDance|[upkeep]\n|upkeep\n|turn|6\n|\n|t:|1769810376\n|switch|p1a: Aerodactyl|Aerodactyl-Mega, L77, F|246/250\n|move|p2a: Swampert|Waterfall|p1a: Aerodactyl\n|-supereffective|p1a: Aerodactyl\n|-damage|p1a: Aerodactyl|0 fnt\n|faint|p1a: Aerodactyl\n|detailschange|p1: Aerodactyl|Aerodactyl, L77, F|[silent]\n|\n|-weather|RainDance|[upkeep]\n|upkeep\n|inactive|Aphrodi 20 has 90 seconds left.\n|\n|t:|1769810386\n|switch|p1a: Skuntank|Skuntank, L85, M|314/314\n|turn|7\n|inactive|anguscloud has 120 seconds left.\n|\n|t:|1769810429\n|move|p1a: Skuntank|Sucker Punch|p2a: Swampert\n|-damage|p2a: Swampert|40/291\n|move|p2a: Swampert|Earthquake|p1a: Skuntank\n|-supereffective|p1a: Skuntank\n|-damage|p1a: Skuntank|0 fnt\n|faint|p1a: Skuntank\n|\n|-weather|none\n|upkeep\n|\n|t:|1769810439\n|switch|p1a: Wailord|Wailord, L93, M|74/466\n|turn|8\n|\n|t:|1769810460\n|switch|p2a: Umbreon|Umbreon, L83, F|293/293\n|move|p1a: Wailord|Hidden Power|p2a: Umbreon\n|-damage|p2a: Umbreon|253/293\n|\n|-heal|p2a: Umbreon|271/293|[from] item: Leftovers\n|upkeep\n|turn|9\n|\n|t:|1769810471\n|move|p1a: Wailord|Hidden Power|p2a: Umbreon\n|-damage|p2a: Umbreon|232/293\n|move|p2a: Umbreon|Foul Play|p1a: Wailord\n|-damage|p1a: Wailord|0 fnt\n|faint|p1a: Wailord\n|\n|-heal|p2a: Umbreon|250/293|[from] item: Leftovers\n|upkeep\n|\n|t:|1769810487\n|switch|p1a: Fearow|Fearow, L88, M|258/258\n|turn|10\n|\n|t:|1769810496\n|switch|p2a: Arbok|Arbok, L90, F|254/254\n|-ability|p2a: Arbok|Intimidate|boost\n|-unboost|p1a: Fearow|atk|1\n|move|p1a: Fearow|Double-Edge|p2a: Arbok\n|-damage|p2a: Arbok|101/254\n|-damage|p1a: Fearow|208/258|[from] Recoil\n|\n|upkeep\n|turn|11\n|\n|t:|1769810505\n|switch|p2a: Gligar|Gligar, L82, M|241/241\n|move|p1a: Fearow|Double-Edge|p2a: Gligar\n|-damage|p2a: Gligar|165/241\n|-damage|p1a: Fearow|183/258|[from] Recoil\n|\n|upkeep\n|turn|12\n|inactive|Aphrodi 20 has 120 seconds left.\n|\n|t:|1769810515\n|switch|p1a: Eelektross|Eelektross, L85, F|283/283\n|move|p2a: Gligar|Roost|p2a: Gligar\n|-heal|p2a: Gligar|241/241\n|-singleturn|p2a: Gligar|move: Roost\n|\n|upkeep\n|turn|13\n|inactive|Aphrodi 20 has 120 seconds left.\n|\n|t:|1769810529\n|move|p2a: Gligar|Stealth Rock|p1a: Eelektross\n|-sidestart|p1: Aphrodi 20|move: Stealth Rock\n|move|p1a: Eelektross|Giga Drain|p2a: Gligar\n|-damage|p2a: Gligar|193/241\n|\n|upkeep\n|turn|14\n|inactive|Aphrodi 20 has 120 seconds left.\n|\n|t:|1769810549\n|move|p2a: Gligar|Toxic|p1a: Eelektross\n|-status|p1a: Eelektross|tox\n|move|p1a: Eelektross|U-turn|p2a: Gligar\n|-resisted|p2a: Gligar\n|-damage|p2a: Gligar|176/241\n|\n|t:|1769810554\n|switch|p1a: Beheeyem|Beheeyem, L92, M|287/287|[from] U-turn\n|-damage|p1a: Beheeyem|252/287|[from] Stealth Rock\n|\n|upkeep\n|turn|15\n|inactive|Aphrodi 20 has 120 seconds left.\n|\n|t:|1769810560\n|switch|p2a: Umbreon|Umbreon, L83, F|250/293\n|move|p1a: Beheeyem|Psychic|p2a: Umbreon\n|-immune|p2a: Umbreon\n|\n|-heal|p2a: Umbreon|268/293|[from] item: Leftovers\n|upkeep\n|turn|16\n|\n|t:|1769810569\n|move|p2a: Umbreon|Foul Play|p1a: Beheeyem\n|-supereffective|p1a: Beheeyem\n|-damage|p1a: Beheeyem|100/287\n|move|p1a: Beheeyem|Signal Beam|p2a: Umbreon\n|-supereffective|p2a: Umbreon\n|-damage|p2a: Umbreon|63/293\n|-damage|p1a: Beheeyem|72/287|[from] item: Life Orb\n|\n|-heal|p2a: Umbreon|81/293|[from] item: Leftovers\n|upkeep\n|turn|17\n|\n|t:|1769810579\n|move|p2a: Umbreon|Foul Play|p1a: Beheeyem\n|-supereffective|p1a: Beheeyem\n|-damage|p1a: Beheeyem|0 fnt\n|faint|p1a: Beheeyem\n|\n|-heal|p2a: Umbreon|99/293|[from] item: Leftovers\n|upkeep\n|\n|t:|1769810586\n|switch|p1a: Fearow|Fearow, L88, M|183/258\n|-damage|p1a: Fearow|119/258|[from] Stealth Rock\n|turn|18\n|\n|t:|1769810595\n|switch|p2a: Arbok|Arbok, L90, F|101/254\n|-ability|p2a: Arbok|Intimidate|boost\n|-unboost|p1a: Fearow|atk|1\n|move|p1a: Fearow|Double-Edge|p2a: Arbok\n|-damage|p2a: Arbok|0 fnt\n|faint|p2a: Arbok\n|-damage|p1a: Fearow|86/258|[from] Recoil\n|\n|upkeep\n|\n|t:|1769810612\n|switch|p2a: Absol|Absol, L84, M|246/246\n|turn|19\n|\n|t:|1769810619\n|move|p1a: Fearow|Double-Edge|p2a: Absol\n|-damage|p2a: Absol|77/246\n|-damage|p1a: Fearow|30/258|[from] Recoil\n|move|p2a: Absol|Knock Off|p1a: Fearow\n|-damage|p1a: Fearow|0 fnt\n|-enditem|p1a: Fearow|Choice Band|[from] move: Knock Off|[of] p2a: Absol\n|faint|p1a: Fearow\n|\n|upkeep\n|c|☆anguscloud|gg\n|\n|t:|1769810628\n|switch|p1a: Eelektross|Eelektross, L85, F|283/283 tox\n|-damage|p1a: Eelektross|248/283 tox|[from] Stealth Rock\n|turn|20\n|\n|t:|1769810633\n|move|p2a: Absol|Knock Off|p1a: Eelektross\n|-damage|p1a: Eelektross|52/283 tox\n|-enditem|p1a: Eelektross|Assault Vest|[from] move: Knock Off|[of] p2a: Absol\n|move|p1a: Eelektross|U-turn|p2a: Absol\n|-supereffective|p2a: Absol\n|-damage|p2a: Absol|0 fnt\n|faint|p2a: Absol\n|\n|-damage|p1a: Eelektross|35/283 tox|[from] psn\n|upkeep\n|\n|t:|1769810637\n|switch|p2a: Swampert|Swampert-Mega, L80, F|40/291\n|turn|21\n|\n|t:|1769810646\n|switch|p2a: Flareon|Flareon, L88, M|215/258 tox\n|move|p1a: Eelektross|Giga Drain|p2a: Flareon\n|-resisted|p2a: Flareon\n|-damage|p2a: Flareon|190/258 tox\n|-heal|p1a: Eelektross|48/283 tox|[from] drain|[of] p2a: Flareon\n|\n|-damage|p2a: Flareon|174/258 tox|[from] psn\n|-damage|p1a: Eelektross|14/283 tox|[from] psn\n|upkeep\n|turn|22\n|j| mlungero\n|\n|t:|1769810657\n|move|p2a: Flareon|Quick Attack|p1a: Eelektross\n|-damage|p1a: Eelektross|0 fnt\n|faint|p1a: Eelektross\n|\n|win|anguscloud\n|raw|Aphrodi 20's rating: 1512 &rarr; <strong>1504</strong><br />(-8 for losing)\n|raw|anguscloud's rating: 1746 &rarr; <strong>1754</strong><br />(+8 for winning)\n", "inputlog": ">version b99ff0165a6231f17e8b78c2a78d1998375de664\n>start {\"formatid\":\"gen6randombattle\",\"seed\":\"sodium,b0d152d59d76568f5c8dbec4111f0866\",\"rated\":\"Rated battle\"}\n>player p1 {\"name\":\"Aphrodi 20\",\"avatar\":\"morty\",\"rating\":1512,\"seed\":\"sodium,94382435381b0e541fdb7bc9925efe31\"}\n>player p2 {\"name\":\"anguscloud\",\"avatar\":\"101\",\"rating\":1746,\"seed\":\"sodium,5a7aa30fc8af967e64734aa23630d1a2\"}\n>chat ☆anguscloud|hf\n>chat ☆Aphrodi 20|glhf\n>p1 switch 5\n>p2 move flareblitz\n>p1 move roost mega\n>p2 switch 4\n>p1 switch 2\n>p2 move raindance mega\n>p1 move waterspout\n>p2 move earthquake\n>p1 move waterspout\n>p2 move earthquake\n>p1 switch 2\n>p2 move waterfall\n>p1 switch 3\n>p1 move suckerpunch\n>p2 move earthquake\n>p1 switch 2\n>p1 move hiddenpower\n>p2 switch 2\n>p1 move hiddenpower\n>p2 move foulplay\n>p1 switch 6\n>p1 move doubleedge\n>p2 switch 5\n>p1 move doubleedge\n>p2 switch 6\n>p1 switch 4\n>p2 move roost\n>p1 move gigadrain\n>p2 move stealthrock\n>p1 move uturn\n>p2 move toxic\n>p1 switch 5\n>p1 move psychic\n>p2 switch 5\n>p1 move signalbeam\n>p2 move foulplay\n>p1 move signalbeam\n>p2 move foulplay\n>p1 switch 4\n>p1 move doubleedge\n>p2 switch 6\n>p2 switch 3\n>p1 move doubleedge\n>p2 move knockoff\n>chat ☆anguscloud|gg\n>p1 switch 5\n>p1 move uturn\n>p2 move knockoff\n>p2 switch 2\n>p1 move gigadrain\n>p2 switch 4\n>p1 move discharge\n>p2 move quickattack", "uploadtime": 1769810662, "views": 264, "formatid": "gen6randombattle", "rating": 1504, "private": 0, "password": null}