{"id": "gen6randombattle-2532637389", "format": "[Gen 6] Random Battle", "players": ["sith1993", "Plop"], "log": "|j|☆sith1993\n|j|☆Plop\n|t:|1770208942\n|gametype|singles\n|player|p1|sith1993|2|1648\n|player|p2|Plop|#rbtt9travelers|1800\n|gen|6\n|tier|[Gen 6] Random Battle\n|rated|\n|rule|Sleep Clause Mod: Limit one foe put to sleep\n|rule|HP Percentage Mod: HP is shown in percentages\n|rule|Illusion Level Mod: Illusion disguises the Pokémon's true level\n|\n|t:|1770208942\n|teamsize|p1|6\n|teamsize|p2|6\n|start\n|switch|p1a: Crustle|Crustle, L82, M|249/249\n|switch|p2a: Escavalier|Escavalier, L84, F|255/255\n|turn|1\n|\n|t:|1770208955\n|switch|p1a: Arcanine|Arcanine, L82, F|282/282\n|-ability|p1a: Arcanine|Intimidate|boost\n|-unboost|p2a: Escavalier|atk|1\n|move|p2a: Escavalier|Iron Head|p1a: Arcanine\n|-resisted|p1a: Arcanine\n|-damage|p1a: Arcanine|243/282\n|\n|upkeep\n|turn|2\n|\n|t:|1770208971\n|switch|p2a: Azumarill|Azumarill, L81, M|295/295\n|move|p1a: Arcanine|Flare Blitz|p2a: Azumarill\n|-resisted|p2a: Azumarill\n|-damage|p2a: Azumarill|200/295\n|-damage|p1a: Arcanine|212/282|[from] Recoil\n|-damage|p1a: Arcanine|184/282|[from] item: Life Orb\n|\n|upkeep\n|turn|3\n|\n|t:|1770208990\n|switch|p1a: Sunflora|Sunflora, M|312/312\n|move|p2a: Azumarill|Aqua Jet|p1a: Sunflora\n|-resisted|p1a: Sunflora\n|-damage|p1a: Sunflora|267/312\n|\n|upkeep\n|turn|4\n|\n|t:|1770209018\n|switch|p2a: Fearow|Fearow, L88, F|258/258\n|move|p1a: Sunflora|Hidden Power|p2a: Fearow\n|-damage|p2a: Fearow|139/258\n|\n|upkeep\n|turn|5\n|\n|t:|1770209031\n|switch|p1a: Arcanine|Arcanine, L82, F|184/282\n|-ability|p1a: Arcanine|Intimidate|boost\n|-unboost|p2a: Fearow|atk|1\n|move|p2a: Fearow|U-turn|p1a: Arcanine\n|-resisted|p1a: Arcanine\n|-damage|p1a: Arcanine|153/282\n|\n|t:|1770209055\n|switch|p2a: Hoopa|Hoopa, L84|272/272|[from] U-turn\n|\n|upkeep\n|turn|6\n|\n|t:|1770209060\n|move|p2a: Hoopa|Psychic|p1a: Arcanine\n|-damage|p1a: Arcanine|0 fnt\n|faint|p1a: Arcanine\n|\n|upkeep\n|\n|t:|1770209068\n|switch|p1a: Crustle|Crustle, L82, M|249/249\n|turn|7\n|\n|t:|1770209090\n|switch|p2a: Azumarill|Azumarill, L81, M|200/295\n|move|p1a: Crustle|Knock Off|p2a: Azumarill\n|-resisted|p2a: Azumarill\n|-damage|p2a: Azumarill|164/295\n|-enditem|p2a: Azumarill|Choice Band|[from] move: Knock Off|[of] p1a: Crustle\n|\n|upkeep\n|turn|8\n|\n|t:|1770209103\n|switch|p1a: Sunflora|Sunflora, M|267/312\n|move|p2a: Azumarill|Waterfall|p1a: Sunflora\n|-resisted|p1a: Sunflora\n|-damage|p1a: Sunflora|207/312\n|\n|upkeep\n|turn|9\n|\n|t:|1770209125\n|switch|p2a: Cherrim|Cherrim, L97, M|293/293\n|move|p1a: Sunflora|Sludge Bomb|p2a: Cherrim\n|-supereffective|p2a: Cherrim\n|-damage|p2a: Cherrim|31/293\n|\n|-heal|p2a: Cherrim|49/293|[from] item: Leftovers\n|upkeep\n|turn|10\n|\n|t:|1770209136\n|switch|p2a: Escavalier|Escavalier, L84, F|255/255\n|switch|p1a: Emboar|Emboar, L83, F|318/318\n|\n|upkeep\n|turn|11\n|\n|t:|1770209148\n|switch|p2a: Cherrim|Cherrim, L97, M|49/293\n|move|p1a: Emboar|Wild Charge|p2a: Cherrim\n|-resisted|p2a: Cherrim\n|-damage|p2a: Cherrim|0 fnt\n|faint|p2a: Cherrim\n|-damage|p1a: Emboar|306/318|[from] Recoil\n|\n|upkeep\n|\n|t:|1770209158\n|switch|p2a: Fearow|Fearow, L88, F|139/258\n|turn|12\n|\n|t:|1770209163\n|switch|p1a: Sunflora|Sunflora, M|207/312\n|move|p2a: Fearow|Drill Peck|p1a: Sunflora\n|-supereffective|p1a: Sunflora\n|-damage|p1a: Sunflora|0 fnt\n|faint|p1a: Sunflora\n|\n|upkeep\n|\n|t:|1770209174\n|switch|p1a: Crustle|Crustle, L82, M|249/249\n|turn|13\n|\n|t:|1770209191\n|move|p2a: Fearow|Drill Peck|p1a: Crustle\n|-damage|p1a: Crustle|155/249\n|move|p1a: Crustle|Shell Smash|p1a: Crustle\n|-unboost|p1a: Crustle|def|1\n|-unboost|p1a: Crustle|spd|1\n|-boost|p1a: Crustle|atk|2\n|-boost|p1a: Crustle|spa|2\n|-boost|p1a: Crustle|spe|2\n|-enditem|p1a: Crustle|White Herb\n|-clearnegativeboost|p1a: Crustle|[silent]\n|\n|upkeep\n|turn|14\n|\n|t:|1770209222\n|switch|p2a: Azumarill|Azumarill, L81, M|164/295\n|move|p1a: Crustle|Knock Off|p2a: Azumarill\n|-resisted|p2a: Azumarill\n|-damage|p2a: Azumarill|114/295\n|\n|upkeep\n|turn|15\n|\n|t:|1770209228\n|move|p2a: Azumarill|Aqua Jet|p1a: Crustle\n|-supereffective|p1a: Crustle\n|-damage|p1a: Crustle|81/249\n|move|p1a: Crustle|Earthquake|p2a: Azumarill\n|-damage|p2a: Azumarill|0 fnt\n|faint|p2a: Azumarill\n|\n|upkeep\n|\n|t:|1770209234\n|switch|p2a: Hoopa|Hoopa, L84|272/272\n|turn|16\n|\n|t:|1770209238\n|move|p2a: Hoopa|Psychic|p1a: Crustle\n|-damage|p1a: Crustle|0 fnt\n|faint|p1a: Crustle\n|\n|upkeep\n|\n|t:|1770209253\n|switch|p1a: Gallade|Gallade, L77, M|231/231\n|turn|17\n|\n|t:|1770209272\n|switch|p2a: Escavalier|Escavalier, L84, F|255/255\n|detailschange|p1a: Gallade|Gallade-Mega, L77, M\n|-mega|p1a: Gallade|Gallade|Galladite\n|move|p1a: Gallade|Knock Off|p2a: Escavalier\n|-damage|p2a: Escavalier|184/255\n|-enditem|p2a: Escavalier|Leftovers|[from] move: Knock Off|[of] p1a: Gallade\n|\n|upkeep\n|turn|18\n|\n|t:|1770209281\n|switch|p1a: Emboar|Emboar, L83, F|306/318\n|move|p2a: Escavalier|Knock Off|p1a: Emboar\n|-resisted|p1a: Emboar\n|-damage|p1a: Emboar|250/318\n|-enditem|p1a: Emboar|Choice Band|[from] move: Knock Off|[of] p2a: Escavalier\n|\n|upkeep\n|turn|19\n|\n|t:|1770209297\n|move|p1a: Emboar|Flare Blitz|p2a: Escavalier\n|-supereffective|p2a: Escavalier\n|-damage|p2a: Escavalier|0 fnt\n|faint|p2a: Escavalier\n|-damage|p1a: Emboar|189/318|[from] Recoil\n|\n|upkeep\n|\n|t:|1770209299\n|switch|p2a: Fearow|Fearow, L88, F|139/258\n|turn|20\n|\n|t:|1770209305\n|move|p1a: Emboar|Sucker Punch|p2a: Fearow\n|-damage|p2a: Fearow|63/258\n|move|p2a: Fearow|Drill Peck|p1a: Emboar\n|-supereffective|p1a: Emboar\n|-damage|p1a: Emboar|0 fnt\n|faint|p1a: Emboar\n|\n|upkeep\n|\n|t:|1770209313\n|switch|p1a: Quagsire|Quagsire, L87, F|307/307\n|turn|21\n|\n|t:|1770209330\n|move|p2a: Fearow|Drill Peck|p1a: Quagsire\n|-damage|p1a: Quagsire|184/307\n|move|p1a: Quagsire|Scald|p2a: Fearow\n|-damage|p2a: Fearow|0 fnt\n|faint|p2a: Fearow\n|\n|-heal|p1a: Quagsire|203/307|[from] item: Leftovers\n|upkeep\n|\n|t:|1770209340\n|switch|p2a: Hoopa|Hoopa, L84|272/272\n|turn|22\n|\n|t:|1770209353\n|move|p2a: Hoopa|Shadow Ball|p1a: Quagsire\n|-damage|p1a: Quagsire|65/307\n|move|p1a: Quagsire|Earthquake|p2a: Hoopa\n|-damage|p2a: Hoopa|146/272\n|\n|-heal|p1a: Quagsire|84/307|[from] item: Leftovers\n|upkeep\n|turn|23\n|\n|t:|1770209362\n|move|p2a: Hoopa|Shadow Ball|p1a: Quagsire\n|-crit|p1a: Quagsire\n|-damage|p1a: Quagsire|0 fnt\n|faint|p1a: Quagsire\n|\n|upkeep\n|\n|t:|1770209368\n|switch|p1a: Gallade|Gallade-Mega, L77, M|231/231\n|turn|24\n|\n|t:|1770209371\n|move|p2a: Hoopa|Shadow Ball|p1a: Gallade\n|-supereffective|p1a: Gallade\n|-damage|p1a: Gallade|31/231\n|move|p1a: Gallade|Knock Off|p2a: Hoopa\n|-supereffective|p2a: Hoopa\n|-damage|p2a: Hoopa|0 fnt\n|-enditem|p2a: Hoopa|Choice Scarf|[from] move: Knock Off|[of] p1a: Gallade\n|faint|p2a: Hoopa\n|\n|upkeep\n|\n|t:|1770209374\n|switch|p2a: Ninjask|Ninjask, L93, M|263/263\n|turn|25\n|j| Blatjanglover\n|c|☆sith1993|Gg\n|c|☆Plop|gg\n|\n|t:|1770209389\n|move|p2a: Ninjask|Aerial Ace|p1a: Gallade\n|-supereffective|p1a: Gallade\n|-crit|p1a: Gallade\n|-damage|p1a: Gallade|0 fnt\n|faint|p1a: Gallade\n|detailschange|p1: Gallade|Gallade, L77, M|[silent]\n|\n|win|Plop\n|raw|sith1993's rating: 1648 &rarr; <strong>1636</strong><br />(-12 for losing)\n|raw|Plop's rating: 1800 &rarr; <strong>1812</strong><br />(+12 for winning)\n|l|☆sith1993\n|player|p1|\n", "inputlog": ">version ccdc32dd7cde25fd9e4bed64820e885f66e78a4e\n>start {\"formatid\":\"gen6randombattle\",\"seed\":\"sodium,a138d4957b60ce7542183723d6ca76cb\",\"rated\":\"Rated battle\"}\n>player p1 {\"name\":\"sith1993\",\"avatar\":\"2\",\"rating\":1648,\"seed\":\"sodium,3a2fd6534b08ccc5406b3a073ebdfcd6\"}\n>player p2 {\"name\":\"Plop\",\"avatar\":\"#rbtt9travelers\",\"rating\":1800,\"seed\":\"sodium,8edad9b526b9b6d59e9f49449335a2b2\"}\n>p1 switch 3\n>p2 move ironhead\n>p1 move flareblitz\n>p2 switch 3\n>p1 switch 4\n>p2 move aquajet\n>p1 move hiddenpower\n>p2 switch 5\n>p1 switch 4\n>p2 move uturn\n>p2 switch 6\n>p1 move flareblitz\n>p2 move psychic\n>p1 switch 3\n>p1 move knockoff\n>p2 switch 5\n>p1 switch 4\n>p2 move waterfall\n>p1 move sludgebomb\n>p2 switch 4\n>p1 switch 5\n>p2 switch 3\n>p1 move wildcharge\n>p2 switch 3\n>p2 switch 6\n>p1 switch 5\n>p2 move drillpeck\n>p1 switch 4\n>p1 move shellsmash\n>p2 move drillpeck\n>p1 move knockoff\n>p2 switch 4\n>p1 move earthquake\n>p2 move aquajet\n>p2 switch 5\n>p1 move knockoff\n>p2 move psychic\n>p1 switch 2\n>p1 move knockoff mega\n>p2 switch 3\n>p1 switch 5\n>p2 move knockoff\n>p1 move flareblitz\n>p2 move ironhead\n>p2 switch 4\n>p1 move suckerpunch\n>p2 move drillpeck\n>p1 switch 6\n>p1 move scald\n>p2 move drillpeck\n>p2 switch 3\n>p1 move earthquake\n>p2 move shadowball\n>p1 move earthquake\n>p2 move shadowball\n>p1 switch 5\n>p1 move knockoff\n>p2 move shadowball\n>p2 switch 2\n>chat ☆sith1993|Gg\n>chat ☆Plop|gg\n>p1 move zenheadbutt\n>p2 move aerialace", "uploadtime": 1770209393, "views": 231, "formatid": "gen6randombattle", "rating": 1636, "private": 0, "password": null}