{"id": "gen6randombattle-2537331135", "format": "[Gen 6] Random Battle", "players": ["1Seleb", "Hauntedfire"], "log": "|j|☆1Seleb\n|j|☆Hauntedfire\n|t:|1770799263\n|gametype|singles\n|player|p1|1Seleb|170|1617\n|player|p2|Hauntedfire|169|1652\n|gen|6\n|tier|[Gen 6] Random Battle\n|rated|\n|rule|Sleep Clause Mod: Limit one foe put to sleep\n|rule|HP Percentage Mod: HP is shown in percentages\n|rule|Illusion Level Mod: Illusion disguises the Pokémon's true level\n|\n|t:|1770799263\n|teamsize|p1|6\n|teamsize|p2|6\n|start\n|switch|p1a: Throh|Throh, L88, M|354/354\n|switch|p2a: Primeape|Primeape, L87, F|255/255\n|turn|1\n|inactive|Battle timer is ON: inactive players will automatically lose when time's up. (requested by Hauntedfire)\n|\n|t:|1770799277\n|move|p2a: Primeape|Close Combat|p1a: Throh\n|-damage|p1a: Throh|213/354\n|-unboost|p2a: Primeape|def|1\n|-unboost|p2a: Primeape|spd|1\n|move|p1a: Throh|Circle Throw|p2a: Primeape\n|-damage|p2a: Primeape|128/255\n|drag|p2a: Manaphy|Manaphy, L76|277/277\n|\n|-heal|p1a: Throh|235/354|[from] item: Leftovers\n|upkeep\n|turn|2\n|\n|t:|1770799292\n|move|p2a: Manaphy|Surf|p1a: Throh\n|-damage|p1a: Throh|153/354\n|move|p1a: Throh|Circle Throw|p2a: Manaphy\n|-damage|p2a: Manaphy|205/277\n|drag|p2a: Bronzong|Bronzong, L85|253/253\n|\n|-heal|p1a: Throh|175/354|[from] item: Leftovers\n|upkeep\n|turn|3\n|\n|t:|1770799306\n|switch|p1a: Aegislash|Aegislash, L78, F|222/222\n|move|p2a: Bronzong|Toxic|p1a: Aegislash\n|-immune|p1a: Aegislash\n|\n|upkeep\n|turn|4\n|\n|t:|1770799314\n|-formechange|p1a: Aegislash|Aegislash-Blade||[from] ability: Stance Change\n|move|p1a: Aegislash|Shadow Claw|p2a: Bronzong\n|-supereffective|p2a: Bronzong\n|-damage|p2a: Bronzong|74/253\n|-damage|p1a: Aegislash|200/222|[from] item: Life Orb\n|move|p2a: Bronzong|Earthquake|p1a: Aegislash\n|-supereffective|p1a: Aegislash\n|-damage|p1a: Aegislash|0 fnt\n|faint|p1a: Aegislash\n|\n|-heal|p2a: Bronzong|89/253|[from] item: Leftovers\n|upkeep\n|\n|t:|1770799325\n|switch|p1a: Throh|Throh, L88, M|175/354\n|turn|5\n|\n|t:|1770799330\n|move|p1a: Throh|Knock Off|p2a: Bronzong\n|-supereffective|p2a: Bronzong\n|-damage|p2a: Bronzong|0 fnt\n|-enditem|p2a: Bronzong|Leftovers|[from] move: Knock Off|[of] p1a: Throh\n|faint|p2a: Bronzong\n|\n|-heal|p1a: Throh|197/354|[from] item: Leftovers\n|upkeep\n|\n|t:|1770799339\n|switch|p2a: Torterra|Torterra, L87, F|307/307\n|turn|6\n|\n|t:|1770799348\n|switch|p1a: Moltres|Moltres, L81|277/277\n|move|p2a: Torterra|Stealth Rock|p1a: Moltres\n|-sidestart|p1: 1Seleb|move: Stealth Rock\n|\n|upkeep\n|turn|7\n|\n|t:|1770799359\n|switch|p2a: Carbink|Carbink, L91|239/239\n|move|p1a: Moltres|Hurricane|p2a: Carbink\n|-resisted|p2a: Carbink\n|-damage|p2a: Carbink|201/239\n|\n|upkeep\n|turn|8\n|\n|t:|1770799369\n|switch|p1a: Aromatisse|Aromatisse, L89, F|325/325\n|-damage|p1a: Aromatisse|285/325|[from] Stealth Rock\n|move|p2a: Carbink|Power Gem|p1a: Aromatisse\n|-damage|p1a: Aromatisse|228/325\n|\n|-heal|p1a: Aromatisse|248/325|[from] item: Leftovers\n|upkeep\n|turn|9\n|\n|t:|1770799375\n|move|p2a: Carbink|Light Screen|p2a: Carbink\n|-sidestart|p2: Hauntedfire|move: Light Screen\n|move|p1a: Aromatisse|Wish|p1a: Aromatisse\n|\n|-heal|p1a: Aromatisse|268/325|[from] item: Leftovers\n|upkeep\n|turn|10\n|\n|t:|1770799381\n|move|p2a: Carbink|Moonblast|p1a: Aromatisse\n|-damage|p1a: Aromatisse|192/325\n|move|p1a: Aromatisse|Calm Mind|p1a: Aromatisse\n|-boost|p1a: Aromatisse|spa|1\n|-boost|p1a: Aromatisse|spd|1\n|\n|-heal|p1a: Aromatisse|325/325|[from] move: Wish|[wisher] Aromatisse\n|upkeep\n|turn|11\n|\n|t:|1770799389\n|switch|p2a: Torterra|Torterra, L87, F|307/307\n|move|p1a: Aromatisse|Moonblast|p2a: Torterra\n|-damage|p2a: Torterra|220/307\n|\n|-heal|p2a: Torterra|239/307|[from] item: Leftovers\n|upkeep\n|turn|12\n|\n|t:|1770799393\n|move|p2a: Torterra|Wood Hammer|p1a: Aromatisse\n|-damage|p1a: Aromatisse|174/325\n|-damage|p2a: Torterra|189/307|[from] Recoil\n|move|p1a: Aromatisse|Wish|p1a: Aromatisse\n|\n|-heal|p2a: Torterra|208/307|[from] item: Leftovers\n|-heal|p1a: Aromatisse|194/325|[from] item: Leftovers\n|upkeep\n|turn|13\n|\n|t:|1770799401\n|move|p2a: Torterra|Wood Hammer|p1a: Aromatisse\n|-damage|p1a: Aromatisse|35/325\n|-damage|p2a: Torterra|156/307|[from] Recoil\n|move|p1a: Aromatisse|Calm Mind|p1a: Aromatisse\n|-boost|p1a: Aromatisse|spa|1\n|-boost|p1a: Aromatisse|spd|1\n|\n|-heal|p1a: Aromatisse|197/325|[from] move: Wish|[wisher] Aromatisse\n|-heal|p2a: Torterra|175/307|[from] item: Leftovers\n|-heal|p1a: Aromatisse|217/325|[from] item: Leftovers\n|upkeep\n|turn|14\n|\n|t:|1770799409\n|move|p1a: Aromatisse|Protect|p1a: Aromatisse\n|-singleturn|p1a: Aromatisse|Protect\n|move|p2a: Torterra|Wood Hammer|p1a: Aromatisse\n|-activate|p1a: Aromatisse|move: Protect\n|\n|-heal|p2a: Torterra|194/307|[from] item: Leftovers\n|-heal|p1a: Aromatisse|237/325|[from] item: Leftovers\n|upkeep\n|turn|15\n|\n|t:|1770799414\n|move|p2a: Torterra|Wood Hammer|p1a: Aromatisse\n|-damage|p1a: Aromatisse|86/325\n|-damage|p2a: Torterra|144/307|[from] Recoil\n|move|p1a: Aromatisse|Wish|p1a: Aromatisse\n|\n|-heal|p2a: Torterra|163/307|[from] item: Leftovers\n|-heal|p1a: Aromatisse|106/325|[from] item: Leftovers\n|upkeep\n|turn|16\n|\n|t:|1770799421\n|move|p1a: Aromatisse|Protect|p1a: Aromatisse\n|-singleturn|p1a: Aromatisse|Protect\n|move|p2a: Torterra|Synthesis|p2a: Torterra\n|-heal|p2a: Torterra|307/307\n|\n|-heal|p1a: Aromatisse|268/325|[from] move: Wish|[wisher] Aromatisse\n|-heal|p1a: Aromatisse|288/325|[from] item: Leftovers\n|-sideend|p2: Hauntedfire|move: Light Screen\n|upkeep\n|turn|17\n|\n|t:|1770799430\n|move|p2a: Torterra|Wood Hammer|p1a: Aromatisse\n|-damage|p1a: Aromatisse|125/325\n|-damage|p2a: Torterra|253/307|[from] Recoil\n|move|p1a: Aromatisse|Wish|p1a: Aromatisse\n|\n|-heal|p2a: Torterra|272/307|[from] item: Leftovers\n|-heal|p1a: Aromatisse|145/325|[from] item: Leftovers\n|upkeep\n|turn|18\n|\n|t:|1770799442\n|switch|p2a: Carbink|Carbink, L91|201/239\n|move|p1a: Aromatisse|Protect||[still]\n|-fail|p1a: Aromatisse\n|\n|-heal|p1a: Aromatisse|307/325|[from] move: Wish|[wisher] Aromatisse\n|-heal|p1a: Aromatisse|325/325|[from] item: Leftovers\n|upkeep\n|turn|19\n|\n|t:|1770799449\n|move|p2a: Carbink|Light Screen|p2a: Carbink\n|-sidestart|p2: Hauntedfire|move: Light Screen\n|move|p1a: Aromatisse|Moonblast|p2a: Carbink\n|-damage|p2a: Carbink|135/239\n|\n|upkeep\n|turn|20\n|\n|t:|1770799462\n|move|p2a: Carbink|Reflect|p2a: Carbink\n|-sidestart|p2: Hauntedfire|Reflect\n|move|p1a: Aromatisse|Calm Mind|p1a: Aromatisse\n|-boost|p1a: Aromatisse|spa|1\n|-boost|p1a: Aromatisse|spd|1\n|\n|upkeep\n|turn|21\n|\n|t:|1770799478\n|switch|p2a: Samurott|Samurott, L87, F|307/307\n|move|p1a: Aromatisse|Calm Mind|p1a: Aromatisse\n|-boost|p1a: Aromatisse|spa|1\n|-boost|p1a: Aromatisse|spd|1\n|\n|upkeep\n|turn|22\n|\n|t:|1770799487\n|move|p2a: Samurott|Waterfall|p1a: Aromatisse\n|-damage|p1a: Aromatisse|181/325\n|move|p1a: Aromatisse|Moonblast|p2a: Samurott\n|-damage|p2a: Samurott|112/307\n|\n|-heal|p1a: Aromatisse|201/325|[from] item: Leftovers\n|upkeep\n|turn|23\n|\n|t:|1770799493\n|move|p1a: Aromatisse|Protect|p1a: Aromatisse\n|-singleturn|p1a: Aromatisse|Protect\n|move|p2a: Samurott|Waterfall|p1a: Aromatisse\n|-activate|p1a: Aromatisse|move: Protect\n|\n|-heal|p1a: Aromatisse|221/325|[from] item: Leftovers\n|upkeep\n|turn|24\n|\n|t:|1770799509\n|move|p2a: Samurott|Waterfall|p1a: Aromatisse\n|-damage|p1a: Aromatisse|59/325\n|move|p1a: Aromatisse|Wish|p1a: Aromatisse\n|\n|-heal|p1a: Aromatisse|79/325|[from] item: Leftovers\n|upkeep\n|turn|25\n|\n|t:|1770799516\n|move|p1a: Aromatisse|Protect|p1a: Aromatisse\n|-singleturn|p1a: Aromatisse|Protect\n|move|p2a: Samurott|Waterfall|p1a: Aromatisse\n|-activate|p1a: Aromatisse|move: Protect\n|\n|-heal|p1a: Aromatisse|241/325|[from] move: Wish|[wisher] Aromatisse\n|-heal|p1a: Aromatisse|261/325|[from] item: Leftovers\n|upkeep\n|turn|26\n|\n|t:|1770799532\n|move|p2a: Samurott|Waterfall|p1a: Aromatisse\n|-damage|p1a: Aromatisse|96/325\n|move|p1a: Aromatisse|Moonblast|p2a: Samurott\n|-damage|p2a: Samurott|0 fnt\n|faint|p2a: Samurott\n|\n|-heal|p1a: Aromatisse|116/325|[from] item: Leftovers\n|-sideend|p2: Hauntedfire|move: Light Screen\n|upkeep\n|\n|t:|1770799554\n|switch|p2a: Torterra|Torterra, L87, F|272/307\n|turn|27\n|\n|t:|1770799558\n|move|p1a: Aromatisse|Protect|p1a: Aromatisse\n|-singleturn|p1a: Aromatisse|Protect\n|move|p2a: Torterra|Wood Hammer|p1a: Aromatisse\n|-activate|p1a: Aromatisse|move: Protect\n|\n|-heal|p2a: Torterra|291/307|[from] item: Leftovers\n|-heal|p1a: Aromatisse|136/325|[from] item: Leftovers\n|-sideend|p2: Hauntedfire|Reflect\n|upkeep\n|turn|28\n|\n|t:|1770799570\n|switch|p1a: Moltres|Moltres, L81|277/277\n|-damage|p1a: Moltres|139/277|[from] Stealth Rock\n|move|p2a: Torterra|Wood Hammer|p1a: Moltres\n|-resisted|p1a: Moltres\n|-damage|p1a: Moltres|100/277\n|-status|p2a: Torterra|brn|[from] ability: Flame Body|[of] p1a: Moltres\n|-damage|p2a: Torterra|278/307 brn|[from] Recoil\n|\n|-heal|p1a: Moltres|117/277|[from] item: Leftovers\n|-heal|p2a: Torterra|297/307 brn|[from] item: Leftovers\n|-damage|p2a: Torterra|259/307 brn|[from] brn\n|upkeep\n|turn|29\n|\n|t:|1770799587\n|move|p1a: Moltres|Roost|p1a: Moltres\n|-heal|p1a: Moltres|256/277\n|-singleturn|p1a: Moltres|move: Roost\n|move|p2a: Torterra|Earthquake|p1a: Moltres\n|-supereffective|p1a: Moltres\n|-damage|p1a: Moltres|133/277\n|\n|-heal|p1a: Moltres|150/277|[from] item: Leftovers\n|-heal|p2a: Torterra|278/307 brn|[from] item: Leftovers\n|-damage|p2a: Torterra|240/307 brn|[from] brn\n|upkeep\n|turn|30\n|\n|t:|1770799599\n|switch|p2a: Carbink|Carbink, L91|135/239\n|move|p1a: Moltres|Fire Blast|p2a: Carbink\n|-resisted|p2a: Carbink\n|-damage|p2a: Carbink|98/239\n|\n|-heal|p1a: Moltres|167/277|[from] item: Leftovers\n|upkeep\n|turn|31\n|\n|t:|1770799614\n|switch|p1a: Aromatisse|Aromatisse, L89, F|136/325\n|-damage|p1a: Aromatisse|96/325|[from] Stealth Rock\n|move|p2a: Carbink|Light Screen|p2a: Carbink\n|-sidestart|p2: Hauntedfire|move: Light Screen\n|\n|-heal|p1a: Aromatisse|116/325|[from] item: Leftovers\n|upkeep\n|turn|32\n|\n|t:|1770799622\n|switch|p2a: Manaphy|Manaphy, L76|205/277\n|move|p1a: Aromatisse|Wish|p1a: Aromatisse\n|\n|-heal|p2a: Manaphy|222/277|[from] item: Leftovers\n|-heal|p1a: Aromatisse|136/325|[from] item: Leftovers\n|upkeep\n|turn|33\n|\n|t:|1770799630\n|move|p2a: Manaphy|Tail Glow|p2a: Manaphy\n|-boost|p2a: Manaphy|spa|3\n|move|p1a: Aromatisse|Calm Mind|p1a: Aromatisse\n|-boost|p1a: Aromatisse|spa|1\n|-boost|p1a: Aromatisse|spd|1\n|\n|-heal|p1a: Aromatisse|298/325|[from] move: Wish|[wisher] Aromatisse\n|-heal|p2a: Manaphy|239/277|[from] item: Leftovers\n|-heal|p1a: Aromatisse|318/325|[from] item: Leftovers\n|upkeep\n|turn|34\n|\n|t:|1770799641\n|move|p2a: Manaphy|Tail Glow|p2a: Manaphy\n|-boost|p2a: Manaphy|spa|3\n|move|p1a: Aromatisse|Calm Mind|p1a: Aromatisse\n|-boost|p1a: Aromatisse|spa|1\n|-boost|p1a: Aromatisse|spd|1\n|\n|-heal|p2a: Manaphy|256/277|[from] item: Leftovers\n|-heal|p1a: Aromatisse|325/325|[from] item: Leftovers\n|upkeep\n|turn|35\n|\n|t:|1770799650\n|move|p2a: Manaphy|Surf|p1a: Aromatisse\n|-damage|p1a: Aromatisse|175/325\n|move|p1a: Aromatisse|Calm Mind|p1a: Aromatisse\n|-boost|p1a: Aromatisse|spa|1\n|-boost|p1a: Aromatisse|spd|1\n|\n|-heal|p2a: Manaphy|273/277|[from] item: Leftovers\n|-heal|p1a: Aromatisse|195/325|[from] item: Leftovers\n|upkeep\n|turn|36\n|\n|t:|1770799672\n|move|p2a: Manaphy|Surf|p1a: Aromatisse\n|-damage|p1a: Aromatisse|84/325\n|move|p1a: Aromatisse|Wish|p1a: Aromatisse\n|\n|-heal|p2a: Manaphy|277/277|[from] item: Leftovers\n|-heal|p1a: Aromatisse|104/325|[from] item: Leftovers\n|upkeep\n|turn|37\n|\n|t:|1770799678\n|move|p1a: Aromatisse|Protect|p1a: Aromatisse\n|-singleturn|p1a: Aromatisse|Protect\n|move|p2a: Manaphy|Surf|p1a: Aromatisse\n|-activate|p1a: Aromatisse|move: Protect\n|\n|-heal|p1a: Aromatisse|266/325|[from] move: Wish|[wisher] Aromatisse\n|-heal|p1a: Aromatisse|286/325|[from] item: Leftovers\n|upkeep\n|turn|38\n|\n|t:|1770799688\n|move|p2a: Manaphy|Surf|p1a: Aromatisse\n|-damage|p1a: Aromatisse|166/325\n|move|p1a: Aromatisse|Calm Mind|p1a: Aromatisse\n|-boost|p1a: Aromatisse|spa|1\n|-boost|p1a: Aromatisse|spd|1\n|\n|-heal|p1a: Aromatisse|186/325|[from] item: Leftovers\n|-sideend|p2: Hauntedfire|move: Light Screen\n|upkeep\n|turn|39\n|\n|t:|1770799711\n|move|p2a: Manaphy|Surf|p1a: Aromatisse\n|-damage|p1a: Aromatisse|84/325\n|move|p1a: Aromatisse|Wish|p1a: Aromatisse\n|\n|-heal|p1a: Aromatisse|104/325|[from] item: Leftovers\n|upkeep\n|turn|40\n|\n|t:|1770799719\n|switch|p2a: Primeape|Primeape, L87, F|128/255\n|move|p1a: Aromatisse|Protect||[still]\n|-fail|p1a: Aromatisse\n|\n|-heal|p1a: Aromatisse|266/325|[from] move: Wish|[wisher] Aromatisse\n|-heal|p1a: Aromatisse|286/325|[from] item: Leftovers\n|upkeep\n|turn|41\n|\n|t:|1770799724\n|move|p2a: Primeape|Earthquake|p1a: Aromatisse\n|-damage|p1a: Aromatisse|198/325\n|move|p1a: Aromatisse|Moonblast|p2a: Primeape\n|-supereffective|p2a: Primeape\n|-damage|p2a: Primeape|0 fnt\n|faint|p2a: Primeape\n|\n|-heal|p1a: Aromatisse|218/325|[from] item: Leftovers\n|upkeep\n|\n|t:|1770799727\n|switch|p2a: Carbink|Carbink, L91|98/239\n|turn|42\n|\n|t:|1770799732\n|move|p2a: Carbink|Light Screen|p2a: Carbink\n|-sidestart|p2: Hauntedfire|move: Light Screen\n|move|p1a: Aromatisse|Moonblast|p2a: Carbink\n|-damage|p2a: Carbink|0 fnt\n|faint|p2a: Carbink\n|\n|-heal|p1a: Aromatisse|238/325|[from] item: Leftovers\n|upkeep\n|\n|t:|1770799734\n|switch|p2a: Manaphy|Manaphy, L76|277/277\n|turn|43\n|\n|t:|1770799741\n|move|p2a: Manaphy|Tail Glow|p2a: Manaphy\n|-boost|p2a: Manaphy|spa|3\n|move|p1a: Aromatisse|Calm Mind|p1a: Aromatisse\n|-boost|p1a: Aromatisse|spa|1\n|-boost|p1a: Aromatisse|spd|1\n|\n|-heal|p1a: Aromatisse|258/325|[from] item: Leftovers\n|upkeep\n|turn|44\n|\n|t:|1770799746\n|move|p2a: Manaphy|Tail Glow|p2a: Manaphy\n|-boost|p2a: Manaphy|spa|3\n|move|p1a: Aromatisse|Moonblast|p2a: Manaphy\n|-damage|p2a: Manaphy|85/277\n|\n|-heal|p2a: Manaphy|102/277|[from] item: Leftovers\n|-heal|p1a: Aromatisse|278/325|[from] item: Leftovers\n|upkeep\n|turn|45\n|\n|t:|1770799751\n|move|p2a: Manaphy|Surf|p1a: Aromatisse\n|-damage|p1a: Aromatisse|194/325\n|move|p1a: Aromatisse|Moonblast|p2a: Manaphy\n|-damage|p2a: Manaphy|0 fnt\n|faint|p2a: Manaphy\n|\n|-heal|p1a: Aromatisse|214/325|[from] item: Leftovers\n|upkeep\n|\n|t:|1770799754\n|switch|p2a: Torterra|Torterra, L87, F|240/307 brn\n|turn|46\n|-message|Hauntedfire forfeited.\n|\n|win|1Seleb\n|raw|1Seleb's rating: 1617 &rarr; <strong>1639</strong><br />(+22 for winning)\n|raw|Hauntedfire's rating: 1652 &rarr; <strong>1630</strong><br />(-22 for losing)\n|l|☆Hauntedfire\n|player|p2|\n|c|☆1Seleb|Gg\n", "inputlog": ">version ccdc32dd7cde25fd9e4bed64820e885f66e78a4e\n>start {\"formatid\":\"gen6randombattle\",\"seed\":\"sodium,88e9b73cb5da587d6dca378c845d538d\",\"rated\":\"Rated battle\"}\n>player p1 {\"name\":\"1Seleb\",\"avatar\":\"170\",\"rating\":1617,\"seed\":\"sodium,1709db3ddf24659a376ffce6aa087d21\"}\n>player p2 {\"name\":\"Hauntedfire\",\"avatar\":\"169\",\"rating\":1652,\"seed\":\"sodium,f78ca554d0f0ba2c09da6f4a29987a60\"}\n>p1 move circlethrow\n>p2 move closecombat\n>p1 move circlethrow\n>p2 move surf\n>p1 switch 6\n>p2 move toxic\n>p1 move shadowclaw\n>p2 move earthquake\n>p1 switch 6\n>p1 move knockoff\n>p2 move psychic\n>p2 switch 6\n>p1 switch 4\n>p2 move stealthrock\n>p1 move hurricane\n>p2 switch 4\n>p1 switch 2\n>p2 move powergem\n>p1 move wish\n>p2 move lightscreen\n>p1 move calmmind\n>p2 move moonblast\n>p1 move moonblast\n>p2 switch 4\n>p1 move wish\n>p2 move woodhammer\n>p1 move calmmind\n>p2 move woodhammer\n>p1 move protect\n>p2 move woodhammer\n>p1 move wish\n>p2 move woodhammer\n>p1 move protect\n>p2 move synthesis\n>p1 move wish\n>p2 move woodhammer\n>p1 move protect\n>p2 switch 4\n>p1 move moonblast\n>p2 move lightscreen\n>p1 move calmmind\n>p2 move reflect\n>p1 move calmmind\n>p2 switch 5\n>p1 move moonblast\n>p2 move waterfall\n>p1 move protect\n>p2 move waterfall\n>p1 move wish\n>p2 move waterfall\n>p1 move protect\n>p2 move waterfall\n>p1 move moonblast\n>p2 move waterfall\n>p2 switch 4\n>p1 move protect\n>p2 move woodhammer\n>p1 switch 2\n>p2 move woodhammer\n>p1 move roost\n>p2 move earthquake\n>p1 move fireblast\n>p2 switch 5\n>p1 switch 2\n>p2 move lightscreen\n>p1 move wish\n>p2 switch 3\n>p1 move calmmind\n>p2 move tailglow\n>p1 move calmmind\n>p2 move tailglow\n>p1 move calmmind\n>p2 move surf\n>p1 move wish\n>p2 move surf\n>p1 move protect\n>p2 move surf\n>p1 move calmmind\n>p2 move surf\n>p1 move wish\n>p2 move surf\n>p1 move protect\n>p2 switch 2\n>p1 move moonblast\n>p2 move earthquake\n>p2 switch 3\n>p1 move moonblast\n>p2 move lightscreen\n>p2 switch 2\n>p1 move calmmind\n>p2 move tailglow\n>p1 move moonblast\n>p2 move tailglow\n>p1 move moonblast\n>p2 move surf\n>p2 switch 5\n>forcelose p2", "uploadtime": 1770799778, "views": 230, "formatid": "gen6randombattle", "rating": 1630, "private": 0, "password": null}