{"id": "gen6randombattle-2517075350", "format": "[Gen 6] Random Battle", "players": ["arboretums", "jerimonn"], "log": "|j|☆arboretums\n|j|☆jerimonn\n|t:|1768225806\n|gametype|singles\n|player|p1|arboretums|whitney-masters|1550\n|player|p2|jerimonn|102|1643\n|gen|6\n|tier|[Gen 6] Random Battle\n|rated|\n|rule|Sleep Clause Mod: Limit one foe put to sleep\n|rule|HP Percentage Mod: HP is shown in percentages\n|rule|Illusion Level Mod: Illusion disguises the Pokémon's true level\n|\n|t:|1768225806\n|teamsize|p1|6\n|teamsize|p2|6\n|start\n|switch|p1a: Blastoise|Blastoise, L81, M|261/261\n|switch|p2a: Scrafty|Scrafty, L83, F|244/244\n|-ability|p2a: Scrafty|Intimidate|boost\n|-unboost|p1a: Blastoise|atk|1\n|turn|1\n|\n|t:|1768225818\n|switch|p2a: Pachirisu|Pachirisu, L95, F|268/268\n|detailschange|p1a: Blastoise|Blastoise-Mega, L81, M\n|-mega|p1a: Blastoise|Blastoise|Blastoisinite\n|move|p1a: Blastoise|Aura Sphere|p2a: Pachirisu\n|-damage|p2a: Pachirisu|210/268\n|\n|upkeep\n|turn|2\n|inactive|Battle timer is ON: inactive players will automatically lose when time's up. (requested by jerimonn)\n|\n|t:|1768225832\n|switch|p1a: Watchog|Watchog, L94, F|265/265\n|move|p2a: Pachirisu|Nuzzle|p1a: Watchog\n|-crit|p1a: Watchog\n|-damage|p1a: Watchog|235/265\n|-status|p1a: Watchog|par\n|\n|-heal|p1a: Watchog|251/265 par|[from] item: Leftovers\n|upkeep\n|turn|3\n|\n|t:|1768225853\n|move|p2a: Pachirisu|U-turn|p1a: Watchog\n|-damage|p1a: Watchog|213/265 par\n|\n|t:|1768225857\n|switch|p2a: Scrafty|Scrafty, L83, F|244/244|[from] U-turn\n|-ability|p2a: Scrafty|Intimidate|boost\n|-unboost|p1a: Watchog|atk|1\n|move|p1a: Watchog|Hypnosis|p2a: Scrafty\n|-status|p2a: Scrafty|slp|[from] move: Hypnosis\n|\n|-heal|p1a: Watchog|229/265 par|[from] item: Leftovers\n|upkeep\n|turn|4\n|\n|t:|1768225876\n|switch|p1a: Pangoro|Pangoro, L84, M|297/297\n|cant|p2a: Scrafty|slp\n|\n|upkeep\n|turn|5\n|\n|t:|1768225893\n|switch|p2a: Gligar|Gligar, L82, F|241/241\n|move|p1a: Pangoro|Swords Dance|p1a: Pangoro\n|-boost|p1a: Pangoro|atk|2\n|\n|upkeep\n|turn|6\n|\n|t:|1768225909\n|move|p2a: Gligar|U-turn|p1a: Pangoro\n|-damage|p1a: Pangoro|257/297\n|\n|t:|1768225912\n|switch|p2a: Scrafty|Scrafty, L83, F|244/244 slp|[from] U-turn\n|-ability|p2a: Scrafty|Intimidate|boost\n|-unboost|p1a: Pangoro|atk|1\n|move|p1a: Pangoro|Knock Off|p2a: Scrafty\n|-resisted|p2a: Scrafty\n|-damage|p2a: Scrafty|199/244 slp\n|-enditem|p2a: Scrafty|Leftovers|[from] move: Knock Off|[of] p1a: Pangoro\n|-damage|p1a: Pangoro|228/297|[from] item: Life Orb\n|\n|upkeep\n|turn|7\n|\n|t:|1768225923\n|switch|p2a: Gligar|Gligar, L82, F|241/241\n|move|p1a: Pangoro|Drain Punch|p2a: Gligar\n|-resisted|p2a: Gligar\n|-damage|p2a: Gligar|179/241\n|-heal|p1a: Pangoro|259/297|[from] drain|[of] p2a: Gligar\n|-damage|p1a: Pangoro|230/297|[from] item: Life Orb\n|\n|upkeep\n|turn|8\n|\n|t:|1768225936\n|move|p2a: Gligar|Earthquake|p1a: Pangoro\n|-damage|p1a: Pangoro|134/297\n|move|p1a: Pangoro|Swords Dance|p1a: Pangoro\n|-boost|p1a: Pangoro|atk|2\n|\n|upkeep\n|turn|9\n|\n|t:|1768225947\n|move|p2a: Gligar|Earthquake|p1a: Pangoro\n|-damage|p1a: Pangoro|41/297\n|move|p1a: Pangoro|Knock Off|p2a: Gligar\n|-damage|p2a: Gligar|0 fnt\n|-enditem|p2a: Gligar|Eviolite|[from] move: Knock Off|[of] p1a: Pangoro\n|faint|p2a: Gligar\n|-damage|p1a: Pangoro|12/297|[from] item: Life Orb\n|\n|upkeep\n|\n|t:|1768225959\n|switch|p2a: Malamar|Malamar, L81, F|272/272\n|turn|10\n|\n|t:|1768225962\n|move|p2a: Malamar|Superpower|p1a: Pangoro\n|-supereffective|p1a: Pangoro\n|-damage|p1a: Pangoro|0 fnt\n|-boost|p2a: Malamar|atk|1\n|-boost|p2a: Malamar|def|1\n|faint|p1a: Pangoro\n|\n|upkeep\n|\n|t:|1768225977\n|switch|p1a: Noivern|Noivern, L80, M|267/267\n|turn|11\n|j| billy zubat\n|\n|t:|1768225990\n|switch|p2a: Pachirisu|Pachirisu, L95, F|210/268\n|move|p1a: Noivern|Boomburst|p2a: Pachirisu\n|-damage|p2a: Pachirisu|127/268\n|\n|upkeep\n|turn|12\n|c| billy zubat|terrible game indeed\n|\n|t:|1768226005\n|move|p1a: Noivern|Boomburst|p2a: Pachirisu\n|-damage|p2a: Pachirisu|44/268\n|move|p2a: Pachirisu|Super Fang|p1a: Noivern\n|-damage|p1a: Noivern|134/267\n|\n|upkeep\n|turn|13\n|c|☆arboretums|hello billy\n|c| billy zubat|yo\n|inactive|jerimonn has 120 seconds left.\n|c|☆arboretums|I was 11:2 like 2 days ago\n|\n|t:|1768226050\n|move|p1a: Noivern|Boomburst|p2a: Pachirisu\n|-damage|p2a: Pachirisu|0 fnt\n|faint|p2a: Pachirisu\n|\n|upkeep\n|c|☆arboretums|hit like 1700 then my mom came in and I lost focus and lost 5 in a row\n|\n|t:|1768226063\n|switch|p2a: Armaldo|Armaldo, L88, F|275/275\n|turn|14\n|\n|t:|1768226069\n|switch|p1a: Cobalion|Cobalion, L77|267/267\n|move|p2a: Armaldo|Stone Edge|p1a: Cobalion|[miss]\n|-miss|p2a: Armaldo|p1a: Cobalion\n|\n|upkeep\n|turn|15\n|\n|t:|1768226078\n|move|p1a: Cobalion|Stealth Rock|p2a: Armaldo\n|-sidestart|p2: jerimonn|move: Stealth Rock\n|move|p2a: Armaldo|Stealth Rock|p1a: Cobalion\n|-sidestart|p1: arboretums|move: Stealth Rock\n|\n|upkeep\n|turn|16\n|inactive|jerimonn has 120 seconds left.\n|\n|t:|1768226085\n|switch|p2a: Scrafty|Scrafty, L83, F|199/244 slp\n|-damage|p2a: Scrafty|184/244 slp|[from] Stealth Rock\n|-ability|p2a: Scrafty|Intimidate|boost\n|-unboost|p1a: Cobalion|atk|1\n|move|p1a: Cobalion|Iron Head|p2a: Scrafty\n|-damage|p2a: Scrafty|144/244 slp\n|\n|upkeep\n|turn|17\n|\n|t:|1768226096\n|move|p1a: Cobalion|Iron Head|p2a: Scrafty\n|-damage|p2a: Scrafty|105/244 slp\n|-curestatus|p2a: Scrafty|slp|[msg]\n|cant|p2a: Scrafty|flinch\n|\n|upkeep\n|turn|18\n|\n|t:|1768226101\n|move|p1a: Cobalion|Close Combat|p2a: Scrafty\n|-supereffective|p2a: Scrafty\n|-damage|p2a: Scrafty|0 fnt\n|-unboost|p1a: Cobalion|def|1\n|-unboost|p1a: Cobalion|spd|1\n|faint|p2a: Scrafty\n|\n|upkeep\n|c|☆jerimonn|flinch lol\n|\n|t:|1768226111\n|switch|p2a: Dugtrio|Dugtrio, L86, F|200/200\n|-damage|p2a: Dugtrio|188/200|[from] Stealth Rock\n|turn|19\n|c|☆arboretums|that was the plan\n|\n|t:|1768226117\n|move|p2a: Dugtrio|Earthquake|p1a: Cobalion\n|-supereffective|p1a: Cobalion\n|-damage|p1a: Cobalion|0 fnt\n|faint|p1a: Cobalion\n|\n|upkeep\n|\n|t:|1768226126\n|switch|p1a: Blastoise|Blastoise-Mega, L81, M|261/261\n|-damage|p1a: Blastoise|229/261|[from] Stealth Rock\n|turn|20\n|c|☆jerimonn|break dragon dance\n|\n|t:|1768226134\n|move|p2a: Dugtrio|Earthquake|p1a: Blastoise\n|-damage|p1a: Blastoise|105/261\n|move|p1a: Blastoise|Scald|p2a: Dugtrio\n|-supereffective|p2a: Dugtrio\n|-damage|p2a: Dugtrio|0 fnt\n|faint|p2a: Dugtrio\n|\n|upkeep\n|\n|t:|1768226142\n|switch|p2a: Malamar|Malamar, L81, F|272/272\n|-damage|p2a: Malamar|238/272|[from] Stealth Rock\n|turn|21\n|\n|t:|1768226152\n|move|p1a: Blastoise|Scald|p2a: Malamar\n|-damage|p2a: Malamar|126/272\n|-status|p2a: Malamar|brn\n|move|p2a: Malamar|Superpower|p1a: Blastoise\n|-damage|p1a: Blastoise|71/261\n|-boost|p2a: Malamar|atk|1\n|-boost|p2a: Malamar|def|1\n|\n|-heal|p2a: Malamar|143/272 brn|[from] item: Leftovers\n|-damage|p2a: Malamar|109/272 brn|[from] brn\n|upkeep\n|turn|22\n|c|☆jerimonn|lol\n|c|☆arboretums|sorry\n|c|☆jerimonn|brn\n|\n|t:|1768226163\n|move|p1a: Blastoise|Scald|p2a: Malamar\n|-crit|p2a: Malamar\n|-damage|p2a: Malamar|0 fnt\n|faint|p2a: Malamar\n|\n|upkeep\n|n|!arboretums|arboretums\n|c|☆jerimonn|ahahhaahha\n|c|☆jerimonn|hahahaha\n|c|☆jerimonn|hahahah\n|c|☆jerimonn|handicap\n|c| billy zubat|it deals 40% min\n|c| billy zubat|scald\n|inactive|jerimonn has 120 seconds left.\n|c|☆jerimonn|run bully zubat\n|inactive|jerimonn has 90 seconds left.\n|c| billy zubat|why\n|inactive|jerimonn has 60 seconds left.\n|c| billy zubat|do we have beef\n|c| billy zubat|i dont remember\n|c|☆jerimonn|game trash is rng not hability\n|inactive|jerimonn has 30 seconds left.\n|-message|jerimonn forfeited.\n|\n|win|arboretums\n|raw|arboretums's rating: 1550 &rarr; <strong>1575</strong><br />(+25 for winning)\n|raw|jerimonn's rating: 1643 &rarr; <strong>1618</strong><br />(-25 for losing)\n|l|☆jerimonn\n|player|p2|\n", "inputlog": ">version f2883557ca71b1a14bc1039fd307aee7de4ab455\n>start {\"formatid\":\"gen6randombattle\",\"seed\":\"sodium,c7b9c406d599f7737a9529e70f135f56\",\"rated\":\"Rated battle\"}\n>player p1 {\"name\":\"arboretums\",\"avatar\":\"whitney-masters\",\"rating\":1550,\"seed\":\"sodium,48aa067e34378c394890933e7d544673\"}\n>player p2 {\"name\":\"jerimonn\",\"avatar\":\"102\",\"rating\":1643,\"seed\":\"sodium,1b7a79f66f87be2998741421c780808f\"}\n>p1 move aurasphere mega\n>p2 switch 3\n>p1 switch 2\n>p2 move nuzzle\n>p1 move hypnosis\n>p2 move uturn\n>p2 switch 3\n>p1 switch 3\n>p2 move dragondance\n>p1 move swordsdance\n>p2 switch 2\n>p1 move knockoff\n>p2 move uturn\n>p2 switch 2\n>p1 move drainpunch\n>p2 switch 2\n>p1 move swordsdance\n>p2 move earthquake\n>p1 move knockoff\n>p2 move earthquake\n>p2 switch 4\n>p1 move drainpunch\n>p2 move superpower\n>p1 switch 4\n>p1 move boomburst\n>p2 switch 3\n>chat  billy zubat|terrible game indeed\n>p1 move boomburst\n>p2 move superfang\n>chat ☆arboretums|hello billy\n>chat  billy zubat|yo\n>chat ☆arboretums|I was 11:2 like 2 days ago\n>p1 move boomburst\n>p2 move nuzzle\n>chat ☆arboretums|hit like 1700 then my mom came in and I lost focus and lost 5 in a row \n>p2 switch 5\n>p1 switch 5\n>p2 move stoneedge\n>p1 move stealthrock\n>p2 move stealthrock\n>p1 move ironhead\n>p2 switch 2\n>p1 move ironhead\n>p2 move dragondance\n>p1 move closecombat\n>p2 move dragondance\n>chat ☆jerimonn|flinch lol\n>p2 switch 6\n>chat ☆arboretums|that was the plan\n>p1 move closecombat\n>p2 move earthquake\n>p1 switch 2\n>chat ☆jerimonn|break dragon dance\n>p1 move scald\n>p2 move earthquake\n>p2 switch 3\n>p1 move scald\n>p2 move superpower\n>chat ☆jerimonn|lol\n>chat ☆arboretums|sorry\n>chat ☆jerimonn|brn\n>p1 move scald\n>p2 move rest\n>chat ☆arboretums|yea rng kinda fucked u this roudn\n>chat ☆jerimonn|ahahhaahha\n>chat ☆jerimonn|hahahaha\n>chat ☆jerimonn|hahahah\n>chat ☆jerimonn|handicap\n>chat  billy zubat|it deals 40% min\n>chat  billy zubat|scald\n>chat ☆jerimonn|run bully zubat\n>chat  billy zubat|why\n>chat  billy zubat|do we have beef\n>chat  billy zubat|i dont remember\n>chat ☆jerimonn|game trash is rng not hability\n>forcelose p2", "uploadtime": 1768226166, "views": 225, "formatid": "gen6randombattle", "rating": 1575, "private": 0, "password": null}