{"id": "gen6randombattle-2519505851", "format": "[Gen 6] Random Battle", "players": ["arboretums", "Duck Cop"], "log": "|j|☆arboretums\n|j|☆Duck Cop\n|t:|1768512282\n|gametype|singles\n|player|p1|arboretums|serena-masters2|1593\n|player|p2|Duck Cop|morty-masters2|1543\n|gen|6\n|tier|[Gen 6] Random Battle\n|rated|\n|rule|Sleep Clause Mod: Limit one foe put to sleep\n|rule|HP Percentage Mod: HP is shown in percentages\n|rule|Illusion Level Mod: Illusion disguises the Pokémon's true level\n|\n|t:|1768512282\n|teamsize|p1|6\n|teamsize|p2|6\n|start\n|switch|p1a: Venomoth|Venomoth, L84, M|255/255\n|switch|p2a: Sawk|Sawk, L84, M|263/263\n|turn|1\n|inactive|Battle timer is ON: inactive players will automatically lose when time's up. (requested by arboretums)\n|\n|t:|1768512309\n|switch|p1a: Deoxys|Deoxys-Defense, L84|221/221\n|-ability|p1a: Deoxys|Pressure\n|move|p2a: Sawk|Knock Off|p1a: Deoxys\n|-supereffective|p1a: Deoxys\n|-damage|p1a: Deoxys|113/221\n|-enditem|p1a: Deoxys|Leftovers|[from] move: Knock Off|[of] p2a: Sawk\n|\n|upkeep\n|turn|2\n|inactive|arboretums has 120 seconds left.\n|\n|t:|1768512362\n|move|p1a: Deoxys|Recover|p1a: Deoxys\n|-heal|p1a: Deoxys|221/221\n|move|p2a: Sawk|Bulk Up|p2a: Sawk\n|-boost|p2a: Sawk|atk|1\n|-boost|p2a: Sawk|def|1\n|\n|upkeep\n|turn|3\n|\n|t:|1768512371\n|move|p1a: Deoxys|Nasty Plot|p1a: Deoxys\n|-boost|p1a: Deoxys|spa|2\n|move|p2a: Sawk|Knock Off|p1a: Deoxys\n|-supereffective|p1a: Deoxys\n|-damage|p1a: Deoxys|123/221\n|\n|upkeep\n|turn|4\n|\n|t:|1768512380\n|switch|p2a: Greninja|Greninja, L79, F|243/243\n|move|p1a: Deoxys|Psyshock|p2a: Greninja\n|-immune|p2a: Greninja\n|\n|upkeep\n|turn|5\n|\n|t:|1768512390\n|move|p2a: Greninja|Hydro Pump|p1a: Deoxys\n|-start|p2a: Greninja|typechange|Water|[from] ability: Protean\n|-damage|p1a: Deoxys|28/221\n|-damage|p2a: Greninja|219/243|[from] item: Life Orb\n|move|p1a: Deoxys|Recover|p1a: Deoxys\n|-heal|p1a: Deoxys|139/221\n|\n|upkeep\n|turn|6\n|\n|t:|1768512406\n|move|p2a: Greninja|Gunk Shot|p1a: Deoxys\n|-start|p2a: Greninja|typechange|Poison|[from] ability: Protean\n|-damage|p1a: Deoxys|57/221\n|-status|p1a: Deoxys|psn\n|-damage|p2a: Greninja|195/243|[from] item: Life Orb\n|move|p1a: Deoxys|Recover|p1a: Deoxys\n|-heal|p1a: Deoxys|168/221 psn\n|\n|-damage|p1a: Deoxys|141/221 psn|[from] psn\n|upkeep\n|turn|7\n|\n|t:|1768512423\n|move|p2a: Greninja|Hydro Pump|p1a: Deoxys\n|-start|p2a: Greninja|typechange|Water|[from] ability: Protean\n|-damage|p1a: Deoxys|50/221 psn\n|-damage|p2a: Greninja|171/243|[from] item: Life Orb\n|move|p1a: Deoxys|Psyshock|p2a: Greninja\n|-damage|p2a: Greninja|0 fnt\n|faint|p2a: Greninja\n|\n|-damage|p1a: Deoxys|23/221 psn|[from] psn\n|upkeep\n|inactive|Duck Cop has 120 seconds left.\n|\n|t:|1768512440\n|switch|p2a: Minun|Minun, L93, M|262/262\n|turn|8\n|inactive|Duck Cop has 120 seconds left.\n|\n|t:|1768512453\n|move|p2a: Minun|Thunderbolt|p1a: Deoxys\n|-damage|p1a: Deoxys|0 fnt\n|faint|p1a: Deoxys\n|-damage|p2a: Minun|236/262|[from] item: Life Orb\n|\n|upkeep\n|\n|t:|1768512462\n|switch|p1a: Sawk|Sawk, L84, M|263/263\n|-ability|p1a: Sawk|Mold Breaker\n|turn|9\n|\n|t:|1768512469\n|move|p2a: Minun|Thunderbolt|p1a: Sawk\n|-damage|p1a: Sawk|117/263\n|-status|p1a: Sawk|par\n|-damage|p2a: Minun|210/262|[from] item: Life Orb\n|move|p1a: Sawk|Close Combat|p2a: Minun\n|-damage|p2a: Minun|0 fnt\n|-unboost|p1a: Sawk|def|1\n|-unboost|p1a: Sawk|spd|1\n|faint|p2a: Minun\n|\n|upkeep\n|\n|t:|1768512480\n|switch|p2a: Nidoqueen|Nidoqueen, L81, F|278/278\n|turn|10\n|inactive|arboretums has 120 seconds left.\n|\n|t:|1768512516\n|switch|p1a: Venomoth|Venomoth, L84, M|255/255\n|move|p2a: Nidoqueen|Earth Power|p1a: Venomoth\n|-damage|p1a: Venomoth|126/255\n|\n|-heal|p1a: Venomoth|141/255|[from] item: Black Sludge\n|upkeep\n|turn|11\n|inactive|arboretums has 120 seconds left.\n|\n|t:|1768512527\n|move|p1a: Venomoth|Sleep Powder|p2a: Nidoqueen\n|-status|p2a: Nidoqueen|slp|[from] move: Sleep Powder\n|cant|p2a: Nidoqueen|slp\n|\n|-heal|p1a: Venomoth|156/255|[from] item: Black Sludge\n|upkeep\n|turn|12\n|\n|t:|1768512534\n|switch|p2a: Genesect|Genesect, L72|221/221\n|-ability|p2a: Genesect|Download|boost\n|-boost|p2a: Genesect|atk|1\n|move|p1a: Venomoth|Quiver Dance|p1a: Venomoth\n|-boost|p1a: Venomoth|spa|1\n|-boost|p1a: Venomoth|spd|1\n|-boost|p1a: Venomoth|spe|1\n|\n|-heal|p1a: Venomoth|171/255|[from] item: Black Sludge\n|upkeep\n|turn|13\n|\n|t:|1768512543\n|move|p1a: Venomoth|Bug Buzz|p2a: Genesect\n|-resisted|p2a: Genesect\n|-damage|p2a: Genesect|83/221\n|move|p2a: Genesect|Blaze Kick|p1a: Venomoth\n|-supereffective|p1a: Venomoth\n|-damage|p1a: Venomoth|0 fnt\n|faint|p1a: Venomoth\n|\n|upkeep\n|\n|t:|1768512547\n|switch|p1a: Haxorus|Haxorus, L77, M|244/244\n|-ability|p1a: Haxorus|Mold Breaker\n|turn|14\n|\n|t:|1768512557\n|switch|p2a: Sawk|Sawk, L84, M|263/263\n|move|p1a: Haxorus|Dragon Dance|p1a: Haxorus\n|-boost|p1a: Haxorus|atk|1\n|-boost|p1a: Haxorus|spe|1\n|\n|upkeep\n|turn|15\n|\n|t:|1768512565\n|move|p1a: Haxorus|Outrage|p2a: Sawk\n|-crit|p2a: Sawk\n|-damage|p2a: Sawk|0 fnt\n|faint|p2a: Sawk\n|\n|upkeep\n|\n|t:|1768512572\n|switch|p2a: Arceus|Arceus-Dark, L71|288/288\n|turn|16\n|\n|t:|1768512575\n|move|p1a: Haxorus|Outrage|p2a: Arceus|[from] lockedmove\n|-damage|p2a: Arceus|96/288\n|move|p2a: Arceus|Judgment|p1a: Haxorus\n|-damage|p1a: Haxorus|112/244\n|\n|upkeep\n|turn|17\n|\n|t:|1768512583\n|move|p1a: Haxorus|Outrage|p2a: Arceus|[from] lockedmove\n|-damage|p2a: Arceus|0 fnt\n|faint|p2a: Arceus\n|-start|p1a: Haxorus|confusion|[fatigue]\n|-enditem|p1a: Haxorus|Lum Berry|[eat]\n|-end|p1a: Haxorus|confusion\n|\n|upkeep\n|\n|t:|1768512590\n|switch|p2a: Genesect|Genesect, L72|83/221\n|-ability|p2a: Genesect|Download|boost\n|-boost|p2a: Genesect|spa|1\n|turn|18\n|\n|t:|1768512595\n|move|p2a: Genesect|Extreme Speed|p1a: Haxorus\n|-damage|p1a: Haxorus|30/244\n|move|p1a: Haxorus|Earthquake|p2a: Genesect\n|-damage|p2a: Genesect|0 fnt\n|faint|p2a: Genesect\n|\n|upkeep\n|-message|Duck Cop forfeited.\n|\n|win|arboretums\n|raw|arboretums's rating: 1593 &rarr; <strong>1610</strong><br />(+17 for winning)\n|raw|Duck Cop's rating: 1543 &rarr; <strong>1526</strong><br />(-17 for losing)\n|l|☆Duck Cop\n|player|p2|\n", "inputlog": ">version 3bd1a1e329da8d286644078cfc9a9638fc7ea025\n>start {\"formatid\":\"gen6randombattle\",\"seed\":\"sodium,d41c67394a34caebe2618deac8a1f0ca\",\"rated\":\"Rated battle\"}\n>player p1 {\"name\":\"arboretums\",\"avatar\":\"serena-masters2\",\"rating\":1593,\"seed\":\"sodium,171921c531f5df9e6b37611881377741\"}\n>player p2 {\"name\":\"Duck Cop\",\"avatar\":\"morty-masters2\",\"rating\":1543,\"seed\":\"sodium,c5ab8c49741fc0b414c2d1dfdeb32d61\"}\n>p1 switch 5\n>p2 move knockoff\n>p1 move recover\n>p2 move bulkup\n>p1 move nastyplot\n>p2 move knockoff\n>p1 move psyshock\n>p2 switch 4\n>p1 move recover\n>p2 move hydropump\n>p1 move recover\n>p2 move gunkshot\n>p1 move psyshock\n>p2 move hydropump\n>p2 switch 5\n>p1 move psyshock\n>p2 move thunderbolt\n>p1 switch 2\n>p1 move closecombat\n>p2 move thunderbolt\n>p2 switch 6\n>p1 switch 5\n>p2 move earthpower\n>p1 move sleeppowder\n>p2 move earthpower\n>p1 move quiverdance\n>p2 switch 3\n>p1 move bugbuzz\n>p2 move blazekick\n>p1 switch 6\n>p1 move dragondance\n>p2 switch 4\n>p1 move outrage\n>p2 move closecombat\n>p2 switch 2\n>p1 move outrage\n>p2 move judgment\n>p1 move outrage\n>p2 move judgment\n>p2 switch 4\n>p1 move earthquake\n>p2 move extremespeed\n>forcelose p2", "uploadtime": 1768512605, "views": 274, "formatid": "gen6randombattle", "rating": 1526, "private": 0, "password": null}