{"id": "gen6randombattle-2531946903", "format": "[Gen 6] Random Battle", "players": ["Darkbloom91", "Plop"], "log": "|j|☆Darkbloom91\n|j|☆Plop\n|t:|1770124591\n|gametype|singles\n|player|p1|Darkbloom91|2|1587\n|player|p2|Plop|#rbtt9travelers|1697\n|gen|6\n|tier|[Gen 6] Random Battle\n|rated|\n|rule|Sleep Clause Mod: Limit one foe put to sleep\n|rule|HP Percentage Mod: HP is shown in percentages\n|rule|Illusion Level Mod: Illusion disguises the Pokémon's true level\n|\n|t:|1770124591\n|teamsize|p1|6\n|teamsize|p2|6\n|start\n|switch|p1a: Magcargo|Magcargo, L98, F|256/256\n|switch|p2a: Zangoose|Zangoose, L84, F|260/260\n|turn|1\n|inactive|Battle timer is ON: inactive players will automatically lose when time's up. (requested by Darkbloom91)\n|\n|t:|1770124620\n|switch|p2a: Reuniclus|Reuniclus, L85, F|326/326\n|move|p1a: Magcargo|Stealth Rock|p2a: Reuniclus\n|-sidestart|p2: Plop|move: Stealth Rock\n|\n|upkeep\n|turn|2\n|\n|t:|1770124633\n|switch|p1a: Mightyena|Mightyena, L93, F|281/281\n|-ability|p1a: Mightyena|Intimidate|boost\n|-unboost|p2a: Reuniclus|atk|1\n|move|p2a: Reuniclus|Focus Blast|p1a: Mightyena|[miss]\n|-miss|p2a: Reuniclus|p1a: Mightyena\n|\n|upkeep\n|turn|3\n|\n|t:|1770124661\n|switch|p2a: Jumpluff|Jumpluff, L90, M|281/281\n|-damage|p2a: Jumpluff|211/281|[from] Stealth Rock\n|move|p1a: Mightyena|Crunch|p2a: Jumpluff\n|-crit|p2a: Jumpluff\n|-damage|p2a: Jumpluff|0 fnt\n|faint|p2a: Jumpluff\n|\n|upkeep\n|\n|t:|1770124665\n|switch|p2a: Accelgor|Accelgor, L89, M|287/287\n|-damage|p2a: Accelgor|216/287|[from] Stealth Rock\n|turn|4\n|\n|t:|1770124673\n|switch|p1a: Magcargo|Magcargo, L98, F|256/256\n|move|p2a: Accelgor|Hidden Power|p1a: Magcargo\n|-supereffective|p1a: Magcargo\n|-damage|p1a: Magcargo|170/256\n|\n|-heal|p2a: Accelgor|233/287|[from] item: Leftovers\n|-heal|p1a: Magcargo|186/256|[from] item: Leftovers\n|upkeep\n|turn|5\n|\n|t:|1770124681\n|switch|p2a: Reuniclus|Reuniclus, L85, F|326/326\n|move|p1a: Magcargo|Lava Plume|p2a: Reuniclus\n|-damage|p2a: Reuniclus|220/326\n|\n|-heal|p1a: Magcargo|202/256|[from] item: Leftovers\n|upkeep\n|turn|6\n|\n|t:|1770124689\n|switch|p1a: Floette|Floette-Eternal, L81, F|253/253\n|move|p2a: Reuniclus|Focus Blast|p1a: Floette\n|-resisted|p1a: Floette\n|-damage|p1a: Floette|202/253\n|\n|upkeep\n|turn|7\n|j| billy zubat\n|\n|t:|1770124700\n|move|p1a: Floette|Light of Ruin|p2a: Reuniclus\n|-damage|p2a: Reuniclus|60/326\n|-damage|p1a: Floette|122/253|[from] Recoil\n|move|p2a: Reuniclus|Recover|p2a: Reuniclus\n|-heal|p2a: Reuniclus|223/326\n|\n|upkeep\n|turn|8\n|\n|t:|1770124706\n|switch|p1a: Mightyena|Mightyena, L93, F|281/281\n|-ability|p1a: Mightyena|Intimidate|boost\n|-unboost|p2a: Reuniclus|atk|1\n|move|p2a: Reuniclus|Recover|p2a: Reuniclus\n|-heal|p2a: Reuniclus|326/326\n|\n|upkeep\n|turn|9\n|\n|t:|1770124724\n|switch|p2a: Zangoose|Zangoose, L84, F|260/260\n|-damage|p2a: Zangoose|228/260|[from] Stealth Rock\n|move|p1a: Mightyena|Crunch|p2a: Zangoose\n|-damage|p2a: Zangoose|36/260\n|\n|-status|p2a: Zangoose|tox|[from] item: Toxic Orb\n|upkeep\n|turn|10\n|\n|t:|1770124738\n|switch|p1a: Magcargo|Magcargo, L98, F|202/256\n|move|p2a: Zangoose|Facade|p1a: Magcargo\n|-resisted|p1a: Magcargo\n|-damage|p1a: Magcargo|122/256\n|\n|-heal|p1a: Magcargo|138/256|[from] item: Leftovers\n|-damage|p2a: Zangoose|20/260 tox|[from] psn\n|upkeep\n|turn|11\n|\n|t:|1770124750\n|switch|p1a: Floette|Floette-Eternal, L81, F|122/253\n|move|p2a: Zangoose|Close Combat|p1a: Floette\n|-resisted|p1a: Floette\n|-damage|p1a: Floette|36/253\n|-unboost|p2a: Zangoose|def|1\n|-unboost|p2a: Zangoose|spd|1\n|\n|-damage|p2a: Zangoose|0 fnt|[from] psn\n|faint|p2a: Zangoose\n|upkeep\n|\n|t:|1770124761\n|switch|p2a: Mismagius|Mismagius, L85, F|241/241\n|-damage|p2a: Mismagius|211/241|[from] Stealth Rock\n|turn|12\n|\n|t:|1770124766\n|move|p1a: Floette|Moonblast|p2a: Mismagius\n|-damage|p2a: Mismagius|112/241\n|move|p2a: Mismagius|Shadow Ball|p1a: Floette\n|-damage|p1a: Floette|0 fnt\n|faint|p1a: Floette\n|\n|-heal|p2a: Mismagius|127/241|[from] item: Leftovers\n|upkeep\n|\n|t:|1770124779\n|switch|p1a: Tangrowth|Tangrowth, L88, F|319/319\n|turn|13\n|\n|t:|1770124804\n|move|p2a: Mismagius|Pain Split|p1a: Tangrowth\n|-sethp|p1a: Tangrowth|223/319|[from] move: Pain Split|[silent]\n|-sethp|p2a: Mismagius|223/241|[from] move: Pain Split\n|move|p1a: Tangrowth|Giga Drain|p2a: Mismagius\n|-damage|p2a: Mismagius|139/241\n|-heal|p1a: Tangrowth|265/319|[from] drain|[of] p2a: Mismagius\n|\n|-heal|p2a: Mismagius|154/241|[from] item: Leftovers\n|upkeep\n|turn|14\n|inactive|Plop has 120 seconds left.\n|\n|t:|1770124828\n|move|p2a: Mismagius|Pain Split|p1a: Tangrowth\n|-sethp|p1a: Tangrowth|209/319|[from] move: Pain Split|[silent]\n|-sethp|p2a: Mismagius|209/241|[from] move: Pain Split\n|move|p1a: Tangrowth|Giga Drain|p2a: Mismagius\n|-damage|p2a: Mismagius|122/241\n|-heal|p1a: Tangrowth|253/319|[from] drain|[of] p2a: Mismagius\n|\n|-heal|p2a: Mismagius|137/241|[from] item: Leftovers\n|upkeep\n|turn|15\n|inactive|Plop has 120 seconds left.\n|\n|t:|1770124844\n|move|p2a: Mismagius|Pain Split|p1a: Tangrowth\n|-sethp|p1a: Tangrowth|195/319|[from] move: Pain Split|[silent]\n|-sethp|p2a: Mismagius|195/241|[from] move: Pain Split\n|move|p1a: Tangrowth|Giga Drain|p2a: Mismagius\n|-damage|p2a: Mismagius|104/241\n|-heal|p1a: Tangrowth|241/319|[from] drain|[of] p2a: Mismagius\n|\n|-heal|p2a: Mismagius|119/241|[from] item: Leftovers\n|upkeep\n|turn|16\n|inactive|Plop has 120 seconds left.\n|\n|t:|1770124859\n|switch|p1a: Illumise|Illumise, L91, F|266/266\n|move|p2a: Mismagius|Shadow Ball|p1a: Illumise\n|-crit|p1a: Illumise\n|-damage|p1a: Illumise|121/266\n|\n|-heal|p2a: Mismagius|134/241|[from] item: Leftovers\n|-heal|p1a: Illumise|137/266|[from] item: Leftovers\n|upkeep\n|turn|17\n|inactive|Plop has 120 seconds left.\n|\n|t:|1770124877\n|move|p1a: Illumise|Roost|p1a: Illumise\n|-heal|p1a: Illumise|266/266\n|-singleturn|p1a: Illumise|move: Roost\n|move|p2a: Mismagius|Shadow Ball|p1a: Illumise\n|-crit|p1a: Illumise\n|-damage|p1a: Illumise|113/266\n|-unboost|p1a: Illumise|spd|1\n|\n|-heal|p2a: Mismagius|149/241|[from] item: Leftovers\n|-heal|p1a: Illumise|129/266|[from] item: Leftovers\n|upkeep\n|turn|18\n|\n|t:|1770124885\n|switch|p1a: Mightyena|Mightyena, L93, F|281/281\n|-ability|p1a: Mightyena|Intimidate|boost\n|-unboost|p2a: Mismagius|atk|1\n|move|p2a: Mismagius|Shadow Ball|p1a: Mightyena\n|-resisted|p1a: Mightyena\n|-damage|p1a: Mightyena|224/281\n|\n|-heal|p2a: Mismagius|164/241|[from] item: Leftovers\n|upkeep\n|turn|19\n|\n|t:|1770124888\n|move|p2a: Mismagius|Destiny Bond|p2a: Mismagius\n|-singlemove|p2a: Mismagius|Destiny Bond\n|move|p1a: Mightyena|Crunch|p2a: Mismagius\n|-supereffective|p2a: Mismagius\n|-damage|p2a: Mismagius|0 fnt\n|faint|p2a: Mismagius\n|-activate|p2a: Mismagius|move: Destiny Bond\n|faint|p1a: Mightyena\n|\n|upkeep\n|\n|t:|1770124906\n|switch|p2a: Reuniclus|Reuniclus, L85, F|326/326\n|switch|p1a: Carracosta|Carracosta, L87, F|271/271\n|turn|20\n|inactive|Plop has 120 seconds left.\n|\n|t:|1770124937\n|switch|p2a: Accelgor|Accelgor, L89, M|233/287\n|-damage|p2a: Accelgor|162/287|[from] Stealth Rock\n|move|p1a: Carracosta|Shell Smash|p1a: Carracosta\n|-unboost|p1a: Carracosta|def|1\n|-unboost|p1a: Carracosta|spd|1\n|-boost|p1a: Carracosta|atk|2\n|-boost|p1a: Carracosta|spa|2\n|-boost|p1a: Carracosta|spe|2\n|-enditem|p1a: Carracosta|White Herb\n|-clearnegativeboost|p1a: Carracosta|[silent]\n|\n|-heal|p2a: Accelgor|179/287|[from] item: Leftovers\n|upkeep\n|turn|21\n|\n|t:|1770124942\n|move|p2a: Accelgor|Encore|p1a: Carracosta\n|-start|p1a: Carracosta|Encore\n|move|p1a: Carracosta|Shell Smash|p1a: Carracosta\n|-unboost|p1a: Carracosta|def|1\n|-unboost|p1a: Carracosta|spd|1\n|-boost|p1a: Carracosta|atk|2\n|-boost|p1a: Carracosta|spa|2\n|-boost|p1a: Carracosta|spe|2\n|\n|-heal|p2a: Accelgor|196/287|[from] item: Leftovers\n|upkeep\n|turn|22\n|\n|t:|1770124945\n|switch|p1a: Magcargo|Magcargo, L98, F|138/256\n|move|p2a: Accelgor|Bug Buzz|p1a: Magcargo\n|-resisted|p1a: Magcargo\n|-damage|p1a: Magcargo|87/256\n|\n|-heal|p2a: Accelgor|213/287|[from] item: Leftovers\n|-heal|p1a: Magcargo|103/256|[from] item: Leftovers\n|upkeep\n|turn|23\n|\n|t:|1770124949\n|switch|p2a: Reuniclus|Reuniclus, L85, F|326/326\n|move|p1a: Magcargo|Recover|p1a: Magcargo\n|-heal|p1a: Magcargo|231/256\n|\n|-heal|p1a: Magcargo|247/256|[from] item: Leftovers\n|upkeep\n|turn|24\n|\n|t:|1770124952\n|switch|p1a: Illumise|Illumise, L91, F|129/266\n|move|p2a: Reuniclus|Psyshock|p1a: Illumise\n|-damage|p1a: Illumise|0 fnt\n|faint|p1a: Illumise\n|\n|upkeep\n|\n|t:|1770124957\n|switch|p1a: Carracosta|Carracosta, L87, F|271/271\n|turn|25\n|\n|t:|1770124967\n|switch|p2a: Accelgor|Accelgor, L89, M|213/287\n|-damage|p2a: Accelgor|142/287|[from] Stealth Rock\n|move|p1a: Carracosta|Stone Edge|p2a: Accelgor\n|-supereffective|p2a: Accelgor\n|-damage|p2a: Accelgor|0 fnt\n|faint|p2a: Accelgor\n|\n|upkeep\n|\n|t:|1770124968\n|switch|p2a: Serperior|Serperior, L80, M|251/251\n|-damage|p2a: Serperior|220/251|[from] Stealth Rock\n|turn|26\n|\n|t:|1770124976\n|switch|p1a: Magcargo|Magcargo, L98, F|247/256\n|move|p2a: Serperior|Leaf Storm|p1a: Magcargo|[miss]\n|-miss|p2a: Serperior|p1a: Magcargo\n|\n|-heal|p2a: Serperior|235/251|[from] item: Leftovers\n|-heal|p1a: Magcargo|256/256|[from] item: Leftovers\n|upkeep\n|turn|27\n|\n|t:|1770124988\n|move|p2a: Serperior|Leaf Storm|p1a: Magcargo\n|-damage|p1a: Magcargo|163/256\n|-boost|p2a: Serperior|spa|2\n|move|p1a: Magcargo|Lava Plume|p2a: Serperior\n|-supereffective|p2a: Serperior\n|-damage|p2a: Serperior|49/251\n|-status|p2a: Serperior|brn\n|\n|-heal|p2a: Serperior|64/251 brn|[from] item: Leftovers\n|-heal|p1a: Magcargo|179/256|[from] item: Leftovers\n|-damage|p2a: Serperior|33/251 brn|[from] brn\n|upkeep\n|turn|28\n|\n|t:|1770125010\n|move|p2a: Serperior|Leaf Storm|p1a: Magcargo\n|-damage|p1a: Magcargo|0 fnt\n|-boost|p2a: Serperior|spa|2\n|faint|p1a: Magcargo\n|\n|-heal|p2a: Serperior|48/251 brn|[from] item: Leftovers\n|-damage|p2a: Serperior|17/251 brn|[from] brn\n|upkeep\n|\n|t:|1770125019\n|switch|p1a: Tangrowth|Tangrowth, L88, F|319/319\n|turn|29\n|\n|t:|1770125030\n|move|p2a: Serperior|Leaf Storm|p1a: Tangrowth|[miss]\n|-miss|p2a: Serperior|p1a: Tangrowth\n|move|p1a: Tangrowth|Sludge Bomb|p2a: Serperior\n|-supereffective|p2a: Serperior\n|-damage|p2a: Serperior|0 fnt\n|faint|p2a: Serperior\n|\n|upkeep\n|\n|t:|1770125032\n|switch|p2a: Reuniclus|Reuniclus, L85, F|326/326\n|turn|30\n|\n|t:|1770125042\n|move|p1a: Tangrowth|Earthquake|p2a: Reuniclus\n|-damage|p2a: Reuniclus|238/326\n|move|p2a: Reuniclus|Calm Mind|p2a: Reuniclus\n|-boost|p2a: Reuniclus|spa|1\n|-boost|p2a: Reuniclus|spd|1\n|\n|upkeep\n|turn|31\n|\n|t:|1770125053\n|move|p1a: Tangrowth|Earthquake|p2a: Reuniclus\n|-damage|p2a: Reuniclus|154/326\n|move|p2a: Reuniclus|Calm Mind|p2a: Reuniclus\n|-boost|p2a: Reuniclus|spa|1\n|-boost|p2a: Reuniclus|spd|1\n|\n|upkeep\n|turn|32\n|\n|t:|1770125068\n|move|p1a: Tangrowth|Earthquake|p2a: Reuniclus\n|-damage|p2a: Reuniclus|65/326\n|move|p2a: Reuniclus|Recover|p2a: Reuniclus\n|-heal|p2a: Reuniclus|228/326\n|\n|upkeep\n|turn|33\n|\n|t:|1770125072\n|move|p1a: Tangrowth|Earthquake|p2a: Reuniclus\n|-damage|p2a: Reuniclus|144/326\n|move|p2a: Reuniclus|Recover|p2a: Reuniclus\n|-heal|p2a: Reuniclus|307/326\n|\n|upkeep\n|turn|34\n|\n|t:|1770125078\n|move|p1a: Tangrowth|Earthquake|p2a: Reuniclus\n|-damage|p2a: Reuniclus|219/326\n|move|p2a: Reuniclus|Calm Mind|p2a: Reuniclus\n|-boost|p2a: Reuniclus|spa|1\n|-boost|p2a: Reuniclus|spd|1\n|\n|upkeep\n|turn|35\n|\n|t:|1770125083\n|move|p1a: Tangrowth|Earthquake|p2a: Reuniclus\n|-damage|p2a: Reuniclus|129/326\n|move|p2a: Reuniclus|Recover|p2a: Reuniclus\n|-heal|p2a: Reuniclus|292/326\n|\n|upkeep\n|turn|36\n|\n|t:|1770125085\n|move|p1a: Tangrowth|Earthquake|p2a: Reuniclus\n|-damage|p2a: Reuniclus|202/326\n|move|p2a: Reuniclus|Calm Mind|p2a: Reuniclus\n|-boost|p2a: Reuniclus|spa|1\n|-boost|p2a: Reuniclus|spd|1\n|\n|upkeep\n|turn|37\n|\n|t:|1770125090\n|move|p1a: Tangrowth|Earthquake|p2a: Reuniclus\n|-damage|p2a: Reuniclus|114/326\n|move|p2a: Reuniclus|Recover|p2a: Reuniclus\n|-heal|p2a: Reuniclus|277/326\n|\n|upkeep\n|turn|38\n|\n|t:|1770125093\n|move|p1a: Tangrowth|Earthquake|p2a: Reuniclus\n|-damage|p2a: Reuniclus|181/326\n|move|p2a: Reuniclus|Recover|p2a: Reuniclus\n|-heal|p2a: Reuniclus|326/326\n|\n|upkeep\n|turn|39\n|\n|t:|1770125107\n|move|p1a: Tangrowth|Earthquake|p2a: Reuniclus\n|-damage|p2a: Reuniclus|244/326\n|move|p2a: Reuniclus|Calm Mind|p2a: Reuniclus\n|-boost|p2a: Reuniclus|spa|1\n|-boost|p2a: Reuniclus|spd|1\n|\n|upkeep\n|turn|40\n|\n|t:|1770125114\n|move|p1a: Tangrowth|Rock Slide|p2a: Reuniclus\n|-damage|p2a: Reuniclus|182/326\n|move|p2a: Reuniclus|Recover|p2a: Reuniclus\n|-heal|p2a: Reuniclus|326/326\n|\n|upkeep\n|turn|41\n|\n|t:|1770125127\n|move|p1a: Tangrowth|Rock Slide|p2a: Reuniclus\n|-damage|p2a: Reuniclus|256/326\n|move|p2a: Reuniclus|Calm Mind|p2a: Reuniclus\n|-boost|p2a: Reuniclus|spa|1\n|-boost|p2a: Reuniclus|spd|1\n|\n|upkeep\n|turn|42\n|\n|t:|1770125133\n|move|p1a: Tangrowth|Rock Slide|p2a: Reuniclus\n|-damage|p2a: Reuniclus|183/326\n|cant|p2a: Reuniclus|flinch\n|\n|upkeep\n|turn|43\n|\n|t:|1770125138\n|move|p1a: Tangrowth|Rock Slide|p2a: Reuniclus\n|-damage|p2a: Reuniclus|117/326\n|cant|p2a: Reuniclus|flinch\n|\n|upkeep\n|turn|44\n|\n|t:|1770125142\n|move|p1a: Tangrowth|Rock Slide|p2a: Reuniclus\n|-crit|p2a: Reuniclus\n|-damage|p2a: Reuniclus|22/326\n|move|p2a: Reuniclus|Recover|p2a: Reuniclus\n|-heal|p2a: Reuniclus|185/326\n|\n|upkeep\n|turn|45\n|\n|t:|1770125148\n|move|p1a: Tangrowth|Rock Slide|p2a: Reuniclus\n|-damage|p2a: Reuniclus|123/326\n|move|p2a: Reuniclus|Recover|p2a: Reuniclus\n|-heal|p2a: Reuniclus|286/326\n|\n|upkeep\n|turn|46\n|\n|t:|1770125153\n|move|p1a: Tangrowth|Rock Slide|p2a: Reuniclus\n|-crit|p2a: Reuniclus\n|-damage|p2a: Reuniclus|192/326\n|cant|p2a: Reuniclus|flinch\n|\n|upkeep\n|turn|47\n|\n|t:|1770125158\n|move|p1a: Tangrowth|Rock Slide|p2a: Reuniclus\n|-damage|p2a: Reuniclus|121/326\n|move|p2a: Reuniclus|Recover|p2a: Reuniclus\n|-heal|p2a: Reuniclus|284/326\n|\n|upkeep\n|turn|48\n|\n|t:|1770125163\n|move|p1a: Tangrowth|Rock Slide|p2a: Reuniclus\n|-damage|p2a: Reuniclus|222/326\n|cant|p2a: Reuniclus|flinch\n|\n|upkeep\n|turn|49\n|\n|t:|1770125168\n|move|p1a: Tangrowth|Rock Slide|p2a: Reuniclus\n|-damage|p2a: Reuniclus|158/326\n|move|p2a: Reuniclus|Recover|p2a: Reuniclus\n|-heal|p2a: Reuniclus|321/326\n|\n|upkeep\n|turn|50\n|\n|t:|1770125176\n|move|p1a: Tangrowth|Earthquake|p2a: Reuniclus\n|-damage|p2a: Reuniclus|226/326\n|move|p2a: Reuniclus|Calm Mind|p2a: Reuniclus\n|-boost|p2a: Reuniclus|spa|0\n|-boost|p2a: Reuniclus|spd|0\n|\n|upkeep\n|turn|51\n|\n|t:|1770125182\n|move|p1a: Tangrowth|Rock Slide|p2a: Reuniclus\n|-damage|p2a: Reuniclus|155/326\n|move|p2a: Reuniclus|Recover|p2a: Reuniclus\n|-heal|p2a: Reuniclus|318/326\n|\n|upkeep\n|turn|52\n|\n|t:|1770125191\n|move|p1a: Tangrowth|Rock Slide|p2a: Reuniclus\n|-damage|p2a: Reuniclus|251/326\n|move|p2a: Reuniclus|Recover|p2a: Reuniclus\n|-heal|p2a: Reuniclus|326/326\n|\n|upkeep\n|turn|53\n|\n|t:|1770125199\n|move|p1a: Tangrowth|Earthquake|p2a: Reuniclus\n|-damage|p2a: Reuniclus|232/326\n|move|p2a: Reuniclus|Psyshock|p1a: Tangrowth\n|-damage|p1a: Tangrowth|0 fnt\n|faint|p1a: Tangrowth\n|\n|upkeep\n|\n|t:|1770125205\n|switch|p1a: Carracosta|Carracosta, L87, F|271/271\n|turn|54\n|\n|t:|1770125209\n|move|p1a: Carracosta|Shell Smash|p1a: Carracosta\n|-unboost|p1a: Carracosta|def|1\n|-unboost|p1a: Carracosta|spd|1\n|-boost|p1a: Carracosta|atk|2\n|-boost|p1a: Carracosta|spa|2\n|-boost|p1a: Carracosta|spe|2\n|move|p2a: Reuniclus|Psyshock|p1a: Carracosta\n|-ability|p1a: Carracosta|Sturdy\n|-damage|p1a: Carracosta|1/271\n|\n|upkeep\n|turn|55\n|\n|t:|1770125219\n|move|p1a: Carracosta|Stone Edge|p2a: Reuniclus\n|-damage|p2a: Reuniclus|0 fnt\n|faint|p2a: Reuniclus\n|\n|win|Darkbloom91\n|raw|Darkbloom91's rating: 1587 &rarr; <strong>1613</strong><br />(+26 for winning)\n|raw|Plop's rating: 1697 &rarr; <strong>1671</strong><br />(-26 for losing)\n|c|☆Darkbloom91|stall more noob bich\n|c|☆Darkbloom91|nooshit\n|c|☆Plop|get luckier\n|c|☆Darkbloom91|waste time more\n|c|☆Darkbloom91|..I..\n|c|☆Plop|was my best play\n|l|☆Darkbloom91\n|player|p1|\n|c|☆Plop|you dodged leaf storm lol I won if that hit\n|l|☆Plop\n|player|p2|\n", "inputlog": ">version ccdc32dd7cde25fd9e4bed64820e885f66e78a4e\n>start {\"formatid\":\"gen6randombattle\",\"seed\":\"sodium,4517c310711a15dc564b2afd786b51b9\",\"rated\":\"Rated battle\"}\n>player p1 {\"name\":\"Darkbloom91\",\"avatar\":\"2\",\"rating\":1587,\"seed\":\"sodium,da7d8262b99126648390c5bd768ed19f\"}\n>player p2 {\"name\":\"Plop\",\"avatar\":\"#rbtt9travelers\",\"rating\":1697,\"seed\":\"sodium,84697472940b17b0c89be1d811bcb35c\"}\n>p1 move stealthrock\n>p2 switch 4\n>p1 switch 3\n>p2 move focusblast\n>p1 move crunch\n>p2 switch 3\n>p2 switch 2\n>p1 switch 3\n>p2 move hiddenpower\n>p1 move lavaplume\n>p2 switch 3\n>p1 switch 2\n>p2 move focusblast\n>p1 move lightofruin\n>p2 move recover\n>p1 switch 3\n>p2 move recover\n>p1 move crunch\n>p2 switch 4\n>p1 switch 2\n>p2 move facade\n>p1 switch 3\n>p2 move closecombat\n>p2 switch 6\n>p1 move moonblast\n>p2 move shadowball\n>p1 switch 6\n>p1 move gigadrain\n>p2 move painsplit\n>p1 move gigadrain\n>p2 move painsplit\n>p1 move gigadrain\n>p2 move painsplit\n>p1 switch 5\n>p2 move shadowball\n>p1 move roost\n>p2 move shadowball\n>p1 switch 2\n>p2 move shadowball\n>p1 move crunch\n>p2 move destinybond\n>p1 switch 4\n>p2 switch 4\n>p1 move shellsmash\n>p2 switch 3\n>p1 move stoneedge\n>p2 move encore\n>p1 switch 3\n>p2 move bugbuzz\n>p1 move recover\n>p2 switch 3\n>p1 switch 2\n>p2 move psyshock\n>p1 switch 3\n>p1 move stoneedge\n>p2 switch 3\n>p2 switch 5\n>p1 switch 2\n>p2 move leafstorm\n>p1 move lavaplume\n>p2 move leafstorm\n>p1 move lavaplume\n>p2 move leafstorm\n>p1 switch 5\n>p1 move sludgebomb\n>p2 move leafstorm\n>p2 switch 3\n>p1 move earthquake\n>p2 move calmmind\n>p1 move earthquake\n>p2 move calmmind\n>p1 move earthquake\n>p2 move recover\n>p1 move earthquake\n>p2 move recover\n>p1 move earthquake\n>p2 move calmmind\n>p1 move earthquake\n>p2 move recover\n>p1 move earthquake\n>p2 move calmmind\n>p1 move earthquake\n>p2 move recover\n>p1 move earthquake\n>p2 move recover\n>p1 move earthquake\n>p2 move calmmind\n>p1 move rockslide\n>p2 move recover\n>p1 move rockslide\n>p2 move calmmind\n>p1 move rockslide\n>p2 move recover\n>p1 move rockslide\n>p2 move recover\n>p1 move rockslide\n>p2 move recover\n>p1 move rockslide\n>p2 move recover\n>p1 move rockslide\n>p2 move recover\n>p1 move rockslide\n>p2 move recover\n>p1 move rockslide\n>p2 move recover\n>p1 move rockslide\n>p2 move recover\n>p1 move earthquake\n>p2 move calmmind\n>p1 move rockslide\n>p2 move recover\n>p1 move rockslide\n>p2 move recover\n>p1 move earthquake\n>p2 move psyshock\n>p1 switch 2\n>p1 move shellsmash\n>p2 move psyshock\n>p1 move stoneedge\n>p2 move psyshock", "uploadtime": 1770125556, "views": 228, "formatid": "gen6randombattle", "rating": 1613, "private": 0, "password": null}