{"id": "gen6randombattle-2536132767", "format": "[Gen 6] Random Battle", "players": ["Dr Ari Haswari", "gdhjdj"], "log": "|j|☆Dr Ari Haswari\n|j|☆gdhjdj\n|t:|1770657274\n|gametype|singles\n|player|p1|Dr Ari Haswari|265|1652\n|player|p2|gdhjdj|265|1611\n|gen|6\n|tier|[Gen 6] Random Battle\n|rated|\n|rule|Sleep Clause Mod: Limit one foe put to sleep\n|rule|HP Percentage Mod: HP is shown in percentages\n|rule|Illusion Level Mod: Illusion disguises the Pokémon's true level\n|\n|t:|1770657274\n|teamsize|p1|6\n|teamsize|p2|6\n|start\n|switch|p1a: Altaria|Altaria, L78, M|245/245\n|switch|p2a: Solrock|Solrock, L90|272/272\n|turn|1\n|inactive|Battle timer is ON: inactive players will automatically lose when time's up. (requested by gdhjdj)\n|inactive|Dr Ari Haswari has 120 seconds left.\n|inactive|Dr Ari Haswari has 90 seconds left.\n|\n|t:|1770657371\n|switch|p1a: Malamar|Malamar, L81, F|272/272\n|move|p2a: Solrock|Stealth Rock|p1a: Malamar\n|-sidestart|p1: Dr Ari Haswari|move: Stealth Rock\n|\n|upkeep\n|turn|2\n|\n|t:|1770657383\n|move|p2a: Solrock|Will-O-Wisp|p1a: Malamar\n|-status|p1a: Malamar|brn\n|move|p1a: Malamar|Superpower|p2a: Solrock\n|-damage|p2a: Solrock|237/272\n|-boost|p1a: Malamar|atk|1\n|-boost|p1a: Malamar|def|1\n|\n|-heal|p2a: Solrock|254/272|[from] item: Leftovers\n|-damage|p1a: Malamar|238/272 brn|[from] brn\n|upkeep\n|turn|3\n|\n|t:|1770657392\n|switch|p2a: Girafarig|Girafarig, L93, F|281/281\n|move|p1a: Malamar|Knock Off|p2a: Girafarig\n|-supereffective|p2a: Girafarig\n|-damage|p2a: Girafarig|121/281\n|-enditem|p2a: Girafarig|Leftovers|[from] move: Knock Off|[of] p1a: Malamar\n|\n|-damage|p1a: Malamar|204/272 brn|[from] brn\n|upkeep\n|turn|4\n|\n|t:|1770657401\n|move|p2a: Girafarig|Dazzling Gleam|p1a: Malamar\n|-supereffective|p1a: Malamar\n|-damage|p1a: Malamar|40/272 brn\n|move|p1a: Malamar|Rest|p1a: Malamar\n|-status|p1a: Malamar|slp|[from] move: Rest\n|-heal|p1a: Malamar|272/272 slp|[silent]\n|-enditem|p1a: Malamar|Chesto Berry|[eat]\n|-curestatus|p1a: Malamar|slp|[msg]\n|\n|upkeep\n|turn|5\n|\n|t:|1770657416\n|move|p2a: Girafarig|Dazzling Gleam|p1a: Malamar\n|-supereffective|p1a: Malamar\n|-damage|p1a: Malamar|106/272\n|move|p1a: Malamar|Knock Off|p2a: Girafarig\n|-supereffective|p2a: Girafarig\n|-damage|p2a: Girafarig|0 fnt\n|faint|p2a: Girafarig\n|\n|upkeep\n|\n|t:|1770657424\n|switch|p2a: Wailord|Wailord, L93, M|466/466\n|turn|6\n|\n|t:|1770657433\n|move|p2a: Wailord|Water Spout|p1a: Malamar\n|-damage|p1a: Malamar|0 fnt\n|faint|p1a: Malamar\n|\n|upkeep\n|\n|t:|1770657444\n|switch|p1a: Altaria|Altaria, L78, M|245/245\n|-damage|p1a: Altaria|184/245|[from] Stealth Rock\n|turn|7\n|\n|t:|1770657451\n|switch|p2a: Solrock|Solrock, L90|254/272\n|detailschange|p1a: Altaria|Altaria-Mega, L78, M\n|-mega|p1a: Altaria|Altaria|Altarianite\n|move|p1a: Altaria|Dragon Dance|p1a: Altaria\n|-boost|p1a: Altaria|atk|1\n|-boost|p1a: Altaria|spe|1\n|\n|-heal|p2a: Solrock|271/272|[from] item: Leftovers\n|upkeep\n|turn|8\n|\n|t:|1770657456\n|move|p1a: Altaria|Return|p2a: Solrock\n|-damage|p2a: Solrock|90/272\n|move|p2a: Solrock|Will-O-Wisp|p1a: Altaria\n|-status|p1a: Altaria|brn\n|\n|-heal|p2a: Solrock|107/272|[from] item: Leftovers\n|-damage|p1a: Altaria|154/245 brn|[from] brn\n|upkeep\n|turn|9\n|\n|t:|1770657463\n|move|p1a: Altaria|Return|p2a: Solrock\n|-damage|p2a: Solrock|16/272\n|move|p2a: Solrock|Morning Sun|p2a: Solrock\n|-heal|p2a: Solrock|152/272\n|\n|-heal|p2a: Solrock|169/272|[from] item: Leftovers\n|-damage|p1a: Altaria|124/245 brn|[from] brn\n|upkeep\n|turn|10\n|\n|t:|1770657468\n|move|p1a: Altaria|Dragon Dance|p1a: Altaria\n|-boost|p1a: Altaria|atk|1\n|-boost|p1a: Altaria|spe|1\n|move|p2a: Solrock|Morning Sun|p2a: Solrock\n|-heal|p2a: Solrock|272/272\n|\n|-damage|p1a: Altaria|94/245 brn|[from] brn\n|upkeep\n|turn|11\n|\n|t:|1770657472\n|move|p1a: Altaria|Roost|p1a: Altaria\n|-heal|p1a: Altaria|217/245 brn\n|-singleturn|p1a: Altaria|move: Roost\n|move|p2a: Solrock|Stone Edge|p1a: Altaria\n|-damage|p1a: Altaria|106/245 brn\n|\n|-damage|p1a: Altaria|76/245 brn|[from] brn\n|upkeep\n|turn|12\n|\n|t:|1770657476\n|move|p1a: Altaria|Roost|p1a: Altaria\n|-heal|p1a: Altaria|199/245 brn\n|-singleturn|p1a: Altaria|move: Roost\n|move|p2a: Solrock|Stone Edge|p1a: Altaria\n|-crit|p1a: Altaria\n|-damage|p1a: Altaria|40/245 brn\n|\n|-damage|p1a: Altaria|10/245 brn|[from] brn\n|upkeep\n|turn|13\n|\n|t:|1770657478\n|move|p1a: Altaria|Roost|p1a: Altaria\n|-heal|p1a: Altaria|133/245 brn\n|-singleturn|p1a: Altaria|move: Roost\n|move|p2a: Solrock|Stone Edge|p1a: Altaria\n|-damage|p1a: Altaria|33/245 brn\n|\n|-damage|p1a: Altaria|3/245 brn|[from] brn\n|upkeep\n|turn|14\n|\n|t:|1770657481\n|move|p1a: Altaria|Roost|p1a: Altaria\n|-heal|p1a: Altaria|126/245 brn\n|-singleturn|p1a: Altaria|move: Roost\n|move|p2a: Solrock|Stone Edge|p1a: Altaria\n|-damage|p1a: Altaria|17/245 brn\n|\n|-damage|p1a: Altaria|0 fnt|[from] brn\n|faint|p1a: Altaria\n|detailschange|p1: Altaria|Altaria, L78, M|[silent]\n|upkeep\n|\n|t:|1770657492\n|switch|p1a: Shuckle|Shuckle, L84, F|171/171\n|-damage|p1a: Shuckle|129/171|[from] Stealth Rock\n|turn|15\n|\n|t:|1770657497\n|move|p2a: Solrock|Stone Edge|p1a: Shuckle\n|-supereffective|p1a: Shuckle\n|-crit|p1a: Shuckle\n|-damage|p1a: Shuckle|0 fnt\n|faint|p1a: Shuckle\n|\n|upkeep\n|\n|t:|1770657505\n|switch|p1a: Cinccino|Cinccino, L82, F|257/257\n|-damage|p1a: Cinccino|225/257|[from] Stealth Rock\n|turn|16\n|\n|t:|1770657507\n|move|p1a: Cinccino|Bullet Seed|p2a: Solrock\n|-supereffective|p2a: Solrock\n|-damage|p2a: Solrock|222/272\n|-supereffective|p2a: Solrock\n|-damage|p2a: Solrock|172/272\n|-supereffective|p2a: Solrock\n|-crit|p2a: Solrock\n|-damage|p2a: Solrock|100/272\n|-supereffective|p2a: Solrock\n|-damage|p2a: Solrock|48/272\n|-supereffective|p2a: Solrock\n|-damage|p2a: Solrock|2/272\n|-hitcount|p2a: Solrock|5\n|move|p2a: Solrock|Will-O-Wisp|p1a: Cinccino\n|-status|p1a: Cinccino|brn\n|\n|-heal|p2a: Solrock|19/272|[from] item: Leftovers\n|-damage|p1a: Cinccino|193/257 brn|[from] brn\n|upkeep\n|turn|17\n|\n|t:|1770657517\n|move|p1a: Cinccino|Bullet Seed|p2a: Solrock\n|-supereffective|p2a: Solrock\n|-damage|p2a: Solrock|0 fnt\n|faint|p2a: Solrock\n|-hitcount|p2: Solrock|1\n|\n|-damage|p1a: Cinccino|161/257 brn|[from] brn\n|upkeep\n|\n|t:|1770657522\n|switch|p2a: Wailord|Wailord, L93, M|466/466\n|turn|18\n|\n|t:|1770657525\n|move|p2a: Wailord|Water Spout|p1a: Cinccino\n|-damage|p1a: Cinccino|0 fnt\n|faint|p1a: Cinccino\n|\n|upkeep\n|\n|t:|1770657528\n|switch|p1a: Tauros|Tauros, L82, M|257/257\n|-damage|p1a: Tauros|225/257|[from] Stealth Rock\n|turn|19\n|\n|t:|1770657532\n|move|p2a: Wailord|Water Spout|p1a: Tauros\n|-damage|p1a: Tauros|0 fnt\n|faint|p1a: Tauros\n|\n|upkeep\n|\n|t:|1770657535\n|switch|p1a: Nidoqueen|Nidoqueen, L81, F|278/278\n|-damage|p1a: Nidoqueen|261/278|[from] Stealth Rock\n|turn|20\n|\n|t:|1770657538\n|move|p2a: Wailord|Water Spout|p1a: Nidoqueen\n|-supereffective|p1a: Nidoqueen\n|-damage|p1a: Nidoqueen|0 fnt\n|faint|p1a: Nidoqueen\n|\n|win|gdhjdj\n|raw|Dr Ari Haswari's rating: 1652 &rarr; <strong>1630</strong><br />(-22 for losing)\n|raw|gdhjdj's rating: 1611 &rarr; <strong>1633</strong><br />(+22 for winning)\n|l|☆Dr Ari Haswari\n|player|p1|\n", "inputlog": ">version ccdc32dd7cde25fd9e4bed64820e885f66e78a4e\n>start {\"formatid\":\"gen6randombattle\",\"seed\":\"sodium,b639654a56aa78d39316f2e9f4697502\",\"rated\":\"Rated battle\"}\n>player p1 {\"name\":\"Dr Ari Haswari\",\"avatar\":\"265\",\"rating\":1652,\"seed\":\"sodium,eff22d46abfd9c5a12a99f1c73768111\"}\n>player p2 {\"name\":\"gdhjdj\",\"avatar\":\"265\",\"rating\":1611,\"seed\":\"sodium,2152a0f7eb005fc26b314e33bbec3334\"}\n>p1 switch 5\n>p2 move stealthrock\n>p1 move superpower\n>p2 move willowisp\n>p1 move knockoff\n>p2 switch 3\n>p1 move rest\n>p2 move dazzlinggleam\n>p1 move knockoff\n>p2 move dazzlinggleam\n>p2 switch 4\n>p1 move knockoff\n>p2 move waterspout\n>p1 switch 5\n>p1 move dragondance mega\n>p2 switch 3\n>p1 move return\n>p2 move willowisp\n>p1 move return\n>p2 move morningsun\n>p1 move dragondance\n>p2 move morningsun\n>p1 move roost\n>p2 move stoneedge\n>p1 move roost\n>p2 move stoneedge\n>p1 move roost\n>p2 move stoneedge\n>p1 move roost\n>p2 move stoneedge\n>p1 switch 3\n>p1 move encore\n>p2 move stoneedge\n>p1 switch 2\n>p1 move bulletseed\n>p2 move willowisp\n>p1 move bulletseed\n>p2 move stoneedge\n>p2 switch 3\n>p1 move bulletseed\n>p2 move waterspout\n>p1 switch 4\n>p1 move bodyslam\n>p2 move waterspout\n>p1 switch 6\n>p1 move sludgewave\n>p2 move waterspout", "uploadtime": 1770657546, "views": 232, "formatid": "gen6randombattle", "rating": 1630, "private": 0, "password": null}