{"id": "gen6randombattle-2533283638", "format": "[Gen 6] Random Battle", "players": ["noyon6236", "billy zubat"], "log": "|j|☆noyon6236\n|j|☆billy zubat\n|t:|1770286525\n|gametype|singles\n|player|p1|noyon6236|266|1595\n|player|p2|billy zubat|pokemonbreederf-gen4|1777\n|gen|6\n|tier|[Gen 6] Random Battle\n|rated|\n|rule|Sleep Clause Mod: Limit one foe put to sleep\n|rule|HP Percentage Mod: HP is shown in percentages\n|rule|Illusion Level Mod: Illusion disguises the Pokémon's true level\n|\n|t:|1770286525\n|teamsize|p1|6\n|teamsize|p2|6\n|start\n|switch|p1a: Aerodactyl|Aerodactyl, L82, F|265/265\n|switch|p2a: Zapdos|Zapdos, L78|268/268\n|-ability|p1a: Aerodactyl|Unnerve\n|turn|1\n|j| Plop\n|inactive|Battle timer is ON: inactive players will automatically lose when time's up. (requested by noyon6236)\n|inactive|billy zubat has 120 seconds left.\n|\n|t:|1770286570\n|switch|p2a: Sudowoodo|Sudowoodo, L94, F|284/284\n|move|p1a: Aerodactyl|Toxic|p2a: Sudowoodo\n|-status|p2a: Sudowoodo|tox\n|\n|-damage|p2a: Sudowoodo|267/284 tox|[from] psn\n|upkeep\n|turn|2\n|\n|t:|1770286585\n|switch|p1a: Ferrothorn|Ferrothorn, L71, F|223/223\n|move|p2a: Sudowoodo|Stone Edge|p1a: Ferrothorn|[miss]\n|-miss|p2a: Sudowoodo|p1a: Ferrothorn\n|\n|-damage|p2a: Sudowoodo|233/284 tox|[from] psn\n|upkeep\n|turn|3\n|inactive|billy zubat has 120 seconds left.\n|inactive|billy zubat has 90 seconds left.\n|\n|t:|1770286656\n|switch|p2a: Zapdos|Zapdos, L78|268/268\n|move|p1a: Ferrothorn|Leech Seed|p2a: Zapdos\n|-start|p2a: Zapdos|move: Leech Seed\n|\n|-damage|p2a: Zapdos|235/268|[from] Leech Seed|[of] p1a: Ferrothorn\n|upkeep\n|turn|4\n|\n|t:|1770286675\n|move|p2a: Zapdos|Discharge|p1a: Ferrothorn\n|-resisted|p1a: Ferrothorn\n|-damage|p1a: Ferrothorn|178/223\n|-status|p1a: Ferrothorn|par\n|move|p1a: Ferrothorn|Spikes|p2a: Zapdos\n|-sidestart|p2: billy zubat|Spikes\n|\n|-heal|p2a: Zapdos|251/268|[from] item: Leftovers\n|-heal|p1a: Ferrothorn|191/223 par|[from] item: Leftovers\n|-damage|p2a: Zapdos|218/268|[from] Leech Seed|[of] p1a: Ferrothorn\n|-heal|p1a: Ferrothorn|223/223 par|[silent]\n|upkeep\n|turn|5\n|inactive|billy zubat has 90 seconds left.\n|inactive|billy zubat has 60 seconds left.\n|\n|t:|1770286721\n|move|p2a: Zapdos|Discharge|p1a: Ferrothorn\n|-resisted|p1a: Ferrothorn\n|-damage|p1a: Ferrothorn|178/223 par\n|move|p1a: Ferrothorn|Spikes|p2a: Zapdos\n|-sidestart|p2: billy zubat|Spikes\n|\n|-heal|p2a: Zapdos|234/268|[from] item: Leftovers\n|-heal|p1a: Ferrothorn|191/223 par|[from] item: Leftovers\n|-damage|p2a: Zapdos|201/268|[from] Leech Seed|[of] p1a: Ferrothorn\n|-heal|p1a: Ferrothorn|223/223 par|[silent]\n|upkeep\n|turn|6\n|\n|t:|1770286747\n|move|p2a: Zapdos|Discharge|p1a: Ferrothorn\n|-resisted|p1a: Ferrothorn\n|-damage|p1a: Ferrothorn|180/223 par\n|move|p1a: Ferrothorn|Spikes|p2a: Zapdos\n|-sidestart|p2: billy zubat|Spikes\n|\n|-heal|p2a: Zapdos|217/268|[from] item: Leftovers\n|-heal|p1a: Ferrothorn|193/223 par|[from] item: Leftovers\n|-damage|p2a: Zapdos|184/268|[from] Leech Seed|[of] p1a: Ferrothorn\n|-heal|p1a: Ferrothorn|223/223 par|[silent]\n|upkeep\n|turn|7\n|\n|t:|1770286755\n|switch|p1a: Jolteon|Jolteon, L80, M|235/235\n|move|p2a: Zapdos|Defog|p1a: Jolteon\n|-unboost|p1a: Jolteon|evasion|1\n|-sideend|p2: billy zubat|Spikes|[from] move: Defog|[of] p2a: Zapdos\n|\n|-heal|p2a: Zapdos|200/268|[from] item: Leftovers\n|-damage|p2a: Zapdos|167/268|[from] Leech Seed|[of] p1a: Jolteon\n|upkeep\n|turn|8\n|\n|t:|1770286770\n|switch|p2a: Snorlax|Snorlax, L81, F|392/392\n|move|p1a: Jolteon|Volt Switch|p2a: Snorlax\n|-crit|p2a: Snorlax\n|-damage|p2a: Snorlax|248/392\n|inactive|noyon6236 has 120 seconds left.\n|\n|t:|1770286796\n|switch|p1a: Steelix|Steelix, L80, M|251/251|[from] Volt Switch\n|\n|-heal|p2a: Snorlax|272/392|[from] item: Leftovers\n|upkeep\n|turn|9\n|inactive|noyon6236 has 120 seconds left.\n|inactive|billy zubat has 60 seconds left.\n|\n|t:|1770286829\n|switch|p2a: Manaphy|Manaphy, L76|277/277\n|detailschange|p1a: Steelix|Steelix-Mega, L80, M\n|-mega|p1a: Steelix|Steelix|Steelixite\n|move|p1a: Steelix|Stealth Rock|p2a: Manaphy\n|-sidestart|p2: billy zubat|move: Stealth Rock\n|\n|upkeep\n|turn|10\n|inactive|billy zubat has 60 seconds left.\n|inactive|noyon6236 has 120 seconds left.\n|\n|t:|1770286860\n|move|p2a: Manaphy|Surf|p1a: Steelix\n|-supereffective|p1a: Steelix\n|-damage|p1a: Steelix|81/251\n|move|p1a: Steelix|Toxic|p2a: Manaphy\n|-status|p2a: Manaphy|tox\n|\n|-damage|p2a: Manaphy|260/277 tox|[from] psn\n|upkeep\n|turn|11\n|inactive|noyon6236 has 90 seconds left.\n|\n|t:|1770286900\n|switch|p1a: Ferrothorn|Ferrothorn, L71, F|223/223 par\n|move|p2a: Manaphy|Tail Glow|p2a: Manaphy\n|-boost|p2a: Manaphy|spa|3\n|\n|-heal|p2a: Manaphy|277/277 tox|[from] item: Leftovers\n|-damage|p2a: Manaphy|243/277 tox|[from] psn\n|upkeep\n|turn|12\n|inactive|noyon6236 has 90 seconds left.\n|\n|t:|1770286906\n|move|p2a: Manaphy|Ice Beam|p1a: Ferrothorn\n|-damage|p1a: Ferrothorn|103/223 par\n|move|p1a: Ferrothorn|Leech Seed|p2a: Manaphy\n|-start|p2a: Manaphy|move: Leech Seed\n|\n|-heal|p2a: Manaphy|260/277 tox|[from] item: Leftovers\n|-heal|p1a: Ferrothorn|116/223 par|[from] item: Leftovers\n|-damage|p2a: Manaphy|226/277 tox|[from] Leech Seed|[of] p1a: Ferrothorn\n|-heal|p1a: Ferrothorn|150/223 par|[silent]\n|-damage|p2a: Manaphy|175/277 tox|[from] psn\n|upkeep\n|turn|13\n|\n|t:|1770286914\n|switch|p1a: Golduck|Golduck, L90, M|290/290\n|-ability|p1a: Golduck|Cloud Nine\n|move|p2a: Manaphy|Ice Beam|p1a: Golduck\n|-resisted|p1a: Golduck\n|-damage|p1a: Golduck|226/290\n|-status|p1a: Golduck|frz\n|\n|-heal|p1a: Golduck|244/290 frz|[from] item: Leftovers\n|-heal|p2a: Manaphy|192/277 tox|[from] item: Leftovers\n|-damage|p2a: Manaphy|158/277 tox|[from] Leech Seed|[of] p1a: Golduck\n|-heal|p1a: Golduck|278/290 frz|[silent]\n|-damage|p2a: Manaphy|90/277 tox|[from] psn\n|upkeep\n|turn|14\n|inactive|billy zubat has 60 seconds left.\n|inactive|noyon6236 has 90 seconds left.\n|\n|t:|1770286930\n|switch|p1a: Ferrothorn|Ferrothorn, L71, F|150/223 par\n|move|p2a: Manaphy|Energy Ball|p1a: Ferrothorn\n|-resisted|p1a: Ferrothorn\n|-damage|p1a: Ferrothorn|119/223 par\n|\n|-heal|p2a: Manaphy|107/277 tox|[from] item: Leftovers\n|-heal|p1a: Ferrothorn|132/223 par|[from] item: Leftovers\n|-damage|p2a: Manaphy|73/277 tox|[from] Leech Seed|[of] p1a: Ferrothorn\n|-heal|p1a: Ferrothorn|166/223 par|[silent]\n|-damage|p2a: Manaphy|0 fnt|[from] psn\n|faint|p2a: Manaphy\n|upkeep\n|\n|t:|1770286937\n|switch|p2a: Zapdos|Zapdos, L78|167/268\n|-damage|p2a: Zapdos|100/268|[from] Stealth Rock\n|turn|15\n|inactive|noyon6236 has 90 seconds left.\n|\n|t:|1770286954\n|move|p2a: Zapdos|Defog|p1a: Ferrothorn\n|-unboost|p1a: Ferrothorn|evasion|1\n|-sideend|p2: billy zubat|Stealth Rock|[from] move: Defog|[of] p2a: Zapdos\n|cant|p1a: Ferrothorn|par\n|\n|-heal|p2a: Zapdos|116/268|[from] item: Leftovers\n|-heal|p1a: Ferrothorn|179/223 par|[from] item: Leftovers\n|upkeep\n|turn|16\n|inactive|billy zubat has 60 seconds left.\n|\n|t:|1770286967\n|move|p2a: Zapdos|Roost|p2a: Zapdos\n|-heal|p2a: Zapdos|250/268\n|-singleturn|p2a: Zapdos|move: Roost\n|move|p1a: Ferrothorn|Leech Seed|p2a: Zapdos\n|-start|p2a: Zapdos|move: Leech Seed\n|\n|-heal|p2a: Zapdos|266/268|[from] item: Leftovers\n|-heal|p1a: Ferrothorn|192/223 par|[from] item: Leftovers\n|-damage|p2a: Zapdos|233/268|[from] Leech Seed|[of] p1a: Ferrothorn\n|-heal|p1a: Ferrothorn|223/223 par|[silent]\n|upkeep\n|turn|17\n|\n|t:|1770286971\n|switch|p2a: Sudowoodo|Sudowoodo, L94, F|233/284 tox\n|switch|p1a: Steelix|Steelix-Mega, L80, M|81/251\n|\n|-damage|p2a: Sudowoodo|216/284 tox|[from] psn\n|upkeep\n|turn|18\n|\n|t:|1770286983\n|move|p2a: Sudowoodo|Earthquake|p1a: Steelix\n|-supereffective|p1a: Steelix\n|-damage|p1a: Steelix|0 fnt\n|faint|p1a: Steelix\n|detailschange|p1: Steelix|Steelix, L80, M|[silent]\n|\n|-damage|p2a: Sudowoodo|182/284 tox|[from] psn\n|upkeep\n|\n|t:|1770286988\n|switch|p1a: Golduck|Golduck, L90, M|278/290 frz\n|-ability|p1a: Golduck|Cloud Nine\n|turn|19\n|\n|t:|1770286992\n|switch|p2a: Snorlax|Snorlax, L81, F|272/392\n|-curestatus|p1a: Golduck|frz|[from] move: Scald\n|move|p1a: Golduck|Scald|p2a: Snorlax\n|-damage|p2a: Snorlax|194/392\n|\n|-heal|p1a: Golduck|290/290|[from] item: Leftovers\n|-heal|p2a: Snorlax|218/392|[from] item: Leftovers\n|upkeep\n|turn|20\n|\n|t:|1770286999\n|switch|p1a: Ferrothorn|Ferrothorn, L71, F|223/223 par\n|move|p2a: Snorlax|Body Slam|p1a: Ferrothorn\n|-resisted|p1a: Ferrothorn\n|-damage|p1a: Ferrothorn|184/223 par\n|-damage|p2a: Snorlax|169/392|[from] ability: Iron Barbs|[of] p1a: Ferrothorn\n|\n|-heal|p2a: Snorlax|193/392|[from] item: Leftovers\n|-heal|p1a: Ferrothorn|197/223 par|[from] item: Leftovers\n|upkeep\n|turn|21\n|inactive|billy zubat has 90 seconds left.\n|\n|t:|1770287018\n|move|p2a: Snorlax|Earthquake|p1a: Ferrothorn\n|-damage|p1a: Ferrothorn|131/223 par\n|cant|p1a: Ferrothorn|par\n|\n|-heal|p2a: Snorlax|217/392|[from] item: Leftovers\n|-heal|p1a: Ferrothorn|144/223 par|[from] item: Leftovers\n|upkeep\n|turn|22\n|\n|t:|1770287022\n|move|p2a: Snorlax|Earthquake|p1a: Ferrothorn\n|-damage|p1a: Ferrothorn|84/223 par\n|move|p1a: Ferrothorn|Leech Seed|p2a: Snorlax\n|-start|p2a: Snorlax|move: Leech Seed\n|\n|-heal|p2a: Snorlax|241/392|[from] item: Leftovers\n|-heal|p1a: Ferrothorn|97/223 par|[from] item: Leftovers\n|-damage|p2a: Snorlax|192/392|[from] Leech Seed|[of] p1a: Ferrothorn\n|-heal|p1a: Ferrothorn|146/223 par|[silent]\n|upkeep\n|turn|23\n|\n|t:|1770287028\n|switch|p2a: Zapdos|Zapdos, L78|233/268\n|switch|p1a: Quagsire|Quagsire, L87, F|307/307\n|\n|-heal|p2a: Zapdos|249/268|[from] item: Leftovers\n|upkeep\n|turn|24\n|inactive|billy zubat has 90 seconds left.\n|\n|t:|1770287088\n|switch|p2a: Snorlax|Snorlax, L81, F|192/392\n|move|p1a: Quagsire|Toxic|p2a: Snorlax\n|-status|p2a: Snorlax|tox\n|\n|-heal|p2a: Snorlax|216/392 tox|[from] item: Leftovers\n|-damage|p2a: Snorlax|192/392 tox|[from] psn\n|upkeep\n|turn|25\n|inactive|noyon6236 has 120 seconds left.\n|inactive|noyon6236 has 90 seconds left.\n|\n|t:|1770287152\n|move|p1a: Quagsire|Earthquake|p2a: Snorlax\n|-damage|p2a: Snorlax|63/392 tox\n|move|p2a: Snorlax|Rest|p2a: Snorlax\n|-status|p2a: Snorlax|slp|[from] move: Rest\n|-heal|p2a: Snorlax|392/392 slp|[silent]\n|\n|upkeep\n|turn|26\n|\n|t:|1770287157\n|switch|p1a: Ferrothorn|Ferrothorn, L71, F|146/223 par\n|cant|p2a: Snorlax|slp\n|move|p2a: Snorlax|Sleep Talk|p2a: Snorlax\n|move|p2a: Snorlax|Rest||[from] move: Sleep Talk|[still]\n|-fail|p2a: Snorlax\n|\n|-heal|p1a: Ferrothorn|159/223 par|[from] item: Leftovers\n|upkeep\n|turn|27\n|\n|t:|1770287161\n|cant|p2a: Snorlax|slp\n|move|p2a: Snorlax|Sleep Talk|p2a: Snorlax\n|move|p2a: Snorlax|Earthquake|p1a: Ferrothorn|[from] move: Sleep Talk\n|-damage|p1a: Ferrothorn|101/223 par\n|cant|p1a: Ferrothorn|par\n|\n|-heal|p1a: Ferrothorn|114/223 par|[from] item: Leftovers\n|upkeep\n|turn|28\n|\n|t:|1770287164\n|-curestatus|p2a: Snorlax|slp|[msg]\n|move|p2a: Snorlax|Earthquake|p1a: Ferrothorn\n|-damage|p1a: Ferrothorn|48/223 par\n|cant|p1a: Ferrothorn|par\n|\n|-heal|p1a: Ferrothorn|61/223 par|[from] item: Leftovers\n|upkeep\n|turn|29\n|inactive|noyon6236 has 120 seconds left.\n|\n|t:|1770287177\n|move|p2a: Snorlax|Earthquake|p1a: Ferrothorn\n|-damage|p1a: Ferrothorn|3/223 par\n|move|p1a: Ferrothorn|Leech Seed|p2a: Snorlax\n|-start|p2a: Snorlax|move: Leech Seed\n|\n|-heal|p1a: Ferrothorn|16/223 par|[from] item: Leftovers\n|-damage|p2a: Snorlax|343/392|[from] Leech Seed|[of] p1a: Ferrothorn\n|-heal|p1a: Ferrothorn|65/223 par|[silent]\n|upkeep\n|turn|30\n|inactive|noyon6236 has 120 seconds left.\n|\n|t:|1770287189\n|move|p2a: Snorlax|Body Slam|p1a: Ferrothorn\n|-resisted|p1a: Ferrothorn\n|-damage|p1a: Ferrothorn|23/223 par\n|-damage|p2a: Snorlax|294/392|[from] ability: Iron Barbs|[of] p1a: Ferrothorn\n|move|p1a: Ferrothorn|Leech Seed|p2a: Snorlax|[miss]\n|-miss|p1a: Ferrothorn|p2a: Snorlax\n|\n|-heal|p2a: Snorlax|318/392|[from] item: Leftovers\n|-heal|p1a: Ferrothorn|36/223 par|[from] item: Leftovers\n|-damage|p2a: Snorlax|269/392|[from] Leech Seed|[of] p1a: Ferrothorn\n|-heal|p1a: Ferrothorn|85/223 par|[silent]\n|upkeep\n|turn|31\n|\n|t:|1770287196\n|switch|p2a: Zapdos|Zapdos, L78|249/268\n|move|p1a: Ferrothorn|Leech Seed|p2a: Zapdos\n|-start|p2a: Zapdos|move: Leech Seed\n|\n|-heal|p2a: Zapdos|265/268|[from] item: Leftovers\n|-heal|p1a: Ferrothorn|98/223 par|[from] item: Leftovers\n|-damage|p2a: Zapdos|232/268|[from] Leech Seed|[of] p1a: Ferrothorn\n|-heal|p1a: Ferrothorn|131/223 par|[silent]\n|upkeep\n|turn|32\n|\n|t:|1770287203\n|switch|p2a: Snorlax|Snorlax, L81, F|269/392\n|switch|p1a: Jolteon|Jolteon, L80, M|235/235\n|\n|-heal|p2a: Snorlax|293/392|[from] item: Leftovers\n|upkeep\n|turn|33\n|\n|t:|1770287207\n|move|p1a: Jolteon|Volt Switch|p2a: Snorlax\n|-damage|p2a: Snorlax|202/392\n|\n|t:|1770287226\n|switch|p1a: Aerodactyl|Aerodactyl, L82, F|265/265|[from] Volt Switch\n|-ability|p1a: Aerodactyl|Unnerve\n|move|p2a: Snorlax|Body Slam|p1a: Aerodactyl\n|-resisted|p1a: Aerodactyl\n|-damage|p1a: Aerodactyl|206/265\n|\n|-heal|p1a: Aerodactyl|222/265|[from] item: Leftovers\n|-heal|p2a: Snorlax|226/392|[from] item: Leftovers\n|upkeep\n|turn|34\n|\n|t:|1770287234\n|move|p1a: Aerodactyl|Toxic|p2a: Snorlax|[miss]\n|-miss|p1a: Aerodactyl|p2a: Snorlax\n|move|p2a: Snorlax|Rest|p2a: Snorlax\n|-status|p2a: Snorlax|slp|[from] move: Rest\n|-heal|p2a: Snorlax|392/392 slp|[silent]\n|\n|-heal|p1a: Aerodactyl|238/265|[from] item: Leftovers\n|upkeep\n|turn|35\n|\n|t:|1770287239\n|switch|p1a: Ferrothorn|Ferrothorn, L71, F|131/223 par\n|cant|p2a: Snorlax|slp\n|move|p2a: Snorlax|Sleep Talk|p2a: Snorlax\n|move|p2a: Snorlax|Earthquake|p1a: Ferrothorn|[from] move: Sleep Talk\n|-damage|p1a: Ferrothorn|62/223 par\n|\n|-heal|p1a: Ferrothorn|75/223 par|[from] item: Leftovers\n|upkeep\n|turn|36\n|\n|t:|1770287243\n|cant|p2a: Snorlax|slp\n|move|p2a: Snorlax|Sleep Talk|p2a: Snorlax\n|move|p2a: Snorlax|Earthquake|p1a: Ferrothorn|[from] move: Sleep Talk\n|-damage|p1a: Ferrothorn|17/223 par\n|cant|p1a: Ferrothorn|par\n|\n|-heal|p1a: Ferrothorn|30/223 par|[from] item: Leftovers\n|upkeep\n|turn|37\n|\n|t:|1770287249\n|-curestatus|p2a: Snorlax|slp|[msg]\n|move|p2a: Snorlax|Body Slam|p1a: Ferrothorn\n|-resisted|p1a: Ferrothorn\n|-damage|p1a: Ferrothorn|0 fnt\n|-damage|p2a: Snorlax|343/392|[from] ability: Iron Barbs|[of] p1a: Ferrothorn\n|faint|p1a: Ferrothorn\n|\n|-heal|p2a: Snorlax|367/392|[from] item: Leftovers\n|upkeep\n|\n|t:|1770287259\n|switch|p1a: Aerodactyl|Aerodactyl, L82, F|238/265\n|-ability|p1a: Aerodactyl|Unnerve\n|turn|38\n|\n|t:|1770287271\n|move|p1a: Aerodactyl|Stone Edge|p2a: Snorlax|[miss]\n|-miss|p1a: Aerodactyl|p2a: Snorlax\n|move|p2a: Snorlax|Body Slam|p1a: Aerodactyl\n|-resisted|p1a: Aerodactyl\n|-damage|p1a: Aerodactyl|181/265\n|-status|p1a: Aerodactyl|par\n|\n|-heal|p2a: Snorlax|391/392|[from] item: Leftovers\n|-heal|p1a: Aerodactyl|197/265 par|[from] item: Leftovers\n|upkeep\n|turn|39\n|\n|t:|1770287293\n|move|p2a: Snorlax|Body Slam|p1a: Aerodactyl\n|-resisted|p1a: Aerodactyl\n|-damage|p1a: Aerodactyl|139/265 par\n|move|p1a: Aerodactyl|Toxic|p2a: Snorlax\n|-status|p2a: Snorlax|tox\n|\n|-heal|p2a: Snorlax|392/392 tox|[from] item: Leftovers\n|-heal|p1a: Aerodactyl|155/265 par|[from] item: Leftovers\n|-damage|p2a: Snorlax|368/392 tox|[from] psn\n|upkeep\n|turn|40\n|\n|t:|1770287299\n|move|p2a: Snorlax|Body Slam|p1a: Aerodactyl\n|-resisted|p1a: Aerodactyl\n|-damage|p1a: Aerodactyl|101/265 par\n|cant|p1a: Aerodactyl|par\n|\n|-heal|p2a: Snorlax|392/392 tox|[from] item: Leftovers\n|-heal|p1a: Aerodactyl|117/265 par|[from] item: Leftovers\n|-damage|p2a: Snorlax|344/392 tox|[from] psn\n|upkeep\n|turn|41\n|\n|t:|1770287304\n|move|p2a: Snorlax|Body Slam|p1a: Aerodactyl\n|-resisted|p1a: Aerodactyl\n|-damage|p1a: Aerodactyl|54/265 par\n|move|p1a: Aerodactyl|Roost|p1a: Aerodactyl\n|-heal|p1a: Aerodactyl|187/265 par\n|-singleturn|p1a: Aerodactyl|move: Roost\n|\n|-heal|p2a: Snorlax|368/392 tox|[from] item: Leftovers\n|-heal|p1a: Aerodactyl|203/265 par|[from] item: Leftovers\n|-damage|p2a: Snorlax|296/392 tox|[from] psn\n|upkeep\n|turn|42\n|\n|t:|1770287308\n|move|p2a: Snorlax|Rest|p2a: Snorlax\n|-status|p2a: Snorlax|slp|[from] move: Rest\n|-heal|p2a: Snorlax|392/392 slp|[silent]\n|move|p1a: Aerodactyl|Stone Edge|p2a: Snorlax|[miss]\n|-miss|p1a: Aerodactyl|p2a: Snorlax\n|\n|-heal|p1a: Aerodactyl|219/265 par|[from] item: Leftovers\n|upkeep\n|turn|43\n|\n|t:|1770287312\n|cant|p2a: Snorlax|slp\n|move|p2a: Snorlax|Sleep Talk|p2a: Snorlax\n|move|p2a: Snorlax|Rest||[from] move: Sleep Talk|[still]\n|-fail|p2a: Snorlax\n|move|p1a: Aerodactyl|Stone Edge|p2a: Snorlax\n|-damage|p2a: Snorlax|257/392 slp\n|\n|-heal|p2a: Snorlax|281/392 slp|[from] item: Leftovers\n|-heal|p1a: Aerodactyl|235/265 par|[from] item: Leftovers\n|upkeep\n|turn|44\n|\n|t:|1770287322\n|cant|p2a: Snorlax|slp\n|move|p2a: Snorlax|Sleep Talk|p2a: Snorlax\n|move|p2a: Snorlax|Rest||[from] move: Sleep Talk|[still]\n|-fail|p2a: Snorlax\n|move|p1a: Aerodactyl|Toxic||[still]\n|-fail|p1a: Aerodactyl\n|\n|-heal|p2a: Snorlax|305/392 slp|[from] item: Leftovers\n|-heal|p1a: Aerodactyl|251/265 par|[from] item: Leftovers\n|upkeep\n|turn|45\n|\n|t:|1770287326\n|-curestatus|p2a: Snorlax|slp|[msg]\n|move|p2a: Snorlax|Body Slam|p1a: Aerodactyl\n|-resisted|p1a: Aerodactyl\n|-damage|p1a: Aerodactyl|196/265 par\n|move|p1a: Aerodactyl|Toxic|p2a: Snorlax\n|-status|p2a: Snorlax|tox\n|\n|-heal|p2a: Snorlax|329/392 tox|[from] item: Leftovers\n|-heal|p1a: Aerodactyl|212/265 par|[from] item: Leftovers\n|-damage|p2a: Snorlax|305/392 tox|[from] psn\n|upkeep\n|turn|46\n|\n|t:|1770287347\n|move|p2a: Snorlax|Rest|p2a: Snorlax\n|-status|p2a: Snorlax|slp|[from] move: Rest\n|-heal|p2a: Snorlax|392/392 slp|[silent]\n|move|p1a: Aerodactyl|Earthquake|p2a: Snorlax\n|-damage|p2a: Snorlax|304/392 slp\n|\n|-heal|p2a: Snorlax|328/392 slp|[from] item: Leftovers\n|-heal|p1a: Aerodactyl|228/265 par|[from] item: Leftovers\n|upkeep\n|turn|47\n|\n|t:|1770287351\n|cant|p2a: Snorlax|slp\n|move|p1a: Aerodactyl|Earthquake|p2a: Snorlax\n|-damage|p2a: Snorlax|235/392 slp\n|\n|-heal|p2a: Snorlax|259/392 slp|[from] item: Leftovers\n|-heal|p1a: Aerodactyl|244/265 par|[from] item: Leftovers\n|upkeep\n|turn|48\n|\n|t:|1770287356\n|cant|p2a: Snorlax|slp\n|move|p1a: Aerodactyl|Earthquake|p2a: Snorlax\n|-damage|p2a: Snorlax|171/392 slp\n|\n|-heal|p2a: Snorlax|195/392 slp|[from] item: Leftovers\n|-heal|p1a: Aerodactyl|260/265 par|[from] item: Leftovers\n|upkeep\n|turn|49\n|\n|t:|1770287364\n|-curestatus|p2a: Snorlax|slp|[msg]\n|move|p2a: Snorlax|Rest|p2a: Snorlax\n|-status|p2a: Snorlax|slp|[from] move: Rest\n|-heal|p2a: Snorlax|392/392 slp|[silent]\n|cant|p1a: Aerodactyl|par\n|\n|-heal|p1a: Aerodactyl|265/265 par|[from] item: Leftovers\n|upkeep\n|turn|50\n|\n|t:|1770287373\n|cant|p2a: Snorlax|slp\n|move|p2a: Snorlax|Sleep Talk|p2a: Snorlax\n|move|p2a: Snorlax|Rest||[from] move: Sleep Talk|[still]\n|-fail|p2a: Snorlax\n|cant|p1a: Aerodactyl|par\n|\n|upkeep\n|turn|51\n|\n|t:|1770287376\n|cant|p2a: Snorlax|slp\n|move|p1a: Aerodactyl|Earthquake|p2a: Snorlax\n|-damage|p2a: Snorlax|301/392 slp\n|\n|-heal|p2a: Snorlax|325/392 slp|[from] item: Leftovers\n|upkeep\n|turn|52\n|\n|t:|1770287399\n|-curestatus|p2a: Snorlax|slp|[msg]\n|move|p2a: Snorlax|Body Slam|p1a: Aerodactyl\n|-resisted|p1a: Aerodactyl\n|-damage|p1a: Aerodactyl|210/265 par\n|move|p1a: Aerodactyl|Stone Edge|p2a: Snorlax\n|-damage|p2a: Snorlax|180/392\n|\n|-heal|p2a: Snorlax|204/392|[from] item: Leftovers\n|-heal|p1a: Aerodactyl|226/265 par|[from] item: Leftovers\n|upkeep\n|turn|53\n|\n|t:|1770287410\n|move|p2a: Snorlax|Rest|p2a: Snorlax\n|-status|p2a: Snorlax|slp|[from] move: Rest\n|-heal|p2a: Snorlax|392/392 slp|[silent]\n|cant|p1a: Aerodactyl|par\n|\n|-heal|p1a: Aerodactyl|242/265 par|[from] item: Leftovers\n|upkeep\n|turn|54\n|inactive|noyon6236 has 120 seconds left.\n|\n|t:|1770287436\n|switch|p1a: Golduck|Golduck, L90, M|290/290\n|-ability|p1a: Golduck|Cloud Nine\n|cant|p2a: Snorlax|slp\n|\n|upkeep\n|turn|55\n|inactive|noyon6236 has 120 seconds left.\n|\n|t:|1770287455\n|switch|p1a: Aerodactyl|Aerodactyl, L82, F|242/265 par\n|-ability|p1a: Aerodactyl|Unnerve\n|cant|p2a: Snorlax|slp\n|move|p2a: Snorlax|Sleep Talk|p2a: Snorlax\n|move|p2a: Snorlax|Body Slam|p1a: Aerodactyl|[from] move: Sleep Talk\n|-resisted|p1a: Aerodactyl\n|-damage|p1a: Aerodactyl|188/265 par\n|\n|-heal|p1a: Aerodactyl|204/265 par|[from] item: Leftovers\n|upkeep\n|turn|56\n|inactive|noyon6236 has 120 seconds left.\n|\n|t:|1770287467\n|-curestatus|p2a: Snorlax|slp|[msg]\n|move|p2a: Snorlax|Body Slam|p1a: Aerodactyl\n|-resisted|p1a: Aerodactyl\n|-damage|p1a: Aerodactyl|149/265 par\n|move|p1a: Aerodactyl|Toxic|p2a: Snorlax\n|-status|p2a: Snorlax|tox\n|\n|-heal|p1a: Aerodactyl|165/265 par|[from] item: Leftovers\n|-damage|p2a: Snorlax|368/392 tox|[from] psn\n|upkeep\n|turn|57\n|inactive|noyon6236 has 120 seconds left.\n|\n|t:|1770287481\n|switch|p2a: Sudowoodo|Sudowoodo, L94, F|182/284 tox\n|move|p1a: Aerodactyl|Stone Edge|p2a: Sudowoodo\n|-crit|p2a: Sudowoodo\n|-damage|p2a: Sudowoodo|55/284 tox\n|\n|-heal|p1a: Aerodactyl|181/265 par|[from] item: Leftovers\n|-damage|p2a: Sudowoodo|38/284 tox|[from] psn\n|upkeep\n|turn|58\n|inactive|noyon6236 has 120 seconds left.\n|\n|t:|1770287494\n|switch|p1a: Quagsire|Quagsire, L87, F|307/307\n|move|p2a: Sudowoodo|Wood Hammer|p1a: Quagsire\n|-supereffective|p1a: Quagsire\n|-damage|p1a: Quagsire|0 fnt\n|faint|p1a: Quagsire\n|\n|-damage|p2a: Sudowoodo|4/284 tox|[from] psn\n|upkeep\n|\n|t:|1770287500\n|switch|p1a: Jolteon|Jolteon, L80, M|235/235\n|turn|59\n|\n|t:|1770287508\n|move|p1a: Jolteon|Volt Switch|p2a: Sudowoodo\n|-damage|p2a: Sudowoodo|0 fnt\n|faint|p2a: Sudowoodo\n|\n|t:|1770287518\n|switch|p1a: Aerodactyl|Aerodactyl, L82, F|181/265 par|[from] Volt Switch\n|-ability|p1a: Aerodactyl|Unnerve\n|\n|-heal|p1a: Aerodactyl|197/265 par|[from] item: Leftovers\n|upkeep\n|inactive|billy zubat has 120 seconds left.\n|inactive|billy zubat has 90 seconds left.\n|inactive|billy zubat has 60 seconds left.\n|\n|t:|1770287624\n|switch|p2a: Huntail|Huntail, L84, F|230/230\n|turn|60\n|inactive|noyon6236 has 120 seconds left.\n|\n|t:|1770287650\n|move|p2a: Huntail|Shell Smash|p2a: Huntail\n|-unboost|p2a: Huntail|def|1\n|-unboost|p2a: Huntail|spd|1\n|-boost|p2a: Huntail|atk|2\n|-boost|p2a: Huntail|spa|2\n|-boost|p2a: Huntail|spe|2\n|-enditem|p2a: Huntail|White Herb\n|-clearnegativeboost|p2a: Huntail|[silent]\n|cant|p1a: Aerodactyl|par\n|\n|-heal|p1a: Aerodactyl|213/265 par|[from] item: Leftovers\n|upkeep\n|turn|61\n|inactive|billy zubat has 60 seconds left.\n|\n|t:|1770287657\n|move|p2a: Huntail|Waterfall|p1a: Aerodactyl\n|-supereffective|p1a: Aerodactyl\n|-damage|p1a: Aerodactyl|0 fnt\n|faint|p1a: Aerodactyl\n|\n|upkeep\n|inactive|noyon6236 has 120 seconds left.\n|inactive|noyon6236 has 90 seconds left.\n|\n|t:|1770287709\n|switch|p1a: Golduck|Golduck, L90, M|290/290\n|-ability|p1a: Golduck|Cloud Nine\n|turn|62\n|\n|t:|1770287714\n|move|p2a: Huntail|Return|p1a: Golduck\n|-crit|p1a: Golduck\n|-damage|p1a: Golduck|70/290\n|move|p1a: Golduck|Scald|p2a: Huntail\n|-resisted|p2a: Huntail\n|-damage|p2a: Huntail|176/230\n|\n|-heal|p1a: Golduck|88/290|[from] item: Leftovers\n|upkeep\n|turn|63\n|c|☆billy zubat|!dt water veil\n|c|☆billy zubat|/raw <ul class=\"utilichart\"><li class=\"result\"><span class=\"col namecol\"><a href=\"https://dex.pokemonshowdown.com/abilities/waterveil\">Water Veil</a></span> <span class=\"col abilitydesccol\">This Pokemon cannot be burned. Gaining this Ability while burned cures it.</span> </li><li style=\"clear:both\"></li></ul>\n|c|☆billy zubat|/raw <font size=\"1\"><font color=\"#686868\">Gen:</font> 3&nbsp;|&ThickSpace;&#10003; Ignored by Mold Breaker</font>\n\n|\n|t:|1770287725\n|move|p2a: Huntail|Return|p1a: Golduck\n|-damage|p1a: Golduck|0 fnt\n|faint|p1a: Golduck\n|\n|upkeep\n|\n|t:|1770287727\n|switch|p1a: Jolteon|Jolteon, L80, M|235/235\n|turn|64\n|\n|t:|1770287735\n|move|p2a: Huntail|Waterfall|p1a: Jolteon\n|-damage|p1a: Jolteon|0 fnt\n|faint|p1a: Jolteon\n|\n|win|billy zubat\n|raw|noyon6236's rating: 1602 &rarr; <strong>1591</strong><br />(-11 for losing)\n|raw|billy zubat's rating: 1777 &rarr; <strong>1788</strong><br />(+11 for winning)\n|c|☆billy zubat|gg\n|l| Plop\n", "inputlog": ">version ccdc32dd7cde25fd9e4bed64820e885f66e78a4e\n>start {\"formatid\":\"gen6randombattle\",\"seed\":\"sodium,3154b5d4c3bc849b489e68962536cb5b\",\"rated\":\"Rated battle\"}\n>player p1 {\"name\":\"noyon6236\",\"avatar\":\"266\",\"rating\":1595,\"seed\":\"sodium,f941f177e217e26b2c66f13e45c6afb8\"}\n>player p2 {\"name\":\"billy zubat\",\"avatar\":\"pokemonbreederf-gen4\",\"rating\":1777,\"seed\":\"sodium,662192c1ce121279eeee503fe41a60c6\"}\n>p1 move toxic\n>p2 switch 5\n>p1 switch 3\n>p2 move stoneedge\n>p1 move leechseed\n>p2 switch 5\n>p1 move spikes\n>p2 move discharge\n>p1 move spikes\n>p2 move discharge\n>p1 move spikes\n>p2 move discharge\n>p1 switch 6\n>p2 move defog\n>p1 move voltswitch\n>p2 switch 4\n>p1 switch 4\n>p1 move stealthrock mega\n>p2 switch 3\n>p1 move toxic\n>p2 move surf\n>p1 switch 6\n>p2 move tailglow\n>p1 move leechseed\n>p2 move icebeam\n>p1 switch 5\n>p2 move icebeam\n>p1 switch 5\n>p2 move energyball\n>p2 switch 4\n>p1 move leechseed\n>p2 move defog\n>p1 move leechseed\n>p2 move roost\n>p1 switch 6\n>p2 switch 5\n>p1 move stealthrock\n>p2 move earthquake\n>p1 switch 5\n>p1 move scald\n>p2 switch 3\n>p1 switch 6\n>p2 move bodyslam\n>p1 move leechseed\n>p2 move earthquake\n>p1 move leechseed\n>p2 move earthquake\n>p1 switch 2\n>p2 switch 5\n>p1 move toxic\n>p2 switch 5\n>p1 move earthquake\n>p2 move rest\n>p1 switch 2\n>p2 move sleeptalk\n>p1 move leechseed\n>p2 move sleeptalk\n>p1 move leechseed\n>p2 move earthquake\n>p1 move leechseed\n>p2 move earthquake\n>p1 move leechseed\n>p2 move bodyslam\n>p1 move leechseed\n>p2 switch 5\n>p1 switch 4\n>p2 switch 5\n>p1 move voltswitch\n>p2 move bodyslam\n>p1 switch 3\n>p1 move toxic\n>p2 move rest\n>p1 switch 4\n>p2 move sleeptalk\n>p1 move leechseed\n>p2 move sleeptalk\n>p1 move leechseed\n>p2 move bodyslam\n>p1 switch 4\n>p1 move stoneedge\n>p2 move bodyslam\n>p1 move toxic\n>p2 move bodyslam\n>p1 move earthquake\n>p2 move bodyslam\n>p1 move roost\n>p2 move bodyslam\n>p1 move stoneedge\n>p2 move rest\n>p1 move stoneedge\n>p2 move sleeptalk\n>p1 move toxic\n>p2 move sleeptalk\n>p1 move toxic\n>p2 move bodyslam\n>p1 move earthquake\n>p2 move rest\n>p1 move earthquake\n>p2 move rest\n>p1 move earthquake\n>p2 move rest\n>p1 move toxic\n>p2 move rest\n>p1 move earthquake\n>p2 move sleeptalk\n>p1 move earthquake\n>p2 move rest\n>p1 move stoneedge\n>p2 move bodyslam\n>p1 move earthquake\n>p2 move rest\n>p1 switch 6\n>p2 move rest\n>p1 switch 6\n>p2 move sleeptalk\n>p1 move toxic\n>p2 move bodyslam\n>p1 move stoneedge\n>p2 switch 3\n>p1 switch 2\n>p2 move woodhammer\n>p1 switch 3\n>p1 move voltswitch\n>p2 move woodhammer\n>p1 switch 2\n>p2 switch 6\n>p1 move toxic\n>p2 move shellsmash\n>p1 move toxic\n>p2 move waterfall\n>p1 switch 6\n>p1 move scald\n>p2 move return\n>chat ☆billy zubat|!dt water veil\n>p1 move scald\n>p2 move return\n>p1 switch 2\n>p1 move thunderbolt\n>p2 move waterfall", "uploadtime": 1770287747, "views": 273, "formatid": "gen6randombattle", "rating": 1591, "private": 0, "password": null}