{"id": "gen6randombattle-2532623601", "format": "[Gen 6] Random Battle", "players": ["GuyTG24", "Plop"], "log": "|j|☆GuyTG24\n|j|☆Plop\n|t:|1770207084\n|gametype|singles\n|player|p1|GuyTG24|2|1611\n|player|p2|Plop|#rbtt9travelers|1817\n|gen|6\n|tier|[Gen 6] Random Battle\n|rated|\n|rule|Sleep Clause Mod: Limit one foe put to sleep\n|rule|HP Percentage Mod: HP is shown in percentages\n|rule|Illusion Level Mod: Illusion disguises the Pokémon's true level\n|\n|t:|1770207084\n|teamsize|p1|6\n|teamsize|p2|6\n|start\n|switch|p1a: Bronzong|Bronzong, L85|253/253\n|switch|p2a: Carracosta|Carracosta, L87, F|271/271\n|turn|1\n|inactive|Battle timer is ON: inactive players will automatically lose when time's up. (requested by GuyTG24)\n|\n|t:|1770207102\n|switch|p2a: Skuntank|Skuntank, L85, F|314/314\n|move|p1a: Bronzong|Toxic|p2a: Skuntank\n|-immune|p2a: Skuntank\n|\n|upkeep\n|turn|2\n|\n|t:|1770207108\n|switch|p1a: Mienshao|Mienshao, L81, F|237/237\n|move|p2a: Skuntank|Crunch|p1a: Mienshao\n|-resisted|p1a: Mienshao\n|-damage|p1a: Mienshao|178/237\n|\n|upkeep\n|turn|3\n|\n|t:|1770207120\n|switch|p2a: Furfrou|Furfrou-Star, L85, M|266/266\n|move|p1a: Mienshao|High Jump Kick|p2a: Furfrou\n|-supereffective|p2a: Furfrou\n|-damage|p2a: Furfrou|62/266\n|\n|upkeep\n|turn|4\n|\n|t:|1770207138\n|move|p2a: Furfrou|Toxic|p1a: Mienshao\n|-status|p1a: Mienshao|tox\n|move|p1a: Mienshao|High Jump Kick|p2a: Furfrou\n|-supereffective|p2a: Furfrou\n|-damage|p2a: Furfrou|0 fnt\n|faint|p2a: Furfrou\n|\n|-damage|p1a: Mienshao|164/237 tox|[from] psn\n|upkeep\n|\n|t:|1770207155\n|switch|p2a: Breloom|Breloom, L82, F|233/233\n|turn|5\n|\n|t:|1770207163\n|move|p1a: Mienshao|U-turn|p2a: Breloom\n|-crit|p2a: Breloom\n|-damage|p2a: Breloom|139/233\n|\n|t:|1770207168\n|switch|p1a: Leafeon|Leafeon, L87, F|255/255|[from] U-turn\n|move|p2a: Breloom|Bullet Seed|p1a: Leafeon\n|-resisted|p1a: Leafeon\n|-damage|p1a: Leafeon|234/255\n|-resisted|p1a: Leafeon\n|-damage|p1a: Leafeon|212/255\n|-resisted|p1a: Leafeon\n|-damage|p1a: Leafeon|190/255\n|-resisted|p1a: Leafeon\n|-damage|p1a: Leafeon|168/255\n|-hitcount|p1a: Leafeon|4\n|-damage|p2a: Breloom|116/233|[from] item: Life Orb\n|\n|upkeep\n|turn|6\n|\n|t:|1770207177\n|switch|p2a: Skuntank|Skuntank, L85, F|314/314\n|move|p1a: Leafeon|Double-Edge|p2a: Skuntank\n|-damage|p2a: Skuntank|172/314\n|-damage|p1a: Leafeon|121/255|[from] Recoil\n|-damage|p1a: Leafeon|96/255|[from] item: Life Orb\n|\n|-heal|p2a: Skuntank|191/314|[from] item: Black Sludge\n|upkeep\n|turn|7\n|\n|t:|1770207186\n|switch|p1a: Mienshao|Mienshao, L81, F|237/237 tox\n|move|p2a: Skuntank|Poison Jab|p1a: Mienshao\n|-damage|p1a: Mienshao|114/237 tox\n|\n|-heal|p2a: Skuntank|210/314|[from] item: Black Sludge\n|-damage|p1a: Mienshao|100/237 tox|[from] psn\n|upkeep\n|turn|8\n|\n|t:|1770207204\n|move|p1a: Mienshao|High Jump Kick|p2a: Skuntank\n|-damage|p2a: Skuntank|32/314\n|move|p2a: Skuntank|Poison Jab|p1a: Mienshao\n|-damage|p1a: Mienshao|0 fnt\n|faint|p1a: Mienshao\n|\n|-heal|p2a: Skuntank|51/314|[from] item: Black Sludge\n|upkeep\n|\n|t:|1770207217\n|switch|p1a: Leafeon|Leafeon, L87, F|96/255\n|turn|9\n|\n|t:|1770207229\n|move|p1a: Leafeon|Double-Edge|p2a: Skuntank\n|-damage|p2a: Skuntank|0 fnt\n|-damage|p1a: Leafeon|33/255|[from] ability: Aftermath|[of] p2a: Skuntank\n|faint|p2a: Skuntank\n|-damage|p1a: Leafeon|16/255|[from] Recoil\n|-damage|p1a: Leafeon|0 fnt|[from] item: Life Orb\n|faint|p1a: Leafeon\n|\n|upkeep\n|inactive|GuyTG24 has 120 seconds left.\n|\n|t:|1770207279\n|switch|p1a: Bronzong|Bronzong, L85|253/253\n|switch|p2a: Breloom|Breloom, L82, F|116/233\n|turn|10\n|\n|t:|1770207284\n|move|p2a: Breloom|Spore|p1a: Bronzong\n|-status|p1a: Bronzong|slp|[from] move: Spore\n|cant|p1a: Bronzong|slp\n|\n|upkeep\n|turn|11\n|\n|t:|1770207300\n|switch|p2a: Meloetta|Meloetta, L82|298/298\n|-curestatus|p1a: Bronzong|slp|[msg]\n|move|p1a: Bronzong|Psychic|p2a: Meloetta\n|-resisted|p2a: Meloetta\n|-damage|p2a: Meloetta|268/298\n|\n|upkeep\n|turn|12\n|\n|t:|1770207309\n|switch|p1a: Reshiram|Reshiram, L73|266/266\n|-ability|p1a: Reshiram|Turboblaze\n|move|p2a: Meloetta|Relic Song|p1a: Reshiram\n|-damage|p1a: Reshiram|163/266\n|-formechange|p2a: Meloetta|Meloetta-Pirouette|[msg]\n|-damage|p2a: Meloetta|239/298|[from] item: Life Orb\n|\n|-heal|p1a: Reshiram|179/266|[from] item: Leftovers\n|upkeep\n|turn|13\n|\n|t:|1770207320\n|move|p2a: Meloetta|Close Combat|p1a: Reshiram\n|-crit|p1a: Reshiram\n|-damage|p1a: Reshiram|0 fnt\n|-unboost|p2a: Meloetta|def|1\n|-unboost|p2a: Meloetta|spd|1\n|faint|p1a: Reshiram\n|-damage|p2a: Meloetta|210/298|[from] item: Life Orb\n|\n|upkeep\n|\n|t:|1770207326\n|switch|p1a: Dustox|Dustox, L96, M|271/271\n|turn|14\n|\n|t:|1770207352\n|move|p2a: Meloetta|Return|p1a: Dustox\n|-crit|p1a: Dustox\n|-damage|p1a: Dustox|14/271\n|-damage|p2a: Meloetta|181/298|[from] item: Life Orb\n|move|p1a: Dustox|Quiver Dance|p1a: Dustox\n|-boost|p1a: Dustox|spa|1\n|-boost|p1a: Dustox|spd|1\n|-boost|p1a: Dustox|spe|1\n|\n|-heal|p1a: Dustox|30/271|[from] item: Black Sludge\n|upkeep\n|turn|15\n|inactive|Plop has 120 seconds left.\n|l|☆Plop\n|inactive|Plop disconnected and has a minute to reconnect!\n|player|p2|\n|inactive|Plop has 30 seconds to reconnect!\n|inactive|Plop has 20 seconds to reconnect!\n|j|☆Plop\n|inactive|Plop reconnected and has 60 seconds left.\n|player|p2|Plop|#rbtt9travelers|\n|\n|t:|1770207432\n|switch|p2a: Breloom|Breloom, L82, F|116/233\n|move|p1a: Dustox|Sludge Bomb|p2a: Breloom\n|-supereffective|p2a: Breloom\n|-damage|p2a: Breloom|0 fnt\n|faint|p2a: Breloom\n|\n|-heal|p1a: Dustox|46/271|[from] item: Black Sludge\n|upkeep\n|\n|t:|1770207434\n|switch|p2a: Carracosta|Carracosta, L87, F|271/271\n|turn|16\n|\n|t:|1770207449\n|move|p1a: Dustox|Sludge Bomb|p2a: Carracosta\n|-resisted|p2a: Carracosta\n|-damage|p2a: Carracosta|203/271\n|move|p2a: Carracosta|Waterfall|p1a: Dustox\n|-damage|p1a: Dustox|0 fnt\n|faint|p1a: Dustox\n|\n|upkeep\n|\n|t:|1770207460\n|switch|p1a: Reuniclus|Reuniclus, L85, F|326/326\n|turn|17\n|inactive|Plop has 60 seconds left.\n|\n|t:|1770207489\n|switch|p2a: Meloetta|Meloetta, L82|181/298\n|move|p1a: Reuniclus|Focus Blast|p2a: Meloetta\n|-damage|p2a: Meloetta|80/298\n|\n|upkeep\n|turn|18\n|\n|t:|1770207496\n|move|p2a: Meloetta|Knock Off|p1a: Reuniclus\n|-supereffective|p1a: Reuniclus\n|-damage|p1a: Reuniclus|178/326\n|-enditem|p1a: Reuniclus|Life Orb|[from] move: Knock Off|[of] p2a: Meloetta\n|-damage|p2a: Meloetta|51/298|[from] item: Life Orb\n|move|p1a: Reuniclus|Recover|p1a: Reuniclus\n|-heal|p1a: Reuniclus|326/326\n|\n|upkeep\n|turn|19\n|\n|t:|1770207500\n|move|p2a: Meloetta|Relic Song|p1a: Reuniclus\n|-damage|p1a: Reuniclus|205/326\n|-formechange|p2a: Meloetta|Meloetta-Pirouette|[msg]\n|-damage|p2a: Meloetta|22/298|[from] item: Life Orb\n|move|p1a: Reuniclus|Calm Mind|p1a: Reuniclus\n|-boost|p1a: Reuniclus|spa|1\n|-boost|p1a: Reuniclus|spd|1\n|\n|upkeep\n|turn|20\n|\n|t:|1770207522\n|move|p2a: Meloetta|Return|p1a: Reuniclus\n|-damage|p1a: Reuniclus|24/326\n|-damage|p2a: Meloetta|0 fnt|[from] item: Life Orb\n|faint|p2a: Meloetta\n|move|p1a: Reuniclus|Recover|p1a: Reuniclus\n|-heal|p1a: Reuniclus|187/326\n|\n|upkeep\n|inactive|Plop has 60 seconds left.\n|\n|t:|1770207537\n|switch|p2a: Carracosta|Carracosta, L87, F|203/271\n|turn|21\n|\n|t:|1770207540\n|move|p2a: Carracosta|Waterfall|p1a: Reuniclus\n|-damage|p1a: Reuniclus|70/326\n|move|p1a: Reuniclus|Focus Blast|p2a: Carracosta\n|-supereffective|p2a: Carracosta\n|-damage|p2a: Carracosta|0 fnt\n|faint|p2a: Carracosta\n|\n|upkeep\n|\n|t:|1770207544\n|switch|p2a: Manectric|Manectric, L78, F|237/237\n|turn|22\n|\n|t:|1770207553\n|detailschange|p2a: Manectric|Manectric-Mega, L78, F\n|-mega|p2a: Manectric|Manectric|Manectite\n|-ability|p2a: Manectric|Intimidate|boost\n|-unboost|p1a: Reuniclus|atk|1\n|move|p2a: Manectric|Thunderbolt|p1a: Reuniclus\n|-damage|p1a: Reuniclus|0 fnt\n|faint|p1a: Reuniclus\n|\n|upkeep\n|\n|t:|1770207558\n|switch|p1a: Bronzong|Bronzong, L85|253/253\n|turn|23\n|inactive|Plop has 90 seconds left.\n|\n|t:|1770207580\n|move|p2a: Manectric|Thunderbolt|p1a: Bronzong\n|-damage|p1a: Bronzong|168/253\n|move|p1a: Bronzong|Earthquake|p2a: Manectric\n|-supereffective|p2a: Manectric\n|-damage|p2a: Manectric|85/237\n|\n|-heal|p1a: Bronzong|183/253|[from] item: Leftovers\n|upkeep\n|turn|24\n|\n|t:|1770207590\n|move|p2a: Manectric|Overheat|p1a: Bronzong|[miss]\n|-miss|p2a: Manectric|p1a: Bronzong\n|move|p1a: Bronzong|Earthquake|p2a: Manectric\n|-supereffective|p2a: Manectric\n|-damage|p2a: Manectric|0 fnt\n|faint|p2a: Manectric\n|detailschange|p2: Manectric|Manectric, L78, F|[silent]\n|\n|win|GuyTG24\n|raw|GuyTG24's rating: 1611 &rarr; <strong>1642</strong><br />(+31 for winning)\n|raw|Plop's rating: 1817 &rarr; <strong>1786</strong><br />(-31 for losing)\n|l|☆Plop\n|player|p2|\n|c|☆GuyTG24|gg\n", "inputlog": ">version ccdc32dd7cde25fd9e4bed64820e885f66e78a4e\n>start {\"formatid\":\"gen6randombattle\",\"seed\":\"sodium,9a7a5e520f47a0440ad4ebc8d3fdb48b\",\"rated\":\"Rated battle\"}\n>player p1 {\"name\":\"GuyTG24\",\"avatar\":\"2\",\"rating\":1611,\"seed\":\"sodium,2f293cba2d360a8f4367ec3d31fa71ec\"}\n>player p2 {\"name\":\"Plop\",\"avatar\":\"#rbtt9travelers\",\"rating\":1817,\"seed\":\"sodium,77abcd8dd8ac8f9b565703f5915f984d\"}\n>p1 move toxic\n>p2 switch 6\n>p1 switch 6\n>p2 move crunch\n>p1 move highjumpkick\n>p2 switch 3\n>p1 move highjumpkick\n>p2 move toxic\n>p2 switch 4\n>p1 move uturn\n>p2 move bulletseed\n>p1 switch 4\n>p1 move doubleedge\n>p2 switch 3\n>p1 switch 4\n>p2 move poisonjab\n>p1 move highjumpkick\n>p2 move poisonjab\n>p1 switch 4\n>p1 move doubleedge\n>p2 move poisonjab\n>p1 switch 6\n>p2 switch 3\n>p1 move psychic\n>p2 move spore\n>p1 move psychic\n>p2 switch 5\n>p1 switch 2\n>p2 move relicsong\n>p1 move blueflare\n>p2 move closecombat\n>p1 switch 3\n>p1 move quiverdance\n>p2 move return\n>p1 move sludgebomb\n>p2 switch 5\n>p2 switch 6\n>p1 move sludgebomb\n>p2 move waterfall\n>p1 switch 5\n>p1 move focusblast\n>p2 switch 5\n>p1 move recover\n>p2 move knockoff\n>p1 move calmmind\n>p2 move relicsong\n>p1 move recover\n>p2 move return\n>p2 switch 5\n>p1 move focusblast\n>p2 move waterfall\n>p2 switch 2\n>p1 move recover\n>p2 move thunderbolt mega\n>p1 switch 2\n>p1 move earthquake\n>p2 move thunderbolt\n>p1 move earthquake\n>p2 move overheat", "uploadtime": 1770207599, "views": 232, "formatid": "gen6randombattle", "rating": 1642, "private": 0, "password": null}