{"id": "gen6randombattle-2523114202", "format": "[Gen 6] Random Battle", "players": ["Cpt. Douglas", "Rakunda"], "log": "|j|☆Cpt. Douglas\n|j|☆Rakunda\n|t:|1768989796\n|gametype|singles\n|player|p1|Cpt. Douglas|liza|1550\n|player|p2|Rakunda|steven|1670\n|gen|6\n|tier|[Gen 6] Random Battle\n|rated|\n|rule|Sleep Clause Mod: Limit one foe put to sleep\n|rule|HP Percentage Mod: HP is shown in percentages\n|rule|Illusion Level Mod: Illusion disguises the Pokémon's true level\n|\n|t:|1768989796\n|teamsize|p1|6\n|teamsize|p2|6\n|start\n|switch|p1a: Venomoth|Venomoth, L84, F|255/255\n|switch|p2a: Solrock|Solrock, L90|272/272\n|turn|1\n|inactive|Battle timer is ON: inactive players will automatically lose when time's up. (requested by Rakunda)\n|\n|t:|1768989828\n|move|p1a: Venomoth|Sleep Powder|p2a: Solrock\n|-status|p2a: Solrock|slp|[from] move: Sleep Powder\n|cant|p2a: Solrock|slp\n|\n|upkeep\n|turn|2\n|\n|t:|1768989836\n|switch|p2a: Smeargle|Smeargle, L89, M|243/243\n|move|p1a: Venomoth|Quiver Dance|p1a: Venomoth\n|-boost|p1a: Venomoth|spa|1\n|-boost|p1a: Venomoth|spd|1\n|-boost|p1a: Venomoth|spe|1\n|\n|upkeep\n|turn|3\n|\n|t:|1768989845\n|move|p1a: Venomoth|Sludge Bomb|p2a: Smeargle\n|-damage|p2a: Smeargle|42/243\n|-status|p2a: Smeargle|psn\n|move|p2a: Smeargle|Spore|p1a: Venomoth\n|-status|p1a: Venomoth|slp|[from] move: Spore\n|\n|-damage|p2a: Smeargle|12/243 psn|[from] psn\n|upkeep\n|turn|4\n|\n|t:|1768989868\n|switch|p1a: Cinccino|Cinccino, L82, F|257/257\n|move|p2a: Smeargle|Sticky Web|p1a: Cinccino\n|-sidestart|p1: Cpt. Douglas|move: Sticky Web\n|\n|-damage|p2a: Smeargle|0 fnt|[from] psn\n|faint|p2a: Smeargle\n|upkeep\n|inactive|Rakunda has 120 seconds left.\n|\n|t:|1768989919\n|switch|p2a: Solrock|Solrock, L90|272/272 slp\n|turn|5\n|\n|t:|1768989927\n|switch|p2a: Dustox|Dustox, L96, M|271/271\n|move|p1a: Cinccino|Bullet Seed|p2a: Dustox\n|-resisted|p2a: Dustox\n|-damage|p2a: Dustox|265/271\n|-resisted|p2a: Dustox\n|-damage|p2a: Dustox|259/271\n|-resisted|p2a: Dustox\n|-damage|p2a: Dustox|253/271\n|-resisted|p2a: Dustox\n|-damage|p2a: Dustox|247/271\n|-resisted|p2a: Dustox\n|-damage|p2a: Dustox|240/271\n|-hitcount|p2a: Dustox|5\n|\n|-heal|p2a: Dustox|256/271|[from] item: Black Sludge\n|upkeep\n|turn|6\n|inactive|Rakunda has 90 seconds left.\n|\n|t:|1768989953\n|switch|p1a: Venomoth|Venomoth, L84, F|255/255 slp\n|-activate|p1a: Venomoth|move: Sticky Web\n|-unboost|p1a: Venomoth|spe|1\n|move|p2a: Dustox|Quiver Dance|p2a: Dustox\n|-boost|p2a: Dustox|spa|1\n|-boost|p2a: Dustox|spd|1\n|-boost|p2a: Dustox|spe|1\n|\n|-heal|p2a: Dustox|271/271|[from] item: Black Sludge\n|upkeep\n|turn|7\n|inactive|Rakunda has 90 seconds left.\n|\n|t:|1768989970\n|switch|p2a: Pikachu|Pikachu, L91, M|212/212\n|switch|p1a: Rayquaza|Rayquaza, L65|245/245\n|-ability|p1a: Rayquaza|Air Lock\n|\n|upkeep\n|turn|8\n|inactive|Rakunda has 90 seconds left.\n|\n|t:|1768989983\n|switch|p1a: Zekrom|Zekrom, L74|270/270\n|-activate|p1a: Zekrom|move: Sticky Web\n|-unboost|p1a: Zekrom|spe|1\n|-ability|p1a: Zekrom|Teravolt\n|move|p2a: Pikachu|Hidden Power|p1a: Zekrom\n|-supereffective|p1a: Zekrom\n|-damage|p1a: Zekrom|142/270\n|\n|upkeep\n|turn|9\n|inactive|Rakunda has 90 seconds left.\n|\n|t:|1768990002\n|switch|p2a: Dustox|Dustox, L96, M|271/271\n|move|p1a: Zekrom|Outrage|p2a: Dustox\n|-damage|p2a: Dustox|117/271\n|\n|-heal|p2a: Dustox|133/271|[from] item: Black Sludge\n|upkeep\n|turn|10\n|\n|t:|1768990010\n|move|p2a: Dustox|Roost|p2a: Dustox\n|-heal|p2a: Dustox|269/271\n|-singleturn|p2a: Dustox|move: Roost\n|move|p1a: Zekrom|Outrage|p2a: Dustox|[from] lockedmove\n|-damage|p2a: Dustox|131/271\n|\n|-heal|p2a: Dustox|147/271|[from] item: Black Sludge\n|upkeep\n|turn|11\n|inactive|Rakunda has 90 seconds left.\n|\n|t:|1768990017\n|move|p2a: Dustox|Roost|p2a: Dustox\n|-heal|p2a: Dustox|271/271\n|-singleturn|p2a: Dustox|move: Roost\n|move|p1a: Zekrom|Outrage|p2a: Dustox|[from] lockedmove\n|-damage|p2a: Dustox|133/271\n|-start|p1a: Zekrom|confusion|[fatigue]\n|-enditem|p1a: Zekrom|Lum Berry|[eat]\n|-end|p1a: Zekrom|confusion\n|\n|-heal|p2a: Dustox|149/271|[from] item: Black Sludge\n|upkeep\n|turn|12\n|inactive|Rakunda has 90 seconds left.\n|\n|t:|1768990027\n|move|p2a: Dustox|Sludge Bomb|p1a: Zekrom\n|-damage|p1a: Zekrom|69/270\n|move|p1a: Zekrom|Hone Claws|p1a: Zekrom\n|-boost|p1a: Zekrom|atk|1\n|-boost|p1a: Zekrom|accuracy|1\n|\n|-heal|p2a: Dustox|165/271|[from] item: Black Sludge\n|upkeep\n|turn|13\n|\n|t:|1768990036\n|move|p2a: Dustox|Sludge Bomb|p1a: Zekrom\n|-damage|p1a: Zekrom|0 fnt\n|faint|p1a: Zekrom\n|\n|-heal|p2a: Dustox|181/271|[from] item: Black Sludge\n|upkeep\n|\n|t:|1768990038\n|switch|p1a: Rayquaza|Rayquaza, L65|245/245\n|-ability|p1a: Rayquaza|Air Lock\n|turn|14\n|inactive|Rakunda has 90 seconds left.\n|\n|t:|1768990066\n|detailschange|p1a: Rayquaza|Rayquaza-Mega, L65\n|-mega|p1a: Rayquaza|Rayquaza|\n|-weather|DeltaStream|[from] ability: Delta Stream|[of] p1a: Rayquaza\n|move|p2a: Dustox|Quiver Dance|p2a: Dustox\n|-boost|p2a: Dustox|spa|1\n|-boost|p2a: Dustox|spd|1\n|-boost|p2a: Dustox|spe|1\n|move|p1a: Rayquaza|V-create|p2a: Dustox\n|-supereffective|p2a: Dustox\n|-damage|p2a: Dustox|0 fnt\n|-unboost|p1a: Rayquaza|spe|1\n|-unboost|p1a: Rayquaza|def|1\n|-unboost|p1a: Rayquaza|spd|1\n|faint|p2a: Dustox\n|\n|-weather|DeltaStream|[upkeep]\n|upkeep\n|\n|t:|1768990079\n|switch|p2a: Pikachu|Pikachu, L91, M|212/212\n|turn|15\n|\n|t:|1768990086\n|move|p2a: Pikachu|Volt Switch|p1a: Rayquaza\n|-fieldactivate|Delta Stream\n|-resisted|p1a: Rayquaza\n|-damage|p1a: Rayquaza|145/245\n|\n|t:|1768990091\n|switch|p2a: Solrock|Solrock, L90|272/272 slp|[from] Volt Switch\n|move|p1a: Rayquaza|V-create|p2a: Solrock\n|-resisted|p2a: Solrock\n|-damage|p2a: Solrock|186/272 slp\n|-unboost|p1a: Rayquaza|spe|1\n|-unboost|p1a: Rayquaza|def|1\n|-unboost|p1a: Rayquaza|spd|1\n|\n|-weather|DeltaStream|[upkeep]\n|-heal|p2a: Solrock|203/272 slp|[from] item: Leftovers\n|upkeep\n|turn|16\n|inactive|Rakunda has 90 seconds left.\n|\n|t:|1768990100\n|-weather|none\n|switch|p1a: Cinccino|Cinccino, L82, F|257/257\n|-activate|p1a: Cinccino|move: Sticky Web\n|-unboost|p1a: Cinccino|spe|1\n|cant|p2a: Solrock|slp\n|\n|-heal|p2a: Solrock|220/272 slp|[from] item: Leftovers\n|upkeep\n|turn|17\n|\n|t:|1768990109\n|-curestatus|p2a: Solrock|slp|[msg]\n|move|p2a: Solrock|Will-O-Wisp|p1a: Cinccino\n|-status|p1a: Cinccino|brn\n|move|p1a: Cinccino|Knock Off|p2a: Solrock\n|-supereffective|p2a: Solrock\n|-damage|p2a: Solrock|125/272\n|-enditem|p2a: Solrock|Leftovers|[from] move: Knock Off|[of] p1a: Cinccino\n|\n|-damage|p1a: Cinccino|225/257 brn|[from] brn\n|upkeep\n|turn|18\n|\n|t:|1768990126\n|switch|p1a: Venomoth|Venomoth, L84, F|255/255 slp\n|-activate|p1a: Venomoth|move: Sticky Web\n|-unboost|p1a: Venomoth|spe|1\n|move|p2a: Solrock|Morning Sun|p2a: Solrock\n|-heal|p2a: Solrock|261/272\n|\n|upkeep\n|turn|19\n|\n|t:|1768990134\n|move|p2a: Solrock|Stone Edge|p1a: Venomoth\n|-supereffective|p1a: Venomoth\n|-damage|p1a: Venomoth|0 fnt\n|faint|p1a: Venomoth\n|\n|upkeep\n|\n|t:|1768990137\n|switch|p1a: Feraligatr|Feraligatr, L79, F|264/264\n|-activate|p1a: Feraligatr|move: Sticky Web\n|-unboost|p1a: Feraligatr|spe|1\n|turn|20\n|\n|t:|1768990143\n|move|p2a: Solrock|Will-O-Wisp|p1a: Feraligatr\n|-status|p1a: Feraligatr|brn\n|move|p1a: Feraligatr|Dragon Dance|p1a: Feraligatr\n|-boost|p1a: Feraligatr|atk|1\n|-boost|p1a: Feraligatr|spe|1\n|\n|-damage|p1a: Feraligatr|231/264 brn|[from] brn\n|upkeep\n|turn|21\n|\n|t:|1768990152\n|switch|p2a: Ampharos|Ampharos, L82, F|282/282\n|move|p1a: Feraligatr|Dragon Dance|p1a: Feraligatr\n|-boost|p1a: Feraligatr|atk|1\n|-boost|p1a: Feraligatr|spe|1\n|\n|-damage|p1a: Feraligatr|198/264 brn|[from] brn\n|upkeep\n|turn|22\n|inactive|Rakunda has 120 seconds left.\n|\n|t:|1768990161\n|detailschange|p2a: Ampharos|Ampharos-Mega, L82, F\n|-mega|p2a: Ampharos|Ampharos|Ampharosite\n|-ability|p2a: Ampharos|Mold Breaker\n|move|p1a: Feraligatr|Earthquake|p2a: Ampharos\n|-supereffective|p2a: Ampharos\n|-damage|p2a: Ampharos|127/282\n|-damage|p1a: Feraligatr|172/264 brn|[from] item: Life Orb\n|move|p2a: Ampharos|Discharge|p1a: Feraligatr\n|-supereffective|p1a: Feraligatr\n|-damage|p1a: Feraligatr|0 fnt\n|faint|p1a: Feraligatr\n|\n|upkeep\n|\n|t:|1768990171\n|switch|p1a: Cinccino|Cinccino, L82, F|225/257 brn\n|-activate|p1a: Cinccino|move: Sticky Web\n|-unboost|p1a: Cinccino|spe|1\n|turn|23\n|\n|t:|1768990180\n|move|p1a: Cinccino|Tail Slap|p2a: Ampharos\n|-damage|p2a: Ampharos|112/282\n|-damage|p2a: Ampharos|95/282\n|-damage|p2a: Ampharos|78/282\n|-damage|p2a: Ampharos|60/282\n|-damage|p2a: Ampharos|42/282\n|-hitcount|p2a: Ampharos|5\n|move|p2a: Ampharos|Discharge|p1a: Cinccino\n|-damage|p1a: Cinccino|57/257 brn\n|\n|-damage|p1a: Cinccino|25/257 brn|[from] brn\n|upkeep\n|turn|24\n|\n|t:|1768990191\n|move|p1a: Cinccino|Tail Slap|p2a: Ampharos\n|-damage|p2a: Ampharos|25/282\n|-damage|p2a: Ampharos|8/282\n|-damage|p2a: Ampharos|0 fnt\n|faint|p2a: Ampharos\n|detailschange|p2: Ampharos|Ampharos, L82, F|[silent]\n|-hitcount|p2: Ampharos|3\n|\n|-damage|p1a: Cinccino|0 fnt|[from] brn\n|faint|p1a: Cinccino\n|upkeep\n|\n|t:|1768990203\n|switch|p1a: Rayquaza|Rayquaza-Mega, L65|145/245\n|switch|p2a: Solrock|Solrock, L90|261/272\n|-weather|DeltaStream|[from] ability: Delta Stream|[of] p1a: Rayquaza\n|turn|25\n|\n|t:|1768990212\n|move|p1a: Rayquaza|Dragon Ascent|p2a: Solrock\n|-resisted|p2a: Solrock\n|-damage|p2a: Solrock|164/272\n|-unboost|p1a: Rayquaza|def|1\n|-unboost|p1a: Rayquaza|spd|1\n|move|p2a: Solrock|Will-O-Wisp|p1a: Rayquaza\n|-status|p1a: Rayquaza|brn\n|\n|-weather|DeltaStream|[upkeep]\n|-damage|p1a: Rayquaza|115/245 brn|[from] brn\n|upkeep\n|turn|26\n|-message|Cpt. Douglas forfeited.\n|\n|win|Rakunda\n|raw|Cpt. Douglas's rating: 1550 &rarr; <strong>1537</strong><br />(-13 for losing)\n|raw|Rakunda's rating: 1670 &rarr; <strong>1683</strong><br />(+13 for winning)\n|l|☆Cpt. Douglas\n|player|p1|\n", "inputlog": ">version 3bd1a1e329da8d286644078cfc9a9638fc7ea025\n>start {\"formatid\":\"gen6randombattle\",\"seed\":\"sodium,a0766cb747d371f674267edc4c6817df\",\"rated\":\"Rated battle\"}\n>player p1 {\"name\":\"Cpt. Douglas\",\"avatar\":\"liza\",\"rating\":1550,\"seed\":\"sodium,339e7f0fbaf8b85b1353dcbd1633e125\"}\n>player p2 {\"name\":\"Rakunda\",\"avatar\":\"steven\",\"rating\":1670,\"seed\":\"sodium,cb388b737feadc60407a658047c48990\"}\n>p1 move sleeppowder\n>p2 move stoneedge\n>p1 move quiverdance\n>p2 switch 6\n>p1 move sludgebomb\n>p2 move spore\n>p1 switch 6\n>p2 move stickyweb\n>p2 switch 6\n>p1 move bulletseed\n>p2 switch 4\n>p1 switch 6\n>p2 move quiverdance\n>p1 switch 4\n>p2 switch 5\n>p1 switch 5\n>p2 move hiddenpower\n>p1 move outrage\n>p2 switch 5\n>p1 move outrage\n>p2 move roost\n>p1 move outrage\n>p2 move roost\n>p1 move honeclaws\n>p2 move sludgebomb\n>p1 move boltstrike\n>p2 move sludgebomb\n>p1 switch 5\n>p1 move vcreate mega\n>p2 move quiverdance\n>p2 switch 5\n>p1 move vcreate\n>p2 move voltswitch\n>p2 switch 4\n>p1 switch 6\n>p2 move stealthrock\n>p1 move knockoff\n>p2 move willowisp\n>p1 switch 4\n>p2 move morningsun\n>p1 move bugbuzz\n>p2 move stoneedge\n>p1 switch 2\n>p1 move dragondance\n>p2 move willowisp\n>p1 move dragondance\n>p2 switch 2\n>p1 move earthquake\n>p2 move discharge mega\n>p1 switch 4\n>p1 move tailslap\n>p2 move discharge\n>p1 move tailslap\n>p2 move rest\n>p1 switch 6\n>p2 switch 2\n>p1 move dragonascent\n>p2 move willowisp\n>forcelose p1", "uploadtime": 1768990225, "views": 316, "formatid": "gen6randombattle", "rating": 1537, "private": 0, "password": null}