{"id": "gen6randombattle-2535344895", "format": "[Gen 6] Random Battle", "players": ["waterrowing", "attrrox"], "log": "|j|☆waterrowing\n|j|☆attrrox\n|t:|1770555631\n|gametype|singles\n|player|p1|waterrowing|266|1534\n|player|p2|attrrox|266|1648\n|gen|6\n|tier|[Gen 6] Random Battle\n|rated|\n|rule|Sleep Clause Mod: Limit one foe put to sleep\n|rule|HP Percentage Mod: HP is shown in percentages\n|rule|Illusion Level Mod: Illusion disguises the Pokémon's true level\n|\n|t:|1770555631\n|teamsize|p1|6\n|teamsize|p2|6\n|start\n|switch|p1a: Maractus|Maractus, L98, M|305/305\n|switch|p2a: Vanilluxe|Vanilluxe, L88, F|268/268\n|turn|1\n|inactive|Battle timer is ON: inactive players will automatically lose when time's up. (requested by attrrox)\n|\n|t:|1770555657\n|switch|p1a: Darmanitan|Darmanitan, L80, F|299/299\n|move|p2a: Vanilluxe|Toxic|p1a: Darmanitan\n|-status|p1a: Darmanitan|tox\n|\n|-damage|p1a: Darmanitan|281/299 tox|[from] psn\n|upkeep\n|turn|2\n|\n|t:|1770555669\n|switch|p2a: Hitmontop|Hitmontop, L89, M|234/234\n|-ability|p2a: Hitmontop|Intimidate|boost\n|-unboost|p1a: Darmanitan|atk|1\n|move|p1a: Darmanitan|U-turn|p2a: Hitmontop\n|-resisted|p2a: Hitmontop\n|-damage|p2a: Hitmontop|212/234\n|-damage|p1a: Darmanitan|252/299 tox|[from] item: Life Orb\n|\n|t:|1770555692\n|switch|p1a: Maractus|Maractus, L98, M|305/305|[from] U-turn\n|\n|upkeep\n|turn|3\n|\n|t:|1770555703\n|switch|p2a: Beedrill|Beedrill, L77, M|227/227\n|move|p1a: Maractus|Leech Seed|p2a: Beedrill\n|-start|p2a: Beedrill|move: Leech Seed\n|\n|-damage|p2a: Beedrill|199/227|[from] Leech Seed|[of] p1a: Maractus\n|upkeep\n|turn|4\n|\n|t:|1770555716\n|detailschange|p2a: Beedrill|Beedrill-Mega, L77, M\n|-mega|p2a: Beedrill|Beedrill|Beedrillite\n|move|p1a: Maractus|Spiky Shield|p1a: Maractus\n|-singleturn|p1a: Maractus|move: Protect\n|move|p2a: Beedrill|U-turn|p1a: Maractus\n|-activate|p1a: Maractus|move: Protect\n|-damage|p2a: Beedrill|171/227|[from] Spiky Shield|[of] p1a: Maractus\n|\n|-damage|p2a: Beedrill|143/227|[from] Leech Seed|[of] p1a: Maractus\n|upkeep\n|turn|5\n|\n|t:|1770555727\n|switch|p1a: Terrakion|Terrakion, L77|267/267\n|move|p2a: Beedrill|U-turn|p1a: Terrakion\n|-resisted|p1a: Terrakion\n|-damage|p1a: Terrakion|207/267\n|\n|t:|1770555743\n|switch|p2a: Hitmontop|Hitmontop, L89, M|212/234|[from] U-turn\n|-ability|p2a: Hitmontop|Intimidate|boost\n|-unboost|p1a: Terrakion|atk|1\n|\n|upkeep\n|turn|6\n|\n|t:|1770555751\n|switch|p1a: Darmanitan|Darmanitan, L80, F|252/299 tox\n|move|p2a: Hitmontop|Close Combat|p1a: Darmanitan\n|-crit|p1a: Darmanitan\n|-damage|p1a: Darmanitan|0 fnt\n|-unboost|p2a: Hitmontop|def|1\n|-unboost|p2a: Hitmontop|spd|1\n|faint|p1a: Darmanitan\n|\n|upkeep\n|\n|t:|1770555756\n|switch|p1a: Skarmory|Skarmory, L74, F|218/218\n|turn|7\n|\n|t:|1770555765\n|move|p2a: Hitmontop|Close Combat|p1a: Skarmory\n|-damage|p1a: Skarmory|109/218\n|-unboost|p2a: Hitmontop|def|1\n|-unboost|p2a: Hitmontop|spd|1\n|move|p1a: Skarmory|Stealth Rock|p2a: Hitmontop\n|-sidestart|p2: attrrox|move: Stealth Rock\n|\n|-heal|p1a: Skarmory|122/218|[from] item: Leftovers\n|upkeep\n|turn|8\n|\n|t:|1770555773\n|move|p2a: Hitmontop|Close Combat|p1a: Skarmory\n|-damage|p1a: Skarmory|8/218\n|-unboost|p2a: Hitmontop|def|1\n|-unboost|p2a: Hitmontop|spd|1\n|move|p1a: Skarmory|Brave Bird|p2a: Hitmontop\n|-supereffective|p2a: Hitmontop\n|-damage|p2a: Hitmontop|0 fnt\n|faint|p2a: Hitmontop\n|-damage|p1a: Skarmory|0 fnt|[from] Recoil\n|faint|p1a: Skarmory\n|\n|upkeep\n|\n|t:|1770555785\n|switch|p2a: Beedrill|Beedrill-Mega, L77, M|143/227\n|switch|p1a: Terrakion|Terrakion, L77|207/267\n|-damage|p2a: Beedrill|87/227|[from] Stealth Rock\n|turn|9\n|\n|t:|1770555795\n|move|p2a: Beedrill|U-turn|p1a: Terrakion\n|-resisted|p1a: Terrakion\n|-crit|p1a: Terrakion\n|-damage|p1a: Terrakion|118/267\n|\n|t:|1770555798\n|switch|p2a: Kingler|Kingler, L89, M|243/243|[from] U-turn\n|-damage|p2a: Kingler|213/243|[from] Stealth Rock\n|move|p1a: Terrakion|Close Combat|p2a: Kingler\n|-damage|p2a: Kingler|79/243\n|-unboost|p1a: Terrakion|def|1\n|-unboost|p1a: Terrakion|spd|1\n|-damage|p1a: Terrakion|92/267|[from] item: Life Orb\n|\n|upkeep\n|turn|10\n|\n|t:|1770555809\n|move|p1a: Terrakion|Close Combat|p2a: Kingler\n|-damage|p2a: Kingler|0 fnt\n|-unboost|p1a: Terrakion|def|1\n|-unboost|p1a: Terrakion|spd|1\n|faint|p2a: Kingler\n|-damage|p1a: Terrakion|66/267|[from] item: Life Orb\n|\n|upkeep\n|\n|t:|1770555816\n|switch|p2a: Beedrill|Beedrill-Mega, L77, M|87/227\n|-damage|p2a: Beedrill|31/227|[from] Stealth Rock\n|turn|11\n|\n|t:|1770555824\n|switch|p1a: Hitmonlee|Hitmonlee, L86, M|225/225\n|move|p2a: Beedrill|Poison Jab|p1a: Hitmonlee\n|-damage|p1a: Hitmonlee|21/225\n|\n|upkeep\n|turn|12\n|\n|t:|1770555849\n|move|p2a: Beedrill|Poison Jab|p1a: Hitmonlee\n|-damage|p1a: Hitmonlee|0 fnt\n|faint|p1a: Hitmonlee\n|\n|upkeep\n|\n|t:|1770555852\n|switch|p1a: Sharpedo|Sharpedo, L80, M|243/243\n|turn|13\n|\n|t:|1770555857\n|move|p1a: Sharpedo|Protect|p1a: Sharpedo\n|-singleturn|p1a: Sharpedo|Protect\n|move|p2a: Beedrill|U-turn|p1a: Sharpedo\n|-activate|p1a: Sharpedo|move: Protect\n|\n|-ability|p1a: Sharpedo|Speed Boost|boost\n|-boost|p1a: Sharpedo|spe|1\n|upkeep\n|turn|14\n|\n|t:|1770555869\n|move|p1a: Sharpedo|Crunch|p2a: Beedrill\n|-damage|p2a: Beedrill|0 fnt\n|faint|p2a: Beedrill\n|detailschange|p2: Beedrill|Beedrill, L77, M|[silent]\n|\n|-ability|p1a: Sharpedo|Speed Boost|boost\n|-boost|p1a: Sharpedo|spe|1\n|upkeep\n|\n|t:|1770555880\n|switch|p2a: Meganium|Meganium, L92, M|297/297\n|-damage|p2a: Meganium|260/297|[from] Stealth Rock\n|turn|15\n|\n|t:|1770555886\n|detailschange|p1a: Sharpedo|Sharpedo-Mega, L80, M\n|-mega|p1a: Sharpedo|Sharpedo|Sharpedonite\n|move|p1a: Sharpedo|Ice Fang|p2a: Meganium\n|-supereffective|p2a: Meganium\n|-damage|p2a: Meganium|116/297\n|cant|p2a: Meganium|flinch\n|\n|-heal|p2a: Meganium|134/297|[from] item: Leftovers\n|upkeep\n|turn|16\n|\n|t:|1770555895\n|move|p1a: Sharpedo|Ice Fang|p2a: Meganium\n|-supereffective|p2a: Meganium\n|-damage|p2a: Meganium|0 fnt\n|faint|p2a: Meganium\n|\n|upkeep\n|\n|t:|1770555901\n|switch|p2a: Carracosta|Carracosta, L87, F|271/271\n|-damage|p2a: Carracosta|238/271|[from] Stealth Rock\n|turn|17\n|\n|t:|1770555908\n|move|p1a: Sharpedo|Crunch|p2a: Carracosta\n|-damage|p2a: Carracosta|127/271\n|move|p2a: Carracosta|Stone Edge|p1a: Sharpedo\n|-damage|p1a: Sharpedo|84/243\n|\n|upkeep\n|turn|18\n|\n|t:|1770555919\n|move|p1a: Sharpedo|Crunch|p2a: Carracosta\n|-damage|p2a: Carracosta|24/271\n|move|p2a: Carracosta|Stone Edge|p1a: Sharpedo|[miss]\n|-miss|p2a: Carracosta|p1a: Sharpedo\n|\n|upkeep\n|turn|19\n|\n|t:|1770555925\n|move|p2a: Carracosta|Aqua Jet|p1a: Sharpedo\n|-resisted|p1a: Sharpedo\n|-damage|p1a: Sharpedo|51/243\n|move|p1a: Sharpedo|Crunch|p2a: Carracosta\n|-damage|p2a: Carracosta|0 fnt\n|faint|p2a: Carracosta\n|\n|upkeep\n|\n|t:|1770555931\n|switch|p2a: Vanilluxe|Vanilluxe, L88, F|268/268\n|-damage|p2a: Vanilluxe|201/268|[from] Stealth Rock\n|turn|20\n|\n|t:|1770555936\n|move|p1a: Sharpedo|Crunch|p2a: Vanilluxe\n|-damage|p2a: Vanilluxe|45/268\n|-ability|p2a: Vanilluxe|Weak Armor|boost\n|-unboost|p2a: Vanilluxe|def|1\n|-boost|p2a: Vanilluxe|spe|1\n|move|p2a: Vanilluxe|Freeze-Dry|p1a: Sharpedo\n|-supereffective|p1a: Sharpedo\n|-damage|p1a: Sharpedo|0 fnt\n|faint|p1a: Sharpedo\n|detailschange|p1: Sharpedo|Sharpedo, L80, M|[silent]\n|-damage|p2a: Vanilluxe|19/268|[from] item: Life Orb\n|\n|upkeep\n|\n|t:|1770555951\n|switch|p1a: Terrakion|Terrakion, L77|66/267\n|turn|21\n|\n|t:|1770555956\n|move|p2a: Vanilluxe|Hidden Power|p1a: Terrakion\n|-supereffective|p1a: Terrakion\n|-damage|p1a: Terrakion|0 fnt\n|faint|p1a: Terrakion\n|-damage|p2a: Vanilluxe|0 fnt|[from] item: Life Orb\n|faint|p2a: Vanilluxe\n|\n|win|waterrowing\n|raw|waterrowing's rating: 1534 &rarr; <strong>1560</strong><br />(+26 for winning)\n|raw|attrrox's rating: 1648 &rarr; <strong>1622</strong><br />(-26 for losing)\n", "inputlog": ">version ccdc32dd7cde25fd9e4bed64820e885f66e78a4e\n>start {\"formatid\":\"gen6randombattle\",\"seed\":\"sodium,dda1b6eb4df0d0dbb004b1f1eb104d01\",\"rated\":\"Rated battle\"}\n>player p1 {\"name\":\"waterrowing\",\"avatar\":\"266\",\"rating\":1534,\"seed\":\"sodium,7c4a7a01e4d90c42c5e6c252a352eabf\"}\n>player p2 {\"name\":\"attrrox\",\"avatar\":\"266\",\"rating\":1648,\"seed\":\"sodium,971aef91827bb2d19e5993192d56a684\"}\n>p1 switch 4\n>p2 move toxic\n>p1 move uturn\n>p2 switch 3\n>p1 switch 4\n>p1 move leechseed\n>p2 switch 4\n>p1 move spikyshield\n>p2 move uturn mega\n>p1 switch 5\n>p2 move uturn\n>p2 switch 4\n>p1 switch 4\n>p2 move closecombat\n>p1 switch 3\n>p1 move stealthrock\n>p2 move closecombat\n>p1 move bravebird\n>p2 move closecombat\n>p1 switch 4\n>p2 switch 4\n>p1 move closecombat\n>p2 move uturn\n>p2 switch 5\n>p1 move closecombat\n>p2 move agility\n>p2 switch 5\n>p1 switch 6\n>p2 move poisonjab\n>p1 move rapidspin\n>p2 move poisonjab\n>p1 switch 2\n>p1 move protect\n>p2 move uturn\n>p1 move crunch\n>p2 move uturn\n>p2 switch 6\n>p1 move icefang mega\n>p2 move toxic\n>p1 move icefang\n>p2 move energyball\n>p2 switch 2\n>p1 move crunch\n>p2 move stoneedge\n>p1 move crunch\n>p2 move stoneedge\n>p1 move crunch\n>p2 move aquajet\n>p2 switch 3\n>p1 move crunch\n>p2 move freezedry\n>p1 switch 6\n>p1 move closecombat\n>p2 move hiddenpower", "uploadtime": 1770555962, "views": 209, "formatid": "gen6randombattle", "rating": 1560, "private": 0, "password": null}