{"id": "gen6randombattle-2535000684", "format": "[Gen 6] Random Battle", "players": ["dinispereira", "gdhjdj"], "log": "|j|☆dinispereira\n|j|☆gdhjdj\n|t:|1770501694\n|gametype|singles\n|player|p1|dinispereira|#rbtt9faction2|1554\n|player|p2|gdhjdj|170|1500\n|gen|6\n|tier|[Gen 6] Random Battle\n|rated|\n|rule|Sleep Clause Mod: Limit one foe put to sleep\n|rule|HP Percentage Mod: HP is shown in percentages\n|rule|Illusion Level Mod: Illusion disguises the Pokémon's true level\n|\n|t:|1770501694\n|teamsize|p1|6\n|teamsize|p2|6\n|start\n|switch|p1a: Skuntank|Skuntank, L85, M|314/314\n|switch|p2a: Volbeat|Volbeat, L91, M|266/266\n|turn|1\n|inactive|Battle timer is ON: inactive players will automatically lose when time's up. (requested by gdhjdj)\n|\n|t:|1770501721\n|move|p2a: Volbeat|Thunder Wave|p1a: Skuntank\n|-status|p1a: Skuntank|par\n|cant|p1a: Skuntank|par\n|\n|upkeep\n|turn|2\n|\n|t:|1770501724\n|move|p2a: Volbeat|U-turn|p1a: Skuntank\n|-crit|p1a: Skuntank\n|-damage|p1a: Skuntank|196/314 par\n|\n|t:|1770501734\n|switch|p2a: Zekrom|Zekrom, L74|270/270|[from] U-turn\n|-ability|p2a: Zekrom|Teravolt\n|cant|p1a: Skuntank|par\n|\n|-heal|p1a: Skuntank|215/314 par|[from] item: Black Sludge\n|upkeep\n|turn|3\n|\n|t:|1770501747\n|move|p2a: Zekrom|Bolt Strike|p1a: Skuntank|[miss]\n|-miss|p2a: Zekrom|p1a: Skuntank\n|cant|p1a: Skuntank|par\n|\n|-heal|p1a: Skuntank|234/314 par|[from] item: Black Sludge\n|upkeep\n|turn|4\n|\n|t:|1770501760\n|move|p2a: Zekrom|Bolt Strike|p1a: Skuntank\n|-damage|p1a: Skuntank|62/314 par\n|cant|p1a: Skuntank|par\n|\n|-heal|p1a: Skuntank|81/314 par|[from] item: Black Sludge\n|upkeep\n|turn|5\n|\n|t:|1770501766\n|move|p1a: Skuntank|Sucker Punch|p2a: Zekrom\n|-damage|p2a: Zekrom|197/270\n|move|p2a: Zekrom|Bolt Strike|p1a: Skuntank\n|-crit|p1a: Skuntank\n|-damage|p1a: Skuntank|0 fnt\n|-damage|p2a: Zekrom|130/270|[from] ability: Aftermath|[of] p1a: Skuntank\n|faint|p1a: Skuntank\n|\n|upkeep\n|\n|t:|1770501775\n|switch|p1a: Kricketune|Kricketune, L98, M|309/309\n|turn|6\n|\n|t:|1770501780\n|move|p1a: Kricketune|Sticky Web|p2a: Zekrom\n|-sidestart|p2: gdhjdj|move: Sticky Web\n|move|p2a: Zekrom|Bolt Strike|p1a: Kricketune\n|-damage|p1a: Kricketune|129/309\n|-status|p1a: Kricketune|par\n|\n|-heal|p1a: Kricketune|148/309 par|[from] item: Leftovers\n|upkeep\n|turn|7\n|\n|t:|1770501788\n|move|p2a: Zekrom|Bolt Strike|p1a: Kricketune\n|-damage|p1a: Kricketune|0 fnt\n|faint|p1a: Kricketune\n|\n|upkeep\n|\n|t:|1770501796\n|switch|p1a: Roserade|Roserade, L83, F|235/235\n|turn|8\n|\n|t:|1770501803\n|switch|p2a: Volbeat|Volbeat, L91, M|266/266\n|-activate|p2a: Volbeat|move: Sticky Web\n|-unboost|p2a: Volbeat|spe|1\n|move|p1a: Roserade|Toxic Spikes|p2a: Volbeat\n|-sidestart|p2: gdhjdj|move: Toxic Spikes\n|\n|upkeep\n|turn|9\n|\n|t:|1770501814\n|switch|p1a: Golduck|Golduck, L90, M|290/290\n|-ability|p1a: Golduck|Cloud Nine\n|move|p2a: Volbeat|Thunder Wave|p1a: Golduck\n|-status|p1a: Golduck|par\n|\n|upkeep\n|turn|10\n|\n|t:|1770501818\n|move|p2a: Volbeat|U-turn|p1a: Golduck\n|-damage|p1a: Golduck|223/290 par\n|\n|t:|1770501826\n|switch|p2a: Kabutops|Kabutops, L87, M|246/246|[from] U-turn\n|-activate|p2a: Kabutops|move: Sticky Web\n|-unboost|p2a: Kabutops|spe|1\n|-status|p2a: Kabutops|psn\n|move|p1a: Golduck|Hydro Pump|p2a: Kabutops\n|-damage|p2a: Kabutops|47/246 psn\n|-damage|p1a: Golduck|194/290 par|[from] item: Life Orb\n|\n|-damage|p2a: Kabutops|17/246 psn|[from] psn\n|upkeep\n|turn|11\n|\n|t:|1770501839\n|move|p2a: Kabutops|Stone Edge|p1a: Golduck\n|-damage|p1a: Golduck|0 fnt\n|faint|p1a: Golduck\n|\n|-damage|p2a: Kabutops|0 fnt|[from] psn\n|faint|p2a: Kabutops\n|upkeep\n|\n|t:|1770501845\n|switch|p1a: Roserade|Roserade, L83, F|235/235\n|switch|p2a: Volbeat|Volbeat, L91, M|266/266\n|-activate|p2a: Volbeat|move: Sticky Web\n|-unboost|p2a: Volbeat|spe|1\n|-status|p2a: Volbeat|psn\n|turn|12\n|\n|t:|1770501849\n|move|p2a: Volbeat|Thunder Wave|p1a: Roserade\n|-status|p1a: Roserade|par\n|move|p1a: Roserade|Sludge Bomb|p2a: Volbeat\n|-damage|p2a: Volbeat|136/266 psn\n|\n|-heal|p2a: Volbeat|152/266 psn|[from] item: Leftovers\n|-damage|p2a: Volbeat|119/266 psn|[from] psn\n|upkeep\n|turn|13\n|\n|t:|1770501854\n|move|p2a: Volbeat|U-turn|p1a: Roserade\n|-damage|p1a: Roserade|144/235 par\n|\n|t:|1770501856\n|switch|p2a: Zekrom|Zekrom, L74|130/270|[from] U-turn\n|-activate|p2a: Zekrom|move: Sticky Web\n|-unboost|p2a: Zekrom|spe|1\n|-status|p2a: Zekrom|psn\n|-ability|p2a: Zekrom|Teravolt\n|cant|p1a: Roserade|par\n|\n|-heal|p1a: Roserade|158/235 par|[from] item: Black Sludge\n|-damage|p2a: Zekrom|97/270 psn|[from] psn\n|upkeep\n|turn|14\n|\n|t:|1770501865\n|-curestatus|p1a: Roserade|par|[from] ability: Natural Cure\n|switch|p1a: Malamar|Malamar, L81, F|272/272\n|move|p2a: Zekrom|Draco Meteor|p1a: Malamar\n|-damage|p1a: Malamar|124/272\n|-unboost|p2a: Zekrom|spa|2\n|\n|-heal|p1a: Malamar|141/272|[from] item: Leftovers\n|-damage|p2a: Zekrom|64/270 psn|[from] psn\n|upkeep\n|turn|15\n|\n|t:|1770501875\n|switch|p2a: Wigglytuff|Wigglytuff, L93, F|411/411\n|-activate|p2a: Wigglytuff|move: Sticky Web\n|-unboost|p2a: Wigglytuff|spe|1\n|-ability|p2a: Wigglytuff|Competitive|boost\n|-boost|p2a: Wigglytuff|spa|2\n|-status|p2a: Wigglytuff|psn\n|move|p1a: Malamar|Knock Off|p2a: Wigglytuff\n|-resisted|p2a: Wigglytuff\n|-damage|p2a: Wigglytuff|343/411 psn\n|-enditem|p2a: Wigglytuff|Leftovers|[from] move: Knock Off|[of] p1a: Malamar\n|\n|-heal|p1a: Malamar|158/272|[from] item: Leftovers\n|-damage|p2a: Wigglytuff|292/411 psn|[from] psn\n|upkeep\n|turn|16\n|\n|t:|1770501886\n|move|p1a: Malamar|Superpower|p2a: Wigglytuff\n|-damage|p2a: Wigglytuff|183/411 psn\n|-boost|p1a: Malamar|atk|1\n|-boost|p1a: Malamar|def|1\n|move|p2a: Wigglytuff|Thunder Wave|p1a: Malamar\n|-status|p1a: Malamar|par\n|\n|-heal|p1a: Malamar|175/272 par|[from] item: Leftovers\n|-damage|p2a: Wigglytuff|132/411 psn|[from] psn\n|upkeep\n|turn|17\n|\n|t:|1770501892\n|move|p2a: Wigglytuff|Dazzling Gleam|p1a: Malamar\n|-supereffective|p1a: Malamar\n|-damage|p1a: Malamar|0 fnt\n|faint|p1a: Malamar\n|\n|-damage|p2a: Wigglytuff|81/411 psn|[from] psn\n|upkeep\n|\n|t:|1770501894\n|switch|p1a: Roserade|Roserade, L83, F|158/235\n|turn|18\n|\n|t:|1770501898\n|move|p1a: Roserade|Sludge Bomb|p2a: Wigglytuff\n|-supereffective|p2a: Wigglytuff\n|-damage|p2a: Wigglytuff|0 fnt\n|faint|p2a: Wigglytuff\n|\n|-heal|p1a: Roserade|172/235|[from] item: Black Sludge\n|upkeep\n|\n|t:|1770501900\n|switch|p2a: Volbeat|Volbeat, L91, M|119/266 psn\n|-activate|p2a: Volbeat|move: Sticky Web\n|-unboost|p2a: Volbeat|spe|1\n|turn|19\n|\n|t:|1770501904\n|move|p2a: Volbeat|Thunder Wave|p1a: Roserade\n|-status|p1a: Roserade|par\n|move|p1a: Roserade|Sludge Bomb|p2a: Volbeat\n|-damage|p2a: Volbeat|0 fnt\n|faint|p2a: Volbeat\n|\n|-heal|p1a: Roserade|186/235 par|[from] item: Black Sludge\n|upkeep\n|\n|t:|1770501909\n|switch|p2a: Bisharp|Bisharp, L79, M|232/232\n|-activate|p2a: Bisharp|move: Sticky Web\n|-unboost|p2a: Bisharp|spe|1\n|-ability|p2a: Bisharp|Defiant|boost\n|-boost|p2a: Bisharp|atk|2\n|turn|20\n|\n|t:|1770501915\n|move|p2a: Bisharp|Knock Off|p1a: Roserade\n|-damage|p1a: Roserade|0 fnt\n|-enditem|p1a: Roserade|Black Sludge|[from] move: Knock Off|[of] p2a: Bisharp\n|faint|p1a: Roserade\n|-damage|p2a: Bisharp|209/232|[from] item: Life Orb\n|\n|upkeep\n|\n|t:|1770501918\n|switch|p1a: Simipour|Simipour, L86, M|269/269\n|turn|21\n|\n|t:|1770501920\n|move|p2a: Bisharp|Sucker Punch|p1a: Simipour\n|-damage|p1a: Simipour|0 fnt\n|faint|p1a: Simipour\n|-damage|p2a: Bisharp|186/232|[from] item: Life Orb\n|\n|win|gdhjdj\n|raw|dinispereira's rating: 1554 &rarr; <strong>1531</strong><br />(-23 for losing)\n|raw|gdhjdj's rating: 1500 &rarr; <strong>1523</strong><br />(+23 for winning)\n|l|☆dinispereira\n|player|p1|\n", "inputlog": ">version ccdc32dd7cde25fd9e4bed64820e885f66e78a4e\n>start {\"formatid\":\"gen6randombattle\",\"seed\":\"sodium,8c910b7f5ba725ae32de03ac57ebf429\",\"rated\":\"Rated battle\"}\n>player p1 {\"name\":\"dinispereira\",\"avatar\":\"#rbtt9faction2\",\"rating\":1554,\"seed\":\"sodium,66e768472e47a584c24be5d83e4b40cd\"}\n>player p2 {\"name\":\"gdhjdj\",\"avatar\":\"170\",\"rating\":1500,\"seed\":\"sodium,15570b1c479f5a07219f21acb8fc01a2\"}\n>p1 move poisonjab\n>p2 move thunderwave\n>p1 move poisonjab\n>p2 move uturn\n>p2 switch 2\n>p1 move poisonjab\n>p2 move boltstrike\n>p1 move poisonjab\n>p2 move boltstrike\n>p1 move suckerpunch\n>p2 move boltstrike\n>p1 switch 6\n>p1 move stickyweb\n>p2 move boltstrike\n>p1 move bugbite\n>p2 move boltstrike\n>p1 switch 5\n>p1 move toxicspikes\n>p2 switch 2\n>p1 switch 3\n>p2 move thunderwave\n>p1 move hydropump\n>p2 move uturn\n>p2 switch 5\n>p1 move calmmind\n>p2 move stoneedge\n>p1 switch 3\n>p2 switch 5\n>p1 move sludgebomb\n>p2 move thunderwave\n>p1 move sludgebomb\n>p2 move uturn\n>p2 switch 2\n>p1 switch 2\n>p2 move dracometeor\n>p1 move knockoff\n>p2 switch 3\n>p1 move superpower\n>p2 move thunderwave\n>p1 move superpower\n>p2 move dazzlinggleam\n>p1 switch 2\n>p1 move sludgebomb\n>p2 move thunderwave\n>p2 switch 2\n>p1 move sludgebomb\n>p2 move thunderwave\n>p2 switch 4\n>p1 move sleeppowder\n>p2 move knockoff\n>p1 switch 4\n>p1 move hydropump\n>p2 move suckerpunch", "uploadtime": 1770501928, "views": 227, "formatid": "gen6randombattle", "rating": 1523, "private": 0, "password": null}