{"id": "gen6randombattle-2519540917", "format": "[Gen 6] Random Battle", "players": ["shuckle dvm", "Dr Ari Haswari"], "log": "|j|☆shuckle dvm\n|j|☆Dr Ari Haswari\n|t:|1768515794\n|gametype|singles\n|player|p1|shuckle dvm|2|1529\n|player|p2|Dr Ari Haswari|170|1688\n|gen|6\n|tier|[Gen 6] Random Battle\n|rated|\n|rule|Sleep Clause Mod: Limit one foe put to sleep\n|rule|HP Percentage Mod: HP is shown in percentages\n|rule|Illusion Level Mod: Illusion disguises the Pokémon's true level\n|\n|t:|1768515794\n|teamsize|p1|6\n|teamsize|p2|6\n|start\n|switch|p1a: Clawitzer|Clawitzer, L85, M|259/259\n|switch|p2a: Shedinja|Shedinja, L95|1/1\n|turn|1\n|inactive|Battle timer is ON: inactive players will automatically lose when time's up. (requested by shuckle dvm)\n|inactive|Dr Ari Haswari has 120 seconds left.\n|\n|t:|1768515833\n|switch|p1a: Tyranitar|Tyranitar, L75, F, shiny|274/274\n|-weather|Sandstorm|[from] ability: Sand Stream|[of] p1a: Tyranitar\n|move|p2a: Shedinja|Will-O-Wisp|p1a: Tyranitar\n|-status|p1a: Tyranitar|brn\n|\n|-weather|Sandstorm|[upkeep]\n|-damage|p2a: Shedinja|0 fnt|[from] Sandstorm\n|faint|p2a: Shedinja\n|-damage|p1a: Tyranitar|240/274 brn|[from] brn\n|upkeep\n|c|☆Dr Ari Haswari|that wasn't nice\n|inactive|Dr Ari Haswari has 120 seconds left.\n|c|☆shuckle dvm|neither was burning me\n|\n|t:|1768515867\n|switch|p2a: Bouffalant|Bouffalant, L87, M|307/307\n|turn|2\n|\n|t:|1768515878\n|switch|p1a: Solrock|Solrock, L90|272/272\n|move|p2a: Bouffalant|Swords Dance|p2a: Bouffalant\n|-boost|p2a: Bouffalant|atk|2\n|\n|-weather|Sandstorm|[upkeep]\n|-damage|p2a: Bouffalant|288/307|[from] Sandstorm\n|-heal|p2a: Bouffalant|307/307|[from] item: Leftovers\n|upkeep\n|turn|3\n|\n|t:|1768515894\n|switch|p2a: Reshiram|Reshiram, L73|266/266\n|-ability|p2a: Reshiram|Turboblaze\n|move|p1a: Solrock|Will-O-Wisp|p2a: Reshiram|[miss]\n|-miss|p1a: Solrock|p2a: Reshiram\n|\n|-weather|Sandstorm|[upkeep]\n|-damage|p2a: Reshiram|250/266|[from] Sandstorm\n|-heal|p2a: Reshiram|266/266|[from] item: Leftovers\n|upkeep\n|turn|4\n|\n|t:|1768515900\n|switch|p2a: Palkia|Palkia, L73|252/252\n|-ability|p2a: Palkia|Pressure\n|move|p1a: Solrock|Stone Edge|p2a: Palkia\n|-crit|p2a: Palkia\n|-damage|p2a: Palkia|75/252\n|\n|-weather|Sandstorm|[upkeep]\n|-damage|p2a: Palkia|60/252|[from] Sandstorm\n|upkeep\n|turn|5\n|\n|t:|1768515908\n|move|p2a: Palkia|Hydro Pump|p1a: Solrock\n|-supereffective|p1a: Solrock\n|-damage|p1a: Solrock|74/272\n|move|p1a: Solrock|Stone Edge|p2a: Palkia\n|-damage|p2a: Palkia|0 fnt\n|faint|p2a: Palkia\n|\n|-weather|none\n|-heal|p1a: Solrock|91/272|[from] item: Leftovers\n|upkeep\n|\n|t:|1768515925\n|switch|p2a: Pelipper|Pelipper, L91, F|257/257\n|turn|6\n|\n|t:|1768515929\n|move|p1a: Solrock|Stealth Rock|p2a: Pelipper\n|-sidestart|p2: Dr Ari Haswari|move: Stealth Rock\n|move|p2a: Pelipper|Scald|p1a: Solrock\n|-supereffective|p1a: Solrock\n|-damage|p1a: Solrock|0 fnt\n|faint|p1a: Solrock\n|\n|upkeep\n|\n|t:|1768515938\n|switch|p1a: Arceus|Arceus-Psychic, L71|288/288\n|turn|7\n|\n|t:|1768515945\n|move|p1a: Arceus|Calm Mind|p1a: Arceus\n|-boost|p1a: Arceus|spa|1\n|-boost|p1a: Arceus|spd|1\n|move|p2a: Pelipper|Defog|p1a: Arceus\n|-unboost|p1a: Arceus|evasion|1\n|-sideend|p2: Dr Ari Haswari|Stealth Rock|[from] move: Defog|[of] p2a: Pelipper\n|\n|upkeep\n|turn|8\n|\n|t:|1768515958\n|switch|p2a: Reshiram|Reshiram, L73|266/266\n|-ability|p2a: Reshiram|Turboblaze\n|move|p1a: Arceus|Calm Mind|p1a: Arceus\n|-boost|p1a: Arceus|spa|1\n|-boost|p1a: Arceus|spd|1\n|\n|upkeep\n|turn|9\n|\n|t:|1768515961\n|move|p1a: Arceus|Judgment|p2a: Reshiram\n|-damage|p2a: Reshiram|68/266\n|move|p2a: Reshiram|Toxic|p1a: Arceus\n|-status|p1a: Arceus|tox\n|\n|-heal|p2a: Reshiram|84/266|[from] item: Leftovers\n|-damage|p1a: Arceus|270/288 tox|[from] psn\n|upkeep\n|turn|10\n|\n|t:|1768515967\n|switch|p2a: Unown|Unown-L|258/258\n|move|p1a: Arceus|Judgment|p2a: Unown\n|-resisted|p2a: Unown\n|-damage|p2a: Unown|126/258\n|\n|-damage|p1a: Arceus|234/288 tox|[from] psn\n|upkeep\n|turn|11\n|\n|t:|1768515974\n|move|p1a: Arceus|Judgment|p2a: Unown\n|-resisted|p2a: Unown\n|-damage|p2a: Unown|0 fnt\n|faint|p2a: Unown\n|\n|-damage|p1a: Arceus|180/288 tox|[from] psn\n|upkeep\n|\n|t:|1768515979\n|switch|p2a: Bouffalant|Bouffalant, L87, M|307/307\n|turn|12\n|\n|t:|1768515983\n|move|p1a: Arceus|Judgment|p2a: Bouffalant\n|-damage|p2a: Bouffalant|121/307\n|move|p2a: Bouffalant|Head Charge|p1a: Arceus\n|-damage|p1a: Arceus|2/288 tox\n|-damage|p2a: Bouffalant|76/307|[from] Recoil\n|\n|-heal|p2a: Bouffalant|95/307|[from] item: Leftovers\n|-damage|p1a: Arceus|0 fnt|[from] psn\n|faint|p1a: Arceus\n|upkeep\n|\n|t:|1768515987\n|switch|p1a: Accelgor|Accelgor, L89, M|287/287\n|turn|13\n|\n|t:|1768515991\n|switch|p2a: Pelipper|Pelipper, L91, F|257/257\n|move|p1a: Accelgor|Bug Buzz|p2a: Pelipper\n|-resisted|p2a: Pelipper\n|-crit|p2a: Pelipper\n|-damage|p2a: Pelipper|139/257\n|-damage|p1a: Accelgor|259/287|[from] item: Life Orb\n|\n|-heal|p2a: Pelipper|155/257|[from] item: Leftovers\n|upkeep\n|turn|14\n|\n|t:|1768515998\n|switch|p1a: Tyranitar|Tyranitar, L75, F, shiny|240/274 brn\n|-weather|Sandstorm|[from] ability: Sand Stream|[of] p1a: Tyranitar\n|move|p2a: Pelipper|Roost|p2a: Pelipper\n|-heal|p2a: Pelipper|257/257\n|-singleturn|p2a: Pelipper|move: Roost\n|\n|-weather|Sandstorm|[upkeep]\n|-damage|p2a: Pelipper|241/257|[from] Sandstorm\n|-heal|p2a: Pelipper|257/257|[from] item: Leftovers\n|-damage|p1a: Tyranitar|206/274 brn|[from] brn\n|upkeep\n|turn|15\n|\n|t:|1768516007\n|switch|p2a: Bouffalant|Bouffalant, L87, M|95/307\n|detailschange|p1a: Tyranitar|Tyranitar-Mega, L75, F, shiny\n|-mega|p1a: Tyranitar|Tyranitar|Tyranitarite\n|move|p1a: Tyranitar|Dragon Dance|p1a: Tyranitar\n|-boost|p1a: Tyranitar|atk|1\n|-boost|p1a: Tyranitar|spe|1\n|\n|-weather|Sandstorm|[upkeep]\n|-damage|p2a: Bouffalant|76/307|[from] Sandstorm\n|-heal|p2a: Bouffalant|95/307|[from] item: Leftovers\n|-damage|p1a: Tyranitar|172/274 brn|[from] brn\n|upkeep\n|turn|16\n|\n|t:|1768516012\n|move|p1a: Tyranitar|Crunch|p2a: Bouffalant\n|-damage|p2a: Bouffalant|18/307\n|move|p2a: Bouffalant|Superpower|p1a: Tyranitar\n|-supereffective|p1a: Tyranitar\n|-damage|p1a: Tyranitar|0 fnt\n|-unboost|p2a: Bouffalant|atk|1\n|-unboost|p2a: Bouffalant|def|1\n|faint|p1a: Tyranitar\n|detailschange|p1: Tyranitar|Tyranitar, L75, F, shiny|[silent]\n|\n|-weather|Sandstorm|[upkeep]\n|-damage|p2a: Bouffalant|0 fnt|[from] Sandstorm\n|faint|p2a: Bouffalant\n|upkeep\n|\n|t:|1768516023\n|switch|p2a: Reshiram|Reshiram, L73|84/266\n|switch|p1a: Clawitzer|Clawitzer, L85, M|259/259\n|-ability|p2a: Reshiram|Turboblaze\n|turn|17\n|\n|t:|1768516028\n|switch|p2a: Pelipper|Pelipper, L91, F|257/257\n|move|p1a: Clawitzer|Ice Beam|p2a: Pelipper\n|-damage|p2a: Pelipper|178/257\n|-status|p2a: Pelipper|frz\n|\n|-weather|Sandstorm|[upkeep]\n|-damage|p2a: Pelipper|162/257 frz|[from] Sandstorm\n|-damage|p1a: Clawitzer|243/259|[from] Sandstorm\n|-heal|p2a: Pelipper|178/257 frz|[from] item: Leftovers\n|upkeep\n|turn|18\n|\n|t:|1768516033\n|-curestatus|p2a: Pelipper|frz|[from] move: Scald\n|move|p2a: Pelipper|Scald|p1a: Clawitzer\n|-resisted|p1a: Clawitzer\n|-damage|p1a: Clawitzer|214/259\n|-status|p1a: Clawitzer|brn\n|move|p1a: Clawitzer|Ice Beam|p2a: Pelipper\n|-damage|p2a: Pelipper|89/257\n|\n|-weather|none\n|-heal|p2a: Pelipper|105/257|[from] item: Leftovers\n|-damage|p1a: Clawitzer|182/259 brn|[from] brn\n|upkeep\n|turn|19\n|\n|t:|1768516037\n|move|p2a: Pelipper|Roost|p2a: Pelipper\n|-heal|p2a: Pelipper|234/257\n|-singleturn|p2a: Pelipper|move: Roost\n|move|p1a: Clawitzer|Ice Beam|p2a: Pelipper\n|-resisted|p2a: Pelipper\n|-damage|p2a: Pelipper|191/257\n|\n|-heal|p2a: Pelipper|207/257|[from] item: Leftovers\n|-damage|p1a: Clawitzer|150/259 brn|[from] brn\n|upkeep\n|turn|20\n|\n|t:|1768516043\n|switch|p1a: Breloom|Breloom, L82, M|233/233\n|move|p2a: Pelipper|Scald|p1a: Breloom\n|-resisted|p1a: Breloom\n|-damage|p1a: Breloom|173/233\n|-status|p1a: Breloom|brn\n|\n|-heal|p2a: Pelipper|223/257|[from] item: Leftovers\n|-damage|p1a: Breloom|144/233 brn|[from] brn\n|upkeep\n|turn|21\n|\n|t:|1768516048\n|move|p2a: Pelipper|Knock Off|p1a: Breloom\n|-resisted|p1a: Breloom\n|-damage|p1a: Breloom|118/233 brn\n|-enditem|p1a: Breloom|Life Orb|[from] move: Knock Off|[of] p2a: Pelipper\n|move|p1a: Breloom|Spore|p2a: Pelipper\n|-status|p2a: Pelipper|slp|[from] move: Spore\n|\n|-heal|p2a: Pelipper|239/257 slp|[from] item: Leftovers\n|-damage|p1a: Breloom|89/233 brn|[from] brn\n|upkeep\n|turn|22\n|\n|t:|1768516055\n|cant|p2a: Pelipper|slp\n|move|p1a: Breloom|Rock Tomb|p2a: Pelipper\n|-supereffective|p2a: Pelipper\n|-damage|p2a: Pelipper|176/257 slp\n|-unboost|p2a: Pelipper|spe|1\n|\n|-heal|p2a: Pelipper|192/257 slp|[from] item: Leftovers\n|-damage|p1a: Breloom|60/233 brn|[from] brn\n|upkeep\n|turn|23\n|\n|t:|1768516061\n|move|p1a: Breloom|Rock Tomb|p2a: Pelipper\n|-supereffective|p2a: Pelipper\n|-damage|p2a: Pelipper|129/257 slp\n|-unboost|p2a: Pelipper|spe|1\n|cant|p2a: Pelipper|slp\n|\n|-heal|p2a: Pelipper|145/257 slp|[from] item: Leftovers\n|-damage|p1a: Breloom|31/233 brn|[from] brn\n|upkeep\n|turn|24\n|\n|t:|1768516073\n|move|p1a: Breloom|Bullet Seed|p2a: Pelipper\n|-crit|p2a: Pelipper\n|-damage|p2a: Pelipper|118/257 slp\n|-damage|p2a: Pelipper|97/257 slp\n|-hitcount|p2a: Pelipper|2\n|-curestatus|p2a: Pelipper|slp|[msg]\n|move|p2a: Pelipper|Roost|p2a: Pelipper\n|-heal|p2a: Pelipper|226/257\n|-singleturn|p2a: Pelipper|move: Roost\n|\n|-heal|p2a: Pelipper|242/257|[from] item: Leftovers\n|-damage|p1a: Breloom|2/233 brn|[from] brn\n|upkeep\n|turn|25\n|\n|t:|1768516078\n|switch|p2a: Reshiram|Reshiram, L73|84/266\n|-ability|p2a: Reshiram|Turboblaze\n|move|p1a: Breloom|Rock Tomb|p2a: Reshiram\n|-supereffective|p2a: Reshiram\n|-damage|p2a: Reshiram|5/266\n|-unboost|p2a: Reshiram|spe|1\n|\n|-heal|p2a: Reshiram|21/266|[from] item: Leftovers\n|-damage|p1a: Breloom|0 fnt|[from] brn\n|faint|p1a: Breloom\n|upkeep\n|\n|t:|1768516092\n|switch|p1a: Clawitzer|Clawitzer, L85, M|150/259 brn\n|turn|26\n|\n|t:|1768516101\n|switch|p2a: Pelipper|Pelipper, L91, F|242/257\n|move|p1a: Clawitzer|Ice Beam|p2a: Pelipper\n|-damage|p2a: Pelipper|163/257\n|\n|-heal|p2a: Pelipper|179/257|[from] item: Leftovers\n|-damage|p1a: Clawitzer|118/259 brn|[from] brn\n|upkeep\n|turn|27\n|\n|t:|1768516107\n|move|p2a: Pelipper|Roost|p2a: Pelipper\n|-heal|p2a: Pelipper|257/257\n|-singleturn|p2a: Pelipper|move: Roost\n|move|p1a: Clawitzer|Scald|p2a: Pelipper\n|-resisted|p2a: Pelipper\n|-damage|p2a: Pelipper|196/257\n|\n|-heal|p2a: Pelipper|212/257|[from] item: Leftovers\n|-damage|p1a: Clawitzer|86/259 brn|[from] brn\n|upkeep\n|turn|28\n|\n|t:|1768516109\n|move|p2a: Pelipper|Roost|p2a: Pelipper\n|-heal|p2a: Pelipper|257/257\n|-singleturn|p2a: Pelipper|move: Roost\n|move|p1a: Clawitzer|Scald|p2a: Pelipper\n|-resisted|p2a: Pelipper\n|-damage|p2a: Pelipper|196/257\n|\n|-heal|p2a: Pelipper|212/257|[from] item: Leftovers\n|-damage|p1a: Clawitzer|54/259 brn|[from] brn\n|upkeep\n|turn|29\n|\n|t:|1768516112\n|move|p2a: Pelipper|Roost|p2a: Pelipper\n|-heal|p2a: Pelipper|257/257\n|-singleturn|p2a: Pelipper|move: Roost\n|move|p1a: Clawitzer|Scald|p2a: Pelipper\n|-resisted|p2a: Pelipper\n|-damage|p2a: Pelipper|195/257\n|\n|-heal|p2a: Pelipper|211/257|[from] item: Leftovers\n|-damage|p1a: Clawitzer|22/259 brn|[from] brn\n|upkeep\n|turn|30\n|\n|t:|1768516114\n|move|p2a: Pelipper|Knock Off|p1a: Clawitzer\n|-damage|p1a: Clawitzer|0 fnt\n|-enditem|p1a: Clawitzer|Assault Vest|[from] move: Knock Off|[of] p2a: Pelipper\n|faint|p1a: Clawitzer\n|\n|-heal|p2a: Pelipper|227/257|[from] item: Leftovers\n|upkeep\n|\n|t:|1768516117\n|switch|p1a: Accelgor|Accelgor, L89, M|259/287\n|turn|31\n|\n|t:|1768516123\n|move|p1a: Accelgor|Bug Buzz|p2a: Pelipper\n|-resisted|p2a: Pelipper\n|-damage|p2a: Pelipper|144/257\n|-damage|p1a: Accelgor|231/287|[from] item: Life Orb\n|move|p2a: Pelipper|Scald|p1a: Accelgor\n|-damage|p1a: Accelgor|114/287\n|\n|-heal|p2a: Pelipper|160/257|[from] item: Leftovers\n|upkeep\n|turn|32\n|\n|t:|1768516128\n|move|p1a: Accelgor|Bug Buzz|p2a: Pelipper\n|-resisted|p2a: Pelipper\n|-damage|p2a: Pelipper|77/257\n|-damage|p1a: Accelgor|86/287|[from] item: Life Orb\n|move|p2a: Pelipper|Roost|p2a: Pelipper\n|-heal|p2a: Pelipper|206/257\n|-singleturn|p2a: Pelipper|move: Roost\n|\n|-heal|p2a: Pelipper|222/257|[from] item: Leftovers\n|upkeep\n|turn|33\n|\n|t:|1768516132\n|move|p1a: Accelgor|Encore|p2a: Pelipper\n|-start|p2a: Pelipper|Encore\n|move|p2a: Pelipper|Roost|p2a: Pelipper\n|-heal|p2a: Pelipper|257/257\n|-singleturn|p2a: Pelipper|move: Roost\n|\n|upkeep\n|turn|34\n|\n|t:|1768516136\n|switch|p2a: Reshiram|Reshiram, L73|21/266\n|-ability|p2a: Reshiram|Turboblaze\n|move|p1a: Accelgor|Bug Buzz|p2a: Reshiram\n|-resisted|p2a: Reshiram\n|-damage|p2a: Reshiram|0 fnt\n|faint|p2a: Reshiram\n|-damage|p1a: Accelgor|58/287|[from] item: Life Orb\n|\n|upkeep\n|\n|t:|1768516138\n|switch|p2a: Pelipper|Pelipper, L91, F|257/257\n|turn|35\n|\n|t:|1768516141\n|move|p1a: Accelgor|Bug Buzz|p2a: Pelipper\n|-resisted|p2a: Pelipper\n|-crit|p2a: Pelipper\n|-damage|p2a: Pelipper|134/257\n|-damage|p1a: Accelgor|30/287|[from] item: Life Orb\n|move|p2a: Pelipper|Scald|p1a: Accelgor\n|-damage|p1a: Accelgor|0 fnt\n|faint|p1a: Accelgor\n|\n|win|Dr Ari Haswari\n|raw|shuckle dvm's rating: 1529 &rarr; <strong>1518</strong><br />(-11 for losing)\n|raw|Dr Ari Haswari's rating: 1688 &rarr; <strong>1699</strong><br />(+11 for winning)\n|l|☆shuckle dvm\n|player|p1|\n", "inputlog": ">version 3bd1a1e329da8d286644078cfc9a9638fc7ea025\n>start {\"formatid\":\"gen6randombattle\",\"seed\":\"sodium,f6b5d783bccf3e2e778185346720245e\",\"rated\":\"Rated battle\"}\n>player p1 {\"name\":\"shuckle dvm\",\"avatar\":\"2\",\"rating\":1529,\"seed\":\"sodium,08748e6f11cc2648c6d521766eed9d1f\"}\n>player p2 {\"name\":\"Dr Ari Haswari\",\"avatar\":\"170\",\"rating\":1688,\"seed\":\"sodium,11f36b18cc24a8f0738aa67e65cad7c5\"}\n>p1 switch 4\n>p2 move willowisp\n>chat ☆Dr Ari Haswari|that wasn't nice\n>chat ☆shuckle dvm|neither was burning me \n>p2 switch 5\n>p1 switch 5\n>p2 move swordsdance\n>p1 move willowisp\n>p2 switch 3\n>p1 move stoneedge\n>p2 switch 4\n>p1 move stoneedge\n>p2 move hydropump\n>p2 switch 6\n>p1 move stealthrock\n>p2 move scald\n>p1 switch 6\n>p1 move calmmind\n>p2 move defog\n>p1 move calmmind\n>p2 switch 4\n>p1 move judgment\n>p2 move toxic\n>p1 move judgment\n>p2 switch 2\n>p1 move judgment\n>p2 move hiddenpower\n>p2 switch 3\n>p1 move judgment\n>p2 move headcharge\n>p1 switch 3\n>p1 move bugbuzz\n>p2 switch 4\n>p1 switch 5\n>p2 move roost\n>p1 move dragondance mega\n>p2 switch 4\n>p1 move crunch\n>p2 move superpower\n>p1 switch 4\n>p2 switch 2\n>p1 move icebeam\n>p2 switch 4\n>p1 move icebeam\n>p2 move scald\n>p1 move icebeam\n>p2 move roost\n>p1 switch 2\n>p2 move scald\n>p1 move spore\n>p2 move knockoff\n>p1 move rocktomb\n>p2 move scald\n>p1 move rocktomb\n>p2 move roost\n>p1 move bulletseed\n>p2 move roost\n>p1 move rocktomb\n>p2 switch 4\n>p1 switch 2\n>p1 move icebeam\n>p2 switch 4\n>p1 move scald\n>p2 move roost\n>p1 move scald\n>p2 move roost\n>p1 move scald\n>p2 move roost\n>p1 move scald\n>p2 move knockoff\n>p1 switch 5\n>p1 move bugbuzz\n>p2 move scald\n>p1 move bugbuzz\n>p2 move roost\n>p1 move encore\n>p2 move scald\n>p1 move bugbuzz\n>p2 switch 4\n>p2 switch 4\n>p1 move bugbuzz\n>p2 move scald", "uploadtime": 1768516150, "views": 293, "formatid": "gen6randombattle", "rating": 1518, "private": 0, "password": null}