{"id": "gen6randombattle-2519630507", "format": "[Gen 6] Random Battle", "players": ["alpisteperez", "arboretums"], "log": "|j|☆alpisteperez\n|j|☆arboretums\n|t:|1768526280\n|gametype|singles\n|player|p1|alpisteperez|lance-gen2|1538\n|player|p2|arboretums|serena-masters2|1662\n|gen|6\n|tier|[Gen 6] Random Battle\n|rated|\n|rule|Sleep Clause Mod: Limit one foe put to sleep\n|rule|HP Percentage Mod: HP is shown in percentages\n|rule|Illusion Level Mod: Illusion disguises the Pokémon's true level\n|\n|t:|1768526281\n|teamsize|p1|6\n|teamsize|p2|6\n|start\n|switch|p1a: Illumise|Illumise, L91, F|266/266\n|switch|p2a: Donphan|Donphan, L83, M|285/285\n|turn|1\n|inactive|Battle timer is ON: inactive players will automatically lose when time's up. (requested by arboretums)\n|inactive|alpisteperez has 120 seconds left.\n|\n|t:|1768526323\n|switch|p1a: Pelipper|Pelipper, L91, M|257/257\n|move|p2a: Donphan|Toxic|p1a: Pelipper\n|-status|p1a: Pelipper|tox\n|\n|-damage|p1a: Pelipper|241/257 tox|[from] psn\n|upkeep\n|turn|2\n|\n|t:|1768526335\n|switch|p2a: Cherrim|Cherrim, L97, F|293/293\n|move|p1a: Pelipper|Knock Off|p2a: Cherrim\n|-damage|p2a: Cherrim|241/293\n|-enditem|p2a: Cherrim|Leftovers|[from] move: Knock Off|[of] p1a: Pelipper\n|\n|-heal|p1a: Pelipper|257/257 tox|[from] item: Leftovers\n|-damage|p1a: Pelipper|225/257 tox|[from] psn\n|upkeep\n|turn|3\n|\n|t:|1768526342\n|move|p2a: Cherrim|Energy Ball|p1a: Pelipper\n|-damage|p1a: Pelipper|101/257 tox\n|-unboost|p1a: Pelipper|spd|1\n|move|p1a: Pelipper|Hurricane|p2a: Cherrim\n|-supereffective|p2a: Cherrim\n|-damage|p2a: Cherrim|0 fnt\n|faint|p2a: Cherrim\n|\n|-heal|p1a: Pelipper|117/257 tox|[from] item: Leftovers\n|-damage|p1a: Pelipper|69/257 tox|[from] psn\n|upkeep\n|\n|t:|1768526347\n|switch|p2a: Stoutland|Stoutland, L85, M|283/283\n|turn|4\n|\n|t:|1768526353\n|move|p2a: Stoutland|Return|p1a: Pelipper\n|-damage|p1a: Pelipper|0 fnt\n|faint|p1a: Pelipper\n|\n|upkeep\n|\n|t:|1768526358\n|switch|p1a: Carracosta|Carracosta, L87, M|271/271\n|turn|5\n|\n|t:|1768526362\n|switch|p2a: Dunsparce|Dunsparce, L93, M|337/337\n|move|p1a: Carracosta|Shell Smash|p1a: Carracosta\n|-unboost|p1a: Carracosta|def|1\n|-unboost|p1a: Carracosta|spd|1\n|-boost|p1a: Carracosta|atk|2\n|-boost|p1a: Carracosta|spa|2\n|-boost|p1a: Carracosta|spe|2\n|-enditem|p1a: Carracosta|White Herb\n|-clearnegativeboost|p1a: Carracosta|[silent]\n|\n|upkeep\n|turn|6\n|\n|t:|1768526370\n|move|p1a: Carracosta|Waterfall|p2a: Dunsparce\n|-crit|p2a: Dunsparce\n|-damage|p2a: Dunsparce|46/337\n|move|p2a: Dunsparce|Glare|p1a: Carracosta\n|-status|p1a: Carracosta|par\n|\n|-heal|p2a: Dunsparce|67/337|[from] item: Leftovers\n|upkeep\n|turn|7\n|\n|t:|1768526374\n|move|p2a: Dunsparce|Roost|p2a: Dunsparce\n|-heal|p2a: Dunsparce|236/337\n|-singleturn|p2a: Dunsparce|move: Roost\n|move|p1a: Carracosta|Waterfall|p2a: Dunsparce\n|-damage|p2a: Dunsparce|17/337\n|\n|-heal|p2a: Dunsparce|38/337|[from] item: Leftovers\n|upkeep\n|turn|8\n|\n|t:|1768526380\n|move|p2a: Dunsparce|Roost|p2a: Dunsparce\n|-heal|p2a: Dunsparce|207/337\n|-singleturn|p2a: Dunsparce|move: Roost\n|move|p1a: Carracosta|Stone Edge|p2a: Dunsparce\n|-damage|p2a: Dunsparce|0 fnt\n|faint|p2a: Dunsparce\n|\n|upkeep\n|\n|t:|1768526389\n|switch|p2a: Aromatisse|Aromatisse, L89, F|325/325\n|turn|9\n|\n|t:|1768526393\n|move|p2a: Aromatisse|Moonblast|p1a: Carracosta\n|-damage|p1a: Carracosta|145/271 par\n|move|p1a: Carracosta|Waterfall|p2a: Aromatisse\n|-damage|p2a: Aromatisse|114/325\n|\n|-heal|p2a: Aromatisse|134/325|[from] item: Leftovers\n|upkeep\n|turn|10\n|\n|t:|1768526399\n|move|p2a: Aromatisse|Wish|p2a: Aromatisse\n|move|p1a: Carracosta|Waterfall|p2a: Aromatisse\n|-damage|p2a: Aromatisse|0 fnt\n|faint|p2a: Aromatisse\n|\n|upkeep\n|\n|t:|1768526401\n|switch|p2a: Donphan|Donphan, L83, M|285/285\n|turn|11\n|\n|t:|1768526405\n|move|p2a: Donphan|Earthquake|p1a: Carracosta\n|-supereffective|p1a: Carracosta\n|-damage|p1a: Carracosta|0 fnt\n|faint|p1a: Carracosta\n|\n|upkeep\n|c|☆arboretums|fucking god\n|\n|t:|1768526424\n|switch|p1a: Blissey|Blissey, L84, F|566/566\n|turn|12\n|\n|t:|1768526427\n|move|p1a: Blissey|Toxic|p2a: Donphan\n|-status|p2a: Donphan|tox\n|move|p2a: Donphan|Earthquake|p1a: Blissey\n|-damage|p1a: Blissey|190/566\n|\n|-heal|p1a: Blissey|225/566|[from] item: Leftovers\n|-damage|p2a: Donphan|268/285 tox|[from] psn\n|upkeep\n|turn|13\n|\n|t:|1768526434\n|switch|p1a: Illumise|Illumise, L91, F|266/266\n|switch|p2a: Stoutland|Stoutland, L85, M|283/283\n|\n|upkeep\n|turn|14\n|\n|t:|1768526438\n|switch|p2a: Donphan|Donphan, L83, M|268/285 tox\n|move|p1a: Illumise|Thunder Wave|p2a: Donphan\n|-immune|p2a: Donphan\n|\n|-heal|p2a: Donphan|285/285 tox|[from] item: Leftovers\n|-damage|p2a: Donphan|268/285 tox|[from] psn\n|upkeep\n|turn|15\n|\n|t:|1768526446\n|move|p1a: Illumise|Bug Buzz|p2a: Donphan\n|-damage|p2a: Donphan|153/285 tox\n|move|p2a: Donphan|Knock Off|p1a: Illumise\n|-damage|p1a: Illumise|159/266\n|-enditem|p1a: Illumise|Leftovers|[from] move: Knock Off|[of] p2a: Donphan\n|\n|-heal|p2a: Donphan|170/285 tox|[from] item: Leftovers\n|-damage|p2a: Donphan|136/285 tox|[from] psn\n|upkeep\n|turn|16\n|\n|t:|1768526450\n|move|p1a: Illumise|Bug Buzz|p2a: Donphan\n|-damage|p2a: Donphan|13/285 tox\n|-unboost|p2a: Donphan|spd|1\n|move|p2a: Donphan|Toxic|p1a: Illumise\n|-status|p1a: Illumise|tox\n|\n|-heal|p2a: Donphan|30/285 tox|[from] item: Leftovers\n|-damage|p1a: Illumise|143/266 tox|[from] psn\n|-damage|p2a: Donphan|0 fnt|[from] psn\n|faint|p2a: Donphan\n|upkeep\n|\n|t:|1768526454\n|switch|p2a: Hypno|Hypno, L96, F|319/319\n|turn|17\n|\n|t:|1768526459\n|move|p2a: Hypno|Protect|p2a: Hypno\n|-singleturn|p2a: Hypno|Protect\n|move|p1a: Illumise|Thunder Wave|p2a: Hypno\n|-activate|p2a: Hypno|move: Protect\n|\n|-damage|p1a: Illumise|111/266 tox|[from] psn\n|upkeep\n|turn|18\n|\n|t:|1768526462\n|move|p1a: Illumise|Thunder Wave|p2a: Hypno\n|-status|p2a: Hypno|par\n|move|p2a: Hypno|Psychic|p1a: Illumise\n|-damage|p1a: Illumise|8/266 tox\n|\n|-damage|p1a: Illumise|0 fnt|[from] psn\n|faint|p1a: Illumise\n|upkeep\n|\n|t:|1768526471\n|switch|p1a: Zebstrika|Zebstrika, L87, M|272/272\n|turn|19\n|\n|t:|1768526474\n|move|p1a: Zebstrika|Wild Charge|p2a: Hypno\n|-damage|p2a: Hypno|216/319 par\n|-damage|p1a: Zebstrika|246/272|[from] Recoil\n|cant|p2a: Hypno|par\n|\n|-heal|p2a: Hypno|235/319 par|[from] item: Leftovers\n|upkeep\n|turn|20\n|\n|t:|1768526479\n|move|p1a: Zebstrika|Wild Charge|p2a: Hypno\n|-damage|p2a: Hypno|124/319 par\n|-damage|p1a: Zebstrika|218/272|[from] Recoil\n|move|p2a: Hypno|Wish|p2a: Hypno\n|\n|-heal|p2a: Hypno|143/319 par|[from] item: Leftovers\n|upkeep\n|turn|21\n|\n|t:|1768526486\n|move|p1a: Zebstrika|Wild Charge|p2a: Hypno\n|-crit|p2a: Hypno\n|-damage|p2a: Hypno|0 fnt\n|faint|p2a: Hypno\n|-damage|p1a: Zebstrika|182/272|[from] Recoil\n|\n|upkeep\n|c|☆arboretums|oh my fucking god dude\n|\n|t:|1768526495\n|switch|p2a: Stoutland|Stoutland, L85, M|283/283\n|turn|22\n|\n|t:|1768526500\n|move|p2a: Stoutland|Return|p1a: Zebstrika\n|-damage|p1a: Zebstrika|26/272\n|move|p1a: Zebstrika|Wild Charge|p2a: Stoutland\n|-damage|p2a: Stoutland|177/283\n|-damage|p1a: Zebstrika|0 fnt|[from] Recoil\n|faint|p1a: Zebstrika\n|\n|upkeep\n|\n|t:|1768526506\n|switch|p1a: Kangaskhan|Kangaskhan, L71, F|267/267\n|turn|23\n|\n|t:|1768526509\n|detailschange|p1a: Kangaskhan|Kangaskhan-Mega, L71, F\n|-mega|p1a: Kangaskhan|Kangaskhan|Kangaskhanite\n|move|p1a: Kangaskhan|Fake Out|p2a: Stoutland\n|-damage|p2a: Stoutland|138/283\n|-damage|p2a: Stoutland|119/283\n|-hitcount|p2a: Stoutland|2\n|cant|p2a: Stoutland|flinch\n|\n|upkeep\n|turn|24\n|\n|t:|1768526521\n|move|p2a: Stoutland|Return|p1a: Kangaskhan\n|-damage|p1a: Kangaskhan|131/267\n|move|p1a: Kangaskhan|Seismic Toss|p2a: Stoutland\n|-damage|p2a: Stoutland|48/283\n|-damage|p2a: Stoutland|0 fnt\n|faint|p2a: Stoutland\n|-hitcount|p2: Stoutland|2\n|\n|win|alpisteperez\n|raw|alpisteperez's rating: 1538 &rarr; <strong>1565</strong><br />(+27 for winning)\n|raw|arboretums's rating: 1662 &rarr; <strong>1635</strong><br />(-27 for losing)\n", "inputlog": ">version 3bd1a1e329da8d286644078cfc9a9638fc7ea025\n>start {\"formatid\":\"gen6randombattle\",\"seed\":\"sodium,bdb6fac346e418f1f789730445183cc5\",\"rated\":\"Rated battle\"}\n>player p1 {\"name\":\"alpisteperez\",\"avatar\":\"lance-gen2\",\"rating\":1538,\"seed\":\"sodium,4ebb660af89cb3e05292312515974610\"}\n>player p2 {\"name\":\"arboretums\",\"avatar\":\"serena-masters2\",\"rating\":1662,\"seed\":\"sodium,b785283b3e6e68399cbf5c442dabbcc5\"}\n>p1 switch 4\n>p2 move toxic\n>p1 move knockoff\n>p2 switch 5\n>p1 move hurricane\n>p2 move energyball\n>p2 switch 3\n>p1 move scald\n>p2 move return\n>p1 switch 6\n>p1 move shellsmash\n>p2 switch 2\n>p1 move waterfall\n>p2 move glare\n>p1 move waterfall\n>p2 move roost\n>p1 move stoneedge\n>p2 move roost\n>p2 switch 6\n>p1 move waterfall\n>p2 move moonblast\n>p1 move waterfall\n>p2 move wish\n>p2 switch 5\n>p1 move waterfall\n>p2 move earthquake\n>chat ☆arboretums|fucking god\n>p1 switch 2\n>p1 move toxic\n>p2 move earthquake\n>p1 switch 4\n>p2 switch 2\n>p1 move thunderwave\n>p2 switch 2\n>p1 move bugbuzz\n>p2 move knockoff\n>p1 move bugbuzz\n>p2 move toxic\n>p2 switch 4\n>p1 move thunderwave\n>p2 move protect\n>p1 move thunderwave\n>p2 move psychic\n>p1 switch 5\n>p1 move wildcharge\n>p2 move toxic\n>p1 move wildcharge\n>p2 move wish\n>p1 move wildcharge\n>p2 move toxic\n>chat ☆arboretums|oh my fucking god dude\n>p2 switch 2\n>p1 move wildcharge\n>p2 move return\n>p1 switch 3\n>p1 move fakeout mega\n>p2 move return\n>p1 move seismictoss\n>p2 move return", "uploadtime": 1768526523, "views": 272, "formatid": "gen6randombattle", "rating": 1565, "private": 0, "password": null}