{"id": "gen6randombattle-2516193367", "format": "[Gen 6] Random Battle", "players": ["sleeplikebaby", "arboretums"], "log": "|j|☆sleeplikebaby\n|j|‽arboretums\n|t:|1768100001\n|gametype|singles\n|player|p1|sleeplikebaby|bianca|1582\n|player|p2|arboretums|serena-masters2|1535\n|gen|6\n|tier|[Gen 6] Random Battle\n|rated|\n|rule|Sleep Clause Mod: Limit one foe put to sleep\n|rule|HP Percentage Mod: HP is shown in percentages\n|rule|Illusion Level Mod: Illusion disguises the Pokémon's true level\n|\n|t:|1768100001\n|teamsize|p1|6\n|teamsize|p2|6\n|start\n|switch|p1a: Vaporeon|Vaporeon, L84, F|356/356\n|switch|p2a: Electivire|Electivire, L84, F|263/263\n|turn|1\n|inactive|Battle timer is ON: inactive players will automatically lose when time's up. (requested by arboretums)\n|\n|t:|1768100043\n|switch|p1a: Spiritomb|Spiritomb, L88, M|231/231\n|move|p2a: Electivire|Wild Charge|p1a: Spiritomb\n|-crit|p1a: Spiritomb\n|-damage|p1a: Spiritomb|59/231\n|-damage|p2a: Electivire|220/263|[from] Recoil\n|-damage|p2a: Electivire|194/263|[from] item: Life Orb\n|\n|-heal|p1a: Spiritomb|73/231|[from] item: Leftovers\n|upkeep\n|turn|2\n|\n|t:|1768100057\n|move|p2a: Electivire|Earthquake|p1a: Spiritomb\n|-damage|p1a: Spiritomb|0 fnt\n|faint|p1a: Spiritomb\n|-damage|p2a: Electivire|168/263|[from] item: Life Orb\n|\n|upkeep\n|\n|t:|1768100066\n|switch|p1a: Wailord|Wailord, L93, M|466/466\n|turn|3\n|\n|t:|1768100072\n|switch|p2a: Mantine|Mantine, L90, F|263/263\n|move|p1a: Wailord|Water Spout|p2a: Mantine\n|-immune|p2a: Mantine|[from] ability: Water Absorb\n|\n|upkeep\n|turn|4\n|\n|t:|1768100082\n|switch|p1a: Vaporeon|Vaporeon, L84, F|356/356\n|switch|p2a: Celebi|Celebi, L82|298/298\n|\n|upkeep\n|turn|5\n|\n|t:|1768100088\n|switch|p1a: Magcargo|Magcargo, L98, M|256/256\n|move|p2a: Celebi|Leaf Storm|p1a: Magcargo|[miss]\n|-miss|p2a: Celebi|p1a: Magcargo\n|\n|upkeep\n|turn|6\n|\n|t:|1768100099\n|switch|p2a: Aerodactyl|Aerodactyl, L77, F|250/250\n|-ability|p2a: Aerodactyl|Unnerve\n|move|p1a: Magcargo|Stealth Rock|p2a: Aerodactyl\n|-sidestart|p2: arboretums|move: Stealth Rock\n|\n|upkeep\n|turn|7\n|\n|t:|1768100114\n|switch|p1a: Vaporeon|Vaporeon, L84, F|356/356\n|detailschange|p2a: Aerodactyl|Aerodactyl-Mega, L77, F\n|-mega|p2a: Aerodactyl|Aerodactyl|Aerodactylite\n|move|p2a: Aerodactyl|Earthquake|p1a: Vaporeon\n|-crit|p1a: Vaporeon\n|-damage|p1a: Vaporeon|215/356\n|\n|-heal|p1a: Vaporeon|237/356|[from] item: Leftovers\n|upkeep\n|turn|8\n|\n|t:|1768100139\n|move|p2a: Aerodactyl|Stone Edge|p1a: Vaporeon|[miss]\n|-miss|p2a: Aerodactyl|p1a: Vaporeon\n|move|p1a: Vaporeon|Toxic|p2a: Aerodactyl\n|-status|p2a: Aerodactyl|tox\n|\n|-heal|p1a: Vaporeon|259/356|[from] item: Leftovers\n|-damage|p2a: Aerodactyl|235/250 tox|[from] psn\n|upkeep\n|turn|9\n|\n|t:|1768100153\n|switch|p2a: Electivire|Electivire, L84, F|168/263\n|-damage|p2a: Electivire|136/263|[from] Stealth Rock\n|move|p1a: Vaporeon|Wish|p1a: Vaporeon\n|\n|-heal|p1a: Vaporeon|281/356|[from] item: Leftovers\n|upkeep\n|turn|10\n|\n|t:|1768100166\n|switch|p1a: Torkoal|Torkoal, L88, M|266/266\n|move|p2a: Electivire|Wild Charge|p1a: Torkoal\n|-damage|p1a: Torkoal|171/266\n|-damage|p2a: Electivire|112/263|[from] Recoil\n|-damage|p2a: Electivire|86/263|[from] item: Life Orb\n|\n|-heal|p1a: Torkoal|266/266|[from] move: Wish|[wisher] Vaporeon\n|upkeep\n|turn|11\n|\n|t:|1768100193\n|switch|p2a: Mantine|Mantine, L90, F|263/263\n|-damage|p2a: Mantine|198/263|[from] Stealth Rock\n|move|p1a: Torkoal|Lava Plume|p2a: Mantine\n|-resisted|p2a: Mantine\n|-damage|p2a: Mantine|171/263\n|-status|p2a: Mantine|brn\n|\n|-heal|p2a: Mantine|187/263 brn|[from] item: Leftovers\n|-damage|p2a: Mantine|155/263 brn|[from] brn\n|upkeep\n|turn|12\n|\n|t:|1768100211\n|switch|p1a: Vaporeon|Vaporeon, L84, F|281/356\n|move|p2a: Mantine|Defog|p1a: Vaporeon\n|-unboost|p1a: Vaporeon|evasion|1\n|-sideend|p2: arboretums|Stealth Rock|[from] move: Defog|[of] p2a: Mantine\n|\n|-heal|p2a: Mantine|171/263 brn|[from] item: Leftovers\n|-heal|p1a: Vaporeon|303/356|[from] item: Leftovers\n|-damage|p2a: Mantine|139/263 brn|[from] brn\n|upkeep\n|turn|13\n|inactive|arboretums has 120 seconds left.\n|\n|t:|1768100237\n|move|p2a: Mantine|Air Slash|p1a: Vaporeon\n|-damage|p1a: Vaporeon|228/356\n|move|p1a: Vaporeon|Wish|p1a: Vaporeon\n|\n|-heal|p2a: Mantine|155/263 brn|[from] item: Leftovers\n|-heal|p1a: Vaporeon|250/356|[from] item: Leftovers\n|-damage|p2a: Mantine|123/263 brn|[from] brn\n|upkeep\n|turn|14\n|\n|t:|1768100245\n|move|p1a: Vaporeon|Protect|p1a: Vaporeon\n|-singleturn|p1a: Vaporeon|Protect\n|move|p2a: Mantine|Defog|p1a: Vaporeon\n|-activate|p1a: Vaporeon|move: Protect\n|\n|-heal|p1a: Vaporeon|356/356|[from] move: Wish|[wisher] Vaporeon\n|-heal|p2a: Mantine|139/263 brn|[from] item: Leftovers\n|-damage|p2a: Mantine|107/263 brn|[from] brn\n|upkeep\n|turn|15\n|\n|t:|1768100250\n|switch|p2a: Electivire|Electivire, L84, F|86/263\n|move|p1a: Vaporeon|Wish|p1a: Vaporeon\n|\n|upkeep\n|turn|16\n|\n|t:|1768100258\n|switch|p1a: Torkoal|Torkoal, L88, M|266/266\n|move|p2a: Electivire|Earthquake|p1a: Torkoal\n|-supereffective|p1a: Torkoal\n|-damage|p1a: Torkoal|123/266\n|-damage|p2a: Electivire|60/263|[from] item: Life Orb\n|\n|-heal|p1a: Torkoal|266/266|[from] move: Wish|[wisher] Vaporeon\n|upkeep\n|turn|17\n|\n|t:|1768100263\n|switch|p2a: Mantine|Mantine, L90, F|107/263 brn\n|move|p1a: Torkoal|Lava Plume|p2a: Mantine\n|-resisted|p2a: Mantine\n|-damage|p2a: Mantine|80/263 brn\n|\n|-heal|p2a: Mantine|96/263 brn|[from] item: Leftovers\n|-damage|p2a: Mantine|64/263 brn|[from] brn\n|upkeep\n|turn|18\n|\n|t:|1768100266\n|switch|p1a: Vaporeon|Vaporeon, L84, F|356/356\n|move|p2a: Mantine|Scald|p1a: Vaporeon\n|-immune|p1a: Vaporeon|[from] ability: Water Absorb\n|\n|-heal|p2a: Mantine|80/263 brn|[from] item: Leftovers\n|-damage|p2a: Mantine|48/263 brn|[from] brn\n|upkeep\n|turn|19\n|\n|t:|1768100274\n|move|p2a: Mantine|Air Slash|p1a: Vaporeon\n|-damage|p1a: Vaporeon|284/356\n|cant|p1a: Vaporeon|flinch\n|\n|-heal|p2a: Mantine|64/263 brn|[from] item: Leftovers\n|-heal|p1a: Vaporeon|306/356|[from] item: Leftovers\n|-damage|p2a: Mantine|32/263 brn|[from] brn\n|upkeep\n|turn|20\n|\n|t:|1768100291\n|move|p2a: Mantine|Air Slash|p1a: Vaporeon\n|-damage|p1a: Vaporeon|237/356\n|move|p1a: Vaporeon|Wish|p1a: Vaporeon\n|\n|-heal|p2a: Mantine|48/263 brn|[from] item: Leftovers\n|-heal|p1a: Vaporeon|259/356|[from] item: Leftovers\n|-damage|p2a: Mantine|16/263 brn|[from] brn\n|upkeep\n|turn|21\n|\n|t:|1768100297\n|switch|p2a: Diggersby|Diggersby, L81, M|270/270\n|move|p1a: Vaporeon|Toxic|p2a: Diggersby|[miss]\n|-miss|p1a: Vaporeon|p2a: Diggersby\n|\n|-heal|p1a: Vaporeon|356/356|[from] move: Wish|[wisher] Vaporeon\n|upkeep\n|turn|22\n|\n|t:|1768100306\n|move|p2a: Diggersby|Return|p1a: Vaporeon\n|-damage|p1a: Vaporeon|88/356\n|move|p1a: Vaporeon|Toxic|p2a: Diggersby\n|-status|p2a: Diggersby|tox\n|\n|-heal|p1a: Vaporeon|110/356|[from] item: Leftovers\n|-damage|p2a: Diggersby|254/270 tox|[from] psn\n|upkeep\n|turn|23\n|\n|t:|1768100309\n|move|p1a: Vaporeon|Protect|p1a: Vaporeon\n|-singleturn|p1a: Vaporeon|Protect\n|move|p2a: Diggersby|Return|p1a: Vaporeon\n|-activate|p1a: Vaporeon|move: Protect\n|\n|-heal|p1a: Vaporeon|132/356|[from] item: Leftovers\n|-damage|p2a: Diggersby|222/270 tox|[from] psn\n|upkeep\n|turn|24\n|\n|t:|1768100312\n|switch|p1a: Magcargo|Magcargo, L98, M|256/256\n|move|p2a: Diggersby|Return|p1a: Magcargo\n|-resisted|p1a: Magcargo\n|-damage|p1a: Magcargo|183/256\n|\n|-heal|p1a: Magcargo|199/256|[from] item: Leftovers\n|-damage|p2a: Diggersby|174/270 tox|[from] psn\n|upkeep\n|turn|25\n|\n|t:|1768100314\n|switch|p2a: Mantine|Mantine, L90, F|16/263 brn\n|move|p1a: Magcargo|Stealth Rock|p2a: Mantine\n|-sidestart|p2: arboretums|move: Stealth Rock\n|\n|-heal|p2a: Mantine|32/263 brn|[from] item: Leftovers\n|-heal|p1a: Magcargo|215/256|[from] item: Leftovers\n|-damage|p2a: Mantine|0 fnt|[from] brn\n|faint|p2a: Mantine\n|upkeep\n|\n|t:|1768100321\n|switch|p2a: Crustle|Crustle, L82, F|249/249\n|-damage|p2a: Crustle|187/249|[from] Stealth Rock\n|turn|26\n|\n|t:|1768100334\n|move|p2a: Crustle|Shell Smash|p2a: Crustle\n|-unboost|p2a: Crustle|def|1\n|-unboost|p2a: Crustle|spd|1\n|-boost|p2a: Crustle|atk|2\n|-boost|p2a: Crustle|spa|2\n|-boost|p2a: Crustle|spe|2\n|-enditem|p2a: Crustle|White Herb\n|-clearnegativeboost|p2a: Crustle|[silent]\n|move|p1a: Magcargo|Lava Plume|p2a: Crustle\n|-damage|p2a: Crustle|76/249\n|\n|-heal|p1a: Magcargo|231/256|[from] item: Leftovers\n|upkeep\n|turn|27\n|\n|t:|1768100353\n|switch|p1a: Vaporeon|Vaporeon, L84, F|132/356\n|move|p2a: Crustle|Earthquake|p1a: Vaporeon\n|-damage|p1a: Vaporeon|0 fnt\n|faint|p1a: Vaporeon\n|\n|upkeep\n|\n|t:|1768100355\n|switch|p1a: Torkoal|Torkoal, L88, M|266/266\n|turn|28\n|\n|t:|1768100360\n|move|p2a: Crustle|Stone Edge|p1a: Torkoal\n|-supereffective|p1a: Torkoal\n|-damage|p1a: Torkoal|24/266\n|move|p1a: Torkoal|Lava Plume|p2a: Crustle\n|-damage|p2a: Crustle|0 fnt\n|faint|p2a: Crustle\n|\n|-heal|p1a: Torkoal|40/266|[from] item: Leftovers\n|upkeep\n|\n|t:|1768100383\n|switch|p2a: Electivire|Electivire, L84, F|60/263\n|-damage|p2a: Electivire|28/263|[from] Stealth Rock\n|turn|29\n|\n|t:|1768100391\n|move|p2a: Electivire|Earthquake|p1a: Torkoal\n|-supereffective|p1a: Torkoal\n|-damage|p1a: Torkoal|0 fnt\n|faint|p1a: Torkoal\n|-damage|p2a: Electivire|2/263|[from] item: Life Orb\n|\n|upkeep\n|\n|t:|1768100399\n|switch|p1a: Wailord|Wailord, L93, M|466/466\n|turn|30\n|inactive|arboretums has 120 seconds left.\n|\n|t:|1768100437\n|move|p1a: Wailord|Ice Beam|p2a: Electivire\n|-damage|p2a: Electivire|0 fnt\n|faint|p2a: Electivire\n|\n|upkeep\n|\n|t:|1768100446\n|switch|p2a: Celebi|Celebi, L82|298/298\n|-damage|p2a: Celebi|261/298|[from] Stealth Rock\n|turn|31\n|inactive|arboretums has 120 seconds left.\n|\n|t:|1768100452\n|switch|p1a: Magcargo|Magcargo, L98, M|231/256\n|move|p2a: Celebi|Leaf Storm|p1a: Magcargo\n|-damage|p1a: Magcargo|98/256\n|-unboost|p2a: Celebi|spa|2\n|\n|-heal|p2a: Celebi|279/298|[from] item: Leftovers\n|-heal|p1a: Magcargo|114/256|[from] item: Leftovers\n|upkeep\n|turn|32\n|\n|t:|1768100458\n|switch|p2a: Diggersby|Diggersby, L81, M|174/270 tox\n|-damage|p2a: Diggersby|158/270 tox|[from] Stealth Rock\n|move|p1a: Magcargo|Lava Plume|p2a: Diggersby\n|-damage|p2a: Diggersby|41/270 tox\n|\n|-heal|p1a: Magcargo|130/256|[from] item: Leftovers\n|-damage|p2a: Diggersby|25/270 tox|[from] psn\n|upkeep\n|turn|33\n|\n|t:|1768100469\n|move|p2a: Diggersby|Earthquake|p1a: Magcargo\n|-supereffective|p1a: Magcargo\n|-damage|p1a: Magcargo|0 fnt\n|faint|p1a: Magcargo\n|\n|-damage|p2a: Diggersby|0 fnt|[from] psn\n|faint|p2a: Diggersby\n|upkeep\n|\n|t:|1768100488\n|switch|p2a: Aerodactyl|Aerodactyl-Mega, L77, F|235/250 tox\n|switch|p1a: Rayquaza|Rayquaza, L65|245/245\n|-damage|p2a: Aerodactyl|173/250 tox|[from] Stealth Rock\n|-ability|p1a: Rayquaza|Air Lock\n|turn|34\n|\n|t:|1768100500\n|detailschange|p1a: Rayquaza|Rayquaza-Mega, L65\n|-mega|p1a: Rayquaza|Rayquaza|\n|-weather|DeltaStream|[from] ability: Delta Stream|[of] p1a: Rayquaza\n|move|p2a: Aerodactyl|Stone Edge|p1a: Rayquaza\n|-fieldactivate|Delta Stream\n|-damage|p1a: Rayquaza|121/245\n|move|p1a: Rayquaza|Dragon Ascent|p2a: Aerodactyl\n|-resisted|p2a: Aerodactyl\n|-damage|p2a: Aerodactyl|66/250 tox\n|-unboost|p1a: Rayquaza|def|1\n|-unboost|p1a: Rayquaza|spd|1\n|\n|-weather|DeltaStream|[upkeep]\n|-damage|p2a: Aerodactyl|51/250 tox|[from] psn\n|upkeep\n|turn|35\n|\n|t:|1768100503\n|move|p2a: Aerodactyl|Stone Edge|p1a: Rayquaza\n|-fieldactivate|Delta Stream\n|-damage|p1a: Rayquaza|0 fnt\n|faint|p1a: Rayquaza\n|-weather|none\n|detailschange|p1: Rayquaza|Rayquaza, L65|[silent]\n|\n|-damage|p2a: Aerodactyl|21/250 tox|[from] psn\n|upkeep\n|\n|t:|1768100506\n|switch|p1a: Wailord|Wailord, L93, M|466/466\n|turn|36\n|\n|t:|1768100509\n|move|p2a: Aerodactyl|Stone Edge|p1a: Wailord\n|-crit|p1a: Wailord\n|-damage|p1a: Wailord|229/466\n|move|p1a: Wailord|Ice Beam|p2a: Aerodactyl\n|-supereffective|p2a: Aerodactyl\n|-damage|p2a: Aerodactyl|0 fnt\n|faint|p2a: Aerodactyl\n|detailschange|p2: Aerodactyl|Aerodactyl, L77, F|[silent]\n|\n|upkeep\n|\n|t:|1768100511\n|switch|p2a: Celebi|Celebi, L82|279/298\n|-damage|p2a: Celebi|242/298|[from] Stealth Rock\n|turn|37\n|\n|t:|1768100513\n|move|p1a: Wailord|Ice Beam|p2a: Celebi\n|-supereffective|p2a: Celebi\n|-damage|p2a: Celebi|102/298\n|move|p2a: Celebi|Leaf Storm|p1a: Wailord\n|-supereffective|p1a: Wailord\n|-damage|p1a: Wailord|0 fnt\n|-unboost|p2a: Celebi|spa|2\n|faint|p1a: Wailord\n|\n|win|arboretums\n|raw|sleeplikebaby's rating: 1582 &rarr; <strong>1559</strong><br />(-23 for losing)\n|raw|arboretums's rating: 1535 &rarr; <strong>1558</strong><br />(+23 for winning)\n", "inputlog": ">version f2883557ca71b1a14bc1039fd307aee7de4ab455\n>start {\"formatid\":\"gen6randombattle\",\"seed\":\"sodium,d92e939c83d9314b8a063ac874f2401e\",\"rated\":\"Rated battle\"}\n>player p1 {\"name\":\"sleeplikebaby\",\"avatar\":\"bianca\",\"rating\":1582,\"seed\":\"sodium,5d896f86400d327c8543ac2751a99263\"}\n>player p2 {\"name\":\"arboretums\",\"avatar\":\"serena-masters2\",\"rating\":1535,\"seed\":\"sodium,b1fdfedca52f166a70d2d392df3a007b\"}\n>p1 switch 2\n>p2 move wildcharge\n>p1 move rest\n>p2 move earthquake\n>p1 switch 3\n>p1 move waterspout\n>p2 switch 3\n>p1 switch 2\n>p2 switch 6\n>p1 switch 5\n>p2 move leafstorm\n>p1 move stealthrock\n>p2 switch 5\n>p1 switch 5\n>p2 move earthquake mega\n>p1 move toxic\n>p2 move stoneedge\n>p1 move wish\n>p2 switch 3\n>p1 switch 6\n>p2 move wildcharge\n>p1 move lavaplume\n>p2 switch 6\n>p1 switch 6\n>p2 move defog\n>p1 move wish\n>p2 move airslash\n>p1 move protect\n>p2 move defog\n>p1 move wish\n>p2 switch 6\n>p1 switch 6\n>p2 move earthquake\n>p1 move lavaplume\n>p2 switch 6\n>p1 switch 6\n>p2 move scald\n>p1 move toxic\n>p2 move airslash\n>p1 move wish\n>p2 move airslash\n>p1 move toxic\n>p2 switch 4\n>p1 move toxic\n>p2 move return\n>p1 move protect\n>p2 move return\n>p1 switch 5\n>p2 move return\n>p1 move stealthrock\n>p2 switch 4\n>p2 switch 2\n>p1 move lavaplume\n>p2 move shellsmash\n>p1 switch 5\n>p2 move earthquake\n>p1 switch 6\n>p1 move lavaplume\n>p2 move stoneedge\n>p2 switch 6\n>p1 move lavaplume\n>p2 move earthquake\n>p1 switch 2\n>p1 move icebeam\n>p2 move wildcharge\n>p2 switch 5\n>p1 switch 5\n>p2 move leafstorm\n>p1 move lavaplume\n>p2 switch 4\n>p1 move recover\n>p2 move earthquake\n>p1 switch 4\n>p2 switch 3\n>p1 move dragonascent mega\n>p2 move stoneedge\n>p1 move dragonascent\n>p2 move stoneedge\n>p1 switch 5\n>p1 move icebeam\n>p2 move stoneedge\n>p2 switch 4\n>p1 move icebeam\n>p2 move leafstorm", "uploadtime": 1768100515, "views": 263, "formatid": "gen6randombattle", "rating": 1558, "private": 0, "password": null}