{"id": "gen6randombattle-2521228429", "format": "[Gen 6] Random Battle", "players": ["JBas234", "arboretums"], "log": "|j|☆JBas234\n|j|☆arboretums\n|t:|1768750032\n|gametype|singles\n|player|p1|JBas234|265|1519\n|player|p2|arboretums|serena-masters2|1673\n|gen|6\n|tier|[Gen 6] Random Battle\n|rated|\n|rule|Sleep Clause Mod: Limit one foe put to sleep\n|rule|HP Percentage Mod: HP is shown in percentages\n|rule|Illusion Level Mod: Illusion disguises the Pokémon's true level\n|\n|t:|1768750032\n|teamsize|p1|6\n|teamsize|p2|6\n|start\n|switch|p1a: Muk|Muk, L88, M|328/328\n|switch|p2a: Lumineon|Lumineon, L90, M|271/271\n|turn|1\n|inactive|Battle timer is ON: inactive players will automatically lose when time's up. (requested by arboretums)\n|inactive|JBas234 has 120 seconds left.\n|\n|t:|1768750087\n|switch|p2a: Mesprit|Mesprit, L85|275/275\n|move|p1a: Muk|Poison Jab|p2a: Mesprit\n|-damage|p2a: Mesprit|190/275\n|\n|-heal|p2a: Mesprit|207/275|[from] item: Leftovers\n|upkeep\n|turn|2\n|\n|t:|1768750108\n|switch|p1a: Ariados|Ariados, L91, F|275/275\n|move|p2a: Mesprit|Stealth Rock|p1a: Ariados\n|-sidestart|p1: JBas234|move: Stealth Rock\n|\n|-heal|p2a: Mesprit|224/275|[from] item: Leftovers\n|upkeep\n|turn|3\n|\n|t:|1768750111\n|move|p2a: Mesprit|Psychic|p1a: Ariados\n|-supereffective|p1a: Ariados\n|-damage|p1a: Ariados|11/275\n|move|p1a: Ariados|Sticky Web|p2a: Mesprit\n|-sidestart|p2: arboretums|move: Sticky Web\n|\n|-heal|p2a: Mesprit|241/275|[from] item: Leftovers\n|-heal|p1a: Ariados|28/275|[from] item: Black Sludge\n|upkeep\n|turn|4\n|\n|t:|1768750115\n|move|p2a: Mesprit|Knock Off|p1a: Ariados\n|-damage|p1a: Ariados|0 fnt\n|-enditem|p1a: Ariados|Black Sludge|[from] move: Knock Off|[of] p2a: Mesprit\n|faint|p1a: Ariados\n|\n|-heal|p2a: Mesprit|258/275|[from] item: Leftovers\n|upkeep\n|\n|t:|1768750117\n|switch|p1a: Rhydon|Rhydon, L83, M|310/310\n|-damage|p1a: Rhydon|291/310|[from] Stealth Rock\n|turn|5\n|\n|t:|1768750122\n|move|p2a: Mesprit|Toxic|p1a: Rhydon\n|-status|p1a: Rhydon|tox\n|move|p1a: Rhydon|Stealth Rock|p2a: Mesprit\n|-sidestart|p2: arboretums|move: Stealth Rock\n|\n|-heal|p2a: Mesprit|275/275|[from] item: Leftovers\n|-damage|p1a: Rhydon|272/310 tox|[from] psn\n|upkeep\n|turn|6\n|\n|t:|1768750128\n|switch|p2a: Lumineon|Lumineon, L90, M|271/271\n|-activate|p2a: Lumineon|move: Sticky Web\n|-unboost|p2a: Lumineon|spe|1\n|-damage|p2a: Lumineon|238/271|[from] Stealth Rock\n|move|p1a: Rhydon|Megahorn|p2a: Lumineon\n|-damage|p2a: Lumineon|122/271\n|\n|-heal|p2a: Lumineon|138/271|[from] item: Leftovers\n|-damage|p1a: Rhydon|234/310 tox|[from] psn\n|upkeep\n|turn|7\n|\n|t:|1768750135\n|switch|p1a: Ludicolo|Ludicolo, L88, M|284/284\n|-damage|p1a: Ludicolo|249/284|[from] Stealth Rock\n|move|p2a: Lumineon|Scald|p1a: Ludicolo\n|-resisted|p1a: Ludicolo\n|-damage|p1a: Ludicolo|234/284\n|\n|-heal|p2a: Lumineon|154/271|[from] item: Leftovers\n|upkeep\n|turn|8\n|\n|t:|1768750141\n|switch|p2a: Amoonguss|Amoonguss, L83, M|325/325\n|-activate|p2a: Amoonguss|move: Sticky Web\n|-unboost|p2a: Amoonguss|spe|1\n|-damage|p2a: Amoonguss|285/325|[from] Stealth Rock\n|move|p1a: Ludicolo|Giga Drain|p2a: Amoonguss\n|-resisted|p2a: Amoonguss\n|-damage|p2a: Amoonguss|254/325\n|-heal|p1a: Ludicolo|250/284|[from] drain|[of] p2a: Amoonguss\n|-damage|p1a: Ludicolo|222/284|[from] item: Life Orb\n|\n|upkeep\n|turn|9\n|\n|t:|1768750151\n|switch|p1a: Sigilyph|Sigilyph, L83, F|255/255\n|move|p2a: Amoonguss|Sludge Bomb|p1a: Sigilyph\n|-damage|p1a: Sigilyph|164/255\n|\n|upkeep\n|turn|10\n|\n|t:|1768750159\n|move|p1a: Sigilyph|Air Slash|p2a: Amoonguss\n|-supereffective|p2a: Amoonguss\n|-damage|p2a: Amoonguss|4/325\n|cant|p2a: Amoonguss|flinch\n|\n|upkeep\n|turn|11\n|\n|t:|1768750164\n|move|p1a: Sigilyph|Psyshock|p2a: Amoonguss\n|-supereffective|p2a: Amoonguss\n|-damage|p2a: Amoonguss|0 fnt\n|faint|p2a: Amoonguss\n|\n|upkeep\n|\n|t:|1768750175\n|switch|p2a: Hoopa|Hoopa, L84|272/272\n|-activate|p2a: Hoopa|move: Sticky Web\n|-unboost|p2a: Hoopa|spe|1\n|-damage|p2a: Hoopa|238/272|[from] Stealth Rock\n|turn|12\n|\n|t:|1768750184\n|switch|p1a: Purugly|Purugly, L88, M|268/268\n|-damage|p1a: Purugly|235/268|[from] Stealth Rock\n|move|p2a: Hoopa|Shadow Ball|p1a: Purugly\n|-immune|p1a: Purugly\n|\n|upkeep\n|turn|13\n|\n|t:|1768750193\n|switch|p2a: Tyrantrum|Tyrantrum, L80, F|262/262\n|-activate|p2a: Tyrantrum|move: Sticky Web\n|-unboost|p2a: Tyrantrum|spe|1\n|-damage|p2a: Tyrantrum|230/262|[from] Stealth Rock\n|move|p1a: Purugly|Knock Off|p2a: Tyrantrum\n|-damage|p2a: Tyrantrum|153/262\n|-enditem|p2a: Tyrantrum|Choice Band|[from] move: Knock Off|[of] p1a: Purugly\n|\n|upkeep\n|turn|14\n|\n|t:|1768750198\n|switch|p1a: Rhydon|Rhydon, L83, M|234/310 tox\n|-damage|p1a: Rhydon|215/310 tox|[from] Stealth Rock\n|move|p2a: Tyrantrum|Head Smash|p1a: Rhydon\n|-resisted|p1a: Rhydon\n|-damage|p1a: Rhydon|167/310 tox\n|\n|-damage|p1a: Rhydon|148/310 tox|[from] psn\n|upkeep\n|turn|15\n|\n|t:|1768750209\n|move|p1a: Rhydon|Megahorn|p2a: Tyrantrum\n|-damage|p2a: Tyrantrum|68/262\n|move|p2a: Tyrantrum|Superpower|p1a: Rhydon\n|-supereffective|p1a: Rhydon\n|-damage|p1a: Rhydon|52/310 tox\n|-unboost|p2a: Tyrantrum|atk|1\n|-unboost|p2a: Tyrantrum|def|1\n|\n|-damage|p1a: Rhydon|14/310 tox|[from] psn\n|upkeep\n|turn|16\n|\n|t:|1768750212\n|move|p1a: Rhydon|Megahorn|p2a: Tyrantrum\n|-damage|p2a: Tyrantrum|0 fnt\n|faint|p2a: Tyrantrum\n|\n|-damage|p1a: Rhydon|0 fnt|[from] psn\n|faint|p1a: Rhydon\n|upkeep\n|\n|t:|1768750219\n|switch|p2a: Mesprit|Mesprit, L85|275/275\n|switch|p1a: Purugly|Purugly, L88, M|235/268\n|-damage|p1a: Purugly|202/268|[from] Stealth Rock\n|-damage|p2a: Mesprit|241/275|[from] Stealth Rock\n|turn|17\n|\n|t:|1768750224\n|move|p1a: Purugly|Knock Off|p2a: Mesprit\n|-supereffective|p2a: Mesprit\n|-damage|p2a: Mesprit|73/275\n|-enditem|p2a: Mesprit|Leftovers|[from] move: Knock Off|[of] p1a: Purugly\n|move|p2a: Mesprit|Knock Off|p1a: Purugly\n|-damage|p1a: Purugly|115/268\n|-enditem|p1a: Purugly|Choice Band|[from] move: Knock Off|[of] p2a: Mesprit\n|\n|upkeep\n|turn|18\n|\n|t:|1768750228\n|move|p1a: Purugly|Return|p2a: Mesprit\n|-damage|p2a: Mesprit|0 fnt\n|faint|p2a: Mesprit\n|\n|upkeep\n|\n|t:|1768750237\n|switch|p2a: Mismagius|Mismagius, L85, M|241/241\n|-damage|p2a: Mismagius|211/241|[from] Stealth Rock\n|turn|19\n|\n|t:|1768750242\n|move|p1a: Purugly|Knock Off|p2a: Mismagius\n|-supereffective|p2a: Mismagius\n|-damage|p2a: Mismagius|51/241\n|-enditem|p2a: Mismagius|Leftovers|[from] move: Knock Off|[of] p1a: Purugly\n|move|p2a: Mismagius|Will-O-Wisp|p1a: Purugly\n|-status|p1a: Purugly|brn\n|\n|-damage|p1a: Purugly|82/268 brn|[from] brn\n|upkeep\n|turn|20\n|\n|t:|1768750253\n|move|p1a: Purugly|Knock Off|p2a: Mismagius\n|-supereffective|p2a: Mismagius\n|-damage|p2a: Mismagius|0 fnt\n|faint|p2a: Mismagius\n|\n|-damage|p1a: Purugly|49/268 brn|[from] brn\n|upkeep\n|\n|t:|1768750255\n|switch|p2a: Lumineon|Lumineon, L90, M|154/271\n|-activate|p2a: Lumineon|move: Sticky Web\n|-unboost|p2a: Lumineon|spe|1\n|-damage|p2a: Lumineon|121/271|[from] Stealth Rock\n|turn|21\n|\n|t:|1768750260\n|move|p1a: Purugly|Return|p2a: Lumineon\n|-damage|p2a: Lumineon|67/271\n|move|p2a: Lumineon|Defog|p1a: Purugly\n|-unboost|p1a: Purugly|evasion|1\n|-sideend|p1: JBas234|Stealth Rock|[from] move: Defog|[of] p2a: Lumineon\n|-sideend|p2: arboretums|Stealth Rock|[from] move: Defog|[of] p2a: Lumineon\n|-sideend|p2: arboretums|Sticky Web|[from] move: Defog|[of] p2a: Lumineon\n|\n|-heal|p2a: Lumineon|83/271|[from] item: Leftovers\n|-damage|p1a: Purugly|16/268 brn|[from] brn\n|upkeep\n|turn|22\n|\n|t:|1768750266\n|move|p1a: Purugly|Return|p2a: Lumineon\n|-damage|p2a: Lumineon|25/271\n|move|p2a: Lumineon|Ice Beam|p1a: Purugly\n|-damage|p1a: Purugly|0 fnt\n|faint|p1a: Purugly\n|\n|-heal|p2a: Lumineon|41/271|[from] item: Leftovers\n|upkeep\n|\n|t:|1768750274\n|switch|p1a: Ludicolo|Ludicolo, L88, M|222/284\n|turn|23\n|\n|t:|1768750288\n|move|p1a: Ludicolo|Giga Drain|p2a: Lumineon\n|-supereffective|p2a: Lumineon\n|-damage|p2a: Lumineon|0 fnt\n|-heal|p1a: Ludicolo|243/284|[from] drain|[of] p2a: Lumineon\n|faint|p2a: Lumineon\n|-damage|p1a: Ludicolo|215/284|[from] item: Life Orb\n|\n|upkeep\n|\n|t:|1768750289\n|switch|p2a: Hoopa|Hoopa, L84|238/272\n|turn|24\n|\n|t:|1768750292\n|move|p1a: Ludicolo|Giga Drain|p2a: Hoopa\n|-damage|p2a: Hoopa|155/272\n|-heal|p1a: Ludicolo|257/284|[from] drain|[of] p2a: Hoopa\n|-damage|p1a: Ludicolo|229/284|[from] item: Life Orb\n|move|p2a: Hoopa|Nasty Plot|p2a: Hoopa\n|-boost|p2a: Hoopa|spa|2\n|\n|upkeep\n|turn|25\n|\n|t:|1768750296\n|move|p1a: Ludicolo|Giga Drain|p2a: Hoopa\n|-damage|p2a: Hoopa|81/272\n|-heal|p1a: Ludicolo|266/284|[from] drain|[of] p2a: Hoopa\n|-damage|p1a: Ludicolo|238/284|[from] item: Life Orb\n|move|p2a: Hoopa|Psyshock|p1a: Ludicolo\n|-damage|p1a: Ludicolo|0 fnt\n|faint|p1a: Ludicolo\n|-damage|p2a: Hoopa|54/272|[from] item: Life Orb\n|\n|upkeep\n|\n|t:|1768750307\n|switch|p1a: Muk|Muk, L88, M|328/328\n|turn|26\n|\n|t:|1768750310\n|move|p2a: Hoopa|Shadow Ball|p1a: Muk\n|-damage|p1a: Muk|69/328\n|-damage|p2a: Hoopa|27/272|[from] item: Life Orb\n|move|p1a: Muk|Poison Jab|p2a: Hoopa\n|-resisted|p2a: Hoopa\n|-damage|p2a: Hoopa|0 fnt\n|faint|p2a: Hoopa\n|\n|win|JBas234\n|raw|JBas234's rating: 1519 &rarr; <strong>1547</strong><br />(+28 for winning)\n|raw|arboretums's rating: 1673 &rarr; <strong>1645</strong><br />(-28 for losing)\n", "inputlog": ">version 3bd1a1e329da8d286644078cfc9a9638fc7ea025\n>start {\"formatid\":\"gen6randombattle\",\"seed\":\"sodium,062858597c39b9afafcb3be0f34feb53\",\"rated\":\"Rated battle\"}\n>player p1 {\"name\":\"JBas234\",\"avatar\":\"265\",\"rating\":1519,\"seed\":\"sodium,4f47f7a272264662341c6aeeed95eaa5\"}\n>player p2 {\"name\":\"arboretums\",\"avatar\":\"serena-masters2\",\"rating\":1673,\"seed\":\"sodium,81d93533fe2c6fb240e1bd7771e4297f\"}\n>p1 move poisonjab\n>p2 switch 5\n>p1 switch 3\n>p2 move stealthrock\n>p1 move stickyweb\n>p2 move psychic\n>p1 move megahorn\n>p2 move knockoff\n>p1 switch 4\n>p1 move stealthrock\n>p2 move toxic\n>p1 move megahorn\n>p2 switch 5\n>p1 switch 5\n>p2 move scald\n>p1 move gigadrain\n>p2 switch 3\n>p1 switch 2\n>p2 move sludgebomb\n>p1 move airslash\n>p2 move spore\n>p1 move psyshock\n>p2 move spore\n>p2 switch 2\n>p1 switch 6\n>p2 move shadowball\n>p1 move knockoff\n>p2 switch 4\n>p1 switch 5\n>p2 move headsmash\n>p1 move megahorn\n>p2 move superpower\n>p1 move megahorn\n>p2 move superpower\n>p1 switch 5\n>p2 switch 5\n>p1 move knockoff\n>p2 move knockoff\n>p1 move return\n>p2 move psychic\n>p2 switch 6\n>p1 move knockoff\n>p2 move willowisp\n>p1 move knockoff\n>p2 move dazzlinggleam\n>p2 switch 3\n>p1 move return\n>p2 move defog\n>p1 move return\n>p2 move icebeam\n>p1 switch 2\n>p1 move gigadrain\n>p2 move icebeam\n>p2 switch 4\n>p1 move gigadrain\n>p2 move nastyplot\n>p1 move gigadrain\n>p2 move psyshock\n>p1 switch 3\n>p1 move poisonjab\n>p2 move shadowball", "uploadtime": 1768750312, "views": 284, "formatid": "gen6randombattle", "rating": 1547, "private": 0, "password": null}