{"id": "gen6randombattle-2534574039", "format": "[Gen 6] Random Battle", "players": ["gdhjdj", "Weissguy411"], "log": "|j|☆gdhjdj\n|j|☆Weissguy411\n|t:|1770439233\n|gametype|singles\n|player|p1|gdhjdj|102|1506\n|player|p2|Weissguy411|101|1547\n|gen|6\n|tier|[Gen 6] Random Battle\n|rated|\n|rule|Sleep Clause Mod: Limit one foe put to sleep\n|rule|HP Percentage Mod: HP is shown in percentages\n|rule|Illusion Level Mod: Illusion disguises the Pokémon's true level\n|\n|t:|1770439233\n|teamsize|p1|6\n|teamsize|p2|6\n|start\n|switch|p1a: Meloetta|Meloetta, L82|298/298\n|switch|p2a: Mightyena|Mightyena, L93, F|281/281\n|-ability|p2a: Mightyena|Intimidate|boost\n|-unboost|p1a: Meloetta|atk|1\n|turn|1\n|inactive|Battle timer is ON: inactive players will automatically lose when time's up. (requested by Weissguy411)\n|\n|t:|1770439243\n|move|p1a: Meloetta|Focus Blast|p2a: Mightyena\n|-supereffective|p2a: Mightyena\n|-damage|p2a: Mightyena|0 fnt\n|faint|p2a: Mightyena\n|\n|upkeep\n|\n|t:|1770439257\n|switch|p2a: Cofagrigus|Cofagrigus, L86, F|240/240\n|turn|2\n|\n|t:|1770439267\n|switch|p1a: Scrafty|Scrafty, L83, M|244/244\n|move|p2a: Cofagrigus|Trick Room|p2a: Cofagrigus\n|-fieldstart|move: Trick Room|[of] p2a: Cofagrigus\n|\n|upkeep\n|turn|3\n|\n|t:|1770439282\n|switch|p2a: Toxicroak|Toxicroak, L83, M|273/273\n|move|p1a: Scrafty|Knock Off|p2a: Toxicroak\n|-resisted|p2a: Toxicroak\n|-damage|p2a: Toxicroak|218/273\n|-enditem|p2a: Toxicroak|Life Orb|[from] move: Knock Off|[of] p1a: Scrafty\n|\n|upkeep\n|turn|4\n|\n|t:|1770439293\n|switch|p1a: Lanturn|Lanturn, L86, F|355/355\n|move|p2a: Toxicroak|Drain Punch|p1a: Lanturn\n|-damage|p1a: Lanturn|249/355\n|-heal|p2a: Toxicroak|271/273|[from] drain|[of] p1a: Lanturn\n|\n|-heal|p1a: Lanturn|271/355|[from] item: Leftovers\n|upkeep\n|turn|5\n|\n|t:|1770439304\n|switch|p2a: Cradily|Cradily, L89, M|298/298\n|move|p1a: Lanturn|Thunderbolt|p2a: Cradily\n|-resisted|p2a: Cradily\n|-damage|p2a: Cradily|267/298\n|\n|-heal|p2a: Cradily|285/298|[from] item: Leftovers\n|-heal|p1a: Lanturn|293/355|[from] item: Leftovers\n|upkeep\n|turn|6\n|\n|t:|1770439311\n|switch|p1a: Scrafty|Scrafty, L83, M|244/244\n|move|p2a: Cradily|Stealth Rock|p1a: Scrafty\n|-sidestart|p1: gdhjdj|move: Stealth Rock\n|\n|-heal|p2a: Cradily|298/298|[from] item: Leftovers\n|-fieldend|move: Trick Room\n|upkeep\n|turn|7\n|\n|t:|1770439314\n|switch|p2a: Cofagrigus|Cofagrigus, L86, F|240/240\n|move|p1a: Scrafty|Bulk Up|p1a: Scrafty\n|-boost|p1a: Scrafty|atk|1\n|-boost|p1a: Scrafty|def|1\n|\n|upkeep\n|turn|8\n|\n|t:|1770439325\n|switch|p2a: Toxicroak|Toxicroak, L83, M|271/273\n|move|p1a: Scrafty|Knock Off|p2a: Toxicroak\n|-resisted|p2a: Toxicroak\n|-damage|p2a: Toxicroak|211/273\n|\n|upkeep\n|turn|9\n|\n|t:|1770439331\n|switch|p1a: Lanturn|Lanturn, L86, F|293/355\n|-damage|p1a: Lanturn|249/355|[from] Stealth Rock\n|move|p2a: Toxicroak|Drain Punch|p1a: Lanturn\n|-damage|p1a: Lanturn|144/355\n|-heal|p2a: Toxicroak|264/273|[from] drain|[of] p1a: Lanturn\n|\n|-heal|p1a: Lanturn|166/355|[from] item: Leftovers\n|upkeep\n|turn|10\n|\n|t:|1770439338\n|switch|p2a: Cradily|Cradily, L89, M|298/298\n|move|p1a: Lanturn|Thunderbolt|p2a: Cradily\n|-resisted|p2a: Cradily\n|-damage|p2a: Cradily|263/298\n|\n|-heal|p1a: Lanturn|188/355|[from] item: Leftovers\n|-heal|p2a: Cradily|281/298|[from] item: Leftovers\n|upkeep\n|turn|11\n|\n|t:|1770439344\n|move|p1a: Lanturn|Toxic|p2a: Cradily|[miss]\n|-miss|p1a: Lanturn|p2a: Cradily\n|move|p2a: Cradily|Giga Drain|p1a: Lanturn\n|-supereffective|p1a: Lanturn\n|-damage|p1a: Lanturn|12/355\n|-heal|p2a: Cradily|298/298|[from] drain|[of] p1a: Lanturn\n|\n|-heal|p1a: Lanturn|34/355|[from] item: Leftovers\n|upkeep\n|turn|12\n|\n|t:|1770439348\n|switch|p2a: Toxicroak|Toxicroak, L83, M|264/273\n|move|p1a: Lanturn|Toxic|p2a: Toxicroak\n|-immune|p2a: Toxicroak\n|\n|-heal|p1a: Lanturn|56/355|[from] item: Leftovers\n|upkeep\n|turn|13\n|\n|t:|1770439356\n|switch|p1a: Gliscor|Gliscor, L77, M|242/242\n|-damage|p1a: Gliscor|212/242|[from] Stealth Rock\n|move|p2a: Toxicroak|Drain Punch|p1a: Gliscor\n|-resisted|p1a: Gliscor\n|-damage|p1a: Gliscor|177/242\n|-heal|p2a: Toxicroak|273/273|[from] drain|[of] p1a: Gliscor\n|\n|-status|p1a: Gliscor|tox|[from] item: Toxic Orb\n|upkeep\n|turn|14\n|\n|t:|1770439372\n|switch|p2a: Cofagrigus|Cofagrigus, L86, F|240/240\n|move|p1a: Gliscor|Swords Dance|p1a: Gliscor\n|-boost|p1a: Gliscor|atk|2\n|\n|-heal|p1a: Gliscor|207/242 tox|[from] ability: Poison Heal\n|upkeep\n|turn|15\n|\n|t:|1770439377\n|move|p1a: Gliscor|Earthquake|p2a: Cofagrigus\n|-damage|p2a: Cofagrigus|123/240\n|move|p2a: Cofagrigus|Shadow Ball|p1a: Gliscor\n|-damage|p1a: Gliscor|98/242 tox\n|-unboost|p1a: Gliscor|spd|1\n|\n|-heal|p2a: Cofagrigus|138/240|[from] item: Leftovers\n|-heal|p1a: Gliscor|128/242 tox|[from] ability: Poison Heal\n|upkeep\n|turn|16\n|\n|t:|1770439384\n|switch|p1a: Lanturn|Lanturn, L86, F|56/355\n|-damage|p1a: Lanturn|12/355|[from] Stealth Rock\n|move|p2a: Cofagrigus|Nasty Plot|p2a: Cofagrigus\n|-boost|p2a: Cofagrigus|spa|2\n|\n|-heal|p1a: Lanturn|34/355|[from] item: Leftovers\n|-heal|p2a: Cofagrigus|153/240|[from] item: Leftovers\n|upkeep\n|turn|17\n|\n|t:|1770439388\n|move|p1a: Lanturn|Toxic|p2a: Cofagrigus\n|-status|p2a: Cofagrigus|tox\n|move|p2a: Cofagrigus|Trick Room|p2a: Cofagrigus\n|-fieldstart|move: Trick Room|[of] p2a: Cofagrigus\n|\n|-heal|p2a: Cofagrigus|168/240 tox|[from] item: Leftovers\n|-heal|p1a: Lanturn|56/355|[from] item: Leftovers\n|-damage|p2a: Cofagrigus|153/240 tox|[from] psn\n|upkeep\n|turn|18\n|\n|t:|1770439392\n|move|p2a: Cofagrigus|Hidden Power|p1a: Lanturn\n|-damage|p1a: Lanturn|0 fnt\n|faint|p1a: Lanturn\n|\n|-heal|p2a: Cofagrigus|168/240 tox|[from] item: Leftovers\n|-damage|p2a: Cofagrigus|138/240 tox|[from] psn\n|upkeep\n|\n|t:|1770439399\n|switch|p1a: Lickilicky|Lickilicky, L88, F|337/337\n|-damage|p1a: Lickilicky|295/337|[from] Stealth Rock\n|-ability|p1a: Lickilicky|Cloud Nine\n|turn|19\n|\n|t:|1770439402\n|move|p2a: Cofagrigus|Hidden Power|p1a: Lickilicky\n|-supereffective|p1a: Lickilicky\n|-damage|p1a: Lickilicky|191/337\n|move|p1a: Lickilicky|Dragon Tail|p2a: Cofagrigus\n|-damage|p2a: Cofagrigus|110/240 tox\n|-ability|p1a: Lickilicky|Mummy|Cloud Nine|[from] ability: Mummy|[of] p2a: Cofagrigus\n|-activate|p2a: Cofagrigus|ability: Mummy|Cloud Nine|[of] p1a: Lickilicky\n|drag|p2a: Palkia|Palkia, L73|252/252\n|-ability|p2a: Palkia|Pressure\n|\n|upkeep\n|turn|20\n|\n|t:|1770439413\n|move|p1a: Lickilicky|Explosion|p2a: Palkia\n|-damage|p2a: Palkia|0 fnt\n|faint|p1a: Lickilicky\n|faint|p2a: Palkia\n|\n|upkeep\n|\n|t:|1770439419\n|switch|p1a: Scrafty|Scrafty, L83, M|244/244\n|switch|p2a: Toxicroak|Toxicroak, L83, M|273/273\n|-damage|p1a: Scrafty|229/244|[from] Stealth Rock\n|turn|21\n|\n|t:|1770439424\n|switch|p1a: Gliscor|Gliscor, L77, M|128/242 tox\n|-damage|p1a: Gliscor|98/242 tox|[from] Stealth Rock\n|move|p2a: Toxicroak|Knock Off|p1a: Gliscor\n|-damage|p1a: Gliscor|35/242 tox\n|-enditem|p1a: Gliscor|Toxic Orb|[from] move: Knock Off|[of] p2a: Toxicroak\n|\n|-heal|p1a: Gliscor|65/242 tox|[from] ability: Poison Heal\n|-fieldend|move: Trick Room\n|upkeep\n|turn|22\n|\n|t:|1770439429\n|switch|p2a: Cofagrigus|Cofagrigus, L86, F|110/240 tox\n|move|p1a: Gliscor|Earthquake|p2a: Cofagrigus\n|-damage|p2a: Cofagrigus|53/240 tox\n|\n|-heal|p2a: Cofagrigus|68/240 tox|[from] item: Leftovers\n|-heal|p1a: Gliscor|95/242 tox|[from] ability: Poison Heal\n|-damage|p2a: Cofagrigus|53/240 tox|[from] psn\n|upkeep\n|turn|23\n|\n|t:|1770439435\n|move|p1a: Gliscor|Earthquake|p2a: Cofagrigus\n|-damage|p2a: Cofagrigus|0 fnt\n|faint|p2a: Cofagrigus\n|\n|-heal|p1a: Gliscor|125/242 tox|[from] ability: Poison Heal\n|upkeep\n|\n|t:|1770439444\n|switch|p2a: Cradily|Cradily, L89, M|298/298\n|turn|24\n|\n|t:|1770439450\n|switch|p1a: Scrafty|Scrafty, L83, M|229/244\n|-damage|p1a: Scrafty|214/244|[from] Stealth Rock\n|move|p2a: Cradily|Stone Edge|p1a: Scrafty\n|-resisted|p1a: Scrafty\n|-crit|p1a: Scrafty\n|-damage|p1a: Scrafty|155/244\n|\n|-heal|p1a: Scrafty|170/244|[from] item: Leftovers\n|upkeep\n|turn|25\n|\n|t:|1770439454\n|switch|p2a: Toxicroak|Toxicroak, L83, M|273/273\n|move|p1a: Scrafty|Drain Punch|p2a: Toxicroak\n|-resisted|p2a: Toxicroak\n|-damage|p2a: Toxicroak|227/273\n|-heal|p1a: Scrafty|193/244|[from] drain|[of] p2a: Toxicroak\n|\n|-heal|p1a: Scrafty|208/244|[from] item: Leftovers\n|upkeep\n|turn|26\n|\n|t:|1770439459\n|switch|p1a: Meloetta|Meloetta, L82|298/298\n|-damage|p1a: Meloetta|261/298|[from] Stealth Rock\n|move|p2a: Toxicroak|Drain Punch|p1a: Meloetta\n|-damage|p1a: Meloetta|165/298\n|-heal|p2a: Toxicroak|273/273|[from] drain|[of] p1a: Meloetta\n|\n|upkeep\n|turn|27\n|\n|t:|1770439462\n|move|p1a: Meloetta|Psyshock|p2a: Toxicroak\n|-supereffective|p2a: Toxicroak\n|-damage|p2a: Toxicroak|0 fnt\n|faint|p2a: Toxicroak\n|\n|upkeep\n|\n|t:|1770439467\n|switch|p2a: Cradily|Cradily, L89, M|298/298\n|turn|28\n|\n|t:|1770439471\n|switch|p1a: Scrafty|Scrafty, L83, M|208/244\n|-damage|p1a: Scrafty|193/244|[from] Stealth Rock\n|move|p2a: Cradily|Stone Edge|p1a: Scrafty\n|-resisted|p1a: Scrafty\n|-damage|p1a: Scrafty|150/244\n|\n|-heal|p1a: Scrafty|165/244|[from] item: Leftovers\n|upkeep\n|turn|29\n|\n|t:|1770439473\n|move|p1a: Scrafty|Drain Punch|p2a: Cradily\n|-supereffective|p2a: Cradily\n|-damage|p2a: Cradily|164/298\n|-heal|p1a: Scrafty|232/244|[from] drain|[of] p2a: Cradily\n|move|p2a: Cradily|Giga Drain|p1a: Scrafty\n|-damage|p1a: Scrafty|165/244\n|-heal|p2a: Cradily|198/298|[from] drain|[of] p1a: Scrafty\n|\n|-heal|p1a: Scrafty|180/244|[from] item: Leftovers\n|-heal|p2a: Cradily|216/298|[from] item: Leftovers\n|upkeep\n|turn|30\n|-message|Weissguy411 forfeited.\n|\n|win|gdhjdj\n|raw|gdhjdj's rating: 1506 &rarr; <strong>1528</strong><br />(+22 for winning)\n|raw|Weissguy411's rating: 1547 &rarr; <strong>1525</strong><br />(-22 for losing)\n|l|☆Weissguy411\n|player|p2|\n", "inputlog": ">version ccdc32dd7cde25fd9e4bed64820e885f66e78a4e\n>start {\"formatid\":\"gen6randombattle\",\"seed\":\"sodium,8c06e34500a922d91c7308e2dfb2e60f\",\"rated\":\"Rated battle\"}\n>player p1 {\"name\":\"gdhjdj\",\"avatar\":\"102\",\"rating\":1506,\"seed\":\"sodium,6b9bf5b8b3248f492f0d60d7276a0c6f\"}\n>player p2 {\"name\":\"Weissguy411\",\"avatar\":\"101\",\"rating\":1547,\"seed\":\"sodium,868b5def4b0a4f8a6bd786e9b5fed1a1\"}\n>p1 move focusblast\n>p2 move crunch\n>p2 switch 3\n>p1 switch 6\n>p2 move trickroom\n>p1 move knockoff\n>p2 switch 6\n>p1 switch 5\n>p2 move drainpunch\n>p1 move thunderbolt\n>p2 switch 5\n>p1 switch 5\n>p2 move stealthrock\n>p1 move bulkup\n>p2 switch 6\n>p1 move knockoff\n>p2 switch 5\n>p1 switch 5\n>p2 move drainpunch\n>p1 move thunderbolt\n>p2 switch 6\n>p1 move toxic\n>p2 move gigadrain\n>p1 move toxic\n>p2 switch 6\n>p1 switch 4\n>p2 move drainpunch\n>p1 move swordsdance\n>p2 switch 5\n>p1 move earthquake\n>p2 move shadowball\n>p1 switch 4\n>p2 move nastyplot\n>p1 move toxic\n>p2 move trickroom\n>p1 move thunderbolt\n>p2 move hiddenpower\n>p1 switch 3\n>p1 move dragontail\n>p2 move hiddenpower\n>p1 move explosion\n>p2 move dracometeor\n>p1 switch 5\n>p2 switch 5\n>p1 switch 4\n>p2 move knockoff\n>p1 move earthquake\n>p2 switch 2\n>p1 move earthquake\n>p2 move nastyplot\n>p2 switch 6\n>p1 switch 4\n>p2 move stoneedge\n>p1 move drainpunch\n>p2 switch 2\n>p1 switch 6\n>p2 move drainpunch\n>p1 move psyshock\n>p2 move knockoff\n>p2 switch 2\n>p1 switch 6\n>p2 move stoneedge\n>p1 move drainpunch\n>p2 move gigadrain\n>forcelose p2", "uploadtime": 1770439479, "views": 267, "formatid": "gen6randombattle", "rating": 1525, "private": 0, "password": null}