{"id": "gen6randombattle-2531900764", "format": "[Gen 6] Random Battle", "players": ["Blatjanglover", "pooster"], "log": "|j|☆Blatjanglover\n|j|☆pooster\n|t:|1770118183\n|gametype|singles\n|player|p1|Blatjanglover|brock|1665\n|player|p2|pooster|clown|1481\n|gen|6\n|tier|[Gen 6] Random Battle\n|rated|\n|rule|Sleep Clause Mod: Limit one foe put to sleep\n|rule|HP Percentage Mod: HP is shown in percentages\n|rule|Illusion Level Mod: Illusion disguises the Pokémon's true level\n|\n|t:|1770118183\n|teamsize|p1|6\n|teamsize|p2|6\n|start\n|switch|p1a: Cobalion|Cobalion, L77|267/267\n|switch|p2a: Throh|Throh, L88, M|354/354\n|turn|1\n|inactive|Battle timer is ON: inactive players will automatically lose when time's up. (requested by pooster)\n|\n|t:|1770118197\n|switch|p1a: Moltres|Moltres, L81|277/277\n|move|p2a: Throh|Circle Throw|p1a: Moltres\n|-resisted|p1a: Moltres\n|-damage|p1a: Moltres|243/277\n|drag|p1a: Pyroar|Pyroar, L86, F|288/288\n|-ability|p1a: Pyroar|Unnerve\n|\n|upkeep\n|turn|2\n|\n|t:|1770118207\n|switch|p1a: Moltres|Moltres, L81|243/277\n|move|p2a: Throh|Circle Throw|p1a: Moltres\n|-resisted|p1a: Moltres\n|-damage|p1a: Moltres|205/277\n|-status|p2a: Throh|brn|[from] ability: Flame Body|[of] p1a: Moltres\n|drag|p1a: Pyroar|Pyroar, L86, F|288/288\n|-ability|p1a: Pyroar|Unnerve\n|\n|-damage|p2a: Throh|310/354 brn|[from] brn\n|upkeep\n|turn|3\n|\n|t:|1770118212\n|switch|p1a: Moltres|Moltres, L81|205/277\n|move|p2a: Throh|Rest|p2a: Throh\n|-status|p2a: Throh|slp|[from] move: Rest\n|-heal|p2a: Throh|354/354 slp|[silent]\n|\n|-heal|p1a: Moltres|222/277|[from] item: Leftovers\n|upkeep\n|turn|4\n|\n|t:|1770118216\n|switch|p2a: Electrode|Electrode, L88|249/249\n|move|p1a: Moltres|Hurricane|p2a: Electrode\n|-resisted|p2a: Electrode\n|-damage|p2a: Electrode|180/249\n|\n|-heal|p2a: Electrode|195/249|[from] item: Leftovers\n|-heal|p1a: Moltres|239/277|[from] item: Leftovers\n|upkeep\n|turn|5\n|\n|t:|1770118220\n|switch|p1a: Chansey|Chansey, L86, F|570/570\n|move|p2a: Electrode|Thunder Wave|p1a: Chansey\n|-status|p1a: Chansey|par\n|\n|-heal|p2a: Electrode|210/249|[from] item: Leftovers\n|upkeep\n|turn|6\n|\n|t:|1770118224\n|move|p2a: Electrode|Volt Switch|p1a: Chansey\n|-damage|p1a: Chansey|533/570 par\n|\n|t:|1770118227\n|switch|p2a: Throh|Throh, L88, M|354/354 slp|[from] Volt Switch\n|move|p1a: Chansey|Seismic Toss|p2a: Throh\n|-damage|p2a: Throh|268/354 slp\n|\n|-heal|p2a: Throh|290/354 slp|[from] item: Leftovers\n|upkeep\n|turn|7\n|\n|t:|1770118231\n|-curestatus|p1a: Chansey|par|[from] ability: Natural Cure\n|switch|p1a: Moltres|Moltres, L81|239/277\n|cant|p2a: Throh|slp\n|move|p2a: Throh|Sleep Talk|p2a: Throh\n|move|p2a: Throh|Knock Off|p1a: Moltres|[from] move: Sleep Talk\n|-damage|p1a: Moltres|126/277\n|-enditem|p1a: Moltres|Leftovers|[from] move: Knock Off|[of] p2a: Throh\n|\n|-heal|p2a: Throh|312/354 slp|[from] item: Leftovers\n|upkeep\n|turn|8\n|\n|t:|1770118242\n|switch|p2a: Pidgeot|Pidgeot, L77, M|254/254\n|move|p1a: Moltres|Roost|p1a: Moltres\n|-heal|p1a: Moltres|265/277\n|-singleturn|p1a: Moltres|move: Roost\n|\n|upkeep\n|turn|9\n|\n|t:|1770118246\n|detailschange|p2a: Pidgeot|Pidgeot-Mega, L77, M\n|-mega|p2a: Pidgeot|Pidgeot|Pidgeotite\n|move|p2a: Pidgeot|Hurricane|p1a: Moltres\n|-damage|p1a: Moltres|135/277\n|move|p1a: Moltres|Hurricane|p2a: Pidgeot\n|-damage|p2a: Pidgeot|91/254\n|\n|upkeep\n|turn|10\n|\n|t:|1770118252\n|switch|p1a: Chansey|Chansey, L86, F|533/570\n|move|p2a: Pidgeot|Hurricane|p1a: Chansey\n|-damage|p1a: Chansey|457/570\n|\n|upkeep\n|turn|11\n|\n|t:|1770118254\n|move|p2a: Pidgeot|U-turn|p1a: Chansey\n|-crit|p1a: Chansey\n|-damage|p1a: Chansey|343/570\n|\n|t:|1770118257\n|switch|p2a: Throh|Throh, L88, M|312/354 slp|[from] U-turn\n|move|p1a: Chansey|Wish|p1a: Chansey\n|\n|-heal|p2a: Throh|334/354 slp|[from] item: Leftovers\n|upkeep\n|turn|12\n|\n|t:|1770118263\n|switch|p1a: Moltres|Moltres, L81|135/277\n|cant|p2a: Throh|slp\n|move|p2a: Throh|Sleep Talk|p2a: Throh\n|move|p2a: Throh|Circle Throw|p1a: Moltres|[from] move: Sleep Talk|[miss]\n|-miss|p2a: Throh|p1a: Moltres\n|\n|-heal|p1a: Moltres|277/277|[from] move: Wish|[wisher] Chansey\n|-heal|p2a: Throh|354/354 slp|[from] item: Leftovers\n|upkeep\n|turn|13\n|\n|t:|1770118272\n|switch|p2a: Electrode|Electrode, L88|210/249\n|move|p1a: Moltres|Fire Blast|p2a: Electrode\n|-damage|p2a: Electrode|75/249\n|\n|-heal|p2a: Electrode|90/249|[from] item: Leftovers\n|upkeep\n|turn|14\n|\n|t:|1770118285\n|switch|p1a: Chansey|Chansey, L86, F|343/570\n|move|p2a: Electrode|Volt Switch|p1a: Chansey\n|-damage|p1a: Chansey|306/570\n|\n|t:|1770118287\n|switch|p2a: Primeape|Primeape, L87, M|255/255|[from] Volt Switch\n|\n|upkeep\n|turn|15\n|\n|t:|1770118295\n|switch|p1a: Cobalion|Cobalion, L77|267/267\n|move|p2a: Primeape|Stone Edge|p1a: Cobalion\n|-resisted|p1a: Cobalion\n|-damage|p1a: Cobalion|251/267\n|\n|-heal|p1a: Cobalion|267/267|[from] item: Leftovers\n|upkeep\n|turn|16\n|\n|t:|1770118307\n|switch|p2a: Electrode|Electrode, L88|90/249\n|switch|p1a: Moltres|Moltres, L81|277/277\n|\n|-heal|p2a: Electrode|105/249|[from] item: Leftovers\n|upkeep\n|turn|17\n|\n|t:|1770118314\n|switch|p1a: Zygarde|Zygarde, L77|293/293\n|-ability|p1a: Zygarde|Aura Break\n|move|p2a: Electrode|Thunder Wave|p1a: Zygarde\n|-immune|p1a: Zygarde\n|\n|-heal|p2a: Electrode|120/249|[from] item: Leftovers\n|upkeep\n|turn|18\n|\n|t:|1770118319\n|move|p2a: Electrode|Hidden Power|p1a: Zygarde\n|-supereffective|p1a: Zygarde\n|-damage|p1a: Zygarde|133/293\n|move|p1a: Zygarde|Dragon Dance|p1a: Zygarde\n|-boost|p1a: Zygarde|atk|1\n|-boost|p1a: Zygarde|spe|1\n|\n|-heal|p2a: Electrode|135/249|[from] item: Leftovers\n|upkeep\n|turn|19\n|\n|t:|1770118324\n|switch|p1a: Chansey|Chansey, L86, F|306/570\n|move|p2a: Electrode|Hidden Power|p1a: Chansey\n|-damage|p1a: Chansey|284/570\n|\n|-heal|p2a: Electrode|150/249|[from] item: Leftovers\n|upkeep\n|turn|20\n|\n|t:|1770118328\n|move|p2a: Electrode|Volt Switch|p1a: Chansey\n|-damage|p1a: Chansey|245/570\n|\n|t:|1770118330\n|switch|p2a: Throh|Throh, L88, M|354/354 slp|[from] Volt Switch\n|move|p1a: Chansey|Soft-Boiled|p1a: Chansey\n|-heal|p1a: Chansey|530/570\n|\n|upkeep\n|turn|21\n|\n|t:|1770118334\n|move|p1a: Chansey|Wish|p1a: Chansey\n|-curestatus|p2a: Throh|slp|[msg]\n|move|p2a: Throh|Circle Throw|p1a: Chansey\n|-supereffective|p1a: Chansey\n|-damage|p1a: Chansey|216/570\n|drag|p1a: Cobalion|Cobalion, L77|267/267\n|\n|upkeep\n|turn|22\n|j| alcatraaz\n|\n|t:|1770118346\n|switch|p1a: Moltres|Moltres, L81|277/277\n|move|p2a: Throh|Circle Throw|p1a: Moltres\n|-resisted|p1a: Moltres\n|-damage|p1a: Moltres|241/277\n|drag|p1a: Cobalion|Cobalion, L77|267/267\n|\n|upkeep\n|turn|23\n|\n|t:|1770118354\n|switch|p1a: Moltres|Moltres, L81|241/277\n|switch|p2a: Electrode|Electrode, L88|150/249\n|\n|-heal|p2a: Electrode|165/249|[from] item: Leftovers\n|upkeep\n|turn|24\n|\n|t:|1770118358\n|switch|p1a: Chansey|Chansey, L86, F|216/570\n|move|p2a: Electrode|Volt Switch|p1a: Chansey\n|-damage|p1a: Chansey|176/570\n|\n|t:|1770118360\n|switch|p2a: Primeape|Primeape, L87, M|255/255|[from] Volt Switch\n|\n|upkeep\n|turn|25\n|\n|t:|1770118374\n|switch|p1a: Zygarde|Zygarde, L77|133/293\n|-ability|p1a: Zygarde|Aura Break\n|move|p2a: Primeape|Close Combat|p1a: Zygarde\n|-damage|p1a: Zygarde|13/293\n|-unboost|p2a: Primeape|def|1\n|-unboost|p2a: Primeape|spd|1\n|\n|upkeep\n|turn|26\n|\n|t:|1770118379\n|switch|p1a: Moltres|Moltres, L81|241/277\n|move|p2a: Primeape|Close Combat|p1a: Moltres\n|-resisted|p1a: Moltres\n|-damage|p1a: Moltres|166/277\n|-unboost|p2a: Primeape|def|1\n|-unboost|p2a: Primeape|spd|1\n|\n|upkeep\n|turn|27\n|\n|t:|1770118386\n|switch|p2a: Throh|Throh, L88, M|354/354\n|move|p1a: Moltres|Fire Blast|p2a: Throh\n|-damage|p2a: Throh|227/354\n|\n|-heal|p2a: Throh|249/354|[from] item: Leftovers\n|upkeep\n|turn|28\n|\n|t:|1770118389\n|switch|p2a: Electrode|Electrode, L88|165/249\n|move|p1a: Moltres|Roost|p1a: Moltres\n|-heal|p1a: Moltres|277/277\n|-singleturn|p1a: Moltres|move: Roost\n|\n|-heal|p2a: Electrode|180/249|[from] item: Leftovers\n|upkeep\n|turn|29\n|\n|t:|1770118398\n|move|p2a: Electrode|Thunder Wave|p1a: Moltres\n|-status|p1a: Moltres|par\n|move|p1a: Moltres|Fire Blast|p2a: Electrode\n|-damage|p2a: Electrode|54/249\n|\n|-heal|p2a: Electrode|69/249|[from] item: Leftovers\n|upkeep\n|turn|30\n|\n|t:|1770118405\n|move|p2a: Electrode|Thunderbolt|p1a: Moltres\n|-supereffective|p1a: Moltres\n|-damage|p1a: Moltres|95/277 par\n|move|p1a: Moltres|Roost|p1a: Moltres\n|-heal|p1a: Moltres|234/277 par\n|-singleturn|p1a: Moltres|move: Roost\n|\n|-heal|p2a: Electrode|84/249|[from] item: Leftovers\n|upkeep\n|turn|31\n|\n|t:|1770118408\n|switch|p1a: Chansey|Chansey, L86, F|176/570\n|move|p2a: Electrode|Thunderbolt|p1a: Chansey\n|-damage|p1a: Chansey|127/570\n|\n|-heal|p2a: Electrode|99/249|[from] item: Leftovers\n|upkeep\n|turn|32\n|\n|t:|1770118410\n|move|p2a: Electrode|Volt Switch|p1a: Chansey\n|-crit|p1a: Chansey\n|-damage|p1a: Chansey|63/570\n|\n|t:|1770118414\n|switch|p2a: Throh|Throh, L88, M|249/354|[from] Volt Switch\n|move|p1a: Chansey|Soft-Boiled|p1a: Chansey\n|-heal|p1a: Chansey|348/570\n|\n|-heal|p2a: Throh|271/354|[from] item: Leftovers\n|upkeep\n|turn|33\n|\n|t:|1770118425\n|switch|p1a: Moltres|Moltres, L81|234/277 par\n|move|p2a: Throh|Circle Throw|p1a: Moltres\n|-resisted|p1a: Moltres\n|-crit|p1a: Moltres\n|-damage|p1a: Moltres|174/277 par\n|-status|p2a: Throh|brn|[from] ability: Flame Body|[of] p1a: Moltres\n|drag|p1a: Cobalion|Cobalion, L77|267/267\n|\n|-heal|p2a: Throh|293/354 brn|[from] item: Leftovers\n|-damage|p2a: Throh|249/354 brn|[from] brn\n|upkeep\n|turn|34\n|\n|t:|1770118431\n|switch|p1a: Moltres|Moltres, L81|174/277 par\n|move|p2a: Throh|Circle Throw|p1a: Moltres\n|-resisted|p1a: Moltres\n|-damage|p1a: Moltres|123/277 par\n|drag|p1a: Pyroar|Pyroar, L86, F|288/288\n|-ability|p1a: Pyroar|Unnerve\n|\n|-heal|p2a: Throh|271/354 brn|[from] item: Leftovers\n|-damage|p2a: Throh|227/354 brn|[from] brn\n|upkeep\n|turn|35\n|\n|t:|1770118435\n|switch|p1a: Moltres|Moltres, L81|123/277 par\n|move|p2a: Throh|Rest|p2a: Throh\n|-status|p2a: Throh|slp|[from] move: Rest\n|-heal|p2a: Throh|354/354 slp|[silent]\n|\n|upkeep\n|turn|36\n|\n|t:|1770118443\n|switch|p2a: Beheeyem|Beheeyem, L92, F|287/287\n|move|p1a: Moltres|Roost|p1a: Moltres\n|-heal|p1a: Moltres|262/277 par\n|-singleturn|p1a: Moltres|move: Roost\n|\n|upkeep\n|turn|37\n|\n|t:|1770118450\n|switch|p1a: Zygarde|Zygarde, L77|13/293\n|-ability|p1a: Zygarde|Aura Break\n|move|p2a: Beheeyem|Psyshock|p1a: Zygarde\n|-damage|p1a: Zygarde|0 fnt\n|faint|p1a: Zygarde\n|-damage|p2a: Beheeyem|259/287|[from] item: Life Orb\n|\n|upkeep\n|\n|t:|1770118459\n|switch|p1a: Kingler|Kingler, L89, M|243/243\n|turn|38\n|\n|t:|1770118469\n|switch|p2a: Pidgeot|Pidgeot-Mega, L77, M|91/254\n|move|p1a: Kingler|Knock Off|p2a: Pidgeot\n|-damage|p2a: Pidgeot|0 fnt\n|faint|p2a: Pidgeot\n|detailschange|p2: Pidgeot|Pidgeot, L77, M|[silent]\n|-damage|p1a: Kingler|219/243|[from] item: Life Orb\n|\n|upkeep\n|\n|t:|1770118470\n|switch|p2a: Electrode|Electrode, L88|99/249\n|turn|39\n|\n|t:|1770118475\n|switch|p1a: Chansey|Chansey, L86, F|348/570\n|move|p2a: Electrode|Volt Switch|p1a: Chansey\n|-damage|p1a: Chansey|308/570\n|\n|t:|1770118485\n|switch|p2a: Beheeyem|Beheeyem, L92, F|259/287|[from] Volt Switch\n|\n|upkeep\n|turn|40\n|\n|t:|1770118498\n|switch|p1a: Kingler|Kingler, L89, M|219/243\n|move|p2a: Beheeyem|Psyshock|p1a: Kingler\n|-damage|p1a: Kingler|63/243\n|-damage|p2a: Beheeyem|231/287|[from] item: Life Orb\n|\n|upkeep\n|turn|41\n|\n|t:|1770118510\n|switch|p2a: Throh|Throh, L88, M|354/354 slp\n|move|p1a: Kingler|Crabhammer|p2a: Throh\n|-damage|p2a: Throh|167/354 slp\n|-damage|p1a: Kingler|39/243|[from] item: Life Orb\n|\n|-heal|p2a: Throh|189/354 slp|[from] item: Leftovers\n|upkeep\n|turn|42\n|\n|t:|1770118519\n|move|p1a: Kingler|Crabhammer|p2a: Throh\n|-damage|p2a: Throh|8/354 slp\n|-damage|p1a: Kingler|15/243|[from] item: Life Orb\n|cant|p2a: Throh|slp\n|move|p2a: Throh|Sleep Talk|p2a: Throh\n|move|p2a: Throh|Knock Off|p1a: Kingler|[from] move: Sleep Talk\n|-damage|p1a: Kingler|0 fnt\n|-enditem|p1a: Kingler|Life Orb|[from] move: Knock Off|[of] p2a: Throh\n|faint|p1a: Kingler\n|\n|-heal|p2a: Throh|30/354 slp|[from] item: Leftovers\n|upkeep\n|\n|t:|1770118535\n|switch|p1a: Cobalion|Cobalion, L77|267/267\n|turn|43\n|\n|t:|1770118540\n|move|p1a: Cobalion|Swords Dance|p1a: Cobalion\n|-boost|p1a: Cobalion|atk|2\n|cant|p2a: Throh|slp\n|move|p2a: Throh|Sleep Talk|p2a: Throh\n|move|p2a: Throh|Circle Throw|p1a: Cobalion|[from] move: Sleep Talk\n|-supereffective|p1a: Cobalion\n|-damage|p1a: Cobalion|103/267\n|drag|p1a: Chansey|Chansey, L86, F|308/570\n|\n|-heal|p2a: Throh|52/354 slp|[from] item: Leftovers\n|upkeep\n|turn|44\n|c|☆Blatjanglover|What are the chances of that\n|\n|t:|1770118555\n|switch|p2a: Beheeyem|Beheeyem, L92, F|231/287\n|move|p1a: Chansey|Seismic Toss|p2a: Beheeyem\n|-damage|p2a: Beheeyem|145/287\n|\n|upkeep\n|turn|45\n|c|☆Blatjanglover|I think that's gg\n|\n|t:|1770118567\n|move|p1a: Chansey|Wish|p1a: Chansey\n|move|p2a: Beheeyem|Psyshock|p1a: Chansey\n|-damage|p1a: Chansey|0 fnt\n|faint|p1a: Chansey\n|-damage|p2a: Beheeyem|117/287|[from] item: Life Orb\n|\n|upkeep\n|\n|t:|1770118572\n|switch|p1a: Pyroar|Pyroar, L86, F|288/288\n|-ability|p1a: Pyroar|Unnerve\n|turn|46\n|\n|t:|1770118577\n|move|p1a: Pyroar|Sunny Day|p1a: Pyroar\n|-weather|SunnyDay\n|move|p2a: Beheeyem|Psyshock|p1a: Pyroar\n|-damage|p1a: Pyroar|72/288\n|-damage|p2a: Beheeyem|89/287|[from] item: Life Orb\n|\n|-weather|SunnyDay|[upkeep]\n|-heal|p1a: Pyroar|288/288|[from] move: Wish|[wisher] Chansey\n|upkeep\n|turn|47\n|\n|t:|1770118585\n|move|p1a: Pyroar|Hyper Voice|p2a: Beheeyem\n|-damage|p2a: Beheeyem|0 fnt\n|faint|p2a: Beheeyem\n|-damage|p1a: Pyroar|260/288|[from] item: Life Orb\n|\n|-weather|SunnyDay|[upkeep]\n|upkeep\n|\n|t:|1770118591\n|switch|p2a: Electrode|Electrode, L88|99/249\n|turn|48\n|\n|t:|1770118598\n|switch|p1a: Moltres|Moltres, L81|262/277 par\n|move|p2a: Electrode|Thunderbolt|p1a: Moltres\n|-supereffective|p1a: Moltres\n|-damage|p1a: Moltres|74/277 par\n|\n|-weather|SunnyDay|[upkeep]\n|-heal|p2a: Electrode|114/249|[from] item: Leftovers\n|upkeep\n|turn|49\n|\n|t:|1770118601\n|move|p2a: Electrode|Thunderbolt|p1a: Moltres\n|-supereffective|p1a: Moltres\n|-damage|p1a: Moltres|0 fnt\n|faint|p1a: Moltres\n|\n|-weather|SunnyDay|[upkeep]\n|-heal|p2a: Electrode|129/249|[from] item: Leftovers\n|upkeep\n|\n|t:|1770118605\n|switch|p1a: Pyroar|Pyroar, L86, F|260/288\n|-ability|p1a: Pyroar|Unnerve\n|turn|50\n|\n|t:|1770118608\n|move|p2a: Electrode|Thunderbolt|p1a: Pyroar\n|-damage|p1a: Pyroar|158/288\n|move|p1a: Pyroar|Fire Blast|p2a: Electrode\n|-damage|p2a: Electrode|0 fnt\n|faint|p2a: Electrode\n|-damage|p1a: Pyroar|130/288|[from] item: Life Orb\n|\n|-weather|none\n|upkeep\n|\n|t:|1770118610\n|switch|p2a: Primeape|Primeape, L87, M|255/255\n|turn|51\n|\n|t:|1770118613\n|move|p2a: Primeape|Close Combat|p1a: Pyroar\n|-supereffective|p1a: Pyroar\n|-damage|p1a: Pyroar|0 fnt\n|-unboost|p2a: Primeape|def|1\n|-unboost|p2a: Primeape|spd|1\n|faint|p1a: Pyroar\n|\n|upkeep\n|\n|t:|1770118615\n|switch|p1a: Cobalion|Cobalion, L77|103/267\n|turn|52\n|\n|t:|1770118617\n|move|p2a: Primeape|Close Combat|p1a: Cobalion\n|-supereffective|p1a: Cobalion\n|-damage|p1a: Cobalion|0 fnt\n|-unboost|p2a: Primeape|def|1\n|-unboost|p2a: Primeape|spd|1\n|faint|p1a: Cobalion\n|\n|win|pooster\n|raw|Blatjanglover's rating: 1665 &rarr; <strong>1635</strong><br />(-30 for losing)\n|raw|pooster's rating: 1481 &rarr; <strong>1511</strong><br />(+30 for winning)\n|l|☆pooster\n|player|p2|\n|c|☆Blatjanglover|Gg\n|c|☆Blatjanglover|Wp\n", "inputlog": ">version ccdc32dd7cde25fd9e4bed64820e885f66e78a4e\n>start {\"formatid\":\"gen6randombattle\",\"seed\":\"sodium,bb2f7bf765fde491b0d08ae349a9a04a\",\"rated\":\"Rated battle\"}\n>player p1 {\"name\":\"Blatjanglover\",\"avatar\":\"brock\",\"rating\":1665,\"seed\":\"sodium,5ec643ed38172965256a9c4016cf7c23\"}\n>player p2 {\"name\":\"pooster\",\"avatar\":\"clown\",\"rating\":1481,\"seed\":\"sodium,085cdbff21476fe7b466b3baddbe520a\"}\n>p1 switch 2\n>p2 move circlethrow\n>p1 switch 5\n>p2 move circlethrow\n>p1 switch 5\n>p2 move rest\n>p1 move hurricane\n>p2 switch 3\n>p1 switch 6\n>p2 move thunderwave\n>p1 move seismictoss\n>p2 move voltswitch\n>p2 switch 3\n>p1 switch 6\n>p2 move sleeptalk\n>p1 move roost\n>p2 switch 5\n>p1 move hurricane\n>p2 move hurricane mega\n>p1 switch 6\n>p2 move hurricane\n>p1 move wish\n>p2 move uturn\n>p2 switch 5\n>p1 switch 6\n>p2 move sleeptalk\n>p1 move fireblast\n>p2 switch 3\n>p1 switch 6\n>p2 move voltswitch\n>p2 switch 4\n>p1 switch 2\n>p2 move stoneedge\n>p1 switch 6\n>p2 switch 4\n>p1 switch 4\n>p2 move thunderwave\n>p1 move dragondance\n>p2 move hiddenpower\n>p1 switch 2\n>p2 move hiddenpower\n>p1 move softboiled\n>p2 move voltswitch\n>p2 switch 3\n>p1 move wish\n>p2 move circlethrow\n>p1 switch 4\n>p2 move circlethrow\n>p1 switch 4\n>p2 switch 3\n>p1 switch 6\n>p2 move voltswitch\n>p2 switch 4\n>p1 switch 2\n>p2 move closecombat\n>p1 switch 6\n>p2 move closecombat\n>p1 move fireblast\n>p2 switch 3\n>p1 move roost\n>p2 switch 4\n>p1 move fireblast\n>p2 move thunderwave\n>p1 move roost\n>p2 move thunderbolt\n>p1 switch 2\n>p2 move thunderbolt\n>p1 move softboiled\n>p2 move voltswitch\n>p2 switch 4\n>p1 switch 2\n>p2 move circlethrow\n>p1 switch 4\n>p2 move circlethrow\n>p1 switch 5\n>p2 move rest\n>p1 move roost\n>p2 switch 6\n>p1 switch 6\n>p2 move psyshock\n>p1 switch 3\n>p1 move knockoff\n>p2 switch 5\n>p2 switch 4\n>p1 switch 2\n>p2 move voltswitch\n>p2 switch 5\n>p1 switch 2\n>p2 move psyshock\n>p1 move crabhammer\n>p2 switch 6\n>p1 move crabhammer\n>p2 move sleeptalk\n>p1 switch 4\n>p1 move swordsdance\n>p2 move sleeptalk\n>chat ☆Blatjanglover|What are the chances of that\n>p1 move seismictoss\n>p2 switch 6\n>chat ☆Blatjanglover|I think that's gg\n>p1 move wish\n>p2 move psyshock\n>p1 switch 5\n>p1 move sunnyday\n>p2 move psyshock\n>p1 move hypervoice\n>p2 move psyshock\n>p2 switch 5\n>p1 switch 6\n>p2 move thunderbolt\n>p1 move fireblast\n>p2 move thunderbolt\n>p1 switch 6\n>p1 move fireblast\n>p2 move thunderbolt\n>p2 switch 3\n>p1 move fireblast\n>p2 move closecombat\n>p1 switch 2\n>p1 move closecombat\n>p2 move closecombat", "uploadtime": 1770118627, "views": 214, "formatid": "gen6randombattle", "rating": 1511, "private": 0, "password": null}