{"id": "gen6randombattle-2522034579", "format": "[Gen 6] Random Battle", "players": ["alex-1403", "arboretums"], "log": "|j|☆alex-1403\n|j|☆arboretums\n|t:|1768852866\n|gametype|singles\n|player|p1|alex-1403|red|1647\n|player|p2|arboretums|serena-masters2|1650\n|gen|6\n|tier|[Gen 6] Random Battle\n|rated|\n|rule|Sleep Clause Mod: Limit one foe put to sleep\n|rule|HP Percentage Mod: HP is shown in percentages\n|rule|Illusion Level Mod: Illusion disguises the Pokémon's true level\n|\n|t:|1768852866\n|teamsize|p1|6\n|teamsize|p2|6\n|start\n|switch|p1a: Camerupt|Camerupt, L86, M|261/261\n|switch|p2a: Shuckle|Shuckle, L84, F|171/171\n|turn|1\n|inactive|Battle timer is ON: inactive players will automatically lose when time's up. (requested by alex-1403)\n|inactive|arboretums has 120 seconds left.\n|inactive|alex-1403 has 120 seconds left.\n|\n|t:|1768852916\n|detailschange|p1a: Camerupt|Camerupt-Mega, L86, M\n|-mega|p1a: Camerupt|Camerupt|Cameruptite\n|move|p1a: Camerupt|Fire Blast|p2a: Shuckle|[miss]\n|-miss|p1a: Camerupt|p2a: Shuckle\n|move|p2a: Shuckle|Sticky Web|p1a: Camerupt\n|-sidestart|p1: alex-1403|move: Sticky Web\n|\n|upkeep\n|turn|2\n|j| Referrals\n|\n|t:|1768852935\n|move|p1a: Camerupt|Fire Blast|p2a: Shuckle|[miss]\n|-miss|p1a: Camerupt|p2a: Shuckle\n|move|p2a: Shuckle|Toxic|p1a: Camerupt\n|-status|p1a: Camerupt|tox\n|\n|-damage|p1a: Camerupt|245/261 tox|[from] psn\n|upkeep\n|turn|3\n|c|☆arboretums|...\n|c|☆arboretums|sorry\n|\n|t:|1768852947\n|move|p1a: Camerupt|Fire Blast|p2a: Shuckle\n|-damage|p2a: Shuckle|66/171\n|move|p2a: Shuckle|Knock Off|p1a: Camerupt\n|-damage|p1a: Camerupt|232/261 tox\n|\n|-damage|p1a: Camerupt|200/261 tox|[from] psn\n|upkeep\n|turn|4\n|c|☆alex-1403|Nah happens haha\n|\n|t:|1768852953\n|move|p1a: Camerupt|Fire Blast|p2a: Shuckle\n|-damage|p2a: Shuckle|0 fnt\n|faint|p2a: Shuckle\n|\n|-damage|p1a: Camerupt|152/261 tox|[from] psn\n|upkeep\n|\n|t:|1768852958\n|switch|p2a: Mamoswine|Mamoswine, L78, M|300/300\n|turn|5\n|\n|t:|1768852967\n|move|p2a: Mamoswine|Earthquake|p1a: Camerupt\n|-supereffective|p1a: Camerupt\n|-damage|p1a: Camerupt|0 fnt\n|faint|p1a: Camerupt\n|detailschange|p1: Camerupt|Camerupt, L86, M|[silent]\n|\n|upkeep\n|\n|t:|1768852974\n|switch|p1a: Skarmory|Skarmory, L74, M|218/218\n|turn|6\n|\n|t:|1768852981\n|switch|p2a: Mismagius|Mismagius, L85, F|241/241\n|move|p1a: Skarmory|Stealth Rock|p2a: Mismagius\n|-sidestart|p2: arboretums|move: Stealth Rock\n|\n|upkeep\n|turn|7\n|\n|t:|1768852989\n|switch|p1a: Spiritomb|Spiritomb, L88, M|231/231\n|-activate|p1a: Spiritomb|move: Sticky Web\n|-unboost|p1a: Spiritomb|spe|1\n|move|p2a: Mismagius|Trick|p1a: Spiritomb\n|-activate|p2a: Mismagius|move: Trick|[of] p1a: Spiritomb\n|-item|p1a: Spiritomb|Choice Specs|[from] move: Trick\n|-item|p2a: Mismagius|Black Glasses|[from] move: Trick\n|\n|upkeep\n|turn|8\n|\n|t:|1768852996\n|-activate|p2a: Mismagius|move: Pursuit\n|move|p1a: Spiritomb|Pursuit|p2a: Mismagius|[from] Pursuit\n|-supereffective|p2a: Mismagius\n|-damage|p2a: Mismagius|0 fnt\n|faint|p2a: Mismagius\n|-hint|A Pokemon can't switch between when it runs out of HP and when it faints\n|\n|upkeep\n|\n|t:|1768853000\n|switch|p2a: Granbull|Granbull, L87, F|298/298\n|-damage|p2a: Granbull|261/298|[from] Stealth Rock\n|-ability|p2a: Granbull|Intimidate|boost\n|-unboost|p1a: Spiritomb|atk|1\n|turn|9\n|\n|t:|1768853006\n|switch|p1a: Skarmory|Skarmory, L74, M|218/218\n|move|p2a: Granbull|Thunder Wave|p1a: Skarmory\n|-status|p1a: Skarmory|par\n|\n|-heal|p2a: Granbull|279/298|[from] item: Leftovers\n|upkeep\n|turn|10\n|\n|t:|1768853036\n|switch|p2a: Mamoswine|Mamoswine, L78, M|300/300\n|-damage|p2a: Mamoswine|263/300|[from] Stealth Rock\n|move|p1a: Skarmory|Brave Bird|p2a: Mamoswine\n|-crit|p2a: Mamoswine\n|-damage|p2a: Mamoswine|106/300\n|-damage|p1a: Skarmory|166/218 par|[from] Recoil\n|\n|-heal|p1a: Skarmory|179/218 par|[from] item: Leftovers\n|upkeep\n|turn|11\n|\n|t:|1768853046\n|move|p2a: Mamoswine|Icicle Crash|p1a: Skarmory\n|-damage|p1a: Skarmory|70/218 par\n|cant|p1a: Skarmory|flinch\n|\n|-heal|p1a: Skarmory|83/218 par|[from] item: Leftovers\n|upkeep\n|turn|12\n|\n|t:|1768853049\n|move|p2a: Mamoswine|Icicle Crash|p1a: Skarmory\n|-damage|p1a: Skarmory|0 fnt\n|faint|p1a: Skarmory\n|\n|upkeep\n|\n|t:|1768853059\n|switch|p1a: Spiritomb|Spiritomb, L88, M|231/231\n|-activate|p1a: Spiritomb|move: Sticky Web\n|-unboost|p1a: Spiritomb|spe|1\n|turn|13\n|\n|t:|1768853064\n|move|p2a: Mamoswine|Icicle Crash|p1a: Spiritomb\n|-damage|p1a: Spiritomb|101/231\n|move|p1a: Spiritomb|Will-O-Wisp|p2a: Mamoswine|[miss]\n|-miss|p1a: Spiritomb|p2a: Mamoswine\n|\n|upkeep\n|turn|14\n|\n|t:|1768853068\n|move|p2a: Mamoswine|Icicle Crash|p1a: Spiritomb\n|-damage|p1a: Spiritomb|0 fnt\n|faint|p1a: Spiritomb\n|\n|upkeep\n|c|☆arboretums|dude wtf\n|c|☆arboretums|you got lucked so hard I'm sorry\n|c|☆alex-1403|Haha bad luck\n|\n|t:|1768853094\n|switch|p1a: Ludicolo|Ludicolo, L88, M|284/284\n|-activate|p1a: Ludicolo|move: Sticky Web\n|-unboost|p1a: Ludicolo|spe|1\n|turn|15\n|c| Referrals|alex ur a chill guy\n|\n|t:|1768853107\n|move|p2a: Mamoswine|Icicle Crash|p1a: Ludicolo\n|-damage|p1a: Ludicolo|113/284\n|move|p1a: Ludicolo|Rain Dance|p1a: Ludicolo\n|-weather|RainDance\n|\n|-weather|RainDance|[upkeep]\n|upkeep\n|turn|16\n|\n|t:|1768853110\n|move|p1a: Ludicolo|Giga Drain|p2a: Mamoswine\n|-supereffective|p2a: Mamoswine\n|-damage|p2a: Mamoswine|0 fnt\n|-heal|p1a: Ludicolo|166/284|[from] drain|[of] p2a: Mamoswine\n|faint|p2a: Mamoswine\n|-damage|p1a: Ludicolo|138/284|[from] item: Life Orb\n|\n|-weather|RainDance|[upkeep]\n|upkeep\n|\n|t:|1768853116\n|switch|p2a: Krookodile|Krookodile, L78, M|276/276\n|-damage|p2a: Krookodile|259/276|[from] Stealth Rock\n|-ability|p2a: Krookodile|Intimidate|boost\n|-unboost|p1a: Ludicolo|atk|1\n|turn|17\n|\n|t:|1768853119\n|move|p2a: Krookodile|Knock Off|p1a: Ludicolo\n|-damage|p1a: Ludicolo|15/284\n|-enditem|p1a: Ludicolo|Life Orb|[from] move: Knock Off|[of] p2a: Krookodile\n|move|p1a: Ludicolo|Rain Dance||[still]\n|-fail|p1a: Ludicolo\n|\n|-weather|RainDance|[upkeep]\n|upkeep\n|turn|18\n|c|☆alex-1403|Omg noo\n|c|☆alex-1403|Missclicl\n|c| Referrals|rip\n|\n|t:|1768853130\n|move|p2a: Krookodile|Knock Off|p1a: Ludicolo\n|-damage|p1a: Ludicolo|0 fnt\n|faint|p1a: Ludicolo\n|\n|-weather|RainDance|[upkeep]\n|upkeep\n|c|☆arboretums|I shouldn't have sent him in\n|\n|t:|1768853136\n|switch|p1a: Doublade|Doublade, L82, M|231/231\n|-activate|p1a: Doublade|move: Sticky Web\n|-unboost|p1a: Doublade|spe|1\n|turn|19\n|c|☆arboretums|played so bad this round ngl\n|\n|t:|1768853140\n|move|p2a: Krookodile|Knock Off|p1a: Doublade\n|-supereffective|p1a: Doublade\n|-damage|p1a: Doublade|127/231\n|-enditem|p1a: Doublade|Eviolite|[from] move: Knock Off|[of] p2a: Krookodile\n|move|p1a: Doublade|Sacred Sword|p2a: Krookodile\n|-supereffective|p2a: Krookodile\n|-damage|p2a: Krookodile|105/276\n|\n|-weather|none\n|upkeep\n|turn|20\n|\n|t:|1768853143\n|move|p2a: Krookodile|Knock Off|p1a: Doublade\n|-supereffective|p1a: Doublade\n|-crit|p1a: Doublade\n|-damage|p1a: Doublade|0 fnt\n|faint|p1a: Doublade\n|\n|upkeep\n|c|☆arboretums|BRO\n|c|☆alex-1403|Oh man\n|\n|t:|1768853149\n|switch|p1a: Swoobat|Swoobat, L87, F|258/258\n|turn|21\n|\n|t:|1768853153\n|move|p2a: Krookodile|Knock Off|p1a: Swoobat\n|-supereffective|p1a: Swoobat\n|-damage|p1a: Swoobat|0 fnt\n|-enditem|p1a: Swoobat|Leftovers|[from] move: Knock Off|[of] p2a: Krookodile\n|faint|p1a: Swoobat\n|\n|win|arboretums\n|raw|alex-1403's rating: 1647 &rarr; <strong>1627</strong><br />(-20 for losing)\n|raw|arboretums's rating: 1650 &rarr; <strong>1670</strong><br />(+20 for winning)\n", "inputlog": ">version 3bd1a1e329da8d286644078cfc9a9638fc7ea025\n>start {\"formatid\":\"gen6randombattle\",\"seed\":\"sodium,f381289bffc810ac97d78621fd6b696d\",\"rated\":\"Rated battle\"}\n>player p1 {\"name\":\"alex-1403\",\"avatar\":\"red\",\"rating\":1647,\"seed\":\"sodium,f4ae4b54cd8abddbad5895d4283cdba2\"}\n>player p2 {\"name\":\"arboretums\",\"avatar\":\"serena-masters2\",\"rating\":1650,\"seed\":\"sodium,d4e49f2382e2ce8b71593668f845e260\"}\n>p1 move fireblast mega\n>p2 move stickyweb\n>p1 move fireblast\n>p2 move toxic\n>chat ☆arboretums|...\n>chat ☆arboretums|sorry\n>p1 move fireblast\n>p2 move knockoff\n>chat ☆alex-1403|Nah happens haha\n>p1 move fireblast\n>p2 move knockoff\n>p2 switch 4\n>p1 move fireblast\n>p2 move earthquake\n>p1 switch 6\n>p1 move stealthrock\n>p2 switch 6\n>p1 switch 2\n>p2 move trick\n>p1 move pursuit\n>p2 switch 3\n>p2 switch 3\n>p1 switch 2\n>p2 move thunderwave\n>p1 move bravebird\n>p2 switch 6\n>p1 move bravebird\n>p2 move iciclecrash\n>p1 move roost\n>p2 move iciclecrash\n>p1 switch 2\n>p1 move willowisp\n>p2 move iciclecrash\n>p1 move willowisp\n>p2 move iciclecrash\n>chat ☆arboretums|dude wtf\n>chat ☆arboretums|you got lucked so hard I'm sorry\n>chat ☆alex-1403|Haha bad luck\n>p1 switch 3\n>chat  Referrals|alex ur a chill guy\n>p1 move raindance\n>p2 move iciclecrash\n>p1 move gigadrain\n>p2 move iciclecrash\n>p2 switch 5\n>p1 move raindance\n>p2 move knockoff\n>chat ☆alex-1403|Omg noo\n>chat ☆alex-1403|Missclicl\n>chat  Referrals|rip\n>p1 move raindance\n>p2 move knockoff\n>chat ☆arboretums|I shouldn't have sent him in \n>p1 switch 4\n>chat ☆arboretums|played so bad this round ngl\n>p1 move sacredsword\n>p2 move knockoff\n>p1 move sacredsword\n>p2 move knockoff\n>chat ☆arboretums|BRO\n>chat ☆alex-1403|Oh man\n>p1 switch 5\n>p1 move heatwave\n>p2 move knockoff", "uploadtime": 1768853154, "views": 312, "formatid": "gen6randombattle", "rating": 1627, "private": 0, "password": null}