{"id": "gen6randombattle-2537482485", "format": "[Gen 6] Random Battle", "players": ["t1_opti", "roadto15oo"], "log": "|j|☆t1_opti\n|j|☆roadto15oo\n|t:|1770820072\n|gametype|singles\n|player|p1|t1_opti|boarder|1604\n|player|p2|roadto15oo|#bdplxmausholds|1648\n|gen|6\n|tier|[Gen 6] Random Battle\n|rated|\n|rule|Sleep Clause Mod: Limit one foe put to sleep\n|rule|HP Percentage Mod: HP is shown in percentages\n|rule|Illusion Level Mod: Illusion disguises the Pokémon's true level\n|\n|t:|1770820072\n|teamsize|p1|6\n|teamsize|p2|6\n|start\n|switch|p1a: Bellossom|Bellossom, L96, F|299/299\n|switch|p2a: Smeargle|Smeargle, L89, F|243/243\n|turn|1\n|inactive|Battle timer is ON: inactive players will automatically lose when time's up. (requested by roadto15oo)\n|\n|t:|1770820085\n|move|p2a: Smeargle|Sticky Web|p1a: Bellossom\n|-sidestart|p1: t1_opti|move: Sticky Web\n|move|p1a: Bellossom|Sleep Powder|p2a: Smeargle\n|-status|p2a: Smeargle|slp|[from] move: Sleep Powder\n|\n|upkeep\n|turn|2\n|\n|t:|1770820096\n|switch|p2a: Butterfree|Butterfree, L92, F|259/259\n|move|p1a: Bellossom|Giga Drain|p2a: Butterfree\n|-resisted|p2a: Butterfree\n|-damage|p2a: Butterfree|237/259\n|\n|-heal|p2a: Butterfree|253/259|[from] item: Leftovers\n|upkeep\n|turn|3\n|\n|t:|1770820113\n|switch|p1a: Raikou|Raikou, L79|272/272\n|-activate|p1a: Raikou|move: Sticky Web\n|-unboost|p1a: Raikou|spe|1\n|-ability|p1a: Raikou|Pressure\n|move|p2a: Butterfree|Quiver Dance|p2a: Butterfree\n|-boost|p2a: Butterfree|spa|1\n|-boost|p2a: Butterfree|spd|1\n|-boost|p2a: Butterfree|spe|1\n|\n|-heal|p2a: Butterfree|259/259|[from] item: Leftovers\n|upkeep\n|turn|4\n|\n|t:|1770820131\n|move|p2a: Butterfree|Bug Buzz|p1a: Raikou\n|-damage|p1a: Raikou|115/272\n|move|p1a: Raikou|Volt Switch|p2a: Butterfree\n|-supereffective|p2a: Butterfree\n|-damage|p2a: Butterfree|121/259\n|\n|t:|1770820135\n|switch|p1a: Sawk|Sawk, L84, M|263/263|[from] Volt Switch\n|-activate|p1a: Sawk|move: Sticky Web\n|-unboost|p1a: Sawk|spe|1\n|\n|-heal|p2a: Butterfree|137/259|[from] item: Leftovers\n|upkeep\n|turn|5\n|\n|t:|1770820145\n|move|p2a: Butterfree|Psychic|p1a: Sawk\n|-supereffective|p1a: Sawk\n|-damage|p1a: Sawk|23/263\n|move|p1a: Sawk|Knock Off|p2a: Butterfree\n|-damage|p2a: Butterfree|22/259\n|-enditem|p2a: Butterfree|Leftovers|[from] move: Knock Off|[of] p1a: Sawk\n|\n|-heal|p1a: Sawk|39/263|[from] item: Leftovers\n|upkeep\n|turn|6\n|\n|t:|1770820151\n|move|p2a: Butterfree|Bug Buzz|p1a: Sawk\n|-resisted|p1a: Sawk\n|-damage|p1a: Sawk|0 fnt\n|faint|p1a: Sawk\n|\n|upkeep\n|\n|t:|1770820158\n|switch|p1a: Aegislash|Aegislash, L78, F|222/222\n|-activate|p1a: Aegislash|move: Sticky Web\n|-unboost|p1a: Aegislash|spe|1\n|turn|7\n|\n|t:|1770820162\n|-formechange|p1a: Aegislash|Aegislash-Blade||[from] ability: Stance Change\n|move|p1a: Aegislash|Shadow Sneak|p2a: Butterfree\n|-damage|p2a: Butterfree|0 fnt\n|faint|p2a: Butterfree\n|-damage|p1a: Aegislash|200/222|[from] item: Life Orb\n|\n|upkeep\n|\n|t:|1770820169\n|switch|p2a: Qwilfish|Qwilfish, L84, F|246/246\n|-ability|p2a: Qwilfish|Intimidate|boost\n|-unboost|p1a: Aegislash|atk|1\n|turn|8\n|\n|t:|1770820178\n|switch|p1a: Bellossom|Bellossom, L96, F|299/299\n|-activate|p1a: Bellossom|move: Sticky Web\n|-unboost|p1a: Bellossom|spe|1\n|move|p2a: Qwilfish|Waterfall|p1a: Bellossom\n|-resisted|p1a: Bellossom\n|-damage|p1a: Bellossom|266/299\n|\n|-heal|p1a: Bellossom|284/299|[from] item: Leftovers\n|upkeep\n|turn|9\n|\n|t:|1770820187\n|switch|p2a: Giratina|Giratina, L73|339/339\n|-ability|p2a: Giratina|Pressure\n|move|p1a: Bellossom|Giga Drain|p2a: Giratina\n|-resisted|p2a: Giratina\n|-damage|p2a: Giratina|297/339\n|-heal|p1a: Bellossom|299/299|[from] drain|[of] p2a: Giratina\n|\n|upkeep\n|turn|10\n|\n|t:|1770820203\n|switch|p1a: Golurk|Golurk, L83|283/283\n|-activate|p1a: Golurk|move: Sticky Web\n|-unboost|p1a: Golurk|spe|1\n|move|p2a: Giratina|Will-O-Wisp|p1a: Golurk\n|-status|p1a: Golurk|brn\n|\n|-damage|p1a: Golurk|248/283 brn|[from] brn\n|upkeep\n|turn|11\n|\n|t:|1770820208\n|move|p2a: Giratina|Shadow Ball|p1a: Golurk\n|-supereffective|p1a: Golurk\n|-damage|p1a: Golurk|102/283 brn\n|move|p1a: Golurk|Stealth Rock|p2a: Giratina\n|-sidestart|p2: roadto15oo|move: Stealth Rock\n|\n|-damage|p1a: Golurk|67/283 brn|[from] brn\n|upkeep\n|turn|12\n|\n|t:|1770820217\n|move|p2a: Giratina|Shadow Ball|p1a: Golurk\n|-supereffective|p1a: Golurk\n|-damage|p1a: Golurk|0 fnt\n|faint|p1a: Golurk\n|\n|upkeep\n|\n|t:|1770820224\n|switch|p1a: Aegislash|Aegislash, L78, F|200/222\n|-activate|p1a: Aegislash|move: Sticky Web\n|-unboost|p1a: Aegislash|spe|1\n|turn|13\n|\n|t:|1770820229\n|move|p2a: Giratina|Will-O-Wisp|p1a: Aegislash\n|-status|p1a: Aegislash|brn\n|move|p1a: Aegislash|Swords Dance|p1a: Aegislash\n|-boost|p1a: Aegislash|atk|2\n|\n|-damage|p1a: Aegislash|173/222 brn|[from] brn\n|upkeep\n|turn|14\n|\n|t:|1770820235\n|move|p2a: Giratina|Shadow Ball|p1a: Aegislash\n|-supereffective|p1a: Aegislash\n|-damage|p1a: Aegislash|83/222 brn\n|move|p1a: Aegislash|Swords Dance|p1a: Aegislash\n|-boost|p1a: Aegislash|atk|2\n|\n|-damage|p1a: Aegislash|56/222 brn|[from] brn\n|upkeep\n|turn|15\n|\n|t:|1770820241\n|-formechange|p1a: Aegislash|Aegislash-Blade||[from] ability: Stance Change\n|move|p1a: Aegislash|Shadow Sneak|p2a: Giratina\n|-supereffective|p2a: Giratina\n|-damage|p2a: Giratina|101/339\n|-damage|p1a: Aegislash|34/222 brn|[from] item: Life Orb\n|move|p2a: Giratina|Shadow Ball|p1a: Aegislash\n|-supereffective|p1a: Aegislash\n|-damage|p1a: Aegislash|0 fnt\n|faint|p1a: Aegislash\n|\n|upkeep\n|\n|t:|1770820258\n|switch|p1a: Raikou|Raikou, L79|115/272\n|-activate|p1a: Raikou|move: Sticky Web\n|-unboost|p1a: Raikou|spe|1\n|-ability|p1a: Raikou|Pressure\n|turn|16\n|\n|t:|1770820262\n|move|p2a: Giratina|Rest|p2a: Giratina\n|-status|p2a: Giratina|slp|[from] move: Rest\n|-heal|p2a: Giratina|339/339 slp|[silent]\n|-enditem|p2a: Giratina|Chesto Berry|[eat]\n|-curestatus|p2a: Giratina|slp|[msg]\n|move|p1a: Raikou|Hidden Power|p2a: Giratina\n|-supereffective|p2a: Giratina\n|-damage|p2a: Giratina|223/339\n|\n|upkeep\n|turn|17\n|\n|t:|1770820267\n|move|p2a: Giratina|Shadow Ball|p1a: Raikou\n|-crit|p1a: Raikou\n|-damage|p1a: Raikou|12/272\n|move|p1a: Raikou|Hidden Power|p2a: Giratina\n|-supereffective|p2a: Giratina\n|-damage|p2a: Giratina|105/339\n|\n|upkeep\n|turn|18\n|\n|t:|1770820272\n|move|p2a: Giratina|Shadow Ball|p1a: Raikou\n|-damage|p1a: Raikou|0 fnt\n|faint|p1a: Raikou\n|\n|upkeep\n|\n|t:|1770820280\n|switch|p1a: Blaziken|Blaziken, L72, M|233/233\n|-activate|p1a: Blaziken|move: Sticky Web\n|-unboost|p1a: Blaziken|spe|1\n|turn|19\n|\n|t:|1770820293\n|detailschange|p1a: Blaziken|Blaziken-Mega, L72, M\n|-mega|p1a: Blaziken|Blaziken|Blazikenite\n|move|p2a: Giratina|Shadow Ball|p1a: Blaziken\n|-damage|p1a: Blaziken|145/233\n|-unboost|p1a: Blaziken|spd|1\n|move|p1a: Blaziken|Swords Dance|p1a: Blaziken\n|-boost|p1a: Blaziken|atk|2\n|\n|-ability|p1a: Blaziken|Speed Boost|boost\n|-boost|p1a: Blaziken|spe|1\n|upkeep\n|turn|20\n|\n|t:|1770820305\n|switch|p2a: Smeargle|Smeargle, L89, F|243/243 slp\n|-damage|p2a: Smeargle|213/243 slp|[from] Stealth Rock\n|move|p1a: Blaziken|Flare Blitz|p2a: Smeargle\n|-damage|p2a: Smeargle|0 fnt\n|faint|p2a: Smeargle\n|-damage|p1a: Blaziken|75/233|[from] Recoil\n|\n|-ability|p1a: Blaziken|Speed Boost|boost\n|-boost|p1a: Blaziken|spe|1\n|upkeep\n|\n|t:|1770820309\n|switch|p2a: Qwilfish|Qwilfish, L84, F|246/246\n|-damage|p2a: Qwilfish|216/246|[from] Stealth Rock\n|-ability|p2a: Qwilfish|Intimidate|boost\n|-unboost|p1a: Blaziken|atk|1\n|turn|21\n|\n|t:|1770820324\n|switch|p1a: Bellossom|Bellossom, L96, F|299/299\n|-activate|p1a: Bellossom|move: Sticky Web\n|-unboost|p1a: Bellossom|spe|1\n|move|p2a: Qwilfish|Waterfall|p1a: Bellossom\n|-resisted|p1a: Bellossom\n|-damage|p1a: Bellossom|265/299\n|\n|-heal|p2a: Qwilfish|231/246|[from] item: Black Sludge\n|-heal|p1a: Bellossom|283/299|[from] item: Leftovers\n|upkeep\n|turn|22\n|j| Plop\n|inactive|roadto15oo has 120 seconds left.\n|inactive|roadto15oo has 90 seconds left.\n|\n|t:|1770820400\n|switch|p2a: Giratina|Giratina, L73|105/339\n|-damage|p2a: Giratina|63/339|[from] Stealth Rock\n|-ability|p2a: Giratina|Pressure\n|move|p1a: Bellossom|Sleep Powder|p2a: Giratina\n|-status|p2a: Giratina|slp|[from] move: Sleep Powder\n|\n|-heal|p1a: Bellossom|299/299|[from] item: Leftovers\n|upkeep\n|turn|23\n|\n|t:|1770820415\n|cant|p2a: Giratina|slp\n|move|p1a: Bellossom|Giga Drain|p2a: Giratina\n|-resisted|p2a: Giratina\n|-damage|p2a: Giratina|18/339 slp\n|\n|upkeep\n|turn|24\n|\n|t:|1770820435\n|switch|p2a: Altaria|Altaria, L78, M|245/245\n|-damage|p2a: Altaria|184/245|[from] Stealth Rock\n|move|p1a: Bellossom|Giga Drain|p2a: Altaria\n|-resisted|p2a: Altaria\n|-damage|p2a: Altaria|162/245\n|\n|upkeep\n|turn|25\n|\n|t:|1770820447\n|move|p2a: Altaria|Dragon Dance|p2a: Altaria\n|-boost|p2a: Altaria|atk|1\n|-boost|p2a: Altaria|spe|1\n|move|p1a: Bellossom|Giga Drain|p2a: Altaria\n|-resisted|p2a: Altaria\n|-damage|p2a: Altaria|138/245\n|\n|upkeep\n|turn|26\n|\n|t:|1770820456\n|move|p2a: Altaria|Roost|p2a: Altaria\n|-heal|p2a: Altaria|245/245\n|-singleturn|p2a: Altaria|move: Roost\n|move|p1a: Bellossom|Giga Drain|p2a: Altaria\n|-resisted|p2a: Altaria\n|-damage|p2a: Altaria|197/245\n|\n|upkeep\n|turn|27\n|\n|t:|1770820461\n|move|p2a: Altaria|Dragon Dance|p2a: Altaria\n|-boost|p2a: Altaria|atk|1\n|-boost|p2a: Altaria|spe|1\n|move|p1a: Bellossom|Giga Drain|p2a: Altaria\n|-resisted|p2a: Altaria\n|-damage|p2a: Altaria|176/245\n|\n|upkeep\n|turn|28\n|\n|t:|1770820463\n|move|p2a: Altaria|Dragon Dance|p2a: Altaria\n|-boost|p2a: Altaria|atk|1\n|-boost|p2a: Altaria|spe|1\n|move|p1a: Bellossom|Giga Drain|p2a: Altaria\n|-resisted|p2a: Altaria\n|-damage|p2a: Altaria|153/245\n|\n|upkeep\n|turn|29\n|\n|t:|1770820472\n|move|p2a: Altaria|Dragon Dance|p2a: Altaria\n|-boost|p2a: Altaria|atk|1\n|-boost|p2a: Altaria|spe|1\n|move|p1a: Bellossom|Giga Drain|p2a: Altaria\n|-resisted|p2a: Altaria\n|-damage|p2a: Altaria|130/245\n|\n|upkeep\n|turn|30\n|\n|t:|1770820474\n|move|p2a: Altaria|Roost|p2a: Altaria\n|-heal|p2a: Altaria|245/245\n|-singleturn|p2a: Altaria|move: Roost\n|move|p1a: Bellossom|Giga Drain|p2a: Altaria\n|-resisted|p2a: Altaria\n|-damage|p2a: Altaria|200/245\n|\n|upkeep\n|turn|31\n|\n|t:|1770820477\n|detailschange|p2a: Altaria|Altaria-Mega, L78, M\n|-mega|p2a: Altaria|Altaria|Altarianite\n|move|p2a: Altaria|Return|p1a: Bellossom\n|-damage|p1a: Bellossom|0 fnt\n|faint|p1a: Bellossom\n|\n|upkeep\n|\n|t:|1770820479\n|switch|p1a: Blaziken|Blaziken-Mega, L72, M|75/233\n|-activate|p1a: Blaziken|move: Sticky Web\n|-unboost|p1a: Blaziken|spe|1\n|turn|32\n|\n|t:|1770820482\n|move|p2a: Altaria|Return|p1a: Blaziken\n|-damage|p1a: Blaziken|0 fnt\n|faint|p1a: Blaziken\n|detailschange|p1: Blaziken|Blaziken, L72, M|[silent]\n|\n|win|roadto15oo\n|raw|t1_opti's rating: 1604 &rarr; <strong>1587</strong><br />(-17 for losing)\n|raw|roadto15oo's rating: 1648 &rarr; <strong>1665</strong><br />(+17 for winning)\n|l|☆roadto15oo\n|player|p2|\n", "inputlog": ">version ccdc32dd7cde25fd9e4bed64820e885f66e78a4e\n>start {\"formatid\":\"gen6randombattle\",\"seed\":\"sodium,fbba95de7b5f1e8be63c7a5d2779a536\",\"rated\":\"Rated battle\"}\n>player p1 {\"name\":\"t1_opti\",\"avatar\":\"boarder\",\"rating\":1604,\"seed\":\"sodium,cd7848d3328b9f781f0e9865dafc472e\"}\n>player p2 {\"name\":\"roadto15oo\",\"avatar\":\"#bdplxmausholds\",\"rating\":1648,\"seed\":\"sodium,009c835f2aee2a35d4b38526e490dd6f\"}\n>p1 move sleeppowder\n>p2 move stickyweb\n>p1 move gigadrain\n>p2 switch 5\n>p1 switch 6\n>p2 move quiverdance\n>p1 move voltswitch\n>p2 move bugbuzz\n>p1 switch 3\n>p1 move knockoff\n>p2 move psychic\n>p1 move knockoff\n>p2 move bugbuzz\n>p1 switch 2\n>p1 move shadowsneak\n>p2 move sleeppowder\n>p2 switch 2\n>p1 switch 6\n>p2 move waterfall\n>p1 move gigadrain\n>p2 switch 3\n>p1 switch 4\n>p2 move willowisp\n>p1 move stealthrock\n>p2 move shadowball\n>p1 move earthquake\n>p2 move shadowball\n>p1 switch 6\n>p1 move swordsdance\n>p2 move willowisp\n>p1 move swordsdance\n>p2 move shadowball\n>p1 move shadowsneak\n>p2 move shadowball\n>p1 switch 3\n>p1 move hiddenpower\n>p2 move rest\n>p1 move hiddenpower\n>p2 move shadowball\n>p1 move hiddenpower\n>p2 move shadowball\n>p1 switch 5\n>p1 move swordsdance mega\n>p2 move shadowball\n>p1 move flareblitz\n>p2 switch 5\n>p2 switch 3\n>p1 switch 4\n>p2 move waterfall\n>p1 move sleeppowder\n>p2 switch 5\n>p1 move gigadrain\n>p2 move rest\n>p1 move gigadrain\n>p2 switch 6\n>p1 move gigadrain\n>p2 move dragondance\n>p1 move gigadrain\n>p2 move roost\n>p1 move gigadrain\n>p2 move dragondance\n>p1 move gigadrain\n>p2 move dragondance\n>p1 move gigadrain\n>p2 move dragondance\n>p1 move gigadrain\n>p2 move roost\n>p1 move gigadrain\n>p2 move return mega\n>p1 switch 4\n>p1 move swordsdance\n>p2 move return", "uploadtime": 1770820488, "views": 229, "formatid": "gen6randombattle", "rating": 1587, "private": 0, "password": null}