{"id": "gen6randombattle-2530105828", "format": "[Gen 6] Random Battle", "players": ["Blatjanglover", "2yones"], "log": "|j|☆Blatjanglover\n|j|☆2yones\n|t:|1769876628\n|gametype|singles\n|player|p1|Blatjanglover|brock|1615\n|player|p2|2yones|crasherwake|1615\n|gen|6\n|tier|[Gen 6] Random Battle\n|rated|\n|rule|Sleep Clause Mod: Limit one foe put to sleep\n|rule|HP Percentage Mod: HP is shown in percentages\n|rule|Illusion Level Mod: Illusion disguises the Pokémon's true level\n|\n|t:|1769876628\n|teamsize|p1|6\n|teamsize|p2|6\n|start\n|switch|p1a: Absol|Absol, L84, F|246/246\n|switch|p2a: Marowak|Marowak, L88, M|249/249\n|turn|1\n|inactive|Battle timer is ON: inactive players will automatically lose when time's up. (requested by Blatjanglover)\n|\n|t:|1769876698\n|switch|p2a: Bellossom|Bellossom, L96, M|299/299\n|move|p1a: Absol|Knock Off|p2a: Bellossom\n|-damage|p2a: Bellossom|130/299\n|-enditem|p2a: Bellossom|Leftovers|[from] move: Knock Off|[of] p1a: Absol\n|\n|upkeep\n|turn|2\n|inactive|Blatjanglover has 120 seconds left.\n|\n|t:|1769876732\n|switch|p1a: Abomasnow|Abomasnow, L84, M|287/287\n|-weather|Hail|[from] ability: Snow Warning|[of] p1a: Abomasnow\n|move|p2a: Bellossom|Drain Punch|p1a: Abomasnow\n|-supereffective|p1a: Abomasnow\n|-crit|p1a: Abomasnow\n|-damage|p1a: Abomasnow|85/287\n|-heal|p2a: Bellossom|231/299|[from] drain|[of] p1a: Abomasnow\n|\n|-weather|Hail|[upkeep]\n|-damage|p2a: Bellossom|213/299|[from] Hail\n|upkeep\n|turn|3\n|inactive|Blatjanglover has 120 seconds left.\n|c|☆Blatjanglover|Oh snap\n|inactive|2yones has 120 seconds left.\n|c|☆2yones|sneaky fella\n|\n|t:|1769876759\n|switch|p1a: Muk|Muk, L88, F|328/328\n|move|p2a: Bellossom|Drain Punch|p1a: Muk\n|-resisted|p1a: Muk\n|-damage|p1a: Muk|297/328\n|-heal|p2a: Bellossom|229/299|[from] drain|[of] p1a: Muk\n|\n|-weather|Hail|[upkeep]\n|-damage|p2a: Bellossom|211/299|[from] Hail\n|-damage|p1a: Muk|277/328|[from] Hail\n|-heal|p1a: Muk|297/328|[from] item: Black Sludge\n|upkeep\n|turn|4\n|inactive|2yones has 120 seconds left.\n|\n|t:|1769876787\n|switch|p2a: Hippowdon|Hippowdon, L81, F|308/308\n|-weather|Sandstorm|[from] ability: Sand Stream|[of] p2a: Hippowdon\n|move|p1a: Muk|Curse|p1a: Muk\n|-unboost|p1a: Muk|spe|1\n|-boost|p1a: Muk|atk|1\n|-boost|p1a: Muk|def|1\n|\n|-weather|Sandstorm|[upkeep]\n|-damage|p1a: Muk|277/328|[from] Sandstorm\n|-heal|p1a: Muk|297/328|[from] item: Black Sludge\n|upkeep\n|turn|5\n|\n|t:|1769876799\n|move|p2a: Hippowdon|Earthquake|p1a: Muk\n|-supereffective|p1a: Muk\n|-damage|p1a: Muk|147/328\n|move|p1a: Muk|Ice Punch|p2a: Hippowdon\n|-supereffective|p2a: Hippowdon\n|-damage|p2a: Hippowdon|154/308\n|-damage|p1a: Muk|93/328|[from] item: Rocky Helmet|[of] p2a: Hippowdon\n|\n|-weather|Sandstorm|[upkeep]\n|-damage|p1a: Muk|73/328|[from] Sandstorm\n|-heal|p1a: Muk|93/328|[from] item: Black Sludge\n|upkeep\n|turn|6\n|\n|t:|1769876814\n|switch|p1a: Mesprit|Mesprit, L85|275/275\n|move|p2a: Hippowdon|Earthquake|p1a: Mesprit\n|-immune|p1a: Mesprit|[from] ability: Levitate\n|\n|-weather|Sandstorm|[upkeep]\n|-damage|p1a: Mesprit|258/275|[from] Sandstorm\n|-heal|p1a: Mesprit|275/275|[from] item: Leftovers\n|upkeep\n|turn|7\n|\n|t:|1769876819\n|move|p1a: Mesprit|Toxic|p2a: Hippowdon\n|-status|p2a: Hippowdon|tox\n|move|p2a: Hippowdon|Toxic|p1a: Mesprit\n|-status|p1a: Mesprit|tox\n|\n|-weather|Sandstorm|[upkeep]\n|-damage|p1a: Mesprit|258/275 tox|[from] Sandstorm\n|-heal|p1a: Mesprit|275/275 tox|[from] item: Leftovers\n|-damage|p1a: Mesprit|258/275 tox|[from] psn\n|-damage|p2a: Hippowdon|135/308 tox|[from] psn\n|upkeep\n|turn|8\n|\n|t:|1769876825\n|switch|p1a: Abomasnow|Abomasnow, L84, M|85/287\n|-weather|Hail|[from] ability: Snow Warning|[of] p1a: Abomasnow\n|move|p2a: Hippowdon|Slack Off|p2a: Hippowdon\n|-heal|p2a: Hippowdon|289/308 tox\n|\n|-weather|Hail|[upkeep]\n|-damage|p2a: Hippowdon|270/308 tox|[from] Hail\n|-damage|p2a: Hippowdon|232/308 tox|[from] psn\n|upkeep\n|turn|9\n|inactive|2yones has 120 seconds left.\n|\n|t:|1769876836\n|switch|p2a: Umbreon|Umbreon, L83, M|293/293\n|move|p1a: Abomasnow|Blizzard|p2a: Umbreon\n|-damage|p2a: Umbreon|206/293\n|\n|-weather|Hail|[upkeep]\n|-damage|p2a: Umbreon|188/293|[from] Hail\n|-heal|p2a: Umbreon|206/293|[from] item: Leftovers\n|upkeep\n|turn|10\n|\n|t:|1769876843\n|move|p2a: Umbreon|Foul Play|p1a: Abomasnow\n|-damage|p1a: Abomasnow|0 fnt\n|faint|p1a: Abomasnow\n|\n|-weather|Hail|[upkeep]\n|-damage|p2a: Umbreon|188/293|[from] Hail\n|-heal|p2a: Umbreon|206/293|[from] item: Leftovers\n|upkeep\n|\n|t:|1769876863\n|switch|p1a: Mesprit|Mesprit, L85|258/275 tox\n|turn|11\n|\n|t:|1769876879\n|switch|p2a: Hippowdon|Hippowdon, L81, F|232/308 tox\n|-weather|Sandstorm|[from] ability: Sand Stream|[of] p2a: Hippowdon\n|move|p1a: Mesprit|Knock Off|p2a: Hippowdon\n|-damage|p2a: Hippowdon|173/308 tox\n|-damage|p1a: Mesprit|213/275 tox|[from] item: Rocky Helmet|[of] p2a: Hippowdon\n|-enditem|p2a: Hippowdon|Rocky Helmet|[from] move: Knock Off|[of] p1a: Mesprit\n|\n|-weather|Sandstorm|[upkeep]\n|-damage|p1a: Mesprit|196/275 tox|[from] Sandstorm\n|-heal|p1a: Mesprit|213/275 tox|[from] item: Leftovers\n|-damage|p1a: Mesprit|196/275 tox|[from] psn\n|-damage|p2a: Hippowdon|154/308 tox|[from] psn\n|upkeep\n|turn|12\n|\n|t:|1769876893\n|move|p1a: Mesprit|U-turn|p2a: Hippowdon\n|-damage|p2a: Hippowdon|104/308 tox\n|\n|t:|1769876904\n|switch|p1a: Muk|Muk, L88, F|93/328|[from] U-turn\n|move|p2a: Hippowdon|Slack Off|p2a: Hippowdon\n|-heal|p2a: Hippowdon|258/308 tox\n|\n|-weather|Sandstorm|[upkeep]\n|-damage|p1a: Muk|73/328|[from] Sandstorm\n|-heal|p1a: Muk|93/328|[from] item: Black Sludge\n|-damage|p2a: Hippowdon|220/308 tox|[from] psn\n|upkeep\n|turn|13\n|\n|t:|1769876912\n|move|p1a: Muk|Ice Punch|p2a: Hippowdon\n|-supereffective|p2a: Hippowdon\n|-damage|p2a: Hippowdon|122/308 tox\n|move|p2a: Hippowdon|Earthquake|p1a: Muk\n|-supereffective|p1a: Muk\n|-damage|p1a: Muk|0 fnt\n|faint|p1a: Muk\n|\n|-weather|Sandstorm|[upkeep]\n|-damage|p2a: Hippowdon|65/308 tox|[from] psn\n|upkeep\n|inactive|Blatjanglover has 120 seconds left.\n|\n|t:|1769876947\n|switch|p1a: Moltres|Moltres, L81|277/277\n|turn|14\n|inactive|2yones has 120 seconds left.\n|\n|t:|1769876977\n|switch|p2a: Umbreon|Umbreon, L83, M|206/293\n|move|p1a: Moltres|Fire Blast|p2a: Umbreon\n|-damage|p2a: Umbreon|98/293\n|\n|-weather|Sandstorm|[upkeep]\n|-damage|p1a: Moltres|260/277|[from] Sandstorm\n|-damage|p2a: Umbreon|80/293|[from] Sandstorm\n|-heal|p1a: Moltres|277/277|[from] item: Leftovers\n|-heal|p2a: Umbreon|98/293|[from] item: Leftovers\n|upkeep\n|turn|15\n|inactive|Blatjanglover has 120 seconds left.\n|\n|t:|1769877005\n|move|p1a: Moltres|Fire Blast|p2a: Umbreon\n|-damage|p2a: Umbreon|2/293\n|move|p2a: Umbreon|Moonlight|p2a: Umbreon\n|-heal|p2a: Umbreon|75/293\n|\n|-weather|none\n|-heal|p2a: Umbreon|93/293|[from] item: Leftovers\n|upkeep\n|turn|16\n|\n|t:|1769877016\n|switch|p2a: Hippowdon|Hippowdon, L81, F|65/308 tox\n|-weather|Sandstorm|[from] ability: Sand Stream|[of] p2a: Hippowdon\n|move|p1a: Moltres|Fire Blast|p2a: Hippowdon\n|-damage|p2a: Hippowdon|0 fnt\n|faint|p2a: Hippowdon\n|\n|-weather|Sandstorm|[upkeep]\n|-damage|p1a: Moltres|260/277|[from] Sandstorm\n|-heal|p1a: Moltres|277/277|[from] item: Leftovers\n|upkeep\n|\n|t:|1769877023\n|switch|p2a: Marowak|Marowak, L88, M|249/249\n|turn|17\n|\n|t:|1769877031\n|move|p1a: Moltres|U-turn|p2a: Marowak\n|-damage|p2a: Marowak|213/249\n|\n|t:|1769877033\n|switch|p1a: Absol|Absol, L84, F|246/246|[from] U-turn\n|move|p2a: Marowak|Stone Edge|p1a: Absol\n|-damage|p1a: Absol|61/246\n|\n|-weather|Sandstorm|[upkeep]\n|-damage|p1a: Absol|46/246|[from] Sandstorm\n|upkeep\n|turn|18\n|\n|t:|1769877050\n|switch|p2a: Bellossom|Bellossom, L96, M|211/299\n|move|p1a: Absol|Knock Off|p2a: Bellossom\n|-crit|p2a: Bellossom\n|-damage|p2a: Bellossom|55/299\n|\n|-weather|Sandstorm|[upkeep]\n|-damage|p1a: Absol|31/246|[from] Sandstorm\n|-damage|p2a: Bellossom|37/299|[from] Sandstorm\n|upkeep\n|turn|19\n|\n|t:|1769877057\n|move|p1a: Absol|Knock Off|p2a: Bellossom\n|-damage|p2a: Bellossom|0 fnt\n|faint|p2a: Bellossom\n|\n|-weather|Sandstorm|[upkeep]\n|-damage|p1a: Absol|16/246|[from] Sandstorm\n|upkeep\n|\n|t:|1769877064\n|switch|p2a: Samurott|Samurott, L87, M|307/307\n|turn|20\n|\n|t:|1769877067\n|move|p2a: Samurott|Aqua Jet|p1a: Absol\n|-crit|p1a: Absol\n|-damage|p1a: Absol|0 fnt\n|faint|p1a: Absol\n|\n|-weather|none\n|upkeep\n|\n|t:|1769877076\n|switch|p1a: Mesprit|Mesprit, L85|196/275 tox\n|turn|21\n|\n|t:|1769877091\n|switch|p2a: Umbreon|Umbreon, L83, M|93/293\n|move|p1a: Mesprit|Toxic|p2a: Umbreon\n|-status|p2a: Umbreon|tox\n|-activate|p2a: Umbreon|ability: Synchronize\n|-fail|p1a: Mesprit|tox\n|\n|-heal|p1a: Mesprit|213/275 tox|[from] item: Leftovers\n|-heal|p2a: Umbreon|111/293 tox|[from] item: Leftovers\n|-damage|p1a: Mesprit|196/275 tox|[from] psn\n|-damage|p2a: Umbreon|93/293 tox|[from] psn\n|upkeep\n|turn|22\n|\n|t:|1769877106\n|move|p1a: Mesprit|U-turn|p2a: Umbreon\n|-supereffective|p2a: Umbreon\n|-damage|p2a: Umbreon|0 fnt\n|faint|p2a: Umbreon\n|\n|t:|1769877111\n|switch|p1a: Moltres|Moltres, L81|277/277|[from] U-turn\n|\n|upkeep\n|\n|t:|1769877127\n|switch|p2a: Samurott|Samurott, L87, M|307/307\n|turn|23\n|\n|t:|1769877130\n|move|p1a: Moltres|Hurricane|p2a: Samurott\n|-damage|p2a: Samurott|159/307\n|move|p2a: Samurott|Waterfall|p1a: Moltres\n|-supereffective|p1a: Moltres\n|-damage|p1a: Moltres|19/277\n|\n|-heal|p1a: Moltres|36/277|[from] item: Leftovers\n|upkeep\n|turn|24\n|\n|t:|1769877145\n|switch|p2a: Regigigas|Regigigas, L84|322/322\n|-start|p2a: Regigigas|ability: Slow Start\n|move|p1a: Moltres|Fire Blast|p2a: Regigigas\n|-damage|p2a: Regigigas|216/322\n|-status|p2a: Regigigas|brn\n|\n|-heal|p1a: Moltres|53/277|[from] item: Leftovers\n|-heal|p2a: Regigigas|236/322 brn|[from] item: Leftovers\n|-damage|p2a: Regigigas|196/322 brn|[from] brn\n|upkeep\n|turn|25\n|\n|t:|1769877156\n|move|p1a: Moltres|U-turn|p2a: Regigigas\n|-damage|p2a: Regigigas|153/322 brn\n|\n|t:|1769877159\n|switch|p1a: Mawile|Mawile, L76, M|201/201|[from] U-turn\n|-ability|p1a: Mawile|Intimidate|boost\n|-unboost|p2a: Regigigas|atk|1\n|move|p2a: Regigigas|Thunder Wave|p1a: Mawile\n|-status|p1a: Mawile|par\n|\n|-heal|p2a: Regigigas|173/322 brn|[from] item: Leftovers\n|-damage|p2a: Regigigas|133/322 brn|[from] brn\n|upkeep\n|turn|26\n|\n|t:|1769877167\n|switch|p2a: Marowak|Marowak, L88, M|213/249\n|detailschange|p1a: Mawile|Mawile-Mega, L76, M\n|-mega|p1a: Mawile|Mawile|Mawilite\n|move|p1a: Mawile|Swords Dance|p1a: Mawile\n|-boost|p1a: Mawile|atk|2\n|\n|upkeep\n|turn|27\n|\n|t:|1769877176\n|switch|p1a: Moltres|Moltres, L81|53/277\n|move|p2a: Marowak|Earthquake|p1a: Moltres\n|-immune|p1a: Moltres\n|\n|-heal|p1a: Moltres|70/277|[from] item: Leftovers\n|upkeep\n|turn|28\n|\n|t:|1769877187\n|move|p1a: Moltres|Fire Blast|p2a: Marowak\n|-damage|p2a: Marowak|81/249\n|move|p2a: Marowak|Stone Edge|p1a: Moltres\n|-supereffective|p1a: Moltres\n|-damage|p1a: Moltres|0 fnt\n|faint|p1a: Moltres\n|\n|upkeep\n|\n|t:|1769877193\n|switch|p1a: Mesprit|Mesprit, L85|196/275 tox\n|turn|29\n|\n|t:|1769877199\n|switch|p2a: Regigigas|Regigigas, L84|133/322 brn\n|-start|p2a: Regigigas|ability: Slow Start\n|move|p1a: Mesprit|Psychic|p2a: Regigigas\n|-damage|p2a: Regigigas|46/322 brn\n|\n|-heal|p1a: Mesprit|213/275 tox|[from] item: Leftovers\n|-heal|p2a: Regigigas|66/322 brn|[from] item: Leftovers\n|-damage|p1a: Mesprit|196/275 tox|[from] psn\n|-damage|p2a: Regigigas|26/322 brn|[from] brn\n|upkeep\n|turn|30\n|\n|t:|1769877209\n|move|p1a: Mesprit|U-turn|p2a: Regigigas\n|-damage|p2a: Regigigas|0 fnt\n|faint|p2a: Regigigas\n|\n|t:|1769877214\n|switch|p1a: Mawile|Mawile-Mega, L76, M|201/201 par|[from] U-turn\n|\n|upkeep\n|\n|t:|1769877225\n|switch|p2a: Marowak|Marowak, L88, M|81/249\n|turn|31\n|\n|t:|1769877230\n|move|p2a: Marowak|Earthquake|p1a: Mawile\n|-supereffective|p1a: Mawile\n|-damage|p1a: Mawile|0 fnt\n|faint|p1a: Mawile\n|detailschange|p1: Mawile|Mawile, L76, M|[silent]\n|\n|upkeep\n|\n|t:|1769877234\n|switch|p1a: Mesprit|Mesprit, L85|196/275 tox\n|turn|32\n|\n|t:|1769877239\n|move|p1a: Mesprit|Psychic|p2a: Marowak\n|-damage|p2a: Marowak|0 fnt\n|faint|p2a: Marowak\n|\n|-heal|p1a: Mesprit|213/275 tox|[from] item: Leftovers\n|-damage|p1a: Mesprit|196/275 tox|[from] psn\n|upkeep\n|\n|t:|1769877242\n|switch|p2a: Samurott|Samurott, L87, M|159/307\n|turn|33\n|\n|t:|1769877248\n|move|p1a: Mesprit|Psychic|p2a: Samurott\n|-damage|p2a: Samurott|45/307\n|move|p2a: Samurott|Knock Off|p1a: Mesprit\n|-supereffective|p1a: Mesprit\n|-damage|p1a: Mesprit|2/275 tox\n|-enditem|p1a: Mesprit|Leftovers|[from] move: Knock Off|[of] p2a: Samurott\n|\n|-damage|p1a: Mesprit|0 fnt|[from] psn\n|faint|p1a: Mesprit\n|\n|win|2yones\n|raw|Blatjanglover's rating: 1615 &rarr; <strong>1595</strong><br />(-20 for losing)\n|raw|2yones's rating: 1615 &rarr; <strong>1635</strong><br />(+20 for winning)\n|c|☆Blatjanglover|Gg\n|c|☆Blatjanglover|Wp\n|c|☆2yones|ggwp\n|l|☆2yones\n|player|p2|\n", "inputlog": ">version b99ff0165a6231f17e8b78c2a78d1998375de664\n>start {\"formatid\":\"gen6randombattle\",\"seed\":\"sodium,b4c8712c6a0bf2c42505bea54ea7c824\",\"rated\":\"Rated battle\"}\n>player p1 {\"name\":\"Blatjanglover\",\"avatar\":\"brock\",\"rating\":1615,\"seed\":\"sodium,53e3ee4c79ef030d2f32a55949c755ac\"}\n>player p2 {\"name\":\"2yones\",\"avatar\":\"crasherwake\",\"rating\":1615,\"seed\":\"sodium,2b8b0e5a4908a9f7bca358e9185ecc73\"}\n>p1 move knockoff\n>p2 switch 5\n>p1 switch 5\n>p2 move drainpunch\n>chat ☆Blatjanglover|Oh snap\n>chat ☆2yones|sneaky fella\n>p1 switch 4\n>p2 move drainpunch\n>p1 move curse\n>p2 switch 4\n>p1 move icepunch\n>p2 move earthquake\n>p1 switch 2\n>p2 move earthquake\n>p1 move toxic\n>p2 move toxic\n>p1 switch 4\n>p2 move slackoff\n>p1 move blizzard\n>p2 switch 3\n>p1 move woodhammer\n>p2 move foulplay\n>p1 switch 4\n>p1 move knockoff\n>p2 switch 3\n>p1 move uturn\n>p2 move slackoff\n>p1 switch 2\n>p1 move icepunch\n>p2 move earthquake\n>p1 switch 3\n>p1 move fireblast\n>p2 switch 3\n>p1 move fireblast\n>p2 move moonlight\n>p1 move fireblast\n>p2 switch 3\n>p2 switch 5\n>p1 move uturn\n>p2 move stoneedge\n>p1 switch 5\n>p1 move knockoff\n>p2 switch 4\n>p1 move knockoff\n>p2 move return\n>p2 switch 2\n>p1 move knockoff\n>p2 move aquajet\n>p1 switch 2\n>p1 move toxic\n>p2 switch 3\n>p1 move uturn\n>p2 move moonlight\n>p1 switch 5\n>p2 switch 3\n>p1 move hurricane\n>p2 move waterfall\n>p1 move fireblast\n>p2 switch 6\n>p1 move uturn\n>p2 move thunderwave\n>p1 switch 6\n>p1 move swordsdance mega\n>p2 switch 4\n>p1 switch 6\n>p2 move earthquake\n>p1 move fireblast\n>p2 move stoneedge\n>p1 switch 5\n>p1 move psychic\n>p2 switch 4\n>p1 move uturn\n>p2 move knockoff\n>p1 switch 6\n>p2 switch 4\n>p1 move ironhead\n>p2 move earthquake\n>p1 switch 6\n>p1 move psychic\n>p2 move doubleedge\n>p2 switch 6\n>p1 move psychic\n>p2 move knockoff", "uploadtime": 1769877259, "views": 268, "formatid": "gen6randombattle", "rating": 1595, "private": 0, "password": null}