{"id": "gen6randombattle-2532689721", "format": "[Gen 6] Random Battle", "players": ["urgeed", "Plop"], "log": "|j|☆urgeed\n|j|☆Plop\n|t:|1770215109\n|gametype|singles\n|player|p1|urgeed|lucas|1638\n|player|p2|Plop|#rbtt9travelers|1829\n|gen|6\n|tier|[Gen 6] Random Battle\n|rated|\n|rule|Sleep Clause Mod: Limit one foe put to sleep\n|rule|HP Percentage Mod: HP is shown in percentages\n|rule|Illusion Level Mod: Illusion disguises the Pokémon's true level\n|\n|t:|1770215109\n|teamsize|p1|6\n|teamsize|p2|6\n|start\n|switch|p1a: Snorlax|Snorlax, L81, F|392/392\n|switch|p2a: Delphox|Delphox, L83, M|260/260\n|turn|1\n|\n|t:|1770215148\n|move|p2a: Delphox|Psyshock|p1a: Snorlax\n|-damage|p1a: Snorlax|235/392\n|-damage|p2a: Delphox|234/260|[from] item: Life Orb\n|move|p1a: Snorlax|Body Slam|p2a: Delphox\n|-damage|p2a: Delphox|134/260\n|\n|-heal|p1a: Snorlax|259/392|[from] item: Leftovers\n|upkeep\n|turn|2\n|\n|t:|1770215161\n|move|p2a: Delphox|Psyshock|p1a: Snorlax\n|-damage|p1a: Snorlax|99/392\n|-damage|p2a: Delphox|108/260|[from] item: Life Orb\n|move|p1a: Snorlax|Crunch|p2a: Delphox\n|-supereffective|p2a: Delphox\n|-crit|p2a: Delphox\n|-damage|p2a: Delphox|0 fnt\n|faint|p2a: Delphox\n|\n|-heal|p1a: Snorlax|123/392|[from] item: Leftovers\n|upkeep\n|\n|t:|1770215175\n|switch|p2a: Swellow|Swellow, L81, M|230/230\n|turn|3\n|j| Blatjanglover\n|\n|t:|1770215184\n|switch|p1a: Heatran|Heatran, L78, F|270/270\n|move|p2a: Swellow|Brave Bird|p1a: Heatran\n|-resisted|p1a: Heatran\n|-damage|p1a: Heatran|219/270\n|-damage|p2a: Swellow|213/230|[from] Recoil\n|\n|-heal|p1a: Heatran|235/270|[from] item: Leftovers\n|-status|p2a: Swellow|tox|[from] item: Toxic Orb\n|upkeep\n|turn|4\n|\n|t:|1770215194\n|switch|p2a: Swampert|Swampert, L80, M|291/291\n|move|p1a: Heatran|Magma Storm|p2a: Swampert\n|-resisted|p2a: Swampert\n|-damage|p2a: Swampert|235/291\n|-activate|p2a: Swampert|move: Magma Storm|[of] p1a: Heatran\n|\n|-heal|p1a: Heatran|251/270|[from] item: Leftovers\n|-damage|p2a: Swampert|199/291|[from] move: Magma Storm|[partiallytrapped]\n|upkeep\n|turn|5\n|\n|t:|1770215199\n|detailschange|p2a: Swampert|Swampert-Mega, L80, M\n|-mega|p2a: Swampert|Swampert|Swampertite\n|move|p1a: Heatran|Taunt|p2a: Swampert\n|-start|p2a: Swampert|move: Taunt\n|move|p2a: Swampert|Earthquake|p1a: Heatran\n|-supereffective|p1a: Heatran\n|-damage|p1a: Heatran|0 fnt\n|faint|p1a: Heatran\n|\n|-end|p2a: Swampert|Magma Storm|[partiallytrapped]|[silent]\n|upkeep\n|\n|t:|1770215211\n|switch|p1a: Medicham|Medicham, L77, F|219/219\n|turn|6\n|\n|t:|1770215226\n|switch|p2a: Murkrow|Murkrow, L90, F|254/254\n|detailschange|p1a: Medicham|Medicham-Mega, L77, F\n|-mega|p1a: Medicham|Medicham|Medichamite\n|move|p1a: Medicham|Fake Out|p2a: Murkrow\n|-crit|p2a: Murkrow\n|-damage|p2a: Murkrow|177/254\n|\n|upkeep\n|turn|7\n|\n|t:|1770215236\n|switch|p1a: Lanturn|Lanturn, L86, M|355/355\n|move|p2a: Murkrow|Brave Bird|p1a: Lanturn\n|-resisted|p1a: Lanturn\n|-damage|p1a: Lanturn|274/355\n|-damage|p2a: Murkrow|150/254|[from] Recoil\n|\n|-heal|p1a: Lanturn|296/355|[from] item: Leftovers\n|upkeep\n|turn|8\n|\n|t:|1770215255\n|switch|p2a: Swampert|Swampert-Mega, L80, M|199/291\n|move|p1a: Lanturn|Scald|p2a: Swampert\n|-damage|p2a: Swampert|136/291\n|-status|p2a: Swampert|brn\n|\n|-heal|p1a: Lanturn|318/355|[from] item: Leftovers\n|-damage|p2a: Swampert|100/291 brn|[from] brn\n|upkeep\n|turn|9\n|inactive|Battle timer is ON: inactive players will automatically lose when time's up. (requested by Plop)\n|\n|t:|1770215292\n|move|p1a: Lanturn|Scald|p2a: Swampert\n|-damage|p2a: Swampert|30/291 brn\n|move|p2a: Swampert|Earthquake|p1a: Lanturn\n|-supereffective|p1a: Lanturn\n|-damage|p1a: Lanturn|120/355\n|\n|-heal|p1a: Lanturn|142/355|[from] item: Leftovers\n|-damage|p2a: Swampert|0 fnt|[from] brn\n|faint|p2a: Swampert\n|detailschange|p2: Swampert|Swampert, L80, M|[silent]\n|upkeep\n|\n|t:|1770215296\n|switch|p2a: Swellow|Swellow, L81, M|213/230 tox\n|turn|10\n|\n|t:|1770215303\n|move|p2a: Swellow|Facade|p1a: Lanturn\n|-damage|p1a: Lanturn|0 fnt\n|faint|p1a: Lanturn\n|\n|-damage|p2a: Swellow|199/230 tox|[from] psn\n|upkeep\n|\n|t:|1770215306\n|switch|p1a: Nidoqueen|Nidoqueen, L81, F|278/278\n|turn|11\n|\n|t:|1770215320\n|move|p2a: Swellow|U-turn|p1a: Nidoqueen\n|-resisted|p1a: Nidoqueen\n|-damage|p1a: Nidoqueen|246/278\n|\n|t:|1770215323\n|switch|p2a: Absol|Absol, L84, F|246/246|[from] U-turn\n|move|p1a: Nidoqueen|Ice Beam|p2a: Absol\n|-damage|p2a: Absol|146/246\n|\n|upkeep\n|turn|12\n|\n|t:|1770215348\n|move|p2a: Absol|Knock Off|p1a: Nidoqueen\n|-damage|p1a: Nidoqueen|93/278\n|-enditem|p1a: Nidoqueen|Life Orb|[from] move: Knock Off|[of] p2a: Absol\n|move|p1a: Nidoqueen|Earth Power|p2a: Absol\n|-damage|p2a: Absol|26/246\n|\n|upkeep\n|turn|13\n|\n|t:|1770215358\n|move|p2a: Absol|Knock Off|p1a: Nidoqueen\n|-damage|p1a: Nidoqueen|0 fnt\n|faint|p1a: Nidoqueen\n|\n|upkeep\n|inactive|urgeed has 120 seconds left.\n|\n|t:|1770215403\n|switch|p1a: Pangoro|Pangoro, L84, M|297/297\n|turn|14\n|\n|t:|1770215408\n|move|p2a: Absol|Play Rough|p1a: Pangoro\n|-supereffective|p1a: Pangoro\n|-damage|p1a: Pangoro|0 fnt\n|faint|p1a: Pangoro\n|\n|upkeep\n|l| Blatjanglover\n|\n|t:|1770215411\n|switch|p1a: Medicham|Medicham-Mega, L77, F|219/219\n|turn|15\n|\n|t:|1770215417\n|move|p2a: Absol|Sucker Punch|p1a: Medicham\n|-damage|p1a: Medicham|81/219\n|move|p1a: Medicham|Ice Punch|p2a: Absol\n|-damage|p2a: Absol|0 fnt\n|faint|p2a: Absol\n|\n|upkeep\n|\n|t:|1770215420\n|switch|p2a: Murkrow|Murkrow, L90, F|150/254\n|turn|16\n|\n|t:|1770215433\n|move|p2a: Murkrow|Brave Bird|p1a: Medicham\n|-supereffective|p1a: Medicham\n|-damage|p1a: Medicham|0 fnt\n|faint|p1a: Medicham\n|detailschange|p1: Medicham|Medicham, L77, F|[silent]\n|-damage|p2a: Murkrow|123/254|[from] Recoil\n|\n|upkeep\n|\n|t:|1770215435\n|switch|p1a: Snorlax|Snorlax, L81, F|123/392\n|turn|17\n|\n|t:|1770215439\n|move|p2a: Murkrow|Brave Bird|p1a: Snorlax\n|-damage|p1a: Snorlax|0 fnt\n|faint|p1a: Snorlax\n|-damage|p2a: Murkrow|82/254|[from] Recoil\n|\n|win|Plop\n|raw|urgeed's rating: 1638 &rarr; <strong>1628</strong><br />(-10 for losing)\n|raw|Plop's rating: 1829 &rarr; <strong>1839</strong><br />(+10 for winning)\n", "inputlog": ">version ccdc32dd7cde25fd9e4bed64820e885f66e78a4e\n>start {\"formatid\":\"gen6randombattle\",\"seed\":\"sodium,e55baa5ac0e133e29d6f4f2deea8796f\",\"rated\":\"Rated battle\"}\n>player p1 {\"name\":\"urgeed\",\"avatar\":\"lucas\",\"rating\":1638,\"seed\":\"sodium,36ab0e44d8e824346007b7be545d89fa\"}\n>player p2 {\"name\":\"Plop\",\"avatar\":\"#rbtt9travelers\",\"rating\":1829,\"seed\":\"sodium,35317743a103cf6628756b9acb735a15\"}\n>p1 move bodyslam\n>p2 move psyshock\n>p1 move crunch\n>p2 move psyshock\n>p2 switch 5\n>p1 switch 3\n>p2 move bravebird\n>p1 move magmastorm\n>p2 switch 4\n>p1 move taunt\n>p2 move earthquake mega\n>p1 switch 6\n>p1 move fakeout mega\n>p2 switch 3\n>p1 switch 5\n>p2 move bravebird\n>p1 move scald\n>p2 switch 3\n>p1 move scald\n>p2 move earthquake\n>p2 switch 4\n>p1 move icebeam\n>p2 move facade\n>p1 switch 4\n>p1 move icebeam\n>p2 move uturn\n>p2 switch 2\n>p1 move earthpower\n>p2 move knockoff\n>p1 move stealthrock\n>p2 move knockoff\n>p1 switch 2\n>p1 move drainpunch\n>p2 move playrough\n>p1 switch 5\n>p1 move icepunch\n>p2 move suckerpunch\n>p2 switch 3\n>p1 move highjumpkick\n>p2 move bravebird\n>p1 switch 3\n>p1 move rest\n>p2 move bravebird", "uploadtime": 1770215441, "views": 237, "formatid": "gen6randombattle", "rating": 1628, "private": 0, "password": null}