{"id": "gen6randombattle-2536056453", "format": "[Gen 6] Random Battle", "players": ["arboretums", "JuliettLived"], "log": "|j|☆arboretums\n|j|☆JuliettLived\n|t:|1770650103\n|gametype|singles\n|player|p1|arboretums|serena-masters2|1517\n|player|p2|JuliettLived|170|1652\n|gen|6\n|tier|[Gen 6] Random Battle\n|rated|\n|rule|Sleep Clause Mod: Limit one foe put to sleep\n|rule|HP Percentage Mod: HP is shown in percentages\n|rule|Illusion Level Mod: Illusion disguises the Pokémon's true level\n|\n|t:|1770650103\n|teamsize|p1|6\n|teamsize|p2|6\n|start\n|switch|p1a: Ambipom|Ambipom, L83, F|260/260\n|switch|p2a: Dusknoir|Dusknoir, L89, M|225/225\n|-item|p1a: Ambipom|Silk Scarf|[from] ability: Frisk|[of] p2a: Dusknoir\n|turn|1\n|inactive|Battle timer is ON: inactive players will automatically lose when time's up. (requested by arboretums)\n|\n|t:|1770650128\n|switch|p1a: Throh|Throh, L88, M|354/354\n|move|p2a: Dusknoir|Protect||[still]\n|-fail|p2a: Dusknoir\n|\n|upkeep\n|turn|2\n|\n|t:|1770650143\n|move|p2a: Dusknoir|Toxic|p1a: Throh\n|-status|p1a: Throh|tox\n|move|p1a: Throh|Knock Off|p2a: Dusknoir\n|-supereffective|p2a: Dusknoir\n|-damage|p2a: Dusknoir|55/225\n|-enditem|p2a: Dusknoir|Leftovers|[from] move: Knock Off|[of] p1a: Throh\n|\n|-damage|p1a: Throh|332/354 tox|[from] psn\n|upkeep\n|turn|3\n|\n|t:|1770650165\n|move|p2a: Dusknoir|Earthquake|p1a: Throh\n|-damage|p1a: Throh|249/354 tox\n|move|p1a: Throh|Knock Off|p2a: Dusknoir\n|-supereffective|p2a: Dusknoir\n|-damage|p2a: Dusknoir|0 fnt\n|faint|p2a: Dusknoir\n|\n|-heal|p1a: Throh|271/354 tox|[from] item: Leftovers\n|-damage|p1a: Throh|227/354 tox|[from] psn\n|upkeep\n|inactive|JuliettLived has 120 seconds left.\n|\n|t:|1770650188\n|switch|p2a: Sandslash|Sandslash, L89, F|278/278\n|turn|4\n|inactive|JuliettLived has 120 seconds left.\n|\n|t:|1770650195\n|move|p2a: Sandslash|Earthquake|p1a: Throh\n|-damage|p1a: Throh|118/354 tox\n|move|p1a: Throh|Circle Throw|p2a: Sandslash\n|-damage|p2a: Sandslash|196/278\n|drag|p2a: Dragalge|Dragalge, L87, F|255/255\n|\n|-heal|p1a: Throh|140/354 tox|[from] item: Leftovers\n|-damage|p1a: Throh|74/354 tox|[from] psn\n|upkeep\n|turn|5\n|inactive|JuliettLived has 120 seconds left.\n|\n|t:|1770650207\n|move|p1a: Throh|Knock Off|p2a: Dragalge\n|-damage|p2a: Dragalge|149/255\n|-enditem|p2a: Dragalge|Black Sludge|[from] move: Knock Off|[of] p1a: Throh\n|move|p2a: Dragalge|Sludge Wave|p1a: Throh\n|-damage|p1a: Throh|0 fnt\n|faint|p1a: Throh\n|\n|upkeep\n|j| RNGgivethRNGtaketh\n|\n|t:|1770650215\n|switch|p1a: Ambipom|Ambipom, L83, F|260/260\n|turn|6\n|j| billy zubat\n|\n|t:|1770650223\n|move|p1a: Ambipom|Fake Out|p2a: Dragalge\n|-damage|p2a: Dragalge|77/255\n|cant|p2a: Dragalge|flinch\n|\n|upkeep\n|turn|7\n|\n|t:|1770650228\n|move|p1a: Ambipom|Return|p2a: Dragalge\n|-damage|p2a: Dragalge|0 fnt\n|faint|p2a: Dragalge\n|\n|upkeep\n|\n|t:|1770650234\n|switch|p2a: Klefki|Klefki, L79, F|220/220\n|turn|8\n|\n|t:|1770650242\n|switch|p1a: Politoed|Politoed, L86, F|295/295\n|-weather|RainDance|[from] ability: Drizzle|[of] p1a: Politoed\n|move|p2a: Klefki|Thunder Wave|p1a: Politoed\n|-status|p1a: Politoed|par\n|\n|-weather|RainDance|[upkeep]\n|upkeep\n|turn|9\n|\n|t:|1770650253\n|switch|p2a: Mantine|Mantine, L90, F|263/263\n|move|p1a: Politoed|Scald|p2a: Mantine\n|-immune|p2a: Mantine|[from] ability: Water Absorb\n|\n|-weather|RainDance|[upkeep]\n|upkeep\n|turn|10\n|\n|t:|1770650270\n|move|p2a: Mantine|Air Slash|p1a: Politoed\n|-damage|p1a: Politoed|217/295 par\n|cant|p1a: Politoed|par\n|\n|-weather|RainDance|[upkeep]\n|-heal|p1a: Politoed|235/295 par|[from] item: Leftovers\n|upkeep\n|turn|11\n|\n|t:|1770650278\n|move|p2a: Mantine|Air Slash|p1a: Politoed\n|-damage|p1a: Politoed|162/295 par\n|cant|p1a: Politoed|par\n|\n|-weather|RainDance|[upkeep]\n|-heal|p1a: Politoed|180/295 par|[from] item: Leftovers\n|upkeep\n|turn|12\n|\n|t:|1770650285\n|move|p2a: Mantine|Air Slash|p1a: Politoed\n|-damage|p1a: Politoed|107/295 par\n|move|p1a: Politoed|Toxic|p2a: Mantine\n|-status|p2a: Mantine|tox\n|\n|-weather|none\n|-heal|p1a: Politoed|125/295 par|[from] item: Leftovers\n|-damage|p2a: Mantine|247/263 tox|[from] psn\n|upkeep\n|turn|13\n|\n|t:|1770650294\n|move|p1a: Politoed|Protect|p1a: Politoed\n|-singleturn|p1a: Politoed|Protect\n|move|p2a: Mantine|Air Slash|p1a: Politoed\n|-activate|p1a: Politoed|move: Protect\n|\n|-heal|p2a: Mantine|263/263 tox|[from] item: Leftovers\n|-heal|p1a: Politoed|143/295 par|[from] item: Leftovers\n|-damage|p2a: Mantine|231/263 tox|[from] psn\n|upkeep\n|turn|14\n|\n|t:|1770650305\n|switch|p2a: Delcatty|Delcatty, F|302/302\n|switch|p1a: Ambipom|Ambipom, L83, F|260/260\n|\n|upkeep\n|turn|15\n|\n|t:|1770650312\n|switch|p2a: Klefki|Klefki, L79, F|220/220\n|move|p1a: Ambipom|Fake Out|p2a: Klefki\n|-resisted|p2a: Klefki\n|-damage|p2a: Klefki|178/220\n|\n|-heal|p2a: Klefki|191/220|[from] item: Leftovers\n|upkeep\n|turn|16\n|\n|t:|1770650326\n|switch|p1a: Politoed|Politoed, L86, F|143/295 par\n|-weather|RainDance|[from] ability: Drizzle|[of] p1a: Politoed\n|move|p2a: Klefki|Dazzling Gleam|p1a: Politoed\n|-damage|p1a: Politoed|89/295 par\n|\n|-weather|RainDance|[upkeep]\n|-heal|p2a: Klefki|204/220|[from] item: Leftovers\n|-heal|p1a: Politoed|107/295 par|[from] item: Leftovers\n|upkeep\n|turn|17\n|\n|t:|1770650338\n|move|p2a: Klefki|Foul Play|p1a: Politoed\n|-damage|p1a: Politoed|61/295 par\n|move|p1a: Politoed|Scald|p2a: Klefki\n|-damage|p2a: Klefki|57/220\n|\n|-weather|RainDance|[upkeep]\n|-heal|p2a: Klefki|70/220|[from] item: Leftovers\n|-heal|p1a: Politoed|79/295 par|[from] item: Leftovers\n|upkeep\n|turn|18\n|l|☆JuliettLived\n|inactive|JuliettLived disconnected and has a minute to reconnect!\n|player|p2|\n|c|☆arboretums|bro\n|inactive|JuliettLived has 30 seconds to reconnect!\n|inactive|JuliettLived has 20 seconds to reconnect!\n|inactive|JuliettLived has 15 seconds to reconnect!\n|inactive|JuliettLived has 10 seconds to reconnect!\n|inactive|JuliettLived has 5 seconds to reconnect!\n|-message|JuliettLived lost due to inactivity.\n|\n|win|arboretums\n|raw|arboretums's rating: 1517 &rarr; <strong>1544</strong><br />(+27 for winning)\n|raw|JuliettLived's rating: 1652 &rarr; <strong>1625</strong><br />(-27 for losing)\n", "inputlog": ">version ccdc32dd7cde25fd9e4bed64820e885f66e78a4e\n>start {\"formatid\":\"gen6randombattle\",\"seed\":\"sodium,6ff6202c3567f05f6e307e47e72e9928\",\"rated\":\"Rated battle\"}\n>player p1 {\"name\":\"arboretums\",\"avatar\":\"serena-masters2\",\"rating\":1517,\"seed\":\"sodium,5affc969e45d589fb3d2bc686ec3c85a\"}\n>player p2 {\"name\":\"JuliettLived\",\"avatar\":\"170\",\"rating\":1652,\"seed\":\"sodium,4d482a2c6cb039d8a6897c233d3370a0\"}\n>p1 switch 3\n>p2 move protect\n>p1 move knockoff\n>p2 move toxic\n>p1 move knockoff\n>p2 move earthquake\n>p2 switch 6\n>p1 move circlethrow\n>p2 move earthquake\n>p1 move knockoff\n>p2 move sludgewave\n>p1 switch 3\n>p1 move fakeout\n>p2 move sludgewave\n>p1 move return\n>p2 move sludgewave\n>p2 switch 2\n>p1 switch 5\n>p2 move thunderwave\n>p1 move scald\n>p2 switch 5\n>p1 move toxic\n>p2 move airslash\n>p1 move toxic\n>p2 move airslash\n>p1 move toxic\n>p2 move airslash\n>p1 move protect\n>p2 move airslash\n>p1 switch 5\n>p2 switch 3\n>p1 move fakeout\n>p2 switch 5\n>p1 switch 5\n>p2 move dazzlinggleam\n>p1 move scald\n>p2 move foulplay\n>chat ☆arboretums|bro\n>forcelose p2", "uploadtime": 1770650416, "views": 230, "formatid": "gen6randombattle", "rating": 1544, "private": 0, "password": null}