{"id": "gen6randombattle-2520031273", "format": "[Gen 6] Random Battle", "players": ["arboretums", "AtomFreeFaller21"], "log": "|j|☆arboretums\n|j|☆AtomFreeFaller21\n|t:|1768581738\n|gametype|singles\n|player|p1|arboretums|serena-masters2|1659\n|player|p2|AtomFreeFaller21|102|1787\n|gen|6\n|tier|[Gen 6] Random Battle\n|rated|\n|rule|Sleep Clause Mod: Limit one foe put to sleep\n|rule|HP Percentage Mod: HP is shown in percentages\n|rule|Illusion Level Mod: Illusion disguises the Pokémon's true level\n|\n|t:|1768581738\n|teamsize|p1|6\n|teamsize|p2|6\n|start\n|switch|p1a: Charizard|Charizard, L83, M|265/265\n|switch|p2a: Honchkrow|Honchkrow, L82, M|298/298\n|turn|1\n|inactive|Battle timer is ON: inactive players will automatically lose when time's up. (requested by arboretums)\n|\n|t:|1768581763\n|switch|p2a: Aurorus|Aurorus, L86, M|352/352\n|-weather|Hail|[from] ability: Snow Warning|[of] p2a: Aurorus\n|move|p1a: Charizard|Will-O-Wisp|p2a: Aurorus\n|-status|p2a: Aurorus|brn\n|\n|-weather|Hail|[upkeep]\n|-damage|p1a: Charizard|249/265|[from] Hail\n|-heal|p1a: Charizard|265/265|[from] item: Leftovers\n|-damage|p2a: Aurorus|308/352 brn|[from] brn\n|upkeep\n|turn|2\n|\n|t:|1768581777\n|switch|p1a: Scizor|Scizor, L78, M|237/237\n|move|p2a: Aurorus|Thunder Wave|p1a: Scizor\n|-status|p1a: Scizor|par\n|\n|-weather|Hail|[upkeep]\n|-damage|p1a: Scizor|223/237 par|[from] Hail\n|-heal|p2a: Aurorus|330/352 brn|[from] item: Leftovers\n|-heal|p1a: Scizor|237/237 par|[from] item: Leftovers\n|-damage|p2a: Aurorus|286/352 brn|[from] brn\n|upkeep\n|turn|3\n|\n|t:|1768581794\n|switch|p2a: Escavalier|Escavalier, L84, M|255/255\n|move|p1a: Scizor|U-turn|p2a: Escavalier\n|-resisted|p2a: Escavalier\n|-damage|p2a: Escavalier|219/255\n|\n|t:|1768581797\n|switch|p1a: Charizard|Charizard, L83, M|265/265|[from] U-turn\n|\n|-weather|Hail|[upkeep]\n|-damage|p1a: Charizard|249/265|[from] Hail\n|-damage|p2a: Escavalier|204/255|[from] Hail\n|-heal|p1a: Charizard|265/265|[from] item: Leftovers\n|-heal|p2a: Escavalier|219/255|[from] item: Leftovers\n|upkeep\n|turn|4\n|\n|t:|1768581806\n|switch|p2a: Aurorus|Aurorus, L86, M|286/352 brn\n|move|p1a: Charizard|Fire Blast|p2a: Aurorus|[miss]\n|-miss|p1a: Charizard|p2a: Aurorus\n|\n|-weather|Hail|[upkeep]\n|-damage|p1a: Charizard|249/265|[from] Hail\n|-heal|p1a: Charizard|265/265|[from] item: Leftovers\n|-heal|p2a: Aurorus|308/352 brn|[from] item: Leftovers\n|-damage|p2a: Aurorus|264/352 brn|[from] brn\n|upkeep\n|turn|5\n|\n|t:|1768581812\n|switch|p1a: Scizor|Scizor, L78, M|237/237 par\n|move|p2a: Aurorus|Blizzard|p1a: Scizor\n|-resisted|p1a: Scizor\n|-damage|p1a: Scizor|170/237 par\n|\n|-weather|none\n|-heal|p2a: Aurorus|286/352 brn|[from] item: Leftovers\n|-heal|p1a: Scizor|184/237 par|[from] item: Leftovers\n|-damage|p2a: Aurorus|242/352 brn|[from] brn\n|upkeep\n|turn|6\n|\n|t:|1768581820\n|move|p1a: Scizor|Bullet Punch|p2a: Aurorus\n|-supereffective|p2a: Aurorus\n|-damage|p2a: Aurorus|0 fnt\n|faint|p2a: Aurorus\n|\n|-heal|p1a: Scizor|198/237 par|[from] item: Leftovers\n|upkeep\n|\n|t:|1768581823\n|switch|p2a: Escavalier|Escavalier, L84, M|219/255\n|turn|7\n|\n|t:|1768581843\n|switch|p1a: Charizard|Charizard, L83, M|265/265\n|move|p2a: Escavalier|Knock Off|p1a: Charizard\n|-damage|p1a: Charizard|166/265\n|-enditem|p1a: Charizard|Leftovers|[from] move: Knock Off|[of] p2a: Escavalier\n|\n|-heal|p2a: Escavalier|234/255|[from] item: Leftovers\n|upkeep\n|turn|8\n|\n|t:|1768581854\n|move|p1a: Charizard|Will-O-Wisp|p2a: Escavalier\n|-status|p2a: Escavalier|brn\n|move|p2a: Escavalier|Megahorn|p1a: Charizard\n|-resisted|p1a: Charizard\n|-damage|p1a: Charizard|143/265\n|\n|-heal|p2a: Escavalier|249/255 brn|[from] item: Leftovers\n|-damage|p2a: Escavalier|218/255 brn|[from] brn\n|upkeep\n|turn|9\n|\n|t:|1768581862\n|switch|p2a: Mewtwo|Mewtwo, L69|261/261\n|-ability|p2a: Mewtwo|Unnerve\n|move|p1a: Charizard|Roost|p1a: Charizard\n|-heal|p1a: Charizard|265/265\n|-singleturn|p1a: Charizard|move: Roost\n|\n|upkeep\n|turn|10\n|\n|t:|1768581870\n|detailschange|p2a: Mewtwo|Mewtwo-Mega-X, L69\n|-mega|p2a: Mewtwo|Mewtwo|Mewtwonite X\n|move|p2a: Mewtwo|Stone Edge|p1a: Charizard\n|-supereffective|p1a: Charizard\n|-damage|p1a: Charizard|0 fnt\n|faint|p1a: Charizard\n|\n|upkeep\n|\n|t:|1768581874\n|switch|p1a: Scizor|Scizor, L78, M|198/237 par\n|turn|11\n|\n|t:|1768581887\n|move|p2a: Mewtwo|Bulk Up|p2a: Mewtwo\n|-boost|p2a: Mewtwo|atk|1\n|-boost|p2a: Mewtwo|def|1\n|move|p1a: Scizor|U-turn|p2a: Mewtwo\n|-damage|p2a: Mewtwo|203/261\n|\n|t:|1768581904\n|switch|p1a: Celebi|Celebi, L82|298/298|[from] U-turn\n|\n|upkeep\n|turn|12\n|inactive|AtomFreeFaller21 has 120 seconds left.\n|inactive|AtomFreeFaller21 has 90 seconds left.\n|\n|t:|1768581969\n|move|p2a: Mewtwo|Stone Edge|p1a: Celebi\n|-damage|p1a: Celebi|185/298\n|move|p1a: Celebi|Leaf Storm|p2a: Mewtwo\n|-damage|p2a: Mewtwo|49/261\n|-unboost|p1a: Celebi|spa|2\n|\n|-heal|p1a: Celebi|203/298|[from] item: Leftovers\n|upkeep\n|turn|13\n|inactive|AtomFreeFaller21 has 90 seconds left.\n|\n|t:|1768581978\n|switch|p2a: Honchkrow|Honchkrow, L82, M|298/298\n|move|p1a: Celebi|Leaf Storm|p2a: Honchkrow\n|-resisted|p2a: Honchkrow\n|-damage|p2a: Honchkrow|252/298\n|-unboost|p1a: Celebi|spa|2\n|\n|-heal|p1a: Celebi|221/298|[from] item: Leftovers\n|upkeep\n|turn|14\n|\n|t:|1768581984\n|switch|p1a: Scizor|Scizor, L78, M|198/237 par\n|move|p2a: Honchkrow|Brave Bird|p1a: Scizor\n|-damage|p1a: Scizor|0 fnt\n|faint|p1a: Scizor\n|-ability|p2a: Honchkrow|Moxie|boost\n|-boost|p2a: Honchkrow|atk|1\n|-damage|p2a: Honchkrow|187/298|[from] Recoil\n|-damage|p2a: Honchkrow|158/298|[from] item: Life Orb\n|\n|upkeep\n|\n|t:|1768581993\n|switch|p1a: Garchomp|Garchomp, L76, M|289/289\n|turn|15\n|inactive|AtomFreeFaller21 has 90 seconds left.\n|\n|t:|1768582032\n|switch|p2a: Escavalier|Escavalier, L84, M|218/255 brn\n|detailschange|p1a: Garchomp|Garchomp-Mega, L76, M\n|-mega|p1a: Garchomp|Garchomp|Garchompite\n|move|p1a: Garchomp|Stone Edge|p2a: Escavalier\n|-damage|p2a: Escavalier|140/255 brn\n|\n|-heal|p2a: Escavalier|155/255 brn|[from] item: Leftovers\n|-damage|p2a: Escavalier|124/255 brn|[from] brn\n|upkeep\n|turn|16\n|\n|t:|1768582043\n|move|p1a: Garchomp|Earthquake|p2a: Escavalier\n|-damage|p2a: Escavalier|0 fnt\n|faint|p2a: Escavalier\n|\n|upkeep\n|\n|t:|1768582050\n|switch|p2a: Marowak|Marowak, L88, F|249/249\n|turn|17\n|\n|t:|1768582063\n|switch|p1a: Alomomola|Alomomola, L85, F|419/419\n|move|p2a: Marowak|Earthquake|p1a: Alomomola\n|-damage|p1a: Alomomola|191/419\n|\n|-heal|p1a: Alomomola|217/419|[from] item: Leftovers\n|upkeep\n|turn|18\n|\n|t:|1768582073\n|switch|p2a: Luxray|Luxray, L88, F|284/284\n|move|p1a: Alomomola|Protect||[still]\n|-fail|p1a: Alomomola\n|\n|-heal|p1a: Alomomola|243/419|[from] item: Leftovers\n|-status|p2a: Luxray|tox|[from] item: Toxic Orb\n|upkeep\n|turn|19\n|inactive|AtomFreeFaller21 has 90 seconds left.\n|\n|t:|1768582080\n|switch|p1a: Dugtrio|Dugtrio, L86, M|200/200\n|move|p2a: Luxray|Wild Charge|p1a: Dugtrio\n|-immune|p1a: Dugtrio\n|\n|-damage|p2a: Luxray|267/284 tox|[from] psn\n|upkeep\n|turn|20\n|\n|t:|1768582084\n|move|p1a: Dugtrio|Earthquake|p2a: Luxray\n|-supereffective|p2a: Luxray\n|-damage|p2a: Luxray|0 fnt\n|faint|p2a: Luxray\n|\n|upkeep\n|\n|t:|1768582088\n|switch|p2a: Honchkrow|Honchkrow, L82, M|158/298\n|turn|21\n|\n|t:|1768582097\n|switch|p1a: Alomomola|Alomomola, L85, F|382/419\n|move|p2a: Honchkrow|Brave Bird|p1a: Alomomola\n|-damage|p1a: Alomomola|178/419\n|-damage|p2a: Honchkrow|91/298|[from] Recoil\n|-damage|p2a: Honchkrow|62/298|[from] item: Life Orb\n|\n|-heal|p1a: Alomomola|204/419|[from] item: Leftovers\n|upkeep\n|turn|22\n|\n|t:|1768582105\n|move|p1a: Alomomola|Protect|p1a: Alomomola\n|-singleturn|p1a: Alomomola|Protect\n|move|p2a: Honchkrow|Roost|p2a: Honchkrow\n|-heal|p2a: Honchkrow|211/298\n|-singleturn|p2a: Honchkrow|move: Roost\n|\n|-heal|p1a: Alomomola|230/419|[from] item: Leftovers\n|upkeep\n|turn|23\n|\n|t:|1768582110\n|move|p2a: Honchkrow|Brave Bird|p1a: Alomomola\n|-damage|p1a: Alomomola|10/419\n|-damage|p2a: Honchkrow|138/298|[from] Recoil\n|-damage|p2a: Honchkrow|109/298|[from] item: Life Orb\n|move|p1a: Alomomola|Toxic|p2a: Honchkrow\n|-status|p2a: Honchkrow|tox\n|\n|-heal|p1a: Alomomola|36/419|[from] item: Leftovers\n|-damage|p2a: Honchkrow|91/298 tox|[from] psn\n|upkeep\n|turn|24\n|inactive|arboretums has 120 seconds left.\n|\n|t:|1768582146\n|move|p1a: Alomomola|Protect|p1a: Alomomola\n|-singleturn|p1a: Alomomola|Protect\n|move|p2a: Honchkrow|Brave Bird|p1a: Alomomola\n|-activate|p1a: Alomomola|move: Protect\n|\n|-heal|p1a: Alomomola|62/419|[from] item: Leftovers\n|-damage|p2a: Honchkrow|55/298 tox|[from] psn\n|upkeep\n|turn|25\n|inactive|arboretums has 120 seconds left.\n|\n|t:|1768582157\n|switch|p1a: Garchomp|Garchomp-Mega, L76, M|289/289\n|move|p2a: Honchkrow|Brave Bird|p1a: Garchomp\n|-damage|p1a: Garchomp|106/289\n|-damage|p2a: Honchkrow|0 fnt|[from] Recoil\n|faint|p2a: Honchkrow\n|\n|upkeep\n|\n|t:|1768582163\n|switch|p2a: Mewtwo|Mewtwo-Mega-X, L69|49/261\n|turn|26\n|\n|t:|1768582166\n|move|p2a: Mewtwo|Drain Punch|p1a: Garchomp\n|-damage|p1a: Garchomp|19/289\n|-heal|p2a: Mewtwo|93/261|[from] drain|[of] p1a: Garchomp\n|move|p1a: Garchomp|Earthquake|p2a: Mewtwo\n|-damage|p2a: Mewtwo|0 fnt\n|faint|p2a: Mewtwo\n|detailschange|p2: Mewtwo|Mewtwo, L69|[silent]\n|\n|upkeep\n|\n|t:|1768582168\n|switch|p2a: Marowak|Marowak, L88, F|249/249\n|turn|27\n|\n|t:|1768582171\n|move|p1a: Garchomp|Draco Meteor|p2a: Marowak\n|-damage|p2a: Marowak|102/249\n|-unboost|p1a: Garchomp|spa|2\n|move|p2a: Marowak|Knock Off|p1a: Garchomp\n|-damage|p1a: Garchomp|0 fnt\n|faint|p1a: Garchomp\n|detailschange|p1: Garchomp|Garchomp, L76, M|[silent]\n|\n|upkeep\n|\n|t:|1768582173\n|switch|p1a: Dugtrio|Dugtrio, L86, M|200/200\n|turn|28\n|\n|t:|1768582176\n|move|p1a: Dugtrio|Earthquake|p2a: Marowak\n|-damage|p2a: Marowak|0 fnt\n|faint|p2a: Marowak\n|\n|win|arboretums\n|raw|arboretums's rating: 1659 &rarr; <strong>1686</strong><br />(+27 for winning)\n|raw|AtomFreeFaller21's rating: 1787 &rarr; <strong>1760</strong><br />(-27 for losing)\n", "inputlog": ">version 3bd1a1e329da8d286644078cfc9a9638fc7ea025\n>start {\"formatid\":\"gen6randombattle\",\"seed\":\"sodium,a1a99ff82bb705e2f5bad783e1e28fd6\",\"rated\":\"Rated battle\"}\n>player p1 {\"name\":\"arboretums\",\"avatar\":\"serena-masters2\",\"rating\":1659,\"seed\":\"sodium,9f5270076d2e97dc350ff0a52f345a5e\"}\n>player p2 {\"name\":\"AtomFreeFaller21\",\"avatar\":\"102\",\"rating\":1787,\"seed\":\"sodium,5a40714bad03c53b0403065051c4bf52\"}\n>p1 move willowisp\n>p2 switch 3\n>p1 switch 2\n>p2 move thunderwave\n>p1 move uturn\n>p2 switch 6\n>p1 switch 2\n>p1 move fireblast\n>p2 switch 6\n>p1 switch 2\n>p2 move blizzard\n>p1 move bulletpunch\n>p2 move thunderwave\n>p2 switch 6\n>p1 switch 2\n>p2 move knockoff\n>p1 move willowisp\n>p2 move megahorn\n>p1 move roost\n>p2 switch 4\n>p1 move fireblast\n>p2 move stoneedge mega\n>p1 switch 2\n>p1 move uturn\n>p2 move bulkup\n>p1 switch 6\n>p1 move leafstorm\n>p2 move stoneedge\n>p1 move leafstorm\n>p2 switch 3\n>p1 switch 6\n>p2 move bravebird\n>p1 switch 3\n>p1 move stoneedge mega\n>p2 switch 4\n>p1 move earthquake\n>p2 move megahorn\n>p2 switch 5\n>p1 switch 4\n>p2 move earthquake\n>p1 move protect\n>p2 switch 2\n>p1 switch 5\n>p2 move wildcharge\n>p1 move earthquake\n>p2 move facade\n>p2 switch 4\n>p1 switch 5\n>p2 move bravebird\n>p1 move protect\n>p2 move roost\n>p1 move toxic\n>p2 move bravebird\n>p1 move protect\n>p2 move bravebird\n>p1 switch 4\n>p2 move bravebird\n>p2 switch 3\n>p1 move earthquake\n>p2 move drainpunch\n>p2 switch 2\n>p1 move dracometeor\n>p2 move knockoff\n>p1 switch 5\n>p1 move earthquake\n>p2 move earthquake", "uploadtime": 1768582178, "views": 293, "formatid": "gen6randombattle", "rating": 1686, "private": 0, "password": null}