{"id": "gen6randombattle-2523425025", "format": "[Gen 6] Random Battle", "players": ["urgeed", "mdill97"], "log": "|j|☆urgeed\n|j|‽mdill97\n|t:|1769024206\n|gametype|singles\n|player|p1|urgeed|lucas|1554\n|player|p2|mdill97|youngster-gen2|1708\n|gen|6\n|tier|[Gen 6] Random Battle\n|rated|\n|rule|Sleep Clause Mod: Limit one foe put to sleep\n|rule|HP Percentage Mod: HP is shown in percentages\n|rule|Illusion Level Mod: Illusion disguises the Pokémon's true level\n|\n|t:|1769024206\n|teamsize|p1|6\n|teamsize|p2|6\n|start\n|switch|p1a: Beheeyem|Beheeyem, L92, F|287/287\n|switch|p2a: Magnezone|Magnezone, L82|249/249\n|turn|1\n|inactive|Battle timer is ON: inactive players will automatically lose when time's up. (requested by mdill97)\n|\n|t:|1769024223\n|move|p2a: Magnezone|Toxic|p1a: Beheeyem\n|-status|p1a: Beheeyem|tox\n|move|p1a: Beheeyem|Hidden Power|p2a: Magnezone\n|-supereffective|p2a: Magnezone\n|-damage|p2a: Magnezone|31/249\n|-damage|p1a: Beheeyem|259/287 tox|[from] item: Life Orb\n|\n|-heal|p2a: Magnezone|46/249|[from] item: Leftovers\n|-damage|p1a: Beheeyem|242/287 tox|[from] psn\n|upkeep\n|turn|2\n|\n|t:|1769024229\n|move|p2a: Magnezone|Protect|p2a: Magnezone\n|-singleturn|p2a: Magnezone|Protect\n|move|p1a: Beheeyem|Psyshock|p2a: Magnezone\n|-activate|p2a: Magnezone|move: Protect\n|\n|-heal|p2a: Magnezone|61/249|[from] item: Leftovers\n|-damage|p1a: Beheeyem|208/287 tox|[from] psn\n|upkeep\n|turn|3\n|\n|t:|1769024235\n|switch|p2a: Hoopa|Hoopa-Unbound, L79|256/256\n|move|p1a: Beheeyem|Psyshock|p2a: Hoopa\n|-immune|p2a: Hoopa\n|\n|-damage|p1a: Beheeyem|157/287 tox|[from] psn\n|upkeep\n|turn|4\n|\n|t:|1769024245\n|switch|p1a: Virizion|Virizion, L80|277/277\n|move|p2a: Hoopa|Hyperspace Fury|p1a: Virizion\n|-resisted|p1a: Virizion\n|-damage|p1a: Virizion|187/277\n|-unboost|p2a: Hoopa|def|1\n|-ability|p1a: Virizion|Justified|boost\n|-boost|p1a: Virizion|atk|1\n|\n|upkeep\n|turn|5\n|\n|t:|1769024256\n|switch|p2a: Magnezone|Magnezone, L82|61/249\n|move|p1a: Virizion|Close Combat|p2a: Magnezone\n|-supereffective|p2a: Magnezone\n|-damage|p2a: Magnezone|0 fnt\n|-unboost|p1a: Virizion|def|1\n|-unboost|p1a: Virizion|spd|1\n|faint|p2a: Magnezone\n|-damage|p1a: Virizion|160/277|[from] item: Life Orb\n|\n|upkeep\n|\n|t:|1769024276\n|switch|p2a: Delcatty|Delcatty, M|302/302\n|turn|6\n|\n|t:|1769024282\n|move|p2a: Delcatty|Fake Out|p1a: Virizion\n|-damage|p1a: Virizion|54/277\n|cant|p1a: Virizion|flinch\n|\n|upkeep\n|turn|7\n|\n|t:|1769024285\n|move|p2a: Delcatty|Sucker Punch|p1a: Virizion\n|-resisted|p1a: Virizion\n|-damage|p1a: Virizion|4/277\n|-ability|p1a: Virizion|Justified|boost\n|-boost|p1a: Virizion|atk|1\n|move|p1a: Virizion|Close Combat|p2a: Delcatty\n|-supereffective|p2a: Delcatty\n|-damage|p2a: Delcatty|0 fnt\n|-unboost|p1a: Virizion|def|1\n|-unboost|p1a: Virizion|spd|1\n|faint|p2a: Delcatty\n|-damage|p1a: Virizion|0 fnt|[from] item: Life Orb\n|faint|p1a: Virizion\n|\n|upkeep\n|\n|t:|1769024298\n|switch|p1a: Unown|Unown-C|258/258\n|switch|p2a: Machamp|Machamp, L81, F|278/278\n|turn|8\n|\n|t:|1769024300\n|switch|p2a: Hoopa|Hoopa-Unbound, L79|256/256\n|move|p1a: Unown|Hidden Power|p2a: Hoopa\n|-crit|p2a: Hoopa\n|-damage|p2a: Hoopa|198/256\n|\n|upkeep\n|turn|9\n|\n|t:|1769024309\n|move|p2a: Hoopa|Hyperspace Fury|p1a: Unown\n|-supereffective|p1a: Unown\n|-damage|p1a: Unown|0 fnt\n|-unboost|p2a: Hoopa|def|1\n|faint|p1a: Unown\n|\n|upkeep\n|\n|t:|1769024312\n|switch|p1a: Garbodor|Garbodor, L88, F|284/284\n|turn|10\n|inactive|mdill97 has 120 seconds left.\n|\n|t:|1769024350\n|switch|p2a: Throh|Throh, L88, M|354/354\n|move|p1a: Garbodor|Gunk Shot|p2a: Throh\n|-damage|p2a: Throh|207/354\n|\n|-heal|p2a: Throh|229/354|[from] item: Leftovers\n|upkeep\n|turn|11\n|\n|t:|1769024355\n|move|p1a: Garbodor|Spikes|p2a: Throh\n|-sidestart|p2: mdill97|Spikes\n|move|p2a: Throh|Rest|p2a: Throh\n|-status|p2a: Throh|slp|[from] move: Rest\n|-heal|p2a: Throh|354/354 slp|[silent]\n|\n|upkeep\n|turn|12\n|j| Rakunda\n|\n|t:|1769024359\n|move|p1a: Garbodor|Spikes|p2a: Throh\n|-sidestart|p2: mdill97|Spikes\n|cant|p2a: Throh|slp\n|move|p2a: Throh|Sleep Talk|p2a: Throh\n|move|p2a: Throh|Rest||[from] move: Sleep Talk|[still]\n|-fail|p2a: Throh\n|\n|upkeep\n|turn|13\n|\n|t:|1769024364\n|move|p1a: Garbodor|Spikes|p2a: Throh\n|-sidestart|p2: mdill97|Spikes\n|cant|p2a: Throh|slp\n|move|p2a: Throh|Sleep Talk|p2a: Throh\n|move|p2a: Throh|Circle Throw|p1a: Garbodor|[from] move: Sleep Talk\n|-resisted|p1a: Garbodor\n|-damage|p1a: Garbodor|227/284\n|drag|p1a: Gourgeist|Gourgeist-Large, L87, M|272/272\n|-item|p2a: Throh|Leftovers|[from] ability: Frisk|[of] p1a: Gourgeist\n|\n|upkeep\n|turn|14\n|\n|t:|1769024380\n|move|p1a: Gourgeist|Seed Bomb|p2a: Throh\n|-damage|p2a: Throh|267/354 slp\n|-curestatus|p2a: Throh|slp|[msg]\n|move|p2a: Throh|Bulk Up|p2a: Throh\n|-boost|p2a: Throh|atk|1\n|-boost|p2a: Throh|def|1\n|\n|-heal|p2a: Throh|289/354|[from] item: Leftovers\n|upkeep\n|turn|15\n|\n|t:|1769024388\n|move|p1a: Gourgeist|Will-O-Wisp|p2a: Throh\n|-status|p2a: Throh|brn\n|move|p2a: Throh|Circle Throw|p1a: Gourgeist\n|-immune|p1a: Gourgeist\n|\n|-heal|p2a: Throh|311/354 brn|[from] item: Leftovers\n|-damage|p2a: Throh|267/354 brn|[from] brn\n|upkeep\n|turn|16\n|\n|t:|1769024397\n|move|p1a: Gourgeist|Seed Bomb|p2a: Throh\n|-damage|p2a: Throh|207/354 brn\n|move|p2a: Throh|Bulk Up|p2a: Throh\n|-boost|p2a: Throh|atk|1\n|-boost|p2a: Throh|def|1\n|\n|-heal|p2a: Throh|229/354 brn|[from] item: Leftovers\n|-damage|p2a: Throh|185/354 brn|[from] brn\n|upkeep\n|turn|17\n|\n|t:|1769024399\n|move|p1a: Gourgeist|Seed Bomb|p2a: Throh\n|-damage|p2a: Throh|143/354 brn\n|move|p2a: Throh|Rest|p2a: Throh\n|-status|p2a: Throh|slp|[from] move: Rest\n|-heal|p2a: Throh|354/354 slp|[silent]\n|\n|upkeep\n|turn|18\n|\n|t:|1769024402\n|move|p1a: Gourgeist|Seed Bomb|p2a: Throh\n|-damage|p2a: Throh|309/354 slp\n|cant|p2a: Throh|slp\n|move|p2a: Throh|Sleep Talk|p2a: Throh\n|move|p2a: Throh|Bulk Up|p2a: Throh|[from] move: Sleep Talk\n|-boost|p2a: Throh|atk|1\n|-boost|p2a: Throh|def|1\n|\n|-heal|p2a: Throh|331/354 slp|[from] item: Leftovers\n|upkeep\n|turn|19\n|\n|t:|1769024408\n|move|p1a: Gourgeist|Seed Bomb|p2a: Throh\n|-damage|p2a: Throh|292/354 slp\n|cant|p2a: Throh|slp\n|move|p2a: Throh|Sleep Talk|p2a: Throh\n|move|p2a: Throh|Circle Throw|p1a: Gourgeist|[from] move: Sleep Talk\n|-immune|p1a: Gourgeist\n|\n|-heal|p2a: Throh|314/354 slp|[from] item: Leftovers\n|upkeep\n|turn|20\n|\n|t:|1769024416\n|move|p1a: Gourgeist|Seed Bomb|p2a: Throh\n|-damage|p2a: Throh|280/354 slp\n|-curestatus|p2a: Throh|slp|[msg]\n|move|p2a: Throh|Bulk Up|p2a: Throh\n|-boost|p2a: Throh|atk|1\n|-boost|p2a: Throh|def|1\n|\n|-heal|p2a: Throh|302/354|[from] item: Leftovers\n|upkeep\n|turn|21\n|\n|t:|1769024422\n|move|p1a: Gourgeist|Will-O-Wisp|p2a: Throh\n|-status|p2a: Throh|brn\n|move|p2a: Throh|Bulk Up|p2a: Throh\n|-boost|p2a: Throh|atk|1\n|-boost|p2a: Throh|def|1\n|\n|-heal|p2a: Throh|324/354 brn|[from] item: Leftovers\n|-damage|p2a: Throh|280/354 brn|[from] brn\n|upkeep\n|turn|22\n|\n|t:|1769024425\n|move|p1a: Gourgeist|Shadow Sneak|p2a: Throh\n|-damage|p2a: Throh|267/354 brn\n|move|p2a: Throh|Circle Throw|p1a: Gourgeist\n|-immune|p1a: Gourgeist\n|\n|-heal|p2a: Throh|289/354 brn|[from] item: Leftovers\n|-damage|p2a: Throh|245/354 brn|[from] brn\n|upkeep\n|turn|23\n|\n|t:|1769024427\n|move|p1a: Gourgeist|Shadow Sneak|p2a: Throh\n|-damage|p2a: Throh|232/354 brn\n|move|p2a: Throh|Bulk Up|p2a: Throh\n|-boost|p2a: Throh|atk|1\n|-boost|p2a: Throh|def|1\n|\n|-heal|p2a: Throh|254/354 brn|[from] item: Leftovers\n|-damage|p2a: Throh|210/354 brn|[from] brn\n|upkeep\n|turn|24\n|\n|t:|1769024434\n|move|p1a: Gourgeist|Seed Bomb|p2a: Throh\n|-damage|p2a: Throh|188/354 brn\n|move|p2a: Throh|Rest|p2a: Throh\n|-status|p2a: Throh|slp|[from] move: Rest\n|-heal|p2a: Throh|354/354 slp|[silent]\n|\n|upkeep\n|turn|25\n|\n|t:|1769024437\n|move|p1a: Gourgeist|Shadow Sneak|p2a: Throh\n|-crit|p2a: Throh\n|-damage|p2a: Throh|288/354 slp\n|cant|p2a: Throh|slp\n|\n|-heal|p2a: Throh|310/354 slp|[from] item: Leftovers\n|upkeep\n|turn|26\n|\n|t:|1769024440\n|move|p1a: Gourgeist|Shadow Sneak|p2a: Throh\n|-damage|p2a: Throh|300/354 slp\n|cant|p2a: Throh|slp\n|\n|-heal|p2a: Throh|322/354 slp|[from] item: Leftovers\n|upkeep\n|turn|27\n|\n|t:|1769024444\n|move|p1a: Gourgeist|Shadow Sneak|p2a: Throh\n|-damage|p2a: Throh|310/354 slp\n|-curestatus|p2a: Throh|slp|[msg]\n|move|p2a: Throh|Bulk Up|p2a: Throh\n|-boost|p2a: Throh|atk|0\n|-boost|p2a: Throh|def|0\n|\n|-heal|p2a: Throh|332/354|[from] item: Leftovers\n|upkeep\n|turn|28\n|\n|t:|1769024446\n|move|p1a: Gourgeist|Will-O-Wisp|p2a: Throh\n|-status|p2a: Throh|brn\n|move|p2a: Throh|Bulk Up|p2a: Throh\n|-boost|p2a: Throh|atk|0\n|-boost|p2a: Throh|def|0\n|\n|-heal|p2a: Throh|354/354 brn|[from] item: Leftovers\n|-damage|p2a: Throh|310/354 brn|[from] brn\n|upkeep\n|turn|29\n|\n|t:|1769024448\n|move|p1a: Gourgeist|Shadow Sneak|p2a: Throh\n|-damage|p2a: Throh|300/354 brn\n|move|p2a: Throh|Circle Throw|p1a: Gourgeist\n|-immune|p1a: Gourgeist\n|\n|-heal|p2a: Throh|322/354 brn|[from] item: Leftovers\n|-damage|p2a: Throh|278/354 brn|[from] brn\n|upkeep\n|turn|30\n|\n|t:|1769024450\n|move|p1a: Gourgeist|Shadow Sneak|p2a: Throh\n|-damage|p2a: Throh|266/354 brn\n|move|p2a: Throh|Bulk Up|p2a: Throh\n|-boost|p2a: Throh|atk|0\n|-boost|p2a: Throh|def|0\n|\n|-heal|p2a: Throh|288/354 brn|[from] item: Leftovers\n|-damage|p2a: Throh|244/354 brn|[from] brn\n|upkeep\n|turn|31\n|\n|t:|1769024452\n|move|p1a: Gourgeist|Shadow Sneak|p2a: Throh\n|-damage|p2a: Throh|232/354 brn\n|move|p2a: Throh|Bulk Up|p2a: Throh\n|-boost|p2a: Throh|atk|0\n|-boost|p2a: Throh|def|0\n|\n|-heal|p2a: Throh|254/354 brn|[from] item: Leftovers\n|-damage|p2a: Throh|210/354 brn|[from] brn\n|upkeep\n|turn|32\n|\n|t:|1769024454\n|move|p1a: Gourgeist|Shadow Sneak|p2a: Throh\n|-damage|p2a: Throh|198/354 brn\n|move|p2a: Throh|Bulk Up|p2a: Throh\n|-boost|p2a: Throh|atk|0\n|-boost|p2a: Throh|def|0\n|\n|-heal|p2a: Throh|220/354 brn|[from] item: Leftovers\n|-damage|p2a: Throh|176/354 brn|[from] brn\n|upkeep\n|turn|33\n|\n|t:|1769024460\n|move|p1a: Gourgeist|Shadow Sneak|p2a: Throh\n|-damage|p2a: Throh|164/354 brn\n|move|p2a: Throh|Circle Throw|p1a: Gourgeist\n|-immune|p1a: Gourgeist\n|\n|-heal|p2a: Throh|186/354 brn|[from] item: Leftovers\n|-damage|p2a: Throh|142/354 brn|[from] brn\n|upkeep\n|turn|34\n|\n|t:|1769024462\n|move|p1a: Gourgeist|Shadow Sneak|p2a: Throh\n|-damage|p2a: Throh|130/354 brn\n|move|p2a: Throh|Rest|p2a: Throh\n|-status|p2a: Throh|slp|[from] move: Rest\n|-heal|p2a: Throh|354/354 slp|[silent]\n|\n|upkeep\n|turn|35\n|\n|t:|1769024464\n|move|p1a: Gourgeist|Shadow Sneak|p2a: Throh\n|-damage|p2a: Throh|342/354 slp\n|cant|p2a: Throh|slp\n|move|p2a: Throh|Sleep Talk|p2a: Throh\n|move|p2a: Throh|Rest||[from] move: Sleep Talk|[still]\n|-fail|p2a: Throh\n|\n|-heal|p2a: Throh|354/354 slp|[from] item: Leftovers\n|upkeep\n|turn|36\n|\n|t:|1769024465\n|move|p1a: Gourgeist|Shadow Sneak|p2a: Throh\n|-crit|p2a: Throh\n|-damage|p2a: Throh|290/354 slp\n|cant|p2a: Throh|slp\n|\n|-heal|p2a: Throh|312/354 slp|[from] item: Leftovers\n|upkeep\n|turn|37\n|\n|t:|1769024471\n|move|p1a: Gourgeist|Shadow Sneak|p2a: Throh\n|-damage|p2a: Throh|300/354 slp\n|-curestatus|p2a: Throh|slp|[msg]\n|move|p2a: Throh|Rest|p2a: Throh\n|-status|p2a: Throh|slp|[from] move: Rest\n|-heal|p2a: Throh|354/354 slp|[silent]\n|\n|upkeep\n|turn|38\n|\n|t:|1769024477\n|move|p1a: Gourgeist|Shadow Sneak|p2a: Throh\n|-damage|p2a: Throh|344/354 slp\n|cant|p2a: Throh|slp\n|\n|-heal|p2a: Throh|354/354 slp|[from] item: Leftovers\n|upkeep\n|turn|39\n|\n|t:|1769024479\n|move|p1a: Gourgeist|Shadow Sneak|p2a: Throh\n|-damage|p2a: Throh|344/354 slp\n|cant|p2a: Throh|slp\n|move|p2a: Throh|Sleep Talk|p2a: Throh\n|move|p2a: Throh|Rest||[from] move: Sleep Talk|[still]\n|-fail|p2a: Throh\n|\n|-heal|p2a: Throh|354/354 slp|[from] item: Leftovers\n|upkeep\n|turn|40\n|\n|t:|1769024482\n|move|p1a: Gourgeist|Shadow Sneak|p2a: Throh\n|-damage|p2a: Throh|342/354 slp\n|-curestatus|p2a: Throh|slp|[msg]\n|move|p2a: Throh|Bulk Up|p2a: Throh\n|-boost|p2a: Throh|atk|0\n|-boost|p2a: Throh|def|0\n|\n|-heal|p2a: Throh|354/354|[from] item: Leftovers\n|upkeep\n|turn|41\n|\n|t:|1769024484\n|move|p1a: Gourgeist|Will-O-Wisp|p2a: Throh|[miss]\n|-miss|p1a: Gourgeist|p2a: Throh\n|move|p2a: Throh|Bulk Up|p2a: Throh\n|-boost|p2a: Throh|atk|0\n|-boost|p2a: Throh|def|0\n|\n|upkeep\n|turn|42\n|\n|t:|1769024486\n|move|p1a: Gourgeist|Will-O-Wisp|p2a: Throh\n|-status|p2a: Throh|brn\n|move|p2a: Throh|Bulk Up|p2a: Throh\n|-boost|p2a: Throh|atk|0\n|-boost|p2a: Throh|def|0\n|\n|-damage|p2a: Throh|310/354 brn|[from] brn\n|upkeep\n|turn|43\n|\n|t:|1769024490\n|move|p1a: Gourgeist|Shadow Sneak|p2a: Throh\n|-damage|p2a: Throh|298/354 brn\n|move|p2a: Throh|Bulk Up|p2a: Throh\n|-boost|p2a: Throh|atk|0\n|-boost|p2a: Throh|def|0\n|\n|-heal|p2a: Throh|320/354 brn|[from] item: Leftovers\n|-damage|p2a: Throh|276/354 brn|[from] brn\n|upkeep\n|turn|44\n|\n|t:|1769024495\n|move|p1a: Gourgeist|Shadow Sneak|p2a: Throh\n|-damage|p2a: Throh|264/354 brn\n|move|p2a: Throh|Bulk Up|p2a: Throh\n|-boost|p2a: Throh|atk|0\n|-boost|p2a: Throh|def|0\n|\n|-heal|p2a: Throh|286/354 brn|[from] item: Leftovers\n|-damage|p2a: Throh|242/354 brn|[from] brn\n|upkeep\n|turn|45\n|\n|t:|1769024502\n|switch|p1a: Garbodor|Garbodor, L88, F|227/284\n|move|p2a: Throh|Circle Throw|p1a: Garbodor\n|-resisted|p1a: Garbodor\n|-damage|p1a: Garbodor|26/284\n|drag|p1a: Gourgeist|Gourgeist-Large, L87, M|272/272\n|-item|p2a: Throh|Leftovers|[from] ability: Frisk|[of] p1a: Gourgeist\n|\n|-heal|p2a: Throh|264/354 brn|[from] item: Leftovers\n|-damage|p2a: Throh|220/354 brn|[from] brn\n|upkeep\n|turn|46\n|\n|t:|1769024509\n|switch|p1a: Garbodor|Garbodor, L88, F|26/284\n|move|p2a: Throh|Bulk Up|p2a: Throh\n|-boost|p2a: Throh|atk|0\n|-boost|p2a: Throh|def|0\n|\n|-heal|p1a: Garbodor|43/284|[from] item: Black Sludge\n|-heal|p2a: Throh|242/354 brn|[from] item: Leftovers\n|-damage|p2a: Throh|198/354 brn|[from] brn\n|upkeep\n|turn|47\n|\n|t:|1769024514\n|switch|p1a: Gourgeist|Gourgeist-Large, L87, M|272/272\n|-item|p2a: Throh|Leftovers|[from] ability: Frisk|[of] p1a: Gourgeist\n|move|p2a: Throh|Rest|p2a: Throh\n|-status|p2a: Throh|slp|[from] move: Rest\n|-heal|p2a: Throh|354/354 slp|[silent]\n|\n|upkeep\n|turn|48\n|\n|t:|1769024517\n|switch|p1a: Garbodor|Garbodor, L88, F|43/284\n|cant|p2a: Throh|slp\n|\n|-heal|p1a: Garbodor|60/284|[from] item: Black Sludge\n|upkeep\n|turn|49\n|\n|t:|1769024523\n|move|p1a: Garbodor|Toxic Spikes|p2a: Throh\n|-sidestart|p2: mdill97|move: Toxic Spikes\n|cant|p2a: Throh|slp\n|\n|-heal|p1a: Garbodor|77/284|[from] item: Black Sludge\n|upkeep\n|turn|50\n|\n|t:|1769024525\n|move|p1a: Garbodor|Toxic Spikes|p2a: Throh\n|-sidestart|p2: mdill97|move: Toxic Spikes\n|-curestatus|p2a: Throh|slp|[msg]\n|move|p2a: Throh|Sleep Talk||[still]\n|-fail|p2a: Throh\n|\n|-heal|p1a: Garbodor|94/284|[from] item: Black Sludge\n|upkeep\n|turn|51\n|\n|t:|1769024529\n|switch|p1a: Gourgeist|Gourgeist-Large, L87, M|272/272\n|-item|p2a: Throh|Leftovers|[from] ability: Frisk|[of] p1a: Gourgeist\n|move|p2a: Throh|Bulk Up|p2a: Throh\n|-boost|p2a: Throh|atk|0\n|-boost|p2a: Throh|def|0\n|\n|upkeep\n|turn|52\n|\n|t:|1769024534\n|move|p1a: Gourgeist|Shadow Sneak|p2a: Throh\n|-damage|p2a: Throh|342/354\n|move|p2a: Throh|Bulk Up|p2a: Throh\n|-boost|p2a: Throh|atk|0\n|-boost|p2a: Throh|def|0\n|\n|-heal|p2a: Throh|354/354|[from] item: Leftovers\n|upkeep\n|turn|53\n|\n|t:|1769024536\n|move|p1a: Gourgeist|Shadow Sneak|p2a: Throh\n|-damage|p2a: Throh|342/354\n|move|p2a: Throh|Bulk Up|p2a: Throh\n|-boost|p2a: Throh|atk|0\n|-boost|p2a: Throh|def|0\n|\n|-heal|p2a: Throh|354/354|[from] item: Leftovers\n|upkeep\n|turn|54\n|\n|t:|1769024540\n|move|p1a: Gourgeist|Shadow Sneak|p2a: Throh\n|-damage|p2a: Throh|342/354\n|move|p2a: Throh|Bulk Up|p2a: Throh\n|-boost|p2a: Throh|atk|0\n|-boost|p2a: Throh|def|0\n|\n|-heal|p2a: Throh|354/354|[from] item: Leftovers\n|upkeep\n|turn|55\n|\n|t:|1769024549\n|move|p1a: Gourgeist|Shadow Sneak|p2a: Throh\n|-damage|p2a: Throh|342/354\n|move|p2a: Throh|Bulk Up|p2a: Throh\n|-boost|p2a: Throh|atk|0\n|-boost|p2a: Throh|def|0\n|\n|-heal|p2a: Throh|354/354|[from] item: Leftovers\n|upkeep\n|turn|56\n|inactive|mdill97 has 120 seconds left.\n|\n|t:|1769024587\n|move|p1a: Gourgeist|Shadow Sneak|p2a: Throh\n|-damage|p2a: Throh|342/354\n|move|p2a: Throh|Bulk Up|p2a: Throh\n|-boost|p2a: Throh|atk|0\n|-boost|p2a: Throh|def|0\n|\n|-heal|p2a: Throh|354/354|[from] item: Leftovers\n|upkeep\n|turn|57\n|\n|t:|1769024591\n|switch|p1a: Garbodor|Garbodor, L88, F|94/284\n|move|p2a: Throh|Rest|p2a: Throh\n|-fail|p2a: Throh|heal\n|\n|-heal|p1a: Garbodor|111/284|[from] item: Black Sludge\n|upkeep\n|turn|58\n|\n|t:|1769024594\n|switch|p1a: Gourgeist|Gourgeist-Large, L87, M|272/272\n|-item|p2a: Throh|Leftovers|[from] ability: Frisk|[of] p1a: Gourgeist\n|move|p2a: Throh|Circle Throw|p1a: Gourgeist\n|-immune|p1a: Gourgeist\n|\n|upkeep\n|turn|59\n|\n|t:|1769024600\n|switch|p1a: Garbodor|Garbodor, L88, F|111/284\n|move|p2a: Throh|Bulk Up|p2a: Throh\n|-boost|p2a: Throh|atk|0\n|-boost|p2a: Throh|def|0\n|\n|-heal|p1a: Garbodor|128/284|[from] item: Black Sludge\n|upkeep\n|turn|60\n|\n|t:|1769024602\n|switch|p1a: Gourgeist|Gourgeist-Large, L87, M|272/272\n|-item|p2a: Throh|Leftovers|[from] ability: Frisk|[of] p1a: Gourgeist\n|move|p2a: Throh|Bulk Up|p2a: Throh\n|-boost|p2a: Throh|atk|0\n|-boost|p2a: Throh|def|0\n|\n|upkeep\n|turn|61\n|\n|t:|1769024603\n|move|p1a: Gourgeist|Shadow Sneak|p2a: Throh\n|-damage|p2a: Throh|344/354\n|move|p2a: Throh|Circle Throw|p1a: Gourgeist\n|-immune|p1a: Gourgeist\n|\n|-heal|p2a: Throh|354/354|[from] item: Leftovers\n|upkeep\n|turn|62\n|\n|t:|1769024605\n|switch|p1a: Garbodor|Garbodor, L88, F|128/284\n|move|p2a: Throh|Circle Throw|p1a: Garbodor|[miss]\n|-miss|p2a: Throh|p1a: Garbodor\n|\n|-heal|p1a: Garbodor|145/284|[from] item: Black Sludge\n|upkeep\n|turn|63\n|\n|t:|1769024610\n|switch|p1a: Gourgeist|Gourgeist-Large, L87, M|272/272\n|-item|p2a: Throh|Leftovers|[from] ability: Frisk|[of] p1a: Gourgeist\n|move|p2a: Throh|Bulk Up|p2a: Throh\n|-boost|p2a: Throh|atk|0\n|-boost|p2a: Throh|def|0\n|\n|upkeep\n|turn|64\n|\n|t:|1769024628\n|move|p1a: Gourgeist|Shadow Sneak|p2a: Throh\n|-crit|p2a: Throh\n|-damage|p2a: Throh|285/354\n|move|p2a: Throh|Bulk Up|p2a: Throh\n|-boost|p2a: Throh|atk|0\n|-boost|p2a: Throh|def|0\n|\n|-heal|p2a: Throh|307/354|[from] item: Leftovers\n|upkeep\n|turn|65\n|\n|t:|1769024632\n|move|p1a: Gourgeist|Shadow Sneak|p2a: Throh\n|-damage|p2a: Throh|295/354\n|move|p2a: Throh|Circle Throw|p1a: Gourgeist\n|-immune|p1a: Gourgeist\n|\n|-heal|p2a: Throh|317/354|[from] item: Leftovers\n|upkeep\n|turn|66\n|\n|t:|1769024639\n|move|p1a: Gourgeist|Shadow Sneak|p2a: Throh\n|-damage|p2a: Throh|305/354\n|move|p2a: Throh|Circle Throw|p1a: Gourgeist\n|-immune|p1a: Gourgeist\n|\n|-heal|p2a: Throh|327/354|[from] item: Leftovers\n|upkeep\n|turn|67\n|\n|t:|1769024640\n|move|p1a: Gourgeist|Shadow Sneak|p2a: Throh\n|-damage|p2a: Throh|317/354\n|move|p2a: Throh|Rest|p2a: Throh\n|-status|p2a: Throh|slp|[from] move: Rest\n|-heal|p2a: Throh|354/354 slp|[silent]\n|\n|upkeep\n|turn|68\n|\n|t:|1769024642\n|move|p1a: Gourgeist|Shadow Sneak|p2a: Throh\n|-damage|p2a: Throh|342/354 slp\n|cant|p2a: Throh|slp\n|move|p2a: Throh|Sleep Talk|p2a: Throh\n|move|p2a: Throh|Circle Throw|p1a: Gourgeist|[from] move: Sleep Talk\n|-immune|p1a: Gourgeist\n|\n|-heal|p2a: Throh|354/354 slp|[from] item: Leftovers\n|upkeep\n|turn|69\n|\n|t:|1769024645\n|move|p1a: Gourgeist|Shadow Sneak|p2a: Throh\n|-damage|p2a: Throh|344/354 slp\n|cant|p2a: Throh|slp\n|\n|-heal|p2a: Throh|354/354 slp|[from] item: Leftovers\n|upkeep\n|turn|70\n|\n|t:|1769024651\n|switch|p1a: Garbodor|Garbodor, L88, F|145/284\n|-curestatus|p2a: Throh|slp|[msg]\n|move|p2a: Throh|Bulk Up|p2a: Throh\n|-boost|p2a: Throh|atk|0\n|-boost|p2a: Throh|def|0\n|\n|-heal|p1a: Garbodor|162/284|[from] item: Black Sludge\n|upkeep\n|turn|71\n|\n|t:|1769024654\n|switch|p1a: Gourgeist|Gourgeist-Large, L87, M|272/272\n|-item|p2a: Throh|Leftovers|[from] ability: Frisk|[of] p1a: Gourgeist\n|move|p2a: Throh|Rest|p2a: Throh\n|-fail|p2a: Throh|heal\n|\n|upkeep\n|turn|72\n|\n|t:|1769024665\n|move|p1a: Gourgeist|Shadow Sneak|p2a: Throh\n|-crit|p2a: Throh\n|-damage|p2a: Throh|284/354\n|move|p2a: Throh|Sleep Talk||[still]\n|-fail|p2a: Throh\n|\n|-heal|p2a: Throh|306/354|[from] item: Leftovers\n|upkeep\n|turn|73\n|\n|t:|1769024666\n|move|p1a: Gourgeist|Shadow Sneak|p2a: Throh\n|-damage|p2a: Throh|294/354\n|move|p2a: Throh|Sleep Talk||[still]\n|-fail|p2a: Throh\n|\n|-heal|p2a: Throh|316/354|[from] item: Leftovers\n|upkeep\n|turn|74\n|\n|t:|1769024671\n|move|p1a: Gourgeist|Shadow Sneak|p2a: Throh\n|-damage|p2a: Throh|306/354\n|move|p2a: Throh|Circle Throw|p1a: Gourgeist\n|-immune|p1a: Gourgeist\n|\n|-heal|p2a: Throh|328/354|[from] item: Leftovers\n|upkeep\n|turn|75\n|\n|t:|1769024675\n|move|p1a: Gourgeist|Shadow Sneak|p2a: Throh\n|-damage|p2a: Throh|316/354\n|move|p2a: Throh|Sleep Talk||[still]\n|-fail|p2a: Throh\n|\n|-heal|p2a: Throh|338/354|[from] item: Leftovers\n|upkeep\n|turn|76\n|\n|t:|1769024678\n|move|p1a: Gourgeist|Shadow Sneak|p2a: Throh\n|-damage|p2a: Throh|326/354\n|move|p2a: Throh|Rest|p2a: Throh\n|-status|p2a: Throh|slp|[from] move: Rest\n|-heal|p2a: Throh|354/354 slp|[silent]\n|\n|upkeep\n|turn|77\n|\n|t:|1769024680\n|move|p1a: Gourgeist|Shadow Sneak|p2a: Throh\n|-damage|p2a: Throh|342/354 slp\n|cant|p2a: Throh|slp\n|\n|-heal|p2a: Throh|354/354 slp|[from] item: Leftovers\n|upkeep\n|turn|78\n|\n|t:|1769024681\n|move|p1a: Gourgeist|Shadow Sneak|p2a: Throh\n|-damage|p2a: Throh|342/354 slp\n|cant|p2a: Throh|slp\n|move|p2a: Throh|Sleep Talk|p2a: Throh\n|move|p2a: Throh|Circle Throw|p1a: Gourgeist|[from] move: Sleep Talk\n|-immune|p1a: Gourgeist\n|\n|-heal|p2a: Throh|354/354 slp|[from] item: Leftovers\n|upkeep\n|turn|79\n|\n|t:|1769024683\n|move|p1a: Gourgeist|Shadow Sneak|p2a: Throh\n|-damage|p2a: Throh|344/354 slp\n|-curestatus|p2a: Throh|slp|[msg]\n|move|p2a: Throh|Bulk Up|p2a: Throh\n|-boost|p2a: Throh|atk|0\n|-boost|p2a: Throh|def|0\n|\n|-heal|p2a: Throh|354/354|[from] item: Leftovers\n|upkeep\n|turn|80\n|inactive|urgeed has 120 seconds left.\n|\n|t:|1769024723\n|move|p1a: Gourgeist|Shadow Sneak|p2a: Throh\n|-damage|p2a: Throh|342/354\n|move|p2a: Throh|Circle Throw|p1a: Gourgeist\n|-immune|p1a: Gourgeist\n|\n|-heal|p2a: Throh|354/354|[from] item: Leftovers\n|upkeep\n|turn|81\n|inactive|urgeed has 120 seconds left.\n|\n|t:|1769024729\n|move|p1a: Gourgeist|Will-O-Wisp|p2a: Throh\n|-status|p2a: Throh|brn\n|move|p2a: Throh|Circle Throw|p1a: Gourgeist\n|-immune|p1a: Gourgeist\n|\n|-damage|p2a: Throh|310/354 brn|[from] brn\n|upkeep\n|turn|82\n|\n|t:|1769024734\n|move|p1a: Gourgeist|Shadow Sneak|p2a: Throh\n|-damage|p2a: Throh|300/354 brn\n|move|p2a: Throh|Rest|p2a: Throh\n|-status|p2a: Throh|slp|[from] move: Rest\n|-heal|p2a: Throh|354/354 slp|[silent]\n|\n|upkeep\n|turn|83\n|\n|t:|1769024740\n|move|p1a: Gourgeist|Shadow Sneak|p2a: Throh\n|-damage|p2a: Throh|344/354 slp\n|cant|p2a: Throh|slp\n|\n|-heal|p2a: Throh|354/354 slp|[from] item: Leftovers\n|upkeep\n|turn|84\n|\n|t:|1769024743\n|move|p1a: Gourgeist|Shadow Sneak|p2a: Throh\n|-damage|p2a: Throh|342/354 slp\n|cant|p2a: Throh|slp\n|move|p2a: Throh|Sleep Talk|p2a: Throh\n|move|p2a: Throh|Circle Throw|p1a: Gourgeist|[from] move: Sleep Talk\n|-immune|p1a: Gourgeist\n|\n|-heal|p2a: Throh|354/354 slp|[from] item: Leftovers\n|upkeep\n|turn|85\n|\n|t:|1769024745\n|move|p1a: Gourgeist|Seed Bomb|p2a: Throh\n|-crit|p2a: Throh\n|-damage|p2a: Throh|225/354 slp\n|-curestatus|p2a: Throh|slp|[msg]\n|move|p2a: Throh|Bulk Up|p2a: Throh\n|-boost|p2a: Throh|atk|0\n|-boost|p2a: Throh|def|0\n|\n|-heal|p2a: Throh|247/354|[from] item: Leftovers\n|upkeep\n|turn|86\n|\n|t:|1769024751\n|move|p1a: Gourgeist|Will-O-Wisp|p2a: Throh\n|-status|p2a: Throh|brn\n|move|p2a: Throh|Sleep Talk||[still]\n|-fail|p2a: Throh\n|\n|-heal|p2a: Throh|269/354 brn|[from] item: Leftovers\n|-damage|p2a: Throh|225/354 brn|[from] brn\n|upkeep\n|turn|87\n|\n|t:|1769024762\n|move|p1a: Gourgeist|Seed Bomb|p2a: Throh\n|-damage|p2a: Throh|203/354 brn\n|move|p2a: Throh|Circle Throw|p1a: Gourgeist\n|-immune|p1a: Gourgeist\n|\n|-heal|p2a: Throh|225/354 brn|[from] item: Leftovers\n|-damage|p2a: Throh|181/354 brn|[from] brn\n|upkeep\n|turn|88\n|\n|t:|1769024764\n|move|p1a: Gourgeist|Seed Bomb|p2a: Throh\n|-damage|p2a: Throh|157/354 brn\n|move|p2a: Throh|Rest|p2a: Throh\n|-status|p2a: Throh|slp|[from] move: Rest\n|-heal|p2a: Throh|354/354 slp|[silent]\n|\n|upkeep\n|turn|89\n|\n|t:|1769024769\n|move|p1a: Gourgeist|Shadow Sneak|p2a: Throh\n|-damage|p2a: Throh|342/354 slp\n|cant|p2a: Throh|slp\n|\n|-heal|p2a: Throh|354/354 slp|[from] item: Leftovers\n|upkeep\n|turn|90\n|\n|t:|1769024774\n|move|p1a: Gourgeist|Seed Bomb|p2a: Throh\n|-damage|p2a: Throh|332/354 slp\n|cant|p2a: Throh|slp\n|\n|-heal|p2a: Throh|354/354 slp|[from] item: Leftovers\n|upkeep\n|turn|91\n|\n|t:|1769024779\n|move|p1a: Gourgeist|Will-O-Wisp||[still]\n|-fail|p1a: Gourgeist\n|-curestatus|p2a: Throh|slp|[msg]\n|move|p2a: Throh|Rest|p2a: Throh\n|-fail|p2a: Throh|heal\n|\n|upkeep\n|turn|92\n|\n|t:|1769024788\n|move|p1a: Gourgeist|Will-O-Wisp|p2a: Throh\n|-status|p2a: Throh|brn\n|move|p2a: Throh|Rest|p2a: Throh\n|-fail|p2a: Throh|heal\n|\n|-damage|p2a: Throh|310/354 brn|[from] brn\n|upkeep\n|turn|93\n|\n|t:|1769024793\n|move|p1a: Gourgeist|Seed Bomb|p2a: Throh\n|-damage|p2a: Throh|288/354 brn\n|move|p2a: Throh|Sleep Talk||[still]\n|-fail|p2a: Throh\n|\n|-heal|p2a: Throh|310/354 brn|[from] item: Leftovers\n|-damage|p2a: Throh|266/354 brn|[from] brn\n|upkeep\n|turn|94\n|\n|t:|1769024797\n|move|p1a: Gourgeist|Seed Bomb|p2a: Throh\n|-damage|p2a: Throh|244/354 brn\n|move|p2a: Throh|Rest|p2a: Throh\n|-status|p2a: Throh|slp|[from] move: Rest\n|-heal|p2a: Throh|354/354 slp|[silent]\n|\n|upkeep\n|turn|95\n|\n|t:|1769024804\n|switch|p1a: Garbodor|Garbodor, L88, F|162/284\n|cant|p2a: Throh|slp\n|\n|-heal|p1a: Garbodor|179/284|[from] item: Black Sludge\n|upkeep\n|turn|96\n|\n|t:|1769024808\n|switch|p1a: Gourgeist|Gourgeist-Large, L87, M|272/272\n|-item|p2a: Throh|Leftovers|[from] ability: Frisk|[of] p1a: Gourgeist\n|cant|p2a: Throh|slp\n|move|p2a: Throh|Sleep Talk|p2a: Throh\n|move|p2a: Throh|Circle Throw|p1a: Gourgeist|[from] move: Sleep Talk\n|-immune|p1a: Gourgeist\n|\n|upkeep\n|turn|97\n|\n|t:|1769024814\n|move|p1a: Gourgeist|Seed Bomb|p2a: Throh\n|-damage|p2a: Throh|330/354 slp\n|-curestatus|p2a: Throh|slp|[msg]\n|move|p2a: Throh|Bulk Up|p2a: Throh\n|-boost|p2a: Throh|atk|0\n|-boost|p2a: Throh|def|0\n|\n|-heal|p2a: Throh|352/354|[from] item: Leftovers\n|upkeep\n|turn|98\n|\n|t:|1769024817\n|move|p1a: Gourgeist|Seed Bomb|p2a: Throh\n|-damage|p2a: Throh|328/354\n|move|p2a: Throh|Bulk Up|p2a: Throh\n|-boost|p2a: Throh|atk|0\n|-boost|p2a: Throh|def|0\n|\n|-heal|p2a: Throh|350/354|[from] item: Leftovers\n|upkeep\n|turn|99\n|\n|t:|1769024821\n|move|p1a: Gourgeist|Seed Bomb|p2a: Throh\n|-crit|p2a: Throh\n|-damage|p2a: Throh|212/354\n|move|p2a: Throh|Bulk Up|p2a: Throh\n|-boost|p2a: Throh|atk|0\n|-boost|p2a: Throh|def|0\n|\n|-heal|p2a: Throh|234/354|[from] item: Leftovers\n|upkeep\n|turn|100\n|\n|t:|1769024826\n|move|p1a: Gourgeist|Shadow Sneak|p2a: Throh\n|-damage|p2a: Throh|222/354\n|move|p2a: Throh|Circle Throw|p1a: Gourgeist\n|-immune|p1a: Gourgeist\n|\n|-heal|p2a: Throh|244/354|[from] item: Leftovers\n|upkeep\n|turn|101\n|\n|t:|1769024828\n|move|p1a: Gourgeist|Seed Bomb|p2a: Throh\n|-damage|p2a: Throh|222/354\n|move|p2a: Throh|Rest|p2a: Throh\n|-status|p2a: Throh|slp|[from] move: Rest\n|-heal|p2a: Throh|354/354 slp|[silent]\n|\n|upkeep\n|turn|102\n|\n|t:|1769024832\n|switch|p1a: Garbodor|Garbodor, L88, F|179/284\n|cant|p2a: Throh|slp\n|\n|-heal|p1a: Garbodor|196/284|[from] item: Black Sludge\n|upkeep\n|turn|103\n|\n|t:|1769024835\n|move|p1a: Garbodor|Drain Punch|p2a: Throh\n|-damage|p2a: Throh|339/354 slp\n|-heal|p1a: Garbodor|204/284|[from] drain|[of] p2a: Throh\n|cant|p2a: Throh|slp\n|\n|-heal|p1a: Garbodor|221/284|[from] item: Black Sludge\n|-heal|p2a: Throh|354/354 slp|[from] item: Leftovers\n|upkeep\n|turn|104\n|\n|t:|1769024841\n|switch|p1a: Gourgeist|Gourgeist-Large, L87, M|272/272\n|-item|p2a: Throh|Leftovers|[from] ability: Frisk|[of] p1a: Gourgeist\n|-curestatus|p2a: Throh|slp|[msg]\n|move|p2a: Throh|Circle Throw|p1a: Gourgeist\n|-immune|p1a: Gourgeist\n|\n|upkeep\n|turn|105\n|\n|t:|1769024843\n|move|p1a: Gourgeist|Will-O-Wisp|p2a: Throh\n|-status|p2a: Throh|brn\n|-activate|p2a: Throh|move: Struggle\n|move|p2a: Throh|Struggle|p1a: Gourgeist\n|-damage|p1a: Gourgeist|105/272\n|-damage|p2a: Throh|265/354 brn|[from] recoil\n|\n|-heal|p1a: Gourgeist|122/272|[from] item: Leftovers\n|-heal|p2a: Throh|287/354 brn|[from] item: Leftovers\n|-damage|p2a: Throh|243/354 brn|[from] brn\n|upkeep\n|turn|106\n|\n|t:|1769024848\n|move|p1a: Gourgeist|Synthesis|p1a: Gourgeist\n|-heal|p1a: Gourgeist|258/272\n|-activate|p2a: Throh|move: Struggle\n|move|p2a: Throh|Struggle|p1a: Gourgeist\n|-damage|p1a: Gourgeist|81/272\n|-damage|p2a: Throh|154/354 brn|[from] recoil\n|\n|-heal|p1a: Gourgeist|98/272|[from] item: Leftovers\n|-heal|p2a: Throh|176/354 brn|[from] item: Leftovers\n|-damage|p2a: Throh|132/354 brn|[from] brn\n|upkeep\n|turn|107\n|\n|t:|1769024855\n|move|p1a: Gourgeist|Synthesis|p1a: Gourgeist\n|-heal|p1a: Gourgeist|234/272\n|-activate|p2a: Throh|move: Struggle\n|move|p2a: Throh|Struggle|p1a: Gourgeist\n|-damage|p1a: Gourgeist|47/272\n|-damage|p2a: Throh|43/354 brn|[from] recoil\n|\n|-heal|p1a: Gourgeist|64/272|[from] item: Leftovers\n|-heal|p2a: Throh|65/354 brn|[from] item: Leftovers\n|-damage|p2a: Throh|21/354 brn|[from] brn\n|upkeep\n|turn|108\n|\n|t:|1769024861\n|move|p1a: Gourgeist|Synthesis|p1a: Gourgeist\n|-heal|p1a: Gourgeist|200/272\n|-activate|p2a: Throh|move: Struggle\n|move|p2a: Throh|Struggle|p1a: Gourgeist\n|-damage|p1a: Gourgeist|36/272\n|-damage|p2a: Throh|0 fnt|[from] recoil\n|faint|p2a: Throh\n|\n|-heal|p1a: Gourgeist|53/272|[from] item: Leftovers\n|upkeep\n|inactive|mdill97 has 120 seconds left.\n|\n|t:|1769024894\n|switch|p2a: Hoopa|Hoopa-Unbound, L79|198/256\n|-damage|p2a: Hoopa|134/256|[from] Spikes\n|-status|p2a: Hoopa|tox\n|turn|109\n|\n|t:|1769024905\n|move|p2a: Hoopa|Psychic|p1a: Gourgeist\n|-damage|p1a: Gourgeist|0 fnt\n|faint|p1a: Gourgeist\n|\n|-damage|p2a: Hoopa|118/256 tox|[from] psn\n|upkeep\n|\n|t:|1769024916\n|switch|p1a: Beheeyem|Beheeyem, L92, F|157/287 tox\n|turn|110\n|\n|t:|1769024926\n|move|p2a: Hoopa|Hyperspace Fury|p1a: Beheeyem\n|-supereffective|p1a: Beheeyem\n|-damage|p1a: Beheeyem|0 fnt\n|-unboost|p2a: Hoopa|def|1\n|faint|p1a: Beheeyem\n|\n|-damage|p2a: Hoopa|86/256 tox|[from] psn\n|upkeep\n|\n|t:|1769024930\n|switch|p1a: Rayquaza|Rayquaza, L65|245/245\n|-ability|p1a: Rayquaza|Air Lock\n|turn|111\n|\n|t:|1769024935\n|move|p2a: Hoopa|Hyperspace Fury|p1a: Rayquaza\n|-damage|p1a: Rayquaza|79/245\n|-unboost|p2a: Hoopa|def|1\n|move|p1a: Rayquaza|Dragon Dance|p1a: Rayquaza\n|-boost|p1a: Rayquaza|atk|1\n|-boost|p1a: Rayquaza|spe|1\n|\n|-damage|p2a: Hoopa|38/256 tox|[from] psn\n|upkeep\n|turn|112\n|\n|t:|1769024943\n|move|p1a: Rayquaza|Earthquake|p2a: Hoopa\n|-damage|p2a: Hoopa|0 fnt\n|faint|p2a: Hoopa\n|-damage|p1a: Rayquaza|55/245|[from] item: Life Orb\n|\n|upkeep\n|\n|t:|1769024965\n|switch|p2a: Persian|Persian, L91, F|266/266\n|-damage|p2a: Persian|200/266|[from] Spikes\n|-status|p2a: Persian|tox\n|turn|113\n|\n|t:|1769024968\n|switch|p1a: Garbodor|Garbodor, L88, F|221/284\n|move|p2a: Persian|Hyper Voice|p1a: Garbodor\n|-damage|p1a: Garbodor|111/284\n|-damage|p2a: Persian|174/266 tox|[from] item: Life Orb\n|\n|-heal|p1a: Garbodor|128/284|[from] item: Black Sludge\n|-damage|p2a: Persian|158/266 tox|[from] psn\n|upkeep\n|turn|114\n|inactive|mdill97 has 120 seconds left.\n|\n|t:|1769025001\n|move|p2a: Persian|Hyper Voice|p1a: Garbodor\n|-damage|p1a: Garbodor|19/284\n|-damage|p2a: Persian|132/266 tox|[from] item: Life Orb\n|move|p1a: Garbodor|Drain Punch|p2a: Persian\n|-supereffective|p2a: Persian\n|-damage|p2a: Persian|0 fnt\n|-heal|p1a: Garbodor|85/284|[from] drain|[of] p2a: Persian\n|faint|p2a: Persian\n|\n|-heal|p1a: Garbodor|102/284|[from] item: Black Sludge\n|upkeep\n|\n|t:|1769025011\n|switch|p2a: Machamp|Machamp, L81, F|278/278\n|-damage|p2a: Machamp|209/278|[from] Spikes\n|-status|p2a: Machamp|tox\n|turn|115\n|\n|t:|1769025018\n|move|p1a: Garbodor|Gunk Shot|p2a: Machamp\n|-damage|p2a: Machamp|52/278 tox\n|move|p2a: Machamp|Stone Edge|p1a: Garbodor\n|-crit|p1a: Garbodor\n|-damage|p1a: Garbodor|0 fnt\n|faint|p1a: Garbodor\n|\n|-damage|p2a: Machamp|35/278 tox|[from] psn\n|upkeep\n|\n|t:|1769025020\n|switch|p1a: Rayquaza|Rayquaza, L65|55/245\n|-ability|p1a: Rayquaza|Air Lock\n|turn|116\n|\n|t:|1769025026\n|detailschange|p1a: Rayquaza|Rayquaza-Mega, L65\n|-mega|p1a: Rayquaza|Rayquaza|\n|-weather|DeltaStream|[from] ability: Delta Stream|[of] p1a: Rayquaza\n|move|p1a: Rayquaza|Dragon Ascent|p2a: Machamp\n|-supereffective|p2a: Machamp\n|-damage|p2a: Machamp|0 fnt\n|-unboost|p1a: Rayquaza|def|1\n|-unboost|p1a: Rayquaza|spd|1\n|faint|p2a: Machamp\n|-damage|p1a: Rayquaza|31/245|[from] item: Life Orb\n|\n|win|urgeed\n|raw|urgeed's rating: 1554 &rarr; <strong>1582</strong><br />(+28 for winning)\n|raw|mdill97's rating: 1708 &rarr; <strong>1680</strong><br />(-28 for losing)\n|l|‽mdill97\n|player|p2|\n|c|☆urgeed|Gg\n", "inputlog": ">version 3bd1a1e329da8d286644078cfc9a9638fc7ea025\n>start {\"formatid\":\"gen6randombattle\",\"seed\":\"sodium,90236fd5d744e64eae73cfcd5f4948fa\",\"rated\":\"Rated battle\"}\n>player p1 {\"name\":\"urgeed\",\"avatar\":\"lucas\",\"rating\":1554,\"seed\":\"sodium,79828cf63148534effd1f45a3968c590\"}\n>player p2 {\"name\":\"mdill97\",\"avatar\":\"youngster-gen2\",\"rating\":1708,\"seed\":\"sodium,383d8cb4bd434bc68d6c22fcda787eb7\"}\n>p1 move hiddenpower\n>p2 move toxic\n>p1 move psyshock\n>p2 move protect\n>p1 move psyshock\n>p2 switch 5\n>p1 switch 4\n>p2 move hyperspacefury\n>p1 move closecombat\n>p2 switch 5\n>p2 switch 2\n>p1 move closecombat\n>p2 move fakeout\n>p1 move closecombat\n>p2 move suckerpunch\n>p1 switch 2\n>p2 switch 4\n>p1 move hiddenpower\n>p2 switch 5\n>p1 move hiddenpower\n>p2 move hyperspacefury\n>p1 switch 5\n>p1 move gunkshot\n>p2 switch 6\n>p1 move spikes\n>p2 move rest\n>p1 move spikes\n>p2 move sleeptalk\n>p1 move spikes\n>p2 move sleeptalk\n>p1 move seedbomb\n>p2 move bulkup\n>p1 move willowisp\n>p2 move circlethrow\n>p1 move seedbomb\n>p2 move bulkup\n>p1 move seedbomb\n>p2 move rest\n>p1 move seedbomb\n>p2 move sleeptalk\n>p1 move seedbomb\n>p2 move sleeptalk\n>p1 move seedbomb\n>p2 move bulkup\n>p1 move willowisp\n>p2 move bulkup\n>p1 move shadowsneak\n>p2 move circlethrow\n>p1 move shadowsneak\n>p2 move bulkup\n>p1 move seedbomb\n>p2 move rest\n>p1 move shadowsneak\n>p2 move rest\n>p1 move shadowsneak\n>p2 move rest\n>p1 move shadowsneak\n>p2 move bulkup\n>p1 move willowisp\n>p2 move bulkup\n>p1 move shadowsneak\n>p2 move circlethrow\n>p1 move shadowsneak\n>p2 move bulkup\n>p1 move shadowsneak\n>p2 move bulkup\n>p1 move shadowsneak\n>p2 move bulkup\n>p1 move shadowsneak\n>p2 move circlethrow\n>p1 move shadowsneak\n>p2 move rest\n>p1 move shadowsneak\n>p2 move sleeptalk\n>p1 move shadowsneak\n>p2 move rest\n>p1 move shadowsneak\n>p2 move rest\n>p1 move shadowsneak\n>p2 move rest\n>p1 move shadowsneak\n>p2 move sleeptalk\n>p1 move shadowsneak\n>p2 move bulkup\n>p1 move willowisp\n>p2 move bulkup\n>p1 move willowisp\n>p2 move bulkup\n>p1 move shadowsneak\n>p2 move bulkup\n>p1 move shadowsneak\n>p2 move bulkup\n>p1 switch 6\n>p2 move circlethrow\n>p1 switch 6\n>p2 move bulkup\n>p1 switch 6\n>p2 move rest\n>p1 switch 6\n>p2 move rest\n>p1 move toxicspikes\n>p2 move rest\n>p1 move toxicspikes\n>p2 move sleeptalk\n>p1 switch 6\n>p2 move bulkup\n>p1 move shadowsneak\n>p2 move bulkup\n>p1 move shadowsneak\n>p2 move bulkup\n>p1 move shadowsneak\n>p2 move bulkup\n>p1 move shadowsneak\n>p2 move bulkup\n>p1 move shadowsneak\n>p2 move bulkup\n>p1 switch 6\n>p2 move rest\n>p1 switch 6\n>p2 move circlethrow\n>p1 switch 6\n>p2 move bulkup\n>p1 switch 6\n>p2 move bulkup\n>p1 move shadowsneak\n>p2 move circlethrow\n>p1 switch 6\n>p2 move circlethrow\n>p1 switch 6\n>p2 move bulkup\n>p1 move shadowsneak\n>p2 move bulkup\n>p1 move shadowsneak\n>p2 move circlethrow\n>p1 move shadowsneak\n>p2 move circlethrow\n>p1 move shadowsneak\n>p2 move rest\n>p1 move shadowsneak\n>p2 move sleeptalk\n>p1 move shadowsneak\n>p2 move rest\n>p1 switch 6\n>p2 move bulkup\n>p1 switch 6\n>p2 move rest\n>p1 move shadowsneak\n>p2 move sleeptalk\n>p1 move shadowsneak\n>p2 move sleeptalk\n>p1 move shadowsneak\n>p2 move circlethrow\n>p1 move shadowsneak\n>p2 move sleeptalk\n>p1 move shadowsneak\n>p2 move rest\n>p1 move shadowsneak\n>p2 move rest\n>p1 move shadowsneak\n>p2 move sleeptalk\n>p1 move shadowsneak\n>p2 move bulkup\n>p1 move shadowsneak\n>p2 move circlethrow\n>p1 move willowisp\n>p2 move circlethrow\n>p1 move shadowsneak\n>p2 move rest\n>p1 move shadowsneak\n>p2 move bulkup\n>p1 move shadowsneak\n>p2 move sleeptalk\n>p1 move seedbomb\n>p2 move bulkup\n>p1 move willowisp\n>p2 move sleeptalk\n>p1 move seedbomb\n>p2 move circlethrow\n>p1 move seedbomb\n>p2 move rest\n>p1 move shadowsneak\n>p2 move rest\n>p1 move seedbomb\n>p2 move rest\n>p1 move willowisp\n>p2 move rest\n>p1 move willowisp\n>p2 move rest\n>p1 move seedbomb\n>p2 move sleeptalk\n>p1 move seedbomb\n>p2 move rest\n>p1 switch 6\n>p2 move rest\n>p1 switch 6\n>p2 move sleeptalk\n>p1 move seedbomb\n>p2 move bulkup\n>p1 move seedbomb\n>p2 move bulkup\n>p1 move seedbomb\n>p2 move bulkup\n>p1 move shadowsneak\n>p2 move circlethrow\n>p1 move seedbomb\n>p2 move rest\n>p1 switch 6\n>p2 move circlethrow\n>p1 move drainpunch\n>p2 move circlethrow\n>p1 switch 6\n>p2 move circlethrow\n>p1 move willowisp\n>p2 move struggle\n>p1 move synthesis\n>p2 move struggle\n>p1 move synthesis\n>p2 move struggle\n>p1 move synthesis\n>p2 move struggle\n>p2 switch 6\n>p1 move willowisp\n>p2 move psychic\n>p1 switch 4\n>p1 move psyshock\n>p2 move hyperspacefury\n>p1 switch 3\n>p1 move dragondance\n>p2 move hyperspacefury\n>p1 move earthquake\n>p2 move hyperspacefury\n>p2 switch 3\n>p1 switch 6\n>p2 move hypervoice\n>p1 move drainpunch\n>p2 move hypervoice\n>p2 switch 5\n>p1 move gunkshot\n>p2 move stoneedge\n>p1 switch 6\n>p1 move dragonascent mega\n>p2 move stoneedge", "uploadtime": 1769025040, "views": 300, "formatid": "gen6randombattle", "rating": 1582, "private": 0, "password": null}