{"id": "gen6randombattle-2538925026", "format": "[Gen 6] Random Battle", "players": ["King_MakiX", "arboretums"], "log": "|j|☆King_MakiX\n|j|☆arboretums\n|t:|1770994106\n|gametype|singles\n|player|p1|King_MakiX|101|1618\n|player|p2|arboretums|serena-masters2|1526\n|gen|6\n|tier|[Gen 6] Random Battle\n|rated|\n|rule|Sleep Clause Mod: Limit one foe put to sleep\n|rule|HP Percentage Mod: HP is shown in percentages\n|rule|Illusion Level Mod: Illusion disguises the Pokémon's true level\n|\n|t:|1770994106\n|teamsize|p1|6\n|teamsize|p2|6\n|start\n|switch|p1a: Diggersby|Diggersby, L81, F|270/270\n|switch|p2a: Arceus|Arceus-Steel, L71|288/288\n|turn|1\n|inactive|Battle timer is ON: inactive players will automatically lose when time's up. (requested by arboretums)\n|inactive|King_MakiX also wants the timer to be on.\n|\n|t:|1770994115\n|switch|p2a: Mantine|Mantine, L90, M|263/263\n|move|p1a: Diggersby|Agility|p1a: Diggersby\n|-boost|p1a: Diggersby|spe|2\n|\n|upkeep\n|turn|2\n|\n|t:|1770994119\n|move|p1a: Diggersby|Return|p2a: Mantine\n|-damage|p2a: Mantine|71/263\n|-damage|p1a: Diggersby|243/270|[from] item: Life Orb\n|move|p2a: Mantine|Scald|p1a: Diggersby\n|-supereffective|p1a: Diggersby\n|-damage|p1a: Diggersby|45/270\n|\n|-heal|p2a: Mantine|87/263|[from] item: Leftovers\n|upkeep\n|turn|3\n|\n|t:|1770994133\n|switch|p2a: Arceus|Arceus-Steel, L71|288/288\n|move|p1a: Diggersby|Return|p2a: Arceus\n|-resisted|p2a: Arceus\n|-crit|p2a: Arceus\n|-damage|p2a: Arceus|158/288\n|-damage|p1a: Diggersby|18/270|[from] item: Life Orb\n|\n|upkeep\n|turn|4\n|\n|t:|1770994136\n|switch|p2a: Mantine|Mantine, L90, M|87/263\n|move|p1a: Diggersby|Earthquake|p2a: Mantine\n|-immune|p2a: Mantine\n|\n|-heal|p2a: Mantine|103/263|[from] item: Leftovers\n|upkeep\n|turn|5\n|\n|t:|1770994140\n|move|p1a: Diggersby|Return|p2a: Mantine\n|-damage|p2a: Mantine|0 fnt\n|faint|p2a: Mantine\n|-damage|p1a: Diggersby|0 fnt|[from] item: Life Orb\n|faint|p1a: Diggersby\n|\n|upkeep\n|\n|t:|1770994145\n|switch|p2a: Arceus|Arceus-Steel, L71|158/288\n|switch|p1a: Garbodor|Garbodor, L88, M|284/284\n|turn|6\n|\n|t:|1770994152\n|move|p2a: Arceus|Recover|p2a: Arceus\n|-heal|p2a: Arceus|288/288\n|move|p1a: Garbodor|Spikes|p2a: Arceus\n|-sidestart|p2: arboretums|Spikes\n|\n|upkeep\n|turn|7\n|\n|t:|1770994154\n|move|p2a: Arceus|Earthquake|p1a: Garbodor\n|-supereffective|p1a: Garbodor\n|-damage|p1a: Garbodor|160/284\n|move|p1a: Garbodor|Drain Punch|p2a: Arceus\n|-supereffective|p2a: Arceus\n|-damage|p2a: Arceus|188/288\n|-heal|p1a: Garbodor|210/284|[from] drain|[of] p2a: Arceus\n|\n|-heal|p1a: Garbodor|227/284|[from] item: Black Sludge\n|upkeep\n|turn|8\n|\n|t:|1770994156\n|move|p2a: Arceus|Earthquake|p1a: Garbodor\n|-supereffective|p1a: Garbodor\n|-damage|p1a: Garbodor|111/284\n|move|p1a: Garbodor|Drain Punch|p2a: Arceus\n|-supereffective|p2a: Arceus\n|-damage|p2a: Arceus|82/288\n|-heal|p1a: Garbodor|164/284|[from] drain|[of] p2a: Arceus\n|\n|-heal|p1a: Garbodor|181/284|[from] item: Black Sludge\n|upkeep\n|turn|9\n|\n|t:|1770994159\n|move|p2a: Arceus|Recover|p2a: Arceus\n|-heal|p2a: Arceus|226/288\n|move|p1a: Garbodor|Drain Punch|p2a: Arceus\n|-supereffective|p2a: Arceus\n|-damage|p2a: Arceus|116/288\n|-heal|p1a: Garbodor|236/284|[from] drain|[of] p2a: Arceus\n|\n|-heal|p1a: Garbodor|253/284|[from] item: Black Sludge\n|upkeep\n|turn|10\n|\n|t:|1770994162\n|move|p2a: Arceus|Recover|p2a: Arceus\n|-heal|p2a: Arceus|260/288\n|move|p1a: Garbodor|Drain Punch|p2a: Arceus\n|-supereffective|p2a: Arceus\n|-damage|p2a: Arceus|154/288\n|-heal|p1a: Garbodor|284/284|[from] drain|[of] p2a: Arceus\n|\n|upkeep\n|turn|11\n|\n|t:|1770994167\n|switch|p2a: Flygon|Flygon, L83, F|268/268\n|move|p1a: Garbodor|Drain Punch|p2a: Flygon\n|-damage|p2a: Flygon|207/268\n|\n|upkeep\n|turn|12\n|\n|t:|1770994175\n|switch|p1a: Simisage|Simisage, L88, M|275/275\n|move|p2a: Flygon|Earthquake|p1a: Simisage\n|-resisted|p1a: Simisage\n|-damage|p1a: Simisage|205/275\n|\n|upkeep\n|turn|13\n|\n|t:|1770994180\n|switch|p2a: Arceus|Arceus-Steel, L71|154/288\n|-damage|p2a: Arceus|118/288|[from] Spikes\n|move|p1a: Simisage|Hidden Power|p2a: Arceus\n|-resisted|p2a: Arceus\n|-damage|p2a: Arceus|88/288\n|-damage|p1a: Simisage|178/275|[from] item: Life Orb\n|\n|upkeep\n|turn|14\n|\n|t:|1770994182\n|move|p1a: Simisage|Superpower|p2a: Arceus\n|-supereffective|p2a: Arceus\n|-damage|p2a: Arceus|0 fnt\n|-unboost|p1a: Simisage|atk|1\n|-unboost|p1a: Simisage|def|1\n|faint|p2a: Arceus\n|-damage|p1a: Simisage|151/275|[from] item: Life Orb\n|\n|upkeep\n|\n|t:|1770994185\n|switch|p2a: Flygon|Flygon, L83, F|207/268\n|turn|15\n|\n|t:|1770994189\n|move|p2a: Flygon|U-turn|p1a: Simisage\n|-supereffective|p1a: Simisage\n|-damage|p1a: Simisage|0 fnt\n|faint|p1a: Simisage\n|\n|t:|1770994191\n|switch|p2a: Musharna|Musharna, L88, M|230/230|[from] U-turn\n|-damage|p2a: Musharna|202/230|[from] Spikes\n|\n|upkeep\n|\n|t:|1770994195\n|switch|p1a: Mawile|Mawile, L76, F|201/201\n|-ability|p1a: Mawile|Intimidate|boost\n|-unboost|p2a: Musharna|atk|1\n|turn|16\n|\n|t:|1770994200\n|detailschange|p1a: Mawile|Mawile-Mega, L76, F\n|-mega|p1a: Mawile|Mawile|Mawilite\n|move|p2a: Musharna|Flamethrower|p1a: Mawile\n|-supereffective|p1a: Mawile\n|-damage|p1a: Mawile|0 fnt\n|faint|p1a: Mawile\n|detailschange|p1: Mawile|Mawile, L76, F|[silent]\n|-damage|p2a: Musharna|179/230|[from] item: Life Orb\n|\n|upkeep\n|\n|t:|1770994207\n|switch|p1a: Garbodor|Garbodor, L88, M|284/284\n|turn|17\n|\n|t:|1770994211\n|switch|p2a: Musharna|Musharna, L88, M|347/347\n|-damage|p2a: Musharna|304/347|[from] Spikes\n|move|p1a: Garbodor|Gunk Shot|p2a: Musharna|[miss]\n|-miss|p1a: Garbodor|p2a: Musharna\n|\n|-heal|p2a: Musharna|325/347|[from] item: Leftovers\n|upkeep\n|turn|18\n|\n|t:|1770994228\n|switch|p1a: Furfrou|Furfrou-Star, L85, F|266/266\n|move|p2a: Musharna|Calm Mind|p2a: Musharna\n|-boost|p2a: Musharna|spa|1\n|-boost|p2a: Musharna|spd|1\n|\n|-heal|p2a: Musharna|346/347|[from] item: Leftovers\n|upkeep\n|turn|19\n|\n|t:|1770994234\n|move|p1a: Furfrou|Toxic|p2a: Musharna\n|-status|p2a: Musharna|tox\n|-activate|p2a: Musharna|ability: Synchronize\n|-status|p1a: Furfrou|tox\n|move|p2a: Musharna|Hidden Power|p1a: Furfrou\n|-supereffective|p1a: Furfrou\n|-damage|p1a: Furfrou|130/266 tox\n|\n|-heal|p1a: Furfrou|146/266 tox|[from] item: Leftovers\n|-heal|p2a: Musharna|347/347 tox|[from] item: Leftovers\n|-damage|p1a: Furfrou|130/266 tox|[from] psn\n|-damage|p2a: Musharna|326/347 tox|[from] psn\n|upkeep\n|turn|20\n|\n|t:|1770994237\n|move|p1a: Furfrou|Return|p2a: Musharna\n|-damage|p2a: Musharna|226/347 tox\n|move|p2a: Musharna|Hidden Power|p1a: Furfrou\n|-supereffective|p1a: Furfrou\n|-damage|p1a: Furfrou|0 fnt\n|faint|p1a: Furfrou\n|\n|-heal|p2a: Musharna|247/347 tox|[from] item: Leftovers\n|-damage|p2a: Musharna|205/347 tox|[from] psn\n|upkeep\n|\n|t:|1770994242\n|switch|p1a: Serperior|Serperior, L80, M|251/251\n|turn|21\n|\n|t:|1770994246\n|move|p1a: Serperior|Leaf Storm|p2a: Musharna\n|-damage|p2a: Musharna|144/347 tox\n|-boost|p1a: Serperior|spa|2\n|move|p2a: Musharna|Psyshock|p1a: Serperior\n|-damage|p1a: Serperior|94/251\n|\n|-heal|p1a: Serperior|109/251|[from] item: Leftovers\n|-heal|p2a: Musharna|165/347 tox|[from] item: Leftovers\n|-damage|p2a: Musharna|102/347 tox|[from] psn\n|upkeep\n|turn|22\n|\n|t:|1770994252\n|move|p1a: Serperior|Leaf Storm|p2a: Musharna|[miss]\n|-miss|p1a: Serperior|p2a: Musharna\n|move|p2a: Musharna|Psyshock|p1a: Serperior\n|-damage|p1a: Serperior|0 fnt\n|faint|p1a: Serperior\n|\n|-heal|p2a: Musharna|123/347 tox|[from] item: Leftovers\n|-damage|p2a: Musharna|39/347 tox|[from] psn\n|upkeep\n|-message|King_MakiX forfeited.\n|\n|win|arboretums\n|raw|King_MakiX's rating: 1618 &rarr; <strong>1593</strong><br />(-25 for losing)\n|raw|arboretums's rating: 1526 &rarr; <strong>1551</strong><br />(+25 for winning)\n|l|☆King_MakiX\n|player|p1|\n", "inputlog": ">version ccdc32dd7cde25fd9e4bed64820e885f66e78a4e\n>start {\"formatid\":\"gen6randombattle\",\"seed\":\"sodium,e2629f653e8451e12a6ba38815deaa81\",\"rated\":\"Rated battle\"}\n>player p1 {\"name\":\"King_MakiX\",\"avatar\":\"101\",\"rating\":1618,\"seed\":\"sodium,7917d0ec5fa5252069034b4af652e524\"}\n>player p2 {\"name\":\"arboretums\",\"avatar\":\"serena-masters2\",\"rating\":1526,\"seed\":\"sodium,8937ebb7ac30cd87883e28c00b1f5abf\"}\n>p1 move agility\n>p2 switch 4\n>p1 move return\n>p2 move scald\n>p1 move return\n>p2 switch 4\n>p1 move earthquake\n>p2 switch 4\n>p1 move return\n>p2 move scald\n>p1 switch 6\n>p2 switch 4\n>p1 move spikes\n>p2 move recover\n>p1 move drainpunch\n>p2 move earthquake\n>p1 move drainpunch\n>p2 move earthquake\n>p1 move drainpunch\n>p2 move recover\n>p1 move drainpunch\n>p2 move recover\n>p1 move drainpunch\n>p2 switch 3\n>p1 switch 3\n>p2 move earthquake\n>p1 move hiddenpower\n>p2 switch 3\n>p1 move superpower\n>p2 move toxic\n>p2 switch 3\n>p1 move hiddenpower\n>p2 move uturn\n>p2 switch 2\n>p1 switch 4\n>p1 move knockoff mega\n>p2 move flamethrower\n>p1 switch 3\n>p1 move gunkshot\n>p2 switch 6\n>p1 switch 2\n>p2 move calmmind\n>p1 move toxic\n>p2 move hiddenpower\n>p1 move return\n>p2 move hiddenpower\n>p1 switch 5\n>p1 move leafstorm\n>p2 move psyshock\n>p1 move leafstorm\n>p2 move psyshock\n>forcelose p1", "uploadtime": 1770994257, "views": 198, "formatid": "gen6randombattle", "rating": 1551, "private": 0, "password": null}