{"id": "gen6randombattle-2539188436", "format": "[Gen 6] Random Battle", "players": ["celticorampard", "Omgebhonyel"], "log": "|j|☆celticorampard\n|j|☆Omgebhonyel\n|t:|1771020839\n|gametype|singles\n|player|p1|celticorampard|volkner|1543\n|player|p2|Omgebhonyel|brock|1621\n|gen|6\n|tier|[Gen 6] Random Battle\n|rated|\n|rule|Sleep Clause Mod: Limit one foe put to sleep\n|rule|HP Percentage Mod: HP is shown in percentages\n|rule|Illusion Level Mod: Illusion disguises the Pokémon's true level\n|\n|t:|1771020839\n|teamsize|p1|6\n|teamsize|p2|6\n|start\n|switch|p1a: Genesect|Genesect, L72|221/221\n|switch|p2a: Houndoom|Houndoom, L80, M|251/251\n|-ability|p1a: Genesect|Download|boost\n|-boost|p1a: Genesect|atk|1\n|turn|1\n|inactive|Battle timer is ON: inactive players will automatically lose when time's up. (requested by celticorampard)\n|\n|t:|1771020856\n|switch|p1a: Arceus|Arceus-Water, L71|288/288\n|detailschange|p2a: Houndoom|Houndoom-Mega, L80, M\n|-mega|p2a: Houndoom|Houndoom|Houndoominite\n|move|p2a: Houndoom|Fire Blast|p1a: Arceus\n|-resisted|p1a: Arceus\n|-damage|p1a: Arceus|227/288\n|\n|upkeep\n|turn|2\n|\n|t:|1771020874\n|switch|p2a: Vileplume|Vileplume, L87, M|272/272\n|move|p1a: Arceus|Calm Mind|p1a: Arceus\n|-boost|p1a: Arceus|spa|1\n|-boost|p1a: Arceus|spd|1\n|\n|upkeep\n|turn|3\n|\n|t:|1771020887\n|switch|p1a: Genesect|Genesect, L72|221/221\n|-ability|p1a: Genesect|Download|boost\n|-boost|p1a: Genesect|atk|1\n|move|p2a: Vileplume|Sleep Powder|p1a: Genesect\n|-status|p1a: Genesect|slp|[from] move: Sleep Powder\n|\n|upkeep\n|turn|4\n|\n|t:|1771020898\n|switch|p1a: Magmortar|Magmortar, L86, M|269/269\n|move|p2a: Vileplume|Hidden Power|p1a: Magmortar\n|-supereffective|p1a: Magmortar\n|-damage|p1a: Magmortar|201/269\n|\n|upkeep\n|turn|5\n|\n|t:|1771020912\n|move|p1a: Magmortar|Earthquake|p2a: Vileplume\n|-damage|p2a: Vileplume|197/272\n|move|p2a: Vileplume|Hidden Power|p1a: Magmortar\n|-supereffective|p1a: Magmortar\n|-damage|p1a: Magmortar|137/269\n|\n|-heal|p2a: Vileplume|214/272|[from] item: Black Sludge\n|upkeep\n|turn|6\n|\n|t:|1771020919\n|switch|p2a: Musharna|Musharna, L88, M|347/347\n|move|p1a: Magmortar|Fire Blast|p2a: Musharna\n|-damage|p2a: Musharna|217/347\n|\n|-heal|p2a: Musharna|238/347|[from] item: Leftovers\n|upkeep\n|turn|7\n|\n|t:|1771020930\n|switch|p1a: Greninja|Greninja, L79, M|243/243\n|switch|p2a: Vileplume|Vileplume, L87, M|214/272\n|\n|-heal|p2a: Vileplume|231/272|[from] item: Black Sludge\n|upkeep\n|turn|8\n|\n|t:|1771020937\n|move|p1a: Greninja|U-turn|p2a: Vileplume\n|-start|p1a: Greninja|typechange|Bug|[from] ability: Protean\n|-damage|p2a: Vileplume|152/272\n|-damage|p1a: Greninja|219/243|[from] item: Life Orb\n|\n|t:|1771020944\n|switch|p1a: Genesect|Genesect, L72|221/221 slp|[from] U-turn\n|-ability|p1a: Genesect|Download|boost\n|-boost|p1a: Genesect|atk|1\n|move|p2a: Vileplume|Hidden Power|p1a: Genesect\n|-damage|p1a: Genesect|164/221 slp\n|\n|-heal|p2a: Vileplume|169/272|[from] item: Black Sludge\n|upkeep\n|turn|9\n|\n|t:|1771020951\n|cant|p1a: Genesect|slp\n|move|p2a: Vileplume|Hidden Power|p1a: Genesect\n|-damage|p1a: Genesect|109/221 slp\n|\n|-heal|p2a: Vileplume|186/272|[from] item: Black Sludge\n|upkeep\n|turn|10\n|\n|t:|1771020954\n|-curestatus|p1a: Genesect|slp|[msg]\n|move|p1a: Genesect|Blaze Kick|p2a: Vileplume\n|-supereffective|p2a: Vileplume\n|-damage|p2a: Vileplume|0 fnt\n|faint|p2a: Vileplume\n|\n|upkeep\n|\n|t:|1771020963\n|switch|p2a: Houndoom|Houndoom-Mega, L80, M|251/251\n|turn|11\n|\n|t:|1771020973\n|switch|p1a: Greninja|Greninja, L79, M|219/243\n|move|p2a: Houndoom|Dark Pulse|p1a: Greninja\n|-resisted|p1a: Greninja\n|-damage|p1a: Greninja|160/243\n|\n|upkeep\n|turn|12\n|\n|t:|1771020987\n|switch|p2a: Arceus|Arceus-Dark, L71|288/288\n|move|p1a: Greninja|Hydro Pump|p2a: Arceus\n|-start|p1a: Greninja|typechange|Water|[from] ability: Protean\n|-damage|p2a: Arceus|159/288\n|-damage|p1a: Greninja|136/243|[from] item: Life Orb\n|\n|upkeep\n|turn|13\n|inactive|celticorampard has 120 seconds left.\n|\n|t:|1771021027\n|move|p1a: Greninja|U-turn|p2a: Arceus\n|-start|p1a: Greninja|typechange|Bug|[from] ability: Protean\n|-supereffective|p2a: Arceus\n|-damage|p2a: Arceus|0 fnt\n|faint|p2a: Arceus\n|-damage|p1a: Greninja|112/243|[from] item: Life Orb\n|c|☆Omgebhonyel|Lol forgot about that move\n|\n|t:|1771021046\n|switch|p1a: Genesect|Genesect, L72|109/221|[from] U-turn\n|\n|upkeep\n|\n|t:|1771021075\n|switch|p2a: Plusle|Plusle, L93, M|262/262\n|turn|14\n|\n|t:|1771021104\n|move|p2a: Plusle|Thunderbolt|p1a: Genesect\n|-damage|p1a: Genesect|0 fnt\n|faint|p1a: Genesect\n|\n|upkeep\n|inactive|celticorampard has 90 seconds left.\n|\n|t:|1771021115\n|switch|p1a: Mienshao|Mienshao, L81, M|237/237\n|turn|15\n|\n|t:|1771021122\n|switch|p2a: Houndoom|Houndoom-Mega, L80, M|251/251\n|move|p1a: Mienshao|High Jump Kick|p2a: Houndoom\n|-supereffective|p2a: Houndoom\n|-damage|p2a: Houndoom|0 fnt\n|faint|p2a: Houndoom\n|detailschange|p2: Houndoom|Houndoom, L80, M|[silent]\n|\n|upkeep\n|\n|t:|1771021126\n|switch|p2a: Musharna|Musharna, L88, M|238/347\n|turn|16\n|\n|t:|1771021134\n|switch|p1a: Greninja|Greninja, L79, M|112/243\n|move|p2a: Musharna|Moonlight|p2a: Musharna\n|-heal|p2a: Musharna|347/347\n|\n|upkeep\n|turn|17\n|\n|t:|1771021143\n|move|p1a: Greninja|U-turn|p2a: Musharna\n|-start|p1a: Greninja|typechange|Bug|[from] ability: Protean\n|-supereffective|p2a: Musharna\n|-damage|p2a: Musharna|196/347\n|-damage|p1a: Greninja|88/243|[from] item: Life Orb\n|\n|t:|1771021156\n|switch|p1a: Mothim|Mothim, L94, M|283/283|[from] U-turn\n|move|p2a: Musharna|Moonlight|p2a: Musharna\n|-heal|p2a: Musharna|347/347\n|\n|upkeep\n|turn|18\n|\n|t:|1771021178\n|move|p1a: Mothim|Quiver Dance|p1a: Mothim\n|-boost|p1a: Mothim|spa|1\n|-boost|p1a: Mothim|spd|1\n|-boost|p1a: Mothim|spe|1\n|move|p2a: Musharna|Calm Mind|p2a: Musharna\n|-boost|p2a: Musharna|spa|1\n|-boost|p2a: Musharna|spd|1\n|\n|upkeep\n|turn|19\n|\n|t:|1771021192\n|move|p1a: Mothim|Bug Buzz|p2a: Musharna\n|-supereffective|p2a: Musharna\n|-damage|p2a: Musharna|131/347\n|move|p2a: Musharna|Psyshock|p1a: Mothim\n|-crit|p1a: Mothim\n|-damage|p1a: Mothim|0 fnt\n|faint|p1a: Mothim\n|\n|-heal|p2a: Musharna|152/347|[from] item: Leftovers\n|upkeep\n|\n|t:|1771021202\n|switch|p1a: Greninja|Greninja, L79, M|88/243\n|turn|20\n|\n|t:|1771021216\n|switch|p2a: Plusle|Plusle, L93, M|262/262\n|move|p1a: Greninja|U-turn|p2a: Plusle\n|-start|p1a: Greninja|typechange|Bug|[from] ability: Protean\n|-damage|p2a: Plusle|126/262\n|-damage|p1a: Greninja|64/243|[from] item: Life Orb\n|\n|t:|1771021229\n|switch|p1a: Magmortar|Magmortar, L86, M|137/269|[from] U-turn\n|\n|-heal|p2a: Plusle|142/262|[from] item: Leftovers\n|upkeep\n|turn|21\n|\n|t:|1771021237\n|move|p2a: Plusle|Thunderbolt|p1a: Magmortar\n|-damage|p1a: Magmortar|74/269\n|move|p1a: Magmortar|Earthquake|p2a: Plusle\n|-supereffective|p2a: Plusle\n|-damage|p2a: Plusle|0 fnt\n|faint|p2a: Plusle\n|\n|upkeep\n|\n|t:|1771021241\n|switch|p2a: Crustle|Crustle, L82, M|249/249\n|turn|22\n|\n|t:|1771021249\n|move|p1a: Magmortar|Fire Blast|p2a: Crustle|[miss]\n|-miss|p1a: Magmortar|p2a: Crustle\n|move|p2a: Crustle|Shell Smash|p2a: Crustle\n|-unboost|p2a: Crustle|def|1\n|-unboost|p2a: Crustle|spd|1\n|-boost|p2a: Crustle|atk|2\n|-boost|p2a: Crustle|spa|2\n|-boost|p2a: Crustle|spe|2\n|-enditem|p2a: Crustle|White Herb\n|-clearnegativeboost|p2a: Crustle|[silent]\n|\n|upkeep\n|turn|23\n|\n|t:|1771021262\n|move|p2a: Crustle|Earthquake|p1a: Magmortar\n|-supereffective|p1a: Magmortar\n|-damage|p1a: Magmortar|0 fnt\n|faint|p1a: Magmortar\n|\n|upkeep\n|\n|t:|1771021270\n|switch|p1a: Arceus|Arceus-Water, L71|227/288\n|turn|24\n|\n|t:|1771021272\n|move|p2a: Crustle|X-Scissor|p1a: Arceus\n|-damage|p1a: Arceus|83/288\n|move|p1a: Arceus|Judgment|p2a: Crustle\n|-supereffective|p2a: Crustle\n|-damage|p2a: Crustle|1/249\n|\n|upkeep\n|turn|25\n|\n|t:|1771021286\n|move|p2a: Crustle|X-Scissor|p1a: Arceus\n|-damage|p1a: Arceus|0 fnt\n|faint|p1a: Arceus\n|\n|upkeep\n|\n|t:|1771021288\n|switch|p1a: Greninja|Greninja, L79, M|64/243\n|turn|26\n|\n|t:|1771021292\n|move|p2a: Crustle|X-Scissor|p1a: Greninja\n|-supereffective|p1a: Greninja\n|-damage|p1a: Greninja|0 fnt\n|faint|p1a: Greninja\n|\n|upkeep\n|\n|t:|1771021300\n|switch|p1a: Mienshao|Mienshao, L81, M|237/237\n|turn|27\n|\n|t:|1771021305\n|move|p2a: Crustle|Earthquake|p1a: Mienshao\n|-damage|p1a: Mienshao|70/237\n|move|p1a: Mienshao|Knock Off|p2a: Crustle\n|-damage|p2a: Crustle|0 fnt\n|faint|p2a: Crustle\n|\n|upkeep\n|\n|t:|1771021310\n|switch|p2a: Musharna|Musharna, L88, M|152/347\n|turn|28\n|\n|t:|1771021313\n|move|p1a: Mienshao|Knock Off|p2a: Musharna\n|-supereffective|p2a: Musharna\n|-damage|p2a: Musharna|0 fnt\n|-enditem|p2a: Musharna|Leftovers|[from] move: Knock Off|[of] p1a: Mienshao\n|faint|p2a: Musharna\n|\n|win|celticorampard\n|raw|celticorampard's rating: 1543 &rarr; <strong>1567</strong><br />(+24 for winning)\n|raw|Omgebhonyel's rating: 1621 &rarr; <strong>1597</strong><br />(-24 for losing)\n|c|☆Omgebhonyel|Gg\n|c|☆Omgebhonyel|Wp\n", "inputlog": ">version ccdc32dd7cde25fd9e4bed64820e885f66e78a4e\n>start {\"formatid\":\"gen6randombattle\",\"seed\":\"sodium,10501234b8834116cc3b4a7430b3a68d\",\"rated\":\"Rated battle\"}\n>player p1 {\"name\":\"celticorampard\",\"avatar\":\"volkner\",\"rating\":1543,\"seed\":\"sodium,763c7fd405e808905e8b2ca4a75ee2c8\"}\n>player p2 {\"name\":\"Omgebhonyel\",\"avatar\":\"brock\",\"rating\":1621,\"seed\":\"sodium,8aa599900de77b0128ea4e05cc50f340\"}\n>p1 switch 4\n>p2 move fireblast mega\n>p1 move calmmind\n>p2 switch 2\n>p1 switch 4\n>p2 move sleeppowder\n>p1 switch 6\n>p2 move hiddenpower\n>p1 move earthquake\n>p2 move hiddenpower\n>p1 move fireblast\n>p2 switch 4\n>p1 switch 5\n>p2 switch 4\n>p1 move uturn\n>p2 move hiddenpower\n>p1 switch 6\n>p1 move blazekick\n>p2 move hiddenpower\n>p1 move blazekick\n>p2 move synthesis\n>p2 switch 2\n>p1 switch 6\n>p2 move darkpulse\n>p1 move hydropump\n>p2 switch 6\n>p1 move uturn\n>p2 move recover\n>chat ☆Omgebhonyel|Lol forgot about that move\n>p1 switch 6\n>p2 switch 3\n>p1 move uturn\n>p2 move thunderbolt\n>p1 switch 3\n>p1 move highjumpkick\n>p2 switch 6\n>p2 switch 4\n>p1 switch 6\n>p2 move moonlight\n>p1 move uturn\n>p2 move moonlight\n>p1 switch 2\n>p1 move quiverdance\n>p2 move calmmind\n>p1 move bugbuzz\n>p2 move psyshock\n>p1 switch 2\n>p1 move uturn\n>p2 switch 6\n>p1 switch 5\n>p1 move earthquake\n>p2 move thunderbolt\n>p2 switch 5\n>p1 move fireblast\n>p2 move shellsmash\n>p1 move fireblast\n>p2 move earthquake\n>p1 switch 4\n>p1 move judgment\n>p2 move xscissor\n>p1 move recover\n>p2 move xscissor\n>p1 switch 5\n>p1 move uturn\n>p2 move xscissor\n>p1 switch 6\n>p1 move knockoff\n>p2 move earthquake\n>p2 switch 6\n>p1 move knockoff\n>p2 move psyshock", "uploadtime": 1771021323, "views": 180, "formatid": "gen6randombattle", "rating": 1567, "private": 0, "password": null}