{"id": "gen6randombattle-2516370147", "format": "[Gen 6] Random Battle", "players": ["bd56", "ockdzck"], "log": "|j|☆bd56\n|j|☆ockdzck\n|t:|1768130124\n|gametype|singles\n|player|p1|bd56|169|1512\n|player|p2|ockdzck|169|1666\n|gen|6\n|tier|[Gen 6] Random Battle\n|rated|\n|rule|Sleep Clause Mod: Limit one foe put to sleep\n|rule|HP Percentage Mod: HP is shown in percentages\n|rule|Illusion Level Mod: Illusion disguises the Pokémon's true level\n|\n|t:|1768130124\n|teamsize|p1|6\n|teamsize|p2|6\n|start\n|switch|p1a: Hoopa|Hoopa-Unbound, L79|256/256\n|switch|p2a: Primeape|Primeape, L87, F|255/255\n|turn|1\n|inactive|Battle timer is ON: inactive players will automatically lose when time's up. (requested by bd56)\n|\n|t:|1768130138\n|move|p1a: Hoopa|Psychic|p2a: Primeape\n|-supereffective|p2a: Primeape\n|-damage|p2a: Primeape|0 fnt\n|faint|p2a: Primeape\n|\n|upkeep\n|\n|t:|1768130147\n|switch|p2a: Girafarig|Girafarig, L93, M|281/281\n|turn|2\n|\n|t:|1768130165\n|switch|p1a: Quagsire|Quagsire, L87, M|307/307\n|move|p2a: Girafarig|Nasty Plot|p2a: Girafarig\n|-boost|p2a: Girafarig|spa|2\n|\n|upkeep\n|turn|3\n|\n|t:|1768130175\n|move|p2a: Girafarig|Psyshock|p1a: Quagsire\n|-damage|p1a: Quagsire|189/307\n|-damage|p2a: Girafarig|253/281|[from] item: Life Orb\n|move|p1a: Quagsire|Earthquake|p2a: Girafarig\n|-damage|p2a: Girafarig|136/281\n|\n|-heal|p1a: Quagsire|208/307|[from] item: Leftovers\n|upkeep\n|turn|4\n|\n|t:|1768130180\n|move|p2a: Girafarig|Psyshock|p1a: Quagsire\n|-damage|p1a: Quagsire|83/307\n|-damage|p2a: Girafarig|108/281|[from] item: Life Orb\n|move|p1a: Quagsire|Recover|p1a: Quagsire\n|-heal|p1a: Quagsire|237/307\n|\n|-heal|p1a: Quagsire|256/307|[from] item: Leftovers\n|upkeep\n|turn|5\n|\n|t:|1768130186\n|switch|p2a: Raichu|Raichu, L87, M|246/246\n|move|p1a: Quagsire|Recover|p1a: Quagsire\n|-heal|p1a: Quagsire|307/307\n|\n|upkeep\n|turn|6\n|\n|t:|1768130202\n|switch|p1a: Tropius|Tropius, L94, F|336/336\n|move|p2a: Raichu|Encore||[still]\n|-fail|p2a: Raichu\n|\n|upkeep\n|turn|7\n|\n|t:|1768130215\n|move|p1a: Tropius|Protect|p1a: Tropius\n|-singleturn|p1a: Tropius|Protect\n|move|p2a: Raichu|Nasty Plot|p2a: Raichu\n|-boost|p2a: Raichu|spa|2\n|\n|upkeep\n|turn|8\n|\n|t:|1768130220\n|move|p2a: Raichu|Hidden Power|p1a: Tropius\n|-supereffective|p1a: Tropius\n|-damage|p1a: Tropius|16/336\n|-enditem|p1a: Tropius|Sitrus Berry|[eat]\n|-heal|p1a: Tropius|100/336|[from] item: Sitrus Berry\n|move|p1a: Tropius|Leech Seed|p2a: Raichu\n|-start|p2a: Raichu|move: Leech Seed\n|\n|-damage|p2a: Raichu|216/246|[from] Leech Seed|[of] p1a: Tropius\n|-heal|p1a: Tropius|130/336|[silent]\n|-item|p1a: Tropius|Sitrus Berry|[from] ability: Harvest\n|upkeep\n|-enditem|p1a: Tropius|Sitrus Berry|[eat]\n|-heal|p1a: Tropius|214/336|[from] item: Sitrus Berry\n|turn|9\n|\n|t:|1768130231\n|switch|p2a: Charizard|Charizard, L74, M|237/237\n|move|p1a: Tropius|Protect||[still]\n|-fail|p1a: Tropius\n|\n|upkeep\n|turn|10\n|\n|t:|1768130240\n|detailschange|p2a: Charizard|Charizard-Mega-Y, L74, M\n|-mega|p2a: Charizard|Charizard|Charizardite Y\n|-weather|SunnyDay|[from] ability: Drought|[of] p2a: Charizard\n|move|p1a: Tropius|Protect|p1a: Tropius\n|-singleturn|p1a: Tropius|Protect\n|move|p2a: Charizard|Fire Blast|p1a: Tropius\n|-activate|p1a: Tropius|move: Protect\n|\n|-weather|SunnyDay|[upkeep]\n|-item|p1a: Tropius|Sitrus Berry|[from] ability: Harvest\n|upkeep\n|turn|11\n|\n|t:|1768130250\n|move|p2a: Charizard|Fire Blast|p1a: Tropius\n|-supereffective|p1a: Tropius\n|-damage|p1a: Tropius|0 fnt\n|faint|p1a: Tropius\n|\n|-weather|SunnyDay|[upkeep]\n|upkeep\n|\n|t:|1768130258\n|switch|p1a: Hoopa|Hoopa-Unbound, L79|256/256\n|turn|12\n|\n|t:|1768130277\n|switch|p2a: Cobalion|Cobalion, L77|267/267\n|move|p1a: Hoopa|Hyperspace Fury|p2a: Cobalion\n|-resisted|p2a: Cobalion\n|-damage|p2a: Cobalion|215/267\n|-unboost|p1a: Hoopa|def|1\n|-ability|p2a: Cobalion|Justified|boost\n|-boost|p2a: Cobalion|atk|1\n|\n|-weather|SunnyDay|[upkeep]\n|-heal|p2a: Cobalion|231/267|[from] item: Leftovers\n|upkeep\n|turn|13\n|\n|t:|1768130284\n|switch|p1a: Quagsire|Quagsire, L87, M|307/307\n|move|p2a: Cobalion|Close Combat|p1a: Quagsire\n|-damage|p1a: Quagsire|216/307\n|-unboost|p2a: Cobalion|def|1\n|-unboost|p2a: Cobalion|spd|1\n|\n|-weather|SunnyDay|[upkeep]\n|-heal|p2a: Cobalion|247/267|[from] item: Leftovers\n|-heal|p1a: Quagsire|235/307|[from] item: Leftovers\n|upkeep\n|turn|14\n|\n|t:|1768130291\n|switch|p2a: Charizard|Charizard-Mega-Y, L74, M|237/237\n|move|p1a: Quagsire|Earthquake|p2a: Charizard\n|-immune|p2a: Charizard\n|\n|-weather|none\n|-heal|p1a: Quagsire|254/307|[from] item: Leftovers\n|upkeep\n|turn|15\n|\n|t:|1768130312\n|switch|p2a: Cobalion|Cobalion, L77|247/267\n|move|p1a: Quagsire|Scald|p2a: Cobalion\n|-damage|p2a: Cobalion|162/267\n|\n|-heal|p2a: Cobalion|178/267|[from] item: Leftovers\n|-heal|p1a: Quagsire|273/307|[from] item: Leftovers\n|upkeep\n|turn|16\n|\n|t:|1768130318\n|switch|p2a: Charizard|Charizard-Mega-Y, L74, M|237/237\n|-weather|SunnyDay|[from] ability: Drought|[of] p2a: Charizard\n|move|p1a: Quagsire|Scald|p2a: Charizard\n|-supereffective|p2a: Charizard\n|-damage|p2a: Charizard|169/237\n|\n|-weather|SunnyDay|[upkeep]\n|-heal|p1a: Quagsire|292/307|[from] item: Leftovers\n|upkeep\n|turn|17\n|\n|t:|1768130347\n|switch|p1a: Hoopa|Hoopa-Unbound, L79|256/256\n|move|p2a: Charizard|Solar Beam||[still]\n|-prepare|p2a: Charizard|Solar Beam\n|-anim|p2a: Charizard|Solar Beam|p1a: Hoopa\n|-damage|p1a: Hoopa|182/256\n|\n|-weather|SunnyDay|[upkeep]\n|upkeep\n|turn|18\n|\n|t:|1768130358\n|move|p1a: Hoopa|Psychic|p2a: Charizard\n|-damage|p2a: Charizard|55/237\n|move|p2a: Charizard|Fire Blast|p1a: Hoopa\n|-damage|p1a: Hoopa|32/256\n|\n|-weather|SunnyDay|[upkeep]\n|upkeep\n|turn|19\n|inactive|ockdzck has 120 seconds left.\n|\n|t:|1768130384\n|switch|p2a: Arceus|Arceus-Ground, L71|288/288\n|move|p1a: Hoopa|Psychic|p2a: Arceus\n|-damage|p2a: Arceus|159/288\n|\n|-weather|SunnyDay|[upkeep]\n|upkeep\n|turn|20\n|\n|t:|1768130402\n|switch|p1a: Froslass|Froslass, L84, F|255/255\n|move|p2a: Arceus|Recover|p2a: Arceus\n|-heal|p2a: Arceus|288/288\n|\n|-weather|none\n|upkeep\n|turn|21\n|\n|t:|1768130412\n|switch|p2a: Cobalion|Cobalion, L77|178/267\n|move|p1a: Froslass|Ice Beam|p2a: Cobalion\n|-resisted|p2a: Cobalion\n|-damage|p2a: Cobalion|130/267\n|\n|-heal|p2a: Cobalion|146/267|[from] item: Leftovers\n|upkeep\n|turn|22\n|\n|t:|1768130418\n|switch|p2a: Charizard|Charizard-Mega-Y, L74, M|55/237\n|-weather|SunnyDay|[from] ability: Drought|[of] p2a: Charizard\n|move|p1a: Froslass|Shadow Ball|p2a: Charizard\n|-crit|p2a: Charizard\n|-damage|p2a: Charizard|0 fnt\n|faint|p2a: Charizard\n|detailschange|p2: Charizard|Charizard, L74, M|[silent]\n|\n|-weather|SunnyDay|[upkeep]\n|upkeep\n|-message|ockdzck forfeited.\n|\n|win|bd56\n|raw|bd56's rating: 1512 &rarr; <strong>1540</strong><br />(+28 for winning)\n|raw|ockdzck's rating: 1666 &rarr; <strong>1638</strong><br />(-28 for losing)\n|l|☆ockdzck\n|player|p2|\n", "inputlog": ">version f2883557ca71b1a14bc1039fd307aee7de4ab455\n>start {\"formatid\":\"gen6randombattle\",\"seed\":\"sodium,b182c4615ead97dc41ed7189e93ab87f\",\"rated\":\"Rated battle\"}\n>player p1 {\"name\":\"bd56\",\"avatar\":\"169\",\"rating\":1512,\"seed\":\"sodium,99e50d4c51aa07410d3b6dd81ebd48e5\"}\n>player p2 {\"name\":\"ockdzck\",\"avatar\":\"169\",\"rating\":1666,\"seed\":\"sodium,2e25a0214867cbf2b6a6d23a2a06f0a7\"}\n>p1 move psychic\n>p2 move uturn\n>p2 switch 5\n>p1 switch 3\n>p2 move nastyplot\n>p1 move earthquake\n>p2 move psyshock\n>p1 move recover\n>p2 move psyshock\n>p1 move recover\n>p2 switch 4\n>p1 switch 6\n>p2 move encore\n>p1 move protect\n>p2 move nastyplot\n>p1 move leechseed\n>p2 move hiddenpower\n>p1 move protect\n>p2 switch 6\n>p1 move protect\n>p2 move fireblast mega\n>p1 move airslash\n>p2 move fireblast\n>p1 switch 3\n>p1 move hyperspacefury\n>p2 switch 3\n>p1 switch 6\n>p2 move closecombat\n>p1 move earthquake\n>p2 switch 3\n>p1 move scald\n>p2 switch 3\n>p1 move scald\n>p2 switch 3\n>p1 switch 6\n>p2 move solarbeam\n>p1 move psychic\n>p2 move fireblast\n>p1 move psychic\n>p2 switch 2\n>p1 switch 5\n>p2 move recover\n>p1 move icebeam\n>p2 switch 3\n>p1 move shadowball\n>p2 switch 2\n>forcelose p2", "uploadtime": 1768130427, "views": 248, "formatid": "gen6randombattle", "rating": 1540, "private": 0, "password": null}