{"id": "gen6randombattle-2517392114", "format": "[Gen 6] Random Battle", "players": ["SpearPhish", "arboretums"], "log": "|j|☆SpearPhish\n|j|☆arboretums\n|t:|1768256741\n|gametype|singles\n|player|p1|SpearPhish|pryce|1605\n|player|p2|arboretums|serena-masters2|1633\n|gen|6\n|tier|[Gen 6] Random Battle\n|rated|\n|rule|Sleep Clause Mod: Limit one foe put to sleep\n|rule|HP Percentage Mod: HP is shown in percentages\n|rule|Illusion Level Mod: Illusion disguises the Pokémon's true level\n|\n|t:|1768256741\n|teamsize|p1|6\n|teamsize|p2|6\n|start\n|switch|p1a: Alomomola|Alomomola, L85, M|419/419\n|switch|p2a: Regice|Regice, L87|281/281\n|turn|1\n|inactive|Battle timer is ON: inactive players will automatically lose when time's up. (requested by arboretums)\n|\n|t:|1768256767\n|move|p1a: Alomomola|Knock Off|p2a: Regice\n|-damage|p2a: Regice|231/281\n|-enditem|p2a: Regice|Leftovers|[from] move: Knock Off|[of] p1a: Alomomola\n|move|p2a: Regice|Thunderbolt|p1a: Alomomola\n|-supereffective|p1a: Alomomola\n|-damage|p1a: Alomomola|215/419\n|\n|-heal|p1a: Alomomola|241/419|[from] item: Leftovers\n|upkeep\n|turn|2\n|\n|t:|1768256780\n|move|p1a: Alomomola|Scald|p2a: Regice\n|-damage|p2a: Regice|207/281\n|move|p2a: Regice|Thunderbolt|p1a: Alomomola\n|-supereffective|p1a: Alomomola\n|-damage|p1a: Alomomola|9/419\n|\n|-heal|p1a: Alomomola|35/419|[from] item: Leftovers\n|upkeep\n|turn|3\n|\n|t:|1768256797\n|switch|p1a: Azelf|Azelf, L80|251/251\n|move|p2a: Regice|Ice Beam|p1a: Azelf\n|-damage|p1a: Azelf|122/251\n|\n|-heal|p1a: Azelf|137/251|[from] item: Leftovers\n|upkeep\n|turn|4\n|\n|t:|1768256805\n|move|p1a: Azelf|Fire Blast|p2a: Regice\n|-supereffective|p2a: Regice\n|-damage|p2a: Regice|113/281\n|move|p2a: Regice|Ice Beam|p1a: Azelf\n|-damage|p1a: Azelf|16/251\n|\n|-heal|p1a: Azelf|31/251|[from] item: Leftovers\n|upkeep\n|turn|5\n|\n|t:|1768256815\n|move|p1a: Azelf|U-turn|p2a: Regice\n|-damage|p2a: Regice|67/281\n|\n|t:|1768256826\n|switch|p1a: Suicune|Suicune, L80|291/291|[from] U-turn\n|-ability|p1a: Suicune|Pressure\n|move|p2a: Regice|Ice Beam|p1a: Suicune\n|-resisted|p1a: Suicune\n|-damage|p1a: Suicune|246/291\n|\n|-heal|p1a: Suicune|264/291|[from] item: Leftovers\n|upkeep\n|turn|6\n|\n|t:|1768256838\n|move|p1a: Suicune|Substitute|p1a: Suicune\n|-start|p1a: Suicune|Substitute\n|-damage|p1a: Suicune|192/291\n|move|p2a: Regice|Rest|p2a: Regice\n|-status|p2a: Regice|slp|[from] move: Rest\n|-heal|p2a: Regice|281/281 slp|[silent]\n|\n|-heal|p1a: Suicune|210/291|[from] item: Leftovers\n|upkeep\n|turn|7\n|\n|t:|1768256846\n|switch|p2a: Swanna|Swanna, L85, F|266/266\n|move|p1a: Suicune|Calm Mind|p1a: Suicune\n|-boost|p1a: Suicune|spa|1\n|-boost|p1a: Suicune|spd|1\n|\n|-heal|p1a: Suicune|228/291|[from] item: Leftovers\n|upkeep\n|turn|8\n|\n|t:|1768256854\n|move|p2a: Swanna|Brave Bird|p1a: Suicune\n|-end|p1a: Suicune|Substitute\n|-damage|p2a: Swanna|242/266|[from] Recoil|[of] p1a: Suicune\n|move|p1a: Suicune|Scald|p2a: Swanna\n|-resisted|p2a: Swanna\n|-damage|p2a: Swanna|170/266\n|\n|-heal|p2a: Swanna|186/266|[from] item: Leftovers\n|-heal|p1a: Suicune|246/291|[from] item: Leftovers\n|upkeep\n|turn|9\n|\n|t:|1768256863\n|move|p2a: Swanna|Toxic|p1a: Suicune\n|-status|p1a: Suicune|tox\n|move|p1a: Suicune|Scald|p2a: Swanna\n|-resisted|p2a: Swanna\n|-damage|p2a: Swanna|120/266\n|\n|-heal|p2a: Swanna|136/266|[from] item: Leftovers\n|-heal|p1a: Suicune|264/291 tox|[from] item: Leftovers\n|-damage|p1a: Suicune|246/291 tox|[from] psn\n|upkeep\n|turn|10\n|\n|t:|1768256873\n|switch|p2a: Regice|Regice, L87|281/281 slp\n|move|p1a: Suicune|Scald|p2a: Regice\n|-damage|p2a: Regice|221/281 slp\n|\n|-heal|p1a: Suicune|264/291 tox|[from] item: Leftovers\n|-damage|p1a: Suicune|228/291 tox|[from] psn\n|upkeep\n|turn|11\n|\n|t:|1768256882\n|switch|p1a: Azelf|Azelf, L80|31/251\n|cant|p2a: Regice|slp\n|move|p2a: Regice|Sleep Talk|p2a: Regice\n|move|p2a: Regice|Ice Beam|p1a: Azelf|[from] move: Sleep Talk\n|-damage|p1a: Azelf|0 fnt\n|faint|p1a: Azelf\n|\n|upkeep\n|\n|t:|1768256892\n|switch|p1a: Beautifly|Beautifly, L99, F|279/279\n|turn|12\n|\n|t:|1768256896\n|move|p1a: Beautifly|Quiver Dance|p1a: Beautifly\n|-boost|p1a: Beautifly|spa|1\n|-boost|p1a: Beautifly|spd|1\n|-boost|p1a: Beautifly|spe|1\n|cant|p2a: Regice|slp\n|move|p2a: Regice|Sleep Talk|p2a: Regice\n|move|p2a: Regice|Rest||[from] move: Sleep Talk|[still]\n|-fail|p2a: Regice\n|\n|upkeep\n|turn|13\n|\n|t:|1768256904\n|move|p1a: Beautifly|Quiver Dance|p1a: Beautifly\n|-boost|p1a: Beautifly|spa|1\n|-boost|p1a: Beautifly|spd|1\n|-boost|p1a: Beautifly|spe|1\n|-curestatus|p2a: Regice|slp|[msg]\n|move|p2a: Regice|Ice Beam|p1a: Beautifly\n|-supereffective|p1a: Beautifly\n|-damage|p1a: Beautifly|141/279\n|\n|-heal|p1a: Beautifly|158/279|[from] item: Leftovers\n|upkeep\n|turn|14\n|\n|t:|1768256913\n|move|p1a: Beautifly|Bug Buzz|p2a: Regice\n|-damage|p2a: Regice|94/281\n|move|p2a: Regice|Ice Beam|p1a: Beautifly\n|-supereffective|p1a: Beautifly\n|-damage|p1a: Beautifly|18/279\n|\n|-heal|p1a: Beautifly|35/279|[from] item: Leftovers\n|upkeep\n|turn|15\n|\n|t:|1768256924\n|move|p1a: Beautifly|Bug Buzz|p2a: Regice\n|-crit|p2a: Regice\n|-damage|p2a: Regice|0 fnt\n|faint|p2a: Regice\n|\n|-heal|p1a: Beautifly|52/279|[from] item: Leftovers\n|upkeep\n|\n|t:|1768256925\n|switch|p2a: Kangaskhan|Kangaskhan, L71, F|267/267\n|turn|16\n|\n|t:|1768256934\n|detailschange|p2a: Kangaskhan|Kangaskhan-Mega, L71, F\n|-mega|p2a: Kangaskhan|Kangaskhan|Kangaskhanite\n|move|p2a: Kangaskhan|Fake Out|p1a: Beautifly\n|-damage|p1a: Beautifly|3/279\n|-damage|p1a: Beautifly|0 fnt\n|faint|p1a: Beautifly\n|-hitcount|p1: Beautifly|2\n|\n|upkeep\n|\n|t:|1768256940\n|switch|p1a: Sableye|Sableye, L81, M|214/214\n|turn|17\n|\n|t:|1768256952\n|switch|p2a: Vaporeon|Vaporeon, L84, F|356/356\n|move|p1a: Sableye|Will-O-Wisp|p2a: Vaporeon\n|-status|p2a: Vaporeon|brn\n|\n|-damage|p2a: Vaporeon|312/356 brn|[from] brn\n|upkeep\n|turn|18\n|\n|t:|1768256960\n|detailschange|p1a: Sableye|Sableye-Mega, L81, M\n|-mega|p1a: Sableye|Sableye|Sablenite\n|move|p1a: Sableye|Calm Mind|p1a: Sableye\n|-boost|p1a: Sableye|spa|1\n|-boost|p1a: Sableye|spd|1\n|move|p2a: Vaporeon|Scald|p1a: Sableye\n|-damage|p1a: Sableye|163/214\n|\n|-heal|p2a: Vaporeon|334/356 brn|[from] item: Leftovers\n|-damage|p2a: Vaporeon|290/356 brn|[from] brn\n|upkeep\n|turn|19\n|inactive|arboretums has 120 seconds left.\n|\n|t:|1768256994\n|move|p2a: Vaporeon|Wish|p2a: Vaporeon\n|move|p1a: Sableye|Dark Pulse|p2a: Vaporeon\n|-damage|p2a: Vaporeon|190/356 brn\n|\n|-heal|p2a: Vaporeon|212/356 brn|[from] item: Leftovers\n|-damage|p2a: Vaporeon|168/356 brn|[from] brn\n|upkeep\n|turn|20\n|\n|t:|1768257017\n|switch|p2a: Swanna|Swanna, L85, F|136/266\n|move|p1a: Sableye|Calm Mind|p1a: Sableye\n|-boost|p1a: Sableye|spa|1\n|-boost|p1a: Sableye|spd|1\n|\n|-heal|p2a: Swanna|266/266|[from] move: Wish|[wisher] Vaporeon\n|upkeep\n|turn|21\n|\n|t:|1768257025\n|move|p2a: Swanna|Brave Bird|p1a: Sableye\n|-damage|p1a: Sableye|60/214\n|-damage|p2a: Swanna|232/266|[from] Recoil\n|move|p1a: Sableye|Will-O-Wisp|p2a: Swanna|[miss]\n|-miss|p1a: Sableye|p2a: Swanna\n|\n|-heal|p2a: Swanna|248/266|[from] item: Leftovers\n|upkeep\n|turn|22\n|\n|t:|1768257034\n|switch|p1a: Stantler|Stantler, L90, M|277/277\n|-ability|p1a: Stantler|Intimidate|boost\n|-unboost|p2a: Swanna|atk|1\n|move|p2a: Swanna|Brave Bird|p1a: Stantler\n|-damage|p1a: Stantler|180/277\n|-damage|p2a: Swanna|216/266|[from] Recoil\n|\n|-heal|p2a: Swanna|232/266|[from] item: Leftovers\n|upkeep\n|turn|23\n|\n|t:|1768257045\n|switch|p2a: Vaporeon|Vaporeon, L84, F|168/356 brn\n|move|p1a: Stantler|Thunder Wave||[still]\n|-fail|p1a: Stantler\n|\n|-heal|p2a: Vaporeon|190/356 brn|[from] item: Leftovers\n|-damage|p2a: Vaporeon|146/356 brn|[from] brn\n|upkeep\n|turn|24\n|\n|t:|1768257053\n|move|p1a: Stantler|Double-Edge|p2a: Vaporeon\n|-damage|p2a: Vaporeon|0 fnt\n|faint|p2a: Vaporeon\n|-damage|p1a: Stantler|132/277|[from] Recoil\n|-damage|p1a: Stantler|105/277|[from] item: Life Orb\n|\n|upkeep\n|\n|t:|1768257065\n|switch|p2a: Flygon|Flygon, L83, F|268/268\n|turn|25\n|\n|t:|1768257070\n|switch|p1a: Suicune|Suicune, L80|228/291 tox\n|-ability|p1a: Suicune|Pressure\n|move|p2a: Flygon|Earthquake|p1a: Suicune\n|-damage|p1a: Suicune|129/291 tox\n|\n|-heal|p1a: Suicune|147/291 tox|[from] item: Leftovers\n|-damage|p1a: Suicune|129/291 tox|[from] psn\n|upkeep\n|turn|26\n|\n|t:|1768257079\n|switch|p2a: Swanna|Swanna, L85, F|232/266\n|move|p1a: Suicune|Scald|p2a: Swanna\n|-resisted|p2a: Swanna\n|-damage|p2a: Swanna|187/266\n|\n|-heal|p2a: Swanna|203/266|[from] item: Leftovers\n|-heal|p1a: Suicune|147/291 tox|[from] item: Leftovers\n|-damage|p1a: Suicune|111/291 tox|[from] psn\n|upkeep\n|turn|27\n|\n|t:|1768257091\n|move|p2a: Swanna|Scald|p1a: Suicune\n|-resisted|p1a: Suicune\n|-damage|p1a: Suicune|78/291 tox\n|move|p1a: Suicune|Scald|p2a: Swanna\n|-resisted|p2a: Swanna\n|-damage|p2a: Swanna|157/266\n|-status|p2a: Swanna|brn\n|\n|-heal|p2a: Swanna|173/266 brn|[from] item: Leftovers\n|-heal|p1a: Suicune|96/291 tox|[from] item: Leftovers\n|-damage|p1a: Suicune|42/291 tox|[from] psn\n|-damage|p2a: Swanna|140/266 brn|[from] brn\n|upkeep\n|turn|28\n|\n|t:|1768257103\n|move|p2a: Swanna|Roost|p2a: Swanna\n|-heal|p2a: Swanna|266/266 brn\n|-singleturn|p2a: Swanna|move: Roost\n|move|p1a: Suicune|Scald|p2a: Swanna\n|-resisted|p2a: Swanna\n|-damage|p2a: Swanna|221/266 brn\n|\n|-heal|p2a: Swanna|237/266 brn|[from] item: Leftovers\n|-heal|p1a: Suicune|60/291 tox|[from] item: Leftovers\n|-damage|p1a: Suicune|0 fnt|[from] psn\n|faint|p1a: Suicune\n|-damage|p2a: Swanna|204/266 brn|[from] brn\n|upkeep\n|\n|t:|1768257116\n|switch|p1a: Sableye|Sableye-Mega, L81, M|60/214\n|turn|29\n|\n|t:|1768257120\n|move|p2a: Swanna|Scald|p1a: Sableye\n|-damage|p1a: Sableye|0 fnt\n|faint|p1a: Sableye\n|detailschange|p1: Sableye|Sableye, L81, M|[silent]\n|\n|-heal|p2a: Swanna|220/266 brn|[from] item: Leftovers\n|-damage|p2a: Swanna|187/266 brn|[from] brn\n|upkeep\n|\n|t:|1768257126\n|switch|p1a: Alomomola|Alomomola, L85, M|174/419\n|turn|30\n|\n|t:|1768257137\n|move|p2a: Swanna|Toxic|p1a: Alomomola|[miss]\n|-miss|p2a: Swanna|p1a: Alomomola\n|move|p1a: Alomomola|Wish|p1a: Alomomola\n|\n|-heal|p2a: Swanna|203/266 brn|[from] item: Leftovers\n|-heal|p1a: Alomomola|200/419|[from] item: Leftovers\n|-damage|p2a: Swanna|170/266 brn|[from] brn\n|upkeep\n|turn|31\n|\n|t:|1768257144\n|move|p2a: Swanna|Toxic|p1a: Alomomola\n|-status|p1a: Alomomola|tox\n|move|p1a: Alomomola|Knock Off|p2a: Swanna\n|-crit|p2a: Swanna\n|-damage|p2a: Swanna|61/266 brn\n|-enditem|p2a: Swanna|Leftovers|[from] move: Knock Off|[of] p1a: Alomomola\n|\n|-heal|p1a: Alomomola|409/419 tox|[from] move: Wish|[wisher] Alomomola\n|-heal|p1a: Alomomola|419/419 tox|[from] item: Leftovers\n|-damage|p1a: Alomomola|393/419 tox|[from] psn\n|-damage|p2a: Swanna|28/266 brn|[from] brn\n|upkeep\n|turn|32\n|\n|t:|1768257155\n|move|p2a: Swanna|Roost|p2a: Swanna\n|-heal|p2a: Swanna|161/266 brn\n|-singleturn|p2a: Swanna|move: Roost\n|move|p1a: Alomomola|Wish|p1a: Alomomola\n|\n|-heal|p1a: Alomomola|419/419 tox|[from] item: Leftovers\n|-damage|p1a: Alomomola|367/419 tox|[from] psn\n|-damage|p2a: Swanna|128/266 brn|[from] brn\n|upkeep\n|turn|33\n|\n|t:|1768257164\n|switch|p1a: Stantler|Stantler, L90, M|105/277\n|-ability|p1a: Stantler|Intimidate|boost\n|-unboost|p2a: Swanna|atk|1\n|move|p2a: Swanna|Roost|p2a: Swanna\n|-heal|p2a: Swanna|261/266 brn\n|-singleturn|p2a: Swanna|move: Roost\n|\n|-heal|p1a: Stantler|277/277|[from] move: Wish|[wisher] Alomomola\n|-damage|p2a: Swanna|228/266 brn|[from] brn\n|upkeep\n|turn|34\n|\n|t:|1768257175\n|move|p2a: Swanna|Scald|p1a: Stantler\n|-damage|p1a: Stantler|189/277\n|move|p1a: Stantler|Double-Edge|p2a: Swanna\n|-damage|p2a: Swanna|0 fnt\n|faint|p2a: Swanna\n|-damage|p1a: Stantler|114/277|[from] Recoil\n|-damage|p1a: Stantler|87/277|[from] item: Life Orb\n|\n|upkeep\n|\n|t:|1768257187\n|switch|p2a: Flygon|Flygon, L83, F|268/268\n|turn|35\n|\n|t:|1768257191\n|switch|p1a: Alomomola|Alomomola, L85, M|419/419 tox\n|move|p2a: Flygon|Earthquake|p1a: Alomomola\n|-damage|p1a: Alomomola|311/419 tox\n|\n|-heal|p1a: Alomomola|337/419 tox|[from] item: Leftovers\n|-damage|p1a: Alomomola|311/419 tox|[from] psn\n|upkeep\n|turn|36\n|\n|t:|1768257199\n|move|p2a: Flygon|Draco Meteor|p1a: Alomomola\n|-damage|p1a: Alomomola|130/419 tox\n|-unboost|p2a: Flygon|spa|2\n|move|p1a: Alomomola|Scald|p2a: Flygon\n|-damage|p2a: Flygon|217/268\n|\n|-heal|p2a: Flygon|233/268|[from] item: Leftovers\n|-heal|p1a: Alomomola|156/419 tox|[from] item: Leftovers\n|-damage|p1a: Alomomola|104/419 tox|[from] psn\n|upkeep\n|turn|37\n|\n|t:|1768257208\n|move|p2a: Flygon|Earthquake|p1a: Alomomola\n|-damage|p1a: Alomomola|0 fnt\n|faint|p1a: Alomomola\n|\n|-heal|p2a: Flygon|249/268|[from] item: Leftovers\n|upkeep\n|\n|t:|1768257214\n|switch|p1a: Stantler|Stantler, L90, M|87/277\n|-ability|p1a: Stantler|Intimidate|boost\n|-unboost|p2a: Flygon|atk|1\n|turn|38\n|\n|t:|1768257218\n|move|p2a: Flygon|Earthquake|p1a: Stantler\n|-damage|p1a: Stantler|8/277\n|move|p1a: Stantler|Double-Edge|p2a: Flygon\n|-damage|p2a: Flygon|54/268\n|-damage|p1a: Stantler|0 fnt|[from] Recoil\n|faint|p1a: Stantler\n|\n|win|arboretums\n|raw|SpearPhish's rating: 1605 &rarr; <strong>1587</strong><br />(-18 for losing)\n|raw|arboretums's rating: 1633 &rarr; <strong>1651</strong><br />(+18 for winning)\n", "inputlog": ">version f2883557ca71b1a14bc1039fd307aee7de4ab455\n>start {\"formatid\":\"gen6randombattle\",\"seed\":\"sodium,22ef11b02026c6fcf81be32c25251890\",\"rated\":\"Rated battle\"}\n>player p1 {\"name\":\"SpearPhish\",\"avatar\":\"pryce\",\"rating\":1605,\"seed\":\"sodium,aa0d3142110fc926a357e7db1bf718fc\"}\n>player p2 {\"name\":\"arboretums\",\"avatar\":\"serena-masters2\",\"rating\":1633,\"seed\":\"sodium,c74972d9979e1e0947d9f2a3a9d4c4a7\"}\n>p1 move knockoff\n>p2 move thunderbolt\n>p1 move scald\n>p2 move thunderbolt\n>p1 switch 5\n>p2 move icebeam\n>p1 move fireblast\n>p2 move icebeam\n>p1 move uturn\n>p2 move icebeam\n>p1 switch 3\n>p1 move substitute\n>p2 move rest\n>p1 move calmmind\n>p2 switch 3\n>p1 move scald\n>p2 move bravebird\n>p1 move scald\n>p2 move toxic\n>p1 move scald\n>p2 switch 3\n>p1 switch 3\n>p2 move sleeptalk\n>p1 switch 6\n>p1 move quiverdance\n>p2 move sleeptalk\n>p1 move quiverdance\n>p2 move icebeam\n>p1 move bugbuzz\n>p2 move icebeam\n>p1 move bugbuzz\n>p2 move icebeam\n>p2 switch 2\n>p1 move bugbuzz\n>p2 move fakeout mega\n>p1 switch 4\n>p1 move willowisp\n>p2 switch 5\n>p1 move calmmind mega\n>p2 move scald\n>p1 move darkpulse\n>p2 move wish\n>p1 move calmmind\n>p2 switch 3\n>p1 move willowisp\n>p2 move bravebird\n>p1 switch 2\n>p2 move bravebird\n>p1 move thunderwave\n>p2 switch 3\n>p1 move doubleedge\n>p2 move scald\n>p2 switch 6\n>p1 switch 3\n>p2 move earthquake\n>p1 move scald\n>p2 switch 3\n>p1 move scald\n>p2 move scald\n>p1 move scald\n>p2 move roost\n>p1 switch 2\n>p1 move recover\n>p2 move scald\n>p1 switch 5\n>p1 move wish\n>p2 move toxic\n>p1 move knockoff\n>p2 move toxic\n>p1 move wish\n>p2 move roost\n>p1 switch 3\n>p2 move roost\n>p1 move doubleedge\n>p2 move scald\n>p2 switch 3\n>p1 switch 3\n>p2 move earthquake\n>p1 move scald\n>p2 move dracometeor\n>p1 move scald\n>p2 move earthquake\n>p1 switch 3\n>p1 move doubleedge\n>p2 move earthquake", "uploadtime": 1768257219, "views": 215, "formatid": "gen6randombattle", "rating": 1587, "private": 0, "password": null}