{"id": "gen6randombattle-2520003712", "format": "[Gen 6] Random Battle", "players": ["arboretums", "1337mudkip"], "log": "|j|☆arboretums\n|j|☆1337mudkip\n|t:|1768579131\n|gametype|singles\n|player|p1|arboretums|serena-masters2|1613\n|player|p2|1337mudkip|1|1578\n|gen|6\n|tier|[Gen 6] Random Battle\n|rated|\n|rule|Sleep Clause Mod: Limit one foe put to sleep\n|rule|HP Percentage Mod: HP is shown in percentages\n|rule|Illusion Level Mod: Illusion disguises the Pokémon's true level\n|\n|t:|1768579131\n|teamsize|p1|6\n|teamsize|p2|6\n|start\n|switch|p1a: Octillery|Octillery, L93, M|290/290\n|switch|p2a: Lickilicky|Lickilicky, L88, M|337/337\n|-ability|p2a: Lickilicky|Cloud Nine\n|turn|1\n|inactive|Battle timer is ON: inactive players will automatically lose when time's up. (requested by arboretums)\n|inactive|1337mudkip has 120 seconds left.\n|\n|t:|1768579179\n|switch|p1a: Hitmonchan|Hitmonchan, L86, M|226/226\n|move|p2a: Lickilicky|Body Slam|p1a: Hitmonchan\n|-damage|p1a: Hitmonchan|135/226\n|\n|upkeep\n|turn|2\n|inactive|1337mudkip has 120 seconds left.\n|\n|t:|1768579221\n|move|p2a: Lickilicky|Protect|p2a: Lickilicky\n|-singleturn|p2a: Lickilicky|Protect\n|move|p1a: Hitmonchan|Drain Punch|p2a: Lickilicky\n|-activate|p2a: Lickilicky|move: Protect\n|\n|upkeep\n|turn|3\n|\n|t:|1768579236\n|move|p1a: Hitmonchan|Ice Punch|p2a: Lickilicky\n|-damage|p2a: Lickilicky|276/337\n|move|p2a: Lickilicky|Body Slam|p1a: Hitmonchan\n|-damage|p1a: Hitmonchan|44/226\n|\n|-heal|p2a: Lickilicky|297/337|[from] item: Leftovers\n|upkeep\n|turn|4\n|inactive|1337mudkip has 90 seconds left.\n|\n|t:|1768579267\n|switch|p2a: Pinsir|Pinsir, L73, M|215/215\n|move|p1a: Hitmonchan|Drain Punch|p2a: Pinsir\n|-resisted|p2a: Pinsir\n|-damage|p2a: Pinsir|159/215\n|-heal|p1a: Hitmonchan|72/226|[from] drain|[of] p2a: Pinsir\n|\n|upkeep\n|turn|5\n|inactive|1337mudkip has 90 seconds left.\n|\n|t:|1768579279\n|detailschange|p2a: Pinsir|Pinsir-Mega, L73, M\n|-mega|p2a: Pinsir|Pinsir|Pinsirite\n|move|p2a: Pinsir|Quick Attack|p1a: Hitmonchan\n|-supereffective|p1a: Hitmonchan\n|-crit|p1a: Hitmonchan\n|-damage|p1a: Hitmonchan|0 fnt\n|faint|p1a: Hitmonchan\n|\n|upkeep\n|\n|t:|1768579284\n|switch|p1a: Pikachu|Pikachu, L91, M|212/212\n|turn|6\n|inactive|1337mudkip has 90 seconds left.\n|\n|t:|1768579319\n|switch|p2a: Lickilicky|Lickilicky, L88, M|297/337\n|-ability|p2a: Lickilicky|Cloud Nine\n|move|p1a: Pikachu|Volt Tackle|p2a: Lickilicky\n|-damage|p2a: Lickilicky|107/337\n|-damage|p1a: Pikachu|149/212|[from] Recoil\n|\n|-heal|p2a: Lickilicky|128/337|[from] item: Leftovers\n|upkeep\n|turn|7\n|\n|t:|1768579338\n|move|p2a: Lickilicky|Protect|p2a: Lickilicky\n|-singleturn|p2a: Lickilicky|Protect\n|move|p1a: Pikachu|Volt Tackle|p2a: Lickilicky\n|-activate|p2a: Lickilicky|move: Protect\n|\n|-heal|p2a: Lickilicky|149/337|[from] item: Leftovers\n|upkeep\n|turn|8\n|\n|t:|1768579352\n|switch|p2a: Cradily|Cradily, L89, F|298/298\n|move|p1a: Pikachu|Volt Tackle|p2a: Cradily\n|-resisted|p2a: Cradily\n|-damage|p2a: Cradily|208/298\n|-damage|p1a: Pikachu|119/212|[from] Recoil\n|\n|-heal|p2a: Cradily|226/298|[from] item: Leftovers\n|upkeep\n|turn|9\n|\n|t:|1768579363\n|switch|p1a: Kangaskhan|Kangaskhan, L71, F|267/267\n|move|p2a: Cradily|Giga Drain|p1a: Kangaskhan\n|-damage|p1a: Kangaskhan|177/267\n|-heal|p2a: Cradily|271/298|[from] drain|[of] p1a: Kangaskhan\n|\n|-heal|p2a: Cradily|289/298|[from] item: Leftovers\n|upkeep\n|turn|10\n|\n|t:|1768579377\n|detailschange|p1a: Kangaskhan|Kangaskhan-Mega, L71, F\n|-mega|p1a: Kangaskhan|Kangaskhan|Kangaskhanite\n|move|p1a: Kangaskhan|Power-Up Punch|p2a: Cradily\n|-supereffective|p2a: Cradily\n|-damage|p2a: Cradily|245/298\n|-boost|p1a: Kangaskhan|atk|1\n|-supereffective|p2a: Cradily\n|-damage|p2a: Cradily|213/298\n|-boost|p1a: Kangaskhan|atk|1\n|-hitcount|p2a: Cradily|2\n|move|p2a: Cradily|Giga Drain|p1a: Kangaskhan\n|-damage|p1a: Kangaskhan|92/267\n|-heal|p2a: Cradily|256/298|[from] drain|[of] p1a: Kangaskhan\n|\n|-heal|p2a: Cradily|274/298|[from] item: Leftovers\n|upkeep\n|turn|11\n|inactive|1337mudkip has 60 seconds left.\n|\n|t:|1768579393\n|move|p1a: Kangaskhan|Power-Up Punch|p2a: Cradily\n|-supereffective|p2a: Cradily\n|-damage|p2a: Cradily|182/298\n|-boost|p1a: Kangaskhan|atk|1\n|-supereffective|p2a: Cradily\n|-damage|p2a: Cradily|128/298\n|-boost|p1a: Kangaskhan|atk|1\n|-hitcount|p2a: Cradily|2\n|move|p2a: Cradily|Stone Edge|p1a: Kangaskhan\n|-damage|p1a: Kangaskhan|0 fnt\n|faint|p1a: Kangaskhan\n|detailschange|p1: Kangaskhan|Kangaskhan, L71, F|[silent]\n|\n|-heal|p2a: Cradily|146/298|[from] item: Leftovers\n|upkeep\n|\n|t:|1768579408\n|switch|p1a: Octillery|Octillery, L93, M|290/290\n|turn|12\n|\n|t:|1768579417\n|switch|p2a: Lickilicky|Lickilicky, L88, M|149/337\n|-ability|p2a: Lickilicky|Cloud Nine\n|move|p1a: Octillery|Fire Blast|p2a: Lickilicky\n|-damage|p2a: Lickilicky|57/337\n|-status|p2a: Lickilicky|brn\n|\n|-heal|p2a: Lickilicky|78/337 brn|[from] item: Leftovers\n|-damage|p2a: Lickilicky|36/337 brn|[from] brn\n|upkeep\n|turn|13\n|inactive|1337mudkip has 60 seconds left.\n|\n|t:|1768579439\n|move|p2a: Lickilicky|Wish|p2a: Lickilicky\n|move|p1a: Octillery|Fire Blast|p2a: Lickilicky\n|-damage|p2a: Lickilicky|0 fnt\n|faint|p2a: Lickilicky\n|\n|upkeep\n|inactive|1337mudkip has 60 seconds left.\n|inactive|1337mudkip has 30 seconds left.\n|\n|t:|1768579475\n|switch|p2a: Feraligatr|Feraligatr, L79, M|264/264\n|turn|14\n|\n|t:|1768579483\n|move|p2a: Feraligatr|Dragon Dance|p2a: Feraligatr\n|-boost|p2a: Feraligatr|atk|1\n|-boost|p2a: Feraligatr|spe|1\n|move|p1a: Octillery|Energy Ball|p2a: Feraligatr\n|-supereffective|p2a: Feraligatr\n|-damage|p2a: Feraligatr|92/264\n|\n|-heal|p2a: Feraligatr|260/264|[from] move: Wish|[wisher] Lickilicky\n|upkeep\n|turn|15\n|\n|t:|1768579497\n|move|p2a: Feraligatr|Crunch|p1a: Octillery\n|-damage|p1a: Octillery|161/290\n|move|p1a: Octillery|Energy Ball|p2a: Feraligatr\n|-supereffective|p2a: Feraligatr\n|-damage|p2a: Feraligatr|84/264\n|-unboost|p2a: Feraligatr|spd|1\n|\n|upkeep\n|turn|16\n|\n|t:|1768579507\n|move|p2a: Feraligatr|Crunch|p1a: Octillery\n|-damage|p1a: Octillery|22/290\n|move|p1a: Octillery|Energy Ball|p2a: Feraligatr\n|-supereffective|p2a: Feraligatr\n|-damage|p2a: Feraligatr|0 fnt\n|faint|p2a: Feraligatr\n|\n|upkeep\n|inactive|1337mudkip has 30 seconds left.\n|inactive|1337mudkip has 20 seconds left.\n|inactive|1337mudkip has 15 seconds left.\n|\n|t:|1768579539\n|switch|p2a: Luvdisc|Luvdisc, M|248/248\n|turn|17\n|inactive|1337mudkip has 25 seconds left this turn.\n|\n|t:|1768579548\n|move|p2a: Luvdisc|Scald|p1a: Octillery\n|-resisted|p1a: Octillery\n|-damage|p1a: Octillery|0 fnt\n|faint|p1a: Octillery\n|\n|upkeep\n|\n|t:|1768579555\n|switch|p1a: Articuno|Articuno, L84|287/287\n|-ability|p1a: Articuno|Pressure\n|turn|18\n|inactive|1337mudkip has 30 seconds left.\n|\n|t:|1768579568\n|move|p2a: Luvdisc|Toxic|p1a: Articuno\n|-status|p1a: Articuno|tox\n|move|p1a: Articuno|Substitute|p1a: Articuno\n|-start|p1a: Articuno|Substitute\n|-damage|p1a: Articuno|216/287 tox\n|\n|-heal|p1a: Articuno|233/287 tox|[from] item: Leftovers\n|-damage|p1a: Articuno|216/287 tox|[from] psn\n|upkeep\n|turn|19\n|\n|t:|1768579576\n|move|p2a: Luvdisc|Protect|p2a: Luvdisc\n|-singleturn|p2a: Luvdisc|Protect\n|move|p1a: Articuno|Freeze-Dry|p2a: Luvdisc\n|-activate|p2a: Luvdisc|move: Protect\n|\n|-heal|p1a: Articuno|233/287 tox|[from] item: Leftovers\n|-damage|p1a: Articuno|199/287 tox|[from] psn\n|upkeep\n|turn|20\n|\n|t:|1768579585\n|move|p2a: Luvdisc|Substitute|p2a: Luvdisc\n|-start|p2a: Luvdisc|Substitute\n|-damage|p2a: Luvdisc|186/248\n|move|p1a: Articuno|Freeze-Dry|p2a: Luvdisc\n|-supereffective|p2a: Luvdisc\n|-end|p2a: Luvdisc|Substitute\n|\n|-heal|p2a: Luvdisc|201/248|[from] item: Leftovers\n|-heal|p1a: Articuno|216/287 tox|[from] item: Leftovers\n|-damage|p1a: Articuno|165/287 tox|[from] psn\n|upkeep\n|turn|21\n|\n|t:|1768579595\n|move|p2a: Luvdisc|Substitute|p2a: Luvdisc\n|-start|p2a: Luvdisc|Substitute\n|-damage|p2a: Luvdisc|139/248\n|move|p1a: Articuno|Roost|p1a: Articuno\n|-heal|p1a: Articuno|287/287 tox\n|-singleturn|p1a: Articuno|move: Roost\n|\n|-heal|p2a: Luvdisc|154/248|[from] item: Leftovers\n|-damage|p1a: Articuno|219/287 tox|[from] psn\n|upkeep\n|turn|22\n|j| RNGgivethRNGtaketh\n|\n|t:|1768579605\n|move|p2a: Luvdisc|Protect|p2a: Luvdisc\n|-singleturn|p2a: Luvdisc|Protect\n|move|p1a: Articuno|Freeze-Dry|p2a: Luvdisc\n|-activate|p2a: Luvdisc|move: Protect\n|\n|-heal|p2a: Luvdisc|169/248|[from] item: Leftovers\n|-heal|p1a: Articuno|236/287 tox|[from] item: Leftovers\n|-damage|p1a: Articuno|151/287 tox|[from] psn\n|upkeep\n|turn|23\n|\n|t:|1768579618\n|move|p2a: Luvdisc|Protect||[still]\n|-fail|p2a: Luvdisc\n|move|p1a: Articuno|Freeze-Dry|p2a: Luvdisc\n|-supereffective|p2a: Luvdisc\n|-end|p2a: Luvdisc|Substitute\n|\n|-heal|p2a: Luvdisc|184/248|[from] item: Leftovers\n|-heal|p1a: Articuno|168/287 tox|[from] item: Leftovers\n|-damage|p1a: Articuno|66/287 tox|[from] psn\n|upkeep\n|turn|24\n|\n|t:|1768579627\n|move|p2a: Luvdisc|Substitute|p2a: Luvdisc\n|-start|p2a: Luvdisc|Substitute\n|-damage|p2a: Luvdisc|122/248\n|move|p1a: Articuno|Freeze-Dry|p2a: Luvdisc\n|-supereffective|p2a: Luvdisc\n|-end|p2a: Luvdisc|Substitute\n|\n|-heal|p2a: Luvdisc|137/248|[from] item: Leftovers\n|-heal|p1a: Articuno|83/287 tox|[from] item: Leftovers\n|-damage|p1a: Articuno|0 fnt|[from] psn\n|faint|p1a: Articuno\n|upkeep\n|\n|t:|1768579631\n|switch|p1a: Pikachu|Pikachu, L91, M|119/212\n|turn|25\n|inactive|1337mudkip has 60 seconds left.\n|\n|t:|1768579646\n|move|p2a: Luvdisc|Scald|p1a: Pikachu\n|-damage|p1a: Pikachu|23/212\n|-status|p1a: Pikachu|brn\n|move|p1a: Pikachu|Volt Tackle|p2a: Luvdisc\n|-supereffective|p2a: Luvdisc\n|-damage|p2a: Luvdisc|0 fnt\n|faint|p2a: Luvdisc\n|-damage|p1a: Pikachu|0 fnt|[from] Recoil\n|faint|p1a: Pikachu\n|\n|upkeep\n|\n|t:|1768579660\n|switch|p2a: Pinsir|Pinsir-Mega, L73, M|159/215\n|switch|p1a: Giratina|Giratina, L73|339/339\n|-ability|p1a: Giratina|Pressure\n|turn|26\n|\n|t:|1768579674\n|move|p2a: Pinsir|Return|p1a: Giratina\n|-damage|p1a: Giratina|188/339\n|move|p1a: Giratina|Dragon Tail|p2a: Pinsir\n|-damage|p2a: Pinsir|116/215\n|drag|p2a: Cradily|Cradily, L89, F|146/298\n|\n|-heal|p1a: Giratina|209/339|[from] item: Leftovers\n|-heal|p2a: Cradily|164/298|[from] item: Leftovers\n|upkeep\n|turn|27\n|\n|t:|1768579684\n|move|p1a: Giratina|Shadow Ball|p2a: Cradily\n|-damage|p2a: Cradily|107/298\n|move|p2a: Cradily|Toxic|p1a: Giratina|[miss]\n|-miss|p2a: Cradily|p1a: Giratina\n|\n|-heal|p1a: Giratina|230/339|[from] item: Leftovers\n|-heal|p2a: Cradily|125/298|[from] item: Leftovers\n|upkeep\n|turn|28\n|\n|t:|1768579692\n|move|p1a: Giratina|Shadow Ball|p2a: Cradily\n|-damage|p2a: Cradily|71/298\n|move|p2a: Cradily|Recover|p2a: Cradily\n|-heal|p2a: Cradily|220/298\n|\n|-heal|p1a: Giratina|251/339|[from] item: Leftovers\n|-heal|p2a: Cradily|238/298|[from] item: Leftovers\n|upkeep\n|turn|29\n|inactive|1337mudkip has 60 seconds left.\n|\n|t:|1768579700\n|move|p1a: Giratina|Shadow Ball|p2a: Cradily\n|-damage|p2a: Cradily|186/298\n|-unboost|p2a: Cradily|spd|1\n|move|p2a: Cradily|Stone Edge|p1a: Giratina\n|-damage|p1a: Giratina|157/339\n|\n|-heal|p1a: Giratina|178/339|[from] item: Leftovers\n|-heal|p2a: Cradily|204/298|[from] item: Leftovers\n|upkeep\n|turn|30\n|\n|t:|1768579712\n|move|p1a: Giratina|Shadow Ball|p2a: Cradily\n|-damage|p2a: Cradily|122/298\n|move|p2a: Cradily|Toxic|p1a: Giratina\n|-status|p1a: Giratina|tox\n|\n|-heal|p1a: Giratina|199/339 tox|[from] item: Leftovers\n|-heal|p2a: Cradily|140/298|[from] item: Leftovers\n|-damage|p1a: Giratina|178/339 tox|[from] psn\n|upkeep\n|turn|31\n|\n|t:|1768579723\n|move|p1a: Giratina|Shadow Ball|p2a: Cradily\n|-damage|p2a: Cradily|53/298\n|-unboost|p2a: Cradily|spd|1\n|move|p2a: Cradily|Recover|p2a: Cradily\n|-heal|p2a: Cradily|202/298\n|\n|-heal|p1a: Giratina|199/339 tox|[from] item: Leftovers\n|-heal|p2a: Cradily|220/298|[from] item: Leftovers\n|-damage|p1a: Giratina|157/339 tox|[from] psn\n|upkeep\n|turn|32\n|\n|t:|1768579733\n|move|p1a: Giratina|Shadow Ball|p2a: Cradily\n|-crit|p2a: Cradily\n|-damage|p2a: Cradily|69/298\n|move|p2a: Cradily|Stone Edge|p1a: Giratina|[miss]\n|-miss|p2a: Cradily|p1a: Giratina\n|\n|-heal|p1a: Giratina|178/339 tox|[from] item: Leftovers\n|-heal|p2a: Cradily|87/298|[from] item: Leftovers\n|-damage|p1a: Giratina|115/339 tox|[from] psn\n|upkeep\n|turn|33\n|\n|t:|1768579742\n|move|p1a: Giratina|Rest|p1a: Giratina\n|-status|p1a: Giratina|slp|[from] move: Rest\n|-heal|p1a: Giratina|339/339 slp|[silent]\n|move|p2a: Cradily|Stone Edge|p1a: Giratina\n|-damage|p1a: Giratina|249/339 slp\n|\n|-heal|p1a: Giratina|270/339 slp|[from] item: Leftovers\n|-heal|p2a: Cradily|105/298|[from] item: Leftovers\n|upkeep\n|turn|34\n|\n|t:|1768579754\n|cant|p1a: Giratina|slp\n|move|p1a: Giratina|Sleep Talk|p1a: Giratina\n|move|p1a: Giratina|Dragon Tail|p2a: Cradily|[from] move: Sleep Talk\n|-damage|p2a: Cradily|57/298\n|drag|p2a: Pinsir|Pinsir-Mega, L73, M|116/215\n|\n|-heal|p1a: Giratina|291/339 slp|[from] item: Leftovers\n|upkeep\n|turn|35\n|\n|t:|1768579769\n|move|p2a: Pinsir|Swords Dance|p2a: Pinsir\n|-boost|p2a: Pinsir|atk|2\n|cant|p1a: Giratina|slp\n|move|p1a: Giratina|Sleep Talk|p1a: Giratina\n|move|p1a: Giratina|Shadow Ball|p2a: Pinsir|[from] move: Sleep Talk\n|-damage|p2a: Pinsir|40/215\n|\n|-heal|p1a: Giratina|312/339 slp|[from] item: Leftovers\n|upkeep\n|turn|36\n|\n|t:|1768579778\n|move|p2a: Pinsir|Return|p1a: Giratina\n|-damage|p1a: Giratina|48/339 slp\n|-curestatus|p1a: Giratina|slp|[msg]\n|move|p1a: Giratina|Shadow Ball|p2a: Pinsir\n|-damage|p2a: Pinsir|0 fnt\n|faint|p2a: Pinsir\n|detailschange|p2: Pinsir|Pinsir, L73, M|[silent]\n|\n|-heal|p1a: Giratina|69/339|[from] item: Leftovers\n|upkeep\n|inactive|1337mudkip has 60 seconds left.\n|\n|t:|1768579808\n|switch|p2a: Bouffalant|Bouffalant, L87, F|307/307\n|turn|37\n|inactive|1337mudkip has 60 seconds left.\n|\n|t:|1768579824\n|move|p1a: Giratina|Rest|p1a: Giratina\n|-status|p1a: Giratina|slp|[from] move: Rest\n|-heal|p1a: Giratina|339/339 slp|[silent]\n|move|p2a: Bouffalant|Earthquake|p1a: Giratina\n|-damage|p1a: Giratina|225/339 slp\n|\n|-heal|p1a: Giratina|246/339 slp|[from] item: Leftovers\n|upkeep\n|turn|38\n|inactive|1337mudkip has 60 seconds left.\n|\n|t:|1768579832\n|cant|p1a: Giratina|slp\n|move|p1a: Giratina|Sleep Talk|p1a: Giratina\n|move|p1a: Giratina|Rest||[from] move: Sleep Talk|[still]\n|-fail|p1a: Giratina\n|move|p2a: Bouffalant|Earthquake|p1a: Giratina\n|-damage|p1a: Giratina|128/339 slp\n|\n|-heal|p1a: Giratina|149/339 slp|[from] item: Leftovers\n|upkeep\n|turn|39\n|\n|t:|1768579840\n|cant|p1a: Giratina|slp\n|move|p1a: Giratina|Sleep Talk|p1a: Giratina\n|move|p1a: Giratina|Rest||[from] move: Sleep Talk|[still]\n|-fail|p1a: Giratina\n|move|p2a: Bouffalant|Earthquake|p1a: Giratina\n|-damage|p1a: Giratina|28/339 slp\n|\n|-heal|p1a: Giratina|49/339 slp|[from] item: Leftovers\n|upkeep\n|turn|40\n|inactive|1337mudkip has 60 seconds left.\n|\n|t:|1768579857\n|-curestatus|p1a: Giratina|slp|[msg]\n|move|p1a: Giratina|Rest|p1a: Giratina\n|-status|p1a: Giratina|slp|[from] move: Rest\n|-heal|p1a: Giratina|339/339 slp|[silent]\n|move|p2a: Bouffalant|Earthquake|p1a: Giratina\n|-damage|p1a: Giratina|218/339 slp\n|\n|-heal|p1a: Giratina|239/339 slp|[from] item: Leftovers\n|upkeep\n|turn|41\n|\n|t:|1768579866\n|cant|p1a: Giratina|slp\n|move|p1a: Giratina|Sleep Talk|p1a: Giratina\n|move|p1a: Giratina|Dragon Tail|p2a: Bouffalant|[from] move: Sleep Talk\n|-crit|p2a: Bouffalant\n|-damage|p2a: Bouffalant|243/307\n|drag|p2a: Cradily|Cradily, L89, F|57/298\n|\n|-heal|p1a: Giratina|260/339 slp|[from] item: Leftovers\n|-heal|p2a: Cradily|75/298|[from] item: Leftovers\n|upkeep\n|turn|42\n|\n|t:|1768579876\n|cant|p1a: Giratina|slp\n|move|p1a: Giratina|Sleep Talk|p1a: Giratina\n|move|p1a: Giratina|Dragon Tail|p2a: Cradily|[from] move: Sleep Talk\n|-damage|p2a: Cradily|30/298\n|drag|p2a: Bouffalant|Bouffalant, L87, F|243/307\n|\n|-heal|p1a: Giratina|281/339 slp|[from] item: Leftovers\n|upkeep\n|turn|43\n|\n|t:|1768579885\n|move|p2a: Bouffalant|Stone Edge|p1a: Giratina\n|-damage|p1a: Giratina|177/339 slp\n|-curestatus|p1a: Giratina|slp|[msg]\n|move|p1a: Giratina|Dragon Tail|p2a: Bouffalant\n|-damage|p2a: Bouffalant|198/307\n|drag|p2a: Cradily|Cradily, L89, F|30/298\n|\n|-heal|p1a: Giratina|198/339|[from] item: Leftovers\n|-heal|p2a: Cradily|48/298|[from] item: Leftovers\n|upkeep\n|turn|44\n|-message|1337mudkip forfeited.\n|\n|win|arboretums\n|raw|arboretums's rating: 1613 &rarr; <strong>1631</strong><br />(+18 for winning)\n|raw|1337mudkip's rating: 1578 &rarr; <strong>1560</strong><br />(-18 for losing)\n|l|☆1337mudkip\n|player|p2|\n", "inputlog": ">version 3bd1a1e329da8d286644078cfc9a9638fc7ea025\n>start {\"formatid\":\"gen6randombattle\",\"seed\":\"sodium,f7e363aea28317f40b0522eb369112a3\",\"rated\":\"Rated battle\"}\n>player p1 {\"name\":\"arboretums\",\"avatar\":\"serena-masters2\",\"rating\":1613,\"seed\":\"sodium,86af8fd5db3a1e511faa64ca97a53134\"}\n>player p2 {\"name\":\"1337mudkip\",\"avatar\":\"1\",\"rating\":1578,\"seed\":\"sodium,7f35549f9e5efa285fcda861ef9ae9af\"}\n>p1 switch 3\n>p2 move bodyslam\n>p1 move drainpunch\n>p2 move protect\n>p1 move icepunch\n>p2 move bodyslam\n>p1 move drainpunch\n>p2 switch 5\n>p1 move icepunch\n>p2 move quickattack mega\n>p1 switch 6\n>p1 move volttackle\n>p2 switch 5\n>p1 move volttackle\n>p2 move protect\n>p1 move volttackle\n>p2 switch 6\n>p1 switch 2\n>p2 move gigadrain\n>p1 move poweruppunch mega\n>p2 move gigadrain\n>p1 move poweruppunch\n>p2 move stoneedge\n>p1 switch 3\n>p1 move fireblast\n>p2 switch 6\n>p1 move fireblast\n>p2 move wish\n>p2 switch 3\n>p1 move energyball\n>p2 move dragondance\n>p1 move energyball\n>p2 move crunch\n>p1 move energyball\n>p2 move crunch\n>p2 switch 4\n>p1 move energyball\n>p2 move scald\n>p1 switch 4\n>p1 move substitute\n>p2 move toxic\n>p1 move freezedry\n>p2 move protect\n>p1 move freezedry\n>p2 move substitute\n>p1 move roost\n>p2 move substitute\n>p1 move freezedry\n>p2 move protect\n>p1 move freezedry\n>p2 move protect\n>p1 move freezedry\n>p2 move substitute\n>p1 switch 2\n>p1 move volttackle\n>p2 move scald\n>p1 switch 5\n>p2 switch 5\n>p1 move dragontail\n>p2 move return\n>p1 move shadowball\n>p2 move toxic\n>p1 move shadowball\n>p2 move recover\n>p1 move shadowball\n>p2 move stoneedge\n>p1 move shadowball\n>p2 move toxic\n>p1 move shadowball\n>p2 move recover\n>p1 move shadowball\n>p2 move stoneedge\n>p1 move rest\n>p2 move stoneedge\n>p1 move sleeptalk\n>p2 move recover\n>p1 move sleeptalk\n>p2 move swordsdance\n>p1 move shadowball\n>p2 move return\n>p2 switch 2\n>p1 move rest\n>p2 move earthquake\n>p1 move sleeptalk\n>p2 move earthquake\n>p1 move sleeptalk\n>p2 move earthquake\n>p1 move rest\n>p2 move earthquake\n>p1 move sleeptalk\n>p2 move earthquake\n>p1 move sleeptalk\n>p2 move recover\n>p1 move dragontail\n>p2 move stoneedge\n>forcelose p2", "uploadtime": 1768579895, "views": 289, "formatid": "gen6randombattle", "rating": 1560, "private": 0, "password": null}