{"id": "gen6randombattle-2540663665", "format": "[Gen 6] Random Battle", "players": ["Blatjanglover", "sleeplikebaby"], "log": "|j|☆Blatjanglover\n|j|☆sleeplikebaby\n|t:|1771236444\n|gametype|singles\n|player|p1|Blatjanglover|brock|1566\n|player|p2|sleeplikebaby|bianca|1602\n|gen|6\n|tier|[Gen 6] Random Battle\n|rated|\n|rule|Sleep Clause Mod: Limit one foe put to sleep\n|rule|HP Percentage Mod: HP is shown in percentages\n|rule|Illusion Level Mod: Illusion disguises the Pokémon's true level\n|\n|t:|1771236444\n|teamsize|p1|6\n|teamsize|p2|6\n|start\n|switch|p1a: Eelektross|Eelektross, L85, F|283/283\n|switch|p2a: Tropius|Tropius, L94, M|336/336\n|turn|1\n|\n|t:|1771236470\n|move|p2a: Tropius|Substitute|p2a: Tropius\n|-start|p2a: Tropius|Substitute\n|-damage|p2a: Tropius|252/336\n|move|p1a: Eelektross|Hidden Power|p2a: Tropius\n|-supereffective|p2a: Tropius\n|-end|p2a: Tropius|Substitute\n|\n|upkeep\n|turn|2\n|\n|t:|1771236479\n|move|p2a: Tropius|Leech Seed|p1a: Eelektross\n|-start|p1a: Eelektross|move: Leech Seed\n|move|p1a: Eelektross|Hidden Power|p2a: Tropius\n|-supereffective|p2a: Tropius\n|-damage|p2a: Tropius|84/336\n|-enditem|p2a: Tropius|Sitrus Berry|[eat]\n|-heal|p2a: Tropius|168/336|[from] item: Sitrus Berry\n|\n|-damage|p1a: Eelektross|248/283|[from] Leech Seed|[of] p2a: Tropius\n|-heal|p2a: Tropius|203/336|[silent]\n|-item|p2a: Tropius|Sitrus Berry|[from] ability: Harvest\n|upkeep\n|turn|3\n|\n|t:|1771236484\n|switch|p1a: Bouffalant|Bouffalant, L87, F|307/307\n|move|p2a: Tropius|Substitute|p2a: Tropius\n|-start|p2a: Tropius|Substitute\n|-damage|p2a: Tropius|119/336\n|-enditem|p2a: Tropius|Sitrus Berry|[eat]\n|-heal|p2a: Tropius|203/336|[from] item: Sitrus Berry\n|\n|upkeep\n|turn|4\n|\n|t:|1771236498\n|switch|p2a: Emboar|Emboar, L83, F|318/318\n|move|p1a: Bouffalant|Head Charge|p2a: Emboar\n|-damage|p2a: Emboar|17/318\n|-damage|p1a: Bouffalant|232/307|[from] Recoil\n|\n|upkeep\n|turn|5\n|\n|t:|1771236510\n|switch|p1a: Gyarados|Gyarados, L74, F|263/263\n|-ability|p1a: Gyarados|Intimidate|boost\n|-unboost|p2a: Emboar|atk|1\n|move|p2a: Emboar|Superpower|p1a: Gyarados\n|-resisted|p1a: Gyarados\n|-damage|p1a: Gyarados|203/263\n|-unboost|p2a: Emboar|atk|1\n|-unboost|p2a: Emboar|def|1\n|\n|upkeep\n|turn|6\n|\n|t:|1771236525\n|move|p1a: Gyarados|Substitute|p1a: Gyarados\n|-start|p1a: Gyarados|Substitute\n|-damage|p1a: Gyarados|138/263\n|move|p2a: Emboar|Wild Charge|p1a: Gyarados\n|-supereffective|p1a: Gyarados\n|-end|p1a: Gyarados|Substitute\n|-damage|p2a: Emboar|1/318|[from] Recoil|[of] p1a: Gyarados\n|\n|upkeep\n|turn|7\n|\n|t:|1771236544\n|switch|p1a: Kingdra|Kingdra, L84, F|263/263\n|switch|p2a: Tropius|Tropius, L94, M|203/336\n|\n|upkeep\n|turn|8\n|\n|t:|1771236556\n|switch|p1a: Bouffalant|Bouffalant, L87, F|232/307\n|move|p2a: Tropius|Leech Seed|p1a: Bouffalant\n|-ability|p1a: Bouffalant|Sap Sipper|boost\n|-boost|p1a: Bouffalant|atk|1\n|\n|-item|p2a: Tropius|Sitrus Berry|[from] ability: Harvest\n|upkeep\n|turn|9\n|\n|t:|1771236565\n|move|p2a: Tropius|Substitute|p2a: Tropius\n|-start|p2a: Tropius|Substitute\n|-damage|p2a: Tropius|119/336\n|-enditem|p2a: Tropius|Sitrus Berry|[eat]\n|-heal|p2a: Tropius|203/336|[from] item: Sitrus Berry\n|move|p1a: Bouffalant|Head Charge|p2a: Tropius\n|-end|p2a: Tropius|Substitute\n|-damage|p1a: Bouffalant|211/307|[from] Recoil|[of] p2a: Tropius\n|\n|upkeep\n|turn|10\n|\n|t:|1771236572\n|move|p2a: Tropius|Protect|p2a: Tropius\n|-singleturn|p2a: Tropius|Protect\n|move|p1a: Bouffalant|Head Charge|p2a: Tropius\n|-activate|p2a: Tropius|move: Protect\n|\n|-item|p2a: Tropius|Sitrus Berry|[from] ability: Harvest\n|upkeep\n|turn|11\n|\n|t:|1771236575\n|move|p2a: Tropius|Substitute|p2a: Tropius\n|-start|p2a: Tropius|Substitute\n|-damage|p2a: Tropius|119/336\n|-enditem|p2a: Tropius|Sitrus Berry|[eat]\n|-heal|p2a: Tropius|203/336|[from] item: Sitrus Berry\n|move|p1a: Bouffalant|Head Charge|p2a: Tropius\n|-end|p2a: Tropius|Substitute\n|-damage|p1a: Bouffalant|190/307|[from] Recoil|[of] p2a: Tropius\n|\n|upkeep\n|turn|12\n|\n|t:|1771236578\n|move|p2a: Tropius|Protect|p2a: Tropius\n|-singleturn|p2a: Tropius|Protect\n|move|p1a: Bouffalant|Head Charge|p2a: Tropius\n|-activate|p2a: Tropius|move: Protect\n|\n|-item|p2a: Tropius|Sitrus Berry|[from] ability: Harvest\n|upkeep\n|turn|13\n|\n|t:|1771236580\n|move|p2a: Tropius|Substitute|p2a: Tropius\n|-start|p2a: Tropius|Substitute\n|-damage|p2a: Tropius|119/336\n|-enditem|p2a: Tropius|Sitrus Berry|[eat]\n|-heal|p2a: Tropius|203/336|[from] item: Sitrus Berry\n|move|p1a: Bouffalant|Head Charge|p2a: Tropius\n|-end|p2a: Tropius|Substitute\n|-damage|p1a: Bouffalant|169/307|[from] Recoil|[of] p2a: Tropius\n|\n|upkeep\n|turn|14\n|\n|t:|1771236591\n|move|p2a: Tropius|Substitute|p2a: Tropius\n|-start|p2a: Tropius|Substitute\n|-damage|p2a: Tropius|119/336\n|move|p1a: Bouffalant|Head Charge|p2a: Tropius\n|-end|p2a: Tropius|Substitute\n|-damage|p1a: Bouffalant|148/307|[from] Recoil|[of] p2a: Tropius\n|\n|upkeep\n|turn|15\n|\n|t:|1771236595\n|move|p2a: Tropius|Protect|p2a: Tropius\n|-singleturn|p2a: Tropius|Protect\n|move|p1a: Bouffalant|Head Charge|p2a: Tropius\n|-activate|p2a: Tropius|move: Protect\n|\n|-item|p2a: Tropius|Sitrus Berry|[from] ability: Harvest\n|upkeep\n|-enditem|p2a: Tropius|Sitrus Berry|[eat]\n|-heal|p2a: Tropius|203/336|[from] item: Sitrus Berry\n|turn|16\n|\n|t:|1771236600\n|move|p2a: Tropius|Substitute|p2a: Tropius\n|-start|p2a: Tropius|Substitute\n|-damage|p2a: Tropius|119/336\n|move|p1a: Bouffalant|Head Charge|p2a: Tropius\n|-end|p2a: Tropius|Substitute\n|-damage|p1a: Bouffalant|127/307|[from] Recoil|[of] p2a: Tropius\n|\n|upkeep\n|turn|17\n|\n|t:|1771236603\n|switch|p1a: Eelektross|Eelektross, L85, F|248/283\n|move|p2a: Tropius|Protect||[still]\n|-fail|p2a: Tropius\n|\n|upkeep\n|turn|18\n|\n|t:|1771236608\n|move|p2a: Tropius|Protect|p2a: Tropius\n|-singleturn|p2a: Tropius|Protect\n|move|p1a: Eelektross|Hidden Power|p2a: Tropius\n|-activate|p2a: Tropius|move: Protect\n|\n|upkeep\n|turn|19\n|\n|t:|1771236614\n|move|p2a: Tropius|Substitute|p2a: Tropius\n|-start|p2a: Tropius|Substitute\n|-damage|p2a: Tropius|35/336\n|move|p1a: Eelektross|Discharge|p2a: Tropius\n|-activate|p2a: Tropius|move: Substitute|[damage]\n|\n|upkeep\n|turn|20\n|\n|t:|1771236618\n|move|p2a: Tropius|Air Slash|p1a: Eelektross\n|-resisted|p1a: Eelektross\n|-damage|p1a: Eelektross|221/283\n|move|p1a: Eelektross|Discharge|p2a: Tropius\n|-end|p2a: Tropius|Substitute\n|\n|upkeep\n|turn|21\n|\n|t:|1771236628\n|move|p2a: Tropius|Protect|p2a: Tropius\n|-singleturn|p2a: Tropius|Protect\n|move|p1a: Eelektross|Discharge|p2a: Tropius\n|-activate|p2a: Tropius|move: Protect\n|\n|-item|p2a: Tropius|Sitrus Berry|[from] ability: Harvest\n|upkeep\n|-enditem|p2a: Tropius|Sitrus Berry|[eat]\n|-heal|p2a: Tropius|119/336|[from] item: Sitrus Berry\n|turn|22\n|\n|t:|1771236647\n|switch|p2a: Gastrodon|Gastrodon-East, L86, F|331/331\n|move|p1a: Eelektross|Hidden Power|p2a: Gastrodon\n|-damage|p2a: Gastrodon|283/331\n|\n|-heal|p2a: Gastrodon|303/331|[from] item: Leftovers\n|upkeep\n|turn|23\n|\n|t:|1771236651\n|switch|p2a: Umbreon|Umbreon, L83, F|293/293\n|move|p1a: Eelektross|Giga Drain|p2a: Umbreon\n|-damage|p2a: Umbreon|251/293\n|-heal|p1a: Eelektross|242/283|[from] drain|[of] p2a: Umbreon\n|\n|-heal|p2a: Umbreon|269/293|[from] item: Leftovers\n|upkeep\n|turn|24\n|\n|t:|1771236655\n|move|p2a: Umbreon|Toxic|p1a: Eelektross\n|-status|p1a: Eelektross|tox\n|move|p1a: Eelektross|Discharge||[still]\n|-damage|p2a: Umbreon|199/293\n|-status|p2a: Umbreon|par\n|-activate|p2a: Umbreon|ability: Synchronize\n|-fail|p2a: Umbreon\n|\n|-heal|p2a: Umbreon|217/293 par|[from] item: Leftovers\n|-damage|p1a: Eelektross|225/283 tox|[from] psn\n|upkeep\n|turn|25\n|\n|t:|1771236664\n|move|p1a: Eelektross|U-turn|p2a: Umbreon\n|-supereffective|p2a: Umbreon\n|-crit|p2a: Umbreon\n|-damage|p2a: Umbreon|67/293 par\n|\n|t:|1771236667\n|switch|p1a: Bouffalant|Bouffalant, L87, F|127/307|[from] U-turn\n|move|p2a: Umbreon|Heal Bell|p2a: Umbreon\n|-activate|p2a: Umbreon|move: Heal Bell\n|-curestatus|p2a: Umbreon|par|[msg]\n|\n|-heal|p2a: Umbreon|85/293|[from] item: Leftovers\n|upkeep\n|turn|26\n|\n|t:|1771236680\n|move|p2a: Umbreon|Moonlight|p2a: Umbreon\n|-heal|p2a: Umbreon|231/293\n|move|p1a: Bouffalant|Head Charge|p2a: Umbreon\n|-damage|p2a: Umbreon|36/293\n|-damage|p1a: Bouffalant|78/307|[from] Recoil\n|\n|-heal|p2a: Umbreon|54/293|[from] item: Leftovers\n|upkeep\n|turn|27\n|\n|t:|1771236695\n|switch|p2a: Magnezone|Magnezone, L82|249/249\n|move|p1a: Bouffalant|Head Charge|p2a: Magnezone\n|-resisted|p2a: Magnezone\n|-crit|p2a: Magnezone\n|-damage|p2a: Magnezone|99/249\n|-damage|p1a: Bouffalant|40/307|[from] Recoil\n|\n|upkeep\n|turn|28\n|\n|t:|1771236708\n|switch|p2a: Umbreon|Umbreon, L83, F|54/293\n|move|p1a: Bouffalant|Head Charge|p2a: Umbreon\n|-damage|p2a: Umbreon|0 fnt\n|faint|p2a: Umbreon\n|-damage|p1a: Bouffalant|26/307|[from] Recoil\n|\n|upkeep\n|\n|t:|1771236725\n|switch|p2a: Tropius|Tropius, L94, M|119/336\n|turn|29\n|\n|t:|1771236732\n|move|p2a: Tropius|Protect|p2a: Tropius\n|-singleturn|p2a: Tropius|Protect\n|move|p1a: Bouffalant|Head Charge|p2a: Tropius\n|-activate|p2a: Tropius|move: Protect\n|\n|-item|p2a: Tropius|Sitrus Berry|[from] ability: Harvest\n|upkeep\n|-enditem|p2a: Tropius|Sitrus Berry|[eat]\n|-heal|p2a: Tropius|203/336|[from] item: Sitrus Berry\n|turn|30\n|\n|t:|1771236737\n|move|p2a: Tropius|Substitute|p2a: Tropius\n|-start|p2a: Tropius|Substitute\n|-damage|p2a: Tropius|119/336\n|move|p1a: Bouffalant|Head Charge|p2a: Tropius\n|-end|p2a: Tropius|Substitute\n|-damage|p1a: Bouffalant|5/307|[from] Recoil|[of] p2a: Tropius\n|\n|upkeep\n|turn|31\n|\n|t:|1771236742\n|move|p2a: Tropius|Protect|p2a: Tropius\n|-singleturn|p2a: Tropius|Protect\n|move|p1a: Bouffalant|Head Charge|p2a: Tropius\n|-activate|p2a: Tropius|move: Protect\n|\n|-item|p2a: Tropius|Sitrus Berry|[from] ability: Harvest\n|upkeep\n|-enditem|p2a: Tropius|Sitrus Berry|[eat]\n|-heal|p2a: Tropius|203/336|[from] item: Sitrus Berry\n|turn|32\n|\n|t:|1771236747\n|move|p2a: Tropius|Air Slash|p1a: Bouffalant\n|-damage|p1a: Bouffalant|0 fnt\n|faint|p1a: Bouffalant\n|\n|upkeep\n|\n|t:|1771236769\n|switch|p1a: Eelektross|Eelektross, L85, F|225/283 tox\n|turn|33\n|\n|t:|1771236781\n|move|p2a: Tropius|Protect|p2a: Tropius\n|-singleturn|p2a: Tropius|Protect\n|move|p1a: Eelektross|Hidden Power|p2a: Tropius\n|-activate|p2a: Tropius|move: Protect\n|\n|-damage|p1a: Eelektross|208/283 tox|[from] psn\n|-item|p2a: Tropius|Sitrus Berry|[from] ability: Harvest\n|upkeep\n|turn|34\n|\n|t:|1771236787\n|move|p2a: Tropius|Leech Seed|p1a: Eelektross\n|-start|p1a: Eelektross|move: Leech Seed\n|move|p1a: Eelektross|Hidden Power|p2a: Tropius\n|-supereffective|p2a: Tropius\n|-damage|p2a: Tropius|39/336\n|-enditem|p2a: Tropius|Sitrus Berry|[eat]\n|-heal|p2a: Tropius|123/336|[from] item: Sitrus Berry\n|\n|-damage|p1a: Eelektross|173/283 tox|[from] Leech Seed|[of] p2a: Tropius\n|-heal|p2a: Tropius|158/336|[silent]\n|-damage|p1a: Eelektross|139/283 tox|[from] psn\n|upkeep\n|turn|35\n|\n|t:|1771236791\n|switch|p1a: Vivillon|Vivillon, L83, M|267/267\n|move|p2a: Tropius|Substitute|p2a: Tropius\n|-start|p2a: Tropius|Substitute\n|-damage|p2a: Tropius|74/336\n|\n|upkeep\n|turn|36\n|\n|t:|1771236803\n|move|p2a: Tropius|Protect|p2a: Tropius\n|-singleturn|p2a: Tropius|Protect\n|move|p1a: Vivillon|Hurricane|p2a: Tropius\n|-activate|p2a: Tropius|move: Protect\n|\n|-item|p2a: Tropius|Sitrus Berry|[from] ability: Harvest\n|upkeep\n|-enditem|p2a: Tropius|Sitrus Berry|[eat]\n|-heal|p2a: Tropius|158/336|[from] item: Sitrus Berry\n|turn|37\n|\n|t:|1771236805\n|move|p1a: Vivillon|Hurricane|p2a: Tropius\n|-supereffective|p2a: Tropius\n|-end|p2a: Tropius|Substitute\n|move|p2a: Tropius|Leech Seed|p1a: Vivillon|[miss]\n|-miss|p2a: Tropius|p1a: Vivillon\n|\n|upkeep\n|turn|38\n|\n|t:|1771236810\n|switch|p2a: Magnezone|Magnezone, L82|99/249\n|move|p1a: Vivillon|Quiver Dance|p1a: Vivillon\n|-boost|p1a: Vivillon|spa|1\n|-boost|p1a: Vivillon|spd|1\n|-boost|p1a: Vivillon|spe|1\n|\n|upkeep\n|turn|39\n|\n|t:|1771236815\n|move|p1a: Vivillon|Sleep Powder|p2a: Magnezone\n|-status|p2a: Magnezone|slp|[from] move: Sleep Powder\n|cant|p2a: Magnezone|slp\n|\n|upkeep\n|turn|40\n|\n|t:|1771236818\n|switch|p2a: Gastrodon|Gastrodon-East, L86, F|303/331\n|move|p1a: Vivillon|Quiver Dance|p1a: Vivillon\n|-boost|p1a: Vivillon|spa|1\n|-boost|p1a: Vivillon|spd|1\n|-boost|p1a: Vivillon|spe|1\n|\n|-heal|p2a: Gastrodon|323/331|[from] item: Leftovers\n|upkeep\n|turn|41\n|\n|t:|1771236821\n|move|p1a: Vivillon|Energy Ball|p2a: Gastrodon\n|-supereffective|p2a: Gastrodon\n|-damage|p2a: Gastrodon|0 fnt\n|faint|p2a: Gastrodon\n|\n|upkeep\n|\n|t:|1771236830\n|switch|p2a: Walrein|Walrein, L88, M|337/337\n|turn|42\n|\n|t:|1771236833\n|move|p1a: Vivillon|Energy Ball|p2a: Walrein\n|-supereffective|p2a: Walrein\n|-crit|p2a: Walrein\n|-damage|p2a: Walrein|0 fnt\n|faint|p2a: Walrein\n|\n|upkeep\n|-message|sleeplikebaby forfeited.\n|\n|win|Blatjanglover\n|raw|Blatjanglover's rating: 1566 &rarr; <strong>1588</strong><br />(+22 for winning)\n|raw|sleeplikebaby's rating: 1602 &rarr; <strong>1580</strong><br />(-22 for losing)\n|l|☆sleeplikebaby\n|player|p2|\n", "inputlog": ">version 686819e5e19f8a7fd2345cfc5a08a5085efa2cc3\n>start {\"formatid\":\"gen6randombattle\",\"seed\":\"sodium,96e1b68a5c3c12d5e8d57fe80ba705b3\",\"rated\":\"Rated battle\"}\n>player p1 {\"name\":\"Blatjanglover\",\"avatar\":\"brock\",\"rating\":1566,\"seed\":\"sodium,d7ec159d61cffc2c5228e830bc4dc739\"}\n>player p2 {\"name\":\"sleeplikebaby\",\"avatar\":\"bianca\",\"rating\":1602,\"seed\":\"sodium,154ec4bf3eb9940dd4a69891df3ffc4e\"}\n>p1 move hiddenpower\n>p2 move substitute\n>p1 move hiddenpower\n>p2 move leechseed\n>p1 switch 2\n>p2 move substitute\n>p1 move headcharge\n>p2 switch 5\n>p1 switch 6\n>p2 move superpower\n>p1 move substitute\n>p2 move wildcharge\n>p1 switch 4\n>p2 switch 5\n>p1 switch 6\n>p2 move leechseed\n>p1 move headcharge\n>p2 move substitute\n>p1 move headcharge\n>p2 move protect\n>p1 move headcharge\n>p2 move substitute\n>p1 move headcharge\n>p2 move protect\n>p1 move headcharge\n>p2 move substitute\n>p1 move headcharge\n>p2 move substitute\n>p1 move headcharge\n>p2 move protect\n>p1 move headcharge\n>p2 move substitute\n>p1 switch 2\n>p2 move protect\n>p1 move hiddenpower\n>p2 move protect\n>p1 move discharge\n>p2 move substitute\n>p1 move discharge\n>p2 move airslash\n>p1 move discharge\n>p2 move protect\n>p1 move hiddenpower\n>p2 switch 2\n>p1 move gigadrain\n>p2 switch 3\n>p1 move discharge\n>p2 move toxic\n>p1 move uturn\n>p2 move healbell\n>p1 switch 2\n>p1 move headcharge\n>p2 move moonlight\n>p1 move headcharge\n>p2 switch 4\n>p1 move headcharge\n>p2 switch 4\n>p2 switch 2\n>p1 move headcharge\n>p2 move protect\n>p1 move headcharge\n>p2 move substitute\n>p1 move headcharge\n>p2 move protect\n>p1 move headcharge\n>p2 move airslash\n>p1 switch 2\n>p1 move hiddenpower\n>p2 move protect\n>p1 move hiddenpower\n>p2 move leechseed\n>p1 switch 5\n>p2 move substitute\n>p1 move hurricane\n>p2 move protect\n>p1 move hurricane\n>p2 move leechseed\n>p1 move quiverdance\n>p2 switch 4\n>p1 move sleeppowder\n>p2 move voltswitch\n>p1 move quiverdance\n>p2 switch 3\n>p1 move energyball\n>p2 move clearsmog\n>p2 switch 6\n>p1 move energyball\n>p2 move roar\n>forcelose p2", "uploadtime": 1771236841, "views": 21, "formatid": "gen6randombattle", "rating": 1580, "private": 0, "password": null}