{"id": "gen6randombattle-2519852096", "format": "[Gen 6] Random Battle", "players": ["1Seleb", "nigeria simulator"], "log": "|j|☆1Seleb\n|j|☆nigeria simulator\n|t:|1768560977\n|gametype|singles\n|player|p1|1Seleb|265|1520\n|player|p2|nigeria simulator|1|1680\n|gen|6\n|tier|[Gen 6] Random Battle\n|rated|\n|rule|Sleep Clause Mod: Limit one foe put to sleep\n|rule|HP Percentage Mod: HP is shown in percentages\n|rule|Illusion Level Mod: Illusion disguises the Pokémon's true level\n|\n|t:|1768560977\n|teamsize|p1|6\n|teamsize|p2|6\n|start\n|switch|p1a: Hariyama|Hariyama, L86, F|388/388\n|switch|p2a: Celebi|Celebi, L82|298/298\n|turn|1\n|inactive|Battle timer is ON: inactive players will automatically lose when time's up. (requested by 1Seleb)\n|inactive|nigeria simulator also wants the timer to be on.\n|\n|t:|1768561007\n|switch|p1a: Tangrowth|Tangrowth, L88, F|319/319\n|move|p2a: Celebi|Nasty Plot|p2a: Celebi\n|-boost|p2a: Celebi|spa|2\n|\n|upkeep\n|turn|2\n|\n|t:|1768561026\n|move|p2a: Celebi|Psychic|p1a: Tangrowth\n|-damage|p1a: Tangrowth|135/319\n|move|p1a: Tangrowth|Knock Off|p2a: Celebi\n|-supereffective|p2a: Celebi\n|-damage|p2a: Celebi|158/298\n|-enditem|p2a: Celebi|Leftovers|[from] move: Knock Off|[of] p1a: Tangrowth\n|\n|upkeep\n|turn|3\n|inactive|nigeria simulator has 120 seconds left.\n|\n|t:|1768561059\n|switch|p1a: Emolga|Emolga, L88, F|239/239\n|move|p2a: Celebi|Psychic|p1a: Emolga\n|-damage|p1a: Emolga|22/239\n|\n|upkeep\n|turn|4\n|inactive|nigeria simulator has 120 seconds left.\n|\n|t:|1768561071\n|switch|p2a: Garbodor|Garbodor, L88, F|284/284\n|move|p1a: Emolga|Acrobatics|p2a: Garbodor\n|-damage|p2a: Garbodor|170/284\n|\n|-heal|p2a: Garbodor|187/284|[from] item: Black Sludge\n|upkeep\n|turn|5\n|inactive|1Seleb has 120 seconds left.\n|\n|t:|1768561087\n|switch|p1a: Carbink|Carbink, L91|239/239\n|move|p2a: Garbodor|Gunk Shot|p1a: Carbink\n|-damage|p1a: Carbink|154/239\n|\n|-heal|p2a: Garbodor|204/284|[from] item: Black Sludge\n|upkeep\n|turn|6\n|inactive|1Seleb has 120 seconds left.\n|inactive|nigeria simulator has 120 seconds left.\n|\n|t:|1768561128\n|switch|p2a: Celebi|Celebi, L82|158/298\n|move|p1a: Carbink|Reflect|p1a: Carbink\n|-sidestart|p1: 1Seleb|Reflect\n|\n|upkeep\n|turn|7\n|inactive|1Seleb has 120 seconds left.\n|\n|t:|1768561138\n|switch|p1a: Fearow|Fearow, L88, M|258/258\n|move|p2a: Celebi|Nasty Plot|p2a: Celebi\n|-boost|p2a: Celebi|spa|2\n|\n|upkeep\n|turn|8\n|\n|t:|1768561167\n|switch|p2a: Garbodor|Garbodor, L88, F|204/284\n|move|p1a: Fearow|U-turn|p2a: Garbodor\n|-resisted|p2a: Garbodor\n|-damage|p2a: Garbodor|162/284\n|inactive|1Seleb has 120 seconds left.\n|\n|t:|1768561190\n|switch|p1a: Hariyama|Hariyama, L86, F|388/388|[from] U-turn\n|\n|-heal|p2a: Garbodor|179/284|[from] item: Black Sludge\n|-status|p1a: Hariyama|tox|[from] item: Toxic Orb\n|upkeep\n|turn|9\n|\n|t:|1768561204\n|move|p2a: Garbodor|Gunk Shot|p1a: Hariyama\n|-damage|p1a: Hariyama|307/388 tox\n|move|p1a: Hariyama|Facade|p2a: Garbodor\n|-damage|p2a: Garbodor|0 fnt\n|-damage|p1a: Hariyama|210/388 tox|[from] ability: Aftermath|[of] p2a: Garbodor\n|faint|p2a: Garbodor\n|\n|-damage|p1a: Hariyama|186/388 tox|[from] psn\n|upkeep\n|\n|t:|1768561207\n|switch|p2a: Celebi|Celebi, L82|158/298\n|turn|10\n|\n|t:|1768561216\n|move|p2a: Celebi|Psychic|p1a: Hariyama\n|-supereffective|p1a: Hariyama\n|-damage|p1a: Hariyama|0 fnt\n|faint|p1a: Hariyama\n|\n|upkeep\n|\n|t:|1768561221\n|switch|p1a: Fearow|Fearow, L88, M|258/258\n|turn|11\n|inactive|nigeria simulator has 120 seconds left.\n|\n|t:|1768561248\n|switch|p2a: Magmortar|Magmortar, L86, M|269/269\n|move|p1a: Fearow|U-turn|p2a: Magmortar\n|-resisted|p2a: Magmortar\n|-damage|p2a: Magmortar|224/269\n|-status|p1a: Fearow|brn|[from] ability: Flame Body|[of] p2a: Magmortar\n|\n|t:|1768561254\n|switch|p1a: Carbink|Carbink, L91|154/239|[from] U-turn\n|\n|upkeep\n|turn|12\n|\n|t:|1768561257\n|move|p2a: Magmortar|Earthquake|p1a: Carbink\n|-supereffective|p1a: Carbink\n|-damage|p1a: Carbink|107/239\n|move|p1a: Carbink|Light Screen|p1a: Carbink\n|-sidestart|p1: 1Seleb|move: Light Screen\n|\n|upkeep\n|turn|13\n|\n|t:|1768561263\n|move|p2a: Magmortar|Earthquake|p1a: Carbink\n|-supereffective|p1a: Carbink\n|-damage|p1a: Carbink|61/239\n|move|p1a: Carbink|Toxic|p2a: Magmortar\n|-status|p2a: Magmortar|tox\n|\n|-damage|p2a: Magmortar|208/269 tox|[from] psn\n|-sideend|p1: 1Seleb|Reflect\n|upkeep\n|turn|14\n|\n|t:|1768561269\n|switch|p1a: Fearow|Fearow, L88, M|258/258 brn\n|move|p2a: Magmortar|Earthquake|p1a: Fearow\n|-immune|p1a: Fearow\n|\n|-damage|p2a: Magmortar|176/269 tox|[from] psn\n|-damage|p1a: Fearow|226/258 brn|[from] brn\n|upkeep\n|turn|15\n|\n|t:|1768561283\n|move|p1a: Fearow|Drill Run|p2a: Magmortar\n|-supereffective|p2a: Magmortar\n|-crit|p2a: Magmortar\n|-damage|p2a: Magmortar|0 fnt\n|faint|p2a: Magmortar\n|\n|-damage|p1a: Fearow|194/258 brn|[from] brn\n|upkeep\n|inactive|nigeria simulator has 120 seconds left.\n|\n|t:|1768561313\n|switch|p2a: Celebi|Celebi, L82|158/298\n|turn|16\n|\n|t:|1768561320\n|switch|p1a: Emolga|Emolga, L88, F|22/239\n|move|p2a: Celebi|Psychic|p1a: Emolga\n|-damage|p1a: Emolga|0 fnt\n|faint|p1a: Emolga\n|\n|upkeep\n|\n|t:|1768561324\n|switch|p1a: Fearow|Fearow, L88, M|194/258 brn\n|turn|17\n|\n|t:|1768561329\n|switch|p2a: Wailord|Wailord, L93, M|466/466\n|move|p1a: Fearow|U-turn|p2a: Wailord\n|-damage|p2a: Wailord|414/466\n|\n|t:|1768561333\n|switch|p1a: Tangrowth|Tangrowth, L88, F|241/319|[from] U-turn\n|\n|upkeep\n|turn|18\n|\n|t:|1768561337\n|switch|p2a: Celebi|Celebi, L82|158/298\n|move|p1a: Tangrowth|Knock Off|p2a: Celebi\n|-supereffective|p2a: Celebi\n|-damage|p2a: Celebi|66/298\n|\n|upkeep\n|turn|19\n|\n|t:|1768561339\n|move|p2a: Celebi|Recover|p2a: Celebi\n|-heal|p2a: Celebi|215/298\n|move|p1a: Tangrowth|Sludge Bomb|p2a: Celebi\n|-supereffective|p2a: Celebi\n|-damage|p2a: Celebi|61/298\n|-status|p2a: Celebi|psn\n|\n|-damage|p2a: Celebi|24/298 psn|[from] psn\n|-sideend|p1: 1Seleb|move: Light Screen\n|upkeep\n|turn|20\n|\n|t:|1768561343\n|move|p2a: Celebi|Psychic|p1a: Tangrowth\n|-crit|p1a: Tangrowth\n|-damage|p1a: Tangrowth|117/319\n|move|p1a: Tangrowth|Sludge Bomb|p2a: Celebi\n|-supereffective|p2a: Celebi\n|-damage|p2a: Celebi|0 fnt\n|faint|p2a: Celebi\n|\n|upkeep\n|\n|t:|1768561350\n|switch|p2a: Deoxys|Deoxys-Attack, L72|191/191\n|-ability|p2a: Deoxys|Pressure\n|turn|21\n|\n|t:|1768561357\n|switch|p1a: Fearow|Fearow, L88, M|194/258 brn\n|move|p2a: Deoxys|Psycho Boost|p1a: Fearow\n|-damage|p1a: Fearow|0 fnt\n|-unboost|p2a: Deoxys|spa|2\n|faint|p1a: Fearow\n|-damage|p2a: Deoxys|172/191|[from] item: Life Orb\n|\n|upkeep\n|\n|t:|1768561370\n|switch|p1a: Tangrowth|Tangrowth, L88, F|223/319\n|turn|22\n|\n|t:|1768561397\n|switch|p2a: Sunflora|Sunflora, M|312/312\n|move|p1a: Tangrowth|Knock Off|p2a: Sunflora\n|-damage|p2a: Sunflora|221/312\n|-enditem|p2a: Sunflora|Choice Specs|[from] move: Knock Off|[of] p1a: Tangrowth\n|\n|upkeep\n|turn|23\n|\n|t:|1768561406\n|switch|p1a: Carbink|Carbink, L91|61/239\n|move|p2a: Sunflora|Sludge Bomb|p1a: Carbink\n|-damage|p1a: Carbink|3/239\n|-status|p1a: Carbink|psn\n|\n|-damage|p1a: Carbink|0 fnt|[from] psn\n|faint|p1a: Carbink\n|upkeep\n|\n|t:|1768561413\n|switch|p1a: Hitmonlee|Hitmonlee, L86, M|225/225\n|turn|24\n|inactive|nigeria simulator has 120 seconds left.\n|\n|t:|1768561452\n|move|p1a: Hitmonlee|Poison Jab|p2a: Sunflora\n|-supereffective|p2a: Sunflora\n|-damage|p2a: Sunflora|0 fnt\n|faint|p2a: Sunflora\n|\n|upkeep\n|\n|t:|1768561460\n|switch|p2a: Deoxys|Deoxys-Attack, L72|172/191\n|-ability|p2a: Deoxys|Pressure\n|turn|25\n|\n|t:|1768561462\n|switch|p1a: Tangrowth|Tangrowth, L88, F|319/319\n|move|p2a: Deoxys|Psycho Boost|p1a: Tangrowth\n|-damage|p1a: Tangrowth|85/319\n|-unboost|p2a: Deoxys|spa|2\n|-damage|p2a: Deoxys|153/191|[from] item: Life Orb\n|\n|upkeep\n|turn|26\n|\n|t:|1768561469\n|switch|p1a: Hitmonlee|Hitmonlee, L86, M|225/225\n|move|p2a: Deoxys|Superpower|p1a: Hitmonlee\n|-damage|p1a: Hitmonlee|33/225\n|-unboost|p2a: Deoxys|atk|1\n|-unboost|p2a: Deoxys|def|1\n|-damage|p2a: Deoxys|134/191|[from] item: Life Orb\n|\n|upkeep\n|turn|27\n|\n|t:|1768561484\n|switch|p1a: Tangrowth|Tangrowth, L88, F|191/319\n|move|p2a: Deoxys|Extreme Speed|p1a: Tangrowth\n|-damage|p1a: Tangrowth|144/319\n|-damage|p2a: Deoxys|115/191|[from] item: Life Orb\n|\n|upkeep\n|turn|28\n|\n|t:|1768561494\n|switch|p2a: Wailord|Wailord, L93, M|414/466\n|move|p1a: Tangrowth|Giga Drain|p2a: Wailord\n|-supereffective|p2a: Wailord\n|-damage|p2a: Wailord|120/466\n|-heal|p1a: Tangrowth|291/319|[from] drain|[of] p2a: Wailord\n|\n|upkeep\n|turn|29\n|\n|t:|1768561509\n|move|p2a: Wailord|Ice Beam|p1a: Tangrowth\n|-supereffective|p1a: Tangrowth\n|-damage|p1a: Tangrowth|143/319\n|move|p1a: Tangrowth|Giga Drain|p2a: Wailord\n|-supereffective|p2a: Wailord\n|-damage|p2a: Wailord|0 fnt\n|-heal|p1a: Tangrowth|203/319|[from] drain|[of] p2a: Wailord\n|faint|p2a: Wailord\n|\n|upkeep\n|\n|t:|1768561511\n|switch|p2a: Deoxys|Deoxys-Attack, L72|115/191\n|-ability|p2a: Deoxys|Pressure\n|turn|30\n|\n|t:|1768561521\n|switch|p1a: Hitmonlee|Hitmonlee, L86, M|33/225\n|move|p2a: Deoxys|Knock Off|p1a: Hitmonlee\n|-resisted|p1a: Hitmonlee\n|-crit|p1a: Hitmonlee\n|-damage|p1a: Hitmonlee|0 fnt\n|-enditem|p1a: Hitmonlee|Choice Band|[from] move: Knock Off|[of] p2a: Deoxys\n|faint|p1a: Hitmonlee\n|-damage|p2a: Deoxys|96/191|[from] item: Life Orb\n|\n|upkeep\n|\n|t:|1768561525\n|switch|p1a: Tangrowth|Tangrowth, L88, F|309/319\n|turn|31\n|\n|t:|1768561528\n|move|p2a: Deoxys|Psycho Boost|p1a: Tangrowth|[miss]\n|-miss|p2a: Deoxys|p1a: Tangrowth\n|move|p1a: Tangrowth|Knock Off|p2a: Deoxys\n|-supereffective|p2a: Deoxys\n|-damage|p2a: Deoxys|0 fnt\n|-enditem|p2a: Deoxys|Life Orb|[from] move: Knock Off|[of] p1a: Tangrowth\n|faint|p2a: Deoxys\n|\n|win|1Seleb\n|raw|1Seleb's rating: 1520 &rarr; <strong>1548</strong><br />(+28 for winning)\n|raw|nigeria simulator's rating: 1662 &rarr; <strong>1634</strong><br />(-28 for losing)\n|l|☆nigeria simulator\n|player|p2|\n|c|☆1Seleb|Gg\n", "inputlog": ">version 3bd1a1e329da8d286644078cfc9a9638fc7ea025\n>start {\"formatid\":\"gen6randombattle\",\"seed\":\"sodium,6c952a9e49b4b26753d7df10122f234a\",\"rated\":\"Rated battle\"}\n>player p1 {\"name\":\"1Seleb\",\"avatar\":\"265\",\"rating\":1520,\"seed\":\"sodium,79880b54564624ee19bcae1488a0b160\"}\n>player p2 {\"name\":\"nigeria simulator\",\"avatar\":\"1\",\"rating\":1680,\"seed\":\"sodium,543ec614675f130bd845477d96a50a3f\"}\n>p1 switch 4\n>p2 move nastyplot\n>p1 move knockoff\n>p2 move psychic\n>p1 switch 6\n>p2 move psychic\n>p1 move acrobatics\n>p2 switch 3\n>p1 switch 2\n>p2 move gunkshot\n>p1 move reflect\n>p2 switch 3\n>p1 switch 5\n>p2 move nastyplot\n>p1 move uturn\n>p2 switch 3\n>p1 switch 4\n>p1 move facade\n>p2 move gunkshot\n>p2 switch 3\n>p1 move facade\n>p2 move psychic\n>p1 switch 4\n>p1 move uturn\n>p2 switch 4\n>p1 switch 5\n>p1 move lightscreen\n>p2 move earthquake\n>p1 move toxic\n>p2 move earthquake\n>p1 switch 5\n>p2 move earthquake\n>p1 move drillrun\n>p2 move thunderbolt\n>p2 switch 4\n>p1 switch 2\n>p2 move psychic\n>p1 switch 2\n>p1 move uturn\n>p2 switch 2\n>p1 switch 6\n>p1 move knockoff\n>p2 switch 2\n>p1 move sludgebomb\n>p2 move recover\n>p1 move sludgebomb\n>p2 move psychic\n>p2 switch 6\n>p1 switch 6\n>p2 move psychoboost\n>p1 switch 6\n>p1 move knockoff\n>p2 switch 5\n>p1 switch 5\n>p2 move sludgebomb\n>p1 switch 3\n>p1 move poisonjab\n>p2 move leafstorm\n>p2 switch 5\n>p1 switch 5\n>p2 move psychoboost\n>p1 switch 5\n>p2 move superpower\n>p1 switch 5\n>p2 move extremespeed\n>p1 move gigadrain\n>p2 switch 2\n>p1 move gigadrain\n>p2 move icebeam\n>p2 switch 2\n>p1 switch 5\n>p2 move knockoff\n>p1 switch 5\n>p1 move knockoff\n>p2 move psychoboost", "uploadtime": 1768561541, "views": 281, "formatid": "gen6randombattle", "rating": 1548, "private": 0, "password": null}