{"id": "gen6randombattle-2534508362", "format": "[Gen 6] Random Battle", "players": ["regijr1992", "waterrowing"], "log": "|j|☆regijr1992\n|j|☆waterrowing\n|t:|1770430034\n|gametype|singles\n|player|p1|regijr1992|n|1536\n|player|p2|waterrowing|266|1611\n|gen|6\n|tier|[Gen 6] Random Battle\n|rated|\n|rule|Sleep Clause Mod: Limit one foe put to sleep\n|rule|HP Percentage Mod: HP is shown in percentages\n|rule|Illusion Level Mod: Illusion disguises the Pokémon's true level\n|\n|t:|1770430034\n|teamsize|p1|6\n|teamsize|p2|6\n|start\n|switch|p1a: Heatmor|Heatmor, L92, F|306/306\n|switch|p2a: Samurott|Samurott, L87, M|307/307\n|turn|1\n|inactive|Battle timer is ON: inactive players will automatically lose when time's up. (requested by waterrowing)\n|\n|t:|1770430061\n|switch|p1a: Gyarados|Gyarados, L74, M|263/263\n|-ability|p1a: Gyarados|Intimidate|boost\n|-unboost|p2a: Samurott|atk|1\n|move|p2a: Samurott|Waterfall|p1a: Gyarados\n|-resisted|p1a: Gyarados\n|-damage|p1a: Gyarados|204/263\n|\n|upkeep\n|turn|2\n|\n|t:|1770430085\n|switch|p2a: Amoonguss|Amoonguss, L83, M|325/325\n|move|p1a: Gyarados|Substitute|p1a: Gyarados\n|-start|p1a: Gyarados|Substitute\n|-damage|p1a: Gyarados|139/263\n|\n|upkeep\n|turn|3\n|\n|t:|1770430094\n|move|p1a: Gyarados|Crunch|p2a: Amoonguss\n|-damage|p2a: Amoonguss|262/325\n|-unboost|p2a: Amoonguss|def|1\n|-damage|p1a: Gyarados|96/263|[from] item: Rocky Helmet|[of] p2a: Amoonguss\n|move|p2a: Amoonguss|Sludge Bomb|p1a: Gyarados\n|-end|p1a: Gyarados|Substitute\n|\n|upkeep\n|turn|4\n|\n|t:|1770430106\n|switch|p1a: Bronzong|Bronzong, L85|253/253\n|move|p2a: Amoonguss|Sludge Bomb|p1a: Bronzong\n|-immune|p1a: Bronzong\n|\n|upkeep\n|turn|5\n|\n|t:|1770430130\n|switch|p2a: Samurott|Samurott, L87, M|307/307\n|move|p1a: Bronzong|Psychic|p2a: Samurott\n|-damage|p2a: Samurott|214/307\n|\n|upkeep\n|turn|6\n|\n|t:|1770430138\n|move|p2a: Samurott|Knock Off|p1a: Bronzong\n|-supereffective|p1a: Bronzong\n|-damage|p1a: Bronzong|89/253\n|-enditem|p1a: Bronzong|Leftovers|[from] move: Knock Off|[of] p2a: Samurott\n|move|p1a: Bronzong|Toxic|p2a: Samurott\n|-status|p2a: Samurott|tox\n|\n|-damage|p2a: Samurott|195/307 tox|[from] psn\n|upkeep\n|turn|7\n|\n|t:|1770430147\n|move|p1a: Bronzong|Protect|p1a: Bronzong\n|-singleturn|p1a: Bronzong|Protect\n|move|p2a: Samurott|Knock Off|p1a: Bronzong\n|-activate|p1a: Bronzong|move: Protect\n|\n|-damage|p2a: Samurott|157/307 tox|[from] psn\n|upkeep\n|turn|8\n|\n|t:|1770430156\n|switch|p1a: Gyarados|Gyarados, L74, M|96/263\n|-ability|p1a: Gyarados|Intimidate|boost\n|-unboost|p2a: Samurott|atk|1\n|move|p2a: Samurott|Knock Off|p1a: Gyarados\n|-damage|p1a: Gyarados|40/263\n|\n|-damage|p2a: Samurott|100/307 tox|[from] psn\n|upkeep\n|turn|9\n|\n|t:|1770430168\n|move|p2a: Samurott|Knock Off|p1a: Gyarados\n|-damage|p1a: Gyarados|0 fnt\n|faint|p1a: Gyarados\n|\n|-damage|p2a: Samurott|24/307 tox|[from] psn\n|upkeep\n|\n|t:|1770430184\n|switch|p1a: Braviary|Braviary, L82, M|298/298\n|turn|10\n|\n|t:|1770430190\n|move|p1a: Braviary|Brave Bird|p2a: Samurott\n|-damage|p2a: Samurott|0 fnt\n|faint|p2a: Samurott\n|-damage|p1a: Braviary|290/298|[from] Recoil\n|\n|-heal|p1a: Braviary|298/298|[from] item: Leftovers\n|upkeep\n|\n|t:|1770430196\n|switch|p2a: Stunfisk|Stunfisk, L88, F|335/335\n|turn|11\n|\n|t:|1770430205\n|switch|p1a: Abomasnow|Abomasnow, L84, M|287/287\n|-weather|Hail|[from] ability: Snow Warning|[of] p1a: Abomasnow\n|move|p2a: Stunfisk|Discharge|p1a: Abomasnow\n|-resisted|p1a: Abomasnow\n|-damage|p1a: Abomasnow|260/287\n|\n|-weather|Hail|[upkeep]\n|-damage|p2a: Stunfisk|315/335|[from] Hail\n|-heal|p2a: Stunfisk|335/335|[from] item: Leftovers\n|upkeep\n|turn|12\n|inactive|waterrowing has 120 seconds left.\n|\n|t:|1770430236\n|switch|p2a: Durant|Durant, L79, M|221/221\n|move|p1a: Abomasnow|Blizzard|p2a: Durant\n|-resisted|p2a: Durant\n|-damage|p2a: Durant|138/221\n|\n|-weather|Hail|[upkeep]\n|-damage|p2a: Durant|125/221|[from] Hail\n|upkeep\n|turn|13\n|inactive|waterrowing has 120 seconds left.\n|\n|t:|1770430258\n|switch|p1a: Bronzong|Bronzong, L85|89/253\n|move|p2a: Durant|Hone Claws|p2a: Durant\n|-boost|p2a: Durant|atk|1\n|-boost|p2a: Durant|accuracy|1\n|\n|-weather|Hail|[upkeep]\n|-damage|p2a: Durant|112/221|[from] Hail\n|-damage|p1a: Bronzong|74/253|[from] Hail\n|upkeep\n|turn|14\n|\n|t:|1770430269\n|move|p2a: Durant|X-Scissor|p1a: Bronzong\n|-damage|p1a: Bronzong|0 fnt\n|faint|p1a: Bronzong\n|-damage|p2a: Durant|90/221|[from] item: Life Orb\n|\n|-weather|Hail|[upkeep]\n|-damage|p2a: Durant|77/221|[from] Hail\n|upkeep\n|inactive|regijr1992 has 120 seconds left.\n|\n|t:|1770430309\n|switch|p1a: Abomasnow|Abomasnow, L84, M|260/287\n|turn|15\n|inactive|waterrowing has 120 seconds left.\n|\n|t:|1770430330\n|switch|p1a: Heatmor|Heatmor, L92, F|306/306\n|move|p2a: Durant|Iron Head|p1a: Heatmor\n|-resisted|p1a: Heatmor\n|-crit|p1a: Heatmor\n|-damage|p1a: Heatmor|90/306\n|-damage|p2a: Durant|55/221|[from] item: Life Orb\n|\n|-weather|none\n|upkeep\n|turn|16\n|inactive|regijr1992 has 120 seconds left.\n|inactive|waterrowing has 120 seconds left.\n|\n|t:|1770430341\n|move|p2a: Durant|Iron Head|p1a: Heatmor\n|-resisted|p1a: Heatmor\n|-damage|p1a: Heatmor|0 fnt\n|faint|p1a: Heatmor\n|-damage|p2a: Durant|33/221|[from] item: Life Orb\n|\n|upkeep\n|\n|t:|1770430357\n|switch|p1a: Abomasnow|Abomasnow, L84, M|260/287\n|-weather|Hail|[from] ability: Snow Warning|[of] p1a: Abomasnow\n|turn|17\n|\n|t:|1770430377\n|switch|p1a: Arceus|Arceus-Dark, L71|288/288\n|move|p2a: Durant|Iron Head|p1a: Arceus\n|-damage|p1a: Arceus|54/288\n|-damage|p2a: Durant|11/221|[from] item: Life Orb\n|\n|-weather|Hail|[upkeep]\n|-damage|p2a: Durant|0 fnt|[from] Hail\n|-damage|p1a: Arceus|36/288|[from] Hail\n|faint|p2a: Durant\n|upkeep\n|inactive|waterrowing has 120 seconds left.\n|\n|t:|1770430395\n|switch|p2a: Amoonguss|Amoonguss, L83, M|325/325\n|turn|18\n|\n|t:|1770430403\n|move|p1a: Arceus|Recover|p1a: Arceus\n|-heal|p1a: Arceus|180/288\n|move|p2a: Amoonguss|Sludge Bomb|p1a: Arceus\n|-damage|p1a: Arceus|104/288\n|\n|-weather|Hail|[upkeep]\n|-damage|p1a: Arceus|86/288|[from] Hail\n|-damage|p2a: Amoonguss|305/325|[from] Hail\n|upkeep\n|turn|19\n|\n|t:|1770430414\n|switch|p1a: Braviary|Braviary, L82, M|298/298\n|move|p2a: Amoonguss|Spore|p1a: Braviary\n|-status|p1a: Braviary|slp|[from] move: Spore\n|\n|-weather|Hail|[upkeep]\n|-damage|p1a: Braviary|280/298 slp|[from] Hail\n|-damage|p2a: Amoonguss|285/325|[from] Hail\n|-heal|p1a: Braviary|298/298 slp|[from] item: Leftovers\n|upkeep\n|turn|20\n|\n|t:|1770430439\n|cant|p1a: Braviary|slp\n|move|p2a: Amoonguss|Sludge Bomb|p1a: Braviary\n|-damage|p1a: Braviary|207/298 slp\n|\n|-weather|Hail|[upkeep]\n|-damage|p1a: Braviary|189/298 slp|[from] Hail\n|-damage|p2a: Amoonguss|265/325|[from] Hail\n|-heal|p1a: Braviary|207/298 slp|[from] item: Leftovers\n|upkeep\n|turn|21\n|\n|t:|1770430449\n|switch|p2a: Chatot|Chatot, L86, M|271/271\n|-curestatus|p1a: Braviary|slp|[msg]\n|move|p1a: Braviary|Roost|p1a: Braviary\n|-heal|p1a: Braviary|298/298\n|-singleturn|p1a: Braviary|move: Roost\n|\n|-weather|none\n|upkeep\n|turn|22\n|\n|t:|1770430465\n|move|p2a: Chatot|Chatter|p1a: Braviary\n|-crit|p1a: Braviary\n|-damage|p1a: Braviary|149/298\n|-start|p1a: Braviary|confusion\n|-damage|p2a: Chatot|244/271|[from] item: Life Orb\n|-activate|p1a: Braviary|confusion\n|move|p1a: Braviary|Brave Bird|p2a: Chatot\n|-damage|p2a: Chatot|10/271\n|-damage|p1a: Braviary|72/298|[from] Recoil\n|\n|-heal|p1a: Braviary|90/298|[from] item: Leftovers\n|upkeep\n|turn|23\n|inactive|waterrowing has 120 seconds left.\n|\n|t:|1770430482\n|switch|p1a: Arceus|Arceus-Dark, L71|86/288\n|move|p2a: Chatot|Chatter|p1a: Arceus\n|-damage|p1a: Arceus|11/288\n|-start|p1a: Arceus|confusion\n|-damage|p2a: Chatot|0 fnt|[from] item: Life Orb\n|faint|p2a: Chatot\n|\n|upkeep\n|inactive|waterrowing has 120 seconds left.\n|\n|t:|1770430505\n|switch|p2a: Amoonguss|Amoonguss, L83, M|325/325\n|turn|24\n|inactive|regijr1992 has 120 seconds left.\n|\n|t:|1770430512\n|-activate|p1a: Arceus|confusion\n|move|p1a: Arceus|Recover|p1a: Arceus\n|-heal|p1a: Arceus|155/288\n|move|p2a: Amoonguss|Spore|p1a: Arceus\n|-status|p1a: Arceus|slp|[from] move: Spore\n|\n|upkeep\n|turn|25\n|\n|t:|1770430522\n|cant|p1a: Arceus|slp\n|move|p2a: Amoonguss|Sludge Bomb|p1a: Arceus\n|-damage|p1a: Arceus|79/288 slp\n|\n|upkeep\n|turn|26\n|\n|t:|1770430528\n|cant|p1a: Arceus|slp\n|move|p2a: Amoonguss|Sludge Bomb|p1a: Arceus\n|-damage|p1a: Arceus|0 fnt\n|faint|p1a: Arceus\n|\n|upkeep\n|\n|t:|1770430536\n|switch|p1a: Abomasnow|Abomasnow, L84, M|260/287\n|-weather|Hail|[from] ability: Snow Warning|[of] p1a: Abomasnow\n|turn|27\n|\n|t:|1770430547\n|move|p1a: Abomasnow|Blizzard|p2a: Amoonguss\n|-supereffective|p2a: Amoonguss\n|-damage|p2a: Amoonguss|91/325\n|move|p2a: Amoonguss|Sludge Bomb|p1a: Abomasnow\n|-supereffective|p1a: Abomasnow\n|-damage|p1a: Abomasnow|146/287\n|-status|p1a: Abomasnow|psn\n|\n|-weather|Hail|[upkeep]\n|-damage|p2a: Amoonguss|71/325|[from] Hail\n|-damage|p1a: Abomasnow|111/287 psn|[from] psn\n|upkeep\n|turn|28\n|\n|t:|1770430560\n|switch|p2a: Stunfisk|Stunfisk, L88, F|335/335\n|move|p1a: Abomasnow|Blizzard|p2a: Stunfisk\n|-supereffective|p2a: Stunfisk\n|-damage|p2a: Stunfisk|155/335\n|\n|-weather|Hail|[upkeep]\n|-damage|p2a: Stunfisk|135/335|[from] Hail\n|-heal|p2a: Stunfisk|155/335|[from] item: Leftovers\n|-damage|p1a: Abomasnow|76/287 psn|[from] psn\n|upkeep\n|turn|29\n|\n|t:|1770430572\n|move|p1a: Abomasnow|Giga Drain|p2a: Stunfisk\n|-supereffective|p2a: Stunfisk\n|-damage|p2a: Stunfisk|11/335\n|-heal|p1a: Abomasnow|148/287 psn|[from] drain|[of] p2a: Stunfisk\n|move|p2a: Stunfisk|Rest|p2a: Stunfisk\n|-status|p2a: Stunfisk|slp|[from] move: Rest\n|-heal|p2a: Stunfisk|335/335 slp|[silent]\n|\n|-weather|Hail|[upkeep]\n|-damage|p2a: Stunfisk|315/335 slp|[from] Hail\n|-heal|p2a: Stunfisk|335/335 slp|[from] item: Leftovers\n|-damage|p1a: Abomasnow|113/287 psn|[from] psn\n|upkeep\n|turn|30\n|\n|t:|1770430586\n|switch|p2a: Amoonguss|Amoonguss, L83, M|179/325\n|move|p1a: Abomasnow|Giga Drain|p2a: Amoonguss\n|-resisted|p2a: Amoonguss\n|-crit|p2a: Amoonguss\n|-damage|p2a: Amoonguss|149/325\n|-heal|p1a: Abomasnow|128/287 psn|[from] drain|[of] p2a: Amoonguss\n|\n|-weather|Hail|[upkeep]\n|-damage|p2a: Amoonguss|129/325|[from] Hail\n|-damage|p1a: Abomasnow|93/287 psn|[from] psn\n|upkeep\n|turn|31\n|\n|t:|1770430597\n|move|p1a: Abomasnow|Blizzard|p2a: Amoonguss\n|-supereffective|p2a: Amoonguss\n|-damage|p2a: Amoonguss|0 fnt\n|faint|p2a: Amoonguss\n|\n|-weather|none\n|-damage|p1a: Abomasnow|58/287 psn|[from] psn\n|upkeep\n|\n|t:|1770430604\n|switch|p2a: Alakazam|Alakazam, L78, M|214/214\n|turn|32\n|\n|t:|1770430621\n|switch|p1a: Braviary|Braviary, L82, M|90/298\n|detailschange|p2a: Alakazam|Alakazam-Mega, L78, M\n|-mega|p2a: Alakazam|Alakazam|Alakazite\n|-ability|p2a: Alakazam|Defiant|Trace|[from] ability: Trace|[of] p1a: Braviary\n|move|p2a: Alakazam|Psyshock|p1a: Braviary\n|-damage|p1a: Braviary|0 fnt\n|faint|p1a: Braviary\n|\n|upkeep\n|\n|t:|1770430637\n|switch|p1a: Abomasnow|Abomasnow, L84, M|58/287 psn\n|-weather|Hail|[from] ability: Snow Warning|[of] p1a: Abomasnow\n|turn|33\n|\n|t:|1770430649\n|move|p1a: Abomasnow|Ice Shard|p2a: Alakazam\n|-damage|p2a: Alakazam|157/214\n|move|p2a: Alakazam|Psyshock|p1a: Abomasnow\n|-damage|p1a: Abomasnow|0 fnt\n|faint|p1a: Abomasnow\n|\n|win|waterrowing\n|raw|regijr1992's rating: 1536 &rarr; <strong>1520</strong><br />(-16 for losing)\n|raw|waterrowing's rating: 1611 &rarr; <strong>1627</strong><br />(+16 for winning)\n", "inputlog": ">version ccdc32dd7cde25fd9e4bed64820e885f66e78a4e\n>start {\"formatid\":\"gen6randombattle\",\"seed\":\"sodium,85e35557a33f428146a0ddc0dff7cfa4\",\"rated\":\"Rated battle\"}\n>player p1 {\"name\":\"regijr1992\",\"avatar\":\"n\",\"rating\":1536,\"seed\":\"sodium,40cd6b49805a4278d5ac423203c7f107\"}\n>player p2 {\"name\":\"waterrowing\",\"avatar\":\"266\",\"rating\":1611,\"seed\":\"sodium,4b9f42b18bd833c2d6c48193bf6b1d2c\"}\n>p1 switch 4\n>p2 move waterfall\n>p1 move substitute\n>p2 switch 5\n>p1 move crunch\n>p2 move sludgebomb\n>p1 switch 3\n>p2 move sludgebomb\n>p1 move psychic\n>p2 switch 5\n>p1 move toxic\n>p2 move knockoff\n>p1 move protect\n>p2 move knockoff\n>p1 switch 3\n>p2 move knockoff\n>p1 move crunch\n>p2 move knockoff\n>p1 switch 5\n>p1 move bravebird\n>p2 move knockoff\n>p2 switch 4\n>p1 switch 2\n>p2 move discharge\n>p1 move blizzard\n>p2 switch 2\n>p1 switch 3\n>p2 move honeclaws\n>p1 move earthquake\n>p2 move xscissor\n>p1 switch 3\n>p1 switch 4\n>p2 move ironhead\n>p1 move fireblast\n>p2 move ironhead\n>p1 switch 4\n>p1 switch 6\n>p2 move ironhead\n>p2 switch 5\n>p1 move recover\n>p2 move sludgebomb\n>p1 switch 2\n>p2 move spore\n>p1 move bravebird\n>p2 move sludgebomb\n>p1 move roost\n>p2 switch 6\n>p1 move bravebird\n>p2 move chatter\n>p1 switch 2\n>p2 move chatter\n>p2 switch 6\n>p1 move recover\n>p2 move spore\n>p1 move recover\n>p2 move sludgebomb\n>p1 move recover\n>p2 move sludgebomb\n>p1 switch 6\n>p1 move blizzard\n>p2 move sludgebomb\n>p1 move blizzard\n>p2 switch 2\n>p1 move gigadrain\n>p2 move rest\n>p1 move gigadrain\n>p2 switch 2\n>p1 move blizzard\n>p2 move sludgebomb\n>p2 switch 3\n>p1 switch 2\n>p2 move psyshock mega\n>p1 switch 2\n>p1 move iceshard\n>p2 move psyshock", "uploadtime": 1770430651, "views": 252, "formatid": "gen6randombattle", "rating": 1520, "private": 0, "password": null}