{"id": "gen6randombattle-2520009022", "format": "[Gen 6] Random Battle", "players": ["Romanthekloman", "RNGgivethRNGtaketh"], "log": "|j|☆Romanthekloman\n|j|☆RNGgivethRNGtaketh\n|t:|1768579639\n|gametype|singles\n|player|p1|Romanthekloman|n|1510\n|player|p2|RNGgivethRNGtaketh|brock|1636\n|gen|6\n|tier|[Gen 6] Random Battle\n|rated|\n|rule|Sleep Clause Mod: Limit one foe put to sleep\n|rule|HP Percentage Mod: HP is shown in percentages\n|rule|Illusion Level Mod: Illusion disguises the Pokémon's true level\n|\n|t:|1768579639\n|teamsize|p1|6\n|teamsize|p2|6\n|start\n|switch|p1a: Meowstic|Meowstic-F, L90, F|280/280\n|switch|p2a: Shuckle|Shuckle, L84, M|171/171\n|turn|1\n|inactive|Battle timer is ON: inactive players will automatically lose when time's up. (requested by Romanthekloman)\n|\n|t:|1768579668\n|switch|p1a: Empoleon|Empoleon, L82, F|272/272\n|move|p2a: Shuckle|Sticky Web|p1a: Empoleon\n|-sidestart|p1: Romanthekloman|move: Sticky Web\n|\n|upkeep\n|turn|2\n|\n|t:|1768579678\n|switch|p2a: Klefki|Klefki, L79, M|220/220\n|move|p1a: Empoleon|Scald|p2a: Klefki\n|-crit|p2a: Klefki\n|-damage|p2a: Klefki|70/220\n|\n|-heal|p2a: Klefki|83/220|[from] item: Leftovers\n|upkeep\n|turn|3\n|\n|t:|1768579694\n|switch|p2a: Heracross|Heracross, L79, F|256/256\n|move|p1a: Empoleon|Scald|p2a: Heracross\n|-crit|p2a: Heracross\n|-damage|p2a: Heracross|123/256\n|-status|p2a: Heracross|brn\n|\n|-damage|p2a: Heracross|91/256 brn|[from] brn\n|upkeep\n|turn|4\n|c|☆RNGgivethRNGtaketh|Damn\n|\n|t:|1768579705\n|move|p2a: Heracross|Close Combat|p1a: Empoleon\n|-supereffective|p1a: Empoleon\n|-damage|p1a: Empoleon|64/272\n|-unboost|p2a: Heracross|def|1\n|-unboost|p2a: Heracross|spd|1\n|move|p1a: Empoleon|Scald|p2a: Heracross\n|-damage|p2a: Heracross|0 fnt\n|faint|p2a: Heracross\n|\n|-heal|p1a: Empoleon|81/272|[from] item: Leftovers\n|upkeep\n|\n|t:|1768579729\n|switch|p2a: Swampert|Swampert, L82, M|298/298\n|turn|5\n|\n|t:|1768579734\n|move|p1a: Empoleon|Toxic|p2a: Swampert\n|-status|p2a: Swampert|tox\n|move|p2a: Swampert|Earthquake|p1a: Empoleon\n|-supereffective|p1a: Empoleon\n|-damage|p1a: Empoleon|0 fnt\n|faint|p1a: Empoleon\n|\n|-damage|p2a: Swampert|280/298 tox|[from] psn\n|upkeep\n|\n|t:|1768579743\n|switch|p1a: Delibird|Delibird, F|251/251\n|turn|6\n|\n|t:|1768579750\n|move|p1a: Delibird|Rapid Spin|p2a: Swampert\n|-damage|p2a: Swampert|271/298 tox\n|-sideend|p1: Romanthekloman|Sticky Web|[from] move: Rapid Spin|[of] p1a: Delibird\n|move|p2a: Swampert|Toxic|p1a: Delibird\n|-status|p1a: Delibird|tox\n|\n|-heal|p2a: Swampert|289/298 tox|[from] item: Leftovers\n|-damage|p1a: Delibird|236/251 tox|[from] psn\n|-damage|p2a: Swampert|253/298 tox|[from] psn\n|upkeep\n|turn|7\n|\n|t:|1768579755\n|switch|p2a: Klefki|Klefki, L79, M|83/220\n|move|p1a: Delibird|Freeze-Dry|p2a: Klefki\n|-resisted|p2a: Klefki\n|-damage|p2a: Klefki|44/220\n|\n|-heal|p1a: Delibird|251/251 tox|[from] item: Leftovers\n|-heal|p2a: Klefki|57/220|[from] item: Leftovers\n|-damage|p1a: Delibird|221/251 tox|[from] psn\n|upkeep\n|turn|8\n|inactive|Romanthekloman has 120 seconds left.\n|\n|t:|1768579786\n|switch|p1a: Aromatisse|Aromatisse, L89, M|325/325\n|move|p2a: Klefki|Spikes|p1a: Aromatisse\n|-sidestart|p1: Romanthekloman|Spikes\n|\n|-heal|p2a: Klefki|70/220|[from] item: Leftovers\n|upkeep\n|turn|9\n|\n|t:|1768579814\n|switch|p2a: Shuckle|Shuckle, L84, M|171/171\n|move|p1a: Aromatisse|Calm Mind|p1a: Aromatisse\n|-boost|p1a: Aromatisse|spa|1\n|-boost|p1a: Aromatisse|spd|1\n|\n|upkeep\n|turn|10\n|\n|t:|1768579819\n|move|p1a: Aromatisse|Calm Mind|p1a: Aromatisse\n|-boost|p1a: Aromatisse|spa|1\n|-boost|p1a: Aromatisse|spd|1\n|move|p2a: Shuckle|Toxic|p1a: Aromatisse\n|-status|p1a: Aromatisse|tox\n|\n|-damage|p1a: Aromatisse|305/325 tox|[from] psn\n|upkeep\n|turn|11\n|\n|t:|1768579823\n|move|p1a: Aromatisse|Moonblast|p2a: Shuckle\n|-damage|p2a: Shuckle|72/171\n|move|p2a: Shuckle|Knock Off|p1a: Aromatisse\n|-resisted|p1a: Aromatisse\n|-crit|p1a: Aromatisse\n|-damage|p1a: Aromatisse|289/325 tox\n|-enditem|p1a: Aromatisse|Leftovers|[from] move: Knock Off|[of] p2a: Shuckle\n|\n|-damage|p1a: Aromatisse|249/325 tox|[from] psn\n|upkeep\n|turn|12\n|\n|t:|1768579828\n|switch|p2a: Audino|Audino, L92, F|339/339\n|move|p1a: Aromatisse|Moonblast|p2a: Audino\n|-damage|p2a: Audino|117/339\n|\n|-damage|p1a: Aromatisse|189/325 tox|[from] psn\n|upkeep\n|turn|13\n|\n|t:|1768579830\n|move|p2a: Audino|Protect|p2a: Audino\n|-singleturn|p2a: Audino|Protect\n|move|p1a: Aromatisse|Moonblast|p2a: Audino\n|-activate|p2a: Audino|move: Protect\n|\n|-damage|p1a: Aromatisse|109/325 tox|[from] psn\n|upkeep\n|turn|14\n|\n|t:|1768579836\n|switch|p2a: Swampert|Swampert, L82, M|253/298 tox\n|move|p1a: Aromatisse|Moonblast|p2a: Swampert\n|-damage|p2a: Swampert|24/298 tox\n|\n|-heal|p2a: Swampert|42/298 tox|[from] item: Leftovers\n|-damage|p2a: Swampert|24/298 tox|[from] psn\n|-damage|p1a: Aromatisse|9/325 tox|[from] psn\n|upkeep\n|turn|15\n|\n|t:|1768579841\n|move|p2a: Swampert|Scald|p1a: Aromatisse\n|-crit|p1a: Aromatisse\n|-damage|p1a: Aromatisse|0 fnt\n|faint|p1a: Aromatisse\n|\n|-heal|p2a: Swampert|42/298 tox|[from] item: Leftovers\n|-damage|p2a: Swampert|6/298 tox|[from] psn\n|upkeep\n|\n|t:|1768579854\n|switch|p1a: Delibird|Delibird, F|221/251 tox\n|turn|16\n|\n|t:|1768579865\n|move|p1a: Delibird|Spikes|p2a: Swampert\n|-sidestart|p2: RNGgivethRNGtaketh|Spikes\n|move|p2a: Swampert|Scald|p1a: Delibird\n|-damage|p1a: Delibird|80/251 tox\n|\n|-heal|p1a: Delibird|95/251 tox|[from] item: Leftovers\n|-heal|p2a: Swampert|24/298 tox|[from] item: Leftovers\n|-damage|p1a: Delibird|80/251 tox|[from] psn\n|-damage|p2a: Swampert|0 fnt|[from] psn\n|faint|p2a: Swampert\n|upkeep\n|\n|t:|1768579870\n|switch|p2a: Jumpluff|Jumpluff, L90, F|281/281\n|turn|17\n|\n|t:|1768579876\n|move|p2a: Jumpluff|Substitute|p2a: Jumpluff\n|-start|p2a: Jumpluff|Substitute\n|-damage|p2a: Jumpluff|211/281\n|move|p1a: Delibird|Freeze-Dry|p2a: Jumpluff\n|-supereffective|p2a: Jumpluff\n|-end|p2a: Jumpluff|Substitute\n|\n|-heal|p1a: Delibird|95/251 tox|[from] item: Leftovers\n|-damage|p1a: Delibird|65/251 tox|[from] psn\n|upkeep\n|turn|18\n|\n|t:|1768579881\n|move|p2a: Jumpluff|Acrobatics|p1a: Delibird\n|-damage|p1a: Delibird|0 fnt\n|faint|p1a: Delibird\n|\n|upkeep\n|\n|t:|1768579889\n|switch|p1a: Meowstic|Meowstic-F, L90, F|280/280\n|-damage|p1a: Meowstic|245/280|[from] Spikes\n|turn|19\n|\n|t:|1768579915\n|move|p2a: Jumpluff|Substitute|p2a: Jumpluff\n|-start|p2a: Jumpluff|Substitute\n|-damage|p2a: Jumpluff|141/281\n|move|p1a: Meowstic|Psyshock|p2a: Jumpluff\n|-end|p2a: Jumpluff|Substitute\n|\n|upkeep\n|turn|20\n|\n|t:|1768579942\n|switch|p2a: Shuckle|Shuckle, L84, M|72/171\n|-damage|p2a: Shuckle|51/171|[from] Spikes\n|move|p1a: Meowstic|Psyshock|p2a: Shuckle\n|-damage|p2a: Shuckle|0 fnt\n|faint|p2a: Shuckle\n|\n|upkeep\n|\n|t:|1768579944\n|switch|p2a: Klefki|Klefki, L79, M|70/220\n|-damage|p2a: Klefki|43/220|[from] Spikes\n|turn|21\n|\n|t:|1768579947\n|move|p2a: Klefki|Thunder Wave|p1a: Meowstic\n|-status|p1a: Meowstic|par\n|move|p1a: Meowstic|Psyshock|p2a: Klefki\n|-resisted|p2a: Klefki\n|-crit|p2a: Klefki\n|-damage|p2a: Klefki|0 fnt\n|faint|p2a: Klefki\n|\n|upkeep\n|\n|t:|1768579953\n|switch|p2a: Audino|Audino, L92, F|230/339\n|-damage|p2a: Audino|188/339|[from] Spikes\n|turn|22\n|\n|t:|1768579957\n|move|p2a: Audino|Wish|p2a: Audino\n|move|p1a: Meowstic|Psyshock|p2a: Audino\n|-damage|p2a: Audino|68/339\n|\n|upkeep\n|turn|23\n|\n|t:|1768579970\n|switch|p1a: Mr. Mime|Mr. Mime, L89, M|216/216\n|-damage|p1a: Mr. Mime|189/216|[from] Spikes\n|move|p2a: Audino|Protect||[still]\n|-fail|p2a: Audino\n|\n|-heal|p2a: Audino|237/339|[from] move: Wish|[wisher] Audino\n|upkeep\n|turn|24\n|\n|t:|1768579985\n|switch|p2a: Jumpluff|Jumpluff, L90, F|141/281\n|move|p1a: Mr. Mime|Psychic|p2a: Jumpluff\n|-damage|p2a: Jumpluff|24/281\n|-damage|p1a: Mr. Mime|168/216|[from] item: Life Orb\n|\n|upkeep\n|turn|25\n|\n|t:|1768579992\n|move|p2a: Jumpluff|Acrobatics|p1a: Mr. Mime\n|-damage|p1a: Mr. Mime|62/216\n|move|p1a: Mr. Mime|Psychic|p2a: Jumpluff\n|-damage|p2a: Jumpluff|0 fnt\n|faint|p2a: Jumpluff\n|-damage|p1a: Mr. Mime|41/216|[from] item: Life Orb\n|\n|upkeep\n|\n|t:|1768579997\n|switch|p2a: Audino|Audino, L92, F|339/339\n|-damage|p2a: Audino|297/339|[from] Spikes\n|turn|26\n|\n|t:|1768580003\n|detailschange|p2a: Audino|Audino-Mega, L92, F\n|-mega|p2a: Audino|Audino|Audinite\n|move|p1a: Mr. Mime|Psychic|p2a: Audino\n|-damage|p2a: Audino|206/339\n|-damage|p1a: Mr. Mime|20/216|[from] item: Life Orb\n|move|p2a: Audino|Dazzling Gleam|p1a: Mr. Mime\n|-damage|p1a: Mr. Mime|0 fnt\n|faint|p1a: Mr. Mime\n|\n|upkeep\n|\n|t:|1768580022\n|switch|p1a: Meowstic|Meowstic-F, L90, F|245/280 par\n|-damage|p1a: Meowstic|210/280 par|[from] Spikes\n|turn|27\n|\n|t:|1768580028\n|move|p2a: Audino|Wish|p2a: Audino\n|move|p1a: Meowstic|Psyshock|p2a: Audino\n|-damage|p2a: Audino|107/339\n|\n|upkeep\n|turn|28\n|\n|t:|1768580033\n|move|p2a: Audino|Protect|p2a: Audino\n|-singleturn|p2a: Audino|Protect\n|cant|p1a: Meowstic|par\n|\n|-heal|p2a: Audino|276/339|[from] move: Wish|[wisher] Audino\n|upkeep\n|turn|29\n|\n|t:|1768580035\n|move|p2a: Audino|Wish|p2a: Audino\n|move|p1a: Meowstic|Psyshock|p2a: Audino\n|-damage|p2a: Audino|186/339\n|\n|upkeep\n|turn|30\n|\n|t:|1768580039\n|move|p2a: Audino|Dazzling Gleam|p1a: Meowstic\n|-damage|p1a: Meowstic|116/280 par\n|move|p1a: Meowstic|Psyshock|p2a: Audino\n|-damage|p2a: Audino|101/339\n|\n|-heal|p2a: Audino|270/339|[from] move: Wish|[wisher] Audino\n|upkeep\n|turn|31\n|\n|t:|1768580045\n|move|p2a: Audino|Wish|p2a: Audino\n|cant|p1a: Meowstic|par\n|\n|upkeep\n|turn|32\n|\n|t:|1768580048\n|move|p2a: Audino|Dazzling Gleam|p1a: Meowstic\n|-damage|p1a: Meowstic|31/280 par\n|move|p1a: Meowstic|Psyshock|p2a: Audino\n|-damage|p2a: Audino|183/339\n|\n|-heal|p2a: Audino|339/339|[from] move: Wish|[wisher] Audino\n|upkeep\n|turn|33\n|\n|t:|1768580055\n|move|p2a: Audino|Dazzling Gleam|p1a: Meowstic\n|-damage|p1a: Meowstic|0 fnt\n|faint|p1a: Meowstic\n|\n|upkeep\n|\n|t:|1768580056\n|switch|p1a: Basculin|Basculin-Blue-Striped, L86, F|261/261\n|-damage|p1a: Basculin|229/261|[from] Spikes\n|turn|34\n|\n|t:|1768580061\n|move|p2a: Audino|Protect|p2a: Audino\n|-singleturn|p2a: Audino|Protect\n|move|p1a: Basculin|Waterfall|p2a: Audino\n|-activate|p2a: Audino|move: Protect\n|\n|upkeep\n|turn|35\n|\n|t:|1768580065\n|move|p1a: Basculin|Waterfall|p2a: Audino\n|-damage|p2a: Audino|227/339\n|move|p2a: Audino|Wish|p2a: Audino\n|\n|upkeep\n|turn|36\n|\n|t:|1768580071\n|move|p1a: Basculin|Waterfall|p2a: Audino\n|-damage|p2a: Audino|105/339\n|cant|p2a: Audino|flinch\n|\n|-heal|p2a: Audino|274/339|[from] move: Wish|[wisher] Audino\n|upkeep\n|turn|37\n|\n|t:|1768580079\n|move|p1a: Basculin|Waterfall|p2a: Audino\n|-damage|p2a: Audino|158/339\n|move|p2a: Audino|Wish|p2a: Audino\n|\n|upkeep\n|turn|38\n|\n|t:|1768580088\n|move|p1a: Basculin|Waterfall|p2a: Audino\n|-crit|p2a: Audino\n|-damage|p2a: Audino|0 fnt\n|faint|p2a: Audino\n|detailschange|p2: Audino|Audino, L92, F|[silent]\n|\n|win|Romanthekloman\n|raw|Romanthekloman's rating: 1510 &rarr; <strong>1537</strong><br />(+27 for winning)\n|raw|RNGgivethRNGtaketh's rating: 1636 &rarr; <strong>1609</strong><br />(-27 for losing)\n|c|☆Romanthekloman|!!\n|c|☆RNGgivethRNGtaketh|Lmao I just knew it damn. Gg\n|l|☆Romanthekloman\n|player|p1|\n", "inputlog": ">version 3bd1a1e329da8d286644078cfc9a9638fc7ea025\n>start {\"formatid\":\"gen6randombattle\",\"seed\":\"sodium,3bf50dd2a88072d497eca7b7b6b1e55d\",\"rated\":\"Rated battle\"}\n>player p1 {\"name\":\"Romanthekloman\",\"avatar\":\"n\",\"rating\":1510,\"seed\":\"sodium,ed20390946b86e6a3946b433d2321c88\"}\n>player p2 {\"name\":\"RNGgivethRNGtaketh\",\"avatar\":\"brock\",\"rating\":1636,\"seed\":\"sodium,b232785f2c1cb5145cb47afc378ba40c\"}\n>p1 switch 3\n>p2 move stickyweb\n>p1 move scald\n>p2 switch 3\n>p1 move scald\n>p2 switch 2\n>chat ☆RNGgivethRNGtaketh|Damn\n>p1 move scald\n>p2 move closecombat\n>p2 switch 4\n>p1 move toxic\n>p2 move earthquake\n>p1 switch 5\n>p1 move rapidspin\n>p2 move toxic\n>p1 move freezedry\n>p2 switch 2\n>p1 switch 4\n>p2 move spikes\n>p1 move calmmind\n>p2 switch 3\n>p1 move calmmind\n>p2 move toxic\n>p1 move moonblast\n>p2 move knockoff\n>p1 move moonblast\n>p2 switch 5\n>p1 move moonblast\n>p2 move protect\n>p1 move moonblast\n>p2 switch 2\n>p1 move wish\n>p2 move scald\n>p1 switch 4\n>p1 move spikes\n>p2 move scald\n>p2 switch 6\n>p1 move freezedry\n>p2 move substitute\n>p1 move freezedry\n>p2 move acrobatics\n>p1 switch 3\n>p1 move psyshock\n>p2 move substitute\n>p1 move psyshock\n>p2 switch 5\n>p2 switch 3\n>p1 move psyshock\n>p2 move thunderwave\n>p2 switch 2\n>p1 move psyshock\n>p2 move wish\n>p1 switch 6\n>p2 move protect\n>p1 move psychic\n>p2 switch 5\n>p1 move psychic\n>p2 move acrobatics\n>p2 switch 5\n>p1 move psychic\n>p2 move dazzlinggleam mega\n>p1 switch 6\n>p1 move psyshock\n>p2 move wish\n>p1 move psyshock\n>p2 move protect\n>p1 move psyshock\n>p2 move wish\n>p1 move psyshock\n>p2 move dazzlinggleam\n>p1 move psyshock\n>p2 move wish\n>p1 move psyshock\n>p2 move dazzlinggleam\n>p1 move psyshock\n>p2 move dazzlinggleam\n>p1 switch 2\n>p1 move waterfall\n>p2 move protect\n>p1 move waterfall\n>p2 move wish\n>p1 move waterfall\n>p2 move toxic\n>p1 move waterfall\n>p2 move wish\n>p1 move waterfall\n>p2 move toxic", "uploadtime": 1768580114, "views": 301, "formatid": "gen6randombattle", "rating": 1537, "private": 0, "password": null}