{"id": "gen6randombattle-2531877862", "format": "[Gen 6] Random Battle", "players": ["Blatjanglover", "nardodick"], "log": "|j|☆Blatjanglover\n|j|☆nardodick\n|t:|1770114625\n|gametype|singles\n|player|p1|Blatjanglover|brock|1675\n|player|p2|nardodick|265|1605\n|gen|6\n|tier|[Gen 6] Random Battle\n|rated|\n|rule|Sleep Clause Mod: Limit one foe put to sleep\n|rule|HP Percentage Mod: HP is shown in percentages\n|rule|Illusion Level Mod: Illusion disguises the Pokémon's true level\n|\n|t:|1770114625\n|teamsize|p1|6\n|teamsize|p2|6\n|start\n|switch|p1a: Ditto|Ditto, L84|218/218\n|switch|p2a: Hawlucha|Hawlucha, L77, F|247/247\n|-transform|p1a: Ditto|p2a: Hawlucha|[from] ability: Imposter\n|turn|1\n|inactive|Battle timer is ON: inactive players will automatically lose when time's up. (requested by nardodick)\n|\n|t:|1770114643\n|switch|p1a: Aegislash|Aegislash, L78, F|222/222\n|move|p2a: Hawlucha|Sky Attack||[still]\n|-prepare|p2a: Hawlucha|Sky Attack\n|-enditem|p2a: Hawlucha|Power Herb\n|-anim|p2a: Hawlucha|Sky Attack|p1a: Aegislash\n|-resisted|p1a: Aegislash\n|-damage|p1a: Aegislash|183/222\n|\n|-heal|p1a: Aegislash|196/222|[from] item: Leftovers\n|upkeep\n|turn|2\n|\n|t:|1770114650\n|switch|p2a: Krookodile|Krookodile, L78, M|276/276\n|-ability|p2a: Krookodile|Intimidate|boost\n|-unboost|p1a: Aegislash|atk|1\n|move|p1a: Aegislash|Toxic|p2a: Krookodile\n|-status|p2a: Krookodile|tox\n|\n|-heal|p1a: Aegislash|209/222|[from] item: Leftovers\n|-damage|p2a: Krookodile|259/276 tox|[from] psn\n|upkeep\n|turn|3\n|\n|t:|1770114662\n|move|p1a: Aegislash|King's Shield|p1a: Aegislash\n|-singleturn|p1a: Aegislash|Protect\n|move|p2a: Krookodile|Stealth Rock|p1a: Aegislash\n|-sidestart|p1: Blatjanglover|move: Stealth Rock\n|\n|-heal|p1a: Aegislash|222/222|[from] item: Leftovers\n|-damage|p2a: Krookodile|225/276 tox|[from] psn\n|upkeep\n|turn|4\n|\n|t:|1770114666\n|switch|p1a: Ditto|Ditto, L84|218/218\n|-damage|p1a: Ditto|191/218|[from] Stealth Rock\n|-transform|p1a: Ditto|p2a: Krookodile|[from] ability: Imposter\n|-ability|p1a: Ditto|Intimidate|boost\n|-unboost|p2a: Krookodile|atk|1\n|move|p2a: Krookodile|Knock Off|p1a: Ditto\n|-resisted|p1a: Ditto\n|-crit|p1a: Ditto\n|-damage|p1a: Ditto|82/218\n|-enditem|p1a: Ditto|Choice Scarf|[from] move: Knock Off|[of] p2a: Krookodile\n|-damage|p2a: Krookodile|198/276 tox|[from] item: Life Orb\n|\n|-damage|p2a: Krookodile|147/276 tox|[from] psn\n|upkeep\n|turn|5\n|\n|t:|1770114671\n|move|p1a: Ditto|Stealth Rock|p2a: Krookodile\n|-sidestart|p2: nardodick|move: Stealth Rock\n|move|p2a: Krookodile|Earthquake|p1a: Ditto\n|-damage|p1a: Ditto|0 fnt\n|faint|p1a: Ditto\n|-damage|p2a: Krookodile|120/276 tox|[from] item: Life Orb\n|\n|-damage|p2a: Krookodile|52/276 tox|[from] psn\n|upkeep\n|\n|t:|1770114674\n|switch|p1a: Delibird|Delibird, F|251/251\n|-damage|p1a: Delibird|126/251|[from] Stealth Rock\n|turn|6\n|\n|t:|1770114682\n|move|p1a: Delibird|Rapid Spin|p2a: Krookodile\n|-damage|p2a: Krookodile|40/276 tox\n|-sideend|p1: Blatjanglover|Stealth Rock|[from] move: Rapid Spin|[of] p1a: Delibird\n|move|p2a: Krookodile|Knock Off|p1a: Delibird\n|-crit|p1a: Delibird\n|-damage|p1a: Delibird|0 fnt\n|-enditem|p1a: Delibird|Leftovers|[from] move: Knock Off|[of] p2a: Krookodile\n|faint|p1a: Delibird\n|-damage|p2a: Krookodile|13/276 tox|[from] item: Life Orb\n|\n|-damage|p2a: Krookodile|0 fnt|[from] psn\n|faint|p2a: Krookodile\n|upkeep\n|\n|t:|1770114694\n|switch|p1a: Lickilicky|Lickilicky, L88, F|337/337\n|switch|p2a: Sawk|Sawk, L84, M|263/263\n|-damage|p2a: Sawk|247/263|[from] Stealth Rock\n|-ability|p2a: Sawk|Mold Breaker\n|turn|7\n|\n|t:|1770114701\n|switch|p1a: Mr. Mime|Mr. Mime, L89, M|216/216\n|move|p2a: Sawk|Earthquake|p1a: Mr. Mime\n|-damage|p1a: Mr. Mime|56/216\n|\n|upkeep\n|turn|8\n|\n|t:|1770114708\n|switch|p2a: Lapras|Lapras, L87, F|368/368\n|-damage|p2a: Lapras|276/368|[from] Stealth Rock\n|move|p1a: Mr. Mime|Psychic|p2a: Lapras\n|-damage|p2a: Lapras|183/368\n|\n|-heal|p2a: Lapras|206/368|[from] item: Leftovers\n|upkeep\n|turn|9\n|\n|t:|1770114716\n|move|p1a: Mr. Mime|Psychic|p2a: Lapras\n|-damage|p2a: Lapras|112/368\n|move|p2a: Lapras|Hydro Pump|p1a: Mr. Mime\n|-damage|p1a: Mr. Mime|0 fnt\n|faint|p1a: Mr. Mime\n|\n|-heal|p2a: Lapras|135/368|[from] item: Leftovers\n|upkeep\n|\n|t:|1770114720\n|switch|p1a: Torterra|Torterra, L87, F, shiny|307/307\n|turn|10\n|\n|t:|1770114726\n|switch|p1a: Aegislash|Aegislash, L78, F|222/222\n|move|p2a: Lapras|Ice Beam|p1a: Aegislash\n|-resisted|p1a: Aegislash\n|-damage|p1a: Aegislash|192/222\n|\n|-heal|p2a: Lapras|158/368|[from] item: Leftovers\n|-heal|p1a: Aegislash|205/222|[from] item: Leftovers\n|upkeep\n|turn|11\n|\n|t:|1770114731\n|move|p2a: Lapras|Hydro Pump|p1a: Aegislash|[miss]\n|-miss|p2a: Lapras|p1a: Aegislash\n|move|p1a: Aegislash|Toxic|p2a: Lapras\n|-status|p2a: Lapras|tox\n|\n|-heal|p2a: Lapras|181/368 tox|[from] item: Leftovers\n|-heal|p1a: Aegislash|218/222|[from] item: Leftovers\n|-damage|p2a: Lapras|158/368 tox|[from] psn\n|upkeep\n|turn|12\n|\n|t:|1770114735\n|move|p1a: Aegislash|King's Shield|p1a: Aegislash\n|-singleturn|p1a: Aegislash|Protect\n|move|p2a: Lapras|Hydro Pump|p1a: Aegislash\n|-activate|p1a: Aegislash|move: Protect\n|\n|-heal|p2a: Lapras|181/368 tox|[from] item: Leftovers\n|-heal|p1a: Aegislash|222/222|[from] item: Leftovers\n|-damage|p2a: Lapras|135/368 tox|[from] psn\n|upkeep\n|turn|13\n|\n|t:|1770114738\n|switch|p1a: Lickilicky|Lickilicky, L88, F|337/337\n|move|p2a: Lapras|Hydro Pump|p1a: Lickilicky|[miss]\n|-miss|p2a: Lapras|p1a: Lickilicky\n|\n|-heal|p2a: Lapras|158/368 tox|[from] item: Leftovers\n|-damage|p2a: Lapras|89/368 tox|[from] psn\n|upkeep\n|turn|14\n|\n|t:|1770114746\n|switch|p1a: Aegislash|Aegislash, L78, F|222/222\n|move|p2a: Lapras|Hydro Pump|p1a: Aegislash\n|-damage|p1a: Aegislash|143/222\n|\n|-heal|p2a: Lapras|112/368 tox|[from] item: Leftovers\n|-heal|p1a: Aegislash|156/222|[from] item: Leftovers\n|-damage|p2a: Lapras|20/368 tox|[from] psn\n|upkeep\n|turn|15\n|\n|t:|1770114756\n|move|p1a: Aegislash|King's Shield|p1a: Aegislash\n|-singleturn|p1a: Aegislash|Protect\n|move|p2a: Lapras|Heal Bell|p2a: Lapras\n|-activate|p2a: Lapras|move: Heal Bell\n|-curestatus|p2a: Lapras|tox|[msg]\n|\n|-heal|p2a: Lapras|43/368|[from] item: Leftovers\n|-heal|p1a: Aegislash|169/222|[from] item: Leftovers\n|upkeep\n|turn|16\n|\n|t:|1770114759\n|move|p2a: Lapras|Hydro Pump|p1a: Aegislash\n|-damage|p1a: Aegislash|87/222\n|-formechange|p1a: Aegislash|Aegislash-Blade||[from] ability: Stance Change\n|move|p1a: Aegislash|Iron Head|p2a: Lapras\n|-damage|p2a: Lapras|0 fnt\n|faint|p2a: Lapras\n|\n|-heal|p1a: Aegislash|100/222|[from] item: Leftovers\n|upkeep\n|inactive|nardodick has 120 seconds left.\n|\n|t:|1770114797\n|switch|p2a: Marowak|Marowak, L88, M|249/249\n|-damage|p2a: Marowak|234/249|[from] Stealth Rock\n|turn|17\n|\n|t:|1770114807\n|switch|p1a: Torterra|Torterra, L87, F, shiny|307/307\n|move|p2a: Marowak|Knock Off|p1a: Torterra\n|-damage|p1a: Torterra|192/307\n|-enditem|p1a: Torterra|Leftovers|[from] move: Knock Off|[of] p2a: Marowak\n|\n|upkeep\n|turn|18\n|\n|t:|1770114815\n|switch|p2a: Hawlucha|Hawlucha, L77, F|247/247\n|-damage|p2a: Hawlucha|217/247|[from] Stealth Rock\n|move|p1a: Torterra|Synthesis|p1a: Torterra\n|-heal|p1a: Torterra|307/307\n|\n|upkeep\n|turn|19\n|\n|t:|1770114820\n|switch|p1a: Aegislash|Aegislash, L78, F|100/222\n|move|p2a: Hawlucha|Swords Dance|p2a: Hawlucha\n|-boost|p2a: Hawlucha|atk|2\n|\n|-heal|p1a: Aegislash|113/222|[from] item: Leftovers\n|upkeep\n|turn|20\n|\n|t:|1770114826\n|move|p1a: Aegislash|King's Shield|p1a: Aegislash\n|-singleturn|p1a: Aegislash|Protect\n|move|p2a: Hawlucha|Acrobatics|p1a: Aegislash\n|-activate|p1a: Aegislash|move: Protect\n|-unboost|p2a: Hawlucha|atk|2\n|\n|-heal|p1a: Aegislash|126/222|[from] item: Leftovers\n|upkeep\n|turn|21\n|\n|t:|1770114832\n|move|p2a: Hawlucha|Swords Dance|p2a: Hawlucha\n|-boost|p2a: Hawlucha|atk|2\n|move|p1a: Aegislash|Toxic|p2a: Hawlucha\n|-status|p2a: Hawlucha|tox\n|\n|-heal|p1a: Aegislash|139/222|[from] item: Leftovers\n|-damage|p2a: Hawlucha|202/247 tox|[from] psn\n|upkeep\n|turn|22\n|\n|t:|1770114835\n|move|p2a: Hawlucha|Acrobatics|p1a: Aegislash\n|-resisted|p1a: Aegislash\n|-damage|p1a: Aegislash|77/222\n|-formechange|p1a: Aegislash|Aegislash-Blade||[from] ability: Stance Change\n|move|p1a: Aegislash|Iron Head|p2a: Hawlucha\n|-damage|p2a: Hawlucha|78/247 tox\n|\n|-heal|p1a: Aegislash|90/222|[from] item: Leftovers\n|-damage|p2a: Hawlucha|48/247 tox|[from] psn\n|upkeep\n|turn|23\n|\n|t:|1770114843\n|move|p2a: Hawlucha|Sky Attack||[still]\n|-prepare|p2a: Hawlucha|Sky Attack\n|move|p1a: Aegislash|Iron Head|p2a: Hawlucha\n|-damage|p2a: Hawlucha|0 fnt\n|faint|p2a: Hawlucha\n|\n|-heal|p1a: Aegislash|103/222|[from] item: Leftovers\n|upkeep\n|\n|t:|1770114847\n|switch|p2a: Marowak|Marowak, L88, M|234/249\n|-damage|p2a: Marowak|219/249|[from] Stealth Rock\n|turn|24\n|\n|t:|1770114850\n|switch|p1a: Torterra|Torterra, L87, F, shiny|307/307\n|move|p2a: Marowak|Earthquake|p1a: Torterra\n|-resisted|p1a: Torterra\n|-damage|p1a: Torterra|227/307\n|\n|upkeep\n|turn|25\n|\n|t:|1770114876\n|switch|p2a: Sawk|Sawk, L84, M|247/263\n|-damage|p2a: Sawk|231/263|[from] Stealth Rock\n|-ability|p2a: Sawk|Mold Breaker\n|move|p1a: Torterra|Wood Hammer|p2a: Sawk\n|-damage|p2a: Sawk|65/263\n|-damage|p1a: Torterra|172/307|[from] Recoil\n|\n|upkeep\n|turn|26\n|c|☆Blatjanglover|Shiny Torterra looks sick. Like it needs to see a doctor\n|\n|t:|1770114890\n|switch|p1a: Aegislash|Aegislash, L78, F|103/222\n|move|p2a: Sawk|Close Combat|p1a: Aegislash\n|-immune|p1a: Aegislash\n|\n|-heal|p1a: Aegislash|116/222|[from] item: Leftovers\n|upkeep\n|turn|27\n|\n|t:|1770114896\n|move|p2a: Sawk|Close Combat|p1a: Aegislash\n|-immune|p1a: Aegislash\n|-formechange|p1a: Aegislash|Aegislash-Blade||[from] ability: Stance Change\n|move|p1a: Aegislash|Shadow Ball|p2a: Sawk\n|-damage|p2a: Sawk|0 fnt\n|faint|p2a: Sawk\n|\n|-heal|p1a: Aegislash|129/222|[from] item: Leftovers\n|upkeep\n|\n|t:|1770114902\n|switch|p2a: Marowak|Marowak, L88, M|219/249\n|-damage|p2a: Marowak|204/249|[from] Stealth Rock\n|turn|28\n|\n|t:|1770114908\n|switch|p1a: Torterra|Torterra, L87, F, shiny|172/307\n|move|p2a: Marowak|Earthquake|p1a: Torterra\n|-resisted|p1a: Torterra\n|-damage|p1a: Torterra|83/307\n|\n|upkeep\n|turn|29\n|\n|t:|1770114910\n|move|p1a: Torterra|Synthesis|p1a: Torterra\n|-heal|p1a: Torterra|236/307\n|move|p2a: Marowak|Double-Edge|p1a: Torterra\n|-damage|p1a: Torterra|105/307\n|\n|upkeep\n|turn|30\n|\n|t:|1770114917\n|move|p1a: Torterra|Synthesis|p1a: Torterra\n|-heal|p1a: Torterra|258/307\n|move|p2a: Marowak|Double-Edge|p1a: Torterra\n|-damage|p1a: Torterra|119/307\n|\n|upkeep\n|turn|31\n|\n|t:|1770114920\n|move|p1a: Torterra|Wood Hammer|p2a: Marowak\n|-supereffective|p2a: Marowak\n|-crit|p2a: Marowak\n|-damage|p2a: Marowak|0 fnt\n|faint|p2a: Marowak\n|-damage|p1a: Torterra|52/307|[from] Recoil\n|\n|upkeep\n|\n|t:|1770114922\n|switch|p2a: Ursaring|Ursaring, L85, M|292/292\n|-damage|p2a: Ursaring|256/292|[from] Stealth Rock\n|turn|32\n|\n|t:|1770114930\n|move|p1a: Torterra|Wood Hammer|p2a: Ursaring\n|-damage|p2a: Ursaring|0 fnt\n|faint|p2a: Ursaring\n|-damage|p1a: Torterra|0 fnt|[from] Recoil\n|faint|p1a: Torterra\n|\n|win|Blatjanglover\n|raw|Blatjanglover's rating: 1675 &rarr; <strong>1691</strong><br />(+16 for winning)\n|raw|nardodick's rating: 1605 &rarr; <strong>1589</strong><br />(-16 for losing)\n|l|☆nardodick\n|player|p2|\n", "inputlog": ">version ccdc32dd7cde25fd9e4bed64820e885f66e78a4e\n>start {\"formatid\":\"gen6randombattle\",\"seed\":\"sodium,3b7205cefb08e6c6784bfffd690eaea8\",\"rated\":\"Rated battle\"}\n>player p1 {\"name\":\"Blatjanglover\",\"avatar\":\"brock\",\"rating\":1675,\"seed\":\"sodium,c0dbd6d1eb944dd035cf98c9648b3f34\"}\n>player p2 {\"name\":\"nardodick\",\"avatar\":\"265\",\"rating\":1605,\"seed\":\"sodium,9e53fab3ffa39b5fdb4eb83fbe28367a\"}\n>p1 switch 2\n>p2 move skyattack\n>p1 move toxic\n>p2 switch 4\n>p1 move kingsshield\n>p2 move stealthrock\n>p1 switch 2\n>p2 move knockoff\n>p1 move stealthrock\n>p2 move earthquake\n>p1 switch 5\n>p1 move rapidspin\n>p2 move knockoff\n>p1 switch 6\n>p2 switch 2\n>p1 switch 3\n>p2 move earthquake\n>p1 move psychic\n>p2 switch 5\n>p1 move psychic\n>p2 move hydropump\n>p1 switch 4\n>p1 switch 2\n>p2 move icebeam\n>p1 move toxic\n>p2 move hydropump\n>p1 move kingsshield\n>p2 move hydropump\n>p1 switch 3\n>p2 move hydropump\n>p1 switch 3\n>p2 move hydropump\n>p1 move kingsshield\n>p2 move healbell\n>p1 move ironhead\n>p2 move hydropump\n>p2 switch 3\n>p1 switch 2\n>p2 move knockoff\n>p1 move synthesis\n>p2 switch 4\n>p1 switch 2\n>p2 move swordsdance\n>p1 move kingsshield\n>p2 move acrobatics\n>p1 move toxic\n>p2 move swordsdance\n>p1 move ironhead\n>p2 move acrobatics\n>p1 move ironhead\n>p2 move skyattack\n>p2 switch 4\n>p1 switch 2\n>p2 move earthquake\n>p1 move woodhammer\n>p2 switch 5\n>chat ☆Blatjanglover|Shiny Torterra looks sick. Like it needs to see a doctor\n>p1 switch 2\n>p2 move closecombat\n>p1 move shadowball\n>p2 move closecombat\n>p2 switch 5\n>p1 switch 2\n>p2 move earthquake\n>p1 move synthesis\n>p2 move doubleedge\n>p1 move synthesis\n>p2 move doubleedge\n>p1 move woodhammer\n>p2 move doubleedge\n>p2 switch 6\n>p1 move woodhammer\n>p2 move facade", "uploadtime": 1770114938, "views": 210, "formatid": "gen6randombattle", "rating": 1589, "private": 0, "password": null}