{"id": "gen6randombattle-2521402829", "format": "[Gen 6] Random Battle", "players": ["arboretums", "Yomamma777"], "log": "|j|☆arboretums\n|j|☆Yomamma777\n|t:|1768769654\n|gametype|singles\n|player|p1|arboretums|serena-masters2|1598\n|player|p2|Yomamma777|2|1697\n|gen|6\n|tier|[Gen 6] Random Battle\n|rated|\n|rule|Sleep Clause Mod: Limit one foe put to sleep\n|rule|HP Percentage Mod: HP is shown in percentages\n|rule|Illusion Level Mod: Illusion disguises the Pokémon's true level\n|\n|t:|1768769654\n|teamsize|p1|6\n|teamsize|p2|6\n|start\n|switch|p1a: Yveltal|Yveltal, L69|288/288\n|switch|p2a: Regice|Regice, L87|281/281\n|-ability|p1a: Yveltal|Dark Aura\n|turn|1\n|inactive|Battle timer is ON: inactive players will automatically lose when time's up. (requested by Yomamma777)\n|\n|t:|1768769669\n|switch|p1a: Jirachi|Jirachi, L78|284/284\n|move|p2a: Regice|Thunder Wave|p1a: Jirachi\n|-status|p1a: Jirachi|par\n|\n|upkeep\n|turn|2\n|\n|t:|1768769678\n|switch|p2a: Magcargo|Magcargo, L98, M|256/256\n|move|p1a: Jirachi|Body Slam|p2a: Magcargo\n|-resisted|p2a: Magcargo\n|-damage|p2a: Magcargo|236/256\n|\n|-heal|p2a: Magcargo|252/256|[from] item: Leftovers\n|upkeep\n|turn|3\n|\n|t:|1768769685\n|switch|p1a: Nidoqueen|Nidoqueen, L81, F|278/278\n|move|p2a: Magcargo|Stealth Rock|p1a: Nidoqueen\n|-sidestart|p1: arboretums|move: Stealth Rock\n|\n|-heal|p2a: Magcargo|256/256|[from] item: Leftovers\n|upkeep\n|turn|4\n|\n|t:|1768769694\n|switch|p2a: Regice|Regice, L87|281/281\n|move|p1a: Nidoqueen|Stealth Rock|p2a: Regice\n|-sidestart|p2: Yomamma777|move: Stealth Rock\n|\n|upkeep\n|turn|5\n|\n|t:|1768769699\n|switch|p1a: Jirachi|Jirachi, L78|284/284 par\n|-damage|p1a: Jirachi|267/284 par|[from] Stealth Rock\n|move|p2a: Regice|Ice Beam|p1a: Jirachi\n|-resisted|p1a: Jirachi\n|-damage|p1a: Jirachi|213/284 par\n|\n|-heal|p1a: Jirachi|230/284 par|[from] item: Leftovers\n|upkeep\n|turn|6\n|\n|t:|1768769717\n|switch|p2a: Sableye|Sableye, L81, M|214/214\n|-damage|p2a: Sableye|188/214|[from] Stealth Rock\n|move|p1a: Jirachi|Body Slam|p2a: Sableye\n|-immune|p2a: Sableye\n|\n|-heal|p1a: Jirachi|247/284 par|[from] item: Leftovers\n|upkeep\n|turn|7\n|\n|t:|1768769727\n|detailschange|p2a: Sableye|Sableye-Mega, L81, M\n|-mega|p2a: Sableye|Sableye|Sablenite\n|move|p2a: Sableye|Calm Mind|p2a: Sableye\n|-boost|p2a: Sableye|spa|1\n|-boost|p2a: Sableye|spd|1\n|move|p1a: Jirachi|Toxic|p2a: Sableye\n|move|p2a: Sableye|Toxic|p1a: Jirachi|[from] ability: Magic Bounce|[miss]\n|-miss|p2a: Sableye|p1a: Jirachi\n|\n|-heal|p1a: Jirachi|264/284 par|[from] item: Leftovers\n|upkeep\n|turn|8\n|\n|t:|1768769751\n|switch|p1a: Avalugg|Avalugg, L90, F|317/317\n|-damage|p1a: Avalugg|238/317|[from] Stealth Rock\n|move|p2a: Sableye|Dark Pulse|p1a: Avalugg\n|-damage|p1a: Avalugg|79/317\n|\n|-heal|p1a: Avalugg|98/317|[from] item: Leftovers\n|upkeep\n|turn|9\n|\n|t:|1768769764\n|move|p2a: Sableye|Calm Mind|p2a: Sableye\n|-boost|p2a: Sableye|spa|1\n|-boost|p2a: Sableye|spd|1\n|move|p1a: Avalugg|Avalanche|p2a: Sableye\n|-damage|p2a: Sableye|116/214\n|\n|-heal|p1a: Avalugg|117/317|[from] item: Leftovers\n|upkeep\n|turn|10\n|\n|t:|1768769769\n|move|p2a: Sableye|Dark Pulse|p1a: Avalugg\n|-damage|p1a: Avalugg|0 fnt\n|faint|p1a: Avalugg\n|\n|upkeep\n|\n|t:|1768769776\n|switch|p1a: Scolipede|Scolipede, L79, F|224/224\n|-damage|p1a: Scolipede|168/224|[from] Stealth Rock\n|turn|11\n|\n|t:|1768769781\n|move|p1a: Scolipede|Megahorn|p2a: Sableye\n|-damage|p2a: Sableye|7/214\n|-damage|p1a: Scolipede|146/224|[from] item: Life Orb\n|move|p2a: Sableye|Will-O-Wisp|p1a: Scolipede\n|-status|p1a: Scolipede|brn\n|\n|-damage|p1a: Scolipede|118/224 brn|[from] brn\n|-ability|p1a: Scolipede|Speed Boost|boost\n|-boost|p1a: Scolipede|spe|1\n|upkeep\n|turn|12\n|\n|t:|1768769788\n|move|p1a: Scolipede|Poison Jab|p2a: Sableye\n|-resisted|p2a: Sableye\n|-damage|p2a: Sableye|0 fnt\n|faint|p2a: Sableye\n|detailschange|p2: Sableye|Sableye, L81, M|[silent]\n|-damage|p1a: Scolipede|96/224 brn|[from] item: Life Orb\n|\n|-damage|p1a: Scolipede|68/224 brn|[from] brn\n|-ability|p1a: Scolipede|Speed Boost|boost\n|-boost|p1a: Scolipede|spe|1\n|upkeep\n|\n|t:|1768769793\n|switch|p2a: Magcargo|Magcargo, L98, M|256/256\n|-damage|p2a: Magcargo|192/256|[from] Stealth Rock\n|turn|13\n|\n|t:|1768769800\n|move|p1a: Scolipede|Toxic Spikes|p2a: Magcargo\n|-sidestart|p2: Yomamma777|move: Toxic Spikes\n|move|p2a: Magcargo|Lava Plume|p1a: Scolipede\n|-supereffective|p1a: Scolipede\n|-damage|p1a: Scolipede|0 fnt\n|faint|p1a: Scolipede\n|\n|-heal|p2a: Magcargo|208/256|[from] item: Leftovers\n|upkeep\n|\n|t:|1768769807\n|switch|p1a: Nidoqueen|Nidoqueen, L81, F|278/278\n|-damage|p1a: Nidoqueen|261/278|[from] Stealth Rock\n|turn|14\n|\n|t:|1768769820\n|move|p1a: Nidoqueen|Poison Jab|p2a: Magcargo\n|-resisted|p2a: Magcargo\n|-damage|p2a: Magcargo|163/256\n|move|p2a: Magcargo|Lava Plume|p1a: Nidoqueen\n|-damage|p1a: Nidoqueen|156/278\n|\n|-heal|p2a: Magcargo|179/256|[from] item: Leftovers\n|upkeep\n|turn|15\n|\n|t:|1768769836\n|move|p1a: Nidoqueen|Earth Power|p2a: Magcargo\n|-supereffective|p2a: Magcargo\n|-damage|p2a: Magcargo|0 fnt\n|faint|p2a: Magcargo\n|\n|upkeep\n|\n|t:|1768769841\n|switch|p2a: Regice|Regice, L87|281/281\n|-damage|p2a: Regice|211/281|[from] Stealth Rock\n|-status|p2a: Regice|psn\n|turn|16\n|\n|t:|1768769847\n|switch|p1a: Jirachi|Jirachi, L78|264/284 par\n|-damage|p1a: Jirachi|247/284 par|[from] Stealth Rock\n|move|p2a: Regice|Ice Beam|p1a: Jirachi\n|-resisted|p1a: Jirachi\n|-damage|p1a: Jirachi|192/284 par\n|\n|-heal|p2a: Regice|228/281 psn|[from] item: Leftovers\n|-heal|p1a: Jirachi|209/284 par|[from] item: Leftovers\n|-damage|p2a: Regice|193/281 psn|[from] psn\n|upkeep\n|turn|17\n|\n|t:|1768769858\n|move|p2a: Regice|Thunderbolt|p1a: Jirachi\n|-crit|p1a: Jirachi\n|-damage|p1a: Jirachi|115/284 par\n|move|p1a: Jirachi|Iron Head|p2a: Regice\n|-supereffective|p2a: Regice\n|-damage|p2a: Regice|71/281 psn\n|\n|-heal|p2a: Regice|88/281 psn|[from] item: Leftovers\n|-heal|p1a: Jirachi|132/284 par|[from] item: Leftovers\n|-damage|p2a: Regice|53/281 psn|[from] psn\n|upkeep\n|turn|18\n|\n|t:|1768769864\n|move|p2a: Regice|Thunderbolt|p1a: Jirachi\n|-damage|p1a: Jirachi|67/284 par\n|move|p1a: Jirachi|Iron Head|p2a: Regice\n|-supereffective|p2a: Regice\n|-damage|p2a: Regice|0 fnt\n|faint|p2a: Regice\n|\n|-heal|p1a: Jirachi|84/284 par|[from] item: Leftovers\n|upkeep\n|\n|t:|1768769870\n|switch|p2a: Gogoat|Gogoat, L90, M|368/368\n|-damage|p2a: Gogoat|322/368|[from] Stealth Rock\n|-status|p2a: Gogoat|psn\n|turn|19\n|\n|t:|1768769876\n|move|p2a: Gogoat|Earthquake|p1a: Jirachi\n|-supereffective|p1a: Jirachi\n|-crit|p1a: Jirachi\n|-damage|p1a: Jirachi|0 fnt\n|faint|p1a: Jirachi\n|\n|-heal|p2a: Gogoat|345/368 psn|[from] item: Leftovers\n|-damage|p2a: Gogoat|299/368 psn|[from] psn\n|upkeep\n|\n|t:|1768769882\n|switch|p1a: Yveltal|Yveltal, L69|288/288\n|-damage|p1a: Yveltal|216/288|[from] Stealth Rock\n|-ability|p1a: Yveltal|Dark Aura\n|turn|20\n|\n|t:|1768769885\n|move|p1a: Yveltal|Knock Off|p2a: Gogoat\n|-damage|p2a: Gogoat|158/368 psn\n|-enditem|p2a: Gogoat|Leftovers|[from] move: Knock Off|[of] p1a: Yveltal\n|move|p2a: Gogoat|Toxic|p1a: Yveltal\n|-status|p1a: Yveltal|tox\n|\n|-heal|p1a: Yveltal|234/288 tox|[from] item: Leftovers\n|-damage|p1a: Yveltal|216/288 tox|[from] psn\n|-damage|p2a: Gogoat|112/368 psn|[from] psn\n|upkeep\n|turn|21\n|\n|t:|1768769901\n|move|p1a: Yveltal|Oblivion Wing|p2a: Gogoat\n|-supereffective|p2a: Gogoat\n|-damage|p2a: Gogoat|0 fnt\n|-heal|p1a: Yveltal|288/288 tox|[from] drain|[of] p2a: Gogoat\n|faint|p2a: Gogoat\n|\n|-damage|p1a: Yveltal|252/288 tox|[from] psn\n|upkeep\n|\n|t:|1768769906\n|switch|p2a: Gardevoir|Gardevoir, L81, F|243/243\n|-damage|p2a: Gardevoir|213/243|[from] Stealth Rock\n|-status|p2a: Gardevoir|psn\n|-ability|p2a: Gardevoir|Dark Aura|Trace|[from] ability: Trace|[of] p1a: Yveltal\n|-ability|p2a: Gardevoir|Dark Aura\n|turn|22\n|\n|t:|1768769914\n|switch|p1a: Nidoqueen|Nidoqueen, L81, F|156/278\n|-damage|p1a: Nidoqueen|139/278|[from] Stealth Rock\n|move|p2a: Gardevoir|Moonblast|p1a: Nidoqueen\n|-resisted|p1a: Nidoqueen\n|-damage|p1a: Nidoqueen|79/278\n|-unboost|p1a: Nidoqueen|spa|1\n|\n|-damage|p2a: Gardevoir|183/243 psn|[from] psn\n|upkeep\n|turn|23\n|\n|t:|1768769931\n|switch|p2a: Celebi|Celebi, L82|298/298\n|-damage|p2a: Celebi|261/298|[from] Stealth Rock\n|-status|p2a: Celebi|psn\n|move|p1a: Nidoqueen|Poison Jab|p2a: Celebi\n|-supereffective|p2a: Celebi\n|-damage|p2a: Celebi|1/298 psn\n|\n|-heal|p2a: Celebi|19/298 psn|[from] item: Leftovers\n|-damage|p2a: Celebi|0 fnt|[from] psn\n|faint|p2a: Celebi\n|upkeep\n|c|☆arboretums|gg\n|\n|t:|1768769940\n|switch|p2a: Gardevoir|Gardevoir, L81, F|183/243 psn\n|-damage|p2a: Gardevoir|153/243 psn|[from] Stealth Rock\n|-ability|p2a: Gardevoir|Sheer Force|Trace|[from] ability: Trace|[of] p1a: Nidoqueen\n|turn|24\n|\n|t:|1768769941\n|move|p2a: Gardevoir|Moonblast|p1a: Nidoqueen\n|-resisted|p1a: Nidoqueen\n|-damage|p1a: Nidoqueen|0 fnt\n|faint|p1a: Nidoqueen\n|\n|-damage|p2a: Gardevoir|123/243 psn|[from] psn\n|upkeep\n|\n|t:|1768769948\n|switch|p1a: Vigoroth|Vigoroth, L88, M|284/284\n|-damage|p1a: Vigoroth|249/284|[from] Stealth Rock\n|turn|25\n|\n|t:|1768769950\n|move|p2a: Gardevoir|Moonblast|p1a: Vigoroth\n|-damage|p1a: Vigoroth|110/284\n|move|p1a: Vigoroth|Body Slam|p2a: Gardevoir\n|-damage|p2a: Gardevoir|21/243 psn\n|\n|-damage|p2a: Gardevoir|0 fnt|[from] psn\n|faint|p2a: Gardevoir\n|\n|win|arboretums\n|raw|arboretums's rating: 1598 &rarr; <strong>1624</strong><br />(+26 for winning)\n|raw|Yomamma777's rating: 1697 &rarr; <strong>1671</strong><br />(-26 for losing)\n", "inputlog": ">version 3bd1a1e329da8d286644078cfc9a9638fc7ea025\n>start {\"formatid\":\"gen6randombattle\",\"seed\":\"sodium,11e0e678f003e3c1ef2ca2ed91c078d8\",\"rated\":\"Rated battle\"}\n>player p1 {\"name\":\"arboretums\",\"avatar\":\"serena-masters2\",\"rating\":1598,\"seed\":\"sodium,8cfd997df412ce4577dd6f3e4daecad0\"}\n>player p2 {\"name\":\"Yomamma777\",\"avatar\":\"2\",\"rating\":1697,\"seed\":\"sodium,e891e2d85f355ad784e3d77215bc1121\"}\n>p1 switch 5\n>p2 move thunderwave\n>p1 move bodyslam\n>p2 switch 5\n>p1 switch 4\n>p2 move stealthrock\n>p1 move stealthrock\n>p2 switch 5\n>p1 switch 4\n>p2 move icebeam\n>p1 move bodyslam\n>p2 switch 3\n>p1 move toxic\n>p2 move calmmind mega\n>p1 switch 2\n>p2 move darkpulse\n>p1 move avalanche\n>p2 move calmmind\n>p1 move avalanche\n>p2 move darkpulse\n>p1 switch 6\n>p1 move megahorn\n>p2 move willowisp\n>p1 move poisonjab\n>p2 move recover\n>p2 switch 5\n>p1 move toxicspikes\n>p2 move lavaplume\n>p1 switch 4\n>p1 move poisonjab\n>p2 move lavaplume\n>p1 move earthpower\n>p2 move lavaplume\n>p2 switch 3\n>p1 switch 2\n>p2 move icebeam\n>p1 move ironhead\n>p2 move thunderbolt\n>p1 move ironhead\n>p2 move thunderbolt\n>p2 switch 6\n>p1 move firepunch\n>p2 move earthquake\n>p1 switch 5\n>p1 move knockoff\n>p2 move toxic\n>p1 move oblivionwing\n>p2 move milkdrink\n>p2 switch 2\n>p1 switch 2\n>p2 move moonblast\n>p1 move poisonjab\n>p2 switch 4\n>chat ☆arboretums|gg\n>p2 switch 4\n>p1 move poisonjab\n>p2 move moonblast\n>p1 switch 3\n>p1 move bodyslam\n>p2 move moonblast", "uploadtime": 1768769952, "views": 293, "formatid": "gen6randombattle", "rating": 1624, "private": 0, "password": null}