{"id": "gen6randombattle-2526168621", "format": "[Gen 6] Random Battle", "players": ["xxkelvin", "KaGeFlare"], "log": "|j|☆xxkelvin\n|j|☆KaGeFlare\n|t:|1769378605\n|gametype|singles\n|player|p1|xxkelvin|backersf|1527\n|player|p2|KaGeFlare|lass-gen4dp|1577\n|gen|6\n|tier|[Gen 6] Random Battle\n|rated|\n|rule|Sleep Clause Mod: Limit one foe put to sleep\n|rule|HP Percentage Mod: HP is shown in percentages\n|rule|Illusion Level Mod: Illusion disguises the Pokémon's true level\n|\n|t:|1769378605\n|teamsize|p1|6\n|teamsize|p2|6\n|start\n|switch|p1a: Keldeo|Keldeo, L79|273/273\n|switch|p2a: Noivern|Noivern, L80, M|267/267\n|turn|1\n|inactive|Battle timer is ON: inactive players will automatically lose when time's up. (requested by xxkelvin)\n|\n|t:|1769378630\n|move|p2a: Noivern|Hurricane|p1a: Keldeo\n|-supereffective|p1a: Keldeo\n|-damage|p1a: Keldeo|0 fnt\n|faint|p1a: Keldeo\n|\n|upkeep\n|\n|t:|1769378637\n|switch|p1a: Smeargle|Smeargle, L89, M|243/243\n|turn|2\n|\n|t:|1769378660\n|move|p2a: Noivern|Hurricane|p1a: Smeargle\n|-crit|p1a: Smeargle\n|-enditem|p1a: Smeargle|Focus Sash\n|-damage|p1a: Smeargle|1/243\n|move|p1a: Smeargle|Spore|p2a: Noivern\n|-status|p2a: Noivern|slp|[from] move: Spore\n|\n|upkeep\n|turn|3\n|\n|t:|1769378666\n|switch|p2a: Omastar|Omastar, L83, F|251/251\n|move|p1a: Smeargle|Sticky Web|p2a: Omastar\n|-sidestart|p2: KaGeFlare|move: Sticky Web\n|\n|upkeep\n|turn|4\n|\n|t:|1769378669\n|move|p1a: Smeargle|Nuzzle|p2a: Omastar\n|-supereffective|p2a: Omastar\n|-damage|p2a: Omastar|241/251\n|-status|p2a: Omastar|par\n|move|p2a: Omastar|Shell Smash|p2a: Omastar\n|-unboost|p2a: Omastar|def|1\n|-unboost|p2a: Omastar|spd|1\n|-boost|p2a: Omastar|atk|2\n|-boost|p2a: Omastar|spa|2\n|-boost|p2a: Omastar|spe|2\n|-enditem|p2a: Omastar|White Herb\n|-clearnegativeboost|p2a: Omastar|[silent]\n|\n|upkeep\n|turn|5\n|\n|t:|1769378677\n|move|p1a: Smeargle|Stealth Rock|p2a: Omastar\n|-sidestart|p2: KaGeFlare|move: Stealth Rock\n|cant|p2a: Omastar|par\n|\n|upkeep\n|turn|6\n|inactive|xxkelvin has 120 seconds left.\n|\n|t:|1769378709\n|switch|p1a: Zapdos|Zapdos, L78|268/268\n|cant|p2a: Omastar|par\n|\n|upkeep\n|turn|7\n|\n|t:|1769378714\n|move|p1a: Zapdos|Discharge|p2a: Omastar\n|-supereffective|p2a: Omastar\n|-damage|p2a: Omastar|29/251 par\n|move|p2a: Omastar|Ice Beam|p1a: Zapdos\n|-supereffective|p1a: Zapdos\n|-crit|p1a: Zapdos\n|-damage|p1a: Zapdos|0 fnt\n|faint|p1a: Zapdos\n|\n|upkeep\n|\n|t:|1769378729\n|switch|p1a: Victini|Victini, L77|281/281\n|turn|8\n|\n|t:|1769378735\n|move|p1a: Victini|Bolt Strike|p2a: Omastar\n|-supereffective|p2a: Omastar\n|-damage|p2a: Omastar|0 fnt\n|faint|p2a: Omastar\n|\n|upkeep\n|\n|t:|1769378742\n|switch|p2a: Darmanitan|Darmanitan, L80, F|299/299\n|-activate|p2a: Darmanitan|move: Sticky Web\n|-unboost|p2a: Darmanitan|spe|1\n|-damage|p2a: Darmanitan|225/299|[from] Stealth Rock\n|turn|9\n|inactive|xxkelvin has 120 seconds left.\n|inactive|xxkelvin has 90 seconds left.\n|\n|t:|1769378817\n|switch|p1a: Escavalier|Escavalier, L84, F|255/255\n|move|p2a: Darmanitan|Earthquake|p1a: Escavalier\n|-damage|p1a: Escavalier|154/255\n|-damage|p2a: Darmanitan|196/299|[from] item: Life Orb\n|\n|-heal|p1a: Escavalier|169/255|[from] item: Leftovers\n|upkeep\n|turn|10\n|\n|t:|1769378835\n|switch|p1a: Azelf|Azelf, L80|251/251\n|move|p2a: Darmanitan|Flare Blitz|p1a: Azelf\n|-damage|p1a: Azelf|0 fnt\n|faint|p1a: Azelf\n|-damage|p2a: Darmanitan|113/299|[from] Recoil\n|\n|upkeep\n|\n|t:|1769378843\n|switch|p1a: Victini|Victini, L77|281/281\n|turn|11\n|\n|t:|1769378859\n|move|p1a: Victini|Bolt Strike|p2a: Darmanitan\n|-damage|p2a: Darmanitan|2/299\n|move|p2a: Darmanitan|Earthquake|p1a: Victini\n|-supereffective|p1a: Victini\n|-damage|p1a: Victini|55/281\n|-damage|p2a: Darmanitan|0 fnt|[from] item: Life Orb\n|faint|p2a: Darmanitan\n|\n|upkeep\n|\n|t:|1769378868\n|switch|p2a: Hitmonlee|Hitmonlee, L86, M|226/226\n|-activate|p2a: Hitmonlee|move: Sticky Web\n|-unboost|p2a: Hitmonlee|spe|1\n|-damage|p2a: Hitmonlee|212/226|[from] Stealth Rock\n|-enditem|p2a: Hitmonlee|White Herb\n|-clearnegativeboost|p2a: Hitmonlee|[silent]\n|turn|12\n|inactive|xxkelvin has 90 seconds left.\n|c|☆KaGeFlare|gg\n|\n|t:|1769378891\n|switch|p1a: Escavalier|Escavalier, L84, F|169/255\n|move|p2a: Hitmonlee|Knock Off|p1a: Escavalier\n|-crit|p1a: Escavalier\n|-damage|p1a: Escavalier|64/255\n|-enditem|p1a: Escavalier|Leftovers|[from] move: Knock Off|[of] p2a: Hitmonlee\n|\n|upkeep\n|turn|13\n|\n|t:|1769378902\n|move|p2a: Hitmonlee|Close Combat|p1a: Escavalier\n|-damage|p1a: Escavalier|0 fnt\n|-unboost|p2a: Hitmonlee|def|1\n|-unboost|p2a: Hitmonlee|spd|1\n|faint|p1a: Escavalier\n|\n|upkeep\n|\n|t:|1769378904\n|switch|p1a: Victini|Victini, L77|55/281\n|turn|14\n|\n|t:|1769378906\n|move|p2a: Hitmonlee|Knock Off|p1a: Victini\n|-supereffective|p1a: Victini\n|-damage|p1a: Victini|0 fnt\n|-enditem|p1a: Victini|Assault Vest|[from] move: Knock Off|[of] p2a: Hitmonlee\n|faint|p1a: Victini\n|\n|upkeep\n|\n|t:|1769378908\n|switch|p1a: Smeargle|Smeargle, L89, M|1/243\n|turn|15\n|\n|t:|1769378911\n|move|p2a: Hitmonlee|Close Combat|p1a: Smeargle\n|-supereffective|p1a: Smeargle\n|-damage|p1a: Smeargle|0 fnt\n|-unboost|p2a: Hitmonlee|def|1\n|-unboost|p2a: Hitmonlee|spd|1\n|faint|p1a: Smeargle\n|\n|win|KaGeFlare\n|raw|xxkelvin's rating: 1543 &rarr; <strong>1525</strong><br />(-18 for losing)\n|raw|KaGeFlare's rating: 1577 &rarr; <strong>1595</strong><br />(+18 for winning)\n|l|☆xxkelvin\n|player|p1|\n|l|☆KaGeFlare\n|player|p2|\n|j|☆KaGeFlare\n|player|p2|KaGeFlare|lass-gen4dp|\n", "inputlog": ">version b99ff0165a6231f17e8b78c2a78d1998375de664\n>start {\"formatid\":\"gen6randombattle\",\"seed\":\"sodium,afab1a555a8de4c0d5bc48a9f673be33\",\"rated\":\"Rated battle\"}\n>player p1 {\"name\":\"xxkelvin\",\"avatar\":\"backersf\",\"rating\":1527,\"seed\":\"sodium,1486cb342d645e8c84797f511ce6fcd4\"}\n>player p2 {\"name\":\"KaGeFlare\",\"avatar\":\"lass-gen4dp\",\"rating\":1577,\"seed\":\"sodium,4edcbd6353457e24046facd7ebbf0ea7\"}\n>p1 move calmmind\n>p2 move hurricane\n>p1 switch 5\n>p1 move spore\n>p2 move hurricane\n>p1 move stickyweb\n>p2 switch 4\n>p1 move nuzzle\n>p2 move shellsmash\n>p1 move stealthrock\n>p2 move hiddenpower\n>p1 switch 4\n>p2 move hiddenpower\n>p1 move discharge\n>p2 move icebeam\n>p1 switch 2\n>p1 move boltstrike\n>p2 move hydropump\n>p2 switch 5\n>p1 switch 6\n>p2 move earthquake\n>p1 switch 3\n>p2 move flareblitz\n>p1 switch 6\n>p1 move boltstrike\n>p2 move earthquake\n>p2 switch 6\n>chat ☆KaGeFlare|gg\n>p1 switch 3\n>p2 move knockoff\n>p1 move drillrun\n>p2 move closecombat\n>p1 switch 3\n>p1 move vcreate\n>p2 move knockoff\n>p1 switch 4\n>p1 move nuzzle\n>p2 move closecombat", "uploadtime": 1769378942, "views": 283, "formatid": "gen6randombattle", "rating": 1525, "private": 0, "password": null}