{"id": "gen6randombattle-2539704218", "format": "[Gen 6] Random Battle", "players": ["waxirrinito", "arboretums"], "log": "|j|☆waxirrinito\n|j|☆arboretums\n|t:|1771098649\n|gametype|singles\n|player|p1|waxirrinito|brycenman|1516\n|player|p2|arboretums|serena-masters2|1687\n|gen|6\n|tier|[Gen 6] Random Battle\n|rated|\n|rule|Sleep Clause Mod: Limit one foe put to sleep\n|rule|HP Percentage Mod: HP is shown in percentages\n|rule|Illusion Level Mod: Illusion disguises the Pokémon's true level\n|\n|t:|1771098649\n|teamsize|p1|6\n|teamsize|p2|6\n|start\n|switch|p1a: Swoobat|Swoobat, L87, M|258/258\n|switch|p2a: Weezing|Weezing, L86, M|252/252\n|turn|1\n|inactive|Battle timer is ON: inactive players will automatically lose when time's up. (requested by arboretums)\n|\n|t:|1771098666\n|switch|p2a: Rhyperior|Rhyperior, L82, F|323/323\n|move|p1a: Swoobat|Calm Mind|p1a: Swoobat\n|-boost|p1a: Swoobat|spa|2\n|-boost|p1a: Swoobat|spd|2\n|\n|upkeep\n|turn|2\n|\n|t:|1771098674\n|move|p1a: Swoobat|Stored Power|p2a: Rhyperior\n|-damage|p2a: Rhyperior|52/323\n|move|p2a: Rhyperior|Ice Punch|p1a: Swoobat\n|-supereffective|p1a: Swoobat\n|-damage|p1a: Swoobat|6/258\n|\n|-heal|p1a: Swoobat|22/258|[from] item: Leftovers\n|upkeep\n|turn|3\n|\n|t:|1771098682\n|move|p1a: Swoobat|Stored Power|p2a: Rhyperior\n|-damage|p2a: Rhyperior|0 fnt\n|faint|p2a: Rhyperior\n|\n|-heal|p1a: Swoobat|38/258|[from] item: Leftovers\n|upkeep\n|\n|t:|1771098687\n|switch|p2a: Bibarel|Bibarel, L95, F|304/304\n|turn|4\n|\n|t:|1771098695\n|move|p2a: Bibarel|Quick Attack|p1a: Swoobat\n|-damage|p1a: Swoobat|0 fnt\n|faint|p1a: Swoobat\n|-damage|p2a: Bibarel|274/304|[from] item: Life Orb\n|\n|upkeep\n|c|☆arboretums|simple vs simple\n|\n|t:|1771098711\n|switch|p1a: Conkeldurr|Conkeldurr, L81, M|303/303\n|turn|5\n|\n|t:|1771098715\n|switch|p2a: Drifblim|Drifblim, L83, F|384/384\n|move|p1a: Conkeldurr|Drain Punch|p2a: Drifblim\n|-immune|p2a: Drifblim\n|\n|-status|p1a: Conkeldurr|brn|[from] item: Flame Orb\n|upkeep\n|turn|6\n|\n|t:|1771098724\n|move|p2a: Drifblim|Substitute|p2a: Drifblim\n|-start|p2a: Drifblim|Substitute\n|-damage|p2a: Drifblim|288/384\n|move|p1a: Conkeldurr|Knock Off|p2a: Drifblim\n|-supereffective|p2a: Drifblim\n|-end|p2a: Drifblim|Substitute\n|\n|-damage|p1a: Conkeldurr|266/303 brn|[from] brn\n|upkeep\n|turn|7\n|\n|t:|1771098741\n|move|p2a: Drifblim|Substitute|p2a: Drifblim\n|-start|p2a: Drifblim|Substitute\n|-damage|p2a: Drifblim|192/384\n|-enditem|p2a: Drifblim|Sitrus Berry|[eat]\n|-heal|p2a: Drifblim|288/384|[from] item: Sitrus Berry\n|move|p1a: Conkeldurr|Knock Off|p2a: Drifblim\n|-supereffective|p2a: Drifblim\n|-end|p2a: Drifblim|Substitute\n|\n|-damage|p1a: Conkeldurr|229/303 brn|[from] brn\n|upkeep\n|turn|8\n|\n|t:|1771098750\n|move|p2a: Drifblim|Substitute|p2a: Drifblim\n|-start|p2a: Drifblim|Substitute\n|-damage|p2a: Drifblim|192/384\n|move|p1a: Conkeldurr|Knock Off|p2a: Drifblim\n|-supereffective|p2a: Drifblim\n|-end|p2a: Drifblim|Substitute\n|\n|-damage|p1a: Conkeldurr|192/303 brn|[from] brn\n|upkeep\n|turn|9\n|\n|t:|1771098758\n|move|p2a: Drifblim|Substitute|p2a: Drifblim\n|-start|p2a: Drifblim|Substitute\n|-damage|p2a: Drifblim|96/384\n|move|p1a: Conkeldurr|Knock Off|p2a: Drifblim\n|-supereffective|p2a: Drifblim\n|-end|p2a: Drifblim|Substitute\n|\n|-damage|p1a: Conkeldurr|155/303 brn|[from] brn\n|upkeep\n|turn|10\n|\n|t:|1771098762\n|move|p2a: Drifblim|Acrobatics|p1a: Conkeldurr\n|-supereffective|p1a: Conkeldurr\n|-damage|p1a: Conkeldurr|0 fnt\n|faint|p1a: Conkeldurr\n|\n|upkeep\n|\n|t:|1771098770\n|switch|p1a: Rotom|Rotom-Frost, L86|226/226\n|turn|11\n|\n|t:|1771098774\n|move|p2a: Drifblim|Destiny Bond|p2a: Drifblim\n|-singlemove|p2a: Drifblim|Destiny Bond\n|move|p1a: Rotom|Thunderbolt|p2a: Drifblim\n|-supereffective|p2a: Drifblim\n|-damage|p2a: Drifblim|0 fnt\n|faint|p2a: Drifblim\n|-activate|p2a: Drifblim|move: Destiny Bond\n|faint|p1a: Rotom\n|\n|upkeep\n|c|☆waxirrinito|get c\n|\n|t:|1771098786\n|switch|p1a: Mawile|Mawile, L76, M|201/201\n|switch|p2a: Weezing|Weezing, L86, M|252/252\n|-ability|p1a: Mawile|Intimidate|boost\n|-unboost|p2a: Weezing|atk|1\n|turn|12\n|\n|t:|1771098800\n|move|p2a: Weezing|Will-O-Wisp|p1a: Mawile\n|-status|p1a: Mawile|brn\n|move|p1a: Mawile|Swords Dance|p1a: Mawile\n|-boost|p1a: Mawile|atk|2\n|\n|-damage|p1a: Mawile|176/201 brn|[from] brn\n|upkeep\n|turn|13\n|\n|t:|1771098805\n|detailschange|p1a: Mawile|Mawile-Mega, L76, M\n|-mega|p1a: Mawile|Mawile|Mawilite\n|move|p2a: Weezing|Fire Blast|p1a: Mawile\n|-supereffective|p1a: Mawile\n|-damage|p1a: Mawile|18/201 brn\n|move|p1a: Mawile|Swords Dance|p1a: Mawile\n|-boost|p1a: Mawile|atk|2\n|\n|-damage|p1a: Mawile|0 fnt|[from] brn\n|faint|p1a: Mawile\n|detailschange|p1: Mawile|Mawile, L76, M|[silent]\n|upkeep\n|-message|waxirrinito forfeited.\n|\n|win|arboretums\n|raw|waxirrinito's rating: 1516 &rarr; <strong>1505</strong><br />(-11 for losing)\n|raw|arboretums's rating: 1687 &rarr; <strong>1698</strong><br />(+11 for winning)\n", "inputlog": ">version ccdc32dd7cde25fd9e4bed64820e885f66e78a4e\n>start {\"formatid\":\"gen6randombattle\",\"seed\":\"sodium,22ff551b87a5e6f9b9be37a0f2c6eae6\",\"rated\":\"Rated battle\"}\n>player p1 {\"name\":\"waxirrinito\",\"avatar\":\"brycenman\",\"rating\":1516,\"seed\":\"sodium,a2af385220e06ef73441206c60685b8a\"}\n>player p2 {\"name\":\"arboretums\",\"avatar\":\"serena-masters2\",\"rating\":1687,\"seed\":\"sodium,43e413e29d1d1c43f1126d31e4458322\"}\n>p1 move calmmind\n>p2 switch 3\n>p1 move storedpower\n>p2 move icepunch\n>p1 move storedpower\n>p2 move icepunch\n>p2 switch 5\n>p1 move storedpower\n>p2 move quickattack\n>chat ☆arboretums|simple vs simple\n>p1 switch 5\n>p1 move drainpunch\n>p2 switch 4\n>p1 move knockoff\n>p2 move substitute\n>p1 move knockoff\n>p2 move substitute\n>p1 move knockoff\n>p2 move substitute\n>p1 move knockoff\n>p2 move substitute\n>p1 move knockoff\n>p2 move acrobatics\n>p1 switch 3\n>p1 move thunderbolt\n>p2 move destinybond\n>chat ☆waxirrinito|get c\n>p1 switch 4\n>p2 switch 3\n>p1 move swordsdance\n>p2 move willowisp\n>p1 move swordsdance mega\n>p2 move fireblast\n>forcelose p1", "uploadtime": 1771098815, "views": 116, "formatid": "gen6randombattle", "rating": 1505, "private": 0, "password": null}