{"id": "gen6randombattle-2540075444", "format": "[Gen 6] Random Battle", "players": ["Stiffy9ine", "thebigmand"], "log": "|j|☆Stiffy9ine\n|j|☆thebigmand\n|t:|1771157461\n|gametype|singles\n|player|p1|Stiffy9ine|iris-gen5bw2|1503\n|player|p2|thebigmand|blackbelt-gen4dp|1661\n|gen|6\n|tier|[Gen 6] Random Battle\n|rated|\n|rule|Sleep Clause Mod: Limit one foe put to sleep\n|rule|HP Percentage Mod: HP is shown in percentages\n|rule|Illusion Level Mod: Illusion disguises the Pokémon's true level\n|\n|t:|1771157461\n|teamsize|p1|6\n|teamsize|p2|6\n|start\n|switch|p1a: Regigigas|Regigigas, L84|322/322\n|switch|p2a: Skuntank|Skuntank, L85, M|314/314\n|-start|p1a: Regigigas|ability: Slow Start\n|turn|1\n|inactive|Battle timer is ON: inactive players will automatically lose when time's up. (requested by Stiffy9ine)\n|j| Plop\n|inactive|thebigmand has 120 seconds left.\n|inactive|thebigmand has 90 seconds left.\n|\n|t:|1771157532\n|move|p2a: Skuntank|Poison Jab|p1a: Regigigas\n|-damage|p1a: Regigigas|255/322\n|move|p1a: Regigigas|Thunder Wave|p2a: Skuntank\n|-status|p2a: Skuntank|par\n|\n|-heal|p1a: Regigigas|275/322|[from] item: Leftovers\n|upkeep\n|turn|2\n|\n|t:|1771157543\n|move|p1a: Regigigas|Knock Off|p2a: Skuntank\n|-resisted|p2a: Skuntank\n|-crit|p2a: Skuntank\n|-damage|p2a: Skuntank|270/314 par\n|-enditem|p2a: Skuntank|Black Sludge|[from] move: Knock Off|[of] p1a: Regigigas\n|move|p2a: Skuntank|Poison Jab|p1a: Regigigas\n|-damage|p1a: Regigigas|206/322\n|\n|-heal|p1a: Regigigas|226/322|[from] item: Leftovers\n|upkeep\n|turn|3\n|\n|t:|1771157552\n|move|p1a: Regigigas|Return|p2a: Skuntank\n|-damage|p2a: Skuntank|171/314 par\n|cant|p2a: Skuntank|par\n|\n|-heal|p1a: Regigigas|246/322|[from] item: Leftovers\n|upkeep\n|turn|4\n|\n|t:|1771157557\n|move|p1a: Regigigas|Return|p2a: Skuntank\n|-damage|p2a: Skuntank|65/314 par\n|move|p2a: Skuntank|Poison Jab|p1a: Regigigas\n|-damage|p1a: Regigigas|177/322\n|\n|-heal|p1a: Regigigas|197/322|[from] item: Leftovers\n|upkeep\n|turn|5\n|\n|t:|1771157565\n|move|p1a: Regigigas|Return|p2a: Skuntank\n|-damage|p2a: Skuntank|0 fnt\n|-damage|p1a: Regigigas|117/322|[from] ability: Aftermath|[of] p2a: Skuntank\n|faint|p2a: Skuntank\n|\n|-heal|p1a: Regigigas|137/322|[from] item: Leftovers\n|-end|p1a: Regigigas|Slow Start\n|upkeep\n|\n|t:|1771157571\n|switch|p2a: Tauros|Tauros, L82, M|257/257\n|-ability|p2a: Tauros|Intimidate|boost\n|-unboost|p1a: Regigigas|atk|1\n|turn|6\n|\n|t:|1771157584\n|move|p2a: Tauros|Double-Edge|p1a: Regigigas\n|-damage|p1a: Regigigas|0 fnt\n|faint|p1a: Regigigas\n|-end|p1a: Regigigas|Slow Start|[silent]\n|-damage|p2a: Tauros|212/257|[from] Recoil\n|\n|upkeep\n|\n|t:|1771157592\n|switch|p1a: Giratina|Giratina-Origin, L70|326/326\n|turn|7\n|\n|t:|1771157614\n|switch|p2a: Ferrothorn|Ferrothorn, L71, F|223/223\n|move|p1a: Giratina|Draco Meteor|p2a: Ferrothorn|[miss]\n|-miss|p1a: Giratina|p2a: Ferrothorn\n|\n|upkeep\n|turn|8\n|\n|t:|1771157631\n|move|p1a: Giratina|Shadow Ball|p2a: Ferrothorn\n|-damage|p2a: Ferrothorn|138/223\n|move|p2a: Ferrothorn|Toxic|p1a: Giratina\n|-status|p1a: Giratina|tox\n|\n|-heal|p2a: Ferrothorn|151/223|[from] item: Leftovers\n|-damage|p1a: Giratina|306/326 tox|[from] psn\n|upkeep\n|turn|9\n|\n|t:|1771157641\n|switch|p1a: Mandibuzz|Mandibuzz, L84, F|322/322\n|move|p2a: Ferrothorn|Knock Off|p1a: Mandibuzz\n|-resisted|p1a: Mandibuzz\n|-damage|p1a: Mandibuzz|299/322\n|-enditem|p1a: Mandibuzz|Leftovers|[from] move: Knock Off|[of] p2a: Ferrothorn\n|\n|-heal|p2a: Ferrothorn|164/223|[from] item: Leftovers\n|upkeep\n|turn|10\n|\n|t:|1771157656\n|move|p1a: Mandibuzz|Knock Off|p2a: Ferrothorn\n|-damage|p2a: Ferrothorn|101/223\n|-damage|p1a: Mandibuzz|259/322|[from] ability: Iron Barbs|[of] p2a: Ferrothorn\n|-enditem|p2a: Ferrothorn|Leftovers|[from] move: Knock Off|[of] p1a: Mandibuzz\n|move|p2a: Ferrothorn|Spikes|p1a: Mandibuzz\n|-sidestart|p1: Stiffy9ine|Spikes\n|\n|upkeep\n|turn|11\n|\n|t:|1771157666\n|move|p1a: Mandibuzz|Brave Bird|p2a: Ferrothorn\n|-damage|p2a: Ferrothorn|16/223\n|-damage|p1a: Mandibuzz|219/322|[from] ability: Iron Barbs|[of] p2a: Ferrothorn\n|-damage|p1a: Mandibuzz|191/322|[from] Recoil\n|move|p2a: Ferrothorn|Toxic|p1a: Mandibuzz\n|-status|p1a: Mandibuzz|tox\n|\n|-damage|p1a: Mandibuzz|171/322 tox|[from] psn\n|upkeep\n|turn|12\n|\n|t:|1771157676\n|move|p1a: Mandibuzz|Defog|p2a: Ferrothorn\n|-unboost|p2a: Ferrothorn|evasion|1\n|-sideend|p1: Stiffy9ine|Spikes|[from] move: Defog|[of] p1a: Mandibuzz\n|move|p2a: Ferrothorn|Spikes|p1a: Mandibuzz\n|-sidestart|p1: Stiffy9ine|Spikes\n|\n|-damage|p1a: Mandibuzz|131/322 tox|[from] psn\n|upkeep\n|turn|13\n|\n|t:|1771157683\n|move|p1a: Mandibuzz|Brave Bird|p2a: Ferrothorn\n|-damage|p2a: Ferrothorn|0 fnt\n|-damage|p1a: Mandibuzz|91/322 tox|[from] ability: Iron Barbs|[of] p2a: Ferrothorn\n|faint|p2a: Ferrothorn\n|-damage|p1a: Mandibuzz|86/322 tox|[from] Recoil\n|\n|-damage|p1a: Mandibuzz|26/322 tox|[from] psn\n|upkeep\n|\n|t:|1771157693\n|switch|p2a: Gengar|Gengar, L77, M|219/219\n|turn|14\n|\n|t:|1771157696\n|detailschange|p2a: Gengar|Gengar-Mega, L77, M\n|-mega|p2a: Gengar|Gengar|Gengarite\n|move|p2a: Gengar|Shadow Ball|p1a: Mandibuzz\n|-resisted|p1a: Mandibuzz\n|-damage|p1a: Mandibuzz|0 fnt\n|faint|p1a: Mandibuzz\n|\n|upkeep\n|\n|t:|1771157708\n|switch|p1a: Doublade|Doublade, L82, M|231/231\n|-damage|p1a: Doublade|203/231|[from] Spikes\n|turn|15\n|\n|t:|1771157724\n|move|p1a: Doublade|Shadow Sneak|p2a: Gengar\n|-supereffective|p2a: Gengar\n|-damage|p2a: Gengar|115/219\n|move|p2a: Gengar|Shadow Ball|p1a: Doublade\n|-supereffective|p1a: Doublade\n|-damage|p1a: Doublade|0 fnt\n|faint|p1a: Doublade\n|\n|upkeep\n|\n|t:|1771157729\n|switch|p1a: Giratina|Giratina-Origin, L70|306/326 tox\n|turn|16\n|\n|t:|1771157734\n|move|p1a: Giratina|Shadow Sneak|p2a: Gengar\n|-supereffective|p2a: Gengar\n|-damage|p2a: Gengar|19/219\n|move|p2a: Gengar|Shadow Ball|p1a: Giratina\n|-supereffective|p1a: Giratina\n|-damage|p1a: Giratina|66/326 tox\n|\n|-damage|p1a: Giratina|46/326 tox|[from] psn\n|upkeep\n|turn|17\n|\n|t:|1771157741\n|move|p2a: Gengar|Protect|p2a: Gengar\n|-singleturn|p2a: Gengar|Protect\n|move|p1a: Giratina|Draco Meteor|p2a: Gengar\n|-activate|p2a: Gengar|move: Protect\n|\n|-damage|p1a: Giratina|6/326 tox|[from] psn\n|upkeep\n|turn|18\n|\n|t:|1771157749\n|switch|p2a: Slurpuff|Slurpuff, L77, M|252/252\n|move|p1a: Giratina|Shadow Sneak|p2a: Slurpuff\n|-damage|p2a: Slurpuff|200/252\n|\n|-damage|p1a: Giratina|0 fnt|[from] psn\n|faint|p1a: Giratina\n|upkeep\n|\n|t:|1771157756\n|switch|p1a: Barbaracle|Barbaracle, L82, M|252/252\n|-damage|p1a: Barbaracle|221/252|[from] Spikes\n|turn|19\n|\n|t:|1771157780\n|move|p1a: Barbaracle|Shell Smash|p1a: Barbaracle\n|-unboost|p1a: Barbaracle|def|1\n|-unboost|p1a: Barbaracle|spd|1\n|-boost|p1a: Barbaracle|atk|2\n|-boost|p1a: Barbaracle|spa|2\n|-boost|p1a: Barbaracle|spe|2\n|-enditem|p1a: Barbaracle|White Herb\n|-clearnegativeboost|p1a: Barbaracle|[silent]\n|move|p2a: Slurpuff|Drain Punch|p1a: Barbaracle\n|-supereffective|p1a: Barbaracle\n|-crit|p1a: Barbaracle\n|-damage|p1a: Barbaracle|121/252\n|-heal|p2a: Slurpuff|250/252|[from] drain|[of] p1a: Barbaracle\n|\n|upkeep\n|turn|20\n|\n|t:|1771157791\n|move|p1a: Barbaracle|Razor Shell|p2a: Slurpuff\n|-damage|p2a: Slurpuff|34/252\n|-unboost|p2a: Slurpuff|def|1\n|-enditem|p2a: Slurpuff|Sitrus Berry|[eat]\n|-heal|p2a: Slurpuff|97/252|[from] item: Sitrus Berry\n|move|p2a: Slurpuff|Drain Punch|p1a: Barbaracle\n|-supereffective|p1a: Barbaracle\n|-damage|p1a: Barbaracle|55/252\n|-heal|p2a: Slurpuff|130/252|[from] drain|[of] p1a: Barbaracle\n|\n|upkeep\n|turn|21\n|\n|t:|1771157802\n|move|p1a: Barbaracle|Razor Shell|p2a: Slurpuff\n|-damage|p2a: Slurpuff|0 fnt\n|faint|p2a: Slurpuff\n|\n|upkeep\n|\n|t:|1771157807\n|switch|p2a: Tauros|Tauros, L82, M|212/257\n|-ability|p2a: Tauros|Intimidate|boost\n|-unboost|p1a: Barbaracle|atk|1\n|turn|22\n|\n|t:|1771157811\n|move|p1a: Barbaracle|Stone Edge|p2a: Tauros\n|-damage|p2a: Tauros|46/257\n|move|p2a: Tauros|Earthquake|p1a: Barbaracle\n|-supereffective|p1a: Barbaracle\n|-damage|p1a: Barbaracle|0 fnt\n|faint|p1a: Barbaracle\n|\n|upkeep\n|\n|t:|1771157816\n|switch|p1a: Slurpuff|Slurpuff, L77, F|252/252\n|-damage|p1a: Slurpuff|221/252|[from] Spikes\n|turn|23\n|\n|t:|1771157826\n|move|p2a: Tauros|Earthquake|p1a: Slurpuff\n|-damage|p1a: Slurpuff|112/252\n|-enditem|p1a: Slurpuff|Sitrus Berry|[eat]\n|-heal|p1a: Slurpuff|175/252|[from] item: Sitrus Berry\n|move|p1a: Slurpuff|Belly Drum|p1a: Slurpuff\n|-damage|p1a: Slurpuff|49/252\n|-setboost|p1a: Slurpuff|atk|6|[from] move: Belly Drum\n|\n|upkeep\n|turn|24\n|\n|t:|1771157831\n|move|p1a: Slurpuff|Drain Punch|p2a: Tauros\n|-supereffective|p2a: Tauros\n|-damage|p2a: Tauros|0 fnt\n|-heal|p1a: Slurpuff|72/252|[from] drain|[of] p2a: Tauros\n|faint|p2a: Tauros\n|\n|upkeep\n|\n|t:|1771157836\n|switch|p2a: Gengar|Gengar-Mega, L77, M|19/219\n|turn|25\n|\n|t:|1771157840\n|move|p1a: Slurpuff|Play Rough|p2a: Gengar\n|-resisted|p2a: Gengar\n|-damage|p2a: Gengar|0 fnt\n|faint|p2a: Gengar\n|detailschange|p2: Gengar|Gengar, L77, M|[silent]\n|\n|upkeep\n|\n|t:|1771157842\n|switch|p2a: Staraptor|Staraptor, L78, F|261/261\n|turn|26\n|\n|t:|1771157847\n|move|p1a: Slurpuff|Play Rough|p2a: Staraptor\n|-damage|p2a: Staraptor|0 fnt\n|faint|p2a: Staraptor\n|\n|win|Stiffy9ine\n|raw|Stiffy9ine's rating: 1503 &rarr; <strong>1532</strong><br />(+29 for winning)\n|raw|thebigmand's rating: 1661 &rarr; <strong>1632</strong><br />(-29 for losing)\n|l|☆thebigmand\n|player|p2|\n", "inputlog": ">version 686819e5e19f8a7fd2345cfc5a08a5085efa2cc3\n>start {\"formatid\":\"gen6randombattle\",\"seed\":\"sodium,6e5883519f0ea8b15972b5d7f161241b\",\"rated\":\"Rated battle\"}\n>player p1 {\"name\":\"Stiffy9ine\",\"avatar\":\"iris-gen5bw2\",\"rating\":1503,\"seed\":\"sodium,030eebe80b05502e2663d5db5279d01f\"}\n>player p2 {\"name\":\"thebigmand\",\"avatar\":\"blackbelt-gen4dp\",\"rating\":1661,\"seed\":\"sodium,746d08140af59d062a176cc87a86149b\"}\n>p1 move thunderwave\n>p2 move poisonjab\n>p1 move knockoff\n>p2 move poisonjab\n>p1 move return\n>p2 move poisonjab\n>p1 move return\n>p2 move poisonjab\n>p1 move return\n>p2 move poisonjab\n>p2 switch 5\n>p1 move drainpunch\n>p2 move doubleedge\n>p1 switch 6\n>p1 move dracometeor\n>p2 switch 6\n>p1 move shadowball\n>p2 move toxic\n>p1 switch 3\n>p2 move knockoff\n>p1 move knockoff\n>p2 move spikes\n>p1 move bravebird\n>p2 move toxic\n>p1 move defog\n>p2 move spikes\n>p1 move bravebird\n>p2 move spikes\n>p2 switch 4\n>p1 move knockoff\n>p2 move shadowball mega\n>p1 switch 4\n>p1 move shadowsneak\n>p2 move shadowball\n>p1 switch 3\n>p1 move shadowsneak\n>p2 move shadowball\n>p1 move dracometeor\n>p2 move protect\n>p1 move shadowsneak\n>p2 switch 2\n>p1 switch 2\n>p1 move shellsmash\n>p2 move drainpunch\n>p1 move razorshell\n>p2 move drainpunch\n>p1 move razorshell\n>p2 move drainpunch\n>p2 switch 6\n>p1 move stoneedge\n>p2 move earthquake\n>p1 switch 5\n>p1 move bellydrum\n>p2 move earthquake\n>p1 move drainpunch\n>p2 move earthquake\n>p2 switch 2\n>p1 move playrough\n>p2 move shadowball\n>p2 switch 3\n>p1 move playrough\n>p2 move bravebird", "uploadtime": 1771157859, "views": 77, "formatid": "gen6randombattle", "rating": 1532, "private": 0, "password": null}