{"id": "gen6randombattle-2529334367", "format": "[Gen 6] Random Battle", "players": ["Omgebhonyel", "sith1993"], "log": "|j|☆Omgebhonyel\n|j|☆sith1993\n|t:|1769775217\n|gametype|singles\n|player|p1|Omgebhonyel|brock|1619\n|player|p2|sith1993|265|1551\n|gen|6\n|tier|[Gen 6] Random Battle\n|rated|\n|rule|Sleep Clause Mod: Limit one foe put to sleep\n|rule|HP Percentage Mod: HP is shown in percentages\n|rule|Illusion Level Mod: Illusion disguises the Pokémon's true level\n|\n|t:|1769775217\n|teamsize|p1|6\n|teamsize|p2|6\n|start\n|switch|p1a: Slowbro|Slowbro, L81, F|287/287\n|switch|p2a: Arbok|Arbok, L90, F|254/254\n|-ability|p2a: Arbok|Intimidate|boost\n|-unboost|p1a: Slowbro|atk|1\n|turn|1\n|inactive|Battle timer is ON: inactive players will automatically lose when time's up. (requested by sith1993)\n|\n|t:|1769775231\n|switch|p2a: Umbreon|Umbreon, L83, M|293/293\n|move|p1a: Slowbro|Psyshock|p2a: Umbreon\n|-immune|p2a: Umbreon\n|\n|upkeep\n|turn|2\n|\n|t:|1769775240\n|switch|p1a: Skarmory|Skarmory, L74, F|218/218\n|move|p2a: Umbreon|Toxic|p1a: Skarmory\n|-immune|p1a: Skarmory\n|\n|upkeep\n|turn|3\n|\n|t:|1769775252\n|switch|p2a: Ferrothorn|Ferrothorn, L71, F|223/223\n|move|p1a: Skarmory|Stealth Rock|p2a: Ferrothorn\n|-sidestart|p2: sith1993|move: Stealth Rock\n|\n|upkeep\n|turn|4\n|\n|t:|1769775268\n|switch|p1a: Probopass|Probopass, L91, F|257/257\n|-item|p1a: Probopass|Air Balloon\n|move|p2a: Ferrothorn|Leech Seed|p1a: Probopass\n|-start|p1a: Probopass|move: Leech Seed\n|\n|-damage|p1a: Probopass|225/257|[from] Leech Seed|[of] p2a: Ferrothorn\n|upkeep\n|turn|5\n|\n|t:|1769775277\n|move|p1a: Probopass|Thunder Wave|p2a: Ferrothorn\n|-status|p2a: Ferrothorn|par\n|move|p2a: Ferrothorn|Spikes|p1a: Probopass\n|-sidestart|p1: Omgebhonyel|Spikes\n|\n|-damage|p1a: Probopass|193/257|[from] Leech Seed|[of] p2a: Ferrothorn\n|upkeep\n|turn|6\n|\n|t:|1769775287\n|move|p1a: Probopass|Volt Switch|p2a: Ferrothorn\n|-resisted|p2a: Ferrothorn\n|-damage|p2a: Ferrothorn|199/223 par\n|\n|t:|1769775289\n|switch|p1a: Accelgor|Accelgor, L89, M|287/287|[from] Volt Switch\n|-damage|p1a: Accelgor|252/287|[from] Spikes\n|cant|p2a: Ferrothorn|par\n|\n|-heal|p1a: Accelgor|269/287|[from] item: Leftovers\n|-heal|p2a: Ferrothorn|212/223 par|[from] item: Leftovers\n|upkeep\n|turn|7\n|\n|t:|1769775311\n|switch|p2a: Crobat|Crobat, L80, M|267/267\n|-damage|p2a: Crobat|201/267|[from] Stealth Rock\n|move|p1a: Accelgor|Spikes|p2a: Crobat\n|-sidestart|p2: sith1993|Spikes\n|\n|-heal|p1a: Accelgor|286/287|[from] item: Leftovers\n|-heal|p2a: Crobat|217/267|[from] item: Black Sludge\n|upkeep\n|turn|8\n|\n|t:|1769775321\n|move|p1a: Accelgor|U-turn|p2a: Crobat\n|-resisted|p2a: Crobat\n|-damage|p2a: Crobat|200/267\n|\n|t:|1769775325\n|switch|p1a: Skarmory|Skarmory, L74, F|218/218|[from] U-turn\n|move|p2a: Crobat|Brave Bird|p1a: Skarmory\n|-resisted|p1a: Skarmory\n|-crit|p1a: Skarmory\n|-damage|p1a: Skarmory|151/218\n|-damage|p2a: Crobat|156/267|[from] item: Rocky Helmet|[of] p1a: Skarmory\n|-damage|p2a: Crobat|134/267|[from] Recoil\n|\n|-heal|p2a: Crobat|150/267|[from] item: Black Sludge\n|upkeep\n|turn|9\n|\n|t:|1769775337\n|move|p2a: Crobat|Roost|p2a: Crobat\n|-heal|p2a: Crobat|267/267\n|-singleturn|p2a: Crobat|move: Roost\n|move|p1a: Skarmory|Roost|p1a: Skarmory\n|-heal|p1a: Skarmory|218/218\n|-singleturn|p1a: Skarmory|move: Roost\n|\n|upkeep\n|turn|10\n|\n|t:|1769775350\n|move|p2a: Crobat|U-turn|p1a: Skarmory\n|-resisted|p1a: Skarmory\n|-damage|p1a: Skarmory|210/218\n|-damage|p2a: Crobat|223/267|[from] item: Rocky Helmet|[of] p1a: Skarmory\n|\n|t:|1769775355\n|switch|p2a: Ferrothorn|Ferrothorn, L71, F|212/223 par|[from] U-turn\n|-damage|p2a: Ferrothorn|199/223 par|[from] Stealth Rock\n|-damage|p2a: Ferrothorn|172/223 par|[from] Spikes\n|move|p1a: Skarmory|Brave Bird|p2a: Ferrothorn\n|-damage|p2a: Ferrothorn|103/223 par\n|-damage|p1a: Skarmory|183/218|[from] ability: Iron Barbs|[of] p2a: Ferrothorn\n|-damage|p1a: Skarmory|160/218|[from] Recoil\n|\n|-heal|p2a: Ferrothorn|116/223 par|[from] item: Leftovers\n|upkeep\n|turn|11\n|\n|t:|1769775369\n|switch|p1a: Accelgor|Accelgor, L89, M|286/287\n|-damage|p1a: Accelgor|251/287|[from] Spikes\n|move|p2a: Ferrothorn|Spikes|p1a: Accelgor\n|-sidestart|p1: Omgebhonyel|Spikes\n|\n|-heal|p1a: Accelgor|268/287|[from] item: Leftovers\n|-heal|p2a: Ferrothorn|129/223 par|[from] item: Leftovers\n|upkeep\n|turn|12\n|\n|t:|1769775378\n|move|p1a: Accelgor|Spikes|p2a: Ferrothorn\n|-sidestart|p2: sith1993|Spikes\n|move|p2a: Ferrothorn|Spikes|p1a: Accelgor\n|-sidestart|p1: Omgebhonyel|Spikes\n|\n|-heal|p1a: Accelgor|285/287|[from] item: Leftovers\n|-heal|p2a: Ferrothorn|142/223 par|[from] item: Leftovers\n|upkeep\n|turn|13\n|\n|t:|1769775386\n|move|p1a: Accelgor|Encore|p2a: Ferrothorn\n|-start|p2a: Ferrothorn|Encore\n|move|p2a: Ferrothorn|Spikes||[still]\n|-fail|p2a: Ferrothorn\n|\n|-heal|p1a: Accelgor|287/287|[from] item: Leftovers\n|-heal|p2a: Ferrothorn|155/223 par|[from] item: Leftovers\n|upkeep\n|turn|14\n|\n|t:|1769775399\n|switch|p2a: Golurk|Golurk, L83|283/283\n|-damage|p2a: Golurk|266/283|[from] Stealth Rock\n|-damage|p2a: Golurk|219/283|[from] Spikes\n|move|p1a: Accelgor|Spikes|p2a: Golurk\n|-sidestart|p2: sith1993|Spikes\n|\n|upkeep\n|turn|15\n|\n|t:|1769775408\n|move|p1a: Accelgor|U-turn|p2a: Golurk\n|-resisted|p2a: Golurk\n|-damage|p2a: Golurk|182/283\n|\n|t:|1769775412\n|switch|p1a: Slowbro|Slowbro, L81, F|287/287|[from] U-turn\n|-damage|p1a: Slowbro|216/287|[from] Spikes\n|move|p2a: Golurk|Stealth Rock|p1a: Slowbro\n|-sidestart|p1: Omgebhonyel|move: Stealth Rock\n|\n|upkeep\n|turn|16\n|\n|t:|1769775421\n|move|p2a: Golurk|Dynamic Punch|p1a: Slowbro\n|-resisted|p1a: Slowbro\n|-damage|p1a: Slowbro|167/287\n|-start|p1a: Slowbro|confusion\n|-damage|p2a: Golurk|154/283|[from] item: Life Orb\n|-activate|p1a: Slowbro|confusion\n|-damage|p1a: Slowbro|152/287|[from] confusion\n|\n|upkeep\n|turn|17\n|c|☆Omgebhonyel|Lol let the damage games begin 😂\n|\n|t:|1769775432\n|move|p2a: Golurk|Earthquake|p1a: Slowbro\n|-damage|p1a: Slowbro|0 fnt\n|faint|p1a: Slowbro\n|-damage|p2a: Golurk|126/283|[from] item: Life Orb\n|\n|upkeep\n|\n|t:|1769775441\n|switch|p1a: Accelgor|Accelgor, L89, M|287/287\n|-damage|p1a: Accelgor|216/287|[from] Spikes\n|-damage|p1a: Accelgor|145/287|[from] Stealth Rock\n|turn|18\n|\n|t:|1769775449\n|move|p1a: Accelgor|Encore|p2a: Golurk\n|-start|p2a: Golurk|Encore\n|move|p2a: Golurk|Earthquake|p1a: Accelgor\n|-resisted|p1a: Accelgor\n|-damage|p1a: Accelgor|19/287\n|-damage|p2a: Golurk|98/283|[from] item: Life Orb\n|\n|-heal|p1a: Accelgor|36/287|[from] item: Leftovers\n|upkeep\n|turn|19\n|\n|t:|1769775458\n|move|p1a: Accelgor|Bug Buzz|p2a: Golurk\n|-resisted|p2a: Golurk\n|-damage|p2a: Golurk|43/283\n|move|p2a: Golurk|Earthquake|p1a: Accelgor\n|-resisted|p1a: Accelgor\n|-damage|p1a: Accelgor|0 fnt\n|faint|p1a: Accelgor\n|-damage|p2a: Golurk|15/283|[from] item: Life Orb\n|\n|upkeep\n|\n|t:|1769775464\n|switch|p1a: Skarmory|Skarmory, L74, F|160/218\n|-damage|p1a: Skarmory|133/218|[from] Stealth Rock\n|turn|20\n|\n|t:|1769775470\n|move|p1a: Skarmory|Brave Bird|p2a: Golurk\n|-damage|p2a: Golurk|0 fnt\n|faint|p2a: Golurk\n|-damage|p1a: Skarmory|128/218|[from] Recoil\n|\n|upkeep\n|\n|t:|1769775479\n|switch|p2a: Ferrothorn|Ferrothorn, L71, F|155/223 par\n|-damage|p2a: Ferrothorn|142/223 par|[from] Stealth Rock\n|-damage|p2a: Ferrothorn|87/223 par|[from] Spikes\n|turn|21\n|\n|t:|1769775485\n|move|p1a: Skarmory|Brave Bird|p2a: Ferrothorn\n|-damage|p2a: Ferrothorn|11/223 par\n|-damage|p1a: Skarmory|101/218|[from] ability: Iron Barbs|[of] p2a: Ferrothorn\n|-damage|p1a: Skarmory|76/218|[from] Recoil\n|move|p2a: Ferrothorn|Leech Seed|p1a: Skarmory\n|-start|p1a: Skarmory|move: Leech Seed\n|\n|-heal|p2a: Ferrothorn|24/223 par|[from] item: Leftovers\n|-damage|p1a: Skarmory|49/218|[from] Leech Seed|[of] p2a: Ferrothorn\n|-heal|p2a: Ferrothorn|51/223 par|[silent]\n|upkeep\n|turn|22\n|\n|t:|1769775498\n|move|p1a: Skarmory|Roost|p1a: Skarmory\n|-heal|p1a: Skarmory|158/218\n|-singleturn|p1a: Skarmory|move: Roost\n|cant|p2a: Ferrothorn|par\n|\n|-heal|p2a: Ferrothorn|64/223 par|[from] item: Leftovers\n|-damage|p1a: Skarmory|131/218|[from] Leech Seed|[of] p2a: Ferrothorn\n|-heal|p2a: Ferrothorn|91/223 par|[silent]\n|upkeep\n|turn|23\n|\n|t:|1769775512\n|switch|p1a: Amoonguss|Amoonguss, L83, M|325/325\n|-damage|p1a: Amoonguss|244/325|[from] Spikes\n|-damage|p1a: Amoonguss|204/325|[from] Stealth Rock\n|move|p2a: Ferrothorn|Gyro Ball|p1a: Amoonguss\n|-damage|p1a: Amoonguss|62/325\n|-damage|p2a: Ferrothorn|54/223 par|[from] item: Rocky Helmet|[of] p1a: Amoonguss\n|\n|-heal|p2a: Ferrothorn|67/223 par|[from] item: Leftovers\n|upkeep\n|turn|24\n|\n|t:|1769775524\n|move|p1a: Amoonguss|Hidden Power|p2a: Ferrothorn\n|-damage|p2a: Ferrothorn|33/223 par\n|move|p2a: Ferrothorn|Gyro Ball|p1a: Amoonguss\n|-crit|p1a: Amoonguss\n|-damage|p1a: Amoonguss|0 fnt\n|-damage|p2a: Ferrothorn|0 fnt|[from] item: Rocky Helmet|[of] p1a: Amoonguss\n|faint|p2a: Ferrothorn\n|faint|p1a: Amoonguss\n|\n|upkeep\n|\n|t:|1769775540\n|switch|p1a: Probopass|Probopass, L91, F|193/257\n|switch|p2a: Umbreon|Umbreon, L83, M|293/293\n|-damage|p2a: Umbreon|257/293|[from] Stealth Rock\n|-damage|p2a: Umbreon|184/293|[from] Spikes\n|-damage|p1a: Probopass|177/257|[from] Stealth Rock\n|-item|p1a: Probopass|Air Balloon\n|turn|25\n|\n|t:|1769775550\n|move|p2a: Umbreon|Foul Play|p1a: Probopass\n|-damage|p1a: Probopass|147/257\n|-enditem|p1a: Probopass|Air Balloon\n|move|p1a: Probopass|Thunder Wave|p2a: Umbreon\n|-status|p2a: Umbreon|par\n|-activate|p2a: Umbreon|ability: Synchronize\n|-status|p1a: Probopass|par\n|\n|-heal|p2a: Umbreon|202/293 par|[from] item: Leftovers\n|upkeep\n|turn|26\n|\n|t:|1769775562\n|cant|p2a: Umbreon|par\n|cant|p1a: Probopass|par\n|\n|-heal|p2a: Umbreon|220/293 par|[from] item: Leftovers\n|upkeep\n|turn|27\n|\n|t:|1769775569\n|switch|p1a: Skarmory|Skarmory, L74, F|131/218\n|-damage|p1a: Skarmory|104/218|[from] Stealth Rock\n|move|p2a: Umbreon|Wish|p2a: Umbreon\n|\n|-heal|p2a: Umbreon|238/293 par|[from] item: Leftovers\n|upkeep\n|turn|28\n|\n|t:|1769775579\n|move|p1a: Skarmory|Roost|p1a: Skarmory\n|-heal|p1a: Skarmory|213/218\n|-singleturn|p1a: Skarmory|move: Roost\n|move|p2a: Umbreon|Foul Play|p1a: Skarmory\n|-damage|p1a: Skarmory|149/218\n|-damage|p2a: Umbreon|190/293 par|[from] item: Rocky Helmet|[of] p1a: Skarmory\n|\n|-heal|p2a: Umbreon|293/293 par|[from] move: Wish|[wisher] Umbreon\n|upkeep\n|turn|29\n|\n|t:|1769775590\n|move|p1a: Skarmory|Brave Bird|p2a: Umbreon\n|-crit|p2a: Umbreon\n|-damage|p2a: Umbreon|179/293 par\n|-damage|p1a: Skarmory|111/218|[from] Recoil\n|cant|p2a: Umbreon|par\n|\n|-heal|p2a: Umbreon|197/293 par|[from] item: Leftovers\n|upkeep\n|turn|30\n|\n|t:|1769775599\n|move|p1a: Skarmory|Brave Bird|p2a: Umbreon\n|-damage|p2a: Umbreon|122/293 par\n|-damage|p1a: Skarmory|86/218|[from] Recoil\n|cant|p2a: Umbreon|par\n|\n|-heal|p2a: Umbreon|140/293 par|[from] item: Leftovers\n|upkeep\n|turn|31\n|\n|t:|1769775609\n|move|p1a: Skarmory|Brave Bird|p2a: Umbreon\n|-damage|p2a: Umbreon|65/293 par\n|-damage|p1a: Skarmory|61/218|[from] Recoil\n|move|p2a: Umbreon|Wish|p2a: Umbreon\n|\n|-heal|p2a: Umbreon|83/293 par|[from] item: Leftovers\n|upkeep\n|turn|32\n|\n|t:|1769775617\n|move|p1a: Skarmory|Roost|p1a: Skarmory\n|-heal|p1a: Skarmory|170/218\n|-singleturn|p1a: Skarmory|move: Roost\n|cant|p2a: Umbreon|par\n|\n|-heal|p2a: Umbreon|229/293 par|[from] move: Wish|[wisher] Umbreon\n|-heal|p2a: Umbreon|247/293 par|[from] item: Leftovers\n|upkeep\n|turn|33\n|\n|t:|1769775636\n|move|p1a: Skarmory|Toxic||[still]\n|-fail|p1a: Skarmory\n|move|p2a: Umbreon|Foul Play|p1a: Skarmory\n|-damage|p1a: Skarmory|107/218\n|-damage|p2a: Umbreon|199/293 par|[from] item: Rocky Helmet|[of] p1a: Skarmory\n|\n|-heal|p2a: Umbreon|217/293 par|[from] item: Leftovers\n|upkeep\n|turn|34\n|\n|t:|1769775646\n|move|p1a: Skarmory|Roost|p1a: Skarmory\n|-heal|p1a: Skarmory|216/218\n|-singleturn|p1a: Skarmory|move: Roost\n|move|p2a: Umbreon|Foul Play|p1a: Skarmory\n|-damage|p1a: Skarmory|158/218\n|-damage|p2a: Umbreon|169/293 par|[from] item: Rocky Helmet|[of] p1a: Skarmory\n|\n|-heal|p2a: Umbreon|187/293 par|[from] item: Leftovers\n|upkeep\n|turn|35\n|\n|t:|1769775657\n|move|p1a: Skarmory|Brave Bird|p2a: Umbreon\n|-damage|p2a: Umbreon|114/293 par\n|-damage|p1a: Skarmory|134/218|[from] Recoil\n|cant|p2a: Umbreon|par\n|\n|-heal|p2a: Umbreon|132/293 par|[from] item: Leftovers\n|upkeep\n|turn|36\n|\n|t:|1769775666\n|move|p1a: Skarmory|Brave Bird|p2a: Umbreon\n|-damage|p2a: Umbreon|59/293 par\n|-damage|p1a: Skarmory|110/218|[from] Recoil\n|move|p2a: Umbreon|Wish|p2a: Umbreon\n|\n|-heal|p2a: Umbreon|77/293 par|[from] item: Leftovers\n|upkeep\n|turn|37\n|\n|t:|1769775674\n|move|p1a: Skarmory|Brave Bird|p2a: Umbreon\n|-damage|p2a: Umbreon|2/293 par\n|-damage|p1a: Skarmory|85/218|[from] Recoil\n|move|p2a: Umbreon|Foul Play|p1a: Skarmory\n|-damage|p1a: Skarmory|22/218\n|-damage|p2a: Umbreon|0 fnt|[from] item: Rocky Helmet|[of] p1a: Skarmory\n|faint|p2a: Umbreon\n|\n|upkeep\n|\n|t:|1769775685\n|switch|p2a: Arbok|Arbok, L90, F|254/254\n|-damage|p2a: Arbok|223/254|[from] Stealth Rock\n|-damage|p2a: Arbok|160/254|[from] Spikes\n|-ability|p2a: Arbok|Intimidate|boost\n|-unboost|p1a: Skarmory|atk|1\n|turn|38\n|\n|t:|1769775694\n|move|p2a: Arbok|Aqua Tail|p1a: Skarmory\n|-damage|p1a: Skarmory|0 fnt\n|-damage|p2a: Arbok|118/254|[from] item: Rocky Helmet|[of] p1a: Skarmory\n|faint|p1a: Skarmory\n|-damage|p2a: Arbok|93/254|[from] item: Life Orb\n|\n|upkeep\n|\n|t:|1769775697\n|switch|p1a: Reuniclus|Reuniclus, L85, F|326/326\n|turn|39\n|\n|t:|1769775709\n|move|p2a: Arbok|Gunk Shot|p1a: Reuniclus\n|-damage|p1a: Reuniclus|131/326\n|-damage|p2a: Arbok|68/254|[from] item: Life Orb\n|move|p1a: Reuniclus|Psychic|p2a: Arbok\n|-supereffective|p2a: Arbok\n|-damage|p2a: Arbok|0 fnt\n|faint|p2a: Arbok\n|\n|upkeep\n|\n|t:|1769775721\n|switch|p2a: Crobat|Crobat, L80, M|223/267\n|-damage|p2a: Crobat|157/267|[from] Stealth Rock\n|turn|40\n|\n|t:|1769775726\n|move|p2a: Crobat|Brave Bird|p1a: Reuniclus\n|-crit|p1a: Reuniclus\n|-damage|p1a: Reuniclus|0 fnt\n|faint|p1a: Reuniclus\n|-damage|p2a: Crobat|114/267|[from] Recoil\n|\n|-heal|p2a: Crobat|130/267|[from] item: Black Sludge\n|upkeep\n|\n|t:|1769775728\n|switch|p1a: Probopass|Probopass, L91, F|147/257 par\n|-damage|p1a: Probopass|83/257 par|[from] Spikes\n|-damage|p1a: Probopass|67/257 par|[from] Stealth Rock\n|turn|41\n|\n|t:|1769775739\n|move|p2a: Crobat|Brave Bird|p1a: Probopass\n|-resisted|p1a: Probopass\n|-damage|p1a: Probopass|49/257 par\n|-damage|p2a: Crobat|124/267|[from] Recoil\n|cant|p1a: Probopass|par\n|\n|-heal|p2a: Crobat|140/267|[from] item: Black Sludge\n|upkeep\n|turn|42\n|\n|t:|1769775749\n|move|p2a: Crobat|Brave Bird|p1a: Probopass\n|-resisted|p1a: Probopass\n|-damage|p1a: Probopass|32/257 par\n|-damage|p2a: Crobat|134/267|[from] Recoil\n|cant|p1a: Probopass|par\n|\n|-heal|p2a: Crobat|150/267|[from] item: Black Sludge\n|upkeep\n|turn|43\n|\n|t:|1769775758\n|move|p2a: Crobat|Brave Bird|p1a: Probopass\n|-resisted|p1a: Probopass\n|-damage|p1a: Probopass|14/257 par\n|-damage|p2a: Crobat|144/267|[from] Recoil\n|move|p1a: Probopass|Thunder Wave|p2a: Crobat\n|-status|p2a: Crobat|par\n|\n|-heal|p2a: Crobat|160/267 par|[from] item: Black Sludge\n|upkeep\n|turn|44\n|c|☆Omgebhonyel|Gg\n|\n|t:|1769775768\n|move|p2a: Crobat|Brave Bird|p1a: Probopass\n|-resisted|p1a: Probopass\n|-damage|p1a: Probopass|0 fnt\n|faint|p1a: Probopass\n|-damage|p2a: Crobat|155/267 par|[from] Recoil\n|\n|win|sith1993\n|raw|Omgebhonyel's rating: 1619 &rarr; <strong>1595</strong><br />(-24 for losing)\n|raw|sith1993's rating: 1551 &rarr; <strong>1575</strong><br />(+24 for winning)\n|c|☆sith1993|Gg\n", "inputlog": ">version b99ff0165a6231f17e8b78c2a78d1998375de664\n>start {\"formatid\":\"gen6randombattle\",\"seed\":\"sodium,48816a6cef5117fad881e2423b36c36d\",\"rated\":\"Rated battle\"}\n>player p1 {\"name\":\"Omgebhonyel\",\"avatar\":\"brock\",\"rating\":1619,\"seed\":\"sodium,d911277be645b9fa723066cf7f454c8c\"}\n>player p2 {\"name\":\"sith1993\",\"avatar\":\"265\",\"rating\":1551,\"seed\":\"sodium,f21d42b649e580d308b2e2c1ad142ef3\"}\n>p1 move psyshock\n>p2 switch 2\n>p1 switch 6\n>p2 move toxic\n>p1 move stealthrock\n>p2 switch 5\n>p1 switch 3\n>p2 move leechseed\n>p1 move thunderwave\n>p2 move spikes\n>p1 move voltswitch\n>p2 move spikes\n>p1 switch 4\n>p1 move spikes\n>p2 switch 3\n>p1 move uturn\n>p2 move bravebird\n>p1 switch 3\n>p1 move roost\n>p2 move roost\n>p1 move bravebird\n>p2 move uturn\n>p2 switch 3\n>p1 switch 3\n>p2 move spikes\n>p1 move spikes\n>p2 move spikes\n>p1 move encore\n>p2 move leechseed\n>p1 move spikes\n>p2 switch 6\n>p1 move uturn\n>p2 move stealthrock\n>p1 switch 6\n>p1 move scald\n>p2 move dynamicpunch\n>chat ☆Omgebhonyel|Lol let the damage games begin 😂\n>p1 move scald\n>p2 move earthquake\n>p1 switch 6\n>p1 move encore\n>p2 move stoneedge\n>p1 move bugbuzz\n>p2 move earthquake\n>p1 switch 3\n>p1 move bravebird\n>p2 move earthquake\n>p2 switch 6\n>p1 move bravebird\n>p2 move leechseed\n>p1 move roost\n>p2 move gyroball\n>p1 switch 5\n>p2 move gyroball\n>p1 move hiddenpower\n>p2 move gyroball\n>p1 switch 4\n>p2 switch 5\n>p1 move thunderwave\n>p2 move foulplay\n>p1 move voltswitch\n>p2 move wish\n>p1 switch 5\n>p2 move wish\n>p1 move roost\n>p2 move foulplay\n>p1 move bravebird\n>p2 move foulplay\n>p1 move bravebird\n>p2 move wish\n>p1 move bravebird\n>p2 move wish\n>p1 move roost\n>p2 move foulplay\n>p1 move toxic\n>p2 move foulplay\n>p1 move roost\n>p2 move foulplay\n>p1 move bravebird\n>p2 move wish\n>p1 move bravebird\n>p2 move wish\n>p1 move bravebird\n>p2 move foulplay\n>p2 switch 2\n>p1 move roost\n>p2 move aquatail\n>p1 switch 2\n>p1 move psychic\n>p2 move gunkshot\n>p2 switch 3\n>p1 move recover\n>p2 move bravebird\n>p1 switch 5\n>p1 move thunderwave\n>p2 move bravebird\n>p1 move thunderwave\n>p2 move bravebird\n>p1 move thunderwave\n>p2 move bravebird\n>chat ☆Omgebhonyel|Gg\n>p1 move flashcannon\n>p2 move bravebird", "uploadtime": 1769775776, "views": 280, "formatid": "gen6randombattle", "rating": 1575, "private": 0, "password": null}