{"id": "gen6randombattle-2517399044", "format": "[Gen 6] Random Battle", "players": ["alekztzt", "arboretums"], "log": "|j|☆alekztzt\n|j|☆arboretums\n|t:|1768257492\n|gametype|singles\n|player|p1|alekztzt|102|1526\n|player|p2|arboretums|serena-masters2|1679\n|gen|6\n|tier|[Gen 6] Random Battle\n|rated|\n|rule|Sleep Clause Mod: Limit one foe put to sleep\n|rule|HP Percentage Mod: HP is shown in percentages\n|rule|Illusion Level Mod: Illusion disguises the Pokémon's true level\n|\n|t:|1768257492\n|teamsize|p1|6\n|teamsize|p2|6\n|start\n|switch|p1a: Uxie|Uxie, L81|254/254\n|switch|p2a: Jumpluff|Jumpluff, L90, M|281/281\n|turn|1\n|\n|t:|1768257500\n|move|p2a: Jumpluff|U-turn|p1a: Uxie\n|-supereffective|p1a: Uxie\n|-damage|p1a: Uxie|188/254\n|inactive|Battle timer is ON: inactive players will automatically lose when time's up. (requested by arboretums)\n|\n|t:|1768257508\n|switch|p2a: Quagsire|Quagsire, L87, F|307/307|[from] U-turn\n|move|p1a: Uxie|Thunder Wave|p2a: Quagsire\n|-immune|p2a: Quagsire\n|\n|-heal|p1a: Uxie|203/254|[from] item: Leftovers\n|upkeep\n|turn|2\n|\n|t:|1768257523\n|move|p1a: Uxie|Stealth Rock|p2a: Quagsire\n|-sidestart|p2: arboretums|move: Stealth Rock\n|move|p2a: Quagsire|Scald|p1a: Uxie\n|-damage|p1a: Uxie|154/254\n|-status|p1a: Uxie|brn\n|\n|-heal|p1a: Uxie|169/254 brn|[from] item: Leftovers\n|-damage|p1a: Uxie|138/254 brn|[from] brn\n|upkeep\n|turn|3\n|\n|t:|1768257527\n|move|p1a: Uxie|U-turn|p2a: Quagsire\n|-damage|p2a: Quagsire|288/307\n|\n|t:|1768257531\n|switch|p1a: Bronzong|Bronzong, L85|253/253|[from] U-turn\n|move|p2a: Quagsire|Scald|p1a: Bronzong\n|-damage|p1a: Bronzong|195/253\n|\n|-heal|p2a: Quagsire|307/307|[from] item: Leftovers\n|-heal|p1a: Bronzong|210/253|[from] item: Leftovers\n|upkeep\n|turn|4\n|\n|t:|1768257537\n|move|p2a: Quagsire|Scald|p1a: Bronzong\n|-damage|p1a: Bronzong|155/253\n|-status|p1a: Bronzong|brn\n|move|p1a: Bronzong|Toxic|p2a: Quagsire\n|-status|p2a: Quagsire|tox\n|\n|-heal|p1a: Bronzong|170/253 brn|[from] item: Leftovers\n|-damage|p2a: Quagsire|288/307 tox|[from] psn\n|-damage|p1a: Bronzong|139/253 brn|[from] brn\n|upkeep\n|turn|5\n|\n|t:|1768257553\n|move|p1a: Bronzong|Protect|p1a: Bronzong\n|-singleturn|p1a: Bronzong|Protect\n|move|p2a: Quagsire|Scald|p1a: Bronzong\n|-activate|p1a: Bronzong|move: Protect\n|\n|-heal|p2a: Quagsire|307/307 tox|[from] item: Leftovers\n|-heal|p1a: Bronzong|154/253 brn|[from] item: Leftovers\n|-damage|p2a: Quagsire|269/307 tox|[from] psn\n|-damage|p1a: Bronzong|123/253 brn|[from] brn\n|upkeep\n|turn|6\n|\n|t:|1768257565\n|switch|p2a: Jumpluff|Jumpluff, L90, M|281/281\n|-damage|p2a: Jumpluff|211/281|[from] Stealth Rock\n|move|p1a: Bronzong|Psychic|p2a: Jumpluff\n|-damage|p2a: Jumpluff|141/281\n|\n|-heal|p1a: Bronzong|138/253 brn|[from] item: Leftovers\n|-damage|p1a: Bronzong|107/253 brn|[from] brn\n|upkeep\n|turn|7\n|\n|t:|1768257575\n|move|p2a: Jumpluff|U-turn|p1a: Bronzong\n|-damage|p1a: Bronzong|75/253 brn\n|\n|t:|1768257576\n|switch|p2a: Quagsire|Quagsire, L87, F|269/307 tox|[from] U-turn\n|-damage|p2a: Quagsire|250/307 tox|[from] Stealth Rock\n|move|p1a: Bronzong|Psychic|p2a: Quagsire\n|-damage|p2a: Quagsire|148/307 tox\n|-unboost|p2a: Quagsire|spd|1\n|\n|-heal|p2a: Quagsire|167/307 tox|[from] item: Leftovers\n|-heal|p1a: Bronzong|90/253 brn|[from] item: Leftovers\n|-damage|p2a: Quagsire|148/307 tox|[from] psn\n|-damage|p1a: Bronzong|59/253 brn|[from] brn\n|upkeep\n|turn|8\n|\n|t:|1768257596\n|move|p2a: Quagsire|Scald|p1a: Bronzong\n|-damage|p1a: Bronzong|4/253 brn\n|move|p1a: Bronzong|Psychic|p2a: Quagsire\n|-crit|p2a: Quagsire\n|-damage|p2a: Quagsire|0 fnt\n|faint|p2a: Quagsire\n|\n|-heal|p1a: Bronzong|19/253 brn|[from] item: Leftovers\n|-damage|p1a: Bronzong|0 fnt|[from] brn\n|faint|p1a: Bronzong\n|upkeep\n|\n|t:|1768257612\n|switch|p2a: Illumise|Illumise, L91, F|266/266\n|switch|p1a: Glalie|Glalie, L91, M|293/293\n|-damage|p2a: Illumise|200/266|[from] Stealth Rock\n|turn|9\n|\n|t:|1768257621\n|move|p2a: Illumise|Thunder Wave|p1a: Glalie\n|-status|p1a: Glalie|par\n|move|p1a: Glalie|Freeze-Dry|p2a: Illumise\n|-damage|p2a: Illumise|121/266\n|-status|p2a: Illumise|frz\n|\n|-heal|p2a: Illumise|137/266 frz|[from] item: Leftovers\n|upkeep\n|turn|10\n|\n|t:|1768257625\n|cant|p2a: Illumise|frz\n|move|p1a: Glalie|Spikes|p2a: Illumise\n|-sidestart|p2: arboretums|Spikes\n|\n|-heal|p2a: Illumise|153/266 frz|[from] item: Leftovers\n|upkeep\n|turn|11\n|\n|t:|1768257629\n|-curestatus|p2a: Illumise|frz|[msg]\n|move|p2a: Illumise|Bug Buzz|p1a: Glalie\n|-damage|p1a: Glalie|209/293 par\n|move|p1a: Glalie|Freeze-Dry|p2a: Illumise\n|-damage|p2a: Illumise|74/266\n|\n|-heal|p2a: Illumise|90/266|[from] item: Leftovers\n|-heal|p1a: Glalie|227/293 par|[from] item: Leftovers\n|upkeep\n|turn|12\n|\n|t:|1768257633\n|move|p2a: Illumise|Roost|p2a: Illumise\n|-heal|p2a: Illumise|223/266\n|-singleturn|p2a: Illumise|move: Roost\n|move|p1a: Glalie|Freeze-Dry|p2a: Illumise\n|-damage|p2a: Illumise|150/266\n|\n|-heal|p2a: Illumise|166/266|[from] item: Leftovers\n|-heal|p1a: Glalie|245/293 par|[from] item: Leftovers\n|upkeep\n|turn|13\n|\n|t:|1768257645\n|move|p2a: Illumise|Bug Buzz|p1a: Glalie\n|-damage|p1a: Glalie|161/293 par\n|cant|p1a: Glalie|par\n|\n|-heal|p2a: Illumise|182/266|[from] item: Leftovers\n|-heal|p1a: Glalie|179/293 par|[from] item: Leftovers\n|upkeep\n|turn|14\n|\n|t:|1768257649\n|move|p2a: Illumise|Bug Buzz|p1a: Glalie\n|-damage|p1a: Glalie|94/293 par\n|move|p1a: Glalie|Spikes|p2a: Illumise\n|-sidestart|p2: arboretums|Spikes\n|\n|-heal|p2a: Illumise|198/266|[from] item: Leftovers\n|-heal|p1a: Glalie|112/293 par|[from] item: Leftovers\n|upkeep\n|turn|15\n|\n|t:|1768257654\n|move|p2a: Illumise|Encore|p1a: Glalie\n|-start|p1a: Glalie|Encore\n|move|p1a: Glalie|Spikes|p2a: Illumise\n|-sidestart|p2: arboretums|Spikes\n|\n|-heal|p2a: Illumise|214/266|[from] item: Leftovers\n|-heal|p1a: Glalie|130/293 par|[from] item: Leftovers\n|upkeep\n|turn|16\n|\n|t:|1768257659\n|switch|p2a: Linoone|Linoone, L84, F|268/268\n|-damage|p2a: Linoone|235/268|[from] Stealth Rock\n|-damage|p2a: Linoone|168/268|[from] Spikes\n|switch|p1a: Lucario|Lucario, L82, M|249/249\n|\n|upkeep\n|turn|17\n|\n|t:|1768257673\n|switch|p2a: Illumise|Illumise, L91, F|214/266\n|-damage|p2a: Illumise|148/266|[from] Stealth Rock\n|-damage|p2a: Illumise|82/266|[from] Spikes\n|move|p1a: Lucario|Aura Sphere|p2a: Illumise\n|-resisted|p2a: Illumise\n|-damage|p2a: Illumise|17/266\n|-damage|p1a: Lucario|225/249|[from] item: Life Orb\n|\n|-heal|p2a: Illumise|33/266|[from] item: Leftovers\n|upkeep\n|turn|18\n|\n|t:|1768257683\n|switch|p1a: Garchomp|Garchomp, L76, M|289/289\n|move|p2a: Illumise|Thunder Wave|p1a: Garchomp\n|-immune|p1a: Garchomp\n|\n|-heal|p2a: Illumise|49/266|[from] item: Leftovers\n|upkeep\n|turn|19\n|\n|t:|1768257686\n|move|p2a: Illumise|Roost|p2a: Illumise\n|-heal|p2a: Illumise|182/266\n|-singleturn|p2a: Illumise|move: Roost\n|move|p1a: Garchomp|Fire Fang|p2a: Illumise\n|-supereffective|p2a: Illumise\n|-damage|p2a: Illumise|46/266\n|-status|p2a: Illumise|brn\n|\n|-heal|p2a: Illumise|62/266 brn|[from] item: Leftovers\n|-damage|p2a: Illumise|29/266 brn|[from] brn\n|upkeep\n|turn|20\n|\n|t:|1768257695\n|move|p2a: Illumise|Bug Buzz|p1a: Garchomp\n|-damage|p1a: Garchomp|177/289\n|move|p1a: Garchomp|Fire Fang|p2a: Illumise\n|-supereffective|p2a: Illumise\n|-damage|p2a: Illumise|0 fnt\n|faint|p2a: Illumise\n|\n|upkeep\n|\n|t:|1768257712\n|switch|p2a: Spinda|Spinda, L97, M|273/273\n|-damage|p2a: Spinda|239/273|[from] Stealth Rock\n|-damage|p2a: Spinda|171/273|[from] Spikes\n|turn|21\n|\n|t:|1768257720\n|move|p1a: Garchomp|Swords Dance|p1a: Garchomp\n|-boost|p1a: Garchomp|atk|2\n|move|p2a: Spinda|Superpower|p1a: Garchomp\n|-damage|p1a: Garchomp|97/289\n|-boost|p2a: Spinda|atk|1\n|-boost|p2a: Spinda|def|1\n|-damage|p2a: Spinda|137/273|[from] ability: Rough Skin|[of] p1a: Garchomp\n|\n|-heal|p2a: Spinda|154/273|[from] item: Leftovers\n|upkeep\n|turn|22\n|\n|t:|1768257724\n|move|p1a: Garchomp|Outrage|p2a: Spinda\n|-damage|p2a: Spinda|0 fnt\n|faint|p2a: Spinda\n|\n|upkeep\n|\n|t:|1768257742\n|switch|p2a: Blaziken|Blaziken, L72, M|233/233\n|-damage|p2a: Blaziken|204/233|[from] Stealth Rock\n|-damage|p2a: Blaziken|146/233|[from] Spikes\n|turn|23\n|\n|t:|1768257746\n|detailschange|p2a: Blaziken|Blaziken-Mega, L72, M\n|-mega|p2a: Blaziken|Blaziken|Blazikenite\n|move|p2a: Blaziken|Protect|p2a: Blaziken\n|-singleturn|p2a: Blaziken|Protect\n|move|p1a: Garchomp|Outrage|p2a: Blaziken|[from] lockedmove\n|-activate|p2a: Blaziken|move: Protect\n|\n|-ability|p2a: Blaziken|Speed Boost|boost\n|-boost|p2a: Blaziken|spe|1\n|upkeep\n|turn|24\n|\n|t:|1768257752\n|detailschange|p1a: Garchomp|Garchomp-Mega, L76, M\n|-mega|p1a: Garchomp|Garchomp|Garchompite\n|move|p2a: Blaziken|High Jump Kick|p1a: Garchomp|[miss]\n|-miss|p2a: Blaziken|p1a: Garchomp\n|-damage|p2a: Blaziken|30/233|[from] highjumpkick\n|move|p1a: Garchomp|Earthquake|p2a: Blaziken\n|-supereffective|p2a: Blaziken\n|-damage|p2a: Blaziken|0 fnt\n|faint|p2a: Blaziken\n|detailschange|p2: Blaziken|Blaziken, L72, M|[silent]\n|\n|upkeep\n|c|☆arboretums|ok\n|-message|arboretums forfeited.\n|\n|win|alekztzt\n|raw|alekztzt's rating: 1526 &rarr; <strong>1554</strong><br />(+28 for winning)\n|raw|arboretums's rating: 1679 &rarr; <strong>1651</strong><br />(-28 for losing)\n", "inputlog": ">version f2883557ca71b1a14bc1039fd307aee7de4ab455\n>start {\"formatid\":\"gen6randombattle\",\"seed\":\"sodium,156578a1c50d3d5120b987a9a1b8febd\",\"rated\":\"Rated battle\"}\n>player p1 {\"name\":\"alekztzt\",\"avatar\":\"102\",\"rating\":1526,\"seed\":\"sodium,5c3748e125dca15bf3f696580587c3b4\"}\n>player p2 {\"name\":\"arboretums\",\"avatar\":\"serena-masters2\",\"rating\":1679,\"seed\":\"sodium,bc987e67c75ea663bef5f37f45f5c3fa\"}\n>p1 move thunderwave\n>p2 move uturn\n>p2 switch 6\n>p1 move stealthrock\n>p2 move scald\n>p1 move uturn\n>p2 move scald\n>p1 switch 2\n>p1 move toxic\n>p2 move scald\n>p1 move protect\n>p2 move scald\n>p1 move psychic\n>p2 switch 6\n>p1 move psychic\n>p2 move uturn\n>p2 switch 6\n>p1 move psychic\n>p2 move scald\n>p1 switch 4\n>p2 switch 3\n>p1 move freezedry\n>p2 move thunderwave\n>p1 move spikes\n>p2 move roost\n>p1 move freezedry\n>p2 move bugbuzz\n>p1 move freezedry\n>p2 move roost\n>p1 move spikes\n>p2 move bugbuzz\n>p1 move spikes\n>p2 move bugbuzz\n>p1 move freezedry\n>p2 move encore\n>p1 switch 3\n>p2 switch 2\n>p1 move aurasphere\n>p2 switch 2\n>p1 switch 5\n>p2 move thunderwave\n>p1 move firefang\n>p2 move roost\n>p1 move firefang\n>p2 move bugbuzz\n>p2 switch 4\n>p1 move swordsdance\n>p2 move superpower\n>p1 move outrage\n>p2 move return\n>p2 switch 5\n>p1 move outrage\n>p2 move protect mega\n>p1 move earthquake mega\n>p2 move highjumpkick\n>chat ☆arboretums|ok\n>forcelose p2", "uploadtime": 1768257763, "views": 218, "formatid": "gen6randombattle", "rating": 1554, "private": 0, "password": null}