{"id": "gen6randombattle-2519983446", "format": "[Gen 6] Random Battle", "players": ["arboretums", "King_MakiX"], "log": "|j|☆arboretums\n|j|☆King_MakiX\n|t:|1768577200\n|gametype|singles\n|player|p1|arboretums|serena-masters2|1641\n|player|p2|King_MakiX|101|1681\n|gen|6\n|tier|[Gen 6] Random Battle\n|rated|\n|rule|Sleep Clause Mod: Limit one foe put to sleep\n|rule|HP Percentage Mod: HP is shown in percentages\n|rule|Illusion Level Mod: Illusion disguises the Pokémon's true level\n|\n|t:|1768577200\n|teamsize|p1|6\n|teamsize|p2|6\n|start\n|switch|p1a: Diggersby|Diggersby, L81, M|270/270\n|switch|p2a: Skuntank|Skuntank, L85, F|314/314\n|turn|1\n|inactive|Battle timer is ON: inactive players will automatically lose when time's up. (requested by King_MakiX)\n|\n|t:|1768577215\n|switch|p2a: Swellow|Swellow, L81, M|230/230\n|move|p1a: Diggersby|Agility|p1a: Diggersby\n|-boost|p1a: Diggersby|spe|2\n|\n|-status|p2a: Swellow|tox|[from] item: Toxic Orb\n|upkeep\n|turn|2\n|\n|t:|1768577221\n|switch|p2a: Forretress|Forretress, L82, F|257/257\n|move|p1a: Diggersby|Return|p2a: Forretress\n|-resisted|p2a: Forretress\n|-damage|p2a: Forretress|191/257\n|-damage|p1a: Diggersby|243/270|[from] item: Life Orb\n|\n|-heal|p2a: Forretress|207/257|[from] item: Leftovers\n|upkeep\n|turn|3\n|\n|t:|1768577230\n|move|p1a: Diggersby|Knock Off|p2a: Forretress\n|-damage|p2a: Forretress|124/257\n|-enditem|p2a: Forretress|Leftovers|[from] move: Knock Off|[of] p1a: Diggersby\n|-damage|p1a: Diggersby|216/270|[from] item: Life Orb\n|move|p2a: Forretress|Toxic|p1a: Diggersby\n|-status|p1a: Diggersby|tox\n|\n|-damage|p1a: Diggersby|200/270 tox|[from] psn\n|upkeep\n|turn|4\n|\n|t:|1768577234\n|move|p1a: Diggersby|Earthquake|p2a: Forretress\n|-damage|p2a: Forretress|0 fnt\n|faint|p2a: Forretress\n|-damage|p1a: Diggersby|173/270 tox|[from] item: Life Orb\n|\n|-damage|p1a: Diggersby|141/270 tox|[from] psn\n|upkeep\n|\n|t:|1768577240\n|switch|p2a: Meowstic|Meowstic, L86, M|268/268\n|turn|5\n|\n|t:|1768577245\n|move|p2a: Meowstic|Reflect|p2a: Meowstic\n|-sidestart|p2: King_MakiX|Reflect\n|move|p1a: Diggersby|Return|p2a: Meowstic\n|-damage|p2a: Meowstic|170/268\n|-damage|p1a: Diggersby|114/270 tox|[from] item: Life Orb\n|\n|-damage|p1a: Diggersby|66/270 tox|[from] psn\n|upkeep\n|turn|6\n|\n|t:|1768577252\n|move|p1a: Diggersby|Knock Off|p2a: Meowstic\n|-supereffective|p2a: Meowstic\n|-damage|p2a: Meowstic|48/268\n|-enditem|p2a: Meowstic|Light Clay|[from] move: Knock Off|[of] p1a: Diggersby\n|-damage|p1a: Diggersby|39/270 tox|[from] item: Life Orb\n|move|p2a: Meowstic|Psychic|p1a: Diggersby\n|-damage|p1a: Diggersby|0 fnt\n|faint|p1a: Diggersby\n|\n|upkeep\n|\n|t:|1768577256\n|switch|p1a: Dugtrio|Dugtrio, L86, M|200/200\n|turn|7\n|\n|t:|1768577260\n|move|p2a: Meowstic|Light Screen|p2a: Meowstic\n|-sidestart|p2: King_MakiX|move: Light Screen\n|move|p1a: Dugtrio|Earthquake|p2a: Meowstic\n|-crit|p2a: Meowstic\n|-damage|p2a: Meowstic|0 fnt\n|faint|p2a: Meowstic\n|-damage|p1a: Dugtrio|180/200|[from] item: Life Orb\n|\n|upkeep\n|\n|t:|1768577267\n|switch|p2a: Virizion|Virizion, L80|277/277\n|turn|8\n|\n|t:|1768577285\n|switch|p1a: Emolga|Emolga, L88, F|239/239\n|move|p2a: Virizion|Swords Dance|p2a: Virizion\n|-boost|p2a: Virizion|atk|2\n|\n|upkeep\n|turn|9\n|\n|t:|1768577291\n|move|p1a: Emolga|U-turn|p2a: Virizion\n|-damage|p2a: Virizion|251/277\n|\n|t:|1768577303\n|switch|p1a: Beartic|Beartic, L94, M|331/331|[from] U-turn\n|move|p2a: Virizion|Stone Edge|p1a: Beartic\n|-supereffective|p1a: Beartic\n|-damage|p1a: Beartic|40/331\n|-damage|p2a: Virizion|224/277|[from] item: Life Orb\n|\n|upkeep\n|turn|10\n|\n|t:|1768577307\n|move|p2a: Virizion|Leaf Blade|p1a: Beartic\n|-damage|p1a: Beartic|0 fnt\n|faint|p1a: Beartic\n|-damage|p2a: Virizion|197/277|[from] item: Life Orb\n|\n|upkeep\n|\n|t:|1768577309\n|switch|p1a: Emolga|Emolga, L88, F|239/239\n|turn|11\n|\n|t:|1768577313\n|move|p1a: Emolga|Acrobatics|p2a: Virizion\n|-supereffective|p2a: Virizion\n|-crit|p2a: Virizion\n|-damage|p2a: Virizion|0 fnt\n|faint|p2a: Virizion\n|\n|-sideend|p2: King_MakiX|move: Light Screen\n|upkeep\n|\n|t:|1768577316\n|switch|p2a: Swellow|Swellow, L81, M|230/230 tox\n|turn|12\n|\n|t:|1768577319\n|move|p2a: Swellow|Facade|p1a: Emolga\n|-damage|p1a: Emolga|1/239\n|move|p1a: Emolga|Thunderbolt|p2a: Swellow\n|-supereffective|p2a: Swellow\n|-damage|p2a: Swellow|0 fnt\n|faint|p2a: Swellow\n|\n|-sideend|p2: King_MakiX|Reflect\n|upkeep\n|\n|t:|1768577324\n|switch|p2a: Skuntank|Skuntank, L85, F|314/314\n|turn|13\n|\n|t:|1768577329\n|move|p1a: Emolga|Roost|p1a: Emolga\n|-heal|p1a: Emolga|121/239\n|-singleturn|p1a: Emolga|move: Roost\n|move|p2a: Skuntank|Pursuit|p1a: Emolga\n|-damage|p1a: Emolga|54/239\n|\n|upkeep\n|turn|14\n|\n|t:|1768577331\n|move|p1a: Emolga|Roost|p1a: Emolga\n|-heal|p1a: Emolga|174/239\n|-singleturn|p1a: Emolga|move: Roost\n|move|p2a: Skuntank|Crunch|p1a: Emolga\n|-damage|p1a: Emolga|48/239\n|\n|upkeep\n|turn|15\n|\n|t:|1768577336\n|move|p1a: Emolga|U-turn|p2a: Skuntank\n|-damage|p2a: Skuntank|263/314\n|-activate|p1a: Emolga|move: Pursuit\n|move|p2a: Skuntank|Pursuit|p1a: Emolga|[from] Pursuit\n|-damage|p1a: Emolga|0 fnt\n|faint|p1a: Emolga\n|\n|upkeep\n|\n|t:|1768577341\n|switch|p1a: Dugtrio|Dugtrio, L86, M|180/200\n|turn|16\n|\n|t:|1768577343\n|move|p2a: Skuntank|Sucker Punch|p1a: Dugtrio\n|-damage|p1a: Dugtrio|39/200\n|move|p1a: Dugtrio|Earthquake|p2a: Skuntank\n|-supereffective|p2a: Skuntank\n|-damage|p2a: Skuntank|0 fnt\n|faint|p2a: Skuntank\n|-damage|p1a: Dugtrio|19/200|[from] item: Life Orb\n|\n|upkeep\n|\n|t:|1768577351\n|switch|p2a: Swoobat|Swoobat, L87, F|258/258\n|turn|17\n|\n|t:|1768577359\n|move|p1a: Dugtrio|Stone Edge|p2a: Swoobat\n|-supereffective|p2a: Swoobat\n|-damage|p2a: Swoobat|45/258\n|-damage|p1a: Dugtrio|0 fnt|[from] item: Life Orb\n|faint|p1a: Dugtrio\n|move|p2a: Swoobat|Air Slash|p1: Dugtrio|[notarget]\n|-fail|p2a: Swoobat\n|\n|upkeep\n|\n|t:|1768577362\n|switch|p1a: Accelgor|Accelgor, L89, F|287/287\n|turn|18\n|\n|t:|1768577366\n|move|p1a: Accelgor|Bug Buzz|p2a: Swoobat\n|-damage|p2a: Swoobat|0 fnt\n|faint|p2a: Swoobat\n|\n|win|arboretums\n|raw|arboretums's rating: 1641 &rarr; <strong>1663</strong><br />(+22 for winning)\n|raw|King_MakiX's rating: 1681 &rarr; <strong>1659</strong><br />(-22 for losing)\n", "inputlog": ">version 3bd1a1e329da8d286644078cfc9a9638fc7ea025\n>start {\"formatid\":\"gen6randombattle\",\"seed\":\"sodium,247414587997f2c5ddff4c38fd6fe521\",\"rated\":\"Rated battle\"}\n>player p1 {\"name\":\"arboretums\",\"avatar\":\"serena-masters2\",\"rating\":1641,\"seed\":\"sodium,fb9cb4665a8238090e2a71d69edaef2f\"}\n>player p2 {\"name\":\"King_MakiX\",\"avatar\":\"101\",\"rating\":1681,\"seed\":\"sodium,822b964934a9c3882f42b7f49878e25e\"}\n>p1 move agility\n>p2 switch 5\n>p1 move return\n>p2 switch 4\n>p1 move knockoff\n>p2 move toxic\n>p1 move earthquake\n>p2 move spikes\n>p2 switch 3\n>p1 move return\n>p2 move reflect\n>p1 move knockoff\n>p2 move psychic\n>p1 switch 6\n>p1 move earthquake\n>p2 move lightscreen\n>p2 switch 6\n>p1 switch 4\n>p2 move swordsdance\n>p1 move uturn\n>p2 move stoneedge\n>p1 switch 2\n>p1 move iciclecrash\n>p2 move leafblade\n>p1 switch 2\n>p1 move acrobatics\n>p2 move stoneedge\n>p2 switch 4\n>p1 move thunderbolt\n>p2 move facade\n>p2 switch 5\n>p1 move roost\n>p2 move pursuit\n>p1 move roost\n>p2 move crunch\n>p1 move uturn\n>p2 move pursuit\n>p1 switch 4\n>p1 move earthquake\n>p2 move suckerpunch\n>p2 switch 2\n>p1 move stoneedge\n>p2 move airslash\n>p1 switch 5\n>p1 move bugbuzz\n>p2 move roost", "uploadtime": 1768577367, "views": 287, "formatid": "gen6randombattle", "rating": 1659, "private": 0, "password": null}