{"id": "gen6randombattle-2516665297", "format": "[Gen 6] Random Battle", "players": ["arboretums", "sparksblade"], "log": "|j|☆arboretums\n|j|☆sparksblade\n|t:|1768167395\n|gametype|singles\n|player|p1|arboretums|serena-masters2|1511\n|player|p2|sparksblade|ruinmaniac|1689\n|gen|6\n|tier|[Gen 6] Random Battle\n|rated|\n|rule|Sleep Clause Mod: Limit one foe put to sleep\n|rule|HP Percentage Mod: HP is shown in percentages\n|rule|Illusion Level Mod: Illusion disguises the Pokémon's true level\n|\n|t:|1768167395\n|teamsize|p1|6\n|teamsize|p2|6\n|start\n|switch|p1a: Thundurus|Thundurus-Therian, L78, M|251/251\n|switch|p2a: Arceus|Arceus-Dark, L71|288/288\n|turn|1\n|inactive|Battle timer is ON: inactive players will automatically lose when time's up. (requested by arboretums)\n|\n|t:|1768167422\n|move|p1a: Thundurus|Volt Switch|p2a: Arceus\n|-damage|p2a: Arceus|212/288\n|\n|t:|1768167428\n|switch|p1a: Clefable|Clefable, L80, F|283/283|[from] Volt Switch\n|move|p2a: Arceus|Judgment|p1a: Clefable\n|-resisted|p1a: Clefable\n|-damage|p1a: Clefable|229/283\n|\n|upkeep\n|turn|2\n|\n|t:|1768167434\n|switch|p2a: Swalot|Swalot, L90, F|326/326\n|move|p1a: Clefable|Moonblast|p2a: Swalot\n|-resisted|p2a: Swalot\n|-damage|p2a: Swalot|268/326\n|\n|-heal|p2a: Swalot|288/326|[from] item: Black Sludge\n|upkeep\n|turn|3\n|\n|t:|1768167439\n|switch|p1a: Toxicroak|Toxicroak, L83, M|273/273\n|move|p2a: Swalot|Sludge Bomb|p1a: Toxicroak\n|-resisted|p1a: Toxicroak\n|-damage|p1a: Toxicroak|216/273\n|\n|-heal|p2a: Swalot|308/326|[from] item: Black Sludge\n|upkeep\n|turn|4\n|\n|t:|1768167443\n|move|p1a: Toxicroak|Swords Dance|p1a: Toxicroak\n|-boost|p1a: Toxicroak|atk|2\n|move|p2a: Swalot|Earthquake|p1a: Toxicroak\n|-supereffective|p1a: Toxicroak\n|-damage|p1a: Toxicroak|46/273\n|\n|-heal|p2a: Swalot|326/326|[from] item: Black Sludge\n|upkeep\n|turn|5\n|\n|t:|1768167447\n|move|p2a: Swalot|Protect|p2a: Swalot\n|-singleturn|p2a: Swalot|Protect\n|move|p1a: Toxicroak|Knock Off|p2a: Swalot\n|-activate|p2a: Swalot|move: Protect\n|\n|upkeep\n|turn|6\n|\n|t:|1768167458\n|move|p1a: Toxicroak|Knock Off|p2a: Swalot\n|-damage|p2a: Swalot|152/326\n|-enditem|p2a: Swalot|Black Sludge|[from] move: Knock Off|[of] p1a: Toxicroak\n|-damage|p1a: Toxicroak|19/273|[from] item: Life Orb\n|move|p2a: Swalot|Sludge Bomb|p1a: Toxicroak\n|-resisted|p1a: Toxicroak\n|-damage|p1a: Toxicroak|0 fnt\n|faint|p1a: Toxicroak\n|\n|upkeep\n|\n|t:|1768167474\n|switch|p1a: Druddigon|Druddigon, L86, F|273/273\n|turn|7\n|\n|t:|1768167478\n|switch|p2a: Throh|Throh, L88, M|354/354\n|move|p1a: Druddigon|Glare|p2a: Throh\n|-status|p2a: Throh|par\n|\n|upkeep\n|turn|8\n|\n|t:|1768167483\n|move|p1a: Druddigon|Stealth Rock|p2a: Throh\n|-sidestart|p2: sparksblade|move: Stealth Rock\n|move|p2a: Throh|Knock Off|p1a: Druddigon\n|-damage|p1a: Druddigon|154/273\n|-damage|p2a: Throh|310/354 par|[from] ability: Rough Skin|[of] p1a: Druddigon\n|-damage|p2a: Throh|251/354 par|[from] item: Rocky Helmet|[of] p1a: Druddigon\n|-enditem|p1a: Druddigon|Rocky Helmet|[from] move: Knock Off|[of] p2a: Throh\n|\n|-heal|p2a: Throh|273/354 par|[from] item: Leftovers\n|upkeep\n|turn|9\n|\n|t:|1768167489\n|switch|p1a: Aegislash|Aegislash, L78, M|222/222\n|move|p2a: Throh|Rest|p2a: Throh\n|-status|p2a: Throh|slp|[from] move: Rest\n|-heal|p2a: Throh|354/354 slp|[silent]\n|\n|upkeep\n|turn|10\n|\n|t:|1768167492\n|move|p1a: Aegislash|Swords Dance|p1a: Aegislash\n|-boost|p1a: Aegislash|atk|2\n|cant|p2a: Throh|slp\n|move|p2a: Throh|Sleep Talk|p2a: Throh\n|move|p2a: Throh|Rest||[from] move: Sleep Talk|[still]\n|-fail|p2a: Throh\n|\n|upkeep\n|turn|11\n|\n|t:|1768167503\n|move|p1a: Aegislash|Swords Dance|p1a: Aegislash\n|-boost|p1a: Aegislash|atk|2\n|cant|p2a: Throh|slp\n|move|p2a: Throh|Sleep Talk|p2a: Throh\n|move|p2a: Throh|Rest||[from] move: Sleep Talk|[still]\n|-fail|p2a: Throh\n|\n|upkeep\n|turn|12\n|\n|t:|1768167521\n|-formechange|p1a: Aegislash|Aegislash-Blade||[from] ability: Stance Change\n|move|p1a: Aegislash|Iron Head|p2a: Throh\n|-damage|p2a: Throh|0 fnt\n|faint|p2a: Throh\n|-damage|p1a: Aegislash|200/222|[from] item: Life Orb\n|\n|upkeep\n|\n|t:|1768167530\n|switch|p2a: Arceus|Arceus-Dark, L71|212/288\n|-damage|p2a: Arceus|176/288|[from] Stealth Rock\n|turn|13\n|\n|t:|1768167541\n|switch|p1a: Clefable|Clefable, L80, F|229/283\n|move|p2a: Arceus|Recover|p2a: Arceus\n|-heal|p2a: Arceus|288/288\n|\n|upkeep\n|turn|14\n|\n|t:|1768167545\n|switch|p2a: Swalot|Swalot, L90, F|152/326\n|-damage|p2a: Swalot|112/326|[from] Stealth Rock\n|move|p1a: Clefable|Moonblast|p2a: Swalot\n|-resisted|p2a: Swalot\n|-damage|p2a: Swalot|57/326\n|\n|upkeep\n|turn|15\n|\n|t:|1768167553\n|move|p2a: Swalot|Earthquake|p1a: Clefable\n|-damage|p1a: Clefable|146/283\n|move|p1a: Clefable|Fire Blast|p2a: Swalot\n|-damage|p2a: Swalot|0 fnt\n|faint|p2a: Swalot\n|\n|upkeep\n|\n|t:|1768167578\n|switch|p2a: Infernape|Infernape, L79, F|250/250\n|-damage|p2a: Infernape|219/250|[from] Stealth Rock\n|turn|16\n|\n|t:|1768167589\n|switch|p1a: Druddigon|Druddigon, L86, F|154/273\n|move|p2a: Infernape|Flare Blitz|p1a: Druddigon\n|-resisted|p1a: Druddigon\n|-damage|p1a: Druddigon|61/273\n|-damage|p2a: Infernape|188/250|[from] ability: Rough Skin|[of] p1a: Druddigon\n|-damage|p2a: Infernape|157/250|[from] Recoil\n|\n|upkeep\n|turn|17\n|\n|t:|1768167604\n|move|p2a: Infernape|Flare Blitz|p1a: Druddigon\n|-resisted|p1a: Druddigon\n|-damage|p1a: Druddigon|0 fnt\n|-damage|p2a: Infernape|126/250|[from] ability: Rough Skin|[of] p1a: Druddigon\n|faint|p1a: Druddigon\n|-damage|p2a: Infernape|106/250|[from] Recoil\n|\n|upkeep\n|\n|t:|1768167615\n|switch|p1a: Thundurus|Thundurus-Therian, L78, M|251/251\n|turn|18\n|\n|t:|1768167626\n|move|p1a: Thundurus|Thunderbolt|p2a: Infernape\n|-damage|p2a: Infernape|0 fnt\n|faint|p2a: Infernape\n|\n|upkeep\n|\n|t:|1768167630\n|switch|p2a: Arceus|Arceus-Dark, L71|288/288\n|-damage|p2a: Arceus|252/288|[from] Stealth Rock\n|turn|19\n|\n|t:|1768167637\n|move|p1a: Thundurus|Thunderbolt|p2a: Arceus\n|-damage|p2a: Arceus|138/288\n|move|p2a: Arceus|Judgment|p1a: Thundurus\n|-damage|p1a: Thundurus|116/251\n|\n|upkeep\n|turn|20\n|\n|t:|1768167643\n|switch|p1a: Clefable|Clefable, L80, F|146/283\n|move|p2a: Arceus|Recover|p2a: Arceus\n|-heal|p2a: Arceus|282/288\n|\n|upkeep\n|turn|21\n|\n|t:|1768167646\n|move|p2a: Arceus|Sludge Bomb|p1a: Clefable\n|-supereffective|p1a: Clefable\n|-damage|p1a: Clefable|30/283\n|move|p1a: Clefable|Soft-Boiled|p1a: Clefable\n|-heal|p1a: Clefable|172/283\n|\n|upkeep\n|turn|22\n|\n|t:|1768167657\n|switch|p2a: Linoone|Linoone, L84, M|268/268\n|-damage|p2a: Linoone|235/268|[from] Stealth Rock\n|move|p1a: Clefable|Moonblast|p2a: Linoone\n|-damage|p2a: Linoone|83/268\n|-enditem|p2a: Linoone|Sitrus Berry|[eat]\n|-heal|p2a: Linoone|150/268|[from] item: Sitrus Berry\n|\n|upkeep\n|turn|23\n|\n|t:|1768167661\n|move|p2a: Linoone|Extreme Speed|p1a: Clefable\n|-damage|p1a: Clefable|88/283\n|move|p1a: Clefable|Moonblast|p2a: Linoone\n|-damage|p2a: Linoone|0 fnt\n|faint|p2a: Linoone\n|\n|upkeep\n|\n|t:|1768167665\n|switch|p2a: Omastar|Omastar, L83, F|251/251\n|-damage|p2a: Omastar|220/251|[from] Stealth Rock\n|turn|24\n|\n|t:|1768167675\n|move|p1a: Clefable|Moonblast|p2a: Omastar\n|-damage|p2a: Omastar|82/251\n|move|p2a: Omastar|Shell Smash|p2a: Omastar\n|-unboost|p2a: Omastar|def|1\n|-unboost|p2a: Omastar|spd|1\n|-boost|p2a: Omastar|atk|2\n|-boost|p2a: Omastar|spa|2\n|-boost|p2a: Omastar|spe|2\n|-enditem|p2a: Omastar|White Herb\n|-clearnegativeboost|p2a: Omastar|[silent]\n|\n|upkeep\n|turn|25\n|\n|t:|1768167690\n|move|p2a: Omastar|Ice Beam|p1a: Clefable\n|-damage|p1a: Clefable|0 fnt\n|faint|p1a: Clefable\n|\n|upkeep\n|\n|t:|1768167692\n|switch|p1a: Thundurus|Thundurus-Therian, L78, M|116/251\n|turn|26\n|\n|t:|1768167697\n|move|p1a: Thundurus|Volt Switch|p2a: Omastar\n|-supereffective|p2a: Omastar\n|-damage|p2a: Omastar|0 fnt\n|faint|p2a: Omastar\n|\n|t:|1768167702\n|switch|p1a: Aegislash|Aegislash, L78, M|200/222|[from] Volt Switch\n|\n|upkeep\n|\n|t:|1768167720\n|switch|p2a: Arceus|Arceus-Dark, L71|282/288\n|-damage|p2a: Arceus|246/288|[from] Stealth Rock\n|turn|27\n|\n|t:|1768167728\n|move|p2a: Arceus|Judgment|p1a: Aegislash\n|-supereffective|p1a: Aegislash\n|-damage|p1a: Aegislash|44/222\n|move|p1a: Aegislash|Swords Dance|p1a: Aegislash\n|-boost|p1a: Aegislash|atk|2\n|\n|upkeep\n|turn|28\n|\n|t:|1768167736\n|-formechange|p1a: Aegislash|Aegislash-Blade||[from] ability: Stance Change\n|move|p1a: Aegislash|Shadow Sneak|p2a: Arceus\n|-resisted|p2a: Arceus\n|-damage|p2a: Arceus|180/288\n|-damage|p1a: Aegislash|22/222|[from] item: Life Orb\n|move|p2a: Arceus|Judgment|p1a: Aegislash\n|-supereffective|p1a: Aegislash\n|-damage|p1a: Aegislash|0 fnt\n|faint|p1a: Aegislash\n|\n|upkeep\n|\n|t:|1768167757\n|switch|p1a: Thundurus|Thundurus-Therian, L78, M|116/251\n|turn|29\n|\n|t:|1768167760\n|move|p1a: Thundurus|Focus Blast|p2a: Arceus|[miss]\n|-miss|p1a: Thundurus|p2a: Arceus\n|move|p2a: Arceus|Judgment|p1a: Thundurus\n|-damage|p1a: Thundurus|1/251\n|\n|upkeep\n|turn|30\n|\n|t:|1768167765\n|move|p1a: Thundurus|Focus Blast|p2a: Arceus\n|-supereffective|p2a: Arceus\n|-damage|p2a: Arceus|0 fnt\n|faint|p2a: Arceus\n|\n|win|arboretums\n|raw|arboretums's rating: 1511 &rarr; <strong>1540</strong><br />(+29 for winning)\n|raw|sparksblade's rating: 1689 &rarr; <strong>1660</strong><br />(-29 for losing)\n", "inputlog": ">version f2883557ca71b1a14bc1039fd307aee7de4ab455\n>start {\"formatid\":\"gen6randombattle\",\"seed\":\"sodium,5cc47cb50103cf1644943b4760d6e252\",\"rated\":\"Rated battle\"}\n>player p1 {\"name\":\"arboretums\",\"avatar\":\"serena-masters2\",\"rating\":1511,\"seed\":\"sodium,918248b29a7d712345d03abef6c051fc\"}\n>player p2 {\"name\":\"sparksblade\",\"avatar\":\"ruinmaniac\",\"rating\":1689,\"seed\":\"sodium,d14ddafe1b4350a6840fbf652981b019\"}\n>p1 move voltswitch\n>p2 move judgment\n>p1 switch 4\n>p1 move moonblast\n>p2 switch 6\n>p1 switch 6\n>p2 move sludgebomb\n>p1 move swordsdance\n>p2 move earthquake\n>p1 move knockoff\n>p2 move protect\n>p1 move knockoff\n>p2 move sludgebomb\n>p1 switch 2\n>p1 move glare\n>p2 switch 3\n>p1 move stealthrock\n>p2 move knockoff\n>p1 switch 3\n>p2 move rest\n>p1 move swordsdance\n>p2 move sleeptalk\n>p1 move swordsdance\n>p2 move sleeptalk\n>p1 move ironhead\n>p2 move knockoff\n>p2 switch 6\n>p1 switch 6\n>p2 move recover\n>p1 move moonblast\n>p2 switch 3\n>p1 move fireblast\n>p2 move earthquake\n>p2 switch 5\n>p1 switch 3\n>p2 move flareblitz\n>p1 move glare\n>p2 move flareblitz\n>p1 switch 4\n>p1 move thunderbolt\n>p2 move flareblitz\n>p2 switch 3\n>p1 move thunderbolt\n>p2 move judgment\n>p1 switch 3\n>p2 move recover\n>p1 move softboiled\n>p2 move sludgebomb\n>p1 move moonblast\n>p2 switch 2\n>p1 move moonblast\n>p2 move extremespeed\n>p2 switch 4\n>p1 move moonblast\n>p2 move shellsmash\n>p1 move moonblast\n>p2 move icebeam\n>p1 switch 3\n>p1 move voltswitch\n>p2 move icebeam\n>p1 switch 6\n>p2 switch 2\n>p1 move swordsdance\n>p2 move judgment\n>p1 move shadowsneak\n>p2 move judgment\n>p1 switch 6\n>p1 move focusblast\n>p2 move judgment\n>p1 move focusblast\n>p2 move judgment", "uploadtime": 1768167767, "views": 260, "formatid": "gen6randombattle", "rating": 1540, "private": 0, "password": null}