{"id": "gen6randombattle-2526875189", "format": "[Gen 6] Random Battle", "players": ["cuorenero", "urgeed"], "log": "|j|☆cuorenero\n|j|☆urgeed\n|t:|1769465807\n|gametype|singles\n|player|p1|cuorenero|dawn|1671\n|player|p2|urgeed|lucas|1642\n|gen|6\n|tier|[Gen 6] Random Battle\n|rated|\n|rule|Sleep Clause Mod: Limit one foe put to sleep\n|rule|HP Percentage Mod: HP is shown in percentages\n|rule|Illusion Level Mod: Illusion disguises the Pokémon's true level\n|\n|t:|1769465807\n|teamsize|p1|6\n|teamsize|p2|6\n|start\n|switch|p1a: Manaphy|Manaphy, L76|277/277\n|switch|p2a: Clefable|Clefable, L80, F|283/283\n|turn|1\n|\n|t:|1769465823\n|switch|p1a: Victini|Victini, L77|281/281\n|move|p2a: Clefable|Knock Off|p1a: Victini\n|-supereffective|p1a: Victini\n|-damage|p1a: Victini|181/281\n|-enditem|p1a: Victini|Assault Vest|[from] move: Knock Off|[of] p2a: Clefable\n|\n|upkeep\n|turn|2\n|inactive|Battle timer is ON: inactive players will automatically lose when time's up. (requested by cuorenero)\n|\n|t:|1769465837\n|switch|p2a: Quagsire|Quagsire, L87, M|307/307\n|move|p1a: Victini|V-create|p2a: Quagsire\n|-resisted|p2a: Quagsire\n|-damage|p2a: Quagsire|229/307\n|-unboost|p1a: Victini|spe|1\n|-unboost|p1a: Victini|def|1\n|-unboost|p1a: Victini|spd|1\n|\n|-heal|p2a: Quagsire|248/307|[from] item: Leftovers\n|upkeep\n|turn|3\n|\n|t:|1769465850\n|switch|p1a: Ditto|Ditto, L84|218/218\n|-transform|p1a: Ditto|p2a: Quagsire|[from] ability: Imposter\n|switch|p2a: Dusknoir|Dusknoir, L89, F|225/225\n|-item|p1a: Ditto|Choice Scarf|[from] ability: Frisk|[of] p2a: Dusknoir\n|\n|upkeep\n|turn|4\n|\n|t:|1769465861\n|move|p1a: Ditto|Toxic|p2a: Dusknoir|[miss]\n|-miss|p1a: Ditto|p2a: Dusknoir\n|move|p2a: Dusknoir|Will-O-Wisp|p1a: Ditto\n|-status|p1a: Ditto|brn\n|\n|-damage|p1a: Ditto|191/218 brn|[from] brn\n|upkeep\n|turn|5\n|\n|t:|1769465865\n|switch|p2a: Probopass|Probopass, L91, M|257/257\n|-item|p2a: Probopass|Air Balloon\n|move|p1a: Ditto|Toxic|p2a: Probopass\n|-immune|p2a: Probopass\n|\n|-damage|p1a: Ditto|164/218 brn|[from] brn\n|upkeep\n|turn|6\n|\n|t:|1769465878\n|switch|p1a: Victini|Victini, L77|181/281\n|move|p2a: Probopass|Stealth Rock|p1a: Victini\n|-sidestart|p1: cuorenero|move: Stealth Rock\n|\n|upkeep\n|turn|7\n|\n|t:|1769465884\n|move|p1a: Victini|V-create|p2a: Probopass\n|-damage|p2a: Probopass|148/257\n|-unboost|p1a: Victini|spe|1\n|-unboost|p1a: Victini|def|1\n|-unboost|p1a: Victini|spd|1\n|-enditem|p2a: Probopass|Air Balloon\n|move|p2a: Probopass|Earth Power|p1a: Victini\n|-supereffective|p1a: Victini\n|-damage|p1a: Victini|0 fnt\n|faint|p1a: Victini\n|\n|upkeep\n|\n|t:|1769465894\n|switch|p1a: Manaphy|Manaphy, L76|277/277\n|-damage|p1a: Manaphy|243/277|[from] Stealth Rock\n|turn|8\n|\n|t:|1769465898\n|move|p1a: Manaphy|Tail Glow|p1a: Manaphy\n|-boost|p1a: Manaphy|spa|3\n|move|p2a: Probopass|Toxic|p1a: Manaphy\n|-status|p1a: Manaphy|tox\n|\n|-heal|p1a: Manaphy|260/277 tox|[from] item: Leftovers\n|-damage|p1a: Manaphy|243/277 tox|[from] psn\n|upkeep\n|turn|9\n|\n|t:|1769465903\n|switch|p2a: Clefable|Clefable, L80, F|283/283\n|move|p1a: Manaphy|Surf|p2a: Clefable\n|-damage|p2a: Clefable|192/283\n|\n|-heal|p1a: Manaphy|260/277 tox|[from] item: Leftovers\n|-heal|p2a: Clefable|209/283|[from] item: Leftovers\n|-damage|p1a: Manaphy|226/277 tox|[from] psn\n|upkeep\n|turn|10\n|-message|cuorenero forfeited.\n|\n|win|urgeed\n|raw|cuorenero's rating: 1689 &rarr; <strong>1666</strong><br />(-23 for losing)\n|raw|urgeed's rating: 1642 &rarr; <strong>1665</strong><br />(+23 for winning)\n|l|☆cuorenero\n|player|p1|\n", "inputlog": ">version b99ff0165a6231f17e8b78c2a78d1998375de664\n>start {\"formatid\":\"gen6randombattle\",\"seed\":\"sodium,a2d085a08495b917732263b59d4cda18\",\"rated\":\"Rated battle\"}\n>player p1 {\"name\":\"cuorenero\",\"avatar\":\"dawn\",\"rating\":1671,\"seed\":\"sodium,71088b079d617407d32004354dead5ea\"}\n>player p2 {\"name\":\"urgeed\",\"avatar\":\"lucas\",\"rating\":1642,\"seed\":\"sodium,b55e887bf1db7205858df448fbc60897\"}\n>p1 switch 6\n>p2 move knockoff\n>p1 move vcreate\n>p2 switch 3\n>p1 switch 4\n>p2 switch 2\n>p1 move toxic\n>p2 move willowisp\n>p1 move toxic\n>p2 switch 4\n>p1 switch 4\n>p2 move stealthrock\n>p1 move vcreate\n>p2 move earthpower\n>p1 switch 6\n>p1 move tailglow\n>p2 move toxic\n>p1 move surf\n>p2 switch 3\n>forcelose p1", "uploadtime": 1769465930, "views": 279, "formatid": "gen6randombattle", "rating": 1665, "private": 0, "password": null}