{"id": "gen6randombattle-2527583397", "format": "[Gen 6] Random Battle", "players": ["psafss", "Thorys"], "log": "|j|☆psafss\n|j|☆Thorys\n|t:|1769551793\n|gametype|singles\n|player|p1|psafss|2|1532\n|player|p2|Thorys|policeman-gen4|1681\n|gen|6\n|tier|[Gen 6] Random Battle\n|rated|\n|rule|Sleep Clause Mod: Limit one foe put to sleep\n|rule|HP Percentage Mod: HP is shown in percentages\n|rule|Illusion Level Mod: Illusion disguises the Pokémon's true level\n|\n|t:|1769551793\n|teamsize|p1|6\n|teamsize|p2|6\n|start\n|switch|p1a: Emolga|Emolga, L88, F|239/239\n|switch|p2a: Manectric|Manectric, L84, M|255/255\n|turn|1\n|inactive|Battle timer is ON: inactive players will automatically lose when time's up. (requested by Thorys)\n|\n|t:|1769551821\n|move|p1a: Emolga|U-turn|p2a: Manectric\n|-damage|p2a: Manectric|200/255\n|inactive|psafss has 120 seconds left.\n|inactive|psafss has 90 seconds left.\n|inactive|psafss has 60 seconds left.\n|\n|t:|1769551912\n|switch|p1a: Latios|Latios, L77, M|250/250|[from] U-turn\n|move|p2a: Manectric|Overheat|p1a: Latios\n|-resisted|p1a: Latios\n|-damage|p1a: Latios|185/250\n|-unboost|p2a: Manectric|spa|2\n|\n|upkeep\n|turn|2\n|inactive|Thorys has 120 seconds left.\n|\n|t:|1769551964\n|switch|p2a: Pinsir|Pinsir, L85, M|249/249\n|detailschange|p1a: Latios|Latios-Mega, L77, M\n|-mega|p1a: Latios|Latios|Latiosite\n|move|p1a: Latios|Draco Meteor|p2a: Pinsir\n|-damage|p2a: Pinsir|57/249\n|-unboost|p1a: Latios|spa|2\n|\n|upkeep\n|turn|3\n|\n|t:|1769551978\n|move|p1a: Latios|Psyshock|p2a: Pinsir\n|-damage|p2a: Pinsir|5/249\n|move|p2a: Pinsir|X-Scissor|p1a: Latios\n|-supereffective|p1a: Latios\n|-damage|p1a: Latios|0 fnt\n|faint|p1a: Latios\n|detailschange|p1: Latios|Latios, L77, M|[silent]\n|-ability|p2a: Pinsir|Moxie|boost\n|-boost|p2a: Pinsir|atk|1\n|-damage|p2a: Pinsir|0 fnt|[from] item: Life Orb\n|faint|p2a: Pinsir\n|\n|upkeep\n|inactive|Thorys has 90 seconds left.\n|\n|t:|1769551993\n|switch|p1a: Emolga|Emolga, L88, F|239/239\n|switch|p2a: Aerodactyl|Aerodactyl, L77, M|250/250\n|-ability|p2a: Aerodactyl|Unnerve\n|turn|4\n|j| sulfura152\n|inactive|Thorys has 90 seconds left.\n|inactive|psafss has 120 seconds left.\n|\n|t:|1769552015\n|detailschange|p2a: Aerodactyl|Aerodactyl-Mega, L77, M\n|-mega|p2a: Aerodactyl|Aerodactyl|Aerodactylite\n|move|p2a: Aerodactyl|Stone Edge|p1a: Emolga\n|-supereffective|p1a: Emolga\n|-damage|p1a: Emolga|0 fnt\n|faint|p1a: Emolga\n|\n|upkeep\n|\n|t:|1769552024\n|switch|p1a: Alomomola|Alomomola, L85, M|419/419\n|turn|5\n|inactive|Thorys has 90 seconds left.\n|\n|t:|1769552037\n|switch|p2a: Manectric|Manectric, L84, M|200/255\n|move|p1a: Alomomola|Scald|p2a: Manectric\n|-damage|p2a: Manectric|134/255\n|\n|upkeep\n|turn|6\n|\n|t:|1769552048\n|move|p1a: Alomomola|Protect|p1a: Alomomola\n|-singleturn|p1a: Alomomola|Protect\n|move|p2a: Manectric|Volt Switch|p1a: Alomomola\n|-activate|p1a: Alomomola|move: Protect\n|\n|upkeep\n|turn|7\n|\n|t:|1769552054\n|move|p2a: Manectric|Volt Switch|p1a: Alomomola\n|-supereffective|p1a: Alomomola\n|-damage|p1a: Alomomola|27/419\n|\n|t:|1769552058\n|switch|p2a: Gourgeist|Gourgeist, L87, M|255/255|[from] Volt Switch\n|-item|p1a: Alomomola|Leftovers|[from] ability: Frisk|[of] p2a: Gourgeist\n|move|p1a: Alomomola|Knock Off|p2a: Gourgeist\n|-supereffective|p2a: Gourgeist\n|-damage|p2a: Gourgeist|167/255\n|-enditem|p2a: Gourgeist|Leftovers|[from] move: Knock Off|[of] p1a: Alomomola\n|\n|-heal|p1a: Alomomola|53/419|[from] item: Leftovers\n|upkeep\n|turn|8\n|\n|t:|1769552070\n|move|p1a: Alomomola|Protect|p1a: Alomomola\n|-singleturn|p1a: Alomomola|Protect\n|move|p2a: Gourgeist|Seed Bomb|p1a: Alomomola\n|-activate|p1a: Alomomola|move: Protect\n|\n|-heal|p1a: Alomomola|79/419|[from] item: Leftovers\n|upkeep\n|turn|9\n|\n|t:|1769552097\n|switch|p1a: Illumise|Illumise, L91, F|266/266\n|move|p2a: Gourgeist|Will-O-Wisp|p1a: Illumise\n|-status|p1a: Illumise|brn\n|\n|-damage|p1a: Illumise|233/266 brn|[from] brn\n|upkeep\n|turn|10\n|\n|t:|1769552110\n|move|p1a: Illumise|Bug Buzz|p2a: Gourgeist\n|-damage|p2a: Gourgeist|68/255\n|move|p2a: Gourgeist|Synthesis|p2a: Gourgeist\n|-heal|p2a: Gourgeist|195/255\n|\n|-heal|p1a: Illumise|249/266 brn|[from] item: Leftovers\n|-damage|p1a: Illumise|216/266 brn|[from] brn\n|upkeep\n|turn|11\n|\n|t:|1769552127\n|move|p1a: Illumise|Thunder Wave|p2a: Gourgeist\n|-status|p2a: Gourgeist|par\n|cant|p2a: Gourgeist|par\n|\n|-heal|p1a: Illumise|232/266 brn|[from] item: Leftovers\n|-damage|p1a: Illumise|199/266 brn|[from] brn\n|upkeep\n|turn|12\n|\n|t:|1769552137\n|move|p1a: Illumise|Encore|p2a: Gourgeist\n|-start|p2a: Gourgeist|Encore\n|cant|p2a: Gourgeist|par\n|\n|-heal|p1a: Illumise|215/266 brn|[from] item: Leftovers\n|-damage|p1a: Illumise|182/266 brn|[from] brn\n|upkeep\n|turn|13\n|\n|t:|1769552145\n|switch|p1a: Alomomola|Alomomola, L85, M|218/419\n|switch|p2a: Aerodactyl|Aerodactyl-Mega, L77, M|250/250\n|\n|-heal|p1a: Alomomola|244/419|[from] item: Leftovers\n|upkeep\n|turn|14\n|inactive|Thorys has 120 seconds left.\n|\n|t:|1769552165\n|switch|p2a: Manectric|Manectric, L84, M|134/255\n|move|p1a: Alomomola|Scald|p2a: Manectric\n|-damage|p2a: Manectric|74/255\n|\n|-heal|p1a: Alomomola|270/419|[from] item: Leftovers\n|upkeep\n|turn|15\n|\n|t:|1769552169\n|move|p1a: Alomomola|Protect|p1a: Alomomola\n|-singleturn|p1a: Alomomola|Protect\n|move|p2a: Manectric|Thunderbolt|p1a: Alomomola\n|-activate|p1a: Alomomola|move: Protect\n|\n|-heal|p1a: Alomomola|296/419|[from] item: Leftovers\n|upkeep\n|turn|16\n|\n|t:|1769552175\n|switch|p1a: Carbink|Carbink, L91|239/239\n|move|p2a: Manectric|Thunderbolt|p1a: Carbink\n|-damage|p1a: Carbink|140/239\n|-status|p1a: Carbink|par\n|\n|-heal|p1a: Carbink|154/239 par|[from] item: Leftovers\n|upkeep\n|turn|17\n|inactive|Thorys has 120 seconds left.\n|\n|t:|1769552228\n|switch|p2a: Aerodactyl|Aerodactyl-Mega, L77, M|250/250\n|move|p1a: Carbink|Moonblast|p2a: Aerodactyl\n|-damage|p2a: Aerodactyl|169/250\n|\n|-heal|p1a: Carbink|168/239 par|[from] item: Leftovers\n|upkeep\n|turn|18\n|\n|t:|1769552238\n|switch|p1a: Alomomola|Alomomola, L85, M|419/419\n|move|p2a: Aerodactyl|Stone Edge|p1a: Alomomola\n|-crit|p1a: Alomomola\n|-damage|p1a: Alomomola|232/419\n|\n|-heal|p1a: Alomomola|258/419|[from] item: Leftovers\n|upkeep\n|turn|19\n|l| sulfura152\n|\n|t:|1769552248\n|move|p2a: Aerodactyl|Stone Edge|p1a: Alomomola\n|-damage|p1a: Alomomola|144/419\n|move|p1a: Alomomola|Wish|p1a: Alomomola\n|\n|-heal|p1a: Alomomola|170/419|[from] item: Leftovers\n|upkeep\n|turn|20\n|\n|t:|1769552255\n|switch|p2a: Gourgeist|Gourgeist, L87, M|195/255 par\n|-item|p1a: Alomomola|Leftovers|[from] ability: Frisk|[of] p2a: Gourgeist\n|move|p1a: Alomomola|Scald|p2a: Gourgeist\n|-resisted|p2a: Gourgeist\n|-damage|p2a: Gourgeist|168/255 par\n|\n|-heal|p1a: Alomomola|379/419|[from] move: Wish|[wisher] Alomomola\n|-heal|p1a: Alomomola|405/419|[from] item: Leftovers\n|upkeep\n|turn|21\n|j| sulfura152\n|\n|t:|1769552265\n|move|p1a: Alomomola|Protect|p1a: Alomomola\n|-singleturn|p1a: Alomomola|Protect\n|move|p2a: Gourgeist|Synthesis|p2a: Gourgeist\n|-heal|p2a: Gourgeist|255/255 par\n|\n|-heal|p1a: Alomomola|419/419|[from] item: Leftovers\n|upkeep\n|turn|22\n|inactive|Thorys has 120 seconds left.\n|\n|t:|1769552288\n|switch|p1a: Illumise|Illumise, L91, F|182/266 brn\n|move|p2a: Gourgeist|Will-O-Wisp|p1a: Illumise\n|-fail|p1a: Illumise|brn\n|\n|-heal|p1a: Illumise|198/266 brn|[from] item: Leftovers\n|-damage|p1a: Illumise|165/266 brn|[from] brn\n|upkeep\n|turn|23\n|inactive|Thorys has 120 seconds left.\n|\n|t:|1769552301\n|switch|p2a: Tauros|Tauros, L82, M|257/257\n|-ability|p2a: Tauros|Intimidate|boost\n|-unboost|p1a: Illumise|atk|1\n|move|p1a: Illumise|Thunder Wave|p2a: Tauros\n|-status|p2a: Tauros|par\n|\n|-heal|p1a: Illumise|181/266 brn|[from] item: Leftovers\n|-damage|p1a: Illumise|148/266 brn|[from] brn\n|upkeep\n|turn|24\n|inactive|Thorys has 120 seconds left.\n|\n|t:|1769552315\n|switch|p1a: Alomomola|Alomomola, L85, M|419/419\n|move|p2a: Tauros|Double-Edge|p1a: Alomomola\n|-damage|p1a: Alomomola|223/419\n|-damage|p2a: Tauros|192/257 par|[from] Recoil\n|\n|-heal|p1a: Alomomola|249/419|[from] item: Leftovers\n|upkeep\n|turn|25\n|inactive|Thorys has 120 seconds left.\n|\n|t:|1769552323\n|switch|p1a: Drifblim|Drifblim, L83, M|384/384\n|move|p2a: Tauros|Double-Edge|p1a: Drifblim\n|-immune|p1a: Drifblim\n|\n|upkeep\n|turn|26\n|inactive|Thorys has 120 seconds left.\n|\n|t:|1769552342\n|switch|p2a: Gourgeist|Gourgeist, L87, M|255/255 par\n|-item|p1a: Drifblim|Sitrus Berry|[from] ability: Frisk|[of] p2a: Gourgeist\n|move|p1a: Drifblim|Substitute|p1a: Drifblim\n|-start|p1a: Drifblim|Substitute\n|-damage|p1a: Drifblim|288/384\n|\n|upkeep\n|turn|27\n|inactive|Thorys has 120 seconds left.\n|\n|t:|1769552358\n|move|p2a: Gourgeist|Shadow Sneak|p1a: Drifblim\n|-supereffective|p1a: Drifblim\n|-end|p1a: Drifblim|Substitute\n|move|p1a: Drifblim|Hex|p2a: Gourgeist\n|-supereffective|p2a: Gourgeist\n|-damage|p2a: Gourgeist|0 fnt\n|faint|p2a: Gourgeist\n|\n|upkeep\n|\n|t:|1769552369\n|switch|p2a: Manectric|Manectric, L84, M|74/255\n|turn|28\n|\n|t:|1769552381\n|switch|p1a: Carbink|Carbink, L91|168/239 par\n|move|p2a: Manectric|Thunderbolt|p1a: Carbink\n|-damage|p1a: Carbink|81/239 par\n|\n|-heal|p1a: Carbink|95/239 par|[from] item: Leftovers\n|upkeep\n|turn|29\n|\n|t:|1769552399\n|switch|p2a: Tauros|Tauros, L82, M|192/257 par\n|-ability|p2a: Tauros|Intimidate|boost\n|-unboost|p1a: Carbink|atk|1\n|move|p1a: Carbink|Stealth Rock|p2a: Tauros\n|-sidestart|p2: Thorys|move: Stealth Rock\n|\n|-heal|p1a: Carbink|109/239 par|[from] item: Leftovers\n|upkeep\n|turn|30\n|\n|t:|1769552409\n|switch|p1a: Alomomola|Alomomola, L85, M|388/419\n|move|p2a: Tauros|Double-Edge|p1a: Alomomola\n|-damage|p1a: Alomomola|201/419\n|-damage|p2a: Tauros|130/257 par|[from] Recoil\n|\n|-heal|p1a: Alomomola|227/419|[from] item: Leftovers\n|upkeep\n|turn|31\n|\n|t:|1769552420\n|switch|p2a: Aerodactyl|Aerodactyl-Mega, L77, M|169/250\n|-damage|p2a: Aerodactyl|107/250|[from] Stealth Rock\n|move|p1a: Alomomola|Wish|p1a: Alomomola\n|\n|-heal|p1a: Alomomola|253/419|[from] item: Leftovers\n|upkeep\n|turn|32\n|\n|t:|1769552431\n|move|p2a: Aerodactyl|Roost|p2a: Aerodactyl\n|-heal|p2a: Aerodactyl|232/250\n|-singleturn|p2a: Aerodactyl|move: Roost\n|move|p1a: Alomomola|Scald|p2a: Aerodactyl\n|-supereffective|p2a: Aerodactyl\n|-damage|p2a: Aerodactyl|136/250\n|-status|p2a: Aerodactyl|brn\n|\n|-heal|p1a: Alomomola|419/419|[from] move: Wish|[wisher] Alomomola\n|-damage|p2a: Aerodactyl|105/250 brn|[from] brn\n|upkeep\n|turn|33\n|\n|t:|1769552457\n|move|p2a: Aerodactyl|Stone Edge|p1a: Alomomola\n|-damage|p1a: Alomomola|360/419\n|move|p1a: Alomomola|Scald|p2a: Aerodactyl\n|-supereffective|p2a: Aerodactyl\n|-damage|p2a: Aerodactyl|3/250 brn\n|\n|-heal|p1a: Alomomola|386/419|[from] item: Leftovers\n|-damage|p2a: Aerodactyl|0 fnt|[from] brn\n|faint|p2a: Aerodactyl\n|detailschange|p2: Aerodactyl|Aerodactyl, L77, M|[silent]\n|upkeep\n|inactive|Thorys has 90 seconds left.\n|\n|t:|1769552480\n|switch|p2a: Manectric|Manectric, L84, M|74/255\n|-damage|p2a: Manectric|43/255|[from] Stealth Rock\n|turn|34\n|\n|t:|1769552487\n|move|p1a: Alomomola|Protect|p1a: Alomomola\n|-singleturn|p1a: Alomomola|Protect\n|move|p2a: Manectric|Thunderbolt|p1a: Alomomola\n|-activate|p1a: Alomomola|move: Protect\n|\n|-heal|p1a: Alomomola|412/419|[from] item: Leftovers\n|upkeep\n|turn|35\n|\n|t:|1769552493\n|switch|p1a: Drifblim|Drifblim, L83, M|288/384\n|move|p2a: Manectric|Thunderbolt|p1a: Drifblim\n|-supereffective|p1a: Drifblim\n|-damage|p1a: Drifblim|0 fnt\n|faint|p1a: Drifblim\n|\n|upkeep\n|\n|t:|1769552501\n|switch|p1a: Illumise|Illumise, L91, F|148/266 brn\n|turn|36\n|\n|t:|1769552507\n|move|p1a: Illumise|Roost|p1a: Illumise\n|-heal|p1a: Illumise|266/266 brn\n|-singleturn|p1a: Illumise|move: Roost\n|move|p2a: Manectric|Thunderbolt|p1a: Illumise\n|-damage|p1a: Illumise|119/266 brn\n|\n|-heal|p1a: Illumise|135/266 brn|[from] item: Leftovers\n|-damage|p1a: Illumise|102/266 brn|[from] brn\n|upkeep\n|turn|37\n|inactive|Thorys has 120 seconds left.\n|\n|t:|1769552529\n|move|p1a: Illumise|Roost|p1a: Illumise\n|-heal|p1a: Illumise|235/266 brn\n|-singleturn|p1a: Illumise|move: Roost\n|move|p2a: Manectric|Thunderbolt|p1a: Illumise\n|-damage|p1a: Illumise|75/266 brn\n|\n|-heal|p1a: Illumise|91/266 brn|[from] item: Leftovers\n|-damage|p1a: Illumise|58/266 brn|[from] brn\n|upkeep\n|turn|38\n|inactive|Thorys has 120 seconds left.\n|\n|t:|1769552537\n|move|p1a: Illumise|Roost|p1a: Illumise\n|-heal|p1a: Illumise|191/266 brn\n|-singleturn|p1a: Illumise|move: Roost\n|move|p2a: Manectric|Thunderbolt|p1a: Illumise\n|-damage|p1a: Illumise|38/266 brn\n|\n|-heal|p1a: Illumise|54/266 brn|[from] item: Leftovers\n|-damage|p1a: Illumise|21/266 brn|[from] brn\n|upkeep\n|turn|39\n|\n|t:|1769552547\n|move|p1a: Illumise|Roost|p1a: Illumise\n|-heal|p1a: Illumise|154/266 brn\n|-singleturn|p1a: Illumise|move: Roost\n|move|p2a: Manectric|Thunderbolt|p1a: Illumise\n|-damage|p1a: Illumise|0 fnt\n|faint|p1a: Illumise\n|\n|upkeep\n|\n|t:|1769552549\n|switch|p1a: Carbink|Carbink, L91|109/239 par\n|turn|40\n|inactive|Thorys has 120 seconds left.\n|inactive|Thorys has 90 seconds left.\n|\n|t:|1769552613\n|switch|p2a: Tauros|Tauros, L82, M|130/257 par\n|-damage|p2a: Tauros|98/257 par|[from] Stealth Rock\n|-ability|p2a: Tauros|Intimidate|boost\n|-unboost|p1a: Carbink|atk|1\n|cant|p1a: Carbink|par\n|\n|-heal|p1a: Carbink|123/239 par|[from] item: Leftovers\n|upkeep\n|turn|41\n|\n|t:|1769552629\n|switch|p1a: Alomomola|Alomomola, L85, M|419/419\n|move|p2a: Tauros|Double-Edge|p1a: Alomomola\n|-damage|p1a: Alomomola|208/419\n|-damage|p2a: Tauros|28/257 par|[from] Recoil\n|\n|-heal|p1a: Alomomola|234/419|[from] item: Leftovers\n|upkeep\n|turn|42\n|\n|t:|1769552643\n|move|p1a: Alomomola|Protect|p1a: Alomomola\n|-singleturn|p1a: Alomomola|Protect\n|move|p2a: Tauros|Double-Edge|p1a: Alomomola\n|-activate|p1a: Alomomola|move: Protect\n|\n|-heal|p1a: Alomomola|260/419|[from] item: Leftovers\n|upkeep\n|turn|43\n|\n|t:|1769552650\n|move|p1a: Alomomola|Wish|p1a: Alomomola\n|cant|p2a: Tauros|par\n|\n|-heal|p1a: Alomomola|286/419|[from] item: Leftovers\n|upkeep\n|turn|44\n|inactive|Thorys has 90 seconds left.\n|\n|t:|1769552656\n|switch|p1a: Carbink|Carbink, L91|123/239 par\n|move|p2a: Tauros|Double-Edge|p1a: Carbink\n|-resisted|p1a: Carbink\n|-damage|p1a: Carbink|64/239 par\n|-damage|p2a: Tauros|9/257 par|[from] Recoil\n|\n|-heal|p1a: Carbink|239/239 par|[from] move: Wish|[wisher] Alomomola\n|upkeep\n|turn|45\n|\n|t:|1769552665\n|move|p2a: Tauros|Double-Edge|p1a: Carbink\n|-resisted|p1a: Carbink\n|-damage|p1a: Carbink|185/239 par\n|-damage|p2a: Tauros|0 fnt|[from] Recoil\n|faint|p2a: Tauros\n|move|p1a: Carbink|Moonblast|p2: Tauros|[notarget]\n|-fail|p1a: Carbink\n|\n|-heal|p1a: Carbink|199/239 par|[from] item: Leftovers\n|upkeep\n|\n|t:|1769552674\n|switch|p2a: Linoone|Linoone, L84, F|268/268\n|-damage|p2a: Linoone|235/268|[from] Stealth Rock\n|turn|46\n|\n|t:|1769552685\n|move|p2a: Linoone|Belly Drum|p2a: Linoone\n|-damage|p2a: Linoone|101/268\n|-setboost|p2a: Linoone|atk|6|[from] move: Belly Drum\n|-enditem|p2a: Linoone|Sitrus Berry|[eat]\n|-heal|p2a: Linoone|168/268|[from] item: Sitrus Berry\n|move|p1a: Carbink|Moonblast|p2a: Linoone\n|-damage|p2a: Linoone|75/268\n|-unboost|p2a: Linoone|spa|1\n|\n|-heal|p1a: Carbink|213/239 par|[from] item: Leftovers\n|upkeep\n|turn|47\n|\n|t:|1769552699\n|move|p2a: Linoone|Seed Bomb|p1a: Carbink\n|-supereffective|p1a: Carbink\n|-damage|p1a: Carbink|7/239 par\n|move|p1a: Carbink|Moonblast|p2a: Linoone\n|-damage|p2a: Linoone|0 fnt\n|faint|p2a: Linoone\n|\n|-heal|p1a: Carbink|21/239 par|[from] item: Leftovers\n|upkeep\n|\n|t:|1769552707\n|switch|p2a: Manectric|Manectric, L84, M|43/255\n|-damage|p2a: Manectric|12/255|[from] Stealth Rock\n|turn|48\n|\n|t:|1769552715\n|move|p2a: Manectric|Thunderbolt|p1a: Carbink\n|-damage|p1a: Carbink|0 fnt\n|faint|p1a: Carbink\n|\n|upkeep\n|\n|t:|1769552717\n|switch|p1a: Alomomola|Alomomola, L85, M|419/419\n|turn|49\n|\n|t:|1769552721\n|move|p1a: Alomomola|Protect|p1a: Alomomola\n|-singleturn|p1a: Alomomola|Protect\n|move|p2a: Manectric|Thunderbolt|p1a: Alomomola\n|-activate|p1a: Alomomola|move: Protect\n|\n|upkeep\n|turn|50\n|\n|t:|1769552726\n|move|p2a: Manectric|Thunderbolt|p1a: Alomomola\n|-supereffective|p1a: Alomomola\n|-damage|p1a: Alomomola|0 fnt\n|faint|p1a: Alomomola\n|\n|win|Thorys\n|raw|psafss's rating: 1549 &rarr; <strong>1536</strong><br />(-13 for losing)\n|raw|Thorys's rating: 1681 &rarr; <strong>1694</strong><br />(+13 for winning)\n|l|☆psafss\n|player|p1|\n|l|☆Thorys\n|player|p2|\n|j|☆Thorys\n|player|p2|Thorys|policeman-gen4|\n|l| sulfura152\n", "inputlog": ">version b99ff0165a6231f17e8b78c2a78d1998375de664\n>start {\"formatid\":\"gen6randombattle\",\"seed\":\"sodium,38d57dbe2f294e288e412173a1a43821\",\"rated\":\"Rated battle\"}\n>player p1 {\"name\":\"psafss\",\"avatar\":\"2\",\"rating\":1532,\"seed\":\"sodium,9ce0bb4565c4f475daa243a2b0bec3ca\"}\n>player p2 {\"name\":\"Thorys\",\"avatar\":\"policeman-gen4\",\"rating\":1681,\"seed\":\"sodium,71c5f8a467b927e9545172b578a8d2f3\"}\n>p1 move uturn\n>p2 move overheat\n>p1 switch 2\n>p1 move dracometeor mega\n>p2 switch 3\n>p1 move psyshock\n>p2 move xscissor\n>p1 switch 2\n>p2 switch 6\n>p1 move thunderbolt\n>p2 move stoneedge mega\n>p1 switch 6\n>p1 move scald\n>p2 switch 3\n>p1 move protect\n>p2 move voltswitch\n>p1 move knockoff\n>p2 move voltswitch\n>p2 switch 2\n>p1 move protect\n>p2 move seedbomb\n>p1 switch 4\n>p2 move willowisp\n>p1 move bugbuzz\n>p2 move synthesis\n>p1 move thunderwave\n>p2 move shadowsneak\n>p1 move encore\n>p2 move shadowsneak\n>p1 switch 4\n>p2 switch 3\n>p1 move scald\n>p2 switch 2\n>p1 move protect\n>p2 move thunderbolt\n>p1 switch 5\n>p2 move thunderbolt\n>p1 move moonblast\n>p2 switch 2\n>p1 switch 5\n>p2 move stoneedge\n>p1 move wish\n>p2 move stoneedge\n>p1 move scald\n>p2 switch 3\n>p1 move protect\n>p2 move synthesis\n>p1 switch 4\n>p2 move willowisp\n>p1 move thunderwave\n>p2 switch 4\n>p1 switch 4\n>p2 move doubleedge\n>p1 switch 3\n>p2 move doubleedge\n>p1 move substitute\n>p2 switch 4\n>p1 move hex\n>p2 move shadowsneak\n>p2 switch 2\n>p1 switch 5\n>p2 move thunderbolt\n>p1 move stealthrock\n>p2 switch 4\n>p1 switch 3\n>p2 move doubleedge\n>p1 move wish\n>p2 switch 3\n>p1 move scald\n>p2 move roost\n>p1 move scald\n>p2 move stoneedge\n>p2 switch 4\n>p1 move protect\n>p2 move thunderbolt\n>p1 switch 5\n>p2 move thunderbolt\n>p1 switch 4\n>p1 move roost\n>p2 move thunderbolt\n>p1 move roost\n>p2 move thunderbolt\n>p1 move roost\n>p2 move thunderbolt\n>p1 move roost\n>p2 move thunderbolt\n>p1 switch 3\n>p1 move moonblast\n>p2 switch 3\n>p1 switch 5\n>p2 move doubleedge\n>p1 move protect\n>p2 move doubleedge\n>p1 move wish\n>p2 move doubleedge\n>p1 switch 5\n>p2 move doubleedge\n>p1 move moonblast\n>p2 move doubleedge\n>p2 switch 5\n>p1 move moonblast\n>p2 move bellydrum\n>p1 move moonblast\n>p2 move seedbomb\n>p2 switch 3\n>p1 move moonblast\n>p2 move thunderbolt\n>p1 switch 5\n>p1 move protect\n>p2 move thunderbolt\n>p1 move scald\n>p2 move thunderbolt", "uploadtime": 1769553128, "views": 272, "formatid": "gen6randombattle", "rating": 1536, "private": 0, "password": null}