{"id": "gen6randombattle-2522559402", "format": "[Gen 6] Random Battle", "players": ["arboretums", "Magomagic"], "log": "|j|☆arboretums\n|j|☆Magomagic\n|t:|1768922856\n|gametype|singles\n|player|p1|arboretums|serena-masters2|1595\n|player|p2|Magomagic|clown|1556\n|gen|6\n|tier|[Gen 6] Random Battle\n|rated|\n|rule|Sleep Clause Mod: Limit one foe put to sleep\n|rule|HP Percentage Mod: HP is shown in percentages\n|rule|Illusion Level Mod: Illusion disguises the Pokémon's true level\n|\n|t:|1768922856\n|teamsize|p1|6\n|teamsize|p2|6\n|start\n|switch|p1a: Landorus|Landorus, L76, M|260/260\n|switch|p2a: Arceus|Arceus-Steel, L71|288/288\n|turn|1\n|inactive|Battle timer is ON: inactive players will automatically lose when time's up. (requested by Magomagic)\n|\n|t:|1768922865\n|switch|p2a: Cryogonal|Cryogonal, L89|269/269\n|move|p1a: Landorus|Calm Mind|p1a: Landorus\n|-boost|p1a: Landorus|spa|1\n|-boost|p1a: Landorus|spd|1\n|\n|upkeep\n|turn|2\n|\n|t:|1768922873\n|switch|p1a: Ho-Oh|Ho-Oh, L69|261/261\n|move|p2a: Cryogonal|Freeze-Dry|p1a: Ho-Oh\n|-damage|p1a: Ho-Oh|192/261\n|-status|p1a: Ho-Oh|frz\n|\n|-heal|p1a: Ho-Oh|208/261 frz|[from] item: Leftovers\n|upkeep\n|turn|3\n|\n|t:|1768922878\n|switch|p2a: Blastoise|Blastoise, L81, F|261/261\n|-curestatus|p1a: Ho-Oh|frz|[from] move: Sacred Fire\n|move|p1a: Ho-Oh|Sacred Fire|p2a: Blastoise\n|-resisted|p2a: Blastoise\n|-damage|p2a: Blastoise|218/261\n|-status|p2a: Blastoise|brn\n|\n|-heal|p1a: Ho-Oh|224/261|[from] item: Leftovers\n|-damage|p2a: Blastoise|186/261 brn|[from] brn\n|upkeep\n|turn|4\n|\n|t:|1768922884\n|switch|p1a: Victreebel|Victreebel, L90, F|290/290\n|detailschange|p2a: Blastoise|Blastoise-Mega, L81, F\n|-mega|p2a: Blastoise|Blastoise|Blastoisinite\n|move|p2a: Blastoise|Scald|p1a: Victreebel\n|-resisted|p1a: Victreebel\n|-damage|p1a: Victreebel|232/290\n|\n|-damage|p2a: Blastoise|154/261 brn|[from] brn\n|upkeep\n|turn|5\n|\n|t:|1768922890\n|switch|p2a: Braviary|Braviary, L82, M|298/298\n|move|p1a: Victreebel|Sunny Day|p1a: Victreebel\n|-weather|SunnyDay\n|\n|-weather|SunnyDay|[upkeep]\n|upkeep\n|turn|6\n|\n|t:|1768922901\n|switch|p1a: Stantler|Stantler, L90, M|278/278\n|-ability|p1a: Stantler|Intimidate|boost\n|-unboost|p2a: Braviary|atk|1\n|-ability|p2a: Braviary|Defiant|boost\n|-boost|p2a: Braviary|atk|2\n|move|p2a: Braviary|Brave Bird|p1a: Stantler\n|-damage|p1a: Stantler|0 fnt\n|faint|p1a: Stantler\n|-damage|p2a: Braviary|206/298|[from] Recoil\n|\n|-weather|SunnyDay|[upkeep]\n|upkeep\n|\n|t:|1768922906\n|switch|p1a: Victreebel|Victreebel, L90, F|232/290\n|turn|7\n|\n|t:|1768922919\n|switch|p2a: Arceus|Arceus-Steel, L71|288/288\n|move|p1a: Victreebel|Weather Ball|p2a: Arceus\n|-supereffective|p2a: Arceus\n|-damage|p2a: Arceus|0 fnt\n|faint|p2a: Arceus\n|-damage|p1a: Victreebel|203/290|[from] item: Life Orb\n|\n|-weather|SunnyDay|[upkeep]\n|upkeep\n|\n|t:|1768922934\n|switch|p2a: Blastoise|Blastoise-Mega, L81, F|154/261 brn\n|turn|8\n|\n|t:|1768922936\n|switch|p2a: Togekiss|Togekiss, L79, F|263/263\n|move|p1a: Victreebel|Power Whip|p2a: Togekiss\n|-resisted|p2a: Togekiss\n|-damage|p2a: Togekiss|169/263\n|-damage|p1a: Victreebel|174/290|[from] item: Life Orb\n|\n|-weather|SunnyDay|[upkeep]\n|upkeep\n|turn|9\n|\n|t:|1768922946\n|switch|p2a: Blastoise|Blastoise-Mega, L81, F|154/261 brn\n|move|p1a: Victreebel|Sludge Bomb|p2a: Blastoise\n|-damage|p2a: Blastoise|29/261 brn\n|-damage|p1a: Victreebel|145/290|[from] item: Life Orb\n|\n|-weather|none\n|-damage|p2a: Blastoise|0 fnt|[from] brn\n|faint|p2a: Blastoise\n|detailschange|p2: Blastoise|Blastoise, L81, F|[silent]\n|upkeep\n|\n|t:|1768922948\n|switch|p2a: Braviary|Braviary, L82, M|206/298\n|turn|10\n|\n|t:|1768922959\n|switch|p1a: Samurott|Samurott, L87, F|307/307\n|move|p2a: Braviary|Brave Bird|p1a: Samurott\n|-damage|p1a: Samurott|111/307\n|-damage|p2a: Braviary|141/298|[from] Recoil\n|\n|upkeep\n|turn|11\n|\n|t:|1768922965\n|move|p2a: Braviary|Brave Bird|p1a: Samurott\n|-damage|p1a: Samurott|0 fnt\n|faint|p1a: Samurott\n|-damage|p2a: Braviary|104/298|[from] Recoil\n|\n|upkeep\n|\n|t:|1768922980\n|switch|p1a: Landorus|Landorus, L76, M|260/260\n|turn|12\n|\n|t:|1768922985\n|switch|p2a: Hippowdon|Hippowdon, L81, F|308/308\n|-weather|Sandstorm|[from] ability: Sand Stream|[of] p2a: Hippowdon\n|move|p1a: Landorus|Sludge Wave|p2a: Hippowdon\n|-resisted|p2a: Hippowdon\n|-damage|p2a: Hippowdon|250/308\n|\n|-weather|Sandstorm|[upkeep]\n|-heal|p2a: Hippowdon|269/308|[from] item: Leftovers\n|upkeep\n|turn|13\n|\n|t:|1768922994\n|move|p1a: Landorus|Calm Mind|p1a: Landorus\n|-boost|p1a: Landorus|spa|1\n|-boost|p1a: Landorus|spd|1\n|move|p2a: Hippowdon|Toxic|p1a: Landorus\n|-status|p1a: Landorus|tox\n|\n|-weather|Sandstorm|[upkeep]\n|-heal|p2a: Hippowdon|288/308|[from] item: Leftovers\n|-damage|p1a: Landorus|244/260 tox|[from] psn\n|upkeep\n|turn|14\n|\n|t:|1768922999\n|move|p1a: Landorus|Earth Power|p2a: Hippowdon\n|-damage|p2a: Hippowdon|35/308\n|move|p2a: Hippowdon|Whirlwind|p1a: Landorus\n|drag|p1a: Victreebel|Victreebel, L90, F|145/290\n|\n|-weather|Sandstorm|[upkeep]\n|-damage|p1a: Victreebel|127/290|[from] Sandstorm\n|-heal|p2a: Hippowdon|54/308|[from] item: Leftovers\n|upkeep\n|turn|15\n|\n|t:|1768923006\n|move|p1a: Victreebel|Sludge Bomb|p2a: Hippowdon\n|-resisted|p2a: Hippowdon\n|-crit|p2a: Hippowdon\n|-damage|p2a: Hippowdon|0 fnt\n|faint|p2a: Hippowdon\n|-damage|p1a: Victreebel|98/290|[from] item: Life Orb\n|\n|-weather|Sandstorm|[upkeep]\n|-damage|p1a: Victreebel|80/290|[from] Sandstorm\n|upkeep\n|\n|t:|1768923012\n|switch|p2a: Braviary|Braviary, L82, M|104/298\n|turn|16\n|\n|t:|1768923031\n|switch|p1a: Landorus|Landorus, L76, M|244/260 tox\n|move|p2a: Braviary|Brave Bird|p1a: Landorus\n|-damage|p1a: Landorus|0 fnt\n|faint|p1a: Landorus\n|-damage|p2a: Braviary|23/298|[from] Recoil\n|\n|-weather|none\n|upkeep\n|\n|t:|1768923040\n|switch|p1a: Ho-Oh|Ho-Oh, L69|261/261\n|turn|17\n|\n|t:|1768923041\n|move|p2a: Braviary|Brave Bird|p1a: Ho-Oh\n|-damage|p1a: Ho-Oh|0 fnt\n|faint|p1a: Ho-Oh\n|-damage|p2a: Braviary|0 fnt|[from] Recoil\n|faint|p2a: Braviary\n|\n|upkeep\n|\n|t:|1768923055\n|switch|p2a: Togekiss|Togekiss, L79, F|169/263\n|switch|p1a: Nidoqueen|Nidoqueen, L81, F|278/278\n|turn|18\n|\n|t:|1768923060\n|move|p2a: Togekiss|Trick|p1a: Nidoqueen\n|-activate|p2a: Togekiss|move: Trick|[of] p1a: Nidoqueen\n|-item|p1a: Nidoqueen|Choice Scarf|[from] move: Trick\n|-item|p2a: Togekiss|Life Orb|[from] move: Trick\n|move|p1a: Nidoqueen|Poison Jab|p2a: Togekiss\n|-supereffective|p2a: Togekiss\n|-damage|p2a: Togekiss|0 fnt\n|faint|p2a: Togekiss\n|\n|upkeep\n|\n|t:|1768923065\n|switch|p2a: Cryogonal|Cryogonal, L89|269/269\n|turn|19\n|\n|t:|1768923068\n|move|p1a: Nidoqueen|Poison Jab|p2a: Cryogonal\n|-damage|p2a: Cryogonal|77/269\n|move|p2a: Cryogonal|Freeze-Dry|p1a: Nidoqueen\n|-supereffective|p1a: Nidoqueen\n|-damage|p1a: Nidoqueen|108/278\n|-status|p1a: Nidoqueen|frz\n|\n|-heal|p2a: Cryogonal|93/269|[from] item: Leftovers\n|upkeep\n|turn|20\n|\n|t:|1768923071\n|-curestatus|p1a: Nidoqueen|frz|[msg]\n|move|p1a: Nidoqueen|Poison Jab|p2a: Cryogonal\n|-damage|p2a: Cryogonal|0 fnt\n|faint|p2a: Cryogonal\n|\n|win|arboretums\n|raw|arboretums's rating: 1595 &rarr; <strong>1613</strong><br />(+18 for winning)\n|raw|Magomagic's rating: 1556 &rarr; <strong>1538</strong><br />(-18 for losing)\n|c|☆arboretums|dude\n|c|☆arboretums|nvm\n", "inputlog": ">version 3bd1a1e329da8d286644078cfc9a9638fc7ea025\n>start {\"formatid\":\"gen6randombattle\",\"seed\":\"sodium,226bf9384ca7db0c36e09f8dc3f3931a\",\"rated\":\"Rated battle\"}\n>player p1 {\"name\":\"arboretums\",\"avatar\":\"serena-masters2\",\"rating\":1595,\"seed\":\"sodium,d586d5974ff9580ba335592c515654eb\"}\n>player p2 {\"name\":\"Magomagic\",\"avatar\":\"clown\",\"rating\":1556,\"seed\":\"sodium,98d4f312578110978526c03083673953\"}\n>p1 move calmmind\n>p2 switch 2\n>p1 switch 2\n>p2 move freezedry\n>p1 move sacredfire\n>p2 switch 4\n>p1 switch 4\n>p2 move scald mega\n>p1 move sunnyday\n>p2 switch 3\n>p1 switch 6\n>p2 move bravebird\n>p1 switch 6\n>p1 move weatherball\n>p2 switch 2\n>p2 switch 3\n>p1 move powerwhip\n>p2 switch 5\n>p1 move sludgebomb\n>p2 switch 5\n>p2 switch 2\n>p1 switch 5\n>p2 move bravebird\n>p1 move waterfall\n>p2 move bravebird\n>p1 switch 2\n>p1 move sludgewave\n>p2 switch 6\n>p1 move calmmind\n>p2 move toxic\n>p1 move earthpower\n>p2 move whirlwind\n>p1 move sludgebomb\n>p2 move earthquake\n>p2 switch 6\n>p1 switch 5\n>p2 move bravebird\n>p1 switch 4\n>p1 move roost\n>p2 move bravebird\n>p1 switch 3\n>p2 switch 5\n>p1 move poisonjab\n>p2 move trick\n>p2 switch 4\n>p1 move poisonjab\n>p2 move freezedry\n>p1 move poisonjab\n>p2 move freezedry", "uploadtime": 1768923076, "views": 301, "formatid": "gen6randombattle", "rating": 1538, "private": 0, "password": null}