{"id": "gen6randombattle-2540271143", "format": "[Gen 6] Random Battle", "players": ["Blatjanglover", "chisaki kai"], "log": "|j|☆Blatjanglover\n|j|☆chisaki kai\n|t:|1771183057\n|gametype|singles\n|player|p1|Blatjanglover|brock|1626\n|player|p2|chisaki kai|acetrainer-gen3|1591\n|gen|6\n|tier|[Gen 6] Random Battle\n|rated|\n|rule|Sleep Clause Mod: Limit one foe put to sleep\n|rule|HP Percentage Mod: HP is shown in percentages\n|rule|Illusion Level Mod: Illusion disguises the Pokémon's true level\n|\n|t:|1771183057\n|teamsize|p1|6\n|teamsize|p2|6\n|start\n|switch|p1a: Mawile|Mawile, L89, M|234/234\n|switch|p2a: Tentacruel|Tentacruel, L83, F|268/268\n|-ability|p1a: Mawile|Intimidate|boost\n|-fail|p2a: Tentacruel|unboost|[from] ability: Clear Body|[of] p2a: Tentacruel\n|turn|1\n|inactive|Battle timer is ON: inactive players will automatically lose when time's up. (requested by chisaki kai)\n|\n|t:|1771183066\n|move|p2a: Tentacruel|Scald|p1a: Mawile\n|-damage|p1a: Mawile|141/234\n|move|p1a: Mawile|Knock Off|p2a: Tentacruel\n|-damage|p2a: Tentacruel|179/268\n|-enditem|p2a: Tentacruel|Assault Vest|[from] move: Knock Off|[of] p1a: Mawile\n|\n|-heal|p1a: Mawile|155/234|[from] item: Leftovers\n|upkeep\n|turn|2\n|\n|t:|1771183080\n|switch|p1a: Galvantula|Galvantula, L79, M|240/240\n|move|p2a: Tentacruel|Scald|p1a: Galvantula\n|-damage|p1a: Galvantula|146/240\n|-status|p1a: Galvantula|brn\n|\n|-damage|p1a: Galvantula|116/240 brn|[from] brn\n|upkeep\n|turn|3\n|\n|t:|1771183088\n|move|p1a: Galvantula|Volt Switch|p2a: Tentacruel\n|-supereffective|p2a: Tentacruel\n|-damage|p2a: Tentacruel|31/268\n|-damage|p1a: Galvantula|92/240 brn|[from] item: Life Orb\n|\n|t:|1771183100\n|switch|p1a: Tentacruel|Tentacruel, L83, M|268/268|[from] Volt Switch\n|move|p2a: Tentacruel|Sludge Bomb|p1a: Tentacruel\n|-resisted|p1a: Tentacruel\n|-damage|p1a: Tentacruel|236/268\n|\n|-heal|p1a: Tentacruel|252/268|[from] item: Black Sludge\n|upkeep\n|turn|4\n|\n|t:|1771183105\n|move|p2a: Tentacruel|Knock Off|p1a: Tentacruel\n|-damage|p1a: Tentacruel|188/268\n|-enditem|p1a: Tentacruel|Black Sludge|[from] move: Knock Off|[of] p2a: Tentacruel\n|move|p1a: Tentacruel|Sludge Bomb|p2a: Tentacruel\n|-resisted|p2a: Tentacruel\n|-damage|p2a: Tentacruel|0 fnt\n|faint|p2a: Tentacruel\n|\n|upkeep\n|\n|t:|1771183108\n|switch|p2a: Arbok|Arbok, L90, M|254/254\n|turn|5\n|\n|t:|1771183112\n|move|p1a: Tentacruel|Scald|p2a: Arbok\n|-damage|p2a: Arbok|187/254\n|-status|p2a: Arbok|brn\n|move|p2a: Arbok|Coil|p2a: Arbok\n|-boost|p2a: Arbok|atk|1\n|-boost|p2a: Arbok|def|1\n|-boost|p2a: Arbok|accuracy|1\n|\n|-activate|p2a: Arbok|ability: Shed Skin\n|-curestatus|p2a: Arbok|brn|[msg]\n|-heal|p2a: Arbok|202/254|[from] item: Black Sludge\n|upkeep\n|turn|6\n|\n|t:|1771183114\n|move|p1a: Tentacruel|Scald|p2a: Arbok\n|-damage|p2a: Arbok|129/254\n|-status|p2a: Arbok|brn\n|move|p2a: Arbok|Earthquake|p1a: Tentacruel\n|-supereffective|p1a: Tentacruel\n|-damage|p1a: Tentacruel|47/268\n|\n|-heal|p2a: Arbok|144/254 brn|[from] item: Black Sludge\n|-damage|p2a: Arbok|113/254 brn|[from] brn\n|upkeep\n|turn|7\n|\n|t:|1771183119\n|switch|p1a: Mawile|Mawile, L89, M|155/234\n|-ability|p1a: Mawile|Intimidate|boost\n|-unboost|p2a: Arbok|atk|1\n|move|p2a: Arbok|Earthquake|p1a: Mawile\n|-supereffective|p1a: Mawile\n|-damage|p1a: Mawile|82/234\n|\n|-activate|p2a: Arbok|ability: Shed Skin\n|-curestatus|p2a: Arbok|brn|[msg]\n|-heal|p2a: Arbok|128/254|[from] item: Black Sludge\n|-heal|p1a: Mawile|96/234|[from] item: Leftovers\n|upkeep\n|turn|8\n|c|☆Blatjanglover|I hate Shed Skin sooooo much 😭\n|inactive|Blatjanglover has 120 seconds left.\n|\n|t:|1771183151\n|move|p2a: Arbok|Earthquake|p1a: Mawile\n|-supereffective|p1a: Mawile\n|-crit|p1a: Mawile\n|-damage|p1a: Mawile|0 fnt\n|faint|p1a: Mawile\n|\n|-heal|p2a: Arbok|143/254|[from] item: Black Sludge\n|upkeep\n|inactive|Blatjanglover has 120 seconds left.\n|\n|t:|1771183156\n|switch|p1a: Garchomp|Garchomp, L76, M|289/289\n|turn|9\n|\n|t:|1771183162\n|detailschange|p1a: Garchomp|Garchomp-Mega, L76, M\n|-mega|p1a: Garchomp|Garchomp|Garchompite\n|move|p1a: Garchomp|Earthquake|p2a: Arbok\n|-supereffective|p2a: Arbok\n|-damage|p2a: Arbok|0 fnt\n|faint|p2a: Arbok\n|\n|upkeep\n|\n|t:|1771183165\n|switch|p2a: Dialga|Dialga, L73, shiny|266/266\n|-ability|p2a: Dialga|Pressure\n|turn|10\n|\n|t:|1771183174\n|switch|p1a: Simipour|Simipour, L86, F|269/269\n|move|p2a: Dialga|Draco Meteor|p1a: Simipour\n|-damage|p1a: Simipour|76/269\n|-unboost|p2a: Dialga|spa|2\n|\n|-heal|p1a: Simipour|92/269|[from] item: Leftovers\n|upkeep\n|turn|11\n|\n|t:|1771183180\n|switch|p1a: Tentacruel|Tentacruel, L83, M|47/268\n|move|p2a: Dialga|Draco Meteor|p1a: Tentacruel\n|-damage|p1a: Tentacruel|0 fnt\n|-unboost|p2a: Dialga|spa|2\n|faint|p1a: Tentacruel\n|\n|upkeep\n|\n|t:|1771183184\n|switch|p1a: Galvantula|Galvantula, L79, M|92/240 brn\n|turn|12\n|\n|t:|1771183187\n|move|p2a: Dialga|Draco Meteor|p1a: Galvantula|[miss]\n|-miss|p2a: Dialga|p1a: Galvantula\n|move|p1a: Galvantula|Sticky Web|p2a: Dialga\n|-sidestart|p2: chisaki kai|move: Sticky Web\n|\n|-damage|p1a: Galvantula|62/240 brn|[from] brn\n|upkeep\n|turn|13\n|\n|t:|1771183195\n|switch|p2a: Scrafty|Scrafty, L83, F|244/244\n|-activate|p2a: Scrafty|move: Sticky Web\n|-unboost|p2a: Scrafty|spe|1\n|move|p1a: Galvantula|Thunder|p2a: Scrafty\n|-damage|p2a: Scrafty|141/244\n|-damage|p1a: Galvantula|38/240 brn|[from] item: Life Orb\n|\n|-heal|p2a: Scrafty|156/244|[from] item: Leftovers\n|-damage|p1a: Galvantula|8/240 brn|[from] brn\n|upkeep\n|turn|14\n|\n|t:|1771183203\n|move|p1a: Galvantula|Bug Buzz|p2a: Scrafty\n|-damage|p2a: Scrafty|57/244\n|-damage|p1a: Galvantula|0 fnt|[from] item: Life Orb\n|faint|p1a: Galvantula\n|move|p2a: Scrafty|Bulk Up|p2a: Scrafty\n|-boost|p2a: Scrafty|atk|1\n|-boost|p2a: Scrafty|def|1\n|\n|-heal|p2a: Scrafty|72/244|[from] item: Leftovers\n|upkeep\n|\n|t:|1771183222\n|switch|p1a: Kyurem|Kyurem-Black, L76|315/315\n|-ability|p1a: Kyurem|Teravolt\n|turn|15\n|\n|t:|1771183225\n|move|p1a: Kyurem|Ice Beam|p2a: Scrafty\n|-damage|p2a: Scrafty|0 fnt\n|faint|p2a: Scrafty\n|\n|upkeep\n|\n|t:|1771183230\n|switch|p2a: Dialga|Dialga, L73, shiny|266/266\n|-activate|p2a: Dialga|move: Sticky Web\n|-unboost|p2a: Dialga|spe|1\n|-ability|p2a: Dialga|Pressure\n|turn|16\n|\n|t:|1771183243\n|move|p1a: Kyurem|Outrage|p2a: Dialga\n|-damage|p2a: Dialga|113/266\n|move|p2a: Dialga|Draco Meteor|p1a: Kyurem\n|-supereffective|p1a: Kyurem\n|-damage|p1a: Kyurem|0 fnt\n|-unboost|p2a: Dialga|spa|2\n|faint|p1a: Kyurem\n|\n|upkeep\n|\n|t:|1771183248\n|switch|p1a: Garchomp|Garchomp-Mega, L76, M|289/289\n|turn|17\n|\n|t:|1771183251\n|switch|p2a: Lugia|Lugia, L71|268/268\n|move|p1a: Garchomp|Earthquake|p2a: Lugia\n|-immune|p2a: Lugia\n|\n|upkeep\n|turn|18\n|\n|t:|1771183255\n|move|p2a: Lugia|Toxic|p1a: Garchomp\n|-status|p1a: Garchomp|tox\n|move|p1a: Garchomp|Swords Dance|p1a: Garchomp\n|-boost|p1a: Garchomp|atk|2\n|\n|-damage|p1a: Garchomp|271/289 tox|[from] psn\n|upkeep\n|turn|19\n|\n|t:|1771183259\n|move|p2a: Lugia|Substitute|p2a: Lugia\n|-start|p2a: Lugia|Substitute\n|-damage|p2a: Lugia|201/268\n|move|p1a: Garchomp|Stone Edge|p2a: Lugia\n|-supereffective|p2a: Lugia\n|-end|p2a: Lugia|Substitute\n|\n|-heal|p2a: Lugia|217/268|[from] item: Leftovers\n|-damage|p1a: Garchomp|235/289 tox|[from] psn\n|upkeep\n|turn|20\n|\n|t:|1771183264\n|move|p2a: Lugia|Substitute|p2a: Lugia\n|-start|p2a: Lugia|Substitute\n|-damage|p2a: Lugia|150/268\n|move|p1a: Garchomp|Outrage|p2a: Lugia\n|-end|p2a: Lugia|Substitute\n|\n|-heal|p2a: Lugia|166/268|[from] item: Leftovers\n|-damage|p1a: Garchomp|181/289 tox|[from] psn\n|upkeep\n|turn|21\n|\n|t:|1771183267\n|move|p2a: Lugia|Substitute|p2a: Lugia\n|-start|p2a: Lugia|Substitute\n|-damage|p2a: Lugia|99/268\n|move|p1a: Garchomp|Outrage|p2a: Lugia|[from] lockedmove\n|-end|p2a: Lugia|Substitute\n|\n|-heal|p2a: Lugia|115/268|[from] item: Leftovers\n|-damage|p1a: Garchomp|109/289 tox|[from] psn\n|upkeep\n|turn|22\n|\n|t:|1771183274\n|move|p2a: Lugia|Substitute|p2a: Lugia\n|-start|p2a: Lugia|Substitute\n|-damage|p2a: Lugia|48/268\n|move|p1a: Garchomp|Outrage|p2a: Lugia|[from] lockedmove\n|-end|p2a: Lugia|Substitute\n|-start|p1a: Garchomp|confusion|[fatigue]\n|\n|-heal|p2a: Lugia|64/268|[from] item: Leftovers\n|-damage|p1a: Garchomp|19/289 tox|[from] psn\n|upkeep\n|turn|23\n|\n|t:|1771183281\n|switch|p1a: Simipour|Simipour, L86, F|92/269\n|move|p2a: Lugia|Roost|p2a: Lugia\n|-heal|p2a: Lugia|198/268\n|-singleturn|p2a: Lugia|move: Roost\n|\n|-heal|p1a: Simipour|108/269|[from] item: Leftovers\n|-heal|p2a: Lugia|214/268|[from] item: Leftovers\n|upkeep\n|turn|24\n|\n|t:|1771183286\n|move|p1a: Simipour|Ice Beam|p2a: Lugia\n|-supereffective|p2a: Lugia\n|-damage|p2a: Lugia|110/268\n|move|p2a: Lugia|Aeroblast|p1a: Simipour|[miss]\n|-miss|p2a: Lugia|p1a: Simipour\n|\n|-heal|p1a: Simipour|124/269|[from] item: Leftovers\n|-heal|p2a: Lugia|126/268|[from] item: Leftovers\n|upkeep\n|turn|25\n|\n|t:|1771183294\n|move|p1a: Simipour|Ice Beam|p2a: Lugia\n|-supereffective|p2a: Lugia\n|-damage|p2a: Lugia|28/268\n|move|p2a: Lugia|Roost|p2a: Lugia\n|-heal|p2a: Lugia|162/268\n|-singleturn|p2a: Lugia|move: Roost\n|\n|-heal|p1a: Simipour|140/269|[from] item: Leftovers\n|-heal|p2a: Lugia|178/268|[from] item: Leftovers\n|upkeep\n|turn|26\n|\n|t:|1771183297\n|move|p1a: Simipour|Nasty Plot|p1a: Simipour\n|-boost|p1a: Simipour|spa|2\n|move|p2a: Lugia|Aeroblast|p1a: Simipour\n|-crit|p1a: Simipour\n|-damage|p1a: Simipour|0 fnt\n|faint|p1a: Simipour\n|\n|-heal|p2a: Lugia|194/268|[from] item: Leftovers\n|upkeep\n|\n|t:|1771183299\n|switch|p1a: Garchomp|Garchomp-Mega, L76, M|19/289 tox\n|turn|27\n|\n|t:|1771183302\n|move|p2a: Lugia|Roost|p2a: Lugia\n|-heal|p2a: Lugia|268/268\n|-singleturn|p2a: Lugia|move: Roost\n|move|p1a: Garchomp|Outrage|p2a: Lugia\n|-damage|p2a: Lugia|199/268\n|\n|-heal|p2a: Lugia|215/268|[from] item: Leftovers\n|-damage|p1a: Garchomp|1/289 tox|[from] psn\n|upkeep\n|turn|28\n|c|☆Blatjanglover|Gg\n|\n|t:|1771183324\n|move|p2a: Lugia|Aeroblast|p1a: Garchomp\n|-damage|p1a: Garchomp|0 fnt\n|faint|p1a: Garchomp\n|detailschange|p1: Garchomp|Garchomp, L76, M|[silent]\n|\n|win|chisaki kai\n|raw|Blatjanglover's rating: 1626 &rarr; <strong>1604</strong><br />(-22 for losing)\n|raw|chisaki kai's rating: 1591 &rarr; <strong>1613</strong><br />(+22 for winning)\n|l|☆chisaki kai\n|player|p2|\n|c|☆Blatjanglover|You got me good no lie\n", "inputlog": ">version 686819e5e19f8a7fd2345cfc5a08a5085efa2cc3\n>start {\"formatid\":\"gen6randombattle\",\"seed\":\"sodium,3b05720c3cca084afffa5c682419738b\",\"rated\":\"Rated battle\"}\n>player p1 {\"name\":\"Blatjanglover\",\"avatar\":\"brock\",\"rating\":1626,\"seed\":\"sodium,835c7533e2c00a11b4ca101afadacb54\"}\n>player p2 {\"name\":\"chisaki kai\",\"avatar\":\"acetrainer-gen3\",\"rating\":1591,\"seed\":\"sodium,b825d28dd126defde7db5026cc02df7d\"}\n>p1 move knockoff\n>p2 move scald\n>p1 switch 2\n>p2 move scald\n>p1 move voltswitch\n>p2 move sludgebomb\n>p1 switch 5\n>p1 move sludgebomb\n>p2 move knockoff\n>p2 switch 3\n>p1 move scald\n>p2 move coil\n>p1 move scald\n>p2 move earthquake\n>p1 switch 2\n>p2 move earthquake\n>chat ☆Blatjanglover|I hate Shed Skin sooooo much 😭\n>p1 move knockoff\n>p2 move earthquake\n>p1 switch 3\n>p1 move earthquake mega\n>p2 move earthquake\n>p2 switch 5\n>p1 switch 4\n>p2 move dracometeor\n>p1 switch 2\n>p2 move dracometeor\n>p1 switch 5\n>p1 move stickyweb\n>p2 move dracometeor\n>p1 move thunder\n>p2 switch 2\n>p1 move bugbuzz\n>p2 move bulkup\n>p1 switch 6\n>p1 move icebeam\n>p2 move rest\n>p2 switch 2\n>p1 move outrage\n>p2 move dracometeor\n>p1 switch 4\n>p1 move earthquake\n>p2 switch 6\n>p1 move swordsdance\n>p2 move toxic\n>p1 move stoneedge\n>p2 move substitute\n>p1 move outrage\n>p2 move substitute\n>p1 move outrage\n>p2 move substitute\n>p1 move outrage\n>p2 move substitute\n>p1 switch 2\n>p2 move roost\n>p1 move icebeam\n>p2 move aeroblast\n>p1 move icebeam\n>p2 move roost\n>p1 move nastyplot\n>p2 move aeroblast\n>p1 switch 2\n>p1 move outrage\n>p2 move roost\n>chat ☆Blatjanglover|Gg\n>p1 move outrage\n>p2 move aeroblast", "uploadtime": 1771183332, "views": 51, "formatid": "gen6randombattle", "rating": 1604, "private": 0, "password": null}