{"id": "gen6randombattle-2524527705", "format": "[Gen 6] Random Battle", "players": ["bears on toast", "mlungero"], "log": "|j|☆bears on toast\n|j|☆mlungero\n|t:|1769163817\n|gametype|singles\n|player|p1|bears on toast|169|1546\n|player|p2|mlungero|brock|1595\n|gen|6\n|tier|[Gen 6] Random Battle\n|rated|\n|rule|Sleep Clause Mod: Limit one foe put to sleep\n|rule|HP Percentage Mod: HP is shown in percentages\n|rule|Illusion Level Mod: Illusion disguises the Pokémon's true level\n|\n|t:|1769163817\n|teamsize|p1|6\n|teamsize|p2|6\n|start\n|switch|p1a: Gourgeist|Gourgeist-Large, L87, F|272/272\n|switch|p2a: Drifblim|Drifblim, L83, M|384/384\n|-item|p2a: Drifblim|Sitrus Berry|[from] ability: Frisk|[of] p1a: Gourgeist\n|turn|1\n|inactive|Battle timer is ON: inactive players will automatically lose when time's up. (requested by bears on toast)\n|\n|t:|1769163834\n|move|p2a: Drifblim|Will-O-Wisp|p1a: Gourgeist\n|-status|p1a: Gourgeist|brn\n|move|p1a: Gourgeist|Will-O-Wisp|p2a: Drifblim\n|-status|p2a: Drifblim|brn\n|\n|-damage|p2a: Drifblim|336/384 brn|[from] brn\n|-damage|p1a: Gourgeist|238/272 brn|[from] brn\n|upkeep\n|turn|2\n|\n|t:|1769163847\n|switch|p1a: Houndoom|Houndoom, L80, F|251/251\n|move|p2a: Drifblim|Hex|p1a: Houndoom\n|-resisted|p1a: Houndoom\n|-damage|p1a: Houndoom|215/251\n|\n|-damage|p2a: Drifblim|288/384 brn|[from] brn\n|upkeep\n|turn|3\n|c|☆mlungero|Fun fact\n|c|☆mlungero|I'm actually faster than you 😑\n|\n|t:|1769163871\n|switch|p2a: Conkeldurr|Conkeldurr, L81, F|303/303\n|detailschange|p1a: Houndoom|Houndoom-Mega, L80, F\n|-mega|p1a: Houndoom|Houndoom|Houndoominite\n|move|p1a: Houndoom|Dark Pulse|p2a: Conkeldurr\n|-resisted|p2a: Conkeldurr\n|-damage|p2a: Conkeldurr|231/303\n|\n|upkeep\n|turn|4\n|c|☆bears on toast|ok\n|\n|t:|1769163884\n|switch|p1a: Gourgeist|Gourgeist-Large, L87, F|238/272 brn\n|-item|p2a: Conkeldurr|Life Orb|[from] ability: Frisk|[of] p1a: Gourgeist\n|move|p2a: Conkeldurr|Drain Punch|p1a: Gourgeist\n|-immune|p1a: Gourgeist\n|\n|-heal|p1a: Gourgeist|255/272 brn|[from] item: Leftovers\n|-damage|p1a: Gourgeist|221/272 brn|[from] brn\n|upkeep\n|turn|5\n|c|☆mlungero|I thought you were faster 😭\n|\n|t:|1769163903\n|move|p1a: Gourgeist|Will-O-Wisp|p2a: Conkeldurr|[miss]\n|-miss|p1a: Gourgeist|p2a: Conkeldurr\n|move|p2a: Conkeldurr|Knock Off|p1a: Gourgeist\n|-supereffective|p1a: Gourgeist\n|-damage|p1a: Gourgeist|65/272 brn\n|-enditem|p1a: Gourgeist|Leftovers|[from] move: Knock Off|[of] p2a: Conkeldurr\n|-damage|p2a: Conkeldurr|201/303|[from] item: Life Orb\n|\n|-damage|p1a: Gourgeist|31/272 brn|[from] brn\n|upkeep\n|turn|6\n|\n|t:|1769163908\n|switch|p2a: Drifblim|Drifblim, L83, M|288/384 brn\n|move|p1a: Gourgeist|Will-O-Wisp|p2a: Drifblim\n|-fail|p2a: Drifblim|brn\n|\n|-damage|p2a: Drifblim|240/384 brn|[from] brn\n|-damage|p1a: Gourgeist|0 fnt|[from] brn\n|faint|p1a: Gourgeist\n|upkeep\n|\n|t:|1769163914\n|switch|p1a: Houndoom|Houndoom-Mega, L80, F|215/251\n|turn|7\n|\n|t:|1769163920\n|move|p1a: Houndoom|Fire Blast|p2a: Drifblim\n|-damage|p2a: Drifblim|42/384 brn\n|-enditem|p2a: Drifblim|Sitrus Berry|[eat]\n|-heal|p2a: Drifblim|138/384 brn|[from] item: Sitrus Berry\n|move|p2a: Drifblim|Acrobatics|p1a: Houndoom\n|-damage|p1a: Houndoom|167/251\n|\n|-damage|p2a: Drifblim|90/384 brn|[from] brn\n|upkeep\n|turn|8\n|\n|t:|1769163930\n|move|p2a: Drifblim|Acrobatics|p1a: Houndoom\n|-damage|p1a: Houndoom|116/251\n|move|p1a: Houndoom|Nasty Plot|p1a: Houndoom\n|-boost|p1a: Houndoom|spa|2\n|\n|-damage|p2a: Drifblim|42/384 brn|[from] brn\n|upkeep\n|turn|9\n|\n|t:|1769163934\n|move|p2a: Drifblim|Acrobatics|p1a: Houndoom\n|-crit|p1a: Houndoom\n|-damage|p1a: Houndoom|36/251\n|move|p1a: Houndoom|Fire Blast|p2a: Drifblim|[miss]\n|-miss|p1a: Houndoom|p2a: Drifblim\n|\n|-damage|p2a: Drifblim|0 fnt|[from] brn\n|faint|p2a: Drifblim\n|upkeep\n|\n|t:|1769163940\n|switch|p2a: Conkeldurr|Conkeldurr, L81, F|201/303\n|turn|10\n|\n|t:|1769163946\n|move|p2a: Conkeldurr|Mach Punch|p1a: Houndoom\n|-supereffective|p1a: Houndoom\n|-damage|p1a: Houndoom|0 fnt\n|faint|p1a: Houndoom\n|detailschange|p1: Houndoom|Houndoom, L80, F|[silent]\n|-damage|p2a: Conkeldurr|171/303|[from] item: Life Orb\n|\n|upkeep\n|\n|t:|1769163950\n|switch|p1a: Minun|Minun, L93, M|262/262\n|turn|11\n|\n|t:|1769163970\n|move|p1a: Minun|Substitute|p1a: Minun\n|-start|p1a: Minun|Substitute\n|-damage|p1a: Minun|197/262\n|move|p2a: Conkeldurr|Drain Punch|p1a: Minun\n|-end|p1a: Minun|Substitute\n|-heal|p2a: Conkeldurr|204/303|[from] drain|[of] p1a: Minun\n|-damage|p2a: Conkeldurr|174/303|[from] item: Life Orb\n|\n|-heal|p1a: Minun|213/262|[from] item: Leftovers\n|upkeep\n|turn|12\n|inactive|bears on toast has 120 seconds left.\n|\n|t:|1769164000\n|switch|p1a: Lugia|Lugia, L71|268/268\n|move|p2a: Conkeldurr|Drain Punch|p1a: Lugia\n|-resisted|p1a: Lugia\n|-damage|p1a: Lugia|250/268\n|-heal|p2a: Conkeldurr|183/303|[from] drain|[of] p1a: Lugia\n|-damage|p2a: Conkeldurr|153/303|[from] item: Life Orb\n|\n|-heal|p1a: Lugia|266/268|[from] item: Leftovers\n|upkeep\n|turn|13\n|\n|t:|1769164012\n|move|p1a: Lugia|Aeroblast|p2a: Conkeldurr\n|-supereffective|p2a: Conkeldurr\n|-damage|p2a: Conkeldurr|0 fnt\n|faint|p2a: Conkeldurr\n|\n|-heal|p1a: Lugia|268/268|[from] item: Leftovers\n|upkeep\n|\n|t:|1769164021\n|switch|p2a: Miltank|Miltank, L84, F|297/297\n|turn|14\n|\n|t:|1769164038\n|switch|p1a: Dialga|Dialga, L73|266/266\n|-ability|p1a: Dialga|Pressure\n|move|p2a: Miltank|Body Slam|p1a: Dialga\n|-resisted|p1a: Dialga\n|-damage|p1a: Dialga|230/266\n|-status|p1a: Dialga|par\n|\n|-heal|p1a: Dialga|246/266 par|[from] item: Leftovers\n|upkeep\n|turn|15\n|\n|t:|1769164044\n|switch|p2a: Cobalion|Cobalion, L77|267/267\n|move|p1a: Dialga|Toxic|p2a: Cobalion\n|-immune|p2a: Cobalion\n|\n|-heal|p1a: Dialga|262/266 par|[from] item: Leftovers\n|upkeep\n|turn|16\n|\n|t:|1769164049\n|switch|p1a: Lugia|Lugia, L71|268/268\n|move|p2a: Cobalion|Stealth Rock|p1a: Lugia\n|-sidestart|p1: bears on toast|move: Stealth Rock\n|\n|upkeep\n|turn|17\n|\n|t:|1769164057\n|move|p2a: Cobalion|Iron Head|p1a: Lugia\n|-damage|p1a: Lugia|236/268\n|move|p1a: Lugia|Substitute|p1a: Lugia\n|-start|p1a: Lugia|Substitute\n|-damage|p1a: Lugia|169/268\n|\n|-heal|p1a: Lugia|185/268|[from] item: Leftovers\n|upkeep\n|turn|18\n|\n|t:|1769164085\n|move|p2a: Cobalion|Stone Edge|p1a: Lugia\n|-supereffective|p1a: Lugia\n|-end|p1a: Lugia|Substitute\n|move|p1a: Lugia|Aeroblast|p2a: Cobalion\n|-damage|p2a: Cobalion|176/267\n|\n|-heal|p2a: Cobalion|192/267|[from] item: Leftovers\n|-heal|p1a: Lugia|201/268|[from] item: Leftovers\n|upkeep\n|turn|19\n|\n|t:|1769164092\n|switch|p1a: Dialga|Dialga, L73|262/266 par\n|-damage|p1a: Dialga|246/266 par|[from] Stealth Rock\n|-ability|p1a: Dialga|Pressure\n|move|p2a: Cobalion|Stone Edge|p1a: Dialga\n|-resisted|p1a: Dialga\n|-damage|p1a: Dialga|223/266 par\n|\n|-heal|p2a: Cobalion|208/267|[from] item: Leftovers\n|-heal|p1a: Dialga|239/266 par|[from] item: Leftovers\n|upkeep\n|turn|20\n|\n|t:|1769164104\n|move|p2a: Cobalion|Close Combat|p1a: Dialga\n|-supereffective|p1a: Dialga\n|-damage|p1a: Dialga|47/266 par\n|-unboost|p2a: Cobalion|def|1\n|-unboost|p2a: Cobalion|spd|1\n|move|p1a: Dialga|Fire Blast|p2a: Cobalion\n|-supereffective|p2a: Cobalion\n|-crit|p2a: Cobalion\n|-damage|p2a: Cobalion|0 fnt\n|faint|p2a: Cobalion\n|\n|-heal|p1a: Dialga|63/266 par|[from] item: Leftovers\n|upkeep\n|\n|t:|1769164120\n|switch|p2a: Aggron|Aggron, L78, F|237/237\n|turn|21\n|\n|t:|1769164125\n|detailschange|p2a: Aggron|Aggron-Mega, L78, F\n|-mega|p2a: Aggron|Aggron|Aggronite\n|move|p2a: Aggron|Earthquake|p1a: Dialga\n|-supereffective|p1a: Dialga\n|-damage|p1a: Dialga|0 fnt\n|faint|p1a: Dialga\n|\n|upkeep\n|\n|t:|1769164137\n|switch|p1a: Gorebyss|Gorebyss, L83, F|226/226\n|-damage|p1a: Gorebyss|198/226|[from] Stealth Rock\n|turn|22\n|\n|t:|1769164139\n|move|p1a: Gorebyss|Shell Smash|p1a: Gorebyss\n|-unboost|p1a: Gorebyss|def|1\n|-unboost|p1a: Gorebyss|spd|1\n|-boost|p1a: Gorebyss|atk|2\n|-boost|p1a: Gorebyss|spa|2\n|-boost|p1a: Gorebyss|spe|2\n|-enditem|p1a: Gorebyss|White Herb\n|-clearnegativeboost|p1a: Gorebyss|[silent]\n|move|p2a: Aggron|Roar|p1a: Gorebyss\n|drag|p1a: Minun|Minun, L93, M|213/262\n|-damage|p1a: Minun|181/262|[from] Stealth Rock\n|\n|-heal|p1a: Minun|197/262|[from] item: Leftovers\n|upkeep\n|turn|23\n|\n|t:|1769164147\n|move|p1a: Minun|Thunderbolt|p2a: Aggron\n|-damage|p2a: Aggron|131/237\n|move|p2a: Aggron|Earthquake|p1a: Minun\n|-supereffective|p1a: Minun\n|-crit|p1a: Minun\n|-damage|p1a: Minun|0 fnt\n|faint|p1a: Minun\n|\n|upkeep\n|\n|t:|1769164152\n|switch|p1a: Gorebyss|Gorebyss, L83, F|198/226\n|-damage|p1a: Gorebyss|170/226|[from] Stealth Rock\n|turn|24\n|\n|t:|1769164162\n|move|p1a: Gorebyss|Hydro Pump|p2a: Aggron\n|-damage|p2a: Aggron|0 fnt\n|faint|p2a: Aggron\n|detailschange|p2: Aggron|Aggron, L78, F|[silent]\n|\n|upkeep\n|\n|t:|1769164165\n|switch|p2a: Miltank|Miltank, L84, F|297/297\n|turn|25\n|\n|t:|1769164168\n|move|p2a: Miltank|Body Slam|p1a: Gorebyss\n|-damage|p1a: Gorebyss|100/226\n|move|p1a: Gorebyss|Shell Smash|p1a: Gorebyss\n|-unboost|p1a: Gorebyss|def|1\n|-unboost|p1a: Gorebyss|spd|1\n|-boost|p1a: Gorebyss|atk|2\n|-boost|p1a: Gorebyss|spa|2\n|-boost|p1a: Gorebyss|spe|2\n|\n|upkeep\n|turn|26\n|\n|t:|1769164174\n|move|p1a: Gorebyss|Hydro Pump|p2a: Miltank\n|-damage|p2a: Miltank|11/297\n|move|p2a: Miltank|Body Slam|p1a: Gorebyss\n|-damage|p1a: Gorebyss|0 fnt\n|faint|p1a: Gorebyss\n|\n|-heal|p2a: Miltank|29/297|[from] item: Leftovers\n|upkeep\n|\n|t:|1769164179\n|switch|p1a: Lugia|Lugia, L71|201/268\n|-damage|p1a: Lugia|134/268|[from] Stealth Rock\n|turn|27\n|\n|t:|1769164183\n|move|p2a: Miltank|Body Slam|p1a: Lugia\n|-damage|p1a: Lugia|62/268\n|move|p1a: Lugia|Aeroblast|p2a: Miltank\n|-damage|p2a: Miltank|0 fnt\n|faint|p2a: Miltank\n|\n|-heal|p1a: Lugia|78/268|[from] item: Leftovers\n|upkeep\n|\n|t:|1769164185\n|switch|p2a: Solrock|Solrock, L90|272/272\n|turn|28\n|\n|t:|1769164190\n|move|p1a: Lugia|Roost|p1a: Lugia\n|-heal|p1a: Lugia|212/268\n|-singleturn|p1a: Lugia|move: Roost\n|move|p2a: Solrock|Will-O-Wisp|p1a: Lugia\n|-status|p1a: Lugia|brn\n|\n|-heal|p1a: Lugia|228/268 brn|[from] item: Leftovers\n|-damage|p1a: Lugia|195/268 brn|[from] brn\n|upkeep\n|turn|29\n|\n|t:|1769164195\n|move|p1a: Lugia|Toxic|p2a: Solrock\n|-status|p2a: Solrock|tox\n|move|p2a: Solrock|Stone Edge|p1a: Lugia\n|-supereffective|p1a: Lugia\n|-damage|p1a: Lugia|0 fnt\n|faint|p1a: Lugia\n|\n|win|mlungero\n|raw|bears on toast's rating: 1546 &rarr; <strong>1529</strong><br />(-17 for losing)\n|raw|mlungero's rating: 1595 &rarr; <strong>1612</strong><br />(+17 for winning)\n|c|☆mlungero|Gg\n|l|☆bears on toast\n|player|p1|\n", "inputlog": ">version dd3d52b8382d73d1dd2c67730c4067df325ab790\n>start {\"formatid\":\"gen6randombattle\",\"seed\":\"sodium,f725e296bf0bd27bdf6fdd323397ba91\",\"rated\":\"Rated battle\"}\n>player p1 {\"name\":\"bears on toast\",\"avatar\":\"169\",\"rating\":1546,\"seed\":\"sodium,a2ce38240737d7cdb9d3a8c140c661bb\"}\n>player p2 {\"name\":\"mlungero\",\"avatar\":\"brock\",\"rating\":1595,\"seed\":\"sodium,b531b3363cead4b61aac2b867b2800e0\"}\n>p1 move willowisp\n>p2 move willowisp\n>p1 switch 5\n>p2 move hex\n>chat ☆mlungero|Fun fact\n>chat ☆mlungero|I'm actually faster than you 😑\n>p1 move darkpulse mega\n>p2 switch 4\n>chat ☆bears on toast|ok\n>p1 switch 5\n>p2 move drainpunch\n>chat ☆mlungero|I thought you were faster 😭\n>p1 move willowisp\n>p2 move knockoff\n>p1 move willowisp\n>p2 switch 4\n>p1 switch 5\n>p1 move fireblast\n>p2 move acrobatics\n>p1 move nastyplot\n>p2 move acrobatics\n>p1 move fireblast\n>p2 move acrobatics\n>p2 switch 4\n>p1 move darkpulse\n>p2 move machpunch\n>p1 switch 4\n>p1 move substitute\n>p2 move drainpunch\n>p1 switch 3\n>p2 move drainpunch\n>p1 move aeroblast\n>p2 move knockoff\n>p2 switch 5\n>p1 switch 6\n>p2 move bodyslam\n>p1 move toxic\n>p2 switch 6\n>p1 switch 6\n>p2 move stealthrock\n>p1 move substitute\n>p2 move ironhead\n>p1 move aeroblast\n>p2 move stoneedge\n>p1 switch 6\n>p2 move stoneedge\n>p1 move fireblast\n>p2 move closecombat\n>p2 switch 2\n>p1 move flashcannon\n>p2 move earthquake mega\n>p1 switch 2\n>p1 move shellsmash\n>p2 move roar\n>p1 move thunderbolt\n>p2 move earthquake\n>p1 switch 3\n>p1 move hydropump\n>p2 move roar\n>p2 switch 6\n>p1 move shellsmash\n>p2 move bodyslam\n>p1 move hydropump\n>p2 move bodyslam\n>p1 switch 6\n>p1 move aeroblast\n>p2 move bodyslam\n>p2 switch 3\n>p1 move roost\n>p2 move willowisp\n>p1 move toxic\n>p2 move stoneedge", "uploadtime": 1769164218, "views": 269, "formatid": "gen6randombattle", "rating": 1529, "private": 0, "password": null}