{"id": "gen6randombattle-2534223988", "format": "[Gen 6] Random Battle", "players": ["digue007", "RNGgivethRNGtaketh"], "log": "|j|☆digue007\n|j|☆RNGgivethRNGtaketh\n|t:|1770399313\n|gametype|singles\n|player|p1|digue007|265|1567\n|player|p2|RNGgivethRNGtaketh|brock|1592\n|gen|6\n|tier|[Gen 6] Random Battle\n|rated|\n|rule|Sleep Clause Mod: Limit one foe put to sleep\n|rule|HP Percentage Mod: HP is shown in percentages\n|rule|Illusion Level Mod: Illusion disguises the Pokémon's true level\n|\n|t:|1770399313\n|teamsize|p1|6\n|teamsize|p2|6\n|start\n|switch|p1a: Qwilfish|Qwilfish, L84, M|246/246\n|switch|p2a: Lanturn|Lanturn, L86, M|355/355\n|-ability|p1a: Qwilfish|Intimidate|boost\n|-unboost|p2a: Lanturn|atk|1\n|turn|1\n|l|☆digue007\n|player|p1|\n|j|☆digue007\n|player|p1|digue007|265|\n|\n|t:|1770399339\n|switch|p1a: Porygon2|Porygon2, L81|270/270\n|-ability|p1a: Porygon2|Volt Absorb|Trace|[from] ability: Trace|[of] p2a: Lanturn\n|move|p2a: Lanturn|Thunderbolt|p1a: Porygon2\n|-immune|p1a: Porygon2|[from] ability: Volt Absorb\n|\n|upkeep\n|turn|2\n|inactive|Battle timer is ON: inactive players will automatically lose when time's up. (requested by digue007)\n|\n|t:|1770399346\n|move|p2a: Lanturn|Toxic|p1a: Porygon2\n|-status|p1a: Porygon2|tox\n|move|p1a: Porygon2|Toxic|p2a: Lanturn|[miss]\n|-miss|p1a: Porygon2|p2a: Lanturn\n|\n|-damage|p1a: Porygon2|254/270 tox|[from] psn\n|upkeep\n|turn|3\n|\n|t:|1770399352\n|switch|p2a: Ariados|Ariados, L91, F|275/275\n|move|p1a: Porygon2|Toxic|p2a: Ariados\n|-immune|p2a: Ariados\n|\n|-damage|p1a: Porygon2|222/270 tox|[from] psn\n|upkeep\n|turn|4\n|\n|t:|1770399369\n|move|p1a: Porygon2|Tri Attack|p2a: Ariados\n|-damage|p2a: Ariados|172/275\n|move|p2a: Ariados|Sticky Web|p1a: Porygon2\n|-sidestart|p1: digue007|move: Sticky Web\n|\n|-heal|p2a: Ariados|189/275|[from] item: Black Sludge\n|-damage|p1a: Porygon2|174/270 tox|[from] psn\n|upkeep\n|turn|5\n|\n|t:|1770399380\n|switch|p1a: Qwilfish|Qwilfish, L84, M|246/246\n|-activate|p1a: Qwilfish|move: Sticky Web\n|-unboost|p1a: Qwilfish|spe|1\n|-ability|p1a: Qwilfish|Intimidate|boost\n|-unboost|p2a: Ariados|atk|1\n|move|p2a: Ariados|Megahorn|p1a: Qwilfish\n|-resisted|p1a: Qwilfish\n|-damage|p1a: Qwilfish|192/246\n|\n|-heal|p2a: Ariados|206/275|[from] item: Black Sludge\n|upkeep\n|turn|6\n|\n|t:|1770399389\n|switch|p2a: Glalie|Glalie, L82, M|265/265\n|move|p1a: Qwilfish|Toxic Spikes|p2a: Glalie\n|-sidestart|p2: RNGgivethRNGtaketh|move: Toxic Spikes\n|\n|upkeep\n|turn|7\n|\n|t:|1770399395\n|switch|p1a: Emboar|Emboar, L83, F|318/318\n|-activate|p1a: Emboar|move: Sticky Web\n|-unboost|p1a: Emboar|spe|1\n|detailschange|p2a: Glalie|Glalie-Mega, L82, M\n|-mega|p2a: Glalie|Glalie|Glalitite\n|move|p2a: Glalie|Spikes|p1a: Emboar\n|-sidestart|p1: digue007|Spikes\n|\n|upkeep\n|turn|8\n|\n|t:|1770399404\n|switch|p2a: Arcanine|Arcanine, L82, F|282/282\n|-status|p2a: Arcanine|psn\n|-ability|p2a: Arcanine|Intimidate|boost\n|-unboost|p1a: Emboar|atk|1\n|move|p1a: Emboar|Head Smash|p2a: Arcanine\n|-supereffective|p2a: Arcanine\n|-damage|p2a: Arcanine|0 fnt\n|faint|p2a: Arcanine\n|-damage|p1a: Emboar|177/318|[from] Recoil\n|\n|upkeep\n|\n|t:|1770399424\n|switch|p2a: Glalie|Glalie-Mega, L82, M|265/265\n|-status|p2a: Glalie|psn\n|turn|9\n|\n|t:|1770399437\n|move|p2a: Glalie|Earthquake|p1a: Emboar\n|-supereffective|p1a: Emboar\n|-damage|p1a: Emboar|0 fnt\n|faint|p1a: Emboar\n|\n|-damage|p2a: Glalie|232/265 psn|[from] psn\n|upkeep\n|l|☆RNGgivethRNGtaketh\n|inactive|RNGgivethRNGtaketh disconnected and has a minute to reconnect!\n|player|p2|\n|inactive|digue007 has 120 seconds left.\n|j|☆RNGgivethRNGtaketh\n|inactive|RNGgivethRNGtaketh reconnected.\n|player|p2|RNGgivethRNGtaketh|brock|\n|\n|t:|1770399472\n|switch|p1a: Grumpig|Grumpig, L92, M|297/297\n|-activate|p1a: Grumpig|move: Sticky Web\n|-unboost|p1a: Grumpig|spe|1\n|-damage|p1a: Grumpig|260/297|[from] Spikes\n|turn|10\n|\n|t:|1770399478\n|move|p2a: Glalie|Spikes|p1a: Grumpig\n|-sidestart|p1: digue007|Spikes\n|move|p1a: Grumpig|Psychic|p2a: Glalie\n|-damage|p2a: Glalie|114/265 psn\n|\n|-heal|p1a: Grumpig|278/297|[from] item: Leftovers\n|-damage|p2a: Glalie|81/265 psn|[from] psn\n|upkeep\n|turn|11\n|\n|t:|1770399484\n|move|p2a: Glalie|Spikes|p1a: Grumpig\n|-sidestart|p1: digue007|Spikes\n|move|p1a: Grumpig|Psychic|p2a: Glalie\n|-damage|p2a: Glalie|0 fnt\n|faint|p2a: Glalie\n|detailschange|p2: Glalie|Glalie, L82, M|[silent]\n|\n|-heal|p1a: Grumpig|296/297|[from] item: Leftovers\n|upkeep\n|\n|t:|1770399486\n|switch|p2a: Ariados|Ariados, L91, F|206/275\n|-sideend|p2: RNGgivethRNGtaketh|move: Toxic Spikes|[of] p2a: Ariados\n|turn|12\n|\n|t:|1770399491\n|switch|p1a: Qwilfish|Qwilfish, L84, M|192/246\n|-activate|p1a: Qwilfish|move: Sticky Web\n|-unboost|p1a: Qwilfish|spe|1\n|-damage|p1a: Qwilfish|131/246|[from] Spikes\n|-ability|p1a: Qwilfish|Intimidate|boost\n|-unboost|p2a: Ariados|atk|1\n|move|p2a: Ariados|Megahorn|p1a: Qwilfish|[miss]\n|-miss|p2a: Ariados|p1a: Qwilfish\n|\n|-heal|p2a: Ariados|223/275|[from] item: Black Sludge\n|upkeep\n|turn|13\n|\n|t:|1770399505\n|switch|p2a: Lanturn|Lanturn, L86, M|355/355\n|move|p1a: Qwilfish|Poison Jab|p2a: Lanturn\n|-damage|p2a: Lanturn|246/355\n|\n|-heal|p2a: Lanturn|268/355|[from] item: Leftovers\n|upkeep\n|turn|14\n|\n|t:|1770399514\n|move|p2a: Lanturn|Scald|p1a: Qwilfish\n|-resisted|p1a: Qwilfish\n|-damage|p1a: Qwilfish|82/246\n|-status|p1a: Qwilfish|brn\n|move|p1a: Qwilfish|Poison Jab|p2a: Lanturn\n|-damage|p2a: Lanturn|209/355\n|\n|-heal|p2a: Lanturn|231/355|[from] item: Leftovers\n|-damage|p1a: Qwilfish|52/246 brn|[from] brn\n|upkeep\n|turn|15\n|\n|t:|1770399534\n|switch|p1a: Grumpig|Grumpig, L92, M|296/297\n|-activate|p1a: Grumpig|move: Sticky Web\n|-unboost|p1a: Grumpig|spe|1\n|-damage|p1a: Grumpig|222/297|[from] Spikes\n|move|p2a: Lanturn|Thunderbolt|p1a: Grumpig\n|-damage|p1a: Grumpig|161/297\n|\n|-heal|p2a: Lanturn|253/355|[from] item: Leftovers\n|-heal|p1a: Grumpig|179/297|[from] item: Leftovers\n|upkeep\n|turn|16\n|\n|t:|1770399541\n|move|p2a: Lanturn|Toxic|p1a: Grumpig\n|-status|p1a: Grumpig|tox\n|move|p1a: Grumpig|Psychic|p2a: Lanturn\n|-damage|p2a: Lanturn|142/355\n|\n|-heal|p2a: Lanturn|164/355|[from] item: Leftovers\n|-heal|p1a: Grumpig|197/297 tox|[from] item: Leftovers\n|-damage|p1a: Grumpig|179/297 tox|[from] psn\n|upkeep\n|turn|17\n|\n|t:|1770399545\n|switch|p2a: Absol|Absol, L84, M|246/246\n|move|p1a: Grumpig|Toxic|p2a: Absol|[miss]\n|-miss|p1a: Grumpig|p2a: Absol\n|\n|-heal|p1a: Grumpig|197/297 tox|[from] item: Leftovers\n|-damage|p1a: Grumpig|161/297 tox|[from] psn\n|upkeep\n|turn|18\n|\n|t:|1770399552\n|move|p2a: Absol|Knock Off|p1a: Grumpig\n|-supereffective|p1a: Grumpig\n|-damage|p1a: Grumpig|0 fnt\n|-enditem|p1a: Grumpig|Leftovers|[from] move: Knock Off|[of] p2a: Absol\n|faint|p1a: Grumpig\n|\n|upkeep\n|\n|t:|1770399565\n|switch|p1a: Mewtwo|Mewtwo, L69|261/261\n|-ability|p1a: Mewtwo|Unnerve\n|-activate|p1a: Mewtwo|move: Sticky Web\n|-unboost|p1a: Mewtwo|spe|1\n|-damage|p1a: Mewtwo|196/261|[from] Spikes\n|turn|19\n|\n|t:|1770399576\n|detailschange|p1a: Mewtwo|Mewtwo-Mega-X, L69\n|-mega|p1a: Mewtwo|Mewtwo|Mewtwonite X\n|move|p2a: Absol|Play Rough|p1a: Mewtwo\n|-supereffective|p1a: Mewtwo\n|-damage|p1a: Mewtwo|28/261\n|move|p1a: Mewtwo|Drain Punch|p2a: Absol\n|-supereffective|p2a: Absol\n|-damage|p2a: Absol|4/246\n|-heal|p1a: Mewtwo|149/261|[from] drain|[of] p2a: Absol\n|\n|upkeep\n|turn|20\n|\n|t:|1770399585\n|move|p2a: Absol|Play Rough|p1a: Mewtwo\n|-supereffective|p1a: Mewtwo\n|-damage|p1a: Mewtwo|0 fnt\n|faint|p1a: Mewtwo\n|detailschange|p1: Mewtwo|Mewtwo, L69|[silent]\n|\n|upkeep\n|\n|t:|1770399593\n|switch|p1a: Porygon2|Porygon2, L81|174/270 tox\n|-activate|p1a: Porygon2|move: Sticky Web\n|-unboost|p1a: Porygon2|spe|1\n|-damage|p1a: Porygon2|107/270 tox|[from] Spikes\n|-ability|p1a: Porygon2|Justified|Trace|[from] ability: Trace|[of] p2a: Absol\n|turn|21\n|\n|t:|1770399597\n|move|p2a: Absol|Knock Off|p1a: Porygon2\n|-damage|p1a: Porygon2|2/270 tox\n|-ability|p1a: Porygon2|Justified|boost\n|-boost|p1a: Porygon2|atk|1\n|-enditem|p1a: Porygon2|Eviolite|[from] move: Knock Off|[of] p2a: Absol\n|move|p1a: Porygon2|Recover|p1a: Porygon2\n|-heal|p1a: Porygon2|137/270 tox\n|\n|-damage|p1a: Porygon2|121/270 tox|[from] psn\n|upkeep\n|turn|22\n|\n|t:|1770399614\n|switch|p2a: Lanturn|Lanturn, L86, M|164/355\n|move|p1a: Porygon2|Recover|p1a: Porygon2\n|-heal|p1a: Porygon2|256/270 tox\n|\n|-heal|p2a: Lanturn|186/355|[from] item: Leftovers\n|-damage|p1a: Porygon2|224/270 tox|[from] psn\n|upkeep\n|turn|23\n|l|☆digue007\n|inactive|digue007 disconnected and has a minute to reconnect!\n|player|p1|\n|inactive|digue007 has 30 seconds to reconnect!\n|inactive|digue007 has 20 seconds to reconnect!\n|inactive|digue007 has 15 seconds to reconnect!\n|inactive|digue007 has 10 seconds to reconnect!\n|inactive|digue007 has 5 seconds to reconnect!\n|-message|digue007 lost due to inactivity.\n|\n|win|RNGgivethRNGtaketh\n|raw|digue007's rating: 1567 &rarr; <strong>1548</strong><br />(-19 for losing)\n|raw|RNGgivethRNGtaketh's rating: 1592 &rarr; <strong>1611</strong><br />(+19 for winning)\n", "inputlog": ">version ccdc32dd7cde25fd9e4bed64820e885f66e78a4e\n>start {\"formatid\":\"gen6randombattle\",\"seed\":\"sodium,5b44e76c138503b37d87fbe63d9e65a2\",\"rated\":\"Rated battle\"}\n>player p1 {\"name\":\"digue007\",\"avatar\":\"265\",\"rating\":1567,\"seed\":\"sodium,0f5850d707988fa7b77e340c0f943fa0\"}\n>player p2 {\"name\":\"RNGgivethRNGtaketh\",\"avatar\":\"brock\",\"rating\":1592,\"seed\":\"sodium,a8bf1022b404da382ee1da8a568788e7\"}\n>p1 switch 6\n>p2 move thunderbolt\n>p1 move toxic\n>p2 move toxic\n>p1 move toxic\n>p2 switch 3\n>p1 move triattack\n>p2 move stickyweb\n>p1 switch 6\n>p2 move megahorn\n>p1 move toxicspikes\n>p2 switch 6\n>p1 switch 3\n>p2 move spikes mega\n>p1 move headsmash\n>p2 switch 2\n>p2 switch 2\n>p1 move headsmash\n>p2 move earthquake\n>p1 switch 2\n>p1 move psychic\n>p2 move spikes\n>p1 move psychic\n>p2 move spikes\n>p2 switch 6\n>p1 switch 3\n>p2 move megahorn\n>p1 move poisonjab\n>p2 switch 3\n>p1 move poisonjab\n>p2 move scald\n>p1 switch 3\n>p2 move thunderbolt\n>p1 move psychic\n>p2 move toxic\n>p1 move toxic\n>p2 switch 5\n>p1 move focusblast\n>p2 move knockoff\n>p1 switch 4\n>p1 move drainpunch mega\n>p2 move playrough\n>p1 move drainpunch\n>p2 move playrough\n>p1 switch 6\n>p1 move recover\n>p2 move knockoff\n>p1 move recover\n>p2 switch 5\n>forcelose p1", "uploadtime": 1770399700, "views": 251, "formatid": "gen6randombattle", "rating": 1548, "private": 0, "password": null}