{"id": "gen6randombattle-2520041513", "format": "[Gen 6] Random Battle", "players": ["Frognosticator", "arboretums"], "log": "|j|☆Frognosticator\n|j|☆arboretums\n|t:|1768582679\n|gametype|singles\n|player|p1|Frognosticator|265|1485\n|player|p2|arboretums|serena-masters2|1660\n|gen|6\n|tier|[Gen 6] Random Battle\n|rated|\n|rule|Sleep Clause Mod: Limit one foe put to sleep\n|rule|HP Percentage Mod: HP is shown in percentages\n|rule|Illusion Level Mod: Illusion disguises the Pokémon's true level\n|\n|t:|1768582679\n|teamsize|p1|6\n|teamsize|p2|6\n|start\n|switch|p1a: Throh|Throh, L88, M|354/354\n|switch|p2a: Spiritomb|Spiritomb, L88, M|231/231\n|turn|1\n|inactive|Battle timer is ON: inactive players will automatically lose when time's up. (requested by Frognosticator)\n|\n|t:|1768582695\n|switch|p2a: Arbok|Arbok, L90, F|254/254\n|move|p1a: Throh|Knock Off|p2a: Arbok\n|-damage|p2a: Arbok|173/254\n|-enditem|p2a: Arbok|Black Sludge|[from] move: Knock Off|[of] p1a: Throh\n|\n|upkeep\n|turn|2\n|l|☆Frognosticator\n|inactive|Frognosticator disconnected and has a minute to reconnect!\n|player|p1|\n|j|☆Frognosticator\n|inactive|Frognosticator reconnected and has 140 seconds left.\n|player|p1|Frognosticator|265|\n|\n|t:|1768582710\n|move|p2a: Arbok|Coil|p2a: Arbok\n|-boost|p2a: Arbok|atk|1\n|-boost|p2a: Arbok|def|1\n|-boost|p2a: Arbok|accuracy|1\n|move|p1a: Throh|Knock Off|p2a: Arbok\n|-damage|p2a: Arbok|137/254\n|\n|upkeep\n|turn|3\n|\n|t:|1768582714\n|move|p2a: Arbok|Gunk Shot|p1a: Throh\n|-damage|p1a: Throh|143/354\n|-status|p1a: Throh|psn\n|move|p1a: Throh|Circle Throw|p2a: Arbok\n|-resisted|p2a: Arbok\n|-damage|p2a: Arbok|98/254\n|drag|p2a: Plusle|Plusle, L93, F|262/262\n|\n|-heal|p1a: Throh|165/354 psn|[from] item: Leftovers\n|-damage|p1a: Throh|121/354 psn|[from] psn\n|upkeep\n|turn|4\n|\n|t:|1768582723\n|move|p2a: Plusle|Thunderbolt|p1a: Throh\n|-damage|p1a: Throh|0 fnt\n|faint|p1a: Throh\n|-damage|p2a: Plusle|236/262|[from] item: Life Orb\n|\n|upkeep\n|\n|t:|1768582729\n|switch|p1a: Drapion|Drapion, L83, F|252/252\n|turn|5\n|\n|t:|1768582735\n|move|p2a: Plusle|Nasty Plot|p2a: Plusle\n|-boost|p2a: Plusle|spa|2\n|move|p1a: Drapion|Earthquake|p2a: Plusle\n|-supereffective|p2a: Plusle\n|-damage|p2a: Plusle|0 fnt\n|faint|p2a: Plusle\n|\n|upkeep\n|\n|t:|1768582746\n|switch|p2a: Wigglytuff|Wigglytuff, L93, M|411/411\n|turn|6\n|\n|t:|1768582754\n|switch|p1a: Bisharp|Bisharp, L79, F|232/232\n|move|p2a: Wigglytuff|Thunder Wave|p1a: Bisharp\n|-status|p1a: Bisharp|par\n|\n|upkeep\n|turn|7\n|\n|t:|1768582760\n|move|p2a: Wigglytuff|Fire Blast|p1a: Bisharp\n|-supereffective|p1a: Bisharp\n|-crit|p1a: Bisharp\n|-damage|p1a: Bisharp|0 fnt\n|faint|p1a: Bisharp\n|\n|upkeep\n|\n|t:|1768582764\n|switch|p1a: Drapion|Drapion, L83, F|252/252\n|turn|8\n|\n|t:|1768582768\n|switch|p2a: Metagross|Metagross, L74|240/240\n|move|p1a: Drapion|Poison Jab|p2a: Metagross\n|-immune|p2a: Metagross\n|\n|upkeep\n|turn|9\n|\n|t:|1768582772\n|switch|p1a: Starmie|Starmie, L82|233/233\n|detailschange|p2a: Metagross|Metagross-Mega, L74\n|-mega|p2a: Metagross|Metagross|Metagrossite\n|move|p2a: Metagross|Agility|p2a: Metagross\n|-boost|p2a: Metagross|spe|2\n|\n|upkeep\n|turn|10\n|\n|t:|1768582792\n|move|p2a: Metagross|Meteor Mash|p1a: Starmie\n|-resisted|p1a: Starmie\n|-damage|p1a: Starmie|166/233\n|move|p1a: Starmie|Scald|p2a: Metagross\n|-damage|p2a: Metagross|158/240\n|-status|p2a: Metagross|brn\n|\n|-heal|p1a: Starmie|180/233|[from] item: Leftovers\n|-damage|p2a: Metagross|128/240 brn|[from] brn\n|upkeep\n|turn|11\n|\n|t:|1768582800\n|move|p2a: Metagross|Meteor Mash|p1a: Starmie\n|-resisted|p1a: Starmie\n|-damage|p1a: Starmie|146/233\n|move|p1a: Starmie|Scald|p2a: Metagross\n|-damage|p2a: Metagross|53/240 brn\n|\n|-heal|p1a: Starmie|160/233|[from] item: Leftovers\n|-damage|p2a: Metagross|23/240 brn|[from] brn\n|upkeep\n|turn|12\n|\n|t:|1768582804\n|move|p2a: Metagross|Meteor Mash|p1a: Starmie\n|-resisted|p1a: Starmie\n|-crit|p1a: Starmie\n|-damage|p1a: Starmie|103/233\n|move|p1a: Starmie|Recover|p1a: Starmie\n|-heal|p1a: Starmie|220/233\n|\n|-heal|p1a: Starmie|233/233|[from] item: Leftovers\n|-damage|p2a: Metagross|0 fnt|[from] brn\n|faint|p2a: Metagross\n|detailschange|p2: Metagross|Metagross, L74|[silent]\n|upkeep\n|\n|t:|1768582811\n|switch|p2a: Spiritomb|Spiritomb, L88, M|231/231\n|turn|13\n|\n|t:|1768582817\n|-activate|p1a: Starmie|move: Pursuit\n|move|p2a: Spiritomb|Pursuit|p1a: Starmie|[from] Pursuit\n|-supereffective|p1a: Starmie\n|-damage|p1a: Starmie|15/233\n|switch|p1a: Drapion|Drapion, L83, F|252/252\n|\n|upkeep\n|turn|14\n|l|☆Frognosticator\n|inactive|Frognosticator disconnected and has a minute to reconnect!\n|player|p1|\n|j|☆Frognosticator\n|inactive|Frognosticator reconnected and has 105 seconds left.\n|player|p1|Frognosticator|265|\n|\n|t:|1768582867\n|switch|p2a: Phione|Phione, L90|290/290\n|move|p1a: Drapion|Knock Off|p2a: Phione\n|-damage|p2a: Phione|155/290\n|-enditem|p2a: Phione|Leftovers|[from] move: Knock Off|[of] p1a: Drapion\n|\n|upkeep\n|turn|15\n|\n|t:|1768582877\n|move|p1a: Drapion|Knock Off|p2a: Phione\n|-damage|p2a: Phione|65/290\n|move|p2a: Phione|Scald|p1a: Drapion\n|-damage|p1a: Drapion|164/252\n|\n|upkeep\n|turn|16\n|inactive|Frognosticator has 120 seconds left.\n|\n|t:|1768582883\n|move|p1a: Drapion|Knock Off|p2a: Phione\n|-crit|p2a: Phione\n|-damage|p2a: Phione|0 fnt\n|faint|p2a: Phione\n|\n|upkeep\n|\n|t:|1768582891\n|switch|p2a: Arbok|Arbok, L90, F|98/254\n|turn|17\n|\n|t:|1768582899\n|move|p1a: Drapion|Knock Off|p2a: Arbok\n|-damage|p2a: Arbok|0 fnt\n|faint|p2a: Arbok\n|\n|upkeep\n|\n|t:|1768582904\n|switch|p2a: Wigglytuff|Wigglytuff, L93, M|411/411\n|turn|18\n|\n|t:|1768582907\n|move|p1a: Drapion|Knock Off|p2a: Wigglytuff\n|-resisted|p2a: Wigglytuff\n|-damage|p2a: Wigglytuff|307/411\n|-enditem|p2a: Wigglytuff|Leftovers|[from] move: Knock Off|[of] p1a: Drapion\n|move|p2a: Wigglytuff|Thunder Wave|p1a: Drapion\n|-status|p1a: Drapion|par\n|\n|upkeep\n|turn|19\n|\n|t:|1768582929\n|switch|p1a: Starmie|Starmie, L82|15/233\n|move|p2a: Wigglytuff|Dazzling Gleam|p1a: Starmie\n|-damage|p1a: Starmie|0 fnt\n|faint|p1a: Starmie\n|\n|upkeep\n|\n|t:|1768582936\n|switch|p1a: Mew|Mew, L80|291/291\n|turn|20\n|\n|t:|1768582942\n|move|p1a: Mew|Swords Dance|p1a: Mew\n|-boost|p1a: Mew|atk|2\n|move|p2a: Wigglytuff|Thunder Wave|p1a: Mew\n|-status|p1a: Mew|par\n|-activate|p1a: Mew|ability: Synchronize\n|-status|p2a: Wigglytuff|par\n|\n|upkeep\n|turn|21\n|\n|t:|1768582950\n|switch|p2a: Spiritomb|Spiritomb, L88, M|231/231\n|move|p1a: Mew|Zen Headbutt|p2a: Spiritomb\n|-immune|p2a: Spiritomb\n|\n|upkeep\n|turn|22\n|\n|t:|1768582955\n|move|p2a: Spiritomb|Foul Play|p1a: Mew\n|-supereffective|p1a: Mew\n|-damage|p1a: Mew|0 fnt\n|faint|p1a: Mew\n|\n|upkeep\n|\n|t:|1768582959\n|switch|p1a: Drapion|Drapion, L83, F|164/252 par\n|turn|23\n|\n|t:|1768582962\n|move|p2a: Spiritomb|Foul Play|p1a: Drapion\n|-resisted|p1a: Drapion\n|-damage|p1a: Drapion|116/252 par\n|move|p1a: Drapion|Knock Off|p2a: Spiritomb\n|-damage|p2a: Spiritomb|110/231\n|-enditem|p2a: Spiritomb|Black Glasses|[from] move: Knock Off|[of] p1a: Drapion\n|\n|upkeep\n|turn|24\n|\n|t:|1768582968\n|switch|p2a: Wigglytuff|Wigglytuff, L93, M|307/411 par\n|move|p1a: Drapion|Knock Off|p2a: Wigglytuff\n|-resisted|p2a: Wigglytuff\n|-damage|p2a: Wigglytuff|242/411 par\n|\n|upkeep\n|turn|25\n|\n|t:|1768582973\n|move|p1a: Drapion|Knock Off|p2a: Wigglytuff\n|-resisted|p2a: Wigglytuff\n|-damage|p2a: Wigglytuff|175/411 par\n|move|p2a: Wigglytuff|Dazzling Gleam|p1a: Drapion\n|-damage|p1a: Drapion|1/252 par\n|\n|upkeep\n|turn|26\n|\n|t:|1768582978\n|move|p1a: Drapion|Knock Off|p2a: Wigglytuff\n|-resisted|p2a: Wigglytuff\n|-damage|p2a: Wigglytuff|106/411 par\n|cant|p2a: Wigglytuff|par\n|\n|upkeep\n|turn|27\n|\n|t:|1768582982\n|move|p1a: Drapion|Knock Off|p2a: Wigglytuff\n|-resisted|p2a: Wigglytuff\n|-damage|p2a: Wigglytuff|37/411 par\n|move|p2a: Wigglytuff|Dazzling Gleam|p1a: Drapion\n|-damage|p1a: Drapion|0 fnt\n|faint|p1a: Drapion\n|\n|upkeep\n|\n|t:|1768582984\n|switch|p1a: Volcarona|Volcarona, L77, M|257/257\n|turn|28\n|\n|t:|1768582992\n|move|p1a: Volcarona|Fiery Dance|p2a: Wigglytuff\n|-damage|p2a: Wigglytuff|0 fnt\n|-boost|p1a: Volcarona|spa|1\n|faint|p2a: Wigglytuff\n|\n|upkeep\n|\n|t:|1768582995\n|switch|p2a: Spiritomb|Spiritomb, L88, M|110/231\n|turn|29\n|\n|t:|1768582999\n|move|p1a: Volcarona|Fiery Dance|p2a: Spiritomb\n|-damage|p2a: Spiritomb|0 fnt\n|faint|p2a: Spiritomb\n|\n|win|Frognosticator\n|raw|Frognosticator's rating: 1485 &rarr; <strong>1514</strong><br />(+29 for winning)\n|raw|arboretums's rating: 1660 &rarr; <strong>1631</strong><br />(-29 for losing)\n", "inputlog": ">version 3bd1a1e329da8d286644078cfc9a9638fc7ea025\n>start {\"formatid\":\"gen6randombattle\",\"seed\":\"sodium,12974224cc2024834526a7b2128b95d4\",\"rated\":\"Rated battle\"}\n>player p1 {\"name\":\"Frognosticator\",\"avatar\":\"265\",\"rating\":1485,\"seed\":\"sodium,0b8cdebf36ed813fb45b20f32f746add\"}\n>player p2 {\"name\":\"arboretums\",\"avatar\":\"serena-masters2\",\"rating\":1660,\"seed\":\"sodium,5e2258d192caeca52d27c41668c93073\"}\n>p1 move knockoff\n>p2 switch 5\n>p1 move knockoff\n>p2 move coil\n>p1 move circlethrow\n>p2 move gunkshot\n>p1 move rest\n>p2 move thunderbolt\n>p1 switch 2\n>p1 move earthquake\n>p2 move nastyplot\n>p2 switch 3\n>p1 switch 4\n>p2 move thunderwave\n>p1 move ironhead\n>p2 move fireblast\n>p1 switch 4\n>p1 move poisonjab\n>p2 switch 6\n>p1 switch 6\n>p2 move agility mega\n>p1 move scald\n>p2 move meteormash\n>p1 move scald\n>p2 move meteormash\n>p1 move recover\n>p2 move meteormash\n>p2 switch 5\n>p1 switch 6\n>p2 move pursuit\n>p1 move knockoff\n>p2 switch 2\n>p1 move knockoff\n>p2 move scald\n>p1 move knockoff\n>p2 move scald\n>p2 switch 4\n>p1 move knockoff\n>p2 move coil\n>p2 switch 6\n>p1 move knockoff\n>p2 move thunderwave\n>p1 switch 6\n>p2 move dazzlinggleam\n>p1 switch 3\n>p1 move swordsdance\n>p2 move thunderwave\n>p1 move zenheadbutt\n>p2 switch 2\n>p1 move knockoff\n>p2 move foulplay\n>p1 switch 6\n>p1 move knockoff\n>p2 move foulplay\n>p1 move knockoff\n>p2 switch 2\n>p1 move knockoff\n>p2 move dazzlinggleam\n>p1 move knockoff\n>p2 move dazzlinggleam\n>p1 move knockoff\n>p2 move dazzlinggleam\n>p1 switch 5\n>p1 move fierydance\n>p2 move thunderwave\n>p2 switch 2\n>p1 move fierydance\n>p2 move painsplit", "uploadtime": 1768583002, "views": 291, "formatid": "gen6randombattle", "rating": 1514, "private": 0, "password": null}