{"id": "gen6randombattle-2532007146", "format": "[Gen 6] Random Battle", "players": ["Magomagic", "Plop"], "log": "|j|☆Magomagic\n|j|☆Plop\n|t:|1770131306\n|gametype|singles\n|player|p1|Magomagic|clown|1563\n|player|p2|Plop|#rbtt9travelers|1702\n|gen|6\n|tier|[Gen 6] Random Battle\n|rated|\n|rule|Sleep Clause Mod: Limit one foe put to sleep\n|rule|HP Percentage Mod: HP is shown in percentages\n|rule|Illusion Level Mod: Illusion disguises the Pokémon's true level\n|\n|t:|1770131306\n|teamsize|p1|6\n|teamsize|p2|6\n|start\n|switch|p1a: Charizard|Charizard, L74, F|237/237\n|switch|p2a: Torkoal|Torkoal, L88, F|266/266\n|turn|1\n|inactive|Battle timer is ON: inactive players will automatically lose when time's up. (requested by Magomagic)\n|\n|t:|1770131320\n|detailschange|p1a: Charizard|Charizard-Mega-X, L74, F\n|-mega|p1a: Charizard|Charizard|Charizardite X\n|move|p1a: Charizard|Dragon Dance|p1a: Charizard\n|-boost|p1a: Charizard|atk|1\n|-boost|p1a: Charizard|spe|1\n|move|p2a: Torkoal|Stealth Rock|p1a: Charizard\n|-sidestart|p1: Magomagic|move: Stealth Rock\n|\n|upkeep\n|turn|2\n|j| billy zubat\n|\n|t:|1770131331\n|move|p1a: Charizard|Earthquake|p2a: Torkoal\n|-supereffective|p2a: Torkoal\n|-damage|p2a: Torkoal|136/266\n|move|p2a: Torkoal|Yawn|p1a: Charizard\n|-start|p1a: Charizard|move: Yawn|[of] p2a: Torkoal\n|\n|-heal|p2a: Torkoal|152/266|[from] item: Leftovers\n|upkeep\n|turn|3\n|\n|t:|1770131356\n|switch|p1a: Keldeo|Keldeo-Resolute, L79|273/273\n|-damage|p1a: Keldeo|256/273|[from] Stealth Rock\n|switch|p2a: Vanilluxe|Vanilluxe, L88, F|267/267\n|\n|upkeep\n|turn|4\n|inactive|Plop has 120 seconds left.\n|\n|t:|1770131394\n|switch|p2a: Victini|Victini, L77|281/281\n|move|p1a: Keldeo|Secret Sword|p2a: Victini\n|-resisted|p2a: Victini\n|-damage|p2a: Victini|209/281\n|\n|upkeep\n|turn|5\n|\n|t:|1770131410\n|switch|p1a: Zygarde|Zygarde, L77|293/293\n|-damage|p1a: Zygarde|275/293|[from] Stealth Rock\n|-ability|p1a: Zygarde|Aura Break\n|move|p2a: Victini|U-turn|p1a: Zygarde\n|-damage|p1a: Zygarde|237/293\n|\n|t:|1770131420\n|switch|p2a: Vanilluxe|Vanilluxe, L88, F|267/267|[from] U-turn\n|\n|upkeep\n|turn|6\n|\n|t:|1770131430\n|switch|p1a: Ursaring|Ursaring, L85, F|292/292\n|-damage|p1a: Ursaring|256/292|[from] Stealth Rock\n|move|p2a: Vanilluxe|Freeze-Dry|p1a: Ursaring\n|-crit|p1a: Ursaring\n|-damage|p1a: Ursaring|103/292\n|\n|-status|p1a: Ursaring|tox|[from] item: Toxic Orb\n|upkeep\n|turn|7\n|inactive|Plop has 90 seconds left.\n|\n|t:|1770131455\n|switch|p2a: Torkoal|Torkoal, L88, F|152/266\n|move|p1a: Ursaring|Facade|p2a: Torkoal\n|-damage|p2a: Torkoal|0 fnt\n|faint|p2a: Torkoal\n|\n|-damage|p1a: Ursaring|85/292 tox|[from] psn\n|upkeep\n|inactive|Plop has 90 seconds left.\n|\n|t:|1770131464\n|switch|p2a: Vanilluxe|Vanilluxe, L88, F|267/267\n|turn|8\n|\n|t:|1770131466\n|move|p2a: Vanilluxe|Ice Beam|p1a: Ursaring\n|-damage|p1a: Ursaring|0 fnt\n|faint|p1a: Ursaring\n|\n|upkeep\n|\n|t:|1770131474\n|switch|p1a: Charizard|Charizard-Mega-X, L74, F|237/237\n|-damage|p1a: Charizard|178/237|[from] Stealth Rock\n|turn|9\n|\n|t:|1770131483\n|switch|p2a: Tyrantrum|Tyrantrum, L80, F|262/262\n|move|p1a: Charizard|Flare Blitz|p2a: Tyrantrum\n|-resisted|p2a: Tyrantrum\n|-damage|p2a: Tyrantrum|232/262\n|-damage|p1a: Charizard|168/237|[from] Recoil\n|\n|upkeep\n|turn|10\n|\n|t:|1770131505\n|move|p2a: Tyrantrum|Head Smash|p1a: Charizard\n|-supereffective|p1a: Charizard\n|-damage|p1a: Charizard|0 fnt\n|faint|p1a: Charizard\n|detailschange|p1: Charizard|Charizard, L74, F|[silent]\n|\n|upkeep\n|\n|t:|1770131508\n|switch|p1a: Ferrothorn|Ferrothorn, L71, F|223/223\n|-damage|p1a: Ferrothorn|210/223|[from] Stealth Rock\n|turn|11\n|\n|t:|1770131526\n|switch|p2a: Spinda|Spinda, L97, F|273/273\n|move|p1a: Ferrothorn|Stealth Rock|p2a: Spinda\n|-sidestart|p2: Plop|move: Stealth Rock\n|\n|-heal|p1a: Ferrothorn|223/223|[from] item: Leftovers\n|upkeep\n|turn|12\n|\n|t:|1770131543\n|move|p2a: Spinda|Superpower|p1a: Ferrothorn\n|-supereffective|p1a: Ferrothorn\n|-damage|p1a: Ferrothorn|81/223\n|-boost|p2a: Spinda|atk|1\n|-boost|p2a: Spinda|def|1\n|-damage|p2a: Spinda|239/273|[from] ability: Iron Barbs|[of] p1a: Ferrothorn\n|move|p1a: Ferrothorn|Spikes|p2a: Spinda\n|-sidestart|p2: Plop|Spikes\n|\n|-heal|p2a: Spinda|256/273|[from] item: Leftovers\n|-heal|p1a: Ferrothorn|94/223|[from] item: Leftovers\n|upkeep\n|turn|13\n|\n|t:|1770131552\n|move|p2a: Spinda|Superpower|p1a: Ferrothorn\n|-supereffective|p1a: Ferrothorn\n|-damage|p1a: Ferrothorn|0 fnt\n|-boost|p2a: Spinda|atk|1\n|-boost|p2a: Spinda|def|1\n|-damage|p2a: Spinda|222/273|[from] ability: Iron Barbs|[of] p1a: Ferrothorn\n|faint|p1a: Ferrothorn\n|\n|-heal|p2a: Spinda|239/273|[from] item: Leftovers\n|upkeep\n|\n|t:|1770131554\n|switch|p1a: Keldeo|Keldeo-Resolute, L79|256/273\n|-damage|p1a: Keldeo|239/273|[from] Stealth Rock\n|turn|14\n|inactive|Plop has 120 seconds left.\n|\n|t:|1770131575\n|move|p1a: Keldeo|Focus Blast|p2a: Spinda\n|-supereffective|p2a: Spinda\n|-damage|p2a: Spinda|0 fnt\n|faint|p2a: Spinda\n|\n|upkeep\n|inactive|Plop has 90 seconds left.\n|\n|t:|1770131609\n|switch|p2a: Hoopa|Hoopa-Unbound, L79|256/256\n|-damage|p2a: Hoopa|224/256|[from] Stealth Rock\n|-damage|p2a: Hoopa|192/256|[from] Spikes\n|turn|15\n|\n|t:|1770131619\n|switch|p1a: Starmie|Starmie, L82|233/233\n|-damage|p1a: Starmie|204/233|[from] Stealth Rock\n|move|p2a: Hoopa|Zen Headbutt|p1a: Starmie|[miss]\n|-miss|p2a: Hoopa|p1a: Starmie\n|\n|upkeep\n|turn|16\n|\n|t:|1770131632\n|move|p1a: Starmie|Hydro Pump|p2a: Hoopa\n|-damage|p2a: Hoopa|62/256\n|move|p2a: Hoopa|Zen Headbutt|p1a: Starmie\n|-resisted|p1a: Starmie\n|-damage|p1a: Starmie|117/233\n|\n|upkeep\n|turn|17\n|\n|t:|1770131639\n|move|p1a: Starmie|Hydro Pump|p2a: Hoopa\n|-damage|p2a: Hoopa|0 fnt\n|faint|p2a: Hoopa\n|\n|upkeep\n|inactive|Plop has 90 seconds left.\n|inactive|Plop has 60 seconds left.\n|inactive|Plop has 30 seconds left.\n|inactive|Plop has 20 seconds left.\n|\n|t:|1770131727\n|switch|p2a: Vanilluxe|Vanilluxe, L88, F|267/267\n|-damage|p2a: Vanilluxe|201/267|[from] Stealth Rock\n|-damage|p2a: Vanilluxe|168/267|[from] Spikes\n|turn|18\n|inactive|Plop has 30 seconds left this turn.\n|inactive|Magomagic has 120 seconds left.\n|\n|t:|1770131765\n|move|p1a: Starmie|Hydro Pump|p2a: Vanilluxe\n|-damage|p2a: Vanilluxe|65/267\n|move|p2a: Vanilluxe|Freeze-Dry|p1a: Starmie\n|-supereffective|p1a: Starmie\n|-damage|p1a: Starmie|0 fnt\n|faint|p1a: Starmie\n|\n|upkeep\n|\n|t:|1770131769\n|switch|p1a: Keldeo|Keldeo-Resolute, L79|239/273\n|-damage|p1a: Keldeo|222/273|[from] Stealth Rock\n|turn|19\n|\n|t:|1770131774\n|move|p1a: Keldeo|Scald|p2a: Vanilluxe\n|-damage|p2a: Vanilluxe|0 fnt\n|faint|p2a: Vanilluxe\n|\n|upkeep\n|\n|t:|1770131790\n|switch|p2a: Victini|Victini, L77|209/281\n|-damage|p2a: Victini|139/281|[from] Stealth Rock\n|-damage|p2a: Victini|104/281|[from] Spikes\n|turn|20\n|\n|t:|1770131797\n|move|p2a: Victini|Zen Headbutt|p1a: Keldeo\n|-supereffective|p1a: Keldeo\n|-damage|p1a: Keldeo|78/273\n|move|p1a: Keldeo|Scald|p2a: Victini\n|-supereffective|p2a: Victini\n|-damage|p2a: Victini|0 fnt\n|faint|p2a: Victini\n|\n|upkeep\n|\n|t:|1770131800\n|switch|p2a: Tyrantrum|Tyrantrum, L80, F|232/262\n|-damage|p2a: Tyrantrum|200/262|[from] Stealth Rock\n|-damage|p2a: Tyrantrum|168/262|[from] Spikes\n|turn|21\n|\n|t:|1770131802\n|move|p2a: Tyrantrum|Outrage|p1a: Keldeo\n|-damage|p1a: Keldeo|0 fnt\n|faint|p1a: Keldeo\n|\n|upkeep\n|\n|t:|1770131803\n|switch|p1a: Zygarde|Zygarde, L77|237/293\n|-damage|p1a: Zygarde|219/293|[from] Stealth Rock\n|-ability|p1a: Zygarde|Aura Break\n|turn|22\n|\n|t:|1770131807\n|move|p2a: Tyrantrum|Outrage|p1a: Zygarde|[from] lockedmove\n|-supereffective|p1a: Zygarde\n|-damage|p1a: Zygarde|0 fnt\n|faint|p1a: Zygarde\n|-start|p2a: Tyrantrum|confusion|[fatigue]\n|\n|win|Plop\n|raw|Magomagic's rating: 1550 &rarr; <strong>1538</strong><br />(-12 for losing)\n|raw|Plop's rating: 1702 &rarr; <strong>1714</strong><br />(+12 for winning)\n|l|☆Magomagic\n|player|p1|\n", "inputlog": ">version ccdc32dd7cde25fd9e4bed64820e885f66e78a4e\n>start {\"formatid\":\"gen6randombattle\",\"seed\":\"sodium,dbbfde593f3728bc593791266527511f\",\"rated\":\"Rated battle\"}\n>player p1 {\"name\":\"Magomagic\",\"avatar\":\"clown\",\"rating\":1563,\"seed\":\"sodium,3b55b0296412b3e1319156205bfed4e1\"}\n>player p2 {\"name\":\"Plop\",\"avatar\":\"#rbtt9travelers\",\"rating\":1702,\"seed\":\"sodium,d05b4f667fc5ce6002f0c21c37f7ef07\"}\n>p1 move dragondance mega\n>p2 move stealthrock\n>p1 move earthquake\n>p2 move yawn\n>p1 switch 6\n>p2 switch 2\n>p1 move secretsword\n>p2 switch 5\n>p1 switch 5\n>p2 move uturn\n>p2 switch 5\n>p1 switch 2\n>p2 move freezedry\n>p1 move facade\n>p2 switch 2\n>p2 switch 2\n>p1 move facade\n>p2 move icebeam\n>p1 switch 6\n>p1 move flareblitz\n>p2 switch 3\n>p1 move dragonclaw\n>p2 move headsmash\n>p1 switch 3\n>p1 move stealthrock\n>p2 switch 4\n>p1 move spikes\n>p2 move superpower\n>p1 move spikes\n>p2 move superpower\n>p1 switch 5\n>p1 move focusblast\n>p2 move return\n>p2 switch 6\n>p1 switch 4\n>p2 move zenheadbutt\n>p1 move hydropump\n>p2 move zenheadbutt\n>p1 move hydropump\n>p2 move zenheadbutt\n>p2 switch 3\n>p1 move hydropump\n>p2 move freezedry\n>p1 switch 4\n>p1 move scald\n>p2 move freezedry\n>p2 switch 5\n>p1 move scald\n>p2 move zenheadbutt\n>p2 switch 4\n>p1 move scald\n>p2 move outrage\n>p1 switch 2\n>p1 move dragondance\n>p2 move outrage", "uploadtime": 1770131810, "views": 239, "formatid": "gen6randombattle", "rating": 1538, "private": 0, "password": null}