{"id": "gen6randombattle-2536693786", "format": "[Gen 6] Random Battle", "players": ["xuyuehang", "Hauntedfire"], "log": "|j|‽xuyuehang\n|j|☆Hauntedfire\n|t:|1770726901\n|gametype|singles\n|player|p1|xuyuehang|101|1591\n|player|p2|Hauntedfire|265|1520\n|gen|6\n|tier|[Gen 6] Random Battle\n|rated|\n|rule|Sleep Clause Mod: Limit one foe put to sleep\n|rule|HP Percentage Mod: HP is shown in percentages\n|rule|Illusion Level Mod: Illusion disguises the Pokémon's true level\n|\n|t:|1770726901\n|teamsize|p1|6\n|teamsize|p2|6\n|start\n|switch|p1a: Chimecho|Chimecho, L97, M|283/283\n|switch|p2a: Bronzong|Bronzong, L85|253/253\n|turn|1\n|inactive|Battle timer is ON: inactive players will automatically lose when time's up. (requested by xuyuehang)\n|\n|t:|1770726912\n|move|p1a: Chimecho|Knock Off|p2a: Bronzong\n|-supereffective|p2a: Bronzong\n|-damage|p2a: Bronzong|165/253\n|-enditem|p2a: Bronzong|Leftovers|[from] move: Knock Off|[of] p1a: Chimecho\n|move|p2a: Bronzong|Toxic|p1a: Chimecho\n|-status|p1a: Chimecho|tox\n|\n|-damage|p1a: Chimecho|266/283 tox|[from] psn\n|upkeep\n|turn|2\n|\n|t:|1770726933\n|move|p1a: Chimecho|Knock Off|p2a: Bronzong\n|-supereffective|p2a: Bronzong\n|-damage|p2a: Bronzong|107/253\n|move|p2a: Bronzong|Psychic|p1a: Chimecho\n|-resisted|p1a: Chimecho\n|-damage|p1a: Chimecho|230/283 tox\n|\n|-heal|p1a: Chimecho|247/283 tox|[from] item: Leftovers\n|-damage|p1a: Chimecho|213/283 tox|[from] psn\n|upkeep\n|turn|3\n|\n|t:|1770726949\n|move|p1a: Chimecho|Knock Off|p2a: Bronzong\n|-supereffective|p2a: Bronzong\n|-damage|p2a: Bronzong|41/253\n|move|p2a: Bronzong|Psychic|p1a: Chimecho\n|-resisted|p1a: Chimecho\n|-damage|p1a: Chimecho|171/283 tox\n|-unboost|p1a: Chimecho|spd|1\n|\n|-heal|p1a: Chimecho|188/283 tox|[from] item: Leftovers\n|-damage|p1a: Chimecho|137/283 tox|[from] psn\n|upkeep\n|turn|4\n|\n|t:|1770726964\n|switch|p1a: Darkrai|Darkrai, L72|220/220\n|move|p2a: Bronzong|Protect||[still]\n|-fail|p2a: Bronzong\n|\n|upkeep\n|turn|5\n|inactive|Hauntedfire has 120 seconds left.\n|\n|t:|1770726983\n|move|p1a: Darkrai|Dark Void|p2a: Bronzong\n|-status|p2a: Bronzong|slp|[from] move: Dark Void\n|cant|p2a: Bronzong|slp\n|\n|-damage|p2a: Bronzong|10/253 slp|[from] ability: Bad Dreams|[of] p1a: Darkrai\n|upkeep\n|turn|6\n|inactive|Hauntedfire has 120 seconds left.\n|\n|t:|1770726995\n|switch|p2a: Gligar|Gligar, L82, M|241/241\n|move|p1a: Darkrai|Nasty Plot|p1a: Darkrai\n|-boost|p1a: Darkrai|spa|2\n|\n|upkeep\n|turn|7\n|\n|t:|1770727010\n|move|p1a: Darkrai|Dark Pulse|p2a: Gligar\n|-damage|p2a: Gligar|69/241\n|-damage|p1a: Darkrai|198/220|[from] item: Life Orb\n|move|p2a: Gligar|Toxic|p1a: Darkrai\n|-status|p1a: Darkrai|tox\n|\n|-damage|p1a: Darkrai|185/220 tox|[from] psn\n|upkeep\n|turn|8\n|inactive|Hauntedfire has 120 seconds left.\n|\n|t:|1770727035\n|switch|p2a: Unown|Unown-S|258/258\n|move|p1a: Darkrai|Dark Pulse|p2a: Unown\n|-supereffective|p2a: Unown\n|-damage|p2a: Unown|0 fnt\n|faint|p2a: Unown\n|-damage|p1a: Darkrai|163/220 tox|[from] item: Life Orb\n|\n|-damage|p1a: Darkrai|137/220 tox|[from] psn\n|upkeep\n|\n|t:|1770727038\n|switch|p2a: Rapidash|Rapidash, L87, M|255/255\n|turn|9\n|\n|t:|1770727062\n|switch|p1a: Keldeo|Keldeo, L79|273/273\n|move|p2a: Rapidash|Flare Blitz|p1a: Keldeo\n|-resisted|p1a: Keldeo\n|-damage|p1a: Keldeo|202/273\n|-status|p1a: Keldeo|brn\n|-damage|p2a: Rapidash|232/255|[from] Recoil\n|\n|-heal|p2a: Rapidash|247/255|[from] item: Leftovers\n|-damage|p1a: Keldeo|168/273 brn|[from] brn\n|upkeep\n|turn|10\n|\n|t:|1770727081\n|switch|p2a: Giratina|Giratina, L73|339/339\n|-ability|p2a: Giratina|Pressure\n|move|p1a: Keldeo|Scald|p2a: Giratina\n|-resisted|p2a: Giratina\n|-damage|p2a: Giratina|276/339\n|\n|-damage|p1a: Keldeo|134/273 brn|[from] brn\n|upkeep\n|turn|11\n|inactive|xuyuehang has 120 seconds left.\n|\n|t:|1770727097\n|switch|p1a: Umbreon|Umbreon, L83, M|293/293\n|move|p2a: Giratina|Shadow Ball|p1a: Umbreon\n|-resisted|p1a: Umbreon\n|-damage|p1a: Umbreon|269/293\n|\n|-heal|p1a: Umbreon|287/293|[from] item: Leftovers\n|upkeep\n|turn|12\n|inactive|xuyuehang has 120 seconds left.\n|\n|t:|1770727114\n|switch|p2a: Gligar|Gligar, L82, M|69/241\n|move|p1a: Umbreon|Heal Bell|p1a: Umbreon\n|-activate|p1a: Umbreon|move: Heal Bell\n|-curestatus|p1: Darkrai|tox|[msg]\n|-curestatus|p1: Chimecho|tox|[msg]\n|-curestatus|p1: Keldeo|brn|[msg]\n|\n|-heal|p1a: Umbreon|293/293|[from] item: Leftovers\n|upkeep\n|turn|13\n|inactive|xuyuehang has 120 seconds left.\n|\n|t:|1770727142\n|switch|p1a: Keldeo|Keldeo, L79|134/273\n|move|p2a: Gligar|Roost|p2a: Gligar\n|-heal|p2a: Gligar|190/241\n|-singleturn|p2a: Gligar|move: Roost\n|\n|upkeep\n|turn|14\n|\n|t:|1770727153\n|switch|p2a: Giratina|Giratina, L73|276/339\n|-ability|p2a: Giratina|Pressure\n|move|p1a: Keldeo|Scald|p2a: Giratina\n|-resisted|p2a: Giratina\n|-damage|p2a: Giratina|212/339\n|-status|p2a: Giratina|brn\n|\n|-damage|p2a: Giratina|170/339 brn|[from] brn\n|upkeep\n|turn|15\n|\n|t:|1770727167\n|switch|p1a: Umbreon|Umbreon, L83, M|293/293\n|move|p2a: Giratina|Dragon Tail|p1a: Umbreon\n|-damage|p1a: Umbreon|271/293\n|drag|p1a: Darkrai|Darkrai, L72|137/220\n|\n|-damage|p2a: Giratina|128/339 brn|[from] brn\n|upkeep\n|turn|16\n|\n|t:|1770727187\n|switch|p2a: Rapidash|Rapidash, L87, M|247/255\n|move|p1a: Darkrai|Dark Pulse|p2a: Rapidash\n|-damage|p2a: Rapidash|134/255\n|-damage|p1a: Darkrai|115/220|[from] item: Life Orb\n|\n|-heal|p2a: Rapidash|149/255|[from] item: Leftovers\n|upkeep\n|turn|17\n|\n|t:|1770727202\n|switch|p1a: Umbreon|Umbreon, L83, M|271/293\n|move|p2a: Rapidash|Morning Sun|p2a: Rapidash\n|-heal|p2a: Rapidash|255/255\n|\n|-heal|p1a: Umbreon|289/293|[from] item: Leftovers\n|upkeep\n|turn|18\n|l|☆Hauntedfire\n|inactive|Hauntedfire disconnected and has a minute to reconnect!\n|player|p2|\n|j|☆Hauntedfire\n|inactive|Hauntedfire reconnected and has 135 seconds left.\n|player|p2|Hauntedfire|265|\n|\n|t:|1770727226\n|switch|p2a: Gligar|Gligar, L82, M|190/241\n|move|p1a: Umbreon|Foul Play|p2a: Gligar\n|-damage|p2a: Gligar|145/241\n|\n|-heal|p1a: Umbreon|293/293|[from] item: Leftovers\n|upkeep\n|turn|19\n|inactive|xuyuehang has 90 seconds left.\n|\n|t:|1770727250\n|switch|p1a: Keldeo|Keldeo, L79|134/273\n|move|p2a: Gligar|Roost|p2a: Gligar\n|-heal|p2a: Gligar|241/241\n|-singleturn|p2a: Gligar|move: Roost\n|\n|upkeep\n|turn|20\n|inactive|Hauntedfire has 120 seconds left.\n|\n|t:|1770727297\n|switch|p2a: Bronzong|Bronzong, L85|10/253 slp\n|move|p1a: Keldeo|Scald|p2a: Bronzong\n|-damage|p2a: Bronzong|0 fnt\n|faint|p2a: Bronzong\n|\n|upkeep\n|\n|t:|1770727301\n|switch|p2a: Giratina|Giratina, L73|128/339 brn\n|-ability|p2a: Giratina|Pressure\n|turn|21\n|\n|t:|1770727312\n|switch|p1a: Umbreon|Umbreon, L83, M|293/293\n|move|p2a: Giratina|Rest|p2a: Giratina\n|-status|p2a: Giratina|slp|[from] move: Rest\n|-heal|p2a: Giratina|339/339 slp|[silent]\n|-enditem|p2a: Giratina|Chesto Berry|[eat]\n|-curestatus|p2a: Giratina|slp|[msg]\n|\n|upkeep\n|turn|22\n|\n|t:|1770727325\n|switch|p2a: Gligar|Gligar, L82, M|241/241\n|move|p1a: Umbreon|Foul Play|p2a: Gligar\n|-damage|p2a: Gligar|187/241\n|\n|upkeep\n|turn|23\n|\n|t:|1770727336\n|switch|p1a: Keldeo|Keldeo, L79|134/273\n|move|p2a: Gligar|Earthquake|p1a: Keldeo\n|-damage|p1a: Keldeo|55/273\n|\n|upkeep\n|turn|24\n|\n|t:|1770727350\n|switch|p1a: Umbreon|Umbreon, L83, M|293/293\n|switch|p2a: Giratina|Giratina, L73|339/339\n|-ability|p2a: Giratina|Pressure\n|\n|upkeep\n|turn|25\n|\n|t:|1770727362\n|move|p1a: Umbreon|Foul Play|p2a: Giratina\n|-supereffective|p2a: Giratina\n|-damage|p2a: Giratina|175/339\n|move|p2a: Giratina|Dragon Tail|p1a: Umbreon\n|-damage|p1a: Umbreon|253/293\n|drag|p1a: Keldeo|Keldeo, L79|55/273\n|\n|upkeep\n|turn|26\n|\n|t:|1770727379\n|switch|p1a: Umbreon|Umbreon, L83, M|253/293\n|move|p2a: Giratina|Dragon Tail|p1a: Umbreon\n|-damage|p1a: Umbreon|210/293\n|drag|p1a: Darkrai|Darkrai, L72|115/220\n|\n|upkeep\n|turn|27\n|\n|t:|1770727389\n|move|p1a: Darkrai|Dark Pulse|p2a: Giratina\n|-supereffective|p2a: Giratina\n|-damage|p2a: Giratina|0 fnt\n|faint|p2a: Giratina\n|-damage|p1a: Darkrai|93/220|[from] item: Life Orb\n|\n|upkeep\n|\n|t:|1770727392\n|switch|p2a: Rapidash|Rapidash, L87, M|255/255\n|turn|28\n|\n|t:|1770727408\n|move|p2a: Rapidash|Flare Blitz|p1a: Darkrai\n|-damage|p1a: Darkrai|0 fnt\n|faint|p1a: Darkrai\n|-damage|p2a: Rapidash|224/255|[from] Recoil\n|\n|-heal|p2a: Rapidash|239/255|[from] item: Leftovers\n|upkeep\n|inactive|xuyuehang has 90 seconds left.\n|\n|t:|1770727419\n|switch|p1a: Vigoroth|Vigoroth, L88, M|284/284\n|turn|29\n|\n|t:|1770727429\n|move|p2a: Rapidash|Flare Blitz|p1a: Vigoroth\n|-damage|p1a: Vigoroth|197/284\n|-damage|p2a: Rapidash|210/255|[from] Recoil\n|move|p1a: Vigoroth|Bulk Up|p1a: Vigoroth\n|-boost|p1a: Vigoroth|atk|1\n|-boost|p1a: Vigoroth|def|1\n|\n|-heal|p2a: Rapidash|225/255|[from] item: Leftovers\n|upkeep\n|turn|30\n|\n|t:|1770727442\n|switch|p2a: Gligar|Gligar, L82, M|187/241\n|move|p1a: Vigoroth|Body Slam|p2a: Gligar\n|-damage|p2a: Gligar|106/241\n|-status|p2a: Gligar|par\n|\n|upkeep\n|turn|31\n|\n|t:|1770727454\n|move|p1a: Vigoroth|Body Slam|p2a: Gligar\n|-damage|p2a: Gligar|33/241 par\n|move|p2a: Gligar|Knock Off|p1a: Vigoroth\n|-damage|p1a: Vigoroth|170/284\n|-enditem|p1a: Vigoroth|Eviolite|[from] move: Knock Off|[of] p2a: Gligar\n|\n|upkeep\n|turn|32\n|\n|t:|1770727462\n|move|p1a: Vigoroth|Body Slam|p2a: Gligar\n|-damage|p2a: Gligar|0 fnt\n|faint|p2a: Gligar\n|\n|upkeep\n|\n|t:|1770727469\n|switch|p2a: Heatmor|Heatmor, L92, M|306/306\n|turn|33\n|\n|t:|1770727481\n|move|p1a: Vigoroth|Body Slam|p2a: Heatmor\n|-damage|p2a: Heatmor|168/306\n|move|p2a: Heatmor|Fire Blast|p1a: Vigoroth\n|-damage|p1a: Vigoroth|0 fnt\n|faint|p1a: Vigoroth\n|-damage|p2a: Heatmor|138/306|[from] item: Life Orb\n|\n|upkeep\n|inactive|xuyuehang has 90 seconds left.\n|\n|t:|1770727502\n|switch|p1a: Keldeo|Keldeo, L79|55/273\n|turn|34\n|\n|t:|1770727506\n|move|p2a: Heatmor|Sucker Punch|p1a: Keldeo\n|-resisted|p1a: Keldeo\n|-damage|p1a: Keldeo|13/273\n|-ability|p1a: Keldeo|Justified|boost\n|-boost|p1a: Keldeo|atk|1\n|-damage|p2a: Heatmor|108/306|[from] item: Life Orb\n|move|p1a: Keldeo|Scald|p2a: Heatmor\n|-supereffective|p2a: Heatmor\n|-damage|p2a: Heatmor|0 fnt\n|faint|p2a: Heatmor\n|\n|upkeep\n|\n|t:|1770727511\n|switch|p2a: Rapidash|Rapidash, L87, M|225/255\n|turn|35\n|\n|t:|1770727517\n|move|p2a: Rapidash|Wild Charge|p1a: Keldeo\n|-supereffective|p1a: Keldeo\n|-damage|p1a: Keldeo|0 fnt\n|faint|p1a: Keldeo\n|-damage|p2a: Rapidash|222/255|[from] Recoil\n|\n|-heal|p2a: Rapidash|237/255|[from] item: Leftovers\n|upkeep\n|\n|t:|1770727528\n|switch|p1a: Umbreon|Umbreon, L83, M|210/293\n|turn|36\n|\n|t:|1770727531\n|move|p2a: Rapidash|Flare Blitz|p1a: Umbreon\n|-damage|p1a: Umbreon|101/293\n|-damage|p2a: Rapidash|201/255|[from] Recoil\n|move|p1a: Umbreon|Toxic|p2a: Rapidash\n|-status|p2a: Rapidash|tox\n|\n|-heal|p2a: Rapidash|216/255 tox|[from] item: Leftovers\n|-heal|p1a: Umbreon|119/293|[from] item: Leftovers\n|-damage|p2a: Rapidash|201/255 tox|[from] psn\n|upkeep\n|turn|37\n|inactive|xuyuehang has 120 seconds left.\n|\n|t:|1770727545\n|switch|p1a: Chimecho|Chimecho, L97, M|137/283\n|move|p2a: Rapidash|Morning Sun|p2a: Rapidash\n|-heal|p2a: Rapidash|255/255 tox\n|\n|-heal|p1a: Chimecho|154/283|[from] item: Leftovers\n|-damage|p2a: Rapidash|225/255 tox|[from] psn\n|upkeep\n|turn|38\n|inactive|xuyuehang has 120 seconds left.\n|\n|t:|1770727555\n|move|p2a: Rapidash|Flare Blitz|p1a: Chimecho\n|-crit|p1a: Chimecho\n|-damage|p1a: Chimecho|0 fnt\n|faint|p1a: Chimecho\n|-damage|p2a: Rapidash|174/255 tox|[from] Recoil\n|\n|-heal|p2a: Rapidash|189/255 tox|[from] item: Leftovers\n|-damage|p2a: Rapidash|144/255 tox|[from] psn\n|upkeep\n|\n|t:|1770727565\n|switch|p1a: Umbreon|Umbreon, L83, M|119/293\n|turn|39\n|j| Blatjanglover\n|inactive|xuyuehang has 120 seconds left.\n|\n|t:|1770727584\n|move|p2a: Rapidash|Flare Blitz|p1a: Umbreon\n|-damage|p1a: Umbreon|10/293\n|-damage|p2a: Rapidash|108/255 tox|[from] Recoil\n|move|p1a: Umbreon|Moonlight|p1a: Umbreon\n|-heal|p1a: Umbreon|156/293\n|\n|-heal|p2a: Rapidash|123/255 tox|[from] item: Leftovers\n|-heal|p1a: Umbreon|174/293|[from] item: Leftovers\n|-damage|p2a: Rapidash|63/255 tox|[from] psn\n|upkeep\n|turn|40\n|-message|Hauntedfire forfeited.\n|\n|win|xuyuehang\n|raw|xuyuehang's rating: 1591 &rarr; <strong>1607</strong><br />(+16 for winning)\n|raw|Hauntedfire's rating: 1520 &rarr; <strong>1504</strong><br />(-16 for losing)\n|l|☆Hauntedfire\n|player|p2|\n", "inputlog": ">version ccdc32dd7cde25fd9e4bed64820e885f66e78a4e\n>start {\"formatid\":\"gen6randombattle\",\"seed\":\"sodium,1d28b4c936d897957126304d04764cf0\",\"rated\":\"Rated battle\"}\n>player p1 {\"name\":\"xuyuehang\",\"avatar\":\"101\",\"rating\":1591,\"seed\":\"sodium,512c3fb6ecb9f2e41ccd2f89cc3391af\"}\n>player p2 {\"name\":\"Hauntedfire\",\"avatar\":\"265\",\"rating\":1520,\"seed\":\"sodium,09313eb70f665a5fb0ffcda85d065f78\"}\n>p1 move knockoff\n>p2 move toxic\n>p1 move knockoff\n>p2 move psychic\n>p1 move knockoff\n>p2 move psychic\n>p1 switch 3\n>p2 move protect\n>p1 move darkvoid\n>p2 move toxic\n>p1 move nastyplot\n>p2 switch 2\n>p1 move darkpulse\n>p2 move toxic\n>p1 move darkpulse\n>p2 switch 3\n>p2 switch 6\n>p1 switch 2\n>p2 move flareblitz\n>p1 move scald\n>p2 switch 4\n>p1 switch 5\n>p2 move shadowball\n>p1 move healbell\n>p2 switch 3\n>p1 switch 5\n>p2 move roost\n>p1 move scald\n>p2 switch 3\n>p1 switch 5\n>p2 move dragontail\n>p1 move darkpulse\n>p2 switch 4\n>p1 switch 2\n>p2 move morningsun\n>p1 move foulplay\n>p2 switch 3\n>p1 switch 5\n>p2 move roost\n>p1 move scald\n>p2 switch 2\n>p2 switch 4\n>p1 switch 5\n>p2 move rest\n>p1 move foulplay\n>p2 switch 2\n>p1 switch 5\n>p2 move earthquake\n>p1 switch 5\n>p2 switch 2\n>p1 move foulplay\n>p2 move dragontail\n>p1 switch 5\n>p2 move dragontail\n>p1 move darkpulse\n>p2 move dragontail\n>p2 switch 3\n>p1 move darkvoid\n>p2 move flareblitz\n>p1 switch 6\n>p1 move bulkup\n>p2 move flareblitz\n>p1 move bodyslam\n>p2 switch 2\n>p1 move bodyslam\n>p2 move knockoff\n>p1 move bodyslam\n>p2 move toxic\n>p2 switch 5\n>p1 move bodyslam\n>p2 move fireblast\n>p1 switch 5\n>p1 move scald\n>p2 move suckerpunch\n>p2 switch 2\n>p1 move scald\n>p2 move wildcharge\n>p1 switch 2\n>p1 move toxic\n>p2 move flareblitz\n>p1 switch 3\n>p2 move morningsun\n>p1 move knockoff\n>p2 move flareblitz\n>p1 switch 3\n>p1 move moonlight\n>p2 move flareblitz\n>forcelose p2", "uploadtime": 1770727596, "views": 220, "formatid": "gen6randombattle", "rating": 1504, "private": 0, "password": null}