{"id": "gen6randombattle-2537486647", "format": "[Gen 6] Random Battle", "players": ["t1_opti", "fy8seasiders"], "log": "|j|☆t1_opti\n|j|☆fy8seasiders\n|t:|1770820490\n|gametype|singles\n|player|p1|t1_opti|boarder|1587\n|player|p2|fy8seasiders|lucas-gen4pt|1544\n|gen|6\n|tier|[Gen 6] Random Battle\n|rated|\n|rule|Sleep Clause Mod: Limit one foe put to sleep\n|rule|HP Percentage Mod: HP is shown in percentages\n|rule|Illusion Level Mod: Illusion disguises the Pokémon's true level\n|\n|t:|1770820490\n|teamsize|p1|6\n|teamsize|p2|6\n|start\n|switch|p1a: Lilligant|Lilligant, L86, F|261/261\n|switch|p2a: Maractus|Maractus, L98, F|305/305\n|turn|1\n|inactive|Battle timer is ON: inactive players will automatically lose when time's up. (requested by fy8seasiders)\n|\n|t:|1770820503\n|move|p1a: Lilligant|Quiver Dance|p1a: Lilligant\n|-boost|p1a: Lilligant|spa|1\n|-boost|p1a: Lilligant|spd|1\n|-boost|p1a: Lilligant|spe|1\n|move|p2a: Maractus|Toxic|p1a: Lilligant\n|-status|p1a: Lilligant|tox\n|\n|-damage|p1a: Lilligant|245/261 tox|[from] psn\n|upkeep\n|turn|2\n|\n|t:|1770820514\n|switch|p2a: Entei|Entei, L77|303/303\n|-ability|p2a: Entei|Pressure\n|move|p1a: Lilligant|Quiver Dance|p1a: Lilligant\n|-boost|p1a: Lilligant|spa|1\n|-boost|p1a: Lilligant|spd|1\n|-boost|p1a: Lilligant|spe|1\n|\n|-damage|p1a: Lilligant|213/261 tox|[from] psn\n|upkeep\n|turn|3\n|\n|t:|1770820528\n|switch|p1a: Seismitoad|Seismitoad, L84, M|314/314\n|move|p2a: Entei|Flare Blitz|p1a: Seismitoad\n|-resisted|p1a: Seismitoad\n|-damage|p1a: Seismitoad|212/314\n|-damage|p2a: Entei|269/303|[from] Recoil\n|\n|-heal|p1a: Seismitoad|231/314|[from] item: Leftovers\n|upkeep\n|turn|4\n|\n|t:|1770820535\n|switch|p2a: Maractus|Maractus, L98, F|305/305\n|move|p1a: Seismitoad|Toxic|p2a: Maractus\n|-status|p2a: Maractus|tox\n|\n|-heal|p1a: Seismitoad|250/314|[from] item: Leftovers\n|-damage|p2a: Maractus|286/305 tox|[from] psn\n|upkeep\n|turn|5\n|\n|t:|1770820544\n|move|p1a: Seismitoad|Protect|p1a: Seismitoad\n|-singleturn|p1a: Seismitoad|Protect\n|move|p2a: Maractus|Toxic|p1a: Seismitoad\n|-activate|p1a: Seismitoad|move: Protect\n|\n|-heal|p1a: Seismitoad|269/314|[from] item: Leftovers\n|-heal|p2a: Maractus|305/305 tox|[from] item: Leftovers\n|-damage|p2a: Maractus|267/305 tox|[from] psn\n|upkeep\n|turn|6\n|\n|t:|1770820547\n|switch|p1a: Lilligant|Lilligant, L86, F|213/261 tox\n|move|p2a: Maractus|Giga Drain|p1a: Lilligant\n|-resisted|p1a: Lilligant\n|-damage|p1a: Lilligant|151/261 tox\n|-heal|p2a: Maractus|298/305 tox|[from] drain|[of] p1a: Lilligant\n|\n|-heal|p2a: Maractus|305/305 tox|[from] item: Leftovers\n|-damage|p1a: Lilligant|135/261 tox|[from] psn\n|-damage|p2a: Maractus|248/305 tox|[from] psn\n|upkeep\n|turn|7\n|\n|t:|1770820556\n|switch|p1a: Seismitoad|Seismitoad, L84, M|269/314\n|move|p2a: Maractus|Hidden Power|p1a: Seismitoad\n|-resisted|p1a: Seismitoad\n|-damage|p1a: Seismitoad|231/314\n|\n|-heal|p1a: Seismitoad|250/314|[from] item: Leftovers\n|-heal|p2a: Maractus|267/305 tox|[from] item: Leftovers\n|-damage|p2a: Maractus|191/305 tox|[from] psn\n|upkeep\n|turn|8\n|\n|t:|1770820572\n|switch|p2a: Farfetch’d|Farfetch’d, F|266/266\n|move|p1a: Seismitoad|Protect||[still]\n|-fail|p1a: Seismitoad\n|\n|-heal|p1a: Seismitoad|269/314|[from] item: Leftovers\n|upkeep\n|turn|9\n|\n|t:|1770820585\n|switch|p1a: Dedenne|Dedenne, L89, F|264/264\n|move|p2a: Farfetch’d|Swords Dance|p2a: Farfetch’d\n|-boost|p2a: Farfetch’d|atk|2\n|\n|upkeep\n|turn|10\n|\n|t:|1770820596\n|move|p1a: Dedenne|Thunderbolt|p2a: Farfetch’d\n|-supereffective|p2a: Farfetch’d\n|-damage|p2a: Farfetch’d|80/266\n|move|p2a: Farfetch’d|Return|p1a: Dedenne\n|-damage|p1a: Dedenne|0 fnt\n|faint|p1a: Dedenne\n|\n|upkeep\n|\n|t:|1770820616\n|switch|p1a: Arcanine|Arcanine, L82, M|282/282\n|-ability|p1a: Arcanine|Intimidate|boost\n|-unboost|p2a: Farfetch’d|atk|1\n|-ability|p2a: Farfetch’d|Defiant|boost\n|-boost|p2a: Farfetch’d|atk|2\n|turn|11\n|\n|t:|1770820630\n|move|p1a: Arcanine|Wild Charge|p2a: Farfetch’d\n|-supereffective|p2a: Farfetch’d\n|-crit|p2a: Farfetch’d\n|-damage|p2a: Farfetch’d|0 fnt\n|faint|p2a: Farfetch’d\n|-damage|p1a: Arcanine|262/282|[from] Recoil\n|\n|-heal|p1a: Arcanine|279/282|[from] item: Leftovers\n|upkeep\n|\n|t:|1770820645\n|switch|p2a: Scrafty|Scrafty, L83, M|244/244\n|turn|12\n|\n|t:|1770820666\n|switch|p1a: Lilligant|Lilligant, L86, F|135/261 tox\n|move|p2a: Scrafty|Bulk Up|p2a: Scrafty\n|-boost|p2a: Scrafty|atk|1\n|-boost|p2a: Scrafty|def|1\n|\n|-damage|p1a: Lilligant|119/261 tox|[from] psn\n|upkeep\n|turn|13\n|\n|t:|1770820678\n|move|p1a: Lilligant|Sleep Powder|p2a: Scrafty\n|-status|p2a: Scrafty|slp|[from] move: Sleep Powder\n|cant|p2a: Scrafty|slp\n|\n|-activate|p2a: Scrafty|ability: Shed Skin\n|-curestatus|p2a: Scrafty|slp|[msg]\n|-damage|p1a: Lilligant|87/261 tox|[from] psn\n|upkeep\n|turn|14\n|\n|t:|1770820685\n|move|p1a: Lilligant|Giga Drain|p2a: Scrafty\n|-damage|p2a: Scrafty|149/244\n|-heal|p1a: Lilligant|135/261 tox|[from] drain|[of] p2a: Scrafty\n|-damage|p1a: Lilligant|109/261 tox|[from] item: Life Orb\n|move|p2a: Scrafty|Drain Punch|p1a: Lilligant\n|-damage|p1a: Lilligant|0 fnt\n|-heal|p2a: Scrafty|204/244|[from] drain|[of] p1a: Lilligant\n|faint|p1a: Lilligant\n|\n|-heal|p2a: Scrafty|219/244|[from] item: Leftovers\n|upkeep\n|\n|t:|1770820698\n|switch|p1a: Primeape|Primeape, L87, F|255/255\n|turn|15\n|\n|t:|1770820707\n|move|p1a: Primeape|Hone Claws|p1a: Primeape\n|-boost|p1a: Primeape|atk|1\n|-boost|p1a: Primeape|accuracy|1\n|move|p2a: Scrafty|Drain Punch|p1a: Primeape\n|-damage|p1a: Primeape|116/255\n|-heal|p2a: Scrafty|244/244|[from] drain|[of] p1a: Primeape\n|\n|upkeep\n|turn|16\n|\n|t:|1770820719\n|switch|p2a: Garbodor|Garbodor, L88, F|284/284\n|move|p1a: Primeape|Close Combat|p2a: Garbodor\n|-resisted|p2a: Garbodor\n|-damage|p2a: Garbodor|145/284\n|-unboost|p1a: Primeape|def|1\n|-unboost|p1a: Primeape|spd|1\n|-damage|p1a: Primeape|91/255|[from] item: Life Orb\n|\n|-heal|p2a: Garbodor|162/284|[from] item: Black Sludge\n|upkeep\n|turn|17\n|\n|t:|1770820734\n|switch|p1a: Seismitoad|Seismitoad, L84, M|269/314\n|move|p2a: Garbodor|Drain Punch|p1a: Seismitoad\n|-damage|p1a: Seismitoad|204/314\n|-heal|p2a: Garbodor|195/284|[from] drain|[of] p1a: Seismitoad\n|\n|-heal|p2a: Garbodor|212/284|[from] item: Black Sludge\n|-heal|p1a: Seismitoad|223/314|[from] item: Leftovers\n|upkeep\n|turn|18\n|\n|t:|1770820742\n|switch|p2a: Togekiss|Togekiss, L79, F|264/264\n|move|p1a: Seismitoad|Earthquake|p2a: Togekiss\n|-immune|p2a: Togekiss\n|\n|-heal|p1a: Seismitoad|242/314|[from] item: Leftovers\n|upkeep\n|turn|19\n|\n|t:|1770820752\n|move|p1a: Seismitoad|Toxic|p2a: Togekiss\n|-status|p2a: Togekiss|tox\n|move|p2a: Togekiss|Nasty Plot|p2a: Togekiss\n|-boost|p2a: Togekiss|spa|2\n|\n|-heal|p1a: Seismitoad|261/314|[from] item: Leftovers\n|-damage|p2a: Togekiss|248/264 tox|[from] psn\n|upkeep\n|turn|20\n|\n|t:|1770820758\n|move|p1a: Seismitoad|Scald|p2a: Togekiss\n|-damage|p2a: Togekiss|176/264 tox\n|move|p2a: Togekiss|Nasty Plot|p2a: Togekiss\n|-boost|p2a: Togekiss|spa|2\n|\n|-heal|p1a: Seismitoad|280/314|[from] item: Leftovers\n|-heal|p2a: Togekiss|192/264 tox|[from] item: Leftovers\n|-damage|p2a: Togekiss|160/264 tox|[from] psn\n|upkeep\n|turn|21\n|\n|t:|1770820767\n|move|p1a: Seismitoad|Protect|p1a: Seismitoad\n|-singleturn|p1a: Seismitoad|Protect\n|move|p2a: Togekiss|Roost|p2a: Togekiss\n|-heal|p2a: Togekiss|264/264 tox\n|-singleturn|p2a: Togekiss|move: Roost\n|\n|-heal|p1a: Seismitoad|299/314|[from] item: Leftovers\n|-damage|p2a: Togekiss|216/264 tox|[from] psn\n|upkeep\n|turn|22\n|\n|t:|1770820774\n|move|p1a: Seismitoad|Scald|p2a: Togekiss\n|-crit|p2a: Togekiss\n|-damage|p2a: Togekiss|116/264 tox\n|move|p2a: Togekiss|Air Slash|p1a: Seismitoad\n|-damage|p1a: Seismitoad|7/314\n|\n|-heal|p1a: Seismitoad|26/314|[from] item: Leftovers\n|-heal|p2a: Togekiss|132/264 tox|[from] item: Leftovers\n|-damage|p2a: Togekiss|68/264 tox|[from] psn\n|upkeep\n|turn|23\n|\n|t:|1770820782\n|move|p1a: Seismitoad|Scald|p2a: Togekiss\n|-damage|p2a: Togekiss|0 fnt\n|faint|p2a: Togekiss\n|\n|-heal|p1a: Seismitoad|45/314|[from] item: Leftovers\n|upkeep\n|inactive|fy8seasiders has 120 seconds left.\n|\n|t:|1770820819\n|switch|p2a: Entei|Entei, L77|269/303\n|-ability|p2a: Entei|Pressure\n|turn|24\n|inactive|fy8seasiders has 120 seconds left.\n|\n|t:|1770820829\n|move|p1a: Seismitoad|Protect|p1a: Seismitoad\n|-singleturn|p1a: Seismitoad|Protect\n|move|p2a: Entei|Stone Edge|p1a: Seismitoad\n|-activate|p1a: Seismitoad|move: Protect\n|\n|-heal|p1a: Seismitoad|64/314|[from] item: Leftovers\n|upkeep\n|turn|25\n|inactive|fy8seasiders has 120 seconds left.\n|\n|t:|1770820840\n|switch|p2a: Maractus|Maractus, L98, F|191/305 tox\n|move|p1a: Seismitoad|Earthquake|p2a: Maractus\n|-resisted|p2a: Maractus\n|-damage|p2a: Maractus|140/305 tox\n|\n|-heal|p1a: Seismitoad|83/314|[from] item: Leftovers\n|-heal|p2a: Maractus|159/305 tox|[from] item: Leftovers\n|-damage|p2a: Maractus|140/305 tox|[from] psn\n|upkeep\n|turn|26\n|\n|t:|1770820847\n|move|p1a: Seismitoad|Protect|p1a: Seismitoad\n|-singleturn|p1a: Seismitoad|Protect\n|move|p2a: Maractus|Synthesis|p2a: Maractus\n|-heal|p2a: Maractus|292/305 tox\n|\n|-heal|p1a: Seismitoad|102/314|[from] item: Leftovers\n|-heal|p2a: Maractus|305/305 tox|[from] item: Leftovers\n|-damage|p2a: Maractus|267/305 tox|[from] psn\n|upkeep\n|turn|27\n|\n|t:|1770820857\n|switch|p1a: Arcanine|Arcanine, L82, M|279/282\n|-ability|p1a: Arcanine|Intimidate|boost\n|-unboost|p2a: Maractus|atk|1\n|move|p2a: Maractus|Toxic|p1a: Arcanine|[miss]\n|-miss|p2a: Maractus|p1a: Arcanine\n|\n|-heal|p1a: Arcanine|282/282|[from] item: Leftovers\n|-heal|p2a: Maractus|286/305 tox|[from] item: Leftovers\n|-damage|p2a: Maractus|229/305 tox|[from] psn\n|upkeep\n|turn|28\n|\n|t:|1770820868\n|move|p1a: Arcanine|Flare Blitz|p2a: Maractus\n|-supereffective|p2a: Maractus\n|-damage|p2a: Maractus|0 fnt\n|faint|p2a: Maractus\n|-damage|p1a: Arcanine|206/282|[from] Recoil\n|\n|-heal|p1a: Arcanine|223/282|[from] item: Leftovers\n|upkeep\n|inactive|fy8seasiders has 120 seconds left.\n|inactive|fy8seasiders has 90 seconds left.\n|\n|t:|1770820921\n|switch|p2a: Scrafty|Scrafty, L83, M|244/244\n|turn|29\n|inactive|t1_opti has 120 seconds left.\n|\n|t:|1770820972\n|switch|p1a: Seismitoad|Seismitoad, L84, M|102/314\n|move|p2a: Scrafty|Bulk Up|p2a: Scrafty\n|-boost|p2a: Scrafty|atk|1\n|-boost|p2a: Scrafty|def|1\n|\n|-heal|p1a: Seismitoad|121/314|[from] item: Leftovers\n|upkeep\n|turn|30\n|\n|t:|1770820986\n|move|p1a: Seismitoad|Scald|p2a: Scrafty\n|-damage|p2a: Scrafty|184/244\n|-status|p2a: Scrafty|brn\n|move|p2a: Scrafty|Knock Off|p1a: Seismitoad\n|-crit|p1a: Seismitoad\n|-damage|p1a: Seismitoad|1/314\n|-enditem|p1a: Seismitoad|Leftovers|[from] move: Knock Off|[of] p2a: Scrafty\n|\n|-heal|p2a: Scrafty|199/244 brn|[from] item: Leftovers\n|-damage|p2a: Scrafty|169/244 brn|[from] brn\n|upkeep\n|turn|31\n|\n|t:|1770820994\n|move|p1a: Seismitoad|Scald|p2a: Scrafty\n|-crit|p2a: Scrafty\n|-damage|p2a: Scrafty|76/244 brn\n|move|p2a: Scrafty|Rest|p2a: Scrafty\n|-status|p2a: Scrafty|slp|[from] move: Rest\n|-heal|p2a: Scrafty|244/244 slp|[silent]\n|\n|upkeep\n|turn|32\n|inactive|t1_opti has 120 seconds left.\n|\n|t:|1770821009\n|switch|p1a: Primeape|Primeape, L87, F|91/255\n|cant|p2a: Scrafty|slp\n|\n|-activate|p2a: Scrafty|ability: Shed Skin\n|-curestatus|p2a: Scrafty|slp|[msg]\n|upkeep\n|turn|33\n|inactive|t1_opti has 120 seconds left.\n|\n|t:|1770821017\n|move|p1a: Primeape|Close Combat|p2a: Scrafty\n|-supereffective|p2a: Scrafty\n|-damage|p2a: Scrafty|46/244\n|-unboost|p1a: Primeape|def|1\n|-unboost|p1a: Primeape|spd|1\n|-damage|p1a: Primeape|66/255|[from] item: Life Orb\n|move|p2a: Scrafty|Drain Punch|p1a: Primeape\n|-damage|p1a: Primeape|0 fnt\n|-heal|p2a: Scrafty|79/244|[from] drain|[of] p1a: Primeape\n|faint|p1a: Primeape\n|\n|-heal|p2a: Scrafty|94/244|[from] item: Leftovers\n|upkeep\n|inactive|t1_opti has 120 seconds left.\n|\n|t:|1770821028\n|switch|p1a: Arceus|Arceus-Dragon, L71|288/288\n|turn|34\n|inactive|fy8seasiders has 120 seconds left.\n|\n|t:|1770821057\n|move|p1a: Arceus|Swords Dance|p1a: Arceus\n|-boost|p1a: Arceus|atk|2\n|move|p2a: Scrafty|Rest|p2a: Scrafty\n|-status|p2a: Scrafty|slp|[from] move: Rest\n|-heal|p2a: Scrafty|244/244 slp|[silent]\n|\n|upkeep\n|turn|35\n|\n|t:|1770821063\n|move|p1a: Arceus|Swords Dance|p1a: Arceus\n|-boost|p1a: Arceus|atk|2\n|cant|p2a: Scrafty|slp\n|\n|upkeep\n|turn|36\n|\n|t:|1770821069\n|move|p1a: Arceus|Swords Dance|p1a: Arceus\n|-boost|p1a: Arceus|atk|2\n|cant|p2a: Scrafty|slp\n|\n|-activate|p2a: Scrafty|ability: Shed Skin\n|-curestatus|p2a: Scrafty|slp|[msg]\n|upkeep\n|turn|37\n|\n|t:|1770821072\n|move|p1a: Arceus|Outrage|p2a: Scrafty\n|-damage|p2a: Scrafty|0 fnt\n|faint|p2a: Scrafty\n|\n|upkeep\n|inactive|fy8seasiders has 120 seconds left.\n|\n|t:|1770821085\n|switch|p2a: Garbodor|Garbodor, L88, F|212/284\n|turn|38\n|inactive|fy8seasiders has 120 seconds left.\n|\n|t:|1770821091\n|move|p1a: Arceus|Outrage|p2a: Garbodor|[from] lockedmove\n|-damage|p2a: Garbodor|0 fnt\n|-damage|p1a: Arceus|216/288|[from] ability: Aftermath|[of] p2a: Garbodor\n|faint|p2a: Garbodor\n|-start|p1a: Arceus|confusion|[fatigue]\n|\n|upkeep\n|inactive|fy8seasiders has 120 seconds left.\n|\n|t:|1770821097\n|switch|p2a: Entei|Entei, L77|269/303\n|-ability|p2a: Entei|Pressure\n|turn|39\n|j| Plop\n|inactive|fy8seasiders has 120 seconds left.\n|\n|t:|1770821122\n|move|p2a: Entei|Extreme Speed|p1a: Arceus\n|-damage|p1a: Arceus|143/288\n|-activate|p1a: Arceus|confusion\n|-damage|p1a: Arceus|49/288|[from] confusion\n|\n|upkeep\n|turn|40\n|j| RNGgivethRNGtaketh\n|\n|t:|1770821132\n|switch|p1a: Arcanine|Arcanine, L82, M|223/282\n|-ability|p1a: Arcanine|Intimidate|boost\n|-unboost|p2a: Entei|atk|1\n|move|p2a: Entei|Extreme Speed|p1a: Arcanine\n|-damage|p1a: Arcanine|165/282\n|\n|-heal|p1a: Arcanine|182/282|[from] item: Leftovers\n|upkeep\n|turn|41\n|\n|t:|1770821139\n|switch|p1a: Seismitoad|Seismitoad, L84, M|1/314\n|move|p2a: Entei|Extreme Speed|p1a: Seismitoad\n|-damage|p1a: Seismitoad|0 fnt\n|faint|p1a: Seismitoad\n|\n|upkeep\n|\n|t:|1770821141\n|switch|p1a: Arcanine|Arcanine, L82, M|182/282\n|-ability|p1a: Arcanine|Intimidate|boost\n|-unboost|p2a: Entei|atk|1\n|turn|42\n|\n|t:|1770821147\n|move|p2a: Entei|Extreme Speed|p1a: Arcanine\n|-damage|p1a: Arcanine|138/282\n|move|p1a: Arcanine|Morning Sun|p1a: Arcanine\n|-heal|p1a: Arcanine|279/282\n|\n|-heal|p1a: Arcanine|282/282|[from] item: Leftovers\n|upkeep\n|turn|43\n|\n|t:|1770821161\n|move|p2a: Entei|Extreme Speed|p1a: Arcanine\n|-damage|p1a: Arcanine|238/282\n|move|p1a: Arcanine|Flare Blitz|p2a: Entei\n|-resisted|p2a: Entei\n|-damage|p2a: Entei|198/303\n|-damage|p1a: Arcanine|215/282|[from] Recoil\n|\n|-heal|p1a: Arcanine|232/282|[from] item: Leftovers\n|upkeep\n|turn|44\n|\n|t:|1770821165\n|move|p2a: Entei|Extreme Speed|p1a: Arcanine\n|-damage|p1a: Arcanine|184/282\n|move|p1a: Arcanine|Flare Blitz|p2a: Entei\n|-resisted|p2a: Entei\n|-damage|p2a: Entei|119/303\n|-damage|p1a: Arcanine|158/282|[from] Recoil\n|\n|-heal|p1a: Arcanine|175/282|[from] item: Leftovers\n|upkeep\n|turn|45\n|\n|t:|1770821168\n|move|p2a: Entei|Extreme Speed|p1a: Arcanine\n|-damage|p1a: Arcanine|128/282\n|move|p1a: Arcanine|Morning Sun|p1a: Arcanine\n|-heal|p1a: Arcanine|269/282\n|\n|-heal|p1a: Arcanine|282/282|[from] item: Leftovers\n|upkeep\n|turn|46\n|\n|t:|1770821169\n|move|p2a: Entei|Extreme Speed|p1a: Arcanine\n|-damage|p1a: Arcanine|234/282\n|move|p1a: Arcanine|Flare Blitz|p2a: Entei\n|-resisted|p2a: Entei\n|-damage|p2a: Entei|42/303\n|-damage|p1a: Arcanine|209/282|[from] Recoil\n|\n|-heal|p1a: Arcanine|226/282|[from] item: Leftovers\n|upkeep\n|turn|47\n|\n|t:|1770821176\n|move|p1a: Arcanine|Extreme Speed|p2a: Entei\n|-damage|p2a: Entei|0 fnt\n|faint|p2a: Entei\n|\n|win|t1_opti\n|raw|t1_opti's rating: 1587 &rarr; <strong>1605</strong><br />(+18 for winning)\n|raw|fy8seasiders's rating: 1544 &rarr; <strong>1526</strong><br />(-18 for losing)\n|l|☆fy8seasiders\n|player|p2|\n|l| Plop\n", "inputlog": ">version ccdc32dd7cde25fd9e4bed64820e885f66e78a4e\n>start {\"formatid\":\"gen6randombattle\",\"seed\":\"sodium,948e23a36fce08015f6e131ecadf348b\",\"rated\":\"Rated battle\"}\n>player p1 {\"name\":\"t1_opti\",\"avatar\":\"boarder\",\"rating\":1587,\"seed\":\"sodium,49c2ff6fadbe75d711855f1d809320f0\"}\n>player p2 {\"name\":\"fy8seasiders\",\"avatar\":\"lucas-gen4pt\",\"rating\":1544,\"seed\":\"sodium,5b3c18287661e7839a2929a5f6d57513\"}\n>p1 move quiverdance\n>p2 move toxic\n>p1 move quiverdance\n>p2 switch 4\n>p1 switch 6\n>p2 move flareblitz\n>p1 move toxic\n>p2 switch 4\n>p1 move protect\n>p2 move toxic\n>p1 switch 6\n>p2 move gigadrain\n>p1 switch 6\n>p2 move hiddenpower\n>p1 move protect\n>p2 switch 5\n>p1 switch 2\n>p2 move swordsdance\n>p1 move thunderbolt\n>p2 move return\n>p1 switch 5\n>p1 move wildcharge\n>p2 move return\n>p2 switch 2\n>p1 switch 6\n>p2 move bulkup\n>p1 move sleeppowder\n>p2 move drainpunch\n>p1 move gigadrain\n>p2 move drainpunch\n>p1 switch 3\n>p1 move honeclaws\n>p2 move drainpunch\n>p1 move closecombat\n>p2 switch 3\n>p1 switch 2\n>p2 move drainpunch\n>p1 move earthquake\n>p2 switch 6\n>p1 move toxic\n>p2 move nastyplot\n>p1 move scald\n>p2 move nastyplot\n>p1 move protect\n>p2 move roost\n>p1 move scald\n>p2 move airslash\n>p1 move scald\n>p2 move airslash\n>p2 switch 4\n>p1 move protect\n>p2 move stoneedge\n>p1 move earthquake\n>p2 switch 5\n>p1 move protect\n>p2 move synthesis\n>p1 switch 6\n>p2 move toxic\n>p1 move flareblitz\n>p2 move toxic\n>p2 switch 3\n>p1 switch 6\n>p2 move bulkup\n>p1 move scald\n>p2 move knockoff\n>p1 move scald\n>p2 move rest\n>p1 switch 2\n>p2 move bulkup\n>p1 move closecombat\n>p2 move drainpunch\n>p1 switch 4\n>p1 move swordsdance\n>p2 move rest\n>p1 move swordsdance\n>p2 move bulkup\n>p1 move swordsdance\n>p2 move bulkup\n>p1 move outrage\n>p2 move bulkup\n>p2 switch 6\n>p1 move outrage\n>p2 move haze\n>p2 switch 5\n>p1 move earthquake\n>p2 move extremespeed\n>p1 switch 6\n>p2 move extremespeed\n>p1 switch 2\n>p2 move extremespeed\n>p1 switch 2\n>p1 move morningsun\n>p2 move extremespeed\n>p1 move flareblitz\n>p2 move extremespeed\n>p1 move flareblitz\n>p2 move extremespeed\n>p1 move morningsun\n>p2 move extremespeed\n>p1 move flareblitz\n>p2 move extremespeed\n>p1 move extremespeed\n>p2 move struggle", "uploadtime": 1770821182, "views": 233, "formatid": "gen6randombattle", "rating": 1526, "private": 0, "password": null}