{"id": "gen6randombattle-2519454338", "format": "[Gen 6] Random Battle", "players": ["ShanKx", "arboretums"], "log": "|j|‽ShanKx\n|j|☆arboretums\n|t:|1768507417\n|gametype|singles\n|player|p1|ShanKx|bruno|1520\n|player|p2|arboretums|serena-masters2|1574\n|gen|6\n|tier|[Gen 6] Random Battle\n|rated|\n|rule|Sleep Clause Mod: Limit one foe put to sleep\n|rule|HP Percentage Mod: HP is shown in percentages\n|rule|Illusion Level Mod: Illusion disguises the Pokémon's true level\n|\n|t:|1768507417\n|teamsize|p1|6\n|teamsize|p2|6\n|start\n|switch|p1a: Exeggutor|Exeggutor, L92, F|324/324\n|switch|p2a: Claydol|Claydol, L88|249/249\n|turn|1\n|inactive|Battle timer is ON: inactive players will automatically lose when time's up. (requested by arboretums)\n|\n|t:|1768507424\n|move|p2a: Claydol|Toxic|p1a: Exeggutor\n|-status|p1a: Exeggutor|tox\n|move|p1a: Exeggutor|Substitute|p1a: Exeggutor\n|-start|p1a: Exeggutor|Substitute\n|-damage|p1a: Exeggutor|243/324 tox\n|\n|-damage|p1a: Exeggutor|223/324 tox|[from] psn\n|upkeep\n|turn|2\n|\n|t:|1768507440\n|move|p2a: Claydol|Ice Beam|p1a: Exeggutor\n|-supereffective|p1a: Exeggutor\n|-end|p1a: Exeggutor|Substitute\n|move|p1a: Exeggutor|Leech Seed|p2a: Claydol|[miss]\n|-miss|p1a: Exeggutor|p2a: Claydol\n|\n|-damage|p1a: Exeggutor|183/324 tox|[from] psn\n|upkeep\n|turn|3\n|\n|t:|1768507458\n|switch|p2a: Wormadam|Wormadam, F|282/282\n|switch|p1a: Garbodor|Garbodor, L88, F|284/284\n|\n|upkeep\n|turn|4\n|\n|t:|1768507468\n|switch|p2a: Terrakion|Terrakion, L77|267/267\n|move|p1a: Garbodor|Toxic Spikes|p2a: Terrakion\n|-sidestart|p2: arboretums|move: Toxic Spikes\n|\n|upkeep\n|turn|5\n|\n|t:|1768507483\n|move|p2a: Terrakion|Stealth Rock|p1a: Garbodor\n|-sidestart|p1: ShanKx|move: Stealth Rock\n|move|p1a: Garbodor|Toxic Spikes|p2a: Terrakion\n|-sidestart|p2: arboretums|move: Toxic Spikes\n|\n|upkeep\n|turn|6\n|\n|t:|1768507488\n|move|p2a: Terrakion|Earthquake|p1a: Garbodor\n|-supereffective|p1a: Garbodor\n|-damage|p1a: Garbodor|102/284\n|-damage|p2a: Terrakion|241/267|[from] item: Life Orb\n|move|p1a: Garbodor|Spikes|p2a: Terrakion\n|-sidestart|p2: arboretums|Spikes\n|\n|-heal|p1a: Garbodor|119/284|[from] item: Black Sludge\n|upkeep\n|turn|7\n|\n|t:|1768507497\n|switch|p1a: Exeggutor|Exeggutor, L92, F|183/324 tox\n|-damage|p1a: Exeggutor|143/324 tox|[from] Stealth Rock\n|-enditem|p1a: Exeggutor|Sitrus Berry|[eat]\n|-heal|p1a: Exeggutor|224/324 tox|[from] item: Sitrus Berry\n|move|p2a: Terrakion|Stone Edge|p1a: Exeggutor\n|-damage|p1a: Exeggutor|88/324 tox\n|-damage|p2a: Terrakion|215/267|[from] item: Life Orb\n|\n|-damage|p1a: Exeggutor|68/324 tox|[from] psn\n|upkeep\n|turn|8\n|\n|t:|1768507508\n|move|p2a: Terrakion|Stone Edge|p1a: Exeggutor\n|-damage|p1a: Exeggutor|0 fnt\n|faint|p1a: Exeggutor\n|-damage|p2a: Terrakion|189/267|[from] item: Life Orb\n|\n|upkeep\n|inactive|ShanKx has 120 seconds left.\n|\n|t:|1768507533\n|switch|p1a: Feraligatr|Feraligatr, L79, F|264/264\n|-damage|p1a: Feraligatr|231/264|[from] Stealth Rock\n|turn|9\n|\n|t:|1768507546\n|move|p2a: Terrakion|Close Combat|p1a: Feraligatr\n|-damage|p1a: Feraligatr|78/264\n|-unboost|p2a: Terrakion|def|1\n|-unboost|p2a: Terrakion|spd|1\n|-damage|p2a: Terrakion|163/267|[from] item: Life Orb\n|move|p1a: Feraligatr|Dragon Dance|p1a: Feraligatr\n|-boost|p1a: Feraligatr|atk|1\n|-boost|p1a: Feraligatr|spe|1\n|\n|upkeep\n|turn|10\n|\n|t:|1768507563\n|switch|p2a: Dewgong|Dewgong, L94, F|322/322\n|-status|p2a: Dewgong|tox\n|-damage|p2a: Dewgong|282/322 tox|[from] Spikes\n|move|p1a: Feraligatr|Waterfall|p2a: Dewgong\n|-resisted|p2a: Dewgong\n|-damage|p2a: Dewgong|181/322 tox\n|\n|-heal|p2a: Dewgong|201/322 tox|[from] item: Leftovers\n|-damage|p2a: Dewgong|181/322 tox|[from] psn\n|upkeep\n|turn|11\n|\n|t:|1768507578\n|move|p1a: Feraligatr|Earthquake|p2a: Dewgong\n|-damage|p2a: Dewgong|61/322 tox\n|-damage|p1a: Feraligatr|52/264|[from] item: Life Orb\n|move|p2a: Dewgong|Toxic|p1a: Feraligatr\n|-status|p1a: Feraligatr|tox\n|\n|-heal|p2a: Dewgong|81/322 tox|[from] item: Leftovers\n|-damage|p1a: Feraligatr|36/264 tox|[from] psn\n|-damage|p2a: Dewgong|41/322 tox|[from] psn\n|upkeep\n|turn|12\n|\n|t:|1768507591\n|switch|p2a: Thundurus|Thundurus, L78, M|251/251\n|move|p1a: Feraligatr|Waterfall|p2a: Thundurus\n|-damage|p2a: Thundurus|0 fnt\n|faint|p2a: Thundurus\n|\n|-damage|p1a: Feraligatr|4/264 tox|[from] psn\n|upkeep\n|\n|t:|1768507594\n|switch|p2a: Dewgong|Dewgong, L94, F|41/322 tox\n|-damage|p2a: Dewgong|1/322 tox|[from] Spikes\n|turn|13\n|\n|t:|1768507601\n|move|p1a: Feraligatr|Waterfall|p2a: Dewgong\n|-resisted|p2a: Dewgong\n|-crit|p2a: Dewgong\n|-damage|p2a: Dewgong|0 fnt\n|faint|p2a: Dewgong\n|\n|-damage|p1a: Feraligatr|0 fnt|[from] psn\n|faint|p1a: Feraligatr\n|upkeep\n|\n|t:|1768507609\n|switch|p2a: Claydol|Claydol, L88|249/249\n|switch|p1a: Omastar|Omastar, L83, F|251/251\n|-damage|p1a: Omastar|220/251|[from] Stealth Rock\n|turn|14\n|\n|t:|1768507628\n|move|p2a: Claydol|Rapid Spin|p1a: Omastar\n|-resisted|p1a: Omastar\n|-damage|p1a: Omastar|215/251\n|-sideend|p2: arboretums|Spikes|[from] move: Rapid Spin|[of] p2a: Claydol\n|-sideend|p2: arboretums|Toxic Spikes|[from] move: Rapid Spin|[of] p2a: Claydol\n|move|p1a: Omastar|Shell Smash|p1a: Omastar\n|-unboost|p1a: Omastar|def|1\n|-unboost|p1a: Omastar|spd|1\n|-boost|p1a: Omastar|atk|2\n|-boost|p1a: Omastar|spa|2\n|-boost|p1a: Omastar|spe|2\n|-enditem|p1a: Omastar|White Herb\n|-clearnegativeboost|p1a: Omastar|[silent]\n|\n|upkeep\n|turn|15\n|\n|t:|1768507643\n|switch|p2a: Wormadam|Wormadam, F|282/282\n|-ability|p2a: Wormadam|Anticipation\n|move|p1a: Omastar|Ice Beam|p2a: Wormadam\n|-supereffective|p2a: Wormadam\n|-damage|p2a: Wormadam|62/282\n|\n|-heal|p2a: Wormadam|79/282|[from] item: Leftovers\n|upkeep\n|turn|16\n|\n|t:|1768507651\n|move|p1a: Omastar|Ice Beam|p2a: Wormadam\n|-supereffective|p2a: Wormadam\n|-damage|p2a: Wormadam|0 fnt\n|faint|p2a: Wormadam\n|\n|upkeep\n|\n|t:|1768507657\n|switch|p2a: Plusle|Plusle, L93, F|262/262\n|turn|17\n|\n|t:|1768507661\n|move|p1a: Omastar|Hydro Pump|p2a: Plusle|[miss]\n|-miss|p1a: Omastar|p2a: Plusle\n|move|p2a: Plusle|Thunderbolt|p1a: Omastar\n|-supereffective|p1a: Omastar\n|-damage|p1a: Omastar|0 fnt\n|faint|p1a: Omastar\n|\n|upkeep\n|\n|t:|1768507675\n|switch|p1a: Garbodor|Garbodor, L88, F|119/284\n|-damage|p1a: Garbodor|84/284|[from] Stealth Rock\n|turn|18\n|\n|t:|1768507679\n|move|p2a: Plusle|Thunderbolt|p1a: Garbodor\n|-damage|p1a: Garbodor|0 fnt\n|faint|p1a: Garbodor\n|\n|upkeep\n|\n|t:|1768507684\n|switch|p1a: Grumpig|Grumpig, L92, M|297/297\n|-damage|p1a: Grumpig|260/297|[from] Stealth Rock\n|turn|19\n|\n|t:|1768507691\n|move|p2a: Plusle|Nasty Plot|p2a: Plusle\n|-boost|p2a: Plusle|spa|2\n|move|p1a: Grumpig|Psychic|p2a: Plusle\n|-damage|p2a: Plusle|150/262\n|\n|-heal|p2a: Plusle|166/262|[from] item: Leftovers\n|-heal|p1a: Grumpig|278/297|[from] item: Leftovers\n|upkeep\n|turn|20\n|\n|t:|1768507700\n|move|p2a: Plusle|Thunderbolt|p1a: Grumpig\n|-damage|p1a: Grumpig|101/297\n|move|p1a: Grumpig|Psychic|p2a: Plusle\n|-damage|p2a: Plusle|52/262\n|\n|-heal|p2a: Plusle|68/262|[from] item: Leftovers\n|-heal|p1a: Grumpig|119/297|[from] item: Leftovers\n|upkeep\n|turn|21\n|\n|t:|1768507708\n|move|p2a: Plusle|Thunderbolt|p1a: Grumpig\n|-damage|p1a: Grumpig|0 fnt\n|faint|p1a: Grumpig\n|\n|-heal|p2a: Plusle|84/262|[from] item: Leftovers\n|upkeep\n|\n|t:|1768507718\n|switch|p1a: Crobat|Crobat, L80, M|267/267\n|-damage|p1a: Crobat|201/267|[from] Stealth Rock\n|turn|22\n|\n|t:|1768507725\n|move|p1a: Crobat|Brave Bird|p2a: Plusle\n|-resisted|p2a: Plusle\n|-damage|p2a: Plusle|4/262\n|-damage|p1a: Crobat|175/267|[from] Recoil\n|move|p2a: Plusle|Thunderbolt|p1a: Crobat\n|-supereffective|p1a: Crobat\n|-damage|p1a: Crobat|0 fnt\n|faint|p1a: Crobat\n|\n|win|arboretums\n|raw|ShanKx's rating: 1520 &rarr; <strong>1503</strong><br />(-17 for losing)\n|raw|arboretums's rating: 1574 &rarr; <strong>1591</strong><br />(+17 for winning)\n", "inputlog": ">version 3bd1a1e329da8d286644078cfc9a9638fc7ea025\n>start {\"formatid\":\"gen6randombattle\",\"seed\":\"sodium,080fc003bb5fba44f9199d49c62d773d\",\"rated\":\"Rated battle\"}\n>player p1 {\"name\":\"ShanKx\",\"avatar\":\"bruno\",\"rating\":1520,\"seed\":\"sodium,c444f90af695da4e112ff4aa508ae5aa\"}\n>player p2 {\"name\":\"arboretums\",\"avatar\":\"serena-masters2\",\"rating\":1574,\"seed\":\"sodium,c6a292a0acb45937dbcac91071bcc2a9\"}\n>p1 move substitute\n>p2 move toxic\n>p1 move leechseed\n>p2 move icebeam\n>p1 switch 6\n>p2 switch 4\n>p1 move toxicspikes\n>p2 switch 6\n>p1 move toxicspikes\n>p2 move stealthrock\n>p1 move spikes\n>p2 move earthquake\n>p1 switch 6\n>p2 move stoneedge\n>p1 move gigadrain\n>p2 move stoneedge\n>p1 switch 5\n>p1 move dragondance\n>p2 move closecombat\n>p1 move waterfall\n>p2 switch 3\n>p1 move earthquake\n>p2 move toxic\n>p1 move waterfall\n>p2 switch 5\n>p2 switch 5\n>p1 move waterfall\n>p2 move surf\n>p1 switch 4\n>p2 switch 4\n>p1 move shellsmash\n>p2 move rapidspin\n>p1 move icebeam\n>p2 switch 6\n>p1 move icebeam\n>p2 move gigadrain\n>p2 switch 2\n>p1 move hydropump\n>p2 move thunderbolt\n>p1 switch 6\n>p1 move drainpunch\n>p2 move thunderbolt\n>p1 switch 2\n>p1 move psychic\n>p2 move nastyplot\n>p1 move psychic\n>p2 move thunderbolt\n>p1 move psychic\n>p2 move thunderbolt\n>p1 switch 3\n>p1 move bravebird\n>p2 move thunderbolt", "uploadtime": 1768507727, "views": 264, "formatid": "gen6randombattle", "rating": 1503, "private": 0, "password": null}