{"id": "gen6randombattle-2539178730", "format": "[Gen 6] Random Battle", "players": ["chisaki kai", "arboretums"], "log": "|j|☆chisaki kai\n|j|☆arboretums\n|t:|1771019743\n|gametype|singles\n|player|p1|chisaki kai|acetrainer-gen3|1543\n|player|p2|arboretums|serena-masters2|1614\n|gen|6\n|tier|[Gen 6] Random Battle\n|rated|\n|rule|Sleep Clause Mod: Limit one foe put to sleep\n|rule|HP Percentage Mod: HP is shown in percentages\n|rule|Illusion Level Mod: Illusion disguises the Pokémon's true level\n|\n|t:|1771019743\n|teamsize|p1|6\n|teamsize|p2|6\n|start\n|switch|p1a: Raikou|Raikou, L79|272/272\n|switch|p2a: Sharpedo|Sharpedo, L80, F|243/243\n|-ability|p1a: Raikou|Pressure\n|turn|1\n|inactive|Battle timer is ON: inactive players will automatically lose when time's up. (requested by arboretums)\n|\n|t:|1771019771\n|switch|p2a: Maractus|Maractus, L98, F|305/305\n|move|p1a: Raikou|Volt Switch|p2a: Maractus\n|-resisted|p2a: Maractus\n|-damage|p2a: Maractus|248/305\n|\n|t:|1771019775\n|switch|p1a: Qwilfish|Qwilfish, L84, F|246/246|[from] Volt Switch\n|-ability|p1a: Qwilfish|Intimidate|boost\n|-unboost|p2a: Maractus|atk|1\n|\n|-heal|p2a: Maractus|267/305|[from] item: Leftovers\n|upkeep\n|turn|2\n|\n|t:|1771019781\n|move|p1a: Qwilfish|Spikes|p2a: Maractus\n|-sidestart|p2: arboretums|Spikes\n|move|p2a: Maractus|Giga Drain|p1a: Qwilfish\n|-damage|p1a: Qwilfish|90/246\n|-heal|p2a: Maractus|305/305|[from] drain|[of] p1a: Qwilfish\n|\n|-heal|p1a: Qwilfish|105/246|[from] item: Black Sludge\n|upkeep\n|turn|3\n|\n|t:|1771019809\n|move|p1a: Qwilfish|Spikes|p2a: Maractus\n|-sidestart|p2: arboretums|Spikes\n|move|p2a: Maractus|Giga Drain|p1a: Qwilfish\n|-damage|p1a: Qwilfish|0 fnt\n|faint|p1a: Qwilfish\n|\n|upkeep\n|\n|t:|1771019819\n|switch|p1a: Pelipper|Pelipper, L91, F|257/257\n|turn|4\n|inactive|arboretums has 120 seconds left.\n|\n|t:|1771019851\n|move|p2a: Maractus|Giga Drain|p1a: Pelipper\n|-damage|p1a: Pelipper|131/257\n|move|p1a: Pelipper|Hurricane|p2a: Maractus\n|-supereffective|p2a: Maractus\n|-damage|p2a: Maractus|47/305\n|\n|-heal|p2a: Maractus|66/305|[from] item: Leftovers\n|-heal|p1a: Pelipper|147/257|[from] item: Leftovers\n|upkeep\n|turn|5\n|\n|t:|1771019853\n|move|p2a: Maractus|Giga Drain|p1a: Pelipper\n|-damage|p1a: Pelipper|20/257\n|-heal|p2a: Maractus|130/305|[from] drain|[of] p1a: Pelipper\n|move|p1a: Pelipper|Hurricane|p2a: Maractus\n|-supereffective|p2a: Maractus\n|-damage|p2a: Maractus|0 fnt\n|faint|p2a: Maractus\n|\n|-heal|p1a: Pelipper|36/257|[from] item: Leftovers\n|upkeep\n|\n|t:|1771019858\n|switch|p2a: Sharpedo|Sharpedo, L80, F|243/243\n|-damage|p2a: Sharpedo|203/243|[from] Spikes\n|turn|6\n|inactive|chisaki kai has 120 seconds left.\n|\n|t:|1771019893\n|move|p2a: Sharpedo|Crunch|p1a: Pelipper\n|-damage|p1a: Pelipper|0 fnt\n|faint|p1a: Pelipper\n|\n|-ability|p2a: Sharpedo|Speed Boost|boost\n|-boost|p2a: Sharpedo|spe|1\n|upkeep\n|\n|t:|1771019896\n|switch|p1a: Shedinja|Shedinja, L95|1/1\n|turn|7\n|\n|t:|1771019902\n|switch|p2a: Stantler|Stantler, L90, F|278/278\n|-damage|p2a: Stantler|232/278|[from] Spikes\n|-ability|p2a: Stantler|Intimidate|boost\n|-unboost|p1a: Shedinja|atk|1\n|move|p1a: Shedinja|X-Scissor|p2a: Stantler\n|-crit|p2a: Stantler\n|-damage|p2a: Stantler|46/278\n|\n|upkeep\n|turn|8\n|\n|t:|1771019909\n|move|p2a: Stantler|Thunder Wave|p1a: Shedinja\n|-status|p1a: Shedinja|par\n|move|p1a: Shedinja|Will-O-Wisp|p2a: Stantler\n|-status|p2a: Stantler|brn\n|\n|-damage|p2a: Stantler|12/278 brn|[from] brn\n|upkeep\n|turn|9\n|\n|t:|1771019920\n|switch|p1a: Delcatty|Delcatty, F|302/302\n|move|p2a: Stantler|Sucker Punch||[still]\n|-fail|p2a: Stantler\n|\n|-damage|p2a: Stantler|0 fnt|[from] brn\n|faint|p2a: Stantler\n|upkeep\n|\n|t:|1771019926\n|switch|p2a: Primeape|Primeape, L87, M|255/255\n|-damage|p2a: Primeape|213/255|[from] Spikes\n|turn|10\n|\n|t:|1771019933\n|move|p1a: Delcatty|Fake Out|p2a: Primeape\n|-damage|p2a: Primeape|149/255\n|cant|p2a: Primeape|flinch\n|\n|upkeep\n|turn|11\n|\n|t:|1771019940\n|move|p2a: Primeape|Stone Edge|p1a: Delcatty\n|-damage|p1a: Delcatty|186/302\n|move|p1a: Delcatty|Heal Bell|p1a: Delcatty\n|-activate|p1a: Delcatty|move: Heal Bell\n|-curestatus|p1: Shedinja|par|[msg]\n|\n|upkeep\n|turn|12\n|\n|t:|1771019945\n|move|p2a: Primeape|Stone Edge|p1a: Delcatty\n|-damage|p1a: Delcatty|54/302\n|move|p1a: Delcatty|Double-Edge|p2a: Primeape\n|-damage|p2a: Primeape|0 fnt\n|faint|p2a: Primeape\n|-damage|p1a: Delcatty|5/302|[from] Recoil\n|\n|upkeep\n|\n|t:|1771019959\n|switch|p2a: Sharpedo|Sharpedo, L80, F|203/243\n|-damage|p2a: Sharpedo|163/243|[from] Spikes\n|turn|13\n|\n|t:|1771019963\n|move|p2a: Sharpedo|Crunch|p1a: Delcatty\n|-damage|p1a: Delcatty|0 fnt\n|faint|p1a: Delcatty\n|\n|-ability|p2a: Sharpedo|Speed Boost|boost\n|-boost|p2a: Sharpedo|spe|1\n|upkeep\n|\n|t:|1771019967\n|switch|p1a: Shedinja|Shedinja, L95|1/1\n|turn|14\n|\n|t:|1771019969\n|switch|p2a: Torkoal|Torkoal, L88, F|266/266\n|-damage|p2a: Torkoal|222/266|[from] Spikes\n|move|p1a: Shedinja|X-Scissor|p2a: Torkoal\n|-resisted|p2a: Torkoal\n|-damage|p2a: Torkoal|188/266\n|\n|-heal|p2a: Torkoal|204/266|[from] item: Leftovers\n|upkeep\n|turn|15\n|inactive|chisaki kai has 120 seconds left.\n|\n|t:|1771020003\n|switch|p1a: Raikou|Raikou, L79|272/272\n|-ability|p1a: Raikou|Pressure\n|move|p2a: Torkoal|Stealth Rock|p1a: Raikou\n|-sidestart|p1: chisaki kai|move: Stealth Rock\n|\n|-heal|p2a: Torkoal|220/266|[from] item: Leftovers\n|upkeep\n|turn|16\n|\n|t:|1771020013\n|move|p1a: Raikou|Thunderbolt|p2a: Torkoal\n|-damage|p2a: Torkoal|51/266\n|move|p2a: Torkoal|Earthquake|p1a: Raikou\n|-supereffective|p1a: Raikou\n|-damage|p1a: Raikou|106/272\n|\n|-heal|p2a: Torkoal|67/266|[from] item: Leftovers\n|upkeep\n|turn|17\n|\n|t:|1771020018\n|move|p1a: Raikou|Thunderbolt|p2a: Torkoal\n|-damage|p2a: Torkoal|0 fnt\n|faint|p2a: Torkoal\n|\n|upkeep\n|\n|t:|1771020028\n|switch|p2a: Sharpedo|Sharpedo, L80, F|163/243\n|-damage|p2a: Sharpedo|123/243|[from] Spikes\n|turn|18\n|\n|t:|1771020036\n|move|p2a: Sharpedo|Protect|p2a: Sharpedo\n|-singleturn|p2a: Sharpedo|Protect\n|move|p1a: Raikou|Thunderbolt|p2a: Sharpedo\n|-activate|p2a: Sharpedo|move: Protect\n|\n|-ability|p2a: Sharpedo|Speed Boost|boost\n|-boost|p2a: Sharpedo|spe|1\n|upkeep\n|turn|19\n|\n|t:|1771020041\n|switch|p1a: Shedinja|Shedinja, L95|1/1\n|-damage|p1a: Shedinja|0 fnt|[from] Stealth Rock\n|faint|p1a: Shedinja\n|detailschange|p2a: Sharpedo|Sharpedo-Mega, L80, F\n|-mega|p2a: Sharpedo|Sharpedo|Sharpedonite\n|move|p2a: Sharpedo|Crunch|p1: Shedinja|[notarget]\n|-fail|p2a: Sharpedo\n|\n|upkeep\n|\n|t:|1771020042\n|switch|p1a: Crustle|Crustle, L82, F|249/249\n|-damage|p1a: Crustle|187/249|[from] Stealth Rock\n|turn|20\n|\n|t:|1771020045\n|move|p2a: Sharpedo|Waterfall|p1a: Crustle\n|-supereffective|p1a: Crustle\n|-damage|p1a: Crustle|31/249\n|move|p1a: Crustle|Stone Edge|p2a: Sharpedo\n|-damage|p2a: Sharpedo|5/243\n|\n|upkeep\n|turn|21\n|\n|t:|1771020069\n|move|p2a: Sharpedo|Waterfall|p1a: Crustle\n|-supereffective|p1a: Crustle\n|-damage|p1a: Crustle|0 fnt\n|faint|p1a: Crustle\n|\n|upkeep\n|\n|t:|1771020071\n|switch|p1a: Raikou|Raikou, L79|106/272\n|-damage|p1a: Raikou|72/272|[from] Stealth Rock\n|-ability|p1a: Raikou|Pressure\n|turn|22\n|\n|t:|1771020076\n|move|p2a: Sharpedo|Waterfall|p1a: Raikou\n|-damage|p1a: Raikou|0 fnt\n|faint|p1a: Raikou\n|\n|win|arboretums\n|raw|chisaki kai's rating: 1543 &rarr; <strong>1527</strong><br />(-16 for losing)\n|raw|arboretums's rating: 1614 &rarr; <strong>1630</strong><br />(+16 for winning)\n", "inputlog": ">version ccdc32dd7cde25fd9e4bed64820e885f66e78a4e\n>start {\"formatid\":\"gen6randombattle\",\"seed\":\"sodium,b7cee39cc53e8fbf886fb69b851e688d\",\"rated\":\"Rated battle\"}\n>player p1 {\"name\":\"chisaki kai\",\"avatar\":\"acetrainer-gen3\",\"rating\":1543,\"seed\":\"sodium,765bb4e9f9768a4900b5b1b62feb8823\"}\n>player p2 {\"name\":\"arboretums\",\"avatar\":\"serena-masters2\",\"rating\":1614,\"seed\":\"sodium,cb28de403bef3e670d94e6694d9e4bd6\"}\n>p1 move voltswitch\n>p2 switch 5\n>p1 switch 6\n>p1 move spikes\n>p2 move gigadrain\n>p1 move spikes\n>p2 move gigadrain\n>p1 switch 4\n>p1 move hurricane\n>p2 move gigadrain\n>p1 move hurricane\n>p2 move gigadrain\n>p2 switch 5\n>p1 move hurricane\n>p2 move crunch\n>p1 switch 3\n>p1 move xscissor\n>p2 switch 4\n>p1 move willowisp\n>p2 move thunderwave\n>p1 switch 5\n>p2 move suckerpunch\n>p2 switch 2\n>p1 move fakeout\n>p2 move stoneedge\n>p1 move healbell\n>p2 move stoneedge\n>p1 move doubleedge\n>p2 move stoneedge\n>p2 switch 4\n>p1 move doubleedge\n>p2 move crunch\n>p1 switch 5\n>p1 move xscissor\n>p2 switch 6\n>p1 switch 6\n>p2 move stealthrock\n>p1 move thunderbolt\n>p2 move earthquake\n>p1 move thunderbolt\n>p2 move lavaplume\n>p2 switch 6\n>p1 move thunderbolt\n>p2 move protect\n>p1 switch 6\n>p2 move crunch mega\n>p1 switch 2\n>p1 move stoneedge\n>p2 move waterfall\n>p1 move stoneedge\n>p2 move waterfall\n>p1 switch 6\n>p1 move thunderbolt\n>p2 move waterfall", "uploadtime": 1771020077, "views": 181, "formatid": "gen6randombattle", "rating": 1527, "private": 0, "password": null}