{"id": "gen6randombattle-2522727364", "format": "[Gen 6] Random Battle", "players": ["EthanPR2", "arboretums"], "log": "|j|☆EthanPR2\n|j|☆arboretums\n|t:|1768938391\n|gametype|singles\n|player|p1|EthanPR2|2|1478\n|player|p2|arboretums|serena-masters2|1600\n|gen|6\n|tier|[Gen 6] Random Battle\n|rated|\n|rule|Sleep Clause Mod: Limit one foe put to sleep\n|rule|HP Percentage Mod: HP is shown in percentages\n|rule|Illusion Level Mod: Illusion disguises the Pokémon's true level\n|\n|t:|1768938391\n|teamsize|p1|6\n|teamsize|p2|6\n|start\n|switch|p1a: Genesect|Genesect, L72|221/221\n|switch|p2a: Weezing|Weezing, L86, F|252/252\n|-ability|p1a: Genesect|Download|boost\n|-boost|p1a: Genesect|spa|1\n|turn|1\n|inactive|Battle timer is ON: inactive players will automatically lose when time's up. (requested by EthanPR2)\n|\n|t:|1768938409\n|switch|p1a: Espeon|Espeon, L81, F|238/238\n|move|p2a: Weezing|Fire Blast|p1a: Espeon\n|-damage|p1a: Espeon|163/238\n|\n|upkeep\n|turn|2\n|\n|t:|1768938427\n|switch|p2a: Jynx|Jynx, L86, F|251/251\n|move|p1a: Espeon|Morning Sun|p1a: Espeon\n|-heal|p1a: Espeon|238/238\n|\n|upkeep\n|turn|3\n|\n|t:|1768938433\n|move|p2a: Jynx|Trick|p1a: Espeon\n|-activate|p2a: Jynx|move: Trick|[of] p1a: Espeon\n|-item|p1a: Espeon|Choice Scarf|[from] move: Trick\n|-item|p2a: Jynx|Life Orb|[from] move: Trick\n|move|p1a: Espeon|Shadow Ball|p2a: Jynx\n|-supereffective|p2a: Jynx\n|-damage|p2a: Jynx|121/251\n|\n|upkeep\n|turn|4\n|\n|t:|1768938437\n|switch|p2a: Porygon-Z|Porygon-Z, L82|274/274\n|move|p1a: Espeon|Shadow Ball|p2a: Porygon-Z\n|-immune|p2a: Porygon-Z\n|\n|upkeep\n|turn|5\n|\n|t:|1768938446\n|switch|p1a: Reuniclus|Reuniclus, L85, F|326/326\n|move|p2a: Porygon-Z|Tri Attack|p1a: Reuniclus\n|-damage|p1a: Reuniclus|192/326\n|\n|upkeep\n|turn|6\n|\n|t:|1768938458\n|move|p2a: Porygon-Z|Tri Attack|p1a: Reuniclus\n|-damage|p1a: Reuniclus|46/326\n|move|p1a: Reuniclus|Focus Blast|p2a: Porygon-Z\n|-supereffective|p2a: Porygon-Z\n|-damage|p2a: Porygon-Z|0 fnt\n|faint|p2a: Porygon-Z\n|\n|upkeep\n|\n|t:|1768938463\n|switch|p2a: Jynx|Jynx, L86, F|121/251\n|turn|7\n|\n|t:|1768938478\n|move|p2a: Jynx|Ice Beam|p1a: Reuniclus\n|-damage|p1a: Reuniclus|0 fnt\n|faint|p1a: Reuniclus\n|-damage|p2a: Jynx|96/251|[from] item: Life Orb\n|\n|upkeep\n|\n|t:|1768938481\n|switch|p1a: Mismagius|Mismagius, L85, M|241/241\n|turn|8\n|\n|t:|1768938487\n|move|p1a: Mismagius|Shadow Ball|p2a: Jynx\n|-supereffective|p2a: Jynx\n|-damage|p2a: Jynx|0 fnt\n|faint|p2a: Jynx\n|-damage|p1a: Mismagius|217/241|[from] item: Life Orb\n|\n|upkeep\n|\n|t:|1768938501\n|switch|p2a: Magmortar|Magmortar, L86, F|269/269\n|turn|9\n|\n|t:|1768938506\n|move|p1a: Mismagius|Nasty Plot|p1a: Mismagius\n|-boost|p1a: Mismagius|spa|2\n|move|p2a: Magmortar|Fire Blast|p1a: Mismagius\n|-damage|p1a: Mismagius|82/241\n|\n|upkeep\n|turn|10\n|\n|t:|1768938511\n|move|p1a: Mismagius|Shadow Ball|p2a: Magmortar\n|-damage|p2a: Magmortar|127/269\n|-unboost|p2a: Magmortar|spd|1\n|-damage|p1a: Mismagius|58/241|[from] item: Life Orb\n|move|p2a: Magmortar|Fire Blast|p1a: Mismagius\n|-damage|p1a: Mismagius|0 fnt\n|faint|p1a: Mismagius\n|\n|upkeep\n|\n|t:|1768938519\n|switch|p1a: Espeon|Espeon, L81, F|238/238\n|turn|11\n|\n|t:|1768938524\n|switch|p2a: Metagross|Metagross, L74|240/240\n|move|p1a: Espeon|Psyshock|p2a: Metagross\n|-resisted|p2a: Metagross\n|-damage|p2a: Metagross|220/240\n|\n|upkeep\n|turn|12\n|\n|t:|1768938529\n|switch|p1a: Gligar|Gligar, L82, M|241/241\n|detailschange|p2a: Metagross|Metagross-Mega, L74\n|-mega|p2a: Metagross|Metagross|Metagrossite\n|move|p2a: Metagross|Agility|p2a: Metagross\n|-boost|p2a: Metagross|spe|2\n|\n|upkeep\n|turn|13\n|\n|t:|1768938534\n|move|p2a: Metagross|Meteor Mash|p1a: Gligar\n|-damage|p1a: Gligar|156/241\n|-boost|p2a: Metagross|atk|1\n|move|p1a: Gligar|Earthquake|p2a: Metagross\n|-supereffective|p2a: Metagross\n|-damage|p2a: Metagross|88/240\n|\n|upkeep\n|turn|14\n|\n|t:|1768938540\n|move|p2a: Metagross|Zen Headbutt|p1a: Gligar\n|-damage|p1a: Gligar|51/241\n|move|p1a: Gligar|Earthquake|p2a: Metagross\n|-supereffective|p2a: Metagross\n|-damage|p2a: Metagross|0 fnt\n|faint|p2a: Metagross\n|detailschange|p2: Metagross|Metagross, L74|[silent]\n|\n|upkeep\n|\n|t:|1768938544\n|switch|p2a: Swanna|Swanna, L85, M|266/266\n|turn|15\n|\n|t:|1768938550\n|switch|p1a: Espeon|Espeon, L81, F|238/238\n|move|p2a: Swanna|Scald|p1a: Espeon\n|-damage|p1a: Espeon|156/238\n|\n|upkeep\n|turn|16\n|\n|t:|1768938557\n|move|p1a: Espeon|Psyshock|p2a: Swanna\n|-damage|p2a: Swanna|139/266\n|move|p2a: Swanna|Brave Bird|p1a: Espeon\n|-damage|p1a: Espeon|0 fnt\n|faint|p1a: Espeon\n|-damage|p2a: Swanna|88/266|[from] Recoil\n|\n|-heal|p2a: Swanna|104/266|[from] item: Leftovers\n|upkeep\n|\n|t:|1768938574\n|switch|p1a: Genesect|Genesect, L72|221/221\n|-ability|p1a: Genesect|Download|boost\n|-boost|p1a: Genesect|spa|1\n|turn|17\n|\n|t:|1768938584\n|switch|p2a: Weezing|Weezing, L86, F|252/252\n|move|p1a: Genesect|Thunderbolt|p2a: Weezing\n|-damage|p2a: Weezing|126/252\n|-damage|p1a: Genesect|199/221|[from] item: Life Orb\n|\n|-heal|p2a: Weezing|141/252|[from] item: Black Sludge\n|upkeep\n|turn|18\n|\n|t:|1768938589\n|move|p1a: Genesect|Thunderbolt|p2a: Weezing\n|-damage|p2a: Weezing|10/252\n|-status|p2a: Weezing|par\n|-damage|p1a: Genesect|177/221|[from] item: Life Orb\n|move|p2a: Weezing|Pain Split|p1a: Genesect\n|-sethp|p1a: Genesect|93/221|[from] move: Pain Split|[silent]\n|-sethp|p2a: Weezing|93/252 par|[from] move: Pain Split\n|\n|-heal|p2a: Weezing|108/252 par|[from] item: Black Sludge\n|upkeep\n|turn|19\n|\n|t:|1768938600\n|move|p1a: Genesect|Thunderbolt|p2a: Weezing\n|-damage|p2a: Weezing|0 fnt\n|faint|p2a: Weezing\n|-damage|p1a: Genesect|71/221|[from] item: Life Orb\n|\n|upkeep\n|\n|t:|1768938605\n|switch|p2a: Magmortar|Magmortar, L86, F|127/269\n|turn|20\n|\n|t:|1768938619\n|move|p2a: Magmortar|Earthquake|p1a: Genesect\n|-damage|p1a: Genesect|0 fnt\n|faint|p1a: Genesect\n|\n|upkeep\n|\n|t:|1768938622\n|switch|p1a: Gligar|Gligar, L82, M|51/241\n|turn|21\n|\n|t:|1768938623\n|move|p2a: Magmortar|Hidden Power|p1a: Gligar\n|-supereffective|p1a: Gligar\n|-damage|p1a: Gligar|0 fnt\n|faint|p1a: Gligar\n|\n|upkeep\n|\n|t:|1768938626\n|switch|p1a: Barbaracle|Barbaracle, L82, F|252/252\n|turn|22\n|\n|t:|1768938631\n|move|p2a: Magmortar|Thunderbolt|p1a: Barbaracle\n|-supereffective|p1a: Barbaracle\n|-damage|p1a: Barbaracle|86/252\n|move|p1a: Barbaracle|Shell Smash|p1a: Barbaracle\n|-unboost|p1a: Barbaracle|def|1\n|-unboost|p1a: Barbaracle|spd|1\n|-boost|p1a: Barbaracle|atk|2\n|-boost|p1a: Barbaracle|spa|2\n|-boost|p1a: Barbaracle|spe|2\n|-enditem|p1a: Barbaracle|White Herb\n|-clearnegativeboost|p1a: Barbaracle|[silent]\n|\n|upkeep\n|turn|23\n|\n|t:|1768938640\n|move|p1a: Barbaracle|Razor Shell|p2a: Magmortar\n|-supereffective|p2a: Magmortar\n|-damage|p2a: Magmortar|0 fnt\n|-status|p1a: Barbaracle|brn|[from] ability: Flame Body|[of] p2a: Magmortar\n|faint|p2a: Magmortar\n|\n|-damage|p1a: Barbaracle|55/252 brn|[from] brn\n|upkeep\n|\n|t:|1768938643\n|switch|p2a: Swanna|Swanna, L85, M|104/266\n|turn|24\n|\n|t:|1768938648\n|move|p1a: Barbaracle|Stone Edge|p2a: Swanna\n|-supereffective|p2a: Swanna\n|-damage|p2a: Swanna|0 fnt\n|faint|p2a: Swanna\n|\n|win|EthanPR2\n|raw|EthanPR2's rating: 1478 &rarr; <strong>1505</strong><br />(+27 for winning)\n|raw|arboretums's rating: 1600 &rarr; <strong>1573</strong><br />(-27 for losing)\n", "inputlog": ">version 3bd1a1e329da8d286644078cfc9a9638fc7ea025\n>start {\"formatid\":\"gen6randombattle\",\"seed\":\"sodium,fd140f85b968ac91bc55619788361bdb\",\"rated\":\"Rated battle\"}\n>player p1 {\"name\":\"EthanPR2\",\"avatar\":\"2\",\"rating\":1478,\"seed\":\"sodium,39d9f6e596f5a98e66e621cc0ed2c39a\"}\n>player p2 {\"name\":\"arboretums\",\"avatar\":\"serena-masters2\",\"rating\":1600,\"seed\":\"sodium,ffbd0c555d8f44935a51a3c92ab2ba3f\"}\n>p1 switch 3\n>p2 move fireblast\n>p1 move morningsun\n>p2 switch 6\n>p1 move shadowball\n>p2 move trick\n>p1 move shadowball\n>p2 switch 2\n>p1 switch 4\n>p2 move triattack\n>p1 move focusblast\n>p2 move triattack\n>p2 switch 2\n>p1 move recover\n>p2 move icebeam\n>p1 switch 5\n>p1 move shadowball\n>p2 move psyshock\n>p2 switch 4\n>p1 move nastyplot\n>p2 move fireblast\n>p1 move shadowball\n>p2 move fireblast\n>p1 switch 4\n>p1 move psyshock\n>p2 switch 3\n>p1 switch 2\n>p2 move agility mega\n>p1 move earthquake\n>p2 move meteormash\n>p1 move earthquake\n>p2 move zenheadbutt\n>p2 switch 5\n>p1 switch 2\n>p2 move scald\n>p1 move psyshock\n>p2 move bravebird\n>p1 switch 3\n>p1 move thunderbolt\n>p2 switch 6\n>p1 move thunderbolt\n>p2 move painsplit\n>p1 move thunderbolt\n>p2 move toxicspikes\n>p2 switch 3\n>p1 move thunderbolt\n>p2 move earthquake\n>p1 switch 2\n>p1 move roost\n>p2 move hiddenpower\n>p1 switch 6\n>p1 move shellsmash\n>p2 move thunderbolt\n>p1 move razorshell\n>p2 move thunderbolt\n>p2 switch 6\n>p1 move stoneedge\n>p2 move roost", "uploadtime": 1768938650, "views": 302, "formatid": "gen6randombattle", "rating": 1505, "private": 0, "password": null}