{"id": "gen6randombattle-2532694351", "format": "[Gen 6] Random Battle", "players": ["vanillamuffdawg", "Plop"], "log": "|j|‽vanillamuffdawg\n|j|☆Plop\n|t:|1770215601\n|gametype|singles\n|player|p1|vanillamuffdawg|pokemaniac|1579\n|player|p2|Plop|#rbtt9travelers|1839\n|gen|6\n|tier|[Gen 6] Random Battle\n|rated|\n|rule|Sleep Clause Mod: Limit one foe put to sleep\n|rule|HP Percentage Mod: HP is shown in percentages\n|rule|Illusion Level Mod: Illusion disguises the Pokémon's true level\n|\n|t:|1770215601\n|teamsize|p1|6\n|teamsize|p2|6\n|start\n|switch|p1a: Victreebel|Victreebel, L90, M|290/290\n|switch|p2a: Furret|Furret, L93, F|309/309\n|-item|p1a: Victreebel|Life Orb|[from] ability: Frisk|[of] p2a: Furret\n|turn|1\n|\n|t:|1770215624\n|move|p2a: Furret|U-turn|p1a: Victreebel\n|-damage|p1a: Victreebel|196/290\n|\n|t:|1770215629\n|switch|p2a: Gligar|Gligar, L82, F|241/241|[from] U-turn\n|move|p1a: Victreebel|Power Whip|p2a: Gligar\n|-damage|p2a: Gligar|123/241\n|-damage|p1a: Victreebel|167/290|[from] item: Life Orb\n|\n|upkeep\n|turn|2\n|inactive|Battle timer is ON: inactive players will automatically lose when time's up. (requested by Plop)\n|inactive|vanillamuffdawg has 120 seconds left.\n|\n|t:|1770215681\n|move|p2a: Gligar|Stealth Rock|p1a: Victreebel\n|-sidestart|p1: vanillamuffdawg|move: Stealth Rock\n|move|p1a: Victreebel|Sleep Powder|p2a: Gligar\n|-status|p2a: Gligar|slp|[from] move: Sleep Powder\n|\n|upkeep\n|turn|3\n|\n|t:|1770215696\n|switch|p1a: Klefki|Klefki, L79, F|220/220\n|-damage|p1a: Klefki|207/220|[from] Stealth Rock\n|cant|p2a: Gligar|slp\n|\n|-heal|p1a: Klefki|220/220|[from] item: Leftovers\n|upkeep\n|turn|4\n|\n|t:|1770215711\n|switch|p2a: Starmie|Starmie, L82|233/233\n|move|p1a: Klefki|Spikes|p2a: Starmie\n|-sidestart|p2: Plop|Spikes\n|\n|upkeep\n|turn|5\n|\n|t:|1770215727\n|switch|p1a: Jolteon|Jolteon, L80, M|235/235\n|-damage|p1a: Jolteon|206/235|[from] Stealth Rock\n|move|p2a: Starmie|Rapid Spin|p1a: Jolteon\n|-damage|p1a: Jolteon|193/235\n|-sideend|p2: Plop|Spikes|[from] move: Rapid Spin|[of] p2a: Starmie\n|\n|upkeep\n|turn|6\n|\n|t:|1770215742\n|switch|p2a: Camerupt|Camerupt, L86, M|261/261\n|move|p1a: Jolteon|Hidden Power|p2a: Camerupt\n|-damage|p2a: Camerupt|190/261\n|\n|upkeep\n|turn|7\n|\n|t:|1770215752\n|switch|p1a: Diancie|Diancie, L81|214/214\n|-damage|p1a: Diancie|188/214|[from] Stealth Rock\n|detailschange|p2a: Camerupt|Camerupt-Mega, L86, M\n|-mega|p2a: Camerupt|Camerupt|Cameruptite\n|move|p2a: Camerupt|Fire Blast|p1a: Diancie\n|-resisted|p1a: Diancie\n|-damage|p1a: Diancie|112/214\n|\n|-heal|p1a: Diancie|125/214|[from] item: Leftovers\n|upkeep\n|turn|8\n|\n|t:|1770215781\n|move|p1a: Diancie|Diamond Storm|p2a: Camerupt\n|-damage|p2a: Camerupt|100/261\n|move|p2a: Camerupt|Earth Power|p1a: Diancie\n|-supereffective|p1a: Diancie\n|-damage|p1a: Diancie|0 fnt\n|faint|p1a: Diancie\n|\n|upkeep\n|inactive|vanillamuffdawg has 120 seconds left.\n|\n|t:|1770215808\n|switch|p1a: Kyogre|Kyogre, L71|259/259\n|-damage|p1a: Kyogre|227/259|[from] Stealth Rock\n|detailschange|p1a: Kyogre|Kyogre-Primal, L71\n|-primal|p1a: Kyogre|Blue Orb\n|-weather|PrimordialSea|[from] ability: Primordial Sea|[of] p1a: Kyogre\n|turn|9\n|inactive|Plop has 120 seconds left.\n|\n|t:|1770215843\n|switch|p2a: Gligar|Gligar, L82, F|123/241 slp\n|move|p1a: Kyogre|Scald|p2a: Gligar\n|-supereffective|p2a: Gligar\n|-damage|p2a: Gligar|0 fnt\n|faint|p2a: Gligar\n|\n|-weather|PrimordialSea|[upkeep]\n|upkeep\n|n|☆vanillamuffdawg|vanillamuffdawg\n|\n|t:|1770215858\n|switch|p2a: Furret|Furret, L93, F|309/309\n|-item|p1a: Kyogre|Blue Orb|[from] ability: Frisk|[of] p2a: Furret\n|turn|10\n|c|☆vanillamuffdawg|sprite is sick\n|\n|t:|1770215867\n|-weather|none\n|switch|p1a: Klefki|Klefki, L79, F|220/220\n|-damage|p1a: Klefki|207/220|[from] Stealth Rock\n|move|p2a: Furret|Double-Edge|p1a: Klefki\n|-resisted|p1a: Klefki\n|-damage|p1a: Klefki|107/220\n|-damage|p2a: Furret|276/309|[from] Recoil\n|\n|-heal|p1a: Klefki|120/220|[from] item: Leftovers\n|upkeep\n|turn|11\n|c|☆Plop|ty\n|inactive|Plop has 120 seconds left.\n|\n|t:|1770215887\n|switch|p2a: Starmie|Starmie, L82|233/233\n|move|p1a: Klefki|Thunder Wave|p2a: Starmie\n|-status|p2a: Starmie|par\n|\n|-heal|p1a: Klefki|133/220|[from] item: Leftovers\n|upkeep\n|turn|12\n|inactive|Plop has 120 seconds left.\n|\n|t:|1770215896\n|move|p1a: Klefki|Spikes|p2a: Starmie\n|-sidestart|p2: Plop|Spikes\n|cant|p2a: Starmie|par\n|\n|-heal|p1a: Klefki|146/220|[from] item: Leftovers\n|upkeep\n|turn|13\n|j| pizzadelivery17\n|\n|t:|1770215901\n|switch|p1a: Jolteon|Jolteon, L80, M|193/235\n|-damage|p1a: Jolteon|164/235|[from] Stealth Rock\n|move|p2a: Starmie|Rapid Spin|p1a: Jolteon\n|-damage|p1a: Jolteon|150/235\n|-sideend|p2: Plop|Spikes|[from] move: Rapid Spin|[of] p2a: Starmie\n|\n|upkeep\n|turn|14\n|\n|t:|1770215915\n|switch|p1a: Victreebel|Victreebel, L90, M|167/290\n|-damage|p1a: Victreebel|131/290|[from] Stealth Rock\n|-curestatus|p2a: Starmie|par|[from] ability: Natural Cure\n|switch|p2a: Camerupt|Camerupt-Mega, L86, M|100/261\n|\n|upkeep\n|turn|15\n|inactive|Plop has 120 seconds left.\n|inactive|Plop has 90 seconds left.\n|\n|t:|1770215980\n|switch|p2a: Gothitelle|Gothitelle, L89, M|269/269\n|move|p1a: Victreebel|Power Whip|p2a: Gothitelle|[miss]\n|-miss|p1a: Victreebel|p2a: Gothitelle\n|\n|upkeep\n|turn|16\n|inactive|vanillamuffdawg has 120 seconds left.\n|\n|t:|1770216029\n|move|p1a: Victreebel|Sucker Punch|p2a: Gothitelle\n|-supereffective|p2a: Gothitelle\n|-damage|p2a: Gothitelle|116/269\n|-damage|p1a: Victreebel|102/290|[from] item: Life Orb\n|move|p2a: Gothitelle|Psychic|p1a: Victreebel\n|-supereffective|p1a: Victreebel\n|-damage|p1a: Victreebel|0 fnt\n|faint|p1a: Victreebel\n|\n|upkeep\n|c|☆Plop|ah rip\n|c|☆Plop|extra bad miss then\n|inactive|vanillamuffdawg has 90 seconds left.\n|c|☆vanillamuffdawg|ye\n|c|☆vanillamuffdawg|might be jove\n|inactive|vanillamuffdawg has 60 seconds left.\n|\n|t:|1770216101\n|switch|p1a: Klefki|Klefki, L79, F|146/220\n|-damage|p1a: Klefki|133/220|[from] Stealth Rock\n|turn|17\n|\n|t:|1770216111\n|switch|p2a: Starmie|Starmie, L82|233/233\n|move|p1a: Klefki|Thunder Wave|p2a: Starmie\n|-status|p2a: Starmie|par\n|\n|-heal|p1a: Klefki|146/220|[from] item: Leftovers\n|upkeep\n|turn|18\n|\n|t:|1770216115\n|move|p1a: Klefki|Play Rough|p2a: Starmie\n|-damage|p2a: Starmie|160/233 par\n|move|p2a: Starmie|Scald|p1a: Klefki\n|-damage|p1a: Klefki|65/220\n|\n|-heal|p1a: Klefki|78/220|[from] item: Leftovers\n|-heal|p2a: Starmie|174/233 par|[from] item: Leftovers\n|upkeep\n|turn|19\n|inactive|vanillamuffdawg has 60 seconds left.\n|\n|t:|1770216124\n|move|p1a: Klefki|Play Rough|p2a: Starmie|[miss]\n|-miss|p1a: Klefki|p2a: Starmie\n|move|p2a: Starmie|Scald|p1a: Klefki\n|-damage|p1a: Klefki|0 fnt\n|faint|p1a: Klefki\n|\n|-heal|p2a: Starmie|188/233 par|[from] item: Leftovers\n|upkeep\n|\n|t:|1770216126\n|switch|p1a: Jolteon|Jolteon, L80, M|150/235\n|-damage|p1a: Jolteon|121/235|[from] Stealth Rock\n|turn|20\n|inactive|Plop has 120 seconds left.\n|\n|t:|1770216148\n|-curestatus|p2a: Starmie|par|[from] ability: Natural Cure\n|switch|p2a: Camerupt|Camerupt-Mega, L86, M|100/261\n|move|p1a: Jolteon|Volt Switch|p2a: Camerupt\n|-immune|p2a: Camerupt\n|\n|upkeep\n|turn|21\n|inactive|Plop has 120 seconds left.\n|\n|t:|1770216153\n|switch|p1a: Kyogre|Kyogre-Primal, L71|227/259\n|-damage|p1a: Kyogre|195/259|[from] Stealth Rock\n|-weather|PrimordialSea|[from] ability: Primordial Sea|[of] p1a: Kyogre\n|move|p2a: Camerupt|Earth Power|p1a: Kyogre\n|-crit|p1a: Kyogre\n|-damage|p1a: Kyogre|15/259\n|\n|-weather|PrimordialSea|[upkeep]\n|upkeep\n|turn|22\n|inactive|Plop has 120 seconds left.\n|\n|t:|1770216176\n|switch|p2a: Furret|Furret, L93, F|276/309\n|-item|p1a: Kyogre|Blue Orb|[from] ability: Frisk|[of] p2a: Furret\n|move|p1a: Kyogre|Rest|p1a: Kyogre\n|-status|p1a: Kyogre|slp|[from] move: Rest\n|-heal|p1a: Kyogre|259/259 slp|[silent]\n|\n|-weather|PrimordialSea|[upkeep]\n|upkeep\n|turn|23\n|\n|t:|1770216182\n|move|p2a: Furret|Double-Edge|p1a: Kyogre\n|-damage|p1a: Kyogre|21/259 slp\n|-damage|p2a: Furret|197/309|[from] Recoil\n|cant|p1a: Kyogre|slp\n|move|p1a: Kyogre|Sleep Talk|p1a: Kyogre\n|move|p1a: Kyogre|Scald|p2a: Furret|[from] move: Sleep Talk\n|-damage|p2a: Furret|19/309\n|-status|p2a: Furret|brn\n|\n|-weather|PrimordialSea|[upkeep]\n|-damage|p2a: Furret|0 fnt|[from] brn\n|faint|p2a: Furret\n|upkeep\n|\n|t:|1770216195\n|switch|p2a: Manaphy|Manaphy, L76|277/277\n|turn|24\n|inactive|vanillamuffdawg has 90 seconds left.\n|\n|t:|1770216222\n|move|p2a: Manaphy|Surf|p1a: Kyogre\n|-resisted|p1a: Kyogre\n|-damage|p1a: Kyogre|0 fnt\n|faint|p1a: Kyogre\n|-weather|none\n|detailschange|p1: Kyogre|Kyogre, L71|[silent]\n|\n|upkeep\n|\n|t:|1770216223\n|switch|p1a: Jolteon|Jolteon, L80, M|121/235\n|-damage|p1a: Jolteon|92/235|[from] Stealth Rock\n|turn|25\n|inactive|Plop has 120 seconds left.\n|\n|t:|1770216234\n|move|p1a: Jolteon|Thunderbolt|p2a: Manaphy\n|-supereffective|p2a: Manaphy\n|-damage|p2a: Manaphy|0 fnt\n|faint|p2a: Manaphy\n|\n|upkeep\n|\n|t:|1770216236\n|switch|p2a: Camerupt|Camerupt-Mega, L86, M|100/261\n|turn|26\n|\n|t:|1770216248\n|move|p1a: Jolteon|Thunderbolt|p2a: Camerupt\n|-immune|p2a: Camerupt\n|move|p2a: Camerupt|Earth Power|p1a: Jolteon\n|-supereffective|p1a: Jolteon\n|-damage|p1a: Jolteon|0 fnt\n|faint|p1a: Jolteon\n|\n|upkeep\n|\n|t:|1770216249\n|switch|p1a: Lopunny|Lopunny, L76, M|223/223\n|-damage|p1a: Lopunny|196/223|[from] Stealth Rock\n|turn|27\n|inactive|Plop has 120 seconds left.\n|c|☆vanillamuffdawg|gg\n|c|☆vanillamuffdawg|scarf right\n|inactive|Plop has 90 seconds left.\n|\n|t:|1770216312\n|detailschange|p1a: Lopunny|Lopunny-Mega, L76, M\n|-mega|p1a: Lopunny|Lopunny|Lopunnite\n|move|p1a: Lopunny|Fake Out|p2a: Camerupt\n|-damage|p2a: Camerupt|55/261\n|cant|p2a: Camerupt|flinch\n|\n|upkeep\n|turn|28\n|\n|t:|1770216316\n|move|p1a: Lopunny|Return|p2a: Camerupt\n|-damage|p2a: Camerupt|0 fnt\n|faint|p2a: Camerupt\n|detailschange|p2: Camerupt|Camerupt, L86, M|[silent]\n|\n|upkeep\n|inactive|Plop has 90 seconds left.\n|\n|t:|1770216331\n|switch|p2a: Gothitelle|Gothitelle, L89, M|116/269\n|turn|29\n|\n|t:|1770216339\n|move|p1a: Lopunny|Return|p2a: Gothitelle\n|-damage|p2a: Gothitelle|13/269\n|move|p2a: Gothitelle|Psychic|p1a: Lopunny\n|-supereffective|p1a: Lopunny\n|-damage|p1a: Lopunny|0 fnt\n|faint|p1a: Lopunny\n|detailschange|p1: Lopunny|Lopunny, L76, M|[silent]\n|\n|win|Plop\n|raw|vanillamuffdawg's rating: 1579 &rarr; <strong>1572</strong><br />(-7 for losing)\n|raw|Plop's rating: 1839 &rarr; <strong>1846</strong><br />(+7 for winning)\n|c|☆Plop|gg\n|c|☆Plop|speed tie ll\n|c|☆Plop|lol*\n", "inputlog": ">version ccdc32dd7cde25fd9e4bed64820e885f66e78a4e\n>start {\"formatid\":\"gen6randombattle\",\"seed\":\"sodium,d7739f87d95feb7a9c11a68da7741295\",\"rated\":\"Rated battle\"}\n>player p1 {\"name\":\"vanillamuffdawg\",\"avatar\":\"pokemaniac\",\"rating\":1579,\"seed\":\"sodium,5c111b662a84ccc3bfdb4c57c84ef407\"}\n>player p2 {\"name\":\"Plop\",\"avatar\":\"#rbtt9travelers\",\"rating\":1839,\"seed\":\"sodium,7130fac252f498debaefc2b8020119fa\"}\n>p1 move powerwhip\n>p2 move uturn\n>p2 switch 6\n>p1 move sleeppowder\n>p2 move stealthrock\n>p1 switch 5\n>p2 move roost\n>p1 move spikes\n>p2 switch 3\n>p1 switch 6\n>p2 move rapidspin\n>p1 move hiddenpower\n>p2 switch 2\n>p1 switch 3\n>p2 move fireblast mega\n>p1 move diamondstorm\n>p2 move earthpower\n>p1 switch 2\n>p1 move scald\n>p2 switch 3\n>p2 switch 6\n>chat ☆vanillamuffdawg|sprite is sick\n>p1 switch 6\n>p2 move doubleedge\n>chat ☆Plop|ty\n>p1 move thunderwave\n>p2 switch 2\n>p1 move spikes\n>p2 move scald\n>p1 switch 3\n>p2 move rapidspin\n>p1 switch 5\n>p2 switch 3\n>p1 move powerwhip\n>p2 switch 5\n>p1 move suckerpunch\n>p2 move psychic\n>chat ☆Plop|ah rip\n>chat ☆Plop|extra bad miss then\n>chat ☆vanillamuffdawg|ye\n>chat ☆vanillamuffdawg|might be jove\n>p1 switch 3\n>p1 move thunderwave\n>p2 switch 3\n>p1 move playrough\n>p2 move scald\n>p1 move playrough\n>p2 move scald\n>p1 switch 5\n>p1 move voltswitch\n>p2 switch 5\n>p1 switch 6\n>p2 move earthpower\n>p1 move rest\n>p2 switch 2\n>p1 move sleeptalk\n>p2 move doubleedge\n>p2 switch 4\n>p1 move sleeptalk\n>p2 move surf\n>p1 switch 6\n>p1 move thunderbolt\n>p2 move surf\n>p2 switch 2\n>p1 move thunderbolt\n>p2 move earthpower\n>p1 switch 4\n>chat ☆vanillamuffdawg|gg\n>chat ☆vanillamuffdawg|scarf right\n>p1 move fakeout mega\n>p2 move earthpower\n>p1 move return\n>p2 move earthpower\n>p2 switch 3\n>p1 move return\n>p2 move psychic", "uploadtime": 1770216349, "views": 240, "formatid": "gen6randombattle", "rating": 1572, "private": 0, "password": null}