{"id": "gen6randombattle-2532815533", "format": "[Gen 6] Random Battle", "players": ["camellogeneroso", "ledlitebulb"], "log": "|j|☆camellogeneroso\n|j|☆ledlitebulb\n|t:|1770227094\n|gametype|singles\n|player|p1|camellogeneroso|cynthia-gen4|1561\n|player|p2|ledlitebulb|serena-masters2|1505\n|gen|6\n|tier|[Gen 6] Random Battle\n|rated|\n|rule|Sleep Clause Mod: Limit one foe put to sleep\n|rule|HP Percentage Mod: HP is shown in percentages\n|rule|Illusion Level Mod: Illusion disguises the Pokémon's true level\n|\n|t:|1770227094\n|teamsize|p1|6\n|teamsize|p2|6\n|start\n|switch|p1a: Dunsparce|Dunsparce, L93, M|337/337\n|switch|p2a: Regirock|Regirock, L86|278/278\n|turn|1\n|inactive|Battle timer is ON: inactive players will automatically lose when time's up. (requested by ledlitebulb)\n|j| Yomamma777\n|j| readymatthew0129\n|l| readymatthew0129\n|c|☆ledlitebulb|dude holy shit\n|j| billy zubat\n|c|☆ledlitebulb|billy look at my fans\n|c| billy zubat|crazy work\n|inactive|camellogeneroso has 120 seconds left.\n|c| Yomamma777|So famous\n|\n|t:|1770227132\n|move|p1a: Dunsparce|Coil|p1a: Dunsparce\n|-boost|p1a: Dunsparce|atk|1\n|-boost|p1a: Dunsparce|def|1\n|-boost|p1a: Dunsparce|accuracy|1\n|move|p2a: Regirock|Toxic|p1a: Dunsparce\n|-status|p1a: Dunsparce|tox\n|\n|-damage|p1a: Dunsparce|316/337 tox|[from] psn\n|upkeep\n|turn|2\n|\n|t:|1770227142\n|switch|p2a: Gligar|Gligar, L82, F|241/241\n|move|p1a: Dunsparce|Earthquake|p2a: Gligar\n|-immune|p2a: Gligar\n|\n|-heal|p1a: Dunsparce|337/337 tox|[from] item: Leftovers\n|-damage|p1a: Dunsparce|295/337 tox|[from] psn\n|upkeep\n|turn|3\n|\n|t:|1770227155\n|switch|p2a: Regirock|Regirock, L86|278/278\n|move|p1a: Dunsparce|Body Slam|p2a: Regirock\n|-resisted|p2a: Regirock\n|-damage|p2a: Regirock|245/278\n|-status|p2a: Regirock|par\n|\n|-heal|p1a: Dunsparce|316/337 tox|[from] item: Leftovers\n|-heal|p2a: Regirock|262/278 par|[from] item: Leftovers\n|-damage|p1a: Dunsparce|253/337 tox|[from] psn\n|upkeep\n|turn|4\n|c| Yomamma777|So Billy how you doing\n|j| readymatthew0129\n|\n|t:|1770227176\n|move|p1a: Dunsparce|Roost|p1a: Dunsparce\n|-heal|p1a: Dunsparce|337/337 tox\n|-singleturn|p1a: Dunsparce|move: Roost\n|move|p2a: Regirock|Drain Punch|p1a: Dunsparce\n|-supereffective|p1a: Dunsparce\n|-damage|p1a: Dunsparce|255/337 tox\n|-heal|p2a: Regirock|278/278 par|[from] drain|[of] p1a: Dunsparce\n|\n|-heal|p1a: Dunsparce|276/337 tox|[from] item: Leftovers\n|-damage|p1a: Dunsparce|192/337 tox|[from] psn\n|upkeep\n|turn|5\n|\n|t:|1770227193\n|switch|p1a: Shedinja|Shedinja, L95|1/1\n|move|p2a: Regirock|Drain Punch|p1a: Shedinja\n|-immune|p1a: Shedinja\n|\n|upkeep\n|turn|6\n|c| billy zubat|im doing good im reading Kubera\n|\n|t:|1770227214\n|switch|p1a: Dunsparce|Dunsparce, L93, M|192/337 tox\n|move|p2a: Regirock|Toxic|p1a: Dunsparce\n|-fail|p1a: Dunsparce|tox\n|\n|-heal|p1a: Dunsparce|213/337 tox|[from] item: Leftovers\n|-damage|p1a: Dunsparce|192/337 tox|[from] psn\n|upkeep\n|turn|7\n|\n|t:|1770227219\n|move|p1a: Dunsparce|Roost|p1a: Dunsparce\n|-heal|p1a: Dunsparce|337/337 tox\n|-singleturn|p1a: Dunsparce|move: Roost\n|move|p2a: Regirock|Drain Punch|p1a: Dunsparce\n|-supereffective|p1a: Dunsparce\n|-damage|p1a: Dunsparce|215/337 tox\n|\n|-heal|p1a: Dunsparce|236/337 tox|[from] item: Leftovers\n|-damage|p1a: Dunsparce|194/337 tox|[from] psn\n|upkeep\n|turn|8\n|\n|t:|1770227228\n|move|p1a: Dunsparce|Roost|p1a: Dunsparce\n|-heal|p1a: Dunsparce|337/337 tox\n|-singleturn|p1a: Dunsparce|move: Roost\n|move|p2a: Regirock|Drain Punch|p1a: Dunsparce\n|-supereffective|p1a: Dunsparce\n|-damage|p1a: Dunsparce|225/337 tox\n|\n|-heal|p1a: Dunsparce|246/337 tox|[from] item: Leftovers\n|-damage|p1a: Dunsparce|183/337 tox|[from] psn\n|upkeep\n|turn|9\n|c|☆ledlitebulb|DUDE 5 USERS\n|c|☆ledlitebulb|like it's a fucking ref game\n|\n|t:|1770227238\n|switch|p1a: Shedinja|Shedinja, L95|1/1\n|move|p2a: Regirock|Drain Punch|p1a: Shedinja\n|-immune|p1a: Shedinja\n|\n|upkeep\n|turn|10\n|\n|t:|1770227245\n|switch|p1a: Dunsparce|Dunsparce, L93, M|183/337 tox\n|cant|p2a: Regirock|par\n|\n|-heal|p1a: Dunsparce|204/337 tox|[from] item: Leftovers\n|-damage|p1a: Dunsparce|183/337 tox|[from] psn\n|upkeep\n|turn|11\n|\n|t:|1770227252\n|move|p1a: Dunsparce|Earthquake|p2a: Regirock\n|-supereffective|p2a: Regirock\n|-damage|p2a: Regirock|212/278 par\n|move|p2a: Regirock|Drain Punch|p1a: Dunsparce\n|-supereffective|p1a: Dunsparce\n|-damage|p1a: Dunsparce|49/337 tox\n|-heal|p2a: Regirock|278/278 par|[from] drain|[of] p1a: Dunsparce\n|\n|-heal|p1a: Dunsparce|70/337 tox|[from] item: Leftovers\n|-damage|p1a: Dunsparce|28/337 tox|[from] psn\n|upkeep\n|turn|12\n|c| Yomamma777|Everyone just loves you\n|\n|t:|1770227257\n|move|p1a: Dunsparce|Roost|p1a: Dunsparce\n|-heal|p1a: Dunsparce|197/337 tox\n|-singleturn|p1a: Dunsparce|move: Roost\n|cant|p2a: Regirock|par\n|\n|-heal|p1a: Dunsparce|218/337 tox|[from] item: Leftovers\n|-damage|p1a: Dunsparce|155/337 tox|[from] psn\n|upkeep\n|turn|13\n|\n|t:|1770227262\n|move|p1a: Dunsparce|Roost|p1a: Dunsparce\n|-heal|p1a: Dunsparce|324/337 tox\n|-singleturn|p1a: Dunsparce|move: Roost\n|move|p2a: Regirock|Drain Punch|p1a: Dunsparce\n|-supereffective|p1a: Dunsparce\n|-damage|p1a: Dunsparce|202/337 tox\n|\n|-heal|p1a: Dunsparce|223/337 tox|[from] item: Leftovers\n|-damage|p1a: Dunsparce|139/337 tox|[from] psn\n|upkeep\n|turn|14\n|c| Yomamma777|idk why your mean\n|\n|t:|1770227271\n|switch|p1a: Shedinja|Shedinja, L95|1/1\n|cant|p2a: Regirock|par\n|\n|upkeep\n|turn|15\n|c| Yomamma777|but we love you\n|\n|t:|1770227278\n|switch|p1a: Dunsparce|Dunsparce, L93, M|139/337 tox\n|cant|p2a: Regirock|par\n|\n|-heal|p1a: Dunsparce|160/337 tox|[from] item: Leftovers\n|-damage|p1a: Dunsparce|139/337 tox|[from] psn\n|upkeep\n|turn|16\n|\n|t:|1770227283\n|move|p1a: Dunsparce|Roost|p1a: Dunsparce\n|-heal|p1a: Dunsparce|308/337 tox\n|-singleturn|p1a: Dunsparce|move: Roost\n|move|p2a: Regirock|Drain Punch|p1a: Dunsparce\n|-supereffective|p1a: Dunsparce\n|-damage|p1a: Dunsparce|184/337 tox\n|\n|-heal|p1a: Dunsparce|205/337 tox|[from] item: Leftovers\n|-damage|p1a: Dunsparce|163/337 tox|[from] psn\n|upkeep\n|turn|17\n|c|☆ledlitebulb|ofc I get paralyzed both turns I make reads\n|\n|t:|1770227294\n|move|p1a: Dunsparce|Roost|p1a: Dunsparce\n|-heal|p1a: Dunsparce|332/337 tox\n|-singleturn|p1a: Dunsparce|move: Roost\n|move|p2a: Regirock|Drain Punch|p1a: Dunsparce\n|-supereffective|p1a: Dunsparce\n|-damage|p1a: Dunsparce|206/337 tox\n|\n|-heal|p1a: Dunsparce|227/337 tox|[from] item: Leftovers\n|-damage|p1a: Dunsparce|164/337 tox|[from] psn\n|upkeep\n|turn|18\n|c| Yomamma777|Sure\n|\n|t:|1770227300\n|move|p1a: Dunsparce|Roost|p1a: Dunsparce\n|-heal|p1a: Dunsparce|333/337 tox\n|-singleturn|p1a: Dunsparce|move: Roost\n|move|p2a: Regirock|Drain Punch|p1a: Dunsparce\n|-supereffective|p1a: Dunsparce\n|-damage|p1a: Dunsparce|217/337 tox\n|\n|-heal|p1a: Dunsparce|238/337 tox|[from] item: Leftovers\n|-damage|p1a: Dunsparce|154/337 tox|[from] psn\n|upkeep\n|turn|19\n|c| readymatthew0129|camello must have nothing for this regirock. cause what am i watching\n|\n|t:|1770227308\n|switch|p1a: Shedinja|Shedinja, L95|1/1\n|move|p2a: Regirock|Drain Punch|p1a: Shedinja\n|-immune|p1a: Shedinja\n|\n|upkeep\n|turn|20\n|\n|t:|1770227313\n|switch|p1a: Dunsparce|Dunsparce, L93, M|154/337 tox\n|move|p2a: Regirock|Toxic|p1a: Dunsparce\n|-fail|p1a: Dunsparce|tox\n|\n|-heal|p1a: Dunsparce|175/337 tox|[from] item: Leftovers\n|-damage|p1a: Dunsparce|154/337 tox|[from] psn\n|upkeep\n|turn|21\n|\n|t:|1770227317\n|move|p1a: Dunsparce|Roost|p1a: Dunsparce\n|-heal|p1a: Dunsparce|323/337 tox\n|-singleturn|p1a: Dunsparce|move: Roost\n|cant|p2a: Regirock|par\n|\n|-heal|p1a: Dunsparce|337/337 tox|[from] item: Leftovers\n|-damage|p1a: Dunsparce|295/337 tox|[from] psn\n|upkeep\n|turn|22\n|\n|t:|1770227326\n|move|p1a: Dunsparce|Coil|p1a: Dunsparce\n|-boost|p1a: Dunsparce|atk|1\n|-boost|p1a: Dunsparce|def|1\n|-boost|p1a: Dunsparce|accuracy|1\n|cant|p2a: Regirock|par\n|\n|-heal|p1a: Dunsparce|316/337 tox|[from] item: Leftovers\n|-damage|p1a: Dunsparce|253/337 tox|[from] psn\n|upkeep\n|turn|23\n|c| Yomamma777|Bulb know how to play\n|\n|t:|1770227338\n|switch|p2a: Murkrow|Murkrow, L90, F|254/254\n|move|p1a: Dunsparce|Earthquake|p2a: Murkrow\n|-immune|p2a: Murkrow\n|\n|-heal|p1a: Dunsparce|274/337 tox|[from] item: Leftovers\n|-damage|p1a: Dunsparce|190/337 tox|[from] psn\n|upkeep\n|turn|24\n|c| Yomamma777|no back seat dueling\n|\n|t:|1770227347\n|switch|p2a: Regirock|Regirock, L86|278/278 par\n|move|p1a: Dunsparce|Body Slam|p2a: Regirock\n|-resisted|p2a: Regirock\n|-crit|p2a: Regirock\n|-damage|p2a: Regirock|229/278 par\n|\n|-heal|p1a: Dunsparce|211/337 tox|[from] item: Leftovers\n|-heal|p2a: Regirock|246/278 par|[from] item: Leftovers\n|-damage|p1a: Dunsparce|106/337 tox|[from] psn\n|upkeep\n|turn|25\n|\n|t:|1770227352\n|switch|p1a: Shedinja|Shedinja, L95|1/1\n|cant|p2a: Regirock|par\n|\n|-heal|p2a: Regirock|263/278 par|[from] item: Leftovers\n|upkeep\n|turn|26\n|c|☆ledlitebulb|of couse\n|c|☆ledlitebulb|dude\n|\n|t:|1770227359\n|switch|p1a: Dunsparce|Dunsparce, L93, M|106/337 tox\n|cant|p2a: Regirock|par\n|\n|-heal|p1a: Dunsparce|127/337 tox|[from] item: Leftovers\n|-heal|p2a: Regirock|278/278 par|[from] item: Leftovers\n|-damage|p1a: Dunsparce|106/337 tox|[from] psn\n|upkeep\n|turn|27\n|c| readymatthew0129|dueling? this ain't yu gi oh\n|c|☆ledlitebulb|dude\n|\n|t:|1770227365\n|move|p1a: Dunsparce|Roost|p1a: Dunsparce\n|-heal|p1a: Dunsparce|275/337 tox\n|-singleturn|p1a: Dunsparce|move: Roost\n|move|p2a: Regirock|Drain Punch|p1a: Dunsparce\n|-supereffective|p1a: Dunsparce\n|-damage|p1a: Dunsparce|141/337 tox\n|\n|-heal|p1a: Dunsparce|162/337 tox|[from] item: Leftovers\n|-damage|p1a: Dunsparce|120/337 tox|[from] psn\n|upkeep\n|turn|28\n|c|☆ledlitebulb|same shit all over again\n|c| Yomamma777|Did you toxic\n|c|☆ledlitebulb|I predict the pivot and toxic get paralyzed\n|c|☆ledlitebulb|I predict the dunsparce and drain punch and get paralyzed\n|c| Yomamma777|Yugi mons\n|\n|t:|1770227389\n|move|p1a: Dunsparce|Roost|p1a: Dunsparce\n|-heal|p1a: Dunsparce|289/337 tox\n|-singleturn|p1a: Dunsparce|move: Roost\n|move|p2a: Regirock|Drain Punch|p1a: Dunsparce\n|-supereffective|p1a: Dunsparce\n|-damage|p1a: Dunsparce|171/337 tox\n|\n|-heal|p1a: Dunsparce|192/337 tox|[from] item: Leftovers\n|-damage|p1a: Dunsparce|129/337 tox|[from] psn\n|upkeep\n|turn|29\n|\n|t:|1770227398\n|move|p1a: Dunsparce|Roost|p1a: Dunsparce\n|-heal|p1a: Dunsparce|298/337 tox\n|-singleturn|p1a: Dunsparce|move: Roost\n|move|p2a: Regirock|Stone Edge|p1a: Dunsparce|[miss]\n|-miss|p2a: Regirock|p1a: Dunsparce\n|\n|-heal|p1a: Dunsparce|319/337 tox|[from] item: Leftovers\n|-damage|p1a: Dunsparce|235/337 tox|[from] psn\n|upkeep\n|turn|30\n|\n|t:|1770227411\n|move|p1a: Dunsparce|Roost|p1a: Dunsparce\n|-heal|p1a: Dunsparce|337/337 tox\n|-singleturn|p1a: Dunsparce|move: Roost\n|move|p2a: Regirock|Stone Edge|p1a: Dunsparce|[miss]\n|-miss|p2a: Regirock|p1a: Dunsparce\n|\n|-damage|p1a: Dunsparce|232/337 tox|[from] psn\n|upkeep\n|turn|31\n|\n|t:|1770227421\n|switch|p1a: Marowak|Marowak, L88, F|249/249\n|move|p2a: Regirock|Stone Edge|p1a: Marowak\n|-resisted|p1a: Marowak\n|-damage|p1a: Marowak|203/249\n|\n|upkeep\n|turn|32\n|c| Yomamma777|It’s just a dunspice killit\n|c|☆ledlitebulb|woah\n|c|☆ledlitebulb|why didn't you bring this out earlier\n|\n|t:|1770227439\n|switch|p1a: Dunsparce|Dunsparce, L93, M|232/337 tox\n|switch|p2a: Feraligatr|Feraligatr, L79, F|264/264\n|\n|-heal|p1a: Dunsparce|253/337 tox|[from] item: Leftovers\n|-damage|p1a: Dunsparce|232/337 tox|[from] psn\n|upkeep\n|turn|33\n|\n|t:|1770227449\n|move|p2a: Feraligatr|Dragon Dance|p2a: Feraligatr\n|-boost|p2a: Feraligatr|atk|1\n|-boost|p2a: Feraligatr|spe|1\n|move|p1a: Dunsparce|Earthquake|p2a: Feraligatr\n|-damage|p2a: Feraligatr|194/264\n|\n|-heal|p1a: Dunsparce|253/337 tox|[from] item: Leftovers\n|-damage|p1a: Dunsparce|211/337 tox|[from] psn\n|upkeep\n|turn|34\n|c| Yomamma777|Glare\n|\n|t:|1770227454\n|move|p2a: Feraligatr|Waterfall|p1a: Dunsparce\n|-damage|p1a: Dunsparce|0 fnt\n|faint|p1a: Dunsparce\n|\n|upkeep\n|c| readymatthew0129|no backseat dueling\n|c|☆ledlitebulb|that set doesn't have glare\n|c| Yomamma777|Sorry\n|c| Yomamma777|your right\n|c| readymatthew0129|you should be sorry\n|c|☆ledlitebulb|dw I would never take advice from him\n|inactive|camellogeneroso has 120 seconds left.\n|c|☆ledlitebulb|he's been following me around for over half an hour now\n|c| Yomamma777|stop being mean\n|c| Yomamma777|I been trying to be friendly\n|c|☆ledlitebulb|just cause I slammed him and he blamed rng on a move that would have killed regardless\n|inactive|camellogeneroso has 90 seconds left.\n|\n|t:|1770227517\n|switch|p1a: Shedinja|Shedinja, L95|1/1\n|turn|35\n|\n|t:|1770227521\n|switch|p2a: Regirock|Regirock, L86|278/278 par\n|move|p1a: Shedinja|Will-O-Wisp|p2a: Regirock|[miss]\n|-miss|p1a: Shedinja|p2a: Regirock\n|\n|upkeep\n|turn|36\n|\n|t:|1770227527\n|switch|p1a: Marowak|Marowak, L88, F|203/249\n|move|p2a: Regirock|Toxic|p1a: Marowak\n|-status|p1a: Marowak|tox\n|\n|-damage|p1a: Marowak|188/249 tox|[from] psn\n|upkeep\n|turn|37\n|\n|t:|1770227531\n|switch|p2a: Feraligatr|Feraligatr, L79, F|194/264\n|move|p1a: Marowak|Stealth Rock|p2a: Feraligatr\n|-sidestart|p2: ledlitebulb|move: Stealth Rock\n|\n|-damage|p1a: Marowak|158/249 tox|[from] psn\n|upkeep\n|turn|38\n|\n|t:|1770227538\n|switch|p2a: Gligar|Gligar, L82, F|241/241\n|-damage|p2a: Gligar|211/241|[from] Stealth Rock\n|switch|p1a: Shedinja|Shedinja, L95|1/1\n|\n|upkeep\n|turn|39\n|c| Yomamma777|I told him he won fair and square and still won’t let it go\n|c|☆ledlitebulb|no the fuck you didn't lol you called me a cuck\n|inactive|camellogeneroso has 120 seconds left.\n|\n|t:|1770227556\n|move|p2a: Gligar|Toxic|p1a: Shedinja\n|-status|p1a: Shedinja|tox\n|move|p1a: Shedinja|Will-O-Wisp|p2a: Gligar|[miss]\n|-miss|p1a: Shedinja|p2a: Gligar\n|\n|-damage|p1a: Shedinja|0 fnt|[from] psn\n|faint|p1a: Shedinja\n|upkeep\n|c| readymatthew0129|ok girls. relax\n|inactive|camellogeneroso has 120 seconds left.\n|c| Yomamma777|Oh\n|c| Yomamma777|well same thing right\n|\n|t:|1770227575\n|switch|p1a: Glaceon|Glaceon, L91, M|266/266\n|turn|40\n|c|☆ledlitebulb|this dude will just not get off my ass no matter what\n|c| Yomamma777|and actually was calling Billy that for being a white knight\n|c| billy zubat|matthew whose alt are u btw\n|\n|t:|1770227591\n|switch|p2a: Regirock|Regirock, L86|278/278 par\n|-damage|p2a: Regirock|244/278 par|[from] Stealth Rock\n|move|p1a: Glaceon|Ice Beam|p2a: Regirock\n|-damage|p2a: Regirock|124/278 par\n|\n|-heal|p2a: Regirock|141/278 par|[from] item: Leftovers\n|upkeep\n|turn|41\n|\n|t:|1770227599\n|switch|p1a: Marowak|Marowak, L88, F|158/249 tox\n|move|p2a: Regirock|Stone Edge|p1a: Marowak|[miss]\n|-miss|p2a: Regirock|p1a: Marowak\n|\n|-heal|p2a: Regirock|158/278 par|[from] item: Leftovers\n|-damage|p1a: Marowak|143/249 tox|[from] psn\n|upkeep\n|turn|42\n|c| readymatthew0129|i'm just me\n|c| billy zubat|hmm\n|c| Yomamma777|Lol\n|c| Yomamma777|good answer\n|\n|t:|1770227617\n|switch|p2a: Gligar|Gligar, L82, F|211/241\n|-damage|p2a: Gligar|181/241|[from] Stealth Rock\n|move|p1a: Marowak|Stone Edge|p2a: Gligar\n|-crit|p2a: Gligar\n|-damage|p2a: Gligar|63/241\n|\n|-damage|p1a: Marowak|113/249 tox|[from] psn\n|upkeep\n|turn|43\n|c| readymatthew0129|i just wanted to watch a high elo gen 6 battle while i eat\n|c| readymatthew0129|you guys are funny\n|\n|t:|1770227626\n|move|p2a: Gligar|Defog|p1a: Marowak\n|-unboost|p1a: Marowak|evasion|1\n|-sideend|p2: ledlitebulb|Stealth Rock|[from] move: Defog|[of] p2a: Gligar\n|move|p1a: Marowak|Double-Edge|p2a: Gligar\n|-damage|p2a: Gligar|0 fnt\n|faint|p2a: Gligar\n|\n|-damage|p1a: Marowak|68/249 tox|[from] psn\n|upkeep\n|c| Yomamma777|Lol\n|c| Yomamma777|intey\n|c|☆ledlitebulb|I think you came to the wrong place tbh\n|c|☆ledlitebulb|this is probably among the more braindead plays I've made\n|c| readymatthew0129|you might be right lightbulb\n|\n|t:|1770227648\n|switch|p2a: Murkrow|Murkrow, L90, F|254/254\n|turn|44\n|inactive|camellogeneroso has 120 seconds left.\n|\n|t:|1770227654\n|move|p2a: Murkrow|Foul Play|p1a: Marowak\n|-damage|p1a: Marowak|0 fnt\n|faint|p1a: Marowak\n|\n|upkeep\n|inactive|camellogeneroso has 120 seconds left.\n|c| Yomamma777|It’s not you bulb\n|\n|t:|1770227661\n|switch|p1a: Glaceon|Glaceon, L91, M|266/266\n|turn|45\n|c| Yomamma777|it’s the hax\n|\n|t:|1770227676\n|switch|p2a: Feraligatr|Feraligatr, L79, F|194/264\n|move|p1a: Glaceon|Ice Beam|p2a: Feraligatr\n|-resisted|p2a: Feraligatr\n|-damage|p2a: Feraligatr|113/264\n|\n|upkeep\n|turn|46\n|c| Yomamma777|I once was par 11 times in a row\n|inactive|camellogeneroso has 120 seconds left.\n|\n|t:|1770227694\n|switch|p1a: Arceus|Arceus-Electric, L71|288/288\n|move|p2a: Feraligatr|Dragon Dance|p2a: Feraligatr\n|-boost|p2a: Feraligatr|atk|1\n|-boost|p2a: Feraligatr|spe|1\n|\n|upkeep\n|turn|47\n|c| Yomamma777|I had to look up odds\n|\n|t:|1770227698\n|move|p2a: Feraligatr|Earthquake|p1a: Arceus\n|-supereffective|p1a: Arceus\n|-damage|p1a: Arceus|51/288\n|-damage|p2a: Feraligatr|87/264|[from] item: Life Orb\n|move|p1a: Arceus|Judgment|p2a: Feraligatr\n|-supereffective|p2a: Feraligatr\n|-damage|p2a: Feraligatr|0 fnt\n|faint|p2a: Feraligatr\n|\n|upkeep\n|c| Yomamma777|1 in 4 million\n|c| readymatthew0129|you're just lying\n|c| Yomamma777|Swear to god\n|c|☆ledlitebulb|0.00048828125\n|inactive|ledlitebulb has 120 seconds left.\n|\n|t:|1770227734\n|switch|p2a: Arceus|Arceus-Dragon, L71|288/288\n|turn|48\n|\n|t:|1770227739\n|move|p1a: Arceus|Ice Beam|p2a: Arceus\n|-supereffective|p2a: Arceus\n|-damage|p2a: Arceus|184/288\n|move|p2a: Arceus|Swords Dance|p2a: Arceus\n|-boost|p2a: Arceus|atk|2\n|\n|upkeep\n|turn|49\n|c| readymatthew0129|if you get para 11 times in a row how is your opponent not killing you?\n|c| Yomamma777|I had to stop and tell my wife she didn’t care but I had to tell someone\n|c| readymatthew0129|how do you make it to 11?\n|\n|t:|1770227749\n|move|p2a: Arceus|Extreme Speed|p1a: Arceus\n|-damage|p1a: Arceus|0 fnt\n|faint|p1a: Arceus\n|\n|upkeep\n|\n|t:|1770227752\n|switch|p1a: Glaceon|Glaceon, L91, M|266/266\n|turn|50\n|\n|t:|1770227755\n|move|p2a: Arceus|Outrage|p1a: Glaceon\n|-damage|p1a: Glaceon|59/266\n|move|p1a: Glaceon|Ice Beam|p2a: Arceus\n|-supereffective|p2a: Arceus\n|-damage|p2a: Arceus|0 fnt\n|faint|p2a: Arceus\n|\n|-heal|p1a: Glaceon|75/266|[from] item: Leftovers\n|upkeep\n|\n|t:|1770227757\n|switch|p2a: Stantler|Stantler, L90, F|278/278\n|-ability|p2a: Stantler|Intimidate|boost\n|-unboost|p1a: Glaceon|atk|1\n|turn|51\n|c|☆ledlitebulb|uh\n|c|☆ledlitebulb|I meant to swords dance\n|c|☆ledlitebulb|whatever\n|c| Yomamma777|I was calmed mind to max\n|\n|t:|1770227771\n|move|p1a: Glaceon|Protect|p1a: Glaceon\n|-singleturn|p1a: Glaceon|Protect\n|move|p2a: Stantler|Double-Edge|p1a: Glaceon\n|-activate|p1a: Glaceon|move: Protect\n|\n|-heal|p1a: Glaceon|91/266|[from] item: Leftovers\n|upkeep\n|turn|52\n|c| readymatthew0129|can't be mis clicking light bulb\n|c|☆ledlitebulb|dude\n|c| readymatthew0129|that's rookie shit\n|c|☆ledlitebulb|so you have a wife\n|c|☆ledlitebulb|and you're halfway through your 30s\n|c| readymatthew0129|he don't have a wife\n|c| Yomamma777|Of course I donl\n|\n|t:|1770227799\n|move|p1a: Glaceon|Protect|p1a: Glaceon\n|-singleturn|p1a: Glaceon|Protect\n|move|p2a: Stantler|Double-Edge|p1a: Glaceon\n|-activate|p1a: Glaceon|move: Protect\n|\n|-heal|p1a: Glaceon|107/266|[from] item: Leftovers\n|upkeep\n|turn|53\n|c| readymatthew0129|and he also didn't get para 11 times in a row\n|c| readymatthew0129|guys a liar\n|c| Yomamma777|yeah we established I’m mid 30\n|inactive|camellogeneroso has 120 seconds left.\n|\n|t:|1770227822\n|move|p2a: Stantler|Double-Edge|p1a: Glaceon\n|-damage|p1a: Glaceon|0 fnt\n|faint|p1a: Glaceon\n|-damage|p2a: Stantler|243/278|[from] Recoil\n|\n|upkeep\n|c|☆ledlitebulb|born 91\n|\n|t:|1770227825\n|switch|p1a: Hoopa|Hoopa-Unbound, L79|256/256\n|turn|54\n|c| Yomamma777|I wish I saved replay but believe it or not\n|\n|t:|1770227834\n|move|p2a: Stantler|Double-Edge|p1a: Hoopa\n|-damage|p1a: Hoopa|0 fnt\n|faint|p1a: Hoopa\n|-damage|p2a: Stantler|159/278|[from] Recoil\n|\n|win|ledlitebulb\n|raw|camellogeneroso's rating: 1561 &rarr; <strong>1538</strong><br />(-23 for losing)\n|raw|ledlitebulb's rating: 1505 &rarr; <strong>1528</strong><br />(+23 for winning)\n|l|☆camellogeneroso\n|player|p1|\n|c|☆ledlitebulb|gg\n", "inputlog": ">version ccdc32dd7cde25fd9e4bed64820e885f66e78a4e\n>start {\"formatid\":\"gen6randombattle\",\"seed\":\"sodium,3259846a883cfb4c50120631cba1dff0\",\"rated\":\"Rated battle\"}\n>player p1 {\"name\":\"camellogeneroso\",\"avatar\":\"cynthia-gen4\",\"rating\":1561,\"seed\":\"sodium,54ba0d915288d5d43a633e7475edfdce\"}\n>player p2 {\"name\":\"ledlitebulb\",\"avatar\":\"serena-masters2\",\"rating\":1505,\"seed\":\"sodium,91c2bbb954e66e2871288546d004e213\"}\n>chat ☆ledlitebulb|dude holy shit\n>chat ☆ledlitebulb|billy look at my fans\n>chat  billy zubat|crazy work\n>chat  Yomamma777|So famous \n>p1 move coil\n>p2 move toxic\n>p1 move earthquake\n>p2 switch 2\n>p1 move bodyslam\n>p2 switch 2\n>chat  Yomamma777|So Billy how you doing\n>p1 move roost\n>p2 move drainpunch\n>p1 switch 3\n>p2 move drainpunch\n>chat  billy zubat|im doing good im reading Kubera\n>p1 switch 3\n>p2 move toxic\n>p1 move roost\n>p2 move drainpunch\n>p1 move roost\n>p2 move drainpunch\n>chat ☆ledlitebulb|DUDE 5 USERS\n>chat ☆ledlitebulb|like it's a fucking ref game\n>p1 switch 3\n>p2 move drainpunch\n>p1 switch 3\n>p2 move drainpunch\n>p1 move earthquake\n>p2 move drainpunch\n>chat  Yomamma777|Everyone just loves you\n>p1 move roost\n>p2 move drainpunch\n>p1 move roost\n>p2 move drainpunch\n>chat  Yomamma777|idk why your mean\n>p1 switch 3\n>p2 move toxic\n>chat  Yomamma777|but we love you\n>p1 switch 3\n>p2 move drainpunch\n>p1 move roost\n>p2 move drainpunch\n>chat ☆ledlitebulb|ofc I get paralyzed both turns I make reads\n>p1 move roost\n>p2 move drainpunch\n>chat  Yomamma777|Sure\n>p1 move roost\n>p2 move drainpunch\n>chat  readymatthew0129|camello must have nothing for this regirock. cause what am i watching\n>p1 switch 3\n>p2 move drainpunch\n>p1 switch 3\n>p2 move toxic\n>p1 move roost\n>p2 move drainpunch\n>p1 move coil\n>p2 move stoneedge\n>chat  Yomamma777|Bulb know how to play\n>p1 move earthquake\n>p2 switch 3\n>chat  Yomamma777|no back seat dueling\n>p1 move bodyslam\n>p2 switch 3\n>p1 switch 3\n>p2 move toxic\n>chat ☆ledlitebulb|of couse\n>chat ☆ledlitebulb|dude\n>p1 switch 3\n>p2 move drainpunch\n>chat  readymatthew0129|dueling? this ain't yu gi oh\n>chat ☆ledlitebulb|dude\n>p1 move roost\n>p2 move drainpunch\n>chat ☆ledlitebulb|same shit all over again\n>chat  Yomamma777|Did you toxic \n>chat ☆ledlitebulb|I predict the pivot and toxic get paralyzed\n>chat ☆ledlitebulb|I predict the dunsparce and drain punch and get paralyzed\n>chat  Yomamma777|Yugi mons\n>p1 move roost\n>p2 move drainpunch\n>p1 move roost\n>p2 move stoneedge\n>p1 move roost\n>p2 move stoneedge\n>p1 switch 6\n>p2 move stoneedge\n>chat  Yomamma777|It’s just a dunspice killit\n>chat ☆ledlitebulb|woah\n>chat ☆ledlitebulb|why didn't you bring this out earlier\n>p1 switch 6\n>p2 switch 4\n>p1 move earthquake\n>p2 move dragondance\n>chat  Yomamma777|Glare\n>p1 move bodyslam\n>p2 move waterfall\n>chat  readymatthew0129|no backseat dueling\n>chat ☆ledlitebulb|that set doesn't have glare\n>chat  Yomamma777|Sorry\n>chat  Yomamma777|your right\n>chat  readymatthew0129|you should be sorry\n>chat ☆ledlitebulb|dw I would never take advice from him\n>chat ☆ledlitebulb|he's been following me around for over half an hour now\n>chat  Yomamma777|stop being mean\n>chat  Yomamma777|I been trying to be friendly\n>chat ☆ledlitebulb|just cause I slammed him and he blamed rng on a move that would have killed regardless\n>p1 switch 3\n>p1 move willowisp\n>p2 switch 4\n>p1 switch 6\n>p2 move toxic\n>p1 move stealthrock\n>p2 switch 4\n>p1 switch 6\n>p2 switch 2\n>chat  Yomamma777|I told him he won fair and square and still won’t let it go\n>chat ☆ledlitebulb|no the fuck you didn't lol you called me a cuck\n>p1 move willowisp\n>p2 move toxic\n>chat  readymatthew0129|ok girls. relax\n>chat  Yomamma777|Oh\n>chat  Yomamma777|well same thing right\n>p1 switch 5\n>chat ☆ledlitebulb|this dude will just not get off my ass no matter what\n>chat  Yomamma777|and actually was calling Billy that for being a white knight\n>chat  billy zubat|matthew whose alt are u btw\n>p1 move icebeam\n>p2 switch 4\n>p1 switch 6\n>p2 move stoneedge\n>chat  readymatthew0129|i'm just me\n>chat  billy zubat|hmm\n>chat  Yomamma777|Lol\n>chat  Yomamma777|good answer \n>p1 move stoneedge\n>p2 switch 4\n>chat  readymatthew0129|i just wanted to watch a high elo gen 6 battle while i eat\n>chat  readymatthew0129|you guys are funny\n>p1 move doubleedge\n>p2 move defog\n>chat  Yomamma777|Lol\n>chat  Yomamma777|intey\n>chat ☆ledlitebulb|I think you came to the wrong place tbh\n>chat ☆ledlitebulb|this is probably among the more braindead plays I've made\n>chat  readymatthew0129|you might be right lightbulb\n>p2 switch 3\n>p1 move stealthrock\n>p2 move foulplay\n>chat  Yomamma777|It’s not you bulb\n>p1 switch 6\n>chat  Yomamma777|it’s the hax\n>p1 move icebeam\n>p2 switch 2\n>chat  Yomamma777|I once was par 11 times in a row\n>p1 switch 4\n>p2 move dragondance\n>chat  Yomamma777|I had to look up odds\n>p1 move judgment\n>p2 move earthquake\n>chat  Yomamma777|1 in 4 million\n>chat  readymatthew0129|you're just lying\n>chat  Yomamma777|Swear to god\n>chat ☆ledlitebulb|0.00048828125\n>p2 switch 6\n>p1 move icebeam\n>p2 move swordsdance\n>chat  readymatthew0129|if you get para 11 times in a row how is your opponent not killing you?\n>chat  Yomamma777|I had to stop and tell my wife she didn’t care but I had to tell someone\n>chat  readymatthew0129|how do you make it to 11?\n>p1 move icebeam\n>p2 move extremespeed\n>p1 switch 4\n>p1 move icebeam\n>p2 move outrage\n>p2 switch 5\n>chat ☆ledlitebulb|uh\n>chat ☆ledlitebulb|I meant to swords dance\n>chat ☆ledlitebulb|whatever\n>chat  Yomamma777|I was calmed mind to max \n>p1 move protect\n>p2 move doubleedge\n>chat  readymatthew0129|can't be mis clicking light bulb\n>chat ☆ledlitebulb|dude\n>chat  readymatthew0129|that's rookie shit\n>chat ☆ledlitebulb|so you have a wife\n>chat ☆ledlitebulb|and you're halfway through your 30s\n>chat  readymatthew0129|he don't have a wife\n>chat  Yomamma777|Of course I donl\n>p1 move protect\n>p2 move doubleedge\n>chat  readymatthew0129|and he also didn't get para 11 times in a row\n>chat  readymatthew0129|guys a liar\n>chat  Yomamma777|yeah we established I’m mid 30\n>p1 move wish\n>p2 move doubleedge\n>p1 switch 2\n>chat ☆ledlitebulb|born 91\n>chat  Yomamma777|I wish I saved replay but believe it or not\n>p1 move drainpunch\n>p2 move doubleedge", "uploadtime": 1770227552, "views": 263, "formatid": "gen6randombattle", "rating": 1528, "private": 0, "password": null}