{"id": "gen6randombattle-2535597931", "format": "[Gen 6] Random Battle", "players": ["Frognosticator", "mlungero"], "log": "|j|☆Frognosticator\n|j|☆mlungero\n|t:|1770585367\n|gametype|singles\n|player|p1|Frognosticator|101|1533\n|player|p2|mlungero|brock|1673\n|gen|6\n|tier|[Gen 6] Random Battle\n|rated|\n|rule|Sleep Clause Mod: Limit one foe put to sleep\n|rule|HP Percentage Mod: HP is shown in percentages\n|rule|Illusion Level Mod: Illusion disguises the Pokémon's true level\n|\n|t:|1770585367\n|teamsize|p1|6\n|teamsize|p2|6\n|start\n|switch|p1a: Arceus|Arceus-Rock, L71|288/288\n|switch|p2a: Simisage|Simisage, L88, M|275/275\n|turn|1\n|\n|t:|1770585378\n|switch|p1a: Wobbuffet|Wobbuffet, L93, F|504/504\n|move|p2a: Simisage|Substitute|p2a: Simisage\n|-start|p2a: Simisage|Substitute\n|-damage|p2a: Simisage|207/275\n|\n|-heal|p2a: Simisage|224/275|[from] item: Leftovers\n|upkeep\n|turn|2\n|inactive|Battle timer is ON: inactive players will automatically lose when time's up. (requested by Frognosticator)\n|\n|t:|1770585383\n|move|p2a: Simisage|Nasty Plot|p2a: Simisage\n|-boost|p2a: Simisage|spa|2\n|move|p1a: Wobbuffet|Encore|p2a: Simisage\n|-start|p2a: Simisage|Encore\n|\n|-heal|p2a: Simisage|241/275|[from] item: Leftovers\n|upkeep\n|turn|3\n|\n|t:|1770585394\n|switch|p1a: Swellow|Swellow, L81, F|230/230\n|move|p2a: Simisage|Nasty Plot|p2a: Simisage\n|-boost|p2a: Simisage|spa|2\n|\n|-heal|p2a: Simisage|258/275|[from] item: Leftovers\n|-status|p1a: Swellow|tox|[from] item: Toxic Orb\n|upkeep\n|turn|4\n|\n|t:|1770585405\n|move|p1a: Swellow|Facade|p2a: Simisage\n|-end|p2a: Simisage|Substitute\n|move|p2a: Simisage|Nasty Plot|p2a: Simisage\n|-boost|p2a: Simisage|spa|2\n|\n|-heal|p2a: Simisage|275/275|[from] item: Leftovers\n|-damage|p1a: Swellow|216/230 tox|[from] psn\n|upkeep\n|turn|5\n|\n|t:|1770585413\n|switch|p2a: Mightyena|Mightyena, L93, F|281/281\n|-ability|p2a: Mightyena|Intimidate|boost\n|-unboost|p1a: Swellow|atk|1\n|move|p1a: Swellow|U-turn|p2a: Mightyena\n|-supereffective|p2a: Mightyena\n|-damage|p2a: Mightyena|193/281\n|\n|t:|1770585423\n|switch|p1a: Ambipom|Ambipom, L83, F|260/260|[from] U-turn\n|\n|upkeep\n|turn|6\n|\n|t:|1770585429\n|switch|p2a: Magmortar|Magmortar, L86, M|269/269\n|move|p1a: Ambipom|Low Kick|p2a: Magmortar\n|-damage|p2a: Magmortar|175/269\n|\n|-heal|p2a: Magmortar|191/269|[from] item: Leftovers\n|upkeep\n|turn|7\n|\n|t:|1770585433\n|switch|p1a: Wobbuffet|Wobbuffet, L93, F|504/504\n|move|p2a: Magmortar|Fire Blast|p1a: Wobbuffet\n|-damage|p1a: Wobbuffet|318/504\n|-status|p1a: Wobbuffet|brn\n|\n|-heal|p2a: Magmortar|207/269|[from] item: Leftovers\n|-damage|p1a: Wobbuffet|255/504 brn|[from] brn\n|upkeep\n|turn|8\n|\n|t:|1770585439\n|move|p2a: Magmortar|Taunt|p1a: Wobbuffet\n|-start|p1a: Wobbuffet|move: Taunt\n|move|p1a: Wobbuffet|Mirror Coat||[still]\n|-fail|p1a: Wobbuffet\n|\n|-heal|p2a: Magmortar|223/269|[from] item: Leftovers\n|-damage|p1a: Wobbuffet|192/504 brn|[from] brn\n|upkeep\n|turn|9\n|\n|t:|1770585444\n|move|p2a: Magmortar|Focus Blast|p1a: Wobbuffet\n|-resisted|p1a: Wobbuffet\n|-damage|p1a: Wobbuffet|130/504 brn\n|move|p1a: Wobbuffet|Mirror Coat|p2a: Magmortar\n|-damage|p2a: Magmortar|99/269\n|\n|-heal|p2a: Magmortar|115/269|[from] item: Leftovers\n|-damage|p1a: Wobbuffet|67/504 brn|[from] brn\n|upkeep\n|turn|10\n|-enditem|p1a: Wobbuffet|Custap Berry|[eat]\n|-activate|p1a: Wobbuffet|item: Custap Berry|[consumed]\n|\n|t:|1770585455\n|move|p2a: Magmortar|Taunt||[still]\n|-fail|p2a: Magmortar\n|move|p1a: Wobbuffet|Mirror Coat||[still]\n|-fail|p1a: Wobbuffet\n|\n|-heal|p2a: Magmortar|131/269|[from] item: Leftovers\n|-damage|p1a: Wobbuffet|4/504 brn|[from] brn\n|-end|p1a: Wobbuffet|move: Taunt\n|upkeep\n|turn|11\n|\n|t:|1770585466\n|move|p2a: Magmortar|Thunderbolt|p1a: Wobbuffet\n|-damage|p1a: Wobbuffet|0 fnt\n|faint|p1a: Wobbuffet\n|\n|-heal|p2a: Magmortar|147/269|[from] item: Leftovers\n|upkeep\n|\n|t:|1770585474\n|switch|p1a: Swellow|Swellow, L81, F|216/230 tox\n|turn|12\n|\n|t:|1770585480\n|switch|p2a: Mightyena|Mightyena, L93, F|193/281\n|-ability|p2a: Mightyena|Intimidate|boost\n|-unboost|p1a: Swellow|atk|1\n|move|p1a: Swellow|Facade|p2a: Mightyena\n|-damage|p2a: Mightyena|54/281\n|\n|-damage|p1a: Swellow|202/230 tox|[from] psn\n|upkeep\n|turn|13\n|\n|t:|1770585487\n|switch|p1a: Ambipom|Ambipom, L83, F|260/260\n|move|p2a: Mightyena|Sucker Punch||[still]\n|-fail|p2a: Mightyena\n|\n|upkeep\n|turn|14\n|\n|t:|1770585491\n|move|p2a: Mightyena|Sucker Punch|p1a: Ambipom\n|-damage|p1a: Ambipom|82/260\n|move|p1a: Ambipom|U-turn|p2a: Mightyena\n|-supereffective|p2a: Mightyena\n|-damage|p2a: Mightyena|0 fnt\n|faint|p2a: Mightyena\n|inactive|Frognosticator has 120 seconds left.\n|\n|t:|1770585522\n|switch|p1a: Swellow|Swellow, L81, F|202/230 tox|[from] U-turn\n|\n|-damage|p1a: Swellow|188/230 tox|[from] psn\n|upkeep\n|\n|t:|1770585535\n|switch|p2a: Wobbuffet|Wobbuffet, L93, F|504/504\n|turn|15\n|\n|t:|1770585538\n|move|p1a: Swellow|U-turn|p2a: Wobbuffet\n|-supereffective|p2a: Wobbuffet\n|-damage|p2a: Wobbuffet|356/504\n|\n|t:|1770585547\n|switch|p1a: Sableye|Sableye, L81, M|214/214|[from] U-turn\n|move|p2a: Wobbuffet|Counter|p1a: Sableye\n|-immune|p1a: Sableye\n|\n|upkeep\n|turn|16\n|\n|t:|1770585554\n|switch|p2a: Magmortar|Magmortar, L86, M|147/269\n|move|p1a: Sableye|Will-O-Wisp|p2a: Magmortar\n|-immune|p2a: Magmortar\n|\n|-heal|p2a: Magmortar|163/269|[from] item: Leftovers\n|upkeep\n|turn|17\n|\n|t:|1770585559\n|move|p1a: Sableye|Calm Mind|p1a: Sableye\n|-boost|p1a: Sableye|spa|1\n|-boost|p1a: Sableye|spd|1\n|move|p2a: Magmortar|Fire Blast|p1a: Sableye\n|-crit|p1a: Sableye\n|-damage|p1a: Sableye|0 fnt\n|faint|p1a: Sableye\n|\n|-heal|p2a: Magmortar|179/269|[from] item: Leftovers\n|upkeep\n|c|☆mlungero|Luckyyyyy\n|\n|t:|1770585568\n|switch|p1a: Swellow|Swellow, L81, F|188/230 tox\n|turn|18\n|\n|t:|1770585576\n|move|p1a: Swellow|Facade|p2a: Magmortar\n|-crit|p2a: Magmortar\n|-damage|p2a: Magmortar|0 fnt\n|faint|p2a: Magmortar\n|\n|-damage|p1a: Swellow|174/230 tox|[from] psn\n|upkeep\n|\n|t:|1770585578\n|switch|p2a: Wobbuffet|Wobbuffet, L93, F|356/504\n|turn|19\n|\n|t:|1770585582\n|move|p1a: Swellow|U-turn|p2a: Wobbuffet\n|-supereffective|p2a: Wobbuffet\n|-damage|p2a: Wobbuffet|206/504\n|\n|t:|1770585589\n|switch|p1a: Arceus|Arceus-Rock, L71|288/288|[from] U-turn\n|move|p2a: Wobbuffet|Counter|p1a: Arceus\n|-damage|p1a: Arceus|0 fnt\n|faint|p1a: Arceus\n|\n|upkeep\n|\n|t:|1770585596\n|switch|p1a: Swellow|Swellow, L81, F|174/230 tox\n|turn|20\n|\n|t:|1770585603\n|move|p1a: Swellow|Facade|p2a: Wobbuffet\n|-damage|p2a: Wobbuffet|0 fnt\n|faint|p2a: Wobbuffet\n|\n|-damage|p1a: Swellow|160/230 tox|[from] psn\n|upkeep\n|\n|t:|1770585607\n|switch|p2a: Dewgong|Dewgong, L94, M|322/322\n|turn|21\n|\n|t:|1770585611\n|move|p2a: Dewgong|Protect|p2a: Dewgong\n|-singleturn|p2a: Dewgong|Protect\n|move|p1a: Swellow|U-turn|p2a: Dewgong\n|-activate|p2a: Dewgong|move: Protect\n|\n|-damage|p1a: Swellow|132/230 tox|[from] psn\n|upkeep\n|turn|22\n|\n|t:|1770585614\n|move|p1a: Swellow|U-turn|p2a: Dewgong\n|-damage|p2a: Dewgong|265/322\n|\n|t:|1770585616\n|switch|p1a: Emolga|Emolga, L88, M|239/239|[from] U-turn\n|move|p2a: Dewgong|Ice Beam|p1a: Emolga\n|-supereffective|p1a: Emolga\n|-damage|p1a: Emolga|3/239\n|\n|-heal|p2a: Dewgong|285/322|[from] item: Leftovers\n|upkeep\n|turn|23\n|\n|t:|1770585625\n|move|p1a: Emolga|Thunderbolt|p2a: Dewgong\n|-supereffective|p2a: Dewgong\n|-damage|p2a: Dewgong|135/322\n|move|p2a: Dewgong|Ice Beam|p1a: Emolga\n|-supereffective|p1a: Emolga\n|-damage|p1a: Emolga|0 fnt\n|faint|p1a: Emolga\n|\n|-heal|p2a: Dewgong|155/322|[from] item: Leftovers\n|upkeep\n|\n|t:|1770585629\n|switch|p1a: Swellow|Swellow, L81, F|132/230 tox\n|turn|24\n|\n|t:|1770585631\n|move|p2a: Dewgong|Protect|p2a: Dewgong\n|-singleturn|p2a: Dewgong|Protect\n|move|p1a: Swellow|Facade|p2a: Dewgong\n|-activate|p2a: Dewgong|move: Protect\n|\n|-heal|p2a: Dewgong|175/322|[from] item: Leftovers\n|-damage|p1a: Swellow|118/230 tox|[from] psn\n|upkeep\n|turn|25\n|\n|t:|1770585638\n|switch|p2a: Simisage|Simisage, L88, M|275/275\n|move|p1a: Swellow|Facade|p2a: Simisage\n|-damage|p2a: Simisage|41/275\n|\n|-heal|p2a: Simisage|58/275|[from] item: Leftovers\n|-damage|p1a: Swellow|90/230 tox|[from] psn\n|upkeep\n|turn|26\n|\n|t:|1770585643\n|move|p1a: Swellow|U-turn|p2a: Simisage\n|-supereffective|p2a: Simisage\n|-damage|p2a: Simisage|0 fnt\n|faint|p2a: Simisage\n|\n|t:|1770585644\n|switch|p1a: Ambipom|Ambipom, L83, F|82/260|[from] U-turn\n|\n|upkeep\n|\n|t:|1770585648\n|switch|p2a: Dewgong|Dewgong, L94, M|175/322\n|turn|27\n|\n|t:|1770585650\n|move|p2a: Dewgong|Protect|p2a: Dewgong\n|-singleturn|p2a: Dewgong|Protect\n|move|p1a: Ambipom|Low Kick|p2a: Dewgong\n|-activate|p2a: Dewgong|move: Protect\n|\n|-heal|p2a: Dewgong|195/322|[from] item: Leftovers\n|upkeep\n|turn|28\n|\n|t:|1770585660\n|move|p1a: Ambipom|Low Kick|p2a: Dewgong\n|-supereffective|p2a: Dewgong\n|-damage|p2a: Dewgong|5/322\n|move|p2a: Dewgong|Ice Beam|p1a: Ambipom\n|-crit|p1a: Ambipom\n|-damage|p1a: Ambipom|0 fnt\n|faint|p1a: Ambipom\n|\n|-heal|p2a: Dewgong|25/322|[from] item: Leftovers\n|upkeep\n|\n|t:|1770585663\n|switch|p1a: Swellow|Swellow, L81, F|90/230 tox\n|turn|29\n|\n|t:|1770585666\n|move|p2a: Dewgong|Protect|p2a: Dewgong\n|-singleturn|p2a: Dewgong|Protect\n|move|p1a: Swellow|Facade|p2a: Dewgong\n|-activate|p2a: Dewgong|move: Protect\n|\n|-heal|p2a: Dewgong|45/322|[from] item: Leftovers\n|-damage|p1a: Swellow|76/230 tox|[from] psn\n|upkeep\n|turn|30\n|\n|t:|1770585667\n|move|p1a: Swellow|Facade|p2a: Dewgong\n|-damage|p2a: Dewgong|0 fnt\n|faint|p2a: Dewgong\n|\n|-damage|p1a: Swellow|48/230 tox|[from] psn\n|upkeep\n|\n|t:|1770585670\n|switch|p2a: Heatmor|Heatmor, L92, M|306/306\n|turn|31\n|\n|t:|1770585674\n|move|p1a: Swellow|Facade|p2a: Heatmor\n|-damage|p2a: Heatmor|96/306\n|move|p2a: Heatmor|Knock Off|p1a: Swellow\n|-damage|p1a: Swellow|0 fnt\n|-enditem|p1a: Swellow|Toxic Orb|[from] move: Knock Off|[of] p2a: Heatmor\n|faint|p1a: Swellow\n|-damage|p2a: Heatmor|66/306|[from] item: Life Orb\n|\n|win|mlungero\n|raw|Frognosticator's rating: 1533 &rarr; <strong>1521</strong><br />(-12 for losing)\n|raw|mlungero's rating: 1673 &rarr; <strong>1685</strong><br />(+12 for winning)\n|c|☆mlungero|Gg\n|l|☆Frognosticator\n|player|p1|\n|c|☆mlungero|Wp\n", "inputlog": ">version ccdc32dd7cde25fd9e4bed64820e885f66e78a4e\n>start {\"formatid\":\"gen6randombattle\",\"seed\":\"sodium,14c1b823cbf5626898f132a2be93b115\",\"rated\":\"Rated battle\"}\n>player p1 {\"name\":\"Frognosticator\",\"avatar\":\"101\",\"rating\":1533,\"seed\":\"sodium,c51ed8db6099bd50ce3a49610de8b265\"}\n>player p2 {\"name\":\"mlungero\",\"avatar\":\"brock\",\"rating\":1673,\"seed\":\"sodium,243b27f06be8767dd1139272162dd666\"}\n>p1 switch 3\n>p2 move substitute\n>p1 move encore\n>p2 move nastyplot\n>p1 switch 2\n>p2 move nastyplot\n>p1 move facade\n>p2 move nastyplot\n>p1 move uturn\n>p2 switch 6\n>p1 switch 6\n>p1 move lowkick\n>p2 switch 4\n>p1 switch 2\n>p2 move fireblast\n>p1 move mirrorcoat\n>p2 move taunt\n>p1 move mirrorcoat\n>p2 move focusblast\n>p1 move mirrorcoat\n>p2 move taunt\n>p1 move encore\n>p2 move thunderbolt\n>p1 switch 6\n>p1 move facade\n>p2 switch 4\n>p1 switch 2\n>p2 move suckerpunch\n>p1 move uturn\n>p2 move suckerpunch\n>p1 switch 2\n>p2 switch 5\n>p1 move uturn\n>p2 move counter\n>p1 switch 4\n>p1 move willowisp\n>p2 switch 4\n>p1 move calmmind\n>p2 move fireblast\n>chat ☆mlungero|Luckyyyyy\n>p1 switch 4\n>p1 move facade\n>p2 move fireblast\n>p2 switch 4\n>p1 move uturn\n>p2 move counter\n>p1 switch 3\n>p1 switch 3\n>p1 move facade\n>p2 move counter\n>p2 switch 2\n>p1 move uturn\n>p2 move protect\n>p1 move uturn\n>p2 move icebeam\n>p1 switch 5\n>p1 move thunderbolt\n>p2 move icebeam\n>p1 switch 5\n>p1 move facade\n>p2 move protect\n>p1 move facade\n>p2 switch 6\n>p1 move uturn\n>p2 move gigadrain\n>p1 switch 2\n>p2 switch 6\n>p1 move lowkick\n>p2 move protect\n>p1 move lowkick\n>p2 move icebeam\n>p1 switch 2\n>p1 move facade\n>p2 move protect\n>p1 move facade\n>p2 move icebeam\n>p2 switch 3\n>p1 move facade\n>p2 move knockoff", "uploadtime": 1770585687, "views": 208, "formatid": "gen6randombattle", "rating": 1521, "private": 0, "password": null}