{"id": "gen6randombattle-2522181691", "format": "[Gen 6] Random Battle", "players": ["pandab0t_", "arboretums"], "log": "|j|☆pandab0t_\n|j|☆arboretums\n|t:|1768868683\n|gametype|singles\n|player|p1|pandab0t_|dawn|1648\n|player|p2|arboretums|serena-masters2|1761\n|gen|6\n|tier|[Gen 6] Random Battle\n|rated|\n|rule|Sleep Clause Mod: Limit one foe put to sleep\n|rule|HP Percentage Mod: HP is shown in percentages\n|rule|Illusion Level Mod: Illusion disguises the Pokémon's true level\n|\n|t:|1768868683\n|teamsize|p1|6\n|teamsize|p2|6\n|start\n|switch|p1a: Raikou|Raikou, L79|272/272\n|switch|p2a: Machamp|Machamp, L81, F|278/278\n|-ability|p1a: Raikou|Pressure\n|turn|1\n|inactive|Battle timer is ON: inactive players will automatically lose when time's up. (requested by arboretums)\n|\n|t:|1768868694\n|move|p1a: Raikou|Substitute|p1a: Raikou\n|-start|p1a: Raikou|Substitute\n|-damage|p1a: Raikou|204/272\n|move|p2a: Machamp|Knock Off|p1a: Raikou\n|-end|p1a: Raikou|Substitute\n|\n|-heal|p1a: Raikou|221/272|[from] item: Leftovers\n|upkeep\n|turn|2\n|\n|t:|1768868706\n|switch|p1a: Persian|Persian, L91, F|266/266\n|move|p2a: Machamp|Knock Off|p1a: Persian\n|-damage|p1a: Persian|128/266\n|-enditem|p1a: Persian|Silk Scarf|[from] move: Knock Off|[of] p2a: Machamp\n|\n|upkeep\n|turn|3\n|\n|t:|1768868712\n|switch|p2a: Sandslash|Sandslash, L89, M|278/278\n|move|p1a: Persian|Fake Out|p2a: Sandslash\n|-damage|p2a: Sandslash|233/278\n|\n|-heal|p2a: Sandslash|250/278|[from] item: Leftovers\n|upkeep\n|turn|4\n|\n|t:|1768868719\n|move|p1a: Persian|Double-Edge|p2a: Sandslash\n|-damage|p2a: Sandslash|153/278\n|-damage|p1a: Persian|96/266|[from] Recoil\n|move|p2a: Sandslash|Earthquake|p1a: Persian\n|-damage|p1a: Persian|0 fnt\n|faint|p1a: Persian\n|\n|-heal|p2a: Sandslash|170/278|[from] item: Leftovers\n|upkeep\n|\n|t:|1768868734\n|switch|p1a: Trevenant|Trevenant, L91, M|303/303\n|turn|5\n|\n|t:|1768868737\n|move|p2a: Sandslash|Knock Off|p1a: Trevenant\n|-supereffective|p1a: Trevenant\n|-damage|p1a: Trevenant|147/303\n|-enditem|p1a: Trevenant|Choice Band|[from] move: Knock Off|[of] p2a: Sandslash\n|move|p1a: Trevenant|Wood Hammer|p2a: Sandslash\n|-supereffective|p2a: Sandslash\n|-damage|p2a: Sandslash|0 fnt\n|faint|p2a: Sandslash\n|-damage|p1a: Trevenant|91/303|[from] Recoil\n|\n|upkeep\n|\n|t:|1768868747\n|switch|p2a: Nidoking|Nidoking, L82, M|267/267\n|turn|6\n|\n|t:|1768868751\n|move|p2a: Nidoking|Ice Beam|p1a: Trevenant\n|-supereffective|p1a: Trevenant\n|-damage|p1a: Trevenant|0 fnt\n|faint|p1a: Trevenant\n|\n|upkeep\n|\n|t:|1768868753\n|switch|p1a: Meowstic|Meowstic, L86, M|268/268\n|turn|7\n|\n|t:|1768868760\n|move|p1a: Meowstic|Psychic|p2a: Nidoking\n|-supereffective|p2a: Nidoking\n|-damage|p2a: Nidoking|55/267\n|move|p2a: Nidoking|Poison Jab|p1a: Meowstic\n|-damage|p1a: Meowstic|107/268\n|\n|upkeep\n|turn|8\n|\n|t:|1768868776\n|switch|p2a: Empoleon|Empoleon, L82, F|272/272\n|move|p1a: Meowstic|Psychic|p2a: Empoleon\n|-resisted|p2a: Empoleon\n|-damage|p2a: Empoleon|234/272\n|\n|-heal|p2a: Empoleon|251/272|[from] item: Leftovers\n|upkeep\n|turn|9\n|\n|t:|1768868785\n|switch|p1a: Raikou|Raikou, L79|221/272\n|-ability|p1a: Raikou|Pressure\n|move|p2a: Empoleon|Toxic|p1a: Raikou\n|-status|p1a: Raikou|tox\n|\n|-heal|p1a: Raikou|238/272 tox|[from] item: Leftovers\n|-heal|p2a: Empoleon|268/272|[from] item: Leftovers\n|-damage|p1a: Raikou|221/272 tox|[from] psn\n|upkeep\n|turn|10\n|\n|t:|1768868789\n|switch|p2a: Nidoking|Nidoking, L82, M|55/267\n|move|p1a: Raikou|Substitute|p1a: Raikou\n|-start|p1a: Raikou|Substitute\n|-damage|p1a: Raikou|153/272 tox\n|\n|-heal|p1a: Raikou|170/272 tox|[from] item: Leftovers\n|-damage|p1a: Raikou|136/272 tox|[from] psn\n|upkeep\n|turn|11\n|\n|t:|1768868794\n|switch|p2a: Empoleon|Empoleon, L82, F|268/272\n|move|p1a: Raikou|Hidden Power|p2a: Empoleon\n|-resisted|p2a: Empoleon\n|-damage|p2a: Empoleon|258/272\n|\n|-heal|p1a: Raikou|153/272 tox|[from] item: Leftovers\n|-heal|p2a: Empoleon|272/272|[from] item: Leftovers\n|-damage|p1a: Raikou|102/272 tox|[from] psn\n|upkeep\n|turn|12\n|\n|t:|1768868805\n|switch|p2a: Nidoking|Nidoking, L82, M|55/267\n|move|p1a: Raikou|Hidden Power|p2a: Nidoking\n|-supereffective|p2a: Nidoking\n|-damage|p2a: Nidoking|0 fnt\n|faint|p2a: Nidoking\n|\n|-heal|p1a: Raikou|119/272 tox|[from] item: Leftovers\n|-damage|p1a: Raikou|51/272 tox|[from] psn\n|upkeep\n|\n|t:|1768868816\n|switch|p2a: Empoleon|Empoleon, L82, F|272/272\n|turn|13\n|\n|t:|1768868822\n|switch|p2a: Lilligant|Lilligant, L86, F|261/261\n|move|p1a: Raikou|Thunderbolt|p2a: Lilligant\n|-resisted|p2a: Lilligant\n|-damage|p2a: Lilligant|203/261\n|-status|p2a: Lilligant|par\n|\n|-heal|p1a: Raikou|68/272 tox|[from] item: Leftovers\n|-damage|p1a: Raikou|0 fnt|[from] psn\n|faint|p1a: Raikou\n|upkeep\n|\n|t:|1768868827\n|switch|p1a: Rapidash|Rapidash, L87, M|255/255\n|turn|14\n|\n|t:|1768868831\n|move|p1a: Rapidash|Flare Blitz|p2a: Lilligant\n|-supereffective|p2a: Lilligant\n|-damage|p2a: Lilligant|0 fnt\n|faint|p2a: Lilligant\n|-damage|p1a: Rapidash|188/255|[from] Recoil\n|-damage|p1a: Rapidash|163/255|[from] item: Life Orb\n|\n|upkeep\n|\n|t:|1768868845\n|switch|p2a: Machamp|Machamp, L81, F|278/278\n|turn|15\n|\n|t:|1768868851\n|move|p1a: Rapidash|Flare Blitz|p2a: Machamp\n|-crit|p2a: Machamp\n|-damage|p2a: Machamp|0 fnt\n|faint|p2a: Machamp\n|-damage|p1a: Rapidash|71/255|[from] Recoil\n|-damage|p1a: Rapidash|46/255|[from] item: Life Orb\n|\n|upkeep\n|\n|t:|1768868854\n|switch|p2a: Talonflame|Talonflame, L79, F|253/253\n|turn|16\n|\n|t:|1768868862\n|move|p2a: Talonflame|Brave Bird|p1a: Rapidash\n|-damage|p1a: Rapidash|0 fnt\n|faint|p1a: Rapidash\n|-damage|p2a: Talonflame|238/253|[from] Recoil\n|\n|upkeep\n|\n|t:|1768868867\n|switch|p1a: Meowstic|Meowstic, L86, M|107/268\n|turn|17\n|\n|t:|1768868871\n|move|p2a: Talonflame|Brave Bird|p1a: Meowstic\n|-damage|p1a: Meowstic|0 fnt\n|faint|p1a: Meowstic\n|-damage|p2a: Talonflame|203/253|[from] Recoil\n|\n|upkeep\n|c|☆arboretums|!dt gale wings\n|c|☆arboretums|/raw <ul class=\"utilichart\"><li class=\"result\"><span class=\"col namecol\"><a href=\"https://dex.pokemonshowdown.com/abilities/galewings\">Gale Wings</a></span> <span class=\"col abilitydesccol\">This Pokemon's Flying-type moves have their priority increased by 1.</span> </li><li style=\"clear:both\"></li></ul>\n|c|☆arboretums|/raw <font size=\"1\"><font color=\"#686868\">Gen:</font> 6</font>\n\n|\n|t:|1768868873\n|switch|p1a: Liepard|Liepard, L85, M|248/248\n|turn|18\n|\n|t:|1768868886\n|move|p2a: Talonflame|Brave Bird|p1a: Liepard\n|-damage|p1a: Liepard|61/248\n|-damage|p2a: Talonflame|141/253|[from] Recoil\n|move|p1a: Liepard|Knock Off|p2a: Talonflame\n|-damage|p2a: Talonflame|17/253\n|-enditem|p2a: Talonflame|Sharp Beak|[from] move: Knock Off|[of] p1a: Liepard\n|\n|-heal|p1a: Liepard|76/248|[from] item: Leftovers\n|upkeep\n|turn|19\n|\n|t:|1768868889\n|move|p2a: Talonflame|Brave Bird|p1a: Liepard\n|-damage|p1a: Liepard|0 fnt\n|faint|p1a: Liepard\n|-damage|p2a: Talonflame|0 fnt|[from] Recoil\n|faint|p2a: Talonflame\n|\n|win|arboretums\n|raw|pandab0t_'s rating: 1648 &rarr; <strong>1634</strong><br />(-14 for losing)\n|raw|arboretums's rating: 1761 &rarr; <strong>1775</strong><br />(+14 for winning)\n", "inputlog": ">version 3bd1a1e329da8d286644078cfc9a9638fc7ea025\n>start {\"formatid\":\"gen6randombattle\",\"seed\":\"sodium,5c0f518934093271bc49ab863b9d2497\",\"rated\":\"Rated battle\"}\n>player p1 {\"name\":\"pandab0t_\",\"avatar\":\"dawn\",\"rating\":1648,\"seed\":\"sodium,20fb928e2b222e16e85c9d34d8a61918\"}\n>player p2 {\"name\":\"arboretums\",\"avatar\":\"serena-masters2\",\"rating\":1761,\"seed\":\"sodium,8aa3ee8127403dd067ce97bd459dd8a6\"}\n>p1 move substitute\n>p2 move knockoff\n>p1 switch 5\n>p2 move knockoff\n>p1 move fakeout\n>p2 switch 2\n>p1 move doubleedge\n>p2 move earthquake\n>p1 switch 4\n>p1 move woodhammer\n>p2 move knockoff\n>p2 switch 6\n>p1 move woodhammer\n>p2 move icebeam\n>p1 switch 2\n>p1 move psychic\n>p2 move poisonjab\n>p1 move psychic\n>p2 switch 5\n>p1 switch 5\n>p2 move toxic\n>p1 move substitute\n>p2 switch 5\n>p1 move hiddenpower\n>p2 switch 5\n>p1 move hiddenpower\n>p2 switch 5\n>p2 switch 5\n>p1 move thunderbolt\n>p2 switch 3\n>p1 switch 6\n>p1 move flareblitz\n>p2 move sleeppowder\n>p2 switch 2\n>p1 move flareblitz\n>p2 move dynamicpunch\n>p2 switch 4\n>p1 move flareblitz\n>p2 move bravebird\n>p1 switch 5\n>p1 move reflect\n>p2 move bravebird\n>chat ☆arboretums|!dt gale wings\n>p1 switch 3\n>p1 move knockoff\n>p2 move bravebird\n>p1 move copycat\n>p2 move bravebird", "uploadtime": 1768868890, "views": 316, "formatid": "gen6randombattle", "rating": 1634, "private": 0, "password": null}