{"id": "gen6randombattle-2528850874", "format": "[Gen 6] Random Battle", "players": ["Omgebhonyel", "anguscloud"], "log": "|j|☆Omgebhonyel\n|j|☆anguscloud\n|t:|1769711600\n|gametype|singles\n|player|p1|Omgebhonyel|brock|1527\n|player|p2|anguscloud|zinzolin|1692\n|gen|6\n|tier|[Gen 6] Random Battle\n|rated|\n|rule|Sleep Clause Mod: Limit one foe put to sleep\n|rule|HP Percentage Mod: HP is shown in percentages\n|rule|Illusion Level Mod: Illusion disguises the Pokémon's true level\n|\n|t:|1769711600\n|teamsize|p1|6\n|teamsize|p2|6\n|start\n|switch|p1a: Golurk|Golurk, L83|283/283\n|switch|p2a: Virizion|Virizion, L80|277/277\n|turn|1\n|inactive|Battle timer is ON: inactive players will automatically lose when time's up. (requested by anguscloud)\n|c|☆anguscloud|hf\n|\n|t:|1769711629\n|move|p2a: Virizion|Leaf Blade|p1a: Golurk\n|-supereffective|p1a: Golurk\n|-crit|p1a: Golurk\n|-damage|p1a: Golurk|0 fnt\n|faint|p1a: Golurk\n|-damage|p2a: Virizion|250/277|[from] item: Life Orb\n|\n|upkeep\n|\n|t:|1769711642\n|switch|p1a: Mewtwo|Mewtwo, L70|264/264\n|-ability|p1a: Mewtwo|Unnerve\n|turn|2\n|c|☆Omgebhonyel|Thanks, you too\n|\n|t:|1769711662\n|switch|p2a: Mesprit|Mesprit, L85|275/275\n|move|p1a: Mewtwo|Fire Blast|p2a: Mesprit\n|-damage|p2a: Mesprit|181/275\n|-damage|p1a: Mewtwo|238/264|[from] item: Life Orb\n|\n|upkeep\n|turn|3\n|\n|t:|1769711672\n|switch|p1a: Umbreon|Umbreon, L83, F|293/293\n|move|p2a: Mesprit|Signal Beam|p1a: Umbreon\n|-supereffective|p1a: Umbreon\n|-damage|p1a: Umbreon|181/293\n|-damage|p2a: Mesprit|154/275|[from] item: Life Orb\n|\n|-heal|p1a: Umbreon|199/293|[from] item: Leftovers\n|upkeep\n|turn|4\n|\n|t:|1769711685\n|switch|p2a: Bastiodon|Bastiodon, L95, F|268/268\n|-item|p2a: Bastiodon|Air Balloon\n|move|p1a: Umbreon|Wish|p1a: Umbreon\n|\n|-heal|p1a: Umbreon|217/293|[from] item: Leftovers\n|upkeep\n|turn|5\n|\n|t:|1769711691\n|move|p1a: Umbreon|Foul Play|p2a: Bastiodon\n|-damage|p2a: Bastiodon|232/268\n|-enditem|p2a: Bastiodon|Air Balloon\n|move|p2a: Bastiodon|Stealth Rock|p1a: Umbreon\n|-sidestart|p1: Omgebhonyel|move: Stealth Rock\n|\n|-heal|p1a: Umbreon|293/293|[from] move: Wish|[wisher] Umbreon\n|upkeep\n|turn|6\n|\n|t:|1769711714\n|switch|p1a: Lucario|Lucario, L74, M|226/226\n|-damage|p1a: Lucario|219/226|[from] Stealth Rock\n|move|p2a: Bastiodon|Toxic|p1a: Lucario\n|-immune|p1a: Lucario\n|\n|upkeep\n|turn|7\n|\n|t:|1769711721\n|switch|p2a: Illumise|Illumise, L91, F|266/266\n|detailschange|p1a: Lucario|Lucario-Mega, L74, M\n|-mega|p1a: Lucario|Lucario|Lucarionite\n|move|p1a: Lucario|Swords Dance|p1a: Lucario\n|-boost|p1a: Lucario|atk|2\n|\n|upkeep\n|turn|8\n|\n|t:|1769711726\n|move|p1a: Lucario|Bullet Punch|p2a: Illumise\n|-damage|p2a: Illumise|96/266\n|move|p2a: Illumise|Encore|p1a: Lucario\n|-start|p1a: Lucario|Encore\n|\n|-heal|p2a: Illumise|112/266|[from] item: Leftovers\n|upkeep\n|turn|9\n|\n|t:|1769711732\n|switch|p2a: Dialga|Dialga, L73|266/266\n|-ability|p2a: Dialga|Pressure\n|move|p1a: Lucario|Bullet Punch|p2a: Dialga\n|-resisted|p2a: Dialga\n|-damage|p2a: Dialga|209/266\n|\n|-heal|p2a: Dialga|225/266|[from] item: Leftovers\n|upkeep\n|turn|10\n|\n|t:|1769711738\n|switch|p1a: Umbreon|Umbreon, L83, F|293/293\n|-damage|p1a: Umbreon|257/293|[from] Stealth Rock\n|move|p2a: Dialga|Toxic|p1a: Umbreon|[miss]\n|-miss|p2a: Dialga|p1a: Umbreon\n|\n|-heal|p2a: Dialga|241/266|[from] item: Leftovers\n|-heal|p1a: Umbreon|275/293|[from] item: Leftovers\n|upkeep\n|turn|11\n|\n|t:|1769711744\n|switch|p1a: Dragalge|Dragalge, L87, F|255/255\n|-damage|p1a: Dragalge|224/255|[from] Stealth Rock\n|move|p2a: Dialga|Toxic|p1a: Dragalge\n|-immune|p1a: Dragalge\n|\n|-heal|p2a: Dialga|257/266|[from] item: Leftovers\n|upkeep\n|turn|12\n|\n|t:|1769711751\n|switch|p2a: Bastiodon|Bastiodon, L95, F|232/268\n|switch|p1a: Umbreon|Umbreon, L83, F|275/293\n|-damage|p1a: Umbreon|239/293|[from] Stealth Rock\n|\n|-heal|p1a: Umbreon|257/293|[from] item: Leftovers\n|upkeep\n|turn|13\n|\n|t:|1769711754\n|switch|p1a: Lucario|Lucario-Mega, L74, M|219/226\n|-damage|p1a: Lucario|212/226|[from] Stealth Rock\n|move|p2a: Bastiodon|Roar|p1a: Lucario\n|drag|p1a: Dragalge|Dragalge, L87, F|224/255\n|-damage|p1a: Dragalge|193/255|[from] Stealth Rock\n|\n|upkeep\n|turn|14\n|\n|t:|1769711758\n|move|p1a: Dragalge|Focus Blast|p2a: Bastiodon\n|-supereffective|p2a: Bastiodon\n|-damage|p2a: Bastiodon|0 fnt\n|faint|p2a: Bastiodon\n|\n|upkeep\n|\n|t:|1769711763\n|switch|p2a: Mesprit|Mesprit, L85|154/275\n|turn|15\n|\n|t:|1769711768\n|switch|p1a: Umbreon|Umbreon, L83, F|257/293\n|-damage|p1a: Umbreon|221/293|[from] Stealth Rock\n|move|p2a: Mesprit|Calm Mind|p2a: Mesprit\n|-boost|p2a: Mesprit|spa|1\n|-boost|p2a: Mesprit|spd|1\n|\n|-heal|p1a: Umbreon|239/293|[from] item: Leftovers\n|upkeep\n|turn|16\n|\n|t:|1769711772\n|move|p2a: Mesprit|Signal Beam|p1a: Umbreon\n|-supereffective|p1a: Umbreon\n|-damage|p1a: Umbreon|60/293\n|-damage|p2a: Mesprit|127/275|[from] item: Life Orb\n|move|p1a: Umbreon|Foul Play|p2a: Mesprit\n|-supereffective|p2a: Mesprit\n|-damage|p2a: Mesprit|0 fnt\n|faint|p2a: Mesprit\n|\n|-heal|p1a: Umbreon|78/293|[from] item: Leftovers\n|upkeep\n|\n|t:|1769711778\n|switch|p2a: Illumise|Illumise, L91, F|112/266\n|turn|17\n|\n|t:|1769711781\n|switch|p1a: Dragalge|Dragalge, L87, F|193/255\n|-damage|p1a: Dragalge|162/255|[from] Stealth Rock\n|move|p2a: Illumise|Bug Buzz|p1a: Dragalge\n|-resisted|p1a: Dragalge\n|-damage|p1a: Dragalge|131/255\n|\n|-heal|p2a: Illumise|128/266|[from] item: Leftovers\n|upkeep\n|turn|18\n|\n|t:|1769711785\n|switch|p2a: Dialga|Dialga, L73|257/266\n|-ability|p2a: Dialga|Pressure\n|move|p1a: Dragalge|Draco Meteor|p2a: Dialga\n|-damage|p2a: Dialga|0 fnt\n|-unboost|p1a: Dragalge|spa|2\n|faint|p2a: Dialga\n|\n|upkeep\n|\n|t:|1769711793\n|switch|p2a: Virizion|Virizion, L80|250/277\n|turn|19\n|\n|t:|1769711798\n|switch|p1a: Umbreon|Umbreon, L83, F|78/293\n|-damage|p1a: Umbreon|42/293|[from] Stealth Rock\n|move|p2a: Virizion|Swords Dance|p2a: Virizion\n|-boost|p2a: Virizion|atk|2\n|\n|-heal|p1a: Umbreon|60/293|[from] item: Leftovers\n|upkeep\n|turn|20\n|\n|t:|1769711804\n|move|p2a: Virizion|Leaf Blade|p1a: Umbreon\n|-damage|p1a: Umbreon|0 fnt\n|faint|p1a: Umbreon\n|-damage|p2a: Virizion|223/277|[from] item: Life Orb\n|\n|upkeep\n|\n|t:|1769711807\n|switch|p1a: Mewtwo|Mewtwo, L70|238/264\n|-ability|p1a: Mewtwo|Unnerve\n|-damage|p1a: Mewtwo|205/264|[from] Stealth Rock\n|turn|21\n|\n|t:|1769711812\n|switch|p2a: Sylveon|Sylveon, L84, M|297/297\n|move|p1a: Mewtwo|Psystrike|p2a: Sylveon\n|-damage|p2a: Sylveon|125/297\n|-damage|p1a: Mewtwo|179/264|[from] item: Life Orb\n|\n|-heal|p2a: Sylveon|143/297|[from] item: Leftovers\n|upkeep\n|turn|22\n|\n|t:|1769711815\n|move|p1a: Mewtwo|Psystrike|p2a: Sylveon\n|-damage|p2a: Sylveon|0 fnt\n|faint|p2a: Sylveon\n|-damage|p1a: Mewtwo|153/264|[from] item: Life Orb\n|\n|upkeep\n|\n|t:|1769711816\n|switch|p2a: Illumise|Illumise, L91, F|128/266\n|turn|23\n|\n|t:|1769711819\n|switch|p1a: Dragalge|Dragalge, L87, F|131/255\n|-damage|p1a: Dragalge|100/255|[from] Stealth Rock\n|move|p2a: Illumise|Thunder Wave|p1a: Dragalge\n|-status|p1a: Dragalge|par\n|\n|-heal|p2a: Illumise|144/266|[from] item: Leftovers\n|upkeep\n|turn|24\n|\n|t:|1769711821\n|move|p2a: Illumise|Roost|p2a: Illumise\n|-heal|p2a: Illumise|266/266\n|-singleturn|p2a: Illumise|move: Roost\n|move|p1a: Dragalge|Sludge Wave|p2a: Illumise\n|-damage|p2a: Illumise|32/266\n|\n|-heal|p2a: Illumise|48/266|[from] item: Leftovers\n|upkeep\n|turn|25\n|\n|t:|1769711827\n|move|p2a: Illumise|Roost|p2a: Illumise\n|-heal|p2a: Illumise|181/266\n|-singleturn|p2a: Illumise|move: Roost\n|cant|p1a: Dragalge|par\n|\n|-heal|p2a: Illumise|197/266|[from] item: Leftovers\n|upkeep\n|turn|26\n|\n|t:|1769711831\n|move|p2a: Illumise|Bug Buzz|p1a: Dragalge\n|-resisted|p1a: Dragalge\n|-damage|p1a: Dragalge|64/255 par\n|move|p1a: Dragalge|Sludge Wave|p2a: Illumise\n|-damage|p2a: Illumise|0 fnt\n|faint|p2a: Illumise\n|\n|upkeep\n|\n|t:|1769711833\n|switch|p2a: Virizion|Virizion, L80|223/277\n|turn|27\n|\n|t:|1769711840\n|move|p2a: Virizion|Stone Edge|p1a: Dragalge\n|-damage|p1a: Dragalge|0 fnt\n|faint|p1a: Dragalge\n|-damage|p2a: Virizion|196/277|[from] item: Life Orb\n|\n|upkeep\n|c|☆anguscloud|gg\n|\n|t:|1769711847\n|switch|p1a: Darmanitan|Darmanitan, L80, M|299/299\n|-damage|p1a: Darmanitan|225/299|[from] Stealth Rock\n|turn|28\n|\n|t:|1769711849\n|move|p2a: Virizion|Close Combat|p1a: Darmanitan\n|-damage|p1a: Darmanitan|30/299\n|-unboost|p2a: Virizion|def|1\n|-unboost|p2a: Virizion|spd|1\n|-damage|p2a: Virizion|169/277|[from] item: Life Orb\n|move|p1a: Darmanitan|Flare Blitz|p2a: Virizion\n|-supereffective|p2a: Virizion\n|-crit|p2a: Virizion\n|-damage|p2a: Virizion|0 fnt\n|faint|p2a: Virizion\n|-damage|p1a: Darmanitan|0 fnt|[from] Recoil\n|faint|p1a: Darmanitan\n|\n|win|Omgebhonyel\n|raw|Omgebhonyel's rating: 1527 &rarr; <strong>1556</strong><br />(+29 for winning)\n|raw|anguscloud's rating: 1692 &rarr; <strong>1663</strong><br />(-29 for losing)\n|l|☆anguscloud\n|player|p2|\n|l|☆Omgebhonyel\n|player|p1|\n|j|☆Omgebhonyel\n|player|p1|Omgebhonyel|brock|\n", "inputlog": ">version b99ff0165a6231f17e8b78c2a78d1998375de664\n>start {\"formatid\":\"gen6randombattle\",\"seed\":\"sodium,f1a98ef0e93534287754b70b9d3dd528\",\"rated\":\"Rated battle\"}\n>player p1 {\"name\":\"Omgebhonyel\",\"avatar\":\"brock\",\"rating\":1527,\"seed\":\"sodium,da70913917b857515e0eb32120cfdc88\"}\n>player p2 {\"name\":\"anguscloud\",\"avatar\":\"zinzolin\",\"rating\":1692,\"seed\":\"sodium,bd567c1bd13a2c33a69b3673dfbbe948\"}\n>chat ☆anguscloud|hf\n>p1 move dynamicpunch\n>p2 move leafblade\n>p1 switch 4\n>chat ☆Omgebhonyel|Thanks, you too\n>p1 move fireblast\n>p2 switch 4\n>p1 switch 6\n>p2 move signalbeam\n>p1 move wish\n>p2 switch 3\n>p1 move foulplay\n>p2 move stealthrock\n>p1 switch 5\n>p2 move toxic\n>p1 move swordsdance mega\n>p2 switch 5\n>p1 move bulletpunch\n>p2 move encore\n>p1 move bulletpunch\n>p2 switch 6\n>p1 switch 5\n>p2 move toxic\n>p1 switch 2\n>p2 move toxic\n>p1 switch 2\n>p2 switch 5\n>p1 switch 5\n>p2 move roar\n>p1 move focusblast\n>p2 move roar\n>p2 switch 3\n>p1 switch 5\n>p2 move calmmind\n>p1 move foulplay\n>p2 move signalbeam\n>p2 switch 6\n>p1 switch 5\n>p2 move bugbuzz\n>p1 move dracometeor\n>p2 switch 5\n>p2 switch 4\n>p1 switch 5\n>p2 move swordsdance\n>p1 move toxic\n>p2 move leafblade\n>p1 switch 6\n>p1 move psystrike\n>p2 switch 2\n>p1 move psystrike\n>p2 move hypervoice\n>p2 switch 5\n>p1 switch 5\n>p2 move thunderwave\n>p1 move sludgewave\n>p2 move roost\n>p1 move sludgewave\n>p2 move roost\n>p1 move sludgewave\n>p2 move bugbuzz\n>p2 switch 2\n>p1 move sludgewave\n>p2 move stoneedge\n>chat ☆anguscloud|gg\n>p1 switch 3\n>p1 move flareblitz\n>p2 move closecombat", "uploadtime": 1769711880, "views": 282, "formatid": "gen6randombattle", "rating": 1556, "private": 0, "password": null}