{"id": "gen6randombattle-2522994037", "format": "[Gen 6] Random Battle", "players": ["younmous", "Rakunda"], "log": "|j|☆younmous\n|j|☆Rakunda\n|t:|1768968764\n|gametype|singles\n|player|p1|younmous|lance|1587\n|player|p2|Rakunda|steven|1625\n|gen|6\n|tier|[Gen 6] Random Battle\n|rated|\n|rule|Sleep Clause Mod: Limit one foe put to sleep\n|rule|HP Percentage Mod: HP is shown in percentages\n|rule|Illusion Level Mod: Illusion disguises the Pokémon's true level\n|\n|t:|1768968764\n|teamsize|p1|6\n|teamsize|p2|6\n|start\n|switch|p1a: Scizor|Scizor, L78, M|237/237\n|switch|p2a: Clawitzer|Clawitzer, L85, M|259/259\n|turn|1\n|inactive|Battle timer is ON: inactive players will automatically lose when time's up. (requested by Rakunda)\n|inactive|younmous also wants the timer to be on.\n|inactive|Rakunda has 120 seconds left.\n|inactive|Rakunda has 90 seconds left.\n|\n|t:|1768968825\n|switch|p1a: Maractus|Maractus, L98, F|305/305\n|move|p2a: Clawitzer|Scald|p1a: Maractus\n|-ability|p1a: Maractus|Storm Drain|boost\n|-boost|p1a: Maractus|spa|1\n|\n|upkeep\n|turn|2\n|\n|t:|1768968836\n|switch|p2a: Chansey|Chansey, L86, F|570/570\n|move|p1a: Maractus|Leech Seed|p2a: Chansey\n|-start|p2a: Chansey|move: Leech Seed\n|\n|-damage|p2a: Chansey|499/570|[from] Leech Seed|[of] p1a: Maractus\n|upkeep\n|turn|3\n|\n|t:|1768968842\n|move|p1a: Maractus|Spiky Shield|p1a: Maractus\n|-singleturn|p1a: Maractus|move: Protect\n|move|p2a: Chansey|Stealth Rock|p1a: Maractus\n|-sidestart|p1: younmous|move: Stealth Rock\n|\n|-damage|p2a: Chansey|428/570|[from] Leech Seed|[of] p1a: Maractus\n|upkeep\n|turn|4\n|\n|t:|1768968848\n|move|p1a: Maractus|Giga Drain|p2a: Chansey\n|-damage|p2a: Chansey|329/570\n|move|p2a: Chansey|Toxic|p1a: Maractus\n|-status|p1a: Maractus|tox\n|\n|-damage|p2a: Chansey|258/570|[from] Leech Seed|[of] p1a: Maractus\n|-damage|p1a: Maractus|286/305 tox|[from] psn\n|upkeep\n|turn|5\n|\n|t:|1768968858\n|switch|p1a: Hitmontop|Hitmontop, L89, M|234/234\n|-damage|p1a: Hitmontop|220/234|[from] Stealth Rock\n|-ability|p1a: Hitmontop|Intimidate|boost\n|-unboost|p2a: Chansey|atk|1\n|move|p2a: Chansey|Soft-Boiled|p2a: Chansey\n|-heal|p2a: Chansey|543/570\n|\n|-heal|p1a: Hitmontop|234/234|[from] item: Leftovers\n|-damage|p2a: Chansey|472/570|[from] Leech Seed|[of] p1a: Hitmontop\n|upkeep\n|turn|6\n|\n|t:|1768968872\n|switch|p2a: Dedenne|Dedenne, L89, M|264/264\n|move|p1a: Hitmontop|Rapid Spin|p2a: Dedenne\n|-damage|p2a: Dedenne|242/264\n|-sideend|p1: younmous|Stealth Rock|[from] move: Rapid Spin|[of] p1a: Hitmontop\n|\n|upkeep\n|turn|7\n|\n|t:|1768968881\n|move|p2a: Dedenne|Substitute|p2a: Dedenne\n|-start|p2a: Dedenne|Substitute\n|-damage|p2a: Dedenne|176/264\n|move|p1a: Hitmontop|Earthquake|p2a: Dedenne\n|-supereffective|p2a: Dedenne\n|-end|p2a: Dedenne|Substitute\n|\n|upkeep\n|turn|8\n|\n|t:|1768968900\n|switch|p2a: Clawitzer|Clawitzer, L85, M|259/259\n|move|p1a: Hitmontop|Earthquake|p2a: Clawitzer\n|-damage|p2a: Clawitzer|188/259\n|\n|upkeep\n|turn|9\n|\n|t:|1768968917\n|switch|p1a: Weavile|Weavile, L77, M|234/234\n|move|p2a: Clawitzer|U-turn|p1a: Weavile\n|-supereffective|p1a: Weavile\n|-damage|p1a: Weavile|110/234\n|inactive|Rakunda has 120 seconds left.\n|\n|t:|1768968950\n|switch|p2a: Electivire|Electivire, L84, M|263/263|[from] U-turn\n|\n|upkeep\n|turn|10\n|\n|t:|1768968967\n|move|p1a: Weavile|Icicle Crash|p2a: Electivire|[miss]\n|-miss|p1a: Weavile|p2a: Electivire\n|move|p2a: Electivire|Wild Charge|p1a: Weavile\n|-damage|p1a: Weavile|0 fnt\n|faint|p1a: Weavile\n|-damage|p2a: Electivire|235/263|[from] Recoil\n|\n|upkeep\n|\n|t:|1768968982\n|switch|p1a: Magcargo|Magcargo, L98, F|256/256\n|turn|11\n|\n|t:|1768968994\n|switch|p2a: Clawitzer|Clawitzer, L85, M|188/259\n|move|p1a: Magcargo|Stealth Rock|p2a: Clawitzer\n|-sidestart|p2: Rakunda|move: Stealth Rock\n|\n|upkeep\n|turn|12\n|\n|t:|1768969003\n|move|p2a: Clawitzer|Aura Sphere|p1a: Magcargo\n|-supereffective|p1a: Magcargo\n|-damage|p1a: Magcargo|68/256\n|move|p1a: Magcargo|Lava Plume|p2a: Clawitzer\n|-resisted|p2a: Clawitzer\n|-damage|p2a: Clawitzer|153/259\n|\n|-heal|p1a: Magcargo|84/256|[from] item: Leftovers\n|upkeep\n|turn|13\n|\n|t:|1768969011\n|switch|p1a: Scizor|Scizor, L78, M|237/237\n|move|p2a: Clawitzer|Aura Sphere|p1a: Scizor\n|-damage|p1a: Scizor|110/237\n|\n|upkeep\n|turn|14\n|\n|t:|1768969017\n|move|p2a: Clawitzer|Aura Sphere|p1a: Scizor\n|-damage|p1a: Scizor|0 fnt\n|faint|p1a: Scizor\n|\n|upkeep\n|\n|t:|1768969026\n|switch|p1a: Maractus|Maractus, L98, F|286/305 tox\n|turn|15\n|\n|t:|1768969033\n|switch|p2a: Chansey|Chansey, L86, F|472/570\n|-damage|p2a: Chansey|401/570|[from] Stealth Rock\n|move|p1a: Maractus|Giga Drain|p2a: Chansey\n|-damage|p2a: Chansey|334/570\n|-heal|p1a: Maractus|305/305 tox|[from] drain|[of] p2a: Chansey\n|\n|-damage|p1a: Maractus|286/305 tox|[from] psn\n|upkeep\n|turn|16\n|-message|younmous forfeited.\n|\n|win|Rakunda\n|raw|younmous's rating: 1587 &rarr; <strong>1569</strong><br />(-18 for losing)\n|raw|Rakunda's rating: 1625 &rarr; <strong>1643</strong><br />(+18 for winning)\n|l|☆younmous\n|player|p1|\n", "inputlog": ">version 3bd1a1e329da8d286644078cfc9a9638fc7ea025\n>start {\"formatid\":\"gen6randombattle\",\"seed\":\"sodium,09f1245af73cc41aa4881f74192e3184\",\"rated\":\"Rated battle\"}\n>player p1 {\"name\":\"younmous\",\"avatar\":\"lance\",\"rating\":1587,\"seed\":\"sodium,403f5b6d0f9469d6349781deb29db715\"}\n>player p2 {\"name\":\"Rakunda\",\"avatar\":\"steven\",\"rating\":1625,\"seed\":\"sodium,a91af0e049a0404555902b6638ef8029\"}\n>p1 switch 6\n>p2 move scald\n>p1 move leechseed\n>p2 switch 6\n>p1 move spikyshield\n>p2 move stealthrock\n>p1 move gigadrain\n>p2 move toxic\n>p1 switch 2\n>p2 move softboiled\n>p1 move rapidspin\n>p2 switch 2\n>p1 move earthquake\n>p2 move substitute\n>p1 move earthquake\n>p2 switch 6\n>p1 switch 3\n>p2 move uturn\n>p2 switch 4\n>p1 move iciclecrash\n>p2 move wildcharge\n>p1 switch 5\n>p1 move stealthrock\n>p2 switch 4\n>p1 move lavaplume\n>p2 move aurasphere\n>p1 switch 6\n>p2 move aurasphere\n>p1 move bugbite\n>p2 move aurasphere\n>p1 switch 2\n>p1 move gigadrain\n>p2 switch 2\n>forcelose p1", "uploadtime": 1768969049, "views": 314, "formatid": "gen6randombattle", "rating": 1569, "private": 0, "password": null}