{"id": "gen6randombattle-2516497946", "format": "[Gen 6] Random Battle", "players": ["arboretums", "fy8seasiders"], "log": "|j|☆arboretums\n|j|☆fy8seasiders\n|t:|1768148851\n|gametype|singles\n|player|p1|arboretums|serena-masters2|1594\n|player|p2|fy8seasiders|lucas-gen4pt|1547\n|gen|6\n|tier|[Gen 6] Random Battle\n|rated|\n|rule|Sleep Clause Mod: Limit one foe put to sleep\n|rule|HP Percentage Mod: HP is shown in percentages\n|rule|Illusion Level Mod: Illusion disguises the Pokémon's true level\n|\n|t:|1768148851\n|teamsize|p1|6\n|teamsize|p2|6\n|start\n|switch|p1a: Yveltal|Yveltal, L69|288/288\n|switch|p2a: Mewtwo|Mewtwo, L70|264/264\n|-ability|p2a: Mewtwo|Unnerve\n|-ability|p1a: Yveltal|Dark Aura\n|turn|1\n|inactive|Battle timer is ON: inactive players will automatically lose when time's up. (requested by fy8seasiders)\n|\n|t:|1768148863\n|switch|p2a: Samurott|Samurott, L87, M|307/307\n|move|p1a: Yveltal|Knock Off|p2a: Samurott\n|-damage|p2a: Samurott|183/307\n|-enditem|p2a: Samurott|Assault Vest|[from] move: Knock Off|[of] p1a: Yveltal\n|\n|upkeep\n|turn|2\n|\n|t:|1768148875\n|switch|p1a: Cobalion|Cobalion, L77|267/267\n|move|p2a: Samurott|Scald|p1a: Cobalion\n|-damage|p1a: Cobalion|141/267\n|\n|-heal|p1a: Cobalion|157/267|[from] item: Leftovers\n|upkeep\n|turn|3\n|\n|t:|1768148889\n|switch|p1a: Wormadam|Wormadam, F|282/282\n|move|p2a: Samurott|Superpower|p1a: Wormadam\n|-resisted|p1a: Wormadam\n|-damage|p1a: Wormadam|244/282\n|-unboost|p2a: Samurott|atk|1\n|-unboost|p2a: Samurott|def|1\n|\n|-heal|p1a: Wormadam|261/282|[from] item: Leftovers\n|upkeep\n|turn|4\n|\n|t:|1768148900\n|switch|p2a: Flareon|Flareon, L88, M|258/258\n|move|p1a: Wormadam|Giga Drain|p2a: Flareon\n|-resisted|p2a: Flareon\n|-crit|p2a: Flareon\n|-damage|p2a: Flareon|195/258\n|-heal|p1a: Wormadam|282/282|[from] drain|[of] p2a: Flareon\n|\n|-status|p2a: Flareon|tox|[from] item: Toxic Orb\n|upkeep\n|turn|5\n|\n|t:|1768148908\n|move|p1a: Wormadam|Protect|p1a: Wormadam\n|-singleturn|p1a: Wormadam|Protect\n|move|p2a: Flareon|Flare Blitz|p1a: Wormadam\n|-activate|p1a: Wormadam|move: Protect\n|\n|-damage|p2a: Flareon|179/258 tox|[from] psn\n|upkeep\n|turn|6\n|\n|t:|1768148913\n|switch|p1a: Volcanion|Volcanion, L79|255/255\n|move|p2a: Flareon|Flare Blitz|p1a: Volcanion\n|-resisted|p1a: Volcanion\n|-damage|p1a: Volcanion|203/255\n|-damage|p2a: Flareon|162/258 tox|[from] Recoil\n|\n|-damage|p2a: Flareon|130/258 tox|[from] psn\n|upkeep\n|turn|7\n|\n|t:|1768148928\n|switch|p2a: Samurott|Samurott, L87, M|183/307\n|switch|p1a: Rhydon|Rhydon, L83, F|310/310\n|\n|upkeep\n|turn|8\n|\n|t:|1768148933\n|switch|p1a: Yveltal|Yveltal, L69|288/288\n|-ability|p1a: Yveltal|Dark Aura\n|move|p2a: Samurott|Scald|p1a: Yveltal\n|-damage|p1a: Yveltal|173/288\n|\n|-heal|p1a: Yveltal|191/288|[from] item: Leftovers\n|upkeep\n|turn|9\n|j| Referrals\n|\n|t:|1768148958\n|move|p1a: Yveltal|Oblivion Wing|p2a: Samurott\n|-damage|p2a: Samurott|99/307\n|-heal|p1a: Yveltal|254/288|[from] drain|[of] p2a: Samurott\n|move|p2a: Samurott|Scald|p1a: Yveltal\n|-damage|p1a: Yveltal|83/288\n|\n|-heal|p1a: Yveltal|101/288|[from] item: Leftovers\n|upkeep\n|turn|10\n|\n|t:|1768148968\n|move|p1a: Yveltal|Oblivion Wing|p2a: Samurott\n|-damage|p2a: Samurott|8/307\n|-heal|p1a: Yveltal|169/288|[from] drain|[of] p2a: Samurott\n|move|p2a: Samurott|Scald|p1a: Yveltal\n|-damage|p1a: Yveltal|4/288\n|-status|p1a: Yveltal|brn\n|\n|-heal|p1a: Yveltal|22/288 brn|[from] item: Leftovers\n|-damage|p1a: Yveltal|0 fnt|[from] brn\n|faint|p1a: Yveltal\n|upkeep\n|\n|t:|1768148975\n|switch|p1a: Rhydon|Rhydon, L83, F|310/310\n|turn|11\n|\n|t:|1768148981\n|switch|p1a: Volcanion|Volcanion, L79|203/255\n|move|p2a: Samurott|Scald|p1a: Volcanion\n|-heal|p1a: Volcanion|255/255|[from] ability: Water Absorb|[of] p2a: Samurott\n|\n|upkeep\n|turn|12\n|\n|t:|1768149006\n|switch|p2a: Hawlucha|Hawlucha, L77, F|244/244\n|move|p1a: Volcanion|Steam Eruption|p2a: Hawlucha\n|-damage|p2a: Hawlucha|49/244\n|-status|p2a: Hawlucha|brn\n|-enditem|p2a: Hawlucha|Sitrus Berry|[eat]\n|-heal|p2a: Hawlucha|110/244 brn|[from] item: Sitrus Berry\n|\n|-damage|p2a: Hawlucha|80/244 brn|[from] brn\n|upkeep\n|turn|13\n|\n|t:|1768149014\n|move|p2a: Hawlucha|Acrobatics|p1a: Volcanion\n|-damage|p1a: Volcanion|215/255\n|move|p1a: Volcanion|Steam Eruption|p2a: Hawlucha\n|-damage|p2a: Hawlucha|0 fnt\n|faint|p2a: Hawlucha\n|\n|upkeep\n|\n|t:|1768149020\n|switch|p2a: Kangaskhan|Kangaskhan, L71, F|267/267\n|turn|14\n|\n|t:|1768149026\n|detailschange|p2a: Kangaskhan|Kangaskhan-Mega, L71, F\n|-mega|p2a: Kangaskhan|Kangaskhan|Kangaskhanite\n|move|p2a: Kangaskhan|Body Slam|p1a: Volcanion\n|-damage|p1a: Volcanion|149/255\n|-damage|p1a: Volcanion|119/255\n|-hitcount|p1a: Volcanion|2\n|move|p1a: Volcanion|Steam Eruption|p2a: Kangaskhan\n|-crit|p2a: Kangaskhan\n|-damage|p2a: Kangaskhan|48/267\n|\n|upkeep\n|turn|15\n|\n|t:|1768149042\n|move|p2a: Kangaskhan|Seismic Toss|p1a: Volcanion\n|-damage|p1a: Volcanion|48/255\n|-damage|p1a: Volcanion|0 fnt\n|faint|p1a: Volcanion\n|-hitcount|p1: Volcanion|2\n|\n|upkeep\n|\n|t:|1768149047\n|switch|p1a: Cobalion|Cobalion, L77|157/267\n|turn|16\n|\n|t:|1768149061\n|move|p1a: Cobalion|Iron Head|p2a: Kangaskhan\n|-damage|p2a: Kangaskhan|0 fnt\n|faint|p2a: Kangaskhan\n|detailschange|p2: Kangaskhan|Kangaskhan, L71, F|[silent]\n|\n|-heal|p1a: Cobalion|173/267|[from] item: Leftovers\n|upkeep\n|\n|t:|1768149063\n|switch|p2a: Masquerain|Masquerain, L90, F|271/271\n|-ability|p2a: Masquerain|Intimidate|boost\n|-unboost|p1a: Cobalion|atk|1\n|turn|17\n|\n|t:|1768149072\n|move|p1a: Cobalion|Stone Edge|p2a: Masquerain\n|-supereffective|p2a: Masquerain\n|-damage|p2a: Masquerain|107/271\n|move|p2a: Masquerain|Sticky Web|p1a: Cobalion\n|-sidestart|p1: arboretums|move: Sticky Web\n|\n|-heal|p1a: Cobalion|189/267|[from] item: Leftovers\n|-heal|p2a: Masquerain|123/271|[from] item: Leftovers\n|upkeep\n|turn|18\n|\n|t:|1768149079\n|switch|p2a: Mewtwo|Mewtwo, L70|264/264\n|-ability|p2a: Mewtwo|Unnerve\n|move|p1a: Cobalion|Stealth Rock|p2a: Mewtwo\n|-sidestart|p2: fy8seasiders|move: Stealth Rock\n|\n|-heal|p1a: Cobalion|205/267|[from] item: Leftovers\n|upkeep\n|turn|19\n|\n|t:|1768149091\n|switch|p1a: Rhydon|Rhydon, L83, F|310/310\n|-activate|p1a: Rhydon|move: Sticky Web\n|-unboost|p1a: Rhydon|spe|1\n|move|p2a: Mewtwo|Psystrike|p1a: Rhydon\n|-damage|p1a: Rhydon|232/310\n|-damage|p2a: Mewtwo|238/264|[from] item: Life Orb\n|\n|upkeep\n|turn|20\n|\n|t:|1768149100\n|switch|p2a: Masquerain|Masquerain, L90, F|123/271\n|-damage|p2a: Masquerain|0 fnt|[from] Stealth Rock\n|faint|p2a: Masquerain\n|move|p1a: Rhydon|Megahorn|p2: Masquerain|[notarget]\n|-fail|p1a: Rhydon\n|\n|upkeep\n|\n|t:|1768149109\n|switch|p2a: Mewtwo|Mewtwo, L70|238/264\n|-ability|p2a: Mewtwo|Unnerve\n|-damage|p2a: Mewtwo|205/264|[from] Stealth Rock\n|turn|21\n|\n|t:|1768149113\n|move|p2a: Mewtwo|Aura Sphere|p1a: Rhydon\n|-supereffective|p1a: Rhydon\n|-damage|p1a: Rhydon|66/310\n|-damage|p2a: Mewtwo|179/264|[from] item: Life Orb\n|move|p1a: Rhydon|Megahorn|p2a: Mewtwo\n|-supereffective|p2a: Mewtwo\n|-damage|p2a: Mewtwo|0 fnt\n|faint|p2a: Mewtwo\n|\n|upkeep\n|\n|t:|1768149118\n|switch|p2a: Samurott|Samurott, L87, M|8/307\n|-damage|p2a: Samurott|0 fnt|[from] Stealth Rock\n|faint|p2a: Samurott\n|\n|t:|1768149119\n|switch|p2a: Flareon|Flareon, L88, M|130/258 tox\n|-damage|p2a: Flareon|66/258 tox|[from] Stealth Rock\n|turn|22\n|\n|t:|1768149133\n|move|p2a: Flareon|Facade|p1a: Rhydon\n|-resisted|p1a: Rhydon\n|-damage|p1a: Rhydon|11/310\n|move|p1a: Rhydon|Earthquake|p2a: Flareon\n|-supereffective|p2a: Flareon\n|-damage|p2a: Flareon|0 fnt\n|faint|p2a: Flareon\n|\n|win|arboretums\n|raw|arboretums's rating: 1594 &rarr; <strong>1611</strong><br />(+17 for winning)\n|raw|fy8seasiders's rating: 1547 &rarr; <strong>1530</strong><br />(-17 for losing)\n", "inputlog": ">version f2883557ca71b1a14bc1039fd307aee7de4ab455\n>start {\"formatid\":\"gen6randombattle\",\"seed\":\"sodium,60bf3cade2128f651528f02cf62cd9d8\",\"rated\":\"Rated battle\"}\n>player p1 {\"name\":\"arboretums\",\"avatar\":\"serena-masters2\",\"rating\":1594,\"seed\":\"sodium,24af0e1a0837ab6a79d33ebb01f6a5fa\"}\n>player p2 {\"name\":\"fy8seasiders\",\"avatar\":\"lucas-gen4pt\",\"rating\":1547,\"seed\":\"sodium,76a1cbe86b5834096f3c79d005d323e2\"}\n>p1 move knockoff\n>p2 switch 3\n>p1 switch 6\n>p2 move scald\n>p1 switch 2\n>p2 move superpower\n>p1 move gigadrain\n>p2 switch 5\n>p1 move protect\n>p2 move flareblitz\n>p1 switch 3\n>p2 move flareblitz\n>p1 switch 5\n>p2 switch 5\n>p1 switch 6\n>p2 move scald\n>p1 move oblivionwing\n>p2 move scald\n>p1 move oblivionwing\n>p2 move scald\n>p1 switch 6\n>p1 switch 5\n>p2 move scald\n>p1 move steameruption\n>p2 switch 6\n>p1 move steameruption\n>p2 move acrobatics\n>p2 switch 2\n>p1 move steameruption\n>p2 move bodyslam mega\n>p1 move steameruption\n>p2 move seismictoss\n>p1 switch 2\n>p1 move ironhead\n>p2 move seismictoss\n>p2 switch 4\n>p1 move stoneedge\n>p2 move stickyweb\n>p1 move stealthrock\n>p2 switch 3\n>p1 switch 5\n>p2 move psystrike\n>p1 move megahorn\n>p2 switch 3\n>p2 switch 3\n>p1 move megahorn\n>p2 move aurasphere\n>p2 switch 6\n>p2 switch 5\n>p1 move earthquake\n>p2 move facade", "uploadtime": 1768149134, "views": 253, "formatid": "gen6randombattle", "rating": 1530, "private": 0, "password": null}