{"id": "gen6randombattle-2518118174", "format": "[Gen 6] Random Battle", "players": ["Magomagic", "arboretums"], "log": "|j|☆Magomagic\n|j|☆arboretums\n|t:|1768344020\n|gametype|singles\n|player|p1|Magomagic|clown|1517\n|player|p2|arboretums|serena-masters2|1576\n|gen|6\n|tier|[Gen 6] Random Battle\n|rated|\n|rule|Sleep Clause Mod: Limit one foe put to sleep\n|rule|HP Percentage Mod: HP is shown in percentages\n|rule|Illusion Level Mod: Illusion disguises the Pokémon's true level\n|\n|t:|1768344020\n|teamsize|p1|6\n|teamsize|p2|6\n|start\n|switch|p1a: Luxray|Luxray, L88, F|284/284\n|switch|p2a: Scolipede|Scolipede, L79, M|224/224\n|turn|1\n|inactive|Battle timer is ON: inactive players will automatically lose when time's up. (requested by Magomagic)\n|\n|t:|1768344038\n|move|p2a: Scolipede|Megahorn|p1a: Luxray\n|-damage|p1a: Luxray|138/284\n|-damage|p2a: Scolipede|202/224|[from] item: Life Orb\n|move|p1a: Luxray|Crunch|p2a: Scolipede\n|-damage|p2a: Scolipede|130/224\n|-unboost|p2a: Scolipede|def|1\n|\n|-ability|p2a: Scolipede|Speed Boost|boost\n|-boost|p2a: Scolipede|spe|1\n|-status|p1a: Luxray|tox|[from] item: Toxic Orb\n|upkeep\n|turn|2\n|\n|t:|1768344054\n|switch|p1a: Rampardos|Rampardos, L87, M|311/311\n|move|p2a: Scolipede|Megahorn|p1a: Rampardos\n|-damage|p1a: Rampardos|136/311\n|-damage|p2a: Scolipede|108/224|[from] item: Life Orb\n|\n|-ability|p2a: Scolipede|Speed Boost|boost\n|-boost|p2a: Scolipede|spe|1\n|upkeep\n|turn|3\n|\n|t:|1768344061\n|switch|p1a: Tornadus|Tornadus-Therian, L78, M|251/251\n|move|p2a: Scolipede|Megahorn|p1a: Tornadus\n|-resisted|p1a: Tornadus\n|-damage|p1a: Tornadus|160/251\n|-damage|p2a: Scolipede|86/224|[from] item: Life Orb\n|\n|-ability|p2a: Scolipede|Speed Boost|boost\n|-boost|p2a: Scolipede|spe|1\n|upkeep\n|turn|4\n|\n|t:|1768344072\n|switch|p2a: Azumarill|Azumarill, L81, F|295/295\n|move|p1a: Tornadus|Heat Wave|p2a: Azumarill\n|-resisted|p2a: Azumarill\n|-damage|p2a: Azumarill|256/295\n|\n|upkeep\n|turn|5\n|\n|t:|1768344077\n|move|p1a: Tornadus|U-turn|p2a: Azumarill\n|-resisted|p2a: Azumarill\n|-damage|p2a: Azumarill|232/295\n|c|☆arboretums|that scolipede set is really weird\n|\n|t:|1768344083\n|switch|p1a: Rampardos|Rampardos, L87, M|136/311|[from] U-turn\n|move|p2a: Azumarill|Waterfall|p1a: Rampardos\n|-supereffective|p1a: Rampardos\n|-damage|p1a: Rampardos|0 fnt\n|faint|p1a: Rampardos\n|\n|upkeep\n|\n|t:|1768344086\n|switch|p1a: Luxray|Luxray, L88, F|138/284 tox\n|turn|6\n|c|☆arboretums|two spike moves on a life or bset\n|\n|t:|1768344106\n|switch|p2a: Granbull|Granbull, L87, F|298/298\n|-ability|p2a: Granbull|Intimidate|boost\n|-unboost|p1a: Luxray|atk|1\n|move|p1a: Luxray|Facade|p2a: Granbull\n|-damage|p2a: Granbull|159/298\n|\n|-heal|p2a: Granbull|177/298|[from] item: Leftovers\n|-damage|p1a: Luxray|121/284 tox|[from] psn\n|upkeep\n|turn|7\n|c|☆Magomagic|That is weird\n|c|☆arboretums|yeah\n|\n|t:|1768344116\n|switch|p1a: Solrock|Solrock, L90|272/272\n|move|p2a: Granbull|Play Rough|p1a: Solrock\n|-damage|p1a: Solrock|151/272\n|\n|-heal|p1a: Solrock|168/272|[from] item: Leftovers\n|-heal|p2a: Granbull|195/298|[from] item: Leftovers\n|upkeep\n|turn|8\n|c|☆arboretums|should have had swords dance or something\n|\n|t:|1768344122\n|move|p1a: Solrock|Stealth Rock|p2a: Granbull\n|-sidestart|p2: arboretums|move: Stealth Rock\n|move|p2a: Granbull|Toxic|p1a: Solrock\n|-status|p1a: Solrock|tox\n|\n|-heal|p1a: Solrock|185/272 tox|[from] item: Leftovers\n|-heal|p2a: Granbull|213/298|[from] item: Leftovers\n|-damage|p1a: Solrock|168/272 tox|[from] psn\n|upkeep\n|turn|9\n|\n|t:|1768344129\n|move|p1a: Solrock|Stone Edge|p2a: Granbull\n|-damage|p2a: Granbull|87/298\n|move|p2a: Granbull|Play Rough|p1a: Solrock\n|-damage|p1a: Solrock|54/272 tox\n|\n|-heal|p1a: Solrock|71/272 tox|[from] item: Leftovers\n|-heal|p2a: Granbull|105/298|[from] item: Leftovers\n|-damage|p1a: Solrock|37/272 tox|[from] psn\n|upkeep\n|turn|10\n|\n|t:|1768344133\n|move|p1a: Solrock|Stone Edge|p2a: Granbull|[miss]\n|-miss|p1a: Solrock|p2a: Granbull\n|move|p2a: Granbull|Play Rough|p1a: Solrock\n|-damage|p1a: Solrock|0 fnt\n|faint|p1a: Solrock\n|\n|-heal|p2a: Granbull|123/298|[from] item: Leftovers\n|upkeep\n|\n|t:|1768344137\n|switch|p1a: Luxray|Luxray, L88, F|121/284 tox\n|turn|11\n|\n|t:|1768344140\n|move|p1a: Luxray|Facade|p2a: Granbull\n|-damage|p2a: Granbull|0 fnt\n|faint|p2a: Granbull\n|\n|-damage|p1a: Luxray|104/284 tox|[from] psn\n|upkeep\n|\n|t:|1768344148\n|switch|p2a: Scolipede|Scolipede, L79, M|86/224\n|-damage|p2a: Scolipede|30/224|[from] Stealth Rock\n|turn|12\n|\n|t:|1768344153\n|move|p2a: Scolipede|Megahorn|p1a: Luxray\n|-damage|p1a: Luxray|0 fnt\n|faint|p1a: Luxray\n|-damage|p2a: Scolipede|8/224|[from] item: Life Orb\n|\n|-ability|p2a: Scolipede|Speed Boost|boost\n|-boost|p2a: Scolipede|spe|1\n|upkeep\n|\n|t:|1768344160\n|switch|p1a: Tornadus|Tornadus-Therian, L78, M|243/251\n|turn|13\n|\n|t:|1768344165\n|move|p2a: Scolipede|Poison Jab|p1a: Tornadus\n|-damage|p1a: Tornadus|121/251\n|-damage|p2a: Scolipede|0 fnt|[from] item: Life Orb\n|faint|p2a: Scolipede\n|move|p1a: Tornadus|Heat Wave|p2: Scolipede|[notarget]\n|-fail|p1a: Tornadus\n|\n|upkeep\n|\n|t:|1768344186\n|switch|p2a: Azumarill|Azumarill, L81, F|232/295\n|-damage|p2a: Azumarill|196/295|[from] Stealth Rock\n|turn|14\n|\n|t:|1768344189\n|move|p1a: Tornadus|Hurricane|p2a: Azumarill\n|-crit|p2a: Azumarill\n|-damage|p2a: Azumarill|3/295\n|move|p2a: Azumarill|Waterfall|p1a: Tornadus\n|-damage|p1a: Tornadus|0 fnt\n|faint|p1a: Tornadus\n|\n|upkeep\n|\n|t:|1768344194\n|switch|p1a: Azumarill|Azumarill, L81, M|294/294\n|turn|15\n|\n|t:|1768344199\n|move|p2a: Azumarill|Waterfall|p1a: Azumarill\n|-resisted|p1a: Azumarill\n|-damage|p1a: Azumarill|209/294\n|move|p1a: Azumarill|Belly Drum|p1a: Azumarill\n|-damage|p1a: Azumarill|62/294\n|-setboost|p1a: Azumarill|atk|6|[from] move: Belly Drum\n|-enditem|p1a: Azumarill|Sitrus Berry|[eat]\n|-heal|p1a: Azumarill|135/294|[from] item: Sitrus Berry\n|\n|upkeep\n|turn|16\n|\n|t:|1768344204\n|move|p1a: Azumarill|Aqua Jet|p2a: Azumarill\n|-resisted|p2a: Azumarill\n|-damage|p2a: Azumarill|0 fnt\n|faint|p2a: Azumarill\n|\n|upkeep\n|\n|t:|1768344208\n|switch|p2a: Victreebel|Victreebel, L90, M|290/290\n|-damage|p2a: Victreebel|254/290|[from] Stealth Rock\n|turn|17\n|\n|t:|1768344212\n|move|p1a: Azumarill|Aqua Jet|p2a: Victreebel\n|-resisted|p2a: Victreebel\n|-damage|p2a: Victreebel|138/290\n|move|p2a: Victreebel|Sludge Bomb|p1a: Azumarill\n|-supereffective|p1a: Azumarill\n|-crit|p1a: Azumarill\n|-damage|p1a: Azumarill|0 fnt\n|faint|p1a: Azumarill\n|-damage|p2a: Victreebel|109/290|[from] item: Life Orb\n|\n|upkeep\n|\n|t:|1768344214\n|switch|p1a: Lickilicky|Lickilicky, L88, F|337/337\n|turn|18\n|\n|t:|1768344235\n|move|p2a: Victreebel|Sunny Day|p2a: Victreebel\n|-weather|SunnyDay\n|move|p1a: Lickilicky|Body Slam|p2a: Victreebel\n|-damage|p2a: Victreebel|10/290\n|\n|-weather|SunnyDay|[upkeep]\n|upkeep\n|turn|19\n|\n|t:|1768344244\n|move|p2a: Victreebel|Power Whip|p1a: Lickilicky|[miss]\n|-miss|p2a: Victreebel|p1a: Lickilicky\n|move|p1a: Lickilicky|Body Slam|p2a: Victreebel\n|-damage|p2a: Victreebel|0 fnt\n|faint|p2a: Victreebel\n|\n|-weather|SunnyDay|[upkeep]\n|upkeep\n|\n|t:|1768344251\n|switch|p2a: Jynx|Jynx, L86, F|252/252\n|-damage|p2a: Jynx|189/252|[from] Stealth Rock\n|turn|20\n|\n|t:|1768344254\n|move|p2a: Jynx|Lovely Kiss|p1a: Lickilicky\n|-status|p1a: Lickilicky|slp|[from] move: Lovely Kiss\n|cant|p1a: Lickilicky|slp\n|\n|-weather|SunnyDay|[upkeep]\n|-damage|p2a: Jynx|158/252|[from] ability: Dry Skin|[of] p2a: Jynx\n|upkeep\n|turn|21\n|\n|t:|1768344257\n|move|p2a: Jynx|Focus Blast|p1a: Lickilicky|[miss]\n|-miss|p2a: Jynx|p1a: Lickilicky\n|cant|p1a: Lickilicky|slp\n|\n|-weather|SunnyDay|[upkeep]\n|-damage|p2a: Jynx|127/252|[from] ability: Dry Skin|[of] p2a: Jynx\n|upkeep\n|turn|22\n|\n|t:|1768344259\n|move|p2a: Jynx|Focus Blast|p1a: Lickilicky\n|-supereffective|p1a: Lickilicky\n|-damage|p1a: Lickilicky|176/337 slp\n|-damage|p2a: Jynx|102/252|[from] item: Life Orb\n|cant|p1a: Lickilicky|slp\n|\n|-weather|none\n|upkeep\n|turn|23\n|\n|t:|1768344267\n|move|p2a: Jynx|Focus Blast|p1a: Lickilicky\n|-supereffective|p1a: Lickilicky\n|-damage|p1a: Lickilicky|12/337 slp\n|-damage|p2a: Jynx|77/252|[from] item: Life Orb\n|-curestatus|p1a: Lickilicky|slp|[msg]\n|move|p1a: Lickilicky|Body Slam|p2a: Jynx\n|-crit|p2a: Jynx\n|-damage|p2a: Jynx|0 fnt\n|faint|p2a: Jynx\n|\n|upkeep\n|\n|t:|1768344270\n|switch|p2a: Tyranitar|Tyranitar, L75, M|274/274\n|-damage|p2a: Tyranitar|240/274|[from] Stealth Rock\n|-weather|Sandstorm|[from] ability: Sand Stream|[of] p2a: Tyranitar\n|turn|24\n|\n|t:|1768344277\n|detailschange|p2a: Tyranitar|Tyranitar-Mega, L75, M\n|-mega|p2a: Tyranitar|Tyranitar|Tyranitarite\n|move|p1a: Lickilicky|Power Whip|p2a: Tyranitar\n|-supereffective|p2a: Tyranitar\n|-damage|p2a: Tyranitar|116/274\n|move|p2a: Tyranitar|Crunch|p1a: Lickilicky\n|-damage|p1a: Lickilicky|0 fnt\n|faint|p1a: Lickilicky\n|\n|win|arboretums\n|raw|Magomagic's rating: 1517 &rarr; <strong>1500</strong><br />(-17 for losing)\n|raw|arboretums's rating: 1576 &rarr; <strong>1593</strong><br />(+17 for winning)\n", "inputlog": ">version f2883557ca71b1a14bc1039fd307aee7de4ab455\n>start {\"formatid\":\"gen6randombattle\",\"seed\":\"sodium,dca79ccfa7e7a3f6c74fb0c9003f47b8\",\"rated\":\"Rated battle\"}\n>player p1 {\"name\":\"Magomagic\",\"avatar\":\"clown\",\"rating\":1517,\"seed\":\"sodium,5847e624ab8a527aec39248558327796\"}\n>player p2 {\"name\":\"arboretums\",\"avatar\":\"serena-masters2\",\"rating\":1576,\"seed\":\"sodium,6d5ba1bf57a437c0c397ad3e0a80c308\"}\n>p1 move crunch\n>p2 move megahorn\n>p1 switch 4\n>p2 move megahorn\n>p1 switch 6\n>p2 move megahorn\n>p1 move heatwave\n>p2 switch 3\n>p1 move uturn\n>p2 move waterfall\n>chat ☆arboretums|that scolipede set is really weird\n>p1 switch 6\n>p1 switch 4\n>chat ☆arboretums|two spike moves on a life or bset\n>p1 move facade\n>p2 switch 2\n>chat ☆Magomagic|That is weird\n>chat ☆arboretums|yeah\n>p1 switch 2\n>p2 move playrough\n>chat ☆arboretums|should have had swords dance or something\n>p1 move stealthrock\n>p2 move toxic\n>p1 move stoneedge\n>p2 move playrough\n>p1 move stoneedge\n>p2 move playrough\n>p1 switch 2\n>p1 move facade\n>p2 move earthquake\n>p2 switch 3\n>p1 move facade\n>p2 move megahorn\n>p1 switch 6\n>p1 move heatwave\n>p2 move poisonjab\n>p2 switch 2\n>p1 move hurricane\n>p2 move waterfall\n>p1 switch 5\n>p1 move bellydrum\n>p2 move waterfall\n>p1 move aquajet\n>p2 move waterfall\n>p2 switch 4\n>p1 move aquajet\n>p2 move sludgebomb\n>p1 switch 3\n>p1 move bodyslam\n>p2 move sunnyday\n>p1 move bodyslam\n>p2 move powerwhip\n>p2 switch 5\n>p1 move bodyslam\n>p2 move lovelykiss\n>p1 move bodyslam\n>p2 move focusblast\n>p1 move bodyslam\n>p2 move focusblast\n>p1 move bodyslam\n>p2 move focusblast\n>p2 switch 6\n>p1 move powerwhip\n>p2 move crunch mega", "uploadtime": 1768344278, "views": 226, "formatid": "gen6randombattle", "rating": 1500, "private": 0, "password": null}