{"id": "gen6randombattle-2536380078", "format": "[Gen 6] Random Battle", "players": ["gdhjdj", "Emkatt"], "log": "|badge|p2|bronze|gen9randombattle|100-8\n|uhtml|medal-msg|<div class=\"broadcast-blue\">Curious what those medals under the avatar are? PS now has Ladder Seasons! For more information, check out the <a href=\"https://www.smogon.com/forums/threads/3740067/\">thread on Smogon.</a></div>\n|j|☆gdhjdj\n|j|☆Emkatt\n|t:|1770680992\n|gametype|singles\n|player|p1|gdhjdj|101|1553\n|player|p2|Emkatt|acetrainer-gen2|1585\n|gen|6\n|tier|[Gen 6] Random Battle\n|rated|\n|rule|Sleep Clause Mod: Limit one foe put to sleep\n|rule|HP Percentage Mod: HP is shown in percentages\n|rule|Illusion Level Mod: Illusion disguises the Pokémon's true level\n|\n|t:|1770680992\n|teamsize|p1|6\n|teamsize|p2|6\n|start\n|switch|p1a: Samurott|Samurott, L87, M|307/307\n|switch|p2a: Ho-Oh|Ho-Oh, L69|261/261\n|turn|1\n|\n|t:|1770681008\n|switch|p2a: Goodra|Goodra, L85, M|292/292\n|move|p1a: Samurott|Scald|p2a: Goodra\n|-resisted|p2a: Goodra\n|-crit|p2a: Goodra\n|-damage|p2a: Goodra|257/292\n|-status|p2a: Goodra|brn\n|\n|-damage|p2a: Goodra|221/292 brn|[from] brn\n|upkeep\n|turn|2\n|\n|t:|1770681016\n|switch|p1a: Scyther|Scyther, L82, F|249/249\n|move|p2a: Goodra|Power Whip|p1a: Scyther\n|-resisted|p1a: Scyther\n|-damage|p1a: Scyther|241/249\n|\n|-damage|p2a: Goodra|185/292 brn|[from] brn\n|upkeep\n|turn|3\n|inactive|Battle timer is ON: inactive players will automatically lose when time's up. (requested by Emkatt)\n|\n|t:|1770681029\n|switch|p2a: Ho-Oh|Ho-Oh, L69|261/261\n|move|p1a: Scyther|Swords Dance|p1a: Scyther\n|-boost|p1a: Scyther|atk|2\n|\n|upkeep\n|turn|4\n|\n|t:|1770681035\n|move|p1a: Scyther|Aerial Ace|p2a: Ho-Oh\n|-damage|p2a: Ho-Oh|33/261\n|move|p2a: Ho-Oh|Sacred Fire|p1a: Scyther\n|-supereffective|p1a: Scyther\n|-crit|p1a: Scyther\n|-damage|p1a: Scyther|47/249\n|-status|p1a: Scyther|brn\n|\n|-heal|p2a: Ho-Oh|49/261|[from] item: Leftovers\n|-damage|p1a: Scyther|16/249 brn|[from] brn\n|upkeep\n|turn|5\n|\n|t:|1770681046\n|switch|p2a: Altaria|Altaria, L78, M|245/245\n|move|p1a: Scyther|Knock Off|p2a: Altaria\n|-damage|p2a: Altaria|194/245\n|\n|-damage|p1a: Scyther|0 fnt|[from] brn\n|faint|p1a: Scyther\n|upkeep\n|\n|t:|1770681063\n|switch|p1a: Bibarel|Bibarel, L95, M|304/304\n|turn|6\n|\n|t:|1770681074\n|switch|p2a: Genesect|Genesect, L72|221/221\n|-ability|p2a: Genesect|Download|boost\n|-boost|p2a: Genesect|spa|1\n|move|p1a: Bibarel|Curse|p1a: Bibarel\n|-unboost|p1a: Bibarel|spe|2\n|-boost|p1a: Bibarel|atk|2\n|-boost|p1a: Bibarel|def|2\n|\n|upkeep\n|turn|7\n|\n|t:|1770681080\n|move|p2a: Genesect|Thunderbolt|p1a: Bibarel\n|-supereffective|p1a: Bibarel\n|-damage|p1a: Bibarel|73/304\n|-damage|p2a: Genesect|199/221|[from] item: Life Orb\n|move|p1a: Bibarel|Waterfall|p2a: Genesect\n|-damage|p2a: Genesect|3/221\n|\n|-heal|p1a: Bibarel|92/304|[from] item: Leftovers\n|upkeep\n|turn|8\n|\n|t:|1770681089\n|move|p1a: Bibarel|Quick Attack|p2a: Genesect\n|-resisted|p2a: Genesect\n|-damage|p2a: Genesect|0 fnt\n|faint|p2a: Genesect\n|\n|-heal|p1a: Bibarel|111/304|[from] item: Leftovers\n|upkeep\n|\n|t:|1770681101\n|switch|p2a: Goodra|Goodra, L85, M|185/292 brn\n|turn|9\n|\n|t:|1770681105\n|move|p2a: Goodra|Draco Meteor|p1a: Bibarel\n|-damage|p1a: Bibarel|0 fnt\n|-unboost|p2a: Goodra|spa|2\n|faint|p1a: Bibarel\n|\n|-damage|p2a: Goodra|149/292 brn|[from] brn\n|upkeep\n|\n|t:|1770681109\n|switch|p1a: Linoone|Linoone, L84, M|268/268\n|turn|10\n|c|☆Emkatt|omg you have another one\n|\n|t:|1770681139\n|move|p1a: Linoone|Belly Drum|p1a: Linoone\n|-damage|p1a: Linoone|134/268\n|-setboost|p1a: Linoone|atk|6|[from] move: Belly Drum\n|-enditem|p1a: Linoone|Sitrus Berry|[eat]\n|-heal|p1a: Linoone|201/268|[from] item: Sitrus Berry\n|move|p2a: Goodra|Draco Meteor|p1a: Linoone\n|-damage|p1a: Linoone|96/268\n|-unboost|p2a: Goodra|spa|2\n|\n|-damage|p2a: Goodra|113/292 brn|[from] brn\n|upkeep\n|turn|11\n|\n|t:|1770681147\n|move|p1a: Linoone|Extreme Speed|p2a: Goodra\n|-damage|p2a: Goodra|0 fnt\n|faint|p2a: Goodra\n|\n|upkeep\n|inactive|Emkatt has 120 seconds left.\n|\n|t:|1770681164\n|switch|p2a: Lugia|Lugia, L71|268/268\n|turn|12\n|inactive|Emkatt has 120 seconds left.\n|\n|t:|1770681175\n|move|p1a: Linoone|Shadow Claw|p2a: Lugia\n|-supereffective|p2a: Lugia\n|-crit|p2a: Lugia\n|-damage|p2a: Lugia|84/268\n|move|p2a: Lugia|Aeroblast|p1a: Linoone\n|-damage|p1a: Linoone|0 fnt\n|faint|p1a: Linoone\n|\n|-heal|p2a: Lugia|100/268|[from] item: Leftovers\n|upkeep\n|\n|t:|1770681185\n|switch|p1a: Accelgor|Accelgor, L89, M|287/287\n|turn|13\n|\n|t:|1770681192\n|move|p1a: Accelgor|Hidden Power|p2a: Lugia\n|-supereffective|p2a: Lugia\n|-crit|p2a: Lugia\n|-damage|p2a: Lugia|0 fnt\n|faint|p2a: Lugia\n|\n|upkeep\n|inactive|Emkatt has 120 seconds left.\n|\n|t:|1770681215\n|switch|p2a: Phione|Phione, L90|290/290\n|turn|14\n|inactive|Emkatt has 120 seconds left.\n|\n|t:|1770681222\n|move|p1a: Accelgor|Bug Buzz|p2a: Phione\n|-damage|p2a: Phione|178/290\n|move|p2a: Phione|Scald|p1a: Accelgor\n|-damage|p1a: Accelgor|176/287\n|\n|-heal|p1a: Accelgor|193/287|[from] item: Leftovers\n|-heal|p2a: Phione|196/290|[from] item: Leftovers\n|upkeep\n|turn|15\n|\n|t:|1770681227\n|move|p1a: Accelgor|Bug Buzz|p2a: Phione\n|-damage|p2a: Phione|84/290\n|move|p2a: Phione|Scald|p1a: Accelgor\n|-damage|p1a: Accelgor|90/287\n|\n|-heal|p1a: Accelgor|107/287|[from] item: Leftovers\n|-heal|p2a: Phione|102/290|[from] item: Leftovers\n|upkeep\n|turn|16\n|\n|t:|1770681234\n|move|p1a: Accelgor|Bug Buzz|p2a: Phione\n|-damage|p2a: Phione|0 fnt\n|faint|p2a: Phione\n|\n|-heal|p1a: Accelgor|124/287|[from] item: Leftovers\n|upkeep\n|\n|t:|1770681236\n|switch|p2a: Altaria|Altaria, L78, M|194/245\n|turn|17\n|\n|t:|1770681256\n|detailschange|p2a: Altaria|Altaria-Mega, L78, M\n|-mega|p2a: Altaria|Altaria|Altarianite\n|move|p1a: Accelgor|Hidden Power|p2a: Altaria\n|-damage|p2a: Altaria|151/245\n|move|p2a: Altaria|Return|p1a: Accelgor\n|-damage|p1a: Accelgor|0 fnt\n|faint|p1a: Accelgor\n|\n|upkeep\n|\n|t:|1770681274\n|switch|p1a: Samurott|Samurott, L87, M|307/307\n|turn|18\n|\n|t:|1770681283\n|move|p1a: Samurott|Scald|p2a: Altaria\n|-resisted|p2a: Altaria\n|-damage|p2a: Altaria|104/245\n|move|p2a: Altaria|Dragon Dance|p2a: Altaria\n|-boost|p2a: Altaria|atk|1\n|-boost|p2a: Altaria|spe|1\n|\n|upkeep\n|turn|19\n|\n|t:|1770681291\n|move|p2a: Altaria|Return|p1a: Samurott\n|-damage|p1a: Samurott|115/307\n|move|p1a: Samurott|Scald|p2a: Altaria\n|-resisted|p2a: Altaria\n|-damage|p2a: Altaria|55/245\n|\n|upkeep\n|turn|20\n|\n|t:|1770681298\n|move|p2a: Altaria|Return|p1a: Samurott\n|-damage|p1a: Samurott|0 fnt\n|faint|p1a: Samurott\n|\n|upkeep\n|\n|t:|1770681299\n|switch|p1a: Krookodile|Krookodile, L78, M|276/276\n|-ability|p1a: Krookodile|Intimidate|boost\n|-unboost|p2a: Altaria|atk|1\n|turn|21\n|\n|t:|1770681303\n|move|p1a: Krookodile|Stone Edge|p2a: Altaria\n|-damage|p2a: Altaria|0 fnt\n|faint|p2a: Altaria\n|detailschange|p2: Altaria|Altaria, L78, M|[silent]\n|\n|upkeep\n|\n|t:|1770681306\n|switch|p2a: Ho-Oh|Ho-Oh, L69|136/261\n|turn|22\n|\n|t:|1770681311\n|move|p1a: Krookodile|Stone Edge|p2a: Ho-Oh\n|-supereffective|p2a: Ho-Oh\n|-damage|p2a: Ho-Oh|0 fnt\n|faint|p2a: Ho-Oh\n|\n|win|gdhjdj\n|raw|gdhjdj's rating: 1553 &rarr; <strong>1575</strong><br />(+22 for winning)\n|raw|Emkatt's rating: 1585 &rarr; <strong>1563</strong><br />(-22 for losing)\n|l|☆Emkatt\n|player|p2|\n", "inputlog": ">version ccdc32dd7cde25fd9e4bed64820e885f66e78a4e\n>start {\"formatid\":\"gen6randombattle\",\"seed\":\"sodium,b9c3288ff676e0959c0c07a01b83ee45\",\"rated\":\"Rated battle\"}\n>player p1 {\"name\":\"gdhjdj\",\"avatar\":\"101\",\"rating\":1553,\"seed\":\"sodium,fda8f6b20ee59c2f0ed2c45f856ee48a\"}\n>player p2 {\"name\":\"Emkatt\",\"avatar\":\"acetrainer-gen2\",\"rating\":1585,\"seed\":\"sodium,93256a00d7bc00ac39ad3bddfebd343a\"}\n>p1 move scald\n>p2 switch 4\n>p1 switch 2\n>p2 move powerwhip\n>p1 move swordsdance\n>p2 switch 4\n>p1 move aerialace\n>p2 move sacredfire\n>p1 move knockoff\n>p2 switch 3\n>p1 switch 4\n>p1 move curse\n>p2 switch 6\n>p1 move waterfall\n>p2 move thunderbolt\n>p1 move quickattack\n>p2 move thunderbolt\n>p2 switch 4\n>p1 move return\n>p2 move dracometeor\n>p1 switch 6\n>chat ☆Emkatt|omg you have another one\n>p1 move bellydrum\n>p2 move dracometeor\n>p1 move extremespeed\n>p2 move dracometeor\n>p2 switch 2\n>p1 move shadowclaw\n>p2 move aeroblast\n>p1 switch 3\n>p1 move hiddenpower\n>p2 move roost\n>p2 switch 5\n>p1 move bugbuzz\n>p2 move scald\n>p1 move bugbuzz\n>p2 move scald\n>p1 move bugbuzz\n>p2 move scald\n>p2 switch 6\n>p1 move hiddenpower\n>p2 move return mega\n>p1 switch 2\n>p1 move scald\n>p2 move dragondance\n>p1 move scald\n>p2 move return\n>p1 move scald\n>p2 move return\n>p1 switch 5\n>p1 move stoneedge\n>p2 move return\n>p2 switch 3\n>p1 move stoneedge\n>p2 move sacredfire", "uploadtime": 1770681318, "views": 237, "formatid": "gen6randombattle", "rating": 1563, "private": 0, "password": null}