{"id": "gen6randombattle-2536578664", "format": "[Gen 6] Random Battle", "players": ["Blatjanglover", "Beemooooo"], "log": "|j|☆Blatjanglover\n|j|☆Beemooooo\n|t:|1770709013\n|gametype|singles\n|player|p1|Blatjanglover|brock|1715\n|player|p2|Beemooooo|volkner|1610\n|gen|6\n|tier|[Gen 6] Random Battle\n|rated|\n|rule|Sleep Clause Mod: Limit one foe put to sleep\n|rule|HP Percentage Mod: HP is shown in percentages\n|rule|Illusion Level Mod: Illusion disguises the Pokémon's true level\n|\n|t:|1770709013\n|teamsize|p1|6\n|teamsize|p2|6\n|start\n|switch|p1a: Blissey|Blissey, L84, F|566/566\n|switch|p2a: Latias|Latias, L77, F|250/250\n|turn|1\n|\n|t:|1770709033\n|switch|p2a: Muk|Muk, L88, F|328/328\n|move|p1a: Blissey|Toxic|p2a: Muk\n|-immune|p2a: Muk\n|\n|upkeep\n|turn|2\n|\n|t:|1770709038\n|switch|p1a: Jirachi|Jirachi, L78|284/284\n|move|p2a: Muk|Curse|p2a: Muk\n|-unboost|p2a: Muk|spe|1\n|-boost|p2a: Muk|atk|1\n|-boost|p2a: Muk|def|1\n|\n|upkeep\n|turn|3\n|\n|t:|1770709074\n|move|p1a: Jirachi|Stealth Rock|p2a: Muk\n|-sidestart|p2: Beemooooo|move: Stealth Rock\n|move|p2a: Muk|Brick Break|p1a: Jirachi\n|-damage|p1a: Jirachi|191/284\n|\n|-heal|p1a: Jirachi|208/284|[from] item: Leftovers\n|upkeep\n|turn|4\n|\n|t:|1770709079\n|move|p1a: Jirachi|Iron Head|p2a: Muk\n|-damage|p2a: Muk|274/328\n|cant|p2a: Muk|flinch\n|\n|-heal|p1a: Jirachi|225/284|[from] item: Leftovers\n|-heal|p2a: Muk|294/328|[from] item: Black Sludge\n|upkeep\n|turn|5\n|\n|t:|1770709087\n|move|p1a: Jirachi|U-turn|p2a: Muk\n|-resisted|p2a: Muk\n|-damage|p2a: Muk|278/328\n|\n|t:|1770709090\n|switch|p1a: Scrafty|Scrafty, L83, F|244/244|[from] U-turn\n|-ability|p1a: Scrafty|Intimidate|boost\n|-unboost|p2a: Muk|atk|1\n|move|p2a: Muk|Curse|p2a: Muk\n|-unboost|p2a: Muk|spe|1\n|-boost|p2a: Muk|atk|1\n|-boost|p2a: Muk|def|1\n|\n|-heal|p2a: Muk|298/328|[from] item: Black Sludge\n|upkeep\n|turn|6\n|\n|t:|1770709104\n|switch|p1a: Scolipede|Scolipede, L79, F|224/224\n|move|p2a: Muk|Curse|p2a: Muk\n|-unboost|p2a: Muk|spe|1\n|-boost|p2a: Muk|atk|1\n|-boost|p2a: Muk|def|1\n|\n|-heal|p2a: Muk|318/328|[from] item: Black Sludge\n|upkeep\n|turn|7\n|\n|t:|1770709113\n|move|p1a: Scolipede|Swords Dance|p1a: Scolipede\n|-boost|p1a: Scolipede|atk|2\n|move|p2a: Muk|Ice Punch|p1a: Scolipede\n|-damage|p1a: Scolipede|101/224\n|\n|-heal|p2a: Muk|328/328|[from] item: Black Sludge\n|-ability|p1a: Scolipede|Speed Boost|boost\n|-boost|p1a: Scolipede|spe|1\n|upkeep\n|turn|8\n|\n|t:|1770709116\n|move|p1a: Scolipede|Earthquake|p2a: Muk\n|-supereffective|p2a: Muk\n|-damage|p2a: Muk|175/328\n|-damage|p1a: Scolipede|79/224|[from] item: Life Orb\n|move|p2a: Muk|Ice Punch|p1a: Scolipede\n|-damage|p1a: Scolipede|0 fnt\n|faint|p1a: Scolipede\n|\n|-heal|p2a: Muk|195/328|[from] item: Black Sludge\n|upkeep\n|\n|t:|1770709119\n|switch|p1a: Medicham|Medicham, L77, F|219/219\n|turn|9\n|\n|t:|1770709125\n|detailschange|p1a: Medicham|Medicham-Mega, L77, F\n|-mega|p1a: Medicham|Medicham|Medichamite\n|move|p1a: Medicham|Zen Headbutt|p2a: Muk\n|-supereffective|p2a: Muk\n|-damage|p2a: Muk|67/328\n|move|p2a: Muk|Poison Jab|p1a: Medicham\n|-damage|p1a: Medicham|0 fnt\n|faint|p1a: Medicham\n|detailschange|p1: Medicham|Medicham, L77, F|[silent]\n|\n|-heal|p2a: Muk|87/328|[from] item: Black Sludge\n|upkeep\n|c|☆Blatjanglover|Man that's thick!\n|\n|t:|1770709143\n|switch|p1a: Simipour|Simipour, L86, F|269/269\n|turn|10\n|\n|t:|1770709155\n|move|p1a: Simipour|Hydro Pump|p2a: Muk\n|-damage|p2a: Muk|0 fnt\n|faint|p2a: Muk\n|-damage|p1a: Simipour|243/269|[from] item: Life Orb\n|\n|upkeep\n|\n|t:|1770709158\n|switch|p2a: Jolteon|Jolteon, L80, M|235/235\n|-damage|p2a: Jolteon|206/235|[from] Stealth Rock\n|turn|11\n|\n|t:|1770709164\n|switch|p1a: Blissey|Blissey, L84, F|566/566\n|move|p2a: Jolteon|Volt Switch|p1a: Blissey\n|-damage|p1a: Blissey|487/566\n|\n|t:|1770709171\n|switch|p2a: Krookodile|Krookodile, L78, F|276/276|[from] Volt Switch\n|-damage|p2a: Krookodile|259/276|[from] Stealth Rock\n|-ability|p2a: Krookodile|Intimidate|boost\n|-unboost|p1a: Blissey|atk|1\n|\n|-heal|p1a: Blissey|522/566|[from] item: Leftovers\n|upkeep\n|turn|12\n|\n|t:|1770709178\n|switch|p1a: Scrafty|Scrafty, L83, F|244/244\n|-ability|p1a: Scrafty|Intimidate|boost\n|-unboost|p2a: Krookodile|atk|1\n|move|p2a: Krookodile|Knock Off|p1a: Scrafty\n|-resisted|p1a: Scrafty\n|-damage|p1a: Scrafty|227/244\n|-enditem|p1a: Scrafty|Leftovers|[from] move: Knock Off|[of] p2a: Krookodile\n|-damage|p2a: Krookodile|232/276|[from] item: Life Orb\n|\n|upkeep\n|turn|13\n|\n|t:|1770709192\n|switch|p2a: Moltres|Moltres, L81|277/277\n|-damage|p2a: Moltres|139/277|[from] Stealth Rock\n|move|p1a: Scrafty|Dragon Dance|p1a: Scrafty\n|-boost|p1a: Scrafty|atk|1\n|-boost|p1a: Scrafty|spe|1\n|\n|-heal|p2a: Moltres|156/277|[from] item: Leftovers\n|upkeep\n|turn|14\n|\n|t:|1770709215\n|move|p1a: Scrafty|Knock Off|p2a: Moltres\n|-damage|p2a: Moltres|15/277\n|-enditem|p2a: Moltres|Leftovers|[from] move: Knock Off|[of] p1a: Scrafty\n|move|p2a: Moltres|Roost|p2a: Moltres\n|-heal|p2a: Moltres|154/277\n|-singleturn|p2a: Moltres|move: Roost\n|\n|upkeep\n|turn|15\n|\n|t:|1770709219\n|move|p1a: Scrafty|Dragon Dance|p1a: Scrafty\n|-boost|p1a: Scrafty|atk|1\n|-boost|p1a: Scrafty|spe|1\n|move|p2a: Moltres|Roost|p2a: Moltres\n|-heal|p2a: Moltres|277/277\n|-singleturn|p2a: Moltres|move: Roost\n|\n|upkeep\n|turn|16\n|\n|t:|1770709223\n|move|p1a: Scrafty|Knock Off|p2a: Moltres\n|-damage|p2a: Moltres|138/277\n|move|p2a: Moltres|Hurricane|p1a: Scrafty|[miss]\n|-miss|p2a: Moltres|p1a: Scrafty\n|\n|upkeep\n|turn|17\n|\n|t:|1770709226\n|move|p1a: Scrafty|Knock Off|p2a: Moltres\n|-damage|p2a: Moltres|0 fnt\n|-status|p1a: Scrafty|brn|[from] ability: Flame Body|[of] p2a: Moltres\n|faint|p2a: Moltres\n|\n|-damage|p1a: Scrafty|197/244 brn|[from] brn\n|upkeep\n|\n|t:|1770709260\n|switch|p2a: Latias|Latias, L77, F|250/250\n|-damage|p2a: Latias|219/250|[from] Stealth Rock\n|turn|18\n|\n|t:|1770709266\n|detailschange|p2a: Latias|Latias-Mega, L77, F\n|-mega|p2a: Latias|Latias|Latiasite\n|move|p1a: Scrafty|Dragon Dance|p1a: Scrafty\n|-boost|p1a: Scrafty|atk|1\n|-boost|p1a: Scrafty|spe|1\n|move|p2a: Latias|Roost|p2a: Latias\n|-heal|p2a: Latias|250/250\n|-singleturn|p2a: Latias|move: Roost\n|\n|-damage|p1a: Scrafty|167/244 brn|[from] brn\n|upkeep\n|turn|19\n|\n|t:|1770709271\n|move|p1a: Scrafty|Knock Off|p2a: Latias\n|-supereffective|p2a: Latias\n|-damage|p2a: Latias|102/250\n|move|p2a: Latias|Draco Meteor|p1a: Scrafty\n|-damage|p1a: Scrafty|47/244 brn\n|-unboost|p2a: Latias|spa|2\n|\n|-damage|p1a: Scrafty|17/244 brn|[from] brn\n|upkeep\n|turn|20\n|\n|t:|1770709291\n|move|p1a: Scrafty|Knock Off|p2a: Latias\n|-supereffective|p2a: Latias\n|-crit|p2a: Latias\n|-damage|p2a: Latias|0 fnt\n|faint|p2a: Latias\n|detailschange|p2: Latias|Latias, L77, F|[silent]\n|\n|-damage|p1a: Scrafty|0 fnt|[from] brn\n|faint|p1a: Scrafty\n|upkeep\n|\n|t:|1770709358\n|switch|p2a: Jolteon|Jolteon, L80, M|206/235\n|switch|p1a: Jirachi|Jirachi, L78|225/284\n|-damage|p2a: Jolteon|177/235|[from] Stealth Rock\n|turn|21\n|\n|t:|1770709403\n|move|p2a: Jolteon|Thunderbolt|p1a: Jirachi\n|-damage|p1a: Jirachi|92/284\n|move|p1a: Jirachi|U-turn|p2a: Jolteon\n|-damage|p2a: Jolteon|115/235\n|\n|t:|1770709407\n|switch|p1a: Blissey|Blissey, L84, F|522/566|[from] U-turn\n|\n|-heal|p1a: Blissey|557/566|[from] item: Leftovers\n|upkeep\n|turn|22\n|\n|t:|1770709423\n|switch|p2a: Krookodile|Krookodile, L78, F|232/276\n|-damage|p2a: Krookodile|215/276|[from] Stealth Rock\n|-ability|p2a: Krookodile|Intimidate|boost\n|-unboost|p1a: Blissey|atk|1\n|move|p1a: Blissey|Seismic Toss|p2a: Krookodile\n|-damage|p2a: Krookodile|131/276\n|\n|-heal|p1a: Blissey|566/566|[from] item: Leftovers\n|upkeep\n|turn|23\n|\n|t:|1770709458\n|switch|p1a: Jirachi|Jirachi, L78|92/284\n|move|p2a: Krookodile|Knock Off|p1a: Jirachi\n|-supereffective|p1a: Jirachi\n|-damage|p1a: Jirachi|0 fnt\n|-enditem|p1a: Jirachi|Leftovers|[from] move: Knock Off|[of] p2a: Krookodile\n|faint|p1a: Jirachi\n|-damage|p2a: Krookodile|104/276|[from] item: Life Orb\n|\n|upkeep\n|\n|t:|1770709465\n|switch|p1a: Simipour|Simipour, L86, F|243/269\n|turn|24\n|\n|t:|1770709487\n|move|p1a: Simipour|Hydro Pump|p2a: Krookodile|[miss]\n|-miss|p1a: Simipour|p2a: Krookodile\n|move|p2a: Krookodile|Knock Off|p1a: Simipour\n|-damage|p1a: Simipour|62/269\n|-enditem|p1a: Simipour|Life Orb|[from] move: Knock Off|[of] p2a: Krookodile\n|-damage|p2a: Krookodile|77/276|[from] item: Life Orb\n|\n|upkeep\n|turn|25\n|c|☆Blatjanglover|Gg\n|\n|t:|1770709497\n|move|p1a: Simipour|Ice Beam|p2a: Krookodile\n|-supereffective|p2a: Krookodile\n|-damage|p2a: Krookodile|0 fnt\n|faint|p2a: Krookodile\n|\n|upkeep\n|\n|t:|1770709508\n|switch|p2a: Jolteon|Jolteon, L80, M|115/235\n|-damage|p2a: Jolteon|86/235|[from] Stealth Rock\n|turn|26\n|\n|t:|1770709511\n|switch|p1a: Blissey|Blissey, L84, F|566/566\n|move|p2a: Jolteon|Volt Switch|p1a: Blissey\n|-damage|p1a: Blissey|484/566\n|\n|t:|1770709514\n|switch|p2a: Chimecho|Chimecho, L97, F|283/283|[from] Volt Switch\n|-damage|p2a: Chimecho|248/283|[from] Stealth Rock\n|\n|-heal|p2a: Chimecho|265/283|[from] item: Leftovers\n|-heal|p1a: Blissey|519/566|[from] item: Leftovers\n|upkeep\n|turn|27\n|\n|t:|1770709517\n|move|p2a: Chimecho|Calm Mind|p2a: Chimecho\n|-boost|p2a: Chimecho|spa|1\n|-boost|p2a: Chimecho|spd|1\n|move|p1a: Blissey|Toxic|p2a: Chimecho\n|-status|p2a: Chimecho|tox\n|\n|-heal|p2a: Chimecho|282/283 tox|[from] item: Leftovers\n|-heal|p1a: Blissey|554/566|[from] item: Leftovers\n|-damage|p2a: Chimecho|265/283 tox|[from] psn\n|upkeep\n|turn|28\n|\n|t:|1770709522\n|move|p2a: Chimecho|Calm Mind|p2a: Chimecho\n|-boost|p2a: Chimecho|spa|1\n|-boost|p2a: Chimecho|spd|1\n|move|p1a: Blissey|Seismic Toss|p2a: Chimecho\n|-damage|p2a: Chimecho|181/283 tox\n|\n|-heal|p2a: Chimecho|198/283 tox|[from] item: Leftovers\n|-heal|p1a: Blissey|566/566|[from] item: Leftovers\n|-damage|p2a: Chimecho|164/283 tox|[from] psn\n|upkeep\n|turn|29\n|\n|t:|1770709525\n|move|p1a: Blissey|Protect|p1a: Blissey\n|-singleturn|p1a: Blissey|Protect\n|move|p2a: Chimecho|Psyshock|p1a: Blissey\n|-activate|p1a: Blissey|move: Protect\n|\n|-heal|p2a: Chimecho|181/283 tox|[from] item: Leftovers\n|-damage|p2a: Chimecho|130/283 tox|[from] psn\n|upkeep\n|turn|30\n|\n|t:|1770709533\n|move|p2a: Chimecho|Psyshock|p1a: Blissey\n|-damage|p1a: Blissey|0 fnt\n|faint|p1a: Blissey\n|\n|-heal|p2a: Chimecho|147/283 tox|[from] item: Leftovers\n|-damage|p2a: Chimecho|79/283 tox|[from] psn\n|upkeep\n|\n|t:|1770709537\n|switch|p1a: Simipour|Simipour, L86, F|62/269\n|turn|31\n|\n|t:|1770709539\n|move|p1a: Simipour|Hydro Pump|p2a: Chimecho\n|-damage|p2a: Chimecho|0 fnt\n|faint|p2a: Chimecho\n|\n|upkeep\n|\n|t:|1770709541\n|switch|p2a: Jolteon|Jolteon, L80, M|86/235\n|-damage|p2a: Jolteon|57/235|[from] Stealth Rock\n|turn|32\n|c|☆Beemooooo|gg\n|\n|t:|1770709547\n|move|p2a: Jolteon|Thunderbolt|p1a: Simipour\n|-supereffective|p1a: Simipour\n|-damage|p1a: Simipour|0 fnt\n|faint|p1a: Simipour\n|\n|win|Beemooooo\n|raw|Blatjanglover's rating: 1715 &rarr; <strong>1689</strong><br />(-26 for losing)\n|raw|Beemooooo's rating: 1610 &rarr; <strong>1636</strong><br />(+26 for winning)\n|c|☆Blatjanglover|Wp\n", "inputlog": ">version ccdc32dd7cde25fd9e4bed64820e885f66e78a4e\n>start {\"formatid\":\"gen6randombattle\",\"seed\":\"sodium,324a62d4999469c616a2b05bde0d7b70\",\"rated\":\"Rated battle\"}\n>player p1 {\"name\":\"Blatjanglover\",\"avatar\":\"brock\",\"rating\":1715,\"seed\":\"sodium,269a380c50e69c81b13ee0c308179b51\"}\n>player p2 {\"name\":\"Beemooooo\",\"avatar\":\"volkner\",\"rating\":1610,\"seed\":\"sodium,ee72cb36fbfe67717faa31ca32b69fea\"}\n>p1 move toxic\n>p2 switch 4\n>p1 switch 3\n>p2 move curse\n>p1 move stealthrock\n>p2 move brickbreak\n>p1 move ironhead\n>p2 move curse\n>p1 move uturn\n>p2 move curse\n>p1 switch 4\n>p1 switch 6\n>p2 move curse\n>p1 move swordsdance\n>p2 move icepunch\n>p1 move earthquake\n>p2 move icepunch\n>p1 switch 5\n>p1 move zenheadbutt mega\n>p2 move poisonjab\n>chat ☆Blatjanglover|Man that's thick!\n>p1 switch 2\n>p1 move hydropump\n>p2 move poisonjab\n>p2 switch 5\n>p1 switch 3\n>p2 move voltswitch\n>p2 switch 2\n>p1 switch 6\n>p2 move knockoff\n>p1 move dragondance\n>p2 switch 3\n>p1 move knockoff\n>p2 move roost\n>p1 move dragondance\n>p2 move roost\n>p1 move knockoff\n>p2 move hurricane\n>p1 move knockoff\n>p2 move hurricane\n>p2 switch 4\n>p1 move dragondance\n>p2 move roost mega\n>p1 move knockoff\n>p2 move dracometeor\n>p1 move knockoff\n>p2 move roost\n>p1 switch 4\n>p2 switch 2\n>p1 move uturn\n>p2 move thunderbolt\n>p1 switch 6\n>p1 move seismictoss\n>p2 switch 3\n>p1 switch 6\n>p2 move knockoff\n>p1 switch 3\n>p1 move hydropump\n>p2 move knockoff\n>chat ☆Blatjanglover|Gg\n>p1 move icebeam\n>p2 move earthquake\n>p2 switch 3\n>p1 switch 6\n>p2 move voltswitch\n>p2 switch 6\n>p1 move toxic\n>p2 move calmmind\n>p1 move seismictoss\n>p2 move calmmind\n>p1 move protect\n>p2 move psyshock\n>p1 move seismictoss\n>p2 move psyshock\n>p1 switch 6\n>p1 move hydropump\n>p2 move psyshock\n>p2 switch 6\n>chat ☆Beemooooo|gg\n>p1 move icebeam\n>p2 move thunderbolt", "uploadtime": 1770709551, "views": 231, "formatid": "gen6randombattle", "rating": 1636, "private": 0, "password": null}