{"id": "gen6randombattle-2521929340", "format": "[Gen 6] Random Battle", "players": ["arboretums", "glwriterv3"], "log": "|j|☆arboretums\n|j|☆glwriterv3\n|t:|1768842396\n|gametype|singles\n|player|p1|arboretums|serena-masters2|1663\n|player|p2|glwriterv3|cynthia-gen4|1555\n|gen|6\n|tier|[Gen 6] Random Battle\n|rated|\n|rule|Sleep Clause Mod: Limit one foe put to sleep\n|rule|HP Percentage Mod: HP is shown in percentages\n|rule|Illusion Level Mod: Illusion disguises the Pokémon's true level\n|\n|t:|1768842396\n|teamsize|p1|6\n|teamsize|p2|6\n|start\n|switch|p1a: Primeape|Primeape, L87, F|255/255\n|switch|p2a: Tropius|Tropius, L94, F|336/336\n|turn|1\n|inactive|Battle timer is ON: inactive players will automatically lose when time's up. (requested by glwriterv3)\n|inactive|arboretums also wants the timer to be on.\n|\n|t:|1768842405\n|move|p1a: Primeape|Hone Claws|p1a: Primeape\n|-boost|p1a: Primeape|atk|1\n|-boost|p1a: Primeape|accuracy|1\n|move|p2a: Tropius|Leech Seed|p1a: Primeape\n|-start|p1a: Primeape|move: Leech Seed\n|\n|-damage|p1a: Primeape|224/255|[from] Leech Seed|[of] p2a: Tropius\n|upkeep\n|turn|2\n|\n|t:|1768842415\n|move|p2a: Tropius|Protect|p2a: Tropius\n|-singleturn|p2a: Tropius|Protect\n|move|p1a: Primeape|Gunk Shot|p2a: Tropius\n|-activate|p2a: Tropius|move: Protect\n|\n|-damage|p1a: Primeape|193/255|[from] Leech Seed|[of] p2a: Tropius\n|upkeep\n|turn|3\n|\n|t:|1768842420\n|move|p1a: Primeape|Gunk Shot|p2a: Tropius\n|-supereffective|p2a: Tropius\n|-damage|p2a: Tropius|0 fnt\n|faint|p2a: Tropius\n|-damage|p1a: Primeape|168/255|[from] item: Life Orb\n|\n|upkeep\n|\n|t:|1768842429\n|switch|p2a: Spiritomb|Spiritomb, L88, F|231/231\n|turn|4\n|\n|t:|1768842437\n|switch|p1a: Clefable|Clefable, L80, M|283/283\n|move|p2a: Spiritomb|Will-O-Wisp|p1a: Clefable\n|-status|p1a: Clefable|brn\n|\n|-damage|p1a: Clefable|248/283 brn|[from] brn\n|upkeep\n|turn|5\n|\n|t:|1768842454\n|switch|p2a: Politoed|Politoed, L86, F|295/295\n|-weather|RainDance|[from] ability: Drizzle|[of] p2a: Politoed\n|move|p1a: Clefable|Calm Mind|p1a: Clefable\n|-boost|p1a: Clefable|spa|1\n|-boost|p1a: Clefable|spd|1\n|\n|-weather|RainDance|[upkeep]\n|-heal|p1a: Clefable|265/283 brn|[from] item: Leftovers\n|-damage|p1a: Clefable|230/283 brn|[from] brn\n|upkeep\n|turn|6\n|\n|t:|1768842460\n|move|p2a: Politoed|Scald|p1a: Clefable\n|-damage|p1a: Clefable|140/283 brn\n|move|p1a: Clefable|Moonblast|p2a: Politoed\n|-damage|p2a: Politoed|169/295\n|\n|-weather|RainDance|[upkeep]\n|-heal|p1a: Clefable|157/283 brn|[from] item: Leftovers\n|-damage|p1a: Clefable|122/283 brn|[from] brn\n|upkeep\n|turn|7\n|\n|t:|1768842462\n|move|p2a: Politoed|Scald|p1a: Clefable\n|-damage|p1a: Clefable|35/283 brn\n|move|p1a: Clefable|Soft-Boiled|p1a: Clefable\n|-heal|p1a: Clefable|177/283 brn\n|\n|-weather|RainDance|[upkeep]\n|-heal|p1a: Clefable|194/283 brn|[from] item: Leftovers\n|-damage|p1a: Clefable|159/283 brn|[from] brn\n|upkeep\n|turn|8\n|\n|t:|1768842492\n|move|p2a: Politoed|Scald|p1a: Clefable\n|-damage|p1a: Clefable|74/283 brn\n|move|p1a: Clefable|Soft-Boiled|p1a: Clefable\n|-heal|p1a: Clefable|216/283 brn\n|\n|-weather|RainDance|[upkeep]\n|-heal|p1a: Clefable|233/283 brn|[from] item: Leftovers\n|-damage|p1a: Clefable|198/283 brn|[from] brn\n|upkeep\n|turn|9\n|\n|t:|1768842508\n|move|p2a: Politoed|Scald|p1a: Clefable\n|-damage|p1a: Clefable|117/283 brn\n|move|p1a: Clefable|Soft-Boiled|p1a: Clefable\n|-heal|p1a: Clefable|259/283 brn\n|\n|-weather|none\n|-heal|p1a: Clefable|276/283 brn|[from] item: Leftovers\n|-damage|p1a: Clefable|241/283 brn|[from] brn\n|upkeep\n|turn|10\n|\n|t:|1768842514\n|move|p2a: Politoed|Encore|p1a: Clefable\n|-start|p1a: Clefable|Encore\n|move|p1a: Clefable|Soft-Boiled|p1a: Clefable\n|-heal|p1a: Clefable|283/283 brn\n|\n|-damage|p1a: Clefable|248/283 brn|[from] brn\n|upkeep\n|turn|11\n|\n|t:|1768842519\n|switch|p2a: Rampardos|Rampardos, L87, F|311/311\n|switch|p1a: Roserade|Roserade, L83, M|235/235\n|\n|upkeep\n|turn|12\n|\n|t:|1768842531\n|move|p2a: Rampardos|Head Smash|p1a: Roserade|[miss]\n|-miss|p2a: Rampardos|p1a: Roserade\n|move|p1a: Roserade|Giga Drain|p2a: Rampardos\n|-supereffective|p2a: Rampardos\n|-damage|p2a: Rampardos|45/311\n|\n|upkeep\n|turn|13\n|\n|t:|1768842548\n|move|p2a: Rampardos|Head Smash|p1a: Roserade\n|-damage|p1a: Roserade|0 fnt\n|faint|p1a: Roserade\n|-damage|p2a: Rampardos|0 fnt|[from] Recoil\n|faint|p2a: Rampardos\n|\n|upkeep\n|\n|t:|1768842565\n|switch|p1a: Clefable|Clefable, L80, M|248/283 brn\n|switch|p2a: Politoed|Politoed, L86, F|169/295\n|-weather|RainDance|[from] ability: Drizzle|[of] p2a: Politoed\n|turn|14\n|\n|t:|1768842569\n|move|p2a: Politoed|Scald|p1a: Clefable\n|-damage|p1a: Clefable|115/283 brn\n|move|p1a: Clefable|Moonblast|p2a: Politoed\n|-damage|p2a: Politoed|87/295\n|\n|-weather|RainDance|[upkeep]\n|-heal|p1a: Clefable|132/283 brn|[from] item: Leftovers\n|-damage|p1a: Clefable|97/283 brn|[from] brn\n|upkeep\n|turn|15\n|\n|t:|1768842584\n|switch|p1a: Electrode|Electrode, L88|249/249\n|move|p2a: Politoed|Scald|p1a: Electrode\n|-damage|p1a: Electrode|108/249\n|\n|-weather|RainDance|[upkeep]\n|upkeep\n|turn|16\n|\n|t:|1768842592\n|switch|p2a: Cacturne|Cacturne, L90, F|272/272\n|move|p1a: Electrode|Thunderbolt|p2a: Cacturne\n|-resisted|p2a: Cacturne\n|-damage|p2a: Cacturne|203/272\n|-status|p2a: Cacturne|par\n|-damage|p1a: Electrode|84/249|[from] item: Life Orb\n|\n|-weather|RainDance|[upkeep]\n|upkeep\n|turn|17\n|\n|t:|1768842597\n|move|p1a: Electrode|Signal Beam|p2a: Cacturne\n|-supereffective|p2a: Cacturne\n|-damage|p2a: Cacturne|0 fnt\n|faint|p2a: Cacturne\n|-damage|p1a: Electrode|60/249|[from] item: Life Orb\n|\n|-weather|RainDance|[upkeep]\n|upkeep\n|\n|t:|1768842602\n|switch|p2a: Spiritomb|Spiritomb, L88, F|231/231\n|turn|18\n|\n|t:|1768842606\n|move|p1a: Electrode|Thunderbolt|p2a: Spiritomb\n|-damage|p2a: Spiritomb|132/231\n|-status|p2a: Spiritomb|par\n|-damage|p1a: Electrode|36/249|[from] item: Life Orb\n|move|p2a: Spiritomb|Foul Play|p1a: Electrode\n|-damage|p1a: Electrode|0 fnt\n|faint|p1a: Electrode\n|\n|-weather|none\n|upkeep\n|\n|t:|1768842609\n|switch|p1a: Clefable|Clefable, L80, M|97/283 brn\n|turn|19\n|\n|t:|1768842614\n|move|p1a: Clefable|Soft-Boiled|p1a: Clefable\n|-heal|p1a: Clefable|239/283 brn\n|move|p2a: Spiritomb|Foul Play|p1a: Clefable\n|-resisted|p1a: Clefable\n|-damage|p1a: Clefable|197/283 brn\n|\n|-heal|p1a: Clefable|214/283 brn|[from] item: Leftovers\n|-damage|p1a: Clefable|179/283 brn|[from] brn\n|upkeep\n|turn|20\n|\n|t:|1768842616\n|move|p1a: Clefable|Moonblast|p2a: Spiritomb\n|-supereffective|p2a: Spiritomb\n|-damage|p2a: Spiritomb|0 fnt\n|faint|p2a: Spiritomb\n|\n|-heal|p1a: Clefable|196/283 brn|[from] item: Leftovers\n|-damage|p1a: Clefable|161/283 brn|[from] brn\n|upkeep\n|\n|t:|1768842618\n|switch|p2a: Politoed|Politoed, L86, F|87/295\n|-weather|RainDance|[from] ability: Drizzle|[of] p2a: Politoed\n|turn|21\n|\n|t:|1768842622\n|move|p2a: Politoed|Scald|p1a: Clefable\n|-damage|p1a: Clefable|34/283 brn\n|move|p1a: Clefable|Soft-Boiled|p1a: Clefable\n|-heal|p1a: Clefable|176/283 brn\n|\n|-weather|RainDance|[upkeep]\n|-heal|p1a: Clefable|193/283 brn|[from] item: Leftovers\n|-damage|p1a: Clefable|158/283 brn|[from] brn\n|upkeep\n|turn|22\n|\n|t:|1768842625\n|move|p2a: Politoed|Scald|p1a: Clefable\n|-damage|p1a: Clefable|34/283 brn\n|move|p1a: Clefable|Moonblast|p2a: Politoed\n|-damage|p2a: Politoed|8/295\n|\n|-weather|RainDance|[upkeep]\n|-heal|p1a: Clefable|51/283 brn|[from] item: Leftovers\n|-damage|p1a: Clefable|16/283 brn|[from] brn\n|upkeep\n|turn|23\n|\n|t:|1768842628\n|move|p2a: Politoed|Scald|p1a: Clefable\n|-crit|p1a: Clefable\n|-damage|p1a: Clefable|0 fnt\n|faint|p1a: Clefable\n|\n|-weather|RainDance|[upkeep]\n|upkeep\n|\n|t:|1768842630\n|switch|p1a: Primeape|Primeape, L87, F|168/255\n|turn|24\n|\n|t:|1768842636\n|move|p1a: Primeape|Close Combat|p2a: Politoed\n|-damage|p2a: Politoed|0 fnt\n|-unboost|p1a: Primeape|def|1\n|-unboost|p1a: Primeape|spd|1\n|faint|p2a: Politoed\n|-damage|p1a: Primeape|143/255|[from] item: Life Orb\n|\n|-weather|RainDance|[upkeep]\n|upkeep\n|\n|t:|1768842638\n|switch|p2a: Manaphy|Manaphy, L76|277/277\n|turn|25\n|\n|t:|1768842643\n|move|p1a: Primeape|Close Combat|p2a: Manaphy\n|-damage|p2a: Manaphy|86/277\n|-unboost|p1a: Primeape|def|1\n|-unboost|p1a: Primeape|spd|1\n|-damage|p1a: Primeape|118/255|[from] item: Life Orb\n|move|p2a: Manaphy|Surf|p1a: Primeape\n|-damage|p1a: Primeape|0 fnt\n|faint|p1a: Primeape\n|\n|-weather|none\n|-heal|p2a: Manaphy|103/277|[from] item: Leftovers\n|upkeep\n|\n|t:|1768842645\n|switch|p1a: Pikachu|Pikachu, L91, F|212/212\n|turn|26\n|\n|t:|1768842648\n|move|p1a: Pikachu|Volt Tackle|p2a: Manaphy\n|-supereffective|p2a: Manaphy\n|-damage|p2a: Manaphy|0 fnt\n|faint|p2a: Manaphy\n|-damage|p1a: Pikachu|178/212|[from] Recoil\n|\n|win|arboretums\n|raw|arboretums's rating: 1663 &rarr; <strong>1677</strong><br />(+14 for winning)\n|raw|glwriterv3's rating: 1555 &rarr; <strong>1541</strong><br />(-14 for losing)\n", "inputlog": ">version 3bd1a1e329da8d286644078cfc9a9638fc7ea025\n>start {\"formatid\":\"gen6randombattle\",\"seed\":\"sodium,57b9ceb93785170a032f19bab63c6138\",\"rated\":\"Rated battle\"}\n>player p1 {\"name\":\"arboretums\",\"avatar\":\"serena-masters2\",\"rating\":1663,\"seed\":\"sodium,59ea652dc3a0a2c5ff23f8ae9dca233b\"}\n>player p2 {\"name\":\"glwriterv3\",\"avatar\":\"cynthia-gen4\",\"rating\":1555,\"seed\":\"sodium,ef19e7dd4df7b5586239e437a75041f8\"}\n>p1 move honeclaws\n>p2 move leechseed\n>p1 move gunkshot\n>p2 move protect\n>p1 move gunkshot\n>p2 move airslash\n>p2 switch 5\n>p1 switch 6\n>p2 move willowisp\n>p1 move calmmind\n>p2 switch 6\n>p1 move moonblast\n>p2 move scald\n>p1 move softboiled\n>p2 move scald\n>p1 move softboiled\n>p2 move scald\n>p1 move softboiled\n>p2 move scald\n>p1 move calmmind\n>p2 move encore\n>p1 switch 4\n>p2 switch 4\n>p1 move gigadrain\n>p2 move headsmash\n>p1 move gigadrain\n>p2 move headsmash\n>p1 switch 4\n>p2 switch 4\n>p1 move moonblast\n>p2 move scald\n>p1 switch 5\n>p2 move scald\n>p1 move thunderbolt\n>p2 switch 2\n>p1 move signalbeam\n>p2 move gigadrain\n>p2 switch 6\n>p1 move thunderbolt\n>p2 move foulplay\n>p1 switch 5\n>p1 move softboiled\n>p2 move foulplay\n>p1 move moonblast\n>p2 move foulplay\n>p2 switch 2\n>p1 move softboiled\n>p2 move scald\n>p1 move moonblast\n>p2 move scald\n>p1 move moonblast\n>p2 move scald\n>p1 switch 6\n>p1 move closecombat\n>p2 move scald\n>p2 switch 3\n>p1 move closecombat\n>p2 move surf\n>p1 switch 2\n>p1 move volttackle\n>p2 move surf", "uploadtime": 1768842649, "views": 304, "formatid": "gen6randombattle", "rating": 1541, "private": 0, "password": null}