{"id": "gen6randombattle-2536826950", "format": "[Gen 6] Random Battle", "players": ["DrScizor", "arboretums"], "log": "|j|☆DrScizor\n|j|☆arboretums\n|t:|1770740446\n|gametype|singles\n|player|p1|DrScizor|hilbert|1509\n|player|p2|arboretums|serena-masters2|1548\n|gen|6\n|tier|[Gen 6] Random Battle\n|rated|\n|rule|Sleep Clause Mod: Limit one foe put to sleep\n|rule|HP Percentage Mod: HP is shown in percentages\n|rule|Illusion Level Mod: Illusion disguises the Pokémon's true level\n|\n|t:|1770740446\n|teamsize|p1|6\n|teamsize|p2|6\n|start\n|switch|p1a: Floette|Floette-Eternal, L81, F|253/253\n|switch|p2a: Hariyama|Hariyama, L86, F|388/388\n|turn|1\n|inactive|Battle timer is ON: inactive players will automatically lose when time's up. (requested by arboretums)\n|\n|t:|1770740457\n|switch|p2a: Carbink|Carbink, L91|239/239\n|move|p1a: Floette|Light of Ruin|p2a: Carbink\n|-damage|p2a: Carbink|137/239\n|-damage|p1a: Floette|202/253|[from] Recoil\n|\n|upkeep\n|turn|2\n|\n|t:|1770740475\n|switch|p1a: Samurott|Samurott, L87, M|307/307\n|move|p2a: Carbink|Light Screen|p2a: Carbink\n|-sidestart|p2: arboretums|move: Light Screen\n|\n|upkeep\n|turn|3\n|inactive|DrScizor has 120 seconds left.\n|\n|t:|1770740520\n|switch|p2a: Tropius|Tropius, L94, M|336/336\n|move|p1a: Samurott|Scald|p2a: Tropius\n|-resisted|p2a: Tropius\n|-damage|p2a: Tropius|312/336\n|-status|p2a: Tropius|brn\n|\n|-damage|p2a: Tropius|270/336 brn|[from] brn\n|upkeep\n|turn|4\n|\n|t:|1770740529\n|move|p1a: Samurott|Ice Beam|p2a: Tropius\n|-supereffective|p2a: Tropius\n|-damage|p2a: Tropius|134/336 brn\n|-enditem|p2a: Tropius|Sitrus Berry|[eat]\n|-heal|p2a: Tropius|218/336 brn|[from] item: Sitrus Berry\n|move|p2a: Tropius|Substitute|p2a: Tropius\n|-start|p2a: Tropius|Substitute\n|-damage|p2a: Tropius|134/336 brn\n|\n|-damage|p2a: Tropius|92/336 brn|[from] brn\n|-item|p2a: Tropius|Sitrus Berry|[from] ability: Harvest\n|upkeep\n|-enditem|p2a: Tropius|Sitrus Berry|[eat]\n|-heal|p2a: Tropius|176/336 brn|[from] item: Sitrus Berry\n|turn|5\n|\n|t:|1770740542\n|move|p1a: Samurott|Ice Beam|p2a: Tropius\n|-supereffective|p2a: Tropius\n|-end|p2a: Tropius|Substitute\n|move|p2a: Tropius|Leech Seed|p1a: Samurott\n|-start|p1a: Samurott|move: Leech Seed\n|\n|-damage|p1a: Samurott|269/307|[from] Leech Seed|[of] p2a: Tropius\n|-heal|p2a: Tropius|214/336 brn|[silent]\n|-damage|p2a: Tropius|172/336 brn|[from] brn\n|-item|p2a: Tropius|Sitrus Berry|[from] ability: Harvest\n|upkeep\n|turn|6\n|\n|t:|1770740551\n|move|p1a: Samurott|Ice Beam|p2a: Tropius\n|-supereffective|p2a: Tropius\n|-damage|p2a: Tropius|46/336 brn\n|-enditem|p2a: Tropius|Sitrus Berry|[eat]\n|-heal|p2a: Tropius|130/336 brn|[from] item: Sitrus Berry\n|move|p2a: Tropius|Substitute|p2a: Tropius\n|-start|p2a: Tropius|Substitute\n|-damage|p2a: Tropius|46/336 brn\n|\n|-damage|p1a: Samurott|231/307|[from] Leech Seed|[of] p2a: Tropius\n|-heal|p2a: Tropius|84/336 brn|[silent]\n|-damage|p2a: Tropius|42/336 brn|[from] brn\n|upkeep\n|turn|7\n|inactive|DrScizor has 120 seconds left.\n|\n|t:|1770740562\n|move|p2a: Tropius|Protect|p2a: Tropius\n|-singleturn|p2a: Tropius|Protect\n|move|p1a: Samurott|Ice Beam|p2a: Tropius\n|-activate|p2a: Tropius|move: Protect\n|\n|-damage|p1a: Samurott|193/307|[from] Leech Seed|[of] p2a: Tropius\n|-heal|p2a: Tropius|80/336 brn|[silent]\n|-damage|p2a: Tropius|38/336 brn|[from] brn\n|-item|p2a: Tropius|Sitrus Berry|[from] ability: Harvest\n|upkeep\n|-enditem|p2a: Tropius|Sitrus Berry|[eat]\n|-heal|p2a: Tropius|122/336 brn|[from] item: Sitrus Berry\n|turn|8\n|inactive|DrScizor has 120 seconds left.\n|\n|t:|1770740575\n|switch|p1a: Pidgeot|Pidgeot, L88, M|289/289\n|move|p2a: Tropius|Substitute|p2a: Tropius\n|-fail|p2a: Tropius|move: Substitute\n|\n|-damage|p2a: Tropius|80/336 brn|[from] brn\n|upkeep\n|turn|9\n|inactive|DrScizor has 120 seconds left.\n|\n|t:|1770740583\n|move|p1a: Pidgeot|Brave Bird|p2a: Tropius\n|-supereffective|p2a: Tropius\n|-crit|p2a: Tropius\n|-end|p2a: Tropius|Substitute\n|-damage|p1a: Pidgeot|261/289|[from] Recoil|[of] p2a: Tropius\n|move|p2a: Tropius|Leech Seed|p1a: Pidgeot\n|-start|p1a: Pidgeot|move: Leech Seed\n|\n|-heal|p1a: Pidgeot|279/289|[from] item: Leftovers\n|-damage|p1a: Pidgeot|243/289|[from] Leech Seed|[of] p2a: Tropius\n|-heal|p2a: Tropius|116/336 brn|[silent]\n|-damage|p2a: Tropius|74/336 brn|[from] brn\n|-sideend|p2: arboretums|move: Light Screen\n|-item|p2a: Tropius|Sitrus Berry|[from] ability: Harvest\n|upkeep\n|-enditem|p2a: Tropius|Sitrus Berry|[eat]\n|-heal|p2a: Tropius|158/336 brn|[from] item: Sitrus Berry\n|turn|10\n|inactive|DrScizor has 120 seconds left.\n|\n|t:|1770740597\n|move|p2a: Tropius|Protect|p2a: Tropius\n|-singleturn|p2a: Tropius|Protect\n|move|p1a: Pidgeot|Brave Bird|p2a: Tropius\n|-activate|p2a: Tropius|move: Protect\n|\n|-heal|p1a: Pidgeot|261/289|[from] item: Leftovers\n|-damage|p1a: Pidgeot|225/289|[from] Leech Seed|[of] p2a: Tropius\n|-heal|p2a: Tropius|194/336 brn|[silent]\n|-damage|p2a: Tropius|152/336 brn|[from] brn\n|upkeep\n|turn|11\n|inactive|DrScizor has 120 seconds left.\n|\n|t:|1770740607\n|switch|p2a: Carbink|Carbink, L91|137/239\n|move|p1a: Pidgeot|Brave Bird|p2a: Carbink\n|-resisted|p2a: Carbink\n|-damage|p2a: Carbink|103/239\n|-damage|p1a: Pidgeot|214/289|[from] Recoil\n|\n|-heal|p1a: Pidgeot|232/289|[from] item: Leftovers\n|-damage|p1a: Pidgeot|196/289|[from] Leech Seed|[of] p2a: Carbink\n|-heal|p2a: Carbink|139/239|[silent]\n|upkeep\n|turn|12\n|inactive|DrScizor has 120 seconds left.\n|\n|t:|1770740624\n|switch|p1a: Samurott|Samurott, L87, M|193/307\n|move|p2a: Carbink|Stealth Rock|p1a: Samurott\n|-sidestart|p1: DrScizor|move: Stealth Rock\n|\n|upkeep\n|turn|13\n|inactive|DrScizor has 120 seconds left.\n|\n|t:|1770740630\n|move|p1a: Samurott|Scald|p2a: Carbink\n|-supereffective|p2a: Carbink\n|-damage|p2a: Carbink|11/239\n|move|p2a: Carbink|Reflect|p2a: Carbink\n|-sidestart|p2: arboretums|Reflect\n|\n|upkeep\n|turn|14\n|\n|t:|1770740653\n|move|p1a: Samurott|Scald|p2a: Carbink\n|-supereffective|p2a: Carbink\n|-damage|p2a: Carbink|0 fnt\n|faint|p2a: Carbink\n|\n|upkeep\n|\n|t:|1770740661\n|switch|p2a: Exeggutor|Exeggutor, L92, F|324/324\n|turn|15\n|inactive|DrScizor has 120 seconds left.\n|\n|t:|1770740708\n|move|p1a: Samurott|Knock Off|p2a: Exeggutor\n|-supereffective|p2a: Exeggutor\n|-crit|p2a: Exeggutor\n|-damage|p2a: Exeggutor|112/324\n|-enditem|p2a: Exeggutor|Sitrus Berry|[from] move: Knock Off|[of] p1a: Samurott\n|move|p2a: Exeggutor|Psychic|p1a: Samurott\n|-damage|p1a: Samurott|81/307\n|\n|upkeep\n|turn|16\n|\n|t:|1770740722\n|switch|p2a: Walrein|Walrein, L88, M|337/337\n|move|p1a: Samurott|Ice Beam|p2a: Walrein\n|-resisted|p2a: Walrein\n|-damage|p2a: Walrein|328/337\n|\n|-heal|p2a: Walrein|337/337|[from] item: Leftovers\n|upkeep\n|turn|17\n|inactive|DrScizor has 90 seconds left.\n|inactive|DrScizor has 60 seconds left.\n|\n|t:|1770740786\n|switch|p1a: Floette|Floette-Eternal, L81, F|202/253\n|-damage|p1a: Floette|171/253|[from] Stealth Rock\n|move|p2a: Walrein|Toxic|p1a: Floette\n|-status|p1a: Floette|tox\n|\n|-damage|p1a: Floette|156/253 tox|[from] psn\n|upkeep\n|turn|18\n|inactive|DrScizor has 60 seconds left.\n|\n|t:|1770740798\n|move|p2a: Walrein|Protect|p2a: Walrein\n|-singleturn|p2a: Walrein|Protect\n|move|p1a: Floette|Light of Ruin|p2a: Walrein\n|-activate|p2a: Walrein|move: Protect\n|\n|-damage|p1a: Floette|126/253 tox|[from] psn\n|upkeep\n|turn|19\n|inactive|DrScizor has 60 seconds left.\n|\n|t:|1770740808\n|switch|p2a: Exeggutor|Exeggutor, L92, F|112/324\n|move|p1a: Floette|Light of Ruin|p2a: Exeggutor\n|-damage|p2a: Exeggutor|0 fnt\n|faint|p2a: Exeggutor\n|-damage|p1a: Floette|70/253 tox|[from] Recoil\n|\n|-damage|p1a: Floette|25/253 tox|[from] psn\n|upkeep\n|\n|t:|1770740816\n|switch|p2a: Staraptor|Staraptor, L78, F|261/261\n|turn|20\n|inactive|DrScizor has 60 seconds left.\n|\n|t:|1770740828\n|move|p2a: Staraptor|Quick Attack|p1a: Floette\n|-damage|p1a: Floette|0 fnt\n|faint|p1a: Floette\n|\n|-sideend|p2: arboretums|Reflect\n|upkeep\n|inactive|DrScizor has 60 seconds left.\n|\n|t:|1770740853\n|switch|p1a: Pidgeot|Pidgeot, L88, M|196/289\n|-damage|p1a: Pidgeot|124/289|[from] Stealth Rock\n|turn|21\n|\n|t:|1770740862\n|move|p2a: Staraptor|Quick Attack|p1a: Pidgeot\n|-damage|p1a: Pidgeot|52/289\n|move|p1a: Pidgeot|Defog|p2a: Staraptor\n|-unboost|p2a: Staraptor|evasion|1\n|-sideend|p1: DrScizor|Stealth Rock|[from] move: Defog|[of] p1a: Pidgeot\n|\n|-heal|p1a: Pidgeot|70/289|[from] item: Leftovers\n|upkeep\n|turn|22\n|inactive|DrScizor has 30 seconds left.\n|inactive|DrScizor has 20 seconds left.\n|inactive|DrScizor has 15 seconds left.\n|\n|t:|1770740908\n|move|p2a: Staraptor|Quick Attack|p1a: Pidgeot\n|-damage|p1a: Pidgeot|3/289\n|move|p1a: Pidgeot|Roost|p1a: Pidgeot\n|-heal|p1a: Pidgeot|148/289\n|-singleturn|p1a: Pidgeot|move: Roost\n|\n|-heal|p1a: Pidgeot|166/289|[from] item: Leftovers\n|upkeep\n|turn|23\n|inactive|DrScizor has 25 seconds left this turn.\n|inactive|DrScizor has 20 seconds left.\n|\n|t:|1770740918\n|switch|p2a: Walrein|Walrein, L88, M|337/337\n|move|p1a: Pidgeot|Roost|p1a: Pidgeot\n|-heal|p1a: Pidgeot|289/289\n|-singleturn|p1a: Pidgeot|move: Roost\n|\n|upkeep\n|turn|24\n|inactive|DrScizor has 30 seconds left this turn.\n|inactive|DrScizor has 20 seconds left.\n|inactive|DrScizor has 15 seconds left.\n|\n|t:|1770740933\n|move|p1a: Pidgeot|Brave Bird|p2a: Walrein\n|-damage|p2a: Walrein|214/337\n|-damage|p1a: Pidgeot|248/289|[from] Recoil\n|move|p2a: Walrein|Toxic|p1a: Pidgeot\n|-status|p1a: Pidgeot|tox\n|\n|-heal|p1a: Pidgeot|266/289 tox|[from] item: Leftovers\n|-heal|p2a: Walrein|235/337|[from] item: Leftovers\n|-damage|p1a: Pidgeot|248/289 tox|[from] psn\n|upkeep\n|turn|25\n|inactive|DrScizor has 25 seconds left this turn.\n|inactive|DrScizor has 20 seconds left.\n|inactive|DrScizor has 15 seconds left.\n|inactive|DrScizor has 10 seconds left.\n|\n|t:|1770740949\n|switch|p1a: Samurott|Samurott, L87, M|81/307\n|move|p2a: Walrein|Protect||[still]\n|-fail|p2a: Walrein\n|\n|-heal|p2a: Walrein|256/337|[from] item: Leftovers\n|upkeep\n|turn|26\n|inactive|DrScizor has 20 seconds left this turn.\n|inactive|DrScizor has 15 seconds left.\n|\n|t:|1770740957\n|move|p1a: Samurott|Knock Off|p2a: Walrein\n|-damage|p2a: Walrein|184/337\n|-enditem|p2a: Walrein|Leftovers|[from] move: Knock Off|[of] p1a: Samurott\n|move|p2a: Walrein|Toxic|p1a: Samurott\n|-status|p1a: Samurott|tox\n|\n|-damage|p1a: Samurott|62/307 tox|[from] psn\n|upkeep\n|turn|27\n|inactive|DrScizor has 25 seconds left this turn.\n|inactive|DrScizor has 20 seconds left.\n|\n|t:|1770740965\n|switch|p2a: Tropius|Tropius, L94, M|152/336 brn\n|move|p1a: Samurott|Scald|p2a: Tropius\n|-resisted|p2a: Tropius\n|-damage|p2a: Tropius|87/336 brn\n|\n|-damage|p1a: Samurott|24/307 tox|[from] psn\n|-damage|p2a: Tropius|45/336 brn|[from] brn\n|-item|p2a: Tropius|Sitrus Berry|[from] ability: Harvest\n|upkeep\n|-enditem|p2a: Tropius|Sitrus Berry|[eat]\n|-heal|p2a: Tropius|129/336 brn|[from] item: Sitrus Berry\n|turn|28\n|inactive|DrScizor has 30 seconds left this turn.\n|inactive|DrScizor has 20 seconds left.\n|\n|t:|1770740977\n|move|p2a: Tropius|Protect|p2a: Tropius\n|-singleturn|p2a: Tropius|Protect\n|move|p1a: Samurott|Ice Beam|p2a: Tropius\n|-activate|p2a: Tropius|move: Protect\n|\n|-damage|p1a: Samurott|0 fnt|[from] psn\n|faint|p1a: Samurott\n|-damage|p2a: Tropius|87/336 brn|[from] brn\n|upkeep\n|inactive|DrScizor has 25 seconds left this turn.\n|inactive|DrScizor has 20 seconds left.\n|inactive|DrScizor has 15 seconds left.\n|\n|t:|1770740988\n|switch|p1a: Pidgeot|Pidgeot, L88, M|248/289 tox\n|turn|29\n|inactive|DrScizor has 25 seconds left this turn.\n|\n|t:|1770740994\n|move|p2a: Tropius|Protect||[still]\n|-fail|p2a: Tropius\n|move|p1a: Pidgeot|Brave Bird|p2a: Tropius\n|-supereffective|p2a: Tropius\n|-damage|p2a: Tropius|0 fnt\n|faint|p2a: Tropius\n|-damage|p1a: Pidgeot|219/289 tox|[from] Recoil\n|\n|-heal|p1a: Pidgeot|237/289 tox|[from] item: Leftovers\n|-damage|p1a: Pidgeot|219/289 tox|[from] psn\n|upkeep\n|\n|t:|1770740999\n|switch|p2a: Walrein|Walrein, L88, M|184/337\n|turn|30\n|\n|t:|1770741006\n|move|p1a: Pidgeot|Brave Bird|p2a: Walrein\n|-damage|p2a: Walrein|79/337\n|-damage|p1a: Pidgeot|184/289 tox|[from] Recoil\n|move|p2a: Walrein|Ice Beam|p1a: Pidgeot\n|-supereffective|p1a: Pidgeot\n|-damage|p1a: Pidgeot|0 fnt\n|faint|p1a: Pidgeot\n|\n|upkeep\n|\n|t:|1770741014\n|switch|p1a: Serperior|Serperior, L80, F|251/251\n|turn|31\n|\n|t:|1770741028\n|move|p1a: Serperior|Leaf Storm|p2a: Walrein\n|-supereffective|p2a: Walrein\n|-damage|p2a: Walrein|0 fnt\n|-boost|p1a: Serperior|spa|2\n|faint|p2a: Walrein\n|\n|upkeep\n|\n|t:|1770741030\n|switch|p2a: Staraptor|Staraptor, L78, F|261/261\n|turn|32\n|\n|t:|1770741042\n|move|p1a: Serperior|Leaf Storm|p2a: Staraptor|[miss]\n|-miss|p1a: Serperior|p2a: Staraptor\n|move|p2a: Staraptor|Brave Bird|p1a: Serperior\n|-supereffective|p1a: Serperior\n|-damage|p1a: Serperior|0 fnt\n|faint|p1a: Serperior\n|-damage|p2a: Staraptor|178/261|[from] Recoil\n|\n|upkeep\n|\n|t:|1770741055\n|switch|p1a: Altaria|Altaria, L78, M|230/230\n|turn|33\n|\n|t:|1770741063\n|move|p1a: Altaria|Dark Pulse|p2a: Staraptor\n|-damage|p2a: Staraptor|18/261\n|-damage|p1a: Altaria|207/230|[from] item: Life Orb\n|move|p2a: Staraptor|Brave Bird|p1a: Altaria\n|-damage|p1a: Altaria|0 fnt\n|replace|p1a: Zoroark|Zoroark, L81, M\n|-end|p1a: Zoroark|Illusion\n|-hint|Illusion Level Mod is active, so this Pokémon's true level was hidden.\n|faint|p1a: Zoroark\n|-damage|p2a: Staraptor|0 fnt|[from] Recoil\n|faint|p2a: Staraptor\n|\n|upkeep\n|\n|t:|1770741074\n|switch|p1a: Altaria|Altaria, L78, M|245/245\n|switch|p2a: Hariyama|Hariyama, L86, F|388/388\n|turn|34\n|\n|t:|1770741079\n|detailschange|p1a: Altaria|Altaria-Mega, L78, M\n|-mega|p1a: Altaria|Altaria|Altarianite\n|move|p2a: Hariyama|Fake Out|p1a: Altaria\n|-crit|p1a: Altaria\n|-damage|p1a: Altaria|197/245\n|cant|p1a: Altaria|flinch\n|\n|-status|p2a: Hariyama|tox|[from] item: Toxic Orb\n|upkeep\n|turn|35\n|\n|t:|1770741088\n|move|p1a: Altaria|Return|p2a: Hariyama\n|-supereffective|p2a: Hariyama\n|-damage|p2a: Hariyama|62/388 tox\n|move|p2a: Hariyama|Facade|p1a: Altaria\n|-damage|p1a: Altaria|35/245\n|\n|-damage|p2a: Hariyama|38/388 tox|[from] psn\n|upkeep\n|turn|36\n|inactive|DrScizor has 60 seconds left.\n|\n|t:|1770741097\n|move|p1a: Altaria|Roost|p1a: Altaria\n|-heal|p1a: Altaria|158/245\n|-singleturn|p1a: Altaria|move: Roost\n|move|p2a: Hariyama|Knock Off|p1a: Altaria\n|-resisted|p1a: Altaria\n|-damage|p1a: Altaria|123/245\n|\n|-damage|p2a: Hariyama|0 fnt|[from] psn\n|faint|p2a: Hariyama\n|\n|win|DrScizor\n|raw|DrScizor's rating: 1509 &rarr; <strong>1531</strong><br />(+22 for winning)\n|raw|arboretums's rating: 1548 &rarr; <strong>1526</strong><br />(-22 for losing)\n", "inputlog": ">version ccdc32dd7cde25fd9e4bed64820e885f66e78a4e\n>start {\"formatid\":\"gen6randombattle\",\"seed\":\"sodium,f437d8c2dda00fa3bc0420aef3f4b8b0\",\"rated\":\"Rated battle\"}\n>player p1 {\"name\":\"DrScizor\",\"avatar\":\"hilbert\",\"rating\":1509,\"seed\":\"sodium,0e3c464441a70d24cf45e6817cf1979c\"}\n>player p2 {\"name\":\"arboretums\",\"avatar\":\"serena-masters2\",\"rating\":1548,\"seed\":\"sodium,40eb898789326287345330f560dbf3ba\"}\n>p1 move lightofruin\n>p2 switch 4\n>p1 switch 6\n>p2 move lightscreen\n>p1 move scald\n>p2 switch 3\n>p1 move icebeam\n>p2 move substitute\n>p1 move icebeam\n>p2 move leechseed\n>p1 move icebeam\n>p2 move substitute\n>p1 move icebeam\n>p2 move protect\n>p1 switch 3\n>p2 move substitute\n>p1 move bravebird\n>p2 move leechseed\n>p1 move bravebird\n>p2 move protect\n>p1 move bravebird\n>p2 switch 3\n>p1 switch 3\n>p2 move stealthrock\n>p1 move scald\n>p2 move reflect\n>p1 move scald\n>p2 move reflect\n>p2 switch 6\n>p1 move knockoff\n>p2 move psychic\n>p1 move icebeam\n>p2 switch 2\n>p1 switch 6\n>p2 move toxic\n>p1 move lightofruin\n>p2 move protect\n>p1 move lightofruin\n>p2 switch 2\n>p2 switch 5\n>p1 move lightofruin\n>p2 move quickattack\n>p1 switch 3\n>p1 move defog\n>p2 move quickattack\n>p1 move roost\n>p2 move quickattack\n>p1 move roost\n>p2 switch 2\n>p1 move bravebird\n>p2 move toxic\n>p1 switch 6\n>p2 move protect\n>p1 move knockoff\n>p2 move toxic\n>p1 move scald\n>p2 switch 3\n>p1 move icebeam\n>p2 move protect\n>p1 switch 6\n>p1 move bravebird\n>p2 move protect\n>p2 switch 3\n>p1 move bravebird\n>p2 move icebeam\n>p1 switch 2\n>p1 move leafstorm\n>p2 move icebeam\n>p2 switch 2\n>p1 move leafstorm\n>p2 move bravebird\n>p1 switch 5\n>p1 move darkpulse\n>p2 move bravebird\n>p1 switch 4\n>p2 switch 4\n>p1 move return mega\n>p2 move fakeout\n>p1 move return\n>p2 move facade\n>p1 move roost\n>p2 move knockoff", "uploadtime": 1770741102, "views": 219, "formatid": "gen6randombattle", "rating": 1526, "private": 0, "password": null}