{"id": "gen6randombattle-2533128271", "format": "[Gen 6] Random Battle", "players": ["nardodick", "unaware clodsire"], "log": "|j|☆nardodick\n|j|☆unaware clodsire\n|t:|1770260603\n|gametype|singles\n|player|p1|nardodick|102|1723\n|player|p2|unaware clodsire|acetrainerf-gen7|1679\n|gen|6\n|tier|[Gen 6] Random Battle\n|rated|\n|rule|Sleep Clause Mod: Limit one foe put to sleep\n|rule|HP Percentage Mod: HP is shown in percentages\n|rule|Illusion Level Mod: Illusion disguises the Pokémon's true level\n|\n|t:|1770260603\n|teamsize|p1|6\n|teamsize|p2|6\n|start\n|switch|p1a: Stunfisk|Stunfisk, L88, F|335/335\n|switch|p2a: Probopass|Probopass, L91, F|257/257\n|turn|1\n|inactive|Battle timer is ON: inactive players will automatically lose when time's up. (requested by nardodick)\n|inactive|unaware clodsire also wants the timer to be on.\n|\n|t:|1770260618\n|switch|p2a: Conkeldurr|Conkeldurr, L81, F|303/303\n|move|p1a: Stunfisk|Stealth Rock|p2a: Conkeldurr\n|-sidestart|p2: unaware clodsire|move: Stealth Rock\n|\n|-status|p2a: Conkeldurr|brn|[from] item: Flame Orb\n|upkeep\n|turn|2\n|\n|t:|1770260631\n|switch|p1a: Alomomola|Alomomola, L85, F|419/419\n|move|p2a: Conkeldurr|Knock Off|p1a: Alomomola\n|-damage|p1a: Alomomola|286/419\n|-damage|p2a: Conkeldurr|253/303 brn|[from] item: Rocky Helmet|[of] p1a: Alomomola\n|-enditem|p1a: Alomomola|Rocky Helmet|[from] move: Knock Off|[of] p2a: Conkeldurr\n|\n|-damage|p2a: Conkeldurr|216/303 brn|[from] brn\n|upkeep\n|turn|3\n|\n|t:|1770260638\n|move|p1a: Alomomola|Wish|p1a: Alomomola\n|move|p2a: Conkeldurr|Drain Punch|p1a: Alomomola\n|-damage|p1a: Alomomola|133/419\n|-heal|p2a: Conkeldurr|293/303 brn|[from] drain|[of] p1a: Alomomola\n|\n|-damage|p2a: Conkeldurr|256/303 brn|[from] brn\n|upkeep\n|turn|4\n|\n|t:|1770260653\n|move|p1a: Alomomola|Protect|p1a: Alomomola\n|-singleturn|p1a: Alomomola|Protect\n|move|p2a: Conkeldurr|Knock Off|p1a: Alomomola\n|-activate|p1a: Alomomola|move: Protect\n|\n|-heal|p1a: Alomomola|342/419|[from] move: Wish|[wisher] Alomomola\n|-damage|p2a: Conkeldurr|219/303 brn|[from] brn\n|upkeep\n|turn|5\n|\n|t:|1770260662\n|move|p1a: Alomomola|Wish|p1a: Alomomola\n|move|p2a: Conkeldurr|Drain Punch|p1a: Alomomola\n|-damage|p1a: Alomomola|174/419\n|-heal|p2a: Conkeldurr|303/303 brn|[from] drain|[of] p1a: Alomomola\n|\n|-damage|p2a: Conkeldurr|266/303 brn|[from] brn\n|upkeep\n|turn|6\n|\n|t:|1770260672\n|switch|p1a: Azelf|Azelf, L80|251/251\n|switch|p2a: Hitmontop|Hitmontop, L89, M|234/234\n|-damage|p2a: Hitmontop|220/234|[from] Stealth Rock\n|-ability|p2a: Hitmontop|Intimidate|boost\n|-unboost|p1a: Azelf|atk|1\n|\n|-heal|p2a: Hitmontop|234/234|[from] item: Leftovers\n|upkeep\n|turn|7\n|\n|t:|1770260680\n|switch|p2a: Probopass|Probopass, L91, F|257/257\n|-damage|p2a: Probopass|241/257|[from] Stealth Rock\n|move|p1a: Azelf|Psychic|p2a: Probopass\n|-resisted|p2a: Probopass\n|-damage|p2a: Probopass|211/257\n|\n|-heal|p2a: Probopass|227/257|[from] item: Leftovers\n|upkeep\n|turn|8\n|\n|t:|1770260693\n|move|p1a: Azelf|Taunt|p2a: Probopass\n|-start|p2a: Probopass|move: Taunt\n|move|p2a: Probopass|Earth Power|p1a: Azelf\n|-immune|p1a: Azelf|[from] ability: Levitate\n|\n|-heal|p2a: Probopass|243/257|[from] item: Leftovers\n|upkeep\n|turn|9\n|\n|t:|1770260700\n|move|p1a: Azelf|U-turn|p2a: Probopass\n|-resisted|p2a: Probopass\n|-crit|p2a: Probopass\n|-damage|p2a: Probopass|214/257\n|\n|t:|1770260705\n|switch|p1a: Alomomola|Alomomola, L85, F|313/419|[from] U-turn\n|move|p2a: Probopass|Earth Power|p1a: Alomomola\n|-damage|p1a: Alomomola|219/419\n|-unboost|p1a: Alomomola|spd|1\n|\n|-heal|p2a: Probopass|230/257|[from] item: Leftovers\n|upkeep\n|turn|10\n|\n|t:|1770260708\n|move|p1a: Alomomola|Scald|p2a: Probopass\n|-supereffective|p2a: Probopass\n|-damage|p2a: Probopass|174/257\n|move|p2a: Probopass|Volt Switch|p1a: Alomomola\n|-supereffective|p1a: Alomomola\n|-damage|p1a: Alomomola|0 fnt\n|faint|p1a: Alomomola\n|\n|t:|1770260721\n|switch|p2a: Hitmontop|Hitmontop, L89, M|234/234|[from] Volt Switch\n|-damage|p2a: Hitmontop|220/234|[from] Stealth Rock\n|\n|-heal|p2a: Hitmontop|234/234|[from] item: Leftovers\n|upkeep\n|\n|t:|1770260734\n|switch|p1a: Azelf|Azelf, L80|251/251\n|turn|11\n|inactive|unaware clodsire has 120 seconds left.\n|\n|t:|1770260774\n|move|p2a: Hitmontop|Sucker Punch|p1a: Azelf\n|-supereffective|p1a: Azelf\n|-damage|p1a: Azelf|89/251\n|move|p1a: Azelf|Psychic|p2a: Hitmontop\n|-supereffective|p2a: Hitmontop\n|-damage|p2a: Hitmontop|54/234\n|\n|-heal|p1a: Azelf|104/251|[from] item: Leftovers\n|-heal|p2a: Hitmontop|68/234|[from] item: Leftovers\n|upkeep\n|turn|12\n|\n|t:|1770260783\n|move|p2a: Hitmontop|Sucker Punch|p1a: Azelf\n|-supereffective|p1a: Azelf\n|-damage|p1a: Azelf|0 fnt\n|faint|p1a: Azelf\n|\n|-heal|p2a: Hitmontop|82/234|[from] item: Leftovers\n|upkeep\n|\n|t:|1770260792\n|switch|p1a: Keldeo|Keldeo-Resolute, L79|273/273\n|turn|13\n|inactive|unaware clodsire has 120 seconds left.\n|\n|t:|1770260813\n|move|p1a: Keldeo|Hydro Pump|p2a: Hitmontop\n|-damage|p2a: Hitmontop|0 fnt\n|faint|p2a: Hitmontop\n|\n|upkeep\n|\n|t:|1770260818\n|switch|p2a: Conkeldurr|Conkeldurr, L81, F|266/303 brn\n|-damage|p2a: Conkeldurr|248/303 brn|[from] Stealth Rock\n|turn|14\n|\n|t:|1770260824\n|move|p1a: Keldeo|Hydro Pump|p2a: Conkeldurr\n|-damage|p2a: Conkeldurr|0 fnt\n|faint|p2a: Conkeldurr\n|\n|upkeep\n|\n|t:|1770260832\n|switch|p2a: Avalugg|Avalugg, L90, M|317/317\n|-damage|p2a: Avalugg|238/317|[from] Stealth Rock\n|turn|15\n|\n|t:|1770260834\n|move|p1a: Keldeo|Hydro Pump|p2a: Avalugg\n|-damage|p2a: Avalugg|0 fnt\n|faint|p2a: Avalugg\n|\n|upkeep\n|c|☆unaware clodsire|i mean\n|inactive|unaware clodsire has 120 seconds left.\n|c|☆unaware clodsire|my entire team gets ohkoed by specs hydro\n|\n|t:|1770260853\n|switch|p2a: Houndoom|Houndoom, L80, M|251/251\n|-damage|p2a: Houndoom|189/251|[from] Stealth Rock\n|turn|16\n|\n|t:|1770260859\n|detailschange|p2a: Houndoom|Houndoom-Mega, L80, M\n|-mega|p2a: Houndoom|Houndoom|Houndoominite\n|move|p1a: Keldeo|Hydro Pump|p2a: Houndoom\n|-supereffective|p2a: Houndoom\n|-damage|p2a: Houndoom|0 fnt\n|faint|p2a: Houndoom\n|detailschange|p2: Houndoom|Houndoom, L80, M|[silent]\n|\n|upkeep\n|\n|t:|1770260862\n|switch|p2a: Pinsir|Pinsir, L85, M|249/249\n|-damage|p2a: Pinsir|187/249|[from] Stealth Rock\n|turn|17\n|\n|t:|1770260865\n|move|p1a: Keldeo|Hydro Pump|p2a: Pinsir\n|-crit|p2a: Pinsir\n|-damage|p2a: Pinsir|0 fnt\n|faint|p2a: Pinsir\n|\n|upkeep\n|\n|t:|1770260867\n|switch|p2a: Probopass|Probopass, L91, F|174/257\n|-damage|p2a: Probopass|158/257|[from] Stealth Rock\n|turn|18\n|\n|t:|1770260871\n|move|p1a: Keldeo|Hydro Pump|p2a: Probopass\n|-supereffective|p2a: Probopass\n|-damage|p2a: Probopass|0 fnt\n|faint|p2a: Probopass\n|\n|win|nardodick\n|raw|nardodick's rating: 1723 &rarr; <strong>1740</strong><br />(+17 for winning)\n|raw|unaware clodsire's rating: 1679 &rarr; <strong>1662</strong><br />(-17 for losing)\n", "inputlog": ">version ccdc32dd7cde25fd9e4bed64820e885f66e78a4e\n>start {\"formatid\":\"gen6randombattle\",\"seed\":\"sodium,d827774d52ceacb3dfdcf1b9f10e88df\",\"rated\":\"Rated battle\"}\n>player p1 {\"name\":\"nardodick\",\"avatar\":\"102\",\"rating\":1723,\"seed\":\"sodium,2f21279651ec1e3ef511280746c13650\"}\n>player p2 {\"name\":\"unaware clodsire\",\"avatar\":\"acetrainerf-gen7\",\"rating\":1679,\"seed\":\"sodium,9bb7f82609ae08e07b9368f58e40a8c5\"}\n>p1 move stealthrock\n>p2 switch 6\n>p1 switch 2\n>p2 move knockoff\n>p1 move wish\n>p2 move drainpunch\n>p1 move protect\n>p2 move knockoff\n>p1 move wish\n>p2 move drainpunch\n>p1 switch 4\n>p2 switch 4\n>p1 move psychic\n>p2 switch 6\n>p1 move taunt\n>p2 move earthpower\n>p1 move uturn\n>p2 move earthpower\n>p1 switch 4\n>p1 move scald\n>p2 move voltswitch\n>p2 switch 6\n>p1 switch 4\n>p1 move psychic\n>p2 move suckerpunch\n>p1 move psychic\n>p2 move suckerpunch\n>p1 switch 3\n>p1 move hydropump\n>p2 move closecombat\n>p2 switch 4\n>p1 move hydropump\n>p2 move facade\n>p2 switch 5\n>p1 move hydropump\n>p2 move rapidspin\n>chat ☆unaware clodsire|i mean\n>chat ☆unaware clodsire|my entire team gets ohkoed by specs hydro\n>p2 switch 3\n>p1 move hydropump\n>p2 move sludgebomb mega\n>p2 switch 2\n>p1 move hydropump\n>p2 move earthquake\n>p2 switch 6\n>p1 move hydropump\n>p2 move thunderwave", "uploadtime": 1770260874, "views": 262, "formatid": "gen6randombattle", "rating": 1662, "private": 0, "password": null}