{"id": "gen4randombattle-2539928098", "format": "[Gen 4] Random Battle", "players": ["sicko sam", "ShortCircuit714"], "log": "|j|☆sicko sam\n|j|☆ShortCircuit714\n|t:|1771128507\n|gametype|singles\n|player|p1|sicko sam|ethan|1501\n|player|p2|ShortCircuit714|101|1613\n|gen|4\n|tier|[Gen 4] Random Battle\n|rated|\n|rule|Sleep Clause Mod: Limit one foe put to sleep\n|rule|HP Percentage Mod: HP is shown in percentages\n|\n|t:|1771128507\n|teamsize|p1|6\n|teamsize|p2|6\n|start\n|switch|p1a: Masquerain|Masquerain, L99, M|299/299\n|switch|p2a: Probopass|Probopass, L88, F|249/249\n|-ability|p1a: Masquerain|Intimidate|boost\n|-unboost|p2a: Probopass|atk|1\n|turn|1\n|inactive|Battle timer is ON: inactive players will automatically lose when time's up. (requested by sicko sam)\n|\n|t:|1771128513\n|move|p1a: Masquerain|Hydro Pump|p2a: Probopass\n|-supereffective|p2a: Probopass\n|-damage|p2a: Probopass|111/249\n|move|p2a: Probopass|Stealth Rock|p1a: Masquerain\n|-sidestart|p1: sicko sam|move: Stealth Rock\n|\n|-heal|p2a: Probopass|126/249|[from] item: Leftovers\n|upkeep\n|turn|2\n|\n|t:|1771128526\n|move|p1a: Masquerain|Hydro Pump|p2a: Probopass\n|-supereffective|p2a: Probopass\n|-damage|p2a: Probopass|0 fnt\n|faint|p2a: Probopass\n|\n|upkeep\n|\n|t:|1771128540\n|switch|p2a: Rotom|Rotom, L83|219/219\n|turn|3\n|\n|t:|1771128546\n|move|p2a: Rotom|Thunderbolt|p1a: Masquerain\n|-supereffective|p1a: Masquerain\n|-damage|p1a: Masquerain|123/299\n|move|p1a: Masquerain|Toxic|p2a: Rotom\n|-status|p2a: Rotom|tox\n|\n|-damage|p2a: Rotom|206/219 tox|[from] psn\n|-heal|p1a: Masquerain|141/299|[from] item: Leftovers\n|upkeep\n|turn|4\n|\n|t:|1771128563\n|switch|p1a: Rotom|Rotom-Wash, L79|209/209\n|-damage|p1a: Rotom|183/209|[from] Stealth Rock\n|move|p2a: Rotom|Thunderbolt|p1a: Rotom\n|-resisted|p1a: Rotom\n|-damage|p1a: Rotom|138/209\n|-status|p1a: Rotom|par\n|\n|-heal|p2a: Rotom|219/219 tox|[from] item: Leftovers\n|-damage|p2a: Rotom|193/219 tox|[from] psn\n|-heal|p1a: Rotom|151/209 par|[from] item: Leftovers\n|upkeep\n|turn|5\n|\n|t:|1771128568\n|move|p2a: Rotom|Shadow Ball|p1a: Rotom\n|-supereffective|p1a: Rotom\n|-damage|p1a: Rotom|13/209 par\n|-unboost|p1a: Rotom|spd|1\n|move|p1a: Rotom|Rest|p1a: Rotom\n|-status|p1a: Rotom|slp|[from] move: Rest\n|-heal|p1a: Rotom|209/209 slp|[silent]\n|\n|-heal|p2a: Rotom|206/219 tox|[from] item: Leftovers\n|-damage|p2a: Rotom|167/219 tox|[from] psn\n|upkeep\n|turn|6\n|\n|t:|1771128574\n|switch|p1a: Skuntank|Skuntank, L84, F|310/310\n|-damage|p1a: Skuntank|272/310|[from] Stealth Rock\n|move|p2a: Rotom|Shadow Ball|p1a: Skuntank\n|-resisted|p1a: Skuntank\n|-damage|p1a: Skuntank|220/310\n|\n|-heal|p2a: Rotom|180/219 tox|[from] item: Leftovers\n|-damage|p2a: Rotom|128/219 tox|[from] psn\n|-heal|p1a: Skuntank|239/310|[from] item: Black Sludge\n|upkeep\n|turn|7\n|\n|t:|1771128582\n|move|p2a: Rotom|Will-O-Wisp|p1a: Skuntank\n|-status|p1a: Skuntank|brn\n|move|p1a: Skuntank|Crunch|p2a: Rotom\n|-supereffective|p2a: Rotom\n|-damage|p2a: Rotom|38/219 tox\n|-unboost|p2a: Rotom|def|1\n|\n|-heal|p2a: Rotom|51/219 tox|[from] item: Leftovers\n|-damage|p2a: Rotom|0 fnt|[from] psn\n|faint|p2a: Rotom\n|-heal|p1a: Skuntank|258/310 brn|[from] item: Black Sludge\n|-damage|p1a: Skuntank|220/310 brn|[from] brn\n|upkeep\n|\n|t:|1771128601\n|switch|p2a: Feraligatr|Feraligatr, L82, M|274/274\n|turn|8\n|\n|t:|1771128607\n|move|p1a: Skuntank|Taunt|p2a: Feraligatr\n|-start|p2a: Feraligatr|move: Taunt\n|cant|p2a: Feraligatr|move: Taunt|Dragon Dance\n|\n|-heal|p1a: Skuntank|239/310 brn|[from] item: Black Sludge\n|-damage|p1a: Skuntank|201/310 brn|[from] brn\n|upkeep\n|turn|9\n|\n|t:|1771128616\n|switch|p2a: Porygon2|Porygon2, L86|286/286\n|-ability|p2a: Porygon2|Aftermath|Trace|[from] ability: Trace|[of] p1a: Skuntank\n|move|p1a: Skuntank|Poison Jab|p2a: Porygon2\n|-damage|p2a: Porygon2|246/286\n|-status|p2a: Porygon2|psn\n|\n|-heal|p1a: Skuntank|220/310 brn|[from] item: Black Sludge\n|-damage|p1a: Skuntank|182/310 brn|[from] brn\n|-heal|p2a: Porygon2|263/286 psn|[from] item: Leftovers\n|-damage|p2a: Porygon2|228/286 psn|[from] psn\n|upkeep\n|turn|10\n|\n|t:|1771128625\n|switch|p2a: Lickilicky|Lickilicky, L86, M|329/329\n|move|p1a: Skuntank|Taunt|p2a: Lickilicky\n|-start|p2a: Lickilicky|move: Taunt\n|\n|-heal|p1a: Skuntank|201/310 brn|[from] item: Black Sludge\n|-damage|p1a: Skuntank|163/310 brn|[from] brn\n|upkeep\n|turn|11\n|\n|t:|1771128630\n|move|p1a: Skuntank|Poison Jab|p2a: Lickilicky\n|-damage|p2a: Lickilicky|289/329\n|move|p2a: Lickilicky|Body Slam|p1a: Skuntank\n|-damage|p1a: Skuntank|63/310 brn\n|\n|-heal|p1a: Skuntank|82/310 brn|[from] item: Black Sludge\n|-damage|p1a: Skuntank|44/310 brn|[from] brn\n|-heal|p2a: Lickilicky|309/329|[from] item: Leftovers\n|upkeep\n|turn|12\n|\n|t:|1771128633\n|switch|p2a: Porygon2|Porygon2, L86|228/286 psn\n|-ability|p2a: Porygon2|Aftermath|Trace|[from] ability: Trace|[of] p1a: Skuntank\n|move|p1a: Skuntank|Poison Jab|p2a: Porygon2\n|-damage|p2a: Porygon2|188/286 psn\n|\n|-heal|p1a: Skuntank|63/310 brn|[from] item: Black Sludge\n|-damage|p1a: Skuntank|25/310 brn|[from] brn\n|-heal|p2a: Porygon2|205/286 psn|[from] item: Leftovers\n|-damage|p2a: Porygon2|170/286 psn|[from] psn\n|upkeep\n|turn|13\n|\n|t:|1771128639\n|move|p1a: Skuntank|Taunt|p2a: Porygon2\n|-start|p2a: Porygon2|move: Taunt\n|cant|p2a: Porygon2|move: Taunt|Recover\n|\n|-heal|p1a: Skuntank|44/310 brn|[from] item: Black Sludge\n|-damage|p1a: Skuntank|6/310 brn|[from] brn\n|-heal|p2a: Porygon2|187/286 psn|[from] item: Leftovers\n|-damage|p2a: Porygon2|152/286 psn|[from] psn\n|upkeep\n|turn|14\n|\n|t:|1771128647\n|switch|p2a: Lickilicky|Lickilicky, L86, M|309/329\n|move|p1a: Skuntank|Taunt|p2a: Lickilicky\n|-start|p2a: Lickilicky|move: Taunt\n|\n|-heal|p1a: Skuntank|25/310 brn|[from] item: Black Sludge\n|-damage|p1a: Skuntank|0 fnt|[from] brn\n|faint|p1a: Skuntank\n|-heal|p2a: Lickilicky|329/329|[from] item: Leftovers\n|upkeep\n|\n|t:|1771128653\n|switch|p1a: Torkoal|Torkoal, L87, F|264/264\n|-damage|p1a: Torkoal|198/264|[from] Stealth Rock\n|turn|15\n|\n|t:|1771128658\n|switch|p2a: Porygon2|Porygon2, L86|152/286 psn\n|-ability|p2a: Porygon2|White Smoke|Trace|[from] ability: Trace|[of] p1a: Torkoal\n|move|p1a: Torkoal|Rapid Spin|p2a: Porygon2\n|-damage|p2a: Porygon2|138/286 psn\n|-sideend|p1: sicko sam|Stealth Rock|[from] move: Rapid Spin|[of] p1a: Torkoal\n|\n|-heal|p2a: Porygon2|155/286 psn|[from] item: Leftovers\n|-damage|p2a: Porygon2|120/286 psn|[from] psn\n|-heal|p1a: Torkoal|214/264|[from] item: Leftovers\n|upkeep\n|turn|16\n|\n|t:|1771128661\n|move|p2a: Porygon2|Recover|p2a: Porygon2\n|-heal|p2a: Porygon2|263/286 psn\n|move|p1a: Torkoal|Stealth Rock|p2a: Porygon2\n|-sidestart|p2: ShortCircuit714|move: Stealth Rock\n|\n|-heal|p2a: Porygon2|280/286 psn|[from] item: Leftovers\n|-damage|p2a: Porygon2|245/286 psn|[from] psn\n|-heal|p1a: Torkoal|230/264|[from] item: Leftovers\n|upkeep\n|turn|17\n|\n|t:|1771128667\n|move|p2a: Porygon2|Toxic|p1a: Torkoal\n|-status|p1a: Torkoal|tox\n|move|p1a: Torkoal|Lava Plume|p2a: Porygon2\n|-crit|p2a: Porygon2\n|-damage|p2a: Porygon2|89/286 psn\n|\n|-heal|p2a: Porygon2|106/286 psn|[from] item: Leftovers\n|-damage|p2a: Porygon2|71/286 psn|[from] psn\n|-heal|p1a: Torkoal|246/264 tox|[from] item: Leftovers\n|-damage|p1a: Torkoal|230/264 tox|[from] psn\n|upkeep\n|turn|18\n|\n|t:|1771128669\n|move|p2a: Porygon2|Recover|p2a: Porygon2\n|-heal|p2a: Porygon2|214/286 psn\n|move|p1a: Torkoal|Lava Plume|p2a: Porygon2\n|-damage|p2a: Porygon2|133/286 psn\n|\n|-heal|p2a: Porygon2|150/286 psn|[from] item: Leftovers\n|-damage|p2a: Porygon2|115/286 psn|[from] psn\n|-heal|p1a: Torkoal|246/264 tox|[from] item: Leftovers\n|-damage|p1a: Torkoal|214/264 tox|[from] psn\n|upkeep\n|turn|19\n|\n|t:|1771128673\n|move|p2a: Porygon2|Recover|p2a: Porygon2\n|-heal|p2a: Porygon2|258/286 psn\n|move|p1a: Torkoal|Lava Plume|p2a: Porygon2\n|-damage|p2a: Porygon2|179/286 psn\n|\n|-heal|p2a: Porygon2|196/286 psn|[from] item: Leftovers\n|-damage|p2a: Porygon2|161/286 psn|[from] psn\n|-heal|p1a: Torkoal|230/264 tox|[from] item: Leftovers\n|-damage|p1a: Torkoal|182/264 tox|[from] psn\n|upkeep\n|turn|20\n|\n|t:|1771128677\n|switch|p2a: Lickilicky|Lickilicky, L86, M|329/329\n|-damage|p2a: Lickilicky|288/329|[from] Stealth Rock\n|switch|p1a: Rotom|Rotom-Wash, L79|209/209 slp\n|\n|-heal|p2a: Lickilicky|308/329|[from] item: Leftovers\n|upkeep\n|turn|21\n|\n|t:|1771128683\n|cant|p1a: Rotom|slp\n|move|p1a: Rotom|Sleep Talk|p1a: Rotom\n|move|p1a: Rotom|Shadow Ball|p2a: Lickilicky|[from] move: Sleep Talk\n|-immune|p2a: Lickilicky\n|move|p2a: Lickilicky|Heal Bell|p2a: Lickilicky\n|-activate|p2a: Lickilicky|move: Heal Bell\n|-curestatus|p2: Porygon2|psn|[silent]\n|\n|-heal|p2a: Lickilicky|328/329|[from] item: Leftovers\n|upkeep\n|turn|22\n|\n|t:|1771128686\n|cant|p1a: Rotom|slp\n|move|p1a: Rotom|Sleep Talk|p1a: Rotom\n|move|p1a: Rotom|Rest||[from] move: Sleep Talk|[still]\n|-fail|p1a: Rotom\n|move|p2a: Lickilicky|Wish|p2a: Lickilicky\n|\n|-heal|p2a: Lickilicky|329/329|[from] item: Leftovers\n|upkeep\n|turn|23\n|\n|t:|1771128691\n|switch|p2a: Porygon2|Porygon2, L86|161/286\n|-damage|p2a: Porygon2|126/286|[from] Stealth Rock\n|-ability|p2a: Porygon2|Levitate|Trace|[from] ability: Trace|[of] p1a: Rotom\n|-curestatus|p1a: Rotom|slp|[msg]\n|move|p1a: Rotom|Thunderbolt|p2a: Porygon2\n|-damage|p2a: Porygon2|42/286\n|-status|p2a: Porygon2|par\n|\n|-heal|p2a: Porygon2|185/286 par|[from] move: Wish|[wisher] Lickilicky\n|-heal|p2a: Porygon2|202/286 par|[from] item: Leftovers\n|upkeep\n|turn|24\n|\n|t:|1771128695\n|move|p1a: Rotom|Thunderbolt|p2a: Porygon2\n|-damage|p2a: Porygon2|112/286 par\n|move|p2a: Porygon2|Toxic|p1a: Rotom|[miss]\n|-miss|p2a: Porygon2|p1a: Rotom\n|\n|-heal|p2a: Porygon2|129/286 par|[from] item: Leftovers\n|upkeep\n|turn|25\n|\n|t:|1771128701\n|move|p1a: Rotom|Thunderbolt|p2a: Porygon2\n|-damage|p2a: Porygon2|42/286 par\n|move|p2a: Porygon2|Recover|p2a: Porygon2\n|-heal|p2a: Porygon2|185/286 par\n|\n|-heal|p2a: Porygon2|202/286 par|[from] item: Leftovers\n|upkeep\n|turn|26\n|\n|t:|1771128707\n|switch|p1a: Masquerain|Masquerain, L99, M|141/299\n|-ability|p1a: Masquerain|Intimidate|boost\n|-unboost|p2a: Porygon2|atk|1\n|switch|p2a: Lickilicky|Lickilicky, L86, M|329/329\n|-damage|p2a: Lickilicky|288/329|[from] Stealth Rock\n|\n|-heal|p1a: Masquerain|159/299|[from] item: Leftovers\n|-heal|p2a: Lickilicky|308/329|[from] item: Leftovers\n|upkeep\n|turn|27\n|\n|t:|1771128710\n|move|p1a: Masquerain|Toxic|p2a: Lickilicky|[miss]\n|-miss|p1a: Masquerain|p2a: Lickilicky\n|move|p2a: Lickilicky|Body Slam|p1a: Masquerain\n|-damage|p1a: Masquerain|62/299\n|\n|-heal|p1a: Masquerain|80/299|[from] item: Leftovers\n|-heal|p2a: Lickilicky|328/329|[from] item: Leftovers\n|upkeep\n|turn|28\n|\n|t:|1771128715\n|move|p1a: Masquerain|Roost|p1a: Masquerain\n|-heal|p1a: Masquerain|229/299\n|-singleturn|p1a: Masquerain|move: Roost\n|move|p2a: Lickilicky|Body Slam|p1a: Masquerain\n|-damage|p1a: Masquerain|144/299\n|\n|-heal|p1a: Masquerain|162/299|[from] item: Leftovers\n|-heal|p2a: Lickilicky|329/329|[from] item: Leftovers\n|upkeep\n|turn|29\n|\n|t:|1771128718\n|move|p1a: Masquerain|Toxic|p2a: Lickilicky\n|-status|p2a: Lickilicky|tox\n|move|p2a: Lickilicky|Wish|p2a: Lickilicky\n|\n|-heal|p1a: Masquerain|180/299|[from] item: Leftovers\n|-damage|p2a: Lickilicky|309/329 tox|[from] psn\n|upkeep\n|turn|30\n|\n|t:|1771128725\n|move|p1a: Masquerain|Air Slash|p2a: Lickilicky\n|-damage|p2a: Lickilicky|215/329 tox\n|move|p2a: Lickilicky|Heal Bell|p2a: Lickilicky\n|-activate|p2a: Lickilicky|move: Heal Bell\n|-curestatus|p2a: Lickilicky|tox|[silent]\n|-curestatus|p2: Porygon2|par|[silent]\n|\n|-heal|p2a: Lickilicky|329/329|[from] move: Wish|[wisher] Lickilicky\n|-heal|p1a: Masquerain|198/299|[from] item: Leftovers\n|upkeep\n|turn|31\n|\n|t:|1771128729\n|move|p1a: Masquerain|Toxic|p2a: Lickilicky\n|-status|p2a: Lickilicky|tox\n|move|p2a: Lickilicky|Body Slam|p1a: Masquerain\n|-damage|p1a: Masquerain|101/299\n|\n|-heal|p1a: Masquerain|119/299|[from] item: Leftovers\n|-damage|p2a: Lickilicky|309/329 tox|[from] psn\n|upkeep\n|turn|32\n|\n|t:|1771128732\n|move|p1a: Masquerain|Roost|p1a: Masquerain\n|-heal|p1a: Masquerain|268/299\n|-singleturn|p1a: Masquerain|move: Roost\n|move|p2a: Lickilicky|Body Slam|p1a: Masquerain\n|-damage|p1a: Masquerain|178/299\n|\n|-heal|p1a: Masquerain|196/299|[from] item: Leftovers\n|-heal|p2a: Lickilicky|329/329 tox|[from] item: Leftovers\n|-damage|p2a: Lickilicky|289/329 tox|[from] psn\n|upkeep\n|turn|33\n|\n|t:|1771128736\n|move|p1a: Masquerain|Air Slash|p2a: Lickilicky\n|-damage|p2a: Lickilicky|205/329 tox\n|cant|p2a: Lickilicky|flinch\n|\n|-heal|p1a: Masquerain|214/299|[from] item: Leftovers\n|-heal|p2a: Lickilicky|225/329 tox|[from] item: Leftovers\n|-damage|p2a: Lickilicky|165/329 tox|[from] psn\n|upkeep\n|turn|34\n|\n|t:|1771128740\n|move|p1a: Masquerain|Air Slash|p2a: Lickilicky\n|-damage|p2a: Lickilicky|78/329 tox\n|move|p2a: Lickilicky|Heal Bell|p2a: Lickilicky\n|-activate|p2a: Lickilicky|move: Heal Bell\n|-curestatus|p2a: Lickilicky|tox|[silent]\n|\n|-heal|p1a: Masquerain|232/299|[from] item: Leftovers\n|-heal|p2a: Lickilicky|98/329|[from] item: Leftovers\n|upkeep\n|turn|35\n|\n|t:|1771128744\n|move|p2a: Lickilicky|Protect|p2a: Lickilicky\n|-singleturn|p2a: Lickilicky|Protect\n|move|p1a: Masquerain|Air Slash|p2a: Lickilicky\n|-activate|p2a: Lickilicky|Protect\n|\n|-heal|p1a: Masquerain|250/299|[from] item: Leftovers\n|-heal|p2a: Lickilicky|118/329|[from] item: Leftovers\n|upkeep\n|turn|36\n|\n|t:|1771128748\n|move|p1a: Masquerain|Air Slash|p2a: Lickilicky\n|-damage|p2a: Lickilicky|30/329\n|move|p2a: Lickilicky|Wish|p2a: Lickilicky\n|\n|-heal|p1a: Masquerain|268/299|[from] item: Leftovers\n|-heal|p2a: Lickilicky|50/329|[from] item: Leftovers\n|upkeep\n|turn|37\n|\n|t:|1771128755\n|move|p2a: Lickilicky|Protect|p2a: Lickilicky\n|-singleturn|p2a: Lickilicky|Protect\n|move|p1a: Masquerain|Air Slash|p2a: Lickilicky\n|-activate|p2a: Lickilicky|Protect\n|\n|-heal|p2a: Lickilicky|214/329|[from] move: Wish|[wisher] Lickilicky\n|-heal|p1a: Masquerain|286/299|[from] item: Leftovers\n|-heal|p2a: Lickilicky|234/329|[from] item: Leftovers\n|upkeep\n|turn|38\n|\n|t:|1771128760\n|move|p1a: Masquerain|Toxic|p2a: Lickilicky|[miss]\n|-miss|p1a: Masquerain|p2a: Lickilicky\n|move|p2a: Lickilicky|Wish|p2a: Lickilicky\n|\n|-heal|p1a: Masquerain|299/299|[from] item: Leftovers\n|-heal|p2a: Lickilicky|254/329|[from] item: Leftovers\n|upkeep\n|turn|39\n|\n|t:|1771128764\n|move|p1a: Masquerain|Toxic|p2a: Lickilicky\n|-status|p2a: Lickilicky|tox\n|move|p2a: Lickilicky|Body Slam|p1a: Masquerain\n|-damage|p1a: Masquerain|211/299\n|\n|-heal|p2a: Lickilicky|329/329 tox|[from] move: Wish|[wisher] Lickilicky\n|-heal|p1a: Masquerain|229/299|[from] item: Leftovers\n|-damage|p2a: Lickilicky|309/329 tox|[from] psn\n|upkeep\n|turn|40\n|\n|t:|1771128771\n|move|p1a: Masquerain|Air Slash|p2a: Lickilicky\n|-damage|p2a: Lickilicky|225/329 tox\n|cant|p2a: Lickilicky|flinch\n|\n|-heal|p1a: Masquerain|247/299|[from] item: Leftovers\n|-heal|p2a: Lickilicky|245/329 tox|[from] item: Leftovers\n|-damage|p2a: Lickilicky|205/329 tox|[from] psn\n|upkeep\n|turn|41\n|\n|t:|1771128776\n|move|p1a: Masquerain|Air Slash|p2a: Lickilicky|[miss]\n|-miss|p1a: Masquerain|p2a: Lickilicky\n|move|p2a: Lickilicky|Heal Bell|p2a: Lickilicky\n|-activate|p2a: Lickilicky|move: Heal Bell\n|-curestatus|p2a: Lickilicky|tox|[silent]\n|\n|-heal|p1a: Masquerain|265/299|[from] item: Leftovers\n|-heal|p2a: Lickilicky|225/329|[from] item: Leftovers\n|upkeep\n|turn|42\n|\n|t:|1771128778\n|move|p2a: Lickilicky|Protect|p2a: Lickilicky\n|-singleturn|p2a: Lickilicky|Protect\n|move|p1a: Masquerain|Toxic|p2a: Lickilicky\n|-activate|p2a: Lickilicky|Protect\n|\n|-heal|p1a: Masquerain|283/299|[from] item: Leftovers\n|-heal|p2a: Lickilicky|245/329|[from] item: Leftovers\n|upkeep\n|turn|43\n|\n|t:|1771128783\n|move|p1a: Masquerain|Toxic|p2a: Lickilicky\n|-status|p2a: Lickilicky|tox\n|move|p2a: Lickilicky|Body Slam|p1a: Masquerain\n|-damage|p1a: Masquerain|198/299\n|\n|-heal|p1a: Masquerain|216/299|[from] item: Leftovers\n|-heal|p2a: Lickilicky|265/329 tox|[from] item: Leftovers\n|-damage|p2a: Lickilicky|245/329 tox|[from] psn\n|upkeep\n|turn|44\n|\n|t:|1771128786\n|move|p1a: Masquerain|Air Slash|p2a: Lickilicky\n|-damage|p2a: Lickilicky|155/329 tox\n|move|p2a: Lickilicky|Heal Bell|p2a: Lickilicky\n|-activate|p2a: Lickilicky|move: Heal Bell\n|-curestatus|p2a: Lickilicky|tox|[silent]\n|\n|-heal|p1a: Masquerain|234/299|[from] item: Leftovers\n|-heal|p2a: Lickilicky|175/329|[from] item: Leftovers\n|upkeep\n|turn|45\n|\n|t:|1771128790\n|move|p1a: Masquerain|Toxic|p2a: Lickilicky\n|-status|p2a: Lickilicky|tox\n|move|p2a: Lickilicky|Wish|p2a: Lickilicky\n|\n|-heal|p1a: Masquerain|252/299|[from] item: Leftovers\n|-heal|p2a: Lickilicky|195/329 tox|[from] item: Leftovers\n|-damage|p2a: Lickilicky|175/329 tox|[from] psn\n|upkeep\n|turn|46\n|\n|t:|1771128794\n|move|p1a: Masquerain|Air Slash|p2a: Lickilicky\n|-damage|p2a: Lickilicky|93/329 tox\n|cant|p2a: Lickilicky|flinch\n|\n|-heal|p2a: Lickilicky|257/329 tox|[from] move: Wish|[wisher] Lickilicky\n|-heal|p1a: Masquerain|270/299|[from] item: Leftovers\n|-heal|p2a: Lickilicky|277/329 tox|[from] item: Leftovers\n|-damage|p2a: Lickilicky|237/329 tox|[from] psn\n|upkeep\n|turn|47\n|\n|t:|1771128803\n|move|p1a: Masquerain|Air Slash|p2a: Lickilicky\n|-damage|p2a: Lickilicky|152/329 tox\n|move|p2a: Lickilicky|Heal Bell|p2a: Lickilicky\n|-activate|p2a: Lickilicky|move: Heal Bell\n|-curestatus|p2a: Lickilicky|tox|[silent]\n|\n|-heal|p1a: Masquerain|288/299|[from] item: Leftovers\n|-heal|p2a: Lickilicky|172/329|[from] item: Leftovers\n|upkeep\n|turn|48\n|\n|t:|1771128809\n|move|p1a: Masquerain|Toxic|p2a: Lickilicky\n|-status|p2a: Lickilicky|tox\n|move|p2a: Lickilicky|Wish|p2a: Lickilicky\n|\n|-heal|p1a: Masquerain|299/299|[from] item: Leftovers\n|-heal|p2a: Lickilicky|192/329 tox|[from] item: Leftovers\n|-damage|p2a: Lickilicky|172/329 tox|[from] psn\n|upkeep\n|turn|49\n|\n|t:|1771128816\n|move|p1a: Masquerain|Air Slash|p2a: Lickilicky|[miss]\n|-miss|p1a: Masquerain|p2a: Lickilicky\n|move|p2a: Lickilicky|Body Slam|p1a: Masquerain\n|-crit|p1a: Masquerain\n|-damage|p1a: Masquerain|104/299\n|\n|-heal|p2a: Lickilicky|329/329 tox|[from] move: Wish|[wisher] Lickilicky\n|-heal|p1a: Masquerain|122/299|[from] item: Leftovers\n|-damage|p2a: Lickilicky|289/329 tox|[from] psn\n|upkeep\n|turn|50\n|\n|t:|1771128820\n|move|p1a: Masquerain|Roost|p1a: Masquerain\n|-heal|p1a: Masquerain|271/299\n|-singleturn|p1a: Masquerain|move: Roost\n|move|p2a: Lickilicky|Heal Bell|p2a: Lickilicky\n|-activate|p2a: Lickilicky|move: Heal Bell\n|-curestatus|p2a: Lickilicky|tox|[silent]\n|\n|-heal|p1a: Masquerain|289/299|[from] item: Leftovers\n|-heal|p2a: Lickilicky|309/329|[from] item: Leftovers\n|upkeep\n|turn|51\n|\n|t:|1771128823\n|move|p2a: Lickilicky|Protect|p2a: Lickilicky\n|-singleturn|p2a: Lickilicky|Protect\n|move|p1a: Masquerain|Toxic|p2a: Lickilicky|[miss]\n|-miss|p1a: Masquerain|p2a: Lickilicky\n|\n|-heal|p1a: Masquerain|299/299|[from] item: Leftovers\n|-heal|p2a: Lickilicky|329/329|[from] item: Leftovers\n|upkeep\n|turn|52\n|\n|t:|1771128830\n|move|p1a: Masquerain|Toxic|p2a: Lickilicky\n|-status|p2a: Lickilicky|tox\n|move|p2a: Lickilicky|Body Slam|p1a: Masquerain\n|-damage|p1a: Masquerain|208/299\n|\n|-heal|p1a: Masquerain|226/299|[from] item: Leftovers\n|-damage|p2a: Lickilicky|309/329 tox|[from] psn\n|upkeep\n|turn|53\n|\n|t:|1771128836\n|move|p1a: Masquerain|Air Slash|p2a: Lickilicky\n|-damage|p2a: Lickilicky|218/329 tox\n|move|p2a: Lickilicky|Body Slam|p1a: Masquerain\n|-damage|p1a: Masquerain|129/299\n|\n|-heal|p1a: Masquerain|147/299|[from] item: Leftovers\n|-heal|p2a: Lickilicky|238/329 tox|[from] item: Leftovers\n|-damage|p2a: Lickilicky|198/329 tox|[from] psn\n|upkeep\n|turn|54\n|\n|t:|1771128843\n|move|p1a: Masquerain|Air Slash|p2a: Lickilicky\n|-damage|p2a: Lickilicky|105/329 tox\n|move|p2a: Lickilicky|Wish|p2a: Lickilicky\n|\n|-heal|p1a: Masquerain|165/299|[from] item: Leftovers\n|-heal|p2a: Lickilicky|125/329 tox|[from] item: Leftovers\n|-damage|p2a: Lickilicky|65/329 tox|[from] psn\n|upkeep\n|turn|55\n|\n|t:|1771128847\n|move|p2a: Lickilicky|Protect|p2a: Lickilicky\n|-singleturn|p2a: Lickilicky|Protect\n|move|p1a: Masquerain|Air Slash|p2a: Lickilicky\n|-activate|p2a: Lickilicky|Protect\n|\n|-heal|p2a: Lickilicky|229/329 tox|[from] move: Wish|[wisher] Lickilicky\n|-heal|p1a: Masquerain|183/299|[from] item: Leftovers\n|-heal|p2a: Lickilicky|249/329 tox|[from] item: Leftovers\n|-damage|p2a: Lickilicky|169/329 tox|[from] psn\n|upkeep\n|turn|56\n|\n|t:|1771128849\n|move|p1a: Masquerain|Air Slash|p2a: Lickilicky\n|-damage|p2a: Lickilicky|78/329 tox\n|move|p2a: Lickilicky|Body Slam|p1a: Masquerain\n|-damage|p1a: Masquerain|86/299\n|\n|-heal|p1a: Masquerain|104/299|[from] item: Leftovers\n|-heal|p2a: Lickilicky|98/329 tox|[from] item: Leftovers\n|-damage|p2a: Lickilicky|0 fnt|[from] psn\n|faint|p2a: Lickilicky\n|upkeep\n|\n|t:|1771128855\n|switch|p2a: Feraligatr|Feraligatr, L82, M|274/274\n|-damage|p2a: Feraligatr|240/274|[from] Stealth Rock\n|turn|57\n|\n|t:|1771128862\n|move|p2a: Feraligatr|Ice Punch|p1a: Masquerain\n|-supereffective|p1a: Masquerain\n|-damage|p1a: Masquerain|0 fnt\n|faint|p1a: Masquerain\n|-damage|p2a: Feraligatr|213/274|[from] item: Life Orb\n|\n|upkeep\n|\n|t:|1771128865\n|switch|p1a: Rotom|Rotom-Wash, L79|209/209\n|turn|58\n|\n|t:|1771128868\n|switch|p2a: Porygon2|Porygon2, L86|202/286\n|-damage|p2a: Porygon2|167/286|[from] Stealth Rock\n|-ability|p2a: Porygon2|Levitate|Trace|[from] ability: Trace|[of] p1a: Rotom\n|move|p1a: Rotom|Thunderbolt|p2a: Porygon2\n|-damage|p2a: Porygon2|85/286\n|\n|-heal|p2a: Porygon2|102/286|[from] item: Leftovers\n|upkeep\n|turn|59\n|\n|t:|1771128873\n|move|p1a: Rotom|Thunderbolt|p2a: Porygon2\n|-damage|p2a: Porygon2|11/286\n|move|p2a: Porygon2|Recover|p2a: Porygon2\n|-heal|p2a: Porygon2|154/286\n|\n|-heal|p2a: Porygon2|171/286|[from] item: Leftovers\n|upkeep\n|turn|60\n|\n|t:|1771128876\n|move|p1a: Rotom|Thunderbolt|p2a: Porygon2\n|-damage|p2a: Porygon2|84/286\n|move|p2a: Porygon2|Recover|p2a: Porygon2\n|-heal|p2a: Porygon2|227/286\n|\n|-heal|p2a: Porygon2|244/286|[from] item: Leftovers\n|upkeep\n|turn|61\n|\n|t:|1771128879\n|switch|p1a: Torkoal|Torkoal, L87, F|182/264 tox\n|move|p2a: Porygon2|Toxic|p1a: Torkoal\n|-fail|p1a: Torkoal|tox\n|\n|-heal|p2a: Porygon2|261/286|[from] item: Leftovers\n|-heal|p1a: Torkoal|198/264 tox|[from] item: Leftovers\n|-damage|p1a: Torkoal|182/264 tox|[from] psn\n|upkeep\n|turn|62\n|\n|t:|1771128882\n|move|p2a: Porygon2|Tri Attack|p1a: Torkoal\n|-crit|p1a: Torkoal\n|-damage|p1a: Torkoal|0 fnt\n|faint|p1a: Torkoal\n|\n|-heal|p2a: Porygon2|278/286|[from] item: Leftovers\n|upkeep\n|\n|t:|1771128885\n|switch|p1a: Machamp|Machamp, L80, F|275/275\n|turn|63\n|\n|t:|1771128889\n|move|p2a: Porygon2|Tri Attack|p1a: Machamp\n|-damage|p1a: Machamp|173/275\n|move|p1a: Machamp|Dynamic Punch|p2a: Porygon2\n|-supereffective|p2a: Porygon2\n|-damage|p2a: Porygon2|30/286\n|-start|p2a: Porygon2|confusion\n|\n|-heal|p2a: Porygon2|47/286|[from] item: Leftovers\n|-heal|p1a: Machamp|190/275|[from] item: Leftovers\n|upkeep\n|turn|64\n|\n|t:|1771128895\n|move|p1a: Machamp|Bullet Punch|p2a: Porygon2\n|-damage|p2a: Porygon2|12/286\n|-activate|p2a: Porygon2|confusion\n|-damage|p2a: Porygon2|0 fnt|[from] confusion\n|faint|p2a: Porygon2\n|\n|-heal|p1a: Machamp|207/275|[from] item: Leftovers\n|upkeep\n|\n|t:|1771128900\n|switch|p2a: Hariyama|Hariyama, L85, F|384/384\n|-damage|p2a: Hariyama|360/384|[from] Stealth Rock\n|turn|65\n|\n|t:|1771128904\n|move|p2a: Hariyama|Close Combat|p1a: Machamp\n|-damage|p1a: Machamp|0 fnt\n|-unboost|p2a: Hariyama|def|1\n|-unboost|p2a: Hariyama|spd|1\n|faint|p1a: Machamp\n|\n|upkeep\n|\n|t:|1771128907\n|switch|p1a: Lugia|Lugia, L72|272/272\n|-ability|p1a: Lugia|Pressure\n|turn|66\n|\n|t:|1771128914\n|switch|p2a: Feraligatr|Feraligatr, L82, M|213/274\n|-damage|p2a: Feraligatr|179/274|[from] Stealth Rock\n|move|p1a: Lugia|Toxic|p2a: Feraligatr\n|-status|p2a: Feraligatr|tox\n|\n|-damage|p2a: Feraligatr|162/274 tox|[from] psn\n|upkeep\n|turn|67\n|\n|t:|1771128918\n|switch|p1a: Rotom|Rotom-Wash, L79|209/209\n|move|p2a: Feraligatr|Dragon Dance|p2a: Feraligatr\n|-boost|p2a: Feraligatr|atk|1\n|-boost|p2a: Feraligatr|spe|1\n|\n|-damage|p2a: Feraligatr|128/274 tox|[from] psn\n|upkeep\n|turn|68\n|\n|t:|1771128920\n|move|p2a: Feraligatr|Waterfall|p1a: Rotom\n|-damage|p1a: Rotom|53/209\n|-damage|p2a: Feraligatr|101/274 tox|[from] item: Life Orb\n|move|p1a: Rotom|Thunderbolt|p2a: Feraligatr\n|-supereffective|p2a: Feraligatr\n|-damage|p2a: Feraligatr|0 fnt\n|faint|p2a: Feraligatr\n|\n|-heal|p1a: Rotom|66/209|[from] item: Leftovers\n|upkeep\n|\n|t:|1771128923\n|switch|p2a: Hariyama|Hariyama, L85, F|360/384\n|-damage|p2a: Hariyama|336/384|[from] Stealth Rock\n|turn|69\n|\n|t:|1771128928\n|move|p1a: Rotom|Thunderbolt|p2a: Hariyama\n|-crit|p2a: Hariyama\n|-damage|p2a: Hariyama|102/384\n|move|p2a: Hariyama|Payback|p1a: Rotom\n|-supereffective|p1a: Rotom\n|-damage|p1a: Rotom|0 fnt\n|faint|p1a: Rotom\n|\n|upkeep\n|\n|t:|1771128930\n|switch|p1a: Lugia|Lugia, L72|272/272\n|-ability|p1a: Lugia|Pressure\n|turn|70\n|\n|t:|1771128932\n|move|p1a: Lugia|Aeroblast|p2a: Hariyama\n|-supereffective|p2a: Hariyama\n|-damage|p2a: Hariyama|0 fnt\n|faint|p2a: Hariyama\n|\n|win|sicko sam\n|raw|sicko sam's rating: 1501 &rarr; <strong>1527</strong><br />(+26 for winning)\n|raw|ShortCircuit714's rating: 1613 &rarr; <strong>1587</strong><br />(-26 for losing)\n|l|☆ShortCircuit714\n|player|p2|\n|c|☆sicko sam|Gg\n", "inputlog": ">version 686819e5e19f8a7fd2345cfc5a08a5085efa2cc3\n>start {\"formatid\":\"gen4randombattle\",\"seed\":\"sodium,6dc10a4517a9622799170691894c0c88\",\"rated\":\"Rated battle\"}\n>player p1 {\"name\":\"sicko sam\",\"avatar\":\"ethan\",\"rating\":1501,\"seed\":\"sodium,9e1c6b7b81a8292fd275678acb98c45b\"}\n>player p2 {\"name\":\"ShortCircuit714\",\"avatar\":\"101\",\"rating\":1613,\"seed\":\"sodium,98623e8732434f728b23ea2b9a5816a6\"}\n>p1 move hydropump\n>p2 move stealthrock\n>p1 move hydropump\n>p2 move powergem\n>p2 switch 6\n>p1 move toxic\n>p2 move thunderbolt\n>p1 switch 2\n>p2 move thunderbolt\n>p1 move rest\n>p2 move shadowball\n>p1 switch 4\n>p2 move shadowball\n>p1 move crunch\n>p2 move willowisp\n>p2 switch 4\n>p1 move taunt\n>p2 move dragondance\n>p1 move poisonjab\n>p2 switch 2\n>p1 move taunt\n>p2 switch 5\n>p1 move poisonjab\n>p2 move bodyslam\n>p1 move poisonjab\n>p2 switch 5\n>p1 move taunt\n>p2 move recover\n>p1 move taunt\n>p2 switch 5\n>p1 switch 3\n>p1 move rapidspin\n>p2 switch 5\n>p1 move stealthrock\n>p2 move recover\n>p1 move lavaplume\n>p2 move toxic\n>p1 move lavaplume\n>p2 move recover\n>p1 move lavaplume\n>p2 move recover\n>p1 switch 4\n>p2 switch 5\n>p1 move sleeptalk\n>p2 move healbell\n>p1 move sleeptalk\n>p2 move wish\n>p1 move thunderbolt\n>p2 switch 5\n>p1 move thunderbolt\n>p2 move toxic\n>p1 move thunderbolt\n>p2 move recover\n>p1 switch 2\n>p2 switch 5\n>p1 move toxic\n>p2 move bodyslam\n>p1 move roost\n>p2 move bodyslam\n>p1 move toxic\n>p2 move wish\n>p1 move airslash\n>p2 move healbell\n>p1 move toxic\n>p2 move bodyslam\n>p1 move roost\n>p2 move bodyslam\n>p1 move airslash\n>p2 move healbell\n>p1 move airslash\n>p2 move healbell\n>p1 move airslash\n>p2 move protect\n>p1 move airslash\n>p2 move wish\n>p1 move airslash\n>p2 move protect\n>p1 move toxic\n>p2 move wish\n>p1 move toxic\n>p2 move bodyslam\n>p1 move airslash\n>p2 move healbell\n>p1 move airslash\n>p2 move healbell\n>p1 move toxic\n>p2 move protect\n>p1 move toxic\n>p2 move bodyslam\n>p1 move airslash\n>p2 move healbell\n>p1 move toxic\n>p2 move wish\n>p1 move airslash\n>p2 move healbell\n>p1 move airslash\n>p2 move healbell\n>p1 move toxic\n>p2 move wish\n>p1 move airslash\n>p2 move bodyslam\n>p1 move roost\n>p2 move healbell\n>p1 move toxic\n>p2 move protect\n>p1 move toxic\n>p2 move bodyslam\n>p1 move airslash\n>p2 move bodyslam\n>p1 move airslash\n>p2 move wish\n>p1 move airslash\n>p2 move protect\n>p1 move airslash\n>p2 move bodyslam\n>p2 switch 2\n>p1 move toxic\n>p2 move icepunch\n>p1 switch 2\n>p1 move thunderbolt\n>p2 switch 5\n>p1 move thunderbolt\n>p2 move recover\n>p1 move thunderbolt\n>p2 move recover\n>p1 switch 4\n>p2 move toxic\n>p1 move lavaplume\n>p2 move triattack\n>p1 switch 6\n>p1 move dynamicpunch\n>p2 move triattack\n>p1 move bulletpunch\n>p2 move triattack\n>p2 switch 3\n>p1 move dynamicpunch\n>p2 move closecombat\n>p1 switch 5\n>p1 move toxic\n>p2 switch 5\n>p1 switch 4\n>p2 move dragondance\n>p1 move thunderbolt\n>p2 move waterfall\n>p2 switch 5\n>p1 move thunderbolt\n>p2 move payback\n>p1 switch 4\n>p1 move aeroblast\n>p2 move payback", "uploadtime": 1771128947, "views": 116, "formatid": "gen4randombattle", "rating": 1527, "private": 0, "password": null}