{"id": "gen4randombattle-2539568464", "format": "[Gen 4] Random Battle", "players": ["I'M CHER BITCH", "clickdontthink"], "log": "|j|☆I'M CHER BITCH\n|j|☆clickdontthink\n|t:|1771082032\n|gametype|singles\n|player|p1|I'M CHER BITCH|miku-flying|1621\n|player|p2|clickdontthink|bruno-gen2|1616\n|gen|4\n|tier|[Gen 4] Random Battle\n|rated|\n|rule|Sleep Clause Mod: Limit one foe put to sleep\n|rule|HP Percentage Mod: HP is shown in percentages\n|\n|t:|1771082032\n|teamsize|p1|6\n|teamsize|p2|6\n|start\n|switch|p1a: Celebi|Celebi, L79|288/288\n|switch|p2a: Whiscash|Whiscash, L87, F|333/333\n|-ability|p2a: Whiscash|Anticipation\n|turn|1\n|inactive|Battle timer is ON: inactive players will automatically lose when time's up. (requested by I'M CHER BITCH)\n|\n|t:|1771082052\n|switch|p2a: Cherrim|Cherrim, L95, F|287/287\n|move|p1a: Celebi|Nasty Plot|p1a: Celebi\n|-boost|p1a: Celebi|spa|2\n|\n|upkeep\n|turn|2\n|\n|t:|1771082072\n|move|p2a: Cherrim|Hidden Power|p1a: Celebi\n|-supereffective|p1a: Celebi\n|-damage|p1a: Celebi|172/288\n|move|p1a: Celebi|Psychic|p2a: Cherrim\n|-damage|p2a: Cherrim|79/287\n|-unboost|p2a: Cherrim|spd|1\n|-damage|p1a: Celebi|144/288|[from] item: Life Orb\n|\n|-heal|p2a: Cherrim|96/287|[from] item: Leftovers\n|upkeep\n|turn|3\n|inactive|I'M CHER BITCH has 120 seconds left.\n|inactive|I'M CHER BITCH has 90 seconds left.\n|\n|t:|1771082126\n|switch|p2a: Charizard|Charizard, L83, M|265/265\n|switch|p1a: Golduck|Golduck, L87, M|281/281\n|\n|upkeep\n|turn|4\n|\n|t:|1771082151\n|switch|p2a: Cherrim|Cherrim, L95, F|96/287\n|move|p1a: Golduck|Hydro Pump|p2a: Cherrim\n|-resisted|p2a: Cherrim\n|-damage|p2a: Cherrim|36/287\n|\n|-heal|p2a: Cherrim|53/287|[from] item: Leftovers\n|upkeep\n|turn|5\n|\n|t:|1771082155\n|move|p1a: Golduck|Hydro Pump|p2a: Cherrim\n|-resisted|p2a: Cherrim\n|-damage|p2a: Cherrim|0 fnt\n|faint|p2a: Cherrim\n|\n|upkeep\n|\n|t:|1771082157\n|switch|p2a: Deoxys|Deoxys-Defense, L80|211/211\n|-ability|p2a: Deoxys|Pressure\n|turn|6\n|inactive|I'M CHER BITCH has 120 seconds left.\n|\n|t:|1771082181\n|switch|p1a: Glalie|Glalie, L88, F|284/284\n|move|p2a: Deoxys|Stealth Rock|p1a: Glalie\n|-sidestart|p1: I'M CHER BITCH|move: Stealth Rock\n|\n|upkeep\n|turn|7\n|\n|t:|1771082188\n|switch|p2a: Charizard|Charizard, L83, M|265/265\n|move|p1a: Glalie|Spikes|p2a: Charizard\n|-sidestart|p2: clickdontthink|Spikes\n|\n|upkeep\n|turn|8\n|\n|t:|1771082209\n|switch|p1a: Golduck|Golduck, L87, M|281/281\n|-damage|p1a: Golduck|246/281|[from] Stealth Rock\n|move|p2a: Charizard|Fire Blast|p1a: Golduck\n|-resisted|p1a: Golduck\n|-damage|p1a: Golduck|174/281\n|-status|p1a: Golduck|brn\n|\n|-damage|p1a: Golduck|139/281 brn|[from] brn\n|upkeep\n|turn|9\n|\n|t:|1771082213\n|switch|p2a: Deoxys|Deoxys-Defense, L80|211/211\n|-damage|p2a: Deoxys|185/211|[from] Spikes\n|-ability|p2a: Deoxys|Pressure\n|move|p1a: Golduck|Hydro Pump|p2a: Deoxys\n|-damage|p2a: Deoxys|104/211\n|\n|-damage|p1a: Golduck|104/281 brn|[from] brn\n|-heal|p2a: Deoxys|117/211|[from] item: Leftovers\n|upkeep\n|turn|10\n|inactive|I'M CHER BITCH has 90 seconds left.\n|\n|t:|1771082250\n|switch|p1a: Glalie|Glalie, L88, F|284/284\n|-damage|p1a: Glalie|213/284|[from] Stealth Rock\n|move|p2a: Deoxys|Recover|p2a: Deoxys\n|-heal|p2a: Deoxys|211/211\n|\n|-heal|p1a: Glalie|230/284|[from] item: Leftovers\n|upkeep\n|turn|11\n|\n|t:|1771082254\n|move|p1a: Glalie|Explosion|p2a: Deoxys\n|-crit|p2a: Deoxys\n|-damage|p2a: Deoxys|0 fnt\n|faint|p1a: Glalie\n|faint|p2a: Deoxys\n|\n|upkeep\n|inactive|I'M CHER BITCH has 90 seconds left.\n|\n|t:|1771082291\n|switch|p1a: Marowak|Marowak, L89, F|252/252\n|switch|p2a: Spinda|Spinda, M|282/282\n|-damage|p2a: Spinda|247/282|[from] Spikes\n|-damage|p1a: Marowak|237/252|[from] Stealth Rock\n|turn|12\n|\n|t:|1771082308\n|move|p2a: Spinda|Seismic Toss|p1a: Marowak\n|-damage|p1a: Marowak|137/252\n|move|p1a: Marowak|Stealth Rock|p2a: Spinda\n|-sidestart|p2: clickdontthink|move: Stealth Rock\n|\n|-heal|p2a: Spinda|264/282|[from] item: Leftovers\n|upkeep\n|turn|13\n|\n|t:|1771082313\n|move|p2a: Spinda|Seismic Toss|p1a: Marowak\n|-damage|p1a: Marowak|37/252\n|move|p1a: Marowak|Earthquake|p2a: Spinda\n|-crit|p2a: Spinda\n|-damage|p2a: Spinda|0 fnt\n|faint|p2a: Spinda\n|\n|upkeep\n|\n|t:|1771082325\n|switch|p2a: Whiscash|Whiscash, L87, F|333/333\n|-damage|p2a: Whiscash|292/333|[from] Spikes\n|-damage|p2a: Whiscash|272/333|[from] Stealth Rock\n|turn|14\n|\n|t:|1771082331\n|move|p2a: Whiscash|Earthquake|p1a: Marowak\n|-damage|p1a: Marowak|0 fnt\n|faint|p1a: Marowak\n|-damage|p2a: Whiscash|239/333|[from] item: Life Orb\n|\n|upkeep\n|\n|t:|1771082337\n|switch|p1a: Celebi|Celebi, L79|144/288\n|-damage|p1a: Celebi|108/288|[from] Stealth Rock\n|turn|15\n|\n|t:|1771082343\n|switch|p2a: Charizard|Charizard, L83, M|265/265\n|-damage|p2a: Charizard|133/265|[from] Stealth Rock\n|move|p1a: Celebi|Leaf Storm|p2a: Charizard\n|-resisted|p2a: Charizard\n|-damage|p2a: Charizard|90/265\n|-unboost|p1a: Celebi|spa|2\n|-damage|p1a: Celebi|80/288|[from] item: Life Orb\n|\n|-heal|p2a: Charizard|106/265|[from] item: Leftovers\n|upkeep\n|turn|16\n|\n|t:|1771082354\n|switch|p1a: Ampharos|Ampharos, L87, M|298/298\n|-damage|p1a: Ampharos|261/298|[from] Stealth Rock\n|move|p2a: Charizard|Roost|p2a: Charizard\n|-heal|p2a: Charizard|238/265\n|-singleturn|p2a: Charizard|move: Roost\n|\n|-heal|p2a: Charizard|254/265|[from] item: Leftovers\n|-heal|p1a: Ampharos|279/298|[from] item: Leftovers\n|upkeep\n|turn|17\n|inactive|I'M CHER BITCH has 120 seconds left.\n|\n|t:|1771082365\n|switch|p2a: Whiscash|Whiscash, L87, F|239/333\n|-damage|p2a: Whiscash|198/333|[from] Spikes\n|-damage|p2a: Whiscash|178/333|[from] Stealth Rock\n|move|p1a: Ampharos|Toxic|p2a: Whiscash\n|-status|p2a: Whiscash|tox\n|\n|-damage|p2a: Whiscash|158/333 tox|[from] psn\n|-heal|p1a: Ampharos|297/298|[from] item: Leftovers\n|upkeep\n|turn|18\n|inactive|I'M CHER BITCH has 120 seconds left.\n|\n|t:|1771082372\n|switch|p1a: Celebi|Celebi, L79|80/288\n|-damage|p1a: Celebi|44/288|[from] Stealth Rock\n|move|p2a: Whiscash|Dragon Dance|p2a: Whiscash\n|-boost|p2a: Whiscash|atk|1\n|-boost|p2a: Whiscash|spe|1\n|\n|-damage|p2a: Whiscash|118/333 tox|[from] psn\n|upkeep\n|turn|19\n|\n|t:|1771082376\n|move|p2a: Whiscash|Earthquake|p1a: Celebi\n|-resisted|p1a: Celebi\n|-damage|p1a: Celebi|0 fnt\n|faint|p1a: Celebi\n|-damage|p2a: Whiscash|85/333 tox|[from] item: Life Orb\n|\n|-damage|p2a: Whiscash|25/333 tox|[from] psn\n|upkeep\n|\n|t:|1771082386\n|switch|p1a: Golduck|Golduck, L87, M|104/281 brn\n|-damage|p1a: Golduck|69/281 brn|[from] Stealth Rock\n|turn|20\n|\n|t:|1771082394\n|move|p1a: Golduck|Hydro Pump|p2a: Whiscash\n|-damage|p2a: Whiscash|0 fnt\n|faint|p2a: Whiscash\n|\n|-damage|p1a: Golduck|34/281 brn|[from] brn\n|upkeep\n|\n|t:|1771082396\n|switch|p2a: Celebi|Celebi, L79|288/288\n|-damage|p2a: Celebi|252/288|[from] Spikes\n|-damage|p2a: Celebi|216/288|[from] Stealth Rock\n|turn|21\n|\n|t:|1771082400\n|switch|p1a: Ampharos|Ampharos, L87, M|297/298\n|-damage|p1a: Ampharos|260/298|[from] Stealth Rock\n|move|p2a: Celebi|Nasty Plot|p2a: Celebi\n|-boost|p2a: Celebi|spa|2\n|\n|-heal|p1a: Ampharos|278/298|[from] item: Leftovers\n|upkeep\n|turn|22\n|\n|t:|1771082412\n|move|p2a: Celebi|Earth Power|p1a: Ampharos\n|-supereffective|p1a: Ampharos\n|-damage|p1a: Ampharos|0 fnt\n|faint|p1a: Ampharos\n|-damage|p2a: Celebi|188/288|[from] item: Life Orb\n|\n|upkeep\n|\n|t:|1771082419\n|switch|p1a: Golduck|Golduck, L87, M|34/281 brn\n|-damage|p1a: Golduck|0 fnt|[from] Stealth Rock\n|faint|p1a: Golduck\n|\n|t:|1771082422\n|switch|p1a: Arceus|Arceus-Ground, L69|280/280\n|-damage|p1a: Arceus|263/280|[from] Stealth Rock\n|turn|23\n|\n|t:|1771082425\n|move|p1a: Arceus|Ice Beam|p2a: Celebi\n|-supereffective|p2a: Celebi\n|-damage|p2a: Celebi|90/288\n|-status|p2a: Celebi|frz\n|cant|p2a: Celebi|frz\n|\n|upkeep\n|turn|24\n|c|☆clickdontthink|i mean\n|c|☆clickdontthink|gosh\n|\n|t:|1771082433\n|move|p1a: Arceus|Calm Mind|p1a: Arceus\n|-boost|p1a: Arceus|spa|1\n|-boost|p1a: Arceus|spd|1\n|-curestatus|p2a: Celebi|frz|[msg]\n|move|p2a: Celebi|Energy Ball|p1a: Arceus\n|-supereffective|p1a: Arceus\n|-crit|p1a: Arceus\n|-damage|p1a: Arceus|0 fnt\n|faint|p1a: Arceus\n|-damage|p2a: Celebi|62/288|[from] item: Life Orb\n|\n|win|clickdontthink\n|raw|I&apos;M CHER BITCH's rating: 1604 &rarr; <strong>1584</strong><br />(-20 for losing)\n|raw|clickdontthink's rating: 1596 &rarr; <strong>1616</strong><br />(+20 for winning)\n|l|☆I'M CHER BITCH\n|player|p1|\n|c|☆clickdontthink|justice\n", "inputlog": ">version ccdc32dd7cde25fd9e4bed64820e885f66e78a4e\n>start {\"formatid\":\"gen4randombattle\",\"seed\":\"sodium,d2cd41de8a44de7d5ae5c5036efc5689\",\"rated\":\"Rated battle\"}\n>player p1 {\"name\":\"I'M CHER BITCH\",\"avatar\":\"miku-flying\",\"rating\":1621,\"seed\":\"sodium,68b515dfbf3dce30bd08a72211b70a3d\"}\n>player p2 {\"name\":\"clickdontthink\",\"avatar\":\"bruno-gen2\",\"rating\":1616,\"seed\":\"sodium,3c542020d97d7d75524bceebcc53c509\"}\n>p1 move nastyplot\n>p2 switch 2\n>p1 move psychic\n>p2 move hiddenpower\n>p1 switch 5\n>p2 switch 3\n>p1 move hydropump\n>p2 switch 3\n>p1 move hydropump\n>p2 move energyball\n>p2 switch 5\n>p1 switch 3\n>p2 move stealthrock\n>p1 move spikes\n>p2 switch 3\n>p1 switch 3\n>p2 move fireblast\n>p1 move hydropump\n>p2 switch 3\n>p1 switch 3\n>p2 move recover\n>p1 move explosion\n>p2 move taunt\n>p1 switch 2\n>p2 switch 6\n>p1 move stealthrock\n>p2 move seismictoss\n>p1 move earthquake\n>p2 move seismictoss\n>p2 switch 2\n>p1 move earthquake\n>p2 move earthquake\n>p1 switch 5\n>p1 move leafstorm\n>p2 switch 3\n>p1 switch 6\n>p2 move roost\n>p1 move toxic\n>p2 switch 3\n>p1 switch 6\n>p2 move dragondance\n>p1 move psychic\n>p2 move earthquake\n>p1 switch 3\n>p1 move hydropump\n>p2 move earthquake\n>p2 switch 4\n>p1 switch 6\n>p2 move nastyplot\n>p1 move signalbeam\n>p2 move earthpower\n>p1 switch 6\n>p1 switch 4\n>p1 move icebeam\n>p2 move energyball\n>chat ☆clickdontthink|i mean\n>chat ☆clickdontthink|gosh\n>p1 move calmmind\n>p2 move energyball", "uploadtime": 1771082440, "views": 134, "formatid": "gen4randombattle", "rating": 1584, "private": 0, "password": null}