{"id": "gen4randombattle-2540829388", "format": "[Gen 4] Random Battle", "players": ["MrCarrot11", "waywatcher"], "log": "|j|☆MrCarrot11\n|j|☆waywatcher\n|t:|1771258376\n|gametype|singles\n|player|p1|MrCarrot11|red|1501\n|player|p2|waywatcher|giovanni|1565\n|gen|4\n|tier|[Gen 4] Random Battle\n|rated|\n|rule|Sleep Clause Mod: Limit one foe put to sleep\n|rule|HP Percentage Mod: HP is shown in percentages\n|\n|t:|1771258376\n|teamsize|p1|6\n|teamsize|p2|6\n|start\n|switch|p1a: Altaria|Altaria, L87, M|271/271\n|switch|p2a: Wobbuffet|Wobbuffet, L87, M|472/472\n|turn|1\n|inactive|Battle timer is ON: inactive players will automatically lose when time's up. (requested by MrCarrot11)\n|\n|t:|1771258382\n|move|p1a: Altaria|Dragon Dance|p1a: Altaria\n|-boost|p1a: Altaria|atk|1\n|-boost|p1a: Altaria|spe|1\n|move|p2a: Wobbuffet|Encore|p1a: Altaria\n|-start|p1a: Altaria|Encore\n|\n|upkeep\n|turn|2\n|inactive|MrCarrot11 has 120 seconds left.\n|\n|t:|1771258420\n|switch|p2a: Minun|Minun, L90, F|254/254\n|move|p1a: Altaria|Dragon Dance|p1a: Altaria\n|-boost|p1a: Altaria|atk|1\n|-boost|p1a: Altaria|spe|1\n|\n|upkeep\n|turn|3\n|inactive|MrCarrot11 has 120 seconds left.\n|\n|t:|1771258427\n|switch|p1a: Shiftry|Shiftry, L88, M|302/302\n|move|p2a: Minun|Nasty Plot|p2a: Minun\n|-boost|p2a: Minun|spa|2\n|\n|upkeep\n|turn|4\n|\n|t:|1771258437\n|move|p1a: Shiftry|Sucker Punch|p2a: Minun\n|-damage|p2a: Minun|86/254\n|-damage|p1a: Shiftry|272/302|[from] item: Life Orb\n|move|p2a: Minun|Hidden Power|p1a: Shiftry\n|-supereffective|p1a: Shiftry\n|-damage|p1a: Shiftry|0 fnt\n|faint|p1a: Shiftry\n|-damage|p2a: Minun|61/254|[from] item: Life Orb\n|\n|upkeep\n|inactive|MrCarrot11 has 120 seconds left.\n|\n|t:|1771258474\n|switch|p1a: Rhyperior|Rhyperior, L78, M|307/307\n|turn|5\n|\n|t:|1771258479\n|switch|p1a: Altaria|Altaria, L87, M|271/271\n|move|p2a: Minun|Grass Knot|p1a: Altaria\n|-resisted|p1a: Altaria\n|-damage|p1a: Altaria|255/271\n|-damage|p2a: Minun|36/254|[from] item: Life Orb\n|\n|upkeep\n|turn|6\n|\n|t:|1771258485\n|switch|p1a: Slowking|Slowking, L87, M|307/307\n|move|p2a: Minun|Hidden Power|p1a: Slowking\n|-resisted|p1a: Slowking\n|-damage|p1a: Slowking|259/307\n|-damage|p2a: Minun|11/254|[from] item: Life Orb\n|\n|-heal|p1a: Slowking|278/307|[from] item: Leftovers\n|upkeep\n|turn|7\n|\n|t:|1771258496\n|switch|p1a: Altaria|Altaria, L87, M|255/271\n|move|p2a: Minun|Thunderbolt|p1a: Altaria\n|-damage|p1a: Altaria|42/271\n|-damage|p2a: Minun|0 fnt|[from] item: Life Orb\n|faint|p2a: Minun\n|\n|upkeep\n|\n|t:|1771258511\n|switch|p2a: Golduck|Golduck, L87, M|281/281\n|turn|8\n|inactive|MrCarrot11 has 120 seconds left.\n|\n|t:|1771258516\n|switch|p1a: Slowking|Slowking, L87, M|278/307\n|move|p2a: Golduck|Ice Beam|p1a: Slowking\n|-resisted|p1a: Slowking\n|-damage|p1a: Slowking|241/307\n|-damage|p2a: Golduck|253/281|[from] item: Life Orb\n|\n|-heal|p1a: Slowking|260/307|[from] item: Leftovers\n|upkeep\n|turn|9\n|\n|t:|1771258530\n|switch|p2a: Wobbuffet|Wobbuffet, L87, M|472/472\n|move|p1a: Slowking|Toxic|p2a: Wobbuffet\n|-status|p2a: Wobbuffet|tox\n|\n|-damage|p2a: Wobbuffet|443/472 tox|[from] psn\n|-heal|p1a: Slowking|279/307|[from] item: Leftovers\n|upkeep\n|turn|10\n|\n|t:|1771258537\n|move|p2a: Wobbuffet|Encore|p1a: Slowking\n|-start|p1a: Slowking|Encore\n|move|p1a: Slowking|Toxic|p2a: Wobbuffet\n|-fail|p2a: Wobbuffet|tox\n|\n|-damage|p2a: Wobbuffet|385/472 tox|[from] psn\n|-heal|p1a: Slowking|298/307|[from] item: Leftovers\n|upkeep\n|turn|11\n|\n|t:|1771258548\n|switch|p2a: Luxray|Luxray, L86, M|278/278\n|-ability|p2a: Luxray|Intimidate|boost\n|-unboost|p1a: Slowking|atk|1\n|move|p1a: Slowking|Toxic|p2a: Luxray\n|-status|p2a: Luxray|tox\n|\n|-damage|p2a: Luxray|261/278 tox|[from] psn\n|-heal|p1a: Slowking|307/307|[from] item: Leftovers\n|upkeep\n|turn|12\n|\n|t:|1771258553\n|switch|p1a: Rhyperior|Rhyperior, L78, M|307/307\n|move|p2a: Luxray|Toxic|p1a: Rhyperior\n|-status|p1a: Rhyperior|tox\n|\n|-heal|p2a: Luxray|278/278 tox|[from] item: Leftovers\n|-damage|p2a: Luxray|244/278 tox|[from] psn\n|-damage|p1a: Rhyperior|288/307 tox|[from] psn\n|upkeep\n|turn|13\n|\n|t:|1771258566\n|switch|p2a: Golduck|Golduck, L87, M|253/281\n|switch|p1a: Altaria|Altaria, L87, M|42/271\n|\n|upkeep\n|turn|14\n|\n|t:|1771258570\n|switch|p1a: Slowking|Slowking, L87, M|307/307\n|move|p2a: Golduck|Ice Beam|p1a: Slowking\n|-resisted|p1a: Slowking\n|-damage|p1a: Slowking|270/307\n|-status|p1a: Slowking|frz\n|-damage|p2a: Golduck|225/281|[from] item: Life Orb\n|\n|-heal|p1a: Slowking|289/307 frz|[from] item: Leftovers\n|upkeep\n|turn|15\n|\n|t:|1771258578\n|switch|p2a: Luxray|Luxray, L86, M|244/278 tox\n|-ability|p2a: Luxray|Intimidate|boost\n|-unboost|p1a: Slowking|atk|1\n|cant|p1a: Slowking|frz\n|\n|-heal|p2a: Luxray|261/278 tox|[from] item: Leftovers\n|-damage|p2a: Luxray|244/278 tox|[from] psn\n|-heal|p1a: Slowking|307/307 frz|[from] item: Leftovers\n|upkeep\n|turn|16\n|\n|t:|1771258584\n|switch|p1a: Solrock|Solrock, L90|272/272\n|move|p2a: Luxray|Thunderbolt|p1a: Solrock\n|-damage|p1a: Solrock|154/272\n|\n|-heal|p2a: Luxray|261/278 tox|[from] item: Leftovers\n|-damage|p2a: Luxray|227/278 tox|[from] psn\n|upkeep\n|turn|17\n|\n|t:|1771258605\n|switch|p2a: Medicham|Medicham, L86, F|243/243\n|move|p1a: Solrock|Stealth Rock|p2a: Medicham\n|-sidestart|p2: waywatcher|move: Stealth Rock\n|\n|upkeep\n|turn|18\n|\n|t:|1771258612\n|switch|p1a: Charizard|Charizard, L83, M|265/265\n|move|p2a: Medicham|High Jump Kick|p1a: Charizard\n|-resisted|p1a: Charizard\n|-damage|p1a: Charizard|136/265\n|\n|upkeep\n|turn|19\n|\n|t:|1771258628\n|switch|p2a: Golduck|Golduck, L87, M|225/281\n|-damage|p2a: Golduck|190/281|[from] Stealth Rock\n|move|p1a: Charizard|Air Slash|p2a: Golduck\n|-damage|p2a: Golduck|49/281\n|\n|upkeep\n|turn|20\n|\n|t:|1771258631\n|move|p1a: Charizard|Air Slash|p2a: Golduck\n|-damage|p2a: Golduck|0 fnt\n|faint|p2a: Golduck\n|\n|upkeep\n|\n|t:|1771258642\n|switch|p2a: Wobbuffet|Wobbuffet, L87, M|385/472 tox\n|-damage|p2a: Wobbuffet|326/472 tox|[from] Stealth Rock\n|turn|21\n|\n|t:|1771258644\n|move|p1a: Charizard|Air Slash|p2a: Wobbuffet\n|-damage|p2a: Wobbuffet|149/472 tox\n|move|p2a: Wobbuffet|Encore|p1a: Charizard\n|-start|p1a: Charizard|Encore\n|\n|-damage|p2a: Wobbuffet|120/472 tox|[from] psn\n|upkeep\n|turn|22\n|c|☆MrCarrot11|why\n|\n|t:|1771258653\n|move|p1a: Charizard|Air Slash|p2a: Wobbuffet\n|-damage|p2a: Wobbuffet|0 fnt\n|faint|p2a: Wobbuffet\n|\n|upkeep\n|\n|t:|1771258655\n|switch|p2a: Luxray|Luxray, L86, M|227/278 tox\n|-damage|p2a: Luxray|193/278 tox|[from] Stealth Rock\n|-ability|p2a: Luxray|Intimidate|boost\n|-unboost|p1a: Charizard|atk|1\n|turn|23\n|\n|t:|1771258660\n|switch|p1a: Rhyperior|Rhyperior, L78, M|288/307 tox\n|move|p2a: Luxray|Thunderbolt|p1a: Rhyperior\n|-immune|p1a: Rhyperior\n|\n|-heal|p2a: Luxray|210/278 tox|[from] item: Leftovers\n|-damage|p2a: Luxray|193/278 tox|[from] psn\n|-damage|p1a: Rhyperior|269/307 tox|[from] psn\n|upkeep\n|turn|24\n|\n|t:|1771258664\n|move|p2a: Luxray|Superpower|p1a: Rhyperior\n|-supereffective|p1a: Rhyperior\n|-damage|p1a: Rhyperior|154/307 tox\n|-unboost|p2a: Luxray|atk|1\n|-unboost|p2a: Luxray|def|1\n|move|p1a: Rhyperior|Earthquake|p2a: Luxray\n|-supereffective|p2a: Luxray\n|-damage|p2a: Luxray|0 fnt\n|faint|p2a: Luxray\n|\n|-damage|p1a: Rhyperior|116/307 tox|[from] psn\n|upkeep\n|\n|t:|1771258670\n|switch|p2a: Gorebyss|Gorebyss, L88, F|240/240\n|-damage|p2a: Gorebyss|210/240|[from] Stealth Rock\n|turn|25\n|\n|t:|1771258676\n|move|p2a: Gorebyss|Rain Dance|p2a: Gorebyss\n|-weather|RainDance\n|move|p1a: Rhyperior|Earthquake|p2a: Gorebyss\n|-damage|p2a: Gorebyss|53/240\n|\n|-weather|RainDance|[upkeep]\n|-damage|p1a: Rhyperior|59/307 tox|[from] psn\n|upkeep\n|turn|26\n|\n|t:|1771258684\n|move|p2a: Gorebyss|Surf|p1a: Rhyperior\n|-supereffective|p1a: Rhyperior\n|-damage|p1a: Rhyperior|0 fnt\n|faint|p1a: Rhyperior\n|-damage|p2a: Gorebyss|29/240|[from] item: Life Orb\n|\n|-weather|RainDance|[upkeep]\n|upkeep\n|\n|t:|1771258689\n|switch|p1a: Slowking|Slowking, L87, M|307/307 frz\n|turn|27\n|\n|t:|1771258692\n|move|p2a: Gorebyss|Hidden Power|p1a: Slowking\n|-supereffective|p1a: Slowking\n|-damage|p1a: Slowking|183/307 frz\n|-damage|p2a: Gorebyss|5/240|[from] item: Life Orb\n|cant|p1a: Slowking|frz\n|\n|-weather|RainDance|[upkeep]\n|-heal|p1a: Slowking|202/307 frz|[from] item: Leftovers\n|upkeep\n|turn|28\n|\n|t:|1771258694\n|move|p2a: Gorebyss|Hidden Power|p1a: Slowking\n|-supereffective|p1a: Slowking\n|-damage|p1a: Slowking|78/307 frz\n|-damage|p2a: Gorebyss|0 fnt|[from] item: Life Orb\n|faint|p2a: Gorebyss\n|-curestatus|p1a: Slowking|frz|[msg]\n|move|p1a: Slowking|Slack Off|p1a: Slowking\n|-heal|p1a: Slowking|231/307\n|\n|-weather|RainDance|[upkeep]\n|-heal|p1a: Slowking|250/307|[from] item: Leftovers\n|upkeep\n|\n|t:|1771258698\n|switch|p2a: Medicham|Medicham, L86, F|243/243\n|-damage|p2a: Medicham|228/243|[from] Stealth Rock\n|turn|29\n|\n|t:|1771258721\n|move|p2a: Medicham|High Jump Kick|p1a: Slowking\n|-resisted|p1a: Slowking\n|-damage|p1a: Slowking|129/307\n|move|p1a: Slowking|Surf|p2a: Medicham\n|-damage|p2a: Medicham|50/243\n|\n|-weather|none\n|-heal|p1a: Slowking|148/307|[from] item: Leftovers\n|upkeep\n|turn|30\n|\n|t:|1771258731\n|move|p2a: Medicham|High Jump Kick|p1a: Slowking\n|-resisted|p1a: Slowking\n|-damage|p1a: Slowking|34/307\n|move|p1a: Slowking|Surf|p2a: Medicham\n|-damage|p2a: Medicham|0 fnt\n|faint|p2a: Medicham\n|\n|win|MrCarrot11\n|raw|MrCarrot11's rating: 1501 &rarr; <strong>1525</strong><br />(+24 for winning)\n|raw|waywatcher's rating: 1565 &rarr; <strong>1541</strong><br />(-24 for losing)\n|c|☆MrCarrot11|gg\n", "inputlog": ">version 686819e5e19f8a7fd2345cfc5a08a5085efa2cc3\n>start {\"formatid\":\"gen4randombattle\",\"seed\":\"sodium,719458509d5f70309971bc1c17207654\",\"rated\":\"Rated battle\"}\n>player p1 {\"name\":\"MrCarrot11\",\"avatar\":\"red\",\"rating\":1501,\"seed\":\"sodium,0fd211f4d20f5516fc04f2a4a7d94ae6\"}\n>player p2 {\"name\":\"waywatcher\",\"avatar\":\"giovanni\",\"rating\":1565,\"seed\":\"sodium,e478f389fc01924bb38d04f4d59e66f3\"}\n>p1 move dragondance\n>p2 move encore\n>p1 move dragondance\n>p2 switch 2\n>p1 switch 2\n>p2 move nastyplot\n>p1 move suckerpunch\n>p2 move hiddenpower\n>p1 switch 4\n>p1 switch 2\n>p2 move grassknot\n>p1 switch 6\n>p2 move hiddenpower\n>p1 switch 6\n>p2 move thunderbolt\n>p2 switch 5\n>p1 switch 6\n>p2 move icebeam\n>p1 move toxic\n>p2 switch 2\n>p1 move toxic\n>p2 move encore\n>p1 move toxic\n>p2 switch 6\n>p1 switch 2\n>p2 move toxic\n>p1 switch 6\n>p2 switch 2\n>p1 switch 2\n>p2 move icebeam\n>p1 move toxic\n>p2 switch 2\n>p1 switch 3\n>p2 move thunderbolt\n>p1 move stealthrock\n>p2 switch 3\n>p1 switch 5\n>p2 move highjumpkick\n>p1 move airslash\n>p2 switch 2\n>p1 move airslash\n>p2 move hydropump\n>p2 switch 6\n>p1 move airslash\n>p2 move encore\n>chat ☆MrCarrot11|why\n>p1 move airslash\n>p2 move mirrorcoat\n>p2 switch 3\n>p1 switch 6\n>p2 move thunderbolt\n>p1 move earthquake\n>p2 move superpower\n>p2 switch 4\n>p1 move earthquake\n>p2 move raindance\n>p1 move earthquake\n>p2 move surf\n>p1 switch 3\n>p1 move slackoff\n>p2 move hiddenpower\n>p1 move slackoff\n>p2 move hiddenpower\n>p2 switch 2\n>p1 move surf\n>p2 move highjumpkick\n>p1 move surf\n>p2 move highjumpkick", "uploadtime": 1771258734, "views": 8, "formatid": "gen4randombattle", "rating": 1525, "private": 0, "password": null}