{"id": "gen4randombattle-2540485334", "format": "[Gen 4] Random Battle", "players": ["clickdontthink", "Texas Cloverleaf"], "log": "|j|☆clickdontthink\n|j|☆Texas Cloverleaf\n|t:|1771207910\n|gametype|singles\n|player|p1|clickdontthink|bruno-gen2|1606\n|player|p2|Texas Cloverleaf|#wcor2025canada|1555\n|gen|4\n|tier|[Gen 4] Random Battle\n|rated|\n|rule|Sleep Clause Mod: Limit one foe put to sleep\n|rule|HP Percentage Mod: HP is shown in percentages\n|\n|t:|1771207910\n|teamsize|p1|6\n|teamsize|p2|6\n|start\n|switch|p1a: Cloyster|Cloyster, L88, M|231/231\n|switch|p2a: Chimecho|Chimecho, L94, M|275/275\n|turn|1\n|inactive|Battle timer is ON: inactive players will automatically lose when time's up. (requested by Texas Cloverleaf)\n|c|☆clickdontthink|oh nice\n|c|☆clickdontthink|hf\n|\n|t:|1771207939\n|switch|p1a: Spiritomb|Spiritomb, L85, F|224/224\n|-ability|p1a: Spiritomb|Pressure\n|move|p2a: Chimecho|Calm Mind|p2a: Chimecho\n|-boost|p2a: Chimecho|spa|1\n|-boost|p2a: Chimecho|spd|1\n|\n|upkeep\n|turn|2\n|\n|t:|1771207965\n|-activate|p2a: Chimecho|move: Pursuit\n|move|p1a: Spiritomb|Pursuit|p2a: Chimecho|[from] Pursuit\n|-supereffective|p2a: Chimecho\n|-damage|p2a: Chimecho|105/275\n|switch|p2a: Lapras|Lapras, L85, M|360/360\n|\n|upkeep\n|turn|3\n|\n|t:|1771207973\n|switch|p1a: Lanturn|Lanturn, L84, M|347/347\n|move|p2a: Lapras|Toxic|p1a: Lanturn\n|-status|p1a: Lanturn|tox\n|\n|-damage|p1a: Lanturn|326/347 tox|[from] psn\n|upkeep\n|turn|4\n|\n|t:|1771207980\n|switch|p2a: Uxie|Uxie, L76|239/239\n|move|p1a: Lanturn|Heal Bell|p1a: Lanturn\n|-activate|p1a: Lanturn|move: Heal Bell\n|-curestatus|p1a: Lanturn|tox|[silent]\n|\n|-heal|p1a: Lanturn|347/347|[from] item: Leftovers\n|upkeep\n|turn|5\n|\n|t:|1771207987\n|switch|p1a: Spiritomb|Spiritomb, L85, F|224/224\n|-ability|p1a: Spiritomb|Pressure\n|move|p2a: Uxie|Stealth Rock|p1a: Spiritomb\n|-sidestart|p1: clickdontthink|move: Stealth Rock\n|\n|upkeep\n|turn|6\n|\n|t:|1771207991\n|move|p2a: Uxie|Thunder Wave|p1a: Spiritomb\n|-status|p1a: Spiritomb|par\n|move|p1a: Spiritomb|Dark Pulse|p2a: Uxie\n|-supereffective|p2a: Uxie\n|-damage|p2a: Uxie|89/239\n|\n|-heal|p2a: Uxie|103/239|[from] item: Leftovers\n|upkeep\n|turn|7\n|\n|t:|1771207994\n|move|p2a: Uxie|U-turn|p1a: Spiritomb\n|-crit|p1a: Spiritomb\n|-damage|p1a: Spiritomb|168/224 par\n|-activate|p2a: Uxie|move: Pursuit\n|move|p1a: Spiritomb|Pursuit|p2a: Uxie|[from] Pursuit\n|-supereffective|p2a: Uxie\n|-damage|p2a: Uxie|0 fnt\n|faint|p2a: Uxie\n|\n|-heal|p1a: Spiritomb|182/224 par|[from] item: Leftovers\n|upkeep\n|\n|t:|1771207999\n|switch|p2a: Mawile|Mawile, L97, M|254/254\n|-ability|p2a: Mawile|Intimidate|boost\n|-unboost|p1a: Spiritomb|atk|1\n|turn|8\n|inactive|clickdontthink has 120 seconds left.\n|\n|t:|1771208037\n|switch|p1a: Cloyster|Cloyster, L88, M|231/231\n|-damage|p1a: Cloyster|174/231|[from] Stealth Rock\n|move|p2a: Mawile|Substitute|p2a: Mawile\n|-start|p2a: Mawile|Substitute\n|-damage|p2a: Mawile|191/254\n|\n|-heal|p1a: Cloyster|188/231|[from] item: Leftovers\n|-heal|p2a: Mawile|206/254|[from] item: Leftovers\n|upkeep\n|turn|9\n|inactive|clickdontthink has 120 seconds left.\n|\n|t:|1771208045\n|-singleturn|p2a: Mawile|move: Focus Punch\n|move|p1a: Cloyster|Rapid Spin|p2a: Mawile\n|-resisted|p2a: Mawile\n|-activate|p2a: Mawile|Substitute|[damage]\n|-sideend|p1: clickdontthink|Stealth Rock|[from] move: Rapid Spin|[of] p1a: Cloyster\n|move|p2a: Mawile|Focus Punch|p1a: Cloyster\n|-supereffective|p1a: Cloyster\n|-damage|p1a: Cloyster|48/231\n|\n|-heal|p1a: Cloyster|62/231|[from] item: Leftovers\n|-heal|p2a: Mawile|221/254|[from] item: Leftovers\n|upkeep\n|turn|10\n|inactive|clickdontthink has 120 seconds left.\n|\n|t:|1771208056\n|-singleturn|p2a: Mawile|move: Focus Punch\n|move|p1a: Cloyster|Surf|p2a: Mawile\n|-crit|p2a: Mawile\n|-end|p2a: Mawile|Substitute\n|move|p2a: Mawile|Focus Punch|p1a: Cloyster\n|-supereffective|p1a: Cloyster\n|-damage|p1a: Cloyster|0 fnt\n|faint|p1a: Cloyster\n|\n|-heal|p2a: Mawile|236/254|[from] item: Leftovers\n|upkeep\n|\n|t:|1771208059\n|switch|p1a: Heracross|Heracross, L79, M|256/256\n|turn|11\n|\n|t:|1771208065\n|switch|p2a: Rotom|Rotom-Wash, L79|209/209\n|move|p1a: Heracross|Close Combat|p2a: Rotom\n|-immune|p2a: Rotom\n|\n|upkeep\n|turn|12\n|\n|t:|1771208071\n|switch|p1a: Lanturn|Lanturn, L84, M|347/347\n|move|p2a: Rotom|Thunderbolt|p1a: Lanturn\n|-immune|p1a: Lanturn|[from] ability: Volt Absorb\n|\n|upkeep\n|turn|13\n|\n|t:|1771208090\n|switch|p2a: Chimecho|Chimecho, L94, M|105/275\n|move|p1a: Lanturn|Heal Bell|p1a: Lanturn\n|-activate|p1a: Lanturn|move: Heal Bell\n|-curestatus|p1: Spiritomb|par|[silent]\n|\n|-heal|p2a: Chimecho|122/275|[from] item: Leftovers\n|upkeep\n|turn|14\n|\n|t:|1771208096\n|move|p2a: Chimecho|Recover|p2a: Chimecho\n|-heal|p2a: Chimecho|259/275\n|move|p1a: Lanturn|Thunderbolt|p2a: Chimecho\n|-damage|p2a: Chimecho|177/275\n|\n|-heal|p2a: Chimecho|194/275|[from] item: Leftovers\n|upkeep\n|turn|15\n|\n|t:|1771208101\n|switch|p1a: Spiritomb|Spiritomb, L85, F|182/224\n|-ability|p1a: Spiritomb|Pressure\n|move|p2a: Chimecho|Recover|p2a: Chimecho\n|-heal|p2a: Chimecho|275/275\n|\n|-heal|p1a: Spiritomb|196/224|[from] item: Leftovers\n|upkeep\n|turn|16\n|\n|t:|1771208103\n|-activate|p2a: Chimecho|move: Pursuit\n|move|p1a: Spiritomb|Pursuit|p2a: Chimecho|[from] Pursuit\n|-supereffective|p2a: Chimecho\n|-damage|p2a: Chimecho|81/275\n|switch|p2a: Mawile|Mawile, L97, M|236/254\n|-ability|p2a: Mawile|Intimidate|boost\n|-unboost|p1a: Spiritomb|atk|1\n|\n|-heal|p2a: Mawile|251/254|[from] item: Leftovers\n|-heal|p1a: Spiritomb|210/224|[from] item: Leftovers\n|upkeep\n|turn|17\n|\n|t:|1771208111\n|switch|p1a: Granbull|Granbull, L88, F|302/302\n|-ability|p1a: Granbull|Intimidate|boost\n|-unboost|p2a: Mawile|atk|1\n|move|p2a: Mawile|Substitute|p2a: Mawile\n|-start|p2a: Mawile|Substitute\n|-damage|p2a: Mawile|188/254\n|\n|-heal|p2a: Mawile|203/254|[from] item: Leftovers\n|upkeep\n|turn|18\n|\n|t:|1771208114\n|-singleturn|p2a: Mawile|move: Focus Punch\n|switch|p1a: Heracross|Heracross, L79, M|256/256\n|move|p2a: Mawile|Focus Punch|p1a: Heracross\n|-resisted|p1a: Heracross\n|-damage|p1a: Heracross|210/256\n|\n|-heal|p2a: Mawile|218/254|[from] item: Leftovers\n|upkeep\n|turn|19\n|\n|t:|1771208120\n|move|p1a: Heracross|Megahorn|p2a: Mawile\n|-resisted|p2a: Mawile\n|-end|p2a: Mawile|Substitute\n|move|p2a: Mawile|Iron Head|p1a: Heracross\n|-damage|p1a: Heracross|128/256\n|\n|-heal|p2a: Mawile|233/254|[from] item: Leftovers\n|upkeep\n|turn|20\n|\n|t:|1771208129\n|move|p1a: Heracross|Megahorn|p2a: Mawile\n|-resisted|p2a: Mawile\n|-damage|p2a: Mawile|155/254\n|-damage|p1a: Heracross|103/256|[from] item: Life Orb\n|move|p2a: Mawile|Substitute|p2a: Mawile\n|-start|p2a: Mawile|Substitute\n|-damage|p2a: Mawile|92/254\n|\n|-heal|p2a: Mawile|107/254|[from] item: Leftovers\n|upkeep\n|turn|21\n|\n|t:|1771208143\n|switch|p1a: Tropius|Tropius, L97, F|349/349\n|move|p2a: Mawile|Iron Head|p1a: Tropius\n|-crit|p1a: Tropius\n|-damage|p1a: Tropius|175/349\n|\n|-heal|p1a: Tropius|196/349|[from] item: Leftovers\n|-heal|p2a: Mawile|122/254|[from] item: Leftovers\n|upkeep\n|turn|22\n|\n|t:|1771208151\n|move|p1a: Tropius|Roost|p1a: Tropius\n|-heal|p1a: Tropius|349/349\n|-singleturn|p1a: Tropius|move: Roost\n|move|p2a: Mawile|Iron Head|p1a: Tropius\n|-damage|p1a: Tropius|286/349\n|\n|-heal|p1a: Tropius|307/349|[from] item: Leftovers\n|-heal|p2a: Mawile|137/254|[from] item: Leftovers\n|upkeep\n|turn|23\n|\n|t:|1771208156\n|move|p1a: Tropius|Air Slash|p2a: Mawile\n|-resisted|p2a: Mawile\n|-activate|p2a: Mawile|Substitute|[damage]\n|move|p2a: Mawile|Iron Head|p1a: Tropius\n|-damage|p1a: Tropius|244/349\n|\n|-heal|p1a: Tropius|265/349|[from] item: Leftovers\n|-heal|p2a: Mawile|152/254|[from] item: Leftovers\n|upkeep\n|turn|24\n|\n|t:|1771208160\n|-singleturn|p2a: Mawile|move: Focus Punch\n|move|p1a: Tropius|Air Slash|p2a: Mawile\n|-resisted|p2a: Mawile\n|-end|p2a: Mawile|Substitute\n|move|p2a: Mawile|Focus Punch|p1a: Tropius\n|-resisted|p1a: Tropius\n|-damage|p1a: Tropius|228/349\n|\n|-heal|p1a: Tropius|249/349|[from] item: Leftovers\n|-heal|p2a: Mawile|167/254|[from] item: Leftovers\n|upkeep\n|turn|25\n|\n|t:|1771208174\n|switch|p2a: Lapras|Lapras, L85, M|360/360\n|move|p1a: Tropius|Leech Seed|p2a: Lapras\n|-start|p2a: Lapras|move: Leech Seed\n|\n|-heal|p1a: Tropius|270/349|[from] item: Leftovers\n|-damage|p2a: Lapras|315/360|[from] Leech Seed|[of] p1a: Tropius\n|-heal|p1a: Tropius|315/349|[silent]\n|upkeep\n|turn|26\n|\n|t:|1771208185\n|switch|p1a: Spiritomb|Spiritomb, L85, F|210/224\n|-ability|p1a: Spiritomb|Pressure\n|switch|p2a: Chimecho|Chimecho, L94, M|81/275\n|\n|-heal|p2a: Chimecho|98/275|[from] item: Leftovers\n|-heal|p1a: Spiritomb|224/224|[from] item: Leftovers\n|upkeep\n|turn|27\n|\n|t:|1771208195\n|move|p2a: Chimecho|Recover|p2a: Chimecho\n|-heal|p2a: Chimecho|235/275\n|move|p1a: Spiritomb|Pursuit|p2a: Chimecho\n|-supereffective|p2a: Chimecho\n|-damage|p2a: Chimecho|149/275\n|\n|-heal|p2a: Chimecho|166/275|[from] item: Leftovers\n|upkeep\n|turn|28\n|\n|t:|1771208205\n|move|p2a: Chimecho|Calm Mind|p2a: Chimecho\n|-boost|p2a: Chimecho|spa|1\n|-boost|p2a: Chimecho|spd|1\n|move|p1a: Spiritomb|Dark Pulse|p2a: Chimecho\n|-supereffective|p2a: Chimecho\n|-damage|p2a: Chimecho|52/275\n|\n|-heal|p2a: Chimecho|69/275|[from] item: Leftovers\n|upkeep\n|turn|29\n|\n|t:|1771208208\n|move|p1a: Spiritomb|Shadow Sneak|p2a: Chimecho\n|-supereffective|p2a: Chimecho\n|-crit|p2a: Chimecho\n|-damage|p2a: Chimecho|0 fnt\n|faint|p2a: Chimecho\n|\n|upkeep\n|c|☆Texas Cloverleaf|what a matchup\n|c|☆clickdontthink|pretty crazy ye\n|c|☆Texas Cloverleaf|three mons that get pursuit trapped by a spiritomb\n|c|☆Texas Cloverleaf|and three walled by lanturn\n|\n|t:|1771208236\n|switch|p2a: Golduck|Golduck, L87, F|281/281\n|turn|30\n|\n|t:|1771208242\n|switch|p1a: Lanturn|Lanturn, L84, M|347/347\n|move|p2a: Golduck|Hydro Pump|p1a: Lanturn\n|-resisted|p1a: Lanturn\n|-damage|p1a: Lanturn|234/347\n|\n|-heal|p1a: Lanturn|255/347|[from] item: Leftovers\n|upkeep\n|turn|31\n|\n|t:|1771208246\n|move|p2a: Golduck|Hydro Pump|p1a: Lanturn\n|-resisted|p1a: Lanturn\n|-damage|p1a: Lanturn|148/347\n|move|p1a: Lanturn|Thunderbolt|p2a: Golduck\n|-supereffective|p2a: Golduck\n|-damage|p2a: Golduck|119/281\n|-status|p2a: Golduck|par\n|\n|-heal|p1a: Lanturn|169/347|[from] item: Leftovers\n|upkeep\n|turn|32\n|\n|t:|1771208249\n|move|p1a: Lanturn|Thunderbolt|p2a: Golduck\n|-supereffective|p2a: Golduck\n|-damage|p2a: Golduck|0 fnt\n|faint|p2a: Golduck\n|\n|-heal|p1a: Lanturn|190/347|[from] item: Leftovers\n|upkeep\n|\n|t:|1771208254\n|switch|p2a: Rotom|Rotom-Wash, L79|209/209\n|turn|33\n|\n|t:|1771208265\n|switch|p1a: Tropius|Tropius, L97, F|315/349\n|move|p2a: Rotom|Shadow Ball|p1a: Tropius\n|-damage|p1a: Tropius|246/349\n|\n|-heal|p1a: Tropius|267/349|[from] item: Leftovers\n|upkeep\n|turn|34\n|\n|t:|1771208269\n|move|p2a: Rotom|Thunderbolt|p1a: Tropius\n|-damage|p1a: Tropius|182/349\n|move|p1a: Tropius|Toxic|p2a: Rotom\n|-status|p2a: Rotom|tox\n|\n|-damage|p2a: Rotom|196/209 tox|[from] psn\n|-heal|p1a: Tropius|203/349|[from] item: Leftovers\n|upkeep\n|turn|35\n|\n|t:|1771208273\n|move|p2a: Rotom|Thunderbolt|p1a: Tropius\n|-damage|p1a: Tropius|118/349\n|-status|p1a: Tropius|par\n|move|p1a: Tropius|Leech Seed|p2a: Rotom\n|-start|p2a: Rotom|move: Leech Seed\n|\n|-heal|p2a: Rotom|209/209 tox|[from] item: Leftovers\n|-damage|p2a: Rotom|183/209 tox|[from] Leech Seed|[of] p1a: Tropius\n|-heal|p1a: Tropius|144/349 par|[silent]\n|-damage|p2a: Rotom|157/209 tox|[from] psn\n|-heal|p1a: Tropius|165/349 par|[from] item: Leftovers\n|upkeep\n|turn|36\n|\n|t:|1771208276\n|switch|p2a: Mawile|Mawile, L97, M|167/254\n|-ability|p2a: Mawile|Intimidate|boost\n|-unboost|p1a: Tropius|atk|1\n|cant|p1a: Tropius|par\n|\n|-heal|p2a: Mawile|182/254|[from] item: Leftovers\n|-heal|p1a: Tropius|186/349 par|[from] item: Leftovers\n|upkeep\n|turn|37\n|\n|t:|1771208282\n|switch|p1a: Granbull|Granbull, L88, F|302/302\n|-ability|p1a: Granbull|Intimidate|boost\n|-unboost|p2a: Mawile|atk|1\n|move|p2a: Mawile|Substitute|p2a: Mawile\n|-start|p2a: Mawile|Substitute\n|-damage|p2a: Mawile|119/254\n|\n|-heal|p2a: Mawile|134/254|[from] item: Leftovers\n|upkeep\n|turn|38\n|\n|t:|1771208289\n|-singleturn|p2a: Mawile|move: Focus Punch\n|switch|p1a: Spiritomb|Spiritomb, L85, F|224/224\n|-ability|p1a: Spiritomb|Pressure\n|move|p2a: Mawile|Focus Punch|p1a: Spiritomb\n|-immune|p1a: Spiritomb\n|\n|-heal|p2a: Mawile|149/254|[from] item: Leftovers\n|upkeep\n|turn|39\n|\n|t:|1771208300\n|move|p2a: Mawile|Iron Head|p1a: Spiritomb\n|-damage|p1a: Spiritomb|163/224\n|move|p1a: Spiritomb|Dark Pulse|p2a: Mawile\n|-resisted|p2a: Mawile\n|-activate|p2a: Mawile|Substitute|[damage]\n|\n|-heal|p2a: Mawile|164/254|[from] item: Leftovers\n|-heal|p1a: Spiritomb|177/224|[from] item: Leftovers\n|upkeep\n|turn|40\n|\n|t:|1771208304\n|move|p1a: Spiritomb|Shadow Sneak|p2a: Mawile\n|-resisted|p2a: Mawile\n|-end|p2a: Mawile|Substitute\n|move|p2a: Mawile|Iron Head|p1a: Spiritomb\n|-crit|p1a: Spiritomb\n|-damage|p1a: Spiritomb|11/224\n|\n|-heal|p2a: Mawile|179/254|[from] item: Leftovers\n|-heal|p1a: Spiritomb|25/224|[from] item: Leftovers\n|upkeep\n|turn|41\n|\n|t:|1771208310\n|switch|p1a: Heracross|Heracross, L79, M|103/256\n|move|p2a: Mawile|Iron Head|p1a: Heracross\n|-damage|p1a: Heracross|16/256\n|\n|-heal|p2a: Mawile|194/254|[from] item: Leftovers\n|upkeep\n|turn|42\n|\n|t:|1771208317\n|switch|p2a: Rotom|Rotom-Wash, L79|157/209 tox\n|move|p1a: Heracross|Megahorn|p2a: Rotom\n|-resisted|p2a: Rotom\n|-damage|p2a: Rotom|82/209 tox\n|-damage|p1a: Heracross|0 fnt|[from] item: Life Orb\n|faint|p1a: Heracross\n|\n|-heal|p2a: Rotom|95/209 tox|[from] item: Leftovers\n|-damage|p2a: Rotom|82/209 tox|[from] psn\n|upkeep\n|\n|t:|1771208326\n|switch|p1a: Spiritomb|Spiritomb, L85, F|25/224\n|-ability|p1a: Spiritomb|Pressure\n|turn|43\n|\n|t:|1771208335\n|switch|p2a: Mawile|Mawile, L97, M|194/254\n|-ability|p2a: Mawile|Intimidate|boost\n|-unboost|p1a: Spiritomb|atk|1\n|move|p1a: Spiritomb|Shadow Sneak|p2a: Mawile\n|-resisted|p2a: Mawile\n|-damage|p2a: Mawile|182/254\n|\n|-heal|p2a: Mawile|197/254|[from] item: Leftovers\n|-heal|p1a: Spiritomb|39/224|[from] item: Leftovers\n|upkeep\n|turn|44\n|\n|t:|1771208348\n|switch|p1a: Granbull|Granbull, L88, F|302/302\n|-ability|p1a: Granbull|Intimidate|boost\n|-unboost|p2a: Mawile|atk|1\n|move|p2a: Mawile|Iron Head|p1a: Granbull\n|-damage|p1a: Granbull|235/302\n|\n|-heal|p2a: Mawile|212/254|[from] item: Leftovers\n|-heal|p1a: Granbull|253/302|[from] item: Leftovers\n|upkeep\n|turn|45\n|\n|t:|1771208360\n|switch|p2a: Lapras|Lapras, L85, M|315/360\n|move|p1a: Granbull|Close Combat|p2a: Lapras\n|-supereffective|p2a: Lapras\n|-damage|p2a: Lapras|87/360\n|-unboost|p1a: Granbull|def|1\n|-unboost|p1a: Granbull|spd|1\n|\n|-heal|p2a: Lapras|109/360|[from] item: Leftovers\n|-heal|p1a: Granbull|271/302|[from] item: Leftovers\n|upkeep\n|turn|46\n|\n|t:|1771208383\n|switch|p1a: Spiritomb|Spiritomb, L85, F|39/224\n|-ability|p1a: Spiritomb|Pressure\n|move|p2a: Lapras|Hydro Pump|p1a: Spiritomb\n|-damage|p1a: Spiritomb|0 fnt\n|faint|p1a: Spiritomb\n|\n|-heal|p2a: Lapras|131/360|[from] item: Leftovers\n|upkeep\n|\n|t:|1771208386\n|switch|p1a: Lanturn|Lanturn, L84, M|190/347\n|turn|47\n|\n|t:|1771208390\n|switch|p2a: Rotom|Rotom-Wash, L79|82/209 tox\n|move|p1a: Lanturn|Thunderbolt|p2a: Rotom\n|-resisted|p2a: Rotom\n|-damage|p2a: Rotom|44/209 tox\n|\n|-heal|p2a: Rotom|57/209 tox|[from] item: Leftovers\n|-damage|p2a: Rotom|44/209 tox|[from] psn\n|-heal|p1a: Lanturn|211/347|[from] item: Leftovers\n|upkeep\n|turn|48\n|\n|t:|1771208396\n|move|p2a: Rotom|Pain Split|p1a: Lanturn\n|-sethp|p1a: Lanturn|127/347|[from] move: Pain Split|[silent]\n|-sethp|p2a: Rotom|127/209 tox|[from] move: Pain Split\n|move|p1a: Lanturn|Surf|p2a: Rotom\n|-damage|p2a: Rotom|46/209 tox\n|\n|-heal|p2a: Rotom|59/209 tox|[from] item: Leftovers\n|-damage|p2a: Rotom|33/209 tox|[from] psn\n|-heal|p1a: Lanturn|148/347|[from] item: Leftovers\n|upkeep\n|turn|49\n|\n|t:|1771208406\n|switch|p2a: Lapras|Lapras, L85, M|131/360\n|move|p1a: Lanturn|Surf|p2a: Lapras\n|-heal|p2a: Lapras|221/360|[from] ability: Water Absorb|[of] p1a: Lanturn\n|\n|-heal|p1a: Lanturn|169/347|[from] item: Leftovers\n|-heal|p2a: Lapras|243/360|[from] item: Leftovers\n|upkeep\n|turn|50\n|\n|t:|1771208415\n|move|p1a: Lanturn|Thunderbolt|p2a: Lapras\n|-supereffective|p2a: Lapras\n|-damage|p2a: Lapras|85/360\n|move|p2a: Lapras|Toxic|p1a: Lanturn\n|-status|p1a: Lanturn|tox\n|\n|-heal|p1a: Lanturn|190/347 tox|[from] item: Leftovers\n|-damage|p1a: Lanturn|169/347 tox|[from] psn\n|-heal|p2a: Lapras|107/360|[from] item: Leftovers\n|upkeep\n|turn|51\n|\n|t:|1771208419\n|move|p1a: Lanturn|Thunderbolt|p2a: Lapras\n|-supereffective|p2a: Lapras\n|-damage|p2a: Lapras|0 fnt\n|faint|p2a: Lapras\n|\n|-heal|p1a: Lanturn|190/347 tox|[from] item: Leftovers\n|-damage|p1a: Lanturn|148/347 tox|[from] psn\n|upkeep\n|\n|t:|1771208422\n|switch|p2a: Rotom|Rotom-Wash, L79|33/209 tox\n|turn|52\n|\n|t:|1771208434\n|move|p2a: Rotom|Shadow Ball|p1a: Lanturn\n|-damage|p1a: Lanturn|66/347 tox\n|-unboost|p1a: Lanturn|spd|1\n|move|p1a: Lanturn|Surf|p2a: Rotom\n|-damage|p2a: Rotom|0 fnt\n|faint|p2a: Rotom\n|\n|-heal|p1a: Lanturn|87/347 tox|[from] item: Leftovers\n|-damage|p1a: Lanturn|24/347 tox|[from] psn\n|upkeep\n|\n|t:|1771208436\n|switch|p2a: Mawile|Mawile, L97, M|212/254\n|-ability|p2a: Mawile|Intimidate|boost\n|-unboost|p1a: Lanturn|atk|1\n|turn|53\n|\n|t:|1771208441\n|move|p1a: Lanturn|Heal Bell|p1a: Lanturn\n|-activate|p1a: Lanturn|move: Heal Bell\n|-curestatus|p1a: Lanturn|tox|[silent]\n|-curestatus|p1: Tropius|par|[silent]\n|move|p2a: Mawile|Substitute|p2a: Mawile\n|-start|p2a: Mawile|Substitute\n|-damage|p2a: Mawile|149/254\n|\n|-heal|p1a: Lanturn|45/347|[from] item: Leftovers\n|-heal|p2a: Mawile|164/254|[from] item: Leftovers\n|upkeep\n|turn|54\n|\n|t:|1771208444\n|move|p2a: Mawile|Sucker Punch|p1a: Lanturn\n|-damage|p1a: Lanturn|0 fnt\n|faint|p1a: Lanturn\n|\n|-heal|p2a: Mawile|179/254|[from] item: Leftovers\n|upkeep\n|\n|t:|1771208448\n|switch|p1a: Tropius|Tropius, L97, F|186/349\n|turn|55\n|\n|t:|1771208455\n|move|p1a: Tropius|Roost|p1a: Tropius\n|-heal|p1a: Tropius|349/349\n|-singleturn|p1a: Tropius|move: Roost\n|move|p2a: Mawile|Iron Head|p1a: Tropius\n|-damage|p1a: Tropius|253/349\n|\n|-heal|p1a: Tropius|274/349|[from] item: Leftovers\n|-heal|p2a: Mawile|194/254|[from] item: Leftovers\n|upkeep\n|turn|56\n|\n|t:|1771208457\n|move|p1a: Tropius|Air Slash|p2a: Mawile\n|-resisted|p2a: Mawile\n|-activate|p2a: Mawile|Substitute|[damage]\n|move|p2a: Mawile|Iron Head|p1a: Tropius\n|-damage|p1a: Tropius|184/349\n|\n|-heal|p1a: Tropius|205/349|[from] item: Leftovers\n|-heal|p2a: Mawile|209/254|[from] item: Leftovers\n|upkeep\n|turn|57\n|\n|t:|1771208460\n|move|p1a: Tropius|Roost|p1a: Tropius\n|-heal|p1a: Tropius|349/349\n|-singleturn|p1a: Tropius|move: Roost\n|move|p2a: Mawile|Substitute|p2a: Mawile\n|-fail|p2a: Mawile|move: Substitute\n|\n|-heal|p2a: Mawile|224/254|[from] item: Leftovers\n|upkeep\n|turn|58\n|\n|t:|1771208462\n|move|p1a: Tropius|Air Slash|p2a: Mawile\n|-resisted|p2a: Mawile\n|-end|p2a: Mawile|Substitute\n|move|p2a: Mawile|Substitute|p2a: Mawile\n|-start|p2a: Mawile|Substitute\n|-damage|p2a: Mawile|161/254\n|\n|-heal|p2a: Mawile|176/254|[from] item: Leftovers\n|upkeep\n|turn|59\n|\n|t:|1771208464\n|move|p1a: Tropius|Air Slash|p2a: Mawile\n|-resisted|p2a: Mawile\n|-activate|p2a: Mawile|Substitute|[damage]\n|move|p2a: Mawile|Iron Head|p1a: Tropius\n|-damage|p1a: Tropius|259/349\n|\n|-heal|p1a: Tropius|280/349|[from] item: Leftovers\n|-heal|p2a: Mawile|191/254|[from] item: Leftovers\n|upkeep\n|turn|60\n|\n|t:|1771208467\n|move|p1a: Tropius|Air Slash|p2a: Mawile\n|-resisted|p2a: Mawile\n|-crit|p2a: Mawile\n|-end|p2a: Mawile|Substitute\n|move|p2a: Mawile|Substitute|p2a: Mawile\n|-start|p2a: Mawile|Substitute\n|-damage|p2a: Mawile|128/254\n|\n|-heal|p1a: Tropius|301/349|[from] item: Leftovers\n|-heal|p2a: Mawile|143/254|[from] item: Leftovers\n|upkeep\n|turn|61\n|\n|t:|1771208469\n|-singleturn|p2a: Mawile|move: Focus Punch\n|move|p1a: Tropius|Air Slash|p2a: Mawile\n|-resisted|p2a: Mawile\n|-crit|p2a: Mawile\n|-end|p2a: Mawile|Substitute\n|move|p2a: Mawile|Focus Punch|p1a: Tropius\n|-resisted|p1a: Tropius\n|-damage|p1a: Tropius|248/349\n|\n|-heal|p1a: Tropius|269/349|[from] item: Leftovers\n|-heal|p2a: Mawile|158/254|[from] item: Leftovers\n|upkeep\n|turn|62\n|\n|t:|1771208472\n|-singleturn|p2a: Mawile|move: Focus Punch\n|move|p1a: Tropius|Leech Seed|p2a: Mawile\n|-start|p2a: Mawile|move: Leech Seed\n|move|p2a: Mawile|Focus Punch|p1a: Tropius\n|-resisted|p1a: Tropius\n|-damage|p1a: Tropius|211/349\n|\n|-heal|p1a: Tropius|232/349|[from] item: Leftovers\n|-heal|p2a: Mawile|173/254|[from] item: Leftovers\n|-damage|p2a: Mawile|142/254|[from] Leech Seed|[of] p1a: Tropius\n|-heal|p1a: Tropius|263/349|[silent]\n|upkeep\n|turn|63\n|-message|Texas Cloverleaf forfeited.\n|\n|win|clickdontthink\n|raw|clickdontthink's rating: 1606 &rarr; <strong>1623</strong><br />(+17 for winning)\n|raw|Texas Cloverleaf's rating: 1555 &rarr; <strong>1538</strong><br />(-17 for losing)\n|l|☆Texas Cloverleaf\n|player|p2|\n", "inputlog": ">version 686819e5e19f8a7fd2345cfc5a08a5085efa2cc3\n>start {\"formatid\":\"gen4randombattle\",\"seed\":\"sodium,ca118a3408340812c7f40aa1eb7376b7\",\"rated\":\"Rated battle\"}\n>player p1 {\"name\":\"clickdontthink\",\"avatar\":\"bruno-gen2\",\"rating\":1606,\"seed\":\"sodium,add39791a39d07b4f86d71e950a47be8\"}\n>player p2 {\"name\":\"Texas Cloverleaf\",\"avatar\":\"#wcor2025canada\",\"rating\":1555,\"seed\":\"sodium,4ce9e0e5d313be7229f372437f91a8fe\"}\n>chat ☆clickdontthink|oh nice\n>chat ☆clickdontthink|hf\n>p1 switch 2\n>p2 move calmmind\n>p1 move pursuit\n>p2 switch 5\n>p1 switch 3\n>p2 move toxic\n>p1 move healbell\n>p2 switch 3\n>p1 switch 3\n>p2 move stealthrock\n>p1 move darkpulse\n>p2 move thunderwave\n>p1 move pursuit\n>p2 move uturn\n>p2 switch 4\n>p1 switch 2\n>p2 move substitute\n>p1 move rapidspin\n>p2 move focuspunch\n>p1 move surf\n>p2 move focuspunch\n>p1 switch 4\n>p1 move closecombat\n>p2 switch 6\n>p1 switch 3\n>p2 move thunderbolt\n>p1 move healbell\n>p2 switch 5\n>p1 move thunderbolt\n>p2 move recover\n>p1 switch 2\n>p2 move recover\n>p1 move pursuit\n>p2 switch 6\n>p1 switch 6\n>p2 move substitute\n>p1 switch 3\n>p2 move focuspunch\n>p1 move megahorn\n>p2 move ironhead\n>p1 move megahorn\n>p2 move substitute\n>p1 switch 5\n>p2 move ironhead\n>p1 move roost\n>p2 move ironhead\n>p1 move airslash\n>p2 move ironhead\n>p1 move airslash\n>p2 move focuspunch\n>p1 move leechseed\n>p2 switch 3\n>p1 switch 6\n>p2 switch 6\n>p1 move pursuit\n>p2 move recover\n>p1 move darkpulse\n>p2 move calmmind\n>p1 move shadowsneak\n>p2 move recover\n>chat ☆Texas Cloverleaf|what a matchup\n>chat ☆clickdontthink|pretty crazy ye\n>chat ☆Texas Cloverleaf|three mons that get pursuit trapped by a spiritomb\n>chat ☆Texas Cloverleaf|and three walled by lanturn\n>p2 switch 2\n>p1 switch 2\n>p2 move hydropump\n>p1 move thunderbolt\n>p2 move hydropump\n>p1 move thunderbolt\n>p2 move hydropump\n>p2 switch 5\n>p1 switch 6\n>p2 move shadowball\n>p1 move toxic\n>p2 move thunderbolt\n>p1 move leechseed\n>p2 move thunderbolt\n>p1 move roost\n>p2 switch 3\n>p1 switch 3\n>p2 move substitute\n>p1 switch 2\n>p2 move focuspunch\n>p1 move darkpulse\n>p2 move ironhead\n>p1 move shadowsneak\n>p2 move ironhead\n>p1 switch 5\n>p2 move ironhead\n>p1 move megahorn\n>p2 switch 3\n>p1 switch 5\n>p1 move shadowsneak\n>p2 switch 3\n>p1 switch 2\n>p2 move ironhead\n>p1 move closecombat\n>p2 switch 6\n>p1 switch 2\n>p2 move hydropump\n>p1 switch 6\n>p1 move thunderbolt\n>p2 switch 3\n>p1 move surf\n>p2 move painsplit\n>p1 move surf\n>p2 switch 3\n>p1 move thunderbolt\n>p2 move toxic\n>p1 move thunderbolt\n>p2 move hydropump\n>p2 switch 3\n>p1 move surf\n>p2 move shadowball\n>p2 switch 6\n>p1 move healbell\n>p2 move substitute\n>p1 move surf\n>p2 move suckerpunch\n>p1 switch 3\n>p1 move roost\n>p2 move ironhead\n>p1 move airslash\n>p2 move ironhead\n>p1 move roost\n>p2 move substitute\n>p1 move airslash\n>p2 move substitute\n>p1 move airslash\n>p2 move ironhead\n>p1 move airslash\n>p2 move substitute\n>p1 move airslash\n>p2 move focuspunch\n>p1 move leechseed\n>p2 move focuspunch\n>forcelose p2", "uploadtime": 1771208483, "views": 56, "formatid": "gen4randombattle", "rating": 1538, "private": 0, "password": null}