{"id": "gen4randombattle-2540919592", "format": "[Gen 4] Random Battle", "players": ["TheBigWazowski", "clickdontthink"], "log": "|j|☆TheBigWazowski\n|j|☆clickdontthink\n|t:|1771267172\n|gametype|singles\n|player|p1|TheBigWazowski|aaron|1681\n|player|p2|clickdontthink|bruno-gen2|1646\n|gen|4\n|tier|[Gen 4] Random Battle\n|rated|\n|rule|Sleep Clause Mod: Limit one foe put to sleep\n|rule|HP Percentage Mod: HP is shown in percentages\n|\n|t:|1771267172\n|teamsize|p1|6\n|teamsize|p2|6\n|start\n|switch|p1a: Banette|Banette, L93, M|270/270\n|switch|p2a: Typhlosion|Typhlosion, L82, F|262/262\n|turn|1\n|inactive|Battle timer is ON: inactive players will automatically lose when time's up. (requested by TheBigWazowski)\n|\n|t:|1771267184\n|switch|p2a: Mightyena|Mightyena, L95, F|287/287\n|-ability|p2a: Mightyena|Intimidate|boost\n|-unboost|p1a: Banette|atk|1\n|switch|p1a: Houndoom|Houndoom, L82, M|257/257\n|\n|upkeep\n|turn|2\n|\n|t:|1771267193\n|move|p1a: Houndoom|Fire Blast|p2a: Mightyena\n|-damage|p2a: Mightyena|97/287\n|-damage|p1a: Houndoom|232/257|[from] item: Life Orb\n|move|p2a: Mightyena|Super Fang|p1a: Houndoom\n|-damage|p1a: Houndoom|116/257\n|\n|-heal|p2a: Mightyena|114/287|[from] item: Leftovers\n|upkeep\n|turn|3\n|\n|t:|1771267205\n|switch|p1a: Ledian|Ledian, M|271/271\n|switch|p2a: Milotic|Milotic, L81, M|287/287\n|\n|upkeep\n|turn|4\n|\n|t:|1771267216\n|move|p1a: Ledian|Swords Dance|p1a: Ledian\n|-boost|p1a: Ledian|atk|2\n|move|p2a: Milotic|Ice Beam|p1a: Ledian\n|-supereffective|p1a: Ledian\n|-damage|p1a: Ledian|175/271\n|\n|-heal|p1a: Ledian|191/271|[from] item: Leftovers\n|upkeep\n|turn|5\n|\n|t:|1771267237\n|switch|p2a: Raikou|Raikou, L75|259/259\n|-ability|p2a: Raikou|Pressure\n|move|p1a: Ledian|Agility|p1a: Ledian\n|-boost|p1a: Ledian|spe|2\n|\n|-heal|p1a: Ledian|207/271|[from] item: Leftovers\n|upkeep\n|turn|6\n|\n|t:|1771267241\n|move|p1a: Ledian|Baton Pass|p1a: Ledian\n|\n|t:|1771267253\n|switch|p1a: Regigigas|Regigigas, L83|318/318|[from] Baton Pass\n|-start|p1a: Regigigas|ability: Slow Start\n|move|p2a: Raikou|Thunderbolt|p1a: Regigigas\n|-damage|p1a: Regigigas|198/318\n|\n|-heal|p1a: Regigigas|217/318|[from] item: Leftovers\n|upkeep\n|turn|7\n|j| Lllauren\n|\n|t:|1771267270\n|move|p2a: Raikou|Thunderbolt|p1a: Regigigas\n|-damage|p1a: Regigigas|97/318\n|move|p1a: Regigigas|Thunder Wave|p2a: Raikou\n|-status|p2a: Raikou|par\n|\n|-heal|p1a: Regigigas|116/318|[from] item: Leftovers\n|upkeep\n|turn|8\n|\n|t:|1771267281\n|move|p1a: Regigigas|Earthquake|p2a: Raikou\n|-supereffective|p2a: Raikou\n|-damage|p2a: Raikou|0 fnt\n|faint|p2a: Raikou\n|\n|-heal|p1a: Regigigas|135/318|[from] item: Leftovers\n|upkeep\n|inactive|clickdontthink has 120 seconds left.\n|\n|t:|1771267317\n|switch|p2a: Crobat|Crobat, L80, M|267/267\n|turn|9\n|\n|t:|1771267325\n|move|p2a: Crobat|Brave Bird|p1a: Regigigas\n|-damage|p1a: Regigigas|33/318\n|-damage|p2a: Crobat|233/267|[from] Recoil\n|move|p1a: Regigigas|Return|p2a: Crobat\n|-damage|p2a: Crobat|38/267\n|\n|-heal|p2a: Crobat|54/267|[from] item: Black Sludge\n|-heal|p1a: Regigigas|52/318|[from] item: Leftovers\n|upkeep\n|turn|10\n|\n|t:|1771267338\n|move|p2a: Crobat|Brave Bird|p1a: Regigigas\n|-crit|p1a: Regigigas\n|-damage|p1a: Regigigas|0 fnt\n|faint|p1a: Regigigas\n|-end|p1a: Regigigas|Slow Start|[silent]\n|-damage|p2a: Crobat|37/267|[from] Recoil\n|\n|-heal|p2a: Crobat|53/267|[from] item: Black Sludge\n|upkeep\n|\n|t:|1771267348\n|switch|p1a: Banette|Banette, L93, M|270/270\n|turn|11\n|\n|t:|1771267351\n|switch|p2a: Mightyena|Mightyena, L95, F|114/287\n|-ability|p2a: Mightyena|Intimidate|boost\n|-unboost|p1a: Banette|atk|1\n|move|p1a: Banette|Shadow Sneak|p2a: Mightyena\n|-resisted|p2a: Mightyena\n|-damage|p2a: Mightyena|84/287\n|-damage|p1a: Banette|243/270|[from] item: Life Orb\n|\n|-heal|p2a: Mightyena|101/287|[from] item: Leftovers\n|upkeep\n|turn|12\n|\n|t:|1771267374\n|switch|p1a: Houndoom|Houndoom, L82, M|116/257\n|move|p2a: Mightyena|Crunch|p1a: Houndoom\n|-resisted|p1a: Houndoom\n|-damage|p1a: Houndoom|36/257\n|\n|-heal|p2a: Mightyena|118/287|[from] item: Leftovers\n|upkeep\n|turn|13\n|\n|t:|1771267383\n|move|p1a: Houndoom|Sucker Punch|p2a: Mightyena\n|-resisted|p2a: Mightyena\n|-damage|p2a: Mightyena|64/287\n|-damage|p1a: Houndoom|11/257|[from] item: Life Orb\n|move|p2a: Mightyena|Sucker Punch|p1a: Houndoom\n|-fail|p2a: Mightyena\n|\n|-heal|p2a: Mightyena|81/287|[from] item: Leftovers\n|upkeep\n|turn|14\n|\n|t:|1771267391\n|switch|p2a: Crobat|Crobat, L80, M|53/267\n|move|p1a: Houndoom|Fire Blast|p2a: Crobat\n|-crit|p2a: Crobat\n|-damage|p2a: Crobat|0 fnt\n|faint|p2a: Crobat\n|-damage|p1a: Houndoom|0 fnt|[from] item: Life Orb\n|faint|p1a: Houndoom\n|\n|upkeep\n|\n|t:|1771267404\n|switch|p2a: Typhlosion|Typhlosion, L82, F|262/262\n|switch|p1a: Slowbro|Slowbro, L85, M|300/300\n|turn|15\n|\n|t:|1771267422\n|switch|p1a: Ledian|Ledian, M|207/271\n|move|p2a: Typhlosion|Hidden Power|p1a: Ledian\n|-resisted|p1a: Ledian\n|-damage|p1a: Ledian|194/271\n|\n|-heal|p1a: Ledian|210/271|[from] item: Leftovers\n|upkeep\n|turn|16\n|\n|t:|1771267429\n|switch|p2a: Mightyena|Mightyena, L95, F|81/287\n|-ability|p2a: Mightyena|Intimidate|boost\n|-unboost|p1a: Ledian|atk|1\n|move|p1a: Ledian|Agility|p1a: Ledian\n|-boost|p1a: Ledian|spe|2\n|\n|-heal|p1a: Ledian|226/271|[from] item: Leftovers\n|-heal|p2a: Mightyena|98/287|[from] item: Leftovers\n|upkeep\n|turn|17\n|\n|t:|1771267436\n|move|p1a: Ledian|Swords Dance|p1a: Ledian\n|-boost|p1a: Ledian|atk|2\n|move|p2a: Mightyena|Crunch|p1a: Ledian\n|-damage|p1a: Ledian|87/271\n|\n|-heal|p1a: Ledian|103/271|[from] item: Leftovers\n|-heal|p2a: Mightyena|115/287|[from] item: Leftovers\n|upkeep\n|turn|18\n|\n|t:|1771267447\n|move|p1a: Ledian|Baton Pass|p1a: Ledian\n|\n|t:|1771267448\n|switch|p1a: Slowbro|Slowbro, L85, M|300/300|[from] Baton Pass\n|move|p2a: Mightyena|Crunch|p1a: Slowbro\n|-supereffective|p1a: Slowbro\n|-damage|p1a: Slowbro|124/300\n|\n|-heal|p1a: Slowbro|142/300|[from] item: Leftovers\n|-heal|p2a: Mightyena|132/287|[from] item: Leftovers\n|upkeep\n|turn|19\n|\n|t:|1771267467\n|move|p1a: Slowbro|Slack Off|p1a: Slowbro\n|-heal|p1a: Slowbro|292/300\n|move|p2a: Mightyena|Crunch|p1a: Slowbro\n|-supereffective|p1a: Slowbro\n|-crit|p1a: Slowbro\n|-damage|p1a: Slowbro|0 fnt\n|faint|p1a: Slowbro\n|\n|-heal|p2a: Mightyena|149/287|[from] item: Leftovers\n|upkeep\n|\n|t:|1771267475\n|switch|p1a: Rayquaza|Rayquaza, L72|270/270\n|turn|20\n|\n|t:|1771267480\n|switch|p2a: Milotic|Milotic, L81, M|287/287\n|move|p1a: Rayquaza|Outrage|p2a: Milotic\n|-damage|p2a: Milotic|98/287\n|-damage|p1a: Rayquaza|243/270|[from] item: Life Orb\n|\n|-heal|p2a: Milotic|115/287|[from] item: Leftovers\n|upkeep\n|turn|21\n|\n|t:|1771267491\n|move|p1a: Rayquaza|Outrage|p2a: Milotic|[from] lockedmove\n|-damage|p2a: Milotic|0 fnt\n|faint|p2a: Milotic\n|-damage|p1a: Rayquaza|216/270|[from] item: Life Orb\n|\n|-start|p1a: Rayquaza|confusion|[fatigue]\n|upkeep\n|\n|t:|1771267495\n|switch|p2a: Typhlosion|Typhlosion, L82, F|262/262\n|turn|22\n|\n|t:|1771267498\n|switch|p1a: Ledian|Ledian, M|103/271\n|move|p2a: Typhlosion|Eruption|p1a: Ledian\n|-supereffective|p1a: Ledian\n|-damage|p1a: Ledian|0 fnt\n|faint|p1a: Ledian\n|\n|upkeep\n|\n|t:|1771267502\n|switch|p1a: Rayquaza|Rayquaza, L72|216/270\n|turn|23\n|\n|t:|1771267507\n|move|p2a: Typhlosion|Eruption|p1a: Rayquaza\n|-resisted|p1a: Rayquaza\n|-damage|p1a: Rayquaza|66/270\n|move|p1a: Rayquaza|Earthquake|p2a: Typhlosion\n|-supereffective|p2a: Typhlosion\n|-damage|p2a: Typhlosion|64/262\n|-damage|p1a: Rayquaza|39/270|[from] item: Life Orb\n|\n|upkeep\n|turn|24\n|\n|t:|1771267514\n|move|p1a: Rayquaza|Extreme Speed|p2a: Typhlosion\n|-crit|p2a: Typhlosion\n|-damage|p2a: Typhlosion|0 fnt\n|faint|p2a: Typhlosion\n|-damage|p1a: Rayquaza|12/270|[from] item: Life Orb\n|\n|upkeep\n|\n|t:|1771267527\n|switch|p2a: Mightyena|Mightyena, L95, F|149/287\n|-ability|p2a: Mightyena|Intimidate|boost\n|-unboost|p1a: Rayquaza|atk|1\n|turn|25\n|\n|t:|1771267529\n|move|p2a: Mightyena|Sucker Punch|p1a: Rayquaza\n|-damage|p1a: Rayquaza|0 fnt\n|faint|p1a: Rayquaza\n|\n|-heal|p2a: Mightyena|166/287|[from] item: Leftovers\n|upkeep\n|\n|t:|1771267531\n|switch|p1a: Banette|Banette, L93, M|243/270\n|turn|26\n|c|☆TheBigWazowski|ggwp\n|\n|t:|1771267537\n|switch|p2a: Mewtwo|Mewtwo, L70|264/264\n|-ability|p2a: Mewtwo|Pressure\n|move|p1a: Banette|Hidden Power|p2a: Mewtwo\n|-resisted|p2a: Mewtwo\n|-damage|p2a: Mewtwo|224/264\n|-damage|p1a: Banette|216/270|[from] item: Life Orb\n|\n|upkeep\n|turn|27\n|c|☆clickdontthink|ggwp\n|\n|t:|1771267543\n|move|p1a: Banette|Shadow Sneak|p2a: Mewtwo\n|-supereffective|p2a: Mewtwo\n|-damage|p2a: Mewtwo|50/264\n|-damage|p1a: Banette|189/270|[from] item: Life Orb\n|move|p2a: Mewtwo|Psychic|p1a: Banette\n|-damage|p1a: Banette|35/270\n|-damage|p2a: Mewtwo|24/264|[from] item: Life Orb\n|\n|upkeep\n|turn|28\n|\n|t:|1771267549\n|move|p1a: Banette|Shadow Sneak|p2a: Mewtwo\n|-supereffective|p2a: Mewtwo\n|-damage|p2a: Mewtwo|0 fnt\n|faint|p2a: Mewtwo\n|-damage|p1a: Banette|8/270|[from] item: Life Orb\n|\n|upkeep\n|\n|t:|1771267550\n|switch|p2a: Mightyena|Mightyena, L95, F|166/287\n|-ability|p2a: Mightyena|Intimidate|boost\n|-unboost|p1a: Banette|atk|1\n|turn|29\n|\n|t:|1771267552\n|move|p2a: Mightyena|Crunch|p1a: Banette\n|-supereffective|p1a: Banette\n|-damage|p1a: Banette|0 fnt\n|faint|p1a: Banette\n|\n|win|clickdontthink\n|raw|TheBigWazowski's rating: 1681 &rarr; <strong>1659</strong><br />(-22 for losing)\n|raw|clickdontthink's rating: 1646 &rarr; <strong>1668</strong><br />(+22 for winning)\n|l|☆TheBigWazowski\n|player|p1|\n", "inputlog": ">version 686819e5e19f8a7fd2345cfc5a08a5085efa2cc3\n>start {\"formatid\":\"gen4randombattle\",\"seed\":\"sodium,25bc679dff0e480303867d09fb41e229\",\"rated\":\"Rated battle\"}\n>player p1 {\"name\":\"TheBigWazowski\",\"avatar\":\"aaron\",\"rating\":1681,\"seed\":\"sodium,4b6e590c2be9e52f365f8da9412e58db\"}\n>player p2 {\"name\":\"clickdontthink\",\"avatar\":\"bruno-gen2\",\"rating\":1646,\"seed\":\"sodium,f6ce087b862ec76fa001d5e0000b61af\"}\n>p1 switch 3\n>p2 switch 2\n>p1 move fireblast\n>p2 move superfang\n>p1 switch 5\n>p2 switch 4\n>p1 move swordsdance\n>p2 move icebeam\n>p1 move agility\n>p2 switch 6\n>p1 move batonpass\n>p2 move thunderbolt\n>p1 switch 4\n>p1 move thunderwave\n>p2 move thunderbolt\n>p1 move earthquake\n>p2 move thunderbolt\n>p2 switch 3\n>p1 move return\n>p2 move bravebird\n>p1 move return\n>p2 move bravebird\n>p1 switch 3\n>p1 move shadowsneak\n>p2 switch 4\n>p1 switch 5\n>p2 move crunch\n>p1 move suckerpunch\n>p2 move suckerpunch\n>p1 move fireblast\n>p2 switch 4\n>p1 switch 6\n>p2 switch 2\n>p1 switch 4\n>p2 move hiddenpower\n>p1 move agility\n>p2 switch 4\n>p1 move swordsdance\n>p2 move crunch\n>p1 move batonpass\n>p2 move crunch\n>p1 switch 4\n>p1 move slackoff\n>p2 move crunch\n>p1 switch 2\n>p1 move outrage\n>p2 switch 6\n>p1 move outrage\n>p2 move icebeam\n>p2 switch 4\n>p1 switch 4\n>p2 move eruption\n>p1 switch 4\n>p1 move earthquake\n>p2 move eruption\n>p1 move extremespeed\n>p2 move eruption\n>p2 switch 6\n>p1 move extremespeed\n>p2 move suckerpunch\n>p1 switch 5\n>chat ☆TheBigWazowski|ggwp\n>p1 move hiddenpower\n>p2 switch 5\n>chat ☆clickdontthink|ggwp\n>p1 move shadowsneak\n>p2 move psychic\n>p1 move shadowsneak\n>p2 move psychic\n>p2 switch 5\n>p1 move hiddenpower\n>p2 move crunch", "uploadtime": 1771267556, "views": 6, "formatid": "gen4randombattle", "rating": 1659, "private": 0, "password": null}