{"id": "gen9ou-2647821613", "format": "[Gen 9] OU", "players": ["OUBotBeepBoop", "okusora ayane"], "log": "|j|☆OUBotBeepBoop\n|j|☆okusora ayane\n|t:|1783818556\n|gametype|singles\n|player|p1|OUBotBeepBoop|102|1215\n|player|p2|okusora ayane|rosa|1243\n|gen|9\n|tier|[Gen 9] OU\n|rated|\n|rule|HP Percentage Mod: HP is shown in percentages\n|rule|Endless Battle Clause: Forcing endless battles is banned\n|rule|Species Clause: Limit one of each Pokémon\n|rule|OHKO Clause: OHKO moves are banned\n|rule|Evasion Items Clause: Evasion items are banned\n|rule|Evasion Moves Clause: Evasion moves are banned\n|rule|Evasion Abilities Clause: Evasion abilities are banned\n|rule|Sleep Moves Clause: Sleep-inducing moves are banned\n|clearpoke\n|poke|p1|Glimmora, M|\n|poke|p1|Great Tusk|\n|poke|p1|Kingambit, M|\n|poke|p1|Dragapult, M|\n|poke|p1|Clefable, F|\n|poke|p1|Corviknight, M|\n|poke|p2|Sableye, M|\n|poke|p2|Meowscarada, F|\n|poke|p2|Talonflame, M|\n|poke|p2|Cetitan, F|\n|poke|p2|Clodsire, F|\n|poke|p2|Alomomola, M|\n|teampreview\n|inactive|Battle timer is ON: inactive players will automatically lose when time's up. (requested by OUBotBeepBoop)\n|\n|t:|1783818567\n|teamsize|p1|6\n|teamsize|p2|6\n|start\n|switch|p1a: Glimmora|Glimmora, M|100/100\n|switch|p2a: Alomomola|Alomomola, M|100/100\n|turn|1\n|\n|t:|1783818569\n|move|p1a: Glimmora|Stealth Rock|p2a: Alomomola\n|-sidestart|p2: okusora ayane|move: Stealth Rock\n|move|p2a: Alomomola|Scald|p1a: Glimmora\n|-supereffective|p1a: Glimmora\n|-damage|p1a: Glimmora|61/100\n|\n|upkeep\n|turn|2\n|\n|t:|1783818575\n|switch|p1a: Dragapult|Dragapult, M|100/100\n|move|p2a: Alomomola|Scald|p1a: Dragapult\n|-resisted|p1a: Dragapult\n|-damage|p1a: Dragapult|91/100\n|-status|p1a: Dragapult|brn\n|\n|-damage|p1a: Dragapult|85/100 brn|[from] brn\n|upkeep\n|turn|3\n|\n|t:|1783818580\n|move|p1a: Dragapult|U-turn|p2a: Alomomola\n|-damage|p2a: Alomomola|95/100\n|\n|t:|1783818581\n|switch|p1a: Kingambit|Kingambit, M|100/100|[from] U-turn\n|move|p2a: Alomomola|Flip Turn|p1a: Kingambit\n|-damage|p1a: Kingambit|89/100\n|\n|t:|1783818584\n|switch|p2a: Talonflame|Talonflame, M|100/100|[from] Flip Turn\n|\n|upkeep\n|turn|4\n|\n|t:|1783818589\n|-end|p1a: Kingambit|fallenundefined|[silent]\n|switch|p1a: Glimmora|Glimmora, M|61/100\n|move|p2a: Talonflame|Defog|p1a: Glimmora\n|-unboost|p1a: Glimmora|evasion|1\n|-sideend|p2: okusora ayane|Stealth Rock|[from] move: Defog|[of] p2a: Talonflame\n|\n|upkeep\n|turn|5\n|\n|t:|1783818593\n|switch|p2a: Alomomola|Alomomola, M|100/100\n|move|p1a: Glimmora|Power Gem|p2a: Alomomola\n|-damage|p2a: Alomomola|69/100\n|\n|-heal|p2a: Alomomola|75/100|[from] item: Leftovers\n|upkeep\n|turn|6\n|\n|t:|1783818597\n|switch|p1a: Dragapult|Dragapult, M|85/100 brn\n|move|p2a: Alomomola|Scald|p1a: Dragapult\n|-resisted|p1a: Dragapult\n|-damage|p1a: Dragapult|76/100 brn\n|\n|-heal|p2a: Alomomola|81/100|[from] item: Leftovers\n|-damage|p1a: Dragapult|70/100 brn|[from] brn\n|upkeep\n|turn|7\n|\n|t:|1783818602\n|move|p2a: Alomomola|Protect|p2a: Alomomola\n|-singleturn|p2a: Alomomola|Protect\n|move|p1a: Dragapult|Draco Meteor|p2a: Alomomola\n|-activate|p2a: Alomomola|move: Protect\n|\n|-heal|p2a: Alomomola|87/100|[from] item: Leftovers\n|-damage|p1a: Dragapult|64/100 brn|[from] brn\n|upkeep\n|turn|8\n|\n|t:|1783818613\n|move|p1a: Dragapult|Draco Meteor|p2a: Alomomola\n|-damage|p2a: Alomomola|15/100\n|-unboost|p1a: Dragapult|spa|2\n|move|p2a: Alomomola|Wish|p2a: Alomomola\n|\n|-heal|p2a: Alomomola|21/100|[from] item: Leftovers\n|-damage|p1a: Dragapult|58/100 brn|[from] brn\n|upkeep\n|turn|9\n|\n|t:|1783818618\n|move|p2a: Alomomola|Protect|p2a: Alomomola\n|-singleturn|p2a: Alomomola|Protect\n|move|p1a: Dragapult|Draco Meteor|p2a: Alomomola\n|-activate|p2a: Alomomola|move: Protect\n|\n|-heal|p2a: Alomomola|71/100|[from] move: Wish|[wisher] Alomomola\n|-heal|p2a: Alomomola|78/100|[from] item: Leftovers\n|-damage|p1a: Dragapult|52/100 brn|[from] brn\n|upkeep\n|turn|10\n|\n|t:|1783818624\n|move|p1a: Dragapult|Draco Meteor|p2a: Alomomola\n|-damage|p2a: Alomomola|43/100\n|-unboost|p1a: Dragapult|spa|2\n|move|p2a: Alomomola|Wish|p2a: Alomomola\n|\n|-heal|p2a: Alomomola|50/100|[from] item: Leftovers\n|-damage|p1a: Dragapult|46/100 brn|[from] brn\n|upkeep\n|turn|11\n|\n|t:|1783818631\n|switch|p1a: Clefable|Clefable, F|100/100\n|move|p2a: Alomomola|Protect||[still]\n|-fail|p2a: Alomomola\n|\n|-heal|p2a: Alomomola|99/100|[from] move: Wish|[wisher] Alomomola\n|-heal|p2a: Alomomola|100/100|[from] item: Leftovers\n|upkeep\n|turn|12\n|\n|t:|1783818633\n|move|p2a: Alomomola|Protect|p2a: Alomomola\n|-singleturn|p2a: Alomomola|Protect\n|move|p1a: Clefable|Moonblast|p2a: Alomomola\n|-activate|p2a: Alomomola|move: Protect\n|\n|upkeep\n|turn|13\n|\n|t:|1783818637\n|move|p1a: Clefable|Moonblast|p2a: Alomomola\n|-damage|p2a: Alomomola|75/100\n|move|p2a: Alomomola|Flip Turn|p1a: Clefable\n|-damage|p1a: Clefable|87/100\n|\n|t:|1783818640\n|switch|p2a: Clodsire|Clodsire, F|100/100|[from] Flip Turn\n|\n|-heal|p1a: Clefable|93/100|[from] item: Leftovers\n|upkeep\n|turn|14\n|\n|t:|1783818642\n|switch|p1a: Great Tusk|Great Tusk|100/100\n|move|p2a: Clodsire|Toxic|p1a: Great Tusk\n|-status|p1a: Great Tusk|tox\n|\n|-damage|p1a: Great Tusk|94/100 tox|[from] psn\n|upkeep\n|turn|15\n|\n|t:|1783818647\n|switch|p2a: Alomomola|Alomomola, M|100/100\n|move|p1a: Great Tusk|Headlong Rush|p2a: Alomomola\n|-damage|p2a: Alomomola|53/100\n|-unboost|p1a: Great Tusk|def|1\n|-unboost|p1a: Great Tusk|spd|1\n|\n|-heal|p2a: Alomomola|59/100|[from] item: Leftovers\n|-damage|p1a: Great Tusk|82/100 tox|[from] psn\n|upkeep\n|turn|16\n|\n|t:|1783818654\n|-end|p1a: Great Tusk|Protosynthesis|[silent]\n|switch|p1a: Dragapult|Dragapult, M|46/100 brn\n|move|p2a: Alomomola|Protect||[still]\n|-fail|p2a: Alomomola\n|\n|-heal|p2a: Alomomola|65/100|[from] item: Leftovers\n|-damage|p1a: Dragapult|40/100 brn|[from] brn\n|upkeep\n|turn|17\n|\n|t:|1783818665\n|switch|p2a: Clodsire|Clodsire, F|100/100\n|move|p1a: Dragapult|Draco Meteor|p2a: Clodsire\n|-damage|p2a: Clodsire|47/100\n|-unboost|p1a: Dragapult|spa|2\n|\n|-damage|p1a: Dragapult|34/100 brn|[from] brn\n|upkeep\n|turn|18\n|\n|t:|1783818672\n|switch|p1a: Great Tusk|Great Tusk|82/100 tox\n|move|p2a: Clodsire|Recover|p2a: Clodsire\n|-heal|p2a: Clodsire|97/100\n|\n|-damage|p1a: Great Tusk|76/100 tox|[from] psn\n|upkeep\n|turn|19\n|\n|t:|1783818677\n|move|p2a: Clodsire|Protect|p2a: Clodsire\n|-singleturn|p2a: Clodsire|Protect\n|move|p1a: Great Tusk|Headlong Rush|p2a: Clodsire\n|-activate|p2a: Clodsire|move: Protect\n|\n|-damage|p1a: Great Tusk|63/100 tox|[from] psn\n|upkeep\n|turn|20\n|\n|t:|1783818684\n|switch|p2a: Talonflame|Talonflame, M|100/100\n|move|p1a: Great Tusk|Headlong Rush|p2a: Talonflame\n|-immune|p2a: Talonflame\n|\n|-damage|p1a: Great Tusk|45/100 tox|[from] psn\n|upkeep\n|turn|21\n|\n|t:|1783818694\n|-end|p1a: Great Tusk|Protosynthesis|[silent]\n|switch|p1a: Glimmora|Glimmora, M|61/100\n|move|p2a: Talonflame|U-turn|p1a: Glimmora\n|-resisted|p1a: Glimmora\n|-damage|p1a: Glimmora|51/100\n|-activate|p1a: Glimmora|ability: Toxic Debris\n|-sidestart|p2: okusora ayane|move: Toxic Spikes\n|\n|t:|1783818697\n|switch|p2a: Clodsire|Clodsire, F|97/100|[from] U-turn\n|-sideend|p2: okusora ayane|move: Toxic Spikes|[of] p2a: Clodsire\n|\n|upkeep\n|turn|22\n|\n|t:|1783818704\n|switch|p1a: Great Tusk|Great Tusk|45/100 tox\n|move|p2a: Clodsire|Earthquake|p1a: Great Tusk\n|-damage|p1a: Great Tusk|26/100 tox\n|\n|-damage|p1a: Great Tusk|20/100 tox|[from] psn\n|upkeep\n|turn|23\n|\n|t:|1783818708\n|move|p2a: Clodsire|Protect|p2a: Clodsire\n|-singleturn|p2a: Clodsire|Protect\n|move|p1a: Great Tusk|Headlong Rush|p2a: Clodsire\n|-activate|p2a: Clodsire|move: Protect\n|\n|-damage|p1a: Great Tusk|8/100 tox|[from] psn\n|upkeep\n|turn|24\n|\n|t:|1783818716\n|switch|p2a: Alomomola|Alomomola, M|98/100\n|move|p1a: Great Tusk|Headlong Rush|p2a: Alomomola\n|-damage|p2a: Alomomola|51/100\n|-unboost|p1a: Great Tusk|def|1\n|-unboost|p1a: Great Tusk|spd|1\n|\n|-heal|p2a: Alomomola|58/100|[from] item: Leftovers\n|-damage|p1a: Great Tusk|0 fnt|[from] psn\n|faint|p1a: Great Tusk\n|-end|p1a: Great Tusk|Protosynthesis|[silent]\n|upkeep\n|\n|t:|1783818716\n|switch|p1a: Dragapult|Dragapult, M|34/100 brn\n|turn|25\n|\n|t:|1783818731\n|move|p2a: Alomomola|Protect|p2a: Alomomola\n|-singleturn|p2a: Alomomola|Protect\n|move|p1a: Dragapult|Shadow Ball|p2a: Alomomola\n|-activate|p2a: Alomomola|move: Protect\n|\n|-heal|p2a: Alomomola|64/100|[from] item: Leftovers\n|-damage|p1a: Dragapult|28/100 brn|[from] brn\n|upkeep\n|turn|26\n|\n|t:|1783818739\n|move|p1a: Dragapult|Shadow Ball|p2a: Alomomola\n|-damage|p2a: Alomomola|22/100\n|-unboost|p2a: Alomomola|spd|1\n|move|p2a: Alomomola|Wish|p2a: Alomomola\n|\n|-heal|p2a: Alomomola|28/100|[from] item: Leftovers\n|-damage|p1a: Dragapult|22/100 brn|[from] brn\n|upkeep\n|turn|27\n|\n|t:|1783818743\n|move|p2a: Alomomola|Protect|p2a: Alomomola\n|-singleturn|p2a: Alomomola|Protect\n|move|p1a: Dragapult|Shadow Ball|p2a: Alomomola\n|-activate|p2a: Alomomola|move: Protect\n|\n|-heal|p2a: Alomomola|78/100|[from] move: Wish|[wisher] Alomomola\n|-heal|p2a: Alomomola|85/100|[from] item: Leftovers\n|-damage|p1a: Dragapult|16/100 brn|[from] brn\n|upkeep\n|turn|28\n|\n|t:|1783818752\n|switch|p2a: Clodsire|Clodsire, F|97/100\n|move|p1a: Dragapult|Shadow Ball|p2a: Clodsire\n|-damage|p2a: Clodsire|62/100\n|-unboost|p2a: Clodsire|spd|1\n|\n|-damage|p1a: Dragapult|10/100 brn|[from] brn\n|upkeep\n|turn|29\n|\n|t:|1783818755\n|switch|p1a: Corviknight|Corviknight, M|100/100\n|-ability|p1a: Corviknight|Pressure\n|move|p2a: Clodsire|Recover|p2a: Clodsire\n|-heal|p2a: Clodsire|100/100\n|\n|upkeep\n|turn|30\n|\n|t:|1783818760\n|switch|p2a: Sableye|Sableye, M|100/100\n|move|p1a: Corviknight|U-turn|p2a: Sableye\n|-damage|p2a: Sableye|79/100\n|\n|t:|1783818760\n|switch|p1a: Clefable|Clefable, F|93/100|[from] U-turn\n|\n|-heal|p1a: Clefable|99/100|[from] item: Leftovers\n|upkeep\n|turn|31\n|\n|t:|1783818767\n|switch|p2a: Clodsire|Clodsire, F|100/100\n|move|p1a: Clefable|Moonblast|p2a: Clodsire\n|-resisted|p2a: Clodsire\n|-damage|p2a: Clodsire|90/100\n|\n|-heal|p1a: Clefable|100/100|[from] item: Leftovers\n|upkeep\n|turn|32\n|\n|t:|1783818772\n|move|p1a: Clefable|Calm Mind|p1a: Clefable\n|-boost|p1a: Clefable|spa|1\n|-boost|p1a: Clefable|spd|1\n|move|p2a: Clodsire|Toxic|p1a: Clefable\n|-status|p1a: Clefable|tox\n|\n|-damage|p1a: Clefable|94/100 tox|[from] psn\n|upkeep\n|turn|33\n|\n|t:|1783818779\n|move|p2a: Clodsire|Protect|p2a: Clodsire\n|-singleturn|p2a: Clodsire|Protect\n|move|p1a: Clefable|Calm Mind|p1a: Clefable\n|-boost|p1a: Clefable|spa|1\n|-boost|p1a: Clefable|spd|1\n|\n|-heal|p1a: Clefable|100/100 tox|[from] item: Leftovers\n|-damage|p1a: Clefable|88/100 tox|[from] psn\n|upkeep\n|turn|34\n|\n|t:|1783818785\n|move|p1a: Clefable|Calm Mind|p1a: Clefable\n|-boost|p1a: Clefable|spa|1\n|-boost|p1a: Clefable|spd|1\n|move|p2a: Clodsire|Earthquake|p1a: Clefable\n|-damage|p1a: Clefable|68/100 tox\n|\n|-heal|p1a: Clefable|74/100 tox|[from] item: Leftovers\n|-damage|p1a: Clefable|56/100 tox|[from] psn\n|upkeep\n|turn|35\n|\n|t:|1783818796\n|move|p2a: Clodsire|Protect|p2a: Clodsire\n|-singleturn|p2a: Clodsire|Protect\n|move|p1a: Clefable|Flamethrower|p2a: Clodsire\n|-activate|p2a: Clodsire|move: Protect\n|\n|-heal|p1a: Clefable|62/100 tox|[from] item: Leftovers\n|-damage|p1a: Clefable|38/100 tox|[from] psn\n|upkeep\n|turn|36\n|\n|t:|1783818806\n|move|p1a: Clefable|Wish|p1a: Clefable\n|move|p2a: Clodsire|Earthquake|p1a: Clefable\n|-damage|p1a: Clefable|16/100 tox\n|\n|-heal|p1a: Clefable|23/100 tox|[from] item: Leftovers\n|-damage|p1a: Clefable|0 fnt|[from] psn\n|faint|p1a: Clefable\n|upkeep\n|\n|t:|1783818806\n|switch|p1a: Corviknight|Corviknight, M|100/100\n|-ability|p1a: Corviknight|Pressure\n|turn|37\n|\n|t:|1783818816\n|move|p1a: Corviknight|U-turn|p2a: Clodsire\n|-resisted|p2a: Clodsire\n|-damage|p2a: Clodsire|83/100\n|-damage|p1a: Corviknight|84/100|[from] item: Rocky Helmet|[of] p2a: Clodsire\n|\n|t:|1783818816\n|switch|p1a: Kingambit|Kingambit, M|89/100|[from] U-turn\n|-activate|p1a: Kingambit|ability: Supreme Overlord\n|-start|p1a: Kingambit|fallen2|[silent]\n|move|p2a: Clodsire|Toxic|p1a: Kingambit\n|-immune|p1a: Kingambit\n|\n|-heal|p1a: Kingambit|100/100|[from] move: Wish|[wisher] Clefable\n|upkeep\n|turn|38\n|\n|t:|1783818826\n|move|p1a: Kingambit|Kowtow Cleave|p2a: Clodsire\n|-damage|p2a: Clodsire|17/100\n|-damage|p1a: Kingambit|84/100|[from] item: Rocky Helmet|[of] p2a: Clodsire\n|move|p2a: Clodsire|Earthquake|p1a: Kingambit\n|-supereffective|p1a: Kingambit\n|-damage|p1a: Kingambit|44/100\n|\n|upkeep\n|turn|39\n|\n|t:|1783818833\n|move|p1a: Kingambit|Sucker Punch|p2a: Clodsire\n|-damage|p2a: Clodsire|0 fnt\n|-damage|p1a: Kingambit|27/100|[from] item: Rocky Helmet|[of] p2a: Clodsire\n|faint|p2a: Clodsire\n|\n|upkeep\n|\n|t:|1783818841\n|switch|p2a: Talonflame|Talonflame, M|100/100\n|turn|40\n|\n|t:|1783818846\n|-end|p1a: Kingambit|fallen2|[silent]\n|switch|p1a: Glimmora|Glimmora, M|51/100\n|move|p2a: Talonflame|Flare Blitz|p1a: Glimmora\n|-resisted|p1a: Glimmora\n|-damage|p1a: Glimmora|22/100\n|-activate|p1a: Glimmora|ability: Toxic Debris\n|-sidestart|p2: okusora ayane|move: Toxic Spikes\n|-damage|p2a: Talonflame|91/100|[from] Recoil\n|\n|upkeep\n|turn|41\n|\n|t:|1783818851\n|move|p2a: Talonflame|Flare Blitz|p1a: Glimmora\n|-resisted|p1a: Glimmora\n|-damage|p1a: Glimmora|0 fnt\n|-activate|p1a: Glimmora|ability: Toxic Debris\n|-sidestart|p2: okusora ayane|move: Toxic Spikes\n|faint|p1a: Glimmora\n|-damage|p2a: Talonflame|83/100|[from] Recoil\n|\n|upkeep\n|\n|t:|1783818852\n|switch|p1a: Dragapult|Dragapult, M|10/100 brn\n|turn|42\n|\n|t:|1783818866\n|switch|p2a: Alomomola|Alomomola, M|100/100\n|-status|p2a: Alomomola|tox\n|move|p1a: Dragapult|Draco Meteor|p2a: Alomomola\n|-damage|p2a: Alomomola|31/100 tox\n|-unboost|p1a: Dragapult|spa|2\n|\n|-heal|p2a: Alomomola|37/100 tox|[from] item: Leftovers\n|-damage|p2a: Alomomola|31/100 tox|[from] psn\n|-damage|p1a: Dragapult|4/100 brn|[from] brn\n|upkeep\n|turn|43\n|\n|t:|1783818868\n|move|p1a: Dragapult|Draco Meteor|p2a: Alomomola\n|-damage|p2a: Alomomola|0 fnt\n|-unboost|p1a: Dragapult|spa|2\n|faint|p2a: Alomomola\n|\n|-damage|p1a: Dragapult|0 fnt|[from] brn\n|faint|p1a: Dragapult\n|upkeep\n|\n|t:|1783818878\n|switch|p1a: Corviknight|Corviknight, M|84/100\n|switch|p2a: Sableye|Sableye, M|79/100\n|-ability|p1a: Corviknight|Pressure\n|-status|p2a: Sableye|tox\n|turn|44\n|\n|t:|1783818880\n|move|p2a: Sableye|Thunder Wave|p1a: Corviknight\n|-status|p1a: Corviknight|par\n|move|p1a: Corviknight|U-turn|p2a: Sableye\n|-damage|p2a: Sableye|57/100 tox\n|\n|t:|1783818880\n|switch|p1a: Kingambit|Kingambit, M|27/100|[from] U-turn\n|-activate|p1a: Kingambit|ability: Supreme Overlord\n|-start|p1a: Kingambit|fallen4|[silent]\n|\n|-damage|p2a: Sableye|51/100 tox|[from] psn\n|upkeep\n|turn|45\n|\n|t:|1783818885\n|move|p2a: Sableye|Foul Play|p1a: Kingambit\n|-resisted|p1a: Kingambit\n|-damage|p1a: Kingambit|7/100\n|move|p1a: Kingambit|Kowtow Cleave|p2a: Sableye\n|-damage|p2a: Sableye|0 fnt\n|faint|p2a: Sableye\n|\n|upkeep\n|\n|t:|1783818891\n|switch|p2a: Cetitan|Cetitan, F|100/100\n|-status|p2a: Cetitan|tox\n|turn|46\n|\n|t:|1783818894\n|-end|p1a: Kingambit|fallen4|[silent]\n|switch|p1a: Corviknight|Corviknight, M|84/100 par\n|-ability|p1a: Corviknight|Pressure\n|move|p2a: Cetitan|Ice Shard|p1a: Corviknight\n|-damage|p1a: Corviknight|73/100 par\n|\n|-heal|p1a: Corviknight|79/100 par|[from] item: Leftovers\n|-damage|p2a: Cetitan|94/100 tox|[from] psn\n|upkeep\n|turn|47\n|\n|t:|1783818898\n|-terastallize|p2a: Cetitan|Steel\n|move|p2a: Cetitan|Belly Drum|p2a: Cetitan\n|-damage|p2a: Cetitan|44/100 tox\n|-setboost|p2a: Cetitan|atk|6|[from] move: Belly Drum\n|-enditem|p2a: Cetitan|Sitrus Berry|[eat]\n|-heal|p2a: Cetitan|69/100 tox|[from] item: Sitrus Berry\n|move|p1a: Corviknight|Body Press|p2a: Cetitan\n|-supereffective|p2a: Cetitan\n|-damage|p2a: Cetitan|17/100 tox\n|\n|-heal|p1a: Corviknight|86/100 par|[from] item: Leftovers\n|-damage|p2a: Cetitan|4/100 tox|[from] psn\n|upkeep\n|turn|48\n|\n|t:|1783818908\n|move|p2a: Cetitan|Ice Shard|p1a: Corviknight\n|-damage|p1a: Corviknight|43/100 par\n|move|p1a: Corviknight|Body Press|p2a: Cetitan\n|-supereffective|p2a: Cetitan\n|-damage|p2a: Cetitan|0 fnt\n|faint|p2a: Cetitan\n|\n|-heal|p1a: Corviknight|49/100 par|[from] item: Leftovers\n|upkeep\n|\n|t:|1783818911\n|switch|p2a: Talonflame|Talonflame, M|83/100\n|turn|49\n|\n|t:|1783818913\n|switch|p1a: Kingambit|Kingambit, M|7/100\n|-activate|p1a: Kingambit|ability: Supreme Overlord\n|-start|p1a: Kingambit|fallen4|[silent]\n|move|p2a: Talonflame|Flare Blitz|p1a: Kingambit\n|-supereffective|p1a: Kingambit\n|-damage|p1a: Kingambit|0 fnt\n|faint|p1a: Kingambit\n|-end|p1a: Kingambit|fallen4|[silent]\n|-damage|p2a: Talonflame|80/100|[from] Recoil\n|\n|upkeep\n|\n|t:|1783818914\n|switch|p1a: Corviknight|Corviknight, M|49/100 par\n|-ability|p1a: Corviknight|Pressure\n|turn|50\n|\n|t:|1783818915\n|-terastallize|p1a: Corviknight|Fighting\n|move|p2a: Talonflame|Flare Blitz|p1a: Corviknight\n|-damage|p1a: Corviknight|22/100 par\n|-damage|p2a: Talonflame|68/100|[from] Recoil\n|cant|p1a: Corviknight|par\n|\n|-heal|p1a: Corviknight|28/100 par|[from] item: Leftovers\n|upkeep\n|turn|51\n|\n|t:|1783818921\n|move|p2a: Talonflame|Brave Bird|p1a: Corviknight\n|-supereffective|p1a: Corviknight\n|-damage|p1a: Corviknight|0 fnt\n|faint|p1a: Corviknight\n|-damage|p2a: Talonflame|56/100|[from] Recoil\n|\n|win|okusora ayane\n|raw|OUBotBeepBoop's rating: 1170 &rarr; <strong>1150</strong><br />(-20 for losing)\n|raw|okusora ayane's rating: 1243 &rarr; <strong>1263</strong><br />(+20 for winning)\n|l|☆OUBotBeepBoop\n|player|p1|\n|l|☆okusora ayane\n|player|p2|\n", "uploadtime": 1783819215, "views": 5, "formatid": "gen9ou", "rating": 1150, "private": 0, "password": null}