{"id": "gen9ou-2540927640", "format": "[Gen 9] OU", "players": ["alakazam darnold", "nushinator"], "log": "|j|‽alakazam darnold\n|j|☆nushinator\n|t:|1771267956\n|gametype|singles\n|player|p1|alakazam darnold|li|1646\n|player|p2|nushinator|bugcatcher-gen4dp|1711\n|gen|9\n|tier|[Gen 9] OU\n|rated|\n|rule|HP Percentage Mod: HP is shown in percentages\n|rule|Endless Battle Clause: Forcing endless battles is banned\n|rule|Species Clause: Limit one of each Pokémon\n|rule|OHKO Clause: OHKO moves are banned\n|rule|Evasion Items Clause: Evasion items are banned\n|rule|Evasion Moves Clause: Evasion moves are banned\n|rule|Evasion Abilities Clause: Evasion abilities are banned\n|rule|Sleep Moves Clause: Sleep-inducing moves are banned\n|clearpoke\n|poke|p1|Ninetales-Alola, M|\n|poke|p1|Raging Bolt|\n|poke|p1|Glimmora, M|\n|poke|p1|Kingambit, M|\n|poke|p1|Latias, F|\n|poke|p1|Ceruledge, M|\n|poke|p2|Ting-Lu|\n|poke|p2|Scizor, F|\n|poke|p2|Tornadus-Therian, M|\n|poke|p2|Raging Bolt|\n|poke|p2|Alomomola, M|\n|poke|p2|Hatterene, F|\n|teampreview\n|inactive|Battle timer is ON: inactive players will automatically lose when time's up. (requested by nushinator)\n|\n|t:|1771267960\n|teamsize|p1|6\n|teamsize|p2|6\n|start\n|switch|p1a: Glimmora|Glimmora, M|100/100\n|switch|p2a: Scizor|Scizor, F|100/100\n|turn|1\n|\n|t:|1771267963\n|move|p2a: Scizor|Bullet Punch|p1a: Glimmora\n|-supereffective|p1a: Glimmora\n|-damage|p1a: Glimmora|10/100\n|-activate|p1a: Glimmora|ability: Toxic Debris\n|-sidestart|p2: nushinator|move: Toxic Spikes\n|move|p1a: Glimmora|Stealth Rock|p2a: Scizor\n|-sidestart|p2: nushinator|move: Stealth Rock\n|\n|upkeep\n|turn|2\n|\n|t:|1771267967\n|move|p2a: Scizor|Bullet Punch|p1a: Glimmora\n|-supereffective|p1a: Glimmora\n|-damage|p1a: Glimmora|0 fnt\n|-activate|p1a: Glimmora|ability: Toxic Debris\n|-sidestart|p2: nushinator|move: Toxic Spikes\n|faint|p1a: Glimmora\n|\n|upkeep\n|\n|t:|1771267970\n|switch|p1a: Ceruledge|Ceruledge, M|100/100\n|turn|3\n|\n|t:|1771267981\n|switch|p2a: Raging Bolt|Raging Bolt|100/100\n|-status|p2a: Raging Bolt|tox\n|-damage|p2a: Raging Bolt|88/100 tox|[from] Stealth Rock\n|-enditem|p2a: Raging Bolt|Booster Energy\n|-activate|p2a: Raging Bolt|ability: Protosynthesis|[fromitem]\n|-start|p2a: Raging Bolt|protosynthesisspa\n|move|p1a: Ceruledge|Bulk Up|p1a: Ceruledge\n|-boost|p1a: Ceruledge|atk|1\n|-boost|p1a: Ceruledge|def|1\n|\n|-damage|p2a: Raging Bolt|82/100 tox|[from] psn\n|upkeep\n|turn|4\n|\n|t:|1771267995\n|move|p2a: Raging Bolt|Thunderbolt|p1a: Ceruledge\n|-damage|p1a: Ceruledge|49/100\n|move|p1a: Ceruledge|Bulk Up|p1a: Ceruledge\n|-boost|p1a: Ceruledge|atk|1\n|-boost|p1a: Ceruledge|def|1\n|\n|-damage|p2a: Raging Bolt|70/100 tox|[from] psn\n|upkeep\n|turn|5\n|\n|t:|1771268003\n|move|p2a: Raging Bolt|Thunderbolt|p1a: Ceruledge\n|-damage|p1a: Ceruledge|0 fnt\n|faint|p1a: Ceruledge\n|\n|-damage|p2a: Raging Bolt|51/100 tox|[from] psn\n|upkeep\n|\n|t:|1771268006\n|switch|p1a: Ninetales|Ninetales-Alola, M|100/100\n|-weather|Snowscape|[from] ability: Snow Warning|[of] p1a: Ninetales\n|turn|6\n|\n|t:|1771268009\n|move|p1a: Ninetales|Aurora Veil|p1a: Ninetales\n|-sidestart|p1: alakazam darnold|move: Aurora Veil\n|move|p2a: Raging Bolt|Thunderbolt|p1a: Ninetales\n|-damage|p1a: Ninetales|59/100\n|\n|-weather|Snowscape|[upkeep]\n|-damage|p2a: Raging Bolt|27/100 tox|[from] psn\n|upkeep\n|turn|7\n|\n|t:|1771268013\n|-end|p2a: Raging Bolt|Protosynthesis|[silent]\n|switch|p2a: Scizor|Scizor, F|100/100\n|move|p1a: Ninetales|Encore||[still]\n|-fail|p1a: Ninetales\n|\n|-weather|Snowscape|[upkeep]\n|upkeep\n|turn|8\n|\n|t:|1771268017\n|switch|p1a: Raging Bolt|Raging Bolt|100/100\n|-enditem|p1a: Raging Bolt|Booster Energy\n|-activate|p1a: Raging Bolt|ability: Protosynthesis|[fromitem]\n|-start|p1a: Raging Bolt|protosynthesisspa\n|move|p2a: Scizor|Defog|p1a: Raging Bolt\n|-unboost|p1a: Raging Bolt|evasion|1\n|-sideend|p1: alakazam darnold|move: Aurora Veil\n|-sideend|p2: nushinator|Toxic Spikes|[from] move: Defog|[of] p2a: Scizor\n|-sideend|p2: nushinator|Stealth Rock|[from] move: Defog|[of] p2a: Scizor\n|\n|-weather|Snowscape|[upkeep]\n|upkeep\n|turn|9\n|\n|t:|1771268020\n|switch|p2a: Ting-Lu|Ting-Lu|100/100\n|-ability|p2a: Ting-Lu|Vessel of Ruin\n|move|p1a: Raging Bolt|Calm Mind|p1a: Raging Bolt\n|-boost|p1a: Raging Bolt|spa|1\n|-boost|p1a: Raging Bolt|spd|1\n|\n|-weather|Snowscape|[upkeep]\n|upkeep\n|turn|10\n|\n|t:|1771268023\n|move|p1a: Raging Bolt|Dragon Pulse|p2a: Ting-Lu\n|-damage|p2a: Ting-Lu|58/100\n|move|p2a: Ting-Lu|Whirlwind|p1a: Raging Bolt\n|-end|p1a: Raging Bolt|Protosynthesis|[silent]\n|drag|p1a: Kingambit|Kingambit, M|100/100\n|-activate|p1a: Kingambit|ability: Supreme Overlord\n|-start|p1a: Kingambit|fallen2|[silent]\n|\n|-weather|none\n|-heal|p2a: Ting-Lu|65/100|[from] item: Leftovers\n|upkeep\n|turn|11\n|\n|t:|1771268029\n|-end|p1a: Kingambit|fallen2|[silent]\n|switch|p1a: Ninetales|Ninetales-Alola, M|59/100\n|-weather|Snowscape|[from] ability: Snow Warning|[of] p1a: Ninetales\n|move|p2a: Ting-Lu|Earthquake|p1a: Ninetales\n|-damage|p1a: Ninetales|20/100\n|\n|-weather|Snowscape|[upkeep]\n|-heal|p2a: Ting-Lu|71/100|[from] item: Leftovers\n|upkeep\n|turn|12\n|\n|t:|1771268032\n|move|p1a: Ninetales|Aurora Veil|p1a: Ninetales\n|-sidestart|p1: alakazam darnold|move: Aurora Veil\n|move|p2a: Ting-Lu|Stealth Rock|p1a: Ninetales\n|-sidestart|p1: alakazam darnold|move: Stealth Rock\n|\n|-weather|Snowscape|[upkeep]\n|-heal|p2a: Ting-Lu|77/100|[from] item: Leftovers\n|upkeep\n|turn|13\n|\n|t:|1771268034\n|switch|p2a: Scizor|Scizor, F|100/100\n|move|p1a: Ninetales|Blizzard|p2a: Scizor\n|-resisted|p2a: Scizor\n|-damage|p2a: Scizor|74/100\n|\n|-weather|Snowscape|[upkeep]\n|upkeep\n|turn|14\n|\n|t:|1771268038\n|move|p2a: Scizor|Bullet Punch|p1a: Ninetales\n|-supereffective|p1a: Ninetales\n|-damage|p1a: Ninetales|0 fnt\n|faint|p1a: Ninetales\n|\n|-weather|Snowscape|[upkeep]\n|upkeep\n|\n|t:|1771268039\n|switch|p1a: Latias|Latias, F|100/100\n|-damage|p1a: Latias|88/100|[from] Stealth Rock\n|turn|15\n|\n|t:|1771268044\n|switch|p2a: Ting-Lu|Ting-Lu|77/100\n|-ability|p2a: Ting-Lu|Vessel of Ruin\n|move|p1a: Latias|Agility|p1a: Latias\n|-boost|p1a: Latias|spe|2\n|\n|-weather|none\n|-heal|p2a: Ting-Lu|83/100|[from] item: Leftovers\n|upkeep\n|turn|16\n|\n|t:|1771268050\n|move|p1a: Latias|Calm Mind|p1a: Latias\n|-boost|p1a: Latias|spa|1\n|-boost|p1a: Latias|spd|1\n|move|p2a: Ting-Lu|Ruination|p1a: Latias\n|-damage|p1a: Latias|44/100\n|\n|-heal|p2a: Ting-Lu|89/100|[from] item: Leftovers\n|upkeep\n|turn|17\n|\n|t:|1771268058\n|-terastallize|p1a: Latias|Fairy\n|move|p1a: Latias|Draining Kiss|p2a: Ting-Lu\n|-supereffective|p2a: Ting-Lu\n|-damage|p2a: Ting-Lu|63/100\n|-heal|p1a: Latias|72/100|[from] drain|[of] p2a: Ting-Lu\n|move|p2a: Ting-Lu|Whirlwind|p1a: Latias\n|drag|p1a: Kingambit|Kingambit, M|100/100\n|-damage|p1a: Kingambit|94/100|[from] Stealth Rock\n|-activate|p1a: Kingambit|ability: Supreme Overlord\n|-start|p1a: Kingambit|fallen3|[silent]\n|\n|-heal|p2a: Ting-Lu|70/100|[from] item: Leftovers\n|upkeep\n|turn|18\n|\n|t:|1771268064\n|move|p1a: Kingambit|Swords Dance|p1a: Kingambit\n|-boost|p1a: Kingambit|atk|2\n|move|p2a: Ting-Lu|Ruination|p1a: Kingambit\n|-damage|p1a: Kingambit|47/100\n|\n|-heal|p2a: Ting-Lu|76/100|[from] item: Leftovers\n|upkeep\n|turn|19\n|\n|t:|1771268067\n|move|p1a: Kingambit|Low Kick|p2a: Ting-Lu\n|-supereffective|p2a: Ting-Lu\n|-damage|p2a: Ting-Lu|0 fnt\n|faint|p2a: Ting-Lu\n|\n|-sideend|p1: alakazam darnold|move: Aurora Veil\n|upkeep\n|\n|t:|1771268070\n|switch|p2a: Raging Bolt|Raging Bolt|27/100 tox\n|turn|20\n|\n|t:|1771268074\n|move|p1a: Kingambit|Sucker Punch|p2a: Raging Bolt\n|-damage|p2a: Raging Bolt|0 fnt\n|faint|p2a: Raging Bolt\n|-end|p2a: Raging Bolt|Protosynthesis|[silent]\n|\n|upkeep\n|\n|t:|1771268082\n|switch|p2a: Alomomola|Alomomola, M|100/100\n|turn|21\n|\n|t:|1771268086\n|move|p1a: Kingambit|Swords Dance|p1a: Kingambit\n|-boost|p1a: Kingambit|atk|2\n|move|p2a: Alomomola|Scald|p1a: Kingambit\n|-damage|p1a: Kingambit|33/100\n|-status|p1a: Kingambit|brn\n|\n|-damage|p1a: Kingambit|27/100 brn|[from] brn\n|upkeep\n|turn|22\n|\n|t:|1771268088\n|move|p1a: Kingambit|Swords Dance|p1a: Kingambit\n|-boost|p1a: Kingambit|atk|2\n|move|p2a: Alomomola|Scald|p1a: Kingambit\n|-damage|p1a: Kingambit|11/100 brn\n|\n|-damage|p1a: Kingambit|5/100 brn|[from] brn\n|upkeep\n|turn|23\n|\n|t:|1771268092\n|move|p1a: Kingambit|Kowtow Cleave|p2a: Alomomola\n|-damage|p2a: Alomomola|19/100\n|move|p2a: Alomomola|Flip Turn|p1a: Kingambit\n|-damage|p1a: Kingambit|0 fnt\n|faint|p1a: Kingambit\n|-end|p1a: Kingambit|fallen3|[silent]\n|\n|t:|1771268098\n|switch|p2a: Hatterene|Hatterene, F|100/100|[from] Flip Turn\n|\n|upkeep\n|\n|t:|1771268105\n|switch|p1a: Raging Bolt|Raging Bolt|100/100\n|-damage|p1a: Raging Bolt|88/100|[from] Stealth Rock\n|turn|24\n|\n|t:|1771268107\n|move|p1a: Raging Bolt|Calm Mind|p1a: Raging Bolt\n|-boost|p1a: Raging Bolt|spa|1\n|-boost|p1a: Raging Bolt|spd|1\n|move|p2a: Hatterene|Draining Kiss|p1a: Raging Bolt\n|-supereffective|p1a: Raging Bolt\n|-damage|p1a: Raging Bolt|59/100\n|\n|upkeep\n|turn|25\n|\n|t:|1771268110\n|move|p1a: Raging Bolt|Calm Mind|p1a: Raging Bolt\n|-boost|p1a: Raging Bolt|spa|1\n|-boost|p1a: Raging Bolt|spd|1\n|move|p2a: Hatterene|Draining Kiss|p1a: Raging Bolt\n|-supereffective|p1a: Raging Bolt\n|-damage|p1a: Raging Bolt|38/100\n|\n|upkeep\n|turn|26\n|\n|t:|1771268112\n|move|p1a: Raging Bolt|Thunderbolt|p2a: Hatterene\n|-damage|p2a: Hatterene|0 fnt\n|faint|p2a: Hatterene\n|\n|upkeep\n|\n|t:|1771268116\n|switch|p2a: Scizor|Scizor, F|74/100\n|turn|27\n|\n|t:|1771268121\n|move|p1a: Raging Bolt|Thunderclap|p2a: Scizor\n|-damage|p2a: Scizor|0 fnt\n|faint|p2a: Scizor\n|\n|upkeep\n|\n|t:|1771268122\n|switch|p2a: Tornadus|Tornadus-Therian, M|100/100\n|turn|28\n|\n|t:|1771268124\n|move|p1a: Raging Bolt|Thunderclap|p2a: Tornadus\n|-supereffective|p2a: Tornadus\n|-damage|p2a: Tornadus|0 fnt\n|faint|p2a: Tornadus\n|\n|upkeep\n|\n|t:|1771268127\n|switch|p2a: Alomomola|Alomomola, M|52/100\n|turn|29\n|\n|t:|1771268129\n|move|p1a: Raging Bolt|Thunderbolt|p2a: Alomomola\n|-supereffective|p2a: Alomomola\n|-damage|p2a: Alomomola|0 fnt\n|faint|p2a: Alomomola\n|\n|win|alakazam darnold\n|raw|alakazam darnold's rating: 1646 &rarr; <strong>1670</strong><br />(+24 for winning)\n|raw|nushinator's rating: 1711 &rarr; <strong>1687</strong><br />(-24 for losing)\n|c|☆nushinator|gg\n|l|☆nushinator\n|player|p2|\n|l|‽alakazam darnold\n|player|p1|\n", "uploadtime": 1771268370, "views": 4, "formatid": "gen9ou", "rating": 1670, "private": 0, "password": null}