{"id": "gen9ou-2540682344", "format": "[Gen 9] OU", "players": ["hbgzd", "oehtwashere"], "log": "|j|☆hbgzd\n|j|‽oehtwashere\n|t:|1771239510\n|gametype|singles\n|player|p1|hbgzd|zinnia|1735\n|player|p2|oehtwashere|ryuki|1700\n|gen|9\n|tier|[Gen 9] OU\n|rated|\n|rule|HP Percentage Mod: HP is shown in percentages\n|rule|Endless Battle Clause: Forcing endless battles is banned\n|rule|Species Clause: Limit one of each Pokémon\n|rule|OHKO Clause: OHKO moves are banned\n|rule|Evasion Items Clause: Evasion items are banned\n|rule|Evasion Moves Clause: Evasion moves are banned\n|rule|Evasion Abilities Clause: Evasion abilities are banned\n|rule|Sleep Moves Clause: Sleep-inducing moves are banned\n|clearpoke\n|poke|p1|Rillaboom, M|\n|poke|p1|Iron Crown|\n|poke|p1|Serperior, F|\n|poke|p1|Zamazenta-*|\n|poke|p1|Heatran, M|\n|poke|p1|Great Tusk|\n|poke|p2|Volcanion|\n|poke|p2|Rotom-Heat|\n|poke|p2|Cinderace, M|\n|poke|p2|Talonflame, M|\n|poke|p2|Heatran, F|\n|poke|p2|Arcanine-Hisui, M|\n|teampreview\n|inactive|Battle timer is ON: inactive players will automatically lose when time's up. (requested by oehtwashere)\n|j| donothan dozo\n|j| nonchalantbufalant\n|inactive|hbgzd has 120 seconds left.\n|c| donothan dozo|oh my mono fire\n|\n|t:|1771239562\n|teamsize|p1|6\n|teamsize|p2|6\n|start\n|switch|p1a: Serperior|Serperior, F|100/100\n|switch|p2a: Talonflame|Talonflame, M|100/100\n|turn|1\n|j| beeboobaa\n|\n|t:|1771239580\n|switch|p1a: Heatran|Heatran, M|100/100\n|-item|p1a: Heatran|Air Balloon\n|move|p2a: Talonflame|Flamethrower|p1a: Heatran\n|-start|p1a: Heatran|ability: Flash Fire\n|\n|upkeep\n|turn|2\n|\n|t:|1771239587\n|switch|p2a: Volcanion|Volcanion|100/100\n|move|p1a: Heatran|Magma Storm|p2a: Volcanion\n|-resisted|p2a: Volcanion\n|-damage|p2a: Volcanion|83/100\n|-activate|p2a: Volcanion|move: Magma Storm|[of] p1a: Heatran\n|\n|-damage|p2a: Volcanion|71/100|[from] move: Magma Storm|[partiallytrapped]\n|upkeep\n|turn|3\n|\n|t:|1771239591\n|-end|p1a: Heatran|ability: Flash Fire|[silent]\n|switch|p1a: Rillaboom|Rillaboom, M, shiny|100/100\n|-fieldstart|move: Grassy Terrain|[from] ability: Grassy Surge|[of] p1a: Rillaboom\n|move|p2a: Volcanion|Steam Eruption|p1a: Rillaboom\n|-resisted|p1a: Rillaboom\n|-damage|p1a: Rillaboom|70/100\n|\n|-heal|p1a: Rillaboom|76/100|[from] Grassy Terrain\n|-heal|p2a: Volcanion|77/100|[from] Grassy Terrain\n|-end|p2a: Volcanion|Magma Storm|[partiallytrapped]|[silent]\n|upkeep\n|turn|4\n|\n|t:|1771239594\n|switch|p2a: Talonflame|Talonflame, M|100/100\n|move|p1a: Rillaboom|Knock Off|p2a: Talonflame\n|-damage|p2a: Talonflame|52/100\n|-status|p1a: Rillaboom|brn|[from] ability: Flame Body|[of] p2a: Talonflame\n|-enditem|p2a: Talonflame|Heavy-Duty Boots|[from] move: Knock Off|[of] p1a: Rillaboom\n|-damage|p1a: Rillaboom|66/100 brn|[from] item: Life Orb\n|\n|-heal|p1a: Rillaboom|72/100 brn|[from] Grassy Terrain\n|-damage|p1a: Rillaboom|66/100 brn|[from] brn\n|upkeep\n|turn|5\n|\n|t:|1771239601\n|switch|p1a: Heatran|Heatran, M|100/100\n|-item|p1a: Heatran|Air Balloon\n|move|p2a: Talonflame|Roost|p2a: Talonflame\n|-heal|p2a: Talonflame|100/100\n|-singleturn|p2a: Talonflame|move: Roost\n|\n|upkeep\n|turn|6\n|\n|t:|1771239605\n|switch|p2a: Cinderace|Cinderace, M|100/100\n|move|p1a: Heatran|Stealth Rock|p2a: Cinderace\n|-sidestart|p2: oehtwashere|move: Stealth Rock\n|\n|upkeep\n|turn|7\n|\n|t:|1771239609\n|move|p2a: Cinderace|High Jump Kick|p1a: Heatran|[miss]\n|-start|p2a: Cinderace|typechange|Fighting|[from] ability: Libero\n|-miss|p2a: Cinderace|p1a: Heatran\n|-damage|p2a: Cinderace|51/100|[from] highjumpkick\n|move|p1a: Heatran|Will-O-Wisp|p2a: Cinderace|[miss]\n|-miss|p1a: Heatran|p2a: Cinderace\n|\n|-heal|p2a: Cinderace|57/100|[from] Grassy Terrain\n|-fieldend|move: Grassy Terrain\n|upkeep\n|turn|8\n|\n|t:|1771239616\n|move|p2a: Cinderace|Court Change|p2a: Cinderace\n|-swapsideconditions\n|-activate|p2a: Cinderace|move: Court Change\n|move|p1a: Heatran|Will-O-Wisp|p2a: Cinderace\n|-status|p2a: Cinderace|brn\n|\n|-damage|p2a: Cinderace|51/100 brn|[from] brn\n|upkeep\n|turn|9\n|\n|t:|1771239620\n|move|p2a: Cinderace|High Jump Kick|p1a: Heatran\n|-supereffective|p1a: Heatran\n|-damage|p1a: Heatran|46/100\n|-enditem|p1a: Heatran|Air Balloon\n|move|p1a: Heatran|Stealth Rock|p2a: Cinderace\n|-sidestart|p2: oehtwashere|move: Stealth Rock\n|\n|-damage|p2a: Cinderace|45/100 brn|[from] brn\n|upkeep\n|turn|10\n|\n|t:|1771239634\n|switch|p1a: Rillaboom|Rillaboom, M, shiny|66/100 brn\n|-damage|p1a: Rillaboom|54/100 brn|[from] Stealth Rock\n|-fieldstart|move: Grassy Terrain|[from] ability: Grassy Surge|[of] p1a: Rillaboom\n|move|p2a: Cinderace|High Jump Kick|p1a: Rillaboom\n|-damage|p1a: Rillaboom|17/100 brn\n|\n|-heal|p2a: Cinderace|51/100 brn|[from] Grassy Terrain\n|-heal|p1a: Rillaboom|23/100 brn|[from] Grassy Terrain\n|-damage|p2a: Cinderace|45/100 brn|[from] brn\n|-damage|p1a: Rillaboom|17/100 brn|[from] brn\n|upkeep\n|turn|11\n|\n|t:|1771239645\n|switch|p2a: Talonflame|Talonflame, M|100/100\n|-damage|p2a: Talonflame|51/100|[from] Stealth Rock\n|move|p1a: Rillaboom|Knock Off|p2a: Talonflame\n|-damage|p2a: Talonflame|35/100\n|-damage|p1a: Rillaboom|7/100 brn|[from] item: Life Orb\n|\n|-heal|p1a: Rillaboom|13/100 brn|[from] Grassy Terrain\n|-damage|p1a: Rillaboom|7/100 brn|[from] brn\n|upkeep\n|turn|12\n|\n|t:|1771239653\n|switch|p1a: Heatran|Heatran, M|46/100\n|-damage|p1a: Heatran|33/100|[from] Stealth Rock\n|move|p2a: Talonflame|Defog|p1a: Heatran\n|-unboost|p1a: Heatran|evasion|1\n|-sideend|p1: hbgzd|Stealth Rock|[from] move: Defog|[of] p2a: Talonflame\n|-sideend|p2: oehtwashere|Stealth Rock|[from] move: Defog|[of] p2a: Talonflame\n|-fieldend|move: Grassy Terrain\n|\n|upkeep\n|turn|13\n|\n|t:|1771239657\n|move|p2a: Talonflame|Roost|p2a: Talonflame\n|-heal|p2a: Talonflame|85/100\n|-singleturn|p2a: Talonflame|move: Roost\n|move|p1a: Heatran|Stealth Rock|p2a: Talonflame\n|-sidestart|p2: oehtwashere|move: Stealth Rock\n|\n|upkeep\n|turn|14\n|\n|t:|1771239668\n|switch|p2a: Cinderace|Cinderace, M|45/100 brn\n|switch|p1a: Rillaboom|Rillaboom, M, shiny|7/100 brn\n|-fieldstart|move: Grassy Terrain|[from] ability: Grassy Surge|[of] p1a: Rillaboom\n|\n|-heal|p2a: Cinderace|51/100 brn|[from] Grassy Terrain\n|-heal|p1a: Rillaboom|13/100 brn|[from] Grassy Terrain\n|-damage|p2a: Cinderace|45/100 brn|[from] brn\n|-damage|p1a: Rillaboom|7/100 brn|[from] brn\n|upkeep\n|turn|15\n|\n|t:|1771239673\n|switch|p1a: Iron Crown|Iron Crown|100/100\n|-enditem|p1a: Iron Crown|Grassy Seed\n|-boost|p1a: Iron Crown|def|1|[from] item: Grassy Seed\n|move|p2a: Cinderace|Court Change|p2a: Cinderace\n|-start|p2a: Cinderace|typechange|Normal|[from] ability: Libero\n|-swapsideconditions\n|-activate|p2a: Cinderace|move: Court Change\n|\n|-heal|p2a: Cinderace|51/100 brn|[from] Grassy Terrain\n|-damage|p2a: Cinderace|45/100 brn|[from] brn\n|upkeep\n|turn|16\n|\n|t:|1771239679\n|switch|p2a: Heatran|Heatran, F|100/100\n|move|p1a: Iron Crown|Calm Mind|p1a: Iron Crown\n|-boost|p1a: Iron Crown|spa|1\n|-boost|p1a: Iron Crown|spd|1\n|\n|upkeep\n|turn|17\n|\n|t:|1771239685\n|-terastallize|p1a: Iron Crown|Fighting\n|move|p1a: Iron Crown|Agility|p1a: Iron Crown\n|-boost|p1a: Iron Crown|spe|2\n|move|p2a: Heatran|Magma Storm|p1a: Iron Crown\n|-damage|p1a: Iron Crown|73/100\n|-activate|p1a: Iron Crown|move: Magma Storm|[of] p2a: Heatran\n|\n|-heal|p1a: Iron Crown|80/100|[from] Grassy Terrain\n|-damage|p1a: Iron Crown|67/100|[from] move: Magma Storm|[partiallytrapped]\n|upkeep\n|turn|18\n|\n|t:|1771239696\n|move|p2a: Heatran|Protect|p2a: Heatran\n|-singleturn|p2a: Heatran|Protect\n|move|p1a: Iron Crown|Focus Blast|p2a: Heatran\n|-activate|p2a: Heatran|move: Protect\n|\n|-heal|p1a: Iron Crown|73/100|[from] Grassy Terrain\n|-damage|p1a: Iron Crown|61/100|[from] move: Magma Storm|[partiallytrapped]\n|-fieldend|move: Grassy Terrain\n|upkeep\n|turn|19\n|\n|t:|1771239705\n|-terastallize|p2a: Heatran|Grass\n|move|p1a: Iron Crown|Stored Power|p2a: Heatran\n|-damage|p2a: Heatran|48/100\n|move|p2a: Heatran|Magma Storm|p1a: Iron Crown\n|-damage|p1a: Iron Crown|34/100\n|\n|-heal|p2a: Heatran|54/100|[from] item: Leftovers\n|-damage|p1a: Iron Crown|21/100|[from] move: Magma Storm|[partiallytrapped]\n|upkeep\n|turn|20\n|\n|t:|1771239718\n|move|p2a: Heatran|Protect|p2a: Heatran\n|-singleturn|p2a: Heatran|Protect\n|move|p1a: Iron Crown|Calm Mind|p1a: Iron Crown\n|-boost|p1a: Iron Crown|spa|1\n|-boost|p1a: Iron Crown|spd|1\n|\n|-heal|p2a: Heatran|60/100|[from] item: Leftovers\n|-damage|p1a: Iron Crown|9/100|[from] move: Magma Storm|[partiallytrapped]\n|upkeep\n|turn|21\n|\n|t:|1771239725\n|switch|p2a: Cinderace|Cinderace, M|45/100 brn\n|move|p1a: Iron Crown|Stored Power|p2a: Cinderace\n|-damage|p2a: Cinderace|0 fnt\n|faint|p2a: Cinderace\n|\n|-end|p1a: Iron Crown|Magma Storm|[partiallytrapped]\n|upkeep\n|\n|t:|1771239727\n|switch|p2a: Arcanine|Arcanine-Hisui, M|100/100\n|turn|22\n|\n|t:|1771239733\n|move|p2a: Arcanine|Extreme Speed|p1a: Iron Crown\n|-damage|p1a: Iron Crown|0 fnt\n|faint|p1a: Iron Crown\n|-end|p1a: Iron Crown|Quark Drive|[silent]\n|\n|upkeep\n|\n|t:|1771239739\n|switch|p1a: Great Tusk|Great Tusk|100/100\n|-damage|p1a: Great Tusk|97/100|[from] Stealth Rock\n|-enditem|p1a: Great Tusk|Booster Energy\n|-activate|p1a: Great Tusk|ability: Protosynthesis|[fromitem]\n|-start|p1a: Great Tusk|protosynthesisspe\n|turn|23\n|\n|t:|1771239746\n|switch|p2a: Heatran|Heatran, F, tera:Grass|60/100\n|move|p1a: Great Tusk|Bulk Up|p1a: Great Tusk\n|-boost|p1a: Great Tusk|atk|1\n|-boost|p1a: Great Tusk|def|1\n|\n|-heal|p2a: Heatran|66/100|[from] item: Leftovers\n|upkeep\n|turn|24\n|\n|t:|1771239751\n|move|p1a: Great Tusk|Stone Edge|p2a: Heatran\n|-damage|p2a: Heatran|28/100\n|move|p2a: Heatran|Magma Storm|p1a: Great Tusk\n|-damage|p1a: Great Tusk|42/100\n|-activate|p1a: Great Tusk|move: Magma Storm|[of] p2a: Heatran\n|\n|-heal|p2a: Heatran|34/100|[from] item: Leftovers\n|-damage|p1a: Great Tusk|29/100|[from] move: Magma Storm|[partiallytrapped]\n|upkeep\n|turn|25\n|\n|t:|1771239759\n|move|p2a: Heatran|Protect|p2a: Heatran\n|-singleturn|p2a: Heatran|Protect\n|move|p1a: Great Tusk|Bulk Up|p1a: Great Tusk\n|-boost|p1a: Great Tusk|atk|1\n|-boost|p1a: Great Tusk|def|1\n|\n|-heal|p2a: Heatran|40/100|[from] item: Leftovers\n|-damage|p1a: Great Tusk|17/100|[from] move: Magma Storm|[partiallytrapped]\n|upkeep\n|turn|26\n|\n|t:|1771239763\n|move|p1a: Great Tusk|Stone Edge|p2a: Heatran\n|-damage|p2a: Heatran|0 fnt\n|faint|p2a: Heatran\n|\n|-end|p1a: Great Tusk|Magma Storm|[partiallytrapped]|[silent]\n|upkeep\n|\n|t:|1771239776\n|switch|p2a: Volcanion|Volcanion|77/100\n|turn|27\n|\n|t:|1771239780\n|move|p1a: Great Tusk|Stone Edge|p2a: Volcanion\n|-supereffective|p2a: Volcanion\n|-damage|p2a: Volcanion|8/100\n|move|p2a: Volcanion|Fire Spin|p1a: Great Tusk\n|-damage|p1a: Great Tusk|0 fnt\n|faint|p1a: Great Tusk\n|-end|p1a: Great Tusk|Protosynthesis|[silent]\n|\n|upkeep\n|c| nonchalantbufalant|Wow how tanky is that thing wtf\n|\n|t:|1771239794\n|switch|p1a: Serperior|Serperior, F|100/100\n|-damage|p1a: Serperior|88/100|[from] Stealth Rock\n|turn|28\n|\n|t:|1771239797\n|move|p1a: Serperior|Leaf Storm|p2a: Volcanion\n|-damage|p2a: Volcanion|0 fnt\n|-boost|p1a: Serperior|spa|2\n|faint|p2a: Volcanion\n|\n|upkeep\n|\n|t:|1771239802\n|switch|p2a: Rotom|Rotom-Heat|100/100\n|turn|29\n|\n|t:|1771239807\n|move|p1a: Serperior|Leaf Storm|p2a: Rotom\n|-resisted|p2a: Rotom\n|-damage|p2a: Rotom|40/100\n|-boost|p1a: Serperior|spa|2\n|move|p2a: Rotom|Thunderbolt|p1a: Serperior\n|-resisted|p1a: Serperior\n|-damage|p1a: Serperior|63/100\n|\n|upkeep\n|turn|30\n|\n|t:|1771239810\n|move|p1a: Serperior|Leaf Storm|p2a: Rotom\n|-resisted|p2a: Rotom\n|-damage|p2a: Rotom|0 fnt\n|-boost|p1a: Serperior|spa|2\n|faint|p2a: Rotom\n|\n|upkeep\n|\n|t:|1771239811\n|switch|p2a: Talonflame|Talonflame, M|85/100\n|turn|31\n|\n|t:|1771239814\n|move|p1a: Serperior|Leaf Storm|p2a: Talonflame\n|-resisted|p2a: Talonflame\n|-damage|p2a: Talonflame|24/100\n|move|p2a: Talonflame|Flamethrower|p1a: Serperior\n|-supereffective|p1a: Serperior\n|-damage|p1a: Serperior|7/100\n|\n|upkeep\n|turn|32\n|\n|t:|1771239817\n|move|p1a: Serperior|Leaf Storm|p2a: Talonflame\n|-resisted|p2a: Talonflame\n|-damage|p2a: Talonflame|0 fnt\n|faint|p2a: Talonflame\n|\n|upkeep\n|\n|t:|1771239818\n|switch|p2a: Arcanine|Arcanine-Hisui, M|100/100\n|turn|33\n|\n|t:|1771239819\n|move|p2a: Arcanine|Extreme Speed|p1a: Serperior\n|-damage|p1a: Serperior|0 fnt\n|faint|p1a: Serperior\n|\n|upkeep\n|\n|t:|1771239821\n|switch|p1a: Zamazenta|Zamazenta|100/100\n|-damage|p1a: Zamazenta|94/100|[from] Stealth Rock\n|-ability|p1a: Zamazenta|Dauntless Shield|boost\n|-boost|p1a: Zamazenta|def|1\n|turn|34\n|\n|t:|1771239823\n|move|p2a: Arcanine|Extreme Speed|p1a: Zamazenta\n|-damage|p1a: Zamazenta|74/100\n|move|p1a: Zamazenta|Body Press|p2a: Arcanine\n|-supereffective|p2a: Arcanine\n|-damage|p2a: Arcanine|0 fnt\n|faint|p2a: Arcanine\n|\n|win|hbgzd\n|raw|hbgzd's rating: 1735 &rarr; <strong>1753</strong><br />(+18 for winning)\n|raw|oehtwashere's rating: 1700 &rarr; <strong>1682</strong><br />(-18 for losing)\n|l|‽oehtwashere\n|player|p2|\n|c|☆hbgzd|GG\n|l| donothan dozo\n|j| fuguier\n|j| www132\n|l| fuguier\n|j| xiaojy\n|l| xiaojy\n|l| www132\n|l|☆hbgzd\n|player|p1|\n", "uploadtime": 1771239829, "views": 11, "formatid": "gen9ou", "rating": 1682, "private": 0, "password": null}