{"id": "gen9ou-2540625800", "format": "[Gen 9] OU", "players": ["Arboks Fangs", "xxxDusk"], "log": "|j|‽Arboks Fangs\n|j|☆xxxDusk\n|t:|1771229730\n|gametype|singles\n|player|p1|Arboks Fangs|fantina|1674\n|player|p2|xxxDusk|silver|1609\n|gen|9\n|tier|[Gen 9] OU\n|rated|\n|rule|HP Percentage Mod: HP is shown in percentages\n|rule|Endless Battle Clause: Forcing endless battles is banned\n|rule|Species Clause: Limit one of each Pokémon\n|rule|OHKO Clause: OHKO moves are banned\n|rule|Evasion Items Clause: Evasion items are banned\n|rule|Evasion Moves Clause: Evasion moves are banned\n|rule|Evasion Abilities Clause: Evasion abilities are banned\n|rule|Sleep Moves Clause: Sleep-inducing moves are banned\n|clearpoke\n|poke|p1|Ninetales-Alola, M|\n|poke|p1|Klefki, M|\n|poke|p1|Maushold-Four|\n|poke|p1|Latias, F|\n|poke|p1|Okidogi, M|\n|poke|p1|Kyurem|\n|poke|p2|Kyurem|\n|poke|p2|Kingambit, M|\n|poke|p2|Samurott-Hisui, F|\n|poke|p2|Iron Valiant|\n|poke|p2|Dragapult, F|\n|poke|p2|Iron Moth|\n|teampreview\n|inactive|Battle timer is ON: inactive players will automatically lose when time's up. (requested by Arboks Fangs)\n|j| dsekop\n|inactive|xxxDusk has 120 seconds left.\n|\n|t:|1771229792\n|teamsize|p1|6\n|teamsize|p2|6\n|start\n|switch|p1a: Klefki|Klefki, M|100/100\n|switch|p2a: Iron Moth|Iron Moth|100/100\n|-enditem|p2a: Iron Moth|Booster Energy\n|-activate|p2a: Iron Moth|ability: Quark Drive|[fromitem]\n|-start|p2a: Iron Moth|quarkdrivespe\n|turn|1\n|inactive|Arboks Fangs has 120 seconds left.\n|\n|t:|1771229829\n|move|p1a: Klefki|Light Screen|p1a: Klefki\n|-sidestart|p1: Arboks Fangs|move: Light Screen\n|move|p2a: Iron Moth|Substitute|p2a: Iron Moth\n|-start|p2a: Iron Moth|Substitute\n|-damage|p2a: Iron Moth|76/100\n|\n|upkeep\n|turn|2\n|\n|t:|1771229832\n|switch|p1a: Maushold|Maushold-Four|100/100\n|move|p2a: Iron Moth|Fiery Dance|p1a: Maushold\n|-damage|p1a: Maushold|72/100\n|\n|upkeep\n|turn|3\n|\n|t:|1771229839\n|-end|p2a: Iron Moth|Quark Drive|[silent]\n|switch|p2a: Dragapult|Dragapult, F|100/100\n|move|p1a: Maushold|Population Bomb|p2a: Dragapult\n|-immune|p2a: Dragapult\n|\n|upkeep\n|turn|4\n|\n|t:|1771229848\n|switch|p1a: Klefki|Klefki, M|100/100\n|-terastallize|p2a: Dragapult|Ghost\n|move|p2a: Dragapult|Tera Blast|p1a: Klefki|[anim] Tera Blast Ghost\n|-damage|p1a: Klefki|10/100\n|\n|upkeep\n|turn|5\n|\n|t:|1771229861\n|switch|p2a: Samurott|Samurott-Hisui, F|100/100\n|move|p1a: Klefki|Thunder Wave|p2a: Samurott\n|-hint|Since gen 7, Dark is immune to Prankster moves.\n|-immune|p2a: Samurott\n|\n|upkeep\n|turn|6\n|\n|t:|1771229864\n|switch|p1a: Ninetales|Ninetales-Alola, M|100/100\n|-weather|Snowscape|[from] ability: Snow Warning|[of] p1a: Ninetales\n|move|p2a: Samurott|Ceaseless Edge|p1a: Ninetales\n|-resisted|p1a: Ninetales\n|-damage|p1a: Ninetales|83/100\n|-sidestart|p1: Arboks Fangs|Spikes\n|\n|-weather|Snowscape|[upkeep]\n|upkeep\n|turn|7\n|\n|t:|1771229869\n|move|p1a: Ninetales|Aurora Veil|p1a: Ninetales\n|-sidestart|p1: Arboks Fangs|move: Aurora Veil\n|move|p2a: Samurott|Ceaseless Edge|p1a: Ninetales\n|-resisted|p1a: Ninetales\n|-damage|p1a: Ninetales|73/100\n|-sidestart|p1: Arboks Fangs|Spikes\n|\n|-weather|Snowscape|[upkeep]\n|upkeep\n|turn|8\n|\n|t:|1771229872\n|move|p1a: Ninetales|Freeze-Dry|p2a: Samurott\n|-supereffective|p2a: Samurott\n|-damage|p2a: Samurott|36/100\n|move|p2a: Samurott|Ceaseless Edge|p1a: Ninetales\n|-resisted|p1a: Ninetales\n|-damage|p1a: Ninetales|64/100\n|-sidestart|p1: Arboks Fangs|Spikes\n|\n|-weather|Snowscape|[upkeep]\n|-sideend|p1: Arboks Fangs|move: Light Screen\n|upkeep\n|turn|9\n|\n|t:|1771229877\n|switch|p2a: Iron Moth|Iron Moth|76/100\n|move|p1a: Ninetales|Freeze-Dry|p2a: Iron Moth\n|-resisted|p2a: Iron Moth\n|-damage|p2a: Iron Moth|65/100\n|\n|-weather|Snowscape|[upkeep]\n|upkeep\n|turn|10\n|\n|t:|1771229881\n|move|p2a: Iron Moth|Substitute|p2a: Iron Moth\n|-start|p2a: Iron Moth|Substitute\n|-damage|p2a: Iron Moth|40/100\n|move|p1a: Ninetales|Encore|p2a: Iron Moth\n|-start|p2a: Iron Moth|Encore\n|\n|-weather|none\n|upkeep\n|turn|11\n|\n|t:|1771229889\n|-end|p2a: Iron Moth|Quark Drive|[silent]\n|switch|p2a: Kingambit|Kingambit, M|100/100\n|switch|p1a: Maushold|Maushold-Four|72/100\n|-damage|p1a: Maushold|47/100|[from] Spikes\n|\n|upkeep\n|turn|12\n|\n|t:|1771229893\n|move|p1a: Maushold|Tidy Up|p1a: Maushold\n|-sideend|p1: Arboks Fangs|Spikes\n|-activate|p1a: Maushold|move: Tidy Up\n|-boost|p1a: Maushold|atk|1\n|-boost|p1a: Maushold|spe|1\n|move|p2a: Kingambit|Kowtow Cleave|p1a: Maushold\n|-damage|p1a: Maushold|6/100\n|\n|upkeep\n|turn|13\n|\n|t:|1771229899\n|move|p2a: Kingambit|Sucker Punch||[still]\n|-fail|p2a: Kingambit\n|move|p1a: Maushold|Tidy Up|p1a: Maushold\n|-boost|p1a: Maushold|atk|1\n|-boost|p1a: Maushold|spe|1\n|\n|upkeep\n|turn|14\n|\n|t:|1771229900\n|move|p2a: Kingambit|Sucker Punch||[still]\n|-fail|p2a: Kingambit\n|move|p1a: Maushold|Encore|p2a: Kingambit\n|-start|p2a: Kingambit|Encore\n|\n|-sideend|p1: Arboks Fangs|move: Aurora Veil\n|upkeep\n|turn|15\n|\n|t:|1771229904\n|-end|p2a: Kingambit|fallenundefined|[silent]\n|switch|p2a: Samurott|Samurott-Hisui, F|36/100\n|move|p1a: Maushold|Tidy Up|p1a: Maushold\n|-boost|p1a: Maushold|atk|1\n|-boost|p1a: Maushold|spe|1\n|\n|upkeep\n|turn|16\n|\n|t:|1771229907\n|move|p2a: Samurott|Aqua Jet|p1a: Maushold\n|-damage|p1a: Maushold|0 fnt\n|faint|p1a: Maushold\n|\n|upkeep\n|\n|t:|1771229909\n|switch|p1a: Ninetales|Ninetales-Alola, M|64/100\n|-weather|Snowscape|[from] ability: Snow Warning|[of] p1a: Ninetales\n|turn|17\n|\n|t:|1771229911\n|move|p1a: Ninetales|Encore|p2a: Samurott\n|-start|p2a: Samurott|Encore\n|move|p2a: Samurott|Aqua Jet|p1a: Ninetales\n|-crit|p1a: Ninetales\n|-damage|p1a: Ninetales|39/100\n|\n|-weather|Snowscape|[upkeep]\n|upkeep\n|turn|18\n|\n|t:|1771229916\n|switch|p2a: Iron Moth|Iron Moth|40/100\n|move|p1a: Ninetales|Aurora Veil|p1a: Ninetales\n|-sidestart|p1: Arboks Fangs|move: Aurora Veil\n|\n|-weather|Snowscape|[upkeep]\n|upkeep\n|turn|19\n|\n|t:|1771229920\n|move|p2a: Iron Moth|Substitute|p2a: Iron Moth\n|-start|p2a: Iron Moth|Substitute\n|-damage|p2a: Iron Moth|15/100\n|move|p1a: Ninetales|Encore|p2a: Iron Moth\n|-start|p2a: Iron Moth|Encore\n|\n|-weather|Snowscape|[upkeep]\n|upkeep\n|turn|20\n|\n|t:|1771229925\n|-end|p2a: Iron Moth|Quark Drive|[silent]\n|switch|p2a: Kingambit|Kingambit, M|100/100\n|switch|p1a: Kyurem|Kyurem, shiny|100/100\n|-ability|p1a: Kyurem|Pressure\n|\n|-weather|Snowscape|[upkeep]\n|upkeep\n|turn|21\n|\n|t:|1771229932\n|-terastallize|p1a: Kyurem|Fire\n|move|p1a: Kyurem|Dragon Dance|p1a: Kyurem\n|-boost|p1a: Kyurem|atk|1\n|-boost|p1a: Kyurem|spe|1\n|move|p2a: Kingambit|Iron Head|p1a: Kyurem\n|-resisted|p1a: Kyurem\n|-damage|p1a: Kyurem|89/100\n|\n|-weather|none\n|upkeep\n|turn|22\n|\n|t:|1771229962\n|move|p2a: Kingambit|Sucker Punch||[still]\n|-fail|p2a: Kingambit\n|move|p1a: Kyurem|Dragon Dance|p1a: Kyurem\n|-boost|p1a: Kyurem|atk|1\n|-boost|p1a: Kyurem|spe|1\n|\n|upkeep\n|turn|23\n|\n|t:|1771229966\n|move|p1a: Kyurem|Tera Blast|p2a: Kingambit|[anim] Tera Blast Fire\n|-supereffective|p2a: Kingambit\n|-damage|p2a: Kingambit|0 fnt\n|faint|p2a: Kingambit\n|-end|p2a: Kingambit|fallenundefined|[silent]\n|\n|upkeep\n|\n|t:|1771229974\n|switch|p2a: Iron Moth|Iron Moth|15/100\n|turn|24\n|\n|t:|1771229976\n|move|p1a: Kyurem|Icicle Spear|p2a: Iron Moth\n|-resisted|p2a: Iron Moth\n|-damage|p2a: Iron Moth|0 fnt\n|faint|p2a: Iron Moth\n|-end|p2a: Iron Moth|Quark Drive|[silent]\n|-hitcount|p2: Iron Moth|1\n|\n|upkeep\n|\n|t:|1771229986\n|switch|p2a: Kyurem|Kyurem|100/100\n|-ability|p2a: Kyurem|Pressure\n|turn|25\n|\n|t:|1771229989\n|move|p1a: Kyurem|Icicle Spear|p2a: Kyurem\n|-damage|p2a: Kyurem|75/100\n|-damage|p2a: Kyurem|49/100\n|-damage|p2a: Kyurem|24/100\n|-damage|p2a: Kyurem|0 fnt\n|faint|p2a: Kyurem\n|-hitcount|p2: Kyurem|4\n|\n|-sideend|p1: Arboks Fangs|move: Aurora Veil\n|upkeep\n|\n|t:|1771229992\n|switch|p2a: Samurott|Samurott-Hisui, F|36/100\n|turn|26\n|\n|t:|1771229995\n|move|p2a: Samurott|Aqua Jet|p1a: Kyurem\n|-supereffective|p1a: Kyurem\n|-damage|p1a: Kyurem|48/100\n|move|p1a: Kyurem|Icicle Spear|p2a: Samurott\n|-resisted|p2a: Samurott\n|-damage|p2a: Samurott|20/100\n|-resisted|p2a: Samurott\n|-damage|p2a: Samurott|3/100\n|-resisted|p2a: Samurott\n|-damage|p2a: Samurott|0 fnt\n|faint|p2a: Samurott\n|-hitcount|p2: Samurott|3\n|\n|upkeep\n|\n|t:|1771229999\n|switch|p2a: Dragapult|Dragapult, F, tera:Ghost|100/100\n|turn|27\n|\n|t:|1771230002\n|move|p2a: Dragapult|Sucker Punch|p1a: Kyurem\n|-damage|p1a: Kyurem|12/100\n|move|p1a: Kyurem|Icicle Spear|p2a: Dragapult\n|-damage|p2a: Dragapult|64/100\n|-damage|p2a: Dragapult|22/100\n|-damage|p2a: Dragapult|0 fnt\n|faint|p2a: Dragapult\n|-hitcount|p2: Dragapult|3\n|\n|upkeep\n|\n|t:|1771230004\n|switch|p2a: Iron Valiant|Iron Valiant|100/100\n|-enditem|p2a: Iron Valiant|Booster Energy\n|-activate|p2a: Iron Valiant|ability: Quark Drive|[fromitem]\n|-start|p2a: Iron Valiant|quarkdrivespe\n|turn|28\n|\n|t:|1771230009\n|move|p2a: Iron Valiant|Vacuum Wave|p1a: Kyurem\n|-damage|p1a: Kyurem|0 fnt\n|faint|p1a: Kyurem\n|\n|upkeep\n|\n|t:|1771230018\n|switch|p1a: Klefki|Klefki, M|10/100\n|turn|29\n|\n|t:|1771230021\n|move|p1a: Klefki|Light Screen|p1a: Klefki\n|-sidestart|p1: Arboks Fangs|move: Light Screen\n|move|p2a: Iron Valiant|Moonblast|p1a: Klefki\n|-resisted|p1a: Klefki\n|-damage|p1a: Klefki|0 fnt\n|faint|p1a: Klefki\n|\n|upkeep\n|\n|t:|1771230024\n|switch|p1a: Latias|Latias, F|100/100\n|turn|30\n|\n|t:|1771230027\n|move|p2a: Iron Valiant|Calm Mind|p2a: Iron Valiant\n|-boost|p2a: Iron Valiant|spa|1\n|-boost|p2a: Iron Valiant|spd|1\n|move|p1a: Latias|Stored Power|p2a: Iron Valiant\n|-supereffective|p2a: Iron Valiant\n|-damage|p2a: Iron Valiant|75/100\n|\n|upkeep\n|turn|31\n|\n|t:|1771230028\n|move|p2a: Iron Valiant|Calm Mind|p2a: Iron Valiant\n|-boost|p2a: Iron Valiant|spa|1\n|-boost|p2a: Iron Valiant|spd|1\n|move|p1a: Latias|Agility|p1a: Latias\n|-boost|p1a: Latias|spe|2\n|\n|upkeep\n|turn|32\n|\n|t:|1771230032\n|move|p2a: Iron Valiant|Calm Mind|p2a: Iron Valiant\n|-boost|p2a: Iron Valiant|spa|1\n|-boost|p2a: Iron Valiant|spd|1\n|move|p1a: Latias|Calm Mind|p1a: Latias\n|-boost|p1a: Latias|spa|1\n|-boost|p1a: Latias|spd|1\n|\n|upkeep\n|turn|33\n|\n|t:|1771230035\n|move|p2a: Iron Valiant|Moonblast|p1a: Latias\n|-supereffective|p1a: Latias\n|-damage|p1a: Latias|34/100\n|-unboost|p1a: Latias|spa|1\n|-enditem|p1a: Latias|Weakness Policy\n|-boost|p1a: Latias|atk|2|[from] item: Weakness Policy\n|-boost|p1a: Latias|spa|2|[from] item: Weakness Policy\n|move|p1a: Latias|Stored Power|p2a: Iron Valiant\n|-supereffective|p2a: Iron Valiant\n|-damage|p2a: Iron Valiant|0 fnt\n|faint|p2a: Iron Valiant\n|-end|p2a: Iron Valiant|Quark Drive|[silent]\n|\n|win|Arboks Fangs\n|raw|Arboks Fangs's rating: 1674 &rarr; <strong>1690</strong><br />(+16 for winning)\n|raw|xxxDusk's rating: 1609 &rarr; <strong>1593</strong><br />(-16 for losing)\n|l|☆xxxDusk\n|player|p2|\n|l|‽Arboks Fangs\n|player|p1|\n|l| dsekop\n", "uploadtime": 1771230272, "views": 8, "formatid": "gen9ou", "rating": 1593, "private": 0, "password": null}