{"id": "gen9ou-2647806167", "format": "[Gen 9] OU", "players": ["thebacchusbraviary", "Cdgyhyfe2.0"], "log": "|j|☆thebacchusbraviary\n|j|☆Cdgyhyfe2.0\n|t:|1783815867\n|gametype|singles\n|player|p1|thebacchusbraviary|winona|1226\n|player|p2|Cdgyhyfe2.0|n|1222\n|gen|9\n|tier|[Gen 9] OU\n|rated|\n|rule|HP Percentage Mod: HP is shown in percentages\n|rule|Endless Battle Clause: Forcing endless battles is banned\n|rule|Species Clause: Limit one of each Pokémon\n|rule|OHKO Clause: OHKO moves are banned\n|rule|Evasion Items Clause: Evasion items are banned\n|rule|Evasion Moves Clause: Evasion moves are banned\n|rule|Evasion Abilities Clause: Evasion abilities are banned\n|rule|Sleep Moves Clause: Sleep-inducing moves are banned\n|clearpoke\n|poke|p1|Talonflame, M|\n|poke|p1|Tyranitar, M|\n|poke|p1|Regice|\n|poke|p1|Magnezone|\n|poke|p1|Tauros-Paldea-Aqua, M|\n|poke|p1|Sinistcha|\n|poke|p2|Greninja-*, M|\n|poke|p2|Skarmory, M|\n|poke|p2|Iron Valiant|\n|poke|p2|Garchomp, M|\n|poke|p2|Ogerpon-Wellspring, F|\n|poke|p2|Great Tusk|\n|teampreview\n|inactive|Battle timer is ON: inactive players will automatically lose when time's up. (requested by thebacchusbraviary)\n|\n|t:|1783815882\n|teamsize|p1|6\n|teamsize|p2|6\n|start\n|switch|p1a: Magnezone|Magnezone|100/100\n|switch|p2a: Boom|Great Tusk, shiny|100/100\n|-enditem|p2a: Boom|Booster Energy\n|-activate|p2a: Boom|ability: Protosynthesis|[fromitem]\n|-start|p2a: Boom|protosynthesisatk\n|turn|1\n|\n|t:|1783815886\n|move|p2a: Boom|Bulk Up|p2a: Boom\n|-boost|p2a: Boom|atk|1\n|-boost|p2a: Boom|def|1\n|move|p1a: Magnezone|Flash Cannon|p2a: Boom\n|-crit|p2a: Boom\n|-damage|p2a: Boom|0 fnt\n|faint|p2a: Boom\n|-end|p2a: Boom|Protosynthesis|[silent]\n|\n|upkeep\n|\n|t:|1783815901\n|switch|p2a: Jet|Garchomp, M, shiny|100/100\n|turn|2\n|\n|t:|1783815906\n|move|p2a: Jet|Swords Dance|p2a: Jet\n|-boost|p2a: Jet|atk|2\n|move|p1a: Magnezone|Flash Cannon|p2a: Jet\n|-damage|p2a: Jet|27/100\n|\n|upkeep\n|turn|3\n|\n|t:|1783815910\n|move|p2a: Jet|Earthquake|p1a: Magnezone\n|-supereffective|p1a: Magnezone\n|-ability|p1a: Magnezone|Sturdy\n|-damage|p1a: Magnezone|1/100\n|move|p1a: Magnezone|Flash Cannon|p2a: Jet\n|-damage|p2a: Jet|0 fnt\n|faint|p2a: Jet\n|\n|upkeep\n|\n|t:|1783815918\n|switch|p2a: Versling|Iron Valiant, shiny|100/100\n|-enditem|p2a: Versling|Booster Energy\n|-activate|p2a: Versling|ability: Quark Drive|[fromitem]\n|-start|p2a: Versling|quarkdrivespe\n|turn|4\n|\n|t:|1783815923\n|-terastallize|p2a: Versling|Steel\n|move|p2a: Versling|Spirit Break|p1a: Magnezone\n|-resisted|p1a: Magnezone\n|-damage|p1a: Magnezone|0 fnt\n|faint|p1a: Magnezone\n|\n|upkeep\n|\n|t:|1783815935\n|switch|p1a: Tauros|Tauros-Paldea-Aqua, M|100/100\n|-ability|p1a: Tauros|Intimidate|boost\n|-unboost|p2a: Versling|atk|1\n|turn|5\n|\n|t:|1783815950\n|-terastallize|p1a: Tauros|Water\n|move|p2a: Versling|Swords Dance|p2a: Versling\n|-boost|p2a: Versling|atk|2\n|move|p1a: Tauros|Close Combat|p2a: Versling\n|-supereffective|p2a: Versling\n|-damage|p2a: Versling|0 fnt\n|-unboost|p1a: Tauros|def|1\n|-unboost|p1a: Tauros|spd|1\n|faint|p2a: Versling\n|-end|p2a: Versling|Quark Drive|[silent]\n|\n|upkeep\n|\n|t:|1783815962\n|switch|p2a: Renshu|Greninja, M|100/100\n|turn|6\n|\n|t:|1783815972\n|switch|p1a: Regice|Regice|100/100\n|move|p2a: Renshu|Sludge Wave|p1a: Regice\n|-damage|p1a: Regice|80/100\n|-status|p1a: Regice|psn\n|-damage|p2a: Renshu|91/100|[from] item: Life Orb\n|\n|-heal|p1a: Regice|86/100 psn|[from] item: Leftovers\n|-damage|p1a: Regice|74/100 psn|[from] psn\n|upkeep\n|turn|7\n|\n|t:|1783815980\n|move|p2a: Renshu|Hydro Pump|p1a: Regice\n|-damage|p1a: Regice|36/100 psn\n|-damage|p2a: Renshu|81/100|[from] item: Life Orb\n|move|p1a: Regice|Thunderbolt|p2a: Renshu\n|-supereffective|p2a: Renshu\n|-crit|p2a: Renshu\n|-damage|p2a: Renshu|0 fnt\n|faint|p2a: Renshu\n|\n|-heal|p1a: Regice|42/100 psn|[from] item: Leftovers\n|-damage|p1a: Regice|30/100 psn|[from] psn\n|upkeep\n|\n|t:|1783815986\n|switch|p2a: Met|Skarmory, M, shiny|100/100\n|turn|8\n|\n|t:|1783815989\n|move|p2a: Met|Iron Defense|p2a: Met\n|-boost|p2a: Met|def|2\n|move|p1a: Regice|Thunderbolt|p2a: Met\n|-supereffective|p2a: Met\n|-damage|p2a: Met|45/100\n|\n|-heal|p1a: Regice|36/100 psn|[from] item: Leftovers\n|-damage|p1a: Regice|24/100 psn|[from] psn\n|upkeep\n|turn|9\n|\n|t:|1783815994\n|move|p2a: Met|Roost|p2a: Met\n|-heal|p2a: Met|95/100\n|-singleturn|p2a: Met|move: Roost\n|move|p1a: Regice|Thunderbolt|p2a: Met\n|-damage|p2a: Met|68/100\n|-status|p2a: Met|par\n|\n|-heal|p1a: Regice|30/100 psn|[from] item: Leftovers\n|-damage|p1a: Regice|17/100 psn|[from] psn\n|upkeep\n|turn|10\n|\n|t:|1783816003\n|move|p1a: Regice|Thunderbolt|p2a: Met\n|-supereffective|p2a: Met\n|-damage|p2a: Met|17/100 par\n|move|p2a: Met|Roost|p2a: Met\n|-heal|p2a: Met|67/100 par\n|-singleturn|p2a: Met|move: Roost\n|\n|-heal|p1a: Regice|23/100 psn|[from] item: Leftovers\n|-damage|p1a: Regice|11/100 psn|[from] psn\n|upkeep\n|turn|11\n|\n|t:|1783816012\n|move|p1a: Regice|Thunderbolt|p2a: Met\n|-supereffective|p2a: Met\n|-damage|p2a: Met|9/100 par\n|move|p2a: Met|Roost|p2a: Met\n|-heal|p2a: Met|59/100 par\n|-singleturn|p2a: Met|move: Roost\n|\n|-heal|p1a: Regice|17/100 psn|[from] item: Leftovers\n|-damage|p1a: Regice|5/100 psn|[from] psn\n|upkeep\n|turn|12\n|\n|t:|1783816022\n|move|p1a: Regice|Thunderbolt|p2a: Met\n|-supereffective|p2a: Met\n|-crit|p2a: Met\n|-damage|p2a: Met|0 fnt\n|faint|p2a: Met\n|\n|-heal|p1a: Regice|11/100 psn|[from] item: Leftovers\n|-damage|p1a: Regice|0 fnt|[from] psn\n|faint|p1a: Regice\n|upkeep\n|\n|t:|1783816028\n|switch|p2a: Waterpon|Ogerpon-Wellspring, F|100/100\n|switch|p1a: Talonflame|Talonflame, M|100/100\n|turn|13\n|\n|t:|1783816034\n|move|p1a: Talonflame|U-turn|p2a: Waterpon\n|-supereffective|p2a: Waterpon\n|-damage|p2a: Waterpon|52/100\n|\n|t:|1783816036\n|switch|p1a: Tauros|Tauros-Paldea-Aqua, M, tera:Water|100/100|[from] U-turn\n|-ability|p1a: Tauros|Intimidate|boost\n|-unboost|p2a: Waterpon|atk|1\n|move|p2a: Waterpon|Swords Dance|p2a: Waterpon\n|-boost|p2a: Waterpon|atk|2\n|\n|upkeep\n|turn|14\n|\n|t:|1783816047\n|switch|p1a: Sinistcha|Sinistcha|100/100\n|move|p2a: Waterpon|U-turn|p1a: Sinistcha\n|-damage|p1a: Sinistcha|55/100\n|\n|upkeep\n|turn|15\n|\n|t:|1783816055\n|move|p2a: Waterpon|Ivy Cudgel|p1a: Sinistcha|[anim] Ivy Cudgel Water\n|-resisted|p1a: Sinistcha\n|-damage|p1a: Sinistcha|11/100\n|move|p1a: Sinistcha|Shadow Ball|p2a: Waterpon\n|-damage|p2a: Waterpon|3/100\n|\n|upkeep\n|turn|16\n|\n|t:|1783816063\n|move|p2a: Waterpon|Ivy Cudgel|p1a: Sinistcha|[anim] Ivy Cudgel Water\n|-resisted|p1a: Sinistcha\n|-damage|p1a: Sinistcha|0 fnt\n|faint|p1a: Sinistcha\n|\n|upkeep\n|\n|t:|1783816065\n|switch|p1a: Talonflame|Talonflame, M|100/100\n|turn|17\n|\n|t:|1783816073\n|move|p1a: Talonflame|U-turn|p2a: Waterpon\n|-supereffective|p2a: Waterpon\n|-damage|p2a: Waterpon|0 fnt\n|faint|p2a: Waterpon\n|\n|win|thebacchusbraviary\n|raw|thebacchusbraviary's rating: 1226 &rarr; <strong>1251</strong><br />(+25 for winning)\n|raw|Cdgyhyfe2.0's rating: 1222 &rarr; <strong>1197</strong><br />(-25 for losing)\n|l|☆Cdgyhyfe2.0\n|player|p2|\n|l|☆thebacchusbraviary\n|player|p1|\n", "uploadtime": 1783816358, "views": 11, "formatid": "gen9ou", "rating": 1197, "private": 0, "password": null}