{"id": "gen9ou-2647838115", "format": "[Gen 9] OU", "players": ["Pig Perfect", "idontwearsweaters"], "log": "|j|☆Pig Perfect\n|j|☆idontwearsweaters\n|t:|1783821513\n|gametype|singles\n|player|p1|Pig Perfect|workerice|1408\n|player|p2|idontwearsweaters|unknownf|1432\n|gen|9\n|tier|[Gen 9] OU\n|rated|\n|rule|HP Percentage Mod: HP is shown in percentages\n|rule|Endless Battle Clause: Forcing endless battles is banned\n|rule|Species Clause: Limit one of each Pokémon\n|rule|OHKO Clause: OHKO moves are banned\n|rule|Evasion Items Clause: Evasion items are banned\n|rule|Evasion Moves Clause: Evasion moves are banned\n|rule|Evasion Abilities Clause: Evasion abilities are banned\n|rule|Sleep Moves Clause: Sleep-inducing moves are banned\n|clearpoke\n|poke|p1|Deoxys-Speed|\n|poke|p1|Garchomp, M|\n|poke|p1|Gholdengo|\n|poke|p1|Hawlucha, M|\n|poke|p1|Iron Thorns|\n|poke|p1|Rillaboom, F|\n|poke|p2|Ting-Lu|\n|poke|p2|Slowking-Galar, M|\n|poke|p2|Garganacl, M|\n|poke|p2|Zamazenta-*|\n|poke|p2|Weezing-Galar, F|\n|poke|p2|Sinistcha|\n|teampreview\n|inactive|Battle timer is ON: inactive players will automatically lose when time's up. (requested by idontwearsweaters)\n|\n|t:|1783821536\n|teamsize|p1|6\n|teamsize|p2|6\n|start\n|switch|p1a: Rillaboom|Rillaboom, F|100/100\n|switch|p2a: So well oh well|Ting-Lu|100/100\n|-fieldstart|move: Grassy Terrain|[from] ability: Grassy Surge|[of] p1a: Rillaboom\n|-ability|p2a: So well oh well|Vessel of Ruin\n|turn|1\n|\n|t:|1783821552\n|switch|p2a: Wisp|Weezing-Galar, F|100/100\n|-ability|p2a: Wisp|Neutralizing Gas\n|move|p1a: Rillaboom|U-turn|p2a: Wisp\n|-resisted|p2a: Wisp\n|-damage|p2a: Wisp|95/100\n|\n|t:|1783821556\n|switch|p1a: Iron Thorns|Iron Thorns|100/100|[from] U-turn\n|\n|-heal|p2a: Wisp|100/100|[from] Grassy Terrain\n|upkeep\n|turn|2\n|\n|t:|1783821565\n|move|p1a: Iron Thorns|Taunt|p2a: Wisp\n|-start|p2a: Wisp|move: Taunt\n|cant|p2a: Wisp|move: Taunt|Will-O-Wisp\n|\n|upkeep\n|turn|3\n|\n|t:|1783821576\n|move|p1a: Iron Thorns|Stealth Rock|p2a: Wisp\n|-sidestart|p2: idontwearsweaters|move: Stealth Rock\n|move|p2a: Wisp|Strange Steam|p1a: Iron Thorns\n|-damage|p1a: Iron Thorns|71/100\n|\n|-heal|p1a: Iron Thorns|77/100|[from] Grassy Terrain\n|upkeep\n|turn|4\n|\n|t:|1783821583\n|move|p1a: Iron Thorns|Ice Beam|p2a: Wisp\n|-damage|p2a: Wisp|81/100\n|move|p2a: Wisp|Strange Steam|p1a: Iron Thorns\n|-damage|p1a: Iron Thorns|44/100\n|\n|-heal|p1a: Iron Thorns|50/100|[from] Grassy Terrain\n|-heal|p2a: Wisp|87/100|[from] Grassy Terrain\n|-end|p2a: Wisp|move: Taunt\n|upkeep\n|turn|5\n|\n|t:|1783821591\n|move|p1a: Iron Thorns|Taunt|p2a: Wisp\n|-start|p2a: Wisp|move: Taunt\n|move|p2a: Wisp|Strange Steam|p1a: Iron Thorns\n|-damage|p1a: Iron Thorns|20/100\n|\n|-heal|p1a: Iron Thorns|26/100|[from] Grassy Terrain\n|-heal|p2a: Wisp|93/100|[from] Grassy Terrain\n|-fieldend|move: Grassy Terrain\n|upkeep\n|turn|6\n|\n|t:|1783821599\n|-end|p1a: Iron Thorns|Quark Drive|[silent]\n|switch|p1a: Rillaboom|Rillaboom, F|100/100\n|move|p2a: Wisp|Strange Steam|p1a: Rillaboom\n|-damage|p1a: Rillaboom|80/100\n|\n|upkeep\n|turn|7\n|\n|t:|1783821614\n|move|p1a: Rillaboom|Knock Off|p2a: Wisp\n|-resisted|p2a: Wisp\n|-damage|p2a: Wisp|78/100\n|-enditem|p2a: Wisp|Heavy-Duty Boots|[from] move: Knock Off|[of] p1a: Rillaboom\n|move|p2a: Wisp|Strange Steam|p1a: Rillaboom\n|-damage|p1a: Rillaboom|60/100\n|\n|-end|p2a: Wisp|move: Taunt\n|upkeep\n|turn|8\n|\n|t:|1783821620\n|move|p1a: Rillaboom|U-turn|p2a: Wisp\n|-resisted|p2a: Wisp\n|-damage|p2a: Wisp|72/100\n|\n|t:|1783821622\n|switch|p1a: Iron Thorns|Iron Thorns|26/100|[from] U-turn\n|move|p2a: Wisp|Defog|p1a: Iron Thorns\n|-unboost|p1a: Iron Thorns|evasion|1\n|-sideend|p2: idontwearsweaters|Stealth Rock|[from] move: Defog|[of] p2a: Wisp\n|\n|upkeep\n|turn|9\n|\n|t:|1783821630\n|move|p1a: Iron Thorns|Stealth Rock|p2a: Wisp\n|-sidestart|p2: idontwearsweaters|move: Stealth Rock\n|move|p2a: Wisp|Strange Steam|p1a: Iron Thorns\n|-damage|p1a: Iron Thorns|0 fnt\n|faint|p1a: Iron Thorns\n|-end|p1a: Iron Thorns|Quark Drive|[silent]\n|\n|upkeep\n|\n|t:|1783821636\n|switch|p1a: Garchomp|Garchomp, M|100/100\n|turn|10\n|\n|t:|1783821644\n|-end|p2a: Wisp|ability: Neutralizing Gas\n|switch|p2a: Sinister|Sinistcha|100/100\n|move|p1a: Garchomp|Earth Power|p2a: Sinister\n|-resisted|p2a: Sinister\n|-crit|p2a: Sinister\n|-damage|p2a: Sinister|47/100\n|\n|upkeep\n|turn|11\n|\n|t:|1783821664\n|switch|p1a: Gholdengo|Gholdengo|100/100\n|move|p2a: Sinister|Strength Sap|p1a: Gholdengo\n|-immune|p1a: Gholdengo|[from] ability: Good as Gold\n|\n|upkeep\n|turn|12\n|\n|t:|1783821675\n|switch|p2a: So well oh well|Ting-Lu|100/100\n|-damage|p2a: So well oh well|94/100|[from] Stealth Rock\n|-ability|p2a: So well oh well|Vessel of Ruin\n|move|p1a: Gholdengo|Shadow Ball|p2a: So well oh well\n|-resisted|p2a: So well oh well\n|-damage|p2a: So well oh well|84/100\n|\n|upkeep\n|turn|13\n|\n|t:|1783821690\n|switch|p1a: Rillaboom|Rillaboom, F|60/100\n|-fieldstart|move: Grassy Terrain|[from] ability: Grassy Surge|[of] p1a: Rillaboom\n|move|p2a: So well oh well|Throat Chop|p1a: Rillaboom\n|-damage|p1a: Rillaboom|4/100\n|-start|p1a: Rillaboom|Throat Chop|[silent]\n|\n|-heal|p1a: Rillaboom|10/100|[from] Grassy Terrain\n|-heal|p2a: So well oh well|90/100|[from] Grassy Terrain\n|upkeep\n|turn|14\n|\n|t:|1783821707\n|switch|p2a: Wisp|Weezing-Galar, F|72/100\n|-ability|p2a: Wisp|Neutralizing Gas\n|-damage|p2a: Wisp|60/100|[from] Stealth Rock\n|move|p1a: Rillaboom|U-turn|p2a: Wisp\n|-resisted|p2a: Wisp\n|-damage|p2a: Wisp|54/100\n|\n|t:|1783821715\n|switch|p1a: Deoxys|Deoxys-Speed|100/100|[from] U-turn\n|-enditem|p1a: Deoxys|Grassy Seed\n|-boost|p1a: Deoxys|def|1|[from] item: Grassy Seed\n|\n|-heal|p2a: Wisp|60/100|[from] Grassy Terrain\n|upkeep\n|turn|15\n|\n|t:|1783821724\n|-end|p2a: Wisp|ability: Neutralizing Gas\n|-ability|p1a: Deoxys|Pressure\n|switch|p2a: So well oh well|Ting-Lu|90/100\n|-damage|p2a: So well oh well|84/100|[from] Stealth Rock\n|-ability|p2a: So well oh well|Vessel of Ruin\n|move|p1a: Deoxys|Nasty Plot|p1a: Deoxys\n|-boost|p1a: Deoxys|spa|2\n|\n|-heal|p2a: So well oh well|90/100|[from] Grassy Terrain\n|upkeep\n|turn|16\n|\n|t:|1783821730\n|move|p1a: Deoxys|Focus Blast|p2a: So well oh well\n|-supereffective|p2a: So well oh well\n|-damage|p2a: So well oh well|9/100\n|move|p2a: So well oh well|Throat Chop|p1a: Deoxys\n|-supereffective|p1a: Deoxys\n|-damage|p1a: Deoxys|0 fnt\n|faint|p1a: Deoxys\n|\n|-heal|p2a: So well oh well|15/100|[from] Grassy Terrain\n|upkeep\n|\n|t:|1783821740\n|switch|p1a: Hawlucha|Hawlucha, M|100/100\n|-enditem|p1a: Hawlucha|Grassy Seed\n|-boost|p1a: Hawlucha|def|1|[from] item: Grassy Seed\n|turn|17\n|\n|t:|1783821753\n|switch|p2a: Cohort|Slowking-Galar, M, shiny|100/100\n|move|p1a: Hawlucha|Encore||[still]\n|-fail|p1a: Hawlucha\n|\n|-fieldend|move: Grassy Terrain\n|upkeep\n|turn|18\n|\n|t:|1783821757\n|-terastallize|p1a: Hawlucha|Steel\n|move|p1a: Hawlucha|Swords Dance|p1a: Hawlucha\n|-boost|p1a: Hawlucha|atk|2\n|move|p2a: Cohort|Future Sight|p1a: Hawlucha\n|-start|p2a: Cohort|move: Future Sight\n|\n|upkeep\n|turn|19\n|\n|t:|1783821762\n|move|p1a: Hawlucha|Acrobatics|p2a: Cohort\n|-damage|p2a: Cohort|0 fnt\n|faint|p2a: Cohort\n|\n|upkeep\n|\n|t:|1783821768\n|switch|p2a: POTS|Garganacl, M, shiny|100/100\n|-damage|p2a: POTS|88/100|[from] Stealth Rock\n|turn|20\n|\n|t:|1783821792\n|-terastallize|p2a: POTS|Ghost\n|move|p1a: Hawlucha|Acrobatics|p2a: POTS\n|-damage|p2a: POTS|41/100\n|move|p2a: POTS|Salt Cure|p1a: Hawlucha\n|-resisted|p1a: Hawlucha\n|-damage|p1a: Hawlucha|94/100\n|-start|p1a: Hawlucha|Salt Cure\n|\n|-end|p1a: Hawlucha|move: Future Sight\n|-resisted|p1a: Hawlucha\n|-damage|p1a: Hawlucha|64/100\n|-heal|p2a: POTS|47/100|[from] item: Leftovers\n|-damage|p1a: Hawlucha|39/100|[from] Salt Cure\n|upkeep\n|turn|21\n|\n|t:|1783821805\n|move|p2a: POTS|Protect|p2a: POTS\n|-singleturn|p2a: POTS|Protect\n|move|p1a: Hawlucha|Acrobatics|p2a: POTS\n|-activate|p2a: POTS|move: Protect\n|\n|-heal|p2a: POTS|53/100|[from] item: Leftovers\n|-damage|p1a: Hawlucha|14/100|[from] Salt Cure\n|upkeep\n|turn|22\n|\n|t:|1783821816\n|move|p1a: Hawlucha|Encore|p2a: POTS\n|-start|p2a: POTS|Encore\n|move|p2a: POTS|Protect||[still]\n|-fail|p2a: POTS\n|\n|-heal|p2a: POTS|60/100|[from] item: Leftovers\n|-damage|p1a: Hawlucha|0 fnt|[from] Salt Cure\n|faint|p1a: Hawlucha\n|upkeep\n|\n|t:|1783821821\n|switch|p1a: Gholdengo|Gholdengo|100/100\n|turn|23\n|\n|t:|1783821828\n|move|p2a: POTS|Protect|p2a: POTS\n|-singleturn|p2a: POTS|Protect\n|move|p1a: Gholdengo|Nasty Plot|p1a: Gholdengo\n|-boost|p1a: Gholdengo|spa|2\n|\n|-heal|p2a: POTS|66/100|[from] item: Leftovers\n|upkeep\n|turn|24\n|\n|t:|1783821837\n|switch|p2a: So well oh well|Ting-Lu|15/100\n|-damage|p2a: So well oh well|9/100|[from] Stealth Rock\n|-ability|p2a: So well oh well|Vessel of Ruin\n|move|p1a: Gholdengo|Nasty Plot|p1a: Gholdengo\n|-boost|p1a: Gholdengo|spa|2\n|\n|upkeep\n|turn|25\n|\n|t:|1783821845\n|move|p1a: Gholdengo|Dazzling Gleam|p2a: So well oh well\n|-supereffective|p2a: So well oh well\n|-damage|p2a: So well oh well|0 fnt\n|faint|p2a: So well oh well\n|\n|upkeep\n|\n|t:|1783821848\n|switch|p2a: Zombie|Zamazenta|100/100\n|-damage|p2a: Zombie|94/100|[from] Stealth Rock\n|-ability|p2a: Zombie|Dauntless Shield|boost\n|-boost|p2a: Zombie|def|1\n|turn|26\n|\n|t:|1783821866\n|move|p2a: Zombie|Crunch|p1a: Gholdengo\n|-supereffective|p1a: Gholdengo\n|-damage|p1a: Gholdengo|69/100\n|move|p1a: Gholdengo|Dazzling Gleam|p2a: Zombie\n|-supereffective|p2a: Zombie\n|-damage|p2a: Zombie|0 fnt\n|faint|p2a: Zombie\n|\n|upkeep\n|-message|idontwearsweaters forfeited.\n|\n|win|Pig Perfect\n|raw|Pig Perfect's rating: 1408 &rarr; <strong>1429</strong><br />(+21 for winning)\n|raw|idontwearsweaters's rating: 1432 &rarr; <strong>1411</strong><br />(-21 for losing)\n|l|☆idontwearsweaters\n|player|p2|\n|c|☆Pig Perfect|Gg\n|l|☆Pig Perfect\n|player|p1|\n", "uploadtime": 1783822208, "views": 2, "formatid": "gen9ou", "rating": 1411, "private": 0, "password": null}