{"id": "gen9ou-2540618842", "format": "[Gen 9] OU", "players": ["Pyroblaze212", "Bidofo's Infernape"], "log": "|j|☆Pyroblaze212\n|j|☆Bidofo's Infernape\n|t:|1771228393\n|gametype|singles\n|player|p1|Pyroblaze212|red|1538\n|player|p2|Bidofo's Infernape|102|1608\n|gen|9\n|tier|[Gen 9] OU\n|rated|\n|rule|HP Percentage Mod: HP is shown in percentages\n|rule|Endless Battle Clause: Forcing endless battles is banned\n|rule|Species Clause: Limit one of each Pokémon\n|rule|OHKO Clause: OHKO moves are banned\n|rule|Evasion Items Clause: Evasion items are banned\n|rule|Evasion Moves Clause: Evasion moves are banned\n|rule|Evasion Abilities Clause: Evasion abilities are banned\n|rule|Sleep Moves Clause: Sleep-inducing moves are banned\n|clearpoke\n|poke|p1|Pelipper, M|\n|poke|p1|Barraskewda, M|\n|poke|p1|Iron Treads|\n|poke|p1|Kingdra, M|\n|poke|p1|Toxicroak, M|\n|poke|p1|Heatran, M|\n|poke|p2|Tinkaton, F|\n|poke|p2|Ogerpon, F|\n|poke|p2|Great Tusk|\n|poke|p2|Pecharunt|\n|poke|p2|Alomomola, M|\n|poke|p2|Hydreigon, M|\n|teampreview\n|inactive|Battle timer is ON: inactive players will automatically lose when time's up. (requested by Bidofo's Infernape)\n|\n|t:|1771228428\n|teamsize|p1|6\n|teamsize|p2|6\n|start\n|switch|p1a: Heatran|Heatran, M|100/100\n|switch|p2a: Ogerpon|Ogerpon, F|100/100\n|turn|1\n|\n|t:|1771228443\n|switch|p2a: Alomomola|Alomomola, M|100/100\n|move|p1a: Heatran|Magma Storm|p2a: Alomomola\n|-resisted|p2a: Alomomola\n|-damage|p2a: Alomomola|90/100\n|-activate|p2a: Alomomola|move: Magma Storm|[of] p1a: Heatran\n|\n|-damage|p2a: Alomomola|78/100|[from] move: Magma Storm|[partiallytrapped]\n|upkeep\n|turn|2\n|\n|t:|1771228457\n|move|p1a: Heatran|Protect|p1a: Heatran\n|-singleturn|p1a: Heatran|Protect\n|move|p2a: Alomomola|Flip Turn|p1a: Heatran\n|-activate|p1a: Heatran|move: Protect\n|\n|-damage|p2a: Alomomola|65/100|[from] move: Magma Storm|[partiallytrapped]\n|upkeep\n|turn|3\n|\n|t:|1771228466\n|switch|p1a: Toxicroak|Toxicroak, M|100/100\n|move|p2a: Alomomola|Flip Turn|p1a: Toxicroak\n|-immune|p1a: Toxicroak|[from] ability: Dry Skin\n|\n|-end|p2a: Alomomola|Magma Storm|[partiallytrapped]|[silent]\n|upkeep\n|turn|4\n|\n|t:|1771228475\n|switch|p2a: Great Tusk|Great Tusk|100/100\n|move|p1a: Toxicroak|Knock Off|p2a: Great Tusk\n|-resisted|p2a: Great Tusk\n|-damage|p2a: Great Tusk|91/100\n|-enditem|p2a: Great Tusk|Heavy-Duty Boots|[from] move: Knock Off|[of] p1a: Toxicroak\n|\n|upkeep\n|turn|5\n|\n|t:|1771228485\n|-end|p2a: Great Tusk|Protosynthesis|[silent]\n|switch|p2a: Ogerpon|Ogerpon, F|100/100\n|switch|p1a: Pelipper|Pelipper, M|100/100\n|-weather|RainDance|[from] ability: Drizzle|[of] p1a: Pelipper\n|\n|-weather|RainDance|[upkeep]\n|upkeep\n|turn|6\n|\n|t:|1771228495\n|switch|p1a: Toxicroak|Toxicroak, M|100/100\n|move|p2a: Ogerpon|U-turn|p1a: Toxicroak\n|-resisted|p1a: Toxicroak\n|-damage|p1a: Toxicroak|93/100\n|-damage|p2a: Ogerpon|84/100|[from] item: Rocky Helmet|[of] p1a: Toxicroak\n|\n|t:|1771228503\n|switch|p2a: Hydreigon|Hydreigon, M|100/100|[from] U-turn\n|\n|-weather|RainDance|[upkeep]\n|-heal|p1a: Toxicroak|100/100|[from] ability: Dry Skin\n|upkeep\n|turn|7\n|\n|t:|1771228520\n|switch|p1a: Pelipper|Pelipper, M|100/100\n|move|p2a: Hydreigon|Earth Power|p1a: Pelipper\n|-immune|p1a: Pelipper\n|\n|-weather|RainDance|[upkeep]\n|upkeep\n|turn|8\n|\n|t:|1771228529\n|switch|p2a: Tinkaton|Tinkaton, F|100/100\n|-item|p2a: Tinkaton|Air Balloon\n|move|p1a: Pelipper|U-turn|p2a: Tinkaton\n|-resisted|p2a: Tinkaton\n|-damage|p2a: Tinkaton|98/100\n|-enditem|p2a: Tinkaton|Air Balloon\n|-enditem|p1a: Pelipper|Damp Rock|[silent]|[from] ability: Pickpocket|[of] p1a: Pelipper\n|-item|p2a: Tinkaton|Damp Rock|[from] ability: Pickpocket|[of] p1a: Pelipper\n|\n|t:|1771228539\n|switch|p1a: Barraskewda|Barraskewda, M|100/100|[from] U-turn\n|\n|-weather|RainDance|[upkeep]\n|upkeep\n|turn|9\n|\n|t:|1771228546\n|switch|p2a: Pecharunt|Pecharunt|100/100\n|-terastallize|p1a: Barraskewda|Water\n|move|p1a: Barraskewda|Liquidation|p2a: Pecharunt\n|-damage|p2a: Pecharunt|35/100\n|-unboost|p2a: Pecharunt|def|1\n|-damage|p1a: Barraskewda|84/100|[from] item: Rocky Helmet|[of] p2a: Pecharunt\n|\n|-weather|RainDance|[upkeep]\n|upkeep\n|turn|10\n|\n|t:|1771228568\n|move|p1a: Barraskewda|Liquidation|p2a: Pecharunt\n|-damage|p2a: Pecharunt|0 fnt\n|-damage|p1a: Barraskewda|68/100|[from] item: Rocky Helmet|[of] p2a: Pecharunt\n|faint|p2a: Pecharunt\n|\n|-weather|RainDance|[upkeep]\n|upkeep\n|\n|t:|1771228575\n|switch|p2a: Ogerpon|Ogerpon, F|84/100\n|turn|11\n|\n|t:|1771228580\n|move|p1a: Barraskewda|Liquidation|p2a: Ogerpon\n|-resisted|p2a: Ogerpon\n|-damage|p2a: Ogerpon|0 fnt\n|faint|p2a: Ogerpon\n|\n|-weather|RainDance|[upkeep]\n|upkeep\n|\n|t:|1771228589\n|switch|p2a: Hydreigon|Hydreigon, M|100/100\n|turn|12\n|\n|t:|1771228598\n|switch|p1a: Heatran|Heatran, M|100/100\n|move|p2a: Hydreigon|Earth Power|p1a: Heatran\n|-supereffective|p1a: Heatran\n|-damage|p1a: Heatran|0 fnt\n|faint|p1a: Heatran\n|\n|-weather|none\n|upkeep\n|\n|t:|1771228609\n|switch|p1a: Pelipper|Pelipper, M|100/100\n|-weather|RainDance|[from] ability: Drizzle|[of] p1a: Pelipper\n|turn|13\n|\n|t:|1771228613\n|switch|p2a: Alomomola|Alomomola, M|98/100\n|move|p1a: Pelipper|U-turn|p2a: Alomomola\n|-crit|p2a: Alomomola\n|-damage|p2a: Alomomola|89/100\n|\n|t:|1771228627\n|switch|p1a: Barraskewda|Barraskewda, M, tera:Water|68/100|[from] U-turn\n|\n|-weather|RainDance|[upkeep]\n|upkeep\n|turn|14\n|\n|t:|1771228634\n|move|p1a: Barraskewda|Liquidation|p2a: Alomomola\n|-resisted|p2a: Alomomola\n|-damage|p2a: Alomomola|37/100\n|move|p2a: Alomomola|Flip Turn|p1a: Barraskewda\n|-resisted|p1a: Barraskewda\n|-damage|p1a: Barraskewda|43/100\n|\n|t:|1771228643\n|switch|p2a: Hydreigon|Hydreigon, M|100/100|[from] Flip Turn\n|\n|-weather|RainDance|[upkeep]\n|upkeep\n|turn|15\n|\n|t:|1771228668\n|switch|p1a: Iron Treads|Iron Treads|100/100\n|move|p2a: Hydreigon|Dark Pulse|p1a: Iron Treads\n|-damage|p1a: Iron Treads|11/100\n|\n|-weather|RainDance|[upkeep]\n|upkeep\n|turn|16\n|\n|t:|1771228677\n|move|p1a: Iron Treads|Stealth Rock|p2a: Hydreigon\n|-sidestart|p2: Bidofo's Infernape|move: Stealth Rock\n|move|p2a: Hydreigon|Dark Pulse|p1a: Iron Treads\n|-damage|p1a: Iron Treads|0 fnt\n|faint|p1a: Iron Treads\n|-end|p1a: Iron Treads|Quark Drive|[silent]\n|\n|-weather|RainDance|[upkeep]\n|upkeep\n|\n|t:|1771228688\n|switch|p1a: Kingdra|Kingdra, M|100/100\n|turn|17\n|\n|t:|1771228693\n|switch|p2a: Alomomola|Alomomola, M|71/100\n|-damage|p2a: Alomomola|58/100|[from] Stealth Rock\n|move|p1a: Kingdra|Flip Turn|p2a: Alomomola\n|-resisted|p2a: Alomomola\n|-damage|p2a: Alomomola|48/100\n|\n|t:|1771228704\n|switch|p1a: Toxicroak|Toxicroak, M|100/100|[from] Flip Turn\n|\n|-weather|none\n|upkeep\n|turn|18\n|\n|t:|1771228717\n|switch|p1a: Pelipper|Pelipper, M|100/100\n|-weather|RainDance|[from] ability: Drizzle|[of] p1a: Pelipper\n|switch|p2a: Tinkaton|Tinkaton, F|98/100\n|-damage|p2a: Tinkaton|92/100|[from] Stealth Rock\n|\n|-weather|RainDance|[upkeep]\n|upkeep\n|turn|19\n|\n|t:|1771228729\n|move|p2a: Tinkaton|Stealth Rock|p1a: Pelipper\n|-sidestart|p1: Pyroblaze212|move: Stealth Rock\n|move|p1a: Pelipper|U-turn|p2a: Tinkaton\n|-resisted|p2a: Tinkaton\n|-damage|p2a: Tinkaton|89/100\n|\n|t:|1771228734\n|switch|p1a: Barraskewda|Barraskewda, M, tera:Water|43/100|[from] U-turn\n|-damage|p1a: Barraskewda|31/100|[from] Stealth Rock\n|\n|-weather|RainDance|[upkeep]\n|upkeep\n|turn|20\n|\n|t:|1771228741\n|move|p1a: Barraskewda|Liquidation|p2a: Tinkaton\n|-damage|p2a: Tinkaton|0 fnt\n|faint|p2a: Tinkaton\n|\n|-weather|RainDance|[upkeep]\n|upkeep\n|\n|t:|1771228749\n|switch|p2a: Alomomola|Alomomola, M|81/100\n|-damage|p2a: Alomomola|69/100|[from] Stealth Rock\n|turn|21\n|\n|t:|1771228770\n|switch|p1a: Toxicroak|Toxicroak, M|100/100\n|-damage|p1a: Toxicroak|94/100|[from] Stealth Rock\n|move|p2a: Alomomola|Play Rough|p1a: Toxicroak\n|-damage|p1a: Toxicroak|78/100\n|-damage|p2a: Alomomola|52/100|[from] item: Rocky Helmet|[of] p1a: Toxicroak\n|\n|-weather|RainDance|[upkeep]\n|-heal|p1a: Toxicroak|91/100|[from] ability: Dry Skin\n|upkeep\n|turn|22\n|\n|t:|1771228790\n|switch|p1a: Kingdra|Kingdra, M|100/100\n|-damage|p1a: Kingdra|88/100|[from] Stealth Rock\n|switch|p2a: Great Tusk|Great Tusk|91/100\n|-damage|p2a: Great Tusk|88/100|[from] Stealth Rock\n|\n|-weather|none\n|upkeep\n|turn|23\n|\n|t:|1771228801\n|-end|p2a: Great Tusk|Protosynthesis|[silent]\n|switch|p2a: Alomomola|Alomomola, M|85/100\n|-damage|p2a: Alomomola|73/100|[from] Stealth Rock\n|move|p1a: Kingdra|Draco Meteor|p2a: Alomomola\n|-damage|p2a: Alomomola|28/100\n|-unboost|p1a: Kingdra|spa|2\n|\n|upkeep\n|turn|24\n|\n|t:|1771228827\n|switch|p2a: Hydreigon|Hydreigon, M|100/100\n|-damage|p2a: Hydreigon|88/100|[from] Stealth Rock\n|move|p1a: Kingdra|Draco Meteor|p2a: Hydreigon\n|-supereffective|p2a: Hydreigon\n|-damage|p2a: Hydreigon|0 fnt\n|-unboost|p1a: Kingdra|spa|2\n|faint|p2a: Hydreigon\n|\n|upkeep\n|inactive|Bidofo's Infernape has 120 seconds left.\n|\n|t:|1771228841\n|switch|p2a: Great Tusk|Great Tusk|88/100\n|-damage|p2a: Great Tusk|85/100|[from] Stealth Rock\n|turn|25\n|\n|t:|1771228847\n|switch|p1a: Pelipper|Pelipper, M|100/100\n|-damage|p1a: Pelipper|76/100|[from] Stealth Rock\n|-weather|RainDance|[from] ability: Drizzle|[of] p1a: Pelipper\n|move|p2a: Great Tusk|Rapid Spin|p1a: Pelipper\n|-damage|p1a: Pelipper|58/100\n|-boost|p2a: Great Tusk|spe|1\n|-sideend|p2: Bidofo's Infernape|Stealth Rock|[from] move: Rapid Spin|[of] p2a: Great Tusk\n|\n|-weather|RainDance|[upkeep]\n|upkeep\n|turn|26\n|inactive|Bidofo's Infernape has 120 seconds left.\n|\n|t:|1771228874\n|-end|p2a: Great Tusk|Protosynthesis|[silent]\n|switch|p2a: Alomomola|Alomomola, M|61/100\n|move|p1a: Pelipper|U-turn|p2a: Alomomola\n|-damage|p2a: Alomomola|54/100\n|inactive|Pyroblaze212 has 120 seconds left.\n|\n|t:|1771228906\n|switch|p1a: Barraskewda|Barraskewda, M, tera:Water|31/100|[from] U-turn\n|-damage|p1a: Barraskewda|19/100|[from] Stealth Rock\n|\n|-weather|RainDance|[upkeep]\n|upkeep\n|turn|27\n|inactive|Bidofo's Infernape has 120 seconds left.\n|\n|t:|1771228918\n|move|p1a: Barraskewda|Liquidation|p2a: Alomomola\n|-resisted|p2a: Alomomola\n|-damage|p2a: Alomomola|0 fnt\n|faint|p2a: Alomomola\n|\n|-weather|RainDance|[upkeep]\n|upkeep\n|\n|t:|1771228920\n|switch|p2a: Great Tusk|Great Tusk|85/100\n|turn|28\n|\n|t:|1771228928\n|-terastallize|p2a: Great Tusk|Fighting\n|move|p1a: Barraskewda|Liquidation|p2a: Great Tusk\n|-damage|p2a: Great Tusk|0 fnt\n|faint|p2a: Great Tusk\n|-end|p2a: Great Tusk|Protosynthesis|[silent]\n|\n|win|Pyroblaze212\n|raw|Pyroblaze212's rating: 1538 &rarr; <strong>1562</strong><br />(+24 for winning)\n|raw|Bidofo&apos;s Infernape's rating: 1608 &rarr; <strong>1584</strong><br />(-24 for losing)\n|l|☆Bidofo's Infernape\n|player|p2|\n|l|☆Pyroblaze212\n|player|p1|\n", "uploadtime": 1771229169, "views": 8, "formatid": "gen9ou", "rating": 1562, "private": 0, "password": null}