{"id": "gen9ou-2647730320", "format": "[Gen 9] OU", "players": ["MiMiQuiu01", "grabmann"], "log": "|j|☆MiMiQuiu01\n|j|☆grabmann\n|t:|1783802955\n|gametype|singles\n|player|p1|MiMiQuiu01|266|1220\n|player|p2|grabmann|spenser-gen3|1195\n|gen|9\n|tier|[Gen 9] OU\n|rated|\n|rule|HP Percentage Mod: HP is shown in percentages\n|rule|Endless Battle Clause: Forcing endless battles is banned\n|rule|Species Clause: Limit one of each Pokémon\n|rule|OHKO Clause: OHKO moves are banned\n|rule|Evasion Items Clause: Evasion items are banned\n|rule|Evasion Moves Clause: Evasion moves are banned\n|rule|Evasion Abilities Clause: Evasion abilities are banned\n|rule|Sleep Moves Clause: Sleep-inducing moves are banned\n|clearpoke\n|poke|p1|Brambleghast, M|\n|poke|p1|Mimikyu, M|\n|poke|p1|Ceruledge, F|\n|poke|p1|Pecharunt|\n|poke|p1|Hoopa|\n|poke|p1|Gholdengo|\n|poke|p2|Excadrill, M|\n|poke|p2|Feraligatr, M|\n|poke|p2|Latios, M|\n|poke|p2|Scizor, M|\n|poke|p2|Iron Moth|\n|poke|p2|Zapdos|\n|teampreview\n|inactive|Battle timer is ON: inactive players will automatically lose when time's up. (requested by grabmann)\n|inactive|grabmann has 120 seconds left.\n|l|☆MiMiQuiu01\n|inactive|MiMiQuiu01 disconnected and has a minute to reconnect!\n|player|p1|\n|\n|t:|1783802997\n|teamsize|p1|6\n|teamsize|p2|6\n|start\n|switch|p1a: Hoopa|Hoopa|100/100\n|switch|p2a: Excadrill|Excadrill, M|100/100\n|-ability|p2a: Excadrill|Mold Breaker\n|turn|1\n|j|☆MiMiQuiu01\n|inactive|MiMiQuiu01 reconnected and has 150 seconds left.\n|player|p1|MiMiQuiu01|266|\n|\n|t:|1783803010\n|move|p2a: Excadrill|Stealth Rock|p1a: Hoopa\n|-sidestart|p1: MiMiQuiu01|move: Stealth Rock\n|move|p1a: Hoopa|Focus Blast|p2a: Excadrill\n|-supereffective|p2a: Excadrill\n|-enditem|p2a: Excadrill|Focus Sash\n|-damage|p2a: Excadrill|1/100\n|\n|upkeep\n|turn|2\n|\n|t:|1783803018\n|move|p2a: Excadrill|Earthquake|p1a: Hoopa\n|-damage|p1a: Hoopa|23/100\n|move|p1a: Hoopa|Shadow Ball|p2a: Excadrill\n|-damage|p2a: Excadrill|0 fnt\n|faint|p2a: Excadrill\n|\n|upkeep\n|\n|t:|1783803037\n|switch|p2a: Feraligatr|Feraligatr, M|100/100\n|turn|3\n|\n|t:|1783803048\n|move|p2a: Feraligatr|Liquidation|p1a: Hoopa\n|-damage|p1a: Hoopa|0 fnt\n|faint|p1a: Hoopa\n|\n|upkeep\n|\n|t:|1783803056\n|switch|p1a: Brambleghast|Brambleghast, M|100/100\n|-damage|p1a: Brambleghast|88/100|[from] Stealth Rock\n|turn|4\n|\n|t:|1783803069\n|switch|p2a: Scizor|Scizor, M|100/100\n|move|p1a: Brambleghast|Rapid Spin|p2a: Scizor\n|-resisted|p2a: Scizor\n|-damage|p2a: Scizor|91/100\n|-boost|p1a: Brambleghast|spe|1\n|-sideend|p1: MiMiQuiu01|Stealth Rock|[from] move: Rapid Spin|[of] p1a: Brambleghast\n|\n|upkeep\n|turn|5\n|\n|t:|1783803076\n|move|p1a: Brambleghast|Spikes|p2a: Scizor\n|-sidestart|p2: grabmann|Spikes\n|move|p2a: Scizor|Knock Off|p1a: Brambleghast\n|-supereffective|p1a: Brambleghast\n|-damage|p1a: Brambleghast|0 fnt\n|-enditem|p1a: Brambleghast|Focus Sash|[from] move: Knock Off|[of] p2a: Scizor\n|faint|p1a: Brambleghast\n|-damage|p2a: Scizor|81/100|[from] item: Life Orb\n|\n|upkeep\n|\n|t:|1783803086\n|switch|p1a: Ceruledge|Ceruledge, F|100/100\n|-item|p1a: Ceruledge|Air Balloon\n|turn|6\n|\n|t:|1783803102\n|-terastallize|p2a: Scizor|Dark\n|move|p2a: Scizor|Knock Off|p1a: Ceruledge\n|-supereffective|p1a: Ceruledge\n|-crit|p1a: Ceruledge\n|-damage|p1a: Ceruledge|0 fnt\n|-enditem|p1a: Ceruledge|Air Balloon\n|faint|p1a: Ceruledge\n|-damage|p2a: Scizor|71/100|[from] item: Life Orb\n|\n|upkeep\n|\n|t:|1783803115\n|switch|p1a: Mimikyu|Mimikyu, M|100/100\n|turn|7\n|\n|t:|1783803118\n|move|p1a: Mimikyu|Swords Dance|p1a: Mimikyu\n|-boost|p1a: Mimikyu|atk|2\n|move|p2a: Scizor|Knock Off|p1a: Mimikyu\n|-activate|p1a: Mimikyu|ability: Disguise\n|-damage|p1a: Mimikyu|100/100\n|-enditem|p1a: Mimikyu|Red Card|[from] move: Knock Off|[of] p2a: Scizor\n|detailschange|p1a: Mimikyu|Mimikyu-Busted, M\n|-damage|p1a: Mimikyu|88/100|[from] pokemon: Mimikyu-Busted\n|-damage|p2a: Scizor|62/100|[from] item: Life Orb\n|\n|upkeep\n|turn|8\n|\n|t:|1783803127\n|move|p2a: Scizor|Bullet Punch|p1a: Mimikyu\n|-supereffective|p1a: Mimikyu\n|-damage|p1a: Mimikyu|0 fnt\n|faint|p1a: Mimikyu\n|-damage|p2a: Scizor|52/100|[from] item: Life Orb\n|\n|upkeep\n|-message|MiMiQuiu01 forfeited.\n|\n|win|grabmann\n|raw|MiMiQuiu01's rating: 1220 &rarr; <strong>1193</strong><br />(-27 for losing)\n|raw|grabmann's rating: 1195 &rarr; <strong>1222</strong><br />(+27 for winning)\n|l|☆MiMiQuiu01\n|player|p1|\n|l|☆grabmann\n|player|p2|\n", "uploadtime": 1783803424, "views": 14, "formatid": "gen9ou", "rating": 1193, "private": 0, "password": null}