{"id": "gen9ou-2540842208", "format": "[Gen 9] OU", "players": ["winfiftyfifties", "Mr Tpen"], "log": "|badge|p2|bronze|gen9ou|100-8\n|uhtml|medal-msg|<div class=\"broadcast-blue\">Curious what those medals under the avatar are? PS now has Ladder Seasons! For more information, check out the <a href=\"https://www.smogon.com/forums/threads/3740067/\">thread on Smogon.</a></div>\n|j|‽winfiftyfifties\n|j|☆Mr Tpen\n|t:|1771259652\n|gametype|singles\n|player|p1|winfiftyfifties|102|1797\n|player|p2|Mr Tpen|101|1848\n|gen|9\n|tier|[Gen 9] OU\n|rated|\n|rule|HP Percentage Mod: HP is shown in percentages\n|rule|Endless Battle Clause: Forcing endless battles is banned\n|rule|Species Clause: Limit one of each Pokémon\n|rule|OHKO Clause: OHKO moves are banned\n|rule|Evasion Items Clause: Evasion items are banned\n|rule|Evasion Moves Clause: Evasion moves are banned\n|rule|Evasion Abilities Clause: Evasion abilities are banned\n|rule|Sleep Moves Clause: Sleep-inducing moves are banned\n|clearpoke\n|poke|p1|Landorus-Therian, M|\n|poke|p1|Ogerpon-Wellspring, F|\n|poke|p1|Dragapult, F|\n|poke|p1|Darkrai|\n|poke|p1|Arcanine-Hisui, M|\n|poke|p1|Scizor, F|\n|poke|p2|Enamorus, F|\n|poke|p2|Kyurem|\n|poke|p2|Landorus-Therian, M|\n|poke|p2|Kingambit, F|\n|poke|p2|Ogerpon-Wellspring, F|\n|poke|p2|Glimmora, F|\n|teampreview\n|inactive|Battle timer is ON: inactive players will automatically lose when time's up. (requested by Mr Tpen)\n|\n|t:|1771259667\n|teamsize|p1|6\n|teamsize|p2|6\n|start\n|switch|p1a: Scizor|Scizor, F|100/100\n|switch|p2a: Kyurem|Kyurem|100/100\n|-ability|p2a: Kyurem|Pressure\n|turn|1\n|\n|t:|1771259671\n|switch|p2a: Glimmora|Glimmora, F|100/100\n|move|p1a: Scizor|Bullet Punch|p2a: Glimmora\n|-supereffective|p2a: Glimmora\n|-damage|p2a: Glimmora|30/100\n|-activate|p2a: Glimmora|ability: Toxic Debris\n|-sidestart|p1: winfiftyfifties|move: Toxic Spikes\n|-enditem|p2a: Glimmora|Red Card|[of] p1a: Scizor\n|drag|p1a: Arcanine|Arcanine-Hisui, M|100/100\n|-status|p1a: Arcanine|psn\n|\n|-damage|p1a: Arcanine|88/100 psn|[from] psn\n|upkeep\n|turn|2\n|\n|t:|1771259677\n|move|p1a: Arcanine|Flare Blitz|p2a: Glimmora\n|-resisted|p2a: Glimmora\n|-damage|p2a: Glimmora|0 fnt\n|-activate|p2a: Glimmora|ability: Toxic Debris\n|-sidestart|p1: winfiftyfifties|move: Toxic Spikes\n|faint|p2a: Glimmora\n|\n|-damage|p1a: Arcanine|76/100 psn|[from] psn\n|upkeep\n|\n|t:|1771259679\n|switch|p2a: Ogerpon|Ogerpon-Wellspring, F|100/100\n|turn|3\n|\n|t:|1771259687\n|switch|p1a: Ogerpon|Ogerpon-Wellspring, F|100/100\n|-status|p1a: Ogerpon|tox\n|move|p2a: Ogerpon|Ivy Cudgel|p1a: Ogerpon|[anim] Ivy Cudgel Water\n|-immune|p1a: Ogerpon|[from] ability: Water Absorb\n|\n|-damage|p1a: Ogerpon|95/100 tox|[from] psn\n|upkeep\n|turn|4\n|\n|t:|1771259691\n|move|p2a: Ogerpon|U-turn|p1a: Ogerpon\n|-supereffective|p1a: Ogerpon\n|-damage|p1a: Ogerpon|19/100 tox\n|\n|t:|1771259693\n|switch|p2a: Landorus|Landorus-Therian, M|100/100|[from] U-turn\n|-ability|p2a: Landorus|Intimidate|boost\n|-unboost|p1a: Ogerpon|atk|1\n|move|p1a: Ogerpon|U-turn|p2a: Landorus\n|-resisted|p2a: Landorus\n|-damage|p2a: Landorus|91/100\n|-damage|p1a: Ogerpon|2/100 tox|[from] item: Rocky Helmet|[of] p2a: Landorus\n|\n|t:|1771259702\n|switch|p1a: Scizor|Scizor, F|100/100|[from] U-turn\n|\n|upkeep\n|turn|5\n|\n|t:|1771259704\n|move|p2a: Landorus|Taunt|p1a: Scizor\n|-start|p1a: Scizor|move: Taunt\n|cant|p1a: Scizor|move: Taunt|Defog\n|\n|upkeep\n|turn|6\n|\n|t:|1771259708\n|switch|p1a: Landorus|Landorus-Therian, M|100/100\n|-ability|p1a: Landorus|Intimidate|boost\n|-unboost|p2a: Landorus|atk|1\n|move|p2a: Landorus|Stealth Rock|p1a: Landorus\n|-sidestart|p1: winfiftyfifties|move: Stealth Rock\n|\n|upkeep\n|turn|7\n|\n|t:|1771259717\n|switch|p2a: Ogerpon|Ogerpon-Wellspring, F|100/100\n|move|p1a: Landorus|U-turn|p2a: Ogerpon\n|-supereffective|p2a: Ogerpon\n|-damage|p2a: Ogerpon|0 fnt\n|faint|p2a: Ogerpon\n|\n|t:|1771259737\n|switch|p1a: Scizor|Scizor, F|100/100|[from] U-turn\n|-damage|p1a: Scizor|88/100|[from] Stealth Rock\n|\n|upkeep\n|\n|t:|1771259739\n|switch|p2a: Landorus|Landorus-Therian, M|91/100\n|-ability|p2a: Landorus|Intimidate|boost\n|-unboost|p1a: Scizor|atk|1\n|turn|8\n|\n|t:|1771259745\n|switch|p1a: Ogerpon|Ogerpon-Wellspring, F|2/100 tox\n|-damage|p1a: Ogerpon|0 fnt|[from] Stealth Rock\n|faint|p1a: Ogerpon\n|move|p2a: Landorus|Taunt|p1: Ogerpon|[notarget]\n|-fail|p2a: Landorus\n|\n|upkeep\n|\n|t:|1771259759\n|switch|p1a: Darkrai|Darkrai|100/100\n|-status|p1a: Darkrai|tox\n|-damage|p1a: Darkrai|88/100 tox|[from] Stealth Rock\n|turn|9\n|\n|t:|1771259767\n|switch|p2a: Kyurem|Kyurem|100/100\n|-ability|p2a: Kyurem|Pressure\n|move|p1a: Darkrai|Ice Beam|p2a: Kyurem\n|-damage|p2a: Kyurem|52/100\n|\n|-damage|p1a: Darkrai|82/100 tox|[from] psn\n|upkeep\n|turn|10\n|\n|t:|1771259771\n|move|p2a: Kyurem|Draco Meteor|p1a: Darkrai\n|-damage|p1a: Darkrai|0 fnt\n|-unboost|p2a: Kyurem|spa|2\n|faint|p1a: Darkrai\n|\n|upkeep\n|\n|t:|1771259775\n|switch|p1a: Scizor|Scizor, F|88/100\n|-damage|p1a: Scizor|76/100|[from] Stealth Rock\n|turn|11\n|\n|t:|1771259777\n|switch|p2a: Landorus|Landorus-Therian, M|91/100\n|-ability|p2a: Landorus|Intimidate|boost\n|-unboost|p1a: Scizor|atk|1\n|move|p1a: Scizor|Defog|p2a: Landorus\n|-unboost|p2a: Landorus|evasion|1\n|-sideend|p1: winfiftyfifties|Toxic Spikes|[from] move: Defog|[of] p1a: Scizor\n|-sideend|p1: winfiftyfifties|Stealth Rock|[from] move: Defog|[of] p1a: Scizor\n|\n|upkeep\n|turn|12\n|\n|t:|1771259785\n|switch|p1a: Landorus|Landorus-Therian, M|100/100\n|-ability|p1a: Landorus|Intimidate|boost\n|-unboost|p2a: Landorus|atk|1\n|move|p2a: Landorus|Stealth Rock|p1a: Landorus\n|-sidestart|p1: winfiftyfifties|move: Stealth Rock\n|\n|upkeep\n|turn|13\n|\n|t:|1771259792\n|move|p2a: Landorus|Taunt|p1a: Landorus\n|-start|p1a: Landorus|move: Taunt\n|move|p1a: Landorus|Stone Edge|p2a: Landorus\n|-damage|p2a: Landorus|27/100\n|\n|upkeep\n|turn|14\n|\n|t:|1771259798\n|move|p2a: Landorus|Smack Down|p1a: Landorus\n|-damage|p1a: Landorus|88/100\n|-start|p1a: Landorus|Smack Down\n|move|p1a: Landorus|Stone Edge|p2a: Landorus\n|-damage|p2a: Landorus|0 fnt\n|faint|p2a: Landorus\n|\n|upkeep\n|\n|t:|1771259804\n|switch|p2a: Kyurem|Kyurem|52/100\n|-ability|p2a: Kyurem|Pressure\n|turn|15\n|\n|t:|1771259809\n|move|p2a: Kyurem|Ice Beam|p1a: Landorus\n|-supereffective|p1a: Landorus\n|-damage|p1a: Landorus|0 fnt\n|faint|p1a: Landorus\n|\n|upkeep\n|\n|t:|1771259822\n|switch|p1a: Arcanine|Arcanine-Hisui, M|76/100 psn\n|-damage|p1a: Arcanine|51/100 psn|[from] Stealth Rock\n|turn|16\n|\n|t:|1771259826\n|move|p2a: Kyurem|Ice Beam|p1a: Arcanine\n|-resisted|p1a: Arcanine\n|-damage|p1a: Arcanine|20/100 psn\n|move|p1a: Arcanine|Flare Blitz|p2a: Kyurem\n|-damage|p2a: Kyurem|0 fnt\n|faint|p2a: Kyurem\n|\n|-damage|p1a: Arcanine|8/100 psn|[from] psn\n|upkeep\n|\n|t:|1771259831\n|switch|p2a: Enamorus|Enamorus, F|100/100\n|turn|17\n|\n|t:|1771259833\n|move|p2a: Enamorus|Superpower|p1a: Arcanine\n|-supereffective|p1a: Arcanine\n|-damage|p1a: Arcanine|0 fnt\n|-boost|p2a: Enamorus|atk|1\n|-boost|p2a: Enamorus|def|1\n|faint|p1a: Arcanine\n|\n|upkeep\n|\n|t:|1771259837\n|switch|p1a: Scizor|Scizor, F|76/100\n|-damage|p1a: Scizor|64/100|[from] Stealth Rock\n|turn|18\n|\n|t:|1771259842\n|move|p1a: Scizor|Bullet Punch|p2a: Enamorus\n|-supereffective|p2a: Enamorus\n|-damage|p2a: Enamorus|0 fnt\n|faint|p2a: Enamorus\n|\n|upkeep\n|\n|t:|1771259844\n|switch|p2a: Kingambit|Kingambit, F|100/100\n|-activate|p2a: Kingambit|ability: Supreme Overlord\n|-start|p2a: Kingambit|fallen5|[silent]\n|-item|p2a: Kingambit|Air Balloon\n|turn|19\n|\n|t:|1771259847\n|switch|p1a: Dragapult|Dragapult, F|100/100\n|-damage|p1a: Dragapult|88/100|[from] Stealth Rock\n|move|p2a: Kingambit|Low Kick|p1a: Dragapult\n|-immune|p1a: Dragapult\n|\n|upkeep\n|turn|20\n|\n|t:|1771259852\n|move|p1a: Dragapult|Will-O-Wisp|p2a: Kingambit\n|-status|p2a: Kingambit|brn\n|move|p2a: Kingambit|Swords Dance|p2a: Kingambit\n|-boost|p2a: Kingambit|atk|2\n|\n|-damage|p2a: Kingambit|94/100 brn|[from] brn\n|upkeep\n|turn|21\n|\n|t:|1771259862\n|move|p1a: Dragapult|Will-O-Wisp|p2a: Kingambit\n|-fail|p2a: Kingambit|brn\n|move|p2a: Kingambit|Iron Head|p1a: Dragapult\n|-damage|p1a: Dragapult|5/100\n|\n|-damage|p2a: Kingambit|88/100 brn|[from] brn\n|upkeep\n|turn|22\n|\n|t:|1771259871\n|switch|p1a: Scizor|Scizor, F|64/100\n|-damage|p1a: Scizor|52/100|[from] Stealth Rock\n|move|p2a: Kingambit|Sucker Punch||[still]\n|-fail|p2a: Kingambit\n|\n|-damage|p2a: Kingambit|82/100 brn|[from] brn\n|upkeep\n|turn|23\n|\n|t:|1771259880\n|move|p2a: Kingambit|Low Kick|p1a: Scizor\n|-damage|p1a: Scizor|0 fnt\n|faint|p1a: Scizor\n|\n|-damage|p2a: Kingambit|76/100 brn|[from] brn\n|upkeep\n|-message|winfiftyfifties forfeited.\n|\n|win|Mr Tpen\n|raw|winfiftyfifties's rating: 1797 &rarr; <strong>1780</strong><br />(-17 for losing)\n|raw|Mr Tpen's rating: 1848 &rarr; <strong>1865</strong><br />(+17 for winning)\n|l|‽winfiftyfifties\n|player|p1|\n|l|☆Mr Tpen\n|player|p2|\n", "uploadtime": 1771260131, "views": 6, "formatid": "gen9ou", "rating": 1780, "private": 0, "password": null}