{"id": "gen9ou-2639227715", "format": "[Gen 9] OU", "players": ["UGBlack", "Rod250607"], "log": "|j|☆UGBlack\n|j|☆Rod250607\n|t:|1782437185\n|gametype|singles\n|player|p1|UGBlack|2|1065\n|player|p2|Rod250607|hilbert|1066\n|gen|9\n|tier|[Gen 9] OU\n|rated|\n|rule|HP Percentage Mod: HP is shown in percentages\n|rule|Endless Battle Clause: Forcing endless battles is banned\n|rule|Species Clause: Limit one of each Pokémon\n|rule|OHKO Clause: OHKO moves are banned\n|rule|Evasion Items Clause: Evasion items are banned\n|rule|Evasion Moves Clause: Evasion moves are banned\n|rule|Evasion Abilities Clause: Evasion abilities are banned\n|rule|Sleep Moves Clause: Sleep-inducing moves are banned\n|clearpoke\n|poke|p1|Kommo-o, M|\n|poke|p1|Great Tusk|\n|poke|p1|Mimikyu, F|\n|poke|p1|Maushold|\n|poke|p1|Iron Jugulis|\n|poke|p1|Clefable, F|\n|poke|p2|Sableye, M|\n|poke|p2|Malamar, M|\n|poke|p2|Ariados, M|\n|poke|p2|Basculin, M|\n|poke|p2|Dedenne, M|\n|poke|p2|Arbok, M|\n|teampreview\n|\n|t:|1782437195\n|teamsize|p1|6\n|teamsize|p2|6\n|start\n|switch|p1a: Maushold|Maushold|100/100\n|switch|p2a: Ariados|Ariados, M|100/100\n|turn|1\n|inactive|Battle timer is ON: inactive players will automatically lose when time's up. (requested by UGBlack)\n|\n|t:|1782437201\n|move|p1a: Maushold|Tidy Up|p1a: Maushold\n|-boost|p1a: Maushold|atk|1\n|-boost|p1a: Maushold|spe|1\n|move|p2a: Ariados|Cross Poison|p1a: Maushold\n|-damage|p1a: Maushold|50/100\n|\n|upkeep\n|turn|2\n|\n|t:|1782437217\n|switch|p2a: Sableye|Sableye, M|100/100\n|move|p1a: Maushold|Population Bomb|p2a: Sableye\n|-immune|p2a: Sableye\n|\n|upkeep\n|turn|3\n|inactive|UGBlack has 120 seconds left.\n|\n|t:|1782437246\n|move|p2a: Sableye|Will-O-Wisp|p1a: Maushold\n|-status|p1a: Maushold|brn\n|move|p1a: Maushold|Bullet Seed|p2a: Sableye\n|-damage|p2a: Sableye|93/100\n|-damage|p2a: Sableye|86/100\n|-damage|p2a: Sableye|79/100\n|-damage|p2a: Sableye|72/100\n|-damage|p2a: Sableye|65/100\n|-hitcount|p2a: Sableye|5\n|\n|-damage|p1a: Maushold|44/100 brn|[from] brn\n|upkeep\n|turn|4\n|\n|t:|1782437256\n|move|p2a: Sableye|Encore|p1a: Maushold\n|-start|p1a: Maushold|Encore\n|move|p1a: Maushold|Bullet Seed|p2a: Sableye\n|-damage|p2a: Sableye|58/100\n|-damage|p2a: Sableye|51/100\n|-damage|p2a: Sableye|43/100\n|-damage|p2a: Sableye|36/100\n|-hitcount|p2a: Sableye|4\n|\n|-damage|p1a: Maushold|38/100 brn|[from] brn\n|upkeep\n|turn|5\n|\n|t:|1782437266\n|move|p2a: Sableye|Recover|p2a: Sableye\n|-heal|p2a: Sableye|86/100\n|move|p1a: Maushold|Bullet Seed|p2a: Sableye\n|-damage|p2a: Sableye|79/100\n|-damage|p2a: Sableye|72/100\n|-damage|p2a: Sableye|65/100\n|-damage|p2a: Sableye|58/100\n|-damage|p2a: Sableye|52/100\n|-hitcount|p2a: Sableye|5\n|\n|-damage|p1a: Maushold|32/100 brn|[from] brn\n|upkeep\n|turn|6\n|\n|t:|1782437276\n|move|p1a: Maushold|Bullet Seed|p2a: Sableye\n|-damage|p2a: Sableye|44/100\n|-damage|p2a: Sableye|36/100\n|-damage|p2a: Sableye|29/100\n|-damage|p2a: Sableye|21/100\n|-damage|p2a: Sableye|14/100\n|-hitcount|p2a: Sableye|5\n|move|p2a: Sableye|Foul Play|p1a: Maushold\n|-damage|p1a: Maushold|0 fnt\n|faint|p1a: Maushold\n|\n|upkeep\n|\n|t:|1782437288\n|switch|p1a: Mimikyu|Mimikyu, F|100/100\n|turn|7\n|\n|t:|1782437300\n|switch|p2a: Arbok|Arbok, M|100/100\n|move|p1a: Mimikyu|Shadow Sneak|p2a: Arbok\n|-damage|p2a: Arbok|70/100\n|\n|-heal|p2a: Arbok|76/100|[from] item: Leftovers\n|upkeep\n|turn|8\n|\n|t:|1782437314\n|move|p2a: Arbok|Poison Jab|p1a: Mimikyu\n|-activate|p1a: Mimikyu|ability: Disguise\n|-damage|p1a: Mimikyu|100/100\n|detailschange|p1a: Mimikyu|Mimikyu-Busted, F\n|-damage|p1a: Mimikyu|88/100|[from] pokemon: Mimikyu-Busted\n|-enditem|p1a: Mimikyu|Red Card|[of] p2a: Arbok\n|drag|p2a: Sableye|Sableye, M|14/100\n|move|p1a: Mimikyu|Swords Dance|p1a: Mimikyu\n|-boost|p1a: Mimikyu|atk|2\n|\n|upkeep\n|turn|9\n|\n|t:|1782437325\n|move|p1a: Mimikyu|Shadow Sneak|p2a: Sableye\n|-damage|p2a: Sableye|0 fnt\n|-damage|p1a: Mimikyu|72/100|[from] item: Rocky Helmet|[of] p2a: Sableye\n|faint|p2a: Sableye\n|\n|upkeep\n|\n|t:|1782437343\n|switch|p2a: Basculin|Basculin, M, shiny|100/100\n|turn|10\n|\n|t:|1782437353\n|move|p2a: Basculin|Wave Crash|p1a: Mimikyu\n|-damage|p1a: Mimikyu|0 fnt\n|faint|p1a: Mimikyu\n|-damage|p2a: Basculin|80/100|[from] Recoil\n|\n|upkeep\n|\n|t:|1782437362\n|switch|p1a: Iron Jugulis|Iron Jugulis|100/100\n|-enditem|p1a: Iron Jugulis|Booster Energy\n|-activate|p1a: Iron Jugulis|ability: Quark Drive|[fromitem]\n|-start|p1a: Iron Jugulis|quarkdrivespa\n|turn|11\n|\n|t:|1782437366\n|move|p2a: Basculin|Wave Crash|p1a: Iron Jugulis\n|-damage|p1a: Iron Jugulis|23/100\n|-damage|p2a: Basculin|49/100|[from] Recoil\n|move|p1a: Iron Jugulis|Dark Pulse|p2a: Basculin\n|-crit|p2a: Basculin\n|-damage|p2a: Basculin|0 fnt\n|faint|p2a: Basculin\n|\n|upkeep\n|\n|t:|1782437381\n|switch|p2a: Malamar|Malamar, M|100/100\n|turn|12\n|\n|t:|1782437389\n|move|p1a: Iron Jugulis|Air Slash|p2a: Malamar\n|-crit|p2a: Malamar\n|-damage|p2a: Malamar|43/100\n|move|p2a: Malamar|Superpower|p1a: Iron Jugulis\n|-damage|p1a: Iron Jugulis|0 fnt\n|-boost|p2a: Malamar|atk|1\n|-boost|p2a: Malamar|def|1\n|faint|p1a: Iron Jugulis\n|-end|p1a: Iron Jugulis|Quark Drive|[silent]\n|\n|-heal|p2a: Malamar|49/100|[from] item: Leftovers\n|upkeep\n|inactive|UGBlack has 120 seconds left.\n|\n|t:|1782437428\n|switch|p1a: Kommo-o|Kommo-o, M|100/100\n|turn|13\n|\n|t:|1782437440\n|-terastallize|p2a: Malamar|Fairy\n|move|p1a: Kommo-o|Dragon Dance|p1a: Kommo-o\n|-boost|p1a: Kommo-o|atk|1\n|-boost|p1a: Kommo-o|spe|1\n|move|p2a: Malamar|Superpower|p1a: Kommo-o\n|-damage|p1a: Kommo-o|66/100\n|-boost|p2a: Malamar|atk|1\n|-boost|p2a: Malamar|def|1\n|\n|-heal|p2a: Malamar|55/100|[from] item: Leftovers\n|upkeep\n|turn|14\n|inactive|UGBlack has 120 seconds left.\n|\n|t:|1782437462\n|move|p1a: Kommo-o|Poison Jab|p2a: Malamar\n|-supereffective|p2a: Malamar\n|-damage|p2a: Malamar|6/100\n|-damage|p1a: Kommo-o|56/100|[from] item: Life Orb\n|move|p2a: Malamar|Superpower|p1a: Kommo-o\n|-damage|p1a: Kommo-o|6/100\n|-boost|p2a: Malamar|atk|1\n|-boost|p2a: Malamar|def|1\n|\n|-heal|p2a: Malamar|12/100|[from] item: Leftovers\n|upkeep\n|turn|15\n|\n|t:|1782437473\n|move|p1a: Kommo-o|Poison Jab|p2a: Malamar\n|-supereffective|p2a: Malamar\n|-damage|p2a: Malamar|0 fnt\n|faint|p2a: Malamar\n|-damage|p1a: Kommo-o|0 fnt|[from] item: Life Orb\n|faint|p1a: Kommo-o\n|\n|upkeep\n|\n|t:|1782437484\n|switch|p1a: Goku|Great Tusk, shiny|100/100\n|switch|p2a: Ariados|Ariados, M|100/100\n|turn|16\n|\n|t:|1782437493\n|move|p1a: Goku|Stealth Rock|p2a: Ariados\n|-sidestart|p2: Rod250607|move: Stealth Rock\n|move|p2a: Ariados|Cross Poison|p1a: Goku\n|-resisted|p1a: Goku\n|-crit|p1a: Goku\n|-damage|p1a: Goku|76/100\n|\n|upkeep\n|turn|17\n|\n|t:|1782437504\n|move|p1a: Goku|Earthquake|p2a: Ariados\n|-damage|p2a: Ariados|20/100\n|move|p2a: Ariados|Cross Poison|p1a: Goku\n|-resisted|p1a: Goku\n|-crit|p1a: Goku\n|-damage|p1a: Goku|52/100\n|\n|upkeep\n|turn|18\n|\n|t:|1782437512\n|move|p1a: Goku|Earthquake|p2a: Ariados\n|-damage|p2a: Ariados|0 fnt\n|faint|p2a: Ariados\n|\n|upkeep\n|\n|t:|1782437514\n|switch|p2a: Dedenne|Dedenne, M|100/100\n|-damage|p2a: Dedenne|88/100|[from] Stealth Rock\n|turn|19\n|\n|t:|1782437520\n|move|p2a: Dedenne|Dazzling Gleam|p1a: Goku\n|-supereffective|p1a: Goku\n|-damage|p1a: Goku|0 fnt\n|faint|p1a: Goku\n|-end|p1a: Goku|Protosynthesis|[silent]\n|\n|upkeep\n|\n|t:|1782437526\n|switch|p1a: Clefable|Clefable, F|100/100\n|turn|20\n|\n|t:|1782437532\n|-terastallize|p1a: Clefable|Steel\n|move|p2a: Dedenne|Nuzzle|p1a: Clefable\n|-damage|p1a: Clefable|97/100\n|-status|p1a: Clefable|par\n|move|p1a: Clefable|Cosmic Power|p1a: Clefable\n|-boost|p1a: Clefable|def|1\n|-boost|p1a: Clefable|spd|1\n|\n|upkeep\n|turn|21\n|\n|t:|1782437542\n|move|p2a: Dedenne|Super Fang|p1a: Clefable\n|-damage|p1a: Clefable|49/100 par\n|cant|p1a: Clefable|par\n|\n|upkeep\n|turn|22\n|\n|t:|1782437547\n|move|p2a: Dedenne|Super Fang|p1a: Clefable\n|-damage|p1a: Clefable|25/100 par\n|move|p1a: Clefable|Moonlight|p1a: Clefable\n|-heal|p1a: Clefable|75/100 par\n|\n|upkeep\n|turn|23\n|\n|t:|1782437553\n|move|p2a: Dedenne|Super Fang|p1a: Clefable|[miss]\n|-miss|p2a: Dedenne|p1a: Clefable\n|move|p1a: Clefable|Cosmic Power|p1a: Clefable\n|-boost|p1a: Clefable|def|1\n|-boost|p1a: Clefable|spd|1\n|\n|upkeep\n|turn|24\n|\n|t:|1782437562\n|move|p2a: Dedenne|Super Fang|p1a: Clefable\n|-damage|p1a: Clefable|38/100 par\n|move|p1a: Clefable|Cosmic Power|p1a: Clefable\n|-boost|p1a: Clefable|def|1\n|-boost|p1a: Clefable|spd|1\n|\n|upkeep\n|turn|25\n|\n|t:|1782437571\n|move|p2a: Dedenne|Super Fang|p1a: Clefable\n|-damage|p1a: Clefable|19/100 par\n|move|p1a: Clefable|Moonlight|p1a: Clefable\n|-heal|p1a: Clefable|69/100 par\n|\n|upkeep\n|turn|26\n|\n|t:|1782437577\n|move|p2a: Dedenne|Super Fang|p1a: Clefable\n|-damage|p1a: Clefable|35/100 par\n|move|p1a: Clefable|Cosmic Power|p1a: Clefable\n|-boost|p1a: Clefable|def|1\n|-boost|p1a: Clefable|spd|1\n|\n|upkeep\n|turn|27\n|\n|t:|1782437584\n|move|p2a: Dedenne|Super Fang|p1a: Clefable\n|-damage|p1a: Clefable|18/100 par\n|move|p1a: Clefable|Moonlight|p1a: Clefable\n|-heal|p1a: Clefable|68/100 par\n|\n|upkeep\n|turn|28\n|\n|t:|1782437591\n|move|p2a: Dedenne|Super Fang|p1a: Clefable\n|-damage|p1a: Clefable|34/100 par\n|move|p1a: Clefable|Stored Power|p2a: Dedenne\n|-damage|p2a: Dedenne|16/100\n|-enditem|p2a: Dedenne|Sitrus Berry|[eat]\n|-heal|p2a: Dedenne|41/100|[from] item: Sitrus Berry\n|-heal|p2a: Dedenne|75/100|[from] ability: Cheek Pouch\n|\n|upkeep\n|turn|29\n|\n|t:|1782437599\n|move|p2a: Dedenne|Volt Switch|p1a: Clefable\n|-damage|p1a: Clefable|26/100 par\n|\n|t:|1782437602\n|switch|p2a: Arbok|Arbok, M|76/100|[from] Volt Switch\n|-damage|p2a: Arbok|64/100|[from] Stealth Rock\n|cant|p1a: Clefable|par\n|\n|-heal|p2a: Arbok|70/100|[from] item: Leftovers\n|upkeep\n|turn|30\n|\n|t:|1782437609\n|move|p2a: Arbok|Earthquake|p1a: Clefable\n|-supereffective|p1a: Clefable\n|-damage|p1a: Clefable|7/100 par\n|move|p1a: Clefable|Moonlight|p1a: Clefable\n|-heal|p1a: Clefable|57/100 par\n|\n|-heal|p2a: Arbok|76/100|[from] item: Leftovers\n|upkeep\n|turn|31\n|\n|t:|1782437619\n|move|p2a: Arbok|Earthquake|p1a: Clefable\n|-supereffective|p1a: Clefable\n|-damage|p1a: Clefable|39/100 par\n|move|p1a: Clefable|Moonlight|p1a: Clefable\n|-heal|p1a: Clefable|89/100 par\n|\n|-heal|p2a: Arbok|83/100|[from] item: Leftovers\n|upkeep\n|turn|32\n|\n|t:|1782437627\n|move|p2a: Arbok|Earthquake|p1a: Clefable\n|-supereffective|p1a: Clefable\n|-damage|p1a: Clefable|72/100 par\n|move|p1a: Clefable|Stored Power|p2a: Arbok\n|-supereffective|p2a: Arbok\n|-damage|p2a: Arbok|0 fnt\n|faint|p2a: Arbok\n|\n|upkeep\n|\n|t:|1782437629\n|switch|p2a: Dedenne|Dedenne, M|75/100\n|-damage|p2a: Dedenne|62/100|[from] Stealth Rock\n|turn|33\n|\n|t:|1782437636\n|move|p2a: Dedenne|Super Fang|p1a: Clefable\n|-damage|p1a: Clefable|36/100 par\n|move|p1a: Clefable|Stored Power|p2a: Dedenne\n|-damage|p2a: Dedenne|0 fnt\n|faint|p2a: Dedenne\n|\n|win|UGBlack\n|raw|UGBlack's rating: 1065 &rarr; <strong>1095</strong><br />(+30 for winning)\n|raw|Rod250607's rating: 1066 &rarr; <strong>1046</strong><br />(-20 for losing)\n|l|☆Rod250607\n|player|p2|\n", "uploadtime": 1782437995, "views": 5, "formatid": "gen9ou", "rating": 1046, "private": 0, "password": null}