{"id": "gen9ou-2647679067", "format": "[Gen 9] OU", "players": ["Josefe007", "Toddson"], "log": "|j|☆Josefe007\n|j|☆Toddson\n|t:|1783795116\n|gametype|singles\n|player|p1|Josefe007|pokemonranger-gen4|1201\n|player|p2|Toddson|265|1196\n|gen|9\n|tier|[Gen 9] OU\n|rated|\n|rule|HP Percentage Mod: HP is shown in percentages\n|rule|Endless Battle Clause: Forcing endless battles is banned\n|rule|Species Clause: Limit one of each Pokémon\n|rule|OHKO Clause: OHKO moves are banned\n|rule|Evasion Items Clause: Evasion items are banned\n|rule|Evasion Moves Clause: Evasion moves are banned\n|rule|Evasion Abilities Clause: Evasion abilities are banned\n|rule|Sleep Moves Clause: Sleep-inducing moves are banned\n|clearpoke\n|poke|p1|Mew|\n|poke|p1|Dragonite, F|\n|poke|p1|Alomomola, F|\n|poke|p1|Glimmora, M|\n|poke|p1|Snorlax, F|\n|poke|p1|Kingdra, F|\n|poke|p2|Gliscor, F|\n|poke|p2|Primarina, F|\n|poke|p2|Corviknight, M|\n|poke|p2|Dragapult, F|\n|poke|p2|Zamazenta-*|\n|poke|p2|Iron Valiant|\n|teampreview\n|l|☆Toddson\n|player|p2|\n|j|☆Toddson\n|player|p2|Toddson|265|\n|\n|t:|1783795142\n|teamsize|p1|6\n|teamsize|p2|6\n|start\n|switch|p1a: Mew|Mew|100/100\n|switch|p2a: Gliscor|Gliscor, F|100/100\n|turn|1\n|\n|t:|1783795149\n|move|p1a: Mew|Iron Defense|p1a: Mew\n|-boost|p1a: Mew|def|2\n|move|p2a: Gliscor|Knock Off|p1a: Mew\n|-supereffective|p1a: Mew\n|-damage|p1a: Mew|81/100\n|-enditem|p1a: Mew|Leftovers|[from] move: Knock Off|[of] p2a: Gliscor\n|\n|-status|p2a: Gliscor|tox|[from] item: Toxic Orb\n|upkeep\n|turn|2\n|\n|t:|1783795158\n|move|p1a: Mew|Iron Defense|p1a: Mew\n|-boost|p1a: Mew|def|2\n|move|p2a: Gliscor|Toxic|p1a: Mew\n|-status|p1a: Mew|tox\n|-activate|p1a: Mew|ability: Synchronize\n|-fail|p2a: Gliscor|tox\n|\n|-damage|p1a: Mew|75/100 tox|[from] psn\n|upkeep\n|turn|3\n|\n|t:|1783795170\n|move|p1a: Mew|Iron Defense|p1a: Mew\n|-boost|p1a: Mew|def|2\n|move|p2a: Gliscor|Earthquake|p1a: Mew\n|-damage|p1a: Mew|67/100 tox\n|\n|-damage|p1a: Mew|54/100 tox|[from] psn\n|upkeep\n|turn|4\n|\n|t:|1783795179\n|move|p2a: Gliscor|Protect|p2a: Gliscor\n|-singleturn|p2a: Gliscor|Protect\n|move|p1a: Mew|Rest|p1a: Mew\n|-status|p1a: Mew|slp|[from] move: Rest\n|-heal|p1a: Mew|100/100 slp|[silent]\n|\n|upkeep\n|turn|5\n|\n|t:|1783795215\n|cant|p1a: Mew|slp\n|move|p2a: Gliscor|Knock Off|p1a: Mew\n|-supereffective|p1a: Mew\n|-damage|p1a: Mew|95/100 slp\n|\n|upkeep\n|turn|6\n|\n|t:|1783795226\n|switch|p2a: Dragapult|Dragapult, F|100/100\n|cant|p1a: Mew|slp\n|\n|upkeep\n|turn|7\n|\n|t:|1783795233\n|-terastallize|p1a: Mew|Normal\n|move|p2a: Dragapult|Shadow Ball|p1a: Mew\n|-immune|p1a: Mew\n|-curestatus|p1a: Mew|slp|[msg]\n|move|p1a: Mew|Stored Power|p2a: Dragapult\n|-damage|p2a: Dragapult|34/100\n|\n|upkeep\n|turn|8\n|\n|t:|1783795248\n|switch|p2a: Zamazenta|Zamazenta|100/100\n|-ability|p2a: Zamazenta|Dauntless Shield|boost\n|-boost|p2a: Zamazenta|def|1\n|move|p1a: Mew|Stored Power|p2a: Zamazenta\n|-supereffective|p2a: Zamazenta\n|-damage|p2a: Zamazenta|30/100\n|\n|-heal|p2a: Zamazenta|37/100|[from] item: Leftovers\n|upkeep\n|turn|9\n|\n|t:|1783795259\n|move|p1a: Mew|Stored Power|p2a: Zamazenta\n|-supereffective|p2a: Zamazenta\n|-damage|p2a: Zamazenta|0 fnt\n|faint|p2a: Zamazenta\n|\n|upkeep\n|\n|t:|1783795264\n|switch|p2a: Iron Valiant|Iron Valiant|100/100\n|-enditem|p2a: Iron Valiant|Booster Energy\n|-activate|p2a: Iron Valiant|ability: Quark Drive|[fromitem]\n|-start|p2a: Iron Valiant|quarkdrivespe\n|turn|10\n|\n|t:|1783795274\n|move|p2a: Iron Valiant|Aura Sphere|p1a: Mew\n|-supereffective|p1a: Mew\n|-damage|p1a: Mew|30/100\n|move|p1a: Mew|Stored Power|p2a: Iron Valiant\n|-supereffective|p2a: Iron Valiant\n|-damage|p2a: Iron Valiant|0 fnt\n|faint|p2a: Iron Valiant\n|-end|p2a: Iron Valiant|Quark Drive|[silent]\n|\n|upkeep\n|\n|t:|1783795284\n|switch|p2a: Dragapult|Dragapult, F|34/100\n|turn|11\n|\n|t:|1783795292\n|switch|p1a: Snorlax|Snorlax, F, shiny|100/100\n|move|p2a: Dragapult|Flamethrower|p1a: Snorlax\n|-damage|p1a: Snorlax|81/100\n|\n|-heal|p1a: Snorlax|87/100|[from] item: Leftovers\n|upkeep\n|turn|12\n|\n|t:|1783795305\n|switch|p2a: Gliscor|Gliscor, F|100/100 tox\n|move|p1a: Snorlax|Curse|p1a: Snorlax\n|-unboost|p1a: Snorlax|spe|1\n|-boost|p1a: Snorlax|atk|1\n|-boost|p1a: Snorlax|def|1\n|\n|-heal|p1a: Snorlax|93/100|[from] item: Leftovers\n|upkeep\n|turn|13\n|\n|t:|1783795314\n|move|p2a: Gliscor|Toxic|p1a: Snorlax\n|-immune|p1a: Snorlax|[from] ability: Immunity\n|move|p1a: Snorlax|Body Slam|p2a: Gliscor\n|-damage|p2a: Gliscor|70/100 tox\n|\n|-heal|p1a: Snorlax|99/100|[from] item: Leftovers\n|-heal|p2a: Gliscor|82/100 tox|[from] ability: Poison Heal\n|upkeep\n|turn|14\n|\n|t:|1783795324\n|move|p2a: Gliscor|Knock Off|p1a: Snorlax\n|-damage|p1a: Snorlax|87/100\n|-enditem|p1a: Snorlax|Leftovers|[from] move: Knock Off|[of] p2a: Gliscor\n|move|p1a: Snorlax|Curse|p1a: Snorlax\n|-unboost|p1a: Snorlax|spe|1\n|-boost|p1a: Snorlax|atk|1\n|-boost|p1a: Snorlax|def|1\n|\n|-heal|p2a: Gliscor|95/100 tox|[from] ability: Poison Heal\n|upkeep\n|turn|15\n|\n|t:|1783795335\n|move|p2a: Gliscor|Earthquake|p1a: Snorlax\n|-damage|p1a: Snorlax|74/100\n|move|p1a: Snorlax|Curse|p1a: Snorlax\n|-unboost|p1a: Snorlax|spe|1\n|-boost|p1a: Snorlax|atk|1\n|-boost|p1a: Snorlax|def|1\n|\n|-heal|p2a: Gliscor|100/100 tox|[from] ability: Poison Heal\n|upkeep\n|turn|16\n|\n|t:|1783795353\n|move|p2a: Gliscor|Earthquake|p1a: Snorlax\n|-damage|p1a: Snorlax|64/100\n|move|p1a: Snorlax|Curse|p1a: Snorlax\n|-unboost|p1a: Snorlax|spe|1\n|-boost|p1a: Snorlax|atk|1\n|-boost|p1a: Snorlax|def|1\n|\n|upkeep\n|turn|17\n|\n|t:|1783795363\n|move|p2a: Gliscor|Knock Off|p1a: Snorlax\n|-damage|p1a: Snorlax|61/100\n|move|p1a: Snorlax|Curse|p1a: Snorlax\n|-unboost|p1a: Snorlax|spe|1\n|-boost|p1a: Snorlax|atk|1\n|-boost|p1a: Snorlax|def|1\n|\n|upkeep\n|turn|18\n|inactive|Battle timer is ON: inactive players will automatically lose when time's up. (requested by Josefe007)\n|\n|t:|1783795371\n|move|p2a: Gliscor|Knock Off|p1a: Snorlax\n|-damage|p1a: Snorlax|57/100\n|move|p1a: Snorlax|Curse|p1a: Snorlax\n|-unboost|p1a: Snorlax|spe|1\n|-boost|p1a: Snorlax|atk|1\n|-boost|p1a: Snorlax|def|1\n|\n|upkeep\n|turn|19\n|\n|t:|1783795379\n|move|p2a: Gliscor|Knock Off|p1a: Snorlax\n|-damage|p1a: Snorlax|55/100\n|move|p1a: Snorlax|Rest|p1a: Snorlax\n|-status|p1a: Snorlax|slp|[from] move: Rest\n|-heal|p1a: Snorlax|100/100 slp|[silent]\n|\n|upkeep\n|turn|20\n|\n|t:|1783795388\n|switch|p2a: Dragapult|Dragapult, F|34/100\n|cant|p1a: Snorlax|slp\n|\n|upkeep\n|turn|21\n|\n|t:|1783795396\n|move|p2a: Dragapult|Draco Meteor|p1a: Snorlax\n|-damage|p1a: Snorlax|59/100 slp\n|-unboost|p2a: Dragapult|spa|2\n|cant|p1a: Snorlax|slp\n|\n|upkeep\n|turn|22\n|\n|t:|1783795403\n|move|p2a: Dragapult|Draco Meteor|p1a: Snorlax\n|-damage|p1a: Snorlax|38/100 slp\n|-unboost|p2a: Dragapult|spa|2\n|-curestatus|p1a: Snorlax|slp|[msg]\n|move|p1a: Snorlax|Earthquake|p2a: Dragapult\n|-damage|p2a: Dragapult|0 fnt\n|faint|p2a: Dragapult\n|\n|upkeep\n|\n|t:|1783795413\n|switch|p2a: Primarina|Primarina, F|100/100\n|turn|23\n|\n|t:|1783795419\n|move|p2a: Primarina|Ice Beam|p1a: Snorlax\n|-damage|p1a: Snorlax|20/100\n|move|p1a: Snorlax|Body Slam|p2a: Primarina\n|-damage|p2a: Primarina|0 fnt\n|faint|p2a: Primarina\n|\n|upkeep\n|\n|t:|1783795426\n|switch|p2a: Corviknight|Corviknight, M|100/100\n|-ability|p2a: Corviknight|Pressure\n|turn|24\n|\n|t:|1783795431\n|move|p2a: Corviknight|Brave Bird|p1a: Snorlax\n|-damage|p1a: Snorlax|12/100\n|-damage|p2a: Corviknight|97/100|[from] Recoil\n|move|p1a: Snorlax|Rest|p1a: Snorlax\n|-status|p1a: Snorlax|slp|[from] move: Rest\n|-heal|p1a: Snorlax|100/100 slp|[silent]\n|\n|-heal|p2a: Corviknight|100/100|[from] item: Leftovers\n|upkeep\n|turn|25\n|-message|Toddson forfeited.\n|\n|win|Josefe007\n|raw|Josefe007's rating: 1201 &rarr; <strong>1226</strong><br />(+25 for winning)\n|raw|Toddson's rating: 1196 &rarr; <strong>1171</strong><br />(-25 for losing)\n|l|☆Toddson\n|player|p2|\n|l|☆Josefe007\n|player|p1|\n", "uploadtime": 1783795843, "views": 5, "formatid": "gen9ou", "rating": 1171, "private": 0, "password": null}