{"id": "gen9ou-2647740919", "format": "[Gen 9] OU", "players": ["Youtube/Edits_Oday", "DekuFoulerLab"], "log": "|j|☆Youtube/Edits_Oday\n|j|☆DekuFoulerLab\n|t:|1783804699\n|gametype|singles\n|player|p1|Youtube/Edits_Oday|170|1323\n|player|p2|DekuFoulerLab|169|1355\n|gen|9\n|tier|[Gen 9] OU\n|rated|\n|rule|HP Percentage Mod: HP is shown in percentages\n|rule|Endless Battle Clause: Forcing endless battles is banned\n|rule|Species Clause: Limit one of each Pokémon\n|rule|OHKO Clause: OHKO moves are banned\n|rule|Evasion Items Clause: Evasion items are banned\n|rule|Evasion Moves Clause: Evasion moves are banned\n|rule|Evasion Abilities Clause: Evasion abilities are banned\n|rule|Sleep Moves Clause: Sleep-inducing moves are banned\n|clearpoke\n|poke|p1|Darkrai|\n|poke|p1|Gholdengo|\n|poke|p1|Kingambit, M|\n|poke|p1|Dragonite, M|\n|poke|p1|Iron Valiant|\n|poke|p1|Great Tusk|\n|poke|p2|Gliscor, M|\n|poke|p2|Gholdengo|\n|poke|p2|Zamazenta-*|\n|poke|p2|Blissey, F|\n|poke|p2|Skarmory, M|\n|poke|p2|Pecharunt|\n|teampreview\n|inactive|Battle timer is ON: inactive players will automatically lose when time's up. (requested by DekuFoulerLab)\n|\n|t:|1783804706\n|teamsize|p1|6\n|teamsize|p2|6\n|start\n|switch|p1a: Gholdengo|Gholdengo, shiny|100/100\n|switch|p2a: Skarmory|Skarmory, M|100/100\n|turn|1\n|\n|t:|1783804708\n|move|p1a: Gholdengo|Trick|p2a: Skarmory\n|-activate|p1a: Gholdengo|move: Trick|[of] p2a: Skarmory\n|-item|p2a: Skarmory|Choice Scarf|[from] move: Trick\n|-item|p1a: Gholdengo|Heavy-Duty Boots|[from] move: Trick\n|move|p2a: Skarmory|Spikes|p1a: Gholdengo\n|-sidestart|p1: Youtube/Edits_Oday|Spikes\n|\n|upkeep\n|turn|2\n|\n|t:|1783804714\n|move|p2a: Skarmory|Spikes|p1a: Gholdengo\n|-sidestart|p1: Youtube/Edits_Oday|Spikes\n|move|p1a: Gholdengo|Shadow Ball|p2a: Skarmory\n|-damage|p2a: Skarmory|39/100\n|\n|upkeep\n|turn|3\n|\n|t:|1783804721\n|switch|p2a: Blissey|Blissey, F|100/100\n|switch|p1a: Great Tusk|Great Tusk|100/100\n|-damage|p1a: Great Tusk|84/100|[from] Spikes\n|-enditem|p1a: Great Tusk|Booster Energy\n|-activate|p1a: Great Tusk|ability: Protosynthesis|[fromitem]\n|-start|p1a: Great Tusk|protosynthesisatk\n|\n|upkeep\n|turn|4\n|\n|t:|1783804727\n|move|p1a: Great Tusk|Rapid Spin|p2a: Blissey\n|-damage|p2a: Blissey|77/100\n|-boost|p1a: Great Tusk|spe|1\n|-sideend|p1: Youtube/Edits_Oday|Spikes|[from] move: Rapid Spin|[of] p1a: Great Tusk\n|move|p2a: Blissey|Stealth Rock|p1a: Great Tusk\n|-sidestart|p1: Youtube/Edits_Oday|move: Stealth Rock\n|\n|upkeep\n|turn|5\n|\n|t:|1783804734\n|switch|p2a: Skarmory|Skarmory, M|39/100\n|move|p1a: Great Tusk|Stealth Rock|p2a: Skarmory\n|-sidestart|p2: DekuFoulerLab|move: Stealth Rock\n|\n|upkeep\n|turn|6\n|\n|t:|1783804741\n|move|p1a: Great Tusk|Rapid Spin|p2a: Skarmory\n|-resisted|p2a: Skarmory\n|-damage|p2a: Skarmory|32/100\n|-boost|p1a: Great Tusk|spe|1\n|-sideend|p1: Youtube/Edits_Oday|Stealth Rock|[from] move: Rapid Spin|[of] p1a: Great Tusk\n|move|p2a: Skarmory|Roost|p2a: Skarmory\n|-heal|p2a: Skarmory|82/100\n|-singleturn|p2a: Skarmory|move: Roost\n|\n|upkeep\n|turn|7\n|\n|t:|1783804748\n|move|p1a: Great Tusk|Close Combat|p2a: Skarmory\n|-damage|p2a: Skarmory|28/100\n|-unboost|p1a: Great Tusk|def|1\n|-unboost|p1a: Great Tusk|spd|1\n|move|p2a: Skarmory|Roost|p2a: Skarmory\n|-heal|p2a: Skarmory|78/100\n|-singleturn|p2a: Skarmory|move: Roost\n|\n|upkeep\n|turn|8\n|\n|t:|1783804755\n|switch|p2a: Gliscor|Gliscor, M|100/100\n|-damage|p2a: Gliscor|88/100|[from] Stealth Rock\n|move|p1a: Great Tusk|Headlong Rush|p2a: Gliscor\n|-immune|p2a: Gliscor\n|\n|-status|p2a: Gliscor|tox|[from] item: Toxic Orb\n|upkeep\n|turn|9\n|\n|t:|1783804761\n|-end|p1a: Great Tusk|Protosynthesis|[silent]\n|switch|p1a: Darkrai|Darkrai, shiny|100/100\n|move|p2a: Gliscor|Earthquake|p1a: Darkrai\n|-damage|p1a: Darkrai|53/100\n|\n|-heal|p2a: Gliscor|100/100 tox|[from] ability: Poison Heal\n|upkeep\n|turn|10\n|\n|t:|1783804770\n|switch|p2a: Blissey|Blissey, F|77/100\n|move|p1a: Darkrai|Nasty Plot|p1a: Darkrai\n|-boost|p1a: Darkrai|spa|2\n|\n|upkeep\n|turn|11\n|\n|t:|1783804776\n|move|p1a: Darkrai|Dark Pulse|p2a: Blissey\n|-damage|p2a: Blissey|45/100\n|move|p2a: Blissey|Calm Mind|p2a: Blissey\n|-boost|p2a: Blissey|spa|1\n|-boost|p2a: Blissey|spd|1\n|\n|upkeep\n|turn|12\n|\n|t:|1783804783\n|move|p1a: Darkrai|Dark Pulse|p2a: Blissey\n|-damage|p2a: Blissey|24/100\n|move|p2a: Blissey|Soft-Boiled|p2a: Blissey\n|-heal|p2a: Blissey|74/100\n|\n|upkeep\n|turn|13\n|\n|t:|1783804790\n|switch|p1a: Great Tusk|Great Tusk|84/100\n|move|p2a: Blissey|Soft-Boiled|p2a: Blissey\n|-heal|p2a: Blissey|100/100\n|\n|upkeep\n|turn|14\n|\n|t:|1783804796\n|switch|p2a: Gliscor|Gliscor, M|100/100 tox\n|-damage|p2a: Gliscor|88/100 tox|[from] Stealth Rock\n|move|p1a: Great Tusk|Rapid Spin|p2a: Gliscor\n|-damage|p2a: Gliscor|74/100 tox\n|-boost|p1a: Great Tusk|spe|1\n|\n|-heal|p2a: Gliscor|87/100 tox|[from] ability: Poison Heal\n|upkeep\n|turn|15\n|\n|t:|1783804802\n|move|p1a: Great Tusk|Close Combat|p2a: Gliscor\n|-resisted|p2a: Gliscor\n|-damage|p2a: Gliscor|61/100 tox\n|-unboost|p1a: Great Tusk|def|1\n|-unboost|p1a: Great Tusk|spd|1\n|move|p2a: Gliscor|Knock Off|p1a: Great Tusk\n|-resisted|p1a: Great Tusk\n|-damage|p1a: Great Tusk|77/100\n|\n|-heal|p2a: Gliscor|74/100 tox|[from] ability: Poison Heal\n|upkeep\n|turn|16\n|\n|t:|1783804814\n|-end|p1a: Great Tusk|Protosynthesis|[silent]\n|switch|p1a: Dragonite|Dragonite, M, shiny|100/100\n|move|p2a: Gliscor|Earthquake|p1a: Dragonite\n|-immune|p1a: Dragonite\n|\n|-heal|p2a: Gliscor|86/100 tox|[from] ability: Poison Heal\n|upkeep\n|turn|17\n|\n|t:|1783804820\n|switch|p2a: Zamazenta|Zamazenta|100/100\n|-ability|p2a: Zamazenta|Dauntless Shield|boost\n|-boost|p2a: Zamazenta|def|1\n|move|p1a: Dragonite|Dragon Dance|p1a: Dragonite\n|-boost|p1a: Dragonite|atk|1\n|-boost|p1a: Dragonite|spe|1\n|\n|upkeep\n|turn|18\n|\n|t:|1783804826\n|move|p2a: Zamazenta|Ice Fang|p1a: Dragonite\n|-supereffective|p1a: Dragonite\n|-damage|p1a: Dragonite|59/100\n|move|p1a: Dragonite|Dragon Dance|p1a: Dragonite\n|-boost|p1a: Dragonite|atk|1\n|-boost|p1a: Dragonite|spe|1\n|\n|upkeep\n|turn|19\n|\n|t:|1783804836\n|-terastallize|p1a: Dragonite|Normal\n|move|p1a: Dragonite|Roost|p1a: Dragonite\n|-heal|p1a: Dragonite|100/100\n|move|p2a: Zamazenta|Ice Fang|p1a: Dragonite\n|-damage|p1a: Dragonite|91/100\n|\n|upkeep\n|turn|20\n|\n|t:|1783804844\n|move|p1a: Dragonite|Earthquake|p2a: Zamazenta\n|-damage|p2a: Zamazenta|62/100\n|move|p2a: Zamazenta|Close Combat|p1a: Dragonite\n|-supereffective|p1a: Dragonite\n|-damage|p1a: Dragonite|0 fnt\n|-unboost|p2a: Zamazenta|def|1\n|-unboost|p2a: Zamazenta|spd|1\n|faint|p1a: Dragonite\n|\n|upkeep\n|\n|t:|1783804853\n|switch|p1a: Kingambit|Kingambit, M|100/100\n|-activate|p1a: Kingambit|ability: Supreme Overlord\n|-start|p1a: Kingambit|fallen1|[silent]\n|turn|21\n|\n|t:|1783804855\n|-end|p1a: Kingambit|fallen1|[silent]\n|switch|p1a: Gholdengo|Gholdengo, shiny|100/100\n|move|p2a: Zamazenta|Close Combat|p1a: Gholdengo\n|-immune|p1a: Gholdengo\n|\n|upkeep\n|turn|22\n|\n|t:|1783804861\n|switch|p2a: Blissey|Blissey, F|100/100\n|move|p1a: Gholdengo|Shadow Ball|p2a: Blissey\n|-immune|p2a: Blissey\n|\n|upkeep\n|turn|23\n|\n|t:|1783804869\n|switch|p1a: Kingambit|Kingambit, M|100/100\n|-activate|p1a: Kingambit|ability: Supreme Overlord\n|-start|p1a: Kingambit|fallen1|[silent]\n|move|p2a: Blissey|Stealth Rock|p1a: Kingambit\n|-sidestart|p1: Youtube/Edits_Oday|move: Stealth Rock\n|\n|upkeep\n|turn|24\n|\n|t:|1783804875\n|switch|p2a: Skarmory|Skarmory, M|78/100\n|-damage|p2a: Skarmory|65/100|[from] Stealth Rock\n|move|p1a: Kingambit|Iron Head|p2a: Skarmory\n|-resisted|p2a: Skarmory\n|-damage|p2a: Skarmory|51/100\n|\n|upkeep\n|turn|25\n|\n|t:|1783804884\n|move|p2a: Skarmory|Roost|p2a: Skarmory\n|-heal|p2a: Skarmory|100/100\n|-singleturn|p2a: Skarmory|move: Roost\n|move|p1a: Kingambit|Swords Dance|p1a: Kingambit\n|-boost|p1a: Kingambit|atk|2\n|\n|upkeep\n|turn|26\n|\n|t:|1783804890\n|switch|p2a: Zamazenta|Zamazenta|62/100\n|move|p1a: Kingambit|Swords Dance|p1a: Kingambit\n|-boost|p1a: Kingambit|atk|2\n|\n|upkeep\n|turn|27\n|\n|t:|1783804899\n|-end|p1a: Kingambit|fallen1|[silent]\n|switch|p1a: Gholdengo|Gholdengo, shiny|100/100\n|move|p2a: Zamazenta|Close Combat|p1a: Gholdengo\n|-immune|p1a: Gholdengo\n|\n|upkeep\n|turn|28\n|\n|t:|1783804905\n|switch|p2a: Blissey|Blissey, F|100/100\n|move|p1a: Gholdengo|Dazzling Gleam|p2a: Blissey\n|-damage|p2a: Blissey|92/100\n|\n|upkeep\n|turn|29\n|\n|t:|1783804912\n|switch|p1a: Great Tusk|Great Tusk|77/100\n|-damage|p1a: Great Tusk|74/100|[from] Stealth Rock\n|move|p2a: Blissey|Shadow Ball|p1a: Great Tusk\n|-damage|p1a: Great Tusk|52/100\n|\n|upkeep\n|turn|30\n|\n|t:|1783804919\n|switch|p2a: Gliscor|Gliscor, M|86/100 tox\n|-damage|p2a: Gliscor|74/100 tox|[from] Stealth Rock\n|move|p1a: Great Tusk|Headlong Rush|p2a: Gliscor\n|-immune|p2a: Gliscor\n|\n|-heal|p2a: Gliscor|86/100 tox|[from] ability: Poison Heal\n|upkeep\n|turn|31\n|\n|t:|1783804924\n|move|p1a: Great Tusk|Rapid Spin|p2a: Gliscor\n|-damage|p2a: Gliscor|73/100 tox\n|-boost|p1a: Great Tusk|spe|1\n|-sideend|p1: Youtube/Edits_Oday|Stealth Rock|[from] move: Rapid Spin|[of] p1a: Great Tusk\n|move|p2a: Gliscor|Earthquake|p1a: Great Tusk\n|-crit|p1a: Great Tusk\n|-damage|p1a: Great Tusk|18/100\n|\n|-heal|p2a: Gliscor|86/100 tox|[from] ability: Poison Heal\n|upkeep\n|turn|32\n|\n|t:|1783804940\n|move|p1a: Great Tusk|Close Combat|p2a: Gliscor\n|-resisted|p2a: Gliscor\n|-damage|p2a: Gliscor|62/100 tox\n|-unboost|p1a: Great Tusk|def|1\n|-unboost|p1a: Great Tusk|spd|1\n|move|p2a: Gliscor|Earthquake|p1a: Great Tusk\n|-damage|p1a: Great Tusk|0 fnt\n|faint|p1a: Great Tusk\n|-end|p1a: Great Tusk|Protosynthesis|[silent]\n|\n|-heal|p2a: Gliscor|74/100 tox|[from] ability: Poison Heal\n|upkeep\n|\n|t:|1783804944\n|switch|p1a: 👻 Phantom|Iron Valiant|100/100\n|-enditem|p1a: 👻 Phantom|Booster Energy\n|-activate|p1a: 👻 Phantom|ability: Quark Drive|[fromitem]\n|-start|p1a: 👻 Phantom|quarkdrivespe\n|turn|33\n|\n|t:|1783804950\n|move|p1a: 👻 Phantom|Moonblast|p2a: Gliscor\n|-damage|p2a: Gliscor|30/100 tox\n|move|p2a: Gliscor|Earthquake|p1a: 👻 Phantom\n|-damage|p1a: 👻 Phantom|62/100\n|\n|-heal|p2a: Gliscor|42/100 tox|[from] ability: Poison Heal\n|upkeep\n|turn|34\n|\n|t:|1783804958\n|move|p2a: Gliscor|Protect|p2a: Gliscor\n|-singleturn|p2a: Gliscor|Protect\n|move|p1a: 👻 Phantom|Calm Mind|p1a: 👻 Phantom\n|-boost|p1a: 👻 Phantom|spa|1\n|-boost|p1a: 👻 Phantom|spd|1\n|\n|-heal|p2a: Gliscor|55/100 tox|[from] ability: Poison Heal\n|upkeep\n|turn|35\n|\n|t:|1783804964\n|switch|p2a: Blissey|Blissey, F|92/100\n|move|p1a: 👻 Phantom|Moonblast|p2a: Blissey\n|-damage|p2a: Blissey|71/100\n|\n|upkeep\n|turn|36\n|\n|t:|1783804970\n|move|p1a: 👻 Phantom|Calm Mind|p1a: 👻 Phantom\n|-boost|p1a: 👻 Phantom|spa|1\n|-boost|p1a: 👻 Phantom|spd|1\n|move|p2a: Blissey|Calm Mind|p2a: Blissey\n|-boost|p2a: Blissey|spa|1\n|-boost|p2a: Blissey|spd|1\n|\n|upkeep\n|turn|37\n|\n|t:|1783804976\n|move|p1a: 👻 Phantom|Aura Sphere|p2a: Blissey\n|-supereffective|p2a: Blissey\n|-damage|p2a: Blissey|36/100\n|move|p2a: Blissey|Soft-Boiled|p2a: Blissey\n|-heal|p2a: Blissey|86/100\n|\n|upkeep\n|turn|38\n|\n|t:|1783804982\n|switch|p2a: Gholdengo|Gholdengo|100/100\n|-damage|p2a: Gholdengo|94/100|[from] Stealth Rock\n|move|p1a: 👻 Phantom|Aura Sphere|p2a: Gholdengo\n|-immune|p2a: Gholdengo\n|\n|upkeep\n|turn|39\n|\n|t:|1783804989\n|move|p1a: 👻 Phantom|Moonblast|p2a: Gholdengo\n|-resisted|p2a: Gholdengo\n|-damage|p2a: Gholdengo|50/100\n|move|p2a: Gholdengo|Thunder Wave|p1a: 👻 Phantom\n|-status|p1a: 👻 Phantom|par\n|\n|upkeep\n|turn|40\n|\n|t:|1783804995\n|move|p1a: 👻 Phantom|Moonblast|p2a: Gholdengo\n|-resisted|p2a: Gholdengo\n|-damage|p2a: Gholdengo|1/100\n|-unboost|p2a: Gholdengo|spa|1\n|move|p2a: Gholdengo|Hex|p1a: 👻 Phantom\n|-damage|p1a: 👻 Phantom|29/100 par\n|\n|upkeep\n|turn|41\n|\n|t:|1783805002\n|move|p1a: 👻 Phantom|Calm Mind|p1a: 👻 Phantom\n|-boost|p1a: 👻 Phantom|spa|1\n|-boost|p1a: 👻 Phantom|spd|1\n|move|p2a: Gholdengo|Hex|p1a: 👻 Phantom\n|-damage|p1a: 👻 Phantom|0 fnt\n|faint|p1a: 👻 Phantom\n|-end|p1a: 👻 Phantom|Quark Drive|[silent]\n|\n|upkeep\n|\n|t:|1783805011\n|switch|p1a: Kingambit|Kingambit, M|100/100\n|-activate|p1a: Kingambit|ability: Supreme Overlord\n|-start|p1a: Kingambit|fallen3|[silent]\n|turn|42\n|\n|t:|1783805016\n|move|p2a: Gholdengo|Recover|p2a: Gholdengo\n|-heal|p2a: Gholdengo|51/100\n|move|p1a: Kingambit|Swords Dance|p1a: Kingambit\n|-boost|p1a: Kingambit|atk|2\n|\n|upkeep\n|turn|43\n|\n|t:|1783805022\n|move|p2a: Gholdengo|Thunder Wave|p1a: Kingambit\n|-status|p1a: Kingambit|par\n|move|p1a: Kingambit|Swords Dance|p1a: Kingambit\n|-boost|p1a: Kingambit|atk|2\n|\n|upkeep\n|turn|44\n|\n|t:|1783805028\n|switch|p2a: Skarmory|Skarmory, M|100/100\n|-damage|p2a: Skarmory|88/100|[from] Stealth Rock\n|cant|p1a: Kingambit|par\n|\n|upkeep\n|turn|45\n|\n|t:|1783805034\n|move|p2a: Skarmory|Body Press|p1a: Kingambit\n|-supereffective|p1a: Kingambit\n|-damage|p1a: Kingambit|16/100 par\n|move|p1a: Kingambit|Low Kick|p2a: Skarmory\n|-damage|p2a: Skarmory|13/100\n|\n|-heal|p1a: Kingambit|22/100 par|[from] item: Leftovers\n|upkeep\n|turn|46\n|\n|t:|1783805045\n|move|p1a: Kingambit|Sucker Punch|p2a: Skarmory\n|-damage|p2a: Skarmory|0 fnt\n|faint|p2a: Skarmory\n|\n|-heal|p1a: Kingambit|28/100 par|[from] item: Leftovers\n|upkeep\n|\n|t:|1783805052\n|switch|p2a: Zamazenta|Zamazenta|62/100\n|turn|47\n|\n|t:|1783805054\n|move|p1a: Kingambit|Sucker Punch|p2a: Zamazenta\n|-resisted|p2a: Zamazenta\n|-damage|p2a: Zamazenta|0 fnt\n|faint|p2a: Zamazenta\n|\n|-heal|p1a: Kingambit|34/100 par|[from] item: Leftovers\n|upkeep\n|\n|t:|1783805063\n|switch|p2a: Gliscor|Gliscor, M|55/100 tox\n|-damage|p2a: Gliscor|42/100 tox|[from] Stealth Rock\n|turn|48\n|\n|t:|1783805068\n|move|p1a: Kingambit|Sucker Punch|p2a: Gliscor\n|-damage|p2a: Gliscor|0 fnt\n|faint|p2a: Gliscor\n|\n|-heal|p1a: Kingambit|41/100 par|[from] item: Leftovers\n|upkeep\n|\n|t:|1783805070\n|switch|p2a: Blissey|Blissey, F|86/100\n|turn|49\n|\n|t:|1783805076\n|switch|p2a: Pecharunt|Pecharunt|100/100\n|cant|p1a: Kingambit|par\n|\n|-heal|p1a: Kingambit|47/100 par|[from] item: Leftovers\n|upkeep\n|turn|50\n|\n|t:|1783805081\n|move|p2a: Pecharunt|Parting Shot|p1a: Kingambit\n|-unboost|p1a: Kingambit|atk|1\n|-unboost|p1a: Kingambit|spa|1\n|\n|t:|1783805087\n|switch|p2a: Gholdengo|Gholdengo|51/100|[from] Parting Shot\n|-damage|p2a: Gholdengo|45/100|[from] Stealth Rock\n|cant|p1a: Kingambit|par\n|\n|-heal|p1a: Kingambit|53/100 par|[from] item: Leftovers\n|upkeep\n|turn|51\n|\n|t:|1783805097\n|move|p2a: Gholdengo|Recover|p2a: Gholdengo\n|-heal|p2a: Gholdengo|95/100\n|move|p1a: Kingambit|Iron Head|p2a: Gholdengo\n|-resisted|p2a: Gholdengo\n|-damage|p2a: Gholdengo|39/100\n|\n|-heal|p1a: Kingambit|59/100 par|[from] item: Leftovers\n|upkeep\n|turn|52\n|\n|t:|1783805106\n|move|p2a: Gholdengo|Recover|p2a: Gholdengo\n|-heal|p2a: Gholdengo|89/100\n|move|p1a: Kingambit|Iron Head|p2a: Gholdengo\n|-resisted|p2a: Gholdengo\n|-damage|p2a: Gholdengo|37/100\n|\n|-heal|p1a: Kingambit|66/100 par|[from] item: Leftovers\n|upkeep\n|turn|53\n|\n|t:|1783805114\n|move|p2a: Gholdengo|Recover|p2a: Gholdengo\n|-heal|p2a: Gholdengo|87/100\n|move|p1a: Kingambit|Swords Dance|p1a: Kingambit\n|-boost|p1a: Kingambit|atk|2\n|\n|-heal|p1a: Kingambit|72/100 par|[from] item: Leftovers\n|upkeep\n|turn|54\n|\n|t:|1783805119\n|switch|p2a: Pecharunt|Pecharunt|100/100\n|move|p1a: Kingambit|Iron Head|p2a: Pecharunt\n|-damage|p2a: Pecharunt|3/100\n|\n|-heal|p1a: Kingambit|78/100 par|[from] item: Leftovers\n|upkeep\n|turn|55\n|\n|t:|1783805128\n|move|p2a: Pecharunt|Shadow Ball|p1a: Kingambit\n|-resisted|p1a: Kingambit\n|-damage|p1a: Kingambit|67/100 par\n|-unboost|p1a: Kingambit|spd|1\n|cant|p1a: Kingambit|par\n|\n|-heal|p1a: Kingambit|73/100 par|[from] item: Leftovers\n|upkeep\n|turn|56\n|\n|t:|1783805136\n|move|p2a: Pecharunt|Parting Shot|p1a: Kingambit\n|-unboost|p1a: Kingambit|atk|1\n|-unboost|p1a: Kingambit|spa|1\n|\n|t:|1783805142\n|switch|p2a: Gholdengo|Gholdengo|87/100|[from] Parting Shot\n|-damage|p2a: Gholdengo|81/100|[from] Stealth Rock\n|move|p1a: Kingambit|Iron Head|p2a: Gholdengo\n|-resisted|p2a: Gholdengo\n|-damage|p2a: Gholdengo|18/100\n|\n|-heal|p1a: Kingambit|79/100 par|[from] item: Leftovers\n|upkeep\n|turn|57\n|\n|t:|1783805163\n|move|p2a: Gholdengo|Recover|p2a: Gholdengo\n|-heal|p2a: Gholdengo|68/100\n|move|p1a: Kingambit|Iron Head|p2a: Gholdengo\n|-resisted|p2a: Gholdengo\n|-damage|p2a: Gholdengo|0 fnt\n|faint|p2a: Gholdengo\n|\n|-heal|p1a: Kingambit|86/100 par|[from] item: Leftovers\n|upkeep\n|\n|t:|1783805171\n|switch|p2a: Pecharunt|Pecharunt|3/100\n|turn|58\n|\n|t:|1783805177\n|move|p2a: Pecharunt|Recover|p2a: Pecharunt\n|-heal|p2a: Pecharunt|53/100\n|move|p1a: Kingambit|Iron Head|p2a: Pecharunt\n|-damage|p2a: Pecharunt|0 fnt\n|faint|p2a: Pecharunt\n|\n|-heal|p1a: Kingambit|92/100 par|[from] item: Leftovers\n|upkeep\n|\n|t:|1783805184\n|switch|p2a: Blissey|Blissey, F|86/100\n|turn|59\n|\n|t:|1783805190\n|move|p2a: Blissey|Shadow Ball|p1a: Kingambit\n|-resisted|p1a: Kingambit\n|-damage|p1a: Kingambit|82/100 par\n|cant|p1a: Kingambit|par\n|\n|-heal|p1a: Kingambit|88/100 par|[from] item: Leftovers\n|upkeep\n|turn|60\n|\n|t:|1783805198\n|move|p2a: Blissey|Shadow Ball|p1a: Kingambit\n|-resisted|p1a: Kingambit\n|-damage|p1a: Kingambit|78/100 par\n|move|p1a: Kingambit|Low Kick|p2a: Blissey\n|-supereffective|p2a: Blissey\n|-damage|p2a: Blissey|0 fnt\n|faint|p2a: Blissey\n|\n|win|Youtube/Edits_Oday\n|raw|Youtube&#x2f;Edits_Oday's rating: 1323 &rarr; <strong>1345</strong><br />(+22 for winning)\n|raw|DekuFoulerLab's rating: 1355 &rarr; <strong>1333</strong><br />(-22 for losing)\n", "uploadtime": 1783805198, "views": 12, "formatid": "gen9ou", "rating": 1333, "private": 0, "password": null}