{"id": "gen9ou-2639915470", "format": "[Gen 9] OU", "players": ["kemious", "Crystal Celesse"], "log": "|j|☆kemious\n|j|☆Crystal Celesse\n|t:|1782542556\n|gametype|singles\n|player|p1|kemious|1|1523\n|player|p2|Crystal Celesse|lady|1558\n|gen|9\n|tier|[Gen 9] OU\n|rated|\n|rule|HP Percentage Mod: HP is shown in percentages\n|rule|Endless Battle Clause: Forcing endless battles is banned\n|rule|Species Clause: Limit one of each Pokémon\n|rule|OHKO Clause: OHKO moves are banned\n|rule|Evasion Items Clause: Evasion items are banned\n|rule|Evasion Moves Clause: Evasion moves are banned\n|rule|Evasion Abilities Clause: Evasion abilities are banned\n|rule|Sleep Moves Clause: Sleep-inducing moves are banned\n|clearpoke\n|poke|p1|Chesnaught, M|\n|poke|p1|Gastrodon, F|\n|poke|p1|Kilowattrel, M|\n|poke|p1|Glimmora, F|\n|poke|p1|Ceruledge, M|\n|poke|p1|Goodra-Hisui, F|\n|poke|p2|Samurott-Hisui, F|\n|poke|p2|Zapdos|\n|poke|p2|Iron Treads|\n|poke|p2|Ceruledge, M|\n|poke|p2|Gholdengo|\n|poke|p2|Kingambit, M|\n|teampreview\n|inactive|Battle timer is ON: inactive players will automatically lose when time's up. (requested by Crystal Celesse)\n|\n|t:|1782542597\n|teamsize|p1|6\n|teamsize|p2|6\n|start\n|switch|p1a: Chesnaught|Chesnaught, M|100/100\n|switch|p2a: W Treads💝💝|Iron Treads|100/100\n|turn|1\n|\n|t:|1782542603\n|-end|p2a: W Treads💝💝|Quark Drive|[silent]\n|switch|p2a: Zapdos|Zapdos|100/100\n|move|p1a: Chesnaught|Body Press|p2a: Zapdos\n|-resisted|p2a: Zapdos\n|-damage|p2a: Zapdos|85/100\n|\n|upkeep\n|turn|2\n|\n|t:|1782542619\n|switch|p1a: Goodra|Goodra-Hisui, F|100/100\n|move|p2a: Zapdos|Hurricane|p1a: Goodra\n|-resisted|p1a: Goodra\n|-damage|p1a: Goodra|91/100\n|-start|p1a: Goodra|confusion\n|\n|upkeep\n|turn|3\n|\n|t:|1782542629\n|move|p2a: Zapdos|Thunder Wave|p1a: Goodra\n|-status|p1a: Goodra|par\n|-activate|p1a: Goodra|confusion\n|move|p1a: Goodra|Dragon Tail|p2a: Zapdos\n|-damage|p2a: Zapdos|71/100\n|drag|p2a: Sammy|Samurott-Hisui, F|100/100\n|\n|upkeep\n|turn|4\n|\n|t:|1782542636\n|switch|p1a: Chesnaught|Chesnaught, M|100/100\n|move|p2a: Sammy|Knock Off|p1a: Chesnaught\n|-resisted|p1a: Chesnaught\n|-damage|p1a: Chesnaught|87/100\n|-enditem|p1a: Chesnaught|Leftovers|[from] move: Knock Off|[of] p2a: Sammy\n|\n|upkeep\n|turn|5\n|\n|t:|1782542648\n|switch|p2a: Ceruledge|Ceruledge, M|100/100\n|move|p1a: Chesnaught|Knock Off|p2a: Ceruledge\n|-supereffective|p2a: Ceruledge\n|-damage|p2a: Ceruledge|40/100\n|-ability|p2a: Ceruledge|Weak Armor|boost\n|-unboost|p2a: Ceruledge|def|1\n|-boost|p2a: Ceruledge|spe|2\n|-enditem|p2a: Ceruledge|Heavy-Duty Boots|[from] move: Knock Off|[of] p1a: Chesnaught\n|\n|upkeep\n|turn|6\n|j| LuwerPVP\n|\n|t:|1782542671\n|switch|p1a: Ceruledge|Ceruledge, M|100/100\n|move|p2a: Ceruledge|Bitter Blade|p1a: Ceruledge\n|-start|p1a: Ceruledge|ability: Flash Fire\n|\n|upkeep\n|turn|7\n|\n|t:|1782542684\n|switch|p2a: Sammy|Samurott-Hisui, F|100/100\n|move|p1a: Ceruledge|Shadow Sneak|p2a: Sammy\n|-resisted|p2a: Sammy\n|-damage|p2a: Sammy|88/100\n|\n|upkeep\n|turn|8\n|\n|t:|1782542691\n|-end|p1a: Ceruledge|ability: Flash Fire|[silent]\n|switch|p1a: Glimmora|Glimmora, F|100/100\n|move|p2a: Sammy|Ceaseless Edge|p1a: Glimmora\n|-damage|p1a: Glimmora|70/100\n|-activate|p1a: Glimmora|ability: Toxic Debris\n|-sidestart|p2: Crystal Celesse|move: Toxic Spikes\n|-sidestart|p1: kemious|Spikes\n|-enditem|p1a: Glimmora|Red Card|[of] p2a: Sammy\n|drag|p2a: Zapdos|Zapdos|71/100\n|\n|upkeep\n|turn|9\n|\n|t:|1782542697\n|switch|p1a: Gastrodon|Gastrodon, F|100/100\n|-damage|p1a: Gastrodon|88/100|[from] Spikes\n|move|p2a: Zapdos|Volt Switch|p1a: Gastrodon\n|-immune|p1a: Gastrodon\n|\n|-heal|p1a: Gastrodon|94/100|[from] item: Leftovers\n|upkeep\n|turn|10\n|\n|t:|1782542707\n|move|p2a: Zapdos|Hurricane|p1a: Gastrodon\n|-damage|p1a: Gastrodon|64/100\n|move|p1a: Gastrodon|Earth Power|p2a: Zapdos\n|-immune|p2a: Zapdos\n|\n|-heal|p1a: Gastrodon|70/100|[from] item: Leftovers\n|upkeep\n|turn|11\n|\n|t:|1782542714\n|move|p2a: Zapdos|Hurricane|p1a: Gastrodon\n|-damage|p1a: Gastrodon|35/100\n|move|p1a: Gastrodon|Ice Beam|p2a: Zapdos\n|-supereffective|p2a: Zapdos\n|-damage|p2a: Zapdos|31/100\n|\n|-heal|p1a: Gastrodon|41/100|[from] item: Leftovers\n|upkeep\n|turn|12\n|\n|t:|1782542721\n|move|p2a: Zapdos|Hurricane|p1a: Gastrodon\n|-damage|p1a: Gastrodon|10/100\n|-start|p1a: Gastrodon|confusion\n|-activate|p1a: Gastrodon|confusion\n|-damage|p1a: Gastrodon|4/100|[from] confusion\n|\n|-heal|p1a: Gastrodon|10/100|[from] item: Leftovers\n|upkeep\n|turn|13\n|\n|t:|1782542728\n|switch|p1a: Kilowattrel|Kilowattrel, M, shiny|100/100\n|move|p2a: Zapdos|Roost|p2a: Zapdos\n|-heal|p2a: Zapdos|81/100\n|-singleturn|p2a: Zapdos|move: Roost\n|\n|upkeep\n|turn|14\n|\n|t:|1782542734\n|switch|p2a: W Treads💝💝|Iron Treads|100/100\n|move|p1a: Kilowattrel|Discharge|p2a: W Treads💝💝\n|-immune|p2a: W Treads💝💝\n|\n|upkeep\n|turn|15\n|\n|t:|1782542740\n|switch|p1a: Ceruledge|Ceruledge, M|100/100\n|move|p2a: W Treads💝💝|Rapid Spin|p1a: Ceruledge\n|-immune|p1a: Ceruledge\n|\n|upkeep\n|turn|16\n|\n|t:|1782542755\n|-end|p2a: W Treads💝💝|Quark Drive|[silent]\n|switch|p2a: Sammy|Samurott-Hisui, F|88/100\n|-status|p2a: Sammy|psn\n|move|p1a: Ceruledge|Bitter Blade|p2a: Sammy\n|-resisted|p2a: Sammy\n|-damage|p2a: Sammy|60/100 psn\n|\n|-damage|p2a: Sammy|48/100 psn|[from] psn\n|upkeep\n|turn|17\n|\n|t:|1782542769\n|switch|p1a: Gastrodon|Gastrodon, F|10/100\n|-damage|p1a: Gastrodon|0 fnt|[from] Spikes\n|faint|p1a: Gastrodon\n|move|p2a: Sammy|Ceaseless Edge|p1: Gastrodon|[notarget]\n|-fail|p2a: Sammy\n|\n|-damage|p2a: Sammy|36/100 psn|[from] psn\n|upkeep\n|\n|t:|1782542777\n|switch|p1a: Kilowattrel|Kilowattrel, M, shiny|100/100\n|turn|18\n|\n|t:|1782542780\n|move|p2a: Sammy|Sucker Punch|p1a: Kilowattrel\n|-damage|p1a: Kilowattrel|47/100\n|move|p1a: Kilowattrel|Air Slash|p2a: Sammy\n|-damage|p2a: Sammy|12/100 psn\n|\n|-damage|p2a: Sammy|0 fnt|[from] psn\n|faint|p2a: Sammy\n|upkeep\n|\n|t:|1782542788\n|switch|p2a: W Treads💝💝|Iron Treads|100/100\n|turn|19\n|\n|t:|1782542795\n|switch|p1a: Chesnaught|Chesnaught, M|87/100\n|-damage|p1a: Chesnaught|74/100|[from] Spikes\n|move|p2a: W Treads💝💝|Knock Off|p1a: Chesnaught\n|-resisted|p1a: Chesnaught\n|-damage|p1a: Chesnaught|68/100\n|\n|upkeep\n|turn|20\n|\n|t:|1782542802\n|-end|p2a: W Treads💝💝|Quark Drive|[silent]\n|switch|p2a: Zapdos|Zapdos|81/100\n|move|p1a: Chesnaught|Knock Off|p2a: Zapdos\n|-crit|p2a: Zapdos\n|-damage|p2a: Zapdos|55/100\n|-status|p1a: Chesnaught|par|[from] ability: Static|[of] p2a: Zapdos\n|-enditem|p2a: Zapdos|Heavy-Duty Boots|[from] move: Knock Off|[of] p1a: Chesnaught\n|\n|upkeep\n|turn|21\n|\n|t:|1782542812\n|switch|p1a: Goodra|Goodra-Hisui, F|91/100 par\n|-damage|p1a: Goodra|79/100 par|[from] Spikes\n|move|p2a: Zapdos|Hurricane|p1a: Goodra\n|-resisted|p1a: Goodra\n|-damage|p1a: Goodra|69/100 par\n|\n|upkeep\n|turn|22\n|\n|t:|1782542819\n|move|p2a: Zapdos|Roost|p2a: Zapdos\n|-heal|p2a: Zapdos|100/100\n|-singleturn|p2a: Zapdos|move: Roost\n|cant|p1a: Goodra|par\n|\n|upkeep\n|turn|23\n|\n|t:|1782542825\n|move|p2a: Zapdos|Volt Switch|p1a: Goodra\n|-resisted|p1a: Goodra\n|-damage|p1a: Goodra|63/100 par\n|\n|t:|1782542829\n|switch|p2a: W Treads💝💝|Iron Treads|100/100|[from] Volt Switch\n|move|p1a: Goodra|Ice Beam|p2a: W Treads💝💝\n|-damage|p2a: W Treads💝💝|60/100\n|\n|-heal|p2a: W Treads💝💝|67/100|[from] item: Leftovers\n|upkeep\n|turn|24\n|\n|t:|1782542840\n|move|p2a: W Treads💝💝|Stealth Rock|p1a: Goodra\n|-sidestart|p1: kemious|move: Stealth Rock\n|move|p1a: Goodra|Ice Beam|p2a: W Treads💝💝\n|-crit|p2a: W Treads💝💝\n|-damage|p2a: W Treads💝💝|4/100\n|\n|-heal|p2a: W Treads💝💝|10/100|[from] item: Leftovers\n|upkeep\n|turn|25\n|\n|t:|1782542847\n|switch|p1a: Kilowattrel|Kilowattrel, M, shiny|47/100\n|move|p2a: W Treads💝💝|Earthquake|p1a: Kilowattrel\n|-immune|p1a: Kilowattrel\n|\n|-heal|p2a: W Treads💝💝|16/100|[from] item: Leftovers\n|upkeep\n|turn|26\n|\n|t:|1782542868\n|move|p1a: Kilowattrel|Air Slash|p2a: W Treads💝💝\n|-resisted|p2a: W Treads💝💝\n|-damage|p2a: W Treads💝💝|0 fnt\n|faint|p2a: W Treads💝💝\n|-end|p2a: W Treads💝💝|Quark Drive|[silent]\n|\n|upkeep\n|\n|t:|1782542879\n|switch|p2a: Ceruledge|Ceruledge, M|40/100\n|-status|p2a: Ceruledge|psn\n|turn|27\n|\n|t:|1782542887\n|switch|p1a: Glimmora|Glimmora, F|70/100\n|-damage|p1a: Glimmora|57/100|[from] Spikes\n|-damage|p1a: Glimmora|45/100|[from] Stealth Rock\n|move|p2a: Ceruledge|Bitter Blade|p1a: Glimmora\n|-resisted|p1a: Glimmora\n|-damage|p1a: Glimmora|26/100\n|-heal|p2a: Ceruledge|50/100 psn|[from] drain|[of] p1a: Glimmora\n|-activate|p1a: Glimmora|ability: Toxic Debris\n|-sidestart|p2: Crystal Celesse|move: Toxic Spikes\n|\n|-damage|p2a: Ceruledge|38/100 psn|[from] psn\n|upkeep\n|turn|28\n|\n|t:|1782542895\n|move|p2a: Ceruledge|Shadow Sneak|p1a: Glimmora\n|-damage|p1a: Glimmora|10/100\n|move|p1a: Glimmora|Stealth Rock|p2a: Ceruledge\n|-sidestart|p2: Crystal Celesse|move: Stealth Rock\n|\n|-damage|p2a: Ceruledge|25/100 psn|[from] psn\n|upkeep\n|turn|29\n|\n|t:|1782542901\n|move|p2a: Ceruledge|Shadow Sneak|p1a: Glimmora\n|-damage|p1a: Glimmora|0 fnt\n|faint|p1a: Glimmora\n|\n|-damage|p2a: Ceruledge|13/100 psn|[from] psn\n|upkeep\n|\n|t:|1782542907\n|switch|p1a: Ceruledge|Ceruledge, M|100/100\n|turn|30\n|\n|t:|1782542912\n|move|p2a: Ceruledge|Shadow Sneak|p1a: Ceruledge\n|-supereffective|p1a: Ceruledge\n|-damage|p1a: Ceruledge|57/100\n|move|p1a: Ceruledge|Shadow Sneak|p2a: Ceruledge\n|-supereffective|p2a: Ceruledge\n|-damage|p2a: Ceruledge|0 fnt\n|faint|p2a: Ceruledge\n|\n|upkeep\n|inactive|Crystal Celesse has 120 seconds left.\n|\n|t:|1782542945\n|switch|p2a: Zapdos|Zapdos|100/100\n|-damage|p2a: Zapdos|75/100|[from] Stealth Rock\n|turn|31\n|\n|t:|1782542951\n|switch|p1a: Goodra|Goodra-Hisui, F|63/100 par\n|-damage|p1a: Goodra|50/100 par|[from] Spikes\n|-damage|p1a: Goodra|44/100 par|[from] Stealth Rock\n|move|p2a: Zapdos|Hurricane|p1a: Goodra\n|-resisted|p1a: Goodra\n|-damage|p1a: Goodra|34/100 par\n|-start|p1a: Goodra|confusion\n|\n|upkeep\n|turn|32\n|\n|t:|1782542963\n|move|p2a: Zapdos|Hurricane|p1a: Goodra\n|-resisted|p1a: Goodra\n|-damage|p1a: Goodra|25/100 par\n|-activate|p1a: Goodra|confusion\n|move|p1a: Goodra|Ice Beam|p2a: Zapdos\n|-supereffective|p2a: Zapdos\n|-damage|p2a: Zapdos|23/100\n|\n|upkeep\n|turn|33\n|\n|t:|1782542978\n|move|p2a: Zapdos|Roost|p2a: Zapdos\n|-heal|p2a: Zapdos|73/100\n|-singleturn|p2a: Zapdos|move: Roost\n|-activate|p1a: Goodra|confusion\n|cant|p1a: Goodra|par\n|\n|upkeep\n|turn|34\n|\n|t:|1782542984\n|move|p2a: Zapdos|Hurricane|p1a: Goodra\n|-resisted|p1a: Goodra\n|-damage|p1a: Goodra|16/100 par\n|-activate|p1a: Goodra|confusion\n|move|p1a: Goodra|Ice Beam|p2a: Zapdos\n|-supereffective|p2a: Zapdos\n|-damage|p2a: Zapdos|23/100\n|\n|upkeep\n|turn|35\n|\n|t:|1782542994\n|move|p2a: Zapdos|Roost|p2a: Zapdos\n|-heal|p2a: Zapdos|73/100\n|-singleturn|p2a: Zapdos|move: Roost\n|-end|p1a: Goodra|confusion\n|cant|p1a: Goodra|par\n|\n|upkeep\n|turn|36\n|\n|t:|1782543004\n|move|p2a: Zapdos|Volt Switch|p1a: Goodra\n|-resisted|p1a: Goodra\n|-damage|p1a: Goodra|10/100 par\n|\n|t:|1782543006\n|switch|p2a: Gholdengo|Gholdengo|100/100|[from] Volt Switch\n|-damage|p2a: Gholdengo|94/100|[from] Stealth Rock\n|-item|p2a: Gholdengo|Air Balloon\n|move|p1a: Goodra|Ice Beam|p2a: Gholdengo\n|-resisted|p2a: Gholdengo\n|-damage|p2a: Gholdengo|80/100\n|-enditem|p2a: Gholdengo|Air Balloon\n|\n|upkeep\n|turn|37\n|\n|t:|1782543016\n|move|p2a: Gholdengo|Hex|p1a: Goodra\n|-damage|p1a: Goodra|0 fnt\n|faint|p1a: Goodra\n|\n|upkeep\n|\n|t:|1782543019\n|switch|p1a: Ceruledge|Ceruledge, M|57/100\n|turn|38\n|\n|t:|1782543024\n|-terastallize|p2a: Gholdengo|Fairy\n|-terastallize|p1a: Ceruledge|Grass\n|move|p2a: Gholdengo|Hex|p1a: Ceruledge\n|-damage|p1a: Ceruledge|25/100\n|move|p1a: Ceruledge|Bitter Blade|p2a: Gholdengo\n|-damage|p2a: Gholdengo|46/100\n|-heal|p1a: Ceruledge|48/100|[from] drain|[of] p2a: Gholdengo\n|\n|upkeep\n|turn|39\n|\n|t:|1782543034\n|move|p2a: Gholdengo|Thunder Wave|p1a: Ceruledge\n|-status|p1a: Ceruledge|par\n|move|p1a: Ceruledge|Bitter Blade|p2a: Gholdengo\n|-damage|p2a: Gholdengo|12/100\n|-heal|p1a: Ceruledge|70/100 par|[from] drain|[of] p2a: Gholdengo\n|\n|upkeep\n|turn|40\n|j| pls game\n|\n|t:|1782543040\n|move|p1a: Ceruledge|Shadow Sneak|p2a: Gholdengo\n|-damage|p2a: Gholdengo|0 fnt\n|faint|p2a: Gholdengo\n|\n|upkeep\n|\n|t:|1782543045\n|switch|p2a: Kingambit|Kingambit, M|100/100\n|-damage|p2a: Kingambit|94/100|[from] Stealth Rock\n|-activate|p2a: Kingambit|ability: Supreme Overlord\n|-start|p2a: Kingambit|fallen4|[silent]\n|turn|41\n|\n|t:|1782543051\n|move|p2a: Kingambit|Iron Head|p1a: Ceruledge\n|-damage|p1a: Ceruledge|0 fnt\n|faint|p1a: Ceruledge\n|\n|-heal|p2a: Kingambit|100/100|[from] item: Leftovers\n|upkeep\n|\n|t:|1782543055\n|switch|p1a: Chesnaught|Chesnaught, M|68/100 par\n|-damage|p1a: Chesnaught|56/100 par|[from] Spikes\n|-damage|p1a: Chesnaught|50/100 par|[from] Stealth Rock\n|turn|42\n|\n|t:|1782543061\n|-end|p2a: Kingambit|fallen4|[silent]\n|switch|p2a: Zapdos|Zapdos|73/100\n|-damage|p2a: Zapdos|48/100|[from] Stealth Rock\n|move|p1a: Chesnaught|Body Press|p2a: Zapdos\n|-resisted|p2a: Zapdos\n|-damage|p2a: Zapdos|32/100\n|\n|upkeep\n|turn|43\n|\n|t:|1782543067\n|switch|p1a: Kilowattrel|Kilowattrel, M, shiny|47/100\n|move|p2a: Zapdos|Roost|p2a: Zapdos\n|-heal|p2a: Zapdos|82/100\n|-singleturn|p2a: Zapdos|move: Roost\n|\n|upkeep\n|turn|44\n|\n|t:|1782543070\n|move|p1a: Kilowattrel|Discharge|p2a: Zapdos\n|-damage|p2a: Zapdos|44/100\n|move|p2a: Zapdos|Hurricane|p1a: Kilowattrel|[miss]\n|-miss|p2a: Zapdos|p1a: Kilowattrel\n|\n|upkeep\n|turn|45\n|\n|t:|1782543077\n|move|p1a: Kilowattrel|Discharge|p2a: Zapdos\n|-damage|p2a: Zapdos|8/100\n|move|p2a: Zapdos|Hurricane|p1a: Kilowattrel|[miss]\n|-miss|p2a: Zapdos|p1a: Kilowattrel\n|\n|upkeep\n|turn|46\n|\n|t:|1782543082\n|move|p1a: Kilowattrel|Volt Switch|p2a: Zapdos\n|-damage|p2a: Zapdos|0 fnt\n|faint|p2a: Zapdos\n|\n|t:|1782543086\n|switch|p1a: Chesnaught|Chesnaught, M|50/100 par|[from] Volt Switch\n|-damage|p1a: Chesnaught|37/100 par|[from] Spikes\n|-damage|p1a: Chesnaught|31/100 par|[from] Stealth Rock\n|\n|upkeep\n|\n|t:|1782543088\n|switch|p2a: Kingambit|Kingambit, M|100/100\n|-damage|p2a: Kingambit|94/100|[from] Stealth Rock\n|-activate|p2a: Kingambit|ability: Supreme Overlord\n|-start|p2a: Kingambit|fallen5|[silent]\n|turn|47\n|\n|t:|1782543093\n|move|p2a: Kingambit|Iron Head|p1a: Chesnaught\n|-damage|p1a: Chesnaught|0 fnt\n|faint|p1a: Chesnaught\n|\n|-heal|p2a: Kingambit|100/100|[from] item: Leftovers\n|upkeep\n|\n|t:|1782543099\n|switch|p1a: Kilowattrel|Kilowattrel, M, shiny|47/100\n|turn|48\n|\n|t:|1782543101\n|move|p2a: Kingambit|Sucker Punch||[still]\n|-fail|p2a: Kingambit\n|move|p1a: Kilowattrel|Thunder Wave|p2a: Kingambit\n|-status|p2a: Kingambit|par\n|\n|upkeep\n|turn|49\n|\n|t:|1782543106\n|move|p2a: Kingambit|Sucker Punch||[still]\n|-fail|p2a: Kingambit\n|move|p1a: Kilowattrel|Thunder Wave|p2a: Kingambit\n|-fail|p2a: Kingambit|par\n|\n|upkeep\n|turn|50\n|\n|t:|1782543111\n|move|p1a: Kilowattrel|Discharge|p2a: Kingambit\n|-damage|p2a: Kingambit|57/100 par\n|move|p2a: Kingambit|Iron Head|p1a: Kilowattrel\n|-resisted|p1a: Kilowattrel\n|-damage|p1a: Kilowattrel|0 fnt\n|faint|p1a: Kilowattrel\n|\n|win|Crystal Celesse\n|raw|kemious's rating: 1523 &rarr; <strong>1505</strong><br />(-18 for losing)\n|raw|Crystal Celesse's rating: 1558 &rarr; <strong>1576</strong><br />(+18 for winning)\n|l|☆Crystal Celesse\n|player|p2|\n|l| pls game\n", "uploadtime": 1782543342, "views": 8, "formatid": "gen9ou", "rating": 1505, "private": 0, "password": null}