{"id": "gen9ou-2639900555", "format": "[Gen 9] OU", "players": ["why yukina>~<", "suprya"], "log": "|badge|p2|bronze|gen9ou|100-9\n|html|<div class=\"broadcast-red\"><strong>This battle is required to be public due to one or more player having a season medal.</strong><br />During the public phase, you can discuss the state of the ladder <a href=\"/seasondiscussion\">in a special chatroom.</a></div>\n|uhtml|medal-msg|<div class=\"broadcast-blue\">Curious what those medals under the avatar are? PS now has Ladder Seasons! For more information, check out the <a href=\"https://www.smogon.com/forums/threads/3740067/\">thread on Smogon.</a></div>\n|j|☆why yukina>~<\n|j|☆suprya\n|t:|1782539274\n|gametype|singles\n|player|p1|why yukina>~<|teammates|1778\n|player|p2|suprya|clown|1849\n|gen|9\n|tier|[Gen 9] OU\n|rated|\n|rule|HP Percentage Mod: HP is shown in percentages\n|rule|Endless Battle Clause: Forcing endless battles is banned\n|rule|Species Clause: Limit one of each Pokémon\n|rule|OHKO Clause: OHKO moves are banned\n|rule|Evasion Items Clause: Evasion items are banned\n|rule|Evasion Moves Clause: Evasion moves are banned\n|rule|Evasion Abilities Clause: Evasion abilities are banned\n|rule|Sleep Moves Clause: Sleep-inducing moves are banned\n|clearpoke\n|poke|p1|Kyurem|\n|poke|p1|Zamazenta-*|\n|poke|p1|Dragonite, F|\n|poke|p1|Pecharunt|\n|poke|p1|Iron Treads|\n|poke|p1|Samurott-Hisui, F|\n|poke|p2|Pelipper, F|\n|poke|p2|Hydrapple, M|\n|poke|p2|Iron Treads|\n|poke|p2|Gholdengo|\n|poke|p2|Greninja-*, M|\n|poke|p2|Iron Hands|\n|teampreview\n|inactive|Battle timer is ON: inactive players will automatically lose when time's up. (requested by suprya)\n|j| Disscratch\n|\n|t:|1782539288\n|teamsize|p1|6\n|teamsize|p2|6\n|start\n|switch|p1a: mouth breather|Kyurem|100/100\n|switch|p2a: Iron Hands|Iron Hands|100/100\n|-ability|p1a: mouth breather|Pressure\n|turn|1\n|j| Garden of Dreams\n|l| Garden of Dreams\n|inactive|why yukina>~< has 120 seconds left.\n|\n|t:|1782539325\n|switch|p1a: spider|Pecharunt|100/100\n|move|p2a: Iron Hands|Drain Punch|p1a: spider\n|-immune|p1a: spider\n|\n|upkeep\n|turn|2\n|\n|t:|1782539331\n|-end|p2a: Iron Hands|Quark Drive|[silent]\n|switch|p2a: Iron Treads|Iron Treads|100/100\n|move|p1a: spider|Shadow Ball|p2a: Iron Treads\n|-damage|p2a: Iron Treads|79/100\n|\n|-heal|p2a: Iron Treads|85/100|[from] item: Leftovers\n|upkeep\n|turn|3\n|inactive|why yukina>~< has 120 seconds left.\n|\n|t:|1782539372\n|switch|p1a: screens offendor|Samurott-Hisui, F|100/100\n|move|p2a: Iron Treads|Stealth Rock|p1a: screens offendor\n|-sidestart|p1: why yukina>~<|move: Stealth Rock\n|\n|-heal|p2a: Iron Treads|91/100|[from] item: Leftovers\n|upkeep\n|turn|4\n|\n|t:|1782539384\n|-end|p2a: Iron Treads|Quark Drive|[silent]\n|switch|p2a: Hydrapple|Hydrapple, M|100/100\n|move|p1a: screens offendor|Ceaseless Edge|p2a: Hydrapple\n|-damage|p2a: Hydrapple|75/100\n|-damage|p1a: screens offendor|84/100|[from] item: Rocky Helmet|[of] p2a: Hydrapple\n|-sidestart|p2: suprya|Spikes\n|\n|upkeep\n|turn|5\n|\n|t:|1782539394\n|move|p1a: screens offendor|Ceaseless Edge|p2a: Hydrapple\n|-damage|p2a: Hydrapple|48/100\n|-damage|p1a: screens offendor|67/100|[from] item: Rocky Helmet|[of] p2a: Hydrapple\n|-sidestart|p2: suprya|Spikes\n|move|p2a: Hydrapple|Fickle Beam|p1a: screens offendor\n|-damage|p1a: screens offendor|38/100\n|\n|upkeep\n|turn|6\n|\n|t:|1782539401\n|switch|p1a: lambo|Iron Treads|100/100\n|-damage|p1a: lambo|97/100|[from] Stealth Rock\n|move|p2a: Hydrapple|Giga Drain|p1a: lambo\n|-damage|p1a: lambo|72/100\n|-heal|p2a: Hydrapple|60/100|[from] drain|[of] p1a: lambo\n|\n|-heal|p1a: lambo|79/100|[from] item: Leftovers\n|upkeep\n|turn|7\n|\n|t:|1782539420\n|move|p1a: lambo|Rapid Spin|p2a: Hydrapple\n|-damage|p2a: Hydrapple|53/100\n|-boost|p1a: lambo|spe|1\n|-damage|p1a: lambo|62/100|[from] item: Rocky Helmet|[of] p2a: Hydrapple\n|-sideend|p1: why yukina>~<|Stealth Rock|[from] move: Rapid Spin|[of] p1a: lambo\n|move|p2a: Hydrapple|Earth Power|p1a: lambo\n|-supereffective|p1a: lambo\n|-damage|p1a: lambo|24/100\n|\n|-heal|p1a: lambo|30/100|[from] item: Leftovers\n|upkeep\n|turn|8\n|inactive|why yukina>~< has 120 seconds left.\n|\n|t:|1782539443\n|move|p1a: lambo|Stealth Rock|p2a: Hydrapple\n|-sidestart|p2: suprya|move: Stealth Rock\n|move|p2a: Hydrapple|Earth Power|p1a: lambo\n|-supereffective|p1a: lambo\n|-damage|p1a: lambo|0 fnt\n|faint|p1a: lambo\n|-end|p1a: lambo|Quark Drive|[silent]\n|\n|upkeep\n|\n|t:|1782539445\n|switch|p1a: mouth breather|Kyurem|100/100\n|-ability|p1a: mouth breather|Pressure\n|turn|9\n|\n|t:|1782539471\n|switch|p2a: Iron Hands|Iron Hands|100/100\n|-damage|p2a: Iron Hands|84/100|[from] Spikes\n|-damage|p2a: Iron Hands|78/100|[from] Stealth Rock\n|move|p1a: mouth breather|Ice Beam|p2a: Iron Hands\n|-damage|p2a: Iron Hands|52/100\n|-status|p2a: Iron Hands|frz\n|\n|upkeep\n|turn|10\n|inactive|why yukina>~< has 120 seconds left.\n|\n|t:|1782539500\n|move|p1a: mouth breather|Ice Beam|p2a: Iron Hands\n|-damage|p2a: Iron Hands|28/100 frz\n|cant|p2a: Iron Hands|frz\n|\n|upkeep\n|turn|11\n|\n|t:|1782539509\n|move|p1a: mouth breather|Ice Beam|p2a: Iron Hands\n|-damage|p2a: Iron Hands|3/100 frz\n|cant|p2a: Iron Hands|frz\n|\n|upkeep\n|turn|12\n|\n|t:|1782539518\n|move|p1a: mouth breather|Ice Beam|p2a: Iron Hands\n|-damage|p2a: Iron Hands|0 fnt\n|faint|p2a: Iron Hands\n|-end|p2a: Iron Hands|Quark Drive|[silent]\n|\n|upkeep\n|\n|t:|1782539520\n|switch|p2a: Iron Treads|Iron Treads|91/100\n|-damage|p2a: Iron Treads|74/100|[from] Spikes\n|-damage|p2a: Iron Treads|71/100|[from] Stealth Rock\n|turn|13\n|\n|t:|1782539526\n|move|p1a: mouth breather|Ice Beam|p2a: Iron Treads\n|-crit|p2a: Iron Treads\n|-damage|p2a: Iron Treads|11/100\n|move|p2a: Iron Treads|Stealth Rock|p1a: mouth breather\n|-sidestart|p1: why yukina>~<|move: Stealth Rock\n|\n|-heal|p2a: Iron Treads|17/100|[from] item: Leftovers\n|upkeep\n|turn|14\n|\n|t:|1782539533\n|-end|p2a: Iron Treads|Quark Drive|[silent]\n|switch|p2a: Gholdengo|Gholdengo|100/100\n|-damage|p2a: Gholdengo|84/100|[from] Spikes\n|-damage|p2a: Gholdengo|78/100|[from] Stealth Rock\n|move|p1a: mouth breather|Ice Beam|p2a: Gholdengo\n|-resisted|p2a: Gholdengo\n|-damage|p2a: Gholdengo|47/100\n|\n|upkeep\n|turn|15\n|\n|t:|1782539541\n|switch|p1a: screens offendor|Samurott-Hisui, F|38/100\n|-damage|p1a: screens offendor|26/100|[from] Stealth Rock\n|move|p2a: Gholdengo|Make It Rain|p1a: screens offendor\n|-resisted|p1a: screens offendor\n|-damage|p1a: screens offendor|0 fnt\n|-unboost|p2a: Gholdengo|spa|1\n|faint|p1a: screens offendor\n|\n|upkeep\n|\n|t:|1782539554\n|switch|p1a: lard|Dragonite, F|100/100\n|turn|16\n|\n|t:|1782539560\n|switch|p2a: Pelipper|Pelipper, F|100/100\n|-weather|RainDance|[from] ability: Drizzle|[of] p2a: Pelipper\n|move|p1a: lard|Dragon Dance|p1a: lard\n|-boost|p1a: lard|atk|1\n|-boost|p1a: lard|spe|1\n|\n|-weather|RainDance|[upkeep]\n|upkeep\n|turn|17\n|inactive|why yukina>~< has 120 seconds left.\n|\n|t:|1782539591\n|move|p1a: lard|Ice Spinner|p2a: Pelipper\n|-damage|p2a: Pelipper|65/100\n|move|p2a: Pelipper|Hurricane|p1a: lard\n|-damage|p1a: lard|82/100\n|\n|-weather|RainDance|[upkeep]\n|upkeep\n|turn|18\n|\n|t:|1782539599\n|move|p1a: lard|Dragon Dance|p1a: lard\n|-boost|p1a: lard|atk|1\n|-boost|p1a: lard|spe|1\n|move|p2a: Pelipper|Roost|p2a: Pelipper\n|-heal|p2a: Pelipper|100/100\n|-singleturn|p2a: Pelipper|move: Roost\n|\n|-weather|RainDance|[upkeep]\n|upkeep\n|turn|19\n|\n|t:|1782539602\n|move|p1a: lard|Encore|p2a: Pelipper\n|-start|p2a: Pelipper|Encore\n|move|p2a: Pelipper|Roost||[still]\n|-fail|p2a: Pelipper|heal\n|\n|-weather|RainDance|[upkeep]\n|upkeep\n|turn|20\n|\n|t:|1782539609\n|switch|p2a: Iron Treads|Iron Treads|17/100\n|-damage|p2a: Iron Treads|0 fnt|[from] Spikes\n|faint|p2a: Iron Treads\n|-end|p2a: Iron Treads|Quark Drive|[silent]\n|move|p1a: lard|Dragon Dance|p1a: lard\n|-boost|p1a: lard|atk|1\n|-boost|p1a: lard|spe|1\n|\n|-weather|none\n|upkeep\n|\n|t:|1782539611\n|switch|p2a: Pelipper|Pelipper, F|100/100\n|-weather|RainDance|[from] ability: Drizzle|[of] p2a: Pelipper\n|turn|21\n|\n|t:|1782539637\n|move|p1a: lard|Ice Spinner|p2a: Pelipper\n|-damage|p2a: Pelipper|46/100\n|move|p2a: Pelipper|Hurricane|p1a: lard\n|-damage|p1a: lard|43/100\n|\n|-weather|RainDance|[upkeep]\n|upkeep\n|turn|22\n|l| Disscratch\n|\n|t:|1782539656\n|switch|p2a: Hydrapple|Hydrapple, M|86/100\n|-damage|p2a: Hydrapple|69/100|[from] Spikes\n|-damage|p2a: Hydrapple|57/100|[from] Stealth Rock\n|move|p1a: lard|Ice Spinner|p2a: Hydrapple\n|-supereffective|p2a: Hydrapple\n|-damage|p2a: Hydrapple|0 fnt\n|-damage|p1a: lard|27/100|[from] item: Rocky Helmet|[of] p2a: Hydrapple\n|faint|p2a: Hydrapple\n|\n|-weather|RainDance|[upkeep]\n|upkeep\n|\n|t:|1782539658\n|switch|p2a: Greninja|Greninja, M|100/100\n|-damage|p2a: Greninja|84/100|[from] Spikes\n|-damage|p2a: Greninja|72/100|[from] Stealth Rock\n|turn|23\n|\n|t:|1782539661\n|-terastallize|p2a: Greninja|Water\n|move|p2a: Greninja|Water Shuriken|p1a: lard\n|-resisted|p1a: lard\n|-damage|p1a: lard|18/100\n|-resisted|p1a: lard\n|-damage|p1a: lard|9/100\n|-resisted|p1a: lard\n|-damage|p1a: lard|0 fnt\n|faint|p1a: lard\n|-ability|p2a: Greninja|Battle Bond|boost\n|-boost|p2a: Greninja|atk|1\n|-boost|p2a: Greninja|spa|1\n|-boost|p2a: Greninja|spe|1\n|-activate|p2a: Greninja|ability: Battle Bond\n|-hitcount|p1: lard|3\n|\n|-weather|RainDance|[upkeep]\n|upkeep\n|\n|t:|1782539669\n|switch|p1a: mouth breather|Kyurem|100/100\n|-damage|p1a: mouth breather|76/100|[from] Stealth Rock\n|-ability|p1a: mouth breather|Pressure\n|turn|24\n|\n|t:|1782539683\n|move|p2a: Greninja|Dark Pulse|p1a: mouth breather\n|-damage|p1a: mouth breather|28/100\n|cant|p1a: mouth breather|flinch\n|\n|-weather|RainDance|[upkeep]\n|upkeep\n|turn|25\n|\n|t:|1782539696\n|switch|p1a: spider|Pecharunt|100/100\n|move|p2a: Greninja|Dark Pulse|p1a: spider\n|-supereffective|p1a: spider\n|-damage|p1a: spider|0 fnt\n|faint|p1a: spider\n|\n|-weather|none\n|upkeep\n|\n|t:|1782539698\n|switch|p1a: shield dog|Zamazenta|100/100\n|-damage|p1a: shield dog|95/100|[from] Stealth Rock\n|-ability|p1a: shield dog|Dauntless Shield|boost\n|-boost|p1a: shield dog|def|1\n|turn|26\n|\n|t:|1782539702\n|move|p2a: Greninja|Hydro Pump|p1a: shield dog\n|-damage|p1a: shield dog|0 fnt\n|faint|p1a: shield dog\n|\n|upkeep\n|\n|t:|1782539705\n|switch|p1a: mouth breather|Kyurem|28/100\n|-damage|p1a: mouth breather|3/100|[from] Stealth Rock\n|-ability|p1a: mouth breather|Pressure\n|turn|27\n|j| Disscratch\n|\n|t:|1782539707\n|move|p2a: Greninja|Dark Pulse|p1a: mouth breather\n|-damage|p1a: mouth breather|0 fnt\n|faint|p1a: mouth breather\n|\n|win|suprya\n|raw|why yukina&gt;~&lt;'s rating: 1778 &rarr; <strong>1762</strong><br />(-16 for losing)\n|raw|suprya's rating: 1849 &rarr; <strong>1865</strong><br />(+16 for winning)\n|l|☆why yukina>~<\n|player|p1|\n|l| Disscratch\n", "uploadtime": 1782539965, "views": 6, "formatid": "gen9ou", "rating": 1762, "private": 0, "password": null}