{"id": "gen9ou-2647713311", "format": "[Gen 9] OU", "players": ["Precise_pocket", "edollas"], "log": "|j|☆Precise_pocket\n|j|☆edollas\n|t:|1783800354\n|gametype|singles\n|player|p1|Precise_pocket|101|1199\n|player|p2|edollas|266|1233\n|gen|9\n|tier|[Gen 9] OU\n|rated|\n|rule|HP Percentage Mod: HP is shown in percentages\n|rule|Endless Battle Clause: Forcing endless battles is banned\n|rule|Species Clause: Limit one of each Pokémon\n|rule|OHKO Clause: OHKO moves are banned\n|rule|Evasion Items Clause: Evasion items are banned\n|rule|Evasion Moves Clause: Evasion moves are banned\n|rule|Evasion Abilities Clause: Evasion abilities are banned\n|rule|Sleep Moves Clause: Sleep-inducing moves are banned\n|clearpoke\n|poke|p1|Hydreigon, M|\n|poke|p1|Ogerpon-Wellspring, F|\n|poke|p1|Landorus-Therian, M|\n|poke|p1|Zapdos|\n|poke|p1|Great Tusk|\n|poke|p1|Slowking-Galar, F|\n|poke|p2|Pawmot, M|\n|poke|p2|Iron Treads|\n|poke|p2|Iron Crown|\n|poke|p2|Iron Valiant|\n|poke|p2|Pincurchin, M|\n|poke|p2|Iron Jugulis|\n|teampreview\n|inactive|Battle timer is ON: inactive players will automatically lose when time's up. (requested by edollas)\n|inactive|Precise_pocket has 120 seconds left.\n|\n|t:|1783800419\n|teamsize|p1|6\n|teamsize|p2|6\n|start\n|switch|p1a: Great Tusk|Great Tusk|100/100\n|switch|p2a: Pincurchin|Pincurchin, M|100/100\n|-fieldstart|move: Electric Terrain|[from] ability: Electric Surge|[of] p2a: Pincurchin\n|turn|1\n|\n|t:|1783800432\n|switch|p2a: Iron Jugulis|Iron Jugulis|100/100\n|-activate|p2a: Iron Jugulis|ability: Quark Drive\n|-start|p2a: Iron Jugulis|quarkdrivespa\n|move|p1a: Great Tusk|Knock Off|p2a: Iron Jugulis\n|-resisted|p2a: Iron Jugulis\n|-damage|p2a: Iron Jugulis|83/100\n|-enditem|p2a: Iron Jugulis|Choice Specs|[from] move: Knock Off|[of] p1a: Great Tusk\n|\n|upkeep\n|turn|2\n|\n|t:|1783800451\n|-end|p1a: Great Tusk|Protosynthesis|[silent]\n|switch|p1a: Zapdos|Zapdos, shiny|100/100\n|move|p2a: Iron Jugulis|Hurricane|p1a: Zapdos\n|-resisted|p1a: Zapdos\n|-damage|p1a: Zapdos|63/100\n|-start|p1a: Zapdos|confusion\n|\n|-heal|p1a: Zapdos|69/100|[from] item: Leftovers\n|upkeep\n|turn|3\n|\n|t:|1783800464\n|move|p2a: Iron Jugulis|Dark Pulse|p1a: Zapdos\n|-damage|p1a: Zapdos|15/100\n|-activate|p1a: Zapdos|confusion\n|move|p1a: Zapdos|Volt Switch|p2a: Iron Jugulis\n|-supereffective|p2a: Iron Jugulis\n|-damage|p2a: Iron Jugulis|16/100\n|\n|t:|1783800477\n|switch|p1a: Landorus|Landorus-Therian, M, shiny|100/100|[from] Volt Switch\n|-ability|p1a: Landorus|Intimidate|boost\n|-unboost|p2a: Iron Jugulis|atk|1\n|\n|upkeep\n|turn|4\n|\n|t:|1783800484\n|move|p2a: Iron Jugulis|Hurricane|p1a: Landorus|[miss]\n|-miss|p2a: Iron Jugulis|p1a: Landorus\n|move|p1a: Landorus|U-turn|p2a: Iron Jugulis\n|-damage|p2a: Iron Jugulis|0 fnt\n|faint|p2a: Iron Jugulis\n|-end|p2a: Iron Jugulis|Quark Drive|[silent]\n|\n|t:|1783800493\n|switch|p1a: Slowking|Slowking-Galar, F, shiny|100/100|[from] U-turn\n|\n|upkeep\n|inactive|edollas has 120 seconds left.\n|\n|t:|1783800528\n|switch|p2a: Iron Crown|Iron Crown|100/100\n|-activate|p2a: Iron Crown|ability: Quark Drive\n|-start|p2a: Iron Crown|quarkdrivespe\n|turn|5\n|\n|t:|1783800543\n|move|p2a: Iron Crown|Calm Mind|p2a: Iron Crown\n|-boost|p2a: Iron Crown|spa|1\n|-boost|p2a: Iron Crown|spd|1\n|move|p1a: Slowking|Flamethrower|p2a: Iron Crown\n|-supereffective|p2a: Iron Crown\n|-damage|p2a: Iron Crown|72/100\n|\n|-heal|p2a: Iron Crown|78/100|[from] item: Leftovers\n|upkeep\n|turn|6\n|\n|t:|1783800556\n|switch|p1a: Landorus|Landorus-Therian, M, shiny|100/100\n|-ability|p1a: Landorus|Intimidate|boost\n|-unboost|p2a: Iron Crown|atk|1\n|move|p2a: Iron Crown|Calm Mind|p2a: Iron Crown\n|-boost|p2a: Iron Crown|spa|1\n|-boost|p2a: Iron Crown|spd|1\n|\n|-heal|p2a: Iron Crown|84/100|[from] item: Leftovers\n|upkeep\n|turn|7\n|\n|t:|1783800566\n|move|p2a: Iron Crown|Tachyon Cutter|p1a: Landorus\n|-damage|p1a: Landorus|67/100\n|-damage|p1a: Landorus|34/100\n|-hitcount|p1a: Landorus|2\n|move|p1a: Landorus|Earthquake|p2a: Iron Crown\n|-supereffective|p2a: Iron Crown\n|-damage|p2a: Iron Crown|0 fnt\n|faint|p2a: Iron Crown\n|-end|p2a: Iron Crown|Quark Drive|[silent]\n|\n|-heal|p1a: Landorus|40/100|[from] item: Leftovers\n|upkeep\n|\n|t:|1783800583\n|switch|p2a: Iron Valiant|Iron Valiant|100/100\n|-activate|p2a: Iron Valiant|ability: Quark Drive\n|-start|p2a: Iron Valiant|quarkdrivespe\n|turn|8\n|\n|t:|1783800594\n|move|p2a: Iron Valiant|Reflect|p2a: Iron Valiant\n|-sidestart|p2: edollas|Reflect\n|move|p1a: Landorus|Taunt|p2a: Iron Valiant\n|-start|p2a: Iron Valiant|move: Taunt\n|\n|-heal|p1a: Landorus|46/100|[from] item: Leftovers\n|-fieldend|move: Electric Terrain\n|-end|p2a: Iron Valiant|Quark Drive\n|upkeep\n|turn|9\n|\n|t:|1783800605\n|move|p2a: Iron Valiant|Knock Off|p1a: Landorus\n|-damage|p1a: Landorus|20/100\n|-enditem|p1a: Landorus|Leftovers|[from] move: Knock Off|[of] p2a: Iron Valiant\n|move|p1a: Landorus|Stealth Rock|p2a: Iron Valiant\n|-sidestart|p2: edollas|move: Stealth Rock\n|\n|upkeep\n|turn|10\n|\n|t:|1783800611\n|move|p2a: Iron Valiant|Spirit Break|p1a: Landorus\n|-crit|p1a: Landorus\n|-damage|p1a: Landorus|0 fnt\n|faint|p1a: Landorus\n|\n|upkeep\n|\n|t:|1783800627\n|switch|p1a: Slowking|Slowking-Galar, F, shiny|100/100\n|turn|11\n|\n|t:|1783800648\n|move|p2a: Iron Valiant|Knock Off|p1a: Slowking\n|-supereffective|p1a: Slowking\n|-damage|p1a: Slowking|44/100\n|-enditem|p1a: Slowking|Assault Vest|[from] move: Knock Off|[of] p2a: Iron Valiant\n|move|p1a: Slowking|Future Sight|p2a: Iron Valiant\n|-start|p1a: Slowking|move: Future Sight\n|\n|-end|p2a: Iron Valiant|move: Taunt\n|upkeep\n|turn|12\n|\n|t:|1783800664\n|switch|p1a: Zapdos|Zapdos, shiny|15/100\n|move|p2a: Iron Valiant|Light Screen|p2a: Iron Valiant\n|-sidestart|p2: edollas|move: Light Screen\n|\n|-heal|p1a: Zapdos|21/100|[from] item: Leftovers\n|upkeep\n|turn|13\n|\n|t:|1783800676\n|-end|p2a: Iron Valiant|Quark Drive|[silent]\n|switch|p2a: Iron Treads|Iron Treads|100/100\n|move|p1a: Zapdos|Volt Switch|p2a: Iron Treads\n|-immune|p2a: Iron Treads\n|\n|-end|p2a: Iron Treads|move: Future Sight\n|-resisted|p2a: Iron Treads\n|-damage|p2a: Iron Treads|84/100\n|-heal|p1a: Zapdos|27/100|[from] item: Leftovers\n|upkeep\n|turn|14\n|inactive|Precise_pocket has 120 seconds left.\n|\n|t:|1783800704\n|move|p2a: Iron Treads|Rapid Spin|p1a: Zapdos\n|-damage|p1a: Zapdos|16/100\n|-boost|p2a: Iron Treads|spe|1\n|-status|p2a: Iron Treads|par|[from] ability: Static|[of] p1a: Zapdos\n|-sideend|p2: edollas|Stealth Rock|[from] move: Rapid Spin|[of] p2a: Iron Treads\n|move|p1a: Zapdos|Heat Wave|p2a: Iron Treads\n|-supereffective|p2a: Iron Treads\n|-damage|p2a: Iron Treads|49/100 par\n|\n|-heal|p1a: Zapdos|22/100|[from] item: Leftovers\n|upkeep\n|turn|15\n|inactive|Precise_pocket has 120 seconds left.\n|\n|t:|1783800721\n|move|p2a: Iron Treads|Knock Off|p1a: Zapdos\n|-damage|p1a: Zapdos|2/100\n|-enditem|p1a: Zapdos|Leftovers|[from] move: Knock Off|[of] p2a: Iron Treads\n|move|p1a: Zapdos|Roost|p1a: Zapdos\n|-heal|p1a: Zapdos|52/100\n|-singleturn|p1a: Zapdos|move: Roost\n|\n|-sideend|p2: edollas|Reflect\n|upkeep\n|turn|16\n|\n|t:|1783800731\n|move|p2a: Iron Treads|Stealth Rock|p1a: Zapdos\n|-sidestart|p1: Precise_pocket|move: Stealth Rock\n|move|p1a: Zapdos|Roost|p1a: Zapdos\n|-heal|p1a: Zapdos|100/100\n|-singleturn|p1a: Zapdos|move: Roost\n|\n|upkeep\n|turn|17\n|\n|t:|1783800749\n|-end|p2a: Iron Treads|Quark Drive|[silent]\n|switch|p2a: Pincurchin|Pincurchin, M|100/100\n|-fieldstart|move: Electric Terrain|[from] ability: Electric Surge|[of] p2a: Pincurchin\n|move|p1a: Zapdos|Heat Wave|p2a: Pincurchin\n|-damage|p2a: Pincurchin|84/100\n|\n|upkeep\n|turn|18\n|inactive|Precise_pocket has 120 seconds left.\n|\n|t:|1783800783\n|switch|p1a: Slowking|Slowking-Galar, F, shiny|77/100\n|-damage|p1a: Slowking|65/100|[from] Stealth Rock\n|move|p2a: Pincurchin|Spikes|p1a: Slowking\n|-sidestart|p1: Precise_pocket|Spikes\n|\n|upkeep\n|turn|19\n|\n|t:|1783800794\n|-prepare|p1a: Slowking|Chilly Reception|[premajor]\n|move|p1a: Slowking|Chilly Reception|p1a: Slowking\n|-weather|Snowscape\n|\n|t:|1783800798\n|switch|p1a: Hydreigon|Hydreigon, M|100/100|[from] Chilly Reception\n|-damage|p1a: Hydreigon|88/100|[from] Stealth Rock\n|move|p2a: Pincurchin|Wild Charge|p1a: Hydreigon\n|-resisted|p1a: Hydreigon\n|-damage|p1a: Hydreigon|64/100\n|-damage|p2a: Pincurchin|77/100|[from] Recoil\n|\n|-weather|Snowscape|[upkeep]\n|-sideend|p2: edollas|move: Light Screen\n|upkeep\n|turn|20\n|inactive|Precise_pocket has 120 seconds left.\n|\n|t:|1783800809\n|move|p1a: Hydreigon|Earth Power|p2a: Pincurchin\n|-supereffective|p2a: Pincurchin\n|-damage|p2a: Pincurchin|0 fnt\n|faint|p2a: Pincurchin\n|\n|-weather|Snowscape|[upkeep]\n|upkeep\n|-message|edollas forfeited.\n|\n|win|Precise_pocket\n|raw|Precise_pocket's rating: 1199 &rarr; <strong>1226</strong><br />(+27 for winning)\n|raw|edollas's rating: 1233 &rarr; <strong>1206</strong><br />(-27 for losing)\n|l|☆edollas\n|player|p2|\n", "uploadtime": 1783800825, "views": 7, "formatid": "gen9ou", "rating": 1206, "private": 0, "password": null}