{"id": "gen9ou-2647782848", "format": "[Gen 9] OU", "players": ["mkap", "PKMNTrainerJacob"], "log": "|j|☆mkap\n|j|☆PKMNTrainerJacob\n|t:|1783811798\n|gametype|singles\n|player|p1|mkap|1|1559\n|player|p2|PKMNTrainerJacob|acetrainer-gen4dp|1549\n|gen|9\n|tier|[Gen 9] OU\n|rated|\n|rule|HP Percentage Mod: HP is shown in percentages\n|rule|Endless Battle Clause: Forcing endless battles is banned\n|rule|Species Clause: Limit one of each Pokémon\n|rule|OHKO Clause: OHKO moves are banned\n|rule|Evasion Items Clause: Evasion items are banned\n|rule|Evasion Moves Clause: Evasion moves are banned\n|rule|Evasion Abilities Clause: Evasion abilities are banned\n|rule|Sleep Moves Clause: Sleep-inducing moves are banned\n|clearpoke\n|poke|p1|Heatran, M|\n|poke|p1|Garchomp, F|\n|poke|p1|Ogerpon, F|\n|poke|p1|Walking Wake|\n|poke|p1|Pecharunt|\n|poke|p1|Great Tusk|\n|poke|p2|Ting-Lu|\n|poke|p2|Samurott-Hisui, M|\n|poke|p2|Gholdengo|\n|poke|p2|Ogerpon, F|\n|poke|p2|Ceruledge, M|\n|poke|p2|Great Tusk|\n|teampreview\n|c|☆PKMNTrainerJacob|glhf\n|\n|t:|1783811815\n|teamsize|p1|6\n|teamsize|p2|6\n|start\n|switch|p1a: Garchomp|Garchomp, F|100/100\n|switch|p2a: Ogerpon|Ogerpon, F|100/100\n|turn|1\n|inactive|Battle timer is ON: inactive players will automatically lose when time's up. (requested by PKMNTrainerJacob)\n|\n|t:|1783811839\n|move|p2a: Ogerpon|Ivy Cudgel|p1a: Garchomp\n|-damage|p1a: Garchomp|38/100\n|move|p1a: Garchomp|Stealth Rock|p2a: Ogerpon\n|-sidestart|p2: PKMNTrainerJacob|move: Stealth Rock\n|\n|upkeep\n|turn|2\n|\n|t:|1783811844\n|switch|p1a: Heatran|Heatran, M|100/100\n|move|p2a: Ogerpon|Ivy Cudgel|p1a: Heatran\n|-resisted|p1a: Heatran\n|-damage|p1a: Heatran|82/100\n|\n|upkeep\n|turn|3\n|\n|t:|1783811849\n|switch|p2a: Ting-Lu|Ting-Lu|100/100\n|-damage|p2a: Ting-Lu|94/100|[from] Stealth Rock\n|-ability|p2a: Ting-Lu|Vessel of Ruin\n|move|p1a: Heatran|Overheat|p2a: Ting-Lu\n|-damage|p2a: Ting-Lu|67/100\n|-unboost|p1a: Heatran|spa|2\n|\n|-heal|p2a: Ting-Lu|73/100|[from] item: Leftovers\n|upkeep\n|turn|4\n|\n|t:|1783811857\n|switch|p1a: Ogerpon|Ogerpon, F|100/100\n|move|p2a: Ting-Lu|Stealth Rock|p1a: Ogerpon\n|-sidestart|p1: mkap|move: Stealth Rock\n|\n|-heal|p2a: Ting-Lu|79/100|[from] item: Leftovers\n|upkeep\n|turn|5\n|\n|t:|1783811865\n|switch|p2a: Gholdengo|Gholdengo|100/100\n|-damage|p2a: Gholdengo|94/100|[from] Stealth Rock\n|-item|p2a: Gholdengo|Air Balloon\n|move|p1a: Ogerpon|Swords Dance|p1a: Ogerpon\n|-boost|p1a: Ogerpon|atk|2\n|\n|upkeep\n|turn|6\n|\n|t:|1783811871\n|move|p1a: Ogerpon|Knock Off|p2a: Gholdengo\n|-supereffective|p2a: Gholdengo\n|-damage|p2a: Gholdengo|0 fnt\n|-enditem|p2a: Gholdengo|Air Balloon\n|faint|p2a: Gholdengo\n|\n|upkeep\n|\n|t:|1783811879\n|switch|p2a: Great Tusk|Great Tusk|100/100\n|-damage|p2a: Great Tusk|97/100|[from] Stealth Rock\n|turn|7\n|\n|t:|1783811887\n|-terastallize|p2a: Great Tusk|Steel\n|move|p1a: Ogerpon|Ivy Cudgel|p2a: Great Tusk\n|-resisted|p2a: Great Tusk\n|-crit|p2a: Great Tusk\n|-damage|p2a: Great Tusk|64/100\n|move|p2a: Great Tusk|Rapid Spin|p1a: Ogerpon\n|-damage|p1a: Ogerpon|80/100\n|-boost|p2a: Great Tusk|spe|1\n|-sideend|p2: PKMNTrainerJacob|Stealth Rock|[from] move: Rapid Spin|[of] p2a: Great Tusk\n|\n|-heal|p2a: Great Tusk|70/100|[from] item: Leftovers\n|upkeep\n|turn|8\n|\n|t:|1783811896\n|-terastallize|p1a: Ogerpon|Grass\n|detailschange|p1a: Ogerpon|Ogerpon-Teal-Tera, F, tera:Grass\n|-ability|p1a: Ogerpon|Embody Aspect (Teal)|boost\n|-boost|p1a: Ogerpon|spe|1\n|move|p1a: Ogerpon|Low Kick|p2a: Great Tusk\n|-supereffective|p2a: Great Tusk\n|-damage|p2a: Great Tusk|0 fnt\n|faint|p2a: Great Tusk\n|-end|p2a: Great Tusk|Protosynthesis|[silent]\n|\n|upkeep\n|\n|t:|1783811902\n|switch|p2a: Ceruledge|Ceruledge, M|100/100\n|turn|9\n|\n|t:|1783811915\n|switch|p1a: Garchomp|Garchomp, F|38/100\n|-damage|p1a: Garchomp|32/100|[from] Stealth Rock\n|move|p2a: Ceruledge|Swords Dance|p2a: Ceruledge\n|-boost|p2a: Ceruledge|atk|2\n|\n|upkeep\n|turn|10\n|inactive|mkap has 120 seconds left.\n|\n|t:|1783811953\n|move|p1a: Garchomp|Earth Power|p2a: Ceruledge\n|-supereffective|p2a: Ceruledge\n|-damage|p2a: Ceruledge|39/100\n|move|p2a: Ceruledge|Poltergeist|p1a: Garchomp\n|-activate|p1a: Garchomp|move: Poltergeist|Rocky Helmet\n|-damage|p1a: Garchomp|0 fnt\n|faint|p1a: Garchomp\n|\n|upkeep\n|\n|t:|1783811963\n|switch|p1a: Pecharunt|Pecharunt|100/100\n|-damage|p1a: Pecharunt|88/100|[from] Stealth Rock\n|-item|p1a: Pecharunt|Air Balloon\n|turn|11\n|\n|t:|1783811968\n|move|p1a: Pecharunt|Shadow Ball|p2a: Ceruledge\n|-supereffective|p2a: Ceruledge\n|-damage|p2a: Ceruledge|0 fnt\n|faint|p2a: Ceruledge\n|\n|upkeep\n|c|☆PKMNTrainerJacob|gg\n|\n|t:|1783811974\n|switch|p2a: Samurott|Samurott-Hisui, M|100/100\n|turn|12\n|\n|t:|1783811986\n|move|p2a: Samurott|Ceaseless Edge|p1a: Pecharunt\n|-supereffective|p1a: Pecharunt\n|-damage|p1a: Pecharunt|26/100\n|-enditem|p1a: Pecharunt|Air Balloon\n|-sidestart|p1: mkap|Spikes\n|move|p1a: Pecharunt|Nasty Plot|p1a: Pecharunt\n|-boost|p1a: Pecharunt|spa|2\n|\n|upkeep\n|turn|13\n|\n|t:|1783811991\n|switch|p1a: Great Tusk|Great Tusk|100/100\n|-damage|p1a: Great Tusk|98/100|[from] Stealth Rock\n|-damage|p1a: Great Tusk|85/100|[from] Spikes\n|-enditem|p1a: Great Tusk|Booster Energy\n|-activate|p1a: Great Tusk|ability: Protosynthesis|[fromitem]\n|-start|p1a: Great Tusk|protosynthesisspe\n|move|p2a: Samurott|Ceaseless Edge|p1a: Great Tusk\n|-resisted|p1a: Great Tusk\n|-damage|p1a: Great Tusk|70/100\n|-sidestart|p1: mkap|Spikes\n|\n|upkeep\n|turn|14\n|\n|t:|1783811996\n|switch|p2a: Ogerpon|Ogerpon, F|100/100\n|move|p1a: Great Tusk|Rapid Spin|p2a: Ogerpon\n|-damage|p2a: Ogerpon|81/100\n|-boost|p1a: Great Tusk|spe|1\n|-sideend|p1: mkap|Spikes|[from] move: Rapid Spin|[of] p1a: Great Tusk\n|-sideend|p1: mkap|Stealth Rock|[from] move: Rapid Spin|[of] p1a: Great Tusk\n|\n|upkeep\n|turn|15\n|\n|t:|1783812002\n|-end|p1a: Great Tusk|Protosynthesis|[silent]\n|switch|p1a: Heatran|Heatran, M|82/100\n|move|p2a: Ogerpon|Ivy Cudgel|p1a: Heatran\n|-resisted|p1a: Heatran\n|-damage|p1a: Heatran|64/100\n|\n|upkeep\n|turn|16\n|\n|t:|1783812006\n|switch|p2a: Ting-Lu|Ting-Lu|79/100\n|-ability|p2a: Ting-Lu|Vessel of Ruin\n|move|p1a: Heatran|Overheat|p2a: Ting-Lu|[miss]\n|-miss|p1a: Heatran|p2a: Ting-Lu\n|\n|-heal|p2a: Ting-Lu|85/100|[from] item: Leftovers\n|upkeep\n|turn|17\n|\n|t:|1783812008\n|switch|p1a: Ogerpon|Ogerpon-Teal-Tera, F, tera:Grass|80/100\n|-ability|p1a: Ogerpon|Embody Aspect (Teal)|boost\n|-boost|p1a: Ogerpon|spe|1\n|move|p2a: Ting-Lu|Stealth Rock|p1a: Ogerpon\n|-sidestart|p1: mkap|move: Stealth Rock\n|\n|-heal|p2a: Ting-Lu|92/100|[from] item: Leftovers\n|upkeep\n|turn|18\n|-message|PKMNTrainerJacob forfeited.\n|\n|win|mkap\n|raw|mkap's rating: 1559 &rarr; <strong>1578</strong><br />(+19 for winning)\n|raw|PKMNTrainerJacob's rating: 1549 &rarr; <strong>1530</strong><br />(-19 for losing)\n|l|☆PKMNTrainerJacob\n|player|p2|\n|l|☆mkap\n|player|p1|\n", "uploadtime": 1783812267, "views": 25, "formatid": "gen9ou", "rating": 1530, "private": 0, "password": null}