{"id": "gen9ou-2647779570", "format": "[Gen 9] OU", "players": ["Mouu'D", "Will Gatz"], "log": "|j|☆Mouu'D\n|j|☆Will Gatz\n|t:|1783811215\n|gametype|singles\n|player|p1|Mouu'D|youngster-gen4dp|1205\n|player|p2|Will Gatz|zinzolin|1255\n|gen|9\n|tier|[Gen 9] OU\n|rated|\n|rule|HP Percentage Mod: HP is shown in percentages\n|rule|Endless Battle Clause: Forcing endless battles is banned\n|rule|Species Clause: Limit one of each Pokémon\n|rule|OHKO Clause: OHKO moves are banned\n|rule|Evasion Items Clause: Evasion items are banned\n|rule|Evasion Moves Clause: Evasion moves are banned\n|rule|Evasion Abilities Clause: Evasion abilities are banned\n|rule|Sleep Moves Clause: Sleep-inducing moves are banned\n|clearpoke\n|poke|p1|Deoxys-Defense|\n|poke|p1|Diancie|\n|poke|p1|Glastrier|\n|poke|p1|Ursaluna, F|\n|poke|p1|Exeggutor-Alola, F|\n|poke|p1|Conkeldurr, M|\n|poke|p2|Reuniclus, F|\n|poke|p2|Mamoswine, F|\n|poke|p2|Dragapult, M|\n|poke|p2|Toxapex, M|\n|poke|p2|Heatran, F|\n|poke|p2|Meowscarada, F|\n|teampreview\n|inactive|Battle timer is ON: inactive players will automatically lose when time's up. (requested by Will Gatz)\n|\n|t:|1783811225\n|teamsize|p1|6\n|teamsize|p2|6\n|start\n|switch|p1a: Luffy gear 4th|Conkeldurr, M|100/100\n|switch|p2a: Meowscarada|Meowscarada, F, shiny|100/100\n|turn|1\n|\n|t:|1783811239\n|switch|p2a: Toxapex|Toxapex, M|100/100\n|move|p1a: Luffy gear 4th|Ice Punch|p2a: Toxapex\n|-resisted|p2a: Toxapex\n|-damage|p2a: Toxapex|91/100\n|\n|-heal|p2a: Toxapex|98/100|[from] item: Black Sludge\n|-status|p1a: Luffy gear 4th|brn|[from] item: Flame Orb\n|upkeep\n|turn|2\n|\n|t:|1783811251\n|move|p2a: Toxapex|Chilling Water|p1a: Luffy gear 4th\n|-damage|p1a: Luffy gear 4th|89/100 brn\n|-unboost|p1a: Luffy gear 4th|atk|1\n|move|p1a: Luffy gear 4th|Knock Off|p2a: Toxapex\n|-damage|p2a: Toxapex|71/100\n|-enditem|p2a: Toxapex|Black Sludge|[from] move: Knock Off|[of] p1a: Luffy gear 4th\n|\n|-damage|p1a: Luffy gear 4th|83/100 brn|[from] brn\n|upkeep\n|turn|3\n|\n|t:|1783811265\n|switch|p1a: Kuma|Ursaluna, F|100/100\n|move|p2a: Toxapex|Toxic|p1a: Kuma\n|-status|p1a: Kuma|tox\n|\n|-damage|p1a: Kuma|94/100 tox|[from] psn\n|upkeep\n|turn|4\n|\n|t:|1783811278\n|move|p2a: Toxapex|Baneful Bunker|p2a: Toxapex\n|-singleturn|p2a: Toxapex|move: Protect\n|move|p1a: Kuma|Earthquake|p2a: Toxapex\n|-activate|p2a: Toxapex|move: Protect\n|\n|-damage|p1a: Kuma|82/100 tox|[from] psn\n|upkeep\n|turn|5\n|\n|t:|1783811284\n|-terastallize|p2a: Toxapex|Grass\n|move|p2a: Toxapex|Chilling Water|p1a: Kuma\n|-supereffective|p1a: Kuma\n|-damage|p1a: Kuma|62/100 tox\n|-unboost|p1a: Kuma|atk|1\n|move|p1a: Kuma|Facade|p2a: Toxapex\n|-damage|p2a: Toxapex|16/100\n|\n|-damage|p1a: Kuma|43/100 tox|[from] psn\n|upkeep\n|turn|6\n|\n|t:|1783811297\n|switch|p1a: Vegapunk 03|Deoxys-Defense, shiny|100/100\n|-ability|p1a: Vegapunk 03|Pressure\n|move|p2a: Toxapex|Pain Split|p1a: Vegapunk 03\n|-sethp|p1a: Vegapunk 03|58/100|[from] move: Pain Split|[silent]\n|-sethp|p2a: Toxapex|58/100|[from] move: Pain Split\n|\n|upkeep\n|turn|7\n|\n|t:|1783811309\n|move|p1a: Vegapunk 03|Recover|p1a: Vegapunk 03\n|-heal|p1a: Vegapunk 03|100/100\n|move|p2a: Toxapex|Toxic|p1a: Vegapunk 03|[miss]\n|-miss|p2a: Toxapex|p1a: Vegapunk 03\n|\n|upkeep\n|turn|8\n|\n|t:|1783811319\n|switch|p1a: Kuma|Ursaluna, F|43/100 tox\n|move|p2a: Toxapex|Pain Split|p1a: Kuma\n|-sethp|p1a: Kuma|41/100 tox|[from] move: Pain Split|[silent]\n|-sethp|p2a: Toxapex|62/100|[from] move: Pain Split\n|\n|-damage|p1a: Kuma|34/100 tox|[from] psn\n|upkeep\n|turn|9\n|\n|t:|1783811325\n|move|p2a: Toxapex|Baneful Bunker|p2a: Toxapex\n|-singleturn|p2a: Toxapex|move: Protect\n|move|p1a: Kuma|Facade|p2a: Toxapex\n|-activate|p2a: Toxapex|move: Protect\n|\n|-damage|p1a: Kuma|22/100 tox|[from] psn\n|upkeep\n|turn|10\n|\n|t:|1783811332\n|switch|p2a: Dragapult|Dragapult, M|100/100\n|move|p1a: Kuma|Facade|p2a: Dragapult\n|-immune|p2a: Dragapult\n|\n|-damage|p1a: Kuma|3/100 tox|[from] psn\n|upkeep\n|turn|11\n|\n|t:|1783811338\n|switch|p2a: Toxapex|Toxapex, M, tera:Grass|95/100\n|move|p1a: Kuma|Earthquake|p2a: Toxapex\n|-resisted|p2a: Toxapex\n|-damage|p2a: Toxapex|67/100\n|\n|-damage|p1a: Kuma|0 fnt|[from] psn\n|faint|p1a: Kuma\n|upkeep\n|\n|t:|1783811344\n|switch|p1a: Stronger|Glastrier|100/100\n|turn|12\n|\n|t:|1783811351\n|move|p2a: Toxapex|Baneful Bunker|p2a: Toxapex\n|-singleturn|p2a: Toxapex|move: Protect\n|move|p1a: Stronger|Avalanche|p2a: Toxapex\n|-activate|p2a: Toxapex|move: Protect\n|-status|p1a: Stronger|psn\n|\n|-damage|p1a: Stronger|88/100 psn|[from] psn\n|upkeep\n|turn|13\n|\n|t:|1783811361\n|switch|p2a: Heatran|Heatran, F|100/100\n|move|p1a: Stronger|Stomping Tantrum|p2a: Heatran\n|-supereffective|p2a: Heatran\n|-damage|p2a: Heatran|0 fnt\n|faint|p2a: Heatran\n|-ability|p1a: Stronger|Chilling Neigh|boost\n|-boost|p1a: Stronger|atk|1\n|\n|-damage|p1a: Stronger|76/100 psn|[from] psn\n|upkeep\n|\n|t:|1783811370\n|switch|p2a: Dragapult|Dragapult, M|100/100\n|turn|14\n|\n|t:|1783811375\n|move|p2a: Dragapult|Fire Blast|p1a: Stronger\n|-supereffective|p1a: Stronger\n|-damage|p1a: Stronger|39/100 psn\n|move|p1a: Stronger|Crunch|p2a: Dragapult\n|-supereffective|p2a: Dragapult\n|-damage|p2a: Dragapult|0 fnt\n|faint|p2a: Dragapult\n|-ability|p1a: Stronger|Chilling Neigh|boost\n|-boost|p1a: Stronger|atk|1\n|\n|-damage|p1a: Stronger|27/100 psn|[from] psn\n|upkeep\n|\n|t:|1783811382\n|switch|p2a: Mamoswine|Mamoswine, F|100/100\n|turn|15\n|\n|t:|1783811393\n|move|p2a: Mamoswine|Stone Edge|p1a: Stronger\n|-supereffective|p1a: Stronger\n|-damage|p1a: Stronger|0 fnt\n|faint|p1a: Stronger\n|\n|upkeep\n|\n|t:|1783811397\n|switch|p1a: Joz|Diancie|100/100\n|turn|16\n|\n|t:|1783811399\n|move|p2a: Mamoswine|Earthquake|p1a: Joz\n|-supereffective|p1a: Joz\n|-damage|p1a: Joz|15/100\n|move|p1a: Joz|Trick Room|p1a: Joz\n|-fieldstart|move: Trick Room|[of] p1a: Joz\n|\n|upkeep\n|turn|17\n|\n|t:|1783811416\n|move|p2a: Mamoswine|Ice Shard|p1a: Joz\n|-damage|p1a: Joz|0 fnt\n|faint|p1a: Joz\n|\n|upkeep\n|\n|t:|1783811436\n|switch|p1a: Sodom|Exeggutor-Alola, F, shiny|100/100\n|turn|18\n|\n|t:|1783811440\n|move|p2a: Mamoswine|Ice Shard|p1a: Sodom\n|-supereffective|p1a: Sodom\n|-damage|p1a: Sodom|14/100\n|-enditem|p1a: Sodom|Sitrus Berry|[eat]\n|-heal|p1a: Sodom|39/100|[from] item: Sitrus Berry\n|move|p1a: Sodom|Energy Ball|p2a: Mamoswine\n|-supereffective|p2a: Mamoswine\n|-damage|p2a: Mamoswine|32/100\n|\n|-item|p1a: Sodom|Sitrus Berry|[from] ability: Harvest\n|upkeep\n|-enditem|p1a: Sodom|Sitrus Berry|[eat]\n|-heal|p1a: Sodom|64/100|[from] item: Sitrus Berry\n|turn|19\n|\n|t:|1783811462\n|switch|p1a: Luffy gear 4th|Conkeldurr, M|83/100 brn\n|move|p2a: Mamoswine|Ice Shard|p1a: Luffy gear 4th\n|-damage|p1a: Luffy gear 4th|63/100 brn\n|\n|-damage|p1a: Luffy gear 4th|57/100 brn|[from] brn\n|upkeep\n|turn|20\n|\n|t:|1783811467\n|switch|p2a: Toxapex|Toxapex, M, tera:Grass|99/100\n|move|p1a: Luffy gear 4th|Mach Punch|p2a: Toxapex\n|-damage|p2a: Toxapex|76/100\n|\n|-damage|p1a: Luffy gear 4th|51/100 brn|[from] brn\n|-fieldend|move: Trick Room\n|upkeep\n|turn|21\n|\n|t:|1783811471\n|-terastallize|p1a: Luffy gear 4th|Ice\n|move|p2a: Toxapex|Chilling Water|p1a: Luffy gear 4th\n|-damage|p1a: Luffy gear 4th|40/100 brn\n|-unboost|p1a: Luffy gear 4th|atk|1\n|move|p1a: Luffy gear 4th|Ice Punch|p2a: Toxapex\n|-supereffective|p2a: Toxapex\n|-damage|p2a: Toxapex|17/100\n|\n|-damage|p1a: Luffy gear 4th|34/100 brn|[from] brn\n|upkeep\n|turn|22\n|\n|t:|1783811484\n|move|p2a: Toxapex|Baneful Bunker|p2a: Toxapex\n|-singleturn|p2a: Toxapex|move: Protect\n|move|p1a: Luffy gear 4th|Ice Punch|p2a: Toxapex\n|-activate|p2a: Toxapex|move: Protect\n|\n|-damage|p1a: Luffy gear 4th|28/100 brn|[from] brn\n|upkeep\n|turn|23\n|\n|t:|1783811509\n|switch|p2a: Mamoswine|Mamoswine, F|32/100\n|move|p1a: Luffy gear 4th|Mach Punch|p2a: Mamoswine\n|-supereffective|p2a: Mamoswine\n|-damage|p2a: Mamoswine|0 fnt\n|faint|p2a: Mamoswine\n|\n|-damage|p1a: Luffy gear 4th|22/100 brn|[from] brn\n|upkeep\n|\n|t:|1783811514\n|switch|p2a: Toxapex|Toxapex, M, tera:Grass|50/100\n|turn|24\n|\n|t:|1783811522\n|move|p2a: Toxapex|Chilling Water|p1a: Luffy gear 4th\n|-damage|p1a: Luffy gear 4th|9/100 brn\n|-unboost|p1a: Luffy gear 4th|atk|1\n|move|p1a: Luffy gear 4th|Ice Punch|p2a: Toxapex\n|-supereffective|p2a: Toxapex\n|-damage|p2a: Toxapex|8/100\n|\n|-damage|p1a: Luffy gear 4th|3/100 brn|[from] brn\n|upkeep\n|turn|25\n|\n|t:|1783811534\n|move|p2a: Toxapex|Baneful Bunker|p2a: Toxapex\n|-singleturn|p2a: Toxapex|move: Protect\n|move|p1a: Luffy gear 4th|Knock Off|p2a: Toxapex\n|-activate|p2a: Toxapex|move: Protect\n|\n|-damage|p1a: Luffy gear 4th|0 fnt|[from] brn\n|faint|p1a: Luffy gear 4th\n|upkeep\n|\n|t:|1783811561\n|switch|p1a: Vegapunk 03|Deoxys-Defense, shiny|100/100\n|-ability|p1a: Vegapunk 03|Pressure\n|turn|26\n|\n|t:|1783811566\n|move|p1a: Vegapunk 03|Psycho Boost|p2a: Toxapex\n|-damage|p2a: Toxapex|0 fnt\n|-unboost|p1a: Vegapunk 03|spa|2\n|faint|p2a: Toxapex\n|\n|upkeep\n|\n|t:|1783811569\n|switch|p2a: Reuniclus|Reuniclus, F|100/100\n|turn|27\n|-activate|p2a: Reuniclus|item: Quick Claw\n|\n|t:|1783811579\n|switch|p1a: Sodom|Exeggutor-Alola, F, shiny|64/100\n|move|p2a: Reuniclus|Calm Mind|p2a: Reuniclus\n|-boost|p2a: Reuniclus|spa|1\n|-boost|p2a: Reuniclus|spd|1\n|\n|-item|p1a: Sodom|Sitrus Berry|[from] ability: Harvest\n|upkeep\n|turn|28\n|-activate|p2a: Reuniclus|item: Quick Claw\n|\n|t:|1783811589\n|move|p2a: Reuniclus|Calm Mind|p2a: Reuniclus\n|-boost|p2a: Reuniclus|spa|1\n|-boost|p2a: Reuniclus|spd|1\n|move|p1a: Sodom|Energy Ball|p2a: Reuniclus\n|-damage|p2a: Reuniclus|84/100\n|\n|upkeep\n|turn|29\n|-message|Mouu'D forfeited.\n|\n|win|Will Gatz\n|raw|Mouu&apos;D's rating: 1205 &rarr; <strong>1184</strong><br />(-21 for losing)\n|raw|Will Gatz's rating: 1255 &rarr; <strong>1276</strong><br />(+21 for winning)\n|l|☆Mouu'D\n|player|p1|\n", "uploadtime": 1783811866, "views": 3, "formatid": "gen9ou", "rating": 1184, "private": 0, "password": null}