{"id": "gen9ou-2647715174", "format": "[Gen 9] OU", "players": ["TheSeraphAbove", "TheMindBender1618"], "log": "|j|☆TheSeraphAbove\n|j|☆TheMindBender1618\n|t:|1783800639\n|gametype|singles\n|player|p1|TheSeraphAbove|iris-gen5bw2|1123\n|player|p2|TheMindBender1618|266|1157\n|gen|9\n|tier|[Gen 9] OU\n|rated|\n|rule|HP Percentage Mod: HP is shown in percentages\n|rule|Endless Battle Clause: Forcing endless battles is banned\n|rule|Species Clause: Limit one of each Pokémon\n|rule|OHKO Clause: OHKO moves are banned\n|rule|Evasion Items Clause: Evasion items are banned\n|rule|Evasion Moves Clause: Evasion moves are banned\n|rule|Evasion Abilities Clause: Evasion abilities are banned\n|rule|Sleep Moves Clause: Sleep-inducing moves are banned\n|clearpoke\n|poke|p1|Zapdos|\n|poke|p1|Muk, F|\n|poke|p1|Iron Treads|\n|poke|p1|Alomomola, F|\n|poke|p1|Terrakion|\n|poke|p1|Hydreigon, M|\n|poke|p2|Lucario, F|\n|poke|p2|Darkrai|\n|poke|p2|Great Tusk|\n|poke|p2|Ceruledge, M|\n|poke|p2|Kyurem|\n|poke|p2|Hatterene, F|\n|teampreview\n|inactive|Battle timer is ON: inactive players will automatically lose when time's up. (requested by TheSeraphAbove)\n|\n|t:|1783800664\n|teamsize|p1|6\n|teamsize|p2|6\n|start\n|switch|p1a: Alomomola|Alomomola, F, shiny|100/100\n|switch|p2a: Lucario|Lucario, F|100/100\n|turn|1\n|\n|t:|1783800676\n|move|p2a: Lucario|Swords Dance|p2a: Lucario\n|-boost|p2a: Lucario|atk|2\n|move|p1a: Alomomola|Flip Turn|p2a: Lucario\n|-damage|p2a: Lucario|75/100\n|\n|t:|1783800685\n|switch|p1a: Terrakion|Terrakion|100/100|[from] Flip Turn\n|\n|upkeep\n|turn|2\n|\n|t:|1783800691\n|move|p1a: Terrakion|Close Combat|p2a: Lucario\n|-supereffective|p2a: Lucario\n|-damage|p2a: Lucario|0 fnt\n|-unboost|p1a: Terrakion|def|1\n|-unboost|p1a: Terrakion|spd|1\n|faint|p2a: Lucario\n|\n|upkeep\n|\n|t:|1783800698\n|switch|p2a: Hatterene|Hatterene, F|100/100\n|turn|3\n|\n|t:|1783800707\n|switch|p1a: Alomomola|Alomomola, F, shiny|100/100\n|switch|p2a: Darkrai|Darkrai|100/100\n|\n|upkeep\n|turn|4\n|\n|t:|1783800718\n|move|p2a: Darkrai|Trick|p1a: Alomomola\n|-activate|p2a: Darkrai|move: Trick|[of] p1a: Alomomola\n|-item|p1a: Alomomola|Choice Scarf|[from] move: Trick\n|-item|p2a: Darkrai|Heavy-Duty Boots|[from] move: Trick\n|move|p1a: Alomomola|Flip Turn|p2a: Darkrai\n|-damage|p2a: Darkrai|78/100\n|\n|t:|1783800725\n|switch|p1a: Terrakion|Terrakion|100/100|[from] Flip Turn\n|\n|upkeep\n|turn|5\n|\n|t:|1783800742\n|switch|p2a: Hatterene|Hatterene, F|100/100\n|move|p1a: Terrakion|Iron Head|p2a: Hatterene\n|-supereffective|p2a: Hatterene\n|-damage|p2a: Hatterene|53/100\n|-damage|p1a: Terrakion|84/100|[from] item: Rocky Helmet|[of] p2a: Hatterene\n|\n|upkeep\n|turn|6\n|\n|t:|1783800748\n|switch|p1a: Alomomola|Alomomola, F, shiny|100/100\n|move|p2a: Hatterene|Draining Kiss|p1a: Alomomola\n|-damage|p1a: Alomomola|72/100\n|-heal|p2a: Hatterene|89/100|[from] drain|[of] p1a: Alomomola\n|\n|upkeep\n|turn|7\n|\n|t:|1783800755\n|move|p1a: Alomomola|Scald|p2a: Hatterene\n|-damage|p2a: Hatterene|75/100\n|move|p2a: Hatterene|Nuzzle|p1a: Alomomola\n|-supereffective|p1a: Alomomola\n|-damage|p1a: Alomomola|68/100\n|-status|p1a: Alomomola|par\n|\n|upkeep\n|turn|8\n|\n|t:|1783800776\n|move|p2a: Hatterene|Psychic Noise|p1a: Alomomola\n|-damage|p1a: Alomomola|27/100 par\n|-start|p1a: Alomomola|move: Heal Block\n|move|p1a: Alomomola|Scald|p2a: Hatterene\n|-damage|p2a: Hatterene|60/100\n|\n|upkeep\n|turn|9\n|\n|t:|1783800790\n|switch|p1a: Hydreigon|Hydreigon, M|100/100\n|move|p2a: Hatterene|Psychic Noise|p1a: Hydreigon\n|-immune|p1a: Hydreigon\n|\n|upkeep\n|turn|10\n|\n|t:|1783800799\n|-terastallize|p2a: Hatterene|Water\n|move|p1a: Hydreigon|Flash Cannon|p2a: Hatterene\n|-resisted|p2a: Hatterene\n|-damage|p2a: Hatterene|38/100\n|move|p2a: Hatterene|Draining Kiss|p1a: Hydreigon\n|-supereffective|p1a: Hydreigon\n|-damage|p1a: Hydreigon|0 fnt\n|-heal|p2a: Hatterene|100/100|[from] drain|[of] p1a: Hydreigon\n|faint|p1a: Hydreigon\n|\n|upkeep\n|\n|t:|1783800812\n|switch|p1a: Zapdos|Zapdos|100/100\n|turn|11\n|\n|t:|1783800818\n|switch|p2a: Great Tusk|Great Tusk|100/100\n|-enditem|p2a: Great Tusk|Booster Energy\n|-activate|p2a: Great Tusk|ability: Protosynthesis|[fromitem]\n|-start|p2a: Great Tusk|protosynthesisatk\n|move|p1a: Zapdos|Hurricane|p2a: Great Tusk\n|-supereffective|p2a: Great Tusk\n|-damage|p2a: Great Tusk|0 fnt\n|faint|p2a: Great Tusk\n|-end|p2a: Great Tusk|Protosynthesis|[silent]\n|\n|upkeep\n|\n|t:|1783800827\n|switch|p2a: Darkrai|Darkrai|78/100\n|turn|12\n|\n|t:|1783800838\n|switch|p1a: Terrakion|Terrakion|84/100\n|move|p2a: Darkrai|Ice Beam|p1a: Terrakion\n|-damage|p1a: Terrakion|49/100\n|\n|upkeep\n|turn|13\n|\n|t:|1783800848\n|switch|p2a: Hatterene|Hatterene, F, tera:Water|100/100\n|move|p1a: Terrakion|Close Combat|p2a: Hatterene\n|-damage|p2a: Hatterene|47/100\n|-unboost|p1a: Terrakion|def|1\n|-unboost|p1a: Terrakion|spd|1\n|-damage|p1a: Terrakion|33/100|[from] item: Rocky Helmet|[of] p2a: Hatterene\n|\n|upkeep\n|turn|14\n|\n|t:|1783800857\n|switch|p2a: Ceruledge|Ceruledge, M|100/100\n|move|p1a: Terrakion|Close Combat|p2a: Ceruledge\n|-immune|p2a: Ceruledge\n|\n|upkeep\n|turn|15\n|\n|t:|1783800868\n|switch|p1a: Alomomola|Alomomola, F, shiny|61/100 par\n|move|p2a: Ceruledge|Swords Dance|p2a: Ceruledge\n|-boost|p2a: Ceruledge|atk|2\n|\n|upkeep\n|turn|16\n|\n|t:|1783800874\n|move|p2a: Ceruledge|Poltergeist|p1a: Alomomola\n|-activate|p1a: Alomomola|move: Poltergeist|Choice Scarf\n|-damage|p1a: Alomomola|0 fnt\n|faint|p1a: Alomomola\n|-damage|p2a: Ceruledge|91/100|[from] item: Life Orb\n|\n|upkeep\n|\n|t:|1783800879\n|switch|p1a: The Slug|Muk, F, shiny|100/100\n|turn|17\n|\n|t:|1783800887\n|move|p1a: The Slug|Shadow Sneak|p2a: Ceruledge\n|-supereffective|p2a: Ceruledge\n|-damage|p2a: Ceruledge|35/100\n|-ability|p2a: Ceruledge|Weak Armor|boost\n|-unboost|p2a: Ceruledge|def|1\n|-boost|p2a: Ceruledge|spe|2\n|move|p2a: Ceruledge|Bitter Blade|p1a: The Slug\n|-damage|p1a: The Slug|0 fnt\n|-heal|p2a: Ceruledge|100/100|[from] drain|[of] p1a: The Slug\n|faint|p1a: The Slug\n|-damage|p2a: Ceruledge|91/100|[from] item: Life Orb\n|\n|upkeep\n|\n|t:|1783800892\n|switch|p1a: Terrakion|Terrakion|33/100\n|turn|18\n|\n|t:|1783800910\n|-terastallize|p1a: Terrakion|Ground\n|move|p2a: Ceruledge|Poltergeist|p1a: Terrakion\n|-activate|p1a: Terrakion|move: Poltergeist|Choice Scarf\n|-damage|p1a: Terrakion|0 fnt\n|faint|p1a: Terrakion\n|-damage|p2a: Ceruledge|81/100|[from] item: Life Orb\n|\n|upkeep\n|-message|TheSeraphAbove forfeited.\n|\n|win|TheMindBender1618\n|raw|TheSeraphAbove's rating: 1123 &rarr; <strong>1100</strong><br />(-23 for losing)\n|raw|TheMindBender1618's rating: 1157 &rarr; <strong>1180</strong><br />(+23 for winning)\n|l|☆TheSeraphAbove\n|player|p1|\n", "uploadtime": 1783801281, "views": 7, "formatid": "gen9ou", "rating": 1100, "private": 0, "password": null}