{"id": "gen9ou-2647721479", "format": "[Gen 9] OU", "players": ["CocoLocoBro", "mertkan2009"], "log": "|j|☆CocoLocoBro\n|j|☆mertkan2009\n|t:|1783801595\n|gametype|singles\n|player|p1|CocoLocoBro|fisherman|1146\n|player|p2|mertkan2009|hilbert|1141\n|gen|9\n|tier|[Gen 9] OU\n|rated|\n|rule|HP Percentage Mod: HP is shown in percentages\n|rule|Endless Battle Clause: Forcing endless battles is banned\n|rule|Species Clause: Limit one of each Pokémon\n|rule|OHKO Clause: OHKO moves are banned\n|rule|Evasion Items Clause: Evasion items are banned\n|rule|Evasion Moves Clause: Evasion moves are banned\n|rule|Evasion Abilities Clause: Evasion abilities are banned\n|rule|Sleep Moves Clause: Sleep-inducing moves are banned\n|clearpoke\n|poke|p1|Glimmora, F|\n|poke|p1|Mandibuzz, F|\n|poke|p1|Mienshao, F|\n|poke|p1|Staraptor, F|\n|poke|p1|Duraludon, M|\n|poke|p1|Cyclizar, M|\n|poke|p2|Ogerpon-Wellspring, F|\n|poke|p2|Hoopa-Unbound|\n|poke|p2|Dragonite, F|\n|poke|p2|Ting-Lu|\n|poke|p2|Samurott-Hisui, M|\n|poke|p2|Pecharunt|\n|teampreview\n|\n|t:|1783801605\n|teamsize|p1|6\n|teamsize|p2|6\n|start\n|switch|p1a: Staraptor|Staraptor, F|100/100\n|switch|p2a: Samurott|Samurott-Hisui, M, shiny|100/100\n|turn|1\n|\n|t:|1783801609\n|move|p1a: Staraptor|Close Combat|p2a: Samurott\n|-supereffective|p2a: Samurott\n|-damage|p2a: Samurott|0 fnt\n|-unboost|p1a: Staraptor|def|1\n|-unboost|p1a: Staraptor|spd|1\n|faint|p2a: Samurott\n|\n|upkeep\n|\n|t:|1783801633\n|switch|p2a: Dragonite|Dragonite, F|100/100\n|turn|2\n|\n|t:|1783801638\n|switch|p1a: Duraludon|Duraludon, M|100/100\n|move|p2a: Dragonite|Dragon Dance|p2a: Dragonite\n|-boost|p2a: Dragonite|atk|1\n|-boost|p2a: Dragonite|spe|1\n|\n|upkeep\n|turn|3\n|\n|t:|1783801646\n|move|p2a: Dragonite|Dragon Dance|p2a: Dragonite\n|-boost|p2a: Dragonite|atk|1\n|-boost|p2a: Dragonite|spe|1\n|move|p1a: Duraludon|Draco Meteor|p2a: Dragonite\n|-supereffective|p2a: Dragonite\n|-damage|p2a: Dragonite|40/100\n|-unboost|p1a: Duraludon|spa|2\n|\n|upkeep\n|turn|4\n|\n|t:|1783801651\n|move|p2a: Dragonite|Earthquake|p1a: Duraludon\n|-supereffective|p1a: Duraludon\n|-damage|p1a: Duraludon|5/100\n|move|p1a: Duraludon|Thunder Wave|p2a: Dragonite|[miss]\n|-miss|p1a: Duraludon|p2a: Dragonite\n|\n|upkeep\n|turn|5\n|\n|t:|1783801656\n|move|p2a: Dragonite|Extreme Speed|p1a: Duraludon\n|-resisted|p1a: Duraludon\n|-damage|p1a: Duraludon|0 fnt\n|faint|p1a: Duraludon\n|\n|upkeep\n|\n|t:|1783801661\n|switch|p1a: Glimmora|Glimmora, F|100/100\n|turn|6\n|\n|t:|1783801673\n|switch|p2a: Ting-Lu|Ting-Lu|100/100\n|-ability|p2a: Ting-Lu|Vessel of Ruin\n|move|p1a: Glimmora|Sludge Wave|p2a: Ting-Lu\n|-resisted|p2a: Ting-Lu\n|-damage|p2a: Ting-Lu|86/100\n|\n|upkeep\n|turn|7\n|\n|t:|1783801680\n|switch|p1a: Staraptor|Staraptor, F|100/100\n|move|p2a: Ting-Lu|Stealth Rock|p1a: Staraptor\n|-sidestart|p1: CocoLocoBro|move: Stealth Rock\n|\n|upkeep\n|turn|8\n|\n|t:|1783801687\n|switch|p2a: Pecharunt|Pecharunt|100/100\n|move|p1a: Staraptor|Brave Bird|p2a: Pecharunt\n|-damage|p2a: Pecharunt|63/100\n|-damage|p1a: Staraptor|85/100|[from] Recoil\n|\n|upkeep\n|turn|9\n|\n|t:|1783801695\n|move|p1a: Staraptor|Brave Bird|p2a: Pecharunt\n|-damage|p2a: Pecharunt|23/100\n|-damage|p1a: Staraptor|69/100|[from] Recoil\n|move|p2a: Pecharunt|Recover|p2a: Pecharunt\n|-heal|p2a: Pecharunt|73/100\n|\n|upkeep\n|turn|10\n|\n|t:|1783801706\n|move|p1a: Staraptor|Brave Bird|p2a: Pecharunt\n|-damage|p2a: Pecharunt|32/100\n|-damage|p1a: Staraptor|53/100|[from] Recoil\n|move|p2a: Pecharunt|Malignant Chain|p1a: Staraptor\n|-damage|p1a: Staraptor|0 fnt\n|faint|p1a: Staraptor\n|\n|upkeep\n|\n|t:|1783801729\n|switch|p1a: Mandibuzz|Mandibuzz, F|100/100\n|-damage|p1a: Mandibuzz|76/100|[from] Stealth Rock\n|turn|11\n|\n|t:|1783801735\n|switch|p2a: Ting-Lu|Ting-Lu|86/100\n|-ability|p2a: Ting-Lu|Vessel of Ruin\n|move|p1a: Mandibuzz|Dark Pulse|p2a: Ting-Lu\n|-resisted|p2a: Ting-Lu\n|-damage|p2a: Ting-Lu|76/100\n|-damage|p1a: Mandibuzz|66/100|[from] item: Life Orb\n|\n|upkeep\n|turn|12\n|\n|t:|1783801744\n|move|p1a: Mandibuzz|Air Slash|p2a: Ting-Lu\n|-damage|p2a: Ting-Lu|57/100\n|-damage|p1a: Mandibuzz|56/100|[from] item: Life Orb\n|move|p2a: Ting-Lu|Whirlwind|p1a: Mandibuzz\n|drag|p1a: Mienshao|Mienshao, F|100/100\n|-damage|p1a: Mienshao|95/100|[from] Stealth Rock\n|\n|upkeep\n|turn|13\n|\n|t:|1783801754\n|switch|p2a: Pecharunt|Pecharunt|32/100\n|move|p1a: Mienshao|Knock Off|p2a: Pecharunt\n|-supereffective|p2a: Pecharunt\n|-damage|p2a: Pecharunt|0 fnt\n|-enditem|p2a: Pecharunt|Heavy-Duty Boots|[from] move: Knock Off|[of] p1a: Mienshao\n|faint|p2a: Pecharunt\n|\n|upkeep\n|\n|t:|1783801761\n|switch|p2a: Ogerpon|Ogerpon-Wellspring, F|100/100\n|turn|14\n|\n|t:|1783801771\n|switch|p1a: Cyclizar|Cyclizar, M|100/100\n|-damage|p1a: Cyclizar|88/100|[from] Stealth Rock\n|-terastallize|p2a: Ogerpon|Water\n|detailschange|p2a: Ogerpon|Ogerpon-Wellspring-Tera, F, tera:Water\n|-ability|p2a: Ogerpon|Embody Aspect (Wellspring)|boost\n|-boost|p2a: Ogerpon|spd|1\n|move|p2a: Ogerpon|Swords Dance|p2a: Ogerpon\n|-boost|p2a: Ogerpon|atk|2\n|\n|upkeep\n|turn|15\n|\n|t:|1783801787\n|move|p1a: Cyclizar|Rapid Spin|p2a: Ogerpon\n|-damage|p2a: Ogerpon|81/100\n|-boost|p1a: Cyclizar|spe|1\n|-sideend|p1: CocoLocoBro|Stealth Rock|[from] move: Rapid Spin|[of] p1a: Cyclizar\n|move|p2a: Ogerpon|Ivy Cudgel|p1a: Cyclizar|[anim] Ivy Cudgel Water\n|-resisted|p1a: Cyclizar\n|-damage|p1a: Cyclizar|0 fnt\n|faint|p1a: Cyclizar\n|\n|upkeep\n|\n|t:|1783801794\n|switch|p1a: Glimmora|Glimmora, F|100/100\n|turn|16\n|\n|t:|1783801799\n|move|p2a: Ogerpon|Horn Leech|p1a: Glimmora\n|-enditem|p1a: Glimmora|Focus Sash\n|-damage|p1a: Glimmora|1/100\n|-heal|p2a: Ogerpon|100/100|[from] drain|[of] p1a: Glimmora\n|-activate|p1a: Glimmora|ability: Toxic Debris\n|-sidestart|p2: mertkan2009|move: Toxic Spikes\n|move|p1a: Glimmora|Memento|p2a: Ogerpon\n|-unboost|p2a: Ogerpon|atk|2\n|-unboost|p2a: Ogerpon|spa|2\n|faint|p1a: Glimmora\n|\n|upkeep\n|\n|t:|1783801805\n|switch|p1a: Mienshao|Mienshao, F|95/100\n|turn|17\n|\n|t:|1783801813\n|-terastallize|p1a: Mienshao|Fighting\n|move|p2a: Ogerpon|Swords Dance|p2a: Ogerpon\n|-boost|p2a: Ogerpon|atk|2\n|move|p1a: Mienshao|High Jump Kick|p2a: Ogerpon\n|-damage|p2a: Ogerpon|0 fnt\n|faint|p2a: Ogerpon\n|detailschange|p2: Ogerpon|Ogerpon-Wellspring, F|[silent]\n|\n|upkeep\n|\n|t:|1783801824\n|switch|p2a: Dragonite|Dragonite, F|40/100\n|turn|18\n|\n|t:|1783801827\n|move|p2a: Dragonite|Extreme Speed|p1a: Mienshao\n|-damage|p1a: Mienshao|36/100\n|move|p1a: Mienshao|Triple Axel|p2a: Dragonite\n|-supereffective|p2a: Dragonite\n|-damage|p2a: Dragonite|11/100\n|-supereffective|p2a: Dragonite\n|-damage|p2a: Dragonite|0 fnt\n|faint|p2a: Dragonite\n|-hitcount|p2: Dragonite|2\n|\n|upkeep\n|\n|t:|1783801833\n|switch|p2a: Ting-Lu|Ting-Lu|57/100\n|-ability|p2a: Ting-Lu|Vessel of Ruin\n|turn|19\n|\n|t:|1783801836\n|move|p1a: Mienshao|High Jump Kick|p2a: Ting-Lu\n|-supereffective|p2a: Ting-Lu\n|-damage|p2a: Ting-Lu|0 fnt\n|faint|p2a: Ting-Lu\n|\n|upkeep\n|\n|t:|1783801840\n|switch|p2a: Hoopa|Hoopa-Unbound|100/100\n|-status|p2a: Hoopa|psn\n|turn|20\n|\n|t:|1783801846\n|move|p1a: Mienshao|U-turn|p2a: Hoopa\n|-supereffective|p2a: Hoopa\n|-damage|p2a: Hoopa|0 fnt\n|faint|p2a: Hoopa\n|\n|win|CocoLocoBro\n|raw|CocoLocoBro's rating: 1146 &rarr; <strong>1171</strong><br />(+25 for winning)\n|raw|mertkan2009's rating: 1141 &rarr; <strong>1116</strong><br />(-25 for losing)\n|l|☆CocoLocoBro\n|player|p1|\n|l|☆mertkan2009\n|player|p2|\n", "uploadtime": 1783802219, "views": 13, "formatid": "gen9ou", "rating": 1116, "private": 0, "password": null}