{"id": "gen9ou-2540834265", "format": "[Gen 9] OU", "players": ["Pyroblaze212", "sly_skip"], "log": "|j|☆Pyroblaze212\n|j|☆sly_skip\n|t:|1771258859\n|gametype|singles\n|player|p1|Pyroblaze212|red|1581\n|player|p2|sly_skip|2|1603\n|gen|9\n|tier|[Gen 9] OU\n|rated|\n|rule|HP Percentage Mod: HP is shown in percentages\n|rule|Endless Battle Clause: Forcing endless battles is banned\n|rule|Species Clause: Limit one of each Pokémon\n|rule|OHKO Clause: OHKO moves are banned\n|rule|Evasion Items Clause: Evasion items are banned\n|rule|Evasion Moves Clause: Evasion moves are banned\n|rule|Evasion Abilities Clause: Evasion abilities are banned\n|rule|Sleep Moves Clause: Sleep-inducing moves are banned\n|clearpoke\n|poke|p1|Pelipper, M|\n|poke|p1|Barraskewda, M|\n|poke|p1|Iron Treads|\n|poke|p1|Kingdra, M|\n|poke|p1|Toxicroak, M|\n|poke|p1|Heatran, F|\n|poke|p2|Great Tusk|\n|poke|p2|Darkrai|\n|poke|p2|Garganacl, M|\n|poke|p2|Kyurem|\n|poke|p2|Zamazenta-*|\n|poke|p2|Slowking-Galar, M|\n|teampreview\n|inactive|Battle timer is ON: inactive players will automatically lose when time's up. (requested by sly_skip)\n|\n|t:|1771258879\n|teamsize|p1|6\n|teamsize|p2|6\n|start\n|switch|p1a: Barraskewda|Barraskewda, M|100/100\n|switch|p2a: Garganacl|Garganacl, M|100/100\n|turn|1\n|\n|t:|1771258899\n|switch|p1a: Pelipper|Pelipper, M|100/100\n|-weather|RainDance|[from] ability: Drizzle|[of] p1a: Pelipper\n|-terastallize|p2a: Garganacl|Water\n|move|p2a: Garganacl|Salt Cure|p1a: Pelipper\n|-supereffective|p1a: Pelipper\n|-damage|p1a: Pelipper|74/100\n|-start|p1a: Pelipper|Salt Cure\n|\n|-weather|RainDance|[upkeep]\n|-damage|p1a: Pelipper|49/100|[from] Salt Cure\n|upkeep\n|turn|2\n|\n|t:|1771258913\n|switch|p1a: Toxicroak|Toxicroak, M|100/100\n|move|p2a: Garganacl|Salt Cure|p1a: Toxicroak\n|-resisted|p1a: Toxicroak\n|-crit|p1a: Toxicroak\n|-damage|p1a: Toxicroak|92/100\n|-start|p1a: Toxicroak|Salt Cure\n|\n|-weather|RainDance|[upkeep]\n|-heal|p1a: Toxicroak|100/100|[from] ability: Dry Skin\n|-damage|p1a: Toxicroak|88/100|[from] Salt Cure\n|upkeep\n|turn|3\n|\n|t:|1771258924\n|move|p1a: Toxicroak|Knock Off|p2a: Garganacl\n|-damage|p2a: Garganacl|86/100\n|-enditem|p2a: Garganacl|Leftovers|[from] move: Knock Off|[of] p1a: Toxicroak\n|move|p2a: Garganacl|Curse|p2a: Garganacl\n|-unboost|p2a: Garganacl|spe|1\n|-boost|p2a: Garganacl|atk|1\n|-boost|p2a: Garganacl|def|1\n|\n|-weather|RainDance|[upkeep]\n|-heal|p1a: Toxicroak|100/100|[from] ability: Dry Skin\n|-damage|p1a: Toxicroak|88/100|[from] Salt Cure\n|upkeep\n|turn|4\n|\n|t:|1771258936\n|move|p1a: Toxicroak|Encore|p2a: Garganacl\n|-start|p2a: Garganacl|Encore\n|move|p2a: Garganacl|Curse|p2a: Garganacl\n|-unboost|p2a: Garganacl|spe|1\n|-boost|p2a: Garganacl|atk|1\n|-boost|p2a: Garganacl|def|1\n|\n|-weather|RainDance|[upkeep]\n|-heal|p1a: Toxicroak|100/100|[from] ability: Dry Skin\n|-damage|p1a: Toxicroak|88/100|[from] Salt Cure\n|upkeep\n|turn|5\n|\n|t:|1771258950\n|switch|p1a: Kingdra|Kingdra, M|100/100\n|switch|p2a: Kyurem|Kyurem|100/100\n|-ability|p2a: Kyurem|Pressure\n|\n|-weather|RainDance|[upkeep]\n|upkeep\n|turn|6\n|\n|t:|1771258960\n|switch|p2a: Slowking|Slowking-Galar, M|100/100\n|-terastallize|p1a: Kingdra|Water\n|move|p1a: Kingdra|Weather Ball|p2a: Slowking\n|-damage|p2a: Slowking|15/100\n|\n|-weather|RainDance|[upkeep]\n|upkeep\n|turn|7\n|\n|t:|1771258990\n|switch|p2a: Darkrai|Darkrai|100/100\n|move|p1a: Kingdra|Weather Ball|p2a: Darkrai\n|-damage|p2a: Darkrai|0 fnt\n|faint|p2a: Darkrai\n|\n|-weather|RainDance|[upkeep]\n|upkeep\n|\n|t:|1771258993\n|switch|p2a: Kyurem|Kyurem|100/100\n|-ability|p2a: Kyurem|Pressure\n|turn|8\n|\n|t:|1771259005\n|switch|p1a: Iron Treads|Iron Treads|100/100\n|move|p2a: Kyurem|Freeze-Dry|p1a: Iron Treads\n|-damage|p1a: Iron Treads|52/100\n|\n|-weather|none\n|upkeep\n|turn|9\n|\n|t:|1771259015\n|switch|p2a: Zamazenta|Zamazenta|100/100\n|-ability|p2a: Zamazenta|Dauntless Shield|boost\n|-boost|p2a: Zamazenta|def|1\n|move|p1a: Iron Treads|Stealth Rock|p2a: Zamazenta\n|-sidestart|p2: sly_skip|move: Stealth Rock\n|\n|upkeep\n|turn|10\n|\n|t:|1771259025\n|-end|p1a: Iron Treads|Quark Drive|[silent]\n|switch|p1a: Toxicroak|Toxicroak, M|88/100\n|move|p2a: Zamazenta|Substitute|p2a: Zamazenta\n|-start|p2a: Zamazenta|Substitute\n|-damage|p2a: Zamazenta|76/100\n|\n|-heal|p2a: Zamazenta|82/100|[from] item: Leftovers\n|upkeep\n|turn|11\n|\n|t:|1771259033\n|move|p2a: Zamazenta|Body Press|p1a: Toxicroak\n|-resisted|p1a: Toxicroak\n|-damage|p1a: Toxicroak|64/100\n|-damage|p2a: Zamazenta|65/100|[from] item: Rocky Helmet|[of] p1a: Toxicroak\n|move|p1a: Toxicroak|Encore|p2a: Zamazenta\n|-start|p2a: Zamazenta|Encore\n|\n|-heal|p2a: Zamazenta|71/100|[from] item: Leftovers\n|upkeep\n|turn|12\n|\n|t:|1771259052\n|switch|p2a: Great Tusk|Great Tusk|100/100\n|switch|p1a: Pelipper|Pelipper, M|49/100\n|-weather|RainDance|[from] ability: Drizzle|[of] p1a: Pelipper\n|\n|-weather|RainDance|[upkeep]\n|upkeep\n|turn|13\n|\n|t:|1771259063\n|switch|p1a: Kingdra|Kingdra, M, tera:Water|100/100\n|move|p2a: Great Tusk|Knock Off|p1a: Kingdra\n|-damage|p1a: Kingdra|59/100\n|-enditem|p1a: Kingdra|Choice Specs|[from] move: Knock Off|[of] p2a: Great Tusk\n|\n|-weather|RainDance|[upkeep]\n|upkeep\n|turn|14\n|\n|t:|1771259076\n|-end|p2a: Great Tusk|Protosynthesis|[silent]\n|switch|p2a: Zamazenta|Zamazenta|71/100\n|-damage|p2a: Zamazenta|65/100|[from] Stealth Rock\n|move|p1a: Kingdra|Hurricane|p2a: Zamazenta\n|-supereffective|p2a: Zamazenta\n|-crit|p2a: Zamazenta\n|-damage|p2a: Zamazenta|0 fnt\n|faint|p2a: Zamazenta\n|\n|-weather|RainDance|[upkeep]\n|upkeep\n|\n|t:|1771259082\n|switch|p2a: Garganacl|Garganacl, M, tera:Water|86/100\n|-damage|p2a: Garganacl|73/100|[from] Stealth Rock\n|turn|15\n|\n|t:|1771259097\n|move|p1a: Kingdra|Draco Meteor|p2a: Garganacl\n|-damage|p2a: Garganacl|29/100\n|-unboost|p1a: Kingdra|spa|2\n|move|p2a: Garganacl|Recover|p2a: Garganacl\n|-heal|p2a: Garganacl|79/100\n|\n|-weather|RainDance|[upkeep]\n|upkeep\n|turn|16\n|\n|t:|1771259106\n|switch|p1a: Toxicroak|Toxicroak, M|64/100\n|move|p2a: Garganacl|Salt Cure|p1a: Toxicroak\n|-resisted|p1a: Toxicroak\n|-damage|p1a: Toxicroak|58/100\n|-start|p1a: Toxicroak|Salt Cure\n|\n|-weather|RainDance|[upkeep]\n|-heal|p1a: Toxicroak|70/100|[from] ability: Dry Skin\n|-damage|p1a: Toxicroak|58/100|[from] Salt Cure\n|upkeep\n|turn|17\n|\n|t:|1771259131\n|switch|p1a: Kingdra|Kingdra, M, tera:Water|59/100\n|move|p2a: Garganacl|Earthquake|p1a: Kingdra\n|-damage|p1a: Kingdra|29/100\n|\n|-weather|RainDance|[upkeep]\n|upkeep\n|turn|18\n|\n|t:|1771259142\n|move|p1a: Kingdra|Flip Turn|p2a: Garganacl\n|-resisted|p2a: Garganacl\n|-crit|p2a: Garganacl\n|-damage|p2a: Garganacl|64/100\n|\n|t:|1771259146\n|switch|p1a: Toxicroak|Toxicroak, M|58/100|[from] Flip Turn\n|move|p2a: Garganacl|Recover|p2a: Garganacl\n|-heal|p2a: Garganacl|100/100\n|\n|-weather|RainDance|[upkeep]\n|-heal|p1a: Toxicroak|70/100|[from] ability: Dry Skin\n|upkeep\n|turn|19\n|\n|t:|1771259159\n|switch|p2a: Great Tusk|Great Tusk|100/100\n|move|p1a: Toxicroak|Encore||[still]\n|-fail|p1a: Toxicroak\n|\n|-weather|none\n|upkeep\n|turn|20\n|\n|t:|1771259173\n|switch|p1a: Pelipper|Pelipper, M|49/100\n|-weather|RainDance|[from] ability: Drizzle|[of] p1a: Pelipper\n|move|p2a: Great Tusk|Rapid Spin|p1a: Pelipper\n|-damage|p1a: Pelipper|31/100\n|-boost|p2a: Great Tusk|spe|1\n|-sideend|p2: sly_skip|Stealth Rock|[from] move: Rapid Spin|[of] p2a: Great Tusk\n|\n|-weather|RainDance|[upkeep]\n|upkeep\n|turn|21\n|inactive|Pyroblaze212 has 120 seconds left.\n|\n|t:|1771259209\n|switch|p1a: Kingdra|Kingdra, M, tera:Water|29/100\n|move|p2a: Great Tusk|Knock Off|p1a: Kingdra\n|-damage|p1a: Kingdra|2/100\n|\n|-weather|RainDance|[upkeep]\n|upkeep\n|turn|22\n|\n|t:|1771259229\n|-end|p2a: Great Tusk|Protosynthesis|[silent]\n|switch|p2a: Garganacl|Garganacl, M, tera:Water|100/100\n|move|p1a: Kingdra|Weather Ball|p2a: Garganacl\n|-resisted|p2a: Garganacl\n|-damage|p2a: Garganacl|69/100\n|\n|-weather|RainDance|[upkeep]\n|upkeep\n|turn|23\n|\n|t:|1771259242\n|switch|p1a: Toxicroak|Toxicroak, M|70/100\n|move|p2a: Garganacl|Recover|p2a: Garganacl\n|-heal|p2a: Garganacl|100/100\n|\n|-weather|RainDance|[upkeep]\n|-heal|p1a: Toxicroak|83/100|[from] ability: Dry Skin\n|upkeep\n|turn|24\n|\n|t:|1771259254\n|switch|p1a: Kingdra|Kingdra, M, tera:Water|2/100\n|move|p2a: Garganacl|Salt Cure|p1a: Kingdra\n|-damage|p1a: Kingdra|0 fnt\n|faint|p1a: Kingdra\n|\n|-weather|RainDance|[upkeep]\n|upkeep\n|\n|t:|1771259271\n|switch|p1a: Iron Treads|Iron Treads|52/100\n|turn|25\n|\n|t:|1771259279\n|move|p1a: Iron Treads|Earth Power|p2a: Garganacl\n|-damage|p2a: Garganacl|78/100\n|move|p2a: Garganacl|Salt Cure|p1a: Iron Treads\n|-resisted|p1a: Iron Treads\n|-damage|p1a: Iron Treads|49/100\n|-start|p1a: Iron Treads|Salt Cure\n|\n|-weather|RainDance|[upkeep]\n|-damage|p1a: Iron Treads|24/100|[from] Salt Cure\n|upkeep\n|turn|26\n|\n|t:|1771259291\n|-end|p1a: Iron Treads|Quark Drive|[silent]\n|switch|p1a: Toxicroak|Toxicroak, M|83/100\n|move|p2a: Garganacl|Recover|p2a: Garganacl\n|-heal|p2a: Garganacl|100/100\n|\n|-weather|RainDance|[upkeep]\n|-heal|p1a: Toxicroak|95/100|[from] ability: Dry Skin\n|upkeep\n|turn|27\n|\n|t:|1771259306\n|switch|p1a: Iron Treads|Iron Treads|24/100\n|switch|p2a: Great Tusk|Great Tusk|100/100\n|\n|-weather|none\n|upkeep\n|turn|28\n|\n|t:|1771259318\n|move|p1a: Iron Treads|Steel Beam|p2a: Great Tusk\n|-damage|p2a: Great Tusk|23/100\n|-damage|p1a: Iron Treads|0 fnt|[from] steelbeam\n|faint|p1a: Iron Treads\n|-end|p1a: Iron Treads|Quark Drive|[silent]\n|move|p2a: Great Tusk|Rapid Spin|p1: Iron Treads|[notarget]\n|-fail|p2a: Great Tusk\n|\n|upkeep\n|\n|t:|1771259330\n|switch|p1a: Barraskewda|Barraskewda, M|100/100\n|turn|29\n|\n|t:|1771259336\n|switch|p1a: Pelipper|Pelipper, M|31/100\n|-weather|RainDance|[from] ability: Drizzle|[of] p1a: Pelipper\n|-end|p2a: Great Tusk|Protosynthesis|[silent]\n|switch|p2a: Kyurem|Kyurem|100/100\n|-ability|p2a: Kyurem|Pressure\n|\n|-weather|RainDance|[upkeep]\n|upkeep\n|turn|30\n|\n|t:|1771259348\n|switch|p1a: Heatran|Heatran, F|100/100\n|move|p2a: Kyurem|Freeze-Dry|p1a: Heatran\n|-resisted|p1a: Heatran\n|-damage|p1a: Heatran|95/100\n|\n|-weather|RainDance|[upkeep]\n|-heal|p1a: Heatran|100/100|[from] item: Leftovers\n|upkeep\n|turn|31\n|inactive|Pyroblaze212 has 90 seconds left.\n|\n|t:|1771259395\n|move|p2a: Kyurem|Earth Power|p1a: Heatran\n|-supereffective|p1a: Heatran\n|-damage|p1a: Heatran|28/100\n|move|p1a: Heatran|Magma Storm|p2a: Kyurem\n|-damage|p2a: Kyurem|79/100\n|-activate|p2a: Kyurem|move: Magma Storm|[of] p1a: Heatran\n|\n|-weather|RainDance|[upkeep]\n|-heal|p1a: Heatran|34/100|[from] item: Leftovers\n|-damage|p2a: Kyurem|67/100|[from] move: Magma Storm|[partiallytrapped]\n|upkeep\n|turn|32\n|\n|t:|1771259407\n|move|p1a: Heatran|Protect|p1a: Heatran\n|-singleturn|p1a: Heatran|Protect\n|move|p2a: Kyurem|Freeze-Dry|p1a: Heatran\n|-activate|p1a: Heatran|move: Protect\n|\n|-weather|RainDance|[upkeep]\n|-heal|p1a: Heatran|40/100|[from] item: Leftovers\n|-damage|p2a: Kyurem|54/100|[from] move: Magma Storm|[partiallytrapped]\n|upkeep\n|turn|33\n|\n|t:|1771259424\n|switch|p1a: Barraskewda|Barraskewda, M|100/100\n|move|p2a: Kyurem|Earth Power|p1a: Barraskewda\n|-damage|p1a: Barraskewda|42/100\n|-unboost|p1a: Barraskewda|spd|1\n|\n|-weather|RainDance|[upkeep]\n|-end|p2a: Kyurem|Magma Storm|[partiallytrapped]|[silent]\n|upkeep\n|turn|34\n|-message|Pyroblaze212 forfeited.\n|\n|win|sly_skip\n|raw|Pyroblaze212's rating: 1581 &rarr; <strong>1562</strong><br />(-19 for losing)\n|raw|sly_skip's rating: 1603 &rarr; <strong>1622</strong><br />(+19 for winning)\n|l|☆Pyroblaze212\n|player|p1|\n|l|☆sly_skip\n|player|p2|\n", "uploadtime": 1771259581, "views": 5, "formatid": "gen9ou", "rating": 1562, "private": 0, "password": null}