{"id": "gen9ou-2647778758", "format": "[Gen 9] OU", "players": ["go faster ffs", "Icezangoose"], "log": "|j|☆go faster ffs\n|j|☆Icezangoose\n|t:|1783811082\n|gametype|singles\n|player|p1|go faster ffs|102|1139\n|player|p2|Icezangoose|1|1126\n|gen|9\n|tier|[Gen 9] OU\n|rated|\n|rule|HP Percentage Mod: HP is shown in percentages\n|rule|Endless Battle Clause: Forcing endless battles is banned\n|rule|Species Clause: Limit one of each Pokémon\n|rule|OHKO Clause: OHKO moves are banned\n|rule|Evasion Items Clause: Evasion items are banned\n|rule|Evasion Moves Clause: Evasion moves are banned\n|rule|Evasion Abilities Clause: Evasion abilities are banned\n|rule|Sleep Moves Clause: Sleep-inducing moves are banned\n|clearpoke\n|poke|p1|Blissey, F|\n|poke|p1|Scizor, M|\n|poke|p1|Trevenant, M|\n|poke|p1|Slowbro, F|\n|poke|p1|Darkrai|\n|poke|p1|Cyclizar, M|\n|poke|p2|Great Tusk|\n|poke|p2|Chesnaught, M|\n|poke|p2|Ogerpon-Wellspring, F|\n|poke|p2|Dragapult, M|\n|poke|p2|Zamazenta-*|\n|poke|p2|Glimmora, M|\n|teampreview\n|inactive|Battle timer is ON: inactive players will automatically lose when time's up. (requested by Icezangoose)\n|\n|t:|1783811106\n|teamsize|p1|6\n|teamsize|p2|6\n|start\n|switch|p1a: Scizor|Scizor, M|100/100\n|switch|p2a: Ogerpon|Ogerpon-Wellspring, F|100/100\n|turn|1\n|\n|t:|1783811113\n|switch|p2a: Great Tusk|Great Tusk|100/100\n|move|p1a: Scizor|U-turn|p2a: Great Tusk\n|-resisted|p2a: Great Tusk\n|-damage|p2a: Great Tusk|80/100\n|\n|t:|1783811116\n|switch|p1a: Slowbro|Slowbro, F|100/100|[from] U-turn\n|\n|upkeep\n|turn|2\n|\n|t:|1783811125\n|-end|p2a: Great Tusk|Protosynthesis|[silent]\n|switch|p2a: Ogerpon|Ogerpon-Wellspring, F|100/100\n|move|p1a: Slowbro|Scald|p2a: Ogerpon\n|-immune|p2a: Ogerpon|[from] ability: Water Absorb\n|\n|upkeep\n|turn|3\n|\n|t:|1783811130\n|switch|p1a: Trevenant|Trevenant, M|100/100\n|move|p2a: Ogerpon|Power Whip|p1a: Trevenant|[miss]\n|-miss|p2a: Ogerpon|p1a: Trevenant\n|\n|upkeep\n|turn|4\n|\n|t:|1783811133\n|move|p2a: Ogerpon|U-turn|p1a: Trevenant\n|-damage|p1a: Trevenant|78/100\n|\n|t:|1783811139\n|switch|p2a: Chesnaught|Chesnaught, M|100/100|[from] U-turn\n|move|p1a: Trevenant|Will-O-Wisp|p2a: Chesnaught\n|-status|p2a: Chesnaught|brn\n|\n|-damage|p2a: Chesnaught|94/100 brn|[from] brn\n|upkeep\n|turn|5\n|\n|t:|1783811144\n|move|p2a: Chesnaught|Knock Off|p1a: Trevenant\n|-supereffective|p1a: Trevenant\n|-damage|p1a: Trevenant|58/100\n|-enditem|p1a: Trevenant|Sitrus Berry|[from] move: Knock Off|[of] p2a: Chesnaught\n|move|p1a: Trevenant|Knock Off|p2a: Chesnaught\n|-resisted|p2a: Chesnaught\n|-damage|p2a: Chesnaught|87/100 brn\n|-damage|p1a: Trevenant|42/100|[from] item: Rocky Helmet|[of] p2a: Chesnaught\n|-enditem|p2a: Chesnaught|Rocky Helmet|[from] move: Knock Off|[of] p1a: Trevenant\n|\n|-damage|p2a: Chesnaught|81/100 brn|[from] brn\n|upkeep\n|turn|6\n|\n|t:|1783811151\n|move|p2a: Chesnaught|Spikes|p1a: Trevenant\n|-sidestart|p1: go faster ffs|Spikes\n|move|p1a: Trevenant|Pain Split|p2a: Chesnaught\n|-sethp|p2a: Chesnaught|61/100 brn|[from] move: Pain Split|[silent]\n|-sethp|p1a: Trevenant|62/100|[from] move: Pain Split\n|\n|-damage|p2a: Chesnaught|55/100 brn|[from] brn\n|upkeep\n|turn|7\n|\n|t:|1783811156\n|switch|p1a: Cyclizar|Cyclizar, M|100/100\n|move|p2a: Chesnaught|Spikes|p1a: Cyclizar\n|-sidestart|p1: go faster ffs|Spikes\n|\n|-damage|p2a: Chesnaught|49/100 brn|[from] brn\n|upkeep\n|turn|8\n|\n|t:|1783811161\n|move|p1a: Cyclizar|Rapid Spin|p2a: Chesnaught\n|-damage|p2a: Chesnaught|37/100 brn\n|-boost|p1a: Cyclizar|spe|1\n|-sideend|p1: go faster ffs|Spikes|[from] move: Rapid Spin|[of] p1a: Cyclizar\n|move|p2a: Chesnaught|Body Press|p1a: Cyclizar\n|-supereffective|p1a: Cyclizar\n|-damage|p1a: Cyclizar|24/100\n|\n|-damage|p2a: Chesnaught|31/100 brn|[from] brn\n|upkeep\n|turn|9\n|\n|t:|1783811168\n|move|p1a: Cyclizar|Temper Flare|p2a: Chesnaught\n|-supereffective|p2a: Chesnaught\n|-damage|p2a: Chesnaught|7/100 brn\n|move|p2a: Chesnaught|Body Press|p1a: Cyclizar\n|-supereffective|p1a: Cyclizar\n|-damage|p1a: Cyclizar|0 fnt\n|faint|p1a: Cyclizar\n|\n|-damage|p2a: Chesnaught|0 fnt|[from] brn\n|faint|p2a: Chesnaught\n|upkeep\n|\n|t:|1783811175\n|switch|p1a: Scizor|Scizor, M|100/100\n|switch|p2a: Glimmora|Glimmora, M|100/100\n|turn|10\n|\n|t:|1783811186\n|-terastallize|p2a: Glimmora|Ghost\n|move|p1a: Scizor|Bullet Punch|p2a: Glimmora\n|-damage|p2a: Glimmora|41/100\n|-activate|p2a: Glimmora|ability: Toxic Debris\n|-sidestart|p1: go faster ffs|move: Toxic Spikes\n|move|p2a: Glimmora|Meteor Beam||[still]\n|-prepare|p2a: Glimmora|Meteor Beam\n|-boost|p2a: Glimmora|spa|1\n|-enditem|p2a: Glimmora|Power Herb\n|-anim|p2a: Glimmora|Meteor Beam|p1a: Scizor\n|-damage|p1a: Scizor|0 fnt\n|faint|p1a: Scizor\n|\n|upkeep\n|\n|t:|1783811199\n|switch|p1a: Blissey|Blissey, F|100/100\n|-status|p1a: Blissey|psn\n|turn|11\n|\n|t:|1783811208\n|switch|p2a: Zamazenta|Zamazenta|100/100\n|-ability|p2a: Zamazenta|Dauntless Shield|boost\n|-boost|p2a: Zamazenta|def|1\n|move|p1a: Blissey|Shadow Ball|p2a: Zamazenta\n|-damage|p2a: Zamazenta|88/100\n|-unboost|p2a: Zamazenta|spd|1\n|\n|-heal|p2a: Zamazenta|94/100|[from] item: Leftovers\n|-damage|p1a: Blissey|88/100 psn|[from] psn\n|upkeep\n|turn|12\n|\n|t:|1783811212\n|-curestatus|p1a: Blissey|psn|[from] ability: Natural Cure|[silent]\n|switch|p1a: Darkrai|Darkrai|100/100\n|-status|p1a: Darkrai|psn\n|move|p2a: Zamazenta|Body Press|p1a: Darkrai\n|-supereffective|p1a: Darkrai\n|-damage|p1a: Darkrai|0 fnt\n|faint|p1a: Darkrai\n|\n|-heal|p2a: Zamazenta|99/100|[from] item: Leftovers\n|upkeep\n|\n|t:|1783811214\n|switch|p1a: Slowbro|Slowbro, F|100/100\n|-status|p1a: Slowbro|psn\n|turn|13\n|inactive|Icezangoose has 120 seconds left.\n|\n|t:|1783811255\n|switch|p2a: Dragapult|Dragapult, M|100/100\n|move|p1a: Slowbro|Psychic Noise|p2a: Dragapult\n|-damage|p2a: Dragapult|59/100\n|-start|p2a: Dragapult|move: Heal Block\n|\n|-damage|p1a: Slowbro|88/100 psn|[from] psn\n|upkeep\n|turn|14\n|\n|t:|1783811271\n|switch|p1a: Blissey|Blissey, F|88/100\n|-status|p1a: Blissey|psn\n|move|p2a: Dragapult|U-turn|p1a: Blissey\n|-damage|p1a: Blissey|52/100 psn\n|\n|t:|1783811276\n|switch|p2a: Ogerpon|Ogerpon-Wellspring, F|100/100|[from] U-turn\n|\n|-heal|p1a: Blissey|58/100 psn|[from] item: Leftovers\n|-damage|p1a: Blissey|45/100 psn|[from] psn\n|upkeep\n|turn|15\n|\n|t:|1783811280\n|-curestatus|p1a: Blissey|psn|[from] ability: Natural Cure|[silent]\n|switch|p1a: Trevenant|Trevenant, M|62/100\n|-status|p1a: Trevenant|psn\n|move|p2a: Ogerpon|U-turn|p1a: Trevenant\n|-damage|p1a: Trevenant|40/100 psn\n|inactive|Icezangoose has 120 seconds left.\n|\n|t:|1783811286\n|switch|p2a: Dragapult|Dragapult, M|59/100|[from] U-turn\n|\n|-damage|p1a: Trevenant|28/100 psn|[from] psn\n|upkeep\n|turn|16\n|\n|t:|1783811289\n|move|p2a: Dragapult|Shadow Ball|p1a: Trevenant\n|-supereffective|p1a: Trevenant\n|-damage|p1a: Trevenant|0 fnt\n|faint|p1a: Trevenant\n|\n|upkeep\n|\n|t:|1783811293\n|switch|p1a: Slowbro|Slowbro, F|100/100 psn\n|turn|17\n|\n|t:|1783811295\n|move|p2a: Dragapult|Shadow Ball|p1a: Slowbro\n|-supereffective|p1a: Slowbro\n|-damage|p1a: Slowbro|0 fnt\n|faint|p1a: Slowbro\n|\n|upkeep\n|\n|t:|1783811297\n|switch|p1a: Blissey|Blissey, F|45/100\n|-status|p1a: Blissey|psn\n|turn|18\n|-message|go faster ffs forfeited.\n|\n|win|Icezangoose\n|raw|go faster ffs's rating: 1139 &rarr; <strong>1113</strong><br />(-26 for losing)\n|raw|Icezangoose's rating: 1126 &rarr; <strong>1152</strong><br />(+26 for winning)\n", "uploadtime": 1783811300, "views": 5, "formatid": "gen9ou", "rating": 1113, "private": 0, "password": null}