{"id": "gen9ou-2639260412", "format": "[Gen 9] OU", "players": ["Yvonne348", "wertnerve"], "log": "|j|☆Yvonne348\n|j|☆wertnerve\n|t:|1782441959\n|gametype|singles\n|player|p1|Yvonne348|dahlia|1107\n|player|p2|wertnerve|shauntal|1149\n|gen|9\n|tier|[Gen 9] OU\n|rated|\n|rule|HP Percentage Mod: HP is shown in percentages\n|rule|Endless Battle Clause: Forcing endless battles is banned\n|rule|Species Clause: Limit one of each Pokémon\n|rule|OHKO Clause: OHKO moves are banned\n|rule|Evasion Items Clause: Evasion items are banned\n|rule|Evasion Moves Clause: Evasion moves are banned\n|rule|Evasion Abilities Clause: Evasion abilities are banned\n|rule|Sleep Moves Clause: Sleep-inducing moves are banned\n|clearpoke\n|poke|p1|Dragonite, M|\n|poke|p1|Primarina, F|\n|poke|p1|Kingambit, M|\n|poke|p1|Blaziken, M|\n|poke|p1|Gengar, M|\n|poke|p1|Kyurem|\n|poke|p2|Glaceon, M|\n|poke|p2|Slowking-Galar, M|\n|poke|p2|Ninetales-Alola, M|\n|poke|p2|Glastrier|\n|poke|p2|Quaquaval, M|\n|poke|p2|Blaziken, M|\n|teampreview\n|\n|t:|1782441966\n|teamsize|p1|6\n|teamsize|p2|6\n|start\n|switch|p1a: Gengar|Gengar, M, shiny|100/100\n|switch|p2a: Slowking|Slowking-Galar, M|100/100\n|turn|1\n|\n|t:|1782441973\n|move|p1a: Gengar|Trick|p2a: Slowking\n|-activate|p1a: Gengar|move: Trick|[of] p2a: Slowking\n|-item|p2a: Slowking|Choice Scarf|[from] move: Trick\n|-item|p1a: Gengar|Icy Rock|[from] move: Trick\n|move|p2a: Slowking|Trick Room|p2a: Slowking\n|-fieldstart|move: Trick Room|[of] p2a: Slowking\n|\n|upkeep\n|turn|2\n|\n|t:|1782441983\n|switch|p2a: Glastrier|Glastrier|100/100\n|move|p1a: Gengar|Shadow Ball|p2a: Glastrier\n|-damage|p2a: Glastrier|65/100\n|\n|upkeep\n|turn|3\n|\n|t:|1782441995\n|switch|p1a: Milady|Primarina, F, shiny|100/100\n|move|p2a: Glastrier|High Horsepower|p1a: Milady\n|-damage|p1a: Milady|57/100\n|\n|upkeep\n|turn|4\n|\n|t:|1782442004\n|switch|p2a: Vaporeoñ|Glaceon, M, shiny|100/100\n|move|p1a: Milady|Draining Kiss|p2a: Vaporeoñ\n|-damage|p2a: Vaporeoñ|64/100\n|-heal|p1a: Milady|78/100|[from] drain|[of] p2a: Vaporeoñ\n|\n|-heal|p2a: Vaporeoñ|70/100|[from] item: Leftovers\n|upkeep\n|turn|5\n|\n|t:|1782442016\n|switch|p1a: Kyurem|Kyurem, shiny|100/100\n|-ability|p1a: Kyurem|Pressure\n|move|p2a: Vaporeoñ|Freeze-Dry|p1a: Kyurem\n|-damage|p1a: Kyurem|63/100\n|\n|-heal|p2a: Vaporeoñ|75/100|[from] item: Leftovers\n|-heal|p1a: Kyurem|70/100|[from] item: Leftovers\n|-fieldend|move: Trick Room\n|upkeep\n|turn|6\n|\n|t:|1782442024\n|switch|p2a: Ninetales|Ninetales-Alola, M|100/100\n|-weather|Snowscape|[from] ability: Snow Warning|[of] p2a: Ninetales\n|move|p1a: Kyurem|Iron Head|p2a: Ninetales\n|-supereffective|p2a: Ninetales\n|-crit|p2a: Ninetales\n|-damage|p2a: Ninetales|0 fnt\n|faint|p2a: Ninetales\n|\n|-weather|Snowscape|[upkeep]\n|-heal|p1a: Kyurem|76/100|[from] item: Leftovers\n|upkeep\n|\n|t:|1782442046\n|switch|p2a: Blaziken|Blaziken, M, shiny|100/100\n|turn|7\n|\n|t:|1782442054\n|switch|p1a: Milady|Primarina, F, shiny|78/100\n|-terastallize|p2a: Blaziken|Ice\n|move|p2a: Blaziken|Focus Energy|p2a: Blaziken\n|-start|p2a: Blaziken|move: Focus Energy\n|\n|-weather|Snowscape|[upkeep]\n|-ability|p2a: Blaziken|Speed Boost|boost\n|-boost|p2a: Blaziken|spe|1\n|upkeep\n|turn|8\n|\n|t:|1782442063\n|move|p2a: Blaziken|Stone Edge|p1a: Milady\n|-crit|p1a: Milady\n|-damage|p1a: Milady|11/100\n|move|p1a: Milady|Draining Kiss|p2a: Blaziken\n|-damage|p2a: Blaziken|61/100\n|-heal|p1a: Milady|39/100|[from] drain|[of] p2a: Blaziken\n|\n|-weather|Snowscape|[upkeep]\n|-ability|p2a: Blaziken|Speed Boost|boost\n|-boost|p2a: Blaziken|spe|1\n|upkeep\n|turn|9\n|\n|t:|1782442073\n|move|p2a: Blaziken|Stone Edge|p1a: Milady\n|-crit|p1a: Milady\n|-damage|p1a: Milady|0 fnt\n|faint|p1a: Milady\n|\n|-weather|Snowscape|[upkeep]\n|-ability|p2a: Blaziken|Speed Boost|boost\n|-boost|p2a: Blaziken|spe|1\n|upkeep\n|\n|t:|1782442078\n|switch|p1a: Gengar|Gengar, M, shiny|100/100\n|turn|10\n|\n|t:|1782442088\n|move|p2a: Blaziken|Earthquake|p1a: Gengar\n|-supereffective|p1a: Gengar\n|-crit|p1a: Gengar\n|-damage|p1a: Gengar|0 fnt\n|faint|p1a: Gengar\n|\n|-weather|none\n|-ability|p2a: Blaziken|Speed Boost|boost\n|-boost|p2a: Blaziken|spe|1\n|upkeep\n|\n|t:|1782442095\n|switch|p1a: Ord|Dragonite, M, shiny|100/100\n|turn|11\n|\n|t:|1782442099\n|-terastallize|p1a: Ord|Normal\n|move|p1a: Ord|Extreme Speed|p2a: Blaziken\n|-damage|p2a: Blaziken|0 fnt\n|faint|p2a: Blaziken\n|\n|upkeep\n|\n|t:|1782442112\n|switch|p2a: Glastrier|Glastrier|65/100\n|turn|12\n|\n|t:|1782442118\n|switch|p1a: McChicken|Blaziken, M, shiny|100/100\n|move|p2a: Glastrier|Close Combat|p1a: McChicken\n|-damage|p1a: McChicken|20/100\n|-unboost|p2a: Glastrier|def|1\n|-unboost|p2a: Glastrier|spd|1\n|\n|upkeep\n|turn|13\n|\n|t:|1782442124\n|switch|p2a: Quaquaval|Quaquaval, M|100/100\n|move|p1a: McChicken|Protect||[still]\n|-fail|p1a: McChicken\n|\n|-ability|p1a: McChicken|Speed Boost|boost\n|-boost|p1a: McChicken|spe|1\n|upkeep\n|turn|14\n|\n|t:|1782442131\n|move|p1a: McChicken|Close Combat|p2a: Quaquaval\n|-damage|p2a: Quaquaval|25/100\n|-unboost|p1a: McChicken|def|1\n|-unboost|p1a: McChicken|spd|1\n|move|p2a: Quaquaval|Aqua Step|p1a: McChicken\n|-supereffective|p1a: McChicken\n|-damage|p1a: McChicken|0 fnt\n|-boost|p2a: Quaquaval|spe|1\n|faint|p1a: McChicken\n|-ability|p2a: Quaquaval|Moxie|boost\n|-boost|p2a: Quaquaval|atk|1\n|\n|upkeep\n|\n|t:|1782442139\n|switch|p1a: Ord|Dragonite, M, shiny, tera:Normal|100/100\n|turn|15\n|\n|t:|1782442146\n|switch|p2a: Slowking|Slowking-Galar, M|100/100\n|move|p1a: Ord|Extreme Speed|p2a: Slowking\n|-damage|p2a: Slowking|57/100\n|\n|upkeep\n|turn|16\n|\n|t:|1782442152\n|move|p1a: Ord|Dragon Dance|p1a: Ord\n|-boost|p1a: Ord|atk|1\n|-boost|p1a: Ord|spe|1\n|-prepare|p2a: Slowking|Chilly Reception|[premajor]\n|move|p2a: Slowking|Chilly Reception|p2a: Slowking\n|-weather|Snowscape\n|\n|t:|1782442156\n|switch|p2a: Glastrier|Glastrier|65/100|[from] Chilly Reception\n|\n|-weather|Snowscape|[upkeep]\n|upkeep\n|turn|17\n|\n|t:|1782442161\n|move|p1a: Ord|Extreme Speed|p2a: Glastrier\n|-damage|p2a: Glastrier|28/100\n|move|p2a: Glastrier|Close Combat|p1a: Ord\n|-supereffective|p1a: Ord\n|-damage|p1a: Ord|44/100\n|-unboost|p2a: Glastrier|def|1\n|-unboost|p2a: Glastrier|spd|1\n|\n|-weather|Snowscape|[upkeep]\n|upkeep\n|turn|18\n|\n|t:|1782442174\n|switch|p2a: Slowking|Slowking-Galar, M|90/100\n|move|p1a: Ord|Extreme Speed|p2a: Slowking\n|-damage|p2a: Slowking|35/100\n|\n|-weather|Snowscape|[upkeep]\n|upkeep\n|turn|19\n|\n|t:|1782442181\n|move|p1a: Ord|Earthquake|p2a: Slowking\n|-supereffective|p2a: Slowking\n|-damage|p2a: Slowking|0 fnt\n|faint|p2a: Slowking\n|\n|-weather|Snowscape|[upkeep]\n|upkeep\n|\n|t:|1782442183\n|switch|p2a: Vaporeoñ|Glaceon, M, shiny|75/100\n|turn|20\n|\n|t:|1782442188\n|move|p1a: Ord|Extreme Speed|p2a: Vaporeoñ\n|-damage|p2a: Vaporeoñ|30/100\n|move|p2a: Vaporeoñ|Haze|p2a: Vaporeoñ\n|-clearallboost\n|\n|-weather|none\n|-heal|p2a: Vaporeoñ|36/100|[from] item: Leftovers\n|upkeep\n|turn|21\n|\n|t:|1782442193\n|move|p1a: Ord|Extreme Speed|p2a: Vaporeoñ\n|-damage|p2a: Vaporeoñ|0 fnt\n|faint|p2a: Vaporeoñ\n|\n|upkeep\n|\n|t:|1782442198\n|switch|p2a: Glastrier|Glastrier|28/100\n|turn|22\n|\n|t:|1782442201\n|move|p1a: Ord|Extreme Speed|p2a: Glastrier\n|-damage|p2a: Glastrier|0 fnt\n|faint|p2a: Glastrier\n|\n|upkeep\n|-message|wertnerve forfeited.\n|\n|win|Yvonne348\n|raw|Yvonne348's rating: 1107 &rarr; <strong>1135</strong><br />(+28 for winning)\n|raw|wertnerve's rating: 1149 &rarr; <strong>1121</strong><br />(-28 for losing)\n", "uploadtime": 1782442209, "views": 12, "formatid": "gen9ou", "rating": 1121, "private": 0, "password": null}