{"id": "gen9ou-2639307838", "format": "[Gen 9] OU", "players": ["CasualTrainerName", "Throt"], "log": "|j|☆CasualTrainerName\n|j|☆Throt\n|t:|1782450074\n|gametype|singles\n|player|p1|CasualTrainerName|265|1259\n|player|p2|Throt|clown|1261\n|gen|9\n|tier|[Gen 9] OU\n|rated|\n|rule|HP Percentage Mod: HP is shown in percentages\n|rule|Endless Battle Clause: Forcing endless battles is banned\n|rule|Species Clause: Limit one of each Pokémon\n|rule|OHKO Clause: OHKO moves are banned\n|rule|Evasion Items Clause: Evasion items are banned\n|rule|Evasion Moves Clause: Evasion moves are banned\n|rule|Evasion Abilities Clause: Evasion abilities are banned\n|rule|Sleep Moves Clause: Sleep-inducing moves are banned\n|clearpoke\n|poke|p1|Cramorant, F|\n|poke|p1|Iron Treads|\n|poke|p1|Ninetales-Alola, M|\n|poke|p1|Glimmora, M|\n|poke|p1|Iron Boulder|\n|poke|p1|Raging Bolt|\n|poke|p2|Great Tusk|\n|poke|p2|Landorus-Therian, M|\n|poke|p2|Gholdengo|\n|poke|p2|Dragapult, M|\n|poke|p2|Ogerpon-Wellspring, F|\n|poke|p2|Iron Valiant|\n|teampreview\n|inactive|Battle timer is ON: inactive players will automatically lose when time's up. (requested by CasualTrainerName)\n|\n|t:|1782450094\n|teamsize|p1|6\n|teamsize|p2|6\n|start\n|switch|p1a: Ninetales|Ninetales-Alola, M|100/100\n|switch|p2a: Landorus|Landorus-Therian, M|100/100\n|-weather|Snowscape|[from] ability: Snow Warning|[of] p1a: Ninetales\n|-ability|p2a: Landorus|Intimidate|boost\n|-unboost|p1a: Ninetales|atk|1\n|turn|1\n|\n|t:|1782450108\n|switch|p2a: Ogerpon|Ogerpon-Wellspring, F|100/100\n|move|p1a: Ninetales|Aurora Veil|p1a: Ninetales\n|-sidestart|p1: CasualTrainerName|move: Aurora Veil\n|\n|-weather|Snowscape|[upkeep]\n|upkeep\n|turn|2\n|\n|t:|1782450114\n|move|p2a: Ogerpon|Knock Off|p1a: Ninetales\n|-resisted|p1a: Ninetales\n|-damage|p1a: Ninetales|92/100\n|-enditem|p1a: Ninetales|Light Clay|[from] move: Knock Off|[of] p2a: Ogerpon\n|move|p1a: Ninetales|Freeze-Dry|p2a: Ogerpon\n|-supereffective|p2a: Ogerpon\n|-damage|p2a: Ogerpon|0 fnt\n|faint|p2a: Ogerpon\n|\n|-weather|Snowscape|[upkeep]\n|upkeep\n|\n|t:|1782450123\n|switch|p2a: Gholdengo|Gholdengo|100/100\n|-item|p2a: Gholdengo|Air Balloon\n|turn|3\n|\n|t:|1782450129\n|move|p1a: Ninetales|Blizzard|p2a: Gholdengo\n|-resisted|p2a: Gholdengo\n|-damage|p2a: Gholdengo|78/100\n|-status|p2a: Gholdengo|frz\n|-enditem|p2a: Gholdengo|Air Balloon\n|cant|p2a: Gholdengo|frz\n|\n|-weather|Snowscape|[upkeep]\n|upkeep\n|turn|4\n|\n|t:|1782450140\n|move|p1a: Ninetales|Blizzard|p2a: Gholdengo\n|-resisted|p2a: Gholdengo\n|-damage|p2a: Gholdengo|52/100 frz\n|cant|p2a: Gholdengo|frz\n|\n|-weather|Snowscape|[upkeep]\n|upkeep\n|turn|5\n|\n|t:|1782450146\n|switch|p1a: Iron Treads|Iron Treads|100/100\n|-curestatus|p2a: Gholdengo|frz|[msg]\n|move|p2a: Gholdengo|Recover|p2a: Gholdengo\n|-heal|p2a: Gholdengo|100/100\n|\n|-weather|none\n|upkeep\n|turn|6\n|\n|t:|1782450155\n|switch|p2a: Landorus|Landorus-Therian, M|100/100\n|-ability|p2a: Landorus|Intimidate|boost\n|-unboost|p1a: Iron Treads|atk|1\n|move|p1a: Iron Treads|Knock Off|p2a: Landorus\n|-damage|p2a: Landorus|78/100\n|-damage|p1a: Iron Treads|84/100|[from] item: Rocky Helmet|[of] p2a: Landorus\n|-enditem|p2a: Landorus|Rocky Helmet|[from] move: Knock Off|[of] p1a: Iron Treads\n|\n|-heal|p1a: Iron Treads|90/100|[from] item: Leftovers\n|upkeep\n|turn|7\n|\n|t:|1782450166\n|-end|p1a: Iron Treads|Quark Drive|[silent]\n|switch|p1a: Cramorant|Cramorant, F, shiny|100/100\n|move|p2a: Landorus|Stealth Rock|p1a: Cramorant\n|-sidestart|p1: CasualTrainerName|move: Stealth Rock\n|\n|upkeep\n|turn|8\n|\n|t:|1782450173\n|move|p1a: Cramorant|Surf|p2a: Landorus\n|-formechange|p1a: Cramorant|Cramorant-Gulping|\n|-supereffective|p2a: Landorus\n|-damage|p2a: Landorus|6/100\n|move|p2a: Landorus|U-turn|p1a: Cramorant\n|-resisted|p1a: Cramorant\n|-damage|p1a: Cramorant|90/100\n|-damage|p2a: Landorus|0 fnt|[from] ability: Gulp Missile|[of] p1a: Cramorant\n|-formechange|p1a: Cramorant|Cramorant|\n|faint|p2a: Landorus\n|\n|-sideend|p1: CasualTrainerName|move: Aurora Veil\n|upkeep\n|\n|t:|1782450187\n|switch|p2a: Gholdengo|Gholdengo|100/100\n|turn|9\n|\n|t:|1782450192\n|move|p1a: Cramorant|Surf|p2a: Gholdengo\n|-formechange|p1a: Cramorant|Cramorant-Gulping|\n|-damage|p2a: Gholdengo|59/100\n|move|p2a: Gholdengo|Thunderbolt|p1a: Cramorant\n|-supereffective|p1a: Cramorant\n|-damage|p1a: Cramorant|0 fnt\n|-damage|p2a: Gholdengo|34/100|[from] ability: Gulp Missile|[of] p1a: Cramorant\n|-unboost|p2a: Gholdengo|def|1\n|-formechange|p1a: Cramorant|Cramorant|\n|faint|p1a: Cramorant\n|\n|upkeep\n|\n|t:|1782450199\n|switch|p1a: Iron Treads|Iron Treads|90/100\n|-damage|p1a: Iron Treads|87/100|[from] Stealth Rock\n|turn|10\n|\n|t:|1782450206\n|switch|p2a: Dragapult|Dragapult, M|100/100\n|move|p1a: Iron Treads|Earthquake|p2a: Dragapult\n|-damage|p2a: Dragapult|29/100\n|\n|-heal|p1a: Iron Treads|93/100|[from] item: Leftovers\n|upkeep\n|turn|11\n|\n|t:|1782450219\n|move|p2a: Dragapult|U-turn|p1a: Iron Treads\n|-resisted|p1a: Iron Treads\n|-damage|p1a: Iron Treads|87/100\n|\n|t:|1782450223\n|switch|p2a: Iron Valiant|Iron Valiant|100/100|[from] U-turn\n|-enditem|p2a: Iron Valiant|Booster Energy\n|-activate|p2a: Iron Valiant|ability: Quark Drive|[fromitem]\n|-start|p2a: Iron Valiant|quarkdrivespe\n|move|p1a: Iron Treads|Earthquake|p2a: Iron Valiant\n|-damage|p2a: Iron Valiant|39/100\n|\n|-heal|p1a: Iron Treads|93/100|[from] item: Leftovers\n|upkeep\n|turn|12\n|\n|t:|1782450236\n|-end|p1a: Iron Treads|Quark Drive|[silent]\n|switch|p1a: Ninetales|Ninetales-Alola, M|92/100\n|-damage|p1a: Ninetales|67/100|[from] Stealth Rock\n|-weather|Snowscape|[from] ability: Snow Warning|[of] p1a: Ninetales\n|move|p2a: Iron Valiant|Close Combat|p1a: Ninetales\n|-damage|p1a: Ninetales|15/100\n|-unboost|p2a: Iron Valiant|def|1\n|-unboost|p2a: Iron Valiant|spd|1\n|\n|-weather|Snowscape|[upkeep]\n|upkeep\n|turn|13\n|\n|t:|1782450251\n|move|p2a: Iron Valiant|Moonblast|p1a: Ninetales\n|-damage|p1a: Ninetales|0 fnt\n|faint|p1a: Ninetales\n|\n|-weather|Snowscape|[upkeep]\n|upkeep\n|\n|t:|1782450253\n|switch|p1a: Raging Bolt|Raging Bolt|100/100\n|-damage|p1a: Raging Bolt|88/100|[from] Stealth Rock\n|turn|14\n|\n|t:|1782450264\n|move|p2a: Iron Valiant|Encore||[still]\n|-fail|p2a: Iron Valiant\n|move|p1a: Raging Bolt|Draco Meteor|p2a: Iron Valiant\n|-immune|p2a: Iron Valiant\n|\n|-weather|Snowscape|[upkeep]\n|upkeep\n|turn|15\n|\n|t:|1782450271\n|-end|p1a: Raging Bolt|Protosynthesis|[silent]\n|switch|p1a: Iron Boulder|Iron Boulder|100/100\n|-damage|p1a: Iron Boulder|88/100|[from] Stealth Rock\n|-enditem|p1a: Iron Boulder|Booster Energy\n|-activate|p1a: Iron Boulder|ability: Quark Drive|[fromitem]\n|-start|p1a: Iron Boulder|quarkdrivespe\n|move|p2a: Iron Valiant|Encore||[still]\n|-fail|p2a: Iron Valiant\n|\n|-weather|Snowscape|[upkeep]\n|upkeep\n|turn|16\n|\n|t:|1782450281\n|-end|p2a: Iron Valiant|Quark Drive|[silent]\n|switch|p2a: Dragapult|Dragapult, M|29/100\n|move|p1a: Iron Boulder|Psycho Cut|p2a: Dragapult\n|-damage|p2a: Dragapult|0 fnt\n|faint|p2a: Dragapult\n|\n|-weather|none\n|upkeep\n|\n|t:|1782450287\n|switch|p2a: Great Tusk|Great Tusk|100/100\n|turn|17\n|\n|t:|1782450295\n|-end|p2a: Great Tusk|Protosynthesis|[silent]\n|switch|p2a: Gholdengo|Gholdengo|34/100\n|-terastallize|p1a: Iron Boulder|Bug\n|move|p1a: Iron Boulder|Psycho Cut|p2a: Gholdengo\n|-resisted|p2a: Gholdengo\n|-crit|p2a: Gholdengo\n|-damage|p2a: Gholdengo|4/100\n|\n|upkeep\n|turn|18\n|\n|t:|1782450302\n|move|p1a: Iron Boulder|Mighty Cleave|p2a: Gholdengo\n|-resisted|p2a: Gholdengo\n|-damage|p2a: Gholdengo|0 fnt\n|faint|p2a: Gholdengo\n|\n|upkeep\n|\n|t:|1782450307\n|switch|p2a: Iron Valiant|Iron Valiant|39/100\n|turn|19\n|\n|t:|1782450320\n|-terastallize|p2a: Iron Valiant|Steel\n|move|p1a: Iron Boulder|Psycho Cut|p2a: Iron Valiant\n|-resisted|p2a: Iron Valiant\n|-damage|p2a: Iron Valiant|16/100\n|move|p2a: Iron Valiant|Moonblast|p1a: Iron Boulder\n|-damage|p1a: Iron Boulder|44/100\n|-unboost|p1a: Iron Boulder|spa|1\n|\n|upkeep\n|turn|20\n|\n|t:|1782450329\n|move|p1a: Iron Boulder|Sacred Sword|p2a: Iron Valiant\n|-supereffective|p2a: Iron Valiant\n|-damage|p2a: Iron Valiant|0 fnt\n|faint|p2a: Iron Valiant\n|-end|p2a: Iron Valiant|Quark Drive|[silent]\n|\n|upkeep\n|\n|t:|1782450332\n|switch|p2a: Great Tusk|Great Tusk|100/100\n|turn|21\n|\n|t:|1782450356\n|move|p1a: Iron Boulder|Psycho Cut|p2a: Great Tusk\n|-supereffective|p2a: Great Tusk\n|-damage|p2a: Great Tusk|47/100\n|move|p2a: Great Tusk|Knock Off|p1a: Iron Boulder\n|-damage|p1a: Iron Boulder|15/100\n|\n|upkeep\n|turn|22\n|\n|t:|1782450363\n|move|p1a: Iron Boulder|Psycho Cut|p2a: Great Tusk\n|-supereffective|p2a: Great Tusk\n|-damage|p2a: Great Tusk|0 fnt\n|faint|p2a: Great Tusk\n|-end|p2a: Great Tusk|Protosynthesis|[silent]\n|\n|win|CasualTrainerName\n|raw|CasualTrainerName's rating: 1259 &rarr; <strong>1284</strong><br />(+25 for winning)\n|raw|Throt's rating: 1261 &rarr; <strong>1236</strong><br />(-25 for losing)\n|l|☆CasualTrainerName\n|player|p1|\n|l|☆Throt\n|player|p2|\n", "uploadtime": 1782450719, "views": 2, "formatid": "gen9ou", "rating": 1236, "private": 0, "password": null}