{"id": "gen9ou-2639304627", "format": "[Gen 9] OU", "players": ["rudeus greyat", "Ryuwxei"], "log": "|j|☆rudeus greyat\n|j|☆Ryuwxei\n|t:|1782449468\n|gametype|singles\n|player|p1|rudeus greyat|giovanni|1074\n|player|p2|Ryuwxei|veteran|1057\n|gen|9\n|tier|[Gen 9] OU\n|rated|\n|rule|HP Percentage Mod: HP is shown in percentages\n|rule|Endless Battle Clause: Forcing endless battles is banned\n|rule|Species Clause: Limit one of each Pokémon\n|rule|OHKO Clause: OHKO moves are banned\n|rule|Evasion Items Clause: Evasion items are banned\n|rule|Evasion Moves Clause: Evasion moves are banned\n|rule|Evasion Abilities Clause: Evasion abilities are banned\n|rule|Sleep Moves Clause: Sleep-inducing moves are banned\n|clearpoke\n|poke|p1|Volcanion|\n|poke|p1|Pelipper, M|\n|poke|p1|Iron Treads|\n|poke|p1|Dragapult, M|\n|poke|p1|Overqwil, M|\n|poke|p1|Iron Valiant|\n|poke|p2|Rabsca, F|\n|poke|p2|Landorus-Therian, M|\n|poke|p2|Excadrill, M|\n|poke|p2|Darkrai|\n|poke|p2|Tyranitar, F|\n|poke|p2|Zapdos|\n|teampreview\n|inactive|Battle timer is ON: inactive players will automatically lose when time's up. (requested by rudeus greyat)\n|\n|t:|1782449479\n|teamsize|p1|6\n|teamsize|p2|6\n|start\n|switch|p1a: Pelipper|Pelipper, M, shiny|100/100\n|switch|p2a: Tyranitar|Tyranitar, F|100/100\n|-weather|RainDance|[from] ability: Drizzle|[of] p1a: Pelipper\n|-weather|Sandstorm|[from] ability: Sand Stream|[of] p2a: Tyranitar\n|turn|1\n|\n|t:|1782449484\n|move|p1a: Pelipper|Surf|p2a: Tyranitar\n|-supereffective|p2a: Tyranitar\n|-damage|p2a: Tyranitar|72/100\n|move|p2a: Tyranitar|Stealth Rock|p1a: Pelipper\n|-sidestart|p1: rudeus greyat|move: Stealth Rock\n|\n|-weather|Sandstorm|[upkeep]\n|-damage|p1a: Pelipper|94/100|[from] Sandstorm\n|upkeep\n|turn|2\n|\n|t:|1782449499\n|switch|p1a: Iron Treads|Iron Treads, shiny|100/100\n|-damage|p1a: Iron Treads|97/100|[from] Stealth Rock\n|-enditem|p1a: Iron Treads|Booster Energy\n|-activate|p1a: Iron Treads|ability: Quark Drive|[fromitem]\n|-start|p1a: Iron Treads|quarkdrivespe\n|move|p2a: Tyranitar|Ice Punch|p1a: Iron Treads\n|-damage|p1a: Iron Treads|77/100\n|\n|-weather|Sandstorm|[upkeep]\n|upkeep\n|turn|3\n|\n|t:|1782449510\n|move|p1a: Iron Treads|Earth Power|p2a: Tyranitar\n|-supereffective|p2a: Tyranitar\n|-damage|p2a: Tyranitar|48/100\n|move|p2a: Tyranitar|Low Kick|p1a: Iron Treads\n|-supereffective|p1a: Iron Treads\n|-damage|p1a: Iron Treads|11/100\n|\n|-weather|Sandstorm|[upkeep]\n|upkeep\n|turn|4\n|\n|t:|1782449518\n|switch|p2a: Landorus|Landorus-Therian, M|100/100\n|-ability|p2a: Landorus|Intimidate|boost\n|-unboost|p1a: Iron Treads|atk|1\n|move|p1a: Iron Treads|Stealth Rock|p2a: Landorus\n|-sidestart|p2: Ryuwxei|move: Stealth Rock\n|\n|-weather|Sandstorm|[upkeep]\n|upkeep\n|turn|5\n|\n|t:|1782449526\n|move|p1a: Iron Treads|Rapid Spin|p2a: Landorus\n|-damage|p2a: Landorus|92/100\n|-boost|p1a: Iron Treads|spe|1\n|-damage|p1a: Iron Treads|0 fnt|[from] item: Rocky Helmet|[of] p2a: Landorus\n|faint|p1a: Iron Treads\n|-end|p1a: Iron Treads|Quark Drive|[silent]\n|move|p2a: Landorus|Gravity|p2a: Landorus\n|-fieldstart|move: Gravity\n|\n|-weather|Sandstorm|[upkeep]\n|upkeep\n|\n|t:|1782449533\n|switch|p1a: Pelipper|Pelipper, M, shiny|94/100\n|-damage|p1a: Pelipper|69/100|[from] Stealth Rock\n|-weather|RainDance|[from] ability: Drizzle|[of] p1a: Pelipper\n|turn|6\n|\n|t:|1782449538\n|move|p2a: Landorus|U-turn|p1a: Pelipper\n|-resisted|p1a: Pelipper\n|-damage|p1a: Pelipper|57/100\n|\n|t:|1782449541\n|switch|p2a: Excadrill|Excadrill, M|100/100|[from] U-turn\n|-damage|p2a: Excadrill|97/100|[from] Stealth Rock\n|move|p1a: Pelipper|Surf|p2a: Excadrill\n|-supereffective|p2a: Excadrill\n|-damage|p2a: Excadrill|0 fnt\n|faint|p2a: Excadrill\n|\n|-weather|RainDance|[upkeep]\n|upkeep\n|\n|t:|1782449549\n|switch|p2a: Zapdos|Zapdos|100/100\n|turn|7\n|\n|t:|1782449564\n|switch|p1a: Dragapult|Dragapult, M, shiny|100/100\n|-damage|p1a: Dragapult|88/100|[from] Stealth Rock\n|move|p2a: Zapdos|Zap Cannon|p1a: Dragapult|[miss]\n|-miss|p2a: Zapdos|p1a: Dragapult\n|\n|-weather|RainDance|[upkeep]\n|upkeep\n|turn|8\n|\n|t:|1782449573\n|move|p1a: Dragapult|Dragon Darts|p2a: Zapdos\n|-damage|p2a: Zapdos|71/100\n|-anim|p1a: Dragapult|Dragon Darts|p2a: Zapdos\n|-damage|p2a: Zapdos|40/100\n|move|p2a: Zapdos|Hurricane|p1a: Dragapult\n|-damage|p1a: Dragapult|23/100\n|\n|-weather|RainDance|[upkeep]\n|upkeep\n|turn|9\n|\n|t:|1782449580\n|move|p1a: Dragapult|Dragon Darts|p2a: Zapdos\n|-damage|p2a: Zapdos|11/100\n|-anim|p1a: Dragapult|Dragon Darts|p2a: Zapdos\n|-damage|p2a: Zapdos|0 fnt\n|faint|p2a: Zapdos\n|\n|-weather|RainDance|[upkeep]\n|-fieldend|move: Gravity\n|upkeep\n|\n|t:|1782449584\n|switch|p2a: Tyranitar|Tyranitar, F|48/100\n|-damage|p2a: Tyranitar|35/100|[from] Stealth Rock\n|-weather|Sandstorm|[from] ability: Sand Stream|[of] p2a: Tyranitar\n|turn|10\n|\n|t:|1782449591\n|move|p1a: Dragapult|Dragon Darts|p2a: Tyranitar\n|-crit|p2a: Tyranitar\n|-damage|p2a: Tyranitar|0 fnt\n|faint|p2a: Tyranitar\n|\n|-weather|Sandstorm|[upkeep]\n|-damage|p1a: Dragapult|17/100|[from] Sandstorm\n|upkeep\n|\n|t:|1782449595\n|switch|p2a: Rabsca|Rabsca, F, shiny|100/100\n|turn|11\n|\n|t:|1782449605\n|switch|p1a: Pelipper|Pelipper, M, shiny|57/100\n|-damage|p1a: Pelipper|32/100|[from] Stealth Rock\n|-weather|RainDance|[from] ability: Drizzle|[of] p1a: Pelipper\n|move|p2a: Rabsca|Revival Blessing|p2a: Rabsca\n|\n|t:|1782449618\n|-heal|p2: Excadrill|50/100|[from] move: Revival Blessing\n|\n|-weather|RainDance|[upkeep]\n|upkeep\n|turn|12\n|\n|t:|1782449627\n|move|p1a: Pelipper|Hurricane|p2a: Rabsca\n|-supereffective|p2a: Rabsca\n|-damage|p2a: Rabsca|39/100\n|-start|p2a: Rabsca|confusion\n|-activate|p2a: Rabsca|confusion\n|move|p2a: Rabsca|Psychic Noise|p1a: Pelipper\n|-damage|p1a: Pelipper|0 fnt\n|faint|p1a: Pelipper\n|\n|-weather|RainDance|[upkeep]\n|upkeep\n|\n|t:|1782449637\n|switch|p1a: Overqwil|Overqwil, M, shiny|100/100\n|-damage|p1a: Overqwil|88/100|[from] Stealth Rock\n|turn|13\n|\n|t:|1782449641\n|move|p1a: Overqwil|Crunch|p2a: Rabsca\n|-supereffective|p2a: Rabsca\n|-damage|p2a: Rabsca|0 fnt\n|faint|p2a: Rabsca\n|-damage|p1a: Overqwil|78/100|[from] item: Life Orb\n|\n|-weather|RainDance|[upkeep]\n|upkeep\n|\n|t:|1782449647\n|switch|p2a: Landorus|Landorus-Therian, M|92/100\n|-damage|p2a: Landorus|79/100|[from] Stealth Rock\n|-ability|p2a: Landorus|Intimidate|boost\n|-unboost|p1a: Overqwil|atk|1\n|turn|14\n|\n|t:|1782449661\n|move|p1a: Overqwil|Liquidation|p2a: Landorus\n|-supereffective|p2a: Landorus\n|-damage|p2a: Landorus|3/100\n|-damage|p1a: Overqwil|62/100|[from] item: Rocky Helmet|[of] p2a: Landorus\n|-damage|p1a: Overqwil|52/100|[from] item: Life Orb\n|move|p2a: Landorus|Sandsear Storm|p1a: Overqwil\n|-supereffective|p1a: Overqwil\n|-damage|p1a: Overqwil|0 fnt\n|faint|p1a: Overqwil\n|\n|-weather|RainDance|[upkeep]\n|upkeep\n|\n|t:|1782449668\n|switch|p1a: Dragapult|Dragapult, M, shiny|17/100\n|-damage|p1a: Dragapult|5/100|[from] Stealth Rock\n|turn|15\n|\n|t:|1782449674\n|move|p1a: Dragapult|Dragon Darts|p2a: Landorus\n|-damage|p2a: Landorus|0 fnt\n|faint|p2a: Landorus\n|\n|-weather|RainDance|[upkeep]\n|upkeep\n|\n|t:|1782449677\n|switch|p2a: Excadrill|Excadrill, M|50/100\n|-damage|p2a: Excadrill|47/100|[from] Stealth Rock\n|turn|16\n|\n|t:|1782449681\n|move|p1a: Dragapult|Dragon Darts|p2a: Excadrill\n|-resisted|p2a: Excadrill\n|-damage|p2a: Excadrill|22/100\n|-anim|p1a: Dragapult|Dragon Darts|p2a: Excadrill\n|-resisted|p2a: Excadrill\n|-damage|p2a: Excadrill|0 fnt\n|faint|p2a: Excadrill\n|\n|-weather|RainDance|[upkeep]\n|upkeep\n|\n|t:|1782449686\n|switch|p2a: Darkrai|Darkrai|100/100\n|-damage|p2a: Darkrai|88/100|[from] Stealth Rock\n|turn|17\n|\n|t:|1782449693\n|move|p1a: Dragapult|Dragon Darts|p2a: Darkrai\n|-damage|p2a: Darkrai|38/100\n|-anim|p1a: Dragapult|Dragon Darts|p2a: Darkrai\n|-damage|p2a: Darkrai|0 fnt\n|faint|p2a: Darkrai\n|\n|win|rudeus greyat\n|raw|rudeus greyat's rating: 1074 &rarr; <strong>1104</strong><br />(+30 for winning)\n|raw|Ryuwxei's rating: 1087 &rarr; <strong>1063</strong><br />(-24 for losing)\n|l|☆rudeus greyat\n|player|p1|\n|l|☆Ryuwxei\n|player|p2|\n", "uploadtime": 1782450047, "views": 4, "formatid": "gen9ou", "rating": 1063, "private": 0, "password": null}