{"id": "gen9ou-2647735376", "format": "[Gen 9] OU", "players": ["articunio", "ClogSir"], "log": "|j|☆articunio\n|j|☆ClogSir\n|t:|1783803763\n|gametype|singles\n|player|p1|articunio|fantina|1301\n|player|p2|ClogSir|lucas|1325\n|gen|9\n|tier|[Gen 9] OU\n|rated|\n|rule|HP Percentage Mod: HP is shown in percentages\n|rule|Endless Battle Clause: Forcing endless battles is banned\n|rule|Species Clause: Limit one of each Pokémon\n|rule|OHKO Clause: OHKO moves are banned\n|rule|Evasion Items Clause: Evasion items are banned\n|rule|Evasion Moves Clause: Evasion moves are banned\n|rule|Evasion Abilities Clause: Evasion abilities are banned\n|rule|Sleep Moves Clause: Sleep-inducing moves are banned\n|clearpoke\n|poke|p1|Pelipper, F|\n|poke|p1|Hatterene, F|\n|poke|p1|Iron Treads|\n|poke|p1|Toxicroak, F|\n|poke|p1|Barraskewda, F|\n|poke|p1|Zapdos|\n|poke|p2|Landorus-Therian, M|\n|poke|p2|Darkrai|\n|poke|p2|Hatterene, F|\n|poke|p2|Garchomp, M|\n|poke|p2|Gholdengo|\n|poke|p2|Ogerpon-Wellspring, F|\n|teampreview\n|inactive|Battle timer is ON: inactive players will automatically lose when time's up. (requested by ClogSir)\n|c|☆articunio|glhf\n|c|☆ClogSir|u2\n|\n|t:|1783803780\n|teamsize|p1|6\n|teamsize|p2|6\n|start\n|switch|p1a: Pelipper|Pelipper, F|100/100\n|switch|p2a: Darkrai|Darkrai|100/100\n|-weather|RainDance|[from] ability: Drizzle|[of] p1a: Pelipper\n|turn|1\n|\n|t:|1783803786\n|move|p2a: Darkrai|Dark Pulse|p1a: Pelipper\n|-damage|p1a: Pelipper|34/100\n|move|p1a: Pelipper|U-turn|p2a: Darkrai\n|-supereffective|p2a: Darkrai\n|-damage|p2a: Darkrai|74/100\n|c|☆articunio|hmm\n|c|☆articunio|specs\n|\n|t:|1783803800\n|switch|p1a: Barraskewda|Barraskewda, F|100/100|[from] U-turn\n|\n|-weather|RainDance|[upkeep]\n|upkeep\n|turn|2\n|\n|t:|1783803810\n|switch|p2a: Landorus|Landorus-Therian, M|100/100\n|-ability|p2a: Landorus|Intimidate|boost\n|-unboost|p1a: Barraskewda|atk|1\n|move|p1a: Barraskewda|Close Combat|p2a: Landorus\n|-resisted|p2a: Landorus\n|-damage|p2a: Landorus|76/100\n|-unboost|p1a: Barraskewda|def|1\n|-unboost|p1a: Barraskewda|spd|1\n|\n|-weather|RainDance|[upkeep]\n|upkeep\n|turn|3\n|inactive|ClogSir has 120 seconds left.\n|inactive|ClogSir has 90 seconds left.\n|\n|t:|1783803870\n|switch|p1a: Hatterene|Hatterene, F|100/100\n|-terastallize|p2a: Landorus|Dragon\n|move|p2a: Landorus|Outrage|p1a: Hatterene\n|-immune|p1a: Hatterene\n|\n|-weather|RainDance|[upkeep]\n|upkeep\n|turn|4\n|c|☆articunio|why tho\n|inactive|ClogSir has 90 seconds left.\n|\n|t:|1783803890\n|switch|p2a: Hatterene|Hatterene, F|100/100\n|move|p1a: Hatterene|Nuzzle|p2a: Hatterene\n|-damage|p2a: Hatterene|96/100\n|-status|p2a: Hatterene|par\n|\n|-weather|RainDance|[upkeep]\n|upkeep\n|turn|5\n|inactive|ClogSir has 90 seconds left.\n|\n|t:|1783803911\n|move|p1a: Hatterene|Psychic Noise|p2a: Hatterene\n|-resisted|p2a: Hatterene\n|-damage|p2a: Hatterene|86/100 par\n|-start|p2a: Hatterene|move: Heal Block\n|cant|p2a: Hatterene|par\n|\n|-weather|RainDance|[upkeep]\n|upkeep\n|turn|6\n|\n|t:|1783803926\n|switch|p2a: Gholdengo|Gholdengo|100/100\n|-item|p2a: Gholdengo|Air Balloon\n|move|p1a: Hatterene|Draining Kiss|p2a: Gholdengo\n|-resisted|p2a: Gholdengo\n|-damage|p2a: Gholdengo|90/100\n|-enditem|p2a: Gholdengo|Air Balloon\n|\n|-weather|RainDance|[upkeep]\n|upkeep\n|turn|7\n|\n|t:|1783803944\n|switch|p2a: Landorus|Landorus-Therian, M, tera:Dragon|76/100\n|-ability|p2a: Landorus|Intimidate|boost\n|-unboost|p1a: Hatterene|atk|1\n|switch|p1a: Zapdos|Zapdos|100/100\n|\n|-weather|RainDance|[upkeep]\n|upkeep\n|turn|8\n|\n|t:|1783803953\n|move|p2a: Landorus|Stone Edge|p1a: Zapdos|[miss]\n|-miss|p2a: Landorus|p1a: Zapdos\n|move|p1a: Zapdos|Hurricane|p2a: Landorus\n|-damage|p2a: Landorus|0 fnt\n|faint|p2a: Landorus\n|\n|-weather|none\n|upkeep\n|\n|t:|1783803959\n|switch|p2a: Darkrai|Darkrai|74/100\n|turn|9\n|\n|t:|1783803972\n|switch|p1a: Hatterene|Hatterene, F|100/100\n|move|p2a: Darkrai|Ice Beam|p1a: Hatterene\n|-damage|p1a: Hatterene|52/100\n|-enditem|p1a: Hatterene|Eject Button\n|\n|t:|1783803984\n|switch|p1a: Pelipper|Pelipper, F|34/100\n|-weather|RainDance|[from] ability: Drizzle|[of] p1a: Pelipper\n|\n|-weather|RainDance|[upkeep]\n|upkeep\n|turn|10\n|\n|t:|1783803991\n|move|p2a: Darkrai|Ice Beam|p1a: Pelipper\n|-damage|p1a: Pelipper|0 fnt\n|faint|p1a: Pelipper\n|\n|-weather|RainDance|[upkeep]\n|upkeep\n|\n|t:|1783803999\n|switch|p1a: Barraskewda|Barraskewda, F|100/100\n|turn|11\n|\n|t:|1783804004\n|switch|p2a: Hatterene|Hatterene, F|86/100 par\n|move|p1a: Barraskewda|Close Combat|p2a: Hatterene\n|-resisted|p2a: Hatterene\n|-damage|p2a: Hatterene|66/100 par\n|-unboost|p1a: Barraskewda|def|1\n|-unboost|p1a: Barraskewda|spd|1\n|\n|-weather|RainDance|[upkeep]\n|upkeep\n|turn|12\n|\n|t:|1783804023\n|switch|p1a: Zapdos|Zapdos|100/100\n|switch|p2a: Ogerpon|Ogerpon-Wellspring, F|100/100\n|\n|-weather|RainDance|[upkeep]\n|upkeep\n|turn|13\n|\n|t:|1783804029\n|switch|p2a: Hatterene|Hatterene, F|66/100 par\n|move|p1a: Zapdos|Hurricane|p2a: Hatterene\n|-damage|p2a: Hatterene|13/100 par\n|-start|p2a: Hatterene|confusion\n|\n|-weather|RainDance|[upkeep]\n|upkeep\n|turn|14\n|\n|t:|1783804037\n|move|p1a: Zapdos|Hurricane|p2a: Hatterene\n|-damage|p2a: Hatterene|0 fnt\n|faint|p2a: Hatterene\n|\n|-weather|RainDance|[upkeep]\n|upkeep\n|\n|t:|1783804039\n|switch|p2a: Darkrai|Darkrai|74/100\n|turn|15\n|\n|t:|1783804043\n|move|p2a: Darkrai|Ice Beam|p1a: Zapdos\n|-supereffective|p1a: Zapdos\n|-damage|p1a: Zapdos|0 fnt\n|faint|p1a: Zapdos\n|\n|-weather|RainDance|[upkeep]\n|upkeep\n|\n|t:|1783804048\n|switch|p1a: Barraskewda|Barraskewda, F|100/100\n|turn|16\n|\n|t:|1783804051\n|switch|p2a: Garchomp|Garchomp, M|100/100\n|move|p1a: Barraskewda|Liquidation|p2a: Garchomp\n|-damage|p2a: Garchomp|32/100\n|-unboost|p2a: Garchomp|def|1\n|-damage|p1a: Barraskewda|88/100|[from] ability: Rough Skin|[of] p2a: Garchomp\n|-damage|p1a: Barraskewda|72/100|[from] item: Rocky Helmet|[of] p2a: Garchomp\n|\n|-weather|none\n|upkeep\n|turn|17\n|\n|t:|1783804062\n|move|p1a: Barraskewda|Liquidation|p2a: Garchomp\n|-damage|p2a: Garchomp|0 fnt\n|-damage|p1a: Barraskewda|60/100|[from] ability: Rough Skin|[of] p2a: Garchomp\n|-damage|p1a: Barraskewda|43/100|[from] item: Rocky Helmet|[of] p2a: Garchomp\n|faint|p2a: Garchomp\n|\n|upkeep\n|\n|t:|1783804065\n|switch|p2a: Darkrai|Darkrai|74/100\n|turn|18\n|\n|t:|1783804077\n|switch|p2a: Ogerpon|Ogerpon-Wellspring, F|100/100\n|switch|p1a: Hatterene|Hatterene, F|52/100\n|\n|upkeep\n|turn|19\n|\n|t:|1783804083\n|move|p2a: Ogerpon|U-turn|p1a: Hatterene\n|-damage|p1a: Hatterene|26/100\n|\n|t:|1783804084\n|switch|p2a: Gholdengo|Gholdengo|90/100|[from] U-turn\n|move|p1a: Hatterene|Nuzzle|p2a: Gholdengo\n|-damage|p2a: Gholdengo|88/100\n|-status|p2a: Gholdengo|par\n|\n|upkeep\n|turn|20\n|\n|t:|1783804095\n|switch|p1a: Iron Treads|Iron Treads|100/100\n|cant|p2a: Gholdengo|par\n|\n|upkeep\n|turn|21\n|\n|t:|1783804102\n|move|p1a: Iron Treads|Volt Switch|p2a: Gholdengo\n|-damage|p2a: Gholdengo|77/100 par\n|\n|t:|1783804106\n|-end|p1a: Iron Treads|Quark Drive|[silent]\n|switch|p1a: Hatterene|Hatterene, F|26/100|[from] Volt Switch\n|move|p2a: Gholdengo|Shadow Ball|p1a: Hatterene\n|-supereffective|p1a: Hatterene\n|-damage|p1a: Hatterene|0 fnt\n|faint|p1a: Hatterene\n|\n|upkeep\n|\n|t:|1783804114\n|switch|p1a: Iron Treads|Iron Treads|100/100\n|turn|22\n|\n|t:|1783804117\n|move|p1a: Iron Treads|Earthquake|p2a: Gholdengo\n|-supereffective|p2a: Gholdengo\n|-damage|p2a: Gholdengo|24/100 par\n|cant|p2a: Gholdengo|par\n|\n|upkeep\n|turn|23\n|\n|t:|1783804124\n|move|p1a: Iron Treads|Earthquake|p2a: Gholdengo\n|-supereffective|p2a: Gholdengo\n|-damage|p2a: Gholdengo|0 fnt\n|faint|p2a: Gholdengo\n|\n|upkeep\n|\n|t:|1783804125\n|switch|p2a: Ogerpon|Ogerpon-Wellspring, F|100/100\n|turn|24\n|\n|t:|1783804131\n|-end|p1a: Iron Treads|Quark Drive|[silent]\n|switch|p1a: Toxicroak|Toxicroak, F|100/100\n|move|p2a: Ogerpon|U-turn|p1a: Toxicroak\n|-resisted|p1a: Toxicroak\n|-damage|p1a: Toxicroak|95/100\n|-damage|p2a: Ogerpon|84/100|[from] item: Rocky Helmet|[of] p1a: Toxicroak\n|\n|t:|1783804133\n|switch|p2a: Darkrai|Darkrai|74/100|[from] U-turn\n|\n|upkeep\n|turn|25\n|\n|t:|1783804140\n|move|p2a: Darkrai|Ice Beam|p1a: Toxicroak\n|-damage|p1a: Toxicroak|36/100\n|move|p1a: Toxicroak|Drain Punch|p2a: Darkrai\n|-supereffective|p2a: Darkrai\n|-damage|p2a: Darkrai|6/100\n|-heal|p1a: Toxicroak|62/100|[from] drain|[of] p2a: Darkrai\n|\n|upkeep\n|turn|26\n|\n|t:|1783804150\n|switch|p1a: Iron Treads|Iron Treads|100/100\n|move|p2a: Darkrai|Ice Beam|p1a: Iron Treads\n|-damage|p1a: Iron Treads|60/100\n|\n|-heal|p1a: Iron Treads|66/100|[from] item: Leftovers\n|upkeep\n|turn|27\n|\n|t:|1783804158\n|move|p2a: Darkrai|Ice Beam|p1a: Iron Treads\n|-damage|p1a: Iron Treads|23/100\n|move|p1a: Iron Treads|Volt Switch|p2a: Darkrai\n|-damage|p2a: Darkrai|0 fnt\n|faint|p2a: Darkrai\n|\n|t:|1783804166\n|-end|p1a: Iron Treads|Quark Drive|[silent]\n|switch|p1a: Toxicroak|Toxicroak, F|62/100|[from] Volt Switch\n|\n|upkeep\n|\n|t:|1783804169\n|switch|p2a: Ogerpon|Ogerpon-Wellspring, F|84/100\n|turn|28\n|\n|t:|1783804173\n|move|p2a: Ogerpon|Knock Off|p1a: Toxicroak\n|-resisted|p1a: Toxicroak\n|-damage|p1a: Toxicroak|45/100\n|-damage|p2a: Ogerpon|67/100|[from] item: Rocky Helmet|[of] p1a: Toxicroak\n|-enditem|p1a: Toxicroak|Rocky Helmet|[from] move: Knock Off|[of] p2a: Ogerpon\n|move|p1a: Toxicroak|Knock Off|p2a: Ogerpon\n|-damage|p2a: Ogerpon|46/100\n|\n|upkeep\n|turn|29\n|-message|ClogSir forfeited.\n|\n|win|articunio\n|raw|articunio's rating: 1301 &rarr; <strong>1322</strong><br />(+21 for winning)\n|raw|ClogSir's rating: 1325 &rarr; <strong>1304</strong><br />(-21 for losing)\n|l|☆ClogSir\n|player|p2|\n|l|☆articunio\n|player|p1|\n", "uploadtime": 1783804496, "views": 4, "formatid": "gen9ou", "rating": 1304, "private": 0, "password": null}