{"id": "gen9ou-2647817366", "format": "[Gen 9] OU", "players": ["arkantheepic", "AThirdDraft"], "log": "|j|☆arkantheepic\n|j|☆AThirdDraft\n|t:|1783817798\n|gametype|singles\n|player|p1|arkantheepic|169|1064\n|player|p2|AThirdDraft|cyrus|1107\n|gen|9\n|tier|[Gen 9] OU\n|rated|\n|rule|HP Percentage Mod: HP is shown in percentages\n|rule|Endless Battle Clause: Forcing endless battles is banned\n|rule|Species Clause: Limit one of each Pokémon\n|rule|OHKO Clause: OHKO moves are banned\n|rule|Evasion Items Clause: Evasion items are banned\n|rule|Evasion Moves Clause: Evasion moves are banned\n|rule|Evasion Abilities Clause: Evasion abilities are banned\n|rule|Sleep Moves Clause: Sleep-inducing moves are banned\n|clearpoke\n|poke|p1|Minior|\n|poke|p1|Zamazenta-*|\n|poke|p1|Hatterene, F|\n|poke|p1|Ogerpon-Cornerstone, F|\n|poke|p1|Raging Bolt|\n|poke|p1|Iron Moth|\n|poke|p2|Porygon-Z|\n|poke|p2|Cloyster, M|\n|poke|p2|Tatsugiri-Stretchy, F|\n|poke|p2|Bisharp, M|\n|poke|p2|Bronzong|\n|poke|p2|Salazzle, F|\n|teampreview\n|inactive|Battle timer is ON: inactive players will automatically lose when time's up. (requested by AThirdDraft)\n|\n|t:|1783817826\n|teamsize|p1|6\n|teamsize|p2|6\n|start\n|switch|p1a: Iron Moth|Iron Moth|100/100\n|switch|p2a: Tatsugiri|Tatsugiri-Stretchy, F|100/100\n|-enditem|p1a: Iron Moth|Booster Energy\n|-activate|p1a: Iron Moth|ability: Quark Drive|[fromitem]\n|-start|p1a: Iron Moth|quarkdrivespe\n|turn|1\n|\n|t:|1783817834\n|-terastallize|p1a: Iron Moth|Fairy\n|move|p1a: Iron Moth|Dazzling Gleam|p2a: Tatsugiri\n|-supereffective|p2a: Tatsugiri\n|-damage|p2a: Tatsugiri|2/100\n|-enditem|p2a: Tatsugiri|Salac Berry|[eat]\n|-boost|p2a: Tatsugiri|spe|1|[from] item: Salac Berry\n|move|p2a: Tatsugiri|Nasty Plot|p2a: Tatsugiri\n|-boost|p2a: Tatsugiri|spa|2\n|\n|upkeep\n|turn|2\n|\n|t:|1783817847\n|-terastallize|p2a: Tatsugiri|Water\n|move|p1a: Iron Moth|Dazzling Gleam|p2a: Tatsugiri\n|-damage|p2a: Tatsugiri|0 fnt\n|faint|p2a: Tatsugiri\n|\n|upkeep\n|\n|t:|1783817853\n|switch|p2a: Cloyster|Cloyster, M|100/100\n|turn|3\n|\n|t:|1783817858\n|move|p1a: Iron Moth|Sludge Wave|p2a: Cloyster\n|-enditem|p2a: Cloyster|Focus Sash\n|-damage|p2a: Cloyster|1/100\n|move|p2a: Cloyster|Shell Smash|p2a: Cloyster\n|-unboost|p2a: Cloyster|def|1\n|-unboost|p2a: Cloyster|spd|1\n|-boost|p2a: Cloyster|atk|2\n|-boost|p2a: Cloyster|spa|2\n|-boost|p2a: Cloyster|spe|2\n|\n|upkeep\n|turn|4\n|\n|t:|1783817871\n|move|p1a: Iron Moth|Sludge Wave|p2a: Cloyster\n|-damage|p2a: Cloyster|0 fnt\n|faint|p2a: Cloyster\n|\n|upkeep\n|\n|t:|1783817876\n|switch|p2a: Salazzle|Salazzle, F|100/100\n|turn|5\n|\n|t:|1783817892\n|move|p1a: Iron Moth|Fiery Dance|p2a: Salazzle\n|-resisted|p2a: Salazzle\n|-damage|p2a: Salazzle|66/100\n|move|p2a: Salazzle|Toxic|p1a: Iron Moth\n|-status|p1a: Iron Moth|tox\n|\n|-damage|p1a: Iron Moth|94/100 tox|[from] psn\n|upkeep\n|turn|6\n|\n|t:|1783817899\n|move|p1a: Iron Moth|Fiery Dance|p2a: Salazzle\n|-resisted|p2a: Salazzle\n|-damage|p2a: Salazzle|33/100\n|move|p2a: Salazzle|Flamethrower|p1a: Iron Moth\n|-damage|p1a: Iron Moth|49/100 tox\n|\n|-damage|p1a: Iron Moth|37/100 tox|[from] psn\n|upkeep\n|turn|7\n|\n|t:|1783817907\n|move|p1a: Iron Moth|Fiery Dance|p2a: Salazzle\n|-resisted|p2a: Salazzle\n|-damage|p2a: Salazzle|0 fnt\n|faint|p2a: Salazzle\n|\n|-damage|p1a: Iron Moth|19/100 tox|[from] psn\n|upkeep\n|\n|t:|1783817913\n|switch|p2a: Bisharp|Bisharp, M|100/100\n|turn|8\n|\n|t:|1783817918\n|move|p2a: Bisharp|Sucker Punch|p1a: Iron Moth\n|-resisted|p1a: Iron Moth\n|-damage|p1a: Iron Moth|0 fnt\n|faint|p1a: Iron Moth\n|-end|p1a: Iron Moth|Quark Drive|[silent]\n|\n|upkeep\n|\n|t:|1783817923\n|switch|p1a: Minior|Minior, shiny|100/100\n|-formechange|p1a: Minior|Minior-Meteor||[from] ability: Shields Down\n|turn|9\n|\n|t:|1783817940\n|move|p2a: Bisharp|Swords Dance|p2a: Bisharp\n|-boost|p2a: Bisharp|atk|2\n|move|p1a: Minior|Substitute|p1a: Minior\n|-start|p1a: Minior|Substitute\n|-damage|p1a: Minior|75/100\n|\n|upkeep\n|turn|10\n|\n|t:|1783817954\n|move|p2a: Bisharp|Iron Head|p1a: Minior\n|-supereffective|p1a: Minior\n|-end|p1a: Minior|Substitute\n|move|p1a: Minior|Shell Smash|p1a: Minior\n|-unboost|p1a: Minior|def|1\n|-unboost|p1a: Minior|spd|1\n|-boost|p1a: Minior|atk|2\n|-boost|p1a: Minior|spa|2\n|-boost|p1a: Minior|spe|2\n|-enditem|p1a: Minior|White Herb\n|-clearnegativeboost|p1a: Minior|[silent]\n|\n|upkeep\n|turn|11\n|\n|t:|1783817967\n|move|p1a: Minior|Substitute|p1a: Minior\n|-start|p1a: Minior|Substitute\n|-damage|p1a: Minior|50/100\n|move|p2a: Bisharp|Iron Head|p1a: Minior\n|-supereffective|p1a: Minior\n|-end|p1a: Minior|Substitute\n|\n|-formechange|p1a: Minior|Minior||[from] ability: Shields Down\n|upkeep\n|turn|12\n|\n|t:|1783817977\n|move|p2a: Bisharp|Sucker Punch|p1a: Minior\n|-damage|p1a: Minior|0 fnt\n|faint|p1a: Minior\n|\n|upkeep\n|inactive|arkantheepic has 120 seconds left.\n|\n|t:|1783818009\n|switch|p1a: Raging Bolt|Raging Bolt|100/100\n|-enditem|p1a: Raging Bolt|Booster Energy\n|-activate|p1a: Raging Bolt|ability: Protosynthesis|[fromitem]\n|-start|p1a: Raging Bolt|protosynthesisspa\n|turn|13\n|\n|t:|1783818017\n|move|p2a: Bisharp|Sucker Punch||[still]\n|-fail|p2a: Bisharp\n|move|p1a: Raging Bolt|Calm Mind|p1a: Raging Bolt\n|-boost|p1a: Raging Bolt|spa|1\n|-boost|p1a: Raging Bolt|spd|1\n|\n|upkeep\n|turn|14\n|\n|t:|1783818022\n|move|p1a: Raging Bolt|Thunderclap|p2a: Bisharp\n|-enditem|p2a: Bisharp|Focus Sash\n|-damage|p2a: Bisharp|1/100\n|move|p2a: Bisharp|Iron Head|p1a: Raging Bolt\n|-resisted|p1a: Raging Bolt\n|-damage|p1a: Raging Bolt|64/100\n|\n|upkeep\n|turn|15\n|\n|t:|1783818028\n|move|p1a: Raging Bolt|Thunderclap|p2a: Bisharp\n|-damage|p2a: Bisharp|0 fnt\n|faint|p2a: Bisharp\n|\n|upkeep\n|\n|t:|1783818032\n|switch|p2a: Porygon-Z|Porygon-Z|100/100\n|turn|16\n|\n|t:|1783818040\n|move|p2a: Porygon-Z|Ice Beam|p1a: Raging Bolt\n|-supereffective|p1a: Raging Bolt\n|-damage|p1a: Raging Bolt|18/100\n|move|p1a: Raging Bolt|Thunderbolt|p2a: Porygon-Z\n|-damage|p2a: Porygon-Z|0 fnt\n|faint|p2a: Porygon-Z\n|\n|upkeep\n|-message|AThirdDraft forfeited.\n|\n|win|arkantheepic\n|raw|arkantheepic's rating: 1064 &rarr; <strong>1098</strong><br />(+34 for winning)\n|raw|AThirdDraft's rating: 1107 &rarr; <strong>1079</strong><br />(-28 for losing)\n|l|☆AThirdDraft\n|player|p2|\n|l|☆arkantheepic\n|player|p1|\n", "uploadtime": 1783818398, "views": 3, "formatid": "gen9ou", "rating": 1079, "private": 0, "password": null}