{"id": "gen9ou-2639258291", "format": "[Gen 9] OU", "players": ["lolshh", "maid of honour"], "log": "|j|☆lolshh\n|j|☆maid of honour\n|inactive|Battle timer is ON: inactive players will automatically lose when time's up.\n|t:|1782441643\n|gametype|singles\n|player|p1|lolshh|dawn|\n|player|p2|maid of honour|#wcop2026canada|\n|gen|9\n|tier|[Gen 9] OU\n|rated|Tournament battle\n|rule|HP Percentage Mod: HP is shown in percentages\n|rule|Endless Battle Clause: Forcing endless battles is banned\n|rule|Species Clause: Limit one of each Pokémon\n|rule|OHKO Clause: OHKO moves are banned\n|rule|Evasion Items Clause: Evasion items are banned\n|rule|Evasion Moves Clause: Evasion moves are banned\n|rule|Evasion Abilities Clause: Evasion abilities are banned\n|rule|Sleep Moves Clause: Sleep-inducing moves are banned\n|clearpoke\n|poke|p1|Samurott-Hisui, F|\n|poke|p1|Great Tusk|\n|poke|p1|Deoxys-Speed|\n|poke|p1|Gholdengo|\n|poke|p1|Garganacl, M|\n|poke|p1|Dragonite, M|\n|poke|p2|Meowscarada, F|\n|poke|p2|Ting-Lu|\n|poke|p2|Dragonite, M|\n|poke|p2|Zamazenta-*|\n|poke|p2|Gholdengo|\n|poke|p2|Clefable, M|\n|teampreview\n|inactive|maid of honour also wants the timer to be on.\n|c|☆lolshh|glhf\n|j|#Setsu\n|j| Johnson the Goon\n|c|☆maid of honour|hf\n|j| starcalyrex\n|j| deno_nemesis\n|l| starcalyrex\n|j| Coolbroes\n|j| Etjx@!\n|inactive|lolshh has 120 seconds left.\n|\n|t:|1782441680\n|teamsize|p1|6\n|teamsize|p2|6\n|start\n|switch|p1a: Deoxys|Deoxys-Speed|100/100\n|switch|p2a: Meowscarada|Meowscarada, F|100/100\n|-ability|p1a: Deoxys|Pressure\n|turn|1\n|j| Puyu paz\n|\n|t:|1782441696\n|switch|p1a: Great Tusk|Great Tusk|100/100\n|switch|p2a: Clefable|Clefable, M|100/100\n|\n|upkeep\n|turn|2\n|\n|t:|1782441703\n|-end|p1a: Great Tusk|Protosynthesis|[silent]\n|switch|p1a: Gholdengo|Gholdengo|100/100\n|-item|p1a: Gholdengo|Air Balloon\n|move|p2a: Clefable|Stealth Rock|p1a: Gholdengo\n|-sidestart|p1: lolshh|move: Stealth Rock\n|\n|upkeep\n|turn|3\n|j| ina fable\n|j| Quaqrash\n|j| voith\n|\n|t:|1782441733\n|switch|p2a: Ting-Lu|Ting-Lu|100/100\n|-ability|p2a: Ting-Lu|Vessel of Ruin\n|move|p1a: Gholdengo|Nasty Plot|p1a: Gholdengo\n|-boost|p1a: Gholdengo|spa|2\n|\n|upkeep\n|turn|4\n|\n|t:|1782441737\n|move|p1a: Gholdengo|Make It Rain|p2a: Ting-Lu\n|-damage|p2a: Ting-Lu|48/100\n|-unboost|p1a: Gholdengo|spa|1\n|move|p2a: Ting-Lu|Ruination|p1a: Gholdengo\n|-damage|p1a: Gholdengo|50/100\n|-enditem|p1a: Gholdengo|Air Balloon\n|\n|-heal|p2a: Ting-Lu|54/100|[from] item: Leftovers\n|upkeep\n|turn|5\n|l| voith\n|\n|t:|1782441748\n|move|p1a: Gholdengo|Recover|p1a: Gholdengo\n|-heal|p1a: Gholdengo|100/100\n|move|p2a: Ting-Lu|Earthquake|p1a: Gholdengo\n|-supereffective|p1a: Gholdengo\n|-damage|p1a: Gholdengo|46/100\n|\n|-heal|p2a: Ting-Lu|60/100|[from] item: Leftovers\n|upkeep\n|turn|6\n|\n|t:|1782441753\n|switch|p1a: Great Tusk|Great Tusk|100/100\n|-damage|p1a: Great Tusk|98/100|[from] Stealth Rock\n|move|p2a: Ting-Lu|Earthquake|p1a: Great Tusk\n|-damage|p1a: Great Tusk|69/100\n|\n|-heal|p1a: Great Tusk|75/100|[from] item: Leftovers\n|-heal|p2a: Ting-Lu|66/100|[from] item: Leftovers\n|upkeep\n|turn|7\n|\n|t:|1782441758\n|switch|p2a: Clefable|Clefable, M|100/100\n|move|p1a: Great Tusk|Rapid Spin|p2a: Clefable\n|-damage|p2a: Clefable|87/100\n|-boost|p1a: Great Tusk|spe|1\n|-sideend|p1: lolshh|Stealth Rock|[from] move: Rapid Spin|[of] p1a: Great Tusk\n|\n|-heal|p1a: Great Tusk|81/100|[from] item: Leftovers\n|-heal|p2a: Clefable|93/100|[from] item: Leftovers\n|upkeep\n|turn|8\n|\n|t:|1782441765\n|-end|p1a: Great Tusk|Protosynthesis|[silent]\n|switch|p1a: Gholdengo|Gholdengo|46/100\n|move|p2a: Clefable|Moonblast|p1a: Gholdengo\n|-resisted|p1a: Gholdengo\n|-damage|p1a: Gholdengo|30/100\n|\n|-heal|p2a: Clefable|99/100|[from] item: Leftovers\n|upkeep\n|turn|9\n|\n|t:|1782441785\n|switch|p2a: Ting-Lu|Ting-Lu|66/100\n|-ability|p2a: Ting-Lu|Vessel of Ruin\n|move|p1a: Gholdengo|Recover|p1a: Gholdengo\n|-heal|p1a: Gholdengo|80/100\n|\n|-heal|p2a: Ting-Lu|73/100|[from] item: Leftovers\n|upkeep\n|turn|10\n|\n|t:|1782441789\n|switch|p1a: Great Tusk|Great Tusk|81/100\n|move|p2a: Ting-Lu|Earthquake|p1a: Great Tusk\n|-damage|p1a: Great Tusk|54/100\n|\n|-heal|p1a: Great Tusk|60/100|[from] item: Leftovers\n|-heal|p2a: Ting-Lu|79/100|[from] item: Leftovers\n|upkeep\n|turn|11\n|\n|t:|1782441794\n|switch|p2a: Clefable|Clefable, M|99/100\n|move|p1a: Great Tusk|Knock Off|p2a: Clefable\n|-resisted|p2a: Clefable\n|-damage|p2a: Clefable|87/100\n|-enditem|p2a: Clefable|Leftovers|[from] move: Knock Off|[of] p1a: Great Tusk\n|\n|-heal|p1a: Great Tusk|66/100|[from] item: Leftovers\n|upkeep\n|turn|12\n|\n|t:|1782441804\n|switch|p2a: Ting-Lu|Ting-Lu|79/100\n|-ability|p2a: Ting-Lu|Vessel of Ruin\n|move|p1a: Great Tusk|Headlong Rush|p2a: Ting-Lu\n|-damage|p2a: Ting-Lu|50/100\n|-unboost|p1a: Great Tusk|def|1\n|-unboost|p1a: Great Tusk|spd|1\n|\n|-heal|p1a: Great Tusk|72/100|[from] item: Leftovers\n|-heal|p2a: Ting-Lu|56/100|[from] item: Leftovers\n|upkeep\n|turn|13\n|\n|t:|1782441813\n|switch|p2a: Clefable|Clefable, M|87/100\n|move|p1a: Great Tusk|Ice Spinner|p2a: Clefable\n|-damage|p2a: Clefable|64/100\n|\n|-heal|p1a: Great Tusk|79/100|[from] item: Leftovers\n|upkeep\n|turn|14\n|\n|t:|1782441821\n|-end|p1a: Great Tusk|Protosynthesis|[silent]\n|switch|p1a: Gholdengo|Gholdengo|80/100\n|move|p2a: Clefable|Moonlight|p2a: Clefable\n|-heal|p2a: Clefable|100/100\n|\n|upkeep\n|turn|15\n|l| ina fable\n|inactive|maid of honour has 120 seconds left.\n|\n|t:|1782441861\n|switch|p1a: Samurott|Samurott-Hisui, F|100/100\n|switch|p2a: Dragonite|Dragonite, M|100/100\n|\n|upkeep\n|turn|16\n|\n|t:|1782441869\n|switch|p2a: Clefable|Clefable, M|100/100\n|move|p1a: Samurott|Flip Turn|p2a: Clefable\n|-damage|p2a: Clefable|81/100\n|\n|t:|1782441875\n|switch|p1a: Gholdengo|Gholdengo|80/100|[from] Flip Turn\n|\n|upkeep\n|turn|17\n|\n|t:|1782441882\n|switch|p2a: Dragonite|Dragonite, M|100/100\n|move|p1a: Gholdengo|Make It Rain|p2a: Dragonite\n|-damage|p2a: Dragonite|78/100\n|-unboost|p1a: Gholdengo|spa|1\n|\n|upkeep\n|turn|18\n|\n|t:|1782441891\n|switch|p1a: Deoxys|Deoxys-Speed|100/100\n|-ability|p1a: Deoxys|Pressure\n|move|p2a: Dragonite|Roost|p2a: Dragonite\n|-heal|p2a: Dragonite|100/100\n|-singleturn|p2a: Dragonite|move: Roost\n|\n|upkeep\n|turn|19\n|\n|t:|1782441904\n|switch|p2a: Gholdengo|Gholdengo|100/100\n|move|p1a: Deoxys|Stealth Rock|p2a: Gholdengo\n|-sidestart|p2: maid of honour|move: Stealth Rock\n|\n|upkeep\n|turn|20\n|\n|t:|1782441911\n|switch|p1a: Samurott|Samurott-Hisui, F|100/100\n|move|p2a: Gholdengo|Focus Blast|p1a: Samurott\n|-supereffective|p1a: Samurott\n|-damage|p1a: Samurott|47/100\n|\n|upkeep\n|turn|21\n|\n|t:|1782441918\n|move|p1a: Samurott|Sucker Punch|p2a: Gholdengo\n|-supereffective|p2a: Gholdengo\n|-damage|p2a: Gholdengo|54/100\n|move|p2a: Gholdengo|Focus Blast|p1a: Samurott\n|-supereffective|p1a: Samurott\n|-crit|p1a: Samurott\n|-damage|p1a: Samurott|0 fnt\n|faint|p1a: Samurott\n|\n|upkeep\n|j| ina fable\n|inactive|lolshh has 120 seconds left.\n|l| Etjx\n|\n|t:|1782441961\n|switch|p1a: Deoxys|Deoxys-Speed|100/100\n|-ability|p1a: Deoxys|Pressure\n|turn|22\n|\n|t:|1782441969\n|move|p1a: Deoxys|Knock Off|p2a: Gholdengo\n|-supereffective|p2a: Gholdengo\n|-damage|p2a: Gholdengo|13/100\n|-enditem|p2a: Gholdengo|Heavy-Duty Boots|[from] move: Knock Off|[of] p1a: Deoxys\n|move|p2a: Gholdengo|Recover|p2a: Gholdengo\n|-heal|p2a: Gholdengo|63/100\n|\n|upkeep\n|turn|23\n|\n|t:|1782441978\n|move|p1a: Deoxys|Psycho Boost|p2a: Gholdengo\n|-resisted|p2a: Gholdengo\n|-damage|p2a: Gholdengo|36/100\n|-unboost|p1a: Deoxys|spa|2\n|-enditem|p1a: Deoxys|Eject Pack\n|\n|t:|1782441982\n|switch|p1a: Great Tusk|Great Tusk|79/100\n|move|p2a: Gholdengo|Recover|p2a: Gholdengo\n|-heal|p2a: Gholdengo|86/100\n|\n|-heal|p1a: Great Tusk|85/100|[from] item: Leftovers\n|upkeep\n|turn|24\n|\n|t:|1782441988\n|switch|p2a: Dragonite|Dragonite, M|100/100\n|move|p1a: Great Tusk|Headlong Rush|p2a: Dragonite\n|-immune|p2a: Dragonite\n|\n|-heal|p1a: Great Tusk|91/100|[from] item: Leftovers\n|upkeep\n|turn|25\n|\n|t:|1782441995\n|switch|p2a: Clefable|Clefable, M|81/100\n|move|p1a: Great Tusk|Headlong Rush|p2a: Clefable\n|-damage|p2a: Clefable|35/100\n|-unboost|p1a: Great Tusk|def|1\n|-unboost|p1a: Great Tusk|spd|1\n|\n|-heal|p1a: Great Tusk|97/100|[from] item: Leftovers\n|upkeep\n|turn|26\n|inactive|maid of honour has 120 seconds left.\n|\n|t:|1782442030\n|switch|p2a: Dragonite|Dragonite, M|100/100\n|move|p1a: Great Tusk|Headlong Rush|p2a: Dragonite\n|-immune|p2a: Dragonite\n|\n|-heal|p1a: Great Tusk|100/100|[from] item: Leftovers\n|upkeep\n|turn|27\n|inactive|maid of honour has 120 seconds left.\n|\n|t:|1782442039\n|switch|p2a: Zamazenta|Zamazenta|100/100\n|-ability|p2a: Zamazenta|Dauntless Shield|boost\n|-boost|p2a: Zamazenta|def|1\n|move|p1a: Great Tusk|Ice Spinner|p2a: Zamazenta\n|-damage|p2a: Zamazenta|82/100\n|\n|upkeep\n|turn|28\n|\n|t:|1782442048\n|move|p2a: Zamazenta|Crunch|p1a: Great Tusk\n|-resisted|p1a: Great Tusk\n|-damage|p1a: Great Tusk|86/100\n|move|p1a: Great Tusk|Knock Off|p2a: Zamazenta\n|-resisted|p2a: Zamazenta\n|-damage|p2a: Zamazenta|72/100\n|-enditem|p2a: Zamazenta|Heavy-Duty Boots|[from] move: Knock Off|[of] p1a: Great Tusk\n|\n|-heal|p1a: Great Tusk|92/100|[from] item: Leftovers\n|upkeep\n|turn|29\n|l| Puyu paz\n|\n|t:|1782442056\n|-end|p1a: Great Tusk|Protosynthesis|[silent]\n|switch|p1a: Gholdengo|Gholdengo|80/100\n|move|p2a: Zamazenta|Ice Fang|p1a: Gholdengo\n|-resisted|p1a: Gholdengo\n|-damage|p1a: Gholdengo|71/100\n|\n|upkeep\n|turn|30\n|\n|t:|1782442068\n|move|p2a: Zamazenta|Crunch|p1a: Gholdengo\n|-supereffective|p1a: Gholdengo\n|-damage|p1a: Gholdengo|35/100\n|move|p1a: Gholdengo|Recover|p1a: Gholdengo\n|-heal|p1a: Gholdengo|85/100\n|\n|upkeep\n|turn|31\n|\n|t:|1782442076\n|switch|p2a: Dragonite|Dragonite, M|100/100\n|move|p1a: Gholdengo|Shadow Ball|p2a: Dragonite\n|-damage|p2a: Dragonite|85/100\n|\n|upkeep\n|turn|32\n|\n|t:|1782442083\n|switch|p1a: Great Tusk|Great Tusk|92/100\n|move|p2a: Dragonite|Roost|p2a: Dragonite\n|-heal|p2a: Dragonite|100/100\n|-singleturn|p2a: Dragonite|move: Roost\n|\n|-heal|p1a: Great Tusk|98/100|[from] item: Leftovers\n|upkeep\n|turn|33\n|l| ina fable\n|\n|t:|1782442105\n|switch|p2a: Clefable|Clefable, M|35/100\n|move|p1a: Great Tusk|Rapid Spin|p2a: Clefable\n|-damage|p2a: Clefable|20/100\n|-boost|p1a: Great Tusk|spe|1\n|\n|-heal|p1a: Great Tusk|100/100|[from] item: Leftovers\n|upkeep\n|turn|34\n|j| ina fable\n|\n|t:|1782442121\n|move|p1a: Great Tusk|Ice Spinner|p2a: Clefable\n|-damage|p2a: Clefable|0 fnt\n|faint|p2a: Clefable\n|\n|upkeep\n|inactive|maid of honour has 120 seconds left.\n|\n|t:|1782442160\n|switch|p2a: Dragonite|Dragonite, M|100/100\n|turn|35\n|\n|t:|1782442167\n|-terastallize|p2a: Dragonite|Normal\n|move|p1a: Great Tusk|Knock Off|p2a: Dragonite\n|-damage|p2a: Dragonite|84/100\n|-enditem|p2a: Dragonite|Heavy-Duty Boots|[from] move: Knock Off|[of] p1a: Great Tusk\n|move|p2a: Dragonite|Dragon Tail|p1a: Great Tusk\n|-damage|p1a: Great Tusk|74/100\n|-end|p1a: Great Tusk|Protosynthesis|[silent]\n|drag|p1a: Garganacl|Garganacl, M|100/100\n|\n|upkeep\n|turn|36\n|inactive|lolshh has 120 seconds left.\n|\n|t:|1782442201\n|switch|p2a: Ting-Lu|Ting-Lu|56/100\n|-damage|p2a: Ting-Lu|50/100|[from] Stealth Rock\n|-ability|p2a: Ting-Lu|Vessel of Ruin\n|move|p1a: Garganacl|Salt Cure|p2a: Ting-Lu\n|-resisted|p2a: Ting-Lu\n|-damage|p2a: Ting-Lu|46/100\n|-start|p2a: Ting-Lu|Salt Cure\n|\n|-heal|p2a: Ting-Lu|53/100|[from] item: Leftovers\n|-damage|p2a: Ting-Lu|40/100|[from] Salt Cure\n|upkeep\n|turn|37\n|\n|t:|1782442209\n|switch|p1a: Great Tusk|Great Tusk|74/100\n|move|p2a: Ting-Lu|Spikes|p1a: Great Tusk\n|-sidestart|p1: lolshh|Spikes\n|\n|-heal|p1a: Great Tusk|80/100|[from] item: Leftovers\n|-heal|p2a: Ting-Lu|46/100|[from] item: Leftovers\n|-damage|p2a: Ting-Lu|34/100|[from] Salt Cure\n|upkeep\n|turn|38\n|\n|t:|1782442219\n|move|p1a: Great Tusk|Rapid Spin|p2a: Ting-Lu\n|-damage|p2a: Ting-Lu|25/100\n|-boost|p1a: Great Tusk|spe|1\n|-sideend|p1: lolshh|Spikes|[from] move: Rapid Spin|[of] p1a: Great Tusk\n|move|p2a: Ting-Lu|Ruination|p1a: Great Tusk|[miss]\n|-miss|p2a: Ting-Lu|p1a: Great Tusk\n|\n|-heal|p1a: Great Tusk|86/100|[from] item: Leftovers\n|-heal|p2a: Ting-Lu|31/100|[from] item: Leftovers\n|-damage|p2a: Ting-Lu|19/100|[from] Salt Cure\n|upkeep\n|turn|39\n|c|☆maid of honour|damn\n|inactive|maid of honour has 120 seconds left.\n|c|☆lolshh|mb\n|l| ina fable\n|c|☆maid of honour|i think that lost me game\n|\n|t:|1782442238\n|move|p1a: Great Tusk|Ice Spinner|p2a: Ting-Lu\n|-supereffective|p2a: Ting-Lu\n|-damage|p2a: Ting-Lu|0 fnt\n|faint|p2a: Ting-Lu\n|\n|-heal|p1a: Great Tusk|92/100|[from] item: Leftovers\n|upkeep\n|\n|t:|1782442243\n|switch|p2a: Dragonite|Dragonite, M, tera:Normal|84/100\n|-damage|p2a: Dragonite|71/100|[from] Stealth Rock\n|turn|40\n|\n|t:|1782442248\n|move|p1a: Great Tusk|Headlong Rush|p2a: Dragonite\n|-damage|p2a: Dragonite|11/100\n|-unboost|p1a: Great Tusk|def|1\n|-unboost|p1a: Great Tusk|spd|1\n|move|p2a: Dragonite|Roost|p2a: Dragonite\n|-heal|p2a: Dragonite|61/100\n|\n|-heal|p1a: Great Tusk|98/100|[from] item: Leftovers\n|upkeep\n|turn|41\n|\n|t:|1782442265\n|-terastallize|p1a: Great Tusk|Steel\n|move|p2a: Dragonite|Extreme Speed|p1a: Great Tusk\n|-resisted|p1a: Great Tusk\n|-damage|p1a: Great Tusk|72/100\n|move|p1a: Great Tusk|Headlong Rush|p2a: Dragonite\n|-damage|p2a: Dragonite|3/100\n|-unboost|p1a: Great Tusk|def|1\n|-unboost|p1a: Great Tusk|spd|1\n|\n|-heal|p1a: Great Tusk|78/100|[from] item: Leftovers\n|upkeep\n|turn|42\n|j| voith\n|l| voith\n|\n|t:|1782442279\n|move|p2a: Dragonite|Extreme Speed|p1a: Great Tusk\n|-resisted|p1a: Great Tusk\n|-damage|p1a: Great Tusk|46/100\n|move|p1a: Great Tusk|Knock Off|p2a: Dragonite\n|-damage|p2a: Dragonite|0 fnt\n|faint|p2a: Dragonite\n|\n|-heal|p1a: Great Tusk|52/100|[from] item: Leftovers\n|upkeep\n|\n|t:|1782442281\n|switch|p2a: Zamazenta|Zamazenta|72/100\n|-damage|p2a: Zamazenta|66/100|[from] Stealth Rock\n|turn|43\n|j| Luna♥xSnow♥\n|j| ina fable\n|inactive|maid of honour has 120 seconds left.\n|\n|t:|1782442317\n|-end|p1a: Great Tusk|Protosynthesis|[silent]\n|switch|p1a: Deoxys|Deoxys-Speed|100/100\n|-ability|p1a: Deoxys|Pressure\n|move|p2a: Zamazenta|Crunch|p1a: Deoxys\n|-supereffective|p1a: Deoxys\n|-damage|p1a: Deoxys|17/100\n|\n|upkeep\n|turn|44\n|\n|t:|1782442326\n|switch|p2a: Gholdengo|Gholdengo|86/100\n|-damage|p2a: Gholdengo|80/100|[from] Stealth Rock\n|move|p1a: Deoxys|Knock Off|p2a: Gholdengo\n|-supereffective|p2a: Gholdengo\n|-crit|p2a: Gholdengo\n|-damage|p2a: Gholdengo|38/100\n|\n|upkeep\n|turn|45\n|j| clickdontthink\n|\n|t:|1782442336\n|switch|p1a: Dragonite|Dragonite, M|100/100\n|move|p2a: Gholdengo|Recover|p2a: Gholdengo\n|-heal|p2a: Gholdengo|88/100\n|\n|upkeep\n|turn|46\n|inactive|maid of honour has 120 seconds left.\n|\n|t:|1782442341\n|switch|p2a: Meowscarada|Meowscarada, F|100/100\n|-damage|p2a: Meowscarada|88/100|[from] Stealth Rock\n|move|p1a: Dragonite|Dragon Dance|p1a: Dragonite\n|-boost|p1a: Dragonite|atk|1\n|-boost|p1a: Dragonite|spe|1\n|\n|upkeep\n|turn|47\n|inactive|maid of honour has 120 seconds left.\n|\n|t:|1782442376\n|move|p1a: Dragonite|Ice Spinner|p2a: Meowscarada\n|-supereffective|p2a: Meowscarada\n|-damage|p2a: Meowscarada|0 fnt\n|faint|p2a: Meowscarada\n|\n|upkeep\n|l| ina fable\n|\n|t:|1782442387\n|switch|p2a: Zamazenta|Zamazenta|66/100\n|-damage|p2a: Zamazenta|60/100|[from] Stealth Rock\n|turn|48\n|\n|t:|1782442390\n|move|p2a: Zamazenta|Ice Fang|p1a: Dragonite\n|-supereffective|p1a: Dragonite\n|-damage|p1a: Dragonite|53/100\n|move|p1a: Dragonite|Earthquake|p2a: Zamazenta\n|-damage|p2a: Zamazenta|10/100\n|\n|upkeep\n|turn|49\n|j| ina fable\n|\n|t:|1782442417\n|switch|p1a: Deoxys|Deoxys-Speed|17/100\n|-ability|p1a: Deoxys|Pressure\n|move|p2a: Zamazenta|Ice Fang|p1a: Deoxys\n|-damage|p1a: Deoxys|0 fnt\n|faint|p1a: Deoxys\n|\n|upkeep\n|\n|t:|1782442421\n|switch|p1a: Gholdengo|Gholdengo|85/100\n|turn|50\n|\n|t:|1782442435\n|switch|p2a: Gholdengo|Gholdengo|88/100\n|-damage|p2a: Gholdengo|82/100|[from] Stealth Rock\n|move|p1a: Gholdengo|Shadow Ball|p2a: Gholdengo\n|-supereffective|p2a: Gholdengo\n|-damage|p2a: Gholdengo|16/100\n|\n|upkeep\n|turn|51\n|\n|t:|1782442441\n|move|p1a: Gholdengo|Shadow Ball|p2a: Gholdengo\n|-supereffective|p2a: Gholdengo\n|-damage|p2a: Gholdengo|0 fnt\n|faint|p2a: Gholdengo\n|\n|upkeep\n|\n|t:|1782442443\n|switch|p2a: Zamazenta|Zamazenta|10/100\n|-damage|p2a: Zamazenta|3/100|[from] Stealth Rock\n|turn|52\n|c|☆lolshh|gg\n|c|☆maid of honour|gg\n|\n|t:|1782442446\n|move|p2a: Zamazenta|Crunch|p1a: Gholdengo\n|-supereffective|p1a: Gholdengo\n|-crit|p1a: Gholdengo\n|-damage|p1a: Gholdengo|28/100\n|move|p1a: Gholdengo|Shadow Ball|p2a: Zamazenta\n|-damage|p2a: Zamazenta|0 fnt\n|faint|p2a: Zamazenta\n|\n|win|lolshh\n|n|☆lolshh|lolshh\n|n|☆maid of honour|maidofhonour\n|n|~Setsu|setsu\n|n| Johnson the Goon|johnsonthegoon\n|n| deno_nemesis|denonemesis\n|n| Coolbroes|coolbroes\n|n| Quaqrash|quaqrash\n|n| Luna♥xSnow♥|lunaxsnow\n|n| clickdontthink|clickdontthink\n|n| ina fable|inafable\n|l| Luna♥xSnow♥\n|l| ina fable\n|l|☆lolshh\n|player|p1|\n|l|~Setsu\n|l| clickdontthink\n|l| deno_nemesis\n", "uploadtime": 1782442447, "views": 13, "formatid": "gen9ou", "rating": null, "private": 0, "password": null}