{"id": "gen9ou-2647754246", "format": "[Gen 9] OU", "players": ["vini_koraidon", "iloveskarmory"], "log": "|j|☆vini_koraidon\n|j|‽iloveskarmory\n|t:|1783806924\n|gametype|singles\n|player|p1|vini_koraidon|265|\n|player|p2|iloveskarmory|170|\n|gen|9\n|tier|[Gen 9] OU\n|rule|HP Percentage Mod: HP is shown in percentages\n|rule|Endless Battle Clause: Forcing endless battles is banned\n|rule|Species Clause: Limit one of each Pokémon\n|rule|OHKO Clause: OHKO moves are banned\n|rule|Evasion Items Clause: Evasion items are banned\n|rule|Evasion Moves Clause: Evasion moves are banned\n|rule|Evasion Abilities Clause: Evasion abilities are banned\n|rule|Sleep Moves Clause: Sleep-inducing moves are banned\n|clearpoke\n|poke|p1|Torkoal, F|\n|poke|p1|Hatterene, F|\n|poke|p1|Raging Bolt|\n|poke|p1|Slither Wing|\n|poke|p1|Venusaur, M|\n|poke|p1|Walking Wake|\n|poke|p2|Ninetales-Alola, F|\n|poke|p2|Gliscor, F|\n|poke|p2|Kingambit, F|\n|poke|p2|Dragonite, F|\n|poke|p2|Hatterene, F|\n|poke|p2|Great Tusk|\n|teampreview\n|inactive|Battle timer is ON: inactive players will automatically lose when time's up. (requested by vini_koraidon)\n|inactive|vini_koraidon has 270 seconds left.\n|\n|t:|1783806967\n|teamsize|p1|6\n|teamsize|p2|6\n|start\n|switch|p1a: Hatterene|Hatterene, F|100/100\n|switch|p2a: Great Tusk|Great Tusk|100/100\n|-item|p1a: Hatterene|Air Balloon\n|turn|1\n|\n|t:|1783806982\n|move|p2a: Great Tusk|Close Combat|p1a: Hatterene\n|-resisted|p1a: Hatterene\n|-damage|p1a: Hatterene|83/100\n|-unboost|p2a: Great Tusk|def|1\n|-unboost|p2a: Great Tusk|spd|1\n|-enditem|p1a: Hatterene|Air Balloon\n|-enditem|p2a: Great Tusk|Eject Pack\n|\n|t:|1783806983\n|-end|p2a: Great Tusk|Protosynthesis|[silent]\n|switch|p2a: Kingambit|Kingambit, F|100/100\n|move|p1a: Hatterene|Draining Kiss|p2a: Kingambit\n|-damage|p2a: Kingambit|77/100\n|-heal|p1a: Hatterene|100/100|[from] drain|[of] p2a: Kingambit\n|\n|upkeep\n|turn|2\n|inactive|vini_koraidon has 270 seconds left.\n|inactive|vini_koraidon has 240 seconds left.\n|\n|t:|1783807047\n|switch|p2a: Great Tusk|Great Tusk|100/100\n|switch|p1a: Torkoal|Torkoal, F|100/100\n|-weather|SunnyDay|[from] ability: Drought|[of] p1a: Torkoal\n|-activate|p2a: Great Tusk|ability: Protosynthesis\n|-start|p2a: Great Tusk|protosynthesisatk\n|\n|-weather|SunnyDay|[upkeep]\n|upkeep\n|turn|3\n|\n|t:|1783807056\n|-terastallize|p1a: Torkoal|Flying\n|move|p2a: Great Tusk|Headlong Rush|p1a: Torkoal\n|-immune|p1a: Torkoal\n|move|p1a: Torkoal|Will-O-Wisp|p2a: Great Tusk\n|-status|p2a: Great Tusk|brn\n|\n|-weather|SunnyDay|[upkeep]\n|-damage|p2a: Great Tusk|94/100 brn|[from] brn\n|upkeep\n|turn|4\n|\n|t:|1783807062\n|move|p2a: Great Tusk|Ice Spinner|p1a: Torkoal\n|-supereffective|p1a: Torkoal\n|-damage|p1a: Torkoal|79/100\n|move|p1a: Torkoal|Lava Plume|p2a: Great Tusk\n|-damage|p2a: Great Tusk|40/100 brn\n|\n|-weather|SunnyDay|[upkeep]\n|-damage|p2a: Great Tusk|34/100 brn|[from] brn\n|upkeep\n|turn|5\n|\n|t:|1783807066\n|switch|p1a: Walking Wake|Walking Wake|100/100\n|-activate|p1a: Walking Wake|ability: Protosynthesis\n|-start|p1a: Walking Wake|protosynthesisspe\n|move|p2a: Great Tusk|Ice Spinner|p1a: Walking Wake\n|-damage|p1a: Walking Wake|81/100\n|\n|-weather|SunnyDay|[upkeep]\n|-damage|p2a: Great Tusk|27/100 brn|[from] brn\n|upkeep\n|turn|6\n|inactive|vini_koraidon has 270 seconds left.\n|\n|t:|1783807072\n|move|p1a: Walking Wake|Flip Turn|p2a: Great Tusk\n|-supereffective|p2a: Great Tusk\n|-damage|p2a: Great Tusk|17/100 brn\n|inactive|vini_koraidon has 270 seconds left.\n|\n|t:|1783807081\n|-end|p1a: Walking Wake|Protosynthesis|[silent]\n|switch|p1a: Torkoal|Torkoal, F, tera:Flying|79/100|[from] Flip Turn\n|move|p2a: Great Tusk|Headlong Rush|p1a: Torkoal\n|-immune|p1a: Torkoal\n|\n|-weather|SunnyDay|[upkeep]\n|-damage|p2a: Great Tusk|11/100 brn|[from] brn\n|upkeep\n|turn|7\n|inactive|vini_koraidon has 270 seconds left.\n|\n|t:|1783807097\n|switch|p1a: Slither Wing|Slither Wing|100/100\n|-activate|p1a: Slither Wing|ability: Protosynthesis\n|-start|p1a: Slither Wing|protosynthesisatk\n|move|p2a: Great Tusk|Ice Spinner|p1a: Slither Wing\n|-damage|p1a: Slither Wing|78/100\n|\n|-weather|SunnyDay|[upkeep]\n|-damage|p2a: Great Tusk|5/100 brn|[from] brn\n|upkeep\n|turn|8\n|\n|t:|1783807103\n|move|p1a: Slither Wing|First Impression|p2a: Great Tusk\n|-resisted|p2a: Great Tusk\n|-damage|p2a: Great Tusk|0 fnt\n|faint|p2a: Great Tusk\n|-end|p2a: Great Tusk|Protosynthesis|[silent]\n|\n|-weather|SunnyDay|[upkeep]\n|upkeep\n|inactive|iloveskarmory has 270 seconds left.\n|inactive|iloveskarmory has 240 seconds left.\n|\n|t:|1783807166\n|switch|p2a: Dragonite|Dragonite, F|100/100\n|turn|9\n|\n|t:|1783807177\n|-end|p1a: Slither Wing|Protosynthesis|[silent]\n|switch|p1a: Raging Bolt|Raging Bolt|100/100\n|-activate|p1a: Raging Bolt|ability: Protosynthesis\n|-start|p1a: Raging Bolt|protosynthesisspa\n|move|p2a: Dragonite|Fire Punch|p1a: Raging Bolt\n|-resisted|p1a: Raging Bolt\n|-damage|p1a: Raging Bolt|79/100\n|\n|-weather|none\n|-end|p1a: Raging Bolt|Protosynthesis\n|upkeep\n|turn|10\n|\n|t:|1783807190\n|move|p2a: Dragonite|Dragon Claw|p1a: Raging Bolt\n|-supereffective|p1a: Raging Bolt\n|-damage|p1a: Raging Bolt|0 fnt\n|faint|p1a: Raging Bolt\n|-end|p1a: Raging Bolt|Protosynthesis|[silent]\n|\n|upkeep\n|\n|t:|1783807194\n|switch|p1a: Hatterene|Hatterene, F|100/100\n|turn|11\n|\n|t:|1783807198\n|switch|p2a: Kingambit|Kingambit, F|77/100\n|move|p1a: Hatterene|Draining Kiss|p2a: Kingambit\n|-damage|p2a: Kingambit|52/100\n|\n|upkeep\n|turn|12\n|\n|t:|1783807215\n|switch|p1a: Torkoal|Torkoal, F, tera:Flying|79/100\n|-weather|SunnyDay|[from] ability: Drought|[of] p1a: Torkoal\n|move|p2a: Kingambit|Iron Head|p1a: Torkoal\n|-damage|p1a: Torkoal|54/100\n|\n|-weather|SunnyDay|[upkeep]\n|upkeep\n|turn|13\n|\n|t:|1783807223\n|move|p2a: Kingambit|Kowtow Cleave|p1a: Torkoal\n|-damage|p1a: Torkoal|26/100\n|move|p1a: Torkoal|Lava Plume|p2a: Kingambit\n|-supereffective|p2a: Kingambit\n|-damage|p2a: Kingambit|0 fnt\n|faint|p2a: Kingambit\n|\n|-weather|SunnyDay|[upkeep]\n|upkeep\n|\n|t:|1783807228\n|switch|p2a: Ninetales|Ninetales-Alola, F|100/100\n|-weather|Snowscape|[from] ability: Snow Warning|[of] p2a: Ninetales\n|turn|14\n|\n|t:|1783807238\n|switch|p1a: Venusaur|Venusaur, M|100/100\n|move|p2a: Ninetales|Aurora Veil|p2a: Ninetales\n|-sidestart|p2: iloveskarmory|move: Aurora Veil\n|\n|-weather|Snowscape|[upkeep]\n|upkeep\n|turn|15\n|inactive|vini_koraidon has 270 seconds left.\n|inactive|vini_koraidon has 240 seconds left.\n|inactive|vini_koraidon has 210 seconds left.\n|\n|t:|1783807358\n|switch|p1a: Hatterene|Hatterene, F|100/100\n|move|p2a: Ninetales|Blizzard|p1a: Hatterene\n|-damage|p1a: Hatterene|67/100\n|-status|p1a: Hatterene|frz\n|\n|-weather|Snowscape|[upkeep]\n|upkeep\n|turn|16\n|\n|t:|1783807365\n|switch|p2a: Gliscor|Gliscor, F|100/100\n|cant|p1a: Hatterene|frz\n|\n|-weather|Snowscape|[upkeep]\n|-status|p2a: Gliscor|tox|[from] item: Toxic Orb\n|upkeep\n|turn|17\n|\n|t:|1783807371\n|switch|p1a: Walking Wake|Walking Wake|81/100\n|move|p2a: Gliscor|Swords Dance|p2a: Gliscor\n|-boost|p2a: Gliscor|atk|2\n|\n|-weather|Snowscape|[upkeep]\n|upkeep\n|turn|18\n|\n|t:|1783807377\n|-terastallize|p2a: Gliscor|Normal\n|move|p1a: Walking Wake|Hydro Steam|p2a: Gliscor\n|-crit|p2a: Gliscor\n|-damage|p2a: Gliscor|37/100 tox\n|move|p2a: Gliscor|Agility|p2a: Gliscor\n|-boost|p2a: Gliscor|spe|2\n|\n|-weather|none\n|-heal|p2a: Gliscor|49/100 tox|[from] ability: Poison Heal\n|upkeep\n|turn|19\n|\n|t:|1783807383\n|move|p2a: Gliscor|Facade|p1a: Walking Wake\n|-damage|p1a: Walking Wake|0 fnt\n|faint|p1a: Walking Wake\n|-end|p1a: Walking Wake|Protosynthesis|[silent]\n|\n|-heal|p2a: Gliscor|62/100 tox|[from] ability: Poison Heal\n|upkeep\n|\n|t:|1783807387\n|switch|p1a: Torkoal|Torkoal, F, tera:Flying|26/100\n|-weather|SunnyDay|[from] ability: Drought|[of] p1a: Torkoal\n|turn|20\n|\n|t:|1783807396\n|switch|p1a: Hatterene|Hatterene, F|67/100 frz\n|move|p2a: Gliscor|Facade|p1a: Hatterene\n|-damage|p1a: Hatterene|0 fnt\n|faint|p1a: Hatterene\n|\n|-weather|SunnyDay|[upkeep]\n|-heal|p2a: Gliscor|74/100 tox|[from] ability: Poison Heal\n|upkeep\n|inactive|vini_koraidon has 210 seconds left.\n|inactive|vini_koraidon has 180 seconds left.\n|\n|t:|1783807444\n|switch|p1a: Venusaur|Venusaur, M|100/100\n|turn|21\n|\n|t:|1783807454\n|move|p1a: Venusaur|Weather Ball|p2a: Gliscor\n|-damage|p2a: Gliscor|46/100 tox\n|-damage|p1a: Venusaur|91/100|[from] item: Life Orb\n|move|p2a: Gliscor|Facade|p1a: Venusaur\n|-damage|p1a: Venusaur|0 fnt\n|faint|p1a: Venusaur\n|\n|-weather|SunnyDay|[upkeep]\n|-heal|p2a: Gliscor|59/100 tox|[from] ability: Poison Heal\n|-sideend|p2: iloveskarmory|move: Aurora Veil\n|upkeep\n|inactive|vini_koraidon has 180 seconds left.\n|\n|t:|1783807465\n|switch|p1a: Torkoal|Torkoal, F, tera:Flying|26/100\n|turn|22\n|\n|t:|1783807471\n|move|p2a: Gliscor|Facade|p1a: Torkoal\n|-damage|p1a: Torkoal|0 fnt\n|faint|p1a: Torkoal\n|\n|-weather|SunnyDay|[upkeep]\n|-heal|p2a: Gliscor|71/100 tox|[from] ability: Poison Heal\n|upkeep\n|inactive|vini_koraidon has 180 seconds left.\n|j| zxcaliari\n|\n|t:|1783807494\n|switch|p1a: Slither Wing|Slither Wing|78/100\n|-activate|p1a: Slither Wing|ability: Protosynthesis\n|-start|p1a: Slither Wing|protosynthesisatk\n|turn|23\n|\n|t:|1783807499\n|move|p1a: Slither Wing|First Impression|p2a: Gliscor\n|-damage|p2a: Gliscor|15/100 tox\n|move|p2a: Gliscor|Facade|p1a: Slither Wing\n|-damage|p1a: Slither Wing|0 fnt\n|faint|p1a: Slither Wing\n|-end|p1a: Slither Wing|Protosynthesis|[silent]\n|\n|win|iloveskarmory\n", "uploadtime": 1783807501, "views": 18, "formatid": "gen9ou", "rating": null, "private": 0, "password": null}