{"id": "gen9ou-2639307655", "format": "[Gen 9] OU", "players": ["shano1994", "baroonsamedis"], "log": "|j|☆shano1994\n|j|☆baroonsamedis\n|t:|1782450038\n|gametype|singles\n|player|p1|shano1994|265|1150\n|player|p2|baroonsamedis|giovanni|1138\n|gen|9\n|tier|[Gen 9] OU\n|rated|\n|rule|HP Percentage Mod: HP is shown in percentages\n|rule|Endless Battle Clause: Forcing endless battles is banned\n|rule|Species Clause: Limit one of each Pokémon\n|rule|OHKO Clause: OHKO moves are banned\n|rule|Evasion Items Clause: Evasion items are banned\n|rule|Evasion Moves Clause: Evasion moves are banned\n|rule|Evasion Abilities Clause: Evasion abilities are banned\n|rule|Sleep Moves Clause: Sleep-inducing moves are banned\n|clearpoke\n|poke|p1|Dragapult, F|\n|poke|p1|Heatran, M|\n|poke|p1|Great Tusk|\n|poke|p1|Ogerpon-Wellspring, F|\n|poke|p1|Tornadus-Therian, M|\n|poke|p1|Iron Valiant|\n|poke|p2|Kleavor, F|\n|poke|p2|Okidogi, M|\n|poke|p2|Hatterene, F|\n|poke|p2|Slowking-Galar, M|\n|poke|p2|Quaquaval, M|\n|poke|p2|Iron Treads|\n|teampreview\n|inactive|Battle timer is ON: inactive players will automatically lose when time's up. (requested by baroonsamedis)\n|\n|t:|1782450042\n|teamsize|p1|6\n|teamsize|p2|6\n|start\n|switch|p1a: Tornadus|Tornadus-Therian, M|100/100\n|switch|p2a: RockReaper|Kleavor, F|100/100\n|turn|1\n|j| thehombre\n|\n|t:|1782450048\n|move|p2a: RockReaper|Stone Axe|p1a: Tornadus\n|-supereffective|p1a: Tornadus\n|-damage|p1a: Tornadus|0 fnt\n|-sidestart|p1: shano1994|move: Stealth Rock\n|faint|p1a: Tornadus\n|\n|upkeep\n|\n|t:|1782450062\n|switch|p1a: Great Tusk|Great Tusk|100/100\n|turn|2\n|\n|t:|1782450071\n|switch|p2a: AquaDuck|Quaquaval, M|100/100\n|move|p1a: Great Tusk|Rapid Spin|p2a: AquaDuck\n|-damage|p2a: AquaDuck|80/100\n|-boost|p1a: Great Tusk|spe|1\n|-sideend|p1: shano1994|Stealth Rock|[from] move: Rapid Spin|[of] p1a: Great Tusk\n|\n|upkeep\n|turn|3\n|\n|t:|1782450089\n|move|p1a: Great Tusk|Earthquake|p2a: AquaDuck\n|-damage|p2a: AquaDuck|17/100\n|move|p2a: AquaDuck|Aqua Step|p1a: Great Tusk\n|-supereffective|p1a: Great Tusk\n|-damage|p1a: Great Tusk|59/100\n|-boost|p2a: AquaDuck|spe|1\n|\n|upkeep\n|turn|4\n|inactive|baroonsamedis has 120 seconds left.\n|\n|t:|1782450121\n|-terastallize|p2a: AquaDuck|Water\n|move|p2a: AquaDuck|Aqua Step|p1a: Great Tusk\n|-supereffective|p1a: Great Tusk\n|-damage|p1a: Great Tusk|0 fnt\n|-boost|p2a: AquaDuck|spe|1\n|faint|p1a: Great Tusk\n|-end|p1a: Great Tusk|Protosynthesis|[silent]\n|-ability|p2a: AquaDuck|Moxie|boost\n|-boost|p2a: AquaDuck|atk|1\n|\n|upkeep\n|\n|t:|1782450133\n|switch|p1a: Iron Valiant|Iron Valiant|100/100\n|-enditem|p1a: Iron Valiant|Booster Energy\n|-activate|p1a: Iron Valiant|ability: Quark Drive|[fromitem]\n|-start|p1a: Iron Valiant|quarkdrivespe\n|turn|5\n|\n|t:|1782450143\n|move|p2a: AquaDuck|Flip Turn|p1a: Iron Valiant\n|-damage|p1a: Iron Valiant|26/100\n|\n|t:|1782450151\n|switch|p2a: AcidOracle|Slowking-Galar, M|100/100|[from] Flip Turn\n|move|p1a: Iron Valiant|Moonblast|p2a: AcidOracle\n|-resisted|p2a: AcidOracle\n|-crit|p2a: AcidOracle\n|-damage|p2a: AcidOracle|70/100\n|-unboost|p2a: AcidOracle|spa|1\n|\n|-heal|p2a: AcidOracle|76/100|[from] item: Black Sludge\n|upkeep\n|turn|6\n|\n|t:|1782450174\n|move|p1a: Iron Valiant|Thunderbolt|p2a: AcidOracle\n|-damage|p2a: AcidOracle|51/100\n|-status|p2a: AcidOracle|par\n|move|p2a: AcidOracle|Sludge Bomb|p1a: Iron Valiant\n|-supereffective|p1a: Iron Valiant\n|-damage|p1a: Iron Valiant|0 fnt\n|faint|p1a: Iron Valiant\n|-end|p1a: Iron Valiant|Quark Drive|[silent]\n|\n|-heal|p2a: AcidOracle|57/100 par|[from] item: Black Sludge\n|upkeep\n|\n|t:|1782450185\n|switch|p1a: Ogerpon|Ogerpon-Wellspring, F|100/100\n|turn|7\n|\n|t:|1782450189\n|-terastallize|p1a: Ogerpon|Water\n|detailschange|p1a: Ogerpon|Ogerpon-Wellspring-Tera, F, tera:Water\n|-ability|p1a: Ogerpon|Embody Aspect (Wellspring)|boost\n|-boost|p1a: Ogerpon|spd|1\n|move|p1a: Ogerpon|Swords Dance|p1a: Ogerpon\n|-boost|p1a: Ogerpon|atk|2\n|move|p2a: AcidOracle|Future Sight|p1a: Ogerpon\n|-start|p2a: AcidOracle|move: Future Sight\n|\n|-heal|p2a: AcidOracle|63/100 par|[from] item: Black Sludge\n|upkeep\n|turn|8\n|\n|t:|1782450200\n|move|p1a: Ogerpon|Swords Dance|p1a: Ogerpon\n|-boost|p1a: Ogerpon|atk|2\n|move|p2a: AcidOracle|Sludge Bomb|p1a: Ogerpon\n|-crit|p1a: Ogerpon\n|-damage|p1a: Ogerpon|18/100\n|-status|p1a: Ogerpon|psn\n|\n|-heal|p2a: AcidOracle|70/100 par|[from] item: Black Sludge\n|-damage|p1a: Ogerpon|5/100 psn|[from] psn\n|upkeep\n|turn|9\n|\n|t:|1782450213\n|switch|p2a: AquaDuck|Quaquaval, M, tera:Water|17/100\n|move|p1a: Ogerpon|Horn Leech|p2a: AquaDuck\n|-supereffective|p2a: AquaDuck\n|-damage|p2a: AquaDuck|0 fnt\n|-heal|p1a: Ogerpon|14/100 psn|[from] drain|[of] p2a: AquaDuck\n|faint|p2a: AquaDuck\n|\n|-end|p1a: Ogerpon|move: Future Sight\n|-damage|p1a: Ogerpon|0 fnt\n|faint|p1a: Ogerpon\n|detailschange|p1: Ogerpon|Ogerpon-Wellspring, F|[silent]\n|upkeep\n|\n|t:|1782450231\n|switch|p1a: Dragapult|Dragapult, F|100/100\n|switch|p2a: RockReaper|Kleavor, F|100/100\n|turn|10\n|\n|t:|1782450241\n|move|p1a: Dragapult|Draco Meteor|p2a: RockReaper\n|-damage|p2a: RockReaper|0 fnt\n|-unboost|p1a: Dragapult|spa|2\n|faint|p2a: RockReaper\n|\n|upkeep\n|\n|t:|1782450250\n|switch|p2a: PinkWitch|Hatterene, F|100/100\n|turn|11\n|\n|t:|1782450254\n|switch|p1a: Heatran|Heatran, M|100/100\n|move|p2a: PinkWitch|Calm Mind|p2a: PinkWitch\n|-boost|p2a: PinkWitch|spa|1\n|-boost|p2a: PinkWitch|spd|1\n|\n|upkeep\n|turn|12\n|\n|t:|1782450264\n|move|p1a: Heatran|Magma Storm|p2a: PinkWitch\n|-damage|p2a: PinkWitch|72/100\n|-activate|p2a: PinkWitch|move: Magma Storm|[of] p1a: Heatran\n|move|p2a: PinkWitch|Psychic Noise|p1a: Heatran\n|-resisted|p1a: Heatran\n|-damage|p1a: Heatran|81/100\n|-start|p1a: Heatran|move: Heal Block\n|\n|-heal|p2a: PinkWitch|78/100|[from] item: Leftovers\n|-damage|p2a: PinkWitch|66/100|[from] move: Magma Storm|[partiallytrapped]\n|upkeep\n|turn|13\n|l| thehombre\n|\n|t:|1782450278\n|move|p1a: Heatran|Earth Power|p2a: PinkWitch\n|-damage|p2a: PinkWitch|49/100\n|move|p2a: PinkWitch|Calm Mind|p2a: PinkWitch\n|-boost|p2a: PinkWitch|spa|1\n|-boost|p2a: PinkWitch|spd|1\n|\n|-heal|p2a: PinkWitch|55/100|[from] item: Leftovers\n|-damage|p2a: PinkWitch|42/100|[from] move: Magma Storm|[partiallytrapped]\n|-end|p1a: Heatran|move: Heal Block\n|upkeep\n|turn|14\n|\n|t:|1782450290\n|move|p1a: Heatran|Earth Power|p2a: PinkWitch\n|-damage|p2a: PinkWitch|29/100\n|-unboost|p2a: PinkWitch|spd|1\n|move|p2a: PinkWitch|Psychic Noise|p1a: Heatran\n|-resisted|p1a: Heatran\n|-damage|p1a: Heatran|56/100\n|-start|p1a: Heatran|move: Heal Block\n|\n|-heal|p2a: PinkWitch|35/100|[from] item: Leftovers\n|-damage|p2a: PinkWitch|23/100|[from] move: Magma Storm|[partiallytrapped]\n|upkeep\n|turn|15\n|\n|t:|1782450308\n|move|p1a: Heatran|Earth Power|p2a: PinkWitch\n|-damage|p2a: PinkWitch|5/100\n|move|p2a: PinkWitch|Psychic Noise|p1a: Heatran\n|-resisted|p1a: Heatran\n|-damage|p1a: Heatran|28/100\n|\n|-heal|p2a: PinkWitch|11/100|[from] item: Leftovers\n|-damage|p2a: PinkWitch|0 fnt|[from] move: Magma Storm|[partiallytrapped]\n|faint|p2a: PinkWitch\n|-end|p1a: Heatran|move: Heal Block\n|upkeep\n|\n|t:|1782450327\n|switch|p2a: IronDriver|Iron Treads|100/100\n|turn|16\n|\n|t:|1782450338\n|move|p2a: IronDriver|Earthquake|p1a: Heatran\n|-supereffective|p1a: Heatran\n|-damage|p1a: Heatran|0 fnt\n|faint|p1a: Heatran\n|\n|upkeep\n|\n|t:|1782450345\n|switch|p1a: Dragapult|Dragapult, F|100/100\n|turn|17\n|\n|t:|1782450352\n|move|p1a: Dragapult|Flamethrower|p2a: IronDriver\n|-supereffective|p2a: IronDriver\n|-damage|p2a: IronDriver|0 fnt\n|faint|p2a: IronDriver\n|-end|p2a: IronDriver|Quark Drive|[silent]\n|\n|upkeep\n|\n|t:|1782450358\n|switch|p2a: AcidOracle|Slowking-Galar, M|100/100 par\n|turn|18\n|\n|t:|1782450362\n|move|p1a: Dragapult|Flamethrower|p2a: AcidOracle\n|-damage|p2a: AcidOracle|69/100 par\n|cant|p2a: AcidOracle|par\n|\n|-heal|p2a: AcidOracle|75/100 par|[from] item: Black Sludge\n|upkeep\n|turn|19\n|\n|t:|1782450374\n|move|p1a: Dragapult|Flamethrower|p2a: AcidOracle\n|-damage|p2a: AcidOracle|42/100 par\n|move|p2a: AcidOracle|Future Sight|p1a: Dragapult\n|-start|p2a: AcidOracle|move: Future Sight\n|\n|-heal|p2a: AcidOracle|48/100 par|[from] item: Black Sludge\n|upkeep\n|turn|20\n|\n|t:|1782450382\n|switch|p2a: GoodBoyButEvil|Okidogi, M|100/100\n|move|p1a: Dragapult|Flamethrower|p2a: GoodBoyButEvil\n|-damage|p2a: GoodBoyButEvil|73/100\n|\n|upkeep\n|turn|21\n|\n|t:|1782450389\n|move|p1a: Dragapult|Flamethrower|p2a: GoodBoyButEvil\n|-damage|p2a: GoodBoyButEvil|48/100\n|move|p2a: GoodBoyButEvil|Knock Off|p1a: Dragapult\n|-supereffective|p1a: Dragapult\n|-damage|p1a: Dragapult|5/100\n|-status|p1a: Dragapult|tox|[from] ability: Toxic Chain|[of] p2a: GoodBoyButEvil\n|-enditem|p1a: Dragapult|Choice Specs|[from] move: Knock Off|[of] p2a: GoodBoyButEvil\n|\n|-end|p1a: Dragapult|move: Future Sight\n|-damage|p1a: Dragapult|0 fnt\n|faint|p1a: Dragapult\n|\n|win|baroonsamedis\n|raw|shano1994's rating: 1150 &rarr; <strong>1124</strong><br />(-26 for losing)\n|raw|baroonsamedis's rating: 1138 &rarr; <strong>1164</strong><br />(+26 for winning)\n|l|☆baroonsamedis\n|player|p2|\n|l|☆shano1994\n|player|p1|\n", "uploadtime": 1782450719, "views": 2, "formatid": "gen9ou", "rating": 1124, "private": 0, "password": null}