{"id": "gen9ou-2639923132", "format": "[Gen 9] OU", "players": ["Kvnshasa", "LowEL0God"], "log": "|j|☆Kvnshasa\n|j|☆LowEL0God\n|t:|1782544275\n|gametype|singles\n|player|p1|Kvnshasa|policeman-gen4|1712\n|player|p2|LowEL0God|2|1706\n|gen|9\n|tier|[Gen 9] OU\n|rated|\n|rule|HP Percentage Mod: HP is shown in percentages\n|rule|Endless Battle Clause: Forcing endless battles is banned\n|rule|Species Clause: Limit one of each Pokémon\n|rule|OHKO Clause: OHKO moves are banned\n|rule|Evasion Items Clause: Evasion items are banned\n|rule|Evasion Moves Clause: Evasion moves are banned\n|rule|Evasion Abilities Clause: Evasion abilities are banned\n|rule|Sleep Moves Clause: Sleep-inducing moves are banned\n|clearpoke\n|poke|p1|Alomomola, M|\n|poke|p1|Zamazenta-*|\n|poke|p1|Corviknight, F|\n|poke|p1|Tyranitar, F|\n|poke|p1|Excadrill, F|\n|poke|p1|Pecharunt|\n|poke|p2|Pelipper, M|\n|poke|p2|Torkoal, F|\n|poke|p2|Walking Wake|\n|poke|p2|Tyranitar, M|\n|poke|p2|Excadrill, F|\n|poke|p2|Ogerpon-Wellspring, F|\n|teampreview\n|inactive|Battle timer is ON: inactive players will automatically lose when time's up. (requested by LowEL0God)\n|\n|t:|1782544283\n|teamsize|p1|6\n|teamsize|p2|6\n|start\n|switch|p1a: Pecharunt|Pecharunt|100/100\n|switch|p2a: Hurricane Spam|Pelipper, M, shiny|100/100\n|-weather|RainDance|[from] ability: Drizzle|[of] p2a: Hurricane Spam\n|turn|1\n|\n|t:|1782544286\n|move|p1a: Pecharunt|Parting Shot|p2a: Hurricane Spam\n|-unboost|p2a: Hurricane Spam|atk|1\n|-unboost|p2a: Hurricane Spam|spa|1\n|\n|t:|1782544289\n|switch|p1a: Alomomola|Alomomola, M|100/100|[from] Parting Shot\n|move|p2a: Hurricane Spam|Weather Ball|p1a: Alomomola\n|-resisted|p1a: Alomomola\n|-damage|p1a: Alomomola|84/100\n|\n|-weather|RainDance|[upkeep]\n|upkeep\n|turn|2\n|\n|t:|1782544296\n|switch|p2a: Ogerpon|Ogerpon-Wellspring, F|100/100\n|switch|p1a: Pecharunt|Pecharunt|100/100\n|\n|-weather|RainDance|[upkeep]\n|upkeep\n|turn|3\n|\n|t:|1782544300\n|move|p2a: Ogerpon|Swords Dance|p2a: Ogerpon\n|-boost|p2a: Ogerpon|atk|2\n|move|p1a: Pecharunt|Foul Play|p2a: Ogerpon\n|-damage|p2a: Ogerpon|15/100\n|\n|-weather|RainDance|[upkeep]\n|upkeep\n|turn|4\n|\n|t:|1782544302\n|-terastallize|p2a: Ogerpon|Water\n|detailschange|p2a: Ogerpon|Ogerpon-Wellspring-Tera, F, tera:Water\n|-ability|p2a: Ogerpon|Embody Aspect (Wellspring)|boost\n|-boost|p2a: Ogerpon|spd|1\n|move|p2a: Ogerpon|Ivy Cudgel|p1a: Pecharunt|[anim] Ivy Cudgel Water\n|-damage|p1a: Pecharunt|0 fnt\n|faint|p1a: Pecharunt\n|\n|-weather|RainDance|[upkeep]\n|upkeep\n|\n|t:|1782544304\n|switch|p1a: Zamazenta|Zamazenta|100/100\n|-ability|p1a: Zamazenta|Dauntless Shield|boost\n|-boost|p1a: Zamazenta|def|1\n|turn|5\n|\n|t:|1782544309\n|switch|p2a: Torkoal|Torkoal, F|100/100\n|-weather|SunnyDay|[from] ability: Drought|[of] p2a: Torkoal\n|move|p1a: Zamazenta|Body Press|p2a: Torkoal\n|-damage|p2a: Torkoal|70/100\n|\n|-weather|SunnyDay|[upkeep]\n|upkeep\n|turn|6\n|\n|t:|1782544315\n|switch|p1a: Tyranitar|Tyranitar, F|100/100\n|-weather|Sandstorm|[from] ability: Sand Stream|[of] p1a: Tyranitar\n|move|p2a: Torkoal|Will-O-Wisp|p1a: Tyranitar|[miss]\n|-miss|p2a: Torkoal|p1a: Tyranitar\n|\n|-weather|Sandstorm|[upkeep]\n|-damage|p2a: Torkoal|64/100|[from] Sandstorm\n|upkeep\n|turn|7\n|\n|t:|1782544318\n|move|p1a: Tyranitar|Stone Edge|p2a: Torkoal|[miss]\n|-miss|p1a: Tyranitar|p2a: Torkoal\n|move|p2a: Torkoal|Body Press|p1a: Tyranitar\n|-supereffective|p1a: Tyranitar\n|-damage|p1a: Tyranitar|0 fnt\n|faint|p1a: Tyranitar\n|\n|-weather|Sandstorm|[upkeep]\n|-damage|p2a: Torkoal|58/100|[from] Sandstorm\n|upkeep\n|\n|t:|1782544320\n|switch|p1a: Excadrill|Excadrill, F|100/100\n|-item|p1a: Excadrill|Air Balloon\n|turn|8\n|\n|t:|1782544323\n|switch|p2a: Hurricane Spam|Pelipper, M, shiny|100/100\n|-weather|RainDance|[from] ability: Drizzle|[of] p2a: Hurricane Spam\n|move|p1a: Excadrill|Earthquake|p2a: Hurricane Spam\n|-immune|p2a: Hurricane Spam\n|\n|-weather|RainDance|[upkeep]\n|upkeep\n|turn|9\n|\n|t:|1782544325\n|switch|p1a: Alomomola|Alomomola, M|100/100\n|move|p2a: Hurricane Spam|Weather Ball|p1a: Alomomola\n|-resisted|p1a: Alomomola\n|-damage|p1a: Alomomola|78/100\n|\n|-weather|RainDance|[upkeep]\n|upkeep\n|turn|10\n|\n|t:|1782544326\n|move|p2a: Hurricane Spam|Weather Ball|p1a: Alomomola\n|-resisted|p1a: Alomomola\n|-damage|p1a: Alomomola|52/100\n|move|p1a: Alomomola|Flip Turn|p2a: Hurricane Spam\n|-resisted|p2a: Hurricane Spam\n|-damage|p2a: Hurricane Spam|89/100\n|\n|t:|1782544329\n|switch|p1a: Corviknight|Corviknight, F|100/100|[from] Flip Turn\n|-ability|p1a: Corviknight|Pressure\n|\n|-weather|RainDance|[upkeep]\n|upkeep\n|turn|11\n|\n|t:|1782544331\n|move|p1a: Corviknight|U-turn|p2a: Hurricane Spam\n|-resisted|p2a: Hurricane Spam\n|-damage|p2a: Hurricane Spam|82/100\n|\n|t:|1782544332\n|switch|p1a: Alomomola|Alomomola, M|86/100|[from] U-turn\n|move|p2a: Hurricane Spam|Weather Ball|p1a: Alomomola\n|-resisted|p1a: Alomomola\n|-damage|p1a: Alomomola|63/100\n|\n|-weather|RainDance|[upkeep]\n|upkeep\n|turn|12\n|\n|t:|1782544334\n|switch|p2a: Torkoal|Torkoal, F|58/100\n|-weather|SunnyDay|[from] ability: Drought|[of] p2a: Torkoal\n|move|p1a: Alomomola|Mirror Coat||[still]\n|-fail|p1a: Alomomola\n|\n|-weather|SunnyDay|[upkeep]\n|upkeep\n|turn|13\n|\n|t:|1782544336\n|move|p1a: Alomomola|Flip Turn|p2a: Torkoal\n|-supereffective|p2a: Torkoal\n|-damage|p2a: Torkoal|49/100\n|\n|t:|1782544339\n|switch|p1a: Excadrill|Excadrill, F|100/100|[from] Flip Turn\n|-item|p1a: Excadrill|Air Balloon\n|move|p2a: Torkoal|Will-O-Wisp|p1a: Excadrill\n|-status|p1a: Excadrill|brn\n|\n|-weather|SunnyDay|[upkeep]\n|-damage|p1a: Excadrill|94/100 brn|[from] brn\n|upkeep\n|turn|14\n|\n|t:|1782544344\n|switch|p1a: Alomomola|Alomomola, M|97/100\n|move|p2a: Torkoal|Lava Plume|p1a: Alomomola\n|-resisted|p1a: Alomomola\n|-damage|p1a: Alomomola|88/100\n|\n|-weather|SunnyDay|[upkeep]\n|upkeep\n|turn|15\n|\n|t:|1782544347\n|move|p1a: Alomomola|Scald|p2a: Torkoal\n|-supereffective|p2a: Torkoal\n|-damage|p2a: Torkoal|31/100\n|move|p2a: Torkoal|Will-O-Wisp|p1a: Alomomola\n|-status|p1a: Alomomola|brn\n|\n|-weather|SunnyDay|[upkeep]\n|-damage|p1a: Alomomola|81/100 brn|[from] brn\n|upkeep\n|turn|16\n|\n|t:|1782544349\n|move|p1a: Alomomola|Scald|p2a: Torkoal\n|-supereffective|p2a: Torkoal\n|-crit|p2a: Torkoal\n|-damage|p2a: Torkoal|3/100\n|move|p2a: Torkoal|Lava Plume|p1a: Alomomola\n|-resisted|p1a: Alomomola\n|-damage|p1a: Alomomola|73/100 brn\n|\n|-weather|SunnyDay|[upkeep]\n|-damage|p1a: Alomomola|67/100 brn|[from] brn\n|upkeep\n|turn|17\n|\n|t:|1782544351\n|switch|p2a: Walking Wake|Walking Wake|100/100\n|-activate|p2a: Walking Wake|ability: Protosynthesis\n|-start|p2a: Walking Wake|protosynthesisspe\n|move|p1a: Alomomola|Flip Turn|p2a: Walking Wake\n|-resisted|p2a: Walking Wake\n|-damage|p2a: Walking Wake|99/100\n|\n|t:|1782544354\n|switch|p1a: Excadrill|Excadrill, F|94/100 brn|[from] Flip Turn\n|-item|p1a: Excadrill|Air Balloon\n|\n|-weather|SunnyDay|[upkeep]\n|-damage|p1a: Excadrill|88/100 brn|[from] brn\n|upkeep\n|turn|18\n|\n|t:|1782544357\n|switch|p1a: Alomomola|Alomomola, M|100/100 brn\n|move|p2a: Walking Wake|Hydro Steam|p1a: Alomomola\n|-resisted|p1a: Alomomola\n|-damage|p1a: Alomomola|77/100 brn\n|\n|-weather|SunnyDay|[upkeep]\n|-damage|p1a: Alomomola|71/100 brn|[from] brn\n|upkeep\n|turn|19\n|\n|t:|1782544359\n|-end|p2a: Walking Wake|Protosynthesis|[silent]\n|switch|p2a: Hurricane Spam|Pelipper, M, shiny|82/100\n|-weather|RainDance|[from] ability: Drizzle|[of] p2a: Hurricane Spam\n|move|p1a: Alomomola|Mirror Coat||[still]\n|-fail|p1a: Alomomola\n|\n|-weather|RainDance|[upkeep]\n|-damage|p1a: Alomomola|65/100 brn|[from] brn\n|upkeep\n|turn|20\n|\n|t:|1782544362\n|move|p2a: Hurricane Spam|Hurricane|p1a: Alomomola\n|-damage|p1a: Alomomola|32/100 brn\n|-start|p1a: Alomomola|confusion\n|-activate|p1a: Alomomola|confusion\n|-damage|p1a: Alomomola|26/100 brn|[from] confusion\n|\n|-weather|RainDance|[upkeep]\n|-damage|p1a: Alomomola|20/100 brn|[from] brn\n|upkeep\n|turn|21\n|\n|t:|1782544366\n|switch|p1a: Corviknight|Corviknight, F|100/100\n|-ability|p1a: Corviknight|Pressure\n|move|p2a: Hurricane Spam|Hurricane|p1a: Corviknight\n|-resisted|p1a: Corviknight\n|-damage|p1a: Corviknight|65/100\n|\n|-weather|RainDance|[upkeep]\n|upkeep\n|turn|22\n|\n|t:|1782544368\n|move|p1a: Corviknight|U-turn|p2a: Hurricane Spam\n|-resisted|p2a: Hurricane Spam\n|-damage|p2a: Hurricane Spam|75/100\n|\n|t:|1782544369\n|switch|p1a: Alomomola|Alomomola, M|53/100 brn|[from] U-turn\n|move|p2a: Hurricane Spam|Hurricane|p1a: Alomomola\n|-damage|p1a: Alomomola|18/100 brn\n|\n|-weather|RainDance|[upkeep]\n|-damage|p1a: Alomomola|12/100 brn|[from] brn\n|upkeep\n|turn|23\n|\n|t:|1782544372\n|switch|p1a: Corviknight|Corviknight, F|65/100\n|-ability|p1a: Corviknight|Pressure\n|move|p2a: Hurricane Spam|Hurricane|p1a: Corviknight\n|-resisted|p1a: Corviknight\n|-damage|p1a: Corviknight|28/100\n|\n|-weather|none\n|upkeep\n|turn|24\n|\n|t:|1782544374\n|move|p1a: Corviknight|Roost|p1a: Corviknight\n|-heal|p1a: Corviknight|78/100\n|-singleturn|p1a: Corviknight|move: Roost\n|move|p2a: Hurricane Spam|Hurricane|p1a: Corviknight|[miss]\n|-miss|p2a: Hurricane Spam|p1a: Corviknight\n|\n|upkeep\n|turn|25\n|\n|t:|1782544377\n|move|p1a: Corviknight|Roost|p1a: Corviknight\n|-heal|p1a: Corviknight|100/100\n|-singleturn|p1a: Corviknight|move: Roost\n|move|p2a: Hurricane Spam|Hurricane|p1a: Corviknight|[miss]\n|-miss|p2a: Hurricane Spam|p1a: Corviknight\n|\n|upkeep\n|turn|26\n|\n|t:|1782544378\n|move|p1a: Corviknight|Brave Bird|p2a: Hurricane Spam\n|-damage|p2a: Hurricane Spam|39/100\n|-damage|p1a: Corviknight|91/100|[from] Recoil\n|move|p2a: Hurricane Spam|Hurricane|p1a: Corviknight|[miss]\n|-miss|p2a: Hurricane Spam|p1a: Corviknight\n|\n|upkeep\n|turn|27\n|\n|t:|1782544381\n|move|p1a: Corviknight|Brave Bird|p2a: Hurricane Spam\n|-damage|p2a: Hurricane Spam|2/100\n|-damage|p1a: Corviknight|82/100|[from] Recoil\n|move|p2a: Hurricane Spam|Hurricane|p1a: Corviknight\n|-resisted|p1a: Corviknight\n|-damage|p1a: Corviknight|45/100\n|\n|upkeep\n|turn|28\n|\n|t:|1782544384\n|switch|p2a: Walking Wake|Walking Wake|99/100\n|move|p1a: Corviknight|Roost|p1a: Corviknight\n|-heal|p1a: Corviknight|95/100\n|-singleturn|p1a: Corviknight|move: Roost\n|\n|upkeep\n|turn|29\n|\n|t:|1782544390\n|move|p2a: Walking Wake|Flamethrower|p1a: Corviknight\n|-supereffective|p1a: Corviknight\n|-damage|p1a: Corviknight|3/100\n|move|p1a: Corviknight|U-turn|p2a: Walking Wake\n|-damage|p2a: Walking Wake|85/100\n|\n|t:|1782544392\n|switch|p1a: Alomomola|Alomomola, M|45/100 brn|[from] U-turn\n|\n|-damage|p1a: Alomomola|39/100 brn|[from] brn\n|upkeep\n|turn|30\n|\n|t:|1782544395\n|move|p2a: Walking Wake|Flamethrower|p1a: Alomomola\n|-resisted|p1a: Alomomola\n|-damage|p1a: Alomomola|28/100 brn\n|move|p1a: Alomomola|Flip Turn|p2a: Walking Wake\n|-resisted|p2a: Walking Wake\n|-damage|p2a: Walking Wake|83/100\n|\n|t:|1782544399\n|switch|p1a: Corviknight|Corviknight, F|3/100|[from] Flip Turn\n|-ability|p1a: Corviknight|Pressure\n|\n|upkeep\n|turn|31\n|\n|t:|1782544401\n|switch|p1a: Alomomola|Alomomola, M|61/100 brn\n|move|p2a: Walking Wake|Flamethrower|p1a: Alomomola\n|-resisted|p1a: Alomomola\n|-damage|p1a: Alomomola|50/100 brn\n|\n|-damage|p1a: Alomomola|43/100 brn|[from] brn\n|upkeep\n|turn|32\n|\n|t:|1782544403\n|move|p2a: Walking Wake|Flamethrower|p1a: Alomomola\n|-resisted|p1a: Alomomola\n|-damage|p1a: Alomomola|32/100 brn\n|move|p1a: Alomomola|Flip Turn|p2a: Walking Wake\n|-resisted|p2a: Walking Wake\n|-damage|p2a: Walking Wake|81/100\n|\n|t:|1782544404\n|switch|p1a: Corviknight|Corviknight, F|3/100|[from] Flip Turn\n|-ability|p1a: Corviknight|Pressure\n|\n|upkeep\n|turn|33\n|\n|t:|1782544405\n|switch|p1a: Alomomola|Alomomola, M|65/100 brn\n|move|p2a: Walking Wake|Flamethrower|p1a: Alomomola\n|-resisted|p1a: Alomomola\n|-damage|p1a: Alomomola|55/100 brn\n|\n|-damage|p1a: Alomomola|48/100 brn|[from] brn\n|upkeep\n|turn|34\n|\n|t:|1782544408\n|move|p2a: Walking Wake|Flamethrower|p1a: Alomomola\n|-resisted|p1a: Alomomola\n|-crit|p1a: Alomomola\n|-damage|p1a: Alomomola|33/100 brn\n|move|p1a: Alomomola|Flip Turn|p2a: Walking Wake\n|-resisted|p2a: Walking Wake\n|-damage|p2a: Walking Wake|79/100\n|\n|t:|1782544409\n|switch|p1a: Corviknight|Corviknight, F|3/100|[from] Flip Turn\n|-ability|p1a: Corviknight|Pressure\n|\n|upkeep\n|turn|35\n|\n|t:|1782544410\n|switch|p1a: Alomomola|Alomomola, M|66/100 brn\n|move|p2a: Walking Wake|Flamethrower|p1a: Alomomola\n|-resisted|p1a: Alomomola\n|-damage|p1a: Alomomola|56/100 brn\n|\n|-damage|p1a: Alomomola|50/100 brn|[from] brn\n|upkeep\n|turn|36\n|\n|t:|1782544411\n|move|p2a: Walking Wake|Flamethrower|p1a: Alomomola\n|-resisted|p1a: Alomomola\n|-damage|p1a: Alomomola|39/100 brn\n|move|p1a: Alomomola|Flip Turn|p2a: Walking Wake\n|-resisted|p2a: Walking Wake\n|-damage|p2a: Walking Wake|77/100\n|\n|t:|1782544413\n|switch|p1a: Corviknight|Corviknight, F|3/100|[from] Flip Turn\n|-ability|p1a: Corviknight|Pressure\n|\n|upkeep\n|turn|37\n|\n|t:|1782544414\n|switch|p1a: Alomomola|Alomomola, M|72/100 brn\n|move|p2a: Walking Wake|Flamethrower|p1a: Alomomola\n|-resisted|p1a: Alomomola\n|-damage|p1a: Alomomola|61/100 brn\n|\n|-damage|p1a: Alomomola|55/100 brn|[from] brn\n|upkeep\n|turn|38\n|\n|t:|1782544415\n|move|p2a: Walking Wake|Flamethrower|p1a: Alomomola\n|-resisted|p1a: Alomomola\n|-damage|p1a: Alomomola|43/100 brn\n|move|p1a: Alomomola|Flip Turn|p2a: Walking Wake\n|-resisted|p2a: Walking Wake\n|-damage|p2a: Walking Wake|74/100\n|\n|t:|1782544417\n|switch|p1a: Corviknight|Corviknight, F|3/100|[from] Flip Turn\n|-ability|p1a: Corviknight|Pressure\n|\n|upkeep\n|turn|39\n|\n|t:|1782544418\n|switch|p1a: Alomomola|Alomomola, M|77/100 brn\n|move|p2a: Walking Wake|Flamethrower|p1a: Alomomola\n|-resisted|p1a: Alomomola\n|-damage|p1a: Alomomola|66/100 brn\n|\n|-damage|p1a: Alomomola|60/100 brn|[from] brn\n|upkeep\n|turn|40\n|\n|t:|1782544420\n|move|p2a: Walking Wake|Flamethrower|p1a: Alomomola\n|-resisted|p1a: Alomomola\n|-damage|p1a: Alomomola|49/100 brn\n|move|p1a: Alomomola|Flip Turn|p2a: Walking Wake\n|-resisted|p2a: Walking Wake\n|-damage|p2a: Walking Wake|72/100\n|\n|t:|1782544421\n|switch|p1a: Corviknight|Corviknight, F|3/100|[from] Flip Turn\n|-ability|p1a: Corviknight|Pressure\n|\n|upkeep\n|turn|41\n|\n|t:|1782544422\n|switch|p1a: Alomomola|Alomomola, M|83/100 brn\n|move|p2a: Walking Wake|Flamethrower|p1a: Alomomola\n|-resisted|p1a: Alomomola\n|-crit|p1a: Alomomola\n|-damage|p1a: Alomomola|67/100 brn\n|\n|-damage|p1a: Alomomola|61/100 brn|[from] brn\n|upkeep\n|turn|42\n|\n|t:|1782544423\n|move|p2a: Walking Wake|Flamethrower|p1a: Alomomola\n|-resisted|p1a: Alomomola\n|-damage|p1a: Alomomola|51/100 brn\n|move|p1a: Alomomola|Flip Turn|p2a: Walking Wake\n|-resisted|p2a: Walking Wake\n|-damage|p2a: Walking Wake|70/100\n|\n|t:|1782544425\n|switch|p1a: Corviknight|Corviknight, F|3/100|[from] Flip Turn\n|-ability|p1a: Corviknight|Pressure\n|\n|upkeep\n|turn|43\n|\n|t:|1782544426\n|switch|p1a: Alomomola|Alomomola, M|84/100 brn\n|move|p2a: Walking Wake|Flamethrower|p1a: Alomomola\n|-resisted|p1a: Alomomola\n|-damage|p1a: Alomomola|74/100 brn\n|\n|-damage|p1a: Alomomola|67/100 brn|[from] brn\n|upkeep\n|turn|44\n|\n|t:|1782544427\n|move|p2a: Walking Wake|Flamethrower|p1a: Alomomola\n|-resisted|p1a: Alomomola\n|-damage|p1a: Alomomola|55/100 brn\n|move|p1a: Alomomola|Flip Turn|p2a: Walking Wake\n|-resisted|p2a: Walking Wake\n|-crit|p2a: Walking Wake\n|-damage|p2a: Walking Wake|67/100\n|\n|t:|1782544430\n|switch|p1a: Corviknight|Corviknight, F|3/100|[from] Flip Turn\n|-ability|p1a: Corviknight|Pressure\n|\n|upkeep\n|turn|45\n|\n|t:|1782544431\n|switch|p1a: Alomomola|Alomomola, M|89/100 brn\n|move|p2a: Walking Wake|Flamethrower|p1a: Alomomola\n|-resisted|p1a: Alomomola\n|-damage|p1a: Alomomola|78/100 brn\n|\n|-damage|p1a: Alomomola|72/100 brn|[from] brn\n|upkeep\n|turn|46\n|\n|t:|1782544433\n|move|p2a: Walking Wake|Flamethrower|p1a: Alomomola\n|-resisted|p1a: Alomomola\n|-damage|p1a: Alomomola|60/100 brn\n|move|p1a: Alomomola|Flip Turn|p2a: Walking Wake\n|-resisted|p2a: Walking Wake\n|-damage|p2a: Walking Wake|65/100\n|\n|t:|1782544435\n|switch|p1a: Corviknight|Corviknight, F|3/100|[from] Flip Turn\n|-ability|p1a: Corviknight|Pressure\n|\n|upkeep\n|turn|47\n|\n|t:|1782544436\n|switch|p1a: Alomomola|Alomomola, M|93/100 brn\n|move|p2a: Walking Wake|Flamethrower|p1a: Alomomola\n|-resisted|p1a: Alomomola\n|-damage|p1a: Alomomola|82/100 brn\n|\n|-damage|p1a: Alomomola|76/100 brn|[from] brn\n|upkeep\n|turn|48\n|\n|t:|1782544438\n|move|p2a: Walking Wake|Flamethrower|p1a: Alomomola\n|-resisted|p1a: Alomomola\n|-damage|p1a: Alomomola|65/100 brn\n|move|p1a: Alomomola|Flip Turn|p2a: Walking Wake\n|-resisted|p2a: Walking Wake\n|-damage|p2a: Walking Wake|62/100\n|\n|t:|1782544440\n|switch|p1a: Corviknight|Corviknight, F|3/100|[from] Flip Turn\n|-ability|p1a: Corviknight|Pressure\n|\n|upkeep\n|turn|49\n|\n|t:|1782544441\n|switch|p1a: Alomomola|Alomomola, M|98/100 brn\n|move|p2a: Walking Wake|Flamethrower|p1a: Alomomola\n|-resisted|p1a: Alomomola\n|-damage|p1a: Alomomola|88/100 brn\n|\n|-damage|p1a: Alomomola|82/100 brn|[from] brn\n|upkeep\n|turn|50\n|\n|t:|1782544443\n|move|p2a: Walking Wake|Flamethrower|p1a: Alomomola\n|-resisted|p1a: Alomomola\n|-damage|p1a: Alomomola|71/100 brn\n|move|p1a: Alomomola|Flip Turn|p2a: Walking Wake\n|-resisted|p2a: Walking Wake\n|-damage|p2a: Walking Wake|60/100\n|\n|t:|1782544445\n|switch|p1a: Corviknight|Corviknight, F|3/100|[from] Flip Turn\n|-ability|p1a: Corviknight|Pressure\n|\n|upkeep\n|turn|51\n|\n|t:|1782544446\n|switch|p1a: Alomomola|Alomomola, M|100/100 brn\n|move|p2a: Walking Wake|Flamethrower|p1a: Alomomola\n|-resisted|p1a: Alomomola\n|-damage|p1a: Alomomola|89/100 brn\n|\n|-damage|p1a: Alomomola|83/100 brn|[from] brn\n|upkeep\n|turn|52\n|\n|t:|1782544448\n|-end|p2a: Walking Wake|Protosynthesis|[silent]\n|switch|p2a: Ogerpon|Ogerpon-Wellspring-Tera, F, tera:Water|15/100\n|-ability|p2a: Ogerpon|Embody Aspect (Wellspring)|boost\n|-boost|p2a: Ogerpon|spd|1\n|move|p1a: Alomomola|Flip Turn|p2a: Ogerpon\n|-resisted|p2a: Ogerpon\n|-damage|p2a: Ogerpon|10/100\n|\n|t:|1782544453\n|switch|p1a: Zamazenta|Zamazenta|100/100|[from] Flip Turn\n|\n|upkeep\n|turn|53\n|\n|t:|1782544455\n|switch|p2a: Torkoal|Torkoal, F|3/100\n|-weather|SunnyDay|[from] ability: Drought|[of] p2a: Torkoal\n|move|p1a: Zamazenta|Body Press|p2a: Torkoal\n|-damage|p2a: Torkoal|0 fnt\n|faint|p2a: Torkoal\n|\n|-weather|SunnyDay|[upkeep]\n|upkeep\n|\n|t:|1782544456\n|switch|p2a: Walking Wake|Walking Wake|60/100\n|-activate|p2a: Walking Wake|ability: Protosynthesis\n|-start|p2a: Walking Wake|protosynthesisspe\n|turn|54\n|\n|t:|1782544458\n|switch|p1a: Alomomola|Alomomola, M|100/100 brn\n|move|p2a: Walking Wake|Hydro Steam|p1a: Alomomola\n|-resisted|p1a: Alomomola\n|-damage|p1a: Alomomola|79/100 brn\n|\n|-weather|SunnyDay|[upkeep]\n|-damage|p1a: Alomomola|72/100 brn|[from] brn\n|upkeep\n|turn|55\n|\n|t:|1782544460\n|move|p2a: Walking Wake|Hydro Steam|p1a: Alomomola\n|-resisted|p1a: Alomomola\n|-damage|p1a: Alomomola|52/100 brn\n|move|p1a: Alomomola|Mirror Coat|p2a: Walking Wake\n|-damage|p2a: Walking Wake|0 fnt\n|faint|p2a: Walking Wake\n|-end|p2a: Walking Wake|Protosynthesis|[silent]\n|\n|-weather|SunnyDay|[upkeep]\n|-damage|p1a: Alomomola|45/100 brn|[from] brn\n|upkeep\n|\n|t:|1782544461\n|switch|p2a: No Lando Plz|Tyranitar, M, shiny|100/100\n|-weather|Sandstorm|[from] ability: Sand Stream|[of] p2a: No Lando Plz\n|turn|56\n|\n|t:|1782544467\n|move|p2a: No Lando Plz|Thunder Wave||[still]\n|-fail|p2a: No Lando Plz\n|move|p1a: Alomomola|Flip Turn|p2a: No Lando Plz\n|-supereffective|p2a: No Lando Plz\n|-damage|p2a: No Lando Plz|87/100\n|\n|t:|1782544469\n|switch|p1a: Zamazenta|Zamazenta|100/100|[from] Flip Turn\n|\n|-weather|Sandstorm|[upkeep]\n|-damage|p1a: Zamazenta|94/100|[from] Sandstorm\n|-heal|p1a: Zamazenta|100/100|[from] item: Leftovers\n|upkeep\n|turn|57\n|\n|t:|1782544470\n|switch|p2a: Ogerpon|Ogerpon-Wellspring-Tera, F, tera:Water|10/100\n|-ability|p2a: Ogerpon|Embody Aspect (Wellspring)|boost\n|-boost|p2a: Ogerpon|spd|1\n|move|p1a: Zamazenta|Body Press|p2a: Ogerpon\n|-damage|p2a: Ogerpon|0 fnt\n|faint|p2a: Ogerpon\n|detailschange|p2: Ogerpon|Ogerpon-Wellspring, F|[silent]\n|\n|-weather|Sandstorm|[upkeep]\n|-damage|p1a: Zamazenta|94/100|[from] Sandstorm\n|-heal|p1a: Zamazenta|100/100|[from] item: Leftovers\n|upkeep\n|\n|t:|1782544472\n|switch|p2a: No Hazards for You|Excadrill, F, shiny|100/100\n|turn|58\n|\n|t:|1782544474\n|move|p2a: No Hazards for You|Iron Head|p1a: Zamazenta\n|-damage|p1a: Zamazenta|45/100\n|cant|p1a: Zamazenta|flinch\n|\n|-weather|Sandstorm|[upkeep]\n|-damage|p1a: Zamazenta|39/100|[from] Sandstorm\n|-heal|p1a: Zamazenta|45/100|[from] item: Leftovers\n|upkeep\n|turn|59\n|\n|t:|1782544481\n|switch|p1a: Corviknight|Corviknight, F|3/100\n|-ability|p1a: Corviknight|Pressure\n|move|p2a: No Hazards for You|Iron Head|p1a: Corviknight\n|-resisted|p1a: Corviknight\n|-damage|p1a: Corviknight|0 fnt\n|faint|p1a: Corviknight\n|\n|-weather|Sandstorm|[upkeep]\n|upkeep\n|\n|t:|1782544483\n|switch|p1a: Alomomola|Alomomola, M|79/100 brn\n|turn|60\n|\n|t:|1782544485\n|move|p2a: No Hazards for You|Iron Head|p1a: Alomomola\n|-resisted|p1a: Alomomola\n|-damage|p1a: Alomomola|52/100 brn\n|move|p1a: Alomomola|Scald|p2a: No Hazards for You\n|-supereffective|p2a: No Hazards for You\n|-damage|p2a: No Hazards for You|64/100\n|-status|p2a: No Hazards for You|brn\n|\n|-weather|none\n|-damage|p2a: No Hazards for You|58/100 brn|[from] brn\n|-damage|p1a: Alomomola|46/100 brn|[from] brn\n|upkeep\n|turn|61\n|\n|t:|1782544487\n|move|p2a: No Hazards for You|Iron Head|p1a: Alomomola\n|-resisted|p1a: Alomomola\n|-damage|p1a: Alomomola|34/100 brn\n|cant|p1a: Alomomola|flinch\n|\n|-damage|p2a: No Hazards for You|52/100 brn|[from] brn\n|-damage|p1a: Alomomola|27/100 brn|[from] brn\n|upkeep\n|turn|62\n|\n|t:|1782544490\n|move|p2a: No Hazards for You|Iron Head|p1a: Alomomola\n|-resisted|p1a: Alomomola\n|-damage|p1a: Alomomola|15/100 brn\n|move|p1a: Alomomola|Flip Turn|p2a: No Hazards for You\n|-supereffective|p2a: No Hazards for You\n|-damage|p2a: No Hazards for You|30/100 brn\n|\n|t:|1782544492\n|switch|p1a: Excadrill|Excadrill, F|88/100 brn|[from] Flip Turn\n|-item|p1a: Excadrill|Air Balloon\n|\n|-damage|p1a: Excadrill|82/100 brn|[from] brn\n|-damage|p2a: No Hazards for You|24/100 brn|[from] brn\n|upkeep\n|turn|63\n|\n|t:|1782544494\n|move|p1a: Excadrill|Earthquake|p2a: No Hazards for You\n|-supereffective|p2a: No Hazards for You\n|-damage|p2a: No Hazards for You|0 fnt\n|faint|p2a: No Hazards for You\n|\n|-damage|p1a: Excadrill|76/100 brn|[from] brn\n|upkeep\n|\n|t:|1782544496\n|switch|p2a: No Lando Plz|Tyranitar, M, shiny|87/100\n|-weather|Sandstorm|[from] ability: Sand Stream|[of] p2a: No Lando Plz\n|turn|64\n|\n|t:|1782544498\n|move|p1a: Excadrill|Earthquake|p2a: No Lando Plz\n|-supereffective|p2a: No Lando Plz\n|-damage|p2a: No Lando Plz|39/100\n|move|p2a: No Lando Plz|Ice Beam|p1a: Excadrill\n|-damage|p1a: Excadrill|49/100 brn\n|-enditem|p1a: Excadrill|Air Balloon\n|\n|-weather|Sandstorm|[upkeep]\n|-damage|p1a: Excadrill|43/100 brn|[from] brn\n|upkeep\n|turn|65\n|\n|t:|1782544501\n|switch|p2a: Hurricane Spam|Pelipper, M, shiny|2/100\n|-weather|RainDance|[from] ability: Drizzle|[of] p2a: Hurricane Spam\n|move|p1a: Excadrill|Earthquake|p2a: Hurricane Spam\n|-immune|p2a: Hurricane Spam\n|\n|-weather|RainDance|[upkeep]\n|-damage|p1a: Excadrill|37/100 brn|[from] brn\n|upkeep\n|turn|66\n|\n|t:|1782544503\n|switch|p2a: No Lando Plz|Tyranitar, M, shiny|39/100\n|-weather|Sandstorm|[from] ability: Sand Stream|[of] p2a: No Lando Plz\n|move|p1a: Excadrill|Rapid Spin|p2a: No Lando Plz\n|-resisted|p2a: No Lando Plz\n|-damage|p2a: No Lando Plz|35/100\n|-boost|p1a: Excadrill|spe|1\n|\n|-weather|Sandstorm|[upkeep]\n|-damage|p1a: Excadrill|31/100 brn|[from] brn\n|upkeep\n|turn|67\n|\n|t:|1782544506\n|move|p1a: Excadrill|Earthquake|p2a: No Lando Plz\n|-supereffective|p2a: No Lando Plz\n|-damage|p2a: No Lando Plz|0 fnt\n|faint|p2a: No Lando Plz\n|\n|-weather|Sandstorm|[upkeep]\n|-damage|p1a: Excadrill|25/100 brn|[from] brn\n|upkeep\n|\n|t:|1782544507\n|switch|p2a: Hurricane Spam|Pelipper, M, shiny|2/100\n|-weather|RainDance|[from] ability: Drizzle|[of] p2a: Hurricane Spam\n|turn|68\n|\n|t:|1782544508\n|move|p1a: Excadrill|Rapid Spin|p2a: Hurricane Spam\n|-damage|p2a: Hurricane Spam|0 fnt\n|-boost|p1a: Excadrill|spe|1\n|faint|p2a: Hurricane Spam\n|\n|win|Kvnshasa\n|raw|Kvnshasa's rating: 1712 &rarr; <strong>1732</strong><br />(+20 for winning)\n|raw|LowEL0God's rating: 1706 &rarr; <strong>1686</strong><br />(-20 for losing)\n|l|☆Kvnshasa\n|player|p1|\n|l|☆LowEL0God\n|player|p2|\n", "uploadtime": 1782544691, "views": 18, "formatid": "gen9ou", "rating": 1686, "private": 0, "password": null}