{"id": "gen9ou-2647776241", "format": "[Gen 9] OU", "players": ["Kogasscarf", "Jsparxs"], "log": "|j|☆Kogasscarf\n|j|☆Jsparxs\n|t:|1783810645\n|gametype|singles\n|player|p1|Kogasscarf|koga|1452\n|player|p2|Jsparxs|169|1503\n|gen|9\n|tier|[Gen 9] OU\n|rated|\n|rule|HP Percentage Mod: HP is shown in percentages\n|rule|Endless Battle Clause: Forcing endless battles is banned\n|rule|Species Clause: Limit one of each Pokémon\n|rule|OHKO Clause: OHKO moves are banned\n|rule|Evasion Items Clause: Evasion items are banned\n|rule|Evasion Moves Clause: Evasion moves are banned\n|rule|Evasion Abilities Clause: Evasion abilities are banned\n|rule|Sleep Moves Clause: Sleep-inducing moves are banned\n|clearpoke\n|poke|p1|Ogerpon-Wellspring, F|\n|poke|p1|Zamazenta-*|\n|poke|p1|Latios, M|\n|poke|p1|Darkrai|\n|poke|p1|Great Tusk|\n|poke|p1|Enamorus, F|\n|poke|p2|Great Tusk|\n|poke|p2|Zamazenta-*|\n|poke|p2|Iron Valiant|\n|poke|p2|Gallade, M|\n|poke|p2|Kommo-o, M|\n|poke|p2|Okidogi, M|\n|teampreview\n|inactive|Battle timer is ON: inactive players will automatically lose when time's up. (requested by Kogasscarf)\n|\n|t:|1783810668\n|teamsize|p1|6\n|teamsize|p2|6\n|start\n|switch|p1a: Zamazenta|Zamazenta|100/100\n|switch|p2a: Gallade|Gallade, M|100/100\n|-ability|p1a: Zamazenta|Dauntless Shield|boost\n|-boost|p1a: Zamazenta|def|1\n|turn|1\n|\n|t:|1783810675\n|switch|p2a: Iron Valiant|Iron Valiant|100/100\n|-enditem|p2a: Iron Valiant|Booster Energy\n|-activate|p2a: Iron Valiant|ability: Quark Drive|[fromitem]\n|-start|p2a: Iron Valiant|quarkdrivespe\n|move|p1a: Zamazenta|Reflect|p1a: Zamazenta\n|-sidestart|p1: Kogasscarf|Reflect\n|\n|upkeep\n|turn|2\n|\n|t:|1783810682\n|move|p2a: Iron Valiant|Moonblast|p1a: Zamazenta\n|-supereffective|p1a: Zamazenta\n|-damage|p1a: Zamazenta|31/100\n|move|p1a: Zamazenta|Light Screen|p1a: Zamazenta\n|-sidestart|p1: Kogasscarf|move: Light Screen\n|\n|upkeep\n|turn|3\n|\n|t:|1783810689\n|move|p2a: Iron Valiant|Moonblast|p1a: Zamazenta\n|-supereffective|p1a: Zamazenta\n|-damage|p1a: Zamazenta|0 fnt\n|faint|p1a: Zamazenta\n|\n|upkeep\n|\n|t:|1783810695\n|switch|p1a: Ogerpon|Ogerpon-Wellspring, F|100/100\n|turn|4\n|\n|t:|1783810699\n|-terastallize|p1a: Ogerpon|Water\n|detailschange|p1a: Ogerpon|Ogerpon-Wellspring-Tera, F, tera:Water\n|-ability|p1a: Ogerpon|Embody Aspect (Wellspring)|boost\n|-boost|p1a: Ogerpon|spd|1\n|move|p2a: Iron Valiant|Destiny Bond|p2a: Iron Valiant\n|-singlemove|p2a: Iron Valiant|Destiny Bond\n|move|p1a: Ogerpon|Swords Dance|p1a: Ogerpon\n|-boost|p1a: Ogerpon|atk|2\n|\n|upkeep\n|turn|5\n|\n|t:|1783810709\n|move|p2a: Iron Valiant|Thunderbolt|p1a: Ogerpon\n|-supereffective|p1a: Ogerpon\n|-damage|p1a: Ogerpon|78/100\n|move|p1a: Ogerpon|Swords Dance|p1a: Ogerpon\n|-boost|p1a: Ogerpon|atk|2\n|\n|upkeep\n|turn|6\n|\n|t:|1783810715\n|move|p2a: Iron Valiant|Thunderbolt|p1a: Ogerpon\n|-supereffective|p1a: Ogerpon\n|-damage|p1a: Ogerpon|53/100\n|-status|p1a: Ogerpon|par\n|move|p1a: Ogerpon|Swords Dance|p1a: Ogerpon\n|-boost|p1a: Ogerpon|atk|2\n|\n|upkeep\n|turn|7\n|\n|t:|1783810723\n|move|p2a: Iron Valiant|Destiny Bond|p2a: Iron Valiant\n|-singlemove|p2a: Iron Valiant|Destiny Bond\n|move|p1a: Ogerpon|Swords Dance|p1a: Ogerpon\n|-boost|p1a: Ogerpon|atk|0\n|\n|upkeep\n|turn|8\n|\n|t:|1783810731\n|move|p2a: Iron Valiant|Thunderbolt|p1a: Ogerpon\n|-supereffective|p1a: Ogerpon\n|-damage|p1a: Ogerpon|30/100 par\n|move|p1a: Ogerpon|Horn Leech|p2a: Iron Valiant\n|-damage|p2a: Iron Valiant|0 fnt\n|-heal|p1a: Ogerpon|78/100 par|[from] drain|[of] p2a: Iron Valiant\n|faint|p2a: Iron Valiant\n|-end|p2a: Iron Valiant|Quark Drive|[silent]\n|\n|-sideend|p1: Kogasscarf|Reflect\n|upkeep\n|inactive|Jsparxs has 120 seconds left.\n|\n|t:|1783810767\n|switch|p2a: Great Tusk|Great Tusk|100/100\n|-enditem|p2a: Great Tusk|Booster Energy\n|-activate|p2a: Great Tusk|ability: Protosynthesis|[fromitem]\n|-start|p2a: Great Tusk|protosynthesisatk\n|turn|9\n|inactive|Jsparxs has 120 seconds left.\n|\n|t:|1783810775\n|move|p2a: Great Tusk|Close Combat|p1a: Ogerpon\n|-damage|p1a: Ogerpon|0 fnt\n|-unboost|p2a: Great Tusk|def|1\n|-unboost|p2a: Great Tusk|spd|1\n|faint|p1a: Ogerpon\n|detailschange|p1: Ogerpon|Ogerpon-Wellspring, F|[silent]\n|\n|-sideend|p1: Kogasscarf|move: Light Screen\n|upkeep\n|\n|t:|1783810794\n|switch|p1a: Enamorus|Enamorus, F|100/100\n|turn|10\n|\n|t:|1783810801\n|switch|p1a: Great Tusk|Great Tusk|100/100\n|move|p2a: Great Tusk|Rapid Spin|p1a: Great Tusk\n|-damage|p1a: Great Tusk|86/100\n|-boost|p2a: Great Tusk|spe|1\n|\n|upkeep\n|turn|11\n|\n|t:|1783810809\n|move|p2a: Great Tusk|Stealth Rock|p1a: Great Tusk\n|-sidestart|p1: Kogasscarf|move: Stealth Rock\n|move|p1a: Great Tusk|Bulk Up|p1a: Great Tusk\n|-boost|p1a: Great Tusk|atk|1\n|-boost|p1a: Great Tusk|def|1\n|\n|upkeep\n|turn|12\n|\n|t:|1783810817\n|move|p2a: Great Tusk|Headlong Rush|p1a: Great Tusk\n|-damage|p1a: Great Tusk|51/100\n|-unboost|p2a: Great Tusk|def|1\n|-unboost|p2a: Great Tusk|spd|1\n|move|p1a: Great Tusk|Rapid Spin|p2a: Great Tusk\n|-damage|p2a: Great Tusk|57/100\n|-boost|p1a: Great Tusk|spe|1\n|-sideend|p1: Kogasscarf|Stealth Rock|[from] move: Rapid Spin|[of] p1a: Great Tusk\n|\n|upkeep\n|turn|13\n|\n|t:|1783810824\n|move|p2a: Great Tusk|Close Combat|p1a: Great Tusk\n|-damage|p1a: Great Tusk|15/100\n|-unboost|p2a: Great Tusk|def|1\n|-unboost|p2a: Great Tusk|spd|1\n|move|p1a: Great Tusk|Rapid Spin|p2a: Great Tusk\n|-damage|p2a: Great Tusk|3/100\n|-boost|p1a: Great Tusk|spe|1\n|\n|upkeep\n|turn|14\n|\n|t:|1783810830\n|move|p2a: Great Tusk|Close Combat|p1a: Great Tusk\n|-damage|p1a: Great Tusk|0 fnt\n|-unboost|p2a: Great Tusk|def|1\n|-unboost|p2a: Great Tusk|spd|1\n|faint|p1a: Great Tusk\n|-end|p1a: Great Tusk|Protosynthesis|[silent]\n|\n|upkeep\n|\n|t:|1783810847\n|switch|p1a: Enamorus|Enamorus, F|100/100\n|turn|15\n|\n|t:|1783810868\n|move|p1a: Enamorus|Moonblast|p2a: Great Tusk\n|-supereffective|p2a: Great Tusk\n|-damage|p2a: Great Tusk|0 fnt\n|faint|p2a: Great Tusk\n|-end|p2a: Great Tusk|Protosynthesis|[silent]\n|\n|upkeep\n|\n|t:|1783810873\n|switch|p2a: Gallade|Gallade, M|100/100\n|turn|16\n|\n|t:|1783810892\n|move|p1a: Enamorus|Moonblast|p2a: Gallade\n|-supereffective|p2a: Gallade\n|-damage|p2a: Gallade|29/100\n|move|p2a: Gallade|Triple Axel|p1a: Enamorus\n|-supereffective|p1a: Enamorus\n|-damage|p1a: Enamorus|75/100\n|-supereffective|p1a: Enamorus\n|-damage|p1a: Enamorus|24/100\n|-supereffective|p1a: Enamorus\n|-crit|p1a: Enamorus\n|-damage|p1a: Enamorus|0 fnt\n|faint|p1a: Enamorus\n|-hitcount|p1: Enamorus|3\n|\n|upkeep\n|inactive|Kogasscarf has 120 seconds left.\n|\n|t:|1783810903\n|switch|p1a: Darkrai|Darkrai|100/100\n|turn|17\n|inactive|Kogasscarf has 120 seconds left.\n|\n|t:|1783810913\n|move|p1a: Darkrai|Ice Beam|p2a: Gallade\n|-damage|p2a: Gallade|0 fnt\n|faint|p2a: Gallade\n|\n|upkeep\n|\n|t:|1783810920\n|switch|p2a: Okidogi|Okidogi, M|100/100\n|turn|18\n|\n|t:|1783810925\n|move|p1a: Darkrai|Ice Beam|p2a: Okidogi\n|-damage|p2a: Okidogi|55/100\n|move|p2a: Okidogi|Knock Off|p1a: Darkrai\n|-resisted|p1a: Darkrai\n|-damage|p1a: Darkrai|77/100\n|-enditem|p1a: Darkrai|Choice Specs|[from] move: Knock Off|[of] p2a: Okidogi\n|\n|upkeep\n|turn|19\n|\n|t:|1783810929\n|move|p1a: Darkrai|Ice Beam|p2a: Okidogi\n|-damage|p2a: Okidogi|21/100\n|move|p2a: Okidogi|Drain Punch|p1a: Darkrai\n|-supereffective|p1a: Darkrai\n|-damage|p1a: Darkrai|0 fnt\n|-heal|p2a: Okidogi|50/100|[from] drain|[of] p1a: Darkrai\n|faint|p1a: Darkrai\n|\n|upkeep\n|\n|t:|1783810934\n|switch|p1a: Latios|Latios, M|100/100\n|turn|20\n|\n|t:|1783810941\n|move|p1a: Latios|Calm Mind|p1a: Latios\n|-boost|p1a: Latios|spa|1\n|-boost|p1a: Latios|spd|1\n|move|p2a: Okidogi|Knock Off|p1a: Latios\n|-supereffective|p1a: Latios\n|-damage|p1a: Latios|0 fnt\n|-enditem|p1a: Latios|Weakness Policy|[from] move: Knock Off|[of] p2a: Okidogi\n|faint|p1a: Latios\n|\n|win|Jsparxs\n|raw|Kogasscarf's rating: 1452 &rarr; <strong>1435</strong><br />(-17 for losing)\n|raw|Jsparxs's rating: 1503 &rarr; <strong>1520</strong><br />(+17 for winning)\n|l|☆Kogasscarf\n|player|p1|\n|l|☆Jsparxs\n|player|p2|\n", "uploadtime": 1783811195, "views": 18, "formatid": "gen9ou", "rating": 1435, "private": 0, "password": null}