{"id": "gen9ou-2639288680", "format": "[Gen 9] OU", "players": ["DNB Allstars", "TheCollageDropout"], "log": "|j|☆DNB Allstars\n|j|☆TheCollageDropout\n|t:|1782446516\n|gametype|singles\n|player|p1|DNB Allstars|skullgrunt|1543\n|player|p2|TheCollageDropout|2|1508\n|gen|9\n|tier|[Gen 9] OU\n|rated|\n|rule|HP Percentage Mod: HP is shown in percentages\n|rule|Endless Battle Clause: Forcing endless battles is banned\n|rule|Species Clause: Limit one of each Pokémon\n|rule|OHKO Clause: OHKO moves are banned\n|rule|Evasion Items Clause: Evasion items are banned\n|rule|Evasion Moves Clause: Evasion moves are banned\n|rule|Evasion Abilities Clause: Evasion abilities are banned\n|rule|Sleep Moves Clause: Sleep-inducing moves are banned\n|clearpoke\n|poke|p1|Rillaboom, F|\n|poke|p1|Ogerpon-Cornerstone, F|\n|poke|p1|Moltres|\n|poke|p1|Samurott-Hisui, F|\n|poke|p1|Gholdengo|\n|poke|p1|Great Tusk|\n|poke|p2|Gholdengo|\n|poke|p2|Garganacl, F|\n|poke|p2|Volcanion|\n|poke|p2|Great Tusk|\n|poke|p2|Zapdos|\n|poke|p2|Meowscarada, F|\n|teampreview\n|\n|t:|1782446526\n|teamsize|p1|6\n|teamsize|p2|6\n|start\n|switch|p1a: Rillaboom|Rillaboom, F|100/100\n|switch|p2a: Meowscarada|Meowscarada, F|100/100\n|-fieldstart|move: Grassy Terrain|[from] ability: Grassy Surge|[of] p1a: Rillaboom\n|turn|1\n|inactive|Battle timer is ON: inactive players will automatically lose when time's up. (requested by TheCollageDropout)\n|\n|t:|1782446534\n|switch|p1a: Moltres|Moltres|100/100\n|move|p2a: Meowscarada|U-turn|p1a: Moltres\n|-start|p2a: Meowscarada|typechange|Bug|[from] ability: Protean\n|-resisted|p1a: Moltres\n|-damage|p1a: Moltres|92/100\n|\n|t:|1782446540\n|switch|p2a: Volcanion|Volcanion|100/100|[from] U-turn\n|\n|upkeep\n|turn|2\n|\n|t:|1782446553\n|move|p1a: Moltres|U-turn|p2a: Volcanion\n|-resisted|p2a: Volcanion\n|-damage|p2a: Volcanion|94/100\n|\n|t:|1782446572\n|switch|p1a: Rillaboom|Rillaboom, F|100/100|[from] U-turn\n|move|p2a: Volcanion|Steam Eruption|p1a: Rillaboom\n|-resisted|p1a: Rillaboom\n|-damage|p1a: Rillaboom|61/100\n|\n|-heal|p1a: Rillaboom|68/100|[from] Grassy Terrain\n|-heal|p2a: Volcanion|100/100|[from] Grassy Terrain\n|upkeep\n|turn|3\n|\n|t:|1782446581\n|move|p1a: Rillaboom|U-turn|p2a: Volcanion\n|-resisted|p2a: Volcanion\n|-damage|p2a: Volcanion|89/100\n|\n|t:|1782446588\n|switch|p1a: Samurott|Samurott-Hisui, F|100/100|[from] U-turn\n|move|p2a: Volcanion|Flamethrower|p1a: Samurott\n|-resisted|p1a: Samurott\n|-damage|p1a: Samurott|61/100\n|\n|-heal|p1a: Samurott|67/100|[from] Grassy Terrain\n|-heal|p2a: Volcanion|95/100|[from] Grassy Terrain\n|upkeep\n|turn|4\n|\n|t:|1782446598\n|switch|p2a: Great Tusk|Great Tusk|100/100\n|move|p1a: Samurott|Ceaseless Edge|p2a: Great Tusk\n|-resisted|p2a: Great Tusk\n|-damage|p2a: Great Tusk|84/100\n|-sidestart|p2: TheCollageDropout|Spikes\n|\n|-heal|p1a: Samurott|73/100|[from] Grassy Terrain\n|-heal|p2a: Great Tusk|90/100|[from] Grassy Terrain\n|upkeep\n|turn|5\n|\n|t:|1782446603\n|switch|p1a: Moltres|Moltres|92/100\n|move|p2a: Great Tusk|Close Combat|p1a: Moltres\n|-resisted|p1a: Moltres\n|-damage|p1a: Moltres|72/100\n|-unboost|p2a: Great Tusk|def|1\n|-unboost|p2a: Great Tusk|spd|1\n|-status|p2a: Great Tusk|brn|[from] ability: Flame Body|[of] p1a: Moltres\n|\n|-heal|p2a: Great Tusk|96/100 brn|[from] Grassy Terrain\n|-damage|p2a: Great Tusk|90/100 brn|[from] brn\n|upkeep\n|turn|6\n|\n|t:|1782446608\n|move|p2a: Great Tusk|Rapid Spin|p1a: Moltres\n|-damage|p1a: Moltres|66/100\n|-boost|p2a: Great Tusk|spe|1\n|-sideend|p2: TheCollageDropout|Spikes|[from] move: Rapid Spin|[of] p2a: Great Tusk\n|move|p1a: Moltres|U-turn|p2a: Great Tusk\n|-resisted|p2a: Great Tusk\n|-damage|p2a: Great Tusk|82/100 brn\n|\n|t:|1782446623\n|switch|p1a: Rillaboom|Rillaboom, F|68/100|[from] U-turn\n|\n|-heal|p2a: Great Tusk|88/100 brn|[from] Grassy Terrain\n|-heal|p1a: Rillaboom|74/100|[from] Grassy Terrain\n|-damage|p2a: Great Tusk|82/100 brn|[from] brn\n|upkeep\n|turn|7\n|\n|t:|1782446630\n|move|p2a: Great Tusk|Ice Spinner|p1a: Rillaboom\n|-supereffective|p1a: Rillaboom\n|-damage|p1a: Rillaboom|45/100\n|-fieldend|move: Grassy Terrain\n|move|p1a: Rillaboom|U-turn|p2a: Great Tusk\n|-resisted|p2a: Great Tusk\n|-damage|p2a: Great Tusk|69/100 brn\n|\n|t:|1782446636\n|switch|p1a: Moltres|Moltres|66/100|[from] U-turn\n|\n|-damage|p2a: Great Tusk|63/100 brn|[from] brn\n|upkeep\n|turn|8\n|\n|t:|1782446644\n|-end|p2a: Great Tusk|Protosynthesis|[silent]\n|switch|p2a: Garganacl|Garganacl, F|100/100\n|move|p1a: Moltres|Roost|p1a: Moltres\n|-heal|p1a: Moltres|100/100\n|-singleturn|p1a: Moltres|move: Roost\n|\n|upkeep\n|turn|9\n|\n|t:|1782446648\n|move|p1a: Moltres|U-turn|p2a: Garganacl\n|-damage|p2a: Garganacl|90/100\n|\n|t:|1782446650\n|switch|p1a: Rillaboom|Rillaboom, F|45/100|[from] U-turn\n|-fieldstart|move: Grassy Terrain|[from] ability: Grassy Surge|[of] p1a: Rillaboom\n|move|p2a: Garganacl|Stealth Rock|p1a: Rillaboom\n|-sidestart|p1: DNB Allstars|move: Stealth Rock\n|\n|-heal|p1a: Rillaboom|52/100|[from] Grassy Terrain\n|-heal|p2a: Garganacl|97/100|[from] Grassy Terrain\n|-heal|p2a: Garganacl|100/100|[from] item: Leftovers\n|upkeep\n|turn|10\n|\n|t:|1782446655\n|switch|p2a: Zapdos|Zapdos|100/100\n|move|p1a: Rillaboom|Wood Hammer|p2a: Zapdos\n|-resisted|p2a: Zapdos\n|-damage|p2a: Zapdos|68/100\n|-status|p1a: Rillaboom|par|[from] ability: Static|[of] p2a: Zapdos\n|-damage|p1a: Rillaboom|41/100 par|[from] Recoil\n|\n|-heal|p1a: Rillaboom|47/100 par|[from] Grassy Terrain\n|upkeep\n|turn|11\n|\n|t:|1782446683\n|switch|p1a: Moltres|Moltres|100/100\n|move|p2a: Zapdos|U-turn|p1a: Moltres\n|-resisted|p1a: Moltres\n|-damage|p1a: Moltres|98/100\n|\n|t:|1782446689\n|switch|p2a: Garganacl|Garganacl, F|100/100|[from] U-turn\n|\n|upkeep\n|turn|12\n|\n|t:|1782446692\n|move|p1a: Moltres|U-turn|p2a: Garganacl\n|-damage|p2a: Garganacl|92/100\n|\n|t:|1782446707\n|switch|p1a: Great Tusk|Great Tusk|100/100|[from] U-turn\n|-damage|p1a: Great Tusk|98/100|[from] Stealth Rock\n|-enditem|p1a: Great Tusk|Booster Energy\n|-activate|p1a: Great Tusk|ability: Protosynthesis|[fromitem]\n|-start|p1a: Great Tusk|protosynthesisatk\n|move|p2a: Garganacl|Salt Cure|p1a: Great Tusk\n|-resisted|p1a: Great Tusk\n|-damage|p1a: Great Tusk|95/100\n|-start|p1a: Great Tusk|Salt Cure\n|\n|-heal|p1a: Great Tusk|100/100|[from] Grassy Terrain\n|-heal|p2a: Garganacl|98/100|[from] Grassy Terrain\n|-heal|p2a: Garganacl|100/100|[from] item: Leftovers\n|-damage|p1a: Great Tusk|88/100|[from] Salt Cure\n|upkeep\n|turn|13\n|inactive|TheCollageDropout has 120 seconds left.\n|\n|t:|1782446752\n|switch|p2a: Zapdos|Zapdos|68/100\n|move|p1a: Great Tusk|Ice Spinner|p2a: Zapdos\n|-supereffective|p2a: Zapdos\n|-damage|p2a: Zapdos|14/100\n|-fieldend|move: Grassy Terrain\n|\n|-damage|p1a: Great Tusk|76/100|[from] Salt Cure\n|upkeep\n|turn|14\n|\n|t:|1782446775\n|-end|p1a: Great Tusk|Protosynthesis|[silent]\n|switch|p1a: Moltres|Moltres|98/100\n|switch|p2a: Great Tusk|Great Tusk|63/100 brn\n|\n|-damage|p2a: Great Tusk|57/100 brn|[from] brn\n|upkeep\n|turn|15\n|inactive|TheCollageDropout has 120 seconds left.\n|\n|t:|1782446780\n|-end|p2a: Great Tusk|Protosynthesis|[silent]\n|switch|p2a: Zapdos|Zapdos|14/100\n|move|p1a: Moltres|Flamethrower|p2a: Zapdos\n|-damage|p2a: Zapdos|0 fnt\n|faint|p2a: Zapdos\n|\n|upkeep\n|\n|t:|1782446783\n|switch|p2a: Garganacl|Garganacl, F|100/100\n|turn|16\n|\n|t:|1782446787\n|move|p1a: Moltres|U-turn|p2a: Garganacl\n|-damage|p2a: Garganacl|91/100\n|\n|t:|1782446789\n|switch|p1a: Rillaboom|Rillaboom, F|47/100 par|[from] U-turn\n|-damage|p1a: Rillaboom|35/100 par|[from] Stealth Rock\n|-fieldstart|move: Grassy Terrain|[from] ability: Grassy Surge|[of] p1a: Rillaboom\n|move|p2a: Garganacl|Salt Cure|p1a: Rillaboom\n|-damage|p1a: Rillaboom|20/100 par\n|-start|p1a: Rillaboom|Salt Cure\n|\n|-heal|p1a: Rillaboom|26/100 par|[from] Grassy Terrain\n|-heal|p2a: Garganacl|97/100|[from] Grassy Terrain\n|-heal|p2a: Garganacl|100/100|[from] item: Leftovers\n|-damage|p1a: Rillaboom|14/100 par|[from] Salt Cure\n|upkeep\n|turn|17\n|\n|t:|1782446794\n|cant|p1a: Rillaboom|par\n|move|p2a: Garganacl|Salt Cure|p1a: Rillaboom\n|-damage|p1a: Rillaboom|2/100 par\n|\n|-heal|p1a: Rillaboom|8/100 par|[from] Grassy Terrain\n|-damage|p1a: Rillaboom|0 fnt|[from] Salt Cure\n|faint|p1a: Rillaboom\n|upkeep\n|\n|t:|1782446801\n|switch|p1a: Ogerpon|Ogerpon-Cornerstone, F|100/100\n|-damage|p1a: Ogerpon|88/100|[from] Stealth Rock\n|turn|18\n|\n|t:|1782446806\n|switch|p2a: Great Tusk|Great Tusk|57/100 brn\n|move|p1a: Ogerpon|Swords Dance|p1a: Ogerpon\n|-boost|p1a: Ogerpon|atk|2\n|\n|-heal|p1a: Ogerpon|94/100|[from] Grassy Terrain\n|-heal|p2a: Great Tusk|63/100 brn|[from] Grassy Terrain\n|-damage|p2a: Great Tusk|57/100 brn|[from] brn\n|upkeep\n|turn|19\n|\n|t:|1782446823\n|move|p1a: Ogerpon|Power Whip|p2a: Great Tusk\n|-supereffective|p2a: Great Tusk\n|-damage|p2a: Great Tusk|0 fnt\n|faint|p2a: Great Tusk\n|-end|p2a: Great Tusk|Protosynthesis|[silent]\n|\n|-heal|p1a: Ogerpon|100/100|[from] Grassy Terrain\n|upkeep\n|\n|t:|1782446837\n|switch|p2a: Meowscarada|Meowscarada, F|100/100\n|turn|20\n|\n|t:|1782446847\n|move|p2a: Meowscarada|Triple Axel|p1a: Ogerpon\n|-start|p2a: Meowscarada|typechange|Ice|[from] ability: Protean\n|-supereffective|p1a: Ogerpon\n|-damage|p1a: Ogerpon|62/100\n|-supereffective|p1a: Ogerpon\n|-damage|p1a: Ogerpon|0 fnt\n|faint|p1a: Ogerpon\n|-hitcount|p1: Ogerpon|2\n|\n|upkeep\n|\n|t:|1782446867\n|switch|p1a: Gholdengo|Gholdengo|100/100\n|-damage|p1a: Gholdengo|94/100|[from] Stealth Rock\n|-enditem|p1a: Gholdengo|Grassy Seed\n|-boost|p1a: Gholdengo|def|1|[from] item: Grassy Seed\n|turn|21\n|\n|t:|1782446873\n|switch|p2a: Volcanion|Volcanion|95/100\n|move|p1a: Gholdengo|Nasty Plot|p1a: Gholdengo\n|-boost|p1a: Gholdengo|spa|2\n|\n|-heal|p1a: Gholdengo|100/100|[from] Grassy Terrain\n|-heal|p2a: Volcanion|100/100|[from] Grassy Terrain\n|upkeep\n|turn|22\n|\n|t:|1782446897\n|-terastallize|p1a: Gholdengo|Fairy\n|move|p1a: Gholdengo|Shadow Ball|p2a: Volcanion\n|-crit|p2a: Volcanion\n|-damage|p2a: Volcanion|0 fnt\n|faint|p2a: Volcanion\n|\n|upkeep\n|\n|t:|1782446905\n|switch|p2a: Meowscarada|Meowscarada, F|100/100\n|turn|23\n|\n|t:|1782446911\n|move|p2a: Meowscarada|Flower Trick|p1a: Gholdengo\n|-start|p2a: Meowscarada|typechange|Grass|[from] ability: Protean\n|-crit|p1a: Gholdengo\n|-damage|p1a: Gholdengo|15/100\n|move|p1a: Gholdengo|Make It Rain|p2a: Meowscarada\n|-damage|p2a: Meowscarada|0 fnt\n|-unboost|p1a: Gholdengo|spa|1\n|faint|p2a: Meowscarada\n|\n|-heal|p1a: Gholdengo|21/100|[from] Grassy Terrain\n|-fieldend|move: Grassy Terrain\n|upkeep\n|\n|t:|1782446916\n|switch|p2a: Gholdengo|Gholdengo|100/100\n|turn|24\n|\n|t:|1782446919\n|move|p2a: Gholdengo|Shadow Ball|p1a: Gholdengo\n|-damage|p1a: Gholdengo|0 fnt\n|faint|p1a: Gholdengo\n|\n|upkeep\n|\n|t:|1782446922\n|switch|p1a: Samurott|Samurott-Hisui, F|73/100\n|-damage|p1a: Samurott|61/100|[from] Stealth Rock\n|turn|25\n|\n|t:|1782446930\n|move|p1a: Samurott|Ceaseless Edge|p2a: Gholdengo\n|-supereffective|p2a: Gholdengo\n|-damage|p2a: Gholdengo|5/100\n|-sidestart|p2: TheCollageDropout|Spikes\n|move|p2a: Gholdengo|Shadow Ball|p1a: Samurott\n|-resisted|p1a: Samurott\n|-damage|p1a: Samurott|25/100\n|-unboost|p1a: Samurott|spd|1\n|\n|upkeep\n|turn|26\n|\n|t:|1782446934\n|move|p1a: Samurott|Ceaseless Edge|p2a: Gholdengo\n|-supereffective|p2a: Gholdengo\n|-damage|p2a: Gholdengo|0 fnt\n|-sidestart|p2: TheCollageDropout|Spikes\n|faint|p2a: Gholdengo\n|\n|upkeep\n|\n|t:|1782446937\n|switch|p2a: Garganacl|Garganacl, F|100/100\n|-damage|p2a: Garganacl|84/100|[from] Spikes\n|turn|27\n|\n|t:|1782446946\n|switch|p1a: Great Tusk|Great Tusk|76/100\n|-damage|p1a: Great Tusk|73/100|[from] Stealth Rock\n|-terastallize|p2a: Garganacl|Fairy\n|move|p2a: Garganacl|Salt Cure|p1a: Great Tusk\n|-resisted|p1a: Great Tusk\n|-damage|p1a: Great Tusk|70/100\n|-start|p1a: Great Tusk|Salt Cure\n|\n|-heal|p2a: Garganacl|90/100|[from] item: Leftovers\n|-damage|p1a: Great Tusk|58/100|[from] Salt Cure\n|upkeep\n|turn|28\n|\n|t:|1782446955\n|move|p2a: Garganacl|Protect|p2a: Garganacl\n|-singleturn|p2a: Garganacl|Protect\n|move|p1a: Great Tusk|Headlong Rush|p2a: Garganacl\n|-activate|p2a: Garganacl|move: Protect\n|\n|-heal|p2a: Garganacl|96/100|[from] item: Leftovers\n|-damage|p1a: Great Tusk|46/100|[from] Salt Cure\n|upkeep\n|turn|29\n|\n|t:|1782446958\n|move|p1a: Great Tusk|Headlong Rush|p2a: Garganacl\n|-damage|p2a: Garganacl|55/100\n|-unboost|p1a: Great Tusk|def|1\n|-unboost|p1a: Great Tusk|spd|1\n|move|p2a: Garganacl|Recover|p2a: Garganacl\n|-heal|p2a: Garganacl|100/100\n|\n|-damage|p1a: Great Tusk|33/100|[from] Salt Cure\n|upkeep\n|turn|30\n|\n|t:|1782446961\n|move|p1a: Great Tusk|Headlong Rush|p2a: Garganacl\n|-damage|p2a: Garganacl|60/100\n|-unboost|p1a: Great Tusk|def|1\n|-unboost|p1a: Great Tusk|spd|1\n|move|p2a: Garganacl|Salt Cure|p1a: Great Tusk\n|-resisted|p1a: Great Tusk\n|-crit|p1a: Great Tusk\n|-damage|p1a: Great Tusk|26/100\n|\n|-heal|p2a: Garganacl|67/100|[from] item: Leftovers\n|-damage|p1a: Great Tusk|13/100|[from] Salt Cure\n|upkeep\n|turn|31\n|\n|t:|1782446968\n|-end|p1a: Great Tusk|Protosynthesis|[silent]\n|switch|p1a: Samurott|Samurott-Hisui, F|25/100\n|-damage|p1a: Samurott|12/100|[from] Stealth Rock\n|move|p2a: Garganacl|Recover|p2a: Garganacl\n|-heal|p2a: Garganacl|100/100\n|\n|upkeep\n|turn|32\n|\n|t:|1782446975\n|move|p1a: Samurott|Razor Shell|p2a: Garganacl\n|-damage|p2a: Garganacl|65/100\n|move|p2a: Garganacl|Salt Cure|p1a: Samurott\n|-damage|p1a: Samurott|0 fnt\n|faint|p1a: Samurott\n|\n|-heal|p2a: Garganacl|72/100|[from] item: Leftovers\n|upkeep\n|\n|t:|1782446981\n|switch|p1a: Great Tusk|Great Tusk|13/100\n|-damage|p1a: Great Tusk|10/100|[from] Stealth Rock\n|turn|33\n|\n|t:|1782446987\n|move|p1a: Great Tusk|Headlong Rush|p2a: Garganacl\n|-damage|p2a: Garganacl|28/100\n|-unboost|p1a: Great Tusk|def|1\n|-unboost|p1a: Great Tusk|spd|1\n|move|p2a: Garganacl|Recover|p2a: Garganacl\n|-heal|p2a: Garganacl|78/100\n|\n|-heal|p2a: Garganacl|85/100|[from] item: Leftovers\n|upkeep\n|turn|34\n|\n|t:|1782446994\n|move|p2a: Garganacl|Protect|p2a: Garganacl\n|-singleturn|p2a: Garganacl|Protect\n|move|p1a: Great Tusk|Headlong Rush|p2a: Garganacl\n|-activate|p2a: Garganacl|move: Protect\n|\n|-heal|p2a: Garganacl|91/100|[from] item: Leftovers\n|upkeep\n|turn|35\n|\n|t:|1782446996\n|move|p1a: Great Tusk|Headlong Rush|p2a: Garganacl\n|-damage|p2a: Garganacl|53/100\n|-unboost|p1a: Great Tusk|def|1\n|-unboost|p1a: Great Tusk|spd|1\n|move|p2a: Garganacl|Salt Cure|p1a: Great Tusk\n|-resisted|p1a: Great Tusk\n|-damage|p1a: Great Tusk|5/100\n|-start|p1a: Great Tusk|Salt Cure\n|\n|-heal|p2a: Garganacl|60/100|[from] item: Leftovers\n|-damage|p1a: Great Tusk|0 fnt|[from] Salt Cure\n|faint|p1a: Great Tusk\n|-end|p1a: Great Tusk|Protosynthesis|[silent]\n|upkeep\n|\n|t:|1782446999\n|switch|p1a: Moltres|Moltres|98/100\n|turn|36\n|\n|t:|1782447002\n|move|p1a: Moltres|Flamethrower|p2a: Garganacl\n|-damage|p2a: Garganacl|33/100\n|move|p2a: Garganacl|Salt Cure|p1a: Moltres\n|-supereffective|p1a: Moltres\n|-damage|p1a: Moltres|60/100\n|-start|p1a: Moltres|Salt Cure\n|\n|-heal|p2a: Garganacl|39/100|[from] item: Leftovers\n|-damage|p1a: Moltres|47/100|[from] Salt Cure\n|upkeep\n|turn|37\n|\n|t:|1782447007\n|move|p2a: Garganacl|Protect|p2a: Garganacl\n|-singleturn|p2a: Garganacl|Protect\n|move|p1a: Moltres|Roost|p1a: Moltres\n|-heal|p1a: Moltres|98/100\n|-singleturn|p1a: Moltres|move: Roost\n|\n|-heal|p2a: Garganacl|45/100|[from] item: Leftovers\n|-damage|p1a: Moltres|85/100|[from] Salt Cure\n|upkeep\n|turn|38\n|\n|t:|1782447009\n|move|p1a: Moltres|Flamethrower|p2a: Garganacl\n|-damage|p2a: Garganacl|18/100\n|move|p2a: Garganacl|Recover|p2a: Garganacl\n|-heal|p2a: Garganacl|68/100\n|\n|-heal|p2a: Garganacl|74/100|[from] item: Leftovers\n|-damage|p1a: Moltres|73/100|[from] Salt Cure\n|upkeep\n|turn|39\n|\n|t:|1782447017\n|move|p1a: Moltres|Flamethrower|p2a: Garganacl\n|-damage|p2a: Garganacl|47/100\n|move|p2a: Garganacl|Recover|p2a: Garganacl\n|-heal|p2a: Garganacl|97/100\n|\n|-heal|p2a: Garganacl|100/100|[from] item: Leftovers\n|-damage|p1a: Moltres|61/100|[from] Salt Cure\n|upkeep\n|turn|40\n|\n|t:|1782447021\n|move|p1a: Moltres|Flamethrower|p2a: Garganacl\n|-damage|p2a: Garganacl|77/100\n|move|p2a: Garganacl|Salt Cure|p1a: Moltres\n|-supereffective|p1a: Moltres\n|-damage|p1a: Moltres|20/100\n|\n|-heal|p2a: Garganacl|83/100|[from] item: Leftovers\n|-damage|p1a: Moltres|8/100|[from] Salt Cure\n|upkeep\n|turn|41\n|\n|t:|1782447024\n|move|p1a: Moltres|Roost|p1a: Moltres\n|-heal|p1a: Moltres|58/100\n|-singleturn|p1a: Moltres|move: Roost\n|move|p2a: Garganacl|Salt Cure|p1a: Moltres\n|-supereffective|p1a: Moltres\n|-damage|p1a: Moltres|40/100\n|\n|-heal|p2a: Garganacl|90/100|[from] item: Leftovers\n|-damage|p1a: Moltres|28/100|[from] Salt Cure\n|upkeep\n|turn|42\n|\n|t:|1782447026\n|move|p1a: Moltres|Roost|p1a: Moltres\n|-heal|p1a: Moltres|78/100\n|-singleturn|p1a: Moltres|move: Roost\n|move|p2a: Garganacl|Salt Cure|p1a: Moltres\n|-supereffective|p1a: Moltres\n|-damage|p1a: Moltres|59/100\n|\n|-heal|p2a: Garganacl|96/100|[from] item: Leftovers\n|-damage|p1a: Moltres|47/100|[from] Salt Cure\n|upkeep\n|turn|43\n|\n|t:|1782447028\n|move|p1a: Moltres|Roost|p1a: Moltres\n|-heal|p1a: Moltres|97/100\n|-singleturn|p1a: Moltres|move: Roost\n|move|p2a: Garganacl|Salt Cure|p1a: Moltres\n|-supereffective|p1a: Moltres\n|-damage|p1a: Moltres|78/100\n|\n|-heal|p2a: Garganacl|100/100|[from] item: Leftovers\n|-damage|p1a: Moltres|66/100|[from] Salt Cure\n|upkeep\n|turn|44\n|\n|t:|1782447031\n|move|p1a: Moltres|Flamethrower|p2a: Garganacl\n|-crit|p2a: Garganacl\n|-damage|p2a: Garganacl|60/100\n|move|p2a: Garganacl|Salt Cure|p1a: Moltres\n|-supereffective|p1a: Moltres\n|-damage|p1a: Moltres|27/100\n|\n|-heal|p2a: Garganacl|66/100|[from] item: Leftovers\n|-damage|p1a: Moltres|15/100|[from] Salt Cure\n|upkeep\n|turn|45\n|\n|t:|1782447035\n|move|p1a: Moltres|Roost|p1a: Moltres\n|-heal|p1a: Moltres|65/100\n|-singleturn|p1a: Moltres|move: Roost\n|move|p2a: Garganacl|Salt Cure|p1a: Moltres\n|-supereffective|p1a: Moltres\n|-damage|p1a: Moltres|44/100\n|\n|-heal|p2a: Garganacl|72/100|[from] item: Leftovers\n|-damage|p1a: Moltres|32/100|[from] Salt Cure\n|upkeep\n|turn|46\n|\n|t:|1782447037\n|move|p1a: Moltres|Roost|p1a: Moltres\n|-heal|p1a: Moltres|82/100\n|-singleturn|p1a: Moltres|move: Roost\n|move|p2a: Garganacl|Salt Cure|p1a: Moltres\n|-supereffective|p1a: Moltres\n|-damage|p1a: Moltres|61/100\n|\n|-heal|p2a: Garganacl|78/100|[from] item: Leftovers\n|-damage|p1a: Moltres|49/100|[from] Salt Cure\n|upkeep\n|turn|47\n|\n|t:|1782447040\n|move|p1a: Moltres|Roost|p1a: Moltres\n|-heal|p1a: Moltres|99/100\n|-singleturn|p1a: Moltres|move: Roost\n|move|p2a: Garganacl|Salt Cure|p1a: Moltres\n|-supereffective|p1a: Moltres\n|-damage|p1a: Moltres|79/100\n|\n|-heal|p2a: Garganacl|84/100|[from] item: Leftovers\n|-damage|p1a: Moltres|67/100|[from] Salt Cure\n|upkeep\n|turn|48\n|\n|t:|1782447042\n|move|p1a: Moltres|Flamethrower|p2a: Garganacl\n|-damage|p2a: Garganacl|60/100\n|move|p2a: Garganacl|Salt Cure|p1a: Moltres\n|-supereffective|p1a: Moltres\n|-damage|p1a: Moltres|28/100\n|\n|-heal|p2a: Garganacl|66/100|[from] item: Leftovers\n|-damage|p1a: Moltres|16/100|[from] Salt Cure\n|upkeep\n|turn|49\n|c|☆DNB Allstars|gg\n|\n|t:|1782447047\n|move|p2a: Garganacl|Protect|p2a: Garganacl\n|-singleturn|p2a: Garganacl|Protect\n|move|p1a: Moltres|Flamethrower|p2a: Garganacl\n|-activate|p2a: Garganacl|move: Protect\n|\n|-heal|p2a: Garganacl|72/100|[from] item: Leftovers\n|-damage|p1a: Moltres|3/100|[from] Salt Cure\n|upkeep\n|turn|50\n|c|☆TheCollageDropout|gg\n|\n|t:|1782447057\n|move|p1a: Moltres|Flamethrower|p2a: Garganacl\n|-damage|p2a: Garganacl|49/100\n|move|p2a: Garganacl|Salt Cure|p1a: Moltres\n|-supereffective|p1a: Moltres\n|-damage|p1a: Moltres|0 fnt\n|faint|p1a: Moltres\n|\n|win|TheCollageDropout\n|raw|DNB Allstars's rating: 1543 &rarr; <strong>1521</strong><br />(-22 for losing)\n|raw|TheCollageDropout's rating: 1508 &rarr; <strong>1530</strong><br />(+22 for winning)\n", "uploadtime": 1782447057, "views": 6, "formatid": "gen9ou", "rating": 1521, "private": 0, "password": null}