{"id": "gen9ou-2540951023", "format": "[Gen 9] OU", "players": ["ign28", "Zerotti"], "log": "|badge|p2|bronze|gen9lc|100-8\n|badge|p2|bronze|gen9doublesou|100-8\n|uhtml|medal-msg|<div class=\"broadcast-blue\">Curious what those medals under the avatar are? PS now has Ladder Seasons! For more information, check out the <a href=\"https://www.smogon.com/forums/threads/3740067/\">thread on Smogon.</a></div>\n|j|☆ign28\n|j|☆Zerotti\n|t:|1771270177\n|gametype|singles\n|player|p1|ign28|palmer|1664\n|player|p2|Zerotti|#dwcopiv|1630\n|gen|9\n|tier|[Gen 9] OU\n|rated|\n|rule|HP Percentage Mod: HP is shown in percentages\n|rule|Endless Battle Clause: Forcing endless battles is banned\n|rule|Species Clause: Limit one of each Pokémon\n|rule|OHKO Clause: OHKO moves are banned\n|rule|Evasion Items Clause: Evasion items are banned\n|rule|Evasion Moves Clause: Evasion moves are banned\n|rule|Evasion Abilities Clause: Evasion abilities are banned\n|rule|Sleep Moves Clause: Sleep-inducing moves are banned\n|clearpoke\n|poke|p1|Dragonite, F|\n|poke|p1|Heatran, F|\n|poke|p1|Pecharunt|\n|poke|p1|Ting-Lu|\n|poke|p1|Zamazenta-*|\n|poke|p1|Ogerpon-Wellspring, F|\n|poke|p2|Charizard, F|\n|poke|p2|Ninetales-Alola, M|\n|poke|p2|Scizor, F|\n|poke|p2|Maushold|\n|poke|p2|Iron Moth|\n|poke|p2|Gholdengo|\n|teampreview\n|inactive|Battle timer is ON: inactive players will automatically lose when time's up. (requested by ign28)\n|inactive|Zerotti has 120 seconds left.\n|\n|t:|1771270219\n|teamsize|p1|6\n|teamsize|p2|6\n|start\n|switch|p1a: Zamazenta|Zamazenta|100/100\n|switch|p2a: Ninetales|Ninetales-Alola, M|100/100\n|-ability|p1a: Zamazenta|Dauntless Shield|boost\n|-boost|p1a: Zamazenta|def|1\n|-weather|Snowscape|[from] ability: Snow Warning|[of] p2a: Ninetales\n|turn|1\n|\n|t:|1771270226\n|switch|p2a: Gholdengo|Gholdengo|100/100\n|move|p1a: Zamazenta|Heavy Slam|p2a: Gholdengo\n|-resisted|p2a: Gholdengo\n|-damage|p2a: Gholdengo|83/100\n|\n|-weather|Snowscape|[upkeep]\n|upkeep\n|turn|2\n|\n|t:|1771270236\n|move|p1a: Zamazenta|Crunch|p2a: Gholdengo\n|-supereffective|p2a: Gholdengo\n|-damage|p2a: Gholdengo|33/100\n|move|p2a: Gholdengo|Nasty Plot|p2a: Gholdengo\n|-boost|p2a: Gholdengo|spa|2\n|\n|-weather|Snowscape|[upkeep]\n|upkeep\n|turn|3\n|\n|t:|1771270243\n|move|p1a: Zamazenta|Crunch|p2a: Gholdengo\n|-supereffective|p2a: Gholdengo\n|-damage|p2a: Gholdengo|0 fnt\n|faint|p2a: Gholdengo\n|\n|-weather|Snowscape|[upkeep]\n|upkeep\n|\n|t:|1771270260\n|switch|p2a: Iron Moth|Iron Moth|100/100\n|-enditem|p2a: Iron Moth|Booster Energy\n|-activate|p2a: Iron Moth|ability: Quark Drive|[fromitem]\n|-start|p2a: Iron Moth|quarkdrivespe\n|turn|4\n|\n|t:|1771270265\n|switch|p1a: Ting-Lu|Ting-Lu|100/100\n|-ability|p1a: Ting-Lu|Vessel of Ruin\n|move|p2a: Iron Moth|Fiery Dance|p1a: Ting-Lu\n|-damage|p1a: Ting-Lu|84/100\n|-boost|p2a: Iron Moth|spa|1\n|\n|-weather|Snowscape|[upkeep]\n|-heal|p1a: Ting-Lu|90/100|[from] item: Leftovers\n|upkeep\n|turn|5\n|\n|t:|1771270275\n|move|p2a: Iron Moth|Energy Ball|p1a: Ting-Lu\n|-supereffective|p1a: Ting-Lu\n|-damage|p1a: Ting-Lu|48/100\n|move|p1a: Ting-Lu|Earthquake|p2a: Iron Moth\n|-supereffective|p2a: Iron Moth\n|-damage|p2a: Iron Moth|0 fnt\n|faint|p2a: Iron Moth\n|-end|p2a: Iron Moth|Quark Drive|[silent]\n|\n|-weather|none\n|-heal|p1a: Ting-Lu|55/100|[from] item: Leftovers\n|upkeep\n|\n|t:|1771270281\n|switch|p2a: Ninetales|Ninetales-Alola, M|100/100\n|-weather|Snowscape|[from] ability: Snow Warning|[of] p2a: Ninetales\n|turn|6\n|\n|t:|1771270286\n|move|p2a: Ninetales|Aurora Veil|p2a: Ninetales\n|-sidestart|p2: Zerotti|move: Aurora Veil\n|move|p1a: Ting-Lu|Spikes|p2a: Ninetales\n|-sidestart|p2: Zerotti|Spikes\n|\n|-weather|Snowscape|[upkeep]\n|-heal|p1a: Ting-Lu|61/100|[from] item: Leftovers\n|upkeep\n|turn|7\n|\n|t:|1771270297\n|switch|p2a: Scizor|Scizor, F|100/100\n|-damage|p2a: Scizor|88/100|[from] Spikes\n|switch|p1a: Heatran|Heatran, F, shiny|100/100\n|\n|-weather|Snowscape|[upkeep]\n|upkeep\n|turn|8\n|\n|t:|1771270309\n|move|p1a: Heatran|Stealth Rock|p2a: Scizor\n|-sidestart|p2: Zerotti|move: Stealth Rock\n|move|p2a: Scizor|Close Combat|p1a: Heatran\n|-supereffective|p1a: Heatran\n|-damage|p1a: Heatran|25/100\n|-unboost|p2a: Scizor|def|1\n|-unboost|p2a: Scizor|spd|1\n|\n|-weather|Snowscape|[upkeep]\n|-heal|p1a: Heatran|31/100|[from] item: Leftovers\n|upkeep\n|turn|9\n|\n|t:|1771270317\n|move|p1a: Heatran|Magma Storm|p2a: Scizor\n|-supereffective|p2a: Scizor\n|-damage|p2a: Scizor|0 fnt\n|faint|p2a: Scizor\n|\n|-weather|Snowscape|[upkeep]\n|-heal|p1a: Heatran|37/100|[from] item: Leftovers\n|upkeep\n|\n|t:|1771270319\n|switch|p2a: Maushold|Maushold|100/100\n|-damage|p2a: Maushold|88/100|[from] Spikes\n|-damage|p2a: Maushold|76/100|[from] Stealth Rock\n|turn|10\n|\n|t:|1771270329\n|move|p2a: Maushold|Tidy Up|p2a: Maushold\n|-sideend|p2: Zerotti|Spikes\n|-sideend|p2: Zerotti|Stealth Rock\n|-activate|p2a: Maushold|move: Tidy Up\n|-boost|p2a: Maushold|atk|1\n|-boost|p2a: Maushold|spe|1\n|move|p1a: Heatran|Magma Storm|p2a: Maushold|[miss]\n|-miss|p1a: Heatran|p2a: Maushold\n|\n|-weather|none\n|-heal|p1a: Heatran|43/100|[from] item: Leftovers\n|upkeep\n|turn|11\n|\n|t:|1771270337\n|move|p2a: Maushold|Bite|p1a: Heatran\n|-damage|p1a: Heatran|17/100\n|-status|p2a: Maushold|brn|[from] ability: Flame Body|[of] p1a: Heatran\n|move|p1a: Heatran|Stealth Rock|p2a: Maushold\n|-sidestart|p2: Zerotti|move: Stealth Rock\n|\n|-heal|p1a: Heatran|23/100|[from] item: Leftovers\n|-damage|p2a: Maushold|69/100 brn|[from] brn\n|upkeep\n|turn|12\n|\n|t:|1771270344\n|move|p2a: Maushold|Tidy Up|p2a: Maushold\n|-sideend|p2: Zerotti|Stealth Rock\n|-activate|p2a: Maushold|move: Tidy Up\n|-boost|p2a: Maushold|atk|1\n|-boost|p2a: Maushold|spe|1\n|move|p1a: Heatran|Magma Storm|p2a: Maushold\n|-damage|p2a: Maushold|37/100 brn\n|-activate|p2a: Maushold|move: Magma Storm|[of] p1a: Heatran\n|\n|-heal|p1a: Heatran|30/100|[from] item: Leftovers\n|-damage|p2a: Maushold|31/100 brn|[from] brn\n|-damage|p2a: Maushold|18/100 brn|[from] move: Magma Storm|[partiallytrapped]\n|upkeep\n|turn|13\n|\n|t:|1771270355\n|move|p2a: Maushold|Encore|p1a: Heatran\n|-start|p1a: Heatran|Encore\n|move|p1a: Heatran|Magma Storm|p2a: Maushold\n|-damage|p2a: Maushold|0 fnt\n|faint|p2a: Maushold\n|\n|-heal|p1a: Heatran|36/100|[from] item: Leftovers\n|-sideend|p2: Zerotti|move: Aurora Veil\n|upkeep\n|\n|t:|1771270363\n|switch|p2a: Ninetales|Ninetales-Alola, M|100/100\n|-weather|Snowscape|[from] ability: Snow Warning|[of] p2a: Ninetales\n|turn|14\n|\n|t:|1771270383\n|switch|p1a: Pecharunt|Pecharunt|100/100\n|move|p2a: Ninetales|Aurora Veil|p2a: Ninetales\n|-sidestart|p2: Zerotti|move: Aurora Veil\n|\n|-weather|Snowscape|[upkeep]\n|upkeep\n|turn|15\n|\n|t:|1771270388\n|move|p2a: Ninetales|Blizzard|p1a: Pecharunt\n|-damage|p1a: Pecharunt|67/100\n|move|p1a: Pecharunt|Nasty Plot|p1a: Pecharunt\n|-boost|p1a: Pecharunt|spa|2\n|\n|-weather|Snowscape|[upkeep]\n|upkeep\n|turn|16\n|\n|t:|1771270394\n|move|p2a: Ninetales|Encore|p1a: Pecharunt\n|-start|p1a: Pecharunt|Encore\n|move|p1a: Pecharunt|Nasty Plot|p1a: Pecharunt\n|-boost|p1a: Pecharunt|spa|2\n|\n|-weather|Snowscape|[upkeep]\n|upkeep\n|turn|17\n|\n|t:|1771270404\n|switch|p2a: Charizard|Charizard, F|100/100\n|switch|p1a: Heatran|Heatran, F, shiny|36/100\n|\n|-weather|Snowscape|[upkeep]\n|-heal|p1a: Heatran|42/100|[from] item: Leftovers\n|upkeep\n|turn|18\n|\n|t:|1771270413\n|move|p2a: Charizard|Substitute|p2a: Charizard\n|-start|p2a: Charizard|Substitute\n|-damage|p2a: Charizard|75/100\n|move|p1a: Heatran|Taunt|p2a: Charizard\n|-start|p2a: Charizard|move: Taunt\n|\n|-weather|none\n|-heal|p1a: Heatran|48/100|[from] item: Leftovers\n|upkeep\n|turn|19\n|\n|t:|1771270420\n|move|p2a: Charizard|Flame Charge|p1a: Heatran\n|-damage|p1a: Heatran|33/100\n|-boost|p2a: Charizard|spe|1\n|move|p1a: Heatran|Stealth Rock|p2a: Charizard\n|-sidestart|p2: Zerotti|move: Stealth Rock\n|\n|-heal|p1a: Heatran|40/100|[from] item: Leftovers\n|upkeep\n|turn|20\n|\n|t:|1771270434\n|switch|p1a: Ogerpon|Ogerpon-Wellspring, F|100/100\n|move|p2a: Charizard|Flame Charge|p1a: Ogerpon\n|-damage|p1a: Ogerpon|76/100\n|-boost|p2a: Charizard|spe|1\n|\n|upkeep\n|turn|21\n|\n|t:|1771270441\n|-terastallize|p2a: Charizard|Flying\n|move|p2a: Charizard|Acrobatics|p1a: Ogerpon\n|-supereffective|p1a: Ogerpon\n|-damage|p1a: Ogerpon|0 fnt\n|faint|p1a: Ogerpon\n|\n|-end|p2a: Charizard|move: Taunt\n|-sideend|p2: Zerotti|move: Aurora Veil\n|upkeep\n|\n|t:|1771270449\n|switch|p1a: Ting-Lu|Ting-Lu|61/100\n|-ability|p1a: Ting-Lu|Vessel of Ruin\n|turn|22\n|\n|t:|1771270456\n|move|p2a: Charizard|Acrobatics|p1a: Ting-Lu\n|-damage|p1a: Ting-Lu|43/100\n|move|p1a: Ting-Lu|Whirlwind|p2a: Charizard\n|drag|p2a: Ninetales|Ninetales-Alola, M|100/100\n|-damage|p2a: Ninetales|76/100|[from] Stealth Rock\n|-weather|Snowscape|[from] ability: Snow Warning|[of] p2a: Ninetales\n|\n|-weather|Snowscape|[upkeep]\n|-heal|p1a: Ting-Lu|49/100|[from] item: Leftovers\n|upkeep\n|turn|23\n|\n|t:|1771270470\n|move|p2a: Ninetales|Aurora Veil|p2a: Ninetales\n|-sidestart|p2: Zerotti|move: Aurora Veil\n|move|p1a: Ting-Lu|Whirlwind|p2a: Ninetales\n|drag|p2a: Charizard|Charizard, F, tera:Flying|75/100\n|-damage|p2a: Charizard|50/100|[from] Stealth Rock\n|-enditem|p2a: Charizard|Sitrus Berry|[eat]\n|-heal|p2a: Charizard|75/100|[from] item: Sitrus Berry\n|\n|-weather|Snowscape|[upkeep]\n|-heal|p1a: Ting-Lu|55/100|[from] item: Leftovers\n|upkeep\n|turn|24\n|\n|t:|1771270480\n|move|p2a: Charizard|Acrobatics|p1a: Ting-Lu\n|-damage|p1a: Ting-Lu|22/100\n|move|p1a: Ting-Lu|Whirlwind|p2a: Charizard\n|drag|p2a: Ninetales|Ninetales-Alola, M|76/100\n|-damage|p2a: Ninetales|51/100|[from] Stealth Rock\n|\n|-weather|Snowscape|[upkeep]\n|-heal|p1a: Ting-Lu|28/100|[from] item: Leftovers\n|upkeep\n|turn|25\n|\n|t:|1771270489\n|move|p2a: Ninetales|Blizzard|p1a: Ting-Lu\n|-supereffective|p1a: Ting-Lu\n|-damage|p1a: Ting-Lu|2/100\n|move|p1a: Ting-Lu|Whirlwind|p2a: Ninetales\n|drag|p2a: Charizard|Charizard, F, tera:Flying|75/100\n|-damage|p2a: Charizard|50/100|[from] Stealth Rock\n|\n|-weather|Snowscape|[upkeep]\n|-heal|p1a: Ting-Lu|8/100|[from] item: Leftovers\n|upkeep\n|turn|26\n|\n|t:|1771270500\n|move|p2a: Charizard|Flame Charge|p1a: Ting-Lu\n|-damage|p1a: Ting-Lu|0 fnt\n|-boost|p2a: Charizard|spe|1\n|faint|p1a: Ting-Lu\n|\n|-weather|none\n|upkeep\n|\n|t:|1771270507\n|switch|p1a: Zamazenta|Zamazenta|100/100\n|turn|27\n|\n|t:|1771270511\n|switch|p1a: Heatran|Heatran, F, shiny|40/100\n|move|p2a: Charizard|Acrobatics|p1a: Heatran\n|-resisted|p1a: Heatran\n|-damage|p1a: Heatran|19/100\n|\n|-heal|p1a: Heatran|25/100|[from] item: Leftovers\n|upkeep\n|turn|28\n|\n|t:|1771270518\n|move|p2a: Charizard|Flame Charge|p1a: Heatran\n|-damage|p1a: Heatran|10/100\n|-boost|p2a: Charizard|spe|1\n|-status|p2a: Charizard|brn|[from] ability: Flame Body|[of] p1a: Heatran\n|move|p1a: Heatran|Magma Storm|p2a: Charizard\n|-damage|p2a: Charizard|24/100 brn\n|-activate|p2a: Charizard|move: Magma Storm|[of] p1a: Heatran\n|\n|-heal|p1a: Heatran|17/100|[from] item: Leftovers\n|-damage|p2a: Charizard|18/100 brn|[from] brn\n|-damage|p2a: Charizard|5/100 brn|[from] move: Magma Storm|[partiallytrapped]\n|upkeep\n|turn|29\n|-message|Zerotti forfeited.\n|\n|win|ign28\n|raw|ign28's rating: 1664 &rarr; <strong>1682</strong><br />(+18 for winning)\n|raw|Zerotti's rating: 1630 &rarr; <strong>1612</strong><br />(-18 for losing)\n|l|☆Zerotti\n|player|p2|\n|l|☆ign28\n|player|p1|\n", "uploadtime": 1771270710, "views": 2, "formatid": "gen9ou", "rating": 1612, "private": 0, "password": null}