{"id": "gen9ou-2647810240", "format": "[Gen 9] OU", "players": ["Pablovela0510", "Aleph501!"], "log": "|j|☆Pablovela0510\n|j|☆Aleph501!\n|t:|1783816559\n|gametype|singles\n|player|p1|Pablovela0510|1|1398\n|player|p2|Aleph501!|2|1462\n|gen|9\n|tier|[Gen 9] OU\n|rated|\n|rule|HP Percentage Mod: HP is shown in percentages\n|rule|Endless Battle Clause: Forcing endless battles is banned\n|rule|Species Clause: Limit one of each Pokémon\n|rule|OHKO Clause: OHKO moves are banned\n|rule|Evasion Items Clause: Evasion items are banned\n|rule|Evasion Moves Clause: Evasion moves are banned\n|rule|Evasion Abilities Clause: Evasion abilities are banned\n|rule|Sleep Moves Clause: Sleep-inducing moves are banned\n|clearpoke\n|poke|p1|Darkrai|\n|poke|p1|Ogerpon, F|\n|poke|p1|Zamazenta-*|\n|poke|p1|Gastrodon-East, M|\n|poke|p1|Skeledirge, M|\n|poke|p1|Maushold-Four|\n|poke|p2|Dragapult, F|\n|poke|p2|Zapdos|\n|poke|p2|Glimmora, F|\n|poke|p2|Moltres|\n|poke|p2|Rotom-Wash|\n|poke|p2|Pecharunt|\n|teampreview\n|\n|t:|1783816578\n|teamsize|p1|6\n|teamsize|p2|6\n|start\n|switch|p1a: Art|Darkrai|100/100\n|switch|p2a: Glimmora|Glimmora, F|100/100\n|turn|1\n|inactive|Battle timer is ON: inactive players will automatically lose when time's up. (requested by Aleph501!)\n|\n|t:|1783816585\n|move|p1a: Art|Dark Pulse|p2a: Glimmora\n|-damage|p2a: Glimmora|76/100\n|move|p2a: Glimmora|Dazzling Gleam|p1a: Art\n|-supereffective|p1a: Art\n|-damage|p1a: Art|20/100\n|\n|upkeep\n|turn|2\n|\n|t:|1783816595\n|switch|p1a: Felipe|Gastrodon-East, M|100/100\n|move|p2a: Glimmora|Dazzling Gleam|p1a: Felipe\n|-damage|p1a: Felipe|73/100\n|\n|upkeep\n|turn|3\n|\n|t:|1783816612\n|switch|p2a: Dragapult|Dragapult, F|100/100\n|move|p1a: Felipe|Muddy Water|p2a: Dragapult|[miss]\n|-miss|p1a: Felipe|p2a: Dragapult\n|\n|upkeep\n|turn|4\n|\n|t:|1783816620\n|switch|p1a: Coco|Skeledirge, M|100/100\n|move|p2a: Dragapult|Dragon Darts|p1a: Coco\n|-damage|p1a: Coco|83/100\n|-anim|p2a: Dragapult|Dragon Darts|p1a: Coco\n|-damage|p1a: Coco|63/100\n|\n|upkeep\n|turn|5\n|\n|t:|1783816634\n|switch|p2a: Pecharunt|Pecharunt|100/100\n|switch|p1a: LaFamiliaEs1ro|Maushold-Four|100/100\n|\n|upkeep\n|turn|6\n|\n|t:|1783816641\n|switch|p1a: Felipe|Gastrodon-East, M|73/100\n|switch|p2a: Zapdos|Zapdos|100/100\n|\n|upkeep\n|turn|7\n|\n|t:|1783816652\n|switch|p2a: Dragapult|Dragapult, F|100/100\n|move|p1a: Felipe|Muddy Water|p2a: Dragapult\n|-resisted|p2a: Dragapult\n|-damage|p2a: Dragapult|73/100\n|\n|upkeep\n|turn|8\n|\n|t:|1783816660\n|switch|p1a: Fiona|Ogerpon, F|100/100\n|move|p2a: Dragapult|Dragon Darts|p1a: Fiona\n|-damage|p1a: Fiona|67/100\n|-anim|p2a: Dragapult|Dragon Darts|p1a: Fiona\n|-damage|p1a: Fiona|33/100\n|\n|upkeep\n|turn|9\n|\n|t:|1783816668\n|-terastallize|p1a: Fiona|Grass\n|detailschange|p1a: Fiona|Ogerpon-Teal-Tera, F, tera:Grass\n|-ability|p1a: Fiona|Embody Aspect (Teal)|boost\n|-boost|p1a: Fiona|spe|1\n|move|p1a: Fiona|Knock Off|p2a: Dragapult\n|-supereffective|p2a: Dragapult\n|-damage|p2a: Dragapult|0 fnt\n|-enditem|p2a: Dragapult|Heavy-Duty Boots|[from] move: Knock Off|[of] p1a: Fiona\n|faint|p2a: Dragapult\n|\n|upkeep\n|\n|t:|1783816682\n|switch|p2a: Moltres|Moltres|100/100\n|turn|10\n|\n|t:|1783816687\n|move|p1a: Fiona|Rock Tomb|p2a: Moltres\n|-supereffective|p2a: Moltres\n|-damage|p2a: Moltres|7/100\n|-unboost|p2a: Moltres|spe|1\n|move|p2a: Moltres|Flamethrower|p1a: Fiona\n|-supereffective|p1a: Fiona\n|-damage|p1a: Fiona|0 fnt\n|faint|p1a: Fiona\n|detailschange|p1: Fiona|Ogerpon, F|[silent]\n|\n|upkeep\n|\n|t:|1783816690\n|switch|p1a: Art|Darkrai|20/100\n|turn|11\n|\n|t:|1783816701\n|switch|p2a: Glimmora|Glimmora, F|76/100\n|move|p1a: Art|Dark Pulse|p2a: Glimmora\n|-damage|p2a: Glimmora|49/100\n|\n|upkeep\n|turn|12\n|\n|t:|1783816711\n|switch|p1a: Felipe|Gastrodon-East, M|73/100\n|move|p2a: Glimmora|Sludge Bomb|p1a: Felipe\n|-resisted|p1a: Felipe\n|-damage|p1a: Felipe|48/100\n|\n|upkeep\n|turn|13\n|\n|t:|1783816718\n|move|p2a: Glimmora|Mortal Spin|p1a: Felipe\n|-resisted|p1a: Felipe\n|-crit|p1a: Felipe\n|-damage|p1a: Felipe|44/100\n|move|p1a: Felipe|Recover|p1a: Felipe\n|-heal|p1a: Felipe|94/100\n|\n|upkeep\n|turn|14\n|\n|t:|1783816738\n|switch|p2a: Rotom|Rotom-Wash|100/100\n|move|p1a: Felipe|Muddy Water|p2a: Rotom\n|-resisted|p2a: Rotom\n|-damage|p2a: Rotom|78/100\n|-unboost|p2a: Rotom|accuracy|1\n|\n|-heal|p2a: Rotom|84/100|[from] item: Leftovers\n|upkeep\n|turn|15\n|\n|t:|1783816747\n|move|p2a: Rotom|Will-O-Wisp|p1a: Felipe\n|-status|p1a: Felipe|brn\n|move|p1a: Felipe|Sludge Bomb|p2a: Rotom\n|-damage|p2a: Rotom|54/100\n|\n|-heal|p2a: Rotom|60/100|[from] item: Leftovers\n|-damage|p1a: Felipe|88/100 brn|[from] brn\n|upkeep\n|turn|16\n|\n|t:|1783816758\n|switch|p2a: Pecharunt|Pecharunt|100/100\n|move|p1a: Felipe|Muddy Water|p2a: Pecharunt\n|-damage|p2a: Pecharunt|68/100\n|\n|-damage|p1a: Felipe|82/100 brn|[from] brn\n|upkeep\n|turn|17\n|\n|t:|1783816767\n|switch|p1a: LaFamiliaEs1ro|Maushold-Four|100/100\n|move|p2a: Pecharunt|Hex|p1a: LaFamiliaEs1ro\n|-immune|p1a: LaFamiliaEs1ro\n|\n|upkeep\n|turn|18\n|\n|t:|1783816773\n|move|p1a: LaFamiliaEs1ro|Encore|p2a: Pecharunt\n|-start|p2a: Pecharunt|Encore\n|move|p2a: Pecharunt|Hex|p1a: LaFamiliaEs1ro\n|-immune|p1a: LaFamiliaEs1ro\n|\n|upkeep\n|turn|19\n|\n|t:|1783816780\n|switch|p2a: Zapdos|Zapdos|100/100\n|move|p1a: LaFamiliaEs1ro|Tidy Up|p1a: LaFamiliaEs1ro\n|-boost|p1a: LaFamiliaEs1ro|atk|1\n|-boost|p1a: LaFamiliaEs1ro|spe|1\n|\n|upkeep\n|turn|20\n|\n|t:|1783816787\n|move|p1a: LaFamiliaEs1ro|Population Bomb|p2a: Zapdos\n|-damage|p2a: Zapdos|89/100\n|-damage|p2a: Zapdos|77/100\n|-damage|p2a: Zapdos|65/100\n|-damage|p2a: Zapdos|52/100\n|-damage|p2a: Zapdos|41/100\n|-status|p1a: LaFamiliaEs1ro|par|[from] ability: Static|[of] p2a: Zapdos\n|-damage|p2a: Zapdos|28/100\n|-damage|p2a: Zapdos|16/100\n|-damage|p2a: Zapdos|4/100\n|-damage|p2a: Zapdos|0 fnt\n|faint|p2a: Zapdos\n|-hitcount|p2: Zapdos|9\n|\n|upkeep\n|\n|t:|1783816809\n|switch|p2a: Moltres|Moltres|7/100\n|turn|21\n|\n|t:|1783816813\n|move|p2a: Moltres|Flamethrower|p1a: LaFamiliaEs1ro\n|-damage|p1a: LaFamiliaEs1ro|34/100 par\n|move|p1a: LaFamiliaEs1ro|Population Bomb|p2a: Moltres\n|-damage|p2a: Moltres|0 fnt\n|faint|p2a: Moltres\n|-hitcount|p2: Moltres|1\n|\n|upkeep\n|\n|t:|1783816825\n|switch|p2a: Pecharunt|Pecharunt|68/100\n|turn|22\n|\n|t:|1783816831\n|move|p2a: Pecharunt|Malignant Chain|p1a: LaFamiliaEs1ro\n|-damage|p1a: LaFamiliaEs1ro|0 fnt\n|faint|p1a: LaFamiliaEs1ro\n|\n|upkeep\n|\n|t:|1783816836\n|switch|p1a: Art|Darkrai|20/100\n|turn|23\n|\n|t:|1783816856\n|move|p1a: Art|Trick|p2a: Pecharunt\n|-activate|p1a: Art|move: Trick|[of] p2a: Pecharunt\n|-item|p2a: Pecharunt|Choice Scarf|[from] move: Trick\n|-item|p1a: Art|Assault Vest|[from] move: Trick\n|move|p2a: Pecharunt|Malignant Chain|p1a: Art\n|-damage|p1a: Art|0 fnt\n|faint|p1a: Art\n|\n|upkeep\n|\n|t:|1783816862\n|switch|p1a: Felipe|Gastrodon-East, M|82/100 brn\n|turn|24\n|\n|t:|1783816872\n|move|p2a: Pecharunt|Malignant Chain|p1a: Felipe\n|-resisted|p1a: Felipe\n|-damage|p1a: Felipe|59/100 brn\n|move|p1a: Felipe|Earth Power|p2a: Pecharunt\n|-supereffective|p2a: Pecharunt\n|-damage|p2a: Pecharunt|0 fnt\n|faint|p2a: Pecharunt\n|\n|-damage|p1a: Felipe|53/100 brn|[from] brn\n|upkeep\n|\n|t:|1783816885\n|switch|p2a: Rotom|Rotom-Wash|60/100\n|turn|25\n|\n|t:|1783816898\n|move|p2a: Rotom|Hydro Pump|p1a: Felipe\n|-ability|p1a: Felipe|Storm Drain|boost\n|-boost|p1a: Felipe|spa|1\n|move|p1a: Felipe|Recover|p1a: Felipe\n|-heal|p1a: Felipe|100/100 brn\n|\n|-heal|p2a: Rotom|66/100|[from] item: Leftovers\n|-damage|p1a: Felipe|94/100 brn|[from] brn\n|upkeep\n|turn|26\n|-message|Aleph501! forfeited.\n|\n|win|Pablovela0510\n|raw|Pablovela0510's rating: 1398 &rarr; <strong>1422</strong><br />(+24 for winning)\n|raw|Aleph501!'s rating: 1462 &rarr; <strong>1438</strong><br />(-24 for losing)\n|l|☆Aleph501!\n|player|p2|\n|l|☆Pablovela0510\n|player|p1|\n", "uploadtime": 1783817174, "views": 8, "formatid": "gen9ou", "rating": 1422, "private": 0, "password": null}