{"id": "gen9ou-2639310622", "format": "[Gen 9] OU", "players": ["Hablino", "TheRealsv"], "log": "|j|☆Hablino\n|j|☆TheRealsv\n|t:|1782450614\n|gametype|singles\n|player|p1|Hablino|schoolkid-gen4dp|1000\n|player|p2|TheRealsv|psychic-gen4|1000\n|gen|9\n|tier|[Gen 9] OU\n|rated|\n|rule|HP Percentage Mod: HP is shown in percentages\n|rule|Endless Battle Clause: Forcing endless battles is banned\n|rule|Species Clause: Limit one of each Pokémon\n|rule|OHKO Clause: OHKO moves are banned\n|rule|Evasion Items Clause: Evasion items are banned\n|rule|Evasion Moves Clause: Evasion moves are banned\n|rule|Evasion Abilities Clause: Evasion abilities are banned\n|rule|Sleep Moves Clause: Sleep-inducing moves are banned\n|clearpoke\n|poke|p1|Snorlax, M|\n|poke|p1|Dondozo, M|\n|poke|p1|Regieleki|\n|poke|p1|Pelipper, M|\n|poke|p1|Smeargle, M|\n|poke|p1|Ogerpon, F|\n|poke|p2|Oricorio, F|\n|poke|p2|Weezing-Galar, M|\n|poke|p2|Mudsdale, M|\n|poke|p2|Inteleon, M|\n|poke|p2|Bellibolt, F|\n|poke|p2|Scrafty, F|\n|teampreview\n|\n|t:|1782450622\n|teamsize|p1|6\n|teamsize|p2|6\n|start\n|switch|p1a: Ogerpon|Ogerpon, F|100/100\n|switch|p2a: Mudsdale|Mudsdale, M|100/100\n|turn|1\n|\n|t:|1782450630\n|move|p1a: Ogerpon|Ivy Cudgel|p2a: Mudsdale\n|-supereffective|p2a: Mudsdale\n|-damage|p2a: Mudsdale|40/100\n|-ability|p2a: Mudsdale|Stamina|boost\n|-boost|p2a: Mudsdale|def|1\n|move|p2a: Mudsdale|Stealth Rock|p1a: Ogerpon\n|-sidestart|p1: Hablino|move: Stealth Rock\n|\n|-heal|p2a: Mudsdale|46/100|[from] item: Leftovers\n|upkeep\n|turn|2\n|\n|t:|1782450643\n|switch|p2a: Oricorio|Oricorio, F|100/100\n|move|p1a: Ogerpon|Ivy Cudgel|p2a: Oricorio\n|-resisted|p2a: Oricorio\n|-crit|p2a: Oricorio\n|-damage|p2a: Oricorio|75/100\n|\n|upkeep\n|turn|3\n|\n|t:|1782450652\n|move|p1a: Ogerpon|Knock Off|p2a: Oricorio\n|-damage|p2a: Oricorio|31/100\n|-enditem|p2a: Oricorio|Heavy-Duty Boots|[from] move: Knock Off|[of] p1a: Ogerpon\n|move|p2a: Oricorio|Air Slash|p1a: Ogerpon\n|-supereffective|p1a: Ogerpon\n|-damage|p1a: Ogerpon|26/100\n|\n|-heal|p1a: Ogerpon|32/100|[from] item: Leftovers\n|upkeep\n|turn|4\n|j| Clod the Clown\n|\n|t:|1782450661\n|move|p1a: Ogerpon|Knock Off|p2a: Oricorio\n|-damage|p2a: Oricorio|0 fnt\n|faint|p2a: Oricorio\n|\n|-heal|p1a: Ogerpon|38/100|[from] item: Leftovers\n|upkeep\n|\n|t:|1782450667\n|switch|p2a: Scrafty|Scrafty, F|100/100\n|turn|5\n|\n|t:|1782450672\n|move|p1a: Ogerpon|Leech Seed|p2a: Scrafty\n|-start|p2a: Scrafty|move: Leech Seed\n|move|p2a: Scrafty|Ice Punch|p1a: Ogerpon\n|-supereffective|p1a: Ogerpon\n|-crit|p1a: Ogerpon\n|-damage|p1a: Ogerpon|0 fnt\n|faint|p1a: Ogerpon\n|-ability|p2a: Scrafty|Moxie|boost\n|-boost|p2a: Scrafty|atk|1\n|\n|upkeep\n|\n|t:|1782450681\n|switch|p1a: Pelipper|Pelipper, M|100/100\n|-damage|p1a: Pelipper|76/100|[from] Stealth Rock\n|-weather|RainDance|[from] ability: Drizzle|[of] p1a: Pelipper\n|turn|6\n|\n|t:|1782450689\n|move|p2a: Scrafty|Ice Punch|p1a: Pelipper\n|-damage|p1a: Pelipper|37/100\n|move|p1a: Pelipper|Stockpile|p1a: Pelipper\n|-start|p1a: Pelipper|stockpile1\n|-boost|p1a: Pelipper|def|1\n|-boost|p1a: Pelipper|spd|1\n|\n|-weather|RainDance|[upkeep]\n|-damage|p2a: Scrafty|88/100|[from] Leech Seed|[of] p1a: Pelipper\n|-heal|p1a: Pelipper|50/100|[silent]\n|upkeep\n|turn|7\n|\n|t:|1782450700\n|move|p2a: Scrafty|Ice Punch|p1a: Pelipper\n|-damage|p1a: Pelipper|23/100\n|move|p1a: Pelipper|Air Slash|p2a: Scrafty\n|-supereffective|p2a: Scrafty\n|-damage|p2a: Scrafty|13/100\n|\n|-weather|RainDance|[upkeep]\n|-heal|p2a: Scrafty|19/100|[from] item: Leftovers\n|-damage|p2a: Scrafty|7/100|[from] Leech Seed|[of] p1a: Pelipper\n|-heal|p1a: Pelipper|36/100|[silent]\n|upkeep\n|turn|8\n|\n|t:|1782450710\n|move|p2a: Scrafty|Ice Punch|p1a: Pelipper\n|-damage|p1a: Pelipper|10/100\n|move|p1a: Pelipper|Stockpile|p1a: Pelipper\n|-start|p1a: Pelipper|stockpile2\n|-boost|p1a: Pelipper|def|1\n|-boost|p1a: Pelipper|spd|1\n|\n|-weather|RainDance|[upkeep]\n|-heal|p2a: Scrafty|13/100|[from] item: Leftovers\n|-damage|p2a: Scrafty|0 fnt|[from] Leech Seed|[of] p1a: Pelipper\n|-heal|p1a: Pelipper|23/100|[silent]\n|faint|p2a: Scrafty\n|upkeep\n|\n|t:|1782450722\n|switch|p2a: Bellibolt|Bellibolt, F|100/100\n|turn|9\n|\n|t:|1782450730\n|move|p1a: Pelipper|Spit Up|p2a: Bellibolt\n|-damage|p2a: Bellibolt|65/100\n|-start|p2a: Bellibolt|Charge|Spit Up|[from] ability: Electromorphosis\n|-unboost|p1a: Pelipper|def|2\n|-unboost|p1a: Pelipper|spd|2\n|-end|p1a: Pelipper|Stockpile\n|move|p2a: Bellibolt|Volt Switch|p1a: Pelipper\n|-supereffective|p1a: Pelipper\n|-damage|p1a: Pelipper|0 fnt\n|faint|p1a: Pelipper\n|-end|p2a: Bellibolt|Charge|[silent]\n|\n|t:|1782450741\n|switch|p2a: Mudsdale|Mudsdale, M|46/100|[from] Volt Switch\n|\n|-weather|RainDance|[upkeep]\n|-heal|p2a: Mudsdale|52/100|[from] item: Leftovers\n|upkeep\n|\n|t:|1782450747\n|switch|p1a: Dondozo|Dondozo, M|100/100\n|-damage|p1a: Dondozo|88/100|[from] Stealth Rock\n|turn|10\n|\n|t:|1782450754\n|move|p1a: Dondozo|Protect|p1a: Dondozo\n|-singleturn|p1a: Dondozo|Protect\n|move|p2a: Mudsdale|Earthquake|p1a: Dondozo\n|-activate|p1a: Dondozo|move: Protect\n|\n|-weather|none\n|-heal|p2a: Mudsdale|58/100|[from] item: Leftovers\n|upkeep\n|turn|11\n|\n|t:|1782450767\n|move|p2a: Mudsdale|Earthquake|p1a: Dondozo\n|-damage|p1a: Dondozo|59/100\n|move|p1a: Dondozo|Order Up|p2a: Mudsdale\n|-damage|p2a: Mudsdale|44/100\n|-ability|p2a: Mudsdale|Stamina|boost\n|-boost|p2a: Mudsdale|def|1\n|\n|-heal|p2a: Mudsdale|50/100|[from] item: Leftovers\n|upkeep\n|turn|12\n|\n|t:|1782450778\n|move|p2a: Mudsdale|Body Press|p1a: Dondozo\n|-damage|p1a: Dondozo|32/100\n|move|p1a: Dondozo|Earthquake|p2a: Mudsdale\n|-damage|p2a: Mudsdale|36/100\n|-ability|p2a: Mudsdale|Stamina|boost\n|-boost|p2a: Mudsdale|def|1\n|\n|-heal|p2a: Mudsdale|42/100|[from] item: Leftovers\n|upkeep\n|turn|13\n|\n|t:|1782450790\n|move|p2a: Mudsdale|Body Press|p1a: Dondozo\n|-damage|p1a: Dondozo|0 fnt\n|faint|p1a: Dondozo\n|\n|-heal|p2a: Mudsdale|49/100|[from] item: Leftovers\n|upkeep\n|\n|t:|1782450797\n|switch|p1a: Smeargle|Smeargle, M, shiny|100/100\n|-damage|p1a: Smeargle|88/100|[from] Stealth Rock\n|turn|14\n|\n|t:|1782450802\n|move|p1a: Smeargle|Burning Bulwark|p1a: Smeargle\n|-singleturn|p1a: Smeargle|move: Protect\n|move|p2a: Mudsdale|Body Press|p1a: Smeargle\n|-activate|p1a: Smeargle|move: Protect\n|-status|p2a: Mudsdale|brn\n|\n|-heal|p2a: Mudsdale|55/100 brn|[from] item: Leftovers\n|-damage|p2a: Mudsdale|49/100 brn|[from] brn\n|upkeep\n|turn|15\n|\n|t:|1782450813\n|move|p1a: Smeargle|Spiky Shield|p1a: Smeargle\n|-singleturn|p1a: Smeargle|move: Protect\n|move|p2a: Mudsdale|Body Press|p1a: Smeargle\n|-activate|p1a: Smeargle|move: Protect\n|-damage|p2a: Mudsdale|36/100 brn|[from] Spiky Shield|[of] p1a: Smeargle\n|\n|-heal|p2a: Mudsdale|42/100 brn|[from] item: Leftovers\n|-damage|p2a: Mudsdale|36/100 brn|[from] brn\n|upkeep\n|turn|16\n|c| Clod the Clown|why 2 protects\n|\n|t:|1782450824\n|move|p1a: Smeargle|Burning Bulwark||[still]\n|-fail|p1a: Smeargle\n|move|p2a: Mudsdale|Body Press|p1a: Smeargle\n|-supereffective|p1a: Smeargle\n|-damage|p1a: Smeargle|0 fnt\n|faint|p1a: Smeargle\n|\n|-heal|p2a: Mudsdale|42/100 brn|[from] item: Leftovers\n|-damage|p2a: Mudsdale|36/100 brn|[from] brn\n|upkeep\n|c| Clod the Clown|what is bro up to\n|c| Clod the Clown|you know all the portects count as one\n|\n|t:|1782450836\n|switch|p1a: Snorlax|Snorlax, M|100/100\n|-damage|p1a: Snorlax|88/100|[from] Stealth Rock\n|turn|17\n|\n|t:|1782450842\n|move|p2a: Mudsdale|Body Press|p1a: Snorlax\n|-supereffective|p1a: Snorlax\n|-damage|p1a: Snorlax|52/100\n|move|p1a: Snorlax|Stockpile|p1a: Snorlax\n|-start|p1a: Snorlax|stockpile1\n|-boost|p1a: Snorlax|def|1\n|-boost|p1a: Snorlax|spd|1\n|\n|-heal|p2a: Mudsdale|42/100 brn|[from] item: Leftovers\n|-damage|p2a: Mudsdale|36/100 brn|[from] brn\n|upkeep\n|turn|18\n|c| Clod the Clown|the chance of 2 protects in a row is the same as a burning bulwark and a spiky shield\n|\n|t:|1782450853\n|move|p2a: Mudsdale|Body Press|p1a: Snorlax\n|-supereffective|p1a: Snorlax\n|-damage|p1a: Snorlax|25/100\n|-enditem|p1a: Snorlax|Sitrus Berry|[eat]\n|-heal|p1a: Snorlax|50/100|[from] item: Sitrus Berry\n|move|p1a: Snorlax|Stockpile|p1a: Snorlax\n|-start|p1a: Snorlax|stockpile2\n|-boost|p1a: Snorlax|def|1\n|-boost|p1a: Snorlax|spd|1\n|\n|-heal|p2a: Mudsdale|42/100 brn|[from] item: Leftovers\n|-damage|p2a: Mudsdale|36/100 brn|[from] brn\n|upkeep\n|turn|19\n|\n|t:|1782450866\n|move|p2a: Mudsdale|Body Press|p1a: Snorlax\n|-supereffective|p1a: Snorlax\n|-damage|p1a: Snorlax|32/100\n|move|p1a: Snorlax|Stockpile|p1a: Snorlax\n|-start|p1a: Snorlax|stockpile3\n|-boost|p1a: Snorlax|def|1\n|-boost|p1a: Snorlax|spd|1\n|\n|-heal|p2a: Mudsdale|42/100 brn|[from] item: Leftovers\n|-damage|p2a: Mudsdale|36/100 brn|[from] brn\n|upkeep\n|turn|20\n|\n|t:|1782450878\n|move|p2a: Mudsdale|Body Press|p1a: Snorlax\n|-supereffective|p1a: Snorlax\n|-damage|p1a: Snorlax|15/100\n|move|p1a: Snorlax|Swallow|p1a: Snorlax\n|-heal|p1a: Snorlax|100/100\n|-unboost|p1a: Snorlax|def|3\n|-unboost|p1a: Snorlax|spd|3\n|-end|p1a: Snorlax|Stockpile\n|\n|-heal|p2a: Mudsdale|42/100 brn|[from] item: Leftovers\n|-damage|p2a: Mudsdale|36/100 brn|[from] brn\n|upkeep\n|turn|21\n|\n|t:|1782450889\n|move|p2a: Mudsdale|Body Press|p1a: Snorlax\n|-supereffective|p1a: Snorlax\n|-damage|p1a: Snorlax|63/100\n|move|p1a: Snorlax|Stockpile|p1a: Snorlax\n|-start|p1a: Snorlax|stockpile1\n|-boost|p1a: Snorlax|def|1\n|-boost|p1a: Snorlax|spd|1\n|\n|-heal|p2a: Mudsdale|42/100 brn|[from] item: Leftovers\n|-damage|p2a: Mudsdale|36/100 brn|[from] brn\n|upkeep\n|turn|22\n|c|☆TheRealsv|your a bum for playing stall\n|\n|t:|1782450901\n|move|p2a: Mudsdale|Body Press|p1a: Snorlax\n|-supereffective|p1a: Snorlax\n|-damage|p1a: Snorlax|37/100\n|move|p1a: Snorlax|Stockpile|p1a: Snorlax\n|-start|p1a: Snorlax|stockpile2\n|-boost|p1a: Snorlax|def|1\n|-boost|p1a: Snorlax|spd|1\n|\n|-heal|p2a: Mudsdale|42/100 brn|[from] item: Leftovers\n|-damage|p2a: Mudsdale|36/100 brn|[from] brn\n|upkeep\n|turn|23\n|c| Clod the Clown|this is NOT stall\n|c| Clod the Clown|idk WHAT this is\n|\n|t:|1782450912\n|move|p2a: Mudsdale|Body Press|p1a: Snorlax\n|-supereffective|p1a: Snorlax\n|-damage|p1a: Snorlax|17/100\n|move|p1a: Snorlax|Stockpile|p1a: Snorlax\n|-start|p1a: Snorlax|stockpile3\n|-boost|p1a: Snorlax|def|1\n|-boost|p1a: Snorlax|spd|1\n|\n|-heal|p2a: Mudsdale|42/100 brn|[from] item: Leftovers\n|-damage|p2a: Mudsdale|36/100 brn|[from] brn\n|upkeep\n|turn|24\n|\n|t:|1782450923\n|move|p2a: Mudsdale|Body Press|p1a: Snorlax\n|-supereffective|p1a: Snorlax\n|-damage|p1a: Snorlax|0 fnt\n|faint|p1a: Snorlax\n|\n|-heal|p2a: Mudsdale|42/100 brn|[from] item: Leftovers\n|-damage|p2a: Mudsdale|36/100 brn|[from] brn\n|upkeep\n|\n|t:|1782450931\n|switch|p1a: Regieleki|Regieleki|100/100\n|-damage|p1a: Regieleki|88/100|[from] Stealth Rock\n|-item|p1a: Regieleki|Air Balloon\n|turn|25\n|\n|t:|1782450945\n|move|p1a: Regieleki|Extreme Speed|p2a: Mudsdale\n|-damage|p2a: Mudsdale|30/100 brn\n|-ability|p2a: Mudsdale|Stamina|boost\n|-boost|p2a: Mudsdale|def|1\n|move|p2a: Mudsdale|Heavy Slam|p1a: Regieleki\n|-resisted|p1a: Regieleki\n|-damage|p1a: Regieleki|77/100\n|-enditem|p1a: Regieleki|Air Balloon\n|\n|-heal|p2a: Mudsdale|36/100 brn|[from] item: Leftovers\n|-damage|p2a: Mudsdale|30/100 brn|[from] brn\n|upkeep\n|turn|26\n|\n|t:|1782450960\n|move|p1a: Regieleki|Extreme Speed|p2a: Mudsdale\n|-damage|p2a: Mudsdale|25/100 brn\n|-ability|p2a: Mudsdale|Stamina|boost\n|-boost|p2a: Mudsdale|def|1\n|move|p2a: Mudsdale|Earthquake|p1a: Regieleki\n|-supereffective|p1a: Regieleki\n|-damage|p1a: Regieleki|18/100\n|\n|-heal|p2a: Mudsdale|31/100 brn|[from] item: Leftovers\n|-damage|p2a: Mudsdale|25/100 brn|[from] brn\n|upkeep\n|turn|27\n|\n|t:|1782450973\n|move|p1a: Regieleki|Protect|p1a: Regieleki\n|-singleturn|p1a: Regieleki|Protect\n|move|p2a: Mudsdale|Earthquake|p1a: Regieleki\n|-activate|p1a: Regieleki|move: Protect\n|\n|-heal|p2a: Mudsdale|31/100 brn|[from] item: Leftovers\n|-damage|p2a: Mudsdale|25/100 brn|[from] brn\n|upkeep\n|turn|28\n|-message|Hablino forfeited.\n|\n|win|TheRealsv\n|raw|Hablino's rating: 1000 &rarr; <strong>1000</strong><br />(+0 for losing)\n|raw|TheRealsv's rating: 1000 &rarr; <strong>1040</strong><br />(+40 for winning)\n|l|☆Hablino\n|player|p1|\n|l|☆TheRealsv\n|player|p2|\n", "uploadtime": 1782450983, "views": 4, "formatid": "gen9ou", "rating": 1000, "private": 0, "password": null}