{"id": "gen9ou-2540653260", "format": "[Gen 9] OU", "players": ["Leonmobile", "ahalca"], "log": "|j|☆Leonmobile\n|j|☆ahalca\n|t:|1771234657\n|gametype|singles\n|player|p1|Leonmobile|1|1519\n|player|p2|ahalca|falkner|1597\n|gen|9\n|tier|[Gen 9] OU\n|rated|\n|rule|HP Percentage Mod: HP is shown in percentages\n|rule|Endless Battle Clause: Forcing endless battles is banned\n|rule|Species Clause: Limit one of each Pokémon\n|rule|OHKO Clause: OHKO moves are banned\n|rule|Evasion Items Clause: Evasion items are banned\n|rule|Evasion Moves Clause: Evasion moves are banned\n|rule|Evasion Abilities Clause: Evasion abilities are banned\n|rule|Sleep Moves Clause: Sleep-inducing moves are banned\n|clearpoke\n|poke|p1|Salazzle, F|\n|poke|p1|Torkoal, M|\n|poke|p1|Hatterene, F|\n|poke|p1|Walking Wake|\n|poke|p1|Kingambit, M|\n|poke|p1|Lilligant-Hisui, F|\n|poke|p2|Zapdos|\n|poke|p2|Iron Crown|\n|poke|p2|Garganacl, M|\n|poke|p2|Great Tusk|\n|poke|p2|Samurott-Hisui, M|\n|poke|p2|Dragapult, M|\n|teampreview\n|inactive|Battle timer is ON: inactive players will automatically lose when time's up. (requested by ahalca)\n|j| fifodrummer\n|inactive|Leonmobile has 120 seconds left.\n|inactive|ahalca has 120 seconds left.\n|\n|t:|1771234699\n|teamsize|p1|6\n|teamsize|p2|6\n|start\n|switch|p1a: Lilligant|Lilligant-Hisui, F, shiny|100/100\n|switch|p2a: Zapdos|Zapdos|100/100\n|turn|1\n|inactive|Leonmobile has 120 seconds left.\n|\n|t:|1771234758\n|move|p1a: Lilligant|Triple Axel|p2a: Zapdos|[miss]\n|-miss|p1a: Lilligant|p2a: Zapdos\n|move|p2a: Zapdos|Volt Switch|p1a: Lilligant\n|-resisted|p1a: Lilligant\n|-damage|p1a: Lilligant|79/100\n|\n|t:|1771234768\n|switch|p2a: Dragapult|Dragapult, M|100/100|[from] Volt Switch\n|\n|upkeep\n|turn|2\n|\n|t:|1771234778\n|switch|p2a: Zapdos|Zapdos|100/100\n|switch|p1a: Kingambit|Kingambit, M, shiny|100/100\n|-item|p1a: Kingambit|Air Balloon\n|\n|upkeep\n|turn|3\n|\n|t:|1771234784\n|-end|p1a: Kingambit|fallenundefined|[silent]\n|switch|p1a: Torkoal|Torkoal, M, shiny|100/100\n|-weather|SunnyDay|[from] ability: Drought|[of] p1a: Torkoal\n|move|p2a: Zapdos|Volt Switch|p1a: Torkoal\n|-damage|p1a: Torkoal|70/100\n|\n|t:|1771234787\n|switch|p2a: Samurott|Samurott-Hisui, M|100/100|[from] Volt Switch\n|\n|-weather|SunnyDay|[upkeep]\n|upkeep\n|turn|4\n|\n|t:|1771234790\n|switch|p1a: Lilligant|Lilligant-Hisui, F, shiny|79/100\n|move|p2a: Samurott|Ceaseless Edge|p1a: Lilligant\n|-resisted|p1a: Lilligant\n|-crit|p1a: Lilligant\n|-damage|p1a: Lilligant|30/100\n|-sidestart|p1: Leonmobile|Spikes\n|\n|-weather|SunnyDay|[upkeep]\n|upkeep\n|turn|5\n|\n|t:|1771234797\n|switch|p2a: Zapdos|Zapdos|100/100\n|move|p1a: Lilligant|Victory Dance|p1a: Lilligant\n|-boost|p1a: Lilligant|atk|1\n|-boost|p1a: Lilligant|def|1\n|-boost|p1a: Lilligant|spe|1\n|\n|-weather|SunnyDay|[upkeep]\n|upkeep\n|turn|6\n|\n|t:|1771234804\n|move|p1a: Lilligant|Triple Axel|p2a: Zapdos\n|-supereffective|p2a: Zapdos\n|-damage|p2a: Zapdos|87/100\n|-supereffective|p2a: Zapdos\n|-damage|p2a: Zapdos|58/100\n|-supereffective|p2a: Zapdos\n|-damage|p2a: Zapdos|18/100\n|-status|p1a: Lilligant|par|[from] ability: Static|[of] p2a: Zapdos\n|-hitcount|p2a: Zapdos|3\n|move|p2a: Zapdos|Roost|p2a: Zapdos\n|-heal|p2a: Zapdos|68/100\n|-singleturn|p2a: Zapdos|move: Roost\n|\n|-weather|SunnyDay|[upkeep]\n|upkeep\n|turn|7\n|j| Samurajen\n|\n|t:|1771234825\n|move|p1a: Lilligant|Triple Axel|p2a: Zapdos\n|-supereffective|p2a: Zapdos\n|-damage|p2a: Zapdos|54/100\n|-supereffective|p2a: Zapdos\n|-damage|p2a: Zapdos|27/100\n|-supereffective|p2a: Zapdos\n|-damage|p2a: Zapdos|0 fnt\n|faint|p2a: Zapdos\n|-hitcount|p2: Zapdos|3\n|\n|-weather|SunnyDay|[upkeep]\n|upkeep\n|\n|t:|1771234840\n|switch|p2a: Dragapult|Dragapult, M|100/100\n|turn|8\n|\n|t:|1771234843\n|move|p1a: Lilligant|Triple Axel|p2a: Dragapult\n|-supereffective|p2a: Dragapult\n|-damage|p2a: Dragapult|70/100\n|-supereffective|p2a: Dragapult\n|-damage|p2a: Dragapult|13/100\n|-supereffective|p2a: Dragapult\n|-damage|p2a: Dragapult|0 fnt\n|faint|p2a: Dragapult\n|-hitcount|p2: Dragapult|3\n|\n|-weather|SunnyDay|[upkeep]\n|upkeep\n|\n|t:|1771234851\n|switch|p2a: Iron Crown|Iron Crown|100/100\n|turn|9\n|\n|t:|1771234858\n|move|p1a: Lilligant|Close Combat|p2a: Iron Crown\n|-damage|p2a: Iron Crown|5/100\n|-unboost|p1a: Lilligant|def|1\n|-unboost|p1a: Lilligant|spd|1\n|move|p2a: Iron Crown|Tachyon Cutter|p1a: Lilligant\n|-damage|p1a: Lilligant|0 fnt\n|faint|p1a: Lilligant\n|-hitcount|p1: Lilligant|1\n|\n|-weather|SunnyDay|[upkeep]\n|upkeep\n|\n|t:|1771234863\n|switch|p1a: Walking Wake|Walking Wake|100/100\n|-damage|p1a: Walking Wake|88/100|[from] Spikes\n|-activate|p1a: Walking Wake|ability: Protosynthesis\n|-start|p1a: Walking Wake|protosynthesisspe\n|turn|10\n|\n|t:|1771234868\n|-end|p2a: Iron Crown|Quark Drive|[silent]\n|switch|p2a: Samurott|Samurott-Hisui, M|100/100\n|move|p1a: Walking Wake|Flip Turn|p2a: Samurott\n|-resisted|p2a: Samurott\n|-damage|p2a: Samurott|96/100\n|j| g89puu8pp\n|\n|t:|1771234878\n|-end|p1a: Walking Wake|Protosynthesis|[silent]\n|switch|p1a: Kingambit|Kingambit, M, shiny|100/100|[from] Flip Turn\n|-activate|p1a: Kingambit|ability: Supreme Overlord\n|-start|p1a: Kingambit|fallen1|[silent]\n|-item|p1a: Kingambit|Air Balloon\n|\n|-weather|none\n|upkeep\n|turn|11\n|\n|t:|1771234892\n|switch|p2a: Great Tusk|Great Tusk|100/100\n|move|p1a: Kingambit|Low Kick|p2a: Great Tusk\n|-damage|p2a: Great Tusk|68/100\n|\n|upkeep\n|turn|12\n|\n|t:|1771234915\n|move|p2a: Great Tusk|Stealth Rock|p1a: Kingambit\n|-sidestart|p1: Leonmobile|move: Stealth Rock\n|move|p1a: Kingambit|Low Kick|p2a: Great Tusk\n|-damage|p2a: Great Tusk|33/100\n|\n|upkeep\n|turn|13\n|\n|t:|1771234924\n|move|p2a: Great Tusk|Ice Spinner|p1a: Kingambit\n|-resisted|p1a: Kingambit\n|-damage|p1a: Kingambit|89/100\n|-enditem|p1a: Kingambit|Air Balloon\n|move|p1a: Kingambit|Low Kick|p2a: Great Tusk\n|-damage|p2a: Great Tusk|0 fnt\n|faint|p2a: Great Tusk\n|-end|p2a: Great Tusk|Protosynthesis|[silent]\n|\n|upkeep\n|\n|t:|1771234927\n|switch|p2a: Samurott|Samurott-Hisui, M|96/100\n|turn|14\n|\n|t:|1771234942\n|-terastallize|p1a: Kingambit|Fighting\n|move|p2a: Samurott|Razor Shell|p1a: Kingambit\n|-damage|p1a: Kingambit|43/100\n|-unboost|p1a: Kingambit|def|1\n|move|p1a: Kingambit|Low Kick|p2a: Samurott\n|-supereffective|p2a: Samurott\n|-damage|p2a: Samurott|0 fnt\n|faint|p2a: Samurott\n|\n|upkeep\n|\n|t:|1771234948\n|switch|p2a: Garganacl|Garganacl, M|100/100\n|turn|15\n|\n|t:|1771234955\n|-terastallize|p2a: Garganacl|Fairy\n|move|p1a: Kingambit|Low Kick|p2a: Garganacl\n|-resisted|p2a: Garganacl\n|-damage|p2a: Garganacl|77/100\n|move|p2a: Garganacl|Earthquake|p1a: Kingambit\n|-damage|p1a: Kingambit|11/100\n|\n|-heal|p2a: Garganacl|83/100|[from] item: Leftovers\n|upkeep\n|turn|16\n|\n|t:|1771234959\n|move|p1a: Kingambit|Iron Head|p2a: Garganacl\n|-supereffective|p2a: Garganacl\n|-damage|p2a: Garganacl|20/100\n|cant|p2a: Garganacl|flinch\n|\n|-heal|p2a: Garganacl|26/100|[from] item: Leftovers\n|upkeep\n|turn|17\n|-message|ahalca forfeited.\n|\n|win|Leonmobile\n|raw|Leonmobile's rating: 1519 &rarr; <strong>1543</strong><br />(+24 for winning)\n|raw|ahalca's rating: 1597 &rarr; <strong>1573</strong><br />(-24 for losing)\n|l|☆ahalca\n|player|p2|\n", "uploadtime": 1771235135, "views": 10, "formatid": "gen9ou", "rating": 1543, "private": 0, "password": null}