{"id": "gen9ou-2647691758", "format": "[Gen 9] OU", "players": ["Smash BrOUs", "teating76"], "log": "|j|☆Smash BrOUs\n|j|☆teating76\n|t:|1783797055\n|gametype|singles\n|player|p1|Smash BrOUs|wallace|1243\n|player|p2|teating76|rocketgrunt|1196\n|gen|9\n|tier|[Gen 9] OU\n|rated|\n|rule|HP Percentage Mod: HP is shown in percentages\n|rule|Endless Battle Clause: Forcing endless battles is banned\n|rule|Species Clause: Limit one of each Pokémon\n|rule|OHKO Clause: OHKO moves are banned\n|rule|Evasion Items Clause: Evasion items are banned\n|rule|Evasion Moves Clause: Evasion moves are banned\n|rule|Evasion Abilities Clause: Evasion abilities are banned\n|rule|Sleep Moves Clause: Sleep-inducing moves are banned\n|clearpoke\n|poke|p1|Torterra, F|\n|poke|p1|Polteageist|\n|poke|p1|Cloyster, F|\n|poke|p1|Minior-Green|\n|poke|p1|Blastoise, F|\n|poke|p1|Drednaw, F|\n|poke|p2|Iron Crown|\n|poke|p2|Great Tusk|\n|poke|p2|Ceruledge, M|\n|poke|p2|Walking Wake|\n|poke|p2|Keldeo-Resolute|\n|poke|p2|Cinderace, M|\n|teampreview\n|inactive|Battle timer is ON: inactive players will automatically lose when time's up. (requested by teating76)\n|inactive|Smash BrOUs also wants the timer to be on.\n|\n|t:|1783797071\n|teamsize|p1|6\n|teamsize|p2|6\n|start\n|switch|p1a: Wii Fit Trainer|Minior-Green|100/100\n|switch|p2a: Keldeo|Keldeo-Resolute|100/100\n|-formechange|p1a: Wii Fit Trainer|Minior-Meteor||[from] ability: Shields Down\n|turn|1\n|\n|t:|1783797076\n|move|p2a: Keldeo|Taunt|p1a: Wii Fit Trainer\n|-start|p1a: Wii Fit Trainer|move: Taunt\n|cant|p1a: Wii Fit Trainer|move: Taunt|Shell Smash\n|\n|upkeep\n|turn|2\n|\n|t:|1783797079\n|move|p2a: Keldeo|Icy Wind|p1a: Wii Fit Trainer\n|-supereffective|p1a: Wii Fit Trainer\n|-crit|p1a: Wii Fit Trainer\n|-damage|p1a: Wii Fit Trainer|20/100\n|-unboost|p1a: Wii Fit Trainer|spe|1\n|move|p1a: Wii Fit Trainer|Dazzling Gleam|p2a: Keldeo\n|-supereffective|p2a: Keldeo\n|-damage|p2a: Keldeo|55/100\n|\n|-formechange|p1a: Wii Fit Trainer|Minior-Green||[from] ability: Shields Down\n|upkeep\n|turn|3\n|\n|t:|1783797085\n|move|p2a: Keldeo|Icy Wind|p1a: Wii Fit Trainer\n|-supereffective|p1a: Wii Fit Trainer\n|-crit|p1a: Wii Fit Trainer\n|-damage|p1a: Wii Fit Trainer|0 fnt\n|faint|p1a: Wii Fit Trainer\n|\n|upkeep\n|\n|t:|1783797094\n|switch|p1a: Little Mac|Torterra, F|100/100\n|turn|4\n|\n|t:|1783797096\n|move|p2a: Keldeo|Icy Wind|p1a: Little Mac\n|-supereffective|p1a: Little Mac\n|-crit|p1a: Little Mac\n|-damage|p1a: Little Mac|0 fnt\n|faint|p1a: Little Mac\n|\n|upkeep\n|\n|t:|1783797114\n|switch|p1a: Ganondorf|Drednaw, F|100/100\n|turn|5\n|\n|t:|1783797118\n|move|p2a: Keldeo|Secret Sword|p1a: Ganondorf\n|-supereffective|p1a: Ganondorf\n|-enditem|p1a: Ganondorf|Focus Sash\n|-damage|p1a: Ganondorf|1/100\n|move|p1a: Ganondorf|Shell Smash|p1a: Ganondorf\n|-unboost|p1a: Ganondorf|def|1\n|-unboost|p1a: Ganondorf|spd|1\n|-boost|p1a: Ganondorf|atk|2\n|-boost|p1a: Ganondorf|spa|2\n|-boost|p1a: Ganondorf|spe|2\n|\n|upkeep\n|turn|6\n|\n|t:|1783797129\n|switch|p2a: Cinderace|Cinderace, M|100/100\n|move|p1a: Ganondorf|Earthquake|p2a: Cinderace\n|-supereffective|p2a: Cinderace\n|-damage|p2a: Cinderace|0 fnt\n|faint|p2a: Cinderace\n|\n|upkeep\n|\n|t:|1783797131\n|switch|p2a: Ceruledge|Ceruledge, M|100/100\n|turn|7\n|\n|t:|1783797134\n|move|p2a: Ceruledge|Shadow Sneak|p1a: Ganondorf\n|-crit|p1a: Ganondorf\n|-damage|p1a: Ganondorf|0 fnt\n|faint|p1a: Ganondorf\n|\n|upkeep\n|\n|t:|1783797137\n|switch|p1a: Dr. Mario|Cloyster, F|100/100\n|turn|8\n|\n|t:|1783797140\n|switch|p2a: Iron Crown|Iron Crown|100/100\n|-enditem|p2a: Iron Crown|Booster Energy\n|-activate|p2a: Iron Crown|ability: Quark Drive|[fromitem]\n|-start|p2a: Iron Crown|quarkdrivespe\n|move|p1a: Dr. Mario|Shell Smash|p1a: Dr. Mario\n|-unboost|p1a: Dr. Mario|def|1\n|-unboost|p1a: Dr. Mario|spd|1\n|-boost|p1a: Dr. Mario|atk|2\n|-boost|p1a: Dr. Mario|spa|2\n|-boost|p1a: Dr. Mario|spe|2\n|\n|upkeep\n|turn|9\n|\n|t:|1783797167\n|move|p2a: Iron Crown|Tachyon Cutter|p1a: Dr. Mario\n|-enditem|p1a: Dr. Mario|Focus Sash\n|-damage|p1a: Dr. Mario|1/100\n|-damage|p1a: Dr. Mario|0 fnt\n|faint|p1a: Dr. Mario\n|-hitcount|p1: Dr. Mario|2\n|\n|upkeep\n|\n|t:|1783797172\n|switch|p1a: King Dedede|Blastoise, F|100/100\n|turn|10\n|-message|Smash BrOUs forfeited.\n|\n|win|teating76\n|raw|Smash BrOUs's rating: 1243 &rarr; <strong>1215</strong><br />(-28 for losing)\n|raw|teating76's rating: 1196 &rarr; <strong>1224</strong><br />(+28 for winning)\n|l|☆Smash BrOUs\n|player|p1|\n|l|☆teating76\n|player|p2|\n", "uploadtime": 1783797478, "views": 8, "formatid": "gen9ou", "rating": 1215, "private": 0, "password": null}