{"id": "gen9ou-2639224397", "format": "[Gen 9] OU", "players": ["EmekaD", "taki1223"], "log": "|j|☆EmekaD\n|j|☆taki1223\n|t:|1782436701\n|gametype|singles\n|player|p1|EmekaD|alain|\n|player|p2|taki1223|#wcapiargentina|\n|gen|9\n|tier|[Gen 9] OU\n|rule|HP Percentage Mod: HP is shown in percentages\n|rule|Endless Battle Clause: Forcing endless battles is banned\n|rule|Species Clause: Limit one of each Pokémon\n|rule|OHKO Clause: OHKO moves are banned\n|rule|Evasion Items Clause: Evasion items are banned\n|rule|Evasion Moves Clause: Evasion moves are banned\n|rule|Evasion Abilities Clause: Evasion abilities are banned\n|rule|Sleep Moves Clause: Sleep-inducing moves are banned\n|clearpoke\n|poke|p1|Hatterene, F|\n|poke|p1|Great Tusk|\n|poke|p1|Tornadus-Therian, M|\n|poke|p1|Kyurem|\n|poke|p1|Slowking-Galar, F|\n|poke|p1|Kingambit, F|\n|poke|p2|Kyurem|\n|poke|p2|Great Tusk|\n|poke|p2|Landorus-Therian, M|\n|poke|p2|Kingambit, M|\n|poke|p2|Primarina, M|\n|poke|p2|Pecharunt|\n|teampreview\n|inactive|Battle timer is ON: inactive players will automatically lose when time's up. (requested by taki1223)\n|\n|t:|1782436748\n|teamsize|p1|6\n|teamsize|p2|6\n|start\n|switch|p1a: Kyurem|Kyurem|100/100\n|switch|p2a: Kyotaro|Kyurem, shiny|100/100\n|-ability|p2a: Kyotaro|Pressure\n|-ability|p1a: Kyurem|Pressure\n|turn|1\n|\n|t:|1782436762\n|switch|p1a: Kingambit|Kingambit, F|100/100\n|move|p2a: Kyotaro|Protect||[still]\n|-fail|p2a: Kyotaro\n|\n|upkeep\n|turn|2\n|\n|t:|1782436774\n|move|p2a: Kyotaro|Substitute|p2a: Kyotaro\n|-start|p2a: Kyotaro|Substitute\n|-damage|p2a: Kyotaro|76/100\n|move|p1a: Kingambit|Swords Dance|p1a: Kingambit\n|-boost|p1a: Kingambit|atk|2\n|\n|-heal|p2a: Kyotaro|82/100|[from] item: Leftovers\n|upkeep\n|turn|3\n|\n|t:|1782436780\n|move|p2a: Kyotaro|Earth Power|p1a: Kingambit\n|-supereffective|p1a: Kingambit\n|-damage|p1a: Kingambit|45/100\n|move|p1a: Kingambit|Iron Head|p2a: Kyotaro\n|-supereffective|p2a: Kyotaro\n|-end|p2a: Kyotaro|Substitute\n|\n|-heal|p2a: Kyotaro|88/100|[from] item: Leftovers\n|-heal|p1a: Kingambit|51/100|[from] item: Leftovers\n|upkeep\n|turn|4\n|\n|t:|1782436805\n|-end|p1a: Kingambit|fallenundefined|[silent]\n|switch|p1a: Tornadus|Tornadus-Therian, M|100/100\n|move|p2a: Kyotaro|Earth Power|p1a: Tornadus\n|-immune|p1a: Tornadus\n|\n|-heal|p2a: Kyotaro|94/100|[from] item: Leftovers\n|upkeep\n|turn|5\n|inactive|EmekaD has 270 seconds left.\n|\n|t:|1782436826\n|move|p1a: Tornadus|U-turn|p2a: Kyotaro\n|-damage|p2a: Kyotaro|79/100\n|\n|t:|1782436830\n|switch|p1a: Kingambit|Kingambit, F|51/100|[from] U-turn\n|move|p2a: Kyotaro|Freeze-Dry|p1a: Kingambit\n|-resisted|p1a: Kingambit\n|-damage|p1a: Kingambit|33/100\n|\n|-heal|p2a: Kyotaro|85/100|[from] item: Leftovers\n|-heal|p1a: Kingambit|39/100|[from] item: Leftovers\n|upkeep\n|turn|6\n|inactive|EmekaD has 270 seconds left.\n|\n|t:|1782436842\n|-end|p1a: Kingambit|fallenundefined|[silent]\n|switch|p1a: Tornadus|Tornadus-Therian, M|100/100\n|move|p2a: Kyotaro|Protect||[still]\n|-fail|p2a: Kyotaro\n|\n|-heal|p2a: Kyotaro|91/100|[from] item: Leftovers\n|upkeep\n|turn|7\n|c|☆taki1223|ok?\n|inactive|EmekaD has 270 seconds left.\n|\n|t:|1782436854\n|-terastallize|p1a: Tornadus|Normal\n|move|p1a: Tornadus|Bleakwind Storm|p2a: Kyotaro\n|-damage|p2a: Kyotaro|58/100\n|move|p2a: Kyotaro|Freeze-Dry|p1a: Tornadus\n|-damage|p1a: Tornadus|79/100\n|\n|-heal|p2a: Kyotaro|64/100|[from] item: Leftovers\n|upkeep\n|turn|8\n|\n|t:|1782436862\n|move|p2a: Kyotaro|Protect|p2a: Kyotaro\n|-singleturn|p2a: Kyotaro|Protect\n|move|p1a: Tornadus|Bleakwind Storm|p2a: Kyotaro\n|-activate|p2a: Kyotaro|move: Protect\n|\n|-heal|p2a: Kyotaro|70/100|[from] item: Leftovers\n|upkeep\n|turn|9\n|\n|t:|1782436875\n|switch|p2a: Celestine|Primarina, M, shiny|100/100\n|move|p1a: Tornadus|Knock Off|p2a: Celestine\n|-resisted|p2a: Celestine\n|-crit|p2a: Celestine\n|-damage|p2a: Celestine|80/100\n|-enditem|p2a: Celestine|Assault Vest|[from] move: Knock Off|[of] p1a: Tornadus\n|\n|upkeep\n|turn|10\n|\n|t:|1782436881\n|move|p1a: Tornadus|Bleakwind Storm|p2a: Celestine\n|-damage|p2a: Celestine|53/100\n|-unboost|p2a: Celestine|spe|1\n|move|p2a: Celestine|Flip Turn|p1a: Tornadus\n|-damage|p1a: Tornadus|61/100\n|\n|t:|1782436892\n|switch|p2a: Enten|Landorus-Therian, M, shiny|100/100|[from] Flip Turn\n|-ability|p2a: Enten|Intimidate|boost\n|-unboost|p1a: Tornadus|atk|1\n|\n|upkeep\n|turn|11\n|\n|t:|1782436896\n|move|p2a: Enten|Earthquake|p1a: Tornadus\n|-damage|p1a: Tornadus|0 fnt\n|faint|p1a: Tornadus\n|\n|upkeep\n|\n|t:|1782436906\n|switch|p1a: Kyurem|Kyurem|100/100\n|-ability|p1a: Kyurem|Pressure\n|turn|12\n|\n|t:|1782436919\n|switch|p2a: Overgod|Kingambit, M, shiny|100/100\n|move|p1a: Kyurem|Ice Beam|p2a: Overgod\n|-resisted|p2a: Overgod\n|-damage|p2a: Overgod|68/100\n|\n|-heal|p2a: Overgod|75/100|[from] item: Leftovers\n|upkeep\n|turn|13\n|\n|t:|1782436928\n|switch|p1a: Great Tusk|Great Tusk|100/100\n|switch|p2a: Kyotaro|Kyurem, shiny|70/100\n|-ability|p2a: Kyotaro|Pressure\n|\n|-heal|p2a: Kyotaro|76/100|[from] item: Leftovers\n|upkeep\n|turn|14\n|\n|t:|1782436942\n|-end|p1a: Great Tusk|Protosynthesis|[silent]\n|switch|p1a: Slowking|Slowking-Galar, F|100/100\n|move|p2a: Kyotaro|Substitute|p2a: Kyotaro\n|-start|p2a: Kyotaro|Substitute\n|-damage|p2a: Kyotaro|51/100\n|\n|-heal|p2a: Kyotaro|58/100|[from] item: Leftovers\n|upkeep\n|turn|15\n|\n|t:|1782436946\n|move|p2a: Kyotaro|Protect|p2a: Kyotaro\n|-singleturn|p2a: Kyotaro|Protect\n|move|p1a: Slowking|Sludge Bomb|p2a: Kyotaro\n|-activate|p2a: Kyotaro|move: Protect\n|\n|-heal|p2a: Kyotaro|64/100|[from] item: Leftovers\n|upkeep\n|turn|16\n|\n|t:|1782436953\n|move|p2a: Kyotaro|Earth Power|p1a: Slowking\n|-supereffective|p1a: Slowking\n|-damage|p1a: Slowking|48/100\n|move|p1a: Slowking|Sludge Bomb|p2a: Kyotaro\n|-end|p2a: Kyotaro|Substitute\n|\n|-heal|p2a: Kyotaro|70/100|[from] item: Leftovers\n|-heal|p1a: Slowking|54/100|[from] item: Black Sludge\n|upkeep\n|turn|17\n|\n|t:|1782436964\n|switch|p1a: Hatterene|Hatterene, F|100/100\n|move|p2a: Kyotaro|Substitute|p2a: Kyotaro\n|-start|p2a: Kyotaro|Substitute\n|-damage|p2a: Kyotaro|45/100\n|\n|-heal|p2a: Kyotaro|51/100|[from] item: Leftovers\n|upkeep\n|turn|18\n|\n|t:|1782436967\n|move|p2a: Kyotaro|Freeze-Dry|p1a: Hatterene\n|-crit|p1a: Hatterene\n|-damage|p1a: Hatterene|45/100\n|move|p1a: Hatterene|Draining Kiss|p2a: Kyotaro\n|-supereffective|p2a: Kyotaro\n|-end|p2a: Kyotaro|Substitute\n|-heal|p1a: Hatterene|69/100|[from] drain|[of] p2a: Kyotaro\n|\n|-heal|p2a: Kyotaro|57/100|[from] item: Leftovers\n|upkeep\n|turn|19\n|\n|t:|1782436974\n|switch|p2a: Overgod|Kingambit, M, shiny|75/100\n|move|p1a: Hatterene|Draining Kiss|p2a: Overgod\n|-crit|p2a: Overgod\n|-damage|p2a: Overgod|41/100\n|-heal|p1a: Hatterene|100/100|[from] drain|[of] p2a: Overgod\n|\n|-heal|p2a: Overgod|47/100|[from] item: Leftovers\n|upkeep\n|turn|20\n|\n|t:|1782436980\n|switch|p1a: Kingambit|Kingambit, F|39/100\n|-activate|p1a: Kingambit|ability: Supreme Overlord\n|-start|p1a: Kingambit|fallen1|[silent]\n|move|p2a: Overgod|Iron Head|p1a: Kingambit\n|-resisted|p1a: Kingambit\n|-damage|p1a: Kingambit|22/100\n|\n|-heal|p1a: Kingambit|28/100|[from] item: Leftovers\n|-heal|p2a: Overgod|54/100|[from] item: Leftovers\n|upkeep\n|turn|21\n|\n|t:|1782436989\n|switch|p2a: Behemoth|Great Tusk, shiny|100/100\n|move|p1a: Kingambit|Kowtow Cleave|p2a: Behemoth\n|-resisted|p2a: Behemoth\n|-damage|p2a: Behemoth|82/100\n|\n|-heal|p1a: Kingambit|34/100|[from] item: Leftovers\n|upkeep\n|turn|22\n|\n|t:|1782437005\n|move|p2a: Behemoth|Headlong Rush|p1a: Kingambit\n|-supereffective|p1a: Kingambit\n|-damage|p1a: Kingambit|0 fnt\n|-unboost|p2a: Behemoth|def|1\n|-unboost|p2a: Behemoth|spd|1\n|faint|p1a: Kingambit\n|-end|p1a: Kingambit|fallen1|[silent]\n|\n|upkeep\n|\n|t:|1782437009\n|switch|p1a: Great Tusk|Great Tusk|100/100\n|turn|23\n|\n|t:|1782437031\n|-end|p2a: Behemoth|Protosynthesis|[silent]\n|switch|p2a: Celestine|Primarina, M, shiny|53/100\n|move|p1a: Great Tusk|Stealth Rock|p2a: Celestine\n|-sidestart|p2: taki1223|move: Stealth Rock\n|\n|upkeep\n|turn|24\n|\n|t:|1782437037\n|-end|p1a: Great Tusk|Protosynthesis|[silent]\n|switch|p1a: Hatterene|Hatterene, F|100/100\n|move|p2a: Celestine|Psychic Noise|p1a: Hatterene\n|-damage|p1a: Hatterene|64/100\n|-start|p1a: Hatterene|move: Heal Block\n|\n|upkeep\n|turn|25\n|\n|t:|1782437046\n|move|p2a: Celestine|Flip Turn|p1a: Hatterene\n|-damage|p1a: Hatterene|52/100\n|-damage|p2a: Celestine|37/100|[from] item: Rocky Helmet|[of] p1a: Hatterene\n|\n|t:|1782437051\n|switch|p2a: Enten|Landorus-Therian, M, shiny|100/100|[from] Flip Turn\n|-damage|p2a: Enten|88/100|[from] Stealth Rock\n|-ability|p2a: Enten|Intimidate|boost\n|-unboost|p1a: Hatterene|atk|1\n|move|p1a: Hatterene|Nuzzle|p2a: Enten\n|-immune|p2a: Enten\n|\n|-end|p1a: Hatterene|move: Heal Block\n|upkeep\n|turn|26\n|\n|t:|1782437058\n|move|p2a: Enten|Earthquake|p1a: Hatterene\n|-damage|p1a: Hatterene|0 fnt\n|faint|p1a: Hatterene\n|\n|upkeep\n|\n|t:|1782437067\n|switch|p1a: Kyurem|Kyurem|100/100\n|-ability|p1a: Kyurem|Pressure\n|turn|27\n|\n|t:|1782437085\n|switch|p2a: Celestine|Primarina, M, shiny|37/100\n|-damage|p2a: Celestine|24/100|[from] Stealth Rock\n|move|p1a: Kyurem|Ice Beam|p2a: Celestine\n|-resisted|p2a: Celestine\n|-damage|p2a: Celestine|0 fnt\n|faint|p2a: Celestine\n|\n|upkeep\n|\n|t:|1782437088\n|switch|p2a: Overgod|Kingambit, M, shiny|54/100\n|-damage|p2a: Overgod|47/100|[from] Stealth Rock\n|turn|28\n|\n|t:|1782437098\n|switch|p1a: Great Tusk|Great Tusk|100/100\n|move|p2a: Overgod|Iron Head|p1a: Great Tusk\n|-damage|p1a: Great Tusk|63/100\n|-damage|p2a: Overgod|31/100|[from] item: Rocky Helmet|[of] p1a: Great Tusk\n|\n|-heal|p2a: Overgod|37/100|[from] item: Leftovers\n|upkeep\n|turn|29\n|\n|t:|1782437117\n|switch|p2a: Pecharunt|Pecharunt|100/100\n|move|p1a: Great Tusk|Rapid Spin|p2a: Pecharunt\n|-immune|p2a: Pecharunt\n|\n|upkeep\n|turn|30\n|inactive|EmekaD has 270 seconds left.\n|inactive|taki1223 has 270 seconds left.\n|\n|t:|1782437171\n|move|p1a: Great Tusk|Headlong Rush|p2a: Pecharunt\n|-supereffective|p2a: Pecharunt\n|-damage|p2a: Pecharunt|34/100\n|-unboost|p1a: Great Tusk|def|1\n|-unboost|p1a: Great Tusk|spd|1\n|move|p2a: Pecharunt|Parting Shot|p1a: Great Tusk\n|-unboost|p1a: Great Tusk|atk|1\n|-unboost|p1a: Great Tusk|spa|1\n|inactive|taki1223 has 270 seconds left.\n|\n|t:|1782437180\n|switch|p2a: Behemoth|Great Tusk, shiny|82/100|[from] Parting Shot\n|\n|upkeep\n|turn|31\n|\n|t:|1782437187\n|-end|p1a: Great Tusk|Protosynthesis|[silent]\n|switch|p1a: Slowking|Slowking-Galar, F|88/100\n|move|p2a: Behemoth|Rapid Spin|p1a: Slowking\n|-damage|p1a: Slowking|75/100\n|-boost|p2a: Behemoth|spe|1\n|-sideend|p2: taki1223|Stealth Rock|[from] move: Rapid Spin|[of] p2a: Behemoth\n|\n|-heal|p1a: Slowking|81/100|[from] item: Black Sludge\n|upkeep\n|turn|32\n|\n|t:|1782437199\n|-terastallize|p2a: Behemoth|Ground\n|move|p2a: Behemoth|Headlong Rush|p1a: Slowking\n|-supereffective|p1a: Slowking\n|-damage|p1a: Slowking|0 fnt\n|-unboost|p2a: Behemoth|def|1\n|-unboost|p2a: Behemoth|spd|1\n|faint|p1a: Slowking\n|\n|upkeep\n|\n|t:|1782437204\n|switch|p1a: Great Tusk|Great Tusk|63/100\n|turn|33\n|inactive|EmekaD has 270 seconds left.\n|\n|t:|1782437212\n|move|p2a: Behemoth|Stealth Rock|p1a: Great Tusk\n|-sidestart|p1: EmekaD|move: Stealth Rock\n|move|p1a: Great Tusk|Ice Spinner|p2a: Behemoth\n|-supereffective|p2a: Behemoth\n|-damage|p2a: Behemoth|19/100\n|\n|upkeep\n|turn|34\n|\n|t:|1782437218\n|-end|p2a: Behemoth|Protosynthesis|[silent]\n|switch|p2a: Pecharunt|Pecharunt|34/100\n|move|p1a: Great Tusk|Rapid Spin|p2a: Pecharunt\n|-immune|p2a: Pecharunt\n|\n|upkeep\n|turn|35\n|\n|t:|1782437229\n|move|p1a: Great Tusk|Headlong Rush|p2a: Pecharunt\n|-supereffective|p2a: Pecharunt\n|-damage|p2a: Pecharunt|0 fnt\n|-unboost|p1a: Great Tusk|def|1\n|-unboost|p1a: Great Tusk|spd|1\n|faint|p2a: Pecharunt\n|\n|upkeep\n|\n|t:|1782437235\n|switch|p2a: Kyotaro|Kyurem, shiny|57/100\n|-ability|p2a: Kyotaro|Pressure\n|turn|36\n|\n|t:|1782437239\n|-end|p1a: Great Tusk|Protosynthesis|[silent]\n|switch|p1a: Kyurem|Kyurem|100/100\n|-damage|p1a: Kyurem|76/100|[from] Stealth Rock\n|-ability|p1a: Kyurem|Pressure\n|move|p2a: Kyotaro|Freeze-Dry|p1a: Kyurem\n|-damage|p1a: Kyurem|41/100\n|\n|-heal|p2a: Kyotaro|63/100|[from] item: Leftovers\n|upkeep\n|turn|37\n|\n|t:|1782437246\n|switch|p2a: Behemoth|Great Tusk, shiny, tera:Ground|19/100\n|move|p1a: Kyurem|Ice Beam|p2a: Behemoth\n|-supereffective|p2a: Behemoth\n|-damage|p2a: Behemoth|0 fnt\n|faint|p2a: Behemoth\n|-end|p2a: Behemoth|Protosynthesis|[silent]\n|\n|upkeep\n|\n|t:|1782437248\n|switch|p2a: Enten|Landorus-Therian, M, shiny|88/100\n|-ability|p2a: Enten|Intimidate|boost\n|-unboost|p1a: Kyurem|atk|1\n|turn|38\n|\n|t:|1782437251\n|move|p2a: Enten|Earthquake|p1a: Kyurem\n|-damage|p1a: Kyurem|0 fnt\n|faint|p1a: Kyurem\n|\n|upkeep\n|\n|t:|1782437253\n|switch|p1a: Great Tusk|Great Tusk|63/100\n|-damage|p1a: Great Tusk|60/100|[from] Stealth Rock\n|turn|39\n|\n|t:|1782437260\n|move|p2a: Enten|Earthquake|p1a: Great Tusk\n|-damage|p1a: Great Tusk|17/100\n|move|p1a: Great Tusk|Ice Spinner|p2a: Enten\n|-supereffective|p2a: Enten\n|-damage|p2a: Enten|0 fnt\n|faint|p2a: Enten\n|\n|upkeep\n|\n|t:|1782437265\n|switch|p2a: Kyotaro|Kyurem, shiny|63/100\n|-ability|p2a: Kyotaro|Pressure\n|turn|40\n|\n|t:|1782437269\n|move|p2a: Kyotaro|Freeze-Dry|p1a: Great Tusk\n|-supereffective|p1a: Great Tusk\n|-damage|p1a: Great Tusk|0 fnt\n|faint|p1a: Great Tusk\n|-end|p1a: Great Tusk|Protosynthesis|[silent]\n|\n|win|taki1223\n|l|☆EmekaD\n|player|p1|\n", "uploadtime": 1782437284, "views": 13, "formatid": "gen9ou", "rating": null, "private": 0, "password": null}