{"id": "gen9ou-2647742786", "format": "[Gen 9] OU", "players": ["Makatuk", "cozyprincemshroom"], "log": "|j|☆Makatuk\n|j|☆cozyprincemshroom\n|t:|1783805014\n|gametype|singles\n|player|p1|Makatuk|red|1184\n|player|p2|cozyprincemshroom|waiter|1115\n|gen|9\n|tier|[Gen 9] OU\n|rated|\n|rule|HP Percentage Mod: HP is shown in percentages\n|rule|Endless Battle Clause: Forcing endless battles is banned\n|rule|Species Clause: Limit one of each Pokémon\n|rule|OHKO Clause: OHKO moves are banned\n|rule|Evasion Items Clause: Evasion items are banned\n|rule|Evasion Moves Clause: Evasion moves are banned\n|rule|Evasion Abilities Clause: Evasion abilities are banned\n|rule|Sleep Moves Clause: Sleep-inducing moves are banned\n|clearpoke\n|poke|p1|Blissey, F|\n|poke|p1|Garganacl, F|\n|poke|p1|Iron Valiant|\n|poke|p1|Gholdengo|\n|poke|p1|Coalossal, F|\n|poke|p1|Frosmoth, F|\n|poke|p2|Meganium, M|\n|poke|p2|Spidops, M|\n|poke|p2|Pawmot, F|\n|poke|p2|Munkidori, M|\n|poke|p2|Inteleon, F|\n|poke|p2|Torkoal, F|\n|teampreview\n|inactive|Battle timer is ON: inactive players will automatically lose when time's up. (requested by Makatuk)\n|inactive|cozyprincemshroom also wants the timer to be on.\n|\n|t:|1783805023\n|teamsize|p1|6\n|teamsize|p2|6\n|start\n|switch|p1a: Blissey|Blissey, F|100/100\n|switch|p2a: Spidops|Spidops, M, shiny|100/100\n|turn|1\n|\n|t:|1783805029\n|move|p2a: Spidops|First Impression|p1a: Blissey\n|-damage|p1a: Blissey|55/100\n|-damage|p2a: Spidops|91/100|[from] item: Life Orb\n|move|p1a: Blissey|Trick|p2a: Spidops\n|-activate|p1a: Blissey|move: Trick|[of] p2a: Spidops\n|-item|p2a: Spidops|Choice Scarf|[from] move: Trick\n|-item|p1a: Blissey|Life Orb|[from] move: Trick\n|\n|upkeep\n|turn|2\n|\n|t:|1783805038\n|move|p1a: Blissey|Soft-Boiled|p1a: Blissey\n|-heal|p1a: Blissey|100/100\n|move|p2a: Spidops|Sticky Web|p1a: Blissey\n|-sidestart|p1: Makatuk|move: Sticky Web\n|\n|upkeep\n|turn|3\n|\n|t:|1783805046\n|switch|p2a: Pawmot|Pawmot, F|100/100\n|move|p1a: Blissey|Seismic Toss|p2a: Pawmot\n|-damage|p2a: Pawmot|65/100\n|-damage|p1a: Blissey|91/100|[from] item: Life Orb\n|\n|upkeep\n|turn|4\n|\n|t:|1783805060\n|switch|p1a: Gholdengo|Gholdengo|100/100\n|-activate|p1a: Gholdengo|move: Sticky Web\n|-unboost|p1a: Gholdengo|spe|1\n|move|p2a: Pawmot|Close Combat|p1a: Gholdengo\n|-immune|p1a: Gholdengo\n|\n|upkeep\n|turn|5\n|\n|t:|1783805069\n|move|p2a: Pawmot|Nuzzle|p1a: Gholdengo\n|-damage|p1a: Gholdengo|90/100\n|-status|p1a: Gholdengo|par\n|move|p1a: Gholdengo|Trick|p2a: Pawmot\n|-activate|p1a: Gholdengo|move: Trick|[of] p2a: Pawmot\n|-item|p2a: Pawmot|Choice Scarf|[from] move: Trick\n|-item|p1a: Gholdengo|Punching Glove|[from] move: Trick\n|\n|upkeep\n|turn|6\n|\n|t:|1783805077\n|move|p2a: Pawmot|Fire Punch|p1a: Gholdengo\n|-supereffective|p1a: Gholdengo\n|-damage|p1a: Gholdengo|22/100 par\n|move|p1a: Gholdengo|Shadow Ball|p2a: Pawmot\n|-damage|p2a: Pawmot|0 fnt\n|faint|p2a: Pawmot\n|\n|upkeep\n|\n|t:|1783805089\n|switch|p2a: Spidops|Spidops, M, shiny|91/100\n|turn|7\n|\n|t:|1783805096\n|switch|p2a: Munkidori|Munkidori, M|100/100\n|cant|p1a: Gholdengo|par\n|\n|upkeep\n|turn|8\n|c|☆Makatuk|-_-\n|\n|t:|1783805105\n|move|p2a: Munkidori|Psyshock|p1a: Gholdengo\n|-resisted|p1a: Gholdengo\n|-damage|p1a: Gholdengo|0 fnt\n|faint|p1a: Gholdengo\n|\n|upkeep\n|\n|t:|1783805111\n|switch|p1a: SEAAA SAAAAAALT!!!|Garganacl, F|100/100\n|-activate|p1a: SEAAA SAAAAAALT!!!|move: Sticky Web\n|-unboost|p1a: SEAAA SAAAAAALT!!!|spe|1\n|turn|9\n|\n|t:|1783805116\n|switch|p2a: Spidops|Spidops, M, shiny|91/100\n|move|p1a: SEAAA SAAAAAALT!!!|Salt Cure|p2a: Spidops\n|-supereffective|p2a: Spidops\n|-damage|p2a: Spidops|60/100\n|-start|p2a: Spidops|Salt Cure\n|\n|-damage|p2a: Spidops|48/100|[from] Salt Cure\n|upkeep\n|turn|10\n|\n|t:|1783805125\n|switch|p2a: Munkidori|Munkidori, M|100/100\n|move|p1a: SEAAA SAAAAAALT!!!|Iron Defense|p1a: SEAAA SAAAAAALT!!!\n|-boost|p1a: SEAAA SAAAAAALT!!!|def|2\n|\n|upkeep\n|turn|11\n|\n|t:|1783805131\n|switch|p1a: Blissey|Blissey, F|91/100\n|-activate|p1a: Blissey|move: Sticky Web\n|-unboost|p1a: Blissey|spe|1\n|move|p2a: Munkidori|Trick|p1a: Blissey\n|-activate|p2a: Munkidori|move: Trick|[of] p1a: Blissey\n|-item|p1a: Blissey|Choice Scarf|[from] move: Trick\n|-item|p2a: Munkidori|Life Orb|[from] move: Trick\n|\n|upkeep\n|turn|12\n|\n|t:|1783805142\n|move|p2a: Munkidori|Nasty Plot|p2a: Munkidori\n|-boost|p2a: Munkidori|spa|2\n|move|p1a: Blissey|Trick|p2a: Munkidori\n|-activate|p1a: Blissey|move: Trick|[of] p2a: Munkidori\n|-item|p2a: Munkidori|Choice Scarf|[from] move: Trick\n|-item|p1a: Blissey|Life Orb|[from] move: Trick\n|\n|upkeep\n|turn|13\n|\n|t:|1783805153\n|move|p2a: Munkidori|Psyshock|p1a: Blissey\n|-damage|p1a: Blissey|6/100\n|move|p1a: Blissey|Shadow Ball|p2a: Munkidori\n|-supereffective|p2a: Munkidori\n|-damage|p2a: Munkidori|55/100\n|-damage|p1a: Blissey|0 fnt|[from] item: Life Orb\n|faint|p1a: Blissey\n|\n|upkeep\n|\n|t:|1783805165\n|switch|p1a: SEAAA SAAAAAALT!!!|Garganacl, F|100/100\n|-activate|p1a: SEAAA SAAAAAALT!!!|move: Sticky Web\n|-unboost|p1a: SEAAA SAAAAAALT!!!|spe|1\n|turn|14\n|\n|t:|1783805169\n|move|p2a: Munkidori|Psyshock|p1a: SEAAA SAAAAAALT!!!\n|-crit|p1a: SEAAA SAAAAAALT!!!\n|-damage|p1a: SEAAA SAAAAAALT!!!|20/100\n|move|p1a: SEAAA SAAAAAALT!!!|Salt Cure|p2a: Munkidori\n|-damage|p2a: Munkidori|34/100\n|-start|p2a: Munkidori|Salt Cure\n|\n|-heal|p1a: SEAAA SAAAAAALT!!!|26/100|[from] item: Leftovers\n|-damage|p2a: Munkidori|22/100|[from] Salt Cure\n|upkeep\n|turn|15\n|c|☆Makatuk|----____-----\n|\n|t:|1783805180\n|move|p2a: Munkidori|Psyshock|p1a: SEAAA SAAAAAALT!!!\n|-damage|p1a: SEAAA SAAAAAALT!!!|0 fnt\n|faint|p1a: SEAAA SAAAAAALT!!!\n|\n|-damage|p2a: Munkidori|9/100|[from] Salt Cure\n|upkeep\n|\n|t:|1783805184\n|switch|p1a: Coalossal|Coalossal, F|100/100\n|-activate|p1a: Coalossal|move: Sticky Web\n|-unboost|p1a: Coalossal|spe|1\n|turn|16\n|\n|t:|1783805193\n|move|p2a: Munkidori|Psyshock|p1a: Coalossal\n|-damage|p1a: Coalossal|61/100\n|-status|p1a: Coalossal|tox|[from] ability: Toxic Chain|[of] p2a: Munkidori\n|move|p1a: Coalossal|Iron Defense|p1a: Coalossal\n|-boost|p1a: Coalossal|def|2\n|\n|-damage|p1a: Coalossal|55/100 tox|[from] psn\n|-damage|p2a: Munkidori|0 fnt|[from] Salt Cure\n|faint|p2a: Munkidori\n|upkeep\n|\n|t:|1783805204\n|switch|p2a: Spidops|Spidops, M, shiny|48/100\n|turn|17\n|c|☆Makatuk|--------------_______----------------\n|\n|t:|1783805215\n|switch|p2a: Inteleon|Inteleon, F|100/100\n|move|p1a: Coalossal|Rest|p1a: Coalossal\n|-status|p1a: Coalossal|slp|[from] move: Rest\n|-heal|p1a: Coalossal|100/100 slp|[silent]\n|-enditem|p1a: Coalossal|Chesto Berry|[eat]\n|-curestatus|p1a: Coalossal|slp|[msg]\n|\n|upkeep\n|turn|18\n|\n|t:|1783805226\n|switch|p2a: Spidops|Spidops, M, shiny|48/100\n|-terastallize|p1a: Coalossal|Flying\n|move|p1a: Coalossal|Body Press|p2a: Spidops\n|-resisted|p2a: Spidops\n|-damage|p2a: Spidops|13/100\n|\n|upkeep\n|turn|19\n|\n|t:|1783805242\n|move|p2a: Spidops|First Impression|p1a: Coalossal\n|-resisted|p1a: Coalossal\n|-damage|p1a: Coalossal|95/100\n|move|p1a: Coalossal|Body Press|p2a: Spidops\n|-resisted|p2a: Spidops\n|-damage|p2a: Spidops|0 fnt\n|faint|p2a: Spidops\n|\n|upkeep\n|\n|t:|1783805251\n|switch|p2a: Torkoal|Torkoal, F|100/100\n|-weather|SunnyDay|[from] ability: Drought|[of] p2a: Torkoal\n|turn|20\n|\n|t:|1783805257\n|move|p2a: Torkoal|Will-O-Wisp|p1a: Coalossal\n|-status|p1a: Coalossal|brn\n|move|p1a: Coalossal|Body Press|p2a: Torkoal\n|-crit|p2a: Torkoal\n|-damage|p2a: Torkoal|67/100\n|\n|-weather|SunnyDay|[upkeep]\n|-damage|p1a: Coalossal|89/100 brn|[from] brn\n|upkeep\n|turn|21\n|\n|t:|1783805267\n|move|p2a: Torkoal|Flamethrower|p1a: Coalossal\n|-damage|p1a: Coalossal|54/100 brn\n|move|p1a: Coalossal|Body Press|p2a: Torkoal\n|-damage|p2a: Torkoal|47/100\n|\n|-weather|SunnyDay|[upkeep]\n|-damage|p1a: Coalossal|47/100 brn|[from] brn\n|upkeep\n|turn|22\n|\n|t:|1783805276\n|move|p2a: Torkoal|Flamethrower|p1a: Coalossal\n|-damage|p1a: Coalossal|13/100 brn\n|move|p1a: Coalossal|Rest|p1a: Coalossal\n|-status|p1a: Coalossal|slp|[from] move: Rest\n|-heal|p1a: Coalossal|100/100 slp|[silent]\n|\n|-weather|SunnyDay|[upkeep]\n|upkeep\n|turn|23\n|\n|t:|1783805285\n|switch|p2a: Meganium|Meganium, M|100/100\n|cant|p1a: Coalossal|slp\n|\n|-weather|SunnyDay|[upkeep]\n|upkeep\n|turn|24\n|\n|t:|1783805292\n|move|p2a: Meganium|Encore|p1a: Coalossal\n|-start|p1a: Coalossal|Encore\n|cant|p1a: Coalossal|slp\n|\n|-weather|SunnyDay|[upkeep]\n|upkeep\n|turn|25\n|\n|t:|1783805301\n|switch|p1a: Grand Regent Moth|Frosmoth, F|100/100\n|-activate|p1a: Grand Regent Moth|move: Sticky Web\n|-unboost|p1a: Grand Regent Moth|spe|1\n|move|p2a: Meganium|Leech Seed|p1a: Grand Regent Moth\n|-start|p1a: Grand Regent Moth|move: Leech Seed\n|\n|-weather|SunnyDay|[upkeep]\n|-damage|p1a: Grand Regent Moth|88/100|[from] Leech Seed|[of] p2a: Meganium\n|upkeep\n|turn|26\n|\n|t:|1783805310\n|switch|p1a: Coalossal|Coalossal, F, tera:Flying|100/100 slp\n|move|p2a: Meganium|Energy Ball|p1a: Coalossal\n|-resisted|p1a: Coalossal\n|-damage|p1a: Coalossal|89/100 slp\n|\n|-weather|SunnyDay|[upkeep]\n|upkeep\n|turn|27\n|\n|t:|1783805319\n|move|p2a: Meganium|Leech Seed|p1a: Coalossal\n|-start|p1a: Coalossal|move: Leech Seed\n|-curestatus|p1a: Coalossal|slp|[msg]\n|move|p1a: Coalossal|Body Press|p2a: Meganium\n|-damage|p2a: Meganium|74/100\n|\n|-weather|none\n|-heal|p2a: Meganium|80/100|[from] item: Leftovers\n|-damage|p1a: Coalossal|76/100|[from] Leech Seed|[of] p2a: Meganium\n|-heal|p2a: Meganium|94/100|[silent]\n|upkeep\n|turn|28\n|\n|t:|1783805330\n|switch|p2a: Inteleon|Inteleon, F|100/100\n|move|p1a: Coalossal|Body Press|p2a: Inteleon\n|-damage|p2a: Inteleon|48/100\n|\n|-damage|p1a: Coalossal|64/100|[from] Leech Seed|[of] p2a: Inteleon\n|-heal|p2a: Inteleon|67/100|[silent]\n|upkeep\n|turn|29\n|\n|t:|1783805339\n|move|p2a: Inteleon|Ice Beam|p1a: Coalossal\n|-supereffective|p1a: Coalossal\n|-damage|p1a: Coalossal|1/100\n|move|p1a: Coalossal|Body Press|p2a: Inteleon\n|-damage|p2a: Inteleon|21/100\n|\n|-damage|p1a: Coalossal|0 fnt|[from] Leech Seed|[of] p2a: Inteleon\n|-heal|p2a: Inteleon|22/100|[silent]\n|faint|p1a: Coalossal\n|upkeep\n|\n|t:|1783805350\n|switch|p1a: Grand Regent Moth|Frosmoth, F|88/100\n|-activate|p1a: Grand Regent Moth|move: Sticky Web\n|-unboost|p1a: Grand Regent Moth|spe|1\n|turn|30\n|\n|t:|1783805355\n|move|p2a: Inteleon|Scald|p1a: Grand Regent Moth\n|-damage|p1a: Grand Regent Moth|51/100\n|move|p1a: Grand Regent Moth|Struggle Bug|p2a: Inteleon\n|-damage|p2a: Inteleon|0 fnt\n|faint|p2a: Inteleon\n|\n|-heal|p1a: Grand Regent Moth|57/100|[from] item: Leftovers\n|upkeep\n|\n|t:|1783805365\n|switch|p2a: Torkoal|Torkoal, F|47/100\n|-weather|SunnyDay|[from] ability: Drought|[of] p2a: Torkoal\n|turn|31\n|\n|t:|1783805374\n|move|p1a: Grand Regent Moth|Struggle Bug|p2a: Torkoal\n|-resisted|p2a: Torkoal\n|-damage|p2a: Torkoal|38/100\n|-unboost|p2a: Torkoal|spa|1\n|move|p2a: Torkoal|Flamethrower|p1a: Grand Regent Moth\n|-supereffective|p1a: Grand Regent Moth\n|-damage|p1a: Grand Regent Moth|3/100\n|\n|-weather|SunnyDay|[upkeep]\n|-heal|p1a: Grand Regent Moth|10/100|[from] item: Leftovers\n|upkeep\n|turn|32\n|\n|t:|1783805386\n|move|p1a: Grand Regent Moth|Struggle Bug|p2a: Torkoal\n|-resisted|p2a: Torkoal\n|-damage|p2a: Torkoal|28/100\n|-unboost|p2a: Torkoal|spa|1\n|move|p2a: Torkoal|Flamethrower|p1a: Grand Regent Moth\n|-supereffective|p1a: Grand Regent Moth\n|-damage|p1a: Grand Regent Moth|0 fnt\n|faint|p1a: Grand Regent Moth\n|\n|-weather|SunnyDay|[upkeep]\n|upkeep\n|\n|t:|1783805391\n|switch|p1a: Iron Valiant|Iron Valiant|100/100\n|-activate|p1a: Iron Valiant|move: Sticky Web\n|-unboost|p1a: Iron Valiant|spe|1\n|turn|33\n|\n|t:|1783805400\n|move|p1a: Iron Valiant|Moonblast|p2a: Torkoal\n|-resisted|p2a: Torkoal\n|-damage|p2a: Torkoal|0 fnt\n|faint|p2a: Torkoal\n|\n|-weather|SunnyDay|[upkeep]\n|upkeep\n|\n|t:|1783805409\n|switch|p2a: Meganium|Meganium, M|94/100\n|turn|34\n|\n|t:|1783805422\n|move|p1a: Iron Valiant|Moonblast|p2a: Meganium\n|-damage|p2a: Meganium|46/100\n|move|p2a: Meganium|Leech Seed|p1a: Iron Valiant\n|-start|p1a: Iron Valiant|move: Leech Seed\n|\n|-weather|SunnyDay|[upkeep]\n|-heal|p2a: Meganium|52/100|[from] item: Leftovers\n|-damage|p1a: Iron Valiant|88/100|[from] Leech Seed|[of] p2a: Meganium\n|-heal|p2a: Meganium|62/100|[silent]\n|upkeep\n|turn|35\n|\n|t:|1783805433\n|-terastallize|p2a: Meganium|Poison\n|move|p1a: Iron Valiant|Moonblast|p2a: Meganium\n|-resisted|p2a: Meganium\n|-damage|p2a: Meganium|39/100\n|-unboost|p2a: Meganium|spa|1\n|move|p2a: Meganium|Synthesis|p2a: Meganium\n|-heal|p2a: Meganium|100/100\n|\n|-weather|SunnyDay|[upkeep]\n|-damage|p1a: Iron Valiant|76/100|[from] Leech Seed|[of] p2a: Meganium\n|upkeep\n|turn|36\n|-message|Makatuk forfeited.\n|\n|win|cozyprincemshroom\n|raw|Makatuk's rating: 1184 &rarr; <strong>1154</strong><br />(-30 for losing)\n|raw|cozyprincemshroom's rating: 1115 &rarr; <strong>1145</strong><br />(+30 for winning)\n|l|☆Makatuk\n|player|p1|\n|l|☆cozyprincemshroom\n|player|p2|\n", "uploadtime": 1783805835, "views": 3, "formatid": "gen9ou", "rating": 1145, "private": 0, "password": null}