{"id": "gen9ou-2647822369", "format": "[Gen 9] OU", "players": ["Uphold2028", "showbiz_carton"], "log": "|j|☆Uphold2028\n|j|☆showbiz_carton\n|t:|1783818693\n|gametype|singles\n|player|p1|Uphold2028|pokemonranger|1366\n|player|p2|showbiz_carton|hugh|1373\n|gen|9\n|tier|[Gen 9] OU\n|rated|\n|rule|HP Percentage Mod: HP is shown in percentages\n|rule|Endless Battle Clause: Forcing endless battles is banned\n|rule|Species Clause: Limit one of each Pokémon\n|rule|OHKO Clause: OHKO moves are banned\n|rule|Evasion Items Clause: Evasion items are banned\n|rule|Evasion Moves Clause: Evasion moves are banned\n|rule|Evasion Abilities Clause: Evasion abilities are banned\n|rule|Sleep Moves Clause: Sleep-inducing moves are banned\n|clearpoke\n|poke|p1|Deoxys-Speed|\n|poke|p1|Kleavor, F|\n|poke|p1|Iron Moth|\n|poke|p1|Donphan, F|\n|poke|p1|Dragapult, F|\n|poke|p1|Blaziken, F|\n|poke|p2|Infernape, M|\n|poke|p2|Gholdengo|\n|poke|p2|Slowking-Galar, M|\n|poke|p2|Dragonite, F|\n|poke|p2|Ribombee, F|\n|poke|p2|Great Tusk|\n|teampreview\n|inactive|Battle timer is ON: inactive players will automatically lose when time's up. (requested by showbiz_carton)\n|c|☆showbiz_carton|I like your Donphan!\n|\n|t:|1783818725\n|teamsize|p1|6\n|teamsize|p2|6\n|start\n|switch|p1a: Donphan|Donphan, F|100/100\n|switch|p2a: Brainwash|Slowking-Galar, M, shiny|100/100\n|turn|1\n|\n|t:|1783818737\n|switch|p2a: Gholdengo|Gholdengo|100/100\n|-item|p2a: Gholdengo|Air Balloon\n|move|p1a: Donphan|Rapid Spin|p2a: Gholdengo\n|-immune|p2a: Gholdengo\n|\n|upkeep\n|turn|2\n|\n|t:|1783818759\n|switch|p1a: Kleavor|Kleavor, F|100/100\n|move|p2a: Gholdengo|Shadow Ball|p1a: Kleavor\n|-damage|p1a: Kleavor|18/100\n|\n|upkeep\n|turn|3\n|\n|t:|1783818766\n|move|p1a: Kleavor|Stone Axe|p2a: Gholdengo\n|-resisted|p2a: Gholdengo\n|-damage|p2a: Gholdengo|71/100\n|-enditem|p2a: Gholdengo|Air Balloon\n|-sidestart|p2: showbiz_carton|move: Stealth Rock\n|move|p2a: Gholdengo|Shadow Ball|p1a: Kleavor\n|-damage|p1a: Kleavor|0 fnt\n|faint|p1a: Kleavor\n|\n|upkeep\n|\n|t:|1783818773\n|switch|p1a: Dragapult|Dragapult, F|100/100\n|turn|4\n|\n|t:|1783818785\n|move|p1a: Dragapult|Dragon Dance|p1a: Dragapult\n|-boost|p1a: Dragapult|atk|1\n|-boost|p1a: Dragapult|spe|1\n|move|p2a: Gholdengo|Shadow Ball|p1a: Dragapult\n|-supereffective|p1a: Dragapult\n|-enditem|p1a: Dragapult|Focus Sash\n|-damage|p1a: Dragapult|1/100\n|\n|upkeep\n|turn|5\n|\n|t:|1783818798\n|switch|p2a: Great Tusk|Great Tusk|100/100\n|-damage|p2a: Great Tusk|98/100|[from] Stealth Rock\n|move|p1a: Dragapult|Phantom Force||[still]\n|-prepare|p1a: Dragapult|Phantom Force\n|\n|upkeep\n|turn|6\n|\n|t:|1783818805\n|move|p1a: Dragapult|Phantom Force|p2a: Great Tusk|[from] lockedmove\n|-damage|p2a: Great Tusk|55/100\n|-damage|p1a: Dragapult|0 fnt|[from] item: Rocky Helmet|[of] p2a: Great Tusk\n|faint|p1a: Dragapult\n|move|p2a: Great Tusk|Stealth Rock|p1: Dragapult\n|-sidestart|p1: Uphold2028|move: Stealth Rock\n|\n|upkeep\n|\n|t:|1783818807\n|switch|p1a: Donphan|Donphan, F|100/100\n|turn|7\n|\n|t:|1783818816\n|-terastallize|p2a: Great Tusk|Ghost\n|move|p1a: Donphan|Earthquake|p2a: Great Tusk\n|-damage|p2a: Great Tusk|27/100\n|move|p2a: Great Tusk|Rapid Spin|p1a: Donphan\n|-damage|p1a: Donphan|84/100\n|-boost|p2a: Great Tusk|spe|1\n|-sideend|p2: showbiz_carton|Stealth Rock|[from] move: Rapid Spin|[of] p2a: Great Tusk\n|\n|upkeep\n|turn|8\n|\n|t:|1783818838\n|move|p1a: Donphan|Ice Shard|p2a: Great Tusk\n|-damage|p2a: Great Tusk|20/100\n|move|p2a: Great Tusk|Headlong Rush|p1a: Donphan\n|-damage|p1a: Donphan|29/100\n|-unboost|p2a: Great Tusk|def|1\n|-unboost|p2a: Great Tusk|spd|1\n|\n|upkeep\n|turn|9\n|-message|Uphold2028 forfeited.\n|\n|win|showbiz_carton\n|raw|Uphold2028's rating: 1339 &rarr; <strong>1321</strong><br />(-18 for losing)\n|raw|showbiz_carton's rating: 1373 &rarr; <strong>1391</strong><br />(+18 for winning)\n|l|☆Uphold2028\n|player|p1|\n|l|☆showbiz_carton\n|player|p2|\n", "uploadtime": 1783819215, "views": 13, "formatid": "gen9ou", "rating": 1321, "private": 0, "password": null}