{"id": "gen9ou-2540609207", "format": "[Gen 9] OU", "players": ["ceo o wo chien", "rblt ryo"], "log": "|j|☆ceo o wo chien\n|j|☆rblt ryo\n|t:|1771226590\n|gametype|singles\n|player|p1|ceo o wo chien|1|1709\n|player|p2|rblt ryo|dawn|1699\n|gen|9\n|tier|[Gen 9] OU\n|rated|\n|rule|HP Percentage Mod: HP is shown in percentages\n|rule|Endless Battle Clause: Forcing endless battles is banned\n|rule|Species Clause: Limit one of each Pokémon\n|rule|OHKO Clause: OHKO moves are banned\n|rule|Evasion Items Clause: Evasion items are banned\n|rule|Evasion Moves Clause: Evasion moves are banned\n|rule|Evasion Abilities Clause: Evasion abilities are banned\n|rule|Sleep Moves Clause: Sleep-inducing moves are banned\n|clearpoke\n|poke|p1|Primarina, M|\n|poke|p1|Iron Crown|\n|poke|p1|Great Tusk|\n|poke|p1|Wo-Chien|\n|poke|p1|Moltres|\n|poke|p1|Dragapult, M|\n|poke|p2|Metagross|\n|poke|p2|Keldeo-Resolute|\n|poke|p2|Ting-Lu|\n|poke|p2|Pecharunt|\n|poke|p2|Dragapult, M|\n|poke|p2|Zapdos|\n|teampreview\n|inactive|Battle timer is ON: inactive players will automatically lose when time's up. (requested by ceo o wo chien)\n|c|☆rblt ryo|Dead ladder theory\n|c|☆ceo o wo chien|fr\n|\n|t:|1771226615\n|teamsize|p1|6\n|teamsize|p2|6\n|start\n|switch|p1a: Iron Crown|Iron Crown|100/100\n|switch|p2a: Zapdos|Zapdos|100/100\n|turn|1\n|\n|t:|1771226635\n|move|p2a: Zapdos|Volt Switch|p1a: Iron Crown\n|-damage|p1a: Iron Crown|66/100\n|\n|t:|1771226639\n|switch|p2a: Ting-Lu|Ting-Lu|100/100|[from] Volt Switch\n|-ability|p2a: Ting-Lu|Vessel of Ruin\n|move|p1a: Iron Crown|Psyshock|p2a: Ting-Lu\n|-immune|p2a: Ting-Lu\n|\n|upkeep\n|turn|2\n|\n|t:|1771226652\n|-end|p1a: Iron Crown|Quark Drive|[silent]\n|switch|p1a: Primarina|Primarina, M|100/100\n|move|p2a: Ting-Lu|Ruination|p1a: Primarina\n|-damage|p1a: Primarina|51/100\n|\n|upkeep\n|turn|3\n|\n|t:|1771226661\n|-terastallize|p2a: Ting-Lu|Water\n|move|p1a: Primarina|Surf|p2a: Ting-Lu\n|-resisted|p2a: Ting-Lu\n|-damage|p2a: Ting-Lu|91/100\n|move|p2a: Ting-Lu|Stealth Rock|p1a: Primarina\n|-sidestart|p1: ceo o wo chien|move: Stealth Rock\n|\n|-heal|p2a: Ting-Lu|97/100|[from] item: Leftovers\n|upkeep\n|turn|4\n|\n|t:|1771226668\n|switch|p1a: Wo-Chien|Wo-Chien|100/100\n|-damage|p1a: Wo-Chien|88/100|[from] Stealth Rock\n|-ability|p1a: Wo-Chien|Tablets of Ruin\n|move|p2a: Ting-Lu|Ruination|p1a: Wo-Chien\n|-damage|p1a: Wo-Chien|44/100\n|\n|-heal|p1a: Wo-Chien|50/100|[from] item: Leftovers\n|-heal|p2a: Ting-Lu|100/100|[from] item: Leftovers\n|upkeep\n|turn|5\n|\n|t:|1771226680\n|switch|p1a: Dragapult|Dragapult, M|100/100\n|-damage|p1a: Dragapult|88/100|[from] Stealth Rock\n|move|p2a: Ting-Lu|Whirlwind|p1a: Dragapult\n|drag|p1a: Moltres|Moltres|100/100\n|\n|upkeep\n|turn|6\n|\n|t:|1771226688\n|switch|p2a: Keldeo|Keldeo-Resolute, shiny|100/100\n|move|p1a: Moltres|U-turn|p2a: Keldeo\n|-resisted|p2a: Keldeo\n|-damage|p2a: Keldeo|92/100\n|\n|t:|1771226690\n|switch|p1a: Dragapult|Dragapult, M|88/100|[from] U-turn\n|-damage|p1a: Dragapult|76/100|[from] Stealth Rock\n|\n|upkeep\n|turn|7\n|j| ToppyTopic\n|c| ToppyTopic|Go ryo!\n|\n|t:|1771226710\n|-terastallize|p1a: Dragapult|Ghost\n|move|p1a: Dragapult|Tera Blast|p2a: Keldeo|[anim] Tera Blast Ghost\n|-damage|p2a: Keldeo|0 fnt\n|faint|p2a: Keldeo\n|\n|upkeep\n|\n|t:|1771226723\n|switch|p2a: Dragapult|Dragapult, M|100/100\n|turn|8\n|\n|t:|1771226726\n|move|p2a: Dragapult|U-turn|p1a: Dragapult\n|-resisted|p1a: Dragapult\n|-damage|p1a: Dragapult|65/100\n|j| karura c4\n|\n|t:|1771226734\n|switch|p2a: Pecharunt|Pecharunt|100/100|[from] U-turn\n|move|p1a: Dragapult|Tera Blast|p2a: Pecharunt|[anim] Tera Blast Ghost\n|-supereffective|p2a: Pecharunt\n|-damage|p2a: Pecharunt|22/100\n|\n|upkeep\n|turn|9\n|\n|t:|1771226753\n|move|p1a: Dragapult|Tera Blast|p2a: Pecharunt|[anim] Tera Blast Ghost\n|-supereffective|p2a: Pecharunt\n|-damage|p2a: Pecharunt|0 fnt\n|faint|p2a: Pecharunt\n|\n|upkeep\n|\n|t:|1771226757\n|switch|p2a: Dragapult|Dragapult, M|100/100\n|turn|10\n|\n|t:|1771226760\n|move|p2a: Dragapult|U-turn|p1a: Dragapult\n|-resisted|p1a: Dragapult\n|-damage|p1a: Dragapult|53/100\n|\n|t:|1771226768\n|switch|p2a: Metagross|Metagross, shiny|100/100|[from] U-turn\n|move|p1a: Dragapult|Tera Blast|p2a: Metagross|[anim] Tera Blast Ghost\n|-supereffective|p2a: Metagross\n|-damage|p2a: Metagross|0 fnt\n|faint|p2a: Metagross\n|\n|upkeep\n|\n|t:|1771226772\n|switch|p2a: Dragapult|Dragapult, M|100/100\n|turn|11\n|\n|t:|1771226784\n|move|p2a: Dragapult|Shadow Ball|p1a: Dragapult\n|-supereffective|p1a: Dragapult\n|-damage|p1a: Dragapult|0 fnt\n|faint|p1a: Dragapult\n|\n|upkeep\n|\n|t:|1771226787\n|switch|p1a: Wo-Chien|Wo-Chien|50/100\n|-damage|p1a: Wo-Chien|38/100|[from] Stealth Rock\n|-ability|p1a: Wo-Chien|Tablets of Ruin\n|turn|12\n|\n|t:|1771226800\n|move|p2a: Dragapult|Shadow Ball|p1a: Wo-Chien\n|-resisted|p1a: Wo-Chien\n|-damage|p1a: Wo-Chien|24/100\n|-unboost|p1a: Wo-Chien|spd|1\n|move|p1a: Wo-Chien|Leech Seed|p2a: Dragapult\n|-start|p2a: Dragapult|move: Leech Seed\n|\n|-heal|p1a: Wo-Chien|30/100|[from] item: Leftovers\n|-damage|p2a: Dragapult|88/100|[from] Leech Seed|[of] p1a: Wo-Chien\n|-heal|p1a: Wo-Chien|40/100|[silent]\n|upkeep\n|turn|13\n|\n|t:|1771226815\n|switch|p2a: Zapdos|Zapdos|100/100\n|switch|p1a: Moltres|Moltres|100/100\n|\n|upkeep\n|turn|14\n|\n|t:|1771226823\n|move|p2a: Zapdos|Hurricane|p1a: Moltres\n|-damage|p1a: Moltres|60/100\n|move|p1a: Moltres|U-turn|p2a: Zapdos\n|-resisted|p2a: Zapdos\n|-damage|p2a: Zapdos|92/100\n|\n|t:|1771226826\n|switch|p1a: Iron Crown|Iron Crown|66/100|[from] U-turn\n|-damage|p1a: Iron Crown|60/100|[from] Stealth Rock\n|\n|upkeep\n|turn|15\n|\n|t:|1771226831\n|move|p2a: Zapdos|Heat Wave|p1a: Iron Crown\n|-supereffective|p1a: Iron Crown\n|-damage|p1a: Iron Crown|0 fnt\n|faint|p1a: Iron Crown\n|-end|p1a: Iron Crown|Quark Drive|[silent]\n|\n|upkeep\n|\n|t:|1771226838\n|switch|p1a: Moltres|Moltres|60/100\n|turn|16\n|\n|t:|1771226843\n|move|p2a: Zapdos|Volt Switch|p1a: Moltres\n|-supereffective|p1a: Moltres\n|-damage|p1a: Moltres|8/100\n|\n|t:|1771226847\n|switch|p2a: Ting-Lu|Ting-Lu, tera:Water|100/100|[from] Volt Switch\n|-ability|p2a: Ting-Lu|Vessel of Ruin\n|move|p1a: Moltres|Roost|p1a: Moltres\n|-heal|p1a: Moltres|58/100\n|-singleturn|p1a: Moltres|move: Roost\n|\n|upkeep\n|turn|17\n|\n|t:|1771226855\n|switch|p2a: Zapdos|Zapdos|92/100\n|move|p1a: Moltres|U-turn|p2a: Zapdos\n|-resisted|p2a: Zapdos\n|-damage|p2a: Zapdos|84/100\n|-status|p1a: Moltres|par|[from] ability: Static|[of] p2a: Zapdos\n|\n|t:|1771226866\n|switch|p1a: Great Tusk|Great Tusk|100/100|[from] U-turn\n|\n|upkeep\n|turn|18\n|\n|t:|1771226870\n|move|p2a: Zapdos|Hurricane|p1a: Great Tusk\n|-supereffective|p1a: Great Tusk\n|-damage|p1a: Great Tusk|0 fnt\n|faint|p1a: Great Tusk\n|-end|p1a: Great Tusk|Protosynthesis|[silent]\n|\n|upkeep\n|-message|ceo o wo chien forfeited.\n|\n|win|rblt ryo\n|raw|ceo o wo chien's rating: 1727 &rarr; <strong>1705</strong><br />(-22 for losing)\n|raw|rblt ryo's rating: 1699 &rarr; <strong>1721</strong><br />(+22 for winning)\n|l|☆ceo o wo chien\n|player|p1|\n|l| ToppyTopic\n|l|☆rblt ryo\n|player|p2|\n", "uploadtime": 1771227098, "views": 19, "formatid": "gen9ou", "rating": 1705, "private": 0, "password": null}