{"id": "gen9ou-2647784468", "format": "[Gen 9] OU", "players": ["RSFB", "Breezy55"], "log": "|j|☆RSFB\n|j|☆Breezy55\n|t:|1783812093\n|gametype|singles\n|player|p1|RSFB|candice|1313\n|player|p2|Breezy55|169|1247\n|gen|9\n|tier|[Gen 9] OU\n|rated|\n|rule|HP Percentage Mod: HP is shown in percentages\n|rule|Endless Battle Clause: Forcing endless battles is banned\n|rule|Species Clause: Limit one of each Pokémon\n|rule|OHKO Clause: OHKO moves are banned\n|rule|Evasion Items Clause: Evasion items are banned\n|rule|Evasion Moves Clause: Evasion moves are banned\n|rule|Evasion Abilities Clause: Evasion abilities are banned\n|rule|Sleep Moves Clause: Sleep-inducing moves are banned\n|clearpoke\n|poke|p1|Cetitan, F|\n|poke|p1|Ninetales-Alola, F|\n|poke|p1|Slowking, M|\n|poke|p1|Gliscor, M|\n|poke|p1|Great Tusk|\n|poke|p1|Raging Bolt|\n|poke|p2|Hitmonchan, M|\n|poke|p2|Kyurem|\n|poke|p2|Darkrai|\n|poke|p2|Gholdengo|\n|poke|p2|Landorus-Therian, M|\n|poke|p2|Iron Valiant|\n|teampreview\n|\n|t:|1783812099\n|teamsize|p1|6\n|teamsize|p2|6\n|start\n|switch|p1a: Ninetales|Ninetales-Alola, F|100/100\n|switch|p2a: Gholdengo|Gholdengo|100/100\n|-weather|Snowscape|[from] ability: Snow Warning|[of] p1a: Ninetales\n|-item|p2a: Gholdengo|Air Balloon\n|turn|1\n|\n|t:|1783812111\n|switch|p1a: Raging Bolt|Raging Bolt|100/100\n|move|p2a: Gholdengo|Nasty Plot|p2a: Gholdengo\n|-boost|p2a: Gholdengo|spa|2\n|\n|-weather|Snowscape|[upkeep]\n|upkeep\n|turn|2\n|\n|t:|1783812122\n|move|p1a: Raging Bolt|Thunderclap|p2a: Gholdengo\n|-damage|p2a: Gholdengo|40/100\n|-enditem|p2a: Gholdengo|Air Balloon\n|move|p2a: Gholdengo|Shadow Ball|p1a: Raging Bolt\n|-damage|p1a: Raging Bolt|18/100\n|\n|-weather|Snowscape|[upkeep]\n|upkeep\n|turn|3\n|\n|t:|1783812131\n|move|p1a: Raging Bolt|Thunderclap||[still]\n|-fail|p1a: Raging Bolt\n|move|p2a: Gholdengo|Recover|p2a: Gholdengo\n|-heal|p2a: Gholdengo|90/100\n|\n|-weather|Snowscape|[upkeep]\n|upkeep\n|turn|4\n|\n|t:|1783812138\n|move|p1a: Raging Bolt|Thunderclap|p2a: Gholdengo\n|-damage|p2a: Gholdengo|27/100\n|move|p2a: Gholdengo|Shadow Ball|p1a: Raging Bolt\n|-damage|p1a: Raging Bolt|0 fnt\n|faint|p1a: Raging Bolt\n|-end|p1a: Raging Bolt|Protosynthesis|[silent]\n|\n|-weather|Snowscape|[upkeep]\n|upkeep\n|\n|t:|1783812154\n|switch|p1a: Great Tusk|Great Tusk|100/100\n|-enditem|p1a: Great Tusk|Booster Energy\n|-activate|p1a: Great Tusk|ability: Protosynthesis|[fromitem]\n|-start|p1a: Great Tusk|protosynthesisspe\n|turn|5\n|\n|t:|1783812160\n|switch|p2a: Landorus|Landorus-Therian, M|100/100\n|-ability|p2a: Landorus|Intimidate|boost\n|-unboost|p1a: Great Tusk|atk|1\n|move|p1a: Great Tusk|Headlong Rush|p2a: Landorus\n|-immune|p2a: Landorus\n|\n|-weather|Snowscape|[upkeep]\n|upkeep\n|turn|6\n|\n|t:|1783812172\n|-end|p1a: Great Tusk|Protosynthesis|[silent]\n|switch|p1a: Slowking|Slowking, M|100/100\n|move|p2a: Landorus|Stealth Rock|p1a: Slowking\n|-sidestart|p1: RSFB|move: Stealth Rock\n|\n|-weather|Snowscape|[upkeep]\n|upkeep\n|turn|7\n|\n|t:|1783812180\n|move|p2a: Landorus|U-turn|p1a: Slowking\n|-supereffective|p1a: Slowking\n|-damage|p1a: Slowking|68/100\n|\n|t:|1783812183\n|switch|p2a: Gholdengo|Gholdengo|27/100|[from] U-turn\n|move|p1a: Slowking|Future Sight|p2a: Gholdengo\n|-start|p1a: Slowking|move: Future Sight\n|\n|-weather|Snowscape|[upkeep]\n|upkeep\n|turn|8\n|\n|t:|1783812192\n|move|p2a: Gholdengo|Shadow Ball|p1a: Slowking\n|-supereffective|p1a: Slowking\n|-damage|p1a: Slowking|0 fnt\n|faint|p1a: Slowking\n|\n|-weather|none\n|upkeep\n|\n|t:|1783812200\n|switch|p1a: Great Tusk|Great Tusk|100/100\n|-damage|p1a: Great Tusk|97/100|[from] Stealth Rock\n|turn|9\n|\n|t:|1783812206\n|move|p1a: Great Tusk|Headlong Rush|p2a: Gholdengo\n|-supereffective|p2a: Gholdengo\n|-damage|p2a: Gholdengo|0 fnt\n|-unboost|p1a: Great Tusk|def|1\n|-unboost|p1a: Great Tusk|spd|1\n|faint|p2a: Gholdengo\n|\n|-hint|Future Sight did not hit because the target is fainted.\n|upkeep\n|\n|t:|1783812214\n|switch|p2a: Landorus|Landorus-Therian, M|100/100\n|-ability|p2a: Landorus|Intimidate|boost\n|-unboost|p1a: Great Tusk|atk|1\n|turn|10\n|\n|t:|1783812221\n|move|p1a: Great Tusk|Ice Spinner|p2a: Landorus\n|-supereffective|p2a: Landorus\n|-damage|p2a: Landorus|59/100\n|-damage|p1a: Great Tusk|81/100|[from] item: Rocky Helmet|[of] p2a: Landorus\n|move|p2a: Landorus|U-turn|p1a: Great Tusk\n|-resisted|p1a: Great Tusk\n|-damage|p1a: Great Tusk|70/100\n|\n|t:|1783812227\n|switch|p2a: Kyurem|Kyurem|100/100|[from] U-turn\n|-ability|p2a: Kyurem|Pressure\n|\n|upkeep\n|turn|11\n|\n|t:|1783812234\n|move|p2a: Kyurem|Ice Beam|p1a: Great Tusk\n|-supereffective|p1a: Great Tusk\n|-damage|p1a: Great Tusk|0 fnt\n|faint|p1a: Great Tusk\n|-end|p1a: Great Tusk|Protosynthesis|[silent]\n|\n|upkeep\n|\n|t:|1783812243\n|switch|p1a: Ninetales|Ninetales-Alola, F|100/100\n|-damage|p1a: Ninetales|76/100|[from] Stealth Rock\n|-weather|Snowscape|[from] ability: Snow Warning|[of] p1a: Ninetales\n|turn|12\n|\n|t:|1783812251\n|move|p1a: Ninetales|Aurora Veil|p1a: Ninetales\n|-sidestart|p1: RSFB|move: Aurora Veil\n|move|p2a: Kyurem|Ice Beam|p1a: Ninetales\n|-resisted|p1a: Ninetales\n|-damage|p1a: Ninetales|60/100\n|\n|-weather|Snowscape|[upkeep]\n|upkeep\n|turn|13\n|\n|t:|1783812261\n|switch|p2a: Landorus|Landorus-Therian, M|59/100\n|-ability|p2a: Landorus|Intimidate|boost\n|-unboost|p1a: Ninetales|atk|1\n|move|p1a: Ninetales|Moonblast|p2a: Landorus\n|-damage|p2a: Landorus|28/100\n|\n|-weather|Snowscape|[upkeep]\n|upkeep\n|turn|14\n|\n|t:|1783812270\n|move|p1a: Ninetales|Moonblast|p2a: Landorus\n|-damage|p2a: Landorus|0 fnt\n|faint|p2a: Landorus\n|\n|-weather|Snowscape|[upkeep]\n|upkeep\n|\n|t:|1783812275\n|switch|p2a: Darkrai|Darkrai|100/100\n|turn|15\n|\n|t:|1783812280\n|-terastallize|p2a: Darkrai|Poison\n|move|p2a: Darkrai|Nasty Plot|p2a: Darkrai\n|-boost|p2a: Darkrai|spa|2\n|move|p1a: Ninetales|Moonblast|p2a: Darkrai\n|-resisted|p2a: Darkrai\n|-damage|p2a: Darkrai|81/100\n|-unboost|p2a: Darkrai|spa|1\n|\n|-weather|Snowscape|[upkeep]\n|upkeep\n|turn|16\n|\n|t:|1783812303\n|move|p2a: Darkrai|Sludge Bomb|p1a: Ninetales\n|-supereffective|p1a: Ninetales\n|-damage|p1a: Ninetales|0 fnt\n|faint|p1a: Ninetales\n|\n|-weather|Snowscape|[upkeep]\n|-sideend|p1: RSFB|move: Aurora Veil\n|upkeep\n|\n|t:|1783812313\n|switch|p1a: Cetitan|Cetitan, F|100/100\n|-damage|p1a: Cetitan|76/100|[from] Stealth Rock\n|turn|17\n|\n|t:|1783812319\n|move|p1a: Cetitan|Earthquake|p2a: Darkrai\n|-supereffective|p2a: Darkrai\n|-damage|p2a: Darkrai|0 fnt\n|faint|p2a: Darkrai\n|\n|-weather|Snowscape|[upkeep]\n|upkeep\n|\n|t:|1783812324\n|switch|p2a: Hitmonchan|Hitmonchan, M|100/100\n|turn|18\n|\n|t:|1783812328\n|move|p1a: Cetitan|Earthquake|p2a: Hitmonchan\n|-damage|p2a: Hitmonchan|32/100\n|move|p2a: Hitmonchan|Drain Punch|p1a: Cetitan\n|-supereffective|p1a: Cetitan\n|-damage|p1a: Cetitan|20/100\n|-heal|p2a: Hitmonchan|78/100|[from] drain|[of] p1a: Cetitan\n|\n|-weather|Snowscape|[upkeep]\n|upkeep\n|turn|19\n|\n|t:|1783812338\n|move|p2a: Hitmonchan|Mach Punch|p1a: Cetitan\n|-supereffective|p1a: Cetitan\n|-damage|p1a: Cetitan|0 fnt\n|faint|p1a: Cetitan\n|\n|-weather|none\n|upkeep\n|\n|t:|1783812344\n|switch|p1a: Gliscor|Gliscor, M|100/100\n|-damage|p1a: Gliscor|88/100|[from] Stealth Rock\n|turn|20\n|\n|t:|1783812349\n|switch|p2a: Iron Valiant|Iron Valiant|100/100\n|-enditem|p2a: Iron Valiant|Booster Energy\n|-activate|p2a: Iron Valiant|ability: Quark Drive|[fromitem]\n|-start|p2a: Iron Valiant|quarkdrivespe\n|move|p1a: Gliscor|Toxic|p2a: Iron Valiant|[miss]\n|-miss|p1a: Gliscor|p2a: Iron Valiant\n|\n|-status|p1a: Gliscor|tox|[from] item: Toxic Orb\n|upkeep\n|turn|21\n|\n|t:|1783812360\n|move|p2a: Iron Valiant|Encore|p1a: Gliscor\n|-start|p1a: Gliscor|Encore\n|move|p1a: Gliscor|Toxic|p2a: Iron Valiant\n|-status|p2a: Iron Valiant|tox\n|\n|-damage|p2a: Iron Valiant|94/100 tox|[from] psn\n|-heal|p1a: Gliscor|100/100 tox|[from] ability: Poison Heal\n|upkeep\n|turn|22\n|\n|t:|1783812375\n|-end|p2a: Iron Valiant|Quark Drive|[silent]\n|switch|p2a: Kyurem|Kyurem|100/100\n|-ability|p2a: Kyurem|Pressure\n|move|p1a: Gliscor|Toxic|p2a: Kyurem\n|-status|p2a: Kyurem|tox\n|\n|-damage|p2a: Kyurem|94/100 tox|[from] psn\n|upkeep\n|turn|23\n|\n|t:|1783812386\n|-terastallize|p1a: Gliscor|Water\n|move|p2a: Kyurem|Freeze-Dry|p1a: Gliscor\n|-supereffective|p1a: Gliscor\n|-damage|p1a: Gliscor|0 fnt\n|faint|p1a: Gliscor\n|\n|win|Breezy55\n|raw|RSFB's rating: 1313 &rarr; <strong>1289</strong><br />(-24 for losing)\n|raw|Breezy55's rating: 1247 &rarr; <strong>1277</strong><br />(+30 for winning)\n|l|☆Breezy55\n|player|p2|\n|l|☆RSFB\n|player|p1|\n", "uploadtime": 1783812669, "views": 12, "formatid": "gen9ou", "rating": 1277, "private": 0, "password": null}