{"id": "gen9ou-2647843198", "format": "[Gen 9] OU", "players": ["wumbosquad", "GrumpyMonk26"], "log": "|j|☆wumbosquad\n|j|☆GrumpyMonk26\n|t:|1783822416\n|gametype|singles\n|player|p1|wumbosquad|1|1130\n|player|p2|GrumpyMonk26|musician|1142\n|gen|9\n|tier|[Gen 9] OU\n|rated|\n|rule|HP Percentage Mod: HP is shown in percentages\n|rule|Endless Battle Clause: Forcing endless battles is banned\n|rule|Species Clause: Limit one of each Pokémon\n|rule|OHKO Clause: OHKO moves are banned\n|rule|Evasion Items Clause: Evasion items are banned\n|rule|Evasion Moves Clause: Evasion moves are banned\n|rule|Evasion Abilities Clause: Evasion abilities are banned\n|rule|Sleep Moves Clause: Sleep-inducing moves are banned\n|clearpoke\n|poke|p1|Krookodile, M|\n|poke|p1|Rhydon, F|\n|poke|p1|Ursaluna, F|\n|poke|p1|Enamorus-Therian, F|\n|poke|p1|Crabominable, F|\n|poke|p1|Slowking, F|\n|poke|p2|Politoed, M|\n|poke|p2|Deoxys-Speed|\n|poke|p2|Zapdos|\n|poke|p2|Suicune|\n|poke|p2|Iron Moth|\n|poke|p2|Duraludon, F|\n|teampreview\n|\n|t:|1783822427\n|teamsize|p1|6\n|teamsize|p2|6\n|start\n|switch|p1a: Ursaluna|Ursaluna, F|100/100\n|switch|p2a: Politoed|Politoed, M, shiny|100/100\n|-weather|RainDance|[from] ability: Drizzle|[of] p2a: Politoed\n|turn|1\n|\n|t:|1783822435\n|-terastallize|p1a: Ursaluna|Normal\n|move|p2a: Politoed|Waterfall|p1a: Ursaluna\n|-damage|p1a: Ursaluna|77/100\n|cant|p1a: Ursaluna|flinch\n|\n|-weather|RainDance|[upkeep]\n|-status|p1a: Ursaluna|brn|[from] item: Flame Orb\n|upkeep\n|turn|2\n|\n|t:|1783822451\n|switch|p2a: Duraludon|Duraludon, F, shiny|100/100\n|move|p1a: Ursaluna|Trailblaze|p2a: Duraludon\n|-resisted|p2a: Duraludon\n|-damage|p2a: Duraludon|96/100\n|-boost|p1a: Ursaluna|spe|1\n|\n|-weather|RainDance|[upkeep]\n|-damage|p1a: Ursaluna|70/100 brn|[from] brn\n|upkeep\n|turn|3\n|\n|t:|1783822461\n|move|p2a: Duraludon|Body Press|p1a: Ursaluna\n|-supereffective|p1a: Ursaluna\n|-damage|p1a: Ursaluna|36/100 brn\n|move|p1a: Ursaluna|Earthquake|p2a: Duraludon\n|-supereffective|p2a: Duraludon\n|-damage|p2a: Duraludon|0 fnt\n|faint|p2a: Duraludon\n|\n|-weather|RainDance|[upkeep]\n|-damage|p1a: Ursaluna|30/100 brn|[from] brn\n|upkeep\n|\n|t:|1783822473\n|switch|p2a: Deoxys|Deoxys-Speed|100/100\n|-ability|p2a: Deoxys|Pressure\n|turn|4\n|\n|t:|1783822479\n|move|p2a: Deoxys|Psycho Boost|p1a: Ursaluna\n|-damage|p1a: Ursaluna|0 fnt\n|-unboost|p2a: Deoxys|spa|2\n|faint|p1a: Ursaluna\n|\n|-weather|RainDance|[upkeep]\n|upkeep\n|\n|t:|1783822493\n|switch|p1a: Rhydon|Rhydon, F|100/100\n|turn|5\n|\n|t:|1783822499\n|switch|p2a: Politoed|Politoed, M, shiny|100/100\n|move|p1a: Rhydon|Iron Defense|p1a: Rhydon\n|-boost|p1a: Rhydon|def|2\n|\n|-weather|none\n|upkeep\n|turn|6\n|\n|t:|1783822510\n|move|p2a: Politoed|Waterfall|p1a: Rhydon\n|-supereffective|p1a: Rhydon\n|-damage|p1a: Rhydon|80/100\n|move|p1a: Rhydon|Body Press|p2a: Politoed\n|-damage|p2a: Politoed|36/100\n|\n|-heal|p2a: Politoed|42/100|[from] item: Leftovers\n|upkeep\n|turn|7\n|\n|t:|1783822520\n|move|p2a: Politoed|Rest|p2a: Politoed\n|-status|p2a: Politoed|slp|[from] move: Rest\n|-heal|p2a: Politoed|100/100 slp|[silent]\n|move|p1a: Rhydon|Iron Defense|p1a: Rhydon\n|-boost|p1a: Rhydon|def|2\n|\n|upkeep\n|turn|8\n|\n|t:|1783822527\n|cant|p2a: Politoed|slp\n|move|p2a: Politoed|Sleep Talk|p2a: Politoed\n|move|p2a: Politoed|Rest||[from] move: Sleep Talk|[still]\n|-fail|p2a: Politoed\n|move|p1a: Rhydon|Stealth Rock|p2a: Politoed\n|-sidestart|p2: GrumpyMonk26|move: Stealth Rock\n|\n|upkeep\n|turn|9\n|\n|t:|1783822536\n|cant|p2a: Politoed|slp\n|move|p2a: Politoed|Sleep Talk|p2a: Politoed\n|move|p2a: Politoed|Waterfall|p1a: Rhydon|[from] move: Sleep Talk\n|-supereffective|p1a: Rhydon\n|-damage|p1a: Rhydon|66/100\n|cant|p1a: Rhydon|flinch\n|\n|upkeep\n|turn|10\n|\n|t:|1783822548\n|-curestatus|p2a: Politoed|slp|[msg]\n|move|p2a: Politoed|Ice Beam|p1a: Rhydon\n|-supereffective|p1a: Rhydon\n|-damage|p1a: Rhydon|35/100\n|move|p1a: Rhydon|Body Press|p2a: Politoed\n|-damage|p2a: Politoed|0 fnt\n|faint|p2a: Politoed\n|\n|upkeep\n|\n|t:|1783822560\n|switch|p2a: Iron Moth|Iron Moth, shiny|100/100\n|-damage|p2a: Iron Moth|76/100|[from] Stealth Rock\n|-enditem|p2a: Iron Moth|Booster Energy\n|-activate|p2a: Iron Moth|ability: Quark Drive|[fromitem]\n|-start|p2a: Iron Moth|quarkdrivespa\n|turn|11\n|\n|t:|1783822568\n|move|p2a: Iron Moth|Energy Ball|p1a: Rhydon\n|-supereffective|p1a: Rhydon\n|-damage|p1a: Rhydon|0 fnt\n|faint|p1a: Rhydon\n|\n|upkeep\n|\n|t:|1783822584\n|switch|p1a: Krookodile|Krookodile, M|100/100\n|turn|12\n|\n|t:|1783822591\n|-terastallize|p2a: Iron Moth|Grass\n|move|p2a: Iron Moth|Energy Ball|p1a: Krookodile\n|-supereffective|p1a: Krookodile\n|-damage|p1a: Krookodile|0 fnt\n|faint|p1a: Krookodile\n|\n|upkeep\n|\n|t:|1783822601\n|switch|p1a: Crabominable|Crabominable, F|100/100\n|turn|13\n|\n|t:|1783822619\n|move|p2a: Iron Moth|Fiery Dance|p1a: Crabominable\n|-supereffective|p1a: Crabominable\n|-damage|p1a: Crabominable|0 fnt\n|faint|p1a: Crabominable\n|\n|upkeep\n|\n|t:|1783822627\n|switch|p1a: Enamorus|Enamorus-Therian, F|100/100\n|turn|14\n|\n|t:|1783822632\n|move|p2a: Iron Moth|Sludge Wave|p1a: Enamorus\n|-supereffective|p1a: Enamorus\n|-damage|p1a: Enamorus|0 fnt\n|faint|p1a: Enamorus\n|\n|upkeep\n|\n|t:|1783822638\n|switch|p1a: Slowking|Slowking, F|100/100\n|turn|15\n|\n|t:|1783822646\n|move|p2a: Iron Moth|Energy Ball|p1a: Slowking\n|-supereffective|p1a: Slowking\n|-damage|p1a: Slowking|5/100\n|-unboost|p1a: Slowking|spd|1\n|move|p1a: Slowking|Psychic|p2a: Iron Moth\n|-damage|p2a: Iron Moth|33/100\n|\n|-heal|p1a: Slowking|11/100|[from] item: Leftovers\n|upkeep\n|turn|16\n|\n|t:|1783822657\n|move|p2a: Iron Moth|Energy Ball|p1a: Slowking\n|-supereffective|p1a: Slowking\n|-damage|p1a: Slowking|0 fnt\n|faint|p1a: Slowking\n|\n|win|GrumpyMonk26\n|raw|wumbosquad's rating: 1130 &rarr; <strong>1106</strong><br />(-24 for losing)\n|raw|GrumpyMonk26's rating: 1142 &rarr; <strong>1166</strong><br />(+24 for winning)\n|l|☆wumbosquad\n|player|p1|\n|l|☆GrumpyMonk26\n|player|p2|\n", "uploadtime": 1783823024, "views": 1, "formatid": "gen9ou", "rating": 1106, "private": 0, "password": null}