{"id": "gen9ou-2647783743", "format": "[Gen 9] OU", "players": ["chiapanco", "agent 3 of 2013"], "log": "|j|☆chiapanco\n|j|☆agent 3 of 2013\n|t:|1783811964\n|gametype|singles\n|player|p1|chiapanco|102|1480\n|player|p2|agent 3 of 2013|unknownf|1493\n|gen|9\n|tier|[Gen 9] OU\n|rated|\n|rule|HP Percentage Mod: HP is shown in percentages\n|rule|Endless Battle Clause: Forcing endless battles is banned\n|rule|Species Clause: Limit one of each Pokémon\n|rule|OHKO Clause: OHKO moves are banned\n|rule|Evasion Items Clause: Evasion items are banned\n|rule|Evasion Moves Clause: Evasion moves are banned\n|rule|Evasion Abilities Clause: Evasion abilities are banned\n|rule|Sleep Moves Clause: Sleep-inducing moves are banned\n|clearpoke\n|poke|p1|Garchomp, M|\n|poke|p1|Kingambit, M|\n|poke|p1|Gholdengo|\n|poke|p1|Dragonite, M|\n|poke|p1|Rotom-Wash|\n|poke|p1|Clefable, F|\n|poke|p2|Ogerpon-Wellspring, F|\n|poke|p2|Pecharunt|\n|poke|p2|Kingambit, M|\n|poke|p2|Great Tusk|\n|poke|p2|Slowking-Galar, F|\n|poke|p2|Flamigo, F|\n|teampreview\n|inactive|Battle timer is ON: inactive players will automatically lose when time's up. (requested by chiapanco)\n|inactive|agent 3 of 2013 also wants the timer to be on.\n|inactive|agent 3 of 2013 has 120 seconds left.\n|inactive|agent 3 of 2013 has 90 seconds left.\n|\n|t:|1783812041\n|teamsize|p1|6\n|teamsize|p2|6\n|start\n|switch|p1a: Rotom|Rotom-Wash|100/100\n|switch|p2a: Ogerpon|Ogerpon-Wellspring, F|100/100\n|turn|1\n|\n|t:|1783812052\n|move|p2a: Ogerpon|U-turn|p1a: Rotom\n|-damage|p1a: Rotom|78/100\n|\n|t:|1783812056\n|switch|p2a: Slowking|Slowking-Galar, F|100/100|[from] U-turn\n|move|p1a: Rotom|Will-O-Wisp|p2a: Slowking\n|-status|p2a: Slowking|brn\n|\n|-heal|p1a: Rotom|84/100|[from] item: Leftovers\n|-damage|p2a: Slowking|94/100 brn|[from] brn\n|upkeep\n|turn|2\n|\n|t:|1783812061\n|move|p1a: Rotom|Volt Switch|p2a: Slowking\n|-damage|p2a: Slowking|80/100 brn\n|\n|t:|1783812065\n|switch|p1a: Garchomp|Garchomp, M|100/100|[from] Volt Switch\n|-prepare|p2a: Slowking|Chilly Reception|[premajor]\n|move|p2a: Slowking|Chilly Reception|p2a: Slowking\n|-weather|Snowscape\n|\n|t:|1783812072\n|switch|p2a: Ogerpon|Ogerpon-Wellspring, F|100/100|[from] Chilly Reception\n|\n|-weather|Snowscape|[upkeep]\n|upkeep\n|turn|3\n|\n|t:|1783812075\n|move|p2a: Ogerpon|Ivy Cudgel|p1a: Garchomp|[anim] Ivy Cudgel Water\n|-crit|p1a: Garchomp\n|-damage|p1a: Garchomp|40/100\n|move|p1a: Garchomp|Stealth Rock|p2a: Ogerpon\n|-sidestart|p2: agent 3 of 2013|move: Stealth Rock\n|\n|-weather|Snowscape|[upkeep]\n|upkeep\n|turn|4\n|\n|t:|1783812078\n|move|p2a: Ogerpon|Ivy Cudgel|p1a: Garchomp|[anim] Ivy Cudgel Water\n|-damage|p1a: Garchomp|3/100\n|move|p1a: Garchomp|Dragon Tail|p2a: Ogerpon\n|-damage|p2a: Ogerpon|65/100\n|drag|p2a: Pecharunt|Pecharunt|100/100\n|\n|-weather|Snowscape|[upkeep]\n|upkeep\n|turn|5\n|\n|t:|1783812086\n|move|p1a: Garchomp|Earthquake|p2a: Pecharunt\n|-supereffective|p2a: Pecharunt\n|-damage|p2a: Pecharunt|59/100\n|move|p2a: Pecharunt|Hex|p1a: Garchomp\n|-crit|p1a: Garchomp\n|-damage|p1a: Garchomp|0 fnt\n|faint|p1a: Garchomp\n|\n|-weather|Snowscape|[upkeep]\n|upkeep\n|\n|t:|1783812106\n|switch|p1a: Kingambit|Kingambit, M|100/100\n|-activate|p1a: Kingambit|ability: Supreme Overlord\n|-start|p1a: Kingambit|fallen1|[silent]\n|turn|6\n|\n|t:|1783812112\n|move|p2a: Pecharunt|Parting Shot|p1a: Kingambit\n|-unboost|p1a: Kingambit|atk|1\n|-unboost|p1a: Kingambit|spa|1\n|\n|t:|1783812131\n|switch|p2a: Flamigo|Flamigo, F|100/100|[from] Parting Shot\n|-damage|p2a: Flamigo|88/100|[from] Stealth Rock\n|move|p1a: Kingambit|Swords Dance|p1a: Kingambit\n|-boost|p1a: Kingambit|atk|2\n|\n|-weather|none\n|upkeep\n|turn|7\n|\n|t:|1783812140\n|-end|p1a: Kingambit|fallen1|[silent]\n|switch|p1a: Gholdengo|Gholdengo|100/100\n|move|p2a: Flamigo|Close Combat|p1a: Gholdengo\n|-supereffective|p1a: Gholdengo\n|-damage|p1a: Gholdengo|0 fnt\n|-unboost|p2a: Flamigo|def|1\n|-unboost|p2a: Flamigo|spd|1\n|faint|p1a: Gholdengo\n|\n|upkeep\n|\n|t:|1783812144\n|switch|p1a: Rotom|Rotom-Wash|84/100\n|turn|8\n|\n|t:|1783812147\n|switch|p2a: Slowking|Slowking-Galar, F|100/100 brn\n|move|p1a: Rotom|Volt Switch|p2a: Slowking\n|-damage|p2a: Slowking|85/100 brn\n|\n|t:|1783812150\n|switch|p1a: Kingambit|Kingambit, M|100/100|[from] Volt Switch\n|-activate|p1a: Kingambit|ability: Supreme Overlord\n|-start|p1a: Kingambit|fallen2|[silent]\n|\n|-damage|p2a: Slowking|78/100 brn|[from] brn\n|upkeep\n|turn|9\n|\n|t:|1783812155\n|switch|p2a: Great Tusk|Great Tusk|100/100\n|-damage|p2a: Great Tusk|98/100|[from] Stealth Rock\n|move|p1a: Kingambit|Kowtow Cleave|p2a: Great Tusk\n|-resisted|p2a: Great Tusk\n|-damage|p2a: Great Tusk|77/100\n|-damage|p1a: Kingambit|84/100|[from] item: Rocky Helmet|[of] p2a: Great Tusk\n|\n|upkeep\n|turn|10\n|\n|t:|1783812158\n|-end|p1a: Kingambit|fallen2|[silent]\n|switch|p1a: Rotom|Rotom-Wash|84/100\n|move|p2a: Great Tusk|Stealth Rock|p1a: Rotom\n|-sidestart|p1: chiapanco|move: Stealth Rock\n|\n|-heal|p1a: Rotom|90/100|[from] item: Leftovers\n|upkeep\n|turn|11\n|\n|t:|1783812161\n|-end|p2a: Great Tusk|Protosynthesis|[silent]\n|switch|p2a: Slowking|Slowking-Galar, F|100/100 brn\n|move|p1a: Rotom|Will-O-Wisp|p2a: Slowking|[miss]\n|-miss|p1a: Rotom|p2a: Slowking\n|\n|-heal|p1a: Rotom|96/100|[from] item: Leftovers\n|-damage|p2a: Slowking|94/100 brn|[from] brn\n|upkeep\n|turn|12\n|\n|t:|1783812164\n|move|p1a: Rotom|Volt Switch|p2a: Slowking\n|-damage|p2a: Slowking|80/100 brn\n|\n|t:|1783812167\n|switch|p1a: Kingambit|Kingambit, M|84/100|[from] Volt Switch\n|-damage|p1a: Kingambit|78/100|[from] Stealth Rock\n|-activate|p1a: Kingambit|ability: Supreme Overlord\n|-start|p1a: Kingambit|fallen2|[silent]\n|-prepare|p2a: Slowking|Chilly Reception|[premajor]\n|move|p2a: Slowking|Chilly Reception|p2a: Slowking\n|-weather|Snowscape\n|\n|t:|1783812175\n|switch|p2a: Flamigo|Flamigo, F|88/100|[from] Chilly Reception\n|-damage|p2a: Flamigo|76/100|[from] Stealth Rock\n|\n|-weather|Snowscape|[upkeep]\n|upkeep\n|turn|13\n|\n|t:|1783812187\n|-end|p1a: Kingambit|fallen2|[silent]\n|switch|p1a: Clefable|Clefable, F|100/100\n|move|p2a: Flamigo|U-turn|p1a: Clefable\n|-resisted|p1a: Clefable\n|-damage|p1a: Clefable|88/100\n|\n|t:|1783812191\n|switch|p2a: Pecharunt|Pecharunt|59/100|[from] U-turn\n|\n|-weather|Snowscape|[upkeep]\n|upkeep\n|turn|14\n|\n|t:|1783812200\n|move|p1a: Clefable|Protect|p1a: Clefable\n|-singleturn|p1a: Clefable|Protect\n|move|p2a: Pecharunt|Recover|p2a: Pecharunt\n|-heal|p2a: Pecharunt|100/100\n|\n|-weather|Snowscape|[upkeep]\n|upkeep\n|turn|15\n|\n|t:|1783812205\n|switch|p1a: Kingambit|Kingambit, M|78/100\n|-damage|p1a: Kingambit|72/100|[from] Stealth Rock\n|-activate|p1a: Kingambit|ability: Supreme Overlord\n|-start|p1a: Kingambit|fallen2|[silent]\n|move|p2a: Pecharunt|Parting Shot|p1a: Kingambit\n|-unboost|p1a: Kingambit|atk|1\n|-unboost|p1a: Kingambit|spa|1\n|\n|t:|1783812217\n|switch|p2a: Flamigo|Flamigo, F|76/100|[from] Parting Shot\n|-damage|p2a: Flamigo|63/100|[from] Stealth Rock\n|\n|-weather|Snowscape|[upkeep]\n|upkeep\n|turn|16\n|\n|t:|1783812223\n|-end|p1a: Kingambit|fallen2|[silent]\n|switch|p1a: Rotom|Rotom-Wash|96/100\n|-damage|p1a: Rotom|83/100|[from] Stealth Rock\n|move|p2a: Flamigo|U-turn|p1a: Rotom\n|-damage|p1a: Rotom|65/100\n|\n|t:|1783812225\n|switch|p2a: Ogerpon|Ogerpon-Wellspring, F|65/100|[from] U-turn\n|-damage|p2a: Ogerpon|53/100|[from] Stealth Rock\n|\n|-weather|none\n|-heal|p1a: Rotom|70/100|[from] item: Leftovers\n|upkeep\n|turn|17\n|\n|t:|1783812234\n|switch|p1a: Dragonite|Dragonite, M|100/100\n|move|p2a: Ogerpon|Spikes|p1a: Dragonite\n|-sidestart|p1: chiapanco|Spikes\n|\n|upkeep\n|turn|18\n|\n|t:|1783812238\n|move|p2a: Ogerpon|U-turn|p1a: Dragonite\n|-resisted|p1a: Dragonite\n|-damage|p1a: Dragonite|93/100\n|\n|t:|1783812245\n|switch|p2a: Pecharunt|Pecharunt|100/100|[from] U-turn\n|move|p1a: Dragonite|Dragon Dance|p1a: Dragonite\n|-boost|p1a: Dragonite|atk|1\n|-boost|p1a: Dragonite|spe|1\n|\n|upkeep\n|turn|19\n|\n|t:|1783812250\n|move|p1a: Dragonite|Dragon Dance|p1a: Dragonite\n|-boost|p1a: Dragonite|atk|1\n|-boost|p1a: Dragonite|spe|1\n|move|p2a: Pecharunt|Toxic|p1a: Dragonite\n|-status|p1a: Dragonite|tox\n|-start|p1a: Dragonite|confusion|[from] ability: Poison Puppeteer|[of] p2a: Pecharunt\n|\n|-damage|p1a: Dragonite|87/100 tox|[from] psn\n|upkeep\n|turn|20\n|\n|t:|1783812258\n|-activate|p1a: Dragonite|confusion\n|move|p1a: Dragonite|Earthquake|p2a: Pecharunt\n|-supereffective|p2a: Pecharunt\n|-crit|p2a: Pecharunt\n|-damage|p2a: Pecharunt|0 fnt\n|faint|p2a: Pecharunt\n|\n|-damage|p1a: Dragonite|74/100 tox|[from] psn\n|upkeep\n|\n|t:|1783812269\n|switch|p2a: Ogerpon|Ogerpon-Wellspring, F|53/100\n|-damage|p2a: Ogerpon|41/100|[from] Stealth Rock\n|turn|21\n|\n|t:|1783812273\n|-activate|p1a: Dragonite|confusion\n|move|p1a: Dragonite|Fire Punch|p2a: Ogerpon\n|-damage|p2a: Ogerpon|0 fnt\n|faint|p2a: Ogerpon\n|\n|-damage|p1a: Dragonite|56/100 tox|[from] psn\n|upkeep\n|\n|t:|1783812276\n|switch|p2a: Kingambit|Kingambit, M|100/100\n|-damage|p2a: Kingambit|94/100|[from] Stealth Rock\n|-activate|p2a: Kingambit|ability: Supreme Overlord\n|-start|p2a: Kingambit|fallen2|[silent]\n|turn|22\n|\n|t:|1783812279\n|move|p2a: Kingambit|Sucker Punch|p1a: Dragonite\n|-damage|p1a: Dragonite|1/100 tox\n|-activate|p1a: Dragonite|confusion\n|move|p1a: Dragonite|Earthquake|p2a: Kingambit\n|-supereffective|p2a: Kingambit\n|-damage|p2a: Kingambit|0 fnt\n|faint|p2a: Kingambit\n|-end|p2a: Kingambit|fallen2|[silent]\n|\n|-damage|p1a: Dragonite|0 fnt|[from] psn\n|faint|p1a: Dragonite\n|upkeep\n|\n|t:|1783812301\n|switch|p1a: Rotom|Rotom-Wash|70/100\n|switch|p2a: Great Tusk|Great Tusk|77/100\n|-damage|p2a: Great Tusk|74/100|[from] Stealth Rock\n|-damage|p1a: Rotom|58/100|[from] Stealth Rock\n|turn|23\n|\n|t:|1783812305\n|-end|p2a: Great Tusk|Protosynthesis|[silent]\n|switch|p2a: Slowking|Slowking-Galar, F|100/100 brn\n|move|p1a: Rotom|Will-O-Wisp|p2a: Slowking\n|-fail|p2a: Slowking|brn\n|\n|-heal|p1a: Rotom|64/100|[from] item: Leftovers\n|-damage|p2a: Slowking|94/100 brn|[from] brn\n|upkeep\n|turn|24\n|\n|t:|1783812315\n|switch|p1a: Clefable|Clefable, F|88/100\n|-prepare|p2a: Slowking|Chilly Reception|[premajor]\n|move|p2a: Slowking|Chilly Reception|p2a: Slowking\n|-weather|Snowscape\n|\n|t:|1783812320\n|switch|p2a: Great Tusk|Great Tusk|74/100|[from] Chilly Reception\n|-damage|p2a: Great Tusk|71/100|[from] Stealth Rock\n|\n|-weather|Snowscape|[upkeep]\n|upkeep\n|turn|25\n|\n|t:|1783812323\n|-end|p2a: Great Tusk|Protosynthesis|[silent]\n|switch|p2a: Slowking|Slowking-Galar, F|100/100 brn\n|move|p1a: Clefable|Wish|p1a: Clefable\n|\n|-weather|Snowscape|[upkeep]\n|-damage|p2a: Slowking|94/100 brn|[from] brn\n|upkeep\n|turn|26\n|\n|t:|1783812327\n|switch|p1a: Rotom|Rotom-Wash|64/100\n|-damage|p1a: Rotom|52/100|[from] Stealth Rock\n|move|p2a: Slowking|Sludge Bomb|p1a: Rotom\n|-damage|p1a: Rotom|19/100\n|-status|p1a: Rotom|psn\n|\n|-weather|Snowscape|[upkeep]\n|-heal|p1a: Rotom|84/100 psn|[from] move: Wish|[wisher] Clefable\n|-heal|p1a: Rotom|90/100 psn|[from] item: Leftovers\n|-damage|p1a: Rotom|78/100 psn|[from] psn\n|-damage|p2a: Slowking|88/100 brn|[from] brn\n|upkeep\n|turn|27\n|\n|t:|1783812337\n|move|p1a: Rotom|Volt Switch|p2a: Slowking\n|-damage|p2a: Slowking|74/100 brn\n|\n|t:|1783812339\n|switch|p1a: Clefable|Clefable, F|88/100|[from] Volt Switch\n|move|p2a: Slowking|Future Sight|p1a: Clefable\n|-start|p2a: Slowking|move: Future Sight\n|\n|-weather|Snowscape|[upkeep]\n|-damage|p2a: Slowking|68/100 brn|[from] brn\n|upkeep\n|turn|28\n|\n|t:|1783812344\n|move|p1a: Clefable|Wish|p1a: Clefable\n|move|p2a: Slowking|Sludge Bomb|p1a: Clefable\n|-supereffective|p1a: Clefable\n|-damage|p1a: Clefable|38/100\n|-status|p1a: Clefable|psn\n|\n|-weather|none\n|-damage|p1a: Clefable|25/100 psn|[from] psn\n|-damage|p2a: Slowking|62/100 brn|[from] brn\n|upkeep\n|turn|29\n|\n|t:|1783812353\n|switch|p1a: Kingambit|Kingambit, M|72/100\n|-damage|p1a: Kingambit|65/100|[from] Stealth Rock\n|-damage|p1a: Kingambit|53/100|[from] Spikes\n|-activate|p1a: Kingambit|ability: Supreme Overlord\n|-start|p1a: Kingambit|fallen3|[silent]\n|move|p2a: Slowking|Sludge Bomb|p1a: Kingambit\n|-immune|p1a: Kingambit\n|\n|-end|p1a: Kingambit|move: Future Sight\n|-immune|p1a: Kingambit\n|-heal|p1a: Kingambit|100/100|[from] move: Wish|[wisher] Clefable\n|-damage|p2a: Slowking|56/100 brn|[from] brn\n|upkeep\n|turn|30\n|\n|t:|1783812379\n|switch|p2a: Great Tusk|Great Tusk|71/100\n|-damage|p2a: Great Tusk|68/100|[from] Stealth Rock\n|move|p1a: Kingambit|Iron Head|p2a: Great Tusk\n|-damage|p2a: Great Tusk|30/100\n|-damage|p1a: Kingambit|84/100|[from] item: Rocky Helmet|[of] p2a: Great Tusk\n|\n|upkeep\n|turn|31\n|\n|t:|1783812383\n|-end|p1a: Kingambit|fallen3|[silent]\n|switch|p1a: Clefable|Clefable, F|25/100 psn\n|move|p2a: Great Tusk|Headlong Rush|p1a: Clefable\n|-damage|p1a: Clefable|0 fnt\n|-unboost|p2a: Great Tusk|def|1\n|-unboost|p2a: Great Tusk|spd|1\n|faint|p1a: Clefable\n|\n|upkeep\n|\n|t:|1783812386\n|switch|p1a: Rotom|Rotom-Wash|78/100 psn\n|-damage|p1a: Rotom|66/100 psn|[from] Stealth Rock\n|turn|32\n|\n|t:|1783812392\n|move|p2a: Great Tusk|Knock Off|p1a: Rotom\n|-damage|p1a: Rotom|42/100 psn\n|-enditem|p1a: Rotom|Leftovers|[from] move: Knock Off|[of] p2a: Great Tusk\n|move|p1a: Rotom|Hydro Pump|p2a: Great Tusk\n|-supereffective|p2a: Great Tusk\n|-damage|p2a: Great Tusk|0 fnt\n|faint|p2a: Great Tusk\n|-end|p2a: Great Tusk|Protosynthesis|[silent]\n|\n|-damage|p1a: Rotom|30/100 psn|[from] psn\n|upkeep\n|\n|t:|1783812403\n|switch|p2a: Flamigo|Flamigo, F|63/100\n|-damage|p2a: Flamigo|51/100|[from] Stealth Rock\n|turn|33\n|\n|t:|1783812405\n|move|p2a: Flamigo|Close Combat|p1a: Rotom\n|-damage|p1a: Rotom|0 fnt\n|-unboost|p2a: Flamigo|def|1\n|-unboost|p2a: Flamigo|spd|1\n|faint|p1a: Rotom\n|\n|upkeep\n|\n|t:|1783812407\n|switch|p1a: Kingambit|Kingambit, M|84/100\n|-damage|p1a: Kingambit|78/100|[from] Stealth Rock\n|-damage|p1a: Kingambit|65/100|[from] Spikes\n|-activate|p1a: Kingambit|ability: Supreme Overlord\n|-start|p1a: Kingambit|fallen5|[silent]\n|turn|34\n|\n|t:|1783812410\n|switch|p2a: Slowking|Slowking-Galar, F|89/100 brn\n|move|p1a: Kingambit|Sucker Punch||[still]\n|-fail|p1a: Kingambit\n|\n|-damage|p2a: Slowking|83/100 brn|[from] brn\n|upkeep\n|turn|35\n|\n|t:|1783812414\n|move|p1a: Kingambit|Kowtow Cleave|p2a: Slowking\n|-supereffective|p2a: Slowking\n|-damage|p2a: Slowking|0 fnt\n|faint|p2a: Slowking\n|\n|upkeep\n|\n|t:|1783812418\n|switch|p2a: Flamigo|Flamigo, F|51/100\n|-damage|p2a: Flamigo|38/100|[from] Stealth Rock\n|turn|36\n|\n|t:|1783812421\n|move|p2a: Flamigo|Upper Hand|p1a: Kingambit\n|-supereffective|p1a: Kingambit\n|-damage|p1a: Kingambit|0 fnt\n|faint|p1a: Kingambit\n|-end|p1a: Kingambit|fallen5|[silent]\n|\n|win|agent 3 of 2013\n|raw|chiapanco's rating: 1480 &rarr; <strong>1461</strong><br />(-19 for losing)\n|raw|agent 3 of 2013's rating: 1493 &rarr; <strong>1512</strong><br />(+19 for winning)\n|l|☆chiapanco\n|player|p1|\n", "uploadtime": 1783812669, "views": 8, "formatid": "gen9ou", "rating": 1461, "private": 0, "password": null}