{"id": "gen9ou-2640035079", "format": "[Gen 9] OU", "players": ["diav", "myTwotter"], "log": "|j|☆diav\n|j|☆myTwotter\n|t:|1782567511\n|gametype|singles\n|player|p1|diav|janine|1634\n|player|p2|myTwotter|169|1683\n|gen|9\n|tier|[Gen 9] OU\n|rated|\n|rule|HP Percentage Mod: HP is shown in percentages\n|rule|Endless Battle Clause: Forcing endless battles is banned\n|rule|Species Clause: Limit one of each Pokémon\n|rule|OHKO Clause: OHKO moves are banned\n|rule|Evasion Items Clause: Evasion items are banned\n|rule|Evasion Moves Clause: Evasion moves are banned\n|rule|Evasion Abilities Clause: Evasion abilities are banned\n|rule|Sleep Moves Clause: Sleep-inducing moves are banned\n|clearpoke\n|poke|p1|Ting-Lu|\n|poke|p1|Skarmory, M|\n|poke|p1|Ogerpon-Wellspring, F|\n|poke|p1|Gliscor, F|\n|poke|p1|Zamazenta-*|\n|poke|p1|Mandibuzz, F|\n|poke|p2|Kingambit, M|\n|poke|p2|Raging Bolt|\n|poke|p2|Torkoal, F|\n|poke|p2|Walking Wake|\n|poke|p2|Great Tusk|\n|poke|p2|Glimmora, F|\n|teampreview\n|inactive|Battle timer is ON: inactive players will automatically lose when time's up. (requested by diav)\n|inactive|diav has 120 seconds left.\n|\n|t:|1782567556\n|teamsize|p1|6\n|teamsize|p2|6\n|start\n|switch|p1a: Gliscor|Gliscor, F|100/100\n|switch|p2a: Torkoal|Torkoal, F|100/100\n|-weather|SunnyDay|[from] ability: Drought|[of] p2a: Torkoal\n|turn|1\n|\n|t:|1782567567\n|move|p1a: Gliscor|Protect|p1a: Gliscor\n|-singleturn|p1a: Gliscor|Protect\n|move|p2a: Torkoal|Stealth Rock|p1a: Gliscor\n|-sidestart|p1: diav|move: Stealth Rock\n|\n|-weather|SunnyDay|[upkeep]\n|-status|p1a: Gliscor|tox|[from] item: Toxic Orb\n|upkeep\n|turn|2\n|inactive|myTwotter has 120 seconds left.\n|\n|t:|1782567610\n|switch|p2a: Walking Wake|Walking Wake|100/100\n|-activate|p2a: Walking Wake|ability: Protosynthesis\n|-start|p2a: Walking Wake|protosynthesisspe\n|move|p1a: Gliscor|Knock Off|p2a: Walking Wake\n|-damage|p2a: Walking Wake|77/100\n|-enditem|p2a: Walking Wake|Choice Specs|[from] move: Knock Off|[of] p1a: Gliscor\n|\n|-weather|SunnyDay|[upkeep]\n|upkeep\n|turn|3\n|\n|t:|1782567626\n|move|p1a: Gliscor|Protect|p1a: Gliscor\n|-singleturn|p1a: Gliscor|Protect\n|move|p2a: Walking Wake|Hydro Steam|p1a: Gliscor\n|-activate|p1a: Gliscor|move: Protect\n|\n|-weather|SunnyDay|[upkeep]\n|upkeep\n|turn|4\n|\n|t:|1782567637\n|-terastallize|p1a: Gliscor|Water\n|move|p2a: Walking Wake|Draco Meteor|p1a: Gliscor\n|-damage|p1a: Gliscor|45/100 tox\n|-unboost|p2a: Walking Wake|spa|2\n|move|p1a: Gliscor|Toxic|p2a: Walking Wake\n|-status|p2a: Walking Wake|tox\n|\n|-weather|SunnyDay|[upkeep]\n|-damage|p2a: Walking Wake|71/100 tox|[from] psn\n|-heal|p1a: Gliscor|57/100 tox|[from] ability: Poison Heal\n|upkeep\n|turn|5\n|inactive|myTwotter has 120 seconds left.\n|\n|t:|1782567647\n|-end|p2a: Walking Wake|Protosynthesis|[silent]\n|switch|p2a: Raging Bolt|Raging Bolt|100/100\n|-activate|p2a: Raging Bolt|ability: Protosynthesis\n|-start|p2a: Raging Bolt|protosynthesisspa\n|move|p1a: Gliscor|Knock Off|p2a: Raging Bolt\n|-damage|p2a: Raging Bolt|79/100\n|-enditem|p2a: Raging Bolt|Leftovers|[from] move: Knock Off|[of] p1a: Gliscor\n|\n|-weather|SunnyDay|[upkeep]\n|-heal|p1a: Gliscor|70/100 tox|[from] ability: Poison Heal\n|upkeep\n|turn|6\n|inactive|myTwotter has 120 seconds left.\n|\n|t:|1782567664\n|move|p1a: Gliscor|Protect|p1a: Gliscor\n|-singleturn|p1a: Gliscor|Protect\n|move|p2a: Raging Bolt|Calm Mind|p2a: Raging Bolt\n|-boost|p2a: Raging Bolt|spa|1\n|-boost|p2a: Raging Bolt|spd|1\n|\n|-weather|SunnyDay|[upkeep]\n|-heal|p1a: Gliscor|82/100 tox|[from] ability: Poison Heal\n|upkeep\n|turn|7\n|\n|t:|1782567668\n|switch|p1a: Ting-Lu|Ting-Lu|100/100\n|-damage|p1a: Ting-Lu|94/100|[from] Stealth Rock\n|-ability|p1a: Ting-Lu|Vessel of Ruin\n|move|p2a: Raging Bolt|Draco Meteor|p1a: Ting-Lu\n|-damage|p1a: Ting-Lu|33/100\n|-unboost|p2a: Raging Bolt|spa|2\n|\n|-weather|SunnyDay|[upkeep]\n|-heal|p1a: Ting-Lu|39/100|[from] item: Leftovers\n|upkeep\n|turn|8\n|inactive|myTwotter has 120 seconds left.\n|\n|t:|1782567683\n|switch|p1a: Skarmory|Skarmory, M|100/100\n|-damage|p1a: Skarmory|88/100|[from] Stealth Rock\n|move|p2a: Raging Bolt|Draco Meteor|p1a: Skarmory\n|-resisted|p1a: Skarmory\n|-damage|p1a: Skarmory|56/100\n|-unboost|p2a: Raging Bolt|spa|2\n|\n|-weather|none\n|-end|p2a: Raging Bolt|Protosynthesis\n|upkeep\n|turn|9\n|\n|t:|1782567691\n|-end|p2a: Raging Bolt|Protosynthesis|[silent]\n|switch|p2a: Torkoal|Torkoal, F|100/100\n|-weather|SunnyDay|[from] ability: Drought|[of] p2a: Torkoal\n|switch|p1a: Ting-Lu|Ting-Lu|39/100\n|-damage|p1a: Ting-Lu|33/100|[from] Stealth Rock\n|-ability|p1a: Ting-Lu|Vessel of Ruin\n|\n|-weather|SunnyDay|[upkeep]\n|-heal|p1a: Ting-Lu|39/100|[from] item: Leftovers\n|upkeep\n|turn|10\n|\n|t:|1782567704\n|move|p1a: Ting-Lu|Stealth Rock|p2a: Torkoal\n|-sidestart|p2: myTwotter|move: Stealth Rock\n|move|p2a: Torkoal|Lava Plume|p1a: Ting-Lu\n|-damage|p1a: Ting-Lu|24/100\n|\n|-weather|SunnyDay|[upkeep]\n|-heal|p1a: Ting-Lu|31/100|[from] item: Leftovers\n|upkeep\n|turn|11\n|inactive|myTwotter has 120 seconds left.\n|\n|t:|1782567720\n|move|p1a: Ting-Lu|Earthquake|p2a: Torkoal\n|-supereffective|p2a: Torkoal\n|-damage|p2a: Torkoal|60/100\n|move|p2a: Torkoal|Lava Plume|p1a: Ting-Lu\n|-damage|p1a: Ting-Lu|15/100\n|\n|-weather|SunnyDay|[upkeep]\n|-heal|p1a: Ting-Lu|21/100|[from] item: Leftovers\n|upkeep\n|turn|12\n|\n|t:|1782567729\n|move|p1a: Ting-Lu|Earthquake|p2a: Torkoal\n|-supereffective|p2a: Torkoal\n|-damage|p2a: Torkoal|14/100\n|move|p2a: Torkoal|Will-O-Wisp|p1a: Ting-Lu|[miss]\n|-miss|p2a: Torkoal|p1a: Ting-Lu\n|\n|-weather|SunnyDay|[upkeep]\n|-heal|p1a: Ting-Lu|27/100|[from] item: Leftovers\n|upkeep\n|turn|13\n|\n|t:|1782567735\n|switch|p2a: Great Tusk|Great Tusk|100/100\n|-damage|p2a: Great Tusk|98/100|[from] Stealth Rock\n|-activate|p2a: Great Tusk|ability: Protosynthesis\n|-start|p2a: Great Tusk|protosynthesisspe\n|move|p1a: Ting-Lu|Earthquake|p2a: Great Tusk\n|-damage|p2a: Great Tusk|75/100\n|\n|-weather|SunnyDay|[upkeep]\n|-heal|p1a: Ting-Lu|34/100|[from] item: Leftovers\n|upkeep\n|turn|14\n|\n|t:|1782567748\n|move|p2a: Great Tusk|Rapid Spin|p1a: Ting-Lu\n|-damage|p1a: Ting-Lu|26/100\n|-boost|p2a: Great Tusk|spe|1\n|-sideend|p2: myTwotter|Stealth Rock|[from] move: Rapid Spin|[of] p2a: Great Tusk\n|move|p1a: Ting-Lu|Ruination|p2a: Great Tusk|[miss]\n|-miss|p1a: Ting-Lu|p2a: Great Tusk\n|\n|-weather|SunnyDay|[upkeep]\n|-heal|p1a: Ting-Lu|32/100|[from] item: Leftovers\n|upkeep\n|turn|15\n|\n|t:|1782567754\n|switch|p1a: Skarmory|Skarmory, M|56/100\n|-damage|p1a: Skarmory|44/100|[from] Stealth Rock\n|move|p2a: Great Tusk|Headlong Rush|p1a: Skarmory\n|-immune|p1a: Skarmory\n|\n|-weather|SunnyDay|[upkeep]\n|upkeep\n|turn|16\n|\n|t:|1782567759\n|move|p2a: Great Tusk|Knock Off|p1a: Skarmory\n|-damage|p1a: Skarmory|22/100\n|-damage|p2a: Great Tusk|58/100|[from] item: Rocky Helmet|[of] p1a: Skarmory\n|-enditem|p1a: Skarmory|Rocky Helmet|[from] move: Knock Off|[of] p2a: Great Tusk\n|move|p1a: Skarmory|Roost|p1a: Skarmory\n|-heal|p1a: Skarmory|72/100\n|-singleturn|p1a: Skarmory|move: Roost\n|\n|-weather|none\n|-end|p2a: Great Tusk|Protosynthesis\n|upkeep\n|turn|17\n|\n|t:|1782567770\n|-end|p2a: Great Tusk|Protosynthesis|[silent]\n|switch|p2a: Torkoal|Torkoal, F|14/100\n|-weather|SunnyDay|[from] ability: Drought|[of] p2a: Torkoal\n|move|p1a: Skarmory|Stealth Rock|p2a: Torkoal\n|-sidestart|p2: myTwotter|move: Stealth Rock\n|\n|-weather|SunnyDay|[upkeep]\n|upkeep\n|turn|18\n|\n|t:|1782567784\n|move|p1a: Skarmory|Body Press|p2a: Torkoal\n|-damage|p2a: Torkoal|0 fnt\n|faint|p2a: Torkoal\n|\n|-weather|SunnyDay|[upkeep]\n|upkeep\n|\n|t:|1782567793\n|switch|p2a: Raging Bolt|Raging Bolt|79/100\n|-damage|p2a: Raging Bolt|67/100|[from] Stealth Rock\n|-activate|p2a: Raging Bolt|ability: Protosynthesis\n|-start|p2a: Raging Bolt|protosynthesisspa\n|turn|19\n|\n|t:|1782567805\n|move|p2a: Raging Bolt|Calm Mind|p2a: Raging Bolt\n|-boost|p2a: Raging Bolt|spa|1\n|-boost|p2a: Raging Bolt|spd|1\n|move|p1a: Skarmory|Whirlwind|p2a: Raging Bolt\n|-end|p2a: Raging Bolt|Protosynthesis|[silent]\n|drag|p2a: Glimmora|Glimmora, F|100/100\n|-damage|p2a: Glimmora|88/100|[from] Stealth Rock\n|\n|-weather|SunnyDay|[upkeep]\n|upkeep\n|turn|20\n|\n|t:|1782567814\n|move|p2a: Glimmora|Power Gem|p1a: Skarmory\n|-damage|p1a: Skarmory|32/100\n|move|p1a: Skarmory|Roost|p1a: Skarmory\n|-heal|p1a: Skarmory|82/100\n|-singleturn|p1a: Skarmory|move: Roost\n|\n|-weather|SunnyDay|[upkeep]\n|upkeep\n|turn|21\n|\n|t:|1782567819\n|move|p2a: Glimmora|Power Gem|p1a: Skarmory\n|-damage|p1a: Skarmory|42/100\n|move|p1a: Skarmory|Roost|p1a: Skarmory\n|-heal|p1a: Skarmory|92/100\n|-singleturn|p1a: Skarmory|move: Roost\n|\n|-weather|SunnyDay|[upkeep]\n|upkeep\n|turn|22\n|\n|t:|1782567825\n|move|p2a: Glimmora|Power Gem|p1a: Skarmory\n|-damage|p1a: Skarmory|53/100\n|move|p1a: Skarmory|Body Press|p2a: Glimmora\n|-damage|p2a: Glimmora|57/100\n|-activate|p2a: Glimmora|ability: Toxic Debris\n|-sidestart|p1: diav|move: Toxic Spikes\n|\n|-weather|SunnyDay|[upkeep]\n|upkeep\n|turn|23\n|\n|t:|1782567837\n|move|p2a: Glimmora|Power Gem|p1a: Skarmory\n|-damage|p1a: Skarmory|13/100\n|move|p1a: Skarmory|Roost|p1a: Skarmory\n|-heal|p1a: Skarmory|63/100\n|-singleturn|p1a: Skarmory|move: Roost\n|\n|-weather|SunnyDay|[upkeep]\n|upkeep\n|turn|24\n|\n|t:|1782567843\n|switch|p2a: Raging Bolt|Raging Bolt|67/100\n|-damage|p2a: Raging Bolt|54/100|[from] Stealth Rock\n|-activate|p2a: Raging Bolt|ability: Protosynthesis\n|-start|p2a: Raging Bolt|protosynthesisspa\n|move|p1a: Skarmory|Roost|p1a: Skarmory\n|-heal|p1a: Skarmory|100/100\n|-singleturn|p1a: Skarmory|move: Roost\n|\n|-weather|none\n|-end|p2a: Raging Bolt|Protosynthesis\n|upkeep\n|turn|25\n|\n|t:|1782567852\n|switch|p1a: Ting-Lu|Ting-Lu|32/100\n|-damage|p1a: Ting-Lu|26/100|[from] Stealth Rock\n|-status|p1a: Ting-Lu|psn\n|-ability|p1a: Ting-Lu|Vessel of Ruin\n|move|p2a: Raging Bolt|Thunderbolt|p1a: Ting-Lu\n|-immune|p1a: Ting-Lu\n|\n|-heal|p1a: Ting-Lu|32/100 psn|[from] item: Leftovers\n|-damage|p1a: Ting-Lu|20/100 psn|[from] psn\n|upkeep\n|turn|26\n|\n|t:|1782567859\n|move|p2a: Raging Bolt|Draco Meteor|p1a: Ting-Lu\n|-damage|p1a: Ting-Lu|0 fnt\n|-unboost|p2a: Raging Bolt|spa|2\n|faint|p1a: Ting-Lu\n|\n|upkeep\n|\n|t:|1782567870\n|switch|p1a: Zamazenta|Zamazenta|100/100\n|-ability|p1a: Zamazenta|Dauntless Shield|boost\n|-boost|p1a: Zamazenta|def|1\n|turn|27\n|\n|t:|1782567883\n|switch|p1a: Skarmory|Skarmory, M|100/100\n|-damage|p1a: Skarmory|88/100|[from] Stealth Rock\n|-end|p2a: Raging Bolt|Protosynthesis|[silent]\n|switch|p2a: Great Tusk|Great Tusk|58/100\n|-damage|p2a: Great Tusk|55/100|[from] Stealth Rock\n|\n|upkeep\n|turn|28\n|\n|t:|1782567892\n|switch|p1a: Mandibuzz|Mandibuzz, F|100/100\n|move|p2a: Great Tusk|Rapid Spin|p1a: Mandibuzz\n|-damage|p1a: Mandibuzz|92/100\n|-boost|p2a: Great Tusk|spe|1\n|-sideend|p2: myTwotter|Stealth Rock|[from] move: Rapid Spin|[of] p2a: Great Tusk\n|\n|upkeep\n|turn|29\n|\n|t:|1782567906\n|-end|p2a: Great Tusk|Protosynthesis|[silent]\n|switch|p2a: Glimmora|Glimmora, F|57/100\n|move|p1a: Mandibuzz|Defog|p2a: Glimmora\n|-unboost|p2a: Glimmora|evasion|1\n|-sideend|p1: diav|Toxic Spikes|[from] move: Defog|[of] p1a: Mandibuzz\n|-sideend|p1: diav|Stealth Rock|[from] move: Defog|[of] p1a: Mandibuzz\n|\n|upkeep\n|turn|30\n|\n|t:|1782567913\n|switch|p1a: Ogerpon|Ogerpon-Wellspring, F|100/100\n|move|p2a: Glimmora|Power Gem|p1a: Ogerpon\n|-damage|p1a: Ogerpon|47/100\n|\n|upkeep\n|turn|31\n|\n|t:|1782567916\n|move|p2a: Glimmora|Power Gem|p1a: Ogerpon\n|-damage|p1a: Ogerpon|0 fnt\n|faint|p1a: Ogerpon\n|\n|upkeep\n|\n|t:|1782567923\n|switch|p1a: Zamazenta|Zamazenta|100/100\n|turn|32\n|\n|t:|1782567936\n|switch|p2a: Great Tusk|Great Tusk|55/100\n|move|p1a: Zamazenta|Close Combat|p2a: Great Tusk\n|-damage|p2a: Great Tusk|18/100\n|-unboost|p1a: Zamazenta|def|1\n|-unboost|p1a: Zamazenta|spd|1\n|-damage|p1a: Zamazenta|84/100|[from] item: Rocky Helmet|[of] p2a: Great Tusk\n|\n|upkeep\n|turn|33\n|\n|t:|1782567954\n|move|p1a: Zamazenta|Close Combat|p2a: Great Tusk\n|-damage|p2a: Great Tusk|0 fnt\n|-unboost|p1a: Zamazenta|def|1\n|-unboost|p1a: Zamazenta|spd|1\n|-damage|p1a: Zamazenta|67/100|[from] item: Rocky Helmet|[of] p2a: Great Tusk\n|faint|p2a: Great Tusk\n|-end|p2a: Great Tusk|Protosynthesis|[silent]\n|\n|upkeep\n|inactive|myTwotter has 120 seconds left.\n|\n|t:|1782567980\n|switch|p2a: Glimmora|Glimmora, F|57/100\n|turn|34\n|inactive|myTwotter has 120 seconds left.\n|\n|t:|1782567989\n|switch|p1a: Skarmory|Skarmory, M|88/100\n|move|p2a: Glimmora|Dazzling Gleam|p1a: Skarmory\n|-resisted|p1a: Skarmory\n|-damage|p1a: Skarmory|74/100\n|\n|upkeep\n|turn|35\n|\n|t:|1782567998\n|switch|p2a: Walking Wake|Walking Wake|71/100 tox\n|switch|p1a: Zamazenta|Zamazenta|67/100\n|\n|-damage|p2a: Walking Wake|65/100 tox|[from] psn\n|upkeep\n|turn|36\n|\n|t:|1782568025\n|move|p1a: Zamazenta|Close Combat|p2a: Walking Wake\n|-crit|p2a: Walking Wake\n|-damage|p2a: Walking Wake|0 fnt\n|-unboost|p1a: Zamazenta|def|1\n|-unboost|p1a: Zamazenta|spd|1\n|faint|p2a: Walking Wake\n|-end|p2a: Walking Wake|Protosynthesis|[silent]\n|\n|upkeep\n|\n|t:|1782568033\n|switch|p2a: Glimmora|Glimmora, F|57/100\n|turn|37\n|\n|t:|1782568038\n|switch|p1a: Skarmory|Skarmory, M|74/100\n|move|p2a: Glimmora|Power Gem|p1a: Skarmory\n|-damage|p1a: Skarmory|34/100\n|\n|upkeep\n|turn|38\n|\n|t:|1782568050\n|switch|p1a: Mandibuzz|Mandibuzz, F|92/100\n|move|p2a: Glimmora|Power Gem|p1a: Mandibuzz\n|-supereffective|p1a: Mandibuzz\n|-damage|p1a: Mandibuzz|15/100\n|\n|upkeep\n|turn|39\n|\n|t:|1782568054\n|move|p2a: Glimmora|Power Gem|p1a: Mandibuzz\n|-supereffective|p1a: Mandibuzz\n|-damage|p1a: Mandibuzz|0 fnt\n|faint|p1a: Mandibuzz\n|\n|upkeep\n|\n|t:|1782568057\n|switch|p1a: Zamazenta|Zamazenta|67/100\n|turn|40\n|\n|t:|1782568081\n|move|p2a: Glimmora|Power Gem|p1a: Zamazenta\n|-resisted|p1a: Zamazenta\n|-damage|p1a: Zamazenta|48/100\n|move|p1a: Zamazenta|Close Combat|p2a: Glimmora\n|-damage|p2a: Glimmora|0 fnt\n|-unboost|p1a: Zamazenta|def|1\n|-unboost|p1a: Zamazenta|spd|1\n|-activate|p2a: Glimmora|ability: Toxic Debris\n|-sidestart|p1: diav|move: Toxic Spikes\n|faint|p2a: Glimmora\n|\n|upkeep\n|inactive|myTwotter has 120 seconds left.\n|\n|t:|1782568112\n|switch|p2a: Raging Bolt|Raging Bolt|54/100\n|turn|41\n|\n|t:|1782568120\n|switch|p1a: Gliscor|Gliscor, F, tera:Water|82/100 tox\n|-terastallize|p2a: Raging Bolt|Fairy\n|move|p2a: Raging Bolt|Calm Mind|p2a: Raging Bolt\n|-boost|p2a: Raging Bolt|spa|1\n|-boost|p2a: Raging Bolt|spd|1\n|\n|-heal|p1a: Gliscor|95/100 tox|[from] ability: Poison Heal\n|upkeep\n|turn|42\n|\n|t:|1782568123\n|move|p2a: Raging Bolt|Thunderbolt|p1a: Gliscor\n|-supereffective|p1a: Gliscor\n|-damage|p1a: Gliscor|0 fnt\n|faint|p1a: Gliscor\n|\n|upkeep\n|\n|t:|1782568125\n|switch|p1a: Zamazenta|Zamazenta|48/100\n|turn|43\n|\n|t:|1782568129\n|move|p2a: Raging Bolt|Thunderclap|p1a: Zamazenta\n|-damage|p1a: Zamazenta|0 fnt\n|faint|p1a: Zamazenta\n|\n|upkeep\n|c|☆diav|gg\n|-message|diav forfeited.\n|\n|win|myTwotter\n|raw|diav's rating: 1634 &rarr; <strong>1617</strong><br />(-17 for losing)\n|raw|myTwotter's rating: 1683 &rarr; <strong>1700</strong><br />(+17 for winning)\n|l|☆diav\n|player|p1|\n|l|☆myTwotter\n|player|p2|\n", "uploadtime": 1782568389, "views": 2, "formatid": "gen9ou", "rating": 1617, "private": 0, "password": null}