{"id": "gen9ou-2540737501", "format": "[Gen 9] OU", "players": ["dimitry5000", "3idk"], "log": "|j|☆dimitry5000\n|j|☆3idk\n|t:|1771247940\n|gametype|singles\n|player|p1|dimitry5000|102|1760\n|player|p2|3idk|cynthia-masters|1746\n|gen|9\n|tier|[Gen 9] OU\n|rated|\n|rule|HP Percentage Mod: HP is shown in percentages\n|rule|Endless Battle Clause: Forcing endless battles is banned\n|rule|Species Clause: Limit one of each Pokémon\n|rule|OHKO Clause: OHKO moves are banned\n|rule|Evasion Items Clause: Evasion items are banned\n|rule|Evasion Moves Clause: Evasion moves are banned\n|rule|Evasion Abilities Clause: Evasion abilities are banned\n|rule|Sleep Moves Clause: Sleep-inducing moves are banned\n|clearpoke\n|poke|p1|Alomomola, F|\n|poke|p1|Dondozo, M|\n|poke|p1|Slowking-Galar, M|\n|poke|p1|Gliscor, M|\n|poke|p1|Blissey, F|\n|poke|p1|Corviknight, F|\n|poke|p2|Pelipper, F|\n|poke|p2|Hatterene, F|\n|poke|p2|Iron Treads|\n|poke|p2|Toxicroak, F|\n|poke|p2|Barraskewda, F|\n|poke|p2|Zapdos|\n|teampreview\n|inactive|Battle timer is ON: inactive players will automatically lose when time's up. (requested by dimitry5000)\n|\n|t:|1771247952\n|teamsize|p1|6\n|teamsize|p2|6\n|start\n|switch|p1a: Gliscor|Gliscor, M|100/100\n|switch|p2a: Pelipper|Pelipper, F|100/100\n|-weather|RainDance|[from] ability: Drizzle|[of] p2a: Pelipper\n|turn|1\n|\n|t:|1771247960\n|move|p1a: Gliscor|Protect|p1a: Gliscor\n|-singleturn|p1a: Gliscor|Protect\n|move|p2a: Pelipper|Knock Off|p1a: Gliscor\n|-activate|p1a: Gliscor|move: Protect\n|\n|-weather|RainDance|[upkeep]\n|-status|p1a: Gliscor|tox|[from] item: Toxic Orb\n|upkeep\n|turn|2\n|\n|t:|1771247964\n|switch|p1a: Slowking|Slowking-Galar, M|100/100\n|switch|p2a: Hatterene|Hatterene, F|100/100\n|\n|-weather|RainDance|[upkeep]\n|upkeep\n|turn|3\n|\n|t:|1771247969\n|move|p2a: Hatterene|Nuzzle|p1a: Slowking\n|-damage|p1a: Slowking|97/100\n|-status|p1a: Slowking|par\n|-prepare|p1a: Slowking|Chilly Reception|[premajor]\n|move|p1a: Slowking|Chilly Reception|p1a: Slowking\n|-weather|Snowscape\n|\n|t:|1771247972\n|switch|p1a: Gliscor|Gliscor, M|100/100 tox|[from] Chilly Reception\n|\n|-weather|Snowscape|[upkeep]\n|upkeep\n|turn|4\n|\n|t:|1771247974\n|move|p1a: Gliscor|Stealth Rock|p2a: Hatterene\n|move|p2a: Hatterene|Stealth Rock|p1a: Gliscor|[from] ability: Magic Bounce\n|-sidestart|p1: dimitry5000|move: Stealth Rock\n|move|p2a: Hatterene|Psychic Noise|p1a: Gliscor\n|-damage|p1a: Gliscor|73/100 tox\n|-start|p1a: Gliscor|move: Heal Block\n|\n|-weather|Snowscape|[upkeep]\n|upkeep\n|turn|5\n|\n|t:|1771247978\n|switch|p2a: Pelipper|Pelipper, F|100/100\n|-weather|RainDance|[from] ability: Drizzle|[of] p2a: Pelipper\n|move|p1a: Gliscor|Knock Off|p2a: Pelipper\n|-damage|p2a: Pelipper|80/100\n|-enditem|p2a: Pelipper|Damp Rock|[from] move: Knock Off|[of] p1a: Gliscor\n|\n|-weather|RainDance|[upkeep]\n|-end|p1a: Gliscor|move: Heal Block\n|upkeep\n|turn|6\n|\n|t:|1771247982\n|switch|p2a: Hatterene|Hatterene, F|100/100\n|move|p1a: Gliscor|Protect||[still]\n|-fail|p1a: Gliscor\n|\n|-weather|RainDance|[upkeep]\n|-heal|p1a: Gliscor|86/100 tox|[from] ability: Poison Heal\n|upkeep\n|turn|7\n|\n|t:|1771247985\n|move|p1a: Gliscor|Knock Off|p2a: Hatterene\n|-damage|p2a: Hatterene|83/100\n|-enditem|p2a: Hatterene|Eject Button|[from] move: Knock Off|[of] p1a: Gliscor\n|move|p2a: Hatterene|Psychic Noise|p1a: Gliscor\n|-crit|p1a: Gliscor\n|-damage|p1a: Gliscor|43/100 tox\n|-start|p1a: Gliscor|move: Heal Block\n|\n|-weather|RainDance|[upkeep]\n|upkeep\n|turn|8\n|\n|t:|1771247989\n|switch|p1a: Slowking|Slowking-Galar, M|100/100 par\n|move|p2a: Hatterene|Psychic Noise|p1a: Slowking\n|-damage|p1a: Slowking|81/100 par\n|-start|p1a: Slowking|move: Heal Block\n|\n|-weather|RainDance|[upkeep]\n|upkeep\n|turn|9\n|\n|t:|1771247993\n|switch|p2a: Iron Treads|Iron Treads|100/100\n|-prepare|p1a: Slowking|Chilly Reception|[premajor]\n|move|p1a: Slowking|Chilly Reception|p1a: Slowking\n|-weather|Snowscape\n|\n|t:|1771247996\n|switch|p1a: Alomomola|Alomomola, F|100/100|[from] Chilly Reception\n|-damage|p1a: Alomomola|88/100|[from] Stealth Rock\n|\n|-weather|Snowscape|[upkeep]\n|upkeep\n|turn|10\n|\n|t:|1771247998\n|move|p2a: Iron Treads|Volt Switch|p1a: Alomomola\n|-supereffective|p1a: Alomomola\n|-damage|p1a: Alomomola|68/100\n|\n|t:|1771248001\n|-end|p2a: Iron Treads|Quark Drive|[silent]\n|switch|p2a: Toxicroak|Toxicroak, F|100/100|[from] Volt Switch\n|move|p1a: Alomomola|Scald|p2a: Toxicroak\n|-immune|p2a: Toxicroak|[from] ability: Dry Skin\n|\n|-weather|Snowscape|[upkeep]\n|upkeep\n|turn|11\n|\n|t:|1771248006\n|move|p2a: Toxicroak|Toxic|p1a: Alomomola\n|-status|p1a: Alomomola|tox\n|move|p1a: Alomomola|Wish|p1a: Alomomola\n|\n|-weather|Snowscape|[upkeep]\n|-damage|p1a: Alomomola|62/100 tox|[from] psn\n|upkeep\n|turn|12\n|\n|t:|1771248010\n|switch|p1a: Corviknight|Corviknight, F|100/100\n|-damage|p1a: Corviknight|88/100|[from] Stealth Rock\n|-ability|p1a: Corviknight|Pressure\n|move|p2a: Toxicroak|Knock Off|p1a: Corviknight\n|-damage|p1a: Corviknight|73/100\n|-enditem|p1a: Corviknight|Leftovers|[from] move: Knock Off|[of] p2a: Toxicroak\n|\n|-weather|Snowscape|[upkeep]\n|-heal|p1a: Corviknight|100/100|[from] move: Wish|[wisher] Alomomola\n|upkeep\n|turn|13\n|\n|t:|1771248013\n|switch|p2a: Zapdos|Zapdos|100/100\n|move|p1a: Corviknight|Defog|p2a: Zapdos\n|-unboost|p2a: Zapdos|evasion|1\n|-sideend|p1: dimitry5000|Stealth Rock|[from] move: Defog|[of] p1a: Corviknight\n|\n|-weather|none\n|upkeep\n|turn|14\n|\n|t:|1771248017\n|switch|p1a: Slowking|Slowking-Galar, M|100/100 par\n|move|p2a: Zapdos|Volt Switch|p1a: Slowking\n|-damage|p1a: Slowking|69/100 par\n|\n|t:|1771248019\n|switch|p2a: Barraskewda|Barraskewda, F|100/100|[from] Volt Switch\n|\n|upkeep\n|turn|15\n|\n|t:|1771248022\n|switch|p1a: Alomomola|Alomomola, F|95/100 tox\n|move|p2a: Barraskewda|Flip Turn|p1a: Alomomola\n|-resisted|p1a: Alomomola\n|-damage|p1a: Alomomola|81/100 tox\n|-damage|p2a: Barraskewda|84/100|[from] item: Rocky Helmet|[of] p1a: Alomomola\n|\n|t:|1771248024\n|switch|p2a: Zapdos|Zapdos|100/100|[from] Flip Turn\n|\n|-damage|p1a: Alomomola|75/100 tox|[from] psn\n|upkeep\n|turn|16\n|\n|t:|1771248026\n|switch|p1a: Slowking|Slowking-Galar, M|100/100 par\n|move|p2a: Zapdos|Volt Switch|p1a: Slowking\n|-damage|p1a: Slowking|69/100 par\n|\n|t:|1771248028\n|switch|p2a: Barraskewda|Barraskewda, F|84/100|[from] Volt Switch\n|\n|upkeep\n|turn|17\n|\n|t:|1771248031\n|switch|p1a: Alomomola|Alomomola, F|100/100 tox\n|move|p2a: Barraskewda|Flip Turn|p1a: Alomomola\n|-resisted|p1a: Alomomola\n|-damage|p1a: Alomomola|85/100 tox\n|-damage|p2a: Barraskewda|68/100|[from] item: Rocky Helmet|[of] p1a: Alomomola\n|\n|t:|1771248033\n|switch|p2a: Pelipper|Pelipper, F|80/100|[from] Flip Turn\n|-weather|RainDance|[from] ability: Drizzle|[of] p2a: Pelipper\n|\n|-weather|RainDance|[upkeep]\n|-damage|p1a: Alomomola|79/100 tox|[from] psn\n|upkeep\n|turn|18\n|\n|t:|1771248037\n|switch|p1a: Slowking|Slowking-Galar, M|100/100 par\n|move|p2a: Pelipper|U-turn|p1a: Slowking\n|-damage|p1a: Slowking|91/100 par\n|\n|t:|1771248040\n|switch|p2a: Barraskewda|Barraskewda, F|68/100|[from] U-turn\n|\n|-weather|RainDance|[upkeep]\n|upkeep\n|turn|19\n|\n|t:|1771248048\n|switch|p1a: Alomomola|Alomomola, F|100/100 tox\n|-terastallize|p2a: Barraskewda|Water\n|move|p2a: Barraskewda|Flip Turn|p1a: Alomomola\n|-resisted|p1a: Alomomola\n|-damage|p1a: Alomomola|68/100 tox\n|-damage|p2a: Barraskewda|51/100|[from] item: Rocky Helmet|[of] p1a: Alomomola\n|\n|t:|1771248050\n|switch|p2a: Zapdos|Zapdos|100/100|[from] Flip Turn\n|\n|-weather|RainDance|[upkeep]\n|-damage|p1a: Alomomola|62/100 tox|[from] psn\n|upkeep\n|turn|20\n|\n|t:|1771248054\n|switch|p1a: Slowking|Slowking-Galar, M|100/100 par\n|move|p2a: Zapdos|Hurricane|p1a: Slowking\n|-damage|p1a: Slowking|53/100 par\n|\n|-weather|RainDance|[upkeep]\n|upkeep\n|turn|21\n|\n|t:|1771248059\n|move|p2a: Zapdos|Hurricane|p1a: Slowking\n|-damage|p1a: Slowking|4/100 par\n|-prepare|p1a: Slowking|Chilly Reception|[premajor]\n|move|p1a: Slowking|Chilly Reception|p1a: Slowking\n|-weather|Snowscape\n|\n|t:|1771248064\n|switch|p1a: Gliscor|Gliscor, M|43/100 tox|[from] Chilly Reception\n|\n|-weather|Snowscape|[upkeep]\n|-heal|p1a: Gliscor|55/100 tox|[from] ability: Poison Heal\n|upkeep\n|turn|22\n|\n|t:|1771248067\n|move|p1a: Gliscor|Protect|p1a: Gliscor\n|-singleturn|p1a: Gliscor|Protect\n|move|p2a: Zapdos|Hurricane|p1a: Gliscor\n|-activate|p1a: Gliscor|move: Protect\n|\n|-weather|Snowscape|[upkeep]\n|-heal|p1a: Gliscor|68/100 tox|[from] ability: Poison Heal\n|upkeep\n|turn|23\n|\n|t:|1771248074\n|move|p2a: Zapdos|Hurricane|p1a: Gliscor|[miss]\n|-miss|p2a: Zapdos|p1a: Gliscor\n|move|p1a: Gliscor|Knock Off|p2a: Zapdos\n|-damage|p2a: Zapdos|73/100\n|-enditem|p2a: Zapdos|Choice Specs|[from] move: Knock Off|[of] p1a: Gliscor\n|\n|-weather|Snowscape|[upkeep]\n|-heal|p1a: Gliscor|80/100 tox|[from] ability: Poison Heal\n|upkeep\n|turn|24\n|\n|t:|1771248078\n|move|p2a: Zapdos|Weather Ball|p1a: Gliscor\n|-supereffective|p1a: Gliscor\n|-damage|p1a: Gliscor|0 fnt\n|faint|p1a: Gliscor\n|\n|-weather|Snowscape|[upkeep]\n|upkeep\n|\n|t:|1771248081\n|switch|p1a: Slowking|Slowking-Galar, M|37/100 par\n|turn|25\n|\n|t:|1771248083\n|switch|p1a: Blissey|Blissey, F|100/100\n|move|p2a: Zapdos|Hurricane|p1a: Blissey|[miss]\n|-miss|p2a: Zapdos|p1a: Blissey\n|\n|-weather|none\n|upkeep\n|turn|26\n|\n|t:|1771248087\n|switch|p1a: Slowking|Slowking-Galar, M|70/100 par\n|move|p2a: Zapdos|Volt Switch|p1a: Slowking\n|-damage|p1a: Slowking|50/100 par\n|\n|t:|1771248090\n|switch|p2a: Barraskewda|Barraskewda, F, tera:Water|51/100|[from] Volt Switch\n|\n|upkeep\n|turn|27\n|\n|t:|1771248092\n|switch|p1a: Alomomola|Alomomola, F|95/100 tox\n|move|p2a: Barraskewda|Flip Turn|p1a: Alomomola\n|-resisted|p1a: Alomomola\n|-damage|p1a: Alomomola|75/100 tox\n|-damage|p2a: Barraskewda|35/100|[from] item: Rocky Helmet|[of] p1a: Alomomola\n|\n|t:|1771248095\n|switch|p2a: Zapdos|Zapdos|73/100|[from] Flip Turn\n|\n|-damage|p1a: Alomomola|69/100 tox|[from] psn\n|upkeep\n|turn|28\n|j| Vaitas\n|\n|t:|1771248097\n|switch|p1a: Slowking|Slowking-Galar, M|83/100 par\n|move|p2a: Zapdos|Thunder|p1a: Slowking\n|-crit|p1a: Slowking\n|-damage|p1a: Slowking|38/100 par\n|\n|upkeep\n|turn|29\n|\n|t:|1771248104\n|switch|p1a: Blissey|Blissey, F|100/100\n|move|p2a: Zapdos|Volt Switch|p1a: Blissey\n|-damage|p1a: Blissey|90/100\n|\n|t:|1771248108\n|switch|p2a: Barraskewda|Barraskewda, F, tera:Water|35/100|[from] Volt Switch\n|\n|upkeep\n|turn|30\n|\n|t:|1771248110\n|switch|p1a: Alomomola|Alomomola, F|100/100 tox\n|move|p2a: Barraskewda|Flip Turn|p1a: Alomomola\n|-resisted|p1a: Alomomola\n|-damage|p1a: Alomomola|81/100 tox\n|-damage|p2a: Barraskewda|19/100|[from] item: Rocky Helmet|[of] p1a: Alomomola\n|\n|t:|1771248113\n|switch|p2a: Zapdos|Zapdos|73/100|[from] Flip Turn\n|\n|-damage|p1a: Alomomola|75/100 tox|[from] psn\n|upkeep\n|turn|31\n|\n|t:|1771248115\n|switch|p1a: Slowking|Slowking-Galar, M|72/100 par\n|move|p2a: Zapdos|Volt Switch|p1a: Slowking\n|-damage|p1a: Slowking|50/100 par\n|\n|t:|1771248117\n|switch|p2a: Hatterene|Hatterene, F|83/100|[from] Volt Switch\n|\n|upkeep\n|turn|32\n|\n|t:|1771248119\n|move|p2a: Hatterene|Psychic Noise|p1a: Slowking\n|-damage|p1a: Slowking|30/100 par\n|-start|p1a: Slowking|move: Heal Block\n|move|p1a: Slowking|Sludge Bomb|p2a: Hatterene\n|-supereffective|p2a: Hatterene\n|-damage|p2a: Hatterene|16/100\n|\n|upkeep\n|turn|33\n|\n|t:|1771248127\n|move|p2a: Hatterene|Healing Wish|p2a: Hatterene\n|faint|p2a: Hatterene\n|cant|p1a: Slowking|par\n|\n|-end|p1a: Slowking|move: Heal Block\n|upkeep\n|\n|t:|1771248129\n|switch|p2a: Barraskewda|Barraskewda, F, tera:Water|19/100\n|-heal|p2a: Barraskewda|100/100|[from] move: Healing Wish\n|turn|34\n|\n|t:|1771248132\n|switch|p2a: Zapdos|Zapdos|73/100\n|switch|p1a: Alomomola|Alomomola, F|100/100 tox\n|\n|-damage|p1a: Alomomola|94/100 tox|[from] psn\n|upkeep\n|turn|35\n|\n|t:|1771248135\n|switch|p1a: Slowking|Slowking-Galar, M|63/100 par\n|move|p2a: Zapdos|Thunder|p1a: Slowking\n|-damage|p1a: Slowking|30/100 par\n|\n|upkeep\n|turn|36\n|\n|t:|1771248139\n|switch|p1a: Blissey|Blissey, F|90/100\n|move|p2a: Zapdos|Volt Switch|p1a: Blissey\n|-damage|p1a: Blissey|80/100\n|\n|t:|1771248145\n|switch|p2a: Barraskewda|Barraskewda, F, tera:Water|100/100|[from] Volt Switch\n|\n|upkeep\n|turn|37\n|\n|t:|1771248147\n|switch|p1a: Alomomola|Alomomola, F|100/100 tox\n|move|p2a: Barraskewda|Flip Turn|p1a: Alomomola\n|-resisted|p1a: Alomomola\n|-damage|p1a: Alomomola|79/100 tox\n|-damage|p2a: Barraskewda|84/100|[from] item: Rocky Helmet|[of] p1a: Alomomola\n|\n|t:|1771248149\n|switch|p2a: Zapdos|Zapdos|73/100|[from] Flip Turn\n|\n|-damage|p1a: Alomomola|73/100 tox|[from] psn\n|upkeep\n|turn|38\n|\n|t:|1771248151\n|switch|p1a: Slowking|Slowking-Galar, M|63/100 par\n|move|p2a: Zapdos|Volt Switch|p1a: Slowking\n|-damage|p1a: Slowking|41/100 par\n|\n|t:|1771248154\n|switch|p2a: Barraskewda|Barraskewda, F, tera:Water|84/100|[from] Volt Switch\n|\n|upkeep\n|turn|39\n|\n|t:|1771248158\n|switch|p2a: Pelipper|Pelipper, F|80/100\n|-weather|RainDance|[from] ability: Drizzle|[of] p2a: Pelipper\n|switch|p1a: Alomomola|Alomomola, F|100/100 tox\n|\n|-weather|RainDance|[upkeep]\n|-damage|p1a: Alomomola|94/100 tox|[from] psn\n|upkeep\n|turn|40\n|\n|t:|1771248162\n|move|p1a: Alomomola|Wish|p1a: Alomomola\n|move|p2a: Pelipper|Knock Off|p1a: Alomomola\n|-damage|p1a: Alomomola|87/100 tox\n|-damage|p2a: Pelipper|63/100|[from] item: Rocky Helmet|[of] p1a: Alomomola\n|-enditem|p1a: Alomomola|Rocky Helmet|[from] move: Knock Off|[of] p2a: Pelipper\n|\n|-weather|RainDance|[upkeep]\n|-damage|p1a: Alomomola|74/100 tox|[from] psn\n|upkeep\n|turn|41\n|\n|t:|1771248171\n|switch|p1a: Slowking|Slowking-Galar, M|74/100 par\n|move|p2a: Pelipper|U-turn|p1a: Slowking\n|-damage|p1a: Slowking|64/100 par\n|\n|t:|1771248173\n|switch|p2a: Barraskewda|Barraskewda, F, tera:Water|84/100|[from] U-turn\n|\n|-weather|RainDance|[upkeep]\n|-heal|p1a: Slowking|100/100 par|[from] move: Wish|[wisher] Alomomola\n|upkeep\n|turn|42\n|\n|t:|1771248177\n|switch|p1a: Alomomola|Alomomola, F|100/100 tox\n|move|p2a: Barraskewda|Flip Turn|p1a: Alomomola\n|-resisted|p1a: Alomomola\n|-damage|p1a: Alomomola|71/100 tox\n|\n|t:|1771248179\n|switch|p2a: Zapdos|Zapdos|73/100|[from] Flip Turn\n|\n|-weather|RainDance|[upkeep]\n|-damage|p1a: Alomomola|65/100 tox|[from] psn\n|upkeep\n|turn|43\n|\n|t:|1771248181\n|switch|p1a: Slowking|Slowking-Galar, M|100/100 par\n|move|p2a: Zapdos|Thunder|p1a: Slowking\n|-damage|p1a: Slowking|66/100 par\n|\n|-weather|none\n|upkeep\n|turn|44\n|\n|t:|1771248185\n|move|p2a: Zapdos|Volt Switch|p1a: Slowking\n|-damage|p1a: Slowking|44/100 par\n|j| gdsegtrhyer\n|\n|t:|1771248187\n|switch|p2a: Pelipper|Pelipper, F|63/100|[from] Volt Switch\n|-weather|RainDance|[from] ability: Drizzle|[of] p2a: Pelipper\n|move|p1a: Slowking|Future Sight|p2a: Pelipper\n|-start|p1a: Slowking|move: Future Sight\n|\n|-weather|RainDance|[upkeep]\n|upkeep\n|turn|45\n|\n|t:|1771248192\n|move|p2a: Pelipper|U-turn|p1a: Slowking\n|-damage|p1a: Slowking|35/100 par\n|\n|t:|1771248194\n|switch|p2a: Barraskewda|Barraskewda, F, tera:Water|84/100|[from] U-turn\n|-prepare|p1a: Slowking|Chilly Reception|[premajor]\n|move|p1a: Slowking|Chilly Reception|p1a: Slowking\n|-weather|Snowscape\n|\n|t:|1771248196\n|switch|p1a: Alomomola|Alomomola, F|98/100 tox|[from] Chilly Reception\n|\n|-weather|Snowscape|[upkeep]\n|-damage|p1a: Alomomola|92/100 tox|[from] psn\n|upkeep\n|turn|46\n|\n|t:|1771248199\n|switch|p2a: Toxicroak|Toxicroak, F|100/100\n|move|p1a: Alomomola|Flip Turn|p2a: Toxicroak\n|-immune|p2a: Toxicroak|[from] ability: Dry Skin\n|\n|-weather|Snowscape|[upkeep]\n|-end|p2a: Toxicroak|move: Future Sight\n|-supereffective|p2a: Toxicroak\n|-damage|p2a: Toxicroak|0 fnt\n|faint|p2a: Toxicroak\n|-damage|p1a: Alomomola|80/100 tox|[from] psn\n|upkeep\n|j| heatraniac\n|c|☆3idk|oh forgot\n|c|☆3idk|playing on mobile is tough it seems\n|c|☆3idk|gg\n|inactive|3idk has 120 seconds left.\n|c|☆dimitry5000|gg\n|-message|3idk forfeited.\n|\n|win|dimitry5000\n|raw|dimitry5000's rating: 1760 &rarr; <strong>1779</strong><br />(+19 for winning)\n|raw|3idk's rating: 1746 &rarr; <strong>1727</strong><br />(-19 for losing)\n|l|☆dimitry5000\n|player|p1|\n|l|☆3idk\n|player|p2|\n|l| gdsegtrhyer\n|l| Vaitas\n|l| heatraniac\n", "uploadtime": 1771248457, "views": 9, "formatid": "gen9ou", "rating": 1727, "private": 0, "password": null}