{"id": "gen9ou-2647693036", "format": "[Gen 9] OU", "players": ["monstar246", "TheSeraphAbove"], "log": "|j|☆monstar246\n|j|☆TheSeraphAbove\n|t:|1783797250\n|gametype|singles\n|player|p1|monstar246|101|1143\n|player|p2|TheSeraphAbove|iris-gen5bw2|1159\n|gen|9\n|tier|[Gen 9] OU\n|rated|\n|rule|HP Percentage Mod: HP is shown in percentages\n|rule|Endless Battle Clause: Forcing endless battles is banned\n|rule|Species Clause: Limit one of each Pokémon\n|rule|OHKO Clause: OHKO moves are banned\n|rule|Evasion Items Clause: Evasion items are banned\n|rule|Evasion Moves Clause: Evasion moves are banned\n|rule|Evasion Abilities Clause: Evasion abilities are banned\n|rule|Sleep Moves Clause: Sleep-inducing moves are banned\n|clearpoke\n|poke|p1|Blaziken, M|\n|poke|p1|Greninja-*, M|\n|poke|p1|Metagross|\n|poke|p1|Diancie|\n|poke|p1|Dragonite, F|\n|poke|p1|Hoopa-Unbound|\n|poke|p2|Zapdos|\n|poke|p2|Muk, F|\n|poke|p2|Iron Treads|\n|poke|p2|Alomomola, F|\n|poke|p2|Terrakion|\n|poke|p2|Hydreigon, F|\n|teampreview\n|inactive|Battle timer is ON: inactive players will automatically lose when time's up. (requested by TheSeraphAbove)\n|inactive|TheSeraphAbove has 120 seconds left.\n|\n|t:|1783797284\n|teamsize|p1|6\n|teamsize|p2|6\n|start\n|switch|p1a: Metagross|Metagross|100/100\n|switch|p2a: Iron Treads|Iron Treads|100/100\n|turn|1\n|\n|t:|1783797304\n|move|p2a: Iron Treads|Stealth Rock|p1a: Metagross\n|-sidestart|p1: monstar246|move: Stealth Rock\n|move|p1a: Metagross|Earthquake|p2a: Iron Treads\n|-supereffective|p2a: Iron Treads\n|-damage|p2a: Iron Treads|29/100\n|\n|upkeep\n|turn|2\n|inactive|monstar246 has 120 seconds left.\n|inactive|TheSeraphAbove has 120 seconds left.\n|\n|t:|1783797343\n|move|p2a: Iron Treads|Ice Spinner|p1a: Metagross\n|-resisted|p1a: Metagross\n|-damage|p1a: Metagross|92/100\n|move|p1a: Metagross|Earthquake|p2a: Iron Treads\n|-supereffective|p2a: Iron Treads\n|-damage|p2a: Iron Treads|0 fnt\n|faint|p2a: Iron Treads\n|-end|p2a: Iron Treads|Quark Drive|[silent]\n|\n|upkeep\n|\n|t:|1783797356\n|switch|p2a: Hydreigon|Hydreigon, F|100/100\n|turn|3\n|inactive|monstar246 has 120 seconds left.\n|\n|t:|1783797387\n|move|p2a: Hydreigon|Dark Pulse|p1a: Metagross\n|-supereffective|p1a: Metagross\n|-damage|p1a: Metagross|1/100\n|move|p1a: Metagross|Ice Punch|p2a: Hydreigon\n|-supereffective|p2a: Hydreigon\n|-damage|p2a: Hydreigon|32/100\n|\n|upkeep\n|turn|4\n|\n|t:|1783797396\n|move|p2a: Hydreigon|Dark Pulse|p1a: Metagross\n|-supereffective|p1a: Metagross\n|-damage|p1a: Metagross|0 fnt\n|faint|p1a: Metagross\n|\n|upkeep\n|\n|t:|1783797409\n|switch|p1a: Diancie|Diancie|100/100\n|-damage|p1a: Diancie|88/100|[from] Stealth Rock\n|turn|5\n|inactive|TheSeraphAbove has 120 seconds left.\n|\n|t:|1783797416\n|switch|p2a: Alomomola|Alomomola, F, shiny|100/100\n|move|p1a: Diancie|Moonblast|p2a: Alomomola\n|-damage|p2a: Alomomola|50/100\n|\n|upkeep\n|turn|6\n|inactive|monstar246 has 120 seconds left.\n|inactive|TheSeraphAbove has 120 seconds left.\n|\n|t:|1783797431\n|move|p1a: Diancie|Moonblast|p2a: Alomomola\n|-damage|p2a: Alomomola|0 fnt\n|faint|p2a: Alomomola\n|\n|upkeep\n|\n|t:|1783797446\n|switch|p2a: Terrakion|Terrakion|100/100\n|turn|7\n|\n|t:|1783797452\n|move|p2a: Terrakion|Iron Head|p1a: Diancie\n|-supereffective|p1a: Diancie\n|-crit|p1a: Diancie\n|-damage|p1a: Diancie|0 fnt\n|-damage|p2a: Terrakion|84/100|[from] item: Rocky Helmet|[of] p1a: Diancie\n|faint|p1a: Diancie\n|\n|upkeep\n|\n|t:|1783797464\n|switch|p1a: Greninja|Greninja, M|100/100\n|-damage|p1a: Greninja|88/100|[from] Stealth Rock\n|turn|8\n|inactive|TheSeraphAbove has 120 seconds left.\n|\n|t:|1783797492\n|switch|p2a: Zapdos|Zapdos|100/100\n|move|p1a: Greninja|Surf|p2a: Zapdos\n|-damage|p2a: Zapdos|61/100\n|\n|upkeep\n|turn|9\n|\n|t:|1783797502\n|-terastallize|p2a: Zapdos|Steel\n|move|p1a: Greninja|Ice Beam|p2a: Zapdos\n|-resisted|p2a: Zapdos\n|-damage|p2a: Zapdos|47/100\n|-status|p2a: Zapdos|frz\n|cant|p2a: Zapdos|frz\n|\n|upkeep\n|turn|10\n|inactive|TheSeraphAbove has 120 seconds left.\n|\n|t:|1783797516\n|move|p1a: Greninja|Surf|p2a: Zapdos\n|-damage|p2a: Zapdos|11/100 frz\n|cant|p2a: Zapdos|frz\n|\n|upkeep\n|turn|11\n|inactive|TheSeraphAbove has 120 seconds left.\n|\n|t:|1783797524\n|move|p1a: Greninja|Surf|p2a: Zapdos\n|-damage|p2a: Zapdos|0 fnt\n|faint|p2a: Zapdos\n|-ability|p1a: Greninja|Battle Bond|boost\n|-boost|p1a: Greninja|atk|1\n|-boost|p1a: Greninja|spa|1\n|-boost|p1a: Greninja|spe|1\n|-activate|p1a: Greninja|ability: Battle Bond\n|\n|upkeep\n|inactive|TheSeraphAbove has 120 seconds left.\n|inactive|TheSeraphAbove has 90 seconds left.\n|\n|t:|1783797571\n|switch|p2a: The Slug|Muk, F, shiny|100/100\n|turn|12\n|\n|t:|1783797598\n|move|p1a: Greninja|Surf|p2a: The Slug\n|-damage|p2a: The Slug|49/100\n|move|p2a: The Slug|Drain Punch|p1a: Greninja\n|-supereffective|p1a: Greninja\n|-damage|p1a: Greninja|0 fnt\n|-heal|p2a: The Slug|79/100|[from] drain|[of] p1a: Greninja\n|faint|p1a: Greninja\n|\n|upkeep\n|inactive|monstar246 has 120 seconds left.\n|\n|t:|1783797614\n|switch|p1a: Hoopa|Hoopa-Unbound|100/100\n|-damage|p1a: Hoopa|88/100|[from] Stealth Rock\n|turn|13\n|inactive|monstar246 has 120 seconds left.\n|inactive|TheSeraphAbove has 90 seconds left.\n|\n|t:|1783797633\n|switch|p2a: Hydreigon|Hydreigon, F|32/100\n|move|p1a: Hoopa|Future Sight|p2a: Hydreigon\n|-start|p1a: Hoopa|move: Future Sight\n|\n|upkeep\n|turn|14\n|inactive|TheSeraphAbove has 90 seconds left.\n|inactive|monstar246 has 120 seconds left.\n|\n|t:|1783797647\n|move|p2a: Hydreigon|Dark Pulse|p1a: Hoopa\n|-damage|p1a: Hoopa|35/100\n|cant|p1a: Hoopa|flinch\n|\n|upkeep\n|turn|15\n|inactive|monstar246 has 120 seconds left.\n|\n|t:|1783797662\n|switch|p1a: Dragonite|Dragonite, F|100/100\n|-damage|p1a: Dragonite|76/100|[from] Stealth Rock\n|move|p2a: Hydreigon|Dark Pulse|p1a: Dragonite\n|-damage|p1a: Dragonite|8/100\n|\n|-end|p2a: Hydreigon|move: Future Sight\n|-immune|p2a: Hydreigon\n|upkeep\n|turn|16\n|inactive|monstar246 has 120 seconds left.\n|inactive|TheSeraphAbove has 90 seconds left.\n|\n|t:|1783797679\n|switch|p2a: The Slug|Muk, F, shiny|79/100\n|move|p1a: Dragonite|Extreme Speed|p2a: The Slug\n|-damage|p2a: The Slug|49/100\n|\n|upkeep\n|turn|17\n|inactive|TheSeraphAbove has 90 seconds left.\n|\n|t:|1783797690\n|move|p1a: Dragonite|Dragon Claw|p2a: The Slug\n|-damage|p2a: The Slug|1/100\n|move|p2a: The Slug|Poison Jab|p1a: Dragonite\n|-damage|p1a: Dragonite|0 fnt\n|faint|p1a: Dragonite\n|\n|upkeep\n|\n|t:|1783797699\n|switch|p1a: Blaziken|Blaziken, M|100/100\n|-damage|p1a: Blaziken|88/100|[from] Stealth Rock\n|turn|18\n|\n|t:|1783797707\n|move|p1a: Blaziken|Brick Break|p2a: The Slug\n|-resisted|p2a: The Slug\n|-damage|p2a: The Slug|0 fnt\n|faint|p2a: The Slug\n|\n|-ability|p1a: Blaziken|Speed Boost|boost\n|-boost|p1a: Blaziken|spe|1\n|upkeep\n|\n|t:|1783797714\n|switch|p2a: Terrakion|Terrakion|84/100\n|turn|19\n|\n|t:|1783797731\n|move|p2a: Terrakion|Earthquake|p1a: Blaziken\n|-supereffective|p1a: Blaziken\n|-crit|p1a: Blaziken\n|-damage|p1a: Blaziken|0 fnt\n|faint|p1a: Blaziken\n|\n|upkeep\n|\n|t:|1783797737\n|switch|p1a: Hoopa|Hoopa-Unbound|35/100\n|-damage|p1a: Hoopa|22/100|[from] Stealth Rock\n|turn|20\n|\n|t:|1783797743\n|move|p2a: Terrakion|Earthquake|p1a: Hoopa\n|-damage|p1a: Hoopa|0 fnt\n|faint|p1a: Hoopa\n|\n|win|TheSeraphAbove\n|raw|monstar246's rating: 1143 &rarr; <strong>1119</strong><br />(-24 for losing)\n|raw|TheSeraphAbove's rating: 1159 &rarr; <strong>1183</strong><br />(+24 for winning)\n|l|☆TheSeraphAbove\n|player|p2|\n|l|☆monstar246\n|player|p1|\n", "uploadtime": 1783797745, "views": 16, "formatid": "gen9ou", "rating": 1119, "private": 0, "password": null}