{"id": "gen9ou-2647774108", "format": "[Gen 9] OU", "players": ["JoYuKneekYT", "7/11 doughnuts"], "log": "|j|☆JoYuKneekYT\n|j|☆7/11 doughnuts\n|t:|1783810258\n|gametype|singles\n|player|p1|JoYuKneekYT|cynthia|1310\n|player|p2|7/11 doughnuts|266|1261\n|gen|9\n|tier|[Gen 9] OU\n|rated|\n|rule|HP Percentage Mod: HP is shown in percentages\n|rule|Endless Battle Clause: Forcing endless battles is banned\n|rule|Species Clause: Limit one of each Pokémon\n|rule|OHKO Clause: OHKO moves are banned\n|rule|Evasion Items Clause: Evasion items are banned\n|rule|Evasion Moves Clause: Evasion moves are banned\n|rule|Evasion Abilities Clause: Evasion abilities are banned\n|rule|Sleep Moves Clause: Sleep-inducing moves are banned\n|clearpoke\n|poke|p1|Oricorio-Pom-Pom, M|\n|poke|p1|Ceruledge, M|\n|poke|p1|Grimmsnarl, M|\n|poke|p1|Decidueye-Hisui, F|\n|poke|p1|Cinderace, F|\n|poke|p1|Ogerpon-Wellspring, F|\n|poke|p2|Meowscarada, M|\n|poke|p2|Gliscor, F|\n|poke|p2|Kingambit, F|\n|poke|p2|Dragapult, F|\n|poke|p2|Great Tusk|\n|poke|p2|Slowking-Galar, M|\n|teampreview\n|inactive|Battle timer is ON: inactive players will automatically lose when time's up. (requested by 7/11 doughnuts)\n|\n|t:|1783810278\n|teamsize|p1|6\n|teamsize|p2|6\n|start\n|switch|p1a: Cinderace|Cinderace, F|100/100\n|switch|p2a: Batman|Gliscor, F|100/100\n|turn|1\n|\n|t:|1783810296\n|switch|p1a: Ogerpon|Ogerpon-Wellspring, F|100/100\n|move|p2a: Batman|Protect||[still]\n|-fail|p2a: Batman\n|\n|-status|p2a: Batman|tox|[from] item: Toxic Orb\n|upkeep\n|turn|2\n|\n|t:|1783810308\n|-terastallize|p2a: Batman|Water\n|move|p1a: Ogerpon|Swords Dance|p1a: Ogerpon\n|-boost|p1a: Ogerpon|atk|2\n|move|p2a: Batman|Toxic|p1a: Ogerpon\n|-status|p1a: Ogerpon|tox\n|\n|-damage|p1a: Ogerpon|95/100 tox|[from] psn\n|upkeep\n|turn|3\n|\n|t:|1783810316\n|move|p2a: Batman|Protect|p2a: Batman\n|-singleturn|p2a: Batman|Protect\n|move|p1a: Ogerpon|Swords Dance|p1a: Ogerpon\n|-boost|p1a: Ogerpon|atk|2\n|\n|-damage|p1a: Ogerpon|83/100 tox|[from] psn\n|upkeep\n|turn|4\n|\n|t:|1783810322\n|move|p1a: Ogerpon|Trailblaze|p2a: Batman\n|-supereffective|p2a: Batman\n|-damage|p2a: Batman|0 fnt\n|-boost|p1a: Ogerpon|spe|1\n|faint|p2a: Batman\n|\n|-damage|p1a: Ogerpon|65/100 tox|[from] psn\n|upkeep\n|\n|t:|1783810328\n|switch|p2a: Hello Kitty|Meowscarada, M|100/100\n|turn|5\n|\n|t:|1783810334\n|move|p2a: Hello Kitty|U-turn|p1a: Ogerpon\n|-start|p2a: Hello Kitty|typechange|Bug|[from] ability: Protean\n|-supereffective|p1a: Ogerpon\n|-damage|p1a: Ogerpon|0 fnt\n|faint|p1a: Ogerpon\n|\n|t:|1783810340\n|switch|p2a: Slowking|Slowking-Galar, M|100/100|[from] U-turn\n|\n|upkeep\n|\n|t:|1783810354\n|switch|p1a: Cinderace|Cinderace, F|100/100\n|turn|6\n|\n|t:|1783810361\n|move|p1a: Cinderace|Pyro Ball|p2a: Slowking\n|-damage|p2a: Slowking|38/100\n|move|p2a: Slowking|Sludge Bomb|p1a: Cinderace\n|-damage|p1a: Cinderace|30/100\n|-status|p1a: Cinderace|psn\n|\n|-damage|p1a: Cinderace|18/100 psn|[from] psn\n|upkeep\n|turn|7\n|\n|t:|1783810370\n|switch|p2a: Great Tusk|Great Tusk|100/100\n|-enditem|p2a: Great Tusk|Booster Energy\n|-activate|p2a: Great Tusk|ability: Protosynthesis|[fromitem]\n|-start|p2a: Great Tusk|protosynthesisspe\n|move|p1a: Cinderace|Pyro Ball|p2a: Great Tusk\n|-damage|p2a: Great Tusk|66/100\n|\n|-damage|p1a: Cinderace|6/100 psn|[from] psn\n|upkeep\n|turn|8\n|\n|t:|1783810381\n|move|p2a: Great Tusk|Stealth Rock|p1a: Cinderace\n|-sidestart|p1: JoYuKneekYT|move: Stealth Rock\n|move|p1a: Cinderace|Pyro Ball|p2a: Great Tusk\n|-damage|p2a: Great Tusk|27/100\n|-status|p2a: Great Tusk|brn\n|\n|-damage|p1a: Cinderace|0 fnt|[from] psn\n|faint|p1a: Cinderace\n|-damage|p2a: Great Tusk|20/100 brn|[from] brn\n|upkeep\n|\n|t:|1783810406\n|switch|p1a: Grimmsnarl|Grimmsnarl, M|100/100\n|-damage|p1a: Grimmsnarl|88/100|[from] Stealth Rock\n|turn|9\n|\n|t:|1783810414\n|move|p1a: Grimmsnarl|Reflect|p1a: Grimmsnarl\n|-sidestart|p1: JoYuKneekYT|Reflect\n|move|p2a: Great Tusk|Headlong Rush|p1a: Grimmsnarl\n|-damage|p1a: Grimmsnarl|73/100\n|-unboost|p2a: Great Tusk|def|1\n|-unboost|p2a: Great Tusk|spd|1\n|\n|-damage|p2a: Great Tusk|14/100 brn|[from] brn\n|upkeep\n|turn|10\n|\n|t:|1783810419\n|move|p1a: Grimmsnarl|Light Screen|p1a: Grimmsnarl\n|-sidestart|p1: JoYuKneekYT|move: Light Screen\n|move|p2a: Great Tusk|Headlong Rush|p1a: Grimmsnarl\n|-damage|p1a: Grimmsnarl|57/100\n|-unboost|p2a: Great Tusk|def|1\n|-unboost|p2a: Great Tusk|spd|1\n|\n|-damage|p2a: Great Tusk|8/100 brn|[from] brn\n|upkeep\n|turn|11\n|\n|t:|1783810423\n|move|p1a: Grimmsnarl|Parting Shot|p2a: Great Tusk\n|-unboost|p2a: Great Tusk|atk|1\n|-unboost|p2a: Great Tusk|spa|1\n|\n|t:|1783810426\n|switch|p1a: Oricorio|Oricorio-Pom-Pom, M|100/100|[from] Parting Shot\n|-damage|p1a: Oricorio|76/100|[from] Stealth Rock\n|move|p2a: Great Tusk|Headlong Rush|p1a: Oricorio\n|-immune|p1a: Oricorio\n|\n|-damage|p2a: Great Tusk|2/100 brn|[from] brn\n|upkeep\n|turn|12\n|\n|t:|1783810430\n|-end|p2a: Great Tusk|Protosynthesis|[silent]\n|switch|p2a: Kingambit|Kingambit, F|100/100\n|-activate|p2a: Kingambit|ability: Supreme Overlord\n|-start|p2a: Kingambit|fallen1|[silent]\n|move|p1a: Oricorio|Quiver Dance|p1a: Oricorio\n|-boost|p1a: Oricorio|spa|1\n|-boost|p1a: Oricorio|spd|1\n|-boost|p1a: Oricorio|spe|1\n|\n|upkeep\n|turn|13\n|\n|t:|1783810439\n|move|p1a: Oricorio|Revelation Dance|p2a: Kingambit\n|-damage|p2a: Kingambit|48/100\n|move|p2a: Kingambit|Brick Break|p1a: Oricorio\n|-sideend|p1: JoYuKneekYT|Reflect\n|-sideend|p1: JoYuKneekYT|move: Light Screen\n|-resisted|p1a: Oricorio\n|-damage|p1a: Oricorio|56/100\n|-enditem|p1a: Oricorio|Kee Berry|[eat]\n|-boost|p1a: Oricorio|def|1|[from] item: Kee Berry\n|\n|upkeep\n|turn|14\n|\n|t:|1783810446\n|-end|p2a: Kingambit|fallen1|[silent]\n|switch|p2a: Great Tusk|Great Tusk|2/100 brn\n|move|p1a: Oricorio|Roost|p1a: Oricorio\n|-heal|p1a: Oricorio|100/100\n|-singleturn|p1a: Oricorio|move: Roost\n|\n|-damage|p2a: Great Tusk|0 fnt|[from] brn\n|faint|p2a: Great Tusk\n|-end|p2a: Great Tusk|Protosynthesis|[silent]\n|upkeep\n|\n|t:|1783810450\n|switch|p2a: Hello Kitty|Meowscarada, M|100/100\n|turn|15\n|\n|t:|1783810456\n|move|p2a: Hello Kitty|Triple Axel|p1a: Oricorio|[miss]\n|-start|p2a: Hello Kitty|typechange|Ice|[from] ability: Protean\n|-miss|p2a: Hello Kitty|p1a: Oricorio\n|move|p1a: Oricorio|Air Slash|p2a: Hello Kitty\n|-damage|p2a: Hello Kitty|30/100\n|\n|upkeep\n|turn|16\n|c|☆7/11 doughnuts|thats\n|c|☆7/11 doughnuts|the fkn\n|c|☆7/11 doughnuts|5th time in aa row today\n|c|☆7/11 doughnuts|its missed\n|c|☆7/11 doughnuts|lit\n|inactive|JoYuKneekYT has 120 seconds left.\n|\n|t:|1783810492\n|move|p2a: Hello Kitty|Triple Axel|p1a: Oricorio\n|-supereffective|p1a: Oricorio\n|-damage|p1a: Oricorio|83/100\n|-supereffective|p1a: Oricorio\n|-damage|p1a: Oricorio|52/100\n|-supereffective|p1a: Oricorio\n|-damage|p1a: Oricorio|6/100\n|-hitcount|p1a: Oricorio|3\n|move|p1a: Oricorio|Revelation Dance|p2a: Hello Kitty\n|-damage|p2a: Hello Kitty|0 fnt\n|faint|p2a: Hello Kitty\n|\n|upkeep\n|\n|t:|1783810504\n|switch|p2a: Kingambit|Kingambit, F|48/100\n|-activate|p2a: Kingambit|ability: Supreme Overlord\n|-start|p2a: Kingambit|fallen3|[silent]\n|turn|17\n|\n|t:|1783810507\n|move|p1a: Oricorio|Roost|p1a: Oricorio\n|-heal|p1a: Oricorio|56/100\n|-singleturn|p1a: Oricorio|move: Roost\n|move|p2a: Kingambit|Kowtow Cleave|p1a: Oricorio\n|-damage|p1a: Oricorio|0 fnt\n|faint|p1a: Oricorio\n|\n|upkeep\n|\n|t:|1783810521\n|switch|p1a: Grimmsnarl|Grimmsnarl, M|57/100\n|-damage|p1a: Grimmsnarl|44/100|[from] Stealth Rock\n|turn|18\n|\n|t:|1783810531\n|move|p1a: Grimmsnarl|Reflect|p1a: Grimmsnarl\n|-sidestart|p1: JoYuKneekYT|Reflect\n|move|p2a: Kingambit|Iron Head|p1a: Grimmsnarl\n|-supereffective|p1a: Grimmsnarl\n|-damage|p1a: Grimmsnarl|0 fnt\n|faint|p1a: Grimmsnarl\n|\n|upkeep\n|\n|t:|1783810536\n|switch|p1a: Decidueye|Decidueye-Hisui, F|100/100\n|-damage|p1a: Decidueye|94/100|[from] Stealth Rock\n|turn|19\n|\n|t:|1783810547\n|-end|p2a: Kingambit|fallen3|[silent]\n|switch|p2a: Slowking|Slowking-Galar, M|71/100\n|move|p1a: Decidueye|Triple Arrows|p2a: Slowking\n|-resisted|p2a: Slowking\n|-damage|p2a: Slowking|59/100\n|\n|-heal|p1a: Decidueye|100/100|[from] item: Leftovers\n|upkeep\n|turn|20\n|\n|t:|1783810554\n|-terastallize|p1a: Decidueye|Dark\n|move|p1a: Decidueye|Sucker Punch|p2a: Slowking\n|-supereffective|p2a: Slowking\n|-damage|p2a: Slowking|0 fnt\n|faint|p2a: Slowking\n|\n|upkeep\n|\n|t:|1783810562\n|switch|p2a: Dragapult|Dragapult, F|100/100\n|turn|21\n|\n|t:|1783810570\n|switch|p2a: Kingambit|Kingambit, F|48/100\n|-activate|p2a: Kingambit|ability: Supreme Overlord\n|-start|p2a: Kingambit|fallen4|[silent]\n|move|p1a: Decidueye|Triple Arrows|p2a: Kingambit\n|-supereffective|p2a: Kingambit\n|-damage|p2a: Kingambit|0 fnt\n|faint|p2a: Kingambit\n|-end|p2a: Kingambit|fallen4|[silent]\n|\n|upkeep\n|-message|7/11 doughnuts forfeited.\n|\n|win|JoYuKneekYT\n|raw|JoYuKneekYT's rating: 1310 &rarr; <strong>1327</strong><br />(+17 for winning)\n|raw|7&#x2f;11 doughnuts's rating: 1261 &rarr; <strong>1240</strong><br />(-21 for losing)\n|l|☆7/11 doughnuts\n|player|p2|\n", "uploadtime": 1783810605, "views": 33, "formatid": "gen9ou", "rating": 1240, "private": 0, "password": null}