{"id": "gen9ou-2647832532", "format": "[Gen 9] OU", "players": ["Magicbeldum", "Yadakura"], "log": "|j|☆Magicbeldum\n|j|☆Yadakura\n|t:|1783820550\n|gametype|singles\n|player|p1|Magicbeldum|ruinmaniac|\n|player|p2|Yadakura|veteran-gen4|\n|gen|9\n|tier|[Gen 9] OU\n|rule|HP Percentage Mod: HP is shown in percentages\n|rule|Endless Battle Clause: Forcing endless battles is banned\n|rule|Species Clause: Limit one of each Pokémon\n|rule|OHKO Clause: OHKO moves are banned\n|rule|Evasion Items Clause: Evasion items are banned\n|rule|Evasion Moves Clause: Evasion moves are banned\n|rule|Evasion Abilities Clause: Evasion abilities are banned\n|rule|Sleep Moves Clause: Sleep-inducing moves are banned\n|clearpoke\n|poke|p1|Rotom-Mow|\n|poke|p1|Mandibuzz, F|\n|poke|p1|Mienshao, F|\n|poke|p1|Empoleon, F|\n|poke|p1|Excadrill, M|\n|poke|p1|Umbreon, F|\n|poke|p2|Slowking-Galar, M|\n|poke|p2|Tornadus-Therian, M|\n|poke|p2|Cinderace, M|\n|poke|p2|Lokix, M|\n|poke|p2|Hydrapple, M|\n|poke|p2|Great Tusk|\n|teampreview\n|inactive|Battle timer is ON: inactive players will automatically lose when time's up. (requested by Yadakura)\n|\n|t:|1783820564\n|teamsize|p1|6\n|teamsize|p2|6\n|start\n|switch|p1a: Mandibuzz|Mandibuzz, F|100/100\n|switch|p2a: Lakitu|Tornadus-Therian, M, shiny|100/100\n|turn|1\n|\n|t:|1783820569\n|move|p2a: Lakitu|U-turn|p1a: Mandibuzz\n|-damage|p1a: Mandibuzz|93/100\n|\n|t:|1783820571\n|switch|p2a: Messi|Cinderace, M, shiny|100/100|[from] U-turn\n|move|p1a: Mandibuzz|Toxic|p2a: Messi\n|-status|p2a: Messi|tox\n|\n|-damage|p2a: Messi|94/100 tox|[from] psn\n|upkeep\n|turn|2\n|\n|t:|1783820580\n|switch|p1a: Mienshao|Mienshao, F|100/100\n|move|p2a: Messi|U-turn|p1a: Mienshao\n|-resisted|p1a: Mienshao\n|-damage|p1a: Mienshao|82/100\n|\n|t:|1783820591\n|switch|p2a: Enigma|Lokix, M, shiny|100/100|[from] U-turn\n|\n|upkeep\n|turn|3\n|\n|t:|1783820597\n|-terastallize|p2a: Enigma|Bug\n|move|p2a: Enigma|First Impression|p1a: Mienshao\n|-resisted|p1a: Mienshao\n|-damage|p1a: Mienshao|0 fnt\n|faint|p1a: Mienshao\n|\n|upkeep\n|\n|t:|1783820605\n|switch|p1a: Excadrill|Excadrill, M|100/100\n|-ability|p1a: Excadrill|Mold Breaker\n|turn|4\n|\n|t:|1783820611\n|switch|p2a: Lakitu|Tornadus-Therian, M, shiny|100/100\n|move|p1a: Excadrill|Stealth Rock|p2a: Lakitu\n|-sidestart|p2: Yadakura|move: Stealth Rock\n|\n|upkeep\n|turn|5\n|\n|t:|1783820624\n|switch|p1a: Empoleon|Empoleon, F|100/100\n|move|p2a: Lakitu|Heat Wave|p1a: Empoleon\n|-damage|p1a: Empoleon|85/100\n|\n|-heal|p1a: Empoleon|92/100|[from] item: Leftovers\n|upkeep\n|turn|6\n|\n|t:|1783820633\n|move|p2a: Lakitu|U-turn|p1a: Empoleon\n|-resisted|p1a: Empoleon\n|-damage|p1a: Empoleon|84/100\n|\n|t:|1783820639\n|switch|p2a: Messi|Cinderace, M, shiny|94/100 tox|[from] U-turn\n|move|p1a: Empoleon|Ice Beam|p2a: Messi\n|-resisted|p2a: Messi\n|-damage|p2a: Messi|80/100 tox\n|\n|-heal|p1a: Empoleon|91/100|[from] item: Leftovers\n|-damage|p2a: Messi|74/100 tox|[from] psn\n|upkeep\n|turn|7\n|\n|t:|1783820649\n|move|p2a: Messi|Court Change|p2a: Messi\n|-swapsideconditions\n|-activate|p2a: Messi|move: Court Change\n|move|p1a: Empoleon|Roost|p1a: Empoleon\n|-heal|p1a: Empoleon|100/100\n|-singleturn|p1a: Empoleon|move: Roost\n|\n|-damage|p2a: Messi|62/100 tox|[from] psn\n|upkeep\n|turn|8\n|\n|t:|1783820657\n|move|p2a: Messi|U-turn|p1a: Empoleon\n|-resisted|p1a: Empoleon\n|-damage|p1a: Empoleon|90/100\n|\n|t:|1783820661\n|switch|p2a: Yajirobe|Slowking-Galar, M, shiny|100/100|[from] U-turn\n|move|p1a: Empoleon|Surf|p2a: Yajirobe\n|-damage|p2a: Yajirobe|73/100\n|\n|-heal|p1a: Empoleon|96/100|[from] item: Leftovers\n|upkeep\n|turn|9\n|\n|t:|1783820674\n|switch|p1a: Rotom|Rotom-Mow|100/100\n|-damage|p1a: Rotom|88/100|[from] Stealth Rock\n|-prepare|p2a: Yajirobe|Chilly Reception|[premajor]\n|move|p2a: Yajirobe|Chilly Reception|p2a: Yajirobe\n|-weather|Snowscape\n|\n|t:|1783820680\n|switch|p2a: Enigma|Lokix, M, shiny, tera:Bug|100/100|[from] Chilly Reception\n|\n|-weather|Snowscape|[upkeep]\n|upkeep\n|turn|10\n|\n|t:|1783820689\n|switch|p1a: Mandibuzz|Mandibuzz, F|93/100\n|move|p2a: Enigma|First Impression|p1a: Mandibuzz\n|-damage|p1a: Mandibuzz|47/100\n|\n|-weather|Snowscape|[upkeep]\n|upkeep\n|turn|11\n|\n|t:|1783820698\n|switch|p2a: Yajirobe|Slowking-Galar, M, shiny|100/100\n|move|p1a: Mandibuzz|Roost|p1a: Mandibuzz\n|-heal|p1a: Mandibuzz|97/100\n|-singleturn|p1a: Mandibuzz|move: Roost\n|\n|-weather|Snowscape|[upkeep]\n|upkeep\n|turn|12\n|\n|t:|1783820706\n|move|p1a: Mandibuzz|U-turn|p2a: Yajirobe\n|-damage|p2a: Yajirobe|91/100\n|\n|t:|1783820711\n|switch|p1a: Excadrill|Excadrill, M|100/100|[from] U-turn\n|-damage|p1a: Excadrill|97/100|[from] Stealth Rock\n|-ability|p1a: Excadrill|Mold Breaker\n|move|p2a: Yajirobe|Toxic|p1a: Excadrill\n|-immune|p1a: Excadrill\n|\n|-weather|Snowscape|[upkeep]\n|upkeep\n|turn|13\n|\n|t:|1783820720\n|switch|p2a: Lakitu|Tornadus-Therian, M, shiny|100/100\n|move|p1a: Excadrill|Rapid Spin|p2a: Lakitu\n|-damage|p2a: Lakitu|82/100\n|-boost|p1a: Excadrill|spe|1\n|-sideend|p1: Magicbeldum|Stealth Rock|[from] move: Rapid Spin|[of] p1a: Excadrill\n|\n|-weather|none\n|upkeep\n|turn|14\n|\n|t:|1783820732\n|switch|p1a: Mandibuzz|Mandibuzz, F|97/100\n|move|p2a: Lakitu|Bleakwind Storm|p1a: Mandibuzz\n|-damage|p1a: Mandibuzz|64/100\n|\n|upkeep\n|turn|15\n|\n|t:|1783820738\n|move|p2a: Lakitu|Bleakwind Storm|p1a: Mandibuzz\n|-damage|p1a: Mandibuzz|32/100\n|move|p1a: Mandibuzz|Foul Play|p2a: Lakitu\n|-damage|p2a: Lakitu|49/100\n|\n|upkeep\n|turn|16\n|\n|t:|1783820745\n|move|p2a: Lakitu|Bleakwind Storm|p1a: Mandibuzz\n|-damage|p1a: Mandibuzz|3/100\n|-unboost|p1a: Mandibuzz|spe|1\n|move|p1a: Mandibuzz|Roost|p1a: Mandibuzz\n|-heal|p1a: Mandibuzz|53/100\n|-singleturn|p1a: Mandibuzz|move: Roost\n|\n|upkeep\n|turn|17\n|\n|t:|1783820753\n|move|p2a: Lakitu|U-turn|p1a: Mandibuzz\n|-damage|p1a: Mandibuzz|44/100\n|\n|t:|1783820758\n|switch|p2a: Enigma|Lokix, M, shiny, tera:Bug|100/100|[from] U-turn\n|move|p1a: Mandibuzz|Roost|p1a: Mandibuzz\n|-heal|p1a: Mandibuzz|95/100\n|-singleturn|p1a: Mandibuzz|move: Roost\n|\n|upkeep\n|turn|18\n|\n|t:|1783820768\n|move|p2a: Enigma|U-turn|p1a: Mandibuzz\n|-damage|p1a: Mandibuzz|56/100\n|\n|t:|1783820771\n|switch|p2a: Big Shaq|Great Tusk, shiny|100/100|[from] U-turn\n|move|p1a: Mandibuzz|Toxic|p2a: Big Shaq\n|-status|p2a: Big Shaq|tox\n|\n|-damage|p2a: Big Shaq|94/100 tox|[from] psn\n|upkeep\n|turn|19\n|\n|t:|1783820778\n|move|p2a: Big Shaq|Stealth Rock|p1a: Mandibuzz\n|-sidestart|p1: Magicbeldum|move: Stealth Rock\n|move|p1a: Mandibuzz|Roost|p1a: Mandibuzz\n|-heal|p1a: Mandibuzz|100/100\n|-singleturn|p1a: Mandibuzz|move: Roost\n|\n|-damage|p2a: Big Shaq|82/100 tox|[from] psn\n|upkeep\n|turn|20\n|\n|t:|1783820787\n|-end|p2a: Big Shaq|Protosynthesis|[silent]\n|switch|p2a: Diabetes|Hydrapple, M, shiny|100/100\n|move|p1a: Mandibuzz|Foul Play|p2a: Diabetes\n|-damage|p2a: Diabetes|85/100\n|\n|upkeep\n|turn|21\n|\n|t:|1783820793\n|move|p2a: Diabetes|Nasty Plot|p2a: Diabetes\n|-boost|p2a: Diabetes|spa|2\n|move|p1a: Mandibuzz|U-turn|p2a: Diabetes\n|-supereffective|p2a: Diabetes\n|-damage|p2a: Diabetes|67/100\n|\n|t:|1783820800\n|switch|p1a: Empoleon|Empoleon, F|96/100|[from] U-turn\n|-damage|p1a: Empoleon|90/100|[from] Stealth Rock\n|\n|-heal|p1a: Empoleon|96/100|[from] item: Leftovers\n|upkeep\n|turn|22\n|\n|t:|1783820807\n|move|p2a: Diabetes|Earth Power|p1a: Empoleon\n|-supereffective|p1a: Empoleon\n|-damage|p1a: Empoleon|0 fnt\n|faint|p1a: Empoleon\n|-damage|p2a: Diabetes|57/100|[from] item: Life Orb\n|\n|upkeep\n|\n|t:|1783820814\n|switch|p1a: Umbreon|Umbreon, F|100/100\n|-damage|p1a: Umbreon|88/100|[from] Stealth Rock\n|turn|23\n|\n|t:|1783820820\n|move|p1a: Umbreon|Substitute|p1a: Umbreon\n|-start|p1a: Umbreon|Substitute\n|-damage|p1a: Umbreon|63/100\n|move|p2a: Diabetes|Leaf Storm|p1a: Umbreon\n|-end|p1a: Umbreon|Substitute\n|-unboost|p2a: Diabetes|spa|2\n|-damage|p2a: Diabetes|48/100|[from] item: Life Orb\n|\n|-heal|p1a: Umbreon|69/100|[from] item: Leftovers\n|upkeep\n|turn|24\n|\n|t:|1783820830\n|switch|p2a: Big Shaq|Great Tusk, shiny|82/100 tox\n|move|p1a: Umbreon|Toxic|p2a: Big Shaq\n|-fail|p2a: Big Shaq|tox\n|\n|-heal|p1a: Umbreon|75/100|[from] item: Leftovers\n|-damage|p2a: Big Shaq|76/100 tox|[from] psn\n|upkeep\n|turn|25\n|\n|t:|1783820838\n|-end|p2a: Big Shaq|Protosynthesis|[silent]\n|switch|p2a: Yajirobe|Slowking-Galar, M, shiny|100/100\n|move|p1a: Umbreon|Substitute|p1a: Umbreon\n|-start|p1a: Umbreon|Substitute\n|-damage|p1a: Umbreon|50/100\n|\n|-heal|p1a: Umbreon|57/100|[from] item: Leftovers\n|upkeep\n|turn|26\n|\n|t:|1783820850\n|move|p1a: Umbreon|Foul Play|p2a: Yajirobe\n|-supereffective|p2a: Yajirobe\n|-enditem|p2a: Yajirobe|Colbur Berry|[eat]\n|-enditem|p2a: Yajirobe|Colbur Berry|[weaken]\n|-damage|p2a: Yajirobe|87/100\n|move|p2a: Yajirobe|Sludge Bomb|p1a: Umbreon\n|-activate|p1a: Umbreon|move: Substitute|[damage]\n|\n|-heal|p1a: Umbreon|63/100|[from] item: Leftovers\n|upkeep\n|turn|27\n|\n|t:|1783820862\n|move|p1a: Umbreon|Moonlight|p1a: Umbreon\n|-heal|p1a: Umbreon|100/100\n|move|p2a: Yajirobe|Sludge Bomb|p1a: Umbreon\n|-end|p1a: Umbreon|Substitute\n|\n|upkeep\n|turn|28\n|\n|t:|1783820869\n|switch|p2a: Enigma|Lokix, M, shiny, tera:Bug|100/100\n|move|p1a: Umbreon|Substitute|p1a: Umbreon\n|-start|p1a: Umbreon|Substitute\n|-damage|p1a: Umbreon|76/100\n|\n|-heal|p1a: Umbreon|82/100|[from] item: Leftovers\n|upkeep\n|turn|29\n|\n|t:|1783820876\n|move|p2a: Enigma|U-turn|p1a: Umbreon\n|-supereffective|p1a: Umbreon\n|-end|p1a: Umbreon|Substitute\n|\n|t:|1783820880\n|switch|p2a: Messi|Cinderace, M, shiny|62/100 tox|[from] U-turn\n|move|p1a: Umbreon|Toxic|p2a: Messi\n|-fail|p2a: Messi|tox\n|\n|-heal|p1a: Umbreon|88/100|[from] item: Leftovers\n|-damage|p2a: Messi|55/100 tox|[from] psn\n|upkeep\n|turn|30\n|\n|t:|1783820888\n|switch|p1a: Mandibuzz|Mandibuzz, F|100/100\n|move|p2a: Messi|U-turn|p1a: Mandibuzz\n|-damage|p1a: Mandibuzz|90/100\n|\n|t:|1783820893\n|switch|p2a: Lakitu|Tornadus-Therian, M, shiny|82/100|[from] U-turn\n|\n|upkeep\n|turn|31\n|\n|t:|1783820898\n|move|p2a: Lakitu|Knock Off|p1a: Mandibuzz\n|-resisted|p1a: Mandibuzz\n|-damage|p1a: Mandibuzz|85/100\n|-enditem|p1a: Mandibuzz|Heavy-Duty Boots|[from] move: Knock Off|[of] p2a: Lakitu\n|move|p1a: Mandibuzz|Toxic|p2a: Lakitu\n|-status|p2a: Lakitu|tox\n|\n|-damage|p2a: Lakitu|76/100 tox|[from] psn\n|upkeep\n|turn|32\n|\n|t:|1783820909\n|switch|p2a: Yajirobe|Slowking-Galar, M, shiny|100/100\n|move|p1a: Mandibuzz|Foul Play|p2a: Yajirobe\n|-supereffective|p2a: Yajirobe\n|-damage|p2a: Yajirobe|73/100\n|\n|upkeep\n|turn|33\n|\n|t:|1783820916\n|move|p1a: Mandibuzz|U-turn|p2a: Yajirobe\n|-damage|p2a: Yajirobe|64/100\n|\n|t:|1783820918\n|switch|p1a: Rotom|Rotom-Mow|88/100|[from] U-turn\n|-damage|p1a: Rotom|76/100|[from] Stealth Rock\n|move|p2a: Yajirobe|Toxic|p1a: Rotom\n|-status|p1a: Rotom|tox\n|\n|-damage|p1a: Rotom|70/100 tox|[from] psn\n|upkeep\n|turn|34\n|\n|t:|1783820928\n|move|p1a: Rotom|Will-O-Wisp|p2a: Yajirobe\n|-status|p2a: Yajirobe|brn\n|move|p2a: Yajirobe|Sludge Bomb|p1a: Rotom\n|-supereffective|p1a: Rotom\n|-damage|p1a: Rotom|21/100 tox\n|\n|-damage|p1a: Rotom|9/100 tox|[from] psn\n|-damage|p2a: Yajirobe|58/100 brn|[from] brn\n|upkeep\n|turn|35\n|\n|t:|1783820937\n|switch|p2a: Diabetes|Hydrapple, M, shiny|81/100\n|move|p1a: Rotom|Pain Split|p2a: Diabetes\n|-sethp|p2a: Diabetes|44/100|[from] move: Pain Split|[silent]\n|-sethp|p1a: Rotom|55/100 tox|[from] move: Pain Split\n|\n|-damage|p1a: Rotom|37/100 tox|[from] psn\n|upkeep\n|turn|36\n|\n|t:|1783820950\n|switch|p1a: Mandibuzz|Mandibuzz, F|85/100\n|-damage|p1a: Mandibuzz|60/100|[from] Stealth Rock\n|move|p2a: Diabetes|Fickle Beam|p1a: Mandibuzz\n|-damage|p1a: Mandibuzz|9/100\n|-damage|p2a: Diabetes|34/100|[from] item: Life Orb\n|\n|upkeep\n|turn|37\n|\n|t:|1783820962\n|move|p1a: Mandibuzz|Roost|p1a: Mandibuzz\n|-heal|p1a: Mandibuzz|59/100\n|-singleturn|p1a: Mandibuzz|move: Roost\n|move|p2a: Diabetes|Leaf Storm|p1a: Mandibuzz\n|-damage|p1a: Mandibuzz|0 fnt\n|-unboost|p2a: Diabetes|spa|2\n|faint|p1a: Mandibuzz\n|-damage|p2a: Diabetes|25/100|[from] item: Life Orb\n|\n|upkeep\n|\n|t:|1783820975\n|switch|p1a: Umbreon|Umbreon, F|88/100\n|-damage|p1a: Umbreon|75/100|[from] Stealth Rock\n|turn|38\n|\n|t:|1783820982\n|move|p1a: Umbreon|Substitute|p1a: Umbreon\n|-start|p1a: Umbreon|Substitute\n|-damage|p1a: Umbreon|50/100\n|move|p2a: Diabetes|Nasty Plot|p2a: Diabetes\n|-boost|p2a: Diabetes|spa|2\n|\n|-heal|p1a: Umbreon|57/100|[from] item: Leftovers\n|upkeep\n|turn|39\n|\n|t:|1783820990\n|move|p1a: Umbreon|Toxic|p2a: Diabetes\n|-status|p2a: Diabetes|tox\n|move|p2a: Diabetes|Nasty Plot|p2a: Diabetes\n|-boost|p2a: Diabetes|spa|2\n|\n|-heal|p1a: Umbreon|63/100|[from] item: Leftovers\n|-damage|p2a: Diabetes|18/100 tox|[from] psn\n|upkeep\n|turn|40\n|\n|t:|1783820999\n|switch|p2a: Yajirobe|Slowking-Galar, M, shiny|91/100 brn\n|move|p1a: Umbreon|Moonlight|p1a: Umbreon\n|-heal|p1a: Umbreon|100/100\n|\n|-damage|p2a: Yajirobe|85/100 brn|[from] brn\n|upkeep\n|turn|41\n|\n|t:|1783821012\n|move|p1a: Umbreon|Foul Play|p2a: Yajirobe\n|-supereffective|p2a: Yajirobe\n|-damage|p2a: Yajirobe|56/100 brn\n|-prepare|p2a: Yajirobe|Chilly Reception|[premajor]\n|move|p2a: Yajirobe|Chilly Reception|p2a: Yajirobe\n|-weather|Snowscape\n|\n|t:|1783821018\n|switch|p2a: Enigma|Lokix, M, shiny, tera:Bug|100/100|[from] Chilly Reception\n|\n|-weather|Snowscape|[upkeep]\n|upkeep\n|turn|42\n|\n|t:|1783821022\n|move|p2a: Enigma|Leech Life|p1a: Umbreon\n|-supereffective|p1a: Umbreon\n|-end|p1a: Umbreon|Substitute\n|move|p1a: Umbreon|Toxic|p2a: Enigma\n|-status|p2a: Enigma|tox\n|\n|-weather|Snowscape|[upkeep]\n|-damage|p2a: Enigma|94/100 tox|[from] psn\n|upkeep\n|turn|43\n|\n|t:|1783821030\n|move|p2a: Enigma|Leech Life|p1a: Umbreon\n|-supereffective|p1a: Umbreon\n|-damage|p1a: Umbreon|0 fnt\n|-heal|p2a: Enigma|100/100 tox|[from] drain|[of] p1a: Umbreon\n|faint|p1a: Umbreon\n|\n|-weather|Snowscape|[upkeep]\n|-damage|p2a: Enigma|88/100 tox|[from] psn\n|upkeep\n|\n|t:|1783821037\n|switch|p1a: Excadrill|Excadrill, M|97/100\n|-damage|p1a: Excadrill|94/100|[from] Stealth Rock\n|-ability|p1a: Excadrill|Mold Breaker\n|turn|44\n|\n|t:|1783821044\n|move|p1a: Excadrill|Rapid Spin|p2a: Enigma\n|-damage|p2a: Enigma|61/100 tox\n|-boost|p1a: Excadrill|spe|1\n|-sideend|p1: Magicbeldum|Stealth Rock|[from] move: Rapid Spin|[of] p1a: Excadrill\n|move|p2a: Enigma|Leech Life|p1a: Excadrill\n|-resisted|p1a: Excadrill\n|-damage|p1a: Excadrill|0 fnt\n|-heal|p2a: Enigma|100/100 tox|[from] drain|[of] p1a: Excadrill\n|-damage|p2a: Enigma|84/100 tox|[from] item: Rocky Helmet|[of] p1a: Excadrill\n|faint|p1a: Excadrill\n|\n|-weather|Snowscape|[upkeep]\n|-damage|p2a: Enigma|66/100 tox|[from] psn\n|upkeep\n|\n|t:|1783821056\n|switch|p1a: Rotom|Rotom-Mow|37/100 tox\n|turn|45\n|\n|t:|1783821062\n|move|p2a: Enigma|Leech Life|p1a: Rotom\n|-supereffective|p1a: Rotom\n|-damage|p1a: Rotom|0 fnt\n|-heal|p2a: Enigma|86/100 tox|[from] drain|[of] p1a: Rotom\n|faint|p1a: Rotom\n|\n|win|Yadakura\n", "uploadtime": 1783821075, "views": 11, "formatid": "gen9ou", "rating": null, "private": 0, "password": null}