{"id": "gen9ou-2647681484", "format": "[Gen 9] OU", "players": ["The median voter", "omari p"], "log": "|j|☆The median voter\n|j|☆omari p\n|t:|1783795479\n|gametype|singles\n|player|p1|The median voter|scientist-gen4dp|1654\n|player|p2|omari p|pokemonrangerf|1644\n|gen|9\n|tier|[Gen 9] OU\n|rated|\n|rule|HP Percentage Mod: HP is shown in percentages\n|rule|Endless Battle Clause: Forcing endless battles is banned\n|rule|Species Clause: Limit one of each Pokémon\n|rule|OHKO Clause: OHKO moves are banned\n|rule|Evasion Items Clause: Evasion items are banned\n|rule|Evasion Moves Clause: Evasion moves are banned\n|rule|Evasion Abilities Clause: Evasion abilities are banned\n|rule|Sleep Moves Clause: Sleep-inducing moves are banned\n|clearpoke\n|poke|p1|Ribombee, F|\n|poke|p1|Ceruledge, F|\n|poke|p1|Raging Bolt|\n|poke|p1|Glimmora, M|\n|poke|p1|Enamorus, F|\n|poke|p1|Gholdengo|\n|poke|p2|Deoxys-Speed|\n|poke|p2|Darkrai|\n|poke|p2|Iron Valiant|\n|poke|p2|Zamazenta-*|\n|poke|p2|Dragonite, M|\n|poke|p2|Dragapult, M|\n|teampreview\n|l|☆The median voter\n|player|p1|\n|j|☆The median voter\n|player|p1|The median voter|scientist-gen4dp|\n|inactive|Battle timer is ON: inactive players will automatically lose when time's up. (requested by The median voter)\n|\n|t:|1783795621\n|teamsize|p1|6\n|teamsize|p2|6\n|start\n|switch|p1a: Ceruledge|Ceruledge, F|100/100\n|switch|p2a: Deoxys|Deoxys-Speed|100/100\n|-ability|p2a: Deoxys|Pressure\n|turn|1\n|inactive|omari p has 120 seconds left.\n|\n|t:|1783795669\n|move|p2a: Deoxys|Psycho Boost|p1a: Ceruledge\n|-damage|p1a: Ceruledge|25/100\n|-unboost|p2a: Deoxys|spa|2\n|move|p1a: Ceruledge|Poltergeist|p2a: Deoxys\n|-activate|p2a: Deoxys|move: Poltergeist|Focus Sash\n|-supereffective|p2a: Deoxys\n|-crit|p2a: Deoxys\n|-enditem|p2a: Deoxys|Focus Sash\n|-damage|p2a: Deoxys|1/100\n|\n|upkeep\n|turn|2\n|\n|t:|1783795678\n|switch|p2a: Darkrai|Darkrai|100/100\n|move|p1a: Ceruledge|Shadow Sneak|p2a: Darkrai\n|-resisted|p2a: Darkrai\n|-damage|p2a: Darkrai|88/100\n|\n|upkeep\n|turn|3\n|\n|t:|1783795683\n|move|p2a: Darkrai|Dark Pulse|p1a: Ceruledge\n|-supereffective|p1a: Ceruledge\n|-damage|p1a: Ceruledge|0 fnt\n|faint|p1a: Ceruledge\n|-damage|p2a: Darkrai|78/100|[from] item: Life Orb\n|\n|upkeep\n|\n|t:|1783795685\n|switch|p1a: Ribombee|Ribombee, F|100/100\n|turn|4\n|\n|t:|1783795687\n|move|p2a: Darkrai|Ice Beam|p1a: Ribombee\n|-damage|p1a: Ribombee|25/100\n|-damage|p2a: Darkrai|68/100|[from] item: Life Orb\n|move|p1a: Ribombee|Sticky Web|p2a: Darkrai\n|-sidestart|p2: omari p|move: Sticky Web\n|\n|upkeep\n|turn|5\n|\n|t:|1783795695\n|move|p2a: Darkrai|Ice Beam|p1a: Ribombee\n|-crit|p1a: Ribombee\n|-damage|p1a: Ribombee|0 fnt\n|faint|p1a: Ribombee\n|-damage|p2a: Darkrai|58/100|[from] item: Life Orb\n|\n|upkeep\n|\n|t:|1783795698\n|switch|p1a: Glimmora|Glimmora, M|100/100\n|turn|6\n|inactive|omari p has 120 seconds left.\n|inactive|omari p has 90 seconds left.\n|\n|t:|1783795759\n|move|p2a: Darkrai|Dark Pulse|p1a: Glimmora\n|-damage|p1a: Glimmora|28/100\n|-damage|p2a: Darkrai|48/100|[from] item: Life Orb\n|move|p1a: Glimmora|Meteor Beam||[still]\n|-prepare|p1a: Glimmora|Meteor Beam\n|-boost|p1a: Glimmora|spa|1\n|-enditem|p1a: Glimmora|Power Herb\n|-anim|p1a: Glimmora|Meteor Beam|p2a: Darkrai\n|-damage|p2a: Darkrai|0 fnt\n|faint|p2a: Darkrai\n|\n|upkeep\n|inactive|omari p has 90 seconds left.\n|\n|t:|1783795765\n|switch|p2a: Dragapult|Dragapult, M|100/100\n|-activate|p2a: Dragapult|move: Sticky Web\n|-fail|p2a: Dragapult|unboost|[from] ability: Clear Body|[of] p2a: Dragapult\n|turn|7\n|\n|t:|1783795773\n|move|p2a: Dragapult|Dragon Darts|p1a: Glimmora\n|-damage|p1a: Glimmora|0 fnt\n|-activate|p1a: Glimmora|ability: Toxic Debris\n|-sidestart|p2: omari p|move: Toxic Spikes\n|faint|p1a: Glimmora\n|\n|upkeep\n|\n|t:|1783795785\n|switch|p1a: Enamorus|Enamorus, F|100/100\n|turn|8\n|\n|t:|1783795791\n|switch|p2a: Deoxys|Deoxys-Speed|1/100\n|-activate|p2a: Deoxys|move: Sticky Web\n|-unboost|p2a: Deoxys|spe|1\n|-status|p2a: Deoxys|psn\n|-ability|p2a: Deoxys|Pressure\n|move|p1a: Enamorus|Moonblast|p2a: Deoxys\n|-damage|p2a: Deoxys|0 fnt\n|faint|p2a: Deoxys\n|\n|upkeep\n|\n|t:|1783795800\n|switch|p2a: Zamazenta|Zamazenta|100/100\n|-activate|p2a: Zamazenta|move: Sticky Web\n|-unboost|p2a: Zamazenta|spe|1\n|-status|p2a: Zamazenta|psn\n|-ability|p2a: Zamazenta|Dauntless Shield|boost\n|-boost|p2a: Zamazenta|def|1\n|turn|9\n|\n|t:|1783795805\n|switch|p1a: Raging Bolt|Raging Bolt|100/100\n|-enditem|p1a: Raging Bolt|Booster Energy\n|-activate|p1a: Raging Bolt|ability: Protosynthesis|[fromitem]\n|-start|p1a: Raging Bolt|protosynthesisspa\n|-terastallize|p2a: Zamazenta|Steel\n|move|p2a: Zamazenta|Heavy Slam|p1a: Raging Bolt\n|-resisted|p1a: Raging Bolt\n|-crit|p1a: Raging Bolt\n|-damage|p1a: Raging Bolt|89/100\n|\n|-damage|p2a: Zamazenta|88/100 psn|[from] psn\n|upkeep\n|turn|10\n|inactive|omari p has 120 seconds left.\n|inactive|omari p has 90 seconds left.\n|j| just-jaype\n|\n|t:|1783795866\n|move|p2a: Zamazenta|Body Press|p1a: Raging Bolt\n|-damage|p1a: Raging Bolt|40/100\n|move|p1a: Raging Bolt|Thunderbolt|p2a: Zamazenta\n|-damage|p2a: Zamazenta|33/100 psn\n|\n|-heal|p2a: Zamazenta|39/100 psn|[from] item: Leftovers\n|-damage|p2a: Zamazenta|26/100 psn|[from] psn\n|upkeep\n|turn|11\n|\n|t:|1783795869\n|move|p2a: Zamazenta|Body Press|p1a: Raging Bolt\n|-damage|p1a: Raging Bolt|0 fnt\n|faint|p1a: Raging Bolt\n|-end|p1a: Raging Bolt|Protosynthesis|[silent]\n|\n|-heal|p2a: Zamazenta|32/100 psn|[from] item: Leftovers\n|-damage|p2a: Zamazenta|20/100 psn|[from] psn\n|upkeep\n|\n|t:|1783795874\n|switch|p1a: Enamorus|Enamorus, F|100/100\n|turn|12\n|\n|t:|1783795877\n|move|p1a: Enamorus|Moonblast|p2a: Zamazenta\n|-resisted|p2a: Zamazenta\n|-damage|p2a: Zamazenta|0 fnt\n|faint|p2a: Zamazenta\n|\n|upkeep\n|\n|t:|1783795883\n|switch|p2a: Dragonite|Dragonite, M|100/100\n|turn|13\n|\n|t:|1783795887\n|move|p1a: Enamorus|Moonblast|p2a: Dragonite\n|-supereffective|p2a: Dragonite\n|-damage|p2a: Dragonite|22/100\n|-unboost|p2a: Dragonite|spa|1\n|move|p2a: Dragonite|Dragon Dance|p2a: Dragonite\n|-boost|p2a: Dragonite|atk|1\n|-boost|p2a: Dragonite|spe|1\n|\n|upkeep\n|turn|14\n|\n|t:|1783795889\n|move|p2a: Dragonite|Ice Spinner|p1a: Enamorus\n|-supereffective|p1a: Enamorus\n|-damage|p1a: Enamorus|0 fnt\n|faint|p1a: Enamorus\n|\n|upkeep\n|\n|t:|1783795891\n|switch|p1a: Gholdengo|Gholdengo|100/100\n|-item|p1a: Gholdengo|Air Balloon\n|turn|15\n|\n|t:|1783795893\n|move|p2a: Dragonite|Ice Spinner|p1a: Gholdengo\n|-resisted|p1a: Gholdengo\n|-damage|p1a: Gholdengo|73/100\n|-enditem|p1a: Gholdengo|Air Balloon\n|move|p1a: Gholdengo|Shadow Ball|p2a: Dragonite\n|-damage|p2a: Dragonite|0 fnt\n|faint|p2a: Dragonite\n|\n|upkeep\n|\n|t:|1783795897\n|switch|p2a: Iron Valiant|Iron Valiant|100/100\n|-activate|p2a: Iron Valiant|move: Sticky Web\n|-unboost|p2a: Iron Valiant|spe|1\n|-status|p2a: Iron Valiant|psn\n|-enditem|p2a: Iron Valiant|Booster Energy\n|-activate|p2a: Iron Valiant|ability: Quark Drive|[fromitem]\n|-start|p2a: Iron Valiant|quarkdrivespa\n|turn|16\n|\n|t:|1783795903\n|move|p1a: Gholdengo|Shadow Ball|p2a: Iron Valiant\n|-damage|p2a: Iron Valiant|31/100 psn\n|move|p2a: Iron Valiant|Shadow Ball|p1a: Gholdengo\n|-supereffective|p1a: Gholdengo\n|-damage|p1a: Gholdengo|0 fnt\n|faint|p1a: Gholdengo\n|\n|win|omari p\n|raw|The median voter's rating: 1654 &rarr; <strong>1633</strong><br />(-21 for losing)\n|raw|omari p's rating: 1644 &rarr; <strong>1665</strong><br />(+21 for winning)\n", "uploadtime": 1783796115, "views": 15, "formatid": "gen9ou", "rating": 1633, "private": 0, "password": null}