{"id": "gen9ou-2540418732", "format": "[Gen 9] OU", "players": ["shockmoth", "peakiechu"], "log": "|badge|p1|bronze|gen9ou|100-8\n|uhtml|medal-msg|<div class=\"broadcast-blue\">Curious what those medals under the avatar are? PS now has Ladder Seasons! For more information, check out the <a href=\"https://www.smogon.com/forums/threads/3740067/\">thread on Smogon.</a></div>\n|badge|p2|silver|gen9ou|30-8\n|uhtml|medal-msg|<div class=\"broadcast-blue\">Curious what those medals under the avatar are? PS now has Ladder Seasons! For more information, check out the <a href=\"https://www.smogon.com/forums/threads/3740067/\">thread on Smogon.</a></div>\n|j|☆shockmoth\n|j|☆peakiechu\n|t:|1771199646\n|gametype|singles\n|player|p1|shockmoth|170|1930\n|player|p2|peakiechu|giovanni|1917\n|gen|9\n|tier|[Gen 9] OU\n|rated|\n|rule|HP Percentage Mod: HP is shown in percentages\n|rule|Endless Battle Clause: Forcing endless battles is banned\n|rule|Species Clause: Limit one of each Pokémon\n|rule|OHKO Clause: OHKO moves are banned\n|rule|Evasion Items Clause: Evasion items are banned\n|rule|Evasion Moves Clause: Evasion moves are banned\n|rule|Evasion Abilities Clause: Evasion abilities are banned\n|rule|Sleep Moves Clause: Sleep-inducing moves are banned\n|clearpoke\n|poke|p1|Frosmoth, F|\n|poke|p1|Pincurchin, F|\n|poke|p1|Raichu-Alola, F|\n|poke|p1|Iron Hands|\n|poke|p1|Rotom-Wash|\n|poke|p1|Pawmot, F|\n|poke|p2|Clodsire, F|\n|poke|p2|Toxapex, F|\n|poke|p2|Corviknight, F|\n|poke|p2|Dondozo, F|\n|poke|p2|Clefable, M|\n|poke|p2|Gliscor, F|\n|teampreview\n|inactive|Battle timer is ON: inactive players will automatically lose when time's up. (requested by shockmoth)\n|\n|t:|1771199667\n|teamsize|p1|6\n|teamsize|p2|6\n|start\n|switch|p1a: OH YEAH!!! YEAH!!|Pincurchin, F|100/100\n|switch|p2a: interesting choice|Gliscor, F|100/100\n|-fieldstart|move: Electric Terrain|[from] ability: Electric Surge|[of] p1a: OH YEAH!!! YEAH!!\n|turn|1\n|\n|t:|1771199675\n|switch|p1a: William O' Wisp|Rotom-Wash|100/100\n|move|p2a: interesting choice|Substitute|p2a: interesting choice\n|-start|p2a: interesting choice|Substitute\n|-damage|p2a: interesting choice|75/100\n|\n|-status|p2a: interesting choice|tox|[from] item: Toxic Orb\n|upkeep\n|turn|2\n|\n|t:|1771199683\n|-terastallize|p1a: William O' Wisp|Poison\n|move|p2a: interesting choice|Toxic|p1a: William O' Wisp\n|-immune|p1a: William O' Wisp\n|move|p1a: William O' Wisp|Light Screen|p1a: William O' Wisp\n|-sidestart|p1: shockmoth|move: Light Screen\n|\n|-heal|p2a: interesting choice|88/100 tox|[from] ability: Poison Heal\n|upkeep\n|turn|3\n|\n|t:|1771199693\n|move|p2a: interesting choice|Knock Off|p1a: William O' Wisp\n|-damage|p1a: William O' Wisp|79/100\n|-enditem|p1a: William O' Wisp|Light Clay|[from] move: Knock Off|[of] p2a: interesting choice\n|move|p1a: William O' Wisp|Reflect|p1a: William O' Wisp\n|-sidestart|p1: shockmoth|Reflect\n|\n|-heal|p2a: interesting choice|100/100 tox|[from] ability: Poison Heal\n|upkeep\n|turn|4\n|\n|t:|1771199702\n|move|p2a: interesting choice|Knock Off|p1a: William O' Wisp\n|-damage|p1a: William O' Wisp|71/100\n|move|p1a: William O' Wisp|Hydro Pump|p2a: interesting choice\n|-supereffective|p2a: interesting choice\n|-end|p2a: interesting choice|Substitute\n|\n|upkeep\n|turn|5\n|\n|t:|1771199709\n|switch|p1a: Evanescence|Pawmot, F|100/100\n|move|p2a: interesting choice|Substitute|p2a: interesting choice\n|-start|p2a: interesting choice|Substitute\n|-damage|p2a: interesting choice|75/100 tox\n|\n|-heal|p2a: interesting choice|88/100 tox|[from] ability: Poison Heal\n|upkeep\n|turn|6\n|\n|t:|1771199719\n|move|p1a: Evanescence|Encore|p2a: interesting choice\n|-start|p2a: interesting choice|Encore\n|move|p2a: interesting choice|Substitute|p2a: interesting choice\n|-fail|p2a: interesting choice|move: Substitute\n|\n|-heal|p2a: interesting choice|100/100 tox|[from] ability: Poison Heal\n|upkeep\n|turn|7\n|\n|t:|1771199729\n|switch|p1a: Iron Deficiency|Iron Hands|100/100\n|-activate|p1a: Iron Deficiency|ability: Quark Drive\n|-start|p1a: Iron Deficiency|quarkdriveatk\n|move|p2a: interesting choice|Substitute|p2a: interesting choice\n|-fail|p2a: interesting choice|move: Substitute\n|\n|-sideend|p1: shockmoth|Reflect\n|upkeep\n|turn|8\n|j| bcktoback\n|\n|t:|1771199740\n|switch|p2a: that’s unfortunate|Clefable, M|100/100\n|-end|p1a: Iron Deficiency|Quark Drive|[silent]\n|switch|p1a: Evanescence|Pawmot, F|100/100\n|\n|-fieldend|move: Electric Terrain\n|upkeep\n|turn|9\n|\n|t:|1771199748\n|move|p1a: Evanescence|Nuzzle|p2a: that’s unfortunate\n|-damage|p2a: that’s unfortunate|94/100\n|-status|p2a: that’s unfortunate|par\n|move|p2a: that’s unfortunate|Knock Off|p1a: Evanescence\n|-resisted|p1a: Evanescence\n|-damage|p1a: Evanescence|92/100\n|-enditem|p1a: Evanescence|Leppa Berry|[from] move: Knock Off|[of] p2a: that’s unfortunate\n|\n|-sideend|p1: shockmoth|move: Light Screen\n|upkeep\n|turn|10\n|\n|t:|1771199759\n|switch|p1a: OH YEAH!!! YEAH!!|Pincurchin, F|100/100\n|-fieldstart|move: Electric Terrain|[from] ability: Electric Surge|[of] p1a: OH YEAH!!! YEAH!!\n|cant|p2a: that’s unfortunate|par\n|\n|upkeep\n|turn|11\n|\n|t:|1771199772\n|move|p2a: that’s unfortunate|Stealth Rock|p1a: OH YEAH!!! YEAH!!\n|-sidestart|p1: shockmoth|move: Stealth Rock\n|move|p1a: OH YEAH!!! YEAH!!|Supercell Slam|p2a: that’s unfortunate\n|-damage|p2a: that’s unfortunate|50/100 par\n|\n|upkeep\n|turn|12\n|l| bcktoback\n|\n|t:|1771199779\n|switch|p2a: interesting choice|Gliscor, F|100/100 tox\n|switch|p1a: Iron Deficiency|Iron Hands|100/100\n|-damage|p1a: Iron Deficiency|94/100|[from] Stealth Rock\n|-activate|p1a: Iron Deficiency|ability: Quark Drive\n|-start|p1a: Iron Deficiency|quarkdriveatk\n|\n|upkeep\n|turn|13\n|-activate|p1a: Iron Deficiency|item: Quick Claw\n|\n|t:|1771199788\n|move|p2a: interesting choice|Protect|p2a: interesting choice\n|-singleturn|p2a: interesting choice|Protect\n|move|p1a: Iron Deficiency|Ice Punch|p2a: interesting choice\n|-activate|p2a: interesting choice|move: Protect\n|\n|upkeep\n|turn|14\n|\n|t:|1771199796\n|switch|p2a: that’s unfortunate|Clefable, M|50/100 par\n|move|p1a: Iron Deficiency|Ice Punch|p2a: that’s unfortunate\n|-damage|p2a: that’s unfortunate|22/100 par\n|\n|upkeep\n|turn|15\n|-activate|p1a: Iron Deficiency|item: Quick Claw\n|\n|t:|1771199810\n|switch|p2a: take your time|Toxapex, F|100/100\n|move|p1a: Iron Deficiency|Supercell Slam|p2a: take your time\n|-supereffective|p2a: take your time\n|-damage|p2a: take your time|0 fnt\n|faint|p2a: take your time\n|\n|upkeep\n|j| FaronAan\n|\n|t:|1771199821\n|switch|p2a: interesting choice|Gliscor, F|100/100 tox\n|turn|16\n|\n|t:|1771199824\n|move|p2a: interesting choice|Substitute|p2a: interesting choice\n|-start|p2a: interesting choice|Substitute\n|-damage|p2a: interesting choice|75/100 tox\n|move|p1a: Iron Deficiency|Ice Punch|p2a: interesting choice\n|-supereffective|p2a: interesting choice\n|-end|p2a: interesting choice|Substitute\n|\n|-heal|p2a: interesting choice|88/100 tox|[from] ability: Poison Heal\n|upkeep\n|turn|17\n|\n|t:|1771199833\n|-terastallize|p2a: interesting choice|Dark\n|move|p2a: interesting choice|Toxic|p1a: Iron Deficiency\n|-status|p1a: Iron Deficiency|tox\n|move|p1a: Iron Deficiency|Ice Punch|p2a: interesting choice\n|-damage|p2a: interesting choice|58/100 tox\n|\n|-heal|p2a: interesting choice|70/100 tox|[from] ability: Poison Heal\n|-damage|p1a: Iron Deficiency|88/100 tox|[from] psn\n|-fieldend|move: Electric Terrain\n|-end|p1a: Iron Deficiency|Quark Drive\n|upkeep\n|turn|18\n|\n|t:|1771199846\n|move|p2a: interesting choice|Substitute|p2a: interesting choice\n|-start|p2a: interesting choice|Substitute\n|-damage|p2a: interesting choice|45/100 tox\n|move|p1a: Iron Deficiency|Swords Dance|p1a: Iron Deficiency\n|-boost|p1a: Iron Deficiency|atk|2\n|\n|-heal|p2a: interesting choice|58/100 tox|[from] ability: Poison Heal\n|-damage|p1a: Iron Deficiency|76/100 tox|[from] psn\n|upkeep\n|turn|19\n|\n|t:|1771199856\n|-end|p1a: Iron Deficiency|Quark Drive|[silent]\n|switch|p1a: Surf's Up (2007)|Raichu-Alola, F|100/100\n|-damage|p1a: Surf's Up (2007)|88/100|[from] Stealth Rock\n|move|p2a: interesting choice|Knock Off|p1a: Surf's Up (2007)\n|-supereffective|p1a: Surf's Up (2007)\n|-damage|p1a: Surf's Up (2007)|0 fnt\n|-enditem|p1a: Surf's Up (2007)|Choice Specs|[from] move: Knock Off|[of] p2a: interesting choice\n|faint|p1a: Surf's Up (2007)\n|\n|-heal|p2a: interesting choice|70/100 tox|[from] ability: Poison Heal\n|upkeep\n|\n|t:|1771199859\n|switch|p1a: Iron Deficiency|Iron Hands|76/100 tox\n|-damage|p1a: Iron Deficiency|70/100 tox|[from] Stealth Rock\n|turn|20\n|\n|t:|1771199872\n|move|p2a: interesting choice|Knock Off|p1a: Iron Deficiency\n|-resisted|p1a: Iron Deficiency\n|-damage|p1a: Iron Deficiency|61/100 tox\n|-enditem|p1a: Iron Deficiency|Quick Claw|[from] move: Knock Off|[of] p2a: interesting choice\n|move|p1a: Iron Deficiency|Drain Punch|p2a: interesting choice\n|-supereffective|p2a: interesting choice\n|-end|p2a: interesting choice|Substitute\n|-heal|p1a: Iron Deficiency|71/100 tox|[from] drain|[of] p2a: interesting choice\n|\n|-heal|p2a: interesting choice|83/100 tox|[from] ability: Poison Heal\n|-damage|p1a: Iron Deficiency|65/100 tox|[from] psn\n|upkeep\n|turn|21\n|c|☆shockmoth|Nice play\n|\n|t:|1771199892\n|-end|p1a: Iron Deficiency|Quark Drive|[silent]\n|switch|p1a: Evanescence|Pawmot, F|92/100\n|-damage|p1a: Evanescence|86/100|[from] Stealth Rock\n|move|p2a: interesting choice|Protect||[still]\n|-fail|p2a: interesting choice\n|\n|-heal|p2a: interesting choice|95/100 tox|[from] ability: Poison Heal\n|upkeep\n|turn|22\n|\n|t:|1771199908\n|move|p1a: Evanescence|Encore|p2a: interesting choice\n|-start|p2a: interesting choice|Encore\n|move|p2a: interesting choice|Protect||[still]\n|-fail|p2a: interesting choice\n|\n|-heal|p2a: interesting choice|100/100 tox|[from] ability: Poison Heal\n|upkeep\n|turn|23\n|\n|t:|1771199917\n|switch|p1a: OH YEAH!!! YEAH!!|Pincurchin, F|100/100\n|-damage|p1a: OH YEAH!!! YEAH!!|88/100|[from] Stealth Rock\n|-fieldstart|move: Electric Terrain|[from] ability: Electric Surge|[of] p1a: OH YEAH!!! YEAH!!\n|switch|p2a: did you calc that?|Clodsire, F|100/100\n|\n|upkeep\n|turn|24\n|\n|t:|1771199925\n|switch|p1a: Finger Eleven|Frosmoth, F, shiny|100/100\n|move|p2a: did you calc that?|Spikes|p1a: Finger Eleven\n|-sidestart|p1: shockmoth|Spikes\n|\n|upkeep\n|turn|25\n|\n|t:|1771199934\n|move|p1a: Finger Eleven|Quiver Dance|p1a: Finger Eleven\n|-boost|p1a: Finger Eleven|spa|1\n|-boost|p1a: Finger Eleven|spd|1\n|-boost|p1a: Finger Eleven|spe|1\n|move|p2a: did you calc that?|Poison Jab|p1a: Finger Eleven\n|-damage|p1a: Finger Eleven|65/100\n|\n|upkeep\n|turn|26\n|\n|t:|1771199945\n|move|p1a: Finger Eleven|Ice Beam|p2a: did you calc that?\n|-supereffective|p2a: did you calc that?\n|-damage|p2a: did you calc that?|57/100\n|move|p2a: did you calc that?|Poison Jab|p1a: Finger Eleven\n|-damage|p1a: Finger Eleven|30/100\n|\n|upkeep\n|turn|27\n|\n|t:|1771199955\n|move|p1a: Finger Eleven|Defog|p2a: did you calc that?\n|-unboost|p2a: did you calc that?|evasion|1\n|-sideend|p1: shockmoth|Spikes|[from] move: Defog|[of] p1a: Finger Eleven\n|-sideend|p1: shockmoth|Stealth Rock|[from] move: Defog|[of] p1a: Finger Eleven\n|-fieldend|move: Electric Terrain\n|move|p2a: did you calc that?|Poison Jab|p1a: Finger Eleven\n|-damage|p1a: Finger Eleven|0 fnt\n|faint|p1a: Finger Eleven\n|\n|upkeep\n|\n|t:|1771199960\n|switch|p1a: Iron Deficiency|Iron Hands|65/100 tox\n|turn|28\n|\n|t:|1771199972\n|switch|p2a: per my last turn|Corviknight, F|100/100\n|-ability|p2a: per my last turn|Pressure\n|move|p1a: Iron Deficiency|Ice Punch|p2a: per my last turn\n|-damage|p2a: per my last turn|76/100\n|\n|-heal|p2a: per my last turn|82/100|[from] item: Leftovers\n|-damage|p1a: Iron Deficiency|59/100 tox|[from] psn\n|upkeep\n|turn|29\n|\n|t:|1771199982\n|-end|p1a: Iron Deficiency|Quark Drive|[silent]\n|switch|p1a: OH YEAH!!! YEAH!!|Pincurchin, F|88/100\n|-fieldstart|move: Electric Terrain|[from] ability: Electric Surge|[of] p1a: OH YEAH!!! YEAH!!\n|move|p2a: per my last turn|Protect||[still]\n|-fail|p2a: per my last turn\n|\n|-heal|p2a: per my last turn|88/100|[from] item: Leftovers\n|upkeep\n|turn|30\n|\n|t:|1771199992\n|switch|p2a: did you calc that?|Clodsire, F|57/100\n|switch|p1a: Iron Deficiency|Iron Hands|59/100 tox\n|-activate|p1a: Iron Deficiency|ability: Quark Drive\n|-start|p1a: Iron Deficiency|quarkdriveatk\n|\n|-damage|p1a: Iron Deficiency|53/100 tox|[from] psn\n|upkeep\n|turn|31\n|\n|t:|1771200002\n|switch|p2a: interesting choice|Gliscor, F, tera:Dark|100/100 tox\n|move|p1a: Iron Deficiency|Swords Dance|p1a: Iron Deficiency\n|-boost|p1a: Iron Deficiency|atk|2\n|\n|-damage|p1a: Iron Deficiency|40/100 tox|[from] psn\n|upkeep\n|turn|32\n|\n|t:|1771200013\n|move|p2a: interesting choice|Substitute|p2a: interesting choice\n|-start|p2a: interesting choice|Substitute\n|-damage|p2a: interesting choice|75/100 tox\n|move|p1a: Iron Deficiency|Drain Punch|p2a: interesting choice\n|-supereffective|p2a: interesting choice\n|-end|p2a: interesting choice|Substitute\n|-heal|p1a: Iron Deficiency|50/100 tox|[from] drain|[of] p2a: interesting choice\n|\n|-heal|p2a: interesting choice|88/100 tox|[from] ability: Poison Heal\n|-damage|p1a: Iron Deficiency|32/100 tox|[from] psn\n|upkeep\n|turn|33\n|\n|t:|1771200024\n|-end|p1a: Iron Deficiency|Quark Drive|[silent]\n|switch|p1a: Evanescence|Pawmot, F|86/100\n|move|p2a: interesting choice|Substitute|p2a: interesting choice\n|-start|p2a: interesting choice|Substitute\n|-damage|p2a: interesting choice|63/100 tox\n|\n|-heal|p2a: interesting choice|75/100 tox|[from] ability: Poison Heal\n|upkeep\n|turn|34\n|\n|t:|1771200033\n|switch|p1a: Iron Deficiency|Iron Hands|32/100 tox\n|-activate|p1a: Iron Deficiency|ability: Quark Drive\n|-start|p1a: Iron Deficiency|quarkdriveatk\n|move|p2a: interesting choice|Protect||[still]\n|-fail|p2a: interesting choice\n|\n|-heal|p2a: interesting choice|88/100 tox|[from] ability: Poison Heal\n|-damage|p1a: Iron Deficiency|26/100 tox|[from] psn\n|upkeep\n|turn|35\n|l| FaronAan\n|\n|t:|1771200044\n|move|p2a: interesting choice|Knock Off|p1a: Iron Deficiency\n|-resisted|p1a: Iron Deficiency\n|-damage|p1a: Iron Deficiency|19/100 tox\n|move|p1a: Iron Deficiency|Drain Punch|p2a: interesting choice\n|-supereffective|p2a: interesting choice\n|-end|p2a: interesting choice|Substitute\n|-heal|p1a: Iron Deficiency|29/100 tox|[from] drain|[of] p2a: interesting choice\n|\n|-heal|p2a: interesting choice|100/100 tox|[from] ability: Poison Heal\n|-damage|p1a: Iron Deficiency|17/100 tox|[from] psn\n|upkeep\n|turn|36\n|\n|t:|1771200056\n|-end|p1a: Iron Deficiency|Quark Drive|[silent]\n|switch|p1a: Evanescence|Pawmot, F|86/100\n|move|p2a: interesting choice|Protect||[still]\n|-fail|p2a: interesting choice\n|\n|-fieldend|move: Electric Terrain\n|upkeep\n|turn|37\n|\n|t:|1771200063\n|switch|p2a: did you calc that?|Clodsire, F|57/100\n|move|p1a: Evanescence|Encore||[still]\n|-fail|p1a: Evanescence\n|\n|upkeep\n|turn|38\n|\n|t:|1771200069\n|move|p1a: Evanescence|Revival Blessing|p1a: Evanescence\n|\n|t:|1771200071\n|-heal|p1: Surf's Up (2007)|50/100|[from] move: Revival Blessing\n|move|p2a: did you calc that?|Recover|p2a: did you calc that?\n|-heal|p2a: did you calc that?|100/100\n|\n|upkeep\n|turn|39\n|c|☆shockmoth|Ggs think it's over after that\n|c|☆shockmoth|Wp that was pretty heat playing\n|inactive|shockmoth has 120 seconds left.\n|-message|shockmoth forfeited.\n|\n|win|peakiechu\n|raw|shockmoth's rating: 1930 &rarr; <strong>1909</strong><br />(-21 for losing)\n|raw|peakiechu's rating: 1917 &rarr; <strong>1938</strong><br />(+21 for winning)\n|l|☆peakiechu\n|player|p2|\n|l|☆shockmoth\n|player|p1|\n", "uploadtime": 1771200115, "views": 26, "formatid": "gen9ou", "rating": 1909, "private": 0, "password": null}