{"id": "gen9ou-2647764853", "format": "[Gen 9] OU", "players": ["bintage", "lemurd"], "log": "|j|☆bintage\n|j|☆lemurd\n|t:|1783808635\n|gametype|singles\n|player|p1|bintage|infielder|1174\n|player|p2|lemurd|1|1141\n|gen|9\n|tier|[Gen 9] OU\n|rated|\n|rule|HP Percentage Mod: HP is shown in percentages\n|rule|Endless Battle Clause: Forcing endless battles is banned\n|rule|Species Clause: Limit one of each Pokémon\n|rule|OHKO Clause: OHKO moves are banned\n|rule|Evasion Items Clause: Evasion items are banned\n|rule|Evasion Moves Clause: Evasion moves are banned\n|rule|Evasion Abilities Clause: Evasion abilities are banned\n|rule|Sleep Moves Clause: Sleep-inducing moves are banned\n|clearpoke\n|poke|p1|Ceruledge, M|\n|poke|p1|Garganacl, F|\n|poke|p1|Ogerpon-Wellspring, F|\n|poke|p1|Regieleki|\n|poke|p1|Zangoose, F|\n|poke|p1|Smeargle, F|\n|poke|p2|Iron Treads|\n|poke|p2|Glimmora, F|\n|poke|p2|Pecharunt|\n|poke|p2|Rillaboom, M|\n|poke|p2|Hitmontop, M|\n|poke|p2|Clefable, F|\n|teampreview\n|inactive|Battle timer is ON: inactive players will automatically lose when time's up. (requested by lemurd)\n|\n|t:|1783808641\n|teamsize|p1|6\n|teamsize|p2|6\n|start\n|switch|p1a: Smeargle|Smeargle, F|100/100\n|switch|p2a: Glimmora|Glimmora, F, shiny|100/100\n|turn|1\n|\n|t:|1783808650\n|move|p2a: Glimmora|Dazzling Gleam|p1a: Smeargle\n|-damage|p1a: Smeargle|51/100\n|move|p1a: Smeargle|Sticky Web|p2a: Glimmora\n|-sidestart|p2: lemurd|move: Sticky Web\n|\n|upkeep\n|turn|2\n|\n|t:|1783808656\n|move|p2a: Glimmora|Stealth Rock|p1a: Smeargle\n|-sidestart|p1: bintage|move: Stealth Rock\n|move|p1a: Smeargle|Stone Axe|p2a: Glimmora\n|-damage|p2a: Glimmora|96/100\n|-damage|p1a: Smeargle|35/100|[from] item: Rocky Helmet|[of] p2a: Glimmora\n|-activate|p2a: Glimmora|ability: Toxic Debris\n|-sidestart|p1: bintage|move: Toxic Spikes\n|-sidestart|p2: lemurd|move: Stealth Rock\n|\n|upkeep\n|turn|3\n|\n|t:|1783808665\n|move|p2a: Glimmora|Dazzling Gleam|p1a: Smeargle\n|-damage|p1a: Smeargle|0 fnt\n|faint|p1a: Smeargle\n|\n|upkeep\n|\n|t:|1783808670\n|switch|p1a: Zangoose|Zangoose, F|100/100\n|-damage|p1a: Zangoose|88/100|[from] Stealth Rock\n|-status|p1a: Zangoose|psn\n|turn|4\n|l|☆bintage\n|inactive|bintage disconnected and has a minute to reconnect!\n|player|p1|\n|j|☆bintage\n|inactive|bintage reconnected and has 140 seconds left.\n|player|p1|bintage|infielder|\n|\n|t:|1783808688\n|-terastallize|p1a: Zangoose|Normal\n|move|p1a: Zangoose|Facade|p2a: Glimmora\n|-resisted|p2a: Glimmora\n|-damage|p2a: Glimmora|37/100\n|-damage|p1a: Zangoose|72/100 psn|[from] item: Rocky Helmet|[of] p2a: Glimmora\n|-activate|p2a: Glimmora|ability: Toxic Debris\n|-sidestart|p1: bintage|move: Toxic Spikes\n|move|p2a: Glimmora|Dazzling Gleam|p1a: Zangoose\n|-damage|p1a: Zangoose|28/100 psn\n|\n|-damage|p1a: Zangoose|16/100 psn|[from] psn\n|upkeep\n|turn|5\n|\n|t:|1783808695\n|move|p2a: Glimmora|Spiky Shield|p2a: Glimmora\n|-singleturn|p2a: Glimmora|move: Protect\n|move|p1a: Zangoose|Facade|p2a: Glimmora\n|-activate|p2a: Glimmora|move: Protect\n|-damage|p1a: Zangoose|4/100 psn|[from] Spiky Shield|[of] p2a: Glimmora\n|\n|-damage|p1a: Zangoose|0 fnt|[from] psn\n|faint|p1a: Zangoose\n|upkeep\n|\n|t:|1783808700\n|switch|p1a: Regieleki|Regieleki|100/100\n|turn|6\n|\n|t:|1783808712\n|move|p1a: Regieleki|Supercell Slam|p2a: Glimmora\n|-damage|p2a: Glimmora|0 fnt\n|-damage|p1a: Regieleki|84/100|[from] item: Rocky Helmet|[of] p2a: Glimmora\n|faint|p2a: Glimmora\n|\n|upkeep\n|\n|t:|1783808715\n|switch|p2a: Iron Treads|Iron Treads|100/100\n|-activate|p2a: Iron Treads|move: Sticky Web\n|-unboost|p2a: Iron Treads|spe|1\n|-damage|p2a: Iron Treads|97/100|[from] Stealth Rock\n|-enditem|p2a: Iron Treads|Booster Energy\n|-activate|p2a: Iron Treads|ability: Quark Drive|[fromitem]\n|-start|p2a: Iron Treads|quarkdriveatk\n|turn|7\n|\n|t:|1783808721\n|move|p1a: Regieleki|Rapid Spin|p2a: Iron Treads\n|-resisted|p2a: Iron Treads\n|-damage|p2a: Iron Treads|90/100\n|-boost|p1a: Regieleki|spe|1\n|-sideend|p1: bintage|Toxic Spikes|[from] move: Rapid Spin|[of] p1a: Regieleki\n|-sideend|p1: bintage|Stealth Rock|[from] move: Rapid Spin|[of] p1a: Regieleki\n|move|p2a: Iron Treads|Rapid Spin|p1a: Regieleki\n|-damage|p1a: Regieleki|47/100\n|-boost|p2a: Iron Treads|spe|1\n|-sideend|p2: lemurd|Stealth Rock|[from] move: Rapid Spin|[of] p2a: Iron Treads\n|-sideend|p2: lemurd|Sticky Web|[from] move: Rapid Spin|[of] p2a: Iron Treads\n|\n|upkeep\n|turn|8\n|\n|t:|1783808731\n|move|p1a: Regieleki|Explosion|p2a: Iron Treads\n|-resisted|p2a: Iron Treads\n|-damage|p2a: Iron Treads|53/100\n|faint|p1a: Regieleki\n|move|p2a: Iron Treads|Knock Off|p1: Regieleki|[notarget]\n|-fail|p2a: Iron Treads\n|\n|upkeep\n|l|☆bintage\n|inactive|bintage disconnected and has a minute to reconnect!\n|player|p1|\n|j|☆bintage\n|inactive|bintage reconnected and has 140 seconds left.\n|player|p1|bintage|infielder|\n|\n|t:|1783808740\n|switch|p1a: Ceruledge|Ceruledge, M|100/100\n|turn|9\n|\n|t:|1783808746\n|-terastallize|p2a: Iron Treads|Flying\n|move|p2a: Iron Treads|Earthquake|p1a: Ceruledge\n|-supereffective|p1a: Ceruledge\n|-enditem|p1a: Ceruledge|Focus Sash\n|-damage|p1a: Ceruledge|1/100\n|-ability|p1a: Ceruledge|Weak Armor|boost\n|-unboost|p1a: Ceruledge|def|1\n|-boost|p1a: Ceruledge|spe|2\n|move|p1a: Ceruledge|Swords Dance|p1a: Ceruledge\n|-boost|p1a: Ceruledge|atk|2\n|\n|upkeep\n|turn|10\n|\n|t:|1783808767\n|move|p1a: Ceruledge|Bitter Blade|p2a: Iron Treads\n|-damage|p2a: Iron Treads|0 fnt\n|-heal|p1a: Ceruledge|30/100|[from] drain|[of] p2a: Iron Treads\n|faint|p2a: Iron Treads\n|-end|p2a: Iron Treads|Quark Drive|[silent]\n|\n|upkeep\n|\n|t:|1783808770\n|switch|p2a: Hitmontop|Hitmontop, M|100/100\n|-ability|p2a: Hitmontop|Intimidate|boost\n|-unboost|p1a: Ceruledge|atk|1\n|turn|11\n|\n|t:|1783808782\n|switch|p2a: Pecharunt|Pecharunt|100/100\n|move|p1a: Ceruledge|Poltergeist|p2a: Pecharunt\n|-activate|p2a: Pecharunt|move: Poltergeist|Rocky Helmet\n|-supereffective|p2a: Pecharunt\n|-damage|p2a: Pecharunt|0 fnt\n|faint|p2a: Pecharunt\n|\n|upkeep\n|\n|t:|1783808788\n|switch|p2a: Clefable|Clefable, F|100/100\n|turn|12\n|\n|t:|1783808797\n|move|p1a: Ceruledge|Bitter Blade|p2a: Clefable\n|-damage|p2a: Clefable|59/100\n|-heal|p1a: Ceruledge|54/100|[from] drain|[of] p2a: Clefable\n|move|p2a: Clefable|Calm Mind|p2a: Clefable\n|-boost|p2a: Clefable|spa|1\n|-boost|p2a: Clefable|spd|1\n|\n|-heal|p2a: Clefable|65/100|[from] item: Leftovers\n|upkeep\n|turn|13\n|\n|t:|1783808806\n|move|p1a: Ceruledge|Poltergeist|p2a: Clefable|[miss]\n|-miss|p1a: Ceruledge|p2a: Clefable\n|move|p2a: Clefable|Draining Kiss|p1a: Ceruledge\n|-resisted|p1a: Ceruledge\n|-damage|p1a: Ceruledge|35/100\n|-heal|p2a: Clefable|78/100|[from] drain|[of] p1a: Ceruledge\n|\n|-heal|p2a: Clefable|84/100|[from] item: Leftovers\n|upkeep\n|turn|14\n|\n|t:|1783808812\n|move|p1a: Ceruledge|Poltergeist|p2a: Clefable\n|-activate|p2a: Clefable|move: Poltergeist|Leftovers\n|-damage|p2a: Clefable|33/100\n|move|p2a: Clefable|Draining Kiss|p1a: Ceruledge\n|-resisted|p1a: Ceruledge\n|-damage|p1a: Ceruledge|16/100\n|-heal|p2a: Clefable|45/100|[from] drain|[of] p1a: Ceruledge\n|\n|-heal|p2a: Clefable|51/100|[from] item: Leftovers\n|upkeep\n|turn|15\n|\n|t:|1783808817\n|move|p1a: Ceruledge|Poltergeist|p2a: Clefable\n|-activate|p2a: Clefable|move: Poltergeist|Leftovers\n|-damage|p2a: Clefable|5/100\n|move|p2a: Clefable|Draining Kiss|p1a: Ceruledge\n|-resisted|p1a: Ceruledge\n|-damage|p1a: Ceruledge|0 fnt\n|-heal|p2a: Clefable|15/100|[from] drain|[of] p1a: Ceruledge\n|faint|p1a: Ceruledge\n|\n|-heal|p2a: Clefable|21/100|[from] item: Leftovers\n|upkeep\n|\n|t:|1783808821\n|switch|p1a: Ogerpon|Ogerpon-Wellspring, F|100/100\n|turn|16\n|\n|t:|1783808831\n|move|p1a: Ogerpon|Ivy Cudgel|p2a: Clefable|[anim] Ivy Cudgel Water\n|-damage|p2a: Clefable|0 fnt\n|faint|p2a: Clefable\n|\n|upkeep\n|\n|t:|1783808834\n|switch|p2a: Hitmontop|Hitmontop, M|100/100\n|-ability|p2a: Hitmontop|Intimidate|boost\n|-unboost|p1a: Ogerpon|atk|1\n|turn|17\n|\n|t:|1783808842\n|move|p1a: Ogerpon|Horn Leech|p2a: Hitmontop\n|-damage|p2a: Hitmontop|67/100\n|move|p2a: Hitmontop|Brick Break|p1a: Ogerpon\n|-damage|p1a: Ogerpon|67/100\n|\n|upkeep\n|turn|18\n|\n|t:|1783808860\n|move|p1a: Ogerpon|Swords Dance|p1a: Ogerpon\n|-boost|p1a: Ogerpon|atk|2\n|move|p2a: Hitmontop|Triple Axel|p1a: Ogerpon\n|-damage|p1a: Ogerpon|60/100\n|-damage|p1a: Ogerpon|49/100\n|-hitcount|p1a: Ogerpon|2\n|\n|upkeep\n|turn|19\n|\n|t:|1783808864\n|move|p1a: Ogerpon|Horn Leech|p2a: Hitmontop\n|-damage|p2a: Hitmontop|0 fnt\n|-heal|p1a: Ogerpon|76/100|[from] drain|[of] p2a: Hitmontop\n|faint|p2a: Hitmontop\n|\n|upkeep\n|\n|t:|1783808867\n|switch|p2a: Rillaboom|Rillaboom, M|100/100\n|-fieldstart|move: Grassy Terrain|[from] ability: Grassy Surge|[of] p2a: Rillaboom\n|turn|20\n|\n|t:|1783808875\n|move|p1a: Ogerpon|Wood Hammer|p2a: Rillaboom\n|-resisted|p2a: Rillaboom\n|-damage|p2a: Rillaboom|47/100\n|-damage|p1a: Ogerpon|56/100|[from] Recoil\n|move|p2a: Rillaboom|Swords Dance|p2a: Rillaboom\n|-boost|p2a: Rillaboom|atk|2\n|\n|-heal|p1a: Ogerpon|62/100|[from] Grassy Terrain\n|-heal|p2a: Rillaboom|53/100|[from] Grassy Terrain\n|-heal|p2a: Rillaboom|59/100|[from] item: Leftovers\n|upkeep\n|turn|21\n|\n|t:|1783808882\n|move|p1a: Ogerpon|Wood Hammer|p2a: Rillaboom\n|-resisted|p2a: Rillaboom\n|-damage|p2a: Rillaboom|4/100\n|-damage|p1a: Ogerpon|42/100|[from] Recoil\n|move|p2a: Rillaboom|Trailblaze|p1a: Ogerpon\n|-damage|p1a: Ogerpon|0 fnt\n|-boost|p2a: Rillaboom|spe|1\n|faint|p1a: Ogerpon\n|\n|-heal|p2a: Rillaboom|10/100|[from] Grassy Terrain\n|-heal|p2a: Rillaboom|16/100|[from] item: Leftovers\n|upkeep\n|\n|t:|1783808885\n|switch|p1a: Garganacl|Garganacl, F|100/100\n|turn|22\n|\n|t:|1783808889\n|move|p2a: Rillaboom|Drain Punch|p1a: Garganacl\n|-supereffective|p1a: Garganacl\n|-damage|p1a: Garganacl|45/100\n|-heal|p2a: Rillaboom|49/100|[from] drain|[of] p1a: Garganacl\n|move|p1a: Garganacl|Body Press|p2a: Rillaboom\n|-damage|p2a: Rillaboom|28/100\n|\n|-heal|p2a: Rillaboom|34/100|[from] Grassy Terrain\n|-heal|p2a: Rillaboom|40/100|[from] item: Leftovers\n|-heal|p1a: Garganacl|51/100|[from] Grassy Terrain\n|-heal|p1a: Garganacl|57/100|[from] item: Leftovers\n|upkeep\n|turn|23\n|\n|t:|1783808897\n|move|p2a: Rillaboom|Drain Punch|p1a: Garganacl\n|-supereffective|p1a: Garganacl\n|-damage|p1a: Garganacl|0 fnt\n|-heal|p2a: Rillaboom|74/100|[from] drain|[of] p1a: Garganacl\n|faint|p1a: Garganacl\n|\n|win|lemurd\n|raw|bintage's rating: 1174 &rarr; <strong>1147</strong><br />(-27 for losing)\n|raw|lemurd's rating: 1141 &rarr; <strong>1168</strong><br />(+27 for winning)\n|l|☆bintage\n|player|p1|\n|l|☆lemurd\n|player|p2|\n", "uploadtime": 1783809185, "views": 3, "formatid": "gen9ou", "rating": 1147, "private": 0, "password": null}