{"id": "gen9ou-2647702123", "format": "[Gen 9] OU", "players": ["Big Chill Jr", "Yisso"], "log": "|j|☆Big Chill Jr\n|j|☆Yisso\n|t:|1783798677\n|gametype|singles\n|player|p1|Big Chill Jr|brycenman|\n|player|p2|Yisso|steven-masters|\n|gen|9\n|tier|[Gen 9] OU\n|rule|HP Percentage Mod: HP is shown in percentages\n|rule|Endless Battle Clause: Forcing endless battles is banned\n|rule|Species Clause: Limit one of each Pokémon\n|rule|OHKO Clause: OHKO moves are banned\n|rule|Evasion Items Clause: Evasion items are banned\n|rule|Evasion Moves Clause: Evasion moves are banned\n|rule|Evasion Abilities Clause: Evasion abilities are banned\n|rule|Sleep Moves Clause: Sleep-inducing moves are banned\n|clearpoke\n|poke|p1|Minior-Indigo|\n|poke|p1|Skeledirge, M|\n|poke|p1|Weavile, M|\n|poke|p1|Excadrill, F|\n|poke|p1|Slowking, F|\n|poke|p1|Thundurus-Therian, M|\n|poke|p2|Cresselia, F|\n|poke|p2|Samurott-Hisui, M|\n|poke|p2|Garchomp, F|\n|poke|p2|Great Tusk|\n|poke|p2|Gholdengo|\n|poke|p2|Zamazenta-*|\n|teampreview\n|inactive|Battle timer is ON: inactive players will automatically lose when time's up. (requested by Yisso)\n|c|☆Yisso|glhf\n|\n|t:|1783798697\n|teamsize|p1|6\n|teamsize|p2|6\n|start\n|switch|p1a: Weavile|Weavile, M|100/100\n|switch|p2a: Samurott|Samurott-Hisui, M, shiny|100/100\n|-ability|p1a: Weavile|Pressure\n|turn|1\n|\n|t:|1783798720\n|switch|p2a: Gholdengo|Gholdengo|100/100\n|move|p1a: Weavile|Low Kick|p2a: Gholdengo\n|-immune|p2a: Gholdengo\n|\n|upkeep\n|turn|2\n|inactive|Big Chill Jr has 270 seconds left.\n|inactive|Yisso has 270 seconds left.\n|\n|t:|1783798751\n|switch|p1a: Excadrill|Excadrill, F|100/100\n|move|p2a: Gholdengo|Shadow Ball|p1a: Excadrill\n|-damage|p1a: Excadrill|41/100\n|-unboost|p1a: Excadrill|spd|1\n|\n|upkeep\n|turn|3\n|inactive|Big Chill Jr has 270 seconds left.\n|\n|t:|1783798786\n|move|p2a: Gholdengo|Shadow Ball|p1a: Excadrill\n|-damage|p1a: Excadrill|0 fnt\n|faint|p1a: Excadrill\n|\n|upkeep\n|\n|t:|1783798794\n|switch|p1a: Skeledirge|Skeledirge, M, shiny|100/100\n|turn|4\n|\n|t:|1783798804\n|-terastallize|p2a: Gholdengo|Ghost\n|-terastallize|p1a: Skeledirge|Fairy\n|move|p2a: Gholdengo|Shadow Ball|p1a: Skeledirge\n|-damage|p1a: Skeledirge|61/100\n|-unboost|p1a: Skeledirge|spd|1\n|move|p1a: Skeledirge|Torch Song|p2a: Gholdengo\n|-damage|p2a: Gholdengo|64/100\n|-boost|p1a: Skeledirge|spa|1\n|\n|-heal|p1a: Skeledirge|67/100|[from] item: Leftovers\n|upkeep\n|turn|5\n|\n|t:|1783798820\n|move|p2a: Gholdengo|Shadow Ball|p1a: Skeledirge\n|-damage|p1a: Skeledirge|6/100\n|move|p1a: Skeledirge|Hex|p2a: Gholdengo\n|-supereffective|p2a: Gholdengo\n|-damage|p2a: Gholdengo|0 fnt\n|faint|p2a: Gholdengo\n|\n|-heal|p1a: Skeledirge|12/100|[from] item: Leftovers\n|upkeep\n|inactive|Yisso has 270 seconds left.\n|\n|t:|1783798852\n|switch|p2a: Great Tusk|Great Tusk|100/100\n|turn|6\n|\n|t:|1783798866\n|move|p2a: Great Tusk|Rapid Spin|p1a: Skeledirge\n|-damage|p1a: Skeledirge|0 fnt\n|-boost|p2a: Great Tusk|spe|1\n|faint|p1a: Skeledirge\n|\n|upkeep\n|\n|t:|1783798876\n|switch|p1a: Cyan Heart|Minior-Indigo|100/100\n|-formechange|p1a: Cyan Heart|Minior-Meteor||[from] ability: Shields Down\n|turn|7\n|\n|t:|1783798880\n|move|p2a: Great Tusk|Ice Spinner|p1a: Cyan Heart\n|-supereffective|p1a: Cyan Heart\n|-damage|p1a: Cyan Heart|15/100\n|move|p1a: Cyan Heart|Shell Smash|p1a: Cyan Heart\n|-unboost|p1a: Cyan Heart|def|1\n|-unboost|p1a: Cyan Heart|spd|1\n|-boost|p1a: Cyan Heart|atk|2\n|-boost|p1a: Cyan Heart|spa|2\n|-boost|p1a: Cyan Heart|spe|2\n|-enditem|p1a: Cyan Heart|White Herb\n|-clearnegativeboost|p1a: Cyan Heart|[silent]\n|\n|-formechange|p1a: Cyan Heart|Minior-Indigo||[from] ability: Shields Down\n|upkeep\n|turn|8\n|\n|t:|1783798891\n|-end|p2a: Great Tusk|Protosynthesis|[silent]\n|switch|p2a: Garchomp|Garchomp, F|100/100\n|move|p1a: Cyan Heart|Acrobatics|p2a: Garchomp\n|-damage|p2a: Garchomp|40/100\n|-damage|p1a: Cyan Heart|2/100|[from] ability: Rough Skin|[of] p2a: Garchomp\n|-damage|p1a: Cyan Heart|0 fnt|[from] item: Rocky Helmet|[of] p2a: Garchomp\n|faint|p1a: Cyan Heart\n|\n|upkeep\n|\n|t:|1783798900\n|switch|p1a: Weavile|Weavile, M|100/100\n|-ability|p1a: Weavile|Pressure\n|turn|9\n|\n|t:|1783798904\n|move|p1a: Weavile|Ice Shard|p2a: Garchomp\n|-supereffective|p2a: Garchomp\n|-damage|p2a: Garchomp|0 fnt\n|faint|p2a: Garchomp\n|\n|upkeep\n|\n|t:|1783798919\n|switch|p2a: Samurott|Samurott-Hisui, M, shiny|100/100\n|turn|10\n|\n|t:|1783798932\n|switch|p1a: Thundurus|Thundurus-Therian, M|100/100\n|move|p2a: Samurott|Knock Off|p1a: Thundurus\n|-damage|p1a: Thundurus|35/100\n|-enditem|p1a: Thundurus|Choice Specs|[from] move: Knock Off|[of] p2a: Samurott\n|\n|upkeep\n|turn|11\n|\n|t:|1783798940\n|move|p2a: Samurott|Sucker Punch|p1a: Thundurus\n|-damage|p1a: Thundurus|0 fnt\n|faint|p1a: Thundurus\n|\n|upkeep\n|\n|t:|1783798947\n|switch|p1a: Weavile|Weavile, M|100/100\n|-ability|p1a: Weavile|Pressure\n|turn|12\n|\n|t:|1783798953\n|switch|p2a: Zamazenta|Zamazenta|100/100\n|-ability|p2a: Zamazenta|Dauntless Shield|boost\n|-boost|p2a: Zamazenta|def|1\n|move|p1a: Weavile|Low Kick|p2a: Zamazenta\n|-crit|p2a: Zamazenta\n|-damage|p2a: Zamazenta|55/100\n|\n|-heal|p2a: Zamazenta|61/100|[from] item: Leftovers\n|upkeep\n|turn|13\n|c|☆Big Chill Jr|Crit mattered\n|\n|t:|1783798970\n|move|p1a: Weavile|Low Kick|p2a: Zamazenta\n|-damage|p2a: Zamazenta|43/100\n|move|p2a: Zamazenta|Body Press|p1a: Weavile\n|-supereffective|p1a: Weavile\n|-damage|p1a: Weavile|0 fnt\n|faint|p1a: Weavile\n|\n|-heal|p2a: Zamazenta|49/100|[from] item: Leftovers\n|upkeep\n|\n|t:|1783798979\n|switch|p1a: Slowking|Slowking, F|100/100\n|turn|14\n|\n|t:|1783798982\n|move|p2a: Zamazenta|Crunch|p1a: Slowking\n|-supereffective|p1a: Slowking\n|-damage|p1a: Slowking|58/100\n|move|p1a: Slowking|Psychic Noise|p2a: Zamazenta\n|-supereffective|p2a: Zamazenta\n|-damage|p2a: Zamazenta|0 fnt\n|faint|p2a: Zamazenta\n|\n|upkeep\n|c|☆Yisso|100% mattered\n|\n|t:|1783798990\n|switch|p2a: Samurott|Samurott-Hisui, M, shiny|100/100\n|turn|15\n|\n|t:|1783798996\n|move|p2a: Samurott|Knock Off|p1a: Slowking\n|-supereffective|p1a: Slowking\n|-damage|p1a: Slowking|0 fnt\n|-enditem|p1a: Slowking|Heavy-Duty Boots|[from] move: Knock Off|[of] p2a: Samurott\n|faint|p1a: Slowking\n|\n|win|Yisso\n|c|☆Yisso|gg\n|c|☆Big Chill Jr|gg\n", "uploadtime": 1783799002, "views": 34, "formatid": "gen9ou", "rating": null, "private": 0, "password": null}