{"id": "gen9ou-2639283870", "format": "[Gen 9] OU", "players": ["Saga_57", "clayclover"], "log": "|j|☆Saga_57\n|j|‽clayclover\n|t:|1782445671\n|gametype|singles\n|player|p1|Saga_57|iono-masters|\n|player|p2|clayclover|molayne|\n|gen|9\n|tier|[Gen 9] OU\n|rule|HP Percentage Mod: HP is shown in percentages\n|rule|Endless Battle Clause: Forcing endless battles is banned\n|rule|Species Clause: Limit one of each Pokémon\n|rule|OHKO Clause: OHKO moves are banned\n|rule|Evasion Items Clause: Evasion items are banned\n|rule|Evasion Moves Clause: Evasion moves are banned\n|rule|Evasion Abilities Clause: Evasion abilities are banned\n|rule|Sleep Moves Clause: Sleep-inducing moves are banned\n|clearpoke\n|poke|p1|Ogerpon-Wellspring, F|\n|poke|p1|Dragapult, M|\n|poke|p1|Skarmory, M|\n|poke|p1|Moltres|\n|poke|p1|Ting-Lu|\n|poke|p1|Slowking-Galar, M|\n|poke|p2|Darkrai|\n|poke|p2|Garchomp, M|\n|poke|p2|Alomomola, F|\n|poke|p2|Corviknight, M|\n|poke|p2|Weezing-Galar, M|\n|poke|p2|Ogerpon, F|\n|teampreview\n|\n|t:|1782445717\n|teamsize|p1|6\n|teamsize|p2|6\n|start\n|switch|p1a: Dragapult|Dragapult, M|100/100\n|switch|p2a: Garchomp|Garchomp, M|100/100\n|turn|1\n|\n|t:|1782445728\n|switch|p2a: Alomomola|Alomomola, F|100/100\n|-terastallize|p1a: Dragapult|Fairy\n|move|p1a: Dragapult|Will-O-Wisp|p2a: Alomomola\n|-status|p2a: Alomomola|brn\n|\n|-damage|p2a: Alomomola|94/100 brn|[from] brn\n|upkeep\n|turn|2\n|\n|t:|1782445737\n|move|p1a: Dragapult|Hex|p2a: Alomomola\n|-damage|p2a: Alomomola|66/100 brn\n|move|p2a: Alomomola|Flip Turn|p1a: Dragapult\n|-damage|p1a: Dragapult|90/100\n|n|☆clayclover|clayclover\n|\n|t:|1782445753\n|switch|p2a: Weezing|Weezing-Galar, M|100/100|[from] Flip Turn\n|-ability|p2a: Weezing|Neutralizing Gas\n|\n|upkeep\n|turn|3\n|\n|t:|1782445764\n|-end|p2a: Weezing|ability: Neutralizing Gas\n|switch|p2a: Alomomola|Alomomola, F|99/100 brn\n|move|p1a: Dragapult|U-turn|p2a: Alomomola\n|-damage|p2a: Alomomola|84/100 brn\n|\n|t:|1782445769\n|switch|p1a: Ogerpon|Ogerpon-Wellspring, F|100/100|[from] U-turn\n|\n|-damage|p2a: Alomomola|78/100 brn|[from] brn\n|upkeep\n|turn|4\n|\n|t:|1782445775\n|switch|p1a: Slowking|Slowking-Galar, M|100/100\n|switch|p2a: Weezing|Weezing-Galar, M|100/100\n|-ability|p2a: Weezing|Neutralizing Gas\n|\n|upkeep\n|turn|5\n|\n|t:|1782445787\n|-end|p2a: Weezing|ability: Neutralizing Gas\n|switch|p2a: Alomomola|Alomomola, F|100/100 brn\n|move|p1a: Slowking|Thunder Wave||[still]\n|-fail|p1a: Slowking\n|\n|-damage|p2a: Alomomola|94/100 brn|[from] brn\n|upkeep\n|turn|6\n|\n|t:|1782445795\n|move|p2a: Alomomola|Flip Turn|p1a: Slowking\n|-damage|p1a: Slowking|93/100\n|\n|t:|1782445800\n|switch|p2a: Garchomp|Garchomp, M|100/100|[from] Flip Turn\n|move|p1a: Slowking|Future Sight|p2a: Garchomp\n|-start|p1a: Slowking|move: Future Sight\n|\n|upkeep\n|turn|7\n|\n|t:|1782445806\n|switch|p1a: Skarmory|Skarmory, M|100/100\n|move|p2a: Garchomp|Stealth Rock|p1a: Skarmory\n|-sidestart|p1: Saga_57|move: Stealth Rock\n|\n|upkeep\n|turn|8\n|\n|t:|1782445817\n|switch|p2a: Corviknight|Corviknight, M|100/100\n|-ability|p2a: Corviknight|Pressure\n|move|p1a: Skarmory|Iron Defense|p1a: Skarmory\n|-boost|p1a: Skarmory|def|2\n|\n|-end|p2a: Corviknight|move: Future Sight\n|-resisted|p2a: Corviknight\n|-damage|p2a: Corviknight|85/100\n|-heal|p2a: Corviknight|92/100|[from] item: Leftovers\n|upkeep\n|turn|9\n|\n|t:|1782445828\n|move|p1a: Skarmory|Body Press|p2a: Corviknight\n|-damage|p2a: Corviknight|40/100\n|move|p2a: Corviknight|U-turn|p1a: Skarmory\n|-resisted|p1a: Skarmory\n|-damage|p1a: Skarmory|99/100\n|-damage|p2a: Corviknight|24/100|[from] item: Rocky Helmet|[of] p1a: Skarmory\n|\n|t:|1782445835\n|switch|p2a: Weezing|Weezing-Galar, M|100/100|[from] U-turn\n|-ability|p2a: Weezing|Neutralizing Gas\n|\n|upkeep\n|turn|10\n|\n|t:|1782445841\n|switch|p1a: Slowking|Slowking-Galar, M|100/100\n|move|p2a: Weezing|Will-O-Wisp|p1a: Slowking\n|-status|p1a: Slowking|brn\n|\n|-damage|p1a: Slowking|94/100 brn|[from] brn\n|upkeep\n|turn|11\n|\n|t:|1782445854\n|-end|p2a: Weezing|ability: Neutralizing Gas\n|switch|p2a: Darkrai|Darkrai|100/100\n|-prepare|p1a: Slowking|Chilly Reception|[premajor]\n|move|p1a: Slowking|Chilly Reception|p1a: Slowking\n|-weather|Snowscape\n|\n|t:|1782445861\n|switch|p1a: Ting-Lu|Ting-Lu|100/100|[from] Chilly Reception\n|-ability|p1a: Ting-Lu|Vessel of Ruin\n|\n|-weather|Snowscape|[upkeep]\n|upkeep\n|turn|12\n|\n|t:|1782445869\n|move|p2a: Darkrai|Ice Beam|p1a: Ting-Lu\n|-supereffective|p1a: Ting-Lu\n|-damage|p1a: Ting-Lu|57/100\n|-status|p1a: Ting-Lu|frz\n|cant|p1a: Ting-Lu|frz\n|\n|-weather|Snowscape|[upkeep]\n|upkeep\n|turn|13\n|c|☆clayclover|XD\n|\n|t:|1782445881\n|switch|p1a: Slowking|Slowking-Galar, M|100/100 brn\n|move|p2a: Darkrai|Ice Beam|p1a: Slowking\n|-damage|p1a: Slowking|71/100 brn\n|\n|-weather|Snowscape|[upkeep]\n|-damage|p1a: Slowking|65/100 brn|[from] brn\n|upkeep\n|turn|14\n|\n|t:|1782445888\n|switch|p2a: Alomomola|Alomomola, F|100/100 brn\n|-prepare|p1a: Slowking|Chilly Reception|[premajor]\n|move|p1a: Slowking|Chilly Reception|p1a: Slowking\n|\n|t:|1782445894\n|switch|p1a: Ogerpon|Ogerpon-Wellspring, F|100/100|[from] Chilly Reception\n|-damage|p1a: Ogerpon|88/100|[from] Stealth Rock\n|\n|-weather|Snowscape|[upkeep]\n|-damage|p2a: Alomomola|94/100 brn|[from] brn\n|upkeep\n|turn|15\n|\n|t:|1782445902\n|switch|p2a: Weezing|Weezing-Galar, M|100/100\n|-ability|p2a: Weezing|Neutralizing Gas\n|move|p1a: Ogerpon|Ivy Cudgel|p2a: Weezing|[anim] Ivy Cudgel Water\n|-damage|p2a: Weezing|63/100\n|\n|-weather|none\n|-heal|p2a: Weezing|69/100|[from] item: Leftovers\n|upkeep\n|turn|16\n|\n|t:|1782445913\n|switch|p1a: Slowking|Slowking-Galar, M|98/100 brn\n|move|p2a: Weezing|Will-O-Wisp|p1a: Slowking\n|-fail|p1a: Slowking|brn\n|\n|-heal|p2a: Weezing|75/100|[from] item: Leftovers\n|-damage|p1a: Slowking|92/100 brn|[from] brn\n|upkeep\n|turn|17\n|\n|t:|1782445934\n|-end|p2a: Weezing|ability: Neutralizing Gas\n|switch|p2a: Alomomola|Alomomola, F|100/100 brn\n|-prepare|p1a: Slowking|Chilly Reception|[premajor]\n|move|p1a: Slowking|Chilly Reception|p1a: Slowking\n|-weather|Snowscape\n|\n|t:|1782445941\n|switch|p1a: Ogerpon|Ogerpon-Wellspring, F|88/100|[from] Chilly Reception\n|-damage|p1a: Ogerpon|76/100|[from] Stealth Rock\n|\n|-weather|Snowscape|[upkeep]\n|-damage|p2a: Alomomola|94/100 brn|[from] brn\n|upkeep\n|turn|18\n|\n|t:|1782445946\n|move|p1a: Ogerpon|Ivy Cudgel|p2a: Alomomola|[anim] Ivy Cudgel Water\n|-resisted|p2a: Alomomola\n|-damage|p2a: Alomomola|72/100 brn\n|move|p2a: Alomomola|Flip Turn|p1a: Ogerpon\n|-heal|p1a: Ogerpon|100/100|[from] ability: Water Absorb|[of] p2a: Alomomola\n|\n|-weather|Snowscape|[upkeep]\n|-damage|p2a: Alomomola|65/100 brn|[from] brn\n|upkeep\n|turn|19\n|\n|t:|1782445953\n|move|p1a: Ogerpon|Encore|p2a: Alomomola\n|-start|p2a: Alomomola|Encore\n|move|p2a: Alomomola|Flip Turn|p1a: Ogerpon\n|-immune|p1a: Ogerpon|[from] ability: Water Absorb\n|\n|-weather|Snowscape|[upkeep]\n|-damage|p2a: Alomomola|59/100 brn|[from] brn\n|upkeep\n|turn|20\n|\n|t:|1782445957\n|switch|p2a: Weezing|Weezing-Galar, M|75/100\n|-ability|p2a: Weezing|Neutralizing Gas\n|move|p1a: Ogerpon|Ivy Cudgel|p2a: Weezing|[anim] Ivy Cudgel Water\n|-damage|p2a: Weezing|37/100\n|\n|-weather|Snowscape|[upkeep]\n|-heal|p2a: Weezing|43/100|[from] item: Leftovers\n|upkeep\n|turn|21\n|\n|t:|1782445960\n|switch|p1a: Slowking|Slowking-Galar, M|100/100 brn\n|move|p2a: Weezing|Pain Split|p1a: Slowking\n|-sethp|p1a: Slowking|69/100 brn|[from] move: Pain Split|[silent]\n|-sethp|p2a: Weezing|81/100|[from] move: Pain Split\n|\n|-weather|none\n|-heal|p2a: Weezing|87/100|[from] item: Leftovers\n|-damage|p1a: Slowking|62/100 brn|[from] brn\n|upkeep\n|turn|22\n|\n|t:|1782445966\n|-end|p2a: Weezing|ability: Neutralizing Gas\n|switch|p2a: Alomomola|Alomomola, F|92/100 brn\n|-prepare|p1a: Slowking|Chilly Reception|[premajor]\n|move|p1a: Slowking|Chilly Reception|p1a: Slowking\n|-weather|Snowscape\n|\n|t:|1782445969\n|switch|p1a: Ogerpon|Ogerpon-Wellspring, F|100/100|[from] Chilly Reception\n|-damage|p1a: Ogerpon|88/100|[from] Stealth Rock\n|\n|-weather|Snowscape|[upkeep]\n|-damage|p2a: Alomomola|86/100 brn|[from] brn\n|upkeep\n|turn|23\n|\n|t:|1782445971\n|move|p1a: Ogerpon|Swords Dance|p1a: Ogerpon\n|-boost|p1a: Ogerpon|atk|2\n|move|p2a: Alomomola|Body Slam|p1a: Ogerpon\n|-damage|p1a: Ogerpon|78/100\n|-status|p1a: Ogerpon|par\n|\n|-weather|Snowscape|[upkeep]\n|-damage|p2a: Alomomola|80/100 brn|[from] brn\n|upkeep\n|turn|24\n|\n|t:|1782445979\n|switch|p2a: Garchomp|Garchomp, M|100/100\n|move|p1a: Ogerpon|Ivy Cudgel|p2a: Garchomp|[anim] Ivy Cudgel Water\n|-damage|p2a: Garchomp|31/100\n|\n|-weather|Snowscape|[upkeep]\n|upkeep\n|turn|25\n|\n|t:|1782445987\n|switch|p1a: Moltres|Moltres|100/100\n|move|p2a: Garchomp|Spikes|p1a: Moltres\n|-sidestart|p1: Saga_57|Spikes\n|\n|-weather|Snowscape|[upkeep]\n|upkeep\n|turn|26\n|\n|t:|1782445992\n|switch|p2a: Alomomola|Alomomola, F|100/100 brn\n|move|p1a: Moltres|U-turn|p2a: Alomomola\n|-damage|p2a: Alomomola|90/100 brn\n|\n|t:|1782445999\n|switch|p1a: Ogerpon|Ogerpon-Wellspring, F|78/100 par|[from] U-turn\n|-damage|p1a: Ogerpon|66/100 par|[from] Stealth Rock\n|-damage|p1a: Ogerpon|53/100 par|[from] Spikes\n|\n|-weather|none\n|-damage|p2a: Alomomola|83/100 brn|[from] brn\n|upkeep\n|turn|27\n|\n|t:|1782446009\n|switch|p2a: Garchomp|Garchomp, M|31/100\n|move|p1a: Ogerpon|Horn Leech|p2a: Garchomp\n|-damage|p2a: Garchomp|2/100\n|-heal|p1a: Ogerpon|74/100 par|[from] drain|[of] p2a: Garchomp\n|-damage|p1a: Ogerpon|62/100 par|[from] ability: Rough Skin|[of] p2a: Garchomp\n|-damage|p1a: Ogerpon|45/100 par|[from] item: Rocky Helmet|[of] p2a: Garchomp\n|\n|upkeep\n|turn|28\n|l|☆Saga_57\n|player|p1|\n|j|☆Saga_57\n|player|p1|Saga_57|iono-masters|\n|\n|t:|1782446041\n|switch|p1a: Moltres|Moltres|100/100\n|move|p2a: Garchomp|Dragon Tail|p1a: Moltres\n|-damage|p1a: Moltres|83/100\n|drag|p1a: Ogerpon|Ogerpon-Wellspring, F|45/100 par\n|-damage|p1a: Ogerpon|33/100 par|[from] Stealth Rock\n|-damage|p1a: Ogerpon|20/100 par|[from] Spikes\n|\n|upkeep\n|turn|29\n|\n|t:|1782446049\n|switch|p1a: Skarmory|Skarmory, M|99/100\n|-damage|p1a: Skarmory|87/100|[from] Stealth Rock\n|move|p2a: Garchomp|Stealth Rock||[still]\n|-fail|p2a: Garchomp\n|\n|upkeep\n|turn|30\n|\n|t:|1782446061\n|move|p2a: Garchomp|Spikes|p1a: Skarmory\n|-sidestart|p1: Saga_57|Spikes\n|move|p1a: Skarmory|Spikes|p2a: Garchomp\n|-sidestart|p2: clayclover|Spikes\n|\n|upkeep\n|turn|31\n|\n|t:|1782446067\n|switch|p2a: Corviknight|Corviknight, M|24/100\n|-ability|p2a: Corviknight|Pressure\n|move|p1a: Skarmory|Spikes|p2a: Corviknight\n|-sidestart|p2: clayclover|Spikes\n|\n|-heal|p2a: Corviknight|30/100|[from] item: Leftovers\n|upkeep\n|turn|32\n|\n|t:|1782446078\n|move|p1a: Skarmory|Iron Defense|p1a: Skarmory\n|-boost|p1a: Skarmory|def|2\n|move|p2a: Corviknight|U-turn|p1a: Skarmory\n|-resisted|p1a: Skarmory\n|-damage|p1a: Skarmory|86/100\n|-damage|p2a: Corviknight|14/100|[from] item: Rocky Helmet|[of] p1a: Skarmory\n|\n|t:|1782446080\n|switch|p2a: Ogerpon|Ogerpon, F|100/100|[from] U-turn\n|-damage|p2a: Ogerpon|84/100|[from] Spikes\n|\n|upkeep\n|turn|33\n|\n|t:|1782446084\n|move|p2a: Ogerpon|Encore|p1a: Skarmory\n|-start|p1a: Skarmory|Encore\n|move|p1a: Skarmory|Iron Defense|p1a: Skarmory\n|-boost|p1a: Skarmory|def|2\n|\n|upkeep\n|turn|34\n|\n|t:|1782446087\n|move|p2a: Ogerpon|Swords Dance|p2a: Ogerpon\n|-boost|p2a: Ogerpon|atk|2\n|move|p1a: Skarmory|Iron Defense|p1a: Skarmory\n|-boost|p1a: Skarmory|def|2\n|\n|upkeep\n|turn|35\n|\n|t:|1782446099\n|switch|p1a: Moltres|Moltres|83/100\n|move|p2a: Ogerpon|Swords Dance|p2a: Ogerpon\n|-boost|p2a: Ogerpon|atk|2\n|\n|upkeep\n|turn|36\n|inactive|Battle timer is ON: inactive players will automatically lose when time's up. (requested by Saga_57)\n|\n|t:|1782446138\n|-terastallize|p2a: Ogerpon|Grass\n|detailschange|p2a: Ogerpon|Ogerpon-Teal-Tera, F, tera:Grass\n|-ability|p2a: Ogerpon|Embody Aspect (Teal)|boost\n|-boost|p2a: Ogerpon|spe|1\n|move|p2a: Ogerpon|Knock Off|p1a: Moltres\n|-damage|p1a: Moltres|19/100\n|-enditem|p1a: Moltres|Heavy-Duty Boots|[from] move: Knock Off|[of] p2a: Ogerpon\n|move|p1a: Moltres|Will-O-Wisp|p2a: Ogerpon\n|-status|p2a: Ogerpon|brn\n|\n|-damage|p2a: Ogerpon|78/100 brn|[from] brn\n|upkeep\n|turn|37\n|\n|t:|1782446151\n|move|p2a: Ogerpon|Ivy Cudgel|p1a: Moltres\n|-resisted|p1a: Moltres\n|-crit|p1a: Moltres\n|-damage|p1a: Moltres|0 fnt\n|faint|p1a: Moltres\n|\n|-damage|p2a: Ogerpon|72/100 brn|[from] brn\n|upkeep\n|\n|t:|1782446154\n|switch|p1a: Skarmory|Skarmory, M|86/100\n|-damage|p1a: Skarmory|74/100|[from] Stealth Rock\n|turn|38\n|\n|t:|1782446160\n|move|p2a: Ogerpon|Knock Off|p1a: Skarmory\n|-crit|p1a: Skarmory\n|-damage|p1a: Skarmory|33/100\n|-damage|p2a: Ogerpon|55/100 brn|[from] item: Rocky Helmet|[of] p1a: Skarmory\n|-enditem|p1a: Skarmory|Rocky Helmet|[from] move: Knock Off|[of] p2a: Ogerpon\n|move|p1a: Skarmory|Body Press|p2a: Ogerpon\n|-damage|p2a: Ogerpon|15/100 brn\n|\n|-damage|p2a: Ogerpon|9/100 brn|[from] brn\n|upkeep\n|turn|39\n|\n|t:|1782446169\n|move|p2a: Ogerpon|Encore|p1a: Skarmory\n|-start|p1a: Skarmory|Encore\n|move|p1a: Skarmory|Body Press|p2a: Ogerpon\n|-damage|p2a: Ogerpon|0 fnt\n|faint|p2a: Ogerpon\n|detailschange|p2: Ogerpon|Ogerpon, F|[silent]\n|\n|upkeep\n|\n|t:|1782446185\n|switch|p2a: Weezing|Weezing-Galar, M|87/100\n|-ability|p2a: Weezing|Neutralizing Gas\n|-damage|p2a: Weezing|70/100|[from] Spikes\n|turn|40\n|\n|t:|1782446189\n|move|p1a: Skarmory|Body Press|p2a: Weezing\n|-resisted|p2a: Weezing\n|-damage|p2a: Weezing|66/100\n|move|p2a: Weezing|Will-O-Wisp|p1a: Skarmory\n|-status|p1a: Skarmory|brn\n|\n|-heal|p2a: Weezing|72/100|[from] item: Leftovers\n|-damage|p1a: Skarmory|27/100 brn|[from] brn\n|upkeep\n|turn|41\n|\n|t:|1782446194\n|-end|p2a: Weezing|ability: Neutralizing Gas\n|switch|p2a: Alomomola|Alomomola, F|100/100 brn\n|-damage|p2a: Alomomola|84/100 brn|[from] Spikes\n|move|p1a: Skarmory|Body Press|p2a: Alomomola\n|-damage|p2a: Alomomola|71/100 brn\n|\n|-damage|p1a: Skarmory|21/100 brn|[from] brn\n|-damage|p2a: Alomomola|64/100 brn|[from] brn\n|-end|p1a: Skarmory|Encore\n|upkeep\n|turn|42\n|\n|t:|1782446203\n|move|p1a: Skarmory|Roost|p1a: Skarmory\n|-heal|p1a: Skarmory|71/100 brn\n|-singleturn|p1a: Skarmory|move: Roost\n|move|p2a: Alomomola|Flip Turn|p1a: Skarmory\n|-damage|p1a: Skarmory|66/100 brn\n|\n|t:|1782446223\n|switch|p2a: Darkrai|Darkrai|100/100|[from] Flip Turn\n|-damage|p2a: Darkrai|84/100|[from] Spikes\n|\n|-damage|p1a: Skarmory|60/100 brn|[from] brn\n|upkeep\n|turn|43\n|l|☆Saga_57\n|inactive|Saga_57 disconnected and has 300 seconds to reconnect!\n|player|p1|\n|j|☆Saga_57\n|inactive|Saga_57 reconnected and has 295 seconds left.\n|player|p1|Saga_57|iono-masters|\n|\n|t:|1782446244\n|move|p2a: Darkrai|Dark Pulse|p1a: Skarmory\n|-damage|p1a: Skarmory|0 fnt\n|faint|p1a: Skarmory\n|\n|upkeep\n|\n|t:|1782446250\n|switch|p1a: Dragapult|Dragapult, M, tera:Fairy|90/100\n|turn|44\n|\n|t:|1782446257\n|switch|p2a: Garchomp|Garchomp, M|2/100\n|-damage|p2a: Garchomp|0 fnt|[from] Spikes\n|faint|p2a: Garchomp\n|move|p1a: Dragapult|U-turn|p2: Garchomp|[notarget]\n|-fail|p1a: Dragapult\n|\n|upkeep\n|\n|t:|1782446265\n|switch|p2a: Corviknight|Corviknight, M|14/100\n|-ability|p2a: Corviknight|Pressure\n|turn|45\n|\n|t:|1782446267\n|move|p1a: Dragapult|Hex|p2a: Corviknight\n|-damage|p2a: Corviknight|0 fnt\n|faint|p2a: Corviknight\n|\n|upkeep\n|\n|t:|1782446274\n|switch|p2a: Weezing|Weezing-Galar, M|72/100\n|-ability|p2a: Weezing|Neutralizing Gas\n|-damage|p2a: Weezing|55/100|[from] Spikes\n|turn|46\n|\n|t:|1782446280\n|switch|p1a: Slowking|Slowking-Galar, M|96/100 brn\n|move|p2a: Weezing|Sludge Bomb|p1a: Slowking\n|-resisted|p1a: Slowking\n|-damage|p1a: Slowking|88/100 brn\n|\n|-heal|p2a: Weezing|61/100|[from] item: Leftovers\n|-damage|p1a: Slowking|82/100 brn|[from] brn\n|upkeep\n|turn|47\n|\n|t:|1782446287\n|-end|p2a: Weezing|ability: Neutralizing Gas\n|switch|p2a: Alomomola|Alomomola, F|98/100 brn\n|-damage|p2a: Alomomola|81/100 brn|[from] Spikes\n|move|p1a: Slowking|Thunder Wave||[still]\n|-fail|p1a: Slowking\n|\n|-damage|p2a: Alomomola|75/100 brn|[from] brn\n|-damage|p1a: Slowking|76/100 brn|[from] brn\n|upkeep\n|turn|48\n|\n|t:|1782446298\n|move|p1a: Slowking|Sludge Bomb|p2a: Alomomola\n|-damage|p2a: Alomomola|60/100 brn\n|move|p2a: Alomomola|Mirror Coat|p1a: Slowking\n|-damage|p1a: Slowking|34/100 brn\n|\n|-damage|p2a: Alomomola|53/100 brn|[from] brn\n|-damage|p1a: Slowking|28/100 brn|[from] brn\n|upkeep\n|turn|49\n|\n|t:|1782446305\n|move|p2a: Alomomola|Flip Turn|p1a: Slowking\n|-damage|p1a: Slowking|20/100 brn\n|\n|t:|1782446308\n|switch|p2a: Weezing|Weezing-Galar, M|61/100|[from] Flip Turn\n|-ability|p2a: Weezing|Neutralizing Gas\n|-damage|p2a: Weezing|45/100|[from] Spikes\n|-prepare|p1a: Slowking|Chilly Reception|[premajor]\n|move|p1a: Slowking|Chilly Reception|p1a: Slowking\n|-weather|Snowscape\n|\n|t:|1782446313\n|switch|p1a: Ogerpon|Ogerpon-Wellspring, F|20/100 par|[from] Chilly Reception\n|-damage|p1a: Ogerpon|8/100 par|[from] Stealth Rock\n|-damage|p1a: Ogerpon|0 fnt|[from] Spikes\n|faint|p1a: Ogerpon\n|\n|-weather|Snowscape|[upkeep]\n|-heal|p2a: Weezing|51/100|[from] item: Leftovers\n|upkeep\n|\n|t:|1782446316\n|switch|p1a: Dragapult|Dragapult, M, tera:Fairy|90/100\n|turn|50\n|\n|t:|1782446323\n|switch|p1a: Slowking|Slowking-Galar, M|20/100 brn\n|move|p2a: Weezing|Sludge Bomb|p1a: Slowking\n|-resisted|p1a: Slowking\n|-damage|p1a: Slowking|12/100 brn\n|\n|-weather|Snowscape|[upkeep]\n|-heal|p2a: Weezing|57/100|[from] item: Leftovers\n|-damage|p1a: Slowking|6/100 brn|[from] brn\n|upkeep\n|turn|51\n|\n|t:|1782446333\n|switch|p1a: Ting-Lu|Ting-Lu|57/100 frz\n|move|p2a: Weezing|Sludge Bomb|p1a: Ting-Lu\n|-resisted|p1a: Ting-Lu\n|-damage|p1a: Ting-Lu|49/100 frz\n|\n|-weather|Snowscape|[upkeep]\n|-heal|p2a: Weezing|63/100|[from] item: Leftovers\n|upkeep\n|turn|52\n|\n|t:|1782446342\n|move|p2a: Weezing|Sludge Bomb|p1a: Ting-Lu\n|-resisted|p1a: Ting-Lu\n|-damage|p1a: Ting-Lu|41/100 frz\n|cant|p1a: Ting-Lu|frz\n|\n|-weather|Snowscape|[upkeep]\n|-heal|p2a: Weezing|69/100|[from] item: Leftovers\n|upkeep\n|turn|53\n|\n|t:|1782446348\n|-end|p2a: Weezing|ability: Neutralizing Gas\n|-ability|p1a: Ting-Lu|Vessel of Ruin\n|switch|p2a: Darkrai|Darkrai|84/100\n|-damage|p2a: Darkrai|68/100|[from] Spikes\n|cant|p1a: Ting-Lu|frz\n|\n|-weather|none\n|upkeep\n|turn|54\n|\n|t:|1782446355\n|move|p2a: Darkrai|Ice Beam|p1a: Ting-Lu\n|-supereffective|p1a: Ting-Lu\n|-damage|p1a: Ting-Lu|2/100 frz\n|cant|p1a: Ting-Lu|frz\n|\n|upkeep\n|turn|55\n|\n|t:|1782446360\n|move|p2a: Darkrai|Ice Beam|p1a: Ting-Lu\n|-supereffective|p1a: Ting-Lu\n|-damage|p1a: Ting-Lu|0 fnt\n|faint|p1a: Ting-Lu\n|\n|upkeep\n|\n|t:|1782446361\n|switch|p1a: Dragapult|Dragapult, M, tera:Fairy|90/100\n|turn|56\n|\n|t:|1782446367\n|move|p1a: Dragapult|Will-O-Wisp|p2a: Darkrai|[miss]\n|-miss|p1a: Dragapult|p2a: Darkrai\n|move|p2a: Darkrai|Ice Beam|p1a: Dragapult\n|-damage|p1a: Dragapult|13/100\n|\n|upkeep\n|turn|57\n|\n|t:|1782446373\n|move|p1a: Dragapult|Dragon Darts|p2a: Darkrai\n|-damage|p2a: Darkrai|40/100\n|-anim|p1a: Dragapult|Dragon Darts|p2a: Darkrai\n|-damage|p2a: Darkrai|14/100\n|move|p2a: Darkrai|Ice Beam|p1a: Dragapult\n|-damage|p1a: Dragapult|0 fnt\n|faint|p1a: Dragapult\n|\n|upkeep\n|\n|t:|1782446378\n|switch|p1a: Slowking|Slowking-Galar, M|6/100 brn\n|turn|58\n|\n|t:|1782446381\n|move|p2a: Darkrai|Ice Beam|p1a: Slowking\n|-damage|p1a: Slowking|0 fnt\n|faint|p1a: Slowking\n|\n|win|clayclover\n|c|☆clayclover|Gg\n", "uploadtime": 1782446386, "views": 7, "formatid": "gen9ou", "rating": null, "private": 0, "password": null}