{"id": "gen9ou-2647796085", "format": "[Gen 9] OU", "players": ["Emilpup", "Jaum04"], "log": "|j|☆Emilpup\n|j|☆Jaum04\n|t:|1783814129\n|gametype|singles\n|player|p1|Emilpup|leon-tower|1374\n|player|p2|Jaum04|marshal|1318\n|gen|9\n|tier|[Gen 9] OU\n|rated|\n|rule|HP Percentage Mod: HP is shown in percentages\n|rule|Endless Battle Clause: Forcing endless battles is banned\n|rule|Species Clause: Limit one of each Pokémon\n|rule|OHKO Clause: OHKO moves are banned\n|rule|Evasion Items Clause: Evasion items are banned\n|rule|Evasion Moves Clause: Evasion moves are banned\n|rule|Evasion Abilities Clause: Evasion abilities are banned\n|rule|Sleep Moves Clause: Sleep-inducing moves are banned\n|clearpoke\n|poke|p1|Meowscarada, F|\n|poke|p1|Tyranitar, M|\n|poke|p1|Dragapult, M|\n|poke|p1|Rotom-Wash|\n|poke|p1|Incineroar, M|\n|poke|p1|Corviknight, M|\n|poke|p2|Landorus-Therian, M|\n|poke|p2|Darkrai|\n|poke|p2|Hatterene, F|\n|poke|p2|Garchomp, F|\n|poke|p2|Gholdengo|\n|poke|p2|Ogerpon-Wellspring, F|\n|teampreview\n|inactive|Battle timer is ON: inactive players will automatically lose when time's up. (requested by Emilpup)\n|\n|t:|1783814142\n|teamsize|p1|6\n|teamsize|p2|6\n|start\n|switch|p1a: Rotom|Rotom-Wash|100/100\n|switch|p2a: Landorus|Landorus-Therian, M|100/100\n|-ability|p2a: Landorus|Intimidate|boost\n|-unboost|p1a: Rotom|atk|1\n|turn|1\n|\n|t:|1783814151\n|move|p2a: Landorus|U-turn|p1a: Rotom\n|-damage|p1a: Rotom|65/100\n|\n|t:|1783814157\n|switch|p2a: Ogerpon|Ogerpon-Wellspring, F|100/100|[from] U-turn\n|move|p1a: Rotom|Will-O-Wisp|p2a: Ogerpon\n|-status|p2a: Ogerpon|brn\n|\n|-damage|p2a: Ogerpon|95/100 brn|[from] brn\n|upkeep\n|turn|2\n|\n|t:|1783814171\n|switch|p1a: Corviknight|Corviknight, M|100/100\n|-ability|p1a: Corviknight|Pressure\n|move|p2a: Ogerpon|Encore||[still]\n|-fail|p2a: Ogerpon\n|\n|-damage|p2a: Ogerpon|89/100 brn|[from] brn\n|upkeep\n|turn|3\n|\n|t:|1783814184\n|move|p2a: Ogerpon|Knock Off|p1a: Corviknight\n|-damage|p1a: Corviknight|85/100\n|-enditem|p1a: Corviknight|Leftovers|[from] move: Knock Off|[of] p2a: Ogerpon\n|move|p1a: Corviknight|Brave Bird|p2a: Ogerpon\n|-supereffective|p2a: Ogerpon\n|-damage|p2a: Ogerpon|0 fnt\n|faint|p2a: Ogerpon\n|-damage|p1a: Corviknight|63/100|[from] Recoil\n|\n|upkeep\n|\n|t:|1783814194\n|switch|p2a: Hatterene|Hatterene, F|100/100\n|turn|4\n|\n|t:|1783814200\n|move|p1a: Corviknight|Roost|p1a: Corviknight\n|-heal|p1a: Corviknight|100/100\n|-singleturn|p1a: Corviknight|move: Roost\n|move|p2a: Hatterene|Mystical Fire|p1a: Corviknight\n|-supereffective|p1a: Corviknight\n|-damage|p1a: Corviknight|64/100\n|-unboost|p1a: Corviknight|spa|1\n|\n|upkeep\n|turn|5\n|\n|t:|1783814219\n|switch|p2a: Garchomp|Garchomp, F|100/100\n|move|p1a: Corviknight|Roost|p1a: Corviknight\n|-heal|p1a: Corviknight|100/100\n|-singleturn|p1a: Corviknight|move: Roost\n|\n|upkeep\n|turn|6\n|\n|t:|1783814228\n|move|p2a: Garchomp|Stealth Rock|p1a: Corviknight\n|-sidestart|p1: Emilpup|move: Stealth Rock\n|move|p1a: Corviknight|Bulk Up|p1a: Corviknight\n|-boost|p1a: Corviknight|atk|1\n|-boost|p1a: Corviknight|def|1\n|\n|upkeep\n|turn|7\n|\n|t:|1783814234\n|move|p1a: Corviknight|Defog|p2a: Garchomp\n|-unboost|p2a: Garchomp|evasion|1\n|-sideend|p1: Emilpup|Stealth Rock|[from] move: Defog|[of] p1a: Corviknight\n|move|p2a: Garchomp|Dragon Tail|p1a: Corviknight\n|-resisted|p1a: Corviknight\n|-damage|p1a: Corviknight|94/100\n|drag|p1a: Incineroar|Incineroar, M|100/100\n|-ability|p1a: Incineroar|Intimidate|boost\n|-unboost|p2a: Garchomp|atk|1\n|\n|upkeep\n|turn|8\n|\n|t:|1783814247\n|move|p2a: Garchomp|Stealth Rock|p1a: Incineroar\n|-sidestart|p1: Emilpup|move: Stealth Rock\n|move|p1a: Incineroar|Knock Off|p2a: Garchomp\n|-damage|p2a: Garchomp|69/100\n|-damage|p1a: Incineroar|88/100|[from] ability: Rough Skin|[of] p2a: Garchomp\n|-damage|p1a: Incineroar|72/100|[from] item: Rocky Helmet|[of] p2a: Garchomp\n|-enditem|p2a: Garchomp|Rocky Helmet|[from] move: Knock Off|[of] p1a: Incineroar\n|\n|upkeep\n|turn|9\n|\n|t:|1783814257\n|switch|p1a: Corviknight|Corviknight, M|94/100\n|-damage|p1a: Corviknight|81/100|[from] Stealth Rock\n|-ability|p1a: Corviknight|Pressure\n|move|p2a: Garchomp|Earthquake|p1a: Corviknight\n|-immune|p1a: Corviknight\n|\n|upkeep\n|turn|10\n|\n|t:|1783814270\n|move|p1a: Corviknight|Bulk Up|p1a: Corviknight\n|-boost|p1a: Corviknight|atk|1\n|-boost|p1a: Corviknight|def|1\n|move|p2a: Garchomp|Dragon Tail|p1a: Corviknight\n|-resisted|p1a: Corviknight\n|-damage|p1a: Corviknight|77/100\n|drag|p1a: Rotom|Rotom-Wash|65/100\n|-damage|p1a: Rotom|52/100|[from] Stealth Rock\n|\n|upkeep\n|turn|11\n|\n|t:|1783814286\n|switch|p2a: Hatterene|Hatterene, F|100/100\n|move|p1a: Rotom|Trick|p2a: Hatterene\n|-activate|p1a: Rotom|move: Trick|[of] p2a: Hatterene\n|-item|p2a: Hatterene|Choice Scarf|[from] move: Trick\n|-item|p1a: Rotom|Assault Vest|[from] move: Trick\n|\n|upkeep\n|turn|12\n|\n|t:|1783814299\n|move|p1a: Rotom|Volt Switch|p2a: Hatterene\n|-damage|p2a: Hatterene|72/100\n|\n|t:|1783814303\n|switch|p1a: Incineroar|Incineroar, M|72/100|[from] Volt Switch\n|-ability|p1a: Incineroar|Intimidate|boost\n|-unboost|p2a: Hatterene|atk|1\n|move|p2a: Hatterene|Draining Kiss|p1a: Incineroar\n|-damage|p1a: Incineroar|48/100\n|-heal|p2a: Hatterene|94/100|[from] drain|[of] p1a: Incineroar\n|\n|upkeep\n|turn|13\n|\n|t:|1783814313\n|switch|p2a: Garchomp|Garchomp, F|69/100\n|move|p1a: Incineroar|Flare Blitz|p2a: Garchomp\n|-resisted|p2a: Garchomp\n|-damage|p2a: Garchomp|50/100\n|-status|p2a: Garchomp|brn\n|-damage|p1a: Incineroar|36/100|[from] ability: Rough Skin|[of] p2a: Garchomp\n|-damage|p1a: Incineroar|29/100|[from] Recoil\n|\n|-damage|p2a: Garchomp|43/100 brn|[from] brn\n|upkeep\n|turn|14\n|\n|t:|1783814325\n|switch|p1a: Corviknight|Corviknight, M|77/100\n|-damage|p1a: Corviknight|64/100|[from] Stealth Rock\n|-ability|p1a: Corviknight|Pressure\n|move|p2a: Garchomp|Spikes|p1a: Corviknight\n|-sidestart|p1: Emilpup|Spikes\n|\n|-damage|p2a: Garchomp|37/100 brn|[from] brn\n|upkeep\n|turn|15\n|\n|t:|1783814338\n|switch|p2a: Darkrai|Darkrai|100/100\n|move|p1a: Corviknight|Defog|p2a: Darkrai\n|-unboost|p2a: Darkrai|evasion|1\n|-sideend|p1: Emilpup|Spikes|[from] move: Defog|[of] p1a: Corviknight\n|-sideend|p1: Emilpup|Stealth Rock|[from] move: Defog|[of] p1a: Corviknight\n|\n|upkeep\n|turn|16\n|\n|t:|1783814351\n|-terastallize|p2a: Darkrai|Dark\n|move|p2a: Darkrai|Dark Pulse|p1a: Corviknight\n|-damage|p1a: Corviknight|3/100\n|move|p1a: Corviknight|Bulk Up|p1a: Corviknight\n|-boost|p1a: Corviknight|atk|1\n|-boost|p1a: Corviknight|def|1\n|\n|upkeep\n|turn|17\n|-message|Jaum04 forfeited.\n|\n|win|Emilpup\n|raw|Emilpup's rating: 1374 &rarr; <strong>1391</strong><br />(+17 for winning)\n|raw|Jaum04's rating: 1318 &rarr; <strong>1301</strong><br />(-17 for losing)\n|l|☆Jaum04\n|player|p2|\n", "uploadtime": 1783814360, "views": 18, "formatid": "gen9ou", "rating": 1301, "private": 0, "password": null}