{"id": "gen9ou-2639287320", "format": "[Gen 9] OU", "players": ["jmoneyy1212", "Exotic_Tr0n"], "log": "|j|☆jmoneyy1212\n|j|☆Exotic_Tr0n\n|t:|1782446263\n|gametype|singles\n|player|p1|jmoneyy1212|101|1537\n|player|p2|Exotic_Tr0n|101|1489\n|gen|9\n|tier|[Gen 9] OU\n|rated|\n|rule|HP Percentage Mod: HP is shown in percentages\n|rule|Endless Battle Clause: Forcing endless battles is banned\n|rule|Species Clause: Limit one of each Pokémon\n|rule|OHKO Clause: OHKO moves are banned\n|rule|Evasion Items Clause: Evasion items are banned\n|rule|Evasion Moves Clause: Evasion moves are banned\n|rule|Evasion Abilities Clause: Evasion abilities are banned\n|rule|Sleep Moves Clause: Sleep-inducing moves are banned\n|clearpoke\n|poke|p1|Sableye, M|\n|poke|p1|Toxapex, F|\n|poke|p1|Blissey, F|\n|poke|p1|Clodsire, M|\n|poke|p1|Gliscor, F|\n|poke|p1|Gholdengo|\n|poke|p2|Cresselia, F|\n|poke|p2|Hatterene, F|\n|poke|p2|Porygon2|\n|poke|p2|Ursaluna, F|\n|poke|p2|Iron Hands|\n|poke|p2|Enamorus-Therian, F|\n|teampreview\n|inactive|Battle timer is ON: inactive players will automatically lose when time's up. (requested by jmoneyy1212)\n|\n|t:|1782446277\n|teamsize|p1|6\n|teamsize|p2|6\n|start\n|switch|p1a: Lightskin|Gliscor, F, shiny|100/100\n|switch|p2a: ERASERHEAD|Porygon2|100/100\n|-ability|p2a: ERASERHEAD|Download|boost\n|-boost|p2a: ERASERHEAD|spa|1\n|turn|1\n|\n|t:|1782446281\n|move|p1a: Lightskin|Substitute|p1a: Lightskin\n|-start|p1a: Lightskin|Substitute\n|-damage|p1a: Lightskin|75/100\n|move|p2a: ERASERHEAD|Trick Room|p2a: ERASERHEAD\n|-fieldstart|move: Trick Room|[of] p2a: ERASERHEAD\n|\n|-status|p1a: Lightskin|tox|[from] item: Toxic Orb\n|upkeep\n|turn|2\n|\n|t:|1782446286\n|move|p2a: ERASERHEAD|Ice Beam|p1a: Lightskin\n|-supereffective|p1a: Lightskin\n|-end|p1a: Lightskin|Substitute\n|move|p1a: Lightskin|Toxic|p2a: ERASERHEAD\n|-status|p2a: ERASERHEAD|tox\n|\n|-damage|p2a: ERASERHEAD|94/100 tox|[from] psn\n|-heal|p1a: Lightskin|88/100 tox|[from] ability: Poison Heal\n|upkeep\n|turn|3\n|\n|t:|1782446293\n|move|p1a: Lightskin|Protect|p1a: Lightskin\n|-singleturn|p1a: Lightskin|Protect\n|move|p2a: ERASERHEAD|Thunderbolt|p1a: Lightskin\n|-activate|p1a: Lightskin|move: Protect\n|\n|-damage|p2a: ERASERHEAD|82/100 tox|[from] psn\n|-heal|p1a: Lightskin|100/100 tox|[from] ability: Poison Heal\n|upkeep\n|turn|4\n|\n|t:|1782446299\n|switch|p1a: David Blunts|Blissey, F, shiny|100/100\n|move|p2a: ERASERHEAD|Ice Beam|p1a: David Blunts\n|-damage|p1a: David Blunts|87/100\n|\n|-damage|p2a: ERASERHEAD|64/100 tox|[from] psn\n|upkeep\n|turn|5\n|\n|t:|1782446303\n|switch|p2a: THE ELEPHANT MAN|Iron Hands|100/100\n|move|p1a: David Blunts|Stealth Rock|p2a: THE ELEPHANT MAN\n|-sidestart|p2: Exotic_Tr0n|move: Stealth Rock\n|\n|-fieldend|move: Trick Room\n|upkeep\n|turn|6\n|\n|t:|1782446311\n|switch|p1a: Sableye|Sableye, M, shiny|100/100\n|move|p2a: THE ELEPHANT MAN|Earthquake|p1a: Sableye\n|-damage|p1a: Sableye|46/100\n|-damage|p2a: THE ELEPHANT MAN|91/100|[from] item: Life Orb\n|\n|upkeep\n|turn|7\n|\n|t:|1782446320\n|-end|p2a: THE ELEPHANT MAN|Quark Drive|[silent]\n|switch|p2a: WILD AT HEART|Ursaluna, F|100/100\n|-damage|p2a: WILD AT HEART|94/100|[from] Stealth Rock\n|move|p1a: Sableye|Recover|p1a: Sableye\n|-heal|p1a: Sableye|96/100\n|\n|-status|p2a: WILD AT HEART|brn|[from] item: Flame Orb\n|upkeep\n|turn|8\n|\n|t:|1782446334\n|switch|p1a: Lightskin|Gliscor, F, shiny|100/100 tox\n|move|p2a: WILD AT HEART|Headlong Rush|p1a: Lightskin\n|-immune|p1a: Lightskin\n|\n|-damage|p2a: WILD AT HEART|88/100 brn|[from] brn\n|upkeep\n|turn|9\n|\n|t:|1782446338\n|switch|p2a: LOST HIGHWAY|Cresselia, F|100/100\n|-damage|p2a: LOST HIGHWAY|88/100|[from] Stealth Rock\n|move|p1a: Lightskin|Protect||[still]\n|-fail|p1a: Lightskin\n|\n|upkeep\n|turn|10\n|\n|t:|1782446343\n|move|p1a: Lightskin|Substitute|p1a: Lightskin\n|-start|p1a: Lightskin|Substitute\n|-damage|p1a: Lightskin|75/100 tox\n|move|p2a: LOST HIGHWAY|Trick Room|p2a: LOST HIGHWAY\n|-fieldstart|move: Trick Room|[of] p2a: LOST HIGHWAY\n|\n|-heal|p1a: Lightskin|88/100 tox|[from] ability: Poison Heal\n|upkeep\n|turn|11\n|\n|t:|1782446348\n|move|p2a: LOST HIGHWAY|Ice Beam|p1a: Lightskin\n|-supereffective|p1a: Lightskin\n|-crit|p1a: Lightskin\n|-end|p1a: Lightskin|Substitute\n|move|p1a: Lightskin|Toxic|p2a: LOST HIGHWAY\n|-status|p2a: LOST HIGHWAY|tox\n|\n|-damage|p2a: LOST HIGHWAY|82/100 tox|[from] psn\n|-heal|p1a: Lightskin|100/100 tox|[from] ability: Poison Heal\n|upkeep\n|turn|12\n|\n|t:|1782446353\n|switch|p2a: WILD AT HEART|Ursaluna, F|88/100 brn\n|-damage|p2a: WILD AT HEART|82/100 brn|[from] Stealth Rock\n|move|p1a: Lightskin|Protect||[still]\n|-fail|p1a: Lightskin\n|\n|-damage|p2a: WILD AT HEART|76/100 brn|[from] brn\n|upkeep\n|turn|13\n|\n|t:|1782446370\n|move|p1a: Lightskin|Protect|p1a: Lightskin\n|-singleturn|p1a: Lightskin|Protect\n|move|p2a: WILD AT HEART|Swords Dance|p2a: WILD AT HEART\n|-boost|p2a: WILD AT HEART|atk|2\n|\n|-damage|p2a: WILD AT HEART|70/100 brn|[from] brn\n|upkeep\n|turn|14\n|\n|t:|1782446380\n|switch|p1a: Sableye|Sableye, M, shiny|96/100\n|move|p2a: WILD AT HEART|Facade|p1a: Sableye\n|-immune|p1a: Sableye\n|\n|-damage|p2a: WILD AT HEART|64/100 brn|[from] brn\n|-fieldend|move: Trick Room\n|upkeep\n|turn|15\n|\n|t:|1782446392\n|move|p1a: Sableye|Knock Off|p2a: WILD AT HEART\n|-damage|p2a: WILD AT HEART|46/100 brn\n|-enditem|p2a: WILD AT HEART|Flame Orb|[from] move: Knock Off|[of] p1a: Sableye\n|move|p2a: WILD AT HEART|Fire Punch|p1a: Sableye\n|-damage|p1a: Sableye|10/100\n|\n|-damage|p2a: WILD AT HEART|40/100 brn|[from] brn\n|upkeep\n|turn|16\n|\n|t:|1782446408\n|move|p1a: Sableye|Recover|p1a: Sableye\n|-heal|p1a: Sableye|60/100\n|move|p2a: WILD AT HEART|Fire Punch|p1a: Sableye\n|-damage|p1a: Sableye|0 fnt\n|faint|p1a: Sableye\n|\n|-damage|p2a: WILD AT HEART|34/100 brn|[from] brn\n|upkeep\n|\n|t:|1782446411\n|switch|p1a: Lightskin|Gliscor, F, shiny|100/100 tox\n|turn|17\n|\n|t:|1782446419\n|switch|p2a: BLUE VELVET|Hatterene, F|100/100\n|-damage|p2a: BLUE VELVET|88/100|[from] Stealth Rock\n|move|p1a: Lightskin|Substitute|p1a: Lightskin\n|-start|p1a: Lightskin|Substitute\n|-damage|p1a: Lightskin|75/100 tox\n|\n|-heal|p1a: Lightskin|88/100 tox|[from] ability: Poison Heal\n|upkeep\n|turn|18\n|\n|t:|1782446424\n|move|p1a: Lightskin|Knock Off|p2a: BLUE VELVET\n|-damage|p2a: BLUE VELVET|72/100\n|-enditem|p2a: BLUE VELVET|Focus Sash|[from] move: Knock Off|[of] p1a: Lightskin\n|move|p2a: BLUE VELVET|Trick Room|p2a: BLUE VELVET\n|-fieldstart|move: Trick Room|[of] p2a: BLUE VELVET\n|\n|-heal|p1a: Lightskin|100/100 tox|[from] ability: Poison Heal\n|upkeep\n|turn|19\n|\n|t:|1782446432\n|move|p2a: BLUE VELVET|Psychic Noise|p1a: Lightskin\n|-damage|p1a: Lightskin|60/100 tox\n|-start|p1a: Lightskin|move: Heal Block\n|move|p1a: Lightskin|Knock Off|p2a: BLUE VELVET\n|-damage|p2a: BLUE VELVET|60/100\n|\n|upkeep\n|turn|20\n|\n|t:|1782446441\n|move|p1a: Lightskin|Protect|p1a: Lightskin\n|-singleturn|p1a: Lightskin|Protect\n|move|p2a: BLUE VELVET|Psychic Noise|p1a: Lightskin\n|-activate|p1a: Lightskin|move: Protect\n|\n|-end|p1a: Lightskin|move: Heal Block\n|upkeep\n|turn|21\n|\n|t:|1782446450\n|move|p2a: BLUE VELVET|Psychic Noise|p1a: Lightskin\n|-damage|p1a: Lightskin|17/100 tox\n|-start|p1a: Lightskin|move: Heal Block\n|move|p1a: Lightskin|Knock Off|p2a: BLUE VELVET\n|-damage|p2a: BLUE VELVET|48/100\n|\n|upkeep\n|turn|22\n|\n|t:|1782446479\n|switch|p1a: FKN Nerd|Gholdengo, shiny|100/100\n|move|p2a: BLUE VELVET|Mystical Fire|p1a: FKN Nerd\n|-supereffective|p1a: FKN Nerd\n|-damage|p1a: FKN Nerd|61/100\n|-unboost|p1a: FKN Nerd|spa|1\n|\n|-fieldend|move: Trick Room\n|upkeep\n|turn|23\n|\n|t:|1782446502\n|-terastallize|p2a: BLUE VELVET|Water\n|move|p1a: FKN Nerd|Shadow Ball|p2a: BLUE VELVET\n|-damage|p2a: BLUE VELVET|23/100\n|-unboost|p2a: BLUE VELVET|spd|1\n|move|p2a: BLUE VELVET|Trick Room|p2a: BLUE VELVET\n|-fieldstart|move: Trick Room|[of] p2a: BLUE VELVET\n|\n|upkeep\n|turn|24\n|\n|t:|1782446512\n|move|p2a: BLUE VELVET|Healing Wish|p2a: BLUE VELVET\n|faint|p2a: BLUE VELVET\n|move|p1a: FKN Nerd|Recover|p1a: FKN Nerd\n|-heal|p1a: FKN Nerd|100/100\n|\n|upkeep\n|\n|t:|1782446514\n|switch|p2a: WILD AT HEART|Ursaluna, F|34/100 brn\n|-heal|p2a: WILD AT HEART|100/100|[from] move: Healing Wish\n|-damage|p2a: WILD AT HEART|94/100|[from] Stealth Rock\n|turn|25\n|\n|t:|1782446522\n|switch|p1a: Purple Reign|Toxapex, F, shiny|100/100\n|move|p2a: WILD AT HEART|Swords Dance|p2a: WILD AT HEART\n|-boost|p2a: WILD AT HEART|atk|2\n|\n|upkeep\n|turn|26\n|\n|t:|1782446528\n|switch|p1a: Lightskin|Gliscor, F, shiny|17/100 tox\n|move|p2a: WILD AT HEART|Headlong Rush|p1a: Lightskin\n|-immune|p1a: Lightskin\n|\n|-heal|p1a: Lightskin|29/100 tox|[from] ability: Poison Heal\n|upkeep\n|turn|27\n|\n|t:|1782446533\n|move|p1a: Lightskin|Protect|p1a: Lightskin\n|-singleturn|p1a: Lightskin|Protect\n|move|p2a: WILD AT HEART|Facade|p1a: Lightskin\n|-activate|p1a: Lightskin|move: Protect\n|\n|-heal|p1a: Lightskin|42/100 tox|[from] ability: Poison Heal\n|-fieldend|move: Trick Room\n|upkeep\n|turn|28\n|\n|t:|1782446541\n|move|p1a: Lightskin|Toxic|p2a: WILD AT HEART\n|-status|p2a: WILD AT HEART|tox\n|move|p2a: WILD AT HEART|Facade|p1a: Lightskin\n|-damage|p1a: Lightskin|0 fnt\n|faint|p1a: Lightskin\n|\n|-damage|p2a: WILD AT HEART|88/100 tox|[from] psn\n|upkeep\n|c|☆Exotic_Tr0n|wait\n|c|☆Exotic_Tr0n|tysm\n|c|☆Exotic_Tr0n|for that\n|inactive|jmoneyy1212 has 120 seconds left.\n|c|☆Exotic_Tr0n|bless up\n|\n|t:|1782446581\n|switch|p1a: Purple Reign|Toxapex, F, shiny|100/100\n|turn|29\n|\n|t:|1782446589\n|move|p1a: Purple Reign|Baneful Bunker|p1a: Purple Reign\n|-singleturn|p1a: Purple Reign|move: Protect\n|move|p2a: WILD AT HEART|Headlong Rush|p1a: Purple Reign\n|-activate|p1a: Purple Reign|move: Protect\n|\n|-damage|p2a: WILD AT HEART|76/100 tox|[from] psn\n|upkeep\n|turn|30\n|inactive|jmoneyy1212 has 120 seconds left.\n|inactive|jmoneyy1212 has 90 seconds left.\n|\n|t:|1782446630\n|move|p1a: Purple Reign|Baneful Bunker||[still]\n|-fail|p1a: Purple Reign\n|move|p2a: WILD AT HEART|Headlong Rush|p1a: Purple Reign\n|-supereffective|p1a: Purple Reign\n|-damage|p1a: Purple Reign|0 fnt\n|-unboost|p2a: WILD AT HEART|def|1\n|-unboost|p2a: WILD AT HEART|spd|1\n|faint|p1a: Purple Reign\n|\n|-damage|p2a: WILD AT HEART|58/100 tox|[from] psn\n|upkeep\n|inactive|jmoneyy1212 has 90 seconds left.\n|\n|t:|1782446636\n|switch|p1a: FKN Nerd|Gholdengo, shiny|100/100\n|turn|31\n|\n|t:|1782446643\n|switch|p2a: ERASERHEAD|Porygon2|64/100 tox\n|-damage|p2a: ERASERHEAD|51/100 tox|[from] Stealth Rock\n|-ability|p2a: ERASERHEAD|Download|boost\n|-boost|p2a: ERASERHEAD|spa|1\n|move|p1a: FKN Nerd|Focus Blast|p2a: ERASERHEAD\n|-supereffective|p2a: ERASERHEAD\n|-damage|p2a: ERASERHEAD|6/100 tox\n|\n|-damage|p2a: ERASERHEAD|0 fnt|[from] psn\n|faint|p2a: ERASERHEAD\n|upkeep\n|\n|t:|1782446652\n|switch|p2a: LOST HIGHWAY|Cresselia, F|82/100 tox\n|-damage|p2a: LOST HIGHWAY|70/100 tox|[from] Stealth Rock\n|turn|32\n|\n|t:|1782446656\n|move|p1a: FKN Nerd|Nasty Plot|p1a: FKN Nerd\n|-boost|p1a: FKN Nerd|spa|2\n|move|p2a: LOST HIGHWAY|Trick Room|p2a: LOST HIGHWAY\n|-fieldstart|move: Trick Room|[of] p2a: LOST HIGHWAY\n|\n|-damage|p2a: LOST HIGHWAY|64/100 tox|[from] psn\n|upkeep\n|turn|33\n|inactive|jmoneyy1212 has 120 seconds left.\n|\n|t:|1782446678\n|move|p2a: LOST HIGHWAY|Lunar Dance|p2a: LOST HIGHWAY\n|faint|p2a: LOST HIGHWAY\n|move|p1a: FKN Nerd|Nasty Plot|p1a: FKN Nerd\n|-boost|p1a: FKN Nerd|spa|2\n|\n|upkeep\n|\n|t:|1782446687\n|switch|p2a: WILD AT HEART|Ursaluna, F|58/100 tox\n|-heal|p2a: WILD AT HEART|100/100|[from] move: Lunar Dance\n|-damage|p2a: WILD AT HEART|94/100|[from] Stealth Rock\n|turn|34\n|\n|t:|1782446698\n|-terastallize|p1a: FKN Nerd|Fairy\n|move|p2a: WILD AT HEART|Fire Punch|p1a: FKN Nerd\n|-damage|p1a: FKN Nerd|78/100\n|move|p1a: FKN Nerd|Focus Blast|p2a: WILD AT HEART|[miss]\n|-miss|p1a: FKN Nerd|p2a: WILD AT HEART\n|\n|upkeep\n|turn|35\n|\n|t:|1782446706\n|move|p2a: WILD AT HEART|Facade|p1a: FKN Nerd\n|-damage|p1a: FKN Nerd|47/100\n|move|p1a: FKN Nerd|Focus Blast|p2a: WILD AT HEART\n|-supereffective|p2a: WILD AT HEART\n|-damage|p2a: WILD AT HEART|0 fnt\n|faint|p2a: WILD AT HEART\n|\n|upkeep\n|\n|t:|1782446709\n|switch|p2a: INLAND EMPIRE|Enamorus-Therian, F|100/100\n|-damage|p2a: INLAND EMPIRE|76/100|[from] Stealth Rock\n|turn|36\n|\n|t:|1782446717\n|move|p2a: INLAND EMPIRE|Moonblast|p1a: FKN Nerd\n|-damage|p1a: FKN Nerd|0 fnt\n|faint|p1a: FKN Nerd\n|-damage|p2a: INLAND EMPIRE|66/100|[from] item: Life Orb\n|\n|-fieldend|move: Trick Room\n|upkeep\n|\n|t:|1782446725\n|switch|p1a: David Blunts|Blissey, F, shiny|87/100\n|turn|37\n|\n|t:|1782446730\n|switch|p2a: THE ELEPHANT MAN|Iron Hands|91/100\n|-damage|p2a: THE ELEPHANT MAN|84/100|[from] Stealth Rock\n|move|p1a: David Blunts|Calm Mind|p1a: David Blunts\n|-boost|p1a: David Blunts|spa|1\n|-boost|p1a: David Blunts|spd|1\n|\n|upkeep\n|turn|38\n|\n|t:|1782446734\n|switch|p1a: WOMBO|Clodsire, M, shiny|100/100\n|move|p2a: THE ELEPHANT MAN|Close Combat|p1a: WOMBO\n|-resisted|p1a: WOMBO\n|-damage|p1a: WOMBO|46/100\n|-unboost|p2a: THE ELEPHANT MAN|def|1\n|-unboost|p2a: THE ELEPHANT MAN|spd|1\n|-damage|p2a: THE ELEPHANT MAN|74/100|[from] item: Life Orb\n|\n|upkeep\n|turn|39\n|\n|t:|1782446747\n|move|p2a: THE ELEPHANT MAN|Earthquake|p1a: WOMBO\n|-supereffective|p1a: WOMBO\n|-damage|p1a: WOMBO|0 fnt\n|faint|p1a: WOMBO\n|-damage|p2a: THE ELEPHANT MAN|64/100|[from] item: Life Orb\n|\n|upkeep\n|\n|t:|1782446749\n|switch|p1a: David Blunts|Blissey, F, shiny|87/100\n|turn|40\n|\n|t:|1782446756\n|move|p1a: David Blunts|Soft-Boiled|p1a: David Blunts\n|-heal|p1a: David Blunts|100/100\n|move|p2a: THE ELEPHANT MAN|Close Combat|p1a: David Blunts\n|-supereffective|p1a: David Blunts\n|-damage|p1a: David Blunts|0 fnt\n|-unboost|p2a: THE ELEPHANT MAN|def|1\n|-unboost|p2a: THE ELEPHANT MAN|spd|1\n|faint|p1a: David Blunts\n|-damage|p2a: THE ELEPHANT MAN|55/100|[from] item: Life Orb\n|\n|win|Exotic_Tr0n\n|raw|jmoneyy1212's rating: 1537 &rarr; <strong>1514</strong><br />(-23 for losing)\n|raw|Exotic_Tr0n's rating: 1489 &rarr; <strong>1512</strong><br />(+23 for winning)\n|c|☆jmoneyy1212|ugh\n|c|☆Exotic_Tr0n|ggwp\n|c|☆jmoneyy1212|gg\n|l|☆jmoneyy1212\n|player|p1|\n|l|☆Exotic_Tr0n\n|player|p2|\n", "uploadtime": 1782447088, "views": 2, "formatid": "gen9ou", "rating": 1512, "private": 0, "password": null}