{"id": "gen9ou-2540731436", "format": "[Gen 9] OU", "players": ["pengzhengzhe", "suaiaj"], "log": "|j|☆pengzhengzhe\n|j|☆suaiaj\n|t:|1771247114\n|gametype|singles\n|player|p1|pengzhengzhe|169|1541\n|player|p2|suaiaj|wallace|1494\n|gen|9\n|tier|[Gen 9] OU\n|rated|\n|rule|HP Percentage Mod: HP is shown in percentages\n|rule|Endless Battle Clause: Forcing endless battles is banned\n|rule|Species Clause: Limit one of each Pokémon\n|rule|OHKO Clause: OHKO moves are banned\n|rule|Evasion Items Clause: Evasion items are banned\n|rule|Evasion Moves Clause: Evasion moves are banned\n|rule|Evasion Abilities Clause: Evasion abilities are banned\n|rule|Sleep Moves Clause: Sleep-inducing moves are banned\n|clearpoke\n|poke|p1|Ting-Lu|\n|poke|p1|Darkrai|\n|poke|p1|Goodra-Hisui, F|\n|poke|p1|Corviknight, F|\n|poke|p1|Zamazenta-*|\n|poke|p1|Skeledirge, M|\n|poke|p2|Slowbro, F|\n|poke|p2|Fezandipiti, M|\n|poke|p2|Kingambit, M|\n|poke|p2|Serperior, M|\n|poke|p2|Cinderace, F|\n|poke|p2|Landorus-Therian, M|\n|teampreview\n|\n|t:|1771247135\n|teamsize|p1|6\n|teamsize|p2|6\n|start\n|switch|p1a: 岩钉吹飞|Ting-Lu|100/100\n|switch|p2a: Cinderace|Cinderace, F|100/100\n|-ability|p1a: 岩钉吹飞|Vessel of Ruin\n|turn|1\n|\n|t:|1771247153\n|move|p2a: Cinderace|U-turn|p1a: 岩钉吹飞\n|-start|p2a: Cinderace|typechange|Bug|[from] ability: Libero\n|-supereffective|p1a: 岩钉吹飞\n|-damage|p1a: 岩钉吹飞|64/100\n|\n|t:|1771247158\n|switch|p2a: Landorus|Landorus-Therian, M|100/100|[from] U-turn\n|-ability|p2a: Landorus|Intimidate|boost\n|-unboost|p1a: 岩钉吹飞|atk|1\n|move|p1a: 岩钉吹飞|Earthquake|p2a: Landorus\n|-immune|p2a: Landorus\n|\n|upkeep\n|turn|2\n|\n|t:|1771247164\n|move|p2a: Landorus|U-turn|p1a: 岩钉吹飞\n|-supereffective|p1a: 岩钉吹飞\n|-damage|p1a: 岩钉吹飞|33/100\n|\n|t:|1771247168\n|switch|p2a: 吧主林|Slowbro, F|100/100|[from] U-turn\n|move|p1a: 岩钉吹飞|Ruination|p2a: 吧主林\n|-damage|p2a: 吧主林|50/100\n|\n|upkeep\n|turn|3\n|\n|t:|1771247173\n|move|p1a: 岩钉吹飞|Throat Chop|p2a: 吧主林\n|-supereffective|p2a: 吧主林\n|-enditem|p2a: 吧主林|Colbur Berry|[eat]\n|-enditem|p2a: 吧主林|Colbur Berry|[weaken]\n|-damage|p2a: 吧主林|35/100\n|-start|p2a: 吧主林|Throat Chop|[silent]\n|move|p2a: 吧主林|Body Press|p1a: 岩钉吹飞\n|-supereffective|p1a: 岩钉吹飞\n|-damage|p1a: 岩钉吹飞|5/100\n|\n|upkeep\n|turn|4\n|\n|t:|1771247184\n|move|p1a: 岩钉吹飞|Ruination|p2a: 吧主林\n|-damage|p2a: 吧主林|18/100\n|move|p2a: 吧主林|Scald|p1a: 岩钉吹飞\n|-supereffective|p1a: 岩钉吹飞\n|-damage|p1a: 岩钉吹飞|0 fnt\n|faint|p1a: 岩钉吹飞\n|\n|-end|p2a: 吧主林|Throat Chop|[silent]\n|upkeep\n|\n|t:|1771247190\n|switch|p1a: 害怕幸福蛋|Darkrai|100/100\n|turn|5\n|\n|t:|1771247194\n|switch|p2a: Fezandipiti|Fezandipiti, M|100/100\n|move|p1a: 害怕幸福蛋|Swords Dance|p1a: 害怕幸福蛋\n|-boost|p1a: 害怕幸福蛋|atk|2\n|\n|upkeep\n|turn|6\n|\n|t:|1771247205\n|move|p1a: 害怕幸福蛋|Swords Dance|p1a: 害怕幸福蛋\n|-boost|p1a: 害怕幸福蛋|atk|2\n|move|p2a: Fezandipiti|Play Rough|p1a: 害怕幸福蛋|[miss]\n|-miss|p2a: Fezandipiti|p1a: 害怕幸福蛋\n|\n|upkeep\n|turn|7\n|\n|t:|1771247210\n|move|p1a: 害怕幸福蛋|Swords Dance|p1a: 害怕幸福蛋\n|-boost|p1a: 害怕幸福蛋|atk|2\n|move|p2a: Fezandipiti|Play Rough|p1a: 害怕幸福蛋\n|-supereffective|p1a: 害怕幸福蛋\n|-damage|p1a: 害怕幸福蛋|30/100\n|-unboost|p1a: 害怕幸福蛋|atk|1\n|\n|upkeep\n|turn|8\n|\n|t:|1771247216\n|move|p1a: 害怕幸福蛋|Knock Off|p2a: Fezandipiti\n|-resisted|p2a: Fezandipiti\n|-damage|p2a: Fezandipiti|30/100\n|-enditem|p2a: Fezandipiti|Leftovers|[from] move: Knock Off|[of] p1a: 害怕幸福蛋\n|move|p2a: Fezandipiti|Play Rough|p1a: 害怕幸福蛋\n|-supereffective|p1a: 害怕幸福蛋\n|-damage|p1a: 害怕幸福蛋|0 fnt\n|faint|p1a: 害怕幸福蛋\n|\n|upkeep\n|\n|t:|1771247226\n|switch|p1a: 背心龙尾|Goodra-Hisui, F|100/100\n|turn|9\n|\n|t:|1771247231\n|switch|p2a: 吧主林|Slowbro, F|51/100\n|move|p1a: 背心龙尾|Flash Cannon|p2a: 吧主林\n|-resisted|p2a: 吧主林\n|-damage|p2a: 吧主林|19/100\n|\n|upkeep\n|turn|10\n|\n|t:|1771247240\n|switch|p2a: Cinderace|Cinderace, F|100/100\n|move|p1a: 背心龙尾|Flash Cannon|p2a: Cinderace\n|-resisted|p2a: Cinderace\n|-damage|p2a: Cinderace|58/100\n|\n|upkeep\n|turn|11\n|\n|t:|1771247246\n|switch|p1a: 害怕岩钉|Skeledirge, M|100/100\n|move|p2a: Cinderace|Pyro Ball|p1a: 害怕岩钉|[miss]\n|-miss|p2a: Cinderace|p1a: 害怕岩钉\n|\n|upkeep\n|turn|12\n|\n|t:|1771247252\n|move|p2a: Cinderace|U-turn|p1a: 害怕岩钉\n|-start|p2a: Cinderace|typechange|Bug|[from] ability: Libero\n|-resisted|p1a: 害怕岩钉\n|-damage|p1a: 害怕岩钉|95/100\n|\n|t:|1771247259\n|switch|p2a: Fezandipiti|Fezandipiti, M|30/100|[from] U-turn\n|move|p1a: 害怕岩钉|Will-O-Wisp|p2a: Fezandipiti\n|-status|p2a: Fezandipiti|brn\n|\n|-damage|p2a: Fezandipiti|24/100 brn|[from] brn\n|upkeep\n|turn|13\n|\n|t:|1771247263\n|move|p2a: Fezandipiti|Roost|p2a: Fezandipiti\n|-heal|p2a: Fezandipiti|74/100 brn\n|-singleturn|p2a: Fezandipiti|move: Roost\n|move|p1a: 害怕岩钉|Hex|p2a: Fezandipiti\n|-damage|p2a: Fezandipiti|47/100 brn\n|\n|-damage|p2a: Fezandipiti|41/100 brn|[from] brn\n|upkeep\n|turn|14\n|\n|t:|1771247266\n|move|p2a: Fezandipiti|Beat Up|p1a: 害怕岩钉\n|-supereffective|p1a: 害怕岩钉\n|-damage|p1a: 害怕岩钉|93/100\n|-status|p1a: 害怕岩钉|tox|[from] ability: Toxic Chain|[of] p2a: Fezandipiti\n|-supereffective|p1a: 害怕岩钉\n|-damage|p1a: 害怕岩钉|91/100 tox\n|-supereffective|p1a: 害怕岩钉\n|-damage|p1a: 害怕岩钉|89/100 tox\n|-supereffective|p1a: 害怕岩钉\n|-damage|p1a: 害怕岩钉|87/100 tox\n|-supereffective|p1a: 害怕岩钉\n|-damage|p1a: 害怕岩钉|85/100 tox\n|-supereffective|p1a: 害怕岩钉\n|-damage|p1a: 害怕岩钉|83/100 tox\n|-hitcount|p1a: 害怕岩钉|6\n|move|p1a: 害怕岩钉|Hex|p2a: Fezandipiti\n|-damage|p2a: Fezandipiti|9/100 brn\n|\n|-damage|p1a: 害怕岩钉|77/100 tox|[from] psn\n|-damage|p2a: Fezandipiti|3/100 brn|[from] brn\n|upkeep\n|turn|15\n|\n|t:|1771247270\n|move|p2a: Fezandipiti|Roost|p2a: Fezandipiti\n|-heal|p2a: Fezandipiti|53/100 brn\n|-singleturn|p2a: Fezandipiti|move: Roost\n|move|p1a: 害怕岩钉|Hex|p2a: Fezandipiti\n|-damage|p2a: Fezandipiti|26/100 brn\n|\n|-damage|p1a: 害怕岩钉|65/100 tox|[from] psn\n|-damage|p2a: Fezandipiti|20/100 brn|[from] brn\n|upkeep\n|turn|16\n|\n|t:|1771247272\n|move|p2a: Fezandipiti|Roost|p2a: Fezandipiti\n|-heal|p2a: Fezandipiti|70/100 brn\n|-singleturn|p2a: Fezandipiti|move: Roost\n|move|p1a: 害怕岩钉|Hex|p2a: Fezandipiti\n|-damage|p2a: Fezandipiti|42/100 brn\n|\n|-damage|p1a: 害怕岩钉|47/100 tox|[from] psn\n|-damage|p2a: Fezandipiti|36/100 brn|[from] brn\n|upkeep\n|turn|17\n|\n|t:|1771247275\n|move|p2a: Fezandipiti|Roost|p2a: Fezandipiti\n|-heal|p2a: Fezandipiti|86/100 brn\n|-singleturn|p2a: Fezandipiti|move: Roost\n|move|p1a: 害怕岩钉|Hex|p2a: Fezandipiti\n|-damage|p2a: Fezandipiti|59/100 brn\n|\n|-damage|p1a: 害怕岩钉|22/100 tox|[from] psn\n|-damage|p2a: Fezandipiti|53/100 brn|[from] brn\n|upkeep\n|turn|18\n|\n|t:|1771247279\n|move|p2a: Fezandipiti|U-turn|p1a: 害怕岩钉\n|-resisted|p1a: 害怕岩钉\n|-damage|p1a: 害怕岩钉|21/100 tox\n|\n|t:|1771247281\n|switch|p2a: Cinderace|Cinderace, F|58/100|[from] U-turn\n|move|p1a: 害怕岩钉|Slack Off|p1a: 害怕岩钉\n|-heal|p1a: 害怕岩钉|71/100 tox\n|\n|-damage|p1a: 害怕岩钉|41/100 tox|[from] psn\n|upkeep\n|turn|19\n|\n|t:|1771247289\n|switch|p1a: 天空之盾|Corviknight, F|100/100\n|-ability|p1a: 天空之盾|Pressure\n|move|p2a: Cinderace|Court Change||[still]\n|-start|p2a: Cinderace|typechange|Normal|[from] ability: Libero\n|-fail|p2a: Cinderace\n|\n|upkeep\n|turn|20\n|\n|t:|1771247300\n|-terastallize|p2a: Cinderace|Fire\n|move|p2a: Cinderace|Pyro Ball|p1a: 天空之盾\n|-supereffective|p1a: 天空之盾\n|-crit|p1a: 天空之盾\n|-damage|p1a: 天空之盾|0 fnt\n|faint|p1a: 天空之盾\n|\n|upkeep\n|\n|t:|1771247304\n|switch|p1a: 铁壁扑击|Zamazenta|100/100\n|-ability|p1a: 铁壁扑击|Dauntless Shield|boost\n|-boost|p1a: 铁壁扑击|def|1\n|turn|21\n|\n|t:|1771247309\n|switch|p2a: 吧主林|Slowbro, F|52/100\n|move|p1a: 铁壁扑击|Ice Fang|p2a: 吧主林\n|-resisted|p2a: 吧主林\n|-damage|p2a: 吧主林|41/100\n|\n|upkeep\n|turn|22\n|-message|pengzhengzhe forfeited.\n|\n|win|suaiaj\n|raw|pengzhengzhe's rating: 1541 &rarr; <strong>1518</strong><br />(-23 for losing)\n|raw|suaiaj's rating: 1494 &rarr; <strong>1517</strong><br />(+23 for winning)\n|l|☆pengzhengzhe\n|player|p1|\n|l|☆suaiaj\n|player|p2|\n", "uploadtime": 1771247497, "views": 6, "formatid": "gen9ou", "rating": 1517, "private": 0, "password": null}