{"id": "gen9ou-2647734822", "format": "[Gen 9] OU", "players": ["Aggrhy", "Barabas Dantioch"], "log": "|j|☆Aggrhy\n|j|☆Barabas Dantioch\n|t:|1783803666\n|gametype|singles\n|player|p1|Aggrhy|red-masters|1325\n|player|p2|Barabas Dantioch|ghetsis|1291\n|gen|9\n|tier|[Gen 9] OU\n|rated|\n|rule|HP Percentage Mod: HP is shown in percentages\n|rule|Endless Battle Clause: Forcing endless battles is banned\n|rule|Species Clause: Limit one of each Pokémon\n|rule|OHKO Clause: OHKO moves are banned\n|rule|Evasion Items Clause: Evasion items are banned\n|rule|Evasion Moves Clause: Evasion moves are banned\n|rule|Evasion Abilities Clause: Evasion abilities are banned\n|rule|Sleep Moves Clause: Sleep-inducing moves are banned\n|clearpoke\n|poke|p1|Regieleki|\n|poke|p1|Kyurem|\n|poke|p1|Thundurus-Therian, M|\n|poke|p1|Glastrier|\n|poke|p1|Zapdos|\n|poke|p1|Avalugg-Hisui, F|\n|poke|p2|Darkrai|\n|poke|p2|Landorus-Therian, M|\n|poke|p2|Great Tusk|\n|poke|p2|Samurott-Hisui, F|\n|poke|p2|Hydrapple, M|\n|poke|p2|Gholdengo|\n|teampreview\n|inactive|Battle timer is ON: inactive players will automatically lose when time's up. (requested by Barabas Dantioch)\n|inactive|Aggrhy also wants the timer to be on.\n|\n|t:|1783803678\n|teamsize|p1|6\n|teamsize|p2|6\n|start\n|switch|p1a: Glastrier|Glastrier|100/100\n|switch|p2a: Slandorus-Therian|Landorus-Therian, M|100/100\n|-ability|p2a: Slandorus-Therian|Intimidate|boost\n|-unboost|p1a: Glastrier|atk|1\n|turn|1\n|\n|t:|1783803686\n|move|p2a: Slandorus-Therian|U-turn|p1a: Glastrier\n|-crit|p1a: Glastrier\n|-damage|p1a: Glastrier|71/100\n|\n|t:|1783803689\n|switch|p2a: Great Tusk|Great Tusk|100/100|[from] U-turn\n|move|p1a: Glastrier|Avalanche|p2a: Great Tusk\n|-supereffective|p2a: Great Tusk\n|-damage|p2a: Great Tusk|75/100\n|-damage|p1a: Glastrier|54/100|[from] item: Rocky Helmet|[of] p2a: Great Tusk\n|\n|upkeep\n|turn|2\n|\n|t:|1783803700\n|switch|p1a: Thundurus|Thundurus-Therian, M|100/100\n|move|p2a: Great Tusk|Stealth Rock|p1a: Thundurus\n|-sidestart|p1: Aggrhy|move: Stealth Rock\n|\n|upkeep\n|turn|3\n|\n|t:|1783803709\n|-end|p2a: Great Tusk|Protosynthesis|[silent]\n|switch|p2a: Samurott|Samurott-Hisui, F|100/100\n|move|p1a: Thundurus|Grass Knot|p2a: Samurott\n|-supereffective|p2a: Samurott\n|-damage|p2a: Samurott|55/100\n|\n|upkeep\n|turn|4\n|\n|t:|1783803716\n|move|p1a: Thundurus|Thunderbolt|p2a: Samurott\n|-supereffective|p2a: Samurott\n|-damage|p2a: Samurott|0 fnt\n|faint|p2a: Samurott\n|\n|upkeep\n|\n|t:|1783803736\n|switch|p2a: Hydrapple|Hydrapple, M|100/100\n|turn|5\n|\n|t:|1783803740\n|move|p1a: Thundurus|Sludge Wave|p2a: Hydrapple\n|-supereffective|p2a: Hydrapple\n|-damage|p2a: Hydrapple|25/100\n|move|p2a: Hydrapple|Fickle Beam|p1a: Thundurus|[anim] Fickle Beam All Out\n|-activate|p2a: Hydrapple|move: Fickle Beam\n|-damage|p1a: Thundurus|9/100\n|\n|upkeep\n|turn|6\n|\n|t:|1783803753\n|switch|p2a: Slandorus-Therian|Landorus-Therian, M|100/100\n|-ability|p2a: Slandorus-Therian|Intimidate|boost\n|-unboost|p1a: Thundurus|atk|1\n|move|p1a: Thundurus|Thunderbolt|p2a: Slandorus-Therian\n|-immune|p2a: Slandorus-Therian\n|\n|upkeep\n|turn|7\n|\n|t:|1783803762\n|move|p2a: Slandorus-Therian|U-turn|p1a: Thundurus\n|-resisted|p1a: Thundurus\n|-damage|p1a: Thundurus|0 fnt\n|faint|p1a: Thundurus\n|\n|t:|1783803771\n|switch|p2a: Great Tusk|Great Tusk|75/100|[from] U-turn\n|\n|upkeep\n|\n|t:|1783803777\n|switch|p1a: Zapdos|Zapdos|100/100\n|-damage|p1a: Zapdos|75/100|[from] Stealth Rock\n|turn|8\n|\n|t:|1783803783\n|move|p1a: Zapdos|Hurricane|p2a: Great Tusk\n|-supereffective|p2a: Great Tusk\n|-damage|p2a: Great Tusk|0 fnt\n|faint|p2a: Great Tusk\n|-end|p2a: Great Tusk|Protosynthesis|[silent]\n|\n|upkeep\n|\n|t:|1783803789\n|switch|p2a: Gholdengo|Gholdengo|100/100\n|turn|9\n|\n|t:|1783803794\n|move|p2a: Gholdengo|Nasty Plot|p2a: Gholdengo\n|-boost|p2a: Gholdengo|spa|2\n|move|p1a: Zapdos|Heat Wave|p2a: Gholdengo\n|-supereffective|p2a: Gholdengo\n|-damage|p2a: Gholdengo|49/100\n|\n|upkeep\n|turn|10\n|\n|t:|1783803801\n|move|p2a: Gholdengo|Recover|p2a: Gholdengo\n|-heal|p2a: Gholdengo|99/100\n|move|p1a: Zapdos|Heat Wave|p2a: Gholdengo\n|-supereffective|p2a: Gholdengo\n|-damage|p2a: Gholdengo|42/100\n|\n|upkeep\n|turn|11\n|\n|t:|1783803809\n|switch|p2a: Slandorus-Therian|Landorus-Therian, M|100/100\n|-ability|p2a: Slandorus-Therian|Intimidate|boost\n|-unboost|p1a: Zapdos|atk|1\n|move|p1a: Zapdos|Discharge|p2a: Slandorus-Therian\n|-immune|p2a: Slandorus-Therian\n|\n|upkeep\n|turn|12\n|\n|t:|1783803819\n|move|p2a: Slandorus-Therian|Stone Edge|p1a: Zapdos\n|-supereffective|p1a: Zapdos\n|-damage|p1a: Zapdos|25/100\n|move|p1a: Zapdos|Hurricane|p2a: Slandorus-Therian\n|-damage|p2a: Slandorus-Therian|42/100\n|\n|upkeep\n|turn|13\n|\n|t:|1783803828\n|move|p2a: Slandorus-Therian|Stone Edge|p1a: Zapdos|[miss]\n|-miss|p2a: Slandorus-Therian|p1a: Zapdos\n|move|p1a: Zapdos|Hurricane|p2a: Slandorus-Therian\n|-damage|p2a: Slandorus-Therian|0 fnt\n|faint|p2a: Slandorus-Therian\n|\n|upkeep\n|\n|t:|1783803831\n|switch|p2a: Darkrai|Darkrai|100/100\n|turn|14\n|\n|t:|1783803839\n|move|p2a: Darkrai|Dark Pulse|p1a: Zapdos\n|-damage|p1a: Zapdos|0 fnt\n|faint|p1a: Zapdos\n|\n|upkeep\n|\n|t:|1783803847\n|switch|p1a: Regieleki|Regieleki|100/100\n|-damage|p1a: Regieleki|88/100|[from] Stealth Rock\n|turn|15\n|\n|t:|1783803855\n|switch|p2a: Hydrapple|Hydrapple, M|59/100\n|-terastallize|p1a: Regieleki|Electric\n|move|p1a: Regieleki|Volt Switch|p2a: Hydrapple\n|-resisted|p2a: Hydrapple\n|-damage|p2a: Hydrapple|40/100\n|\n|t:|1783803865\n|switch|p1a: Kyurem|Kyurem|100/100|[from] Volt Switch\n|-damage|p1a: Kyurem|76/100|[from] Stealth Rock\n|-ability|p1a: Kyurem|Pressure\n|\n|upkeep\n|turn|16\n|\n|t:|1783803873\n|move|p1a: Kyurem|Icicle Spear|p2a: Hydrapple\n|-supereffective|p2a: Hydrapple\n|-damage|p2a: Hydrapple|11/100\n|-supereffective|p2a: Hydrapple\n|-damage|p2a: Hydrapple|0 fnt\n|faint|p2a: Hydrapple\n|-hitcount|p2: Hydrapple|2\n|\n|upkeep\n|\n|t:|1783803879\n|switch|p2a: Gholdengo|Gholdengo|42/100\n|turn|17\n|\n|t:|1783803883\n|move|p1a: Kyurem|Earth Power|p2a: Gholdengo\n|-supereffective|p2a: Gholdengo\n|-damage|p2a: Gholdengo|0 fnt\n|faint|p2a: Gholdengo\n|\n|upkeep\n|\n|t:|1783803884\n|switch|p2a: Darkrai|Darkrai|100/100\n|turn|18\n|\n|t:|1783803891\n|move|p2a: Darkrai|Dark Pulse|p1a: Kyurem\n|-damage|p1a: Kyurem|38/100\n|move|p1a: Kyurem|Icicle Spear|p2a: Darkrai\n|-damage|p2a: Darkrai|85/100\n|-damage|p2a: Darkrai|70/100\n|-damage|p2a: Darkrai|52/100\n|-damage|p2a: Darkrai|34/100\n|-hitcount|p2a: Darkrai|4\n|\n|upkeep\n|turn|19\n|\n|t:|1783803901\n|move|p2a: Darkrai|Dark Pulse|p1a: Kyurem\n|-damage|p1a: Kyurem|0 fnt\n|faint|p1a: Kyurem\n|\n|upkeep\n|\n|t:|1783803907\n|switch|p1a: Regieleki|Regieleki, tera:Electric|88/100\n|-damage|p1a: Regieleki|76/100|[from] Stealth Rock\n|turn|20\n|\n|t:|1783803912\n|move|p2a: Darkrai|Dark Pulse|p1a: Regieleki\n|-damage|p1a: Regieleki|0 fnt\n|faint|p1a: Regieleki\n|\n|upkeep\n|\n|t:|1783803918\n|switch|p1a: Glastrier|Glastrier|54/100\n|-damage|p1a: Glastrier|29/100|[from] Stealth Rock\n|turn|21\n|\n|t:|1783803922\n|move|p2a: Darkrai|Dark Pulse|p1a: Glastrier\n|-damage|p1a: Glastrier|8/100\n|cant|p1a: Glastrier|flinch\n|\n|upkeep\n|turn|22\n|\n|t:|1783803929\n|move|p2a: Darkrai|Dark Pulse|p1a: Glastrier\n|-damage|p1a: Glastrier|0 fnt\n|faint|p1a: Glastrier\n|\n|upkeep\n|\n|t:|1783803934\n|switch|p1a: Avalugg|Avalugg-Hisui, F|100/100\n|-damage|p1a: Avalugg|76/100|[from] Stealth Rock\n|turn|23\n|\n|t:|1783803941\n|-terastallize|p2a: Darkrai|Ghost\n|move|p2a: Darkrai|Dark Pulse|p1a: Avalugg\n|-damage|p1a: Avalugg|0 fnt\n|faint|p1a: Avalugg\n|\n|win|Barabas Dantioch\n|raw|Aggrhy's rating: 1325 &rarr; <strong>1303</strong><br />(-22 for losing)\n|raw|Barabas Dantioch's rating: 1291 &rarr; <strong>1318</strong><br />(+27 for winning)\n|l|☆Aggrhy\n|player|p1|\n", "uploadtime": 1783803948, "views": 11, "formatid": "gen9ou", "rating": 1303, "private": 0, "password": null}