{"id": "gen9ou-2639942758", "format": "[Gen 9] OU", "players": ["fachkus", "Dddriake"], "log": "|j|☆fachkus\n|j|☆Dddriake\n|t:|1782548927\n|gametype|singles\n|player|p1|fachkus|1|1584\n|player|p2|Dddriake|102|1722\n|gen|9\n|tier|[Gen 9] OU\n|rated|\n|rule|HP Percentage Mod: HP is shown in percentages\n|rule|Endless Battle Clause: Forcing endless battles is banned\n|rule|Species Clause: Limit one of each Pokémon\n|rule|OHKO Clause: OHKO moves are banned\n|rule|Evasion Items Clause: Evasion items are banned\n|rule|Evasion Moves Clause: Evasion moves are banned\n|rule|Evasion Abilities Clause: Evasion abilities are banned\n|rule|Sleep Moves Clause: Sleep-inducing moves are banned\n|clearpoke\n|poke|p1|Iron Moth|\n|poke|p1|Gliscor, F|\n|poke|p1|Hatterene, F|\n|poke|p1|Ogerpon-Wellspring, F|\n|poke|p1|Raging Bolt|\n|poke|p1|Zamazenta-*|\n|poke|p2|Slowking-Galar, M|\n|poke|p2|Ogerpon-Wellspring, F|\n|poke|p2|Mandibuzz, F|\n|poke|p2|Great Tusk|\n|poke|p2|Kyurem|\n|poke|p2|Cinderace, M|\n|teampreview\n|inactive|Battle timer is ON: inactive players will automatically lose when time's up. (requested by fachkus)\n|inactive|Dddriake has 120 seconds left.\n|\n|t:|1782548986\n|teamsize|p1|6\n|teamsize|p2|6\n|start\n|switch|p1a: Zamazenta|Zamazenta|100/100\n|switch|p2a: Kyurem|Kyurem|100/100\n|-ability|p1a: Zamazenta|Dauntless Shield|boost\n|-boost|p1a: Zamazenta|def|1\n|-ability|p2a: Kyurem|Pressure\n|turn|1\n|\n|t:|1782548994\n|move|p1a: Zamazenta|Light Screen|p1a: Zamazenta\n|-sidestart|p1: fachkus|move: Light Screen\n|move|p2a: Kyurem|Ice Beam|p1a: Zamazenta\n|-damage|p1a: Zamazenta|75/100\n|\n|upkeep\n|turn|2\n|\n|t:|1782549004\n|switch|p2a: Mandibuzz|Mandibuzz, F|100/100\n|move|p1a: Zamazenta|Close Combat|p2a: Mandibuzz\n|-damage|p2a: Mandibuzz|71/100\n|-unboost|p1a: Zamazenta|def|1\n|-unboost|p1a: Zamazenta|spd|1\n|\n|upkeep\n|turn|3\n|\n|t:|1782549015\n|switch|p1a: Raging Bolt|Raging Bolt|100/100\n|-enditem|p1a: Raging Bolt|Booster Energy\n|-activate|p1a: Raging Bolt|ability: Protosynthesis|[fromitem]\n|-start|p1a: Raging Bolt|protosynthesisspa\n|move|p2a: Mandibuzz|Defog|p1a: Raging Bolt\n|-unboost|p1a: Raging Bolt|evasion|1\n|-sideend|p1: fachkus|move: Light Screen\n|\n|upkeep\n|turn|4\n|\n|t:|1782549023\n|switch|p2a: Slowking|Slowking-Galar, M|100/100\n|move|p1a: Raging Bolt|Dragon Pulse|p2a: Slowking\n|-damage|p2a: Slowking|49/100\n|\n|upkeep\n|turn|5\n|\n|t:|1782549034\n|-terastallize|p2a: Slowking|Fairy\n|move|p1a: Raging Bolt|Dragon Pulse|p2a: Slowking\n|-immune|p2a: Slowking\n|-prepare|p2a: Slowking|Chilly Reception|[premajor]\n|move|p2a: Slowking|Chilly Reception|p2a: Slowking\n|-weather|Snowscape\n|\n|t:|1782549038\n|switch|p2a: Great Tusk|Great Tusk|100/100|[from] Chilly Reception\n|\n|-weather|Snowscape|[upkeep]\n|upkeep\n|turn|6\n|\n|t:|1782549046\n|-terastallize|p1a: Raging Bolt|Ghost\n|move|p2a: Great Tusk|Headlong Rush|p1a: Raging Bolt\n|-damage|p1a: Raging Bolt|40/100\n|-unboost|p2a: Great Tusk|def|1\n|-unboost|p2a: Great Tusk|spd|1\n|move|p1a: Raging Bolt|Dragon Pulse|p2a: Great Tusk\n|-damage|p2a: Great Tusk|0 fnt\n|faint|p2a: Great Tusk\n|-end|p2a: Great Tusk|Protosynthesis|[silent]\n|\n|-weather|Snowscape|[upkeep]\n|upkeep\n|j| DeDonutNoob\n|\n|t:|1782549048\n|switch|p2a: Kyurem|Kyurem|100/100\n|-ability|p2a: Kyurem|Pressure\n|turn|7\n|\n|t:|1782549057\n|move|p1a: Raging Bolt|Thunderclap|p2a: Kyurem\n|-resisted|p2a: Kyurem\n|-damage|p2a: Kyurem|74/100\n|move|p2a: Kyurem|Blizzard|p1a: Raging Bolt\n|-damage|p1a: Raging Bolt|0 fnt\n|faint|p1a: Raging Bolt\n|-end|p1a: Raging Bolt|Protosynthesis|[silent]\n|\n|-weather|Snowscape|[upkeep]\n|upkeep\n|\n|t:|1782549065\n|switch|p1a: Iron Moth|Iron Moth|100/100\n|-enditem|p1a: Iron Moth|Booster Energy\n|-activate|p1a: Iron Moth|ability: Quark Drive|[fromitem]\n|-start|p1a: Iron Moth|quarkdrivespe\n|turn|8\n|\n|t:|1782549073\n|move|p1a: Iron Moth|Sludge Wave|p2a: Kyurem\n|-damage|p2a: Kyurem|31/100\n|move|p2a: Kyurem|Blizzard|p1a: Iron Moth\n|-resisted|p1a: Iron Moth\n|-damage|p1a: Iron Moth|61/100\n|\n|-weather|Snowscape|[upkeep]\n|upkeep\n|turn|9\n|\n|t:|1782549081\n|switch|p2a: Slowking|Slowking-Galar, M, tera:Fairy|82/100\n|move|p1a: Iron Moth|Sludge Wave|p2a: Slowking\n|-supereffective|p2a: Slowking\n|-damage|p2a: Slowking|3/100\n|\n|-weather|none\n|upkeep\n|turn|10\n|\n|t:|1782549092\n|move|p1a: Iron Moth|Sludge Wave|p2a: Slowking\n|-supereffective|p2a: Slowking\n|-damage|p2a: Slowking|0 fnt\n|faint|p2a: Slowking\n|\n|upkeep\n|\n|t:|1782549093\n|switch|p2a: Cinderace|Cinderace, M|100/100\n|turn|11\n|\n|t:|1782549101\n|move|p2a: Cinderace|Sucker Punch|p1a: Iron Moth\n|-start|p2a: Cinderace|typechange|Dark|[from] ability: Libero\n|-damage|p1a: Iron Moth|9/100\n|move|p1a: Iron Moth|Sludge Wave|p2a: Cinderace\n|-damage|p2a: Cinderace|30/100\n|\n|upkeep\n|turn|12\n|\n|t:|1782549112\n|move|p2a: Cinderace|Sucker Punch||[still]\n|-fail|p2a: Cinderace\n|move|p1a: Iron Moth|Toxic Spikes|p2a: Cinderace\n|-sidestart|p2: Dddriake|move: Toxic Spikes\n|\n|upkeep\n|turn|13\n|\n|t:|1782549119\n|move|p2a: Cinderace|Sucker Punch|p1a: Iron Moth\n|-crit|p1a: Iron Moth\n|-damage|p1a: Iron Moth|0 fnt\n|faint|p1a: Iron Moth\n|-end|p1a: Iron Moth|Quark Drive|[silent]\n|\n|upkeep\n|\n|t:|1782549128\n|switch|p1a: Hatterene|Hatterene, F|100/100\n|turn|14\n|\n|t:|1782549136\n|move|p2a: Cinderace|Pyro Ball|p1a: Hatterene\n|-damage|p1a: Hatterene|68/100\n|move|p1a: Hatterene|Calm Mind|p1a: Hatterene\n|-boost|p1a: Hatterene|spa|1\n|-boost|p1a: Hatterene|spd|1\n|\n|-heal|p1a: Hatterene|74/100|[from] item: Leftovers\n|upkeep\n|turn|15\n|\n|t:|1782549144\n|move|p2a: Cinderace|Pyro Ball|p1a: Hatterene\n|-damage|p1a: Hatterene|43/100\n|move|p1a: Hatterene|Draining Kiss|p2a: Cinderace\n|-supereffective|p2a: Cinderace\n|-damage|p2a: Cinderace|0 fnt\n|-heal|p1a: Hatterene|65/100|[from] drain|[of] p2a: Cinderace\n|faint|p2a: Cinderace\n|\n|-heal|p1a: Hatterene|71/100|[from] item: Leftovers\n|upkeep\n|\n|t:|1782549150\n|switch|p2a: Ogerpon|Ogerpon-Wellspring, F|100/100\n|-status|p2a: Ogerpon|psn\n|turn|16\n|\n|t:|1782549157\n|move|p2a: Ogerpon|Ivy Cudgel|p1a: Hatterene|[anim] Ivy Cudgel Water\n|-crit|p1a: Hatterene\n|-damage|p1a: Hatterene|1/100\n|move|p1a: Hatterene|Draining Kiss|p2a: Ogerpon\n|-damage|p2a: Ogerpon|62/100 psn\n|-heal|p1a: Hatterene|29/100|[from] drain|[of] p2a: Ogerpon\n|\n|-heal|p1a: Hatterene|35/100|[from] item: Leftovers\n|-damage|p2a: Ogerpon|50/100 psn|[from] psn\n|upkeep\n|turn|17\n|\n|t:|1782549166\n|switch|p1a: Zamazenta|Zamazenta|75/100\n|move|p2a: Ogerpon|Power Whip|p1a: Zamazenta\n|-damage|p1a: Zamazenta|18/100\n|\n|-damage|p2a: Ogerpon|37/100 psn|[from] psn\n|upkeep\n|turn|18\n|\n|t:|1782549174\n|switch|p2a: Mandibuzz|Mandibuzz, F|71/100\n|move|p1a: Zamazenta|Close Combat|p2a: Mandibuzz\n|-damage|p2a: Mandibuzz|41/100\n|-unboost|p1a: Zamazenta|def|1\n|-unboost|p1a: Zamazenta|spd|1\n|\n|upkeep\n|turn|19\n|\n|t:|1782549184\n|switch|p1a: Hatterene|Hatterene, F|35/100\n|move|p2a: Mandibuzz|Roost|p2a: Mandibuzz\n|-heal|p2a: Mandibuzz|91/100\n|-singleturn|p2a: Mandibuzz|move: Roost\n|\n|-heal|p1a: Hatterene|41/100|[from] item: Leftovers\n|upkeep\n|turn|20\n|\n|t:|1782549192\n|move|p2a: Mandibuzz|Defog|p1a: Hatterene\n|move|p1a: Hatterene|Defog|p2a: Mandibuzz|[from] ability: Magic Bounce\n|-unboost|p2a: Mandibuzz|evasion|1\n|-sideend|p2: Dddriake|Toxic Spikes|[from] move: Defog|[of] p1a: Hatterene\n|move|p1a: Hatterene|Draining Kiss|p2a: Mandibuzz\n|-supereffective|p2a: Mandibuzz\n|-damage|p2a: Mandibuzz|54/100\n|-heal|p1a: Hatterene|77/100|[from] drain|[of] p2a: Mandibuzz\n|\n|-heal|p1a: Hatterene|83/100|[from] item: Leftovers\n|upkeep\n|turn|21\n|\n|t:|1782549203\n|move|p2a: Mandibuzz|U-turn|p1a: Hatterene\n|-damage|p1a: Hatterene|74/100\n|\n|t:|1782549204\n|switch|p2a: Ogerpon|Ogerpon-Wellspring, F|37/100 psn|[from] U-turn\n|move|p1a: Hatterene|Draining Kiss|p2a: Ogerpon\n|-damage|p2a: Ogerpon|10/100 psn\n|-heal|p1a: Hatterene|94/100|[from] drain|[of] p2a: Ogerpon\n|\n|-heal|p1a: Hatterene|99/100|[from] item: Leftovers\n|-damage|p2a: Ogerpon|0 fnt|[from] psn\n|faint|p2a: Ogerpon\n|upkeep\n|\n|t:|1782549205\n|switch|p2a: Kyurem|Kyurem|31/100\n|-ability|p2a: Kyurem|Pressure\n|turn|22\n|-message|Dddriake forfeited.\n|\n|win|fachkus\n|raw|fachkus's rating: 1584 &rarr; <strong>1612</strong><br />(+28 for winning)\n|raw|Dddriake's rating: 1722 &rarr; <strong>1694</strong><br />(-28 for losing)\n|l|☆Dddriake\n|player|p2|\n", "uploadtime": 1782549214, "views": 13, "formatid": "gen9ou", "rating": 1612, "private": 0, "password": null}