{"id": "gen9ou-2647705122", "format": "[Gen 9] OU", "players": ["Enderian67", "Inkubone"], "log": "|j|☆Enderian67\n|j|☆Inkubone\n|t:|1783799127\n|gametype|singles\n|player|p1|Enderian67|lida|\n|player|p2|Inkubone|yellow|\n|gen|9\n|tier|[Gen 9] OU\n|rule|HP Percentage Mod: HP is shown in percentages\n|rule|Endless Battle Clause: Forcing endless battles is banned\n|rule|Species Clause: Limit one of each Pokémon\n|rule|OHKO Clause: OHKO moves are banned\n|rule|Evasion Items Clause: Evasion items are banned\n|rule|Evasion Moves Clause: Evasion moves are banned\n|rule|Evasion Abilities Clause: Evasion abilities are banned\n|rule|Sleep Moves Clause: Sleep-inducing moves are banned\n|clearpoke\n|poke|p1|Zapdos|\n|poke|p1|Great Tusk|\n|poke|p1|Gholdengo|\n|poke|p1|Kingambit, F|\n|poke|p1|Dragapult, M|\n|poke|p1|Rillaboom, F|\n|poke|p2|Alomomola, F|\n|poke|p2|Dragonite, M|\n|poke|p2|Garganacl, M|\n|poke|p2|Polteageist-Antique|\n|poke|p2|Zamazenta-*|\n|poke|p2|Iron Treads|\n|teampreview\n|\n|t:|1783799141\n|teamsize|p1|6\n|teamsize|p2|6\n|start\n|switch|p1a: Dragapult|Dragapult, M|100/100\n|switch|p2a: Salt solution|Garganacl, M|100/100\n|turn|1\n|\n|t:|1783799148\n|move|p1a: Dragapult|Draco Meteor|p2a: Salt solution\n|-damage|p2a: Salt solution|57/100\n|-unboost|p1a: Dragapult|spa|2\n|move|p2a: Salt solution|Salt Cure|p1a: Dragapult\n|-damage|p1a: Dragapult|82/100\n|-start|p1a: Dragapult|Salt Cure\n|\n|-heal|p2a: Salt solution|63/100|[from] item: Leftovers\n|-damage|p1a: Dragapult|69/100|[from] Salt Cure\n|upkeep\n|turn|2\n|\n|t:|1783799156\n|switch|p1a: Rillaboom|Rillaboom, F|100/100\n|-fieldstart|move: Grassy Terrain|[from] ability: Grassy Surge|[of] p1a: Rillaboom\n|move|p2a: Salt solution|Stealth Rock|p1a: Rillaboom\n|-sidestart|p1: Enderian67|move: Stealth Rock\n|\n|-heal|p2a: Salt solution|69/100|[from] Grassy Terrain\n|-heal|p2a: Salt solution|75/100|[from] item: Leftovers\n|upkeep\n|turn|3\n|\n|t:|1783799161\n|move|p2a: Salt solution|Protect|p2a: Salt solution\n|-singleturn|p2a: Salt solution|Protect\n|move|p1a: Rillaboom|Knock Off|p2a: Salt solution\n|-activate|p2a: Salt solution|move: Protect\n|\n|-heal|p2a: Salt solution|81/100|[from] Grassy Terrain\n|-heal|p2a: Salt solution|88/100|[from] item: Leftovers\n|upkeep\n|turn|4\n|\n|t:|1783799190\n|switch|p2a: Bionic Tusk|Iron Treads|100/100\n|move|p1a: Rillaboom|Knock Off|p2a: Bionic Tusk\n|-damage|p2a: Bionic Tusk|67/100\n|-enditem|p2a: Bionic Tusk|Assault Vest|[from] move: Knock Off|[of] p1a: Rillaboom\n|\n|-heal|p2a: Bionic Tusk|73/100|[from] Grassy Terrain\n|upkeep\n|turn|5\n|\n|t:|1783799194\n|move|p2a: Bionic Tusk|Knock Off|p1a: Rillaboom\n|-damage|p1a: Rillaboom|73/100\n|-enditem|p1a: Rillaboom|Assault Vest|[from] move: Knock Off|[of] p2a: Bionic Tusk\n|move|p1a: Rillaboom|Drain Punch|p2a: Bionic Tusk\n|-supereffective|p2a: Bionic Tusk\n|-damage|p2a: Bionic Tusk|24/100\n|-heal|p1a: Rillaboom|92/100|[from] drain|[of] p2a: Bionic Tusk\n|\n|-heal|p2a: Bionic Tusk|30/100|[from] Grassy Terrain\n|-heal|p1a: Rillaboom|98/100|[from] Grassy Terrain\n|upkeep\n|turn|6\n|\n|t:|1783799204\n|move|p1a: Rillaboom|Grassy Glide|p2a: Bionic Tusk\n|-damage|p2a: Bionic Tusk|0 fnt\n|faint|p2a: Bionic Tusk\n|-end|p2a: Bionic Tusk|Quark Drive|[silent]\n|\n|-heal|p1a: Rillaboom|100/100|[from] Grassy Terrain\n|-fieldend|move: Grassy Terrain\n|upkeep\n|\n|t:|1783799210\n|switch|p2a: WingBarney|Dragonite, M, shiny|100/100\n|turn|7\n|\n|t:|1783799214\n|move|p2a: WingBarney|Dragon Dance|p2a: WingBarney\n|-boost|p2a: WingBarney|atk|1\n|-boost|p2a: WingBarney|spe|1\n|move|p1a: Rillaboom|U-turn|p2a: WingBarney\n|-resisted|p2a: WingBarney\n|-damage|p2a: WingBarney|94/100\n|\n|t:|1783799219\n|switch|p1a: Dragapult|Dragapult, M|69/100|[from] U-turn\n|-damage|p1a: Dragapult|57/100|[from] Stealth Rock\n|\n|upkeep\n|turn|8\n|\n|t:|1783799226\n|move|p1a: Dragapult|Draco Meteor|p2a: WingBarney\n|-supereffective|p2a: WingBarney\n|-damage|p2a: WingBarney|0 fnt\n|-unboost|p1a: Dragapult|spa|2\n|faint|p2a: WingBarney\n|\n|upkeep\n|\n|t:|1783799232\n|switch|p2a: Anteaca|Polteageist-Antique|100/100\n|turn|9\n|\n|t:|1783799237\n|switch|p1a: Kingambit|Kingambit, F|100/100\n|-damage|p1a: Kingambit|94/100|[from] Stealth Rock\n|move|p2a: Anteaca|Shell Smash|p2a: Anteaca\n|-unboost|p2a: Anteaca|def|1\n|-unboost|p2a: Anteaca|spd|1\n|-boost|p2a: Anteaca|atk|2\n|-boost|p2a: Anteaca|spa|2\n|-boost|p2a: Anteaca|spe|2\n|\n|upkeep\n|turn|10\n|\n|t:|1783799247\n|switch|p2a: Hylian shield|Zamazenta|100/100\n|-ability|p2a: Hylian shield|Dauntless Shield|boost\n|-boost|p2a: Hylian shield|def|1\n|move|p1a: Kingambit|Sucker Punch||[still]\n|-fail|p1a: Kingambit\n|\n|upkeep\n|turn|11\n|\n|t:|1783799253\n|-end|p1a: Kingambit|fallenundefined|[silent]\n|switch|p1a: Gholdengo|Gholdengo|100/100\n|-damage|p1a: Gholdengo|94/100|[from] Stealth Rock\n|-item|p1a: Gholdengo|Air Balloon\n|move|p2a: Hylian shield|Iron Defense|p2a: Hylian shield\n|-boost|p2a: Hylian shield|def|2\n|\n|upkeep\n|turn|12\n|\n|t:|1783799262\n|move|p2a: Hylian shield|Crunch|p1a: Gholdengo\n|-supereffective|p1a: Gholdengo\n|-damage|p1a: Gholdengo|34/100\n|-enditem|p1a: Gholdengo|Air Balloon\n|move|p1a: Gholdengo|Make It Rain|p2a: Hylian shield\n|-damage|p2a: Hylian shield|42/100\n|-unboost|p1a: Gholdengo|spa|1\n|\n|-heal|p2a: Hylian shield|48/100|[from] item: Leftovers\n|upkeep\n|turn|13\n|\n|t:|1783799267\n|move|p2a: Hylian shield|Crunch|p1a: Gholdengo\n|-supereffective|p1a: Gholdengo\n|-damage|p1a: Gholdengo|0 fnt\n|faint|p1a: Gholdengo\n|\n|-heal|p2a: Hylian shield|54/100|[from] item: Leftovers\n|upkeep\n|\n|t:|1783799271\n|switch|p1a: Zapdos|Zapdos|100/100\n|-damage|p1a: Zapdos|76/100|[from] Stealth Rock\n|-ability|p1a: Zapdos|Pressure\n|turn|14\n|\n|t:|1783799280\n|-terastallize|p2a: Hylian shield|Steel\n|move|p2a: Hylian shield|Crunch|p1a: Zapdos\n|-damage|p1a: Zapdos|46/100\n|move|p1a: Zapdos|Thunderbolt|p2a: Hylian shield\n|-damage|p2a: Hylian shield|0 fnt\n|faint|p2a: Hylian shield\n|\n|upkeep\n|\n|t:|1783799291\n|switch|p2a: Salt solution|Garganacl, M|88/100\n|turn|15\n|\n|t:|1783799294\n|switch|p1a: Great Tusk|Great Tusk|100/100\n|-damage|p1a: Great Tusk|98/100|[from] Stealth Rock\n|move|p2a: Salt solution|Salt Cure|p1a: Great Tusk\n|-resisted|p1a: Great Tusk\n|-damage|p1a: Great Tusk|96/100\n|-start|p1a: Great Tusk|Salt Cure\n|\n|-heal|p1a: Great Tusk|100/100|[from] item: Leftovers\n|-heal|p2a: Salt solution|94/100|[from] item: Leftovers\n|-damage|p1a: Great Tusk|88/100|[from] Salt Cure\n|upkeep\n|turn|16\n|\n|t:|1783799301\n|move|p2a: Salt solution|Protect|p2a: Salt solution\n|-singleturn|p2a: Salt solution|Protect\n|move|p1a: Great Tusk|Knock Off|p2a: Salt solution\n|-activate|p2a: Salt solution|move: Protect\n|\n|-heal|p1a: Great Tusk|94/100|[from] item: Leftovers\n|-heal|p2a: Salt solution|99/100|[from] item: Leftovers\n|-damage|p1a: Great Tusk|82/100|[from] Salt Cure\n|upkeep\n|turn|17\n|\n|t:|1783799314\n|switch|p2a: Healamola|Alomomola, F|100/100\n|move|p1a: Great Tusk|Rapid Spin|p2a: Healamola\n|-crit|p2a: Healamola\n|-damage|p2a: Healamola|88/100\n|-boost|p1a: Great Tusk|spe|1\n|-sideend|p1: Enderian67|Stealth Rock|[from] move: Rapid Spin|[of] p1a: Great Tusk\n|\n|-heal|p1a: Great Tusk|88/100|[from] item: Leftovers\n|-heal|p2a: Healamola|94/100|[from] item: Leftovers\n|-damage|p1a: Great Tusk|76/100|[from] Salt Cure\n|upkeep\n|turn|18\n|\n|t:|1783799319\n|move|p1a: Great Tusk|Knock Off|p2a: Healamola\n|-damage|p2a: Healamola|77/100\n|-enditem|p2a: Healamola|Leftovers|[from] move: Knock Off|[of] p1a: Great Tusk\n|move|p2a: Healamola|Scald|p1a: Great Tusk\n|-supereffective|p1a: Great Tusk\n|-damage|p1a: Great Tusk|45/100\n|\n|-heal|p1a: Great Tusk|51/100|[from] item: Leftovers\n|-damage|p1a: Great Tusk|39/100|[from] Salt Cure\n|upkeep\n|turn|19\n|\n|t:|1783799327\n|move|p1a: Great Tusk|Stealth Rock|p2a: Healamola\n|-sidestart|p2: Inkubone|move: Stealth Rock\n|move|p2a: Healamola|Flip Turn|p1a: Great Tusk\n|-supereffective|p1a: Great Tusk\n|-damage|p1a: Great Tusk|23/100\n|\n|t:|1783799341\n|switch|p2a: Salt solution|Garganacl, M|99/100|[from] Flip Turn\n|-damage|p2a: Salt solution|87/100|[from] Stealth Rock\n|\n|-heal|p1a: Great Tusk|29/100|[from] item: Leftovers\n|-heal|p2a: Salt solution|93/100|[from] item: Leftovers\n|-damage|p1a: Great Tusk|17/100|[from] Salt Cure\n|upkeep\n|turn|20\n|\n|t:|1783799354\n|move|p2a: Salt solution|Protect|p2a: Salt solution\n|-singleturn|p2a: Salt solution|Protect\n|move|p1a: Great Tusk|Headlong Rush|p2a: Salt solution\n|-activate|p2a: Salt solution|move: Protect\n|\n|-heal|p1a: Great Tusk|23/100|[from] item: Leftovers\n|-heal|p2a: Salt solution|99/100|[from] item: Leftovers\n|-damage|p1a: Great Tusk|10/100|[from] Salt Cure\n|upkeep\n|turn|21\n|\n|t:|1783799361\n|switch|p2a: Healamola|Alomomola, F|100/100\n|-damage|p2a: Healamola|88/100|[from] Stealth Rock\n|move|p1a: Great Tusk|Headlong Rush|p2a: Healamola\n|-damage|p2a: Healamola|56/100\n|-unboost|p1a: Great Tusk|def|1\n|-unboost|p1a: Great Tusk|spd|1\n|\n|-heal|p1a: Great Tusk|17/100|[from] item: Leftovers\n|-damage|p1a: Great Tusk|4/100|[from] Salt Cure\n|upkeep\n|turn|22\n|\n|t:|1783799368\n|move|p1a: Great Tusk|Headlong Rush|p2a: Healamola\n|-damage|p2a: Healamola|28/100\n|-unboost|p1a: Great Tusk|def|1\n|-unboost|p1a: Great Tusk|spd|1\n|move|p2a: Healamola|Wish|p2a: Healamola\n|\n|-heal|p1a: Great Tusk|10/100|[from] item: Leftovers\n|-damage|p1a: Great Tusk|0 fnt|[from] Salt Cure\n|faint|p1a: Great Tusk\n|-end|p1a: Great Tusk|Protosynthesis|[silent]\n|upkeep\n|\n|t:|1783799373\n|switch|p1a: Zapdos|Zapdos|46/100\n|-ability|p1a: Zapdos|Pressure\n|turn|23\n|\n|t:|1783799386\n|move|p2a: Healamola|Protect|p2a: Healamola\n|-singleturn|p2a: Healamola|Protect\n|move|p1a: Zapdos|Volt Switch|p2a: Healamola\n|-activate|p2a: Healamola|move: Protect\n|\n|-heal|p2a: Healamola|77/100|[from] move: Wish|[wisher] Healamola\n|upkeep\n|turn|24\n|\n|t:|1783799392\n|move|p1a: Zapdos|Volt Switch|p2a: Healamola\n|-supereffective|p2a: Healamola\n|-damage|p2a: Healamola|0 fnt\n|faint|p2a: Healamola\n|\n|t:|1783799396\n|switch|p1a: Rillaboom|Rillaboom, F|100/100|[from] Volt Switch\n|-fieldstart|move: Grassy Terrain|[from] ability: Grassy Surge|[of] p1a: Rillaboom\n|\n|upkeep\n|\n|t:|1783799402\n|switch|p2a: Salt solution|Garganacl, M|99/100\n|-damage|p2a: Salt solution|87/100|[from] Stealth Rock\n|turn|25\n|\n|t:|1783799407\n|move|p2a: Salt solution|Protect|p2a: Salt solution\n|-singleturn|p2a: Salt solution|Protect\n|move|p1a: Rillaboom|Knock Off|p2a: Salt solution\n|-activate|p2a: Salt solution|move: Protect\n|\n|-heal|p2a: Salt solution|93/100|[from] Grassy Terrain\n|-heal|p2a: Salt solution|99/100|[from] item: Leftovers\n|upkeep\n|turn|26\n|\n|t:|1783799417\n|move|p1a: Rillaboom|Knock Off|p2a: Salt solution\n|-damage|p2a: Salt solution|76/100\n|-enditem|p2a: Salt solution|Leftovers|[from] move: Knock Off|[of] p1a: Rillaboom\n|move|p2a: Salt solution|Salt Cure|p1a: Rillaboom\n|-damage|p1a: Rillaboom|87/100\n|-start|p1a: Rillaboom|Salt Cure\n|\n|-heal|p1a: Rillaboom|93/100|[from] Grassy Terrain\n|-heal|p2a: Salt solution|82/100|[from] Grassy Terrain\n|-damage|p1a: Rillaboom|81/100|[from] Salt Cure\n|upkeep\n|turn|27\n|\n|t:|1783799422\n|switch|p1a: Kingambit|Kingambit, F|94/100\n|-activate|p1a: Kingambit|ability: Supreme Overlord\n|-start|p1a: Kingambit|fallen2|[silent]\n|move|p2a: Salt solution|Protect||[still]\n|-fail|p2a: Salt solution\n|\n|-heal|p1a: Kingambit|100/100|[from] Grassy Terrain\n|-heal|p2a: Salt solution|88/100|[from] Grassy Terrain\n|upkeep\n|turn|28\n|\n|t:|1783799426\n|move|p1a: Kingambit|Iron Head|p2a: Salt solution\n|-supereffective|p2a: Salt solution\n|-damage|p2a: Salt solution|15/100\n|move|p2a: Salt solution|Salt Cure|p1a: Kingambit\n|-resisted|p1a: Kingambit\n|-damage|p1a: Kingambit|96/100\n|-start|p1a: Kingambit|Salt Cure\n|\n|-heal|p1a: Kingambit|100/100|[from] Grassy Terrain\n|-heal|p2a: Salt solution|21/100|[from] Grassy Terrain\n|-damage|p1a: Kingambit|75/100|[from] Salt Cure\n|-fieldend|move: Grassy Terrain\n|upkeep\n|turn|29\n|\n|t:|1783799432\n|-end|p1a: Kingambit|fallen2|[silent]\n|switch|p1a: Rillaboom|Rillaboom, F|81/100\n|-fieldstart|move: Grassy Terrain|[from] ability: Grassy Surge|[of] p1a: Rillaboom\n|move|p2a: Salt solution|Recover|p2a: Salt solution\n|-heal|p2a: Salt solution|71/100\n|\n|-heal|p1a: Rillaboom|87/100|[from] Grassy Terrain\n|-heal|p2a: Salt solution|77/100|[from] Grassy Terrain\n|upkeep\n|turn|30\n|\n|t:|1783799437\n|move|p1a: Rillaboom|Grassy Glide|p2a: Salt solution\n|-supereffective|p2a: Salt solution\n|-damage|p2a: Salt solution|26/100\n|move|p2a: Salt solution|Stealth Rock|p1a: Rillaboom\n|-sidestart|p1: Enderian67|move: Stealth Rock\n|\n|-heal|p1a: Rillaboom|93/100|[from] Grassy Terrain\n|-heal|p2a: Salt solution|32/100|[from] Grassy Terrain\n|upkeep\n|turn|31\n|\n|t:|1783799445\n|move|p2a: Salt solution|Protect|p2a: Salt solution\n|-singleturn|p2a: Salt solution|Protect\n|move|p1a: Rillaboom|Grassy Glide|p2a: Salt solution\n|-activate|p2a: Salt solution|move: Protect\n|\n|-heal|p1a: Rillaboom|99/100|[from] Grassy Terrain\n|-heal|p2a: Salt solution|38/100|[from] Grassy Terrain\n|upkeep\n|turn|32\n|\n|t:|1783799453\n|move|p1a: Rillaboom|Grassy Glide|p2a: Salt solution\n|-supereffective|p2a: Salt solution\n|-damage|p2a: Salt solution|0 fnt\n|faint|p2a: Salt solution\n|\n|-heal|p1a: Rillaboom|100/100|[from] Grassy Terrain\n|upkeep\n|\n|t:|1783799454\n|switch|p2a: Anteaca|Polteageist-Antique|100/100\n|-damage|p2a: Anteaca|88/100|[from] Stealth Rock\n|turn|33\n|\n|t:|1783799458\n|move|p2a: Anteaca|Shell Smash|p2a: Anteaca\n|-unboost|p2a: Anteaca|def|1\n|-unboost|p2a: Anteaca|spd|1\n|-boost|p2a: Anteaca|atk|2\n|-boost|p2a: Anteaca|spa|2\n|-boost|p2a: Anteaca|spe|2\n|move|p1a: Rillaboom|Knock Off|p2a: Anteaca\n|-supereffective|p2a: Anteaca\n|-damage|p2a: Anteaca|0 fnt\n|-enditem|p2a: Anteaca|Focus Sash|[from] move: Knock Off|[of] p1a: Rillaboom\n|faint|p2a: Anteaca\n|\n|win|Enderian67\n|c|☆Inkubone|Gg\n|c|☆Enderian67|ggs wp!\n|l|☆Inkubone\n|player|p2|\n", "uploadtime": 1783799467, "views": 42, "formatid": "gen9ou", "rating": null, "private": 0, "password": null}