{"id": "gen9ou-2540597220", "format": "[Gen 9] OU", "players": ["boostingTyranntrum", "firecharmander004"], "log": "|j|☆boostingTyranntrum\n|j|☆firecharmander004\n|t:|1771224314\n|gametype|singles\n|player|p1|boostingTyranntrum|1|1587\n|player|p2|firecharmander004|170|1614\n|gen|9\n|tier|[Gen 9] OU\n|rated|\n|rule|HP Percentage Mod: HP is shown in percentages\n|rule|Endless Battle Clause: Forcing endless battles is banned\n|rule|Species Clause: Limit one of each Pokémon\n|rule|OHKO Clause: OHKO moves are banned\n|rule|Evasion Items Clause: Evasion items are banned\n|rule|Evasion Moves Clause: Evasion moves are banned\n|rule|Evasion Abilities Clause: Evasion abilities are banned\n|rule|Sleep Moves Clause: Sleep-inducing moves are banned\n|clearpoke\n|poke|p1|Volcanion|\n|poke|p1|Pelipper, M|\n|poke|p1|Iron Treads|\n|poke|p1|Dragapult, M|\n|poke|p1|Overqwil, M|\n|poke|p1|Iron Valiant|\n|poke|p2|Deoxys-Speed|\n|poke|p2|Ceruledge, M|\n|poke|p2|Zamazenta-*|\n|poke|p2|Ogerpon-Wellspring, F|\n|poke|p2|Glimmora, M|\n|poke|p2|Moltres-Galar|\n|teampreview\n|inactive|Battle timer is ON: inactive players will automatically lose when time's up. (requested by firecharmander004)\n|\n|t:|1771224333\n|teamsize|p1|6\n|teamsize|p2|6\n|start\n|switch|p1a: Pelipper|Pelipper, M, shiny|100/100\n|switch|p2a: Deoxys|Deoxys-Speed|100/100\n|-ability|p2a: Deoxys|Pressure\n|-weather|RainDance|[from] ability: Drizzle|[of] p1a: Pelipper\n|turn|1\n|\n|t:|1771224339\n|switch|p1a: Iron Treads|Iron Treads, shiny|100/100\n|-enditem|p1a: Iron Treads|Booster Energy\n|-activate|p1a: Iron Treads|ability: Quark Drive|[fromitem]\n|-start|p1a: Iron Treads|quarkdrivespe\n|move|p2a: Deoxys|Reflect|p2a: Deoxys\n|-sidestart|p2: firecharmander004|Reflect\n|\n|-weather|RainDance|[upkeep]\n|upkeep\n|turn|2\n|\n|t:|1771224343\n|move|p1a: Iron Treads|Stealth Rock|p2a: Deoxys\n|-sidestart|p2: firecharmander004|move: Stealth Rock\n|move|p2a: Deoxys|Light Screen|p2a: Deoxys\n|-sidestart|p2: firecharmander004|move: Light Screen\n|\n|-weather|RainDance|[upkeep]\n|upkeep\n|turn|3\n|\n|t:|1771224345\n|switch|p2a: Ogerpon|Ogerpon-Wellspring, F|100/100\n|-damage|p2a: Ogerpon|88/100|[from] Stealth Rock\n|move|p1a: Iron Treads|Earth Power|p2a: Ogerpon\n|-resisted|p2a: Ogerpon\n|-damage|p2a: Ogerpon|79/100\n|\n|-weather|RainDance|[upkeep]\n|upkeep\n|turn|4\n|\n|t:|1771224352\n|-end|p1a: Iron Treads|Quark Drive|[silent]\n|switch|p1a: Overqwil|Overqwil, M, shiny|100/100\n|move|p2a: Ogerpon|Swords Dance|p2a: Ogerpon\n|-boost|p2a: Ogerpon|atk|2\n|\n|-weather|RainDance|[upkeep]\n|upkeep\n|turn|5\n|\n|t:|1771224355\n|-terastallize|p2a: Ogerpon|Water\n|detailschange|p2a: Ogerpon|Ogerpon-Wellspring-Tera, F, tera:Water\n|-ability|p2a: Ogerpon|Embody Aspect (Wellspring)|boost\n|-boost|p2a: Ogerpon|spd|1\n|move|p1a: Overqwil|Gunk Shot|p2a: Ogerpon\n|-damage|p2a: Ogerpon|33/100\n|-status|p2a: Ogerpon|psn\n|-damage|p1a: Overqwil|91/100|[from] item: Life Orb\n|move|p2a: Ogerpon|Ivy Cudgel|p1a: Overqwil|[anim] Ivy Cudgel Water\n|-damage|p1a: Overqwil|0 fnt\n|faint|p1a: Overqwil\n|\n|-weather|RainDance|[upkeep]\n|-damage|p2a: Ogerpon|21/100 psn|[from] psn\n|upkeep\n|\n|t:|1771224363\n|switch|p1a: Dragapult|Dragapult, M, shiny|100/100\n|turn|6\n|\n|t:|1771224365\n|switch|p2a: Glimmora|Glimmora, M|100/100\n|-damage|p2a: Glimmora|88/100|[from] Stealth Rock\n|move|p1a: Dragapult|Dragon Darts|p2a: Glimmora\n|-damage|p2a: Glimmora|66/100\n|-activate|p2a: Glimmora|ability: Toxic Debris\n|-sidestart|p1: boostingTyranntrum|move: Toxic Spikes\n|-anim|p1a: Dragapult|Dragon Darts|p2a: Glimmora\n|-damage|p2a: Glimmora|43/100\n|-activate|p2a: Glimmora|ability: Toxic Debris\n|-sidestart|p1: boostingTyranntrum|move: Toxic Spikes\n|\n|-weather|RainDance|[upkeep]\n|upkeep\n|turn|7\n|\n|t:|1771224369\n|move|p1a: Dragapult|Dragon Darts|p2a: Glimmora\n|-damage|p2a: Glimmora|21/100\n|-anim|p1a: Dragapult|Dragon Darts|p2a: Glimmora\n|-damage|p2a: Glimmora|0 fnt\n|faint|p2a: Glimmora\n|\n|-weather|RainDance|[upkeep]\n|upkeep\n|\n|t:|1771224386\n|switch|p2a: Moltres|Moltres-Galar|100/100\n|-damage|p2a: Moltres|75/100|[from] Stealth Rock\n|turn|8\n|\n|t:|1771224392\n|switch|p1a: Iron Treads|Iron Treads, shiny|100/100\n|move|p2a: Moltres|Fiery Wrath|p1a: Iron Treads\n|-damage|p1a: Iron Treads|40/100\n|\n|-weather|none\n|-sideend|p2: firecharmander004|Reflect\n|upkeep\n|turn|9\n|\n|t:|1771224397\n|move|p1a: Iron Treads|Rapid Spin|p2a: Moltres\n|-damage|p2a: Moltres|63/100\n|-boost|p1a: Iron Treads|spe|1\n|-sideend|p1: boostingTyranntrum|Toxic Spikes|[from] move: Rapid Spin|[of] p1a: Iron Treads\n|move|p2a: Moltres|Agility|p2a: Moltres\n|-boost|p2a: Moltres|spe|2\n|\n|-sideend|p2: firecharmander004|move: Light Screen\n|upkeep\n|turn|10\n|\n|t:|1771224400\n|move|p2a: Moltres|Fiery Wrath|p1a: Iron Treads\n|-damage|p1a: Iron Treads|0 fnt\n|faint|p1a: Iron Treads\n|-end|p1a: Iron Treads|Quark Drive|[silent]\n|\n|upkeep\n|\n|t:|1771224406\n|switch|p1a: Volcanion|Volcanion|100/100\n|turn|11\n|\n|t:|1771224408\n|move|p2a: Moltres|Fiery Wrath|p1a: Volcanion\n|-damage|p1a: Volcanion|53/100\n|move|p1a: Volcanion|Steam Eruption|p2a: Moltres\n|-damage|p2a: Moltres|0 fnt\n|faint|p2a: Moltres\n|\n|upkeep\n|\n|t:|1771224419\n|switch|p2a: Ogerpon|Ogerpon-Wellspring-Tera, F, tera:Water|21/100 psn\n|-damage|p2a: Ogerpon|8/100 psn|[from] Stealth Rock\n|-ability|p2a: Ogerpon|Embody Aspect (Wellspring)|boost\n|-boost|p2a: Ogerpon|spd|1\n|turn|12\n|\n|t:|1771224422\n|switch|p1a: Pelipper|Pelipper, M, shiny|100/100\n|-weather|RainDance|[from] ability: Drizzle|[of] p1a: Pelipper\n|move|p2a: Ogerpon|Horn Leech|p1a: Pelipper\n|-damage|p1a: Pelipper|35/100\n|-heal|p2a: Ogerpon|37/100 psn|[from] drain|[of] p1a: Pelipper\n|\n|-weather|RainDance|[upkeep]\n|-damage|p2a: Ogerpon|25/100 psn|[from] psn\n|upkeep\n|turn|13\n|\n|t:|1771224427\n|move|p2a: Ogerpon|Horn Leech|p1a: Pelipper\n|-damage|p1a: Pelipper|0 fnt\n|-heal|p2a: Ogerpon|40/100 psn|[from] drain|[of] p1a: Pelipper\n|faint|p1a: Pelipper\n|\n|-weather|RainDance|[upkeep]\n|-damage|p2a: Ogerpon|27/100 psn|[from] psn\n|upkeep\n|\n|t:|1771224431\n|switch|p1a: Dragapult|Dragapult, M, shiny|100/100\n|turn|14\n|\n|t:|1771224448\n|move|p1a: Dragapult|Dragon Darts|p2a: Ogerpon\n|-damage|p2a: Ogerpon|0 fnt\n|faint|p2a: Ogerpon\n|detailschange|p2: Ogerpon|Ogerpon-Wellspring, F|[silent]\n|\n|-weather|RainDance|[upkeep]\n|upkeep\n|\n|t:|1771224451\n|switch|p2a: Deoxys|Deoxys-Speed|100/100\n|-damage|p2a: Deoxys|88/100|[from] Stealth Rock\n|-ability|p2a: Deoxys|Pressure\n|turn|15\n|\n|t:|1771224454\n|switch|p1a: Volcanion|Volcanion|53/100\n|move|p2a: Deoxys|Psycho Boost|p1a: Volcanion\n|-damage|p1a: Volcanion|7/100\n|-unboost|p2a: Deoxys|spa|2\n|\n|-weather|RainDance|[upkeep]\n|upkeep\n|turn|16\n|\n|t:|1771224457\n|move|p2a: Deoxys|Light Screen|p2a: Deoxys\n|-sidestart|p2: firecharmander004|move: Light Screen\n|move|p1a: Volcanion|Scald|p2a: Deoxys\n|-damage|p2a: Deoxys|26/100\n|\n|-weather|RainDance|[upkeep]\n|upkeep\n|turn|17\n|\n|t:|1771224463\n|move|p2a: Deoxys|Psycho Boost|p1a: Volcanion\n|-damage|p1a: Volcanion|0 fnt\n|-unboost|p2a: Deoxys|spa|2\n|faint|p1a: Volcanion\n|\n|-weather|RainDance|[upkeep]\n|upkeep\n|\n|t:|1771224464\n|switch|p1a: Dragapult|Dragapult, M, shiny|100/100\n|turn|18\n|\n|t:|1771224466\n|switch|p2a: Zamazenta|Zamazenta|100/100\n|-damage|p2a: Zamazenta|94/100|[from] Stealth Rock\n|-ability|p2a: Zamazenta|Dauntless Shield|boost\n|-boost|p2a: Zamazenta|def|1\n|move|p1a: Dragapult|Dragon Darts|p2a: Zamazenta\n|-damage|p2a: Zamazenta|75/100\n|-anim|p1a: Dragapult|Dragon Darts|p2a: Zamazenta\n|-damage|p2a: Zamazenta|55/100\n|\n|-weather|RainDance|[upkeep]\n|-heal|p2a: Zamazenta|61/100|[from] item: Leftovers\n|upkeep\n|turn|19\n|\n|t:|1771224475\n|move|p1a: Dragapult|Dragon Darts|p2a: Zamazenta\n|-damage|p2a: Zamazenta|41/100\n|-anim|p1a: Dragapult|Dragon Darts|p2a: Zamazenta\n|-damage|p2a: Zamazenta|23/100\n|move|p2a: Zamazenta|Heavy Slam|p1a: Dragapult\n|-damage|p1a: Dragapult|64/100\n|\n|-weather|none\n|-heal|p2a: Zamazenta|29/100|[from] item: Leftovers\n|upkeep\n|turn|20\n|\n|t:|1771224480\n|move|p1a: Dragapult|Dragon Darts|p2a: Zamazenta\n|-damage|p2a: Zamazenta|11/100\n|-anim|p1a: Dragapult|Dragon Darts|p2a: Zamazenta\n|-damage|p2a: Zamazenta|0 fnt\n|faint|p2a: Zamazenta\n|\n|upkeep\n|\n|t:|1771224490\n|switch|p2a: Deoxys|Deoxys-Speed|26/100\n|-damage|p2a: Deoxys|14/100|[from] Stealth Rock\n|-ability|p2a: Deoxys|Pressure\n|turn|21\n|\n|t:|1771224493\n|move|p2a: Deoxys|Psycho Boost|p1a: Dragapult\n|-damage|p1a: Dragapult|0 fnt\n|-unboost|p2a: Deoxys|spa|2\n|faint|p1a: Dragapult\n|\n|upkeep\n|\n|t:|1771224495\n|switch|p1a: Iron Valiant|Iron Valiant, shiny|100/100\n|turn|22\n|\n|t:|1771224503\n|switch|p2a: Ceruledge|Ceruledge, M|100/100\n|-damage|p2a: Ceruledge|76/100|[from] Stealth Rock\n|move|p1a: Iron Valiant|Thunderbolt|p2a: Ceruledge\n|-damage|p2a: Ceruledge|54/100\n|\n|upkeep\n|turn|23\n|\n|t:|1771224510\n|-terastallize|p1a: Iron Valiant|Electric\n|move|p1a: Iron Valiant|Thunderbolt|p2a: Ceruledge\n|-damage|p2a: Ceruledge|21/100\n|move|p2a: Ceruledge|Bitter Blade|p1a: Iron Valiant\n|-damage|p1a: Iron Valiant|14/100\n|-heal|p2a: Ceruledge|60/100|[from] drain|[of] p1a: Iron Valiant\n|-damage|p2a: Ceruledge|50/100|[from] item: Life Orb\n|\n|-sideend|p2: firecharmander004|move: Light Screen\n|upkeep\n|turn|24\n|\n|t:|1771224515\n|move|p2a: Ceruledge|Shadow Sneak|p1a: Iron Valiant\n|-damage|p1a: Iron Valiant|0 fnt\n|faint|p1a: Iron Valiant\n|-end|p1a: Iron Valiant|Quark Drive|[silent]\n|-damage|p2a: Ceruledge|41/100|[from] item: Life Orb\n|\n|win|firecharmander004\n|raw|boostingTyranntrum's rating: 1587 &rarr; <strong>1569</strong><br />(-18 for losing)\n|raw|firecharmander004's rating: 1614 &rarr; <strong>1632</strong><br />(+18 for winning)\n|l|☆boostingTyranntrum\n|player|p1|\n|l|☆firecharmander004\n|player|p2|\n", "uploadtime": 1771224752, "views": 6, "formatid": "gen9ou", "rating": 1569, "private": 0, "password": null}