{"id": "gen9ou-2639255469", "format": "[Gen 9] OU", "players": ["mnsjksxx", "flylover42"], "log": "|j|☆mnsjksxx\n|j|☆flylover42\n|t:|1782441215\n|gametype|singles\n|player|p1|mnsjksxx|2|1400\n|player|p2|flylover42|lady|1428\n|gen|9\n|tier|[Gen 9] OU\n|rated|\n|rule|HP Percentage Mod: HP is shown in percentages\n|rule|Endless Battle Clause: Forcing endless battles is banned\n|rule|Species Clause: Limit one of each Pokémon\n|rule|OHKO Clause: OHKO moves are banned\n|rule|Evasion Items Clause: Evasion items are banned\n|rule|Evasion Moves Clause: Evasion moves are banned\n|rule|Evasion Abilities Clause: Evasion abilities are banned\n|rule|Sleep Moves Clause: Sleep-inducing moves are banned\n|clearpoke\n|poke|p1|Ninetales, M|\n|poke|p1|Raging Bolt|\n|poke|p1|Walking Wake|\n|poke|p1|Scovillain, M|\n|poke|p1|Kingambit, F|\n|poke|p1|Ceruledge, F|\n|poke|p2|Indeedee, M|\n|poke|p2|Armarouge, M|\n|poke|p2|Hatterene, F|\n|poke|p2|Polteageist|\n|poke|p2|Hawlucha, F|\n|poke|p2|Maushold|\n|teampreview\n|\n|t:|1782441228\n|teamsize|p1|6\n|teamsize|p2|6\n|start\n|switch|p1a: Raging Bolt|Raging Bolt|100/100\n|switch|p2a: Indeedee|Indeedee, M|100/100\n|-fieldstart|move: Psychic Terrain|[from] ability: Psychic Surge|[of] p2a: Indeedee\n|turn|1\n|\n|t:|1782441234\n|move|p1a: Raging Bolt|Thunderbolt|p2a: Indeedee\n|-damage|p2a: Indeedee|46/100\n|-status|p2a: Indeedee|par\n|move|p2a: Indeedee|Expanding Force|p1a: Raging Bolt\n|-damage|p1a: Raging Bolt|48/100\n|\n|upkeep\n|turn|2\n|\n|t:|1782441241\n|switch|p2a: Hatterene|Hatterene, F|100/100\n|move|p1a: Raging Bolt|Thunderbolt|p2a: Hatterene\n|-damage|p2a: Hatterene|50/100\n|-enditem|p2a: Hatterene|Eject Button\n|\n|t:|1782441250\n|switch|p2a: Armarouge|Armarouge, M|100/100\n|\n|upkeep\n|turn|3\n|\n|t:|1782441279\n|-end|p1a: Raging Bolt|Protosynthesis|[silent]\n|switch|p1a: Ninetales|Ninetales, M|100/100\n|-weather|SunnyDay|[from] ability: Drought|[of] p1a: Ninetales\n|move|p2a: Armarouge|Expanding Force|p1a: Ninetales\n|-damage|p1a: Ninetales|18/100\n|\n|-weather|SunnyDay|[upkeep]\n|upkeep\n|turn|4\n|\n|t:|1782441298\n|switch|p1a: Scovillain|Scovillain, M|100/100\n|move|p2a: Armarouge|Expanding Force|p1a: Scovillain\n|-enditem|p1a: Scovillain|Focus Sash\n|-damage|p1a: Scovillain|1/100\n|\n|-weather|SunnyDay|[upkeep]\n|upkeep\n|turn|5\n|\n|t:|1782441309\n|switch|p2a: Hawlucha|Hawlucha, F|100/100\n|-enditem|p2a: Hawlucha|Psychic Seed\n|-boost|p2a: Hawlucha|spd|1|[from] item: Psychic Seed\n|move|p1a: Scovillain|Flamethrower|p2a: Hawlucha\n|-damage|p2a: Hawlucha|37/100\n|\n|-weather|SunnyDay|[upkeep]\n|upkeep\n|turn|6\n|\n|t:|1782441316\n|move|p2a: Hawlucha|Acrobatics|p1a: Scovillain\n|-supereffective|p1a: Scovillain\n|-damage|p1a: Scovillain|0 fnt\n|faint|p1a: Scovillain\n|\n|-weather|SunnyDay|[upkeep]\n|upkeep\n|\n|t:|1782441326\n|switch|p1a: Raging Bolt|Raging Bolt|48/100\n|-activate|p1a: Raging Bolt|ability: Protosynthesis\n|-start|p1a: Raging Bolt|protosynthesisspa\n|turn|7\n|\n|t:|1782441336\n|-terastallize|p2a: Hawlucha|Ground\n|move|p2a: Hawlucha|Close Combat|p1a: Raging Bolt\n|-damage|p1a: Raging Bolt|0 fnt\n|-unboost|p2a: Hawlucha|def|1\n|-unboost|p2a: Hawlucha|spd|1\n|faint|p1a: Raging Bolt\n|-end|p1a: Raging Bolt|Protosynthesis|[silent]\n|\n|-weather|SunnyDay|[upkeep]\n|upkeep\n|\n|t:|1782441344\n|switch|p1a: Ceruledge|Ceruledge, F|100/100\n|turn|8\n|\n|t:|1782441350\n|move|p2a: Hawlucha|Acrobatics|p1a: Ceruledge\n|-damage|p1a: Ceruledge|25/100\n|-ability|p1a: Ceruledge|Weak Armor|boost\n|-unboost|p1a: Ceruledge|def|1\n|-boost|p1a: Ceruledge|spe|2\n|move|p1a: Ceruledge|Poltergeist||[still]\n|-fail|p1a: Ceruledge\n|\n|-weather|SunnyDay|[upkeep]\n|-fieldend|move: Psychic Terrain\n|upkeep\n|turn|9\n|\n|t:|1782441359\n|move|p2a: Hawlucha|Acrobatics|p1a: Ceruledge\n|-damage|p1a: Ceruledge|0 fnt\n|faint|p1a: Ceruledge\n|\n|-weather|SunnyDay|[upkeep]\n|upkeep\n|\n|t:|1782441364\n|switch|p1a: Kingambit|Kingambit, F|100/100\n|-activate|p1a: Kingambit|ability: Supreme Overlord\n|-start|p1a: Kingambit|fallen3|[silent]\n|-item|p1a: Kingambit|Air Balloon\n|turn|10\n|\n|t:|1782441370\n|move|p2a: Hawlucha|Close Combat|p1a: Kingambit\n|-supereffective|p1a: Kingambit\n|-damage|p1a: Kingambit|0 fnt\n|-unboost|p2a: Hawlucha|def|1\n|-unboost|p2a: Hawlucha|spd|1\n|-enditem|p1a: Kingambit|Air Balloon\n|faint|p1a: Kingambit\n|-end|p1a: Kingambit|fallen3|[silent]\n|\n|-weather|none\n|upkeep\n|-message|mnsjksxx forfeited.\n|\n|win|flylover42\n|raw|mnsjksxx's rating: 1400 &rarr; <strong>1382</strong><br />(-18 for losing)\n|raw|flylover42's rating: 1428 &rarr; <strong>1446</strong><br />(+18 for winning)\n|l|☆mnsjksxx\n|player|p1|\n|l|☆flylover42\n|player|p2|\n", "uploadtime": 1782441667, "views": 10, "formatid": "gen9ou", "rating": 1382, "private": 0, "password": null}