{"id": "gen9ou-2647823439", "format": "[Gen 9] OU", "players": ["UsedTissue07", "wumbosquad"], "log": "|j|☆UsedTissue07\n|j|☆wumbosquad\n|t:|1783818891\n|gametype|singles\n|player|p1|UsedTissue07|clerk|1093\n|player|p2|wumbosquad|1|1106\n|gen|9\n|tier|[Gen 9] OU\n|rated|\n|rule|HP Percentage Mod: HP is shown in percentages\n|rule|Endless Battle Clause: Forcing endless battles is banned\n|rule|Species Clause: Limit one of each Pokémon\n|rule|OHKO Clause: OHKO moves are banned\n|rule|Evasion Items Clause: Evasion items are banned\n|rule|Evasion Moves Clause: Evasion moves are banned\n|rule|Evasion Abilities Clause: Evasion abilities are banned\n|rule|Sleep Moves Clause: Sleep-inducing moves are banned\n|clearpoke\n|poke|p1|Gliscor, M|\n|poke|p1|Gholdengo|\n|poke|p1|Dragonite, M|\n|poke|p1|Ting-Lu|\n|poke|p1|Darkrai|\n|poke|p1|Zamazenta-*|\n|poke|p2|Krookodile, M|\n|poke|p2|Rhydon, F|\n|poke|p2|Ursaluna, M|\n|poke|p2|Enamorus-Therian, F|\n|poke|p2|Crabominable, F|\n|poke|p2|Slowking, M|\n|teampreview\n|inactive|Battle timer is ON: inactive players will automatically lose when time's up. (requested by UsedTissue07)\n|\n|t:|1783818913\n|teamsize|p1|6\n|teamsize|p2|6\n|start\n|switch|p1a: Gliscor|Gliscor, M|100/100\n|switch|p2a: Ursaluna|Ursaluna, M|100/100\n|turn|1\n|\n|t:|1783818925\n|move|p1a: Gliscor|Toxic|p2a: Ursaluna\n|-status|p2a: Ursaluna|tox\n|move|p2a: Ursaluna|Trailblaze|p1a: Gliscor\n|-damage|p1a: Gliscor|81/100\n|-boost|p2a: Ursaluna|spe|1\n|\n|-damage|p2a: Ursaluna|94/100 tox|[from] psn\n|-status|p1a: Gliscor|tox|[from] item: Toxic Orb\n|upkeep\n|turn|2\n|\n|t:|1783818938\n|move|p1a: Gliscor|Spikes|p2a: Ursaluna\n|-sidestart|p2: wumbosquad|Spikes\n|move|p2a: Ursaluna|Trailblaze|p1a: Gliscor\n|-damage|p1a: Gliscor|62/100 tox\n|-boost|p2a: Ursaluna|spe|1\n|\n|-damage|p2a: Ursaluna|82/100 tox|[from] psn\n|-heal|p1a: Gliscor|75/100 tox|[from] ability: Poison Heal\n|upkeep\n|turn|3\n|\n|t:|1783818951\n|move|p1a: Gliscor|Protect|p1a: Gliscor\n|-singleturn|p1a: Gliscor|Protect\n|move|p2a: Ursaluna|Facade|p1a: Gliscor\n|-activate|p1a: Gliscor|move: Protect\n|\n|-damage|p2a: Ursaluna|64/100 tox|[from] psn\n|-heal|p1a: Gliscor|87/100 tox|[from] ability: Poison Heal\n|upkeep\n|turn|4\n|\n|t:|1783818963\n|switch|p1a: Gholdengo|Gholdengo|100/100\n|move|p2a: Ursaluna|Facade|p1a: Gholdengo\n|-immune|p1a: Gholdengo\n|\n|-damage|p2a: Ursaluna|40/100 tox|[from] psn\n|upkeep\n|turn|5\n|\n|t:|1783818969\n|switch|p1a: Gliscor|Gliscor, M|87/100 tox\n|move|p2a: Ursaluna|Earthquake|p1a: Gliscor\n|-immune|p1a: Gliscor\n|\n|-damage|p2a: Ursaluna|10/100 tox|[from] psn\n|-heal|p1a: Gliscor|99/100 tox|[from] ability: Poison Heal\n|upkeep\n|turn|6\n|\n|t:|1783818989\n|move|p2a: Ursaluna|Facade|p1a: Gliscor\n|-damage|p1a: Gliscor|18/100 tox\n|move|p1a: Gliscor|Spikes|p2a: Ursaluna\n|-sidestart|p2: wumbosquad|Spikes\n|\n|-damage|p2a: Ursaluna|0 fnt|[from] psn\n|faint|p2a: Ursaluna\n|-heal|p1a: Gliscor|30/100 tox|[from] ability: Poison Heal\n|upkeep\n|\n|t:|1783819002\n|switch|p2a: Krookodile|Krookodile, M|100/100\n|-damage|p2a: Krookodile|84/100|[from] Spikes\n|turn|7\n|\n|t:|1783819017\n|move|p1a: Gliscor|Protect|p1a: Gliscor\n|-singleturn|p1a: Gliscor|Protect\n|move|p2a: Krookodile|Knock Off|p1a: Gliscor\n|-activate|p1a: Gliscor|move: Protect\n|\n|-heal|p1a: Gliscor|43/100 tox|[from] ability: Poison Heal\n|upkeep\n|turn|8\n|\n|t:|1783819037\n|-terastallize|p2a: Krookodile|Water\n|move|p2a: Krookodile|Aqua Tail|p1a: Gliscor\n|-supereffective|p1a: Gliscor\n|-damage|p1a: Gliscor|0 fnt\n|faint|p1a: Gliscor\n|-ability|p2a: Krookodile|Moxie|boost\n|-boost|p2a: Krookodile|atk|1\n|\n|upkeep\n|inactive|UsedTissue07 has 120 seconds left.\n|\n|t:|1783819079\n|switch|p1a: Dragonite|Dragonite, M|100/100\n|turn|9\n|\n|t:|1783819087\n|move|p2a: Krookodile|Outrage|p1a: Dragonite\n|-supereffective|p1a: Dragonite\n|-damage|p1a: Dragonite|49/100\n|move|p1a: Dragonite|Dragon Dance|p1a: Dragonite\n|-boost|p1a: Dragonite|atk|1\n|-boost|p1a: Dragonite|spe|1\n|\n|upkeep\n|turn|10\n|inactive|UsedTissue07 has 120 seconds left.\n|\n|t:|1783819101\n|switch|p1a: Gholdengo|Gholdengo|100/100\n|move|p2a: Krookodile|Outrage|p1a: Gholdengo|[from] lockedmove\n|-resisted|p1a: Gholdengo\n|-damage|p1a: Gholdengo|68/100\n|-start|p2a: Krookodile|confusion|[fatigue]\n|\n|upkeep\n|turn|11\n|inactive|UsedTissue07 has 120 seconds left.\n|inactive|UsedTissue07 has 90 seconds left.\n|inactive|UsedTissue07 has 60 seconds left.\n|\n|t:|1783819169\n|move|p1a: Gholdengo|Make It Rain|p2a: Krookodile\n|-resisted|p2a: Krookodile\n|-damage|p2a: Krookodile|57/100\n|-unboost|p1a: Gholdengo|spa|1\n|-activate|p2a: Krookodile|confusion\n|-damage|p2a: Krookodile|33/100|[from] confusion\n|\n|upkeep\n|turn|12\n|\n|t:|1783819178\n|move|p1a: Gholdengo|Make It Rain|p2a: Krookodile\n|-resisted|p2a: Krookodile\n|-damage|p2a: Krookodile|14/100\n|-unboost|p1a: Gholdengo|spa|1\n|-end|p2a: Krookodile|confusion\n|move|p2a: Krookodile|Aqua Tail|p1a: Gholdengo\n|-damage|p1a: Gholdengo|0 fnt\n|faint|p1a: Gholdengo\n|-ability|p2a: Krookodile|Moxie|boost\n|-boost|p2a: Krookodile|atk|1\n|\n|upkeep\n|inactive|UsedTissue07 has 60 seconds left.\n|\n|t:|1783819188\n|switch|p1a: Dragonite|Dragonite, M|49/100\n|turn|13\n|\n|t:|1783819192\n|move|p1a: Dragonite|Extreme Speed|p2a: Krookodile\n|-damage|p2a: Krookodile|0 fnt\n|faint|p2a: Krookodile\n|\n|upkeep\n|\n|t:|1783819201\n|switch|p2a: Crabominable|Crabominable, F|100/100\n|-damage|p2a: Crabominable|84/100|[from] Spikes\n|turn|14\n|\n|t:|1783819222\n|switch|p1a: Zamazenta|Zamazenta|100/100\n|-ability|p1a: Zamazenta|Dauntless Shield|boost\n|-boost|p1a: Zamazenta|def|1\n|move|p2a: Crabominable|Ice Hammer|p1a: Zamazenta\n|-damage|p1a: Zamazenta|59/100\n|-unboost|p2a: Crabominable|spe|1\n|\n|upkeep\n|turn|15\n|\n|t:|1783819237\n|switch|p2a: Enamorus|Enamorus-Therian, F|100/100\n|move|p1a: Zamazenta|Close Combat|p2a: Enamorus\n|-resisted|p2a: Enamorus\n|-damage|p2a: Enamorus|91/100\n|-unboost|p1a: Zamazenta|def|1\n|-unboost|p1a: Zamazenta|spd|1\n|\n|-heal|p2a: Enamorus|97/100|[from] item: Leftovers\n|upkeep\n|turn|16\n|inactive|UsedTissue07 has 60 seconds left.\n|\n|t:|1783819252\n|-terastallize|p1a: Zamazenta|Ice\n|move|p1a: Zamazenta|Ice Fang|p2a: Enamorus\n|-supereffective|p2a: Enamorus\n|-damage|p2a: Enamorus|51/100\n|move|p2a: Enamorus|Tailwind|p2a: Enamorus\n|-sidestart|p2: wumbosquad|move: Tailwind\n|\n|-heal|p2a: Enamorus|57/100|[from] item: Leftovers\n|upkeep\n|turn|17\n|inactive|UsedTissue07 has 60 seconds left.\n|\n|t:|1783819266\n|move|p1a: Zamazenta|Ice Fang|p2a: Enamorus\n|-supereffective|p2a: Enamorus\n|-damage|p2a: Enamorus|11/100\n|move|p2a: Enamorus|Mystical Fire|p1a: Zamazenta\n|-supereffective|p1a: Zamazenta\n|-damage|p1a: Zamazenta|0 fnt\n|faint|p1a: Zamazenta\n|\n|-heal|p2a: Enamorus|17/100|[from] item: Leftovers\n|upkeep\n|inactive|UsedTissue07 has 60 seconds left.\n|\n|t:|1783819284\n|switch|p1a: Dragonite|Dragonite, M|49/100\n|turn|18\n|l|☆UsedTissue07\n|inactive|UsedTissue07 disconnected and has a minute to reconnect!\n|player|p1|\n|inactive|UsedTissue07 has 30 seconds left.\n|inactive|UsedTissue07 has 20 seconds left.\n|inactive|UsedTissue07 has 15 seconds left.\n|inactive|UsedTissue07 has 10 seconds left.\n|inactive|UsedTissue07 has 5 seconds left.\n|-message|UsedTissue07 lost due to inactivity.\n|\n|win|wumbosquad\n|raw|UsedTissue07's rating: 1093 &rarr; <strong>1070</strong><br />(-23 for losing)\n|raw|wumbosquad's rating: 1106 &rarr; <strong>1130</strong><br />(+24 for winning)\n|l|☆wumbosquad\n|player|p2|\n|j|☆UsedTissue07\n|player|p1|UsedTissue07|clerk|\n|l|☆UsedTissue07\n|player|p1|\n", "uploadtime": 1783819623, "views": 14, "formatid": "gen9ou", "rating": 1070, "private": 0, "password": null}