{"id": "gen9ou-2540625995", "format": "[Gen 9] OU", "players": ["3idk", "ceo o wo chien"], "log": "|j|☆3idk\n|j|☆ceo o wo chien\n|t:|1771229766\n|gametype|singles\n|player|p1|3idk|cynthia-masters|1802\n|player|p2|ceo o wo chien|1|1770\n|gen|9\n|tier|[Gen 9] OU\n|rated|\n|rule|HP Percentage Mod: HP is shown in percentages\n|rule|Endless Battle Clause: Forcing endless battles is banned\n|rule|Species Clause: Limit one of each Pokémon\n|rule|OHKO Clause: OHKO moves are banned\n|rule|Evasion Items Clause: Evasion items are banned\n|rule|Evasion Moves Clause: Evasion moves are banned\n|rule|Evasion Abilities Clause: Evasion abilities are banned\n|rule|Sleep Moves Clause: Sleep-inducing moves are banned\n|clearpoke\n|poke|p1|Pelipper, F|\n|poke|p1|Hatterene, F|\n|poke|p1|Iron Treads|\n|poke|p1|Toxicroak, F|\n|poke|p1|Barraskewda, F|\n|poke|p1|Zapdos|\n|poke|p2|Primarina, M|\n|poke|p2|Iron Crown|\n|poke|p2|Great Tusk|\n|poke|p2|Wo-Chien|\n|poke|p2|Moltres|\n|poke|p2|Dragapult, F|\n|teampreview\n|inactive|Battle timer is ON: inactive players will automatically lose when time's up. (requested by ceo o wo chien)\n|inactive|3idk also wants the timer to be on.\n|j| heatraniac\n|\n|t:|1771229785\n|teamsize|p1|6\n|teamsize|p2|6\n|start\n|switch|p1a: Pelipper|Pelipper, F|100/100\n|switch|p2a: Dragapult|Dragapult, F|100/100\n|-weather|RainDance|[from] ability: Drizzle|[of] p1a: Pelipper\n|turn|1\n|\n|t:|1771229791\n|switch|p1a: Iron Treads|Iron Treads|100/100\n|-terastallize|p2a: Dragapult|Ghost\n|move|p2a: Dragapult|Tera Blast|p1a: Iron Treads|[anim] Tera Blast Ghost\n|-damage|p1a: Iron Treads|37/100\n|\n|-weather|RainDance|[upkeep]\n|-heal|p1a: Iron Treads|43/100|[from] item: Leftovers\n|upkeep\n|turn|2\n|\n|t:|1771229799\n|-terastallize|p1a: Iron Treads|Normal\n|move|p2a: Dragapult|Tera Blast|p1a: Iron Treads|[anim] Tera Blast Ghost\n|-immune|p1a: Iron Treads\n|move|p1a: Iron Treads|Earthquake|p2a: Dragapult\n|-damage|p2a: Dragapult|46/100\n|\n|-weather|RainDance|[upkeep]\n|-heal|p1a: Iron Treads|49/100|[from] item: Leftovers\n|upkeep\n|turn|3\n|j| nonchalantbufalant\n|\n|t:|1771229807\n|switch|p2a: Great Tusk|Great Tusk|100/100\n|-end|p1a: Iron Treads|Quark Drive|[silent]\n|switch|p1a: Barraskewda|Barraskewda, F|100/100\n|\n|-weather|RainDance|[upkeep]\n|upkeep\n|turn|4\n|\n|t:|1771229813\n|-end|p2a: Great Tusk|Protosynthesis|[silent]\n|switch|p2a: Primarina|Primarina, M|100/100\n|move|p1a: Barraskewda|Flip Turn|p2a: Primarina\n|-resisted|p2a: Primarina\n|-damage|p2a: Primarina|48/100\n|\n|t:|1771229818\n|switch|p1a: Zapdos|Zapdos|100/100|[from] Flip Turn\n|\n|-weather|RainDance|[upkeep]\n|upkeep\n|turn|5\n|\n|t:|1771229820\n|switch|p2a: Wo-Chien|Wo-Chien|100/100\n|-ability|p2a: Wo-Chien|Tablets of Ruin\n|move|p1a: Zapdos|Volt Switch|p2a: Wo-Chien\n|-resisted|p2a: Wo-Chien\n|-damage|p2a: Wo-Chien|83/100\n|\n|t:|1771229827\n|switch|p1a: Barraskewda|Barraskewda, F|100/100|[from] Volt Switch\n|\n|-weather|RainDance|[upkeep]\n|-heal|p2a: Wo-Chien|89/100|[from] item: Leftovers\n|upkeep\n|turn|6\n|\n|t:|1771229832\n|move|p1a: Barraskewda|Flip Turn|p2a: Wo-Chien\n|-resisted|p2a: Wo-Chien\n|-damage|p2a: Wo-Chien|70/100\n|\n|t:|1771229836\n|switch|p1a: Hatterene|Hatterene, F|100/100|[from] Flip Turn\n|move|p2a: Wo-Chien|Foul Play|p1a: Hatterene\n|-damage|p1a: Hatterene|75/100\n|-enditem|p1a: Hatterene|Eject Button\n|\n|t:|1771229840\n|switch|p1a: Zapdos|Zapdos|100/100\n|\n|-weather|RainDance|[upkeep]\n|-heal|p2a: Wo-Chien|76/100|[from] item: Leftovers\n|upkeep\n|turn|7\n|\n|t:|1771229844\n|switch|p2a: Iron Crown|Iron Crown|100/100\n|move|p1a: Zapdos|Volt Switch|p2a: Iron Crown\n|-damage|p2a: Iron Crown|47/100\n|\n|t:|1771229850\n|switch|p1a: Barraskewda|Barraskewda, F|100/100|[from] Volt Switch\n|\n|-weather|RainDance|[upkeep]\n|upkeep\n|turn|8\n|\n|t:|1771229853\n|-end|p2a: Iron Crown|Quark Drive|[silent]\n|switch|p2a: Wo-Chien|Wo-Chien|76/100\n|-ability|p2a: Wo-Chien|Tablets of Ruin\n|move|p1a: Barraskewda|Flip Turn|p2a: Wo-Chien\n|-resisted|p2a: Wo-Chien\n|-damage|p2a: Wo-Chien|56/100\n|\n|t:|1771229857\n|switch|p1a: Zapdos|Zapdos|100/100|[from] Flip Turn\n|\n|-weather|none\n|-heal|p2a: Wo-Chien|62/100|[from] item: Leftovers\n|upkeep\n|turn|9\n|\n|t:|1771229859\n|move|p1a: Zapdos|Hurricane|p2a: Wo-Chien\n|-supereffective|p2a: Wo-Chien\n|-crit|p2a: Wo-Chien\n|-damage|p2a: Wo-Chien|0 fnt\n|faint|p2a: Wo-Chien\n|\n|upkeep\n|\n|t:|1771229860\n|switch|p2a: Dragapult|Dragapult, F, tera:Ghost|46/100\n|turn|10\n|\n|t:|1771229866\n|switch|p1a: Pelipper|Pelipper, F|100/100\n|-weather|RainDance|[from] ability: Drizzle|[of] p1a: Pelipper\n|move|p2a: Dragapult|Tera Blast|p1a: Pelipper|[anim] Tera Blast Ghost\n|-damage|p1a: Pelipper|16/100\n|\n|-weather|RainDance|[upkeep]\n|upkeep\n|turn|11\n|\n|t:|1771229870\n|switch|p2a: Great Tusk|Great Tusk|100/100\n|switch|p1a: Iron Treads|Iron Treads, tera:Normal|49/100\n|\n|-weather|RainDance|[upkeep]\n|-heal|p1a: Iron Treads|55/100|[from] item: Leftovers\n|upkeep\n|turn|12\n|j| Romaxou\n|\n|t:|1771229882\n|-end|p1a: Iron Treads|Quark Drive|[silent]\n|switch|p1a: Zapdos|Zapdos|100/100\n|move|p2a: Great Tusk|Rapid Spin|p1a: Zapdos\n|-crit|p1a: Zapdos\n|-damage|p1a: Zapdos|72/100\n|-boost|p2a: Great Tusk|spe|1\n|\n|-weather|RainDance|[upkeep]\n|upkeep\n|turn|13\n|\n|t:|1771229888\n|switch|p1a: Hatterene|Hatterene, F|75/100\n|move|p2a: Great Tusk|Ice Spinner|p1a: Hatterene\n|-damage|p1a: Hatterene|55/100\n|\n|-weather|RainDance|[upkeep]\n|upkeep\n|turn|14\n|\n|t:|1771229893\n|-end|p2a: Great Tusk|Protosynthesis|[silent]\n|switch|p2a: Primarina|Primarina, M|48/100\n|move|p1a: Hatterene|Psychic Noise|p2a: Primarina\n|-damage|p2a: Primarina|15/100\n|-start|p2a: Primarina|move: Heal Block\n|\n|-weather|RainDance|[upkeep]\n|upkeep\n|turn|15\n|\n|t:|1771229896\n|switch|p2a: Iron Crown|Iron Crown|47/100\n|move|p1a: Hatterene|Psychic Noise|p2a: Iron Crown\n|-resisted|p2a: Iron Crown\n|-damage|p2a: Iron Crown|38/100\n|-start|p2a: Iron Crown|move: Heal Block\n|\n|-weather|RainDance|[upkeep]\n|upkeep\n|turn|16\n|\n|t:|1771229900\n|move|p2a: Iron Crown|Tachyon Cutter|p1a: Hatterene\n|-supereffective|p1a: Hatterene\n|-damage|p1a: Hatterene|0 fnt\n|faint|p1a: Hatterene\n|-hitcount|p1: Hatterene|1\n|\n|-weather|RainDance|[upkeep]\n|-end|p2a: Iron Crown|move: Heal Block\n|upkeep\n|\n|t:|1771229904\n|switch|p1a: Barraskewda|Barraskewda, F|100/100\n|turn|17\n|\n|t:|1771229920\n|-end|p2a: Iron Crown|Quark Drive|[silent]\n|switch|p2a: Moltres|Moltres|100/100\n|move|p1a: Barraskewda|Flip Turn|p2a: Moltres\n|-supereffective|p2a: Moltres\n|-damage|p2a: Moltres|0 fnt\n|faint|p2a: Moltres\n|\n|t:|1771229937\n|switch|p1a: Toxicroak|Toxicroak, F|100/100|[from] Flip Turn\n|\n|-weather|none\n|upkeep\n|\n|t:|1771229941\n|switch|p2a: Iron Crown|Iron Crown|38/100\n|turn|18\n|\n|t:|1771229946\n|switch|p1a: Pelipper|Pelipper, F|16/100\n|-weather|RainDance|[from] ability: Drizzle|[of] p1a: Pelipper\n|move|p2a: Iron Crown|Psyshock|p1a: Pelipper\n|-crit|p1a: Pelipper\n|-damage|p1a: Pelipper|0 fnt\n|faint|p1a: Pelipper\n|\n|-weather|RainDance|[upkeep]\n|upkeep\n|\n|t:|1771229950\n|switch|p1a: Barraskewda|Barraskewda, F|100/100\n|turn|19\n|\n|t:|1771229955\n|-end|p2a: Iron Crown|Quark Drive|[silent]\n|switch|p2a: Great Tusk|Great Tusk|100/100\n|move|p1a: Barraskewda|Liquidation|p2a: Great Tusk\n|-supereffective|p2a: Great Tusk\n|-damage|p2a: Great Tusk|0 fnt\n|faint|p2a: Great Tusk\n|-end|p2a: Great Tusk|Protosynthesis|[silent]\n|\n|-weather|RainDance|[upkeep]\n|upkeep\n|\n|t:|1771229964\n|switch|p2a: Primarina|Primarina, M|15/100\n|turn|20\n|-enditem|p2a: Primarina|Custap Berry|[eat]\n|-activate|p2a: Primarina|item: Custap Berry|[consumed]\n|\n|t:|1771229968\n|move|p2a: Primarina|Moonblast|p1a: Barraskewda\n|-damage|p1a: Barraskewda|0 fnt\n|faint|p1a: Barraskewda\n|\n|-weather|RainDance|[upkeep]\n|upkeep\n|\n|t:|1771229977\n|switch|p1a: Zapdos|Zapdos|72/100\n|turn|21\n|c| nonchalantbufalant|Wow\n|\n|t:|1771229981\n|move|p1a: Zapdos|Thunder|p2a: Primarina\n|-supereffective|p2a: Primarina\n|-damage|p2a: Primarina|0 fnt\n|faint|p2a: Primarina\n|\n|-weather|RainDance|[upkeep]\n|upkeep\n|\n|t:|1771229983\n|switch|p2a: Dragapult|Dragapult, F, tera:Ghost|46/100\n|turn|22\n|\n|t:|1771229989\n|move|p2a: Dragapult|Dragon Darts|p1a: Zapdos\n|-damage|p1a: Zapdos|23/100\n|-anim|p2a: Dragapult|Dragon Darts|p1a: Zapdos\n|-damage|p1a: Zapdos|0 fnt\n|faint|p1a: Zapdos\n|\n|-weather|RainDance|[upkeep]\n|upkeep\n|\n|t:|1771229994\n|switch|p1a: Toxicroak|Toxicroak, F|100/100\n|turn|23\n|\n|t:|1771229996\n|move|p2a: Dragapult|Dragon Darts|p1a: Toxicroak\n|-damage|p1a: Toxicroak|64/100\n|-anim|p2a: Dragapult|Dragon Darts|p1a: Toxicroak\n|-damage|p1a: Toxicroak|32/100\n|move|p1a: Toxicroak|Knock Off|p2a: Dragapult\n|-supereffective|p2a: Dragapult\n|-damage|p2a: Dragapult|0 fnt\n|-enditem|p2a: Dragapult|Choice Band|[from] move: Knock Off|[of] p1a: Toxicroak\n|faint|p2a: Dragapult\n|\n|-weather|RainDance|[upkeep]\n|-heal|p1a: Toxicroak|44/100|[from] ability: Dry Skin\n|upkeep\n|\n|t:|1771229999\n|switch|p2a: Iron Crown|Iron Crown|38/100\n|turn|24\n|\n|t:|1771230009\n|move|p2a: Iron Crown|Tachyon Cutter|p1a: Toxicroak\n|-damage|p1a: Toxicroak|0 fnt\n|faint|p1a: Toxicroak\n|-hitcount|p1: Toxicroak|1\n|\n|-weather|RainDance|[upkeep]\n|upkeep\n|\n|t:|1771230012\n|switch|p1a: Iron Treads|Iron Treads, tera:Normal|55/100\n|turn|25\n|\n|t:|1771230016\n|move|p2a: Iron Crown|Tachyon Cutter|p1a: Iron Treads\n|-damage|p1a: Iron Treads|24/100\n|-damage|p1a: Iron Treads|0 fnt\n|faint|p1a: Iron Treads\n|-end|p1a: Iron Treads|Quark Drive|[silent]\n|-hitcount|p1: Iron Treads|2\n|\n|win|ceo o wo chien\n|raw|3idk's rating: 1802 &rarr; <strong>1780</strong><br />(-22 for losing)\n|raw|ceo o wo chien's rating: 1770 &rarr; <strong>1792</strong><br />(+22 for winning)\n|l|☆3idk\n|player|p1|\n|l| heatraniac\n|l| Romaxou\n|l| nonchalantbufalant\n", "uploadtime": 1771230022, "views": 10, "formatid": "gen9ou", "rating": 1780, "private": 0, "password": null}