{"id": "gen9ou-2647827763", "format": "[Gen 9] OU", "players": ["zyrek911", "CosmicMD"], "log": "|j|☆zyrek911\n|j|☆CosmicMD\n|t:|1783819673\n|gametype|singles\n|player|p1|zyrek911|hilbert|1463\n|player|p2|CosmicMD|colress|1506\n|gen|9\n|tier|[Gen 9] OU\n|rated|\n|rule|HP Percentage Mod: HP is shown in percentages\n|rule|Endless Battle Clause: Forcing endless battles is banned\n|rule|Species Clause: Limit one of each Pokémon\n|rule|OHKO Clause: OHKO moves are banned\n|rule|Evasion Items Clause: Evasion items are banned\n|rule|Evasion Moves Clause: Evasion moves are banned\n|rule|Evasion Abilities Clause: Evasion abilities are banned\n|rule|Sleep Moves Clause: Sleep-inducing moves are banned\n|clearpoke\n|poke|p1|Ceruledge, F|\n|poke|p1|Glimmora, F|\n|poke|p1|Raging Bolt|\n|poke|p1|Iron Valiant|\n|poke|p1|Great Tusk|\n|poke|p1|Primarina, M|\n|poke|p2|Hydrapple, M|\n|poke|p2|Arcanine-Hisui, M|\n|poke|p2|Alomomola, M|\n|poke|p2|Corviknight, F|\n|poke|p2|Excadrill, M|\n|poke|p2|Tyranitar, F|\n|teampreview\n|inactive|Battle timer is ON: inactive players will automatically lose when time's up. (requested by zyrek911)\n|c|☆CosmicMD|glhf\n|\n|t:|1783819687\n|teamsize|p1|6\n|teamsize|p2|6\n|start\n|switch|p1a: Great Tusk|Great Tusk|100/100\n|switch|p2a: Excadrill|Excadrill, M|100/100\n|-enditem|p1a: Great Tusk|Booster Energy\n|-activate|p1a: Great Tusk|ability: Protosynthesis|[fromitem]\n|-start|p1a: Great Tusk|protosynthesisatk\n|turn|1\n|\n|t:|1783819697\n|switch|p2a: HydrapGOAT|Hydrapple, M|100/100\n|move|p1a: Great Tusk|Knock Off|p2a: HydrapGOAT\n|-damage|p2a: HydrapGOAT|77/100\n|-enditem|p2a: HydrapGOAT|Heavy-Duty Boots|[from] move: Knock Off|[of] p1a: Great Tusk\n|\n|upkeep\n|turn|2\n|\n|t:|1783819710\n|move|p1a: Great Tusk|Ice Spinner|p2a: HydrapGOAT\n|-supereffective|p2a: HydrapGOAT\n|-damage|p2a: HydrapGOAT|0 fnt\n|faint|p2a: HydrapGOAT\n|\n|upkeep\n|\n|t:|1783819715\n|switch|p2a: Alomomola|Alomomola, M|100/100\n|turn|3\n|\n|t:|1783819725\n|move|p1a: Great Tusk|Knock Off|p2a: Alomomola\n|-damage|p2a: Alomomola|77/100\n|-enditem|p2a: Alomomola|Assault Vest|[from] move: Knock Off|[of] p1a: Great Tusk\n|move|p2a: Alomomola|Scald|p1a: Great Tusk\n|-supereffective|p1a: Great Tusk\n|-damage|p1a: Great Tusk|62/100\n|\n|upkeep\n|turn|4\n|\n|t:|1783819733\n|move|p1a: Great Tusk|Headlong Rush|p2a: Alomomola\n|-damage|p2a: Alomomola|32/100\n|-unboost|p1a: Great Tusk|def|1\n|-unboost|p1a: Great Tusk|spd|1\n|move|p2a: Alomomola|Scald|p1a: Great Tusk\n|-supereffective|p1a: Great Tusk\n|-damage|p1a: Great Tusk|0 fnt\n|faint|p1a: Great Tusk\n|-end|p1a: Great Tusk|Protosynthesis|[silent]\n|\n|upkeep\n|\n|t:|1783819740\n|switch|p1a: Glimmora|Glimmora, F|100/100\n|turn|5\n|\n|t:|1783819747\n|switch|p2a: Excadrill|Excadrill, M|100/100\n|move|p1a: Glimmora|Meteor Beam||[still]\n|-prepare|p1a: Glimmora|Meteor Beam\n|-boost|p1a: Glimmora|spa|1\n|-enditem|p1a: Glimmora|Power Herb\n|-anim|p1a: Glimmora|Meteor Beam|p2a: Excadrill\n|-resisted|p2a: Excadrill\n|-damage|p2a: Excadrill|68/100\n|\n|upkeep\n|turn|6\n|\n|t:|1783819751\n|move|p2a: Excadrill|Earthquake|p1a: Glimmora\n|-supereffective|p1a: Glimmora\n|-damage|p1a: Glimmora|0 fnt\n|-activate|p1a: Glimmora|ability: Toxic Debris\n|-sidestart|p2: CosmicMD|move: Toxic Spikes\n|faint|p1a: Glimmora\n|\n|upkeep\n|\n|t:|1783819779\n|switch|p1a: Primarina|Primarina, M|100/100\n|turn|7\n|\n|t:|1783819785\n|move|p2a: Excadrill|Rapid Spin|p1a: Primarina\n|-damage|p1a: Primarina|74/100\n|-boost|p2a: Excadrill|spe|1\n|-sideend|p2: CosmicMD|Toxic Spikes|[from] move: Rapid Spin|[of] p2a: Excadrill\n|move|p1a: Primarina|Surf|p2a: Excadrill\n|-supereffective|p2a: Excadrill\n|-damage|p2a: Excadrill|0 fnt\n|faint|p2a: Excadrill\n|\n|-heal|p1a: Primarina|80/100|[from] item: Leftovers\n|upkeep\n|\n|t:|1783819791\n|switch|p2a: Arcanine|Arcanine-Hisui, M|100/100\n|turn|8\n|\n|t:|1783819795\n|move|p2a: Arcanine|Head Smash|p1a: Primarina\n|-damage|p1a: Primarina|0 fnt\n|faint|p1a: Primarina\n|\n|upkeep\n|\n|t:|1783819818\n|switch|p1a: Iron Valiant|Iron Valiant|100/100\n|-enditem|p1a: Iron Valiant|Booster Energy\n|-activate|p1a: Iron Valiant|ability: Quark Drive|[fromitem]\n|-start|p1a: Iron Valiant|quarkdrivespe\n|turn|9\n|\n|t:|1783819826\n|switch|p2a: Corviknight|Corviknight, F|100/100\n|-ability|p2a: Corviknight|Pressure\n|move|p1a: Iron Valiant|Close Combat|p2a: Corviknight\n|-damage|p2a: Corviknight|71/100\n|-unboost|p1a: Iron Valiant|def|1\n|-unboost|p1a: Iron Valiant|spd|1\n|\n|-heal|p2a: Corviknight|77/100|[from] item: Leftovers\n|upkeep\n|turn|10\n|\n|t:|1783819841\n|move|p1a: Iron Valiant|Destiny Bond|p1a: Iron Valiant\n|-singlemove|p1a: Iron Valiant|Destiny Bond\n|move|p2a: Corviknight|Brave Bird|p1a: Iron Valiant\n|-supereffective|p1a: Iron Valiant\n|-damage|p1a: Iron Valiant|0 fnt\n|faint|p1a: Iron Valiant\n|-activate|p1a: Iron Valiant|move: Destiny Bond\n|-end|p1a: Iron Valiant|Quark Drive|[silent]\n|faint|p2a: Corviknight\n|\n|upkeep\n|\n|t:|1783819848\n|switch|p1a: Raging Bolt|Raging Bolt|100/100\n|switch|p2a: Tyranitar|Tyranitar, F|100/100\n|-weather|Sandstorm|[from] ability: Sand Stream|[of] p2a: Tyranitar\n|-enditem|p1a: Raging Bolt|Booster Energy\n|-activate|p1a: Raging Bolt|ability: Protosynthesis|[fromitem]\n|-start|p1a: Raging Bolt|protosynthesisspa\n|turn|11\n|\n|t:|1783819853\n|-terastallize|p1a: Raging Bolt|Dragon\n|move|p1a: Raging Bolt|Calm Mind|p1a: Raging Bolt\n|-boost|p1a: Raging Bolt|spa|1\n|-boost|p1a: Raging Bolt|spd|1\n|move|p2a: Tyranitar|Stone Edge|p1a: Raging Bolt\n|-damage|p1a: Raging Bolt|14/100\n|\n|-weather|Sandstorm|[upkeep]\n|-damage|p1a: Raging Bolt|8/100|[from] Sandstorm\n|upkeep\n|turn|12\n|\n|t:|1783819864\n|move|p1a: Raging Bolt|Dragon Pulse|p2a: Tyranitar\n|-damage|p2a: Tyranitar|32/100\n|move|p2a: Tyranitar|Stone Edge|p1a: Raging Bolt\n|-damage|p1a: Raging Bolt|0 fnt\n|faint|p1a: Raging Bolt\n|-end|p1a: Raging Bolt|Protosynthesis|[silent]\n|\n|-weather|Sandstorm|[upkeep]\n|upkeep\n|\n|t:|1783819868\n|switch|p1a: Ceruledge|Ceruledge, F|100/100\n|turn|13\n|c|☆zyrek911|gg\n|\n|t:|1783819886\n|move|p1a: Ceruledge|Swords Dance|p1a: Ceruledge\n|-boost|p1a: Ceruledge|atk|2\n|move|p2a: Tyranitar|Stone Edge|p1a: Ceruledge|[miss]\n|-miss|p2a: Tyranitar|p1a: Ceruledge\n|\n|-weather|Sandstorm|[upkeep]\n|-damage|p1a: Ceruledge|94/100|[from] Sandstorm\n|upkeep\n|turn|14\n|\n|t:|1783819896\n|move|p1a: Ceruledge|Bitter Blade|p2a: Tyranitar\n|-resisted|p2a: Tyranitar\n|-damage|p2a: Tyranitar|0 fnt\n|-heal|p1a: Ceruledge|100/100|[from] drain|[of] p2a: Tyranitar\n|faint|p2a: Tyranitar\n|\n|-weather|Sandstorm|[upkeep]\n|-damage|p1a: Ceruledge|94/100|[from] Sandstorm\n|upkeep\n|\n|t:|1783819899\n|switch|p2a: Arcanine|Arcanine-Hisui, M|100/100\n|turn|15\n|c|☆zyrek911|oh i thought i died there\n|\n|t:|1783819908\n|move|p2a: Arcanine|Head Smash|p1a: Ceruledge\n|-supereffective|p1a: Ceruledge\n|-damage|p1a: Ceruledge|0 fnt\n|faint|p1a: Ceruledge\n|\n|win|CosmicMD\n|raw|zyrek911's rating: 1463 &rarr; <strong>1445</strong><br />(-18 for losing)\n|raw|CosmicMD's rating: 1506 &rarr; <strong>1524</strong><br />(+18 for winning)\n|c|☆CosmicMD|ggwp\n|c|☆zyrek911|ggwp\n|l|☆zyrek911\n|player|p1|\n|l|☆CosmicMD\n|player|p2|\n", "uploadtime": 1783820303, "views": 10, "formatid": "gen9ou", "rating": 1445, "private": 0, "password": null}