{"id": "gen9ou-2647797095", "format": "[Gen 9] OU", "players": ["ReinTheDeer", "esta man oe"], "log": "|j|☆ReinTheDeer\n|j|☆esta man oe\n|t:|1783814302\n|gametype|singles\n|player|p1|ReinTheDeer|winona|1318\n|player|p2|esta man oe|preschooler|1373\n|gen|9\n|tier|[Gen 9] OU\n|rated|\n|rule|HP Percentage Mod: HP is shown in percentages\n|rule|Endless Battle Clause: Forcing endless battles is banned\n|rule|Species Clause: Limit one of each Pokémon\n|rule|OHKO Clause: OHKO moves are banned\n|rule|Evasion Items Clause: Evasion items are banned\n|rule|Evasion Moves Clause: Evasion moves are banned\n|rule|Evasion Abilities Clause: Evasion abilities are banned\n|rule|Sleep Moves Clause: Sleep-inducing moves are banned\n|clearpoke\n|poke|p1|Ogerpon-Wellspring, F|\n|poke|p1|Great Tusk|\n|poke|p1|Corviknight, M|\n|poke|p1|Kingambit, F|\n|poke|p1|Heatran, F|\n|poke|p1|Dragapult, F|\n|poke|p2|Ogerpon-Wellspring, F|\n|poke|p2|Heatran, M|\n|poke|p2|Goodra-Hisui, F|\n|poke|p2|Thundurus-Therian, M|\n|poke|p2|Orthworm, M|\n|poke|p2|Grimmsnarl, M|\n|teampreview\n|inactive|Battle timer is ON: inactive players will automatically lose when time's up. (requested by esta man oe)\n|\n|t:|1783814317\n|teamsize|p1|6\n|teamsize|p2|6\n|start\n|switch|p1a: Kingambit|Kingambit, F, shiny|100/100\n|switch|p2a: Grimmsnarl|Grimmsnarl, M|100/100\n|turn|1\n|\n|t:|1783814322\n|move|p2a: Grimmsnarl|Reflect|p2a: Grimmsnarl\n|-sidestart|p2: esta man oe|Reflect\n|move|p1a: Kingambit|Iron Head|p2a: Grimmsnarl\n|-supereffective|p2a: Grimmsnarl\n|-damage|p2a: Grimmsnarl|62/100\n|\n|upkeep\n|turn|2\n|\n|t:|1783814332\n|move|p2a: Grimmsnarl|Light Screen|p2a: Grimmsnarl\n|-sidestart|p2: esta man oe|move: Light Screen\n|move|p1a: Kingambit|Iron Head|p2a: Grimmsnarl\n|-supereffective|p2a: Grimmsnarl\n|-damage|p2a: Grimmsnarl|23/100\n|\n|upkeep\n|turn|3\n|\n|t:|1783814340\n|switch|p2a: Heatran|Heatran, M|100/100\n|move|p1a: Kingambit|Kowtow Cleave|p2a: Heatran\n|-damage|p2a: Heatran|74/100\n|\n|-heal|p2a: Heatran|80/100|[from] item: Leftovers\n|upkeep\n|turn|4\n|\n|t:|1783814352\n|-end|p1a: Kingambit|fallenundefined|[silent]\n|switch|p1a: Heatran|Heatran, F|100/100\n|move|p2a: Heatran|Stealth Rock|p1a: Heatran\n|-sidestart|p1: ReinTheDeer|move: Stealth Rock\n|\n|-heal|p2a: Heatran|86/100|[from] item: Leftovers\n|upkeep\n|turn|5\n|\n|t:|1783814358\n|move|p1a: Heatran|Protect|p1a: Heatran\n|-singleturn|p1a: Heatran|Protect\n|move|p2a: Heatran|Earth Power|p1a: Heatran\n|-activate|p1a: Heatran|move: Protect\n|\n|-heal|p2a: Heatran|92/100|[from] item: Leftovers\n|upkeep\n|turn|6\n|\n|t:|1783814367\n|-terastallize|p1a: Heatran|Bug\n|move|p2a: Heatran|Earth Power|p1a: Heatran\n|-resisted|p1a: Heatran\n|-damage|p1a: Heatran|93/100\n|move|p1a: Heatran|Earth Power|p2a: Heatran\n|-supereffective|p2a: Heatran\n|-damage|p2a: Heatran|62/100\n|\n|-heal|p1a: Heatran|99/100|[from] item: Leftovers\n|-heal|p2a: Heatran|68/100|[from] item: Leftovers\n|upkeep\n|turn|7\n|\n|t:|1783814387\n|switch|p2a: Ogerpon|Ogerpon-Wellspring, F|100/100\n|move|p1a: Heatran|Protect||[still]\n|-fail|p1a: Heatran\n|\n|-heal|p1a: Heatran|100/100|[from] item: Leftovers\n|upkeep\n|turn|8\n|\n|t:|1783814398\n|-terastallize|p2a: Ogerpon|Water\n|detailschange|p2a: Ogerpon|Ogerpon-Wellspring-Tera, F, tera:Water\n|-ability|p2a: Ogerpon|Embody Aspect (Wellspring)|boost\n|-boost|p2a: Ogerpon|spd|1\n|move|p2a: Ogerpon|Swords Dance|p2a: Ogerpon\n|-boost|p2a: Ogerpon|atk|2\n|move|p1a: Heatran|Lava Plume|p2a: Ogerpon\n|-resisted|p2a: Ogerpon\n|-damage|p2a: Ogerpon|94/100\n|\n|-sideend|p2: esta man oe|Reflect\n|upkeep\n|turn|9\n|\n|t:|1783814406\n|switch|p1a: Ogerpon|Ogerpon-Wellspring, F|100/100\n|-damage|p1a: Ogerpon|88/100|[from] Stealth Rock\n|move|p2a: Ogerpon|Ivy Cudgel|p1a: Ogerpon|[anim] Ivy Cudgel Water\n|-heal|p1a: Ogerpon|100/100|[from] ability: Water Absorb|[of] p2a: Ogerpon\n|\n|-sideend|p2: esta man oe|move: Light Screen\n|upkeep\n|turn|10\n|\n|t:|1783814415\n|move|p2a: Ogerpon|Horn Leech|p1a: Ogerpon\n|-damage|p1a: Ogerpon|0 fnt\n|-heal|p2a: Ogerpon|100/100|[from] drain|[of] p1a: Ogerpon\n|faint|p1a: Ogerpon\n|\n|upkeep\n|\n|t:|1783814421\n|switch|p1a: Dragapult|Dragapult, F|100/100\n|-damage|p1a: Dragapult|88/100|[from] Stealth Rock\n|turn|11\n|\n|t:|1783814426\n|switch|p2a: Goodra|Goodra-Hisui, F|100/100\n|move|p1a: Dragapult|Draco Meteor|p2a: Goodra\n|-damage|p2a: Goodra|66/100\n|-unboost|p1a: Dragapult|spa|2\n|\n|upkeep\n|turn|12\n|\n|t:|1783814439\n|switch|p1a: Heatran|Heatran, F, tera:Bug|100/100\n|-damage|p1a: Heatran|76/100|[from] Stealth Rock\n|move|p2a: Goodra|Dragon Pulse|p1a: Heatran\n|-damage|p1a: Heatran|49/100\n|\n|-heal|p1a: Heatran|55/100|[from] item: Leftovers\n|upkeep\n|turn|13\n|\n|t:|1783814449\n|move|p1a: Heatran|Magma Storm|p2a: Goodra|[miss]\n|-miss|p1a: Heatran|p2a: Goodra\n|move|p2a: Goodra|Dragon Pulse|p1a: Heatran\n|-damage|p1a: Heatran|29/100\n|\n|-heal|p1a: Heatran|35/100|[from] item: Leftovers\n|upkeep\n|turn|14\n|\n|t:|1783814453\n|move|p1a: Heatran|Earth Power|p2a: Goodra\n|-supereffective|p2a: Goodra\n|-damage|p2a: Goodra|42/100\n|move|p2a: Goodra|Dragon Pulse|p1a: Heatran\n|-damage|p1a: Heatran|9/100\n|\n|-heal|p1a: Heatran|15/100|[from] item: Leftovers\n|upkeep\n|turn|15\n|\n|t:|1783814459\n|move|p1a: Heatran|Protect|p1a: Heatran\n|-singleturn|p1a: Heatran|Protect\n|move|p2a: Goodra|Dragon Pulse|p1a: Heatran\n|-activate|p1a: Heatran|move: Protect\n|\n|-heal|p1a: Heatran|21/100|[from] item: Leftovers\n|upkeep\n|turn|16\n|\n|t:|1783814462\n|move|p1a: Heatran|Earth Power|p2a: Goodra\n|-supereffective|p2a: Goodra\n|-damage|p2a: Goodra|20/100\n|move|p2a: Goodra|Dragon Pulse|p1a: Heatran\n|-damage|p1a: Heatran|0 fnt\n|faint|p1a: Heatran\n|\n|upkeep\n|\n|t:|1783814467\n|switch|p1a: Great Tusk|Great Tusk|100/100\n|turn|17\n|\n|t:|1783814473\n|move|p1a: Great Tusk|Rapid Spin|p2a: Goodra\n|-resisted|p2a: Goodra\n|-damage|p2a: Goodra|13/100\n|-boost|p1a: Great Tusk|spe|1\n|-sideend|p1: ReinTheDeer|Stealth Rock|[from] move: Rapid Spin|[of] p1a: Great Tusk\n|move|p2a: Goodra|Dragon Pulse|p1a: Great Tusk\n|-damage|p1a: Great Tusk|46/100\n|\n|upkeep\n|turn|18\n|\n|t:|1783814478\n|move|p1a: Great Tusk|Headlong Rush|p2a: Goodra\n|-supereffective|p2a: Goodra\n|-crit|p2a: Goodra\n|-damage|p2a: Goodra|0 fnt\n|-unboost|p1a: Great Tusk|def|1\n|-unboost|p1a: Great Tusk|spd|1\n|faint|p2a: Goodra\n|\n|upkeep\n|\n|t:|1783814481\n|switch|p2a: Grimmsnarl|Grimmsnarl, M|23/100\n|turn|19\n|\n|t:|1783814484\n|move|p2a: Grimmsnarl|Parting Shot|p1a: Great Tusk\n|-unboost|p1a: Great Tusk|atk|1\n|-unboost|p1a: Great Tusk|spa|1\n|\n|t:|1783814488\n|switch|p2a: Thundurus|Thundurus-Therian, M|100/100|[from] Parting Shot\n|move|p1a: Great Tusk|Headlong Rush|p2a: Thundurus\n|-immune|p2a: Thundurus\n|\n|upkeep\n|turn|20\n|\n|t:|1783814494\n|-end|p1a: Great Tusk|Protosynthesis|[silent]\n|switch|p1a: Dragapult|Dragapult, F|88/100\n|move|p2a: Thundurus|Focus Blast|p1a: Dragapult\n|-immune|p1a: Dragapult\n|\n|upkeep\n|turn|21\n|\n|t:|1783814500\n|switch|p2a: Heatran|Heatran, M|68/100\n|move|p1a: Dragapult|Draco Meteor|p2a: Heatran\n|-resisted|p2a: Heatran\n|-damage|p2a: Heatran|44/100\n|-unboost|p1a: Dragapult|spa|2\n|\n|-heal|p2a: Heatran|50/100|[from] item: Leftovers\n|upkeep\n|turn|22\n|\n|t:|1783814518\n|switch|p1a: Corviknight|Corviknight, M|100/100\n|-ability|p1a: Corviknight|Pressure\n|move|p2a: Heatran|Magma Storm|p1a: Corviknight|[miss]\n|-miss|p2a: Heatran|p1a: Corviknight\n|\n|-heal|p2a: Heatran|56/100|[from] item: Leftovers\n|upkeep\n|turn|23\n|\n|t:|1783814526\n|move|p2a: Heatran|Magma Storm|p1a: Corviknight|[miss]\n|-miss|p2a: Heatran|p1a: Corviknight\n|move|p1a: Corviknight|Body Press|p2a: Heatran\n|-supereffective|p2a: Heatran\n|-damage|p2a: Heatran|15/100\n|\n|-heal|p2a: Heatran|21/100|[from] item: Leftovers\n|upkeep\n|turn|24\n|\n|t:|1783814529\n|move|p2a: Heatran|Magma Storm|p1a: Corviknight\n|-supereffective|p1a: Corviknight\n|-damage|p1a: Corviknight|10/100\n|-activate|p1a: Corviknight|move: Magma Storm|[of] p2a: Heatran\n|move|p1a: Corviknight|Body Press|p2a: Heatran\n|-supereffective|p2a: Heatran\n|-damage|p2a: Heatran|0 fnt\n|faint|p2a: Heatran\n|\n|-end|p1a: Corviknight|Magma Storm|[partiallytrapped]|[silent]\n|upkeep\n|\n|t:|1783814541\n|switch|p2a: Ogerpon|Ogerpon-Wellspring-Tera, F, tera:Water|100/100\n|-ability|p2a: Ogerpon|Embody Aspect (Wellspring)|boost\n|-boost|p2a: Ogerpon|spd|1\n|turn|25\n|\n|t:|1783814545\n|move|p2a: Ogerpon|Ivy Cudgel|p1a: Corviknight|[anim] Ivy Cudgel Water\n|-damage|p1a: Corviknight|0 fnt\n|faint|p1a: Corviknight\n|\n|upkeep\n|\n|t:|1783814548\n|switch|p1a: Dragapult|Dragapult, F|88/100\n|turn|26\n|\n|t:|1783814551\n|switch|p2a: Orthworm|Orthworm, M|100/100\n|move|p1a: Dragapult|Draco Meteor|p2a: Orthworm\n|-resisted|p2a: Orthworm\n|-damage|p2a: Orthworm|56/100\n|-unboost|p1a: Dragapult|spa|2\n|\n|-heal|p2a: Orthworm|62/100|[from] item: Leftovers\n|upkeep\n|turn|27\n|\n|t:|1783814558\n|switch|p1a: Great Tusk|Great Tusk|46/100\n|switch|p2a: Grimmsnarl|Grimmsnarl, M|23/100\n|\n|upkeep\n|turn|28\n|\n|t:|1783814566\n|move|p2a: Grimmsnarl|Parting Shot|p1a: Great Tusk\n|-unboost|p1a: Great Tusk|atk|1\n|-unboost|p1a: Great Tusk|spa|1\n|\n|t:|1783814584\n|switch|p2a: Thundurus|Thundurus-Therian, M|100/100|[from] Parting Shot\n|move|p1a: Great Tusk|Headlong Rush|p2a: Thundurus\n|-immune|p2a: Thundurus\n|\n|upkeep\n|turn|29\n|\n|t:|1783814591\n|-end|p1a: Great Tusk|Protosynthesis|[silent]\n|switch|p1a: Dragapult|Dragapult, F|88/100\n|move|p2a: Thundurus|Dark Pulse|p1a: Dragapult\n|-supereffective|p1a: Dragapult\n|-damage|p1a: Dragapult|15/100\n|\n|upkeep\n|turn|30\n|\n|t:|1783814596\n|move|p1a: Dragapult|Draco Meteor|p2a: Thundurus\n|-damage|p2a: Thundurus|7/100\n|-unboost|p1a: Dragapult|spa|2\n|move|p2a: Thundurus|Dark Pulse|p1a: Dragapult\n|-supereffective|p1a: Dragapult\n|-damage|p1a: Dragapult|0 fnt\n|faint|p1a: Dragapult\n|\n|upkeep\n|\n|t:|1783814605\n|switch|p1a: Kingambit|Kingambit, F, shiny|100/100\n|-activate|p1a: Kingambit|ability: Supreme Overlord\n|-start|p1a: Kingambit|fallen4|[silent]\n|turn|31\n|\n|t:|1783814608\n|move|p1a: Kingambit|Sucker Punch|p2a: Thundurus\n|-damage|p2a: Thundurus|0 fnt\n|faint|p2a: Thundurus\n|\n|upkeep\n|\n|t:|1783814609\n|switch|p2a: Grimmsnarl|Grimmsnarl, M|23/100\n|turn|32\n|\n|t:|1783814615\n|move|p2a: Grimmsnarl|Reflect|p2a: Grimmsnarl\n|-sidestart|p2: esta man oe|Reflect\n|move|p1a: Kingambit|Iron Head|p2a: Grimmsnarl\n|-supereffective|p2a: Grimmsnarl\n|-damage|p2a: Grimmsnarl|0 fnt\n|faint|p2a: Grimmsnarl\n|\n|upkeep\n|\n|t:|1783814617\n|switch|p2a: Orthworm|Orthworm, M|62/100\n|turn|33\n|\n|t:|1783814622\n|-end|p1a: Kingambit|fallen4|[silent]\n|switch|p1a: Great Tusk|Great Tusk|46/100\n|move|p2a: Orthworm|Iron Defense|p2a: Orthworm\n|-boost|p2a: Orthworm|def|2\n|\n|-heal|p2a: Orthworm|68/100|[from] item: Leftovers\n|upkeep\n|turn|34\n|\n|t:|1783814627\n|switch|p2a: Ogerpon|Ogerpon-Wellspring-Tera, F, tera:Water|100/100\n|-ability|p2a: Ogerpon|Embody Aspect (Wellspring)|boost\n|-boost|p2a: Ogerpon|spd|1\n|move|p1a: Great Tusk|Headlong Rush|p2a: Ogerpon\n|-damage|p2a: Ogerpon|67/100\n|-unboost|p1a: Great Tusk|def|1\n|-unboost|p1a: Great Tusk|spd|1\n|\n|upkeep\n|turn|35\n|\n|t:|1783814639\n|move|p2a: Ogerpon|Ivy Cudgel|p1a: Great Tusk|[anim] Ivy Cudgel Water\n|-supereffective|p1a: Great Tusk\n|-damage|p1a: Great Tusk|0 fnt\n|faint|p1a: Great Tusk\n|-end|p1a: Great Tusk|Protosynthesis|[silent]\n|\n|upkeep\n|\n|t:|1783814641\n|switch|p1a: Kingambit|Kingambit, F, shiny|100/100\n|-activate|p1a: Kingambit|ability: Supreme Overlord\n|-start|p1a: Kingambit|fallen5|[silent]\n|turn|36\n|\n|t:|1783814644\n|move|p2a: Ogerpon|Ivy Cudgel|p1a: Kingambit|[anim] Ivy Cudgel Water\n|-damage|p1a: Kingambit|45/100\n|move|p1a: Kingambit|Swords Dance|p1a: Kingambit\n|-boost|p1a: Kingambit|atk|2\n|\n|upkeep\n|turn|37\n|\n|t:|1783814649\n|move|p1a: Kingambit|Sucker Punch|p2a: Ogerpon\n|-damage|p2a: Ogerpon|0 fnt\n|faint|p2a: Ogerpon\n|detailschange|p2: Ogerpon|Ogerpon-Wellspring, F|[silent]\n|\n|upkeep\n|\n|t:|1783814650\n|switch|p2a: Orthworm|Orthworm, M|68/100\n|turn|38\n|\n|t:|1783814655\n|move|p2a: Orthworm|Iron Defense|p2a: Orthworm\n|-boost|p2a: Orthworm|def|2\n|move|p1a: Kingambit|Kowtow Cleave|p2a: Orthworm\n|-damage|p2a: Orthworm|34/100\n|\n|-heal|p2a: Orthworm|40/100|[from] item: Leftovers\n|upkeep\n|turn|39\n|\n|t:|1783814664\n|move|p1a: Kingambit|Sucker Punch|p2a: Orthworm\n|-damage|p2a: Orthworm|14/100\n|move|p2a: Orthworm|Body Press|p1a: Kingambit\n|-supereffective|p1a: Kingambit\n|-damage|p1a: Kingambit|0 fnt\n|faint|p1a: Kingambit\n|-end|p1a: Kingambit|fallen5|[silent]\n|\n|win|esta man oe\n|raw|ReinTheDeer's rating: 1318 &rarr; <strong>1301</strong><br />(-17 for losing)\n|raw|esta man oe's rating: 1373 &rarr; <strong>1390</strong><br />(+17 for winning)\n", "uploadtime": 1783814665, "views": 14, "formatid": "gen9ou", "rating": 1301, "private": 0, "password": null}