{"id": "gen9ou-2639189303", "format": "[Gen 9] OU", "players": ["thepeakmons", "mln11"], "log": "|j|☆thepeakmons\n|j|☆mln11\n|t:|1782431514\n|gametype|singles\n|player|p1|thepeakmons|101|1179\n|player|p2|mln11|n|1258\n|gen|9\n|tier|[Gen 9] OU\n|rated|\n|rule|HP Percentage Mod: HP is shown in percentages\n|rule|Endless Battle Clause: Forcing endless battles is banned\n|rule|Species Clause: Limit one of each Pokémon\n|rule|OHKO Clause: OHKO moves are banned\n|rule|Evasion Items Clause: Evasion items are banned\n|rule|Evasion Moves Clause: Evasion moves are banned\n|rule|Evasion Abilities Clause: Evasion abilities are banned\n|rule|Sleep Moves Clause: Sleep-inducing moves are banned\n|clearpoke\n|poke|p1|Corviknight, F|\n|poke|p1|Ting-Lu|\n|poke|p1|Kyurem|\n|poke|p1|Dondozo, F|\n|poke|p1|Slowking-Galar, F|\n|poke|p1|Cinderace, F|\n|poke|p2|Dragonite, M|\n|poke|p2|Kingambit, F|\n|poke|p2|Iron Valiant|\n|poke|p2|Raging Bolt|\n|poke|p2|Darkrai|\n|poke|p2|Garchomp, M|\n|teampreview\n|inactive|Battle timer is ON: inactive players will automatically lose when time's up. (requested by mln11)\n|\n|t:|1782431526\n|teamsize|p1|6\n|teamsize|p2|6\n|start\n|switch|p1a: Cinderace|Cinderace, F|100/100\n|switch|p2a: Garchomp|Garchomp, M|100/100\n|turn|1\n|inactive|thepeakmons also wants the timer to be on.\n|c|☆mln11|Glhf\n|inactive|thepeakmons has 120 seconds left.\n|\n|t:|1782431561\n|move|p1a: Cinderace|U-turn|p2a: Garchomp\n|-damage|p2a: Garchomp|83/100\n|-damage|p1a: Cinderace|88/100|[from] ability: Rough Skin|[of] p2a: Garchomp\n|\n|t:|1782431579\n|switch|p1a: Corviknight|Corviknight, F|100/100|[from] U-turn\n|-ability|p1a: Corviknight|Pressure\n|move|p2a: Garchomp|Scale Shot|p1a: Corviknight\n|-resisted|p1a: Corviknight\n|-damage|p1a: Corviknight|97/100\n|-resisted|p1a: Corviknight\n|-damage|p1a: Corviknight|93/100\n|-resisted|p1a: Corviknight\n|-damage|p1a: Corviknight|89/100\n|-resisted|p1a: Corviknight\n|-damage|p1a: Corviknight|85/100\n|-hitcount|p1a: Corviknight|4\n|-unboost|p2a: Garchomp|def|1\n|-boost|p2a: Garchomp|spe|1\n|\n|upkeep\n|turn|2\n|\n|t:|1782431598\n|switch|p2a: Raging Bolt|Raging Bolt|100/100\n|-enditem|p2a: Raging Bolt|Booster Energy\n|-activate|p2a: Raging Bolt|ability: Protosynthesis|[fromitem]\n|-start|p2a: Raging Bolt|protosynthesisspa\n|move|p1a: Corviknight|Brave Bird|p2a: Raging Bolt\n|-resisted|p2a: Raging Bolt\n|-damage|p2a: Raging Bolt|86/100\n|-damage|p1a: Corviknight|81/100|[from] Recoil\n|\n|upkeep\n|turn|3\n|\n|t:|1782431607\n|switch|p1a: Ting-Lu|Ting-Lu|100/100\n|-ability|p1a: Ting-Lu|Vessel of Ruin\n|move|p2a: Raging Bolt|Thunderbolt|p1a: Ting-Lu\n|-immune|p1a: Ting-Lu\n|\n|upkeep\n|turn|4\n|\n|t:|1782431618\n|-terastallize|p2a: Raging Bolt|Normal\n|move|p2a: Raging Bolt|Calm Mind|p2a: Raging Bolt\n|-boost|p2a: Raging Bolt|spa|1\n|-boost|p2a: Raging Bolt|spd|1\n|move|p1a: Ting-Lu|Earthquake|p2a: Raging Bolt\n|-damage|p2a: Raging Bolt|57/100\n|\n|upkeep\n|turn|5\n|\n|t:|1782431625\n|move|p2a: Raging Bolt|Calm Mind|p2a: Raging Bolt\n|-boost|p2a: Raging Bolt|spa|1\n|-boost|p2a: Raging Bolt|spd|1\n|move|p1a: Ting-Lu|Payback|p2a: Raging Bolt\n|-damage|p2a: Raging Bolt|27/100\n|\n|upkeep\n|turn|6\n|inactive|thepeakmons has 120 seconds left.\n|\n|t:|1782431637\n|move|p2a: Raging Bolt|Dragon Pulse|p1a: Ting-Lu\n|-damage|p1a: Ting-Lu|50/100\n|move|p1a: Ting-Lu|Earthquake|p2a: Raging Bolt\n|-damage|p2a: Raging Bolt|0 fnt\n|faint|p2a: Raging Bolt\n|-end|p2a: Raging Bolt|Protosynthesis|[silent]\n|\n|-heal|p1a: Ting-Lu|56/100|[from] item: Leftovers\n|upkeep\n|\n|t:|1782431644\n|switch|p2a: Iron Valiant|Iron Valiant, shiny|100/100\n|-enditem|p2a: Iron Valiant|Booster Energy\n|-activate|p2a: Iron Valiant|ability: Quark Drive|[fromitem]\n|-start|p2a: Iron Valiant|quarkdriveatk\n|turn|7\n|\n|t:|1782431652\n|move|p2a: Iron Valiant|Spirit Break|p1a: Ting-Lu\n|-supereffective|p1a: Ting-Lu\n|-damage|p1a: Ting-Lu|0 fnt\n|faint|p1a: Ting-Lu\n|\n|upkeep\n|inactive|thepeakmons has 120 seconds left.\n|\n|t:|1782431669\n|switch|p1a: Cinderace|Cinderace, F|88/100\n|turn|8\n|inactive|thepeakmons has 120 seconds left.\n|\n|t:|1782431677\n|move|p1a: Cinderace|Will-O-Wisp|p2a: Iron Valiant\n|-status|p2a: Iron Valiant|brn\n|move|p2a: Iron Valiant|Close Combat|p1a: Cinderace\n|-damage|p1a: Cinderace|31/100\n|-unboost|p2a: Iron Valiant|def|1\n|-unboost|p2a: Iron Valiant|spd|1\n|\n|-damage|p2a: Iron Valiant|94/100 brn|[from] brn\n|upkeep\n|turn|9\n|inactive|thepeakmons has 120 seconds left.\n|c|☆mln11|Cc\n|\n|t:|1782431698\n|move|p1a: Cinderace|Pyro Ball|p2a: Iron Valiant\n|-damage|p2a: Iron Valiant|0 fnt\n|faint|p2a: Iron Valiant\n|-end|p2a: Iron Valiant|Quark Drive|[silent]\n|\n|upkeep\n|\n|t:|1782431701\n|switch|p2a: Dragonite|Dragonite, M|100/100\n|turn|10\n|c|☆mln11|Es\n|inactive|thepeakmons has 120 seconds left.\n|\n|t:|1782431709\n|switch|p1a: Kyurem|Kyurem|100/100\n|-ability|p1a: Kyurem|Pressure\n|move|p2a: Dragonite|Extreme Speed|p1a: Kyurem\n|-damage|p1a: Kyurem|74/100\n|\n|-heal|p1a: Kyurem|80/100|[from] item: Leftovers\n|upkeep\n|turn|11\n|inactive|thepeakmons has 120 seconds left.\n|\n|t:|1782431727\n|move|p1a: Kyurem|Freeze-Dry|p2a: Dragonite\n|-supereffective|p2a: Dragonite\n|-damage|p2a: Dragonite|30/100\n|move|p2a: Dragonite|Dragon Claw|p1a: Kyurem\n|-supereffective|p1a: Kyurem\n|-damage|p1a: Kyurem|0 fnt\n|faint|p1a: Kyurem\n|\n|upkeep\n|\n|t:|1782431748\n|switch|p1a: Corviknight|Corviknight, F|81/100\n|-ability|p1a: Corviknight|Pressure\n|turn|12\n|\n|t:|1782431755\n|move|p2a: Dragonite|Fire Punch|p1a: Corviknight\n|-supereffective|p1a: Corviknight\n|-damage|p1a: Corviknight|45/100\n|-damage|p2a: Dragonite|13/100|[from] item: Rocky Helmet|[of] p1a: Corviknight\n|move|p1a: Corviknight|Brave Bird|p2a: Dragonite\n|-damage|p2a: Dragonite|0 fnt\n|faint|p2a: Dragonite\n|-damage|p1a: Corviknight|41/100|[from] Recoil\n|\n|upkeep\n|\n|t:|1782431764\n|switch|p2a: Darkrai|Darkrai|100/100\n|turn|13\n|\n|t:|1782431781\n|move|p2a: Darkrai|Dark Pulse|p1a: Corviknight\n|-damage|p1a: Corviknight|0 fnt\n|faint|p1a: Corviknight\n|\n|upkeep\n|\n|t:|1782431799\n|switch|p1a: Dondozo|Dondozo, F|100/100\n|turn|14\n|\n|t:|1782431811\n|move|p2a: Darkrai|Dark Pulse|p1a: Dondozo\n|-damage|p1a: Dondozo|69/100\n|cant|p1a: Dondozo|flinch\n|\n|-heal|p1a: Dondozo|75/100|[from] item: Leftovers\n|upkeep\n|turn|15\n|\n|t:|1782431825\n|move|p2a: Darkrai|Dark Pulse|p1a: Dondozo\n|-damage|p1a: Dondozo|44/100\n|move|p1a: Dondozo|Body Press|p2a: Darkrai\n|-supereffective|p2a: Darkrai\n|-damage|p2a: Darkrai|44/100\n|\n|-heal|p1a: Dondozo|50/100|[from] item: Leftovers\n|upkeep\n|turn|16\n|\n|t:|1782431839\n|move|p2a: Darkrai|Dark Pulse|p1a: Dondozo\n|-damage|p1a: Dondozo|18/100\n|move|p1a: Dondozo|Body Press|p2a: Darkrai\n|-supereffective|p2a: Darkrai\n|-damage|p2a: Darkrai|0 fnt\n|faint|p2a: Darkrai\n|\n|-heal|p1a: Dondozo|24/100|[from] item: Leftovers\n|upkeep\n|\n|t:|1782431848\n|switch|p2a: Garchomp|Garchomp, M|83/100\n|turn|17\n|\n|t:|1782431864\n|move|p2a: Garchomp|Scale Shot|p1a: Dondozo\n|-damage|p1a: Dondozo|17/100\n|-damage|p1a: Dondozo|8/100\n|-damage|p1a: Dondozo|0 fnt\n|faint|p1a: Dondozo\n|-hitcount|p1: Dondozo|3\n|-unboost|p2a: Garchomp|def|1\n|-boost|p2a: Garchomp|spe|1\n|\n|upkeep\n|inactive|thepeakmons has 90 seconds left.\n|\n|t:|1782431877\n|switch|p1a: Slowking|Slowking-Galar, F|100/100\n|turn|18\n|inactive|thepeakmons has 90 seconds left.\n|\n|t:|1782431890\n|move|p2a: Garchomp|Earthquake|p1a: Slowking\n|-supereffective|p1a: Slowking\n|-enditem|p1a: Slowking|Shuca Berry|[eat]\n|-enditem|p1a: Slowking|Shuca Berry|[weaken]\n|-damage|p1a: Slowking|64/100\n|move|p1a: Slowking|Ice Beam|p2a: Garchomp\n|-supereffective|p2a: Garchomp\n|-damage|p2a: Garchomp|0 fnt\n|faint|p2a: Garchomp\n|\n|upkeep\n|\n|t:|1782431898\n|switch|p2a: Kingambit|Kingambit, F, shiny|100/100\n|-activate|p2a: Kingambit|ability: Supreme Overlord\n|-start|p2a: Kingambit|fallen5|[silent]\n|turn|19\n|\n|t:|1782431911\n|move|p2a: Kingambit|Sucker Punch||[still]\n|-fail|p2a: Kingambit\n|-prepare|p1a: Slowking|Chilly Reception|[premajor]\n|move|p1a: Slowking|Chilly Reception|p1a: Slowking\n|-weather|Snowscape\n|inactive|thepeakmons has 90 seconds left.\n|\n|t:|1782431924\n|switch|p1a: Cinderace|Cinderace, F|31/100|[from] Chilly Reception\n|\n|-weather|Snowscape|[upkeep]\n|upkeep\n|turn|20\n|inactive|thepeakmons has 90 seconds left.\n|\n|t:|1782431937\n|move|p1a: Cinderace|Will-O-Wisp|p2a: Kingambit|[miss]\n|-miss|p1a: Cinderace|p2a: Kingambit\n|move|p2a: Kingambit|Kowtow Cleave|p1a: Cinderace\n|-damage|p1a: Cinderace|0 fnt\n|faint|p1a: Cinderace\n|\n|-weather|Snowscape|[upkeep]\n|upkeep\n|inactive|thepeakmons has 90 seconds left.\n|c|☆mln11|Gg\n|\n|t:|1782431952\n|switch|p1a: Slowking|Slowking-Galar, F|97/100\n|turn|21\n|inactive|thepeakmons has 90 seconds left.\n|\n|t:|1782431963\n|move|p2a: Kingambit|Kowtow Cleave|p1a: Slowking\n|-supereffective|p1a: Slowking\n|-damage|p1a: Slowking|0 fnt\n|faint|p1a: Slowking\n|\n|win|mln11\n|raw|thepeakmons's rating: 1201 &rarr; <strong>1180</strong><br />(-21 for losing)\n|raw|mln11's rating: 1258 &rarr; <strong>1279</strong><br />(+21 for winning)\n|l|☆mln11\n|player|p2|\n", "uploadtime": 1782431968, "views": 26, "formatid": "gen9ou", "rating": 1180, "private": 0, "password": null}