{"id": "gen9ou-2639889363", "format": "[Gen 9] OU", "players": ["Draw Your Sword", "tokyo sushi"], "log": "|badge|p1|bronze|gen9ou|100-9\n|html|<div class=\"broadcast-red\"><strong>This battle is required to be public due to one or more player having a season medal.</strong><br />During the public phase, you can discuss the state of the ladder <a href=\"/seasondiscussion\">in a special chatroom.</a></div>\n|uhtml|medal-msg|<div class=\"broadcast-blue\">Curious what those medals under the avatar are? PS now has Ladder Seasons! For more information, check out the <a href=\"https://www.smogon.com/forums/threads/3740067/\">thread on Smogon.</a></div>\n|raw|<div class=\"broadcast-blue\"><strong>This battle is required to be public due to a player having a name starting with 'medal'.</div>\n|j|☆Draw Your Sword\n|j|☆tokyo sushi\n|t:|1782536971\n|gametype|singles\n|player|p1|Draw Your Sword|psychic-gen4|1818\n|player|p2|tokyo sushi|lass-gen4dp|1672\n|gen|9\n|tier|[Gen 9] OU\n|rated|\n|rule|HP Percentage Mod: HP is shown in percentages\n|rule|Endless Battle Clause: Forcing endless battles is banned\n|rule|Species Clause: Limit one of each Pokémon\n|rule|OHKO Clause: OHKO moves are banned\n|rule|Evasion Items Clause: Evasion items are banned\n|rule|Evasion Moves Clause: Evasion moves are banned\n|rule|Evasion Abilities Clause: Evasion abilities are banned\n|rule|Sleep Moves Clause: Sleep-inducing moves are banned\n|clearpoke\n|poke|p1|Gliscor, F|\n|poke|p1|Samurott-Hisui, F|\n|poke|p1|Dragonite, M|\n|poke|p1|Clefable, M|\n|poke|p1|Gholdengo|\n|poke|p1|Zamazenta-*|\n|poke|p2|Ogerpon-Wellspring, F|\n|poke|p2|Kyurem|\n|poke|p2|Glimmora, M|\n|poke|p2|Great Tusk|\n|poke|p2|Kingambit, F|\n|poke|p2|Enamorus, F|\n|teampreview\n|inactive|Battle timer is ON: inactive players will automatically lose when time's up. (requested by tokyo sushi)\n|\n|t:|1782536978\n|teamsize|p1|6\n|teamsize|p2|6\n|start\n|switch|p1a: Clefable|Clefable, M|100/100\n|switch|p2a: Ogerpon|Ogerpon-Wellspring, F|100/100\n|turn|1\n|\n|t:|1782536986\n|move|p2a: Ogerpon|U-turn|p1a: Clefable\n|-resisted|p1a: Clefable\n|-damage|p1a: Clefable|90/100\n|-damage|p2a: Ogerpon|84/100|[from] item: Rocky Helmet|[of] p1a: Clefable\n|\n|t:|1782536987\n|switch|p2a: Glimmora|Glimmora, M|100/100|[from] U-turn\n|move|p1a: Clefable|Thunder Wave|p2a: Glimmora\n|-status|p2a: Glimmora|par\n|\n|upkeep\n|turn|2\n|\n|t:|1782536995\n|switch|p1a: Gliscor|Gliscor, F|100/100\n|move|p2a: Glimmora|Power Gem|p1a: Gliscor\n|-damage|p1a: Gliscor|73/100\n|\n|-status|p1a: Gliscor|tox|[from] item: Toxic Orb\n|upkeep\n|turn|3\n|\n|t:|1782537001\n|switch|p2a: Ogerpon|Ogerpon-Wellspring, F|84/100\n|move|p1a: Gliscor|Facade|p2a: Ogerpon\n|-damage|p2a: Ogerpon|44/100\n|\n|-heal|p1a: Gliscor|85/100 tox|[from] ability: Poison Heal\n|upkeep\n|turn|4\n|\n|t:|1782537012\n|move|p1a: Gliscor|Protect|p1a: Gliscor\n|-singleturn|p1a: Gliscor|Protect\n|move|p2a: Ogerpon|Ivy Cudgel|p1a: Gliscor|[anim] Ivy Cudgel Water\n|-activate|p1a: Gliscor|move: Protect\n|\n|-heal|p1a: Gliscor|98/100 tox|[from] ability: Poison Heal\n|upkeep\n|turn|5\n|\n|t:|1782537016\n|switch|p1a: Dragonite|Dragonite, M|100/100\n|move|p2a: Ogerpon|Knock Off|p1a: Dragonite\n|-damage|p1a: Dragonite|83/100\n|-enditem|p1a: Dragonite|Heavy-Duty Boots|[from] move: Knock Off|[of] p2a: Ogerpon\n|\n|upkeep\n|turn|6\n|\n|t:|1782537022\n|move|p2a: Ogerpon|U-turn|p1a: Dragonite\n|-resisted|p1a: Dragonite\n|-damage|p1a: Dragonite|71/100\n|\n|t:|1782537025\n|switch|p2a: Kyurem|Kyurem|100/100|[from] U-turn\n|-ability|p2a: Kyurem|Pressure\n|move|p1a: Dragonite|Roost|p1a: Dragonite\n|-heal|p1a: Dragonite|100/100\n|-singleturn|p1a: Dragonite|move: Roost\n|\n|upkeep\n|turn|7\n|\n|t:|1782537043\n|-terastallize|p1a: Dragonite|Normal\n|move|p2a: Kyurem|Earth Power|p1a: Dragonite\n|-damage|p1a: Dragonite|87/100\n|move|p1a: Dragonite|Dragon Tail|p2a: Kyurem\n|-supereffective|p2a: Kyurem\n|-damage|p2a: Kyurem|36/100\n|drag|p2a: Kingambit|Kingambit, F|100/100\n|\n|upkeep\n|turn|8\n|\n|t:|1782537055\n|switch|p1a: Samurott|Samurott-Hisui, F|100/100\n|move|p2a: Kingambit|Swords Dance|p2a: Kingambit\n|-boost|p2a: Kingambit|atk|2\n|\n|upkeep\n|turn|9\n|\n|t:|1782537061\n|move|p1a: Samurott|Encore|p2a: Kingambit\n|-start|p2a: Kingambit|Encore\n|move|p2a: Kingambit|Swords Dance|p2a: Kingambit\n|-boost|p2a: Kingambit|atk|2\n|\n|upkeep\n|turn|10\n|\n|t:|1782537066\n|-end|p2a: Kingambit|fallenundefined|[silent]\n|switch|p2a: Glimmora|Glimmora, M|100/100 par\n|move|p1a: Samurott|Ceaseless Edge|p2a: Glimmora|[miss]\n|-miss|p1a: Samurott|p2a: Glimmora\n|\n|upkeep\n|turn|11\n|\n|t:|1782537074\n|move|p1a: Samurott|Ceaseless Edge|p2a: Glimmora|[miss]\n|-miss|p1a: Samurott|p2a: Glimmora\n|move|p2a: Glimmora|Mortal Spin|p1a: Samurott\n|-damage|p1a: Samurott|94/100\n|-status|p1a: Samurott|psn\n|\n|-damage|p1a: Samurott|81/100 psn|[from] psn\n|upkeep\n|turn|12\n|\n|t:|1782537080\n|move|p1a: Samurott|Razor Shell|p2a: Glimmora\n|-supereffective|p2a: Glimmora\n|-damage|p2a: Glimmora|27/100 par\n|-unboost|p2a: Glimmora|def|1\n|-activate|p2a: Glimmora|ability: Toxic Debris\n|-sidestart|p1: Draw Your Sword|move: Toxic Spikes\n|-enditem|p2a: Glimmora|Red Card|[of] p1a: Samurott\n|drag|p1a: Zamazenta|Zamazenta|100/100\n|-status|p1a: Zamazenta|psn\n|-ability|p1a: Zamazenta|Dauntless Shield|boost\n|-boost|p1a: Zamazenta|def|1\n|move|p2a: Glimmora|Mortal Spin|p1a: Zamazenta\n|-damage|p1a: Zamazenta|97/100 psn\n|\n|-heal|p1a: Zamazenta|100/100 psn|[from] item: Leftovers\n|-damage|p1a: Zamazenta|88/100 psn|[from] psn\n|upkeep\n|turn|13\n|\n|t:|1782537100\n|move|p1a: Zamazenta|Body Press|p2a: Glimmora\n|-damage|p2a: Glimmora|0 fnt\n|-activate|p2a: Glimmora|ability: Toxic Debris\n|-sidestart|p1: Draw Your Sword|move: Toxic Spikes\n|faint|p2a: Glimmora\n|\n|-heal|p1a: Zamazenta|94/100 psn|[from] item: Leftovers\n|-damage|p1a: Zamazenta|82/100 psn|[from] psn\n|upkeep\n|\n|t:|1782537104\n|switch|p2a: Enamorus|Enamorus, F|100/100\n|turn|14\n|\n|t:|1782537111\n|switch|p1a: Gliscor|Gliscor, F|98/100 tox\n|move|p2a: Enamorus|Mystical Fire|p1a: Gliscor\n|-damage|p1a: Gliscor|73/100 tox\n|-unboost|p1a: Gliscor|spa|1\n|\n|-heal|p1a: Gliscor|85/100 tox|[from] ability: Poison Heal\n|upkeep\n|turn|15\n|\n|t:|1782537119\n|switch|p2a: Ogerpon|Ogerpon-Wellspring, F|44/100\n|move|p1a: Gliscor|Facade|p2a: Ogerpon\n|-damage|p2a: Ogerpon|6/100\n|\n|-heal|p1a: Gliscor|98/100 tox|[from] ability: Poison Heal\n|upkeep\n|turn|16\n|\n|t:|1782537124\n|switch|p1a: Zamazenta|Zamazenta|82/100 psn\n|move|p2a: Ogerpon|Spikes|p1a: Zamazenta\n|-sidestart|p1: Draw Your Sword|Spikes\n|\n|-heal|p1a: Zamazenta|88/100 psn|[from] item: Leftovers\n|-damage|p1a: Zamazenta|76/100 psn|[from] psn\n|upkeep\n|turn|17\n|\n|t:|1782537128\n|switch|p1a: Gliscor|Gliscor, F|98/100 tox\n|switch|p2a: Enamorus|Enamorus, F|100/100\n|\n|-heal|p1a: Gliscor|100/100 tox|[from] ability: Poison Heal\n|upkeep\n|turn|18\n|\n|t:|1782537158\n|move|p2a: Enamorus|Healing Wish|p2a: Enamorus\n|faint|p2a: Enamorus\n|move|p1a: Gliscor|Facade|p2: Enamorus|[notarget]\n|-fail|p1a: Gliscor\n|\n|upkeep\n|\n|t:|1782537167\n|switch|p2a: Ogerpon|Ogerpon-Wellspring, F|6/100\n|-heal|p2a: Ogerpon|100/100|[from] move: Healing Wish\n|turn|19\n|\n|t:|1782537180\n|switch|p1a: Gholdengo|Gholdengo|100/100\n|-damage|p1a: Gholdengo|88/100|[from] Spikes\n|-terastallize|p2a: Ogerpon|Water\n|detailschange|p2a: Ogerpon|Ogerpon-Wellspring-Tera, F, tera:Water\n|-ability|p2a: Ogerpon|Embody Aspect (Wellspring)|boost\n|-boost|p2a: Ogerpon|spd|1\n|move|p2a: Ogerpon|Ivy Cudgel|p1a: Gholdengo|[anim] Ivy Cudgel Water\n|-damage|p1a: Gholdengo|0 fnt\n|faint|p1a: Gholdengo\n|\n|upkeep\n|\n|t:|1782537189\n|switch|p1a: Samurott|Samurott-Hisui, F|81/100 psn\n|turn|20\n|\n|t:|1782537198\n|move|p2a: Ogerpon|U-turn|p1a: Samurott\n|-supereffective|p1a: Samurott\n|-damage|p1a: Samurott|15/100 psn\n|\n|t:|1782537202\n|switch|p2a: Kingambit|Kingambit, F|100/100|[from] U-turn\n|-activate|p2a: Kingambit|ability: Supreme Overlord\n|-start|p2a: Kingambit|fallen2|[silent]\n|move|p1a: Samurott|Ceaseless Edge|p2a: Kingambit\n|-resisted|p2a: Kingambit\n|-damage|p2a: Kingambit|83/100\n|-sidestart|p2: tokyo sushi|Spikes\n|\n|-heal|p2a: Kingambit|89/100|[from] item: Leftovers\n|-damage|p1a: Samurott|2/100 psn|[from] psn\n|upkeep\n|turn|21\n|\n|t:|1782537207\n|move|p2a: Kingambit|Sucker Punch|p1a: Samurott\n|-resisted|p1a: Samurott\n|-damage|p1a: Samurott|0 fnt\n|faint|p1a: Samurott\n|\n|-heal|p2a: Kingambit|95/100|[from] item: Leftovers\n|upkeep\n|\n|t:|1782537210\n|switch|p1a: Zamazenta|Zamazenta|76/100 psn\n|-damage|p1a: Zamazenta|63/100 psn|[from] Spikes\n|turn|22\n|\n|t:|1782537214\n|-end|p2a: Kingambit|fallen2|[silent]\n|switch|p2a: Great Tusk|Great Tusk|100/100\n|-damage|p2a: Great Tusk|88/100|[from] Spikes\n|-enditem|p2a: Great Tusk|Booster Energy\n|-activate|p2a: Great Tusk|ability: Protosynthesis|[fromitem]\n|-start|p2a: Great Tusk|protosynthesisspe\n|move|p1a: Zamazenta|Iron Defense|p1a: Zamazenta\n|-boost|p1a: Zamazenta|def|2\n|\n|-heal|p1a: Zamazenta|70/100 psn|[from] item: Leftovers\n|-damage|p1a: Zamazenta|57/100 psn|[from] psn\n|upkeep\n|turn|23\n|\n|t:|1782537219\n|switch|p1a: Clefable|Clefable, M|90/100\n|-status|p1a: Clefable|tox\n|move|p2a: Great Tusk|Headlong Rush|p1a: Clefable\n|-damage|p1a: Clefable|49/100 tox\n|-unboost|p2a: Great Tusk|def|1\n|-unboost|p2a: Great Tusk|spd|1\n|-damage|p2a: Great Tusk|71/100|[from] item: Rocky Helmet|[of] p1a: Clefable\n|\n|upkeep\n|turn|24\n|\n|t:|1782537234\n|-end|p2a: Great Tusk|Protosynthesis|[silent]\n|switch|p2a: Kingambit|Kingambit, F|95/100\n|-damage|p2a: Kingambit|82/100|[from] Spikes\n|-activate|p2a: Kingambit|ability: Supreme Overlord\n|-start|p2a: Kingambit|fallen2|[silent]\n|move|p1a: Clefable|Moonlight|p1a: Clefable\n|-heal|p1a: Clefable|99/100 tox\n|\n|-heal|p2a: Kingambit|88/100|[from] item: Leftovers\n|upkeep\n|turn|25\n|\n|t:|1782537244\n|switch|p1a: Gliscor|Gliscor, F|100/100 tox\n|move|p2a: Kingambit|Iron Head|p1a: Gliscor\n|-damage|p1a: Gliscor|59/100 tox\n|\n|-heal|p2a: Kingambit|94/100|[from] item: Leftovers\n|-heal|p1a: Gliscor|71/100 tox|[from] ability: Poison Heal\n|upkeep\n|turn|26\n|\n|t:|1782537250\n|-end|p2a: Kingambit|fallen2|[silent]\n|switch|p2a: Kyurem|Kyurem|36/100\n|-damage|p2a: Kyurem|24/100|[from] Spikes\n|-ability|p2a: Kyurem|Pressure\n|move|p1a: Gliscor|Earthquake|p2a: Kyurem\n|-damage|p2a: Kyurem|0 fnt\n|faint|p2a: Kyurem\n|\n|-heal|p1a: Gliscor|84/100 tox|[from] ability: Poison Heal\n|upkeep\n|\n|t:|1782537252\n|switch|p2a: Ogerpon|Ogerpon-Wellspring-Tera, F, tera:Water|100/100\n|-damage|p2a: Ogerpon|88/100|[from] Spikes\n|-ability|p2a: Ogerpon|Embody Aspect (Wellspring)|boost\n|-boost|p2a: Ogerpon|spd|1\n|turn|27\n|\n|t:|1782537260\n|move|p2a: Ogerpon|Ivy Cudgel|p1a: Gliscor|[anim] Ivy Cudgel Water\n|-supereffective|p1a: Gliscor\n|-damage|p1a: Gliscor|0 fnt\n|faint|p1a: Gliscor\n|\n|upkeep\n|\n|t:|1782537261\n|switch|p1a: Clefable|Clefable, M|99/100 tox\n|turn|28\n|\n|t:|1782537274\n|move|p2a: Ogerpon|Ivy Cudgel|p1a: Clefable|[anim] Ivy Cudgel Water\n|-damage|p1a: Clefable|40/100 tox\n|move|p1a: Clefable|Thunder Wave|p2a: Ogerpon\n|-status|p2a: Ogerpon|par\n|\n|upkeep\n|turn|29\n|\n|t:|1782537278\n|move|p2a: Ogerpon|Ivy Cudgel|p1a: Clefable|[anim] Ivy Cudgel Water\n|-damage|p1a: Clefable|0 fnt\n|faint|p1a: Clefable\n|\n|upkeep\n|\n|t:|1782537291\n|switch|p1a: Dragonite|Dragonite, M, tera:Normal|87/100\n|-status|p1a: Dragonite|tox\n|-damage|p1a: Dragonite|75/100 tox|[from] Spikes\n|turn|30\n|\n|t:|1782537294\n|move|p1a: Dragonite|Extreme Speed|p2a: Ogerpon\n|-damage|p2a: Ogerpon|31/100 par\n|move|p2a: Ogerpon|Ivy Cudgel|p1a: Dragonite|[anim] Ivy Cudgel Water\n|-damage|p1a: Dragonite|7/100 tox\n|\n|-damage|p1a: Dragonite|1/100 tox|[from] psn\n|upkeep\n|turn|31\n|\n|t:|1782537300\n|move|p1a: Dragonite|Extreme Speed|p2a: Ogerpon\n|-damage|p2a: Ogerpon|0 fnt\n|faint|p2a: Ogerpon\n|detailschange|p2: Ogerpon|Ogerpon-Wellspring, F|[silent]\n|\n|-damage|p1a: Dragonite|0 fnt|[from] psn\n|faint|p1a: Dragonite\n|upkeep\n|\n|t:|1782537302\n|switch|p2a: Great Tusk|Great Tusk|71/100\n|switch|p1a: Zamazenta|Zamazenta|57/100 psn\n|-damage|p1a: Zamazenta|45/100 psn|[from] Spikes\n|-damage|p2a: Great Tusk|59/100|[from] Spikes\n|turn|32\n|\n|t:|1782537304\n|move|p1a: Zamazenta|Iron Defense|p1a: Zamazenta\n|-boost|p1a: Zamazenta|def|2\n|move|p2a: Great Tusk|Rapid Spin|p1a: Zamazenta\n|-damage|p1a: Zamazenta|40/100 psn\n|-boost|p2a: Great Tusk|spe|1\n|-sideend|p2: tokyo sushi|Spikes|[from] move: Rapid Spin|[of] p2a: Great Tusk\n|\n|-heal|p1a: Zamazenta|46/100 psn|[from] item: Leftovers\n|-damage|p1a: Zamazenta|33/100 psn|[from] psn\n|upkeep\n|turn|33\n|\n|t:|1782537306\n|move|p2a: Great Tusk|Headlong Rush|p1a: Zamazenta\n|-damage|p1a: Zamazenta|14/100 psn\n|-unboost|p2a: Great Tusk|def|1\n|-unboost|p2a: Great Tusk|spd|1\n|move|p1a: Zamazenta|Body Press|p2a: Great Tusk\n|-damage|p2a: Great Tusk|0 fnt\n|faint|p2a: Great Tusk\n|-end|p2a: Great Tusk|Protosynthesis|[silent]\n|\n|-heal|p1a: Zamazenta|20/100 psn|[from] item: Leftovers\n|-damage|p1a: Zamazenta|8/100 psn|[from] psn\n|upkeep\n|\n|t:|1782537309\n|switch|p2a: Kingambit|Kingambit, F|94/100\n|-activate|p2a: Kingambit|ability: Supreme Overlord\n|-start|p2a: Kingambit|fallen5|[silent]\n|turn|34\n|\n|t:|1782537311\n|move|p2a: Kingambit|Sucker Punch|p1a: Zamazenta\n|-resisted|p1a: Zamazenta\n|-damage|p1a: Zamazenta|0 fnt\n|faint|p1a: Zamazenta\n|\n|win|tokyo sushi\n|raw|Draw Your Sword's rating: 1818 &rarr; <strong>1790</strong><br />(-28 for losing)\n|raw|tokyo sushi's rating: 1672 &rarr; <strong>1700</strong><br />(+28 for winning)\n|l|☆Draw Your Sword\n|player|p1|\n", "uploadtime": 1782537318, "views": 9, "formatid": "gen9ou", "rating": 1700, "private": 0, "password": null}