{"id": "gen9ou-2639927020", "format": "[Gen 9] OU", "players": ["baroonsamedis", "LowEL0God"], "log": "|j|☆baroonsamedis\n|j|☆LowEL0God\n|t:|1782545207\n|gametype|singles\n|player|p1|baroonsamedis|giovanni|1554\n|player|p2|LowEL0God|2|1660\n|gen|9\n|tier|[Gen 9] OU\n|rated|\n|rule|HP Percentage Mod: HP is shown in percentages\n|rule|Endless Battle Clause: Forcing endless battles is banned\n|rule|Species Clause: Limit one of each Pokémon\n|rule|OHKO Clause: OHKO moves are banned\n|rule|Evasion Items Clause: Evasion items are banned\n|rule|Evasion Moves Clause: Evasion moves are banned\n|rule|Evasion Abilities Clause: Evasion abilities are banned\n|rule|Sleep Moves Clause: Sleep-inducing moves are banned\n|clearpoke\n|poke|p1|Samurott-Hisui, F|\n|poke|p1|Kleavor, M|\n|poke|p1|Iron Moth|\n|poke|p1|Iron Valiant|\n|poke|p1|Dragapult, F|\n|poke|p1|Iron Treads|\n|poke|p2|Pelipper, M|\n|poke|p2|Torkoal, F|\n|poke|p2|Walking Wake|\n|poke|p2|Tyranitar, F|\n|poke|p2|Excadrill, F|\n|poke|p2|Ogerpon-Wellspring, F|\n|teampreview\n|inactive|Battle timer is ON: inactive players will automatically lose when time's up. (requested by baroonsamedis)\n|\n|t:|1782545209\n|teamsize|p1|6\n|teamsize|p2|6\n|start\n|switch|p1a: EdgeMaster|Samurott-Hisui, F|100/100\n|switch|p2a: Ogerpon|Ogerpon-Wellspring, F|100/100\n|turn|1\n|inactive|LowEL0God also wants the timer to be on.\n|\n|t:|1782545214\n|move|p2a: Ogerpon|Horn Leech|p1a: EdgeMaster\n|-supereffective|p1a: EdgeMaster\n|-enditem|p1a: EdgeMaster|Focus Sash\n|-damage|p1a: EdgeMaster|1/100\n|move|p1a: EdgeMaster|Ceaseless Edge|p2a: Ogerpon\n|-damage|p2a: Ogerpon|37/100\n|-sidestart|p2: LowEL0God|Spikes\n|\n|upkeep\n|turn|2\n|\n|t:|1782545223\n|move|p2a: Ogerpon|Ivy Cudgel|p1a: EdgeMaster|[anim] Ivy Cudgel Water\n|-resisted|p1a: EdgeMaster\n|-damage|p1a: EdgeMaster|0 fnt\n|faint|p1a: EdgeMaster\n|\n|upkeep\n|\n|t:|1782545228\n|switch|p1a: StoneAxe|Kleavor, M|100/100\n|turn|3\n|\n|t:|1782545231\n|move|p1a: StoneAxe|Stone Axe|p2a: Ogerpon\n|-damage|p2a: Ogerpon|0 fnt\n|-sidestart|p2: LowEL0God|move: Stealth Rock\n|faint|p2a: Ogerpon\n|\n|upkeep\n|\n|t:|1782545233\n|switch|p2a: No Hazards for You|Excadrill, F, shiny|100/100\n|-damage|p2a: No Hazards for You|88/100|[from] Spikes\n|-damage|p2a: No Hazards for You|85/100|[from] Stealth Rock\n|turn|4\n|\n|t:|1782545241\n|switch|p1a: GhostExpress|Dragapult, F|100/100\n|move|p2a: No Hazards for You|Earthquake|p1a: GhostExpress\n|-damage|p1a: GhostExpress|0 fnt\n|faint|p1a: GhostExpress\n|\n|upkeep\n|\n|t:|1782545251\n|switch|p1a: SolarVenom|Iron Moth|100/100\n|-enditem|p1a: SolarVenom|Booster Energy\n|-activate|p1a: SolarVenom|ability: Quark Drive|[fromitem]\n|-start|p1a: SolarVenom|quarkdrivespa\n|turn|5\n|\n|t:|1782545260\n|switch|p2a: No Lando Plz|Tyranitar, F, shiny|100/100\n|-weather|Sandstorm|[from] ability: Sand Stream|[of] p2a: No Lando Plz\n|-terastallize|p1a: SolarVenom|Grass\n|move|p1a: SolarVenom|Fiery Dance|p2a: No Lando Plz\n|-resisted|p2a: No Lando Plz\n|-damage|p2a: No Lando Plz|89/100\n|-boost|p1a: SolarVenom|spa|1\n|\n|-weather|Sandstorm|[upkeep]\n|-damage|p1a: SolarVenom|95/100|[from] Sandstorm\n|upkeep\n|turn|6\n|\n|t:|1782545271\n|move|p1a: SolarVenom|Energy Ball|p2a: No Lando Plz\n|-supereffective|p2a: No Lando Plz\n|-damage|p2a: No Lando Plz|14/100\n|move|p2a: No Lando Plz|Stone Edge|p1a: SolarVenom\n|-damage|p1a: SolarVenom|17/100\n|\n|-weather|Sandstorm|[upkeep]\n|-damage|p1a: SolarVenom|11/100|[from] Sandstorm\n|upkeep\n|turn|7\n|\n|t:|1782545279\n|move|p1a: SolarVenom|Energy Ball|p2a: No Lando Plz\n|-supereffective|p2a: No Lando Plz\n|-damage|p2a: No Lando Plz|0 fnt\n|faint|p2a: No Lando Plz\n|\n|-weather|Sandstorm|[upkeep]\n|-damage|p1a: SolarVenom|5/100|[from] Sandstorm\n|upkeep\n|\n|t:|1782545280\n|switch|p2a: No Hazards for You|Excadrill, F, shiny|85/100\n|-damage|p2a: No Hazards for You|73/100|[from] Spikes\n|-damage|p2a: No Hazards for You|69/100|[from] Stealth Rock\n|turn|8\n|\n|t:|1782545292\n|move|p2a: No Hazards for You|Earthquake|p1a: SolarVenom\n|-resisted|p1a: SolarVenom\n|-damage|p1a: SolarVenom|0 fnt\n|faint|p1a: SolarVenom\n|-end|p1a: SolarVenom|Quark Drive|[silent]\n|\n|-weather|Sandstorm|[upkeep]\n|upkeep\n|\n|t:|1782545302\n|switch|p1a: MoonlightBlade|Iron Valiant|100/100\n|turn|9\n|\n|t:|1782545305\n|move|p1a: MoonlightBlade|Vacuum Wave|p2a: No Hazards for You\n|-supereffective|p2a: No Hazards for You\n|-damage|p2a: No Hazards for You|0 fnt\n|faint|p2a: No Hazards for You\n|-damage|p1a: MoonlightBlade|91/100|[from] item: Life Orb\n|\n|-weather|none\n|upkeep\n|\n|t:|1782545306\n|switch|p2a: Torkoal|Torkoal, F|100/100\n|-damage|p2a: Torkoal|88/100|[from] Spikes\n|-damage|p2a: Torkoal|63/100|[from] Stealth Rock\n|-weather|SunnyDay|[from] ability: Drought|[of] p2a: Torkoal\n|turn|10\n|\n|t:|1782545324\n|-end|p1a: MoonlightBlade|Quark Drive|[silent]\n|switch|p1a: StoneAxe|Kleavor, M|100/100\n|move|p2a: Torkoal|Lava Plume|p1a: StoneAxe\n|-damage|p1a: StoneAxe|43/100\n|\n|-weather|SunnyDay|[upkeep]\n|upkeep\n|turn|11\n|\n|t:|1782545331\n|move|p1a: StoneAxe|Stone Axe|p2a: Torkoal\n|-supereffective|p2a: Torkoal\n|-damage|p2a: Torkoal|5/100\n|move|p2a: Torkoal|Lava Plume|p1a: StoneAxe\n|-damage|p1a: StoneAxe|0 fnt\n|faint|p1a: StoneAxe\n|\n|-weather|SunnyDay|[upkeep]\n|upkeep\n|\n|t:|1782545339\n|switch|p1a: MetalBall|Iron Treads|100/100\n|-enditem|p1a: MetalBall|Booster Energy\n|-activate|p1a: MetalBall|ability: Quark Drive|[fromitem]\n|-start|p1a: MetalBall|quarkdrivespe\n|turn|12\n|\n|t:|1782545345\n|move|p1a: MetalBall|Rapid Spin|p2a: Torkoal\n|-damage|p2a: Torkoal|0 fnt\n|-boost|p1a: MetalBall|spe|1\n|faint|p2a: Torkoal\n|\n|-weather|SunnyDay|[upkeep]\n|upkeep\n|\n|t:|1782545346\n|switch|p2a: Walking Wake|Walking Wake|100/100\n|-damage|p2a: Walking Wake|88/100|[from] Spikes\n|-damage|p2a: Walking Wake|76/100|[from] Stealth Rock\n|-activate|p2a: Walking Wake|ability: Protosynthesis\n|-start|p2a: Walking Wake|protosynthesisspe\n|turn|13\n|\n|t:|1782545357\n|-end|p2a: Walking Wake|Protosynthesis|[silent]\n|switch|p2a: Hurricane Spam|Pelipper, M, shiny|100/100\n|-damage|p2a: Hurricane Spam|76/100|[from] Stealth Rock\n|-weather|RainDance|[from] ability: Drizzle|[of] p2a: Hurricane Spam\n|move|p1a: MetalBall|Earthquake|p2a: Hurricane Spam\n|-immune|p2a: Hurricane Spam\n|\n|-weather|RainDance|[upkeep]\n|upkeep\n|turn|14\n|\n|t:|1782545368\n|move|p1a: MetalBall|Ice Spinner|p2a: Hurricane Spam\n|-damage|p2a: Hurricane Spam|49/100\n|move|p2a: Hurricane Spam|Weather Ball|p1a: MetalBall\n|-supereffective|p1a: MetalBall\n|-damage|p1a: MetalBall|0 fnt\n|faint|p1a: MetalBall\n|-end|p1a: MetalBall|Quark Drive|[silent]\n|\n|-weather|RainDance|[upkeep]\n|upkeep\n|\n|t:|1782545375\n|switch|p1a: MoonlightBlade|Iron Valiant|91/100\n|turn|15\n|\n|t:|1782545380\n|switch|p2a: Walking Wake|Walking Wake|76/100\n|-damage|p2a: Walking Wake|64/100|[from] Spikes\n|-damage|p2a: Walking Wake|51/100|[from] Stealth Rock\n|move|p1a: MoonlightBlade|Thunderbolt|p2a: Walking Wake\n|-crit|p2a: Walking Wake\n|-damage|p2a: Walking Wake|0 fnt\n|faint|p2a: Walking Wake\n|-end|p2a: Walking Wake|Protosynthesis|[silent]\n|-damage|p1a: MoonlightBlade|81/100|[from] item: Life Orb\n|\n|-weather|RainDance|[upkeep]\n|upkeep\n|\n|t:|1782545380\n|switch|p2a: Hurricane Spam|Pelipper, M, shiny|49/100\n|-damage|p2a: Hurricane Spam|24/100|[from] Stealth Rock\n|turn|16\n|\n|t:|1782545393\n|-terastallize|p2a: Hurricane Spam|Water\n|move|p1a: MoonlightBlade|Thunderbolt|p2a: Hurricane Spam\n|-supereffective|p2a: Hurricane Spam\n|-damage|p2a: Hurricane Spam|0 fnt\n|faint|p2a: Hurricane Spam\n|-damage|p1a: MoonlightBlade|71/100|[from] item: Life Orb\n|\n|win|baroonsamedis\n|raw|baroonsamedis's rating: 1554 &rarr; <strong>1580</strong><br />(+26 for winning)\n|raw|LowEL0God's rating: 1660 &rarr; <strong>1634</strong><br />(-26 for losing)\n|c|☆baroonsamedis|gg\n|l|☆LowEL0God\n|player|p2|\n|l|☆baroonsamedis\n|player|p1|\n", "uploadtime": 1782545635, "views": 6, "formatid": "gen9ou", "rating": 1580, "private": 0, "password": null}