{"id": "gen9ou-2647695844", "format": "[Gen 9] OU", "players": ["Ayubismail", "The ZU Wanderer"], "log": "|j|☆Ayubismail\n|j|☆The ZU Wanderer\n|t:|1783797702\n|gametype|singles\n|player|p1|Ayubismail|170|1504\n|player|p2|The ZU Wanderer|roughneck|1368\n|gen|9\n|tier|[Gen 9] OU\n|rated|\n|rule|HP Percentage Mod: HP is shown in percentages\n|rule|Endless Battle Clause: Forcing endless battles is banned\n|rule|Species Clause: Limit one of each Pokémon\n|rule|OHKO Clause: OHKO moves are banned\n|rule|Evasion Items Clause: Evasion items are banned\n|rule|Evasion Moves Clause: Evasion moves are banned\n|rule|Evasion Abilities Clause: Evasion abilities are banned\n|rule|Sleep Moves Clause: Sleep-inducing moves are banned\n|clearpoke\n|poke|p1|Blaziken, F|\n|poke|p1|Ninetales, F|\n|poke|p1|Venusaur, F|\n|poke|p1|Hatterene, F|\n|poke|p1|Great Tusk|\n|poke|p1|Walking Wake|\n|poke|p2|Komala, F|\n|poke|p2|Mesprit|\n|poke|p2|Spiritomb, F|\n|poke|p2|Poliwrath, M|\n|poke|p2|Sandaconda, F|\n|poke|p2|Tauros, M|\n|teampreview\n|inactive|Battle timer is ON: inactive players will automatically lose when time's up. (requested by The ZU Wanderer)\n|\n|t:|1783797714\n|teamsize|p1|6\n|teamsize|p2|6\n|start\n|switch|p1a: Ninetales|Ninetales, F|100/100\n|switch|p2a: Komala|Komala, F, shiny|100/100\n|-weather|SunnyDay|[from] ability: Drought|[of] p1a: Ninetales\n|-ability|p2a: Komala|Comatose\n|turn|1\n|\n|t:|1783797721\n|move|p1a: Ninetales|Will-O-Wisp|p2a: Komala|[miss]\n|-miss|p1a: Ninetales|p2a: Komala\n|move|p2a: Komala|Knock Off|p1a: Ninetales\n|-damage|p1a: Ninetales|61/100\n|-enditem|p1a: Ninetales|Heat Rock|[from] move: Knock Off|[of] p2a: Komala\n|\n|-weather|SunnyDay|[upkeep]\n|upkeep\n|turn|2\n|\n|t:|1783797728\n|move|p1a: Ninetales|Will-O-Wisp|p2a: Komala\n|-immune|p2a: Komala|[from] ability: Comatose\n|move|p2a: Komala|Earthquake|p1a: Ninetales\n|-supereffective|p1a: Ninetales\n|-crit|p1a: Ninetales\n|-damage|p1a: Ninetales|0 fnt\n|faint|p1a: Ninetales\n|\n|-weather|SunnyDay|[upkeep]\n|upkeep\n|\n|t:|1783797737\n|switch|p1a: Great Tusk|Great Tusk|100/100\n|-activate|p1a: Great Tusk|ability: Protosynthesis\n|-start|p1a: Great Tusk|protosynthesisatk\n|turn|3\n|\n|t:|1783797751\n|switch|p2a: Mesprit|Mesprit, shiny|100/100\n|move|p1a: Great Tusk|Stealth Rock|p2a: Mesprit\n|-sidestart|p2: The ZU Wanderer|move: Stealth Rock\n|\n|-weather|SunnyDay|[upkeep]\n|upkeep\n|turn|4\n|\n|t:|1783797759\n|-end|p1a: Great Tusk|Protosynthesis|[silent]\n|switch|p1a: Walking Wake|Walking Wake|100/100\n|-activate|p1a: Walking Wake|ability: Protosynthesis\n|-start|p1a: Walking Wake|protosynthesisspe\n|move|p2a: Mesprit|Ice Beam|p1a: Walking Wake\n|-damage|p1a: Walking Wake|69/100\n|\n|-weather|SunnyDay|[upkeep]\n|upkeep\n|turn|5\n|\n|t:|1783797768\n|switch|p2a: Poliwrath|Poliwrath, M, shiny|100/100\n|-damage|p2a: Poliwrath|94/100|[from] Stealth Rock\n|move|p1a: Walking Wake|Hydro Steam|p2a: Poliwrath\n|-heal|p2a: Poliwrath|100/100|[from] ability: Water Absorb|[of] p1a: Walking Wake\n|\n|-weather|SunnyDay|[upkeep]\n|upkeep\n|turn|6\n|\n|t:|1783797778\n|-end|p1a: Walking Wake|Protosynthesis|[silent]\n|switch|p1a: Hatterene|Hatterene, F|100/100\n|move|p2a: Poliwrath|Drain Punch|p1a: Hatterene\n|-resisted|p1a: Hatterene\n|-damage|p1a: Hatterene|95/100\n|-enditem|p1a: Hatterene|Eject Button\n|\n|t:|1783797780\n|switch|p1a: Walking Wake|Walking Wake|69/100\n|-activate|p1a: Walking Wake|ability: Protosynthesis\n|-start|p1a: Walking Wake|protosynthesisspe\n|\n|-weather|SunnyDay|[upkeep]\n|upkeep\n|turn|7\n|\n|t:|1783797789\n|-terastallize|p2a: Poliwrath|Fairy\n|move|p1a: Walking Wake|Draco Meteor|p2a: Poliwrath\n|-immune|p2a: Poliwrath\n|move|p2a: Poliwrath|Drain Punch|p1a: Walking Wake\n|-damage|p1a: Walking Wake|44/100\n|\n|-weather|SunnyDay|[upkeep]\n|upkeep\n|turn|8\n|\n|t:|1783797797\n|-end|p1a: Walking Wake|Protosynthesis|[silent]\n|switch|p1a: Venusaur|Venusaur, F|100/100\n|switch|p2a: Komala|Komala, F, shiny|100/100\n|-damage|p2a: Komala|88/100|[from] Stealth Rock\n|-ability|p2a: Komala|Comatose\n|\n|-weather|none\n|upkeep\n|turn|9\n|\n|t:|1783797805\n|move|p1a: Venusaur|Sludge Bomb|p2a: Komala\n|-damage|p2a: Komala|55/100\n|-damage|p1a: Venusaur|91/100|[from] item: Life Orb\n|move|p2a: Komala|Rapid Spin|p1a: Venusaur\n|-damage|p1a: Venusaur|56/100\n|-boost|p2a: Komala|spe|1\n|-sideend|p2: The ZU Wanderer|Stealth Rock|[from] move: Rapid Spin|[of] p2a: Komala\n|\n|upkeep\n|turn|10\n|l|☆Ayubismail\n|inactive|Ayubismail disconnected and has a minute to reconnect!\n|player|p1|\n|inactive|Ayubismail has 30 seconds to reconnect!\n|inactive|Ayubismail has 20 seconds to reconnect!\n|inactive|Ayubismail has 15 seconds to reconnect!\n|inactive|Ayubismail has 10 seconds to reconnect!\n|inactive|Ayubismail has 5 seconds to reconnect!\n|-message|Ayubismail lost due to inactivity.\n|\n|win|The ZU Wanderer\n|raw|Ayubismail's rating: 1504 &rarr; <strong>1477</strong><br />(-27 for losing)\n|raw|The ZU Wanderer's rating: 1368 &rarr; <strong>1395</strong><br />(+27 for winning)\n|l|☆The ZU Wanderer\n|player|p2|\n", "uploadtime": 1783798022, "views": 11, "formatid": "gen9ou", "rating": 1395, "private": 0, "password": null}