{"id": "gen9ou-2639306528", "format": "[Gen 9] OU", "players": ["moonlit meadows", "Cautious"], "log": "|j|‽moonlit meadows\n|j|☆Cautious\n|t:|1782449832\n|gametype|singles\n|player|p1|moonlit meadows|bellelba|1660\n|player|p2|Cautious|266|1604\n|gen|9\n|tier|[Gen 9] OU\n|rated|\n|rule|HP Percentage Mod: HP is shown in percentages\n|rule|Endless Battle Clause: Forcing endless battles is banned\n|rule|Species Clause: Limit one of each Pokémon\n|rule|OHKO Clause: OHKO moves are banned\n|rule|Evasion Items Clause: Evasion items are banned\n|rule|Evasion Moves Clause: Evasion moves are banned\n|rule|Evasion Abilities Clause: Evasion abilities are banned\n|rule|Sleep Moves Clause: Sleep-inducing moves are banned\n|clearpoke\n|poke|p1|Clodsire, F|\n|poke|p1|Toxapex, M|\n|poke|p1|Corviknight, F|\n|poke|p1|Dondozo, M|\n|poke|p1|Clefable, M|\n|poke|p1|Gliscor, M|\n|poke|p2|Raging Bolt|\n|poke|p2|Torkoal, M|\n|poke|p2|Slither Wing|\n|poke|p2|Walking Wake|\n|poke|p2|Great Tusk|\n|poke|p2|Hatterene, F|\n|teampreview\n|inactive|Battle timer is ON: inactive players will automatically lose when time's up. (requested by moonlit meadows)\n|j| tsghdfht\n|j| thing maker\n|\n|t:|1782449848\n|teamsize|p1|6\n|teamsize|p2|6\n|start\n|switch|p1a: Gliscor|Gliscor, M|100/100\n|switch|p2a: Torkoal|Torkoal, M|100/100\n|-weather|SunnyDay|[from] ability: Drought|[of] p2a: Torkoal\n|turn|1\n|\n|t:|1782449853\n|switch|p2a: Hatterene|Hatterene, F|100/100\n|move|p1a: Gliscor|Protect||[still]\n|-fail|p1a: Gliscor\n|\n|-weather|SunnyDay|[upkeep]\n|-status|p1a: Gliscor|tox|[from] item: Toxic Orb\n|upkeep\n|turn|2\n|j| infopro play392\n|j| maximilk\n|\n|t:|1782449863\n|move|p1a: Gliscor|Knock Off|p2a: Hatterene\n|-damage|p2a: Hatterene|84/100\n|-enditem|p2a: Hatterene|Eject Button|[from] move: Knock Off|[of] p1a: Gliscor\n|move|p2a: Hatterene|Psychic Noise|p1a: Gliscor\n|-damage|p1a: Gliscor|61/100 tox\n|-start|p1a: Gliscor|move: Heal Block\n|\n|-weather|SunnyDay|[upkeep]\n|upkeep\n|turn|3\n|j| pls game\n|\n|t:|1782449874\n|switch|p1a: Corviknight|Corviknight, F|100/100\n|-ability|p1a: Corviknight|Pressure\n|switch|p2a: Slither Wing|Slither Wing|100/100\n|-activate|p2a: Slither Wing|ability: Protosynthesis\n|-start|p2a: Slither Wing|protosynthesisatk\n|\n|-weather|SunnyDay|[upkeep]\n|upkeep\n|turn|4\n|\n|t:|1782449887\n|move|p1a: Corviknight|Protect|p1a: Corviknight\n|-singleturn|p1a: Corviknight|Protect\n|move|p2a: Slither Wing|Will-O-Wisp|p1a: Corviknight\n|-activate|p1a: Corviknight|move: Protect\n|\n|-weather|SunnyDay|[upkeep]\n|upkeep\n|turn|5\n|\n|t:|1782449890\n|move|p2a: Slither Wing|Will-O-Wisp|p1a: Corviknight\n|-status|p1a: Corviknight|brn\n|move|p1a: Corviknight|Brave Bird|p2a: Slither Wing\n|-supereffective|p2a: Slither Wing\n|-damage|p2a: Slither Wing|36/100\n|-damage|p1a: Corviknight|84/100 brn|[from] item: Rocky Helmet|[of] p2a: Slither Wing\n|-damage|p1a: Corviknight|64/100 brn|[from] Recoil\n|\n|-weather|SunnyDay|[upkeep]\n|-heal|p1a: Corviknight|70/100 brn|[from] item: Leftovers\n|-damage|p1a: Corviknight|64/100 brn|[from] brn\n|upkeep\n|turn|6\n|\n|t:|1782449900\n|move|p2a: Slither Wing|Morning Sun|p2a: Slither Wing\n|-heal|p2a: Slither Wing|100/100\n|move|p1a: Corviknight|Roost|p1a: Corviknight\n|-heal|p1a: Corviknight|100/100 brn\n|-singleturn|p1a: Corviknight|move: Roost\n|\n|-weather|SunnyDay|[upkeep]\n|-damage|p1a: Corviknight|94/100 brn|[from] brn\n|upkeep\n|turn|7\n|\n|t:|1782449905\n|-end|p2a: Slither Wing|Protosynthesis|[silent]\n|switch|p2a: Raging Bolt|Raging Bolt|100/100\n|-activate|p2a: Raging Bolt|ability: Protosynthesis\n|-start|p2a: Raging Bolt|protosynthesisspa\n|move|p1a: Corviknight|Brave Bird|p2a: Raging Bolt\n|-resisted|p2a: Raging Bolt\n|-damage|p2a: Raging Bolt|92/100\n|-damage|p1a: Corviknight|91/100 brn|[from] Recoil\n|\n|-weather|SunnyDay|[upkeep]\n|-heal|p1a: Corviknight|98/100 brn|[from] item: Leftovers\n|-damage|p1a: Corviknight|91/100 brn|[from] brn\n|upkeep\n|turn|8\n|\n|t:|1782449912\n|-terastallize|p2a: Raging Bolt|Fire\n|move|p1a: Corviknight|Protect|p1a: Corviknight\n|-singleturn|p1a: Corviknight|Protect\n|move|p2a: Raging Bolt|Weather Ball|p1a: Corviknight\n|-activate|p1a: Corviknight|move: Protect\n|\n|-weather|none\n|-end|p2a: Raging Bolt|Protosynthesis\n|-heal|p1a: Corviknight|98/100 brn|[from] item: Leftovers\n|-damage|p1a: Corviknight|91/100 brn|[from] brn\n|upkeep\n|turn|9\n|\n|t:|1782449918\n|-end|p2a: Raging Bolt|Protosynthesis|[silent]\n|switch|p2a: Torkoal|Torkoal, M|100/100\n|-weather|SunnyDay|[from] ability: Drought|[of] p2a: Torkoal\n|switch|p1a: Toxapex|Toxapex, M|100/100\n|\n|-weather|SunnyDay|[upkeep]\n|upkeep\n|turn|10\n|\n|t:|1782449923\n|move|p1a: Toxapex|Poison Jab|p2a: Torkoal\n|-damage|p2a: Torkoal|87/100\n|move|p2a: Torkoal|Stealth Rock|p1a: Toxapex\n|-sidestart|p1: moonlit meadows|move: Stealth Rock\n|\n|-weather|SunnyDay|[upkeep]\n|upkeep\n|turn|11\n|\n|t:|1782449928\n|switch|p2a: Slither Wing|Slither Wing|100/100\n|-activate|p2a: Slither Wing|ability: Protosynthesis\n|-start|p2a: Slither Wing|protosynthesisatk\n|move|p1a: Toxapex|Toxic|p2a: Slither Wing\n|-status|p2a: Slither Wing|tox\n|\n|-weather|SunnyDay|[upkeep]\n|-damage|p2a: Slither Wing|94/100 tox|[from] psn\n|upkeep\n|turn|12\n|\n|t:|1782449937\n|move|p1a: Toxapex|Baneful Bunker|p1a: Toxapex\n|-singleturn|p1a: Toxapex|move: Protect\n|move|p2a: Slither Wing|Will-O-Wisp|p1a: Toxapex\n|-activate|p1a: Toxapex|move: Protect\n|\n|-weather|SunnyDay|[upkeep]\n|-damage|p2a: Slither Wing|82/100 tox|[from] psn\n|upkeep\n|turn|13\n|\n|t:|1782449958\n|switch|p1a: Clefable|Clefable, M|100/100\n|move|p2a: Slither Wing|U-turn|p1a: Clefable\n|-resisted|p1a: Clefable\n|-damage|p1a: Clefable|85/100\n|\n|t:|1782449961\n|-end|p2a: Slither Wing|Protosynthesis|[silent]\n|switch|p2a: Raging Bolt|Raging Bolt, tera:Fire|92/100|[from] U-turn\n|-activate|p2a: Raging Bolt|ability: Protosynthesis\n|-start|p2a: Raging Bolt|protosynthesisspa\n|\n|-weather|SunnyDay|[upkeep]\n|upkeep\n|turn|14\n|\n|t:|1782449974\n|move|p2a: Raging Bolt|Weather Ball|p1a: Clefable\n|-damage|p1a: Clefable|0 fnt\n|faint|p1a: Clefable\n|\n|-weather|SunnyDay|[upkeep]\n|upkeep\n|\n|t:|1782449977\n|switch|p1a: Toxapex|Toxapex, M|100/100\n|-damage|p1a: Toxapex|88/100|[from] Stealth Rock\n|turn|15\n|\n|t:|1782449983\n|-end|p2a: Raging Bolt|Protosynthesis|[silent]\n|switch|p2a: Slither Wing|Slither Wing|82/100 tox\n|-activate|p2a: Slither Wing|ability: Protosynthesis\n|-start|p2a: Slither Wing|protosynthesisatk\n|move|p1a: Toxapex|Baneful Bunker||[still]\n|-fail|p1a: Toxapex\n|\n|-weather|SunnyDay|[upkeep]\n|-heal|p1a: Toxapex|94/100|[from] item: Leftovers\n|-damage|p2a: Slither Wing|76/100 tox|[from] psn\n|upkeep\n|turn|16\n|\n|t:|1782449991\n|move|p1a: Toxapex|Baneful Bunker|p1a: Toxapex\n|-singleturn|p1a: Toxapex|move: Protect\n|move|p2a: Slither Wing|Morning Sun|p2a: Slither Wing\n|-heal|p2a: Slither Wing|100/100 tox\n|\n|-weather|none\n|-end|p2a: Slither Wing|Protosynthesis\n|-heal|p1a: Toxapex|100/100|[from] item: Leftovers\n|-damage|p2a: Slither Wing|88/100 tox|[from] psn\n|upkeep\n|turn|17\n|\n|t:|1782449995\n|switch|p1a: Gliscor|Gliscor, M|61/100 tox\n|-damage|p1a: Gliscor|49/100 tox|[from] Stealth Rock\n|move|p2a: Slither Wing|Will-O-Wisp||[still]\n|-fail|p2a: Slither Wing\n|\n|-heal|p1a: Gliscor|61/100 tox|[from] ability: Poison Heal\n|-damage|p2a: Slither Wing|70/100 tox|[from] psn\n|upkeep\n|turn|18\n|\n|t:|1782449998\n|-end|p2a: Slither Wing|Protosynthesis|[silent]\n|switch|p2a: Torkoal|Torkoal, M|87/100\n|-weather|SunnyDay|[from] ability: Drought|[of] p2a: Torkoal\n|move|p1a: Gliscor|Substitute|p1a: Gliscor\n|-start|p1a: Gliscor|Substitute\n|-damage|p1a: Gliscor|36/100 tox\n|\n|-weather|SunnyDay|[upkeep]\n|-heal|p1a: Gliscor|49/100 tox|[from] ability: Poison Heal\n|upkeep\n|turn|19\n|\n|t:|1782450007\n|switch|p2a: Hatterene|Hatterene, F|84/100\n|move|p1a: Gliscor|Protect||[still]\n|-fail|p1a: Gliscor\n|\n|-weather|SunnyDay|[upkeep]\n|-heal|p1a: Gliscor|61/100 tox|[from] ability: Poison Heal\n|upkeep\n|turn|20\n|\n|t:|1782450013\n|-terastallize|p1a: Gliscor|Dark\n|move|p1a: Gliscor|Knock Off|p2a: Hatterene\n|-damage|p2a: Hatterene|67/100\n|move|p2a: Hatterene|Psychic Noise|p1a: Gliscor\n|-immune|p1a: Gliscor\n|\n|-weather|SunnyDay|[upkeep]\n|-heal|p1a: Gliscor|74/100 tox|[from] ability: Poison Heal\n|upkeep\n|turn|21\n|\n|t:|1782450016\n|move|p1a: Gliscor|Protect|p1a: Gliscor\n|-singleturn|p1a: Gliscor|Protect\n|move|p2a: Hatterene|Draining Kiss|p1a: Gliscor\n|-activate|p1a: Gliscor|move: Protect\n|\n|-weather|SunnyDay|[upkeep]\n|-heal|p1a: Gliscor|86/100 tox|[from] ability: Poison Heal\n|upkeep\n|turn|22\n|\n|t:|1782450025\n|move|p1a: Gliscor|Knock Off|p2a: Hatterene\n|-damage|p2a: Hatterene|50/100\n|move|p2a: Hatterene|Draining Kiss|p1a: Gliscor\n|-supereffective|p1a: Gliscor\n|-end|p1a: Gliscor|Substitute\n|-heal|p2a: Hatterene|70/100|[from] drain|[of] p1a: Gliscor\n|\n|-weather|SunnyDay|[upkeep]\n|-heal|p1a: Gliscor|99/100 tox|[from] ability: Poison Heal\n|upkeep\n|turn|23\n|\n|t:|1782450029\n|move|p1a: Gliscor|Protect|p1a: Gliscor\n|-singleturn|p1a: Gliscor|Protect\n|move|p2a: Hatterene|Draining Kiss|p1a: Gliscor\n|-activate|p1a: Gliscor|move: Protect\n|\n|-weather|SunnyDay|[upkeep]\n|-heal|p1a: Gliscor|100/100 tox|[from] ability: Poison Heal\n|upkeep\n|turn|24\n|\n|t:|1782450033\n|move|p1a: Gliscor|Substitute|p1a: Gliscor\n|-start|p1a: Gliscor|Substitute\n|-damage|p1a: Gliscor|75/100 tox\n|move|p2a: Hatterene|Draining Kiss|p1a: Gliscor\n|-supereffective|p1a: Gliscor\n|-end|p1a: Gliscor|Substitute\n|-heal|p2a: Hatterene|91/100|[from] drain|[of] p1a: Gliscor\n|\n|-weather|SunnyDay|[upkeep]\n|-heal|p1a: Gliscor|88/100 tox|[from] ability: Poison Heal\n|upkeep\n|turn|25\n|\n|t:|1782450036\n|move|p1a: Gliscor|Protect|p1a: Gliscor\n|-singleturn|p1a: Gliscor|Protect\n|move|p2a: Hatterene|Draining Kiss|p1a: Gliscor\n|-activate|p1a: Gliscor|move: Protect\n|\n|-weather|none\n|-heal|p1a: Gliscor|100/100 tox|[from] ability: Poison Heal\n|upkeep\n|turn|26\n|\n|t:|1782450039\n|move|p1a: Gliscor|Substitute|p1a: Gliscor\n|-start|p1a: Gliscor|Substitute\n|-damage|p1a: Gliscor|75/100 tox\n|move|p2a: Hatterene|Draining Kiss|p1a: Gliscor\n|-supereffective|p1a: Gliscor\n|-end|p1a: Gliscor|Substitute\n|-heal|p2a: Hatterene|100/100|[from] drain|[of] p1a: Gliscor\n|\n|-heal|p1a: Gliscor|88/100 tox|[from] ability: Poison Heal\n|upkeep\n|turn|27\n|\n|t:|1782450043\n|switch|p2a: Torkoal|Torkoal, M|87/100\n|-weather|SunnyDay|[from] ability: Drought|[of] p2a: Torkoal\n|move|p1a: Gliscor|Protect||[still]\n|-fail|p1a: Gliscor\n|\n|-weather|SunnyDay|[upkeep]\n|-heal|p1a: Gliscor|100/100 tox|[from] ability: Poison Heal\n|upkeep\n|turn|28\n|\n|t:|1782450049\n|switch|p2a: Walking Wake|Walking Wake|100/100\n|-activate|p2a: Walking Wake|ability: Protosynthesis\n|-start|p2a: Walking Wake|protosynthesisspe\n|move|p1a: Gliscor|Toxic|p2a: Walking Wake\n|-status|p2a: Walking Wake|tox\n|\n|-weather|SunnyDay|[upkeep]\n|-damage|p2a: Walking Wake|94/100 tox|[from] psn\n|upkeep\n|turn|29\n|\n|t:|1782450054\n|-end|p2a: Walking Wake|Protosynthesis|[silent]\n|switch|p2a: Raging Bolt|Raging Bolt, tera:Fire|92/100\n|-activate|p2a: Raging Bolt|ability: Protosynthesis\n|-start|p2a: Raging Bolt|protosynthesisspa\n|move|p1a: Gliscor|Protect||[still]\n|-fail|p1a: Gliscor\n|\n|-weather|SunnyDay|[upkeep]\n|upkeep\n|turn|30\n|\n|t:|1782450066\n|move|p1a: Gliscor|Substitute|p1a: Gliscor\n|-start|p1a: Gliscor|Substitute\n|-damage|p1a: Gliscor|75/100 tox\n|move|p2a: Raging Bolt|Weather Ball|p1a: Gliscor\n|-end|p1a: Gliscor|Substitute\n|\n|-weather|SunnyDay|[upkeep]\n|-heal|p1a: Gliscor|88/100 tox|[from] ability: Poison Heal\n|upkeep\n|turn|31\n|\n|t:|1782450076\n|move|p1a: Gliscor|Protect|p1a: Gliscor\n|-singleturn|p1a: Gliscor|Protect\n|move|p2a: Raging Bolt|Weather Ball|p1a: Gliscor\n|-activate|p1a: Gliscor|move: Protect\n|\n|-weather|SunnyDay|[upkeep]\n|-heal|p1a: Gliscor|100/100 tox|[from] ability: Poison Heal\n|upkeep\n|turn|32\n|\n|t:|1782450080\n|-end|p2a: Raging Bolt|Protosynthesis|[silent]\n|switch|p2a: Hatterene|Hatterene, F|100/100\n|move|p1a: Gliscor|Substitute|p1a: Gliscor\n|-start|p1a: Gliscor|Substitute\n|-damage|p1a: Gliscor|75/100 tox\n|\n|-weather|SunnyDay|[upkeep]\n|-heal|p1a: Gliscor|88/100 tox|[from] ability: Poison Heal\n|upkeep\n|turn|33\n|\n|t:|1782450083\n|switch|p1a: Corviknight|Corviknight, F|91/100 brn\n|-damage|p1a: Corviknight|79/100 brn|[from] Stealth Rock\n|-ability|p1a: Corviknight|Pressure\n|move|p2a: Hatterene|Draining Kiss|p1a: Corviknight\n|-resisted|p1a: Corviknight\n|-damage|p1a: Corviknight|72/100 brn\n|\n|-weather|SunnyDay|[upkeep]\n|-heal|p1a: Corviknight|78/100 brn|[from] item: Leftovers\n|-damage|p1a: Corviknight|72/100 brn|[from] brn\n|upkeep\n|turn|34\n|\n|t:|1782450089\n|move|p1a: Corviknight|Defog|p2a: Hatterene\n|move|p2a: Hatterene|Defog|p1a: Corviknight|[from] ability: Magic Bounce\n|-unboost|p1a: Corviknight|evasion|1\n|-sideend|p1: moonlit meadows|Stealth Rock|[from] move: Defog|[of] p2a: Hatterene\n|move|p2a: Hatterene|Psychic Noise|p1a: Corviknight\n|-resisted|p1a: Corviknight\n|-damage|p1a: Corviknight|61/100 brn\n|-start|p1a: Corviknight|move: Heal Block\n|\n|-weather|none\n|-damage|p1a: Corviknight|55/100 brn|[from] brn\n|upkeep\n|turn|35\n|\n|t:|1782450093\n|switch|p2a: Torkoal|Torkoal, M|87/100\n|-weather|SunnyDay|[from] ability: Drought|[of] p2a: Torkoal\n|move|p1a: Corviknight|Brave Bird|p2a: Torkoal\n|-damage|p2a: Torkoal|73/100\n|-damage|p1a: Corviknight|51/100 brn|[from] Recoil\n|\n|-weather|SunnyDay|[upkeep]\n|-damage|p1a: Corviknight|45/100 brn|[from] brn\n|-end|p1a: Corviknight|move: Heal Block\n|upkeep\n|turn|36\n|\n|t:|1782450100\n|switch|p1a: Toxapex|Toxapex, M|100/100\n|move|p2a: Torkoal|Stealth Rock|p1a: Toxapex\n|-sidestart|p1: moonlit meadows|move: Stealth Rock\n|\n|-weather|SunnyDay|[upkeep]\n|upkeep\n|turn|37\n|\n|t:|1782450105\n|switch|p2a: Hatterene|Hatterene, F|100/100\n|move|p1a: Toxapex|Poison Jab|p2a: Hatterene\n|-supereffective|p2a: Hatterene\n|-damage|p2a: Hatterene|68/100\n|\n|-weather|SunnyDay|[upkeep]\n|upkeep\n|turn|38\n|\n|t:|1782450110\n|move|p1a: Toxapex|Poison Jab|p2a: Hatterene\n|-supereffective|p2a: Hatterene\n|-damage|p2a: Hatterene|38/100\n|move|p2a: Hatterene|Psychic Noise|p1a: Toxapex\n|-supereffective|p1a: Toxapex\n|-damage|p1a: Toxapex|45/100\n|-start|p1a: Toxapex|move: Heal Block\n|\n|-weather|SunnyDay|[upkeep]\n|upkeep\n|turn|39\n|\n|t:|1782450115\n|switch|p1a: Corviknight|Corviknight, F|45/100 brn\n|-damage|p1a: Corviknight|32/100 brn|[from] Stealth Rock\n|-ability|p1a: Corviknight|Pressure\n|switch|p2a: Walking Wake|Walking Wake|94/100 tox\n|-activate|p2a: Walking Wake|ability: Protosynthesis\n|-start|p2a: Walking Wake|protosynthesisspe\n|\n|-weather|SunnyDay|[upkeep]\n|-heal|p1a: Corviknight|39/100 brn|[from] item: Leftovers\n|-damage|p2a: Walking Wake|88/100 tox|[from] psn\n|-damage|p1a: Corviknight|32/100 brn|[from] brn\n|upkeep\n|turn|40\n|\n|t:|1782450118\n|move|p1a: Corviknight|Protect|p1a: Corviknight\n|-singleturn|p1a: Corviknight|Protect\n|move|p2a: Walking Wake|Hydro Steam|p1a: Corviknight\n|-activate|p1a: Corviknight|move: Protect\n|\n|-weather|SunnyDay|[upkeep]\n|-heal|p1a: Corviknight|39/100 brn|[from] item: Leftovers\n|-damage|p2a: Walking Wake|76/100 tox|[from] psn\n|-damage|p1a: Corviknight|32/100 brn|[from] brn\n|upkeep\n|turn|41\n|\n|t:|1782450123\n|switch|p1a: Toxapex|Toxapex, M|78/100\n|-damage|p1a: Toxapex|66/100|[from] Stealth Rock\n|move|p2a: Walking Wake|Hydro Steam|p1a: Toxapex\n|-resisted|p1a: Toxapex\n|-damage|p1a: Toxapex|38/100\n|\n|-weather|SunnyDay|[upkeep]\n|-heal|p1a: Toxapex|45/100|[from] item: Leftovers\n|-damage|p2a: Walking Wake|58/100 tox|[from] psn\n|upkeep\n|turn|42\n|j| Phrew\n|\n|t:|1782450131\n|-end|p2a: Walking Wake|Protosynthesis|[silent]\n|switch|p2a: Raging Bolt|Raging Bolt, tera:Fire|92/100\n|-activate|p2a: Raging Bolt|ability: Protosynthesis\n|-start|p2a: Raging Bolt|protosynthesisspa\n|move|p1a: Toxapex|Baneful Bunker||[still]\n|-fail|p1a: Toxapex\n|\n|-weather|none\n|-end|p2a: Raging Bolt|Protosynthesis\n|-heal|p1a: Toxapex|51/100|[from] item: Leftovers\n|upkeep\n|turn|43\n|\n|t:|1782450137\n|move|p1a: Toxapex|Baneful Bunker|p1a: Toxapex\n|-singleturn|p1a: Toxapex|move: Protect\n|move|p2a: Raging Bolt|Draco Meteor|p1a: Toxapex\n|-activate|p1a: Toxapex|move: Protect\n|\n|-heal|p1a: Toxapex|57/100|[from] item: Leftovers\n|upkeep\n|turn|44\n|\n|t:|1782450151\n|switch|p1a: Clodsire|Clodsire, F|100/100\n|move|p2a: Raging Bolt|Draco Meteor|p1a: Clodsire\n|-damage|p1a: Clodsire|38/100\n|-unboost|p2a: Raging Bolt|spa|2\n|\n|upkeep\n|turn|45\n|\n|t:|1782450162\n|-end|p2a: Raging Bolt|Protosynthesis|[silent]\n|switch|p2a: Torkoal|Torkoal, M|73/100\n|-weather|SunnyDay|[from] ability: Drought|[of] p2a: Torkoal\n|switch|p1a: Toxapex|Toxapex, M|90/100\n|-damage|p1a: Toxapex|78/100|[from] Stealth Rock\n|\n|-weather|SunnyDay|[upkeep]\n|-heal|p1a: Toxapex|84/100|[from] item: Leftovers\n|upkeep\n|turn|46\n|\n|t:|1782450174\n|switch|p2a: Great Tusk|Great Tusk|100/100\n|-activate|p2a: Great Tusk|ability: Protosynthesis\n|-start|p2a: Great Tusk|protosynthesisspe\n|move|p1a: Toxapex|Poison Jab|p2a: Great Tusk\n|-resisted|p2a: Great Tusk\n|-damage|p2a: Great Tusk|95/100\n|\n|-weather|SunnyDay|[upkeep]\n|-heal|p1a: Toxapex|90/100|[from] item: Leftovers\n|upkeep\n|turn|47\n|\n|t:|1782450182\n|move|p1a: Toxapex|Baneful Bunker|p1a: Toxapex\n|-singleturn|p1a: Toxapex|move: Protect\n|move|p2a: Great Tusk|Headlong Rush|p1a: Toxapex\n|-activate|p1a: Toxapex|move: Protect\n|-status|p2a: Great Tusk|psn\n|\n|-weather|SunnyDay|[upkeep]\n|-heal|p1a: Toxapex|97/100|[from] item: Leftovers\n|-damage|p2a: Great Tusk|82/100 psn|[from] psn\n|upkeep\n|turn|48\n|\n|t:|1782450190\n|-end|p2a: Great Tusk|Protosynthesis|[silent]\n|switch|p2a: Walking Wake|Walking Wake|58/100 tox\n|-activate|p2a: Walking Wake|ability: Protosynthesis\n|-start|p2a: Walking Wake|protosynthesisspe\n|switch|p1a: Corviknight|Corviknight, F|32/100 brn\n|-damage|p1a: Corviknight|20/100 brn|[from] Stealth Rock\n|-ability|p1a: Corviknight|Pressure\n|\n|-weather|SunnyDay|[upkeep]\n|-heal|p1a: Corviknight|26/100 brn|[from] item: Leftovers\n|-damage|p2a: Walking Wake|51/100 tox|[from] psn\n|-damage|p1a: Corviknight|20/100 brn|[from] brn\n|upkeep\n|turn|49\n|\n|t:|1782450197\n|-end|p2a: Walking Wake|Protosynthesis|[silent]\n|switch|p2a: Raging Bolt|Raging Bolt, tera:Fire|92/100\n|-activate|p2a: Raging Bolt|ability: Protosynthesis\n|-start|p2a: Raging Bolt|protosynthesisspa\n|move|p1a: Corviknight|Protect||[still]\n|-fail|p1a: Corviknight\n|\n|-weather|SunnyDay|[upkeep]\n|-heal|p1a: Corviknight|26/100 brn|[from] item: Leftovers\n|-damage|p1a: Corviknight|20/100 brn|[from] brn\n|upkeep\n|turn|50\n|\n|t:|1782450208\n|move|p1a: Corviknight|Protect|p1a: Corviknight\n|-singleturn|p1a: Corviknight|Protect\n|move|p2a: Raging Bolt|Weather Ball|p1a: Corviknight\n|-activate|p1a: Corviknight|move: Protect\n|\n|-weather|SunnyDay|[upkeep]\n|-heal|p1a: Corviknight|26/100 brn|[from] item: Leftovers\n|-damage|p1a: Corviknight|20/100 brn|[from] brn\n|upkeep\n|turn|51\n|\n|t:|1782450214\n|switch|p1a: Toxapex|Toxapex, M|100/100\n|-damage|p1a: Toxapex|88/100|[from] Stealth Rock\n|move|p2a: Raging Bolt|Weather Ball|p1a: Toxapex\n|-resisted|p1a: Toxapex\n|-damage|p1a: Toxapex|10/100\n|\n|-weather|SunnyDay|[upkeep]\n|-heal|p1a: Toxapex|16/100|[from] item: Leftovers\n|upkeep\n|turn|52\n|\n|t:|1782450217\n|move|p1a: Toxapex|Baneful Bunker|p1a: Toxapex\n|-singleturn|p1a: Toxapex|move: Protect\n|move|p2a: Raging Bolt|Weather Ball|p1a: Toxapex\n|-activate|p1a: Toxapex|move: Protect\n|\n|-weather|none\n|-end|p2a: Raging Bolt|Protosynthesis\n|-heal|p1a: Toxapex|22/100|[from] item: Leftovers\n|upkeep\n|turn|53\n|\n|t:|1782450224\n|-end|p2a: Raging Bolt|Protosynthesis|[silent]\n|switch|p2a: Torkoal|Torkoal, M|73/100\n|-weather|SunnyDay|[from] ability: Drought|[of] p2a: Torkoal\n|switch|p1a: Corviknight|Corviknight, F|20/100 brn\n|-damage|p1a: Corviknight|7/100 brn|[from] Stealth Rock\n|-ability|p1a: Corviknight|Pressure\n|\n|-weather|SunnyDay|[upkeep]\n|-heal|p1a: Corviknight|14/100 brn|[from] item: Leftovers\n|-damage|p1a: Corviknight|7/100 brn|[from] brn\n|upkeep\n|turn|54\n|\n|t:|1782450231\n|switch|p2a: Raging Bolt|Raging Bolt, tera:Fire|92/100\n|-activate|p2a: Raging Bolt|ability: Protosynthesis\n|-start|p2a: Raging Bolt|protosynthesisspa\n|move|p1a: Corviknight|Defog|p2a: Raging Bolt\n|-unboost|p2a: Raging Bolt|evasion|1\n|-sideend|p1: moonlit meadows|Stealth Rock|[from] move: Defog|[of] p1a: Corviknight\n|\n|-weather|SunnyDay|[upkeep]\n|-heal|p1a: Corviknight|14/100 brn|[from] item: Leftovers\n|-damage|p1a: Corviknight|7/100 brn|[from] brn\n|upkeep\n|turn|55\n|\n|t:|1782450240\n|move|p1a: Corviknight|Protect|p1a: Corviknight\n|-singleturn|p1a: Corviknight|Protect\n|move|p2a: Raging Bolt|Volt Switch|p1a: Corviknight\n|-activate|p1a: Corviknight|move: Protect\n|\n|-weather|SunnyDay|[upkeep]\n|-heal|p1a: Corviknight|14/100 brn|[from] item: Leftovers\n|-damage|p1a: Corviknight|7/100 brn|[from] brn\n|upkeep\n|turn|56\n|\n|t:|1782450247\n|-end|p2a: Raging Bolt|Protosynthesis|[silent]\n|switch|p2a: Torkoal|Torkoal, M|73/100\n|switch|p1a: Clodsire|Clodsire, F|38/100\n|\n|-weather|SunnyDay|[upkeep]\n|upkeep\n|turn|57\n|\n|t:|1782450253\n|switch|p2a: Slither Wing|Slither Wing|70/100 tox\n|-activate|p2a: Slither Wing|ability: Protosynthesis\n|-start|p2a: Slither Wing|protosynthesisatk\n|move|p1a: Clodsire|Recover|p1a: Clodsire\n|-heal|p1a: Clodsire|88/100\n|\n|-weather|SunnyDay|[upkeep]\n|-damage|p2a: Slither Wing|64/100 tox|[from] psn\n|upkeep\n|turn|58\n|\n|t:|1782450261\n|switch|p1a: Corviknight|Corviknight, F|7/100 brn\n|-ability|p1a: Corviknight|Pressure\n|move|p2a: Slither Wing|Morning Sun|p2a: Slither Wing\n|-heal|p2a: Slither Wing|100/100 tox\n|\n|-weather|SunnyDay|[upkeep]\n|-heal|p1a: Corviknight|14/100 brn|[from] item: Leftovers\n|-damage|p2a: Slither Wing|88/100 tox|[from] psn\n|-damage|p1a: Corviknight|7/100 brn|[from] brn\n|upkeep\n|turn|59\n|\n|t:|1782450266\n|-end|p2a: Slither Wing|Protosynthesis|[silent]\n|switch|p2a: Torkoal|Torkoal, M|73/100\n|move|p1a: Corviknight|Protect||[still]\n|-fail|p1a: Corviknight\n|\n|-weather|SunnyDay|[upkeep]\n|-heal|p1a: Corviknight|14/100 brn|[from] item: Leftovers\n|-damage|p1a: Corviknight|7/100 brn|[from] brn\n|upkeep\n|turn|60\n|\n|t:|1782450269\n|move|p1a: Corviknight|Roost|p1a: Corviknight\n|-heal|p1a: Corviknight|57/100 brn\n|-singleturn|p1a: Corviknight|move: Roost\n|move|p2a: Torkoal|Stealth Rock|p1a: Corviknight\n|-sidestart|p1: moonlit meadows|move: Stealth Rock\n|\n|-weather|none\n|-heal|p1a: Corviknight|64/100 brn|[from] item: Leftovers\n|-damage|p1a: Corviknight|57/100 brn|[from] brn\n|upkeep\n|turn|61\n|\n|t:|1782450274\n|move|p1a: Corviknight|Defog|p2a: Torkoal\n|-unboost|p2a: Torkoal|evasion|1\n|-sideend|p1: moonlit meadows|Stealth Rock|[from] move: Defog|[of] p1a: Corviknight\n|move|p2a: Torkoal|Overheat|p1a: Corviknight\n|-supereffective|p1a: Corviknight\n|-damage|p1a: Corviknight|3/100 brn\n|-unboost|p2a: Torkoal|spa|2\n|\n|-heal|p1a: Corviknight|9/100 brn|[from] item: Leftovers\n|-damage|p1a: Corviknight|3/100 brn|[from] brn\n|upkeep\n|turn|62\n|\n|t:|1782450289\n|move|p1a: Corviknight|Roost|p1a: Corviknight\n|-heal|p1a: Corviknight|53/100 brn\n|-singleturn|p1a: Corviknight|move: Roost\n|move|p2a: Torkoal|Stealth Rock|p1a: Corviknight\n|-sidestart|p1: moonlit meadows|move: Stealth Rock\n|\n|-heal|p1a: Corviknight|59/100 brn|[from] item: Leftovers\n|-damage|p1a: Corviknight|53/100 brn|[from] brn\n|upkeep\n|turn|63\n|\n|t:|1782450295\n|switch|p2a: Raging Bolt|Raging Bolt, tera:Fire|92/100\n|move|p1a: Corviknight|Defog|p2a: Raging Bolt\n|-unboost|p2a: Raging Bolt|evasion|1\n|-sideend|p1: moonlit meadows|Stealth Rock|[from] move: Defog|[of] p1a: Corviknight\n|\n|-heal|p1a: Corviknight|59/100 brn|[from] item: Leftovers\n|-damage|p1a: Corviknight|53/100 brn|[from] brn\n|upkeep\n|turn|64\n|\n|t:|1782450297\n|-end|p2a: Raging Bolt|Protosynthesis|[silent]\n|switch|p2a: Torkoal|Torkoal, M|73/100\n|-weather|SunnyDay|[from] ability: Drought|[of] p2a: Torkoal\n|move|p1a: Corviknight|Protect||[still]\n|-fail|p1a: Corviknight\n|\n|-weather|SunnyDay|[upkeep]\n|-heal|p1a: Corviknight|59/100 brn|[from] item: Leftovers\n|-damage|p1a: Corviknight|53/100 brn|[from] brn\n|upkeep\n|turn|65\n|\n|t:|1782450301\n|move|p1a: Corviknight|Roost|p1a: Corviknight\n|-heal|p1a: Corviknight|100/100 brn\n|-singleturn|p1a: Corviknight|move: Roost\n|move|p2a: Torkoal|Stealth Rock|p1a: Corviknight\n|-sidestart|p1: moonlit meadows|move: Stealth Rock\n|\n|-weather|SunnyDay|[upkeep]\n|-damage|p1a: Corviknight|94/100 brn|[from] brn\n|upkeep\n|turn|66\n|l| pls game\n|\n|t:|1782450312\n|switch|p1a: Toxapex|Toxapex, M|55/100\n|-damage|p1a: Toxapex|43/100|[from] Stealth Rock\n|move|p2a: Torkoal|Overheat|p1a: Toxapex\n|-resisted|p1a: Toxapex\n|-damage|p1a: Toxapex|17/100\n|-unboost|p2a: Torkoal|spa|2\n|\n|-weather|SunnyDay|[upkeep]\n|-heal|p1a: Toxapex|24/100|[from] item: Leftovers\n|upkeep\n|turn|67\n|\n|t:|1782450315\n|switch|p2a: Hatterene|Hatterene, F|38/100\n|move|p1a: Toxapex|Recover|p1a: Toxapex\n|-heal|p1a: Toxapex|74/100\n|\n|-weather|SunnyDay|[upkeep]\n|-heal|p1a: Toxapex|80/100|[from] item: Leftovers\n|upkeep\n|turn|68\n|\n|t:|1782450320\n|move|p1a: Toxapex|Poison Jab|p2a: Hatterene\n|-supereffective|p2a: Hatterene\n|-damage|p2a: Hatterene|6/100\n|move|p2a: Hatterene|Psychic Noise|p1a: Toxapex\n|-supereffective|p1a: Toxapex\n|-damage|p1a: Toxapex|21/100\n|-start|p1a: Toxapex|move: Heal Block\n|\n|-weather|SunnyDay|[upkeep]\n|upkeep\n|turn|69\n|\n|t:|1782450333\n|switch|p2a: Slither Wing|Slither Wing|88/100 tox\n|-activate|p2a: Slither Wing|ability: Protosynthesis\n|-start|p2a: Slither Wing|protosynthesisatk\n|move|p1a: Toxapex|Poison Jab|p2a: Slither Wing\n|-damage|p2a: Slither Wing|74/100 tox\n|-damage|p1a: Toxapex|4/100|[from] item: Rocky Helmet|[of] p2a: Slither Wing\n|\n|-weather|SunnyDay|[upkeep]\n|-damage|p2a: Slither Wing|68/100 tox|[from] psn\n|-end|p1a: Toxapex|move: Heal Block\n|upkeep\n|turn|70\n|\n|t:|1782450339\n|move|p1a: Toxapex|Baneful Bunker|p1a: Toxapex\n|-singleturn|p1a: Toxapex|move: Protect\n|move|p2a: Slither Wing|U-turn|p1a: Toxapex\n|-activate|p1a: Toxapex|move: Protect\n|\n|-weather|SunnyDay|[upkeep]\n|-heal|p1a: Toxapex|10/100|[from] item: Leftovers\n|-damage|p2a: Slither Wing|55/100 tox|[from] psn\n|upkeep\n|turn|71\n|\n|t:|1782450347\n|switch|p1a: Corviknight|Corviknight, F|94/100 brn\n|-damage|p1a: Corviknight|82/100 brn|[from] Stealth Rock\n|-ability|p1a: Corviknight|Pressure\n|move|p2a: Slither Wing|U-turn|p1a: Corviknight\n|-resisted|p1a: Corviknight\n|-damage|p1a: Corviknight|74/100 brn\n|\n|t:|1782450356\n|-end|p2a: Slither Wing|Protosynthesis|[silent]\n|switch|p2a: Raging Bolt|Raging Bolt, tera:Fire|92/100|[from] U-turn\n|-activate|p2a: Raging Bolt|ability: Protosynthesis\n|-start|p2a: Raging Bolt|protosynthesisspa\n|\n|-weather|none\n|-end|p2a: Raging Bolt|Protosynthesis\n|-heal|p1a: Corviknight|80/100 brn|[from] item: Leftovers\n|-damage|p1a: Corviknight|74/100 brn|[from] brn\n|upkeep\n|turn|72\n|\n|t:|1782450362\n|move|p1a: Corviknight|Protect|p1a: Corviknight\n|-singleturn|p1a: Corviknight|Protect\n|move|p2a: Raging Bolt|Volt Switch|p1a: Corviknight\n|-activate|p1a: Corviknight|move: Protect\n|\n|-heal|p1a: Corviknight|80/100 brn|[from] item: Leftovers\n|-damage|p1a: Corviknight|74/100 brn|[from] brn\n|upkeep\n|turn|73\n|\n|t:|1782450365\n|-end|p2a: Raging Bolt|Protosynthesis|[silent]\n|switch|p2a: Hatterene|Hatterene, F|6/100\n|switch|p1a: Clodsire|Clodsire, F|88/100\n|\n|upkeep\n|turn|74\n|\n|t:|1782450371\n|move|p2a: Hatterene|Healing Wish|p2a: Hatterene\n|faint|p2a: Hatterene\n|move|p1a: Clodsire|Earthquake|p2: Hatterene|[notarget]\n|-fail|p1a: Clodsire\n|\n|upkeep\n|\n|t:|1782450375\n|switch|p2a: Walking Wake|Walking Wake|51/100 tox\n|-heal|p2a: Walking Wake|100/100|[from] move: Healing Wish\n|turn|75\n|\n|t:|1782450380\n|move|p2a: Walking Wake|Flip Turn|p1a: Clodsire\n|-supereffective|p1a: Clodsire\n|-damage|p1a: Clodsire|48/100\n|\n|t:|1782450383\n|-end|p2a: Walking Wake|Protosynthesis|[silent]\n|switch|p2a: Torkoal|Torkoal, M|73/100|[from] Flip Turn\n|-weather|SunnyDay|[from] ability: Drought|[of] p2a: Torkoal\n|move|p1a: Clodsire|Recover|p1a: Clodsire\n|-heal|p1a: Clodsire|98/100\n|\n|-weather|SunnyDay|[upkeep]\n|upkeep\n|turn|76\n|\n|t:|1782450391\n|switch|p2a: Walking Wake|Walking Wake|100/100\n|-activate|p2a: Walking Wake|ability: Protosynthesis\n|-start|p2a: Walking Wake|protosynthesisspe\n|move|p1a: Clodsire|Earthquake|p2a: Walking Wake\n|-damage|p2a: Walking Wake|73/100\n|\n|-weather|SunnyDay|[upkeep]\n|upkeep\n|turn|77\n|\n|t:|1782450400\n|move|p2a: Walking Wake|Hydro Steam|p1a: Clodsire\n|-supereffective|p1a: Clodsire\n|-damage|p1a: Clodsire|17/100\n|move|p1a: Clodsire|Recover|p1a: Clodsire\n|-heal|p1a: Clodsire|67/100\n|\n|-weather|SunnyDay|[upkeep]\n|upkeep\n|turn|78\n|\n|t:|1782450423\n|switch|p1a: Corviknight|Corviknight, F|74/100 brn\n|-damage|p1a: Corviknight|61/100 brn|[from] Stealth Rock\n|-ability|p1a: Corviknight|Pressure\n|move|p2a: Walking Wake|Hydro Steam|p1a: Corviknight\n|-damage|p1a: Corviknight|10/100 brn\n|\n|-weather|SunnyDay|[upkeep]\n|-heal|p1a: Corviknight|16/100 brn|[from] item: Leftovers\n|-damage|p1a: Corviknight|10/100 brn|[from] brn\n|upkeep\n|turn|79\n|\n|t:|1782450434\n|move|p1a: Corviknight|Protect|p1a: Corviknight\n|-singleturn|p1a: Corviknight|Protect\n|move|p2a: Walking Wake|Hydro Steam|p1a: Corviknight\n|-activate|p1a: Corviknight|move: Protect\n|\n|-weather|SunnyDay|[upkeep]\n|-heal|p1a: Corviknight|16/100 brn|[from] item: Leftovers\n|-damage|p1a: Corviknight|10/100 brn|[from] brn\n|upkeep\n|turn|80\n|\n|t:|1782450438\n|move|p2a: Walking Wake|Hydro Steam|p1a: Corviknight\n|-damage|p1a: Corviknight|0 fnt\n|faint|p1a: Corviknight\n|\n|-weather|SunnyDay|[upkeep]\n|upkeep\n|\n|t:|1782450440\n|switch|p1a: Toxapex|Toxapex, M|44/100\n|-damage|p1a: Toxapex|31/100|[from] Stealth Rock\n|turn|81\n|\n|t:|1782450444\n|move|p1a: Toxapex|Baneful Bunker|p1a: Toxapex\n|-singleturn|p1a: Toxapex|move: Protect\n|move|p2a: Walking Wake|Hydro Steam|p1a: Toxapex\n|-activate|p1a: Toxapex|move: Protect\n|\n|-weather|SunnyDay|[upkeep]\n|-heal|p1a: Toxapex|37/100|[from] item: Leftovers\n|upkeep\n|turn|82\n|\n|t:|1782450446\n|switch|p1a: Dondozo|Dondozo, M|100/100\n|-damage|p1a: Dondozo|88/100|[from] Stealth Rock\n|move|p2a: Walking Wake|Draco Meteor|p1a: Dondozo\n|-damage|p1a: Dondozo|30/100\n|-unboost|p2a: Walking Wake|spa|2\n|\n|-weather|none\n|-end|p2a: Walking Wake|Protosynthesis\n|-heal|p1a: Dondozo|36/100|[from] item: Leftovers\n|upkeep\n|turn|83\n|\n|t:|1782450453\n|-end|p2a: Walking Wake|Protosynthesis|[silent]\n|switch|p2a: Torkoal|Torkoal, M|73/100\n|-weather|SunnyDay|[from] ability: Drought|[of] p2a: Torkoal\n|move|p1a: Dondozo|Rest|p1a: Dondozo\n|-status|p1a: Dondozo|slp|[from] move: Rest\n|-heal|p1a: Dondozo|100/100 slp|[silent]\n|\n|-weather|SunnyDay|[upkeep]\n|upkeep\n|turn|84\n|\n|t:|1782450458\n|switch|p2a: Walking Wake|Walking Wake|73/100\n|-activate|p2a: Walking Wake|ability: Protosynthesis\n|-start|p2a: Walking Wake|protosynthesisspe\n|cant|p1a: Dondozo|slp\n|move|p1a: Dondozo|Sleep Talk|p1a: Dondozo\n|move|p1a: Dondozo|Rest||[from] move: Sleep Talk|[still]\n|-fail|p1a: Dondozo\n|\n|-weather|SunnyDay|[upkeep]\n|upkeep\n|turn|85\n|\n|t:|1782450464\n|move|p2a: Walking Wake|Hydro Steam|p1a: Dondozo\n|-resisted|p1a: Dondozo\n|-damage|p1a: Dondozo|64/100 slp\n|cant|p1a: Dondozo|slp\n|move|p1a: Dondozo|Sleep Talk|p1a: Dondozo\n|move|p1a: Dondozo|Curse|p1a: Dondozo|[from] move: Sleep Talk\n|-unboost|p1a: Dondozo|spe|1\n|-boost|p1a: Dondozo|atk|1\n|-boost|p1a: Dondozo|def|1\n|\n|-weather|SunnyDay|[upkeep]\n|-heal|p1a: Dondozo|70/100 slp|[from] item: Leftovers\n|upkeep\n|turn|86\n|\n|t:|1782450473\n|move|p2a: Walking Wake|Hydro Steam|p1a: Dondozo\n|-resisted|p1a: Dondozo\n|-damage|p1a: Dondozo|33/100 slp\n|-curestatus|p1a: Dondozo|slp|[msg]\n|move|p1a: Dondozo|Rest|p1a: Dondozo\n|-status|p1a: Dondozo|slp|[from] move: Rest\n|-heal|p1a: Dondozo|100/100 slp|[silent]\n|\n|-weather|SunnyDay|[upkeep]\n|upkeep\n|turn|87\n|\n|t:|1782450478\n|move|p2a: Walking Wake|Hydro Steam|p1a: Dondozo\n|-resisted|p1a: Dondozo\n|-damage|p1a: Dondozo|65/100 slp\n|cant|p1a: Dondozo|slp\n|move|p1a: Dondozo|Sleep Talk|p1a: Dondozo\n|move|p1a: Dondozo|Curse|p1a: Dondozo|[from] move: Sleep Talk\n|-unboost|p1a: Dondozo|spe|1\n|-boost|p1a: Dondozo|atk|1\n|-boost|p1a: Dondozo|def|1\n|\n|-weather|SunnyDay|[upkeep]\n|-heal|p1a: Dondozo|71/100 slp|[from] item: Leftovers\n|upkeep\n|turn|88\n|\n|t:|1782450482\n|move|p2a: Walking Wake|Hydro Steam|p1a: Dondozo\n|-resisted|p1a: Dondozo\n|-damage|p1a: Dondozo|39/100 slp\n|cant|p1a: Dondozo|slp\n|move|p1a: Dondozo|Sleep Talk|p1a: Dondozo\n|move|p1a: Dondozo|Curse|p1a: Dondozo|[from] move: Sleep Talk\n|-unboost|p1a: Dondozo|spe|1\n|-boost|p1a: Dondozo|atk|1\n|-boost|p1a: Dondozo|def|1\n|\n|-weather|SunnyDay|[upkeep]\n|-heal|p1a: Dondozo|45/100 slp|[from] item: Leftovers\n|upkeep\n|turn|89\n|\n|t:|1782450487\n|move|p2a: Walking Wake|Draco Meteor|p1a: Dondozo\n|-damage|p1a: Dondozo|0 fnt\n|-unboost|p2a: Walking Wake|spa|2\n|faint|p1a: Dondozo\n|\n|-weather|SunnyDay|[upkeep]\n|upkeep\n|\n|t:|1782450491\n|switch|p1a: Gliscor|Gliscor, M, tera:Dark|88/100 tox\n|-damage|p1a: Gliscor|75/100 tox|[from] Stealth Rock\n|turn|90\n|\n|t:|1782450499\n|move|p2a: Walking Wake|Hydro Steam|p1a: Gliscor\n|-damage|p1a: Gliscor|32/100 tox\n|move|p1a: Gliscor|Substitute|p1a: Gliscor\n|-start|p1a: Gliscor|Substitute\n|-damage|p1a: Gliscor|7/100 tox\n|\n|-weather|none\n|-end|p2a: Walking Wake|Protosynthesis\n|-heal|p1a: Gliscor|20/100 tox|[from] ability: Poison Heal\n|upkeep\n|turn|91\n|\n|t:|1782450508\n|move|p1a: Gliscor|Protect|p1a: Gliscor\n|-singleturn|p1a: Gliscor|Protect\n|move|p2a: Walking Wake|Hydro Steam|p1a: Gliscor\n|-activate|p1a: Gliscor|move: Protect\n|\n|-heal|p1a: Gliscor|32/100 tox|[from] ability: Poison Heal\n|upkeep\n|turn|92\n|\n|t:|1782450512\n|move|p2a: Walking Wake|Hydro Steam|p1a: Gliscor\n|-end|p1a: Gliscor|Substitute\n|move|p1a: Gliscor|Toxic|p2a: Walking Wake\n|-status|p2a: Walking Wake|tox\n|\n|-damage|p2a: Walking Wake|67/100 tox|[from] psn\n|-heal|p1a: Gliscor|45/100 tox|[from] ability: Poison Heal\n|upkeep\n|turn|93\n|\n|t:|1782450515\n|move|p1a: Gliscor|Protect|p1a: Gliscor\n|-singleturn|p1a: Gliscor|Protect\n|move|p2a: Walking Wake|Flip Turn|p1a: Gliscor\n|-activate|p1a: Gliscor|move: Protect\n|\n|-damage|p2a: Walking Wake|55/100 tox|[from] psn\n|-heal|p1a: Gliscor|57/100 tox|[from] ability: Poison Heal\n|upkeep\n|turn|94\n|\n|t:|1782450518\n|-end|p2a: Walking Wake|Protosynthesis|[silent]\n|switch|p2a: Torkoal|Torkoal, M|73/100\n|-weather|SunnyDay|[from] ability: Drought|[of] p2a: Torkoal\n|move|p1a: Gliscor|Substitute|p1a: Gliscor\n|-start|p1a: Gliscor|Substitute\n|-damage|p1a: Gliscor|32/100 tox\n|\n|-weather|SunnyDay|[upkeep]\n|-heal|p1a: Gliscor|45/100 tox|[from] ability: Poison Heal\n|upkeep\n|turn|95\n|\n|t:|1782450525\n|switch|p2a: Slither Wing|Slither Wing|55/100 tox\n|-activate|p2a: Slither Wing|ability: Protosynthesis\n|-start|p2a: Slither Wing|protosynthesisatk\n|move|p1a: Gliscor|Protect||[still]\n|-fail|p1a: Gliscor\n|\n|-weather|SunnyDay|[upkeep]\n|-heal|p1a: Gliscor|57/100 tox|[from] ability: Poison Heal\n|-damage|p2a: Slither Wing|49/100 tox|[from] psn\n|upkeep\n|turn|96\n|\n|t:|1782450531\n|move|p1a: Gliscor|Knock Off|p2a: Slither Wing\n|-resisted|p2a: Slither Wing\n|-damage|p2a: Slither Wing|37/100 tox\n|-damage|p1a: Gliscor|41/100 tox|[from] item: Rocky Helmet|[of] p2a: Slither Wing\n|-enditem|p2a: Slither Wing|Rocky Helmet|[from] move: Knock Off|[of] p1a: Gliscor\n|move|p2a: Slither Wing|Morning Sun|p2a: Slither Wing\n|-heal|p2a: Slither Wing|100/100 tox\n|\n|-weather|SunnyDay|[upkeep]\n|-heal|p1a: Gliscor|53/100 tox|[from] ability: Poison Heal\n|-damage|p2a: Slither Wing|88/100 tox|[from] psn\n|upkeep\n|turn|97\n|\n|t:|1782450535\n|move|p1a: Gliscor|Protect|p1a: Gliscor\n|-singleturn|p1a: Gliscor|Protect\n|move|p2a: Slither Wing|U-turn|p1a: Gliscor\n|-activate|p1a: Gliscor|move: Protect\n|\n|-weather|SunnyDay|[upkeep]\n|-heal|p1a: Gliscor|66/100 tox|[from] ability: Poison Heal\n|-damage|p2a: Slither Wing|70/100 tox|[from] psn\n|upkeep\n|turn|98\n|\n|t:|1782450538\n|move|p1a: Gliscor|Substitute|p1a: Gliscor\n|-fail|p1a: Gliscor|move: Substitute\n|move|p2a: Slither Wing|U-turn|p1a: Gliscor\n|-supereffective|p1a: Gliscor\n|-end|p1a: Gliscor|Substitute\n|\n|t:|1782450541\n|-end|p2a: Slither Wing|Protosynthesis|[silent]\n|switch|p2a: Walking Wake|Walking Wake|55/100 tox|[from] U-turn\n|-activate|p2a: Walking Wake|ability: Protosynthesis\n|-start|p2a: Walking Wake|protosynthesisspe\n|\n|-weather|SunnyDay|[upkeep]\n|-damage|p2a: Walking Wake|49/100 tox|[from] psn\n|-heal|p1a: Gliscor|78/100 tox|[from] ability: Poison Heal\n|upkeep\n|turn|99\n|\n|t:|1782450545\n|move|p1a: Gliscor|Protect|p1a: Gliscor\n|-singleturn|p1a: Gliscor|Protect\n|move|p2a: Walking Wake|Hydro Steam|p1a: Gliscor\n|-activate|p1a: Gliscor|move: Protect\n|\n|-weather|SunnyDay|[upkeep]\n|-damage|p2a: Walking Wake|36/100 tox|[from] psn\n|-heal|p1a: Gliscor|91/100 tox|[from] ability: Poison Heal\n|upkeep\n|turn|100\n|\n|t:|1782450549\n|switch|p1a: Toxapex|Toxapex, M|71/100\n|-damage|p1a: Toxapex|58/100|[from] Stealth Rock\n|move|p2a: Walking Wake|Draco Meteor|p1a: Toxapex\n|-damage|p1a: Toxapex|2/100\n|-unboost|p2a: Walking Wake|spa|2\n|\n|-weather|SunnyDay|[upkeep]\n|-heal|p1a: Toxapex|8/100|[from] item: Leftovers\n|-damage|p2a: Walking Wake|18/100 tox|[from] psn\n|upkeep\n|turn|101\n|\n|t:|1782450557\n|-end|p2a: Walking Wake|Protosynthesis|[silent]\n|switch|p2a: Raging Bolt|Raging Bolt, tera:Fire|92/100\n|-activate|p2a: Raging Bolt|ability: Protosynthesis\n|-start|p2a: Raging Bolt|protosynthesisspa\n|move|p1a: Toxapex|Baneful Bunker||[still]\n|-fail|p1a: Toxapex\n|\n|-weather|none\n|-end|p2a: Raging Bolt|Protosynthesis\n|-heal|p1a: Toxapex|14/100|[from] item: Leftovers\n|upkeep\n|turn|102\n|\n|t:|1782450567\n|move|p1a: Toxapex|Baneful Bunker|p1a: Toxapex\n|-singleturn|p1a: Toxapex|move: Protect\n|move|p2a: Raging Bolt|Draco Meteor|p1a: Toxapex\n|-activate|p1a: Toxapex|move: Protect\n|\n|-heal|p1a: Toxapex|21/100|[from] item: Leftovers\n|upkeep\n|turn|103\n|\n|t:|1782450577\n|move|p2a: Raging Bolt|Draco Meteor|p1a: Toxapex\n|-damage|p1a: Toxapex|0 fnt\n|-unboost|p2a: Raging Bolt|spa|2\n|faint|p1a: Toxapex\n|\n|upkeep\n|\n|t:|1782450579\n|switch|p1a: Gliscor|Gliscor, M, tera:Dark|91/100 tox\n|-damage|p1a: Gliscor|78/100 tox|[from] Stealth Rock\n|turn|104\n|\n|t:|1782450585\n|-end|p2a: Raging Bolt|Protosynthesis|[silent]\n|switch|p2a: Torkoal|Torkoal, M|73/100\n|-weather|SunnyDay|[from] ability: Drought|[of] p2a: Torkoal\n|move|p1a: Gliscor|Toxic|p2a: Torkoal\n|-status|p2a: Torkoal|tox\n|\n|-weather|SunnyDay|[upkeep]\n|-heal|p1a: Gliscor|91/100 tox|[from] ability: Poison Heal\n|-damage|p2a: Torkoal|67/100 tox|[from] psn\n|upkeep\n|turn|105\n|\n|t:|1782450589\n|switch|p2a: Slither Wing|Slither Wing|70/100 tox\n|-activate|p2a: Slither Wing|ability: Protosynthesis\n|-start|p2a: Slither Wing|protosynthesisatk\n|move|p1a: Gliscor|Substitute|p1a: Gliscor\n|-start|p1a: Gliscor|Substitute\n|-damage|p1a: Gliscor|66/100 tox\n|\n|-weather|SunnyDay|[upkeep]\n|-heal|p1a: Gliscor|78/100 tox|[from] ability: Poison Heal\n|-damage|p2a: Slither Wing|64/100 tox|[from] psn\n|upkeep\n|turn|106\n|\n|t:|1782450595\n|move|p1a: Gliscor|Protect|p1a: Gliscor\n|-singleturn|p1a: Gliscor|Protect\n|move|p2a: Slither Wing|Morning Sun|p2a: Slither Wing\n|-heal|p2a: Slither Wing|100/100 tox\n|\n|-weather|SunnyDay|[upkeep]\n|-heal|p1a: Gliscor|91/100 tox|[from] ability: Poison Heal\n|-damage|p2a: Slither Wing|88/100 tox|[from] psn\n|upkeep\n|turn|107\n|\n|t:|1782450601\n|move|p1a: Gliscor|Knock Off|p2a: Slither Wing\n|-resisted|p2a: Slither Wing\n|-damage|p2a: Slither Wing|79/100 tox\n|move|p2a: Slither Wing|U-turn|p1a: Gliscor\n|-supereffective|p1a: Gliscor\n|-end|p1a: Gliscor|Substitute\n|\n|t:|1782450608\n|-end|p2a: Slither Wing|Protosynthesis|[silent]\n|switch|p2a: Raging Bolt|Raging Bolt, tera:Fire|92/100|[from] U-turn\n|-activate|p2a: Raging Bolt|ability: Protosynthesis\n|-start|p2a: Raging Bolt|protosynthesisspa\n|\n|-weather|SunnyDay|[upkeep]\n|-heal|p1a: Gliscor|100/100 tox|[from] ability: Poison Heal\n|upkeep\n|turn|108\n|\n|t:|1782450622\n|move|p1a: Gliscor|Toxic|p2a: Raging Bolt\n|-status|p2a: Raging Bolt|tox\n|move|p2a: Raging Bolt|Weather Ball|p1a: Gliscor\n|-damage|p1a: Gliscor|0 fnt\n|faint|p1a: Gliscor\n|\n|-weather|SunnyDay|[upkeep]\n|-damage|p2a: Raging Bolt|86/100 tox|[from] psn\n|upkeep\n|\n|t:|1782450624\n|switch|p1a: Clodsire|Clodsire, F|67/100\n|turn|109\n|\n|t:|1782450627\n|move|p2a: Raging Bolt|Weather Ball|p1a: Clodsire\n|-damage|p1a: Clodsire|0 fnt\n|faint|p1a: Clodsire\n|\n|win|Cautious\n|raw|moonlit meadows's rating: 1660 &rarr; <strong>1637</strong><br />(-23 for losing)\n|raw|Cautious's rating: 1604 &rarr; <strong>1627</strong><br />(+23 for winning)\n|l|‽moonlit meadows\n|player|p1|\n|l| tsghdfht\n|l| maximilk\n|l| thing maker\n", "uploadtime": 1782450854, "views": 3, "formatid": "gen9ou", "rating": 1627, "private": 0, "password": null}