{"id": "gen9ou-2647799671", "format": "[Gen 9] OU", "players": ["beeezem8", "tumbeguare"], "log": "|j|☆beeezem8\n|j|☆tumbeguare\n|t:|1783814758\n|gametype|singles\n|player|p1|beeezem8|dancer|1079\n|player|p2|tumbeguare|psychic-gen4|1077\n|gen|9\n|tier|[Gen 9] OU\n|rated|\n|rule|HP Percentage Mod: HP is shown in percentages\n|rule|Endless Battle Clause: Forcing endless battles is banned\n|rule|Species Clause: Limit one of each Pokémon\n|rule|OHKO Clause: OHKO moves are banned\n|rule|Evasion Items Clause: Evasion items are banned\n|rule|Evasion Moves Clause: Evasion moves are banned\n|rule|Evasion Abilities Clause: Evasion abilities are banned\n|rule|Sleep Moves Clause: Sleep-inducing moves are banned\n|clearpoke\n|poke|p1|Thundurus-Therian, M|\n|poke|p1|Donphan, M|\n|poke|p1|Scizor, F|\n|poke|p1|Volcanion|\n|poke|p1|Zapdos-Galar|\n|poke|p1|Sinistcha|\n|poke|p2|Pincurchin, M|\n|poke|p2|Raging Bolt|\n|poke|p2|Galvantula, F|\n|poke|p2|Sandy Shocks|\n|poke|p2|Toxtricity, M|\n|poke|p2|Regieleki|\n|teampreview\n|\n|t:|1783814793\n|teamsize|p1|6\n|teamsize|p2|6\n|start\n|switch|p1a: Donphan|Donphan, M|100/100\n|switch|p2a: Galvantula|Galvantula, F|100/100\n|turn|1\n|\n|t:|1783814800\n|move|p2a: Galvantula|Sticky Web|p1a: Donphan\n|-sidestart|p1: beeezem8|move: Sticky Web\n|move|p1a: Donphan|Stealth Rock|p2a: Galvantula\n|-sidestart|p2: tumbeguare|move: Stealth Rock\n|\n|upkeep\n|turn|2\n|\n|t:|1783814804\n|move|p2a: Galvantula|Bug Buzz|p1a: Donphan\n|-damage|p1a: Donphan|51/100\n|-enditem|p1a: Donphan|Red Card|[of] p2a: Galvantula\n|drag|p2a: Toxtricity|Toxtricity, M|100/100\n|-damage|p2a: Toxtricity|88/100|[from] Stealth Rock\n|move|p1a: Donphan|Rapid Spin|p2a: Toxtricity\n|-damage|p2a: Toxtricity|58/100\n|-boost|p1a: Donphan|spe|1\n|-sideend|p1: beeezem8|Sticky Web|[from] move: Rapid Spin|[of] p1a: Donphan\n|\n|upkeep\n|turn|3\n|\n|t:|1783814824\n|move|p2a: Toxtricity|Boomburst|p1a: Donphan\n|-damage|p1a: Donphan|0 fnt\n|faint|p1a: Donphan\n|-enditem|p2a: Toxtricity|Throat Spray\n|-boost|p2a: Toxtricity|spa|1|[from] item: Throat Spray\n|\n|upkeep\n|\n|t:|1783814851\n|switch|p1a: Thundurus|Thundurus-Therian, M|100/100\n|turn|4\n|\n|t:|1783814856\n|move|p1a: Thundurus|Dark Pulse|p2a: Toxtricity\n|-damage|p2a: Toxtricity|0 fnt\n|faint|p2a: Toxtricity\n|-damage|p1a: Thundurus|91/100|[from] item: Life Orb\n|\n|upkeep\n|\n|t:|1783814873\n|switch|p2a: Sandy Shocks|Sandy Shocks|100/100\n|-damage|p2a: Sandy Shocks|94/100|[from] Stealth Rock\n|-enditem|p2a: Sandy Shocks|Booster Energy\n|-activate|p2a: Sandy Shocks|ability: Protosynthesis|[fromitem]\n|-start|p2a: Sandy Shocks|protosynthesisspe\n|turn|5\n|\n|t:|1783814906\n|move|p2a: Sandy Shocks|Power Gem|p1a: Thundurus\n|-supereffective|p1a: Thundurus\n|-damage|p1a: Thundurus|25/100\n|move|p1a: Thundurus|Dark Pulse|p2a: Sandy Shocks\n|-damage|p2a: Sandy Shocks|50/100\n|-damage|p1a: Thundurus|16/100|[from] item: Life Orb\n|\n|upkeep\n|turn|6\n|\n|t:|1783814931\n|move|p2a: Sandy Shocks|Power Gem|p1a: Thundurus\n|-supereffective|p1a: Thundurus\n|-damage|p1a: Thundurus|0 fnt\n|faint|p1a: Thundurus\n|\n|upkeep\n|\n|t:|1783814933\n|switch|p1a: Scizor|Scizor, F|100/100\n|turn|7\n|inactive|Battle timer is ON: inactive players will automatically lose when time's up. (requested by beeezem8)\n|\n|t:|1783814959\n|move|p1a: Scizor|Bullet Punch|p2a: Sandy Shocks\n|-resisted|p2a: Sandy Shocks\n|-damage|p2a: Sandy Shocks|21/100\n|move|p2a: Sandy Shocks|Thunderbolt|p1a: Scizor\n|-damage|p1a: Scizor|49/100\n|\n|upkeep\n|turn|8\n|\n|t:|1783814977\n|move|p1a: Scizor|Bullet Punch|p2a: Sandy Shocks\n|-resisted|p2a: Sandy Shocks\n|-damage|p2a: Sandy Shocks|0 fnt\n|faint|p2a: Sandy Shocks\n|-end|p2a: Sandy Shocks|Protosynthesis|[silent]\n|\n|upkeep\n|\n|t:|1783814998\n|switch|p2a: Galvantula|Galvantula, F|100/100\n|-damage|p2a: Galvantula|76/100|[from] Stealth Rock\n|turn|9\n|\n|t:|1783815018\n|move|p1a: Scizor|Bullet Punch|p2a: Galvantula\n|-resisted|p2a: Galvantula\n|-damage|p2a: Galvantula|27/100\n|move|p2a: Galvantula|Sticky Web|p1a: Scizor\n|-sidestart|p1: beeezem8|move: Sticky Web\n|\n|upkeep\n|turn|10\n|\n|t:|1783815031\n|move|p1a: Scizor|Bullet Punch|p2a: Galvantula\n|-resisted|p2a: Galvantula\n|-damage|p2a: Galvantula|0 fnt\n|faint|p2a: Galvantula\n|\n|upkeep\n|\n|t:|1783815050\n|switch|p2a: Pincurchin|Pincurchin, M|100/100\n|-damage|p2a: Pincurchin|88/100|[from] Stealth Rock\n|-fieldstart|move: Electric Terrain|[from] ability: Electric Surge|[of] p2a: Pincurchin\n|turn|11\n|\n|t:|1783815072\n|switch|p1a: Sinistcha|Sinistcha|100/100\n|-activate|p1a: Sinistcha|move: Sticky Web\n|-unboost|p1a: Sinistcha|spe|1\n|move|p2a: Pincurchin|Supercell Slam|p1a: Sinistcha\n|-resisted|p1a: Sinistcha\n|-damage|p1a: Sinistcha|74/100\n|\n|-heal|p1a: Sinistcha|80/100|[from] item: Leftovers\n|upkeep\n|turn|12\n|\n|t:|1783815082\n|move|p1a: Sinistcha|Matcha Gotcha|p2a: Pincurchin|[miss]\n|-miss|p1a: Sinistcha|p2a: Pincurchin\n|move|p2a: Pincurchin|Poison Jab|p1a: Sinistcha\n|-damage|p1a: Sinistcha|56/100\n|\n|-heal|p1a: Sinistcha|62/100|[from] item: Leftovers\n|upkeep\n|turn|13\n|\n|t:|1783815089\n|move|p2a: Pincurchin|Sucker Punch|p1a: Sinistcha\n|-supereffective|p1a: Sinistcha\n|-damage|p1a: Sinistcha|18/100\n|move|p1a: Sinistcha|Matcha Gotcha|p2a: Pincurchin\n|-damage|p2a: Pincurchin|29/100\n|-heal|p1a: Sinistcha|44/100|[from] drain|[of] p2a: Pincurchin\n|-status|p2a: Pincurchin|brn\n|\n|-heal|p1a: Sinistcha|50/100|[from] item: Leftovers\n|-damage|p2a: Pincurchin|23/100 brn|[from] brn\n|upkeep\n|turn|14\n|\n|t:|1783815102\n|move|p2a: Pincurchin|Sucker Punch||[still]\n|-fail|p2a: Pincurchin\n|move|p1a: Sinistcha|Nasty Plot|p1a: Sinistcha\n|-boost|p1a: Sinistcha|spa|2\n|\n|-heal|p1a: Sinistcha|56/100|[from] item: Leftovers\n|-damage|p2a: Pincurchin|17/100 brn|[from] brn\n|upkeep\n|turn|15\n|\n|t:|1783815113\n|move|p1a: Sinistcha|Matcha Gotcha|p2a: Pincurchin\n|-damage|p2a: Pincurchin|0 fnt\n|-heal|p1a: Sinistcha|63/100|[from] drain|[of] p2a: Pincurchin\n|faint|p2a: Pincurchin\n|\n|-heal|p1a: Sinistcha|69/100|[from] item: Leftovers\n|upkeep\n|-message|tumbeguare forfeited.\n|\n|win|beeezem8\n|raw|beeezem8's rating: 1079 &rarr; <strong>1107</strong><br />(+28 for winning)\n|raw|tumbeguare's rating: 1077 &rarr; <strong>1056</strong><br />(-21 for losing)\n|l|☆tumbeguare\n|player|p2|\n", "uploadtime": 1783815131, "views": 12, "formatid": "gen9ou", "rating": 1056, "private": 0, "password": null}