{"id": "gen9ou-2647691804", "format": "[Gen 9] OU", "players": ["howwasthistaken", "ArielPukLacra"], "log": "|j|☆howwasthistaken\n|j|☆ArielPukLacra\n|t:|1783797064\n|gametype|singles\n|player|p1|howwasthistaken|steven|1150\n|player|p2|ArielPukLacra|169|1173\n|gen|9\n|tier|[Gen 9] OU\n|rated|\n|rule|HP Percentage Mod: HP is shown in percentages\n|rule|Endless Battle Clause: Forcing endless battles is banned\n|rule|Species Clause: Limit one of each Pokémon\n|rule|OHKO Clause: OHKO moves are banned\n|rule|Evasion Items Clause: Evasion items are banned\n|rule|Evasion Moves Clause: Evasion moves are banned\n|rule|Evasion Abilities Clause: Evasion abilities are banned\n|rule|Sleep Moves Clause: Sleep-inducing moves are banned\n|clearpoke\n|poke|p1|Garchomp, M|\n|poke|p1|Corviknight, M|\n|poke|p1|Ceruledge, M|\n|poke|p1|Alomomola, F|\n|poke|p1|Rillaboom, M|\n|poke|p1|Iron Valiant|\n|poke|p2|Porygon2|\n|poke|p2|Clefairy, F|\n|poke|p2|Scyther, F|\n|poke|p2|Sneasel-Hisui, F|\n|poke|p2|Magneton|\n|poke|p2|Minior-Blue|\n|teampreview\n|\n|t:|1783797072\n|teamsize|p1|6\n|teamsize|p2|6\n|start\n|switch|p1a: Garchomp|Garchomp, M|100/100\n|switch|p2a: Clefairy|Clefairy, F|100/100\n|turn|1\n|inactive|Battle timer is ON: inactive players will automatically lose when time's up. (requested by howwasthistaken)\n|\n|t:|1783797085\n|move|p1a: Garchomp|Stealth Rock|p2a: Clefairy\n|-sidestart|p2: ArielPukLacra|move: Stealth Rock\n|move|p2a: Clefairy|Stealth Rock|p1a: Garchomp\n|-sidestart|p1: howwasthistaken|move: Stealth Rock\n|\n|upkeep\n|turn|2\n|\n|t:|1783797092\n|move|p1a: Garchomp|Earthquake|p2a: Clefairy\n|-damage|p2a: Clefairy|58/100\n|move|p2a: Clefairy|Moonblast|p1a: Garchomp\n|-supereffective|p1a: Garchomp\n|-damage|p1a: Garchomp|63/100\n|\n|upkeep\n|turn|3\n|\n|t:|1783797101\n|switch|p1a: Corviknight|Corviknight, M|100/100\n|-damage|p1a: Corviknight|88/100|[from] Stealth Rock\n|move|p2a: Clefairy|Moonblast|p1a: Corviknight\n|-resisted|p1a: Corviknight\n|-damage|p1a: Corviknight|78/100\n|\n|-heal|p1a: Corviknight|84/100|[from] item: Leftovers\n|upkeep\n|turn|4\n|\n|t:|1783797105\n|move|p1a: Corviknight|Iron Head|p2a: Clefairy\n|-supereffective|p2a: Clefairy\n|-damage|p2a: Clefairy|0 fnt\n|faint|p2a: Clefairy\n|\n|-heal|p1a: Corviknight|90/100|[from] item: Leftovers\n|upkeep\n|\n|t:|1783797110\n|switch|p2a: Porygon2|Porygon2, shiny|100/100\n|-damage|p2a: Porygon2|88/100|[from] Stealth Rock\n|-ability|p2a: Porygon2|Download|boost\n|-boost|p2a: Porygon2|spa|1\n|turn|5\n|\n|t:|1783797114\n|switch|p1a: Garchomp|Garchomp, M|63/100\n|-damage|p1a: Garchomp|57/100|[from] Stealth Rock\n|move|p2a: Porygon2|Discharge|p1a: Garchomp\n|-immune|p1a: Garchomp\n|\n|upkeep\n|turn|6\n|\n|t:|1783797121\n|move|p1a: Garchomp|Earthquake|p2a: Porygon2\n|-damage|p2a: Porygon2|64/100\n|move|p2a: Porygon2|Ice Beam|p1a: Garchomp\n|-supereffective|p1a: Garchomp\n|-damage|p1a: Garchomp|0 fnt\n|faint|p1a: Garchomp\n|\n|upkeep\n|\n|t:|1783797126\n|switch|p1a: Iron Valiant|Iron Valiant|100/100\n|-damage|p1a: Iron Valiant|94/100|[from] Stealth Rock\n|-enditem|p1a: Iron Valiant|Booster Energy\n|-activate|p1a: Iron Valiant|ability: Quark Drive|[fromitem]\n|-start|p1a: Iron Valiant|quarkdrivespe\n|turn|7\n|\n|t:|1783797139\n|move|p1a: Iron Valiant|Calm Mind|p1a: Iron Valiant\n|-boost|p1a: Iron Valiant|spa|1\n|-boost|p1a: Iron Valiant|spd|1\n|move|p2a: Porygon2|Recover|p2a: Porygon2\n|-heal|p2a: Porygon2|100/100\n|\n|upkeep\n|turn|8\n|\n|t:|1783797144\n|move|p1a: Iron Valiant|Calm Mind|p1a: Iron Valiant\n|-boost|p1a: Iron Valiant|spa|1\n|-boost|p1a: Iron Valiant|spd|1\n|move|p2a: Porygon2|Tri Attack|p1a: Iron Valiant\n|-damage|p1a: Iron Valiant|53/100\n|\n|upkeep\n|turn|9\n|\n|t:|1783797147\n|move|p1a: Iron Valiant|Aura Sphere|p2a: Porygon2\n|-supereffective|p2a: Porygon2\n|-damage|p2a: Porygon2|12/100\n|move|p2a: Porygon2|Tri Attack|p1a: Iron Valiant\n|-damage|p1a: Iron Valiant|13/100\n|\n|upkeep\n|turn|10\n|\n|t:|1783797150\n|move|p1a: Iron Valiant|Aura Sphere|p2a: Porygon2\n|-supereffective|p2a: Porygon2\n|-damage|p2a: Porygon2|0 fnt\n|faint|p2a: Porygon2\n|\n|upkeep\n|\n|t:|1783797153\n|switch|p2a: Sneasel|Sneasel-Hisui, F, shiny|100/100\n|-damage|p2a: Sneasel|95/100|[from] Stealth Rock\n|turn|11\n|\n|t:|1783797160\n|move|p2a: Sneasel|Fake Out|p1a: Iron Valiant\n|-damage|p1a: Iron Valiant|0 fnt\n|faint|p1a: Iron Valiant\n|-end|p1a: Iron Valiant|Quark Drive|[silent]\n|\n|upkeep\n|\n|t:|1783797166\n|switch|p1a: Corviknight|Corviknight, M|90/100\n|-damage|p1a: Corviknight|77/100|[from] Stealth Rock\n|turn|12\n|\n|t:|1783797180\n|switch|p2a: Minior|Minior-Blue, shiny|100/100\n|-damage|p2a: Minior|76/100|[from] Stealth Rock\n|-formechange|p2a: Minior|Minior-Meteor||[from] ability: Shields Down\n|move|p1a: Corviknight|Brave Bird|p2a: Minior\n|-resisted|p2a: Minior\n|-damage|p2a: Minior|43/100\n|-damage|p1a: Corviknight|70/100|[from] Recoil\n|\n|-heal|p1a: Corviknight|76/100|[from] item: Leftovers\n|-formechange|p2a: Minior|Minior-Blue||[from] ability: Shields Down\n|upkeep\n|turn|13\n|\n|t:|1783797191\n|move|p2a: Minior|Stone Edge|p1a: Corviknight\n|-damage|p1a: Corviknight|36/100\n|move|p1a: Corviknight|Iron Head|p2a: Minior\n|-supereffective|p2a: Minior\n|-damage|p2a: Minior|0 fnt\n|faint|p2a: Minior\n|\n|-heal|p1a: Corviknight|42/100|[from] item: Leftovers\n|upkeep\n|\n|t:|1783797194\n|switch|p2a: Magneton|Magneton|100/100\n|-damage|p2a: Magneton|95/100|[from] Stealth Rock\n|turn|14\n|\n|t:|1783797201\n|move|p2a: Magneton|Volt Switch|p1a: Corviknight\n|-supereffective|p1a: Corviknight\n|-damage|p1a: Corviknight|0 fnt\n|faint|p1a: Corviknight\n|\n|t:|1783797221\n|switch|p2a: Sneasel|Sneasel-Hisui, F, shiny|95/100|[from] Volt Switch\n|-damage|p2a: Sneasel|89/100|[from] Stealth Rock\n|\n|upkeep\n|\n|t:|1783797231\n|switch|p1a: Alomomola|Alomomola, F|100/100\n|-damage|p1a: Alomomola|88/100|[from] Stealth Rock\n|turn|15\n|\n|t:|1783797236\n|move|p2a: Sneasel|Fake Out|p1a: Alomomola\n|-damage|p1a: Alomomola|81/100\n|cant|p1a: Alomomola|flinch\n|\n|-heal|p1a: Alomomola|87/100|[from] item: Leftovers\n|upkeep\n|turn|16\n|\n|t:|1783797242\n|move|p2a: Sneasel|Gunk Shot|p1a: Alomomola\n|-damage|p1a: Alomomola|57/100\n|move|p1a: Alomomola|Wish|p1a: Alomomola\n|\n|-heal|p1a: Alomomola|63/100|[from] item: Leftovers\n|upkeep\n|turn|17\n|\n|t:|1783797248\n|move|p2a: Sneasel|Gunk Shot|p1a: Alomomola\n|-damage|p1a: Alomomola|35/100\n|move|p1a: Alomomola|Scald|p2a: Sneasel\n|-damage|p2a: Sneasel|73/100\n|\n|-heal|p1a: Alomomola|85/100|[from] move: Wish|[wisher] Alomomola\n|-heal|p1a: Alomomola|91/100|[from] item: Leftovers\n|upkeep\n|turn|18\n|\n|t:|1783797256\n|switch|p2a: Magneton|Magneton|95/100\n|-damage|p2a: Magneton|89/100|[from] Stealth Rock\n|move|p1a: Alomomola|Scald|p2a: Magneton\n|-damage|p2a: Magneton|75/100\n|-status|p2a: Magneton|brn\n|\n|-heal|p1a: Alomomola|97/100|[from] item: Leftovers\n|-damage|p2a: Magneton|69/100 brn|[from] brn\n|upkeep\n|turn|19\n|\n|t:|1783797261\n|switch|p1a: Rillaboom|Rillaboom, M|100/100\n|-damage|p1a: Rillaboom|88/100|[from] Stealth Rock\n|-fieldstart|move: Grassy Terrain|[from] ability: Grassy Surge|[of] p1a: Rillaboom\n|move|p2a: Magneton|Thunderbolt|p1a: Rillaboom\n|-resisted|p1a: Rillaboom\n|-damage|p1a: Rillaboom|73/100\n|\n|-heal|p1a: Rillaboom|79/100|[from] Grassy Terrain\n|-heal|p2a: Magneton|75/100 brn|[from] Grassy Terrain\n|-damage|p2a: Magneton|69/100 brn|[from] brn\n|upkeep\n|turn|20\n|\n|t:|1783797284\n|move|p1a: Rillaboom|Knock Off|p2a: Magneton\n|-damage|p2a: Magneton|44/100 brn\n|-enditem|p2a: Magneton|Eviolite|[from] move: Knock Off|[of] p1a: Rillaboom\n|move|p2a: Magneton|Flash Cannon|p1a: Rillaboom\n|-damage|p1a: Rillaboom|51/100\n|\n|-heal|p1a: Rillaboom|57/100|[from] Grassy Terrain\n|-heal|p2a: Magneton|50/100 brn|[from] Grassy Terrain\n|-damage|p2a: Magneton|44/100 brn|[from] brn\n|upkeep\n|turn|21\n|\n|t:|1783797289\n|move|p1a: Rillaboom|Wood Hammer|p2a: Magneton\n|-resisted|p2a: Magneton\n|-damage|p2a: Magneton|0 fnt\n|faint|p2a: Magneton\n|-damage|p1a: Rillaboom|46/100|[from] Recoil\n|\n|-heal|p1a: Rillaboom|52/100|[from] Grassy Terrain\n|upkeep\n|\n|t:|1783797292\n|switch|p2a: Scyther|Scyther, F, shiny|100/100\n|-damage|p2a: Scyther|51/100|[from] Stealth Rock\n|turn|22\n|\n|t:|1783797302\n|move|p1a: Rillaboom|Grassy Glide|p2a: Scyther\n|-resisted|p2a: Scyther\n|-damage|p2a: Scyther|42/100\n|move|p2a: Scyther|Dual Wingbeat|p1a: Rillaboom\n|-supereffective|p1a: Rillaboom\n|-damage|p1a: Rillaboom|4/100\n|-supereffective|p1a: Rillaboom\n|-damage|p1a: Rillaboom|0 fnt\n|faint|p1a: Rillaboom\n|-hitcount|p1: Rillaboom|2\n|\n|upkeep\n|\n|t:|1783797307\n|switch|p1a: Ceruledge|Ceruledge, M|100/100\n|-damage|p1a: Ceruledge|76/100|[from] Stealth Rock\n|turn|23\n|\n|t:|1783797311\n|move|p2a: Scyther|Dual Wingbeat|p1a: Ceruledge\n|-damage|p1a: Ceruledge|41/100\n|-ability|p1a: Ceruledge|Weak Armor|boost\n|-unboost|p1a: Ceruledge|def|1\n|-boost|p1a: Ceruledge|spe|2\n|-damage|p1a: Ceruledge|0 fnt\n|faint|p1a: Ceruledge\n|-hitcount|p1: Ceruledge|2\n|\n|-fieldend|move: Grassy Terrain\n|upkeep\n|\n|t:|1783797316\n|switch|p1a: Alomomola|Alomomola, F|100/100\n|-damage|p1a: Alomomola|88/100|[from] Stealth Rock\n|turn|24\n|\n|t:|1783797325\n|move|p1a: Alomomola|Protect|p1a: Alomomola\n|-singleturn|p1a: Alomomola|Protect\n|move|p2a: Scyther|Swords Dance|p2a: Scyther\n|-boost|p2a: Scyther|atk|2\n|\n|-heal|p1a: Alomomola|94/100|[from] item: Leftovers\n|upkeep\n|turn|25\n|\n|t:|1783797328\n|-terastallize|p2a: Scyther|Grass\n|move|p2a: Scyther|Trailblaze|p1a: Alomomola\n|-supereffective|p1a: Alomomola\n|-damage|p1a: Alomomola|27/100\n|-boost|p2a: Scyther|spe|1\n|move|p1a: Alomomola|Scald|p2a: Scyther\n|-resisted|p2a: Scyther\n|-damage|p2a: Scyther|35/100\n|\n|-heal|p1a: Alomomola|33/100|[from] item: Leftovers\n|upkeep\n|turn|26\n|-message|howwasthistaken forfeited.\n|\n|win|ArielPukLacra\n|raw|howwasthistaken's rating: 1150 &rarr; <strong>1127</strong><br />(-23 for losing)\n|raw|ArielPukLacra's rating: 1173 &rarr; <strong>1196</strong><br />(+23 for winning)\n|l|☆howwasthistaken\n|player|p1|\n|l|☆ArielPukLacra\n|player|p2|\n", "uploadtime": 1783797614, "views": 9, "formatid": "gen9ou", "rating": 1127, "private": 0, "password": null}