{"id": "gen9ou-2647772833", "format": "[Gen 9] OU", "players": ["PurpleArcher", "Icezangoose"], "log": "|j|☆PurpleArcher\n|j|☆Icezangoose\n|t:|1783810022\n|gametype|singles\n|player|p1|PurpleArcher|170|1097\n|player|p2|Icezangoose|1|1055\n|gen|9\n|tier|[Gen 9] OU\n|rated|\n|rule|HP Percentage Mod: HP is shown in percentages\n|rule|Endless Battle Clause: Forcing endless battles is banned\n|rule|Species Clause: Limit one of each Pokémon\n|rule|OHKO Clause: OHKO moves are banned\n|rule|Evasion Items Clause: Evasion items are banned\n|rule|Evasion Moves Clause: Evasion moves are banned\n|rule|Evasion Abilities Clause: Evasion abilities are banned\n|rule|Sleep Moves Clause: Sleep-inducing moves are banned\n|clearpoke\n|poke|p1|Dondozo, M|\n|poke|p1|Tatsugiri, M|\n|poke|p1|Ditto|\n|poke|p1|Clodsire, M|\n|poke|p1|Alomomola, M|\n|poke|p1|Toxapex, F|\n|poke|p2|Great Tusk|\n|poke|p2|Chesnaught, F|\n|poke|p2|Ogerpon-Wellspring, F|\n|poke|p2|Dragapult, M|\n|poke|p2|Zamazenta-*|\n|poke|p2|Glimmora, F|\n|teampreview\n|inactive|Battle timer is ON: inactive players will automatically lose when time's up. (requested by Icezangoose)\n|c|☆Icezangoose|;-;\n|inactive|Icezangoose has 120 seconds left.\n|\n|t:|1783810057\n|teamsize|p1|6\n|teamsize|p2|6\n|start\n|switch|p1a: Dondozo|Dondozo, M|100/100\n|switch|p2a: Ogerpon|Ogerpon-Wellspring, F|100/100\n|turn|1\n|\n|t:|1783810083\n|switch|p1a: Tatsugiri|Tatsugiri, M, shiny|100/100\n|move|p2a: Ogerpon|Knock Off|p1a: Tatsugiri\n|-damage|p1a: Tatsugiri|25/100\n|-enditem|p1a: Tatsugiri|Choice Specs|[from] move: Knock Off|[of] p2a: Ogerpon\n|\n|upkeep\n|turn|2\n|\n|t:|1783810098\n|-terastallize|p1a: Tatsugiri|Fire\n|move|p2a: Ogerpon|U-turn|p1a: Tatsugiri\n|-resisted|p1a: Tatsugiri\n|-damage|p1a: Tatsugiri|2/100\n|\n|t:|1783810112\n|switch|p2a: Glimmora|Glimmora, F|100/100|[from] U-turn\n|move|p1a: Tatsugiri|Rest|p1a: Tatsugiri\n|-status|p1a: Tatsugiri|slp|[from] move: Rest\n|-heal|p1a: Tatsugiri|100/100 slp|[silent]\n|\n|upkeep\n|turn|3\n|\n|t:|1783810125\n|move|p2a: Glimmora|Stealth Rock|p1a: Tatsugiri\n|-sidestart|p1: PurpleArcher|move: Stealth Rock\n|cant|p1a: Tatsugiri|slp\n|\n|upkeep\n|turn|4\n|\n|t:|1783810130\n|move|p2a: Glimmora|Meteor Beam||[still]\n|-prepare|p2a: Glimmora|Meteor Beam\n|-boost|p2a: Glimmora|spa|1\n|-enditem|p2a: Glimmora|Power Herb\n|-anim|p2a: Glimmora|Meteor Beam|p1a: Tatsugiri\n|-supereffective|p1a: Tatsugiri\n|-damage|p1a: Tatsugiri|0 fnt\n|faint|p1a: Tatsugiri\n|\n|upkeep\n|\n|t:|1783810142\n|switch|p1a: Toxapex|Toxapex, F|100/100\n|-damage|p1a: Toxapex|88/100|[from] Stealth Rock\n|turn|5\n|\n|t:|1783810151\n|move|p2a: Glimmora|Earth Power|p1a: Toxapex\n|-supereffective|p1a: Toxapex\n|-damage|p1a: Toxapex|11/100\n|move|p1a: Toxapex|Toxic Spikes|p2a: Glimmora\n|-sidestart|p2: Icezangoose|move: Toxic Spikes\n|\n|-heal|p1a: Toxapex|17/100|[from] item: Black Sludge\n|upkeep\n|turn|6\n|\n|t:|1783810159\n|move|p1a: Toxapex|Baneful Bunker|p1a: Toxapex\n|-singleturn|p1a: Toxapex|move: Protect\n|move|p2a: Glimmora|Earth Power|p1a: Toxapex\n|-activate|p1a: Toxapex|move: Protect\n|\n|-heal|p1a: Toxapex|24/100|[from] item: Black Sludge\n|upkeep\n|turn|7\n|\n|t:|1783810168\n|move|p2a: Glimmora|Earth Power|p1a: Toxapex\n|-supereffective|p1a: Toxapex\n|-damage|p1a: Toxapex|0 fnt\n|faint|p1a: Toxapex\n|\n|upkeep\n|-message|PurpleArcher forfeited.\n|\n|win|Icezangoose\n|raw|PurpleArcher's rating: 1097 &rarr; <strong>1069</strong><br />(-28 for losing)\n|raw|Icezangoose's rating: 1055 &rarr; <strong>1091</strong><br />(+36 for winning)\n|l|☆PurpleArcher\n|player|p1|\n|l|☆Icezangoose\n|player|p2|\n", "uploadtime": 1783810171, "views": 11, "formatid": "gen9ou", "rating": 1069, "private": 0, "password": null}