{"id": "gen9ou-2647730067", "format": "[Gen 9] OU", "players": ["cozyprincemshroom", "OUBotBeepBoop"], "log": "|j|☆cozyprincemshroom\n|j|☆OUBotBeepBoop\n|t:|1783802922\n|gametype|singles\n|player|p1|cozyprincemshroom|waiter|1112\n|player|p2|OUBotBeepBoop|102|1116\n|gen|9\n|tier|[Gen 9] OU\n|rated|\n|rule|HP Percentage Mod: HP is shown in percentages\n|rule|Endless Battle Clause: Forcing endless battles is banned\n|rule|Species Clause: Limit one of each Pokémon\n|rule|OHKO Clause: OHKO moves are banned\n|rule|Evasion Items Clause: Evasion items are banned\n|rule|Evasion Moves Clause: Evasion moves are banned\n|rule|Evasion Abilities Clause: Evasion abilities are banned\n|rule|Sleep Moves Clause: Sleep-inducing moves are banned\n|clearpoke\n|poke|p1|Meganium, F|\n|poke|p1|Spidops, F|\n|poke|p1|Pawmot, M|\n|poke|p1|Munkidori, M|\n|poke|p1|Inteleon, M|\n|poke|p1|Torkoal, F|\n|poke|p2|Glimmora, M|\n|poke|p2|Great Tusk|\n|poke|p2|Kingambit, F|\n|poke|p2|Dragapult, F|\n|poke|p2|Clefable, M|\n|poke|p2|Corviknight, M|\n|teampreview\n|inactive|Battle timer is ON: inactive players will automatically lose when time's up. (requested by OUBotBeepBoop)\n|inactive|cozyprincemshroom also wants the timer to be on.\n|\n|t:|1783802934\n|teamsize|p1|6\n|teamsize|p2|6\n|start\n|switch|p1a: Munkidori|Munkidori, M|100/100\n|switch|p2a: Glimmora|Glimmora, M|100/100\n|turn|1\n|\n|t:|1783802941\n|move|p1a: Munkidori|Trick|p2a: Glimmora\n|-activate|p1a: Munkidori|move: Trick|[of] p2a: Glimmora\n|-item|p2a: Glimmora|Choice Scarf|[from] move: Trick\n|-item|p1a: Munkidori|Focus Sash|[from] move: Trick\n|move|p2a: Glimmora|Stealth Rock|p1a: Munkidori\n|-sidestart|p1: cozyprincemshroom|move: Stealth Rock\n|\n|upkeep\n|turn|2\n|\n|t:|1783802950\n|switch|p2a: Dragapult|Dragapult, F|100/100\n|switch|p1a: Torkoal|Torkoal, F|100/100\n|-damage|p1a: Torkoal|76/100|[from] Stealth Rock\n|-weather|SunnyDay|[from] ability: Drought|[of] p1a: Torkoal\n|\n|-weather|SunnyDay|[upkeep]\n|upkeep\n|turn|3\n|\n|t:|1783802962\n|move|p2a: Dragapult|Draco Meteor|p1a: Torkoal\n|-damage|p1a: Torkoal|4/100\n|-unboost|p2a: Dragapult|spa|2\n|move|p1a: Torkoal|Will-O-Wisp|p2a: Dragapult\n|-status|p2a: Dragapult|brn\n|\n|-weather|SunnyDay|[upkeep]\n|-damage|p2a: Dragapult|95/100 brn|[from] brn\n|upkeep\n|turn|4\n|\n|t:|1783802973\n|move|p2a: Dragapult|Draco Meteor|p1a: Torkoal\n|-damage|p1a: Torkoal|0 fnt\n|-unboost|p2a: Dragapult|spa|2\n|faint|p1a: Torkoal\n|\n|-weather|SunnyDay|[upkeep]\n|-damage|p2a: Dragapult|89/100 brn|[from] brn\n|upkeep\n|\n|t:|1783802982\n|switch|p1a: Pawmot|Pawmot, M|100/100\n|-damage|p1a: Pawmot|94/100|[from] Stealth Rock\n|turn|5\n|\n|t:|1783802987\n|switch|p2a: Great Tusk|Great Tusk|100/100\n|-activate|p2a: Great Tusk|ability: Protosynthesis\n|-start|p2a: Great Tusk|protosynthesisatk\n|move|p1a: Pawmot|Fire Punch|p2a: Great Tusk\n|-damage|p2a: Great Tusk|65/100\n|-status|p2a: Great Tusk|brn\n|\n|-weather|SunnyDay|[upkeep]\n|-damage|p2a: Great Tusk|59/100 brn|[from] brn\n|upkeep\n|turn|6\n|\n|t:|1783803003\n|switch|p1a: Munkidori|Munkidori, M|100/100\n|-damage|p1a: Munkidori|88/100|[from] Stealth Rock\n|move|p2a: Great Tusk|Headlong Rush|p1a: Munkidori\n|-supereffective|p1a: Munkidori\n|-damage|p1a: Munkidori|0 fnt\n|-unboost|p2a: Great Tusk|def|1\n|-unboost|p2a: Great Tusk|spd|1\n|faint|p1a: Munkidori\n|\n|-weather|SunnyDay|[upkeep]\n|-damage|p2a: Great Tusk|53/100 brn|[from] brn\n|upkeep\n|\n|t:|1783803016\n|switch|p1a: Pawmot|Pawmot, M|94/100\n|-damage|p1a: Pawmot|88/100|[from] Stealth Rock\n|turn|7\n|\n|t:|1783803020\n|move|p1a: Pawmot|Fire Punch|p2a: Great Tusk\n|-damage|p2a: Great Tusk|0 fnt\n|faint|p2a: Great Tusk\n|-end|p2a: Great Tusk|Protosynthesis|[silent]\n|\n|-weather|SunnyDay|[upkeep]\n|upkeep\n|\n|t:|1783803020\n|switch|p2a: Dragapult|Dragapult, F|89/100 brn\n|turn|8\n|\n|t:|1783803029\n|switch|p1a: Meganium|Meganium, F|100/100\n|-damage|p1a: Meganium|88/100|[from] Stealth Rock\n|move|p2a: Dragapult|Shadow Ball|p1a: Meganium\n|-damage|p1a: Meganium|51/100\n|-unboost|p1a: Meganium|spd|1\n|\n|-weather|SunnyDay|[upkeep]\n|-heal|p1a: Meganium|57/100|[from] item: Leftovers\n|-damage|p2a: Dragapult|83/100 brn|[from] brn\n|upkeep\n|turn|9\n|\n|t:|1783803040\n|move|p2a: Dragapult|Shadow Ball|p1a: Meganium\n|-damage|p1a: Meganium|4/100\n|move|p1a: Meganium|Synthesis|p1a: Meganium\n|-heal|p1a: Meganium|70/100\n|\n|-weather|none\n|-heal|p1a: Meganium|76/100|[from] item: Leftovers\n|-damage|p2a: Dragapult|77/100 brn|[from] brn\n|upkeep\n|turn|10\n|\n|t:|1783803050\n|switch|p1a: Spidops|Spidops, F, shiny|100/100\n|-damage|p1a: Spidops|76/100|[from] Stealth Rock\n|move|p2a: Dragapult|Shadow Ball|p1a: Spidops\n|-damage|p1a: Spidops|12/100\n|\n|-damage|p2a: Dragapult|71/100 brn|[from] brn\n|upkeep\n|turn|11\n|\n|t:|1783803060\n|move|p1a: Spidops|Sucker Punch|p2a: Dragapult\n|-supereffective|p2a: Dragapult\n|-damage|p2a: Dragapult|4/100 brn\n|-damage|p1a: Spidops|2/100|[from] item: Life Orb\n|move|p2a: Dragapult|Shadow Ball|p1a: Spidops\n|-damage|p1a: Spidops|0 fnt\n|faint|p1a: Spidops\n|\n|-damage|p2a: Dragapult|0 fnt|[from] brn\n|faint|p2a: Dragapult\n|upkeep\n|\n|t:|1783803072\n|switch|p2a: Glimmora|Glimmora, M|100/100\n|switch|p1a: Inteleon|Inteleon, M|100/100\n|-damage|p1a: Inteleon|88/100|[from] Stealth Rock\n|turn|12\n|\n|t:|1783803079\n|switch|p2a: Kingambit|Kingambit, F|100/100\n|-activate|p2a: Kingambit|ability: Supreme Overlord\n|-start|p2a: Kingambit|fallen2|[silent]\n|move|p1a: Inteleon|Scald|p2a: Kingambit\n|-damage|p2a: Kingambit|59/100\n|\n|upkeep\n|turn|13\n|\n|t:|1783803087\n|move|p1a: Inteleon|Vacuum Wave|p2a: Kingambit\n|-supereffective|p2a: Kingambit\n|-damage|p2a: Kingambit|0 fnt\n|faint|p2a: Kingambit\n|-end|p2a: Kingambit|fallen2|[silent]\n|\n|upkeep\n|\n|t:|1783803088\n|switch|p2a: Clefable|Clefable, M|100/100\n|turn|14\n|\n|t:|1783803095\n|switch|p1a: Meganium|Meganium, F|76/100\n|-damage|p1a: Meganium|64/100|[from] Stealth Rock\n|move|p2a: Clefable|Moonblast|p1a: Meganium\n|-damage|p1a: Meganium|41/100\n|-unboost|p1a: Meganium|spa|1\n|\n|-heal|p1a: Meganium|47/100|[from] item: Leftovers\n|upkeep\n|turn|15\n|\n|t:|1783803106\n|move|p1a: Meganium|Leech Seed|p2a: Clefable\n|-start|p2a: Clefable|move: Leech Seed\n|move|p2a: Clefable|Moonblast|p1a: Meganium\n|-damage|p1a: Meganium|26/100\n|-unboost|p1a: Meganium|spa|1\n|\n|-heal|p1a: Meganium|32/100|[from] item: Leftovers\n|-damage|p2a: Clefable|88/100|[from] Leech Seed|[of] p1a: Meganium\n|-heal|p1a: Meganium|46/100|[silent]\n|upkeep\n|turn|16\n|\n|t:|1783803116\n|move|p1a: Meganium|Synthesis|p1a: Meganium\n|-heal|p1a: Meganium|96/100\n|move|p2a: Clefable|Moonblast|p1a: Meganium\n|-damage|p1a: Meganium|74/100\n|\n|-heal|p1a: Meganium|80/100|[from] item: Leftovers\n|-heal|p2a: Clefable|94/100|[from] item: Leftovers\n|-damage|p2a: Clefable|82/100|[from] Leech Seed|[of] p1a: Meganium\n|-heal|p1a: Meganium|93/100|[silent]\n|upkeep\n|turn|17\n|\n|t:|1783803127\n|move|p1a: Meganium|Energy Ball|p2a: Clefable\n|-damage|p2a: Clefable|57/100\n|move|p2a: Clefable|Flamethrower|p1a: Meganium\n|-supereffective|p1a: Meganium\n|-damage|p1a: Meganium|68/100\n|-status|p1a: Meganium|brn\n|\n|-heal|p1a: Meganium|74/100 brn|[from] item: Leftovers\n|-heal|p2a: Clefable|63/100|[from] item: Leftovers\n|-damage|p2a: Clefable|50/100|[from] Leech Seed|[of] p1a: Meganium\n|-heal|p1a: Meganium|87/100 brn|[silent]\n|-damage|p1a: Meganium|81/100 brn|[from] brn\n|upkeep\n|turn|18\n|\n|t:|1783803140\n|move|p1a: Meganium|Encore|p2a: Clefable\n|-start|p2a: Clefable|Encore\n|move|p2a: Clefable|Flamethrower|p1a: Meganium\n|-supereffective|p1a: Meganium\n|-damage|p1a: Meganium|54/100 brn\n|\n|-heal|p1a: Meganium|60/100 brn|[from] item: Leftovers\n|-heal|p2a: Clefable|56/100|[from] item: Leftovers\n|-damage|p2a: Clefable|44/100|[from] Leech Seed|[of] p1a: Meganium\n|-heal|p1a: Meganium|73/100 brn|[silent]\n|-damage|p1a: Meganium|67/100 brn|[from] brn\n|upkeep\n|turn|19\n|\n|t:|1783803151\n|switch|p1a: Inteleon|Inteleon, M|88/100\n|-damage|p1a: Inteleon|76/100|[from] Stealth Rock\n|move|p2a: Clefable|Flamethrower|p1a: Inteleon\n|-resisted|p1a: Inteleon\n|-damage|p1a: Inteleon|58/100\n|\n|-heal|p2a: Clefable|50/100|[from] item: Leftovers\n|-damage|p2a: Clefable|38/100|[from] Leech Seed|[of] p1a: Inteleon\n|-heal|p1a: Inteleon|76/100|[silent]\n|upkeep\n|turn|20\n|\n|t:|1783803162\n|switch|p2a: Corviknight|Corviknight, M|100/100\n|-ability|p2a: Corviknight|Pressure\n|move|p1a: Inteleon|Scald|p2a: Corviknight\n|-damage|p2a: Corviknight|55/100\n|\n|-heal|p2a: Corviknight|61/100|[from] item: Leftovers\n|upkeep\n|turn|21\n|\n|t:|1783803172\n|move|p1a: Inteleon|Scald|p2a: Corviknight\n|-damage|p2a: Corviknight|21/100\n|move|p2a: Corviknight|Roost|p2a: Corviknight\n|-heal|p2a: Corviknight|71/100\n|-singleturn|p2a: Corviknight|move: Roost\n|\n|-heal|p2a: Corviknight|78/100|[from] item: Leftovers\n|upkeep\n|turn|22\n|\n|t:|1783803181\n|move|p1a: Inteleon|Scald|p2a: Corviknight\n|-damage|p2a: Corviknight|36/100\n|move|p2a: Corviknight|U-turn|p1a: Inteleon\n|-damage|p1a: Inteleon|51/100\n|\n|t:|1783803182\n|switch|p2a: Clefable|Clefable, M|38/100|[from] U-turn\n|\n|-heal|p2a: Clefable|44/100|[from] item: Leftovers\n|upkeep\n|turn|23\n|\n|t:|1783803192\n|move|p1a: Inteleon|Scald|p2a: Clefable\n|-damage|p2a: Clefable|0 fnt\n|faint|p2a: Clefable\n|\n|upkeep\n|\n|t:|1783803192\n|switch|p2a: Glimmora|Glimmora, M|100/100\n|turn|24\n|\n|t:|1783803200\n|switch|p2a: Corviknight|Corviknight, M|36/100\n|-ability|p2a: Corviknight|Pressure\n|move|p1a: Inteleon|Scald|p2a: Corviknight\n|-damage|p2a: Corviknight|0 fnt\n|faint|p2a: Corviknight\n|\n|upkeep\n|\n|t:|1783803200\n|switch|p2a: Glimmora|Glimmora, M|100/100\n|turn|25\n|\n|t:|1783803211\n|move|p2a: Glimmora|Power Gem|p1a: Inteleon\n|-damage|p1a: Inteleon|0 fnt\n|faint|p1a: Inteleon\n|\n|upkeep\n|\n|t:|1783803216\n|switch|p1a: Meganium|Meganium, F|67/100 brn\n|-damage|p1a: Meganium|55/100 brn|[from] Stealth Rock\n|turn|26\n|\n|t:|1783803220\n|-terastallize|p2a: Glimmora|Grass\n|move|p2a: Glimmora|Power Gem|p1a: Meganium\n|-damage|p1a: Meganium|24/100 brn\n|move|p1a: Meganium|Synthesis|p1a: Meganium\n|-heal|p1a: Meganium|74/100 brn\n|\n|-heal|p1a: Meganium|80/100 brn|[from] item: Leftovers\n|-damage|p1a: Meganium|74/100 brn|[from] brn\n|upkeep\n|turn|27\n|\n|t:|1783803231\n|move|p2a: Glimmora|Power Gem|p1a: Meganium\n|-crit|p1a: Meganium\n|-damage|p1a: Meganium|31/100 brn\n|move|p1a: Meganium|Encore|p2a: Glimmora\n|-start|p2a: Glimmora|Encore\n|\n|-heal|p1a: Meganium|37/100 brn|[from] item: Leftovers\n|-damage|p1a: Meganium|31/100 brn|[from] brn\n|upkeep\n|turn|28\n|\n|t:|1783803242\n|move|p2a: Glimmora|Power Gem|p1a: Meganium\n|-damage|p1a: Meganium|1/100 brn\n|move|p1a: Meganium|Energy Ball|p2a: Glimmora\n|-resisted|p2a: Glimmora\n|-damage|p2a: Glimmora|84/100\n|\n|-heal|p1a: Meganium|7/100 brn|[from] item: Leftovers\n|-damage|p1a: Meganium|1/100 brn|[from] brn\n|upkeep\n|turn|29\n|\n|t:|1783803252\n|move|p2a: Glimmora|Power Gem|p1a: Meganium\n|-damage|p1a: Meganium|0 fnt\n|faint|p1a: Meganium\n|\n|upkeep\n|\n|t:|1783803257\n|switch|p1a: Pawmot|Pawmot, M|88/100\n|-damage|p1a: Pawmot|82/100|[from] Stealth Rock\n|turn|30\n|\n|t:|1783803263\n|move|p2a: Glimmora|Power Gem|p1a: Pawmot\n|-resisted|p1a: Pawmot\n|-damage|p1a: Pawmot|44/100\n|move|p1a: Pawmot|Ice Punch|p2a: Glimmora\n|-supereffective|p2a: Glimmora\n|-damage|p2a: Glimmora|9/100\n|-activate|p2a: Glimmora|ability: Toxic Debris\n|-sidestart|p1: cozyprincemshroom|move: Toxic Spikes\n|\n|-end|p2a: Glimmora|Encore\n|upkeep\n|turn|31\n|\n|t:|1783803273\n|move|p2a: Glimmora|Power Gem|p1a: Pawmot\n|-resisted|p1a: Pawmot\n|-damage|p1a: Pawmot|3/100\n|move|p1a: Pawmot|Ice Punch|p2a: Glimmora\n|-supereffective|p2a: Glimmora\n|-damage|p2a: Glimmora|0 fnt\n|-activate|p2a: Glimmora|ability: Toxic Debris\n|-sidestart|p1: cozyprincemshroom|move: Toxic Spikes\n|faint|p2a: Glimmora\n|\n|win|cozyprincemshroom\n|raw|cozyprincemshroom's rating: 1112 &rarr; <strong>1138</strong><br />(+26 for winning)\n|raw|OUBotBeepBoop's rating: 1129 &rarr; <strong>1103</strong><br />(-26 for losing)\n|l|☆OUBotBeepBoop\n|player|p2|\n|l|☆cozyprincemshroom\n|player|p1|\n", "uploadtime": 1783803558, "views": 10, "formatid": "gen9ou", "rating": 1103, "private": 0, "password": null}