{"id": "gen9ou-2647778332", "format": "[Gen 9] OU", "players": ["jsk69", "Halo144p"], "log": "|j|☆jsk69\n|j|☆Halo144p\n|t:|1783811010\n|gametype|singles\n|player|p1|jsk69|cynthia-gen4|1267\n|player|p2|Halo144p|youngster-gen8|1286\n|gen|9\n|tier|[Gen 9] OU\n|rated|\n|rule|HP Percentage Mod: HP is shown in percentages\n|rule|Endless Battle Clause: Forcing endless battles is banned\n|rule|Species Clause: Limit one of each Pokémon\n|rule|OHKO Clause: OHKO moves are banned\n|rule|Evasion Items Clause: Evasion items are banned\n|rule|Evasion Moves Clause: Evasion moves are banned\n|rule|Evasion Abilities Clause: Evasion abilities are banned\n|rule|Sleep Moves Clause: Sleep-inducing moves are banned\n|clearpoke\n|poke|p1|Samurott-Hisui, F|\n|poke|p1|Glimmora, F|\n|poke|p1|Gholdengo|\n|poke|p1|Great Tusk|\n|poke|p1|Iron Moth|\n|poke|p1|Garchomp, M|\n|poke|p2|Kleavor, F|\n|poke|p2|Iron Valiant|\n|poke|p2|Heracross, M|\n|poke|p2|Samurott-Hisui, M|\n|poke|p2|Greninja-*, M|\n|poke|p2|Zoroark-Hisui, F|\n|teampreview\n|inactive|Battle timer is ON: inactive players will automatically lose when time's up. (requested by jsk69)\n|\n|t:|1783811027\n|teamsize|p1|6\n|teamsize|p2|6\n|start\n|switch|p1a: Glimmora|Glimmora, F, shiny|100/100\n|switch|p2a: Greninja|Greninja, M|100/100\n|turn|1\n|\n|t:|1783811055\n|move|p2a: Greninja|Water Shuriken|p1a: Glimmora\n|-supereffective|p1a: Glimmora\n|-damage|p1a: Glimmora|75/100\n|-supereffective|p1a: Glimmora\n|-damage|p1a: Glimmora|50/100\n|-supereffective|p1a: Glimmora\n|-damage|p1a: Glimmora|22/100\n|-supereffective|p1a: Glimmora\n|-damage|p1a: Glimmora|0 fnt\n|faint|p1a: Glimmora\n|-ability|p2a: Greninja|Battle Bond|boost\n|-boost|p2a: Greninja|atk|1\n|-boost|p2a: Greninja|spa|1\n|-boost|p2a: Greninja|spe|1\n|-activate|p2a: Greninja|ability: Battle Bond\n|-hitcount|p1: Glimmora|4\n|-damage|p2a: Greninja|91/100|[from] item: Life Orb\n|\n|upkeep\n|\n|t:|1783811061\n|switch|p1a: Samurott|Samurott-Hisui, F, shiny|100/100\n|turn|2\n|\n|t:|1783811072\n|move|p2a: Greninja|Surf|p1a: Samurott\n|-resisted|p1a: Samurott\n|-damage|p1a: Samurott|40/100\n|-damage|p2a: Greninja|81/100|[from] item: Life Orb\n|move|p1a: Samurott|Sacred Sword|p2a: Greninja\n|-supereffective|p2a: Greninja\n|-damage|p2a: Greninja|0 fnt\n|faint|p2a: Greninja\n|\n|upkeep\n|\n|t:|1783811084\n|switch|p2a: Iron Valiant|Iron Valiant|100/100\n|turn|3\n|\n|t:|1783811093\n|switch|p1a: Iron Moth|Iron Moth, shiny|100/100\n|-enditem|p1a: Iron Moth|Booster Energy\n|-activate|p1a: Iron Moth|ability: Quark Drive|[fromitem]\n|-start|p1a: Iron Moth|quarkdrivespe\n|move|p2a: Iron Valiant|Shadow Ball|p1a: Iron Moth\n|-damage|p1a: Iron Moth|52/100\n|-damage|p2a: Iron Valiant|91/100|[from] item: Life Orb\n|\n|upkeep\n|turn|4\n|\n|t:|1783811101\n|move|p1a: Iron Moth|Fiery Dance|p2a: Iron Valiant\n|-damage|p2a: Iron Valiant|8/100\n|-boost|p1a: Iron Moth|spa|1\n|replace|p2a: Zoroark|Zoroark-Hisui, F, shiny\n|-end|p2a: Zoroark|Illusion\n|move|p2a: Zoroark|Hyper Voice|p1a: Iron Moth\n|-damage|p1a: Iron Moth|0 fnt\n|faint|p1a: Iron Moth\n|-end|p1a: Iron Moth|Quark Drive|[silent]\n|-damage|p2a: Zoroark|0 fnt|[from] item: Life Orb\n|faint|p2a: Zoroark\n|\n|upkeep\n|\n|t:|1783811117\n|switch|p2a: Heracross|Heracross, M|100/100\n|switch|p1a: Samurott|Samurott-Hisui, F, shiny|40/100\n|turn|5\n|\n|t:|1783811126\n|move|p2a: Heracross|Trailblaze|p1a: Samurott\n|-supereffective|p1a: Samurott\n|-damage|p1a: Samurott|0 fnt\n|-boost|p2a: Heracross|spe|1\n|faint|p1a: Samurott\n|\n|-status|p2a: Heracross|brn|[from] item: Flame Orb\n|upkeep\n|\n|t:|1783811133\n|switch|p1a: Garchomp|Garchomp, M|100/100\n|turn|6\n|\n|t:|1783811140\n|move|p2a: Heracross|Knock Off|p1a: Garchomp\n|-damage|p1a: Garchomp|53/100\n|-damage|p2a: Heracross|88/100 brn|[from] ability: Rough Skin|[of] p1a: Garchomp\n|-enditem|p1a: Garchomp|Loaded Dice|[from] move: Knock Off|[of] p2a: Heracross\n|move|p1a: Garchomp|Swords Dance|p1a: Garchomp\n|-boost|p1a: Garchomp|atk|2\n|\n|-damage|p2a: Heracross|82/100 brn|[from] brn\n|upkeep\n|turn|7\n|\n|t:|1783811148\n|move|p2a: Heracross|Facade|p1a: Garchomp\n|-damage|p1a: Garchomp|0 fnt\n|-damage|p2a: Heracross|70/100 brn|[from] ability: Rough Skin|[of] p1a: Garchomp\n|faint|p1a: Garchomp\n|\n|-damage|p2a: Heracross|64/100 brn|[from] brn\n|upkeep\n|\n|t:|1783811154\n|switch|p1a: Great Tusk|Great Tusk, shiny|100/100\n|-enditem|p1a: Great Tusk|Booster Energy\n|-activate|p1a: Great Tusk|ability: Protosynthesis|[fromitem]\n|-start|p1a: Great Tusk|protosynthesisatk\n|turn|8\n|\n|t:|1783811160\n|move|p2a: Heracross|Trailblaze|p1a: Great Tusk\n|-supereffective|p1a: Great Tusk\n|-damage|p1a: Great Tusk|65/100\n|-boost|p2a: Heracross|spe|1\n|move|p1a: Great Tusk|Rapid Spin|p2a: Heracross\n|-damage|p2a: Heracross|30/100 brn\n|-boost|p1a: Great Tusk|spe|1\n|\n|-damage|p2a: Heracross|24/100 brn|[from] brn\n|upkeep\n|turn|9\n|\n|t:|1783811172\n|move|p2a: Heracross|Facade|p1a: Great Tusk\n|-crit|p1a: Great Tusk\n|-damage|p1a: Great Tusk|0 fnt\n|faint|p1a: Great Tusk\n|-end|p1a: Great Tusk|Protosynthesis|[silent]\n|\n|-damage|p2a: Heracross|18/100 brn|[from] brn\n|upkeep\n|-message|jsk69 forfeited.\n|\n|win|Halo144p\n|raw|jsk69's rating: 1267 &rarr; <strong>1243</strong><br />(-24 for losing)\n|raw|Halo144p's rating: 1286 &rarr; <strong>1310</strong><br />(+24 for winning)\n|l|☆jsk69\n|player|p1|\n|l|☆Halo144p\n|player|p2|\n", "uploadtime": 1783811464, "views": 12, "formatid": "gen9ou", "rating": 1243, "private": 0, "password": null}