{"id": "gen9ou-2647689057", "format": "[Gen 9] OU", "players": ["FordyDel", "wannengqingnian"], "log": "|j|☆FordyDel\n|j|☆wannengqingnian\n|t:|1783796629\n|gametype|singles\n|player|p1|FordyDel|will|1436\n|player|p2|wannengqingnian|2|1430\n|gen|9\n|tier|[Gen 9] OU\n|rated|\n|rule|HP Percentage Mod: HP is shown in percentages\n|rule|Endless Battle Clause: Forcing endless battles is banned\n|rule|Species Clause: Limit one of each Pokémon\n|rule|OHKO Clause: OHKO moves are banned\n|rule|Evasion Items Clause: Evasion items are banned\n|rule|Evasion Moves Clause: Evasion moves are banned\n|rule|Evasion Abilities Clause: Evasion abilities are banned\n|rule|Sleep Moves Clause: Sleep-inducing moves are banned\n|clearpoke\n|poke|p1|Gliscor, F|\n|poke|p1|Gholdengo|\n|poke|p1|Dragonite, M|\n|poke|p1|Ting-Lu|\n|poke|p1|Darkrai|\n|poke|p1|Zamazenta-*|\n|poke|p2|Armarouge, M|\n|poke|p2|Iron Crown|\n|poke|p2|Indeedee, M|\n|poke|p2|Espeon, M|\n|poke|p2|Hawlucha, F|\n|poke|p2|Azumarill, M|\n|teampreview\n|\n|t:|1783796642\n|teamsize|p1|6\n|teamsize|p2|6\n|start\n|switch|p1a: Ting-Lu|Ting-Lu|100/100\n|switch|p2a: Indeedee|Indeedee, M|100/100\n|-fieldstart|move: Psychic Terrain|[from] ability: Psychic Surge|[of] p2a: Indeedee\n|-ability|p1a: Ting-Lu|Vessel of Ruin\n|turn|1\n|\n|t:|1783796652\n|switch|p2a: Espeon|Espeon, M|100/100\n|move|p1a: Ting-Lu|Stealth Rock|p2a: Espeon\n|move|p2a: Espeon|Stealth Rock|p1a: Ting-Lu|[from] ability: Magic Bounce\n|-sidestart|p1: FordyDel|move: Stealth Rock\n|\n|upkeep\n|turn|2\n|\n|t:|1783796663\n|switch|p2a: Azumarill|Azumarill, M|100/100\n|move|p1a: Ting-Lu|Ruination|p2a: Azumarill\n|-damage|p2a: Azumarill|51/100\n|\n|upkeep\n|turn|3\n|\n|t:|1783796673\n|switch|p1a: Gholdengo|Gholdengo|100/100\n|-damage|p1a: Gholdengo|94/100|[from] Stealth Rock\n|move|p2a: Azumarill|Liquidation|p1a: Gholdengo\n|-damage|p1a: Gholdengo|0 fnt\n|faint|p1a: Gholdengo\n|\n|upkeep\n|\n|t:|1783796694\n|switch|p1a: Dragonite|Dragonite, M|100/100\n|turn|4\n|\n|t:|1783796707\n|switch|p2a: Iron Crown|Iron Crown|100/100\n|-enditem|p2a: Iron Crown|Booster Energy\n|-activate|p2a: Iron Crown|ability: Quark Drive|[fromitem]\n|-start|p2a: Iron Crown|quarkdrivespe\n|move|p1a: Dragonite|Dragon Dance|p1a: Dragonite\n|-boost|p1a: Dragonite|atk|1\n|-boost|p1a: Dragonite|spe|1\n|\n|upkeep\n|turn|5\n|\n|t:|1783796716\n|-terastallize|p1a: Dragonite|Normal\n|move|p2a: Iron Crown|Tachyon Cutter|p1a: Dragonite\n|-damage|p1a: Dragonite|91/100\n|-damage|p1a: Dragonite|70/100\n|-hitcount|p1a: Dragonite|2\n|move|p1a: Dragonite|Dragon Dance|p1a: Dragonite\n|-boost|p1a: Dragonite|atk|1\n|-boost|p1a: Dragonite|spe|1\n|\n|upkeep\n|turn|6\n|\n|t:|1783796736\n|move|p2a: Iron Crown|Expanding Force|p1a: Dragonite\n|-damage|p1a: Dragonite|2/100\n|move|p1a: Dragonite|Earthquake|p2a: Iron Crown\n|-supereffective|p2a: Iron Crown\n|-damage|p2a: Iron Crown|0 fnt\n|faint|p2a: Iron Crown\n|-end|p2a: Iron Crown|Quark Drive|[silent]\n|\n|upkeep\n|\n|t:|1783796765\n|switch|p2a: Hawlucha|Hawlucha, F|100/100\n|-enditem|p2a: Hawlucha|Psychic Seed\n|-boost|p2a: Hawlucha|spd|1|[from] item: Psychic Seed\n|turn|7\n|\n|t:|1783796788\n|move|p2a: Hawlucha|Acrobatics|p1a: Dragonite\n|-crit|p1a: Dragonite\n|-damage|p1a: Dragonite|0 fnt\n|faint|p1a: Dragonite\n|\n|upkeep\n|\n|t:|1783796796\n|switch|p1a: Zamazenta|Zamazenta|100/100\n|-ability|p1a: Zamazenta|Dauntless Shield|boost\n|-boost|p1a: Zamazenta|def|1\n|turn|8\n|\n|t:|1783796812\n|move|p2a: Hawlucha|Swords Dance|p2a: Hawlucha\n|-boost|p2a: Hawlucha|atk|2\n|move|p1a: Zamazenta|Heavy Slam|p2a: Hawlucha\n|-damage|p2a: Hawlucha|51/100\n|\n|-fieldend|move: Psychic Terrain\n|upkeep\n|turn|9\n|\n|t:|1783796820\n|move|p2a: Hawlucha|Acrobatics|p1a: Zamazenta\n|-supereffective|p1a: Zamazenta\n|-damage|p1a: Zamazenta|0 fnt\n|faint|p1a: Zamazenta\n|\n|upkeep\n|\n|t:|1783796826\n|switch|p1a: Gliscor|Gliscor, F|100/100\n|-damage|p1a: Gliscor|88/100|[from] Stealth Rock\n|turn|10\n|\n|t:|1783796830\n|move|p2a: Hawlucha|Substitute|p2a: Hawlucha\n|-start|p2a: Hawlucha|Substitute\n|-damage|p2a: Hawlucha|26/100\n|move|p1a: Gliscor|Toxic||[still]\n|-fail|p1a: Gliscor\n|\n|-status|p1a: Gliscor|tox|[from] item: Toxic Orb\n|upkeep\n|turn|11\n|\n|t:|1783796838\n|switch|p1a: Ting-Lu|Ting-Lu|100/100\n|-damage|p1a: Ting-Lu|94/100|[from] Stealth Rock\n|-ability|p1a: Ting-Lu|Vessel of Ruin\n|move|p2a: Hawlucha|Swords Dance|p2a: Hawlucha\n|-boost|p2a: Hawlucha|atk|2\n|\n|-heal|p1a: Ting-Lu|100/100|[from] item: Leftovers\n|upkeep\n|turn|12\n|\n|t:|1783796849\n|move|p2a: Hawlucha|Close Combat|p1a: Ting-Lu\n|-supereffective|p1a: Ting-Lu\n|-damage|p1a: Ting-Lu|0 fnt\n|-unboost|p2a: Hawlucha|def|1\n|-unboost|p2a: Hawlucha|spd|1\n|faint|p1a: Ting-Lu\n|\n|upkeep\n|\n|t:|1783796852\n|switch|p1a: Darkrai|Darkrai|100/100\n|turn|13\n|\n|t:|1783796859\n|move|p2a: Hawlucha|Acrobatics|p1a: Darkrai\n|-damage|p1a: Darkrai|0 fnt\n|faint|p1a: Darkrai\n|\n|upkeep\n|\n|t:|1783796861\n|switch|p1a: Gliscor|Gliscor, F|88/100 tox\n|-damage|p1a: Gliscor|75/100 tox|[from] Stealth Rock\n|turn|14\n|\n|t:|1783796868\n|move|p1a: Gliscor|Protect|p1a: Gliscor\n|-singleturn|p1a: Gliscor|Protect\n|move|p2a: Hawlucha|Acrobatics|p1a: Gliscor\n|-activate|p1a: Gliscor|move: Protect\n|\n|-heal|p1a: Gliscor|88/100 tox|[from] ability: Poison Heal\n|upkeep\n|turn|15\n|\n|t:|1783796877\n|move|p2a: Hawlucha|Acrobatics|p1a: Gliscor\n|-damage|p1a: Gliscor|0 fnt\n|faint|p1a: Gliscor\n|\n|win|wannengqingnian\n|raw|FordyDel's rating: 1436 &rarr; <strong>1416</strong><br />(-20 for losing)\n|raw|wannengqingnian's rating: 1430 &rarr; <strong>1450</strong><br />(+20 for winning)\n|c|☆FordyDel|gg\n|l|☆wannengqingnian\n|player|p2|\n|l|☆FordyDel\n|player|p1|\n", "uploadtime": 1783797069, "views": 5, "formatid": "gen9ou", "rating": 1416, "private": 0, "password": null}