{"id": "gen9ou-2639312592", "format": "[Gen 9] OU", "players": ["TychoNestoris25$$$", "kswizz23"], "log": "|j|☆TychoNestoris25$$$\n|j|☆kswizz23\n|t:|1782451006\n|gametype|singles\n|player|p1|TychoNestoris25$$$|bugcatcher-gen4dp|1174\n|player|p2|kswizz23|265|1123\n|gen|9\n|tier|[Gen 9] OU\n|rated|\n|rule|HP Percentage Mod: HP is shown in percentages\n|rule|Endless Battle Clause: Forcing endless battles is banned\n|rule|Species Clause: Limit one of each Pokémon\n|rule|OHKO Clause: OHKO moves are banned\n|rule|Evasion Items Clause: Evasion items are banned\n|rule|Evasion Moves Clause: Evasion moves are banned\n|rule|Evasion Abilities Clause: Evasion abilities are banned\n|rule|Sleep Moves Clause: Sleep-inducing moves are banned\n|clearpoke\n|poke|p1|Iron Moth|\n|poke|p1|Ogerpon-Wellspring, F|\n|poke|p1|Skeledirge, F|\n|poke|p1|Scizor, M|\n|poke|p1|Snorlax, F|\n|poke|p1|Porygon2|\n|poke|p2|Pelipper, M|\n|poke|p2|Thundurus-Therian, M|\n|poke|p2|Overqwil, M|\n|poke|p2|Barraskewda, F|\n|poke|p2|Iron Treads|\n|poke|p2|Kingambit, M|\n|teampreview\n|inactive|Battle timer is ON: inactive players will automatically lose when time's up. (requested by TychoNestoris25$$$)\n|\n|t:|1782451021\n|teamsize|p1|6\n|teamsize|p2|6\n|start\n|switch|p1a: ChatGP2|Porygon2|100/100\n|switch|p2a: Overqwil|Overqwil, M|100/100\n|-ability|p1a: ChatGP2|Download|boost\n|-boost|p1a: ChatGP2|spa|1\n|turn|1\n|\n|t:|1782451043\n|switch|p1a: Obeast|Snorlax, F|100/100\n|move|p2a: Overqwil|Swords Dance|p2a: Overqwil\n|-boost|p2a: Overqwil|atk|2\n|\n|upkeep\n|turn|2\n|\n|t:|1782451050\n|move|p2a: Overqwil|Gunk Shot|p1a: Obeast\n|-damage|p1a: Obeast|0 fnt\n|faint|p1a: Obeast\n|-damage|p2a: Overqwil|91/100|[from] item: Life Orb\n|\n|upkeep\n|\n|t:|1782451065\n|switch|p1a: Volcorona virus|Iron Moth|100/100\n|-enditem|p1a: Volcorona virus|Booster Energy\n|-activate|p1a: Volcorona virus|ability: Quark Drive|[fromitem]\n|-start|p1a: Volcorona virus|quarkdrivespa\n|turn|3\n|\n|t:|1782451072\n|move|p1a: Volcorona virus|Fiery Dance|p2a: Overqwil\n|-damage|p2a: Overqwil|2/100\n|-boost|p1a: Volcorona virus|spa|1\n|move|p2a: Overqwil|Liquidation|p1a: Volcorona virus\n|-supereffective|p1a: Volcorona virus\n|-damage|p1a: Volcorona virus|0 fnt\n|faint|p1a: Volcorona virus\n|-end|p1a: Volcorona virus|Quark Drive|[silent]\n|-damage|p2a: Overqwil|0 fnt|[from] item: Life Orb\n|faint|p2a: Overqwil\n|\n|upkeep\n|\n|t:|1782451088\n|switch|p1a: Carolina Reaper|Skeledirge, F|100/100\n|switch|p2a: Pelipper|Pelipper, M|100/100\n|-weather|RainDance|[from] ability: Drizzle|[of] p2a: Pelipper\n|turn|4\n|\n|t:|1782451100\n|switch|p2a: Iron Treads|Iron Treads|100/100\n|-terastallize|p1a: Carolina Reaper|Fairy\n|move|p1a: Carolina Reaper|Torch Song|p2a: Iron Treads\n|-supereffective|p2a: Iron Treads\n|-damage|p2a: Iron Treads|61/100\n|-boost|p1a: Carolina Reaper|spa|1\n|\n|-weather|RainDance|[upkeep]\n|upkeep\n|turn|5\n|\n|t:|1782451112\n|move|p2a: Iron Treads|Steel Beam|p1a: Carolina Reaper\n|-supereffective|p1a: Carolina Reaper\n|-damage|p1a: Carolina Reaper|0 fnt\n|-damage|p2a: Iron Treads|11/100|[from] steelbeam\n|faint|p1a: Carolina Reaper\n|\n|-weather|RainDance|[upkeep]\n|upkeep\n|\n|t:|1782451116\n|switch|p1a: MrSteelYourGirl|Scizor, M|100/100\n|turn|6\n|\n|t:|1782451121\n|move|p1a: MrSteelYourGirl|Bullet Punch|p2a: Iron Treads\n|-resisted|p2a: Iron Treads\n|-damage|p2a: Iron Treads|0 fnt\n|faint|p2a: Iron Treads\n|-end|p2a: Iron Treads|Quark Drive|[silent]\n|\n|-weather|RainDance|[upkeep]\n|upkeep\n|\n|t:|1782451127\n|switch|p2a: Thundurus|Thundurus-Therian, M|100/100\n|turn|7\n|\n|t:|1782451134\n|-terastallize|p2a: Thundurus|Electric\n|move|p1a: MrSteelYourGirl|Bullet Punch|p2a: Thundurus\n|-resisted|p2a: Thundurus\n|-damage|p2a: Thundurus|72/100\n|move|p2a: Thundurus|Thunder|p1a: MrSteelYourGirl\n|-damage|p1a: MrSteelYourGirl|29/100\n|\n|-weather|RainDance|[upkeep]\n|upkeep\n|turn|8\n|\n|t:|1782451141\n|move|p1a: MrSteelYourGirl|Bullet Punch|p2a: Thundurus\n|-resisted|p2a: Thundurus\n|-damage|p2a: Thundurus|44/100\n|move|p2a: Thundurus|Thunder|p1a: MrSteelYourGirl\n|-damage|p1a: MrSteelYourGirl|0 fnt\n|faint|p1a: MrSteelYourGirl\n|\n|-weather|RainDance|[upkeep]\n|upkeep\n|\n|t:|1782451149\n|switch|p1a: ChatGP2|Porygon2|100/100\n|-ability|p1a: ChatGP2|Download|boost\n|-boost|p1a: ChatGP2|atk|1\n|turn|9\n|\n|t:|1782451154\n|move|p2a: Thundurus|Focus Blast|p1a: ChatGP2\n|-supereffective|p1a: ChatGP2\n|-damage|p1a: ChatGP2|49/100\n|move|p1a: ChatGP2|Trick Room|p1a: ChatGP2\n|-fieldstart|move: Trick Room|[of] p1a: ChatGP2\n|\n|-weather|RainDance|[upkeep]\n|upkeep\n|turn|10\n|\n|t:|1782451160\n|move|p1a: ChatGP2|Ice Beam|p2a: Thundurus\n|-damage|p2a: Thundurus|27/100\n|move|p2a: Thundurus|Focus Blast|p1a: ChatGP2\n|-supereffective|p1a: ChatGP2\n|-damage|p1a: ChatGP2|0 fnt\n|faint|p1a: ChatGP2\n|\n|-weather|RainDance|[upkeep]\n|upkeep\n|\n|t:|1782451163\n|switch|p1a: Tigris of Gaul|Ogerpon-Wellspring, F|100/100\n|turn|11\n|\n|t:|1782451169\n|move|p2a: Thundurus|Thunder|p1a: Tigris of Gaul\n|-damage|p1a: Tigris of Gaul|13/100\n|-status|p1a: Tigris of Gaul|par\n|move|p1a: Tigris of Gaul|Ivy Cudgel|p2a: Thundurus|[anim] Ivy Cudgel Water\n|-damage|p2a: Thundurus|0 fnt\n|faint|p2a: Thundurus\n|\n|-weather|none\n|upkeep\n|\n|t:|1782451179\n|switch|p2a: Barraskewda|Barraskewda, F|100/100\n|turn|12\n|\n|t:|1782451183\n|move|p2a: Barraskewda|Aqua Jet|p1a: Tigris of Gaul\n|-heal|p1a: Tigris of Gaul|38/100 par|[from] ability: Water Absorb|[of] p2a: Barraskewda\n|move|p1a: Tigris of Gaul|Power Whip|p2a: Barraskewda\n|-supereffective|p2a: Barraskewda\n|-damage|p2a: Barraskewda|0 fnt\n|faint|p2a: Barraskewda\n|\n|upkeep\n|\n|t:|1782451193\n|switch|p2a: Kingambit|Kingambit, M|100/100\n|-activate|p2a: Kingambit|ability: Supreme Overlord\n|-start|p2a: Kingambit|fallen4|[silent]\n|turn|13\n|\n|t:|1782451198\n|move|p2a: Kingambit|Sucker Punch||[still]\n|-fail|p2a: Kingambit\n|move|p1a: Tigris of Gaul|Encore|p2a: Kingambit\n|-start|p2a: Kingambit|Encore\n|\n|-fieldend|move: Trick Room\n|upkeep\n|turn|14\n|\n|t:|1782451208\n|move|p2a: Kingambit|Sucker Punch|p1a: Tigris of Gaul\n|-damage|p1a: Tigris of Gaul|0 fnt\n|faint|p1a: Tigris of Gaul\n|\n|win|kswizz23\n|raw|TychoNestoris25$$$'s rating: 1174 &rarr; <strong>1145</strong><br />(-29 for losing)\n|raw|kswizz23's rating: 1123 &rarr; <strong>1152</strong><br />(+29 for winning)\n|l|☆TychoNestoris25$$$\n|player|p1|\n|l|☆kswizz23\n|player|p2|\n", "uploadtime": 1782451525, "views": 16, "formatid": "gen9ou", "rating": 1145, "private": 0, "password": null}