{"id": "gen9ou-2639250108", "format": "[Gen 9] OU", "players": ["thepeakmons", "Cletus Bieber"], "log": "|j|☆thepeakmons\n|j|☆Cletus Bieber\n|t:|1782440428\n|gametype|singles\n|player|p1|thepeakmons|101|1238\n|player|p2|Cletus Bieber|boarder|1165\n|gen|9\n|tier|[Gen 9] OU\n|rated|\n|rule|HP Percentage Mod: HP is shown in percentages\n|rule|Endless Battle Clause: Forcing endless battles is banned\n|rule|Species Clause: Limit one of each Pokémon\n|rule|OHKO Clause: OHKO moves are banned\n|rule|Evasion Items Clause: Evasion items are banned\n|rule|Evasion Moves Clause: Evasion moves are banned\n|rule|Evasion Abilities Clause: Evasion abilities are banned\n|rule|Sleep Moves Clause: Sleep-inducing moves are banned\n|clearpoke\n|poke|p1|Corviknight, F|\n|poke|p1|Ting-Lu|\n|poke|p1|Kyurem|\n|poke|p1|Dondozo, F|\n|poke|p1|Slowking-Galar, F|\n|poke|p1|Cinderace, F|\n|poke|p2|Pelipper, M|\n|poke|p2|Raging Bolt|\n|poke|p2|Overqwil, F|\n|poke|p2|Barraskewda, F|\n|poke|p2|Iron Treads|\n|poke|p2|Kingambit, F|\n|teampreview\n|\n|t:|1782440443\n|teamsize|p1|6\n|teamsize|p2|6\n|start\n|switch|p1a: Cinderace|Cinderace, F|100/100\n|switch|p2a: Pelipper|Pelipper, M|100/100\n|-weather|RainDance|[from] ability: Drizzle|[of] p2a: Pelipper\n|turn|1\n|inactive|Battle timer is ON: inactive players will automatically lose when time's up. (requested by thepeakmons)\n|inactive|thepeakmons has 120 seconds left.\n|\n|t:|1782440490\n|switch|p1a: Kyurem|Kyurem|100/100\n|-ability|p1a: Kyurem|Pressure\n|move|p2a: Pelipper|U-turn|p1a: Kyurem\n|-damage|p1a: Kyurem|92/100\n|\n|t:|1782440507\n|switch|p2a: Overqwil|Overqwil, F|100/100|[from] U-turn\n|\n|-weather|RainDance|[upkeep]\n|-heal|p1a: Kyurem|98/100|[from] item: Leftovers\n|upkeep\n|turn|2\n|\n|t:|1782440513\n|move|p2a: Overqwil|Crunch|p1a: Kyurem\n|-damage|p1a: Kyurem|50/100\n|-damage|p2a: Overqwil|91/100|[from] item: Life Orb\n|move|p1a: Kyurem|Earth Power|p2a: Overqwil\n|-supereffective|p2a: Overqwil\n|-damage|p2a: Overqwil|5/100\n|\n|-weather|RainDance|[upkeep]\n|-heal|p1a: Kyurem|56/100|[from] item: Leftovers\n|upkeep\n|turn|3\n|\n|t:|1782440526\n|move|p2a: Overqwil|Gunk Shot|p1a: Kyurem\n|-damage|p1a: Kyurem|0 fnt\n|faint|p1a: Kyurem\n|-damage|p2a: Overqwil|0 fnt|[from] item: Life Orb\n|faint|p2a: Overqwil\n|\n|-weather|RainDance|[upkeep]\n|upkeep\n|\n|t:|1782440538\n|switch|p1a: Slowking|Slowking-Galar, F|100/100\n|switch|p2a: Barraskewda|Barraskewda, F|100/100\n|turn|4\n|\n|t:|1782440550\n|-terastallize|p2a: Barraskewda|Water\n|move|p2a: Barraskewda|Liquidation|p1a: Slowking\n|-damage|p1a: Slowking|6/100\n|move|p1a: Slowking|Sludge Bomb|p2a: Barraskewda\n|-damage|p2a: Barraskewda|27/100\n|\n|-weather|RainDance|[upkeep]\n|upkeep\n|turn|5\n|\n|t:|1782440562\n|switch|p1a: Dondozo|Dondozo, F|100/100\n|move|p2a: Barraskewda|Liquidation|p1a: Dondozo\n|-resisted|p1a: Dondozo\n|-damage|p1a: Dondozo|58/100\n|\n|-weather|RainDance|[upkeep]\n|-heal|p1a: Dondozo|65/100|[from] item: Leftovers\n|upkeep\n|turn|6\n|\n|t:|1782440575\n|switch|p2a: Raging Bolt|Raging Bolt|100/100\n|-enditem|p2a: Raging Bolt|Booster Energy\n|-activate|p2a: Raging Bolt|ability: Protosynthesis|[fromitem]\n|-start|p2a: Raging Bolt|protosynthesisspa\n|move|p1a: Dondozo|Waterfall|p2a: Raging Bolt\n|-resisted|p2a: Raging Bolt\n|-damage|p2a: Raging Bolt|83/100\n|\n|-weather|RainDance|[upkeep]\n|-heal|p1a: Dondozo|71/100|[from] item: Leftovers\n|upkeep\n|turn|7\n|\n|t:|1782440585\n|switch|p1a: Ting-Lu|Ting-Lu|100/100\n|-ability|p1a: Ting-Lu|Vessel of Ruin\n|move|p2a: Raging Bolt|Draco Meteor|p1a: Ting-Lu\n|-damage|p1a: Ting-Lu|62/100\n|-unboost|p2a: Raging Bolt|spa|2\n|\n|-weather|RainDance|[upkeep]\n|-heal|p1a: Ting-Lu|68/100|[from] item: Leftovers\n|upkeep\n|turn|8\n|\n|t:|1782440599\n|move|p2a: Raging Bolt|Weather Ball|p1a: Ting-Lu\n|-supereffective|p1a: Ting-Lu\n|-damage|p1a: Ting-Lu|35/100\n|move|p1a: Ting-Lu|Payback|p2a: Raging Bolt\n|-damage|p2a: Raging Bolt|49/100\n|\n|-weather|none\n|-heal|p1a: Ting-Lu|41/100|[from] item: Leftovers\n|upkeep\n|turn|9\n|\n|t:|1782440611\n|-end|p2a: Raging Bolt|Protosynthesis|[silent]\n|switch|p2a: Pelipper|Pelipper, M|100/100\n|-weather|RainDance|[from] ability: Drizzle|[of] p2a: Pelipper\n|move|p1a: Ting-Lu|Payback|p2a: Pelipper\n|-damage|p2a: Pelipper|87/100\n|\n|-weather|RainDance|[upkeep]\n|-heal|p1a: Ting-Lu|47/100|[from] item: Leftovers\n|upkeep\n|turn|10\n|\n|t:|1782440627\n|move|p1a: Ting-Lu|Rest|p1a: Ting-Lu\n|-status|p1a: Ting-Lu|slp|[from] move: Rest\n|-heal|p1a: Ting-Lu|100/100 slp|[silent]\n|move|p2a: Pelipper|U-turn|p1a: Ting-Lu\n|-supereffective|p1a: Ting-Lu\n|-damage|p1a: Ting-Lu|91/100 slp\n|\n|t:|1782440630\n|switch|p2a: Raging Bolt|Raging Bolt|49/100|[from] U-turn\n|\n|-weather|RainDance|[upkeep]\n|-heal|p1a: Ting-Lu|97/100 slp|[from] item: Leftovers\n|upkeep\n|turn|11\n|\n|t:|1782440636\n|move|p2a: Raging Bolt|Weather Ball|p1a: Ting-Lu\n|-supereffective|p1a: Ting-Lu\n|-damage|p1a: Ting-Lu|50/100 slp\n|cant|p1a: Ting-Lu|slp\n|move|p1a: Ting-Lu|Sleep Talk|p1a: Ting-Lu\n|move|p1a: Ting-Lu|Payback|p2a: Raging Bolt|[from] move: Sleep Talk\n|-damage|p2a: Raging Bolt|19/100\n|\n|-weather|RainDance|[upkeep]\n|-heal|p1a: Ting-Lu|57/100 slp|[from] item: Leftovers\n|upkeep\n|turn|12\n|\n|t:|1782440643\n|switch|p1a: Dondozo|Dondozo, F|71/100\n|move|p2a: Raging Bolt|Weather Ball|p1a: Dondozo\n|-resisted|p1a: Dondozo\n|-damage|p1a: Dondozo|53/100\n|\n|-weather|RainDance|[upkeep]\n|-heal|p1a: Dondozo|59/100|[from] item: Leftovers\n|upkeep\n|turn|13\n|\n|t:|1782440656\n|switch|p1a: Ting-Lu|Ting-Lu|57/100 slp\n|-ability|p1a: Ting-Lu|Vessel of Ruin\n|move|p2a: Raging Bolt|Thunder|p1a: Ting-Lu\n|-immune|p1a: Ting-Lu\n|\n|-weather|RainDance|[upkeep]\n|-heal|p1a: Ting-Lu|63/100 slp|[from] item: Leftovers\n|upkeep\n|turn|14\n|\n|t:|1782440662\n|-end|p2a: Raging Bolt|Protosynthesis|[silent]\n|switch|p2a: Iron Treads|Iron Treads|100/100\n|-enditem|p2a: Iron Treads|Booster Energy\n|-activate|p2a: Iron Treads|ability: Quark Drive|[fromitem]\n|-start|p2a: Iron Treads|quarkdrivespe\n|switch|p1a: Dondozo|Dondozo, F|59/100\n|\n|-weather|RainDance|[upkeep]\n|-heal|p1a: Dondozo|65/100|[from] item: Leftovers\n|upkeep\n|turn|15\n|\n|t:|1782440668\n|move|p2a: Iron Treads|Stealth Rock|p1a: Dondozo\n|-sidestart|p1: thepeakmons|move: Stealth Rock\n|move|p1a: Dondozo|Waterfall|p2a: Iron Treads\n|-supereffective|p2a: Iron Treads\n|-damage|p2a: Iron Treads|22/100\n|\n|-weather|RainDance|[upkeep]\n|-heal|p1a: Dondozo|71/100|[from] item: Leftovers\n|upkeep\n|turn|16\n|\n|t:|1782440684\n|-end|p2a: Iron Treads|Quark Drive|[silent]\n|switch|p2a: Kingambit|Kingambit, F|100/100\n|-activate|p2a: Kingambit|ability: Supreme Overlord\n|-start|p2a: Kingambit|fallen1|[silent]\n|move|p1a: Dondozo|Body Press|p2a: Kingambit\n|-supereffective|p2a: Kingambit\n|-damage|p2a: Kingambit|43/100\n|\n|-weather|none\n|-heal|p2a: Kingambit|49/100|[from] item: Leftovers\n|-heal|p1a: Dondozo|77/100|[from] item: Leftovers\n|upkeep\n|turn|17\n|\n|t:|1782440699\n|move|p2a: Kingambit|Kowtow Cleave|p1a: Dondozo\n|-damage|p1a: Dondozo|42/100\n|move|p1a: Dondozo|Body Press|p2a: Kingambit\n|-supereffective|p2a: Kingambit\n|-damage|p2a: Kingambit|0 fnt\n|faint|p2a: Kingambit\n|-end|p2a: Kingambit|fallen1|[silent]\n|\n|-heal|p1a: Dondozo|49/100|[from] item: Leftovers\n|upkeep\n|\n|t:|1782440703\n|switch|p2a: Barraskewda|Barraskewda, F, tera:Water|27/100\n|turn|18\n|\n|t:|1782440710\n|move|p2a: Barraskewda|Close Combat|p1a: Dondozo\n|-crit|p1a: Dondozo\n|-damage|p1a: Dondozo|0 fnt\n|-unboost|p2a: Barraskewda|def|1\n|-unboost|p2a: Barraskewda|spd|1\n|faint|p1a: Dondozo\n|\n|upkeep\n|\n|t:|1782440732\n|switch|p1a: Slowking|Slowking-Galar, F|39/100\n|-damage|p1a: Slowking|26/100|[from] Stealth Rock\n|turn|19\n|\n|t:|1782440737\n|switch|p2a: Pelipper|Pelipper, M|87/100\n|-weather|RainDance|[from] ability: Drizzle|[of] p2a: Pelipper\n|-prepare|p1a: Slowking|Chilly Reception|[premajor]\n|move|p1a: Slowking|Chilly Reception|p1a: Slowking\n|-weather|Snowscape\n|\n|t:|1782440744\n|switch|p1a: Cinderace|Cinderace, F|100/100|[from] Chilly Reception\n|\n|-weather|Snowscape|[upkeep]\n|upkeep\n|turn|20\n|\n|t:|1782440753\n|switch|p2a: Raging Bolt|Raging Bolt|19/100\n|move|p1a: Cinderace|Court Change|p1a: Cinderace\n|-swapsideconditions\n|-activate|p1a: Cinderace|move: Court Change\n|\n|-weather|Snowscape|[upkeep]\n|upkeep\n|turn|21\n|\n|t:|1782440759\n|move|p2a: Raging Bolt|Thunderclap|p1a: Cinderace\n|-damage|p1a: Cinderace|49/100\n|move|p1a: Cinderace|Pyro Ball|p2a: Raging Bolt\n|-resisted|p2a: Raging Bolt\n|-damage|p2a: Raging Bolt|0 fnt\n|faint|p2a: Raging Bolt\n|-end|p2a: Raging Bolt|Protosynthesis|[silent]\n|\n|-weather|Snowscape|[upkeep]\n|upkeep\n|\n|t:|1782440761\n|switch|p2a: Pelipper|Pelipper, M|87/100\n|-damage|p2a: Pelipper|62/100|[from] Stealth Rock\n|-weather|RainDance|[from] ability: Drizzle|[of] p2a: Pelipper\n|turn|22\n|\n|t:|1782440769\n|move|p1a: Cinderace|U-turn|p2a: Pelipper\n|-resisted|p2a: Pelipper\n|-damage|p2a: Pelipper|54/100\n|\n|t:|1782440784\n|switch|p1a: Corviknight|Corviknight, F|100/100|[from] U-turn\n|-ability|p1a: Corviknight|Pressure\n|move|p2a: Pelipper|U-turn|p1a: Corviknight\n|-resisted|p1a: Corviknight\n|-damage|p1a: Corviknight|99/100\n|-damage|p2a: Pelipper|38/100|[from] item: Rocky Helmet|[of] p1a: Corviknight\n|\n|t:|1782440788\n|switch|p2a: Barraskewda|Barraskewda, F, tera:Water|27/100|[from] U-turn\n|-damage|p2a: Barraskewda|15/100|[from] Stealth Rock\n|\n|-weather|RainDance|[upkeep]\n|upkeep\n|turn|23\n|\n|t:|1782440799\n|move|p2a: Barraskewda|Liquidation|p1a: Corviknight\n|-damage|p1a: Corviknight|18/100\n|-damage|p2a: Barraskewda|0 fnt|[from] item: Rocky Helmet|[of] p1a: Corviknight\n|faint|p2a: Barraskewda\n|move|p1a: Corviknight|Brave Bird|p2: Barraskewda|[notarget]\n|-fail|p1a: Corviknight\n|\n|-weather|RainDance|[upkeep]\n|upkeep\n|-message|Cletus Bieber forfeited.\n|\n|win|thepeakmons\n|raw|thepeakmons's rating: 1232 &rarr; <strong>1252</strong><br />(+20 for winning)\n|raw|Cletus Bieber's rating: 1165 &rarr; <strong>1145</strong><br />(-20 for losing)\n|l|☆Cletus Bieber\n|player|p2|\n", "uploadtime": 1782440816, "views": 13, "formatid": "gen9ou", "rating": 1145, "private": 0, "password": null}