{"id": "gen9ou-2647766226", "format": "[Gen 9] OU", "players": ["Kogasscarf", "hennyhardaway1"], "log": "|j|☆Kogasscarf\n|j|☆hennyhardaway1\n|t:|1783808871\n|gametype|singles\n|player|p1|Kogasscarf|koga|1433\n|player|p2|hennyhardaway1|morty|1440\n|gen|9\n|tier|[Gen 9] OU\n|rated|\n|rule|HP Percentage Mod: HP is shown in percentages\n|rule|Endless Battle Clause: Forcing endless battles is banned\n|rule|Species Clause: Limit one of each Pokémon\n|rule|OHKO Clause: OHKO moves are banned\n|rule|Evasion Items Clause: Evasion items are banned\n|rule|Evasion Moves Clause: Evasion moves are banned\n|rule|Evasion Abilities Clause: Evasion abilities are banned\n|rule|Sleep Moves Clause: Sleep-inducing moves are banned\n|clearpoke\n|poke|p1|Ogerpon-Wellspring, F|\n|poke|p1|Zamazenta-*|\n|poke|p1|Latios, M|\n|poke|p1|Darkrai|\n|poke|p1|Great Tusk|\n|poke|p1|Enamorus, F|\n|poke|p2|Ting-Lu|\n|poke|p2|Darkrai|\n|poke|p2|Corviknight, M|\n|poke|p2|Fezandipiti, M|\n|poke|p2|Pecharunt|\n|poke|p2|Latios, M|\n|teampreview\n|inactive|Battle timer is ON: inactive players will automatically lose when time's up. (requested by Kogasscarf)\n|\n|t:|1783808885\n|teamsize|p1|6\n|teamsize|p2|6\n|start\n|switch|p1a: Enamorus|Enamorus, F|100/100\n|switch|p2a: Corviknight|Corviknight, M, shiny|100/100\n|-ability|p2a: Corviknight|Pressure\n|turn|1\n|\n|t:|1783808890\n|switch|p2a: Ting-Lu|Ting-Lu|100/100\n|-ability|p2a: Ting-Lu|Vessel of Ruin\n|move|p1a: Enamorus|Mystical Fire|p2a: Ting-Lu\n|-damage|p2a: Ting-Lu|89/100\n|-unboost|p2a: Ting-Lu|spa|1\n|\n|-heal|p2a: Ting-Lu|95/100|[from] item: Leftovers\n|upkeep\n|turn|2\n|\n|t:|1783808899\n|switch|p1a: Great Tusk|Great Tusk|100/100\n|switch|p2a: Latios|Latios, M, shiny|100/100\n|\n|upkeep\n|turn|3\n|\n|t:|1783808911\n|-end|p1a: Great Tusk|Protosynthesis|[silent]\n|switch|p1a: Enamorus|Enamorus, F|100/100\n|move|p2a: Latios|Dragon Pulse|p1a: Enamorus\n|-immune|p1a: Enamorus\n|\n|upkeep\n|turn|4\n|\n|t:|1783808919\n|switch|p2a: Fezandipiti|Fezandipiti, M|100/100\n|move|p1a: Enamorus|Moonblast|p2a: Fezandipiti\n|-resisted|p2a: Fezandipiti\n|-damage|p2a: Fezandipiti|79/100\n|\n|upkeep\n|turn|5\n|\n|t:|1783808934\n|switch|p1a: Great Tusk|Great Tusk|100/100\n|move|p2a: Fezandipiti|Calm Mind|p2a: Fezandipiti\n|-boost|p2a: Fezandipiti|spa|1\n|-boost|p2a: Fezandipiti|spd|1\n|\n|upkeep\n|turn|6\n|\n|t:|1783808956\n|switch|p2a: Corviknight|Corviknight, M, shiny|100/100\n|-ability|p2a: Corviknight|Pressure\n|move|p1a: Great Tusk|Earthquake|p2a: Corviknight\n|-immune|p2a: Corviknight\n|\n|upkeep\n|turn|7\n|\n|t:|1783808961\n|-end|p1a: Great Tusk|Protosynthesis|[silent]\n|switch|p1a: Zamazenta|Zamazenta|100/100\n|-ability|p1a: Zamazenta|Dauntless Shield|boost\n|-boost|p1a: Zamazenta|def|1\n|move|p2a: Corviknight|U-turn|p1a: Zamazenta\n|-resisted|p1a: Zamazenta\n|-crit|p1a: Zamazenta\n|-damage|p1a: Zamazenta|93/100\n|\n|t:|1783808967\n|switch|p2a: Pecharunt|Pecharunt|100/100|[from] U-turn\n|\n|upkeep\n|turn|8\n|\n|t:|1783808971\n|move|p1a: Zamazenta|Light Screen|p1a: Zamazenta\n|-sidestart|p1: Kogasscarf|move: Light Screen\n|move|p2a: Pecharunt|Parting Shot|p1a: Zamazenta\n|-unboost|p1a: Zamazenta|atk|1\n|-unboost|p1a: Zamazenta|spa|1\n|\n|t:|1783808978\n|switch|p2a: Latios|Latios, M, shiny|100/100|[from] Parting Shot\n|\n|upkeep\n|turn|9\n|\n|t:|1783808982\n|move|p2a: Latios|Psychic Noise|p1a: Zamazenta\n|-supereffective|p1a: Zamazenta\n|-damage|p1a: Zamazenta|59/100\n|-start|p1a: Zamazenta|move: Heal Block\n|move|p1a: Zamazenta|Roar|p2a: Latios\n|drag|p2a: Corviknight|Corviknight, M, shiny|100/100\n|-ability|p2a: Corviknight|Pressure\n|\n|upkeep\n|turn|10\n|\n|t:|1783808990\n|move|p2a: Corviknight|Iron Defense|p2a: Corviknight\n|-boost|p2a: Corviknight|def|2\n|move|p1a: Zamazenta|Roar|p2a: Corviknight\n|drag|p2a: Pecharunt|Pecharunt|100/100\n|\n|-end|p1a: Zamazenta|move: Heal Block\n|upkeep\n|turn|11\n|\n|t:|1783809000\n|switch|p1a: Latios|Latios, M|100/100\n|move|p2a: Pecharunt|Malignant Chain|p1a: Latios\n|-damage|p1a: Latios|87/100\n|-status|p1a: Latios|tox\n|-start|p1a: Latios|confusion|[from] ability: Poison Puppeteer|[of] p2a: Pecharunt\n|\n|-damage|p1a: Latios|81/100 tox|[from] psn\n|upkeep\n|turn|12\n|\n|t:|1783809020\n|switch|p1a: Darkrai|Darkrai|100/100\n|switch|p2a: Ting-Lu|Ting-Lu|95/100\n|-ability|p2a: Ting-Lu|Vessel of Ruin\n|\n|-heal|p2a: Ting-Lu|100/100|[from] item: Leftovers\n|upkeep\n|turn|13\n|\n|t:|1783809029\n|move|p1a: Darkrai|Trick|p2a: Ting-Lu\n|-activate|p1a: Darkrai|move: Trick|[of] p2a: Ting-Lu\n|-item|p2a: Ting-Lu|Choice Specs|[from] move: Trick\n|-item|p1a: Darkrai|Leftovers|[from] move: Trick\n|move|p2a: Ting-Lu|Spikes|p1a: Darkrai\n|-sidestart|p1: Kogasscarf|Spikes\n|\n|upkeep\n|turn|14\n|\n|t:|1783809055\n|move|p1a: Darkrai|Ice Beam|p2a: Ting-Lu\n|-supereffective|p2a: Ting-Lu\n|-damage|p2a: Ting-Lu|75/100\n|move|p2a: Ting-Lu|Spikes|p1a: Darkrai\n|-sidestart|p1: Kogasscarf|Spikes\n|\n|upkeep\n|turn|15\n|inactive|Kogasscarf has 120 seconds left.\n|\n|t:|1783809094\n|switch|p1a: Great Tusk|Great Tusk|100/100\n|move|p2a: Ting-Lu|Spikes|p1a: Great Tusk\n|-sidestart|p1: Kogasscarf|Spikes\n|\n|-sideend|p1: Kogasscarf|move: Light Screen\n|upkeep\n|turn|16\n|inactive|Kogasscarf has 90 seconds left.\n|\n|t:|1783809135\n|switch|p2a: Corviknight|Corviknight, M, shiny|100/100\n|-ability|p2a: Corviknight|Pressure\n|move|p1a: Great Tusk|Bulk Up|p1a: Great Tusk\n|-boost|p1a: Great Tusk|atk|1\n|-boost|p1a: Great Tusk|def|1\n|\n|upkeep\n|turn|17\n|\n|t:|1783809141\n|move|p1a: Great Tusk|Rapid Spin|p2a: Corviknight\n|-resisted|p2a: Corviknight\n|-damage|p2a: Corviknight|92/100\n|-boost|p1a: Great Tusk|spe|1\n|-damage|p1a: Great Tusk|84/100|[from] item: Rocky Helmet|[of] p2a: Corviknight\n|-sideend|p1: Kogasscarf|Spikes|[from] move: Rapid Spin|[of] p1a: Great Tusk\n|move|p2a: Corviknight|Iron Defense|p2a: Corviknight\n|-boost|p2a: Corviknight|def|2\n|\n|upkeep\n|turn|18\n|\n|t:|1783809168\n|-end|p1a: Great Tusk|Protosynthesis|[silent]\n|switch|p1a: Zamazenta|Zamazenta|59/100\n|move|p2a: Corviknight|U-turn|p1a: Zamazenta\n|-resisted|p1a: Zamazenta\n|-damage|p1a: Zamazenta|54/100\n|\n|t:|1783809180\n|switch|p2a: Latios|Latios, M, shiny|100/100|[from] U-turn\n|\n|upkeep\n|turn|19\n|inactive|Kogasscarf has 60 seconds left.\n|\n|t:|1783809202\n|move|p1a: Zamazenta|Light Screen|p1a: Zamazenta\n|-sidestart|p1: Kogasscarf|move: Light Screen\n|move|p2a: Latios|Psychic Noise|p1a: Zamazenta\n|-supereffective|p1a: Zamazenta\n|-damage|p1a: Zamazenta|22/100\n|-start|p1a: Zamazenta|move: Heal Block\n|\n|upkeep\n|turn|20\n|inactive|Kogasscarf has 60 seconds left.\n|\n|t:|1783809240\n|move|p2a: Latios|Psychic Noise|p1a: Zamazenta\n|-supereffective|p1a: Zamazenta\n|-damage|p1a: Zamazenta|0 fnt\n|faint|p1a: Zamazenta\n|\n|upkeep\n|\n|t:|1783809245\n|switch|p1a: Enamorus|Enamorus, F|100/100\n|turn|21\n|\n|t:|1783809255\n|switch|p2a: Fezandipiti|Fezandipiti, M|79/100\n|move|p1a: Enamorus|Moonblast|p2a: Fezandipiti\n|-resisted|p2a: Fezandipiti\n|-crit|p2a: Fezandipiti\n|-damage|p2a: Fezandipiti|47/100\n|\n|upkeep\n|turn|22\n|\n|t:|1783809264\n|switch|p1a: Great Tusk|Great Tusk|84/100\n|move|p2a: Fezandipiti|Roost|p2a: Fezandipiti\n|-heal|p2a: Fezandipiti|98/100\n|-singleturn|p2a: Fezandipiti|move: Roost\n|\n|upkeep\n|turn|23\n|inactive|Kogasscarf has 30 seconds left.\n|\n|t:|1783809296\n|-end|p1a: Great Tusk|Protosynthesis|[silent]\n|switch|p1a: Latios|Latios, M|81/100 tox\n|switch|p2a: Corviknight|Corviknight, M, shiny|92/100\n|-ability|p2a: Corviknight|Pressure\n|\n|-damage|p1a: Latios|74/100 tox|[from] psn\n|upkeep\n|turn|24\n|\n|t:|1783809304\n|move|p1a: Latios|Calm Mind|p1a: Latios\n|-boost|p1a: Latios|spa|1\n|-boost|p1a: Latios|spd|1\n|move|p2a: Corviknight|U-turn|p1a: Latios\n|-supereffective|p1a: Latios\n|-damage|p1a: Latios|39/100 tox\n|-enditem|p1a: Latios|Weakness Policy\n|-boost|p1a: Latios|atk|2|[from] item: Weakness Policy\n|-boost|p1a: Latios|spa|2|[from] item: Weakness Policy\n|\n|t:|1783809315\n|switch|p2a: Latios|Latios, M, shiny|100/100|[from] U-turn\n|\n|-damage|p1a: Latios|27/100 tox|[from] psn\n|upkeep\n|turn|25\n|\n|t:|1783809321\n|switch|p2a: Fezandipiti|Fezandipiti, M|98/100\n|move|p1a: Latios|Stored Power|p2a: Fezandipiti\n|-supereffective|p2a: Fezandipiti\n|-damage|p2a: Fezandipiti|0 fnt\n|faint|p2a: Fezandipiti\n|\n|-damage|p1a: Latios|8/100 tox|[from] psn\n|upkeep\n|\n|t:|1783809336\n|switch|p2a: Darkrai|Darkrai, shiny|100/100\n|turn|26\n|\n|t:|1783809344\n|move|p2a: Darkrai|Knock Off|p1a: Latios\n|-supereffective|p1a: Latios\n|-damage|p1a: Latios|0 fnt\n|faint|p1a: Latios\n|\n|-sideend|p1: Kogasscarf|move: Light Screen\n|upkeep\n|inactive|Kogasscarf has 30 seconds left.\n|\n|t:|1783809380\n|switch|p1a: Ogerpon|Ogerpon-Wellspring, F|100/100\n|turn|27\n|inactive|Kogasscarf has 30 seconds left.\n|inactive|Kogasscarf has 20 seconds left.\n|inactive|Kogasscarf has 15 seconds left.\n|inactive|Kogasscarf has 10 seconds left.\n|inactive|Kogasscarf has 5 seconds left.\n|-message|Kogasscarf lost due to inactivity.\n|\n|win|hennyhardaway1\n|raw|Kogasscarf's rating: 1433 &rarr; <strong>1413</strong><br />(-20 for losing)\n|raw|hennyhardaway1's rating: 1440 &rarr; <strong>1460</strong><br />(+20 for winning)\n|l|☆hennyhardaway1\n|player|p2|\n|l|☆Kogasscarf\n|player|p1|\n", "uploadtime": 1783809721, "views": 14, "formatid": "gen9ou", "rating": 1413, "private": 0, "password": null}