{"id": "gen9ou-2639989065", "format": "[Gen 9] OU", "players": ["Hover_SSB", "darretyle"], "log": "|j|☆Hover_SSB\n|j|☆darretyle\n|t:|1782559150\n|gametype|singles\n|player|p1|Hover_SSB|170|1525\n|player|p2|darretyle|bugcatcher-gen4dp|1525\n|gen|9\n|tier|[Gen 9] OU\n|rated|\n|rule|HP Percentage Mod: HP is shown in percentages\n|rule|Endless Battle Clause: Forcing endless battles is banned\n|rule|Species Clause: Limit one of each Pokémon\n|rule|OHKO Clause: OHKO moves are banned\n|rule|Evasion Items Clause: Evasion items are banned\n|rule|Evasion Moves Clause: Evasion moves are banned\n|rule|Evasion Abilities Clause: Evasion abilities are banned\n|rule|Sleep Moves Clause: Sleep-inducing moves are banned\n|clearpoke\n|poke|p1|Comfey, F|\n|poke|p1|Whimsicott, F|\n|poke|p1|Iron Moth|\n|poke|p1|Walking Wake|\n|poke|p1|Great Tusk|\n|poke|p1|Ninetales, M|\n|poke|p2|Cinderace, F|\n|poke|p2|Garchomp, M|\n|poke|p2|Iron Valiant|\n|poke|p2|Kingambit, M|\n|poke|p2|Ogerpon-Wellspring, F|\n|poke|p2|Raging Bolt|\n|teampreview\n|\n|t:|1782559159\n|teamsize|p1|6\n|teamsize|p2|6\n|start\n|switch|p1a: Walking Wake|Walking Wake|100/100\n|switch|p2a: Garchomp|Garchomp, M|100/100\n|turn|1\n|inactive|Battle timer is ON: inactive players will automatically lose when time's up. (requested by Hover_SSB)\n|\n|t:|1782559166\n|move|p2a: Garchomp|Draco Meteor|p1a: Walking Wake\n|-supereffective|p1a: Walking Wake\n|-damage|p1a: Walking Wake|17/100\n|-unboost|p2a: Garchomp|spa|2\n|-damage|p2a: Garchomp|91/100|[from] item: Life Orb\n|move|p1a: Walking Wake|Draco Meteor|p2a: Garchomp\n|-supereffective|p2a: Garchomp\n|-damage|p2a: Garchomp|0 fnt\n|-unboost|p1a: Walking Wake|spa|2\n|faint|p2a: Garchomp\n|\n|upkeep\n|\n|t:|1782559173\n|switch|p2a: Ogerpon|Ogerpon-Wellspring, F|100/100\n|turn|2\n|\n|t:|1782559176\n|-end|p1a: Walking Wake|Protosynthesis|[silent]\n|switch|p1a: Ninetales|Ninetales, M|100/100\n|-weather|SunnyDay|[from] ability: Drought|[of] p1a: Ninetales\n|move|p2a: Ogerpon|Knock Off|p1a: Ninetales\n|-damage|p1a: Ninetales|53/100\n|-enditem|p1a: Ninetales|Heat Rock|[from] move: Knock Off|[of] p2a: Ogerpon\n|\n|-weather|SunnyDay|[upkeep]\n|upkeep\n|turn|3\n|inactive|darretyle has 120 seconds left.\n|\n|t:|1782559212\n|switch|p1a: Walking Wake|Walking Wake|17/100\n|-activate|p1a: Walking Wake|ability: Protosynthesis\n|-start|p1a: Walking Wake|protosynthesisspe\n|move|p2a: Ogerpon|Ivy Cudgel|p1a: Walking Wake|[anim] Ivy Cudgel Water\n|-resisted|p1a: Walking Wake\n|-crit|p1a: Walking Wake\n|-damage|p1a: Walking Wake|7/100\n|\n|-weather|SunnyDay|[upkeep]\n|upkeep\n|turn|4\n|inactive|darretyle has 120 seconds left.\n|\n|t:|1782559223\n|move|p1a: Walking Wake|Draco Meteor|p2a: Ogerpon\n|-damage|p2a: Ogerpon|36/100\n|-unboost|p1a: Walking Wake|spa|2\n|move|p2a: Ogerpon|Knock Off|p1a: Walking Wake\n|-damage|p1a: Walking Wake|0 fnt\n|-enditem|p1a: Walking Wake|Assault Vest|[from] move: Knock Off|[of] p2a: Ogerpon\n|faint|p1a: Walking Wake\n|-end|p1a: Walking Wake|Protosynthesis|[silent]\n|\n|-weather|SunnyDay|[upkeep]\n|upkeep\n|\n|t:|1782559230\n|switch|p1a: Whimsicott|Whimsicott, F|100/100\n|turn|5\n|\n|t:|1782559235\n|move|p1a: Whimsicott|Growth|p1a: Whimsicott\n|-boost|p1a: Whimsicott|atk|2\n|-boost|p1a: Whimsicott|spa|2\n|move|p2a: Ogerpon|Encore|p1a: Whimsicott\n|-start|p1a: Whimsicott|Encore\n|\n|-weather|SunnyDay|[upkeep]\n|upkeep\n|turn|6\n|\n|t:|1782559240\n|switch|p1a: Great Tusk|Great Tusk|100/100\n|-activate|p1a: Great Tusk|ability: Protosynthesis\n|-start|p1a: Great Tusk|protosynthesisspe\n|move|p2a: Ogerpon|U-turn|p1a: Great Tusk\n|-resisted|p1a: Great Tusk\n|-damage|p1a: Great Tusk|91/100\n|-damage|p2a: Ogerpon|19/100|[from] item: Rocky Helmet|[of] p1a: Great Tusk\n|\n|t:|1782559246\n|switch|p2a: Iron Valiant|Iron Valiant|100/100|[from] U-turn\n|-enditem|p2a: Iron Valiant|Booster Energy\n|-activate|p2a: Iron Valiant|ability: Quark Drive|[fromitem]\n|-start|p2a: Iron Valiant|quarkdrivespe\n|\n|-weather|SunnyDay|[upkeep]\n|upkeep\n|turn|7\n|\n|t:|1782559250\n|move|p2a: Iron Valiant|Moonblast|p1a: Great Tusk\n|-supereffective|p1a: Great Tusk\n|-damage|p1a: Great Tusk|0 fnt\n|faint|p1a: Great Tusk\n|-end|p1a: Great Tusk|Protosynthesis|[silent]\n|\n|-weather|SunnyDay|[upkeep]\n|upkeep\n|\n|t:|1782559256\n|switch|p1a: Iron Moth|Iron Moth|100/100\n|-enditem|p1a: Iron Moth|Booster Energy\n|-activate|p1a: Iron Moth|ability: Quark Drive|[fromitem]\n|-start|p1a: Iron Moth|quarkdrivespa\n|turn|8\n|\n|t:|1782559259\n|move|p2a: Iron Valiant|Psyshock|p1a: Iron Moth\n|-supereffective|p1a: Iron Moth\n|-damage|p1a: Iron Moth|14/100\n|move|p1a: Iron Moth|Fiery Dance|p2a: Iron Valiant\n|-damage|p2a: Iron Valiant|0 fnt\n|faint|p2a: Iron Valiant\n|-end|p2a: Iron Valiant|Quark Drive|[silent]\n|\n|-weather|SunnyDay|[upkeep]\n|upkeep\n|\n|t:|1782559266\n|switch|p2a: Cinderace|Cinderace, F|100/100\n|turn|9\n|\n|t:|1782559268\n|move|p2a: Cinderace|Pyro Ball|p1a: Iron Moth\n|-resisted|p1a: Iron Moth\n|-damage|p1a: Iron Moth|0 fnt\n|faint|p1a: Iron Moth\n|-end|p1a: Iron Moth|Quark Drive|[silent]\n|\n|-weather|none\n|upkeep\n|\n|t:|1782559271\n|switch|p1a: Ninetales|Ninetales, M|53/100\n|-weather|SunnyDay|[from] ability: Drought|[of] p1a: Ninetales\n|turn|10\n|\n|t:|1782559274\n|move|p2a: Cinderace|U-turn|p1a: Ninetales\n|-start|p2a: Cinderace|typechange|Bug|[from] ability: Libero\n|-resisted|p1a: Ninetales\n|-damage|p1a: Ninetales|36/100\n|\n|t:|1782559277\n|switch|p2a: Raging Bolt|Raging Bolt|100/100|[from] U-turn\n|-activate|p2a: Raging Bolt|ability: Protosynthesis\n|-start|p2a: Raging Bolt|protosynthesisspa\n|move|p1a: Ninetales|Healing Wish|p1a: Ninetales\n|faint|p1a: Ninetales\n|\n|-weather|SunnyDay|[upkeep]\n|upkeep\n|\n|t:|1782559288\n|switch|p1a: Whimsicott|Whimsicott, F|100/100\n|turn|11\n|\n|t:|1782559292\n|-end|p2a: Raging Bolt|Protosynthesis|[silent]\n|switch|p2a: Kingambit|Kingambit, M|100/100\n|-activate|p2a: Kingambit|ability: Supreme Overlord\n|-start|p2a: Kingambit|fallen2|[silent]\n|move|p1a: Whimsicott|Growth|p1a: Whimsicott\n|-boost|p1a: Whimsicott|atk|2\n|-boost|p1a: Whimsicott|spa|2\n|\n|-weather|SunnyDay|[upkeep]\n|upkeep\n|turn|12\n|\n|t:|1782559297\n|move|p1a: Whimsicott|Moonblast|p2a: Kingambit\n|-damage|p2a: Kingambit|0 fnt\n|faint|p2a: Kingambit\n|-end|p2a: Kingambit|fallen2|[silent]\n|-damage|p1a: Whimsicott|91/100|[from] item: Life Orb\n|\n|-weather|SunnyDay|[upkeep]\n|upkeep\n|\n|t:|1782559300\n|switch|p2a: Cinderace|Cinderace, F|100/100\n|turn|13\n|\n|t:|1782559303\n|-terastallize|p1a: Whimsicott|Ghost\n|move|p1a: Whimsicott|Shadow Ball|p2a: Cinderace\n|-damage|p2a: Cinderace|0 fnt\n|faint|p2a: Cinderace\n|-damage|p1a: Whimsicott|81/100|[from] item: Life Orb\n|\n|-weather|SunnyDay|[upkeep]\n|upkeep\n|\n|t:|1782559310\n|switch|p2a: Raging Bolt|Raging Bolt|100/100\n|-activate|p2a: Raging Bolt|ability: Protosynthesis\n|-start|p2a: Raging Bolt|protosynthesisspa\n|turn|14\n|\n|t:|1782559312\n|move|p2a: Raging Bolt|Thunderclap|p1a: Whimsicott\n|-damage|p1a: Whimsicott|1/100\n|move|p1a: Whimsicott|Moonblast|p2a: Raging Bolt\n|-supereffective|p2a: Raging Bolt\n|-damage|p2a: Raging Bolt|0 fnt\n|faint|p2a: Raging Bolt\n|-end|p2a: Raging Bolt|Protosynthesis|[silent]\n|-damage|p1a: Whimsicott|0 fnt|[from] item: Life Orb\n|faint|p1a: Whimsicott\n|\n|-weather|none\n|upkeep\n|-message|darretyle forfeited.\n|\n|win|Hover_SSB\n|raw|Hover_SSB's rating: 1525 &rarr; <strong>1545</strong><br />(+20 for winning)\n|raw|darretyle's rating: 1525 &rarr; <strong>1505</strong><br />(-20 for losing)\n|l|☆Hover_SSB\n|player|p1|\n", "uploadtime": 1782559576, "views": 11, "formatid": "gen9ou", "rating": 1505, "private": 0, "password": null}