{"id": "gen9ou-2647769464", "format": "[Gen 9] OU", "players": ["OUBotBeepBoop", "lemurd"], "log": "|j|☆OUBotBeepBoop\n|j|☆lemurd\n|t:|1783809414\n|gametype|singles\n|player|p1|OUBotBeepBoop|102|1138\n|player|p2|lemurd|1|1170\n|gen|9\n|tier|[Gen 9] OU\n|rated|\n|rule|HP Percentage Mod: HP is shown in percentages\n|rule|Endless Battle Clause: Forcing endless battles is banned\n|rule|Species Clause: Limit one of each Pokémon\n|rule|OHKO Clause: OHKO moves are banned\n|rule|Evasion Items Clause: Evasion items are banned\n|rule|Evasion Moves Clause: Evasion moves are banned\n|rule|Evasion Abilities Clause: Evasion abilities are banned\n|rule|Sleep Moves Clause: Sleep-inducing moves are banned\n|clearpoke\n|poke|p1|Glimmora, F|\n|poke|p1|Great Tusk|\n|poke|p1|Kingambit, M|\n|poke|p1|Dragapult, M|\n|poke|p1|Clefable, F|\n|poke|p1|Corviknight, F|\n|poke|p2|Iron Treads|\n|poke|p2|Glimmora, M|\n|poke|p2|Pecharunt|\n|poke|p2|Rillaboom, F|\n|poke|p2|Hitmontop, M|\n|poke|p2|Clefable, M|\n|teampreview\n|inactive|Battle timer is ON: inactive players will automatically lose when time's up. (requested by OUBotBeepBoop)\n|\n|t:|1783809417\n|teamsize|p1|6\n|teamsize|p2|6\n|start\n|switch|p1a: Glimmora|Glimmora, F|100/100\n|switch|p2a: Iron Treads|Iron Treads|100/100\n|-enditem|p2a: Iron Treads|Booster Energy\n|-activate|p2a: Iron Treads|ability: Quark Drive|[fromitem]\n|-start|p2a: Iron Treads|quarkdriveatk\n|turn|1\n|\n|t:|1783809420\n|switch|p1a: Great Tusk|Great Tusk|100/100\n|move|p2a: Iron Treads|Earthquake|p1a: Great Tusk\n|-damage|p1a: Great Tusk|50/100\n|\n|upkeep\n|turn|2\n|\n|t:|1783809423\n|move|p2a: Iron Treads|Earthquake|p1a: Great Tusk\n|-damage|p1a: Great Tusk|4/100\n|move|p1a: Great Tusk|Headlong Rush|p2a: Iron Treads\n|-supereffective|p2a: Iron Treads\n|-damage|p2a: Iron Treads|0 fnt\n|-unboost|p1a: Great Tusk|def|1\n|-unboost|p1a: Great Tusk|spd|1\n|faint|p2a: Iron Treads\n|-end|p2a: Iron Treads|Quark Drive|[silent]\n|\n|upkeep\n|\n|t:|1783809426\n|switch|p2a: Hitmontop|Hitmontop, M|100/100\n|-ability|p2a: Hitmontop|Intimidate|boost\n|-unboost|p1a: Great Tusk|atk|1\n|turn|3\n|\n|t:|1783809428\n|-end|p1a: Great Tusk|Protosynthesis|[silent]\n|switch|p1a: Clefable|Clefable, F|100/100\n|move|p2a: Hitmontop|Bullet Punch|p1a: Clefable\n|-supereffective|p1a: Clefable\n|-damage|p1a: Clefable|86/100\n|\n|-heal|p1a: Clefable|92/100|[from] item: Leftovers\n|upkeep\n|turn|4\n|\n|t:|1783809434\n|switch|p2a: Pecharunt|Pecharunt|100/100\n|move|p1a: Clefable|Moonblast|p2a: Pecharunt\n|-resisted|p2a: Pecharunt\n|-damage|p2a: Pecharunt|82/100\n|-unboost|p2a: Pecharunt|spa|1\n|\n|-heal|p1a: Clefable|98/100|[from] item: Leftovers\n|upkeep\n|turn|5\n|\n|t:|1783809440\n|switch|p1a: Dragapult|Dragapult, M|100/100\n|move|p2a: Pecharunt|Malignant Chain|p1a: Dragapult\n|-resisted|p1a: Dragapult\n|-damage|p1a: Dragapult|86/100\n|-status|p1a: Dragapult|tox\n|-start|p1a: Dragapult|confusion|[from] ability: Poison Puppeteer|[of] p2a: Pecharunt\n|\n|-damage|p1a: Dragapult|80/100 tox|[from] psn\n|upkeep\n|turn|6\n|\n|t:|1783809449\n|-terastallize|p2a: Pecharunt|Normal\n|-activate|p1a: Dragapult|confusion\n|move|p1a: Dragapult|Shadow Ball|p2a: Pecharunt\n|-immune|p2a: Pecharunt\n|move|p2a: Pecharunt|Parting Shot|p1a: Dragapult\n|-unboost|p1a: Dragapult|atk|1\n|-unboost|p1a: Dragapult|spa|1\n|\n|t:|1783809459\n|switch|p2a: Glimmora|Glimmora, M, shiny|100/100|[from] Parting Shot\n|\n|-damage|p1a: Dragapult|68/100 tox|[from] psn\n|upkeep\n|turn|7\n|\n|t:|1783809461\n|-activate|p1a: Dragapult|confusion\n|move|p1a: Dragapult|Shadow Ball|p2a: Glimmora\n|-damage|p2a: Glimmora|58/100\n|move|p2a: Glimmora|Stealth Rock|p1a: Dragapult\n|-sidestart|p1: OUBotBeepBoop|move: Stealth Rock\n|\n|-damage|p1a: Dragapult|50/100 tox|[from] psn\n|upkeep\n|turn|8\n|\n|t:|1783809469\n|-activate|p1a: Dragapult|confusion\n|move|p1a: Dragapult|Shadow Ball|p2a: Glimmora\n|-damage|p2a: Glimmora|12/100\n|move|p2a: Glimmora|Dazzling Gleam|p1a: Dragapult\n|-supereffective|p1a: Dragapult\n|-damage|p1a: Dragapult|0 fnt\n|faint|p1a: Dragapult\n|\n|upkeep\n|\n|t:|1783809469\n|switch|p1a: Corviknight|Corviknight, F|100/100\n|-damage|p1a: Corviknight|88/100|[from] Stealth Rock\n|-ability|p1a: Corviknight|Pressure\n|turn|9\n|\n|t:|1783809476\n|move|p2a: Glimmora|Flash Cannon|p1a: Corviknight\n|-resisted|p1a: Corviknight\n|-damage|p1a: Corviknight|77/100\n|move|p1a: Corviknight|Body Press|p2a: Glimmora\n|-crit|p2a: Glimmora\n|-damage|p2a: Glimmora|0 fnt\n|-damage|p1a: Corviknight|60/100|[from] item: Rocky Helmet|[of] p2a: Glimmora\n|-activate|p2a: Glimmora|ability: Toxic Debris\n|-sidestart|p1: OUBotBeepBoop|move: Toxic Spikes\n|faint|p2a: Glimmora\n|\n|-heal|p1a: Corviknight|67/100|[from] item: Leftovers\n|upkeep\n|\n|t:|1783809487\n|switch|p2a: Hitmontop|Hitmontop, M|100/100\n|-ability|p2a: Hitmontop|Intimidate|boost\n|-unboost|p1a: Corviknight|atk|1\n|turn|10\n|\n|t:|1783809494\n|move|p2a: Hitmontop|Brick Break|p1a: Corviknight\n|-damage|p1a: Corviknight|51/100\n|move|p1a: Corviknight|Defog|p2a: Hitmontop\n|-unboost|p2a: Hitmontop|evasion|1\n|-sideend|p1: OUBotBeepBoop|Toxic Spikes|[from] move: Defog|[of] p1a: Corviknight\n|-sideend|p1: OUBotBeepBoop|Stealth Rock|[from] move: Defog|[of] p1a: Corviknight\n|\n|-heal|p1a: Corviknight|57/100|[from] item: Leftovers\n|upkeep\n|turn|11\n|\n|t:|1783809499\n|move|p2a: Hitmontop|Triple Axel|p1a: Corviknight\n|-damage|p1a: Corviknight|54/100\n|-hitcount|p1a: Corviknight|1\n|move|p1a: Corviknight|Roost|p1a: Corviknight\n|-heal|p1a: Corviknight|100/100\n|-singleturn|p1a: Corviknight|move: Roost\n|\n|upkeep\n|turn|12\n|\n|t:|1783809505\n|switch|p2a: Rillaboom|Rillaboom, F|100/100\n|-fieldstart|move: Grassy Terrain|[from] ability: Grassy Surge|[of] p2a: Rillaboom\n|move|p1a: Corviknight|U-turn|p2a: Rillaboom\n|-supereffective|p2a: Rillaboom\n|-damage|p2a: Rillaboom|83/100\n|\n|t:|1783809506\n|switch|p1a: Kingambit|Kingambit, M|100/100|[from] U-turn\n|-activate|p1a: Kingambit|ability: Supreme Overlord\n|-start|p1a: Kingambit|fallen1|[silent]\n|\n|-heal|p2a: Rillaboom|89/100|[from] Grassy Terrain\n|-heal|p2a: Rillaboom|95/100|[from] item: Leftovers\n|upkeep\n|turn|13\n|\n|t:|1783809510\n|move|p2a: Rillaboom|Drain Punch|p1a: Kingambit\n|-supereffective|p1a: Kingambit\n|-damage|p1a: Kingambit|37/100\n|-heal|p2a: Rillaboom|100/100|[from] drain|[of] p1a: Kingambit\n|move|p1a: Kingambit|Kowtow Cleave|p2a: Rillaboom\n|-damage|p2a: Rillaboom|41/100\n|\n|-heal|p2a: Rillaboom|47/100|[from] Grassy Terrain\n|-heal|p2a: Rillaboom|54/100|[from] item: Leftovers\n|-heal|p1a: Kingambit|43/100|[from] Grassy Terrain\n|upkeep\n|turn|14\n|\n|t:|1783809513\n|-terastallize|p1a: Kingambit|Dark\n|move|p1a: Kingambit|Sucker Punch|p2a: Rillaboom\n|-damage|p2a: Rillaboom|0 fnt\n|faint|p2a: Rillaboom\n|\n|-heal|p1a: Kingambit|50/100|[from] Grassy Terrain\n|upkeep\n|\n|t:|1783809519\n|switch|p2a: Hitmontop|Hitmontop, M|100/100\n|-ability|p2a: Hitmontop|Intimidate|boost\n|-unboost|p1a: Kingambit|atk|1\n|turn|15\n|\n|t:|1783809521\n|-end|p1a: Kingambit|fallen1|[silent]\n|switch|p1a: Clefable|Clefable, F|98/100\n|move|p2a: Hitmontop|Brick Break|p1a: Clefable\n|-resisted|p1a: Clefable\n|-damage|p1a: Clefable|89/100\n|\n|-heal|p1a: Clefable|95/100|[from] Grassy Terrain\n|-heal|p1a: Clefable|100/100|[from] item: Leftovers\n|upkeep\n|turn|16\n|\n|t:|1783809526\n|move|p2a: Hitmontop|Triple Axel|p1a: Clefable\n|-damage|p1a: Clefable|97/100\n|-damage|p1a: Clefable|90/100\n|-damage|p1a: Clefable|79/100\n|-hitcount|p1a: Clefable|3\n|move|p1a: Clefable|Moonblast|p2a: Hitmontop\n|-supereffective|p2a: Hitmontop\n|-damage|p2a: Hitmontop|60/100\n|\n|-heal|p2a: Hitmontop|66/100|[from] Grassy Terrain\n|-heal|p1a: Clefable|85/100|[from] Grassy Terrain\n|-heal|p1a: Clefable|91/100|[from] item: Leftovers\n|-fieldend|move: Grassy Terrain\n|upkeep\n|turn|17\n|\n|t:|1783809533\n|switch|p2a: Pecharunt|Pecharunt, tera:Normal|82/100\n|move|p1a: Clefable|Moonblast|p2a: Pecharunt\n|-damage|p2a: Pecharunt|41/100\n|\n|-heal|p1a: Clefable|97/100|[from] item: Leftovers\n|upkeep\n|turn|18\n|\n|t:|1783809535\n|move|p2a: Pecharunt|Malignant Chain|p1a: Clefable\n|-supereffective|p1a: Clefable\n|-damage|p1a: Clefable|37/100\n|move|p1a: Clefable|Moonblast|p2a: Pecharunt\n|-damage|p2a: Pecharunt|3/100\n|\n|-heal|p1a: Clefable|43/100|[from] item: Leftovers\n|upkeep\n|turn|19\n|\n|t:|1783809539\n|move|p2a: Pecharunt|Malignant Chain|p1a: Clefable\n|-supereffective|p1a: Clefable\n|-damage|p1a: Clefable|0 fnt\n|faint|p1a: Clefable\n|\n|upkeep\n|\n|t:|1783809539\n|switch|p1a: Corviknight|Corviknight, F|100/100\n|-ability|p1a: Corviknight|Pressure\n|turn|20\n|\n|t:|1783809542\n|move|p2a: Pecharunt|Curse|p2a: Pecharunt\n|-unboost|p2a: Pecharunt|spe|1\n|-boost|p2a: Pecharunt|atk|1\n|-boost|p2a: Pecharunt|def|1\n|move|p1a: Corviknight|Body Press|p2a: Pecharunt\n|-supereffective|p2a: Pecharunt\n|-damage|p2a: Pecharunt|0 fnt\n|-damage|p1a: Corviknight|84/100|[from] item: Rocky Helmet|[of] p2a: Pecharunt\n|faint|p2a: Pecharunt\n|\n|-heal|p1a: Corviknight|90/100|[from] item: Leftovers\n|upkeep\n|inactive|lemurd has 120 seconds left.\n|inactive|lemurd has 90 seconds left.\n|inactive|lemurd has 60 seconds left.\n|inactive|lemurd has 30 seconds left.\n|inactive|lemurd has 20 seconds left.\n|inactive|lemurd has 15 seconds left.\n|inactive|lemurd has 10 seconds left.\n|inactive|lemurd has 5 seconds left.\n|-message|lemurd lost due to inactivity.\n|\n|win|OUBotBeepBoop\n|raw|OUBotBeepBoop's rating: 1055 &rarr; <strong>1097</strong><br />(+42 for winning)\n|raw|lemurd's rating: 1170 &rarr; <strong>1137</strong><br />(-33 for losing)\n|l|☆OUBotBeepBoop\n|player|p1|\n", "uploadtime": 1783809989, "views": 6, "formatid": "gen9ou", "rating": 1097, "private": 0, "password": null}