{"id": "gen9ou-2639197587", "format": "[Gen 9] OU", "players": ["future94", "evoqative"], "log": "|j|☆future94\n|j|☆evoqative\n|t:|1782432696\n|gametype|singles\n|player|p1|future94|emmet|1407\n|player|p2|evoqative|2|1418\n|gen|9\n|tier|[Gen 9] OU\n|rated|\n|rule|HP Percentage Mod: HP is shown in percentages\n|rule|Endless Battle Clause: Forcing endless battles is banned\n|rule|Species Clause: Limit one of each Pokémon\n|rule|OHKO Clause: OHKO moves are banned\n|rule|Evasion Items Clause: Evasion items are banned\n|rule|Evasion Moves Clause: Evasion moves are banned\n|rule|Evasion Abilities Clause: Evasion abilities are banned\n|rule|Sleep Moves Clause: Sleep-inducing moves are banned\n|clearpoke\n|poke|p1|Ninetales, M|\n|poke|p1|Walking Wake|\n|poke|p1|Cinderace, F|\n|poke|p1|Great Tusk|\n|poke|p1|Cresselia, F|\n|poke|p1|Hatterene, F|\n|poke|p2|Ting-Lu|\n|poke|p2|Oricorio-Sensu, M|\n|poke|p2|Skarmory, M|\n|poke|p2|Rotom-Wash|\n|poke|p2|Iron Valiant|\n|poke|p2|Tentacruel, F|\n|teampreview\n|inactive|Battle timer is ON: inactive players will automatically lose when time's up. (requested by evoqative)\n|\n|t:|1782432712\n|teamsize|p1|6\n|teamsize|p2|6\n|start\n|switch|p1a: Ninetales|Ninetales, M, shiny|100/100\n|switch|p2a: Ting-Lu|Ting-Lu, shiny|100/100\n|-weather|SunnyDay|[from] ability: Drought|[of] p1a: Ninetales\n|-ability|p2a: Ting-Lu|Vessel of Ruin\n|turn|1\n|\n|t:|1782432719\n|move|p1a: Ninetales|Will-O-Wisp|p2a: Ting-Lu\n|-status|p2a: Ting-Lu|brn\n|move|p2a: Ting-Lu|Earthquake|p1a: Ninetales\n|-supereffective|p1a: Ninetales\n|-damage|p1a: Ninetales|34/100\n|\n|-weather|SunnyDay|[upkeep]\n|-damage|p2a: Ting-Lu|94/100 brn|[from] brn\n|upkeep\n|turn|2\n|\n|t:|1782432732\n|switch|p1a: Walking Wake|Walking Wake|100/100\n|-activate|p1a: Walking Wake|ability: Protosynthesis\n|-start|p1a: Walking Wake|protosynthesisspa\n|move|p2a: Ting-Lu|Earthquake|p1a: Walking Wake\n|-damage|p1a: Walking Wake|72/100\n|\n|-weather|SunnyDay|[upkeep]\n|-damage|p2a: Ting-Lu|88/100 brn|[from] brn\n|upkeep\n|turn|3\n|\n|t:|1782432746\n|move|p1a: Walking Wake|Hydro Steam|p2a: Ting-Lu\n|-supereffective|p2a: Ting-Lu\n|-damage|p2a: Ting-Lu|0 fnt\n|faint|p2a: Ting-Lu\n|\n|-weather|SunnyDay|[upkeep]\n|upkeep\n|\n|t:|1782432750\n|switch|p2a: Tentacruel|Tentacruel, F, shiny|100/100\n|turn|4\n|\n|t:|1782432759\n|-end|p1a: Walking Wake|Protosynthesis|[silent]\n|switch|p1a: Great Tusk|Great Tusk|100/100\n|-activate|p1a: Great Tusk|ability: Protosynthesis\n|-start|p1a: Great Tusk|protosynthesisatk\n|move|p2a: Tentacruel|Knock Off|p1a: Great Tusk\n|-resisted|p1a: Great Tusk\n|-damage|p1a: Great Tusk|95/100\n|-enditem|p1a: Great Tusk|Leftovers|[from] move: Knock Off|[of] p2a: Tentacruel\n|\n|-weather|SunnyDay|[upkeep]\n|upkeep\n|turn|5\n|\n|t:|1782432770\n|switch|p2a: Skarmory|Skarmory, M, shiny|100/100\n|move|p1a: Great Tusk|Rapid Spin|p2a: Skarmory\n|-resisted|p2a: Skarmory\n|-damage|p2a: Skarmory|94/100\n|-boost|p1a: Great Tusk|spe|1\n|-damage|p1a: Great Tusk|78/100|[from] item: Rocky Helmet|[of] p2a: Skarmory\n|\n|-weather|SunnyDay|[upkeep]\n|upkeep\n|turn|6\n|\n|t:|1782432778\n|move|p1a: Great Tusk|Knock Off|p2a: Skarmory\n|-damage|p2a: Skarmory|67/100\n|-damage|p1a: Great Tusk|62/100|[from] item: Rocky Helmet|[of] p2a: Skarmory\n|-enditem|p2a: Skarmory|Rocky Helmet|[from] move: Knock Off|[of] p1a: Great Tusk\n|move|p2a: Skarmory|Whirlwind|p1a: Great Tusk\n|-end|p1a: Great Tusk|Protosynthesis|[silent]\n|drag|p1a: Ninetales|Ninetales, M, shiny|34/100\n|\n|-weather|SunnyDay|[upkeep]\n|upkeep\n|turn|7\n|\n|t:|1782432792\n|switch|p1a: Walking Wake|Walking Wake|72/100\n|-activate|p1a: Walking Wake|ability: Protosynthesis\n|-start|p1a: Walking Wake|protosynthesisspa\n|switch|p2a: Tentacruel|Tentacruel, F, shiny|100/100\n|\n|-weather|SunnyDay|[upkeep]\n|upkeep\n|turn|8\n|\n|t:|1782432803\n|-end|p1a: Walking Wake|Protosynthesis|[silent]\n|switch|p1a: Great Tusk|Great Tusk|62/100\n|-activate|p1a: Great Tusk|ability: Protosynthesis\n|-start|p1a: Great Tusk|protosynthesisatk\n|move|p2a: Tentacruel|Sludge Bomb|p1a: Great Tusk\n|-resisted|p1a: Great Tusk\n|-damage|p1a: Great Tusk|34/100\n|\n|-weather|none\n|-end|p1a: Great Tusk|Protosynthesis\n|upkeep\n|turn|9\n|\n|t:|1782432812\n|-end|p1a: Great Tusk|Protosynthesis|[silent]\n|switch|p1a: Ninetales|Ninetales, M, shiny|34/100\n|-weather|SunnyDay|[from] ability: Drought|[of] p1a: Ninetales\n|move|p2a: Tentacruel|Surf|p1a: Ninetales\n|-supereffective|p1a: Ninetales\n|-damage|p1a: Ninetales|4/100\n|\n|-weather|SunnyDay|[upkeep]\n|upkeep\n|turn|10\n|\n|t:|1782432820\n|move|p2a: Tentacruel|Knock Off|p1a: Ninetales\n|-damage|p1a: Ninetales|0 fnt\n|-enditem|p1a: Ninetales|Heat Rock|[from] move: Knock Off|[of] p2a: Tentacruel\n|faint|p1a: Ninetales\n|\n|-weather|SunnyDay|[upkeep]\n|upkeep\n|\n|t:|1782432825\n|switch|p1a: Great Tusk|Great Tusk|34/100\n|-activate|p1a: Great Tusk|ability: Protosynthesis\n|-start|p1a: Great Tusk|protosynthesisatk\n|turn|11\n|\n|t:|1782432829\n|move|p2a: Tentacruel|Surf|p1a: Great Tusk\n|-supereffective|p1a: Great Tusk\n|-damage|p1a: Great Tusk|0 fnt\n|faint|p1a: Great Tusk\n|-end|p1a: Great Tusk|Protosynthesis|[silent]\n|\n|-weather|SunnyDay|[upkeep]\n|upkeep\n|\n|t:|1782432836\n|switch|p1a: Cresselia|Cresselia, F|100/100\n|turn|12\n|\n|t:|1782432842\n|move|p2a: Tentacruel|Knock Off|p1a: Cresselia\n|-supereffective|p1a: Cresselia\n|-damage|p1a: Cresselia|85/100\n|-enditem|p1a: Cresselia|Covert Cloak|[from] move: Knock Off|[of] p2a: Tentacruel\n|move|p1a: Cresselia|Calm Mind|p1a: Cresselia\n|-boost|p1a: Cresselia|spa|1\n|-boost|p1a: Cresselia|spd|1\n|\n|-weather|SunnyDay|[upkeep]\n|upkeep\n|turn|13\n|\n|t:|1782432849\n|switch|p2a: Skarmory|Skarmory, M, shiny|67/100\n|move|p1a: Cresselia|Calm Mind|p1a: Cresselia\n|-boost|p1a: Cresselia|spa|1\n|-boost|p1a: Cresselia|spd|1\n|\n|-weather|SunnyDay|[upkeep]\n|upkeep\n|turn|14\n|\n|t:|1782432856\n|move|p1a: Cresselia|Stored Power|p2a: Skarmory\n|-resisted|p2a: Skarmory\n|-damage|p2a: Skarmory|28/100\n|move|p2a: Skarmory|Whirlwind|p1a: Cresselia\n|drag|p1a: Hatterene|Hatterene, F|100/100\n|\n|-weather|SunnyDay|[upkeep]\n|upkeep\n|turn|15\n|\n|t:|1782432862\n|move|p2a: Skarmory|Roost|p2a: Skarmory\n|-heal|p2a: Skarmory|78/100\n|-singleturn|p2a: Skarmory|move: Roost\n|move|p1a: Hatterene|Mystical Fire|p2a: Skarmory\n|-supereffective|p2a: Skarmory\n|-damage|p2a: Skarmory|0 fnt\n|faint|p2a: Skarmory\n|\n|-weather|SunnyDay|[upkeep]\n|upkeep\n|\n|t:|1782432878\n|switch|p2a: Oricorio|Oricorio-Sensu, M|100/100\n|turn|16\n|\n|t:|1782432882\n|move|p2a: Oricorio|Quiver Dance|p2a: Oricorio\n|-boost|p2a: Oricorio|spa|1\n|-boost|p2a: Oricorio|spd|1\n|-boost|p2a: Oricorio|spe|1\n|move|p1a: Hatterene|Nuzzle|p2a: Oricorio\n|-supereffective|p2a: Oricorio\n|-damage|p2a: Oricorio|94/100\n|-status|p2a: Oricorio|par\n|\n|-weather|none\n|upkeep\n|turn|17\n|\n|t:|1782432889\n|move|p2a: Oricorio|Quiver Dance|p2a: Oricorio\n|-boost|p2a: Oricorio|spa|1\n|-boost|p2a: Oricorio|spd|1\n|-boost|p2a: Oricorio|spe|1\n|move|p1a: Hatterene|Psyshock|p2a: Oricorio\n|-damage|p2a: Oricorio|57/100 par\n|\n|upkeep\n|turn|18\n|\n|t:|1782432902\n|move|p2a: Oricorio|Revelation Dance|p1a: Hatterene\n|-supereffective|p1a: Hatterene\n|-damage|p1a: Hatterene|19/100\n|move|p1a: Hatterene|Mystical Fire|p2a: Oricorio\n|-crit|p2a: Oricorio\n|-damage|p2a: Oricorio|6/100 par\n|-unboost|p2a: Oricorio|spa|1\n|\n|upkeep\n|turn|19\n|\n|t:|1782432911\n|switch|p1a: Cinderace|Cinderace, F|100/100\n|move|p2a: Oricorio|Revelation Dance|p1a: Cinderace\n|-damage|p1a: Cinderace|49/100\n|\n|upkeep\n|turn|20\n|\n|t:|1782432922\n|move|p1a: Cinderace|Pyro Ball|p2a: Oricorio\n|-damage|p2a: Oricorio|0 fnt\n|faint|p2a: Oricorio\n|\n|upkeep\n|\n|t:|1782432928\n|switch|p2a: Rotom|Rotom-Wash, shiny|100/100\n|turn|21\n|\n|t:|1782432934\n|move|p2a: Rotom|Volt Switch|p1a: Cinderace\n|-damage|p1a: Cinderace|14/100\n|\n|t:|1782432939\n|switch|p2a: Tentacruel|Tentacruel, F, shiny|100/100|[from] Volt Switch\n|move|p1a: Cinderace|Pyro Ball|p2a: Tentacruel|[miss]\n|-miss|p1a: Cinderace|p2a: Tentacruel\n|\n|upkeep\n|turn|22\n|\n|t:|1782432950\n|move|p1a: Cinderace|Pyro Ball|p2a: Tentacruel\n|-resisted|p2a: Tentacruel\n|-damage|p2a: Tentacruel|45/100\n|move|p2a: Tentacruel|Surf|p1a: Cinderace\n|-supereffective|p1a: Cinderace\n|-damage|p1a: Cinderace|0 fnt\n|faint|p1a: Cinderace\n|\n|upkeep\n|\n|t:|1782432960\n|switch|p1a: Walking Wake|Walking Wake|72/100\n|turn|23\n|\n|t:|1782432966\n|move|p2a: Tentacruel|Sludge Bomb|p1a: Walking Wake\n|-damage|p1a: Walking Wake|29/100\n|-status|p1a: Walking Wake|psn\n|move|p1a: Walking Wake|Hydro Steam|p2a: Tentacruel\n|-resisted|p2a: Tentacruel\n|-damage|p2a: Tentacruel|10/100\n|\n|-damage|p1a: Walking Wake|17/100 psn|[from] psn\n|upkeep\n|turn|24\n|\n|t:|1782432986\n|move|p2a: Tentacruel|Sludge Bomb|p1a: Walking Wake\n|-damage|p1a: Walking Wake|0 fnt\n|faint|p1a: Walking Wake\n|-end|p1a: Walking Wake|Protosynthesis|[silent]\n|\n|upkeep\n|\n|t:|1782432991\n|switch|p1a: Cresselia|Cresselia, F|85/100\n|turn|25\n|\n|t:|1782433000\n|switch|p2a: Rotom|Rotom-Wash, shiny|100/100\n|-terastallize|p1a: Cresselia|Poison\n|move|p1a: Cresselia|Calm Mind|p1a: Cresselia\n|-boost|p1a: Cresselia|spa|1\n|-boost|p1a: Cresselia|spd|1\n|\n|upkeep\n|turn|26\n|\n|t:|1782433006\n|switch|p1a: Hatterene|Hatterene, F|19/100\n|move|p2a: Rotom|Trick|p1a: Hatterene\n|-activate|p2a: Rotom|move: Trick|[of] p1a: Hatterene\n|-item|p1a: Hatterene|Choice Scarf|[from] move: Trick\n|-item|p2a: Rotom|Assault Vest|[from] move: Trick\n|\n|upkeep\n|turn|27\n|\n|t:|1782433017\n|switch|p1a: Cresselia|Cresselia, F, tera:Poison|85/100\n|move|p2a: Rotom|Thunderbolt|p1a: Cresselia\n|-damage|p1a: Cresselia|59/100\n|\n|upkeep\n|turn|28\n|\n|t:|1782433023\n|move|p2a: Rotom|Thunderbolt|p1a: Cresselia\n|-damage|p1a: Cresselia|34/100\n|move|p1a: Cresselia|Moonlight|p1a: Cresselia\n|-heal|p1a: Cresselia|84/100\n|\n|upkeep\n|turn|29\n|\n|t:|1782433028\n|move|p2a: Rotom|Thunderbolt|p1a: Cresselia\n|-damage|p1a: Cresselia|59/100\n|move|p1a: Cresselia|Calm Mind|p1a: Cresselia\n|-boost|p1a: Cresselia|spa|1\n|-boost|p1a: Cresselia|spd|1\n|\n|upkeep\n|turn|30\n|\n|t:|1782433034\n|move|p2a: Rotom|Thunderbolt|p1a: Cresselia\n|-damage|p1a: Cresselia|42/100\n|move|p1a: Cresselia|Moonlight|p1a: Cresselia\n|-heal|p1a: Cresselia|92/100\n|\n|upkeep\n|turn|31\n|\n|t:|1782433040\n|move|p2a: Rotom|Thunderbolt|p1a: Cresselia\n|-damage|p1a: Cresselia|73/100\n|move|p1a: Cresselia|Calm Mind|p1a: Cresselia\n|-boost|p1a: Cresselia|spa|1\n|-boost|p1a: Cresselia|spd|1\n|\n|upkeep\n|turn|32\n|\n|t:|1782433045\n|move|p2a: Rotom|Thunderbolt|p1a: Cresselia\n|-damage|p1a: Cresselia|60/100\n|move|p1a: Cresselia|Calm Mind|p1a: Cresselia\n|-boost|p1a: Cresselia|spa|1\n|-boost|p1a: Cresselia|spd|1\n|\n|upkeep\n|turn|33\n|\n|t:|1782433052\n|move|p2a: Rotom|Thunderbolt|p1a: Cresselia\n|-damage|p1a: Cresselia|49/100\n|move|p1a: Cresselia|Moonlight|p1a: Cresselia\n|-heal|p1a: Cresselia|99/100\n|\n|upkeep\n|turn|34\n|\n|t:|1782433058\n|move|p2a: Rotom|Thunderbolt|p1a: Cresselia\n|-damage|p1a: Cresselia|90/100\n|move|p1a: Cresselia|Calm Mind|p1a: Cresselia\n|-boost|p1a: Cresselia|spa|1\n|-boost|p1a: Cresselia|spd|1\n|\n|upkeep\n|turn|35\n|\n|t:|1782433064\n|move|p2a: Rotom|Thunderbolt|p1a: Cresselia\n|-damage|p1a: Cresselia|81/100\n|move|p1a: Cresselia|Calm Mind|p1a: Cresselia\n|-boost|p1a: Cresselia|spa|1\n|-boost|p1a: Cresselia|spd|1\n|\n|upkeep\n|turn|36\n|\n|t:|1782433069\n|move|p2a: Rotom|Thunderbolt|p1a: Cresselia\n|-damage|p1a: Cresselia|73/100\n|move|p1a: Cresselia|Moonlight|p1a: Cresselia\n|-heal|p1a: Cresselia|100/100\n|\n|upkeep\n|turn|37\n|\n|t:|1782433075\n|move|p2a: Rotom|Thunderbolt|p1a: Cresselia\n|-damage|p1a: Cresselia|93/100\n|move|p1a: Cresselia|Stored Power|p2a: Rotom\n|-damage|p2a: Rotom|0 fnt\n|faint|p2a: Rotom\n|\n|upkeep\n|c|☆evoqative|bruh\n|c|☆future94|what\n|\n|t:|1782433084\n|switch|p2a: Tentacruel|Tentacruel, F, shiny|10/100\n|turn|38\n|c|☆evoqative|no para\n|\n|t:|1782433096\n|move|p2a: Tentacruel|Surf|p1a: Cresselia\n|-damage|p1a: Cresselia|86/100\n|move|p1a: Cresselia|Stored Power|p2a: Tentacruel\n|-supereffective|p2a: Tentacruel\n|-damage|p2a: Tentacruel|0 fnt\n|faint|p2a: Tentacruel\n|\n|upkeep\n|\n|t:|1782433099\n|switch|p2a: Iron Valiant|Iron Valiant, shiny|100/100\n|-enditem|p2a: Iron Valiant|Booster Energy\n|-activate|p2a: Iron Valiant|ability: Quark Drive|[fromitem]\n|-start|p2a: Iron Valiant|quarkdriveatk\n|turn|39\n|c|☆future94|beggin for para hacks not saving this game ngl\n|c|☆evoqative|stfu with your cheap cress\n|\n|t:|1782433124\n|-terastallize|p2a: Iron Valiant|Ghost\n|move|p2a: Iron Valiant|Shadow Sneak|p1a: Cresselia\n|-damage|p1a: Cresselia|70/100\n|move|p1a: Cresselia|Stored Power|p2a: Iron Valiant\n|-damage|p2a: Iron Valiant|0 fnt\n|faint|p2a: Iron Valiant\n|-end|p2a: Iron Valiant|Quark Drive|[silent]\n|\n|win|future94\n|raw|future94's rating: 1407 &rarr; <strong>1428</strong><br />(+21 for winning)\n|raw|evoqative's rating: 1418 &rarr; <strong>1397</strong><br />(-21 for losing)\n|l|☆evoqative\n|player|p2|\n|c|☆future94|cry lol\n|l|☆future94\n|player|p1|\n", "uploadtime": 1782433252, "views": 14, "formatid": "gen9ou", "rating": 1397, "private": 0, "password": null}