{"id": "gen9ou-2647713849", "format": "[Gen 9] OU", "players": ["wertnerve", "grabmann"], "log": "|j|☆wertnerve\n|j|☆grabmann\n|t:|1783800439\n|gametype|singles\n|player|p1|wertnerve|2|1185\n|player|p2|grabmann|spenser-gen3|1199\n|gen|9\n|tier|[Gen 9] OU\n|rated|\n|rule|HP Percentage Mod: HP is shown in percentages\n|rule|Endless Battle Clause: Forcing endless battles is banned\n|rule|Species Clause: Limit one of each Pokémon\n|rule|OHKO Clause: OHKO moves are banned\n|rule|Evasion Items Clause: Evasion items are banned\n|rule|Evasion Moves Clause: Evasion moves are banned\n|rule|Evasion Abilities Clause: Evasion abilities are banned\n|rule|Sleep Moves Clause: Sleep-inducing moves are banned\n|clearpoke\n|poke|p1|Slowking-Galar, M|\n|poke|p1|Ursaluna, F|\n|poke|p1|Ninetales-Alola, F|\n|poke|p1|Hawlucha, M|\n|poke|p1|Hoopa-Unbound|\n|poke|p1|Indeedee, M|\n|poke|p2|Excadrill, M|\n|poke|p2|Feraligatr, M|\n|poke|p2|Latios, M|\n|poke|p2|Scizor, M|\n|poke|p2|Iron Moth|\n|poke|p2|Zapdos|\n|teampreview\n|inactive|Battle timer is ON: inactive players will automatically lose when time's up. (requested by grabmann)\n|\n|t:|1783800466\n|teamsize|p1|6\n|teamsize|p2|6\n|start\n|switch|p1a: Ninetales|Ninetales-Alola, F|100/100\n|switch|p2a: Scizor|Scizor, M|100/100\n|-weather|Snowscape|[from] ability: Snow Warning|[of] p1a: Ninetales\n|turn|1\n|inactive|grabmann has 120 seconds left.\n|\n|t:|1783800523\n|switch|p1a: Indeedee|Indeedee, M|100/100\n|-fieldstart|move: Psychic Terrain|[from] ability: Psychic Surge|[of] p1a: Indeedee\n|move|p2a: Scizor|Bullet Punch|p1a: Indeedee\n|-activate|p1a: Indeedee|move: Psychic Terrain\n|\n|-weather|Snowscape|[upkeep]\n|upkeep\n|turn|2\n|inactive|grabmann has 90 seconds left.\n|\n|t:|1783800567\n|switch|p2a: Feraligatr|Feraligatr, M|100/100\n|move|p1a: Indeedee|Trick Room|p1a: Indeedee\n|-fieldstart|move: Trick Room|[of] p1a: Indeedee\n|\n|-weather|Snowscape|[upkeep]\n|upkeep\n|turn|3\n|inactive|wertnerve has 120 seconds left.\n|\n|t:|1783800612\n|move|p1a: Indeedee|Expanding Force|p2a: Feraligatr\n|-damage|p2a: Feraligatr|25/100\n|move|p2a: Feraligatr|Crunch|p1a: Indeedee\n|-supereffective|p1a: Indeedee\n|-damage|p1a: Indeedee|13/100\n|\n|-weather|Snowscape|[upkeep]\n|upkeep\n|turn|4\n|inactive|grabmann has 60 seconds left.\n|\n|t:|1783800636\n|-terastallize|p2a: Feraligatr|Dark\n|move|p1a: Indeedee|Healing Wish|p1a: Indeedee\n|faint|p1a: Indeedee\n|move|p2a: Feraligatr|Liquidation|p1: Indeedee|[notarget]\n|-fail|p2a: Feraligatr\n|\n|-weather|Snowscape|[upkeep]\n|upkeep\n|\n|t:|1783800665\n|switch|p1a: Hoopa|Hoopa-Unbound|100/100\n|turn|5\n|\n|t:|1783800675\n|move|p1a: Hoopa|Thunderbolt|p2a: Feraligatr\n|-damage|p2a: Feraligatr|0 fnt\n|faint|p2a: Feraligatr\n|\n|-weather|none\n|upkeep\n|inactive|grabmann has 60 seconds left.\n|\n|t:|1783800700\n|switch|p2a: Excadrill|Excadrill, M|100/100\n|-ability|p2a: Excadrill|Mold Breaker\n|turn|6\n|\n|t:|1783800715\n|move|p1a: Hoopa|Focus Blast|p2a: Excadrill|[miss]\n|-miss|p1a: Hoopa|p2a: Excadrill\n|move|p2a: Excadrill|Rock Tomb|p1a: Hoopa\n|-damage|p1a: Hoopa|74/100\n|-unboost|p1a: Hoopa|spe|1\n|\n|-fieldend|move: Trick Room\n|upkeep\n|turn|7\n|inactive|grabmann has 60 seconds left.\n|\n|t:|1783800727\n|switch|p1a: Ninetales|Ninetales-Alola, F|100/100\n|-weather|Snowscape|[from] ability: Snow Warning|[of] p1a: Ninetales\n|move|p2a: Excadrill|Earthquake|p1a: Ninetales\n|-damage|p1a: Ninetales|70/100\n|\n|-weather|Snowscape|[upkeep]\n|upkeep\n|turn|8\n|inactive|grabmann has 60 seconds left.\n|\n|t:|1783800748\n|move|p2a: Excadrill|Rock Tomb|p1a: Ninetales\n|-supereffective|p1a: Ninetales\n|-damage|p1a: Ninetales|45/100\n|-unboost|p1a: Ninetales|spe|1\n|move|p1a: Ninetales|Aurora Veil|p1a: Ninetales\n|-sidestart|p1: wertnerve|move: Aurora Veil\n|\n|-weather|Snowscape|[upkeep]\n|-fieldend|move: Psychic Terrain\n|upkeep\n|turn|9\n|\n|t:|1783800760\n|switch|p1a: Ursaluna|Ursaluna, F, shiny|100/100\n|move|p2a: Excadrill|Stealth Rock|p1a: Ursaluna\n|-sidestart|p1: wertnerve|move: Stealth Rock\n|\n|-weather|Snowscape|[upkeep]\n|-status|p1a: Ursaluna|brn|[from] item: Flame Orb\n|upkeep\n|turn|10\n|inactive|grabmann has 30 seconds left.\n|\n|t:|1783800796\n|move|p2a: Excadrill|Earthquake|p1a: Ursaluna\n|-damage|p1a: Ursaluna|82/100 brn\n|move|p1a: Ursaluna|Fire Punch|p2a: Excadrill\n|-supereffective|p2a: Excadrill\n|-enditem|p2a: Excadrill|Focus Sash\n|-damage|p2a: Excadrill|1/100\n|-status|p2a: Excadrill|brn\n|\n|-weather|Snowscape|[upkeep]\n|-damage|p2a: Excadrill|0 fnt|[from] brn\n|faint|p2a: Excadrill\n|-damage|p1a: Ursaluna|76/100 brn|[from] brn\n|upkeep\n|inactive|grabmann has 30 seconds left this turn.\n|inactive|grabmann has 20 seconds left.\n|inactive|grabmann has 15 seconds left.\n|inactive|grabmann has 10 seconds left.\n|\n|t:|1783800819\n|switch|p2a: Scizor|Scizor, M|100/100\n|turn|11\n|inactive|grabmann has 20 seconds left this turn.\n|inactive|wertnerve has 120 seconds left.\n|\n|t:|1783800835\n|-terastallize|p1a: Ursaluna|Fire\n|move|p2a: Scizor|Close Combat|p1a: Ursaluna\n|-damage|p1a: Ursaluna|57/100 brn\n|-unboost|p2a: Scizor|def|1\n|-unboost|p2a: Scizor|spd|1\n|-damage|p2a: Scizor|91/100|[from] item: Life Orb\n|move|p1a: Ursaluna|Fire Punch|p2a: Scizor\n|-supereffective|p2a: Scizor\n|-damage|p2a: Scizor|0 fnt\n|faint|p2a: Scizor\n|\n|-weather|none\n|-damage|p1a: Ursaluna|51/100 brn|[from] brn\n|upkeep\n|inactive|grabmann has 25 seconds left this turn.\n|inactive|grabmann has 20 seconds left.\n|\n|t:|1783800845\n|switch|p2a: Latios|Latios, M|100/100\n|turn|12\n|inactive|grabmann has 30 seconds left this turn.\n|\n|t:|1783800850\n|switch|p1a: Hoopa|Hoopa-Unbound|74/100\n|-heal|p1a: Hoopa|100/100|[from] move: Healing Wish\n|-damage|p1a: Hoopa|88/100|[from] Stealth Rock\n|move|p2a: Latios|Agility|p2a: Latios\n|-boost|p2a: Latios|spe|2\n|\n|upkeep\n|turn|13\n|inactive|grabmann has 30 seconds left.\n|inactive|grabmann has 20 seconds left.\n|\n|t:|1783800868\n|move|p2a: Latios|Aura Sphere|p1a: Hoopa\n|-damage|p1a: Hoopa|76/100\n|move|p1a: Hoopa|Dark Pulse|p2a: Latios\n|-supereffective|p2a: Latios\n|-damage|p2a: Latios|0 fnt\n|faint|p2a: Latios\n|\n|upkeep\n|inactive|grabmann has 25 seconds left this turn.\n|inactive|grabmann has 20 seconds left.\n|\n|t:|1783800874\n|switch|p2a: Iron Moth|Iron Moth|100/100\n|-enditem|p2a: Iron Moth|Booster Energy\n|-activate|p2a: Iron Moth|ability: Quark Drive|[fromitem]\n|-start|p2a: Iron Moth|quarkdrivespe\n|turn|14\n|inactive|grabmann has 30 seconds left this turn.\n|\n|t:|1783800877\n|move|p2a: Iron Moth|Dazzling Gleam|p1a: Hoopa\n|-supereffective|p1a: Hoopa\n|-damage|p1a: Hoopa|50/100\n|move|p1a: Hoopa|Expanding Force|p2a: Iron Moth\n|-supereffective|p2a: Iron Moth\n|-damage|p2a: Iron Moth|0 fnt\n|faint|p2a: Iron Moth\n|-end|p2a: Iron Moth|Quark Drive|[silent]\n|\n|upkeep\n|\n|t:|1783800882\n|switch|p2a: Zapdos|Zapdos|100/100\n|turn|15\n|\n|t:|1783800885\n|move|p2a: Zapdos|Hurricane|p1a: Hoopa\n|-damage|p1a: Hoopa|23/100\n|move|p1a: Hoopa|Dark Pulse|p2a: Zapdos\n|-damage|p2a: Zapdos|33/100\n|\n|-sideend|p1: wertnerve|move: Aurora Veil\n|upkeep\n|turn|16\n|c|☆grabmann|ggs\n|\n|t:|1783800890\n|move|p2a: Zapdos|Hurricane|p1a: Hoopa\n|-damage|p1a: Hoopa|0 fnt\n|faint|p1a: Hoopa\n|\n|upkeep\n|\n|t:|1783800895\n|switch|p1a: Ninetales|Ninetales-Alola, F|45/100\n|-damage|p1a: Ninetales|20/100|[from] Stealth Rock\n|-weather|Snowscape|[from] ability: Snow Warning|[of] p1a: Ninetales\n|turn|17\n|\n|t:|1783800898\n|move|p2a: Zapdos|Roost|p2a: Zapdos\n|-heal|p2a: Zapdos|83/100\n|-singleturn|p2a: Zapdos|move: Roost\n|move|p1a: Ninetales|Aurora Veil|p1a: Ninetales\n|-sidestart|p1: wertnerve|move: Aurora Veil\n|\n|-weather|Snowscape|[upkeep]\n|upkeep\n|turn|18\n|\n|t:|1783800904\n|move|p2a: Zapdos|Roost|p2a: Zapdos\n|-heal|p2a: Zapdos|100/100\n|-singleturn|p2a: Zapdos|move: Roost\n|move|p1a: Ninetales|Blizzard|p2a: Zapdos\n|-damage|p2a: Zapdos|57/100\n|\n|-weather|Snowscape|[upkeep]\n|upkeep\n|turn|19\n|\n|t:|1783800908\n|move|p2a: Zapdos|Roost|p2a: Zapdos\n|-heal|p2a: Zapdos|100/100\n|-singleturn|p2a: Zapdos|move: Roost\n|move|p1a: Ninetales|Fake Tears|p2a: Zapdos\n|-unboost|p2a: Zapdos|spd|2\n|\n|-weather|Snowscape|[upkeep]\n|upkeep\n|turn|20\n|inactive|grabmann has 90 seconds left.\n|\n|t:|1783800913\n|move|p2a: Zapdos|Heat Wave|p1a: Ninetales\n|-supereffective|p1a: Ninetales\n|-damage|p1a: Ninetales|0 fnt\n|faint|p1a: Ninetales\n|\n|-weather|Snowscape|[upkeep]\n|upkeep\n|\n|t:|1783800920\n|switch|p1a: Slowking|Slowking-Galar, M|100/100\n|-damage|p1a: Slowking|88/100|[from] Stealth Rock\n|turn|21\n|\n|t:|1783800923\n|move|p2a: Zapdos|Hurricane|p1a: Slowking\n|-damage|p1a: Slowking|67/100\n|-start|p1a: Slowking|confusion\n|-activate|p1a: Slowking|confusion\n|move|p1a: Slowking|Trick Room|p1a: Slowking\n|-fieldstart|move: Trick Room|[of] p1a: Slowking\n|\n|-weather|none\n|upkeep\n|turn|22\n|\n|t:|1783800932\n|-activate|p1a: Slowking|confusion\n|-damage|p1a: Slowking|63/100|[from] confusion\n|move|p2a: Zapdos|Hurricane|p1a: Slowking\n|-damage|p1a: Slowking|39/100\n|\n|upkeep\n|turn|23\n|\n|t:|1783800937\n|-activate|p1a: Slowking|confusion\n|move|p1a: Slowking|Psychic Terrain|p1a: Slowking\n|-fieldstart|move: Psychic Terrain\n|move|p2a: Zapdos|Hurricane|p1a: Slowking\n|-damage|p1a: Slowking|15/100\n|\n|upkeep\n|turn|24\n|\n|t:|1783800945\n|-end|p1a: Slowking|confusion\n|move|p1a: Slowking|Expanding Force|p2a: Zapdos\n|-damage|p2a: Zapdos|0 fnt\n|faint|p2a: Zapdos\n|\n|win|wertnerve\n|raw|wertnerve's rating: 1185 &rarr; <strong>1211</strong><br />(+26 for winning)\n|raw|grabmann's rating: 1199 &rarr; <strong>1173</strong><br />(-26 for losing)\n|l|☆wertnerve\n|player|p1|\n|l|☆grabmann\n|player|p2|\n|j|☆wertnerve\n|player|p1|wertnerve|2|\n|l|☆wertnerve\n|player|p1|\n|j|☆wertnerve\n|player|p1|wertnerve|2|\n", "uploadtime": 1783801281, "views": 7, "formatid": "gen9ou", "rating": 1173, "private": 0, "password": null}