{"id": "gen9ou-2647815534", "format": "[Gen 9] OU", "players": ["Pig Perfect", "sandorivera22"], "log": "|j|☆Pig Perfect\n|j|☆sandorivera22\n|t:|1783817477\n|gametype|singles\n|player|p1|Pig Perfect|workerice|1377\n|player|p2|sandorivera22|lucas|1287\n|gen|9\n|tier|[Gen 9] OU\n|rated|\n|rule|HP Percentage Mod: HP is shown in percentages\n|rule|Endless Battle Clause: Forcing endless battles is banned\n|rule|Species Clause: Limit one of each Pokémon\n|rule|OHKO Clause: OHKO moves are banned\n|rule|Evasion Items Clause: Evasion items are banned\n|rule|Evasion Moves Clause: Evasion moves are banned\n|rule|Evasion Abilities Clause: Evasion abilities are banned\n|rule|Sleep Moves Clause: Sleep-inducing moves are banned\n|clearpoke\n|poke|p1|Deoxys-Speed|\n|poke|p1|Garchomp, M|\n|poke|p1|Gholdengo|\n|poke|p1|Hawlucha, F|\n|poke|p1|Iron Thorns|\n|poke|p1|Rillaboom, M|\n|poke|p2|Walking Wake|\n|poke|p2|Torkoal, F|\n|poke|p2|Venusaur, F|\n|poke|p2|Skarmory, F|\n|poke|p2|Mimikyu, M|\n|poke|p2|Wyrdeer, M|\n|teampreview\n|inactive|Battle timer is ON: inactive players will automatically lose when time's up. (requested by sandorivera22)\n|\n|t:|1783817491\n|teamsize|p1|6\n|teamsize|p2|6\n|start\n|switch|p1a: Iron Thorns|Iron Thorns|100/100\n|switch|p2a: Torkoal|Torkoal, F, shiny|100/100\n|-weather|SunnyDay|[from] ability: Drought|[of] p2a: Torkoal\n|-enditem|p1a: Iron Thorns|Booster Energy\n|-activate|p1a: Iron Thorns|ability: Quark Drive|[fromitem]\n|-start|p1a: Iron Thorns|quarkdrivespe\n|turn|1\n|\n|t:|1783817506\n|switch|p2a: Wyrdeer|Wyrdeer, M|100/100\n|-ability|p2a: Wyrdeer|Intimidate|boost\n|-unboost|p1a: Iron Thorns|atk|1\n|move|p1a: Iron Thorns|Taunt|p2a: Wyrdeer\n|-start|p2a: Wyrdeer|move: Taunt\n|\n|-weather|SunnyDay|[upkeep]\n|upkeep\n|turn|2\n|\n|t:|1783817516\n|move|p1a: Iron Thorns|Stealth Rock|p2a: Wyrdeer\n|-sidestart|p2: sandorivera22|move: Stealth Rock\n|move|p2a: Wyrdeer|Earthquake|p1a: Iron Thorns\n|-supereffective|p1a: Iron Thorns\n|-damage|p1a: Iron Thorns|0 fnt\n|faint|p1a: Iron Thorns\n|-end|p1a: Iron Thorns|Quark Drive|[silent]\n|\n|-weather|SunnyDay|[upkeep]\n|upkeep\n|\n|t:|1783817529\n|switch|p1a: Rillaboom|Rillaboom, M|100/100\n|-fieldstart|move: Grassy Terrain|[from] ability: Grassy Surge|[of] p1a: Rillaboom\n|turn|3\n|\n|t:|1783817539\n|switch|p2a: Skarmory|Skarmory, F|100/100\n|-damage|p2a: Skarmory|88/100|[from] Stealth Rock\n|move|p1a: Rillaboom|U-turn|p2a: Skarmory\n|-resisted|p2a: Skarmory\n|-damage|p2a: Skarmory|85/100\n|-damage|p1a: Rillaboom|84/100|[from] item: Rocky Helmet|[of] p2a: Skarmory\n|\n|t:|1783817549\n|switch|p1a: Garchomp|Garchomp, M|100/100|[from] U-turn\n|\n|-weather|SunnyDay|[upkeep]\n|upkeep\n|turn|4\n|\n|t:|1783817556\n|move|p1a: Garchomp|Fire Blast|p2a: Skarmory\n|-supereffective|p2a: Skarmory\n|-damage|p2a: Skarmory|0 fnt\n|faint|p2a: Skarmory\n|\n|-weather|SunnyDay|[upkeep]\n|upkeep\n|\n|t:|1783817564\n|switch|p2a: Walking Wake|Walking Wake|100/100\n|-damage|p2a: Walking Wake|88/100|[from] Stealth Rock\n|-activate|p2a: Walking Wake|ability: Protosynthesis\n|-start|p2a: Walking Wake|protosynthesisspa\n|turn|5\n|\n|t:|1783817571\n|switch|p1a: Rillaboom|Rillaboom, M|84/100\n|-terastallize|p2a: Walking Wake|Fire\n|move|p2a: Walking Wake|Draco Meteor|p1a: Rillaboom\n|-damage|p1a: Rillaboom|4/100\n|-unboost|p2a: Walking Wake|spa|2\n|-enditem|p2a: Walking Wake|White Herb\n|-clearnegativeboost|p2a: Walking Wake|[silent]\n|\n|-weather|SunnyDay|[upkeep]\n|-heal|p2a: Walking Wake|94/100|[from] Grassy Terrain\n|-heal|p1a: Rillaboom|10/100|[from] Grassy Terrain\n|upkeep\n|turn|6\n|\n|t:|1783817580\n|switch|p1a: Gholdengo|Gholdengo|100/100\n|move|p2a: Walking Wake|Agility|p2a: Walking Wake\n|-boost|p2a: Walking Wake|spe|2\n|\n|-weather|SunnyDay|[upkeep]\n|-heal|p2a: Walking Wake|100/100|[from] Grassy Terrain\n|upkeep\n|turn|7\n|\n|t:|1783817593\n|move|p2a: Walking Wake|Flamethrower|p1a: Gholdengo\n|-supereffective|p1a: Gholdengo\n|-damage|p1a: Gholdengo|0 fnt\n|faint|p1a: Gholdengo\n|\n|-weather|SunnyDay|[upkeep]\n|-fieldend|move: Grassy Terrain\n|upkeep\n|\n|t:|1783817602\n|switch|p1a: Rillaboom|Rillaboom, M|10/100\n|-fieldstart|move: Grassy Terrain|[from] ability: Grassy Surge|[of] p1a: Rillaboom\n|turn|8\n|\n|t:|1783817612\n|move|p1a: Rillaboom|Grassy Glide|p2a: Walking Wake\n|-resisted|p2a: Walking Wake\n|-damage|p2a: Walking Wake|78/100\n|move|p2a: Walking Wake|Flamethrower|p1a: Rillaboom\n|-supereffective|p1a: Rillaboom\n|-damage|p1a: Rillaboom|0 fnt\n|faint|p1a: Rillaboom\n|\n|-weather|none\n|-end|p2a: Walking Wake|Protosynthesis\n|-heal|p2a: Walking Wake|84/100|[from] Grassy Terrain\n|upkeep\n|\n|t:|1783817632\n|switch|p1a: Garchomp|Garchomp, M|100/100\n|turn|9\n|\n|t:|1783817635\n|move|p2a: Walking Wake|Draco Meteor|p1a: Garchomp\n|-supereffective|p1a: Garchomp\n|-damage|p1a: Garchomp|0 fnt\n|-unboost|p2a: Walking Wake|spa|2\n|faint|p1a: Garchomp\n|\n|-heal|p2a: Walking Wake|90/100|[from] Grassy Terrain\n|upkeep\n|inactive|Pig Perfect has 120 seconds left.\n|\n|t:|1783817666\n|switch|p1a: Hawlucha|Hawlucha, F|100/100\n|-enditem|p1a: Hawlucha|Grassy Seed\n|-boost|p1a: Hawlucha|def|1|[from] item: Grassy Seed\n|turn|10\n|inactive|Pig Perfect has 120 seconds left.\n|\n|t:|1783817675\n|-end|p2a: Walking Wake|Protosynthesis|[silent]\n|switch|p2a: Torkoal|Torkoal, F, shiny|100/100\n|-damage|p2a: Torkoal|76/100|[from] Stealth Rock\n|-weather|SunnyDay|[from] ability: Drought|[of] p2a: Torkoal\n|move|p1a: Hawlucha|Swords Dance|p1a: Hawlucha\n|-boost|p1a: Hawlucha|atk|2\n|\n|-weather|SunnyDay|[upkeep]\n|-heal|p2a: Torkoal|82/100|[from] Grassy Terrain\n|upkeep\n|turn|11\n|\n|t:|1783817686\n|move|p1a: Hawlucha|Acrobatics|p2a: Torkoal\n|-damage|p2a: Torkoal|6/100\n|move|p2a: Torkoal|Weather Ball|p1a: Hawlucha\n|-damage|p1a: Hawlucha|5/100\n|\n|-weather|SunnyDay|[upkeep]\n|-heal|p2a: Torkoal|12/100|[from] Grassy Terrain\n|upkeep\n|turn|12\n|\n|t:|1783817699\n|move|p1a: Hawlucha|Acrobatics|p2a: Torkoal\n|-damage|p2a: Torkoal|0 fnt\n|faint|p2a: Torkoal\n|\n|-weather|SunnyDay|[upkeep]\n|-fieldend|move: Grassy Terrain\n|upkeep\n|\n|t:|1783817703\n|switch|p2a: Mimikyu|Mimikyu, M, shiny|100/100\n|-damage|p2a: Mimikyu|88/100|[from] Stealth Rock\n|turn|13\n|\n|t:|1783817710\n|move|p1a: Hawlucha|Acrobatics|p2a: Mimikyu\n|-activate|p2a: Mimikyu|ability: Disguise\n|-damage|p2a: Mimikyu|88/100\n|detailschange|p2a: Mimikyu|Mimikyu-Busted, M, shiny\n|-damage|p2a: Mimikyu|76/100|[from] pokemon: Mimikyu-Busted\n|move|p2a: Mimikyu|Swords Dance|p2a: Mimikyu\n|-boost|p2a: Mimikyu|atk|2\n|\n|-weather|SunnyDay|[upkeep]\n|upkeep\n|turn|14\n|\n|t:|1783817717\n|move|p2a: Mimikyu|Shadow Sneak|p1a: Hawlucha\n|-damage|p1a: Hawlucha|0 fnt\n|faint|p1a: Hawlucha\n|\n|-weather|SunnyDay|[upkeep]\n|upkeep\n|\n|t:|1783817720\n|switch|p1a: Deoxys|Deoxys-Speed|100/100\n|-ability|p1a: Deoxys|Pressure\n|turn|15\n|\n|t:|1783817739\n|-terastallize|p1a: Deoxys|Electric\n|move|p2a: Mimikyu|Shadow Sneak|p1a: Deoxys\n|-crit|p1a: Deoxys\n|-damage|p1a: Deoxys|31/100\n|move|p1a: Deoxys|Nasty Plot|p1a: Deoxys\n|-boost|p1a: Deoxys|spa|2\n|\n|-weather|SunnyDay|[upkeep]\n|upkeep\n|turn|16\n|\n|t:|1783817746\n|move|p2a: Mimikyu|Shadow Sneak|p1a: Deoxys\n|-damage|p1a: Deoxys|0 fnt\n|faint|p1a: Deoxys\n|\n|win|sandorivera22\n|raw|Pig Perfect's rating: 1377 &rarr; <strong>1352</strong><br />(-25 for losing)\n|raw|sandorivera22's rating: 1287 &rarr; <strong>1318</strong><br />(+31 for winning)\n|l|☆Pig Perfect\n|player|p1|\n|c|☆sandorivera22|gg\n|l|☆sandorivera22\n|player|p2|\n", "uploadtime": 1783818126, "views": 3, "formatid": "gen9ou", "rating": 1318, "private": 0, "password": null}