{"id": "gen9ou-2647835199", "format": "[Gen 9] OU", "players": ["bxhjs", "lucasnekkj"], "log": "|j|☆bxhjs\n|j|☆lucasnekkj\n|t:|1783821023\n|gametype|singles\n|player|p1|bxhjs|giovanni|1171\n|player|p2|lucasnekkj|cynthia|1160\n|gen|9\n|tier|[Gen 9] OU\n|rated|\n|rule|HP Percentage Mod: HP is shown in percentages\n|rule|Endless Battle Clause: Forcing endless battles is banned\n|rule|Species Clause: Limit one of each Pokémon\n|rule|OHKO Clause: OHKO moves are banned\n|rule|Evasion Items Clause: Evasion items are banned\n|rule|Evasion Moves Clause: Evasion moves are banned\n|rule|Evasion Abilities Clause: Evasion abilities are banned\n|rule|Sleep Moves Clause: Sleep-inducing moves are banned\n|clearpoke\n|poke|p1|Alomomola, F|\n|poke|p1|Ting-Lu|\n|poke|p1|Skeledirge, M|\n|poke|p1|Kyurem|\n|poke|p1|Raging Bolt|\n|poke|p1|Corviknight, F|\n|poke|p2|Araquanid, F|\n|poke|p2|Oricorio-Pom-Pom, M|\n|poke|p2|Clawitzer, M|\n|poke|p2|Mudsdale, F|\n|poke|p2|Toxtricity, M|\n|poke|p2|Mismagius, F|\n|teampreview\n|inactive|Battle timer is ON: inactive players will automatically lose when time's up. (requested by bxhjs)\n|inactive|lucasnekkj has 120 seconds left.\n|inactive|lucasnekkj has 90 seconds left.\n|\n|t:|1783821092\n|teamsize|p1|6\n|teamsize|p2|6\n|start\n|switch|p1a: Kyurem|Kyurem|100/100\n|switch|p2a: Araquanid|Araquanid, F|100/100\n|-ability|p1a: Kyurem|Pressure\n|turn|1\n|\n|t:|1783821101\n|move|p1a: Kyurem|Dragon Dance|p1a: Kyurem\n|-boost|p1a: Kyurem|atk|1\n|-boost|p1a: Kyurem|spe|1\n|move|p2a: Araquanid|Sticky Web|p1a: Kyurem\n|-sidestart|p1: bxhjs|move: Sticky Web\n|\n|upkeep\n|turn|2\n|inactive|lucasnekkj has 120 seconds left.\n|\n|t:|1783821153\n|move|p1a: Kyurem|Freeze-Dry|p2a: Araquanid\n|-supereffective|p2a: Araquanid\n|-damage|p2a: Araquanid|53/100\n|move|p2a: Araquanid|Mirror Coat|p1a: Kyurem\n|-damage|p1a: Kyurem|18/100\n|\n|upkeep\n|turn|3\n|inactive|bxhjs has 120 seconds left.\n|inactive|bxhjs has 90 seconds left.\n|\n|t:|1783821220\n|switch|p1a: Corviknight|Corviknight, F|100/100\n|-ability|p1a: Corviknight|Pressure\n|move|p2a: Araquanid|Leech Life|p1a: Corviknight\n|-resisted|p1a: Corviknight\n|-damage|p1a: Corviknight|96/100\n|-heal|p2a: Araquanid|56/100|[from] drain|[of] p1a: Corviknight\n|-damage|p2a: Araquanid|39/100|[from] item: Rocky Helmet|[of] p1a: Corviknight\n|\n|upkeep\n|turn|4\n|inactive|bxhjs has 90 seconds left.\n|inactive|lucasnekkj has 90 seconds left.\n|\n|t:|1783821257\n|move|p1a: Corviknight|Defog|p2a: Araquanid\n|-unboost|p2a: Araquanid|evasion|1\n|-sideend|p1: bxhjs|Sticky Web|[from] move: Defog|[of] p1a: Corviknight\n|move|p2a: Araquanid|Liquidation|p1a: Corviknight\n|-damage|p1a: Corviknight|60/100\n|-unboost|p1a: Corviknight|def|1\n|-damage|p2a: Araquanid|23/100|[from] item: Rocky Helmet|[of] p1a: Corviknight\n|\n|upkeep\n|turn|5\n|inactive|bxhjs has 90 seconds left.\n|\n|t:|1783821274\n|switch|p1a: Raging Bolt|Raging Bolt|100/100\n|-enditem|p1a: Raging Bolt|Booster Energy\n|-activate|p1a: Raging Bolt|ability: Protosynthesis|[fromitem]\n|-start|p1a: Raging Bolt|protosynthesisspa\n|move|p2a: Araquanid|Sticky Web|p1a: Raging Bolt\n|-sidestart|p1: bxhjs|move: Sticky Web\n|\n|upkeep\n|turn|6\n|\n|t:|1783821283\n|move|p1a: Raging Bolt|Thunderclap|p2a: Araquanid\n|-supereffective|p2a: Araquanid\n|-damage|p2a: Araquanid|0 fnt\n|faint|p2a: Araquanid\n|\n|upkeep\n|inactive|lucasnekkj has 90 seconds left.\n|\n|t:|1783821289\n|switch|p2a: Mudsdale|Mudsdale, F|100/100\n|turn|7\n|inactive|lucasnekkj has 90 seconds left.\n|\n|t:|1783821300\n|-end|p1a: Raging Bolt|Protosynthesis|[silent]\n|switch|p1a: Ting-Lu|Ting-Lu, shiny|100/100\n|-activate|p1a: Ting-Lu|move: Sticky Web\n|-unboost|p1a: Ting-Lu|spe|1\n|-ability|p1a: Ting-Lu|Vessel of Ruin\n|move|p2a: Mudsdale|Stealth Rock|p1a: Ting-Lu\n|-sidestart|p1: bxhjs|move: Stealth Rock\n|\n|upkeep\n|turn|8\n|inactive|bxhjs has 90 seconds left.\n|\n|t:|1783821325\n|move|p2a: Mudsdale|Body Press|p1a: Ting-Lu\n|-supereffective|p1a: Ting-Lu\n|-damage|p1a: Ting-Lu|73/100\n|move|p1a: Ting-Lu|Stealth Rock|p2a: Mudsdale\n|-sidestart|p2: lucasnekkj|move: Stealth Rock\n|\n|-heal|p1a: Ting-Lu|79/100|[from] item: Leftovers\n|upkeep\n|turn|9\n|inactive|bxhjs has 90 seconds left.\n|\n|t:|1783821358\n|switch|p2a: Clawitzer|Clawitzer, M|100/100\n|-damage|p2a: Clawitzer|88/100|[from] Stealth Rock\n|move|p1a: Ting-Lu|Whirlwind|p2a: Clawitzer\n|drag|p2a: Mudsdale|Mudsdale, F|100/100\n|-damage|p2a: Mudsdale|94/100|[from] Stealth Rock\n|\n|-heal|p2a: Mudsdale|100/100|[from] item: Leftovers\n|-heal|p1a: Ting-Lu|86/100|[from] item: Leftovers\n|upkeep\n|turn|10\n|\n|t:|1783821370\n|move|p2a: Mudsdale|Body Press|p1a: Ting-Lu\n|-supereffective|p1a: Ting-Lu\n|-damage|p1a: Ting-Lu|60/100\n|move|p1a: Ting-Lu|Whirlwind|p2a: Mudsdale\n|drag|p2a: Oricorio|Oricorio-Pom-Pom, M|100/100\n|\n|-heal|p1a: Ting-Lu|66/100|[from] item: Leftovers\n|upkeep\n|turn|11\n|inactive|lucasnekkj has 90 seconds left.\n|inactive|bxhjs has 60 seconds left.\n|\n|t:|1783821410\n|switch|p1a: Skeledirge|Skeledirge, M|100/100\n|move|p2a: Oricorio|Hurricane|p1a: Skeledirge|[miss]\n|-miss|p2a: Oricorio|p1a: Skeledirge\n|\n|upkeep\n|turn|12\n|inactive|lucasnekkj has 90 seconds left.\n|\n|t:|1783821446\n|move|p2a: Oricorio|Quiver Dance|p2a: Oricorio\n|-boost|p2a: Oricorio|spa|1\n|-boost|p2a: Oricorio|spd|1\n|-boost|p2a: Oricorio|spe|1\n|move|p1a: Skeledirge|Torch Song|p2a: Oricorio\n|-damage|p2a: Oricorio|52/100\n|-boost|p1a: Skeledirge|spa|1\n|\n|upkeep\n|turn|13\n|inactive|bxhjs has 60 seconds left.\n|\n|t:|1783821471\n|-terastallize|p2a: Oricorio|Electric\n|move|p2a: Oricorio|Revelation Dance|p1a: Skeledirge\n|-damage|p1a: Skeledirge|64/100\n|move|p1a: Skeledirge|Torch Song|p2a: Oricorio\n|-damage|p2a: Oricorio|0 fnt\n|-boost|p1a: Skeledirge|spa|1\n|faint|p2a: Oricorio\n|\n|upkeep\n|inactive|lucasnekkj has 60 seconds left.\n|inactive|lucasnekkj has 30 seconds left.\n|\n|t:|1783821512\n|switch|p2a: Clawitzer|Clawitzer, M|88/100\n|-damage|p2a: Clawitzer|76/100|[from] Stealth Rock\n|turn|14\n|inactive|bxhjs has 60 seconds left.\n|\n|t:|1783821529\n|move|p2a: Clawitzer|Water Pulse|p1a: Skeledirge\n|-supereffective|p1a: Skeledirge\n|-damage|p1a: Skeledirge|0 fnt\n|faint|p1a: Skeledirge\n|\n|upkeep\n|\n|t:|1783821533\n|switch|p1a: Corviknight|Corviknight, F|60/100\n|-damage|p1a: Corviknight|47/100|[from] Stealth Rock\n|-ability|p1a: Corviknight|Pressure\n|turn|15\n|\n|t:|1783821550\n|switch|p2a: Toxtricity|Toxtricity, M|100/100\n|-damage|p2a: Toxtricity|88/100|[from] Stealth Rock\n|move|p1a: Corviknight|Defog|p2a: Toxtricity\n|-unboost|p2a: Toxtricity|evasion|1\n|-sideend|p2: lucasnekkj|Stealth Rock|[from] move: Defog|[of] p1a: Corviknight\n|-sideend|p1: bxhjs|Stealth Rock|[from] move: Defog|[of] p1a: Corviknight\n|-sideend|p1: bxhjs|Sticky Web|[from] move: Defog|[of] p1a: Corviknight\n|\n|upkeep\n|turn|16\n|\n|t:|1783821565\n|switch|p1a: Ting-Lu|Ting-Lu, shiny|66/100\n|-ability|p1a: Ting-Lu|Vessel of Ruin\n|move|p2a: Toxtricity|Shift Gear|p2a: Toxtricity\n|-boost|p2a: Toxtricity|spe|2\n|-boost|p2a: Toxtricity|atk|1\n|\n|-heal|p1a: Ting-Lu|72/100|[from] item: Leftovers\n|upkeep\n|turn|17\n|\n|t:|1783821570\n|move|p2a: Toxtricity|Boomburst|p1a: Ting-Lu\n|-damage|p1a: Ting-Lu|48/100\n|-enditem|p2a: Toxtricity|Throat Spray\n|-boost|p2a: Toxtricity|spa|1|[from] item: Throat Spray\n|move|p1a: Ting-Lu|Stealth Rock|p2a: Toxtricity\n|-sidestart|p2: lucasnekkj|move: Stealth Rock\n|\n|-heal|p1a: Ting-Lu|55/100|[from] item: Leftovers\n|upkeep\n|turn|18\n|\n|t:|1783821575\n|move|p2a: Toxtricity|Boomburst|p1a: Ting-Lu\n|-damage|p1a: Ting-Lu|19/100\n|move|p1a: Ting-Lu|Earthquake|p2a: Toxtricity\n|-supereffective|p2a: Toxtricity\n|-damage|p2a: Toxtricity|0 fnt\n|faint|p2a: Toxtricity\n|\n|-heal|p1a: Ting-Lu|25/100|[from] item: Leftovers\n|upkeep\n|\n|t:|1783821580\n|switch|p2a: Mismagius|Mismagius, F|100/100\n|-damage|p2a: Mismagius|88/100|[from] Stealth Rock\n|turn|19\n|inactive|bxhjs has 90 seconds left.\n|inactive|bxhjs has 60 seconds left.\n|\n|t:|1783821633\n|move|p2a: Mismagius|Dazzling Gleam|p1a: Ting-Lu\n|-supereffective|p1a: Ting-Lu\n|-damage|p1a: Ting-Lu|0 fnt\n|faint|p1a: Ting-Lu\n|-damage|p2a: Mismagius|78/100|[from] item: Life Orb\n|\n|upkeep\n|\n|t:|1783821658\n|switch|p1a: Raging Bolt|Raging Bolt|100/100\n|turn|20\n|\n|t:|1783821667\n|move|p2a: Mismagius|Dazzling Gleam|p1a: Raging Bolt\n|-supereffective|p1a: Raging Bolt\n|-damage|p1a: Raging Bolt|41/100\n|-damage|p2a: Mismagius|68/100|[from] item: Life Orb\n|move|p1a: Raging Bolt|Calm Mind|p1a: Raging Bolt\n|-boost|p1a: Raging Bolt|spa|1\n|-boost|p1a: Raging Bolt|spd|1\n|\n|upkeep\n|turn|21\n|\n|t:|1783821688\n|move|p1a: Raging Bolt|Thunderclap|p2a: Mismagius\n|-damage|p2a: Mismagius|0 fnt\n|faint|p2a: Mismagius\n|\n|upkeep\n|inactive|lucasnekkj has 90 seconds left.\n|\n|t:|1783821695\n|switch|p2a: Mudsdale|Mudsdale, F|100/100\n|-damage|p2a: Mudsdale|94/100|[from] Stealth Rock\n|turn|22\n|\n|t:|1783821699\n|move|p1a: Raging Bolt|Dragon Pulse|p2a: Mudsdale\n|-damage|p2a: Mudsdale|22/100\n|-ability|p2a: Mudsdale|Stamina|boost\n|-boost|p2a: Mudsdale|def|1\n|move|p2a: Mudsdale|Earthquake|p1a: Raging Bolt\n|-supereffective|p1a: Raging Bolt\n|-damage|p1a: Raging Bolt|0 fnt\n|faint|p1a: Raging Bolt\n|-end|p1a: Raging Bolt|Protosynthesis|[silent]\n|\n|-heal|p2a: Mudsdale|28/100|[from] item: Leftovers\n|upkeep\n|\n|t:|1783821705\n|switch|p1a: Alomomola|Alomomola, F, shiny|100/100\n|turn|23\n|\n|t:|1783821711\n|move|p1a: Alomomola|Scald|p2a: Mudsdale\n|-supereffective|p2a: Mudsdale\n|-damage|p2a: Mudsdale|0 fnt\n|faint|p2a: Mudsdale\n|\n|upkeep\n|\n|t:|1783821716\n|switch|p2a: Clawitzer|Clawitzer, M|76/100\n|-damage|p2a: Clawitzer|63/100|[from] Stealth Rock\n|turn|24\n|inactive|lucasnekkj has 120 seconds left.\n|inactive|bxhjs has 60 seconds left.\n|\n|t:|1783821732\n|move|p2a: Clawitzer|Dark Pulse|p1a: Alomomola\n|-damage|p1a: Alomomola|28/100\n|cant|p1a: Alomomola|flinch\n|\n|upkeep\n|turn|25\n|\n|t:|1783821738\n|switch|p1a: Corviknight|Corviknight, F|47/100\n|-ability|p1a: Corviknight|Pressure\n|move|p2a: Clawitzer|Dark Pulse|p1a: Corviknight\n|-damage|p1a: Corviknight|0 fnt\n|faint|p1a: Corviknight\n|\n|upkeep\n|\n|t:|1783821741\n|switch|p1a: Kyurem|Kyurem|18/100\n|-ability|p1a: Kyurem|Pressure\n|turn|26\n|\n|t:|1783821749\n|move|p1a: Kyurem|Freeze-Dry|p2a: Clawitzer\n|-supereffective|p2a: Clawitzer\n|-damage|p2a: Clawitzer|0 fnt\n|faint|p2a: Clawitzer\n|\n|win|bxhjs\n|raw|bxhjs's rating: 1171 &rarr; <strong>1195</strong><br />(+24 for winning)\n|raw|lucasnekkj's rating: 1160 &rarr; <strong>1136</strong><br />(-24 for losing)\n|l|☆bxhjs\n|player|p1|\n|l|☆lucasnekkj\n|player|p2|\n", "uploadtime": 1783822072, "views": 2, "formatid": "gen9ou", "rating": 1136, "private": 0, "password": null}