{"id": "gen9ou-2647778994", "format": "[Gen 9] OU", "players": ["Ziiiiiii", "cjfrozen"], "log": "|j|☆Ziiiiiii\n|j|☆cjfrozen\n|t:|1783811122\n|gametype|singles\n|player|p1|Ziiiiiii|roxie|\n|player|p2|cjfrozen|cyrus-masters|\n|gen|9\n|tier|[Gen 9] OU\n|rule|HP Percentage Mod: HP is shown in percentages\n|rule|Endless Battle Clause: Forcing endless battles is banned\n|rule|Species Clause: Limit one of each Pokémon\n|rule|OHKO Clause: OHKO moves are banned\n|rule|Evasion Items Clause: Evasion items are banned\n|rule|Evasion Moves Clause: Evasion moves are banned\n|rule|Evasion Abilities Clause: Evasion abilities are banned\n|rule|Sleep Moves Clause: Sleep-inducing moves are banned\n|clearpoke\n|poke|p1|Mudsdale, M|\n|poke|p1|Cinderace, F|\n|poke|p1|Meloetta|\n|poke|p1|Uxie|\n|poke|p1|Breloom, F|\n|poke|p1|Mandibuzz, F|\n|poke|p2|Raging Bolt|\n|poke|p2|Deoxys-Defense|\n|poke|p2|Alomomola, F|\n|poke|p2|Ninetales, F|\n|poke|p2|Lilligant-Hisui, F|\n|poke|p2|Scovillain, M|\n|teampreview\n|j| Take Some Damage\n|j| SWSFlare\n|inactive|Battle timer is ON: inactive players will automatically lose when time's up. (requested by Ziiiiiii)\n|c|☆Ziiiiiii|glhf gang\n|\n|t:|1783811230\n|teamsize|p1|6\n|teamsize|p2|6\n|start\n|switch|p1a: Uxie|Uxie|100/100\n|switch|p2a: Deoxys|Deoxys-Defense|100/100\n|-ability|p2a: Deoxys|Pressure\n|turn|1\n|\n|t:|1783811237\n|move|p1a: Uxie|Stealth Rock|p2a: Deoxys\n|-sidestart|p2: cjfrozen|move: Stealth Rock\n|move|p2a: Deoxys|Light Screen|p2a: Deoxys\n|-sidestart|p2: cjfrozen|move: Light Screen\n|\n|upkeep\n|turn|2\n|j| RivalAngel\n|\n|t:|1783811240\n|move|p1a: Uxie|U-turn|p2a: Deoxys\n|-supereffective|p2a: Deoxys\n|-damage|p2a: Deoxys|85/100\n|\n|t:|1783811242\n|switch|p1a: Mandibuzz|Mandibuzz, F|100/100|[from] U-turn\n|move|p2a: Deoxys|Reflect|p2a: Deoxys\n|-sidestart|p2: cjfrozen|Reflect\n|\n|upkeep\n|turn|3\n|\n|t:|1783811266\n|switch|p2a: Raging Bolt|Raging Bolt|100/100\n|-damage|p2a: Raging Bolt|88/100|[from] Stealth Rock\n|move|p1a: Mandibuzz|Toxic|p2a: Raging Bolt\n|-status|p2a: Raging Bolt|tox\n|\n|-damage|p2a: Raging Bolt|82/100 tox|[from] psn\n|upkeep\n|turn|4\n|l| RivalAngel\n|\n|t:|1783811273\n|switch|p1a: Mudsdale|Mudsdale, M|100/100\n|move|p2a: Raging Bolt|Draco Meteor|p1a: Mudsdale\n|-damage|p1a: Mudsdale|70/100\n|-unboost|p2a: Raging Bolt|spa|2\n|-ability|p1a: Mudsdale|Stamina|boost\n|-boost|p1a: Mudsdale|def|1\n|\n|-damage|p2a: Raging Bolt|70/100 tox|[from] psn\n|upkeep\n|turn|5\n|j| RivalAngel\n|\n|t:|1783811281\n|-end|p2a: Raging Bolt|Protosynthesis|[silent]\n|switch|p2a: Alomomola|Alomomola, F|100/100\n|-damage|p2a: Alomomola|88/100|[from] Stealth Rock\n|move|p1a: Mudsdale|Earthquake|p2a: Alomomola\n|-damage|p2a: Alomomola|77/100\n|-enditem|p2a: Alomomola|Eject Button\n|\n|t:|1783811284\n|switch|p2a: Ninetales|Ninetales, F|100/100\n|-damage|p2a: Ninetales|75/100|[from] Stealth Rock\n|-weather|SunnyDay|[from] ability: Drought|[of] p2a: Ninetales\n|\n|-weather|SunnyDay|[upkeep]\n|upkeep\n|turn|6\n|\n|t:|1783811308\n|switch|p1a: Cinderace|Cinderace, F|100/100\n|-terastallize|p2a: Ninetales|Grass\n|move|p2a: Ninetales|Solar Beam||[still]\n|-prepare|p2a: Ninetales|Solar Beam\n|-anim|p2a: Ninetales|Solar Beam|p1a: Cinderace\n|-resisted|p1a: Cinderace\n|-damage|p1a: Cinderace|68/100\n|\n|-weather|SunnyDay|[upkeep]\n|upkeep\n|turn|7\n|\n|t:|1783811318\n|switch|p2a: Alomomola|Alomomola, F|100/100\n|-damage|p2a: Alomomola|88/100|[from] Stealth Rock\n|move|p1a: Cinderace|Pyro Ball|p2a: Alomomola\n|-resisted|p2a: Alomomola\n|-damage|p2a: Alomomola|76/100\n|\n|-weather|SunnyDay|[upkeep]\n|upkeep\n|turn|8\n|inactive|Ziiiiiii has 270 seconds left.\n|\n|t:|1783811355\n|move|p1a: Cinderace|U-turn|p2a: Alomomola\n|-start|p1a: Cinderace|typechange|Bug|[from] ability: Libero\n|-damage|p2a: Alomomola|68/100\n|\n|t:|1783811358\n|switch|p1a: Uxie|Uxie|100/100|[from] U-turn\n|move|p2a: Alomomola|Acrobatics|p1a: Uxie\n|-damage|p1a: Uxie|89/100\n|-damage|p2a: Alomomola|51/100|[from] item: Rocky Helmet|[of] p1a: Uxie\n|\n|-weather|SunnyDay|[upkeep]\n|-sideend|p2: cjfrozen|move: Light Screen\n|upkeep\n|turn|9\n|inactive|Ziiiiiii has 270 seconds left.\n|\n|t:|1783811371\n|move|p1a: Uxie|Thunder Wave|p2a: Alomomola\n|-status|p2a: Alomomola|par\n|move|p2a: Alomomola|Flip Turn|p1a: Uxie\n|-damage|p1a: Uxie|84/100\n|-damage|p2a: Alomomola|34/100 par|[from] item: Rocky Helmet|[of] p1a: Uxie\n|\n|t:|1783811384\n|switch|p2a: Scovillain|Scovillain, M|100/100|[from] Flip Turn\n|\n|-weather|SunnyDay|[upkeep]\n|-sideend|p2: cjfrozen|Reflect\n|upkeep\n|turn|10\n|\n|t:|1783811388\n|move|p2a: Scovillain|Leech Seed|p1a: Uxie|[miss]\n|-miss|p2a: Scovillain|p1a: Uxie\n|move|p1a: Uxie|Thunder Wave|p2a: Scovillain\n|-status|p2a: Scovillain|par\n|\n|-weather|SunnyDay|[upkeep]\n|upkeep\n|turn|11\n|\n|t:|1783811391\n|move|p2a: Scovillain|Leech Seed|p1a: Uxie\n|-start|p1a: Uxie|move: Leech Seed\n|move|p1a: Uxie|U-turn|p2a: Scovillain\n|-damage|p2a: Scovillain|80/100 par\n|inactive|Ziiiiiii has 270 seconds left.\n|\n|t:|1783811436\n|switch|p1a: Cinderace|Cinderace, F|68/100|[from] U-turn\n|\n|-weather|SunnyDay|[upkeep]\n|upkeep\n|turn|12\n|\n|t:|1783811449\n|switch|p1a: Mandibuzz|Mandibuzz, F|100/100\n|switch|p2a: Alomomola|Alomomola, F|68/100 par\n|-damage|p2a: Alomomola|55/100 par|[from] Stealth Rock\n|\n|-weather|none\n|upkeep\n|turn|13\n|inactive|Ziiiiiii has 270 seconds left.\n|\n|t:|1783811461\n|switch|p1a: Uxie|Uxie|84/100\n|move|p2a: Alomomola|Flip Turn|p1a: Uxie\n|-damage|p1a: Uxie|75/100\n|-damage|p2a: Alomomola|39/100 par|[from] item: Rocky Helmet|[of] p1a: Uxie\n|\n|t:|1783811475\n|switch|p2a: Ninetales|Ninetales, F, tera:Grass|75/100|[from] Flip Turn\n|-damage|p2a: Ninetales|63/100|[from] Stealth Rock\n|-weather|SunnyDay|[from] ability: Drought|[of] p2a: Ninetales\n|\n|-weather|SunnyDay|[upkeep]\n|upkeep\n|turn|14\n|\n|t:|1783811482\n|switch|p2a: Raging Bolt|Raging Bolt|70/100 tox\n|-damage|p2a: Raging Bolt|58/100 tox|[from] Stealth Rock\n|-activate|p2a: Raging Bolt|ability: Protosynthesis\n|-start|p2a: Raging Bolt|protosynthesisspa\n|move|p1a: Uxie|U-turn|p2a: Raging Bolt\n|-damage|p2a: Raging Bolt|46/100 tox\n|\n|t:|1783811489\n|switch|p1a: Mudsdale|Mudsdale, M|70/100|[from] U-turn\n|\n|-weather|SunnyDay|[upkeep]\n|-damage|p2a: Raging Bolt|40/100 tox|[from] psn\n|upkeep\n|turn|15\n|\n|t:|1783811510\n|move|p2a: Raging Bolt|Draco Meteor|p1a: Mudsdale\n|-crit|p1a: Mudsdale\n|-damage|p1a: Mudsdale|14/100\n|-unboost|p2a: Raging Bolt|spa|2\n|-ability|p1a: Mudsdale|Stamina|boost\n|-boost|p1a: Mudsdale|def|1\n|move|p1a: Mudsdale|Earthquake|p2a: Raging Bolt\n|-supereffective|p2a: Raging Bolt\n|-damage|p2a: Raging Bolt|0 fnt\n|faint|p2a: Raging Bolt\n|-end|p2a: Raging Bolt|Protosynthesis|[silent]\n|\n|-weather|SunnyDay|[upkeep]\n|upkeep\n|\n|t:|1783811519\n|switch|p2a: Lilligant|Lilligant-Hisui, F|100/100\n|-damage|p2a: Lilligant|94/100|[from] Stealth Rock\n|turn|16\n|\n|t:|1783811539\n|move|p2a: Lilligant|Victory Dance|p2a: Lilligant\n|-boost|p2a: Lilligant|atk|1\n|-boost|p2a: Lilligant|def|1\n|-boost|p2a: Lilligant|spe|1\n|move|p1a: Mudsdale|Endeavor|p2a: Lilligant\n|-damage|p2a: Lilligant|20/100\n|\n|-weather|SunnyDay|[upkeep]\n|upkeep\n|turn|17\n|\n|t:|1783811548\n|move|p2a: Lilligant|Leaf Blade|p1a: Mudsdale\n|-supereffective|p1a: Mudsdale\n|-damage|p1a: Mudsdale|0 fnt\n|faint|p1a: Mudsdale\n|\n|-weather|SunnyDay|[upkeep]\n|upkeep\n|\n|t:|1783811560\n|switch|p1a: Uxie|Uxie|75/100\n|turn|18\n|j| cherrymancake\n|\n|t:|1783811575\n|move|p2a: Lilligant|Leaf Blade|p1a: Uxie\n|-damage|p1a: Uxie|39/100\n|-damage|p2a: Lilligant|4/100|[from] item: Rocky Helmet|[of] p1a: Uxie\n|move|p1a: Uxie|Psychic Noise|p2a: Lilligant\n|-supereffective|p2a: Lilligant\n|-damage|p2a: Lilligant|0 fnt\n|faint|p2a: Lilligant\n|\n|-weather|SunnyDay|[upkeep]\n|upkeep\n|\n|t:|1783811592\n|switch|p2a: Ninetales|Ninetales, F, tera:Grass|63/100\n|-damage|p2a: Ninetales|50/100|[from] Stealth Rock\n|turn|19\n|\n|t:|1783811599\n|move|p2a: Ninetales|Weather Ball|p1a: Uxie\n|-damage|p1a: Uxie|0 fnt\n|faint|p1a: Uxie\n|\n|-weather|SunnyDay|[upkeep]\n|upkeep\n|\n|t:|1783811609\n|switch|p1a: Cinderace|Cinderace, F|68/100\n|turn|20\n|\n|t:|1783811614\n|switch|p2a: Alomomola|Alomomola, F|72/100 par\n|-damage|p2a: Alomomola|59/100 par|[from] Stealth Rock\n|move|p1a: Cinderace|Pyro Ball|p2a: Alomomola\n|-resisted|p2a: Alomomola\n|-damage|p2a: Alomomola|35/100 par\n|\n|-weather|none\n|upkeep\n|turn|21\n|\n|t:|1783811627\n|move|p1a: Cinderace|Gunk Shot|p2a: Alomomola\n|-start|p1a: Cinderace|typechange|Poison|[from] ability: Libero\n|-damage|p2a: Alomomola|6/100 par\n|cant|p2a: Alomomola|par\n|\n|upkeep\n|turn|22\n|\n|t:|1783811634\n|switch|p2a: Deoxys|Deoxys-Defense|85/100\n|-damage|p2a: Deoxys|73/100|[from] Stealth Rock\n|-ability|p2a: Deoxys|Pressure\n|move|p1a: Cinderace|U-turn|p2a: Deoxys\n|-supereffective|p2a: Deoxys\n|-damage|p2a: Deoxys|40/100\n|\n|t:|1783811648\n|switch|p1a: Meloetta|Meloetta|100/100|[from] U-turn\n|\n|upkeep\n|turn|23\n|\n|t:|1783811652\n|move|p1a: Meloetta|Knock Off|p2a: Deoxys\n|-supereffective|p2a: Deoxys\n|-damage|p2a: Deoxys|19/100\n|-enditem|p2a: Deoxys|Light Clay|[from] move: Knock Off|[of] p1a: Meloetta\n|move|p2a: Deoxys|Light Screen|p2a: Deoxys\n|-sidestart|p2: cjfrozen|move: Light Screen\n|\n|upkeep\n|turn|24\n|\n|t:|1783811664\n|switch|p2a: Ninetales|Ninetales, F, tera:Grass|50/100\n|-damage|p2a: Ninetales|38/100|[from] Stealth Rock\n|-weather|SunnyDay|[from] ability: Drought|[of] p2a: Ninetales\n|move|p1a: Meloetta|U-turn|p2a: Ninetales\n|-supereffective|p2a: Ninetales\n|-damage|p2a: Ninetales|0 fnt\n|faint|p2a: Ninetales\n|\n|t:|1783811686\n|switch|p1a: Cinderace|Cinderace, F|68/100|[from] U-turn\n|\n|-weather|SunnyDay|[upkeep]\n|upkeep\n|\n|t:|1783811694\n|switch|p2a: Alomomola|Alomomola, F|39/100 par\n|-damage|p2a: Alomomola|27/100 par|[from] Stealth Rock\n|turn|25\n|\n|t:|1783811703\n|move|p1a: Cinderace|Pyro Ball|p2a: Alomomola\n|-resisted|p2a: Alomomola\n|-damage|p2a: Alomomola|2/100 par\n|cant|p2a: Alomomola|par\n|\n|-weather|SunnyDay|[upkeep]\n|upkeep\n|turn|26\n|\n|t:|1783811708\n|move|p1a: Cinderace|Pyro Ball|p2a: Alomomola\n|-resisted|p2a: Alomomola\n|-damage|p2a: Alomomola|0 fnt\n|faint|p2a: Alomomola\n|\n|-weather|SunnyDay|[upkeep]\n|upkeep\n|\n|t:|1783811711\n|switch|p2a: Scovillain|Scovillain, M|80/100 par\n|turn|27\n|\n|t:|1783811717\n|move|p1a: Cinderace|Pyro Ball|p2a: Scovillain\n|-damage|p2a: Scovillain|0 fnt\n|faint|p2a: Scovillain\n|\n|-weather|SunnyDay|[upkeep]\n|-sideend|p2: cjfrozen|move: Light Screen\n|upkeep\n|\n|t:|1783811719\n|switch|p2a: Deoxys|Deoxys-Defense|19/100\n|-damage|p2a: Deoxys|7/100|[from] Stealth Rock\n|-ability|p2a: Deoxys|Pressure\n|turn|28\n|\n|t:|1783811721\n|move|p1a: Cinderace|U-turn|p2a: Deoxys\n|-start|p1a: Cinderace|typechange|Bug|[from] ability: Libero\n|-supereffective|p2a: Deoxys\n|-damage|p2a: Deoxys|0 fnt\n|faint|p2a: Deoxys\n|\n|win|Ziiiiiii\n|c|☆cjfrozen|any swaps?\n|l| RivalAngel\n|c|☆Ziiiiiii|one sec pls\n|l| SWSFlare\n|j| SWSFlare\n", "uploadtime": 1783811803, "views": 26, "formatid": "gen9ou", "rating": null, "private": 0, "password": null}