{"id": "gen9ou-2647777056", "format": "[Gen 9] OU", "players": ["griller17", "OUBotBeepBoop"], "log": "|j|☆griller17\n|j|☆OUBotBeepBoop\n|t:|1783810796\n|gametype|singles\n|player|p1|griller17|101|1071\n|player|p2|OUBotBeepBoop|102|1124\n|gen|9\n|tier|[Gen 9] OU\n|rated|\n|rule|HP Percentage Mod: HP is shown in percentages\n|rule|Endless Battle Clause: Forcing endless battles is banned\n|rule|Species Clause: Limit one of each Pokémon\n|rule|OHKO Clause: OHKO moves are banned\n|rule|Evasion Items Clause: Evasion items are banned\n|rule|Evasion Moves Clause: Evasion moves are banned\n|rule|Evasion Abilities Clause: Evasion abilities are banned\n|rule|Sleep Moves Clause: Sleep-inducing moves are banned\n|clearpoke\n|poke|p1|Espeon, M|\n|poke|p1|Chansey, F|\n|poke|p1|Talonflame, F|\n|poke|p1|Ambipom, M|\n|poke|p1|Altaria, F|\n|poke|p1|Glimmora, F|\n|poke|p2|Glimmora, F|\n|poke|p2|Great Tusk|\n|poke|p2|Kingambit, M|\n|poke|p2|Dragapult, M|\n|poke|p2|Clefable, M|\n|poke|p2|Corviknight, F|\n|teampreview\n|inactive|Battle timer is ON: inactive players will automatically lose when time's up. (requested by OUBotBeepBoop)\n|\n|t:|1783810805\n|teamsize|p1|6\n|teamsize|p2|6\n|start\n|switch|p1a: Talonflame|Talonflame, F|100/100\n|switch|p2a: Glimmora|Glimmora, F|100/100\n|turn|1\n|\n|t:|1783810815\n|move|p1a: Talonflame|Steel Wing|p2a: Glimmora\n|-supereffective|p2a: Glimmora\n|-damage|p2a: Glimmora|56/100\n|-activate|p2a: Glimmora|ability: Toxic Debris\n|-sidestart|p1: griller17|move: Toxic Spikes\n|move|p2a: Glimmora|Power Gem|p1a: Talonflame\n|-supereffective|p1a: Talonflame\n|-damage|p1a: Talonflame|0 fnt\n|faint|p1a: Talonflame\n|\n|upkeep\n|\n|t:|1783810830\n|switch|p1a: Altaria|Altaria, F|100/100\n|turn|2\n|\n|t:|1783810840\n|move|p2a: Glimmora|Power Gem|p1a: Altaria\n|-supereffective|p1a: Altaria\n|-crit|p1a: Altaria\n|-damage|p1a: Altaria|0 fnt\n|faint|p1a: Altaria\n|\n|upkeep\n|\n|t:|1783810851\n|switch|p1a: Glimmora|Glimmora, F|100/100\n|-sideend|p1: griller17|move: Toxic Spikes|[of] p1a: Glimmora\n|turn|3\n|\n|t:|1783810856\n|move|p2a: Glimmora|Earth Power|p1a: Glimmora\n|-supereffective|p1a: Glimmora\n|-damage|p1a: Glimmora|0 fnt\n|faint|p1a: Glimmora\n|\n|upkeep\n|\n|t:|1783810866\n|switch|p1a: Espeon|Espeon, M|100/100\n|turn|4\n|\n|t:|1783810873\n|move|p1a: Espeon|Psychic|p2a: Glimmora\n|-supereffective|p2a: Glimmora\n|-damage|p2a: Glimmora|0 fnt\n|faint|p2a: Glimmora\n|-damage|p1a: Espeon|91/100|[from] item: Life Orb\n|\n|upkeep\n|\n|t:|1783810873\n|switch|p2a: Kingambit|Kingambit, M|100/100\n|-activate|p2a: Kingambit|ability: Supreme Overlord\n|-start|p2a: Kingambit|fallen1|[silent]\n|turn|5\n|inactive|griller17 has 120 seconds left.\n|\n|t:|1783810902\n|move|p1a: Espeon|Calm Mind|p1a: Espeon\n|-boost|p1a: Espeon|spa|1\n|-boost|p1a: Espeon|spd|1\n|move|p2a: Kingambit|Kowtow Cleave|p1a: Espeon\n|-supereffective|p1a: Espeon\n|-damage|p1a: Espeon|0 fnt\n|faint|p1a: Espeon\n|\n|upkeep\n|inactive|griller17 has 120 seconds left.\n|\n|t:|1783810911\n|switch|p1a: Chansey|Chansey, F|100/100\n|turn|6\n|\n|t:|1783810918\n|move|p1a: Chansey|Seismic Toss|p2a: Kingambit\n|-damage|p2a: Kingambit|76/100\n|-damage|p1a: Chansey|91/100|[from] item: Life Orb\n|move|p2a: Kingambit|Kowtow Cleave|p1a: Chansey\n|-damage|p1a: Chansey|15/100\n|\n|upkeep\n|turn|7\n|\n|t:|1783810929\n|move|p1a: Chansey|Sweet Kiss|p2a: Kingambit\n|-start|p2a: Kingambit|confusion\n|-activate|p2a: Kingambit|confusion\n|move|p2a: Kingambit|Kowtow Cleave|p1a: Chansey\n|-damage|p1a: Chansey|0 fnt\n|faint|p1a: Chansey\n|\n|upkeep\n|inactive|griller17 has 120 seconds left.\n|\n|t:|1783810941\n|switch|p1a: Ambipom|Ambipom, M|100/100\n|turn|8\n|\n|t:|1783810948\n|-terastallize|p2a: Kingambit|Dark\n|move|p1a: Ambipom|Fake Out|p2a: Kingambit\n|-crit|p2a: Kingambit\n|-damage|p2a: Kingambit|45/100\n|cant|p2a: Kingambit|flinch\n|\n|upkeep\n|turn|9\n|\n|t:|1783810959\n|move|p1a: Ambipom|U-turn|p2a: Kingambit\n|-supereffective|p2a: Kingambit\n|-damage|p2a: Kingambit|18/100\n|-activate|p2a: Kingambit|confusion\n|-damage|p2a: Kingambit|6/100|[from] confusion\n|\n|upkeep\n|turn|10\n|\n|t:|1783810967\n|-end|p2a: Kingambit|fallen1|[silent]\n|switch|p2a: Dragapult|Dragapult, M|100/100\n|move|p1a: Ambipom|U-turn|p2a: Dragapult\n|-resisted|p2a: Dragapult\n|-damage|p2a: Dragapult|87/100\n|\n|upkeep\n|turn|11\n|\n|t:|1783810976\n|move|p2a: Dragapult|Draco Meteor|p1a: Ambipom\n|-enditem|p1a: Ambipom|Focus Sash\n|-damage|p1a: Ambipom|1/100\n|-unboost|p2a: Dragapult|spa|2\n|move|p1a: Ambipom|Sand Attack|p2a: Dragapult\n|-unboost|p2a: Dragapult|accuracy|1\n|\n|upkeep\n|turn|12\n|\n|t:|1783810996\n|move|p2a: Dragapult|Draco Meteor|p1a: Ambipom|[miss]\n|-miss|p2a: Dragapult|p1a: Ambipom\n|move|p1a: Ambipom|Thunder Wave|p2a: Dragapult\n|-status|p2a: Dragapult|par\n|\n|upkeep\n|turn|13\n|\n|t:|1783811004\n|move|p1a: Ambipom|Sand Attack|p2a: Dragapult\n|-unboost|p2a: Dragapult|accuracy|1\n|cant|p2a: Dragapult|par\n|\n|upkeep\n|turn|14\n|\n|t:|1783811010\n|move|p1a: Ambipom|U-turn|p2a: Dragapult\n|-resisted|p2a: Dragapult\n|-damage|p2a: Dragapult|73/100 par\n|move|p2a: Dragapult|Draco Meteor|p1a: Ambipom\n|-damage|p1a: Ambipom|0 fnt\n|-unboost|p2a: Dragapult|spa|2\n|faint|p1a: Ambipom\n|\n|win|OUBotBeepBoop\n|raw|griller17's rating: 1071 &rarr; <strong>1052</strong><br />(-19 for losing)\n|raw|OUBotBeepBoop's rating: 1096 &rarr; <strong>1120</strong><br />(+24 for winning)\n|l|☆OUBotBeepBoop\n|player|p2|\n|l|☆griller17\n|player|p1|\n", "uploadtime": 1783811330, "views": 6, "formatid": "gen9ou", "rating": 1052, "private": 0, "password": null}