{"id": "gen9ou-2540668786", "format": "[Gen 9] OU", "players": ["MiaTaylor612", "St4rfl1tT 2"], "log": "|j|☆MiaTaylor612\n|j|☆St4rfl1tT 2\n|t:|1771237295\n|gametype|singles\n|player|p1|MiaTaylor612|lady-gen4|1620\n|player|p2|St4rfl1tT 2|acetrainer|1604\n|gen|9\n|tier|[Gen 9] OU\n|rated|\n|rule|HP Percentage Mod: HP is shown in percentages\n|rule|Endless Battle Clause: Forcing endless battles is banned\n|rule|Species Clause: Limit one of each Pokémon\n|rule|OHKO Clause: OHKO moves are banned\n|rule|Evasion Items Clause: Evasion items are banned\n|rule|Evasion Moves Clause: Evasion moves are banned\n|rule|Evasion Abilities Clause: Evasion abilities are banned\n|rule|Sleep Moves Clause: Sleep-inducing moves are banned\n|clearpoke\n|poke|p1|Hoopa-Unbound|\n|poke|p1|Weezing-Galar, M|\n|poke|p1|Iron Treads|\n|poke|p1|Alomomola, F|\n|poke|p1|Zapdos|\n|poke|p1|Dragonite, M|\n|poke|p2|Garchomp, M|\n|poke|p2|Darkrai|\n|poke|p2|Zapdos|\n|poke|p2|Zamazenta-*|\n|poke|p2|Heatran, M|\n|poke|p2|Ogerpon-Wellspring, F|\n|teampreview\n|inactive|Battle timer is ON: inactive players will automatically lose when time's up. (requested by MiaTaylor612)\n|inactive|MiaTaylor612 has 120 seconds left.\n|inactive|St4rfl1tT 2 has 120 seconds left.\n|\n|t:|1771237342\n|teamsize|p1|6\n|teamsize|p2|6\n|start\n|switch|p1a: Zapdos|Zapdos|100/100\n|switch|p2a: Zapdos|Zapdos|100/100\n|turn|1\n|\n|t:|1771237348\n|move|p2a: Zapdos|Volt Switch|p1a: Zapdos\n|-damage|p1a: Zapdos|59/100\n|\n|t:|1771237351\n|switch|p2a: Garchomp|Garchomp, M|100/100|[from] Volt Switch\n|move|p1a: Zapdos|Volt Switch|p2a: Garchomp\n|-immune|p2a: Garchomp\n|\n|upkeep\n|turn|2\n|\n|t:|1771237357\n|move|p2a: Garchomp|Swords Dance|p2a: Garchomp\n|-boost|p2a: Garchomp|atk|2\n|move|p1a: Zapdos|Hurricane|p2a: Garchomp\n|-damage|p2a: Garchomp|37/100\n|\n|upkeep\n|turn|3\n|\n|t:|1771237367\n|switch|p1a: Weezing|Weezing-Galar, M|100/100\n|-ability|p1a: Weezing|Neutralizing Gas\n|-terastallize|p2a: Garchomp|Fire\n|move|p2a: Garchomp|Fire Fang|p1a: Weezing\n|-damage|p1a: Weezing|54/100\n|\n|upkeep\n|turn|4\n|\n|t:|1771237381\n|move|p2a: Garchomp|Earthquake|p1a: Weezing\n|-supereffective|p1a: Weezing\n|-damage|p1a: Weezing|0 fnt\n|faint|p1a: Weezing\n|-end|p1a: Weezing|ability: Neutralizing Gas\n|\n|upkeep\n|\n|t:|1771237385\n|switch|p1a: Alomomola|Alomomola, F|100/100\n|turn|5\n|\n|t:|1771237389\n|move|p2a: Garchomp|Earthquake|p1a: Alomomola\n|-damage|p1a: Alomomola|35/100\n|move|p1a: Alomomola|Flip Turn|p2a: Garchomp\n|-supereffective|p2a: Garchomp\n|-damage|p2a: Garchomp|6/100\n|-damage|p1a: Alomomola|23/100|[from] ability: Rough Skin|[of] p2a: Garchomp\n|\n|t:|1771237394\n|switch|p1a: Dragonite|Dragonite, M|100/100|[from] Flip Turn\n|\n|upkeep\n|turn|6\n|\n|t:|1771237398\n|move|p1a: Dragonite|Extreme Speed|p2a: Garchomp\n|-damage|p2a: Garchomp|0 fnt\n|-damage|p1a: Dragonite|88/100|[from] ability: Rough Skin|[of] p2a: Garchomp\n|faint|p2a: Garchomp\n|\n|upkeep\n|\n|t:|1771237409\n|switch|p2a: Zapdos|Zapdos|100/100\n|turn|7\n|\n|t:|1771237416\n|switch|p1a: Iron Treads|Iron Treads|100/100\n|move|p2a: Zapdos|Volt Switch|p1a: Iron Treads\n|-immune|p1a: Iron Treads\n|\n|upkeep\n|turn|8\n|\n|t:|1771237421\n|move|p2a: Zapdos|Heat Wave|p1a: Iron Treads|[miss]\n|-miss|p2a: Zapdos|p1a: Iron Treads\n|move|p1a: Iron Treads|Knock Off|p2a: Zapdos\n|-damage|p2a: Zapdos|70/100\n|-status|p1a: Iron Treads|par|[from] ability: Static|[of] p2a: Zapdos\n|-enditem|p2a: Zapdos|Heavy-Duty Boots|[from] move: Knock Off|[of] p1a: Iron Treads\n|\n|upkeep\n|turn|9\n|\n|t:|1771237429\n|move|p2a: Zapdos|Heat Wave|p1a: Iron Treads\n|-supereffective|p1a: Iron Treads\n|-damage|p1a: Iron Treads|48/100 par\n|cant|p1a: Iron Treads|par\n|\n|-heal|p1a: Iron Treads|54/100 par|[from] item: Leftovers\n|upkeep\n|turn|10\n|\n|t:|1771237437\n|move|p2a: Zapdos|Heat Wave|p1a: Iron Treads\n|-supereffective|p1a: Iron Treads\n|-damage|p1a: Iron Treads|5/100 par\n|move|p1a: Iron Treads|Stealth Rock|p2a: Zapdos\n|-sidestart|p2: St4rfl1tT 2|move: Stealth Rock\n|\n|-heal|p1a: Iron Treads|11/100 par|[from] item: Leftovers\n|upkeep\n|turn|11\n|\n|t:|1771237444\n|move|p2a: Zapdos|Roost|p2a: Zapdos\n|-heal|p2a: Zapdos|100/100\n|-singleturn|p2a: Zapdos|move: Roost\n|move|p1a: Iron Treads|Knock Off|p2a: Zapdos\n|-damage|p2a: Zapdos|80/100\n|\n|-heal|p1a: Iron Treads|18/100 par|[from] item: Leftovers\n|upkeep\n|turn|12\n|\n|t:|1771237451\n|-end|p1a: Iron Treads|Quark Drive|[silent]\n|switch|p1a: Alomomola|Alomomola, F|56/100\n|move|p2a: Zapdos|Heat Wave|p1a: Alomomola\n|-resisted|p1a: Alomomola\n|-damage|p1a: Alomomola|48/100\n|\n|upkeep\n|turn|13\n|\n|t:|1771237457\n|switch|p1a: Iron Treads|Iron Treads|18/100 par\n|move|p2a: Zapdos|Hurricane|p1a: Iron Treads|[miss]\n|-miss|p2a: Zapdos|p1a: Iron Treads\n|\n|-heal|p1a: Iron Treads|24/100 par|[from] item: Leftovers\n|upkeep\n|turn|14\n|\n|t:|1771237465\n|-end|p1a: Iron Treads|Quark Drive|[silent]\n|switch|p1a: Alomomola|Alomomola, F|81/100\n|move|p2a: Zapdos|Volt Switch|p1a: Alomomola\n|-supereffective|p1a: Alomomola\n|-crit|p1a: Alomomola\n|-damage|p1a: Alomomola|27/100\n|\n|t:|1771237486\n|switch|p2a: Ogerpon|Ogerpon-Wellspring, F|100/100|[from] Volt Switch\n|-damage|p2a: Ogerpon|88/100|[from] Stealth Rock\n|\n|upkeep\n|turn|15\n|j| krijer\n|inactive|MiaTaylor612 has 120 seconds left.\n|\n|t:|1771237522\n|move|p2a: Ogerpon|Ivy Cudgel|p1a: Alomomola|[anim] Ivy Cudgel Water\n|-resisted|p1a: Alomomola\n|-crit|p1a: Alomomola\n|-damage|p1a: Alomomola|0 fnt\n|faint|p1a: Alomomola\n|\n|upkeep\n|\n|t:|1771237528\n|switch|p1a: Zapdos|Zapdos|59/100\n|turn|16\n|\n|t:|1771237541\n|switch|p2a: Heatran|Heatran, M|100/100\n|-damage|p2a: Heatran|88/100|[from] Stealth Rock\n|move|p1a: Zapdos|Hurricane|p2a: Heatran|[miss]\n|-miss|p1a: Zapdos|p2a: Heatran\n|\n|-heal|p2a: Heatran|94/100|[from] item: Leftovers\n|upkeep\n|turn|17\n|\n|t:|1771237550\n|move|p1a: Zapdos|Volt Switch|p2a: Heatran\n|-damage|p2a: Heatran|71/100\n|\n|t:|1771237554\n|switch|p1a: Wishmaster|Hoopa-Unbound|100/100|[from] Volt Switch\n|move|p2a: Heatran|Stealth Rock|p1a: Wishmaster\n|-sidestart|p1: MiaTaylor612|move: Stealth Rock\n|\n|-heal|p2a: Heatran|77/100|[from] item: Leftovers\n|upkeep\n|turn|18\n|\n|t:|1771237563\n|move|p1a: Wishmaster|Knock Off|p2a: Heatran\n|-damage|p2a: Heatran|36/100\n|-enditem|p2a: Heatran|Leftovers|[from] move: Knock Off|[of] p1a: Wishmaster\n|move|p2a: Heatran|Magma Storm|p1a: Wishmaster\n|-damage|p1a: Wishmaster|79/100\n|-activate|p1a: Wishmaster|move: Magma Storm|[of] p2a: Heatran\n|\n|-damage|p1a: Wishmaster|67/100|[from] move: Magma Storm|[partiallytrapped]\n|upkeep\n|turn|19\n|\n|t:|1771237572\n|move|p1a: Wishmaster|Drain Punch|p2a: Heatran\n|-supereffective|p2a: Heatran\n|-damage|p2a: Heatran|0 fnt\n|-heal|p1a: Wishmaster|86/100|[from] drain|[of] p2a: Heatran\n|faint|p2a: Heatran\n|\n|-end|p1a: Wishmaster|Magma Storm|[partiallytrapped]|[silent]\n|upkeep\n|\n|t:|1771237578\n|switch|p2a: Ogerpon|Ogerpon-Wellspring, F|88/100\n|-damage|p2a: Ogerpon|76/100|[from] Stealth Rock\n|turn|20\n|\n|t:|1771237581\n|switch|p1a: Iron Treads|Iron Treads|24/100 par\n|-damage|p1a: Iron Treads|21/100 par|[from] Stealth Rock\n|move|p2a: Ogerpon|Ivy Cudgel|p1a: Iron Treads|[anim] Ivy Cudgel Water\n|-supereffective|p1a: Iron Treads\n|-crit|p1a: Iron Treads\n|-damage|p1a: Iron Treads|0 fnt\n|faint|p1a: Iron Treads\n|-end|p1a: Iron Treads|Quark Drive|[silent]\n|\n|upkeep\n|\n|t:|1771237584\n|switch|p1a: Dragonite|Dragonite, M|88/100\n|turn|21\n|\n|t:|1771237592\n|move|p2a: Ogerpon|Ivy Cudgel|p1a: Dragonite|[anim] Ivy Cudgel Water\n|-resisted|p1a: Dragonite\n|-damage|p1a: Dragonite|58/100\n|move|p1a: Dragonite|Dragon Dance|p1a: Dragonite\n|-boost|p1a: Dragonite|atk|1\n|-boost|p1a: Dragonite|spe|1\n|\n|upkeep\n|turn|22\n|\n|t:|1771237598\n|move|p1a: Dragonite|Roost|p1a: Dragonite\n|-heal|p1a: Dragonite|100/100\n|-singleturn|p1a: Dragonite|move: Roost\n|move|p2a: Ogerpon|Encore|p1a: Dragonite\n|-start|p1a: Dragonite|Encore\n|\n|upkeep\n|turn|23\n|\n|t:|1771237605\n|switch|p1a: Zapdos|Zapdos|59/100\n|move|p2a: Ogerpon|Swords Dance|p2a: Ogerpon\n|-boost|p2a: Ogerpon|atk|2\n|\n|upkeep\n|turn|24\n|\n|t:|1771237610\n|move|p2a: Ogerpon|Ivy Cudgel|p1a: Zapdos|[anim] Ivy Cudgel Water\n|-damage|p1a: Zapdos|0 fnt\n|faint|p1a: Zapdos\n|\n|upkeep\n|\n|t:|1771237612\n|switch|p1a: Dragonite|Dragonite, M|100/100\n|turn|25\n|\n|t:|1771237615\n|move|p2a: Ogerpon|Ivy Cudgel|p1a: Dragonite|[anim] Ivy Cudgel Water\n|-resisted|p1a: Dragonite\n|-damage|p1a: Dragonite|68/100\n|move|p1a: Dragonite|Dragon Dance|p1a: Dragonite\n|-boost|p1a: Dragonite|atk|1\n|-boost|p1a: Dragonite|spe|1\n|\n|upkeep\n|turn|26\n|\n|t:|1771237625\n|move|p1a: Dragonite|Extreme Speed|p2a: Ogerpon\n|-damage|p2a: Ogerpon|10/100\n|move|p2a: Ogerpon|Encore|p1a: Dragonite\n|-start|p1a: Dragonite|Encore\n|\n|upkeep\n|turn|27\n|\n|t:|1771237633\n|move|p1a: Dragonite|Extreme Speed|p2a: Ogerpon\n|-damage|p2a: Ogerpon|0 fnt\n|faint|p2a: Ogerpon\n|\n|upkeep\n|\n|t:|1771237636\n|switch|p2a: Zamazenta|Zamazenta|100/100\n|-damage|p2a: Zamazenta|94/100|[from] Stealth Rock\n|-ability|p2a: Zamazenta|Dauntless Shield|boost\n|-boost|p2a: Zamazenta|def|1\n|turn|28\n|\n|t:|1771237641\n|switch|p1a: Wishmaster|Hoopa-Unbound|86/100\n|-damage|p1a: Wishmaster|74/100|[from] Stealth Rock\n|move|p2a: Zamazenta|Iron Defense|p2a: Zamazenta\n|-boost|p2a: Zamazenta|def|2\n|\n|-heal|p2a: Zamazenta|100/100|[from] item: Leftovers\n|upkeep\n|turn|29\n|\n|t:|1771237648\n|-terastallize|p1a: Wishmaster|Fairy\n|move|p2a: Zamazenta|Crunch|p1a: Wishmaster\n|-resisted|p1a: Wishmaster\n|-damage|p1a: Wishmaster|57/100\n|move|p1a: Wishmaster|Psychic Noise|p2a: Zamazenta\n|-supereffective|p2a: Zamazenta\n|-damage|p2a: Zamazenta|25/100\n|-start|p2a: Zamazenta|move: Heal Block\n|\n|upkeep\n|turn|30\n|\n|t:|1771237657\n|move|p2a: Zamazenta|Body Press|p1a: Wishmaster\n|-resisted|p1a: Wishmaster\n|-damage|p1a: Wishmaster|0 fnt\n|faint|p1a: Wishmaster\n|\n|-end|p2a: Zamazenta|move: Heal Block\n|upkeep\n|\n|t:|1771237659\n|switch|p1a: Dragonite|Dragonite, M|68/100\n|turn|31\n|\n|t:|1771237664\n|move|p2a: Zamazenta|Body Press|p1a: Dragonite\n|-resisted|p1a: Dragonite\n|-damage|p1a: Dragonite|21/100\n|move|p1a: Dragonite|Dragon Dance|p1a: Dragonite\n|-boost|p1a: Dragonite|atk|1\n|-boost|p1a: Dragonite|spe|1\n|\n|-heal|p2a: Zamazenta|31/100|[from] item: Leftovers\n|upkeep\n|turn|32\n|-message|MiaTaylor612 forfeited.\n|\n|win|St4rfl1tT 2\n|raw|MiaTaylor612's rating: 1620 &rarr; <strong>1599</strong><br />(-21 for losing)\n|raw|St4rfl1tT 2's rating: 1604 &rarr; <strong>1625</strong><br />(+21 for winning)\n|l|☆MiaTaylor612\n|player|p1|\n|l|☆St4rfl1tT 2\n|player|p2|\n|l| krijer\n", "uploadtime": 1771237857, "views": 10, "formatid": "gen9ou", "rating": 1599, "private": 0, "password": null}