{"id": "gen9ou-2540763164", "format": "[Gen 9] OU", "players": ["Flex Plays Only", "STALLWILLCONQUER"], "log": "|j|☆Flex Plays Only\n|j|☆STALLWILLCONQUER\n|t:|1771251213\n|gametype|singles\n|player|p1|Flex Plays Only|iono-masters2|1776\n|player|p2|STALLWILLCONQUER|colress|1723\n|gen|9\n|tier|[Gen 9] OU\n|rated|\n|rule|HP Percentage Mod: HP is shown in percentages\n|rule|Endless Battle Clause: Forcing endless battles is banned\n|rule|Species Clause: Limit one of each Pokémon\n|rule|OHKO Clause: OHKO moves are banned\n|rule|Evasion Items Clause: Evasion items are banned\n|rule|Evasion Moves Clause: Evasion moves are banned\n|rule|Evasion Abilities Clause: Evasion abilities are banned\n|rule|Sleep Moves Clause: Sleep-inducing moves are banned\n|clearpoke\n|poke|p1|Great Tusk|\n|poke|p1|Dragonite, F|\n|poke|p1|Kingambit, F|\n|poke|p1|Glimmora, F|\n|poke|p1|Ogerpon-Wellspring, F|\n|poke|p1|Dragapult, F|\n|poke|p2|Clodsire, F|\n|poke|p2|Dondozo, F|\n|poke|p2|Alomomola, M|\n|poke|p2|Talonflame, M|\n|poke|p2|Toxapex, F|\n|poke|p2|Blissey, F|\n|teampreview\n|\n|t:|1771251219\n|teamsize|p1|6\n|teamsize|p2|6\n|start\n|switch|p1a: Ogerpon|Ogerpon-Wellspring, F|100/100\n|switch|p2a: Toxapex|Toxapex, F|100/100\n|turn|1\n|\n|t:|1771251221\n|switch|p1a: Glimmora|Glimmora, F|100/100\n|move|p2a: Toxapex|Toxic|p1a: Glimmora\n|-immune|p1a: Glimmora\n|\n|upkeep\n|turn|2\n|\n|t:|1771251223\n|switch|p2a: Clodsire|Clodsire, F|100/100\n|move|p1a: Glimmora|Stealth Rock|p2a: Clodsire\n|-sidestart|p2: STALLWILLCONQUER|move: Stealth Rock\n|\n|upkeep\n|turn|3\n|\n|t:|1771251228\n|switch|p1a: Ogerpon|Ogerpon-Wellspring, F|100/100\n|move|p2a: Clodsire|Toxic|p1a: Ogerpon\n|-status|p1a: Ogerpon|tox\n|\n|-damage|p1a: Ogerpon|95/100 tox|[from] psn\n|upkeep\n|turn|4\n|\n|t:|1771251230\n|switch|p2a: Toxapex|Toxapex, F|100/100\n|move|p1a: Ogerpon|Knock Off|p2a: Toxapex\n|-damage|p2a: Toxapex|77/100\n|-enditem|p2a: Toxapex|Heavy-Duty Boots|[from] move: Knock Off|[of] p1a: Ogerpon\n|\n|-damage|p1a: Ogerpon|83/100 tox|[from] psn\n|upkeep\n|turn|5\n|\n|t:|1771251233\n|move|p1a: Ogerpon|U-turn|p2a: Toxapex\n|-resisted|p2a: Toxapex\n|-damage|p2a: Toxapex|69/100\n|\n|t:|1771251235\n|switch|p1a: Glimmora|Glimmora, F|100/100|[from] U-turn\n|move|p2a: Toxapex|Infestation|p1a: Glimmora\n|-resisted|p1a: Glimmora\n|-damage|p1a: Glimmora|99/100\n|-activate|p1a: Glimmora|move: Infestation|[of] p2a: Toxapex\n|-enditem|p1a: Glimmora|Red Card|[of] p2a: Toxapex\n|drag|p2a: Clodsire|Clodsire, F|100/100\n|\n|-end|p1a: Glimmora|Infestation|[partiallytrapped]|[silent]\n|upkeep\n|turn|6\n|\n|t:|1771251240\n|switch|p1a: Ogerpon|Ogerpon-Wellspring, F|83/100 tox\n|move|p2a: Clodsire|Earthquake|p1a: Ogerpon\n|-resisted|p1a: Ogerpon\n|-damage|p1a: Ogerpon|64/100 tox\n|\n|-damage|p1a: Ogerpon|58/100 tox|[from] psn\n|upkeep\n|turn|7\n|\n|t:|1771251244\n|switch|p2a: Toxapex|Toxapex, F|100/100\n|-damage|p2a: Toxapex|88/100|[from] Stealth Rock\n|move|p1a: Ogerpon|U-turn|p2a: Toxapex\n|-resisted|p2a: Toxapex\n|-damage|p2a: Toxapex|79/100\n|\n|t:|1771251250\n|switch|p1a: Great Tusk|Great Tusk|100/100|[from] U-turn\n|-enditem|p1a: Great Tusk|Booster Energy\n|-activate|p1a: Great Tusk|ability: Protosynthesis|[fromitem]\n|-start|p1a: Great Tusk|protosynthesisspe\n|\n|upkeep\n|turn|8\n|\n|t:|1771251254\n|switch|p2a: Alomomola|Alomomola, M|100/100\n|move|p1a: Great Tusk|Taunt|p2a: Alomomola\n|-start|p2a: Alomomola|move: Taunt\n|\n|upkeep\n|turn|9\n|\n|t:|1771251258\n|-end|p1a: Great Tusk|Protosynthesis|[silent]\n|switch|p1a: Ogerpon|Ogerpon-Wellspring, F|58/100 tox\n|switch|p2a: Talonflame|Talonflame, M|100/100\n|\n|-damage|p1a: Ogerpon|52/100 tox|[from] psn\n|upkeep\n|turn|10\n|\n|t:|1771251260\n|switch|p2a: Toxapex|Toxapex, F|100/100\n|-damage|p2a: Toxapex|88/100|[from] Stealth Rock\n|move|p1a: Ogerpon|Ivy Cudgel|p2a: Toxapex|[anim] Ivy Cudgel Water\n|-resisted|p2a: Toxapex\n|-damage|p2a: Toxapex|69/100\n|\n|-damage|p1a: Ogerpon|40/100 tox|[from] psn\n|upkeep\n|turn|11\n|inactive|Battle timer is ON: inactive players will automatically lose when time's up. (requested by Flex Plays Only)\n|\n|t:|1771251269\n|move|p1a: Ogerpon|U-turn|p2a: Toxapex\n|-resisted|p2a: Toxapex\n|-damage|p2a: Toxapex|61/100\n|\n|t:|1771251273\n|switch|p1a: Glimmora|Glimmora, F|99/100|[from] U-turn\n|move|p2a: Toxapex|Infestation|p1a: Glimmora\n|-resisted|p1a: Glimmora\n|-crit|p1a: Glimmora\n|-damage|p1a: Glimmora|98/100\n|-activate|p1a: Glimmora|move: Infestation|[of] p2a: Toxapex\n|\n|-damage|p1a: Glimmora|85/100|[from] move: Infestation|[partiallytrapped]\n|upkeep\n|turn|12\n|\n|t:|1771251276\n|switch|p2a: Blissey|Blissey, F|100/100\n|move|p1a: Glimmora|Power Gem|p2a: Blissey\n|-damage|p2a: Blissey|90/100\n|\n|-end|p1a: Glimmora|Infestation|[partiallytrapped]|[silent]\n|upkeep\n|turn|13\n|\n|t:|1771251278\n|move|p1a: Glimmora|Mortal Spin|p2a: Blissey\n|-damage|p2a: Blissey|79/100\n|-status|p2a: Blissey|psn\n|move|p2a: Blissey|Stealth Rock|p1a: Glimmora\n|-sidestart|p1: Flex Plays Only|move: Stealth Rock\n|\n|-damage|p2a: Blissey|67/100 psn|[from] psn\n|upkeep\n|turn|14\n|\n|t:|1771251281\n|-curestatus|p2a: Blissey|psn|[from] ability: Natural Cure\n|switch|p2a: Clodsire|Clodsire, F|100/100\n|move|p1a: Glimmora|Mortal Spin|p2a: Clodsire\n|-resisted|p2a: Clodsire\n|-crit|p2a: Clodsire\n|-damage|p2a: Clodsire|98/100\n|-sideend|p1: Flex Plays Only|Stealth Rock|[from] move: Mortal Spin|[of] p1a: Glimmora\n|\n|upkeep\n|turn|15\n|\n|t:|1771251285\n|switch|p1a: Ogerpon|Ogerpon-Wellspring, F|40/100 tox\n|move|p2a: Clodsire|Earthquake|p1a: Ogerpon\n|-resisted|p1a: Ogerpon\n|-damage|p1a: Ogerpon|20/100 tox\n|\n|-damage|p1a: Ogerpon|14/100 tox|[from] psn\n|upkeep\n|turn|16\n|\n|t:|1771251292\n|switch|p2a: Toxapex|Toxapex, F|94/100\n|-damage|p2a: Toxapex|81/100|[from] Stealth Rock\n|move|p1a: Ogerpon|U-turn|p2a: Toxapex\n|-resisted|p2a: Toxapex\n|-damage|p2a: Toxapex|74/100\n|\n|t:|1771251295\n|switch|p1a: Great Tusk|Great Tusk|100/100|[from] U-turn\n|\n|upkeep\n|turn|17\n|\n|t:|1771251305\n|switch|p2a: Dondozo|Dondozo, F|100/100\n|move|p1a: Great Tusk|Bulk Up|p1a: Great Tusk\n|-boost|p1a: Great Tusk|atk|1\n|-boost|p1a: Great Tusk|def|1\n|\n|upkeep\n|turn|18\n|\n|t:|1771251309\n|-end|p1a: Great Tusk|Protosynthesis|[silent]\n|switch|p1a: Ogerpon|Ogerpon-Wellspring, F|14/100 tox\n|move|p2a: Dondozo|Liquidation|p1a: Ogerpon\n|-heal|p1a: Ogerpon|39/100 tox|[from] ability: Water Absorb|[of] p2a: Dondozo\n|\n|-damage|p1a: Ogerpon|33/100 tox|[from] psn\n|upkeep\n|turn|19\n|\n|t:|1771251311\n|move|p1a: Ogerpon|U-turn|p2a: Dondozo\n|-damage|p2a: Dondozo|89/100\n|\n|t:|1771251313\n|switch|p1a: Dragapult|Dragapult, F|100/100|[from] U-turn\n|move|p2a: Dondozo|Body Press|p1a: Dragapult\n|-immune|p1a: Dragapult\n|\n|upkeep\n|turn|20\n|\n|t:|1771251319\n|switch|p2a: Clodsire|Clodsire, F|98/100\n|-terastallize|p1a: Dragapult|Dragon\n|move|p1a: Dragapult|Draco Meteor|p2a: Clodsire\n|-damage|p2a: Clodsire|39/100\n|-unboost|p1a: Dragapult|spa|2\n|\n|upkeep\n|turn|21\n|\n|t:|1771251325\n|switch|p2a: Alomomola|Alomomola, M|100/100\n|move|p1a: Dragapult|Draco Meteor|p2a: Alomomola\n|-damage|p2a: Alomomola|35/100\n|-unboost|p1a: Dragapult|spa|2\n|\n|upkeep\n|turn|22\n|\n|t:|1771251330\n|switch|p1a: Great Tusk|Great Tusk|100/100\n|switch|p2a: Toxapex|Toxapex, F|100/100\n|-damage|p2a: Toxapex|88/100|[from] Stealth Rock\n|\n|upkeep\n|turn|23\n|\n|t:|1771251333\n|-terastallize|p2a: Toxapex|Fairy\n|move|p1a: Great Tusk|Taunt|p2a: Toxapex\n|-start|p2a: Toxapex|move: Taunt\n|cant|p2a: Toxapex|move: Taunt|Toxic\n|\n|upkeep\n|turn|24\n|\n|t:|1771251341\n|-end|p1a: Great Tusk|Protosynthesis|[silent]\n|switch|p1a: Dragapult|Dragapult, F, tera:Dragon|100/100\n|switch|p2a: Dondozo|Dondozo, F|89/100\n|\n|upkeep\n|turn|25\n|\n|t:|1771251345\n|switch|p2a: Toxapex|Toxapex, F, tera:Fairy|100/100\n|-damage|p2a: Toxapex|88/100|[from] Stealth Rock\n|move|p1a: Dragapult|Shadow Ball|p2a: Toxapex\n|-damage|p2a: Toxapex|45/100\n|\n|upkeep\n|turn|26\n|\n|t:|1771251352\n|switch|p1a: Great Tusk|Great Tusk|100/100\n|move|p2a: Toxapex|Toxic|p1a: Great Tusk\n|-status|p1a: Great Tusk|tox\n|\n|-damage|p1a: Great Tusk|94/100 tox|[from] psn\n|upkeep\n|turn|27\n|\n|t:|1771251362\n|switch|p2a: Alomomola|Alomomola, M|68/100\n|move|p1a: Great Tusk|Headlong Rush|p2a: Alomomola\n|-damage|p2a: Alomomola|42/100\n|-unboost|p1a: Great Tusk|def|1\n|-unboost|p1a: Great Tusk|spd|1\n|\n|-damage|p1a: Great Tusk|82/100 tox|[from] psn\n|upkeep\n|turn|28\n|\n|t:|1771251367\n|move|p2a: Alomomola|Protect|p2a: Alomomola\n|-singleturn|p2a: Alomomola|Protect\n|move|p1a: Great Tusk|Taunt|p2a: Alomomola\n|-activate|p2a: Alomomola|move: Protect\n|\n|-damage|p1a: Great Tusk|63/100 tox|[from] psn\n|upkeep\n|turn|29\n|\n|t:|1771251372\n|switch|p2a: Toxapex|Toxapex, F, tera:Fairy|78/100\n|-damage|p2a: Toxapex|66/100|[from] Stealth Rock\n|move|p1a: Great Tusk|Headlong Rush|p2a: Toxapex\n|-damage|p2a: Toxapex|37/100\n|-unboost|p1a: Great Tusk|def|1\n|-unboost|p1a: Great Tusk|spd|1\n|\n|-damage|p1a: Great Tusk|38/100 tox|[from] psn\n|upkeep\n|turn|30\n|\n|t:|1771251375\n|switch|p2a: Alomomola|Alomomola, M|76/100\n|move|p1a: Great Tusk|Taunt|p2a: Alomomola\n|-start|p2a: Alomomola|move: Taunt\n|\n|-damage|p1a: Great Tusk|7/100 tox|[from] psn\n|upkeep\n|turn|31\n|j| FaronAan\n|\n|t:|1771251383\n|switch|p2a: Dondozo|Dondozo, F|89/100\n|move|p1a: Great Tusk|Head Smash|p2a: Dondozo\n|-damage|p2a: Dondozo|71/100\n|-damage|p1a: Great Tusk|0 fnt|[from] Recoil\n|faint|p1a: Great Tusk\n|-end|p1a: Great Tusk|Protosynthesis|[silent]\n|\n|upkeep\n|\n|t:|1771251386\n|switch|p1a: Dragapult|Dragapult, F, tera:Dragon|100/100\n|turn|32\n|\n|t:|1771251391\n|move|p1a: Dragapult|Draco Meteor|p2a: Dondozo\n|-damage|p2a: Dondozo|0 fnt\n|-unboost|p1a: Dragapult|spa|2\n|faint|p2a: Dondozo\n|\n|upkeep\n|\n|t:|1771251394\n|switch|p2a: Toxapex|Toxapex, F, tera:Fairy|70/100\n|-damage|p2a: Toxapex|58/100|[from] Stealth Rock\n|turn|33\n|\n|t:|1771251397\n|switch|p1a: Glimmora|Glimmora, F|85/100\n|move|p2a: Toxapex|Recover|p2a: Toxapex\n|-heal|p2a: Toxapex|100/100\n|\n|upkeep\n|turn|34\n|\n|t:|1771251401\n|switch|p2a: Blissey|Blissey, F|67/100\n|move|p1a: Glimmora|Mortal Spin|p2a: Blissey\n|-damage|p2a: Blissey|54/100\n|-status|p2a: Blissey|psn\n|\n|-damage|p2a: Blissey|42/100 psn|[from] psn\n|upkeep\n|turn|35\n|\n|t:|1771251404\n|move|p1a: Glimmora|Earth Power|p2a: Blissey\n|-damage|p2a: Blissey|35/100 psn\n|move|p2a: Blissey|Soft-Boiled|p2a: Blissey\n|-heal|p2a: Blissey|85/100 psn\n|\n|-damage|p2a: Blissey|72/100 psn|[from] psn\n|upkeep\n|turn|36\n|\n|t:|1771251413\n|-curestatus|p2a: Blissey|psn|[from] ability: Natural Cure\n|switch|p2a: Alomomola|Alomomola, M|100/100\n|move|p1a: Glimmora|Earth Power|p2a: Alomomola\n|-damage|p2a: Alomomola|69/100\n|\n|upkeep\n|turn|37\n|\n|t:|1771251418\n|switch|p2a: Clodsire|Clodsire, F|39/100\n|move|p1a: Glimmora|Mortal Spin|p2a: Clodsire\n|-resisted|p2a: Clodsire\n|-damage|p2a: Clodsire|37/100\n|\n|upkeep\n|turn|38\n|\n|t:|1771251420\n|move|p1a: Glimmora|Earth Power|p2a: Clodsire\n|-supereffective|p2a: Clodsire\n|-damage|p2a: Clodsire|10/100\n|move|p2a: Clodsire|Recover|p2a: Clodsire\n|-heal|p2a: Clodsire|60/100\n|\n|upkeep\n|turn|39\n|\n|t:|1771251423\n|switch|p1a: Ogerpon|Ogerpon-Wellspring, F|33/100 tox\n|move|p2a: Clodsire|Recover|p2a: Clodsire\n|-heal|p2a: Clodsire|100/100\n|\n|-damage|p1a: Ogerpon|27/100 tox|[from] psn\n|upkeep\n|turn|40\n|\n|t:|1771251426\n|switch|p2a: Toxapex|Toxapex, F, tera:Fairy|100/100\n|-damage|p2a: Toxapex|88/100|[from] Stealth Rock\n|move|p1a: Ogerpon|Knock Off|p2a: Toxapex\n|-resisted|p2a: Toxapex\n|-damage|p2a: Toxapex|81/100\n|\n|-damage|p1a: Ogerpon|15/100 tox|[from] psn\n|upkeep\n|turn|41\n|\n|t:|1771251431\n|move|p1a: Ogerpon|U-turn|p2a: Toxapex\n|-resisted|p2a: Toxapex\n|-damage|p2a: Toxapex|72/100\n|\n|t:|1771251433\n|switch|p1a: Glimmora|Glimmora, F|85/100|[from] U-turn\n|move|p2a: Toxapex|Infestation|p1a: Glimmora\n|-resisted|p1a: Glimmora\n|-damage|p1a: Glimmora|84/100\n|-activate|p1a: Glimmora|move: Infestation|[of] p2a: Toxapex\n|\n|-damage|p1a: Glimmora|72/100|[from] move: Infestation|[partiallytrapped]\n|upkeep\n|turn|42\n|\n|t:|1771251436\n|switch|p2a: Clodsire|Clodsire, F|100/100\n|move|p1a: Glimmora|Mortal Spin|p2a: Clodsire\n|-resisted|p2a: Clodsire\n|-damage|p2a: Clodsire|99/100\n|-end|p1a: Glimmora|Infestation|[partiallytrapped]\n|\n|upkeep\n|turn|43\n|\n|t:|1771251439\n|switch|p1a: Ogerpon|Ogerpon-Wellspring, F|15/100 tox\n|move|p2a: Clodsire|Earthquake|p1a: Ogerpon\n|-resisted|p1a: Ogerpon\n|-damage|p1a: Ogerpon|0 fnt\n|faint|p1a: Ogerpon\n|\n|upkeep\n|\n|t:|1771251443\n|switch|p1a: Kingambit|Kingambit, F, shiny|100/100\n|-activate|p1a: Kingambit|ability: Supreme Overlord\n|-start|p1a: Kingambit|fallen2|[silent]\n|turn|44\n|\n|t:|1771251445\n|-end|p1a: Kingambit|fallen2|[silent]\n|switch|p1a: Dragapult|Dragapult, F, tera:Dragon|100/100\n|switch|p2a: Talonflame|Talonflame, M|100/100\n|\n|upkeep\n|turn|45\n|\n|t:|1771251449\n|switch|p2a: Toxapex|Toxapex, F, tera:Fairy|100/100\n|-damage|p2a: Toxapex|88/100|[from] Stealth Rock\n|move|p1a: Dragapult|Shadow Ball|p2a: Toxapex\n|-damage|p2a: Toxapex|46/100\n|-unboost|p2a: Toxapex|spd|1\n|\n|upkeep\n|turn|46\n|\n|t:|1771251455\n|switch|p1a: Kingambit|Kingambit, F, shiny|100/100\n|-activate|p1a: Kingambit|ability: Supreme Overlord\n|-start|p1a: Kingambit|fallen2|[silent]\n|switch|p2a: Blissey|Blissey, F|72/100\n|\n|upkeep\n|turn|47\n|\n|t:|1771251459\n|-end|p1a: Kingambit|fallen2|[silent]\n|switch|p1a: Glimmora|Glimmora, F|72/100\n|switch|p2a: Talonflame|Talonflame, M|100/100\n|\n|upkeep\n|turn|48\n|\n|t:|1771251464\n|switch|p2a: Blissey|Blissey, F|72/100\n|move|p1a: Glimmora|Earth Power|p2a: Blissey\n|-damage|p2a: Blissey|65/100\n|\n|upkeep\n|turn|49\n|\n|t:|1771251467\n|move|p1a: Glimmora|Earth Power|p2a: Blissey\n|-damage|p2a: Blissey|58/100\n|move|p2a: Blissey|Seismic Toss|p1a: Glimmora\n|-damage|p1a: Glimmora|45/100\n|-activate|p1a: Glimmora|ability: Toxic Debris\n|-sidestart|p2: STALLWILLCONQUER|move: Toxic Spikes\n|\n|upkeep\n|turn|50\n|\n|t:|1771251470\n|move|p1a: Glimmora|Earth Power|p2a: Blissey\n|-damage|p2a: Blissey|50/100\n|move|p2a: Blissey|Seismic Toss|p1a: Glimmora\n|-damage|p1a: Glimmora|18/100\n|-activate|p1a: Glimmora|ability: Toxic Debris\n|-sidestart|p2: STALLWILLCONQUER|move: Toxic Spikes\n|\n|upkeep\n|turn|51\n|\n|t:|1771251473\n|move|p1a: Glimmora|Mortal Spin|p2a: Blissey\n|-damage|p2a: Blissey|39/100\n|-status|p2a: Blissey|psn\n|move|p2a: Blissey|Soft-Boiled|p2a: Blissey\n|-heal|p2a: Blissey|89/100 psn\n|\n|-damage|p2a: Blissey|76/100 psn|[from] psn\n|upkeep\n|turn|52\n|\n|t:|1771251475\n|move|p1a: Glimmora|Earth Power|p2a: Blissey\n|-damage|p2a: Blissey|69/100 psn\n|-unboost|p2a: Blissey|spd|1\n|move|p2a: Blissey|Seismic Toss|p1a: Glimmora\n|-damage|p1a: Glimmora|0 fnt\n|faint|p1a: Glimmora\n|\n|-damage|p2a: Blissey|56/100 psn|[from] psn\n|upkeep\n|\n|t:|1771251477\n|switch|p1a: Dragapult|Dragapult, F, tera:Dragon|100/100\n|turn|53\n|\n|t:|1771251480\n|-curestatus|p2a: Blissey|psn|[from] ability: Natural Cure\n|switch|p2a: Toxapex|Toxapex, F, tera:Fairy|79/100\n|-damage|p2a: Toxapex|67/100|[from] Stealth Rock\n|-status|p2a: Toxapex|tox\n|move|p1a: Dragapult|Shadow Ball|p2a: Toxapex\n|-damage|p2a: Toxapex|27/100 tox\n|-unboost|p2a: Toxapex|spd|1\n|\n|-damage|p2a: Toxapex|21/100 tox|[from] psn\n|upkeep\n|turn|54\n|\n|t:|1771251486\n|switch|p2a: Blissey|Blissey, F|56/100\n|move|p1a: Dragapult|Shadow Ball|p2a: Blissey\n|-immune|p2a: Blissey\n|\n|upkeep\n|turn|55\n|\n|t:|1771251494\n|switch|p1a: Dragonite|Dragonite, F|100/100\n|move|p2a: Blissey|Soft-Boiled|p2a: Blissey\n|-heal|p2a: Blissey|100/100\n|\n|upkeep\n|turn|56\n|\n|t:|1771251498\n|switch|p2a: Talonflame|Talonflame, M|100/100\n|move|p1a: Dragonite|Dragon Dance|p1a: Dragonite\n|-boost|p1a: Dragonite|atk|1\n|-boost|p1a: Dragonite|spe|1\n|\n|upkeep\n|turn|57\n|\n|t:|1771251500\n|move|p1a: Dragonite|Dragon Dance|p1a: Dragonite\n|-boost|p1a: Dragonite|atk|1\n|-boost|p1a: Dragonite|spe|1\n|move|p2a: Talonflame|Will-O-Wisp|p1a: Dragonite\n|-status|p1a: Dragonite|brn\n|\n|-damage|p1a: Dragonite|94/100 brn|[from] brn\n|upkeep\n|turn|58\n|\n|t:|1771251506\n|switch|p2a: Alomomola|Alomomola, M|100/100\n|move|p1a: Dragonite|Dragon Dance|p1a: Dragonite\n|-boost|p1a: Dragonite|atk|1\n|-boost|p1a: Dragonite|spe|1\n|\n|-damage|p1a: Dragonite|88/100 brn|[from] brn\n|upkeep\n|turn|59\n|\n|t:|1771251508\n|move|p1a: Dragonite|Dragon Dance|p1a: Dragonite\n|-boost|p1a: Dragonite|atk|1\n|-boost|p1a: Dragonite|spe|1\n|move|p2a: Alomomola|Wish|p2a: Alomomola\n|\n|-damage|p1a: Dragonite|82/100 brn|[from] brn\n|upkeep\n|turn|60\n|\n|t:|1771251516\n|switch|p2a: Clodsire|Clodsire, F|99/100\n|-sideend|p2: STALLWILLCONQUER|move: Toxic Spikes|[of] p2a: Clodsire\n|move|p1a: Dragonite|Dragon Dance|p1a: Dragonite\n|-boost|p1a: Dragonite|atk|1\n|-boost|p1a: Dragonite|spe|1\n|\n|-heal|p2a: Clodsire|100/100|[from] move: Wish|[wisher] Alomomola\n|-damage|p1a: Dragonite|76/100 brn|[from] brn\n|upkeep\n|turn|61\n|\n|t:|1771251526\n|move|p1a: Dragonite|Earthquake|p2a: Clodsire\n|-supereffective|p2a: Clodsire\n|-damage|p2a: Clodsire|61/100\n|move|p2a: Clodsire|Recover|p2a: Clodsire\n|-heal|p2a: Clodsire|100/100\n|\n|-damage|p1a: Dragonite|70/100 brn|[from] brn\n|upkeep\n|turn|62\n|\n|t:|1771251532\n|move|p1a: Dragonite|Dragon Dance|p1a: Dragonite\n|-boost|p1a: Dragonite|atk|1\n|-boost|p1a: Dragonite|spe|1\n|move|p2a: Clodsire|Gunk Shot|p1a: Dragonite|[miss]\n|-miss|p2a: Clodsire|p1a: Dragonite\n|\n|-damage|p1a: Dragonite|64/100 brn|[from] brn\n|upkeep\n|turn|63\n|\n|t:|1771251538\n|move|p1a: Dragonite|Earthquake|p2a: Clodsire\n|-supereffective|p2a: Clodsire\n|-damage|p2a: Clodsire|64/100\n|move|p2a: Clodsire|Gunk Shot|p1a: Dragonite\n|-damage|p1a: Dragonite|31/100 brn\n|\n|-damage|p1a: Dragonite|25/100 brn|[from] brn\n|upkeep\n|turn|64\n|\n|t:|1771251545\n|move|p1a: Dragonite|Roost|p1a: Dragonite\n|-heal|p1a: Dragonite|75/100 brn\n|-singleturn|p1a: Dragonite|move: Roost\n|move|p2a: Clodsire|Recover|p2a: Clodsire\n|-heal|p2a: Clodsire|100/100\n|\n|-damage|p1a: Dragonite|69/100 brn|[from] brn\n|upkeep\n|turn|65\n|c|☆STALLWILLCONQUER|oh lord\n|c|☆STALLWILLCONQUER|rest might cook\n|c|☆STALLWILLCONQUER|i mean roost\n|\n|t:|1771251574\n|switch|p2a: Alomomola|Alomomola, M|100/100\n|move|p1a: Dragonite|Earthquake|p2a: Alomomola\n|-damage|p2a: Alomomola|68/100\n|\n|-damage|p1a: Dragonite|63/100 brn|[from] brn\n|upkeep\n|turn|66\n|\n|t:|1771251580\n|move|p1a: Dragonite|Earthquake|p2a: Alomomola\n|-damage|p2a: Alomomola|31/100\n|move|p2a: Alomomola|Wish|p2a: Alomomola\n|\n|-damage|p1a: Dragonite|57/100 brn|[from] brn\n|upkeep\n|turn|67\n|\n|t:|1771251595\n|move|p2a: Alomomola|Protect|p2a: Alomomola\n|-singleturn|p2a: Alomomola|Protect\n|move|p1a: Dragonite|Roost|p1a: Dragonite\n|-heal|p1a: Dragonite|100/100 brn\n|-singleturn|p1a: Dragonite|move: Roost\n|\n|-heal|p2a: Alomomola|81/100|[from] move: Wish|[wisher] Alomomola\n|-damage|p1a: Dragonite|94/100 brn|[from] brn\n|upkeep\n|turn|68\n|\n|t:|1771251601\n|move|p1a: Dragonite|Earthquake|p2a: Alomomola\n|-damage|p2a: Alomomola|48/100\n|move|p2a: Alomomola|Whirlpool|p1a: Dragonite\n|-resisted|p1a: Dragonite\n|-damage|p1a: Dragonite|92/100 brn\n|-activate|p1a: Dragonite|move: Whirlpool|[of] p2a: Alomomola\n|\n|-damage|p1a: Dragonite|86/100 brn|[from] brn\n|-damage|p1a: Dragonite|74/100 brn|[from] move: Whirlpool|[partiallytrapped]\n|upkeep\n|turn|69\n|\n|t:|1771251609\n|move|p2a: Alomomola|Protect|p2a: Alomomola\n|-singleturn|p2a: Alomomola|Protect\n|move|p1a: Dragonite|Earthquake|p2a: Alomomola\n|-activate|p2a: Alomomola|move: Protect\n|\n|-damage|p1a: Dragonite|68/100 brn|[from] brn\n|-damage|p1a: Dragonite|55/100 brn|[from] move: Whirlpool|[partiallytrapped]\n|upkeep\n|turn|70\n|\n|t:|1771251613\n|move|p1a: Dragonite|Earthquake|p2a: Alomomola\n|-damage|p2a: Alomomola|14/100\n|move|p2a: Alomomola|Wish|p2a: Alomomola\n|\n|-damage|p1a: Dragonite|49/100 brn|[from] brn\n|-damage|p1a: Dragonite|37/100 brn|[from] move: Whirlpool|[partiallytrapped]\n|upkeep\n|turn|71\n|\n|t:|1771251619\n|move|p2a: Alomomola|Protect|p2a: Alomomola\n|-singleturn|p2a: Alomomola|Protect\n|move|p1a: Dragonite|Roost|p1a: Dragonite\n|-heal|p1a: Dragonite|87/100 brn\n|-singleturn|p1a: Dragonite|move: Roost\n|\n|-heal|p2a: Alomomola|64/100|[from] move: Wish|[wisher] Alomomola\n|-damage|p1a: Dragonite|81/100 brn|[from] brn\n|-damage|p1a: Dragonite|69/100 brn|[from] move: Whirlpool|[partiallytrapped]\n|upkeep\n|turn|72\n|\n|t:|1771251628\n|move|p1a: Dragonite|Earthquake|p2a: Alomomola\n|-damage|p2a: Alomomola|31/100\n|move|p2a: Alomomola|Wish|p2a: Alomomola\n|\n|-damage|p1a: Dragonite|63/100 brn|[from] brn\n|-end|p1a: Dragonite|Whirlpool|[partiallytrapped]\n|upkeep\n|turn|73\n|\n|t:|1771251634\n|switch|p2a: Clodsire|Clodsire, F|100/100\n|move|p1a: Dragonite|Earthquake|p2a: Clodsire\n|-supereffective|p2a: Clodsire\n|-damage|p2a: Clodsire|66/100\n|\n|-heal|p2a: Clodsire|100/100|[from] move: Wish|[wisher] Alomomola\n|-damage|p1a: Dragonite|57/100 brn|[from] brn\n|upkeep\n|turn|74\n|\n|t:|1771251644\n|switch|p2a: Talonflame|Talonflame, M|100/100\n|move|p1a: Dragonite|Earthquake|p2a: Talonflame\n|-immune|p2a: Talonflame\n|\n|-damage|p1a: Dragonite|51/100 brn|[from] brn\n|upkeep\n|turn|75\n|\n|t:|1771251650\n|switch|p2a: Clodsire|Clodsire, F|100/100\n|move|p1a: Dragonite|Earthquake|p2a: Clodsire\n|-supereffective|p2a: Clodsire\n|-damage|p2a: Clodsire|64/100\n|\n|-damage|p1a: Dragonite|45/100 brn|[from] brn\n|upkeep\n|turn|76\n|\n|t:|1771251658\n|move|p1a: Dragonite|Earthquake|p2a: Clodsire\n|-supereffective|p2a: Clodsire\n|-damage|p2a: Clodsire|28/100\n|move|p2a: Clodsire|Recover|p2a: Clodsire\n|-heal|p2a: Clodsire|78/100\n|\n|-damage|p1a: Dragonite|39/100 brn|[from] brn\n|upkeep\n|turn|77\n|\n|t:|1771251662\n|move|p1a: Dragonite|Earthquake|p2a: Clodsire\n|-supereffective|p2a: Clodsire\n|-damage|p2a: Clodsire|42/100\n|move|p2a: Clodsire|Earthquake|p1a: Dragonite\n|-immune|p1a: Dragonite\n|\n|-damage|p1a: Dragonite|33/100 brn|[from] brn\n|upkeep\n|turn|78\n|\n|t:|1771251665\n|move|p1a: Dragonite|Earthquake|p2a: Clodsire\n|-supereffective|p2a: Clodsire\n|-damage|p2a: Clodsire|7/100\n|move|p2a: Clodsire|Recover|p2a: Clodsire\n|-heal|p2a: Clodsire|57/100\n|\n|-damage|p1a: Dragonite|27/100 brn|[from] brn\n|upkeep\n|turn|79\n|\n|t:|1771251673\n|move|p1a: Dragonite|Earthquake|p2a: Clodsire\n|-supereffective|p2a: Clodsire\n|-damage|p2a: Clodsire|22/100\n|move|p2a: Clodsire|Recover|p2a: Clodsire\n|-heal|p2a: Clodsire|72/100\n|\n|-damage|p1a: Dragonite|21/100 brn|[from] brn\n|upkeep\n|turn|80\n|\n|t:|1771251677\n|switch|p2a: Talonflame|Talonflame, M|100/100\n|move|p1a: Dragonite|Earthquake|p2a: Talonflame\n|-immune|p2a: Talonflame\n|\n|-damage|p1a: Dragonite|15/100 brn|[from] brn\n|upkeep\n|turn|81\n|\n|t:|1771251683\n|switch|p1a: Dragapult|Dragapult, F, tera:Dragon|100/100\n|switch|p2a: Toxapex|Toxapex, F, tera:Fairy|54/100 tox\n|-damage|p2a: Toxapex|42/100 tox|[from] Stealth Rock\n|\n|-damage|p2a: Toxapex|35/100 tox|[from] psn\n|upkeep\n|turn|82\n|\n|t:|1771251688\n|switch|p2a: Blissey|Blissey, F|100/100\n|move|p1a: Dragapult|Draco Meteor|p2a: Blissey\n|-damage|p2a: Blissey|68/100\n|-unboost|p1a: Dragapult|spa|2\n|\n|upkeep\n|turn|83\n|\n|t:|1771251699\n|switch|p1a: Kingambit|Kingambit, F, shiny|100/100\n|-activate|p1a: Kingambit|ability: Supreme Overlord\n|-start|p1a: Kingambit|fallen3|[silent]\n|move|p2a: Blissey|Stealth Rock|p1a: Kingambit\n|-sidestart|p1: Flex Plays Only|move: Stealth Rock\n|\n|upkeep\n|turn|84\n|\n|t:|1771251705\n|-end|p1a: Kingambit|fallen3|[silent]\n|switch|p1a: Dragonite|Dragonite, F|15/100 brn\n|-damage|p1a: Dragonite|0 fnt|[from] Stealth Rock\n|faint|p1a: Dragonite\n|switch|p2a: Talonflame|Talonflame, M|100/100\n|\n|upkeep\n|\n|t:|1771251707\n|switch|p1a: Dragapult|Dragapult, F, tera:Dragon|100/100\n|-damage|p1a: Dragapult|88/100|[from] Stealth Rock\n|turn|85\n|\n|t:|1771251711\n|switch|p2a: Blissey|Blissey, F|68/100\n|move|p1a: Dragapult|Draco Meteor|p2a: Blissey\n|-damage|p2a: Blissey|35/100\n|-unboost|p1a: Dragapult|spa|2\n|\n|upkeep\n|turn|86\n|\n|t:|1771251714\n|switch|p1a: Kingambit|Kingambit, F, shiny|100/100\n|-damage|p1a: Kingambit|94/100|[from] Stealth Rock\n|-activate|p1a: Kingambit|ability: Supreme Overlord\n|-start|p1a: Kingambit|fallen4|[silent]\n|move|p2a: Blissey|Soft-Boiled|p2a: Blissey\n|-heal|p2a: Blissey|85/100\n|\n|-heal|p1a: Kingambit|100/100|[from] item: Leftovers\n|upkeep\n|turn|87\n|\n|t:|1771251725\n|switch|p2a: Clodsire|Clodsire, F|72/100\n|move|p1a: Kingambit|Swords Dance|p1a: Kingambit\n|-boost|p1a: Kingambit|atk|2\n|\n|upkeep\n|turn|88\n|\n|t:|1771251733\n|move|p1a: Kingambit|Swords Dance|p1a: Kingambit\n|-boost|p1a: Kingambit|atk|2\n|move|p2a: Clodsire|Earthquake|p1a: Kingambit\n|-supereffective|p1a: Kingambit\n|-damage|p1a: Kingambit|55/100\n|\n|-heal|p1a: Kingambit|61/100|[from] item: Leftovers\n|upkeep\n|turn|89\n|\n|t:|1771251735\n|move|p1a: Kingambit|Kowtow Cleave|p2a: Clodsire\n|-damage|p2a: Clodsire|0 fnt\n|faint|p2a: Clodsire\n|\n|-heal|p1a: Kingambit|68/100|[from] item: Leftovers\n|upkeep\n|\n|t:|1771251738\n|switch|p2a: Talonflame|Talonflame, M|100/100\n|turn|90\n|\n|t:|1771251739\n|move|p2a: Talonflame|Will-O-Wisp|p1a: Kingambit\n|-status|p1a: Kingambit|brn\n|move|p1a: Kingambit|Kowtow Cleave|p2a: Talonflame\n|-crit|p2a: Talonflame\n|-damage|p2a: Talonflame|0 fnt\n|faint|p2a: Talonflame\n|\n|-heal|p1a: Kingambit|74/100 brn|[from] item: Leftovers\n|-damage|p1a: Kingambit|68/100 brn|[from] brn\n|upkeep\n|\n|t:|1771251748\n|switch|p2a: Alomomola|Alomomola, M|64/100\n|turn|91\n|\n|t:|1771251751\n|move|p1a: Kingambit|Kowtow Cleave|p2a: Alomomola\n|-crit|p2a: Alomomola\n|-damage|p2a: Alomomola|0 fnt\n|faint|p2a: Alomomola\n|\n|-heal|p1a: Kingambit|74/100 brn|[from] item: Leftovers\n|-damage|p1a: Kingambit|68/100 brn|[from] brn\n|upkeep\n|c|☆STALLWILLCONQUER|bruh\n|\n|t:|1771251757\n|switch|p2a: Toxapex|Toxapex, F, tera:Fairy|69/100 tox\n|-damage|p2a: Toxapex|56/100 tox|[from] Stealth Rock\n|turn|92\n|\n|t:|1771251760\n|move|p1a: Kingambit|Iron Head|p2a: Toxapex\n|-supereffective|p2a: Toxapex\n|-damage|p2a: Toxapex|0 fnt\n|faint|p2a: Toxapex\n|\n|-heal|p1a: Kingambit|74/100 brn|[from] item: Leftovers\n|-damage|p1a: Kingambit|68/100 brn|[from] brn\n|upkeep\n|c|☆STALLWILLCONQUER|rip\n|c|☆STALLWILLCONQUER|gg\n|-message|STALLWILLCONQUER forfeited.\n|\n|win|Flex Plays Only\n|raw|Flex Plays Only's rating: 1776 &rarr; <strong>1793</strong><br />(+17 for winning)\n|raw|STALLWILLCONQUER's rating: 1723 &rarr; <strong>1706</strong><br />(-17 for losing)\n|l|☆STALLWILLCONQUER\n|player|p2|\n|l|☆Flex Plays Only\n|player|p1|\n|l| FaronAan\n", "uploadtime": 1771252027, "views": 5, "formatid": "gen9ou", "rating": 1706, "private": 0, "password": null}