{"id": "gen9ou-2639299423", "format": "[Gen 9] OU", "players": ["Ribow", "cushions"], "log": "|j|☆Ribow\n|j|☆cushions\n|t:|1782448494\n|gametype|singles\n|player|p1|Ribow|169|1323\n|player|p2|cushions|steven|1351\n|gen|9\n|tier|[Gen 9] OU\n|rated|\n|rule|HP Percentage Mod: HP is shown in percentages\n|rule|Endless Battle Clause: Forcing endless battles is banned\n|rule|Species Clause: Limit one of each Pokémon\n|rule|OHKO Clause: OHKO moves are banned\n|rule|Evasion Items Clause: Evasion items are banned\n|rule|Evasion Moves Clause: Evasion moves are banned\n|rule|Evasion Abilities Clause: Evasion abilities are banned\n|rule|Sleep Moves Clause: Sleep-inducing moves are banned\n|clearpoke\n|poke|p1|Skeledirge, M|\n|poke|p1|Meowscarada, M|\n|poke|p1|Quaquaval, M|\n|poke|p1|Dachsbun, M|\n|poke|p1|Ceruledge, F|\n|poke|p1|Corviknight, F|\n|poke|p2|Dragapult, M|\n|poke|p2|Tyranitar, M|\n|poke|p2|Clefable, M|\n|poke|p2|Zamazenta-*|\n|poke|p2|Glimmora, F|\n|poke|p2|Landorus-Therian, M|\n|teampreview\n|inactive|Battle timer is ON: inactive players will automatically lose when time's up. (requested by Ribow)\n|\n|t:|1782448510\n|teamsize|p1|6\n|teamsize|p2|6\n|start\n|switch|p1a: Quaquaval|Quaquaval, M|100/100\n|switch|p2a: Ski|Clefable, M, shiny|100/100\n|turn|1\n|\n|t:|1782448513\n|move|p1a: Quaquaval|Aqua Step|p2a: Ski\n|-damage|p2a: Ski|52/100\n|-boost|p1a: Quaquaval|spe|1\n|move|p2a: Ski|Moonblast|p1a: Quaquaval\n|-supereffective|p1a: Quaquaval\n|-damage|p1a: Quaquaval|0 fnt\n|faint|p1a: Quaquaval\n|\n|upkeep\n|\n|t:|1782448521\n|switch|p1a: Skeledirge|Skeledirge, M|100/100\n|turn|2\n|\n|t:|1782448527\n|move|p1a: Skeledirge|Torch Song|p2a: Ski\n|-damage|p2a: Ski|25/100\n|-boost|p1a: Skeledirge|spa|1\n|move|p2a: Ski|Wish|p2a: Ski\n|\n|upkeep\n|turn|3\n|\n|t:|1782448539\n|switch|p2a: Tyranitar|Tyranitar, M, shiny|100/100\n|-weather|Sandstorm|[from] ability: Sand Stream|[of] p2a: Tyranitar\n|move|p1a: Skeledirge|Will-O-Wisp|p2a: Tyranitar\n|-status|p2a: Tyranitar|brn\n|\n|-weather|Sandstorm|[upkeep]\n|-damage|p1a: Skeledirge|94/100|[from] Sandstorm\n|-heal|p1a: Skeledirge|100/100|[from] item: Leftovers\n|-damage|p2a: Tyranitar|94/100 brn|[from] brn\n|upkeep\n|turn|4\n|\n|t:|1782448544\n|move|p1a: Skeledirge|Torch Song|p2a: Tyranitar\n|-resisted|p2a: Tyranitar\n|-damage|p2a: Tyranitar|84/100 brn\n|-boost|p1a: Skeledirge|spa|1\n|move|p2a: Tyranitar|Knock Off|p1a: Skeledirge\n|-supereffective|p1a: Skeledirge\n|-damage|p1a: Skeledirge|67/100\n|-enditem|p1a: Skeledirge|Leftovers|[from] move: Knock Off|[of] p2a: Tyranitar\n|\n|-weather|Sandstorm|[upkeep]\n|-damage|p1a: Skeledirge|61/100|[from] Sandstorm\n|-damage|p2a: Tyranitar|78/100 brn|[from] brn\n|upkeep\n|turn|5\n|\n|t:|1782448552\n|move|p1a: Skeledirge|Torch Song|p2a: Tyranitar\n|-resisted|p2a: Tyranitar\n|-damage|p2a: Tyranitar|67/100 brn\n|-boost|p1a: Skeledirge|spa|1\n|move|p2a: Tyranitar|Stone Edge|p1a: Skeledirge\n|-supereffective|p1a: Skeledirge\n|-damage|p1a: Skeledirge|26/100\n|\n|-weather|Sandstorm|[upkeep]\n|-damage|p1a: Skeledirge|20/100|[from] Sandstorm\n|-damage|p2a: Tyranitar|61/100 brn|[from] brn\n|upkeep\n|turn|6\n|\n|t:|1782448558\n|move|p1a: Skeledirge|Slack Off|p1a: Skeledirge\n|-heal|p1a: Skeledirge|70/100\n|move|p2a: Tyranitar|Stone Edge|p1a: Skeledirge|[miss]\n|-miss|p2a: Tyranitar|p1a: Skeledirge\n|\n|-weather|Sandstorm|[upkeep]\n|-damage|p1a: Skeledirge|64/100|[from] Sandstorm\n|-damage|p2a: Tyranitar|54/100 brn|[from] brn\n|upkeep\n|turn|7\n|\n|t:|1782448564\n|move|p1a: Skeledirge|Torch Song|p2a: Tyranitar\n|-resisted|p2a: Tyranitar\n|-damage|p2a: Tyranitar|39/100 brn\n|-boost|p1a: Skeledirge|spa|1\n|move|p2a: Tyranitar|Stealth Rock|p1a: Skeledirge\n|-sidestart|p1: Ribow|move: Stealth Rock\n|\n|-weather|Sandstorm|[upkeep]\n|-damage|p1a: Skeledirge|58/100|[from] Sandstorm\n|-damage|p2a: Tyranitar|33/100 brn|[from] brn\n|upkeep\n|turn|8\n|\n|t:|1782448572\n|switch|p2a: Glimmora|Glimmora, F, shiny|100/100\n|move|p1a: Skeledirge|Slack Off|p1a: Skeledirge\n|-heal|p1a: Skeledirge|100/100\n|\n|-weather|Sandstorm|[upkeep]\n|-damage|p1a: Skeledirge|94/100|[from] Sandstorm\n|upkeep\n|turn|9\n|\n|t:|1782448578\n|move|p2a: Glimmora|Meteor Beam||[still]\n|-prepare|p2a: Glimmora|Meteor Beam\n|-boost|p2a: Glimmora|spa|1\n|-enditem|p2a: Glimmora|Power Herb\n|-anim|p2a: Glimmora|Meteor Beam|p1a: Skeledirge|[miss]\n|-miss|p2a: Glimmora|p1a: Skeledirge\n|move|p1a: Skeledirge|Hex|p2a: Glimmora\n|-damage|p2a: Glimmora|32/100\n|\n|-weather|Sandstorm|[upkeep]\n|-damage|p1a: Skeledirge|88/100|[from] Sandstorm\n|upkeep\n|turn|10\n|c|☆cushions|wtf\n|\n|t:|1782448587\n|move|p2a: Glimmora|Earth Power|p1a: Skeledirge\n|-supereffective|p1a: Skeledirge\n|-damage|p1a: Skeledirge|45/100\n|move|p1a: Skeledirge|Hex|p2a: Glimmora\n|-damage|p2a: Glimmora|0 fnt\n|faint|p2a: Glimmora\n|\n|-weather|none\n|upkeep\n|\n|t:|1782448593\n|switch|p2a: Landorus|Landorus-Therian, M|100/100\n|-ability|p2a: Landorus|Intimidate|boost\n|-unboost|p1a: Skeledirge|atk|1\n|turn|11\n|\n|t:|1782448598\n|switch|p1a: Corviknight|Corviknight, F|100/100\n|-damage|p1a: Corviknight|88/100|[from] Stealth Rock\n|-ability|p1a: Corviknight|Pressure\n|move|p2a: Landorus|Earthquake|p1a: Corviknight\n|-immune|p1a: Corviknight\n|\n|-heal|p1a: Corviknight|94/100|[from] item: Leftovers\n|upkeep\n|turn|12\n|\n|t:|1782448601\n|move|p2a: Landorus|Taunt|p1a: Corviknight\n|-start|p1a: Corviknight|move: Taunt\n|cant|p1a: Corviknight|move: Taunt|Iron Defense\n|\n|-heal|p1a: Corviknight|100/100|[from] item: Leftovers\n|upkeep\n|turn|13\n|\n|t:|1782448609\n|switch|p2a: Tyranitar|Tyranitar, M, shiny|33/100 brn\n|-weather|Sandstorm|[from] ability: Sand Stream|[of] p2a: Tyranitar\n|move|p1a: Corviknight|Iron Head|p2a: Tyranitar\n|-supereffective|p2a: Tyranitar\n|-damage|p2a: Tyranitar|0 fnt\n|faint|p2a: Tyranitar\n|\n|-weather|Sandstorm|[upkeep]\n|upkeep\n|\n|t:|1782448618\n|switch|p2a: Dragapult|Dragapult, M|100/100\n|turn|14\n|\n|t:|1782448623\n|switch|p1a: Skeledirge|Skeledirge, M|45/100\n|-damage|p1a: Skeledirge|20/100|[from] Stealth Rock\n|move|p2a: Dragapult|Shadow Ball|p1a: Skeledirge\n|-supereffective|p1a: Skeledirge\n|-damage|p1a: Skeledirge|0 fnt\n|faint|p1a: Skeledirge\n|\n|-weather|Sandstorm|[upkeep]\n|-damage|p2a: Dragapult|95/100|[from] Sandstorm\n|upkeep\n|\n|t:|1782448626\n|switch|p1a: Meowscarada|Meowscarada, M|100/100\n|-damage|p1a: Meowscarada|88/100|[from] Stealth Rock\n|turn|15\n|\n|t:|1782448633\n|switch|p2a: Zamazenta|Zamazenta|100/100\n|-ability|p2a: Zamazenta|Dauntless Shield|boost\n|-boost|p2a: Zamazenta|def|1\n|move|p1a: Meowscarada|U-turn|p2a: Zamazenta\n|-start|p1a: Meowscarada|typechange|Bug|[from] ability: Protean\n|-resisted|p2a: Zamazenta\n|-damage|p2a: Zamazenta|92/100\n|\n|t:|1782448639\n|switch|p1a: Corviknight|Corviknight, F|100/100|[from] U-turn\n|-damage|p1a: Corviknight|88/100|[from] Stealth Rock\n|-ability|p1a: Corviknight|Pressure\n|\n|-weather|Sandstorm|[upkeep]\n|-damage|p2a: Zamazenta|85/100|[from] Sandstorm\n|-heal|p2a: Zamazenta|92/100|[from] item: Leftovers\n|-heal|p1a: Corviknight|94/100|[from] item: Leftovers\n|upkeep\n|turn|16\n|\n|t:|1782448644\n|move|p2a: Zamazenta|Iron Defense|p2a: Zamazenta\n|-boost|p2a: Zamazenta|def|2\n|move|p1a: Corviknight|Iron Defense|p1a: Corviknight\n|-boost|p1a: Corviknight|def|2\n|\n|-weather|Sandstorm|[upkeep]\n|-damage|p2a: Zamazenta|85/100|[from] Sandstorm\n|-heal|p2a: Zamazenta|92/100|[from] item: Leftovers\n|-heal|p1a: Corviknight|100/100|[from] item: Leftovers\n|upkeep\n|turn|17\n|\n|t:|1782448646\n|move|p2a: Zamazenta|Iron Defense|p2a: Zamazenta\n|-boost|p2a: Zamazenta|def|2\n|move|p1a: Corviknight|Iron Defense|p1a: Corviknight\n|-boost|p1a: Corviknight|def|2\n|\n|-weather|Sandstorm|[upkeep]\n|-damage|p2a: Zamazenta|85/100|[from] Sandstorm\n|-heal|p2a: Zamazenta|92/100|[from] item: Leftovers\n|upkeep\n|turn|18\n|\n|t:|1782448649\n|move|p1a: Corviknight|Iron Defense|p1a: Corviknight\n|-boost|p1a: Corviknight|def|2\n|move|p2a: Zamazenta|Roar|p1a: Corviknight\n|drag|p1a: Ceruledge|Ceruledge, F|100/100\n|-damage|p1a: Ceruledge|76/100|[from] Stealth Rock\n|\n|-weather|Sandstorm|[upkeep]\n|-damage|p2a: Zamazenta|85/100|[from] Sandstorm\n|-damage|p1a: Ceruledge|70/100|[from] Sandstorm\n|-heal|p2a: Zamazenta|92/100|[from] item: Leftovers\n|upkeep\n|turn|19\n|\n|t:|1782448656\n|move|p2a: Zamazenta|Crunch|p1a: Ceruledge\n|-supereffective|p1a: Ceruledge\n|-damage|p1a: Ceruledge|6/100\n|-ability|p1a: Ceruledge|Weak Armor|boost\n|-unboost|p1a: Ceruledge|def|1\n|-boost|p1a: Ceruledge|spe|2\n|-enditem|p1a: Ceruledge|White Herb\n|-clearnegativeboost|p1a: Ceruledge|[silent]\n|move|p1a: Ceruledge|Swords Dance|p1a: Ceruledge\n|-boost|p1a: Ceruledge|atk|2\n|\n|-weather|Sandstorm|[upkeep]\n|-damage|p1a: Ceruledge|0 fnt|[from] Sandstorm\n|-damage|p2a: Zamazenta|85/100|[from] Sandstorm\n|faint|p1a: Ceruledge\n|-heal|p2a: Zamazenta|92/100|[from] item: Leftovers\n|upkeep\n|\n|t:|1782448663\n|switch|p1a: Corviknight|Corviknight, F|100/100\n|-damage|p1a: Corviknight|88/100|[from] Stealth Rock\n|-ability|p1a: Corviknight|Pressure\n|turn|20\n|\n|t:|1782448665\n|move|p2a: Zamazenta|Body Press|p1a: Corviknight\n|-damage|p1a: Corviknight|0 fnt\n|faint|p1a: Corviknight\n|\n|-weather|none\n|-heal|p2a: Zamazenta|98/100|[from] item: Leftovers\n|upkeep\n|\n|t:|1782448670\n|switch|p1a: Dachsbun|Dachsbun, M|100/100\n|-damage|p1a: Dachsbun|88/100|[from] Stealth Rock\n|turn|21\n|\n|t:|1782448675\n|move|p2a: Zamazenta|Body Press|p1a: Dachsbun\n|-resisted|p1a: Dachsbun\n|-damage|p1a: Dachsbun|28/100\n|move|p1a: Dachsbun|Wish|p1a: Dachsbun\n|\n|-heal|p2a: Zamazenta|100/100|[from] item: Leftovers\n|-heal|p1a: Dachsbun|34/100|[from] item: Leftovers\n|upkeep\n|turn|22\n|\n|t:|1782448678\n|move|p2a: Zamazenta|Body Press|p1a: Dachsbun\n|-resisted|p1a: Dachsbun\n|-damage|p1a: Dachsbun|0 fnt\n|faint|p1a: Dachsbun\n|\n|upkeep\n|\n|t:|1782448680\n|switch|p1a: Meowscarada|Meowscarada, M|88/100\n|-damage|p1a: Meowscarada|76/100|[from] Stealth Rock\n|turn|23\n|\n|t:|1782448681\n|move|p1a: Meowscarada|Knock Off|p2a: Zamazenta\n|-start|p1a: Meowscarada|typechange|Dark|[from] ability: Protean\n|-resisted|p2a: Zamazenta\n|-damage|p2a: Zamazenta|96/100\n|-enditem|p2a: Zamazenta|Leftovers|[from] move: Knock Off|[of] p1a: Meowscarada\n|move|p2a: Zamazenta|Body Press|p1a: Meowscarada\n|-supereffective|p1a: Meowscarada\n|-damage|p1a: Meowscarada|0 fnt\n|faint|p1a: Meowscarada\n|\n|win|cushions\n|raw|Ribow's rating: 1323 &rarr; <strong>1305</strong><br />(-18 for losing)\n|raw|cushions's rating: 1351 &rarr; <strong>1369</strong><br />(+18 for winning)\n|l|☆cushions\n|player|p2|\n|l|☆Ribow\n|player|p1|\n", "uploadtime": 1782448971, "views": 19, "formatid": "gen9ou", "rating": 1305, "private": 0, "password": null}