{"id": "gen9ou-2540800628", "format": "[Gen 9] OU", "players": ["getreyal", "Auburn Hills"], "log": "|badge|p1|bronze|gen9ou|100-8\n|uhtml|medal-msg|<div class=\"broadcast-blue\">Curious what those medals under the avatar are? PS now has Ladder Seasons! For more information, check out the <a href=\"https://www.smogon.com/forums/threads/3740067/\">thread on Smogon.</a></div>\n|badge|p2|bronze|gen9ou|100-8\n|uhtml|medal-msg|<div class=\"broadcast-blue\">Curious what those medals under the avatar are? PS now has Ladder Seasons! For more information, check out the <a href=\"https://www.smogon.com/forums/threads/3740067/\">thread on Smogon.</a></div>\n|j|☆getreyal\n|j|☆Auburn Hills\n|t:|1771255389\n|gametype|singles\n|player|p1|getreyal|pokemaniac-gen6|1903\n|player|p2|Auburn Hills|alder|1880\n|gen|9\n|tier|[Gen 9] OU\n|rated|\n|rule|HP Percentage Mod: HP is shown in percentages\n|rule|Endless Battle Clause: Forcing endless battles is banned\n|rule|Species Clause: Limit one of each Pokémon\n|rule|OHKO Clause: OHKO moves are banned\n|rule|Evasion Items Clause: Evasion items are banned\n|rule|Evasion Moves Clause: Evasion moves are banned\n|rule|Evasion Abilities Clause: Evasion abilities are banned\n|rule|Sleep Moves Clause: Sleep-inducing moves are banned\n|clearpoke\n|poke|p1|Zamazenta-*|\n|poke|p1|Cinderace, F|\n|poke|p1|Hatterene, F|\n|poke|p1|Raging Bolt|\n|poke|p1|Landorus-Therian, M|\n|poke|p1|Samurott-Hisui, F|\n|poke|p2|Iron Moth|\n|poke|p2|Umbreon, F|\n|poke|p2|Garchomp, F|\n|poke|p2|Glimmora, M|\n|poke|p2|Gholdengo|\n|poke|p2|Dragonite, M|\n|teampreview\n|inactive|Battle timer is ON: inactive players will automatically lose when time's up. (requested by Auburn Hills)\n|\n|t:|1771255430\n|teamsize|p1|6\n|teamsize|p2|6\n|start\n|switch|p1a: Landorus|Landorus-Therian, M|100/100\n|switch|p2a: Julia Jacklin|Glimmora, M|100/100\n|-ability|p1a: Landorus|Intimidate|boost\n|-unboost|p2a: Julia Jacklin|atk|1\n|turn|1\n|j| shrek5baby\n|\n|t:|1771255439\n|switch|p2a: Elucid|Dragonite, M|100/100\n|move|p1a: Landorus|Earth Power|p2a: Elucid\n|-immune|p2a: Elucid\n|\n|upkeep\n|turn|2\n|\n|t:|1771255443\n|move|p1a: Landorus|Stealth Rock|p2a: Elucid\n|-sidestart|p2: Auburn Hills|move: Stealth Rock\n|move|p2a: Elucid|Ice Spinner|p1a: Landorus\n|-supereffective|p1a: Landorus\n|-damage|p1a: Landorus|0 fnt\n|-damage|p2a: Elucid|84/100|[from] item: Rocky Helmet|[of] p1a: Landorus\n|faint|p1a: Landorus\n|\n|upkeep\n|\n|t:|1771255451\n|switch|p1a: Raging Bolt|Raging Bolt|100/100\n|turn|3\n|\n|t:|1771255456\n|-terastallize|p1a: Raging Bolt|Fairy\n|move|p2a: Elucid|Earthquake|p1a: Raging Bolt\n|-damage|p1a: Raging Bolt|63/100\n|move|p1a: Raging Bolt|Draco Meteor|p2a: Elucid\n|-supereffective|p2a: Elucid\n|-damage|p2a: Elucid|0 fnt\n|-unboost|p1a: Raging Bolt|spa|2\n|faint|p2a: Elucid\n|\n|upkeep\n|j| Slakinglover64\n|\n|t:|1771255461\n|switch|p2a: Julia Jacklin|Glimmora, M|100/100\n|-damage|p2a: Julia Jacklin|88/100|[from] Stealth Rock\n|turn|4\n|\n|t:|1771255464\n|move|p2a: Julia Jacklin|Sludge Wave|p1a: Raging Bolt\n|-supereffective|p1a: Raging Bolt\n|-damage|p1a: Raging Bolt|0 fnt\n|faint|p1a: Raging Bolt\n|-end|p1a: Raging Bolt|Protosynthesis|[silent]\n|\n|upkeep\n|\n|t:|1771255467\n|switch|p1a: Samurott|Samurott-Hisui, F|100/100\n|turn|5\n|\n|t:|1771255470\n|move|p2a: Julia Jacklin|Sludge Wave|p1a: Samurott\n|-crit|p1a: Samurott\n|-enditem|p1a: Samurott|Focus Sash\n|-damage|p1a: Samurott|1/100\n|move|p1a: Samurott|Razor Shell|p2a: Julia Jacklin\n|-supereffective|p2a: Julia Jacklin\n|-crit|p2a: Julia Jacklin\n|-damage|p2a: Julia Jacklin|0 fnt\n|-activate|p2a: Julia Jacklin|ability: Toxic Debris\n|-sidestart|p1: getreyal|move: Toxic Spikes\n|faint|p2a: Julia Jacklin\n|\n|upkeep\n|\n|t:|1771255476\n|switch|p2a: Rat Tally|Garchomp, F|100/100\n|-damage|p2a: Rat Tally|94/100|[from] Stealth Rock\n|turn|6\n|\n|t:|1771255478\n|move|p1a: Samurott|Aqua Jet|p2a: Rat Tally\n|-damage|p2a: Rat Tally|75/100\n|-damage|p1a: Samurott|0 fnt|[from] ability: Rough Skin|[of] p2a: Rat Tally\n|faint|p1a: Samurott\n|move|p2a: Rat Tally|Scale Shot|p1: Samurott|[notarget]\n|-fail|p2a: Rat Tally\n|\n|upkeep\n|\n|t:|1771255482\n|switch|p1a: Cinderace|Cinderace, F|100/100\n|turn|7\n|\n|t:|1771255486\n|move|p1a: Cinderace|Court Change|p1a: Cinderace\n|-start|p1a: Cinderace|typechange|Normal|[from] ability: Libero\n|-swapsideconditions\n|-activate|p1a: Cinderace|move: Court Change\n|move|p2a: Rat Tally|Scale Shot|p1a: Cinderace\n|-damage|p1a: Cinderace|80/100\n|-damage|p1a: Cinderace|62/100\n|-damage|p1a: Cinderace|44/100\n|-damage|p1a: Cinderace|26/100\n|-damage|p1a: Cinderace|6/100\n|-hitcount|p1a: Cinderace|5\n|-unboost|p2a: Rat Tally|def|1\n|-boost|p2a: Rat Tally|spe|1\n|\n|upkeep\n|turn|8\n|\n|t:|1771255491\n|move|p2a: Rat Tally|Earthquake|p1a: Cinderace\n|-damage|p1a: Cinderace|0 fnt\n|faint|p1a: Cinderace\n|\n|upkeep\n|\n|t:|1771255495\n|switch|p1a: Zamazenta|Zamazenta|100/100\n|-damage|p1a: Zamazenta|94/100|[from] Stealth Rock\n|-ability|p1a: Zamazenta|Dauntless Shield|boost\n|-boost|p1a: Zamazenta|def|1\n|turn|9\n|\n|t:|1771255497\n|switch|p2a: Carly Rae|Iron Moth|100/100\n|-sideend|p2: Auburn Hills|move: Toxic Spikes|[of] p2a: Carly Rae\n|-enditem|p2a: Carly Rae|Booster Energy\n|-activate|p2a: Carly Rae|ability: Quark Drive|[fromitem]\n|-start|p2a: Carly Rae|quarkdrivespe\n|move|p1a: Zamazenta|Iron Defense|p1a: Zamazenta\n|-boost|p1a: Zamazenta|def|2\n|\n|-heal|p1a: Zamazenta|100/100|[from] item: Leftovers\n|upkeep\n|turn|10\n|\n|t:|1771255501\n|move|p2a: Carly Rae|Dazzling Gleam|p1a: Zamazenta\n|-supereffective|p1a: Zamazenta\n|-damage|p1a: Zamazenta|59/100\n|move|p1a: Zamazenta|Crunch|p2a: Carly Rae\n|-damage|p2a: Carly Rae|67/100\n|\n|-heal|p1a: Zamazenta|65/100|[from] item: Leftovers\n|upkeep\n|turn|11\n|\n|t:|1771255504\n|switch|p1a: Hatterene|Hatterene, F|100/100\n|-damage|p1a: Hatterene|88/100|[from] Stealth Rock\n|move|p2a: Carly Rae|Dazzling Gleam|p1a: Hatterene\n|-damage|p1a: Hatterene|71/100\n|\n|upkeep\n|turn|12\n|\n|t:|1771255507\n|move|p2a: Carly Rae|Fiery Dance|p1a: Hatterene\n|-damage|p1a: Hatterene|45/100\n|-boost|p2a: Carly Rae|spa|1\n|move|p1a: Hatterene|Psyshock|p2a: Carly Rae\n|-supereffective|p2a: Carly Rae\n|-damage|p2a: Carly Rae|0 fnt\n|faint|p2a: Carly Rae\n|-end|p2a: Carly Rae|Quark Drive|[silent]\n|\n|upkeep\n|\n|t:|1771255511\n|switch|p2a: Rat Tally|Garchomp, F|75/100\n|turn|13\n|\n|t:|1771255513\n|move|p2a: Rat Tally|Earthquake|p1a: Hatterene\n|-damage|p1a: Hatterene|0 fnt\n|faint|p1a: Hatterene\n|\n|upkeep\n|\n|t:|1771255515\n|switch|p1a: Zamazenta|Zamazenta|65/100\n|-damage|p1a: Zamazenta|59/100|[from] Stealth Rock\n|turn|14\n|\n|t:|1771255517\n|switch|p2a: Smino|Gholdengo|100/100\n|move|p1a: Zamazenta|Iron Defense|p1a: Zamazenta\n|-boost|p1a: Zamazenta|def|2\n|\n|-heal|p1a: Zamazenta|65/100|[from] item: Leftovers\n|upkeep\n|turn|15\n|\n|t:|1771255521\n|move|p2a: Smino|Trick|p1a: Zamazenta\n|-activate|p2a: Smino|move: Trick|[of] p1a: Zamazenta\n|-item|p1a: Zamazenta|Choice Scarf|[from] move: Trick\n|-item|p2a: Smino|Leftovers|[from] move: Trick\n|move|p1a: Zamazenta|Crunch|p2a: Smino\n|-supereffective|p2a: Smino\n|-damage|p2a: Smino|52/100\n|\n|-heal|p2a: Smino|58/100|[from] item: Leftovers\n|upkeep\n|turn|16\n|\n|t:|1771255531\n|move|p1a: Zamazenta|Crunch|p2a: Smino\n|-supereffective|p2a: Smino\n|-damage|p2a: Smino|11/100\n|move|p2a: Smino|Make It Rain|p1a: Zamazenta\n|-damage|p1a: Zamazenta|14/100\n|-unboost|p2a: Smino|spa|1\n|\n|-heal|p2a: Smino|17/100|[from] item: Leftovers\n|upkeep\n|turn|17\n|c|☆Auburn Hills|gg\n|-message|getreyal forfeited.\n|\n|win|Auburn Hills\n|raw|getreyal's rating: 1903 &rarr; <strong>1882</strong><br />(-21 for losing)\n|raw|Auburn Hills's rating: 1880 &rarr; <strong>1901</strong><br />(+21 for winning)\n|l|☆getreyal\n|player|p1|\n|l|☆Auburn Hills\n|player|p2|\n|l| Slakinglover64\n|l| shrek5baby\n", "uploadtime": 1771255735, "views": 5, "formatid": "gen9ou", "rating": 1882, "private": 0, "password": null}