{"id": "gen9ou-2647689393", "format": "[Gen 9] OU", "players": ["PheonixOfRa", "Capidaxter"], "log": "|j|☆PheonixOfRa\n|j|☆Capidaxter\n|t:|1783796681\n|gametype|singles\n|player|p1|PheonixOfRa|dawn-gen4pt|1490\n|player|p2|Capidaxter|baker|1542\n|gen|9\n|tier|[Gen 9] OU\n|rated|\n|rule|HP Percentage Mod: HP is shown in percentages\n|rule|Endless Battle Clause: Forcing endless battles is banned\n|rule|Species Clause: Limit one of each Pokémon\n|rule|OHKO Clause: OHKO moves are banned\n|rule|Evasion Items Clause: Evasion items are banned\n|rule|Evasion Moves Clause: Evasion moves are banned\n|rule|Evasion Abilities Clause: Evasion abilities are banned\n|rule|Sleep Moves Clause: Sleep-inducing moves are banned\n|clearpoke\n|poke|p1|Mandibuzz, F|\n|poke|p1|Hippowdon, F|\n|poke|p1|Gholdengo|\n|poke|p1|Garganacl, F|\n|poke|p1|Ogerpon-Wellspring, F|\n|poke|p1|Great Tusk|\n|poke|p2|Dragonite, M|\n|poke|p2|Landorus-Therian, M|\n|poke|p2|Hatterene, F|\n|poke|p2|Volcanion|\n|poke|p2|Kingambit, M|\n|poke|p2|Zamazenta-*|\n|teampreview\n|j| flopacc\n|inactive|Battle timer is ON: inactive players will automatically lose when time's up. (requested by PheonixOfRa)\n|l| flopacc\n|\n|t:|1783796723\n|teamsize|p1|6\n|teamsize|p2|6\n|start\n|switch|p1a: Garganacl|Garganacl, F|100/100\n|switch|p2a: Landorus|Landorus-Therian, M|100/100\n|-ability|p2a: Landorus|Intimidate|boost\n|-unboost|p1a: Garganacl|atk|1\n|turn|1\n|\n|t:|1783796733\n|switch|p1a: Hippowdon|Hippowdon, F|100/100\n|-weather|Sandstorm|[from] ability: Sand Stream|[of] p1a: Hippowdon\n|move|p2a: Landorus|Stealth Rock|p1a: Hippowdon\n|-sidestart|p1: PheonixOfRa|move: Stealth Rock\n|\n|-weather|Sandstorm|[upkeep]\n|upkeep\n|turn|2\n|\n|t:|1783796741\n|move|p2a: Landorus|Taunt|p1a: Hippowdon\n|-start|p1a: Hippowdon|move: Taunt\n|cant|p1a: Hippowdon|move: Taunt|Stealth Rock\n|\n|-weather|Sandstorm|[upkeep]\n|upkeep\n|turn|3\n|\n|t:|1783796764\n|switch|p1a: Great Tusk|Great Tusk|100/100\n|-damage|p1a: Great Tusk|97/100|[from] Stealth Rock\n|move|p2a: Landorus|U-turn|p1a: Great Tusk\n|-resisted|p1a: Great Tusk\n|-damage|p1a: Great Tusk|91/100\n|-damage|p2a: Landorus|84/100|[from] item: Rocky Helmet|[of] p1a: Great Tusk\n|\n|t:|1783796768\n|switch|p2a: Hatterene|Hatterene, F|100/100|[from] U-turn\n|\n|-weather|Sandstorm|[upkeep]\n|-damage|p2a: Hatterene|95/100|[from] Sandstorm\n|-heal|p2a: Hatterene|100/100|[from] item: Leftovers\n|upkeep\n|turn|4\n|\n|t:|1783796782\n|-end|p1a: Great Tusk|Protosynthesis|[silent]\n|switch|p1a: Gholdengo|Gholdengo|100/100\n|-damage|p1a: Gholdengo|94/100|[from] Stealth Rock\n|move|p2a: Hatterene|Psychic Noise|p1a: Gholdengo\n|-resisted|p1a: Gholdengo\n|-damage|p1a: Gholdengo|76/100\n|-start|p1a: Gholdengo|move: Heal Block\n|\n|-weather|Sandstorm|[upkeep]\n|-damage|p2a: Hatterene|95/100|[from] Sandstorm\n|-heal|p2a: Hatterene|100/100|[from] item: Leftovers\n|upkeep\n|turn|5\n|\n|t:|1783796805\n|switch|p2a: Kingambit|Kingambit, M|100/100\n|move|p1a: Gholdengo|Shadow Ball|p2a: Kingambit\n|-resisted|p2a: Kingambit\n|-damage|p2a: Kingambit|67/100\n|\n|-weather|none\n|-heal|p2a: Kingambit|73/100|[from] item: Leftovers\n|-end|p1a: Gholdengo|move: Heal Block\n|upkeep\n|turn|6\n|\n|t:|1783796820\n|switch|p1a: Great Tusk|Great Tusk|91/100\n|-damage|p1a: Great Tusk|88/100|[from] Stealth Rock\n|-end|p2a: Kingambit|fallenundefined|[silent]\n|switch|p2a: Landorus|Landorus-Therian, M|84/100\n|-ability|p2a: Landorus|Intimidate|boost\n|-unboost|p1a: Great Tusk|atk|1\n|\n|upkeep\n|turn|7\n|\n|t:|1783796831\n|switch|p2a: Hatterene|Hatterene, F|100/100\n|move|p1a: Great Tusk|Rapid Spin|p2a: Hatterene\n|-damage|p2a: Hatterene|93/100\n|-boost|p1a: Great Tusk|spe|1\n|-sideend|p1: PheonixOfRa|Stealth Rock|[from] move: Rapid Spin|[of] p1a: Great Tusk\n|\n|-heal|p2a: Hatterene|99/100|[from] item: Leftovers\n|upkeep\n|turn|8\n|\n|t:|1783796840\n|-end|p1a: Great Tusk|Protosynthesis|[silent]\n|switch|p1a: Hippowdon|Hippowdon, F|100/100\n|-weather|Sandstorm|[from] ability: Sand Stream|[of] p1a: Hippowdon\n|switch|p2a: Volcanion|Volcanion|100/100\n|\n|-weather|Sandstorm|[upkeep]\n|-damage|p2a: Volcanion|94/100|[from] Sandstorm\n|upkeep\n|turn|9\n|\n|t:|1783796852\n|switch|p1a: Ogerpon|Ogerpon-Wellspring, F|100/100\n|move|p2a: Volcanion|Flamethrower|p1a: Ogerpon\n|-damage|p1a: Ogerpon|41/100\n|-status|p1a: Ogerpon|brn\n|\n|-weather|Sandstorm|[upkeep]\n|-damage|p1a: Ogerpon|35/100 brn|[from] Sandstorm\n|-damage|p2a: Volcanion|88/100|[from] Sandstorm\n|-damage|p1a: Ogerpon|29/100 brn|[from] brn\n|upkeep\n|turn|10\n|\n|t:|1783796866\n|move|p1a: Ogerpon|Power Whip|p2a: Volcanion\n|-damage|p2a: Volcanion|58/100\n|move|p2a: Volcanion|Flamethrower|p1a: Ogerpon\n|-damage|p1a: Ogerpon|0 fnt\n|faint|p1a: Ogerpon\n|\n|-weather|Sandstorm|[upkeep]\n|-damage|p2a: Volcanion|52/100|[from] Sandstorm\n|upkeep\n|\n|t:|1783796887\n|switch|p1a: Gholdengo|Gholdengo|76/100\n|turn|11\n|\n|t:|1783796894\n|switch|p2a: Kingambit|Kingambit, M|73/100\n|move|p1a: Gholdengo|Shadow Ball|p2a: Kingambit\n|-resisted|p2a: Kingambit\n|-damage|p2a: Kingambit|40/100\n|\n|-weather|Sandstorm|[upkeep]\n|-heal|p2a: Kingambit|46/100|[from] item: Leftovers\n|upkeep\n|turn|12\n|\n|t:|1783796910\n|switch|p1a: Great Tusk|Great Tusk|88/100\n|move|p2a: Kingambit|Low Kick|p1a: Great Tusk\n|-damage|p1a: Great Tusk|58/100\n|-damage|p2a: Kingambit|29/100|[from] item: Rocky Helmet|[of] p1a: Great Tusk\n|\n|-weather|none\n|-heal|p2a: Kingambit|35/100|[from] item: Leftovers\n|upkeep\n|turn|13\n|\n|t:|1783796917\n|-end|p2a: Kingambit|fallenundefined|[silent]\n|switch|p2a: Hatterene|Hatterene, F|99/100\n|move|p1a: Great Tusk|Ice Spinner|p2a: Hatterene\n|-damage|p2a: Hatterene|82/100\n|\n|-heal|p2a: Hatterene|88/100|[from] item: Leftovers\n|upkeep\n|turn|14\n|\n|t:|1783796927\n|-end|p1a: Great Tusk|Protosynthesis|[silent]\n|switch|p1a: Hippowdon|Hippowdon, F|100/100\n|-weather|Sandstorm|[from] ability: Sand Stream|[of] p1a: Hippowdon\n|move|p2a: Hatterene|Psychic Noise|p1a: Hippowdon\n|-damage|p1a: Hippowdon|77/100\n|-start|p1a: Hippowdon|move: Heal Block\n|\n|-weather|Sandstorm|[upkeep]\n|-damage|p2a: Hatterene|82/100|[from] Sandstorm\n|-heal|p2a: Hatterene|88/100|[from] item: Leftovers\n|upkeep\n|turn|15\n|\n|t:|1783796939\n|switch|p1a: Gholdengo|Gholdengo|76/100\n|move|p2a: Hatterene|Calm Mind|p2a: Hatterene\n|-boost|p2a: Hatterene|spa|1\n|-boost|p2a: Hatterene|spd|1\n|\n|-weather|Sandstorm|[upkeep]\n|-damage|p2a: Hatterene|82/100|[from] Sandstorm\n|-heal|p2a: Hatterene|88/100|[from] item: Leftovers\n|upkeep\n|turn|16\n|\n|t:|1783796956\n|switch|p2a: Kingambit|Kingambit, M|35/100\n|move|p1a: Gholdengo|Make It Rain|p2a: Kingambit\n|-resisted|p2a: Kingambit\n|-damage|p2a: Kingambit|0 fnt\n|-unboost|p1a: Gholdengo|spa|1\n|faint|p2a: Kingambit\n|-end|p2a: Kingambit|fallenundefined|[silent]\n|\n|-weather|Sandstorm|[upkeep]\n|upkeep\n|\n|t:|1783796961\n|switch|p2a: Volcanion|Volcanion|52/100\n|turn|17\n|inactive|PheonixOfRa has 120 seconds left.\n|inactive|PheonixOfRa has 90 seconds left.\n|\n|t:|1783797032\n|switch|p1a: Mandibuzz|Mandibuzz, F|100/100\n|move|p2a: Volcanion|Steam Eruption|p1a: Mandibuzz\n|-damage|p1a: Mandibuzz|45/100\n|\n|-weather|Sandstorm|[upkeep]\n|-damage|p2a: Volcanion|46/100|[from] Sandstorm\n|upkeep\n|turn|18\n|inactive|PheonixOfRa has 60 seconds left.\n|\n|t:|1783797086\n|switch|p1a: Hippowdon|Hippowdon, F|77/100\n|move|p2a: Volcanion|Steam Eruption|p1a: Hippowdon\n|-supereffective|p1a: Hippowdon\n|-damage|p1a: Hippowdon|0 fnt\n|faint|p1a: Hippowdon\n|\n|-weather|none\n|upkeep\n|\n|t:|1783797088\n|switch|p1a: Garganacl|Garganacl, F|100/100\n|turn|19\n|\n|t:|1783797096\n|-terastallize|p1a: Garganacl|Water\n|move|p2a: Volcanion|Steam Eruption|p1a: Garganacl\n|-resisted|p1a: Garganacl\n|-damage|p1a: Garganacl|78/100\n|move|p1a: Garganacl|Curse|p1a: Garganacl\n|-unboost|p1a: Garganacl|spe|1\n|-boost|p1a: Garganacl|atk|1\n|-boost|p1a: Garganacl|def|1\n|\n|-heal|p1a: Garganacl|84/100|[from] item: Leftovers\n|upkeep\n|turn|20\n|\n|t:|1783797107\n|switch|p2a: Zamazenta|Zamazenta|100/100\n|-ability|p2a: Zamazenta|Dauntless Shield|boost\n|-boost|p2a: Zamazenta|def|1\n|move|p1a: Garganacl|Salt Cure|p2a: Zamazenta\n|-resisted|p2a: Zamazenta\n|-damage|p2a: Zamazenta|96/100\n|-start|p2a: Zamazenta|Salt Cure\n|\n|-heal|p2a: Zamazenta|100/100|[from] item: Leftovers\n|-heal|p1a: Garganacl|90/100|[from] item: Leftovers\n|-damage|p2a: Zamazenta|88/100|[from] Salt Cure\n|upkeep\n|turn|21\n|inactive|PheonixOfRa has 60 seconds left.\n|\n|t:|1783797120\n|switch|p1a: Great Tusk|Great Tusk|58/100\n|move|p2a: Zamazenta|Roar|p1a: Great Tusk\n|-end|p1a: Great Tusk|Protosynthesis|[silent]\n|drag|p1a: Garganacl|Garganacl, F, tera:Water|90/100\n|\n|-heal|p2a: Zamazenta|94/100|[from] item: Leftovers\n|-heal|p1a: Garganacl|97/100|[from] item: Leftovers\n|-damage|p2a: Zamazenta|82/100|[from] Salt Cure\n|upkeep\n|turn|22\n|inactive|PheonixOfRa has 60 seconds left.\n|\n|t:|1783797134\n|switch|p2a: Hatterene|Hatterene, F|88/100\n|switch|p1a: Gholdengo|Gholdengo|76/100\n|\n|-heal|p2a: Hatterene|94/100|[from] item: Leftovers\n|upkeep\n|turn|23\n|inactive|PheonixOfRa has 60 seconds left.\n|\n|t:|1783797155\n|move|p1a: Gholdengo|Shadow Ball|p2a: Hatterene\n|-supereffective|p2a: Hatterene\n|-damage|p2a: Hatterene|0 fnt\n|faint|p2a: Hatterene\n|\n|upkeep\n|\n|t:|1783797163\n|switch|p2a: Dragonite|Dragonite, M|100/100\n|turn|24\n|\n|t:|1783797172\n|switch|p1a: Great Tusk|Great Tusk|58/100\n|move|p2a: Dragonite|Dragon Dance|p2a: Dragonite\n|-boost|p2a: Dragonite|atk|1\n|-boost|p2a: Dragonite|spe|1\n|\n|upkeep\n|turn|25\n|\n|t:|1783797176\n|move|p2a: Dragonite|Scale Shot|p1a: Great Tusk\n|-damage|p1a: Great Tusk|44/100\n|-damage|p1a: Great Tusk|30/100\n|-damage|p1a: Great Tusk|15/100\n|-damage|p1a: Great Tusk|1/100\n|-damage|p1a: Great Tusk|0 fnt\n|faint|p1a: Great Tusk\n|-end|p1a: Great Tusk|Protosynthesis|[silent]\n|-hitcount|p1: Great Tusk|5\n|-unboost|p2a: Dragonite|def|1\n|-boost|p2a: Dragonite|spe|1\n|\n|upkeep\n|\n|t:|1783797199\n|switch|p1a: Gholdengo|Gholdengo|76/100\n|turn|26\n|\n|t:|1783797210\n|-terastallize|p2a: Dragonite|Fire\n|move|p2a: Dragonite|Fire Punch|p1a: Gholdengo\n|-supereffective|p1a: Gholdengo\n|-damage|p1a: Gholdengo|0 fnt\n|faint|p1a: Gholdengo\n|\n|upkeep\n|\n|t:|1783797225\n|switch|p1a: Garganacl|Garganacl, F, tera:Water|97/100\n|turn|27\n|\n|t:|1783797238\n|move|p2a: Dragonite|Scale Shot|p1a: Garganacl\n|-damage|p1a: Garganacl|81/100\n|-damage|p1a: Garganacl|66/100\n|-damage|p1a: Garganacl|51/100\n|-damage|p1a: Garganacl|37/100\n|-damage|p1a: Garganacl|24/100\n|-hitcount|p1a: Garganacl|5\n|-unboost|p2a: Dragonite|def|1\n|-boost|p2a: Dragonite|spe|1\n|move|p1a: Garganacl|Salt Cure|p2a: Dragonite\n|-supereffective|p2a: Dragonite\n|-damage|p2a: Dragonite|72/100\n|-start|p2a: Dragonite|Salt Cure\n|\n|-heal|p1a: Garganacl|30/100|[from] item: Leftovers\n|-damage|p2a: Dragonite|60/100|[from] Salt Cure\n|upkeep\n|turn|28\n|\n|t:|1783797250\n|move|p2a: Dragonite|Encore|p1a: Garganacl\n|-start|p1a: Garganacl|Encore\n|move|p1a: Garganacl|Salt Cure|p2a: Dragonite\n|-supereffective|p2a: Dragonite\n|-damage|p2a: Dragonite|0 fnt\n|faint|p2a: Dragonite\n|\n|-heal|p1a: Garganacl|36/100|[from] item: Leftovers\n|upkeep\n|\n|t:|1783797256\n|switch|p2a: Zamazenta|Zamazenta|82/100\n|turn|29\n|\n|t:|1783797261\n|switch|p1a: Mandibuzz|Mandibuzz, F|45/100\n|move|p2a: Zamazenta|Iron Defense|p2a: Zamazenta\n|-boost|p2a: Zamazenta|def|2\n|\n|-heal|p2a: Zamazenta|88/100|[from] item: Leftovers\n|upkeep\n|turn|30\n|inactive|PheonixOfRa has 90 seconds left.\n|\n|t:|1783797270\n|move|p2a: Zamazenta|Body Press|p1a: Mandibuzz\n|-damage|p1a: Mandibuzz|5/100\n|move|p1a: Mandibuzz|Toxic|p2a: Zamazenta\n|-status|p2a: Zamazenta|tox\n|\n|-heal|p2a: Zamazenta|94/100 tox|[from] item: Leftovers\n|-damage|p2a: Zamazenta|88/100 tox|[from] psn\n|upkeep\n|turn|31\n|\n|t:|1783797275\n|move|p2a: Zamazenta|Body Press|p1a: Mandibuzz\n|-damage|p1a: Mandibuzz|0 fnt\n|faint|p1a: Mandibuzz\n|\n|-heal|p2a: Zamazenta|94/100 tox|[from] item: Leftovers\n|-damage|p2a: Zamazenta|82/100 tox|[from] psn\n|upkeep\n|\n|t:|1783797276\n|switch|p1a: Garganacl|Garganacl, F, tera:Water|36/100\n|turn|32\n|\n|t:|1783797284\n|move|p2a: Zamazenta|Body Press|p1a: Garganacl\n|-damage|p1a: Garganacl|0 fnt\n|faint|p1a: Garganacl\n|\n|win|Capidaxter\n|raw|PheonixOfRa's rating: 1490 &rarr; <strong>1473</strong><br />(-17 for losing)\n|raw|Capidaxter's rating: 1542 &rarr; <strong>1559</strong><br />(+17 for winning)\n|l|☆Capidaxter\n|player|p2|\n|l|☆PheonixOfRa\n|player|p1|\n", "uploadtime": 1783797478, "views": 10, "formatid": "gen9ou", "rating": 1473, "private": 0, "password": null}