{"id": "gen9ou-2639237604", "format": "[Gen 9] OU", "players": ["thepeakmons", "j5thekid"], "log": "|j|☆thepeakmons\n|j|☆j5thekid\n|t:|1782438607\n|gametype|singles\n|player|p1|thepeakmons|101|1178\n|player|p2|j5thekid|alder|1169\n|gen|9\n|tier|[Gen 9] OU\n|rated|\n|rule|HP Percentage Mod: HP is shown in percentages\n|rule|Endless Battle Clause: Forcing endless battles is banned\n|rule|Species Clause: Limit one of each Pokémon\n|rule|OHKO Clause: OHKO moves are banned\n|rule|Evasion Items Clause: Evasion items are banned\n|rule|Evasion Moves Clause: Evasion moves are banned\n|rule|Evasion Abilities Clause: Evasion abilities are banned\n|rule|Sleep Moves Clause: Sleep-inducing moves are banned\n|clearpoke\n|poke|p1|Gliscor, M|\n|poke|p1|Gholdengo|\n|poke|p1|Zamazenta-*|\n|poke|p1|Blissey, F|\n|poke|p1|Skarmory, M|\n|poke|p1|Pecharunt|\n|poke|p2|Meowscarada, F|\n|poke|p2|Iron Moth|\n|poke|p2|Primarina, M|\n|poke|p2|Glimmora, F|\n|poke|p2|Excadrill, F|\n|poke|p2|Magnezone|\n|teampreview\n|inactive|Battle timer is ON: inactive players will automatically lose when time's up. (requested by thepeakmons)\n|\n|t:|1782438626\n|teamsize|p1|6\n|teamsize|p2|6\n|start\n|switch|p1a: Gliscor|Gliscor, M|100/100\n|switch|p2a: Glimmora|Glimmora, F|100/100\n|turn|1\n|\n|t:|1782438651\n|move|p2a: Glimmora|Stealth Rock|p1a: Gliscor\n|-sidestart|p1: thepeakmons|move: Stealth Rock\n|move|p1a: Gliscor|Earthquake|p2a: Glimmora\n|-supereffective|p2a: Glimmora\n|-enditem|p2a: Glimmora|Focus Sash\n|-damage|p2a: Glimmora|1/100\n|-activate|p2a: Glimmora|ability: Toxic Debris\n|-sidestart|p1: thepeakmons|move: Toxic Spikes\n|\n|-status|p1a: Gliscor|tox|[from] item: Toxic Orb\n|upkeep\n|turn|2\n|\n|t:|1782438665\n|move|p2a: Glimmora|Power Gem|p1a: Gliscor\n|-damage|p1a: Gliscor|62/100 tox\n|move|p1a: Gliscor|Earthquake|p2a: Glimmora\n|-supereffective|p2a: Glimmora\n|-damage|p2a: Glimmora|0 fnt\n|-activate|p2a: Glimmora|ability: Toxic Debris\n|-sidestart|p1: thepeakmons|move: Toxic Spikes\n|faint|p2a: Glimmora\n|\n|-heal|p1a: Gliscor|75/100 tox|[from] ability: Poison Heal\n|upkeep\n|inactive|j5thekid has 120 seconds left.\n|inactive|j5thekid has 90 seconds left.\n|inactive|j5thekid has 60 seconds left.\n|\n|t:|1782438758\n|switch|p2a: Meowscarada|Meowscarada, F|100/100\n|turn|3\n|\n|t:|1782438770\n|move|p1a: Gliscor|Protect|p1a: Gliscor\n|-singleturn|p1a: Gliscor|Protect\n|move|p2a: Meowscarada|Triple Axel|p1a: Gliscor\n|-start|p2a: Meowscarada|typechange|Ice|[from] ability: Protean\n|-activate|p1a: Gliscor|move: Protect\n|\n|-heal|p1a: Gliscor|87/100 tox|[from] ability: Poison Heal\n|upkeep\n|turn|4\n|\n|t:|1782438784\n|switch|p1a: Zamazenta|Zamazenta|100/100\n|-ability|p1a: Zamazenta|Dauntless Shield|boost\n|-boost|p1a: Zamazenta|def|1\n|move|p2a: Meowscarada|Triple Axel|p1a: Zamazenta\n|-damage|p1a: Zamazenta|93/100\n|-damage|p1a: Zamazenta|78/100\n|-damage|p1a: Zamazenta|54/100\n|-hitcount|p1a: Zamazenta|3\n|-damage|p2a: Meowscarada|91/100|[from] item: Life Orb\n|\n|upkeep\n|turn|5\n|\n|t:|1782438792\n|move|p1a: Zamazenta|Close Combat|p2a: Meowscarada\n|-supereffective|p2a: Meowscarada\n|-damage|p2a: Meowscarada|0 fnt\n|-unboost|p1a: Zamazenta|def|1\n|-unboost|p1a: Zamazenta|spd|1\n|faint|p2a: Meowscarada\n|\n|upkeep\n|\n|t:|1782438796\n|switch|p2a: Primarina|Primarina, M|100/100\n|turn|6\n|\n|t:|1782438809\n|switch|p1a: Blissey|Blissey, F|100/100\n|move|p2a: Primarina|Moonblast|p1a: Blissey\n|-damage|p1a: Blissey|83/100\n|\n|upkeep\n|turn|7\n|\n|t:|1782438829\n|move|p2a: Primarina|Ice Beam|p1a: Blissey\n|-damage|p1a: Blissey|73/100\n|move|p1a: Blissey|Stealth Rock|p2a: Primarina\n|-sidestart|p2: j5thekid|move: Stealth Rock\n|\n|upkeep\n|turn|8\n|inactive|j5thekid has 90 seconds left.\n|inactive|j5thekid has 60 seconds left.\n|\n|t:|1782438887\n|move|p2a: Primarina|Flip Turn|p1a: Blissey\n|-damage|p1a: Blissey|58/100\n|\n|t:|1782438890\n|switch|p2a: Iron Moth|Iron Moth|100/100|[from] Flip Turn\n|-damage|p2a: Iron Moth|76/100|[from] Stealth Rock\n|-enditem|p2a: Iron Moth|Booster Energy\n|-activate|p2a: Iron Moth|ability: Quark Drive|[fromitem]\n|-start|p2a: Iron Moth|quarkdrivespa\n|move|p1a: Blissey|Calm Mind|p1a: Blissey\n|-boost|p1a: Blissey|spa|1\n|-boost|p1a: Blissey|spd|1\n|\n|upkeep\n|turn|9\n|inactive|j5thekid has 60 seconds left.\n|\n|t:|1782438901\n|move|p2a: Iron Moth|Fiery Dance|p1a: Blissey\n|-damage|p1a: Blissey|47/100\n|-boost|p2a: Iron Moth|spa|1\n|move|p1a: Blissey|Soft-Boiled|p1a: Blissey\n|-heal|p1a: Blissey|97/100\n|\n|upkeep\n|turn|10\n|inactive|j5thekid has 60 seconds left.\n|\n|t:|1782438923\n|-end|p2a: Iron Moth|Quark Drive|[silent]\n|switch|p2a: Excadrill|Excadrill, F|100/100\n|-damage|p2a: Excadrill|97/100|[from] Stealth Rock\n|-ability|p2a: Excadrill|Mold Breaker\n|move|p1a: Blissey|Calm Mind|p1a: Blissey\n|-boost|p1a: Blissey|spa|1\n|-boost|p1a: Blissey|spd|1\n|\n|-heal|p2a: Excadrill|100/100|[from] item: Leftovers\n|upkeep\n|turn|11\n|\n|t:|1782438932\n|switch|p1a: Zamazenta|Zamazenta|54/100\n|move|p2a: Excadrill|Rapid Spin|p1a: Zamazenta\n|-damage|p1a: Zamazenta|38/100\n|-boost|p2a: Excadrill|spe|1\n|-sideend|p2: j5thekid|Stealth Rock|[from] move: Rapid Spin|[of] p2a: Excadrill\n|\n|upkeep\n|turn|12\n|\n|t:|1782438956\n|move|p2a: Excadrill|Swords Dance|p2a: Excadrill\n|-boost|p2a: Excadrill|atk|2\n|move|p1a: Zamazenta|Close Combat|p2a: Excadrill\n|-supereffective|p2a: Excadrill\n|-damage|p2a: Excadrill|0 fnt\n|-unboost|p1a: Zamazenta|def|1\n|-unboost|p1a: Zamazenta|spd|1\n|faint|p2a: Excadrill\n|\n|upkeep\n|\n|t:|1782438963\n|switch|p2a: Iron Moth|Iron Moth|76/100\n|turn|13\n|\n|t:|1782438987\n|switch|p1a: Blissey|Blissey, F|97/100\n|move|p2a: Iron Moth|Dazzling Gleam|p1a: Blissey\n|-damage|p1a: Blissey|88/100\n|\n|upkeep\n|turn|14\n|\n|t:|1782439002\n|-end|p2a: Iron Moth|Quark Drive|[silent]\n|switch|p2a: Magnezone|Magnezone|100/100\n|-item|p2a: Magnezone|Air Balloon\n|move|p1a: Blissey|Calm Mind|p1a: Blissey\n|-boost|p1a: Blissey|spa|1\n|-boost|p1a: Blissey|spd|1\n|\n|upkeep\n|turn|15\n|inactive|thepeakmons has 120 seconds left.\n|\n|t:|1782439023\n|move|p2a: Magnezone|Body Press|p1a: Blissey\n|-supereffective|p1a: Blissey\n|-damage|p1a: Blissey|48/100\n|move|p1a: Blissey|Soft-Boiled|p1a: Blissey\n|-heal|p1a: Blissey|98/100\n|\n|upkeep\n|turn|16\n|inactive|thepeakmons has 120 seconds left.\n|inactive|j5thekid has 60 seconds left.\n|\n|t:|1782439052\n|move|p2a: Magnezone|Body Press|p1a: Blissey\n|-supereffective|p1a: Blissey\n|-damage|p1a: Blissey|52/100\n|move|p1a: Blissey|Stealth Rock|p2a: Magnezone\n|-sidestart|p2: j5thekid|move: Stealth Rock\n|\n|upkeep\n|turn|17\n|inactive|thepeakmons has 90 seconds left.\n|\n|t:|1782439082\n|move|p2a: Magnezone|Body Press|p1a: Blissey\n|-supereffective|p1a: Blissey\n|-damage|p1a: Blissey|9/100\n|move|p1a: Blissey|Soft-Boiled|p1a: Blissey\n|-heal|p1a: Blissey|59/100\n|\n|upkeep\n|turn|18\n|inactive|thepeakmons has 90 seconds left.\n|\n|t:|1782439102\n|move|p2a: Magnezone|Body Press|p1a: Blissey\n|-supereffective|p1a: Blissey\n|-damage|p1a: Blissey|15/100\n|move|p1a: Blissey|Soft-Boiled|p1a: Blissey\n|-heal|p1a: Blissey|65/100\n|\n|upkeep\n|turn|19\n|inactive|thepeakmons has 90 seconds left.\n|\n|t:|1782439123\n|switch|p1a: Zamazenta|Zamazenta|38/100\n|move|p2a: Magnezone|Body Press|p1a: Zamazenta\n|-damage|p1a: Zamazenta|18/100\n|\n|upkeep\n|turn|20\n|\n|t:|1782439142\n|move|p1a: Zamazenta|Close Combat|p2a: Magnezone\n|-supereffective|p2a: Magnezone\n|-damage|p2a: Magnezone|0 fnt\n|-unboost|p1a: Zamazenta|def|1\n|-unboost|p1a: Zamazenta|spd|1\n|-enditem|p2a: Magnezone|Air Balloon\n|faint|p2a: Magnezone\n|\n|upkeep\n|\n|t:|1782439147\n|switch|p2a: Primarina|Primarina, M|100/100\n|-damage|p2a: Primarina|88/100|[from] Stealth Rock\n|turn|21\n|\n|t:|1782439155\n|move|p1a: Zamazenta|Heavy Slam|p2a: Primarina\n|-damage|p2a: Primarina|48/100\n|move|p2a: Primarina|Moonblast|p1a: Zamazenta\n|-supereffective|p1a: Zamazenta\n|-damage|p1a: Zamazenta|0 fnt\n|faint|p1a: Zamazenta\n|\n|upkeep\n|\n|t:|1782439172\n|switch|p1a: Pecharunt|Pecharunt|100/100\n|-sideend|p1: thepeakmons|move: Toxic Spikes|[of] p1a: Pecharunt\n|turn|22\n|\n|t:|1782439192\n|move|p1a: Pecharunt|Parting Shot|p2a: Primarina\n|-unboost|p2a: Primarina|atk|1\n|-unboost|p2a: Primarina|spa|1\n|\n|t:|1782439200\n|switch|p1a: Blissey|Blissey, F|65/100|[from] Parting Shot\n|move|p2a: Primarina|Ice Beam|p1a: Blissey\n|-damage|p1a: Blissey|58/100\n|\n|upkeep\n|turn|23\n|\n|t:|1782439213\n|move|p2a: Primarina|Ice Beam|p1a: Blissey\n|-damage|p1a: Blissey|51/100\n|move|p1a: Blissey|Calm Mind|p1a: Blissey\n|-boost|p1a: Blissey|spa|1\n|-boost|p1a: Blissey|spd|1\n|\n|upkeep\n|turn|24\n|inactive|j5thekid has 90 seconds left.\n|\n|t:|1782439220\n|move|p2a: Primarina|Ice Beam|p1a: Blissey\n|-damage|p1a: Blissey|46/100\n|move|p1a: Blissey|Calm Mind|p1a: Blissey\n|-boost|p1a: Blissey|spa|1\n|-boost|p1a: Blissey|spd|1\n|\n|upkeep\n|turn|25\n|inactive|thepeakmons has 90 seconds left.\n|\n|t:|1782439229\n|move|p2a: Primarina|Moonblast|p1a: Blissey\n|-damage|p1a: Blissey|40/100\n|move|p1a: Blissey|Shadow Ball|p2a: Primarina\n|-damage|p2a: Primarina|32/100\n|\n|upkeep\n|turn|26\n|inactive|thepeakmons has 90 seconds left.\n|inactive|j5thekid has 90 seconds left.\n|\n|t:|1782439246\n|move|p2a: Primarina|Moonblast|p1a: Blissey\n|-damage|p1a: Blissey|35/100\n|move|p1a: Blissey|Soft-Boiled|p1a: Blissey\n|-heal|p1a: Blissey|85/100\n|\n|upkeep\n|turn|27\n|\n|t:|1782439255\n|switch|p2a: Iron Moth|Iron Moth|76/100\n|-damage|p2a: Iron Moth|51/100|[from] Stealth Rock\n|move|p1a: Blissey|Shadow Ball|p2a: Iron Moth\n|-damage|p2a: Iron Moth|18/100\n|\n|upkeep\n|turn|28\n|\n|t:|1782439268\n|-terastallize|p2a: Iron Moth|Grass\n|move|p2a: Iron Moth|Energy Ball|p1a: Blissey\n|-damage|p1a: Blissey|77/100\n|move|p1a: Blissey|Shadow Ball|p2a: Iron Moth\n|-damage|p2a: Iron Moth|0 fnt\n|faint|p2a: Iron Moth\n|-end|p2a: Iron Moth|Quark Drive|[silent]\n|\n|upkeep\n|\n|t:|1782439270\n|switch|p2a: Primarina|Primarina, M|32/100\n|-damage|p2a: Primarina|19/100|[from] Stealth Rock\n|turn|29\n|-message|j5thekid forfeited.\n|\n|win|thepeakmons\n|raw|thepeakmons's rating: 1127 &rarr; <strong>1155</strong><br />(+28 for winning)\n|raw|j5thekid's rating: 1169 &rarr; <strong>1141</strong><br />(-28 for losing)\n|l|☆j5thekid\n|player|p2|\n", "uploadtime": 1782439283, "views": 16, "formatid": "gen9ou", "rating": 1141, "private": 0, "password": null}