{"id": "gen9ou-2647770200", "format": "[Gen 9] OU", "players": ["imsocooltbh", "SupaJello"], "log": "|j|☆imsocooltbh\n|j|☆SupaJello\n|inactive|Battle timer is ON: inactive players will automatically lose when time's up.\n|t:|1783809549\n|gametype|singles\n|player|p1|imsocooltbh|lady|\n|player|p2|SupaJello|hilbert|\n|gen|9\n|tier|[Gen 9] OU\n|rated|Tournament battle\n|rule|HP Percentage Mod: HP is shown in percentages\n|rule|Endless Battle Clause: Forcing endless battles is banned\n|rule|Species Clause: Limit one of each Pokémon\n|rule|OHKO Clause: OHKO moves are banned\n|rule|Evasion Items Clause: Evasion items are banned\n|rule|Evasion Moves Clause: Evasion moves are banned\n|rule|Evasion Abilities Clause: Evasion abilities are banned\n|rule|Sleep Moves Clause: Sleep-inducing moves are banned\n|raw|<div class=\"infobox\"><details class=\"readmore\"><summary><strong>15 custom rules:</strong></summary> -burmy, -caterpie, -combee, -kricketot, -magikarp, -scatterbug, -sunkern, -tynamo, -typenull, -weedle, -wurmple, -cosmog, -blipbug, -snom, -wynaut</details></div>\n|clearpoke\n|poke|p1|Clauncher, F|\n|poke|p1|Chimchar, F|\n|poke|p1|Shroodle, M|\n|poke|p1|Mareep, M|\n|poke|p1|Crawdaunt, M|\n|poke|p2|Skwovet, F|\n|poke|p2|Inkay, F|\n|poke|p2|Espurr, F|\n|poke|p2|Litwick, M|\n|poke|p2|Glimmora, F|\n|teampreview\n|j|*Lady Monita \n|inactive|SupaJello also wants the timer to be on.\n|c|☆imsocooltbh|glhf\n|c|☆SupaJello|u2\n|\n|t:|1783809556\n|teamsize|p1|5\n|teamsize|p2|5\n|start\n|switch|p1a: Clauncher|Clauncher, F|100/100\n|switch|p2a: Espurr|Espurr, F|100/100\n|turn|1\n|\n|t:|1783809563\n|move|p2a: Espurr|Fake Out|p1a: Clauncher\n|-damage|p1a: Clauncher|95/100\n|cant|p1a: Clauncher|flinch\n|\n|upkeep\n|turn|2\n|\n|t:|1783809566\n|move|p2a: Espurr|Light Screen|p2a: Espurr\n|-sidestart|p2: SupaJello|move: Light Screen\n|move|p1a: Clauncher|Dark Pulse|p2a: Espurr\n|-supereffective|p2a: Espurr\n|-damage|p2a: Espurr|60/100\n|\n|upkeep\n|turn|3\n|\n|t:|1783809569\n|move|p2a: Espurr|Reflect|p2a: Espurr\n|-sidestart|p2: SupaJello|Reflect\n|move|p1a: Clauncher|Dark Pulse|p2a: Espurr\n|-supereffective|p2a: Espurr\n|-damage|p2a: Espurr|14/100\n|\n|upkeep\n|turn|4\n|\n|t:|1783809571\n|move|p2a: Espurr|Psychic|p1a: Clauncher\n|-damage|p1a: Clauncher|72/100\n|move|p1a: Clauncher|Dark Pulse|p2a: Espurr\n|-supereffective|p2a: Espurr\n|-damage|p2a: Espurr|0 fnt\n|faint|p2a: Espurr\n|\n|upkeep\n|\n|t:|1783809578\n|switch|p2a: Skwovet|Skwovet, F|100/100\n|turn|5\n|\n|t:|1783809583\n|move|p1a: Clauncher|Flip Turn|p2a: Skwovet\n|-damage|p2a: Skwovet|91/100\n|\n|t:|1783809591\n|switch|p1a: Crawdaunt|Crawdaunt, M|100/100|[from] Flip Turn\n|move|p2a: Skwovet|Amnesia|p2a: Skwovet\n|-boost|p2a: Skwovet|spd|2\n|\n|upkeep\n|turn|6\n|\n|t:|1783809595\n|move|p1a: Crawdaunt|Swords Dance|p1a: Crawdaunt\n|-boost|p1a: Crawdaunt|atk|2\n|move|p2a: Skwovet|Body Slam|p1a: Crawdaunt\n|-damage|p1a: Crawdaunt|72/100\n|\n|upkeep\n|turn|7\n|\n|t:|1783809600\n|-terastallize|p1a: Crawdaunt|Water\n|move|p1a: Crawdaunt|Crabhammer|p2a: Skwovet\n|-damage|p2a: Skwovet|0 fnt\n|faint|p2a: Skwovet\n|-damage|p1a: Crawdaunt|62/100|[from] item: Life Orb\n|\n|upkeep\n|\n|t:|1783809603\n|switch|p2a: Glimmora|Glimmora, F|100/100\n|turn|8\n|\n|t:|1783809605\n|-terastallize|p2a: Glimmora|Grass\n|move|p2a: Glimmora|Energy Ball|p1a: Crawdaunt\n|-supereffective|p1a: Crawdaunt\n|-damage|p1a: Crawdaunt|0 fnt\n|faint|p1a: Crawdaunt\n|\n|upkeep\n|\n|t:|1783809610\n|switch|p1a: Chimchar|Chimchar, F|100/100\n|turn|9\n|\n|t:|1783809616\n|move|p2a: Glimmora|Meteor Beam||[still]\n|-prepare|p2a: Glimmora|Meteor Beam\n|-boost|p2a: Glimmora|spa|1\n|-enditem|p2a: Glimmora|Power Herb\n|-anim|p2a: Glimmora|Meteor Beam|p1a: Chimchar\n|-supereffective|p1a: Chimchar\n|-damage|p1a: Chimchar|0 fnt\n|faint|p1a: Chimchar\n|\n|-sideend|p2: SupaJello|move: Light Screen\n|upkeep\n|\n|t:|1783809619\n|switch|p1a: Shroodle|Shroodle, M|100/100\n|turn|10\n|\n|t:|1783809621\n|move|p1a: Shroodle|Parting Shot|p2a: Glimmora\n|-unboost|p2a: Glimmora|atk|1\n|-unboost|p2a: Glimmora|spa|1\n|\n|t:|1783809628\n|switch|p1a: Mareep|Mareep, M, shiny|100/100|[from] Parting Shot\n|move|p2a: Glimmora|Power Gem|p1a: Mareep\n|-damage|p1a: Mareep|45/100\n|\n|-sideend|p2: SupaJello|Reflect\n|upkeep\n|turn|11\n|\n|t:|1783809635\n|move|p2a: Glimmora|Power Gem|p1a: Mareep\n|-damage|p1a: Mareep|0 fnt\n|faint|p1a: Mareep\n|\n|upkeep\n|\n|t:|1783809638\n|switch|p1a: Shroodle|Shroodle, M|100/100\n|turn|12\n|\n|t:|1783809641\n|move|p1a: Shroodle|Parting Shot|p2a: Glimmora\n|-unboost|p2a: Glimmora|atk|1\n|-unboost|p2a: Glimmora|spa|1\n|\n|t:|1783809643\n|switch|p1a: Clauncher|Clauncher, F|72/100|[from] Parting Shot\n|move|p2a: Glimmora|Power Gem|p1a: Clauncher\n|-damage|p1a: Clauncher|42/100\n|\n|upkeep\n|turn|13\n|\n|t:|1783809647\n|switch|p1a: Shroodle|Shroodle, M|100/100\n|move|p2a: Glimmora|Energy Ball|p1a: Shroodle\n|-resisted|p1a: Shroodle\n|-damage|p1a: Shroodle|68/100\n|\n|upkeep\n|turn|14\n|\n|t:|1783809650\n|move|p1a: Shroodle|Parting Shot|p2a: Glimmora\n|-unboost|p2a: Glimmora|atk|1\n|-unboost|p2a: Glimmora|spa|1\n|\n|t:|1783809652\n|switch|p1a: Clauncher|Clauncher, F|42/100|[from] Parting Shot\n|move|p2a: Glimmora|Energy Ball|p1a: Clauncher\n|-supereffective|p1a: Clauncher\n|-damage|p1a: Clauncher|0 fnt\n|faint|p1a: Clauncher\n|\n|upkeep\n|\n|t:|1783809656\n|switch|p1a: Shroodle|Shroodle, M|68/100\n|turn|15\n|\n|t:|1783809659\n|move|p2a: Glimmora|Power Gem|p1a: Shroodle\n|-damage|p1a: Shroodle|19/100\n|move|p1a: Shroodle|Poison Jab|p2a: Glimmora\n|-supereffective|p2a: Glimmora\n|-damage|p2a: Glimmora|30/100\n|-activate|p2a: Glimmora|ability: Toxic Debris\n|-sidestart|p1: imsocooltbh|move: Toxic Spikes\n|\n|upkeep\n|turn|16\n|\n|t:|1783809661\n|move|p2a: Glimmora|Power Gem|p1a: Shroodle\n|-damage|p1a: Shroodle|0 fnt\n|faint|p1a: Shroodle\n|\n|win|SupaJello\n|n|☆imsocooltbh|imsocooltbh\n|n|☆SupaJello|supajello\n|n|*Lady Monita |ladymonita\n", "uploadtime": 1783809661, "views": 15, "formatid": "gen9ou", "rating": null, "private": 0, "password": null}