{"id": "gen9ou-2639311277", "format": "[Gen 9] OU", "players": ["thepeakmons", "zabbaman"], "log": "|j|☆thepeakmons\n|j|☆zabbaman\n|t:|1782450743\n|gametype|singles\n|player|p1|thepeakmons|101|1324\n|player|p2|zabbaman|1|1276\n|gen|9\n|tier|[Gen 9] OU\n|rated|\n|rule|HP Percentage Mod: HP is shown in percentages\n|rule|Endless Battle Clause: Forcing endless battles is banned\n|rule|Species Clause: Limit one of each Pokémon\n|rule|OHKO Clause: OHKO moves are banned\n|rule|Evasion Items Clause: Evasion items are banned\n|rule|Evasion Moves Clause: Evasion moves are banned\n|rule|Evasion Abilities Clause: Evasion abilities are banned\n|rule|Sleep Moves Clause: Sleep-inducing moves are banned\n|clearpoke\n|poke|p1|Corviknight, M|\n|poke|p1|Ting-Lu|\n|poke|p1|Kyurem|\n|poke|p1|Dondozo, F|\n|poke|p1|Slowking-Galar, M|\n|poke|p1|Cinderace, M|\n|poke|p2|Regice|\n|poke|p2|Ninetales-Alola, F|\n|poke|p2|Garchomp, M|\n|poke|p2|Dondozo, F|\n|poke|p2|Thundurus-Therian, M|\n|poke|p2|Cinderace, F|\n|teampreview\n|inactive|Battle timer is ON: inactive players will automatically lose when time's up. (requested by zabbaman)\n|inactive|thepeakmons also wants the timer to be on.\n|inactive|zabbaman has 120 seconds left.\n|\n|t:|1782450785\n|teamsize|p1|6\n|teamsize|p2|6\n|start\n|switch|p1a: Cinderace|Cinderace, M|100/100\n|switch|p2a: Garchomp|Garchomp, M, shiny|100/100\n|turn|1\n|\n|t:|1782450798\n|move|p1a: Cinderace|Will-O-Wisp|p2a: Garchomp\n|-status|p2a: Garchomp|brn\n|move|p2a: Garchomp|Swords Dance|p2a: Garchomp\n|-boost|p2a: Garchomp|atk|2\n|\n|-damage|p2a: Garchomp|94/100 brn|[from] brn\n|upkeep\n|turn|2\n|\n|t:|1782450821\n|switch|p1a: Corviknight|Corviknight, M|100/100\n|-ability|p1a: Corviknight|Pressure\n|move|p2a: Garchomp|Scale Shot|p1a: Corviknight\n|-resisted|p1a: Corviknight\n|-damage|p1a: Corviknight|96/100\n|-resisted|p1a: Corviknight\n|-damage|p1a: Corviknight|93/100\n|-resisted|p1a: Corviknight\n|-damage|p1a: Corviknight|88/100\n|-resisted|p1a: Corviknight\n|-damage|p1a: Corviknight|84/100\n|-resisted|p1a: Corviknight\n|-damage|p1a: Corviknight|79/100\n|-hitcount|p1a: Corviknight|5\n|-unboost|p2a: Garchomp|def|1\n|-boost|p2a: Garchomp|spe|1\n|\n|-damage|p2a: Garchomp|88/100 brn|[from] brn\n|upkeep\n|turn|3\n|inactive|thepeakmons has 120 seconds left.\n|\n|t:|1782450844\n|move|p2a: Garchomp|Swords Dance|p2a: Garchomp\n|-boost|p2a: Garchomp|atk|2\n|move|p1a: Corviknight|Brave Bird|p2a: Garchomp\n|-damage|p2a: Garchomp|33/100 brn\n|-damage|p1a: Corviknight|67/100|[from] ability: Rough Skin|[of] p2a: Garchomp\n|-damage|p1a: Corviknight|51/100|[from] Recoil\n|\n|-damage|p2a: Garchomp|27/100 brn|[from] brn\n|upkeep\n|turn|4\n|inactive|thepeakmons has 120 seconds left.\n|\n|t:|1782450862\n|move|p2a: Garchomp|Fire Fang|p1a: Corviknight\n|-supereffective|p1a: Corviknight\n|-damage|p1a: Corviknight|7/100\n|-damage|p2a: Garchomp|10/100 brn|[from] item: Rocky Helmet|[of] p1a: Corviknight\n|move|p1a: Corviknight|Roost|p1a: Corviknight\n|-heal|p1a: Corviknight|57/100\n|-singleturn|p1a: Corviknight|move: Roost\n|\n|-damage|p2a: Garchomp|4/100 brn|[from] brn\n|upkeep\n|turn|5\n|inactive|thepeakmons has 120 seconds left.\n|\n|t:|1782450875\n|switch|p2a: Ninetales|Ninetales-Alola, F|100/100\n|-weather|Snowscape|[from] ability: Snow Warning|[of] p2a: Ninetales\n|move|p1a: Corviknight|Roost|p1a: Corviknight\n|-heal|p1a: Corviknight|100/100\n|-singleturn|p1a: Corviknight|move: Roost\n|\n|-weather|Snowscape|[upkeep]\n|upkeep\n|turn|6\n|inactive|thepeakmons has 120 seconds left.\n|\n|t:|1782450888\n|switch|p2a: Regice|Regice, shiny|100/100\n|switch|p1a: Cinderace|Cinderace, M|100/100\n|\n|-weather|Snowscape|[upkeep]\n|upkeep\n|turn|7\n|\n|t:|1782450917\n|-terastallize|p2a: Regice|Electric\n|move|p1a: Cinderace|Pyro Ball|p2a: Regice\n|-damage|p2a: Regice|51/100\n|-status|p2a: Regice|brn\n|move|p2a: Regice|Thunderbolt|p1a: Cinderace\n|-damage|p1a: Cinderace|29/100\n|\n|-weather|Snowscape|[upkeep]\n|-heal|p2a: Regice|58/100 brn|[from] ability: Ice Body\n|-damage|p2a: Regice|51/100 brn|[from] brn\n|upkeep\n|turn|8\n|inactive|thepeakmons has 120 seconds left.\n|\n|t:|1782450934\n|switch|p2a: Dondozo|Dondozo, F, shiny|100/100\n|move|p1a: Cinderace|Pyro Ball|p2a: Dondozo\n|-resisted|p2a: Dondozo\n|-damage|p2a: Dondozo|77/100\n|\n|-weather|Snowscape|[upkeep]\n|upkeep\n|turn|9\n|inactive|thepeakmons has 120 seconds left.\n|\n|t:|1782450959\n|switch|p2a: Thundurus|Thundurus-Therian, M|100/100\n|move|p1a: Cinderace|U-turn|p2a: Thundurus\n|-resisted|p2a: Thundurus\n|-damage|p2a: Thundurus|86/100\n|\n|t:|1782450972\n|switch|p1a: Slowking|Slowking-Galar, M|100/100|[from] U-turn\n|\n|-weather|Snowscape|[upkeep]\n|upkeep\n|turn|10\n|\n|t:|1782450979\n|move|p2a: Thundurus|Nasty Plot|p2a: Thundurus\n|-boost|p2a: Thundurus|spa|2\n|move|p1a: Slowking|Sludge Bomb|p2a: Thundurus\n|-damage|p2a: Thundurus|42/100\n|-status|p2a: Thundurus|psn\n|\n|-weather|Snowscape|[upkeep]\n|-damage|p2a: Thundurus|29/100 psn|[from] psn\n|upkeep\n|turn|11\n|\n|t:|1782450990\n|switch|p1a: Ting-Lu|Ting-Lu|100/100\n|-ability|p1a: Ting-Lu|Vessel of Ruin\n|move|p2a: Thundurus|Thunderbolt|p1a: Ting-Lu\n|-immune|p1a: Ting-Lu\n|\n|-weather|Snowscape|[upkeep]\n|-damage|p2a: Thundurus|17/100 psn|[from] psn\n|upkeep\n|turn|12\n|\n|t:|1782451000\n|move|p2a: Thundurus|Weather Ball|p1a: Ting-Lu\n|-supereffective|p1a: Ting-Lu\n|-damage|p1a: Ting-Lu|34/100\n|move|p1a: Ting-Lu|Earthquake|p2a: Thundurus\n|-immune|p2a: Thundurus\n|\n|-weather|none\n|-heal|p1a: Ting-Lu|40/100|[from] item: Leftovers\n|-damage|p2a: Thundurus|5/100 psn|[from] psn\n|upkeep\n|turn|13\n|\n|t:|1782451028\n|switch|p2a: Cinderace|Cinderace, F|100/100\n|move|p1a: Ting-Lu|Rest|p1a: Ting-Lu\n|-status|p1a: Ting-Lu|slp|[from] move: Rest\n|-heal|p1a: Ting-Lu|100/100 slp|[silent]\n|\n|upkeep\n|turn|14\n|inactive|thepeakmons has 120 seconds left.\n|\n|t:|1782451034\n|move|p2a: Cinderace|U-turn|p1a: Ting-Lu\n|-start|p2a: Cinderace|typechange|Bug|[from] ability: Libero\n|-supereffective|p1a: Ting-Lu\n|-damage|p1a: Ting-Lu|49/100 slp\n|\n|t:|1782451042\n|switch|p2a: Ninetales|Ninetales-Alola, F|100/100|[from] U-turn\n|-weather|Snowscape|[from] ability: Snow Warning|[of] p2a: Ninetales\n|cant|p1a: Ting-Lu|slp\n|move|p1a: Ting-Lu|Sleep Talk|p1a: Ting-Lu\n|move|p1a: Ting-Lu|Rest||[from] move: Sleep Talk|[still]\n|-fail|p1a: Ting-Lu\n|\n|-weather|Snowscape|[upkeep]\n|-heal|p1a: Ting-Lu|55/100 slp|[from] item: Leftovers\n|upkeep\n|turn|15\n|\n|t:|1782451062\n|switch|p2a: Regice|Regice, shiny, tera:Electric|51/100 brn\n|switch|p1a: Cinderace|Cinderace, M|29/100\n|\n|-weather|Snowscape|[upkeep]\n|-heal|p2a: Regice|58/100 brn|[from] ability: Ice Body\n|-damage|p2a: Regice|51/100 brn|[from] brn\n|upkeep\n|turn|16\n|\n|t:|1782451075\n|move|p1a: Cinderace|Pyro Ball|p2a: Regice\n|-damage|p2a: Regice|0 fnt\n|faint|p2a: Regice\n|\n|-weather|Snowscape|[upkeep]\n|upkeep\n|\n|t:|1782451078\n|switch|p2a: Dondozo|Dondozo, F, shiny|77/100\n|turn|17\n|\n|t:|1782451087\n|move|p1a: Cinderace|U-turn|p2a: Dondozo\n|-damage|p2a: Dondozo|66/100\n|inactive|thepeakmons has 120 seconds left.\n|\n|t:|1782451110\n|switch|p1a: Slowking|Slowking-Galar, M|100/100|[from] U-turn\n|move|p2a: Dondozo|Order Up|p1a: Slowking\n|-damage|p1a: Slowking|83/100\n|\n|-weather|Snowscape|[upkeep]\n|upkeep\n|turn|18\n|\n|t:|1782451120\n|switch|p2a: Cinderace|Cinderace, F|100/100\n|move|p1a: Slowking|Sludge Bomb|p2a: Cinderace\n|-damage|p2a: Cinderace|48/100\n|\n|-weather|Snowscape|[upkeep]\n|upkeep\n|turn|19\n|-message|zabbaman forfeited.\n|\n|win|thepeakmons\n|raw|thepeakmons's rating: 1324 &rarr; <strong>1341</strong><br />(+17 for winning)\n|raw|zabbaman's rating: 1276 &rarr; <strong>1254</strong><br />(-22 for losing)\n|l|☆zabbaman\n|player|p2|\n|l|☆thepeakmons\n|player|p1|\n", "uploadtime": 1782451138, "views": 6, "formatid": "gen9ou", "rating": 1254, "private": 0, "password": null}