{"id": "gen9ou-2647829849", "format": "[Gen 9] OU", "players": ["mr tickley", "12723 Dong"], "log": "|j|☆mr tickley\n|j|☆12723 Dong\n|t:|1783820059\n|gametype|singles\n|player|p1|mr tickley|clown|1694\n|player|p2|12723 Dong|169|1674\n|gen|9\n|tier|[Gen 9] OU\n|rated|\n|rule|HP Percentage Mod: HP is shown in percentages\n|rule|Endless Battle Clause: Forcing endless battles is banned\n|rule|Species Clause: Limit one of each Pokémon\n|rule|OHKO Clause: OHKO moves are banned\n|rule|Evasion Items Clause: Evasion items are banned\n|rule|Evasion Moves Clause: Evasion moves are banned\n|rule|Evasion Abilities Clause: Evasion abilities are banned\n|rule|Sleep Moves Clause: Sleep-inducing moves are banned\n|clearpoke\n|poke|p1|Skeledirge, M|\n|poke|p1|Slither Wing|\n|poke|p1|Tinkaton, F|\n|poke|p1|Gliscor, F|\n|poke|p1|Dragonite, M|\n|poke|p1|Weavile, M|\n|poke|p2|Great Tusk|\n|poke|p2|Heatran, F|\n|poke|p2|Gholdengo|\n|poke|p2|Ogerpon-Wellspring, F|\n|poke|p2|Iron Valiant|\n|poke|p2|Dragapult, F|\n|teampreview\n|inactive|Battle timer is ON: inactive players will automatically lose when time's up. (requested by mr tickley)\n|inactive|12723 Dong has 120 seconds left.\n|\n|t:|1783820090\n|teamsize|p1|6\n|teamsize|p2|6\n|start\n|switch|p1a: Slither Wing|Slither Wing|100/100\n|switch|p2a: Ogerpon|Ogerpon-Wellspring, F|100/100\n|turn|1\n|inactive|12723 Dong has 120 seconds left.\n|j| Manxas\n|\n|t:|1783820140\n|switch|p2a: Heatran|Heatran, F|100/100\n|move|p1a: Slither Wing|U-turn|p2a: Heatran\n|-resisted|p2a: Heatran\n|-damage|p2a: Heatran|94/100\n|inactive|mr tickley has 120 seconds left.\n|j| cxaxrxlxoxs\n|\n|t:|1783820167\n|-end|p1a: Slither Wing|Protosynthesis|[silent]\n|switch|p1a: Gliscor|Gliscor, F|100/100|[from] U-turn\n|\n|-heal|p2a: Heatran|100/100|[from] item: Leftovers\n|-status|p1a: Gliscor|tox|[from] item: Toxic Orb\n|upkeep\n|turn|2\n|\n|t:|1783820170\n|switch|p2a: Great Tusk|Great Tusk|100/100\n|move|p1a: Gliscor|Spikes|p2a: Great Tusk\n|-sidestart|p2: 12723 Dong|Spikes\n|\n|upkeep\n|turn|3\n|j| Abrar_anu7\n|inactive|12723 Dong has 120 seconds left.\n|inactive|mr tickley has 120 seconds left.\n|\n|t:|1783820192\n|move|p2a: Great Tusk|Ice Spinner|p1a: Gliscor\n|-supereffective|p1a: Gliscor\n|-damage|p1a: Gliscor|24/100 tox\n|move|p1a: Gliscor|Toxic|p2a: Great Tusk\n|-status|p2a: Great Tusk|tox\n|\n|-damage|p2a: Great Tusk|94/100 tox|[from] psn\n|-heal|p1a: Gliscor|37/100 tox|[from] ability: Poison Heal\n|upkeep\n|turn|4\n|inactive|mr tickley has 120 seconds left.\n|\n|t:|1783820197\n|-end|p2a: Great Tusk|Protosynthesis|[silent]\n|switch|p2a: Ogerpon|Ogerpon-Wellspring, F|100/100\n|-damage|p2a: Ogerpon|88/100|[from] Spikes\n|move|p1a: Gliscor|Protect||[still]\n|-fail|p1a: Gliscor\n|\n|-heal|p1a: Gliscor|49/100 tox|[from] ability: Poison Heal\n|upkeep\n|turn|5\n|\n|t:|1783820200\n|switch|p1a: Slither Wing|Slither Wing|100/100\n|move|p2a: Ogerpon|U-turn|p1a: Slither Wing\n|-resisted|p1a: Slither Wing\n|-damage|p1a: Slither Wing|89/100\n|\n|t:|1783820204\n|switch|p2a: Heatran|Heatran, F|100/100|[from] U-turn\n|-damage|p2a: Heatran|88/100|[from] Spikes\n|\n|-heal|p2a: Heatran|94/100|[from] item: Leftovers\n|upkeep\n|turn|6\n|j| FaronAan\n|l| cxaxrxlxoxs\n|inactive|mr tickley has 120 seconds left.\n|\n|t:|1783820248\n|switch|p2a: Gholdengo|Gholdengo|100/100\n|-item|p2a: Gholdengo|Air Balloon\n|move|p1a: Slither Wing|Close Combat|p2a: Gholdengo\n|-immune|p2a: Gholdengo\n|\n|upkeep\n|turn|7\n|\n|t:|1783820256\n|move|p2a: Gholdengo|Shadow Ball|p1a: Slither Wing\n|-damage|p1a: Slither Wing|57/100\n|-unboost|p1a: Slither Wing|spd|1\n|move|p1a: Slither Wing|U-turn|p2a: Gholdengo\n|-resisted|p2a: Gholdengo\n|-damage|p2a: Gholdengo|94/100\n|-enditem|p2a: Gholdengo|Air Balloon\n|l| Abrar_anu7\n|inactive|mr tickley has 90 seconds left.\n|l|☆12723 Dong\n|inactive|12723 Dong disconnected and has a minute to reconnect!\n|player|p2|\n|\n|t:|1783820288\n|-end|p1a: Slither Wing|Protosynthesis|[silent]\n|switch|p1a: Gliscor|Gliscor, F|49/100 tox|[from] U-turn\n|\n|-heal|p1a: Gliscor|62/100 tox|[from] ability: Poison Heal\n|upkeep\n|turn|8\n|j|☆12723 Dong\n|inactive|12723 Dong reconnected and has 145 seconds left.\n|player|p2|12723 Dong|169|\n|\n|t:|1783820305\n|switch|p1a: Tinkaton|Tinkaton, F|100/100\n|-ability|p1a: Tinkaton|Mold Breaker\n|-item|p1a: Tinkaton|Air Balloon\n|move|p2a: Gholdengo|Nasty Plot|p2a: Gholdengo\n|-boost|p2a: Gholdengo|spa|2\n|\n|upkeep\n|turn|9\n|inactive|mr tickley has 90 seconds left.\n|\n|t:|1783820346\n|move|p1a: Tinkaton|Encore|p2a: Gholdengo\n|-start|p2a: Gholdengo|Encore\n|move|p2a: Gholdengo|Nasty Plot|p2a: Gholdengo\n|-boost|p2a: Gholdengo|spa|2\n|\n|upkeep\n|turn|10\n|\n|t:|1783820353\n|switch|p2a: Great Tusk|Great Tusk|94/100 tox\n|-damage|p2a: Great Tusk|82/100 tox|[from] Spikes\n|move|p1a: Tinkaton|Knock Off|p2a: Great Tusk\n|-resisted|p2a: Great Tusk\n|-damage|p2a: Great Tusk|77/100 tox\n|-damage|p1a: Tinkaton|84/100|[from] item: Rocky Helmet|[of] p2a: Great Tusk\n|-enditem|p2a: Great Tusk|Rocky Helmet|[from] move: Knock Off|[of] p1a: Tinkaton\n|\n|-damage|p2a: Great Tusk|71/100 tox|[from] psn\n|upkeep\n|turn|11\n|\n|t:|1783820370\n|switch|p1a: Skeledirge|Skeledirge, M|100/100\n|move|p2a: Great Tusk|Knock Off|p1a: Skeledirge\n|-supereffective|p1a: Skeledirge\n|-damage|p1a: Skeledirge|62/100\n|-enditem|p1a: Skeledirge|Heavy-Duty Boots|[from] move: Knock Off|[of] p2a: Great Tusk\n|\n|-damage|p2a: Great Tusk|58/100 tox|[from] psn\n|upkeep\n|turn|12\n|\n|t:|1783820384\n|switch|p1a: Tinkaton|Tinkaton, F|84/100\n|-ability|p1a: Tinkaton|Mold Breaker\n|-item|p1a: Tinkaton|Air Balloon\n|move|p2a: Great Tusk|Rapid Spin|p1a: Tinkaton\n|-resisted|p1a: Tinkaton\n|-damage|p1a: Tinkaton|76/100\n|-boost|p2a: Great Tusk|spe|1\n|-enditem|p1a: Tinkaton|Air Balloon\n|-sideend|p2: 12723 Dong|Spikes|[from] move: Rapid Spin|[of] p2a: Great Tusk\n|\n|-damage|p2a: Great Tusk|39/100 tox|[from] psn\n|upkeep\n|turn|13\n|\n|t:|1783820398\n|-end|p2a: Great Tusk|Protosynthesis|[silent]\n|switch|p2a: Heatran|Heatran, F|94/100\n|switch|p1a: Slither Wing|Slither Wing|57/100\n|\n|-heal|p2a: Heatran|100/100|[from] item: Leftovers\n|upkeep\n|turn|14\n|\n|t:|1783820406\n|switch|p2a: Dragapult|Dragapult, F|100/100\n|move|p1a: Slither Wing|U-turn|p2a: Dragapult\n|-resisted|p2a: Dragapult\n|-damage|p2a: Dragapult|80/100\n|\n|t:|1783820413\n|-end|p1a: Slither Wing|Protosynthesis|[silent]\n|switch|p1a: Tinkaton|Tinkaton, F|76/100|[from] U-turn\n|-ability|p1a: Tinkaton|Mold Breaker\n|\n|upkeep\n|turn|15\n|\n|t:|1783820417\n|move|p2a: Dragapult|Flamethrower|p1a: Tinkaton\n|-supereffective|p1a: Tinkaton\n|-damage|p1a: Tinkaton|12/100\n|move|p1a: Tinkaton|Stealth Rock|p2a: Dragapult\n|-sidestart|p2: 12723 Dong|move: Stealth Rock\n|\n|upkeep\n|turn|16\n|l| FaronAan\n|inactive|mr tickley has 90 seconds left.\n|\n|t:|1783820442\n|switch|p2a: Heatran|Heatran, F|100/100\n|-damage|p2a: Heatran|88/100|[from] Stealth Rock\n|move|p1a: Tinkaton|Knock Off|p2a: Heatran\n|-damage|p2a: Heatran|74/100\n|-enditem|p2a: Heatran|Leftovers|[from] move: Knock Off|[of] p1a: Tinkaton\n|\n|upkeep\n|turn|17\n|l|☆12723 Dong\n|inactive|12723 Dong disconnected and has a minute to reconnect!\n|player|p2|\n|inactive|mr tickley has 90 seconds left.\n|j|☆12723 Dong\n|inactive|12723 Dong reconnected and has 145 seconds left.\n|player|p2|12723 Dong|169|\n|inactive|12723 Dong has 120 seconds left.\n|\n|t:|1783820479\n|switch|p1a: Gliscor|Gliscor, F|62/100 tox\n|move|p2a: Heatran|Stealth Rock|p1a: Gliscor\n|-sidestart|p1: mr tickley|move: Stealth Rock\n|\n|-heal|p1a: Gliscor|74/100 tox|[from] ability: Poison Heal\n|upkeep\n|turn|18\n|inactive|12723 Dong has 120 seconds left.\n|\n|t:|1783820492\n|move|p1a: Gliscor|Earthquake|p2a: Heatran\n|-supereffective|p2a: Heatran\n|-damage|p2a: Heatran|0 fnt\n|faint|p2a: Heatran\n|\n|-heal|p1a: Gliscor|87/100 tox|[from] ability: Poison Heal\n|upkeep\n|inactive|12723 Dong has 120 seconds left.\n|\n|t:|1783820499\n|switch|p2a: Ogerpon|Ogerpon-Wellspring, F|88/100\n|-damage|p2a: Ogerpon|76/100|[from] Stealth Rock\n|turn|19\n|inactive|mr tickley has 90 seconds left.\n|inactive|12723 Dong has 120 seconds left.\n|\n|t:|1783820514\n|switch|p1a: Tinkaton|Tinkaton, F|12/100\n|-damage|p1a: Tinkaton|6/100|[from] Stealth Rock\n|-ability|p1a: Tinkaton|Mold Breaker\n|move|p2a: Ogerpon|Knock Off|p1a: Tinkaton\n|-resisted|p1a: Tinkaton\n|-damage|p1a: Tinkaton|0 fnt\n|faint|p1a: Tinkaton\n|\n|upkeep\n|\n|t:|1783820516\n|switch|p1a: Slither Wing|Slither Wing|57/100\n|turn|20\n|inactive|12723 Dong has 120 seconds left.\n|j| skip the drip\n|\n|t:|1783820550\n|move|p2a: Ogerpon|U-turn|p1a: Slither Wing\n|-resisted|p1a: Slither Wing\n|-damage|p1a: Slither Wing|45/100\n|\n|t:|1783820556\n|switch|p2a: Gholdengo|Gholdengo|94/100|[from] U-turn\n|-damage|p2a: Gholdengo|88/100|[from] Stealth Rock\n|move|p1a: Slither Wing|U-turn|p2a: Gholdengo\n|-resisted|p2a: Gholdengo\n|-damage|p2a: Gholdengo|82/100\n|\n|t:|1783820563\n|-end|p1a: Slither Wing|Protosynthesis|[silent]\n|switch|p1a: Gliscor|Gliscor, F|87/100 tox|[from] U-turn\n|-damage|p1a: Gliscor|74/100 tox|[from] Stealth Rock\n|\n|-heal|p1a: Gliscor|87/100 tox|[from] ability: Poison Heal\n|upkeep\n|turn|21\n|\n|t:|1783820569\n|switch|p2a: Ogerpon|Ogerpon-Wellspring, F|76/100\n|-damage|p2a: Ogerpon|64/100|[from] Stealth Rock\n|move|p1a: Gliscor|Earthquake|p2a: Ogerpon\n|-resisted|p2a: Ogerpon\n|-damage|p2a: Ogerpon|42/100\n|\n|-heal|p1a: Gliscor|99/100 tox|[from] ability: Poison Heal\n|upkeep\n|turn|22\n|\n|t:|1783820573\n|switch|p1a: Dragonite|Dragonite, M|100/100\n|move|p2a: Ogerpon|Ivy Cudgel|p1a: Dragonite|[anim] Ivy Cudgel Water\n|-resisted|p1a: Dragonite\n|-damage|p1a: Dragonite|87/100\n|\n|upkeep\n|turn|23\n|\n|t:|1783820582\n|move|p2a: Ogerpon|Knock Off|p1a: Dragonite\n|-damage|p1a: Dragonite|49/100\n|-enditem|p1a: Dragonite|Heavy-Duty Boots|[from] move: Knock Off|[of] p2a: Ogerpon\n|move|p1a: Dragonite|Roost|p1a: Dragonite\n|-heal|p1a: Dragonite|99/100\n|-singleturn|p1a: Dragonite|move: Roost\n|\n|upkeep\n|turn|24\n|\n|t:|1783820588\n|move|p2a: Ogerpon|U-turn|p1a: Dragonite\n|-resisted|p1a: Dragonite\n|-damage|p1a: Dragonite|88/100\n|\n|t:|1783820605\n|switch|p2a: Great Tusk|Great Tusk|39/100 tox|[from] U-turn\n|-damage|p2a: Great Tusk|36/100 tox|[from] Stealth Rock\n|move|p1a: Dragonite|Roost|p1a: Dragonite\n|-heal|p1a: Dragonite|100/100\n|-singleturn|p1a: Dragonite|move: Roost\n|\n|-damage|p2a: Great Tusk|30/100 tox|[from] psn\n|upkeep\n|turn|25\n|\n|t:|1783820633\n|move|p2a: Great Tusk|Ice Spinner|p1a: Dragonite\n|-supereffective|p1a: Dragonite\n|-damage|p1a: Dragonite|58/100\n|move|p1a: Dragonite|Dragon Dance|p1a: Dragonite\n|-boost|p1a: Dragonite|atk|1\n|-boost|p1a: Dragonite|spe|1\n|\n|-damage|p2a: Great Tusk|18/100 tox|[from] psn\n|upkeep\n|turn|26\n|j| Messifan1\n|l| Messifan1\n|j| Messifan1\n|\n|t:|1783820647\n|move|p1a: Dragonite|Extreme Speed|p2a: Great Tusk\n|-damage|p2a: Great Tusk|0 fnt\n|faint|p2a: Great Tusk\n|-end|p2a: Great Tusk|Protosynthesis|[silent]\n|\n|upkeep\n|l| Messifan1\n|\n|t:|1783820671\n|switch|p2a: Dragapult|Dragapult, F|80/100\n|-damage|p2a: Dragapult|67/100|[from] Stealth Rock\n|turn|27\n|inactive|mr tickley has 120 seconds left.\n|\n|t:|1783820705\n|move|p2a: Dragapult|Draco Meteor|p1a: Dragonite\n|-supereffective|p1a: Dragonite\n|-damage|p1a: Dragonite|0 fnt\n|-unboost|p2a: Dragapult|spa|2\n|faint|p1a: Dragonite\n|\n|upkeep\n|\n|t:|1783820707\n|switch|p1a: Weavile|Weavile, M|100/100\n|-ability|p1a: Weavile|Pressure\n|turn|28\n|\n|t:|1783820712\n|move|p2a: Dragapult|Draco Meteor|p1a: Weavile\n|-damage|p1a: Weavile|40/100\n|-unboost|p2a: Dragapult|spa|2\n|move|p1a: Weavile|Swords Dance|p1a: Weavile\n|-boost|p1a: Weavile|atk|2\n|\n|upkeep\n|turn|29\n|\n|t:|1783820718\n|move|p1a: Weavile|Ice Shard|p2a: Dragapult\n|-supereffective|p2a: Dragapult\n|-damage|p2a: Dragapult|0 fnt\n|faint|p2a: Dragapult\n|\n|upkeep\n|\n|t:|1783820720\n|switch|p2a: Gholdengo|Gholdengo|82/100\n|-damage|p2a: Gholdengo|76/100|[from] Stealth Rock\n|turn|30\n|l| Manxas\n|j| Manxas\n|\n|t:|1783820731\n|-terastallize|p2a: Gholdengo|Fairy\n|move|p1a: Weavile|Triple Axel|p2a: Gholdengo\n|-damage|p2a: Gholdengo|59/100\n|-damage|p2a: Gholdengo|29/100\n|-damage|p2a: Gholdengo|0 fnt\n|faint|p2a: Gholdengo\n|-hitcount|p2: Gholdengo|3\n|\n|upkeep\n|-message|12723 Dong forfeited.\n|\n|win|mr tickley\n|raw|mr tickley's rating: 1710 &rarr; <strong>1728</strong><br />(+18 for winning)\n|raw|12723 Dong's rating: 1674 &rarr; <strong>1656</strong><br />(-18 for losing)\n|l|☆12723 Dong\n|player|p2|\n|l|☆mr tickley\n|player|p1|\n|l| Manxas\n", "uploadtime": 1783820983, "views": 3, "formatid": "gen9ou", "rating": 1656, "private": 0, "password": null}