{"id": "gen9ou-2647724077", "format": "[Gen 9] OU", "players": ["power pulser", "turpz"], "log": "|j|☆power pulser\n|j|☆turpz\n|t:|1783801996\n|gametype|singles\n|player|p1|power pulser|steven|1302\n|player|p2|turpz|wally-masters|1399\n|gen|9\n|tier|[Gen 9] OU\n|rated|\n|rule|HP Percentage Mod: HP is shown in percentages\n|rule|Endless Battle Clause: Forcing endless battles is banned\n|rule|Species Clause: Limit one of each Pokémon\n|rule|OHKO Clause: OHKO moves are banned\n|rule|Evasion Items Clause: Evasion items are banned\n|rule|Evasion Moves Clause: Evasion moves are banned\n|rule|Evasion Abilities Clause: Evasion abilities are banned\n|rule|Sleep Moves Clause: Sleep-inducing moves are banned\n|clearpoke\n|poke|p1|Brambleghast, F|\n|poke|p1|Iron Valiant|\n|poke|p1|Pecharunt|\n|poke|p1|Ting-Lu|\n|poke|p1|Raging Bolt|\n|poke|p1|Cinderace, M|\n|poke|p2|Ting-Lu|\n|poke|p2|Gliscor, M|\n|poke|p2|Sinistcha-Masterpiece|\n|poke|p2|Keldeo|\n|poke|p2|Tinkaton, F|\n|poke|p2|Dragonite, F|\n|teampreview\n|inactive|Battle timer is ON: inactive players will automatically lose when time's up. (requested by turpz)\n|inactive|power pulser also wants the timer to be on.\n|inactive|power pulser has 120 seconds left.\n|\n|t:|1783802053\n|teamsize|p1|6\n|teamsize|p2|6\n|start\n|switch|p1a: Iron Valiant|Iron Valiant|100/100\n|switch|p2a: Tinkki Minaj|Tinkaton, F|100/100\n|-ability|p2a: Tinkki Minaj|Mold Breaker\n|-item|p2a: Tinkki Minaj|Air Balloon\n|turn|1\n|\n|t:|1783802063\n|-end|p1a: Iron Valiant|Quark Drive|[silent]\n|switch|p1a: Cinderace|Cinderace, M|100/100\n|move|p2a: Tinkki Minaj|Gigaton Hammer|p1a: Cinderace\n|-resisted|p1a: Cinderace\n|-damage|p1a: Cinderace|76/100\n|\n|upkeep\n|turn|2\n|\n|t:|1783802079\n|switch|p2a: Jarhead|Ting-Lu|100/100\n|-ability|p2a: Jarhead|Vessel of Ruin\n|move|p1a: Cinderace|U-turn|p2a: Jarhead\n|-start|p1a: Cinderace|typechange|Bug|[from] ability: Libero\n|-supereffective|p2a: Jarhead\n|-damage|p2a: Jarhead|70/100\n|\n|t:|1783802091\n|switch|p1a: Brambleghast|Brambleghast, F|100/100|[from] U-turn\n|\n|-heal|p2a: Jarhead|76/100|[from] item: Leftovers\n|upkeep\n|turn|3\n|\n|t:|1783802098\n|move|p1a: Brambleghast|Power Whip|p2a: Jarhead\n|-supereffective|p2a: Jarhead\n|-damage|p2a: Jarhead|0 fnt\n|faint|p2a: Jarhead\n|\n|upkeep\n|\n|t:|1783802111\n|switch|p2a: Dance Armstrong|Gliscor, M|100/100\n|turn|4\n|\n|t:|1783802126\n|switch|p1a: Ting-Lu|Ting-Lu|100/100\n|-ability|p1a: Ting-Lu|Vessel of Ruin\n|move|p2a: Dance Armstrong|Swords Dance|p2a: Dance Armstrong\n|-boost|p2a: Dance Armstrong|atk|2\n|\n|-status|p2a: Dance Armstrong|tox|[from] item: Toxic Orb\n|upkeep\n|turn|5\n|\n|t:|1783802132\n|move|p2a: Dance Armstrong|Knock Off|p1a: Ting-Lu\n|-resisted|p1a: Ting-Lu\n|-damage|p1a: Ting-Lu|88/100\n|-enditem|p1a: Ting-Lu|Leftovers|[from] move: Knock Off|[of] p2a: Dance Armstrong\n|move|p1a: Ting-Lu|Whirlwind|p2a: Dance Armstrong\n|drag|p2a: Tinkki Minaj|Tinkaton, F|100/100\n|-ability|p2a: Tinkki Minaj|Mold Breaker\n|-item|p2a: Tinkki Minaj|Air Balloon\n|\n|upkeep\n|turn|6\n|\n|t:|1783802141\n|move|p2a: Tinkki Minaj|Stealth Rock|p1a: Ting-Lu\n|-sidestart|p1: power pulser|move: Stealth Rock\n|move|p1a: Ting-Lu|Stealth Rock|p2a: Tinkki Minaj\n|-sidestart|p2: turpz|move: Stealth Rock\n|\n|upkeep\n|turn|7\n|\n|t:|1783802144\n|move|p2a: Tinkki Minaj|Encore|p1a: Ting-Lu\n|-start|p1a: Ting-Lu|Encore\n|move|p1a: Ting-Lu|Stealth Rock||[still]\n|-fail|p1a: Ting-Lu\n|\n|upkeep\n|turn|8\n|\n|t:|1783802150\n|switch|p1a: Cinderace|Cinderace, M|76/100\n|move|p2a: Tinkki Minaj|Thunder Wave|p1a: Cinderace\n|-status|p1a: Cinderace|par\n|\n|upkeep\n|turn|9\n|\n|t:|1783802161\n|move|p2a: Tinkki Minaj|Gigaton Hammer|p1a: Cinderace\n|-resisted|p1a: Cinderace\n|-damage|p1a: Cinderace|49/100 par\n|move|p1a: Cinderace|Pyro Ball|p2a: Tinkki Minaj\n|-supereffective|p2a: Tinkki Minaj\n|-damage|p2a: Tinkki Minaj|0 fnt\n|-enditem|p2a: Tinkki Minaj|Air Balloon\n|faint|p2a: Tinkki Minaj\n|\n|upkeep\n|\n|t:|1783802167\n|switch|p2a: Dance Armstrong|Gliscor, M|100/100 tox\n|-damage|p2a: Dance Armstrong|88/100 tox|[from] Stealth Rock\n|turn|10\n|\n|t:|1783802173\n|move|p2a: Dance Armstrong|Swords Dance|p2a: Dance Armstrong\n|-boost|p2a: Dance Armstrong|atk|2\n|cant|p1a: Cinderace|par\n|\n|-heal|p2a: Dance Armstrong|100/100 tox|[from] ability: Poison Heal\n|upkeep\n|turn|11\n|\n|t:|1783802179\n|move|p2a: Dance Armstrong|Facade|p1a: Cinderace\n|-damage|p1a: Cinderace|0 fnt\n|faint|p1a: Cinderace\n|\n|upkeep\n|\n|t:|1783802194\n|switch|p1a: Brambleghast|Brambleghast, F|100/100\n|-damage|p1a: Brambleghast|88/100|[from] Stealth Rock\n|turn|12\n|\n|t:|1783802212\n|move|p2a: Dance Armstrong|Swords Dance|p2a: Dance Armstrong\n|-boost|p2a: Dance Armstrong|atk|2\n|move|p1a: Brambleghast|Power Whip|p2a: Dance Armstrong\n|-damage|p2a: Dance Armstrong|34/100 tox\n|\n|-heal|p2a: Dance Armstrong|46/100 tox|[from] ability: Poison Heal\n|upkeep\n|turn|13\n|\n|t:|1783802236\n|move|p2a: Dance Armstrong|Knock Off|p1a: Brambleghast\n|-supereffective|p1a: Brambleghast\n|-damage|p1a: Brambleghast|0 fnt\n|-enditem|p1a: Brambleghast|Choice Band|[from] move: Knock Off|[of] p2a: Dance Armstrong\n|faint|p1a: Brambleghast\n|\n|-heal|p2a: Dance Armstrong|59/100 tox|[from] ability: Poison Heal\n|upkeep\n|\n|t:|1783802254\n|switch|p1a: Iron Valiant|Iron Valiant|100/100\n|-damage|p1a: Iron Valiant|94/100|[from] Stealth Rock\n|turn|14\n|\n|t:|1783802266\n|move|p2a: Dance Armstrong|Protect|p2a: Dance Armstrong\n|-singleturn|p2a: Dance Armstrong|Protect\n|move|p1a: Iron Valiant|Moonblast|p2a: Dance Armstrong\n|-activate|p2a: Dance Armstrong|move: Protect\n|\n|-heal|p2a: Dance Armstrong|71/100 tox|[from] ability: Poison Heal\n|upkeep\n|turn|15\n|\n|t:|1783802279\n|-terastallize|p1a: Iron Valiant|Fairy\n|move|p1a: Iron Valiant|Moonblast|p2a: Dance Armstrong\n|-damage|p2a: Dance Armstrong|0 fnt\n|faint|p2a: Dance Armstrong\n|\n|upkeep\n|inactive|turpz has 120 seconds left.\n|inactive|turpz has 90 seconds left.\n|\n|t:|1783802330\n|switch|p2a: Tchavis Scott|Sinistcha-Masterpiece|100/100\n|turn|16\n|\n|t:|1783802346\n|-terastallize|p2a: Tchavis Scott|Poison\n|move|p1a: Iron Valiant|Moonblast|p2a: Tchavis Scott\n|-resisted|p2a: Tchavis Scott\n|-damage|p2a: Tchavis Scott|41/100\n|-unboost|p2a: Tchavis Scott|spa|1\n|move|p2a: Tchavis Scott|Matcha Gotcha|p1a: Iron Valiant\n|-damage|p1a: Iron Valiant|54/100\n|-heal|p2a: Tchavis Scott|58/100|[from] drain|[of] p1a: Iron Valiant\n|\n|upkeep\n|turn|17\n|inactive|turpz has 90 seconds left.\n|\n|t:|1783802388\n|move|p1a: Iron Valiant|Moonblast|p2a: Tchavis Scott\n|-resisted|p2a: Tchavis Scott\n|-damage|p2a: Tchavis Scott|3/100\n|move|p2a: Tchavis Scott|Strength Sap|p1a: Iron Valiant\n|-unboost|p1a: Iron Valiant|atk|1\n|-heal|p2a: Tchavis Scott|80/100\n|\n|upkeep\n|turn|18\n|\n|t:|1783802400\n|move|p1a: Iron Valiant|Moonblast|p2a: Tchavis Scott\n|-resisted|p2a: Tchavis Scott\n|-crit|p2a: Tchavis Scott\n|-damage|p2a: Tchavis Scott|3/100\n|move|p2a: Tchavis Scott|Matcha Gotcha|p1a: Iron Valiant|[miss]\n|-miss|p2a: Tchavis Scott|p1a: Iron Valiant\n|\n|upkeep\n|turn|19\n|\n|t:|1783802415\n|move|p1a: Iron Valiant|Moonblast|p2a: Tchavis Scott\n|-resisted|p2a: Tchavis Scott\n|-damage|p2a: Tchavis Scott|0 fnt\n|faint|p2a: Tchavis Scott\n|\n|upkeep\n|\n|t:|1783802418\n|switch|p2a: My Little Pwny|Keldeo|100/100\n|turn|20\n|inactive|power pulser has 120 seconds left.\n|\n|t:|1783802458\n|-end|p1a: Iron Valiant|Quark Drive|[silent]\n|switch|p1a: Raging Bolt|Raging Bolt|100/100\n|-damage|p1a: Raging Bolt|88/100|[from] Stealth Rock\n|-enditem|p1a: Raging Bolt|Booster Energy\n|-activate|p1a: Raging Bolt|ability: Protosynthesis|[fromitem]\n|-start|p1a: Raging Bolt|protosynthesisspa\n|move|p2a: My Little Pwny|Surf|p1a: Raging Bolt\n|-resisted|p1a: Raging Bolt\n|-damage|p1a: Raging Bolt|64/100\n|\n|upkeep\n|turn|21\n|inactive|power pulser has 120 seconds left.\n|inactive|turpz has 90 seconds left.\n|\n|t:|1783802474\n|switch|p2a: Secret Service|Dragonite, F|100/100\n|move|p1a: Raging Bolt|Thunderbolt|p2a: Secret Service\n|-damage|p2a: Secret Service|72/100\n|\n|upkeep\n|turn|22\n|inactive|turpz has 90 seconds left.\n|\n|t:|1783802480\n|move|p1a: Raging Bolt|Dragon Pulse|p2a: Secret Service\n|-supereffective|p2a: Secret Service\n|-damage|p2a: Secret Service|0 fnt\n|faint|p2a: Secret Service\n|\n|upkeep\n|-message|turpz forfeited.\n|\n|win|power pulser\n|raw|power pulser's rating: 1302 &rarr; <strong>1327</strong><br />(+25 for winning)\n|raw|turpz's rating: 1399 &rarr; <strong>1374</strong><br />(-25 for losing)\n|l|☆turpz\n|player|p2|\n|l|☆power pulser\n|player|p1|\n", "uploadtime": 1783802755, "views": 12, "formatid": "gen9ou", "rating": 1327, "private": 0, "password": null}