{"id": "gen9ou-2639205095", "format": "[Gen 9] OU", "players": ["andrewokaforoka", "thepeakmons"], "log": "|j|☆andrewokaforoka\n|j|☆thepeakmons\n|t:|1782433802\n|gametype|singles\n|player|p1|andrewokaforoka|lucas|1259\n|player|p2|thepeakmons|101|1270\n|gen|9\n|tier|[Gen 9] OU\n|rated|\n|rule|HP Percentage Mod: HP is shown in percentages\n|rule|Endless Battle Clause: Forcing endless battles is banned\n|rule|Species Clause: Limit one of each Pokémon\n|rule|OHKO Clause: OHKO moves are banned\n|rule|Evasion Items Clause: Evasion items are banned\n|rule|Evasion Moves Clause: Evasion moves are banned\n|rule|Evasion Abilities Clause: Evasion abilities are banned\n|rule|Sleep Moves Clause: Sleep-inducing moves are banned\n|clearpoke\n|poke|p1|Hydreigon, F|\n|poke|p1|Grimmsnarl, M|\n|poke|p1|Samurott-Hisui, M|\n|poke|p1|Ogerpon-Wellspring, F|\n|poke|p1|Iron Crown|\n|poke|p1|Zapdos|\n|poke|p2|Gliscor, F|\n|poke|p2|Gholdengo|\n|poke|p2|Zamazenta-*|\n|poke|p2|Blissey, F|\n|poke|p2|Skarmory, M|\n|poke|p2|Pecharunt|\n|teampreview\n|\n|t:|1782433821\n|teamsize|p1|6\n|teamsize|p2|6\n|start\n|switch|p1a: Zapdos|Zapdos|100/100\n|switch|p2a: Skarmory|Skarmory, M|100/100\n|turn|1\n|inactive|Battle timer is ON: inactive players will automatically lose when time's up. (requested by thepeakmons)\n|inactive|thepeakmons has 120 seconds left.\n|\n|t:|1782433863\n|switch|p2a: Gliscor|Gliscor, F|100/100\n|move|p1a: Zapdos|Volt Switch|p2a: Gliscor\n|-immune|p2a: Gliscor\n|\n|-status|p2a: Gliscor|tox|[from] item: Toxic Orb\n|upkeep\n|turn|2\n|\n|t:|1782433879\n|switch|p1a: Samurott|Samurott-Hisui, M|100/100\n|move|p2a: Gliscor|Swords Dance|p2a: Gliscor\n|-boost|p2a: Gliscor|atk|2\n|\n|upkeep\n|turn|3\n|\n|t:|1782433889\n|move|p1a: Samurott|Swords Dance|p1a: Samurott\n|-boost|p1a: Samurott|atk|2\n|move|p2a: Gliscor|Earthquake|p1a: Samurott\n|-damage|p1a: Samurott|26/100\n|\n|upkeep\n|turn|4\n|\n|t:|1782433903\n|switch|p2a: Zamazenta|Zamazenta|100/100\n|-ability|p2a: Zamazenta|Dauntless Shield|boost\n|-boost|p2a: Zamazenta|def|1\n|move|p1a: Samurott|Aqua Jet|p2a: Zamazenta\n|-damage|p2a: Zamazenta|76/100\n|\n|upkeep\n|turn|5\n|\n|t:|1782433920\n|switch|p1a: Grimmsnarl|Grimmsnarl, M|100/100\n|move|p2a: Zamazenta|Close Combat|p1a: Grimmsnarl\n|-damage|p1a: Grimmsnarl|28/100\n|-unboost|p2a: Zamazenta|def|1\n|-unboost|p2a: Zamazenta|spd|1\n|\n|upkeep\n|turn|6\n|\n|t:|1782433932\n|move|p1a: Grimmsnarl|Reflect|p1a: Grimmsnarl\n|-sidestart|p1: andrewokaforoka|Reflect\n|move|p2a: Zamazenta|Close Combat|p1a: Grimmsnarl\n|-crit|p1a: Grimmsnarl\n|-damage|p1a: Grimmsnarl|0 fnt\n|-unboost|p2a: Zamazenta|def|1\n|-unboost|p2a: Zamazenta|spd|1\n|faint|p1a: Grimmsnarl\n|\n|upkeep\n|\n|t:|1782433940\n|switch|p1a: Hydreigon|Hydreigon, F|100/100\n|turn|7\n|\n|t:|1782433947\n|-terastallize|p1a: Hydreigon|Fairy\n|move|p2a: Zamazenta|Close Combat|p1a: Hydreigon\n|-resisted|p1a: Hydreigon\n|-damage|p1a: Hydreigon|84/100\n|-unboost|p2a: Zamazenta|def|1\n|-unboost|p2a: Zamazenta|spd|1\n|move|p1a: Hydreigon|Nasty Plot|p1a: Hydreigon\n|-boost|p1a: Hydreigon|spa|2\n|\n|upkeep\n|turn|8\n|\n|t:|1782433962\n|switch|p2a: Blissey|Blissey, F|100/100\n|move|p1a: Hydreigon|Nasty Plot|p1a: Hydreigon\n|-boost|p1a: Hydreigon|spa|2\n|\n|upkeep\n|turn|9\n|\n|t:|1782433975\n|move|p1a: Hydreigon|Nasty Plot|p1a: Hydreigon\n|-boost|p1a: Hydreigon|spa|2\n|move|p2a: Blissey|Calm Mind|p2a: Blissey\n|-boost|p2a: Blissey|spa|1\n|-boost|p2a: Blissey|spd|1\n|\n|upkeep\n|turn|10\n|\n|t:|1782433982\n|move|p1a: Hydreigon|Draco Meteor|p2a: Blissey\n|-damage|p2a: Blissey|33/100\n|-unboost|p1a: Hydreigon|spa|2\n|-damage|p1a: Hydreigon|74/100|[from] item: Life Orb\n|move|p2a: Blissey|Calm Mind|p2a: Blissey\n|-boost|p2a: Blissey|spa|1\n|-boost|p2a: Blissey|spd|1\n|\n|upkeep\n|turn|11\n|\n|t:|1782433992\n|move|p1a: Hydreigon|Draco Meteor|p2a: Blissey\n|-damage|p2a: Blissey|0 fnt\n|-unboost|p1a: Hydreigon|spa|2\n|faint|p2a: Blissey\n|-damage|p1a: Hydreigon|64/100|[from] item: Life Orb\n|\n|upkeep\n|\n|t:|1782434002\n|switch|p2a: Zamazenta|Zamazenta|76/100\n|turn|12\n|\n|t:|1782434012\n|move|p2a: Zamazenta|Ice Fang|p1a: Hydreigon\n|-damage|p1a: Hydreigon|52/100\n|move|p1a: Hydreigon|Draco Meteor|p2a: Zamazenta\n|-damage|p2a: Zamazenta|0 fnt\n|-unboost|p1a: Hydreigon|spa|2\n|faint|p2a: Zamazenta\n|-damage|p1a: Hydreigon|42/100|[from] item: Life Orb\n|\n|upkeep\n|\n|t:|1782434024\n|switch|p2a: Gholdengo|Gholdengo|100/100\n|turn|13\n|\n|t:|1782434030\n|move|p1a: Hydreigon|Dark Pulse|p2a: Gholdengo\n|-supereffective|p2a: Gholdengo\n|-damage|p2a: Gholdengo|0 fnt\n|faint|p2a: Gholdengo\n|-damage|p1a: Hydreigon|32/100|[from] item: Life Orb\n|\n|-sideend|p1: andrewokaforoka|Reflect\n|upkeep\n|\n|t:|1782434044\n|switch|p2a: Skarmory|Skarmory, M|100/100\n|turn|14\n|\n|t:|1782434057\n|move|p1a: Hydreigon|Nasty Plot|p1a: Hydreigon\n|-boost|p1a: Hydreigon|spa|2\n|move|p2a: Skarmory|Body Press|p1a: Hydreigon\n|-resisted|p1a: Hydreigon\n|-damage|p1a: Hydreigon|16/100\n|\n|upkeep\n|turn|15\n|\n|t:|1782434071\n|move|p1a: Hydreigon|Dark Pulse|p2a: Skarmory\n|-ability|p2a: Skarmory|Sturdy\n|-damage|p2a: Skarmory|1/100\n|-damage|p1a: Hydreigon|6/100|[from] item: Life Orb\n|move|p2a: Skarmory|Spikes|p1a: Hydreigon\n|-sidestart|p1: andrewokaforoka|Spikes\n|\n|upkeep\n|turn|16\n|\n|t:|1782434085\n|move|p1a: Hydreigon|Dark Pulse|p2a: Skarmory\n|-damage|p2a: Skarmory|0 fnt\n|faint|p2a: Skarmory\n|-damage|p1a: Hydreigon|0 fnt|[from] item: Life Orb\n|faint|p1a: Hydreigon\n|\n|upkeep\n|c|☆andrewokaforoka|yeee hydreigon is him\n|\n|t:|1782434099\n|switch|p1a: Samurott|Samurott-Hisui, M|26/100\n|switch|p2a: Gliscor|Gliscor, F|100/100 tox\n|-damage|p1a: Samurott|14/100|[from] Spikes\n|turn|17\n|\n|t:|1782434111\n|move|p1a: Samurott|Aqua Jet|p2a: Gliscor\n|-supereffective|p2a: Gliscor\n|-damage|p2a: Gliscor|72/100 tox\n|move|p2a: Gliscor|Swords Dance|p2a: Gliscor\n|-boost|p2a: Gliscor|atk|2\n|\n|-heal|p2a: Gliscor|84/100 tox|[from] ability: Poison Heal\n|upkeep\n|turn|18\n|\n|t:|1782434125\n|move|p2a: Gliscor|Protect|p2a: Gliscor\n|-singleturn|p2a: Gliscor|Protect\n|move|p1a: Samurott|Aqua Jet|p2a: Gliscor\n|-activate|p2a: Gliscor|move: Protect\n|\n|-heal|p2a: Gliscor|97/100 tox|[from] ability: Poison Heal\n|upkeep\n|turn|19\n|c|☆andrewokaforoka|gliscor is scary bruh\n|\n|t:|1782434136\n|switch|p2a: Pecharunt|Pecharunt|100/100\n|move|p1a: Samurott|Aqua Jet|p2a: Pecharunt\n|-damage|p2a: Pecharunt|90/100\n|\n|upkeep\n|turn|20\n|\n|t:|1782434153\n|move|p1a: Samurott|Ceaseless Edge|p2a: Pecharunt\n|-supereffective|p2a: Pecharunt\n|-damage|p2a: Pecharunt|38/100\n|-sidestart|p2: thepeakmons|Spikes\n|move|p2a: Pecharunt|Parting Shot|p1a: Samurott\n|-unboost|p1a: Samurott|atk|1\n|-unboost|p1a: Samurott|spa|1\n|c|☆andrewokaforoka|why set up just to switch\n|\n|t:|1782434165\n|switch|p2a: Gliscor|Gliscor, F|97/100 tox|[from] Parting Shot\n|\n|-heal|p2a: Gliscor|100/100 tox|[from] ability: Poison Heal\n|upkeep\n|turn|21\n|\n|t:|1782434173\n|switch|p1a: Zapdos|Zapdos|100/100\n|move|p2a: Gliscor|Swords Dance|p2a: Gliscor\n|-boost|p2a: Gliscor|atk|2\n|\n|upkeep\n|turn|22\n|\n|t:|1782434185\n|move|p2a: Gliscor|Protect|p2a: Gliscor\n|-singleturn|p2a: Gliscor|Protect\n|move|p1a: Zapdos|Hurricane|p2a: Gliscor\n|-activate|p2a: Gliscor|move: Protect\n|\n|upkeep\n|turn|23\n|c|☆andrewokaforoka|hurricane gone hit trust\n|\n|t:|1782434197\n|move|p1a: Zapdos|Hurricane|p2a: Gliscor\n|-damage|p2a: Gliscor|51/100 tox\n|move|p2a: Gliscor|Earthquake|p1a: Zapdos\n|-immune|p1a: Zapdos\n|\n|-heal|p2a: Gliscor|63/100 tox|[from] ability: Poison Heal\n|upkeep\n|turn|24\n|\n|t:|1782434215\n|switch|p2a: Pecharunt|Pecharunt|38/100\n|move|p1a: Zapdos|Roost||[still]\n|-fail|p1a: Zapdos|heal\n|\n|upkeep\n|turn|25\n|\n|t:|1782434227\n|switch|p2a: Gliscor|Gliscor, F|63/100 tox\n|move|p1a: Zapdos|Hurricane|p2a: Gliscor\n|-damage|p2a: Gliscor|13/100 tox\n|\n|-heal|p2a: Gliscor|25/100 tox|[from] ability: Poison Heal\n|upkeep\n|turn|26\n|\n|t:|1782434235\n|move|p2a: Gliscor|Protect|p2a: Gliscor\n|-singleturn|p2a: Gliscor|Protect\n|move|p1a: Zapdos|Hurricane|p2a: Gliscor\n|-activate|p2a: Gliscor|move: Protect\n|\n|-heal|p2a: Gliscor|38/100 tox|[from] ability: Poison Heal\n|upkeep\n|turn|27\n|\n|t:|1782434244\n|move|p2a: Gliscor|Protect||[still]\n|-fail|p2a: Gliscor\n|move|p1a: Zapdos|Hurricane|p2a: Gliscor\n|-damage|p2a: Gliscor|0 fnt\n|faint|p2a: Gliscor\n|\n|upkeep\n|\n|t:|1782434256\n|switch|p2a: Pecharunt|Pecharunt|38/100\n|turn|28\n|c|☆andrewokaforoka|gg bro\n|\n|t:|1782434263\n|move|p1a: Zapdos|Thunderbolt|p2a: Pecharunt\n|-damage|p2a: Pecharunt|0 fnt\n|faint|p2a: Pecharunt\n|\n|win|andrewokaforoka\n|raw|andrewokaforoka's rating: 1259 &rarr; <strong>1284</strong><br />(+25 for winning)\n|raw|thepeakmons's rating: 1265 &rarr; <strong>1240</strong><br />(-25 for losing)\n|c|☆andrewokaforoka|hydreigon is the goat\n", "uploadtime": 1782434263, "views": 12, "formatid": "gen9ou", "rating": 1240, "private": 0, "password": null}