{"id": "gen9ou-2647758676", "format": "[Gen 9] OU", "players": ["trickroomfan1", "on the heart"], "log": "|j|☆trickroomfan1\n|j|☆on the heart\n|inactive|Battle timer is ON: inactive players will automatically lose when time's up.\n|t:|1783807581\n|gametype|singles\n|player|p1|trickroomfan1|red-masters2|\n|player|p2|on the heart|acetrainerf-gen6xy|\n|gen|9\n|tier|[Gen 9] OU\n|rated|Tournament battle\n|rule|HP Percentage Mod: HP is shown in percentages\n|rule|Endless Battle Clause: Forcing endless battles is banned\n|rule|Species Clause: Limit one of each Pokémon\n|rule|OHKO Clause: OHKO moves are banned\n|rule|Evasion Items Clause: Evasion items are banned\n|rule|Evasion Moves Clause: Evasion moves are banned\n|rule|Evasion Abilities Clause: Evasion abilities are banned\n|rule|Sleep Moves Clause: Sleep-inducing moves are banned\n|clearpoke\n|poke|p1|Indeedee, M|\n|poke|p1|Hatterene, F|\n|poke|p1|Ursaluna, F|\n|poke|p1|Iron Hands|\n|poke|p1|Hoopa-Unbound|\n|poke|p1|Mimikyu, F|\n|poke|p2|Hatterene, F|\n|poke|p2|Great Tusk|\n|poke|p2|Tornadus-Therian, M|\n|poke|p2|Kyurem|\n|poke|p2|Slowking-Galar, F|\n|poke|p2|Kingambit, M|\n|teampreview\n|inactive|on the heart also wants the timer to be on.\n|inactive|trickroomfan1 also wants the timer to be on.\n|\n|t:|1783807598\n|teamsize|p1|6\n|teamsize|p2|6\n|start\n|switch|p1a: stall is bad|Iron Hands|100/100\n|switch|p2a: Kyurem|Kyurem|100/100\n|-ability|p2a: Kyurem|Pressure\n|-enditem|p1a: stall is bad|Booster Energy\n|-activate|p1a: stall is bad|ability: Quark Drive|[fromitem]\n|-start|p1a: stall is bad|quarkdriveatk\n|turn|1\n|j| inakunana\n|j| trickroomlover123\n|\n|t:|1783807620\n|switch|p2a: Hatterene|Hatterene, F|100/100\n|move|p1a: stall is bad|Close Combat|p2a: Hatterene\n|-resisted|p2a: Hatterene\n|-damage|p2a: Hatterene|82/100\n|-unboost|p1a: stall is bad|def|1\n|-unboost|p1a: stall is bad|spd|1\n|-damage|p1a: stall is bad|84/100|[from] item: Rocky Helmet|[of] p2a: Hatterene\n|\n|upkeep\n|turn|2\n|\n|t:|1783807629\n|switch|p2a: Great Tusk|Great Tusk|100/100\n|move|p1a: stall is bad|Heavy Slam|p2a: Great Tusk\n|-damage|p2a: Great Tusk|85/100\n|-damage|p1a: stall is bad|67/100|[from] item: Rocky Helmet|[of] p2a: Great Tusk\n|\n|upkeep\n|turn|3\n|\n|t:|1783807641\n|-terastallize|p1a: stall is bad|Flying\n|move|p2a: Great Tusk|Stealth Rock|p1a: stall is bad\n|-sidestart|p1: trickroomfan1|move: Stealth Rock\n|move|p1a: stall is bad|Ice Punch|p2a: Great Tusk\n|-supereffective|p2a: Great Tusk\n|-damage|p2a: Great Tusk|32/100\n|-damage|p1a: stall is bad|50/100|[from] item: Rocky Helmet|[of] p2a: Great Tusk\n|\n|upkeep\n|turn|4\n|c|☆trickroomfan1|pensa mto nao\n|j|+enzoo1600\n|\n|t:|1783807658\n|move|p2a: Great Tusk|Ice Spinner|p1a: stall is bad\n|-supereffective|p1a: stall is bad\n|-damage|p1a: stall is bad|0 fnt\n|faint|p1a: stall is bad\n|-end|p1a: stall is bad|Quark Drive|[silent]\n|\n|upkeep\n|c|☆trickroomfan1|vc conhece o time ja\n|\n|t:|1783807663\n|switch|p1a: Indeedee|Indeedee, M, shiny|100/100\n|-damage|p1a: Indeedee|88/100|[from] Stealth Rock\n|-fieldstart|move: Psychic Terrain|[from] ability: Psychic Surge|[of] p1a: Indeedee\n|turn|5\n|c|☆on the heart|eu sei\n|\n|t:|1783807668\n|-end|p2a: Great Tusk|Protosynthesis|[silent]\n|switch|p2a: Kingambit|Kingambit, M|100/100\n|move|p1a: Indeedee|Trick Room|p1a: Indeedee\n|-fieldstart|move: Trick Room|[of] p1a: Indeedee\n|\n|upkeep\n|turn|6\n|\n|t:|1783807675\n|move|p2a: Kingambit|Kowtow Cleave|p1a: Indeedee\n|-supereffective|p1a: Indeedee\n|-damage|p1a: Indeedee|0 fnt\n|faint|p1a: Indeedee\n|\n|upkeep\n|c| trickroomlover123|O TR eu ja fiz jogadas epicas de previsao de troca\n|\n|t:|1783807684\n|switch|p1a: 5 NIGHTS IN TR|Ursaluna, F, shiny|100/100\n|-damage|p1a: 5 NIGHTS IN TR|94/100|[from] Stealth Rock\n|turn|7\n|\n|t:|1783807697\n|-end|p2a: Kingambit|fallenundefined|[silent]\n|switch|p2a: Great Tusk|Great Tusk|32/100\n|move|p1a: 5 NIGHTS IN TR|Protect||[still]\n|-fail|p1a: 5 NIGHTS IN TR\n|\n|-status|p1a: 5 NIGHTS IN TR|brn|[from] item: Flame Orb\n|upkeep\n|turn|8\n|\n|t:|1783807702\n|move|p1a: 5 NIGHTS IN TR|Facade|p2a: Great Tusk\n|-damage|p2a: Great Tusk|0 fnt\n|-damage|p1a: 5 NIGHTS IN TR|78/100 brn|[from] item: Rocky Helmet|[of] p2a: Great Tusk\n|faint|p2a: Great Tusk\n|-end|p2a: Great Tusk|Protosynthesis|[silent]\n|\n|-damage|p1a: 5 NIGHTS IN TR|72/100 brn|[from] brn\n|upkeep\n|\n|t:|1783807707\n|switch|p2a: Hatterene|Hatterene, F|82/100\n|turn|9\n|c| trickroomlover123|gosta FNAF?\n|\n|t:|1783807711\n|move|p2a: Hatterene|Psychic Noise|p1a: 5 NIGHTS IN TR\n|-damage|p1a: 5 NIGHTS IN TR|34/100 brn\n|-start|p1a: 5 NIGHTS IN TR|move: Heal Block\n|move|p1a: 5 NIGHTS IN TR|Facade|p2a: Hatterene\n|-damage|p2a: Hatterene|0 fnt\n|-damage|p1a: 5 NIGHTS IN TR|17/100 brn|[from] item: Rocky Helmet|[of] p2a: Hatterene\n|faint|p2a: Hatterene\n|\n|-damage|p1a: 5 NIGHTS IN TR|11/100 brn|[from] brn\n|-fieldend|move: Trick Room\n|upkeep\n|c|☆trickroomfan1|n\n|\n|t:|1783807724\n|switch|p2a: Tornadus|Tornadus-Therian, M|100/100\n|turn|10\n|c|☆trickroomfan1|so o nick q é daora msm\n|c|☆trickroomfan1|eu ja perdi aq\n|\n|t:|1783807735\n|switch|p1a: choque do trovao|Mimikyu, F, shiny|100/100\n|-damage|p1a: choque do trovao|88/100|[from] Stealth Rock\n|move|p2a: Tornadus|Knock Off|p1a: choque do trovao\n|-activate|p1a: choque do trovao|ability: Disguise\n|-damage|p1a: choque do trovao|88/100\n|-enditem|p1a: choque do trovao|Red Card|[from] move: Knock Off|[of] p2a: Tornadus\n|detailschange|p1a: choque do trovao|Mimikyu-Busted, F, shiny\n|-damage|p1a: choque do trovao|76/100|[from] pokemon: Mimikyu-Busted\n|\n|upkeep\n|turn|11\n|\n|t:|1783807743\n|move|p2a: Tornadus|Bleakwind Storm|p1a: choque do trovao\n|-damage|p1a: choque do trovao|34/100\n|move|p1a: choque do trovao|Trick Room|p1a: choque do trovao\n|-fieldstart|move: Trick Room|[of] p1a: choque do trovao\n|\n|upkeep\n|turn|12\n|\n|t:|1783807748\n|move|p1a: choque do trovao|Curse|p2a: Tornadus\n|-start|p2a: Tornadus|Curse|[of] p1a: choque do trovao\n|-damage|p1a: choque do trovao|0 fnt\n|faint|p1a: choque do trovao\n|move|p2a: Tornadus|U-turn|p1: choque do trovao|[notarget]\n|-fail|p2a: Tornadus\n|\n|-damage|p2a: Tornadus|76/100|[from] Curse\n|-fieldend|move: Psychic Terrain\n|upkeep\n|\n|t:|1783807752\n|switch|p1a: forfeit bro|Hatterene, F, shiny|100/100\n|-damage|p1a: forfeit bro|88/100|[from] Stealth Rock\n|turn|13\n|\n|t:|1783807755\n|switch|p2a: Slowking|Slowking-Galar, F|100/100\n|move|p1a: forfeit bro|Mystical Fire|p2a: Slowking\n|-damage|p2a: Slowking|68/100\n|-unboost|p2a: Slowking|spa|1\n|-damage|p1a: forfeit bro|78/100|[from] item: Life Orb\n|\n|-heal|p2a: Slowking|75/100|[from] item: Black Sludge\n|upkeep\n|turn|14\n|l| trickroomlover123\n|\n|t:|1783807763\n|move|p1a: forfeit bro|Expanding Force|p2a: Slowking\n|-damage|p2a: Slowking|21/100\n|-damage|p1a: forfeit bro|69/100|[from] item: Life Orb\n|move|p2a: Slowking|Trick|p1a: forfeit bro\n|-activate|p2a: Slowking|move: Trick|[of] p1a: forfeit bro\n|-item|p1a: forfeit bro|Black Sludge|[from] move: Trick\n|-item|p2a: Slowking|Life Orb|[from] move: Trick\n|\n|-damage|p1a: forfeit bro|56/100|[from] item: Black Sludge\n|upkeep\n|turn|15\n|\n|t:|1783807773\n|move|p1a: forfeit bro|Mystical Fire|p2a: Slowking\n|-damage|p2a: Slowking|0 fnt\n|faint|p2a: Slowking\n|\n|-damage|p1a: forfeit bro|44/100|[from] item: Black Sludge\n|-fieldend|move: Trick Room\n|upkeep\n|\n|t:|1783807777\n|switch|p2a: Kyurem|Kyurem|100/100\n|-ability|p2a: Kyurem|Pressure\n|turn|16\n|\n|t:|1783807782\n|move|p2a: Kyurem|Ice Beam|p1a: forfeit bro\n|-damage|p1a: forfeit bro|0 fnt\n|faint|p1a: forfeit bro\n|\n|upkeep\n|\n|t:|1783807785\n|switch|p1a: REI MALANDRO|Hoopa-Unbound|100/100\n|-damage|p1a: REI MALANDRO|88/100|[from] Stealth Rock\n|turn|17\n|\n|t:|1783807789\n|move|p2a: Kyurem|Ice Beam|p1a: REI MALANDRO\n|-damage|p1a: REI MALANDRO|39/100\n|move|p1a: REI MALANDRO|Trick Room|p1a: REI MALANDRO\n|-fieldstart|move: Trick Room|[of] p1a: REI MALANDRO\n|\n|upkeep\n|turn|18\n|\n|t:|1783807796\n|move|p1a: REI MALANDRO|Focus Blast|p2a: Kyurem|[miss]\n|-miss|p1a: REI MALANDRO|p2a: Kyurem\n|move|p2a: Kyurem|Ice Beam|p1a: REI MALANDRO\n|-damage|p1a: REI MALANDRO|0 fnt\n|faint|p1a: REI MALANDRO\n|\n|upkeep\n|-message|trickroomfan1 forfeited.\n|\n|win|on the heart\n|n|☆trickroomfan1|trickroomfan1\n|n|☆on the heart|ontheheart\n|n| inakunana|inakunana\n|n| enzoo1600|enzoo1600\n", "uploadtime": 1783807800, "views": 5, "formatid": "gen9ou", "rating": null, "private": 0, "password": null}