{"id": "gen9ou-2647732071", "format": "[Gen 9] OU", "players": ["Kevinsmogono", "imyou019"], "log": "|j|☆Kevinsmogono\n|j|☆imyou019\n|t:|1783803222\n|gametype|singles\n|player|p1|Kevinsmogono|rancher|1520\n|player|p2|imyou019|101|1486\n|gen|9\n|tier|[Gen 9] OU\n|rated|\n|rule|HP Percentage Mod: HP is shown in percentages\n|rule|Endless Battle Clause: Forcing endless battles is banned\n|rule|Species Clause: Limit one of each Pokémon\n|rule|OHKO Clause: OHKO moves are banned\n|rule|Evasion Items Clause: Evasion items are banned\n|rule|Evasion Moves Clause: Evasion moves are banned\n|rule|Evasion Abilities Clause: Evasion abilities are banned\n|rule|Sleep Moves Clause: Sleep-inducing moves are banned\n|clearpoke\n|poke|p1|Garchomp, F|\n|poke|p1|Ceruledge, M|\n|poke|p1|Enamorus-Therian, F|\n|poke|p1|Glimmora, F|\n|poke|p1|Pawmot, M|\n|poke|p1|Rotom-Wash|\n|poke|p2|Deoxys-Speed|\n|poke|p2|Pecharunt|\n|poke|p2|Enamorus, F|\n|poke|p2|Iron Moth|\n|poke|p2|Garganacl, M|\n|poke|p2|Samurott-Hisui, M|\n|teampreview\n|\n|t:|1783803235\n|teamsize|p1|6\n|teamsize|p2|6\n|start\n|switch|p1a: Rotom|Rotom-Wash|100/100\n|switch|p2a: Deoxys|Deoxys-Speed|100/100\n|-ability|p2a: Deoxys|Pressure\n|turn|1\n|\n|t:|1783803247\n|move|p2a: Deoxys|Stealth Rock|p1a: Rotom\n|-sidestart|p1: Kevinsmogono|move: Stealth Rock\n|move|p1a: Rotom|Volt Switch|p2a: Deoxys\n|-damage|p2a: Deoxys|62/100\n|\n|t:|1783803252\n|switch|p1a: Ceruledge|Ceruledge, M|100/100|[from] Volt Switch\n|-damage|p1a: Ceruledge|76/100|[from] Stealth Rock\n|\n|upkeep\n|turn|2\n|\n|t:|1783803260\n|move|p2a: Deoxys|Thunder Wave|p1a: Ceruledge\n|-status|p1a: Ceruledge|par\n|move|p1a: Ceruledge|Bulk Up|p1a: Ceruledge\n|-boost|p1a: Ceruledge|atk|1\n|-boost|p1a: Ceruledge|def|1\n|\n|upkeep\n|turn|3\n|\n|t:|1783803269\n|move|p2a: Deoxys|Knock Off|p1a: Ceruledge\n|-supereffective|p1a: Ceruledge\n|-damage|p1a: Ceruledge|43/100 par\n|-ability|p1a: Ceruledge|Weak Armor|boost\n|-unboost|p1a: Ceruledge|def|1\n|-boost|p1a: Ceruledge|spe|2\n|-enditem|p1a: Ceruledge|Weakness Policy\n|-boost|p1a: Ceruledge|atk|2|[from] item: Weakness Policy\n|-boost|p1a: Ceruledge|spa|2|[from] item: Weakness Policy\n|move|p1a: Ceruledge|Bitter Blade|p2a: Deoxys\n|-damage|p2a: Deoxys|0 fnt\n|-heal|p1a: Ceruledge|70/100 par|[from] drain|[of] p2a: Deoxys\n|faint|p2a: Deoxys\n|\n|upkeep\n|\n|t:|1783803282\n|switch|p2a: Samurott|Samurott-Hisui, M|100/100\n|turn|4\n|\n|t:|1783803287\n|-terastallize|p1a: Ceruledge|Grass\n|move|p2a: Samurott|Ceaseless Edge|p1a: Ceruledge\n|-damage|p1a: Ceruledge|3/100 par\n|-ability|p1a: Ceruledge|Weak Armor|boost\n|-unboost|p1a: Ceruledge|def|1\n|-boost|p1a: Ceruledge|spe|2\n|-sidestart|p1: Kevinsmogono|Spikes\n|-damage|p2a: Samurott|91/100|[from] item: Life Orb\n|move|p1a: Ceruledge|Close Combat|p2a: Samurott\n|-supereffective|p2a: Samurott\n|-damage|p2a: Samurott|0 fnt\n|-unboost|p1a: Ceruledge|def|1\n|-unboost|p1a: Ceruledge|spd|1\n|faint|p2a: Samurott\n|\n|upkeep\n|\n|t:|1783803301\n|switch|p2a: Iron Moth|Iron Moth|100/100\n|turn|5\n|\n|t:|1783803305\n|move|p1a: Ceruledge|Shadow Sneak|p2a: Iron Moth\n|-damage|p2a: Iron Moth|5/100\n|move|p2a: Iron Moth|Fiery Dance|p1a: Ceruledge\n|-supereffective|p1a: Ceruledge\n|-damage|p1a: Ceruledge|0 fnt\n|-boost|p2a: Iron Moth|spa|1\n|faint|p1a: Ceruledge\n|\n|upkeep\n|\n|t:|1783803310\n|switch|p1a: Glimmora|Glimmora, F|100/100\n|-damage|p1a: Glimmora|88/100|[from] Stealth Rock\n|-damage|p1a: Glimmora|76/100|[from] Spikes\n|turn|6\n|\n|t:|1783803321\n|move|p2a: Iron Moth|Meteor Beam||[still]\n|-prepare|p2a: Iron Moth|Meteor Beam\n|-boost|p2a: Iron Moth|spa|1\n|-enditem|p2a: Iron Moth|Power Herb\n|-anim|p2a: Iron Moth|Meteor Beam|p1a: Glimmora\n|-damage|p1a: Glimmora|0 fnt\n|faint|p1a: Glimmora\n|\n|upkeep\n|\n|t:|1783803325\n|switch|p1a: Pawmot|Pawmot, M|100/100\n|-damage|p1a: Pawmot|94/100|[from] Stealth Rock\n|-damage|p1a: Pawmot|82/100|[from] Spikes\n|turn|7\n|\n|t:|1783803333\n|move|p1a: Pawmot|Fake Out|p2a: Iron Moth\n|-damage|p2a: Iron Moth|0 fnt\n|faint|p2a: Iron Moth\n|-end|p2a: Iron Moth|Quark Drive|[silent]\n|\n|upkeep\n|\n|t:|1783803338\n|switch|p2a: Pecharunt|Pecharunt|100/100\n|turn|8\n|\n|t:|1783803342\n|move|p1a: Pawmot|Revival Blessing|p1a: Pawmot\n|-enditem|p1a: Pawmot|Leppa Berry|[eat]\n|-activate|p1a: Pawmot|item: Leppa Berry|Revival Blessing|[consumed]\n|\n|t:|1783803346\n|-heal|p1: Glimmora|50/100|[from] move: Revival Blessing\n|move|p2a: Pecharunt|Toxic|p1a: Pawmot\n|-status|p1a: Pawmot|tox\n|-start|p1a: Pawmot|confusion|[from] ability: Poison Puppeteer|[of] p2a: Pecharunt\n|\n|-damage|p1a: Pawmot|76/100 tox|[from] psn\n|upkeep\n|turn|9\n|\n|t:|1783803358\n|-activate|p1a: Pawmot|confusion\n|-damage|p1a: Pawmot|56/100 tox|[from] confusion\n|move|p2a: Pecharunt|Recover||[still]\n|-fail|p2a: Pecharunt|heal\n|\n|-damage|p1a: Pawmot|44/100 tox|[from] psn\n|upkeep\n|turn|10\n|\n|t:|1783803365\n|-activate|p1a: Pawmot|confusion\n|move|p1a: Pawmot|Revival Blessing|p1a: Pawmot\n|\n|t:|1783803367\n|-heal|p1: Ceruledge|50/100|[from] move: Revival Blessing\n|move|p2a: Pecharunt|Hex|p1a: Pawmot\n|-damage|p1a: Pawmot|0 fnt\n|faint|p1a: Pawmot\n|\n|upkeep\n|\n|t:|1783803385\n|switch|p1a: Glimmora|Glimmora, F|50/100\n|-damage|p1a: Glimmora|38/100|[from] Stealth Rock\n|-damage|p1a: Glimmora|26/100|[from] Spikes\n|turn|11\n|\n|t:|1783803393\n|move|p1a: Glimmora|Meteor Beam||[still]\n|-prepare|p1a: Glimmora|Meteor Beam\n|-boost|p1a: Glimmora|spa|1\n|-enditem|p1a: Glimmora|Power Herb\n|-anim|p1a: Glimmora|Meteor Beam|p2a: Pecharunt\n|-crit|p2a: Pecharunt\n|-damage|p2a: Pecharunt|0 fnt\n|faint|p2a: Pecharunt\n|\n|upkeep\n|\n|t:|1783803400\n|switch|p2a: Enamorus|Enamorus, F|100/100\n|turn|12\n|\n|t:|1783803403\n|move|p2a: Enamorus|Superpower|p1a: Glimmora\n|-damage|p1a: Glimmora|0 fnt\n|-boost|p2a: Enamorus|atk|1\n|-boost|p2a: Enamorus|def|1\n|-activate|p1a: Glimmora|ability: Toxic Debris\n|-sidestart|p2: imyou019|move: Toxic Spikes\n|faint|p1a: Glimmora\n|\n|upkeep\n|\n|t:|1783803409\n|switch|p1a: Enamorus|Enamorus-Therian, F|100/100\n|-damage|p1a: Enamorus|76/100|[from] Stealth Rock\n|turn|13\n|\n|t:|1783803415\n|move|p2a: Enamorus|Iron Head|p1a: Enamorus\n|-supereffective|p1a: Enamorus\n|-damage|p1a: Enamorus|0 fnt\n|faint|p1a: Enamorus\n|\n|upkeep\n|\n|t:|1783803424\n|switch|p1a: Rotom|Rotom-Wash|100/100\n|-damage|p1a: Rotom|88/100|[from] Stealth Rock\n|turn|14\n|inactive|Battle timer is ON: inactive players will automatically lose when time's up. (requested by Kevinsmogono)\n|\n|t:|1783803434\n|switch|p2a: Garganacl|Garganacl, M|100/100\n|move|p1a: Rotom|Thunder Wave|p2a: Garganacl\n|-immune|p2a: Garganacl|[from] ability: Purifying Salt\n|\n|-heal|p1a: Rotom|94/100|[from] item: Leftovers\n|upkeep\n|turn|15\n|\n|t:|1783803443\n|move|p1a: Rotom|Hydro Pump|p2a: Garganacl\n|-supereffective|p2a: Garganacl\n|-damage|p2a: Garganacl|0 fnt\n|faint|p2a: Garganacl\n|\n|-heal|p1a: Rotom|100/100|[from] item: Leftovers\n|upkeep\n|-message|imyou019 forfeited.\n|\n|win|Kevinsmogono\n|raw|Kevinsmogono's rating: 1520 &rarr; <strong>1538</strong><br />(+18 for winning)\n|raw|imyou019's rating: 1486 &rarr; <strong>1468</strong><br />(-18 for losing)\n|l|☆imyou019\n|player|p2|\n|l|☆Kevinsmogono\n|player|p1|\n", "uploadtime": 1783803826, "views": 14, "formatid": "gen9ou", "rating": 1468, "private": 0, "password": null}