{"id": "gen9ou-2540768572", "format": "[Gen 9] OU", "players": ["pengzhengzhe", "President Warfo"], "log": "|j|☆pengzhengzhe\n|j|‽President Warfo\n|t:|1771251848\n|gametype|singles\n|player|p1|pengzhengzhe|169|1554\n|player|p2|President Warfo|giovanni-gen1rb|1537\n|gen|9\n|tier|[Gen 9] OU\n|rated|\n|rule|HP Percentage Mod: HP is shown in percentages\n|rule|Endless Battle Clause: Forcing endless battles is banned\n|rule|Species Clause: Limit one of each Pokémon\n|rule|OHKO Clause: OHKO moves are banned\n|rule|Evasion Items Clause: Evasion items are banned\n|rule|Evasion Moves Clause: Evasion moves are banned\n|rule|Evasion Abilities Clause: Evasion abilities are banned\n|rule|Sleep Moves Clause: Sleep-inducing moves are banned\n|clearpoke\n|poke|p1|Ting-Lu|\n|poke|p1|Darkrai|\n|poke|p1|Goodra-Hisui, F|\n|poke|p1|Corviknight, M|\n|poke|p1|Zamazenta-*|\n|poke|p1|Skeledirge, M|\n|poke|p2|Torkoal, F|\n|poke|p2|Scovillain, M|\n|poke|p2|Walking Wake|\n|poke|p2|Hatterene, F|\n|poke|p2|Great Tusk|\n|poke|p2|Ceruledge, M|\n|teampreview\n|inactive|Battle timer is ON: inactive players will automatically lose when time's up. (requested by President Warfo)\n|\n|t:|1771251856\n|teamsize|p1|6\n|teamsize|p2|6\n|start\n|switch|p1a: 岩钉吹飞|Ting-Lu|100/100\n|switch|p2a: Torkoal|Torkoal, F|100/100\n|-ability|p1a: 岩钉吹飞|Vessel of Ruin\n|-weather|SunnyDay|[from] ability: Drought|[of] p2a: Torkoal\n|turn|1\n|\n|t:|1771251863\n|switch|p2a: Hatterene|Hatterene, F, shiny|100/100\n|move|p1a: 岩钉吹飞|Earthquake|p2a: Hatterene\n|-damage|p2a: Hatterene|56/100\n|-enditem|p2a: Hatterene|Eject Button\n|\n|t:|1771251883\n|switch|p2a: Scovillain|Scovillain, M|100/100\n|\n|-weather|SunnyDay|[upkeep]\n|upkeep\n|turn|2\n|\n|t:|1771251898\n|move|p2a: Scovillain|Growth|p2a: Scovillain\n|-boost|p2a: Scovillain|atk|2\n|-boost|p2a: Scovillain|spa|2\n|move|p1a: 岩钉吹飞|Earthquake|p2a: Scovillain\n|-damage|p2a: Scovillain|14/100\n|\n|-weather|SunnyDay|[upkeep]\n|upkeep\n|turn|3\n|\n|t:|1771251909\n|switch|p1a: 害怕岩钉|Skeledirge, M|100/100\n|move|p2a: Scovillain|Giga Drain|p1a: 害怕岩钉\n|-resisted|p1a: 害怕岩钉\n|-damage|p1a: 害怕岩钉|79/100\n|-heal|p2a: Scovillain|30/100|[from] drain|[of] p1a: 害怕岩钉\n|-damage|p2a: Scovillain|20/100|[from] item: Life Orb\n|\n|-weather|SunnyDay|[upkeep]\n|upkeep\n|turn|4\n|\n|t:|1771251920\n|-terastallize|p2a: Scovillain|Ground\n|move|p2a: Scovillain|Tera Blast|p1a: 害怕岩钉|[anim] Tera Blast Ground\n|-supereffective|p1a: 害怕岩钉\n|-damage|p1a: 害怕岩钉|0 fnt\n|faint|p1a: 害怕岩钉\n|-damage|p2a: Scovillain|10/100|[from] item: Life Orb\n|\n|-weather|SunnyDay|[upkeep]\n|upkeep\n|\n|t:|1771251930\n|switch|p1a: 害怕幸福蛋|Darkrai|100/100\n|turn|5\n|\n|t:|1771251934\n|move|p1a: 害怕幸福蛋|Sucker Punch|p2a: Scovillain\n|-damage|p2a: Scovillain|0 fnt\n|faint|p2a: Scovillain\n|\n|-weather|SunnyDay|[upkeep]\n|upkeep\n|\n|t:|1771251939\n|switch|p2a: Walking Wake|Walking Wake|100/100\n|-activate|p2a: Walking Wake|ability: Protosynthesis\n|-start|p2a: Walking Wake|protosynthesisspa\n|turn|6\n|\n|t:|1771251944\n|switch|p1a: 背心龙尾|Goodra-Hisui, F|100/100\n|move|p2a: Walking Wake|Draco Meteor|p1a: 背心龙尾\n|-damage|p1a: 背心龙尾|0 fnt\n|-unboost|p2a: Walking Wake|spa|2\n|faint|p1a: 背心龙尾\n|\n|-weather|SunnyDay|[upkeep]\n|upkeep\n|\n|t:|1771251948\n|switch|p1a: 岩钉吹飞|Ting-Lu|100/100\n|-ability|p1a: 岩钉吹飞|Vessel of Ruin\n|turn|7\n|\n|t:|1771251952\n|-end|p2a: Walking Wake|Protosynthesis|[silent]\n|switch|p2a: Hatterene|Hatterene, F, shiny|56/100\n|move|p1a: 岩钉吹飞|Earthquake|p2a: Hatterene\n|-damage|p2a: Hatterene|14/100\n|\n|-weather|SunnyDay|[upkeep]\n|upkeep\n|turn|8\n|\n|t:|1771251961\n|move|p1a: 岩钉吹飞|Earthquake|p2a: Hatterene\n|-damage|p2a: Hatterene|0 fnt\n|faint|p2a: Hatterene\n|\n|-weather|none\n|upkeep\n|\n|t:|1771251964\n|switch|p2a: Torkoal|Torkoal, F|100/100\n|-weather|SunnyDay|[from] ability: Drought|[of] p2a: Torkoal\n|turn|9\n|\n|t:|1771251967\n|switch|p2a: Walking Wake|Walking Wake|100/100\n|-activate|p2a: Walking Wake|ability: Protosynthesis\n|-start|p2a: Walking Wake|protosynthesisspa\n|move|p1a: 岩钉吹飞|Earthquake|p2a: Walking Wake\n|-damage|p2a: Walking Wake|43/100\n|\n|-weather|SunnyDay|[upkeep]\n|upkeep\n|turn|10\n|\n|t:|1771251971\n|-terastallize|p1a: 岩钉吹飞|Water\n|move|p2a: Walking Wake|Hydro Steam|p1a: 岩钉吹飞\n|-resisted|p1a: 岩钉吹飞\n|-damage|p1a: 岩钉吹飞|73/100\n|move|p1a: 岩钉吹飞|Earthquake|p2a: Walking Wake\n|-damage|p2a: Walking Wake|0 fnt\n|faint|p2a: Walking Wake\n|-end|p2a: Walking Wake|Protosynthesis|[silent]\n|\n|-weather|SunnyDay|[upkeep]\n|upkeep\n|\n|t:|1771251974\n|switch|p2a: Ceruledge|Ceruledge, M|100/100\n|turn|11\n|\n|t:|1771251978\n|move|p2a: Ceruledge|Swords Dance|p2a: Ceruledge\n|-boost|p2a: Ceruledge|atk|2\n|move|p1a: 岩钉吹飞|Ruination|p2a: Ceruledge\n|-damage|p2a: Ceruledge|51/100\n|\n|-weather|SunnyDay|[upkeep]\n|upkeep\n|turn|12\n|\n|t:|1771251983\n|move|p2a: Ceruledge|Solar Blade||[still]\n|-prepare|p2a: Ceruledge|Solar Blade\n|-anim|p2a: Ceruledge|Solar Blade|p1a: 岩钉吹飞\n|-supereffective|p1a: 岩钉吹飞\n|-damage|p1a: 岩钉吹飞|0 fnt\n|faint|p1a: 岩钉吹飞\n|\n|-weather|SunnyDay|[upkeep]\n|upkeep\n|\n|t:|1771251988\n|switch|p1a: 害怕幸福蛋|Darkrai|100/100\n|turn|13\n|\n|t:|1771251993\n|switch|p2a: Great Tusk|Great Tusk, shiny|100/100\n|-activate|p2a: Great Tusk|ability: Protosynthesis\n|-start|p2a: Great Tusk|protosynthesisatk\n|move|p1a: 害怕幸福蛋|Knock Off|p2a: Great Tusk\n|-resisted|p2a: Great Tusk\n|-damage|p2a: Great Tusk|86/100\n|-damage|p1a: 害怕幸福蛋|84/100|[from] item: Rocky Helmet|[of] p2a: Great Tusk\n|-enditem|p2a: Great Tusk|Rocky Helmet|[from] move: Knock Off|[of] p1a: 害怕幸福蛋\n|\n|-weather|SunnyDay|[upkeep]\n|upkeep\n|turn|14\n|\n|t:|1771251997\n|switch|p1a: 天空之盾|Corviknight, M|100/100\n|-ability|p1a: 天空之盾|Pressure\n|move|p2a: Great Tusk|Headlong Rush|p1a: 天空之盾\n|-immune|p1a: 天空之盾\n|\n|-weather|SunnyDay|[upkeep]\n|upkeep\n|turn|15\n|\n|t:|1771252002\n|move|p2a: Great Tusk|Temper Flare|p1a: 天空之盾\n|-supereffective|p1a: 天空之盾\n|-damage|p1a: 天空之盾|0 fnt\n|-damage|p2a: Great Tusk|69/100|[from] item: Rocky Helmet|[of] p1a: 天空之盾\n|faint|p1a: 天空之盾\n|\n|-weather|SunnyDay|[upkeep]\n|upkeep\n|\n|t:|1771252004\n|switch|p1a: 铁壁扑击|Zamazenta|100/100\n|-ability|p1a: 铁壁扑击|Dauntless Shield|boost\n|-boost|p1a: 铁壁扑击|def|1\n|turn|16\n|l|‽President Warfo\n|inactive|President Warfo disconnected and has a minute to reconnect!\n|player|p2|\n|j|‽President Warfo\n|inactive|President Warfo reconnected and has 120 seconds left.\n|player|p2|President Warfo|giovanni-gen1rb|\n|n|‽President Warfo|presidentwarfo\n|n|‽President Warfo|presidentwarfo\n|j| iamfrhaan007\n|\n|t:|1771252041\n|-end|p2a: Great Tusk|Protosynthesis|[silent]\n|switch|p2a: Ceruledge|Ceruledge, M|51/100\n|move|p1a: 铁壁扑击|Close Combat|p2a: Ceruledge\n|-immune|p2a: Ceruledge\n|\n|-weather|none\n|upkeep\n|turn|17\n|\n|t:|1771252047\n|switch|p1a: 害怕幸福蛋|Darkrai|84/100\n|move|p2a: Ceruledge|Swords Dance|p2a: Ceruledge\n|-boost|p2a: Ceruledge|atk|2\n|\n|upkeep\n|turn|18\n|\n|t:|1771252057\n|move|p1a: 害怕幸福蛋|Sucker Punch||[still]\n|-fail|p1a: 害怕幸福蛋\n|move|p2a: Ceruledge|Swords Dance|p2a: Ceruledge\n|-boost|p2a: Ceruledge|atk|2\n|\n|upkeep\n|turn|19\n|\n|t:|1771252062\n|move|p1a: 害怕幸福蛋|Knock Off|p2a: Ceruledge\n|-supereffective|p2a: Ceruledge\n|-damage|p2a: Ceruledge|0 fnt\n|-enditem|p2a: Ceruledge|Focus Sash|[from] move: Knock Off|[of] p1a: 害怕幸福蛋\n|faint|p2a: Ceruledge\n|\n|upkeep\n|\n|t:|1771252065\n|switch|p2a: Torkoal|Torkoal, F|100/100\n|-weather|SunnyDay|[from] ability: Drought|[of] p2a: Torkoal\n|turn|20\n|\n|t:|1771252067\n|move|p1a: 害怕幸福蛋|Knock Off|p2a: Torkoal\n|-damage|p2a: Torkoal|69/100\n|-enditem|p2a: Torkoal|Heat Rock|[from] move: Knock Off|[of] p1a: 害怕幸福蛋\n|move|p2a: Torkoal|Overheat|p1a: 害怕幸福蛋\n|-damage|p1a: 害怕幸福蛋|0 fnt\n|-unboost|p2a: Torkoal|spa|2\n|faint|p1a: 害怕幸福蛋\n|\n|-weather|SunnyDay|[upkeep]\n|upkeep\n|\n|t:|1771252072\n|switch|p1a: 铁壁扑击|Zamazenta|100/100\n|turn|21\n|\n|t:|1771252074\n|switch|p2a: Great Tusk|Great Tusk, shiny|69/100\n|-activate|p2a: Great Tusk|ability: Protosynthesis\n|-start|p2a: Great Tusk|protosynthesisatk\n|move|p1a: 铁壁扑击|Close Combat|p2a: Great Tusk\n|-damage|p2a: Great Tusk|3/100\n|-unboost|p1a: 铁壁扑击|def|1\n|-unboost|p1a: 铁壁扑击|spd|1\n|\n|-weather|SunnyDay|[upkeep]\n|upkeep\n|turn|22\n|\n|t:|1771252081\n|move|p1a: 铁壁扑击|Close Combat|p2a: Great Tusk\n|-damage|p2a: Great Tusk|0 fnt\n|-unboost|p1a: 铁壁扑击|def|1\n|-unboost|p1a: 铁壁扑击|spd|1\n|faint|p2a: Great Tusk\n|-end|p2a: Great Tusk|Protosynthesis|[silent]\n|\n|-weather|SunnyDay|[upkeep]\n|upkeep\n|\n|t:|1771252083\n|switch|p2a: Torkoal|Torkoal, F|69/100\n|turn|23\n|\n|t:|1771252085\n|move|p1a: 铁壁扑击|Close Combat|p2a: Torkoal\n|-damage|p2a: Torkoal|0 fnt\n|-unboost|p1a: 铁壁扑击|def|1\n|-unboost|p1a: 铁壁扑击|spd|1\n|faint|p2a: Torkoal\n|\n|win|pengzhengzhe\n|raw|pengzhengzhe's rating: 1554 &rarr; <strong>1573</strong><br />(+19 for winning)\n|raw|President Warfo's rating: 1537 &rarr; <strong>1518</strong><br />(-19 for losing)\n|l|‽President Warfo\n|player|p2|\n|l|☆pengzhengzhe\n|player|p1|\n|l| iamfrhaan007\n", "uploadtime": 1771252301, "views": 6, "formatid": "gen9ou", "rating": 1518, "private": 0, "password": null}