{"id": "gen9ou-2647727502", "format": "[Gen 9] OU", "players": ["Flixerich", "teatrero mugroso"], "log": "|j|☆Flixerich\n|j|☆teatrero mugroso\n|t:|1783802516\n|gametype|singles\n|player|p1|Flixerich|265|1295\n|player|p2|teatrero mugroso|blue|1342\n|gen|9\n|tier|[Gen 9] OU\n|rated|\n|rule|HP Percentage Mod: HP is shown in percentages\n|rule|Endless Battle Clause: Forcing endless battles is banned\n|rule|Species Clause: Limit one of each Pokémon\n|rule|OHKO Clause: OHKO moves are banned\n|rule|Evasion Items Clause: Evasion items are banned\n|rule|Evasion Moves Clause: Evasion moves are banned\n|rule|Evasion Abilities Clause: Evasion abilities are banned\n|rule|Sleep Moves Clause: Sleep-inducing moves are banned\n|clearpoke\n|poke|p1|Bellossom, F|\n|poke|p1|Dragonite, F|\n|poke|p1|Gholdengo|\n|poke|p1|Great Tusk|\n|poke|p1|Kingambit, F|\n|poke|p1|Salazzle, F|\n|poke|p2|Ceruledge, M|\n|poke|p2|Samurott-Hisui, F|\n|poke|p2|Great Tusk|\n|poke|p2|Slowking-Galar, M|\n|poke|p2|Rillaboom, M|\n|poke|p2|Corviknight, M|\n|teampreview\n|inactive|Battle timer is ON: inactive players will automatically lose when time's up. (requested by teatrero mugroso)\n|\n|t:|1783802536\n|teamsize|p1|6\n|teamsize|p2|6\n|start\n|switch|p1a: Great Tusk|Great Tusk|100/100\n|switch|p2a: Samurott|Samurott-Hisui, F|100/100\n|-enditem|p1a: Great Tusk|Booster Energy\n|-activate|p1a: Great Tusk|ability: Protosynthesis|[fromitem]\n|-start|p1a: Great Tusk|protosynthesisatk\n|turn|1\n|\n|t:|1783802544\n|move|p2a: Samurott|Aqua Cutter|p1a: Great Tusk\n|-supereffective|p1a: Great Tusk\n|-damage|p1a: Great Tusk|36/100\n|move|p1a: Great Tusk|Rapid Spin|p2a: Samurott\n|-damage|p2a: Samurott|68/100\n|-boost|p1a: Great Tusk|spe|1\n|\n|upkeep\n|turn|2\n|\n|t:|1783802557\n|switch|p2a: Rillaboom|Rillaboom, M|100/100\n|-fieldstart|move: Grassy Terrain|[from] ability: Grassy Surge|[of] p2a: Rillaboom\n|move|p1a: Great Tusk|Ice Spinner|p2a: Rillaboom\n|-supereffective|p2a: Rillaboom\n|-damage|p2a: Rillaboom|46/100\n|-damage|p1a: Great Tusk|19/100|[from] item: Rocky Helmet|[of] p2a: Rillaboom\n|-fieldend|move: Grassy Terrain\n|\n|upkeep\n|turn|3\n|\n|t:|1783802583\n|move|p1a: Great Tusk|Ice Spinner|p2a: Rillaboom\n|-supereffective|p2a: Rillaboom\n|-damage|p2a: Rillaboom|0 fnt\n|-damage|p1a: Great Tusk|3/100|[from] item: Rocky Helmet|[of] p2a: Rillaboom\n|faint|p2a: Rillaboom\n|\n|upkeep\n|\n|t:|1783802593\n|switch|p2a: Samurott|Samurott-Hisui, F|68/100\n|turn|4\n|\n|t:|1783802601\n|move|p2a: Samurott|Sucker Punch|p1a: Great Tusk\n|-resisted|p1a: Great Tusk\n|-damage|p1a: Great Tusk|0 fnt\n|faint|p1a: Great Tusk\n|-end|p1a: Great Tusk|Protosynthesis|[silent]\n|\n|upkeep\n|\n|t:|1783802615\n|switch|p1a: Bellossom|Bellossom, F|100/100\n|turn|5\n|\n|t:|1783802619\n|switch|p2a: Slowking|Slowking-Galar, M|100/100\n|move|p1a: Bellossom|Quiver Dance|p1a: Bellossom\n|-boost|p1a: Bellossom|spa|1\n|-boost|p1a: Bellossom|spd|1\n|-boost|p1a: Bellossom|spe|1\n|\n|upkeep\n|turn|6\n|\n|t:|1783802627\n|switch|p1a: Dragonite|Dragonite, F|100/100\n|move|p2a: Slowking|Sludge Bomb|p1a: Dragonite\n|-damage|p1a: Dragonite|75/100\n|\n|upkeep\n|turn|7\n|\n|t:|1783802634\n|move|p1a: Dragonite|Dragon Dance|p1a: Dragonite\n|-boost|p1a: Dragonite|atk|1\n|-boost|p1a: Dragonite|spe|1\n|move|p2a: Slowking|Sludge Bomb|p1a: Dragonite\n|-damage|p1a: Dragonite|29/100\n|\n|upkeep\n|turn|8\n|\n|t:|1783802658\n|switch|p2a: Great Tusk|Great Tusk|100/100\n|move|p1a: Dragonite|Earthquake|p2a: Great Tusk\n|-damage|p2a: Great Tusk|66/100\n|\n|upkeep\n|turn|9\n|\n|t:|1783802672\n|switch|p1a: Salazzle|Salazzle, F|100/100\n|move|p2a: Great Tusk|Stealth Rock|p1a: Salazzle\n|-sidestart|p1: Flixerich|move: Stealth Rock\n|\n|upkeep\n|turn|10\n|\n|t:|1783802680\n|-end|p2a: Great Tusk|Protosynthesis|[silent]\n|switch|p2a: Slowking|Slowking-Galar, M|100/100\n|move|p1a: Salazzle|Fire Blast|p2a: Slowking\n|-damage|p2a: Slowking|74/100\n|\n|upkeep\n|turn|11\n|\n|t:|1783802690\n|move|p1a: Salazzle|Nasty Plot|p1a: Salazzle\n|-boost|p1a: Salazzle|spa|2\n|move|p2a: Slowking|Future Sight|p1a: Salazzle\n|-start|p2a: Slowking|move: Future Sight\n|\n|upkeep\n|turn|12\n|\n|t:|1783802698\n|move|p1a: Salazzle|Encore|p2a: Slowking\n|-start|p2a: Slowking|Encore\n|move|p2a: Slowking|Future Sight||[still]\n|-fail|p2a: Slowking\n|\n|upkeep\n|turn|13\n|\n|t:|1783802715\n|switch|p1a: Kingambit|Kingambit, F|100/100\n|-damage|p1a: Kingambit|94/100|[from] Stealth Rock\n|-activate|p1a: Kingambit|ability: Supreme Overlord\n|-start|p1a: Kingambit|fallen1|[silent]\n|move|p2a: Slowking|Future Sight||[still]\n|-fail|p2a: Slowking\n|\n|-end|p1a: Kingambit|move: Future Sight\n|-immune|p1a: Kingambit\n|upkeep\n|turn|14\n|\n|t:|1783802728\n|switch|p2a: Great Tusk|Great Tusk|66/100\n|move|p1a: Kingambit|Swords Dance|p1a: Kingambit\n|-boost|p1a: Kingambit|atk|2\n|\n|upkeep\n|turn|15\n|\n|t:|1783802738\n|-terastallize|p1a: Kingambit|Dark\n|move|p1a: Kingambit|Sucker Punch|p2a: Great Tusk\n|-resisted|p2a: Great Tusk\n|-damage|p2a: Great Tusk|15/100\n|-damage|p1a: Kingambit|85/100|[from] item: Life Orb\n|move|p2a: Great Tusk|Close Combat|p1a: Kingambit\n|-supereffective|p1a: Kingambit\n|-damage|p1a: Kingambit|8/100\n|-unboost|p2a: Great Tusk|def|1\n|-unboost|p2a: Great Tusk|spd|1\n|\n|upkeep\n|turn|16\n|\n|t:|1783802752\n|-end|p2a: Great Tusk|Protosynthesis|[silent]\n|switch|p2a: Samurott|Samurott-Hisui, F|68/100\n|move|p1a: Kingambit|Sucker Punch||[still]\n|-fail|p1a: Kingambit\n|\n|upkeep\n|turn|17\n|\n|t:|1783802758\n|move|p2a: Samurott|Sucker Punch||[still]\n|-fail|p2a: Samurott\n|move|p1a: Kingambit|Swords Dance|p1a: Kingambit\n|-boost|p1a: Kingambit|atk|2\n|\n|upkeep\n|turn|18\n|\n|t:|1783802766\n|move|p1a: Kingambit|Sucker Punch|p2a: Samurott\n|-resisted|p2a: Samurott\n|-damage|p2a: Samurott|0 fnt\n|faint|p2a: Samurott\n|-damage|p1a: Kingambit|0 fnt|[from] item: Life Orb\n|faint|p1a: Kingambit\n|-end|p1a: Kingambit|fallen1|[silent]\n|\n|upkeep\n|\n|t:|1783802777\n|switch|p2a: Ceruledge|Ceruledge, M, shiny|100/100\n|switch|p1a: Gholdengo|Gholdengo|100/100\n|-damage|p1a: Gholdengo|94/100|[from] Stealth Rock\n|-item|p1a: Gholdengo|Air Balloon\n|turn|19\n|\n|t:|1783802788\n|move|p2a: Ceruledge|Poltergeist|p1a: Gholdengo|[miss]\n|-miss|p2a: Ceruledge|p1a: Gholdengo\n|move|p1a: Gholdengo|Shadow Ball|p2a: Ceruledge\n|-supereffective|p2a: Ceruledge\n|-enditem|p2a: Ceruledge|Focus Sash\n|-damage|p2a: Ceruledge|1/100\n|\n|upkeep\n|turn|20\n|\n|t:|1783802801\n|move|p2a: Ceruledge|Poltergeist|p1a: Gholdengo\n|-activate|p1a: Gholdengo|move: Poltergeist|Air Balloon\n|-supereffective|p1a: Gholdengo\n|-damage|p1a: Gholdengo|0 fnt\n|-enditem|p1a: Gholdengo|Air Balloon\n|faint|p1a: Gholdengo\n|\n|upkeep\n|\n|t:|1783802810\n|switch|p1a: Bellossom|Bellossom, F|100/100\n|-damage|p1a: Bellossom|88/100|[from] Stealth Rock\n|turn|21\n|\n|t:|1783802831\n|move|p2a: Ceruledge|Bitter Blade|p1a: Bellossom\n|-supereffective|p1a: Bellossom\n|-damage|p1a: Bellossom|10/100\n|-heal|p2a: Ceruledge|48/100|[from] drain|[of] p1a: Bellossom\n|move|p1a: Bellossom|Giga Drain|p2a: Ceruledge\n|-resisted|p2a: Ceruledge\n|-damage|p2a: Ceruledge|35/100\n|-heal|p1a: Bellossom|16/100|[from] drain|[of] p2a: Ceruledge\n|\n|-heal|p1a: Bellossom|22/100|[from] item: Leftovers\n|upkeep\n|turn|22\n|\n|t:|1783802842\n|move|p2a: Ceruledge|Bitter Blade|p1a: Bellossom\n|-supereffective|p1a: Bellossom\n|-damage|p1a: Bellossom|0 fnt\n|-heal|p2a: Ceruledge|48/100|[from] drain|[of] p1a: Bellossom\n|faint|p1a: Bellossom\n|\n|upkeep\n|\n|t:|1783802850\n|switch|p1a: Salazzle|Salazzle, F|100/100\n|-damage|p1a: Salazzle|76/100|[from] Stealth Rock\n|turn|23\n|\n|t:|1783802855\n|move|p1a: Salazzle|Sludge Wave|p2a: Ceruledge\n|-resisted|p2a: Ceruledge\n|-damage|p2a: Ceruledge|22/100\n|move|p2a: Ceruledge|Poltergeist|p1a: Salazzle\n|-activate|p1a: Salazzle|move: Poltergeist|Focus Sash\n|-damage|p1a: Salazzle|0 fnt\n|faint|p1a: Salazzle\n|\n|upkeep\n|\n|t:|1783802863\n|switch|p1a: Dragonite|Dragonite, F|29/100\n|turn|24\n|\n|t:|1783802870\n|move|p2a: Ceruledge|Poltergeist|p1a: Dragonite\n|-activate|p1a: Dragonite|move: Poltergeist|Heavy-Duty Boots\n|-damage|p1a: Dragonite|0 fnt\n|faint|p1a: Dragonite\n|\n|win|teatrero mugroso\n|raw|Flixerich's rating: 1295 &rarr; <strong>1273</strong><br />(-22 for losing)\n|raw|teatrero mugroso's rating: 1342 &rarr; <strong>1359</strong><br />(+17 for winning)\n|l|☆Flixerich\n|player|p1|\n|l|☆teatrero mugroso\n|player|p2|\n", "uploadtime": 1783803156, "views": 4, "formatid": "gen9ou", "rating": 1273, "private": 0, "password": null}