{"id": "gen9ou-2639248650", "format": "[Gen 9] OU", "players": ["jaisojai", "chrovalis"], "log": "|j|☆jaisojai\n|j|☆chrovalis\n|t:|1782440215\n|gametype|singles\n|player|p1|jaisojai|mars|1197\n|player|p2|chrovalis|ethan|1173\n|gen|9\n|tier|[Gen 9] OU\n|rated|\n|rule|HP Percentage Mod: HP is shown in percentages\n|rule|Endless Battle Clause: Forcing endless battles is banned\n|rule|Species Clause: Limit one of each Pokémon\n|rule|OHKO Clause: OHKO moves are banned\n|rule|Evasion Items Clause: Evasion items are banned\n|rule|Evasion Moves Clause: Evasion moves are banned\n|rule|Evasion Abilities Clause: Evasion abilities are banned\n|rule|Sleep Moves Clause: Sleep-inducing moves are banned\n|clearpoke\n|poke|p1|Ogerpon-Wellspring, F|\n|poke|p1|Moltres|\n|poke|p1|Great Tusk|\n|poke|p1|Tinkaton, F|\n|poke|p1|Slowking-Galar, F|\n|poke|p1|Latios, M|\n|poke|p2|Corviknight, F|\n|poke|p2|Rotom-Wash|\n|poke|p2|Arcanine, M|\n|poke|p2|Garchomp, M|\n|poke|p2|Tinkaton, F|\n|poke|p2|Lurantis, M|\n|teampreview\n|inactive|Battle timer is ON: inactive players will automatically lose when time's up. (requested by jaisojai)\n|inactive|jaisojai has 120 seconds left.\n|l|☆jaisojai\n|inactive|jaisojai disconnected and has a minute to reconnect!\n|player|p1|\n|inactive|jaisojai has 30 seconds to reconnect!\n|j| jiang lihua\n|inactive|jaisojai has 20 seconds to reconnect!\n|l| jiang lihua\n|j|☆jaisojai\n|inactive|jaisojai reconnected and has 75 seconds left.\n|player|p1|jaisojai|mars|\n|\n|t:|1782440294\n|teamsize|p1|6\n|teamsize|p2|6\n|start\n|switch|p1a: Ogerpon|Ogerpon-Wellspring, F|100/100\n|switch|p2a: Tinkaton|Tinkaton, F|100/100\n|-item|p2a: Tinkaton|Air Balloon\n|turn|1\n|\n|t:|1782440299\n|move|p1a: Ogerpon|Ivy Cudgel|p2a: Tinkaton|[anim] Ivy Cudgel Water\n|-crit|p2a: Tinkaton\n|-damage|p2a: Tinkaton|0 fnt\n|-enditem|p2a: Tinkaton|Air Balloon\n|faint|p2a: Tinkaton\n|\n|upkeep\n|\n|t:|1782440308\n|switch|p2a: Lurantis|Lurantis, M|100/100\n|turn|2\n|\n|t:|1782440315\n|switch|p1a: Moltres|Moltres|100/100\n|move|p2a: Lurantis|Superpower|p1a: Moltres\n|-resisted|p1a: Moltres\n|-damage|p1a: Moltres|91/100\n|-boost|p2a: Lurantis|atk|1\n|-boost|p2a: Lurantis|def|1\n|\n|upkeep\n|turn|3\n|\n|t:|1782440326\n|-terastallize|p2a: Lurantis|Poison\n|move|p1a: Moltres|Flamethrower|p2a: Lurantis\n|-damage|p2a: Lurantis|82/100\n|move|p2a: Lurantis|Knock Off|p1a: Moltres\n|-damage|p1a: Moltres|66/100\n|-enditem|p1a: Moltres|Heavy-Duty Boots|[from] move: Knock Off|[of] p2a: Lurantis\n|\n|upkeep\n|turn|4\n|\n|t:|1782440335\n|move|p1a: Moltres|Roost|p1a: Moltres\n|-heal|p1a: Moltres|100/100\n|-singleturn|p1a: Moltres|move: Roost\n|move|p2a: Lurantis|Superpower|p1a: Moltres\n|-damage|p1a: Moltres|72/100\n|-boost|p2a: Lurantis|atk|1\n|-boost|p2a: Lurantis|def|1\n|-status|p2a: Lurantis|brn|[from] ability: Flame Body|[of] p1a: Moltres\n|\n|-damage|p2a: Lurantis|76/100 brn|[from] brn\n|upkeep\n|turn|5\n|\n|t:|1782440344\n|move|p1a: Moltres|U-turn|p2a: Lurantis\n|-resisted|p2a: Lurantis\n|-damage|p2a: Lurantis|72/100 brn\n|\n|t:|1782440354\n|switch|p1a: Great Tusk|Great Tusk|100/100|[from] U-turn\n|-enditem|p1a: Great Tusk|Booster Energy\n|-activate|p1a: Great Tusk|ability: Protosynthesis|[fromitem]\n|-start|p1a: Great Tusk|protosynthesisatk\n|move|p2a: Lurantis|Leaf Storm|p1a: Great Tusk\n|-supereffective|p1a: Great Tusk\n|-damage|p1a: Great Tusk|11/100\n|-boost|p2a: Lurantis|spa|2\n|\n|-damage|p2a: Lurantis|66/100 brn|[from] brn\n|upkeep\n|turn|6\n|\n|t:|1782440365\n|move|p1a: Great Tusk|Headlong Rush|p2a: Lurantis\n|-supereffective|p2a: Lurantis\n|-damage|p2a: Lurantis|0 fnt\n|-unboost|p1a: Great Tusk|def|1\n|-unboost|p1a: Great Tusk|spd|1\n|faint|p2a: Lurantis\n|\n|upkeep\n|l|☆jaisojai\n|inactive|jaisojai disconnected and has a minute to reconnect!\n|player|p1|\n|\n|t:|1782440373\n|switch|p2a: Arcanine|Arcanine, M|100/100\n|-ability|p2a: Arcanine|Intimidate|boost\n|-unboost|p1a: Great Tusk|atk|1\n|turn|7\n|inactive|jaisojai has 30 seconds to reconnect!\n|inactive|jaisojai has 20 seconds to reconnect!\n|inactive|jaisojai has 15 seconds to reconnect!\n|inactive|jaisojai has 10 seconds to reconnect!\n|j| jiang lihua\n|inactive|jaisojai has 5 seconds to reconnect!\n|l| jiang lihua\n|j|☆jaisojai\n|inactive|jaisojai reconnected and has 95 seconds left.\n|player|p1|jaisojai|mars|\n|inactive|jaisojai has 90 seconds left.\n|\n|t:|1782440436\n|-end|p1a: Great Tusk|Protosynthesis|[silent]\n|switch|p1a: Moltres|Moltres|72/100\n|move|p2a: Arcanine|Flare Blitz|p1a: Moltres\n|-resisted|p1a: Moltres\n|-damage|p1a: Moltres|56/100\n|-damage|p2a: Arcanine|95/100|[from] Recoil\n|\n|upkeep\n|turn|8\n|\n|t:|1782440446\n|move|p2a: Arcanine|Flare Blitz|p1a: Moltres\n|-resisted|p1a: Moltres\n|-damage|p1a: Moltres|42/100\n|-damage|p2a: Arcanine|91/100|[from] Recoil\n|move|p1a: Moltres|Roost|p1a: Moltres\n|-heal|p1a: Moltres|92/100\n|-singleturn|p1a: Moltres|move: Roost\n|\n|upkeep\n|turn|9\n|\n|t:|1782440450\n|switch|p2a: Rotom|Rotom-Wash, shiny|100/100\n|move|p1a: Moltres|Hurricane|p2a: Rotom\n|-resisted|p2a: Rotom\n|-crit|p2a: Rotom\n|-damage|p2a: Rotom|62/100\n|\n|-heal|p2a: Rotom|69/100|[from] item: Leftovers\n|upkeep\n|turn|10\n|\n|t:|1782440458\n|switch|p1a: Great Tusk|Great Tusk|11/100\n|move|p2a: Rotom|Volt Switch|p1a: Great Tusk\n|-immune|p1a: Great Tusk\n|\n|-heal|p2a: Rotom|75/100|[from] item: Leftovers\n|upkeep\n|turn|11\n|\n|t:|1782440471\n|-end|p1a: Great Tusk|Protosynthesis|[silent]\n|switch|p1a: Latios|Latios, M|100/100\n|move|p2a: Rotom|Will-O-Wisp|p1a: Latios\n|-status|p1a: Latios|brn\n|\n|-heal|p2a: Rotom|81/100|[from] item: Leftovers\n|-damage|p1a: Latios|95/100 brn|[from] brn\n|upkeep\n|turn|12\n|\n|t:|1782440488\n|move|p1a: Latios|Draco Meteor|p2a: Rotom\n|-damage|p2a: Rotom|14/100\n|-unboost|p1a: Latios|spa|2\n|move|p2a: Rotom|Hydro Pump|p1a: Latios\n|-resisted|p1a: Latios\n|-damage|p1a: Latios|74/100 brn\n|\n|-heal|p2a: Rotom|20/100|[from] item: Leftovers\n|-damage|p1a: Latios|68/100 brn|[from] brn\n|upkeep\n|turn|13\n|\n|t:|1782440499\n|move|p1a: Latios|Draco Meteor|p2a: Rotom\n|-damage|p2a: Rotom|0 fnt\n|-unboost|p1a: Latios|spa|2\n|faint|p2a: Rotom\n|\n|-damage|p1a: Latios|62/100 brn|[from] brn\n|upkeep\n|\n|t:|1782440502\n|switch|p2a: Garchomp|Garchomp, M|100/100\n|turn|14\n|\n|t:|1782440505\n|switch|p1a: Tinkaton|Tinkaton, F|100/100\n|-item|p1a: Tinkaton|Air Balloon\n|move|p2a: Garchomp|Scale Shot|p1a: Tinkaton\n|-immune|p1a: Tinkaton\n|\n|upkeep\n|turn|15\n|\n|t:|1782440512\n|move|p2a: Garchomp|Swords Dance|p2a: Garchomp\n|-boost|p2a: Garchomp|atk|2\n|move|p1a: Tinkaton|Encore|p2a: Garchomp\n|-start|p2a: Garchomp|Encore\n|\n|upkeep\n|turn|16\n|-message|chrovalis forfeited.\n|\n|win|jaisojai\n|raw|jaisojai's rating: 1197 &rarr; <strong>1220</strong><br />(+23 for winning)\n|raw|chrovalis's rating: 1173 &rarr; <strong>1150</strong><br />(-23 for losing)\n|l|☆chrovalis\n|player|p2|\n|l|☆jaisojai\n|player|p1|\n", "uploadtime": 1782440850, "views": 10, "formatid": "gen9ou", "rating": 1150, "private": 0, "password": null}