{"id": "gen9ou-2647839022", "format": "[Gen 9] OU", "players": ["iplayhardcompmon", "yesterdaymister"], "log": "|j|☆iplayhardcompmon\n|j|☆yesterdaymister\n|t:|1783821669\n|gametype|singles\n|player|p1|iplayhardcompmon|jacinthe|1591\n|player|p2|yesterdaymister|striker|1752\n|gen|9\n|tier|[Gen 9] OU\n|rated|\n|rule|HP Percentage Mod: HP is shown in percentages\n|rule|Endless Battle Clause: Forcing endless battles is banned\n|rule|Species Clause: Limit one of each Pokémon\n|rule|OHKO Clause: OHKO moves are banned\n|rule|Evasion Items Clause: Evasion items are banned\n|rule|Evasion Moves Clause: Evasion moves are banned\n|rule|Evasion Abilities Clause: Evasion abilities are banned\n|rule|Sleep Moves Clause: Sleep-inducing moves are banned\n|clearpoke\n|poke|p1|Ogerpon-Wellspring, F|\n|poke|p1|Kingambit, M|\n|poke|p1|Landorus-Therian, M|\n|poke|p1|Glimmora, F|\n|poke|p1|Dragapult, F|\n|poke|p1|Iron Valiant|\n|poke|p2|Ninetales, M|\n|poke|p2|Ceruledge, M|\n|poke|p2|Venusaur, M|\n|poke|p2|Hatterene, F|\n|poke|p2|Great Tusk|\n|poke|p2|Walking Wake|\n|teampreview\n|inactive|Battle timer is ON: inactive players will automatically lose when time's up. (requested by iplayhardcompmon)\n|inactive|yesterdaymister also wants the timer to be on.\n|\n|t:|1783821674\n|teamsize|p1|6\n|teamsize|p2|6\n|start\n|switch|p1a: Glimmora|Glimmora, F, shiny|100/100\n|switch|p2a: arda guler|Ninetales, M|100/100\n|-weather|SunnyDay|[from] ability: Drought|[of] p2a: arda guler\n|turn|1\n|\n|t:|1783821677\n|switch|p2a: maccabi|Hatterene, F|100/100\n|move|p1a: Glimmora|Meteor Beam||[still]\n|-prepare|p1a: Glimmora|Meteor Beam\n|-boost|p1a: Glimmora|spa|1\n|-enditem|p1a: Glimmora|Power Herb\n|-anim|p1a: Glimmora|Meteor Beam|p2a: maccabi\n|-damage|p2a: maccabi|2/100\n|-enditem|p2a: maccabi|Eject Button\n|\n|t:|1783821682\n|switch|p2a: chama|Walking Wake|100/100\n|-activate|p2a: chama|ability: Protosynthesis\n|-start|p2a: chama|protosynthesisspa\n|\n|-weather|SunnyDay|[upkeep]\n|upkeep\n|turn|2\n|\n|t:|1783821687\n|move|p2a: chama|Dragon Pulse|p1a: Glimmora\n|-damage|p1a: Glimmora|0 fnt\n|faint|p1a: Glimmora\n|\n|-weather|SunnyDay|[upkeep]\n|upkeep\n|\n|t:|1783821691\n|switch|p1a: Dragapult|Dragapult, F, shiny|100/100\n|turn|3\n|\n|t:|1783821694\n|-end|p2a: chama|Protosynthesis|[silent]\n|switch|p2a: maccabi|Hatterene, F|2/100\n|move|p1a: Dragapult|Draco Meteor|p2a: maccabi\n|-immune|p2a: maccabi\n|\n|-weather|SunnyDay|[upkeep]\n|upkeep\n|turn|4\n|\n|t:|1783821701\n|switch|p1a: Ogerpon|Ogerpon-Wellspring, F|100/100\n|move|p2a: maccabi|Healing Wish|p2a: maccabi\n|faint|p2a: maccabi\n|\n|-weather|SunnyDay|[upkeep]\n|upkeep\n|\n|t:|1783821708\n|switch|p2a: hans vanaken|Venusaur, M|100/100\n|turn|5\n|\n|t:|1783821712\n|switch|p1a: Landorus|Landorus-Therian, M, shiny|100/100\n|-ability|p1a: Landorus|Intimidate|boost\n|-unboost|p2a: hans vanaken|atk|1\n|move|p2a: hans vanaken|Sludge Bomb|p1a: Landorus\n|-resisted|p1a: Landorus\n|-damage|p1a: Landorus|71/100\n|-damage|p2a: hans vanaken|91/100|[from] item: Life Orb\n|\n|-weather|SunnyDay|[upkeep]\n|upkeep\n|turn|6\n|\n|t:|1783821715\n|move|p2a: hans vanaken|Growth|p2a: hans vanaken\n|-boost|p2a: hans vanaken|atk|2\n|-boost|p2a: hans vanaken|spa|2\n|move|p1a: Landorus|Earthquake|p2a: hans vanaken\n|-damage|p2a: hans vanaken|30/100\n|\n|-weather|SunnyDay|[upkeep]\n|upkeep\n|turn|7\n|\n|t:|1783821720\n|move|p2a: hans vanaken|Giga Drain|p1a: Landorus\n|-damage|p1a: Landorus|0 fnt\n|-heal|p2a: hans vanaken|75/100|[from] drain|[of] p1a: Landorus\n|faint|p1a: Landorus\n|-damage|p2a: hans vanaken|65/100|[from] item: Life Orb\n|\n|-weather|SunnyDay|[upkeep]\n|upkeep\n|\n|t:|1783821722\n|switch|p1a: Kingambit|Kingambit, M, shiny|100/100\n|-activate|p1a: Kingambit|ability: Supreme Overlord\n|-start|p1a: Kingambit|fallen2|[silent]\n|turn|8\n|\n|t:|1783821725\n|switch|p2a: mignolet|Great Tusk|100/100\n|-activate|p2a: mignolet|ability: Protosynthesis\n|-start|p2a: mignolet|protosynthesisspe\n|move|p1a: Kingambit|Kowtow Cleave|p2a: mignolet\n|-resisted|p2a: mignolet\n|-damage|p2a: mignolet|82/100\n|-damage|p1a: Kingambit|84/100|[from] item: Rocky Helmet|[of] p2a: mignolet\n|\n|-weather|none\n|-end|p2a: mignolet|Protosynthesis\n|-heal|p1a: Kingambit|90/100|[from] item: Leftovers\n|upkeep\n|turn|9\n|\n|t:|1783821730\n|-end|p1a: Kingambit|fallen2|[silent]\n|switch|p1a: Ogerpon|Ogerpon-Wellspring, F|100/100\n|move|p2a: mignolet|Stealth Rock|p1a: Ogerpon\n|-sidestart|p1: iplayhardcompmon|move: Stealth Rock\n|\n|upkeep\n|turn|10\n|\n|t:|1783821738\n|switch|p1a: Dragapult|Dragapult, F, shiny|100/100\n|-damage|p1a: Dragapult|88/100|[from] Stealth Rock\n|-end|p2a: mignolet|Protosynthesis|[silent]\n|switch|p2a: arda guler|Ninetales, M|100/100\n|-weather|SunnyDay|[from] ability: Drought|[of] p2a: arda guler\n|\n|-weather|SunnyDay|[upkeep]\n|upkeep\n|turn|11\n|\n|t:|1783821757\n|move|p1a: Dragapult|Shadow Ball|p2a: arda guler\n|-damage|p2a: arda guler|50/100\n|move|p2a: arda guler|Flamethrower|p1a: Dragapult\n|-resisted|p1a: Dragapult\n|-damage|p1a: Dragapult|62/100\n|-status|p1a: Dragapult|brn\n|\n|-weather|SunnyDay|[upkeep]\n|-damage|p1a: Dragapult|56/100 brn|[from] brn\n|upkeep\n|turn|12\n|\n|t:|1783821768\n|switch|p2a: mignolet|Great Tusk|82/100\n|-heal|p2a: mignolet|100/100|[from] move: Healing Wish\n|-activate|p2a: mignolet|ability: Protosynthesis\n|-start|p2a: mignolet|protosynthesisspe\n|move|p1a: Dragapult|Shadow Ball|p2a: mignolet\n|-damage|p2a: mignolet|29/100\n|-unboost|p2a: mignolet|spd|1\n|\n|-weather|SunnyDay|[upkeep]\n|-damage|p1a: Dragapult|50/100 brn|[from] brn\n|upkeep\n|turn|13\n|\n|t:|1783821782\n|switch|p1a: Ogerpon|Ogerpon-Wellspring, F|100/100\n|-damage|p1a: Ogerpon|88/100|[from] Stealth Rock\n|move|p2a: mignolet|Headlong Rush|p1a: Ogerpon\n|-resisted|p1a: Ogerpon\n|-damage|p1a: Ogerpon|52/100\n|-unboost|p2a: mignolet|def|1\n|-unboost|p2a: mignolet|spd|1\n|\n|-weather|SunnyDay|[upkeep]\n|upkeep\n|turn|14\n|\n|t:|1783821787\n|-end|p2a: mignolet|Protosynthesis|[silent]\n|switch|p2a: hans vanaken|Venusaur, M|65/100\n|move|p1a: Ogerpon|Horn Leech|p2a: hans vanaken\n|-resisted|p2a: hans vanaken\n|-damage|p2a: hans vanaken|51/100\n|-heal|p1a: Ogerpon|59/100|[from] drain|[of] p2a: hans vanaken\n|\n|-weather|SunnyDay|[upkeep]\n|upkeep\n|turn|15\n|\n|t:|1783821797\n|move|p2a: hans vanaken|Weather Ball|p1a: Ogerpon\n|-damage|p1a: Ogerpon|0 fnt\n|faint|p1a: Ogerpon\n|-damage|p2a: hans vanaken|41/100|[from] item: Life Orb\n|\n|-weather|SunnyDay|[upkeep]\n|upkeep\n|\n|t:|1783821804\n|switch|p1a: Kingambit|Kingambit, M, shiny|90/100\n|-damage|p1a: Kingambit|84/100|[from] Stealth Rock\n|-activate|p1a: Kingambit|ability: Supreme Overlord\n|-start|p1a: Kingambit|fallen3|[silent]\n|turn|16\n|inactive|yesterdaymister has 120 seconds left.\n|\n|t:|1783821836\n|switch|p2a: mignolet|Great Tusk|29/100\n|-activate|p2a: mignolet|ability: Protosynthesis\n|-start|p2a: mignolet|protosynthesisspe\n|move|p1a: Kingambit|Iron Head|p2a: mignolet\n|-damage|p2a: mignolet|0 fnt\n|-damage|p1a: Kingambit|68/100|[from] item: Rocky Helmet|[of] p2a: mignolet\n|faint|p2a: mignolet\n|-end|p2a: mignolet|Protosynthesis|[silent]\n|\n|-weather|SunnyDay|[upkeep]\n|-heal|p1a: Kingambit|74/100|[from] item: Leftovers\n|upkeep\n|\n|t:|1783821841\n|switch|p2a: lebron|Ceruledge, M|100/100\n|turn|17\n|\n|t:|1783821848\n|-terastallize|p2a: lebron|Fairy\n|move|p2a: lebron|Bitter Blade|p1a: Kingambit\n|-supereffective|p1a: Kingambit\n|-damage|p1a: Kingambit|0 fnt\n|faint|p1a: Kingambit\n|-end|p1a: Kingambit|fallen3|[silent]\n|\n|-weather|none\n|upkeep\n|\n|t:|1783821852\n|switch|p1a: Dragapult|Dragapult, F, shiny|50/100 brn\n|-damage|p1a: Dragapult|37/100 brn|[from] Stealth Rock\n|turn|18\n|\n|t:|1783821858\n|move|p2a: lebron|Shadow Sneak|p1a: Dragapult\n|-supereffective|p1a: Dragapult\n|-damage|p1a: Dragapult|0 fnt\n|faint|p1a: Dragapult\n|\n|upkeep\n|\n|t:|1783821860\n|switch|p1a: Iron Valiant|Iron Valiant, shiny|100/100\n|-damage|p1a: Iron Valiant|94/100|[from] Stealth Rock\n|-enditem|p1a: Iron Valiant|Booster Energy\n|-activate|p1a: Iron Valiant|ability: Quark Drive|[fromitem]\n|-start|p1a: Iron Valiant|quarkdrivespe\n|turn|19\n|\n|t:|1783821863\n|move|p1a: Iron Valiant|Encore|p2a: lebron\n|-start|p2a: lebron|Encore\n|move|p2a: lebron|Shadow Sneak|p1a: Iron Valiant\n|-damage|p1a: Iron Valiant|69/100\n|\n|upkeep\n|turn|20\n|\n|t:|1783821865\n|switch|p2a: arda guler|Ninetales, M|50/100\n|-weather|SunnyDay|[from] ability: Drought|[of] p2a: arda guler\n|move|p1a: Iron Valiant|Swords Dance|p1a: Iron Valiant\n|-boost|p1a: Iron Valiant|atk|2\n|\n|-weather|SunnyDay|[upkeep]\n|upkeep\n|turn|21\n|\n|t:|1783821870\n|move|p1a: Iron Valiant|Knock Off|p2a: arda guler\n|-damage|p2a: arda guler|0 fnt\n|-enditem|p2a: arda guler|Heat Rock|[from] move: Knock Off|[of] p1a: Iron Valiant\n|faint|p2a: arda guler\n|\n|-weather|SunnyDay|[upkeep]\n|upkeep\n|\n|t:|1783821872\n|switch|p2a: lebron|Ceruledge, M, tera:Fairy|100/100\n|turn|22\n|\n|t:|1783821874\n|move|p1a: Iron Valiant|Spirit Break|p2a: lebron\n|-enditem|p2a: lebron|Focus Sash\n|-damage|p2a: lebron|1/100\n|-unboost|p2a: lebron|spa|1\n|-ability|p2a: lebron|Weak Armor|boost\n|-unboost|p2a: lebron|def|1\n|-boost|p2a: lebron|spe|2\n|move|p2a: lebron|Bitter Blade|p1a: Iron Valiant\n|-damage|p1a: Iron Valiant|0 fnt\n|-heal|p2a: lebron|35/100|[from] drain|[of] p1a: Iron Valiant\n|faint|p1a: Iron Valiant\n|-end|p1a: Iron Valiant|Quark Drive|[silent]\n|\n|win|yesterdaymister\n|raw|iplayhardcompmon's rating: 1591 &rarr; <strong>1580</strong><br />(-11 for losing)\n|raw|yesterdaymister's rating: 1752 &rarr; <strong>1763</strong><br />(+11 for winning)\n|l|☆iplayhardcompmon\n|player|p1|\n|l|☆yesterdaymister\n|player|p2|\n", "uploadtime": 1783821920, "views": 4, "formatid": "gen9ou", "rating": 1580, "private": 0, "password": null}