{"id": "gen9ou-2639312711", "format": "[Gen 9] OU", "players": ["tboc13", "wizardrex"], "log": "|j|☆tboc13\n|j|☆wizardrex\n|t:|1782451028\n|gametype|singles\n|player|p1|tboc13|dawn|1577\n|player|p2|wizardrex|170|1512\n|gen|9\n|tier|[Gen 9] OU\n|rated|\n|rule|HP Percentage Mod: HP is shown in percentages\n|rule|Endless Battle Clause: Forcing endless battles is banned\n|rule|Species Clause: Limit one of each Pokémon\n|rule|OHKO Clause: OHKO moves are banned\n|rule|Evasion Items Clause: Evasion items are banned\n|rule|Evasion Moves Clause: Evasion moves are banned\n|rule|Evasion Abilities Clause: Evasion abilities are banned\n|rule|Sleep Moves Clause: Sleep-inducing moves are banned\n|clearpoke\n|poke|p1|Blaziken, F|\n|poke|p1|Dragapult, F|\n|poke|p1|Samurott-Hisui, F|\n|poke|p1|Iron Treads|\n|poke|p1|Moltres|\n|poke|p1|Clefable, F|\n|poke|p2|Zapdos|\n|poke|p2|Pecharunt|\n|poke|p2|Primarina, F|\n|poke|p2|Meowscarada, M|\n|poke|p2|Dragonite, F|\n|poke|p2|Iron Treads|\n|teampreview\n|inactive|Battle timer is ON: inactive players will automatically lose when time's up. (requested by tboc13)\n|\n|t:|1782451048\n|teamsize|p1|6\n|teamsize|p2|6\n|start\n|switch|p1a: Dragapult|Dragapult, F|100/100\n|switch|p2a: Primarina|Primarina, F|100/100\n|turn|1\n|inactive|wizardrex has 120 seconds left.\n|l|☆tboc13\n|inactive|tboc13 disconnected and has a minute to reconnect!\n|player|p1|\n|inactive|wizardrex has 90 seconds left.\n|j|☆tboc13\n|inactive|tboc13 reconnected.\n|player|p1|tboc13|dawn|\n|\n|t:|1782451129\n|move|p1a: Dragapult|U-turn|p2a: Primarina\n|-resisted|p2a: Primarina\n|-crit|p2a: Primarina\n|-damage|p2a: Primarina|85/100\n|\n|t:|1782451132\n|switch|p1a: Clefable|Clefable, F|100/100|[from] U-turn\n|move|p2a: Primarina|Moonblast|p1a: Clefable\n|-damage|p1a: Clefable|66/100\n|\n|-heal|p1a: Clefable|72/100|[from] item: Leftovers\n|upkeep\n|turn|2\n|\n|t:|1782451139\n|move|p2a: Primarina|Moonblast|p1a: Clefable\n|-damage|p1a: Clefable|39/100\n|move|p1a: Clefable|Stealth Rock|p2a: Primarina\n|-sidestart|p2: wizardrex|move: Stealth Rock\n|\n|-heal|p1a: Clefable|45/100|[from] item: Leftovers\n|upkeep\n|turn|3\n|\n|t:|1782451143\n|move|p2a: Primarina|Moonblast|p1a: Clefable\n|-damage|p1a: Clefable|11/100\n|move|p1a: Clefable|Wish|p1a: Clefable\n|\n|-heal|p1a: Clefable|17/100|[from] item: Leftovers\n|upkeep\n|turn|4\n|\n|t:|1782451146\n|move|p1a: Clefable|Protect|p1a: Clefable\n|-singleturn|p1a: Clefable|Protect\n|move|p2a: Primarina|Moonblast|p1a: Clefable\n|-activate|p1a: Clefable|move: Protect\n|\n|-heal|p1a: Clefable|67/100|[from] move: Wish|[wisher] Clefable\n|-heal|p1a: Clefable|73/100|[from] item: Leftovers\n|upkeep\n|turn|5\n|\n|t:|1782451149\n|move|p2a: Primarina|Moonblast|p1a: Clefable\n|-damage|p1a: Clefable|34/100\n|-unboost|p1a: Clefable|spa|1\n|move|p1a: Clefable|Wish|p1a: Clefable\n|\n|-heal|p1a: Clefable|40/100|[from] item: Leftovers\n|upkeep\n|turn|6\n|\n|t:|1782451155\n|move|p2a: Primarina|Surf|p1a: Clefable\n|-damage|p1a: Clefable|3/100\n|move|p1a: Clefable|Moonblast|p2a: Primarina\n|-damage|p2a: Primarina|73/100\n|-unboost|p2a: Primarina|spa|1\n|\n|-heal|p1a: Clefable|53/100|[from] move: Wish|[wisher] Clefable\n|-heal|p1a: Clefable|59/100|[from] item: Leftovers\n|upkeep\n|turn|7\n|\n|t:|1782451160\n|move|p2a: Primarina|Flip Turn|p1a: Clefable\n|-damage|p1a: Clefable|42/100\n|\n|t:|1782451163\n|switch|p2a: Iron Treads|Iron Treads|100/100|[from] Flip Turn\n|-damage|p2a: Iron Treads|97/100|[from] Stealth Rock\n|move|p1a: Clefable|Wish|p1a: Clefable\n|\n|-heal|p2a: Iron Treads|100/100|[from] item: Leftovers\n|-heal|p1a: Clefable|48/100|[from] item: Leftovers\n|upkeep\n|turn|8\n|\n|t:|1782451166\n|move|p1a: Clefable|Protect|p1a: Clefable\n|-singleturn|p1a: Clefable|Protect\n|move|p2a: Iron Treads|Stealth Rock|p1a: Clefable\n|-sidestart|p1: tboc13|move: Stealth Rock\n|\n|-heal|p1a: Clefable|98/100|[from] move: Wish|[wisher] Clefable\n|-heal|p1a: Clefable|100/100|[from] item: Leftovers\n|upkeep\n|turn|9\n|\n|t:|1782451171\n|switch|p1a: Moltres|Moltres|100/100\n|move|p2a: Iron Treads|Rapid Spin|p1a: Moltres\n|-damage|p1a: Moltres|90/100\n|-boost|p2a: Iron Treads|spe|1\n|-status|p2a: Iron Treads|brn|[from] ability: Flame Body|[of] p1a: Moltres\n|-sideend|p2: wizardrex|Stealth Rock|[from] move: Rapid Spin|[of] p2a: Iron Treads\n|\n|-damage|p2a: Iron Treads|94/100 brn|[from] brn\n|upkeep\n|turn|10\n|\n|t:|1782451177\n|-end|p2a: Iron Treads|Quark Drive|[silent]\n|switch|p2a: Zapdos|Zapdos|100/100\n|switch|p1a: Iron Treads|Iron Treads|100/100\n|\n|upkeep\n|turn|11\n|\n|t:|1782451180\n|switch|p2a: Pecharunt|Pecharunt|100/100\n|move|p1a: Iron Treads|Knock Off|p2a: Pecharunt\n|-supereffective|p2a: Pecharunt\n|-damage|p2a: Pecharunt|64/100\n|-damage|p1a: Iron Treads|84/100|[from] item: Rocky Helmet|[of] p2a: Pecharunt\n|-enditem|p2a: Pecharunt|Rocky Helmet|[from] move: Knock Off|[of] p1a: Iron Treads\n|\n|upkeep\n|turn|12\n|\n|t:|1782451185\n|-end|p1a: Iron Treads|Quark Drive|[silent]\n|switch|p1a: Moltres|Moltres|90/100\n|move|p2a: Pecharunt|Shadow Ball|p1a: Moltres\n|-damage|p1a: Moltres|66/100\n|\n|upkeep\n|turn|13\n|\n|t:|1782451190\n|move|p2a: Pecharunt|Malignant Chain|p1a: Moltres\n|-damage|p1a: Moltres|36/100\n|move|p1a: Moltres|Will-O-Wisp|p2a: Pecharunt\n|-status|p2a: Pecharunt|brn\n|\n|-damage|p2a: Pecharunt|58/100 brn|[from] brn\n|upkeep\n|turn|14\n|\n|t:|1782451197\n|switch|p1a: Samurott|Samurott-Hisui, F|100/100\n|-damage|p1a: Samurott|88/100|[from] Stealth Rock\n|move|p2a: Pecharunt|Malignant Chain|p1a: Samurott\n|-damage|p1a: Samurott|39/100\n|-status|p1a: Samurott|tox\n|-start|p1a: Samurott|confusion|[from] ability: Poison Puppeteer|[of] p2a: Pecharunt\n|\n|-damage|p1a: Samurott|33/100 tox|[from] psn\n|-damage|p2a: Pecharunt|52/100 brn|[from] brn\n|upkeep\n|turn|15\n|\n|t:|1782451206\n|-activate|p1a: Samurott|confusion\n|-damage|p1a: Samurott|18/100 tox|[from] confusion\n|move|p2a: Pecharunt|Malignant Chain|p1a: Samurott\n|-damage|p1a: Samurott|0 fnt\n|faint|p1a: Samurott\n|\n|-damage|p2a: Pecharunt|46/100 brn|[from] brn\n|upkeep\n|\n|t:|1782451213\n|switch|p1a: Blaziken|Blaziken, F|100/100\n|-damage|p1a: Blaziken|88/100|[from] Stealth Rock\n|turn|16\n|\n|t:|1782451217\n|move|p2a: Pecharunt|Recover|p2a: Pecharunt\n|-heal|p2a: Pecharunt|96/100 brn\n|move|p1a: Blaziken|Flare Blitz|p2a: Pecharunt\n|-crit|p2a: Pecharunt\n|-damage|p2a: Pecharunt|18/100 brn\n|-damage|p1a: Blaziken|56/100|[from] Recoil\n|\n|-damage|p2a: Pecharunt|12/100 brn|[from] brn\n|-ability|p1a: Blaziken|Speed Boost|boost\n|-boost|p1a: Blaziken|spe|1\n|upkeep\n|turn|17\n|\n|t:|1782451220\n|move|p1a: Blaziken|Flare Blitz|p2a: Pecharunt\n|-damage|p2a: Pecharunt|0 fnt\n|faint|p2a: Pecharunt\n|-damage|p1a: Blaziken|51/100|[from] Recoil\n|\n|-ability|p1a: Blaziken|Speed Boost|boost\n|-boost|p1a: Blaziken|spe|1\n|upkeep\n|\n|t:|1782451229\n|switch|p2a: Dragonite|Dragonite, F|100/100\n|turn|18\n|\n|t:|1782451235\n|switch|p1a: Dragapult|Dragapult, F|100/100\n|-terastallize|p2a: Dragonite|Normal\n|move|p2a: Dragonite|Extreme Speed|p1a: Dragapult\n|-immune|p1a: Dragapult\n|\n|upkeep\n|turn|19\n|\n|t:|1782451243\n|switch|p1a: Moltres|Moltres|36/100\n|move|p2a: Dragonite|Earthquake|p1a: Moltres\n|-immune|p1a: Moltres\n|\n|upkeep\n|turn|20\n|\n|t:|1782451248\n|switch|p2a: Zapdos|Zapdos|100/100\n|move|p1a: Moltres|Roost|p1a: Moltres\n|-heal|p1a: Moltres|86/100\n|-singleturn|p1a: Moltres|move: Roost\n|\n|upkeep\n|turn|21\n|\n|t:|1782451252\n|switch|p1a: Iron Treads|Iron Treads|84/100\n|move|p2a: Zapdos|Hurricane|p1a: Iron Treads\n|-resisted|p1a: Iron Treads\n|-damage|p1a: Iron Treads|40/100\n|\n|upkeep\n|turn|22\n|\n|t:|1782451258\n|move|p1a: Iron Treads|Rapid Spin|p2a: Zapdos\n|-damage|p2a: Zapdos|85/100\n|-boost|p1a: Iron Treads|spe|1\n|-sideend|p1: tboc13|Stealth Rock|[from] move: Rapid Spin|[of] p1a: Iron Treads\n|move|p2a: Zapdos|Hurricane|p1a: Iron Treads\n|-resisted|p1a: Iron Treads\n|-crit|p1a: Iron Treads\n|-damage|p1a: Iron Treads|0 fnt\n|faint|p1a: Iron Treads\n|-end|p1a: Iron Treads|Quark Drive|[silent]\n|\n|upkeep\n|\n|t:|1782451262\n|switch|p1a: Clefable|Clefable, F|100/100\n|turn|23\n|\n|t:|1782451266\n|move|p2a: Zapdos|Discharge|p1a: Clefable\n|-damage|p1a: Clefable|71/100\n|-status|p1a: Clefable|par\n|move|p1a: Clefable|Stealth Rock|p2a: Zapdos\n|-sidestart|p2: wizardrex|move: Stealth Rock\n|\n|-heal|p1a: Clefable|77/100 par|[from] item: Leftovers\n|upkeep\n|turn|24\n|\n|t:|1782451270\n|move|p2a: Zapdos|Volt Switch|p1a: Clefable\n|-damage|p1a: Clefable|51/100 par\n|\n|t:|1782451273\n|switch|p2a: Iron Treads|Iron Treads|94/100 brn|[from] Volt Switch\n|-damage|p2a: Iron Treads|91/100 brn|[from] Stealth Rock\n|move|p1a: Clefable|Moonblast|p2a: Iron Treads\n|-resisted|p2a: Iron Treads\n|-crit|p2a: Iron Treads\n|-damage|p2a: Iron Treads|59/100 brn\n|\n|-heal|p2a: Iron Treads|65/100 brn|[from] item: Leftovers\n|-heal|p1a: Clefable|57/100 par|[from] item: Leftovers\n|-damage|p2a: Iron Treads|59/100 brn|[from] brn\n|upkeep\n|turn|25\n|\n|t:|1782451275\n|switch|p1a: Dragapult|Dragapult, F|100/100\n|move|p2a: Iron Treads|Stealth Rock|p1a: Dragapult\n|-sidestart|p1: tboc13|move: Stealth Rock\n|\n|-heal|p2a: Iron Treads|65/100 brn|[from] item: Leftovers\n|-damage|p2a: Iron Treads|59/100 brn|[from] brn\n|upkeep\n|turn|26\n|\n|t:|1782451277\n|move|p1a: Dragapult|Hex|p2a: Iron Treads\n|-damage|p2a: Iron Treads|0 fnt\n|faint|p2a: Iron Treads\n|-end|p2a: Iron Treads|Quark Drive|[silent]\n|\n|upkeep\n|\n|t:|1782451286\n|switch|p2a: Primarina|Primarina, F|73/100\n|-damage|p2a: Primarina|60/100|[from] Stealth Rock\n|turn|27\n|\n|t:|1782451290\n|move|p1a: Dragapult|U-turn|p2a: Primarina\n|-resisted|p2a: Primarina\n|-damage|p2a: Primarina|50/100\n|\n|t:|1782451291\n|switch|p1a: Clefable|Clefable, F|57/100 par|[from] U-turn\n|move|p2a: Primarina|Moonblast|p1a: Clefable\n|-damage|p1a: Clefable|23/100 par\n|-unboost|p1a: Clefable|spa|1\n|\n|-heal|p1a: Clefable|29/100 par|[from] item: Leftovers\n|upkeep\n|turn|28\n|\n|t:|1782451297\n|move|p2a: Primarina|Moonblast|p1a: Clefable\n|-damage|p1a: Clefable|0 fnt\n|faint|p1a: Clefable\n|\n|upkeep\n|\n|t:|1782451303\n|switch|p1a: Blaziken|Blaziken, F|51/100\n|-damage|p1a: Blaziken|39/100|[from] Stealth Rock\n|turn|29\n|\n|t:|1782451322\n|move|p1a: Blaziken|Close Combat|p2a: Primarina\n|-resisted|p2a: Primarina\n|-damage|p2a: Primarina|0 fnt\n|-unboost|p1a: Blaziken|def|1\n|-unboost|p1a: Blaziken|spd|1\n|faint|p2a: Primarina\n|\n|-ability|p1a: Blaziken|Speed Boost|boost\n|-boost|p1a: Blaziken|spe|1\n|upkeep\n|\n|t:|1782451331\n|switch|p2a: Dragonite|Dragonite, F, tera:Normal|100/100\n|turn|30\n|\n|t:|1782451336\n|switch|p1a: Moltres|Moltres|86/100\n|move|p2a: Dragonite|Extreme Speed|p1a: Moltres\n|-damage|p1a: Moltres|52/100\n|\n|upkeep\n|turn|31\n|\n|t:|1782451339\n|switch|p2a: Zapdos|Zapdos|85/100\n|move|p1a: Moltres|Will-O-Wisp|p2a: Zapdos\n|-status|p2a: Zapdos|brn\n|\n|-damage|p2a: Zapdos|79/100 brn|[from] brn\n|upkeep\n|turn|32\n|\n|t:|1782451347\n|switch|p1a: Blaziken|Blaziken, F|39/100\n|-damage|p1a: Blaziken|26/100|[from] Stealth Rock\n|move|p2a: Zapdos|Volt Switch|p1a: Blaziken\n|-damage|p1a: Blaziken|0 fnt\n|faint|p1a: Blaziken\n|\n|t:|1782451351\n|switch|p2a: Meowscarada|Meowscarada, M|100/100|[from] Volt Switch\n|-damage|p2a: Meowscarada|88/100|[from] Stealth Rock\n|\n|upkeep\n|\n|t:|1782451353\n|switch|p1a: Moltres|Moltres|52/100\n|turn|33\n|\n|t:|1782451357\n|move|p2a: Meowscarada|Knock Off|p1a: Moltres\n|-start|p2a: Meowscarada|typechange|Dark|[from] ability: Protean\n|-crit|p1a: Moltres\n|-damage|p1a: Moltres|6/100\n|-enditem|p1a: Moltres|Heavy-Duty Boots|[from] move: Knock Off|[of] p2a: Meowscarada\n|move|p1a: Moltres|Roost|p1a: Moltres\n|-heal|p1a: Moltres|56/100\n|-singleturn|p1a: Moltres|move: Roost\n|\n|upkeep\n|turn|34\n|\n|t:|1782451362\n|switch|p2a: Zapdos|Zapdos|79/100 brn\n|move|p1a: Moltres|Roost|p1a: Moltres\n|-heal|p1a: Moltres|100/100\n|-singleturn|p1a: Moltres|move: Roost\n|\n|-damage|p2a: Zapdos|73/100 brn|[from] brn\n|upkeep\n|turn|35\n|\n|t:|1782451369\n|move|p2a: Zapdos|Volt Switch|p1a: Moltres\n|-supereffective|p1a: Moltres\n|-damage|p1a: Moltres|20/100\n|\n|t:|1782451372\n|switch|p2a: Meowscarada|Meowscarada, M|88/100|[from] Volt Switch\n|-damage|p2a: Meowscarada|76/100|[from] Stealth Rock\n|move|p1a: Moltres|Roost|p1a: Moltres\n|-heal|p1a: Moltres|70/100\n|-singleturn|p1a: Moltres|move: Roost\n|\n|upkeep\n|turn|36\n|\n|t:|1782451376\n|switch|p2a: Zapdos|Zapdos|73/100 brn\n|move|p1a: Moltres|U-turn|p2a: Zapdos\n|-resisted|p2a: Zapdos\n|-damage|p2a: Zapdos|66/100 brn\n|-status|p1a: Moltres|par|[from] ability: Static|[of] p2a: Zapdos\n|\n|t:|1782451377\n|switch|p1a: Dragapult|Dragapult, F|100/100|[from] U-turn\n|\n|-damage|p2a: Zapdos|60/100 brn|[from] brn\n|upkeep\n|turn|37\n|\n|t:|1782451384\n|-terastallize|p1a: Dragapult|Ghost\n|move|p1a: Dragapult|Hex|p2a: Zapdos\n|-damage|p2a: Zapdos|5/100 brn\n|move|p2a: Zapdos|Hurricane|p1a: Dragapult\n|-damage|p1a: Dragapult|32/100\n|\n|-damage|p2a: Zapdos|0 fnt|[from] brn\n|faint|p2a: Zapdos\n|upkeep\n|\n|t:|1782451390\n|switch|p2a: Meowscarada|Meowscarada, M|76/100\n|-damage|p2a: Meowscarada|64/100|[from] Stealth Rock\n|turn|38\n|\n|t:|1782451399\n|move|p2a: Meowscarada|Knock Off|p1a: Dragapult\n|-start|p2a: Meowscarada|typechange|Dark|[from] ability: Protean\n|-supereffective|p1a: Dragapult\n|-crit|p1a: Dragapult\n|-damage|p1a: Dragapult|0 fnt\n|-enditem|p1a: Dragapult|Heavy-Duty Boots|[from] move: Knock Off|[of] p2a: Meowscarada\n|faint|p1a: Dragapult\n|\n|upkeep\n|\n|t:|1782451400\n|switch|p1a: Moltres|Moltres|70/100 par\n|-damage|p1a: Moltres|20/100 par|[from] Stealth Rock\n|turn|39\n|\n|t:|1782451403\n|move|p2a: Meowscarada|Knock Off|p1a: Moltres\n|-damage|p1a: Moltres|0 fnt\n|faint|p1a: Moltres\n|\n|win|wizardrex\n|raw|tboc13's rating: 1577 &rarr; <strong>1553</strong><br />(-24 for losing)\n|raw|wizardrex's rating: 1512 &rarr; <strong>1536</strong><br />(+24 for winning)\n|l|☆tboc13\n|player|p1|\n|l|☆wizardrex\n|player|p2|\n", "uploadtime": 1782451659, "views": 4, "formatid": "gen9ou", "rating": 1536, "private": 0, "password": null}