{"id": "gen9ou-2647784663", "format": "[Gen 9] OU", "players": ["motomte", "mwharken"], "log": "|j|☆motomte\n|j|☆mwharken\n|t:|1783812131\n|gametype|singles\n|player|p1|motomte|169|1354\n|player|p2|mwharken|steven|1274\n|gen|9\n|tier|[Gen 9] OU\n|rated|\n|rule|HP Percentage Mod: HP is shown in percentages\n|rule|Endless Battle Clause: Forcing endless battles is banned\n|rule|Species Clause: Limit one of each Pokémon\n|rule|OHKO Clause: OHKO moves are banned\n|rule|Evasion Items Clause: Evasion items are banned\n|rule|Evasion Moves Clause: Evasion moves are banned\n|rule|Evasion Abilities Clause: Evasion abilities are banned\n|rule|Sleep Moves Clause: Sleep-inducing moves are banned\n|clearpoke\n|poke|p1|Cinderace, F|\n|poke|p1|Zarude-Dada|\n|poke|p1|Dragonite, F|\n|poke|p1|Zamazenta-*|\n|poke|p1|Zapdos|\n|poke|p1|Weezing-Galar, M|\n|poke|p2|Mamoswine, F|\n|poke|p2|Comfey, M|\n|poke|p2|Flapple, M|\n|poke|p2|Kleavor, M|\n|poke|p2|Braviary-Hisui, M|\n|poke|p2|Whimsicott, F|\n|teampreview\n|inactive|Battle timer is ON: inactive players will automatically lose when time's up. (requested by motomte)\n|\n|t:|1783812144\n|teamsize|p1|6\n|teamsize|p2|6\n|start\n|switch|p1a: Cinderace|Cinderace, F, shiny|100/100\n|switch|p2a: Flapple|Flapple, M|100/100\n|turn|1\n|\n|t:|1783812160\n|move|p1a: Cinderace|Flare Blitz|p2a: Flapple\n|-damage|p2a: Flapple|0 fnt\n|faint|p2a: Flapple\n|-damage|p1a: Cinderace|70/100|[from] Recoil\n|-damage|p1a: Cinderace|60/100|[from] item: Life Orb\n|\n|upkeep\n|inactive|mwharken has 120 seconds left.\n|\n|t:|1783812189\n|switch|p2a: Whimsicott|Whimsicott, F|100/100\n|turn|2\n|\n|t:|1783812194\n|move|p2a: Whimsicott|Tailwind|p2a: Whimsicott\n|-sidestart|p2: mwharken|move: Tailwind\n|move|p1a: Cinderace|Flare Blitz|p2a: Whimsicott\n|-supereffective|p2a: Whimsicott\n|-enditem|p2a: Whimsicott|Focus Sash\n|-damage|p2a: Whimsicott|1/100\n|-damage|p1a: Cinderace|24/100|[from] Recoil\n|-damage|p1a: Cinderace|14/100|[from] item: Life Orb\n|\n|upkeep\n|turn|3\n|\n|t:|1783812207\n|move|p2a: Whimsicott|Memento|p1a: Cinderace\n|-unboost|p1a: Cinderace|atk|2\n|-unboost|p1a: Cinderace|spa|2\n|faint|p2a: Whimsicott\n|move|p1a: Cinderace|Sucker Punch|p2: Whimsicott|[notarget]\n|-fail|p1a: Cinderace\n|\n|upkeep\n|inactive|mwharken has 120 seconds left.\n|\n|t:|1783812224\n|switch|p2a: Kleavor|Kleavor, M|100/100\n|turn|4\n|\n|t:|1783812231\n|move|p2a: Kleavor|U-turn|p1a: Cinderace\n|-resisted|p1a: Cinderace\n|-damage|p1a: Cinderace|0 fnt\n|faint|p1a: Cinderace\n|inactive|mwharken has 120 seconds left.\n|\n|t:|1783812244\n|switch|p2a: Braviary|Braviary-Hisui, M|100/100|[from] U-turn\n|\n|upkeep\n|\n|t:|1783812261\n|switch|p1a: Zapdos|Zapdos|100/100\n|turn|5\n|inactive|mwharken has 120 seconds left.\n|\n|t:|1783812293\n|move|p2a: Braviary|Psychic|p1a: Zapdos\n|-damage|p1a: Zapdos|0 fnt\n|faint|p1a: Zapdos\n|\n|-sideend|p2: mwharken|move: Tailwind\n|upkeep\n|\n|t:|1783812312\n|switch|p1a: Zarude|Zarude-Dada|100/100\n|turn|6\n|\n|t:|1783812318\n|switch|p2a: Comfey|Comfey, M|100/100\n|move|p1a: Zarude|Crunch|p2a: Comfey\n|-resisted|p2a: Comfey\n|-damage|p2a: Comfey|71/100\n|-damage|p1a: Zarude|91/100|[from] item: Life Orb\n|\n|upkeep\n|turn|7\n|inactive|mwharken has 120 seconds left.\n|\n|t:|1783812332\n|move|p2a: Comfey|Draining Kiss|p1a: Zarude\n|-supereffective|p1a: Zarude\n|-damage|p1a: Zarude|28/100\n|-heal|p2a: Comfey|100/100|[from] drain|[of] p1a: Zarude\n|move|p1a: Zarude|U-turn|p2a: Comfey\n|-resisted|p2a: Comfey\n|-damage|p2a: Comfey|83/100\n|-damage|p1a: Zarude|18/100|[from] item: Life Orb\n|\n|t:|1783812341\n|switch|p1a: Weezing|Weezing-Galar, M|100/100|[from] U-turn\n|\n|upkeep\n|turn|8\n|inactive|mwharken has 120 seconds left.\n|l|☆mwharken\n|inactive|mwharken disconnected and has a minute to reconnect!\n|player|p2|\n|j|☆mwharken\n|inactive|mwharken reconnected and has 95 seconds left.\n|player|p2|mwharken|steven|\n|inactive|mwharken has 90 seconds left.\n|\n|t:|1783812388\n|switch|p2a: Kleavor|Kleavor, M|100/100\n|move|p1a: Weezing|Sludge Bomb|p2a: Kleavor\n|-resisted|p2a: Kleavor\n|-damage|p2a: Kleavor|69/100\n|-status|p2a: Kleavor|psn\n|\n|-damage|p2a: Kleavor|56/100 psn|[from] psn\n|upkeep\n|turn|9\n|inactive|mwharken has 90 seconds left.\n|\n|t:|1783812404\n|move|p2a: Kleavor|Stone Axe|p1a: Weezing\n|-damage|p1a: Weezing|20/100\n|-sidestart|p1: motomte|move: Stealth Rock\n|move|p1a: Weezing|Strange Steam|p2a: Kleavor|[miss]\n|-miss|p1a: Weezing|p2a: Kleavor\n|\n|-damage|p2a: Kleavor|44/100 psn|[from] psn\n|upkeep\n|turn|10\n|inactive|mwharken has 90 seconds left.\n|\n|t:|1783812416\n|move|p2a: Kleavor|Stone Axe|p1a: Weezing\n|-damage|p1a: Weezing|0 fnt\n|faint|p1a: Weezing\n|\n|-damage|p2a: Kleavor|31/100 psn|[from] psn\n|upkeep\n|\n|t:|1783812426\n|switch|p1a: Zarude|Zarude-Dada|18/100\n|-damage|p1a: Zarude|6/100|[from] Stealth Rock\n|turn|11\n|\n|t:|1783812437\n|move|p1a: Zarude|Power Whip|p2a: Kleavor\n|-damage|p2a: Kleavor|0 fnt\n|faint|p2a: Kleavor\n|-damage|p1a: Zarude|0 fnt|[from] item: Life Orb\n|faint|p1a: Zarude\n|\n|upkeep\n|inactive|mwharken has 90 seconds left.\n|inactive|motomte has 120 seconds left.\n|\n|t:|1783812464\n|switch|p1a: Dragonite|Dragonite, F|100/100\n|switch|p2a: Braviary|Braviary-Hisui, M|100/100\n|turn|12\n|inactive|motomte has 120 seconds left.\n|\n|t:|1783812475\n|move|p1a: Dragonite|Dragon Dance|p1a: Dragonite\n|-boost|p1a: Dragonite|atk|1\n|-boost|p1a: Dragonite|spe|1\n|move|p2a: Braviary|Psychic|p1a: Dragonite\n|-damage|p1a: Dragonite|52/100\n|\n|upkeep\n|turn|13\n|inactive|motomte has 120 seconds left.\n|\n|t:|1783812500\n|-terastallize|p1a: Dragonite|Normal\n|move|p1a: Dragonite|Extreme Speed|p2a: Braviary\n|-damage|p2a: Braviary|14/100\n|move|p2a: Braviary|Psychic|p1a: Dragonite\n|-damage|p1a: Dragonite|0 fnt\n|faint|p1a: Dragonite\n|\n|upkeep\n|\n|t:|1783812509\n|switch|p1a: Zamazenta|Zamazenta, shiny|100/100\n|-damage|p1a: Zamazenta|94/100|[from] Stealth Rock\n|-ability|p1a: Zamazenta|Dauntless Shield|boost\n|-boost|p1a: Zamazenta|def|1\n|turn|14\n|\n|t:|1783812515\n|move|p1a: Zamazenta|Play Rough|p2a: Braviary\n|-damage|p2a: Braviary|0 fnt\n|faint|p2a: Braviary\n|\n|-heal|p1a: Zamazenta|100/100|[from] item: Leftovers\n|upkeep\n|inactive|mwharken has 90 seconds left.\n|\n|t:|1783812527\n|switch|p2a: Comfey|Comfey, M|83/100\n|turn|15\n|inactive|mwharken has 90 seconds left.\n|\n|t:|1783812540\n|move|p1a: Zamazenta|Play Rough|p2a: Comfey|[miss]\n|-miss|p1a: Zamazenta|p2a: Comfey\n|move|p2a: Comfey|Trick|p1a: Zamazenta\n|-activate|p2a: Comfey|move: Trick|[of] p1a: Zamazenta\n|-item|p1a: Zamazenta|Choice Specs|[from] move: Trick\n|-item|p2a: Comfey|Leftovers|[from] move: Trick\n|\n|-heal|p2a: Comfey|89/100|[from] item: Leftovers\n|upkeep\n|turn|16\n|inactive|mwharken has 90 seconds left.\n|\n|t:|1783812550\n|move|p1a: Zamazenta|Play Rough|p2a: Comfey\n|-damage|p2a: Comfey|50/100\n|move|p2a: Comfey|Leech Seed|p1a: Zamazenta\n|-start|p1a: Zamazenta|move: Leech Seed\n|\n|-heal|p2a: Comfey|56/100|[from] item: Leftovers\n|-damage|p1a: Zamazenta|88/100|[from] Leech Seed|[of] p2a: Comfey\n|-heal|p2a: Comfey|71/100|[silent]\n|upkeep\n|turn|17\n|\n|t:|1783812561\n|move|p2a: Comfey|Draining Kiss|p1a: Zamazenta\n|-supereffective|p1a: Zamazenta\n|-damage|p1a: Zamazenta|52/100\n|-heal|p2a: Comfey|100/100|[from] drain|[of] p1a: Zamazenta\n|move|p1a: Zamazenta|Play Rough|p2a: Comfey\n|-damage|p2a: Comfey|61/100\n|\n|-heal|p2a: Comfey|67/100|[from] item: Leftovers\n|-damage|p1a: Zamazenta|40/100|[from] Leech Seed|[of] p2a: Comfey\n|-heal|p2a: Comfey|83/100|[silent]\n|upkeep\n|turn|18\n|-message|motomte forfeited.\n|\n|win|mwharken\n|raw|motomte's rating: 1354 &rarr; <strong>1329</strong><br />(-25 for losing)\n|raw|mwharken's rating: 1274 &rarr; <strong>1305</strong><br />(+31 for winning)\n|l|☆motomte\n|player|p1|\n|c|☆mwharken|Gg\n|l|☆mwharken\n|player|p2|\n", "uploadtime": 1783812937, "views": 6, "formatid": "gen9ou", "rating": 1305, "private": 0, "password": null}