{"id": "gen9ou-2639180159", "format": "[Gen 9] OU", "players": ["gooseyj", "xu5000"], "log": "|j|☆gooseyj\n|j|☆xu5000\n|t:|1782430225\n|gametype|singles\n|player|p1|gooseyj|iris-gen5bw2|1450\n|player|p2|xu5000|169|1444\n|gen|9\n|tier|[Gen 9] OU\n|rated|\n|rule|HP Percentage Mod: HP is shown in percentages\n|rule|Endless Battle Clause: Forcing endless battles is banned\n|rule|Species Clause: Limit one of each Pokémon\n|rule|OHKO Clause: OHKO moves are banned\n|rule|Evasion Items Clause: Evasion items are banned\n|rule|Evasion Moves Clause: Evasion moves are banned\n|rule|Evasion Abilities Clause: Evasion abilities are banned\n|rule|Sleep Moves Clause: Sleep-inducing moves are banned\n|clearpoke\n|poke|p1|Gliscor, M|\n|poke|p1|Gholdengo|\n|poke|p1|Darkrai|\n|poke|p1|Ogerpon-Wellspring, F|\n|poke|p1|Moltres|\n|poke|p1|Clefable, M|\n|poke|p2|Dragapult, F|\n|poke|p2|Gliscor, F|\n|poke|p2|Ogerpon-Wellspring, F|\n|poke|p2|Iron Crown|\n|poke|p2|Ting-Lu|\n|poke|p2|Kingambit, F|\n|teampreview\n|inactive|Battle timer is ON: inactive players will automatically lose when time's up. (requested by gooseyj)\n|inactive|gooseyj has 120 seconds left.\n|inactive|xu5000 has 120 seconds left.\n|inactive|gooseyj has 90 seconds left.\n|\n|t:|1782430292\n|teamsize|p1|6\n|teamsize|p2|6\n|start\n|switch|p1a: Clefable|Clefable, M|100/100\n|switch|p2a: Ogerpon|Ogerpon-Wellspring, F|100/100\n|turn|1\n|inactive|xu5000 has 120 seconds left.\n|\n|t:|1782430332\n|move|p2a: Ogerpon|Ivy Cudgel|p1a: Clefable|[anim] Ivy Cudgel Water\n|-damage|p1a: Clefable|56/100\n|move|p1a: Clefable|Moonblast|p2a: Ogerpon\n|-damage|p2a: Ogerpon|61/100\n|-unboost|p2a: Ogerpon|spa|1\n|\n|-heal|p1a: Clefable|62/100|[from] item: Leftovers\n|upkeep\n|turn|2\n|inactive|xu5000 has 120 seconds left.\n|\n|t:|1782430353\n|move|p2a: Ogerpon|U-turn|p1a: Clefable\n|-resisted|p1a: Clefable\n|-damage|p1a: Clefable|53/100\n|\n|t:|1782430366\n|switch|p2a: Gliscor|Gliscor, F|100/100|[from] U-turn\n|move|p1a: Clefable|Moonblast|p2a: Gliscor\n|-damage|p2a: Gliscor|72/100\n|\n|-heal|p1a: Clefable|59/100|[from] item: Leftovers\n|-status|p2a: Gliscor|tox|[from] item: Toxic Orb\n|upkeep\n|turn|3\n|\n|t:|1782430378\n|move|p2a: Gliscor|Toxic Spikes|p1a: Clefable\n|-sidestart|p1: gooseyj|move: Toxic Spikes\n|move|p1a: Clefable|Stealth Rock|p2a: Gliscor\n|-sidestart|p2: xu5000|move: Stealth Rock\n|\n|-heal|p1a: Clefable|65/100|[from] item: Leftovers\n|-heal|p2a: Gliscor|85/100 tox|[from] ability: Poison Heal\n|upkeep\n|turn|4\n|\n|t:|1782430392\n|switch|p1a: Ogerpon|Ogerpon-Wellspring, F|100/100\n|-status|p1a: Ogerpon|psn\n|move|p2a: Gliscor|Toxic Spikes|p1a: Ogerpon\n|-sidestart|p1: gooseyj|move: Toxic Spikes\n|\n|-damage|p1a: Ogerpon|88/100 psn|[from] psn\n|-heal|p2a: Gliscor|97/100 tox|[from] ability: Poison Heal\n|upkeep\n|turn|5\n|\n|t:|1782430406\n|move|p2a: Gliscor|Protect|p2a: Gliscor\n|-singleturn|p2a: Gliscor|Protect\n|move|p1a: Ogerpon|U-turn|p2a: Gliscor\n|-activate|p2a: Gliscor|move: Protect\n|\n|-damage|p1a: Ogerpon|76/100 psn|[from] psn\n|-heal|p2a: Gliscor|100/100 tox|[from] ability: Poison Heal\n|upkeep\n|turn|6\n|\n|t:|1782430415\n|switch|p2a: Dragapult|Dragapult, F|100/100\n|move|p1a: Ogerpon|Horn Leech|p2a: Dragapult\n|-resisted|p2a: Dragapult\n|-damage|p2a: Dragapult|71/100\n|-heal|p1a: Ogerpon|92/100 psn|[from] drain|[of] p2a: Dragapult\n|\n|-damage|p1a: Ogerpon|79/100 psn|[from] psn\n|upkeep\n|turn|7\n|inactive|xu5000 has 120 seconds left.\n|\n|t:|1782430429\n|move|p2a: Dragapult|Hex|p1a: Ogerpon\n|-damage|p1a: Ogerpon|17/100 psn\n|move|p1a: Ogerpon|Knock Off|p2a: Dragapult\n|-supereffective|p2a: Dragapult\n|-damage|p2a: Dragapult|0 fnt\n|-enditem|p2a: Dragapult|Heavy-Duty Boots|[from] move: Knock Off|[of] p1a: Ogerpon\n|faint|p2a: Dragapult\n|\n|-damage|p1a: Ogerpon|5/100 psn|[from] psn\n|upkeep\n|\n|t:|1782430442\n|switch|p2a: Gliscor|Gliscor, F|100/100 tox\n|-damage|p2a: Gliscor|88/100 tox|[from] Stealth Rock\n|turn|8\n|\n|t:|1782430463\n|switch|p1a: Gliscor|Gliscor, M|100/100\n|switch|p2a: Ogerpon|Ogerpon-Wellspring, F|61/100\n|-damage|p2a: Ogerpon|49/100|[from] Stealth Rock\n|\n|-status|p1a: Gliscor|tox|[from] item: Toxic Orb\n|upkeep\n|turn|9\n|inactive|xu5000 has 120 seconds left.\n|inactive|gooseyj has 120 seconds left.\n|\n|t:|1782430489\n|switch|p1a: Gholdengo|Gholdengo|100/100\n|-item|p1a: Gholdengo|Air Balloon\n|move|p2a: Ogerpon|U-turn|p1a: Gholdengo\n|-resisted|p1a: Gholdengo\n|-damage|p1a: Gholdengo|96/100\n|-enditem|p1a: Gholdengo|Air Balloon\n|\n|t:|1782430494\n|switch|p2a: Ting-Lu|Ting-Lu|100/100|[from] U-turn\n|-damage|p2a: Ting-Lu|94/100|[from] Stealth Rock\n|-ability|p2a: Ting-Lu|Vessel of Ruin\n|\n|upkeep\n|turn|10\n|\n|t:|1782430498\n|switch|p1a: Clefable|Clefable, M|65/100\n|-status|p1a: Clefable|tox\n|move|p2a: Ting-Lu|Stealth Rock|p1a: Clefable\n|-sidestart|p1: gooseyj|move: Stealth Rock\n|\n|-heal|p1a: Clefable|71/100 tox|[from] item: Leftovers\n|upkeep\n|turn|11\n|inactive|xu5000 has 120 seconds left.\n|\n|t:|1782430514\n|switch|p2a: Gliscor|Gliscor, F|88/100 tox\n|-damage|p2a: Gliscor|75/100 tox|[from] Stealth Rock\n|move|p1a: Clefable|Knock Off|p2a: Gliscor\n|-damage|p2a: Gliscor|62/100 tox\n|-enditem|p2a: Gliscor|Toxic Orb|[from] move: Knock Off|[of] p1a: Clefable\n|\n|-heal|p1a: Clefable|77/100 tox|[from] item: Leftovers\n|-heal|p2a: Gliscor|75/100 tox|[from] ability: Poison Heal\n|upkeep\n|turn|12\n|inactive|xu5000 has 120 seconds left.\n|\n|t:|1782430527\n|switch|p1a: Gliscor|Gliscor, M|100/100 tox\n|-damage|p1a: Gliscor|88/100 tox|[from] Stealth Rock\n|move|p2a: Gliscor|Toxic|p1a: Gliscor\n|-fail|p1a: Gliscor|tox\n|\n|-heal|p2a: Gliscor|87/100 tox|[from] ability: Poison Heal\n|-heal|p1a: Gliscor|100/100 tox|[from] ability: Poison Heal\n|upkeep\n|turn|13\n|inactive|xu5000 has 120 seconds left.\n|\n|t:|1782430558\n|switch|p2a: Ting-Lu|Ting-Lu|94/100\n|-damage|p2a: Ting-Lu|88/100|[from] Stealth Rock\n|-ability|p2a: Ting-Lu|Vessel of Ruin\n|move|p1a: Gliscor|Spikes|p2a: Ting-Lu\n|-sidestart|p2: xu5000|Spikes\n|\n|upkeep\n|turn|14\n|\n|t:|1782430565\n|move|p1a: Gliscor|Toxic|p2a: Ting-Lu\n|-status|p2a: Ting-Lu|tox\n|move|p2a: Ting-Lu|Taunt|p1a: Gliscor\n|-start|p1a: Gliscor|move: Taunt\n|\n|-damage|p2a: Ting-Lu|82/100 tox|[from] psn\n|upkeep\n|turn|15\n|\n|t:|1782430585\n|switch|p1a: Clefable|Clefable, M|77/100 tox\n|move|p2a: Ting-Lu|Ruination|p1a: Clefable\n|-damage|p1a: Clefable|39/100 tox\n|\n|-heal|p1a: Clefable|45/100 tox|[from] item: Leftovers\n|-damage|p2a: Ting-Lu|70/100 tox|[from] psn\n|upkeep\n|turn|16\n|\n|t:|1782430599\n|move|p2a: Ting-Lu|Heavy Slam|p1a: Clefable\n|-supereffective|p1a: Clefable\n|-damage|p1a: Clefable|0 fnt\n|faint|p1a: Clefable\n|\n|-damage|p2a: Ting-Lu|51/100 tox|[from] psn\n|upkeep\n|c|☆gooseyj|what the fuck is that set\n|inactive|gooseyj has 120 seconds left.\n|\n|t:|1782430625\n|switch|p1a: Gliscor|Gliscor, M|100/100 tox\n|-damage|p1a: Gliscor|88/100 tox|[from] Stealth Rock\n|turn|17\n|\n|t:|1782430646\n|move|p1a: Gliscor|Spikes|p2a: Ting-Lu\n|-sidestart|p2: xu5000|Spikes\n|move|p2a: Ting-Lu|Taunt|p1a: Gliscor\n|-start|p1a: Gliscor|move: Taunt\n|\n|-heal|p1a: Gliscor|100/100 tox|[from] ability: Poison Heal\n|-damage|p2a: Ting-Lu|27/100 tox|[from] psn\n|upkeep\n|turn|18\n|inactive|gooseyj has 120 seconds left.\n|inactive|gooseyj has 90 seconds left.\n|\n|t:|1782430699\n|switch|p1a: Darkrai|Darkrai|100/100\n|move|p2a: Ting-Lu|Ruination|p1a: Darkrai\n|-damage|p1a: Darkrai|51/100\n|\n|-damage|p2a: Ting-Lu|0 fnt|[from] psn\n|faint|p2a: Ting-Lu\n|upkeep\n|inactive|xu5000 has 90 seconds left.\n|inactive|xu5000 has 60 seconds left.\n|\n|t:|1782430761\n|switch|p2a: Iron Crown|Iron Crown|100/100\n|-damage|p2a: Iron Crown|94/100|[from] Stealth Rock\n|-damage|p2a: Iron Crown|78/100|[from] Spikes\n|-enditem|p2a: Iron Crown|Booster Energy\n|-activate|p2a: Iron Crown|ability: Quark Drive|[fromitem]\n|-start|p2a: Iron Crown|quarkdrivespe\n|turn|19\n|inactive|xu5000 has 60 seconds left.\n|inactive|gooseyj has 90 seconds left.\n|inactive|xu5000 has 30 seconds left.\n|\n|t:|1782430801\n|switch|p1a: Moltres|Moltres|100/100\n|move|p2a: Iron Crown|Focus Blast|p1a: Moltres\n|-resisted|p1a: Moltres\n|-damage|p1a: Moltres|87/100\n|\n|upkeep\n|turn|20\n|inactive|gooseyj has 90 seconds left.\n|inactive|xu5000 has 30 seconds left.\n|inactive|xu5000 has 20 seconds left.\n|inactive|xu5000 has 15 seconds left.\n|inactive|xu5000 has 10 seconds left.\n|inactive|xu5000 has 5 seconds left.\n|\n|t:|1782430839\n|move|p2a: Iron Crown|Psychic|p1a: Moltres\n|-damage|p1a: Moltres|55/100\n|move|p1a: Moltres|Flamethrower|p2a: Iron Crown\n|-supereffective|p2a: Iron Crown\n|-damage|p2a: Iron Crown|11/100\n|\n|upkeep\n|turn|21\n|inactive|xu5000 has 15 seconds left this turn.\n|\n|t:|1782430848\n|move|p2a: Iron Crown|Calm Mind|p2a: Iron Crown\n|-boost|p2a: Iron Crown|spa|1\n|-boost|p2a: Iron Crown|spd|1\n|move|p1a: Moltres|Roost|p1a: Moltres\n|-heal|p1a: Moltres|100/100\n|-singleturn|p1a: Moltres|move: Roost\n|\n|upkeep\n|turn|22\n|inactive|xu5000 has 25 seconds left this turn.\n|\n|t:|1782430852\n|move|p2a: Iron Crown|Psychic|p1a: Moltres\n|-damage|p1a: Moltres|51/100\n|move|p1a: Moltres|Roar|p2a: Iron Crown\n|-end|p2a: Iron Crown|Quark Drive|[silent]\n|drag|p2a: Kingambit|Kingambit, F|100/100\n|-damage|p2a: Kingambit|94/100|[from] Stealth Rock\n|-activate|p2a: Kingambit|ability: Supreme Overlord\n|-start|p2a: Kingambit|fallen2|[silent]\n|-item|p2a: Kingambit|Air Balloon\n|\n|upkeep\n|turn|23\n|inactive|xu5000 has 30 seconds left.\n|\n|t:|1782430865\n|-end|p2a: Kingambit|fallen2|[silent]\n|switch|p2a: Gliscor|Gliscor, F|87/100 tox\n|-damage|p2a: Gliscor|75/100 tox|[from] Stealth Rock\n|move|p1a: Moltres|Flamethrower|p2a: Gliscor\n|-damage|p2a: Gliscor|40/100 tox\n|\n|-heal|p2a: Gliscor|52/100 tox|[from] ability: Poison Heal\n|upkeep\n|turn|24\n|inactive|xu5000 has 30 seconds left.\n|\n|t:|1782430883\n|move|p2a: Gliscor|Toxic|p1a: Moltres\n|-status|p1a: Moltres|tox\n|move|p1a: Moltres|U-turn|p2a: Gliscor\n|-resisted|p2a: Gliscor\n|-damage|p2a: Gliscor|46/100 tox\n|\n|t:|1782430900\n|switch|p1a: Gholdengo|Gholdengo|96/100|[from] U-turn\n|-damage|p1a: Gholdengo|90/100|[from] Stealth Rock\n|\n|-heal|p2a: Gliscor|59/100 tox|[from] ability: Poison Heal\n|upkeep\n|turn|25\n|\n|t:|1782430909\n|move|p2a: Gliscor|Earthquake|p1a: Gholdengo\n|-supereffective|p1a: Gholdengo\n|-damage|p1a: Gholdengo|43/100\n|move|p1a: Gholdengo|Hex|p2a: Gliscor\n|-damage|p2a: Gliscor|5/100 tox\n|\n|-heal|p2a: Gliscor|17/100 tox|[from] ability: Poison Heal\n|upkeep\n|turn|26\n|\n|t:|1782430922\n|move|p2a: Gliscor|Protect|p2a: Gliscor\n|-singleturn|p2a: Gliscor|Protect\n|move|p1a: Gholdengo|Hex|p2a: Gliscor\n|-activate|p2a: Gliscor|move: Protect\n|\n|-heal|p2a: Gliscor|30/100 tox|[from] ability: Poison Heal\n|upkeep\n|turn|27\n|c|☆gooseyj|fuckkkkk i just transferred this team from my phone to my pc\n|c|☆gooseyj|this is supposed to outspeed gliscor\n|c|☆gooseyj|damn\n|\n|t:|1782430949\n|move|p2a: Gliscor|Earthquake|p1a: Gholdengo\n|-supereffective|p1a: Gholdengo\n|-damage|p1a: Gholdengo|0 fnt\n|faint|p1a: Gholdengo\n|\n|-heal|p2a: Gliscor|42/100 tox|[from] ability: Poison Heal\n|upkeep\n|inactive|gooseyj has 90 seconds left.\n|\n|t:|1782430982\n|switch|p1a: Darkrai|Darkrai|51/100\n|turn|28\n|inactive|xu5000 has 60 seconds left.\n|inactive|xu5000 has 30 seconds left.\n|inactive|xu5000 has 20 seconds left.\n|inactive|xu5000 has 15 seconds left.\n|inactive|xu5000 has 10 seconds left.\n|\n|t:|1782431039\n|-terastallize|p2a: Gliscor|Fairy\n|move|p1a: Darkrai|Ice Beam|p2a: Gliscor\n|-damage|p2a: Gliscor|14/100 tox\n|move|p2a: Gliscor|Earthquake|p1a: Darkrai\n|-damage|p1a: Darkrai|9/100\n|\n|-heal|p2a: Gliscor|27/100 tox|[from] ability: Poison Heal\n|upkeep\n|turn|29\n|inactive|xu5000 has 20 seconds left this turn.\n|inactive|xu5000 has 15 seconds left.\n|\n|t:|1782431047\n|move|p2a: Gliscor|Protect|p2a: Gliscor\n|-singleturn|p2a: Gliscor|Protect\n|move|p1a: Darkrai|Sludge Bomb|p2a: Gliscor\n|-activate|p2a: Gliscor|move: Protect\n|\n|-heal|p2a: Gliscor|39/100 tox|[from] ability: Poison Heal\n|upkeep\n|turn|30\n|inactive|xu5000 has 25 seconds left this turn.\n|inactive|xu5000 has 20 seconds left.\n|\n|t:|1782431054\n|switch|p2a: Kingambit|Kingambit, F|94/100\n|-damage|p2a: Kingambit|88/100|[from] Stealth Rock\n|-activate|p2a: Kingambit|ability: Supreme Overlord\n|-start|p2a: Kingambit|fallen2|[silent]\n|-item|p2a: Kingambit|Air Balloon\n|move|p1a: Darkrai|Sludge Bomb|p2a: Kingambit\n|-immune|p2a: Kingambit\n|\n|upkeep\n|turn|31\n|inactive|xu5000 has 30 seconds left this turn.\n|inactive|xu5000 has 20 seconds left.\n|\n|t:|1782431064\n|switch|p1a: Ogerpon|Ogerpon-Wellspring, F|5/100 psn\n|-damage|p1a: Ogerpon|0 fnt|[from] Stealth Rock\n|faint|p1a: Ogerpon\n|move|p2a: Kingambit|Sucker Punch|p1: Ogerpon|[notarget]\n|-fail|p2a: Kingambit\n|\n|upkeep\n|\n|t:|1782431067\n|switch|p1a: Moltres|Moltres|51/100 tox\n|turn|32\n|inactive|xu5000 has 30 seconds left.\n|\n|t:|1782431080\n|-end|p2a: Kingambit|fallen2|[silent]\n|switch|p2a: Iron Crown|Iron Crown|11/100\n|-damage|p2a: Iron Crown|5/100|[from] Stealth Rock\n|-damage|p2a: Iron Crown|0 fnt|[from] Spikes\n|faint|p2a: Iron Crown\n|-end|p2a: Iron Crown|Quark Drive|[silent]\n|move|p1a: Moltres|Roost|p1a: Moltres\n|-heal|p1a: Moltres|100/100 tox\n|-singleturn|p1a: Moltres|move: Roost\n|\n|-damage|p1a: Moltres|94/100 tox|[from] psn\n|upkeep\n|inactive|xu5000 has 30 seconds left this turn.\n|\n|t:|1782431083\n|switch|p2a: Ogerpon|Ogerpon-Wellspring, F|49/100\n|-damage|p2a: Ogerpon|37/100|[from] Stealth Rock\n|-damage|p2a: Ogerpon|20/100|[from] Spikes\n|turn|33\n|\n|t:|1782431103\n|switch|p1a: Gliscor|Gliscor, M|100/100 tox\n|-damage|p1a: Gliscor|88/100 tox|[from] Stealth Rock\n|move|p2a: Ogerpon|Ivy Cudgel|p1a: Gliscor|[anim] Ivy Cudgel Water\n|-supereffective|p1a: Gliscor\n|-damage|p1a: Gliscor|0 fnt\n|faint|p1a: Gliscor\n|\n|upkeep\n|\n|t:|1782431106\n|switch|p1a: Darkrai|Darkrai|9/100\n|turn|34\n|\n|t:|1782431118\n|move|p1a: Darkrai|Dark Pulse|p2a: Ogerpon\n|-damage|p2a: Ogerpon|0 fnt\n|faint|p2a: Ogerpon\n|\n|upkeep\n|\n|t:|1782431122\n|switch|p2a: Kingambit|Kingambit, F|88/100\n|-damage|p2a: Kingambit|82/100|[from] Stealth Rock\n|-activate|p2a: Kingambit|ability: Supreme Overlord\n|-start|p2a: Kingambit|fallen4|[silent]\n|-item|p2a: Kingambit|Air Balloon\n|turn|35\n|\n|t:|1782431142\n|switch|p1a: Moltres|Moltres|94/100 tox\n|move|p2a: Kingambit|Sucker Punch||[still]\n|-fail|p2a: Kingambit\n|\n|-damage|p1a: Moltres|88/100 tox|[from] psn\n|upkeep\n|turn|36\n|inactive|xu5000 has 30 seconds left.\n|\n|t:|1782431176\n|-end|p2a: Kingambit|fallen4|[silent]\n|switch|p2a: Gliscor|Gliscor, F, tera:Fairy|39/100 tox\n|-damage|p2a: Gliscor|27/100 tox|[from] Stealth Rock\n|-damage|p2a: Gliscor|10/100 tox|[from] Spikes\n|-terastallize|p1a: Moltres|Fairy\n|move|p1a: Moltres|Flamethrower|p2a: Gliscor\n|-damage|p2a: Gliscor|0 fnt\n|faint|p2a: Gliscor\n|\n|-damage|p1a: Moltres|76/100 tox|[from] psn\n|upkeep\n|inactive|xu5000 has 30 seconds left.\n|\n|t:|1782431183\n|switch|p2a: Kingambit|Kingambit, F|82/100\n|-damage|p2a: Kingambit|76/100|[from] Stealth Rock\n|-activate|p2a: Kingambit|ability: Supreme Overlord\n|-start|p2a: Kingambit|fallen5|[silent]\n|-item|p2a: Kingambit|Air Balloon\n|turn|37\n|inactive|xu5000 has 30 seconds left.\n|\n|t:|1782431194\n|move|p1a: Moltres|Flamethrower|p2a: Kingambit\n|-supereffective|p2a: Kingambit\n|-damage|p2a: Kingambit|0 fnt\n|-enditem|p2a: Kingambit|Air Balloon\n|faint|p2a: Kingambit\n|-end|p2a: Kingambit|fallen5|[silent]\n|\n|win|gooseyj\n|raw|gooseyj's rating: 1450 &rarr; <strong>1470</strong><br />(+20 for winning)\n|raw|xu5000's rating: 1444 &rarr; <strong>1424</strong><br />(-20 for losing)\n", "uploadtime": 1782431204, "views": 12, "formatid": "gen9ou", "rating": 1424, "private": 0, "password": null}