{"id": "gen9ou-2540764170", "format": "[Gen 9] OU", "players": ["ylilith", "soboredqwa"], "log": "|j|☆ylilith\n|j|☆soboredqwa\n|t:|1771251332\n|gametype|singles\n|player|p1|ylilith|parasollady|1668\n|player|p2|soboredqwa|wallace|1563\n|gen|9\n|tier|[Gen 9] OU\n|rated|\n|rule|HP Percentage Mod: HP is shown in percentages\n|rule|Endless Battle Clause: Forcing endless battles is banned\n|rule|Species Clause: Limit one of each Pokémon\n|rule|OHKO Clause: OHKO moves are banned\n|rule|Evasion Items Clause: Evasion items are banned\n|rule|Evasion Moves Clause: Evasion moves are banned\n|rule|Evasion Abilities Clause: Evasion abilities are banned\n|rule|Sleep Moves Clause: Sleep-inducing moves are banned\n|clearpoke\n|poke|p1|Gholdengo|\n|poke|p1|Ting-Lu|\n|poke|p1|Deoxys-Speed|\n|poke|p1|Garganacl, M|\n|poke|p1|Ogerpon, F|\n|poke|p1|Gliscor, F|\n|poke|p2|Ribombee, M|\n|poke|p2|Gholdengo|\n|poke|p2|Great Tusk|\n|poke|p2|Raging Bolt|\n|poke|p2|Ogerpon-Cornerstone, F|\n|poke|p2|Ceruledge, M|\n|teampreview\n|inactive|Battle timer is ON: inactive players will automatically lose when time's up. (requested by ylilith)\n|inactive|soboredqwa also wants the timer to be on.\n|\n|t:|1771251349\n|teamsize|p1|6\n|teamsize|p2|6\n|start\n|switch|p1a: Gliscor|Gliscor, F|100/100\n|switch|p2a: KRYPTONITE|Gholdengo, shiny|100/100\n|-item|p2a: KRYPTONITE|Air Balloon\n|turn|1\n|\n|t:|1771251362\n|switch|p2a: NEW DROP|Ribombee, M, shiny|100/100\n|move|p1a: Gliscor|U-turn|p2a: NEW DROP\n|-resisted|p2a: NEW DROP\n|-damage|p2a: NEW DROP|86/100\n|\n|t:|1771251373\n|switch|p1a: Deoxys|Deoxys-Speed|100/100|[from] U-turn\n|-ability|p1a: Deoxys|Pressure\n|\n|upkeep\n|turn|2\n|\n|t:|1771251376\n|move|p1a: Deoxys|Psycho Boost|p2a: NEW DROP\n|-damage|p2a: NEW DROP|0 fnt\n|-unboost|p1a: Deoxys|spa|2\n|faint|p2a: NEW DROP\n|\n|upkeep\n|\n|t:|1771251382\n|switch|p2a: GREAT NECK|Raging Bolt|100/100\n|-enditem|p2a: GREAT NECK|Booster Energy\n|-activate|p2a: GREAT NECK|ability: Protosynthesis|[fromitem]\n|-start|p2a: GREAT NECK|protosynthesisspa\n|turn|3\n|\n|t:|1771251387\n|switch|p1a: Ting-Lu|Ting-Lu|100/100\n|-ability|p1a: Ting-Lu|Vessel of Ruin\n|move|p2a: GREAT NECK|Calm Mind|p2a: GREAT NECK\n|-boost|p2a: GREAT NECK|spa|1\n|-boost|p2a: GREAT NECK|spd|1\n|\n|upkeep\n|turn|4\n|\n|t:|1771251392\n|move|p2a: GREAT NECK|Dragon Pulse|p1a: Ting-Lu\n|-damage|p1a: Ting-Lu|60/100\n|move|p1a: Ting-Lu|Earthquake|p2a: GREAT NECK\n|-supereffective|p2a: GREAT NECK\n|-damage|p2a: GREAT NECK|36/100\n|\n|upkeep\n|turn|5\n|\n|t:|1771251397\n|move|p2a: GREAT NECK|Dragon Pulse|p1a: Ting-Lu\n|-damage|p1a: Ting-Lu|22/100\n|move|p1a: Ting-Lu|Earthquake|p2a: GREAT NECK\n|-supereffective|p2a: GREAT NECK\n|-damage|p2a: GREAT NECK|0 fnt\n|faint|p2a: GREAT NECK\n|-end|p2a: GREAT NECK|Protosynthesis|[silent]\n|\n|upkeep\n|\n|t:|1771251405\n|switch|p2a: BANDIT|Great Tusk, shiny|100/100\n|-enditem|p2a: BANDIT|Booster Energy\n|-activate|p2a: BANDIT|ability: Protosynthesis|[fromitem]\n|-start|p2a: BANDIT|protosynthesisatk\n|turn|6\n|\n|t:|1771251411\n|move|p2a: BANDIT|Rapid Spin|p1a: Ting-Lu\n|-damage|p1a: Ting-Lu|10/100\n|-boost|p2a: BANDIT|spe|1\n|move|p1a: Ting-Lu|Whirlwind|p2a: BANDIT\n|-end|p2a: BANDIT|Protosynthesis|[silent]\n|drag|p2a: KRYPTONITE|Gholdengo, shiny|100/100\n|-item|p2a: KRYPTONITE|Air Balloon\n|\n|upkeep\n|turn|7\n|l|☆soboredqwa\n|inactive|soboredqwa disconnected and has a minute to reconnect!\n|player|p2|\n|inactive|soboredqwa has 30 seconds to reconnect!\n|j|☆soboredqwa\n|inactive|soboredqwa reconnected and has 100 seconds left.\n|player|p2|soboredqwa|wallace|\n|inactive|soboredqwa has 90 seconds left.\n|l|☆soboredqwa\n|inactive|soboredqwa disconnected and has a minute to reconnect!\n|player|p2|\n|j|☆soboredqwa\n|inactive|soboredqwa reconnected and has 60 seconds left.\n|player|p2|soboredqwa|wallace|\n|\n|t:|1771251508\n|move|p2a: KRYPTONITE|Shadow Ball|p1a: Ting-Lu\n|-resisted|p1a: Ting-Lu\n|-crit|p1a: Ting-Lu\n|-damage|p1a: Ting-Lu|0 fnt\n|faint|p1a: Ting-Lu\n|\n|upkeep\n|\n|t:|1771251522\n|switch|p1a: Ogerpon|Ogerpon, F|100/100\n|turn|8\n|\n|t:|1771251530\n|move|p1a: Ogerpon|Knock Off|p2a: KRYPTONITE\n|-supereffective|p2a: KRYPTONITE\n|-damage|p2a: KRYPTONITE|28/100\n|-enditem|p2a: KRYPTONITE|Air Balloon\n|move|p2a: KRYPTONITE|Shadow Ball|p1a: Ogerpon\n|-damage|p1a: Ogerpon|49/100\n|\n|upkeep\n|turn|9\n|\n|t:|1771251536\n|move|p1a: Ogerpon|Knock Off|p2a: KRYPTONITE\n|-supereffective|p2a: KRYPTONITE\n|-damage|p2a: KRYPTONITE|0 fnt\n|faint|p2a: KRYPTONITE\n|\n|upkeep\n|\n|t:|1771251551\n|switch|p2a: TORE UP|Ceruledge, M, shiny|100/100\n|turn|10\n|\n|t:|1771251555\n|switch|p1a: Garganacl|Garganacl, M|100/100\n|move|p2a: TORE UP|Swords Dance|p2a: TORE UP\n|-boost|p2a: TORE UP|atk|2\n|\n|upkeep\n|turn|11\n|\n|t:|1771251560\n|move|p2a: TORE UP|Shadow Sneak|p1a: Garganacl\n|-damage|p1a: Garganacl|89/100\n|move|p1a: Garganacl|Salt Cure|p2a: TORE UP\n|-supereffective|p2a: TORE UP\n|-damage|p2a: TORE UP|59/100\n|-start|p2a: TORE UP|Salt Cure\n|-ability|p2a: TORE UP|Weak Armor|boost\n|-unboost|p2a: TORE UP|def|1\n|-boost|p2a: TORE UP|spe|2\n|\n|-heal|p1a: Garganacl|95/100|[from] item: Leftovers\n|-damage|p2a: TORE UP|47/100|[from] Salt Cure\n|upkeep\n|turn|12\n|\n|t:|1771251564\n|move|p2a: TORE UP|Close Combat|p1a: Garganacl\n|-supereffective|p1a: Garganacl\n|-damage|p1a: Garganacl|0 fnt\n|-unboost|p2a: TORE UP|def|1\n|-unboost|p2a: TORE UP|spd|1\n|faint|p1a: Garganacl\n|\n|-damage|p2a: TORE UP|35/100|[from] Salt Cure\n|upkeep\n|\n|t:|1771251576\n|switch|p1a: Gliscor|Gliscor, F|100/100\n|turn|13\n|\n|t:|1771251584\n|move|p1a: Gliscor|Protect|p1a: Gliscor\n|-singleturn|p1a: Gliscor|Protect\n|move|p2a: TORE UP|Swords Dance|p2a: TORE UP\n|-boost|p2a: TORE UP|atk|2\n|\n|-damage|p2a: TORE UP|22/100|[from] Salt Cure\n|-status|p1a: Gliscor|tox|[from] item: Toxic Orb\n|upkeep\n|turn|14\n|\n|t:|1771251594\n|-terastallize|p1a: Gliscor|Water\n|move|p2a: TORE UP|Bitter Blade|p1a: Gliscor\n|-resisted|p1a: Gliscor\n|-damage|p1a: Gliscor|38/100 tox\n|-heal|p2a: TORE UP|60/100|[from] drain|[of] p1a: Gliscor\n|move|p1a: Gliscor|Earthquake|p2a: TORE UP\n|-supereffective|p2a: TORE UP\n|-damage|p2a: TORE UP|0 fnt\n|faint|p2a: TORE UP\n|\n|-heal|p1a: Gliscor|50/100 tox|[from] ability: Poison Heal\n|upkeep\n|\n|t:|1771251599\n|switch|p2a: BANDIT|Great Tusk, shiny|100/100\n|turn|15\n|\n|t:|1771251611\n|move|p1a: Gliscor|Protect|p1a: Gliscor\n|-singleturn|p1a: Gliscor|Protect\n|move|p2a: BANDIT|Rapid Spin|p1a: Gliscor\n|-activate|p1a: Gliscor|move: Protect\n|\n|-heal|p1a: Gliscor|63/100 tox|[from] ability: Poison Heal\n|upkeep\n|turn|16\n|\n|t:|1771251613\n|move|p2a: BANDIT|Rapid Spin|p1a: Gliscor\n|-damage|p1a: Gliscor|50/100 tox\n|-boost|p2a: BANDIT|spe|1\n|move|p1a: Gliscor|Toxic|p2a: BANDIT\n|-status|p2a: BANDIT|tox\n|\n|-damage|p2a: BANDIT|94/100 tox|[from] psn\n|-heal|p1a: Gliscor|62/100 tox|[from] ability: Poison Heal\n|upkeep\n|turn|17\n|\n|t:|1771251616\n|move|p1a: Gliscor|Protect|p1a: Gliscor\n|-singleturn|p1a: Gliscor|Protect\n|move|p2a: BANDIT|Headlong Rush|p1a: Gliscor\n|-activate|p1a: Gliscor|move: Protect\n|\n|-damage|p2a: BANDIT|82/100 tox|[from] psn\n|-heal|p1a: Gliscor|75/100 tox|[from] ability: Poison Heal\n|upkeep\n|turn|18\n|\n|t:|1771251628\n|move|p2a: BANDIT|Close Combat|p1a: Gliscor\n|-damage|p1a: Gliscor|22/100 tox\n|-unboost|p2a: BANDIT|def|1\n|-unboost|p2a: BANDIT|spd|1\n|move|p1a: Gliscor|U-turn|p2a: BANDIT\n|-resisted|p2a: BANDIT\n|-damage|p2a: BANDIT|73/100 tox\n|\n|t:|1771251639\n|switch|p1a: Deoxys|Deoxys-Speed|100/100|[from] U-turn\n|-ability|p1a: Deoxys|Pressure\n|\n|-damage|p2a: BANDIT|54/100 tox|[from] psn\n|upkeep\n|turn|19\n|\n|t:|1771251642\n|move|p1a: Deoxys|Ice Beam|p2a: BANDIT\n|-supereffective|p2a: BANDIT\n|-damage|p2a: BANDIT|0 fnt\n|faint|p2a: BANDIT\n|-end|p2a: BANDIT|Protosynthesis|[silent]\n|\n|upkeep\n|\n|t:|1771251644\n|switch|p2a: BROTHER STONE|Ogerpon-Cornerstone, F|100/100\n|turn|20\n|\n|t:|1771251651\n|-terastallize|p2a: BROTHER STONE|Rock\n|detailschange|p2a: BROTHER STONE|Ogerpon-Cornerstone-Tera, F, tera:Rock\n|-ability|p2a: BROTHER STONE|Embody Aspect (Cornerstone)|boost\n|-boost|p2a: BROTHER STONE|def|1\n|move|p1a: Deoxys|Ice Beam|p2a: BROTHER STONE\n|-damage|p2a: BROTHER STONE|71/100\n|-status|p2a: BROTHER STONE|frz\n|cant|p2a: BROTHER STONE|frz\n|\n|upkeep\n|turn|21\n|-message|soboredqwa forfeited.\n|\n|win|ylilith\n|raw|ylilith's rating: 1668 &rarr; <strong>1682</strong><br />(+14 for winning)\n|raw|soboredqwa's rating: 1563 &rarr; <strong>1549</strong><br />(-14 for losing)\n|l|☆soboredqwa\n|player|p2|\n|c|☆ylilith|sorry\n|l|☆ylilith\n|player|p1|\n", "uploadtime": 1771251890, "views": 5, "formatid": "gen9ou", "rating": 1549, "private": 0, "password": null}