{"id": "gen9ou-2647744011", "format": "[Gen 9] OU", "players": ["theboss7777777", "DekuFoulerLab"], "log": "|j|☆theboss7777777\n|j|☆DekuFoulerLab\n|t:|1783805210\n|gametype|singles\n|player|p1|theboss7777777|266|1291\n|player|p2|DekuFoulerLab|169|1333\n|gen|9\n|tier|[Gen 9] OU\n|rated|\n|rule|HP Percentage Mod: HP is shown in percentages\n|rule|Endless Battle Clause: Forcing endless battles is banned\n|rule|Species Clause: Limit one of each Pokémon\n|rule|OHKO Clause: OHKO moves are banned\n|rule|Evasion Items Clause: Evasion items are banned\n|rule|Evasion Moves Clause: Evasion moves are banned\n|rule|Evasion Abilities Clause: Evasion abilities are banned\n|rule|Sleep Moves Clause: Sleep-inducing moves are banned\n|clearpoke\n|poke|p1|Gliscor, M|\n|poke|p1|Gholdengo|\n|poke|p1|Primarina, F|\n|poke|p1|Great Tusk|\n|poke|p1|Moltres|\n|poke|p1|Slowking-Galar, F|\n|poke|p2|Dondozo, F|\n|poke|p2|Clodsire, F|\n|poke|p2|Corviknight, F|\n|poke|p2|Slowking-Galar, M|\n|poke|p2|Gholdengo|\n|poke|p2|Garganacl, M|\n|teampreview\n|inactive|Battle timer is ON: inactive players will automatically lose when time's up. (requested by DekuFoulerLab)\n|\n|t:|1783805226\n|teamsize|p1|6\n|teamsize|p2|6\n|start\n|switch|p1a: Frosty the Slowman|Slowking-Galar, F|100/100\n|switch|p2a: Clodsire|Clodsire, F|100/100\n|turn|1\n|\n|t:|1783805231\n|switch|p2a: Garganacl|Garganacl, M|100/100\n|move|p1a: Frosty the Slowman|Future Sight|p2a: Garganacl\n|-start|p1a: Frosty the Slowman|move: Future Sight\n|\n|upkeep\n|turn|2\n|\n|t:|1783805243\n|switch|p1a: Donny Darko|Great Tusk, shiny|100/100\n|move|p2a: Garganacl|Salt Cure|p1a: Donny Darko\n|-resisted|p1a: Donny Darko\n|-damage|p1a: Donny Darko|99/100\n|-start|p1a: Donny Darko|Salt Cure\n|\n|-heal|p1a: Donny Darko|100/100|[from] item: Leftovers\n|-damage|p1a: Donny Darko|88/100|[from] Salt Cure\n|upkeep\n|turn|3\n|\n|t:|1783805253\n|switch|p2a: Corviknight|Corviknight, F|100/100\n|-ability|p2a: Corviknight|Pressure\n|move|p1a: Donny Darko|Bulk Up|p1a: Donny Darko\n|-boost|p1a: Donny Darko|atk|1\n|-boost|p1a: Donny Darko|def|1\n|\n|-end|p2a: Corviknight|move: Future Sight\n|-resisted|p2a: Corviknight\n|-damage|p2a: Corviknight|80/100\n|-heal|p1a: Donny Darko|94/100|[from] item: Leftovers\n|-damage|p1a: Donny Darko|82/100|[from] Salt Cure\n|upkeep\n|turn|4\n|\n|t:|1783805265\n|move|p1a: Donny Darko|Bulk Up|p1a: Donny Darko\n|-boost|p1a: Donny Darko|atk|1\n|-boost|p1a: Donny Darko|def|1\n|move|p2a: Corviknight|Roost|p2a: Corviknight\n|-heal|p2a: Corviknight|100/100\n|-singleturn|p2a: Corviknight|move: Roost\n|\n|-heal|p1a: Donny Darko|88/100|[from] item: Leftovers\n|-damage|p1a: Donny Darko|76/100|[from] Salt Cure\n|upkeep\n|turn|5\n|\n|t:|1783805275\n|move|p1a: Donny Darko|Bulk Up|p1a: Donny Darko\n|-boost|p1a: Donny Darko|atk|1\n|-boost|p1a: Donny Darko|def|1\n|move|p2a: Corviknight|Brave Bird|p1a: Donny Darko\n|-supereffective|p1a: Donny Darko\n|-damage|p1a: Donny Darko|60/100\n|-damage|p2a: Corviknight|95/100|[from] Recoil\n|\n|-heal|p1a: Donny Darko|67/100|[from] item: Leftovers\n|-damage|p1a: Donny Darko|54/100|[from] Salt Cure\n|upkeep\n|turn|6\n|\n|t:|1783805286\n|switch|p2a: Dondozo|Dondozo, F|100/100\n|move|p1a: Donny Darko|Close Combat|p2a: Dondozo\n|-damage|p2a: Dondozo|76/100\n|-unboost|p1a: Donny Darko|def|1\n|-unboost|p1a: Donny Darko|spd|1\n|\n|-heal|p1a: Donny Darko|60/100|[from] item: Leftovers\n|-damage|p1a: Donny Darko|48/100|[from] Salt Cure\n|upkeep\n|turn|7\n|\n|t:|1783805307\n|-end|p1a: Donny Darko|Protosynthesis|[silent]\n|switch|p1a: Legally Blonde|Primarina, F, shiny|100/100\n|move|p2a: Dondozo|Wave Crash|p1a: Legally Blonde\n|-resisted|p1a: Legally Blonde\n|-damage|p1a: Legally Blonde|77/100\n|-damage|p2a: Dondozo|71/100|[from] Recoil\n|\n|-heal|p1a: Legally Blonde|83/100|[from] item: Leftovers\n|upkeep\n|turn|8\n|\n|t:|1783805323\n|switch|p2a: Clodsire|Clodsire, F|100/100\n|move|p1a: Legally Blonde|Moonblast|p2a: Clodsire\n|-resisted|p2a: Clodsire\n|-damage|p2a: Clodsire|90/100\n|\n|-heal|p1a: Legally Blonde|89/100|[from] item: Leftovers\n|upkeep\n|turn|9\n|\n|t:|1783805332\n|switch|p1a: Frosty the Slowman|Slowking-Galar, F|100/100\n|move|p2a: Clodsire|Stealth Rock|p1a: Frosty the Slowman\n|-sidestart|p1: theboss7777777|move: Stealth Rock\n|\n|upkeep\n|turn|10\n|\n|t:|1783805343\n|switch|p2a: Gholdengo|Gholdengo|100/100\n|move|p1a: Frosty the Slowman|Future Sight|p2a: Gholdengo\n|-start|p1a: Frosty the Slowman|move: Future Sight\n|\n|upkeep\n|turn|11\n|\n|t:|1783805352\n|move|p2a: Gholdengo|Nasty Plot|p2a: Gholdengo\n|-boost|p2a: Gholdengo|spa|2\n|move|p1a: Frosty the Slowman|Flamethrower|p2a: Gholdengo\n|-supereffective|p2a: Gholdengo\n|-damage|p2a: Gholdengo|53/100\n|\n|upkeep\n|turn|12\n|\n|t:|1783805363\n|move|p2a: Gholdengo|Shadow Ball|p1a: Frosty the Slowman\n|-supereffective|p1a: Frosty the Slowman\n|-damage|p1a: Frosty the Slowman|18/100\n|move|p1a: Frosty the Slowman|Flamethrower|p2a: Gholdengo\n|-supereffective|p2a: Gholdengo\n|-damage|p2a: Gholdengo|13/100\n|\n|-end|p2a: Gholdengo|move: Future Sight\n|-resisted|p2a: Gholdengo\n|-damage|p2a: Gholdengo|0 fnt\n|faint|p2a: Gholdengo\n|upkeep\n|\n|t:|1783805376\n|switch|p2a: Dondozo|Dondozo, F|71/100\n|turn|13\n|\n|t:|1783805383\n|switch|p1a: Legally Blonde|Primarina, F, shiny|89/100\n|-damage|p1a: Legally Blonde|77/100|[from] Stealth Rock\n|move|p2a: Dondozo|Wave Crash|p1a: Legally Blonde\n|-resisted|p1a: Legally Blonde\n|-damage|p1a: Legally Blonde|54/100\n|-damage|p2a: Dondozo|65/100|[from] Recoil\n|\n|-heal|p1a: Legally Blonde|60/100|[from] item: Leftovers\n|upkeep\n|turn|14\n|\n|t:|1783805393\n|switch|p2a: Slowking|Slowking-Galar, M|100/100\n|move|p1a: Legally Blonde|Psychic Noise|p2a: Slowking\n|-damage|p2a: Slowking|87/100\n|-start|p2a: Slowking|move: Heal Block\n|\n|-heal|p1a: Legally Blonde|66/100|[from] item: Leftovers\n|upkeep\n|turn|15\n|\n|t:|1783805405\n|move|p1a: Legally Blonde|Protect|p1a: Legally Blonde\n|-singleturn|p1a: Legally Blonde|Protect\n|move|p2a: Slowking|Sludge Bomb|p1a: Legally Blonde\n|-activate|p1a: Legally Blonde|move: Protect\n|\n|-heal|p1a: Legally Blonde|72/100|[from] item: Leftovers\n|-end|p2a: Slowking|move: Heal Block\n|upkeep\n|turn|16\n|\n|t:|1783805413\n|switch|p1a: Apple Jack|Gholdengo|100/100\n|-damage|p1a: Apple Jack|94/100|[from] Stealth Rock\n|move|p2a: Slowking|Sludge Bomb|p1a: Apple Jack\n|-immune|p1a: Apple Jack\n|\n|upkeep\n|turn|17\n|\n|t:|1783805424\n|switch|p2a: Clodsire|Clodsire, F|90/100\n|move|p1a: Apple Jack|Trick|p2a: Clodsire\n|-activate|p1a: Apple Jack|move: Trick|[of] p2a: Clodsire\n|-item|p2a: Clodsire|Choice Scarf|[from] move: Trick\n|-item|p1a: Apple Jack|Heavy-Duty Boots|[from] move: Trick\n|\n|upkeep\n|turn|18\n|\n|t:|1783805436\n|switch|p1a: Batman|Gliscor, M, shiny|100/100\n|-damage|p1a: Batman|88/100|[from] Stealth Rock\n|move|p2a: Clodsire|Earthquake|p1a: Batman\n|-immune|p1a: Batman\n|\n|-status|p1a: Batman|tox|[from] item: Toxic Orb\n|upkeep\n|turn|19\n|\n|t:|1783805447\n|switch|p2a: Slowking|Slowking-Galar, M|100/100\n|move|p1a: Batman|Swords Dance|p1a: Batman\n|-boost|p1a: Batman|atk|2\n|\n|-heal|p1a: Batman|100/100 tox|[from] ability: Poison Heal\n|upkeep\n|turn|20\n|\n|t:|1783805456\n|switch|p2a: Dondozo|Dondozo, F|65/100\n|move|p1a: Batman|Earthquake|p2a: Dondozo\n|-damage|p2a: Dondozo|46/100\n|\n|upkeep\n|turn|21\n|\n|t:|1783805466\n|-terastallize|p1a: Batman|Normal\n|move|p1a: Batman|Facade|p2a: Dondozo\n|-damage|p2a: Dondozo|21/100\n|move|p2a: Dondozo|Curse|p2a: Dondozo\n|-unboost|p2a: Dondozo|spe|1\n|-boost|p2a: Dondozo|atk|1\n|-boost|p2a: Dondozo|def|1\n|\n|upkeep\n|turn|22\n|\n|t:|1783805478\n|move|p1a: Batman|Swords Dance|p1a: Batman\n|-boost|p1a: Batman|atk|2\n|move|p2a: Dondozo|Rest|p2a: Dondozo\n|-status|p2a: Dondozo|slp|[from] move: Rest\n|-heal|p2a: Dondozo|100/100 slp|[silent]\n|\n|upkeep\n|turn|23\n|\n|t:|1783805484\n|move|p1a: Batman|Swords Dance|p1a: Batman\n|-boost|p1a: Batman|atk|2\n|cant|p2a: Dondozo|slp\n|\n|upkeep\n|turn|24\n|\n|t:|1783805490\n|move|p1a: Batman|Facade|p2a: Dondozo\n|-damage|p2a: Dondozo|84/100 slp\n|cant|p2a: Dondozo|slp\n|\n|upkeep\n|turn|25\n|\n|t:|1783805499\n|move|p1a: Batman|Facade|p2a: Dondozo\n|-damage|p2a: Dondozo|65/100 slp\n|-curestatus|p2a: Dondozo|slp|[msg]\n|move|p2a: Dondozo|Body Press|p1a: Batman\n|-supereffective|p1a: Batman\n|-damage|p1a: Batman|20/100 tox\n|\n|-heal|p1a: Batman|33/100 tox|[from] ability: Poison Heal\n|upkeep\n|turn|26\n|\n|t:|1783805510\n|switch|p1a: Apple Jack|Gholdengo|94/100\n|move|p2a: Dondozo|Wave Crash|p1a: Apple Jack\n|-damage|p1a: Apple Jack|24/100\n|-damage|p2a: Dondozo|50/100|[from] Recoil\n|\n|upkeep\n|turn|27\n|\n|t:|1783805519\n|move|p1a: Apple Jack|Thunderbolt|p2a: Dondozo\n|-supereffective|p2a: Dondozo\n|-damage|p2a: Dondozo|0 fnt\n|faint|p2a: Dondozo\n|\n|upkeep\n|\n|t:|1783805526\n|switch|p2a: Slowking|Slowking-Galar, M|100/100\n|turn|28\n|\n|t:|1783805541\n|move|p1a: Apple Jack|Shadow Ball|p2a: Slowking\n|-supereffective|p2a: Slowking\n|-damage|p2a: Slowking|51/100\n|move|p2a: Slowking|Ice Beam|p1a: Apple Jack\n|-resisted|p1a: Apple Jack\n|-damage|p1a: Apple Jack|12/100\n|\n|upkeep\n|turn|29\n|\n|t:|1783805555\n|switch|p1a: Pollo Caliente|Moltres, shiny|100/100\n|switch|p2a: Clodsire|Clodsire, F|90/100\n|\n|upkeep\n|turn|30\n|\n|t:|1783805562\n|move|p1a: Pollo Caliente|Will-O-Wisp|p2a: Clodsire\n|-status|p2a: Clodsire|brn\n|move|p2a: Clodsire|Earthquake|p1a: Pollo Caliente\n|-immune|p1a: Pollo Caliente\n|\n|-damage|p2a: Clodsire|84/100 brn|[from] brn\n|upkeep\n|turn|31\n|\n|t:|1783805571\n|switch|p2a: Slowking|Slowking-Galar, M|85/100\n|move|p1a: Pollo Caliente|Flamethrower|p2a: Slowking\n|-damage|p2a: Slowking|62/100\n|\n|upkeep\n|turn|32\n|\n|t:|1783805583\n|move|p1a: Pollo Caliente|Will-O-Wisp|p2a: Slowking|[miss]\n|-miss|p1a: Pollo Caliente|p2a: Slowking\n|move|p2a: Slowking|Ice Beam|p1a: Pollo Caliente\n|-damage|p1a: Pollo Caliente|77/100\n|\n|upkeep\n|turn|33\n|\n|t:|1783805590\n|move|p1a: Pollo Caliente|Will-O-Wisp|p2a: Slowking\n|-status|p2a: Slowking|brn\n|move|p2a: Slowking|Ice Beam|p1a: Pollo Caliente\n|-damage|p1a: Pollo Caliente|54/100\n|\n|-damage|p2a: Slowking|56/100 brn|[from] brn\n|upkeep\n|turn|34\n|\n|t:|1783805597\n|move|p1a: Pollo Caliente|Roost|p1a: Pollo Caliente\n|-heal|p1a: Pollo Caliente|100/100\n|-singleturn|p1a: Pollo Caliente|move: Roost\n|move|p2a: Slowking|Sludge Bomb|p1a: Pollo Caliente\n|-damage|p1a: Pollo Caliente|67/100\n|\n|-damage|p2a: Slowking|49/100 brn|[from] brn\n|upkeep\n|turn|35\n|\n|t:|1783805607\n|switch|p2a: Garganacl|Garganacl, M|100/100\n|move|p1a: Pollo Caliente|Flamethrower|p2a: Garganacl\n|-resisted|p2a: Garganacl\n|-damage|p2a: Garganacl|84/100\n|\n|-heal|p2a: Garganacl|90/100|[from] item: Leftovers\n|upkeep\n|turn|36\n|\n|t:|1783805622\n|switch|p1a: Donny Darko|Great Tusk, shiny|48/100\n|-damage|p1a: Donny Darko|45/100|[from] Stealth Rock\n|move|p2a: Garganacl|Salt Cure|p1a: Donny Darko\n|-resisted|p1a: Donny Darko\n|-damage|p1a: Donny Darko|43/100\n|-start|p1a: Donny Darko|Salt Cure\n|\n|-heal|p1a: Donny Darko|49/100|[from] item: Leftovers\n|-heal|p2a: Garganacl|96/100|[from] item: Leftovers\n|-damage|p1a: Donny Darko|37/100|[from] Salt Cure\n|upkeep\n|turn|37\n|\n|t:|1783805635\n|move|p1a: Donny Darko|Close Combat|p2a: Garganacl\n|-supereffective|p2a: Garganacl\n|-damage|p2a: Garganacl|44/100\n|-unboost|p1a: Donny Darko|def|1\n|-unboost|p1a: Donny Darko|spd|1\n|move|p2a: Garganacl|Curse|p2a: Garganacl\n|-unboost|p2a: Garganacl|spe|1\n|-boost|p2a: Garganacl|atk|1\n|-boost|p2a: Garganacl|def|1\n|\n|-heal|p1a: Donny Darko|43/100|[from] item: Leftovers\n|-heal|p2a: Garganacl|50/100|[from] item: Leftovers\n|-damage|p1a: Donny Darko|31/100|[from] Salt Cure\n|upkeep\n|turn|38\n|\n|t:|1783805647\n|-end|p1a: Donny Darko|Protosynthesis|[silent]\n|switch|p1a: Legally Blonde|Primarina, F, shiny|72/100\n|-damage|p1a: Legally Blonde|60/100|[from] Stealth Rock\n|move|p2a: Garganacl|Recover|p2a: Garganacl\n|-heal|p2a: Garganacl|99/100\n|\n|-heal|p1a: Legally Blonde|66/100|[from] item: Leftovers\n|-heal|p2a: Garganacl|100/100|[from] item: Leftovers\n|upkeep\n|turn|39\n|\n|t:|1783805655\n|move|p1a: Legally Blonde|Surf|p2a: Garganacl\n|-supereffective|p2a: Garganacl\n|-damage|p2a: Garganacl|32/100\n|move|p2a: Garganacl|Salt Cure|p1a: Legally Blonde\n|-damage|p1a: Legally Blonde|40/100\n|-start|p1a: Legally Blonde|Salt Cure\n|\n|-heal|p1a: Legally Blonde|46/100|[from] item: Leftovers\n|-heal|p2a: Garganacl|38/100|[from] item: Leftovers\n|-damage|p1a: Legally Blonde|21/100|[from] Salt Cure\n|upkeep\n|turn|40\n|\n|t:|1783805664\n|move|p2a: Garganacl|Protect|p2a: Garganacl\n|-singleturn|p2a: Garganacl|Protect\n|move|p1a: Legally Blonde|Surf|p2a: Garganacl\n|-activate|p2a: Garganacl|move: Protect\n|\n|-heal|p1a: Legally Blonde|27/100|[from] item: Leftovers\n|-heal|p2a: Garganacl|45/100|[from] item: Leftovers\n|-damage|p1a: Legally Blonde|2/100|[from] Salt Cure\n|upkeep\n|turn|41\n|\n|t:|1783805672\n|switch|p2a: Clodsire|Clodsire, F|84/100 brn\n|move|p1a: Legally Blonde|Surf|p2a: Clodsire\n|-heal|p2a: Clodsire|100/100 brn|[from] ability: Water Absorb|[of] p1a: Legally Blonde\n|\n|-heal|p1a: Legally Blonde|8/100|[from] item: Leftovers\n|-damage|p2a: Clodsire|94/100 brn|[from] brn\n|-damage|p1a: Legally Blonde|0 fnt|[from] Salt Cure\n|faint|p1a: Legally Blonde\n|upkeep\n|\n|t:|1783805688\n|switch|p1a: Frosty the Slowman|Slowking-Galar, F|52/100\n|turn|42\n|\n|t:|1783805694\n|switch|p2a: Garganacl|Garganacl, M|45/100\n|switch|p1a: Pollo Caliente|Moltres, shiny|67/100\n|\n|-heal|p2a: Garganacl|51/100|[from] item: Leftovers\n|upkeep\n|turn|43\n|\n|t:|1783805703\n|move|p1a: Pollo Caliente|Flamethrower|p2a: Garganacl\n|-resisted|p2a: Garganacl\n|-damage|p2a: Garganacl|34/100\n|move|p2a: Garganacl|Salt Cure|p1a: Pollo Caliente\n|-supereffective|p1a: Pollo Caliente\n|-damage|p1a: Pollo Caliente|23/100\n|-start|p1a: Pollo Caliente|Salt Cure\n|\n|-heal|p2a: Garganacl|40/100|[from] item: Leftovers\n|-damage|p1a: Pollo Caliente|11/100|[from] Salt Cure\n|upkeep\n|turn|44\n|\n|t:|1783805715\n|switch|p1a: Frosty the Slowman|Slowking-Galar, F|85/100\n|move|p2a: Garganacl|Recover|p2a: Garganacl\n|-heal|p2a: Garganacl|90/100\n|\n|-heal|p2a: Garganacl|96/100|[from] item: Leftovers\n|upkeep\n|turn|45\n|\n|t:|1783805723\n|move|p2a: Garganacl|Salt Cure|p1a: Frosty the Slowman\n|-damage|p1a: Frosty the Slowman|72/100\n|-start|p1a: Frosty the Slowman|Salt Cure\n|move|p1a: Frosty the Slowman|Future Sight|p2a: Garganacl\n|-start|p1a: Frosty the Slowman|move: Future Sight\n|\n|-heal|p2a: Garganacl|100/100|[from] item: Leftovers\n|-damage|p1a: Frosty the Slowman|59/100|[from] Salt Cure\n|upkeep\n|turn|46\n|\n|t:|1783805732\n|move|p2a: Garganacl|Salt Cure|p1a: Frosty the Slowman\n|-damage|p1a: Frosty the Slowman|45/100\n|move|p1a: Frosty the Slowman|Slack Off|p1a: Frosty the Slowman\n|-heal|p1a: Frosty the Slowman|95/100\n|\n|-damage|p1a: Frosty the Slowman|83/100|[from] Salt Cure\n|upkeep\n|turn|47\n|\n|t:|1783805739\n|move|p2a: Garganacl|Salt Cure|p1a: Frosty the Slowman\n|-damage|p1a: Frosty the Slowman|69/100\n|move|p1a: Frosty the Slowman|Flamethrower|p2a: Garganacl\n|-resisted|p2a: Garganacl\n|-damage|p2a: Garganacl|92/100\n|\n|-end|p2a: Garganacl|move: Future Sight\n|-damage|p2a: Garganacl|54/100\n|-heal|p2a: Garganacl|61/100|[from] item: Leftovers\n|-damage|p1a: Frosty the Slowman|56/100|[from] Salt Cure\n|upkeep\n|turn|48\n|\n|t:|1783805749\n|move|p2a: Garganacl|Recover|p2a: Garganacl\n|-heal|p2a: Garganacl|100/100\n|move|p1a: Frosty the Slowman|Slack Off|p1a: Frosty the Slowman\n|-heal|p1a: Frosty the Slowman|100/100\n|\n|-damage|p1a: Frosty the Slowman|88/100|[from] Salt Cure\n|upkeep\n|turn|49\n|\n|t:|1783805756\n|move|p2a: Garganacl|Salt Cure|p1a: Frosty the Slowman\n|-damage|p1a: Frosty the Slowman|74/100\n|move|p1a: Frosty the Slowman|Future Sight|p2a: Garganacl\n|-start|p1a: Frosty the Slowman|move: Future Sight\n|\n|-damage|p1a: Frosty the Slowman|61/100|[from] Salt Cure\n|upkeep\n|turn|50\n|\n|t:|1783805763\n|move|p2a: Garganacl|Salt Cure|p1a: Frosty the Slowman\n|-damage|p1a: Frosty the Slowman|47/100\n|move|p1a: Frosty the Slowman|Flamethrower|p2a: Garganacl\n|-resisted|p2a: Garganacl\n|-damage|p2a: Garganacl|92/100\n|\n|-heal|p2a: Garganacl|98/100|[from] item: Leftovers\n|-damage|p1a: Frosty the Slowman|34/100|[from] Salt Cure\n|upkeep\n|turn|51\n|\n|t:|1783805773\n|move|p2a: Garganacl|Salt Cure|p1a: Frosty the Slowman\n|-damage|p1a: Frosty the Slowman|20/100\n|move|p1a: Frosty the Slowman|Slack Off|p1a: Frosty the Slowman\n|-heal|p1a: Frosty the Slowman|70/100\n|\n|-end|p2a: Garganacl|move: Future Sight\n|-damage|p2a: Garganacl|63/100\n|-heal|p2a: Garganacl|69/100|[from] item: Leftovers\n|-damage|p1a: Frosty the Slowman|57/100|[from] Salt Cure\n|upkeep\n|turn|52\n|\n|t:|1783805783\n|move|p2a: Garganacl|Salt Cure|p1a: Frosty the Slowman\n|-damage|p1a: Frosty the Slowman|43/100\n|move|p1a: Frosty the Slowman|Flamethrower|p2a: Garganacl\n|-resisted|p2a: Garganacl\n|-damage|p2a: Garganacl|59/100\n|\n|-heal|p2a: Garganacl|66/100|[from] item: Leftovers\n|-damage|p1a: Frosty the Slowman|31/100|[from] Salt Cure\n|upkeep\n|turn|53\n|\n|t:|1783805791\n|move|p2a: Garganacl|Salt Cure|p1a: Frosty the Slowman\n|-crit|p1a: Frosty the Slowman\n|-damage|p1a: Frosty the Slowman|12/100\n|move|p1a: Frosty the Slowman|Slack Off|p1a: Frosty the Slowman\n|-heal|p1a: Frosty the Slowman|62/100\n|\n|-heal|p2a: Garganacl|72/100|[from] item: Leftovers\n|-damage|p1a: Frosty the Slowman|49/100|[from] Salt Cure\n|upkeep\n|turn|54\n|\n|t:|1783805800\n|move|p2a: Garganacl|Salt Cure|p1a: Frosty the Slowman\n|-damage|p1a: Frosty the Slowman|35/100\n|move|p1a: Frosty the Slowman|Flamethrower|p2a: Garganacl\n|-resisted|p2a: Garganacl\n|-damage|p2a: Garganacl|63/100\n|\n|-heal|p2a: Garganacl|69/100|[from] item: Leftovers\n|-damage|p1a: Frosty the Slowman|22/100|[from] Salt Cure\n|upkeep\n|turn|55\n|\n|t:|1783805809\n|move|p2a: Garganacl|Salt Cure|p1a: Frosty the Slowman\n|-damage|p1a: Frosty the Slowman|9/100\n|move|p1a: Frosty the Slowman|Slack Off|p1a: Frosty the Slowman\n|-heal|p1a: Frosty the Slowman|59/100\n|\n|-heal|p2a: Garganacl|75/100|[from] item: Leftovers\n|-damage|p1a: Frosty the Slowman|46/100|[from] Salt Cure\n|upkeep\n|turn|56\n|\n|t:|1783805819\n|move|p2a: Garganacl|Salt Cure|p1a: Frosty the Slowman\n|-damage|p1a: Frosty the Slowman|32/100\n|-prepare|p1a: Frosty the Slowman|Chilly Reception|[premajor]\n|move|p1a: Frosty the Slowman|Chilly Reception|p1a: Frosty the Slowman\n|-weather|Snowscape\n|\n|t:|1783805831\n|switch|p1a: Apple Jack|Gholdengo|12/100|[from] Chilly Reception\n|\n|-weather|Snowscape|[upkeep]\n|-heal|p2a: Garganacl|81/100|[from] item: Leftovers\n|upkeep\n|turn|57\n|\n|t:|1783805837\n|move|p2a: Garganacl|Protect|p2a: Garganacl\n|-singleturn|p2a: Garganacl|Protect\n|move|p1a: Apple Jack|Make It Rain|p2a: Garganacl\n|-activate|p2a: Garganacl|move: Protect\n|\n|-weather|Snowscape|[upkeep]\n|-heal|p2a: Garganacl|88/100|[from] item: Leftovers\n|upkeep\n|turn|58\n|\n|t:|1783805846\n|switch|p2a: Corviknight|Corviknight, F|95/100\n|-ability|p2a: Corviknight|Pressure\n|move|p1a: Apple Jack|Thunderbolt|p2a: Corviknight\n|-supereffective|p2a: Corviknight\n|-damage|p2a: Corviknight|28/100\n|\n|-weather|Snowscape|[upkeep]\n|upkeep\n|turn|59\n|\n|t:|1783805854\n|switch|p2a: Clodsire|Clodsire, F|94/100 brn\n|move|p1a: Apple Jack|Thunderbolt|p2a: Clodsire\n|-immune|p2a: Clodsire\n|\n|-weather|Snowscape|[upkeep]\n|-damage|p2a: Clodsire|88/100 brn|[from] brn\n|upkeep\n|turn|60\n|\n|t:|1783805863\n|switch|p1a: Pollo Caliente|Moltres, shiny|11/100\n|move|p2a: Clodsire|Recover|p2a: Clodsire\n|-heal|p2a: Clodsire|100/100 brn\n|\n|-weather|none\n|-damage|p2a: Clodsire|94/100 brn|[from] brn\n|upkeep\n|turn|61\n|\n|t:|1783805871\n|switch|p2a: Garganacl|Garganacl, M|88/100\n|move|p1a: Pollo Caliente|Will-O-Wisp|p2a: Garganacl\n|-immune|p2a: Garganacl|[from] ability: Purifying Salt\n|\n|-heal|p2a: Garganacl|94/100|[from] item: Leftovers\n|upkeep\n|turn|62\n|\n|t:|1783805880\n|switch|p1a: Frosty the Slowman|Slowking-Galar, F|66/100\n|move|p2a: Garganacl|Salt Cure|p1a: Frosty the Slowman\n|-damage|p1a: Frosty the Slowman|50/100\n|-start|p1a: Frosty the Slowman|Salt Cure\n|\n|-heal|p2a: Garganacl|99/100|[from] item: Leftovers\n|-damage|p1a: Frosty the Slowman|38/100|[from] Salt Cure\n|upkeep\n|turn|63\n|\n|t:|1783805890\n|move|p2a: Garganacl|Salt Cure|p1a: Frosty the Slowman\n|-damage|p1a: Frosty the Slowman|23/100\n|-prepare|p1a: Frosty the Slowman|Chilly Reception|[premajor]\n|move|p1a: Frosty the Slowman|Chilly Reception|p1a: Frosty the Slowman\n|-weather|Snowscape\n|\n|t:|1783805895\n|switch|p1a: Apple Jack|Gholdengo|12/100|[from] Chilly Reception\n|\n|-weather|Snowscape|[upkeep]\n|-heal|p2a: Garganacl|100/100|[from] item: Leftovers\n|upkeep\n|turn|64\n|\n|t:|1783805907\n|move|p2a: Garganacl|Protect|p2a: Garganacl\n|-singleturn|p2a: Garganacl|Protect\n|move|p1a: Apple Jack|Shadow Ball|p2a: Garganacl\n|-activate|p2a: Garganacl|move: Protect\n|\n|-weather|Snowscape|[upkeep]\n|upkeep\n|turn|65\n|\n|t:|1783805914\n|switch|p2a: Clodsire|Clodsire, F|94/100 brn\n|move|p1a: Apple Jack|Make It Rain|p2a: Clodsire\n|-damage|p2a: Clodsire|61/100 brn\n|-unboost|p1a: Apple Jack|spa|1\n|\n|-weather|Snowscape|[upkeep]\n|-damage|p2a: Clodsire|55/100 brn|[from] brn\n|upkeep\n|turn|66\n|\n|t:|1783805923\n|switch|p1a: Pollo Caliente|Moltres, shiny|11/100\n|move|p2a: Clodsire|Recover|p2a: Clodsire\n|-heal|p2a: Clodsire|100/100 brn\n|\n|-weather|Snowscape|[upkeep]\n|-damage|p2a: Clodsire|94/100 brn|[from] brn\n|upkeep\n|turn|67\n|\n|t:|1783805930\n|switch|p2a: Garganacl|Garganacl, M|100/100\n|move|p1a: Pollo Caliente|Roost|p1a: Pollo Caliente\n|-heal|p1a: Pollo Caliente|61/100\n|-singleturn|p1a: Pollo Caliente|move: Roost\n|\n|-weather|none\n|upkeep\n|turn|68\n|\n|t:|1783805938\n|switch|p1a: Frosty the Slowman|Slowking-Galar, F|56/100\n|move|p2a: Garganacl|Salt Cure|p1a: Frosty the Slowman\n|-damage|p1a: Frosty the Slowman|43/100\n|-start|p1a: Frosty the Slowman|Salt Cure\n|\n|-damage|p1a: Frosty the Slowman|30/100|[from] Salt Cure\n|upkeep\n|turn|69\n|\n|t:|1783805945\n|move|p2a: Garganacl|Salt Cure|p1a: Frosty the Slowman\n|-damage|p1a: Frosty the Slowman|17/100\n|-prepare|p1a: Frosty the Slowman|Chilly Reception|[premajor]\n|move|p1a: Frosty the Slowman|Chilly Reception|p1a: Frosty the Slowman\n|-weather|Snowscape\n|\n|t:|1783805951\n|switch|p1a: Apple Jack|Gholdengo|12/100|[from] Chilly Reception\n|\n|-weather|Snowscape|[upkeep]\n|upkeep\n|turn|70\n|\n|t:|1783805957\n|move|p2a: Garganacl|Protect|p2a: Garganacl\n|-singleturn|p2a: Garganacl|Protect\n|move|p1a: Apple Jack|Shadow Ball|p2a: Garganacl\n|-activate|p2a: Garganacl|move: Protect\n|\n|-weather|Snowscape|[upkeep]\n|upkeep\n|turn|71\n|\n|t:|1783805965\n|switch|p2a: Clodsire|Clodsire, F|94/100 brn\n|move|p1a: Apple Jack|Shadow Ball|p2a: Clodsire\n|-damage|p2a: Clodsire|71/100 brn\n|\n|-weather|Snowscape|[upkeep]\n|-damage|p2a: Clodsire|65/100 brn|[from] brn\n|upkeep\n|turn|72\n|\n|t:|1783805974\n|move|p1a: Apple Jack|Shadow Ball|p2a: Clodsire\n|-damage|p2a: Clodsire|43/100 brn\n|move|p2a: Clodsire|Recover|p2a: Clodsire\n|-heal|p2a: Clodsire|93/100 brn\n|\n|-weather|Snowscape|[upkeep]\n|-damage|p2a: Clodsire|87/100 brn|[from] brn\n|upkeep\n|turn|73\n|\n|t:|1783805982\n|move|p1a: Apple Jack|Shadow Ball|p2a: Clodsire\n|-damage|p2a: Clodsire|64/100 brn\n|move|p2a: Clodsire|Recover|p2a: Clodsire\n|-heal|p2a: Clodsire|100/100 brn\n|\n|-weather|none\n|-damage|p2a: Clodsire|94/100 brn|[from] brn\n|upkeep\n|turn|74\n|\n|t:|1783805990\n|move|p1a: Apple Jack|Shadow Ball|p2a: Clodsire\n|-damage|p2a: Clodsire|73/100 brn\n|move|p2a: Clodsire|Recover|p2a: Clodsire\n|-heal|p2a: Clodsire|100/100 brn\n|\n|-damage|p2a: Clodsire|94/100 brn|[from] brn\n|upkeep\n|turn|75\n|\n|t:|1783805998\n|move|p1a: Apple Jack|Shadow Ball|p2a: Clodsire\n|-damage|p2a: Clodsire|74/100 brn\n|-unboost|p2a: Clodsire|spd|1\n|move|p2a: Clodsire|Recover|p2a: Clodsire\n|-heal|p2a: Clodsire|100/100 brn\n|\n|-damage|p2a: Clodsire|94/100 brn|[from] brn\n|upkeep\n|turn|76\n|\n|t:|1783806006\n|move|p1a: Apple Jack|Shadow Ball|p2a: Clodsire\n|-damage|p2a: Clodsire|59/100 brn\n|move|p2a: Clodsire|Recover|p2a: Clodsire\n|-heal|p2a: Clodsire|100/100 brn\n|\n|-damage|p2a: Clodsire|94/100 brn|[from] brn\n|upkeep\n|turn|77\n|\n|t:|1783806015\n|move|p1a: Apple Jack|Shadow Ball|p2a: Clodsire\n|-damage|p2a: Clodsire|58/100 brn\n|move|p2a: Clodsire|Recover|p2a: Clodsire\n|-heal|p2a: Clodsire|100/100 brn\n|\n|-damage|p2a: Clodsire|94/100 brn|[from] brn\n|upkeep\n|turn|78\n|\n|t:|1783806022\n|switch|p2a: Slowking|Slowking-Galar, M|83/100 brn\n|move|p1a: Apple Jack|Shadow Ball|p2a: Slowking\n|-supereffective|p2a: Slowking\n|-damage|p2a: Slowking|32/100 brn\n|\n|-damage|p2a: Slowking|26/100 brn|[from] brn\n|upkeep\n|turn|79\n|\n|t:|1783806030\n|switch|p2a: Clodsire|Clodsire, F|94/100 brn\n|move|p1a: Apple Jack|Shadow Ball|p2a: Clodsire\n|-damage|p2a: Clodsire|72/100 brn\n|-unboost|p2a: Clodsire|spd|1\n|\n|-damage|p2a: Clodsire|66/100 brn|[from] brn\n|upkeep\n|turn|80\n|\n|t:|1783806038\n|switch|p1a: Pollo Caliente|Moltres, shiny|61/100\n|switch|p2a: Slowking|Slowking-Galar, M|60/100 brn\n|\n|-damage|p2a: Slowking|54/100 brn|[from] brn\n|upkeep\n|turn|81\n|\n|t:|1783806045\n|move|p1a: Pollo Caliente|Roost|p1a: Pollo Caliente\n|-heal|p1a: Pollo Caliente|100/100\n|-singleturn|p1a: Pollo Caliente|move: Roost\n|move|p2a: Slowking|Sludge Bomb|p1a: Pollo Caliente\n|-damage|p1a: Pollo Caliente|68/100\n|\n|-damage|p2a: Slowking|47/100 brn|[from] brn\n|upkeep\n|turn|82\n|\n|t:|1783806057\n|switch|p1a: Apple Jack|Gholdengo|12/100\n|switch|p2a: Garganacl|Garganacl, M|100/100\n|\n|upkeep\n|turn|83\n|\n|t:|1783806064\n|move|p2a: Garganacl|Protect|p2a: Garganacl\n|-singleturn|p2a: Garganacl|Protect\n|move|p1a: Apple Jack|Make It Rain|p2a: Garganacl\n|-activate|p2a: Garganacl|move: Protect\n|\n|upkeep\n|turn|84\n|\n|t:|1783806071\n|switch|p2a: Clodsire|Clodsire, F|66/100 brn\n|move|p1a: Apple Jack|Make It Rain|p2a: Clodsire\n|-damage|p2a: Clodsire|32/100 brn\n|-unboost|p1a: Apple Jack|spa|1\n|\n|-damage|p2a: Clodsire|25/100 brn|[from] brn\n|upkeep\n|turn|85\n|\n|t:|1783806080\n|switch|p1a: Pollo Caliente|Moltres, shiny|68/100\n|switch|p2a: Corviknight|Corviknight, F|28/100\n|-ability|p2a: Corviknight|Pressure\n|\n|upkeep\n|turn|86\n|\n|t:|1783806088\n|switch|p2a: Garganacl|Garganacl, M|100/100\n|move|p1a: Pollo Caliente|Flamethrower|p2a: Garganacl\n|-resisted|p2a: Garganacl\n|-damage|p2a: Garganacl|85/100\n|\n|-heal|p2a: Garganacl|91/100|[from] item: Leftovers\n|upkeep\n|turn|87\n|\n|t:|1783806097\n|switch|p1a: Frosty the Slowman|Slowking-Galar, F|50/100\n|move|p2a: Garganacl|Salt Cure|p1a: Frosty the Slowman\n|-damage|p1a: Frosty the Slowman|36/100\n|-start|p1a: Frosty the Slowman|Salt Cure\n|\n|-heal|p2a: Garganacl|97/100|[from] item: Leftovers\n|-damage|p1a: Frosty the Slowman|24/100|[from] Salt Cure\n|upkeep\n|turn|88\n|\n|t:|1783806105\n|move|p2a: Garganacl|Salt Cure|p1a: Frosty the Slowman\n|-damage|p1a: Frosty the Slowman|9/100\n|move|p1a: Frosty the Slowman|Slack Off|p1a: Frosty the Slowman\n|-heal|p1a: Frosty the Slowman|59/100\n|\n|-heal|p2a: Garganacl|100/100|[from] item: Leftovers\n|-damage|p1a: Frosty the Slowman|46/100|[from] Salt Cure\n|upkeep\n|turn|89\n|\n|t:|1783806114\n|move|p2a: Garganacl|Salt Cure|p1a: Frosty the Slowman\n|-damage|p1a: Frosty the Slowman|32/100\n|-prepare|p1a: Frosty the Slowman|Chilly Reception|[premajor]\n|move|p1a: Frosty the Slowman|Chilly Reception|p1a: Frosty the Slowman\n|-weather|Snowscape\n|\n|t:|1783806122\n|switch|p1a: Apple Jack|Gholdengo|12/100|[from] Chilly Reception\n|\n|-weather|Snowscape|[upkeep]\n|upkeep\n|turn|90\n|\n|t:|1783806129\n|move|p2a: Garganacl|Protect|p2a: Garganacl\n|-singleturn|p2a: Garganacl|Protect\n|move|p1a: Apple Jack|Make It Rain|p2a: Garganacl\n|-activate|p2a: Garganacl|move: Protect\n|\n|-weather|Snowscape|[upkeep]\n|upkeep\n|turn|91\n|\n|t:|1783806136\n|switch|p2a: Slowking|Slowking-Galar, M|81/100 brn\n|move|p1a: Apple Jack|Shadow Ball|p2a: Slowking\n|-supereffective|p2a: Slowking\n|-damage|p2a: Slowking|32/100 brn\n|\n|-weather|Snowscape|[upkeep]\n|-damage|p2a: Slowking|26/100 brn|[from] brn\n|upkeep\n|turn|92\n|\n|t:|1783806144\n|switch|p2a: Clodsire|Clodsire, F|25/100 brn\n|move|p1a: Apple Jack|Shadow Ball|p2a: Clodsire\n|-damage|p2a: Clodsire|1/100 brn\n|-unboost|p2a: Clodsire|spd|1\n|\n|-weather|Snowscape|[upkeep]\n|-damage|p2a: Clodsire|0 fnt|[from] brn\n|faint|p2a: Clodsire\n|upkeep\n|\n|t:|1783806153\n|switch|p2a: Slowking|Slowking-Galar, M|59/100 brn\n|turn|93\n|\n|t:|1783806159\n|switch|p2a: Corviknight|Corviknight, F|28/100\n|-ability|p2a: Corviknight|Pressure\n|move|p1a: Apple Jack|Shadow Ball|p2a: Corviknight\n|-damage|p2a: Corviknight|0 fnt\n|faint|p2a: Corviknight\n|\n|-weather|none\n|upkeep\n|\n|t:|1783806166\n|switch|p2a: Slowking|Slowking-Galar, M|92/100 brn\n|turn|94\n|\n|t:|1783806174\n|switch|p2a: Garganacl|Garganacl, M|100/100\n|move|p1a: Apple Jack|Shadow Ball|p2a: Garganacl\n|-damage|p2a: Garganacl|84/100\n|\n|-heal|p2a: Garganacl|90/100|[from] item: Leftovers\n|upkeep\n|turn|95\n|\n|t:|1783806181\n|switch|p2a: Slowking|Slowking-Galar, M|100/100 brn\n|move|p1a: Apple Jack|Shadow Ball|p2a: Slowking\n|-supereffective|p2a: Slowking\n|-damage|p2a: Slowking|47/100 brn\n|\n|-damage|p2a: Slowking|41/100 brn|[from] brn\n|upkeep\n|turn|96\n|\n|t:|1783806205\n|switch|p2a: Garganacl|Garganacl, M|90/100\n|move|p1a: Apple Jack|Make It Rain|p2a: Garganacl\n|-supereffective|p2a: Garganacl\n|-damage|p2a: Garganacl|0 fnt\n|-unboost|p1a: Apple Jack|spa|1\n|faint|p2a: Garganacl\n|\n|upkeep\n|\n|t:|1783806214\n|switch|p2a: Slowking|Slowking-Galar, M|74/100 brn\n|turn|97\n|\n|t:|1783806221\n|move|p1a: Apple Jack|Shadow Ball|p2a: Slowking\n|-supereffective|p2a: Slowking\n|-damage|p2a: Slowking|40/100 brn\n|move|p2a: Slowking|Ice Beam|p1a: Apple Jack\n|-resisted|p1a: Apple Jack\n|-damage|p1a: Apple Jack|0 fnt\n|faint|p1a: Apple Jack\n|\n|-damage|p2a: Slowking|34/100 brn|[from] brn\n|upkeep\n|\n|t:|1783806230\n|switch|p1a: Batman|Gliscor, M, shiny, tera:Normal|33/100 tox\n|-damage|p1a: Batman|20/100 tox|[from] Stealth Rock\n|turn|98\n|\n|t:|1783806236\n|move|p1a: Batman|Facade|p2a: Slowking\n|-damage|p2a: Slowking|0 fnt\n|faint|p2a: Slowking\n|\n|win|theboss7777777\n|raw|theboss7777777's rating: 1291 &rarr; <strong>1319</strong><br />(+28 for winning)\n|raw|DekuFoulerLab's rating: 1333 &rarr; <strong>1311</strong><br />(-22 for losing)\n", "uploadtime": 1783806237, "views": 9, "formatid": "gen9ou", "rating": 1311, "private": 0, "password": null}