{"id": "gen9ou-2639296026", "format": "[Gen 9] OU", "players": ["thepeakmons", "ne0nn"], "log": "|j|☆thepeakmons\n|j|☆ne0nn\n|t:|1782447860\n|gametype|singles\n|player|p1|thepeakmons|101|1381\n|player|p2|ne0nn|265|1369\n|gen|9\n|tier|[Gen 9] OU\n|rated|\n|rule|HP Percentage Mod: HP is shown in percentages\n|rule|Endless Battle Clause: Forcing endless battles is banned\n|rule|Species Clause: Limit one of each Pokémon\n|rule|OHKO Clause: OHKO moves are banned\n|rule|Evasion Items Clause: Evasion items are banned\n|rule|Evasion Moves Clause: Evasion moves are banned\n|rule|Evasion Abilities Clause: Evasion abilities are banned\n|rule|Sleep Moves Clause: Sleep-inducing moves are banned\n|clearpoke\n|poke|p1|Gliscor, F|\n|poke|p1|Gholdengo|\n|poke|p1|Zamazenta-*|\n|poke|p1|Blissey, F|\n|poke|p1|Skarmory, M|\n|poke|p1|Pecharunt|\n|poke|p2|Clefable, M|\n|poke|p2|Kyurem|\n|poke|p2|Dragapult, F|\n|poke|p2|Slowking-Galar, F|\n|poke|p2|Kingambit, F|\n|poke|p2|Gliscor, M|\n|teampreview\n|inactive|Battle timer is ON: inactive players will automatically lose when time's up. (requested by ne0nn)\n|\n|t:|1782447886\n|teamsize|p1|6\n|teamsize|p2|6\n|start\n|switch|p1a: Skarmory|Skarmory, M|100/100\n|switch|p2a: Clefable|Clefable, M|100/100\n|turn|1\n|inactive|thepeakmons also wants the timer to be on.\n|inactive|thepeakmons has 120 seconds left.\n|\n|t:|1782447937\n|move|p1a: Skarmory|Spikes|p2a: Clefable\n|-sidestart|p2: ne0nn|Spikes\n|move|p2a: Clefable|Stealth Rock|p1a: Skarmory\n|-sidestart|p1: thepeakmons|move: Stealth Rock\n|\n|upkeep\n|turn|2\n|\n|t:|1782447953\n|switch|p2a: Gliscor|Gliscor, M|100/100\n|move|p1a: Skarmory|Spikes|p2a: Gliscor\n|-sidestart|p2: ne0nn|Spikes\n|\n|-status|p2a: Gliscor|tox|[from] item: Toxic Orb\n|upkeep\n|turn|3\n|inactive|thepeakmons has 90 seconds left.\n|\n|t:|1782447971\n|move|p2a: Gliscor|Spikes|p1a: Skarmory\n|-sidestart|p1: thepeakmons|Spikes\n|move|p1a: Skarmory|Spikes|p2a: Gliscor\n|-sidestart|p2: ne0nn|Spikes\n|\n|upkeep\n|turn|4\n|\n|t:|1782447980\n|switch|p1a: Gliscor|Gliscor, F|100/100\n|-damage|p1a: Gliscor|88/100|[from] Stealth Rock\n|move|p2a: Gliscor|Spikes|p1a: Gliscor\n|-sidestart|p1: thepeakmons|Spikes\n|\n|-status|p1a: Gliscor|tox|[from] item: Toxic Orb\n|upkeep\n|turn|5\n|\n|t:|1782447993\n|switch|p2a: Kyurem|Kyurem|100/100\n|-ability|p2a: Kyurem|Pressure\n|move|p1a: Gliscor|Swords Dance|p1a: Gliscor\n|-boost|p1a: Gliscor|atk|2\n|\n|-heal|p1a: Gliscor|100/100 tox|[from] ability: Poison Heal\n|upkeep\n|turn|6\n|\n|t:|1782448007\n|switch|p1a: Blissey|Blissey, F|100/100\n|move|p2a: Kyurem|Ice Beam|p1a: Blissey\n|-damage|p1a: Blissey|85/100\n|\n|upkeep\n|turn|7\n|inactive|thepeakmons has 90 seconds left.\n|\n|t:|1782448032\n|switch|p2a: Slowking|Slowking-Galar, F|100/100\n|move|p1a: Blissey|Stealth Rock|p2a: Slowking\n|-sidestart|p2: ne0nn|move: Stealth Rock\n|\n|upkeep\n|turn|8\n|inactive|thepeakmons has 90 seconds left.\n|\n|t:|1782448056\n|move|p1a: Blissey|Calm Mind|p1a: Blissey\n|-boost|p1a: Blissey|spa|1\n|-boost|p1a: Blissey|spd|1\n|-prepare|p2a: Slowking|Chilly Reception|[premajor]\n|move|p2a: Slowking|Chilly Reception|p2a: Slowking\n|-weather|Snowscape\n|\n|t:|1782448068\n|switch|p2a: Dragapult|Dragapult, F|100/100|[from] Chilly Reception\n|\n|-weather|Snowscape|[upkeep]\n|upkeep\n|turn|9\n|\n|t:|1782448078\n|move|p2a: Dragapult|U-turn|p1a: Blissey\n|-damage|p1a: Blissey|64/100\n|\n|t:|1782448082\n|switch|p2a: Slowking|Slowking-Galar, F|100/100|[from] U-turn\n|move|p1a: Blissey|Soft-Boiled|p1a: Blissey\n|-heal|p1a: Blissey|100/100\n|\n|-weather|Snowscape|[upkeep]\n|upkeep\n|turn|10\n|inactive|thepeakmons has 90 seconds left.\n|\n|t:|1782448108\n|move|p1a: Blissey|Shadow Ball|p2a: Slowking\n|-supereffective|p2a: Slowking\n|-damage|p2a: Slowking|74/100\n|move|p2a: Slowking|Toxic|p1a: Blissey\n|-status|p1a: Blissey|tox\n|\n|-weather|Snowscape|[upkeep]\n|-damage|p1a: Blissey|94/100 tox|[from] psn\n|upkeep\n|turn|11\n|\n|t:|1782448124\n|-curestatus|p1a: Blissey|tox|[from] ability: Natural Cure|[silent]\n|switch|p1a: Gliscor|Gliscor, F|100/100 tox\n|-damage|p1a: Gliscor|88/100 tox|[from] Stealth Rock\n|move|p2a: Slowking|Future Sight|p1a: Gliscor\n|-start|p2a: Slowking|move: Future Sight\n|\n|-weather|Snowscape|[upkeep]\n|-heal|p1a: Gliscor|100/100 tox|[from] ability: Poison Heal\n|upkeep\n|turn|12\n|\n|t:|1782448133\n|switch|p2a: Clefable|Clefable, M|100/100\n|move|p1a: Gliscor|Earthquake|p2a: Clefable\n|-damage|p2a: Clefable|77/100\n|\n|-weather|none\n|upkeep\n|turn|13\n|\n|t:|1782448146\n|move|p1a: Gliscor|Knock Off|p2a: Clefable\n|-resisted|p2a: Clefable\n|-damage|p2a: Clefable|69/100\n|-damage|p1a: Gliscor|84/100 tox|[from] item: Rocky Helmet|[of] p2a: Clefable\n|-enditem|p2a: Clefable|Rocky Helmet|[from] move: Knock Off|[of] p1a: Gliscor\n|move|p2a: Clefable|Moonblast|p1a: Gliscor\n|-damage|p1a: Gliscor|54/100 tox\n|-unboost|p1a: Gliscor|spa|1\n|\n|-end|p1a: Gliscor|move: Future Sight\n|-damage|p1a: Gliscor|12/100 tox\n|-heal|p1a: Gliscor|25/100 tox|[from] ability: Poison Heal\n|upkeep\n|turn|14\n|\n|t:|1782448157\n|move|p1a: Gliscor|Protect|p1a: Gliscor\n|-singleturn|p1a: Gliscor|Protect\n|move|p2a: Clefable|Moonblast|p1a: Gliscor\n|-activate|p1a: Gliscor|move: Protect\n|\n|-heal|p1a: Gliscor|37/100 tox|[from] ability: Poison Heal\n|upkeep\n|turn|15\n|\n|t:|1782448167\n|move|p1a: Gliscor|Swords Dance|p1a: Gliscor\n|-boost|p1a: Gliscor|atk|2\n|move|p2a: Clefable|Moonblast|p1a: Gliscor\n|-damage|p1a: Gliscor|6/100 tox\n|\n|-heal|p1a: Gliscor|18/100 tox|[from] ability: Poison Heal\n|upkeep\n|turn|16\n|\n|t:|1782448174\n|move|p1a: Gliscor|Earthquake|p2a: Clefable\n|-damage|p2a: Clefable|20/100\n|move|p2a: Clefable|Moonblast|p1a: Gliscor\n|-damage|p1a: Gliscor|0 fnt\n|faint|p1a: Gliscor\n|\n|upkeep\n|\n|t:|1782448187\n|switch|p1a: Zamazenta|Zamazenta|100/100\n|-ability|p1a: Zamazenta|Dauntless Shield|boost\n|-boost|p1a: Zamazenta|def|1\n|turn|17\n|\n|t:|1782448194\n|switch|p2a: Slowking|Slowking-Galar, F|100/100\n|move|p1a: Zamazenta|Close Combat|p2a: Slowking\n|-resisted|p2a: Slowking\n|-damage|p2a: Slowking|84/100\n|-unboost|p1a: Zamazenta|def|1\n|-unboost|p1a: Zamazenta|spd|1\n|\n|upkeep\n|turn|18\n|\n|t:|1782448201\n|move|p1a: Zamazenta|Crunch|p2a: Slowking\n|-supereffective|p2a: Slowking\n|-damage|p2a: Slowking|32/100\n|move|p2a: Slowking|Toxic|p1a: Zamazenta\n|-status|p1a: Zamazenta|tox\n|\n|-damage|p1a: Zamazenta|94/100 tox|[from] psn\n|upkeep\n|turn|19\n|inactive|thepeakmons has 90 seconds left.\n|\n|t:|1782448209\n|switch|p2a: Gliscor|Gliscor, M|100/100 tox\n|-damage|p2a: Gliscor|88/100 tox|[from] Stealth Rock\n|move|p1a: Zamazenta|Ice Fang|p2a: Gliscor\n|-supereffective|p2a: Gliscor\n|-damage|p2a: Gliscor|33/100 tox\n|\n|-damage|p1a: Zamazenta|82/100 tox|[from] psn\n|-heal|p2a: Gliscor|46/100 tox|[from] ability: Poison Heal\n|upkeep\n|turn|20\n|\n|t:|1782448217\n|move|p2a: Gliscor|Protect|p2a: Gliscor\n|-singleturn|p2a: Gliscor|Protect\n|move|p1a: Zamazenta|Ice Fang|p2a: Gliscor\n|-activate|p2a: Gliscor|move: Protect\n|\n|-damage|p1a: Zamazenta|64/100 tox|[from] psn\n|-heal|p2a: Gliscor|58/100 tox|[from] ability: Poison Heal\n|upkeep\n|turn|21\n|\n|t:|1782448225\n|switch|p2a: Slowking|Slowking-Galar, F|66/100\n|move|p1a: Zamazenta|Ice Fang|p2a: Slowking\n|-damage|p2a: Slowking|44/100\n|\n|-damage|p1a: Zamazenta|39/100 tox|[from] psn\n|upkeep\n|turn|22\n|\n|t:|1782448242\n|switch|p2a: Gliscor|Gliscor, M|58/100 tox\n|-damage|p2a: Gliscor|46/100 tox|[from] Stealth Rock\n|move|p1a: Zamazenta|Crunch|p2a: Gliscor\n|-damage|p2a: Gliscor|31/100 tox\n|\n|-damage|p1a: Zamazenta|8/100 tox|[from] psn\n|-heal|p2a: Gliscor|43/100 tox|[from] ability: Poison Heal\n|upkeep\n|turn|23\n|\n|t:|1782448250\n|switch|p1a: Pecharunt|Pecharunt|100/100\n|move|p2a: Gliscor|Protect||[still]\n|-fail|p2a: Gliscor\n|\n|-heal|p2a: Gliscor|56/100 tox|[from] ability: Poison Heal\n|upkeep\n|turn|24\n|\n|t:|1782448259\n|switch|p2a: Slowking|Slowking-Galar, F|77/100\n|switch|p1a: Gholdengo|Gholdengo|100/100\n|-damage|p1a: Gholdengo|94/100|[from] Stealth Rock\n|-damage|p1a: Gholdengo|78/100|[from] Spikes\n|\n|upkeep\n|turn|25\n|\n|t:|1782448273\n|move|p1a: Gholdengo|Hex|p2a: Slowking\n|-supereffective|p2a: Slowking\n|-damage|p2a: Slowking|43/100\n|-prepare|p2a: Slowking|Chilly Reception|[premajor]\n|move|p2a: Slowking|Chilly Reception|p2a: Slowking\n|-weather|Snowscape\n|\n|t:|1782448283\n|switch|p2a: Kingambit|Kingambit, F|100/100|[from] Chilly Reception\n|\n|-weather|Snowscape|[upkeep]\n|upkeep\n|turn|26\n|inactive|thepeakmons has 120 seconds left.\n|\n|t:|1782448294\n|move|p1a: Gholdengo|Thunder Wave|p2a: Kingambit\n|-status|p2a: Kingambit|par\n|move|p2a: Kingambit|Kowtow Cleave|p1a: Gholdengo\n|-supereffective|p1a: Gholdengo\n|-damage|p1a: Gholdengo|0 fnt\n|faint|p1a: Gholdengo\n|\n|-weather|Snowscape|[upkeep]\n|upkeep\n|\n|t:|1782448316\n|switch|p1a: Zamazenta|Zamazenta|8/100 tox\n|turn|27\n|\n|t:|1782448330\n|-end|p2a: Kingambit|fallenundefined|[silent]\n|switch|p2a: Gliscor|Gliscor, M|56/100 tox\n|-damage|p2a: Gliscor|43/100 tox|[from] Stealth Rock\n|move|p1a: Zamazenta|Close Combat|p2a: Gliscor\n|-resisted|p2a: Gliscor\n|-damage|p2a: Gliscor|27/100 tox\n|-unboost|p1a: Zamazenta|def|1\n|-unboost|p1a: Zamazenta|spd|1\n|\n|-weather|Snowscape|[upkeep]\n|-damage|p1a: Zamazenta|2/100 tox|[from] psn\n|-heal|p2a: Gliscor|39/100 tox|[from] ability: Poison Heal\n|upkeep\n|turn|28\n|\n|t:|1782448343\n|switch|p1a: Pecharunt|Pecharunt|100/100\n|move|p2a: Gliscor|Protect||[still]\n|-fail|p2a: Gliscor\n|\n|-weather|Snowscape|[upkeep]\n|-heal|p2a: Gliscor|52/100 tox|[from] ability: Poison Heal\n|upkeep\n|turn|29\n|\n|t:|1782448353\n|switch|p2a: Slowking|Slowking-Galar, F|77/100\n|move|p1a: Pecharunt|Shadow Ball|p2a: Slowking\n|-supereffective|p2a: Slowking\n|-damage|p2a: Slowking|47/100\n|\n|-weather|none\n|upkeep\n|turn|30\n|\n|t:|1782448367\n|switch|p2a: Kingambit|Kingambit, F|100/100 par\n|move|p1a: Pecharunt|Shadow Ball|p2a: Kingambit\n|-resisted|p2a: Kingambit\n|-damage|p2a: Kingambit|89/100 par\n|\n|upkeep\n|turn|31\n|\n|t:|1782448387\n|move|p1a: Pecharunt|Parting Shot|p2a: Kingambit\n|-unboost|p2a: Kingambit|atk|1\n|-unboost|p2a: Kingambit|spa|1\n|inactive|thepeakmons has 90 seconds left.\n|\n|t:|1782448406\n|switch|p1a: Blissey|Blissey, F|94/100|[from] Parting Shot\n|move|p2a: Kingambit|Kowtow Cleave|p1a: Blissey\n|-damage|p1a: Blissey|61/100\n|\n|upkeep\n|turn|32\n|inactive|thepeakmons has 90 seconds left.\n|\n|t:|1782448419\n|-end|p2a: Kingambit|fallenundefined|[silent]\n|switch|p2a: Slowking|Slowking-Galar, F|80/100\n|move|p1a: Blissey|Soft-Boiled|p1a: Blissey\n|-heal|p1a: Blissey|100/100\n|\n|upkeep\n|turn|33\n|\n|t:|1782448426\n|move|p1a: Blissey|Calm Mind|p1a: Blissey\n|-boost|p1a: Blissey|spa|1\n|-boost|p1a: Blissey|spd|1\n|move|p2a: Slowking|Toxic|p1a: Blissey\n|-status|p1a: Blissey|tox\n|\n|-damage|p1a: Blissey|94/100 tox|[from] psn\n|upkeep\n|turn|34\n|inactive|thepeakmons has 90 seconds left.\n|\n|t:|1782448444\n|-curestatus|p1a: Blissey|tox|[from] ability: Natural Cure|[silent]\n|switch|p1a: Pecharunt|Pecharunt|100/100\n|move|p2a: Slowking|Future Sight|p1a: Pecharunt\n|-start|p2a: Slowking|move: Future Sight\n|\n|upkeep\n|turn|35\n|inactive|thepeakmons has 90 seconds left.\n|\n|t:|1782448458\n|move|p1a: Pecharunt|Shadow Ball|p2a: Slowking\n|-supereffective|p2a: Slowking\n|-damage|p2a: Slowking|53/100\n|-prepare|p2a: Slowking|Chilly Reception|[premajor]\n|move|p2a: Slowking|Chilly Reception|p2a: Slowking\n|-weather|Snowscape\n|\n|t:|1782448480\n|switch|p2a: Kingambit|Kingambit, F|89/100 par|[from] Chilly Reception\n|\n|-weather|Snowscape|[upkeep]\n|upkeep\n|turn|36\n|\n|t:|1782448491\n|switch|p1a: Skarmory|Skarmory, M|100/100\n|move|p2a: Kingambit|Kowtow Cleave|p1a: Skarmory\n|-damage|p1a: Skarmory|71/100\n|\n|-weather|Snowscape|[upkeep]\n|-end|p1a: Skarmory|move: Future Sight\n|-resisted|p1a: Skarmory\n|-damage|p1a: Skarmory|43/100\n|upkeep\n|turn|37\n|inactive|thepeakmons has 90 seconds left.\n|\n|t:|1782448506\n|-end|p2a: Kingambit|fallenundefined|[silent]\n|switch|p2a: Dragapult|Dragapult, F|100/100\n|move|p1a: Skarmory|Roost|p1a: Skarmory\n|-heal|p1a: Skarmory|93/100\n|-singleturn|p1a: Skarmory|move: Roost\n|\n|-weather|Snowscape|[upkeep]\n|upkeep\n|turn|38\n|inactive|thepeakmons has 90 seconds left.\n|\n|t:|1782448527\n|switch|p1a: Pecharunt|Pecharunt|100/100\n|move|p2a: Dragapult|Will-O-Wisp|p1a: Pecharunt\n|-status|p1a: Pecharunt|brn\n|\n|-weather|Snowscape|[upkeep]\n|-damage|p1a: Pecharunt|94/100 brn|[from] brn\n|upkeep\n|turn|39\n|\n|t:|1782448543\n|switch|p1a: Blissey|Blissey, F|94/100\n|move|p2a: Dragapult|Hex|p1a: Blissey\n|-immune|p1a: Blissey\n|\n|-weather|none\n|upkeep\n|turn|40\n|\n|t:|1782448555\n|move|p2a: Dragapult|U-turn|p1a: Blissey\n|-damage|p1a: Blissey|72/100\n|\n|t:|1782448557\n|switch|p2a: Slowking|Slowking-Galar, F|86/100|[from] U-turn\n|move|p1a: Blissey|Soft-Boiled|p1a: Blissey\n|-heal|p1a: Blissey|100/100\n|\n|upkeep\n|turn|41\n|\n|t:|1782448568\n|move|p1a: Blissey|Calm Mind|p1a: Blissey\n|-boost|p1a: Blissey|spa|1\n|-boost|p1a: Blissey|spd|1\n|move|p2a: Slowking|Toxic|p1a: Blissey\n|-status|p1a: Blissey|tox\n|\n|-damage|p1a: Blissey|94/100 tox|[from] psn\n|upkeep\n|turn|42\n|\n|t:|1782448582\n|-curestatus|p1a: Blissey|tox|[from] ability: Natural Cure|[silent]\n|switch|p1a: Skarmory|Skarmory, M|93/100\n|move|p2a: Slowking|Future Sight|p1a: Skarmory\n|-start|p2a: Slowking|move: Future Sight\n|\n|upkeep\n|turn|43\n|\n|t:|1782448594\n|switch|p1a: Blissey|Blissey, F|94/100\n|-prepare|p2a: Slowking|Chilly Reception|[premajor]\n|move|p2a: Slowking|Chilly Reception|p2a: Slowking\n|-weather|Snowscape\n|\n|t:|1782448601\n|switch|p2a: Dragapult|Dragapult, F|100/100|[from] Chilly Reception\n|\n|-weather|Snowscape|[upkeep]\n|upkeep\n|turn|44\n|inactive|thepeakmons has 90 seconds left.\n|\n|t:|1782448614\n|move|p2a: Dragapult|U-turn|p1a: Blissey\n|-damage|p1a: Blissey|74/100\n|\n|t:|1782448618\n|switch|p2a: Slowking|Slowking-Galar, F|100/100|[from] U-turn\n|move|p1a: Blissey|Soft-Boiled|p1a: Blissey\n|-heal|p1a: Blissey|100/100\n|\n|-weather|Snowscape|[upkeep]\n|-end|p1a: Blissey|move: Future Sight\n|-damage|p1a: Blissey|88/100\n|upkeep\n|turn|45\n|\n|t:|1782448627\n|move|p1a: Blissey|Calm Mind|p1a: Blissey\n|-boost|p1a: Blissey|spa|1\n|-boost|p1a: Blissey|spd|1\n|move|p2a: Slowking|Toxic|p1a: Blissey\n|-status|p1a: Blissey|tox\n|\n|-weather|Snowscape|[upkeep]\n|-damage|p1a: Blissey|81/100 tox|[from] psn\n|upkeep\n|turn|46\n|\n|t:|1782448639\n|-curestatus|p1a: Blissey|tox|[from] ability: Natural Cure|[silent]\n|switch|p1a: Skarmory|Skarmory, M|93/100\n|move|p2a: Slowking|Future Sight|p1a: Skarmory\n|-start|p2a: Slowking|move: Future Sight\n|\n|-weather|Snowscape|[upkeep]\n|upkeep\n|turn|47\n|inactive|thepeakmons has 90 seconds left.\n|\n|t:|1782448657\n|switch|p1a: Blissey|Blissey, F|81/100\n|-prepare|p2a: Slowking|Chilly Reception|[premajor]\n|move|p2a: Slowking|Chilly Reception|p2a: Slowking\n|\n|t:|1782448663\n|switch|p2a: Dragapult|Dragapult, F|100/100|[from] Chilly Reception\n|\n|-weather|none\n|upkeep\n|turn|48\n|\n|t:|1782448670\n|move|p2a: Dragapult|U-turn|p1a: Blissey\n|-damage|p1a: Blissey|60/100\n|\n|t:|1782448677\n|switch|p2a: Slowking|Slowking-Galar, F|100/100|[from] U-turn\n|move|p1a: Blissey|Calm Mind|p1a: Blissey\n|-boost|p1a: Blissey|spa|1\n|-boost|p1a: Blissey|spd|1\n|\n|-end|p1a: Blissey|move: Future Sight\n|-damage|p1a: Blissey|51/100\n|upkeep\n|turn|49\n|\n|t:|1782448689\n|move|p1a: Blissey|Soft-Boiled|p1a: Blissey\n|-heal|p1a: Blissey|100/100\n|move|p2a: Slowking|Toxic|p1a: Blissey\n|-status|p1a: Blissey|tox\n|\n|-damage|p1a: Blissey|94/100 tox|[from] psn\n|upkeep\n|turn|50\n|\n|t:|1782448700\n|-curestatus|p1a: Blissey|tox|[from] ability: Natural Cure|[silent]\n|switch|p1a: Skarmory|Skarmory, M|93/100\n|move|p2a: Slowking|Future Sight|p1a: Skarmory\n|-start|p2a: Slowking|move: Future Sight\n|\n|upkeep\n|turn|51\n|\n|t:|1782448709\n|move|p1a: Skarmory|Body Press|p2a: Slowking\n|-resisted|p2a: Slowking\n|-damage|p2a: Slowking|92/100\n|-prepare|p2a: Slowking|Chilly Reception|[premajor]\n|move|p2a: Slowking|Chilly Reception|p2a: Slowking\n|-weather|Snowscape\n|\n|t:|1782448714\n|switch|p2a: Dragapult|Dragapult, F|100/100|[from] Chilly Reception\n|\n|-weather|Snowscape|[upkeep]\n|upkeep\n|turn|52\n|inactive|thepeakmons has 120 seconds left.\n|\n|t:|1782448726\n|switch|p1a: Blissey|Blissey, F|94/100\n|move|p2a: Dragapult|Will-O-Wisp|p1a: Blissey\n|-status|p1a: Blissey|brn\n|\n|-weather|Snowscape|[upkeep]\n|-end|p1a: Blissey|move: Future Sight\n|-damage|p1a: Blissey|80/100 brn\n|-damage|p1a: Blissey|74/100 brn|[from] brn\n|upkeep\n|turn|53\n|inactive|thepeakmons has 120 seconds left.\n|\n|t:|1782448741\n|move|p2a: Dragapult|U-turn|p1a: Blissey\n|-damage|p1a: Blissey|52/100 brn\n|\n|t:|1782448745\n|switch|p2a: Slowking|Slowking-Galar, F|100/100|[from] U-turn\n|move|p1a: Blissey|Soft-Boiled|p1a: Blissey\n|-heal|p1a: Blissey|100/100 brn\n|\n|-weather|Snowscape|[upkeep]\n|-damage|p1a: Blissey|94/100 brn|[from] brn\n|upkeep\n|turn|54\n|inactive|thepeakmons has 120 seconds left.\n|\n|t:|1782448758\n|move|p1a: Blissey|Calm Mind|p1a: Blissey\n|-boost|p1a: Blissey|spa|1\n|-boost|p1a: Blissey|spd|1\n|move|p2a: Slowking|Sludge Wave|p1a: Blissey\n|-damage|p1a: Blissey|88/100 brn\n|\n|-weather|Snowscape|[upkeep]\n|-damage|p1a: Blissey|82/100 brn|[from] brn\n|upkeep\n|turn|55\n|inactive|thepeakmons has 120 seconds left.\n|\n|t:|1782448778\n|-curestatus|p1a: Blissey|brn|[from] ability: Natural Cure|[silent]\n|switch|p1a: Skarmory|Skarmory, M|93/100\n|-prepare|p2a: Slowking|Chilly Reception|[premajor]\n|move|p2a: Slowking|Chilly Reception|p2a: Slowking\n|\n|t:|1782448782\n|switch|p2a: Dragapult|Dragapult, F|100/100|[from] Chilly Reception\n|\n|-weather|none\n|upkeep\n|turn|56\n|inactive|thepeakmons has 120 seconds left.\n|\n|t:|1782448791\n|switch|p1a: Blissey|Blissey, F|82/100\n|move|p2a: Dragapult|Will-O-Wisp|p1a: Blissey|[miss]\n|-miss|p2a: Dragapult|p1a: Blissey\n|\n|upkeep\n|turn|57\n|\n|t:|1782448798\n|move|p2a: Dragapult|U-turn|p1a: Blissey\n|-damage|p1a: Blissey|60/100\n|\n|t:|1782448800\n|switch|p2a: Slowking|Slowking-Galar, F|100/100|[from] U-turn\n|move|p1a: Blissey|Calm Mind|p1a: Blissey\n|-boost|p1a: Blissey|spa|1\n|-boost|p1a: Blissey|spd|1\n|\n|upkeep\n|turn|58\n|\n|t:|1782448810\n|move|p1a: Blissey|Soft-Boiled|p1a: Blissey\n|-heal|p1a: Blissey|100/100\n|move|p2a: Slowking|Toxic|p1a: Blissey\n|-status|p1a: Blissey|tox\n|\n|-damage|p1a: Blissey|94/100 tox|[from] psn\n|upkeep\n|turn|59\n|\n|t:|1782448821\n|-curestatus|p1a: Blissey|tox|[from] ability: Natural Cure|[silent]\n|switch|p1a: Skarmory|Skarmory, M|93/100\n|move|p2a: Slowking|Future Sight|p1a: Skarmory\n|-start|p2a: Slowking|move: Future Sight\n|\n|upkeep\n|turn|60\n|\n|t:|1782448827\n|-prepare|p2a: Slowking|Chilly Reception|[premajor]\n|move|p2a: Slowking|Chilly Reception|p2a: Slowking\n|-weather|Snowscape\n|\n|t:|1782448831\n|switch|p2a: Kingambit|Kingambit, F|89/100 par|[from] Chilly Reception\n|move|p1a: Skarmory|Whirlwind|p2a: Kingambit\n|-end|p2a: Kingambit|fallenundefined|[silent]\n|drag|p2a: Dragapult|Dragapult, F|100/100\n|\n|-weather|Snowscape|[upkeep]\n|upkeep\n|turn|61\n|\n|t:|1782448839\n|switch|p1a: Zamazenta|Zamazenta|2/100 tox\n|move|p2a: Dragapult|Will-O-Wisp||[still]\n|-fail|p2a: Dragapult\n|\n|-weather|Snowscape|[upkeep]\n|-end|p1a: Zamazenta|move: Future Sight\n|-supereffective|p1a: Zamazenta\n|-crit|p1a: Zamazenta\n|-damage|p1a: Zamazenta|0 fnt\n|faint|p1a: Zamazenta\n|upkeep\n|\n|t:|1782448846\n|switch|p1a: Blissey|Blissey, F|94/100\n|turn|62\n|c|☆ne0nn|r u a stall team\n|\n|t:|1782448852\n|move|p2a: Dragapult|U-turn|p1a: Blissey\n|-damage|p1a: Blissey|72/100\n|\n|t:|1782448855\n|switch|p2a: Slowking|Slowking-Galar, F|100/100|[from] U-turn\n|move|p1a: Blissey|Soft-Boiled|p1a: Blissey\n|-heal|p1a: Blissey|100/100\n|\n|-weather|Snowscape|[upkeep]\n|upkeep\n|turn|63\n|\n|t:|1782448864\n|switch|p1a: Skarmory|Skarmory, M|93/100\n|move|p2a: Slowking|Toxic|p1a: Skarmory\n|-immune|p1a: Skarmory\n|\n|-weather|Snowscape|[upkeep]\n|upkeep\n|turn|64\n|\n|t:|1782448869\n|move|p1a: Skarmory|Roost|p1a: Skarmory\n|-heal|p1a: Skarmory|100/100\n|-singleturn|p1a: Skarmory|move: Roost\n|-prepare|p2a: Slowking|Chilly Reception|[premajor]\n|move|p2a: Slowking|Chilly Reception|p2a: Slowking\n|\n|t:|1782448873\n|switch|p2a: Dragapult|Dragapult, F|100/100|[from] Chilly Reception\n|\n|-weather|none\n|upkeep\n|turn|65\n|\n|t:|1782448881\n|switch|p1a: Blissey|Blissey, F|100/100\n|move|p2a: Dragapult|Will-O-Wisp|p1a: Blissey\n|-status|p1a: Blissey|brn\n|\n|-damage|p1a: Blissey|94/100 brn|[from] brn\n|upkeep\n|turn|66\n|\n|t:|1782448889\n|-curestatus|p1a: Blissey|brn|[from] ability: Natural Cure|[silent]\n|switch|p1a: Skarmory|Skarmory, M|100/100\n|move|p2a: Dragapult|U-turn|p1a: Skarmory\n|-resisted|p1a: Skarmory\n|-damage|p1a: Skarmory|98/100\n|\n|t:|1782448897\n|switch|p2a: Kingambit|Kingambit, F|89/100 par|[from] U-turn\n|\n|upkeep\n|turn|67\n|\n|t:|1782448904\n|-end|p2a: Kingambit|fallenundefined|[silent]\n|switch|p2a: Dragapult|Dragapult, F|100/100\n|move|p1a: Skarmory|Whirlwind|p2a: Dragapult\n|drag|p2a: Clefable|Clefable, M|20/100\n|\n|upkeep\n|turn|68\n|\n|t:|1782448917\n|switch|p1a: Blissey|Blissey, F|94/100\n|move|p2a: Clefable|Moonlight|p2a: Clefable\n|-heal|p2a: Clefable|70/100\n|\n|upkeep\n|turn|69\n|\n|t:|1782448938\n|switch|p2a: Slowking|Slowking-Galar, F|100/100\n|move|p1a: Blissey|Calm Mind|p1a: Blissey\n|-boost|p1a: Blissey|spa|1\n|-boost|p1a: Blissey|spd|1\n|\n|upkeep\n|turn|70\n|\n|t:|1782448956\n|move|p1a: Blissey|Calm Mind|p1a: Blissey\n|-boost|p1a: Blissey|spa|1\n|-boost|p1a: Blissey|spd|1\n|move|p2a: Slowking|Toxic|p1a: Blissey\n|-status|p1a: Blissey|tox\n|\n|-damage|p1a: Blissey|88/100 tox|[from] psn\n|upkeep\n|turn|71\n|inactive|thepeakmons has 120 seconds left.\n|\n|t:|1782448972\n|move|p1a: Blissey|Shadow Ball|p2a: Slowking\n|-supereffective|p2a: Slowking\n|-damage|p2a: Slowking|64/100\n|-prepare|p2a: Slowking|Chilly Reception|[premajor]\n|move|p2a: Slowking|Chilly Reception|p2a: Slowking\n|-weather|Snowscape\n|\n|t:|1782448979\n|switch|p2a: Gliscor|Gliscor, M|52/100 tox|[from] Chilly Reception\n|-damage|p2a: Gliscor|39/100 tox|[from] Stealth Rock\n|\n|-weather|Snowscape|[upkeep]\n|-heal|p2a: Gliscor|52/100 tox|[from] ability: Poison Heal\n|-damage|p1a: Blissey|76/100 tox|[from] psn\n|upkeep\n|turn|72\n|inactive|thepeakmons has 120 seconds left.\n|\n|t:|1782449000\n|-curestatus|p1a: Blissey|tox|[from] ability: Natural Cure|[silent]\n|switch|p1a: Skarmory|Skarmory, M|98/100\n|move|p2a: Gliscor|Protect||[still]\n|-fail|p2a: Gliscor\n|\n|-weather|Snowscape|[upkeep]\n|-heal|p2a: Gliscor|64/100 tox|[from] ability: Poison Heal\n|upkeep\n|turn|73\n|inactive|thepeakmons has 120 seconds left.\n|\n|t:|1782449016\n|switch|p2a: Dragapult|Dragapult, F|100/100\n|move|p1a: Skarmory|Whirlwind|p2a: Dragapult\n|drag|p2a: Gliscor|Gliscor, M|64/100 tox\n|-damage|p2a: Gliscor|52/100 tox|[from] Stealth Rock\n|\n|-weather|Snowscape|[upkeep]\n|-heal|p2a: Gliscor|64/100 tox|[from] ability: Poison Heal\n|upkeep\n|turn|74\n|\n|t:|1782449036\n|move|p2a: Gliscor|Knock Off|p1a: Skarmory\n|-damage|p1a: Skarmory|85/100\n|-enditem|p1a: Skarmory|Heavy-Duty Boots|[from] move: Knock Off|[of] p2a: Gliscor\n|move|p1a: Skarmory|Whirlwind|p2a: Gliscor\n|drag|p2a: Kingambit|Kingambit, F|89/100 par\n|\n|-weather|Snowscape|[upkeep]\n|upkeep\n|turn|75\n|\n|t:|1782449055\n|-end|p2a: Kingambit|fallenundefined|[silent]\n|switch|p2a: Dragapult|Dragapult, F|100/100\n|move|p1a: Skarmory|Whirlwind|p2a: Dragapult\n|drag|p2a: Gliscor|Gliscor, M|64/100 tox\n|-damage|p2a: Gliscor|52/100 tox|[from] Stealth Rock\n|\n|-weather|none\n|-heal|p2a: Gliscor|64/100 tox|[from] ability: Poison Heal\n|upkeep\n|turn|76\n|inactive|thepeakmons has 90 seconds left.\n|\n|t:|1782449073\n|switch|p2a: Dragapult|Dragapult, F|100/100\n|move|p1a: Skarmory|Roost|p1a: Skarmory\n|-heal|p1a: Skarmory|100/100\n|-singleturn|p1a: Skarmory|move: Roost\n|\n|upkeep\n|turn|77\n|inactive|thepeakmons has 90 seconds left.\n|\n|t:|1782449089\n|switch|p1a: Blissey|Blissey, F|76/100\n|move|p2a: Dragapult|Will-O-Wisp|p1a: Blissey\n|-status|p1a: Blissey|brn\n|\n|-damage|p1a: Blissey|70/100 brn|[from] brn\n|upkeep\n|turn|78\n|inactive|thepeakmons has 90 seconds left.\n|\n|t:|1782449105\n|-curestatus|p1a: Blissey|brn|[from] ability: Natural Cure|[silent]\n|switch|p1a: Skarmory|Skarmory, M|100/100\n|-damage|p1a: Skarmory|88/100|[from] Stealth Rock\n|move|p2a: Dragapult|U-turn|p1a: Skarmory\n|-resisted|p1a: Skarmory\n|-damage|p1a: Skarmory|85/100\n|\n|t:|1782449113\n|switch|p2a: Kingambit|Kingambit, F|89/100 par|[from] U-turn\n|\n|upkeep\n|turn|79\n|inactive|thepeakmons has 90 seconds left.\n|\n|t:|1782449128\n|-end|p2a: Kingambit|fallenundefined|[silent]\n|switch|p2a: Dragapult|Dragapult, F|100/100\n|move|p1a: Skarmory|Body Press|p2a: Dragapult\n|-immune|p2a: Dragapult\n|\n|upkeep\n|turn|80\n|inactive|thepeakmons has 90 seconds left.\n|c|☆ne0nn|this isnt a stall team\n|\n|t:|1782449151\n|move|p2a: Dragapult|Will-O-Wisp|p1a: Skarmory\n|-status|p1a: Skarmory|brn\n|move|p1a: Skarmory|Roost|p1a: Skarmory\n|-heal|p1a: Skarmory|100/100 brn\n|-singleturn|p1a: Skarmory|move: Roost\n|\n|-damage|p1a: Skarmory|95/100 brn|[from] brn\n|upkeep\n|turn|81\n|inactive|ne0nn has 120 seconds left.\n|\n|t:|1782449183\n|switch|p1a: Blissey|Blissey, F|70/100\n|move|p2a: Dragapult|Hex|p1a: Blissey\n|-immune|p1a: Blissey\n|\n|upkeep\n|turn|82\n|\n|t:|1782449191\n|switch|p1a: Skarmory|Skarmory, M|95/100 brn\n|-damage|p1a: Skarmory|82/100 brn|[from] Stealth Rock\n|move|p2a: Dragapult|U-turn|p1a: Skarmory\n|-resisted|p1a: Skarmory\n|-damage|p1a: Skarmory|79/100 brn\n|c|☆ne0nn|bruh\n|\n|t:|1782449198\n|switch|p2a: Clefable|Clefable, M|70/100|[from] U-turn\n|\n|-damage|p1a: Skarmory|73/100 brn|[from] brn\n|upkeep\n|turn|83\n|inactive|thepeakmons has 90 seconds left.\n|\n|t:|1782449204\n|move|p1a: Skarmory|Roost|p1a: Skarmory\n|-heal|p1a: Skarmory|100/100 brn\n|-singleturn|p1a: Skarmory|move: Roost\n|move|p2a: Clefable|Moonlight|p2a: Clefable\n|-heal|p2a: Clefable|100/100\n|\n|-damage|p1a: Skarmory|95/100 brn|[from] brn\n|upkeep\n|turn|84\n|inactive|thepeakmons has 90 seconds left.\n|c|☆ne0nn|im fully healed 6-0\n|\n|t:|1782449218\n|switch|p1a: Blissey|Blissey, F|70/100\n|switch|p2a: Dragapult|Dragapult, F|100/100\n|\n|upkeep\n|turn|85\n|\n|t:|1782449228\n|switch|p1a: Skarmory|Skarmory, M|95/100 brn\n|-damage|p1a: Skarmory|82/100 brn|[from] Stealth Rock\n|move|p2a: Dragapult|U-turn|p1a: Skarmory\n|-resisted|p1a: Skarmory\n|-damage|p1a: Skarmory|79/100 brn\n|\n|t:|1782449256\n|switch|p2a: Clefable|Clefable, M|100/100|[from] U-turn\n|\n|-damage|p1a: Skarmory|73/100 brn|[from] brn\n|upkeep\n|turn|86\n|\n|t:|1782449267\n|switch|p2a: Dragapult|Dragapult, F|100/100\n|move|p1a: Skarmory|Body Press|p2a: Dragapult\n|-immune|p2a: Dragapult\n|\n|-damage|p1a: Skarmory|67/100 brn|[from] brn\n|upkeep\n|turn|87\n|inactive|ne0nn has 120 seconds left.\n|\n|t:|1782449295\n|move|p2a: Dragapult|Hex|p1a: Skarmory\n|-damage|p1a: Skarmory|1/100 brn\n|move|p1a: Skarmory|Roost|p1a: Skarmory\n|-heal|p1a: Skarmory|51/100 brn\n|-singleturn|p1a: Skarmory|move: Roost\n|\n|-damage|p1a: Skarmory|45/100 brn|[from] brn\n|upkeep\n|turn|88\n|\n|t:|1782449309\n|move|p2a: Dragapult|Hex|p1a: Skarmory\n|-damage|p1a: Skarmory|0 fnt\n|faint|p1a: Skarmory\n|\n|upkeep\n|\n|t:|1782449322\n|switch|p1a: Pecharunt|Pecharunt|94/100 brn\n|turn|89\n|\n|t:|1782449333\n|switch|p1a: Blissey|Blissey, F|70/100\n|move|p2a: Dragapult|Hex|p1a: Blissey\n|-immune|p1a: Blissey\n|\n|upkeep\n|turn|90\n|\n|t:|1782449344\n|switch|p1a: Pecharunt|Pecharunt|94/100 brn\n|move|p2a: Dragapult|Dragon Darts|p1a: Pecharunt\n|-damage|p1a: Pecharunt|84/100 brn\n|-anim|p2a: Dragapult|Dragon Darts|p1a: Pecharunt\n|-damage|p1a: Pecharunt|74/100 brn\n|\n|-damage|p1a: Pecharunt|68/100 brn|[from] brn\n|upkeep\n|turn|91\n|c|☆ne0nn|6-0 full health holy\n|inactive|thepeakmons has 90 seconds left.\n|\n|t:|1782449365\n|switch|p1a: Blissey|Blissey, F|70/100\n|move|p2a: Dragapult|Hex|p1a: Blissey\n|-immune|p1a: Blissey\n|\n|upkeep\n|turn|92\n|inactive|thepeakmons has 90 seconds left.\n|\n|t:|1782449381\n|move|p2a: Dragapult|Dragon Darts|p1a: Blissey\n|-damage|p1a: Blissey|44/100\n|-anim|p2a: Dragapult|Dragon Darts|p1a: Blissey\n|-damage|p1a: Blissey|19/100\n|move|p1a: Blissey|Shadow Ball|p2a: Dragapult\n|-supereffective|p2a: Dragapult\n|-damage|p2a: Dragapult|59/100\n|-unboost|p2a: Dragapult|spd|1\n|\n|upkeep\n|turn|93\n|inactive|thepeakmons has 90 seconds left.\n|\n|t:|1782449397\n|switch|p1a: Pecharunt|Pecharunt|68/100 brn\n|move|p2a: Dragapult|Dragon Darts|p1a: Pecharunt\n|-damage|p1a: Pecharunt|58/100 brn\n|-anim|p2a: Dragapult|Dragon Darts|p1a: Pecharunt\n|-damage|p1a: Pecharunt|47/100 brn\n|\n|-damage|p1a: Pecharunt|41/100 brn|[from] brn\n|upkeep\n|turn|94\n|c|☆ne0nn|AND UR DONE\n|\n|t:|1782449417\n|switch|p1a: Blissey|Blissey, F|19/100\n|move|p2a: Dragapult|Hex|p1a: Blissey\n|-immune|p1a: Blissey\n|\n|upkeep\n|turn|95\n|\n|t:|1782449424\n|switch|p1a: Pecharunt|Pecharunt|41/100 brn\n|move|p2a: Dragapult|Dragon Darts|p1a: Pecharunt\n|-damage|p1a: Pecharunt|30/100 brn\n|-anim|p2a: Dragapult|Dragon Darts|p1a: Pecharunt\n|-damage|p1a: Pecharunt|20/100 brn\n|\n|-damage|p1a: Pecharunt|14/100 brn|[from] brn\n|upkeep\n|turn|96\n|\n|t:|1782449436\n|switch|p1a: Blissey|Blissey, F|19/100\n|move|p2a: Dragapult|Dragon Darts|p1a: Blissey\n|-damage|p1a: Blissey|0 fnt\n|faint|p1a: Blissey\n|\n|upkeep\n|\n|t:|1782449443\n|switch|p1a: Pecharunt|Pecharunt|14/100 brn\n|turn|97\n|inactive|ne0nn has 120 seconds left.\n|\n|t:|1782449473\n|move|p2a: Dragapult|Dragon Darts|p1a: Pecharunt\n|-damage|p1a: Pecharunt|2/100 brn\n|-anim|p2a: Dragapult|Dragon Darts|p1a: Pecharunt\n|-damage|p1a: Pecharunt|0 fnt\n|faint|p1a: Pecharunt\n|\n|win|ne0nn\n|raw|thepeakmons's rating: 1365 &rarr; <strong>1345</strong><br />(-20 for losing)\n|raw|ne0nn's rating: 1369 &rarr; <strong>1389</strong><br />(+20 for winning)\n", "uploadtime": 1782449476, "views": 6, "formatid": "gen9ou", "rating": 1345, "private": 0, "password": null}