{"id": "gen9ou-2639259444", "format": "[Gen 9] OU", "players": ["draxx377", "ash alot of blunts"], "log": "|j|☆draxx377\n|j|☆ash alot of blunts\n|t:|1782441817\n|gametype|singles\n|player|p1|draxx377|red|1080\n|player|p2|ash alot of blunts|ash|1102\n|gen|9\n|tier|[Gen 9] OU\n|rated|\n|rule|HP Percentage Mod: HP is shown in percentages\n|rule|Endless Battle Clause: Forcing endless battles is banned\n|rule|Species Clause: Limit one of each Pokémon\n|rule|OHKO Clause: OHKO moves are banned\n|rule|Evasion Items Clause: Evasion items are banned\n|rule|Evasion Moves Clause: Evasion moves are banned\n|rule|Evasion Abilities Clause: Evasion abilities are banned\n|rule|Sleep Moves Clause: Sleep-inducing moves are banned\n|clearpoke\n|poke|p1|Haxorus, M|\n|poke|p1|Thundurus-Therian, M|\n|poke|p1|Cinderace, M|\n|poke|p1|Primarina, F|\n|poke|p1|Mandibuzz, F|\n|poke|p1|Dusclops, M|\n|poke|p2|Barraskewda, M|\n|poke|p2|Enamorus, F|\n|poke|p2|Cloyster, F|\n|poke|p2|Gyarados, M|\n|poke|p2|Kyurem|\n|poke|p2|Hatterene, F|\n|teampreview\n|inactive|Battle timer is ON: inactive players will automatically lose when time's up. (requested by ash alot of blunts)\n|\n|t:|1782441839\n|teamsize|p1|6\n|teamsize|p2|6\n|start\n|switch|p1a: Thundurus|Thundurus-Therian, M|100/100\n|switch|p2a: Kyurem|Kyurem|100/100\n|-ability|p2a: Kyurem|Pressure\n|turn|1\n|\n|t:|1782441844\n|move|p1a: Thundurus|Focus Blast|p2a: Kyurem\n|-supereffective|p2a: Kyurem\n|-damage|p2a: Kyurem|10/100\n|move|p2a: Kyurem|Scale Shot|p1a: Thundurus\n|-damage|p1a: Thundurus|85/100\n|-damage|p1a: Thundurus|71/100\n|-hitcount|p1a: Thundurus|2\n|-unboost|p2a: Kyurem|def|1\n|-boost|p2a: Kyurem|spe|1\n|\n|upkeep\n|turn|2\n|\n|t:|1782441850\n|move|p1a: Thundurus|Focus Blast|p2a: Kyurem|[miss]\n|-miss|p1a: Thundurus|p2a: Kyurem\n|move|p2a: Kyurem|Blizzard|p1a: Thundurus\n|-supereffective|p1a: Thundurus\n|-damage|p1a: Thundurus|0 fnt\n|faint|p1a: Thundurus\n|\n|upkeep\n|\n|t:|1782441854\n|switch|p1a: Cinderace|Cinderace, M|100/100\n|turn|3\n|\n|t:|1782441860\n|move|p1a: Cinderace|Sucker Punch|p2a: Kyurem\n|-start|p1a: Cinderace|typechange|Dark|[from] ability: Libero\n|-damage|p2a: Kyurem|0 fnt\n|faint|p2a: Kyurem\n|\n|upkeep\n|\n|t:|1782441863\n|switch|p2a: Gyarados|Gyarados, M|100/100\n|turn|4\n|\n|t:|1782441870\n|move|p1a: Cinderace|U-turn|p2a: Gyarados\n|-resisted|p2a: Gyarados\n|-damage|p2a: Gyarados|87/100\n|\n|t:|1782441872\n|switch|p1a: Dusclops|Dusclops, M|100/100|[from] U-turn\n|-item|p2a: Gyarados|Blunder Policy|[from] ability: Frisk|[of] p1a: Dusclops\n|move|p2a: Gyarados|Hurricane|p1a: Dusclops\n|-damage|p1a: Dusclops|87/100\n|-start|p1a: Dusclops|confusion\n|\n|upkeep\n|turn|5\n|\n|t:|1782441882\n|move|p2a: Gyarados|Waterfall|p1a: Dusclops\n|-damage|p1a: Dusclops|64/100\n|-activate|p1a: Dusclops|confusion\n|-damage|p1a: Dusclops|59/100|[from] confusion\n|\n|upkeep\n|turn|6\n|\n|t:|1782441890\n|switch|p2a: Hatterene|Hatterene, F|100/100\n|-activate|p1a: Dusclops|confusion\n|move|p1a: Dusclops|Pain Split|p2a: Hatterene\n|-sethp|p2a: Hatterene|87/100|[from] move: Pain Split|[silent]\n|-sethp|p1a: Dusclops|69/100|[from] move: Pain Split\n|\n|-heal|p2a: Hatterene|93/100|[from] item: Leftovers\n|upkeep\n|turn|7\n|\n|t:|1782441903\n|switch|p1a: Primarina|Primarina, F|100/100\n|move|p2a: Hatterene|Psyshock|p1a: Primarina\n|-damage|p1a: Primarina|36/100\n|\n|-heal|p2a: Hatterene|99/100|[from] item: Leftovers\n|upkeep\n|turn|8\n|\n|t:|1782441906\n|switch|p1a: Mandibuzz|Mandibuzz, F|100/100\n|move|p2a: Hatterene|Trick Room|p2a: Hatterene\n|-fieldstart|move: Trick Room|[of] p2a: Hatterene\n|\n|-heal|p2a: Hatterene|100/100|[from] item: Leftovers\n|upkeep\n|turn|9\n|\n|t:|1782441912\n|move|p1a: Mandibuzz|Foul Play|p2a: Hatterene\n|-damage|p2a: Hatterene|70/100\n|move|p2a: Hatterene|Trick Room|p2a: Hatterene\n|-fieldend|move: Trick Room\n|\n|-heal|p2a: Hatterene|76/100|[from] item: Leftovers\n|upkeep\n|turn|10\n|\n|t:|1782441923\n|move|p1a: Mandibuzz|Taunt|p2a: Hatterene\n|move|p2a: Hatterene|Taunt|p1a: Mandibuzz|[from] ability: Magic Bounce\n|-start|p1a: Mandibuzz|move: Taunt\n|move|p2a: Hatterene|Draining Kiss|p1a: Mandibuzz\n|-supereffective|p1a: Mandibuzz\n|-damage|p1a: Mandibuzz|49/100\n|-heal|p2a: Hatterene|100/100|[from] drain|[of] p1a: Mandibuzz\n|-damage|p2a: Hatterene|84/100|[from] item: Rocky Helmet|[of] p1a: Mandibuzz\n|\n|-heal|p2a: Hatterene|90/100|[from] item: Leftovers\n|upkeep\n|turn|11\n|\n|t:|1782441927\n|move|p1a: Mandibuzz|Foul Play|p2a: Hatterene\n|-damage|p2a: Hatterene|56/100\n|move|p2a: Hatterene|Trick Room|p2a: Hatterene\n|-fieldstart|move: Trick Room|[of] p2a: Hatterene\n|\n|-heal|p2a: Hatterene|63/100|[from] item: Leftovers\n|upkeep\n|turn|12\n|\n|t:|1782441932\n|move|p2a: Hatterene|Draining Kiss|p1a: Mandibuzz\n|-supereffective|p1a: Mandibuzz\n|-damage|p1a: Mandibuzz|0 fnt\n|-heal|p2a: Hatterene|100/100|[from] drain|[of] p1a: Mandibuzz\n|-damage|p2a: Hatterene|84/100|[from] item: Rocky Helmet|[of] p1a: Mandibuzz\n|faint|p1a: Mandibuzz\n|\n|-heal|p2a: Hatterene|90/100|[from] item: Leftovers\n|upkeep\n|\n|t:|1782441936\n|switch|p1a: Dusclops|Dusclops, M|69/100\n|-item|p2a: Hatterene|Leftovers|[from] ability: Frisk|[of] p1a: Dusclops\n|turn|13\n|\n|t:|1782441941\n|move|p2a: Hatterene|Psyshock|p1a: Dusclops\n|-damage|p1a: Dusclops|39/100\n|move|p1a: Dusclops|Night Shade|p2a: Hatterene\n|-damage|p2a: Hatterene|46/100\n|\n|-heal|p2a: Hatterene|52/100|[from] item: Leftovers\n|upkeep\n|turn|14\n|\n|t:|1782441948\n|-terastallize|p2a: Hatterene|Psychic\n|move|p2a: Hatterene|Psyshock|p1a: Dusclops\n|-damage|p1a: Dusclops|3/100\n|move|p1a: Dusclops|Pain Split|p2a: Hatterene\n|-sethp|p2a: Hatterene|28/100|[from] move: Pain Split|[silent]\n|-sethp|p1a: Dusclops|22/100|[from] move: Pain Split\n|\n|-heal|p2a: Hatterene|34/100|[from] item: Leftovers\n|upkeep\n|turn|15\n|\n|t:|1782441954\n|move|p2a: Hatterene|Psyshock|p1a: Dusclops\n|-damage|p1a: Dusclops|0 fnt\n|faint|p1a: Dusclops\n|\n|-heal|p2a: Hatterene|40/100|[from] item: Leftovers\n|-fieldend|move: Trick Room\n|upkeep\n|\n|t:|1782441956\n|switch|p1a: Cinderace|Cinderace, M|100/100\n|turn|16\n|\n|t:|1782441961\n|move|p1a: Cinderace|U-turn|p2a: Hatterene\n|-start|p1a: Cinderace|typechange|Bug|[from] ability: Libero\n|-supereffective|p2a: Hatterene\n|-damage|p2a: Hatterene|0 fnt\n|faint|p2a: Hatterene\n|\n|t:|1782441965\n|switch|p1a: Haxorus|Haxorus, M|100/100|[from] U-turn\n|-ability|p1a: Haxorus|Mold Breaker\n|\n|upkeep\n|\n|t:|1782441968\n|switch|p2a: Cloyster|Cloyster, F|100/100\n|turn|17\n|\n|t:|1782441977\n|switch|p1a: Primarina|Primarina, F|36/100\n|move|p2a: Cloyster|Shell Smash|p2a: Cloyster\n|-unboost|p2a: Cloyster|def|1\n|-unboost|p2a: Cloyster|spd|1\n|-boost|p2a: Cloyster|atk|2\n|-boost|p2a: Cloyster|spa|2\n|-boost|p2a: Cloyster|spe|2\n|\n|upkeep\n|turn|18\n|\n|t:|1782441983\n|move|p2a: Cloyster|Icicle Spear|p1a: Primarina\n|-resisted|p1a: Primarina\n|-damage|p1a: Primarina|21/100\n|-resisted|p1a: Primarina\n|-damage|p1a: Primarina|7/100\n|-resisted|p1a: Primarina\n|-damage|p1a: Primarina|0 fnt\n|faint|p1a: Primarina\n|-hitcount|p1: Primarina|3\n|\n|upkeep\n|\n|t:|1782441991\n|switch|p1a: Cinderace|Cinderace, M|100/100\n|turn|19\n|\n|t:|1782441998\n|move|p1a: Cinderace|Sucker Punch||[still]\n|-fail|p1a: Cinderace\n|move|p2a: Cloyster|Shell Smash|p2a: Cloyster\n|-unboost|p2a: Cloyster|def|1\n|-unboost|p2a: Cloyster|spd|1\n|-boost|p2a: Cloyster|atk|2\n|-boost|p2a: Cloyster|spa|2\n|-boost|p2a: Cloyster|spe|2\n|\n|upkeep\n|turn|20\n|-message|draxx377 forfeited.\n|\n|win|ash alot of blunts\n|raw|draxx377's rating: 1080 &rarr; <strong>1059</strong><br />(-21 for losing)\n|raw|ash alot of blunts's rating: 1102 &rarr; <strong>1125</strong><br />(+23 for winning)\n|l|☆draxx377\n|player|p1|\n|l|☆ash alot of blunts\n|player|p2|\n", "uploadtime": 1782442347, "views": 11, "formatid": "gen9ou", "rating": 1059, "private": 0, "password": null}