{"id": "gen9ou-2540767735", "format": "[Gen 9] OU", "players": ["ylilith", "CC Foot Soldier"], "log": "|j|☆ylilith\n|j|☆CC Foot Soldier\n|t:|1771251751\n|gametype|singles\n|player|p1|ylilith|parasollady|1682\n|player|p2|CC Foot Soldier|waiter-gen4|1667\n|gen|9\n|tier|[Gen 9] OU\n|rated|\n|rule|HP Percentage Mod: HP is shown in percentages\n|rule|Endless Battle Clause: Forcing endless battles is banned\n|rule|Species Clause: Limit one of each Pokémon\n|rule|OHKO Clause: OHKO moves are banned\n|rule|Evasion Items Clause: Evasion items are banned\n|rule|Evasion Moves Clause: Evasion moves are banned\n|rule|Evasion Abilities Clause: Evasion abilities are banned\n|rule|Sleep Moves Clause: Sleep-inducing moves are banned\n|clearpoke\n|poke|p1|Gholdengo|\n|poke|p1|Ting-Lu|\n|poke|p1|Deoxys-Speed|\n|poke|p1|Garganacl, M|\n|poke|p1|Ogerpon, F|\n|poke|p1|Gliscor, F|\n|poke|p2|Samurott-Hisui, F|\n|poke|p2|Raging Bolt|\n|poke|p2|Ogerpon, F|\n|poke|p2|Iron Treads|\n|poke|p2|Garganacl, M|\n|poke|p2|Pecharunt|\n|teampreview\n|inactive|Battle timer is ON: inactive players will automatically lose when time's up. (requested by CC Foot Soldier)\n|inactive|ylilith also wants the timer to be on.\n|inactive|CC Foot Soldier has 120 seconds left.\n|\n|t:|1771251789\n|teamsize|p1|6\n|teamsize|p2|6\n|start\n|switch|p1a: Garganacl|Garganacl, M|100/100\n|switch|p2a: Samurott|Samurott-Hisui, F|100/100\n|turn|1\n|\n|t:|1771251794\n|move|p2a: Samurott|Knock Off|p1a: Garganacl\n|-damage|p1a: Garganacl|75/100\n|-enditem|p1a: Garganacl|Leftovers|[from] move: Knock Off|[of] p2a: Samurott\n|move|p1a: Garganacl|Salt Cure|p2a: Samurott\n|-damage|p2a: Samurott|83/100\n|-start|p2a: Samurott|Salt Cure\n|\n|-damage|p2a: Samurott|58/100|[from] Salt Cure\n|upkeep\n|turn|2\n|\n|t:|1771251797\n|switch|p2a: Garganacl|Garganacl, M|100/100\n|move|p1a: Garganacl|Stealth Rock|p2a: Garganacl\n|-sidestart|p2: CC Foot Soldier|move: Stealth Rock\n|\n|upkeep\n|turn|3\n|\n|t:|1771251804\n|switch|p1a: Gliscor|Gliscor, F|100/100\n|move|p2a: Garganacl|Salt Cure|p1a: Gliscor\n|-damage|p1a: Gliscor|90/100\n|-start|p1a: Gliscor|Salt Cure\n|\n|-damage|p1a: Gliscor|78/100|[from] Salt Cure\n|-status|p1a: Gliscor|tox|[from] item: Toxic Orb\n|upkeep\n|turn|4\n|\n|t:|1771251810\n|move|p1a: Gliscor|U-turn|p2a: Garganacl\n|-damage|p2a: Garganacl|90/100\n|\n|t:|1771251819\n|switch|p1a: Deoxys|Deoxys-Speed|100/100|[from] U-turn\n|-ability|p1a: Deoxys|Pressure\n|move|p2a: Garganacl|Stealth Rock|p1a: Deoxys\n|-sidestart|p1: ylilith|move: Stealth Rock\n|\n|-heal|p2a: Garganacl|96/100|[from] item: Leftovers\n|upkeep\n|turn|5\n|\n|t:|1771251822\n|move|p1a: Deoxys|Knock Off|p2a: Garganacl\n|-damage|p2a: Garganacl|77/100\n|-enditem|p2a: Garganacl|Leftovers|[from] move: Knock Off|[of] p1a: Deoxys\n|move|p2a: Garganacl|Salt Cure|p1a: Deoxys\n|-damage|p1a: Deoxys|77/100\n|-start|p1a: Deoxys|Salt Cure\n|\n|-damage|p1a: Deoxys|64/100|[from] Salt Cure\n|upkeep\n|turn|6\n|\n|t:|1771251829\n|switch|p1a: Gliscor|Gliscor, F|78/100 tox\n|-damage|p1a: Gliscor|65/100 tox|[from] Stealth Rock\n|move|p2a: Garganacl|Recover|p2a: Garganacl\n|-heal|p2a: Garganacl|100/100\n|\n|-heal|p1a: Gliscor|78/100 tox|[from] ability: Poison Heal\n|upkeep\n|turn|7\n|\n|t:|1771251837\n|switch|p2a: Samurott|Samurott-Hisui, F|58/100\n|-damage|p2a: Samurott|46/100|[from] Stealth Rock\n|move|p1a: Gliscor|Earthquake|p2a: Samurott\n|-damage|p2a: Samurott|5/100\n|\n|-heal|p1a: Gliscor|90/100 tox|[from] ability: Poison Heal\n|upkeep\n|turn|8\n|\n|t:|1771251847\n|move|p2a: Samurott|Ceaseless Edge|p1a: Gliscor\n|-damage|p1a: Gliscor|58/100 tox\n|-sidestart|p1: ylilith|Spikes\n|move|p1a: Gliscor|U-turn|p2a: Samurott\n|-supereffective|p2a: Samurott\n|-damage|p2a: Samurott|0 fnt\n|faint|p2a: Samurott\n|\n|t:|1771251855\n|switch|p1a: Garganacl|Garganacl, M|75/100|[from] U-turn\n|-damage|p1a: Garganacl|63/100|[from] Stealth Rock\n|-damage|p1a: Garganacl|50/100|[from] Spikes\n|\n|upkeep\n|\n|t:|1771251861\n|switch|p2a: Ogerpon|Ogerpon, F|100/100\n|-damage|p2a: Ogerpon|88/100|[from] Stealth Rock\n|turn|9\n|\n|t:|1771251872\n|move|p1a: Garganacl|Protect|p1a: Garganacl\n|-singleturn|p1a: Garganacl|Protect\n|move|p2a: Ogerpon|Ivy Cudgel|p1a: Garganacl\n|-activate|p1a: Garganacl|move: Protect\n|\n|upkeep\n|turn|10\n|\n|t:|1771251891\n|switch|p1a: Gholdengo|Gholdengo|100/100\n|move|p2a: Ogerpon|Ivy Cudgel|p1a: Gholdengo\n|-resisted|p1a: Gholdengo\n|-damage|p1a: Gholdengo|77/100\n|\n|upkeep\n|turn|11\n|\n|t:|1771251909\n|switch|p2a: Iron Treads|Iron Treads|100/100\n|-damage|p2a: Iron Treads|98/100|[from] Stealth Rock\n|switch|p1a: Gliscor|Gliscor, F|58/100 tox\n|-damage|p1a: Gliscor|45/100 tox|[from] Stealth Rock\n|\n|-heal|p2a: Iron Treads|100/100|[from] item: Leftovers\n|-heal|p1a: Gliscor|58/100 tox|[from] ability: Poison Heal\n|upkeep\n|turn|12\n|\n|t:|1771251917\n|move|p2a: Iron Treads|Rapid Spin|p1a: Gliscor\n|-damage|p1a: Gliscor|47/100 tox\n|-boost|p2a: Iron Treads|spe|1\n|-sideend|p2: CC Foot Soldier|Stealth Rock|[from] move: Rapid Spin|[of] p2a: Iron Treads\n|move|p1a: Gliscor|Earthquake|p2a: Iron Treads\n|-supereffective|p2a: Iron Treads\n|-damage|p2a: Iron Treads|51/100\n|\n|-heal|p2a: Iron Treads|57/100|[from] item: Leftovers\n|-heal|p1a: Gliscor|59/100 tox|[from] ability: Poison Heal\n|upkeep\n|turn|13\n|\n|t:|1771251932\n|-end|p2a: Iron Treads|Quark Drive|[silent]\n|switch|p2a: Ogerpon|Ogerpon, F|88/100\n|move|p1a: Gliscor|Toxic|p2a: Ogerpon|[miss]\n|-miss|p1a: Gliscor|p2a: Ogerpon\n|\n|-heal|p1a: Gliscor|72/100 tox|[from] ability: Poison Heal\n|upkeep\n|turn|14\n|inactive|CC Foot Soldier has 120 seconds left.\n|\n|t:|1771251978\n|move|p1a: Gliscor|Protect|p1a: Gliscor\n|-singleturn|p1a: Gliscor|Protect\n|move|p2a: Ogerpon|Ivy Cudgel|p1a: Gliscor\n|-activate|p1a: Gliscor|move: Protect\n|\n|-heal|p1a: Gliscor|84/100 tox|[from] ability: Poison Heal\n|upkeep\n|turn|15\n|\n|t:|1771252002\n|-terastallize|p2a: Ogerpon|Grass\n|detailschange|p2a: Ogerpon|Ogerpon-Teal-Tera, F, tera:Grass\n|-ability|p2a: Ogerpon|Embody Aspect (Teal)|boost\n|-boost|p2a: Ogerpon|spe|1\n|move|p2a: Ogerpon|Ivy Cudgel|p1a: Gliscor\n|-damage|p1a: Gliscor|8/100 tox\n|move|p1a: Gliscor|Toxic|p2a: Ogerpon\n|-status|p2a: Ogerpon|tox\n|\n|-damage|p2a: Ogerpon|82/100 tox|[from] psn\n|-heal|p1a: Gliscor|20/100 tox|[from] ability: Poison Heal\n|upkeep\n|turn|16\n|\n|t:|1771252010\n|move|p1a: Gliscor|Protect|p1a: Gliscor\n|-singleturn|p1a: Gliscor|Protect\n|move|p2a: Ogerpon|Ivy Cudgel|p1a: Gliscor\n|-activate|p1a: Gliscor|move: Protect\n|\n|-damage|p2a: Ogerpon|70/100 tox|[from] psn\n|-heal|p1a: Gliscor|33/100 tox|[from] ability: Poison Heal\n|upkeep\n|turn|17\n|\n|t:|1771252023\n|switch|p1a: Gholdengo|Gholdengo|77/100\n|move|p2a: Ogerpon|Ivy Cudgel|p1a: Gholdengo\n|-resisted|p1a: Gholdengo\n|-damage|p1a: Gholdengo|43/100\n|\n|-damage|p2a: Ogerpon|52/100 tox|[from] psn\n|upkeep\n|turn|18\n|\n|t:|1771252026\n|move|p2a: Ogerpon|Ivy Cudgel|p1a: Gholdengo\n|-resisted|p1a: Gholdengo\n|-damage|p1a: Gholdengo|11/100\n|move|p1a: Gholdengo|Recover|p1a: Gholdengo\n|-heal|p1a: Gholdengo|61/100\n|\n|-damage|p2a: Ogerpon|28/100 tox|[from] psn\n|upkeep\n|turn|19\n|-message|CC Foot Soldier forfeited.\n|\n|win|ylilith\n|raw|ylilith's rating: 1682 &rarr; <strong>1701</strong><br />(+19 for winning)\n|raw|CC Foot Soldier's rating: 1667 &rarr; <strong>1648</strong><br />(-19 for losing)\n|l|☆CC Foot Soldier\n|player|p2|\n|c|☆ylilith|gg\n|l|☆ylilith\n|player|p1|\n", "uploadtime": 1771252301, "views": 9, "formatid": "gen9ou", "rating": 1648, "private": 0, "password": null}