{"id": "gen9ou-2639265950", "format": "[Gen 9] OU", "players": ["Parker757", "wizardrex"], "log": "|badge|p1|bronze|gen9ru|100-9\n|uhtml|medal-msg|<div class=\"broadcast-blue\">Curious what those medals under the avatar are? PS now has Ladder Seasons! For more information, check out the <a href=\"https://www.smogon.com/forums/threads/3740067/\">thread on Smogon.</a></div>\n|j|☆Parker757\n|j|☆wizardrex\n|t:|1782442802\n|gametype|singles\n|player|p1|Parker757|pokemonranger-gen4|1648\n|player|p2|wizardrex|170|1497\n|gen|9\n|tier|[Gen 9] OU\n|rated|\n|rule|HP Percentage Mod: HP is shown in percentages\n|rule|Endless Battle Clause: Forcing endless battles is banned\n|rule|Species Clause: Limit one of each Pokémon\n|rule|OHKO Clause: OHKO moves are banned\n|rule|Evasion Items Clause: Evasion items are banned\n|rule|Evasion Moves Clause: Evasion moves are banned\n|rule|Evasion Abilities Clause: Evasion abilities are banned\n|rule|Sleep Moves Clause: Sleep-inducing moves are banned\n|clearpoke\n|poke|p1|Gliscor, F|\n|poke|p1|Iron Valiant|\n|poke|p1|Hydrapple, M|\n|poke|p1|Ting-Lu|\n|poke|p1|Gholdengo|\n|poke|p1|Zamazenta-*|\n|poke|p2|Zapdos|\n|poke|p2|Pecharunt|\n|poke|p2|Primarina, F|\n|poke|p2|Meowscarada, F|\n|poke|p2|Dragonite, M|\n|poke|p2|Iron Treads|\n|teampreview\n|inactive|Battle timer is ON: inactive players will automatically lose when time's up. (requested by Parker757)\n|\n|t:|1782442808\n|teamsize|p1|6\n|teamsize|p2|6\n|start\n|switch|p1a: Gliscor|Gliscor, F|100/100\n|switch|p2a: Primarina|Primarina, F|100/100\n|turn|1\n|\n|t:|1782442822\n|move|p1a: Gliscor|Protect|p1a: Gliscor\n|-singleturn|p1a: Gliscor|Protect\n|move|p2a: Primarina|Ice Beam|p1a: Gliscor\n|-activate|p1a: Gliscor|move: Protect\n|\n|-status|p1a: Gliscor|tox|[from] item: Toxic Orb\n|upkeep\n|turn|2\n|\n|t:|1782442832\n|switch|p1a: Gholdengo|Gholdengo|100/100\n|move|p2a: Primarina|Ice Beam|p1a: Gholdengo\n|-resisted|p1a: Gholdengo\n|-damage|p1a: Gholdengo|80/100\n|\n|upkeep\n|turn|3\n|\n|t:|1782442835\n|move|p1a: Gholdengo|Make It Rain|p2a: Primarina\n|-damage|p2a: Primarina|65/100\n|-unboost|p1a: Gholdengo|spa|1\n|move|p2a: Primarina|Surf|p1a: Gholdengo\n|-damage|p1a: Gholdengo|20/100\n|\n|upkeep\n|turn|4\n|\n|t:|1782442854\n|move|p1a: Gholdengo|Make It Rain|p2a: Primarina\n|-damage|p2a: Primarina|42/100\n|-unboost|p1a: Gholdengo|spa|1\n|move|p2a: Primarina|Moonblast|p1a: Gholdengo\n|-resisted|p1a: Gholdengo\n|-damage|p1a: Gholdengo|0 fnt\n|faint|p1a: Gholdengo\n|\n|upkeep\n|\n|t:|1782442862\n|switch|p1a: Ting-Lu|Ting-Lu|100/100\n|-ability|p1a: Ting-Lu|Vessel of Ruin\n|turn|5\n|\n|t:|1782442868\n|move|p2a: Primarina|Moonblast|p1a: Ting-Lu\n|-supereffective|p1a: Ting-Lu\n|-damage|p1a: Ting-Lu|50/100\n|-unboost|p1a: Ting-Lu|spa|1\n|move|p1a: Ting-Lu|Earthquake|p2a: Primarina\n|-damage|p2a: Primarina|0 fnt\n|faint|p2a: Primarina\n|\n|-heal|p1a: Ting-Lu|57/100|[from] item: Leftovers\n|upkeep\n|\n|t:|1782442877\n|switch|p2a: Pecharunt|Pecharunt|100/100\n|turn|6\n|\n|t:|1782442885\n|switch|p1a: Gliscor|Gliscor, F|100/100 tox\n|move|p2a: Pecharunt|Malignant Chain|p1a: Gliscor\n|-resisted|p1a: Gliscor\n|-damage|p1a: Gliscor|88/100 tox\n|\n|-heal|p1a: Gliscor|100/100 tox|[from] ability: Poison Heal\n|upkeep\n|turn|7\n|\n|t:|1782442894\n|move|p2a: Pecharunt|Parting Shot|p1a: Gliscor\n|-unboost|p1a: Gliscor|atk|1\n|-unboost|p1a: Gliscor|spa|1\n|\n|t:|1782442899\n|switch|p2a: Zapdos|Zapdos|100/100|[from] Parting Shot\n|move|p1a: Gliscor|Knock Off|p2a: Zapdos\n|-damage|p2a: Zapdos|87/100\n|-enditem|p2a: Zapdos|Heavy-Duty Boots|[from] move: Knock Off|[of] p1a: Gliscor\n|\n|upkeep\n|turn|8\n|\n|t:|1782442904\n|move|p2a: Zapdos|Hurricane|p1a: Gliscor\n|-damage|p1a: Gliscor|45/100 tox\n|move|p1a: Gliscor|Knock Off|p2a: Zapdos\n|-damage|p2a: Zapdos|77/100\n|\n|-heal|p1a: Gliscor|57/100 tox|[from] ability: Poison Heal\n|upkeep\n|turn|9\n|\n|t:|1782442912\n|move|p1a: Gliscor|Protect|p1a: Gliscor\n|-singleturn|p1a: Gliscor|Protect\n|move|p2a: Zapdos|Hurricane|p1a: Gliscor\n|-activate|p1a: Gliscor|move: Protect\n|\n|-heal|p1a: Gliscor|70/100 tox|[from] ability: Poison Heal\n|upkeep\n|turn|10\n|\n|t:|1782442914\n|switch|p1a: Ting-Lu|Ting-Lu|57/100\n|-ability|p1a: Ting-Lu|Vessel of Ruin\n|move|p2a: Zapdos|Hurricane|p1a: Ting-Lu\n|-damage|p1a: Ting-Lu|28/100\n|\n|-heal|p1a: Ting-Lu|34/100|[from] item: Leftovers\n|upkeep\n|turn|11\n|\n|t:|1782442921\n|move|p2a: Zapdos|Hurricane|p1a: Ting-Lu\n|-damage|p1a: Ting-Lu|5/100\n|-start|p1a: Ting-Lu|confusion\n|-activate|p1a: Ting-Lu|confusion\n|-damage|p1a: Ting-Lu|0 fnt|[from] confusion\n|faint|p1a: Ting-Lu\n|\n|upkeep\n|\n|t:|1782442933\n|switch|p1a: Gliscor|Gliscor, F|70/100 tox\n|turn|12\n|\n|t:|1782442935\n|move|p2a: Zapdos|Hurricane|p1a: Gliscor\n|-damage|p1a: Gliscor|21/100 tox\n|move|p1a: Gliscor|Facade|p2a: Zapdos\n|-damage|p2a: Zapdos|43/100\n|\n|-heal|p1a: Gliscor|33/100 tox|[from] ability: Poison Heal\n|upkeep\n|turn|13\n|\n|t:|1782442942\n|move|p2a: Zapdos|Hurricane|p1a: Gliscor|[miss]\n|-miss|p2a: Zapdos|p1a: Gliscor\n|move|p1a: Gliscor|Facade|p2a: Zapdos\n|-damage|p2a: Zapdos|13/100\n|\n|-heal|p1a: Gliscor|46/100 tox|[from] ability: Poison Heal\n|upkeep\n|turn|14\n|\n|t:|1782442951\n|move|p2a: Zapdos|Roost|p2a: Zapdos\n|-heal|p2a: Zapdos|63/100\n|-singleturn|p2a: Zapdos|move: Roost\n|move|p1a: Gliscor|Swords Dance|p1a: Gliscor\n|-boost|p1a: Gliscor|atk|2\n|\n|-heal|p1a: Gliscor|58/100 tox|[from] ability: Poison Heal\n|upkeep\n|turn|15\n|\n|t:|1782442956\n|move|p2a: Zapdos|Hurricane|p1a: Gliscor\n|-damage|p1a: Gliscor|6/100 tox\n|move|p1a: Gliscor|Facade|p2a: Zapdos\n|-damage|p2a: Zapdos|0 fnt\n|faint|p2a: Zapdos\n|\n|-heal|p1a: Gliscor|18/100 tox|[from] ability: Poison Heal\n|upkeep\n|\n|t:|1782442964\n|switch|p2a: Iron Treads|Iron Treads|100/100\n|turn|16\n|\n|t:|1782442969\n|move|p1a: Gliscor|Protect|p1a: Gliscor\n|-singleturn|p1a: Gliscor|Protect\n|move|p2a: Iron Treads|Ice Spinner|p1a: Gliscor\n|-activate|p1a: Gliscor|move: Protect\n|\n|-heal|p1a: Gliscor|31/100 tox|[from] ability: Poison Heal\n|upkeep\n|turn|17\n|\n|t:|1782442973\n|switch|p1a: Zamazenta|Zamazenta|100/100\n|-ability|p1a: Zamazenta|Dauntless Shield|boost\n|-boost|p1a: Zamazenta|def|1\n|move|p2a: Iron Treads|Ice Spinner|p1a: Zamazenta\n|-damage|p1a: Zamazenta|84/100\n|\n|upkeep\n|turn|18\n|inactive|wizardrex has 120 seconds left.\n|\n|t:|1782443013\n|switch|p1a: Gliscor|Gliscor, F|31/100 tox\n|-end|p2a: Iron Treads|Quark Drive|[silent]\n|switch|p2a: Pecharunt|Pecharunt|100/100\n|\n|-heal|p1a: Gliscor|43/100 tox|[from] ability: Poison Heal\n|upkeep\n|turn|19\n|\n|t:|1782443019\n|move|p2a: Pecharunt|Shadow Ball|p1a: Gliscor\n|-damage|p1a: Gliscor|22/100 tox\n|move|p1a: Gliscor|Knock Off|p2a: Pecharunt\n|-supereffective|p2a: Pecharunt\n|-damage|p2a: Pecharunt|74/100\n|-damage|p1a: Gliscor|6/100 tox|[from] item: Rocky Helmet|[of] p2a: Pecharunt\n|-enditem|p2a: Pecharunt|Rocky Helmet|[from] move: Knock Off|[of] p1a: Gliscor\n|\n|-heal|p1a: Gliscor|18/100 tox|[from] ability: Poison Heal\n|upkeep\n|turn|20\n|inactive|wizardrex has 120 seconds left.\n|\n|t:|1782443036\n|move|p1a: Gliscor|Protect|p1a: Gliscor\n|-singleturn|p1a: Gliscor|Protect\n|move|p2a: Pecharunt|Shadow Ball|p1a: Gliscor\n|-activate|p1a: Gliscor|move: Protect\n|\n|-heal|p1a: Gliscor|31/100 tox|[from] ability: Poison Heal\n|upkeep\n|turn|21\n|\n|t:|1782443040\n|move|p2a: Pecharunt|Shadow Ball|p1a: Gliscor\n|-damage|p1a: Gliscor|8/100 tox\n|move|p1a: Gliscor|Knock Off|p2a: Pecharunt\n|-supereffective|p2a: Pecharunt\n|-damage|p2a: Pecharunt|57/100\n|\n|-heal|p1a: Gliscor|21/100 tox|[from] ability: Poison Heal\n|upkeep\n|turn|22\n|\n|t:|1782443045\n|move|p1a: Gliscor|Protect|p1a: Gliscor\n|-singleturn|p1a: Gliscor|Protect\n|move|p2a: Pecharunt|Recover|p2a: Pecharunt\n|-heal|p2a: Pecharunt|100/100\n|\n|-heal|p1a: Gliscor|33/100 tox|[from] ability: Poison Heal\n|upkeep\n|turn|23\n|\n|t:|1782443049\n|move|p2a: Pecharunt|Shadow Ball|p1a: Gliscor\n|-damage|p1a: Gliscor|12/100 tox\n|-unboost|p1a: Gliscor|spd|1\n|move|p1a: Gliscor|Knock Off|p2a: Pecharunt\n|-supereffective|p2a: Pecharunt\n|-damage|p2a: Pecharunt|84/100\n|\n|-heal|p1a: Gliscor|25/100 tox|[from] ability: Poison Heal\n|upkeep\n|turn|24\n|\n|t:|1782443052\n|switch|p2a: Iron Treads|Iron Treads|100/100\n|move|p1a: Gliscor|Protect||[still]\n|-fail|p1a: Gliscor\n|\n|-heal|p1a: Gliscor|37/100 tox|[from] ability: Poison Heal\n|upkeep\n|turn|25\n|\n|t:|1782443055\n|move|p1a: Gliscor|Protect|p1a: Gliscor\n|-singleturn|p1a: Gliscor|Protect\n|move|p2a: Iron Treads|Ice Spinner|p1a: Gliscor\n|-activate|p1a: Gliscor|move: Protect\n|\n|-heal|p1a: Gliscor|50/100 tox|[from] ability: Poison Heal\n|upkeep\n|turn|26\n|\n|t:|1782443058\n|switch|p1a: Zamazenta|Zamazenta|84/100\n|move|p2a: Iron Treads|Stealth Rock|p1a: Zamazenta\n|-sidestart|p1: Parker757|move: Stealth Rock\n|\n|upkeep\n|turn|27\n|\n|t:|1782443061\n|-end|p2a: Iron Treads|Quark Drive|[silent]\n|switch|p2a: Pecharunt|Pecharunt|84/100\n|move|p1a: Zamazenta|Crunch|p2a: Pecharunt\n|-supereffective|p2a: Pecharunt\n|-damage|p2a: Pecharunt|52/100\n|\n|upkeep\n|turn|28\n|\n|t:|1782443070\n|move|p1a: Zamazenta|Crunch|p2a: Pecharunt\n|-supereffective|p2a: Pecharunt\n|-damage|p2a: Pecharunt|21/100\n|-unboost|p2a: Pecharunt|def|1\n|move|p2a: Pecharunt|Parting Shot|p1a: Zamazenta\n|-unboost|p1a: Zamazenta|atk|1\n|-unboost|p1a: Zamazenta|spa|1\n|\n|t:|1782443084\n|switch|p2a: Meowscarada|Meowscarada, F|100/100|[from] Parting Shot\n|\n|upkeep\n|turn|29\n|\n|t:|1782443089\n|switch|p1a: Hydrapple|Hydrapple, M|100/100\n|move|p2a: Meowscarada|Triple Axel|p1a: Hydrapple\n|-start|p2a: Meowscarada|typechange|Ice|[from] ability: Protean\n|-supereffective|p1a: Hydrapple\n|-damage|p1a: Hydrapple|80/100\n|-supereffective|p1a: Hydrapple\n|-damage|p1a: Hydrapple|37/100\n|-supereffective|p1a: Hydrapple\n|-damage|p1a: Hydrapple|0 fnt\n|faint|p1a: Hydrapple\n|-hitcount|p1: Hydrapple|3\n|\n|upkeep\n|\n|t:|1782443093\n|switch|p1a: Zamazenta|Zamazenta|84/100\n|turn|30\n|\n|t:|1782443100\n|move|p2a: Meowscarada|Triple Axel|p1a: Zamazenta\n|-damage|p1a: Zamazenta|76/100\n|-damage|p1a: Zamazenta|59/100\n|-damage|p1a: Zamazenta|32/100\n|-hitcount|p1a: Zamazenta|3\n|move|p1a: Zamazenta|Close Combat|p2a: Meowscarada\n|-supereffective|p2a: Meowscarada\n|-damage|p2a: Meowscarada|0 fnt\n|-unboost|p1a: Zamazenta|def|1\n|-unboost|p1a: Zamazenta|spd|1\n|faint|p2a: Meowscarada\n|\n|upkeep\n|\n|t:|1782443121\n|switch|p2a: Dragonite|Dragonite, M|100/100\n|turn|31\n|\n|t:|1782443130\n|-terastallize|p2a: Dragonite|Normal\n|move|p1a: Zamazenta|Ice Fang|p2a: Dragonite\n|-damage|p2a: Dragonite|89/100\n|move|p2a: Dragonite|Dragon Dance|p2a: Dragonite\n|-boost|p2a: Dragonite|atk|1\n|-boost|p2a: Dragonite|spe|1\n|\n|upkeep\n|turn|32\n|\n|t:|1782443135\n|move|p2a: Dragonite|Extreme Speed|p1a: Zamazenta\n|-crit|p1a: Zamazenta\n|-damage|p1a: Zamazenta|0 fnt\n|faint|p1a: Zamazenta\n|\n|upkeep\n|\n|t:|1782443140\n|switch|p1a: Iron Valiant|Iron Valiant|100/100\n|-damage|p1a: Iron Valiant|94/100|[from] Stealth Rock\n|turn|33\n|\n|t:|1782443145\n|-terastallize|p1a: Iron Valiant|Fairy\n|move|p2a: Dragonite|Extreme Speed|p1a: Iron Valiant\n|-damage|p1a: Iron Valiant|6/100\n|move|p1a: Iron Valiant|Moonblast|p2a: Dragonite\n|-damage|p2a: Dragonite|0 fnt\n|faint|p2a: Dragonite\n|\n|upkeep\n|\n|t:|1782443152\n|switch|p2a: Iron Treads|Iron Treads|100/100\n|turn|34\n|\n|t:|1782443154\n|move|p1a: Iron Valiant|Moonblast|p2a: Iron Treads\n|-resisted|p2a: Iron Treads\n|-damage|p2a: Iron Treads|39/100\n|move|p2a: Iron Treads|Rapid Spin|p1a: Iron Valiant\n|-damage|p1a: Iron Valiant|0 fnt\n|-boost|p2a: Iron Treads|spe|1\n|faint|p1a: Iron Valiant\n|-end|p1a: Iron Valiant|Quark Drive|[silent]\n|\n|-heal|p2a: Iron Treads|46/100|[from] item: Leftovers\n|upkeep\n|\n|t:|1782443158\n|switch|p1a: Gliscor|Gliscor, F|50/100 tox\n|-damage|p1a: Gliscor|37/100 tox|[from] Stealth Rock\n|turn|35\n|\n|t:|1782443164\n|move|p1a: Gliscor|Protect|p1a: Gliscor\n|-singleturn|p1a: Gliscor|Protect\n|move|p2a: Iron Treads|Ice Spinner|p1a: Gliscor\n|-activate|p1a: Gliscor|move: Protect\n|\n|-heal|p2a: Iron Treads|52/100|[from] item: Leftovers\n|-heal|p1a: Gliscor|50/100 tox|[from] ability: Poison Heal\n|upkeep\n|turn|36\n|\n|t:|1782443166\n|move|p2a: Iron Treads|Ice Spinner|p1a: Gliscor\n|-supereffective|p1a: Gliscor\n|-damage|p1a: Gliscor|0 fnt\n|faint|p1a: Gliscor\n|\n|win|wizardrex\n|raw|Parker757's rating: 1664 &rarr; <strong>1635</strong><br />(-29 for losing)\n|raw|wizardrex's rating: 1497 &rarr; <strong>1526</strong><br />(+29 for winning)\n|l|☆Parker757\n|player|p1|\n", "uploadtime": 1782443179, "views": 7, "formatid": "gen9ou", "rating": 1526, "private": 0, "password": null}