{"id": "gen9ou-2647693362", "format": "[Gen 9] OU", "players": ["NoahMines", "Tamioka567"], "log": "|j|☆NoahMines\n|j|‽Tamioka567\n|t:|1783797302\n|gametype|singles\n|player|p1|NoahMines|acetrainer-gen4dp|\n|player|p2|Tamioka567|n|\n|gen|9\n|tier|[Gen 9] OU\n|rule|HP Percentage Mod: HP is shown in percentages\n|rule|Endless Battle Clause: Forcing endless battles is banned\n|rule|Species Clause: Limit one of each Pokémon\n|rule|OHKO Clause: OHKO moves are banned\n|rule|Evasion Items Clause: Evasion items are banned\n|rule|Evasion Moves Clause: Evasion moves are banned\n|rule|Evasion Abilities Clause: Evasion abilities are banned\n|rule|Sleep Moves Clause: Sleep-inducing moves are banned\n|clearpoke\n|poke|p1|Hatterene, F|\n|poke|p1|Pecharunt|\n|poke|p1|Samurott-Hisui, F|\n|poke|p1|Great Tusk|\n|poke|p1|Porygon-Z|\n|poke|p1|Dragonite, F|\n|poke|p2|Ribombee, M|\n|poke|p2|Dragonite, F|\n|poke|p2|Inteleon, F|\n|poke|p2|Rillaboom, M|\n|poke|p2|Gardevoir, F|\n|poke|p2|Mimikyu, M|\n|teampreview\n|inactive|Battle timer is ON: inactive players will automatically lose when time's up. (requested by NoahMines)\n|\n|t:|1783797324\n|teamsize|p1|6\n|teamsize|p2|6\n|start\n|switch|p1a: Samurai|Samurott-Hisui, F|100/100\n|switch|p2a: Mimikyu|Mimikyu, M|100/100\n|turn|1\n|\n|t:|1783797332\n|move|p2a: Mimikyu|Drain Punch|p1a: Samurai\n|-supereffective|p1a: Samurai\n|-damage|p1a: Samurai|27/100\n|-damage|p2a: Mimikyu|91/100|[from] item: Life Orb\n|move|p1a: Samurai|Ceaseless Edge|p2a: Mimikyu\n|-activate|p2a: Mimikyu|ability: Disguise\n|-damage|p2a: Mimikyu|91/100\n|-sidestart|p2: Tamioka567|Spikes\n|detailschange|p2a: Mimikyu|Mimikyu-Busted, M\n|-damage|p2a: Mimikyu|78/100|[from] pokemon: Mimikyu-Busted\n|\n|upkeep\n|turn|2\n|\n|t:|1783797343\n|move|p1a: Samurai|Sucker Punch|p2a: Mimikyu\n|-damage|p2a: Mimikyu|30/100\n|move|p2a: Mimikyu|Drain Punch|p1a: Samurai\n|-supereffective|p1a: Samurai\n|-damage|p1a: Samurai|0 fnt\n|-heal|p2a: Mimikyu|47/100|[from] drain|[of] p1a: Samurai\n|faint|p1a: Samurai\n|-damage|p2a: Mimikyu|37/100|[from] item: Life Orb\n|\n|upkeep\n|\n|t:|1783797356\n|switch|p1a: Little guy|Pecharunt|100/100\n|turn|3\n|\n|t:|1783797362\n|move|p2a: Mimikyu|Destiny Bond|p2a: Mimikyu\n|-singlemove|p2a: Mimikyu|Destiny Bond\n|move|p1a: Little guy|Malignant Chain|p2a: Mimikyu\n|-damage|p2a: Mimikyu|0 fnt\n|faint|p2a: Mimikyu\n|-activate|p2a: Mimikyu|move: Destiny Bond\n|faint|p1a: Little guy\n|\n|upkeep\n|\n|t:|1783797378\n|switch|p2a: Inteleon|Inteleon, F|100/100\n|switch|p1a: Polygon|Porygon-Z|100/100\n|-damage|p2a: Inteleon|88/100|[from] Spikes\n|turn|4\n|\n|t:|1783797386\n|-terastallize|p2a: Inteleon|Water\n|move|p1a: Polygon|Thunder|p2a: Inteleon|[miss]\n|-miss|p1a: Polygon|p2a: Inteleon\n|move|p2a: Inteleon|Snipe Shot|p1a: Polygon\n|-damage|p1a: Polygon|0 fnt\n|faint|p1a: Polygon\n|\n|upkeep\n|c|☆NoahMines|Bruh\n|\n|t:|1783797404\n|switch|p1a: Just a little guy|Dragonite, F|100/100\n|turn|5\n|\n|t:|1783797411\n|switch|p2a: Gardevoir|Gardevoir, F|100/100\n|-damage|p2a: Gardevoir|88/100|[from] Spikes\n|-ability|p2a: Gardevoir|Multiscale|Trace|[from] ability: Trace|[of] p1a: Just a little guy\n|move|p1a: Just a little guy|Dragon Dance|p1a: Just a little guy\n|-boost|p1a: Just a little guy|atk|1\n|-boost|p1a: Just a little guy|spe|1\n|\n|upkeep\n|turn|6\n|\n|t:|1783797416\n|-terastallize|p1a: Just a little guy|Normal\n|move|p1a: Just a little guy|Extreme Speed|p2a: Gardevoir\n|-damage|p2a: Gardevoir|0 fnt\n|faint|p2a: Gardevoir\n|-damage|p1a: Just a little guy|91/100|[from] item: Life Orb\n|\n|upkeep\n|\n|t:|1783797421\n|switch|p2a: Ribombee|Ribombee, M|100/100\n|-damage|p2a: Ribombee|88/100|[from] Spikes\n|turn|7\n|c|☆NoahMines|If that thunder hit, wed be in buisness\n|\n|t:|1783797436\n|move|p1a: Just a little guy|Extreme Speed|p2a: Ribombee\n|-damage|p2a: Ribombee|0 fnt\n|faint|p2a: Ribombee\n|-damage|p1a: Just a little guy|81/100|[from] item: Life Orb\n|\n|upkeep\n|\n|t:|1783797439\n|switch|p2a: Rillaboom|Rillaboom, M|100/100\n|-damage|p2a: Rillaboom|88/100|[from] Spikes\n|-fieldstart|move: Grassy Terrain|[from] ability: Grassy Surge|[of] p2a: Rillaboom\n|turn|8\n|\n|t:|1783797444\n|move|p1a: Just a little guy|Extreme Speed|p2a: Rillaboom\n|-damage|p2a: Rillaboom|5/100\n|-damage|p1a: Just a little guy|71/100|[from] item: Life Orb\n|move|p2a: Rillaboom|Grassy Glide|p1a: Just a little guy\n|-damage|p1a: Just a little guy|1/100\n|\n|-heal|p1a: Just a little guy|7/100|[from] Grassy Terrain\n|-heal|p2a: Rillaboom|11/100|[from] Grassy Terrain\n|upkeep\n|turn|9\n|\n|t:|1783797453\n|move|p1a: Just a little guy|Extreme Speed|p2a: Rillaboom\n|-damage|p2a: Rillaboom|0 fnt\n|faint|p2a: Rillaboom\n|-damage|p1a: Just a little guy|0 fnt|[from] item: Life Orb\n|faint|p1a: Just a little guy\n|\n|upkeep\n|\n|t:|1783797460\n|switch|p1a: Hat|Hatterene, F|100/100\n|switch|p2a: Inteleon|Inteleon, F, tera:Water|88/100\n|-damage|p2a: Inteleon|76/100|[from] Spikes\n|turn|10\n|\n|t:|1783797470\n|move|p2a: Inteleon|Snipe Shot|p1a: Hat\n|-crit|p1a: Hat\n|-damage|p1a: Hat|0 fnt\n|faint|p1a: Hat\n|\n|-heal|p2a: Inteleon|82/100|[from] Grassy Terrain\n|upkeep\n|\n|t:|1783797473\n|switch|p1a: Tusky|Great Tusk|100/100\n|turn|11\n|c|☆NoahMines|Gh\n|-message|NoahMines forfeited.\n|\n|win|Tamioka567\n|l|☆NoahMines\n|player|p1|\n|j|☆NoahMines\n|player|p1|NoahMines|acetrainer-gen4dp|\n", "uploadtime": 1783797483, "views": 10, "formatid": "gen9ou", "rating": null, "private": 0, "password": null}