{"id": "gen9ou-2647779282", "format": "[Gen 9] OU", "players": ["Yvonne348", "Dynamo Galar"], "log": "|j|☆Yvonne348\n|j|☆Dynamo Galar\n|t:|1783811167\n|gametype|singles\n|player|p1|Yvonne348|roxanne|1149\n|player|p2|Dynamo Galar|riley|1203\n|gen|9\n|tier|[Gen 9] OU\n|rated|\n|rule|HP Percentage Mod: HP is shown in percentages\n|rule|Endless Battle Clause: Forcing endless battles is banned\n|rule|Species Clause: Limit one of each Pokémon\n|rule|OHKO Clause: OHKO moves are banned\n|rule|Evasion Items Clause: Evasion items are banned\n|rule|Evasion Moves Clause: Evasion moves are banned\n|rule|Evasion Abilities Clause: Evasion abilities are banned\n|rule|Sleep Moves Clause: Sleep-inducing moves are banned\n|clearpoke\n|poke|p1|Mew|\n|poke|p1|Blaziken, M|\n|poke|p1|Dragonite, M|\n|poke|p1|Zamazenta-*|\n|poke|p1|Muk-Alola, M|\n|poke|p1|Meowscarada, F|\n|poke|p2|Cinderace, F|\n|poke|p2|Drednaw, M|\n|poke|p2|Hatterene, F|\n|poke|p2|Rillaboom, M|\n|poke|p2|Corviknight, M|\n|poke|p2|Toxtricity, M|\n|teampreview\n|\n|t:|1783811179\n|teamsize|p1|6\n|teamsize|p2|6\n|start\n|switch|p1a: Taco Bell|Muk-Alola, M|100/100\n|switch|p2a: Bonnie|Cinderace, F|100/100\n|turn|1\n|\n|t:|1783811185\n|switch|p2a: Wanda|Hatterene, F|100/100\n|move|p1a: Taco Bell|Protect||[still]\n|-fail|p1a: Taco Bell\n|\n|upkeep\n|turn|2\n|\n|t:|1783811194\n|switch|p2a: Itachi|Corviknight, M|100/100\n|move|p1a: Taco Bell|Knock Off|p2a: Itachi\n|-damage|p2a: Itachi|70/100\n|-damage|p1a: Taco Bell|84/100|[from] item: Rocky Helmet|[of] p2a: Itachi\n|-enditem|p2a: Itachi|Rocky Helmet|[from] move: Knock Off|[of] p1a: Taco Bell\n|\n|-heal|p1a: Taco Bell|90/100|[from] item: Black Sludge\n|upkeep\n|turn|3\n|\n|t:|1783811205\n|move|p2a: Itachi|Bulk Up|p2a: Itachi\n|-boost|p2a: Itachi|atk|1\n|-boost|p2a: Itachi|def|1\n|move|p1a: Taco Bell|Pain Split|p2a: Itachi\n|-sethp|p2a: Itachi|81/100|[from] move: Pain Split|[silent]\n|-sethp|p1a: Taco Bell|79/100|[from] move: Pain Split\n|\n|-heal|p1a: Taco Bell|85/100|[from] item: Black Sludge\n|upkeep\n|turn|4\n|\n|t:|1783811215\n|switch|p1a: McChicken|Blaziken, M, shiny|100/100\n|move|p2a: Itachi|Bulk Up|p2a: Itachi\n|-boost|p2a: Itachi|atk|1\n|-boost|p2a: Itachi|def|1\n|\n|upkeep\n|turn|5\n|\n|t:|1783811222\n|switch|p2a: Fang|Drednaw, M|100/100\n|move|p1a: McChicken|Swords Dance|p1a: McChicken\n|-boost|p1a: McChicken|atk|2\n|\n|-ability|p1a: McChicken|Speed Boost|boost\n|-boost|p1a: McChicken|spe|1\n|upkeep\n|turn|6\n|\n|t:|1783811231\n|move|p2a: Fang|Liquidation|p1a: McChicken\n|-supereffective|p1a: McChicken\n|-enditem|p1a: McChicken|Focus Sash\n|-damage|p1a: McChicken|1/100\n|move|p1a: McChicken|Swords Dance|p1a: McChicken\n|-boost|p1a: McChicken|atk|2\n|\n|-ability|p1a: McChicken|Speed Boost|boost\n|-boost|p1a: McChicken|spe|1\n|upkeep\n|turn|7\n|\n|t:|1783811242\n|move|p1a: McChicken|Close Combat|p2a: Fang\n|-supereffective|p2a: Fang\n|-damage|p2a: Fang|0 fnt\n|-unboost|p1a: McChicken|def|1\n|-unboost|p1a: McChicken|spd|1\n|faint|p2a: Fang\n|\n|-ability|p1a: McChicken|Speed Boost|boost\n|-boost|p1a: McChicken|spe|1\n|upkeep\n|\n|t:|1783811253\n|switch|p2a: Bonnie|Cinderace, F|100/100\n|turn|8\n|\n|t:|1783811260\n|move|p2a: Bonnie|Sucker Punch|p1a: McChicken\n|-start|p2a: Bonnie|typechange|Dark|[from] ability: Libero\n|-resisted|p1a: McChicken\n|-damage|p1a: McChicken|0 fnt\n|faint|p1a: McChicken\n|\n|upkeep\n|\n|t:|1783811273\n|switch|p1a: Dogo|Zamazenta, shiny|100/100\n|-ability|p1a: Dogo|Dauntless Shield|boost\n|-boost|p1a: Dogo|def|1\n|turn|9\n|\n|t:|1783811280\n|switch|p2a: Wanda|Hatterene, F|100/100\n|move|p1a: Dogo|Iron Defense|p1a: Dogo\n|-boost|p1a: Dogo|def|2\n|\n|upkeep\n|turn|10\n|\n|t:|1783811287\n|move|p1a: Dogo|Body Press|p2a: Wanda\n|-resisted|p2a: Wanda\n|-damage|p2a: Wanda|80/100\n|move|p2a: Wanda|Psychic Noise|p1a: Dogo\n|-supereffective|p1a: Dogo\n|-crit|p1a: Dogo\n|-damage|p1a: Dogo|0 fnt\n|faint|p1a: Dogo\n|\n|-heal|p2a: Wanda|86/100|[from] item: Leftovers\n|upkeep\n|\n|t:|1783811301\n|switch|p1a: Kit Kat|Meowscarada, F, shiny|100/100\n|turn|11\n|\n|t:|1783811304\n|move|p1a: Kit Kat|Flower Trick|p2a: Wanda\n|-start|p1a: Kit Kat|typechange|Grass|[from] ability: Protean\n|-crit|p2a: Wanda\n|-damage|p2a: Wanda|6/100\n|-damage|p1a: Kit Kat|91/100|[from] item: Life Orb\n|move|p2a: Wanda|Draining Kiss|p1a: Kit Kat\n|-damage|p1a: Kit Kat|46/100\n|-heal|p2a: Wanda|36/100|[from] drain|[of] p1a: Kit Kat\n|\n|-heal|p2a: Wanda|42/100|[from] item: Leftovers\n|upkeep\n|turn|12\n|\n|t:|1783811318\n|switch|p2a: Itachi|Corviknight, M|81/100\n|move|p1a: Kit Kat|Flower Trick|p2a: Itachi\n|-resisted|p2a: Itachi\n|-crit|p2a: Itachi\n|-damage|p2a: Itachi|67/100\n|-damage|p1a: Kit Kat|37/100|[from] item: Life Orb\n|\n|upkeep\n|turn|13\n|\n|t:|1783811327\n|move|p1a: Kit Kat|Triple Axel|p2a: Itachi\n|-damage|p2a: Itachi|60/100\n|-damage|p2a: Itachi|45/100\n|-damage|p2a: Itachi|22/100\n|-hitcount|p2a: Itachi|3\n|-damage|p1a: Kit Kat|27/100|[from] item: Life Orb\n|move|p2a: Itachi|Bulk Up|p2a: Itachi\n|-boost|p2a: Itachi|atk|1\n|-boost|p2a: Itachi|def|1\n|\n|upkeep\n|turn|14\n|\n|t:|1783811337\n|move|p1a: Kit Kat|Triple Axel|p2a: Itachi\n|-damage|p2a: Itachi|17/100\n|-damage|p2a: Itachi|8/100\n|-damage|p2a: Itachi|0 fnt\n|faint|p2a: Itachi\n|-hitcount|p2: Itachi|3\n|-damage|p1a: Kit Kat|17/100|[from] item: Life Orb\n|\n|upkeep\n|\n|t:|1783811353\n|switch|p2a: Bonnie|Cinderace, F|100/100\n|turn|15\n|\n|t:|1783811365\n|switch|p1a: Ord|Dragonite, M, shiny|100/100\n|move|p2a: Bonnie|Pyro Ball|p1a: Ord\n|-resisted|p1a: Ord\n|-damage|p1a: Ord|86/100\n|\n|upkeep\n|turn|16\n|\n|t:|1783811374\n|move|p2a: Bonnie|Pyro Ball|p1a: Ord|[miss]\n|-miss|p2a: Bonnie|p1a: Ord\n|move|p1a: Ord|Dragon Dance|p1a: Ord\n|-boost|p1a: Ord|atk|1\n|-boost|p1a: Ord|spe|1\n|\n|upkeep\n|turn|17\n|-message|Dynamo Galar forfeited.\n|\n|win|Yvonne348\n|raw|Yvonne348's rating: 1149 &rarr; <strong>1178</strong><br />(+29 for winning)\n|raw|Dynamo Galar's rating: 1203 &rarr; <strong>1174</strong><br />(-29 for losing)\n|l|☆Dynamo Galar\n|player|p2|\n", "uploadtime": 1783811398, "views": 5, "formatid": "gen9ou", "rating": 1174, "private": 0, "password": null}