{"id": "gen9ou-2639254479", "format": "[Gen 9] OU", "players": ["Razori", "HYTT_tttt代号中"], "log": "|j|☆Razori\n|j|☆HYTT_tttt代号中\n|t:|1782441066\n|gametype|singles\n|player|p1|Razori|tuber|1247\n|player|p2|HYTT_tttt代号中|rosa-pokestar2|1215\n|gen|9\n|tier|[Gen 9] OU\n|rated|\n|rule|HP Percentage Mod: HP is shown in percentages\n|rule|Endless Battle Clause: Forcing endless battles is banned\n|rule|Species Clause: Limit one of each Pokémon\n|rule|OHKO Clause: OHKO moves are banned\n|rule|Evasion Items Clause: Evasion items are banned\n|rule|Evasion Moves Clause: Evasion moves are banned\n|rule|Evasion Abilities Clause: Evasion abilities are banned\n|rule|Sleep Moves Clause: Sleep-inducing moves are banned\n|clearpoke\n|poke|p1|Darkrai|\n|poke|p1|Samurott-Hisui, M|\n|poke|p1|Glimmora, F|\n|poke|p1|Ting-Lu|\n|poke|p1|Deoxys-Speed|\n|poke|p1|Dragonite, F|\n|poke|p2|Hippowdon, F|\n|poke|p2|Garganacl, M|\n|poke|p2|Reuniclus, F|\n|poke|p2|Corviknight, F|\n|poke|p2|Gliscor, M|\n|poke|p2|Alomomola, M|\n|teampreview\n|inactive|Battle timer is ON: inactive players will automatically lose when time's up. (requested by Razori)\n|\n|t:|1782441080\n|teamsize|p1|6\n|teamsize|p2|6\n|start\n|switch|p1a: Samurott|Samurott-Hisui, M|100/100\n|switch|p2a: 阿三|Hippowdon, F|100/100\n|-weather|Sandstorm|[from] ability: Sand Stream|[of] p2a: 阿三\n|turn|1\n|\n|t:|1782441089\n|switch|p2a: 鸟人|Corviknight, F|100/100\n|-ability|p2a: 鸟人|Pressure\n|move|p1a: Samurott|Ceaseless Edge|p2a: 鸟人|[miss]\n|-miss|p1a: Samurott|p2a: 鸟人\n|\n|-weather|Sandstorm|[upkeep]\n|-damage|p1a: Samurott|94/100|[from] Sandstorm\n|upkeep\n|turn|2\n|\n|t:|1782441102\n|move|p1a: Samurott|Ceaseless Edge|p2a: 鸟人\n|-damage|p2a: 鸟人|73/100\n|-damage|p1a: Samurott|78/100|[from] item: Rocky Helmet|[of] p2a: 鸟人\n|-sidestart|p2: HYTT_tttt代号中|Spikes\n|move|p2a: 鸟人|U-turn|p1a: Samurott\n|-supereffective|p1a: Samurott\n|-damage|p1a: Samurott|42/100\n|\n|t:|1782441110\n|switch|p2a: koko|Reuniclus, F|100/100|[from] U-turn\n|\n|-weather|Sandstorm|[upkeep]\n|-damage|p1a: Samurott|36/100|[from] Sandstorm\n|upkeep\n|turn|3\n|\n|t:|1782441118\n|-terastallize|p2a: koko|Fighting\n|move|p1a: Samurott|Ceaseless Edge|p2a: koko\n|-resisted|p2a: koko\n|-damage|p2a: koko|85/100\n|-damage|p1a: Samurott|20/100|[from] item: Rocky Helmet|[of] p2a: koko\n|-sidestart|p2: HYTT_tttt代号中|Spikes\n|move|p2a: koko|Calm Mind|p2a: koko\n|-boost|p2a: koko|spa|1\n|-boost|p2a: koko|spd|1\n|\n|-weather|Sandstorm|[upkeep]\n|-damage|p1a: Samurott|14/100|[from] Sandstorm\n|upkeep\n|turn|4\n|\n|t:|1782441133\n|move|p1a: Samurott|Ceaseless Edge|p2a: koko\n|-resisted|p2a: koko\n|-damage|p2a: koko|69/100\n|-damage|p1a: Samurott|0 fnt|[from] item: Rocky Helmet|[of] p2a: koko\n|faint|p1a: Samurott\n|move|p2a: koko|Calm Mind|p2a: koko\n|-boost|p2a: koko|spa|1\n|-boost|p2a: koko|spd|1\n|\n|-weather|Sandstorm|[upkeep]\n|upkeep\n|\n|t:|1782441143\n|switch|p1a: Darkrai|Darkrai|100/100\n|turn|5\n|\n|t:|1782441148\n|move|p1a: Darkrai|Psychic|p2a: koko\n|-supereffective|p2a: koko\n|-damage|p2a: koko|27/100\n|move|p2a: koko|Focus Blast|p1a: Darkrai\n|-supereffective|p1a: Darkrai\n|-damage|p1a: Darkrai|0 fnt\n|faint|p1a: Darkrai\n|\n|-weather|none\n|upkeep\n|\n|t:|1782441157\n|switch|p1a: Deoxys|Deoxys-Speed|100/100\n|-ability|p1a: Deoxys|Pressure\n|turn|6\n|\n|t:|1782441165\n|move|p1a: Deoxys|Psycho Boost|p2a: koko\n|-supereffective|p2a: koko\n|-damage|p2a: koko|0 fnt\n|-unboost|p1a: Deoxys|spa|2\n|faint|p2a: koko\n|-damage|p1a: Deoxys|91/100|[from] item: Life Orb\n|\n|upkeep\n|\n|t:|1782441173\n|switch|p2a: 鸟人|Corviknight, F|73/100\n|-ability|p2a: 鸟人|Pressure\n|turn|7\n|\n|t:|1782441180\n|move|p1a: Deoxys|Superpower|p2a: 鸟人\n|-damage|p2a: 鸟人|46/100\n|-unboost|p1a: Deoxys|atk|1\n|-unboost|p1a: Deoxys|def|1\n|-damage|p1a: Deoxys|74/100|[from] item: Rocky Helmet|[of] p2a: 鸟人\n|-damage|p1a: Deoxys|64/100|[from] item: Life Orb\n|move|p2a: 鸟人|Defog|p1a: Deoxys\n|-unboost|p1a: Deoxys|evasion|1\n|-sideend|p2: HYTT_tttt代号中|Spikes|[from] move: Defog|[of] p2a: 鸟人\n|\n|upkeep\n|turn|8\n|\n|t:|1782441192\n|switch|p1a: Glimmora|Glimmora, F|100/100\n|move|p2a: 鸟人|Roost|p2a: 鸟人\n|-heal|p2a: 鸟人|96/100\n|-singleturn|p2a: 鸟人|move: Roost\n|\n|upkeep\n|turn|9\n|\n|t:|1782441200\n|move|p1a: Glimmora|Spikes|p2a: 鸟人\n|-sidestart|p2: HYTT_tttt代号中|Spikes\n|move|p2a: 鸟人|Brave Bird|p1a: Glimmora\n|-resisted|p1a: Glimmora\n|-damage|p1a: Glimmora|83/100\n|-damage|p2a: 鸟人|80/100|[from] item: Rocky Helmet|[of] p1a: Glimmora\n|-activate|p1a: Glimmora|ability: Toxic Debris\n|-sidestart|p2: HYTT_tttt代号中|move: Toxic Spikes\n|-damage|p2a: 鸟人|75/100|[from] Recoil\n|\n|upkeep\n|turn|10\n|\n|t:|1782441212\n|move|p1a: Glimmora|Stealth Rock|p2a: 鸟人\n|-sidestart|p2: HYTT_tttt代号中|move: Stealth Rock\n|move|p2a: 鸟人|Defog|p1a: Glimmora\n|-unboost|p1a: Glimmora|evasion|1\n|-sideend|p2: HYTT_tttt代号中|Spikes|[from] move: Defog|[of] p2a: 鸟人\n|-sideend|p2: HYTT_tttt代号中|Toxic Spikes|[from] move: Defog|[of] p2a: 鸟人\n|-sideend|p2: HYTT_tttt代号中|Stealth Rock|[from] move: Defog|[of] p2a: 鸟人\n|\n|upkeep\n|turn|11\n|\n|t:|1782441226\n|switch|p2a: 阿三|Hippowdon, F|100/100\n|-weather|Sandstorm|[from] ability: Sand Stream|[of] p2a: 阿三\n|move|p1a: Glimmora|Spiky Shield||[still]\n|-fail|p1a: Glimmora\n|\n|-weather|Sandstorm|[upkeep]\n|upkeep\n|turn|12\n|\n|t:|1782441230\n|move|p1a: Glimmora|Toxic|p2a: 阿三\n|-status|p2a: 阿三|tox\n|move|p2a: 阿三|Earthquake|p1a: Glimmora\n|-supereffective|p1a: Glimmora\n|-damage|p1a: Glimmora|0 fnt\n|-activate|p1a: Glimmora|ability: Toxic Debris\n|-sidestart|p2: HYTT_tttt代号中|move: Toxic Spikes\n|faint|p1a: Glimmora\n|\n|-weather|Sandstorm|[upkeep]\n|-damage|p2a: 阿三|94/100 tox|[from] psn\n|upkeep\n|\n|t:|1782441241\n|switch|p1a: Ting-Lu|Ting-Lu|100/100\n|-ability|p1a: Ting-Lu|Vessel of Ruin\n|turn|13\n|\n|t:|1782441247\n|switch|p2a: 鸟人|Corviknight, F|75/100\n|-ability|p2a: 鸟人|Pressure\n|move|p1a: Ting-Lu|Stealth Rock|p2a: 鸟人\n|-sidestart|p2: HYTT_tttt代号中|move: Stealth Rock\n|\n|-weather|Sandstorm|[upkeep]\n|upkeep\n|turn|14\n|\n|t:|1782441254\n|move|p2a: 鸟人|Defog|p1a: Ting-Lu\n|-unboost|p1a: Ting-Lu|evasion|1\n|-sideend|p2: HYTT_tttt代号中|Toxic Spikes|[from] move: Defog|[of] p2a: 鸟人\n|-sideend|p2: HYTT_tttt代号中|Stealth Rock|[from] move: Defog|[of] p2a: 鸟人\n|move|p1a: Ting-Lu|Substitute|p1a: Ting-Lu\n|-start|p1a: Ting-Lu|Substitute\n|-damage|p1a: Ting-Lu|76/100\n|\n|-weather|Sandstorm|[upkeep]\n|upkeep\n|turn|15\n|\n|t:|1782441261\n|move|p2a: 鸟人|U-turn|p1a: Ting-Lu\n|-supereffective|p1a: Ting-Lu\n|-activate|p1a: Ting-Lu|move: Substitute|[damage]\n|\n|t:|1782441265\n|switch|p2a: 土猫|Gliscor, M|100/100|[from] U-turn\n|move|p1a: Ting-Lu|Whirlwind|p2a: 土猫\n|drag|p2a: 鸟人|Corviknight, F|75/100\n|-ability|p2a: 鸟人|Pressure\n|\n|-weather|none\n|upkeep\n|turn|16\n|\n|t:|1782441277\n|move|p2a: 鸟人|U-turn|p1a: Ting-Lu\n|-supereffective|p1a: Ting-Lu\n|-activate|p1a: Ting-Lu|move: Substitute|[damage]\n|\n|t:|1782441282\n|switch|p2a: 土猫|Gliscor, M|100/100|[from] U-turn\n|move|p1a: Ting-Lu|Whirlwind|p2a: 土猫\n|drag|p2a: 玛姬|Garganacl, M|100/100\n|\n|upkeep\n|turn|17\n|\n|t:|1782441290\n|move|p1a: Ting-Lu|Stealth Rock|p2a: 玛姬\n|-sidestart|p2: HYTT_tttt代号中|move: Stealth Rock\n|move|p2a: 玛姬|Salt Cure|p1a: Ting-Lu\n|-resisted|p1a: Ting-Lu\n|-end|p1a: Ting-Lu|Substitute\n|\n|upkeep\n|turn|18\n|\n|t:|1782441305\n|switch|p1a: Deoxys|Deoxys-Speed|64/100\n|-ability|p1a: Deoxys|Pressure\n|move|p2a: 玛姬|Salt Cure|p1a: Deoxys\n|-damage|p1a: Deoxys|40/100\n|-start|p1a: Deoxys|Salt Cure\n|\n|-damage|p1a: Deoxys|27/100|[from] Salt Cure\n|upkeep\n|turn|19\n|\n|t:|1782441317\n|move|p1a: Deoxys|Superpower|p2a: 玛姬\n|-supereffective|p2a: 玛姬\n|-damage|p2a: 玛姬|48/100\n|-unboost|p1a: Deoxys|atk|1\n|-unboost|p1a: Deoxys|def|1\n|-damage|p1a: Deoxys|18/100|[from] item: Life Orb\n|move|p2a: 玛姬|Recover|p2a: 玛姬\n|-heal|p2a: 玛姬|98/100\n|\n|-heal|p2a: 玛姬|100/100|[from] item: Leftovers\n|-damage|p1a: Deoxys|5/100|[from] Salt Cure\n|upkeep\n|turn|20\n|\n|t:|1782441333\n|switch|p1a: Dragonite|Dragonite, F|100/100\n|switch|p2a: 土猫|Gliscor, M|100/100\n|-damage|p2a: 土猫|88/100|[from] Stealth Rock\n|\n|-status|p2a: 土猫|tox|[from] item: Toxic Orb\n|upkeep\n|turn|21\n|\n|t:|1782441357\n|move|p2a: 土猫|Knock Off|p1a: Dragonite\n|-damage|p1a: Dragonite|90/100\n|-enditem|p1a: Dragonite|Leftovers|[from] move: Knock Off|[of] p2a: 土猫\n|move|p1a: Dragonite|Dragon Tail|p2a: 土猫\n|-damage|p2a: 土猫|61/100 tox\n|drag|p2a: 玛姬|Garganacl, M|100/100\n|-damage|p2a: 玛姬|88/100|[from] Stealth Rock\n|\n|-heal|p2a: 玛姬|94/100|[from] item: Leftovers\n|upkeep\n|turn|22\n|\n|t:|1782441368\n|move|p2a: 玛姬|Salt Cure|p1a: Dragonite\n|-supereffective|p1a: Dragonite\n|-damage|p1a: Dragonite|62/100\n|-start|p1a: Dragonite|Salt Cure\n|move|p1a: Dragonite|Dragon Tail|p2a: 玛姬|[miss]\n|-miss|p1a: Dragonite|p2a: 玛姬\n|\n|-heal|p2a: 玛姬|100/100|[from] item: Leftovers\n|-damage|p1a: Dragonite|49/100|[from] Salt Cure\n|upkeep\n|turn|23\n|\n|t:|1782441378\n|switch|p1a: Deoxys|Deoxys-Speed|5/100\n|-ability|p1a: Deoxys|Pressure\n|move|p2a: 玛姬|Salt Cure|p1a: Deoxys\n|-damage|p1a: Deoxys|0 fnt\n|faint|p1a: Deoxys\n|\n|upkeep\n|\n|t:|1782441381\n|switch|p1a: Dragonite|Dragonite, F|49/100\n|turn|24\n|-message|Razori forfeited.\n|\n|win|HYTT_tttt代号中\n|raw|Razori's rating: 1247 &rarr; <strong>1220</strong><br />(-27 for losing)\n|raw|HYTT_tttt代号中's rating: 1215 &rarr; <strong>1242</strong><br />(+27 for winning)\n|l|☆Razori\n|player|p1|\n|l|☆HYTT_tttt代号中\n|player|p2|\n|j|☆HYTT_tttt代号中\n|player|p2|HYTT_tttt代号中|rosa-pokestar2|\n", "uploadtime": 1782441391, "views": 7, "formatid": "gen9ou", "rating": 1220, "private": 0, "password": null}