{"id": "gen9ou-2647778612", "format": "[Gen 9] OU", "players": ["Josefe007", "bengalitoh"], "log": "|j|☆Josefe007\n|j|☆bengalitoh\n|t:|1783811059\n|gametype|singles\n|player|p1|Josefe007|pokemonranger-gen4|1232\n|player|p2|bengalitoh|janine|1184\n|gen|9\n|tier|[Gen 9] OU\n|rated|\n|rule|HP Percentage Mod: HP is shown in percentages\n|rule|Endless Battle Clause: Forcing endless battles is banned\n|rule|Species Clause: Limit one of each Pokémon\n|rule|OHKO Clause: OHKO moves are banned\n|rule|Evasion Items Clause: Evasion items are banned\n|rule|Evasion Moves Clause: Evasion moves are banned\n|rule|Evasion Abilities Clause: Evasion abilities are banned\n|rule|Sleep Moves Clause: Sleep-inducing moves are banned\n|clearpoke\n|poke|p1|Mew|\n|poke|p1|Dragonite, F|\n|poke|p1|Alomomola, M|\n|poke|p1|Glimmora, F|\n|poke|p1|Snorlax, M|\n|poke|p1|Kingdra, M|\n|poke|p2|Tyranitar, M|\n|poke|p2|Excadrill, M|\n|poke|p2|Gliscor, M|\n|poke|p2|Mienshao, F|\n|poke|p2|Scizor, M|\n|poke|p2|Rotom-Wash|\n|teampreview\n|inactive|Battle timer is ON: inactive players will automatically lose when time's up. (requested by Josefe007)\n|\n|t:|1783811093\n|teamsize|p1|6\n|teamsize|p2|6\n|start\n|switch|p1a: Mew|Mew|100/100\n|switch|p2a: Gliscor|Gliscor, M, shiny|100/100\n|turn|1\n|\n|t:|1783811100\n|move|p1a: Mew|Iron Defense|p1a: Mew\n|-boost|p1a: Mew|def|2\n|move|p2a: Gliscor|Knock Off|p1a: Mew\n|-supereffective|p1a: Mew\n|-damage|p1a: Mew|80/100\n|-enditem|p1a: Mew|Leftovers|[from] move: Knock Off|[of] p2a: Gliscor\n|\n|-status|p2a: Gliscor|tox|[from] item: Toxic Orb\n|upkeep\n|turn|2\n|\n|t:|1783811124\n|move|p1a: Mew|Iron Defense|p1a: Mew\n|-boost|p1a: Mew|def|2\n|move|p2a: Gliscor|Stealth Rock|p1a: Mew\n|-sidestart|p1: Josefe007|move: Stealth Rock\n|\n|upkeep\n|turn|3\n|\n|t:|1783811135\n|move|p1a: Mew|Iron Defense|p1a: Mew\n|-boost|p1a: Mew|def|2\n|move|p2a: Gliscor|Toxic|p1a: Mew\n|-status|p1a: Mew|tox\n|-activate|p1a: Mew|ability: Synchronize\n|-fail|p2a: Gliscor|tox\n|\n|-damage|p1a: Mew|74/100 tox|[from] psn\n|upkeep\n|turn|4\n|\n|t:|1783811162\n|move|p2a: Gliscor|Protect|p2a: Gliscor\n|-singleturn|p2a: Gliscor|Protect\n|move|p1a: Mew|Stored Power|p2a: Gliscor\n|-activate|p2a: Gliscor|move: Protect\n|\n|-damage|p1a: Mew|62/100 tox|[from] psn\n|upkeep\n|turn|5\n|\n|t:|1783811168\n|switch|p2a: Tyranitar|Tyranitar, M|100/100\n|-weather|Sandstorm|[from] ability: Sand Stream|[of] p2a: Tyranitar\n|move|p1a: Mew|Rest|p1a: Mew\n|-status|p1a: Mew|slp|[from] move: Rest\n|-heal|p1a: Mew|100/100 slp|[silent]\n|\n|-weather|Sandstorm|[upkeep]\n|-damage|p1a: Mew|94/100 slp|[from] Sandstorm\n|upkeep\n|turn|6\n|\n|t:|1783811175\n|-terastallize|p1a: Mew|Normal\n|cant|p1a: Mew|slp\n|move|p2a: Tyranitar|Knock Off|p1a: Mew\n|-damage|p1a: Mew|83/100 slp\n|\n|-weather|Sandstorm|[upkeep]\n|-damage|p1a: Mew|77/100 slp|[from] Sandstorm\n|upkeep\n|turn|7\n|\n|t:|1783811184\n|switch|p2a: Rotom|Rotom-Wash|100/100\n|cant|p1a: Mew|slp\n|\n|-weather|Sandstorm|[upkeep]\n|-damage|p1a: Mew|71/100 slp|[from] Sandstorm\n|-damage|p2a: Rotom|94/100|[from] Sandstorm\n|-heal|p2a: Rotom|100/100|[from] item: Leftovers\n|upkeep\n|turn|8\n|inactive|bengalitoh has 120 seconds left.\n|\n|t:|1783811220\n|-curestatus|p1a: Mew|slp|[msg]\n|move|p1a: Mew|Stored Power|p2a: Rotom\n|-damage|p2a: Rotom|52/100\n|move|p2a: Rotom|Hydro Pump|p1a: Mew\n|-damage|p1a: Mew|35/100\n|\n|-weather|Sandstorm|[upkeep]\n|-damage|p1a: Mew|29/100|[from] Sandstorm\n|-damage|p2a: Rotom|46/100|[from] Sandstorm\n|-heal|p2a: Rotom|52/100|[from] item: Leftovers\n|upkeep\n|turn|9\n|inactive|bengalitoh has 120 seconds left.\n|\n|t:|1783811237\n|switch|p1a: Alomomola|Alomomola, M|100/100\n|-damage|p1a: Alomomola|88/100|[from] Stealth Rock\n|move|p2a: Rotom|Volt Switch|p1a: Alomomola\n|-supereffective|p1a: Alomomola\n|-damage|p1a: Alomomola|62/100\n|inactive|bengalitoh has 120 seconds left.\n|\n|t:|1783811264\n|switch|p2a: Gliscor|Gliscor, M, shiny|100/100 tox|[from] Volt Switch\n|\n|-weather|none\n|upkeep\n|turn|10\n|\n|t:|1783811271\n|move|p2a: Gliscor|Knock Off|p1a: Alomomola\n|-damage|p1a: Alomomola|49/100\n|-enditem|p1a: Alomomola|Assault Vest|[from] move: Knock Off|[of] p2a: Gliscor\n|move|p1a: Alomomola|Flip Turn|p2a: Gliscor\n|-supereffective|p2a: Gliscor\n|-damage|p2a: Gliscor|77/100 tox\n|\n|t:|1783811284\n|switch|p1a: Snorlax|Snorlax, M, shiny|100/100|[from] Flip Turn\n|-damage|p1a: Snorlax|88/100|[from] Stealth Rock\n|\n|-heal|p1a: Snorlax|94/100|[from] item: Leftovers\n|-heal|p2a: Gliscor|89/100 tox|[from] ability: Poison Heal\n|upkeep\n|turn|11\n|\n|t:|1783811294\n|move|p2a: Gliscor|Toxic|p1a: Snorlax\n|-immune|p1a: Snorlax|[from] ability: Immunity\n|move|p1a: Snorlax|Curse|p1a: Snorlax\n|-unboost|p1a: Snorlax|spe|1\n|-boost|p1a: Snorlax|atk|1\n|-boost|p1a: Snorlax|def|1\n|\n|-heal|p1a: Snorlax|99/100|[from] item: Leftovers\n|-heal|p2a: Gliscor|100/100 tox|[from] ability: Poison Heal\n|upkeep\n|turn|12\n|\n|t:|1783811300\n|move|p2a: Gliscor|Knock Off|p1a: Snorlax\n|-damage|p1a: Snorlax|89/100\n|-enditem|p1a: Snorlax|Leftovers|[from] move: Knock Off|[of] p2a: Gliscor\n|move|p1a: Snorlax|Curse|p1a: Snorlax\n|-unboost|p1a: Snorlax|spe|1\n|-boost|p1a: Snorlax|atk|1\n|-boost|p1a: Snorlax|def|1\n|\n|upkeep\n|turn|13\n|inactive|bengalitoh has 120 seconds left.\n|\n|t:|1783811328\n|switch|p2a: Mienshao|Mienshao, F, shiny|100/100\n|move|p1a: Snorlax|Body Slam|p2a: Mienshao\n|-damage|p2a: Mienshao|0 fnt\n|faint|p2a: Mienshao\n|\n|upkeep\n|\n|t:|1783811335\n|switch|p2a: Rotom|Rotom-Wash|52/100\n|turn|14\n|\n|t:|1783811338\n|move|p2a: Rotom|Pain Split|p1a: Snorlax\n|-sethp|p1a: Snorlax|60/100|[from] move: Pain Split|[silent]\n|-sethp|p2a: Rotom|100/100|[from] move: Pain Split\n|move|p1a: Snorlax|Body Slam|p2a: Rotom\n|-damage|p2a: Rotom|46/100\n|\n|-heal|p2a: Rotom|52/100|[from] item: Leftovers\n|upkeep\n|turn|15\n|\n|t:|1783811345\n|move|p2a: Rotom|Pain Split|p1a: Snorlax\n|-sethp|p1a: Snorlax|45/100|[from] move: Pain Split|[silent]\n|-sethp|p2a: Rotom|77/100|[from] move: Pain Split\n|move|p1a: Snorlax|Body Slam|p2a: Rotom\n|-damage|p2a: Rotom|26/100\n|\n|-heal|p2a: Rotom|33/100|[from] item: Leftovers\n|upkeep\n|turn|16\n|inactive|bengalitoh has 120 seconds left.\n|\n|t:|1783811354\n|move|p2a: Rotom|Pain Split|p1a: Snorlax\n|-sethp|p1a: Snorlax|32/100|[from] move: Pain Split|[silent]\n|-sethp|p2a: Rotom|55/100|[from] move: Pain Split\n|move|p1a: Snorlax|Curse|p1a: Snorlax\n|-unboost|p1a: Snorlax|spe|1\n|-boost|p1a: Snorlax|atk|1\n|-boost|p1a: Snorlax|def|1\n|\n|-heal|p2a: Rotom|61/100|[from] item: Leftovers\n|upkeep\n|turn|17\n|\n|t:|1783811359\n|move|p2a: Rotom|Will-O-Wisp|p1a: Snorlax\n|-status|p1a: Snorlax|brn\n|move|p1a: Snorlax|Rest|p1a: Snorlax\n|-status|p1a: Snorlax|slp|[from] move: Rest\n|-heal|p1a: Snorlax|100/100 slp|[silent]\n|\n|-heal|p2a: Rotom|67/100|[from] item: Leftovers\n|upkeep\n|turn|18\n|\n|t:|1783811364\n|move|p2a: Rotom|Pain Split|p1a: Snorlax\n|-sethp|p1a: Snorlax|70/100 slp|[from] move: Pain Split|[silent]\n|-sethp|p2a: Rotom|100/100|[from] move: Pain Split\n|cant|p1a: Snorlax|slp\n|\n|upkeep\n|turn|19\n|\n|t:|1783811373\n|move|p2a: Rotom|Hydro Pump|p1a: Snorlax\n|-damage|p1a: Snorlax|49/100 slp\n|cant|p1a: Snorlax|slp\n|\n|upkeep\n|turn|20\n|\n|t:|1783811376\n|move|p2a: Rotom|Hydro Pump|p1a: Snorlax|[miss]\n|-miss|p2a: Rotom|p1a: Snorlax\n|-curestatus|p1a: Snorlax|slp|[msg]\n|move|p1a: Snorlax|Curse|p1a: Snorlax\n|-unboost|p1a: Snorlax|spe|1\n|-boost|p1a: Snorlax|atk|1\n|-boost|p1a: Snorlax|def|1\n|\n|upkeep\n|turn|21\n|\n|t:|1783811380\n|move|p2a: Rotom|Will-O-Wisp|p1a: Snorlax\n|-status|p1a: Snorlax|brn\n|move|p1a: Snorlax|Curse|p1a: Snorlax\n|-unboost|p1a: Snorlax|spe|1\n|-boost|p1a: Snorlax|atk|1\n|-boost|p1a: Snorlax|def|1\n|\n|-damage|p1a: Snorlax|43/100 brn|[from] brn\n|upkeep\n|turn|22\n|\n|t:|1783811386\n|move|p2a: Rotom|Hydro Pump|p1a: Snorlax\n|-damage|p1a: Snorlax|24/100 brn\n|move|p1a: Snorlax|Rest|p1a: Snorlax\n|-status|p1a: Snorlax|slp|[from] move: Rest\n|-heal|p1a: Snorlax|100/100 slp|[silent]\n|\n|upkeep\n|turn|23\n|\n|t:|1783811402\n|move|p2a: Rotom|Volt Switch|p1a: Snorlax\n|-damage|p1a: Snorlax|89/100 slp\n|\n|t:|1783811404\n|switch|p2a: Tyranitar|Tyranitar, M|100/100|[from] Volt Switch\n|-weather|Sandstorm|[from] ability: Sand Stream|[of] p2a: Tyranitar\n|cant|p1a: Snorlax|slp\n|\n|-weather|Sandstorm|[upkeep]\n|-damage|p1a: Snorlax|83/100 slp|[from] Sandstorm\n|upkeep\n|turn|24\n|\n|t:|1783811406\n|move|p2a: Tyranitar|Low Kick|p1a: Snorlax\n|-supereffective|p1a: Snorlax\n|-damage|p1a: Snorlax|52/100 slp\n|cant|p1a: Snorlax|slp\n|\n|-weather|Sandstorm|[upkeep]\n|-damage|p1a: Snorlax|46/100 slp|[from] Sandstorm\n|upkeep\n|turn|25\n|\n|t:|1783811410\n|move|p2a: Tyranitar|Low Kick|p1a: Snorlax\n|-supereffective|p1a: Snorlax\n|-damage|p1a: Snorlax|16/100 slp\n|-curestatus|p1a: Snorlax|slp|[msg]\n|move|p1a: Snorlax|Earthquake|p2a: Tyranitar\n|-supereffective|p2a: Tyranitar\n|-damage|p2a: Tyranitar|0 fnt\n|faint|p2a: Tyranitar\n|\n|-weather|Sandstorm|[upkeep]\n|-damage|p1a: Snorlax|9/100|[from] Sandstorm\n|upkeep\n|\n|t:|1783811417\n|switch|p2a: Scizor|Scizor, M|100/100\n|turn|26\n|\n|t:|1783811430\n|move|p2a: Scizor|Bullet Punch|p1a: Snorlax\n|-damage|p1a: Snorlax|0 fnt\n|faint|p1a: Snorlax\n|-damage|p2a: Scizor|91/100|[from] item: Life Orb\n|\n|-weather|Sandstorm|[upkeep]\n|upkeep\n|\n|t:|1783811438\n|switch|p1a: Glimmora|Glimmora, F|100/100\n|-damage|p1a: Glimmora|88/100|[from] Stealth Rock\n|turn|27\n|\n|t:|1783811451\n|move|p2a: Scizor|Close Combat|p1a: Glimmora\n|-damage|p1a: Glimmora|36/100\n|-unboost|p2a: Scizor|def|1\n|-unboost|p2a: Scizor|spd|1\n|-activate|p1a: Glimmora|ability: Toxic Debris\n|-sidestart|p2: bengalitoh|move: Toxic Spikes\n|-damage|p2a: Scizor|81/100|[from] item: Life Orb\n|move|p1a: Glimmora|Light Screen|p1a: Glimmora\n|-sidestart|p1: Josefe007|move: Light Screen\n|\n|-weather|none\n|upkeep\n|turn|28\n|\n|t:|1783811463\n|move|p2a: Scizor|Bullet Punch|p1a: Glimmora\n|-supereffective|p1a: Glimmora\n|-damage|p1a: Glimmora|0 fnt\n|-activate|p1a: Glimmora|ability: Toxic Debris\n|-sidestart|p2: bengalitoh|move: Toxic Spikes\n|faint|p1a: Glimmora\n|-damage|p2a: Scizor|71/100|[from] item: Life Orb\n|\n|upkeep\n|\n|t:|1783811467\n|switch|p1a: Kingdra|Kingdra, M|100/100\n|-damage|p1a: Kingdra|88/100|[from] Stealth Rock\n|turn|29\n|\n|t:|1783811493\n|switch|p2a: Rotom|Rotom-Wash|100/100\n|move|p1a: Kingdra|Agility|p1a: Kingdra\n|-boost|p1a: Kingdra|spe|2\n|\n|upkeep\n|turn|30\n|inactive|bengalitoh has 120 seconds left.\n|\n|t:|1783811533\n|move|p1a: Kingdra|Focus Energy|p1a: Kingdra\n|-start|p1a: Kingdra|move: Focus Energy\n|move|p2a: Rotom|Volt Switch|p1a: Kingdra\n|-damage|p1a: Kingdra|75/100\n|\n|t:|1783811539\n|switch|p2a: Gliscor|Gliscor, M, shiny|100/100 tox|[from] Volt Switch\n|\n|upkeep\n|turn|31\n|\n|t:|1783811545\n|-terastallize|p2a: Gliscor|Water\n|move|p1a: Kingdra|Surf|p2a: Gliscor\n|-resisted|p2a: Gliscor\n|-crit|p2a: Gliscor\n|-damage|p2a: Gliscor|53/100 tox\n|move|p2a: Gliscor|Toxic|p1a: Kingdra|[miss]\n|-miss|p2a: Gliscor|p1a: Kingdra\n|\n|-heal|p2a: Gliscor|65/100 tox|[from] ability: Poison Heal\n|upkeep\n|turn|32\n|\n|t:|1783811551\n|move|p1a: Kingdra|Draco Meteor|p2a: Gliscor\n|-crit|p2a: Gliscor\n|-damage|p2a: Gliscor|0 fnt\n|-unboost|p1a: Kingdra|spa|2\n|faint|p2a: Gliscor\n|\n|upkeep\n|\n|t:|1783811564\n|switch|p2a: Excadrill|Excadrill, M|100/100\n|-item|p2a: Excadrill|Air Balloon\n|turn|33\n|\n|t:|1783811579\n|move|p1a: Kingdra|Surf|p2a: Excadrill\n|-supereffective|p2a: Excadrill\n|-crit|p2a: Excadrill\n|-damage|p2a: Excadrill|0 fnt\n|-enditem|p2a: Excadrill|Air Balloon\n|faint|p2a: Excadrill\n|\n|upkeep\n|\n|t:|1783811584\n|switch|p2a: Scizor|Scizor, M|71/100\n|turn|34\n|\n|t:|1783811590\n|move|p1a: Kingdra|Surf|p2a: Scizor\n|-crit|p2a: Scizor\n|-damage|p2a: Scizor|0 fnt\n|faint|p2a: Scizor\n|\n|-sideend|p1: Josefe007|move: Light Screen\n|upkeep\n|\n|t:|1783811593\n|switch|p2a: Rotom|Rotom-Wash|100/100\n|turn|35\n|\n|t:|1783811596\n|move|p1a: Kingdra|Draco Meteor|p2a: Rotom\n|-crit|p2a: Rotom\n|-damage|p2a: Rotom|0 fnt\n|-unboost|p1a: Kingdra|spa|2\n|faint|p2a: Rotom\n|\n|win|Josefe007\n|raw|Josefe007's rating: 1232 &rarr; <strong>1252</strong><br />(+20 for winning)\n|raw|bengalitoh's rating: 1159 &rarr; <strong>1139</strong><br />(-20 for losing)\n|l|☆bengalitoh\n|player|p2|\n|l|☆Josefe007\n|player|p1|\n", "uploadtime": 1783811866, "views": 3, "formatid": "gen9ou", "rating": 1139, "private": 0, "password": null}